|j|☆Welwitchia
|j|☆megachamp100
|html|Welwitchiamegachamp100    
|uhtml|bestof|Game 1 of a best-of-3
|t:|1784205364
|gametype|doubles
|player|p1|Welwitchia|pokemonbreeder-gen4|1009
|player|p2|megachamp100|marshal|1116
|gen|9
|tier|[Gen 9 Champions] VGC 2026 Reg M-B (Bo3)
|rated|
|rule|Species Clause: Limit one of each Pokémon
|rule|Item Clause: Limit 1 of each item
|clearpoke
|poke|p1|Greninja, L50, M|
|poke|p1|Aromatisse, L50, F, shiny|
|poke|p1|Slowking-Galar, L50, M|
|poke|p1|Scovillain, L50, F, shiny|
|poke|p1|Runerigus, L50, M|
|poke|p1|Corviknight, L50, F, shiny|
|poke|p2|Froslass, L50, F, shiny|
|poke|p2|Diggersby, L50, M|
|poke|p2|Aerodactyl, L50, M, shiny|
|poke|p2|Kingambit, L50, M, shiny|
|poke|p2|Primarina, L50, F, shiny|
|poke|p2|Infernape, L50, M, shiny|
|teampreview|4
|showteam|p1|Greninja||Greninjite|Protean|IceBeam,ToxicSpikes,WaterShuriken,MudSlap|Timid||M|||50|]Aromatisse||LightClay|AromaVeil|Encore,DazzlingGleam,Reflect,LightScreen|Calm||F|||50|]Slowking-Galar||Leftovers|CuriousMedicine|SkillSwap,EerieSpell,TrickRoom,Avalanche|Quiet||M|||50|]Scovillain||Scovillainite|Moody|Protect,RagePowder,TemperFlare,GigaDrain|Sassy||F|||50|]Runerigus||ColburBerry|WanderingSpirit|IronDefense,BodyPress,DestinyBond,SandTomb|Careful||M|||50|]Corviknight||SharpBeak|Pressure|Protect,Spite,AerialAce,Roost|Impish||F|||50|
|showteam|p2|Froslass||Froslassite|SnowCloak|Blizzard,AuroraVeil,Protect,ShadowBall|Timid||F|||50|]Diggersby||ChoiceScarf|HugePower|IcePunch,Earthquake,FirePunch,GunkShot|Adamant||M|||50|]Aerodactyl||Aerodactylite|RockHead|Tailwind,RockSlide,WideGuard,Protect|Jolly||M|||50|]Kingambit||BlackGlasses|SupremeOverlord|SwordsDance,SuckerPunch,KowtowCleave,IronHead|Adamant||M|||50|]Primarina||LifeOrb|LiquidVoice|Blizzard,HyperVoice,Moonblast,Protect|Modest||F|||50|]Infernape||SitrusBerry|Blaze|FakeOut,CloseCombat,Protect,FlareBlitz|Jolly||M|||50|
|
|t:|1784205416
|teamsize|p1|4
|teamsize|p2|4
|start
|switch|p1a: Aromatisse|Aromatisse, L50, F, shiny|100/100
|switch|p1b: Runerigus|Runerigus, L50, M|100/100
|switch|p2a: Aerodactyl|Aerodactyl, L50, M, shiny|100/100
|switch|p2b: Infernape|Infernape, L50, M, shiny|100/100
|turn|1
|
|t:|1784205433
|detailschange|p2a: Aerodactyl|Aerodactyl-Mega, L50, M, shiny
|-mega|p2a: Aerodactyl|Aerodactyl|Aerodactylite
|move|p2b: Infernape|Fake Out|p1a: Aromatisse
|-damage|p1a: Aromatisse|86/100
|move|p2a: Aerodactyl|Rock Slide|p1a: Aromatisse|[spread] p1a,p1b
|-resisted|p1b: Runerigus|1
|-damage|p1a: Aromatisse|50/100g
|-damage|p1b: Runerigus|87/100
|move|p1b: Runerigus|Iron Defense|p1b: Runerigus
|-boost|p1b: Runerigus|def|2
|cant|p1a: Aromatisse|flinch
|
|upkeep
|turn|2
|
|t:|1784205451
|move|p2a: Aerodactyl|Rock Slide|p1b: Runerigus|[spread] p1a,p1b
|-resisted|p1b: Runerigus|1
|-damage|p1a: Aromatisse|16/100
|-damage|p1b: Runerigus|81/100
|move|p2b: Infernape|Flare Blitz|p1b: Runerigus
|-damage|p1b: Runerigus|59/100
|-status|p1b: Runerigus|brn
|-activate|p2b: Infernape|Skill Swap|Wandering Spirit|Blaze|[of] p1b: Runerigus
|-damage|p2b: Infernape|92/100|[from] Recoil
|cant|p1b: Runerigus|flinch
|cant|p1a: Aromatisse|flinch
|
|-damage|p1b: Runerigus|53/100 brn|[from] brn
|upkeep
|turn|3
|
|t:|1784205475
|move|p2a: Aerodactyl|Rock Slide|p1a: Aromatisse|[spread] p1a,p1b
|-resisted|p1b: Runerigus|1
|-damage|p1a: Aromatisse|0 fnt
|-damage|p1b: Runerigus|47/100 brn
|faint|p1a: Aromatisse
|move|p2b: Infernape|Flare Blitz|p1b: Runerigus
|-damage|p1b: Runerigus|27/100 brn
|-damage|p2b: Infernape|84/100|[from] Recoil
|cant|p1b: Runerigus|flinch
|
|-damage|p1b: Runerigus|21/100 brn|[from] brn
|upkeep
|
|t:|1784205489
|switch|p1a: Corviknight|Corviknight, L50, F, shiny|100/100
|-ability|p1a: Corviknight|Pressure
|turn|4
|
|t:|1784205505
|move|p1a: Corviknight|Protect|p1a: Corviknight
|-singleturn|p1a: Corviknight|Protect
|move|p2a: Aerodactyl|Rock Slide|p1b: Runerigus|[spread] p1b
|-activate|p1a: Corviknight|move: Protect
|-resisted|p1b: Runerigus|1
|-damage|p1b: Runerigus|15/100 brn
|move|p2b: Infernape|Flare Blitz|p1a: Corviknight
|-activate|p1a: Corviknight|move: Protect
|move|p1b: Runerigus|Destiny Bond|p1b: Runerigus
|-singlemove|p1b: Runerigus|Destiny Bond
|
|-damage|p1b: Runerigus|9/100 brn|[from] brn
|upkeep
|turn|5
|
|t:|1784205551
|move|p2a: Aerodactyl|Tailwind|p2a: Aerodactyl
|-sidestart|p2: megachamp100|move: Tailwind
|move|p2b: Infernape|Flare Blitz|p1a: Corviknight
|-supereffective|p1a: Corviknight|1
|-damage|p1a: Corviknight|35/100
|-damage|p2b: Infernape|55/100|[from] Recoil
|move|p1a: Corviknight|Spite|p2a: Aerodactyl
|-activate|p2a: Aerodactyl|move: Spite|Tailwind|4
|move|p1b: Runerigus|Body Press|p2a: Aerodactyl
|-damage|p2a: Aerodactyl|64/100
|
|-damage|p1b: Runerigus|3/100 brn|[from] brn
|upkeep
|turn|6
|
|t:|1784205568
|move|p2a: Aerodactyl|Protect|p2a: Aerodactyl
|-singleturn|p2a: Aerodactyl|Protect
|move|p1a: Corviknight|Protect|p1a: Corviknight
|-singleturn|p1a: Corviknight|Protect
|move|p2b: Infernape|Flare Blitz|p1a: Corviknight
|-activate|p1a: Corviknight|move: Protect
|move|p1b: Runerigus|Destiny Bond|p1b: Runerigus
|-singlemove|p1b: Runerigus|Destiny Bond
|
|-damage|p1b: Runerigus|0 fnt|[from] brn
|faint|p1b: Runerigus
|upkeep
|
|t:|1784205581
|switch|p1b: Scovillain|Scovillain, L50, F, shiny|100/100
|turn|7
|
|t:|1784205592
|move|p1b: Scovillain|Protect|p1b: Scovillain
|-singleturn|p1b: Scovillain|Protect
|move|p2a: Aerodactyl|Rock Slide|p1a: Corviknight|[spread] p1a
|-activate|p1b: Scovillain|move: Protect
|-damage|p1a: Corviknight|16/100
|move|p2b: Infernape|Flare Blitz|p1a: Corviknight
|-supereffective|p1a: Corviknight|1
|-damage|p1a: Corviknight|0 fnt
|faint|p1a: Corviknight
|-damage|p2b: Infernape|48/100|[from] Recoil
|-enditem|p2b: Infernape|Sitrus Berry|[eat]
|-heal|p2b: Infernape|72/100|[from] item: Sitrus Berry
|
|-ability|p1b: Scovillain|Moody|boost
|-boost|p1b: Scovillain|spe|2
|-unboost|p1b: Scovillain|spd|1
|upkeep
|turn|8
|
|t:|1784205634
|switch|p2b: Diggersby|Diggersby, L50, M|100/100
|detailschange|p1b: Scovillain|Scovillain-Mega, L50, F, shiny
|-mega|p1b: Scovillain|Scovillain|Scovillainite
|move|p2a: Aerodactyl|Rock Slide|p1b: Scovillain|[miss]
|-miss|p2a: Aerodactyl|p1b: Scovillain
|move|p1b: Scovillain|Giga Drain|p2a: Aerodactyl
|-damage|p2a: Aerodactyl|21/100
|
|-sideend|p2: megachamp100|move: Tailwind
|upkeep
|turn|9
|
|t:|1784205654
|move|p2a: Aerodactyl|Rock Slide|p1b: Scovillain
|-supereffective|p1b: Scovillain|1
|-damage|p1b: Scovillain|0 fnt
|-status|p2a: Aerodactyl|brn|[from] ability: Spicy Spray|[of] p1b: Scovillain
|faint|p1b: Scovillain
|
|win|megachamp100
