|j|☆sogreenitslime
|j|☆Goonsuke Sama
|html|sogreenitslimeGoonsuke Sama    
|uhtml|bestof|Game 1 of a best-of-3
|t:|1783139423
|gametype|doubles
|player|p1|sogreenitslime|pokemaniac|1119
|player|p2|Goonsuke Sama|cameraman|1114
|gen|9
|tier|[Gen 9 Champions] VGC 2026 Reg M-B (Bo3)
|rated|
|rule|Species Clause: Limit one of each Pokémon
|rule|Item Clause: Limit 1 of each item
|clearpoke
|poke|p1|Aerodactyl, L50, F|
|poke|p1|Rotom-Wash, L50|
|poke|p1|Sceptile, L50, M|
|poke|p1|Kingambit, L50, M|
|poke|p1|Ninetales-Alola, L50, M|
|poke|p1|Incineroar, L50, M|
|poke|p2|Altaria, L50, M|
|poke|p2|Emboar, L50, F|
|poke|p2|Mimikyu, L50, F|
|poke|p2|Snorlax, L50, M|
|poke|p2|Scrafty, L50, M|
|poke|p2|Salazzle, L50, F|
|teampreview|4
|showteam|p1|Aerodactyl||Aerodactylite|Unnerve|Tailwind,RockSlide,DualWingbeat,Protect|Jolly||F|||50|]Rotom-Wash||ChoiceScarf|Levitate|VoltSwitch,Discharge,Electroweb,HydroPump|Timid|||||50|]Sceptile||Sceptilite|Overgrow|EnergyBall,EarthPower,DragonPulse,Protect|Timid||M|||50|]Kingambit||ChopleBerry|Defiant|KowtowCleave,SuckerPunch,IronHead,Protect|Adamant||M|||50|]Ninetales-Alola||NeverMeltIce|SnowWarning|Blizzard,AuroraVeil,Protect,Moonblast|Bold||M|||50|]Incineroar||SitrusBerry|Intimidate|WillOWisp,FlareBlitz,PartingShot,FakeOut|Careful||M|||50|
|showteam|p2|Altaria||WideLens|CloudNine|DragonRush,CottonGuard,DualWingbeat,DragonDance|Careful||M|||50|]Emboar||Emboarite|Blaze|HeatCrash,StormThrow,HighHorsepower,Protect|Brave||F|||50|]Mimikyu||WhiteHerb|Disguise|PsychUp,DrainPunch,TrickRoom,PhantomForce|Careful||F|||50|]Snorlax||Leftovers|ThickFat|Stockpile,Protect,Facade,IcePunch|Sassy||M|||50|]Scrafty||ExpertBelt|Intimidate|FakeOut,Coaching,KnockOff,DrainPunch|Serious||M|||50|]Salazzle||FocusSash|Corrosion|Toxic,FireLash,FakeOut,WillOWisp|Jolly||F|||50|
|inactive|Battle timer is ON: inactive players will automatically lose when time's up. (requested by Goonsuke Sama)
|inactive|sogreenitslime has 60 seconds left.
|inactive|Goonsuke Sama has 60 seconds left.
|
|t:|1783139466
|teamsize|p1|4
|teamsize|p2|4
|start
|switch|p1a: Aerodactyl|Aerodactyl, L50, F|100/100
|switch|p1b: Rotom|Rotom-Wash, L50|100/100
|switch|p2a: Scrafty|Scrafty, L50, M|100/100
|switch|p2b: Salazzle|Salazzle, L50, F|100/100
|-ability|p1a: Aerodactyl|Unnerve
|-ability|p2a: Scrafty|Intimidate|boost
|-unboost|p1a: Aerodactyl|atk|1
|-unboost|p1b: Rotom|atk|1
|turn|1
|
|t:|1783139486
|detailschange|p1a: Aerodactyl|Aerodactyl-Mega, L50, F
|-mega|p1a: Aerodactyl|Aerodactyl|Aerodactylite
|move|p2a: Scrafty|Fake Out|p1b: Rotom
|-damage|p1b: Rotom|86/100
|cant|p1b: Rotom|flinch
|move|p1a: Aerodactyl|Rock Slide|p2a: Scrafty|[spread] p2a,p2b
|-resisted|p2a: Scrafty|1
|-supereffective|p2b: Salazzle|1
|-damage|p2a: Scrafty|90/100
|-damage|p2b: Salazzle|20/100y
|cant|p2b: Salazzle|flinch
|
|upkeep
|turn|2
|
|t:|1783139510
|switch|p2a: Snorlax|Snorlax, L50, M|100/100
|move|p1b: Rotom|Volt Switch|p2b: Salazzle
|-damage|p2b: Salazzle|0 fnt
|faint|p2b: Salazzle
|
|t:|1783139517
|switch|p1b: Incineroar|Incineroar, L50, M|100/100|[from] Volt Switch
|-ability|p1b: Incineroar|Intimidate|boost
|-unboost|p2a: Snorlax|atk|1
|move|p1a: Aerodactyl|Dual Wingbeat|p2a: Snorlax
|-damage|p2a: Snorlax|85/100
|-damage|p2a: Snorlax|69/100
|-hitcount|p2a: Snorlax|2
|
|-heal|p2a: Snorlax|76/100|[from] item: Leftovers
|upkeep
|
|t:|1783139520
|switch|p2b: Emboar|Emboar, L50, F|100/100
|turn|3
|
|t:|1783139535
|switch|p2a: Scrafty|Scrafty, L50, M|90/100
|-ability|p2a: Scrafty|Intimidate|boost
|-unboost|p1a: Aerodactyl|atk|1
|-unboost|p1b: Incineroar|atk|1
|move|p2b: Emboar|Protect|p2b: Emboar
|-singleturn|p2b: Emboar|Protect
|move|p1b: Incineroar|Fake Out|p2b: Emboar
|-activate|p2b: Emboar|move: Protect
|move|p1a: Aerodactyl|Rock Slide|p2b: Emboar|[spread] p2a
|-activate|p2b: Emboar|move: Protect
|-resisted|p2a: Scrafty|1
|-damage|p2a: Scrafty|83/100
|
|upkeep
|turn|4
|
|t:|1783139553
|switch|p1a: Rotom|Rotom-Wash, L50|86/100
|detailschange|p2b: Emboar|Emboar-Mega, L50, F
|-mega|p2b: Emboar|Emboar|Emboarite
|-ability|p2b: Emboar|Mold Breaker
|move|p2a: Scrafty|Fake Out|p1a: Rotom
|-damage|p1a: Rotom|72/100
|move|p2b: Emboar|Storm Throw|p1b: Incineroar
|-supereffective|p1b: Incineroar|1
|-crit|p1b: Incineroar
|-damage|p1b: Incineroar|0 fnt
|faint|p1b: Incineroar
|
|upkeep
|
|t:|1783139568
|switch|p1b: Aerodactyl|Aerodactyl-Mega, L50, F|100/100
|turn|5
|
|t:|1783139577
|switch|p2a: Snorlax|Snorlax, L50, M|76/100
|move|p2b: Emboar|Protect|p2b: Emboar
|-singleturn|p2b: Emboar|Protect
|move|p1a: Rotom|Hydro Pump|p2b: Emboar
|-activate|p2b: Emboar|move: Protect
|move|p1b: Aerodactyl|Dual Wingbeat|p2a: Snorlax
|-damage|p2a: Snorlax|54/100
|-damage|p2a: Snorlax|31/100
|-hitcount|p2a: Snorlax|2
|
|-heal|p2a: Snorlax|37/100|[from] item: Leftovers
|upkeep
|turn|6
|
|t:|1783139593
|switch|p2b: Scrafty|Scrafty, L50, M|83/100
|-ability|p2b: Scrafty|Intimidate|boost
|-unboost|p1a: Rotom|atk|1
|-unboost|p1b: Aerodactyl|atk|1
|move|p1a: Rotom|Hydro Pump|p2b: Scrafty
|-damage|p2b: Scrafty|34/100
|move|p1b: Aerodactyl|Rock Slide|p2a: Snorlax|[spread] p2b
|-miss|p1b: Aerodactyl|p2a: Snorlax
|-resisted|p2b: Scrafty|1
|-damage|p2b: Scrafty|24/100
|move|p2a: Snorlax|Facade|p1a: Rotom
|-damage|p1a: Rotom|32/100
|
|-heal|p2a: Snorlax|43/100|[from] item: Leftovers
|upkeep
|turn|7
|
|t:|1783139615
|move|p2b: Scrafty|Fake Out|p1a: Rotom
|-damage|p1a: Rotom|18/100
|cant|p1a: Rotom|flinch
|move|p1b: Aerodactyl|Rock Slide|p2b: Scrafty|[spread] p2a,p2b
|-resisted|p2b: Scrafty|1
|-damage|p2a: Snorlax|27/100
|-damage|p2b: Scrafty|15/100
|cant|p2a: Snorlax|flinch
|
|-heal|p2a: Snorlax|33/100|[from] item: Leftovers
|upkeep
|turn|8
|
|t:|1783139631
|switch|p2b: Emboar|Emboar-Mega, L50, F|100/100
|-ability|p2b: Emboar|Mold Breaker
|move|p1a: Rotom|Hydro Pump|p2a: Snorlax
|-crit|p2a: Snorlax
|-damage|p2a: Snorlax|0 fnt
|faint|p2a: Snorlax
|move|p1b: Aerodactyl|Dual Wingbeat|p2b: Emboar
|-supereffective|p2b: Emboar|1
|-damage|p2b: Emboar|64/100
|-supereffective|p2b: Emboar|1
|-damage|p2b: Emboar|25/100
|-hitcount|p2b: Emboar|2
|
|upkeep
|
|t:|1783139638
|switch|p2a: Scrafty|Scrafty, L50, M|15/100
|-ability|p2a: Scrafty|Intimidate|boost
|-unboost|p1a: Rotom|atk|1
|-unboost|p1b: Aerodactyl|atk|1
|turn|9
|-message|Goonsuke Sama forfeited.
|
|win|sogreenitslime
|l|☆Goonsuke Sama
|player|p2|
||sogreenitslime is ready for game 2.
||Goonsuke Sama is ready for game 2.
|uhtml|next|Next: Game 2 of 3
