|j|☆homerj71
|j|☆LazyTurtle69
|html|homerj71LazyTurtle69    
|uhtml|bestof|Game 1 of a best-of-3
|t:|1784046157
|gametype|doubles
|player|p1|homerj71|101|1133
|player|p2|LazyTurtle69|buck|1053
|gen|9
|tier|[Gen 9 Champions] VGC 2026 Reg M-B (Bo3)
|rated|
|rule|Species Clause: Limit one of each Pokémon
|rule|Item Clause: Limit 1 of each item
|clearpoke
|poke|p1|Sneasler, L50, M|
|poke|p1|Sinistcha, L50|
|poke|p1|Incineroar, L50, F|
|poke|p1|Kingambit, L50, M|
|poke|p1|Delphox, L50, M|
|poke|p1|Blastoise, L50, M|
|poke|p2|Glimmora, L50, M|
|poke|p2|Toxapex, L50, M|
|poke|p2|Venusaur, L50, M|
|poke|p2|Incineroar, L50, M|
|poke|p2|Sinistcha, L50|
|poke|p2|Rotom-Wash, L50|
|teampreview|4
|showteam|p1|Sneasler||FocusSash|PoisonTouch|QuickGuard,FakeOut,DireClaw,CloseCombat|Jolly||M|||50|]Sinistcha||OccaBerry|Hospitality|Protect,RagePowder,MatchaGotcha,TrickRoom|Relaxed|||||50|]Incineroar||SitrusBerry|Intimidate|FakeOut,FlareBlitz,ThroatChop,PartingShot|Careful||F|||50|]Kingambit||BlackGlasses|Defiant|KowtowCleave,SwordsDance,SuckerPunch,Protect|Adamant||M|||50|]Delphox||Delphoxite|Blaze|Protect,NastyPlot,HeatWave,Psyshock|Timid||M|||50|]Blastoise||Blastoisinite|RainDish|WaterSpout,DarkPulse,ShellSmash,Protect|Modest||M|||50|
|showteam|p2|Glimmora||FocusSash|ToxicDebris|EarthPower,MortalSpin,SpikyShield,Venoshock|Modest||M|||50|]Toxapex||SitrusBerry|Regenerator|BanefulBunker,Toxic,Infestation,WideGuard|Bold||M|||50|]Venusaur||Venusaurite|Chlorophyll|GigaDrain,LeechSeed,Protect,SludgeBomb|Timid||M|||50|]Incineroar||ChopleBerry|Intimidate|FakeOut,PartingShot,FlareBlitz,CloseCombat|Adamant||M|||50|]Sinistcha||Leftovers|Hospitality|MatchaGotcha,RagePowder,Hex,Protect|Bold|||||50|]Rotom-Wash||ChoiceScarf|Levitate|Electroweb,Trick,VoltSwitch,HydroPump|Timid|||||50|
|inactive|Battle timer is ON: inactive players will automatically lose when time's up. (requested by LazyTurtle69)
|inactive|homerj71 also wants the timer to be on.
|inactive|LazyTurtle69 has 60 seconds left.
|
|t:|1784046189
|teamsize|p1|4
|teamsize|p2|4
|start
|switch|p1a: Kingambit|Kingambit, L50, M|100/100
|switch|p1b: Sneasler|Sneasler, L50, M|100/100
|switch|p2a: Toxapex|Toxapex, L50, M|100/100
|switch|p2b: Glimmora|Glimmora, L50, M|100/100
|turn|1
|
|t:|1784046212
|move|p2a: Toxapex|Baneful Bunker|p2a: Toxapex
|-singleturn|p2a: Toxapex|move: Protect
|move|p1b: Sneasler|Fake Out|p2b: Glimmora
|-resisted|p2b: Glimmora|1
|-damage|p2b: Glimmora|91/100
|-activate|p2b: Glimmora|ability: Toxic Debris
|-sidestart|p1: homerj71|move: Toxic Spikes
|cant|p2b: Glimmora|flinch
|move|p1a: Kingambit|Swords Dance|p1a: Kingambit
|-boost|p1a: Kingambit|atk|2
|
|upkeep
|turn|2
|
|t:|1784046232
|switch|p1b: Delphox|Delphox, L50, M|100/100
|-status|p1b: Delphox|psn
|move|p1a: Kingambit|Sucker Punch|p2b: Glimmora
|-damage|p2b: Glimmora|0 fnt
|-activate|p2b: Glimmora|ability: Toxic Debris
|-sidestart|p1: homerj71|move: Toxic Spikes
|faint|p2b: Glimmora
|move|p2a: Toxapex|Infestation|p1a: Kingambit
|-damage|p1a: Kingambit|96/100
|-activate|p1a: Kingambit|move: Infestation|[of] p2a: Toxapex
|
|-damage|p1b: Delphox|87/100 psn|[from] psn
|-damage|p1a: Kingambit|84/100|[from] move: Infestation|[partiallytrapped]
|upkeep
|
|t:|1784046252
|switch|p2b: Rotom|Rotom-Wash, L50|100/100
|turn|3
|
|t:|1784046265
|detailschange|p1b: Delphox|Delphox-Mega, L50, M
|-mega|p1b: Delphox|Delphox|Delphoxite
|move|p1b: Delphox|Protect|p1b: Delphox
|-singleturn|p1b: Delphox|Protect
|move|p2b: Rotom|Trick|p1a: Kingambit
|-activate|p2b: Rotom|move: Trick|[of] p1a: Kingambit
|-item|p1a: Kingambit|Choice Scarf|[from] move: Trick
|-item|p2b: Rotom|Black Glasses|[from] move: Trick
|move|p1a: Kingambit|Kowtow Cleave|p2b: Rotom
|-damage|p2b: Rotom|0 fnt
|faint|p2b: Rotom
|move|p2a: Toxapex|Infestation|p1b: Delphox
|-activate|p1b: Delphox|move: Protect
|
|-damage|p1b: Delphox|75/100 psn|[from] psn
|-damage|p1a: Kingambit|72/100|[from] move: Infestation|[partiallytrapped]
|upkeep
|
|t:|1784046281
|switch|p2b: Venusaur|Venusaur, L50, M|100/100
|turn|4
|
|t:|1784046293
|detailschange|p2b: Venusaur|Venusaur-Mega, L50, M
|-mega|p2b: Venusaur|Venusaur|Venusaurite
|move|p2a: Toxapex|Wide Guard|p2a: Toxapex
|-singleturn|p2a: Toxapex|Wide Guard
|move|p1b: Delphox|Psyshock|p2b: Venusaur
|-supereffective|p2b: Venusaur|1
|-damage|p2b: Venusaur|21/100
|move|p2b: Venusaur|Leech Seed|p1a: Kingambit
|-start|p1a: Kingambit|move: Leech Seed
|move|p1a: Kingambit|Kowtow Cleave|p2a: Toxapex
|-damage|p2a: Toxapex|36/100
|-enditem|p2a: Toxapex|Sitrus Berry|[eat]
|-heal|p2a: Toxapex|61/100|[from] item: Sitrus Berry
|
|-damage|p1a: Kingambit|60/100|[from] Leech Seed|[of] p2b: Venusaur
|-heal|p2b: Venusaur|35/100|[silent]
|-damage|p1b: Delphox|62/100 psn|[from] psn
|-damage|p1a: Kingambit|48/100|[from] move: Infestation|[partiallytrapped]
|upkeep
|turn|5
|
|t:|1784046315
|move|p2b: Venusaur|Protect|p2b: Venusaur
|-singleturn|p2b: Venusaur|Protect
|move|p2a: Toxapex|Baneful Bunker||[still]
|-fail|p2a: Toxapex
|move|p1b: Delphox|Psyshock|p2a: Toxapex
|-supereffective|p2a: Toxapex|1
|-damage|p2a: Toxapex|7/100
|move|p1a: Kingambit|Kowtow Cleave|p2b: Venusaur
|-activate|p2b: Venusaur|move: Protect
|
|-damage|p1a: Kingambit|36/100|[from] Leech Seed|[of] p2b: Venusaur
|-heal|p2b: Venusaur|48/100|[silent]
|-damage|p1b: Delphox|50/100g psn|[from] psn
|-damage|p1a: Kingambit|24/100|[from] move: Infestation|[partiallytrapped]
|upkeep
|turn|6
|
|t:|1784046338
|move|p2a: Toxapex|Baneful Bunker|p2a: Toxapex
|-singleturn|p2a: Toxapex|move: Protect
|move|p1b: Delphox|Psyshock|p2b: Venusaur
|-supereffective|p2b: Venusaur|1
|-damage|p2b: Venusaur|0 fnt
|faint|p2b: Venusaur
|move|p1a: Kingambit|Kowtow Cleave|p2a: Toxapex
|-activate|p2a: Toxapex|move: Protect
|
|-damage|p1b: Delphox|37/100 psn|[from] psn
|-damage|p1a: Kingambit|12/100|[from] move: Infestation|[partiallytrapped]
|upkeep
|turn|7
|-message|LazyTurtle69 forfeited.
|raw|homerj71's rating: 1133 → 1152(+19 for winning)
|raw|LazyTurtle69's rating: 1053 → 1039(-14 for losing)
|
|win|homerj71
