|j|☆tedidn
|j|☆atrixmj
|html|tedidnatrixmj    
|uhtml|bestof|Game 1 of a best-of-3
|t:|1757076284
|gametype|doubles
|player|p1|tedidn|marshal|1315
|player|p2|atrixmj|miku-fire|1354
|gen|9
|tier|[Gen 9] VGC 2025 Reg H (Bo3)
|rated|
|rule|Species Clause: Limit one of each Pokémon
|rule|Item Clause: Limit 1 of each item
|clearpoke
|poke|p1|Dragonite, L50, F|
|poke|p1|Ursaluna-Bloodmoon, L50, M|
|poke|p1|Gholdengo, L50|
|poke|p1|Volcarona, L50, M|
|poke|p1|Smeargle, L50, M|
|poke|p1|Whimsicott, L50, F|
|poke|p2|Sneasler, L50, M|
|poke|p2|Indeedee-F, L50, F|
|poke|p2|Incineroar, L50, M|
|poke|p2|Whimsicott, L50, F|
|poke|p2|Pelipper, L50, F|
|poke|p2|Archaludon, L50, F|
|teampreview|4
|showteam|p1|Dragonite||LoadedDice|Multiscale|ScaleShot,ExtremeSpeed,Haze,Protect|||F|||50|,,,,,Fairy]Ursaluna-Bloodmoon||AssaultVest|MindsEye|BloodMoon,HyperVoice,EarthPower,VacuumWave|||M|||50|,,,,,Water]Gholdengo||ChoiceSpecs|GoodasGold|MakeItRain,ShadowBall,PowerGem,Trick||||||50|,,,,,Steel]Volcarona||LifeOrb|FlameBody|HeatWave,BugBuzz,TeraBlast,Protect|||M|||50|,,,,,Fairy]Smeargle||FocusSash|Moody|FakeOut,FollowMe,Decorate,Spore|||M|||50|,,,,,Ghost]Whimsicott||CovertCloak|Prankster|Moonblast,Tailwind,Encore,FakeTears|||F|||50|,,,,,Water
|showteam|p2|Sneasler||PsychicSeed|Unburden|DireClaw,ThroatChop,CloseCombat,Protect|||M|||50|,,,,,Dark]Indeedee-F||SitrusBerry|PsychicSurge|Psychic,HelpingHand,FollowMe,TrickRoom|||F|||50|,,,,,Fairy]Incineroar||AssaultVest|Intimidate|FlareBlitz,KnockOff,Uturn,FakeOut|||M|||50|,,,,,Ghost]Whimsicott||CovertCloak|Prankster|Moonblast,Tailwind,Encore,LightScreen|||F|||50|,,,,,Dark]Pelipper||FocusSash|Drizzle|WeatherBall,Hurricane,WideGuard,Protect|||F|||50|,,,,,Stellar]Archaludon||PowerHerb|Stalwart|ElectroShot,DragonPulse,FlashCannon,Protect|||F|||50|,,,,,Electric
|inactive|Battle timer is ON: inactive players will automatically lose when time's up. (requested by tedidn)
|inactive|tedidn has 60 seconds left.
|inactive|atrixmj has 60 seconds left.
|inactive|atrixmj has 30 seconds left.
|inactive|atrixmj has 20 seconds left.
|inactive|atrixmj has 15 seconds left.
|
|t:|1757076362
|teamsize|p1|4
|teamsize|p2|4
|start
|switch|p1a: Andy|Smeargle, L50, M|100/100
|switch|p1b: Douglass|Dragonite, L50, F|100/100
|switch|p2a: Whimsicott|Whimsicott, L50, F|100/100
|switch|p2b: Archaludon|Archaludon, L50, F|100/100
|turn|1
|
|t:|1757076382
|-terastallize|p1b: Douglass|Fairy
|move|p2a: Whimsicott|Moonblast|p1a: Andy
|-enditem|p1a: Andy|Focus Sash
|-damage|p1a: Andy|1/100
|move|p2b: Archaludon|Dragon Pulse|p1a: Andy
|-damage|p1a: Andy|0 fnt
|faint|p1a: Andy
|move|p1b: Douglass|Scale Shot|p2b: Archaludon
|-damage|p2b: Archaludon|87/100
|-damage|p2b: Archaludon|74/100
|-damage|p2b: Archaludon|60/100
|-damage|p2b: Archaludon|49/100
|-damage|p2b: Archaludon|36/100
|-hitcount|p2b: Archaludon|5
|-unboost|p1b: Douglass|def|1
|-boost|p1b: Douglass|spe|1
|
|upkeep
|
|t:|1757076390
|switch|p1a: Frederico|Whimsicott, L50, F|100/100
|turn|2
|inactive|atrixmj has 30 seconds left.
|inactive|atrixmj has 20 seconds left.
|inactive|atrixmj has 15 seconds left.
|inactive|atrixmj has 10 seconds left.
|
|t:|1757076436
|switch|p2b: Indeedee|Indeedee-F, L50, F|100/100
|-fieldstart|move: Psychic Terrain|[from] ability: Psychic Surge|[of] p2b: Indeedee
|move|p1a: Frederico|Tailwind|p1a: Frederico
|-sidestart|p1: tedidn|move: Tailwind
|move|p2a: Whimsicott|Encore|p1b: Douglass
|-activate|p1b: Douglass|move: Psychic Terrain
|move|p1b: Douglass|Scale Shot|p2b: Indeedee
|-damage|p2b: Indeedee|87/100
|-damage|p2b: Indeedee|73/100
|-crit|p2b: Indeedee
|-damage|p2b: Indeedee|51/100
|-damage|p2b: Indeedee|38/100
|-enditem|p2b: Indeedee|Sitrus Berry|[eat]
|-heal|p2b: Indeedee|63/100|[from] item: Sitrus Berry
|-hitcount|p2b: Indeedee|4
|-unboost|p1b: Douglass|def|1
|-boost|p1b: Douglass|spe|1
|
|upkeep
|turn|3
|inactive|atrixmj has 30 seconds left.
|
|t:|1757076466
|-terastallize|p2b: Indeedee|Fairy
|move|p2a: Whimsicott|Light Screen|p2a: Whimsicott
|-sidestart|p2: atrixmj|move: Light Screen
|move|p1b: Douglass|Scale Shot|p2b: Indeedee
|-immune|p2b: Indeedee
|move|p1a: Frederico|Moonblast|p2b: Indeedee
|-damage|p2b: Indeedee|43/100
|-unboost|p2b: Indeedee|spa|1
|move|p2b: Indeedee|Psychic|p1b: Douglass
|-damage|p1b: Douglass|86/100
|
|upkeep
|turn|4
|
|t:|1757076486
|switch|p1b: Freddy|Ursaluna-Bloodmoon, L50, M|100/100
|move|p1a: Frederico|Moonblast|p2b: Indeedee
|-damage|p2b: Indeedee|27/100
|-unboost|p2b: Indeedee|spa|1
|move|p2a: Whimsicott|Moonblast|p1a: Frederico
|-damage|p1a: Frederico|53/100
|move|p2b: Indeedee|Psychic|p1a: Frederico
|-damage|p1a: Frederico|28/100
|
|upkeep
|turn|5
|
|t:|1757076500
|switch|p1a: Douglass|Dragonite, L50, F, tera:Fairy|86/100
|move|p2a: Whimsicott|Tailwind|p2a: Whimsicott
|-sidestart|p2: atrixmj|move: Tailwind
|move|p1b: Freddy|Hyper Voice|p2b: Indeedee|[spread] p2a,p2b
|-damage|p2a: Whimsicott|63/100
|-damage|p2b: Indeedee|3/100
|move|p2b: Indeedee|Psychic|p1a: Douglass
|-damage|p1a: Douglass|64/100
|
|-sideend|p1: tedidn|move: Tailwind
|upkeep
|turn|6
|
|t:|1757076520
|move|p1a: Douglass|Protect|p1a: Douglass
|-singleturn|p1a: Douglass|Protect
|move|p2a: Whimsicott|Moonblast|p1b: Freddy
|-damage|p1b: Freddy|74/100
|move|p2b: Indeedee|Psychic|p1b: Freddy
|-damage|p1b: Freddy|60/100
|move|p1b: Freddy|Hyper Voice|p2a: Whimsicott|[spread] p2a,p2b
|-damage|p2a: Whimsicott|22/100
|-damage|p2b: Indeedee|0 fnt
|faint|p2b: Indeedee
|
|-fieldend|move: Psychic Terrain
|upkeep
|
|t:|1757076529
|switch|p2b: Sneasler|Sneasler, L50, M|100/100
|turn|7
|
|t:|1757076539
|move|p2a: Whimsicott|Encore|p1a: Douglass
|-start|p1a: Douglass|Encore
|move|p2b: Sneasler|Close Combat|p1b: Freddy
|-supereffective|p1b: Freddy
|-damage|p1b: Freddy|0 fnt
|-unboost|p2b: Sneasler|def|1
|-unboost|p2b: Sneasler|spd|1
|faint|p1b: Freddy
|move|p1a: Douglass|Protect||[still]
|-fail|p1a: Douglass
|
|-sideend|p2: atrixmj|move: Light Screen
|upkeep
|
|t:|1757076544
|switch|p1b: Frederico|Whimsicott, L50, F|28/100
|turn|8
|
|t:|1757076553
|move|p1a: Douglass|Protect|p1a: Douglass
|-singleturn|p1a: Douglass|Protect
|move|p1b: Frederico|Tailwind|p1b: Frederico
|-sidestart|p1: tedidn|move: Tailwind
|move|p2b: Sneasler|Dire Claw|p1a: Douglass
|-activate|p1a: Douglass|move: Protect
|move|p2a: Whimsicott|Moonblast|p1b: Frederico
|-damage|p1b: Frederico|0 fnt
|faint|p1b: Frederico
|
|-sideend|p2: atrixmj|move: Tailwind
|upkeep
|turn|9
|
|t:|1757076557
|move|p1a: Douglass|Protect||[still]
|-fail|p1a: Douglass
|move|p2a: Whimsicott|Tailwind|p2a: Whimsicott
|-sidestart|p2: atrixmj|move: Tailwind
|move|p2b: Sneasler|Dire Claw|p1a: Douglass
|-supereffective|p1a: Douglass
|-damage|p1a: Douglass|0 fnt
|faint|p1a: Douglass
|
|win|atrixmj
