|j|☆NOT GOOD HERE
|j|☆Lord_of_Ewoks
|html|NOT GOOD HERELord_of_Ewoks    
|uhtml|bestof|Game 3 of a best-of-3
|t:|1755225191
|gametype|doubles
|player|p1|NOT GOOD HERE|blue|1269
|player|p2|Lord_of_Ewoks|102|1202
|gen|9
|tier|[Gen 9] VGC 2025 Reg H (Bo3)
|rated|
|rule|Species Clause: Limit one of each Pokémon
|rule|Item Clause: Limit 1 of each item
|clearpoke
|poke|p1|Gholdengo, L50|
|poke|p1|Sneasler, L50, M|
|poke|p1|Rillaboom, L50, M|
|poke|p1|Dragonite, L50, F|
|poke|p1|Ninetales-Alola, L50, F|
|poke|p1|Arcanine-Hisui, L50, F|
|poke|p2|Skeledirge, L50, M|
|poke|p2|Primarina, L50, F|
|poke|p2|Serperior, L50, M|
|poke|p2|Sneasler, L50, F|
|poke|p2|Electabuzz, L50, M|
|poke|p2|Kingambit, L50, F|
|teampreview|4
|showteam|p1|Gholdengo||GrassySeed|GoodasGold|NastyPlot,MakeItRain,ShadowBall,Protect||||||50|,,,,,Water]Sneasler||WhiteHerb|Unburden|CloseCombat,DireClaw,Coaching,Protect|||M|||50|,,,,,Ghost]Rillaboom||AssaultVest|GrassySurge|FakeOut,GrassyGlide,DrumBeating,HighHorsepower|||M|||50|,,,,,Fire]Dragonite||LoadedDice|Multiscale|ScaleShot,StompingTantrum,Tailwind,Protect|||F|||50|,,,,,Ground]Ninetales-Alola||FocusSash|SnowWarning|Blizzard,IcyWind,Encore,AuroraVeil|||F|||50|,,,,,Ghost]Arcanine-Hisui||ClearAmulet|Intimidate|RockSlide,FlareBlitz,ExtremeSpeed,Protect|||F|||50|,,,,,Water
|showteam|p2|Skeledirge||SitrusBerry|Unaware|TorchSong,ShadowBall,FirePledge,Protect|||M|||50|,,,,,Grass]Primarina||LifeOrb|LiquidVoice|HyperVoice,Moonblast,WaterPledge,Protect|||F|||50|,,,,,Poison]Serperior||FocusSash|Contrary|LeafStorm,TeraBlast,GrassPledge,Protect|||M|||50|,,,,,Stellar]Sneasler||CovertCloak|PoisonTouch|CloseCombat,DireClaw,ThroatChop,Protect|||F|||50|,,,,,Dark]Electabuzz||Eviolite|VitalSpirit|Electroweb,VoltSwitch,FollowMe,Protect|||M|||50|,,,,,Dark]Kingambit||BlackGlasses|Defiant|KowtowCleave,SuckerPunch,SwordsDance,Protect|||F|||50|,,,,,Dark
|inactive|Battle timer is ON: inactive players will automatically lose when time's up. (requested by Lord_of_Ewoks)
|inactive|Lord_of_Ewoks has 60 seconds left.
|
|t:|1755225231
|teamsize|p1|4
|teamsize|p2|4
|start
|switch|p1a: Sneasler|Sneasler, L50, M, shiny|100/100
|switch|p1b: Rillaboom|Rillaboom, L50, M|100/100
|switch|p2a: Primarina|Primarina, L50, F|100/100
|switch|p2b: Serperior|Serperior, L50, M|100/100
|-fieldstart|move: Grassy Terrain|[from] ability: Grassy Surge|[of] p1b: Rillaboom
|turn|1
|
|t:|1755225252
|move|p2b: Serperior|Protect|p2b: Serperior
|-singleturn|p2b: Serperior|Protect
|move|p2a: Primarina|Protect|p2a: Primarina
|-singleturn|p2a: Primarina|Protect
|move|p1b: Rillaboom|Fake Out|p2b: Serperior
|-activate|p2b: Serperior|move: Protect
|move|p1a: Sneasler|Close Combat|p2a: Primarina
|-activate|p2a: Primarina|move: Protect
|
|upkeep
|turn|2
|
|t:|1755225266
|-terastallize|p2a: Primarina|Poison
|move|p2b: Serperior|Grass Pledge|p1a: Sneasler
|-waiting|p2b: Serperior|p2a: Primarina
|move|p2a: Primarina|Water Pledge|p1a: Sneasler|[from] move: Grass Pledge
|-combine
|-resisted|p1a: Sneasler
|-damage|p1a: Sneasler|15/100
|-sidestart|p1: NOT GOOD HERE|Grass Pledge
|-damage|p2a: Primarina|91/100|[from] item: Life Orb
|move|p1a: Sneasler|Dire Claw|p2b: Serperior
|-supereffective|p2b: Serperior
|-enditem|p2b: Serperior|Focus Sash
|-damage|p2b: Serperior|1/100
|-status|p2b: Serperior|psn
|move|p1b: Rillaboom|Drum Beating|p2a: Primarina
|-resisted|p2a: Primarina
|-damage|p2a: Primarina|59/100
|-unboost|p2a: Primarina|spe|1
|
|-heal|p2b: Serperior|7/100 psn|[from] Grassy Terrain
|-heal|p2a: Primarina|65/100|[from] Grassy Terrain
|-heal|p1a: Sneasler|21/100|[from] Grassy Terrain
|-damage|p2b: Serperior|0 fnt|[from] psn
|faint|p2b: Serperior
|upkeep
|
|t:|1755225281
|switch|p2b: Skeledirge|Skeledirge, L50, M|100/100
|turn|3
|
|t:|1755225298
|-terastallize|p1b: Rillaboom|Fire
|move|p1a: Sneasler|Protect|p1a: Sneasler
|-singleturn|p1a: Sneasler|Protect
|move|p2b: Skeledirge|Torch Song|p1b: Rillaboom
|-resisted|p1b: Rillaboom
|-damage|p1b: Rillaboom|84/100
|-boost|p2b: Skeledirge|spa|1
|move|p2a: Primarina|Hyper Voice|p1b: Rillaboom|[spread] p1b
|-activate|p1a: Sneasler|move: Protect
|-supereffective|p1b: Rillaboom
|-damage|p1b: Rillaboom|4/100
|-damage|p2a: Primarina|55/100|[from] item: Life Orb
|move|p1b: Rillaboom|High Horsepower|p2a: Primarina
|-supereffective|p2a: Primarina
|-damage|p2a: Primarina|0 fnt
|faint|p2a: Primarina
|
|-heal|p1a: Sneasler|28/100|[from] Grassy Terrain
|-heal|p1b: Rillaboom|9/100|[from] Grassy Terrain
|upkeep
|
|t:|1755225315
|switch|p2a: Electabuzz|Electabuzz, L50, M|100/100
|turn|4
|
|t:|1755225329
|switch|p1a: Arcanine|Arcanine-Hisui, L50, F, shiny|100/100
|-ability|p1a: Arcanine|Intimidate|boost
|-unboost|p2a: Electabuzz|atk|1
|-unboost|p2b: Skeledirge|atk|1
|move|p2a: Electabuzz|Volt Switch|p1b: Rillaboom
|-damage|p1b: Rillaboom|0 fnt
|faint|p1b: Rillaboom
|move|p2b: Skeledirge|Torch Song|p1a: Arcanine
|-resisted|p1a: Arcanine
|-damage|p1a: Arcanine|80/100
|-boost|p2b: Skeledirge|spa|1
|
|-heal|p1a: Arcanine|86/100|[from] Grassy Terrain
|upkeep
|
|t:|1755225341
|switch|p1b: Sneasler|Sneasler, L50, M, shiny|28/100
|turn|5
|
|t:|1755225352
|move|p1a: Arcanine|Protect|p1a: Arcanine
|-singleturn|p1a: Arcanine|Protect
|move|p1b: Sneasler|Protect|p1b: Sneasler
|-singleturn|p1b: Sneasler|Protect
|move|p2a: Electabuzz|Volt Switch|p1b: Sneasler
|-activate|p1b: Sneasler|move: Protect
|move|p2b: Skeledirge|Shadow Ball|p1a: Arcanine
|-activate|p1a: Arcanine|move: Protect
|
|-heal|p1a: Arcanine|92/100|[from] Grassy Terrain
|-heal|p1b: Sneasler|34/100|[from] Grassy Terrain
|-sideend|p1: NOT GOOD HERE|Grass Pledge
|-fieldend|move: Grassy Terrain
|upkeep
|turn|6
|
|t:|1755225362
|move|p2a: Electabuzz|Follow Me|p2a: Electabuzz
|-singleturn|p2a: Electabuzz|move: Follow Me
|move|p1b: Sneasler|Coaching|p1a: Arcanine
|-boost|p1a: Arcanine|atk|1
|-boost|p1a: Arcanine|def|1
|move|p1a: Arcanine|Rock Slide|p2a: Electabuzz|[spread] p2a
|-miss|p1a: Arcanine|p2b: Skeledirge
|-damage|p2a: Electabuzz|64/100
|move|p2b: Skeledirge|Shadow Ball|p1a: Arcanine
|-damage|p1a: Arcanine|0 fnt
|faint|p1a: Arcanine
|
|upkeep
|
|t:|1755225373
|switch|p1a: Gholdengo|Gholdengo, L50|100/100
|turn|7
|
|t:|1755225388
|move|p1a: Gholdengo|Protect|p1a: Gholdengo
|-singleturn|p1a: Gholdengo|Protect
|move|p2a: Electabuzz|Follow Me|p2a: Electabuzz
|-singleturn|p2a: Electabuzz|move: Follow Me
|move|p1b: Sneasler|Dire Claw|p2a: Electabuzz
|-damage|p2a: Electabuzz|27/100
|move|p2b: Skeledirge|Torch Song|p1a: Gholdengo
|-activate|p1a: Gholdengo|move: Protect
|
|upkeep
|turn|8
|inactive|NOT GOOD HERE has 30 seconds left.
|inactive|NOT GOOD HERE has 20 seconds left.
|
|t:|1755225426
|move|p2a: Electabuzz|Follow Me|p2a: Electabuzz
|-singleturn|p2a: Electabuzz|move: Follow Me
|move|p1b: Sneasler|Dire Claw|p2a: Electabuzz
|-damage|p2a: Electabuzz|0 fnt
|faint|p2a: Electabuzz
|move|p1a: Gholdengo|Shadow Ball|p2b: Skeledirge
|-supereffective|p2b: Skeledirge
|-damage|p2b: Skeledirge|17/100
|-enditem|p2b: Skeledirge|Sitrus Berry|[eat]
|-heal|p2b: Skeledirge|42/100|[from] item: Sitrus Berry
|move|p2b: Skeledirge|Torch Song|p1a: Gholdengo
|-supereffective|p1a: Gholdengo
|-damage|p1a: Gholdengo|0 fnt
|-boost|p2b: Skeledirge|spa|1
|faint|p1a: Gholdengo
|
|upkeep
|turn|9
|
|t:|1755225438
|move|p1b: Sneasler|Dire Claw|p2b: Skeledirge
|-resisted|p2b: Skeledirge
|-damage|p2b: Skeledirge|23/100
|-status|p2b: Skeledirge|slp
|cant|p2b: Skeledirge|slp
|
|upkeep
|turn|10
|c|☆Lord_of_Ewoks|nooooooooooooo!
|
|t:|1755225449
|move|p1b: Sneasler|Dire Claw|p2b: Skeledirge
|-resisted|p2b: Skeledirge
|-damage|p2b: Skeledirge|8/100 slp
|cant|p2b: Skeledirge|slp
|
|upkeep
|turn|11
|c|☆NOT GOOD HERE|your team is so sick
|c|☆Lord_of_Ewoks|gg
|c|☆NOT GOOD HERE|i think we played earlier
|c|☆NOT GOOD HERE|but youve made changes
|
|t:|1755225469
|move|p1b: Sneasler|Dire Claw|p2b: Skeledirge
|-resisted|p2b: Skeledirge
|-damage|p2b: Skeledirge|0 fnt
|faint|p2b: Skeledirge
|
|win|NOT GOOD HERE
|raw|NOT GOOD HERE's rating: 1269 → 1289(+20 for winning)
|raw|Lord_of_Ewoks's rating: 1202 → 1182(-20 for losing)
|c|☆NOT GOOD HERE|ggs homie
