|j|鈽唅mptumnus
|j|鈽唋ettitripppp
|html|imptumnuslettitripppp    
|uhtml|bestof|Game 1 of a best-of-3
|t:|1783800376
|gametype|doubles
|player|p1|imptumnus|marlon|1121
|player|p2|lettitripppp|lucas|1236
|gen|9
|tier|[Gen 9 Champions] VGC 2026 Reg M-B (Bo3)
|rated|
|rule|Species Clause: Limit one of each Pok茅mon
|rule|Item Clause: Limit 1 of each item
|clearpoke
|poke|p1|Blastoise, L50, M|
|poke|p1|Tinkaton, L50, F|
|poke|p1|Sinistcha, L50|
|poke|p1|Sneasler, L50, F|
|poke|p1|Ceruledge, L50, F|
|poke|p1|Eelektross, L50, M|
|poke|p2|Charizard, L50, M|
|poke|p2|Basculegion, L50, M|
|poke|p2|Whimsicott, L50, F, shiny|
|poke|p2|Garchomp, L50, F, shiny|
|poke|p2|Floette-Eternal, L50, F|
|poke|p2|Kingambit, L50, M, shiny|
|teampreview|4
|showteam|p1|Blastoise||Blastoisinite|Torrent|WaterSpout,DarkPulse,Protect,ShellSmash|Modest||M|||50|]Tinkaton||MetalCoat|MoldBreaker|GigatonHammer,PlayRough,FakeOut,Encore|Jolly||F|||50|]Sinistcha||KasibBerry|Hospitality|MatchaGotcha,LifeDew,TrickRoom,RagePowder|Bold|||||50|]Sneasler||FocusSash|PoisonTouch|CloseCombat,FakeOut,PoisonJab,QuickGuard|Jolly||F|||50|]Ceruledge||ColburBerry|FlashFire|BitterBlade,ShadowSneak,BulkUp,Protect|Adamant||F|||50|]Eelektross||Eelektrossite|Levitate|Protect,Coil,SupercellSlam,DrainPunch|Adamant||M|||50|
|showteam|p2|Charizard||CharizarditeY|Blaze|WeatherBall,SolarBeam,HeatWave,Protect|Modest||M|||50|]Basculegion||MysticWater|Adaptability|LastRespects,WaveCrash,AquaJet,Protect|Adamant||M|||50|]Whimsicott||FocusSash|Prankster|Moonblast,Tailwind,Encore,Protect|Timid||F|||50|]Garchomp||LifeOrb|RoughSkin|DragonClaw,Earthquake,RockSlide,Protect|Jolly||F|||50|]Floette-Eternal||Floettite|FlowerVeil|DazzlingGleam,LightofRuin,Moonblast,Protect|Modest||F|||50|]Kingambit||ChopleBerry|Defiant|KowtowCleave,SuckerPunch,IronHead,LowKick|Adamant||M|||50|
|inactive|Battle timer is ON: inactive players will automatically lose when time's up. (requested by lettitripppp)
|c|鈽唅mptumnus|glhf
|c|鈽唋ettitripppp|u too
|c|鈽唋ettitripppp|and im sorry to say
|inactive|imptumnus has 60 seconds left.
|inactive|lettitripppp has 60 seconds left.
|c|鈽唋ettitripppp|this will be tough
|
|t:|1783800425
|teamsize|p1|4
|teamsize|p2|4
|start
|switch|p1a: Tinkaton|Tinkaton, L50, F|100/100
|switch|p1b: Eelektross|Eelektross, L50, M|100/100
|switch|p2a: AGNI|Charizard, L50, M|100/100
|switch|p2b: LETS GO GO|Whimsicott, L50, F, shiny|100/100
|-ability|p1a: Tinkaton|Mold Breaker
|turn|1
|c|鈽唅mptumnus|gotta learn to play against this team somehow
|inactive|imptumnus has 30 seconds left.
|
|t:|1783800453
|move|p2a: AGNI|Protect|p2a: AGNI
|-singleturn|p2a: AGNI|Protect
|move|p1a: Tinkaton|Fake Out|p2a: AGNI
|-activate|p2a: AGNI|move: Protect
|move|p2b: LETS GO GO|Tailwind|p2b: LETS GO GO
|-sidestart|p2: lettitripppp|move: Tailwind
|move|p1b: Eelektross|Coil|p1b: Eelektross
|-boost|p1b: Eelektross|atk|1
|-boost|p1b: Eelektross|def|1
|-boost|p1b: Eelektross|accuracy|1
|
|upkeep
|turn|2
|
|t:|1783800472
|switch|p1a: Ceruledge|Ceruledge, L50, F|100/100
|detailschange|p2a: AGNI|Charizard-Mega-Y, L50, M
|-mega|p2a: AGNI|Charizard|Charizardite Y
|-weather|SunnyDay|[from] ability: Drought|[of] p2a: AGNI
|move|p1b: Eelektross|Protect|p1b: Eelektross
|-singleturn|p1b: Eelektross|Protect
|move|p2b: LETS GO GO|Encore|p1b: Eelektross
|-activate|p1b: Eelektross|move: Protect
|move|p2a: AGNI|Weather Ball|p1a: Ceruledge
|-start|p1a: Ceruledge|ability: Flash Fire
|
|-weather|SunnyDay|[upkeep]
|upkeep
|turn|3
|inactive|imptumnus has 30 seconds left.
|inactive|imptumnus has 20 seconds left.
|inactive|imptumnus has 15 seconds left.
|
|t:|1783800513
|switch|p1b: Tinkaton|Tinkaton, L50, F|100/100
|-ability|p1b: Tinkaton|Mold Breaker
|move|p2b: LETS GO GO|Moonblast|p1b: Tinkaton
|-resisted|p1b: Tinkaton|1
|-damage|p1b: Tinkaton|85/100
|move|p2a: AGNI|Weather Ball|p1b: Tinkaton
|-supereffective|p1b: Tinkaton|1
|-damage|p1b: Tinkaton|0 fnt
|faint|p1b: Tinkaton
|move|p1a: Ceruledge|Bitter Blade|p2b: LETS GO GO
|-supereffective|p2b: LETS GO GO|1
|-enditem|p2b: LETS GO GO|Focus Sash
|-damage|p2b: LETS GO GO|1/100
|
|-weather|SunnyDay|[upkeep]
|upkeep
|
|t:|1783800528
|switch|p1b: Eelektross|Eelektross, L50, M|100/100
|turn|4
|
|t:|1783800537
|move|p2b: LETS GO GO|Protect|p2b: LETS GO GO
|-singleturn|p2b: LETS GO GO|Protect
|move|p1b: Eelektross|Protect|p1b: Eelektross
|-singleturn|p1b: Eelektross|Protect
|move|p1a: Ceruledge|Shadow Sneak|p2b: LETS GO GO
|-activate|p2b: LETS GO GO|move: Protect
|move|p2a: AGNI|Weather Ball|p1b: Eelektross
|-activate|p1b: Eelektross|move: Protect
|
|-weather|SunnyDay|[upkeep]
|-sideend|p2: lettitripppp|move: Tailwind
|upkeep
|turn|5
|
|t:|1783800552
|move|p2b: LETS GO GO|Tailwind|p2b: LETS GO GO
|-sidestart|p2: lettitripppp|move: Tailwind
|move|p1a: Ceruledge|Shadow Sneak|p2b: LETS GO GO
|-damage|p2b: LETS GO GO|0 fnt
|faint|p2b: LETS GO GO
|move|p2a: AGNI|Weather Ball|p1b: Eelektross
|-damage|p1b: Eelektross|0 fnt
|faint|p1b: Eelektross
|
|-weather|SunnyDay|[upkeep]
|upkeep
|
|t:|1783800569
|switch|p2b: GHOSTWAVE|Basculegion, L50, M|100/100
|switch|p1b: Sinistcha|Sinistcha, L50|100/100
|turn|6
|inactive|imptumnus has 30 seconds left.
|
|t:|1783800603
|move|p1a: Ceruledge|Shadow Sneak|p2b: GHOSTWAVE
|-supereffective|p2b: GHOSTWAVE|1
|-damage|p2b: GHOSTWAVE|57/100
|move|p2a: AGNI|Weather Ball|p1b: Sinistcha
|-supereffective|p1b: Sinistcha|1
|-damage|p1b: Sinistcha|0 fnt
|faint|p1b: Sinistcha
|move|p2b: GHOSTWAVE|Last Respects|p1a: Ceruledge
|-supereffective|p1a: Ceruledge|1
|-damage|p1a: Ceruledge|0 fnt
|faint|p1a: Ceruledge
|
|win|lettitripppp
||imptumnus is ready for game 2.
