|j|☆mikelpoyarzabal
|j|☆cookbayz
|html|mikelpoyarzabalcookbayz    
|uhtml|bestof|Game 1 of a best-of-3
|t:|1785845886
|gametype|doubles
|player|p1|mikelpoyarzabal|arven-s|1298
|player|p2|cookbayz|265|1223
|gen|9
|tier|[Gen 9 Champions] VGC 2026 Reg M-B (Bo3)
|rated|
|rule|Species Clause: Limit one of each Pokémon
|rule|Item Clause: Limit 1 of each item
|clearpoke
|poke|p1|Gengar, L50, M|
|poke|p1|Swampert, L50, F|
|poke|p1|Incineroar, L50, F|
|poke|p1|Politoed, L50, M|
|poke|p1|Archaludon, L50, M|
|poke|p1|Vivillon, L50, M|
|poke|p2|Tyranitar, L50, F|
|poke|p2|Excadrill, L50, M|
|poke|p2|Gholdengo, L50|
|poke|p2|Milotic, L50, F|
|poke|p2|Sinistcha, L50|
|poke|p2|Staraptor, L50, M|
|teampreview|4
|showteam|p1|Gengar||Gengarite|CursedBody|ShadowBall,SludgeBomb,Protect,PerishSong|Timid||M|||50|]Swampert||Swampertite|Torrent|WaveCrash,Earthquake,IcePunch,Protect|Adamant||F|||50|]Incineroar||PasshoBerry|Intimidate|ThroatChop,PartingShot,FakeOut,Protect|Sassy||F|||50|]Politoed||SitrusBerry|Drizzle|WeatherBall,PerishSong,Encore,Protect|Calm||M|||50|]Archaludon||Leftovers|Stamina|DragonPulse,FlashCannon,ElectroShot,Protect|Bold||M|||50|]Vivillon||FocusSash|CompoundEyes|Hurricane,SleepPowder,RagePowder,Protect|Timid||M|||50|
|showteam|p2|Tyranitar||Tyranitarite|SandStream|RockSlide,KnockOff,LowKick,Protect|Jolly||F|||50|]Excadrill||FocusSash|SandRush|HighHorsepower,IronHead,RockSlide,Protect|Adamant||M|||50|]Gholdengo||LifeOrb|GoodasGold|ShadowBall,MakeItRain,NastyPlot,Protect|Modest|||||50|]Milotic||SitrusBerry|Competitive|Scald,IceBeam,IcyWind,Protect|Calm||F|||50|]Sinistcha||ColburBerry|Hospitality|MatchaGotcha,ShadowBall,RagePowder,Protect|Bold|||||50|]Staraptor||Staraptite|Intimidate|BraveBird,CloseCombat,Tailwind,Protect|Jolly||M|||50|
|inactive|Battle timer is ON: inactive players will automatically lose when time's up. (requested by mikelpoyarzabal)
|inactive|cookbayz also wants the timer to be on.
|
|t:|1785845905
|teamsize|p1|4
|teamsize|p2|4
|start
|switch|p1a: Gengar|Gengar, L50, M|100/100
|switch|p1b: Vivillon|Vivillon, L50, M|100/100
|switch|p2a: Tyranitar|Tyranitar, L50, F|100/100
|switch|p2b: Milotic|Milotic, L50, F|100/100
|-weather|Sandstorm|[from] ability: Sand Stream|[of] p2a: Tyranitar
|turn|1
|
|t:|1785845920
|switch|p2a: Gholdengo|Gholdengo, L50|100/100
|switch|p2b: Sinistcha|Sinistcha, L50|100/100
|detailschange|p1a: Gengar|Gengar-Mega, L50, M
|-mega|p1a: Gengar|Gengar|Gengarite
|move|p1a: Gengar|Perish Song|p1a: Gengar
|-start|p1a: Gengar|perish3|[silent]
|-start|p1b: Vivillon|perish3|[silent]
|-immune|p2a: Gholdengo|[from] ability: Good as Gold
|-start|p2b: Sinistcha|perish3|[silent]
|-fieldactivate|move: Perish Song
|move|p1b: Vivillon|Sleep Powder|p2a: Gholdengo
|-immune|p2a: Gholdengo|[from] ability: Good as Gold
|
|-weather|Sandstorm|[upkeep]
|-damage|p1a: Gengar|93/100|[from] Sandstorm
|-damage|p1b: Vivillon|94/100|[from] Sandstorm
|-damage|p2b: Sinistcha|94/100|[from] Sandstorm
|-start|p1a: Gengar|perish3
|-start|p1b: Vivillon|perish3
|-start|p2b: Sinistcha|perish3
|upkeep
|turn|2
|
|t:|1785845938
|switch|p1a: Archaludon|Archaludon, L50, M|100/100
|move|p2b: Sinistcha|Rage Powder|p2b: Sinistcha
|-singleturn|p2b: Sinistcha|move: Rage Powder
|move|p1b: Vivillon|Hurricane|p2b: Sinistcha
|-supereffective|p2b: Sinistcha|1
|-damage|p2b: Sinistcha|7/100
|-start|p2b: Sinistcha|confusion
|move|p2a: Gholdengo|Nasty Plot|p2a: Gholdengo
|-boost|p2a: Gholdengo|spa|2
|
|-weather|Sandstorm|[upkeep]
|-damage|p1b: Vivillon|88/100|[from] Sandstorm
|-damage|p2b: Sinistcha|1/100|[from] Sandstorm
|-start|p1b: Vivillon|perish2
|-start|p2b: Sinistcha|perish2
|upkeep
|turn|3
|
|t:|1785845963
|move|p1a: Archaludon|Protect|p1a: Archaludon
|-singleturn|p1a: Archaludon|Protect
|-activate|p2b: Sinistcha|confusion
|move|p2b: Sinistcha|Protect|p2b: Sinistcha
|-singleturn|p2b: Sinistcha|Protect
|move|p1b: Vivillon|Hurricane|p2a: Gholdengo
|-resisted|p2a: Gholdengo|1
|-crit|p2a: Gholdengo
|-damage|p2a: Gholdengo|60/100
|move|p2a: Gholdengo|Shadow Ball|p1a: Archaludon
|-activate|p1a: Archaludon|move: Protect
|
|-weather|Sandstorm|[upkeep]
|-damage|p1b: Vivillon|82/100|[from] Sandstorm
|-damage|p2b: Sinistcha|0 fnt|[from] Sandstorm
|faint|p2b: Sinistcha
|-start|p1b: Vivillon|perish1
|upkeep
|
|t:|1785845969
|switch|p2b: Milotic|Milotic, L50, F|100/100
|turn|4
|
|t:|1785845986
|switch|p1a: Politoed|Politoed, L50, M|100/100
|-weather|RainDance|[from] ability: Drizzle|[of] p1a: Politoed
|move|p1b: Vivillon|Hurricane|p2a: Gholdengo
|-resisted|p2a: Gholdengo|1
|-damage|p2a: Gholdengo|34/100
|move|p2a: Gholdengo|Shadow Ball|p1a: Politoed
|-damage|p1a: Politoed|6/100
|-unboost|p1a: Politoed|spd|1
|-enditem|p1a: Politoed|Sitrus Berry|[eat]
|-heal|p1a: Politoed|30/100|[from] item: Sitrus Berry
|-damage|p2a: Gholdengo|25/100|[from] item: Life Orb
|move|p2b: Milotic|Icy Wind|p1a: Politoed|[spread] p1a,p1b
|-resisted|p1a: Politoed|1
|-supereffective|p1b: Vivillon|1
|-damage|p1a: Politoed|24/100
|-damage|p1b: Vivillon|37/100
|-unboost|p1a: Politoed|spe|1
|-unboost|p1b: Vivillon|spe|1
|
|-weather|RainDance|[upkeep]
|-start|p1b: Vivillon|perish0
|upkeep
|faint|p1b: Vivillon
|
|t:|1785845992
|switch|p1b: Gengar|Gengar-Mega, L50, M|93/100
|turn|5
|
|t:|1785845997
|switch|p1a: Archaludon|Archaludon, L50, M|100/100
|move|p2a: Gholdengo|Protect|p2a: Gholdengo
|-singleturn|p2a: Gholdengo|Protect
|move|p1b: Gengar|Shadow Ball|p2a: Gholdengo
|-activate|p2a: Gholdengo|move: Protect
|move|p2b: Milotic|Icy Wind|p1b: Gengar|[spread] p1a,p1b
|-damage|p1a: Archaludon|90/100
|-damage|p1b: Gengar|83/100
|-unboost|p1a: Archaludon|spe|1
|-unboost|p1b: Gengar|spe|1
|-ability|p1a: Archaludon|Stamina|boost
|-boost|p1a: Archaludon|def|1
|
|-weather|RainDance|[upkeep]
|-heal|p1a: Archaludon|96/100|[from] item: Leftovers
|upkeep
|turn|6
|
|t:|1785846021
|move|p2a: Gholdengo|Protect||[still]
|-fail|p2a: Gholdengo
|move|p1b: Gengar|Protect|p1b: Gengar
|-singleturn|p1b: Gengar|Protect
|move|p1a: Archaludon|Protect|p1a: Archaludon
|-singleturn|p1a: Archaludon|Protect
|move|p2b: Milotic|Scald|p1b: Gengar
|-activate|p1b: Gengar|move: Protect
|
|-weather|RainDance|[upkeep]
|-heal|p1a: Archaludon|100/100|[from] item: Leftovers
|upkeep
|turn|7
|
|t:|1785846034
|switch|p1b: Politoed|Politoed, L50, M|24/100
|move|p2a: Gholdengo|Shadow Ball|p1a: Archaludon
|-damage|p1a: Archaludon|0 fnt
|faint|p1a: Archaludon
|-damage|p2a: Gholdengo|15/100|[from] item: Life Orb
|move|p2b: Milotic|Scald|p1b: Politoed
|-resisted|p1b: Politoed|1
|-damage|p1b: Politoed|6/100
|-status|p1b: Politoed|brn
|
|-weather|RainDance|[upkeep]
|-damage|p1b: Politoed|0 fnt|[from] brn
|faint|p1b: Politoed
|upkeep
|
|t:|1785846039
|switch|p1b: Gengar|Gengar-Mega, L50, M|83/100
|turn|8
|-message|mikelpoyarzabal forfeited.
|
|win|cookbayz
