|j|‽Appletan
|j|☆spellbreakvgc
|html|Appletanspellbreakvgc    
|uhtml|bestof|Game 1 of a best-of-3
|t:|1756974047
|gametype|doubles
|player|p1|Appletan|plasmagruntf-gen5bw|1113
|player|p2|spellbreakvgc|lance|1199
|gen|9
|tier|[Gen 9] VGC 2025 Reg H (Bo3)
|rated|
|rule|Species Clause: Limit one of each Pokémon
|rule|Item Clause: Limit 1 of each item
|clearpoke
|poke|p1|Gholdengo, L50|
|poke|p1|Amoonguss, L50, M|
|poke|p1|Incineroar, L50, M|
|poke|p1|Pelipper, L50, F|
|poke|p1|Palafin, L50, F|
|poke|p1|Dragapult, L50, M|
|poke|p2|Typhlosion-Hisui, L50, F|
|poke|p2|Tatsugiri, L50, F|
|poke|p2|Archaludon, L50, M|
|poke|p2|Gholdengo, L50|
|poke|p2|Whimsicott, L50, M|
|poke|p2|Dondozo, L50, F|
|teampreview|4
|showteam|p1|Gholdengo||LifeOrb|GoodasGold|Protect,NastyPlot,ShadowBall,MakeItRain||||||50|,,,,,Steel]Amoonguss||SitrusBerry|Regenerator|Protect,RagePowder,PollenPuff,Spore|||M|||50|,,,,,Fairy]Incineroar||AssaultVest|Intimidate|FlareBlitz,KnockOff,Uturn,FakeOut|||M|||50|,,,,,Grass]Pelipper||FocusSash|Drizzle|Protect,Tailwind,Hurricane,WeatherBall|||F|||50|,,,,,Ghost]Palafin||SplashPlate|ZerotoHero|Protect,Haze,JetPunch,WaveCrash|||F|||50|,,,,,Water]Dragapult||ChoiceSpecs|ClearBody|DracoMeteor,ShadowBall,TeraBlast,Uturn|||M|||50|,,,,,Fairy
|showteam|p2|Typhlosion-Hisui||ChoiceSpecs|Blaze|Eruption,ShadowBall,Flamethrower,HeatWave|||F|||50|,,,,,Fire]Tatsugiri||FocusSash|Commander|DracoMeteor,TeraBlast,MuddyWater,Protect|||F|||50|,,,,,Fairy]Archaludon||PowerHerb|Sturdy|DragonPulse,ElectroShot,Thunderbolt,Protect|||M|||50|,,,,,Electric]Gholdengo||LifeOrb|GoodasGold|MakeItRain,ShadowBall,LightScreen,Reflect||||||50|,,,,,Steel]Whimsicott||CovertCloak|Prankster|Moonblast,FakeTears,Tailwind,Taunt|||M|||50|,,,,,Water]Dondozo||AssaultVest|Unaware|Earthquake,OrderUp,WaveCrash,HeavySlam|||F|||50|,,,,,Steel
|inactive|Battle timer is ON: inactive players will automatically lose when time's up. (requested by spellbreakvgc)
|
|t:|1756974094
|teamsize|p1|4
|teamsize|p2|4
|start
|switch|p1a: Incineroar|Incineroar, L50, M|100/100
|switch|p1b: Amoonguss|Amoonguss, L50, M|100/100
|switch|p2a: Whimsicott|Whimsicott, L50, M|100/100
|switch|p2b: Archaludon|Archaludon, L50, M|100/100
|-ability|p1a: Incineroar|Intimidate|boost
|-unboost|p2a: Whimsicott|atk|1
|-unboost|p2b: Archaludon|atk|1
|turn|1
|inactive|Appletan has 30 seconds left.
|
|t:|1756974127
|move|p2a: Whimsicott|Taunt|p1b: Amoonguss
|-start|p1b: Amoonguss|move: Taunt
|move|p2b: Archaludon|Electro Shot||[still]
|-prepare|p2b: Archaludon|Electro Shot
|-boost|p2b: Archaludon|spa|1
|-enditem|p2b: Archaludon|Power Herb
|-anim|p2b: Archaludon|Electro Shot|p1a: Incineroar
|-damage|p1a: Incineroar|59/100
|move|p1a: Incineroar|Flare Blitz|p2a: Whimsicott
|-supereffective|p2a: Whimsicott
|-damage|p2a: Whimsicott|0 fnt
|faint|p2a: Whimsicott
|-damage|p1a: Incineroar|31/100|[from] Recoil
|cant|p1b: Amoonguss|move: Taunt|Spore
|
|upkeep
|
|t:|1756974141
|switch|p2a: Dondozo|Dondozo, L50, F|100/100
|turn|2
|
|t:|1756974158
|switch|p2b: Tatsugiri|Tatsugiri, L50, F|100/100
|-activate|p2b: Tatsugiri|ability: Commander|[of] p2a: Dondozo
|-boost|p2a: Dondozo|atk|2
|-boost|p2a: Dondozo|spa|2
|-boost|p2a: Dondozo|spe|2
|-boost|p2a: Dondozo|def|2
|-boost|p2a: Dondozo|spd|2
|switch|p1a: Pelipper|Pelipper, L50, F|100/100
|-weather|RainDance|[from] ability: Drizzle|[of] p1a: Pelipper
|-terastallize|p2a: Dondozo|Steel
|move|p2a: Dondozo|Heavy Slam|p1b: Amoonguss
|-damage|p1b: Amoonguss|26/100
|-enditem|p1b: Amoonguss|Sitrus Berry|[eat]
|-heal|p1b: Amoonguss|51/100|[from] item: Sitrus Berry
|move|p1b: Amoonguss|Pollen Puff|p1a: Pelipper
|
|-weather|RainDance|[upkeep]
|upkeep
|turn|3
|
|t:|1756974181
|switch|p1b: Incineroar|Incineroar, L50, M|31/100
|-ability|p1b: Incineroar|Intimidate|boost
|-unboost|p2a: Dondozo|atk|1
|-unboost|p2b: Tatsugiri|atk|1
|move|p2a: Dondozo|Heavy Slam|p1b: Incineroar
|-resisted|p1b: Incineroar
|-damage|p1b: Incineroar|13/100
|move|p1a: Pelipper|Tailwind|p1a: Pelipper
|-sidestart|p1: Appletan|move: Tailwind
|
|-weather|RainDance|[upkeep]
|upkeep
|turn|4
|
|t:|1756974193
|switch|p1a: Amoonguss|Amoonguss, L50, M|84/100
|move|p1b: Incineroar|Fake Out|p2a: Dondozo
|-resisted|p2a: Dondozo
|-damage|p2a: Dondozo|99/100
|cant|p2a: Dondozo|flinch
|
|-weather|RainDance|[upkeep]
|upkeep
|turn|5
|inactive|Appletan has 30 seconds left.
|inactive|spellbreakvgc has 30 seconds left.
|
|t:|1756974228
|move|p1b: Incineroar|Knock Off|p2a: Dondozo
|-damage|p2a: Dondozo|84/100
|-enditem|p2a: Dondozo|Assault Vest|[from] move: Knock Off|[of] p1b: Incineroar
|move|p2a: Dondozo|Heavy Slam|p1a: Amoonguss
|-damage|p1a: Amoonguss|19/100
|move|p1a: Amoonguss|Spore|p2a: Dondozo
|-status|p2a: Dondozo|slp|[from] move: Spore
|
|-weather|RainDance|[upkeep]
|upkeep
|turn|6
|
|t:|1756974242
|switch|p1a: Gholdengo|Gholdengo, L50|100/100
|move|p1b: Incineroar|U-turn|p2a: Dondozo
|-resisted|p2a: Dondozo
|-crit|p2a: Dondozo
|-damage|p2a: Dondozo|73/100 slp
|
|t:|1756974251
|switch|p1b: Amoonguss|Amoonguss, L50, M|52/100|[from] U-turn
|cant|p2a: Dondozo|slp
|
|-weather|none
|-sideend|p1: Appletan|move: Tailwind
|upkeep
|turn|7
|-message|spellbreakvgc forfeited.
|
|win|Appletan
