|j|☆teamfollower
|j|☆TradersJoe
|html|teamfollowerTradersJoe    
|uhtml|bestof|Game 3 of a best-of-3
|t:|1784081999
|gametype|doubles
|player|p1|teamfollower|cheren|1415
|player|p2|TradersJoe|102|1359
|gen|9
|tier|[Gen 9 Champions] VGC 2026 Reg M-B (Bo3)
|rated|
|rule|Species Clause: Limit one of each Pokémon
|rule|Item Clause: Limit 1 of each item
|clearpoke
|poke|p1|Froslass, L50, F|
|poke|p1|Dragonite, L50, F|
|poke|p1|Toxapex, L50, M|
|poke|p1|Sneasler, L50, M|
|poke|p1|Kingambit, L50, F|
|poke|p1|Blaziken, L50, M|
|poke|p2|Blaziken, L50, F|
|poke|p2|Venusaur, L50, M|
|poke|p2|Aerodactyl, L50, F|
|poke|p2|Basculegion, L50, M|
|poke|p2|Kingambit, L50, M|
|poke|p2|Ninetales-Alola, L50, F|
|teampreview|4
|showteam|p1|Froslass||Froslassite|CursedBody|Blizzard,ShadowBall,AuroraVeil,Protect|Timid||F|||50|]Dragonite||LifeOrb|InnerFocus|DragonClaw,ExtremeSpeed,LowKick,Protect|Adamant||F|||50|]Toxapex||Leftovers|Regenerator|Infestation,Toxic,WideGuard,BanefulBunker|Bold||M|||50|]Sneasler||FocusSash|PoisonTouch|PoisonJab,CloseCombat,FakeOut,Protect|Jolly||M|||50|]Kingambit||BlackGlasses|Defiant|KowtowCleave,IronHead,SuckerPunch,Protect|Adamant||F|||50|]Blaziken||Blazikenite|SpeedBoost|FlareBlitz,CloseCombat,RockSlide,Protect|Adamant||M|||50|
|showteam|p2|Blaziken||Blazikenite|SpeedBoost|Detect,CloseCombat,RockSlide,FlareBlitz|Adamant||F|||50|]Venusaur||Venusaurite|Overgrow|Protect,EarthPower,SludgeBomb,GigaDrain|Modest||M|||50|]Aerodactyl||FocusSash|Unnerve|Protect,WideGuard,Tailwind,RockSlide|Jolly||F|||50|]Basculegion||ChoiceScarf|Adaptability|WaveCrash,AquaJet,LastRespects,FlipTurn|Jolly||M|||50|]Kingambit||LifeOrb|Defiant|Protect,IronHead,SuckerPunch,KowtowCleave|Adamant||M|||50|]Ninetales-Alola||NeverMeltIce|SnowWarning|Protect,Encore,Blizzard,FreezeDry|Timid||F|||50|
|inactive|Battle timer is ON: inactive players will automatically lose when time's up. (requested by TradersJoe)
|
|t:|1784082045
|teamsize|p1|4
|teamsize|p2|4
|start
|switch|p1a: Toxapex|Toxapex, L50, M|100/100
|switch|p1b: Kingambit|Kingambit, L50, F|100/100
|switch|p2a: Blaziken|Blaziken, L50, F|100/100
|switch|p2b: Basculegion|Basculegion, L50, M|100/100
|turn|1
|inactive|teamfollower has 30 seconds left.
|
|t:|1784082073
|switch|p2b: Kingambit|Kingambit, L50, M|100/100
|detailschange|p2a: Blaziken|Blaziken-Mega, L50, F
|-mega|p2a: Blaziken|Blaziken|Blazikenite
|move|p2a: Blaziken|Detect|p2a: Blaziken
|-singleturn|p2a: Blaziken|Protect
|move|p1b: Kingambit|Protect|p1b: Kingambit
|-singleturn|p1b: Kingambit|Protect
|move|p1a: Toxapex|Toxic|p2a: Blaziken
|-activate|p2a: Blaziken|move: Protect
|
|-ability|p2a: Blaziken|Speed Boost|boost
|-boost|p2a: Blaziken|spe|1
|upkeep
|turn|2
|inactive|TradersJoe has 30 seconds left.
|
|t:|1784082099
|switch|p1b: Sneasler|Sneasler, L50, M|100/100
|move|p2a: Blaziken|Flare Blitz|p1b: Sneasler
|-enditem|p1b: Sneasler|Focus Sash
|-damage|p1b: Sneasler|1/100
|-damage|p2a: Blaziken|72/100|[from] Recoil
|move|p2b: Kingambit|Kowtow Cleave|p1b: Sneasler
|-resisted|p1b: Sneasler|1
|-damage|p1b: Sneasler|0 fnt
|faint|p1b: Sneasler
|-damage|p2b: Kingambit|90/100|[from] item: Life Orb
|move|p1a: Toxapex|Toxic|p2a: Blaziken
|-status|p2a: Blaziken|tox
|
|-damage|p2a: Blaziken|66/100 tox|[from] psn
|-ability|p2a: Blaziken|Speed Boost|boost
|-boost|p2a: Blaziken|spe|1
|upkeep
|
|t:|1784082112
|switch|p1b: Blaziken|Blaziken, L50, M|100/100
|turn|3
|
|t:|1784082121
|detailschange|p1b: Blaziken|Blaziken-Mega, L50, M
|-mega|p1b: Blaziken|Blaziken|Blazikenite
|move|p1b: Blaziken|Protect|p1b: Blaziken
|-singleturn|p1b: Blaziken|Protect
|move|p2b: Kingambit|Sucker Punch||[still]
|-fail|p2b: Kingambit
|move|p2a: Blaziken|Close Combat|p1b: Blaziken
|-activate|p1b: Blaziken|move: Protect
|move|p1a: Toxapex|Infestation|p2a: Blaziken
|-resisted|p2a: Blaziken|2
|-damage|p2a: Blaziken|66/100 tox
|-activate|p2a: Blaziken|move: Infestation|[of] p1a: Toxapex
|
|-damage|p2a: Blaziken|54/100 tox|[from] psn
|-damage|p2a: Blaziken|42/100 tox|[from] move: Infestation|[partiallytrapped]
|-ability|p2a: Blaziken|Speed Boost|boost
|-boost|p2a: Blaziken|spe|1
|-ability|p1b: Blaziken|Speed Boost|boost
|-boost|p1b: Blaziken|spe|1
|upkeep
|turn|4
|inactive|teamfollower has 30 seconds left.
|
|t:|1784082151
|move|p1b: Blaziken|Protect||[still]
|-fail|p1b: Blaziken
|move|p2b: Kingambit|Sucker Punch||[still]
|-fail|p2b: Kingambit
|move|p2a: Blaziken|Close Combat|p1b: Blaziken
|-damage|p1b: Blaziken|4/100
|-unboost|p2a: Blaziken|def|1
|-unboost|p2a: Blaziken|spd|1
|move|p1a: Toxapex|Infestation|p2b: Kingambit
|-damage|p2b: Kingambit|86/100
|-activate|p2b: Kingambit|move: Infestation|[of] p1a: Toxapex
|
|-damage|p2a: Blaziken|24/100 tox|[from] psn
|-damage|p2a: Blaziken|12/100 tox|[from] move: Infestation|[partiallytrapped]
|-damage|p2b: Kingambit|74/100|[from] move: Infestation|[partiallytrapped]
|-ability|p2a: Blaziken|Speed Boost|boost
|-boost|p2a: Blaziken|spe|1
|-ability|p1b: Blaziken|Speed Boost|boost
|-boost|p1b: Blaziken|spe|1
|upkeep
|turn|5
|
|t:|1784082171
|move|p1b: Blaziken|Protect|p1b: Blaziken
|-singleturn|p1b: Blaziken|Protect
|move|p2a: Blaziken|Close Combat|p1a: Toxapex
|-resisted|p1a: Toxapex|1
|-damage|p1a: Toxapex|77/100
|-unboost|p2a: Blaziken|def|1
|-unboost|p2a: Blaziken|spd|1
|move|p2b: Kingambit|Kowtow Cleave|p1a: Toxapex
|-damage|p1a: Toxapex|37/100
|-damage|p2b: Kingambit|64/100|[from] item: Life Orb
|move|p1a: Toxapex|Infestation|p2b: Kingambit
|-damage|p2b: Kingambit|60/100
|
|-heal|p1a: Toxapex|43/100|[from] item: Leftovers
|-damage|p2a: Blaziken|0 fnt|[from] psn
|faint|p2a: Blaziken
|-damage|p2b: Kingambit|48/100|[from] move: Infestation|[partiallytrapped]
|-ability|p1b: Blaziken|Speed Boost|boost
|-boost|p1b: Blaziken|spe|1
|upkeep
|
|t:|1784082190
|switch|p2a: Ninetales|Ninetales-Alola, L50, F|100/100
|-weather|Snowscape|[from] ability: Snow Warning|[of] p2a: Ninetales
|turn|6
|
|t:|1784082206
|-heal|p1a: Toxapex|76/100|[from] ability: Regenerator|[silent]
|switch|p1a: Kingambit|Kingambit, L50, F|100/100
|move|p1b: Blaziken|Protect|p1b: Blaziken
|-singleturn|p1b: Blaziken|Protect
|move|p2b: Kingambit|Sucker Punch||[still]
|-fail|p2b: Kingambit
|move|p2a: Ninetales|Freeze-Dry|p1a: Kingambit
|-resisted|p1a: Kingambit|1
|-damage|p1a: Kingambit|85/100
|
|-weather|Snowscape|[upkeep]
|-end|p2b: Kingambit|Infestation|[partiallytrapped]|[silent]
|-ability|p1b: Blaziken|Speed Boost|boost
|-boost|p1b: Blaziken|spe|1
|upkeep
|turn|7
|
|t:|1784082225
|switch|p1b: Toxapex|Toxapex, L50, M|76/100
|switch|p2a: Basculegion|Basculegion, L50, M|100/100
|move|p2b: Kingambit|Sucker Punch||[still]
|-fail|p2b: Kingambit
|move|p1a: Kingambit|Iron Head|p2a: Basculegion
|-resisted|p2a: Basculegion|1
|-damage|p2a: Basculegion|69/100
|
|-weather|Snowscape|[upkeep]
|-heal|p1b: Toxapex|82/100|[from] item: Leftovers
|upkeep
|turn|8
|inactive|teamfollower has 30 seconds left.
|
|t:|1784082251
|move|p2a: Basculegion|Flip Turn|p1a: Kingambit
|-damage|p1a: Kingambit|55/100
|
|t:|1784082254
|switch|p2a: Ninetales|Ninetales-Alola, L50, F|100/100|[from] Flip Turn
|move|p2b: Kingambit|Kowtow Cleave|p1a: Kingambit
|-resisted|p1a: Kingambit|1
|-damage|p1a: Kingambit|32/100
|-damage|p2b: Kingambit|38/100|[from] item: Life Orb
|move|p1a: Kingambit|Kowtow Cleave|p2a: Ninetales
|-resisted|p2a: Ninetales|1
|-damage|p2a: Ninetales|71/100
|move|p1b: Toxapex|Infestation|p2b: Kingambit
|-damage|p2b: Kingambit|34/100
|-activate|p2b: Kingambit|move: Infestation|[of] p1b: Toxapex
|
|-weather|Snowscape|[upkeep]
|-heal|p1b: Toxapex|87/100|[from] item: Leftovers
|-damage|p2b: Kingambit|22/100|[from] move: Infestation|[partiallytrapped]
|upkeep
|turn|9
|
|t:|1784082275
|move|p2a: Ninetales|Encore|p1a: Kingambit
|-start|p1a: Kingambit|Encore
|move|p2b: Kingambit|Kowtow Cleave|p1b: Toxapex
|-damage|p1b: Toxapex|40/100
|-damage|p2b: Kingambit|12/100|[from] item: Life Orb
|move|p1a: Kingambit|Kowtow Cleave|p2a: Ninetales
|-resisted|p2a: Ninetales|1
|-damage|p2a: Ninetales|41/100
|move|p1b: Toxapex|Toxic|p2a: Ninetales
|-status|p2a: Ninetales|tox
|
|-weather|Snowscape|[upkeep]
|-heal|p1b: Toxapex|46/100|[from] item: Leftovers
|-damage|p2a: Ninetales|35/100 tox|[from] psn
|-damage|p2b: Kingambit|1/100|[from] move: Infestation|[partiallytrapped]
|upkeep
|turn|10
|
|t:|1784082298
|switch|p1a: Blaziken|Blaziken-Mega, L50, M|4/100
|move|p1b: Toxapex|Baneful Bunker|p1b: Toxapex
|-singleturn|p1b: Toxapex|move: Protect
|move|p2b: Kingambit|Sucker Punch||[still]
|-fail|p2b: Kingambit
|move|p2a: Ninetales|Freeze-Dry|p1a: Blaziken
|-resisted|p1a: Blaziken|1
|-damage|p1a: Blaziken|0 fnt
|faint|p1a: Blaziken
|
|-weather|none
|-heal|p1b: Toxapex|52/100|[from] item: Leftovers
|-damage|p2a: Ninetales|23/100 tox|[from] psn
|-damage|p2b: Kingambit|0 fnt|[from] move: Infestation|[partiallytrapped]
|faint|p2b: Kingambit
|upkeep
|
|t:|1784082306
|switch|p1a: Kingambit|Kingambit, L50, F|32/100
|switch|p2b: Basculegion|Basculegion, L50, M|69/100
|turn|11
|inactive|teamfollower has 30 seconds left.
|inactive|teamfollower has 20 seconds left.
|inactive|teamfollower has 15 seconds left.
|inactive|teamfollower has 10 seconds left.
|inactive|teamfollower has 5 seconds left.
|
|t:|1784082359
|move|p2b: Basculegion|Aqua Jet|p1a: Kingambit
|-damage|p1a: Kingambit|14/100
|move|p1a: Kingambit|Sucker Punch||[still]
|-fail|p1a: Kingambit
|move|p2a: Ninetales|Freeze-Dry|p1b: Toxapex
|-supereffective|p1b: Toxapex|1
|-damage|p1b: Toxapex|0 fnt
|faint|p1b: Toxapex
|
|-damage|p2a: Ninetales|5/100 tox|[from] psn
|upkeep
|turn|12
|
|t:|1784082371
|move|p1a: Kingambit|Protect|p1a: Kingambit
|-singleturn|p1a: Kingambit|Protect
|move|p2b: Basculegion|Aqua Jet|p1a: Kingambit
|-activate|p1a: Kingambit|move: Protect
|move|p2a: Ninetales|Freeze-Dry|p1a: Kingambit
|-activate|p1a: Kingambit|move: Protect
|
|-damage|p2a: Ninetales|0 fnt|[from] psn
|faint|p2a: Ninetales
|upkeep
|turn|13
|
|t:|1784082375
|move|p2b: Basculegion|Aqua Jet|p1a: Kingambit
|-damage|p1a: Kingambit|0 fnt
|faint|p1a: Kingambit
|
|win|TradersJoe
|raw|teamfollower's rating: 1415 → 1392(-23 for losing)
|raw|TradersJoe's rating: 1359 → 1382(+23 for winning)
|c|☆TradersJoe|gg, wp
|l|☆teamfollower
|player|p1|
