|j|☆senzumi_here
|j|☆jok3rinho
|html|senzumi_herejok3rinho    
|uhtml|bestof|Game 3 of a best-of-3
|t:|1782207592
|gametype|doubles
|player|p1|senzumi_here|psychicf-gen4|1227
|player|p2|jok3rinho|falkner|1331
|gen|9
|tier|[Gen 9 Champions] VGC 2026 Reg M-B (Bo3)
|rated|
|rule|Species Clause: Limit one of each Pokémon
|rule|Item Clause: Limit 1 of each item
|clearpoke
|poke|p1|Froslass, L50, F|
|poke|p1|Scovillain, L50, M|
|poke|p1|Lycanroc-Dusk, L50, M|
|poke|p1|Sneasler, L50, F|
|poke|p1|Basculegion, L50, M, shiny|
|poke|p1|Kingambit, L50, M, shiny|
|poke|p2|Gholdengo, L50|
|poke|p2|Whimsicott, L50, F|
|poke|p2|Incineroar, L50, F|
|poke|p2|Charizard, L50, M|
|poke|p2|Garchomp, L50, F|
|poke|p2|Basculegion, L50, M|
|teampreview|4
|showteam|p1|Froslass||Froslassite|CursedBody|Protect,Blizzard,ShadowBall,AuroraVeil|Timid||F|||50|]Scovillain||Scovillainite|Moody|Protect,Overheat,GigaDrain,RagePowder|Bold||M|||50|]Lycanroc-Dusk||FocusSash|ToughClaws|Protect,RockSlide,CloseCombat,Accelerock|Adamant||M|||50|]Sneasler||WhiteHerb|Unburden|Protect,GunkShot,CloseCombat,FakeOut|Jolly||F|||50|]Basculegion||SitrusBerry|Adaptability|Protect,WaveCrash,LastRespects,AquaJet|Adamant||M|||50|]Kingambit||Leftovers|Defiant|Protect,KowtowCleave,SuckerPunch,SwordsDance|Adamant||M|||50|
|showteam|p2|Gholdengo||MetalCoat|GoodasGold|MakeItRain,ShadowBall,NastyPlot,Protect|Modest|||||50|]Whimsicott||FocusSash|Prankster|Moonblast,Tailwind,Encore,Protect|Timid||F|||50|]Incineroar||SitrusBerry|Intimidate|ThroatChop,FlareBlitz,PartingShot,FakeOut|Careful||F|||50|]Charizard||CharizarditeY|SolarPower|HeatWave,WeatherBall,SolarBeam,Protect|Modest||M|||50|]Garchomp||LifeOrb|RoughSkin|RockSlide,DragonClaw,Earthquake,Protect|Jolly||F|||50|]Basculegion||MysticWater|Adaptability|WaveCrash,AquaJet,LastRespects,Protect|Adamant||M|||50|
|inactive|Battle timer is ON: inactive players will automatically lose when time's up. (requested by jok3rinho)
|
|t:|1782207634
|teamsize|p1|4
|teamsize|p2|4
|start
|switch|p1a: Froslass|Froslass, L50, F|100/100
|switch|p1b: Lycanroc|Lycanroc-Dusk, L50, M|100/100
|switch|p2a: Charizard|Charizard, L50, M|100/100
|switch|p2b: Gholdengo|Gholdengo, L50|100/100
|turn|1
|inactive|senzumi_here has 30 seconds left.
|inactive|jok3rinho has 30 seconds left.
|inactive|senzumi_here has 20 seconds left.
|inactive|senzumi_here has 15 seconds left.
|inactive|senzumi_here has 10 seconds left.
|
|t:|1782207686
|switch|p2a: Whimsicott|Whimsicott, L50, F|100/100
|detailschange|p1a: Froslass|Froslass-Mega, L50, F
|-mega|p1a: Froslass|Froslass|Froslassite
|-weather|Snowscape|[from] ability: Snow Warning|[of] p1a: Froslass
|move|p1b: Lycanroc|Accelerock|p2a: Whimsicott
|-damage|p2a: Whimsicott|56/100
|move|p1a: Froslass|Shadow Ball|p2b: Gholdengo
|-supereffective|p2b: Gholdengo|1
|-damage|p2b: Gholdengo|10/100
|move|p2b: Gholdengo|Make It Rain|p1b: Lycanroc|[spread] p1a,p1b
|-supereffective|p1a: Froslass|1
|-supereffective|p1b: Lycanroc|1
|-damage|p1a: Froslass|0 fnt
|-enditem|p1b: Lycanroc|Focus Sash
|-damage|p1b: Lycanroc|1/100
|-unboost|p2b: Gholdengo|spa|2
|faint|p1a: Froslass
|
|-weather|Snowscape|[upkeep]
|upkeep
|inactive|senzumi_here has 30 seconds left.
|inactive|senzumi_here has 20 seconds left.
|inactive|senzumi_here has 15 seconds left.
|inactive|senzumi_here has 10 seconds left.
|
|t:|1782207732
|switch|p1a: Basculegion|Basculegion, L50, M, shiny|100/100
|turn|2
|
|t:|1782207737
|move|p1b: Lycanroc|Protect|p1b: Lycanroc
|-singleturn|p1b: Lycanroc|Protect
|move|p1a: Basculegion|Aqua Jet|p2b: Gholdengo
|-damage|p2b: Gholdengo|0 fnt
|faint|p2b: Gholdengo
|move|p2a: Whimsicott|Moonblast|p1b: Lycanroc
|-activate|p1b: Lycanroc|move: Protect
|
|-weather|Snowscape|[upkeep]
|upkeep
|
|t:|1782207742
|switch|p2b: Garchomp|Garchomp, L50, F|100/100
|turn|3
|inactive|senzumi_here has 30 seconds left.
|
|t:|1782207771
|switch|p1b: Kingambit|Kingambit, L50, M, shiny|100/100
|move|p2a: Whimsicott|Tailwind|p2a: Whimsicott
|-sidestart|p2: jok3rinho|move: Tailwind
|move|p2b: Garchomp|Earthquake|p1a: Basculegion|[spread] p2a,p1a,p1b
|-resisted|p2a: Whimsicott|1
|-supereffective|p1b: Kingambit|1
|-damage|p2a: Whimsicott|16/100
|-damage|p1a: Basculegion|40/100
|-damage|p1b: Kingambit|22/100
|-enditem|p1a: Basculegion|Sitrus Berry|[eat]
|-heal|p1a: Basculegion|64/100|[from] item: Sitrus Berry
|-damage|p2b: Garchomp|90/100|[from] item: Life Orb
|move|p1a: Basculegion|Last Respects|p2b: Garchomp
|-damage|p2b: Garchomp|18/100
|
|-weather|Snowscape|[upkeep]
|-heal|p1b: Kingambit|28/100|[from] item: Leftovers
|upkeep
|turn|4
|inactive|senzumi_here has 30 seconds left.
|inactive|jok3rinho has 30 seconds left.
|inactive|senzumi_here has 20 seconds left.
|inactive|jok3rinho has 20 seconds left.
|inactive|senzumi_here has 15 seconds left.
|inactive|jok3rinho has 15 seconds left.
|inactive|senzumi_here has 10 seconds left.
|inactive|jok3rinho has 10 seconds left.
|inactive|jok3rinho has 5 seconds left.
|
|t:|1782207824
|move|p2b: Garchomp|Protect|p2b: Garchomp
|-singleturn|p2b: Garchomp|Protect
|move|p2a: Whimsicott|Encore|p1a: Basculegion
|-start|p1a: Basculegion|Encore
|move|p1b: Kingambit|Sucker Punch||[still]
|-fail|p1b: Kingambit
|move|p1a: Basculegion|Last Respects|p2a: Whimsicott
|-damage|p2a: Whimsicott|0 fnt
|faint|p2a: Whimsicott
|
|-weather|Snowscape|[upkeep]
|-heal|p1b: Kingambit|34/100|[from] item: Leftovers
|upkeep
|
|t:|1782207829
|switch|p2a: Charizard|Charizard, L50, M|100/100
|turn|5
|
|t:|1782207852
|detailschange|p2a: Charizard|Charizard-Mega-Y, L50, M
|-mega|p2a: Charizard|Charizard|Charizardite Y
|-weather|SunnyDay|[from] ability: Drought|[of] p2a: Charizard
|move|p2b: Garchomp|Protect||[still]
|-fail|p2b: Garchomp
|move|p1b: Kingambit|Sucker Punch||[still]
|-fail|p1b: Kingambit
|move|p2a: Charizard|Heat Wave|p1a: Basculegion|[spread] p1a,p1b
|-resisted|p1a: Basculegion|1
|-supereffective|p1b: Kingambit|1
|-damage|p1a: Basculegion|30/100
|-damage|p1b: Kingambit|0 fnt
|faint|p1b: Kingambit
|move|p1a: Basculegion|Last Respects|p2a: Charizard
|-damage|p2a: Charizard|0 fnt
|faint|p2a: Charizard
|
|-weather|SunnyDay|[upkeep]
|upkeep
|
|t:|1782207864
|switch|p1b: Lycanroc|Lycanroc-Dusk, L50, M|1/100
|turn|6
|inactive|senzumi_here has 30 seconds left.
|
|t:|1782207890
|move|p1b: Lycanroc|Protect|p1b: Lycanroc
|-singleturn|p1b: Lycanroc|Protect
|move|p2b: Garchomp|Earthquake|p1b: Lycanroc|[spread] p1a
|-activate|p1b: Lycanroc|move: Protect
|-damage|p1a: Basculegion|0 fnt
|faint|p1a: Basculegion
|-damage|p2b: Garchomp|9/100|[from] item: Life Orb
|
|-weather|SunnyDay|[upkeep]
|-sideend|p2: jok3rinho|move: Tailwind
|upkeep
|turn|7
|
|t:|1782207895
|move|p1b: Lycanroc|Accelerock|p2b: Garchomp
|-resisted|p2b: Garchomp|1
|-damage|p2b: Garchomp|0 fnt
|-damage|p1b: Lycanroc|0 fnt|[from] ability: Rough Skin|[of] p2b: Garchomp
|faint|p2b: Garchomp
|faint|p1b: Lycanroc
|
|win|senzumi_here
|raw|senzumi_here's rating: 1227 → 1259(+32 for winning)
|raw|jok3rinho's rating: 1331 → 1305(-26 for losing)
|c|☆senzumi_here|gg
