|j|☆Kotestplayer
|j|☆Hankk1995
|html|KotestplayerHankk1995    
|uhtml|bestof|Game 2 of a best-of-3
|t:|1786159731
|gametype|doubles
|player|p1|Kotestplayer|266|
|player|p2|Hankk1995|miriam|
|gen|9
|tier|[Gen 9 Champions] VGC 2026 Reg M-B (Bo3)
|rule|Species Clause: Limit one of each Pokémon
|rule|Item Clause: Limit 1 of each item
|clearpoke
|poke|p1|Whimsicott, L50, M|
|poke|p1|Garchomp, L50, M|
|poke|p1|Sylveon, L50, M|
|poke|p1|Gholdengo, L50|
|poke|p1|Gyarados, L50, F|
|poke|p1|Raichu, L50, M|
|poke|p2|Raichu, L50, F|
|poke|p2|Staraptor, L50, F|
|poke|p2|Arcanine-Hisui, L50, M|
|poke|p2|Farigiraf, L50, M|
|poke|p2|Sylveon, L50, F|
|poke|p2|Kingambit, L50, M|
|teampreview|4
|showteam|p1|Whimsicott||FocusSash|Prankster|Moonblast,Tailwind,Encore,Protect|Timid||M|||50|]Garchomp||LifeOrb|RoughSkin|DragonClaw,StompingTantrum,RockSlide,Protect|Jolly||M|||50|]Sylveon||FairyFeather|Pixilate|HyperVoice,HyperBeam,QuickAttack,Detect|Modest||M|||50|]Gholdengo||SitrusBerry|GoodasGold|MakeItRain,ShadowBall,NastyPlot,Protect|Modest|||||50|]Gyarados||Gyaradosite|Intimidate|Waterfall,LashOut,DragonDance,Protect|Adamant||F|||50|]Raichu||RaichuniteY|Static|FakeOut,ZapCannon,FocusBlast,Protect|Timid||M|||50|
|showteam|p2|Raichu||RaichuniteY|LightningRod|ZapCannon,FocusBlast,FakeOut,Protect|Timid||F|||50|]Staraptor||Staraptite|Intimidate|CloseCombat,DualWingbeat,Tailwind,Protect|Jolly||F|||50|]Arcanine-Hisui||FocusSash|RockHead|FlareBlitz,HeadSmash,ExtremeSpeed,Protect|Jolly||M|||50|]Farigiraf||SitrusBerry|ArmorTail|Psychic,HelpingHand,TrickRoom,Protect|Calm||M|||50|]Sylveon||FairyFeather|Pixilate|HyperVoice,QuickAttack,HyperBeam,Detect|Modest||F|||50|]Kingambit||LifeOrb|Defiant|KowtowCleave,SuckerPunch,SwordsDance,Protect|Adamant||M|||50|
|
|t:|1786159874
|teamsize|p1|4
|teamsize|p2|4
|start
|switch|p1a: Raichu|Raichu, L50, M|100/100
|switch|p1b: Sylveon|Sylveon, L50, M|100/100
|switch|p2a: Raichu|Raichu, L50, F|100/100
|switch|p2b: Arcanine|Arcanine-Hisui, L50, M|100/100
|turn|1
|
|t:|1786159914
|move|p2a: Raichu|Protect|p2a: Raichu
|-singleturn|p2a: Raichu|Protect
|move|p1a: Raichu|Protect|p1a: Raichu
|-singleturn|p1a: Raichu|Protect
|move|p2b: Arcanine|Protect|p2b: Arcanine
|-singleturn|p2b: Arcanine|Protect
|move|p1b: Sylveon|Detect||[still]
|-fail|p1b: Sylveon
|
|upkeep
|turn|2
|
|t:|1786159951
|detailschange|p2a: Raichu|Raichu-Mega-Y, L50, F
|-mega|p2a: Raichu|Raichu|Raichunite Y
|detailschange|p1a: Raichu|Raichu-Mega-Y, L50, M
|-mega|p1a: Raichu|Raichu|Raichunite Y
|move|p2a: Raichu|Zap Cannon|p1b: Sylveon
|-damage|p1b: Sylveon|45/100
|-status|p1b: Sylveon|par
|move|p1a: Raichu|Focus Blast|p2b: Arcanine
|-supereffective|p2b: Arcanine|1
|-enditem|p2b: Arcanine|Focus Sash
|-damage|p2b: Arcanine|1/100
|move|p2b: Arcanine|Head Smash|p1b: Sylveon
|-damage|p1b: Sylveon|0 fnt
|faint|p1b: Sylveon
|
|upkeep
|
|t:|1786159965
|switch|p1b: Garchomp|Garchomp, L50, M|100/100
|turn|3
|
|t:|1786160011
|switch|p2a: Kingambit|Kingambit, L50, M|100/100
|move|p2b: Arcanine|Extreme Speed|p1a: Raichu
|-crit|p1a: Raichu
|-damage|p1a: Raichu|20/100y
|move|p1a: Raichu|Zap Cannon|p2b: Arcanine
|-damage|p2b: Arcanine|0 fnt
|faint|p2b: Arcanine
|move|p1b: Garchomp|Stomping Tantrum|p2a: Kingambit
|-supereffective|p2a: Kingambit|1
|-damage|p2a: Kingambit|19/100
|-damage|p1b: Garchomp|90/100|[from] item: Life Orb
|
|upkeep
|
|t:|1786160029
|switch|p2b: Raichu|Raichu-Mega-Y, L50, F|100/100
|turn|4
|
|t:|1786160067
|switch|p1a: Gholdengo|Gholdengo, L50|100/100
|move|p2a: Kingambit|Sucker Punch|p1b: Garchomp
|-damage|p1b: Garchomp|32/100
|-damage|p2a: Kingambit|7/100|[from] ability: Rough Skin|[of] p1b: Garchomp
|-damage|p2a: Kingambit|0 fnt|[from] item: Life Orb
|faint|p2a: Kingambit
|move|p2b: Raichu|Focus Blast|p1b: Garchomp
|-crit|p1b: Garchomp
|-damage|p1b: Garchomp|0 fnt
|faint|p1b: Garchomp
|
|upkeep
|
|t:|1786160078
|switch|p1b: Raichu|Raichu-Mega-Y, L50, M|20/100y
|switch|p2a: Sylveon|Sylveon, L50, F|100/100
|turn|5
|
|t:|1786160110
|move|p1b: Raichu|Fake Out|p2b: Raichu
|-damage|p2b: Raichu|85/100
|cant|p2b: Raichu|flinch
|move|p1a: Gholdengo|Nasty Plot|p1a: Gholdengo
|-boost|p1a: Gholdengo|spa|2
|move|p2a: Sylveon|Hyper Voice|p1b: Raichu|[spread] p1a,p1b
|-resisted|p1a: Gholdengo|1
|-damage|p1a: Gholdengo|74/100
|-damage|p1b: Raichu|0 fnt
|faint|p1b: Raichu
|
|upkeep
|turn|6
|
|t:|1786160130
|move|p1a: Gholdengo|Protect|p1a: Gholdengo
|-singleturn|p1a: Gholdengo|Protect
|move|p2b: Raichu|Zap Cannon|p1a: Gholdengo
|-activate|p1a: Gholdengo|move: Protect
|move|p2a: Sylveon|Hyper Beam|p1a: Gholdengo
|-activate|p1a: Gholdengo|move: Protect
|
|upkeep
|turn|7
|
|t:|1786160139
|move|p2b: Raichu|Zap Cannon|p1a: Gholdengo
|-damage|p1a: Gholdengo|10/100
|-status|p1a: Gholdengo|par
|-enditem|p1a: Gholdengo|Sitrus Berry|[eat]
|-heal|p1a: Gholdengo|35/100 par|[from] item: Sitrus Berry
|move|p2a: Sylveon|Hyper Beam|p1a: Gholdengo
|-resisted|p1a: Gholdengo|1
|-damage|p1a: Gholdengo|0 fnt
|-mustrecharge|p2a: Sylveon
|faint|p1a: Gholdengo
|
|win|Hankk1995
||Hankk1995 is ready for game 3.
|inactive|Kotestplayer has 30 seconds to confirm battle start!
||Kotestplayer is ready for game 3.
|uhtml|next|Next: Game 3 of 3
