|j|☆EggoWafflez
|j|☆new mental
|html|EggoWaffleznew mental    
|uhtml|bestof|Game 2 of a best-of-3
|t:|1783694381
|gametype|doubles
|player|p1|EggoWafflez|maylene|1406
|player|p2|new mental|volkner|1303
|gen|9
|tier|[Gen 9 Champions] VGC 2026 Reg M-B (Bo3)
|rated|
|rule|Species Clause: Limit one of each Pokémon
|rule|Item Clause: Limit 1 of each item
|clearpoke
|poke|p1|Aerodactyl, L50, M|
|poke|p1|Charizard, L50, M|
|poke|p1|Garchomp, L50, F|
|poke|p1|Sylveon, L50, F|
|poke|p1|Farigiraf, L50, M|
|poke|p1|Incineroar, L50, F|
|poke|p2|Charizard, L50, M|
|poke|p2|Kingambit, L50, M|
|poke|p2|Sylveon, L50, M|
|poke|p2|Garchomp, L50, M|
|poke|p2|Aerodactyl, L50, F|
|poke|p2|Farigiraf, L50, M|
|teampreview|4
|showteam|p1|Aerodactyl||Aerodactylite|Unnerve|RockSlide,DualWingbeat,Protect,Tailwind|Jolly||M|||50|]Charizard||CharizarditeY|Blaze|HeatWave,SolarBeam,Protect,WeatherBall|Modest||M|||50|]Garchomp||LifeOrb|RoughSkin|Earthquake,DragonClaw,Protect,StompingTantrum|Jolly||F|||50|]Sylveon||FairyFeather|Pixilate|HyperVoice,Moonblast,Protect,Yawn|Modest||F|||50|]Farigiraf||ColburBerry|ArmorTail|Psychic,HelpingHand,Protect,TrickRoom|Calm||M|||50|]Incineroar||Charcoal|Intimidate|FlareBlitz,DarkestLariat,FakeOut,PartingShot|Brave||F|||50|
|showteam|p2|Charizard||CharizarditeY|SolarPower|Protect,HeatWave,SolarBeam,WeatherBall|Modest||M|||50|]Kingambit||FocusSash|Defiant|IronHead,SuckerPunch,KowtowCleave,LowKick|Adamant||M|||50|]Sylveon||FairyFeather|Pixilate|Detect,HyperVoice,HyperBeam,QuickAttack|Modest||M|||50|]Garchomp||LifeOrb|RoughSkin|Protect,DragonClaw,Earthquake,RockSlide|Jolly||M|||50|]Aerodactyl||Aerodactylite|Unnerve|IceFang,RockSlide,Tailwind,DualWingbeat|Jolly||F|||50|]Farigiraf||SitrusBerry|ArmorTail|TrickRoom,Psychic,Thunderbolt,Roar|Bold||M|||50|
|inactive|Battle timer is ON: inactive players will automatically lose when time's up. (requested by new mental)
|
|t:|1783694410
|teamsize|p1|4
|teamsize|p2|4
|start
|switch|p1a: Aerodactyl|Aerodactyl, L50, M|100/100
|switch|p1b: Incineroar|Incineroar, L50, F|100/100
|switch|p2a: Aerodactyl|Aerodactyl, L50, F|100/100
|switch|p2b: Kingambit|Kingambit, L50, M|100/100
|-ability|p2a: Aerodactyl|Unnerve
|-ability|p1a: Aerodactyl|Unnerve
|-ability|p1b: Incineroar|Intimidate|boost
|-unboost|p2a: Aerodactyl|atk|1
|-unboost|p2b: Kingambit|atk|1
|-ability|p2b: Kingambit|Defiant|boost
|-boost|p2b: Kingambit|atk|2
|turn|1
|inactive|new mental has 30 seconds left.
|
|t:|1783694440
|switch|p2a: Farigiraf|Farigiraf, L50, M|100/100
|move|p1a: Aerodactyl|Rock Slide|p2b: Kingambit|[spread] p2a,p2b
|-resisted|p2b: Kingambit|1
|-damage|p2a: Farigiraf|79/100
|-damage|p2b: Kingambit|88/100
|move|p2b: Kingambit|Low Kick|p1b: Incineroar
|-supereffective|p1b: Incineroar|1
|-damage|p1b: Incineroar|4/100
|move|p1b: Incineroar|Flare Blitz|p2b: Kingambit
|-supereffective|p2b: Kingambit|1
|-damage|p2b: Kingambit|0 fnt
|faint|p2b: Kingambit
|-damage|p1b: Incineroar|0 fnt|[from] Recoil
|faint|p1b: Incineroar
|
|upkeep
|inactive|EggoWafflez has 30 seconds left.
|inactive|EggoWafflez has 20 seconds left.
|
|t:|1783694480
|switch|p2b: Aerodactyl|Aerodactyl, L50, F|100/100
|switch|p1b: Gangle|Sylveon, L50, F|100/100
|-ability|p2b: Aerodactyl|Unnerve
|turn|2
|inactive|EggoWafflez has 30 seconds left.
|
|t:|1783694507
|detailschange|p2b: Aerodactyl|Aerodactyl-Mega, L50, F
|-mega|p2b: Aerodactyl|Aerodactyl|Aerodactylite
|detailschange|p1a: Aerodactyl|Aerodactyl-Mega, L50, M
|-mega|p1a: Aerodactyl|Aerodactyl|Aerodactylite
|move|p1a: Aerodactyl|Rock Slide|p2a: Farigiraf|[spread] p2a,p2b
|-supereffective|p2b: Aerodactyl|1
|-damage|p2a: Farigiraf|56/100
|-damage|p2b: Aerodactyl|31/100
|move|p2b: Aerodactyl|Rock Slide|p1a: Aerodactyl|[spread] p1a,p1b
|-supereffective|p1a: Aerodactyl|1
|-crit|p1b: Gangle
|-damage|p1a: Aerodactyl|31/100
|-damage|p1b: Gangle|62/100
|cant|p1b: Gangle|flinch
|move|p2a: Farigiraf|Psychic|p1b: Gangle
|-damage|p1b: Gangle|37/100
|
|upkeep
|turn|3
|inactive|EggoWafflez has 30 seconds left.
|inactive|new mental has 30 seconds left.
|
|t:|1783694539
|move|p1a: Aerodactyl|Rock Slide|p2a: Farigiraf|[spread] p2a,p2b
|-supereffective|p2b: Aerodactyl|1
|-damage|p2a: Farigiraf|32/100
|-damage|p2b: Aerodactyl|0 fnt
|-enditem|p2a: Farigiraf|Sitrus Berry|[eat]
|-heal|p2a: Farigiraf|57/100|[from] item: Sitrus Berry
|faint|p2b: Aerodactyl
|move|p1b: Gangle|Hyper Voice|p2a: Farigiraf
|-damage|p2a: Farigiraf|4/100
|move|p2a: Farigiraf|Psychic|p1b: Gangle
|-damage|p1b: Gangle|10/100
|
|upkeep
|
|t:|1783694549
|switch|p2b: Sylveon|Sylveon, L50, M|100/100
|turn|4
|
|t:|1783694572
|move|p1a: Aerodactyl|Rock Slide|p2a: Farigiraf|[spread] p2a,p2b
|-damage|p2a: Farigiraf|0 fnt
|-damage|p2b: Sylveon|62/100
|faint|p2a: Farigiraf
|move|p2b: Sylveon|Hyper Voice|p1b: Gangle|[spread] p1a,p1b
|-damage|p1a: Aerodactyl|0 fnt
|-damage|p1b: Gangle|0 fnt
|faint|p1a: Aerodactyl
|faint|p1b: Gangle
|
|upkeep
|
|t:|1783694580
|switch|p1b: Charizard|Charizard, L50, M|100/100
|turn|5
|
|t:|1783694582
|move|p1b: Charizard|Heat Wave|p2b: Sylveon
|-damage|p2b: Sylveon|31/100
|-status|p2b: Sylveon|brn
|move|p2b: Sylveon|Hyper Voice|p1b: Charizard
|-resisted|p1b: Charizard|1
|-damage|p1b: Charizard|56/100
|
|-damage|p2b: Sylveon|25/100 brn|[from] brn
|upkeep
|turn|6
|
|t:|1783694591
|move|p1b: Charizard|Protect|p1b: Charizard
|-singleturn|p1b: Charizard|Protect
|move|p2b: Sylveon|Hyper Beam|p1b: Charizard
|-activate|p1b: Charizard|move: Protect
|
|-damage|p2b: Sylveon|19/100 brn|[from] brn
|upkeep
|turn|7
|
|t:|1783694594
|move|p1b: Charizard|Heat Wave|p2b: Sylveon
|-damage|p2b: Sylveon|0 fnt
|faint|p2b: Sylveon
|
|win|EggoWafflez
|raw|EggoWafflez's rating: 1417 → 1431(+14 for winning)
|raw|new mental's rating: 1303 → 1289(-14 for losing)
