|j|☆jayoticnl
|j|☆Ossi1590
|html|jayoticnlOssi1590    
|uhtml|bestof|Game 2 of a best-of-3
|t:|1783436748
|gametype|doubles
|player|p1|jayoticnl|jacinthe|1224
|player|p2|Ossi1590|colress|1358
|gen|9
|tier|[Gen 9 Champions] VGC 2026 Reg M-B (Bo3)
|rated|
|rule|Species Clause: Limit one of each Pokémon
|rule|Item Clause: Limit 1 of each item
|clearpoke
|poke|p1|Tyranitar, L50, F|
|poke|p1|Excadrill, L50, M|
|poke|p1|Primarina, L50, F|
|poke|p1|Rotom-Heat, L50|
|poke|p1|Corviknight, L50, M|
|poke|p1|Sinistcha, L50|
|poke|p2|Raichu, L50, M|
|poke|p2|Mawile, L50, F|
|poke|p2|Sinistcha, L50|
|poke|p2|Ceruledge, L50, M|
|poke|p2|Milotic, L50, F|
|poke|p2|Incineroar, L50, F|
|teampreview|4
|showteam|p1|Tyranitar||Tyranitarite|SandStream|RockSlide,KnockOff,LowKick,Protect|Adamant||F|||50|]Excadrill||FocusSash|SandRush|Earthquake,IronHead,RockSlide,Protect|Adamant||M|||50|]Primarina||LifeOrb|LiquidVoice|Moonblast,HyperVoice,CalmMind,Protect|Modest||F|||50|]Rotom-Heat||ChoiceScarf|Levitate|Overheat,Thunderbolt,VoltSwitch,Electroweb|Timid|||||50|]Corviknight||Leftovers|MirrorArmor|BraveBird,IronHead,Tailwind,BulkUp|Careful||M|||50|]Sinistcha||SitrusBerry|Hospitality|MatchaGotcha,RagePowder,Protect,TrickRoom|Bold|||||50|
|showteam|p2|Raichu||RaichuniteY|LightningRod|ZapCannon,FocusBlast,FakeOut,Protect|Timid||M|||50|]Mawile||Mawilite|HyperCutter|PlayRough,SuckerPunch,SwordsDance,Protect|Adamant||F|||50|]Sinistcha||KasibBerry|Hospitality|MatchaGotcha,LifeDew,RagePowder,Protect|Relaxed|||||50|]Ceruledge||ColburBerry|FlashFire|BitterBlade,ShadowSneak,BulkUp,Protect|Adamant||M|||50|]Milotic||Leftovers|Competitive|MuddyWater,Coil,Hypnosis,Protect|Calm||F|||50|]Incineroar||SitrusBerry|Intimidate|FlareBlitz,ThroatChop,FakeOut,PartingShot|Impish||F|||50|
|
|t:|1783436787
|teamsize|p1|4
|teamsize|p2|4
|start
|switch|p1a: Rotom|Rotom-Heat, L50|100/100
|switch|p1b: Tyranitar|Tyranitar, L50, F|100/100
|switch|p2a: Milotic|Milotic, L50, F|100/100
|switch|p2b: Raichu|Raichu, L50, M|100/100
|-weather|Sandstorm|[from] ability: Sand Stream|[of] p1b: Tyranitar
|turn|1
|
|t:|1783436804
|detailschange|p2b: Raichu|Raichu-Mega-Y, L50, M
|-mega|p2b: Raichu|Raichu|Raichunite Y
|detailschange|p1b: Tyranitar|Tyranitar-Mega, L50, F
|-mega|p1b: Tyranitar|Tyranitar|Tyranitarite
|move|p2b: Raichu|Fake Out|p1a: Rotom
|-damage|p1a: Rotom|89/100
|cant|p1a: Rotom|flinch
|move|p2a: Milotic|Coil|p2a: Milotic
|-boost|p2a: Milotic|atk|1
|-boost|p2a: Milotic|def|1
|-boost|p2a: Milotic|accuracy|1
|move|p1b: Tyranitar|Rock Slide|p2a: Milotic|[spread] p2a,p2b
|-damage|p2a: Milotic|77/100
|-damage|p2b: Raichu|43/100
|
|-weather|Sandstorm|[upkeep]
|-damage|p1a: Rotom|82/100|[from] Sandstorm
|-damage|p2b: Raichu|36/100|[from] Sandstorm
|-damage|p2a: Milotic|71/100|[from] Sandstorm
|-heal|p2a: Milotic|77/100|[from] item: Leftovers
|upkeep
|turn|2
|
|t:|1783436825
|move|p2b: Raichu|Protect|p2b: Raichu
|-singleturn|p2b: Raichu|Protect
|move|p1b: Tyranitar|Protect|p1b: Tyranitar
|-singleturn|p1b: Tyranitar|Protect
|move|p1a: Rotom|Thunderbolt|p2a: Milotic
|-supereffective|p2a: Milotic|1
|-damage|p2a: Milotic|22/100
|move|p2a: Milotic|Hypnosis|p1a: Rotom
|-status|p1a: Rotom|slp|[from] move: Hypnosis
|
|-weather|Sandstorm|[upkeep]
|-damage|p1a: Rotom|76/100 slp|[from] Sandstorm
|-damage|p2b: Raichu|30/100|[from] Sandstorm
|-damage|p2a: Milotic|16/100|[from] Sandstorm
|-heal|p2a: Milotic|22/100|[from] item: Leftovers
|upkeep
|turn|3
|
|t:|1783436839
|switch|p2b: Sinistcha|Sinistcha, L50|100/100
|-heal|p2a: Milotic|47/100|[from] ability: Hospitality|[of] p2b: Sinistcha
|cant|p1a: Rotom|slp
|move|p1b: Tyranitar|Rock Slide|p2b: Sinistcha|[spread] p2a,p2b
|-damage|p2a: Milotic|26/100
|-damage|p2b: Sinistcha|67/100
|move|p2a: Milotic|Muddy Water|p1b: Tyranitar|[spread] p1a,p1b
|-supereffective|p1a: Rotom|1
|-supereffective|p1b: Tyranitar|1
|-damage|p1a: Rotom|11/100 slp
|-damage|p1b: Tyranitar|75/100
|
|-weather|Sandstorm|[upkeep]
|-damage|p1a: Rotom|5/100 slp|[from] Sandstorm
|-damage|p2a: Milotic|20/100y|[from] Sandstorm
|-damage|p2b: Sinistcha|61/100|[from] Sandstorm
|-heal|p2a: Milotic|26/100|[from] item: Leftovers
|upkeep
|turn|4
|
|t:|1783436856
|switch|p1a: Excadrill|Excadrill, L50, M|100/100
|switch|p2b: Incineroar|Incineroar, L50, F|100/100
|-ability|p2b: Incineroar|Intimidate|boost
|-unboost|p1a: Excadrill|atk|1
|-unboost|p1b: Tyranitar|atk|1
|move|p2a: Milotic|Protect|p2a: Milotic
|-singleturn|p2a: Milotic|Protect
|move|p1b: Tyranitar|Knock Off|p2a: Milotic
|-activate|p2a: Milotic|move: Protect
|
|-weather|Sandstorm|[upkeep]
|-damage|p2a: Milotic|20/100y|[from] Sandstorm
|-damage|p2b: Incineroar|94/100|[from] Sandstorm
|-heal|p2a: Milotic|26/100|[from] item: Leftovers
|upkeep
|turn|5
|
|t:|1783436876
|move|p2b: Incineroar|Fake Out|p1a: Excadrill
|-resisted|p1a: Excadrill|1
|-damage|p1a: Excadrill|92/100
|cant|p1a: Excadrill|flinch
|move|p1b: Tyranitar|Knock Off|p2a: Milotic
|-damage|p2a: Milotic|1/100
|-enditem|p2a: Milotic|Leftovers|[from] move: Knock Off|[of] p1b: Tyranitar
|move|p2a: Milotic|Muddy Water|p1a: Excadrill|[spread] p1a,p1b
|-supereffective|p1a: Excadrill|1
|-supereffective|p1b: Tyranitar|1
|-damage|p1a: Excadrill|25/100
|-damage|p1b: Tyranitar|50/100g
|-unboost|p1b: Tyranitar|accuracy|1
|
|-weather|none
|upkeep
|turn|6
|
|t:|1783436887
|switch|p1b: Primarina|Primarina, L50, F|100/100
|move|p2a: Milotic|Protect|p2a: Milotic
|-singleturn|p2a: Milotic|Protect
|move|p1a: Excadrill|Rock Slide|p2b: Incineroar|[spread] p2b
|-activate|p2a: Milotic|move: Protect
|-supereffective|p2b: Incineroar|1
|-damage|p2b: Incineroar|71/100
|move|p2b: Incineroar|Parting Shot|p1b: Primarina
|-unboost|p1b: Primarina|atk|1
|-unboost|p1b: Primarina|spa|1
|
|t:|1783436899
|switch|p2b: Sinistcha|Sinistcha, L50|61/100|[from] Parting Shot
|-heal|p2a: Milotic|26/100|[from] ability: Hospitality|[of] p2b: Sinistcha
|
|upkeep
|turn|7
|
|t:|1783436918
|move|p1a: Excadrill|Iron Head|p2b: Sinistcha
|-damage|p2b: Sinistcha|36/100
|move|p2a: Milotic|Muddy Water|p1b: Primarina|[spread] p1a,p1b
|-supereffective|p1a: Excadrill|1
|-crit|p1a: Excadrill
|-resisted|p1b: Primarina|1
|-damage|p1a: Excadrill|0 fnt
|-damage|p1b: Primarina|89/100
|faint|p1a: Excadrill
|move|p1b: Primarina|Moonblast|p2a: Milotic
|-damage|p2a: Milotic|1/100
|-damage|p1b: Primarina|80/100|[from] item: Life Orb
|move|p2b: Sinistcha|Life Dew|p2b: Sinistcha|[spread] p2a,p2b
|-heal|p2a: Milotic|25/100
|-heal|p2b: Sinistcha|61/100
|
|upkeep
|
|t:|1783436921
|switch|p1a: Tyranitar|Tyranitar-Mega, L50, F|50/100g
|-weather|Sandstorm|[from] ability: Sand Stream|[of] p1a: Tyranitar
|turn|8
|
|t:|1783436940
|switch|p2b: Incineroar|Incineroar, L50, F|71/100
|-ability|p2b: Incineroar|Intimidate|boost
|-unboost|p1a: Tyranitar|atk|1
|-unboost|p1b: Primarina|atk|1
|move|p2a: Milotic|Protect|p2a: Milotic
|-singleturn|p2a: Milotic|Protect
|move|p1a: Tyranitar|Rock Slide|p2a: Milotic|[spread] p2b
|-activate|p2a: Milotic|move: Protect
|-supereffective|p2b: Incineroar|1
|-damage|p2b: Incineroar|35/100
|-enditem|p2b: Incineroar|Sitrus Berry|[eat]
|-heal|p2b: Incineroar|60/100|[from] item: Sitrus Berry
|move|p1b: Primarina|Hyper Voice|p2b: Incineroar|[spread] p2b
|-activate|p2a: Milotic|move: Protect
|-supereffective|p2b: Incineroar|1
|-damage|p2b: Incineroar|10/100
|-damage|p1b: Primarina|70/100|[from] item: Life Orb
|
|-weather|Sandstorm|[upkeep]
|-damage|p2a: Milotic|19/100|[from] Sandstorm
|-damage|p1b: Primarina|64/100|[from] Sandstorm
|-damage|p2b: Incineroar|4/100|[from] Sandstorm
|upkeep
|turn|9
|
|t:|1783436954
|move|p2b: Incineroar|Fake Out|p1a: Tyranitar
|-resisted|p1a: Tyranitar|1
|-damage|p1a: Tyranitar|47/100
|cant|p1a: Tyranitar|flinch
|move|p2a: Milotic|Hypnosis|p1b: Primarina
|-status|p1b: Primarina|slp|[from] move: Hypnosis
|cant|p1b: Primarina|slp
|
|-weather|Sandstorm|[upkeep]
|-damage|p2a: Milotic|13/100|[from] Sandstorm
|-damage|p1b: Primarina|57/100 slp|[from] Sandstorm
|-damage|p2b: Incineroar|0 fnt|[from] Sandstorm
|faint|p2b: Incineroar
|upkeep
|
|t:|1783436965
|switch|p2b: Sinistcha|Sinistcha, L50|61/100
|-heal|p2a: Milotic|38/100|[from] ability: Hospitality|[of] p2b: Sinistcha
|turn|10
|
|t:|1783436972
|move|p2b: Sinistcha|Rage Powder|p2b: Sinistcha
|-singleturn|p2b: Sinistcha|move: Rage Powder
|move|p1a: Tyranitar|Knock Off|p2b: Sinistcha
|-supereffective|p2b: Sinistcha|1
|-damage|p2b: Sinistcha|0 fnt
|-enditem|p2b: Sinistcha|Kasib Berry|[from] move: Knock Off|[of] p1a: Tyranitar
|faint|p2b: Sinistcha
|move|p2a: Milotic|Muddy Water|p1a: Tyranitar|[spread] p1a,p1b
|-supereffective|p1a: Tyranitar|1
|-resisted|p1b: Primarina|1
|-damage|p1a: Tyranitar|22/100
|-damage|p1b: Primarina|47/100 slp
|cant|p1b: Primarina|slp
|
|-weather|Sandstorm|[upkeep]
|-damage|p2a: Milotic|32/100|[from] Sandstorm
|-damage|p1b: Primarina|41/100 slp|[from] Sandstorm
|upkeep
|
|t:|1783436982
|switch|p2b: Raichu|Raichu-Mega-Y, L50, M|30/100
|turn|11
|
|t:|1783437007
|move|p1a: Tyranitar|Protect|p1a: Tyranitar
|-singleturn|p1a: Tyranitar|Protect
|move|p2b: Raichu|Zap Cannon|p1b: Primarina
|-supereffective|p1b: Primarina|1
|-damage|p1b: Primarina|0 fnt
|faint|p1b: Primarina
|move|p2a: Milotic|Muddy Water|p1a: Tyranitar
|-activate|p1a: Tyranitar|move: Protect
|
|-weather|Sandstorm|[upkeep]
|-damage|p2b: Raichu|24/100|[from] Sandstorm
|-damage|p2a: Milotic|26/100|[from] Sandstorm
|upkeep
|
|t:|1783437009
|switch|p1b: Rotom|Rotom-Heat, L50|5/100 slp
|turn|12
|
|t:|1783437018
|cant|p1b: Rotom|slp
|move|p2b: Raichu|Focus Blast|p1a: Tyranitar
|-supereffective|p1a: Tyranitar|2
|-damage|p1a: Tyranitar|0 fnt
|faint|p1a: Tyranitar
|move|p2a: Milotic|Muddy Water|p1b: Rotom
|-supereffective|p1b: Rotom|1
|-damage|p1b: Rotom|0 fnt
|faint|p1b: Rotom
|
|win|Ossi1590
||jayoticnl is ready for game 3.
