|j|☆Pawah
|j|☆lazarett
|html|Pawahlazarett    
|uhtml|bestof|Game 3 of a best-of-3
|t:|1756030747
|gametype|doubles
|player|p1|Pawah|ethan|1195
|player|p2|lazarett|riley|1292
|gen|9
|tier|[Gen 9] VGC 2025 Reg H (Bo3)
|rated|
|rule|Species Clause: Limit one of each Pokémon
|rule|Item Clause: Limit 1 of each item
|clearpoke
|poke|p1|Ursaluna, L50, M|
|poke|p1|Sinistcha, L50|
|poke|p1|Pelipper, L50, F|
|poke|p1|Archaludon, L50, F|
|poke|p1|Gholdengo, L50|
|poke|p1|Rillaboom, L50, M|
|poke|p2|Kilowattrel, L50, F|
|poke|p2|Ursaluna, L50, M|
|poke|p2|Porygon2, L50|
|poke|p2|Incineroar, L50, M|
|poke|p2|Amoonguss, L50, F|
|poke|p2|Gholdengo, L50|
|teampreview|4
|showteam|p1|Ursaluna||FlameOrb|Guts|HeadlongRush,Facade,Protect,Earthquake|||M|||50|,,,,,Ghost]Sinistcha||SitrusBerry|Hospitality|RagePowder,TrickRoom,LifeDew,MatchaGotcha||||||50|,,,,,Dark]Pelipper||FocusSash|Drizzle|Hurricane,Protect,WeatherBall,Tailwind|||F|||50|,,,,,Ghost]Archaludon||AssaultVest|Stamina|ElectroShot,FlashCannon,BodyPress,DracoMeteor|||F|||50|,,,,,Bug]Gholdengo||LifeOrb|GoodasGold|MakeItRain,ShadowBall,NastyPlot,Protect||||||50|,,,,,Dragon]Rillaboom||MiracleSeed|GrassySurge|GrassyGlide,WoodHammer,DrainPunch,Protect|||M|||50|,,,,,Grass
|showteam|p2|Kilowattrel||FocusSash|Competitive|Thunderbolt,AirSlash,Tailwind,Protect|||F|||50|,,,,,Ghost]Ursaluna||FlameOrb|Guts|Facade,Earthquake,HeadlongRush,Protect|||M|||50|,,,,,Ghost]Porygon2||Eviolite|Download|TeraBlast,IceBeam,Recover,TrickRoom||||||50|,,,,,Fighting]Incineroar||SafetyGoggles|Intimidate|KnockOff,PartingShot,FlareBlitz,FakeOut|||M|||50|,,,,,Ghost]Amoonguss||SitrusBerry|Regenerator|PollenPuff,ClearSmog,RagePowder,Spore|||F|||50|,,,,,Water]Gholdengo||LifeOrb|GoodasGold|MakeItRain,ShadowBall,NastyPlot,Protect||||||50|,,,,,Water
|inactive|Battle timer is ON: inactive players will automatically lose when time's up. (requested by Pawah)
|j| porygon-epilepz
|l| porygon-epilepz
|inactive|lazarett has 60 seconds left.
|inactive|lazarett has 30 seconds left.
|inactive|lazarett has 20 seconds left.
|
|t:|1756030820
|teamsize|p1|4
|teamsize|p2|4
|start
|switch|p1a: Pelipper|Pelipper, L50, F|100/100
|switch|p1b: Archaludon|Archaludon, L50, F|100/100
|switch|p2a: Kilowattrel|Kilowattrel, L50, F|100/100
|switch|p2b: Gholdengo|Gholdengo, L50|100/100
|-weather|RainDance|[from] ability: Drizzle|[of] p1a: Pelipper
|turn|1
|
|t:|1756030843
|move|p2a: Kilowattrel|Tailwind|p2a: Kilowattrel
|-sidestart|p2: lazarett|move: Tailwind
|move|p2b: Gholdengo|Shadow Ball|p1a: Pelipper
|-damage|p1a: Pelipper|8/100
|-damage|p2b: Gholdengo|91/100|[from] item: Life Orb
|move|p1a: Pelipper|Weather Ball|p2b: Gholdengo
|-damage|p2b: Gholdengo|18/100
|move|p1b: Archaludon|Electro Shot||[still]
|-prepare|p1b: Archaludon|Electro Shot
|-boost|p1b: Archaludon|spa|1
|-anim|p1b: Archaludon|Electro Shot|p2b: Gholdengo
|-damage|p2b: Gholdengo|0 fnt
|faint|p2b: Gholdengo
|
|-weather|RainDance|[upkeep]
|upkeep
|
|t:|1756030862
|switch|p2b: YOYOK|Ursaluna, L50, M|100/100
|turn|2
|inactive|lazarett has 30 seconds left.
|inactive|lazarett has 20 seconds left.
|inactive|Pawah has 30 seconds left.
|inactive|lazarett has 15 seconds left.
|
|t:|1756030909
|switch|p1a: Rillaboom|Rillaboom, L50, M|100/100
|-fieldstart|move: Grassy Terrain|[from] ability: Grassy Surge|[of] p1a: Rillaboom
|move|p2a: Kilowattrel|Thunderbolt|p1a: Rillaboom
|-resisted|p1a: Rillaboom
|-damage|p1a: Rillaboom|76/100
|-status|p1a: Rillaboom|par
|move|p2b: YOYOK|Headlong Rush|p1b: Archaludon
|-supereffective|p1b: Archaludon
|-damage|p1b: Archaludon|0 fnt
|-unboost|p2b: YOYOK|def|1
|-unboost|p2b: YOYOK|spd|1
|faint|p1b: Archaludon
|
|-weather|RainDance|[upkeep]
|-heal|p1a: Rillaboom|82/100 par|[from] Grassy Terrain
|-status|p2b: YOYOK|brn|[from] item: Flame Orb
|upkeep
|
|t:|1756030923
|switch|p1b: Ursaluna|Ursaluna, L50, M|100/100
|turn|3
|
|t:|1756030946
|-terastallize|p2a: Kilowattrel|Ghost
|move|p2b: YOYOK|Protect|p2b: YOYOK
|-singleturn|p2b: YOYOK|Protect
|move|p1b: Ursaluna|Protect|p1b: Ursaluna
|-singleturn|p1b: Ursaluna|Protect
|move|p1a: Rillaboom|Protect|p1a: Rillaboom
|-singleturn|p1a: Rillaboom|Protect
|move|p2a: Kilowattrel|Air Slash|p1a: Rillaboom
|-activate|p1a: Rillaboom|move: Protect
|
|-weather|RainDance|[upkeep]
|-heal|p1a: Rillaboom|88/100 par|[from] Grassy Terrain
|-damage|p2b: YOYOK|94/100 brn|[from] brn
|-status|p1b: Ursaluna|brn|[from] item: Flame Orb
|upkeep
|turn|4
|
|t:|1756030967
|move|p1a: Rillaboom|Grassy Glide|p2b: YOYOK
|-supereffective|p2b: YOYOK
|-damage|p2b: YOYOK|0 fnt
|faint|p2b: YOYOK
|move|p2a: Kilowattrel|Air Slash|p1a: Rillaboom
|-supereffective|p1a: Rillaboom
|-damage|p1a: Rillaboom|0 fnt
|faint|p1a: Rillaboom
|move|p1b: Ursaluna|Headlong Rush|p2a: Kilowattrel
|-enditem|p2a: Kilowattrel|Focus Sash
|-damage|p2a: Kilowattrel|1/100
|-unboost|p1b: Ursaluna|def|1
|-unboost|p1b: Ursaluna|spd|1
|
|-weather|RainDance|[upkeep]
|-heal|p2a: Kilowattrel|7/100|[from] Grassy Terrain
|-damage|p1b: Ursaluna|95/100 brn|[from] brn
|-sideend|p2: lazarett|move: Tailwind
|upkeep
|
|t:|1756030978
|switch|p1a: Pelipper|Pelipper, L50, F|8/100
|switch|p2b: Maroon|Porygon2, L50|100/100
|-ability|p2b: Maroon|Download|boost
|-boost|p2b: Maroon|spa|1
|turn|5
|inactive|lazarett has 30 seconds left.
|
|t:|1756031011
|-terastallize|p1b: Ursaluna|Ghost
|move|p1a: Pelipper|Protect|p1a: Pelipper
|-singleturn|p1a: Pelipper|Protect
|move|p2a: Kilowattrel|Thunderbolt|p1a: Pelipper
|-activate|p1a: Pelipper|move: Protect
|move|p2b: Maroon|Ice Beam|p1b: Ursaluna
|-damage|p1b: Ursaluna|36/100 brn
|move|p1b: Ursaluna|Earthquake|p2a: Kilowattrel|[spread] p2a,p2b
|-activate|p1a: Pelipper|move: Protect
|-damage|p2a: Kilowattrel|0 fnt
|-damage|p2b: Maroon|80/100
|faint|p2a: Kilowattrel
|
|-weather|none
|-heal|p2b: Maroon|86/100|[from] Grassy Terrain
|-heal|p1b: Ursaluna|42/100 brn|[from] Grassy Terrain
|-damage|p1b: Ursaluna|36/100 brn|[from] brn
|upkeep
|turn|6
|inactive|lazarett has 30 seconds left.
|
|t:|1756031044
|move|p1a: Pelipper|Tailwind|p1a: Pelipper
|-sidestart|p1: Pawah|move: Tailwind
|move|p1b: Ursaluna|Facade|p2b: Maroon
|-damage|p2b: Maroon|5/100
|move|p2b: Maroon|Trick Room|p2b: Maroon
|-fieldstart|move: Trick Room|[of] p2b: Maroon
|
|-heal|p2b: Maroon|11/100|[from] Grassy Terrain
|-heal|p1b: Ursaluna|42/100 brn|[from] Grassy Terrain
|-damage|p1b: Ursaluna|36/100 brn|[from] brn
|-fieldend|move: Grassy Terrain
|upkeep
|turn|7
|inactive|Pawah has 30 seconds left.
|
|t:|1756031077
|move|p2b: Maroon|Ice Beam|p1b: Ursaluna
|-damage|p1b: Ursaluna|0 fnt
|faint|p1b: Ursaluna
|move|p1a: Pelipper|Weather Ball|p2b: Maroon
|-damage|p2b: Maroon|2/100
|
|upkeep
|turn|8
|
|t:|1756031092
|move|p1a: Pelipper|Protect|p1a: Pelipper
|-singleturn|p1a: Pelipper|Protect
|move|p2b: Maroon|Tera Blast|p1a: Pelipper
|-activate|p1a: Pelipper|move: Protect
|
|upkeep
|turn|9
|
|t:|1756031101
|move|p1a: Pelipper|Protect||[still]
|-fail|p1a: Pelipper
|move|p2b: Maroon|Recover|p2b: Maroon
|-heal|p2b: Maroon|52/100
|
|-sideend|p1: Pawah|move: Tailwind
|upkeep
|turn|10
|
|t:|1756031109
|move|p1a: Pelipper|Protect|p1a: Pelipper
|-singleturn|p1a: Pelipper|Protect
|move|p2b: Maroon|Recover|p2b: Maroon
|-heal|p2b: Maroon|100/100
|
|-fieldend|move: Trick Room
|upkeep
|turn|11
|
|t:|1756031114
|move|p1a: Pelipper|Hurricane|p2b: Maroon
|-damage|p2b: Maroon|71/100
|move|p2b: Maroon|Tera Blast|p1a: Pelipper
|-damage|p1a: Pelipper|0 fnt
|faint|p1a: Pelipper
|
|win|lazarett
|raw|Pawah's rating: 1195 → 1177(-18 for losing)
|raw|lazarett's rating: 1292 → 1310(+18 for winning)
