|j|☆pokeplaygg
|j|☆jhakque zyx
|html|pokeplayggjhakque zyx    
|uhtml|bestof|Game 2 of a best-of-3
|t:|1756699900
|gametype|doubles
|player|p1|pokeplaygg|101|1148
|player|p2|jhakque zyx|1|1191
|gen|9
|tier|[Gen 9] VGC 2025 Reg H (Bo3)
|rated|
|rule|Species Clause: Limit one of each Pokémon
|rule|Item Clause: Limit 1 of each item
|clearpoke
|poke|p1|Amoonguss, L50, F|
|poke|p1|Annihilape, L50, M|
|poke|p1|Pelipper, L50, F|
|poke|p1|Maushold, L50|
|poke|p1|Basculegion, L50, M|
|poke|p1|Rillaboom, L50, M|
|poke|p2|Ursaluna-Bloodmoon, L50, M|
|poke|p2|Indeedee-F, L50, F|
|poke|p2|Hatterene, L50, F|
|poke|p2|Torkoal, L50, F|
|poke|p2|Typhlosion-Hisui, L50, F|
|poke|p2|Lilligant-Hisui, L50, F|
|teampreview|4
|showteam|p1|Amoonguss||RockyHelmet|Regenerator|ClearSmog,Spore,RagePowder,PollenPuff|||F|||50|,,,,,Water]Annihilape||Leftovers|Defiant|Protect,DrainPunch,BulkUp,RageFist|||M|||50|,,,,,Fire]Pelipper||FocusSash|Drizzle|WeatherBall,Protect,Hurricane,Tailwind|||F|||50|,,,,,Stellar]Maushold||SafetyGoggles|FriendGuard|FollowMe,BeatUp,Taunt,Protect||||||50|,,,,,Ghost]Basculegion||ChoiceBand|SwiftSwim|LastRespects,AquaJet,WaveCrash,FlipTurn|||M|||50|,,,,,Fire]Rillaboom||AssaultVest|GrassySurge|FakeOut,GrassyGlide,WoodHammer,Uturn|||M|||50|,,,,,Fire
|showteam|p2|Ursaluna-Bloodmoon||LifeOrb|MindsEye|BloodMoon,HyperVoice,EarthPower,Protect|||M|||50|,,,,,Normal]Indeedee-F||SafetyGoggles|PsychicSurge|FollowMe,TrickRoom,HelpingHand,HealingWish|||F|||50|,,,,,Water]Hatterene||FocusSash|MagicBounce|DazzlingGleam,DrainingKiss,ExpandingForce,TrickRoom|||F|||50|,,,,,Psychic]Torkoal||ChoiceSpecs|Drought|Eruption,HeatWave,Overheat,WeatherBall|||F|||50|,,,,,Ghost]Typhlosion-Hisui||ChoiceScarf|Blaze|Eruption,HeatWave,Flamethrower,ShadowBall|||F|||50|,,,,,Fire]Lilligant-Hisui||CovertCloak|Chlorophyll|AfterYou,SleepPowder,CloseCombat,SolarBlade|||F|||50|,,,,,Water
|inactive|Battle timer is ON: inactive players will automatically lose when time's up. (requested by jhakque zyx)
|
|t:|1756699905
|teamsize|p1|4
|teamsize|p2|4
|start
|switch|p1a: Annihilape|Annihilape, L50, M|100/100
|switch|p1b: Maushold|Maushold, L50|100/100
|switch|p2a: Indeedee|Indeedee-F, L50, F|100/100
|switch|p2b: Hatterene|Hatterene, L50, F|100/100
|-fieldstart|move: Psychic Terrain|[from] ability: Psychic Surge|[of] p2a: Indeedee
|turn|1
|
|t:|1756699919
|-terastallize|p1a: Annihilape|Fire
|move|p2a: Indeedee|Follow Me|p2a: Indeedee
|-singleturn|p2a: Indeedee|move: Follow Me
|move|p1b: Maushold|Taunt|p2a: Indeedee
|-start|p2a: Indeedee|move: Taunt
|move|p1a: Annihilape|Bulk Up|p1a: Annihilape
|-boost|p1a: Annihilape|atk|1
|-boost|p1a: Annihilape|def|1
|move|p2b: Hatterene|Trick Room|p2b: Hatterene
|-fieldstart|move: Trick Room|[of] p2b: Hatterene
|
|upkeep
|turn|2
|
|t:|1756699940
|switch|p2a: Ursaluna|Ursaluna-Bloodmoon, L50, M|100/100
|switch|p1b: Rillaboom|Rillaboom, L50, M|100/100
|-fieldstart|move: Grassy Terrain|[from] ability: Grassy Surge|[of] p1b: Rillaboom
|-terastallize|p2b: Hatterene|Psychic
|move|p2b: Hatterene|Expanding Force|p1a: Annihilape
|-damage|p1a: Annihilape|41/100
|move|p1a: Annihilape|Drain Punch|p2a: Ursaluna
|-supereffective|p2a: Ursaluna
|-damage|p2a: Ursaluna|31/100
|-heal|p1a: Annihilape|72/100|[from] drain|[of] p2a: Ursaluna
|
|-heal|p2a: Ursaluna|37/100|[from] Grassy Terrain
|-heal|p1a: Annihilape|78/100|[from] Grassy Terrain
|-heal|p1a: Annihilape|84/100|[from] item: Leftovers
|upkeep
|turn|3
|inactive|pokeplaygg has 30 seconds left.
|inactive|pokeplaygg has 20 seconds left.
|
|t:|1756699975
|switch|p2a: Indeedee|Indeedee-F, L50, F|100/100
|-fieldstart|move: Psychic Terrain|[from] ability: Psychic Surge|[of] p2a: Indeedee
|move|p1a: Annihilape|Protect|p1a: Annihilape
|-singleturn|p1a: Annihilape|Protect
|move|p2b: Hatterene|Expanding Force|p1a: Annihilape|[spread] p1b
|-activate|p1a: Annihilape|move: Protect
|-damage|p1b: Rillaboom|29/100
|move|p1b: Rillaboom|Grassy Glide|p2a: Indeedee
|-damage|p2a: Indeedee|59/100
|
|-heal|p1a: Annihilape|90/100|[from] item: Leftovers
|upkeep
|turn|4
|j| ojhiojoi
|l| ojhiojoi
|inactive|pokeplaygg has 30 seconds left.
|inactive|pokeplaygg has 20 seconds left.
|inactive|pokeplaygg has 15 seconds left.
|inactive|pokeplaygg has 10 seconds left.
|inactive|pokeplaygg has 5 seconds left.
|
|t:|1756700027
|switch|p1a: Maushold|Maushold, L50|100/100
|move|p2a: Indeedee|Helping Hand|p2b: Hatterene
|-singleturn|p2b: Hatterene|Helping Hand|[of] p2a: Indeedee
|move|p2b: Hatterene|Expanding Force|p1b: Rillaboom|[spread] p1a,p1b
|-damage|p1a: Maushold|0 fnt
|-damage|p1b: Rillaboom|0 fnt
|faint|p1a: Maushold
|faint|p1b: Rillaboom
|
|upkeep
|
|t:|1756700036
|switch|p1b: Pelipper|Pelipper, L50, F|100/100
|switch|p1a: Annihilape|Annihilape, L50, M, tera:Fire|90/100
|-weather|RainDance|[from] ability: Drizzle|[of] p1b: Pelipper
|turn|5
|
|t:|1756700054
|move|p1a: Annihilape|Protect|p1a: Annihilape
|-singleturn|p1a: Annihilape|Protect
|move|p1b: Pelipper|Hurricane|p2b: Hatterene
|-crit|p2b: Hatterene
|-damage|p2b: Hatterene|27/100
|move|p2b: Hatterene|Trick Room|p2b: Hatterene
|-fieldend|move: Trick Room
|move|p2a: Indeedee|Trick Room|p2a: Indeedee
|-fieldstart|move: Trick Room|[of] p2a: Indeedee
|
|-weather|RainDance|[upkeep]
|-heal|p1a: Annihilape|96/100|[from] item: Leftovers
|upkeep
|turn|6
|
|t:|1756700073
|move|p2a: Indeedee|Helping Hand|p2b: Hatterene
|-singleturn|p2b: Hatterene|Helping Hand|[of] p2a: Indeedee
|move|p2b: Hatterene|Expanding Force|p1a: Annihilape|[spread] p1a,p1b
|-damage|p1a: Annihilape|0 fnt
|-enditem|p1b: Pelipper|Focus Sash
|-damage|p1b: Pelipper|1/100
|faint|p1a: Annihilape
|move|p1b: Pelipper|Weather Ball|p2b: Hatterene
|-damage|p2b: Hatterene|0 fnt
|faint|p2b: Hatterene
|
|-weather|RainDance|[upkeep]
|upkeep
|
|t:|1756700079
|switch|p2b: Torkoal|Torkoal, L50, F|100/100
|-weather|SunnyDay|[from] ability: Drought|[of] p2b: Torkoal
|turn|7
|-message|pokeplaygg forfeited.
|
|win|jhakque zyx
|raw|pokeplaygg's rating: 1148 → 1126(-22 for losing)
|raw|jhakque zyx's rating: 1191 → 1213(+22 for winning)
|l|☆pokeplaygg
|player|p1|
