|j|☆AEB 328
|j|☆LukarioVGC
|html|AEB 328LukarioVGC    
|uhtml|bestof|Game 2 of a best-of-3
|t:|1756221846
|gametype|doubles
|player|p1|AEB 328|will|
|player|p2|LukarioVGC|cynthia-gen4|
|gen|9
|tier|[Gen 9] VGC 2025 Reg H (Bo3)
|rule|Species Clause: Limit one of each Pokémon
|rule|Item Clause: Limit 1 of each item
|clearpoke
|poke|p1|Charizard, L50, M|
|poke|p1|Torkoal, L50, M|
|poke|p1|Porygon2, L50|
|poke|p1|Incineroar, L50, M|
|poke|p1|Jumpluff, L50, M|
|poke|p1|Ursaluna, L50, M|
|poke|p2|Archaludon, L50, M|
|poke|p2|Pelipper, L50, M|
|poke|p2|Basculegion, L50, M|
|poke|p2|Amoonguss, L50, M|
|poke|p2|Incineroar, L50, F|
|poke|p2|Gholdengo, L50|
|teampreview|4
|showteam|p1|Charizard||ChoiceSpecs|SolarPower|HeatWave,SolarBeam,WeatherBall,AirSlash|||M|||50|,,,,,Ghost]Torkoal||EjectPack|Drought|HeatWave,Overheat,HelpingHand,Protect|||M|||50|,,,,,Grass]Porygon2||Eviolite|Download|IceBeam,TeraBlast,TrickRoom,Recover||||||50|,,,,,Fighting]Incineroar||SitrusBerry|Intimidate|FlareBlitz,KnockOff,FakeOut,PartingShot|||M|||50|,,,,,Ghost]Jumpluff||CovertCloak|Chlorophyll|SleepPowder,SunnyDay,RagePowder,Tailwind|||M|||50|,,,,,Water]Ursaluna||FlameOrb|Guts|HeadlongRush,Facade,Earthquake,Protect|||M|||50|,,,,,Fairy
|showteam|p2|Archaludon||AssaultVest|Stamina|DragonPulse,ElectroShot,FlashCannon,BodyPress|||M|||50|,,,,,Bug]Pelipper||FocusSash|Drizzle|WeatherBall,Hurricane,Tailwind,Protect|||M|||50|,,,,,Ground]Basculegion||ChoiceBand|SwiftSwim|WaveCrash,LastRespects,AquaJet,FlipTurn|||M|||50|,,,,,Grass]Amoonguss||CovertCloak|Regenerator|PollenPuff,RagePowder,Spore,Protect|||M|||50|,,,,,Water]Incineroar||SafetyGoggles|Intimidate|KnockOff,FakeOut,PartingShot,Taunt|||F|||50|,,,,,Ghost]Gholdengo||LifeOrb|GoodasGold|MakeItRain,ShadowBall,NastyPlot,Protect||||||50|,,,,,Water
|inactive|Battle timer is ON: inactive players will automatically lose when time's up. (requested by AEB 328)
|
|t:|1756221872
|teamsize|p1|4
|teamsize|p2|4
|start
|switch|p1a: Jumpluff|Jumpluff, L50, M|100/100
|switch|p1b: Torkoal|Torkoal, L50, M|100/100
|switch|p2a: Bridge|Archaludon, L50, M|100/100
|switch|p2b: Amoonguss|Amoonguss, L50, M|100/100
|-weather|SunnyDay|[from] ability: Drought|[of] p1b: Torkoal
|turn|1
|inactive|AEB 328 has 30 seconds left.
|inactive|LukarioVGC has 30 seconds left.
|inactive|AEB 328 has 20 seconds left.
|inactive|AEB 328 has 15 seconds left.
|
|t:|1756221916
|switch|p2a: Cheeseman|Gholdengo, L50|100/100
|move|p2b: Amoonguss|Protect|p2b: Amoonguss
|-singleturn|p2b: Amoonguss|Protect
|move|p1a: Jumpluff|Sleep Powder|p2a: Cheeseman
|-immune|p2a: Cheeseman|[from] ability: Good as Gold
|move|p1b: Torkoal|Overheat|p2b: Amoonguss
|-activate|p2b: Amoonguss|move: Protect
|
|-weather|SunnyDay|[upkeep]
|upkeep
|turn|2
|inactive|LukarioVGC has 30 seconds left.
|inactive|LukarioVGC has 20 seconds left.
|inactive|LukarioVGC has 15 seconds left.
|
|t:|1756221964
|switch|p2b: Pete|Pelipper, L50, M, shiny|100/100
|-weather|RainDance|[from] ability: Drizzle|[of] p2b: Pete
|-terastallize|p2a: Cheeseman|Water
|-terastallize|p1b: Torkoal|Grass
|move|p1a: Jumpluff|Sunny Day|p1a: Jumpluff
|-weather|SunnyDay
|move|p2a: Cheeseman|Nasty Plot|p2a: Cheeseman
|-boost|p2a: Cheeseman|spa|2
|move|p1b: Torkoal|Heat Wave|p2a: Cheeseman|[spread] p2a,p2b
|-resisted|p2a: Cheeseman
|-resisted|p2b: Pete
|-damage|p2a: Cheeseman|76/100
|-damage|p2b: Pete|60/100
|
|-weather|SunnyDay|[upkeep]
|upkeep
|turn|3
|inactive|LukarioVGC has 30 seconds left.
|inactive|AEB 328 has 30 seconds left.
|inactive|LukarioVGC has 20 seconds left.
|inactive|AEB 328 has 20 seconds left.
|inactive|LukarioVGC has 15 seconds left.
|
|t:|1756222007
|switch|p1a: Charizard|Charizard, L50, M|100/100
|move|p1b: Torkoal|Protect|p1b: Torkoal
|-singleturn|p1b: Torkoal|Protect
|move|p2a: Cheeseman|Make It Rain|p1a: Charizard|[spread] p1a
|-activate|p1b: Torkoal|move: Protect
|-resisted|p1a: Charizard
|-damage|p1a: Charizard|18/100
|-unboost|p2a: Cheeseman|spa|1
|-damage|p2a: Cheeseman|67/100|[from] item: Life Orb
|move|p2b: Pete|Weather Ball|p1b: Torkoal
|-activate|p1b: Torkoal|move: Protect
|
|-weather|SunnyDay|[upkeep]
|-damage|p1a: Charizard|6/100|[from] ability: Solar Power|[of] p1a: Charizard
|upkeep
|turn|4
|inactive|LukarioVGC has 30 seconds left.
|
|t:|1756222037
|switch|p1a: Ursaluna|Ursaluna, L50, M|100/100
|move|p2a: Cheeseman|Protect|p2a: Cheeseman
|-singleturn|p2a: Cheeseman|Protect
|move|p2b: Pete|Protect|p2b: Pete
|-singleturn|p2b: Pete|Protect
|move|p1b: Torkoal|Overheat|p2b: Pete
|-activate|p2b: Pete|move: Protect
|
|-weather|SunnyDay|[upkeep]
|-status|p1a: Ursaluna|brn|[from] item: Flame Orb
|upkeep
|turn|5
|
|t:|1756222057
|move|p1a: Ursaluna|Protect|p1a: Ursaluna
|-singleturn|p1a: Ursaluna|Protect
|move|p2a: Cheeseman|Make It Rain|p1a: Ursaluna|[spread] p1b
|-activate|p1a: Ursaluna|move: Protect
|-damage|p1b: Torkoal|0 fnt
|-unboost|p2a: Cheeseman|spa|1
|faint|p1b: Torkoal
|-damage|p2a: Cheeseman|57/100|[from] item: Life Orb
|move|p2b: Pete|Weather Ball|p1a: Ursaluna
|-activate|p1a: Ursaluna|move: Protect
|
|-weather|SunnyDay|[upkeep]
|-damage|p1a: Ursaluna|95/100 brn|[from] brn
|upkeep
|
|t:|1756222067
|switch|p1b: Jumpluff|Jumpluff, L50, M|100/100
|turn|6
|
|t:|1756222091
|move|p2b: Pete|Protect|p2b: Pete
|-singleturn|p2b: Pete|Protect
|move|p1b: Jumpluff|Tailwind|p1b: Jumpluff
|-sidestart|p1: AEB 328|move: Tailwind
|move|p1a: Ursaluna|Facade|p2b: Pete
|-activate|p2b: Pete|move: Protect
|move|p2a: Cheeseman|Make It Rain|p1b: Jumpluff|[spread] p1a,p1b
|-damage|p1a: Ursaluna|36/100 brn
|-damage|p1b: Jumpluff|42/100
|-unboost|p2a: Cheeseman|spa|1
|-damage|p2a: Cheeseman|48/100|[from] item: Life Orb
|
|-weather|none
|-damage|p1a: Ursaluna|31/100 brn|[from] brn
|upkeep
|turn|7
|
|t:|1756222110
|move|p1b: Jumpluff|Sleep Powder|p2b: Pete
|-status|p2b: Pete|slp|[from] move: Sleep Powder
|move|p1a: Ursaluna|Facade|p2a: Cheeseman
|-damage|p2a: Cheeseman|0 fnt
|faint|p2a: Cheeseman
|cant|p2b: Pete|slp
|
|-damage|p1a: Ursaluna|25/100 brn|[from] brn
|upkeep
|inactive|LukarioVGC has 30 seconds left.
|
|t:|1756222139
|switch|p2a: Amoonguss|Amoonguss, L50, M|100/100
|turn|8
|inactive|AEB 328 has 30 seconds left.
|
|t:|1756222168
|-curestatus|p2b: Pete|slp|[msg]
|move|p2b: Pete|Protect|p2b: Pete
|-singleturn|p2b: Pete|Protect
|move|p1b: Jumpluff|Sleep Powder|p2b: Pete
|-activate|p2b: Pete|move: Protect
|move|p1a: Ursaluna|Facade|p2a: Amoonguss
|-damage|p2a: Amoonguss|3/100
|move|p2a: Amoonguss|Pollen Puff|p1a: Ursaluna
|-damage|p1a: Ursaluna|7/100 brn
|
|-damage|p1a: Ursaluna|1/100 brn|[from] brn
|upkeep
|turn|9
|inactive|LukarioVGC has 30 seconds left.
|inactive|AEB 328 has 30 seconds left.
|inactive|LukarioVGC has 20 seconds left.
|inactive|LukarioVGC has 15 seconds left.
|inactive|LukarioVGC has 10 seconds left.
|inactive|LukarioVGC has 5 seconds left.
|
|t:|1756222224
|switch|p1a: Charizard|Charizard, L50, M|6/100
|move|p1b: Jumpluff|Sleep Powder|p2b: Pete
|-status|p2b: Pete|slp|[from] move: Sleep Powder
|cant|p2b: Pete|slp
|move|p2a: Amoonguss|Pollen Puff|p1b: Jumpluff
|-damage|p1b: Jumpluff|24/100
|
|-sideend|p1: AEB 328|move: Tailwind
|upkeep
|turn|10
|inactive|LukarioVGC has 30 seconds left.
|inactive|LukarioVGC has 20 seconds left.
|
|t:|1756222263
|cant|p2b: Pete|slp
|move|p2a: Amoonguss|Protect|p2a: Amoonguss
|-singleturn|p2a: Amoonguss|Protect
|move|p1b: Jumpluff|Rage Powder|p1b: Jumpluff
|-singleturn|p1b: Jumpluff|move: Rage Powder
|move|p1a: Charizard|Heat Wave|p2b: Pete|[spread] p2b
|-activate|p2a: Amoonguss|move: Protect
|-resisted|p2b: Pete
|-damage|p2b: Pete|20/100 slp
|
|upkeep
|turn|11
|inactive|LukarioVGC has 30 seconds left.
|inactive|LukarioVGC has 20 seconds left.
|inactive|LukarioVGC has 15 seconds left.
|
|t:|1756222303
|switch|p2b: Bridge|Archaludon, L50, M|100/100
|move|p1b: Jumpluff|Sleep Powder|p2b: Bridge|[miss]
|-miss|p1b: Jumpluff|p2b: Bridge
|move|p1a: Charizard|Heat Wave|p2b: Bridge|[spread] p2a,p2b
|-supereffective|p2a: Amoonguss
|-damage|p2a: Amoonguss|0 fnt
|-damage|p2b: Bridge|61/100
|-ability|p2b: Bridge|Stamina|boost
|-boost|p2b: Bridge|def|1
|faint|p2a: Amoonguss
|
|upkeep
|
|t:|1756222314
|switch|p2a: Pete|Pelipper, L50, M, shiny|20/100 slp
|-weather|RainDance|[from] ability: Drizzle|[of] p2a: Pete
|turn|12
|
|t:|1756222333
|move|p1b: Jumpluff|Sunny Day|p1b: Jumpluff
|-weather|SunnyDay
|move|p1a: Charizard|Heat Wave|p2b: Bridge|[spread] p2a,p2b
|-resisted|p2a: Pete
|-damage|p2a: Pete|0 fnt
|-damage|p2b: Bridge|0 fnt
|faint|p2a: Pete
|faint|p2b: Bridge
|
|win|AEB 328
|c|☆LukarioVGC|ggs
|c|☆AEB 328|Ggs
