|j|☆fashoooo
|j|☆figglewiggle
|html|fashoooofigglewiggle    
|uhtml|bestof|Game 1 of a best-of-3
|t:|1784257732
|gametype|doubles
|player|p1|fashoooo|1|
|player|p2|figglewiggle|102|
|gen|9
|tier|[Gen 9 Champions] VGC 2026 Reg M-B (Bo3)
|rule|Species Clause: Limit one of each Pokémon
|rule|Item Clause: Limit 1 of each item
|clearpoke
|poke|p1|Tyranitar, L50, M|
|poke|p1|Excadrill, L50, F|
|poke|p1|Milotic, L50, F|
|poke|p1|Sinistcha, L50|
|poke|p1|Staraptor, L50, F|
|poke|p1|Gholdengo, L50|
|poke|p2|Incineroar, L50, M|
|poke|p2|Sinistcha, L50|
|poke|p2|Sneasler, L50, F|
|poke|p2|Kingambit, L50, M|
|poke|p2|Delphox, L50, M|
|poke|p2|Floette-Eternal, L50, F|
|teampreview|4
|showteam|p1|Tyranitar||Tyranitarite|SandStream|KnockOff,RockSlide,HighHorsepower,Protect|Jolly||M|||50|]Excadrill||FocusSash|SandRush|Earthquake,IronHead,RockSlide,Protect|Adamant||F|||50|]Milotic||SitrusBerry|Competitive|Scald,IcyWind,Haze,Protect|Calm||F|||50|]Sinistcha||ColburBerry|Hospitality|MatchaGotcha,ShadowBall,Protect,RagePowder|Bold|||||50|]Staraptor||Staraptite|Intimidate|CloseCombat,BraveBird,Tailwind,Protect|Jolly||F|||50|]Gholdengo||LifeOrb|GoodasGold|MakeItRain,ShadowBall,NastyPlot,Protect|Modest|||||50|
|showteam|p2|Incineroar||SitrusBerry|Intimidate|FakeOut,PartingShot,FlareBlitz,HelpingHand|Careful||M|||50|]Sinistcha||KasibBerry|Hospitality|MatchaGotcha,RagePowder,TrickRoom,Protect|Bold|||||50|]Sneasler||FocusSash|Unburden|DireClaw,CloseCombat,QuickGuard,FakeOut|Naive||F|||50|]Kingambit||LifeOrb|Defiant|KowtowCleave,SuckerPunch,SwordsDance,Protect|Adamant||M|||50|]Delphox||Delphoxite|Blaze|HeatWave,Psychic,NastyPlot,Protect|Timid||M|||50|]Floette-Eternal||Floettite|FlowerVeil|Moonblast,DazzlingGleam,CalmMind,Protect|Timid||F|||50|
|inactive|Battle timer is ON: inactive players will automatically lose when time's up. (requested by figglewiggle)
|inactiveoff|Battle timer is now OFF.
|c|☆figglewiggle|Glhf
|c|☆figglewiggle|Turning timer off so I can take the time
|inactive|Battle timer is ON: inactive players will automatically lose when time's up. (requested by fashoooo)
|inactive|fashoooo has 30 seconds left.
|inactive|figglewiggle has 30 seconds left.
|inactive|fashoooo has 20 seconds left.
|inactive|figglewiggle has 20 seconds left.
|inactive|fashoooo has 15 seconds left.
|inactive|figglewiggle has 15 seconds left.
|
|t:|1784257811
|teamsize|p1|4
|teamsize|p2|4
|start
|switch|p1a: Milotic|Milotic, L50, F|100/100
|switch|p1b: Excadrill|Excadrill, L50, F|100/100
|switch|p2a: Floette|Floette-Eternal, L50, F|100/100
|switch|p2b: Kingambit|Kingambit, L50, M|100/100
|turn|1
|inactive|fashoooo has 30 seconds left.
|inactive|figglewiggle has 30 seconds left.
|
|t:|1784257845
|move|p2a: Floette|Protect|p2a: Floette
|-singleturn|p2a: Floette|Protect
|move|p1b: Excadrill|Iron Head|p2a: Floette
|-activate|p2a: Floette|move: Protect
|move|p1a: Milotic|Scald|p2b: Kingambit
|-damage|p2b: Kingambit|72/100
|-status|p2b: Kingambit|brn
|move|p2b: Kingambit|Kowtow Cleave|p1b: Excadrill
|-damage|p1b: Excadrill|56/100
|-damage|p2b: Kingambit|63/100 brn|[from] item: Life Orb
|
|-damage|p2b: Kingambit|57/100 brn|[from] brn
|upkeep
|turn|2
|inactive|fashoooo has 30 seconds left.
|inactive|figglewiggle has 30 seconds left.
|inactive|figglewiggle has 20 seconds left.
|
|t:|1784257882
|switch|p2a: Sinistcha|Sinistcha, L50|100/100
|-heal|p2b: Kingambit|81/100 brn|[from] ability: Hospitality|[of] p2a: Sinistcha
|switch|p1a: Tyranitar|Tyranitar, L50, M|100/100
|-weather|Sandstorm|[from] ability: Sand Stream|[of] p1a: Tyranitar
|move|p2b: Kingambit|Sucker Punch|p1b: Excadrill
|-damage|p1b: Excadrill|18/100
|-damage|p2b: Kingambit|72/100 brn|[from] item: Life Orb
|move|p1b: Excadrill|Iron Head|p2a: Sinistcha
|-damage|p2a: Sinistcha|61/100
|
|-weather|Sandstorm|[upkeep]
|-damage|p2a: Sinistcha|55/100|[from] Sandstorm
|-damage|p2b: Kingambit|66/100 brn|[from] brn
|upkeep
|turn|3
|inactive|fashoooo has 30 seconds left.
|inactive|figglewiggle has 30 seconds left.
|
|t:|1784257915
|switch|p2a: Incineroar|Incineroar, L50, M|100/100
|-ability|p2a: Incineroar|Intimidate|boost
|-unboost|p1a: Tyranitar|atk|1
|-unboost|p1b: Excadrill|atk|1
|detailschange|p1a: Tyranitar|Tyranitar-Mega, L50, M
|-mega|p1a: Tyranitar|Tyranitar|Tyranitarite
|move|p2b: Kingambit|Sucker Punch|p1b: Excadrill
|-damage|p1b: Excadrill|0 fnt
|faint|p1b: Excadrill
|-damage|p2b: Kingambit|56/100 brn|[from] item: Life Orb
|move|p1a: Tyranitar|High Horsepower|p2b: Kingambit
|-supereffective|p2b: Kingambit|1
|-damage|p2b: Kingambit|16/100 brn
|
|-weather|Sandstorm|[upkeep]
|-damage|p2a: Incineroar|93/100|[from] Sandstorm
|-damage|p2b: Kingambit|10/100 brn|[from] brn
|upkeep
|
|t:|1784257940
|switch|p1b: Gholdengo|Gholdengo, L50|100/100
|turn|4
|
|t:|1784257955
|switch|p1a: Milotic|Milotic, L50, F|100/100
|switch|p2a: Sinistcha|Sinistcha, L50|55/100
|-heal|p2b: Kingambit|35/100 brn|[from] ability: Hospitality|[of] p2a: Sinistcha
|move|p1b: Gholdengo|Protect|p1b: Gholdengo
|-singleturn|p1b: Gholdengo|Protect
|move|p2b: Kingambit|Protect||[still]
|-fail|p2b: Kingambit
|
|-weather|Sandstorm|[upkeep]
|-damage|p1a: Milotic|94/100|[from] Sandstorm
|-damage|p2a: Sinistcha|48/100|[from] Sandstorm
|-damage|p2b: Kingambit|29/100 brn|[from] brn
|upkeep
|turn|5
|
|t:|1784257979
|switch|p1b: Tyranitar|Tyranitar-Mega, L50, M|100/100
|move|p2b: Kingambit|Sucker Punch||[still]
|-fail|p2b: Kingambit
|move|p1a: Milotic|Scald|p2b: Kingambit
|-damage|p2b: Kingambit|0 fnt
|faint|p2b: Kingambit
|move|p2a: Sinistcha|Matcha Gotcha|p1a: Milotic|[spread] p1a
|-miss|p2a: Sinistcha|p1b: Tyranitar
|-supereffective|p1a: Milotic|1
|-damage|p1a: Milotic|59/100
|-heal|p2a: Sinistcha|67/100|[from] drain|[of] p1a: Milotic
|
|-weather|Sandstorm|[upkeep]
|-damage|p1a: Milotic|53/100|[from] Sandstorm
|-damage|p2a: Sinistcha|61/100|[from] Sandstorm
|upkeep
|
|t:|1784257996
|switch|p2b: Floette|Floette-Eternal, L50, F|100/100
|turn|6
|
|t:|1784258007
|detailschange|p2b: Floette|Floette-Mega, L50, F
|-mega|p2b: Floette|Floette|Floettite
|-ability|p2b: Floette|Fairy Aura
|move|p1b: Tyranitar|Protect|p1b: Tyranitar
|-singleturn|p1b: Tyranitar|Protect
|move|p2b: Floette|Moonblast|p1b: Tyranitar
|-activate|p1b: Tyranitar|move: Protect
|move|p1a: Milotic|Icy Wind|p2a: Sinistcha|[spread] p2a,p2b
|-supereffective|p2a: Sinistcha|1
|-damage|p2a: Sinistcha|39/100
|-damage|p2b: Floette|91/100
|-unboost|p2a: Sinistcha|spe|1
|-unboost|p2b: Floette|spe|1
|move|p2a: Sinistcha|Matcha Gotcha|p1b: Tyranitar|[spread] p1a
|-activate|p1b: Tyranitar|move: Protect
|-supereffective|p1a: Milotic|1
|-damage|p1a: Milotic|22/100
|-heal|p2a: Sinistcha|56/100|[from] drain|[of] p1a: Milotic
|-enditem|p1a: Milotic|Sitrus Berry|[eat]
|-heal|p1a: Milotic|46/100|[from] item: Sitrus Berry
|
|-weather|none
|upkeep
|turn|7
|inactive|fashoooo has 30 seconds left.
|inactive|figglewiggle has 30 seconds left.
|inactive|fashoooo has 20 seconds left.
|
|t:|1784258044
|move|p2a: Sinistcha|Rage Powder|p2a: Sinistcha
|-singleturn|p2a: Sinistcha|move: Rage Powder
|move|p1b: Tyranitar|Rock Slide|p2a: Sinistcha|[spread] p2a,p2b
|-damage|p2a: Sinistcha|31/100
|-damage|p2b: Floette|56/100
|move|p1a: Milotic|Scald|p2a: Sinistcha
|-resisted|p2a: Sinistcha|1
|-damage|p2a: Sinistcha|17/100
|-status|p2a: Sinistcha|brn
|move|p2b: Floette|Moonblast|p1b: Tyranitar
|-supereffective|p1b: Tyranitar|1
|-damage|p1b: Tyranitar|0 fnt
|faint|p1b: Tyranitar
|
|-damage|p2a: Sinistcha|11/100 brn|[from] brn
|upkeep
|
|t:|1784258054
|switch|p1b: Gholdengo|Gholdengo, L50|100/100
|turn|8
|inactive|figglewiggle has 30 seconds left.
|inactive|fashoooo has 30 seconds left.
|inactive|figglewiggle has 20 seconds left.
|inactive|fashoooo has 20 seconds left.
|inactive|figglewiggle has 15 seconds left.
|inactive|fashoooo has 15 seconds left.
|inactive|fashoooo has 10 seconds left.
|
|t:|1784258107
|switch|p2a: Incineroar|Incineroar, L50, M|93/100
|-ability|p2a: Incineroar|Intimidate|boost
|-unboost|p1a: Milotic|atk|1
|-ability|p1a: Milotic|Competitive|boost
|-boost|p1a: Milotic|spa|2
|-unboost|p1b: Gholdengo|atk|1
|move|p2b: Floette|Protect|p2b: Floette
|-singleturn|p2b: Floette|Protect
|move|p1a: Milotic|Scald|p2b: Floette
|-activate|p2b: Floette|move: Protect
|move|p1b: Gholdengo|Make It Rain|p2a: Incineroar|[spread] p2a
|-activate|p2b: Floette|move: Protect
|-resisted|p2a: Incineroar|1
|-damage|p2a: Incineroar|70/100
|-unboost|p1b: Gholdengo|spa|2
|-damage|p1b: Gholdengo|90/100|[from] item: Life Orb
|
|upkeep
|turn|9
|inactive|figglewiggle has 30 seconds left.
|inactive|figglewiggle has 20 seconds left.
|
|t:|1784258144
|switch|p2b: Sinistcha|Sinistcha, L50|11/100 brn
|-heal|p2a: Incineroar|95/100|[from] ability: Hospitality|[of] p2b: Sinistcha
|move|p1a: Milotic|Protect|p1a: Milotic
|-singleturn|p1a: Milotic|Protect
|move|p1b: Gholdengo|Nasty Plot|p1b: Gholdengo
|-boost|p1b: Gholdengo|spa|2
|move|p2a: Incineroar|Flare Blitz|p1b: Gholdengo
|-supereffective|p1b: Gholdengo|1
|-damage|p1b: Gholdengo|6/100
|-damage|p2a: Incineroar|69/100|[from] Recoil
|
|-damage|p2b: Sinistcha|5/100 brn|[from] brn
|upkeep
|turn|10
|inactive|figglewiggle has 30 seconds left.
|
|t:|1784258177
|move|p1b: Gholdengo|Protect|p1b: Gholdengo
|-singleturn|p1b: Gholdengo|Protect
|move|p2b: Sinistcha|Protect|p2b: Sinistcha
|-singleturn|p2b: Sinistcha|Protect
|move|p1a: Milotic|Icy Wind|p2b: Sinistcha|[spread] p2a
|-activate|p2b: Sinistcha|move: Protect
|-resisted|p2a: Incineroar|1
|-damage|p2a: Incineroar|61/100
|-unboost|p2a: Incineroar|spe|1
|move|p2a: Incineroar|Flare Blitz|p1b: Gholdengo
|-activate|p1b: Gholdengo|move: Protect
|
|-damage|p2b: Sinistcha|0 fnt|[from] brn
|faint|p2b: Sinistcha
|upkeep
|
|t:|1784258187
|switch|p2b: Floette|Floette-Mega, L50, F|56/100
|-ability|p2b: Floette|Fairy Aura
|turn|11
|
|t:|1784258208
|move|p2a: Incineroar|Helping Hand|p2b: Floette
|-singleturn|p2b: Floette|Helping Hand|[of] p2a: Incineroar
|move|p2b: Floette|Moonblast|p1a: Milotic
|-damage|p1a: Milotic|0 fnt
|faint|p1a: Milotic
|move|p1b: Gholdengo|Make It Rain|p2a: Incineroar|[spread] p2a,p2b
|-resisted|p2a: Incineroar|1
|-supereffective|p2b: Floette|1
|-damage|p2a: Incineroar|39/100
|-damage|p2b: Floette|0 fnt
|-unboost|p1b: Gholdengo|spa|2
|-enditem|p2a: Incineroar|Sitrus Berry|[eat]
|-heal|p2a: Incineroar|64/100|[from] item: Sitrus Berry
|faint|p2b: Floette
|-damage|p1b: Gholdengo|0 fnt|[from] item: Life Orb
|faint|p1b: Gholdengo
|
|win|figglewiggle
|inactive|fashoooo has 30 seconds to confirm battle start!
|inactive|figglewiggle has 30 seconds to confirm battle start!
||figglewiggle is ready for game 2.
|c|☆fashoooo|fuck incin
|c|☆figglewiggle|Yeah
|inactive|fashoooo has 20 seconds to confirm battle start!
|inactive|fashoooo has 10 seconds to confirm battle start!
|inactive|fashoooo has 0 seconds to confirm battle start!
|l|☆fashoooo
|player|p1|
|uhtml|next|Next: Game 2 of 3
|j|☆fashoooo
|player|p1|fashoooo|1|
|l|☆figglewiggle
|player|p2|
|j|☆figglewiggle
|player|p2|figglewiggle|102|
