|j|☆saboyita
|j|☆Trainer208
|html|saboyitaTrainer208    
|uhtml|bestof|Game 1 of a best-of-3
|t:|1756325544
|gametype|doubles
|player|p1|saboyita|grimsley|1097
|player|p2|Trainer208|gambler|1085
|gen|9
|tier|[Gen 9] VGC 2025 Reg H (Bo3)
|rated|
|rule|Species Clause: Limit one of each Pokémon
|rule|Item Clause: Limit 1 of each item
|clearpoke
|poke|p1|Amoonguss, L50, F|
|poke|p1|Hydreigon, L50, F|
|poke|p1|Whimsicott, L50, M|
|poke|p1|Maushold-Four, L50|
|poke|p1|Annihilape, L50, M|
|poke|p1|Ursaluna-Bloodmoon, L50, M|
|poke|p2|Garganacl, L50, M|
|poke|p2|Scovillain, L50, M|
|poke|p2|Minior-Indigo, L50|
|poke|p2|Kommo-o, L50, M|
|poke|p2|Gyarados, L50, M|
|poke|p2|Charjabug, L50, M|
|teampreview|4
|showteam|p1|Amoonguss||MentalHerb|Regenerator|ClearSmog,Spore,RagePowder,Protect|||F|||50|,,,,,Water]Hydreigon||ChoiceSpecs|Levitate|Snarl,HeatWave,DarkPulse,DracoMeteor|||F|||50|,,,,,Ghost]Whimsicott||CovertCloak|Prankster|BeatUp,Encore,HelpingHand,Tailwind|||M|||50|,,,,,Dark]Maushold-Four||WideLens|Technician|PopulationBomb,Taunt,FollowMe,Protect||||||50|,,,,,Ghost]Annihilape||Leftovers|Defiant|RageFist,DrainPunch,FinalGambit,Protect|||M|||50|,,,,,Water]Ursaluna-Bloodmoon||AssaultVest|MindsEye|VacuumWave,HyperVoice,EarthPower,BloodMoon|||M|||50|,,,,,Water
|showteam|p2|Garganacl||RockyHelmet|PurifyingSalt|SaltCure,Sandstorm,Recover,WideGuard|||M|||50|,,,,,Ghost]Scovillain||AguavBerry|Moody|Flamethrower,GigaDrain,LeechSeed,Protect|||M|||50|,,,,,Grass]Minior-Indigo||PowerHerb|ShieldsDown|MeteorBeam,EarthPower,DazzlingGleam,ShellSmash||||||50|,,,,,Ground]Kommo-o||MagoBerry|Overcoat|ClangingScales,FlashCannon,VacuumWave,ClangorousSoul|||M|||50|,,,,,Steel]Gyarados||LifeOrb|Intimidate|Waterfall,Crunch,DragonDance,HelpingHand|||M|||50|,,,,,Dark]Charjabug||Eviolite|Battery|Lunge,WildCharge,EerieImpulse,Protect|||M|||50|,,,,,Electric
|inactive|Battle timer is ON: inactive players will automatically lose when time's up. (requested by saboyita)
|inactive|saboyita has 60 seconds left.
|inactive|Trainer208 has 60 seconds left.
|
|t:|1756325603
|teamsize|p1|4
|teamsize|p2|4
|start
|switch|p1a: Whimsicott|Whimsicott, L50, M|100/100
|switch|p1b: Annihilape|Annihilape, L50, M|100/100
|switch|p2a: Kommo-o|Kommo-o, L50, M|100/100
|switch|p2b: Minior|Minior-Indigo, L50|100/100
|-formechange|p2b: Minior|Minior-Meteor||[from] ability: Shields Down
|turn|1
|inactive|saboyita has 30 seconds left.
|inactive|Trainer208 has 30 seconds left.
|inactive|Trainer208 has 20 seconds left.
|inactive|Trainer208 has 15 seconds left.
|
|t:|1756325645
|move|p1a: Whimsicott|Beat Up|p1b: Annihilape
|-damage|p1b: Annihilape|98/100
|-damage|p1b: Annihilape|95/100
|-damage|p1b: Annihilape|92/100
|-damage|p1b: Annihilape|90/100
|-hitcount|p1b: Annihilape|4
|move|p1b: Annihilape|Rage Fist|p2b: Minior
|-damage|p2b: Minior|0 fnt
|faint|p2b: Minior
|move|p2a: Kommo-o|Clangorous Soul|p2a: Kommo-o
|-boost|p2a: Kommo-o|atk|1
|-boost|p2a: Kommo-o|def|1
|-boost|p2a: Kommo-o|spa|1
|-boost|p2a: Kommo-o|spd|1
|-boost|p2a: Kommo-o|spe|1
|-damage|p2a: Kommo-o|68/100
|
|-heal|p1b: Annihilape|96/100|[from] item: Leftovers
|upkeep
|
|t:|1756325666
|switch|p2b: Scovillain|Scovillain, L50, M|100/100
|turn|2
|inactive|saboyita has 30 seconds left.
|inactive|Trainer208 has 30 seconds left.
|inactive|Trainer208 has 20 seconds left.
|
|t:|1756325706
|-terastallize|p2a: Kommo-o|Steel
|move|p1b: Annihilape|Protect|p1b: Annihilape
|-singleturn|p1b: Annihilape|Protect
|move|p1a: Whimsicott|Tailwind|p1a: Whimsicott
|-sidestart|p1: saboyita|move: Tailwind
|move|p2a: Kommo-o|Flash Cannon|p1a: Whimsicott
|-supereffective|p1a: Whimsicott
|-damage|p1a: Whimsicott|0 fnt
|faint|p1a: Whimsicott
|move|p2b: Scovillain|Flamethrower|p1b: Annihilape
|-activate|p1b: Annihilape|move: Protect
|
|-heal|p1b: Annihilape|100/100|[from] item: Leftovers
|-ability|p2b: Scovillain|Moody|boost
|-boost|p2b: Scovillain|atk|2
|-unboost|p2b: Scovillain|def|1
|upkeep
|
|t:|1756325724
|switch|p1a: Hydreigon|Hydreigon, L50, F|100/100
|turn|3
|inactive|Trainer208 has 30 seconds left.
|
|t:|1756325756
|move|p2b: Scovillain|Protect|p2b: Scovillain
|-singleturn|p2b: Scovillain|Protect
|move|p2a: Kommo-o|Vacuum Wave|p1a: Hydreigon
|-supereffective|p1a: Hydreigon
|-damage|p1a: Hydreigon|39/100
|move|p1a: Hydreigon|Heat Wave|p2a: Kommo-o|[spread] p2a
|-activate|p2b: Scovillain|move: Protect
|-supereffective|p2a: Kommo-o
|-damage|p2a: Kommo-o|7/100
|-enditem|p2a: Kommo-o|Mago Berry|[eat]
|-heal|p2a: Kommo-o|40/100|[from] item: Mago Berry
|move|p1b: Annihilape|Rage Fist|p2a: Kommo-o
|-damage|p2a: Kommo-o|0 fnt
|faint|p2a: Kommo-o
|
|-ability|p2b: Scovillain|Moody|boost
|-boost|p2b: Scovillain|def|2
|-unboost|p2b: Scovillain|spd|1
|upkeep
|
|t:|1756325775
|switch|p2a: Gyarados|Gyarados, L50, M|100/100
|-ability|p2a: Gyarados|Intimidate|boost
|-unboost|p1a: Hydreigon|atk|1
|-unboost|p1b: Annihilape|atk|1
|-ability|p1b: Annihilape|Defiant|boost
|-boost|p1b: Annihilape|atk|2
|turn|4
|inactive|saboyita has 30 seconds left.
|inactive|Trainer208 has 30 seconds left.
|
|t:|1756325809
|switch|p1a: Maushold|Maushold-Four, L50|100/100
|move|p1b: Annihilape|Rage Fist|p2b: Scovillain
|-damage|p2b: Scovillain|0 fnt
|faint|p2b: Scovillain
|move|p2a: Gyarados|Crunch|p1b: Annihilape
|-damage|p1b: Annihilape|64/100
|-damage|p2a: Gyarados|91/100|[from] item: Life Orb
|
|-heal|p1b: Annihilape|70/100|[from] item: Leftovers
|upkeep
|turn|5
|
|t:|1756325828
|move|p2a: Gyarados|Helping Hand|p2: Scovillain|[notarget]
|-fail|p2a: Gyarados
|move|p1a: Maushold|Follow Me|p1a: Maushold
|-singleturn|p1a: Maushold|move: Follow Me
|move|p1b: Annihilape|Rage Fist|p2a: Gyarados
|-damage|p2a: Gyarados|0 fnt
|faint|p2a: Gyarados
|
|win|saboyita
||Trainer208 is ready for game 2.
||saboyita is ready for game 2.
|uhtml|next|Next: Game 2 of 3
