|j|☆marcosdeltasena31
|j|☆dcerza127
|html|marcosdeltasena31dcerza127    
|uhtml|bestof|Game 2 of a best-of-3
|t:|1754603531
|gametype|doubles
|player|p1|marcosdeltasena31|hilbert|1247
|player|p2|dcerza127|266|1282
|gen|9
|tier|[Gen 9] VGC 2025 Reg H (Bo3)
|rated|
|rule|Species Clause: Limit one of each Pokémon
|rule|Item Clause: Limit 1 of each item
|clearpoke
|poke|p1|Dragonite, L50, F|
|poke|p1|Sneasler, L50, F|
|poke|p1|Volcarona, L50, F|
|poke|p1|Rillaboom, L50, M|
|poke|p1|Kingambit, L50, F|
|poke|p1|Electabuzz, L50, F|
|poke|p2|Meowscarada, L50, M|
|poke|p2|Primarina, L50, F|
|poke|p2|Sneasler, L50, F|
|poke|p2|Indeedee, L50, M|
|poke|p2|Typhlosion-Hisui, L50, M|
|poke|p2|Decidueye-Hisui, L50, F|
|teampreview|4
|showteam|p1|Dragonite||LoadedDice|Multiscale|ScaleShot,ExtremeSpeed,Haze,Protect|||F|||50|,,,,,Fairy]Sneasler||FocusSash|PoisonTouch|DireClaw,CloseCombat,FakeOut,Coaching|||F|||50|,,,,,Ghost]Volcarona||CovertCloak|FlameBody|HeatWave,TeraBlast,QuiverDance,Protect|||F|||50|,,,,,Fairy]Rillaboom||AssaultVest|GrassySurge|WoodHammer,FakeOut,GrassyGlide,HighHorsepower|||M|||50|,,,,,Fire]Kingambit||BlackGlasses|Defiant|KowtowCleave,SwordsDance,SuckerPunch,Protect|||F|||50|,,,,,Dark]Electabuzz||Eviolite|VitalSpirit|Electroweb,FollowMe,Taunt,Protect|||F|||50|,,,,,Ghost
|showteam|p2|Meowscarada||FocusSash|Overgrow|GrassPledge,FlowerTrick,KnockOff,Protect|||M|||50|,,,,,Ghost]Primarina||CovertCloak|LiquidVoice|WaterPledge,HyperVoice,Moonblast,Protect|||F|||50|,,,,,Poison]Sneasler||PsychicSeed|Unburden|DireClaw,CloseCombat,ThroatChop,Protect|||F|||50|,,,,,Dark]Indeedee||SafetyGoggles|PsychicSurge|ExpandingForce,Imprison,TrickRoom,Protect|||M|||50|,,,,,Fairy]Typhlosion-Hisui||ChoiceSpecs|Blaze|Eruption,HeatWave,FirePledge,ShadowBall|||M|||50|,,,,,Fire]Decidueye-Hisui||RazorClaw|Scrappy|TripleArrows,LeafBlade,Tailwind,Protect|||F|||50|,,,,,Fire
|inactive|Battle timer is ON: inactive players will automatically lose when time's up. (requested by dcerza127)
|
|t:|1754603558
|teamsize|p1|4
|teamsize|p2|4
|start
|switch|p1a: Dragonite|Dragonite, L50, F|100/100
|switch|p1b: Sneasler|Sneasler, L50, F|100/100
|switch|p2a: Meowscarada|Meowscarada, L50, M|100/100
|switch|p2b: Primarina|Primarina, L50, F|100/100
|turn|1
|
|t:|1754603571
|move|p2a: Meowscarada|Protect|p2a: Meowscarada
|-singleturn|p2a: Meowscarada|Protect
|move|p2b: Primarina|Protect|p2b: Primarina
|-singleturn|p2b: Primarina|Protect
|move|p1b: Sneasler|Dire Claw|p2b: Primarina
|-activate|p2b: Primarina|move: Protect
|move|p1a: Dragonite|Scale Shot|p2a: Meowscarada
|-activate|p2a: Meowscarada|move: Protect
|
|upkeep
|turn|2
|inactive|dcerza127 has 30 seconds left.
|
|t:|1754603597
|-terastallize|p2b: Primarina|Poison
|move|p2a: Meowscarada|Grass Pledge|p1a: Dragonite
|-waiting|p2a: Meowscarada|p2b: Primarina
|move|p2b: Primarina|Water Pledge|p1a: Dragonite|[from] move: Grass Pledge
|-combine
|-resisted|p1a: Dragonite
|-damage|p1a: Dragonite|90/100
|-sidestart|p1: marcosdeltasena31|Grass Pledge
|move|p1b: Sneasler|Dire Claw|p2b: Primarina
|-resisted|p2b: Primarina
|-damage|p2b: Primarina|79/100
|move|p1a: Dragonite|Scale Shot|p2b: Primarina
|-damage|p2b: Primarina|66/100
|-damage|p2b: Primarina|50/100
|-damage|p2b: Primarina|34/100
|-damage|p2b: Primarina|19/100
|-damage|p2b: Primarina|4/100
|-hitcount|p2b: Primarina|5
|-unboost|p1a: Dragonite|def|1
|-boost|p1a: Dragonite|spe|1
|
|upkeep
|turn|3
|inactive|marcosdeltasena31 has 30 seconds left.
|inactive|dcerza127 has 30 seconds left.
|
|t:|1754603631
|move|p1a: Dragonite|Extreme Speed|p2b: Primarina
|-damage|p2b: Primarina|0 fnt
|faint|p2b: Primarina
|move|p2a: Meowscarada|Knock Off|p1a: Dragonite
|-damage|p1a: Dragonite|18/100
|-enditem|p1a: Dragonite|Loaded Dice|[from] move: Knock Off|[of] p2a: Meowscarada
|move|p1b: Sneasler|Dire Claw|p2a: Meowscarada
|-supereffective|p2a: Meowscarada
|-enditem|p2a: Meowscarada|Focus Sash
|-damage|p2a: Meowscarada|1/100
|-status|p2a: Meowscarada|psn|[from] ability: Poison Touch|[of] p1b: Sneasler
|
|-damage|p2a: Meowscarada|0 fnt|[from] psn
|faint|p2a: Meowscarada
|upkeep
|
|t:|1754603645
|switch|p2a: Indeedee|Indeedee, L50, M|100/100
|switch|p2b: Sneasler|Sneasler, L50, F|100/100
|-fieldstart|move: Psychic Terrain|[from] ability: Psychic Surge|[of] p2a: Indeedee
|-enditem|p2b: Sneasler|Psychic Seed
|-boost|p2b: Sneasler|spd|1|[from] item: Psychic Seed
|turn|4
|
|t:|1754603657
|switch|p1b: Rillaboom|Rillaboom, L50, M|100/100
|-fieldstart|move: Grassy Terrain|[from] ability: Grassy Surge|[of] p1b: Rillaboom
|move|p2b: Sneasler|Dire Claw|p1b: Rillaboom
|-supereffective|p1b: Rillaboom
|-damage|p1b: Rillaboom|13/100
|move|p2a: Indeedee|Expanding Force|p1a: Dragonite
|-damage|p1a: Dragonite|0 fnt
|faint|p1a: Dragonite
|
|-heal|p1b: Rillaboom|18/100|[from] Grassy Terrain
|upkeep
|
|t:|1754603668
|switch|p1a: Kingambit|Kingambit, L50, F|100/100
|turn|5
|
|t:|1754603677
|move|p1b: Rillaboom|Fake Out|p2b: Sneasler
|-damage|p2b: Sneasler|79/100
|cant|p2b: Sneasler|flinch
|move|p2a: Indeedee|Imprison|p2a: Indeedee
|-start|p2a: Indeedee|move: Imprison
|move|p1a: Kingambit|Swords Dance|p1a: Kingambit
|-boost|p1a: Kingambit|atk|2
|
|-heal|p2b: Sneasler|85/100|[from] Grassy Terrain
|-heal|p1b: Rillaboom|24/100|[from] Grassy Terrain
|-sideend|p1: marcosdeltasena31|Grass Pledge
|upkeep
|turn|6
|
|t:|1754603698
|-terastallize|p1a: Kingambit|Dark
|move|p2a: Indeedee|Protect|p2a: Indeedee
|-singleturn|p2a: Indeedee|Protect
|move|p2b: Sneasler|Close Combat|p1a: Kingambit
|-supereffective|p1a: Kingambit
|-damage|p1a: Kingambit|2/100
|-unboost|p2b: Sneasler|def|1
|-unboost|p2b: Sneasler|spd|1
|move|p1b: Rillaboom|High Horsepower|p2b: Sneasler
|-supereffective|p2b: Sneasler
|-damage|p2b: Sneasler|0 fnt
|faint|p2b: Sneasler
|move|p1a: Kingambit|Kowtow Cleave|p2a: Indeedee
|-activate|p2a: Indeedee|move: Protect
|
|-heal|p1b: Rillaboom|30/100|[from] Grassy Terrain
|-heal|p1a: Kingambit|8/100|[from] Grassy Terrain
|upkeep
|turn|7
|-message|dcerza127 forfeited.
|
|win|marcosdeltasena31
|raw|marcosdeltasena31's rating: 1247 → 1275(+28 for winning)
|raw|dcerza127's rating: 1282 → 1254(-28 for losing)
|l|☆dcerza127
|player|p2|
