|j|☆ryanpowneyissoslay
|j|☆tessa scarlet
|html|ryanpowneyissoslaytessa scarlet    
|uhtml|bestof|Game 2 of a best-of-3
|t:|1756587189
|gametype|doubles
|player|p1|ryanpowneyissoslay|ghetsis|1409
|player|p2|tessa scarlet|2|1442
|gen|9
|tier|[Gen 9] VGC 2025 Reg H (Bo3)
|rated|
|rule|Species Clause: Limit one of each Pokémon
|rule|Item Clause: Limit 1 of each item
|clearpoke
|poke|p1|Dragonite, L50, M|
|poke|p1|Ursaluna-Bloodmoon, L50, M|
|poke|p1|Whimsicott, L50, F|
|poke|p1|Gholdengo, L50|
|poke|p1|Incineroar, L50, M|
|poke|p1|Annihilape, L50, M|
|poke|p2|Gholdengo, L50|
|poke|p2|Annihilape, L50, M|
|poke|p2|Volcarona, L50, M|
|poke|p2|Dragonite, L50, M|
|poke|p2|Ninetales-Alola, L50, M|
|poke|p2|Ursaluna-Bloodmoon, L50, M|
|teampreview|4
|showteam|p1|Dragonite||LoadedDice|Multiscale|ScaleShot,ExtremeSpeed,Haze,Protect|||M|||50|,,,,,Fairy]Ursaluna-Bloodmoon||AssaultVest|MindsEye|BloodMoon,HyperVoice,EarthPower,VacuumWave|||M|||50|,,,,,Poison]Whimsicott||CovertCloak|Prankster|FakeTears,Tailwind,Encore,Moonblast|||F|||50|,,,,,Poison]Gholdengo||ChoiceSpecs|GoodasGold|MakeItRain,ShadowBall,PowerGem,SteelBeam||||||50|,,,,,Steel]Incineroar||MirrorHerb|Intimidate|FakeOut,PartingShot,KnockOff,FlareBlitz|||M|||50|,,,,,Ghost]Annihilape||SafetyGoggles|Defiant|CloseCombat,RageFist,Taunt,FinalGambit|||M|||50|,,,,,Water
|showteam|p2|Gholdengo||LifeOrb|GoodasGold|NastyPlot,MakeItRain,ShadowBall,Protect||||||50|,,,,,Water]Annihilape||SafetyGoggles|Defiant|DrainPunch,RageFist,BulkUp,Protect|||M|||50|,,,,,Fire]Volcarona||CovertCloak|FlameBody|StruggleBug,Overheat,RagePowder,Tailwind|||M|||50|,,,,,Fairy]Dragonite||LoadedDice|Multiscale|ScaleShot,Haze,ExtremeSpeed,Protect|||M|||50|,,,,,Fairy]Ninetales-Alola||FocusSash|SnowWarning|Blizzard,IcyWind,IcicleSpear,AuroraVeil|||M|||50|,,,,,Ghost]Ursaluna-Bloodmoon||AssaultVest|MindsEye|BloodMoon,HyperVoice,EarthPower,VacuumWave|||M|||50|,,,,,Water
|inactive|Battle timer is ON: inactive players will automatically lose when time's up. (requested by ryanpowneyissoslay)
|inactive|tessa scarlet has 60 seconds left.
|
|t:|1756587226
|teamsize|p1|4
|teamsize|p2|4
|start
|switch|p1a: Gholdengo|Gholdengo, L50|100/100
|switch|p1b: Whimsicott|Whimsicott, L50, F|100/100
|switch|p2a: Ursaluna|Ursaluna-Bloodmoon, L50, M|100/100
|switch|p2b: Volcarona|Volcarona, L50, M|100/100
|turn|1
|inactive|tessa scarlet has 30 seconds left.
|
|t:|1756587253
|switch|p1a: Ursaluna|Ursaluna-Bloodmoon, L50, M|100/100
|-terastallize|p1b: Whimsicott|Poison
|move|p1b: Whimsicott|Fake Tears|p2b: Volcarona
|-unboost|p2b: Volcarona|spd|2
|move|p2b: Volcarona|Tailwind|p2b: Volcarona
|-sidestart|p2: tessa scarlet|move: Tailwind
|move|p2a: Ursaluna|Earth Power|p1a: Ursaluna
|-damage|p1a: Ursaluna|64/100
|
|upkeep
|turn|2
|
|t:|1756587274
|move|p1b: Whimsicott|Encore|p2b: Volcarona
|-start|p2b: Volcarona|Encore
|move|p2b: Volcarona|Tailwind||[still]
|-fail|p2b: Volcarona
|move|p2a: Ursaluna|Blood Moon|p1a: Ursaluna
|-damage|p1a: Ursaluna|13/100
|move|p1a: Ursaluna|Blood Moon|p2a: Ursaluna
|-damage|p2a: Ursaluna|45/100
|
|upkeep
|turn|3
|
|t:|1756587290
|switch|p2b: Annihilape|Annihilape, L50, M|100/100
|move|p1b: Whimsicott|Tailwind|p1b: Whimsicott
|-sidestart|p1: ryanpowneyissoslay|move: Tailwind
|move|p2a: Ursaluna|Vacuum Wave|p1a: Ursaluna
|-supereffective|p1a: Ursaluna
|-damage|p1a: Ursaluna|0 fnt
|faint|p1a: Ursaluna
|
|upkeep
|
|t:|1756587294
|switch|p1a: Gholdengo|Gholdengo, L50|100/100
|turn|4
|
|t:|1756587317
|-terastallize|p2b: Annihilape|Fire
|move|p1b: Whimsicott|Encore|p2a: Ursaluna
|-start|p2a: Ursaluna|Encore
|move|p2b: Annihilape|Rage Fist|p1a: Gholdengo
|-supereffective|p1a: Gholdengo
|-damage|p1a: Gholdengo|51/100
|move|p1a: Gholdengo|Power Gem|p2b: Annihilape
|-supereffective|p2b: Annihilape
|-damage|p2b: Annihilape|16/100
|move|p2a: Ursaluna|Vacuum Wave|p1b: Whimsicott
|-resisted|p1b: Whimsicott
|-damage|p1b: Whimsicott|92/100
|
|-sideend|p2: tessa scarlet|move: Tailwind
|upkeep
|turn|5
|
|t:|1756587337
|switch|p1a: Incineroar|Incineroar, L50, M|100/100
|-ability|p1a: Incineroar|Intimidate|boost
|-unboost|p2a: Ursaluna|atk|1
|-unboost|p2b: Annihilape|atk|1
|-ability|p2b: Annihilape|Defiant|boost
|-boost|p2b: Annihilape|atk|2
|-enditem|p1a: Incineroar|Mirror Herb
|-boost|p1a: Incineroar|atk|2|[from] item: Mirror Herb
|move|p2b: Annihilape|Protect|p2b: Annihilape
|-singleturn|p2b: Annihilape|Protect
|move|p2a: Ursaluna|Vacuum Wave|p1a: Incineroar
|-supereffective|p1a: Incineroar
|-damage|p1a: Incineroar|71/100
|move|p1b: Whimsicott|Moonblast|p2b: Annihilape
|-activate|p2b: Annihilape|move: Protect
|
|upkeep
|turn|6
|inactive|ryanpowneyissoslay has 30 seconds left.
|
|t:|1756587368
|switch|p2b: Volcarona|Volcarona, L50, M|100/100
|move|p2a: Ursaluna|Vacuum Wave|p1a: Incineroar
|-supereffective|p1a: Incineroar
|-damage|p1a: Incineroar|39/100
|move|p1b: Whimsicott|Moonblast|p2a: Ursaluna
|-damage|p2a: Ursaluna|23/100
|move|p1a: Incineroar|Flare Blitz|p2b: Volcarona
|-damage|p2b: Volcarona|0 fnt
|faint|p2b: Volcarona
|-damage|p1a: Incineroar|7/100|[from] Recoil
|
|-end|p2a: Ursaluna|Encore
|-sideend|p1: ryanpowneyissoslay|move: Tailwind
|upkeep
|
|t:|1756587380
|switch|p2b: Ninetales|Ninetales-Alola, L50, M|100/100
|-weather|Snowscape|[from] ability: Snow Warning|[of] p2b: Ninetales
|turn|7
|
|t:|1756587389
|switch|p1a: Gholdengo|Gholdengo, L50|51/100
|move|p1b: Whimsicott|Tailwind|p1b: Whimsicott
|-sidestart|p1: ryanpowneyissoslay|move: Tailwind
|move|p2a: Ursaluna|Vacuum Wave|p1a: Gholdengo
|-supereffective|p1a: Gholdengo
|-damage|p1a: Gholdengo|11/100
|move|p2b: Ninetales|Blizzard|p1b: Whimsicott|[spread] p1a,p1b
|-resisted|p1a: Gholdengo
|-damage|p1a: Gholdengo|0 fnt
|-damage|p1b: Whimsicott|57/100
|faint|p1a: Gholdengo
|
|-weather|Snowscape|[upkeep]
|upkeep
|
|t:|1756587394
|switch|p1a: Incineroar|Incineroar, L50, M|7/100
|-ability|p1a: Incineroar|Intimidate|boost
|-unboost|p2a: Ursaluna|atk|1
|-unboost|p2b: Ninetales|atk|1
|turn|8
|
|t:|1756587407
|move|p1a: Incineroar|Fake Out|p2a: Ursaluna
|-damage|p2a: Ursaluna|14/100
|cant|p2a: Ursaluna|flinch
|move|p1b: Whimsicott|Moonblast|p2a: Ursaluna
|-damage|p2a: Ursaluna|0 fnt
|faint|p2a: Ursaluna
|move|p2b: Ninetales|Blizzard|p1a: Incineroar|[spread] p1a,p1b
|-resisted|p1a: Incineroar
|-damage|p1a: Incineroar|0 fnt
|-damage|p1b: Whimsicott|23/100
|faint|p1a: Incineroar
|
|-weather|Snowscape|[upkeep]
|upkeep
|
|t:|1756587412
|switch|p2a: Annihilape|Annihilape, L50, M, tera:Fire|16/100
|turn|9
|-message|ryanpowneyissoslay forfeited.
|
|win|tessa scarlet
|raw|ryanpowneyissoslay's rating: 1409 → 1391(-18 for losing)
|raw|tessa scarlet's rating: 1442 → 1460(+18 for winning)
|l|☆ryanpowneyissoslay
|player|p1|
