|j|☆exposniffer
|j|☆TeyOnTheRox
|html|exposnifferTeyOnTheRox    
|uhtml|bestof|Game 1 of a best-of-3
|t:|1757741985
|gametype|doubles
|player|p1|exposniffer|blue|
|player|p2|TeyOnTheRox|benga|
|gen|9
|tier|[Gen 9] VGC 2025 Reg H (Bo3)
|rule|Species Clause: Limit one of each Pokémon
|rule|Item Clause: Limit 1 of each item
|clearpoke
|poke|p1|Dragonite, L50, F|
|poke|p1|Gholdengo, L50|
|poke|p1|Sneasler, L50, M|
|poke|p1|Garchomp, L50, F|
|poke|p1|Ninetales-Alola, L50, M|
|poke|p1|Arcanine-Hisui, L50, F|
|poke|p2|Tyranitar, L50, F|
|poke|p2|Excadrill, L50, M|
|poke|p2|Sneasler, L50, F|
|poke|p2|Indeedee, L50, M|
|poke|p2|Corviknight, L50, M|
|poke|p2|Annihilape, L50, M|
|teampreview|4
|showteam|p1|Dragonite||LoadedDice|Multiscale|ScaleShot,Tailwind,Haze,Protect|||F|||50|,,,,,Fairy]Gholdengo||LifeOrb|GoodasGold|MakeItRain,ShadowBall,NastyPlot,Protect||||||50|,,,,,Water]Sneasler||FocusSash|Unburden|CloseCombat,DireClaw,FakeOut,Coaching|||M|||50|,,,,,Stellar]Garchomp||ClearAmulet|RoughSkin|Earthquake,StompingTantrum,DragonClaw,Protect|||F|||50|,,,,,Steel]Ninetales-Alola||ChoiceSpecs|SnowWarning|Blizzard,IcyWind,Moonblast,FreezeDry|||M|||50|,,,,,Ghost]Arcanine-Hisui||MirrorHerb|Intimidate|RockSlide,FlareBlitz,ExtremeSpeed,Protect|||F|||50|,,,,,Ghost
|showteam|p2|Tyranitar||AssaultVest|SandStream|RockSlide,KnockOff,TeraBlast,LowKick|||F|||50|,,,,,Flying]Excadrill||FocusSash|SandRush|IronHead,HighHorsepower,Earthquake,Protect|||M|||50|,,,,,Stellar]Sneasler||PsychicSeed|Unburden|DireClaw,CloseCombat,ThroatChop,Protect|||F|||50|,,,,,Dark]Indeedee||ChoiceScarf|PsychicSurge|ExpandingForce,TeraBlast,Protect,Trick|||M|||50|,,,,,Psychic]Corviknight||Leftovers|MirrorArmor|BraveBird,BulkUp,Roost,Tailwind|||M|||50|,,,,,Dragon]Annihilape||SafetyGoggles|Defiant|CloseCombat,FinalGambit,RageFist,Taunt|||M|||50|,,,,,Water
|
|t:|1757742039
|teamsize|p1|4
|teamsize|p2|4
|start
|switch|p1a: faketile|Sneasler, L50, M, shiny|100/100
|switch|p1b: scale shot misses|Dragonite, L50, F, shiny|100/100
|switch|p2a: Cachiiga|Annihilape, L50, M|100/100
|switch|p2b: Toe Mater|Excadrill, L50, M|100/100
|turn|1
|
|t:|1757742088
|switch|p2b: Cars II|Corviknight, L50, M|100/100
|move|p1b: scale shot misses|Protect|p1b: scale shot misses
|-singleturn|p1b: scale shot misses|Protect
|move|p1a: faketile|Coaching|p1b: scale shot misses
|-boost|p1b: scale shot misses|atk|1
|-boost|p1b: scale shot misses|def|1
|move|p2a: Cachiiga|Rage Fist|p1a: faketile
|-damage|p1a: faketile|67/100
|
|upkeep
|turn|2
|
|t:|1757742116
|move|p1a: faketile|Coaching|p1b: scale shot misses
|-boost|p1b: scale shot misses|atk|1
|-boost|p1b: scale shot misses|def|1
|move|p2a: Cachiiga|Rage Fist|p1a: faketile
|-damage|p1a: faketile|33/100
|move|p1b: scale shot misses|Scale Shot|p2a: Cachiiga|[miss]
|-miss|p1b: scale shot misses|p2a: Cachiiga
|move|p2b: Cars II|Bulk Up|p2b: Cars II
|-boost|p2b: Cars II|atk|1
|-boost|p2b: Cars II|def|1
|
|upkeep
|turn|3
|
|t:|1757742168
|move|p1a: faketile|Coaching|p1b: scale shot misses
|-boost|p1b: scale shot misses|atk|1
|-boost|p1b: scale shot misses|def|1
|move|p2a: Cachiiga|Final Gambit|p1b: scale shot misses
|-damage|p1b: scale shot misses|0 fnt
|faint|p2a: Cachiiga
|faint|p1b: scale shot misses
|move|p2b: Cars II|Bulk Up|p2b: Cars II
|-boost|p2b: Cars II|atk|1
|-boost|p2b: Cars II|def|1
|
|upkeep
|
|t:|1757742185
|switch|p2a: Toe Mater|Excadrill, L50, M|100/100
|switch|p1b: sharktile|Garchomp, L50, F|100/100
|turn|4
|
|t:|1757742242
|move|p2a: Toe Mater|Protect|p2a: Toe Mater
|-singleturn|p2a: Toe Mater|Protect
|move|p1a: faketile|Coaching|p1b: sharktile
|-boost|p1b: sharktile|atk|1
|-boost|p1b: sharktile|def|1
|move|p1b: sharktile|Stomping Tantrum|p2a: Toe Mater
|-activate|p2a: Toe Mater|move: Protect
|move|p2b: Cars II|Brave Bird|p1a: faketile
|-supereffective|p1a: faketile
|-damage|p1a: faketile|0 fnt
|faint|p1a: faketile
|-damage|p2b: Cars II|92/100|[from] Recoil
|
|-heal|p2b: Cars II|98/100|[from] item: Leftovers
|upkeep
|
|t:|1757742250
|switch|p1a: icetile|Ninetales-Alola, L50, M|100/100
|-weather|Snowscape|[from] ability: Snow Warning|[of] p1a: icetile
|turn|5
|
|t:|1757742270
|switch|p2a: Doc Hudson|Tyranitar, L50, F, shiny|100/100
|-weather|Sandstorm|[from] ability: Sand Stream|[of] p2a: Doc Hudson
|move|p1a: icetile|Freeze-Dry|p2b: Cars II
|-damage|p2b: Cars II|62/100
|move|p1b: sharktile|Stomping Tantrum|p2b: Cars II
|-immune|p2b: Cars II
|move|p2b: Cars II|Brave Bird|p1b: sharktile
|-damage|p1b: sharktile|36/100
|-damage|p2b: Cars II|49/100|[from] ability: Rough Skin|[of] p1b: sharktile
|-damage|p2b: Cars II|30/100|[from] Recoil
|
|-weather|Sandstorm|[upkeep]
|-damage|p1a: icetile|95/100|[from] Sandstorm
|-heal|p2b: Cars II|36/100|[from] item: Leftovers
|upkeep
|turn|6
|
|t:|1757742295
|-terastallize|p2a: Doc Hudson|Flying
|move|p1a: icetile|Freeze-Dry|p2b: Cars II
|-damage|p2b: Cars II|0 fnt
|faint|p2b: Cars II
|move|p1b: sharktile|Dragon Claw|p2a: Doc Hudson
|-damage|p2a: Doc Hudson|45/100
|move|p2a: Doc Hudson|Rock Slide|p1a: icetile|[spread] p1a,p1b
|-supereffective|p1a: icetile
|-resisted|p1b: sharktile
|-damage|p1a: icetile|0 fnt
|-damage|p1b: sharktile|26/100
|faint|p1a: icetile
|
|-weather|Sandstorm|[upkeep]
|-damage|p2a: Doc Hudson|39/100|[from] Sandstorm
|upkeep
|
|t:|1757742307
|switch|p2b: Toe Mater|Excadrill, L50, M|100/100
|turn|7
|-message|exposniffer forfeited.
|
|win|TeyOnTheRox
