|j|☆Bahamate
|j|☆metvgc
|html|Bahamatemetvgc    
|uhtml|bestof|Game 1 of a best-of-3
|t:|1757914718
|gametype|doubles
|player|p1|Bahamate|grimsley|1298
|player|p2|metvgc|linebacker|1282
|gen|9
|tier|[Gen 9] VGC 2025 Reg H (Bo3)
|rated|
|rule|Species Clause: Limit one of each Pokémon
|rule|Item Clause: Limit 1 of each item
|clearpoke
|poke|p1|Hydreigon, L50, F|
|poke|p1|Incineroar, L50, F|
|poke|p1|Sneasler, L50, F|
|poke|p1|Rillaboom, L50, F|
|poke|p1|Gholdengo, L50|
|poke|p1|Ninetales-Alola, L50, F|
|poke|p2|Espathra, L50, F|
|poke|p2|Indeedee-F, L50, F|
|poke|p2|Sneasler, L50, M|
|poke|p2|Arcanine-Hisui, L50, M|
|poke|p2|Hydreigon, L50, F|
|poke|p2|Kingambit, L50, M|
|teampreview|4
|showteam|p1|Hydreigon||SafetyGoggles|Levitate|Snarl,DracoMeteor,Tailwind,Protect|||F|||50|,,,,,Ghost]Incineroar||AssaultVest|Intimidate|FlareBlitz,FakeOut,KnockOff,PartingShot|||F|||50|,,,,,Bug]Sneasler||GrassySeed|Unburden|Protect,DireClaw,CloseCombat,ThroatChop|||F|||50|,,,,,Dark]Rillaboom||MiracleSeed|GrassySurge|WoodHammer,GrassyGlide,HighHorsepower,FakeOut|||F|||50|,,,,,Fire]Gholdengo||LifeOrb|GoodasGold|MakeItRain,ShadowBall,Protect,NastyPlot||||||50|,,,,,Water]Ninetales-Alola||FocusSash|SnowWarning|Blizzard,IcyWind,Disable,Protect|||F|||50|,,,,,Ice
|showteam|p2|Espathra||LifeOrb|SpeedBoost|Protect,DazzlingGleam,ExpandingForce,LuminaCrash|||F|||50|,,,,,Psychic]Indeedee-F||RockyHelmet|PsychicSurge|Protect,FollowMe,HelpingHand,Psychic|||F|||50|,,,,,Dragon]Sneasler||PsychicSeed|Unburden|Protect,ThroatChop,CloseCombat,DireClaw|||M|||50|,,,,,Dark]Arcanine-Hisui||MirrorHerb|Intimidate|Protect,CloseCombat,FlareBlitz,RockSlide|||M|||50|,,,,,Water]Hydreigon||SafetyGoggles|Levitate|Protect,Taunt,Snarl,DracoMeteor|||F|||50|,,,,,Ghost]Kingambit||AssaultVest|Defiant|LowKick,TeraBlast,KowtowCleave,SuckerPunch|||M|||50|,,,,,Flying
|inactive|Battle timer is ON: inactive players will automatically lose when time's up. (requested by metvgc)
|inactive|Bahamate has 60 seconds left.
|
|t:|1757914763
|teamsize|p1|4
|teamsize|p2|4
|start
|switch|p1a: Sneasler|Sneasler, L50, F|100/100
|switch|p1b: Rillaboom|Rillaboom, L50, F|100/100
|switch|p2a: Kingambit|Kingambit, L50, M|100/100
|switch|p2b: Indeedee|Indeedee-F, L50, F|100/100
|-fieldstart|move: Grassy Terrain|[from] ability: Grassy Surge|[of] p1b: Rillaboom
|-enditem|p1a: Sneasler|Grassy Seed
|-boost|p1a: Sneasler|def|1|[from] item: Grassy Seed
|-fieldstart|move: Psychic Terrain|[from] ability: Psychic Surge|[of] p2b: Indeedee
|turn|1
|
|t:|1757914788
|switch|p1b: Ninetales|Ninetales-Alola, L50, F|100/100
|-weather|Snowscape|[from] ability: Snow Warning|[of] p1b: Ninetales
|-terastallize|p2a: Kingambit|Flying
|move|p2b: Indeedee|Helping Hand|p2a: Kingambit
|-singleturn|p2a: Kingambit|Helping Hand|[of] p2b: Indeedee
|move|p1a: Sneasler|Protect|p1a: Sneasler
|-singleturn|p1a: Sneasler|Protect
|move|p2a: Kingambit|Tera Blast|p1a: Sneasler|[anim] Tera Blast Flying
|-activate|p1a: Sneasler|move: Protect
|
|-weather|Snowscape|[upkeep]
|upkeep
|turn|2
|inactive|metvgc has 30 seconds left.
|
|t:|1757914816
|switch|p2a: Arcanine|Arcanine-Hisui, L50, M|100/100
|-ability|p2a: Arcanine|Intimidate|boost
|-unboost|p1a: Sneasler|atk|1
|-unboost|p1b: Ninetales|atk|1
|move|p1a: Sneasler|Dire Claw|p2a: Arcanine
|-resisted|p2a: Arcanine
|-damage|p2a: Arcanine|84/100
|-status|p2a: Arcanine|psn
|move|p1b: Ninetales|Disable||[still]
|-fail|p1b: Ninetales
|move|p2b: Indeedee|Psychic|p1b: Ninetales
|-damage|p1b: Ninetales|56/100
|
|-weather|Snowscape|[upkeep]
|-damage|p2a: Arcanine|71/100 psn|[from] psn
|upkeep
|turn|3
|
|t:|1757914843
|move|p1a: Sneasler|Close Combat|p2a: Arcanine
|-supereffective|p2a: Arcanine
|-damage|p2a: Arcanine|0 fnt
|-unboost|p1a: Sneasler|def|1
|-unboost|p1a: Sneasler|spd|1
|faint|p2a: Arcanine
|move|p1b: Ninetales|Disable|p2b: Indeedee
|-start|p2b: Indeedee|Disable|Psychic
|cant|p2b: Indeedee|Disable|Psychic
|
|-weather|Snowscape|[upkeep]
|upkeep
|
|t:|1757914846
|switch|p2a: Sneasler|Sneasler, L50, M|100/100
|-enditem|p2a: Sneasler|Psychic Seed
|-boost|p2a: Sneasler|spd|1|[from] item: Psychic Seed
|turn|4
|
|t:|1757914857
|switch|p1b: Incineroar|Incineroar, L50, F|100/100
|-ability|p1b: Incineroar|Intimidate|boost
|-unboost|p2a: Sneasler|atk|1
|-unboost|p2b: Indeedee|atk|1
|move|p2b: Indeedee|Follow Me|p2b: Indeedee
|-singleturn|p2b: Indeedee|move: Follow Me
|move|p2a: Sneasler|Dire Claw|p1b: Incineroar
|-damage|p1b: Incineroar|74/100
|-status|p1b: Incineroar|psn
|move|p1a: Sneasler|Dire Claw|p2b: Indeedee
|-damage|p2b: Indeedee|68/100
|-status|p2b: Indeedee|slp
|-damage|p1a: Sneasler|84/100|[from] item: Rocky Helmet|[of] p2b: Indeedee
|
|-weather|Snowscape|[upkeep]
|-damage|p1b: Incineroar|61/100 psn|[from] psn
|upkeep
|turn|5
|
|t:|1757914877
|move|p2a: Sneasler|Protect|p2a: Sneasler
|-singleturn|p2a: Sneasler|Protect
|cant|p2b: Indeedee|slp
|move|p1a: Sneasler|Dire Claw|p2a: Sneasler
|-activate|p2a: Sneasler|move: Protect
|move|p1b: Incineroar|Flare Blitz|p2a: Sneasler
|-activate|p2a: Sneasler|move: Protect
|
|-weather|none
|-damage|p1b: Incineroar|49/100 psn|[from] psn
|-fieldend|move: Psychic Terrain
|upkeep
|turn|6
|
|t:|1757914891
|cant|p2b: Indeedee|slp
|move|p2a: Sneasler|Close Combat|p1b: Incineroar
|-supereffective|p1b: Incineroar
|-damage|p1b: Incineroar|0 fnt
|-unboost|p2a: Sneasler|def|1
|-unboost|p2a: Sneasler|spd|1
|faint|p1b: Incineroar
|move|p1a: Sneasler|Dire Claw|p2a: Sneasler
|-resisted|p2a: Sneasler
|-damage|p2a: Sneasler|59/100
|
|-end|p2b: Indeedee|Disable
|upkeep
|
|t:|1757914911
|switch|p1b: Rillaboom|Rillaboom, L50, F|100/100
|-fieldstart|move: Grassy Terrain|[from] ability: Grassy Surge|[of] p1b: Rillaboom
|turn|7
|inactive|Bahamate has 30 seconds left.
|
|t:|1757914936
|-terastallize|p1a: Sneasler|Dark
|move|p2a: Sneasler|Protect|p2a: Sneasler
|-singleturn|p2a: Sneasler|Protect
|move|p1b: Rillaboom|Fake Out|p2a: Sneasler
|-activate|p2a: Sneasler|move: Protect
|move|p1a: Sneasler|Throat Chop|p2b: Indeedee
|-supereffective|p2b: Indeedee
|-damage|p2b: Indeedee|3/100 slp
|-start|p2b: Indeedee|Throat Chop|[silent]
|-damage|p1a: Sneasler|68/100|[from] item: Rocky Helmet|[of] p2b: Indeedee
|-curestatus|p2b: Indeedee|slp|[msg]
|move|p2b: Indeedee|Psychic|p1a: Sneasler
|-immune|p1a: Sneasler
|
|-heal|p2a: Sneasler|65/100|[from] Grassy Terrain
|-heal|p1a: Sneasler|74/100|[from] Grassy Terrain
|-heal|p2b: Indeedee|9/100|[from] Grassy Terrain
|upkeep
|turn|8
|
|t:|1757914960
|move|p2b: Indeedee|Helping Hand|p2a: Sneasler
|-singleturn|p2a: Sneasler|Helping Hand|[of] p2b: Indeedee
|move|p1a: Sneasler|Protect|p1a: Sneasler
|-singleturn|p1a: Sneasler|Protect
|move|p2a: Sneasler|Dire Claw|p1b: Rillaboom
|-supereffective|p1b: Rillaboom
|-crit|p1b: Rillaboom
|-damage|p1b: Rillaboom|0 fnt
|faint|p1b: Rillaboom
|
|-heal|p2a: Sneasler|70/100|[from] Grassy Terrain
|-heal|p1a: Sneasler|80/100|[from] Grassy Terrain
|-heal|p2b: Indeedee|15/100|[from] Grassy Terrain
|-end|p2b: Indeedee|Throat Chop|[silent]
|upkeep
|
|t:|1757914963
|switch|p1b: Ninetales|Ninetales-Alola, L50, F|56/100
|-weather|Snowscape|[from] ability: Snow Warning|[of] p1b: Ninetales
|turn|9
|
|t:|1757914978
|move|p2b: Indeedee|Follow Me|p2b: Indeedee
|-singleturn|p2b: Indeedee|move: Follow Me
|move|p2a: Sneasler|Close Combat|p1a: Sneasler
|-supereffective|p1a: Sneasler
|-damage|p1a: Sneasler|0 fnt
|-unboost|p2a: Sneasler|def|1
|-unboost|p2a: Sneasler|spd|1
|faint|p1a: Sneasler
|move|p1b: Ninetales|Blizzard|p2a: Sneasler|[spread] p2a,p2b
|-damage|p2a: Sneasler|11/100
|-damage|p2b: Indeedee|0 fnt
|faint|p2b: Indeedee
|
|-weather|Snowscape|[upkeep]
|-heal|p2a: Sneasler|17/100|[from] Grassy Terrain
|-heal|p1b: Ninetales|62/100|[from] Grassy Terrain
|upkeep
|
|t:|1757914983
|switch|p2b: Kingambit|Kingambit, L50, M, tera:Flying|100/100
|turn|10
|
|t:|1757914988
|move|p2b: Kingambit|Sucker Punch|p1b: Ninetales
|-resisted|p1b: Ninetales
|-crit|p1b: Ninetales
|-damage|p1b: Ninetales|35/100
|move|p2a: Sneasler|Dire Claw|p1b: Ninetales
|-supereffective|p1b: Ninetales
|-damage|p1b: Ninetales|0 fnt
|faint|p1b: Ninetales
|
|win|metvgc
||Bahamate is ready for game 2.
||metvgc is ready for game 2.
|uhtml|next|Next: Game 2 of 3
|l|☆Bahamate
|player|p1|
|l|☆metvgc
|player|p2|
