|j|☆regitron 21
|j|☆wade connects
|html|regitron 21wade connects    
|uhtml|bestof|Game 1 of a best-of-3
|t:|1785650425
|gametype|doubles
|player|p1|regitron 21|n|1218
|player|p2|wade connects|101|1278
|gen|9
|tier|[Gen 9 Champions] VGC 2026 Reg M-B (Bo3)
|rated|
|rule|Species Clause: Limit one of each Pokémon
|rule|Item Clause: Limit 1 of each item
|clearpoke
|poke|p1|Raichu, L50, M|
|poke|p1|Charizard, L50, F|
|poke|p1|Incineroar, L50, F|
|poke|p1|Farigiraf, L50, F|
|poke|p1|Sylveon, L50, M|
|poke|p1|Kingambit, L50, M|
|poke|p2|Gholdengo, L50|
|poke|p2|Clefable, L50, F|
|poke|p2|Blaziken, L50, M, shiny|
|poke|p2|Sceptile, L50, M|
|poke|p2|Gyarados, L50, F, shiny|
|poke|p2|Aerodactyl, L50, F|
|teampreview|4
|showteam|p1|Raichu||RaichuniteY|LightningRod|ZapCannon,FocusBlast,FakeOut,Protect|Timid||M|||50|]Charizard||CharizarditeY|Blaze|HeatWave,WeatherBall,SolarBeam,Protect|Modest||F|||50|]Incineroar||SitrusBerry|Intimidate|FakeOut,FlareBlitz,DarkestLariat,PartingShot|Impish||F|||50|]Farigiraf||ColburBerry|ArmorTail|TwinBeam,Thunderbolt,HelpingHand,TrickRoom|Modest||F|||50|]Sylveon||FairyFeather|Pixilate|HyperVoice,Moonblast,Detect,CalmMind|Modest||M|||50|]Kingambit||LifeOrb|Defiant|SuckerPunch,KowtowCleave,Protect,SwordsDance|Adamant||M|||50|
|showteam|p2|Gholdengo||MetalCoat|GoodasGold|Protect,NastyPlot,ShadowBall,MakeItRain|Modest|||||50|]Clefable||Leftovers|Unaware|Protect,FollowMe,LifeDew,Moonblast|Bold||F|||50|]Blaziken||LifeOrb|SpeedBoost|Detect,CloseCombat,FlareBlitz,RockSlide|Adamant||M|||50|]Sceptile||Sceptilite|Overgrow|Detect,EnergyBall,DragonPulse,EarthPower|Timid||M|||50|]Gyarados||Gyaradosite|Intimidate|Protect,DragonDance,Waterfall,Crunch|Adamant||F|||50|]Aerodactyl||FocusSash|Unnerve|Protect,Tailwind,DualWingbeat,RockSlide|Jolly||F|||50|
|c|☆regitron 21|hey good luck pal
|c|☆regitron 21|nice team
|
|t:|1785650474
|teamsize|p1|4
|teamsize|p2|4
|start
|switch|p1a: Soey|Farigiraf, L50, F|100/100
|switch|p1b: Lily|Incineroar, L50, F|100/100
|switch|p2a: Sceptile|Sceptile, L50, M|100/100
|switch|p2b: Aerodactyl|Aerodactyl, L50, F|100/100
|-ability|p2b: Aerodactyl|Unnerve
|-ability|p1b: Lily|Intimidate|boost
|-unboost|p2a: Sceptile|atk|1
|-unboost|p2b: Aerodactyl|atk|1
|turn|1
|
|t:|1785650497
|detailschange|p2a: Sceptile|Sceptile-Mega, L50, M
|-mega|p2a: Sceptile|Sceptile|Sceptilite
|move|p1b: Lily|Fake Out|p2a: Sceptile
|-damage|p2a: Sceptile|82/100
|cant|p2a: Sceptile|flinch
|move|p2b: Aerodactyl|Rock Slide|p1a: Soey|[spread] p1a,p1b
|-supereffective|p1b: Lily|1
|-damage|p1a: Soey|82/100
|-damage|p1b: Lily|75/100
|move|p1a: Soey|Trick Room|p1a: Soey
|-fieldstart|move: Trick Room|[of] p1a: Soey
|
|upkeep
|turn|2
|
|t:|1785650516
|switch|p2b: Gholdengo|Gholdengo, L50|100/100
|move|p2a: Sceptile|Detect|p2a: Sceptile
|-singleturn|p2a: Sceptile|Protect
|move|p1b: Lily|Parting Shot|p2a: Sceptile
|-activate|p2a: Sceptile|move: Protect
|move|p1a: Soey|Thunderbolt|p2a: Sceptile
|-activate|p2a: Sceptile|ability: Lightning Rod
|-activate|p2a: Sceptile|move: Protect
|
|upkeep
|turn|3
|
|t:|1785650538
|move|p1a: Soey|Helping Hand|p1b: Lily
|-singleturn|p1b: Lily|Helping Hand|[of] p1a: Soey
|move|p1b: Lily|Darkest Lariat|p2b: Gholdengo
|-supereffective|p2b: Gholdengo|1
|-damage|p2b: Gholdengo|0 fnt
|faint|p2b: Gholdengo
|move|p2a: Sceptile|Earth Power|p1b: Lily
|-supereffective|p1b: Lily|1
|-damage|p1b: Lily|17/100
|-enditem|p1b: Lily|Sitrus Berry|[eat]
|-heal|p1b: Lily|42/100|[from] item: Sitrus Berry
|
|upkeep
|
|t:|1785650551
|switch|p2b: Aerodactyl|Aerodactyl, L50, F|100/100
|-ability|p2b: Aerodactyl|Unnerve
|turn|4
|
|t:|1785650558
|move|p2a: Sceptile|Detect|p2a: Sceptile
|-singleturn|p2a: Sceptile|Protect
|move|p1b: Lily|Flare Blitz|p2a: Sceptile
|-activate|p2a: Sceptile|move: Protect
|move|p1a: Soey|Twin Beam|p2a: Sceptile
|-activate|p2a: Sceptile|move: Protect
|move|p2b: Aerodactyl|Rock Slide|p1a: Soey|[spread] p1a,p1b
|-crit|p1a: Soey
|-supereffective|p1b: Lily|1
|-damage|p1a: Soey|50/100g
|-damage|p1b: Lily|3/100
|
|upkeep
|turn|5
|
|t:|1785650575
|switch|p1a: Ryan|Sylveon, L50, M|100/100
|switch|p2a: Blaziken|Blaziken, L50, M, shiny|100/100
|move|p1b: Lily|Parting Shot|p2a: Blaziken
|-unboost|p2a: Blaziken|atk|1
|-unboost|p2a: Blaziken|spa|1
|
|t:|1785650584
|switch|p1b: Soey|Farigiraf, L50, F|50/100g|[from] Parting Shot
|move|p2b: Aerodactyl|Rock Slide|p1a: Ryan|[spread] p1b
|-miss|p2b: Aerodactyl|p1a: Ryan
|-damage|p1b: Soey|26/100
|
|-fieldend|move: Trick Room
|upkeep
|turn|6
|
|t:|1785650599
|switch|p1b: Lily|Incineroar, L50, F|3/100
|-ability|p1b: Lily|Intimidate|boost
|-unboost|p2a: Blaziken|atk|1
|-unboost|p2b: Aerodactyl|atk|1
|move|p2b: Aerodactyl|Rock Slide|p1b: Lily|[spread] p1b
|-miss|p2b: Aerodactyl|p1a: Ryan
|-supereffective|p1b: Lily|1
|-damage|p1b: Lily|0 fnt
|faint|p1b: Lily
|move|p2a: Blaziken|Flare Blitz|p1a: Ryan
|-damage|p1a: Ryan|61/100
|-damage|p2a: Blaziken|84/100|[from] Recoil
|-damage|p2a: Blaziken|74/100|[from] item: Life Orb
|move|p1a: Ryan|Hyper Voice|p2b: Aerodactyl|[spread] p2a,p2b
|-damage|p2a: Blaziken|15/100
|-damage|p2b: Aerodactyl|40/100
|
|-ability|p2a: Blaziken|Speed Boost|boost
|-boost|p2a: Blaziken|spe|1
|upkeep
|
|t:|1785650609
|switch|p1b: Soey|Farigiraf, L50, F|26/100
|turn|7
|
|t:|1785650625
|move|p2b: Aerodactyl|Dual Wingbeat|p1b: Soey
|-damage|p1b: Soey|14/100
|-damage|p1b: Soey|3/100
|-hitcount|p1b: Soey|2
|move|p2a: Blaziken|Flare Blitz|p1a: Ryan
|-damage|p1a: Ryan|18/100
|-damage|p2a: Blaziken|0 fnt|[from] Recoil
|faint|p2a: Blaziken
|move|p1a: Ryan|Hyper Voice|p2b: Aerodactyl
|-damage|p2b: Aerodactyl|0 fnt
|faint|p2b: Aerodactyl
|move|p1b: Soey|Trick Room|p1b: Soey
|-fieldstart|move: Trick Room|[of] p1b: Soey
|
|upkeep
|
|t:|1785650640
|switch|p2b: Sceptile|Sceptile-Mega, L50, M|82/100
|turn|8
|
|t:|1785650657
|move|p1b: Soey|Twin Beam|p2b: Sceptile
|-damage|p2b: Sceptile|61/100
|-crit|p2b: Sceptile
|-damage|p2b: Sceptile|25/100
|-hitcount|p2b: Sceptile|2
|move|p1a: Ryan|Moonblast|p2b: Sceptile
|-supereffective|p2b: Sceptile|1
|-damage|p2b: Sceptile|0 fnt
|faint|p2b: Sceptile
|
|win|regitron 21
|c|☆regitron 21|gg pal
||wade connects is ready for game 2.
|inactive|regitron 21 has 30 seconds to confirm battle start!
||regitron 21 is ready for game 2.
|uhtml|next|Next: Game 2 of 3
|l|☆regitron 21
|player|p1|
