|j|☆suzerdito
|j|☆elmono11
|html|suzerditoelmono11    
|uhtml|bestof|Game 1 of a best-of-3
|t:|1784045578
|gametype|doubles
|player|p1|suzerdito|steven|1282
|player|p2|elmono11|101|1367
|gen|9
|tier|[Gen 9 Champions] VGC 2026 Reg M-B (Bo3)
|rated|
|rule|Species Clause: Limit one of each Pokémon
|rule|Item Clause: Limit 1 of each item
|clearpoke
|poke|p1|Aerodactyl, L50, M|
|poke|p1|Kingambit, L50, F, shiny|
|poke|p1|Charizard, L50, F, shiny|
|poke|p1|Sylveon, L50, F, shiny|
|poke|p1|Farigiraf, L50, F|
|poke|p1|Garchomp, L50, F|
|poke|p2|Charizard, L50, M|
|poke|p2|Annihilape, L50, F|
|poke|p2|Venusaur, L50, F|
|poke|p2|Garchomp, L50, F|
|poke|p2|Incineroar, L50, F|
|poke|p2|Milotic, L50, F|
|teampreview|4
|showteam|p1|Aerodactyl||Aerodactylite|Unnerve|RockSlide,IceFang,Tailwind,DualWingbeat|Jolly||M|||50|]Kingambit||FocusSash|Defiant|KowtowCleave,IronHead,SuckerPunch,LowKick|Adamant||F|||50|]Charizard||CharizarditeY|Blaze|Protect,HeatWave,SolarBeam,WeatherBall|Modest||F|||50|]Sylveon||FairyFeather|Pixilate|Detect,QuickAttack,HyperVoice,HyperBeam|Modest||F|||50|]Farigiraf||SitrusBerry|ArmorTail|Psychic,Thunderbolt,TrickRoom,Roar|Bold||F|||50|]Garchomp||LifeOrb|RoughSkin|Protect,RockSlide,Earthquake,DragonClaw|Jolly||F|||50|
|showteam|p2|Charizard||CharizarditeY|Blaze|HeatWave,WeatherBall,HelpingHand,Protect|Modest||M|||50|]Annihilape||FocusSash|Defiant|PhantomForce,CloseCombat,RockTomb,Protect|Jolly||F|||50|]Venusaur||LifeOrb|Chlorophyll|SolarBeam,SludgeBomb,EarthPower,Protect|Modest||F|||50|]Garchomp||ChoiceScarf|RoughSkin|RockSlide,DragonClaw,Earthquake,StompingTantrum|Adamant||F|||50|]Incineroar||SitrusBerry|Intimidate|FlareBlitz,DarkestLariat,PartingShot,FakeOut|Calm||F|||50|]Milotic||Leftovers|Competitive|MuddyWater,Hypnosis,Coil,Recover|Calm||F|||50|
|inactive|Battle timer is ON: inactive players will automatically lose when time's up. (requested by elmono11)
|inactive|suzerdito also wants the timer to be on.
|inactive|elmono11 has 60 seconds left.
|inactive|suzerdito has 60 seconds left.
|inactive|elmono11 has 30 seconds left.
|
|t:|1784045644
|teamsize|p1|4
|teamsize|p2|4
|start
|switch|p1a: Aerodactyl|Aerodactyl, L50, M|100/100
|switch|p1b: Kingambit|Kingambit, L50, F, shiny|100/100
|switch|p2a: Milotic|Milotic, L50, F|100/100
|switch|p2b: Garchomp|Garchomp, L50, F|100/100
|-ability|p1a: Aerodactyl|Unnerve
|turn|1
|inactive|suzerdito has 30 seconds left.
|
|t:|1784045675
|detailschange|p1a: Aerodactyl|Aerodactyl-Mega, L50, M
|-mega|p1a: Aerodactyl|Aerodactyl|Aerodactylite
|move|p2b: Garchomp|Stomping Tantrum|p1b: Kingambit
|-supereffective|p1b: Kingambit|1
|-damage|p1b: Kingambit|18/100
|move|p1a: Aerodactyl|Ice Fang|p2b: Garchomp
|-supereffective|p2b: Garchomp|2
|-damage|p2b: Garchomp|0 fnt
|-damage|p1a: Aerodactyl|87/100|[from] ability: Rough Skin|[of] p2b: Garchomp
|faint|p2b: Garchomp
|move|p2a: Milotic|Muddy Water|p1a: Aerodactyl|[spread] p1a
|-miss|p2a: Milotic|p1b: Kingambit
|-supereffective|p1a: Aerodactyl|1
|-damage|p1a: Aerodactyl|33/100
|move|p1b: Kingambit|Kowtow Cleave|p2a: Milotic
|-damage|p2a: Milotic|57/100
|
|-heal|p2a: Milotic|63/100|[from] item: Leftovers
|upkeep
|inactive|elmono11 has 30 seconds left.
|
|t:|1784045701
|switch|p2b: Charizard|Charizard, L50, M|100/100
|turn|2
|inactive|suzerdito has 30 seconds left.
|
|t:|1784045731
|move|p2b: Charizard|Protect|p2b: Charizard
|-singleturn|p2b: Charizard|Protect
|move|p1b: Kingambit|Sucker Punch|p2a: Milotic
|-damage|p2a: Milotic|28/100
|move|p1a: Aerodactyl|Tailwind|p1a: Aerodactyl
|-sidestart|p1: suzerdito|move: Tailwind
|move|p2a: Milotic|Muddy Water|p1a: Aerodactyl|[spread] p1a,p1b
|-supereffective|p1a: Aerodactyl|1
|-damage|p1a: Aerodactyl|0 fnt
|-damage|p1b: Kingambit|0 fnt
|faint|p1a: Aerodactyl
|faint|p1b: Kingambit
|
|-heal|p2a: Milotic|34/100|[from] item: Leftovers
|upkeep
|
|t:|1784045743
|switch|p1a: Farigiraf|Farigiraf, L50, F|100/100
|switch|p1b: Sylveon|Sylveon, L50, F, shiny|100/100
|turn|3
|
|t:|1784045754
|detailschange|p2b: Charizard|Charizard-Mega-Y, L50, M
|-mega|p2b: Charizard|Charizard|Charizardite Y
|-weather|SunnyDay|[from] ability: Drought|[of] p2b: Charizard
|move|p1b: Sylveon|Hyper Voice|p2a: Milotic|[spread] p2a,p2b
|-resisted|p2b: Charizard|1
|-damage|p2a: Milotic|2/100
|-damage|p2b: Charizard|80/100
|move|p1a: Farigiraf|Thunderbolt|p2b: Charizard
|-supereffective|p2b: Charizard|1
|-damage|p2b: Charizard|37/100
|move|p2b: Charizard|Heat Wave|p1b: Sylveon|[spread] p1a,p1b
|-damage|p1a: Farigiraf|42/100
|-damage|p1b: Sylveon|49/100
|-enditem|p1a: Farigiraf|Sitrus Berry|[eat]
|-heal|p1a: Farigiraf|67/100|[from] item: Sitrus Berry
|move|p2a: Milotic|Recover|p2a: Milotic
|-heal|p2a: Milotic|52/100
|
|-weather|SunnyDay|[upkeep]
|-heal|p2a: Milotic|58/100|[from] item: Leftovers
|upkeep
|turn|4
|
|t:|1784045773
|move|p1b: Sylveon|Hyper Voice|p2a: Milotic|[spread] p2a,p2b
|-resisted|p2b: Charizard|1
|-damage|p2a: Milotic|25/100
|-damage|p2b: Charizard|16/100
|move|p1a: Farigiraf|Thunderbolt|p2a: Milotic
|-supereffective|p2a: Milotic|1
|-damage|p2a: Milotic|0 fnt
|faint|p2a: Milotic
|move|p2b: Charizard|Weather Ball|p1a: Farigiraf
|-damage|p1a: Farigiraf|0 fnt
|faint|p1a: Farigiraf
|
|-weather|SunnyDay|[upkeep]
|upkeep
|
|t:|1784045777
|switch|p2a: Incineroar|Incineroar, L50, F|100/100
|-ability|p2a: Incineroar|Intimidate|boost
|-unboost|p1b: Sylveon|atk|1
|turn|5
|
|t:|1784045780
|move|p2a: Incineroar|Fake Out|p1b: Sylveon
|-damage|p1b: Sylveon|37/100
|cant|p1b: Sylveon|flinch
|move|p2b: Charizard|Weather Ball|p1b: Sylveon
|-damage|p1b: Sylveon|0 fnt
|faint|p1b: Sylveon
|
|win|elmono11
