|j|☆CARTAXINHO1996
|j|‽CaratroncoSun
|html|CARTAXINHO1996CaratroncoSun    
|uhtml|bestof|Game 2 of a best-of-3
|t:|1782206215
|gametype|doubles
|player|p1|CARTAXINHO1996|giovanni|1130
|player|p2|CaratroncoSun|juan|1118
|gen|9
|tier|[Gen 9 Champions] VGC 2026 Reg M-B (Bo3)
|rated|
|rule|Species Clause: Limit one of each Pokémon
|rule|Item Clause: Limit 1 of each item
|clearpoke
|poke|p1|Samurott-Hisui, L50, M|
|poke|p1|Farigiraf, L50, M|
|poke|p1|Sinistcha-Masterpiece, L50|
|poke|p1|Incineroar, L50, F|
|poke|p1|Metagross, L50|
|poke|p1|Politoed, L50, M|
|poke|p2|Overqwil, L50, M, shiny|
|poke|p2|Swampert, L50, M|
|poke|p2|Pelipper, L50, M|
|poke|p2|Metagross, L50, shiny|
|poke|p2|Sneasler, L50, M|
|poke|p2|Sinistcha-Masterpiece, L50|
|teampreview|4
|showteam|p1|Samurott-Hisui||FocusSash|Sharpness|Protect,SuckerPunch,SacredSword,AquaCutter|Adamant||M|||50|]Farigiraf||SitrusBerry|ArmorTail|NastyPlot,HyperVoice,Psychic,TrickRoom|Modest||M|||50|]Sinistcha-Masterpiece||OccaBerry|Heatproof|StrengthSap,MatchaGotcha,TrickRoom,RagePowder|Modest|||||50|]Incineroar||LifeOrb|Intimidate|CloseCombat,FakeOut,FlareBlitz,DarkestLariat|Adamant||F|||50|]Metagross||Metagrossite|ClearBody|Protect,MeteorMash,PsychicFangs,IcePunch|Adamant|||||50|]Politoed||MysticWater|Drizzle|MuddyWater,EarthPower,Haze,IceBeam|Modest||M|||50|
|showteam|p2|Overqwil||LifeOrb|SwiftSwim|Protect,PoisonJab,ThroatChop,Liquidation|Adamant||M|||50|]Swampert||Swampertite|Damp|Protect,WaveCrash,HighHorsepower,IcePunch|Adamant||M|||50|]Pelipper||FocusSash|Drizzle|Protect,Tailwind,Hurricane,WeatherBall|Modest||M|||50|]Metagross||Metagrossite|ClearBody|Protect,PsychicFangs,MeteorMash,IcePunch|Jolly|||||50|]Sneasler||WhiteHerb|Unburden|Coaching,FakeOut,DireClaw,CloseCombat|Jolly||M|||50|]Sinistcha-Masterpiece||SitrusBerry|Hospitality|MatchaGotcha,TrickRoom,LifeDew,RagePowder|Bold|||||50|
|
|t:|1782206264
|teamsize|p1|4
|teamsize|p2|4
|start
|switch|p1a: Sinistcha|Sinistcha-Masterpiece, L50|100/100
|switch|p1b: Samurott|Samurott-Hisui, L50, M|100/100
|switch|p2a: Pelipper|Pelipper, L50, M|100/100
|switch|p2b: Sneasler|Sneasler, L50, M|100/100
|-weather|RainDance|[from] ability: Drizzle|[of] p2a: Pelipper
|turn|1
|
|t:|1782206285
|move|p2b: Sneasler|Dire Claw|p1a: Sinistcha
|-damage|p1a: Sinistcha|61/100
|-status|p1a: Sinistcha|par
|move|p2a: Pelipper|Hurricane|p1a: Sinistcha
|-supereffective|p1a: Sinistcha|1
|-damage|p1a: Sinistcha|0 fnt
|faint|p1a: Sinistcha
|move|p1b: Samurott|Aqua Cutter|p2b: Sneasler
|-damage|p2b: Sneasler|0 fnt
|faint|p2b: Sneasler
|
|-weather|RainDance|[upkeep]
|upkeep
|
|t:|1782206298
|switch|p2b: Swampert|Swampert, L50, M|100/100
|switch|p1a: Farigiraf|Farigiraf, L50, M|100/100
|turn|2
|
|t:|1782206306
|detailschange|p2b: Swampert|Swampert-Mega, L50, M
|-mega|p2b: Swampert|Swampert|Swampertite
|move|p2b: Swampert|Wave Crash|p1a: Farigiraf
|-damage|p1a: Farigiraf|6/100
|-enditem|p1a: Farigiraf|Sitrus Berry|[eat]
|-heal|p1a: Farigiraf|31/100|[from] item: Sitrus Berry
|-damage|p2b: Swampert|60/100|[from] Recoil
|move|p2a: Pelipper|Weather Ball|p1a: Farigiraf
|-damage|p1a: Farigiraf|0 fnt
|faint|p1a: Farigiraf
|move|p1b: Samurott|Aqua Cutter|p2b: Swampert
|-damage|p2b: Swampert|0 fnt
|faint|p2b: Swampert
|
|-weather|RainDance|[upkeep]
|upkeep
|
|t:|1782206321
|switch|p2b: Sinistcha|Sinistcha-Masterpiece, L50|100/100
|switch|p1a: Politoed|Politoed, L50, M|100/100
|turn|3
|
|t:|1782206331
|move|p1b: Samurott|Sucker Punch|p2b: Sinistcha
|-supereffective|p2b: Sinistcha|1
|-damage|p2b: Sinistcha|44/100
|-enditem|p2b: Sinistcha|Sitrus Berry|[eat]
|-heal|p2b: Sinistcha|69/100|[from] item: Sitrus Berry
|move|p2a: Pelipper|Tailwind|p2a: Pelipper
|-sidestart|p2: CaratroncoSun|move: Tailwind
|move|p2b: Sinistcha|Matcha Gotcha|p1b: Samurott|[spread] p1a,p1b
|-supereffective|p1a: Politoed|1
|-supereffective|p1b: Samurott|1
|-damage|p1a: Politoed|49/100
|-heal|p2b: Sinistcha|96/100|[from] drain|[of] p1a: Politoed
|-damage|p1b: Samurott|41/100
|-heal|p2b: Sinistcha|100/100|[from] drain|[of] p1b: Samurott
|move|p1a: Politoed|Ice Beam|p2b: Sinistcha
|-supereffective|p2b: Sinistcha|1
|-damage|p2b: Sinistcha|48/100
|
|-weather|RainDance|[upkeep]
|upkeep
|turn|4
|
|t:|1782206354
|move|p1b: Samurott|Sucker Punch||[still]
|-fail|p1b: Samurott
|move|p2a: Pelipper|Hurricane|p1b: Samurott
|-damage|p1b: Samurott|0 fnt
|faint|p1b: Samurott
|move|p2b: Sinistcha|Life Dew||[still]|[spread] p2a,p2b
|-fail|p2a: Pelipper|heal
|-heal|p2b: Sinistcha|73/100
|move|p1a: Politoed|Ice Beam|p2b: Sinistcha
|-supereffective|p2b: Sinistcha|1
|-damage|p2b: Sinistcha|27/100
|
|-weather|RainDance|[upkeep]
|upkeep
|turn|5
|
|t:|1782206370
|move|p2a: Pelipper|Hurricane|p1a: Politoed
|-damage|p1a: Politoed|5/100
|move|p2b: Sinistcha|Matcha Gotcha|p1a: Politoed
|-supereffective|p1a: Politoed|1
|-damage|p1a: Politoed|0 fnt
|-heal|p2b: Sinistcha|30/100|[from] drain|[of] p1a: Politoed
|faint|p1a: Politoed
|
|win|CaratroncoSun
|raw|CARTAXINHO1996's rating: 1130 → 1104(-26 for losing)
|raw|CaratroncoSun's rating: 1118 → 1144(+26 for winning)
