|j|☆eox dys
|j|☆GubGubFan
|html|eox dysGubGubFan    
|uhtml|bestof|Game 2 of a best-of-3
|t:|1757644222
|gametype|doubles
|player|p1|eox dys|102|1126
|player|p2|GubGubFan|baoba|1210
|gen|9
|tier|[Gen 9] VGC 2025 Reg H (Bo3)
|rated|
|rule|Species Clause: Limit one of each Pokémon
|rule|Item Clause: Limit 1 of each item
|clearpoke
|poke|p1|Incineroar, L50, F|
|poke|p1|Tyranitar, L50, M|
|poke|p1|Houndstone, L50, F|
|poke|p1|Clefable, L50, F|
|poke|p1|Rillaboom, L50, M|
|poke|p1|Gholdengo, L50|
|poke|p2|Tyranitar, L50, F|
|poke|p2|Excadrill, L50, M|
|poke|p2|Basculegion, L50, M|
|poke|p2|Volcarona, L50, F|
|poke|p2|Dragonite, L50, M|
|poke|p2|Magmar, L50, F|
|teampreview|4
|showteam|p1|Incineroar||SafetyGoggles|Intimidate|FakeOut,KnockOff,FlareBlitz,PartingShot|||F|||50|,,,,,Ghost]Tyranitar||FocusSash|SandStream|Protect,TeraBlast,RockSlide,LashOut|||M|||50|,,,,,Flying]Houndstone||ChoiceBand|SandRush|SleepTalk,ShadowSneak,LastRespects,PlayRough|||F|||50|,,,,,Ghost]Clefable||Leftovers|MagicGuard|Protect,FollowMe,CosmicPower,Moonblast|||F|||50|,,,,,Grass]Rillaboom||AssaultVest|GrassySurge|FakeOut,GrassyGlide,WoodHammer,HighHorsepower|||M|||50|,,,,,Ghost]Gholdengo||MetalCoat|GoodasGold|Protect,NastyPlot,MakeItRain,ShadowBall||||||50|,,,,,Dragon
|showteam|p2|Tyranitar||AssaultVest|SandStream|RockSlide,KnockOff,LowKick,TeraBlast|||F|||50|,,,,,Flying]Excadrill||FocusSash|SandRush|Earthquake,HighHorsepower,IronHead,Protect|||M|||50|,,,,,Ground]Basculegion||ChoiceScarf|Adaptability|WaveCrash,FlipTurn,AquaJet,LastRespects|||M|||50|,,,,,Grass]Volcarona||Leftovers|FlameBody|HeatWave,QuiverDance,TeraBlast,Protect|||F|||50|,,,,,Fairy]Dragonite||LoadedDice|Multiscale|Protect,Tailwind,ScaleShot,Haze|||M|||50|,,,,,Fairy]Magmar||Eviolite|VitalSpirit|FollowMe,Taunt,HeatWave,WillOWisp|||F|||50|,,,,,Grass
|inactive|Battle timer is ON: inactive players will automatically lose when time's up. (requested by GubGubFan)
|
|t:|1757644250
|teamsize|p1|4
|teamsize|p2|4
|start
|switch|p1a: Incineroar|Incineroar, L50, F|100/100
|switch|p1b: Rillaboom|Rillaboom, L50, M, shiny|100/100
|switch|p2a: Excadrill|Excadrill, L50, M|100/100
|switch|p2b: Basculegion|Basculegion, L50, M|100/100
|-fieldstart|move: Grassy Terrain|[from] ability: Grassy Surge|[of] p1b: Rillaboom
|-ability|p1a: Incineroar|Intimidate|boost
|-unboost|p2a: Excadrill|atk|1
|-unboost|p2b: Basculegion|atk|1
|turn|1
|
|t:|1757644275
|move|p2b: Basculegion|Flip Turn|p1a: Incineroar
|-supereffective|p1a: Incineroar
|-damage|p1a: Incineroar|53/100
|
|t:|1757644279
|switch|p2b: Volcarona|Volcarona, L50, F|100/100|[from] Flip Turn
|move|p2a: Excadrill|High Horsepower|p1a: Incineroar
|-supereffective|p1a: Incineroar
|-damage|p1a: Incineroar|0 fnt
|faint|p1a: Incineroar
|move|p1b: Rillaboom|Wood Hammer|p2b: Volcarona
|-resisted|p2b: Volcarona
|-damage|p2b: Volcarona|75/100
|-status|p1b: Rillaboom|brn|[from] ability: Flame Body|[of] p2b: Volcarona
|-damage|p1b: Rillaboom|93/100 brn|[from] Recoil
|
|-heal|p2b: Volcarona|82/100|[from] Grassy Terrain
|-heal|p2b: Volcarona|88/100|[from] item: Leftovers
|-heal|p1b: Rillaboom|99/100 brn|[from] Grassy Terrain
|-damage|p1b: Rillaboom|93/100 brn|[from] brn
|upkeep
|
|t:|1757644287
|switch|p1a: Tyranitar|Tyranitar, L50, M|100/100
|-weather|Sandstorm|[from] ability: Sand Stream|[of] p1a: Tyranitar
|turn|2
|inactive|GubGubFan has 30 seconds left.
|
|t:|1757644317
|move|p2a: Excadrill|Iron Head|p1b: Rillaboom
|-damage|p1b: Rillaboom|65/100 brn
|move|p2b: Volcarona|Heat Wave|p1b: Rillaboom|[spread] p1a,p1b
|-resisted|p1a: Tyranitar
|-supereffective|p1b: Rillaboom
|-damage|p1a: Tyranitar|89/100
|-damage|p1b: Rillaboom|12/100 brn
|move|p1a: Tyranitar|Rock Slide|p2b: Volcarona|[spread] p2a,p2b
|-resisted|p2a: Excadrill
|-supereffective|p2b: Volcarona
|-damage|p2a: Excadrill|90/100
|-damage|p2b: Volcarona|0 fnt
|faint|p2b: Volcarona
|move|p1b: Rillaboom|Wood Hammer|p2a: Excadrill
|-damage|p2a: Excadrill|33/100
|-damage|p1b: Rillaboom|0 fnt|[from] Recoil
|faint|p1b: Rillaboom
|
|-weather|Sandstorm|[upkeep]
|-heal|p2a: Excadrill|39/100|[from] Grassy Terrain
|-heal|p1a: Tyranitar|95/100|[from] Grassy Terrain
|upkeep
|
|t:|1757644334
|switch|p2b: Basculegion|Basculegion, L50, M|100/100
|switch|p1b: Houndstone|Houndstone, L50, F|100/100
|turn|3
|inactive|eox dys has 30 seconds left.
|
|t:|1757644360
|-terastallize|p1b: Houndstone|Ghost
|-terastallize|p2b: Basculegion|Grass
|move|p2a: Excadrill|Protect|p2a: Excadrill
|-singleturn|p2a: Excadrill|Protect
|move|p1b: Houndstone|Last Respects|p2b: Basculegion
|-damage|p2b: Basculegion|0 fnt
|faint|p2b: Basculegion
|move|p1a: Tyranitar|Lash Out|p2a: Excadrill
|-activate|p2a: Excadrill|move: Protect
|
|-weather|Sandstorm|[upkeep]
|-heal|p2a: Excadrill|45/100|[from] Grassy Terrain
|-heal|p1a: Tyranitar|100/100|[from] Grassy Terrain
|upkeep
|
|t:|1757644373
|switch|p2b: Tyranitar|Tyranitar, L50, F|100/100
|turn|4
|
|t:|1757644383
|move|p2a: Excadrill|High Horsepower|p1a: Tyranitar
|-supereffective|p1a: Tyranitar
|-damage|p1a: Tyranitar|25/100
|move|p1b: Houndstone|Last Respects|p2b: Tyranitar
|-resisted|p2b: Tyranitar
|-damage|p2b: Tyranitar|43/100
|move|p1a: Tyranitar|Lash Out|p2a: Excadrill
|-damage|p2a: Excadrill|0 fnt
|faint|p2a: Excadrill
|move|p2b: Tyranitar|Knock Off|p1b: Houndstone
|-supereffective|p1b: Houndstone
|-damage|p1b: Houndstone|0 fnt
|-enditem|p1b: Houndstone|Choice Band|[from] move: Knock Off|[of] p2b: Tyranitar
|faint|p1b: Houndstone
|
|-weather|Sandstorm|[upkeep]
|-heal|p1a: Tyranitar|32/100|[from] Grassy Terrain
|-heal|p2b: Tyranitar|49/100|[from] Grassy Terrain
|upkeep
|turn|5
|
|t:|1757644403
|move|p1a: Tyranitar|Rock Slide|p2b: Tyranitar
|-damage|p2b: Tyranitar|19/100
|move|p2b: Tyranitar|Low Kick|p1a: Tyranitar
|-supereffective|p1a: Tyranitar
|-damage|p1a: Tyranitar|0 fnt
|faint|p1a: Tyranitar
|
|win|GubGubFan
|raw|eox dys's rating: 1126 → 1107(-19 for losing)
|raw|GubGubFan's rating: 1210 → 1229(+19 for winning)
|l|☆eox dys
|player|p1|
