|j|☆gunkqing
|j|☆Capravolante97
|html|gunkqingCapravolante97    
|uhtml|bestof|Game 2 of a best-of-3
|t:|1756930342
|gametype|doubles
|player|p1|gunkqing|striker|
|player|p2|Capravolante97|fantina|
|gen|9
|tier|[Gen 9] VGC 2025 Reg H (Bo3)
|rule|Species Clause: Limit one of each Pokémon
|rule|Item Clause: Limit 1 of each item
|clearpoke
|poke|p1|Rillaboom, L50, F|
|poke|p1|Electabuzz, L50, F|
|poke|p1|Kommo-o, L50, M|
|poke|p1|Incineroar, L50, F|
|poke|p1|Basculegion, L50, M|
|poke|p1|Sylveon, L50, F|
|poke|p2|Whimsicott, L50, F|
|poke|p2|Corviknight, L50, M|
|poke|p2|Indeedee, L50, M|
|poke|p2|Sneasler, L50, F|
|poke|p2|Ursaluna-Bloodmoon, L50, M|
|poke|p2|Archaludon, L50, F|
|teampreview|4
|showteam|p1|Rillaboom||MeadowPlate|GrassySurge|FakeOut,WoodHammer,GrassyGlide,Uturn|||F|||50|,,,,,Fire]Electabuzz||Eviolite|VitalSpirit|FollowMe,Thunderbolt,Taunt,Protect|||F|||50|,,,,,Dragon]Kommo-o||Leftovers|Soundproof|ClangingScales,ClangorousSoul,Flamethrower,Protect|||M|||50|,,,,,Fire]Incineroar||AssaultVest|Intimidate|FakeOut,FlareBlitz,KnockOff,Uturn|||F|||50|,,,,,Ghost]Basculegion||ChoiceScarf|Adaptability|WaveCrash,AquaJet,LastRespects,FlipTurn|||M|||50|,,,,,Grass]Sylveon||LifeOrb|Pixilate|HyperVoice,Moonblast,Reflect,Detect|||F|||50|,,,,,Fairy
|showteam|p2|Whimsicott||CovertCloak|Prankster|Moonblast,Taunt,Tailwind,FakeTears|||F|||50|,,,,,Water]Corviknight||Leftovers|MirrorArmor|BraveBird,BulkUp,Tailwind,Roost|||M|||50|,,,,,Dragon]Indeedee||FocusSash|PsychicSurge|ExpandingForce,TeraBlast,Imprison,TrickRoom|||M|||50|,,,,,Psychic]Sneasler||PsychicSeed|Unburden|CloseCombat,DireClaw,ThroatChop,Protect|||F|||50|,,,,,Dark]Ursaluna-Bloodmoon||LifeOrb|MindsEye|HyperVoice,BloodMoon,EarthPower,Protect|||M|||50|,,,,,Normal]Archaludon||PowerHerb|Stalwart|ElectroShot,DragonPulse,Thunderbolt,Protect|||F|||50|,,,,,Electric
|inactive|Battle timer is ON: inactive players will automatically lose when time's up. (requested by gunkqing)
|inactive|Capravolante97 also wants the timer to be on.
|inactive|gunkqing has 60 seconds left.
|inactive|Capravolante97 has 60 seconds left.
|
|t:|1756930391
|teamsize|p1|4
|teamsize|p2|4
|start
|switch|p1a: Sylveon|Sylveon, L50, F|100/100
|switch|p1b: Electabuzz|Electabuzz, L50, F|100/100
|switch|p2a: Corviknight|Corviknight, L50, M|100/100
|switch|p2b: Ursaluna|Ursaluna-Bloodmoon, L50, M|100/100
|turn|1
|
|t:|1756930411
|-terastallize|p1a: Sylveon|Fairy
|move|p1b: Electabuzz|Thunderbolt|p2a: Corviknight
|-supereffective|p2a: Corviknight
|-damage|p2a: Corviknight|48/100
|move|p2b: Ursaluna|Earth Power|p1b: Electabuzz
|-supereffective|p1b: Electabuzz
|-damage|p1b: Electabuzz|0 fnt
|faint|p1b: Electabuzz
|-damage|p2b: Ursaluna|91/100|[from] item: Life Orb
|move|p2a: Corviknight|Brave Bird|p1a: Sylveon
|-damage|p1a: Sylveon|53/100
|-damage|p2a: Corviknight|33/100|[from] Recoil
|move|p1a: Sylveon|Hyper Voice|p2b: Ursaluna|[spread] p2a,p2b
|-resisted|p2a: Corviknight
|-damage|p2a: Corviknight|2/100
|-damage|p2b: Ursaluna|0 fnt
|faint|p2b: Ursaluna
|-damage|p1a: Sylveon|43/100|[from] item: Life Orb
|
|-heal|p2a: Corviknight|8/100|[from] item: Leftovers
|upkeep
|
|t:|1756930427
|switch|p1b: Basculegion|Basculegion, L50, M|100/100
|switch|p2b: Sneasler|Sneasler, L50, F|100/100
|turn|2
|inactive|gunkqing has 30 seconds left.
|inactive|gunkqing has 20 seconds left.
|inactive|gunkqing has 15 seconds left.
|inactive|gunkqing has 10 seconds left.
|
|t:|1756930474
|move|p2b: Sneasler|Protect|p2b: Sneasler
|-singleturn|p2b: Sneasler|Protect
|move|p1b: Basculegion|Wave Crash|p2b: Sneasler
|-activate|p2b: Sneasler|move: Protect
|move|p2a: Corviknight|Tailwind|p2a: Corviknight
|-sidestart|p2: Capravolante97|move: Tailwind
|move|p1a: Sylveon|Hyper Voice|p2b: Sneasler|[spread] p2a
|-activate|p2b: Sneasler|move: Protect
|-resisted|p2a: Corviknight
|-damage|p2a: Corviknight|0 fnt
|faint|p2a: Corviknight
|-damage|p1a: Sylveon|33/100|[from] item: Life Orb
|
|upkeep
|
|t:|1756930483
|switch|p2a: Indeedee|Indeedee, L50, M|100/100
|-fieldstart|move: Psychic Terrain|[from] ability: Psychic Surge|[of] p2a: Indeedee
|-enditem|p2b: Sneasler|Psychic Seed
|-boost|p2b: Sneasler|spd|1|[from] item: Psychic Seed
|turn|3
|inactive|gunkqing has 30 seconds left.
|inactive|Capravolante97 has 30 seconds left.
|inactive|gunkqing has 20 seconds left.
|inactive|gunkqing has 15 seconds left.
|
|t:|1756930523
|switch|p1b: Rillaboom|Rillaboom, L50, F|100/100
|-fieldstart|move: Grassy Terrain|[from] ability: Grassy Surge|[of] p1b: Rillaboom
|-terastallize|p2a: Indeedee|Psychic
|move|p2b: Sneasler|Dire Claw|p1b: Rillaboom
|-supereffective|p1b: Rillaboom
|-damage|p1b: Rillaboom|24/100
|-status|p1b: Rillaboom|par
|move|p2a: Indeedee|Expanding Force|p1a: Sylveon
|-damage|p1a: Sylveon|0 fnt
|faint|p1a: Sylveon
|
|-heal|p1b: Rillaboom|30/100 par|[from] Grassy Terrain
|upkeep
|
|t:|1756930530
|switch|p1a: Basculegion|Basculegion, L50, M|100/100
|turn|4
|
|t:|1756930552
|move|p1b: Rillaboom|Fake Out|p2b: Sneasler
|-crit|p2b: Sneasler
|-damage|p2b: Sneasler|68/100
|cant|p2b: Sneasler|flinch
|move|p2a: Indeedee|Expanding Force|p1b: Rillaboom
|-damage|p1b: Rillaboom|0 fnt
|faint|p1b: Rillaboom
|move|p1a: Basculegion|Last Respects|p2b: Sneasler
|-damage|p2b: Sneasler|0 fnt
|faint|p2b: Sneasler
|
|upkeep
|turn|5
|
|t:|1756930574
|move|p2a: Indeedee|Expanding Force|p1a: Basculegion
|-crit|p1a: Basculegion
|-damage|p1a: Basculegion|18/100
|move|p1a: Basculegion|Last Respects|p2a: Indeedee
|-supereffective|p2a: Indeedee
|-enditem|p2a: Indeedee|Focus Sash
|-damage|p2a: Indeedee|1/100
|
|-heal|p2a: Indeedee|7/100|[from] Grassy Terrain
|-heal|p1a: Basculegion|25/100|[from] Grassy Terrain
|-sideend|p2: Capravolante97|move: Tailwind
|upkeep
|turn|6
|
|t:|1756930582
|move|p1a: Basculegion|Last Respects|p2a: Indeedee
|-supereffective|p2a: Indeedee
|-damage|p2a: Indeedee|0 fnt
|faint|p2a: Indeedee
|
|win|gunkqing
||Capravolante97 is ready for game 3.
||gunkqing is ready for game 3.
|uhtml|next|Next: Game 3 of 3
