|j|☆Astonished25
|j|☆Miggle SoCal
|html|Astonished25Miggle SoCal    
|uhtml|bestof|Game 1 of a best-of-3
|t:|1757825603
|gametype|doubles
|player|p1|Astonished25|2|1256
|player|p2|Miggle SoCal|lucas|1173
|gen|9
|tier|[Gen 9] VGC 2025 Reg H (Bo3)
|rated|
|rule|Species Clause: Limit one of each Pokémon
|rule|Item Clause: Limit 1 of each item
|clearpoke
|poke|p1|Gholdengo, L50|
|poke|p1|Magmar, L50, M|
|poke|p1|Dragonite, L50, M|
|poke|p1|Rillaboom, L50, F|
|poke|p1|Annihilape, L50, M|
|poke|p1|Sneasler, L50, F|
|poke|p2|Ninetales-Alola, L50, M|
|poke|p2|Kommo-o, L50, F|
|poke|p2|Arcanine-Hisui, L50, M|
|poke|p2|Basculegion, L50, M|
|poke|p2|Kingambit, L50, M|
|poke|p2|Rillaboom, L50, M|
|teampreview|4
|showteam|p1|Gholdengo||LifeOrb|GoodasGold|Protect,NastyPlot,MakeItRain,ShadowBall||||||50|,,,,,Water]Magmar||Eviolite|VitalSpirit|Taunt,WillOWisp,FollowMe,BurningJealousy|||M|||50|,,,,,Ghost]Dragonite||LoadedDice|Multiscale|Protect,Haze,Tailwind,ScaleShot|||M|||50|,,,,,Fairy]Rillaboom||AssaultVest|GrassySurge|FakeOut,GrassyGlide,WoodHammer,HighHorsepower|||F|||50|,,,,,Fire]Annihilape||SafetyGoggles|Defiant|Protect,DrainPunch,RageFist,BulkUp|||M|||50|,,,,,Steel]Sneasler||GrassySeed|Unburden|CloseCombat,Coaching,DireClaw,Protect|||F|||50|,,,,,Stellar
|showteam|p2|Ninetales-Alola||FocusSash|SnowWarning|Blizzard,Encore,IcyWind,AuroraVeil|||M|||50|,,,,,Ghost]Kommo-o||ThroatSpray|Overcoat|ClangingScales,Flamethrower,ClangorousSoul,Protect|||F|||50|,,,,,Fire]Arcanine-Hisui||ChoiceBand|Intimidate|FlareBlitz,RockSlide,ExtremeSpeed,HeadSmash|||M|||50|,,,,,Ghost]Basculegion||ChoiceScarf|Adaptability|WaveCrash,LastRespects,FlipTurn,AquaJet|||M|||50|,,,,,Water]Kingambit||AssaultVest|Defiant|SuckerPunch,KowtowCleave,LowKick,IronHead|||M|||50|,,,,,Water]Rillaboom||MiracleSeed|GrassySurge|GrassyGlide,WoodHammer,FakeOut,Taunt|||M|||50|,,,,,Grass
|inactive|Battle timer is ON: inactive players will automatically lose when time's up. (requested by Astonished25)
|inactive|Astonished25 has 60 seconds left.
|inactive|Miggle SoCal has 60 seconds left.
|
|t:|1757825653
|teamsize|p1|4
|teamsize|p2|4
|start
|switch|p1a: Annihilape|Annihilape, L50, M|100/100
|switch|p1b: Dragonite|Dragonite, L50, M|100/100
|switch|p2a: Basculegion|Basculegion, L50, M|100/100
|switch|p2b: Ninetales|Ninetales-Alola, L50, M|100/100
|-weather|Snowscape|[from] ability: Snow Warning|[of] p2b: Ninetales
|turn|1
|inactive|Astonished25 has 30 seconds left.
|inactive|Astonished25 has 20 seconds left.
|inactive|Astonished25 has 15 seconds left.
|inactive|Astonished25 has 10 seconds left.
|inactive|Astonished25 has 5 seconds left.
|
|t:|1757825704
|move|p1a: Annihilape|Protect|p1a: Annihilape
|-singleturn|p1a: Annihilape|Protect
|move|p1b: Dragonite|Protect|p1b: Dragonite
|-singleturn|p1b: Dragonite|Protect
|move|p2a: Basculegion|Flip Turn|p1b: Dragonite
|-activate|p1b: Dragonite|move: Protect
|move|p2b: Ninetales|Blizzard|p1a: Annihilape|[spread] 
|-activate|p1a: Annihilape|move: Protect
|-activate|p1b: Dragonite|move: Protect
|
|-weather|Snowscape|[upkeep]
|upkeep
|turn|2
|
|t:|1757825712
|-terastallize|p1b: Dragonite|Fairy
|move|p2a: Basculegion|Flip Turn|p1b: Dragonite
|-damage|p1b: Dragonite|79/100
|
|t:|1757825721
|switch|p2a: Kingambit|Kingambit, L50, M|100/100|[from] Flip Turn
|move|p2b: Ninetales|Blizzard|p1b: Dragonite|[spread] p1a,p1b
|-damage|p1a: Annihilape|69/100
|-damage|p1b: Dragonite|49/100
|move|p1a: Annihilape|Bulk Up|p1a: Annihilape
|-boost|p1a: Annihilape|atk|1
|-boost|p1a: Annihilape|def|1
|move|p1b: Dragonite|Tailwind|p1b: Dragonite
|-sidestart|p1: Astonished25|move: Tailwind
|
|-weather|Snowscape|[upkeep]
|upkeep
|turn|3
|
|t:|1757825744
|-terastallize|p2a: Kingambit|Water
|move|p1a: Annihilape|Drain Punch|p2a: Kingambit
|-damage|p2a: Kingambit|63/100
|-heal|p1a: Annihilape|89/100|[from] drain|[of] p2a: Kingambit
|move|p1b: Dragonite|Scale Shot|p2a: Kingambit
|-damage|p2a: Kingambit|53/100
|-damage|p2a: Kingambit|42/100
|-damage|p2a: Kingambit|33/100
|-damage|p2a: Kingambit|24/100
|-hitcount|p2a: Kingambit|4
|-unboost|p1b: Dragonite|def|1
|-boost|p1b: Dragonite|spe|1
|move|p2b: Ninetales|Blizzard|p1a: Annihilape|[spread] p1a,p1b
|-damage|p1a: Annihilape|58/100
|-damage|p1b: Dragonite|20/100
|move|p2a: Kingambit|Kowtow Cleave|p1a: Annihilape
|-damage|p1a: Annihilape|25/100
|
|-weather|Snowscape|[upkeep]
|upkeep
|turn|4
|
|t:|1757825760
|move|p1a: Annihilape|Protect|p1a: Annihilape
|-singleturn|p1a: Annihilape|Protect
|move|p2a: Kingambit|Sucker Punch||[still]
|-fail|p2a: Kingambit
|move|p1b: Dragonite|Scale Shot|p2a: Kingambit
|-damage|p2a: Kingambit|14/100
|-crit|p2a: Kingambit
|-damage|p2a: Kingambit|0 fnt
|faint|p2a: Kingambit
|-hitcount|p2: Kingambit|2
|-unboost|p1b: Dragonite|def|1
|-boost|p1b: Dragonite|spe|1
|move|p2b: Ninetales|Blizzard|p1b: Dragonite|[spread] p1b
|-activate|p1a: Annihilape|move: Protect
|-damage|p1b: Dragonite|0 fnt
|faint|p1b: Dragonite
|
|-weather|Snowscape|[upkeep]
|upkeep
|
|t:|1757825771
|switch|p1b: Rillaboom|Rillaboom, L50, F|100/100
|switch|p2a: Kommo-o|Kommo-o, L50, F|100/100
|-fieldstart|move: Grassy Terrain|[from] ability: Grassy Surge|[of] p1b: Rillaboom
|turn|5
|
|t:|1757825781
|move|p1b: Rillaboom|Fake Out|p2b: Ninetales
|-damage|p2b: Ninetales|87/100
|move|p1a: Annihilape|Rage Fist|p2a: Kommo-o
|-damage|p2a: Kommo-o|0 fnt
|faint|p2a: Kommo-o
|cant|p2b: Ninetales|flinch
|
|-weather|none
|-heal|p1a: Annihilape|31/100|[from] Grassy Terrain
|-heal|p2b: Ninetales|93/100|[from] Grassy Terrain
|-sideend|p1: Astonished25|move: Tailwind
|upkeep
|
|t:|1757825787
|switch|p2a: Basculegion|Basculegion, L50, M|100/100
|turn|6
|
|t:|1757825793
|move|p1a: Annihilape|Protect|p1a: Annihilape
|-singleturn|p1a: Annihilape|Protect
|move|p1b: Rillaboom|Grassy Glide|p2a: Basculegion
|-supereffective|p2a: Basculegion
|-damage|p2a: Basculegion|8/100
|move|p2a: Basculegion|Last Respects|p1b: Rillaboom
|-damage|p1b: Rillaboom|13/100
|move|p2b: Ninetales|Blizzard|p1a: Annihilape|[spread] p1b
|-activate|p1a: Annihilape|move: Protect
|-supereffective|p1b: Rillaboom
|-damage|p1b: Rillaboom|0 fnt
|faint|p1b: Rillaboom
|
|-heal|p2a: Basculegion|14/100|[from] Grassy Terrain
|-heal|p2b: Ninetales|99/100|[from] Grassy Terrain
|-heal|p1a: Annihilape|37/100|[from] Grassy Terrain
|upkeep
|
|t:|1757825798
|switch|p1b: Sneasler|Sneasler, L50, F|100/100
|-enditem|p1b: Sneasler|Grassy Seed
|-boost|p1b: Sneasler|def|1|[from] item: Grassy Seed
|turn|7
|
|t:|1757825806
|move|p1b: Sneasler|Dire Claw|p2a: Basculegion
|-resisted|p2a: Basculegion
|-damage|p2a: Basculegion|0 fnt
|faint|p2a: Basculegion
|move|p2b: Ninetales|Blizzard|p1a: Annihilape|[spread] p1b
|-miss|p2b: Ninetales|p1a: Annihilape
|-damage|p1b: Sneasler|57/100
|move|p1a: Annihilape|Rage Fist|p2b: Ninetales
|-damage|p2b: Ninetales|0 fnt
|faint|p2b: Ninetales
|
|win|Astonished25
||Astonished25 is ready for game 2.
||Miggle SoCal is ready for game 2.
|uhtml|next|Next: Game 2 of 3
