|j|☆pfizerlordozai
|j|☆Goobertator
|html|pfizerlordozaiGoobertator    
|uhtml|bestof|Game 2 of a best-of-3
|t:|1756603397
|gametype|doubles
|player|p1|pfizerlordozai|bruno|
|player|p2|Goobertator|swimmer-gen4dp|
|gen|9
|tier|[Gen 9] VGC 2025 Reg H (Bo3)
|rule|Species Clause: Limit one of each Pokémon
|rule|Item Clause: Limit 1 of each item
|clearpoke
|poke|p1|Pelipper, L50, F|
|poke|p1|Archaludon, L50, F|
|poke|p1|Ursaluna, L50, M|
|poke|p1|Sinistcha, L50|
|poke|p1|Incineroar, L50, F|
|poke|p1|Sneasler, L50, F|
|poke|p2|Tyranitar, L50, M|
|poke|p2|Garchomp, L50, M|
|poke|p2|Gholdengo, L50|
|poke|p2|Chandelure, L50, F|
|poke|p2|Dragapult, L50, M|
|poke|p2|Amoonguss, L50, F|
|teampreview|4
|showteam|p1|Pelipper||CovertCloak|Drizzle|WeatherBall,Hurricane,Tailwind,Protect|||F|||50|,,,,,Fairy]Archaludon||PowerHerb|Sturdy|ElectroShot,DragonPulse,FlashCannon,Protect|||F|||50|,,,,,Electric]Ursaluna||FlameOrb|Guts|Facade,HeadlongRush,Earthquake,Protect|||M|||50|,,,,,Ghost]Sinistcha||SitrusBerry|Hospitality|MatchaGotcha,ShadowBall,TrickRoom,RagePowder||||||50|,,,,,Dark]Incineroar||AssaultVest|Intimidate|FlareBlitz,KnockOff,Uturn,FakeOut|||F|||50|,,,,,Grass]Sneasler||FocusSash|Unburden|FakeOut,CloseCombat,DireClaw,Protect|||F|||50|,,,,,Ghost
|showteam|p2|Tyranitar||AssaultVest|SandStream|RockSlide,KnockOff,TeraBlast,LowKick|||M|||50|,,,,,Flying]Garchomp||LifeOrb|RoughSkin|StompingTantrum,DragonClaw,SwordsDance,Protect|||M|||50|,,,,,Fire]Gholdengo||ChoiceSpecs|GoodasGold|MakeItRain,ShadowBall,Trick,Psychic||||||50|,,,,,Steel]Chandelure||ChoiceScarf|FlameBody|HeatWave,ShadowBall,Psychic,Trick|||F|||50|,,,,,Dark]Dragapult||ChoiceBand|ClearBody|DragonDarts,SuckerPunch,Uturn,PhantomForce|||M|||50|,,,,,Dragon]Amoonguss||RockyHelmet|Regenerator|Spore,RagePowder,ClearSmog,PollenPuff|||F|||50|,,,,,Water
|
|t:|1756603441
|teamsize|p1|4
|teamsize|p2|4
|start
|switch|p1a: Incineroar|Incineroar, L50, F|100/100
|switch|p1b: Sneasler|Sneasler, L50, F|100/100
|switch|p2a: Gholdengo|Gholdengo, L50|100/100
|switch|p2b: Tyranitar|Tyranitar, L50, M|100/100
|-ability|p1a: Incineroar|Intimidate|boost
|-unboost|p2a: Gholdengo|atk|1
|-unboost|p2b: Tyranitar|atk|1
|-weather|Sandstorm|[from] ability: Sand Stream|[of] p2b: Tyranitar
|turn|1
|
|t:|1756603467
|-terastallize|p2b: Tyranitar|Flying
|move|p1b: Sneasler|Fake Out|p2b: Tyranitar
|-damage|p2b: Tyranitar|91/100
|move|p2a: Gholdengo|Trick|p1b: Sneasler
|-activate|p2a: Gholdengo|move: Trick|[of] p1b: Sneasler
|-item|p1b: Sneasler|Choice Specs|[from] move: Trick
|-item|p2a: Gholdengo|Focus Sash|[from] move: Trick
|move|p1a: Incineroar|Flare Blitz|p2a: Gholdengo
|-supereffective|p2a: Gholdengo
|-enditem|p2a: Gholdengo|Focus Sash
|-damage|p2a: Gholdengo|1/100
|-damage|p1a: Incineroar|74/100|[from] Recoil
|cant|p2b: Tyranitar|flinch
|
|-weather|Sandstorm|[upkeep]
|-damage|p1b: Sneasler|95/100|[from] Sandstorm
|-damage|p1a: Incineroar|68/100|[from] Sandstorm
|-damage|p2b: Tyranitar|85/100|[from] Sandstorm
|upkeep
|turn|2
|
|t:|1756603505
|switch|p2a: Garchomp|Garchomp, L50, M|100/100
|move|p1b: Sneasler|Dire Claw|p2b: Tyranitar
|-damage|p2b: Tyranitar|53/100
|-status|p2b: Tyranitar|slp
|move|p1a: Incineroar|U-turn|p2a: Garchomp
|-damage|p2a: Garchomp|83/100
|-damage|p1a: Incineroar|56/100|[from] ability: Rough Skin|[of] p2a: Garchomp
|
|t:|1756603513
|switch|p1a: Ursaluna|Ursaluna, L50, M|100/100|[from] U-turn
|cant|p2b: Tyranitar|slp
|
|-weather|Sandstorm|[upkeep]
|-damage|p1b: Sneasler|89/100|[from] Sandstorm
|-damage|p2b: Tyranitar|47/100 slp|[from] Sandstorm
|-status|p1a: Ursaluna|brn|[from] item: Flame Orb
|upkeep
|turn|3
|
|t:|1756603551
|move|p2a: Garchomp|Swords Dance|p2a: Garchomp
|-boost|p2a: Garchomp|atk|2
|move|p1b: Sneasler|Dire Claw|p2b: Tyranitar
|-damage|p2b: Tyranitar|17/100 slp
|move|p1a: Ursaluna|Earthquake|p2b: Tyranitar|[spread] p1b,p2a
|-immune|p2b: Tyranitar
|-supereffective|p1b: Sneasler
|-damage|p1b: Sneasler|0 fnt
|-damage|p2a: Garchomp|27/100
|faint|p1b: Sneasler
|cant|p2b: Tyranitar|slp
|
|-weather|Sandstorm|[upkeep]
|-damage|p2b: Tyranitar|10/100 slp|[from] Sandstorm
|-damage|p1a: Ursaluna|95/100 brn|[from] brn
|upkeep
|
|t:|1756603564
|switch|p1b: Incineroar|Incineroar, L50, F|56/100
|-ability|p1b: Incineroar|Intimidate|boost
|-unboost|p2a: Garchomp|atk|1
|-unboost|p2b: Tyranitar|atk|1
|turn|4
|
|t:|1756603586
|move|p2a: Garchomp|Protect|p2a: Garchomp
|-singleturn|p2a: Garchomp|Protect
|move|p1b: Incineroar|Fake Out|p2a: Garchomp
|-activate|p2a: Garchomp|move: Protect
|move|p1a: Ursaluna|Facade|p2b: Tyranitar
|-damage|p2b: Tyranitar|0 fnt
|faint|p2b: Tyranitar
|
|-weather|Sandstorm|[upkeep]
|-damage|p1b: Incineroar|50/100|[from] Sandstorm
|-damage|p1a: Ursaluna|89/100 brn|[from] brn
|upkeep
|
|t:|1756603606
|switch|p2b: Gholdengo|Gholdengo, L50|1/100
|turn|5
|
|t:|1756603656
|switch|p1a: Pelipper|Pelipper, L50, F|100/100
|-weather|RainDance|[from] ability: Drizzle|[of] p1a: Pelipper
|move|p2a: Garchomp|Stomping Tantrum|p1b: Incineroar
|-supereffective|p1b: Incineroar
|-damage|p1b: Incineroar|0 fnt
|faint|p1b: Incineroar
|-damage|p2a: Garchomp|17/100|[from] item: Life Orb
|move|p2b: Gholdengo|Make It Rain|p1a: Pelipper
|-resisted|p1a: Pelipper
|-damage|p1a: Pelipper|42/100
|-unboost|p2b: Gholdengo|spa|1
|
|-weather|RainDance|[upkeep]
|upkeep
|
|t:|1756603663
|switch|p1b: Ursaluna|Ursaluna, L50, M|89/100 brn
|turn|6
|
|t:|1756603685
|move|p2a: Garchomp|Dragon Claw|p1b: Ursaluna
|-damage|p1b: Ursaluna|32/100 brn
|-damage|p2a: Garchomp|7/100|[from] item: Life Orb
|move|p2b: Gholdengo|Make It Rain|p1b: Ursaluna|[spread] p1a,p1b
|-resisted|p1a: Pelipper
|-crit|p1a: Pelipper
|-damage|p1a: Pelipper|0 fnt
|-damage|p1b: Ursaluna|4/100 brn
|-unboost|p2b: Gholdengo|spa|1
|faint|p1a: Pelipper
|move|p1b: Ursaluna|Earthquake|p2a: Garchomp|[spread] p2a,p2b
|-supereffective|p2b: Gholdengo
|-damage|p2a: Garchomp|0 fnt
|-damage|p2b: Gholdengo|0 fnt
|faint|p2a: Garchomp
|faint|p2b: Gholdengo
|
|-weather|RainDance|[upkeep]
|-damage|p1b: Ursaluna|0 fnt|[from] brn
|faint|p1b: Ursaluna
|
|win|Goobertator
||pfizerlordozai is ready for game 3.
|inactive|Goobertator has 30 seconds to confirm battle start!
|inactive|Goobertator has 20 seconds to confirm battle start!
||Goobertator is ready for game 3.
|uhtml|next|Next: Game 3 of 3
|l|☆Goobertator
|player|p2|
