|j|☆psychic system
|j|☆takuabionicle
|html|psychic systemtakuabionicle    
|uhtml|bestof|Game 2 of a best-of-3
|t:|1757709111
|gametype|doubles
|player|p1|psychic system|dawn|1200
|player|p2|takuabionicle|lillie-z|1095
|gen|9
|tier|[Gen 9] VGC 2025 Reg H (Bo3)
|rated|
|rule|Species Clause: Limit one of each Pokémon
|rule|Item Clause: Limit 1 of each item
|clearpoke
|poke|p1|Incineroar, L50, M|
|poke|p1|Florges, L50, F|
|poke|p1|Amoonguss, L50, M|
|poke|p1|Pelipper, L50, M|
|poke|p1|Garchomp, L50, F|
|poke|p1|Rillaboom, L50, M|
|poke|p2|Kommo-o, L50, M|
|poke|p2|Volcarona, L50, F|
|poke|p2|Clefable, L50, F|
|poke|p2|Rillaboom, L50, F|
|poke|p2|Grimmsnarl, L50, M|
|poke|p2|Salamence, L50, F|
|teampreview|4
|showteam|p1|Incineroar||SafetyGoggles|Intimidate|FakeOut,KnockOff,FlareBlitz,PartingShot|||M|||50|,,,,,Ghost]Florges||Leftovers|FlowerVeil|Moonblast,DazzlingGleam,CalmMind,Protect|||F|||50|,,,,,Poison]Amoonguss||SitrusBerry|Regenerator|ClearSmog,Spore,PollenPuff,RagePowder|||M|||50|,,,,,Water]Pelipper||ChoiceScarf|Drizzle|MuddyWater,Hurricane,IcyWind,WeatherBall|||M|||50|,,,,,Water]Garchomp||ClearAmulet|RoughSkin|StompingTantrum,DragonClaw,SwordsDance,Protect|||F|||50|,,,,,Poison]Rillaboom||AssaultVest|GrassySurge|DrumBeating,GrassyGlide,HighHorsepower,FakeOut|||M|||50|,,,,,Fire
|showteam|p2|Kommo-o||ThroatSpray|Overcoat|ClangingScales,ClangorousSoul,Protect,Flamethrower|||M|||50|,,,,,Steel]Volcarona||Leftovers|FlameBody|QuiverDance,Protect,GigaDrain,FieryDance|||F|||50|,,,,,Grass]Clefable||SafetyGoggles|Unaware|FollowMe,HealPulse,Protect,Moonblast|||F|||50|,,,,,Water]Rillaboom||AssaultVest|GrassySurge|WoodHammer,GrassyGlide,FakeOut,HighHorsepower|||F|||50|,,,,,Grass]Grimmsnarl||LightClay|Prankster|Reflect,LightScreen,ThunderWave,SpiritBreak|||M|||50|,,,,,Ghost]Salamence||ClearAmulet|Intimidate|Tailwind,TeraBlast,DragonClaw,IronHead|||F|||50|,,,,,Water
|inactive|Battle timer is ON: inactive players will automatically lose when time's up. (requested by takuabionicle)
|inactive|psychic system also wants the timer to be on.
|inactive|psychic system has 60 seconds left.
|inactive|takuabionicle has 60 seconds left.
|inactive|psychic system has 30 seconds left.
|inactive|psychic system has 20 seconds left.
|
|t:|1757709184
|teamsize|p1|4
|teamsize|p2|4
|start
|switch|p1a: Amoonguss|Amoonguss, L50, M|100/100
|switch|p1b: Incineroar|Incineroar, L50, M|100/100
|switch|p2a: Kommo-o|Kommo-o, L50, M, shiny|100/100
|switch|p2b: Clefable|Clefable, L50, F|100/100
|-ability|p1b: Incineroar|Intimidate|boost
|-unboost|p2a: Kommo-o|atk|1
|-unboost|p2b: Clefable|atk|1
|turn|1
|
|t:|1757709205
|switch|p1a: Florges|Florges, L50, F|100/100
|move|p1b: Incineroar|Fake Out|p2a: Kommo-o
|-damage|p2a: Kommo-o|88/100
|cant|p2a: Kommo-o|flinch
|move|p2b: Clefable|Moonblast|p1b: Incineroar
|-damage|p1b: Incineroar|71/100
|-unboost|p1b: Incineroar|spa|1
|
|upkeep
|turn|2
|
|t:|1757709224
|-terastallize|p2a: Kommo-o|Steel
|move|p2a: Kommo-o|Clangorous Soul|p2a: Kommo-o
|-boost|p2a: Kommo-o|atk|1
|-boost|p2a: Kommo-o|def|1
|-boost|p2a: Kommo-o|spa|1
|-boost|p2a: Kommo-o|spd|1
|-boost|p2a: Kommo-o|spe|1
|-damage|p2a: Kommo-o|56/100
|-enditem|p2a: Kommo-o|Throat Spray
|-boost|p2a: Kommo-o|spa|1|[from] item: Throat Spray
|move|p1a: Florges|Calm Mind|p1a: Florges
|-boost|p1a: Florges|spa|1
|-boost|p1a: Florges|spd|1
|move|p1b: Incineroar|Parting Shot|p2a: Kommo-o
|-unboost|p2a: Kommo-o|atk|1
|-unboost|p2a: Kommo-o|spa|1
|inactive|psychic system has 30 seconds left.
|inactive|psychic system has 20 seconds left.
|inactive|psychic system has 15 seconds left.
|
|t:|1757709266
|switch|p1b: Amoonguss|Amoonguss, L50, M|100/100|[from] Parting Shot
|move|p2b: Clefable|Moonblast|p1a: Florges
|-damage|p1a: Florges|80/100
|
|-heal|p1a: Florges|86/100|[from] item: Leftovers
|upkeep
|turn|3
|inactive|takuabionicle has 30 seconds left.
|
|t:|1757709295
|move|p2a: Kommo-o|Clangorous Soul|p2a: Kommo-o
|-boost|p2a: Kommo-o|atk|1
|-boost|p2a: Kommo-o|def|1
|-boost|p2a: Kommo-o|spa|1
|-boost|p2a: Kommo-o|spd|1
|-boost|p2a: Kommo-o|spe|1
|-damage|p2a: Kommo-o|23/100
|move|p1a: Florges|Calm Mind|p1a: Florges
|-boost|p1a: Florges|spa|1
|-boost|p1a: Florges|spd|1
|move|p2b: Clefable|Heal Pulse|p2a: Kommo-o
|-heal|p2a: Kommo-o|73/100
|move|p1b: Amoonguss|Spore|p2b: Clefable
|-activate|p2b: Clefable|item: Safety Goggles|Spore
|
|-heal|p1a: Florges|93/100|[from] item: Leftovers
|upkeep
|turn|4
|inactive|psychic system has 30 seconds left.
|inactive|takuabionicle has 30 seconds left.
|
|t:|1757709328
|move|p2a: Kommo-o|Clangorous Soul|p2a: Kommo-o
|-boost|p2a: Kommo-o|atk|1
|-boost|p2a: Kommo-o|def|1
|-boost|p2a: Kommo-o|spa|1
|-boost|p2a: Kommo-o|spd|1
|-boost|p2a: Kommo-o|spe|1
|-damage|p2a: Kommo-o|40/100
|move|p1a: Florges|Calm Mind|p1a: Florges
|-boost|p1a: Florges|spa|1
|-boost|p1a: Florges|spd|1
|move|p2b: Clefable|Heal Pulse|p2a: Kommo-o
|-heal|p2a: Kommo-o|90/100
|move|p1b: Amoonguss|Spore|p2b: Clefable
|-activate|p2b: Clefable|item: Safety Goggles|Spore
|
|-heal|p1a: Florges|99/100|[from] item: Leftovers
|upkeep
|turn|5
|
|t:|1757709350
|move|p2a: Kommo-o|Clangorous Soul|p2a: Kommo-o
|-boost|p2a: Kommo-o|atk|1
|-boost|p2a: Kommo-o|def|1
|-boost|p2a: Kommo-o|spa|1
|-boost|p2a: Kommo-o|spd|1
|-boost|p2a: Kommo-o|spe|1
|-damage|p2a: Kommo-o|58/100
|move|p1a: Florges|Calm Mind|p1a: Florges
|-boost|p1a: Florges|spa|1
|-boost|p1a: Florges|spd|1
|move|p2b: Clefable|Heal Pulse|p2a: Kommo-o
|-heal|p2a: Kommo-o|100/100
|move|p1b: Amoonguss|Spore|p2b: Clefable
|-activate|p2b: Clefable|item: Safety Goggles|Spore
|
|-heal|p1a: Florges|100/100|[from] item: Leftovers
|upkeep
|turn|6
|inactive|psychic system has 30 seconds left.
|
|t:|1757709383
|move|p2a: Kommo-o|Clangorous Soul|p2a: Kommo-o
|-boost|p2a: Kommo-o|atk|1
|-boost|p2a: Kommo-o|def|1
|-boost|p2a: Kommo-o|spa|1
|-boost|p2a: Kommo-o|spd|1
|-boost|p2a: Kommo-o|spe|1
|-damage|p2a: Kommo-o|68/100
|move|p1a: Florges|Calm Mind|p1a: Florges
|-boost|p1a: Florges|spa|1
|-boost|p1a: Florges|spd|1
|move|p2b: Clefable|Heal Pulse|p2a: Kommo-o
|-heal|p2a: Kommo-o|100/100
|move|p1b: Amoonguss|Pollen Puff|p1a: Florges
|
|upkeep
|turn|7
|
|t:|1757709403
|move|p2a: Kommo-o|Clangorous Soul|p2a: Kommo-o
|-boost|p2a: Kommo-o|atk|1
|-boost|p2a: Kommo-o|def|1
|-boost|p2a: Kommo-o|spa|1
|-boost|p2a: Kommo-o|spd|1
|-boost|p2a: Kommo-o|spe|1
|-damage|p2a: Kommo-o|68/100
|move|p1a: Florges|Calm Mind|p1a: Florges
|-boost|p1a: Florges|spa|1
|-boost|p1a: Florges|spd|1
|move|p2b: Clefable|Heal Pulse|p2a: Kommo-o
|-heal|p2a: Kommo-o|100/100
|move|p1b: Amoonguss|Pollen Puff|p1a: Florges
|
|upkeep
|turn|8
|
|t:|1757709425
|move|p2a: Kommo-o|Flamethrower|p1a: Florges
|-damage|p1a: Florges|83/100
|move|p1a: Florges|Moonblast|p2a: Kommo-o
|-resisted|p2a: Kommo-o
|-damage|p2a: Kommo-o|78/100
|move|p2b: Clefable|Moonblast|p1a: Florges
|-damage|p1a: Florges|61/100
|move|p1b: Amoonguss|Pollen Puff|p1a: Florges
|-heal|p1a: Florges|100/100
|
|upkeep
|turn|9
|
|t:|1757709447
|move|p2a: Kommo-o|Flamethrower|p1b: Amoonguss
|-supereffective|p1b: Amoonguss
|-damage|p1b: Amoonguss|0 fnt
|faint|p1b: Amoonguss
|move|p1a: Florges|Moonblast|p2a: Kommo-o
|-resisted|p2a: Kommo-o
|-damage|p2a: Kommo-o|56/100
|move|p2b: Clefable|Heal Pulse|p2a: Kommo-o
|-heal|p2a: Kommo-o|100/100
|
|upkeep
|
|t:|1757709457
|switch|p1b: Incineroar|Incineroar, L50, M|71/100
|-ability|p1b: Incineroar|Intimidate|boost
|-unboost|p2a: Kommo-o|atk|1
|-unboost|p2b: Clefable|atk|1
|turn|10
|
|t:|1757709468
|move|p2a: Kommo-o|Protect|p2a: Kommo-o
|-singleturn|p2a: Kommo-o|Protect
|move|p1b: Incineroar|Fake Out|p2a: Kommo-o
|-activate|p2a: Kommo-o|move: Protect
|move|p1a: Florges|Moonblast|p2a: Kommo-o
|-activate|p2a: Kommo-o|move: Protect
|move|p2b: Clefable|Moonblast|p1a: Florges
|-damage|p1a: Florges|78/100
|-unboost|p1a: Florges|spa|1
|
|-heal|p1a: Florges|84/100|[from] item: Leftovers
|upkeep
|turn|11
|
|t:|1757709483
|move|p2a: Kommo-o|Clanging Scales|p1b: Incineroar|[spread] p1b
|-immune|p1a: Florges
|-damage|p1b: Incineroar|0 fnt
|faint|p1b: Incineroar
|-unboost|p2a: Kommo-o|def|1
|move|p1a: Florges|Moonblast|p2a: Kommo-o
|-resisted|p2a: Kommo-o
|-damage|p2a: Kommo-o|80/100
|move|p2b: Clefable|Moonblast|p1a: Florges
|-damage|p1a: Florges|63/100
|-unboost|p1a: Florges|spa|1
|
|-heal|p1a: Florges|69/100|[from] item: Leftovers
|upkeep
|
|t:|1757709496
|switch|p1b: Garchomp|Garchomp, L50, F|100/100
|turn|12
|
|t:|1757709507
|move|p2a: Kommo-o|Clanging Scales|p1a: Florges|[spread] p1b
|-immune|p1a: Florges
|-supereffective|p1b: Garchomp
|-damage|p1b: Garchomp|0 fnt
|faint|p1b: Garchomp
|-unboost|p2a: Kommo-o|def|1
|move|p1a: Florges|Moonblast|p2a: Kommo-o
|-resisted|p2a: Kommo-o
|-damage|p2a: Kommo-o|63/100
|move|p2b: Clefable|Moonblast|p1a: Florges
|-damage|p1a: Florges|45/100
|-unboost|p1a: Florges|spa|1
|
|-heal|p1a: Florges|52/100|[from] item: Leftovers
|upkeep
|turn|13
|
|t:|1757709521
|move|p1a: Florges|Protect|p1a: Florges
|-singleturn|p1a: Florges|Protect
|move|p2a: Kommo-o|Flamethrower|p1a: Florges
|-activate|p1a: Florges|move: Protect
|move|p2b: Clefable|Heal Pulse|p2a: Kommo-o
|-heal|p2a: Kommo-o|100/100
|
|-heal|p1a: Florges|58/100|[from] item: Leftovers
|upkeep
|turn|14
|
|t:|1757709529
|move|p2a: Kommo-o|Flamethrower|p1a: Florges
|-crit|p1a: Florges
|-damage|p1a: Florges|0 fnt
|faint|p1a: Florges
|
|win|takuabionicle
||takuabionicle is ready for game 3.
||psychic system is ready for game 3.
|uhtml|next|Next: Game 3 of 3
|l|☆psychic system
|player|p1|
