|j|☆Vicentefc2
|j|☆moth.o
|html|Vicentefc2moth.o    
|uhtml|bestof|Game 1 of a best-of-3
|t:|1757171846
|gametype|doubles
|player|p1|Vicentefc2|hilbert|1181
|player|p2|moth.o|roxie|1316
|gen|9
|tier|[Gen 9] VGC 2025 Reg H (Bo3)
|rated|
|rule|Species Clause: Limit one of each Pokémon
|rule|Item Clause: Limit 1 of each item
|clearpoke
|poke|p1|Politoed, L50, M|
|poke|p1|Misdreavus, L50, M|
|poke|p1|Rillaboom, L50, M|
|poke|p1|Annihilape, L50, M|
|poke|p1|Maushold, L50|
|poke|p1|Archaludon, L50, M|
|poke|p2|Arcanine-Hisui, L50, F|
|poke|p2|Indeedee-F, L50, F|
|poke|p2|Gallade, L50, M|
|poke|p2|Gholdengo, L50|
|poke|p2|Whimsicott, L50, F|
|poke|p2|Hydreigon, L50, M|
|teampreview|4
|showteam|p1|Politoed||SafetyGoggles|Drizzle|WeatherBall,IceBeam,Haze,Protect|||M|||50|,,,,,Stellar]Misdreavus||Eviolite|Levitate|NightShade,WillOWisp,TrickRoom,Taunt|||M|||50|,,,,,Electric]Rillaboom||AssaultVest|GrassySurge|WoodHammer,GrassyGlide,Uturn,FakeOut|||M|||50|,,,,,Fire]Annihilape||Leftovers|Defiant|DrainPunch,RageFist,BulkUp,Protect|||M|||50|,,,,,Fire]Maushold||CovertCloak|FriendGuard|BeatUp,Taunt,FollowMe,Protect||||||50|,,,,,Grass]Archaludon||PowerHerb|Stamina|ElectroShot,FlashCannon,BodyPress,Protect|||M|||50|,,,,,Poison
|showteam|p2|Arcanine-Hisui||SafetyGoggles|Intimidate|RockSlide,FlareBlitz,ExtremeSpeed,Protect|||F|||50|,,,,,Fairy]Indeedee-F||SitrusBerry|PsychicSurge|TrickRoom,FollowMe,Psychic,HelpingHand|||F|||50|,,,,,Fairy]Gallade||LifeOrb|Sharpness|Protect,WideGuard,SacredSword,PsychoCut|||M|||50|,,,,,Grass]Gholdengo||ChoiceSpecs|GoodasGold|Trick,ShadowBall,MakeItRain,PowerGem||||||50|,,,,,Water]Whimsicott||CovertCloak|Prankster|SunnyDay,Moonblast,Encore,Tailwind|||F|||50|,,,,,Dark]Hydreigon||AssaultVest|Levitate|Uturn,Snarl,DarkPulse,DracoMeteor|||M|||50|,,,,,Ghost
|
|t:|1757171875
|teamsize|p1|4
|teamsize|p2|4
|start
|switch|p1a: Annihilape|Annihilape, L50, M|100/100
|switch|p1b: Maushold|Maushold, L50|100/100
|switch|p2a: Tesorero|Gholdengo, L50|100/100
|switch|p2b: Triquiñuela|Whimsicott, L50, F, shiny|100/100
|turn|1
|
|t:|1757171900
|move|p1b: Maushold|Follow Me|p1b: Maushold
|-singleturn|p1b: Maushold|move: Follow Me
|move|p2b: Triquiñuela|Tailwind|p2b: Triquiñuela
|-sidestart|p2: moth.o|move: Tailwind
|move|p2a: Tesorero|Make It Rain|p1b: Maushold|[spread] p1a,p1b
|-damage|p1a: Annihilape|60/100
|-damage|p1b: Maushold|7/100
|-unboost|p2a: Tesorero|spa|1
|move|p1a: Annihilape|Bulk Up|p1a: Annihilape
|-boost|p1a: Annihilape|atk|1
|-boost|p1a: Annihilape|def|1
|
|-heal|p1a: Annihilape|66/100|[from] item: Leftovers
|upkeep
|turn|2
|
|t:|1757171926
|switch|p1b: Rillaboom|Rillaboom, L50, M|100/100
|-fieldstart|move: Grassy Terrain|[from] ability: Grassy Surge|[of] p1b: Rillaboom
|-terastallize|p1a: Annihilape|Fire
|move|p2b: Triquiñuela|Encore|p1a: Annihilape
|-start|p1a: Annihilape|Encore
|move|p2a: Tesorero|Make It Rain|p1b: Rillaboom|[spread] p1a,p1b
|-resisted|p1a: Annihilape
|-damage|p1a: Annihilape|49/100
|-damage|p1b: Rillaboom|59/100
|-unboost|p2a: Tesorero|spa|1
|move|p1a: Annihilape|Bulk Up|p1a: Annihilape
|-boost|p1a: Annihilape|atk|1
|-boost|p1a: Annihilape|def|1
|
|-heal|p1a: Annihilape|55/100|[from] Grassy Terrain
|-heal|p1a: Annihilape|61/100|[from] item: Leftovers
|-heal|p1b: Rillaboom|65/100|[from] Grassy Terrain
|upkeep
|turn|3
|
|t:|1757171955
|move|p2b: Triquiñuela|Moonblast|p1b: Rillaboom
|-damage|p1b: Rillaboom|45/100
|-unboost|p1b: Rillaboom|spa|1
|move|p2a: Tesorero|Make It Rain|p1a: Annihilape|[spread] p1a,p1b
|-resisted|p1a: Annihilape
|-damage|p1a: Annihilape|48/100
|-damage|p1b: Rillaboom|16/100
|-unboost|p2a: Tesorero|spa|1
|move|p1a: Annihilape|Bulk Up|p1a: Annihilape
|-boost|p1a: Annihilape|atk|1
|-boost|p1a: Annihilape|def|1
|move|p1b: Rillaboom|Wood Hammer|p2a: Tesorero
|-resisted|p2a: Tesorero
|-damage|p2a: Tesorero|50/100
|-damage|p1b: Rillaboom|2/100|[from] Recoil
|
|-heal|p2a: Tesorero|57/100|[from] Grassy Terrain
|-heal|p1a: Annihilape|54/100|[from] Grassy Terrain
|-heal|p1a: Annihilape|60/100|[from] item: Leftovers
|-heal|p1b: Rillaboom|8/100|[from] Grassy Terrain
|upkeep
|turn|4
|
|t:|1757171985
|move|p1b: Rillaboom|Grassy Glide|p2b: Triquiñuela
|-resisted|p2b: Triquiñuela
|-damage|p2b: Triquiñuela|81/100
|move|p2b: Triquiñuela|Moonblast|p1a: Annihilape
|-resisted|p1a: Annihilape
|-damage|p1a: Annihilape|51/100
|move|p2a: Tesorero|Make It Rain|p1b: Rillaboom|[spread] p1a,p1b
|-resisted|p1a: Annihilape
|-damage|p1a: Annihilape|40/100
|-damage|p1b: Rillaboom|0 fnt
|-unboost|p2a: Tesorero|spa|1
|faint|p1b: Rillaboom
|move|p1a: Annihilape|Bulk Up|p1a: Annihilape
|-boost|p1a: Annihilape|atk|1
|-boost|p1a: Annihilape|def|1
|
|-heal|p2b: Triquiñuela|86/100|[from] Grassy Terrain
|-heal|p2a: Tesorero|63/100|[from] Grassy Terrain
|-heal|p1a: Annihilape|46/100|[from] Grassy Terrain
|-heal|p1a: Annihilape|52/100|[from] item: Leftovers
|-end|p1a: Annihilape|Encore
|-sideend|p2: moth.o|move: Tailwind
|upkeep
|
|t:|1757171995
|switch|p1b: Maushold|Maushold, L50|7/100
|turn|5
|
|t:|1757172010
|move|p1b: Maushold|Follow Me|p1b: Maushold
|-singleturn|p1b: Maushold|move: Follow Me
|move|p2b: Triquiñuela|Tailwind|p2b: Triquiñuela
|-sidestart|p2: moth.o|move: Tailwind
|move|p2a: Tesorero|Make It Rain|p1a: Annihilape|[spread] p1a,p1b
|-resisted|p1a: Annihilape
|-damage|p1a: Annihilape|46/100
|-damage|p1b: Maushold|0 fnt
|-unboost|p2a: Tesorero|spa|1
|faint|p1b: Maushold
|move|p1a: Annihilape|Rage Fist|p2b: Triquiñuela
|-damage|p2b: Triquiñuela|0 fnt
|faint|p2b: Triquiñuela
|
|-heal|p2a: Tesorero|69/100|[from] Grassy Terrain
|-heal|p1a: Annihilape|52/100|[from] Grassy Terrain
|-heal|p1a: Annihilape|58/100|[from] item: Leftovers
|upkeep
|
|t:|1757172030
|switch|p1b: Politoed|Politoed, L50, M|100/100
|switch|p2b: Galantería|Gallade, L50, M, shiny|100/100
|-weather|RainDance|[from] ability: Drizzle|[of] p1b: Politoed
|turn|6
|
|t:|1757172060
|switch|p2a: Servidumbre|Indeedee-F, L50, F|100/100
|-fieldstart|move: Psychic Terrain|[from] ability: Psychic Surge|[of] p2a: Servidumbre
|-terastallize|p2b: Galantería|Grass
|move|p1a: Annihilape|Protect|p1a: Annihilape
|-singleturn|p1a: Annihilape|Protect
|move|p2b: Galantería|Sacred Sword|p1a: Annihilape
|-activate|p1a: Annihilape|move: Protect
|move|p1b: Politoed|Weather Ball|p2a: Servidumbre
|-damage|p2a: Servidumbre|44/100
|-enditem|p2a: Servidumbre|Sitrus Berry|[eat]
|-heal|p2a: Servidumbre|69/100|[from] item: Sitrus Berry
|
|-weather|RainDance|[upkeep]
|-heal|p1a: Annihilape|64/100|[from] item: Leftovers
|upkeep
|turn|7
|
|t:|1757172083
|move|p2a: Servidumbre|Helping Hand|p2b: Galantería
|-singleturn|p2b: Galantería|Helping Hand|[of] p2a: Servidumbre
|move|p2b: Galantería|Sacred Sword|p1a: Annihilape
|-damage|p1a: Annihilape|0 fnt
|faint|p1a: Annihilape
|-damage|p2b: Galantería|91/100|[from] item: Life Orb
|move|p1b: Politoed|Ice Beam|p2b: Galantería
|-supereffective|p2b: Galantería
|-damage|p2b: Galantería|38/100
|
|-weather|RainDance|[upkeep]
|upkeep
|turn|8
|
|t:|1757172099
|move|p2a: Servidumbre|Helping Hand|p2b: Galantería
|-singleturn|p2b: Galantería|Helping Hand|[of] p2a: Servidumbre
|move|p2b: Galantería|Psycho Cut|p1b: Politoed
|-damage|p1b: Politoed|0 fnt
|faint|p1b: Politoed
|-damage|p2b: Galantería|28/100|[from] item: Life Orb
|
|win|moth.o
||moth.o is ready for game 2.
|inactive|Vicentefc2 has 30 seconds to confirm battle start!
||Vicentefc2 is ready for game 2.
|uhtml|next|Next: Game 2 of 3
|l|☆Vicentefc2
|player|p1|
