|j|☆katkraydel
|j|☆Maffles
|html|katkraydelMaffles    
|uhtml|bestof|Game 3 of a best-of-3
|t:|1783951287
|gametype|doubles
|player|p1|katkraydel|lebanne|1345
|player|p2|Maffles|170|1356
|gen|9
|tier|[Gen 9 Champions] VGC 2026 Reg M-B (Bo3)
|rated|
|rule|Species Clause: Limit one of each Pokémon
|rule|Item Clause: Limit 1 of each item
|clearpoke
|poke|p1|Whimsicott, L50, M|
|poke|p1|Tyranitar, L50, M|
|poke|p1|Kommo-o, L50, F|
|poke|p1|Excadrill, L50, F|
|poke|p1|Venusaur, L50, M|
|poke|p1|Basculegion, L50, M|
|poke|p2|Gengar, L50, F|
|poke|p2|Kingambit, L50, M|
|poke|p2|Ninetales-Alola, L50, M|
|poke|p2|Toxapex, L50, F|
|poke|p2|Basculegion, L50, M|
|poke|p2|Lopunny, L50, F|
|teampreview|4
|showteam|p1|Whimsicott||MentalHerb|Prankster|Moonblast,Tailwind,FakeTears,Protect|Bold||M|||50|]Tyranitar||Tyranitarite|SandStream|RockSlide,KnockOff,IcePunch,Protect|Adamant||M|||50|]Kommo-o||LifeOrb|Overcoat|ClangingScales,AuraSphere,FlashCannon,Protect|Modest||F|||50|]Excadrill||FocusSash|SandRush|HighHorsepower,IronHead,RockTomb,Protect|Adamant||F|||50|]Venusaur||Venusaurite|Chlorophyll|EnergyBall,SludgeBomb,EarthPower,Protect|Modest||M|||50|]Basculegion||ChoiceScarf|Adaptability|WaveCrash,LastRespects,FlipTurn,AquaJet|Adamant||M|||50|
|showteam|p2|Gengar||Gengarite|CursedBody|SludgeBomb,Disable,PerishSong,Protect|Timid||F|||50|]Kingambit||ChopleBerry|Defiant|KowtowCleave,SuckerPunch,SwordsDance,Protect|Brave||M|||50|]Ninetales-Alola||FocusSash|SnowWarning|Blizzard,Moonblast,Encore,Protect|Timid||M|||50|]Toxapex||Leftovers|Regenerator|Infestation,Toxic,WideGuard,BanefulBunker|Bold||F|||50|]Basculegion||SitrusBerry|Adaptability|LastRespects,FlipTurn,Soak,Protect|Sassy||M|||50|]Lopunny||Lopunnite|CuteCharm|CloseCombat,FakeOut,Encore,Protect|Jolly||F|||50|
|j| porygon-epilepz
|c|☆katkraydel|Just playing to my outs
|c|☆Maffles|and that takes skill
|
|t:|1783951328
|teamsize|p1|4
|teamsize|p2|4
|start
|switch|p1a: Kommo-o|Kommo-o, L50, F|100/100
|switch|p1b: Whimsicott|Whimsicott, L50, M|100/100
|switch|p2a: Gengar|Gengar, L50, F|100/100
|switch|p2b: Lopunny|Lopunny, L50, F|100/100
|turn|1
|
|t:|1783951336
|switch|p1b: Basculegion|Basculegion, L50, M|100/100
|detailschange|p2a: Gengar|Gengar-Mega, L50, F
|-mega|p2a: Gengar|Gengar|Gengarite
|move|p2b: Lopunny|Fake Out|p1b: Basculegion
|-immune|p1b: Basculegion
|move|p2a: Gengar|Sludge Bomb|p1b: Basculegion
|-resisted|p1b: Basculegion|1
|-damage|p1b: Basculegion|74/100
|move|p1a: Kommo-o|Clanging Scales|p2a: Gengar|[spread] p2a,p2b
|-damage|p2a: Gengar|46/100
|-damage|p2b: Lopunny|33/100
|-unboost|p1a: Kommo-o|def|1
|-damage|p1a: Kommo-o|90/100|[from] item: Life Orb
|
|upkeep
|turn|2
|
|t:|1783951350
|move|p2a: Gengar|Protect|p2a: Gengar
|-singleturn|p2a: Gengar|Protect
|move|p1b: Basculegion|Flip Turn|p2b: Lopunny
|-damage|p2b: Lopunny|0 fnt
|-start|p1b: Basculegion|Attract|[from] ability: Cute Charm|[of] p2b: Lopunny
|faint|p2b: Lopunny
|-end|p1b: Basculegion|Attract|[silent]
|
|t:|1783951355
|switch|p1b: Whimsicott|Whimsicott, L50, M|100/100|[from] Flip Turn
|move|p1a: Kommo-o|Aura Sphere|p2a: Gengar
|-activate|p2a: Gengar|move: Protect
|
|upkeep
|
|t:|1783951361
|switch|p2b: Ninetales|Ninetales-Alola, L50, M|100/100
|-weather|Snowscape|[from] ability: Snow Warning|[of] p2b: Ninetales
|turn|3
|
|t:|1783951364
|switch|p2a: Basculegion|Basculegion, L50, M|100/100
|move|p1a: Kommo-o|Protect|p1a: Kommo-o
|-singleturn|p1a: Kommo-o|Protect
|move|p1b: Whimsicott|Tailwind|p1b: Whimsicott
|-sidestart|p1: katkraydel|move: Tailwind
|move|p2b: Ninetales|Blizzard|p1b: Whimsicott|[spread] p1b
|-activate|p1a: Kommo-o|move: Protect
|-supereffective|p1b: Whimsicott|1
|-damage|p1b: Whimsicott|31/100
|
|-weather|Snowscape|[upkeep]
|upkeep
|turn|4
|
|t:|1783951372
|move|p1b: Whimsicott|Moonblast|p2b: Ninetales
|-damage|p2b: Ninetales|67/100
|move|p1a: Kommo-o|Flash Cannon|p2b: Ninetales
|-supereffective|p2b: Ninetales|2
|-damage|p2b: Ninetales|0 fnt
|faint|p2b: Ninetales
|-damage|p1a: Kommo-o|81/100|[from] item: Life Orb
|move|p2a: Basculegion|Last Respects|p1a: Kommo-o
|-damage|p1a: Kommo-o|0 fnt
|faint|p1a: Kommo-o
|
|-weather|Snowscape|[upkeep]
|upkeep
|
|t:|1783951378
|switch|p2b: Gengar|Gengar-Mega, L50, F|46/100
|switch|p1a: Tyranitar|Tyranitar, L50, M|100/100
|-weather|Sandstorm|[from] ability: Sand Stream|[of] p1a: Tyranitar
|turn|5
|
|t:|1783951386
|detailschange|p1a: Tyranitar|Tyranitar-Mega, L50, M
|-mega|p1a: Tyranitar|Tyranitar|Tyranitarite
|move|p2b: Gengar|Protect|p2b: Gengar
|-singleturn|p2b: Gengar|Protect
|move|p2a: Basculegion|Protect|p2a: Basculegion
|-singleturn|p2a: Basculegion|Protect
|move|p1b: Whimsicott|Moonblast|p2a: Basculegion
|-activate|p2a: Basculegion|move: Protect
|move|p1a: Tyranitar|Knock Off|p2a: Basculegion
|-activate|p2a: Basculegion|move: Protect
|
|-weather|Sandstorm|[upkeep]
|-damage|p1b: Whimsicott|25/100|[from] Sandstorm
|-damage|p2b: Gengar|40/100|[from] Sandstorm
|-damage|p2a: Basculegion|93/100|[from] Sandstorm
|upkeep
|turn|6
|
|t:|1783951396
|move|p1b: Whimsicott|Moonblast|p2a: Basculegion
|-damage|p2a: Basculegion|75/100
|move|p1a: Tyranitar|Knock Off|p2a: Basculegion
|-supereffective|p2a: Basculegion|1
|-damage|p2a: Basculegion|0 fnt
|-enditem|p2a: Basculegion|Sitrus Berry|[from] move: Knock Off|[of] p1a: Tyranitar
|faint|p2a: Basculegion
|move|p2b: Gengar|Disable|p1a: Tyranitar
|-start|p1a: Tyranitar|Disable|Knock Off
|
|-weather|Sandstorm|[upkeep]
|-damage|p1b: Whimsicott|19/100|[from] Sandstorm
|-damage|p2b: Gengar|34/100|[from] Sandstorm
|-sideend|p1: katkraydel|move: Tailwind
|upkeep
|turn|7
|
|t:|1783951403
|move|p1b: Whimsicott|Tailwind|p1b: Whimsicott
|-sidestart|p1: katkraydel|move: Tailwind
|move|p1a: Tyranitar|Ice Punch|p2b: Gengar
|-damage|p2b: Gengar|0 fnt
|faint|p2b: Gengar
|
|win|katkraydel
