|j|☆Ianuarius
|j|☆Alecat
|html|IanuariusAlecat    
|uhtml|bestof|Game 1 of a best-of-3
|t:|1756361082
|gametype|doubles
|player|p1|Ianuarius|cynthia-gen4|1000
|player|p2|Alecat|scientistf|1005
|gen|9
|tier|[Gen 9] VGC 2025 Reg H (Bo3)
|rated|
|rule|Species Clause: Limit one of each Pokémon
|rule|Item Clause: Limit 1 of each item
|clearpoke
|poke|p1|Ursaluna-Bloodmoon, L50, M|
|poke|p1|Porygon2, L50|
|poke|p1|Volcarona, L50, F|
|poke|p1|Incineroar, L50, M|
|poke|p1|Dragonite, L50, F|
|poke|p1|Sneasler, L50, F|
|poke|p2|Pawmot, L50, M|
|poke|p2|Gyarados, L50, M|
|poke|p2|Volcarona, L50, F|
|poke|p2|Murkrow, L50, F|
|poke|p2|Incineroar, L50, F|
|poke|p2|Archaludon, L50, F|
|teampreview|4
|showteam|p1|Ursaluna-Bloodmoon||AssaultVest|MindsEye|BloodMoon,HyperVoice,EarthPower,VacuumWave|||M|||50|,,,,,Normal]Porygon2||Eviolite|Trace|IceBeam,Thunderbolt,Recover,TrickRoom||||||50|,,,,,Ghost]Volcarona||SitrusBerry|FlameBody|HeatWave,GigaDrain,QuiverDance,Protect|||F|||50|,,,,,Grass]Incineroar||SafetyGoggles|Intimidate|KnockOff,FakeOut,PartingShot,FlareBlitz|||M|||50|,,,,,Ghost]Dragonite||LoadedDice|Multiscale|ScaleShot,Protect,ExtremeSpeed,Haze|||F|||50|,,,,,Fairy]Sneasler||FocusSash|PoisonTouch|CloseCombat,DireClaw,ThroatChop,FakeOut|||F|||50|,,,,,Dark
|showteam|p2|Pawmot||FocusSash|VoltAbsorb|DoubleShock,Coaching,CloseCombat,Protect|||M|||50|,,,,,Electric]Gyarados||ClearAmulet|Moxie|Waterfall,DragonDance,Earthquake,Protect|||M|||50|,,,,,Ground]Volcarona||SitrusBerry|FlameBody|Overheat,StruggleBug,RagePowder,Tailwind|||F|||50|,,,,,Grass]Murkrow||Eviolite|Prankster|FoulPlay,RainDance,Tailwind,SunnyDay|||F|||50|,,,,,Dark]Incineroar||AssaultVest|Intimidate|FlareBlitz,FakeOut,Taunt,KnockOff|||F|||50|,,,,,Ghost]Archaludon||PowerHerb|Stalwart|DragonTail,FlashCannon,ElectroShot,Protect|||F|||50|,,,,,Grass
|inactive|Battle timer is ON: inactive players will automatically lose when time's up. (requested by Alecat)
|inactive|Alecat has 60 seconds left.
|inactive|Alecat has 30 seconds left.
|
|t:|1756361148
|teamsize|p1|4
|teamsize|p2|4
|start
|switch|p1a: Sneasler|Sneasler, L50, F|100/100
|switch|p1b: Volcarona|Volcarona, L50, F|100/100
|switch|p2a: Incineroar|Incineroar, L50, F|100/100
|switch|p2b: Gyarados|Gyarados, L50, M|100/100
|-ability|p2a: Incineroar|Intimidate|boost
|-unboost|p1a: Sneasler|atk|1
|-unboost|p1b: Volcarona|atk|1
|turn|1
|
|t:|1756361171
|-terastallize|p1b: Volcarona|Grass
|move|p1a: Sneasler|Fake Out|p2a: Incineroar
|-damage|p2a: Incineroar|92/100
|move|p2b: Gyarados|Dragon Dance|p2b: Gyarados
|-boost|p2b: Gyarados|atk|1
|-boost|p2b: Gyarados|spe|1
|move|p1b: Volcarona|Giga Drain|p2b: Gyarados
|-damage|p2b: Gyarados|59/100
|cant|p2a: Incineroar|flinch
|
|upkeep
|turn|2
|
|t:|1756361193
|move|p2b: Gyarados|Protect|p2b: Gyarados
|-singleturn|p2b: Gyarados|Protect
|move|p1b: Volcarona|Protect|p1b: Volcarona
|-singleturn|p1b: Volcarona|Protect
|move|p1a: Sneasler|Dire Claw|p2b: Gyarados
|-activate|p2b: Gyarados|move: Protect
|move|p2a: Incineroar|Flare Blitz|p1b: Volcarona
|-activate|p1b: Volcarona|move: Protect
|
|upkeep
|turn|3
|inactive|Alecat has 30 seconds left.
|
|t:|1756361218
|switch|p1b: Porygon2|Porygon2, L50|100/100
|-ability|p1b: Porygon2|Intimidate|Trace|[from] ability: Trace|[of] p2a: Incineroar
|-ability|p1b: Porygon2|Intimidate|boost
|-unboost|p2a: Incineroar|atk|1
|-fail|p2b: Gyarados|unboost|[from] item: Clear Amulet|[of] p2b: Gyarados
|move|p2b: Gyarados|Waterfall|p1a: Sneasler
|-enditem|p1a: Sneasler|Focus Sash
|-damage|p1a: Sneasler|1/100
|move|p1a: Sneasler|Close Combat|p2a: Incineroar
|-supereffective|p2a: Incineroar
|-damage|p2a: Incineroar|12/100
|-unboost|p1a: Sneasler|def|1
|-unboost|p1a: Sneasler|spd|1
|move|p2a: Incineroar|Flare Blitz|p1b: Porygon2
|-damage|p1b: Porygon2|83/100
|-status|p1b: Porygon2|brn
|-damage|p2a: Incineroar|6/100|[from] Recoil
|
|-damage|p1b: Porygon2|77/100 brn|[from] brn
|upkeep
|turn|4
|inactive|Ianuarius has 30 seconds left.
|inactive|Alecat has 30 seconds left.
|inactive|Ianuarius has 20 seconds left.
|inactive|Alecat has 20 seconds left.
|
|t:|1756361258
|switch|p1a: Volcarona|Volcarona, L50, F, tera:Grass|100/100
|move|p2b: Gyarados|Waterfall|p1b: Porygon2
|-damage|p1b: Porygon2|44/100 brn
|move|p2a: Incineroar|Knock Off|p1b: Porygon2
|-damage|p1b: Porygon2|30/100 brn
|-enditem|p1b: Porygon2|Eviolite|[from] move: Knock Off|[of] p2a: Incineroar
|move|p1b: Porygon2|Ice Beam|p2a: Incineroar
|-resisted|p2a: Incineroar
|-damage|p2a: Incineroar|0 fnt
|faint|p2a: Incineroar
|
|-damage|p1b: Porygon2|23/100 brn|[from] brn
|upkeep
|
|t:|1756361280
|switch|p2a: Pawmot|Pawmot, L50, M|100/100
|turn|5
|inactive|Alecat has 30 seconds left.
|
|t:|1756361305
|move|p2b: Gyarados|Earthquake|p1b: Porygon2|[spread] p2a,p1a,p1b
|-supereffective|p2a: Pawmot
|-resisted|p1a: Volcarona
|-enditem|p2a: Pawmot|Focus Sash
|-damage|p2a: Pawmot|1/100
|-damage|p1a: Volcarona|79/100
|-damage|p1b: Porygon2|0 fnt
|faint|p1b: Porygon2
|-ability|p2b: Gyarados|Moxie|boost
|-boost|p2b: Gyarados|atk|1
|move|p2a: Pawmot|Close Combat|p1a: Volcarona
|-damage|p1a: Volcarona|7/100
|-unboost|p2a: Pawmot|def|1
|-unboost|p2a: Pawmot|spd|1
|-status|p2a: Pawmot|brn|[from] ability: Flame Body|[of] p1a: Volcarona
|-enditem|p1a: Volcarona|Sitrus Berry|[eat]
|-heal|p1a: Volcarona|32/100|[from] item: Sitrus Berry
|move|p1a: Volcarona|Giga Drain|p2b: Gyarados
|-damage|p2b: Gyarados|16/100
|-heal|p1a: Volcarona|51/100|[from] drain|[of] p2b: Gyarados
|
|-damage|p2a: Pawmot|0 fnt|[from] brn
|faint|p2a: Pawmot
|upkeep
|
|t:|1756361328
|switch|p2a: Volcarona|Volcarona, L50, F|100/100
|switch|p1b: Sneasler|Sneasler, L50, F|1/100
|turn|6
|inactive|Ianuarius has 30 seconds left.
|
|t:|1756361354
|move|p2b: Gyarados|Protect|p2b: Gyarados
|-singleturn|p2b: Gyarados|Protect
|move|p1b: Sneasler|Fake Out|p2b: Gyarados
|-activate|p2b: Gyarados|move: Protect
|move|p2a: Volcarona|Struggle Bug|p1b: Sneasler|[spread] p1a,p1b
|-supereffective|p1a: Volcarona
|-resisted|p1b: Sneasler
|-damage|p1a: Volcarona|23/100
|-damage|p1b: Sneasler|0 fnt
|-unboost|p1a: Volcarona|spa|1
|faint|p1b: Sneasler
|move|p1a: Volcarona|Quiver Dance|p1a: Volcarona
|-boost|p1a: Volcarona|spa|1
|-boost|p1a: Volcarona|spd|1
|-boost|p1a: Volcarona|spe|1
|
|upkeep
|
|t:|1756361369
|switch|p1b: Ursaluna|Ursaluna-Bloodmoon, L50, M|100/100
|turn|7
|inactive|Ianuarius has 30 seconds left.
|inactive|Alecat has 30 seconds left.
|inactive|Ianuarius has 20 seconds left.
|inactive|Alecat has 20 seconds left.
|
|t:|1756361407
|move|p2b: Gyarados|Waterfall|p1b: Ursaluna
|-supereffective|p1b: Ursaluna
|-damage|p1b: Ursaluna|0 fnt
|faint|p1b: Ursaluna
|-ability|p2b: Gyarados|Moxie|boost
|-boost|p2b: Gyarados|atk|1
|move|p1a: Volcarona|Heat Wave|p2a: Volcarona|[spread] p2a,p2b
|-resisted|p2b: Gyarados
|-damage|p2a: Volcarona|64/100
|-damage|p2b: Gyarados|0 fnt
|faint|p2b: Gyarados
|move|p2a: Volcarona|Struggle Bug|p1a: Volcarona
|-supereffective|p1a: Volcarona
|-damage|p1a: Volcarona|0 fnt
|faint|p1a: Volcarona
|
|win|Alecat
|inactive|Ianuarius has 30 seconds to confirm battle start!
|inactive|Alecat has 30 seconds to confirm battle start!
||Alecat is ready for game 2.
|inactive|Ianuarius has 20 seconds to confirm battle start!
|l|☆Ianuarius
|player|p1|
|inactive|Ianuarius has 10 seconds to confirm battle start!
|uhtml|next|Next: Game 2 of 3
