|j|☆Lacossg
|j|☆johannes100100
|html|Lacossgjohannes100100    
|uhtml|bestof|Game 1 of a best-of-3
|t:|1756480289
|gametype|doubles
|player|p1|Lacossg|265|1186
|player|p2|johannes100100|preschooler|1210
|gen|9
|tier|[Gen 9] VGC 2025 Reg H (Bo3)
|rated|
|rule|Species Clause: Limit one of each Pokémon
|rule|Item Clause: Limit 1 of each item
|clearpoke
|poke|p1|Treecko, L50, F|
|poke|p1|Dragonite, L50, M|
|poke|p1|Sinistcha, L50|
|poke|p1|Klefki, L50, M|
|poke|p1|Typhlosion-Hisui, L50, M|
|poke|p1|Annihilape, L50, M|
|poke|p2|Exeggutor, L50, F|
|poke|p2|Gallade, L50, M|
|poke|p2|Indeedee-F, L50, F|
|poke|p2|Ursaluna, L50, F|
|poke|p2|Torkoal, L50, F|
|poke|p2|Hatterene, L50, F|
|teampreview|4
|showteam|p1|Treecko||FocusSash|Unburden|UpperHand,Endeavor,Screech,HelpingHand|||F|||50|,,,,,Ghost]Dragonite||WeaknessPolicy|InnerFocus|ExtremeSpeed,StompingTantrum,DragonClaw,Protect|||M|||50|,,,,,Normal]Sinistcha||SitrusBerry|Hospitality|MatchaGotcha,StrengthSap,RagePowder,TrickRoom||||||50|,,,,,Water]Klefki||LightClay|Prankster|LightScreen,Reflect,DazzlingGleam,MistyTerrain|||M|||50|,,,,,Fairy]Typhlosion-Hisui||ChoiceScarf|Blaze|Eruption,ShadowBall,Flamethrower,InfernalParade|||M|||50|,,,,,Fire]Annihilape||SafetyGoggles|Defiant|CloseCombat,ShadowPunch,Taunt,Protect|||M|||50|,,,,,Fire
|showteam|p2|Exeggutor||FocusSash|Chlorophyll|ExpandingForce,SleepPowder,Imprison,TrickRoom|||F|||50|,,,,,Psychic]Gallade||ClearAmulet|Sharpness|SacredSword,NightSlash,WideGuard,TrickRoom|||M|||50|,,,,,Dark]Indeedee-F||MentalHerb|PsychicSurge|Psychic,FollowMe,HelpingHand,TrickRoom|||F|||50|,,,,,Grass]Ursaluna||FlameOrb|Guts|Protect,HeadlongRush,Facade,Earthquake|||F|||50|,,,,,Ghost]Torkoal||Charcoal|Drought|Protect,Eruption,WeatherBall,ClearSmog|||F|||50|,,,,,Fire]Hatterene||LifeOrb|MagicBounce|Protect,ExpandingForce,DazzlingGleam,TrickRoom|||F|||50|,,,,,Water
|inactive|Battle timer is ON: inactive players will automatically lose when time's up. (requested by johannes100100)
|inactive|johannes100100 has 60 seconds left.
|
|t:|1756480345
|teamsize|p1|4
|teamsize|p2|4
|start
|switch|p1a: Klefki|Klefki, L50, M|100/100
|switch|p1b: Typhlosion|Typhlosion-Hisui, L50, M|100/100
|switch|p2a: Gallade|Gallade, L50, M|100/100
|switch|p2b: Indeedee|Indeedee-F, L50, F|100/100
|-fieldstart|move: Psychic Terrain|[from] ability: Psychic Surge|[of] p2b: Indeedee
|turn|1
|
|t:|1756480363
|move|p2a: Gallade|Wide Guard|p2a: Gallade
|-singleturn|p2a: Gallade|Wide Guard
|move|p1a: Klefki|Misty Terrain|p1a: Klefki
|-fieldstart|move: Misty Terrain
|move|p1b: Typhlosion|Flamethrower|p2a: Gallade
|-damage|p2a: Gallade|65/100
|move|p2b: Indeedee|Trick Room|p2b: Indeedee
|-fieldstart|move: Trick Room|[of] p2b: Indeedee
|
|upkeep
|turn|2
|
|t:|1756480376
|-terastallize|p2a: Gallade|Dark
|move|p2b: Indeedee|Helping Hand|p2a: Gallade
|-singleturn|p2a: Gallade|Helping Hand|[of] p2b: Indeedee
|move|p1a: Klefki|Light Screen|p1a: Klefki
|-sidestart|p1: Lacossg|move: Light Screen
|move|p2a: Gallade|Night Slash|p1b: Typhlosion
|-supereffective|p1b: Typhlosion
|-damage|p1b: Typhlosion|0 fnt
|faint|p1b: Typhlosion
|
|upkeep
|
|t:|1756480385
|switch|p1b: Dragonite|Dragonite, L50, M|100/100
|turn|3
|
|t:|1756480400
|switch|p2b: Ursaluna|Ursaluna, L50, F|100/100
|switch|p1a: Treecko|Treecko, L50, F|100/100
|-terastallize|p1b: Dragonite|Normal
|move|p1b: Dragonite|Extreme Speed|p2a: Gallade
|-damage|p2a: Gallade|3/100
|move|p2a: Gallade|Sacred Sword|p1b: Dragonite
|-supereffective|p1b: Dragonite
|-damage|p1b: Dragonite|0 fnt
|faint|p1b: Dragonite
|
|upkeep
|
|t:|1756480414
|switch|p1b: Klefki|Klefki, L50, M|100/100
|turn|4
|
|t:|1756480433
|move|p2b: Ursaluna|Facade|p1a: Treecko
|-damage|p1a: Treecko|11/100
|move|p1b: Klefki|Dazzling Gleam|p2a: Gallade|[spread] p2a,p2b
|-supereffective|p2a: Gallade
|-damage|p2a: Gallade|0 fnt
|-damage|p2b: Ursaluna|84/100
|faint|p2a: Gallade
|move|p1a: Treecko|Endeavor|p2b: Ursaluna
|-damage|p2b: Ursaluna|6/100
|
|upkeep
|
|t:|1756480444
|switch|p2a: Indeedee|Indeedee-F, L50, F|100/100
|-fieldstart|move: Psychic Terrain|[from] ability: Psychic Surge|[of] p2a: Indeedee
|turn|5
|
|t:|1756480456
|move|p2b: Ursaluna|Protect|p2b: Ursaluna
|-singleturn|p2b: Ursaluna|Protect
|move|p1b: Klefki|Reflect|p1b: Klefki
|-sidestart|p1: Lacossg|Reflect
|move|p2a: Indeedee|Psychic|p1a: Treecko
|-damage|p1a: Treecko|0 fnt
|faint|p1a: Treecko
|
|-fieldend|move: Trick Room
|-status|p2b: Ursaluna|brn|[from] item: Flame Orb
|upkeep
|turn|6
|
|t:|1756480467
|move|p1b: Klefki|Dazzling Gleam|p2b: Ursaluna|[spread] p2a,p2b
|-damage|p2a: Indeedee|84/100
|-damage|p2b: Ursaluna|0 fnt
|faint|p2b: Ursaluna
|move|p2a: Indeedee|Psychic|p1b: Klefki
|-resisted|p1b: Klefki
|-damage|p1b: Klefki|89/100
|-unboost|p1b: Klefki|spd|1
|
|upkeep
|
|t:|1756480474
|switch|p2b: Torkoal|Torkoal, L50, F|100/100
|-weather|SunnyDay|[from] ability: Drought|[of] p2b: Torkoal
|turn|7
|-message|Lacossg forfeited.
|
|win|johannes100100
||johannes100100 is ready for game 2.
||Lacossg is ready for game 2.
|uhtml|next|Next: Game 2 of 3
|l|☆Lacossg
|player|p1|
