|j|☆Testbericht2
|j|☆namboyVGC
|html|Testbericht2namboyVGC    
|uhtml|bestof|Game 2 of a best-of-3
|t:|1754591598
|gametype|doubles
|player|p1|Testbericht2|2|1186
|player|p2|namboyVGC|pokemonranger-gen4|1180
|gen|9
|tier|[Gen 9] VGC 2025 Reg H (Bo3)
|rated|
|rule|Species Clause: Limit one of each Pokémon
|rule|Item Clause: Limit 1 of each item
|clearpoke
|poke|p1|Politoed, L50, F|
|poke|p1|Gothitelle, L50, F|
|poke|p1|Kingdra, L50, F|
|poke|p1|Archaludon, L50, F|
|poke|p1|Amoonguss, L50, M|
|poke|p1|Incineroar, L50, M|
|poke|p2|Sneasler, L50, M|
|poke|p2|Indeedee, L50, M|
|poke|p2|Volcarona, L50, F|
|poke|p2|Annihilape, L50, F|
|poke|p2|Tyranitar, L50, M|
|poke|p2|Excadrill, L50, M|
|teampreview|4
|showteam|p1|Politoed||Leftovers|Drizzle|PerishSong,WeatherBall,Protect,Encore|||F|||50|,,,,,Grass]Gothitelle||SitrusBerry|ShadowTag|Psychic,FakeOut,TrickRoom,Protect|||F|||50|,,,,,Dark]Kingdra||LifeOrb|SwiftSwim|DracoMeteor,MuddyWater,WeatherBall,Protect|||F|||50|,,,,,Stellar]Archaludon||PowerHerb|Sturdy|ElectroShot,DragonPulse,FlashCannon,Protect|||F|||50|,,,,,Electric]Amoonguss||EjectButton|Regenerator|Spore,PollenPuff,RagePowder,Protect|||M|||50|,,,,,Fairy]Incineroar||SafetyGoggles|Intimidate|FakeOut,KnockOff,PartingShot,Protect|||M|||50|,,,,,Ghost
|showteam|p2|Sneasler||PsychicSeed|Unburden|CloseCombat,DireClaw,ThroatChop,Protect|||M|||50|,,,,,Dark]Indeedee||ChoiceScarf|PsychicSurge|ExpandingForce,TeraBlast,Trick,DazzlingGleam|||M|||50|,,,,,Fire]Volcarona||SitrusBerry|FlameBody|Overheat,StruggleBug,RagePowder,Tailwind|||F|||50|,,,,,Grass]Annihilape||SafetyGoggles|Defiant|CloseCombat,RageFist,Taunt,FinalGambit|||F|||50|,,,,,Fairy]Tyranitar||AssaultVest|SandStream|RockSlide,KnockOff,TeraBlast,LowKick|||M|||50|,,,,,Flying]Excadrill||ClearAmulet|SandRush|HighHorsepower,Earthquake,IronHead,Protect|||M|||50|,,,,,Ground
|inactive|Battle timer is ON: inactive players will automatically lose when time's up. (requested by namboyVGC)
|inactive|Testbericht2 has 60 seconds left.
|inactive|namboyVGC has 60 seconds left.
|inactive|Testbericht2 has 30 seconds left.
|
|t:|1754591665
|teamsize|p1|4
|teamsize|p2|4
|start
|switch|p1a: Gothitelle|Gothitelle, L50, F|100/100
|switch|p1b: Kingdra|Kingdra, L50, F|100/100
|switch|p2a: Indeedee|Indeedee, L50, M|100/100
|switch|p2b: Sneasler|Sneasler, L50, M|100/100
|-fieldstart|move: Psychic Terrain|[from] ability: Psychic Surge|[of] p2a: Indeedee
|-enditem|p2b: Sneasler|Psychic Seed
|-boost|p2b: Sneasler|spd|1|[from] item: Psychic Seed
|turn|1
|inactive|Testbericht2 has 30 seconds left.
|inactive|namboyVGC has 30 seconds left.
|
|t:|1754591699
|switch|p1a: Politoed|Politoed, L50, F|100/100
|-weather|RainDance|[from] ability: Drizzle|[of] p1a: Politoed
|-terastallize|p1b: Kingdra|Stellar
|move|p2b: Sneasler|Dire Claw|p1b: Kingdra
|-damage|p1b: Kingdra|46/100
|move|p1b: Kingdra|Muddy Water|p2a: Indeedee|[spread] p2a,p2b
|-damage|p2a: Indeedee|0 fnt
|-damage|p2b: Sneasler|25/100
|faint|p2a: Indeedee
|-damage|p1b: Kingdra|36/100|[from] item: Life Orb
|
|-weather|RainDance|[upkeep]
|upkeep
|
|t:|1754591710
|switch|p2a: Annihilape|Annihilape, L50, F|100/100
|turn|2
|
|t:|1754591727
|switch|p2b: Tyranitar|Tyranitar, L50, M|100/100
|-weather|Sandstorm|[from] ability: Sand Stream|[of] p2b: Tyranitar
|move|p1b: Kingdra|Protect|p1b: Kingdra
|-singleturn|p1b: Kingdra|Protect
|move|p2a: Annihilape|Final Gambit|p1a: Politoed
|-damage|p1a: Politoed|0 fnt
|faint|p2a: Annihilape
|faint|p1a: Politoed
|
|-weather|Sandstorm|[upkeep]
|-damage|p1b: Kingdra|30/100|[from] Sandstorm
|upkeep
|
|t:|1754591742
|switch|p2a: Sneasler|Sneasler, L50, M|25/100
|switch|p1a: Amoonguss|Amoonguss, L50, M|100/100
|turn|3
|
|t:|1754591756
|-terastallize|p2b: Tyranitar|Flying
|move|p2a: Sneasler|Protect|p2a: Sneasler
|-singleturn|p2a: Sneasler|Protect
|move|p1a: Amoonguss|Rage Powder|p1a: Amoonguss
|-singleturn|p1a: Amoonguss|move: Rage Powder
|move|p1b: Kingdra|Muddy Water|p2a: Sneasler|[spread] p2b
|-activate|p2a: Sneasler|move: Protect
|-damage|p2b: Tyranitar|73/100
|-damage|p1b: Kingdra|20/100|[from] item: Life Orb
|move|p2b: Tyranitar|Tera Blast|p1a: Amoonguss|[anim] Tera Blast Flying
|-supereffective|p1a: Amoonguss
|-damage|p1a: Amoonguss|26/100
|-enditem|p1a: Amoonguss|Eject Button
|
|t:|1754591761
|switch|p1a: Gothitelle|Gothitelle, L50, F|100/100
|
|-weather|Sandstorm|[upkeep]
|-damage|p2a: Sneasler|19/100|[from] Sandstorm
|-damage|p1b: Kingdra|14/100|[from] Sandstorm
|-damage|p2b: Tyranitar|67/100|[from] Sandstorm
|-damage|p1a: Gothitelle|94/100|[from] Sandstorm
|upkeep
|turn|4
|inactive|Testbericht2 has 30 seconds left.
|
|t:|1754591787
|switch|p1a: Amoonguss|Amoonguss, L50, M|59/100
|move|p1b: Kingdra|Protect|p1b: Kingdra
|-singleturn|p1b: Kingdra|Protect
|move|p2a: Sneasler|Dire Claw|p1b: Kingdra
|-activate|p1b: Kingdra|move: Protect
|move|p2b: Tyranitar|Knock Off|p1a: Amoonguss
|-damage|p1a: Amoonguss|28/100
|
|-weather|Sandstorm|[upkeep]
|-damage|p2a: Sneasler|13/100|[from] Sandstorm
|-damage|p1b: Kingdra|8/100|[from] Sandstorm
|-damage|p2b: Tyranitar|62/100|[from] Sandstorm
|-damage|p1a: Amoonguss|23/100|[from] Sandstorm
|upkeep
|turn|5
|
|t:|1754591816
|move|p2a: Sneasler|Protect|p2a: Sneasler
|-singleturn|p2a: Sneasler|Protect
|move|p1a: Amoonguss|Rage Powder|p1a: Amoonguss
|-singleturn|p1a: Amoonguss|move: Rage Powder
|move|p1b: Kingdra|Weather Ball|p2b: Tyranitar
|-supereffective|p2b: Tyranitar
|-damage|p2b: Tyranitar|2/100
|-damage|p1b: Kingdra|0 fnt|[from] item: Life Orb
|faint|p1b: Kingdra
|move|p2b: Tyranitar|Tera Blast|p1a: Amoonguss|[anim] Tera Blast Flying
|-supereffective|p1a: Amoonguss
|-damage|p1a: Amoonguss|0 fnt
|faint|p1a: Amoonguss
|
|-weather|Sandstorm|[upkeep]
|-damage|p2a: Sneasler|8/100|[from] Sandstorm
|-damage|p2b: Tyranitar|0 fnt|[from] Sandstorm
|faint|p2b: Tyranitar
|-fieldend|move: Psychic Terrain
|upkeep
|
|t:|1754591827
|switch|p1b: Gothitelle|Gothitelle, L50, F|94/100
|turn|6
|
|t:|1754591832
|move|p2a: Sneasler|Protect||[still]
|-fail|p2a: Sneasler
|move|p1b: Gothitelle|Psychic|p2a: Sneasler
|-supereffective|p2a: Sneasler
|-damage|p2a: Sneasler|0 fnt
|faint|p2a: Sneasler
|
|win|Testbericht2
|raw|Testbericht2's rating: 1186 → 1211(+25 for winning)
|raw|namboyVGC's rating: 1180 → 1155(-25 for losing)
