|j|☆palle synchro
|j|☆Capravolante97
|html|palle synchroCapravolante97    
|uhtml|bestof|Game 3 of a best-of-3
|t:|1754226935
|gametype|doubles
|player|p1|palle synchro|volkner|1237
|player|p2|Capravolante97|fantina|1239
|gen|9
|tier|[Gen 9] VGC 2025 Reg H (Bo3)
|rated|
|rule|Species Clause: Limit one of each Pokémon
|rule|Item Clause: Limit 1 of each item
|clearpoke
|poke|p1|Whimsicott, L50, F|
|poke|p1|Arcanine-Hisui, L50, F|
|poke|p1|Indeedee, L50, M|
|poke|p1|Sneasler, L50, F|
|poke|p1|Ursaluna-Bloodmoon, L50, M|
|poke|p1|Archaludon, L50, F|
|poke|p2|Maushold-Four, L50|
|poke|p2|Ursaluna-Bloodmoon, L50, M|
|poke|p2|Whimsicott, L50, F|
|poke|p2|Cinderace, L50, M|
|poke|p2|Pelipper, L50, M|
|poke|p2|Archaludon, L50, M|
|teampreview|4
|showteam|p1|Whimsicott||CovertCloak|Prankster|Moonblast,Taunt,Tailwind,FakeTears|||F|||50|,,,,,Water]Arcanine-Hisui||ClearAmulet|Intimidate|FlareBlitz,RockSlide,HeadSmash,Protect|||F|||50|,,,,,Ghost]Indeedee||FocusSash|PsychicSurge|ExpandingForce,TeraBlast,Imprison,TrickRoom|||M|||50|,,,,,Psychic]Sneasler||PsychicSeed|Unburden|CloseCombat,DireClaw,ThroatChop,Protect|||F|||50|,,,,,Dark]Ursaluna-Bloodmoon||LifeOrb|MindsEye|HyperVoice,BloodMoon,EarthPower,Protect|||M|||50|,,,,,Normal]Archaludon||PowerHerb|Sturdy|ElectroShot,DragonPulse,Thunderbolt,Protect|||F|||50|,,,,,Electric
|showteam|p2|Maushold-Four||WideLens|Technician|PopulationBomb,FollowMe,Taunt,Protect||||||50|,,,,,Ghost]Ursaluna-Bloodmoon||LifeOrb|MindsEye|BloodMoon,HyperVoice,EarthPower,Protect|||M|||50|,,,,,Normal]Whimsicott||CovertCloak|Prankster|Tailwind,Moonblast,Encore,LightScreen|||F|||50|,,,,,Fire]Cinderace||ChoiceBand|Libero|PyroBall,SuckerPunch,Uturn,HighJumpKick|||M|||50|,,,,,Ghost]Pelipper||FocusSash|Drizzle|Hurricane,WeatherBall,WideGuard,Protect|||M|||50|,,,,,Stellar]Archaludon||AssaultVest|Stamina|ElectroShot,BodyPress,DracoMeteor,FlashCannon|||M|||50|,,,,,Grass
|inactive|Battle timer is ON: inactive players will automatically lose when time's up. (requested by Capravolante97)
|inactive|palle synchro has 60 seconds left.
|inactive|Capravolante97 has 60 seconds left.
|inactiveoff|Battle timer is now OFF.
|j| Blacksummer
|
|t:|1754227045
|teamsize|p1|4
|teamsize|p2|4
|start
|switch|p1a: Indeedee|Indeedee, L50, M|100/100
|switch|p1b: Sneasler|Sneasler, L50, F|100/100
|switch|p2a: Cinderace|Cinderace, L50, M|100/100
|switch|p2b: Whimsicott|Whimsicott, L50, F|100/100
|-fieldstart|move: Psychic Terrain|[from] ability: Psychic Surge|[of] p1a: Indeedee
|-enditem|p1b: Sneasler|Psychic Seed
|-boost|p1b: Sneasler|spd|1|[from] item: Psychic Seed
|turn|1
|c|☆palle synchro|ciao
|
|t:|1754227066
|-terastallize|p2b: Whimsicott|Fire
|move|p2b: Whimsicott|Light Screen|p2b: Whimsicott
|-sidestart|p2: Capravolante97|move: Light Screen
|move|p1b: Sneasler|Dire Claw|p2b: Whimsicott
|-damage|p2b: Whimsicott|51/100
|move|p2a: Cinderace|U-turn|p1a: Indeedee
|-start|p2a: Cinderace|typechange|Bug|[from] ability: Libero
|-supereffective|p1a: Indeedee
|-enditem|p1a: Indeedee|Focus Sash
|-damage|p1a: Indeedee|1/100
|
|t:|1754227078
|switch|p2a: Archaludon|Archaludon, L50, M|100/100|[from] U-turn
|move|p1a: Indeedee|Trick Room|p1a: Indeedee
|-fieldstart|move: Trick Room|[of] p1a: Indeedee
|
|upkeep
|turn|2
|
|t:|1754227109
|switch|p1b: Ursaluna|Ursaluna-Bloodmoon, L50, M|100/100
|move|p2a: Archaludon|Flash Cannon|p1a: Indeedee
|-damage|p1a: Indeedee|0 fnt
|faint|p1a: Indeedee
|move|p2b: Whimsicott|Moonblast|p1b: Ursaluna
|-damage|p1b: Ursaluna|64/100
|
|upkeep
|
|t:|1754227119
|switch|p1a: Archaludon|Archaludon, L50, F|100/100
|turn|3
|
|t:|1754227148
|move|p1b: Ursaluna|Earth Power|p2a: Archaludon
|-supereffective|p2a: Archaludon
|-damage|p2a: Archaludon|28/100
|-ability|p2a: Archaludon|Stamina|boost
|-boost|p2a: Archaludon|def|1
|-damage|p1b: Ursaluna|54/100|[from] item: Life Orb
|move|p2a: Archaludon|Draco Meteor|p1b: Ursaluna|[miss]
|-miss|p2a: Archaludon|p1b: Ursaluna
|move|p1a: Archaludon|Electro Shot||[still]
|-prepare|p1a: Archaludon|Electro Shot
|-boost|p1a: Archaludon|spa|1
|-enditem|p1a: Archaludon|Power Herb
|-anim|p1a: Archaludon|Electro Shot|p2a: Archaludon
|-resisted|p2a: Archaludon
|-crit|p2a: Archaludon
|-damage|p2a: Archaludon|0 fnt
|faint|p2a: Archaludon
|move|p2b: Whimsicott|Moonblast|p1b: Ursaluna
|-damage|p1b: Ursaluna|16/100
|
|upkeep
|
|t:|1754227194
|switch|p2a: Maushold|Maushold-Four, L50|100/100
|turn|4
|
|t:|1754227213
|-terastallize|p1b: Ursaluna|Normal
|move|p2a: Maushold|Protect|p2a: Maushold
|-singleturn|p2a: Maushold|Protect
|move|p1b: Ursaluna|Blood Moon|p2a: Maushold
|-activate|p2a: Maushold|move: Protect
|move|p1a: Archaludon|Dragon Pulse|p2b: Whimsicott
|-damage|p2b: Whimsicott|0 fnt
|faint|p2b: Whimsicott
|
|upkeep
|
|t:|1754227223
|switch|p2b: Cinderace|Cinderace, L50, M|100/100
|turn|5
|
|t:|1754227238
|move|p2a: Maushold|Follow Me|p2a: Maushold
|-singleturn|p2a: Maushold|move: Follow Me
|move|p1b: Ursaluna|Hyper Voice|p2b: Cinderace|[spread] p2a,p2b
|-damage|p2a: Maushold|37/100
|-damage|p2b: Cinderace|33/100
|-damage|p1b: Ursaluna|6/100|[from] item: Life Orb
|move|p1a: Archaludon|Dragon Pulse|p2a: Maushold
|-crit|p2a: Maushold
|-damage|p2a: Maushold|0 fnt
|faint|p2a: Maushold
|move|p2b: Cinderace|Pyro Ball|p1a: Archaludon
|-damage|p1a: Archaludon|19/100
|
|-sideend|p2: Capravolante97|move: Light Screen
|-fieldend|move: Trick Room
|-fieldend|move: Psychic Terrain
|upkeep
|turn|6
|
|t:|1754227252
|move|p2b: Cinderace|Pyro Ball|p1a: Archaludon
|-damage|p1a: Archaludon|0 fnt
|faint|p1a: Archaludon
|move|p1b: Ursaluna|Blood Moon|p2b: Cinderace
|-damage|p2b: Cinderace|0 fnt
|faint|p2b: Cinderace
|-damage|p1b: Ursaluna|0 fnt|[from] item: Life Orb
|faint|p1b: Ursaluna
|
|win|palle synchro
|raw|palle synchro's rating: 1237 → 1262(+25 for winning)
|raw|Capravolante97's rating: 1239 → 1214(-25 for losing)
