|j|☆ScrewSalesman
|j|☆GrassEJ
|html|ScrewSalesmanGrassEJ    
|uhtml|bestof|Game 2 of a best-of-3
|t:|1756514543
|gametype|doubles
|player|p1|ScrewSalesman|cynthia-gen4|1186
|player|p2|GrassEJ|dana|1291
|gen|9
|tier|[Gen 9] VGC 2025 Reg H (Bo3)
|rated|
|rule|Species Clause: Limit one of each Pokémon
|rule|Item Clause: Limit 1 of each item
|clearpoke
|poke|p1|Porygon2, L50|
|poke|p1|Incineroar, L50, M|
|poke|p1|Ursaluna, L50, F|
|poke|p1|Jumpluff, L50, F|
|poke|p1|Charizard, L50, F|
|poke|p1|Torkoal, L50, F|
|poke|p2|Brambleghast, L50, M|
|poke|p2|Glimmora, L50, M|
|poke|p2|Talonflame, L50, F|
|poke|p2|Gholdengo, L50|
|poke|p2|Tyranitar, L50, M|
|poke|p2|Garchomp, L50, M|
|teampreview|4
|showteam|p1|Porygon2||Eviolite|Download|TeraBlast,IceBeam,TrickRoom,Recover||||||50|,,,,,Fighting]Incineroar||SitrusBerry|Intimidate|FakeOut,KnockOff,FlareBlitz,PartingShot|||M|||50|,,,,,Ghost]Ursaluna||FlameOrb|Guts|HeadlongRush,Facade,Earthquake,Protect|||F|||50|,,,,,Ghost]Jumpluff||CovertCloak|Chlorophyll|RagePowder,SunnyDay,Tailwind,SleepPowder|||F|||50|,,,,,Water]Charizard||ChoiceSpecs|SolarPower|HeatWave,Overheat,WeatherBall,DragonPulse|||F|||50|,,,,,Ghost]Torkoal||EjectPack|Drought|Overheat,Eruption,HelpingHand,Protect|||F|||50|,,,,,Fire
|showteam|p2|Brambleghast||FocusSash|WindRider|PowerWhip,Poltergeist,ShadowSneak,TeraBlast|||M|||50|,,,,,Ghost]Glimmora||PowerHerb|ToxicDebris|MeteorBeam,SludgeBomb,EarthPower,SpikyShield|||M|||50|,,,,,Grass]Talonflame||CovertCloak|GaleWings|BraveBird,Tailwind,WillOWisp,Taunt|||F|||50|,,,,,Grass]Gholdengo||ChoiceSpecs|GoodasGold|MakeItRain,ShadowBall,Thunderbolt,Trick||||||50|,,,,,Steel]Tyranitar||AssaultVest|SandStream|RockSlide,KnockOff,TeraBlast,LowKick|||M|||50|,,,,,Flying]Garchomp||ClearAmulet|SandVeil|DragonClaw,Earthquake,StompingTantrum,Protect|||M|||50|,,,,,Ground
|inactive|Battle timer is ON: inactive players will automatically lose when time's up. (requested by GrassEJ)
|inactive|ScrewSalesman also wants the timer to be on.
|inactive|ScrewSalesman has 60 seconds left.
|
|t:|1756514584
|teamsize|p1|4
|teamsize|p2|4
|start
|switch|p1a: Ursaluna|Ursaluna, L50, F|100/100
|switch|p1b: Porygon2|Porygon2, L50, shiny|100/100
|switch|p2a: Talonflame|Talonflame, L50, F, shiny|100/100
|switch|p2b: Glimmora|Glimmora, L50, M, shiny|100/100
|-ability|p1b: Porygon2|Download|boost
|-boost|p1b: Porygon2|spa|1
|turn|1
|
|t:|1756514605
|move|p1a: Ursaluna|Protect|p1a: Ursaluna
|-singleturn|p1a: Ursaluna|Protect
|move|p2a: Talonflame|Taunt|p1b: Porygon2
|-start|p1b: Porygon2|move: Taunt
|move|p2b: Glimmora|Meteor Beam||[still]
|-prepare|p2b: Glimmora|Meteor Beam
|-boost|p2b: Glimmora|spa|1
|-enditem|p2b: Glimmora|Power Herb
|-anim|p2b: Glimmora|Meteor Beam|p1b: Porygon2
|-damage|p1b: Porygon2|39/100
|move|p1b: Porygon2|Ice Beam|p2a: Talonflame
|-damage|p2a: Talonflame|36/100
|
|-status|p1a: Ursaluna|brn|[from] item: Flame Orb
|upkeep
|turn|2
|
|t:|1756514628
|switch|p1b: Incineroar|Incineroar, L50, M|100/100
|-ability|p1b: Incineroar|Intimidate|boost
|-unboost|p2a: Talonflame|atk|1
|-unboost|p2b: Glimmora|atk|1
|move|p2b: Glimmora|Spiky Shield|p2b: Glimmora
|-singleturn|p2b: Glimmora|move: Protect
|move|p2a: Talonflame|Brave Bird|p1a: Ursaluna
|-damage|p1a: Ursaluna|78/100 brn
|-damage|p2a: Talonflame|25/100|[from] Recoil
|move|p1a: Ursaluna|Headlong Rush|p2b: Glimmora
|-activate|p2b: Glimmora|move: Protect
|-damage|p1a: Ursaluna|66/100 brn|[from] Spiky Shield|[of] p2b: Glimmora
|
|-damage|p1a: Ursaluna|60/100 brn|[from] brn
|upkeep
|turn|3
|inactive|GrassEJ has 30 seconds left.
|
|t:|1756514654
|move|p2b: Glimmora|Spiky Shield||[still]
|-fail|p2b: Glimmora
|move|p1b: Incineroar|Fake Out|p2b: Glimmora
|-resisted|p2b: Glimmora
|-damage|p2b: Glimmora|92/100
|-activate|p2b: Glimmora|ability: Toxic Debris
|-sidestart|p1: ScrewSalesman|move: Toxic Spikes
|move|p2a: Talonflame|Brave Bird|p1a: Ursaluna
|-damage|p1a: Ursaluna|36/100 brn
|-damage|p2a: Talonflame|14/100|[from] Recoil
|move|p1a: Ursaluna|Headlong Rush|p2b: Glimmora
|-supereffective|p2b: Glimmora
|-damage|p2b: Glimmora|0 fnt
|-unboost|p1a: Ursaluna|def|1
|-unboost|p1a: Ursaluna|spd|1
|-activate|p2b: Glimmora|ability: Toxic Debris
|-sidestart|p1: ScrewSalesman|move: Toxic Spikes
|faint|p2b: Glimmora
|
|-damage|p1a: Ursaluna|31/100 brn|[from] brn
|upkeep
|
|t:|1756514667
|switch|p2b: Garchomp|Garchomp, L50, M, shiny|100/100
|turn|4
|
|t:|1756514682
|-terastallize|p1b: Incineroar|Ghost
|move|p1a: Ursaluna|Protect|p1a: Ursaluna
|-singleturn|p1a: Ursaluna|Protect
|move|p2a: Talonflame|Brave Bird|p1b: Incineroar
|-damage|p1b: Incineroar|72/100
|-damage|p2a: Talonflame|2/100|[from] Recoil
|move|p2b: Garchomp|Earthquake|p1a: Ursaluna|[spread] p1b
|-activate|p1a: Ursaluna|move: Protect
|-immune|p2a: Talonflame
|-damage|p1b: Incineroar|34/100
|-enditem|p1b: Incineroar|Sitrus Berry|[eat]
|-heal|p1b: Incineroar|59/100|[from] item: Sitrus Berry
|move|p1b: Incineroar|Knock Off|p2b: Garchomp
|-damage|p2b: Garchomp|47/100
|-enditem|p2b: Garchomp|Clear Amulet|[from] move: Knock Off|[of] p1b: Incineroar
|
|-damage|p1a: Ursaluna|25/100 brn|[from] brn
|upkeep
|turn|5
|
|t:|1756514702
|switch|p1a: Porygon2|Porygon2, L50, shiny|39/100
|-status|p1a: Porygon2|tox
|-ability|p1a: Porygon2|Download|boost
|-boost|p1a: Porygon2|spa|1
|move|p2a: Talonflame|Brave Bird|p1b: Incineroar
|-damage|p1b: Incineroar|29/100
|-damage|p2a: Talonflame|0 fnt|[from] Recoil
|faint|p2a: Talonflame
|move|p2b: Garchomp|Earthquake|p1a: Porygon2|[spread] p1a,p1b
|-damage|p1a: Porygon2|12/100 tox
|-damage|p1b: Incineroar|0 fnt
|faint|p1b: Incineroar
|
|-damage|p1a: Porygon2|6/100 tox|[from] psn
|upkeep
|
|t:|1756514711
|switch|p2a: Tyranitar|Tyranitar, L50, M, shiny|100/100
|switch|p1b: Torkoal|Torkoal, L50, F|100/100
|-weather|Sandstorm|[from] ability: Sand Stream|[of] p2a: Tyranitar
|-status|p1b: Torkoal|tox
|-weather|SunnyDay|[from] ability: Drought|[of] p1b: Torkoal
|turn|6
|
|t:|1756514726
|-terastallize|p2a: Tyranitar|Flying
|move|p2b: Garchomp|Earthquake|p1a: Porygon2|[spread] p1a,p1b
|-immune|p2a: Tyranitar
|-supereffective|p1b: Torkoal
|-damage|p1a: Porygon2|0 fnt
|-damage|p1b: Torkoal|29/100 tox
|faint|p1a: Porygon2
|move|p2a: Tyranitar|Knock Off|p1b: Torkoal
|-damage|p1b: Torkoal|0 fnt
|-enditem|p1b: Torkoal|Eject Pack|[from] move: Knock Off|[of] p2a: Tyranitar
|faint|p1b: Torkoal
|
|-weather|SunnyDay|[upkeep]
|upkeep
|-message|ScrewSalesman forfeited.
|
|win|GrassEJ
||GrassEJ is ready for game 3.
|inactive|ScrewSalesman has 30 seconds to confirm battle start!
||ScrewSalesman is ready for game 3.
|uhtml|next|Next: Game 3 of 3
|l|☆GrassEJ
|player|p2|
