|j|ŌśåMerisan
|j|Ōśåcastoriceball
|html|Merisancastoriceball    
|uhtml|bestof|Game 1 of a best-of-3
|t:|1783736798
|gametype|doubles
|player|p1|Merisan|kieran|
|player|p2|castoriceball|miku-flying|
|gen|9
|tier|[Gen 9 Champions] VGC 2026 Reg M-B (Bo3)
|rule|Species Clause: Limit one of each Pok├®mon
|rule|Item Clause: Limit 1 of each item
|clearpoke
|poke|p1|Tyranitar, L50, F|
|poke|p1|Corviknight, L50, F|
|poke|p1|Kommo-o, L50, F|
|poke|p1|Whimsicott, L50, M|
|poke|p1|Ceruledge, L50, F|
|poke|p1|Milotic, L50, M|
|poke|p2|Garchomp, L50, M|
|poke|p2|Floette-Eternal, L50, F|
|poke|p2|Talonflame, L50, F|
|poke|p2|Rotom-Wash, L50, shiny|
|poke|p2|Ceruledge, L50, F|
|poke|p2|Sneasler, L50, M|
|teampreview|4
|showteam|p1|Tyranitar||Tyranitarite|SandStream|KnockOff,RockSlide,LowKick,Protect|Adamant||F|||50|]Corviknight||OccaBerry|MirrorArmor|IronHead,BraveBird,BulkUp,Roost|Careful||F|||50|]Kommo-o||LifeOrb|Soundproof|AuraSphere,ClangingScales,FlashCannon,Protect|Modest||F|||50|]Whimsicott||FairyFeather|Prankster|Moonblast,Encore,Protect,Tailwind|Bold||M|||50|]Ceruledge||ColburBerry|FlashFire|BitterBlade,Poltergeist,ShadowSneak,Protect|Adamant||F|||50|]Milotic||Leftovers|Competitive|MuddyWater,Hypnosis,Protect,Coil|Bold||M|||50|
|showteam|p2|Garchomp||LifeOrb|RoughSkin|DragonClaw,Earthquake,RockSlide,Protect|Adamant||M|||50|]Floette-Eternal||Floettite|FlowerVeil|Moonblast,DazzlingGleam,LightofRuin,Protect|Modest||F|||50|]Talonflame||SharpBeak|GaleWings|Tailwind,DualWingbeat,QuickGuard,Protect|Jolly||F|||50|]Rotom-Wash||Magnet|Levitate|Thunderbolt,HydroPump,Electroweb,Protect|Modest|||||50|]Ceruledge||ColburBerry|FlashFire|Poltergeist,BitterBlade,ShadowSneak,Protect|Adamant||F|||50|]Sneasler||FocusSash|PoisonTouch|FakeOut,CloseCombat,DireClaw,Protect|Adamant||M|||50|
|c|Ōśåcastoriceball|ew no excadrill
|c|Ōśåcastoriceball|I'm drilling it
|j| NOT_A_PENGUIN81
|c|Ōśåcastoriceball|who gave this cornball the link
|c|Ōśåcastoriceball|.j
|
|t:|1783736838
|teamsize|p1|4
|teamsize|p2|4
|start
|switch|p1a: Whimsicott|Whimsicott, L50, M|100/100
|switch|p1b: Kommo-o|Kommo-o, L50, F|100/100
|switch|p2a: BIRDD|Talonflame, L50, F|100/100
|switch|p2b: Laundry List|Rotom-Wash, L50, shiny|100/100
|turn|1
|c|ŌśåMerisan|and its your turn in draft penguin btw
|
|t:|1783736879
|switch|p1a: Tyranitar|Tyranitar, L50, F|100/100
|-weather|Sandstorm|[from] ability: Sand Stream|[of] p1a: Tyranitar
|switch|p2b: $70 flutter|Floette-Eternal, L50, F|100/100
|move|p2a: BIRDD|Tailwind|p2a: BIRDD
|-sidestart|p2: castoriceball|move: Tailwind
|move|p1b: Kommo-o|Clanging Scales|p2a: BIRDD|[spread] p2a
|-immune|p2b: $70 flutter
|-damage|p2a: BIRDD|30/100
|-unboost|p1b: Kommo-o|def|1
|-damage|p1b: Kommo-o|90/100|[from] item: Life Orb
|
|-weather|Sandstorm|[upkeep]
|-damage|p2a: BIRDD|24/100|[from] Sandstorm
|-damage|p2b: $70 flutter|94/100|[from] Sandstorm
|-damage|p1b: Kommo-o|84/100|[from] Sandstorm
|upkeep
|turn|2
|
|t:|1783736894
|switch|p2a: jarchomp|Garchomp, L50, M|100/100
|switch|p1b: Corviknight|Corviknight, L50, F|100/100
|detailschange|p2b: $70 flutter|Floette-Mega, L50, F
|-mega|p2b: $70 flutter|Floette|Floettite
|-ability|p2b: $70 flutter|Fairy Aura
|move|p1a: Tyranitar|Protect|p1a: Tyranitar
|-singleturn|p1a: Tyranitar|Protect
|move|p2b: $70 flutter|Dazzling Gleam|p1b: Corviknight|[spread] p1b
|-activate|p1a: Tyranitar|move: Protect
|-resisted|p1b: Corviknight|1
|-damage|p1b: Corviknight|81/100
|
|-weather|Sandstorm|[upkeep]
|-damage|p2b: $70 flutter|88/100|[from] Sandstorm
|upkeep
|turn|3
|
|t:|1783736913
|switch|p1a: Whimsicott|Whimsicott, L50, M|100/100
|move|p2a: jarchomp|Rock Slide|p1b: Corviknight|[spread] p1a,p1b
|-crit|p1a: Whimsicott
|-damage|p1a: Whimsicott|60/100
|-damage|p1b: Corviknight|59/100
|-damage|p2a: jarchomp|90/100|[from] item: Life Orb
|move|p2b: $70 flutter|Moonblast|p1a: Whimsicott
|-damage|p1a: Whimsicott|0 fnt
|faint|p1a: Whimsicott
|cant|p1b: Corviknight|flinch
|
|-weather|Sandstorm|[upkeep]
|-damage|p2b: $70 flutter|82/100|[from] Sandstorm
|upkeep
|c| NOT_A_PENGUIN81|oh i know
|c|ŌśåMerisan|thats fun
|
|t:|1783736929
|switch|p1a: Tyranitar|Tyranitar, L50, F|100/100
|turn|4
|c|Ōśåcastoriceball|haxxed lmao
|
|t:|1783736937
|detailschange|p1a: Tyranitar|Tyranitar-Mega, L50, F
|-mega|p1a: Tyranitar|Tyranitar|Tyranitarite
|move|p1a: Tyranitar|Protect|p1a: Tyranitar
|-singleturn|p1a: Tyranitar|Protect
|move|p2a: jarchomp|Rock Slide|p1a: Tyranitar|[spread] p1b
|-activate|p1a: Tyranitar|move: Protect
|-damage|p1b: Corviknight|35/100
|-damage|p2a: jarchomp|80/100|[from] item: Life Orb
|move|p2b: $70 flutter|Moonblast|p1a: Tyranitar
|-activate|p1a: Tyranitar|move: Protect
|cant|p1b: Corviknight|flinch
|
|-weather|Sandstorm|[upkeep]
|-damage|p2b: $70 flutter|77/100|[from] Sandstorm
|-sideend|p2: castoriceball|move: Tailwind
|upkeep
|turn|5
|-message|Merisan forfeited.
|
|win|castoriceball
|l|ŌśåMerisan
|player|p1|
||Merisan is ready for game 2.
|c|Ōśåcastoriceball|are you iron heading me
