|j|☆Truevillany123
|j|☆Squarecity
|html|Truevillany123Squarecity    
|uhtml|bestof|Game 1 of a best-of-3
|t:|1757702468
|gametype|doubles
|player|p1|Truevillany123|1|1122
|player|p2|Squarecity|169|1013
|gen|9
|tier|[Gen 9] VGC 2025 Reg H (Bo3)
|rated|
|rule|Species Clause: Limit one of each Pokémon
|rule|Item Clause: Limit 1 of each item
|clearpoke
|poke|p1|Dragonite, L50, M|
|poke|p1|Ursaluna-Bloodmoon, L50, M|
|poke|p1|Gholdengo, L50|
|poke|p1|Annihilape, L50, M|
|poke|p1|Ninetales-Alola, L50, F|
|poke|p1|Rillaboom, L50, M|
|poke|p2|Gholdengo, L50|
|poke|p2|Ursaluna-Bloodmoon, L50, M|
|poke|p2|Gallade, L50, M|
|poke|p2|Charjabug, L50, M|
|poke|p2|Whimsicott, L50, F|
|poke|p2|Incineroar, L50, F|
|teampreview|4
|showteam|p1|Dragonite||LoadedDice|Multiscale|ScaleShot,Protect,Haze,Tailwind|||M|||50|,,,,,Fairy]Ursaluna-Bloodmoon||LifeOrb|MindsEye|BloodMoon,HyperVoice,EarthPower,Protect|||M|||50|,,,,,Normal]Gholdengo||ChoiceSpecs|GoodasGold|MakeItRain,ShadowBall,PowerGem,Trick||||||50|,,,,,Steel]Annihilape||SitrusBerry|Defiant|DrainPunch,RageFist,Protect,BulkUp|||M|||50|,,,,,Fire]Ninetales-Alola||FocusSash|SnowWarning|FreezeDry,AuroraVeil,Encore,IcicleSpear|||F|||50|,,,,,Ghost]Rillaboom||AssaultVest|GrassySurge|FakeOut,WoodHammer,HighHorsepower,Uturn|||M|||50|,,,,,Fire
|showteam|p2|Gholdengo||MetalCoat|GoodasGold|MakeItRain,ShadowBall,Protect,NastyPlot||||||50|,,,,,Steel]Ursaluna-Bloodmoon||ThroatSpray|MindsEye|BloodMoon,HyperVoice,EarthPower,Protect|||M|||50|,,,,,Ghost]Gallade||RazorClaw|Sharpness|SacredSword,PsychoCut,WideGuard,NightSlash|||M|||50|,,,,,Fighting]Charjabug||Eviolite|Battery|Spark,Lunge,StringShot,Protect|||M|||50|,,,,,Bug]Whimsicott||CovertCloak|Prankster|Moonblast,Encore,Tailwind,LightScreen|||F|||50|,,,,,Ghost]Incineroar||SafetyGoggles|Intimidate|KnockOff,FlareBlitz,FakeOut,PartingShot|||F|||50|,,,,,Grass
|
|t:|1757702515
|teamsize|p1|4
|teamsize|p2|4
|start
|switch|p1a: Ninetales|Ninetales-Alola, L50, F|100/100
|switch|p1b: Gholdengo|Gholdengo, L50|100/100
|switch|p2a: Whimsicott|Whimsicott, L50, F|100/100
|switch|p2b: Gallade|Gallade, L50, M|100/100
|-weather|Snowscape|[from] ability: Snow Warning|[of] p1a: Ninetales
|turn|1
|
|t:|1757702555
|-terastallize|p1b: Gholdengo|Steel
|move|p2a: Whimsicott|Light Screen|p2a: Whimsicott
|-sidestart|p2: Squarecity|move: Light Screen
|move|p1a: Ninetales|Aurora Veil|p1a: Ninetales
|-sidestart|p1: Truevillany123|move: Aurora Veil
|move|p1b: Gholdengo|Trick|p2a: Whimsicott
|-activate|p1b: Gholdengo|move: Trick|[of] p2a: Whimsicott
|-item|p2a: Whimsicott|Choice Specs|[from] move: Trick
|-item|p1b: Gholdengo|Covert Cloak|[from] move: Trick
|move|p2b: Gallade|Night Slash|p1b: Gholdengo
|-crit|p1b: Gholdengo
|-damage|p1b: Gholdengo|52/100
|
|-weather|Snowscape|[upkeep]
|upkeep
|turn|2
|
|t:|1757702579
|move|p2a: Whimsicott|Tailwind|p2a: Whimsicott
|-sidestart|p2: Squarecity|move: Tailwind
|move|p2b: Gallade|Sacred Sword|p1b: Gholdengo
|-supereffective|p1b: Gholdengo
|-damage|p1b: Gholdengo|0 fnt
|faint|p1b: Gholdengo
|move|p1a: Ninetales|Encore|p2b: Gallade
|-start|p2b: Gallade|Encore
|
|-weather|Snowscape|[upkeep]
|upkeep
|
|t:|1757702585
|switch|p1b: Annihilape|Annihilape, L50, M|100/100
|turn|3
|
|t:|1757702606
|switch|p2a: Charjabug|Charjabug, L50, M|100/100
|move|p2b: Gallade|Sacred Sword|p1a: Ninetales
|-damage|p1a: Ninetales|60/100
|move|p1a: Ninetales|Icicle Spear|p1b: Annihilape
|-damage|p1b: Annihilape|97/100
|-damage|p1b: Annihilape|93/100
|-damage|p1b: Annihilape|88/100
|-hitcount|p1b: Annihilape|3
|move|p1b: Annihilape|Rage Fist|p2b: Gallade
|-supereffective|p2b: Gallade
|-damage|p2b: Gallade|0 fnt
|faint|p2b: Gallade
|
|-weather|Snowscape|[upkeep]
|upkeep
|
|t:|1757702626
|switch|p2b: Ursaluna|Ursaluna-Bloodmoon, L50, M|100/100
|turn|4
|
|t:|1757702665
|move|p1b: Annihilape|Protect|p1b: Annihilape
|-singleturn|p1b: Annihilape|Protect
|move|p2b: Ursaluna|Blood Moon|p1b: Annihilape
|-activate|p1b: Annihilape|move: Protect
|move|p1a: Ninetales|Freeze-Dry|p2b: Ursaluna
|-supereffective|p2b: Ursaluna
|-damage|p2b: Ursaluna|53/100
|move|p2a: Charjabug|Spark|p1a: Ninetales
|-damage|p1a: Ninetales|47/100
|
|-weather|Snowscape|[upkeep]
|upkeep
|turn|5
|
|t:|1757702705
|switch|p2a: Whimsicott|Whimsicott, L50, F|100/100
|move|p2b: Ursaluna|Hyper Voice|p1a: Ninetales|[spread] p1a,p1b
|-crit|p1b: Annihilape
|-damage|p1a: Ninetales|17/100
|-damage|p1b: Annihilape|38/100
|-enditem|p1b: Annihilape|Sitrus Berry|[eat]
|-heal|p1b: Annihilape|63/100|[from] item: Sitrus Berry
|-enditem|p2b: Ursaluna|Throat Spray
|-boost|p2b: Ursaluna|spa|1|[from] item: Throat Spray
|move|p1a: Ninetales|Freeze-Dry|p2b: Ursaluna
|-supereffective|p2b: Ursaluna
|-damage|p2b: Ursaluna|8/100
|move|p1b: Annihilape|Rage Fist|p2a: Whimsicott
|-damage|p2a: Whimsicott|0 fnt
|faint|p2a: Whimsicott
|
|-weather|none
|-sideend|p2: Squarecity|move: Light Screen
|-sideend|p2: Squarecity|move: Tailwind
|-sideend|p1: Truevillany123|move: Aurora Veil
|upkeep
|
|t:|1757702726
|switch|p2a: Charjabug|Charjabug, L50, M|100/100
|turn|6
|
|t:|1757702749
|-terastallize|p2b: Ursaluna|Ghost
|move|p1a: Ninetales|Freeze-Dry|p2b: Ursaluna
|-damage|p2b: Ursaluna|0 fnt
|faint|p2b: Ursaluna
|move|p1b: Annihilape|Rage Fist|p2a: Charjabug
|-damage|p2a: Charjabug|44/100
|move|p2a: Charjabug|Spark|p1b: Annihilape
|-damage|p1b: Annihilape|42/100
|-status|p1b: Annihilape|par
|
|upkeep
|turn|7
|
|t:|1757702767
|switch|p1b: Ursaluna|Ursaluna-Bloodmoon, L50, M|100/100
|move|p1a: Ninetales|Encore|p2a: Charjabug
|-start|p2a: Charjabug|Encore
|move|p2a: Charjabug|Spark|p1a: Ninetales
|-damage|p1a: Ninetales|0 fnt
|faint|p1a: Ninetales
|
|upkeep
|
|t:|1757702774
|switch|p1a: Annihilape|Annihilape, L50, M|42/100 par
|turn|8
|
|t:|1757702779
|move|p1b: Ursaluna|Earth Power|p2a: Charjabug
|-damage|p2a: Charjabug|0 fnt
|faint|p2a: Charjabug
|-damage|p1b: Ursaluna|91/100|[from] item: Life Orb
|
|win|Truevillany123
||Squarecity is ready for game 2.
|inactive|Truevillany123 has 30 seconds to confirm battle start!
||Truevillany123 is ready for game 2.
|uhtml|next|Next: Game 2 of 3
