|j|☆Oscarm92
|j|☆NicheJuice607
|html|Oscarm92NicheJuice607    
|uhtml|bestof|Game 1 of a best-of-3
|t:|1782254837
|gametype|doubles
|player|p1|Oscarm92|169|1090
|player|p2|NicheJuice607|marlon|1196
|gen|9
|tier|[Gen 9 Champions] VGC 2026 Reg M-B (Bo3)
|rated|
|rule|Species Clause: Limit one of each Pokémon
|rule|Item Clause: Limit 1 of each item
|clearpoke
|poke|p1|Charizard, L50, F, shiny|
|poke|p1|Aerodactyl, L50, M|
|poke|p1|Garchomp, L50, M, shiny|
|poke|p1|Kingambit, L50, F|
|poke|p1|Sylveon, L50, M|
|poke|p1|Farigiraf, L50, M|
|poke|p2|Glimmora, L50, F, shiny|
|poke|p2|Klefki, L50, F, shiny|
|poke|p2|Whimsicott, L50, F, shiny|
|poke|p2|Typhlosion-Hisui, L50, M, shiny|
|poke|p2|Sceptile, L50, M, shiny|
|poke|p2|Farigiraf, L50, F|
|teampreview|4
|showteam|p1|Charizard||CharizarditeY|Blaze|HeatWave,WeatherBall,SolarBeam,Protect|Modest||F|||50|]Aerodactyl||Aerodactylite|Unnerve|IceFang,RockSlide,Tailwind,DualWingbeat|Jolly||M|||50|]Garchomp||LifeOrb|RoughSkin|DragonClaw,StompingTantrum,Earthquake,Protect|Jolly||M|||50|]Kingambit||FocusSash|Defiant|SuckerPunch,KowtowCleave,IronHead,LowKick|Adamant||F|||50|]Sylveon||FairyFeather|Pixilate|QuickAttack,HyperVoice,HyperBeam,Protect|Modest||M|||50|]Farigiraf||SitrusBerry|ArmorTail|TrickRoom,Thunderbolt,GrassKnot,TwinBeam|Bold||M|||50|
|showteam|p2|Glimmora||Glimmoranite|ToxicDebris|PowerGem,SludgeWave,Protect,SludgeBomb|Timid||F|||50|]Klefki||WideLens|Prankster|MetalSound,Protect,ThunderWave,DazzlingGleam|Calm||F|||50|]Whimsicott||FocusSash|Prankster|Moonblast,FakeTears,Protect,Tailwind|Modest||F|||50|]Typhlosion-Hisui||ChoiceScarf|Blaze|Eruption,Overheat,ShadowBall,HeatWave|Timid||M|||50|]Sceptile||Sceptilite|Overgrow|FrenzyPlant,Detect,DragonPulse,EnergyBall|Modest||M|||50|]Farigiraf||LifeOrb|ArmorTail|HyperVoice,TwinBeam,Protect,HelpingHand|Modest||F|||50|
|inactive|Battle timer is ON: inactive players will automatically lose when time's up. (requested by NicheJuice607)
|inactive|Oscarm92 has 60 seconds left.
|inactive|Oscarm92 has 30 seconds left.
|inactive|Oscarm92 has 20 seconds left.
|inactive|Oscarm92 has 15 seconds left.
|
|t:|1782254914
|teamsize|p1|4
|teamsize|p2|4
|start
|switch|p1a: Garchomp|Garchomp, L50, M, shiny|100/100
|switch|p1b: Sylveon|Sylveon, L50, M|100/100
|switch|p2a: Whimsicott|Whimsicott, L50, F, shiny|100/100
|switch|p2b: Typhlosion|Typhlosion-Hisui, L50, M, shiny|100/100
|turn|1
|inactive|Oscarm92 has 30 seconds left.
|inactive|NicheJuice607 has 30 seconds left.
|inactive|Oscarm92 has 20 seconds left.
|inactive|NicheJuice607 has 20 seconds left.
|inactive|Oscarm92 has 15 seconds left.
|inactive|NicheJuice607 has 15 seconds left.
|
|t:|1782254956
|switch|p1a: Charizard|Charizard, L50, F, shiny|100/100
|move|p2a: Whimsicott|Tailwind|p2a: Whimsicott
|-sidestart|p2: NicheJuice607|move: Tailwind
|move|p2b: Typhlosion|Eruption|p1b: Sylveon|[spread] p1a,p1b
|-resisted|p1a: Charizard|1
|-damage|p1a: Charizard|68/100
|-damage|p1b: Sylveon|53/100
|move|p1b: Sylveon|Hyper Voice|p2a: Whimsicott|[spread] p2a,p2b
|-resisted|p2b: Typhlosion|1
|-damage|p2a: Whimsicott|16/100
|-damage|p2b: Typhlosion|67/100
|
|upkeep
|turn|2
|inactive|Oscarm92 has 30 seconds left.
|
|t:|1782254983
|move|p2a: Whimsicott|Fake Tears|p1a: Charizard
|-unboost|p1a: Charizard|spd|2
|move|p2b: Typhlosion|Eruption|p1a: Charizard|[spread] p1a,p1b
|-resisted|p1a: Charizard|1
|-crit|p1b: Sylveon
|-damage|p1a: Charizard|24/100
|-damage|p1b: Sylveon|12/100
|move|p1a: Charizard|Heat Wave|p2a: Whimsicott|[spread] p2a,p2b
|-supereffective|p2a: Whimsicott|1
|-resisted|p2b: Typhlosion|1
|-damage|p2a: Whimsicott|0 fnt
|-damage|p2b: Typhlosion|41/100
|faint|p2a: Whimsicott
|move|p1b: Sylveon|Hyper Beam|p2b: Typhlosion
|-resisted|p2b: Typhlosion|1
|-damage|p2b: Typhlosion|0 fnt
|-mustrecharge|p1b: Sylveon
|faint|p2b: Typhlosion
|
|upkeep
|
|t:|1782254996
|switch|p2a: Glimmora|Glimmora, L50, F, shiny|100/100
|switch|p2b: Farigiraf|Farigiraf, L50, F|100/100
|turn|3
|
|t:|1782255016
|detailschange|p2a: Glimmora|Glimmora-Mega, L50, F, shiny
|-mega|p2a: Glimmora|Glimmora|Glimmoranite
|detailschange|p1a: Charizard|Charizard-Mega-Y, L50, F, shiny
|-mega|p1a: Charizard|Charizard|Charizardite Y
|-weather|SunnyDay|[from] ability: Drought|[of] p1a: Charizard
|move|p2b: Farigiraf|Protect|p2b: Farigiraf
|-singleturn|p2b: Farigiraf|Protect
|move|p1a: Charizard|Protect|p1a: Charizard
|-singleturn|p1a: Charizard|Protect
|move|p2a: Glimmora|Sludge Wave|p1b: Sylveon|[spread] p1b
|-activate|p2b: Farigiraf|move: Protect
|-activate|p1a: Charizard|move: Protect
|-supereffective|p1b: Sylveon|1
|-damage|p1b: Sylveon|0 fnt
|faint|p1b: Sylveon
|
|-weather|SunnyDay|[upkeep]
|upkeep
|
|t:|1782255036
|switch|p1b: Garchomp|Garchomp, L50, M, shiny|100/100
|turn|4
|inactive|NicheJuice607 has 30 seconds left.
|
|t:|1782255064
|move|p2a: Glimmora|Sludge Bomb|p1b: Garchomp
|-resisted|p1b: Garchomp|1
|-damage|p1b: Garchomp|62/100
|-status|p1b: Garchomp|psn
|move|p2b: Farigiraf|Hyper Voice|p1b: Garchomp|[spread] p1a,p1b
|-damage|p1a: Charizard|0 fnt
|-damage|p1b: Garchomp|12/100 psn
|faint|p1a: Charizard
|-damage|p2b: Farigiraf|90/100|[from] item: Life Orb
|move|p1b: Garchomp|Earthquake|p2b: Farigiraf|[spread] p2a,p2b
|-supereffective|p2a: Glimmora|2
|-damage|p2a: Glimmora|0 fnt
|-damage|p2b: Farigiraf|30/100
|faint|p2a: Glimmora
|-damage|p1b: Garchomp|2/100 psn|[from] item: Life Orb
|
|-weather|SunnyDay|[upkeep]
|-damage|p1b: Garchomp|0 fnt|[from] psn
|faint|p1b: Garchomp
|-sideend|p2: NicheJuice607|move: Tailwind
|upkeep
|inactive|Oscarm92 has 30 seconds left.
|
|t:|1782255092
|switch|p1a: Aerodactyl|Aerodactyl, L50, M|100/100
|-ability|p1a: Aerodactyl|Unnerve
|turn|5
|
|t:|1782255111
|move|p1a: Aerodactyl|Dual Wingbeat|p2b: Farigiraf|[miss]
|-miss|p1a: Aerodactyl|p2b: Farigiraf
|move|p2b: Farigiraf|Twin Beam|p1a: Aerodactyl
|-damage|p1a: Aerodactyl|63/100
|-damage|p1a: Aerodactyl|32/100
|-hitcount|p1a: Aerodactyl|2
|-damage|p2b: Farigiraf|21/100|[from] item: Life Orb
|
|-weather|SunnyDay|[upkeep]
|upkeep
|turn|6
|
|t:|1782255121
|move|p1a: Aerodactyl|Dual Wingbeat|p2b: Farigiraf
|-damage|p2b: Farigiraf|1/100
|-damage|p2b: Farigiraf|0 fnt
|faint|p2b: Farigiraf
|-hitcount|p2: Farigiraf|2
|
|win|Oscarm92
