|j|☆nekiknay
|j|☆leafeon03
|html|nekiknayleafeon03    
|uhtml|bestof|Game 2 of a best-of-3
|t:|1785432147
|gametype|doubles
|player|p1|nekiknay|pokemonbreeder-gen4|1381
|player|p2|leafeon03|erika|1388
|gen|9
|tier|[Gen 9 Champions] VGC 2026 Reg M-B (Bo3)
|rated|
|rule|Species Clause: Limit one of each Pokémon
|rule|Item Clause: Limit 1 of each item
|clearpoke
|poke|p1|Dragapult, L50, M|
|poke|p1|Ninetales-Alola, L50, M|
|poke|p1|Lycanroc-Dusk, L50, M|
|poke|p1|Kingambit, L50, M|
|poke|p1|Scovillain, L50, F|
|poke|p1|Raichu, L50, M|
|poke|p2|Garchomp, L50, F, shiny|
|poke|p2|Charizard, L50, F, shiny|
|poke|p2|Whimsicott, L50, M|
|poke|p2|Floette-Eternal, L50, F|
|poke|p2|Basculegion, L50, M|
|poke|p2|Kingambit, L50, M, shiny|
|teampreview|4
|showteam|p1|Dragapult||DragonFang|ClearBody|DragonDance,DragonDarts,PhantomForce,Protect|Jolly||M|||50|]Ninetales-Alola||NeverMeltIce|SnowWarning|Blizzard,FreezeDry,IcyWind,Protect|Timid||M|||50|]Lycanroc-Dusk||FocusSash|ToughClaws|RockSlide,CloseCombat,Accelerock,Protect|Jolly||M|||50|]Kingambit||LifeOrb|Defiant|KowtowCleave,IronHead,SuckerPunch,Protect|Adamant||M|||50|]Scovillain||Scovillainite|Moody|RagePowder,Overheat,GigaDrain,Protect|Bold||F|||50|]Raichu||RaichuniteY|Static|FakeOut,ZapCannon,FocusBlast,Protect|Timid||M|||50|
|showteam|p2|Garchomp||LifeOrb|RoughSkin|Earthquake,RockSlide,DragonClaw,Protect|Jolly||F|||50|]Charizard||CharizarditeY|Blaze|HeatWave,WeatherBall,SolarBeam,Protect|Modest||F|||50|]Whimsicott||FocusSash|Prankster|Moonblast,Tailwind,Encore,Protect|Timid||M|||50|]Floette-Eternal||Floettite|FlowerVeil|Moonblast,DazzlingGleam,LightofRuin,Protect|Modest||F|||50|]Basculegion||MysticWater|Adaptability|WaveCrash,LastRespects,AquaJet,Protect|Adamant||M|||50|]Kingambit||ChopleBerry|Defiant|KowtowCleave,SuckerPunch,IronHead,LowKick|Adamant||M|||50|
|inactive|Battle timer is ON: inactive players will automatically lose when time's up. (requested by nekiknay)
|inactive|leafeon03 has 60 seconds left.
|
|t:|1785432236
|teamsize|p1|4
|teamsize|p2|4
|start
|switch|p1a: Lycanroc|Lycanroc-Dusk, L50, M|100/100
|switch|p1b: Scovillain|Scovillain, L50, F|100/100
|switch|p2a: Whimsicott|Whimsicott, L50, M|100/100
|switch|p2b: Basculegion|Basculegion, L50, M|100/100
|turn|1
|inactive|nekiknay has 30 seconds left.
|inactive|nekiknay has 20 seconds left.
|inactive|leafeon03 has 30 seconds left.
|inactive|nekiknay has 15 seconds left.
|inactive|leafeon03 has 20 seconds left.
|inactive|leafeon03 has 15 seconds left.
|
|t:|1785432291
|detailschange|p1b: Scovillain|Scovillain-Mega, L50, F
|-mega|p1b: Scovillain|Scovillain|Scovillainite
|move|p2a: Whimsicott|Tailwind|p2a: Whimsicott
|-sidestart|p2: leafeon03|move: Tailwind
|move|p2b: Basculegion|Wave Crash|p1b: Scovillain
|-damage|p1b: Scovillain|19/100
|-status|p2b: Basculegion|brn|[from] ability: Spicy Spray|[of] p1b: Scovillain
|-damage|p2b: Basculegion|76/100 brn|[from] Recoil
|move|p1a: Lycanroc|Rock Slide|p2a: Whimsicott|[spread] p2a,p2b
|-damage|p2a: Whimsicott|62/100
|-damage|p2b: Basculegion|47/100 brn
|move|p1b: Scovillain|Overheat|p2a: Whimsicott
|-supereffective|p2a: Whimsicott|1
|-damage|p2a: Whimsicott|0 fnt
|-unboost|p1b: Scovillain|spa|2
|faint|p2a: Whimsicott
|
|-damage|p2b: Basculegion|41/100 brn|[from] brn
|upkeep
|
|t:|1785432309
|switch|p2a: Garchomp|Garchomp, L50, F, shiny|100/100
|turn|2
|inactive|leafeon03 has 30 seconds left.
|
|t:|1785432344
|switch|p1a: Kingambit|Kingambit, L50, M|100/100
|move|p2a: Garchomp|Protect|p2a: Garchomp
|-singleturn|p2a: Garchomp|Protect
|move|p1b: Scovillain|Protect|p1b: Scovillain
|-singleturn|p1b: Scovillain|Protect
|move|p2b: Basculegion|Wave Crash|p1a: Kingambit
|-damage|p1a: Kingambit|63/100
|-damage|p2b: Basculegion|28/100 brn|[from] Recoil
|
|-damage|p2b: Basculegion|22/100 brn|[from] brn
|upkeep
|turn|3
|
|t:|1785432368
|move|p2b: Basculegion|Protect|p2b: Basculegion
|-singleturn|p2b: Basculegion|Protect
|move|p1b: Scovillain|Rage Powder|p1b: Scovillain
|-singleturn|p1b: Scovillain|move: Rage Powder
|move|p1a: Kingambit|Sucker Punch|p2a: Garchomp
|-damage|p2a: Garchomp|42/100
|-damage|p1a: Kingambit|51/100|[from] ability: Rough Skin|[of] p2a: Garchomp
|-damage|p1a: Kingambit|41/100|[from] item: Life Orb
|move|p2a: Garchomp|Earthquake|p1b: Scovillain|[spread] p1a,p1b
|-activate|p2b: Basculegion|move: Protect
|-supereffective|p1a: Kingambit|1
|-damage|p1a: Kingambit|0 fnt
|-damage|p1b: Scovillain|0 fnt
|-status|p2a: Garchomp|brn|[from] ability: Spicy Spray|[of] p1b: Scovillain
|faint|p1a: Kingambit
|faint|p1b: Scovillain
|-damage|p2a: Garchomp|32/100 brn|[from] item: Life Orb
|
|-damage|p2a: Garchomp|26/100 brn|[from] brn
|-damage|p2b: Basculegion|15/100 brn|[from] brn
|upkeep
|
|t:|1785432375
|switch|p1b: Lycanroc|Lycanroc-Dusk, L50, M|100/100
|switch|p1a: Ninetales|Ninetales-Alola, L50, M|100/100
|-weather|Snowscape|[from] ability: Snow Warning|[of] p1a: Ninetales
|turn|4
|inactive|leafeon03 has 30 seconds left.
|inactive|leafeon03 has 20 seconds left.
|inactive|leafeon03 has 15 seconds left.
|inactive|leafeon03 has 10 seconds left.
|
|t:|1785432422
|move|p1b: Lycanroc|Protect|p1b: Lycanroc
|-singleturn|p1b: Lycanroc|Protect
|move|p1a: Ninetales|Protect|p1a: Ninetales
|-singleturn|p1a: Ninetales|Protect
|move|p2b: Basculegion|Aqua Jet|p1b: Lycanroc
|-activate|p1b: Lycanroc|move: Protect
|move|p2a: Garchomp|Rock Slide|p1a: Ninetales|[spread] 
|-activate|p1a: Ninetales|move: Protect
|-activate|p1b: Lycanroc|move: Protect
|
|-weather|Snowscape|[upkeep]
|-damage|p2a: Garchomp|20/100y brn|[from] brn
|-damage|p2b: Basculegion|9/100 brn|[from] brn
|-sideend|p2: leafeon03|move: Tailwind
|upkeep
|turn|5
|
|t:|1785432444
|switch|p2a: Charizard|Charizard, L50, F, shiny|100/100
|move|p2b: Basculegion|Protect|p2b: Basculegion
|-singleturn|p2b: Basculegion|Protect
|move|p1b: Lycanroc|Accelerock|p2b: Basculegion
|-activate|p2b: Basculegion|move: Protect
|move|p1a: Ninetales|Blizzard|p2a: Charizard|[spread] p2a
|-activate|p2b: Basculegion|move: Protect
|-damage|p2a: Charizard|57/100
|
|-weather|Snowscape|[upkeep]
|-damage|p2b: Basculegion|3/100 brn|[from] brn
|upkeep
|turn|6
|inactive|nekiknay has 30 seconds left.
|inactive|leafeon03 has 30 seconds left.
|
|t:|1785432474
|detailschange|p2a: Charizard|Charizard-Mega-Y, L50, F, shiny
|-mega|p2a: Charizard|Charizard|Charizardite Y
|-weather|SunnyDay|[from] ability: Drought|[of] p2a: Charizard
|move|p1b: Lycanroc|Protect|p1b: Lycanroc
|-singleturn|p1b: Lycanroc|Protect
|move|p1a: Ninetales|Protect|p1a: Ninetales
|-singleturn|p1a: Ninetales|Protect
|move|p2a: Charizard|Protect|p2a: Charizard
|-singleturn|p2a: Charizard|Protect
|move|p2b: Basculegion|Aqua Jet|p1b: Lycanroc
|-activate|p1b: Lycanroc|move: Protect
|
|-weather|SunnyDay|[upkeep]
|-damage|p2b: Basculegion|0 fnt|[from] brn
|faint|p2b: Basculegion
|upkeep
|
|t:|1785432481
|switch|p2b: Garchomp|Garchomp, L50, F, shiny|20/100y brn
|turn|7
|
|t:|1785432493
|move|p1b: Lycanroc|Accelerock|p2a: Charizard
|-supereffective|p2a: Charizard|2
|-damage|p2a: Charizard|0 fnt
|faint|p2a: Charizard
|move|p1a: Ninetales|Freeze-Dry|p2b: Garchomp
|-supereffective|p2b: Garchomp|2
|-damage|p2b: Garchomp|0 fnt
|faint|p2b: Garchomp
|
|win|nekiknay
|raw|nekiknay's rating: 1381 → 1401(+20 for winning)
|raw|leafeon03's rating: 1388 → 1368(-20 for losing)
