|j|☆dilfasaur
|j|☆hieu213
|html|dilfasaurhieu213    
|uhtml|bestof|Game 1 of a best-of-3
|t:|1786053891
|gametype|doubles
|player|p1|dilfasaur|169|1123
|player|p2|hieu213|266|1027
|gen|9
|tier|[Gen 9 Champions] VGC 2026 Reg M-B (Bo3)
|rated|
|rule|Species Clause: Limit one of each Pokémon
|rule|Item Clause: Limit 1 of each item
|clearpoke
|poke|p1|Aerodactyl, L50, M|
|poke|p1|Delphox, L50, M|
|poke|p1|Garchomp, L50, M|
|poke|p1|Incineroar, L50, F|
|poke|p1|Sylveon, L50, F|
|poke|p1|Sneasler, L50, F|
|poke|p2|Maushold, L50|
|poke|p2|Lopunny, L50, F|
|poke|p2|Castform, L50, M|
|poke|p2|Farigiraf, L50, M|
|poke|p2|Zoroark-Hisui, L50, F|
|poke|p2|Snorlax, L50, M|
|teampreview|4
|showteam|p1|Aerodactyl||Aerodactylite|Unnerve|RockSlide,DualWingbeat,Tailwind,Protect|Jolly||M|||50|]Delphox||Delphoxite|Blaze|HeatWave,Psychic,NastyPlot,Protect|Timid||M|||50|]Garchomp||LifeOrb|RoughSkin|Earthquake,DragonClaw,StompingTantrum,Protect|Adamant||M|||50|]Incineroar||PasshoBerry|Intimidate|FakeOut,FlareBlitz,ThroatChop,PartingShot|Impish||F|||50|]Sylveon||FairyFeather|Pixilate|HyperVoice,HyperBeam,QuickAttack,Protect|Modest||F|||50|]Sneasler||FocusSash|PoisonTouch|FakeOut,PoisonJab,CloseCombat,Protect|Jolly||F|||50|
|showteam|p2|Maushold||WideLens|Technician|PopulationBomb,Taunt,FollowMe,Protect|Jolly|||||50|]Lopunny||Lopunnite|Limber|FakeOut,CloseCombat,IcePunch,Protect|Jolly||F|||50|]Castform||BrightPowder|Forecast|SunnyDay,WeatherBall,SolarBeam,Protect|Bold||M|||50|]Farigiraf||SitrusBerry|ArmorTail|TrickRoom,GrassKnot,TwinBeam,Protect|Bold||M|||50|]Zoroark-Hisui||FocusSash|Illusion|Psychic,ShadowBall,Flamethrower,Protect|Timid||F|||50|]Snorlax||Leftovers|ThickFat|HeavySlam,BodyPress,Protect,Stockpile|Sassy||M|||50|
|inactive|Battle timer is ON: inactive players will automatically lose when time's up. (requested by dilfasaur)
|inactive|dilfasaur has 60 seconds left.
|
|t:|1786053947
|teamsize|p1|4
|teamsize|p2|4
|start
|switch|p1a: Sylveon|Sylveon, L50, F|100/100
|switch|p1b: Aerodactyl|Aerodactyl, L50, M|100/100
|switch|p2a: Farigiraf|Farigiraf, L50, M|100/100
|switch|p2b: Maushold|Maushold, L50|100/100
|-ability|p1b: Aerodactyl|Unnerve
|turn|1
|
|t:|1786053965
|detailschange|p1b: Aerodactyl|Aerodactyl-Mega, L50, M
|-mega|p1b: Aerodactyl|Aerodactyl|Aerodactylite
|move|p2b: Maushold|Protect|p2b: Maushold
|-singleturn|p2b: Maushold|Protect
|move|p1b: Aerodactyl|Rock Slide|p2b: Maushold|[spread] p2a
|-activate|p2b: Maushold|move: Protect
|-damage|p2a: Farigiraf|73/100
|move|p1a: Sylveon|Hyper Voice|p2b: Maushold|[spread] p2a
|-activate|p2b: Maushold|move: Protect
|-damage|p2a: Farigiraf|21/100
|-enditem|p2a: Farigiraf|Sitrus Berry|[eat]
|-heal|p2a: Farigiraf|45/100|[from] item: Sitrus Berry
|move|p2a: Farigiraf|Trick Room|p2a: Farigiraf
|-fieldstart|move: Trick Room|[of] p2a: Farigiraf
|
|upkeep
|turn|2
|inactive|hieu213 has 30 seconds left.
|
|t:|1786053998
|move|p1a: Sylveon|Protect|p1a: Sylveon
|-singleturn|p1a: Sylveon|Protect
|move|p2a: Farigiraf|Twin Beam|p1b: Aerodactyl
|-damage|p1b: Aerodactyl|78/100
|-damage|p1b: Aerodactyl|56/100
|-hitcount|p1b: Aerodactyl|2
|move|p2b: Maushold|Shadow Ball|p1a: Sylveon
|-activate|p1a: Sylveon|move: Protect
|move|p1b: Aerodactyl|Dual Wingbeat|p2b: Maushold
|-damage|p2b: Maushold|40/100
|replace|p2b: Zoroark|Zoroark-Hisui, L50, F
|-end|p2b: Zoroark|Illusion
|-damage|p2b: Zoroark|0 fnt
|faint|p2b: Zoroark
|-hitcount|p2: Zoroark|2
|
|upkeep
|
|t:|1786054011
|switch|p2b: Castform|Castform, L50, M|100/100
|turn|3
|
|t:|1786054019
|move|p1b: Aerodactyl|Protect|p1b: Aerodactyl
|-singleturn|p1b: Aerodactyl|Protect
|move|p2a: Farigiraf|Twin Beam|p1b: Aerodactyl
|-activate|p1b: Aerodactyl|move: Protect
|move|p2b: Castform|Sunny Day|p2b: Castform
|-weather|SunnyDay
|-formechange|p2b: Castform|Castform-Sunny|[msg]|[from] ability: Forecast
|move|p1a: Sylveon|Hyper Voice|p2b: Castform|[spread] p2a,p2b
|-resisted|p2b: Castform|1
|-damage|p2a: Farigiraf|0 fnt
|-damage|p2b: Castform|66/100
|faint|p2a: Farigiraf
|
|-weather|SunnyDay|[upkeep]
|upkeep
|
|t:|1786054035
|switch|p2a: Maushold|Maushold, L50|100/100
|turn|4
|
|t:|1786054052
|switch|p1b: Garchomp|Garchomp, L50, M|100/100
|move|p2b: Castform|Solar Beam||[still]
|-prepare|p2b: Castform|Solar Beam
|-anim|p2b: Castform|Solar Beam|p1b: Garchomp
|-damage|p1b: Garchomp|74/100
|move|p1a: Sylveon|Hyper Beam|p2a: Maushold
|-damage|p2a: Maushold|0 fnt
|-mustrecharge|p1a: Sylveon
|faint|p2a: Maushold
|
|-weather|SunnyDay|[upkeep]
|upkeep
|turn|5
|-message|hieu213 forfeited.
|raw|dilfasaur's rating: 1123 → 1141(+18 for winning)
|raw|hieu213's rating: 1027 → 1017(-10 for losing)
|
|win|dilfasaur
|l|☆hieu213
|player|p2|
