|j|☆siusshjs
|j|☆raksbach
|html|siusshjsraksbach    
|uhtml|bestof|Game 3 of a best-of-3
|t:|1783420697
|gametype|doubles
|player|p1|siusshjs|169|1118
|player|p2|raksbach|265|1148
|gen|9
|tier|[Gen 9 Champions] VGC 2026 Reg M-B (Bo3)
|rated|
|rule|Species Clause: Limit one of each Pokémon
|rule|Item Clause: Limit 1 of each item
|clearpoke
|poke|p1|Delphox, L50, M|
|poke|p1|Sinistcha, L50|
|poke|p1|Sneasler, L50, M|
|poke|p1|Hydreigon, L50, M|
|poke|p1|Metagross, L50|
|poke|p1|Aegislash, L50, F|
|poke|p2|Incineroar, L50, F|
|poke|p2|Maushold, L50|
|poke|p2|Sinistcha, L50|
|poke|p2|Sneasler, L50, F|
|poke|p2|Blastoise, L50, F|
|poke|p2|Delphox, L50, M|
|teampreview|4
|showteam|p1|Delphox||Delphoxite|Blaze|HeatWave,Psychic,Protect,TrickRoom|Timid||M|||50|]Sinistcha||SitrusBerry|Hospitality|Imprison,TrickRoom,MatchaGotcha,RagePowder|Relaxed|||||50|]Sneasler||FocusSash|PoisonTouch|FakeOut,CloseCombat,DireClaw,Protect|Jolly||M|||50|]Hydreigon||ChoiceScarf|Levitate|DracoMeteor,Snarl,DarkPulse,FlashCannon|Modest||M|||50|]Metagross||Metagrossite|ClearBody|MeteorMash,PsychicFangs,Protect,RockSlide|Jolly|||||50|]Aegislash||LifeOrb|StanceChange|ShadowSneak,KingsShield,IronHead,Poltergeist|Adamant||F|||50|
|showteam|p2|Incineroar||SitrusBerry|Intimidate|FakeOut,FlareBlitz,DarkestLariat,PartingShot|Impish||F|||50|]Maushold||ChopleBerry|FriendGuard|SuperFang,FollowMe,Protect,Feint|Impish|||||50|]Sinistcha||OccaBerry|Hospitality|MatchaGotcha,LifeDew,RagePowder,Protect|Bold|||||50|]Sneasler||FocusSash|PoisonTouch|FakeOut,CloseCombat,DireClaw,QuickGuard|Jolly||F|||50|]Blastoise||Blastoisinite|Torrent|WaterSpout,DarkPulse,ShellSmash,Protect|Modest||F|||50|]Delphox||Delphoxite|Blaze|HeatWave,Psychic,NastyPlot,Protect|Timid||M|||50|
|inactive|Battle timer is ON: inactive players will automatically lose when time's up. (requested by raksbach)
|inactive|siusshjs also wants the timer to be on.
|inactive|raksbach has 60 seconds left.
|
|t:|1783420729
|teamsize|p1|4
|teamsize|p2|4
|start
|switch|p1a: Delphox|Delphox, L50, M|100/100
|switch|p1b: Hydreigon|Hydreigon, L50, M|100/100
|switch|p2a: Delphox|Delphox, L50, M|100/100
|switch|p2b: Sneasler|Sneasler, L50, F|100/100
|turn|1
|
|t:|1783420750
|detailschange|p2a: Delphox|Delphox-Mega, L50, M
|-mega|p2a: Delphox|Delphox|Delphoxite
|move|p1a: Delphox|Protect|p1a: Delphox
|-singleturn|p1a: Delphox|Protect
|move|p1b: Hydreigon|Snarl|p2b: Sneasler|[spread] p2a,p2b
|-supereffective|p2a: Delphox|1
|-resisted|p2b: Sneasler|1
|-damage|p2a: Delphox|60/100
|-damage|p2b: Sneasler|84/100
|-unboost|p2a: Delphox|spa|1
|-unboost|p2b: Sneasler|spa|1
|move|p2a: Delphox|Nasty Plot|p2a: Delphox
|-boost|p2a: Delphox|spa|2
|move|p2b: Sneasler|Close Combat|p1b: Hydreigon
|-supereffective|p1b: Hydreigon|1
|-damage|p1b: Hydreigon|0 fnt
|-unboost|p2b: Sneasler|def|1
|-unboost|p2b: Sneasler|spd|1
|faint|p1b: Hydreigon
|
|upkeep
|
|t:|1783420763
|switch|p1b: Aegislash|Aegislash, L50, F|100/100
|turn|2
|
|t:|1783420785
|switch|p2b: Maushold|Maushold, L50|100/100
|detailschange|p1a: Delphox|Delphox-Mega, L50, M
|-mega|p1a: Delphox|Delphox|Delphoxite
|move|p2a: Delphox|Protect|p2a: Delphox
|-singleturn|p2a: Delphox|Protect
|-formechange|p1b: Aegislash|Aegislash-Blade|
|move|p1b: Aegislash|Shadow Sneak|p2a: Delphox
|-activate|p2a: Delphox|move: Protect
|move|p1a: Delphox|Psychic|p2b: Maushold
|-damage|p2b: Maushold|44/100
|
|upkeep
|turn|3
|
|t:|1783420806
|-formechange|p1b: Aegislash|Aegislash|
|move|p1b: Aegislash|King's Shield|p1b: Aegislash
|-singleturn|p1b: Aegislash|Protect
|move|p2b: Maushold|Follow Me|p2b: Maushold
|-singleturn|p2b: Maushold|move: Follow Me
|move|p1a: Delphox|Heat Wave|p2b: Maushold|[spread] p2a,p2b
|-resisted|p2a: Delphox|1
|-damage|p2a: Delphox|46/100
|-damage|p2b: Maushold|0 fnt
|faint|p2b: Maushold
|move|p2a: Delphox|Heat Wave|p1a: Delphox|[spread] 
|-activate|p1b: Aegislash|move: Protect
|-miss|p2a: Delphox|p1a: Delphox
|
|upkeep
|
|t:|1783420820
|switch|p2b: Sinistcha|Sinistcha, L50|100/100
|-heal|p2a: Delphox|70/100|[from] ability: Hospitality|[of] p2b: Sinistcha
|turn|4
|
|t:|1783420827
|switch|p1b: Sneasler|Sneasler, L50, M|100/100
|move|p2b: Sinistcha|Rage Powder|p2b: Sinistcha
|-singleturn|p2b: Sinistcha|move: Rage Powder
|move|p1a: Delphox|Heat Wave|p2b: Sinistcha|[spread] p2a,p2b
|-resisted|p2a: Delphox|1
|-supereffective|p2b: Sinistcha|1
|-enditem|p2b: Sinistcha|Occa Berry|[eat]
|-enditem|p2b: Sinistcha|Occa Berry|[weaken]
|-damage|p2a: Delphox|51/100
|-damage|p2b: Sinistcha|58/100
|move|p2a: Delphox|Heat Wave|p1b: Sneasler|[spread] p1a,p1b
|-resisted|p1a: Delphox|1
|-damage|p1a: Delphox|70/100
|-damage|p1b: Sneasler|21/100
|-status|p1b: Sneasler|brn
|
|-damage|p1b: Sneasler|15/100 brn|[from] brn
|upkeep
|turn|5
|inactive|raksbach has 30 seconds left.
|inactive|raksbach has 20 seconds left.
|inactive|raksbach has 15 seconds left.
|
|t:|1783420869
|move|p2a: Delphox|Protect|p2a: Delphox
|-singleturn|p2a: Delphox|Protect
|move|p2b: Sinistcha|Protect|p2b: Sinistcha
|-singleturn|p2b: Sinistcha|Protect
|move|p1a: Delphox|Heat Wave|p2b: Sinistcha|[spread] 
|-activate|p2a: Delphox|move: Protect
|-activate|p2b: Sinistcha|move: Protect
|move|p1b: Sneasler|Dire Claw|p2a: Delphox
|-activate|p2a: Delphox|move: Protect
|
|-damage|p1b: Sneasler|9/100 brn|[from] brn
|upkeep
|turn|6
|
|t:|1783420890
|move|p2b: Sinistcha|Rage Powder|p2b: Sinistcha
|-singleturn|p2b: Sinistcha|move: Rage Powder
|move|p1a: Delphox|Heat Wave|p2b: Sinistcha|[spread] p2a,p2b
|-resisted|p2a: Delphox|1
|-supereffective|p2b: Sinistcha|1
|-damage|p2a: Delphox|33/100
|-damage|p2b: Sinistcha|0 fnt
|faint|p2b: Sinistcha
|move|p2a: Delphox|Psychic|p1a: Delphox
|-resisted|p1a: Delphox|1
|-damage|p1a: Delphox|34/100
|move|p1b: Sneasler|Dire Claw|p2a: Delphox
|-crit|p2a: Delphox
|-damage|p2a: Delphox|0 fnt
|faint|p2a: Delphox
|
|-damage|p1b: Sneasler|3/100 brn|[from] brn
|upkeep
|
|t:|1783420896
|switch|p2b: Sneasler|Sneasler, L50, F|84/100
|turn|7
|-message|raksbach forfeited.
|
|win|siusshjs
|raw|siusshjs's rating: 1118 → 1145(+27 for winning)
|raw|raksbach's rating: 1148 → 1121(-27 for losing)
