|j|☆IsRainingPerish
|j|☆Biff6
|html|IsRainingPerishBiff6    
|uhtml|bestof|Game 2 of a best-of-3
|t:|1785956015
|gametype|doubles
|player|p1|IsRainingPerish|li|1052
|player|p2|Biff6|scientist-gen4dp|1107
|gen|9
|tier|[Gen 9 Champions] VGC 2026 Reg M-B (Bo3)
|rated|
|rule|Species Clause: Limit one of each Pokémon
|rule|Item Clause: Limit 1 of each item
|clearpoke
|poke|p1|Gengar, L50, F|
|poke|p1|Incineroar, L50, F|
|poke|p1|Archaludon, L50, M|
|poke|p1|Grimmsnarl, L50, M|
|poke|p1|Politoed, L50, M|
|poke|p1|Scovillain, L50, M, shiny|
|poke|p2|Maushold-Four, L50|
|poke|p2|Blastoise, L50, M|
|poke|p2|Basculegion, L50, M|
|poke|p2|Sinistcha, L50|
|poke|p2|Kingambit, L50, F|
|poke|p2|Sneasler, L50, F|
|teampreview|4
|showteam|p1|Gengar||Gengarite|CursedBody|ShadowBall,SludgeBomb,PerishSong,Protect|Timid||F|||50|]Incineroar||PasshoBerry|Intimidate|ThroatChop,Protect,FakeOut,PartingShot|Sassy||F|||50|]Archaludon||Leftovers|Stamina|ElectroShot,FlashCannon,DracoMeteor,Protect|Calm||M|||50|]Grimmsnarl||LightClay|Prankster|Reflect,LightScreen,SpiritBreak,PartingShot|Sassy||M|||50|]Politoed||SitrusBerry|Drizzle|WeatherBall,PerishSong,Haze,Protect|Calm||M|||50|]Scovillain||Scovillainite|Moody|GigaDrain,Overheat,RagePowder,Protect|Bold||M|||50|
|showteam|p2|Maushold-Four||WideLens|Technician|PopulationBomb,Feint,Bite,Protect|Jolly|||||50|]Blastoise||Blastoisinite|Torrent|FakeOut,DarkPulse,AuraSphere,IceBeam|Modest||M|||50|]Basculegion||ChoiceScarf|Adaptability|WaveCrash,LastRespects,AquaJet,FlipTurn|Jolly||M|||50|]Sinistcha||SitrusBerry|Hospitality|MatchaGotcha,RagePowder,Imprison,TrickRoom|Bold|||||50|]Kingambit||LifeOrb|Defiant|IronHead,KowtowCleave,SuckerPunch,Protect|Adamant||F|||50|]Sneasler||FocusSash|PoisonTouch|PoisonJab,Protect,CloseCombat,FakeOut|Jolly||F|||50|
|inactive|Battle timer is ON: inactive players will automatically lose when time's up. (requested by IsRainingPerish)
|inactive|IsRainingPerish has 60 seconds left.
|inactive|Biff6 has 60 seconds left.
|inactive|Biff6 has 30 seconds left.
|inactive|Biff6 has 20 seconds left.
|inactive|Biff6 has 15 seconds left.
|inactive|Biff6 has 10 seconds left.
|inactive|Biff6 has 5 seconds left.
|
|t:|1785956105
|teamsize|p1|4
|teamsize|p2|4
|start
|switch|p1a: Gengar|Gengar, L50, F|100/100
|switch|p1b: Scovillain|Scovillain, L50, M, shiny|100/100
|switch|p2a: Maushold|Maushold-Four, L50|100/100
|switch|p2b: Blastoise|Blastoise, L50, M|100/100
|turn|1
|inactive|IsRainingPerish has 30 seconds left.
|inactive|Biff6 has 30 seconds left.
|inactive|Biff6 has 20 seconds left.
|inactive|Biff6 has 15 seconds left.
|inactive|Biff6 has 10 seconds left.
|inactive|Biff6 has 5 seconds left.
|
|t:|1785956160
|detailschange|p1a: Gengar|Gengar-Mega, L50, F
|-mega|p1a: Gengar|Gengar|Gengarite
|move|p2b: Blastoise|Fake Out|p1b: Scovillain
|-damage|p1b: Scovillain|92/100
|cant|p1b: Scovillain|flinch
|move|p1a: Gengar|Perish Song|p1a: Gengar
|-start|p1a: Gengar|perish3|[silent]
|-start|p1b: Scovillain|perish3|[silent]
|-start|p2a: Maushold|perish3|[silent]
|-start|p2b: Blastoise|perish3|[silent]
|-fieldactivate|move: Perish Song
|move|p2a: Maushold|Population Bomb|p1b: Scovillain
|-damage|p1b: Scovillain|79/100
|-damage|p1b: Scovillain|66/100
|-damage|p1b: Scovillain|52/100
|-damage|p1b: Scovillain|40/100
|-damage|p1b: Scovillain|27/100
|-damage|p1b: Scovillain|15/100
|-damage|p1b: Scovillain|2/100
|-damage|p1b: Scovillain|0 fnt
|faint|p1b: Scovillain
|-hitcount|p1: Scovillain|8
|
|-start|p1a: Gengar|perish3
|-start|p2a: Maushold|perish3
|-start|p2b: Blastoise|perish3
|upkeep
|
|t:|1785956169
|switch|p1b: Incineroar|Incineroar, L50, F|100/100
|-ability|p1b: Incineroar|Intimidate|boost
|-unboost|p2a: Maushold|atk|1
|-unboost|p2b: Blastoise|atk|1
|turn|2
|inactive|IsRainingPerish has 30 seconds left.
|inactive|Biff6 has 30 seconds left.
|inactive|Biff6 has 20 seconds left.
|inactive|Biff6 has 15 seconds left.
|inactive|Biff6 has 10 seconds left.
|inactive|Biff6 has 5 seconds left.
|
|t:|1785956222
|detailschange|p2b: Blastoise|Blastoise-Mega, L50, M
|-mega|p2b: Blastoise|Blastoise|Blastoisinite
|move|p1a: Gengar|Protect|p1a: Gengar
|-singleturn|p1a: Gengar|Protect
|move|p1b: Incineroar|Fake Out|p2a: Maushold
|-damage|p2a: Maushold|81/100
|cant|p2a: Maushold|flinch
|move|p2b: Blastoise|Dark Pulse|p1a: Gengar
|-activate|p1a: Gengar|move: Protect
|
|-start|p1a: Gengar|perish2
|-start|p2a: Maushold|perish2
|-start|p2b: Blastoise|perish2
|upkeep
|turn|3
|
|t:|1785956236
|switch|p1a: Grimmsnarl|Grimmsnarl, L50, M|100/100
|move|p2a: Maushold|Population Bomb|p1b: Incineroar
|-damage|p1b: Incineroar|93/100
|-damage|p1b: Incineroar|87/100
|-damage|p1b: Incineroar|80/100
|-damage|p1b: Incineroar|74/100
|-damage|p1b: Incineroar|67/100
|-damage|p1b: Incineroar|61/100
|-damage|p1b: Incineroar|55/100
|-damage|p1b: Incineroar|49/100
|-damage|p1b: Incineroar|42/100
|-damage|p1b: Incineroar|36/100
|-hitcount|p1b: Incineroar|10
|move|p2b: Blastoise|Aura Sphere|p1b: Incineroar
|-supereffective|p1b: Incineroar|1
|-damage|p1b: Incineroar|0 fnt
|faint|p1b: Incineroar
|
|-start|p2a: Maushold|perish1
|-start|p2b: Blastoise|perish1
|upkeep
|
|t:|1785956240
|switch|p1b: Gengar|Gengar-Mega, L50, F|100/100
|turn|4
|inactive|Biff6 has 30 seconds left.
|inactive|Biff6 has 20 seconds left.
|inactive|Biff6 has 15 seconds left.
|inactive|Biff6 has 10 seconds left.
|inactive|Biff6 has 5 seconds left.
|
|t:|1785956295
|move|p1b: Gengar|Protect|p1b: Gengar
|-singleturn|p1b: Gengar|Protect
|move|p1a: Grimmsnarl|Parting Shot|p2a: Maushold
|-unboost|p2a: Maushold|atk|1
|-unboost|p2a: Maushold|spa|1
|move|p2a: Maushold|Population Bomb|p1a: Grimmsnarl
|-damage|p1a: Grimmsnarl|94/100
|-damage|p1a: Grimmsnarl|88/100
|-crit|p1a: Grimmsnarl
|-damage|p1a: Grimmsnarl|68/100
|-damage|p1a: Grimmsnarl|62/100
|-damage|p1a: Grimmsnarl|56/100
|-crit|p1a: Grimmsnarl
|-damage|p1a: Grimmsnarl|37/100
|-damage|p1a: Grimmsnarl|30/100
|-damage|p1a: Grimmsnarl|24/100
|-damage|p1a: Grimmsnarl|18/100
|-damage|p1a: Grimmsnarl|12/100
|-hitcount|p1a: Grimmsnarl|10
|move|p2b: Blastoise|Dark Pulse|p1a: Grimmsnarl
|-resisted|p1a: Grimmsnarl|2
|-damage|p1a: Grimmsnarl|3/100
|
|-start|p2a: Maushold|perish0
|-start|p2b: Blastoise|perish0
|faint|p2a: Maushold
|faint|p2b: Blastoise
|upkeep
|inactive|Biff6 has 30 seconds left.
|inactive|Biff6 has 20 seconds left.
|inactive|Biff6 has 15 seconds left.
|inactive|Biff6 has 10 seconds left.
|inactive|Biff6 has 5 seconds left.
|
|t:|1785956350
|switch|p2a: Basculegion|Basculegion, L50, M|100/100
|switch|p2b: Sinistcha|Sinistcha, L50|100/100
|turn|5
|inactive|Biff6 has 30 seconds left.
|inactive|Biff6 has 20 seconds left.
|inactive|Biff6 has 15 seconds left.
|inactive|Biff6 has 10 seconds left.
|inactive|IsRainingPerish has 30 seconds left.
|inactive|Biff6 has 5 seconds left.
|
|t:|1785956405
|move|p1a: Grimmsnarl|Parting Shot|p2a: Basculegion
|-unboost|p2a: Basculegion|atk|1
|-unboost|p2a: Basculegion|spa|1
|move|p2a: Basculegion|Wave Crash|p1b: Gengar
|-damage|p1b: Gengar|38/100
|-damage|p2a: Basculegion|82/100|[from] Recoil
|move|p1b: Gengar|Shadow Ball|p2a: Basculegion
|-supereffective|p2a: Basculegion|1
|-damage|p2a: Basculegion|0 fnt
|faint|p2a: Basculegion
|move|p2b: Sinistcha|Matcha Gotcha|p1b: Gengar|[spread] p1a,p1b
|-resisted|p1b: Gengar|1
|-damage|p1a: Grimmsnarl|0 fnt
|-damage|p1b: Gengar|26/100
|-status|p1b: Gengar|brn
|faint|p1a: Grimmsnarl
|
|-damage|p1b: Gengar|20/100y brn|[from] brn
|upkeep
|turn|6
|inactive|Biff6 has 30 seconds left.
|inactive|Biff6 has 20 seconds left.
|inactive|Biff6 has 15 seconds left.
|inactive|Biff6 has 10 seconds left.
|inactive|Biff6 has 5 seconds left.
|
|t:|1785956460
|move|p1b: Gengar|Shadow Ball|p2b: Sinistcha
|-supereffective|p2b: Sinistcha|1
|-damage|p2b: Sinistcha|10/100
|-enditem|p2b: Sinistcha|Sitrus Berry|[eat]
|-heal|p2b: Sinistcha|35/100|[from] item: Sitrus Berry
|move|p2b: Sinistcha|Matcha Gotcha|p1b: Gengar
|-resisted|p1b: Gengar|1
|-damage|p1b: Gengar|1/100 brn
|-heal|p2b: Sinistcha|44/100|[from] drain|[of] p1b: Gengar
|
|-damage|p1b: Gengar|0 fnt|[from] brn
|faint|p1b: Gengar
|
|win|Biff6
