|j|☆RochesterRockruffs
|j|☆SGplaysIt
|html|RochesterRockruffsSGplaysIt    
|uhtml|bestof|Game 1 of a best-of-3
|t:|1784345637
|gametype|doubles
|player|p1|RochesterRockruffs|pokemaniac|
|player|p2|SGplaysIt|266|
|gen|9
|tier|[Gen 9 Champions] VGC 2026 Reg M-B (Bo3)
|rule|Species Clause: Limit one of each Pokémon
|rule|Item Clause: Limit 1 of each item
|clearpoke
|poke|p1|Chimecho, L50, M|
|poke|p1|Ariados, L50, F|
|poke|p1|Sneasler, L50, F|
|poke|p1|Tyranitar, L50, M|
|poke|p1|Excadrill, L50, F|
|poke|p1|Zoroark-Hisui, L50, M|
|poke|p2|Oranguru, L50, M|
|poke|p2|Incineroar, L50, M|
|poke|p2|Rhyperior, L50, M|
|poke|p2|Florges, L50, F|
|poke|p2|Archaludon, L50, M|
|poke|p2|Conkeldurr, L50, F|
|teampreview|4
|showteam|p1|Chimecho||SitrusBerry|Levitate|Imprison,TrickRoom,Psychic,FlashCannon|Quiet||M|||50|]Ariados||SilverPowder|Sniper|FirstImpression,Lunge,RagePowder,PoisonJab|Brave||F|||50|]Sneasler||WhiteHerb|Unburden|DireClaw,Protect,CloseCombat,NightSlash|Adamant||F|||50|]Tyranitar||Tyranitarite|SandStream|Protect,RockSlide,KnockOff,HighHorsepower|Brave||M|||50|]Excadrill||LifeOrb|SandForce|Earthquake,IronHead,RockSlide,BrickBreak|Adamant||F|||50|]Zoroark-Hisui||FocusSash|Illusion|HyperVoice,ShadowBall,Protect,GrassKnot|Modest||M|||50|
|showteam|p2|Oranguru||MentalHerb|InnerFocus|Encore,TrickRoom,Instruct,Psyshock|Timid||M|||50|]Incineroar||FocusSash|Intimidate|FlareBlitz,FakeOut,CloseCombat,PartingShot|Adamant||M|||50|]Rhyperior||HardStone|SolidRock|RockSlide,Protect,Earthquake,PoisonJab|Brave||M|||50|]Florges||FairyFeather|FlowerVeil|Moonblast,PetalBlizzard,Psychic,Protect|Sassy||F|||50|]Archaludon||Leftovers|Stamina|Thunderbolt,FlashCannon,AuraSphere,Protect|Quiet||M|||50|]Conkeldurr||ExpertBelt|SheerForce|IcePunch,ThunderPunch,FirePunch,DrainPunch|Adamant||F|||50|
|
|t:|1784345692
|teamsize|p1|4
|teamsize|p2|4
|start
|switch|p1a: Chimecho|Chimecho, L50, M|100/100
|switch|p1b: Excadrill|Excadrill, L50, F|100/100
|switch|p2a: Oranguru|Oranguru, L50, M|100/100
|switch|p2b: Conkeldurr|Conkeldurr, L50, F|100/100
|turn|1
|
|t:|1784345757
|switch|p1b: Sneasler|Sneasler, L50, F|100/100
|move|p1a: Chimecho|Psychic|p2b: Conkeldurr
|-supereffective|p2b: Conkeldurr|1
|-damage|p2b: Conkeldurr|8/100
|-unboost|p2b: Conkeldurr|spd|1
|move|p2b: Conkeldurr|Fire Punch|p1b: Sneasler
|-damage|p1b: Sneasler|38/100
|move|p2a: Oranguru|Trick Room|p2a: Oranguru
|-fieldstart|move: Trick Room|[of] p2a: Oranguru
|
|upkeep
|turn|2
|
|t:|1784345782
|move|p1b: Sneasler|Protect|p1b: Sneasler
|-singleturn|p1b: Sneasler|Protect
|move|p2b: Conkeldurr|Fire Punch|p1b: Sneasler
|-activate|p1b: Sneasler|move: Protect
|move|p2a: Oranguru|Instruct|p2b: Conkeldurr
|-singleturn|p2b: Conkeldurr|move: Instruct|[of] p2a: Oranguru
|move|p2b: Conkeldurr|Fire Punch|p1b: Sneasler
|-activate|p1b: Sneasler|move: Protect
|move|p1a: Chimecho|Trick Room|p1a: Chimecho
|-fieldend|move: Trick Room
|
|upkeep
|turn|3
|
|t:|1784345802
|move|p1b: Sneasler|Night Slash|p2a: Oranguru
|-supereffective|p2a: Oranguru|1
|-damage|p2a: Oranguru|44/100
|move|p2a: Oranguru|Encore|p1a: Chimecho
|-start|p1a: Chimecho|Encore
|move|p2b: Conkeldurr|Fire Punch|p1b: Sneasler
|-damage|p1b: Sneasler|0 fnt
|faint|p1b: Sneasler
|move|p1a: Chimecho|Trick Room|p1a: Chimecho
|-fieldstart|move: Trick Room|[of] p1a: Chimecho
|
|upkeep
|
|t:|1784345812
|switch|p1b: Excadrill|Excadrill, L50, F|100/100
|turn|4
|
|t:|1784345831
|switch|p1a: Tyranitar|Tyranitar, L50, M|100/100
|-weather|Sandstorm|[from] ability: Sand Stream|[of] p1a: Tyranitar
|move|p2b: Conkeldurr|Ice Punch|p1a: Tyranitar
|-damage|p1a: Tyranitar|68/100
|move|p2a: Oranguru|Instruct|p2b: Conkeldurr
|-singleturn|p2b: Conkeldurr|move: Instruct|[of] p2a: Oranguru
|move|p2b: Conkeldurr|Ice Punch|p1a: Tyranitar
|-damage|p1a: Tyranitar|37/100
|move|p1b: Excadrill|Iron Head|p2a: Oranguru
|-damage|p2a: Oranguru|0 fnt
|faint|p2a: Oranguru
|-damage|p1b: Excadrill|90/100|[from] item: Life Orb
|
|-weather|Sandstorm|[upkeep]
|-damage|p2b: Conkeldurr|2/100|[from] Sandstorm
|upkeep
|
|t:|1784345856
|switch|p2a: Rhyperior|Rhyperior, L50, M|100/100
|turn|5
|
|t:|1784345881
|switch|p1b: Chimecho|Chimecho, L50, M|100/100
|detailschange|p1a: Tyranitar|Tyranitar-Mega, L50, M
|-mega|p1a: Tyranitar|Tyranitar|Tyranitarite
|move|p2a: Rhyperior|Protect|p2a: Rhyperior
|-singleturn|p2a: Rhyperior|Protect
|move|p1a: Tyranitar|Protect|p1a: Tyranitar
|-singleturn|p1a: Tyranitar|Protect
|move|p2b: Conkeldurr|Drain Punch|p1a: Tyranitar
|-activate|p1a: Tyranitar|move: Protect
|
|-weather|Sandstorm|[upkeep]
|-damage|p2b: Conkeldurr|0 fnt|[from] Sandstorm
|-damage|p1b: Chimecho|93/100|[from] Sandstorm
|faint|p2b: Conkeldurr
|upkeep
|
|t:|1784345894
|switch|p2b: Archaludon|Archaludon, L50, M|100/100
|turn|6
|
|t:|1784345946
|move|p2a: Rhyperior|Rock Slide|p1b: Chimecho|[spread] p1a,p1b
|-damage|p1a: Tyranitar|14/100
|-damage|p1b: Chimecho|49/100
|-enditem|p1b: Chimecho|Sitrus Berry|[eat]
|-heal|p1b: Chimecho|74/100|[from] item: Sitrus Berry
|move|p1b: Chimecho|Flash Cannon|p2a: Rhyperior
|-supereffective|p2a: Rhyperior|1
|-damage|p2a: Rhyperior|67/100
|move|p1a: Tyranitar|High Horsepower|p2b: Archaludon
|-supereffective|p2b: Archaludon|1
|-damage|p2b: Archaludon|28/100
|-ability|p2b: Archaludon|Stamina|boost
|-boost|p2b: Archaludon|def|1
|move|p2b: Archaludon|Aura Sphere|p1a: Tyranitar
|-supereffective|p1a: Tyranitar|2
|-damage|p1a: Tyranitar|0 fnt
|faint|p1a: Tyranitar
|
|-weather|Sandstorm|[upkeep]
|-damage|p1b: Chimecho|68/100|[from] Sandstorm
|-heal|p2b: Archaludon|34/100|[from] item: Leftovers
|upkeep
|
|t:|1784345960
|switch|p1a: Excadrill|Excadrill, L50, F|90/100
|turn|7
|
|t:|1784345997
|move|p2b: Archaludon|Protect|p2b: Archaludon
|-singleturn|p2b: Archaludon|Protect
|move|p2a: Rhyperior|Earthquake|p1b: Chimecho|[spread] p1a
|-activate|p2b: Archaludon|move: Protect
|-immune|p1b: Chimecho|[from] ability: Levitate
|-supereffective|p1a: Excadrill|1
|-damage|p1a: Excadrill|0 fnt
|faint|p1a: Excadrill
|move|p1b: Chimecho|Psychic|p2b: Archaludon
|-activate|p2b: Archaludon|move: Protect
|
|-weather|Sandstorm|[upkeep]
|-damage|p1b: Chimecho|62/100|[from] Sandstorm
|-heal|p2b: Archaludon|40/100|[from] item: Leftovers
|-fieldend|move: Trick Room
|upkeep
|turn|8
|
|t:|1784346020
|move|p2b: Archaludon|Thunderbolt|p1b: Chimecho
|-crit|p1b: Chimecho
|-damage|p1b: Chimecho|6/100
|move|p1b: Chimecho|Psychic|p2b: Archaludon
|-resisted|p2b: Archaludon|1
|-damage|p2b: Archaludon|16/100
|-ability|p2b: Archaludon|Stamina|boost
|-boost|p2b: Archaludon|def|1
|move|p2a: Rhyperior|Poison Jab|p1b: Chimecho
|-damage|p1b: Chimecho|0 fnt
|faint|p1b: Chimecho
|
|win|SGplaysIt
||SGplaysIt is ready for game 2.
|inactive|RochesterRockruffs has 30 seconds to confirm battle start!
