|j|☆MrMrvz
|j|☆Roseofrosarade
|html|MrMrvzRoseofrosarade    
|uhtml|bestof|Game 1 of a best-of-3
|t:|1785432701
|gametype|doubles
|player|p1|MrMrvz|ethan|1132
|player|p2|Roseofrosarade|170|1040
|gen|9
|tier|[Gen 9 Champions] VGC 2026 Reg M-B (Bo3)
|rated|
|rule|Species Clause: Limit one of each Pokémon
|rule|Item Clause: Limit 1 of each item
|clearpoke
|poke|p1|Staraptor, L50, M|
|poke|p1|Feraligatr, L50, M, shiny|
|poke|p1|Whimsicott, L50, M|
|poke|p1|Glimmora, L50, F|
|poke|p1|Delphox, L50, M|
|poke|p1|Kingambit, L50, M, shiny|
|poke|p2|Staraptor, L50, F|
|poke|p2|Milotic, L50, M|
|poke|p2|Sinistcha, L50|
|poke|p2|Aegislash, L50, F|
|poke|p2|Garchomp, L50, F|
|poke|p2|Incineroar, L50, F|
|teampreview|4
|showteam|p1|Staraptor||Staraptite|Intimidate|BraveBird,CloseCombat,Roost,Protect|Jolly||M|||50|]Feraligatr||LifeOrb|SheerForce|Liquidation,RockSlide,IcePunch,AquaJet|Adamant||M|||50|]Whimsicott||OccaBerry|Prankster|Tailwind,Moonblast,Charm,LightScreen|Timid||M|||50|]Glimmora||FocusSash|ToxicDebris|PowerGem,SludgeBomb,EarthPower,SpikyShield|Modest||F|||50|]Delphox||Delphoxite|Blaze|HeatWave,Psychic,Encore,Protect|Timid||M|||50|]Kingambit||ChopleBerry|Defiant|KowtowCleave,IronHead,LowKick,SuckerPunch|Adamant||M|||50|
|showteam|p2|Staraptor||Staraptite|Intimidate|Tailwind,Protect,CloseCombat,DualWingbeat|Jolly||F|||50|]Milotic||BrightPowder|Competitive|LifeDew,Scald,MuddyWater,Protect|Bold||M|||50|]Sinistcha||SitrusBerry|Hospitality|StrengthSap,MatchaGotcha,RagePowder,LifeDew|Bold|||||50|]Aegislash||Leftovers|StanceChange|WideGuard,KingsShield,IronHead,ShadowBall|Sassy||F|||50|]Garchomp||RoseliBerry|SandVeil|Protect,SwordsDance,RockSlide,StompingTantrum|Serious||F|||50|]Incineroar||ChestoBerry|Blaze|FakeOut,PartingShot,FlareBlitz,Crunch|Careful||F|||50|
|inactive|Battle timer is ON: inactive players will automatically lose when time's up. (requested by Roseofrosarade)
|
|t:|1785432777
|teamsize|p1|4
|teamsize|p2|4
|start
|switch|p1a: Kingambit|Kingambit, L50, M, shiny|100/100
|switch|p1b: Whimsicott|Whimsicott, L50, M|100/100
|switch|p2a: Garchomp|Garchomp, L50, F|100/100
|switch|p2b: Incineroar|Incineroar, L50, F|100/100
|turn|1
|inactive|MrMrvz has 30 seconds left.
|
|t:|1785432810
|move|p1b: Whimsicott|Tailwind|p1b: Whimsicott
|-sidestart|p1: MrMrvz|move: Tailwind
|move|p1a: Kingambit|Low Kick|p2b: Incineroar
|-supereffective|p2b: Incineroar|1
|-damage|p2b: Incineroar|46/100
|move|p2a: Garchomp|Stomping Tantrum|p1a: Kingambit
|-supereffective|p1a: Kingambit|1
|-damage|p1a: Kingambit|46/100
|move|p2b: Incineroar|Flare Blitz|p1b: Whimsicott
|-supereffective|p1b: Whimsicott|1
|-enditem|p1b: Whimsicott|Occa Berry|[eat]
|-enditem|p1b: Whimsicott|Occa Berry|[weaken]
|-damage|p1b: Whimsicott|57/100
|-status|p1b: Whimsicott|brn
|-damage|p2b: Incineroar|35/100|[from] Recoil
|
|-damage|p1b: Whimsicott|51/100 brn|[from] brn
|upkeep
|turn|2
|
|t:|1785432833
|switch|p2b: Sinistcha|Sinistcha, L50|100/100
|move|p1b: Whimsicott|Moonblast|p2a: Garchomp
|-supereffective|p2a: Garchomp|1
|-enditem|p2a: Garchomp|Roseli Berry|[eat]
|-enditem|p2a: Garchomp|Roseli Berry|[weaken]
|-damage|p2a: Garchomp|76/100
|move|p1a: Kingambit|Low Kick|p2b: Sinistcha
|-immune|p2b: Sinistcha
|move|p2a: Garchomp|Rock Slide|p1a: Kingambit|[spread] p1b
|-miss|p2a: Garchomp|p1a: Kingambit
|-damage|p1b: Whimsicott|32/100 brn
|
|-damage|p1b: Whimsicott|26/100 brn|[from] brn
|upkeep
|turn|3
|inactive|MrMrvz has 30 seconds left.
|inactive|Roseofrosarade has 30 seconds left.
|
|t:|1785432861
|switch|p1b: Feraligatr|Feraligatr, L50, M, shiny|100/100
|move|p1a: Kingambit|Kowtow Cleave|p2b: Sinistcha
|-supereffective|p2b: Sinistcha|1
|-damage|p2b: Sinistcha|32/100
|-enditem|p2b: Sinistcha|Sitrus Berry|[eat]
|-heal|p2b: Sinistcha|57/100|[from] item: Sitrus Berry
|move|p2a: Garchomp|Stomping Tantrum|p1a: Kingambit
|-supereffective|p1a: Kingambit|1
|-damage|p1a: Kingambit|0 fnt
|faint|p1a: Kingambit
|move|p2b: Sinistcha|Matcha Gotcha|p1b: Feraligatr
|-supereffective|p1b: Feraligatr|1
|-damage|p1b: Feraligatr|43/100
|-heal|p2b: Sinistcha|87/100|[from] drain|[of] p1b: Feraligatr
|
|upkeep
|
|t:|1785432879
|switch|p1a: Whimsicott|Whimsicott, L50, M|26/100 brn
|turn|4
|
|t:|1785432900
|switch|p2a: Aegislash|Aegislash, L50, F|100/100
|move|p1a: Whimsicott|Light Screen|p1a: Whimsicott
|-sidestart|p1: MrMrvz|move: Light Screen
|move|p1b: Feraligatr|Ice Punch|p2a: Aegislash
|-resisted|p2a: Aegislash|1
|-damage|p2a: Aegislash|83/100
|move|p2b: Sinistcha|Matcha Gotcha|p1a: Whimsicott|[spread] p1a,p1b
|-resisted|p1a: Whimsicott|1
|-supereffective|p1b: Feraligatr|1
|-damage|p1a: Whimsicott|15/100 brn
|-heal|p2b: Sinistcha|92/100|[from] drain|[of] p1a: Whimsicott
|-damage|p1b: Feraligatr|14/100
|-heal|p2b: Sinistcha|100/100|[from] drain|[of] p1b: Feraligatr
|
|-heal|p2a: Aegislash|89/100|[from] item: Leftovers
|-damage|p1a: Whimsicott|9/100 brn|[from] brn
|-sideend|p1: MrMrvz|move: Tailwind
|upkeep
|turn|5
|inactive|Roseofrosarade has 30 seconds left.
|
|t:|1785432927
|move|p1a: Whimsicott|Tailwind|p1a: Whimsicott
|-sidestart|p1: MrMrvz|move: Tailwind
|move|p1b: Feraligatr|Ice Punch|p2b: Sinistcha
|-supereffective|p2b: Sinistcha|1
|-damage|p2b: Sinistcha|41/100
|move|p2b: Sinistcha|Matcha Gotcha|p1a: Whimsicott|[spread] p1a,p1b
|-resisted|p1a: Whimsicott|1
|-supereffective|p1b: Feraligatr|1
|-crit|p1b: Feraligatr
|-damage|p1a: Whimsicott|0 fnt
|-heal|p2b: Sinistcha|46/100|[from] drain|[of] p1a: Whimsicott
|-damage|p1b: Feraligatr|0 fnt
|-heal|p2b: Sinistcha|53/100|[from] drain|[of] p1b: Feraligatr
|faint|p1a: Whimsicott
|faint|p1b: Feraligatr
|-formechange|p2a: Aegislash|Aegislash-Blade|
|move|p2a: Aegislash|Shadow Ball|p1: Whimsicott|[notarget]
|-fail|p2a: Aegislash
|
|-heal|p2a: Aegislash|95/100|[from] item: Leftovers
|upkeep
|
|t:|1785432950
|switch|p1b: Delphox|Delphox, L50, M|100/100
|turn|6
|
|t:|1785432955
|detailschange|p1b: Delphox|Delphox-Mega, L50, M
|-mega|p1b: Delphox|Delphox|Delphoxite
|move|p2b: Sinistcha|Rage Powder|p2b: Sinistcha
|-singleturn|p2b: Sinistcha|move: Rage Powder
|move|p1b: Delphox|Heat Wave|p2b: Sinistcha|[spread] p2a,p2b
|-supereffective|p2a: Aegislash|1
|-supereffective|p2b: Sinistcha|1
|-damage|p2a: Aegislash|0 fnt
|-damage|p2b: Sinistcha|0 fnt
|faint|p2a: Aegislash
|faint|p2b: Sinistcha
|
|upkeep
|
|t:|1785432963
|switch|p2b: Incineroar|Incineroar, L50, F|35/100
|switch|p2a: Garchomp|Garchomp, L50, F|76/100
|turn|7
|
|t:|1785432973
|move|p1b: Delphox|Protect|p1b: Delphox
|-singleturn|p1b: Delphox|Protect
|move|p2b: Incineroar|Fake Out|p1b: Delphox
|-activate|p1b: Delphox|move: Protect
|move|p2a: Garchomp|Stomping Tantrum|p1b: Delphox
|-activate|p1b: Delphox|move: Protect
|
|upkeep
|turn|8
|
|t:|1785432982
|move|p1b: Delphox|Encore|p2b: Incineroar
|-start|p2b: Incineroar|Encore
|move|p2b: Incineroar|Fake Out||[still]
|-hint|Fake Out only works on your first turn out.
|-fail|p2b: Incineroar
|move|p2a: Garchomp|Stomping Tantrum|p1b: Delphox
|-immune|p1b: Delphox|[from] ability: Levitate
|
|-sideend|p1: MrMrvz|move: Light Screen
|-sideend|p1: MrMrvz|move: Tailwind
|upkeep
|turn|9
|
|t:|1785432995
|move|p1b: Delphox|Psychic|p2a: Garchomp
|-damage|p2a: Garchomp|28/100
|move|p2a: Garchomp|Rock Slide|p1b: Delphox
|-supereffective|p1b: Delphox|1
|-damage|p1b: Delphox|21/100
|-activate|p2b: Incineroar|move: Struggle
|move|p2b: Incineroar|Struggle|p1b: Delphox
|-damage|p1b: Delphox|1/100
|-damage|p2b: Incineroar|9/100|[from] recoil
|
|upkeep
|turn|10
|
|t:|1785433005
|move|p1b: Delphox|Protect|p1b: Delphox
|-singleturn|p1b: Delphox|Protect
|move|p2a: Garchomp|Rock Slide|p1b: Delphox
|-activate|p1b: Delphox|move: Protect
|-activate|p2b: Incineroar|move: Struggle
|move|p2b: Incineroar|Struggle|p1b: Delphox
|-activate|p1b: Delphox|move: Protect
|
|-end|p2b: Incineroar|Encore
|upkeep
|turn|11
|
|t:|1785433016
|move|p1b: Delphox|Heat Wave|p2a: Garchomp|[spread] p2a,p2b
|-resisted|p2a: Garchomp|1
|-resisted|p2b: Incineroar|1
|-damage|p2a: Garchomp|7/100
|-damage|p2b: Incineroar|0 fnt
|faint|p2b: Incineroar
|move|p2a: Garchomp|Rock Slide|p1b: Delphox
|-supereffective|p1b: Delphox|1
|-damage|p1b: Delphox|0 fnt
|faint|p1b: Delphox
|
|win|Roseofrosarade
||MrMrvz is ready for game 2.
|inactive|Roseofrosarade has 30 seconds to confirm battle start!
||Roseofrosarade is ready for game 2.
|uhtml|next|Next: Game 2 of 3
