|j|☆ggep123
|j|☆KD35Splash
|html|ggep123KD35Splash    
|uhtml|bestof|Game 2 of a best-of-3
|t:|1756346776
|gametype|doubles
|player|p1|ggep123|170|1000
|player|p2|KD35Splash|dancer|1097
|gen|9
|tier|[Gen 9] VGC 2025 Reg H (Bo3)
|rated|
|rule|Species Clause: Limit one of each Pokémon
|rule|Item Clause: Limit 1 of each item
|clearpoke
|poke|p1|Archaludon, L50, M|
|poke|p1|Pelipper, L50, F|
|poke|p1|Basculegion, L50, M|
|poke|p1|Amoonguss, L50, M|
|poke|p1|Incineroar, L50, M|
|poke|p1|Gholdengo, L50|
|poke|p2|Archaludon, L50, M|
|poke|p2|Pelipper, L50, M|
|poke|p2|Rillaboom, L50, F|
|poke|p2|Basculegion, L50, M|
|poke|p2|Volcarona, L50, M|
|poke|p2|Electabuzz, L50, M|
|teampreview|4
|showteam|p1|Archaludon||AssaultVest|Stamina|DragonPulse,ElectroShot,FlashCannon,BodyPress|||M|||50|,,,,,Electric]Pelipper||FocusSash|Drizzle|WeatherBall,Hurricane,Tailwind,Protect|||F|||50|,,,,,Ground]Basculegion||ChoiceBand|SwiftSwim|WaveCrash,LastRespects,AquaJet,FlipTurn|||M|||50|,,,,,Water]Amoonguss||CovertCloak|Regenerator|PollenPuff,RagePowder,Spore,Protect|||M|||50|,,,,,Water]Incineroar||SafetyGoggles|Intimidate|KnockOff,FakeOut,PartingShot,Taunt|||M|||50|,,,,,Ghost]Gholdengo||LifeOrb|GoodasGold|MakeItRain,ShadowBall,NastyPlot,Protect||||||50|,,,,,Water
|showteam|p2|Archaludon||AssaultVest|Stamina|BodyPress,DracoMeteor,FlashCannon,ElectroShot|||M|||50|,,,,,Grass]Pelipper||FocusSash|Drizzle|Hurricane,MuddyWater,Tailwind,Protect|||M|||50|,,,,,Ghost]Rillaboom||LoadedDice|GrassySurge|BulletSeed,GrassyGlide,Uturn,FakeOut|||F|||50|,,,,,Fire]Basculegion||LifeOrb|SwiftSwim|WaveCrash,LastRespects,AquaJet,FlipTurn|||M|||50|,,,,,Water]Volcarona||GrassySeed|FlameBody|GigaDrain,Flamethrower,QuiverDance,Protect|||M|||50|,,,,,Grass]Electabuzz||Eviolite|VitalSpirit|Electroweb,FollowMe,Taunt,HelpingHand|||M|||50|,,,,,Ghost
|
|t:|1756346797
|teamsize|p1|4
|teamsize|p2|4
|start
|switch|p1a: Archaludon|Archaludon, L50, M|100/100
|switch|p1b: Basculegion|Basculegion, L50, M|100/100
|switch|p2a: Archaludon|Archaludon, L50, M, shiny|100/100
|switch|p2b: Rillaboom|Rillaboom, L50, F, shiny|100/100
|-fieldstart|move: Grassy Terrain|[from] ability: Grassy Surge|[of] p2b: Rillaboom
|turn|1
|
|t:|1756346833
|switch|p1a: Incineroar|Incineroar, L50, M|100/100
|-ability|p1a: Incineroar|Intimidate|boost
|-unboost|p2a: Archaludon|atk|1
|-unboost|p2b: Rillaboom|atk|1
|move|p2b: Rillaboom|Bullet Seed|p2a: Archaludon
|-resisted|p2a: Archaludon
|-damage|p2a: Archaludon|98/100
|-ability|p2a: Archaludon|Stamina|boost
|-boost|p2a: Archaludon|def|1
|-resisted|p2a: Archaludon
|-damage|p2a: Archaludon|97/100
|-ability|p2a: Archaludon|Stamina|boost
|-boost|p2a: Archaludon|def|1
|-resisted|p2a: Archaludon
|-damage|p2a: Archaludon|96/100
|-ability|p2a: Archaludon|Stamina|boost
|-boost|p2a: Archaludon|def|1
|-resisted|p2a: Archaludon
|-damage|p2a: Archaludon|95/100
|-ability|p2a: Archaludon|Stamina|boost
|-boost|p2a: Archaludon|def|1
|-resisted|p2a: Archaludon
|-damage|p2a: Archaludon|95/100
|-ability|p2a: Archaludon|Stamina|boost
|-boost|p2a: Archaludon|def|1
|-hitcount|p2a: Archaludon|5
|move|p2a: Archaludon|Body Press|p1a: Incineroar
|-supereffective|p1a: Incineroar
|-damage|p1a: Incineroar|0 fnt
|faint|p1a: Incineroar
|move|p1b: Basculegion|Flip Turn|p2a: Archaludon
|-resisted|p2a: Archaludon
|-damage|p2a: Archaludon|90/100
|-ability|p2a: Archaludon|Stamina|boost
|-boost|p2a: Archaludon|def|1
|
|t:|1756346862
|switch|p1b: Archaludon|Archaludon, L50, M|100/100|[from] Flip Turn
|
|-heal|p2a: Archaludon|96/100|[from] Grassy Terrain
|upkeep
|
|t:|1756346869
|switch|p1a: Gholdengo|Gholdengo, L50|100/100
|turn|2
|
|t:|1756346881
|move|p1a: Gholdengo|Shadow Ball|p2a: Archaludon
|-damage|p2a: Archaludon|60/100
|-damage|p1a: Gholdengo|91/100|[from] item: Life Orb
|move|p2b: Rillaboom|Bullet Seed|p1a: Gholdengo
|-resisted|p1a: Gholdengo
|-damage|p1a: Gholdengo|85/100
|-resisted|p1a: Gholdengo
|-damage|p1a: Gholdengo|80/100
|-resisted|p1a: Gholdengo
|-damage|p1a: Gholdengo|74/100
|-resisted|p1a: Gholdengo
|-crit|p1a: Gholdengo
|-damage|p1a: Gholdengo|61/100
|-hitcount|p1a: Gholdengo|4
|move|p2a: Archaludon|Body Press|p1b: Archaludon
|-supereffective|p1b: Archaludon
|-damage|p1b: Archaludon|0 fnt
|faint|p1b: Archaludon
|
|-heal|p1a: Gholdengo|67/100|[from] Grassy Terrain
|-heal|p2a: Archaludon|66/100|[from] Grassy Terrain
|upkeep
|
|t:|1756346897
|switch|p1b: Basculegion|Basculegion, L50, M|100/100
|turn|3
|
|t:|1756346922
|switch|p2b: Pelipper|Pelipper, L50, M, shiny|100/100
|-weather|RainDance|[from] ability: Drizzle|[of] p2b: Pelipper
|move|p1b: Basculegion|Last Respects|p2a: Archaludon
|-damage|p2a: Archaludon|44/100
|move|p1a: Gholdengo|Nasty Plot|p1a: Gholdengo
|-boost|p1a: Gholdengo|spa|2
|move|p2a: Archaludon|Electro Shot||[still]
|-prepare|p2a: Archaludon|Electro Shot
|-boost|p2a: Archaludon|spa|1
|-anim|p2a: Archaludon|Electro Shot|p1b: Basculegion
|-supereffective|p1b: Basculegion
|-damage|p1b: Basculegion|0 fnt
|faint|p1b: Basculegion
|
|-weather|RainDance|[upkeep]
|-heal|p1a: Gholdengo|73/100|[from] Grassy Terrain
|-heal|p2a: Archaludon|50/100|[from] Grassy Terrain
|upkeep
|turn|4
|
|t:|1756346946
|move|p1a: Gholdengo|Shadow Ball|p2a: Archaludon
|-damage|p2a: Archaludon|0 fnt
|faint|p2a: Archaludon
|-damage|p1a: Gholdengo|63/100|[from] item: Life Orb
|move|p2b: Pelipper|Tailwind|p2b: Pelipper
|-sidestart|p2: KD35Splash|move: Tailwind
|
|-weather|RainDance|[upkeep]
|-heal|p1a: Gholdengo|69/100|[from] Grassy Terrain
|upkeep
|
|t:|1756346964
|switch|p2a: Basculegion|Basculegion, L50, M, shiny|100/100
|turn|5
|
|t:|1756346978
|move|p1a: Gholdengo|Protect|p1a: Gholdengo
|-singleturn|p1a: Gholdengo|Protect
|move|p2a: Basculegion|Last Respects|p1a: Gholdengo
|-activate|p1a: Gholdengo|move: Protect
|move|p2b: Pelipper|Hurricane|p1a: Gholdengo
|-activate|p1a: Gholdengo|move: Protect
|
|-weather|RainDance|[upkeep]
|-heal|p1a: Gholdengo|75/100|[from] Grassy Terrain
|-fieldend|move: Grassy Terrain
|upkeep
|turn|6
|
|t:|1756346999
|-terastallize|p1a: Gholdengo|Water
|move|p2a: Basculegion|Last Respects|p1a: Gholdengo
|-damage|p1a: Gholdengo|3/100
|-damage|p2a: Basculegion|91/100|[from] item: Life Orb
|move|p2b: Pelipper|Hurricane|p1a: Gholdengo
|-damage|p1a: Gholdengo|0 fnt
|faint|p1a: Gholdengo
|
|win|KD35Splash
|raw|ggep123's rating: 1000 → 1000(+0 for losing)
|raw|KD35Splash's rating: 1097 → 1116(+19 for winning)
|l|☆ggep123
|player|p1|
