|j|☆glen2
|j|☆jiggyjagga
|html|glen2jiggyjagga    
|uhtml|bestof|Game 2 of a best-of-3
|t:|1785158328
|gametype|doubles
|player|p1|glen2|265|
|player|p2|jiggyjagga|1|
|gen|9
|tier|[Gen 9 Champions] VGC 2026 Reg M-B (Bo3)
|rule|Species Clause: Limit one of each Pokémon
|rule|Item Clause: Limit 1 of each item
|clearpoke
|poke|p1|Charizard, L50, M, shiny|
|poke|p1|Sneasler, L50, M|
|poke|p1|Garchomp, L50, M|
|poke|p1|Toxapex, L50, F, shiny|
|poke|p1|Klefki, L50, M, shiny|
|poke|p1|Aerodactyl, L50, M|
|poke|p2|Floette-Eternal, L50, F|
|poke|p2|Incineroar, L50, F, shiny|
|poke|p2|Kingambit, L50, F, shiny|
|poke|p2|Gholdengo, L50, shiny|
|poke|p2|Wyrdeer, L50, F, shiny|
|poke|p2|Pikachu, L50, M|
|teampreview|4
|showteam|p1|Charizard||CharizarditeY|Blaze|WeatherBall,ScorchingSands,SolarBeam,Protect|Modest||M|||50|]Sneasler||WhiteHerb|Unburden|DireClaw,CloseCombat,FakeOut,Taunt|Adamant||M|||50|]Garchomp||LifeOrb|RoughSkin|Protect,DragonClaw,Earthquake,StompingTantrum|Jolly||M|||50|]Toxapex||Leftovers|Regenerator|Infestation,WideGuard,BanefulBunker,ChillingWater|Bold||F|||50|]Klefki||LightClay|Prankster|LightScreen,SunnyDay,Reflect,DazzlingGleam|Bold||M|||50|]Aerodactyl||Aerodactylite|Unnerve|Tailwind,RockSlide,DualWingbeat,WideGuard|Jolly||M|||50|
|showteam|p2|Floette-Eternal||Floettite|FlowerVeil|LightofRuin,DazzlingGleam,Moonblast,Protect|Modest||F|||50|]Incineroar||SitrusBerry|Intimidate|FakeOut,PartingShot,FlareBlitz,HelpingHand|Adamant||F|||50|]Kingambit||ChopleBerry|Defiant|KowtowCleave,IronHead,Protect,SuckerPunch|Adamant||F|||50|]Gholdengo||MetalCoat|GoodasGold|MakeItRain,ShadowBall,NastyPlot,Protect|Modest|||||50|]Wyrdeer||Leftovers|Intimidate|PsyshieldBash,TrickRoom,EarthPower,Protect|Sassy||F|||50|]Pikachu||FocusSash|Static|FakeOut,Nuzzle,Wish,Encore|Jolly||M|||50|
|
|t:|1785158347
|teamsize|p1|4
|teamsize|p2|4
|start
|switch|p1a: Charizard|Charizard, L50, M, shiny|100/100
|switch|p1b: Garchomp|Garchomp, L50, M|100/100
|switch|p2a: Wyrdeer|Wyrdeer, L50, F, shiny|100/100
|switch|p2b: Incineroar|Incineroar, L50, F, shiny|100/100
|-ability|p2b: Incineroar|Intimidate|boost
|-unboost|p1a: Charizard|atk|1
|-unboost|p1b: Garchomp|atk|1
|-ability|p2a: Wyrdeer|Intimidate|boost
|-unboost|p1a: Charizard|atk|1
|-unboost|p1b: Garchomp|atk|1
|turn|1
|
|t:|1785158363
|switch|p1b: Aerodactyl|Aerodactyl, L50, M|100/100
|-ability|p1b: Aerodactyl|Unnerve
|move|p1a: Charizard|Protect|p1a: Charizard
|-singleturn|p1a: Charizard|Protect
|move|p2b: Incineroar|Fake Out|p1a: Charizard
|-activate|p1a: Charizard|move: Protect
|move|p2a: Wyrdeer|Trick Room|p2a: Wyrdeer
|-fieldstart|move: Trick Room|[of] p2a: Wyrdeer
|
|upkeep
|turn|2
|
|t:|1785158390
|detailschange|p1a: Charizard|Charizard-Mega-Y, L50, M, shiny
|-mega|p1a: Charizard|Charizard|Charizardite Y
|-weather|SunnyDay|[from] ability: Drought|[of] p1a: Charizard
|move|p2b: Incineroar|Helping Hand|p2a: Wyrdeer
|-singleturn|p2a: Wyrdeer|Helping Hand|[of] p2b: Incineroar
|move|p2a: Wyrdeer|Psyshield Bash|p1b: Aerodactyl
|-damage|p1b: Aerodactyl|28/100
|-boost|p2a: Wyrdeer|def|1
|move|p1a: Charizard|Scorching Sands|p2b: Incineroar
|-supereffective|p2b: Incineroar|1
|-damage|p2b: Incineroar|49/100
|move|p1b: Aerodactyl|Rock Slide|p2a: Wyrdeer|[spread] p2a
|-miss|p1b: Aerodactyl|p2b: Incineroar
|-damage|p2a: Wyrdeer|84/100
|
|-weather|SunnyDay|[upkeep]
|-heal|p2a: Wyrdeer|90/100|[from] item: Leftovers
|upkeep
|turn|3
|
|t:|1785158414
|move|p2a: Wyrdeer|Psyshield Bash|p1a: Charizard
|-crit|p1a: Charizard
|-damage|p1a: Charizard|52/100
|-boost|p2a: Wyrdeer|def|1
|move|p2b: Incineroar|Parting Shot|p1a: Charizard
|-unboost|p1a: Charizard|atk|1
|-unboost|p1a: Charizard|spa|1
|
|t:|1785158421
|switch|p2b: Kingambit|Kingambit, L50, F, shiny|100/100|[from] Parting Shot
|move|p1a: Charizard|Scorching Sands|p2b: Kingambit
|-supereffective|p2b: Kingambit|1
|-damage|p2b: Kingambit|63/100
|move|p1b: Aerodactyl|Rock Slide|p2a: Wyrdeer|[spread] p2a,p2b
|-resisted|p2b: Kingambit|1
|-damage|p2a: Wyrdeer|77/100
|-damage|p2b: Kingambit|56/100
|
|-weather|SunnyDay|[upkeep]
|-heal|p2a: Wyrdeer|83/100|[from] item: Leftovers
|upkeep
|turn|4
|
|t:|1785158435
|switch|p1a: Sneasler|Sneasler, L50, M|100/100
|move|p2b: Kingambit|Sucker Punch||[still]
|-fail|p2b: Kingambit
|move|p2a: Wyrdeer|Psyshield Bash|p1b: Aerodactyl
|-damage|p1b: Aerodactyl|0 fnt
|-boost|p2a: Wyrdeer|def|1
|faint|p1b: Aerodactyl
|
|-weather|SunnyDay|[upkeep]
|-heal|p2a: Wyrdeer|90/100|[from] item: Leftovers
|upkeep
|
|t:|1785158440
|switch|p1b: Charizard|Charizard-Mega-Y, L50, M, shiny|52/100
|turn|5
|
|t:|1785158450
|move|p1a: Sneasler|Fake Out|p2a: Wyrdeer
|-damage|p2a: Wyrdeer|82/100
|move|p2b: Kingambit|Sucker Punch|p1b: Charizard
|-damage|p1b: Charizard|16/100
|cant|p2a: Wyrdeer|flinch
|move|p1b: Charizard|Weather Ball|p2b: Kingambit
|-supereffective|p2b: Kingambit|1
|-crit|p2b: Kingambit
|-damage|p2b: Kingambit|0 fnt
|faint|p2b: Kingambit
|
|-weather|SunnyDay|[upkeep]
|-heal|p2a: Wyrdeer|89/100|[from] item: Leftovers
|-fieldend|move: Trick Room
|upkeep
|
|t:|1785158456
|switch|p2b: Floette|Floette-Eternal, L50, F|100/100
|turn|6
|
|t:|1785158462
|detailschange|p2b: Floette|Floette-Mega, L50, F
|-mega|p2b: Floette|Floette|Floettite
|-ability|p2b: Floette|Fairy Aura
|move|p2b: Floette|Protect|p2b: Floette
|-singleturn|p2b: Floette|Protect
|move|p1a: Sneasler|Dire Claw|p2b: Floette
|-activate|p2b: Floette|move: Protect
|move|p1b: Charizard|Weather Ball|p2a: Wyrdeer
|-damage|p2a: Wyrdeer|21/100
|move|p2a: Wyrdeer|Psyshield Bash|p1a: Sneasler
|-supereffective|p1a: Sneasler|2
|-damage|p1a: Sneasler|0 fnt
|-boost|p2a: Wyrdeer|def|1
|faint|p1a: Sneasler
|
|-weather|none
|-heal|p2a: Wyrdeer|27/100|[from] item: Leftovers
|upkeep
|
|t:|1785158468
|switch|p1a: Garchomp|Garchomp, L50, M|100/100
|turn|7
|
|t:|1785158493
|switch|p2a: Incineroar|Incineroar, L50, F, shiny|49/100
|-enditem|p2a: Incineroar|Sitrus Berry|[eat]
|-heal|p2a: Incineroar|74/100|[from] item: Sitrus Berry
|-ability|p2a: Incineroar|Intimidate|boost
|-unboost|p1a: Garchomp|atk|1
|-unboost|p1b: Charizard|atk|1
|move|p1a: Garchomp|Earthquake|p2a: Incineroar|[spread] p2a,p2b
|-immune|p1b: Charizard
|-supereffective|p2a: Incineroar|1
|-damage|p2a: Incineroar|3/100
|-damage|p2b: Floette|58/100
|-damage|p1a: Garchomp|90/100|[from] item: Life Orb
|move|p2b: Floette|Dazzling Gleam|p1b: Charizard|[spread] p1a,p1b
|-supereffective|p1a: Garchomp|1
|-resisted|p1b: Charizard|1
|-damage|p1a: Garchomp|0 fnt
|-damage|p1b: Charizard|0 fnt
|faint|p1a: Garchomp
|faint|p1b: Charizard
|
|win|jiggyjagga
||glen2 is ready for game 3.
|inactive|jiggyjagga has 30 seconds to confirm battle start!
||jiggyjagga is ready for game 3.
|uhtml|next|Next: Game 3 of 3
|l|☆jiggyjagga
|player|p2|
|j|☆jiggyjagga
|player|p2|jiggyjagga|1|
