|j|☆exessvgc
|j|☆failandimprove3
|html|exessvgcfailandimprove3    
|uhtml|bestof|Game 1 of a best-of-3
|t:|1782257433
|gametype|doubles
|player|p1|exessvgc|lucas|1185
|player|p2|failandimprove3|169|1305
|gen|9
|tier|[Gen 9 Champions] VGC 2026 Reg M-B (Bo3)
|rated|
|rule|Species Clause: Limit one of each Pokémon
|rule|Item Clause: Limit 1 of each item
|clearpoke
|poke|p1|Sceptile, L50, M|
|poke|p1|Rotom-Heat, L50|
|poke|p1|Basculegion, L50, M|
|poke|p1|Aerodactyl, L50, M|
|poke|p1|Garchomp, L50, M|
|poke|p1|Floette-Eternal, L50, F|
|poke|p2|Charizard, L50, F|
|poke|p2|Floette-Eternal, L50, F|
|poke|p2|Whimsicott, L50, F|
|poke|p2|Basculegion, L50, M|
|poke|p2|Incineroar, L50, F|
|poke|p2|Garchomp, L50, F|
|teampreview|4
|showteam|p1|Sceptile||Sceptilite|Overgrow|GrassKnot,DragonPulse,EarthPower,Detect|Modest||M|||50|]Rotom-Heat||ChoiceScarf|Levitate|Thunderbolt,Overheat,VoltSwitch,Discharge|Timid|||||50|]Basculegion||SitrusBerry|Adaptability|WaveCrash,LastRespects,AquaJet,Protect|Adamant||M|||50|]Aerodactyl||FocusSash|Unnerve|RockSlide,DualWingbeat,Tailwind,WideGuard|Jolly||M|||50|]Garchomp||LifeOrb|RoughSkin|DragonClaw,Earthquake,RockSlide,Protect|Jolly||M|||50|]Floette-Eternal||Floettite|FlowerVeil|Moonblast,DazzlingGleam,LightofRuin,Protect|Timid||F|||50|
|showteam|p2|Charizard||CharizarditeY|Blaze|HeatWave,WeatherBall,SolarBeam,Protect|Modest||F|||50|]Floette-Eternal||Floettite|FlowerVeil|Moonblast,DazzlingGleam,LightofRuin,Protect|Timid||F|||50|]Whimsicott||FocusSash|Prankster|Moonblast,Tailwind,Encore,Protect|Timid||F|||50|]Basculegion||MysticWater|Adaptability|WaveCrash,LastRespects,AquaJet,Protect|Adamant||M|||50|]Incineroar||SitrusBerry|Intimidate|FlareBlitz,ThroatChop,PartingShot,FakeOut|Careful||F|||50|]Garchomp||LifeOrb|RoughSkin|Earthquake,RockSlide,DragonClaw,Protect|Jolly||F|||50|
|inactive|Battle timer is ON: inactive players will automatically lose when time's up. (requested by failandimprove3)
|inactive|exessvgc has 60 seconds left.
|inactive|failandimprove3 has 60 seconds left.
|
|t:|1782257477
|teamsize|p1|4
|teamsize|p2|4
|start
|switch|p1a: Aerodactyl|Aerodactyl, L50, M|100/100
|switch|p1b: Basculegion|Basculegion, L50, M|100/100
|switch|p2a: Basculegion|Basculegion, L50, M|100/100
|switch|p2b: Whimsicott|Whimsicott, L50, F|100/100
|-ability|p1a: Aerodactyl|Unnerve
|turn|1
|
|t:|1782257501
|move|p2b: Whimsicott|Protect|p2b: Whimsicott
|-singleturn|p2b: Whimsicott|Protect
|move|p2a: Basculegion|Aqua Jet|p1a: Aerodactyl
|-supereffective|p1a: Aerodactyl|1
|-enditem|p1a: Aerodactyl|Focus Sash
|-damage|p1a: Aerodactyl|1/100
|move|p1a: Aerodactyl|Tailwind|p1a: Aerodactyl
|-sidestart|p1: exessvgc|move: Tailwind
|move|p1b: Basculegion|Last Respects|p2a: Basculegion
|-supereffective|p2a: Basculegion|1
|-crit|p2a: Basculegion
|-damage|p2a: Basculegion|0 fnt
|faint|p2a: Basculegion
|
|upkeep
|
|t:|1782257508
|switch|p2a: Floette|Floette-Eternal, L50, F|100/100
|turn|2
|
|t:|1782257525
|switch|p1a: Rotom|Rotom-Heat, L50|100/100
|detailschange|p2a: Floette|Floette-Mega, L50, F
|-mega|p2a: Floette|Floette|Floettite
|-ability|p2a: Floette|Fairy Aura
|move|p2b: Whimsicott|Tailwind|p2b: Whimsicott
|-sidestart|p2: failandimprove3|move: Tailwind
|move|p2a: Floette|Light of Ruin|p1b: Basculegion
|-damage|p1b: Basculegion|0 fnt
|faint|p1b: Basculegion
|-damage|p2a: Floette|34/100|[from] Recoil
|
|upkeep
|
|t:|1782257538
|switch|p1b: Sceptile|Sceptile, L50, M|100/100
|turn|3
|inactive|exessvgc has 30 seconds left.
|
|t:|1782257565
|switch|p2a: Garchomp|Garchomp, L50, F|100/100
|detailschange|p1b: Sceptile|Sceptile-Mega, L50, M
|-mega|p1b: Sceptile|Sceptile|Sceptilite
|move|p2b: Whimsicott|Protect|p2b: Whimsicott
|-singleturn|p2b: Whimsicott|Protect
|move|p1a: Rotom|Discharge|p2a: Garchomp|[spread] 
|-activate|p2b: Whimsicott|move: Protect
|-ability|p1b: Sceptile|Lightning Rod|boost
|-boost|p1b: Sceptile|spa|1
|-immune|p2a: Garchomp
|move|p1b: Sceptile|Earth Power|p2b: Whimsicott
|-activate|p2b: Whimsicott|move: Protect
|
|upkeep
|turn|4
|inactive|exessvgc has 30 seconds left.
|inactive|failandimprove3 has 30 seconds left.
|
|t:|1782257598
|move|p2b: Whimsicott|Encore|p1b: Sceptile
|-start|p1b: Sceptile|Encore
|move|p1a: Rotom|Discharge|p2a: Garchomp|[spread] p2b
|-ability|p1b: Sceptile|Lightning Rod|boost
|-boost|p1b: Sceptile|spa|1
|-immune|p2a: Garchomp
|-resisted|p2b: Whimsicott|1
|-damage|p2b: Whimsicott|77/100
|-status|p2b: Whimsicott|par
|move|p1b: Sceptile|Earth Power|p2a: Garchomp
|-damage|p2a: Garchomp|21/100
|move|p2a: Garchomp|Rock Slide|p1b: Sceptile|[spread] p1a,p1b
|-supereffective|p1a: Rotom|1
|-damage|p1a: Rotom|32/100
|-damage|p1b: Sceptile|63/100
|-damage|p2a: Garchomp|11/100|[from] item: Life Orb
|
|-sideend|p1: exessvgc|move: Tailwind
|upkeep
|turn|5
|inactive|exessvgc has 30 seconds left.
|inactive|exessvgc has 20 seconds left.
|
|t:|1782257635
|switch|p1a: Aerodactyl|Aerodactyl, L50, M|1/100
|-ability|p1a: Aerodactyl|Unnerve
|move|p2a: Garchomp|Dragon Claw|p1a: Aerodactyl
|-damage|p1a: Aerodactyl|0 fnt
|faint|p1a: Aerodactyl
|-damage|p2a: Garchomp|2/100|[from] item: Life Orb
|move|p1b: Sceptile|Earth Power|p2a: Garchomp
|-damage|p2a: Garchomp|0 fnt
|faint|p2a: Garchomp
|move|p2b: Whimsicott|Moonblast|p1b: Sceptile
|-supereffective|p1b: Sceptile|1
|-damage|p1b: Sceptile|0 fnt
|faint|p1b: Sceptile
|
|-sideend|p2: failandimprove3|move: Tailwind
|upkeep
|
|t:|1782257659
|switch|p1b: Rotom|Rotom-Heat, L50|32/100
|switch|p2a: Floette|Floette-Mega, L50, F|34/100
|-ability|p2a: Floette|Fairy Aura
|turn|6
|
|t:|1782257663
|move|p2b: Whimsicott|Tailwind|p2b: Whimsicott
|-sidestart|p2: failandimprove3|move: Tailwind
|move|p2a: Floette|Moonblast|p1b: Rotom
|-resisted|p1b: Rotom|1
|-damage|p1b: Rotom|0 fnt
|faint|p1b: Rotom
|
|win|failandimprove3
||failandimprove3 is ready for game 2.
|inactive|exessvgc has 30 seconds to confirm battle start!
||exessvgc is ready for game 2.
|uhtml|next|Next: Game 2 of 3
|l|☆exessvgc
|player|p1|
