|j|☆Cage92
|j|☆Dondopogs
|html|Cage92Dondopogs    
|uhtml|bestof|Game 3 of a best-of-3
|t:|1754920322
|gametype|doubles
|player|p1|Cage92|2|1269
|player|p2|Dondopogs|harmony|1195
|gen|9
|tier|[Gen 9] VGC 2025 Reg H (Bo3)
|rated|
|rule|Species Clause: Limit one of each Pokémon
|rule|Item Clause: Limit 1 of each item
|clearpoke
|poke|p1|Annihilape, L50, M|
|poke|p1|Ninetales-Alola, L50, M|
|poke|p1|Ursaluna-Bloodmoon, L50, M|
|poke|p1|Dragonite, L50, F|
|poke|p1|Magmar, L50, M|
|poke|p1|Gholdengo, L50|
|poke|p2|Incineroar, L50, F|
|poke|p2|Amoonguss, L50, F|
|poke|p2|Annihilape, L50, F|
|poke|p2|Ninetales-Alola, L50, F|
|poke|p2|Rillaboom, L50, M|
|poke|p2|Glimmora, L50, M|
|teampreview|4
|showteam|p1|Annihilape||SafetyGoggles|Defiant|DrainPunch,RageFist,BulkUp,Protect|||M|||50|,,,,,Water]Ninetales-Alola||LightClay|SnowWarning|Blizzard,Encore,IcyWind,AuroraVeil|||M|||50|,,,,,Ghost]Ursaluna-Bloodmoon||AssaultVest|MindsEye|BloodMoon,EarthPower,HyperVoice,VacuumWave|||M|||50|,,,,,Water]Dragonite||LoadedDice|Multiscale|ScaleShot,ExtremeSpeed,IceSpinner,Protect|||F|||50|,,,,,Steel]Magmar||Eviolite|FlameBody|Overheat,FollowMe,Protect,ClearSmog|||M|||50|,,,,,Ghost]Gholdengo||MetalCoat|GoodasGold|MakeItRain,ShadowBall,NastyPlot,Protect||||||50|,,,,,Dragon
|showteam|p2|Incineroar||AssaultVest|Intimidate|FakeOut,KnockOff,FlareBlitz,Uturn|||F|||50|,,,,,Ghost]Amoonguss||RockyHelmet|Regenerator|PollenPuff,ClearSmog,RagePowder,Spore|||F|||50|,,,,,Dark]Annihilape||SafetyGoggles|Defiant|RageFist,DrainPunch,BulkUp,Protect|||F|||50|,,,,,Fire]Ninetales-Alola||CovertCloak|SnowWarning|Blizzard,Encore,Moonblast,AuroraVeil|||F|||50|,,,,,Ghost]Rillaboom||MiracleSeed|GrassySurge|Uturn,WoodHammer,GrassyGlide,FakeOut|||M|||50|,,,,,Fire]Glimmora||PowerHerb|ToxicDebris|MeteorBeam,EarthPower,SludgeBomb,SpikyShield|||M|||50|,,,,,Grass
|inactive|Battle timer is ON: inactive players will automatically lose when time's up. (requested by Dondopogs)
|
|t:|1754920342
|teamsize|p1|4
|teamsize|p2|4
|start
|switch|p1a: Magmar|Magmar, L50, M|100/100
|switch|p1b: Gholdengo|Gholdengo, L50|100/100
|switch|p2a: Annihilape|Annihilape, L50, F|100/100
|switch|p2b: Glimmora|Glimmora, L50, M, shiny|100/100
|turn|1
|
|t:|1754920359
|-terastallize|p2a: Annihilape|Fire
|-terastallize|p1b: Gholdengo|Dragon
|move|p1a: Magmar|Protect|p1a: Magmar
|-singleturn|p1a: Magmar|Protect
|move|p2b: Glimmora|Meteor Beam||[still]
|-prepare|p2b: Glimmora|Meteor Beam
|-boost|p2b: Glimmora|spa|1
|-enditem|p2b: Glimmora|Power Herb
|-anim|p2b: Glimmora|Meteor Beam|p1a: Magmar
|-activate|p1a: Magmar|move: Protect
|move|p2a: Annihilape|Bulk Up|p2a: Annihilape
|-boost|p2a: Annihilape|atk|1
|-boost|p2a: Annihilape|def|1
|move|p1b: Gholdengo|Nasty Plot|p1b: Gholdengo
|-boost|p1b: Gholdengo|spa|2
|
|upkeep
|turn|2
|
|t:|1754920382
|move|p2b: Glimmora|Earth Power|p1a: Magmar
|-supereffective|p1a: Magmar
|-damage|p1a: Magmar|26/100
|move|p2a: Annihilape|Drain Punch|p1a: Magmar
|-damage|p1a: Magmar|0 fnt
|faint|p1a: Magmar
|move|p1b: Gholdengo|Make It Rain|p2b: Glimmora|[spread] p2a,p2b
|-resisted|p2a: Annihilape
|-supereffective|p2b: Glimmora
|-damage|p2a: Annihilape|54/100
|-damage|p2b: Glimmora|0 fnt
|-unboost|p1b: Gholdengo|spa|1
|faint|p2b: Glimmora
|
|upkeep
|
|t:|1754920396
|switch|p2b: Incineroar|Incineroar, L50, F, shiny|100/100
|switch|p1a: Ninetales|Ninetales-Alola, L50, M|100/100
|-weather|Snowscape|[from] ability: Snow Warning|[of] p1a: Ninetales
|-ability|p2b: Incineroar|Intimidate|boost
|-unboost|p1a: Ninetales|atk|1
|-unboost|p1b: Gholdengo|atk|1
|turn|3
|inactive|Dondopogs has 30 seconds left.
|inactive|Dondopogs has 20 seconds left.
|inactive|Dondopogs has 15 seconds left.
|inactive|Dondopogs has 10 seconds left.
|
|t:|1754920442
|move|p2b: Incineroar|Fake Out|p1a: Ninetales
|-damage|p1a: Ninetales|92/100
|cant|p1a: Ninetales|flinch
|move|p2a: Annihilape|Drain Punch|p1a: Ninetales
|-damage|p1a: Ninetales|53/100
|-heal|p2a: Annihilape|71/100|[from] drain|[of] p1a: Ninetales
|move|p1b: Gholdengo|Shadow Ball|p2a: Annihilape
|-damage|p2a: Annihilape|22/100
|
|-weather|Snowscape|[upkeep]
|upkeep
|turn|4
|inactive|Cage92 has 30 seconds left.
|
|t:|1754920470
|move|p2a: Annihilape|Protect|p2a: Annihilape
|-singleturn|p2a: Annihilape|Protect
|move|p1b: Gholdengo|Protect|p1b: Gholdengo
|-singleturn|p1b: Gholdengo|Protect
|move|p1a: Ninetales|Encore|p2b: Incineroar
|-start|p2b: Incineroar|Encore
|move|p2b: Incineroar|Fake Out||[still]
|-hint|Fake Out only works on your first turn out.
|-fail|p2b: Incineroar
|
|-weather|Snowscape|[upkeep]
|upkeep
|turn|5
|inactive|Dondopogs has 30 seconds left.
|
|t:|1754920500
|switch|p2b: Rillaboom|Rillaboom, L50, M, shiny|100/100
|-fieldstart|move: Grassy Terrain|[from] ability: Grassy Surge|[of] p2b: Rillaboom
|move|p1a: Ninetales|Icy Wind|p2b: Rillaboom|[spread] p2a,p2b
|-resisted|p2a: Annihilape
|-supereffective|p2b: Rillaboom
|-damage|p2a: Annihilape|17/100
|-damage|p2b: Rillaboom|68/100
|-unboost|p2a: Annihilape|spe|1
|-ability|p2a: Annihilape|Defiant|boost
|-boost|p2a: Annihilape|atk|2
|-unboost|p2b: Rillaboom|spe|1
|move|p1b: Gholdengo|Shadow Ball|p2a: Annihilape
|-damage|p2a: Annihilape|0 fnt
|faint|p2a: Annihilape
|
|-weather|Snowscape|[upkeep]
|-heal|p1a: Ninetales|59/100|[from] Grassy Terrain
|-heal|p2b: Rillaboom|74/100|[from] Grassy Terrain
|upkeep
|
|t:|1754920507
|switch|p2a: Incineroar|Incineroar, L50, F, shiny|100/100
|-ability|p2a: Incineroar|Intimidate|boost
|-unboost|p1a: Ninetales|atk|1
|-unboost|p1b: Gholdengo|atk|1
|turn|6
|
|t:|1754920522
|move|p1a: Ninetales|Blizzard|p2b: Rillaboom|[spread] p2a,p2b
|-resisted|p2a: Incineroar
|-supereffective|p2b: Rillaboom
|-damage|p2a: Incineroar|93/100
|-damage|p2b: Rillaboom|11/100
|move|p1b: Gholdengo|Make It Rain|p2a: Incineroar|[spread] p2a,p2b
|-resisted|p2a: Incineroar
|-damage|p2a: Incineroar|70/100
|-damage|p2b: Rillaboom|0 fnt
|-unboost|p1b: Gholdengo|spa|1
|faint|p2b: Rillaboom
|move|p2a: Incineroar|Knock Off|p1b: Gholdengo
|-damage|p1b: Gholdengo|61/100
|-enditem|p1b: Gholdengo|Metal Coat|[from] move: Knock Off|[of] p2a: Incineroar
|
|-weather|Snowscape|[upkeep]
|-heal|p1a: Ninetales|65/100|[from] Grassy Terrain
|-heal|p1b: Gholdengo|67/100|[from] Grassy Terrain
|-heal|p2a: Incineroar|76/100|[from] Grassy Terrain
|upkeep
|turn|7
|-message|Dondopogs forfeited.
|
|win|Cage92
|raw|Cage92's rating: 1269 → 1289(+20 for winning)
|raw|Dondopogs's rating: 1195 → 1175(-20 for losing)
|l|☆Dondopogs
|player|p2|
