|j|‽battle sim trainer
|j|☆mysteriousmeatman
|html|battle sim trainermysteriousmeatman    
|uhtml|bestof|Game 2 of a best-of-3
|t:|1756214202
|gametype|doubles
|player|p1|battle sim trainer|turo|1046
|player|p2|mysteriousmeatman|266|1019
|gen|9
|tier|[Gen 9] VGC 2025 Reg H (Bo3)
|rated|
|rule|Species Clause: Limit one of each Pokémon
|rule|Item Clause: Limit 1 of each item
|clearpoke
|poke|p1|Ursaluna, L50, F|
|poke|p1|Indeedee-F, L50, F|
|poke|p1|Torkoal, L50, M|
|poke|p1|Gallade, L50, M|
|poke|p1|Annihilape, L50, M|
|poke|p1|Armarouge, L50, M|
|poke|p2|Palafin, L50, F|
|poke|p2|Pelipper, L50, M|
|poke|p2|Incineroar, L50, F|
|poke|p2|Amoonguss, L50, F|
|poke|p2|Gholdengo, L50|
|poke|p2|Dragapult, L50, F|
|teampreview|4
|showteam|p1|Ursaluna||FlameOrb|Guts|Earthquake,Facade,Protect,HeadlongRush|||F|||50|,,,,,Ghost]Indeedee-F||RockyHelmet|PsychicSurge|HelpingHand,TrickRoom,FollowMe,Psychic|||F|||50|,,,,,Steel]Torkoal||Charcoal|Drought|Eruption,WeatherBall,ClearSmog,SolarBeam|||M|||50|,,,,,Fire]Gallade||ClearAmulet|Sharpness|PsychoCut,SacredSword,NightSlash,TrickRoom|||M|||50|,,,,,Fire]Annihilape||ChoiceScarf|Defiant|Taunt,CloseCombat,RageFist,FinalGambit|||M|||50|,,,,,Fighting]Armarouge||PsychicSeed|FlashFire|ExpandingForce,Flamethrower,WideGuard,TrickRoom|||M|||50|,,,,,Grass
|showteam|p2|Palafin||ChoiceScarf|ZerotoHero|FlipTurn,JetPunch,WaveCrash,DrainPunch|||F|||50|,,,,,Grass]Pelipper||EjectButton|Drizzle|HydroPump,Hurricane,Tailwind,Protect|||M|||50|,,,,,Ground]Incineroar||SafetyGoggles|Intimidate|FakeOut,KnockOff,PartingShot,Protect|||F|||50|,,,,,Ghost]Amoonguss||RedCard|Regenerator|SludgeBomb,GigaDrain,PollenPuff,Protect|||F|||50|,,,,,Dark]Gholdengo||MirrorHerb|GoodasGold|Hex,MakeItRain,MetalSound,Protect||||||50|,,,,,Steel]Dragapult||Leftovers|ClearBody|Thunder,DracoMeteor,TeraBlast,Substitute|||F|||50|,,,,,Fairy
|inactive|Battle timer is ON: inactive players will automatically lose when time's up. (requested by mysteriousmeatman)
|j| CornAria
|l| CornAria
|j| Jakub666
|l| Jakub666
|inactive|battle sim trainer has 60 seconds left.
|
|t:|1756214240
|teamsize|p1|4
|teamsize|p2|4
|start
|switch|p1a: Armarouge|Armarouge, L50, M|100/100
|switch|p1b: Indeedee|Indeedee-F, L50, F|100/100
|switch|p2a: Palafin|Palafin, L50, F, shiny|100/100
|switch|p2b: Pelipper|Pelipper, L50, M, shiny|100/100
|-weather|RainDance|[from] ability: Drizzle|[of] p2b: Pelipper
|-fieldstart|move: Psychic Terrain|[from] ability: Psychic Surge|[of] p1b: Indeedee
|-enditem|p1a: Armarouge|Psychic Seed
|-boost|p1a: Armarouge|spd|1|[from] item: Psychic Seed
|turn|1
|inactive|battle sim trainer has 30 seconds left.
|
|t:|1756214270
|-terastallize|p1a: Armarouge|Grass
|move|p2a: Palafin|Flip Turn|p1a: Armarouge
|-resisted|p1a: Armarouge
|-damage|p1a: Armarouge|85/100
|
|t:|1756214276
|detailschange|p2a: Palafin|Palafin-Hero, L50, F, shiny
|switch|p2a: Incineroar|Incineroar, L50, F, shiny|100/100|[from] Flip Turn
|-ability|p2a: Incineroar|Intimidate|boost
|-unboost|p1a: Armarouge|atk|1
|-unboost|p1b: Indeedee|atk|1
|move|p2b: Pelipper|Hurricane|p1a: Armarouge
|-supereffective|p1a: Armarouge
|-damage|p1a: Armarouge|31/100
|move|p1a: Armarouge|Expanding Force|p2a: Incineroar|[spread] p2b
|-immune|p2a: Incineroar
|-damage|p2b: Pelipper|5/100
|-enditem|p2b: Pelipper|Eject Button
|
|t:|1756214288
|switch|p2b: Palafin|Palafin-Hero, L50, F, shiny|100/100
|-activate|p2b: Palafin|ability: Zero to Hero
|move|p1b: Indeedee|Trick Room|p1b: Indeedee
|-fieldstart|move: Trick Room|[of] p1b: Indeedee
|
|-weather|RainDance|[upkeep]
|upkeep
|turn|2
|
|t:|1756214313
|move|p1a: Armarouge|Expanding Force|p2a: Incineroar|[spread] p2b
|-immune|p2a: Incineroar
|-damage|p2b: Palafin|26/100
|move|p2a: Incineroar|Knock Off|p1a: Armarouge
|-damage|p1a: Armarouge|7/100
|move|p1b: Indeedee|Psychic|p2b: Palafin
|-damage|p2b: Palafin|0 fnt
|faint|p2b: Palafin
|
|-weather|RainDance|[upkeep]
|upkeep
|
|t:|1756214329
|switch|p2b: Pelipper|Pelipper, L50, M, shiny|5/100
|turn|3
|
|t:|1756214352
|switch|p1b: Torkoal|Torkoal, L50, M|100/100
|-weather|SunnyDay|[from] ability: Drought|[of] p1b: Torkoal
|move|p2b: Pelipper|Protect|p2b: Pelipper
|-singleturn|p2b: Pelipper|Protect
|move|p1a: Armarouge|Expanding Force|p2b: Pelipper|[spread] 
|-activate|p2b: Pelipper|move: Protect
|-immune|p2a: Incineroar
|move|p2a: Incineroar|Knock Off|p1a: Armarouge
|-damage|p1a: Armarouge|0 fnt
|faint|p1a: Armarouge
|
|-weather|SunnyDay|[upkeep]
|upkeep
|
|t:|1756214372
|switch|p1a: Gallade|Gallade, L50, M|100/100
|turn|4
|
|t:|1756214388
|switch|p2b: Dragapult|Dragapult, L50, F, shiny|100/100
|move|p1b: Torkoal|Eruption|p2a: Incineroar|[spread] p2a,p2b
|-resisted|p2a: Incineroar
|-resisted|p2b: Dragapult
|-damage|p2a: Incineroar|70/100
|-damage|p2b: Dragapult|45/100
|move|p2a: Incineroar|Knock Off|p1b: Torkoal
|-damage|p1b: Torkoal|73/100
|-enditem|p1b: Torkoal|Charcoal|[from] move: Knock Off|[of] p2a: Incineroar
|move|p1a: Gallade|Sacred Sword|p2a: Incineroar
|-supereffective|p2a: Incineroar
|-damage|p2a: Incineroar|0 fnt
|faint|p2a: Incineroar
|
|-weather|SunnyDay|[upkeep]
|-heal|p2b: Dragapult|51/100|[from] item: Leftovers
|upkeep
|
|t:|1756214402
|switch|p2a: Pelipper|Pelipper, L50, M, shiny|5/100
|-weather|RainDance|[from] ability: Drizzle|[of] p2a: Pelipper
|turn|5
|
|t:|1756214424
|move|p2a: Pelipper|Protect|p2a: Pelipper
|-singleturn|p2a: Pelipper|Protect
|move|p1b: Torkoal|Weather Ball|p2a: Pelipper
|-activate|p2a: Pelipper|move: Protect
|move|p1a: Gallade|Psycho Cut|p2b: Dragapult
|-damage|p2b: Dragapult|0 fnt
|faint|p2b: Dragapult
|
|-weather|RainDance|[upkeep]
|-fieldend|move: Trick Room
|-fieldend|move: Psychic Terrain
|upkeep
|turn|6
|
|t:|1756214444
|move|p2a: Pelipper|Hurricane|p1a: Gallade
|-supereffective|p1a: Gallade
|-damage|p1a: Gallade|44/100
|move|p1b: Torkoal|Weather Ball|p2a: Pelipper
|-resisted|p2a: Pelipper
|-damage|p2a: Pelipper|0 fnt
|faint|p2a: Pelipper
|
|win|battle sim trainer
|raw|battle sim trainer's rating: 1046 → 1077(+31 for winning)
|raw|mysteriousmeatman's rating: 1019 → 1007(-12 for losing)
|l|☆mysteriousmeatman
|player|p2|
