|j|☆25th_mang
|j|☆aswin505
|html|25th_mangaswin505    
|uhtml|bestof|Game 3 of a best-of-3
|t:|1784877615
|gametype|doubles
|player|p1|25th_mang|ballguy|1300
|player|p2|aswin505|170|1100
|gen|9
|tier|[Gen 9 Champions] VGC 2026 Reg M-B (Bo3)
|rated|
|rule|Species Clause: Limit one of each Pokémon
|rule|Item Clause: Limit 1 of each item
|clearpoke
|poke|p1|Chandelure, L50, M|
|poke|p1|Garchomp, L50, M|
|poke|p1|Kingambit, L50, M|
|poke|p1|Tsareena, L50, F|
|poke|p1|Whimsicott, L50, F|
|poke|p1|Staraptor, L50, M|
|poke|p2|Sableye, L50, F|
|poke|p2|Sneasler, L50, M|
|poke|p2|Maushold, L50|
|poke|p2|Delphox, L50, F|
|poke|p2|Garchomp, L50, F|
|poke|p2|Corviknight, L50, F|
|teampreview|4
|showteam|p1|Chandelure||Chandelurite|FlashFire|HeatWave,ShadowBall,TrickRoom,Protect|Modest||M|||50|]Garchomp||LifeOrb|RoughSkin|StompingTantrum,DragonClaw,RockSlide,Protect|Jolly||M|||50|]Kingambit||ChopleBerry|Defiant|IronHead,SuckerPunch,LowKick,Protect|Adamant||M|||50|]Tsareena||WideLens|QueenlyMajesty|PowerWhip,TripleAxel,HelpingHand,Protect|Adamant||F|||50|]Whimsicott||FocusSash|Prankster|Moonblast,Tailwind,Encore,SunnyDay|Modest||F|||50|]Staraptor||ChoiceScarf|Reckless|FinalGambit,BraveBird,Uturn,CloseCombat|Jolly||M|||50|
|showteam|p2|Sableye||LightClay|Prankster|FoulPlay,Swagger,LightScreen,Reflect|Impish||F|||50|]Sneasler||LumBerry|Unburden|DireClaw,CloseCombat,Protect,FakeOut|Adamant||M|||50|]Maushold||WideLens|Technician|PopulationBomb,Bite,Protect,FollowMe|Jolly|||||50|]Delphox||Delphoxite|Blaze|HeatWave,Psyshock,Protect,Encore|Timid||F|||50|]Garchomp||LifeOrb|RoughSkin|Earthquake,DragonClaw,RockSlide,Protect|Jolly||F|||50|]Corviknight||Leftovers|MirrorArmor|IronHead,BraveBird,Roost,Tailwind|Impish||F|||50|
|inactive|Battle timer is ON: inactive players will automatically lose when time's up. (requested by 25th_mang)
|inactive|25th_mang has 60 seconds left.
|inactive|25th_mang has 30 seconds left.
|
|t:|1784877677
|teamsize|p1|4
|teamsize|p2|4
|start
|switch|p1a: Whimsicott|Whimsicott, L50, F|100/100
|switch|p1b: Staraptor|Staraptor, L50, M|100/100
|switch|p2a: Sableye|Sableye, L50, F|100/100
|switch|p2b: Sneasler|Sneasler, L50, M|100/100
|turn|1
|inactive|25th_mang has 30 seconds left.
|
|t:|1784877703
|switch|p1a: Tsareena|Tsareena, L50, F|100/100
|move|p2a: Sableye|Swagger|p2b: Sneasler
|-boost|p2b: Sneasler|atk|2
|-start|p2b: Sneasler|confusion
|-enditem|p2b: Sneasler|Lum Berry|[eat]
|-end|p2b: Sneasler|confusion
|move|p2b: Sneasler|Close Combat|p1b: Staraptor
|-damage|p1b: Staraptor|0 fnt
|-unboost|p2b: Sneasler|def|1
|-unboost|p2b: Sneasler|spd|1
|faint|p1b: Staraptor
|
|upkeep
|
|t:|1784877719
|switch|p1b: Whimsicott|Whimsicott, L50, F|100/100
|turn|2
|
|t:|1784877741
|switch|p1a: Chandelure|Chandelure, L50, M|100/100
|move|p1b: Whimsicott|Encore|p2b: Sneasler
|-start|p2b: Sneasler|Encore
|move|p2a: Sableye|Light Screen|p2a: Sableye
|-sidestart|p2: aswin505|move: Light Screen
|move|p2b: Sneasler|Close Combat|p1a: Chandelure
|-immune|p1a: Chandelure
|
|upkeep
|turn|3
|
|t:|1784877763
|detailschange|p1a: Chandelure|Chandelure-Mega, L50, M
|-mega|p1a: Chandelure|Chandelure|Chandelurite
|move|p1b: Whimsicott|Sunny Day|p1b: Whimsicott
|-weather|SunnyDay
|move|p2b: Sneasler|Close Combat|p1b: Whimsicott
|-resisted|p1b: Whimsicott|1
|-enditem|p1b: Whimsicott|Focus Sash
|-damage|p1b: Whimsicott|1/100
|-unboost|p2b: Sneasler|def|1
|-unboost|p2b: Sneasler|spd|1
|move|p1a: Chandelure|Heat Wave|p2a: Sableye|[spread] p2a,p2b
|-damage|p2a: Sableye|0 fnt
|-damage|p2b: Sneasler|0 fnt
|faint|p2a: Sableye
|faint|p2b: Sneasler
|
|-weather|SunnyDay|[upkeep]
|upkeep
|
|t:|1784877776
|switch|p2b: Corviknight|Corviknight, L50, F|100/100
|switch|p2a: Delphox|Delphox, L50, F|100/100
|turn|4
|
|t:|1784877793
|detailschange|p2a: Delphox|Delphox-Mega, L50, F
|-mega|p2a: Delphox|Delphox|Delphoxite
|move|p1b: Whimsicott|Tailwind|p1b: Whimsicott
|-sidestart|p1: 25th_mang|move: Tailwind
|move|p1a: Chandelure|Heat Wave|p2b: Corviknight|[spread] p2a,p2b
|-resisted|p2a: Delphox|1
|-supereffective|p2b: Corviknight|1
|-damage|p2a: Delphox|67/100
|-damage|p2b: Corviknight|0 fnt
|faint|p2b: Corviknight
|move|p2a: Delphox|Heat Wave|p1a: Chandelure|[spread] p1a,p1b
|-resisted|p1a: Chandelure|1
|-supereffective|p1b: Whimsicott|1
|-damage|p1a: Chandelure|69/100
|-damage|p1b: Whimsicott|0 fnt
|faint|p1b: Whimsicott
|
|-weather|SunnyDay|[upkeep]
|upkeep
|
|t:|1784877804
|switch|p1b: Tsareena|Tsareena, L50, F|100/100
|turn|5
|
|t:|1784877812
|move|p1b: Tsareena|Helping Hand|p1a: Chandelure
|-singleturn|p1a: Chandelure|Helping Hand|[of] p1b: Tsareena
|move|p1a: Chandelure|Shadow Ball|p2a: Delphox
|-supereffective|p2a: Delphox|1
|-damage|p2a: Delphox|0 fnt
|faint|p2a: Delphox
|
|win|25th_mang
|raw|25th_mang's rating: 1300 → 1312(+12 for winning)
|raw|aswin505's rating: 1100 → 1088(-12 for losing)
|l|☆aswin505
|player|p2|
|l|☆25th_mang
|player|p1|
|j|☆25th_mang
|player|p1|25th_mang|ballguy|
|l|☆25th_mang
|player|p1|
|j|☆25th_mang
|player|p1|25th_mang|ballguy|
