|j|☆mysteriousmeatman
|j|☆jagheter
|html|mysteriousmeatmanjagheter    
|uhtml|bestof|Game 2 of a best-of-3
|t:|1756399146
|gametype|doubles
|player|p1|mysteriousmeatman|infielder|1028
|player|p2|jagheter|worker|1051
|gen|9
|tier|[Gen 9] VGC 2025 Reg H (Bo3)
|rated|
|rule|Species Clause: Limit one of each Pokémon
|rule|Item Clause: Limit 1 of each item
|clearpoke
|poke|p1|Palafin, L50, F|
|poke|p1|Goodra-Hisui, L50, M|
|poke|p1|Politoed, L50, F|
|poke|p1|Incineroar, L50, F|
|poke|p1|Gothitelle, L50, F|
|poke|p1|Overqwil, L50, F|
|poke|p2|Venusaur, L50, F|
|poke|p2|Volcarona, L50, F|
|poke|p2|Incineroar, L50, M|
|poke|p2|Grimmsnarl, L50, M|
|poke|p2|Dondozo, L50, M|
|poke|p2|Rillaboom, L50, F|
|teampreview|4
|showteam|p1|Palafin||PunchingGlove|ZerotoHero|FlipTurn,JetPunch,DrainPunch,Protect|||F|||50|,,,,,Water]Goodra-Hisui||RockyHelmet|ShellArmor|DracoMeteor,LifeDew,TearfulLook,Protect|||M|||50|,,,,,Steel]Politoed||Leftovers|Drizzle|HydroPump,IcyWind,PerishSong,Protect|||F|||50|,,,,,Ghost]Incineroar||SafetyGoggles|Intimidate|FakeOut,KnockOff,PartingShot,Protect|||F|||50|,,,,,Ghost]Gothitelle||SitrusBerry|ShadowTag|FakeOut,Psychic,TrickRoom,Protect|||F|||50|,,,,,Dark]Overqwil||ClearAmulet|SwiftSwim|Crunch,PoisonJab,Liquidation,Protect|||F|||50|,,,,,Ground
|showteam|p2|Venusaur||WideLens|Chlorophyll|SleepPowder,Protect,SludgeBomb,EarthPower|||F|||50|,,,,,Ghost]Volcarona||CovertCloak|FlameBody|FieryDance,GigaDrain,QuiverDance,Protect|||F|||50|,,,,,Dragon]Incineroar||MirrorHerb|Intimidate|FakeOut,KnockOff,Taunt,FlareBlitz|||M|||50|,,,,,Ghost]Grimmsnarl||BlackGlasses|Prankster|Reflect,LightScreen,SpiritBreak,SuckerPunch|||M|||50|,,,,,Dark]Dondozo||Leftovers|Unaware|Fissure,Protect,Liquidation,Yawn|||M|||50|,,,,,Ghost]Rillaboom||AssaultVest|GrassySurge|FakeOut,WoodHammer,GrassyGlide,Uturn|||F|||50|,,,,,Fire
|inactive|Battle timer is ON: inactive players will automatically lose when time's up. (requested by mysteriousmeatman)
|inactive|jagheter has 60 seconds left.
|
|t:|1756399187
|teamsize|p1|4
|teamsize|p2|4
|start
|switch|p1a: Incineroar|Incineroar, L50, F, shiny|100/100
|switch|p1b: Politoed|Politoed, L50, F, shiny|100/100
|switch|p2a: Venusaur|Venusaur, L50, F, shiny|100/100
|switch|p2b: Rillaboom|Rillaboom, L50, F, shiny|100/100
|-fieldstart|move: Grassy Terrain|[from] ability: Grassy Surge|[of] p2b: Rillaboom
|-weather|RainDance|[from] ability: Drizzle|[of] p1b: Politoed
|-ability|p1a: Incineroar|Intimidate|boost
|-unboost|p2a: Venusaur|atk|1
|-unboost|p2b: Rillaboom|atk|1
|turn|1
|
|t:|1756399203
|-terastallize|p2a: Venusaur|Ghost
|move|p1b: Politoed|Protect|p1b: Politoed
|-singleturn|p1b: Politoed|Protect
|move|p1a: Incineroar|Protect|p1a: Incineroar
|-singleturn|p1a: Incineroar|Protect
|move|p2b: Rillaboom|Fake Out|p1a: Incineroar
|-activate|p1a: Incineroar|move: Protect
|move|p2a: Venusaur|Sleep Powder|p1b: Politoed
|-activate|p1b: Politoed|move: Protect
|
|-weather|RainDance|[upkeep]
|upkeep
|turn|2
|inactive|mysteriousmeatman has 30 seconds left.
|
|t:|1756399231
|switch|p1b: Overqwil|Overqwil, L50, F, shiny|100/100
|move|p2a: Venusaur|Sleep Powder|p1b: Overqwil
|-status|p1b: Overqwil|slp|[from] move: Sleep Powder
|move|p2b: Rillaboom|Wood Hammer|p1b: Overqwil
|-resisted|p1b: Overqwil
|-damage|p1b: Overqwil|69/100 slp
|-damage|p2b: Rillaboom|92/100|[from] Recoil
|move|p1a: Incineroar|Knock Off|p2a: Venusaur
|-supereffective|p2a: Venusaur
|-damage|p2a: Venusaur|12/100
|-enditem|p2a: Venusaur|Wide Lens|[from] move: Knock Off|[of] p1a: Incineroar
|
|-weather|RainDance|[upkeep]
|-heal|p1b: Overqwil|75/100 slp|[from] Grassy Terrain
|-heal|p2a: Venusaur|18/100|[from] Grassy Terrain
|-heal|p2b: Rillaboom|98/100|[from] Grassy Terrain
|upkeep
|turn|3
|
|t:|1756399252
|cant|p1b: Overqwil|slp
|move|p2a: Venusaur|Earth Power|p1b: Overqwil
|-supereffective|p1b: Overqwil
|-damage|p1b: Overqwil|7/100 slp
|move|p2b: Rillaboom|U-turn|p1b: Overqwil
|-damage|p1b: Overqwil|0 fnt
|faint|p1b: Overqwil
|
|t:|1756399264
|switch|p2b: Grimmsnarl|Grimmsnarl, L50, M, shiny|100/100|[from] U-turn
|move|p1a: Incineroar|Parting Shot|p2b: Grimmsnarl
|-unboost|p2b: Grimmsnarl|atk|1
|-unboost|p2b: Grimmsnarl|spa|1
|
|t:|1756399287
|switch|p1a: Gothitelle|Gothitelle, L50, F, shiny|100/100|[from] Parting Shot
|
|-weather|RainDance|[upkeep]
|-heal|p2a: Venusaur|24/100|[from] Grassy Terrain
|upkeep
|
|t:|1756399290
|switch|p1b: Incineroar|Incineroar, L50, F, shiny|100/100
|-ability|p1b: Incineroar|Intimidate|boost
|-unboost|p2a: Venusaur|atk|1
|-unboost|p2b: Grimmsnarl|atk|1
|turn|4
|
|t:|1756399309
|move|p2a: Venusaur|Protect|p2a: Venusaur
|-singleturn|p2a: Venusaur|Protect
|move|p2b: Grimmsnarl|Spirit Break|p1a: Gothitelle
|-damage|p1a: Gothitelle|78/100
|-unboost|p1a: Gothitelle|spa|1
|move|p1b: Incineroar|Knock Off|p2a: Venusaur
|-activate|p2a: Venusaur|move: Protect
|move|p1a: Gothitelle|Trick Room|p1a: Gothitelle
|-fieldstart|move: Trick Room|[of] p1a: Gothitelle
|
|-weather|RainDance|[upkeep]
|-heal|p1a: Gothitelle|85/100|[from] Grassy Terrain
|-heal|p2a: Venusaur|30/100|[from] Grassy Terrain
|upkeep
|turn|5
|
|t:|1756399328
|switch|p1a: Politoed|Politoed, L50, F, shiny|100/100
|switch|p2a: Volcarona|Volcarona, L50, F, shiny|100/100
|move|p1b: Incineroar|Knock Off|p2a: Volcarona
|-damage|p2a: Volcarona|61/100
|-enditem|p2a: Volcarona|Covert Cloak|[from] move: Knock Off|[of] p1b: Incineroar
|move|p2b: Grimmsnarl|Spirit Break|p1a: Politoed
|-damage|p1a: Politoed|80/100
|-unboost|p1a: Politoed|spa|1
|
|-weather|none
|-heal|p1a: Politoed|86/100|[from] Grassy Terrain
|-heal|p1a: Politoed|92/100|[from] item: Leftovers
|-heal|p2a: Volcarona|67/100|[from] Grassy Terrain
|-fieldend|move: Grassy Terrain
|upkeep
|turn|6
|
|t:|1756399351
|-terastallize|p1a: Politoed|Ghost
|move|p2b: Grimmsnarl|Reflect|p2b: Grimmsnarl
|-sidestart|p2: jagheter|Reflect
|move|p1b: Incineroar|Parting Shot|p2a: Volcarona
|-unboost|p2a: Volcarona|atk|1
|-unboost|p2a: Volcarona|spa|1
|
|t:|1756399357
|switch|p1b: Gothitelle|Gothitelle, L50, F, shiny|85/100|[from] Parting Shot
|move|p1a: Politoed|Perish Song|p1a: Politoed
|-start|p1a: Politoed|perish3|[silent]
|-start|p1b: Gothitelle|perish3|[silent]
|-start|p2a: Volcarona|perish3|[silent]
|-start|p2b: Grimmsnarl|perish3|[silent]
|-fieldactivate|move: Perish Song
|move|p2a: Volcarona|Giga Drain|p1a: Politoed
|-damage|p1a: Politoed|82/100
|-heal|p2a: Volcarona|73/100|[from] drain|[of] p1a: Politoed
|
|-heal|p1a: Politoed|88/100|[from] item: Leftovers
|-start|p1b: Gothitelle|perish3
|-start|p2b: Grimmsnarl|perish3
|-start|p1a: Politoed|perish3
|-start|p2a: Volcarona|perish3
|upkeep
|turn|7
|
|t:|1756399377
|move|p1b: Gothitelle|Fake Out|p2a: Volcarona
|-damage|p2a: Volcarona|68/100
|move|p2b: Grimmsnarl|Spirit Break|p1b: Gothitelle
|-damage|p1b: Gothitelle|64/100
|-unboost|p1b: Gothitelle|spa|1
|move|p1a: Politoed|Icy Wind|p2a: Volcarona|[spread] p2a,p2b
|-resisted|p2a: Volcarona
|-damage|p2a: Volcarona|66/100
|-damage|p2b: Grimmsnarl|93/100
|-unboost|p2a: Volcarona|spe|1
|-unboost|p2b: Grimmsnarl|spe|1
|cant|p2a: Volcarona|flinch
|
|-heal|p1a: Politoed|94/100|[from] item: Leftovers
|-start|p2b: Grimmsnarl|perish2
|-start|p1b: Gothitelle|perish2
|-start|p2a: Volcarona|perish2
|-start|p1a: Politoed|perish2
|upkeep
|turn|8
|
|t:|1756399393
|switch|p1a: Incineroar|Incineroar, L50, F, shiny|100/100
|-ability|p1a: Incineroar|Intimidate|boost
|-unboost|p2a: Volcarona|atk|1
|-unboost|p2b: Grimmsnarl|atk|1
|move|p1b: Gothitelle|Protect|p1b: Gothitelle
|-singleturn|p1b: Gothitelle|Protect
|move|p2b: Grimmsnarl|Spirit Break|p1b: Gothitelle
|-activate|p1b: Gothitelle|move: Protect
|move|p2a: Volcarona|Fiery Dance|p1b: Gothitelle
|-activate|p1b: Gothitelle|move: Protect
|
|-start|p2b: Grimmsnarl|perish1
|-start|p1b: Gothitelle|perish1
|-start|p2a: Volcarona|perish1
|-fieldend|move: Trick Room
|upkeep
|turn|9
|inactive|mysteriousmeatman has 30 seconds left.
|
|t:|1756399420
|switch|p1b: Politoed|Politoed, L50, F, shiny, tera:Ghost|94/100
|-weather|RainDance|[from] ability: Drizzle|[of] p1b: Politoed
|move|p1a: Incineroar|Fake Out|p2a: Volcarona
|-crit|p2a: Volcarona
|-damage|p2a: Volcarona|49/100
|cant|p2a: Volcarona|flinch
|move|p2b: Grimmsnarl|Spirit Break|p1b: Politoed
|-damage|p1b: Politoed|77/100
|-unboost|p1b: Politoed|spa|1
|
|-weather|RainDance|[upkeep]
|-heal|p1b: Politoed|83/100|[from] item: Leftovers
|-start|p2a: Volcarona|perish0
|-start|p2b: Grimmsnarl|perish0
|faint|p2a: Volcarona
|faint|p2b: Grimmsnarl
|upkeep
|
|t:|1756399430
|switch|p2a: Venusaur|Venusaur, L50, F, shiny, tera:Ghost|30/100
|switch|p2b: Rillaboom|Rillaboom, L50, F, shiny|98/100
|-fieldstart|move: Grassy Terrain|[from] ability: Grassy Surge|[of] p2b: Rillaboom
|turn|10
|
|t:|1756399443
|move|p1b: Politoed|Protect|p1b: Politoed
|-singleturn|p1b: Politoed|Protect
|move|p1a: Incineroar|Protect|p1a: Incineroar
|-singleturn|p1a: Incineroar|Protect
|move|p2b: Rillaboom|Fake Out|p1a: Incineroar
|-activate|p1a: Incineroar|move: Protect
|move|p2a: Venusaur|Sleep Powder|p1b: Politoed
|-activate|p1b: Politoed|move: Protect
|
|-weather|RainDance|[upkeep]
|-heal|p2a: Venusaur|36/100|[from] Grassy Terrain
|-heal|p2b: Rillaboom|100/100|[from] Grassy Terrain
|-heal|p1b: Politoed|89/100|[from] Grassy Terrain
|-heal|p1b: Politoed|95/100|[from] item: Leftovers
|-sideend|p2: jagheter|Reflect
|upkeep
|turn|11
|
|t:|1756399455
|move|p2a: Venusaur|Sludge Bomb|p1b: Politoed
|-resisted|p1b: Politoed
|-damage|p1b: Politoed|85/100
|-status|p1b: Politoed|psn
|move|p2b: Rillaboom|Wood Hammer|p1b: Politoed
|-damage|p1b: Politoed|0 fnt
|faint|p1b: Politoed
|-damage|p2b: Rillaboom|74/100|[from] Recoil
|move|p1a: Incineroar|Knock Off|p2a: Venusaur
|-supereffective|p2a: Venusaur
|-damage|p2a: Venusaur|0 fnt
|faint|p2a: Venusaur
|
|-weather|RainDance|[upkeep]
|-heal|p2b: Rillaboom|80/100|[from] Grassy Terrain
|upkeep
|
|t:|1756399465
|switch|p1b: Gothitelle|Gothitelle, L50, F, shiny|64/100
|turn|12
|
|t:|1756399469
|move|p1b: Gothitelle|Fake Out|p2b: Rillaboom
|-damage|p2b: Rillaboom|74/100
|cant|p2b: Rillaboom|flinch
|move|p1a: Incineroar|Parting Shot|p2b: Rillaboom
|-unboost|p2b: Rillaboom|atk|1
|-unboost|p2b: Rillaboom|spa|1
|
|-weather|RainDance|[upkeep]
|-heal|p2b: Rillaboom|80/100|[from] Grassy Terrain
|-heal|p1b: Gothitelle|71/100|[from] Grassy Terrain
|upkeep
|turn|13
|
|t:|1756399483
|move|p2b: Rillaboom|Wood Hammer|p1b: Gothitelle
|-damage|p1b: Gothitelle|17/100
|-enditem|p1b: Gothitelle|Sitrus Berry|[eat]
|-heal|p1b: Gothitelle|42/100|[from] item: Sitrus Berry
|-damage|p2b: Rillaboom|65/100|[from] Recoil
|move|p1a: Incineroar|Knock Off|p2b: Rillaboom
|-damage|p2b: Rillaboom|31/100
|-enditem|p2b: Rillaboom|Assault Vest|[from] move: Knock Off|[of] p1a: Incineroar
|move|p1b: Gothitelle|Psychic|p2b: Rillaboom
|-damage|p2b: Rillaboom|2/100
|
|-weather|none
|-heal|p2b: Rillaboom|8/100|[from] Grassy Terrain
|-heal|p1b: Gothitelle|49/100|[from] Grassy Terrain
|upkeep
|turn|14
|c|☆mysteriousmeatman|gg
|inactive|jagheter has 30 seconds left.
|inactive|jagheter has 20 seconds left.
|inactive|jagheter has 15 seconds left.
|
|t:|1756399524
|move|p1b: Gothitelle|Protect|p1b: Gothitelle
|-singleturn|p1b: Gothitelle|Protect
|move|p2b: Rillaboom|U-turn|p1b: Gothitelle
|-activate|p1b: Gothitelle|move: Protect
|move|p1a: Incineroar|Knock Off|p2b: Rillaboom
|-damage|p2b: Rillaboom|0 fnt
|faint|p2b: Rillaboom
|
|win|mysteriousmeatman
|raw|mysteriousmeatman's rating: 1028 → 1066(+38 for winning)
|raw|jagheter's rating: 1051 → 1032(-19 for losing)
|l|☆mysteriousmeatman
|player|p1|
