|j|☆MuseigenTest
|j|☆McDood
|html|MuseigenTestMcDood    
|uhtml|bestof|Game 2 of a best-of-3
|t:|1782530996
|gametype|doubles
|player|p1|MuseigenTest|102|1159
|player|p2|McDood|1|1000
|gen|9
|tier|[Gen 9 Champions] VGC 2026 Reg M-B (Bo3)
|rated|
|rule|Species Clause: Limit one of each Pokémon
|rule|Item Clause: Limit 1 of each item
|clearpoke
|poke|p1|Sneasler, L50, F|
|poke|p1|Floette-Eternal, L50, F|
|poke|p1|Sinistcha, L50|
|poke|p1|Kingambit, L50, M|
|poke|p1|Delphox, L50, M, shiny|
|poke|p1|Incineroar, L50, M|
|poke|p2|Sceptile, L50, M|
|poke|p2|Whimsicott, L50, M, shiny|
|poke|p2|Heliolisk, L50, M|
|poke|p2|Infernape, L50, M|
|poke|p2|Liepard, L50, F|
|poke|p2|Dragapult, L50, F|
|teampreview|4
|showteam|p1|Sneasler||FocusSash|PoisonTouch|DireClaw,CloseCombat,FakeOut,Protect|Jolly||F|||50|]Floette-Eternal||Floettite|FlowerVeil|DazzlingGleam,DrainingKiss,CalmMind,Protect|Timid||F|||50|]Sinistcha||KasibBerry|Hospitality|MatchaGotcha,RagePowder,TrickRoom,Protect|Bold|||||50|]Kingambit||BlackGlasses|Defiant|KowtowCleave,SuckerPunch,SwordsDance,Protect|Adamant||M|||50|]Delphox||Delphoxite|Blaze|HeatWave,Psyshock,NastyPlot,Protect|Timid||M|||50|]Incineroar||SitrusBerry|Intimidate|FlareBlitz,ThroatChop,PartingShot,FakeOut|Careful||M|||50|
|showteam|p2|Sceptile||Sceptilite|Overgrow|CrossPoison,SolarBlade,Detect,RockSlide|Jolly||M|||50|]Whimsicott||FocusSash|Prankster|Tailwind,Protect,DazzlingGleam,SunnyDay|Bold||M|||50|]Heliolisk||Magnet|SolarPower|Surf,Discharge,HyperVoice,WeatherBall|Timid||M|||50|]Infernape||Charcoal|Blaze|ScorchingSands,NastyPlot,HeatWave,Endure|Timid||M|||50|]Liepard||MentalHerb|Prankster|Swagger,ThunderWave,FakeOut,FakeTears|Careful||F|||50|]Dragapult||ChoiceScarf|ClearBody|Uturn,DragonCheer,PhantomForce,DragonDarts|Jolly||F|||50|
|inactive|Battle timer is ON: inactive players will automatically lose when time's up. (requested by MuseigenTest)
|inactive|MuseigenTest has 60 seconds left.
|inactive|MuseigenTest has 30 seconds left.
|inactive|MuseigenTest has 20 seconds left.
|
|t:|1782531068
|teamsize|p1|4
|teamsize|p2|4
|start
|switch|p1a: Floette|Floette-Eternal, L50, F|100/100
|switch|p1b: Incineroar|Incineroar, L50, M|100/100
|switch|p2a: Scott|Whimsicott, L50, M, shiny|100/100
|switch|p2b: Benimaru|Infernape, L50, M|100/100
|-ability|p1b: Incineroar|Intimidate|boost
|-unboost|p2a: Scott|atk|1
|-unboost|p2b: Benimaru|atk|1
|turn|1
|
|t:|1782531091
|switch|p2b: Zeo|Heliolisk, L50, M|100/100
|detailschange|p1a: Floette|Floette-Mega, L50, F
|-mega|p1a: Floette|Floette|Floettite
|-ability|p1a: Floette|Fairy Aura
|move|p1b: Incineroar|Fake Out|p2b: Zeo
|-damage|p2b: Zeo|74/100
|move|p2a: Scott|Tailwind|p2a: Scott
|-sidestart|p2: McDood|move: Tailwind
|move|p1a: Floette|Calm Mind|p1a: Floette
|-boost|p1a: Floette|spa|1
|-boost|p1a: Floette|spd|1
|
|upkeep
|turn|2
|
|t:|1782531107
|move|p2a: Scott|Sunny Day|p2a: Scott
|-weather|SunnyDay
|move|p2b: Zeo|Discharge|p1a: Floette|[spread] p2a,p1a,p1b
|-resisted|p2a: Scott|1
|-damage|p2a: Scott|67/100
|-damage|p1a: Floette|70/100
|-damage|p1b: Incineroar|62/100
|-status|p2a: Scott|par
|-status|p1a: Floette|par
|move|p1b: Incineroar|Flare Blitz|p2a: Scott
|-supereffective|p2a: Scott|1
|-damage|p2a: Scott|0 fnt
|faint|p2a: Scott
|-damage|p1b: Incineroar|44/100|[from] Recoil
|-enditem|p1b: Incineroar|Sitrus Berry|[eat]
|-heal|p1b: Incineroar|69/100|[from] item: Sitrus Berry
|move|p1a: Floette|Dazzling Gleam|p2b: Zeo
|-damage|p2b: Zeo|0 fnt
|faint|p2b: Zeo
|
|-weather|SunnyDay|[upkeep]
|upkeep
|
|t:|1782531115
|switch|p2b: Sohei|Sceptile, L50, M|100/100
|switch|p2a: Benimaru|Infernape, L50, M|100/100
|turn|3
|
|t:|1782531133
|detailschange|p2b: Sohei|Sceptile-Mega, L50, M
|-mega|p2b: Sohei|Sceptile|Sceptilite
|move|p2a: Benimaru|Endure|p2a: Benimaru
|-singleturn|p2a: Benimaru|move: Endure
|cant|p1a: Floette|par
|move|p2b: Sohei|Cross Poison|p1a: Floette
|-supereffective|p1a: Floette|1
|-damage|p1a: Floette|26/100 par
|move|p1b: Incineroar|Parting Shot|p2b: Sohei
|-unboost|p2b: Sohei|atk|1
|-unboost|p2b: Sohei|spa|1
|
|t:|1782531144
|switch|p1b: Sinistcha|Sinistcha, L50|100/100|[from] Parting Shot
|-heal|p1a: Floette|50/100g par|[from] ability: Hospitality|[of] p1b: Sinistcha
|
|-weather|SunnyDay|[upkeep]
|upkeep
|turn|4
|inactive|MuseigenTest has 30 seconds left.
|
|t:|1782531179
|switch|p1b: Incineroar|Incineroar, L50, M|69/100
|-ability|p1b: Incineroar|Intimidate|boost
|-unboost|p2a: Benimaru|atk|1
|-unboost|p2b: Sohei|atk|1
|move|p1a: Floette|Protect|p1a: Floette
|-singleturn|p1a: Floette|Protect
|move|p2b: Sohei|Cross Poison|p1a: Floette
|-activate|p1a: Floette|move: Protect
|move|p2a: Benimaru|Heat Wave|p1a: Floette|[spread] p1b
|-activate|p1a: Floette|move: Protect
|-resisted|p1b: Incineroar|1
|-damage|p1b: Incineroar|46/100
|
|-weather|SunnyDay|[upkeep]
|-sideend|p2: McDood|move: Tailwind
|upkeep
|turn|5
|inactive|MuseigenTest has 30 seconds left.
|inactive|McDood has 30 seconds left.
|inactive|McDood has 20 seconds left.
|inactive|McDood has 15 seconds left.
|
|t:|1782531221
|move|p2a: Benimaru|Endure|p2a: Benimaru
|-singleturn|p2a: Benimaru|move: Endure
|move|p1b: Incineroar|Fake Out|p2a: Benimaru
|-damage|p2a: Benimaru|84/100
|move|p2b: Sohei|Cross Poison|p1a: Floette
|-supereffective|p1a: Floette|1
|-damage|p1a: Floette|26/100 par
|cant|p1a: Floette|par
|
|-weather|SunnyDay|[upkeep]
|upkeep
|turn|6
|
|t:|1782531246
|switch|p1b: Sinistcha|Sinistcha, L50|100/100
|-heal|p1a: Floette|50/100g par|[from] ability: Hospitality|[of] p1b: Sinistcha
|cant|p1a: Floette|par
|move|p2b: Sohei|Cross Poison|p1a: Floette
|-supereffective|p1a: Floette|1
|-crit|p1a: Floette
|-damage|p1a: Floette|0 fnt
|faint|p1a: Floette
|move|p2a: Benimaru|Scorching Sands|p1b: Sinistcha
|-resisted|p1b: Sinistcha|1
|-damage|p1b: Sinistcha|89/100
|
|-weather|none
|upkeep
|
|t:|1782531264
|switch|p1a: Sneasler|Sneasler, L50, F|100/100
|turn|7
|
|t:|1782531274
|switch|p1b: Incineroar|Incineroar, L50, M|46/100
|-ability|p1b: Incineroar|Intimidate|boost
|-unboost|p2a: Benimaru|atk|1
|-unboost|p2b: Sohei|atk|1
|move|p2b: Sohei|Detect|p2b: Sohei
|-singleturn|p2b: Sohei|Protect
|move|p1a: Sneasler|Dire Claw|p2b: Sohei
|-activate|p2b: Sohei|move: Protect
|move|p2a: Benimaru|Nasty Plot|p2a: Benimaru
|-boost|p2a: Benimaru|spa|2
|
|upkeep
|turn|8
|
|t:|1782531295
|move|p1b: Incineroar|Fake Out|p2a: Benimaru
|-damage|p2a: Benimaru|67/100
|move|p2b: Sohei|Rock Slide|p1a: Sneasler|[spread] p1a,p1b
|-resisted|p1a: Sneasler|1
|-supereffective|p1b: Incineroar|1
|-damage|p1a: Sneasler|93/100
|-damage|p1b: Incineroar|35/100
|move|p1a: Sneasler|Close Combat|p2a: Benimaru
|-damage|p2a: Benimaru|0 fnt
|-unboost|p1a: Sneasler|def|1
|-unboost|p1a: Sneasler|spd|1
|faint|p2a: Benimaru
|
|upkeep
|turn|9
|
|t:|1782531311
|move|p2b: Sohei|Rock Slide|p1a: Sneasler|[spread] p1a,p1b
|-resisted|p1a: Sneasler|1
|-supereffective|p1b: Incineroar|1
|-damage|p1a: Sneasler|85/100
|-damage|p1b: Incineroar|24/100
|move|p1a: Sneasler|Dire Claw|p2b: Sohei
|-supereffective|p2b: Sohei|1
|-damage|p2b: Sohei|0 fnt
|faint|p2b: Sohei
|
|win|MuseigenTest
|raw|MuseigenTest's rating: 1159 → 1173(+14 for winning)
|raw|McDood's rating: 1000 → 1000(+0 for losing)
|l|☆McDood
|player|p2|
|c|☆MuseigenTest|never cook again
