|j|☆practicesemijrlman
|j|☆aviles0036
|html|practicesemijrlmanaviles0036    
|uhtml|bestof|Game 1 of a best-of-3
|t:|1757776281
|gametype|doubles
|player|p1|practicesemijrlman|1|1306
|player|p2|aviles0036|noland-gen3|1313
|gen|9
|tier|[Gen 9] VGC 2025 Reg H (Bo3)
|rated|
|rule|Species Clause: Limit one of each Pokémon
|rule|Item Clause: Limit 1 of each item
|clearpoke
|poke|p1|Dondozo, L50, F|
|poke|p1|Tatsugiri, L50, M|
|poke|p1|Indeedee, L50, M|
|poke|p1|Garchomp, L50, M|
|poke|p1|Gholdengo, L50|
|poke|p1|Murkrow, L50, M|
|poke|p2|Amoonguss, L50, F|
|poke|p2|Sneasler, L50, M|
|poke|p2|Gholdengo, L50|
|poke|p2|Incineroar, L50, M|
|poke|p2|Ursaluna-Bloodmoon, L50, M|
|poke|p2|Dragonite, L50, M|
|teampreview|4
|showteam|p1|Dondozo||Leftovers|Unaware|OrderUp,Earthquake,WaveCrash,Protect|||F|||50|,,,,,Grass]Tatsugiri||FocusSash|Commander|DracoMeteor,MuddyWater,IcyWind,Protect|||M|||50|,,,,,Stellar]Indeedee||ChoiceScarf|PsychicSurge|ExpandingForce,Trick,AfterYou,HyperVoice|||M|||50|,,,,,Psychic]Garchomp||LifeOrb|RoughSkin|Earthquake,StompingTantrum,DragonClaw,Protect|||M|||50|,,,,,Ground]Gholdengo||ChoiceSpecs|GoodasGold|MakeItRain,ShadowBall,SteelBeam,Thunderbolt||||||50|,,,,,Steel]Murkrow||Eviolite|Prankster|FoulPlay,Tailwind,Quash,Haze|||M|||50|,,,,,Ghost
|showteam|p2|Amoonguss||SitrusBerry|Regenerator|RagePowder,Spore,PollenPuff,Protect|||F|||50|,,,,,Water]Sneasler||FocusSash|Unburden|Protect,DireClaw,CloseCombat,ThroatChop|||M|||50|,,,,,Stellar]Gholdengo||LifeOrb|GoodasGold|Protect,MakeItRain,ShadowBall,NastyPlot||||||50|,,,,,Water]Incineroar||SafetyGoggles|Intimidate|KnockOff,PartingShot,FlareBlitz,FakeOut|||M|||50|,,,,,Ghost]Ursaluna-Bloodmoon||AssaultVest|MindsEye|BloodMoon,EarthPower,VacuumWave,HyperVoice|||M|||50|,,,,,Water]Dragonite||LoadedDice|Multiscale|ScaleShot,Tailwind,Haze,Protect|||M|||50|,,,,,Fairy
|inactive|Battle timer is ON: inactive players will automatically lose when time's up. (requested by practicesemijrlman)
|
|t:|1757776309
|teamsize|p1|4
|teamsize|p2|4
|start
|switch|p1a: Garchomp|Garchomp, L50, M|100/100
|switch|p1b: Murkrow|Murkrow, L50, M|100/100
|switch|p2a: Dragonite|Dragonite, L50, M|100/100
|switch|p2b: Sneasler|Sneasler, L50, M|100/100
|turn|1
|
|t:|1757776323
|move|p1a: Garchomp|Protect|p1a: Garchomp
|-singleturn|p1a: Garchomp|Protect
|move|p1b: Murkrow|Tailwind|p1b: Murkrow
|-sidestart|p1: practicesemijrlman|move: Tailwind
|move|p2b: Sneasler|Dire Claw|p1b: Murkrow
|-damage|p1b: Murkrow|49/100
|-status|p1b: Murkrow|psn
|move|p2a: Dragonite|Scale Shot|p1a: Garchomp
|-activate|p1a: Garchomp|move: Protect
|
|-damage|p1b: Murkrow|37/100 psn|[from] psn
|upkeep
|turn|2
|
|t:|1757776341
|-terastallize|p1a: Garchomp|Ground
|move|p2a: Dragonite|Protect|p2a: Dragonite
|-singleturn|p2a: Dragonite|Protect
|move|p1a: Garchomp|Earthquake|p2a: Dragonite|[spread] p2b
|-activate|p2a: Dragonite|move: Protect
|-immune|p1b: Murkrow
|-supereffective|p2b: Sneasler
|-enditem|p2b: Sneasler|Focus Sash
|-damage|p2b: Sneasler|1/100
|-damage|p1a: Garchomp|91/100|[from] item: Life Orb
|move|p2b: Sneasler|Dire Claw|p1b: Murkrow
|-damage|p1b: Murkrow|0 fnt
|faint|p1b: Murkrow
|
|upkeep
|
|t:|1757776350
|switch|p1b: Indeedee|Indeedee, L50, M|100/100
|-fieldstart|move: Psychic Terrain|[from] ability: Psychic Surge|[of] p1b: Indeedee
|turn|3
|
|t:|1757776373
|-terastallize|p2a: Dragonite|Fairy
|move|p1b: Indeedee|Expanding Force|p2b: Sneasler|[spread] p2a,p2b
|-supereffective|p2b: Sneasler
|-crit|p2b: Sneasler
|-damage|p2a: Dragonite|72/100
|-damage|p2b: Sneasler|0 fnt
|faint|p2b: Sneasler
|move|p1a: Garchomp|Dragon Claw|p2a: Dragonite
|-immune|p2a: Dragonite
|move|p2a: Dragonite|Scale Shot|p1a: Garchomp
|-damage|p1a: Garchomp|76/100
|-damage|p1a: Garchomp|61/100
|-damage|p1a: Garchomp|44/100
|-damage|p1a: Garchomp|29/100
|-damage|p1a: Garchomp|14/100
|-hitcount|p1a: Garchomp|5
|-unboost|p2a: Dragonite|def|1
|-boost|p2a: Dragonite|spe|1
|
|upkeep
|
|t:|1757776389
|switch|p2b: Amoonguss|Amoonguss, L50, F|100/100
|turn|4
|
|t:|1757776397
|switch|p1a: Gholdengo|Gholdengo, L50|100/100
|move|p2a: Dragonite|Protect|p2a: Dragonite
|-singleturn|p2a: Dragonite|Protect
|move|p1b: Indeedee|Expanding Force|p2a: Dragonite|[spread] p2b
|-activate|p2a: Dragonite|move: Protect
|-supereffective|p2b: Amoonguss
|-damage|p2b: Amoonguss|0 fnt
|faint|p2b: Amoonguss
|
|-sideend|p1: practicesemijrlman|move: Tailwind
|upkeep
|
|t:|1757776400
|switch|p2b: Incineroar|Incineroar, L50, M|100/100
|-ability|p2b: Incineroar|Intimidate|boost
|-unboost|p1a: Gholdengo|atk|1
|-unboost|p1b: Indeedee|atk|1
|turn|5
|
|t:|1757776421
|move|p1b: Indeedee|Expanding Force|p2a: Dragonite|[spread] p2a
|-immune|p2b: Incineroar
|-damage|p2a: Dragonite|13/100
|move|p2a: Dragonite|Scale Shot|p1b: Indeedee
|-damage|p1b: Indeedee|71/100
|-damage|p1b: Indeedee|42/100
|-damage|p1b: Indeedee|11/100
|-damage|p1b: Indeedee|0 fnt
|faint|p1b: Indeedee
|-hitcount|p1: Indeedee|4
|-unboost|p2a: Dragonite|def|1
|-boost|p2a: Dragonite|spe|1
|move|p1a: Gholdengo|Make It Rain|p2b: Incineroar|[spread] p2a,p2b
|-supereffective|p2a: Dragonite
|-resisted|p2b: Incineroar
|-damage|p2a: Dragonite|0 fnt
|-damage|p2b: Incineroar|65/100
|-unboost|p1a: Gholdengo|spa|1
|faint|p2a: Dragonite
|move|p2b: Incineroar|Knock Off|p1a: Gholdengo
|-supereffective|p1a: Gholdengo
|-damage|p1a: Gholdengo|7/100
|-enditem|p1a: Gholdengo|Choice Specs|[from] move: Knock Off|[of] p2b: Incineroar
|
|upkeep
|
|t:|1757776426
|switch|p1b: Garchomp|Garchomp, L50, M, tera:Ground|14/100
|turn|6
|
|t:|1757776448
|move|p1b: Garchomp|Stomping Tantrum|p2b: Incineroar
|-supereffective|p2b: Incineroar
|-damage|p2b: Incineroar|0 fnt
|faint|p2b: Incineroar
|-damage|p1b: Garchomp|4/100|[from] item: Life Orb
|
|win|practicesemijrlman
||aviles0036 is ready for game 2.
|l|☆aviles0036
|player|p2|
||practicesemijrlman is ready for game 2.
|uhtml|next|Next: Game 2 of 3
