|j|☆Charizard shitter
|j|☆viatles
|html|Charizard shitterviatles    
|uhtml|bestof|Game 2 of a best-of-3
|t:|1757008554
|gametype|doubles
|player|p1|Charizard shitter|wattson|1047
|player|p2|viatles|hiker|1139
|gen|9
|tier|[Gen 9] VGC 2025 Reg H (Bo3)
|rated|
|rule|Species Clause: Limit one of each Pokémon
|rule|Item Clause: Limit 1 of each item
|clearpoke
|poke|p1|Incineroar, L50, F|
|poke|p1|Porygon2, L50|
|poke|p1|Amoonguss, L50, M|
|poke|p1|Ursaluna, L50, F|
|poke|p1|Gholdengo, L50|
|poke|p1|Flamigo, L50, M|
|poke|p2|Serperior, L50, M|
|poke|p2|Grimmsnarl, L50, M|
|poke|p2|Empoleon, L50, M|
|poke|p2|Garchomp, L50, M|
|poke|p2|Araquanid, L50, M|
|poke|p2|Garganacl, L50, M|
|teampreview|4
|showteam|p1|Incineroar||SafetyGoggles|Intimidate|FakeOut,FlareBlitz,PartingShot,KnockOff|||F|||50|,,,,,Grass]Porygon2||Eviolite|Download|TeraBlast,TrickRoom,IceBeam,Recover||||||50|,,,,,Fighting]Amoonguss||MentalHerb|Regenerator|Spore,PollenPuff,RagePowder,Protect|||M|||50|,,,,,Water]Ursaluna||FlameOrb|Guts|Facade,HeadlongRush,Earthquake,Protect|||F|||50|,,,,,Normal]Gholdengo||LifeOrb|GoodasGold|MakeItRain,ShadowBall,NastyPlot,Protect||||||50|,,,,,Dragon]Flamigo||FocusSash|Scrappy|CloseCombat,BraveBird,WideGuard,Protect|||M|||50|,,,,,Ghost
|showteam|p2|Serperior||CovertCloak|Contrary|Protect,LeafStorm,TeraBlast,GrassPledge|||M|||50|,,,,,Stellar]Grimmsnarl||LightClay|Prankster|LightScreen,Reflect,SpiritBreak,ThunderWave|||M|||50|,,,,,Ghost]Empoleon||ChopleBerry|Competitive|WaterPledge,FlashCannon,Haze,Protect|||M|||50|,,,,,Grass]Garchomp||LoadedDice|RoughSkin|ScaleShot,Earthquake,IronHead,Protect|||M|||50|,,,,,Steel]Araquanid||SafetyGoggles|WaterBubble|WideGuard,Protect,Liquidation,Infestation|||M|||50|,,,,,Grass]Garganacl||Leftovers|PurifyingSalt|SaltCure,Recover,Protect,ThunderPunch|||M|||50|,,,,,Water
|inactive|Battle timer is ON: inactive players will automatically lose when time's up. (requested by viatles)
|inactive|Charizard shitter has 60 seconds left.
|inactive|Charizard shitter has 30 seconds left.
|inactive|Charizard shitter has 20 seconds left.
|
|t:|1757008628
|teamsize|p1|4
|teamsize|p2|4
|start
|switch|p1a: Incineroar|Incineroar, L50, F|100/100
|switch|p1b: Flamigo|Flamigo, L50, M|100/100
|switch|p2a: Serperior|Serperior, L50, M|100/100
|switch|p2b: Empoleon|Empoleon, L50, M|100/100
|-ability|p1a: Incineroar|Intimidate|boost
|-boost|p2a: Serperior|atk|1
|-unboost|p2b: Empoleon|atk|1
|-ability|p2b: Empoleon|Competitive|boost
|-boost|p2b: Empoleon|spa|2
|turn|1
|inactive|viatles has 30 seconds left.
|
|t:|1757008659
|switch|p2a: Garchomp|Garchomp, L50, M|100/100
|move|p2b: Empoleon|Protect|p2b: Empoleon
|-singleturn|p2b: Empoleon|Protect
|move|p1a: Incineroar|Fake Out|p2b: Empoleon
|-activate|p2b: Empoleon|move: Protect
|move|p1b: Flamigo|Close Combat|p2b: Empoleon
|-activate|p2b: Empoleon|move: Protect
|
|upkeep
|turn|2
|
|t:|1757008682
|-terastallize|p1a: Incineroar|Grass
|move|p1b: Flamigo|Protect|p1b: Flamigo
|-singleturn|p1b: Flamigo|Protect
|move|p2a: Garchomp|Scale Shot|p1b: Flamigo
|-activate|p1b: Flamigo|move: Protect
|move|p1a: Incineroar|Parting Shot|p2a: Garchomp
|-unboost|p2a: Garchomp|atk|1
|-unboost|p2a: Garchomp|spa|1
|
|t:|1757008692
|switch|p1a: Amoonguss|Amoonguss, L50, M|100/100|[from] Parting Shot
|move|p2b: Empoleon|Water Pledge|p1a: Amoonguss
|-resisted|p1a: Amoonguss
|-damage|p1a: Amoonguss|74/100
|
|upkeep
|turn|3
|
|t:|1757008717
|move|p1b: Flamigo|Close Combat|p2b: Empoleon
|-supereffective|p2b: Empoleon
|-enditem|p2b: Empoleon|Chople Berry|[eat]
|-enditem|p2b: Empoleon|Chople Berry|[weaken]
|-damage|p2b: Empoleon|58/100
|-unboost|p1b: Flamigo|def|1
|-unboost|p1b: Flamigo|spd|1
|move|p2a: Garchomp|Scale Shot|p1b: Flamigo
|-damage|p1b: Flamigo|81/100
|-crit|p1b: Flamigo
|-damage|p1b: Flamigo|37/100
|-damage|p1b: Flamigo|13/100
|-damage|p1b: Flamigo|0 fnt
|faint|p1b: Flamigo
|-hitcount|p1: Flamigo|4
|-unboost|p2a: Garchomp|def|1
|-boost|p2a: Garchomp|spe|1
|move|p2b: Empoleon|Flash Cannon|p1a: Amoonguss
|-damage|p1a: Amoonguss|20/100
|move|p1a: Amoonguss|Spore|p2a: Garchomp
|-status|p2a: Garchomp|slp|[from] move: Spore
|
|upkeep
|
|t:|1757008738
|switch|p1b: Gholdengo|Gholdengo, L50|100/100
|turn|4
|
|t:|1757008758
|-terastallize|p2b: Empoleon|Grass
|move|p1a: Amoonguss|Rage Powder|p1a: Amoonguss
|-singleturn|p1a: Amoonguss|move: Rage Powder
|cant|p2a: Garchomp|slp
|move|p1b: Gholdengo|Shadow Ball|p2b: Empoleon
|-damage|p2b: Empoleon|6/100
|-damage|p1b: Gholdengo|91/100|[from] item: Life Orb
|move|p2b: Empoleon|Water Pledge|p1b: Gholdengo
|-damage|p1b: Gholdengo|15/100
|
|upkeep
|turn|5
|
|t:|1757008771
|move|p2b: Empoleon|Protect|p2b: Empoleon
|-singleturn|p2b: Empoleon|Protect
|cant|p2a: Garchomp|slp
|move|p1b: Gholdengo|Make It Rain|p2a: Garchomp|[spread] p2a
|-activate|p2b: Empoleon|move: Protect
|-damage|p2a: Garchomp|39/100 slp
|-unboost|p1b: Gholdengo|spa|1
|-damage|p1b: Gholdengo|6/100|[from] item: Life Orb
|move|p1a: Amoonguss|Pollen Puff|p1b: Gholdengo
|-heal|p1b: Gholdengo|56/100
|
|upkeep
|turn|6
|inactive|viatles has 30 seconds left.
|inactive|viatles has 20 seconds left.
|inactive|viatles has 15 seconds left.
|
|t:|1757008815
|switch|p2b: Serperior|Serperior, L50, M|100/100
|switch|p1a: Incineroar|Incineroar, L50, F, tera:Grass|100/100
|-ability|p1a: Incineroar|Intimidate|boost
|-unboost|p2a: Garchomp|atk|1
|-boost|p2b: Serperior|atk|1
|-curestatus|p2a: Garchomp|slp|[msg]
|move|p2a: Garchomp|Earthquake|p1a: Incineroar|[spread] p2b,p1a,p1b
|-resisted|p2b: Serperior
|-resisted|p1a: Incineroar
|-supereffective|p1b: Gholdengo
|-damage|p2b: Serperior|86/100
|-damage|p1a: Incineroar|90/100
|-damage|p1b: Gholdengo|13/100
|move|p1b: Gholdengo|Make It Rain|p2b: Serperior|[spread] p2a,p2b
|-damage|p2a: Garchomp|0 fnt
|-damage|p2b: Serperior|34/100
|-unboost|p1b: Gholdengo|spa|1
|faint|p2a: Garchomp
|-damage|p1b: Gholdengo|3/100|[from] item: Life Orb
|
|upkeep
|
|t:|1757008840
|switch|p2a: Garganacl|Garganacl, L50, M|100/100
|turn|7
|
|t:|1757008850
|move|p2b: Serperior|Protect|p2b: Serperior
|-singleturn|p2b: Serperior|Protect
|move|p1b: Gholdengo|Nasty Plot|p1b: Gholdengo
|-boost|p1b: Gholdengo|spa|2
|move|p1a: Incineroar|Flare Blitz|p2b: Serperior
|-activate|p2b: Serperior|move: Protect
|move|p2a: Garganacl|Salt Cure|p1a: Incineroar
|-damage|p1a: Incineroar|75/100
|-start|p1a: Incineroar|Salt Cure
|
|-damage|p1a: Incineroar|63/100|[from] Salt Cure
|upkeep
|turn|8
|
|t:|1757008870
|move|p1b: Gholdengo|Protect|p1b: Gholdengo
|-singleturn|p1b: Gholdengo|Protect
|move|p2b: Serperior|Leaf Storm|p1b: Gholdengo
|-activate|p1b: Gholdengo|move: Protect
|move|p1a: Incineroar|Flare Blitz|p2b: Serperior
|-supereffective|p2b: Serperior
|-damage|p2b: Serperior|0 fnt
|faint|p2b: Serperior
|-damage|p1a: Incineroar|54/100|[from] Recoil
|move|p2a: Garganacl|Thunder Punch|p1a: Incineroar
|-resisted|p1a: Incineroar
|-damage|p1a: Incineroar|45/100
|
|-damage|p1a: Incineroar|33/100|[from] Salt Cure
|upkeep
|
|t:|1757008884
|switch|p2b: Empoleon|Empoleon, L50, M, tera:Grass|6/100
|turn|9
|
|t:|1757008899
|move|p2b: Empoleon|Protect|p2b: Empoleon
|-singleturn|p2b: Empoleon|Protect
|move|p1b: Gholdengo|Make It Rain|p2a: Garganacl|[spread] p2a
|-activate|p2b: Empoleon|move: Protect
|-supereffective|p2a: Garganacl
|-damage|p2a: Garganacl|20/100
|-unboost|p1b: Gholdengo|spa|1
|-damage|p1b: Gholdengo|0 fnt|[from] item: Life Orb
|faint|p1b: Gholdengo
|move|p1a: Incineroar|Parting Shot|p2a: Garganacl
|-unboost|p2a: Garganacl|atk|1
|-unboost|p2a: Garganacl|spa|1
|
|t:|1757008911
|switch|p1a: Amoonguss|Amoonguss, L50, M|53/100|[from] Parting Shot
|move|p2a: Garganacl|Thunder Punch|p1a: Amoonguss
|-resisted|p1a: Amoonguss
|-damage|p1a: Amoonguss|49/100
|
|-heal|p2a: Garganacl|26/100|[from] item: Leftovers
|upkeep
|
|t:|1757008918
|switch|p1b: Incineroar|Incineroar, L50, F, tera:Grass|33/100
|-ability|p1b: Incineroar|Intimidate|boost
|-unboost|p2a: Garganacl|atk|1
|-unboost|p2b: Empoleon|atk|1
|-ability|p2b: Empoleon|Competitive|boost
|-boost|p2b: Empoleon|spa|2
|turn|10
|
|t:|1757008928
|move|p2b: Empoleon|Protect|p2b: Empoleon
|-singleturn|p2b: Empoleon|Protect
|move|p1b: Incineroar|Fake Out|p2b: Empoleon
|-activate|p2b: Empoleon|move: Protect
|move|p2a: Garganacl|Recover|p2a: Garganacl
|-heal|p2a: Garganacl|76/100
|move|p1a: Amoonguss|Pollen Puff|p2b: Empoleon
|-activate|p2b: Empoleon|move: Protect
|
|-heal|p2a: Garganacl|82/100|[from] item: Leftovers
|upkeep
|turn|11
|
|t:|1757008948
|move|p1a: Amoonguss|Protect|p1a: Amoonguss
|-singleturn|p1a: Amoonguss|Protect
|move|p1b: Incineroar|Flare Blitz|p2b: Empoleon
|-supereffective|p2b: Empoleon
|-damage|p2b: Empoleon|0 fnt
|faint|p2b: Empoleon
|-damage|p1b: Incineroar|31/100|[from] Recoil
|move|p2a: Garganacl|Salt Cure|p1a: Amoonguss
|-activate|p1a: Amoonguss|move: Protect
|
|-heal|p2a: Garganacl|88/100|[from] item: Leftovers
|upkeep
|turn|12
|
|t:|1757008962
|move|p1b: Incineroar|Knock Off|p2a: Garganacl
|-damage|p2a: Garganacl|58/100
|-enditem|p2a: Garganacl|Leftovers|[from] move: Knock Off|[of] p1b: Incineroar
|move|p2a: Garganacl|Salt Cure|p1a: Amoonguss
|-damage|p1a: Amoonguss|43/100
|-start|p1a: Amoonguss|Salt Cure
|move|p1a: Amoonguss|Pollen Puff|p1b: Incineroar
|-heal|p1b: Incineroar|81/100
|
|-damage|p1a: Amoonguss|31/100|[from] Salt Cure
|upkeep
|turn|13
|inactive|Charizard shitter has 30 seconds left.
|
|t:|1757008997
|move|p1b: Incineroar|Knock Off|p2a: Garganacl
|-damage|p2a: Garganacl|38/100
|move|p2a: Garganacl|Thunder Punch|p1b: Incineroar
|-resisted|p1b: Incineroar
|-damage|p1b: Incineroar|77/100
|move|p1a: Amoonguss|Pollen Puff|p2a: Garganacl
|-crit|p2a: Garganacl
|-damage|p2a: Garganacl|19/100
|
|-damage|p1a: Amoonguss|18/100|[from] Salt Cure
|upkeep
|turn|14
|
|t:|1757009011
|move|p1b: Incineroar|Knock Off|p2a: Garganacl
|-damage|p2a: Garganacl|0 fnt
|faint|p2a: Garganacl
|
|win|Charizard shitter
|raw|Charizard shitter's rating: 1047 → 1088(+41 for winning)
|raw|viatles's rating: 1139 → 1108(-31 for losing)
|c|☆viatles|gg
