|j|☆Saicam16
|j|☆Farola007
|html|Saicam16Farola007    
|uhtml|bestof|Game 1 of a best-of-3
|t:|1783699341
|gametype|doubles
|player|p1|Saicam16|2|1068
|player|p2|Farola007|n|1000
|gen|9
|tier|[Gen 9 Champions] VGC 2026 Reg M-B (Bo3)
|rated|
|rule|Species Clause: Limit one of each Pokémon
|rule|Item Clause: Limit 1 of each item
|clearpoke
|poke|p1|Talonflame, L50, F, shiny|
|poke|p1|Incineroar, L50, M, shiny|
|poke|p1|Froslass, L50, F|
|poke|p1|Primarina, L50, M|
|poke|p1|Sneasler, L50, F|
|poke|p1|Kingambit, L50, M|
|poke|p2|Charizard, L50, F|
|poke|p2|Sylveon, L50, M|
|poke|p2|Kingambit, L50, F|
|poke|p2|Garchomp, L50, F|
|poke|p2|Incineroar, L50, F|
|poke|p2|Aerodactyl, L50, F|
|teampreview|4
|showteam|p1|Talonflame||MentalHerb|GaleWings|BraveBird,FlareBlitz,Tailwind,Protect|Jolly||F|||50|]Incineroar||SitrusBerry|Intimidate|FakeOut,FlareBlitz,DarkestLariat,PartingShot|Careful||M|||50|]Froslass||Froslassite|CursedBody|Protect,ShadowBall,IceBeam,Thunderbolt|Timid||F|||50|]Primarina||MysticWater|LiquidVoice|HyperVoice,Moonblast,Haze,Protect|Modest||M|||50|]Sneasler||FocusSash|Unburden|Protect,DireClaw,Uturn,CloseCombat|Adamant||F|||50|]Kingambit||BlackGlasses|Defiant|KowtowCleave,IronHead,SuckerPunch,Protect|Adamant||M|||50|
|showteam|p2|Charizard||CharizarditeY|Blaze|HeatWave,WeatherBall,SolarBeam,Protect|Modest||F|||50|]Sylveon||FairyFeather|Pixilate|HyperBeam,HyperVoice,QuickAttack,Detect|Modest||M|||50|]Kingambit||BlackGlasses|Defiant|KowtowCleave,IronHead,LowKick,SuckerPunch|Adamant||F|||50|]Garchomp||LifeOrb|RoughSkin|Earthquake,RockSlide,DragonClaw,Protect|Jolly||F|||50|]Incineroar||SitrusBerry|Intimidate|FakeOut,PartingShot,FlareBlitz,DarkestLariat|Careful||F|||50|]Aerodactyl||FocusSash|Unnerve|DualWingbeat,Tailwind,RockSlide,Protect|Jolly||F|||50|
|inactive|Battle timer is ON: inactive players will automatically lose when time's up. (requested by Saicam16)
|
|t:|1783699410
|teamsize|p1|4
|teamsize|p2|4
|start
|switch|p1a: Kingambit|Kingambit, L50, M|100/100
|switch|p1b: Sneasler|Sneasler, L50, F|100/100
|switch|p2a: Incineroar|Incineroar, L50, F|100/100
|switch|p2b: Aerodactyl|Aerodactyl, L50, F|100/100
|-ability|p2b: Aerodactyl|Unnerve
|-ability|p2a: Incineroar|Intimidate|boost
|-unboost|p1a: Kingambit|atk|1
|-ability|p1a: Kingambit|Defiant|boost
|-boost|p1a: Kingambit|atk|2
|-unboost|p1b: Sneasler|atk|1
|turn|1
|inactive|Farola007 has 30 seconds left.
|
|t:|1783699443
|move|p1b: Sneasler|Protect|p1b: Sneasler
|-singleturn|p1b: Sneasler|Protect
|move|p1a: Kingambit|Protect|p1a: Kingambit
|-singleturn|p1a: Kingambit|Protect
|move|p2b: Aerodactyl|Dual Wingbeat|p1b: Sneasler
|-activate|p1b: Sneasler|move: Protect
|move|p2a: Incineroar|Flare Blitz|p1a: Kingambit
|-activate|p1a: Kingambit|move: Protect
|
|upkeep
|turn|2
|inactive|Saicam16 has 30 seconds left.
|inactive|Saicam16 has 20 seconds left.
|inactive|Saicam16 has 15 seconds left.
|
|t:|1783699484
|switch|p1b: Talonflame|Talonflame, L50, F, shiny|100/100
|switch|p1a: Primarina|Primarina, L50, M|100/100
|move|p2b: Aerodactyl|Dual Wingbeat|p1b: Talonflame|[miss]
|-miss|p2b: Aerodactyl|p1b: Talonflame
|move|p2a: Incineroar|Flare Blitz|p1a: Primarina
|-resisted|p1a: Primarina|1
|-damage|p1a: Primarina|73/100
|-damage|p2a: Incineroar|92/100|[from] Recoil
|
|upkeep
|turn|3
|
|t:|1783699501
|move|p1b: Talonflame|Tailwind|p1b: Talonflame
|-sidestart|p1: Saicam16|move: Tailwind
|move|p2b: Aerodactyl|Tailwind|p2b: Aerodactyl
|-sidestart|p2: Farola007|move: Tailwind
|move|p2a: Incineroar|Parting Shot|p1a: Primarina
|-unboost|p1a: Primarina|atk|1
|-unboost|p1a: Primarina|spa|1
|
|t:|1783699510
|switch|p2a: Garchomp|Garchomp, L50, F|100/100|[from] Parting Shot
|move|p1a: Primarina|Hyper Voice|p2b: Aerodactyl|[spread] p2a,p2b
|-supereffective|p2b: Aerodactyl|1
|-crit|p2b: Aerodactyl
|-damage|p2a: Garchomp|65/100
|-enditem|p2b: Aerodactyl|Focus Sash
|-damage|p2b: Aerodactyl|1/100
|
|upkeep
|turn|4
|
|t:|1783699525
|move|p2b: Aerodactyl|Protect|p2b: Aerodactyl
|-singleturn|p2b: Aerodactyl|Protect
|move|p1a: Primarina|Protect|p1a: Primarina
|-singleturn|p1a: Primarina|Protect
|move|p1b: Talonflame|Brave Bird|p2b: Aerodactyl
|-activate|p2b: Aerodactyl|move: Protect
|move|p2a: Garchomp|Rock Slide|p1a: Primarina|[spread] p1b
|-activate|p1a: Primarina|move: Protect
|-supereffective|p1b: Talonflame|2
|-damage|p1b: Talonflame|0 fnt
|faint|p1b: Talonflame
|-damage|p2a: Garchomp|55/100|[from] item: Life Orb
|
|upkeep
|
|t:|1783699545
|switch|p1b: Kingambit|Kingambit, L50, M|100/100
|turn|5
|
|t:|1783699565
|move|p1b: Kingambit|Sucker Punch|p2a: Garchomp
|-damage|p2a: Garchomp|6/100
|-damage|p1b: Kingambit|87/100|[from] ability: Rough Skin|[of] p2a: Garchomp
|move|p2b: Aerodactyl|Rock Slide|p1b: Kingambit|[spread] p1a,p1b
|-resisted|p1b: Kingambit|1
|-damage|p1a: Primarina|45/100
|-damage|p1b: Kingambit|78/100
|move|p2a: Garchomp|Earthquake|p1a: Primarina|[spread] p1a,p1b
|-immune|p2b: Aerodactyl
|-supereffective|p1b: Kingambit|1
|-damage|p1a: Primarina|0 fnt
|-damage|p1b: Kingambit|11/100
|faint|p1a: Primarina
|-damage|p2a: Garchomp|0 fnt|[from] item: Life Orb
|faint|p2a: Garchomp
|
|upkeep
|
|t:|1783699579
|switch|p2a: Charizard|Charizard, L50, F|100/100
|switch|p1a: Sneasler|Sneasler, L50, F|100/100
|turn|6
|
|t:|1783699601
|detailschange|p2a: Charizard|Charizard-Mega-Y, L50, F
|-mega|p2a: Charizard|Charizard|Charizardite Y
|-weather|SunnyDay|[from] ability: Drought|[of] p2a: Charizard
|move|p2b: Aerodactyl|Protect|p2b: Aerodactyl
|-singleturn|p2b: Aerodactyl|Protect
|move|p1b: Kingambit|Sucker Punch|p2a: Charizard
|-damage|p2a: Charizard|53/100
|move|p1a: Sneasler|Dire Claw|p2a: Charizard
|-damage|p2a: Charizard|5/100
|move|p2a: Charizard|Heat Wave|p1b: Kingambit|[spread] p1a,p1b
|-supereffective|p1b: Kingambit|1
|-damage|p1a: Sneasler|11/100
|-damage|p1b: Kingambit|0 fnt
|faint|p1b: Kingambit
|
|-weather|SunnyDay|[upkeep]
|-sideend|p2: Farola007|move: Tailwind
|-sideend|p1: Saicam16|move: Tailwind
|upkeep
|turn|7
|
|t:|1783699621
|move|p2b: Aerodactyl|Tailwind|p2b: Aerodactyl
|-sidestart|p2: Farola007|move: Tailwind
|move|p2a: Charizard|Weather Ball|p1a: Sneasler
|-damage|p1a: Sneasler|0 fnt
|faint|p1a: Sneasler
|
|win|Farola007
