|j|☆freudianbreath
|j|☆Talos2Ba.g.
|html|freudianbreathTalos2Ba.g.    
|uhtml|bestof|Game 1 of a best-of-3
|t:|1785962185
|gametype|doubles
|player|p1|freudianbreath|265|1137
|player|p2|Talos2Ba.g.|101|1208
|gen|9
|tier|[Gen 9 Champions] VGC 2026 Reg M-B (Bo3)
|rated|
|rule|Species Clause: Limit one of each Pokémon
|rule|Item Clause: Limit 1 of each item
|clearpoke
|poke|p1|Gholdengo, L50|
|poke|p1|Whimsicott, L50, F|
|poke|p1|Sneasler, L50, M|
|poke|p1|Aerodactyl, L50, M|
|poke|p1|Politoed, L50, F|
|poke|p1|Swampert, L50, M|
|poke|p2|Gengar, L50, M|
|poke|p2|Archaludon, L50, M|
|poke|p2|Politoed, L50, F|
|poke|p2|Swampert, L50, M|
|poke|p2|Vivillon-Fancy, L50, M|
|poke|p2|Incineroar, L50, F|
|teampreview|4
|showteam|p1|Gholdengo||LifeOrb|GoodasGold|NastyPlot,MakeItRain,Protect,ShadowBall|Timid|||||50|]Whimsicott||SitrusBerry|Prankster|Moonblast,Encore,Tailwind,Protect|Bold||F|||50|]Sneasler||FocusSash|Unburden|FakeOut,DireClaw,CloseCombat,ThroatChop|Jolly||M|||50|]Aerodactyl||Aerodactylite|Unnerve|RockSlide,Protect,FireFang,DualWingbeat|Jolly||M|||50|]Politoed||Leftovers|Drizzle|Whirlpool,Protect,EarthPower,WeatherBall|Modest||F|||50|]Swampert||Swampertite|Torrent|WaveCrash,Protect,HighHorsepower,IcePunch|Adamant||M|||50|
|showteam|p2|Gengar||Gengarite|CursedBody|ShadowBall,SludgeBomb,PerishSong,Protect|Modest||M|||50|]Archaludon||Leftovers|Stamina|ElectroShot,DragonPulse,FlashCannon,Protect|Bold||M|||50|]Politoed||SitrusBerry|Drizzle|WeatherBall,Hypnosis,PerishSong,Protect|Calm||F|||50|]Swampert||Swampertite|Torrent|WaveCrash,Earthquake,IcePunch,Protect|Adamant||M|||50|]Vivillon-Fancy||FocusSash|CompoundEyes|Hurricane,SleepPowder,RagePowder,Protect|Timid||M|||50|]Incineroar||PasshoBerry|Intimidate|ThroatChop,FakeOut,PartingShot,Protect|Impish||F|||50|
|inactive|Battle timer is ON: inactive players will automatically lose when time's up. (requested by Talos2Ba.g.)
|inactive|freudianbreath has 60 seconds left.
|
|t:|1785962282
|teamsize|p1|4
|teamsize|p2|4
|start
|switch|p1a: Gholdengo|Gholdengo, L50|100/100
|switch|p1b: Sneasler|Sneasler, L50, M|100/100
|switch|p2a: Gengar|Gengar, L50, M|100/100
|switch|p2b: Incineroar|Incineroar, L50, F|100/100
|-ability|p2b: Incineroar|Intimidate|boost
|-unboost|p1a: Gholdengo|atk|1
|-unboost|p1b: Sneasler|atk|1
|turn|1
|inactive|freudianbreath has 30 seconds left.
|inactive|Talos2Ba.g. has 30 seconds left.
|inactive|freudianbreath has 20 seconds left.
|inactive|freudianbreath has 15 seconds left.
|
|t:|1785962324
|switch|p2a: Archaludon|Archaludon, L50, M|100/100
|move|p1b: Sneasler|Fake Out|p2b: Incineroar
|-damage|p2b: Incineroar|91/100
|cant|p2b: Incineroar|flinch
|move|p1a: Gholdengo|Shadow Ball|p2a: Archaludon
|-damage|p2a: Archaludon|46/100
|-ability|p2a: Archaludon|Stamina|boost
|-boost|p2a: Archaludon|def|1
|-damage|p1a: Gholdengo|90/100|[from] item: Life Orb
|
|-heal|p2a: Archaludon|52/100|[from] item: Leftovers
|upkeep
|turn|2
|inactive|freudianbreath has 30 seconds left.
|inactive|freudianbreath has 20 seconds left.
|inactive|freudianbreath has 15 seconds left.
|inactive|freudianbreath has 10 seconds left.
|inactive|freudianbreath has 5 seconds left.
|
|t:|1785962376
|move|p1a: Gholdengo|Protect|p1a: Gholdengo
|-singleturn|p1a: Gholdengo|Protect
|move|p1b: Sneasler|Close Combat|p2a: Archaludon
|-supereffective|p2a: Archaludon|1
|-damage|p2a: Archaludon|16/100
|-unboost|p1b: Sneasler|def|1
|-unboost|p1b: Sneasler|spd|1
|-ability|p2a: Archaludon|Stamina|boost
|-boost|p2a: Archaludon|def|1
|move|p2a: Archaludon|Dragon Pulse|p1b: Sneasler
|-damage|p1b: Sneasler|28/100
|move|p2b: Incineroar|Throat Chop|p1a: Gholdengo
|-activate|p1a: Gholdengo|move: Protect
|
|-heal|p2a: Archaludon|22/100|[from] item: Leftovers
|upkeep
|turn|3
|inactive|freudianbreath has 30 seconds left.
|inactive|freudianbreath has 20 seconds left.
|inactive|freudianbreath has 15 seconds left.
|
|t:|1785962421
|switch|p1a: Politoed|Politoed, L50, F|100/100
|-weather|RainDance|[from] ability: Drizzle|[of] p1a: Politoed
|move|p2a: Archaludon|Protect|p2a: Archaludon
|-singleturn|p2a: Archaludon|Protect
|move|p1b: Sneasler|Close Combat|p2a: Archaludon
|-activate|p2a: Archaludon|move: Protect
|move|p2b: Incineroar|Throat Chop|p1a: Politoed
|-damage|p1a: Politoed|65/100
|-start|p1a: Politoed|Throat Chop|[silent]
|
|-weather|RainDance|[upkeep]
|-heal|p2a: Archaludon|28/100|[from] item: Leftovers
|-heal|p1a: Politoed|72/100|[from] item: Leftovers
|upkeep
|turn|4
|inactive|freudianbreath has 30 seconds left.
|inactive|freudianbreath has 20 seconds left.
|inactive|freudianbreath has 15 seconds left.
|inactive|freudianbreath has 10 seconds left.
|inactive|freudianbreath has 5 seconds left.
|
|t:|1785962474
|move|p1a: Politoed|Protect|p1a: Politoed
|-singleturn|p1a: Politoed|Protect
|move|p1b: Sneasler|Throat Chop|p2b: Incineroar
|-resisted|p2b: Incineroar|1
|-damage|p2b: Incineroar|83/100
|-start|p2b: Incineroar|Throat Chop|[silent]
|move|p2a: Archaludon|Electro Shot||[still]
|-prepare|p2a: Archaludon|Electro Shot
|-boost|p2a: Archaludon|spa|1
|-anim|p2a: Archaludon|Electro Shot|p1a: Politoed
|-activate|p1a: Politoed|move: Protect
|move|p2b: Incineroar|Throat Chop|p1b: Sneasler
|-resisted|p1b: Sneasler|1
|-damage|p1b: Sneasler|0 fnt
|faint|p1b: Sneasler
|
|-weather|RainDance|[upkeep]
|-heal|p2a: Archaludon|34/100|[from] item: Leftovers
|-heal|p1a: Politoed|78/100|[from] item: Leftovers
|-end|p1a: Politoed|Throat Chop|[silent]
|upkeep
|inactive|freudianbreath has 30 seconds left.
|
|t:|1785962503
|switch|p1b: Whimsicott|Whimsicott, L50, F|100/100
|turn|5
|inactive|freudianbreath has 30 seconds left.
|inactive|Talos2Ba.g. has 30 seconds left.
|inactive|freudianbreath has 20 seconds left.
|inactive|freudianbreath has 15 seconds left.
|
|t:|1785962544
|switch|p2b: Gengar|Gengar, L50, M|100/100
|move|p1b: Whimsicott|Tailwind|p1b: Whimsicott
|-sidestart|p1: freudianbreath|move: Tailwind
|move|p1a: Politoed|Earth Power|p2a: Archaludon
|-supereffective|p2a: Archaludon|1
|-damage|p2a: Archaludon|0 fnt
|faint|p2a: Archaludon
|
|-weather|RainDance|[upkeep]
|-heal|p1a: Politoed|84/100|[from] item: Leftovers
|upkeep
|
|t:|1785962564
|switch|p2a: Vivillon|Vivillon-Fancy, L50, M|100/100
|turn|6
|inactive|freudianbreath has 30 seconds left.
|inactive|freudianbreath has 20 seconds left.
|inactive|freudianbreath has 15 seconds left.
|inactive|freudianbreath has 10 seconds left.
|
|t:|1785962609
|detailschange|p2b: Gengar|Gengar-Mega, L50, M
|-mega|p2b: Gengar|Gengar|Gengarite
|move|p1b: Whimsicott|Protect|p1b: Whimsicott
|-singleturn|p1b: Whimsicott|Protect
|move|p1a: Politoed|Whirlpool|p2a: Vivillon
|-damage|p2a: Vivillon|54/100
|-activate|p2a: Vivillon|move: Whirlpool|[of] p1a: Politoed
|move|p2b: Gengar|Sludge Bomb|p1b: Whimsicott
|-activate|p1b: Whimsicott|move: Protect
|move|p2a: Vivillon|Sleep Powder|p1a: Politoed
|-status|p1a: Politoed|slp|[from] move: Sleep Powder
|
|-weather|RainDance|[upkeep]
|-heal|p1a: Politoed|90/100 slp|[from] item: Leftovers
|-damage|p2a: Vivillon|42/100|[from] move: Whirlpool|[partiallytrapped]
|upkeep
|turn|7
|inactive|freudianbreath has 30 seconds left.
|inactive|freudianbreath has 20 seconds left.
|inactive|freudianbreath has 15 seconds left.
|inactive|freudianbreath has 10 seconds left.
|inactive|freudianbreath has 5 seconds left.
|
|t:|1785962662
|move|p1b: Whimsicott|Encore|p2a: Vivillon
|-start|p2a: Vivillon|Encore
|cant|p1a: Politoed|slp
|move|p2b: Gengar|Sludge Bomb|p1b: Whimsicott
|-supereffective|p1b: Whimsicott|2
|-damage|p1b: Whimsicott|0 fnt
|faint|p1b: Whimsicott
|move|p2a: Vivillon|Sleep Powder|p1a: Politoed
|-fail|p1a: Politoed|slp
|
|-weather|none
|-heal|p1a: Politoed|96/100 slp|[from] item: Leftovers
|-damage|p2a: Vivillon|29/100|[from] move: Whirlpool|[partiallytrapped]
|upkeep
|
|t:|1785962672
|switch|p1b: Gholdengo|Gholdengo, L50|90/100
|turn|8
|inactive|freudianbreath has 30 seconds left.
|inactive|freudianbreath has 20 seconds left.
|inactive|freudianbreath has 15 seconds left.
|
|t:|1785962716
|move|p2b: Gengar|Protect|p2b: Gengar
|-singleturn|p2b: Gengar|Protect
|move|p1b: Gholdengo|Shadow Ball|p2b: Gengar
|-activate|p2b: Gengar|move: Protect
|cant|p1a: Politoed|slp
|move|p2a: Vivillon|Sleep Powder|p1b: Gholdengo
|-immune|p1b: Gholdengo|[from] ability: Good as Gold
|
|-heal|p1a: Politoed|100/100 slp|[from] item: Leftovers
|-damage|p2a: Vivillon|17/100|[from] move: Whirlpool|[partiallytrapped]
|-sideend|p1: freudianbreath|move: Tailwind
|upkeep
|turn|9
|inactive|freudianbreath has 30 seconds left.
|inactive|freudianbreath has 20 seconds left.
|
|t:|1785962735
|move|p1b: Gholdengo|Protect|p1b: Gholdengo
|-singleturn|p1b: Gholdengo|Protect
|move|p2b: Gengar|Shadow Ball|p1b: Gholdengo
|-activate|p1b: Gholdengo|move: Protect
|move|p2a: Vivillon|Sleep Powder|p1a: Politoed
|-fail|p1a: Politoed|slp
|-curestatus|p1a: Politoed|slp|[msg]
|move|p1a: Politoed|Earth Power|p2b: Gengar
|-supereffective|p2b: Gengar|1
|-damage|p2b: Gengar|49/100
|
|-damage|p2a: Vivillon|5/100|[from] move: Whirlpool|[partiallytrapped]
|-end|p2a: Vivillon|Encore
|upkeep
|turn|10
|inactive|freudianbreath has 20 seconds left this turn.
|inactive|freudianbreath has 15 seconds left.
|inactive|freudianbreath has 10 seconds left.
|inactive|freudianbreath has 5 seconds left.
|
|t:|1785962757
|move|p1a: Politoed|Protect|p1a: Politoed
|-singleturn|p1a: Politoed|Protect
|move|p2b: Gengar|Shadow Ball|p1b: Gholdengo
|-supereffective|p1b: Gholdengo|1
|-damage|p1b: Gholdengo|0 fnt
|faint|p1b: Gholdengo
|move|p2a: Vivillon|Sleep Powder|p1a: Politoed
|-activate|p1a: Politoed|move: Protect
|
|-damage|p2a: Vivillon|0 fnt|[from] move: Whirlpool|[partiallytrapped]
|faint|p2a: Vivillon
|upkeep
|
|t:|1785962768
|switch|p2a: Incineroar|Incineroar, L50, F|83/100
|-ability|p2a: Incineroar|Intimidate|boost
|-unboost|p1a: Politoed|atk|1
|turn|11
|inactive|freudianbreath has 5 seconds left this turn.
|
|t:|1785962775
|move|p2a: Incineroar|Fake Out|p1a: Politoed
|-damage|p1a: Politoed|87/100
|move|p2b: Gengar|Sludge Bomb|p1a: Politoed
|-damage|p1a: Politoed|40/100
|-status|p1a: Politoed|psn
|cant|p1a: Politoed|flinch
|
|-heal|p1a: Politoed|46/100 psn|[from] item: Leftovers
|-damage|p1a: Politoed|34/100 psn|[from] psn
|upkeep
|turn|12
|inactive|freudianbreath has 5 seconds left this turn.
|
|t:|1785962788
|move|p2b: Gengar|Sludge Bomb|p1a: Politoed
|-damage|p1a: Politoed|0 fnt
|faint|p1a: Politoed
|
|win|Talos2Ba.g.
