|j|☆JubilifeTV3
|j|☆Overheat1128
|html|JubilifeTV3Overheat1128    
|uhtml|bestof|Game 1 of a best-of-3
|t:|1783648107
|gametype|doubles
|player|p1|JubilifeTV3|102|1040
|player|p2|Overheat1128|riley|1049
|gen|9
|tier|[Gen 9 Champions] VGC 2026 Reg M-B (Bo3)
|rated|
|rule|Species Clause: Limit one of each Pokémon
|rule|Item Clause: Limit 1 of each item
|clearpoke
|poke|p1|Staraptor, L50, F|
|poke|p1|Whimsicott, L50, F|
|poke|p1|Milotic, L50, M|
|poke|p1|Incineroar, L50, M|
|poke|p1|Garchomp, L50, F|
|poke|p1|Gholdengo, L50|
|poke|p2|Scrafty, L50, M|
|poke|p2|Aromatisse, L50, M|
|poke|p2|Armarouge, L50, M|
|poke|p2|Milotic, L50, M|
|poke|p2|Umbreon, L50, M|
|poke|p2|Tsareena, L50, F|
|teampreview|4
|showteam|p1|Staraptor||Staraptite|Intimidate|BraveBird,Roost,Protect,CloseCombat|Adamant||F|||50|]Whimsicott||FocusSash|Prankster|Moonblast,Tailwind,Tickle,FakeTears|Bold||F|||50|]Milotic||Leftovers|Competitive|IcyWind,Scald,LifeDew,Protect|Bold||M|||50|]Incineroar||SitrusBerry|Intimidate|PartingShot,DarkestLariat,FakeOut,Roar|Adamant||M|||50|]Garchomp||LifeOrb|RoughSkin|Earthquake,RockSlide,Protect,ScaleShot|Jolly||F|||50|]Gholdengo||ChoiceScarf|GoodasGold|MakeItRain,ShadowBall,PowerGem,Trick|Timid|||||50|
|showteam|p2|Scrafty||Scraftinite|Intimidate|FakeOut,KnockOff,CloseCombat,RockSlide|Relaxed||M|||50|]Aromatisse||MentalHerb|AromaVeil|TrickRoom,Encore,Moonblast,AllySwitch|Sassy||M|||50|]Armarouge||FocusSash|FlashFire|BurnUp,FlashCannon,AllySwitch,TrickRoom|Bold||M|||50|]Milotic||Leftovers|Competitive|IceBeam,HelpingHand,LifeDew,Protect|Calm||M|||50|]Umbreon||SitrusBerry|Synchronize|Detect,FoulPlay,Yawn,HelpingHand|Impish||M|||50|]Tsareena||ExpertBelt|QueenlyMajesty|TripleAxel,Protect,TropKick,KnockOff|Adamant||F|||50|
|inactive|Battle timer is ON: inactive players will automatically lose when time's up. (requested by Overheat1128)
|
|t:|1783648160
|teamsize|p1|4
|teamsize|p2|4
|start
|switch|p1a: Incineroar|Incineroar, L50, M|100/100
|switch|p1b: Gholdengo|Gholdengo, L50|100/100
|switch|p2a: Armarouge|Armarouge, L50, M|100/100
|switch|p2b: Scrafty|Scrafty, L50, M|100/100
|-ability|p1a: Incineroar|Intimidate|boost
|-unboost|p2a: Armarouge|atk|1
|-unboost|p2b: Scrafty|atk|1
|-ability|p2b: Scrafty|Intimidate|boost
|-unboost|p1a: Incineroar|atk|1
|-unboost|p1b: Gholdengo|atk|1
|turn|1
|inactive|JubilifeTV3 has 30 seconds left.
|inactive|Overheat1128 has 30 seconds left.
|inactive|JubilifeTV3 has 20 seconds left.
|inactive|Overheat1128 has 20 seconds left.
|inactive|JubilifeTV3 has 15 seconds left.
|inactive|Overheat1128 has 15 seconds left.
|inactive|Overheat1128 has 10 seconds left.
|
|t:|1783648209
|detailschange|p2b: Scrafty|Scrafty-Mega, L50, M
|-mega|p2b: Scrafty|Scrafty|Scraftinite
|-ability|p2b: Scrafty|Intimidate|boost
|-unboost|p1a: Incineroar|atk|1
|-unboost|p1b: Gholdengo|atk|1
|move|p1a: Incineroar|Fake Out|p2a: Armarouge
|-damage|p2a: Armarouge|93/100
|move|p2b: Scrafty|Fake Out|p1a: Incineroar
|-damage|p1a: Incineroar|90/100
|move|p1b: Gholdengo|Shadow Ball|p2a: Armarouge
|-supereffective|p2a: Armarouge|1
|-damage|p2a: Armarouge|14/100
|cant|p2a: Armarouge|flinch
|
|upkeep
|turn|2
|inactive|Overheat1128 has 30 seconds left.
|
|t:|1783648239
|switch|p1b: Milotic|Milotic, L50, M|100/100
|move|p2a: Armarouge|Ally Switch|p2a: Armarouge
|swap|p2a: Armarouge|1|[from] move: Ally Switch
|move|p1a: Incineroar|Darkest Lariat|p2a: Scrafty
|-resisted|p2a: Scrafty|2
|-damage|p2a: Scrafty|95/100
|move|p2a: Scrafty|Knock Off|p1b: Milotic
|-crit|p1b: Milotic
|-damage|p1b: Milotic|43/100
|-enditem|p1b: Milotic|Leftovers|[from] move: Knock Off|[of] p2a: Scrafty
|
|upkeep
|turn|3
|
|t:|1783648261
|move|p1b: Milotic|Life Dew|p1b: Milotic|[spread] p1a,p1b
|-heal|p1a: Incineroar|100/100
|-heal|p1b: Milotic|68/100
|move|p1a: Incineroar|Darkest Lariat|p2b: Armarouge
|-supereffective|p2b: Armarouge|1
|-damage|p2b: Armarouge|0 fnt
|faint|p2b: Armarouge
|move|p2a: Scrafty|Close Combat|p1a: Incineroar
|-supereffective|p1a: Incineroar|1
|-damage|p1a: Incineroar|13/100
|-unboost|p2a: Scrafty|def|1
|-unboost|p2a: Scrafty|spd|1
|-enditem|p1a: Incineroar|Sitrus Berry|[eat]
|-heal|p1a: Incineroar|38/100|[from] item: Sitrus Berry
|
|upkeep
|
|t:|1783648280
|switch|p2b: Tsareena|Tsareena, L50, F|100/100
|turn|4
|
|t:|1783648304
|switch|p1b: Staraptor|Staraptor, L50, F|100/100
|-ability|p1b: Staraptor|Intimidate|boost
|-unboost|p2a: Scrafty|atk|1
|-unboost|p2b: Tsareena|atk|1
|switch|p2a: Milotic|Milotic, L50, M|100/100
|move|p2b: Tsareena|Trop Kick|p1b: Staraptor
|-resisted|p1b: Staraptor|1
|-damage|p1b: Staraptor|83/100
|-unboost|p1b: Staraptor|atk|1
|move|p1a: Incineroar|Parting Shot|p2b: Tsareena
|-unboost|p2b: Tsareena|atk|1
|-unboost|p2b: Tsareena|spa|1
|
|t:|1783648328
|switch|p1a: Milotic|Milotic, L50, M|68/100|[from] Parting Shot
|
|upkeep
|turn|5
|
|t:|1783648341
|detailschange|p1b: Staraptor|Staraptor-Mega, L50, F
|-mega|p1b: Staraptor|Staraptor|Staraptite
|move|p1a: Milotic|Protect|p1a: Milotic
|-singleturn|p1a: Milotic|Protect
|move|p1b: Staraptor|Close Combat|p2a: Milotic
|-damage|p2a: Milotic|57/100
|-boost|p1b: Staraptor|def|1
|-boost|p1b: Staraptor|spd|1
|move|p2a: Milotic|Ice Beam|p1b: Staraptor
|-supereffective|p1b: Staraptor|1
|-damage|p1b: Staraptor|54/100
|move|p2b: Tsareena|Triple Axel|p1b: Staraptor
|-supereffective|p1b: Staraptor|1
|-damage|p1b: Staraptor|49/100
|-supereffective|p1b: Staraptor|1
|-damage|p1b: Staraptor|39/100
|-supereffective|p1b: Staraptor|1
|-damage|p1b: Staraptor|26/100
|-hitcount|p1b: Staraptor|3
|
|-heal|p2a: Milotic|63/100|[from] item: Leftovers
|upkeep
|turn|6
|inactive|JubilifeTV3 has 30 seconds left.
|inactive|Overheat1128 has 30 seconds left.
|
|t:|1783648373
|move|p1b: Staraptor|Roost|p1b: Staraptor
|-heal|p1b: Staraptor|76/100
|-singleturn|p1b: Staraptor|move: Roost
|move|p1a: Milotic|Icy Wind|p2a: Milotic|[spread] p2a,p2b
|-resisted|p2a: Milotic|1
|-supereffective|p2b: Tsareena|1
|-damage|p2a: Milotic|60/100
|-damage|p2b: Tsareena|83/100
|-unboost|p2a: Milotic|spe|1
|-ability|p2a: Milotic|Competitive|boost
|-boost|p2a: Milotic|spa|2
|-unboost|p2b: Tsareena|spe|1
|move|p2a: Milotic|Ice Beam|p1b: Staraptor
|-damage|p1b: Staraptor|50/100g
|move|p2b: Tsareena|Trop Kick|p1a: Milotic
|-supereffective|p1a: Milotic|1
|-damage|p1a: Milotic|35/100
|-unboost|p1a: Milotic|atk|1
|-ability|p1a: Milotic|Competitive|boost
|-boost|p1a: Milotic|spa|2
|
|-heal|p2a: Milotic|66/100|[from] item: Leftovers
|upkeep
|turn|7
|inactive|JubilifeTV3 has 30 seconds left.
|
|t:|1783648400
|move|p1b: Staraptor|Brave Bird|p2a: Milotic
|-damage|p2a: Milotic|26/100
|-damage|p1b: Staraptor|36/100|[from] Recoil
|move|p1a: Milotic|Scald|p2a: Milotic
|-resisted|p2a: Milotic|1
|-damage|p2a: Milotic|8/100
|-status|p2a: Milotic|brn
|move|p2a: Milotic|Ice Beam|p1b: Staraptor
|-supereffective|p1b: Staraptor|1
|-damage|p1b: Staraptor|0 fnt
|faint|p1b: Staraptor
|move|p2b: Tsareena|Triple Axel|p1a: Milotic
|-resisted|p1a: Milotic|1
|-damage|p1a: Milotic|34/100
|-resisted|p1a: Milotic|1
|-damage|p1a: Milotic|31/100
|-resisted|p1a: Milotic|1
|-damage|p1a: Milotic|28/100
|-hitcount|p1a: Milotic|3
|
|-heal|p2a: Milotic|14/100 brn|[from] item: Leftovers
|-damage|p2a: Milotic|8/100 brn|[from] brn
|upkeep
|inactive|JubilifeTV3 has 30 seconds left.
|
|t:|1783648426
|switch|p1b: Gholdengo|Gholdengo, L50|100/100
|turn|8
|
|t:|1783648436
|switch|p1b: Incineroar|Incineroar, L50, M|38/100
|-ability|p1b: Incineroar|Intimidate|boost
|-unboost|p2a: Milotic|atk|1
|-ability|p2a: Milotic|Competitive|boost
|-boost|p2a: Milotic|spa|2
|-unboost|p2b: Tsareena|atk|1
|move|p1a: Milotic|Icy Wind|p2a: Milotic|[spread] p2a,p2b
|-resisted|p2a: Milotic|1
|-supereffective|p2b: Tsareena|1
|-damage|p2a: Milotic|2/100 brn
|-damage|p2b: Tsareena|46/100
|-unboost|p2a: Milotic|spe|1
|-ability|p2a: Milotic|Competitive|boost
|-boost|p2a: Milotic|spa|2
|-unboost|p2b: Tsareena|spe|1
|move|p2a: Milotic|Life Dew|p2a: Milotic|[spread] p2a,p2b
|-heal|p2a: Milotic|28/100 brn
|-heal|p2b: Tsareena|71/100
|move|p2b: Tsareena|Trop Kick|p1a: Milotic
|-supereffective|p1a: Milotic|1
|-damage|p1a: Milotic|0 fnt
|faint|p1a: Milotic
|
|-heal|p2a: Milotic|34/100 brn|[from] item: Leftovers
|-damage|p2a: Milotic|28/100 brn|[from] brn
|upkeep
|
|t:|1783648454
|switch|p1a: Gholdengo|Gholdengo, L50|100/100
|turn|9
|
|t:|1783648477
|switch|p2b: Scrafty|Scrafty-Mega, L50, M|95/100
|-ability|p2b: Scrafty|Intimidate|boost
|-unboost|p1a: Gholdengo|atk|1
|-unboost|p1b: Incineroar|atk|1
|move|p1a: Gholdengo|Make It Rain|p2b: Scrafty|[spread] p2a,p2b
|-resisted|p2a: Milotic|1
|-damage|p2a: Milotic|13/100 brn
|-damage|p2b: Scrafty|60/100
|-unboost|p1a: Gholdengo|spa|2
|move|p1b: Incineroar|Darkest Lariat|p2b: Scrafty
|-resisted|p2b: Scrafty|2
|-damage|p2b: Scrafty|55/100
|move|p2a: Milotic|Life Dew|p2a: Milotic|[spread] p2a,p2b
|-heal|p2a: Milotic|39/100 brn
|-heal|p2b: Scrafty|80/100
|
|-heal|p2a: Milotic|45/100 brn|[from] item: Leftovers
|-damage|p2a: Milotic|39/100 brn|[from] brn
|upkeep
|turn|10
|-message|JubilifeTV3 forfeited.
|
|win|Overheat1128
|l|☆JubilifeTV3
|player|p1|
||JubilifeTV3 is ready for game 2.
|inactive|Overheat1128 has 30 seconds to confirm battle start!
