|j|☆TeyVgc
|j|☆starlight74
|html|TeyVgcstarlight74    
|uhtml|bestof|Game 2 of a best-of-3
|t:|1784005256
|gametype|doubles
|player|p1|TeyVgc|rood|1268
|player|p2|starlight74|anabel-gen7|1304
|gen|9
|tier|[Gen 9 Champions] VGC 2026 Reg M-B (Bo3)
|rated|
|rule|Species Clause: Limit one of each Pokémon
|rule|Item Clause: Limit 1 of each item
|clearpoke
|poke|p1|Raichu, L50, F|
|poke|p1|Sinistcha, L50|
|poke|p1|Ceruledge, L50, F|
|poke|p1|Milotic, L50, F|
|poke|p1|Incineroar, L50, F|
|poke|p1|Floette-Eternal, L50, F|
|poke|p2|Charizard, L50, F, shiny|
|poke|p2|Pelipper, L50, F|
|poke|p2|Archaludon, L50, F|
|poke|p2|Basculegion, L50, M|
|poke|p2|Grimmsnarl, L50, M, shiny|
|poke|p2|Annihilape, L50, F|
|teampreview|4
|showteam|p1|Raichu||RaichuniteY|LightningRod|ZapCannon,FocusBlast,FakeOut,Protect|Timid||F|||50|]Sinistcha||KasibBerry|Hospitality|MatchaGotcha,Protect,RagePowder,TrickRoom|Relaxed|||||50|]Ceruledge||ColburBerry|FlashFire|BitterBlade,ShadowSneak,BulkUp,Protect|Adamant||F|||50|]Milotic||Leftovers|Competitive|MuddyWater,Coil,Hypnosis,Recover|Calm||F|||50|]Incineroar||SitrusBerry|Intimidate|FlareBlitz,ThroatChop,FakeOut,PartingShot|Impish||F|||50|]Floette-Eternal||Floettite|FlowerVeil|CalmMind,Protect,Moonblast,DazzlingGleam|Modest||F|||50|
|showteam|p2|Charizard||CharizarditeY|Blaze|HeatWave,WeatherBall,SolarBeam,Protect|Modest||F|||50|]Pelipper||SitrusBerry|Drizzle|Hurricane,WeatherBall,Tailwind,WideGuard|Modest||F|||50|]Archaludon||Leftovers|Stamina|ElectroShot,DragonPulse,FlashCannon,Protect|Modest||F|||50|]Basculegion||ChoiceScarf|Adaptability|FlipTurn,WaveCrash,AquaJet,LastRespects|Jolly||M|||50|]Grimmsnarl||LightClay|Prankster|SpiritBreak,Reflect,LightScreen,PartingShot|Sassy||M|||50|]Annihilape||FocusSash|Defiant|CloseCombat,PhantomForce,RockTomb,Taunt|Jolly||F|||50|
|inactive|Battle timer is ON: inactive players will automatically lose when time's up. (requested by starlight74)
|
|t:|1784005271
|teamsize|p1|4
|teamsize|p2|4
|start
|switch|p1a: Incineroar|Incineroar, L50, F|100/100
|switch|p1b: Floette|Floette-Eternal, L50, F|100/100
|switch|p2a: Archaludon|Archaludon, L50, F|100/100
|switch|p2b: Grimmsnarl|Grimmsnarl, L50, M, shiny|100/100
|-ability|p1a: Incineroar|Intimidate|boost
|-unboost|p2a: Archaludon|atk|1
|-unboost|p2b: Grimmsnarl|atk|1
|turn|1
|
|t:|1784005284
|detailschange|p1b: Floette|Floette-Mega, L50, F
|-mega|p1b: Floette|Floette|Floettite
|-ability|p1b: Floette|Fairy Aura
|move|p2b: Grimmsnarl|Light Screen|p2b: Grimmsnarl
|-sidestart|p2: starlight74|move: Light Screen
|move|p1b: Floette|Calm Mind|p1b: Floette
|-boost|p1b: Floette|spa|1
|-boost|p1b: Floette|spd|1
|move|p2a: Archaludon|Flash Cannon|p1b: Floette
|-supereffective|p1b: Floette|1
|-damage|p1b: Floette|62/100
|-unboost|p1b: Floette|spd|1
|move|p1a: Incineroar|Parting Shot|p2a: Archaludon
|-unboost|p2a: Archaludon|atk|1
|-unboost|p2a: Archaludon|spa|1
|
|t:|1784005296
|switch|p1a: Sinistcha|Sinistcha, L50|100/100|[from] Parting Shot
|-heal|p1b: Floette|87/100|[from] ability: Hospitality|[of] p1a: Sinistcha
|
|upkeep
|turn|2
|
|t:|1784005307
|switch|p2a: Basculegion|Basculegion, L50, M|100/100
|move|p1a: Sinistcha|Rage Powder|p1a: Sinistcha
|-singleturn|p1a: Sinistcha|move: Rage Powder
|move|p2b: Grimmsnarl|Parting Shot|p1a: Sinistcha
|-unboost|p1a: Sinistcha|atk|1
|-unboost|p1a: Sinistcha|spa|1
|
|t:|1784005315
|switch|p2b: Pelipper|Pelipper, L50, F|100/100|[from] Parting Shot
|-weather|RainDance|[from] ability: Drizzle|[of] p2b: Pelipper
|move|p1b: Floette|Calm Mind|p1b: Floette
|-boost|p1b: Floette|spa|1
|-boost|p1b: Floette|spd|1
|
|-weather|RainDance|[upkeep]
|upkeep
|turn|3
|inactive|TeyVgc has 30 seconds left.
|
|t:|1784005347
|move|p1a: Sinistcha|Rage Powder|p1a: Sinistcha
|-singleturn|p1a: Sinistcha|move: Rage Powder
|move|p2a: Basculegion|Flip Turn|p1a: Sinistcha
|-resisted|p1a: Sinistcha|1
|-damage|p1a: Sinistcha|75/100
|
|t:|1784005353
|switch|p2a: Grimmsnarl|Grimmsnarl, L50, M, shiny|100/100|[from] Flip Turn
|move|p1b: Floette|Moonblast|p2a: Grimmsnarl
|-supereffective|p2a: Grimmsnarl|1
|-damage|p2a: Grimmsnarl|0 fnt
|faint|p2a: Grimmsnarl
|move|p2b: Pelipper|Hurricane|p1a: Sinistcha
|-supereffective|p1a: Sinistcha|1
|-damage|p1a: Sinistcha|0 fnt
|faint|p1a: Sinistcha
|
|-weather|RainDance|[upkeep]
|upkeep
|
|t:|1784005371
|switch|p1a: Incineroar|Incineroar, L50, F|100/100
|switch|p2a: Basculegion|Basculegion, L50, M|100/100
|-ability|p1a: Incineroar|Intimidate|boost
|-unboost|p2a: Basculegion|atk|1
|-unboost|p2b: Pelipper|atk|1
|turn|4
|
|t:|1784005390
|move|p1a: Incineroar|Fake Out|p2b: Pelipper
|-damage|p2b: Pelipper|89/100
|move|p2a: Basculegion|Wave Crash|p1b: Floette
|-damage|p1b: Floette|22/100
|-damage|p2a: Basculegion|80/100|[from] Recoil
|move|p1b: Floette|Moonblast|p2a: Basculegion
|-damage|p2a: Basculegion|0 fnt
|faint|p2a: Basculegion
|cant|p2b: Pelipper|flinch
|
|-weather|RainDance|[upkeep]
|upkeep
|
|t:|1784005392
|switch|p2a: Archaludon|Archaludon, L50, F|100/100
|turn|5
|
|t:|1784005412
|move|p1b: Floette|Protect|p1b: Floette
|-singleturn|p1b: Floette|Protect
|move|p2a: Archaludon|Protect|p2a: Archaludon
|-singleturn|p2a: Archaludon|Protect
|move|p2b: Pelipper|Tailwind|p2b: Pelipper
|-sidestart|p2: starlight74|move: Tailwind
|move|p1a: Incineroar|Parting Shot|p2a: Archaludon
|-activate|p2a: Archaludon|move: Protect
|
|-weather|RainDance|[upkeep]
|upkeep
|turn|6
|
|t:|1784005430
|switch|p1b: Milotic|Milotic, L50, F|100/100
|move|p2a: Archaludon|Electro Shot||[still]
|-prepare|p2a: Archaludon|Electro Shot
|-boost|p2a: Archaludon|spa|1
|-anim|p2a: Archaludon|Electro Shot|p1b: Milotic
|-supereffective|p1b: Milotic|1
|-damage|p1b: Milotic|15/100
|move|p2b: Pelipper|Weather Ball|p1b: Milotic
|-resisted|p1b: Milotic|1
|-damage|p1b: Milotic|0 fnt
|faint|p1b: Milotic
|move|p1a: Incineroar|Parting Shot|p2a: Archaludon
|-unboost|p2a: Archaludon|atk|1
|-unboost|p2a: Archaludon|spa|1
|
|t:|1784005449
|switch|p1a: Floette|Floette-Mega, L50, F|22/100|[from] Parting Shot
|-ability|p1a: Floette|Fairy Aura
|
|-weather|none
|upkeep
|
|t:|1784005454
|switch|p1b: Incineroar|Incineroar, L50, F|100/100
|-ability|p1b: Incineroar|Intimidate|boost
|-unboost|p2a: Archaludon|atk|1
|-unboost|p2b: Pelipper|atk|1
|turn|7
|
|t:|1784005462
|move|p1b: Incineroar|Fake Out|p2a: Archaludon
|-resisted|p2a: Archaludon|1
|-damage|p2a: Archaludon|96/100
|-ability|p2a: Archaludon|Stamina|boost
|-boost|p2a: Archaludon|def|1
|cant|p2a: Archaludon|flinch
|move|p2b: Pelipper|Hurricane|p1a: Floette
|-damage|p1a: Floette|0 fnt
|faint|p1a: Floette
|
|-heal|p2a: Archaludon|100/100|[from] item: Leftovers
|upkeep
|turn|8
|-message|TeyVgc forfeited.
|
|win|starlight74
|raw|TeyVgc's rating: 1268 → 1246(-22 for losing)
|raw|starlight74's rating: 1304 → 1322(+18 for winning)
