|j|☆kanonkugle
|j|☆Sky_Yagami95
|html|kanonkugleSky_Yagami95    
|uhtml|bestof|Game 2 of a best-of-3
|t:|1783325554
|gametype|doubles
|player|p1|kanonkugle|unknown|
|player|p2|Sky_Yagami95|riley|
|gen|9
|tier|[Gen 9 Champions] VGC 2026 Reg M-B (Bo3)
|rule|Species Clause: Limit one of each Pokémon
|rule|Item Clause: Limit 1 of each item
|clearpoke
|poke|p1|Pelipper, L50, M|
|poke|p1|Eelektross, L50, F|
|poke|p1|Basculegion-F, L50, F|
|poke|p1|Politoed, L50, M|
|poke|p1|Roserade, L50, M|
|poke|p1|Archaludon, L50, F|
|poke|p2|Lycanroc, L50, M|
|poke|p2|Lucario, L50, M|
|poke|p2|Goodra, L50, M|
|poke|p2|Samurott-Hisui, L50, M|
|poke|p2|Altaria, L50, F|
|poke|p2|Umbreon, L50, M|
|teampreview|4
|showteam|p1|Pelipper||DampRock|Drizzle|Hurricane,HydroPump,Tailwind,Uturn|Modest||M|||50|]Eelektross||Eelektrossite|Levitate|Thunder,Liquidation,ThunderWave,Coil|Hasty||F|||50|]Basculegion-F||LifeOrb|SwiftSwim|LastRespects,Waterfall,AquaJet,IceFang|Adamant||F|||50|]Politoed||Leftovers|Drizzle|HelpingHand,IcyWind,HydroPump,Rest|Modest||M|||50|]Roserade||BigRoot|PoisonPoint|LeechSeed,Toxic,SludgeBomb,GigaDrain|Calm||M|||50|]Archaludon||SitrusBerry|Stamina|ElectroShot,FlashCannon,AuraSphere,Protect|Timid||F|||50|
|showteam|p2|Lycanroc||FocusSash|KeenEye|PlayRough,DrillRun,Endeavor,SuckerPunch|Jolly||M|||50|]Lucario||Lucarionite|InnerFocus|CloseCombat,MeteorMash,BulletPunch,BrickBreak|Jolly||M|||50|]Goodra||DampRock|Hydration|RainDance,DracoMeteor,Toxic,Rest|Calm||M|||50|]Samurott-Hisui||MentalHerb|Sharpness|AquaCutter,AirSlash,NightSlash,SacredSword|Naive||M|||50|]Altaria||Altarianite|CloudNine|DracoMeteor,BraveBird,Facade,AlluringVoice|Rash||F|||50|]Umbreon||LumBerry|Synchronize|Toxic,Substitute,Moonlight,DarkPulse|Calm||M|||50|
|c|☆Sky_Yagami95|Shall we start or I forfeit?
|c|☆kanonkugle|ima ask jux
|j| Sculked
|
|t:|1783325685
|teamsize|p1|4
|teamsize|p2|4
|start
|switch|p1a: Pelipper|Pelipper, L50, M|100/100
|switch|p1b: Eelektross|Eelektross, L50, F|100/100
|switch|p2a: Umbreon|Umbreon, L50, M|100/100
|switch|p2b: Goodra|Goodra, L50, M|100/100
|-weather|RainDance|[from] ability: Drizzle|[of] p1a: Pelipper
|turn|1
|
|t:|1783325705
|detailschange|p1b: Eelektross|Eelektross-Mega, L50, F
|-mega|p1b: Eelektross|Eelektross|Eelektrossite
|move|p1b: Eelektross|Thunder Wave|p2b: Goodra
|-status|p2b: Goodra|par
|move|p2a: Umbreon|Substitute|p2a: Umbreon
|-start|p2a: Umbreon|Substitute
|-damage|p2a: Umbreon|75/100
|move|p1a: Pelipper|Tailwind|p1a: Pelipper
|-sidestart|p1: kanonkugle|move: Tailwind
|move|p2b: Goodra|Toxic|p1b: Eelektross
|-status|p1b: Eelektross|tox
|
|-weather|RainDance|[upkeep]
|-activate|p2b: Goodra|ability: Hydration
|-curestatus|p2b: Goodra|par|[msg]
|-damage|p1b: Eelektross|93/100 tox|[from] psn
|upkeep
|turn|2
|
|t:|1783325734
|switch|p1b: Archaludon|Archaludon, L50, F|100/100
|move|p1a: Pelipper|U-turn|p2b: Goodra
|-damage|p2b: Goodra|88/100
|
|t:|1783325738
|switch|p1a: abros cc9|Roserade, L50, M|100/100|[from] U-turn
|move|p2b: Goodra|Draco Meteor|p1b: Archaludon|[miss]
|-miss|p2b: Goodra|p1b: Archaludon
|move|p2a: Umbreon|Moonlight|p2a: Umbreon
|-heal|p2a: Umbreon|100/100
|
|-weather|RainDance|[upkeep]
|upkeep
|turn|3
|
|t:|1783325761
|move|p1b: Archaludon|Protect|p1b: Archaludon
|-singleturn|p1b: Archaludon|Protect
|move|p1a: abros cc9|Leech Seed|p2b: Goodra
|-start|p2b: Goodra|move: Leech Seed
|move|p2b: Goodra|Draco Meteor|p1b: Archaludon
|-activate|p1b: Archaludon|move: Protect
|move|p2a: Umbreon|Dark Pulse|p1a: abros cc9
|-damage|p1a: abros cc9|85/100
|
|-weather|RainDance|[upkeep]
|-damage|p2b: Goodra|76/100|[from] Leech Seed|[of] p1a: abros cc9
|-heal|p1a: abros cc9|100/100|[silent]
|upkeep
|turn|4
|
|t:|1783325783
|move|p1b: Archaludon|Aura Sphere|p2a: Umbreon
|-supereffective|p2a: Umbreon|1
|-end|p2a: Umbreon|Substitute
|move|p1a: abros cc9|Leech Seed|p2a: Umbreon
|-start|p2a: Umbreon|move: Leech Seed
|move|p2b: Goodra|Draco Meteor|p1a: abros cc9
|-damage|p1a: abros cc9|59/100
|-unboost|p2b: Goodra|spa|2
|move|p2a: Umbreon|Dark Pulse|p1a: abros cc9
|-damage|p1a: abros cc9|44/100
|
|-weather|RainDance|[upkeep]
|-damage|p2b: Goodra|64/100|[from] Leech Seed|[of] p1a: abros cc9
|-heal|p1a: abros cc9|63/100|[silent]
|-damage|p2a: Umbreon|87/100|[from] Leech Seed|[of] p1a: abros cc9
|-heal|p1a: abros cc9|82/100|[silent]
|-sideend|p1: kanonkugle|move: Tailwind
|upkeep
|turn|5
|
|t:|1783325827
|move|p1b: Archaludon|Aura Sphere|p2a: Umbreon
|-supereffective|p2a: Umbreon|1
|-damage|p2a: Umbreon|54/100
|move|p1a: abros cc9|Giga Drain|p2a: Umbreon
|-damage|p2a: Umbreon|38/100
|-heal|p1a: abros cc9|95/100|[from] drain|[of] p2a: Umbreon
|move|p2b: Goodra|Draco Meteor|p1a: abros cc9
|-damage|p1a: abros cc9|77/100
|-unboost|p2b: Goodra|spa|2
|move|p2a: Umbreon|Dark Pulse|p1a: abros cc9
|-crit|p1a: abros cc9
|-damage|p1a: abros cc9|53/100
|
|-weather|RainDance|[upkeep]
|-damage|p2b: Goodra|52/100|[from] Leech Seed|[of] p1a: abros cc9
|-heal|p1a: abros cc9|72/100|[silent]
|-damage|p2a: Umbreon|25/100|[from] Leech Seed|[of] p1a: abros cc9
|-heal|p1a: abros cc9|91/100|[silent]
|upkeep
|turn|6
|
|t:|1783325849
|move|p1b: Archaludon|Aura Sphere|p2a: Umbreon
|-supereffective|p2a: Umbreon|1
|-damage|p2a: Umbreon|0 fnt
|faint|p2a: Umbreon
|move|p1a: abros cc9|Toxic|p2b: Goodra
|-status|p2b: Goodra|tox
|move|p2b: Goodra|Rest|p2b: Goodra
|-status|p2b: Goodra|slp|[from] move: Rest
|-heal|p2b: Goodra|100/100 slp|[silent]
|
|-weather|RainDance|[upkeep]
|-activate|p2b: Goodra|ability: Hydration
|-curestatus|p2b: Goodra|slp|[msg]
|-damage|p2b: Goodra|87/100|[from] Leech Seed|[of] p1a: abros cc9
|-heal|p1a: abros cc9|100/100|[silent]
|upkeep
|
|t:|1783325866
|switch|p2a: Samurott|Samurott-Hisui, L50, M|100/100
|turn|7
|
|t:|1783325884
|move|p2a: Samurott|Air Slash|p1a: abros cc9
|-supereffective|p1a: abros cc9|1
|-damage|p1a: abros cc9|58/100
|move|p1b: Archaludon|Electro Shot||[still]
|-prepare|p1b: Archaludon|Electro Shot
|-boost|p1b: Archaludon|spa|1
|-anim|p1b: Archaludon|Electro Shot|p2a: Samurott
|-supereffective|p2a: Samurott|1
|-damage|p2a: Samurott|0 fnt
|faint|p2a: Samurott
|move|p1a: abros cc9|Leech Seed||[still]
|-fail|p1a: abros cc9
|move|p2b: Goodra|Draco Meteor|p1a: abros cc9
|-damage|p1a: abros cc9|44/100
|-unboost|p2b: Goodra|spa|2
|
|-weather|RainDance|[upkeep]
|-damage|p2b: Goodra|75/100|[from] Leech Seed|[of] p1a: abros cc9
|-heal|p1a: abros cc9|63/100|[silent]
|upkeep
|
|t:|1783325904
|switch|p2a: Altaria|Altaria, L50, F|100/100
|-ability|p2a: Altaria|Cloud Nine
|turn|8
|
|t:|1783325925
|switch|p1a: Pelipper|Pelipper, L50, M|100/100
|detailschange|p2a: Altaria|Altaria-Mega, L50, F
|-mega|p2a: Altaria|Altaria|Altarianite
|move|p1b: Archaludon|Electro Shot||[still]
|-prepare|p1b: Archaludon|Electro Shot
|-boost|p1b: Archaludon|spa|1
|-anim|p1b: Archaludon|Electro Shot|p2a: Altaria
|-resisted|p2a: Altaria|1
|-damage|p2a: Altaria|49/100
|move|p2a: Altaria|Brave Bird|p1a: Pelipper
|-damage|p1a: Pelipper|64/100
|-damage|p2a: Altaria|38/100|[from] Recoil
|move|p2b: Goodra|Draco Meteor|p1b: Archaludon
|-damage|p1b: Archaludon|82/100
|-ability|p1b: Archaludon|Stamina|boost
|-boost|p1b: Archaludon|def|1
|
|-weather|none
|-damage|p2b: Goodra|63/100|[from] Leech Seed|[of] p1a: Pelipper
|-heal|p1a: Pelipper|79/100|[silent]
|upkeep
|turn|9
|
|t:|1783325965
|move|p1b: Archaludon|Flash Cannon|p2a: Altaria
|-supereffective|p2a: Altaria|1
|-damage|p2a: Altaria|0 fnt
|faint|p2a: Altaria
|move|p2b: Goodra|Toxic|p1a: Pelipper
|-status|p1a: Pelipper|tox
|move|p1a: Pelipper|Tailwind|p1a: Pelipper
|-sidestart|p1: kanonkugle|move: Tailwind
|
|-damage|p2b: Goodra|51/100|[from] Leech Seed|[of] p1a: Pelipper
|-heal|p1a: Pelipper|93/100 tox|[silent]
|-damage|p1a: Pelipper|87/100 tox|[from] psn
|upkeep
|turn|10
|
|t:|1783326007
|move|p1b: Archaludon|Flash Cannon|p2b: Goodra
|-damage|p2b: Goodra|9/100
|move|p1a: Pelipper|U-turn|p2b: Goodra
|-damage|p2b: Goodra|0 fnt
|faint|p2b: Goodra
|
|win|kanonkugle
||kanonkugle is ready for game 3.
|inactive|Sky_Yagami95 has 30 seconds to confirm battle start!
|c|☆kanonkugle|gg
||Sky_Yagami95 is ready for game 3.
|uhtml|next|Next: Game 3 of 3
|c|☆Sky_Yagami95|Wut
