|j|☆rycully
|j|☆lexerthanatauros
|html|rycullylexerthanatauros    
|uhtml|bestof|Game 1 of a best-of-3
|t:|1783551095
|gametype|doubles
|player|p1|rycully|morty|1039
|player|p2|lexerthanatauros|lucas|1086
|gen|9
|tier|[Gen 9 Champions] VGC 2026 Reg M-B (Bo3)
|rated|
|rule|Species Clause: Limit one of each Pokémon
|rule|Item Clause: Limit 1 of each item
|clearpoke
|poke|p1|Grimmsnarl, L50, M|
|poke|p1|Hydreigon, L50, F|
|poke|p1|Garchomp, L50, F|
|poke|p1|Metagross, L50|
|poke|p1|Charizard, L50, F|
|poke|p1|Toxapex, L50, F|
|poke|p2|Greninja, L50, F|
|poke|p2|Ninetales-Alola, L50, F|
|poke|p2|Pelipper, L50, F|
|poke|p2|Tyranitar, L50, M|
|poke|p2|Tsareena, L50, F|
|poke|p2|Sneasler, L50, F|
|teampreview|4
|showteam|p1|Grimmsnarl||RoseliBerry|Prankster|FakeOut,FoulPlay,Reflect,PartingShot|Sassy||M|||50|]Hydreigon||ChoiceScarf|Levitate|DarkPulse,DracoMeteor,Snarl,HeatWave|Modest||F|||50|]Garchomp||SitrusBerry|RoughSkin|Earthquake,DragonClaw,RockSlide,Protect|Adamant||F|||50|]Metagross||Metagrossite|ClearBody|IronHead,BulletPunch,HammerArm,Protect|Adamant|||||50|]Charizard||CharizarditeY|Blaze|HeatWave,SolarBeam,WeatherBall,Protect|Timid||F|||50|]Toxapex||Leftovers|Regenerator|Infestation,Toxic,WideGuard,BanefulBunker|Impish||F|||50|
|showteam|p2|Greninja||Greninjite|Protean|WeatherBall,Blizzard,Protect,DarkPulse|Timid||F|||50|]Ninetales-Alola||LightClay|SnowWarning|AuroraVeil,Moonblast,IcyWind,HelpingHand|Timid||F|||50|]Pelipper||FocusSash|Drizzle|Tailwind,WeatherBall,Hurricane,Protect|Timid||F|||50|]Tyranitar||Tyranitarite|SandStream|RockSlide,KnockOff,LowKick,Protect|Adamant||M|||50|]Tsareena||WideLens|QueenlyMajesty|PowerWhip,TripleAxel,HelpingHand,Protect|Adamant||F|||50|]Sneasler||WhiteHerb|Unburden|CloseCombat,FakeOut,DireClaw,Protect|Jolly||F|||50|
|inactive|Battle timer is ON: inactive players will automatically lose when time's up. (requested by lexerthanatauros)
|inactive|rycully has 60 seconds left.
|inactive|rycully has 30 seconds left.
|inactive|rycully has 20 seconds left.
|inactive|rycully has 15 seconds left.
|c|☆rycully|glhf@
|c|☆rycully|!
|inactive|rycully has 10 seconds left.
|inactive|rycully has 5 seconds left.
|
|t:|1783551186
|teamsize|p1|4
|teamsize|p2|4
|start
|switch|p1a: Grimmsnarl|Grimmsnarl, L50, M|100/100
|switch|p1b: Garchomp|Garchomp, L50, F|100/100
|switch|p2a: Sneasler|Sneasler, L50, F|100/100
|switch|p2b: Pelipper|Pelipper, L50, F|100/100
|-weather|RainDance|[from] ability: Drizzle|[of] p2b: Pelipper
|turn|1
|
|t:|1783551202
|move|p2a: Sneasler|Fake Out|p1a: Grimmsnarl
|-damage|p1a: Grimmsnarl|86/100
|cant|p1a: Grimmsnarl|flinch
|move|p1b: Garchomp|Rock Slide|p2b: Pelipper|[spread] p2b
|-miss|p1b: Garchomp|p2a: Sneasler
|-supereffective|p2b: Pelipper|1
|-damage|p2b: Pelipper|47/100
|cant|p2b: Pelipper|flinch
|
|-weather|RainDance|[upkeep]
|upkeep
|turn|2
|inactive|rycully has 30 seconds left.
|c|☆lexerthanatauros|Glhf
|inactive|rycully has 20 seconds left.
|
|t:|1783551238
|switch|p2b: Tyranitar|Tyranitar, L50, M|100/100
|-weather|Sandstorm|[from] ability: Sand Stream|[of] p2b: Tyranitar
|move|p1a: Grimmsnarl|Reflect|p1a: Grimmsnarl
|-sidestart|p1: rycully|Reflect
|move|p2a: Sneasler|Dire Claw|p1a: Grimmsnarl
|-supereffective|p1a: Grimmsnarl|1
|-damage|p1a: Grimmsnarl|36/100
|-status|p1a: Grimmsnarl|slp
|move|p1b: Garchomp|Rock Slide|p2b: Tyranitar|[spread] p2a,p2b
|-resisted|p2a: Sneasler|1
|-damage|p2a: Sneasler|84/100
|-damage|p2b: Tyranitar|85/100
|
|-weather|Sandstorm|[upkeep]
|-damage|p2a: Sneasler|78/100|[from] Sandstorm
|-damage|p1a: Grimmsnarl|30/100 slp|[from] Sandstorm
|upkeep
|turn|3
|
|t:|1783551259
|detailschange|p2b: Tyranitar|Tyranitar-Mega, L50, M
|-mega|p2b: Tyranitar|Tyranitar|Tyranitarite
|move|p2a: Sneasler|Close Combat|p1b: Garchomp
|-damage|p1b: Garchomp|64/100
|-unboost|p2a: Sneasler|def|1
|-unboost|p2a: Sneasler|spd|1
|-damage|p2a: Sneasler|66/100|[from] ability: Rough Skin|[of] p1b: Garchomp
|-enditem|p2a: Sneasler|White Herb
|-clearnegativeboost|p2a: Sneasler|[silent]
|move|p1b: Garchomp|Earthquake|p2b: Tyranitar|[spread] p1a,p2a,p2b
|-supereffective|p2a: Sneasler|1
|-supereffective|p2b: Tyranitar|1
|-damage|p1a: Grimmsnarl|3/100 slp
|-damage|p2a: Sneasler|0 fnt
|-damage|p2b: Tyranitar|32/100
|faint|p2a: Sneasler
|move|p2b: Tyranitar|Knock Off|p1b: Garchomp
|-damage|p1b: Garchomp|28/100
|-damage|p2b: Tyranitar|20/100y|[from] ability: Rough Skin|[of] p1b: Garchomp
|-enditem|p1b: Garchomp|Sitrus Berry|[from] move: Knock Off|[of] p2b: Tyranitar
|cant|p1a: Grimmsnarl|slp
|
|-weather|Sandstorm|[upkeep]
|-damage|p1a: Grimmsnarl|0 fnt|[from] Sandstorm
|faint|p1a: Grimmsnarl
|upkeep
|
|t:|1783551279
|switch|p2a: Greninja|Greninja, L50, F|100/100
|switch|p1a: Charizard|Charizard, L50, F|100/100
|turn|4
|
|t:|1783551296
|move|p2a: Greninja|Protect|p2a: Greninja
|-start|p2a: Greninja|typechange|Normal|[from] ability: Protean
|-singleturn|p2a: Greninja|Protect
|move|p1a: Charizard|Protect|p1a: Charizard
|-singleturn|p1a: Charizard|Protect
|move|p1b: Garchomp|Earthquake|p2b: Tyranitar|[spread] p2b
|-activate|p1a: Charizard|move: Protect
|-activate|p2a: Greninja|move: Protect
|-supereffective|p2b: Tyranitar|1
|-crit|p2b: Tyranitar
|-damage|p2b: Tyranitar|0 fnt
|faint|p2b: Tyranitar
|
|-weather|Sandstorm|[upkeep]
|-damage|p2a: Greninja|93/100|[from] Sandstorm
|-damage|p1a: Charizard|94/100|[from] Sandstorm
|upkeep
|
|t:|1783551298
|switch|p2b: Pelipper|Pelipper, L50, F|47/100
|-weather|RainDance|[from] ability: Drizzle|[of] p2b: Pelipper
|turn|5
|-message|lexerthanatauros forfeited.
|
|win|rycully
|l|☆lexerthanatauros
|player|p2|
||rycully is ready for game 2.
||lexerthanatauros is ready for game 2.
|uhtml|next|Next: Game 2 of 3
