|j|☆exessvgc
|j|‽Catfud
|html|exessvgcCatfud    
|uhtml|bestof|Game 1 of a best-of-3
|t:|1782340149
|gametype|doubles
|player|p1|exessvgc|lucas|1121
|player|p2|Catfud|lyra|1081
|gen|9
|tier|[Gen 9 Champions] VGC 2026 Reg M-B (Bo3)
|rated|
|rule|Species Clause: Limit one of each Pokémon
|rule|Item Clause: Limit 1 of each item
|clearpoke
|poke|p1|Charizard, L50, M|
|poke|p1|Sneasler, L50, F|
|poke|p1|Farigiraf, L50, F|
|poke|p1|Aerodactyl, L50, M|
|poke|p1|Kingambit, L50, F|
|poke|p1|Sylveon, L50, M|
|poke|p2|Kangaskhan, L50, F|
|poke|p2|Ceruledge, L50, F|
|poke|p2|Dragonite, L50, M|
|poke|p2|Hatterene, L50, F|
|poke|p2|Decidueye-Hisui, L50, M|
|poke|p2|Ninetales-Alola, L50, F|
|teampreview|4
|showteam|p1|Charizard||CharizarditeX|Blaze|DragonDance,DragonClaw,FlareBlitz,Protect|Jolly||M|||50|]Sneasler||WhiteHerb|Unburden|FakeOut,Protect,CloseCombat,DireClaw|Jolly||F|||50|]Farigiraf||SitrusBerry|ArmorTail|TrickRoom,Thunderbolt,HelpingHand,TwinBeam|Calm||F|||50|]Aerodactyl||FocusSash|Unnerve|RockSlide,Tailwind,DualWingbeat,Protect|Jolly||M|||50|]Kingambit||LifeOrb|Defiant|KowtowCleave,SuckerPunch,IronHead,Protect|Brave||F|||50|]Sylveon||FairyFeather|Pixilate|HyperVoice,HyperBeam,Protect,QuickAttack|Quiet||M|||50|
|showteam|p2|Kangaskhan||Kangaskhanite|Scrappy|FakeOut,DoubleEdge,HammerArm,Protect|Brave||F|||50|]Ceruledge||FocusSash|FlashFire|BitterBlade,Protect,ShadowSneak,SwordsDance|Adamant||F|||50|]Dragonite||Dragoninite|Multiscale|DragonPulse,AirSlash,Tailwind,Protect|Modest||M|||50|]Hatterene||Leftovers|MagicBounce|DazzlingGleam,Protect,Psychic,TrickRoom|Quiet||F|||50|]Decidueye-Hisui||BlackBelt|Scrappy|KnockOff,LeafBlade,TripleArrows,Protect|Brave||M|||50|]Ninetales-Alola||BabiriBerry|SnowWarning|AuroraVeil,FreezeDry,Moonblast,Protect|Timid||F|||50|
|
|t:|1782340178
|teamsize|p1|4
|teamsize|p2|4
|start
|switch|p1a: DINOSAUVO|Aerodactyl, L50, M|100/100
|switch|p1b: Sylveon|Sylveon, L50, M|100/100
|switch|p2a: Dragonite|Dragonite, L50, M|100/100
|switch|p2b: Kangaskhan|Kangaskhan, L50, F|100/100
|-ability|p1a: DINOSAUVO|Unnerve
|turn|1
|
|t:|1782340201
|switch|p1b: LA GIRAFFA|Farigiraf, L50, F|100/100
|move|p2b: Kangaskhan|Fake Out||[still]
|cant|p1b: LA GIRAFFA|ability: Armor Tail|Fake Out|[of] p2b: Kangaskhan
|move|p1a: DINOSAUVO|Tailwind|p1a: DINOSAUVO
|-sidestart|p1: exessvgc|move: Tailwind
|move|p2a: Dragonite|Tailwind|p2a: Dragonite
|-sidestart|p2: Catfud|move: Tailwind
|
|upkeep
|turn|2
|
|t:|1782340227
|detailschange|p2a: Dragonite|Dragonite-Mega, L50, M
|-mega|p2a: Dragonite|Dragonite|Dragoninite
|move|p1a: DINOSAUVO|Protect|p1a: DINOSAUVO
|-singleturn|p1a: DINOSAUVO|Protect
|move|p2a: Dragonite|Dragon Pulse|p1a: DINOSAUVO
|-activate|p1a: DINOSAUVO|move: Protect
|move|p2b: Kangaskhan|Double-Edge|p1a: DINOSAUVO
|-activate|p1a: DINOSAUVO|move: Protect
|move|p1b: LA GIRAFFA|Thunderbolt|p2a: Dragonite
|-damage|p2a: Dragonite|90/100
|
|upkeep
|turn|3
|
|t:|1782340244
|move|p1b: LA GIRAFFA|Helping Hand|p1a: DINOSAUVO
|-singleturn|p1a: DINOSAUVO|Helping Hand|[of] p1b: LA GIRAFFA
|move|p1a: DINOSAUVO|Rock Slide|p2a: Dragonite|[spread] p2a,p2b
|-supereffective|p2a: Dragonite|1
|-damage|p2a: Dragonite|15/100
|-damage|p2b: Kangaskhan|59/100
|move|p2a: Dragonite|Air Slash|p1a: DINOSAUVO
|-resisted|p1a: DINOSAUVO|1
|-damage|p1a: DINOSAUVO|68/100
|move|p2b: Kangaskhan|Double-Edge|p1a: DINOSAUVO
|-resisted|p1a: DINOSAUVO|1
|-damage|p1a: DINOSAUVO|19/100
|-damage|p2b: Kangaskhan|48/100|[from] Recoil
|
|upkeep
|turn|4
|
|t:|1782340267
|move|p1b: LA GIRAFFA|Helping Hand|p1a: DINOSAUVO
|-singleturn|p1a: DINOSAUVO|Helping Hand|[of] p1b: LA GIRAFFA
|move|p2a: Dragonite|Protect|p2a: Dragonite
|-singleturn|p2a: Dragonite|Protect
|move|p1a: DINOSAUVO|Rock Slide|p2b: Kangaskhan|[spread] p2b
|-activate|p2a: Dragonite|move: Protect
|-damage|p2b: Kangaskhan|8/100
|move|p2b: Kangaskhan|Double-Edge|p1a: DINOSAUVO
|-resisted|p1a: DINOSAUVO|1
|-damage|p1a: DINOSAUVO|0 fnt
|faint|p1a: DINOSAUVO
|-damage|p2b: Kangaskhan|3/100|[from] Recoil
|
|-sideend|p2: Catfud|move: Tailwind
|-sideend|p1: exessvgc|move: Tailwind
|upkeep
|
|t:|1782340280
|switch|p1a: Sylveon|Sylveon, L50, M|100/100
|turn|5
|
|t:|1782340293
|switch|p2b: Ceruledge|Ceruledge, L50, F|100/100
|move|p1a: Sylveon|Quick Attack|p2b: Ceruledge
|-resisted|p2b: Ceruledge|1
|-damage|p2b: Ceruledge|90/100
|move|p2a: Dragonite|Air Slash|p1a: Sylveon
|-damage|p1a: Sylveon|62/100
|move|p1b: LA GIRAFFA|Trick Room|p1b: LA GIRAFFA
|-fieldstart|move: Trick Room|[of] p1b: LA GIRAFFA
|
|upkeep
|turn|6
|
|t:|1782340318
|switch|p2a: Kangaskhan|Kangaskhan, L50, F|3/100
|move|p1b: LA GIRAFFA|Helping Hand|p1a: Sylveon
|-singleturn|p1a: Sylveon|Helping Hand|[of] p1b: LA GIRAFFA
|move|p1a: Sylveon|Hyper Beam|p2b: Ceruledge
|-resisted|p2b: Ceruledge|1
|-damage|p2b: Ceruledge|0 fnt
|-mustrecharge|p1a: Sylveon
|faint|p2b: Ceruledge
|
|upkeep
|
|t:|1782340339
|switch|p2b: Decidueye|Decidueye-Hisui, L50, M|100/100
|turn|7
|
|t:|1782340352
|move|p2b: Decidueye|Leaf Blade|p1a: Sylveon
|-damage|p1a: Sylveon|13/100
|cant|p1a: Sylveon|recharge
|move|p1b: LA GIRAFFA|Twin Beam|p2b: Decidueye
|-supereffective|p2b: Decidueye|1
|-damage|p2b: Decidueye|72/100
|-supereffective|p2b: Decidueye|1
|-damage|p2b: Decidueye|43/100
|-hitcount|p2b: Decidueye|2
|move|p2a: Kangaskhan|Double-Edge|p1a: Sylveon
|-damage|p1a: Sylveon|0 fnt
|faint|p1a: Sylveon
|-damage|p2a: Kangaskhan|0 fnt|[from] Recoil
|faint|p2a: Kangaskhan
|
|upkeep
|
|t:|1782340369
|switch|p1a: Kingambit|Kingambit, L50, F|100/100
|switch|p2a: Dragonite|Dragonite-Mega, L50, M|15/100
|turn|8
|
|t:|1782340398
|move|p1a: Kingambit|Protect|p1a: Kingambit
|-singleturn|p1a: Kingambit|Protect
|move|p2b: Decidueye|Triple Arrows|p1a: Kingambit
|-activate|p1a: Kingambit|move: Protect
|move|p1b: LA GIRAFFA|Thunderbolt|p2a: Dragonite
|-damage|p2a: Dragonite|0 fnt
|faint|p2a: Dragonite
|
|upkeep
|turn|9
|
|t:|1782340411
|move|p1a: Kingambit|Iron Head|p2b: Decidueye
|-damage|p2b: Decidueye|0 fnt
|faint|p2b: Decidueye
|-damage|p1a: Kingambit|90/100|[from] item: Life Orb
|
|win|exessvgc
||exessvgc is ready for game 2.
|inactive|Catfud has 30 seconds to confirm battle start!
||Catfud is ready for game 2.
|uhtml|next|Next: Game 2 of 3
|l|‽Catfud
|player|p2|
