|j|☆LookBackInBanger
|j|☆Farei Jr VGC
|html|LookBackInBangerFarei Jr VGC    
|uhtml|bestof|Game 3 of a best-of-3
|t:|1756514139
|gametype|doubles
|player|p1|LookBackInBanger|mina|1062
|player|p2|Farei Jr VGC|hiker-gen7|1139
|gen|9
|tier|[Gen 9] VGC 2025 Reg H (Bo3)
|rated|
|rule|Species Clause: Limit one of each Pokémon
|rule|Item Clause: Limit 1 of each item
|clearpoke
|poke|p1|Dragonite, L50, F|
|poke|p1|Electabuzz, L50, F|
|poke|p1|Indeedee, L50, M|
|poke|p1|Sneasler, L50, M|
|poke|p1|Talonflame, L50, M|
|poke|p1|Ursaluna-Bloodmoon, L50, M|
|poke|p2|Maushold-Four, L50|
|poke|p2|Annihilape, L50, M|
|poke|p2|Rillaboom, L50, F|
|poke|p2|Klefki, L50, M|
|poke|p2|Volcarona, L50, M|
|poke|p2|Tyranitar, L50, M|
|teampreview|4
|showteam|p1|Dragonite||LoadedDice|Multiscale|ScaleShot,StompingTantrum,Haze,Protect|||F|||50|,,,,,Fairy]Electabuzz||Eviolite|VitalSpirit|Electroweb,FollowMe,Taunt,Protect|||F|||50|,,,,,Dragon]Indeedee||FocusSash|PsychicSurge|ExpandingForce,HelpingHand,TrickRoom,Imprison|||M|||50|,,,,,Psychic]Sneasler||PsychicSeed|Unburden|DireClaw,CloseCombat,ThroatChop,Protect|||M|||50|,,,,,Stellar]Talonflame||CovertCloak|GaleWings|FlareBlitz,DualWingbeat,WillOWisp,Tailwind|||M|||50|,,,,,Stellar]Ursaluna-Bloodmoon||LifeOrb|MindsEye|BloodMoon,HyperVoice,EarthPower,Protect|||M|||50|,,,,,Normal
|showteam|p2|Maushold-Four||SafetyGoggles|FriendGuard|Protect,BeatUp,Taunt,FollowMe||||||50|,,,,,Ghost]Annihilape||Leftovers|Defiant|Protect,RageFist,BulkUp,DrainPunch|||M|||50|,,,,,Fire]Rillaboom||MeadowPlate|GrassySurge|FakeOut,WoodHammer,GrassyGlide,Uturn|||F|||50|,,,,,Fire]Klefki||LightClay|Prankster|Reflect,LightScreen,ThunderWave,DazzlingGleam|||M|||50|,,,,,Water]Volcarona||GrassySeed|FlameBody|Protect,GigaDrain,QuiverDance,HeatWave|||M|||50|,,,,,Grass]Tyranitar||AssaultVest|SandStream|TeraBlast,RockSlide,LowKick,KnockOff|||M|||50|,,,,,Flying
|inactive|Battle timer is ON: inactive players will automatically lose when time's up. (requested by Farei Jr VGC)
|inactive|LookBackInBanger has 60 seconds left.
|
|t:|1756514191
|teamsize|p1|4
|teamsize|p2|4
|start
|switch|p1a: Ursaluna|Ursaluna-Bloodmoon, L50, M|100/100
|switch|p1b: Electabuzz|Electabuzz, L50, F|100/100
|switch|p2a: Klefki|Klefki, L50, M|100/100
|switch|p2b: Tyranitar|Tyranitar, L50, M|100/100
|-weather|Sandstorm|[from] ability: Sand Stream|[of] p2b: Tyranitar
|turn|1
|inactive|LookBackInBanger has 30 seconds left.
|inactive|Farei Jr VGC has 30 seconds left.
|inactive|LookBackInBanger has 20 seconds left.
|inactive|LookBackInBanger has 15 seconds left.
|inactive|LookBackInBanger has 10 seconds left.
|
|t:|1756514237
|move|p2a: Klefki|Light Screen|p2a: Klefki
|-sidestart|p2: Farei Jr VGC|move: Light Screen
|move|p1b: Electabuzz|Taunt|p2a: Klefki
|-start|p2a: Klefki|move: Taunt
|move|p1a: Ursaluna|Earth Power|p2b: Tyranitar
|-supereffective|p2b: Tyranitar
|-damage|p2b: Tyranitar|62/100
|-unboost|p2b: Tyranitar|spd|1
|-damage|p1a: Ursaluna|91/100|[from] item: Life Orb
|move|p2b: Tyranitar|Knock Off|p1b: Electabuzz
|-damage|p1b: Electabuzz|42/100
|-enditem|p1b: Electabuzz|Eviolite|[from] move: Knock Off|[of] p2b: Tyranitar
|
|-weather|Sandstorm|[upkeep]
|-damage|p1b: Electabuzz|36/100|[from] Sandstorm
|upkeep
|turn|2
|inactive|LookBackInBanger has 30 seconds left.
|inactive|LookBackInBanger has 20 seconds left.
|inactive|LookBackInBanger has 15 seconds left.
|inactive|LookBackInBanger has 10 seconds left.
|
|t:|1756514285
|switch|p2b: Rillaboom|Rillaboom, L50, F|100/100
|-fieldstart|move: Grassy Terrain|[from] ability: Grassy Surge|[of] p2b: Rillaboom
|move|p1b: Electabuzz|Electroweb|p2b: Rillaboom|[spread] p2a,p2b
|-resisted|p2b: Rillaboom
|-damage|p2a: Klefki|91/100
|-damage|p2b: Rillaboom|96/100
|-unboost|p2a: Klefki|spe|1
|-unboost|p2b: Rillaboom|spe|1
|move|p1a: Ursaluna|Blood Moon|p2b: Rillaboom
|-damage|p2b: Rillaboom|19/100
|-damage|p1a: Ursaluna|81/100|[from] item: Life Orb
|move|p2a: Klefki|Dazzling Gleam|p1b: Electabuzz|[spread] p1a,p1b
|-damage|p1a: Ursaluna|57/100
|-damage|p1b: Electabuzz|16/100
|
|-weather|Sandstorm|[upkeep]
|-damage|p1b: Electabuzz|10/100|[from] Sandstorm
|-damage|p2b: Rillaboom|12/100|[from] Sandstorm
|-heal|p1b: Electabuzz|16/100|[from] Grassy Terrain
|-heal|p1a: Ursaluna|63/100|[from] Grassy Terrain
|-heal|p2b: Rillaboom|19/100|[from] Grassy Terrain
|-heal|p2a: Klefki|97/100|[from] Grassy Terrain
|upkeep
|turn|3
|inactive|LookBackInBanger has 30 seconds left.
|
|t:|1756514318
|move|p1b: Electabuzz|Protect|p1b: Electabuzz
|-singleturn|p1b: Electabuzz|Protect
|move|p1a: Ursaluna|Protect|p1a: Ursaluna
|-singleturn|p1a: Ursaluna|Protect
|move|p2b: Rillaboom|U-turn|p1a: Ursaluna
|-activate|p1a: Ursaluna|move: Protect
|move|p2a: Klefki|Dazzling Gleam|p1a: Ursaluna|[spread] 
|-activate|p1a: Ursaluna|move: Protect
|-activate|p1b: Electabuzz|move: Protect
|
|-weather|Sandstorm|[upkeep]
|-damage|p1b: Electabuzz|10/100|[from] Sandstorm
|-damage|p2b: Rillaboom|12/100|[from] Sandstorm
|-heal|p1b: Electabuzz|16/100|[from] Grassy Terrain
|-heal|p1a: Ursaluna|69/100|[from] Grassy Terrain
|-heal|p2b: Rillaboom|19/100|[from] Grassy Terrain
|-heal|p2a: Klefki|100/100|[from] Grassy Terrain
|upkeep
|turn|4
|inactive|LookBackInBanger has 30 seconds left.
|inactive|LookBackInBanger has 20 seconds left.
|inactive|LookBackInBanger has 15 seconds left.
|inactive|LookBackInBanger has 10 seconds left.
|
|t:|1756514365
|switch|p2b: Tyranitar|Tyranitar, L50, M|62/100
|move|p1b: Electabuzz|Electroweb|p2a: Klefki|[spread] p2a,p2b
|-damage|p2a: Klefki|90/100
|-damage|p2b: Tyranitar|59/100
|-unboost|p2a: Klefki|spe|1
|-unboost|p2b: Tyranitar|spe|1
|move|p1a: Ursaluna|Hyper Voice|p2b: Tyranitar|[spread] p2a,p2b
|-resisted|p2a: Klefki
|-resisted|p2b: Tyranitar
|-damage|p2a: Klefki|72/100
|-damage|p2b: Tyranitar|52/100
|-damage|p1a: Ursaluna|60/100|[from] item: Life Orb
|move|p2a: Klefki|Dazzling Gleam|p1a: Ursaluna|[spread] p1a,p1b
|-damage|p1a: Ursaluna|37/100
|-damage|p1b: Electabuzz|0 fnt
|faint|p1b: Electabuzz
|
|-weather|Sandstorm|[upkeep]
|-heal|p1a: Ursaluna|43/100|[from] Grassy Terrain
|-heal|p2b: Tyranitar|58/100|[from] Grassy Terrain
|-heal|p2a: Klefki|78/100|[from] Grassy Terrain
|-end|p2a: Klefki|move: Taunt
|upkeep
|inactive|LookBackInBanger has 30 seconds left.
|
|t:|1756514391
|switch|p1b: Sneasler|Sneasler, L50, M|100/100
|turn|5
|inactive|LookBackInBanger has 30 seconds left.
|inactive|LookBackInBanger has 20 seconds left.
|inactive|LookBackInBanger has 15 seconds left.
|inactive|LookBackInBanger has 10 seconds left.
|
|t:|1756514440
|switch|p2b: Annihilape|Annihilape, L50, M|100/100
|-terastallize|p1a: Ursaluna|Normal
|move|p2a: Klefki|Thunder Wave|p1b: Sneasler
|-status|p1b: Sneasler|par
|move|p1a: Ursaluna|Blood Moon|p2b: Annihilape
|-damage|p2b: Annihilape|8/100
|-damage|p1a: Ursaluna|33/100|[from] item: Life Orb
|move|p1b: Sneasler|Close Combat|p2a: Klefki
|-damage|p2a: Klefki|21/100
|-unboost|p1b: Sneasler|def|1
|-unboost|p1b: Sneasler|spd|1
|
|-weather|none
|-heal|p2b: Annihilape|14/100|[from] Grassy Terrain
|-heal|p2b: Annihilape|21/100|[from] item: Leftovers
|-heal|p1a: Ursaluna|39/100|[from] Grassy Terrain
|-heal|p2a: Klefki|27/100|[from] Grassy Terrain
|upkeep
|turn|6
|inactive|LookBackInBanger has 30 seconds left.
|inactive|Farei Jr VGC has 30 seconds left.
|inactive|LookBackInBanger has 20 seconds left.
|inactive|LookBackInBanger has 15 seconds left.
|inactive|Farei Jr VGC has 20 seconds left.
|inactive|LookBackInBanger has 10 seconds left.
|inactive|Farei Jr VGC has 15 seconds left.
|inactive|LookBackInBanger has 5 seconds left.
|inactive|Farei Jr VGC has 10 seconds left.
|
|t:|1756514494
|switch|p1a: Indeedee|Indeedee, L50, M|100/100
|-fieldstart|move: Psychic Terrain|[from] ability: Psychic Surge|[of] p1a: Indeedee
|-enditem|p1b: Sneasler|Psychic Seed
|-boost|p1b: Sneasler|spd|1|[from] item: Psychic Seed
|move|p2a: Klefki|Reflect|p2a: Klefki
|-sidestart|p2: Farei Jr VGC|Reflect
|cant|p1b: Sneasler|par
|move|p2b: Annihilape|Drain Punch|p1a: Indeedee
|-damage|p1a: Indeedee|38/100
|-heal|p2b: Annihilape|41/100|[from] drain|[of] p1a: Indeedee
|
|-heal|p2b: Annihilape|48/100|[from] item: Leftovers
|upkeep
|turn|7
|inactive|LookBackInBanger has 30 seconds left.
|inactive|LookBackInBanger has 20 seconds left.
|inactive|LookBackInBanger has 15 seconds left.
|inactive|LookBackInBanger has 10 seconds left.
|inactive|LookBackInBanger has 5 seconds left.
|
|t:|1756514546
|switch|p2a: Rillaboom|Rillaboom, L50, F|19/100
|-fieldstart|move: Grassy Terrain|[from] ability: Grassy Surge|[of] p2a: Rillaboom
|move|p2b: Annihilape|Protect|p2b: Annihilape
|-singleturn|p2b: Annihilape|Protect
|move|p1b: Sneasler|Throat Chop|p2b: Annihilape
|-activate|p2b: Annihilape|move: Protect
|move|p1a: Indeedee|Expanding Force|p2b: Annihilape
|-activate|p2b: Annihilape|move: Protect
|
|-heal|p2b: Annihilape|54/100|[from] Grassy Terrain
|-heal|p2b: Annihilape|60/100|[from] item: Leftovers
|-heal|p1a: Indeedee|44/100|[from] Grassy Terrain
|-heal|p2a: Rillaboom|25/100|[from] Grassy Terrain
|upkeep
|turn|8
|inactive|LookBackInBanger has 30 seconds left.
|inactive|Farei Jr VGC has 30 seconds left.
|inactive|LookBackInBanger has 20 seconds left.
|inactive|LookBackInBanger has 15 seconds left.
|inactive|LookBackInBanger has 10 seconds left.
|
|t:|1756514595
|move|p2a: Rillaboom|Grassy Glide|p1a: Indeedee
|-damage|p1a: Indeedee|0 fnt
|faint|p1a: Indeedee
|move|p1b: Sneasler|Throat Chop|p2b: Annihilape
|-damage|p2b: Annihilape|39/100
|-start|p2b: Annihilape|Throat Chop|[silent]
|move|p2b: Annihilape|Rage Fist|p1b: Sneasler
|-damage|p1b: Sneasler|0 fnt
|faint|p1b: Sneasler
|
|-heal|p2b: Annihilape|45/100|[from] Grassy Terrain
|-heal|p2b: Annihilape|51/100|[from] item: Leftovers
|-heal|p2a: Rillaboom|31/100|[from] Grassy Terrain
|-sideend|p2: Farei Jr VGC|move: Light Screen
|upkeep
|inactive|LookBackInBanger has 30 seconds left.
|
|t:|1756514611
|switch|p1b: Ursaluna|Ursaluna-Bloodmoon, L50, M, tera:Normal|39/100
|turn|9
|inactive|LookBackInBanger has 25 seconds left this turn.
|c|☆LookBackInBanger|ggs!
|inactive|LookBackInBanger has 20 seconds left.
|
|t:|1756514617
|move|p2b: Annihilape|Drain Punch|p1b: Ursaluna
|-supereffective|p1b: Ursaluna
|-damage|p1b: Ursaluna|0 fnt
|-heal|p2b: Annihilape|69/100|[from] drain|[of] p1b: Ursaluna
|faint|p1b: Ursaluna
|
|win|Farei Jr VGC
|raw|LookBackInBanger's rating: 1062 → 1047(-15 for losing)
|raw|Farei Jr VGC's rating: 1139 → 1159(+20 for winning)
|c|☆Farei Jr VGC|GG!
|l|☆Farei Jr VGC
|player|p2|
