|j|☆Shionaki
|j|☆heatvw
|html|Shionakiheatvw    
|uhtml|bestof|Game 2 of a best-of-3
|t:|1756959257
|gametype|doubles
|player|p1|Shionaki|cynthia-gen4|1117
|player|p2|heatvw|gambler|1100
|gen|9
|tier|[Gen 9] VGC 2025 Reg H (Bo3)
|rated|
|rule|Species Clause: Limit one of each Pokémon
|rule|Item Clause: Limit 1 of each item
|clearpoke
|poke|p1|Sneasler, L50, M|
|poke|p1|Primarina, L50, F|
|poke|p1|Kingambit, L50, M|
|poke|p1|Dragapult, L50, M|
|poke|p1|Rillaboom, L50, M|
|poke|p1|Magmar, L50, F|
|poke|p2|Flamigo, L50, F|
|poke|p2|Ninetales-Alola, L50, F|
|poke|p2|Garchomp, L50, M|
|poke|p2|Incineroar, L50, F|
|poke|p2|Amoonguss, L50, F|
|poke|p2|Kingambit, L50, F|
|teampreview|4
|showteam|p1|Sneasler||FocusSash|PoisonTouch|CloseCombat,DireClaw,FakeOut,Protect|||M|||50|,,,,,Stellar]Primarina||SitrusBerry|LiquidVoice|HyperVoice,Moonblast,Protect,Haze|||F|||50|,,,,,Water]Kingambit||BlackGlasses|Defiant|KowtowCleave,SuckerPunch,Protect,SwordsDance|||M|||50|,,,,,Ghost]Dragapult||ChoiceBand|ClearBody|DragonDarts,TeraBlast,PhantomForce,Uturn|||M|||50|,,,,,Ghost]Rillaboom||AssaultVest|GrassySurge|WoodHammer,GrassyGlide,HighHorsepower,FakeOut|||M|||50|,,,,,Fire]Magmar||Eviolite|VitalSpirit|Overheat,WillOWisp,FollowMe,Protect|||F|||50|,,,,,Ghost
|showteam|p2|Flamigo||ChoiceBand|Scrappy|Uturn,CloseCombat,BraveBird,Facade|||F|||50|,,,,,Stellar]Ninetales-Alola||FocusSash|SnowWarning|Protect,Encore,IcyWind,Blizzard|||F|||50|,,,,,Ghost]Garchomp||LifeOrb|RoughSkin|DragonClaw,StompingTantrum,Earthquake,Protect|||M|||50|,,,,,Ground]Incineroar||SafetyGoggles|Intimidate|FakeOut,FlareBlitz,KnockOff,PartingShot|||F|||50|,,,,,Ghost]Amoonguss||SitrusBerry|Regenerator|Spore,RagePowder,PollenPuff,Protect|||F|||50|,,,,,Water]Kingambit||AssaultVest|Defiant|KowtowCleave,IronHead,LowKick,SuckerPunch|||F|||50|,,,,,Fire
|inactive|Battle timer is ON: inactive players will automatically lose when time's up. (requested by heatvw)
|
|t:|1756959281
|teamsize|p1|4
|teamsize|p2|4
|start
|switch|p1a: Sneasler|Sneasler, L50, M|100/100
|switch|p1b: Primarina|Primarina, L50, F|100/100
|switch|p2a: Flamigo|Flamigo, L50, F, shiny|100/100
|switch|p2b: Garchomp|Garchomp, L50, M, shiny|100/100
|turn|1
|inactive|heatvw has 30 seconds left.
|
|t:|1756959315
|-terastallize|p2a: Flamigo|Stellar
|move|p1a: Sneasler|Fake Out|p2a: Flamigo
|-damage|p2a: Flamigo|81/100
|move|p2b: Garchomp|Dragon Claw|p1a: Sneasler
|-damage|p1a: Sneasler|8/100
|-damage|p2b: Garchomp|91/100|[from] item: Life Orb
|cant|p2a: Flamigo|flinch
|move|p1b: Primarina|Moonblast|p2a: Flamigo
|-supereffective|p2a: Flamigo
|-damage|p2a: Flamigo|0 fnt
|faint|p2a: Flamigo
|
|upkeep
|
|t:|1756959320
|switch|p2a: Amoonguss|Amoonguss, L50, F, shiny|100/100
|turn|2
|
|t:|1756959337
|switch|p1b: Rillaboom|Rillaboom, L50, M|100/100
|-fieldstart|move: Grassy Terrain|[from] ability: Grassy Surge|[of] p1b: Rillaboom
|move|p1a: Sneasler|Protect|p1a: Sneasler
|-singleturn|p1a: Sneasler|Protect
|move|p2b: Garchomp|Protect|p2b: Garchomp
|-singleturn|p2b: Garchomp|Protect
|move|p2a: Amoonguss|Spore|p1b: Rillaboom
|-immune|p1b: Rillaboom
|
|-heal|p1a: Sneasler|13/100|[from] Grassy Terrain
|-heal|p2b: Garchomp|97/100|[from] Grassy Terrain
|upkeep
|turn|3
|
|t:|1756959357
|move|p1b: Rillaboom|Fake Out|p2a: Amoonguss
|-damage|p2a: Amoonguss|88/100
|move|p1a: Sneasler|Dire Claw|p2b: Garchomp
|-resisted|p2b: Garchomp
|-damage|p2b: Garchomp|77/100
|-status|p2b: Garchomp|par
|-damage|p1a: Sneasler|1/100|[from] ability: Rough Skin|[of] p2b: Garchomp
|move|p2b: Garchomp|Dragon Claw|p1b: Rillaboom
|-damage|p1b: Rillaboom|46/100
|-damage|p2b: Garchomp|67/100 par|[from] item: Life Orb
|cant|p2a: Amoonguss|flinch
|
|-heal|p1a: Sneasler|7/100|[from] Grassy Terrain
|-heal|p1b: Rillaboom|52/100|[from] Grassy Terrain
|-heal|p2b: Garchomp|73/100 par|[from] Grassy Terrain
|-heal|p2a: Amoonguss|94/100|[from] Grassy Terrain
|upkeep
|turn|4
|inactive|Shionaki has 30 seconds left.
|
|t:|1756959390
|move|p1b: Rillaboom|Grassy Glide|p2b: Garchomp
|-crit|p2b: Garchomp
|-damage|p2b: Garchomp|14/100 par
|-damage|p1b: Rillaboom|40/100|[from] ability: Rough Skin|[of] p2b: Garchomp
|move|p1a: Sneasler|Close Combat|p2b: Garchomp
|-damage|p2b: Garchomp|0 fnt
|-unboost|p1a: Sneasler|def|1
|-unboost|p1a: Sneasler|spd|1
|-damage|p1a: Sneasler|0 fnt|[from] ability: Rough Skin|[of] p2b: Garchomp
|faint|p2b: Garchomp
|faint|p1a: Sneasler
|move|p2a: Amoonguss|Pollen Puff|p2: Garchomp|[notarget]
|-fail|p2a: Amoonguss
|
|-heal|p1b: Rillaboom|46/100|[from] Grassy Terrain
|-heal|p2a: Amoonguss|99/100|[from] Grassy Terrain
|upkeep
|
|t:|1756959405
|switch|p1a: Dragapult|Dragapult, L50, M|100/100
|switch|p2b: Ninetales|Ninetales-Alola, L50, F|100/100
|-weather|Snowscape|[from] ability: Snow Warning|[of] p2b: Ninetales
|turn|5
|
|t:|1756959428
|-terastallize|p1a: Dragapult|Ghost
|move|p1b: Rillaboom|Grassy Glide|p2b: Ninetales
|-damage|p2b: Ninetales|64/100
|move|p1a: Dragapult|Phantom Force||[still]
|-prepare|p1a: Dragapult|Phantom Force
|move|p2b: Ninetales|Blizzard|p1b: Rillaboom|[spread] p1b
|-miss|p2b: Ninetales|p1a: Dragapult
|-supereffective|p1b: Rillaboom
|-damage|p1b: Rillaboom|0 fnt
|faint|p1b: Rillaboom
|move|p2a: Amoonguss|Spore|p1a: Dragapult|[miss]
|-miss|p2a: Amoonguss|p1a: Dragapult
|
|-weather|Snowscape|[upkeep]
|-heal|p2b: Ninetales|70/100|[from] Grassy Terrain
|-heal|p2a: Amoonguss|100/100|[from] Grassy Terrain
|upkeep
|
|t:|1756959442
|switch|p1b: Primarina|Primarina, L50, F|100/100
|turn|6
|
|t:|1756959455
|move|p2a: Amoonguss|Rage Powder|p2a: Amoonguss
|-singleturn|p2a: Amoonguss|move: Rage Powder
|move|p1a: Dragapult|Phantom Force|p2a: Amoonguss|[from] lockedmove
|-damage|p2a: Amoonguss|30/100
|-enditem|p2a: Amoonguss|Sitrus Berry|[eat]
|-heal|p2a: Amoonguss|55/100|[from] item: Sitrus Berry
|move|p2b: Ninetales|Blizzard|p1b: Primarina|[spread] p1a,p1b
|-resisted|p1b: Primarina
|-damage|p1a: Dragapult|56/100
|-damage|p1b: Primarina|87/100
|move|p1b: Primarina|Hyper Voice|p2a: Amoonguss|[spread] p2a,p2b
|-resisted|p2a: Amoonguss
|-damage|p2a: Amoonguss|40/100
|-damage|p2b: Ninetales|34/100
|
|-weather|Snowscape|[upkeep]
|-heal|p1a: Dragapult|62/100|[from] Grassy Terrain
|-heal|p2b: Ninetales|40/100|[from] Grassy Terrain
|-heal|p1b: Primarina|93/100|[from] Grassy Terrain
|-heal|p2a: Amoonguss|46/100|[from] Grassy Terrain
|-fieldend|move: Grassy Terrain
|upkeep
|turn|7
|
|t:|1756959474
|move|p1a: Dragapult|Phantom Force||[still]
|-prepare|p1a: Dragapult|Phantom Force
|move|p2b: Ninetales|Blizzard|p1b: Primarina|[spread] p1b
|-miss|p2b: Ninetales|p1a: Dragapult
|-resisted|p1b: Primarina
|-damage|p1b: Primarina|81/100
|move|p1b: Primarina|Hyper Voice|p2b: Ninetales|[spread] p2a,p2b
|-resisted|p2a: Amoonguss
|-damage|p2a: Amoonguss|31/100
|-damage|p2b: Ninetales|4/100
|move|p2a: Amoonguss|Spore|p1b: Primarina
|-status|p1b: Primarina|slp|[from] move: Spore
|
|-weather|Snowscape|[upkeep]
|upkeep
|turn|8
|
|t:|1756959487
|move|p2a: Amoonguss|Rage Powder|p2a: Amoonguss
|-singleturn|p2a: Amoonguss|move: Rage Powder
|move|p1a: Dragapult|Phantom Force|p2a: Amoonguss|[from] lockedmove
|-damage|p2a: Amoonguss|0 fnt
|faint|p2a: Amoonguss
|move|p2b: Ninetales|Blizzard|p1b: Primarina|[spread] p1a,p1b
|-resisted|p1b: Primarina
|-damage|p1a: Dragapult|17/100
|-damage|p1b: Primarina|68/100 slp
|cant|p1b: Primarina|slp
|
|-weather|Snowscape|[upkeep]
|upkeep
|turn|9
|
|t:|1756959496
|move|p1a: Dragapult|Phantom Force||[still]
|-prepare|p1a: Dragapult|Phantom Force
|move|p2b: Ninetales|Blizzard|p1b: Primarina|[spread] p1b
|-miss|p2b: Ninetales|p1a: Dragapult
|-resisted|p1b: Primarina
|-crit|p1b: Primarina
|-damage|p1b: Primarina|48/100 slp
|-enditem|p1b: Primarina|Sitrus Berry|[eat]
|-heal|p1b: Primarina|73/100 slp|[from] item: Sitrus Berry
|cant|p1b: Primarina|slp
|
|-weather|none
|upkeep
|turn|10
|
|t:|1756959506
|move|p1a: Dragapult|Phantom Force|p2b: Ninetales|[from] lockedmove
|-damage|p2b: Ninetales|0 fnt
|faint|p2b: Ninetales
|
|win|Shionaki
||heatvw is ready for game 3.
||Shionaki is ready for game 3.
|uhtml|next|Next: Game 3 of 3
|l|☆Shionaki
|player|p1|
