|j|☆Myshirtisdirty
|j|☆Chknadobovgc
|html|MyshirtisdirtyChknadobovgc    
|uhtml|bestof|Game 1 of a best-of-3
|t:|1756695715
|gametype|doubles
|player|p1|Myshirtisdirty|266|1089
|player|p2|Chknadobovgc|2|1193
|gen|9
|tier|[Gen 9] VGC 2025 Reg H (Bo3)
|rated|
|rule|Species Clause: Limit one of each Pokémon
|rule|Item Clause: Limit 1 of each item
|clearpoke
|poke|p1|Garchomp, L50, F|
|poke|p1|Whimsicott, L50, F|
|poke|p1|Corviknight, L50, M|
|poke|p1|Primarina, L50, F|
|poke|p1|Arcanine-Hisui, L50, M|
|poke|p1|Tyranitar, L50, F|
|poke|p2|Indeedee, L50, M|
|poke|p2|Sneasler, L50, F|
|poke|p2|Excadrill, L50, M|
|poke|p2|Annihilape, L50, M|
|poke|p2|Corviknight, L50, F|
|poke|p2|Tyranitar, L50, M|
|teampreview|4
|showteam|p1|Garchomp||LifeOrb|SandVeil|DragonClaw,SwordsDance,StompingTantrum,Protect|||F|||50|,,,,,Steel]Whimsicott||CovertCloak|Prankster|LightScreen,Moonblast,Tailwind,Encore|||F|||50|,,,,,Water]Corviknight||RockyHelmet|MirrorArmor|BraveBird,IronDefense,BodyPress,Roost|||M|||50|,,,,,Fire]Primarina||ThroatSpray|LiquidVoice|HyperVoice,Moonblast,Protect,IceBeam|||F|||50|,,,,,Fire]Arcanine-Hisui||ClearAmulet|Intimidate|FlareBlitz,RockSlide,ExtremeSpeed,Protect|||M|||50|,,,,,Flying]Tyranitar||AssaultVest|SandStream|RockSlide,Crunch,TeraBlast,LowKick|||F|||50|,,,,,Flying
|showteam|p2|Indeedee||ChoiceScarf|PsychicSurge|ExpandingForce,TeraBlast,Trick,Protect|||M|||50|,,,,,Psychic]Sneasler||PsychicSeed|Unburden|CloseCombat,DireClaw,ThroatChop,Protect|||F|||50|,,,,,Dark]Excadrill||FocusSash|SandRush|Earthquake,IronHead,HighHorsepower,Protect|||M|||50|,,,,,Stellar]Annihilape||SafetyGoggles|Defiant|CloseCombat,RageFist,Taunt,FinalGambit|||M|||50|,,,,,Water]Corviknight||Leftovers|MirrorArmor|BraveBird,Tailwind,BulkUp,Roost|||F|||50|,,,,,Dragon]Tyranitar||AssaultVest|SandStream|RockSlide,KnockOff,LowKick,TeraBlast|||M|||50|,,,,,Flying
|inactive|Battle timer is ON: inactive players will automatically lose when time's up. (requested by Chknadobovgc)
|
|t:|1756695759
|teamsize|p1|4
|teamsize|p2|4
|start
|switch|p1a: Whimsicott|Whimsicott, L50, F|100/100
|switch|p1b: Tyranitar|Tyranitar, L50, F|100/100
|switch|p2a: Indeedee|Indeedee, L50, M|100/100
|switch|p2b: Annihilape|Annihilape, L50, M, shiny|100/100
|-fieldstart|move: Psychic Terrain|[from] ability: Psychic Surge|[of] p2a: Indeedee
|-weather|Sandstorm|[from] ability: Sand Stream|[of] p1b: Tyranitar
|turn|1
|inactive|Chknadobovgc has 30 seconds left.
|
|t:|1756695794
|move|p1a: Whimsicott|Tailwind|p1a: Whimsicott
|-sidestart|p1: Myshirtisdirty|move: Tailwind
|move|p2a: Indeedee|Expanding Force|p1b: Tyranitar|[spread] p1a
|-immune|p1b: Tyranitar
|-damage|p1a: Whimsicott|25/100
|move|p2b: Annihilape|Final Gambit|p1b: Tyranitar
|-damage|p1b: Tyranitar|0 fnt
|faint|p2b: Annihilape
|faint|p1b: Tyranitar
|
|-weather|Sandstorm|[upkeep]
|-damage|p1a: Whimsicott|19/100|[from] Sandstorm
|-damage|p2a: Indeedee|95/100|[from] Sandstorm
|upkeep
|
|t:|1756695804
|switch|p2b: Corviknight|Corviknight, L50, F, shiny|100/100
|switch|p1b: Primarina|Primarina, L50, F, shiny|100/100
|turn|2
|
|t:|1756695824
|-terastallize|p2a: Indeedee|Psychic
|move|p1a: Whimsicott|Light Screen|p1a: Whimsicott
|-sidestart|p1: Myshirtisdirty|move: Light Screen
|move|p2a: Indeedee|Expanding Force|p1b: Primarina|[spread] p1a,p1b
|-damage|p1a: Whimsicott|0 fnt
|-damage|p1b: Primarina|53/100
|faint|p1a: Whimsicott
|move|p1b: Primarina|Hyper Voice|p2a: Indeedee|[spread] p2a,p2b
|-crit|p2b: Corviknight
|-damage|p2a: Indeedee|49/100
|-damage|p2b: Corviknight|49/100
|-enditem|p1b: Primarina|Throat Spray
|-boost|p1b: Primarina|spa|1|[from] item: Throat Spray
|move|p2b: Corviknight|Tailwind|p2b: Corviknight
|-sidestart|p2: Chknadobovgc|move: Tailwind
|
|-weather|Sandstorm|[upkeep]
|-damage|p2a: Indeedee|43/100|[from] Sandstorm
|-damage|p1b: Primarina|47/100|[from] Sandstorm
|-heal|p2b: Corviknight|55/100|[from] item: Leftovers
|upkeep
|
|t:|1756695837
|switch|p1a: Corviknight|Corviknight, L50, M|100/100
|turn|3
|
|t:|1756695848
|move|p1b: Primarina|Protect|p1b: Primarina
|-singleturn|p1b: Primarina|Protect
|move|p2a: Indeedee|Expanding Force|p1b: Primarina|[spread] p1a
|-activate|p1b: Primarina|move: Protect
|-resisted|p1a: Corviknight
|-damage|p1a: Corviknight|77/100
|move|p2b: Corviknight|Roost|p2b: Corviknight
|-heal|p2b: Corviknight|100/100
|-singleturn|p2b: Corviknight|move: Roost
|move|p1a: Corviknight|Brave Bird|p2a: Indeedee
|-damage|p2a: Indeedee|0 fnt
|faint|p2a: Indeedee
|-damage|p1a: Corviknight|66/100|[from] Recoil
|
|-weather|Sandstorm|[upkeep]
|-damage|p1b: Primarina|41/100|[from] Sandstorm
|upkeep
|
|t:|1756695853
|switch|p2a: Excadrill|Excadrill, L50, M|100/100
|turn|4
|
|t:|1756695874
|move|p2a: Excadrill|Earthquake|p1b: Primarina|[spread] p1b
|-immune|p2b: Corviknight
|-immune|p1a: Corviknight
|-damage|p1b: Primarina|0 fnt
|faint|p1b: Primarina
|move|p2b: Corviknight|Bulk Up|p2b: Corviknight
|-boost|p2b: Corviknight|atk|1
|-boost|p2b: Corviknight|def|1
|move|p1a: Corviknight|Iron Defense|p1a: Corviknight
|-boost|p1a: Corviknight|def|2
|
|-weather|Sandstorm|[upkeep]
|-sideend|p1: Myshirtisdirty|move: Tailwind
|upkeep
|turn|5
|
|t:|1756695889
|move|p2a: Excadrill|Iron Head|p1a: Corviknight
|-resisted|p1a: Corviknight
|-damage|p1a: Corviknight|58/100
|-damage|p2a: Excadrill|84/100|[from] item: Rocky Helmet|[of] p1a: Corviknight
|move|p2b: Corviknight|Bulk Up|p2b: Corviknight
|-boost|p2b: Corviknight|atk|1
|-boost|p2b: Corviknight|def|1
|move|p1a: Corviknight|Body Press|p2b: Corviknight
|-damage|p2b: Corviknight|77/100
|
|-weather|none
|-heal|p2b: Corviknight|83/100|[from] item: Leftovers
|-sideend|p2: Chknadobovgc|move: Tailwind
|-fieldend|move: Psychic Terrain
|upkeep
|turn|6
|
|t:|1756695911
|move|p2a: Excadrill|Protect|p2a: Excadrill
|-singleturn|p2a: Excadrill|Protect
|move|p2b: Corviknight|Bulk Up|p2b: Corviknight
|-boost|p2b: Corviknight|atk|1
|-boost|p2b: Corviknight|def|1
|move|p1a: Corviknight|Body Press|p2a: Excadrill
|-activate|p2a: Excadrill|move: Protect
|
|-heal|p2b: Corviknight|89/100|[from] item: Leftovers
|-sideend|p1: Myshirtisdirty|move: Light Screen
|upkeep
|turn|7
|
|t:|1756695924
|move|p2a: Excadrill|Iron Head|p1a: Corviknight
|-resisted|p1a: Corviknight
|-damage|p1a: Corviknight|49/100
|-damage|p2a: Excadrill|68/100|[from] item: Rocky Helmet|[of] p1a: Corviknight
|move|p2b: Corviknight|Brave Bird|p1a: Corviknight
|-resisted|p1a: Corviknight
|-damage|p1a: Corviknight|30/100
|-damage|p2b: Corviknight|73/100|[from] item: Rocky Helmet|[of] p1a: Corviknight
|-damage|p2b: Corviknight|67/100|[from] Recoil
|move|p1a: Corviknight|Body Press|p2a: Excadrill
|-supereffective|p2a: Excadrill
|-damage|p2a: Excadrill|0 fnt
|faint|p2a: Excadrill
|
|-heal|p2b: Corviknight|73/100|[from] item: Leftovers
|upkeep
|turn|8
|
|t:|1756695939
|move|p2b: Corviknight|Roost|p2b: Corviknight
|-heal|p2b: Corviknight|100/100
|-singleturn|p2b: Corviknight|move: Roost
|move|p1a: Corviknight|Roost|p1a: Corviknight
|-heal|p1a: Corviknight|80/100
|-singleturn|p1a: Corviknight|move: Roost
|
|upkeep
|turn|9
|
|t:|1756695947
|move|p2b: Corviknight|Bulk Up|p2b: Corviknight
|-boost|p2b: Corviknight|atk|1
|-boost|p2b: Corviknight|def|1
|move|p1a: Corviknight|Body Press|p2b: Corviknight
|-damage|p2b: Corviknight|85/100
|
|-heal|p2b: Corviknight|91/100|[from] item: Leftovers
|upkeep
|turn|10
|
|t:|1756695953
|move|p2b: Corviknight|Brave Bird|p1a: Corviknight
|-resisted|p1a: Corviknight
|-damage|p1a: Corviknight|55/100
|-damage|p2b: Corviknight|75/100|[from] item: Rocky Helmet|[of] p1a: Corviknight
|-damage|p2b: Corviknight|67/100|[from] Recoil
|move|p1a: Corviknight|Iron Defense|p1a: Corviknight
|-boost|p1a: Corviknight|def|2
|
|-heal|p2b: Corviknight|73/100|[from] item: Leftovers
|upkeep
|turn|11
|
|t:|1756695967
|move|p2b: Corviknight|Bulk Up|p2b: Corviknight
|-boost|p2b: Corviknight|atk|1
|-boost|p2b: Corviknight|def|1
|move|p1a: Corviknight|Roost|p1a: Corviknight
|-heal|p1a: Corviknight|100/100
|-singleturn|p1a: Corviknight|move: Roost
|
|-heal|p2b: Corviknight|79/100|[from] item: Leftovers
|upkeep
|turn|12
|
|t:|1756695973
|move|p2b: Corviknight|Bulk Up|p2b: Corviknight
|-boost|p2b: Corviknight|atk|1
|-boost|p2b: Corviknight|def|1
|move|p1a: Corviknight|Body Press|p2b: Corviknight
|-damage|p2b: Corviknight|63/100
|
|-heal|p2b: Corviknight|69/100|[from] item: Leftovers
|upkeep
|turn|13
|
|t:|1756695981
|move|p2b: Corviknight|Brave Bird|p1a: Corviknight
|-resisted|p1a: Corviknight
|-damage|p1a: Corviknight|80/100
|-damage|p2b: Corviknight|52/100|[from] item: Rocky Helmet|[of] p1a: Corviknight
|-damage|p2b: Corviknight|46/100|[from] Recoil
|move|p1a: Corviknight|Body Press|p2b: Corviknight
|-damage|p2b: Corviknight|30/100
|
|-heal|p2b: Corviknight|36/100|[from] item: Leftovers
|upkeep
|turn|14
|
|t:|1756695991
|move|p2b: Corviknight|Roost|p2b: Corviknight
|-heal|p2b: Corviknight|86/100
|-singleturn|p2b: Corviknight|move: Roost
|move|p1a: Corviknight|Iron Defense|p1a: Corviknight
|-boost|p1a: Corviknight|def|2
|
|-heal|p2b: Corviknight|92/100|[from] item: Leftovers
|upkeep
|turn|15
|
|t:|1756695997
|move|p2b: Corviknight|Brave Bird|p1a: Corviknight
|-resisted|p1a: Corviknight
|-damage|p1a: Corviknight|62/100
|-damage|p2b: Corviknight|75/100|[from] item: Rocky Helmet|[of] p1a: Corviknight
|-damage|p2b: Corviknight|70/100|[from] Recoil
|move|p1a: Corviknight|Body Press|p2b: Corviknight
|-damage|p2b: Corviknight|49/100
|
|-heal|p2b: Corviknight|54/100|[from] item: Leftovers
|upkeep
|turn|16
|
|t:|1756696009
|move|p2b: Corviknight|Roost|p2b: Corviknight
|-heal|p2b: Corviknight|100/100
|-singleturn|p2b: Corviknight|move: Roost
|move|p1a: Corviknight|Body Press|p2b: Corviknight
|-supereffective|p2b: Corviknight
|-damage|p2b: Corviknight|55/100
|
|-heal|p2b: Corviknight|61/100|[from] item: Leftovers
|upkeep
|turn|17
|
|t:|1756696021
|move|p2b: Corviknight|Brave Bird|p1a: Corviknight
|-resisted|p1a: Corviknight
|-damage|p1a: Corviknight|46/100
|-damage|p2b: Corviknight|45/100|[from] item: Rocky Helmet|[of] p1a: Corviknight
|-damage|p2b: Corviknight|40/100|[from] Recoil
|move|p1a: Corviknight|Body Press|p2b: Corviknight
|-crit|p2b: Corviknight
|-damage|p2b: Corviknight|0 fnt
|faint|p2b: Corviknight
|
|win|Myshirtisdirty
||Myshirtisdirty is ready for game 2.
|inactive|Chknadobovgc has 30 seconds to confirm battle start!
|inactive|Chknadobovgc has 20 seconds to confirm battle start!
||Chknadobovgc is ready for game 2.
|uhtml|next|Next: Game 2 of 3
|l|☆Myshirtisdirty
|player|p1|
|l|☆Chknadobovgc
|player|p2|
|j|☆Chknadobovgc
|player|p2|Chknadobovgc|2|
