|j|☆monado476
|j|☆pealcantara28
|html|monado476pealcantara28    
|uhtml|bestof|Game 2 of a best-of-3
|t:|1756743437
|gametype|doubles
|player|p1|monado476|volkner|1198
|player|p2|pealcantara28|cynthia-gen4|1095
|gen|9
|tier|[Gen 9] VGC 2025 Reg H (Bo3)
|rated|
|rule|Species Clause: Limit one of each Pokémon
|rule|Item Clause: Limit 1 of each item
|clearpoke
|poke|p1|Incineroar, L50, F|
|poke|p1|Whimsicott, L50, M|
|poke|p1|Ursaluna-Bloodmoon, L50, M|
|poke|p1|Kleavor, L50, F|
|poke|p1|Gholdengo, L50|
|poke|p1|Primarina, L50, M|
|poke|p2|Archaludon, L50, M|
|poke|p2|Pelipper, L50, M|
|poke|p2|Incineroar, L50, F|
|poke|p2|Basculegion, L50, M|
|poke|p2|Sinistcha-Masterpiece, L50|
|poke|p2|Kingambit, L50, F|
|teampreview|4
|showteam|p1|Incineroar||SafetyGoggles|Intimidate|FakeOut,PartingShot,KnockOff,FlareBlitz|||F|||50|,,,,,Grass]Whimsicott||FocusSash|Prankster|Moonblast,Tailwind,Encore,Taunt|||M|||50|,,,,,Ghost]Ursaluna-Bloodmoon||AssaultVest|MindsEye|BloodMoon,EarthPower,HyperVoice,Snarl|||M|||50|,,,,,Bug]Kleavor||LifeOrb|Sharpness|StoneAxe,NightSlash,XScissor,Protect|||F|||50|,,,,,Grass]Gholdengo||MetalCoat|GoodasGold|MakeItRain,ShadowBall,NastyPlot,Protect||||||50|,,,,,Steel]Primarina||CovertCloak|LiquidVoice|Haze,HyperVoice,Moonblast,Protect|||M|||50|,,,,,Poison
|showteam|p2|Archaludon||AssaultVest|Stamina|DracoMeteor,FlashCannon,ElectroShot,BodyPress|||M|||50|,,,,,Bug]Pelipper||FocusSash|Drizzle|Tailwind,Hurricane,WeatherBall,WideGuard|||M|||50|,,,,,Stellar]Incineroar||SafetyGoggles|Intimidate|FlareBlitz,PartingShot,FakeOut,KnockOff|||F|||50|,,,,,Grass]Basculegion||LifeOrb|SwiftSwim|LastRespects,WaveCrash,AquaJet,Protect|||M|||50|,,,,,Water]Sinistcha-Masterpiece||SitrusBerry|Hospitality|MatchaGotcha,ShadowBall,RagePowder,StrengthSap||||||50|,,,,,Grass]Kingambit||BlackGlasses|Defiant|KowtowCleave,SuckerPunch,Protect,SwordsDance|||F|||50|,,,,,Dark
|inactive|Battle timer is ON: inactive players will automatically lose when time's up. (requested by pealcantara28)
|l|☆pealcantara28
|inactive|pealcantara28 disconnected and has a minute to reconnect!
|player|p2|
|j|☆pealcantara28
|inactive|pealcantara28 reconnected and has 80 seconds left.
|player|p2|pealcantara28|cynthia-gen4|
|inactive|monado476 has 60 seconds left.
|
|t:|1756743484
|teamsize|p1|4
|teamsize|p2|4
|start
|switch|p1a: Whimsicott|Whimsicott, L50, M|100/100
|switch|p1b: Kleavor|Kleavor, L50, F|100/100
|switch|p2a: Archaludon|Archaludon, L50, M|100/100
|switch|p2b: Pelipper|Pelipper, L50, M|100/100
|-weather|RainDance|[from] ability: Drizzle|[of] p2b: Pelipper
|turn|1
|
|t:|1756743502
|-terastallize|p1b: Kleavor|Grass
|move|p1a: Whimsicott|Moonblast|p2b: Pelipper
|-damage|p2b: Pelipper|36/100
|-unboost|p2b: Pelipper|spa|1
|move|p1b: Kleavor|Stone Axe|p2b: Pelipper
|-supereffective|p2b: Pelipper
|-damage|p2b: Pelipper|0 fnt
|-sidestart|p2: pealcantara28|move: Stealth Rock
|faint|p2b: Pelipper
|-damage|p1b: Kleavor|91/100|[from] item: Life Orb
|move|p2a: Archaludon|Electro Shot||[still]
|-prepare|p2a: Archaludon|Electro Shot
|-boost|p2a: Archaludon|spa|1
|-anim|p2a: Archaludon|Electro Shot|p1b: Kleavor
|-resisted|p1b: Kleavor
|-damage|p1b: Kleavor|45/100
|
|-weather|RainDance|[upkeep]
|upkeep
|
|t:|1756743521
|switch|p2b: Sinistcha|Sinistcha-Masterpiece, L50|100/100
|-damage|p2b: Sinistcha|88/100|[from] Stealth Rock
|turn|2
|inactive|monado476 has 30 seconds left.
|
|t:|1756743555
|switch|p1b: Ursaluna|Ursaluna-Bloodmoon, L50, M|100/100
|move|p1a: Whimsicott|Tailwind|p1a: Whimsicott
|-sidestart|p1: monado476|move: Tailwind
|move|p2a: Archaludon|Electro Shot||[still]
|-prepare|p2a: Archaludon|Electro Shot
|-boost|p2a: Archaludon|spa|1
|-anim|p2a: Archaludon|Electro Shot|p1b: Ursaluna
|-immune|p1b: Ursaluna
|move|p2b: Sinistcha|Shadow Ball|p1a: Whimsicott
|-damage|p1a: Whimsicott|50/100
|
|-weather|RainDance|[upkeep]
|upkeep
|turn|3
|inactive|monado476 has 30 seconds left.
|
|t:|1756743583
|-terastallize|p2a: Archaludon|Bug
|move|p1a: Whimsicott|Taunt|p2b: Sinistcha
|-start|p2b: Sinistcha|move: Taunt
|move|p1b: Ursaluna|Earth Power|p2a: Archaludon
|-resisted|p2a: Archaludon
|-damage|p2a: Archaludon|84/100
|-ability|p2a: Archaludon|Stamina|boost
|-boost|p2a: Archaludon|def|1
|move|p2a: Archaludon|Body Press|p1b: Ursaluna
|-supereffective|p1b: Ursaluna
|-crit|p1b: Ursaluna
|-damage|p1b: Ursaluna|29/100
|move|p2b: Sinistcha|Matcha Gotcha|p1b: Ursaluna|[spread] p1a,p1b
|-resisted|p1a: Whimsicott
|-supereffective|p1b: Ursaluna
|-damage|p1a: Whimsicott|28/100
|-heal|p2b: Sinistcha|97/100|[from] drain|[of] p1a: Whimsicott
|-damage|p1b: Ursaluna|0 fnt
|-heal|p2b: Sinistcha|100/100|[from] drain|[of] p1b: Ursaluna
|faint|p1b: Ursaluna
|
|-weather|RainDance|[upkeep]
|upkeep
|
|t:|1756743603
|switch|p1b: Kleavor|Kleavor, L50, F, tera:Grass|45/100
|turn|4
|
|t:|1756743619
|move|p1a: Whimsicott|Moonblast|p2b: Sinistcha
|-damage|p2b: Sinistcha|64/100
|-unboost|p2b: Sinistcha|spa|1
|move|p1b: Kleavor|Stone Axe|p2a: Archaludon|[miss]
|-miss|p1b: Kleavor|p2a: Archaludon
|move|p2a: Archaludon|Electro Shot||[still]
|-prepare|p2a: Archaludon|Electro Shot
|-boost|p2a: Archaludon|spa|1
|-anim|p2a: Archaludon|Electro Shot|p1b: Kleavor
|-resisted|p1b: Kleavor
|-damage|p1b: Kleavor|0 fnt
|faint|p1b: Kleavor
|move|p2b: Sinistcha|Shadow Ball|p1a: Whimsicott
|-damage|p1a: Whimsicott|0 fnt
|faint|p1a: Whimsicott
|
|-weather|RainDance|[upkeep]
|upkeep
|
|t:|1756743636
|switch|p1b: Incineroar|Incineroar, L50, F|100/100
|-ability|p1b: Incineroar|Intimidate|boost
|-unboost|p2a: Archaludon|atk|1
|-unboost|p2b: Sinistcha|atk|1
|turn|5
|
|t:|1756743646
|move|p1b: Incineroar|Fake Out|p2a: Archaludon
|-damage|p2a: Archaludon|78/100
|-ability|p2a: Archaludon|Stamina|boost
|-boost|p2a: Archaludon|def|1
|cant|p2a: Archaludon|flinch
|move|p2b: Sinistcha|Matcha Gotcha|p1b: Incineroar|[miss]
|-miss|p2b: Sinistcha|p1b: Incineroar
|
|-weather|none
|-end|p2b: Sinistcha|move: Taunt
|-sideend|p1: monado476|move: Tailwind
|upkeep
|turn|6
|
|t:|1756743667
|move|p2a: Archaludon|Draco Meteor|p1b: Incineroar|[miss]
|-miss|p2a: Archaludon|p1b: Incineroar
|move|p2b: Sinistcha|Strength Sap|p1b: Incineroar
|-unboost|p1b: Incineroar|atk|1
|-heal|p2b: Sinistcha|100/100
|move|p1b: Incineroar|Flare Blitz|p2a: Archaludon
|-supereffective|p2a: Archaludon
|-damage|p2a: Archaludon|50/100
|-ability|p2a: Archaludon|Stamina|boost
|-boost|p2a: Archaludon|def|1
|-damage|p1b: Incineroar|90/100|[from] Recoil
|
|upkeep
|turn|7
|
|t:|1756743683
|move|p2a: Archaludon|Body Press|p1b: Incineroar
|-supereffective|p1b: Incineroar
|-damage|p1b: Incineroar|0 fnt
|faint|p1b: Incineroar
|
|win|pealcantara28
|raw|monado476's rating: 1198 → 1166(-32 for losing)
|raw|pealcantara28's rating: 1095 → 1128(+33 for winning)
|l|☆monado476
|player|p1|
