|j|☆tmmc01
|j|☆Alysonz
|html|tmmc01Alysonz    
|uhtml|bestof|Game 1 of a best-of-3
|t:|1782500681
|gametype|doubles
|player|p1|tmmc01|artist|1202
|player|p2|Alysonz|170|1125
|gen|9
|tier|[Gen 9 Champions] VGC 2026 Reg M-B (Bo3)
|rated|
|rule|Species Clause: Limit one of each Pokémon
|rule|Item Clause: Limit 1 of each item
|clearpoke
|poke|p1|Farigiraf, L50, F|
|poke|p1|Charizard, L50, F, shiny|
|poke|p1|Sylveon, L50, M|
|poke|p1|Garchomp, L50, F|
|poke|p1|Kingambit, L50, F|
|poke|p1|Aerodactyl, L50, M|
|poke|p2|Pelipper, L50, F|
|poke|p2|Basculegion, L50, M|
|poke|p2|Whimsicott, L50, M|
|poke|p2|Scizor, L50, F|
|poke|p2|Dragonite, L50, M|
|poke|p2|Sceptile, L50, F|
|teampreview|4
|showteam|p1|Farigiraf||SitrusBerry|ArmorTail|TrickRoom,Roar,GrassKnot,TwinBeam|Bold||F|||50|]Charizard||CharizarditeY|Blaze|Protect,HeatWave,SolarBeam,WeatherBall|Modest||F|||50|]Sylveon||FairyFeather|Pixilate|HyperVoice,Detect,QuickAttack,HyperBeam|Modest||M|||50|]Garchomp||LifeOrb|RoughSkin|Protect,Earthquake,StompingTantrum,DragonClaw|Jolly||F|||50|]Kingambit||FocusSash|Defiant|KowtowCleave,IronHead,SuckerPunch,LowKick|Adamant||F|||50|]Aerodactyl||Aerodactylite|RockHead|Tailwind,SunnyDay,DualWingbeat,RockSlide|Jolly||M|||50|
|showteam|p2|Pelipper||DampRock|Drizzle|Protect,Surf,Hurricane,IceBeam|Modest||F|||50|]Basculegion||LifeOrb|SwiftSwim|AquaJet,Protect,WaveCrash,LastRespects|Adamant||M|||50|]Whimsicott||MentalHerb|Prankster|Encore,Tailwind,Taunt,DazzlingGleam|Timid||M|||50|]Scizor||Scizorite|Technician|BugBite,BulletPunch,CloseCombat,Protect|Adamant||F|||50|]Dragonite||Leftovers|Multiscale|Thunder,Earthquake,Hurricane,Tailwind|Naive||M|||50|]Sceptile||YacheBerry|Unburden|LeafStorm,EarthPower,EnergyBall,Protect|Timid||F|||50|
|
|t:|1782500714
|teamsize|p1|4
|teamsize|p2|4
|start
|switch|p1a: Farigiraf|Farigiraf, L50, F|100/100
|switch|p1b: Kingambit|Kingambit, L50, F|100/100
|switch|p2a: Dragonite|Dragonite, L50, M|100/100
|switch|p2b: Scizor|Scizor, L50, F|100/100
|turn|1
|
|t:|1782500747
|detailschange|p2b: Scizor|Scizor-Mega, L50, F
|-mega|p2b: Scizor|Scizor|Scizorite
|move|p2a: Dragonite|Earthquake|p1b: Kingambit|[spread] p2b,p1a,p1b
|-supereffective|p1b: Kingambit|1
|-damage|p2b: Scizor|81/100
|-damage|p1a: Farigiraf|83/100
|-damage|p1b: Kingambit|61/100
|move|p1b: Kingambit|Low Kick|p2b: Scizor
|-damage|p2b: Scizor|46/100
|move|p2b: Scizor|Bug Bite|p1a: Farigiraf
|-supereffective|p1a: Farigiraf|1
|-damage|p1a: Farigiraf|0 fnt
|-enditem|p1a: Farigiraf|Sitrus Berry|[from] stealeat|[move] Bug Bite|[of] p2b: Scizor
|-heal|p2b: Scizor|71/100|[from] item: Sitrus Berry
|faint|p1a: Farigiraf
|
|upkeep
|
|t:|1782500761
|switch|p1a: Charizard|Charizard, L50, F, shiny|100/100
|turn|2
|
|t:|1782500771
|detailschange|p1a: Charizard|Charizard-Mega-Y, L50, F, shiny
|-mega|p1a: Charizard|Charizard|Charizardite Y
|-weather|SunnyDay|[from] ability: Drought|[of] p1a: Charizard
|move|p2b: Scizor|Protect|p2b: Scizor
|-singleturn|p2b: Scizor|Protect
|move|p1a: Charizard|Heat Wave|p2b: Scizor|[spread] 
|-activate|p2b: Scizor|move: Protect
|-miss|p1a: Charizard|p2a: Dragonite
|move|p2a: Dragonite|Tailwind|p2a: Dragonite
|-sidestart|p2: Alysonz|move: Tailwind
|move|p1b: Kingambit|Kowtow Cleave|p2a: Dragonite
|-crit|p2a: Dragonite
|-damage|p2a: Dragonite|63/100
|
|-weather|SunnyDay|[upkeep]
|-heal|p2a: Dragonite|69/100|[from] item: Leftovers
|upkeep
|turn|3
|
|t:|1782500801
|switch|p2b: Betelgeulse|Pelipper, L50, F|100/100
|-weather|RainDance|[from] ability: Drizzle|[of] p2b: Betelgeulse
|switch|p1a: Sylveon|Sylveon, L50, M|100/100
|move|p2a: Dragonite|Thunder|p1a: Sylveon
|-damage|p1a: Sylveon|75/100
|move|p1b: Kingambit|Low Kick|p2b: Betelgeulse
|-resisted|p2b: Betelgeulse|1
|-damage|p2b: Betelgeulse|83/100
|
|-weather|RainDance|[upkeep]
|-heal|p2a: Dragonite|75/100|[from] item: Leftovers
|upkeep
|turn|4
|
|t:|1782500821
|move|p1b: Kingambit|Sucker Punch|p2b: Betelgeulse
|-damage|p2b: Betelgeulse|31/100
|move|p2a: Dragonite|Earthquake|p1a: Sylveon|[spread] p1a,p1b
|-immune|p2b: Betelgeulse
|-supereffective|p1b: Kingambit|1
|-damage|p1a: Sylveon|48/100
|-damage|p1b: Kingambit|20/100y
|move|p2b: Betelgeulse|Surf|p1b: Kingambit|[spread] p2a,p1a,p1b
|-resisted|p2a: Dragonite|1
|-damage|p2a: Dragonite|52/100
|-damage|p1a: Sylveon|13/100
|-damage|p1b: Kingambit|0 fnt
|faint|p1b: Kingambit
|move|p1a: Sylveon|Hyper Voice|p2a: Dragonite|[spread] p2a,p2b
|-supereffective|p2a: Dragonite|1
|-damage|p2a: Dragonite|0 fnt
|-damage|p2b: Betelgeulse|0 fnt
|faint|p2a: Dragonite
|faint|p2b: Betelgeulse
|
|-weather|RainDance|[upkeep]
|upkeep
|
|t:|1782500840
|switch|p2a: Scizor|Scizor-Mega, L50, F|71/100
|switch|p1b: Charizard|Charizard-Mega-Y, L50, F, shiny|100/100
|switch|p2b: Echidna|Whimsicott, L50, M|100/100
|-weather|SunnyDay|[from] ability: Drought|[of] p1b: Charizard
|turn|5
|
|t:|1782500854
|move|p2a: Scizor|Protect|p2a: Scizor
|-singleturn|p2a: Scizor|Protect
|move|p2b: Echidna|Dazzling Gleam|p1b: Charizard|[spread] p1a,p1b
|-resisted|p1b: Charizard|1
|-damage|p1a: Sylveon|0 fnt
|-damage|p1b: Charizard|89/100
|faint|p1a: Sylveon
|move|p1b: Charizard|Heat Wave|p2b: Echidna|[spread] p2b
|-activate|p2a: Scizor|move: Protect
|-supereffective|p2b: Echidna|1
|-damage|p2b: Echidna|0 fnt
|faint|p2b: Echidna
|
|-weather|SunnyDay|[upkeep]
|-sideend|p2: Alysonz|move: Tailwind
|upkeep
|turn|6
|
|t:|1782500873
|move|p1b: Charizard|Weather Ball|p2a: Scizor
|-supereffective|p2a: Scizor|2
|-damage|p2a: Scizor|0 fnt
|faint|p2a: Scizor
|
|win|tmmc01
||tmmc01 is ready for game 2.
||Alysonz is ready for game 2.
|uhtml|next|Next: Game 2 of 3
