|j|☆sergio23perez
|j|☆cocacolaindahhouse
|html|sergio23perezcocacolaindahhouse    
|uhtml|bestof|Game 2 of a best-of-3
|t:|1756893523
|gametype|doubles
|player|p1|sergio23perez|169|1277
|player|p2|cocacolaindahhouse|170|1506
|gen|9
|tier|[Gen 9] VGC 2025 Reg H (Bo3)
|rated|
|rule|Species Clause: Limit one of each Pokémon
|rule|Item Clause: Limit 1 of each item
|clearpoke
|poke|p1|Jumpluff, L50, M|
|poke|p1|Charizard, L50, M|
|poke|p1|Porygon2, L50|
|poke|p1|Torkoal, L50, F|
|poke|p1|Incineroar, L50, F|
|poke|p1|Ursaluna, L50, M|
|poke|p2|Ursaluna, L50, M|
|poke|p2|Dragonite, L50, M|
|poke|p2|Archaludon, L50, M|
|poke|p2|Sinistcha, L50|
|poke|p2|Pelipper, L50, M|
|poke|p2|Gholdengo, L50|
|teampreview|4
|showteam|p1|Jumpluff||CovertCloak|Chlorophyll|SleepPowder,SunnyDay,Tailwind,RagePowder|||M|||50|,,,,,Water]Charizard||ChoiceSpecs|SolarPower|AirSlash,HeatWave,Overheat,WeatherBall|||M|||50|,,,,,Ghost]Porygon2||Eviolite|Download|TeraBlast,IceBeam,Recover,TrickRoom||||||50|,,,,,Fighting]Torkoal||EjectPack|Drought|HelpingHand,Eruption,Overheat,Protect|||F|||50|,,,,,Fire]Incineroar||SafetyGoggles|Intimidate|FakeOut,PartingShot,FlareBlitz,KnockOff|||F|||50|,,,,,Ghost]Ursaluna||FlameOrb|Guts|HeadlongRush,Facade,Earthquake,Protect|||M|||50|,,,,,Ghost
|showteam|p2|Ursaluna||FlameOrb|Guts|Facade,Protect,HeadlongRush,Earthquake|||M|||50|,,,,,Ghost]Dragonite||LoadedDice|Multiscale|ScaleShot,Protect,Haze,Tailwind|||M|||50|,,,,,Fairy]Archaludon||AssaultVest|Stamina|FlashCannon,BodyPress,ElectroShot,Snarl|||M|||50|,,,,,Fighting]Sinistcha||SitrusBerry|Hospitality|LifeDew,MatchaGotcha,TrickRoom,RagePowder||||||50|,,,,,Dark]Pelipper||FocusSash|Drizzle|Hurricane,Tailwind,MuddyWater,Protect|||M|||50|,,,,,Ghost]Gholdengo||ChoiceScarf|GoodasGold|MakeItRain,ShadowBall,Trick,TeraBlast||||||50|,,,,,Water
|inactive|Battle timer is ON: inactive players will automatically lose when time's up. (requested by sergio23perez)
|
|t:|1756893541
|teamsize|p1|4
|teamsize|p2|4
|start
|switch|p1a: Jumpluff|Jumpluff, L50, M|100/100
|switch|p1b: Incineroar|Incineroar, L50, F|100/100
|switch|p2a: Dragonite|Dragonite, L50, M|100/100
|switch|p2b: Gholdengo|Gholdengo, L50|100/100
|-ability|p1b: Incineroar|Intimidate|boost
|-unboost|p2a: Dragonite|atk|1
|-unboost|p2b: Gholdengo|atk|1
|turn|1
|inactive|sergio23perez has 30 seconds left.
|inactive|sergio23perez has 20 seconds left.
|inactive|cocacolaindahhouse has 30 seconds left.
|
|t:|1756893581
|-terastallize|p2b: Gholdengo|Water
|move|p1b: Incineroar|Fake Out|p2b: Gholdengo
|-damage|p2b: Gholdengo|87/100
|cant|p2b: Gholdengo|flinch
|move|p1a: Jumpluff|Sunny Day|p1a: Jumpluff
|-weather|SunnyDay
|move|p2a: Dragonite|Scale Shot|p1b: Incineroar|[miss]
|-miss|p2a: Dragonite|p1b: Incineroar
|
|-weather|SunnyDay|[upkeep]
|upkeep
|turn|2
|inactive|sergio23perez has 30 seconds left.
|inactive|cocacolaindahhouse has 30 seconds left.
|inactive|cocacolaindahhouse has 20 seconds left.
|
|t:|1756893616
|switch|p1b: Torkoal|Torkoal, L50, F|100/100
|move|p1a: Jumpluff|Sleep Powder|p2a: Dragonite
|-status|p2a: Dragonite|slp|[from] move: Sleep Powder
|move|p2b: Gholdengo|Shadow Ball|p1a: Jumpluff
|-damage|p1a: Jumpluff|50/100
|cant|p2a: Dragonite|slp
|
|-weather|SunnyDay|[upkeep]
|upkeep
|turn|3
|inactive|cocacolaindahhouse has 30 seconds left.
|
|t:|1756893651
|switch|p2a: Pelipper|Pelipper, L50, M|100/100
|-weather|RainDance|[from] ability: Drizzle|[of] p2a: Pelipper
|move|p2b: Gholdengo|Shadow Ball|p1a: Jumpluff
|-damage|p1a: Jumpluff|0 fnt
|faint|p1a: Jumpluff
|move|p1b: Torkoal|Overheat|p2a: Pelipper
|-resisted|p2a: Pelipper
|-damage|p2a: Pelipper|74/100
|-unboost|p1b: Torkoal|spa|2
|-enditem|p1b: Torkoal|Eject Pack
|
|t:|1756893658
|switch|p1b: Ursaluna|Ursaluna, L50, M|100/100
|
|-weather|RainDance|[upkeep]
|-status|p1b: Ursaluna|brn|[from] item: Flame Orb
|upkeep
|
|t:|1756893660
|switch|p1a: Torkoal|Torkoal, L50, F|100/100
|-weather|SunnyDay|[from] ability: Drought|[of] p1a: Torkoal
|turn|4
|inactive|cocacolaindahhouse has 30 seconds left.
|inactive|cocacolaindahhouse has 20 seconds left.
|inactive|cocacolaindahhouse has 15 seconds left.
|inactive|cocacolaindahhouse has 10 seconds left.
|inactive|cocacolaindahhouse has 5 seconds left.
|
|t:|1756893710
|switch|p2b: Dragonite|Dragonite, L50, M|100/100 slp
|switch|p2a: Archaludon|Archaludon, L50, M|100/100
|switch|p1a: Incineroar|Incineroar, L50, F|100/100
|-ability|p1a: Incineroar|Intimidate|boost
|-unboost|p2a: Archaludon|atk|1
|-unboost|p2b: Dragonite|atk|1
|move|p1b: Ursaluna|Facade|p2b: Dragonite
|-damage|p2b: Dragonite|35/100 slp
|
|-weather|SunnyDay|[upkeep]
|-damage|p1b: Ursaluna|94/100 brn|[from] brn
|upkeep
|turn|5
|inactive|cocacolaindahhouse has 30 seconds left.
|inactive|sergio23perez has 30 seconds left.
|inactive|cocacolaindahhouse has 20 seconds left.
|inactive|sergio23perez has 20 seconds left.
|
|t:|1756893753
|switch|p2a: Pelipper|Pelipper, L50, M|74/100
|-weather|RainDance|[from] ability: Drizzle|[of] p2a: Pelipper
|move|p1b: Ursaluna|Protect|p1b: Ursaluna
|-singleturn|p1b: Ursaluna|Protect
|cant|p2b: Dragonite|slp
|move|p1a: Incineroar|Knock Off|p2b: Dragonite
|-damage|p2b: Dragonite|0 fnt
|-enditem|p2b: Dragonite|Loaded Dice|[from] move: Knock Off|[of] p1a: Incineroar
|faint|p2b: Dragonite
|
|-weather|RainDance|[upkeep]
|-damage|p1b: Ursaluna|88/100 brn|[from] brn
|upkeep
|inactive|cocacolaindahhouse has 30 seconds left.
|
|t:|1756893785
|switch|p2b: Gholdengo|Gholdengo, L50, tera:Water|87/100
|turn|6
|
|t:|1756893803
|switch|p1a: Torkoal|Torkoal, L50, F|100/100
|-weather|SunnyDay|[from] ability: Drought|[of] p1a: Torkoal
|-terastallize|p1b: Ursaluna|Ghost
|move|p2b: Gholdengo|Tera Blast|p1b: Ursaluna|[anim] Tera Blast Water
|-damage|p1b: Ursaluna|67/100 brn
|move|p2a: Pelipper|Muddy Water|p1b: Ursaluna|[spread] p1a,p1b
|-supereffective|p1a: Torkoal
|-damage|p1a: Torkoal|59/100
|-damage|p1b: Ursaluna|50/100 brn
|move|p1b: Ursaluna|Facade|p2a: Pelipper
|-damage|p2a: Pelipper|0 fnt
|faint|p2a: Pelipper
|
|-weather|SunnyDay|[upkeep]
|-damage|p1b: Ursaluna|44/100 brn|[from] brn
|upkeep
|
|t:|1756893818
|switch|p2a: Archaludon|Archaludon, L50, M|100/100
|turn|7
|inactive|sergio23perez has 30 seconds left.
|inactive|cocacolaindahhouse has 30 seconds left.
|
|t:|1756893847
|switch|p1b: Incineroar|Incineroar, L50, F|100/100
|-ability|p1b: Incineroar|Intimidate|boost
|-unboost|p2a: Archaludon|atk|1
|-unboost|p2b: Gholdengo|atk|1
|move|p2b: Gholdengo|Tera Blast|p1b: Incineroar|[anim] Tera Blast Water
|-supereffective|p1b: Incineroar
|-damage|p1b: Incineroar|61/100
|move|p2a: Archaludon|Snarl|p1a: Torkoal|[spread] p1a,p1b
|-resisted|p1b: Incineroar
|-damage|p1a: Torkoal|43/100
|-damage|p1b: Incineroar|56/100
|-unboost|p1a: Torkoal|spa|1
|-unboost|p1b: Incineroar|spa|1
|move|p1a: Torkoal|Overheat|p2a: Archaludon
|-damage|p2a: Archaludon|62/100
|-unboost|p1a: Torkoal|spa|2
|-ability|p2a: Archaludon|Stamina|boost
|-boost|p2a: Archaludon|def|1
|
|-weather|SunnyDay|[upkeep]
|upkeep
|turn|8
|inactive|sergio23perez has 30 seconds left.
|inactive|cocacolaindahhouse has 30 seconds left.
|inactive|sergio23perez has 20 seconds left.
|inactive|cocacolaindahhouse has 20 seconds left.
|inactive|cocacolaindahhouse has 15 seconds left.
|
|t:|1756893891
|switch|p1a: Ursaluna|Ursaluna, L50, M, tera:Ghost|44/100 brn
|move|p2b: Gholdengo|Tera Blast|p1b: Incineroar|[anim] Tera Blast Water
|-supereffective|p1b: Incineroar
|-damage|p1b: Incineroar|20/100
|move|p2a: Archaludon|Body Press|p1b: Incineroar
|-supereffective|p1b: Incineroar
|-damage|p1b: Incineroar|0 fnt
|faint|p1b: Incineroar
|
|-weather|SunnyDay|[upkeep]
|-damage|p1a: Ursaluna|38/100 brn|[from] brn
|upkeep
|
|t:|1756893899
|switch|p1b: Torkoal|Torkoal, L50, F|43/100
|turn|9
|-message|sergio23perez forfeited.
|
|win|cocacolaindahhouse
|l|☆sergio23perez
|player|p1|
||sergio23perez is ready for game 3.
||cocacolaindahhouse is ready for game 3.
|uhtml|next|Next: Game 3 of 3
