|j|☆SurfinSamurott
|j|☆natcentre
|html|SurfinSamurottnatcentre    
|uhtml|bestof|Game 2 of a best-of-3
|t:|1755381534
|gametype|doubles
|player|p1|SurfinSamurott|hassel|1205
|player|p2|natcentre|169|1184
|gen|9
|tier|[Gen 9] VGC 2025 Reg H (Bo3)
|rated|
|rule|Species Clause: Limit one of each Pokémon
|rule|Item Clause: Limit 1 of each item
|clearpoke
|poke|p1|Whimsicott, L50, F|
|poke|p1|Typhlosion-Hisui, L50, M|
|poke|p1|Ursaluna-Bloodmoon, L50, M|
|poke|p1|Electabuzz, L50, M|
|poke|p1|Rillaboom, L50, M|
|poke|p1|Sneasler, L50, F|
|poke|p2|Palafin, L50, M|
|poke|p2|Rillaboom, L50, M|
|poke|p2|Volcarona, L50, M|
|poke|p2|Sneasler, L50, M|
|poke|p2|Kingambit, L50, F|
|poke|p2|Dragapult, L50, M|
|teampreview|4
|showteam|p1|Whimsicott||FocusSash|Prankster|Moonblast,Tailwind,SunnyDay,Protect|||F|||50|,,,,,Ghost]Typhlosion-Hisui||ChoiceSpecs|Blaze|Eruption,HeatWave,ShadowBall,Overheat|||M|||50|,,,,,Fire]Ursaluna-Bloodmoon||AssaultVest|MindsEye|BloodMoon,EarthPower,HyperVoice,VacuumWave|||M|||50|,,,,,Water]Electabuzz||Eviolite|VitalSpirit|Electroweb,Taunt,FollowMe,Protect|||M|||50|,,,,,Dragon]Rillaboom||MeadowPlate|GrassySurge|WoodHammer,GrassyGlide,HighHorsepower,Protect|||M|||50|,,,,,Grass]Sneasler||GrassySeed|Unburden|CloseCombat,DireClaw,RockSlide,Protect|||F|||50|,,,,,Stellar
|showteam|p2|Palafin||MysticWater|ZerotoHero|Protect,WaveCrash,JetPunch,Haze|||M|||50|,,,,,Grass]Rillaboom||AssaultVest|GrassySurge|WoodHammer,Uturn,GrassyGlide,FakeOut|||M|||50|,,,,,Fire]Volcarona||SitrusBerry|FlameBody|Protect,HeatWave,StruggleBug,Tailwind|||M|||50|,,,,,Fairy]Sneasler||FocusSash|Unburden|Protect,FakeOut,DireClaw,CloseCombat|||M|||50|,,,,,Stellar]Kingambit||SafetyGoggles|Defiant|Protect,KowtowCleave,SuckerPunch,SwordsDance|||F|||50|,,,,,Ghost]Dragapult||ChoiceSpecs|ClearBody|DracoMeteor,ShadowBall,DragonPulse,TeraBlast|||M|||50|,,,,,Fairy
|j| Oli_Plays_Games
|inactive|Battle timer is ON: inactive players will automatically lose when time's up. (requested by SurfinSamurott)
|
|t:|1755381592
|teamsize|p1|4
|teamsize|p2|4
|start
|switch|p1a: Electabuzz|Electabuzz, L50, M|100/100
|switch|p1b: Sneasler|Sneasler, L50, F|100/100
|switch|p2a: Palafin|Palafin, L50, M|100/100
|switch|p2b: Dragapult|Dragapult, L50, M|100/100
|turn|1
|inactive|SurfinSamurott has 30 seconds left.
|
|t:|1755381628
|detailschange|p2a: Palafin|Palafin-Hero, L50, M
|switch|p2a: Rillaboom|Rillaboom, L50, M|100/100
|-fieldstart|move: Grassy Terrain|[from] ability: Grassy Surge|[of] p2a: Rillaboom
|-enditem|p1b: Sneasler|Grassy Seed
|-boost|p1b: Sneasler|def|1|[from] item: Grassy Seed
|move|p1b: Sneasler|Rock Slide|p2b: Dragapult|[spread] p2a,p2b
|-crit|p2a: Rillaboom
|-damage|p2a: Rillaboom|70/100
|-damage|p2b: Dragapult|69/100
|move|p2b: Dragapult|Dragon Pulse|p1b: Sneasler
|-damage|p1b: Sneasler|32/100
|move|p1a: Electabuzz|Electroweb|p2b: Dragapult|[spread] p2a,p2b
|-resisted|p2a: Rillaboom
|-resisted|p2b: Dragapult
|-damage|p2a: Rillaboom|66/100
|-damage|p2b: Dragapult|60/100
|-unboost|p2a: Rillaboom|spe|1
|
|-heal|p1b: Sneasler|39/100|[from] Grassy Terrain
|-heal|p2b: Dragapult|66/100|[from] Grassy Terrain
|-heal|p2a: Rillaboom|72/100|[from] Grassy Terrain
|upkeep
|turn|2
|
|t:|1755381649
|switch|p1a: Whimsicott|Whimsicott, L50, F|100/100
|switch|p2a: Palafin|Palafin-Hero, L50, M|100/100
|-activate|p2a: Palafin|ability: Zero to Hero
|move|p1b: Sneasler|Protect|p1b: Sneasler
|-singleturn|p1b: Sneasler|Protect
|move|p2b: Dragapult|Dragon Pulse|p1b: Sneasler
|-activate|p1b: Sneasler|move: Protect
|
|-heal|p1b: Sneasler|45/100|[from] Grassy Terrain
|-heal|p2b: Dragapult|72/100|[from] Grassy Terrain
|upkeep
|turn|3
|inactive|SurfinSamurott has 30 seconds left.
|
|t:|1755381675
|switch|p1b: Rillaboom|Rillaboom, L50, M|100/100
|switch|p2b: Sneasler|Sneasler, L50, M|100/100
|move|p2a: Palafin|Jet Punch|p1b: Rillaboom
|-resisted|p1b: Rillaboom
|-damage|p1b: Rillaboom|75/100
|move|p1a: Whimsicott|Moonblast|p2b: Sneasler
|-damage|p2b: Sneasler|50/100
|
|-heal|p2b: Sneasler|56/100|[from] Grassy Terrain
|-heal|p1b: Rillaboom|81/100|[from] Grassy Terrain
|upkeep
|turn|4
|inactive|SurfinSamurott has 30 seconds left.
|
|t:|1755381701
|switch|p2a: Rillaboom|Rillaboom, L50, M|72/100
|move|p1a: Whimsicott|Protect|p1a: Whimsicott
|-singleturn|p1a: Whimsicott|Protect
|move|p1b: Rillaboom|Protect|p1b: Rillaboom
|-singleturn|p1b: Rillaboom|Protect
|move|p2b: Sneasler|Dire Claw|p1a: Whimsicott
|-activate|p1a: Whimsicott|move: Protect
|
|-heal|p2b: Sneasler|61/100|[from] Grassy Terrain
|-heal|p1b: Rillaboom|87/100|[from] Grassy Terrain
|-heal|p2a: Rillaboom|77/100|[from] Grassy Terrain
|upkeep
|turn|5
|
|t:|1755381722
|switch|p1b: Sneasler|Sneasler, L50, F|45/100
|-terastallize|p1a: Whimsicott|Ghost
|move|p2a: Rillaboom|Fake Out|p1b: Sneasler
|-damage|p1b: Sneasler|24/100
|move|p2b: Sneasler|Dire Claw|p1a: Whimsicott
|-resisted|p1a: Whimsicott
|-damage|p1a: Whimsicott|69/100
|move|p1a: Whimsicott|Moonblast|p2b: Sneasler
|-damage|p2b: Sneasler|13/100
|
|-heal|p2b: Sneasler|19/100|[from] Grassy Terrain
|-heal|p1a: Whimsicott|75/100|[from] Grassy Terrain
|-heal|p1b: Sneasler|30/100|[from] Grassy Terrain
|-heal|p2a: Rillaboom|83/100|[from] Grassy Terrain
|-fieldend|move: Grassy Terrain
|upkeep
|turn|6
|inactive|SurfinSamurott has 30 seconds left.
|inactive|natcentre has 30 seconds left.
|inactive|SurfinSamurott has 20 seconds left.
|inactive|natcentre has 20 seconds left.
|inactive|natcentre has 15 seconds left.
|inactive|natcentre has 10 seconds left.
|inactive|natcentre has 5 seconds left.
|
|t:|1755381775
|switch|p2a: Palafin|Palafin-Hero, L50, M|100/100
|move|p1a: Whimsicott|Tailwind|p1a: Whimsicott
|-sidestart|p1: SurfinSamurott|move: Tailwind
|move|p1b: Sneasler|Dire Claw|p2b: Sneasler
|-resisted|p2b: Sneasler
|-damage|p2b: Sneasler|0 fnt
|faint|p2b: Sneasler
|
|upkeep
|
|t:|1755381784
|switch|p2b: Dragapult|Dragapult, L50, M|72/100
|turn|7
|
|t:|1755381803
|move|p2a: Palafin|Jet Punch|p1a: Whimsicott
|-damage|p1a: Whimsicott|2/100
|move|p1a: Whimsicott|Moonblast|p2b: Dragapult
|-supereffective|p2b: Dragapult
|-crit|p2b: Dragapult
|-damage|p2b: Dragapult|0 fnt
|faint|p2b: Dragapult
|move|p1b: Sneasler|Dire Claw|p2a: Palafin
|-crit|p2a: Palafin
|-damage|p2a: Palafin|35/100
|-status|p2a: Palafin|psn
|
|-damage|p2a: Palafin|23/100 psn|[from] psn
|upkeep
|inactive|natcentre has 30 seconds left.
|
|t:|1755381834
|switch|p2b: Rillaboom|Rillaboom, L50, M|83/100
|-fieldstart|move: Grassy Terrain|[from] ability: Grassy Surge|[of] p2b: Rillaboom
|turn|8
|
|t:|1755381847
|move|p1a: Whimsicott|Protect|p1a: Whimsicott
|-singleturn|p1a: Whimsicott|Protect
|move|p1b: Sneasler|Protect|p1b: Sneasler
|-singleturn|p1b: Sneasler|Protect
|move|p2a: Palafin|Jet Punch|p1b: Sneasler
|-activate|p1b: Sneasler|move: Protect
|move|p2b: Rillaboom|Grassy Glide|p1a: Whimsicott
|-activate|p1a: Whimsicott|move: Protect
|
|-heal|p1a: Whimsicott|8/100|[from] Grassy Terrain
|-heal|p1b: Sneasler|36/100|[from] Grassy Terrain
|-heal|p2a: Palafin|29/100 psn|[from] Grassy Terrain
|-heal|p2b: Rillaboom|89/100|[from] Grassy Terrain
|-damage|p2a: Palafin|17/100 psn|[from] psn
|upkeep
|turn|9
|
|t:|1755381867
|switch|p1b: Rillaboom|Rillaboom, L50, M|87/100
|move|p1a: Whimsicott|Sunny Day|p1a: Whimsicott
|-weather|SunnyDay
|move|p2a: Palafin|Jet Punch|p1a: Whimsicott
|-damage|p1a: Whimsicott|0 fnt
|faint|p1a: Whimsicott
|move|p2b: Rillaboom|U-turn|p1b: Rillaboom
|-supereffective|p1b: Rillaboom
|-damage|p1b: Rillaboom|35/100
|
|-weather|SunnyDay|[upkeep]
|-heal|p1b: Rillaboom|41/100|[from] Grassy Terrain
|-heal|p2a: Palafin|23/100 psn|[from] Grassy Terrain
|-heal|p2b: Rillaboom|95/100|[from] Grassy Terrain
|-damage|p2a: Palafin|11/100 psn|[from] psn
|-sideend|p1: SurfinSamurott|move: Tailwind
|upkeep
|
|t:|1755381874
|switch|p1a: Electabuzz|Electabuzz, L50, M|100/100
|turn|10
|
|t:|1755381891
|move|p1a: Electabuzz|Protect|p1a: Electabuzz
|-singleturn|p1a: Electabuzz|Protect
|move|p1b: Rillaboom|Protect|p1b: Rillaboom
|-singleturn|p1b: Rillaboom|Protect
|move|p2a: Palafin|Jet Punch|p1b: Rillaboom
|-activate|p1b: Rillaboom|move: Protect
|move|p2b: Rillaboom|Wood Hammer|p1a: Electabuzz
|-activate|p1a: Electabuzz|move: Protect
|
|-weather|SunnyDay|[upkeep]
|-heal|p2a: Palafin|16/100 psn|[from] Grassy Terrain
|-heal|p1b: Rillaboom|48/100|[from] Grassy Terrain
|-heal|p2b: Rillaboom|100/100|[from] Grassy Terrain
|-damage|p2a: Palafin|4/100 psn|[from] psn
|upkeep
|turn|11
|
|t:|1755381911
|-terastallize|p2b: Rillaboom|Fire
|move|p1a: Electabuzz|Follow Me|p1a: Electabuzz
|-singleturn|p1a: Electabuzz|move: Follow Me
|move|p2a: Palafin|Jet Punch|p1a: Electabuzz
|-damage|p1a: Electabuzz|79/100
|move|p1b: Rillaboom|Grassy Glide|p2a: Palafin
|-supereffective|p2a: Palafin
|-damage|p2a: Palafin|0 fnt
|faint|p2a: Palafin
|move|p2b: Rillaboom|Wood Hammer|p1a: Electabuzz
|-damage|p1a: Electabuzz|8/100
|-damage|p2b: Rillaboom|83/100|[from] Recoil
|
|-weather|SunnyDay|[upkeep]
|-heal|p1a: Electabuzz|14/100|[from] Grassy Terrain
|-heal|p1b: Rillaboom|54/100|[from] Grassy Terrain
|-heal|p2b: Rillaboom|89/100|[from] Grassy Terrain
|upkeep
|turn|12
|
|t:|1755381925
|move|p1a: Electabuzz|Follow Me|p1a: Electabuzz
|-singleturn|p1a: Electabuzz|move: Follow Me
|move|p1b: Rillaboom|High Horsepower|p2b: Rillaboom
|-supereffective|p2b: Rillaboom
|-crit|p2b: Rillaboom
|-damage|p2b: Rillaboom|2/100
|move|p2b: Rillaboom|U-turn|p1a: Electabuzz
|-damage|p1a: Electabuzz|0 fnt
|faint|p1a: Electabuzz
|
|-weather|SunnyDay|[upkeep]
|-heal|p1b: Rillaboom|60/100|[from] Grassy Terrain
|-heal|p2b: Rillaboom|8/100|[from] Grassy Terrain
|-fieldend|move: Grassy Terrain
|upkeep
|
|t:|1755381931
|switch|p1a: Sneasler|Sneasler, L50, F|36/100
|turn|13
|c|☆SurfinSamurott|ggwp
|c|☆natcentre|ggwo
|c|☆natcentre|ggwp
|-message|natcentre forfeited.
|
|win|SurfinSamurott
|raw|SurfinSamurott's rating: 1205 → 1228(+23 for winning)
|raw|natcentre's rating: 1184 → 1161(-23 for losing)
|l|☆natcentre
|player|p2|
