|j|☆lox1sm
|j|☆gg wp vgc
|html|lox1smgg wp vgc    
|uhtml|bestof|Game 2 of a best-of-3
|t:|1783361548
|gametype|doubles
|player|p1|lox1sm|veteran|1220
|player|p2|gg wp vgc|169|1211
|gen|9
|tier|[Gen 9 Champions] VGC 2026 Reg M-B (Bo3)
|rated|
|rule|Species Clause: Limit one of each Pokémon
|rule|Item Clause: Limit 1 of each item
|clearpoke
|poke|p1|Charizard, L50, F|
|poke|p1|Aerodactyl, L50, M|
|poke|p1|Garchomp, L50, M|
|poke|p1|Kingambit, L50, F|
|poke|p1|Farigiraf, L50, M|
|poke|p1|Primarina, L50, M|
|poke|p2|Sneasler, L50, M|
|poke|p2|Basculegion, L50, M|
|poke|p2|Sylveon, L50, F|
|poke|p2|Delphox, L50, M|
|poke|p2|Whimsicott, L50, F|
|poke|p2|Staraptor, L50, F|
|teampreview|4
|showteam|p1|Charizard||CharizarditeY|Blaze|HeatWave,WeatherBall,SolarBeam,Protect|Modest||F|||50|]Aerodactyl||Aerodactylite|Unnerve|RockSlide,IceFang,Tailwind,Protect|Jolly||M|||50|]Garchomp||LifeOrb|RoughSkin|DragonClaw,Earthquake,RockSlide,Protect|Jolly||M|||50|]Kingambit||FocusSash|Defiant|KowtowCleave,SuckerPunch,IronHead,LowKick|Adamant||F|||50|]Farigiraf||ExpertBelt|ArmorTail|Psychic,DazzlingGleam,Thunderbolt,TrickRoom|Modest||M|||50|]Primarina||MysticWater|LiquidVoice|HyperVoice,Moonblast,Haze,Protect|Modest||M|||50|
|showteam|p2|Sneasler||FocusSash|Unburden|QuickGuard,Taunt,DireClaw,CloseCombat|Jolly||M|||50|]Basculegion||ChoiceScarf|Adaptability|FlipTurn,WaveCrash,LastRespects,AquaJet|Jolly||M|||50|]Sylveon||FairyFeather|Pixilate|HyperBeam,QuickAttack,HyperVoice,Protect|Modest||F|||50|]Delphox||Delphoxite|Blaze|HeatWave,Psychic,NastyPlot,Protect|Timid||M|||50|]Whimsicott||MentalHerb|Prankster|Tailwind,Moonblast,Charm,SunnyDay|Timid||F|||50|]Staraptor||Staraptite|Intimidate|BraveBird,CloseCombat,Protect,Roost|Jolly||F|||50|
|inactive|Battle timer is ON: inactive players will automatically lose when time's up. (requested by gg wp vgc)
|inactive|lox1sm has 60 seconds left.
|inactive|lox1sm has 30 seconds left.
|inactive|lox1sm has 20 seconds left.
|inactive|lox1sm has 15 seconds left.
|inactive|lox1sm has 10 seconds left.
|
|t:|1783361683
|teamsize|p1|4
|teamsize|p2|4
|start
|switch|p1a: Farigiraf|Farigiraf, L50, M|100/100
|switch|p1b: Kingambit|Kingambit, L50, F|100/100
|switch|p2a: Sneasler|Sneasler, L50, M|100/100
|switch|p2b: Whimsicott|Whimsicott, L50, F|100/100
|turn|1
|inactive|lox1sm has 30 seconds left.
|inactive|gg wp vgc has 30 seconds left.
|inactive|lox1sm has 20 seconds left.
|inactive|lox1sm has 15 seconds left.
|inactive|gg wp vgc has 20 seconds left.
|
|t:|1783361725
|move|p2a: Sneasler|Dire Claw|p1a: Farigiraf
|-damage|p1a: Farigiraf|53/100
|-status|p1a: Farigiraf|slp
|move|p2b: Whimsicott|Moonblast|p1a: Farigiraf
|-damage|p1a: Farigiraf|25/100 slp
|move|p1b: Kingambit|Iron Head|p2b: Whimsicott
|-supereffective|p2b: Whimsicott|1
|-damage|p2b: Whimsicott|0 fnt
|faint|p2b: Whimsicott
|cant|p1a: Farigiraf|slp
|
|upkeep
|
|t:|1783361739
|switch|p2b: Sylveon|Sylveon, L50, F|100/100
|turn|2
|
|t:|1783361752
|switch|p1b: Charizard|Charizard, L50, F|100/100
|move|p2a: Sneasler|Close Combat|p1b: Charizard
|-resisted|p1b: Charizard|1
|-damage|p1b: Charizard|64/100
|-unboost|p2a: Sneasler|def|1
|-unboost|p2a: Sneasler|spd|1
|move|p2b: Sylveon|Hyper Voice|p1b: Charizard|[spread] p1a,p1b
|-resisted|p1b: Charizard|1
|-crit|p1b: Charizard
|-damage|p1a: Farigiraf|0 fnt
|-damage|p1b: Charizard|24/100
|faint|p1a: Farigiraf
|
|upkeep
|
|t:|1783361773
|switch|p1a: Kingambit|Kingambit, L50, F|100/100
|turn|3
|
|t:|1783361782
|detailschange|p1b: Charizard|Charizard-Mega-Y, L50, F
|-mega|p1b: Charizard|Charizard|Charizardite Y
|-weather|SunnyDay|[from] ability: Drought|[of] p1b: Charizard
|move|p1a: Kingambit|Sucker Punch|p2a: Sneasler
|-resisted|p2a: Sneasler|1
|-damage|p2a: Sneasler|43/100
|move|p2a: Sneasler|Close Combat|p1a: Kingambit
|-supereffective|p1a: Kingambit|2
|-enditem|p1a: Kingambit|Focus Sash
|-damage|p1a: Kingambit|1/100
|-unboost|p2a: Sneasler|def|1
|-unboost|p2a: Sneasler|spd|1
|move|p1b: Charizard|Weather Ball|p2b: Sylveon
|-damage|p2b: Sylveon|34/100
|move|p2b: Sylveon|Hyper Voice|p1b: Charizard|[spread] p1a,p1b
|-resisted|p1b: Charizard|1
|-damage|p1a: Kingambit|0 fnt
|-damage|p1b: Charizard|2/100
|faint|p1a: Kingambit
|
|-weather|SunnyDay|[upkeep]
|upkeep
|
|t:|1783361800
|switch|p1a: Aerodactyl|Aerodactyl, L50, M|100/100
|-ability|p1a: Aerodactyl|Unnerve
|turn|4
|
|t:|1783361820
|move|p1b: Charizard|Protect|p1b: Charizard
|-singleturn|p1b: Charizard|Protect
|move|p2b: Sylveon|Quick Attack|p1b: Charizard
|-activate|p1b: Charizard|move: Protect
|move|p1a: Aerodactyl|Ice Fang|p2a: Sneasler
|-damage|p2a: Sneasler|0 fnt
|faint|p2a: Sneasler
|
|-weather|SunnyDay|[upkeep]
|upkeep
|
|t:|1783361831
|switch|p2a: Staraptor|Staraptor, L50, F|100/100
|-ability|p2a: Staraptor|Intimidate|boost
|-unboost|p1a: Aerodactyl|atk|1
|-unboost|p1b: Charizard|atk|1
|turn|5
|
|t:|1783361840
|detailschange|p2a: Staraptor|Staraptor-Mega, L50, F
|-mega|p2a: Staraptor|Staraptor|Staraptite
|move|p1b: Charizard|Protect||[still]
|-fail|p1b: Charizard
|move|p2b: Sylveon|Quick Attack|p1b: Charizard
|-resisted|p1b: Charizard|1
|-crit|p1b: Charizard
|-damage|p1b: Charizard|0 fnt
|faint|p1b: Charizard
|move|p1a: Aerodactyl|Ice Fang|p2a: Staraptor
|-supereffective|p2a: Staraptor|1
|-damage|p2a: Staraptor|74/100
|move|p2a: Staraptor|Close Combat|p1a: Aerodactyl
|-damage|p1a: Aerodactyl|12/100
|-boost|p2a: Staraptor|def|1
|-boost|p2a: Staraptor|spd|1
|
|-weather|SunnyDay|[upkeep]
|upkeep
|turn|6
|-message|lox1sm forfeited.
|
|win|gg wp vgc
||lox1sm is ready for game 3.
||gg wp vgc is ready for game 3.
|uhtml|next|Next: Game 3 of 3
|l|☆gg wp vgc
|player|p2|
