|j|☆bomabflat
|j|☆desbrozadorasGoian
|html|bomabflatdesbrozadorasGoian    
|uhtml|bestof|Game 1 of a best-of-3
|t:|1785675514
|gametype|doubles
|player|p1|bomabflat|101|1062
|player|p2|desbrozadorasGoian|wattson|1036
|gen|9
|tier|[Gen 9 Champions] VGC 2026 Reg M-B (Bo3)
|rated|
|rule|Species Clause: Limit one of each Pokémon
|rule|Item Clause: Limit 1 of each item
|clearpoke
|poke|p1|Spiritomb, L50, M|
|poke|p1|Farigiraf, L50, M|
|poke|p1|Musharna, L50, M|
|poke|p1|Mawile, L50, F|
|poke|p1|Torkoal, L50, F|
|poke|p1|Drampa, L50, M|
|poke|p2|Goodra-Hisui, L50, F|
|poke|p2|Espathra, L50, F|
|poke|p2|Scovillain, L50, M|
|poke|p2|Pelipper, L50, M|
|poke|p2|Garchomp, L50, M|
|poke|p2|Basculegion, L50, M|
|teampreview|4
|showteam|p1|Spiritomb||RoseliBerry|Pressure|TrickRoom,BurningJealousy,Poltergeist,Protect|Relaxed||M|||50|]Farigiraf||ColburBerry|ArmorTail|HyperVoice,TrickRoom,TwinBeam,Protect|Quiet||M|||50|]Musharna||SitrusBerry|Telepathy|TrickRoom,Protect,HelpingHand,Psychic|Relaxed||M|||50|]Mawile||Mawilite|HyperCutter|PlayRough,IronHead,ThunderPunch,Protect|Brave||F|||50|]Torkoal||Charcoal|Drought|Eruption,SolarBeam,Protect,EarthPower|Quiet||F|||50|]Drampa||WideLens|CloudNine|DragonPulse,HydroPump,FocusBlast,Protect|Quiet||M|||50|
|showteam|p2|Goodra-Hisui||Leftovers|ShellArmor|MuddyWater,FlashCannon,Shelter,Protect|Bold||F|||50|]Espathra||FocusSash|SpeedBoost|LuminaCrash,CalmMind,BatonPass,Protect|Timid||F|||50|]Scovillain||Scovillainite|Moody|Protect,RagePowder,LeechSeed,Overheat|Calm||M|||50|]Pelipper||SitrusBerry|Drizzle|Hurricane,WeatherBall,Tailwind,WideGuard|Modest||M|||50|]Garchomp||LifeOrb|RoughSkin|DragonClaw,RockSlide,Earthquake,Protect|Jolly||M|||50|]Basculegion||ChoiceScarf|Adaptability|LastRespects,AquaJet,WaveCrash,Protect|Jolly||M|||50|
|inactive|Battle timer is ON: inactive players will automatically lose when time's up. (requested by desbrozadorasGoian)
|inactive|bomabflat has 60 seconds left.
|inactive|desbrozadorasGoian has 60 seconds left.
|inactive|bomabflat has 30 seconds left.
|inactive|bomabflat has 20 seconds left.
|inactive|bomabflat has 15 seconds left.
|inactive|bomabflat has 10 seconds left.
|
|t:|1785675634
|teamsize|p1|4
|teamsize|p2|4
|start
|switch|p1a: Ringo Starr|Mawile, L50, F|100/100
|switch|p1b: John Lennon|Spiritomb, L50, M|100/100
|switch|p2a: Espathra|Espathra, L50, F|100/100
|switch|p2b: Scovillain|Scovillain, L50, M|100/100
|-ability|p1b: John Lennon|Pressure
|turn|1
|
|t:|1785675658
|detailschange|p2b: Scovillain|Scovillain-Mega, L50, M
|-mega|p2b: Scovillain|Scovillain|Scovillainite
|move|p1a: Ringo Starr|Protect|p1a: Ringo Starr
|-singleturn|p1a: Ringo Starr|Protect
|move|p2b: Scovillain|Rage Powder|p2b: Scovillain
|-singleturn|p2b: Scovillain|move: Rage Powder
|move|p2a: Espathra|Calm Mind|p2a: Espathra
|-boost|p2a: Espathra|spa|1
|-boost|p2a: Espathra|spd|1
|move|p1b: John Lennon|Trick Room|p1b: John Lennon
|-fieldstart|move: Trick Room|[of] p1b: John Lennon
|
|-ability|p2a: Espathra|Speed Boost|boost
|-boost|p2a: Espathra|spe|1
|upkeep
|turn|2
|inactive|bomabflat has 30 seconds left.
|
|t:|1785675686
|detailschange|p1a: Ringo Starr|Mawile-Mega, L50, F
|-mega|p1a: Ringo Starr|Mawile|Mawilite
|move|p1b: John Lennon|Poltergeist|p2a: Espathra
|-activate|p2a: Espathra|move: Poltergeist|Focus Sash
|-supereffective|p2a: Espathra|1
|-enditem|p2a: Espathra|Focus Sash
|-damage|p2a: Espathra|1/100
|move|p1a: Ringo Starr|Play Rough|p2a: Espathra
|-damage|p2a: Espathra|0 fnt
|faint|p2a: Espathra
|move|p2b: Scovillain|Leech Seed|p1a: Ringo Starr
|-start|p1a: Ringo Starr|move: Leech Seed
|
|-damage|p1a: Ringo Starr|87/100|[from] Leech Seed|[of] p2b: Scovillain
|upkeep
|
|t:|1785675704
|switch|p2a: Goodra|Goodra-Hisui, L50, F|100/100
|turn|3
|
|t:|1785675721
|move|p1b: John Lennon|Poltergeist|p2b: Scovillain
|-activate|p2b: Scovillain|move: Poltergeist|Scovillainite
|-damage|p2b: Scovillain|59/100
|-status|p1b: John Lennon|brn|[from] ability: Spicy Spray|[of] p2b: Scovillain
|move|p1a: Ringo Starr|Play Rough|p2a: Goodra
|-damage|p2a: Goodra|38/100
|move|p2a: Goodra|Shelter|p2a: Goodra
|-boost|p2a: Goodra|def|2
|move|p2b: Scovillain|Leech Seed|p1b: John Lennon
|-start|p1b: John Lennon|move: Leech Seed
|
|-heal|p2a: Goodra|44/100|[from] item: Leftovers
|-damage|p1b: John Lennon|87/100 brn|[from] Leech Seed|[of] p2b: Scovillain
|-heal|p2b: Scovillain|70/100|[silent]
|-damage|p1a: Ringo Starr|75/100|[from] Leech Seed|[of] p2b: Scovillain
|-heal|p2b: Scovillain|81/100|[silent]
|-damage|p1b: John Lennon|82/100 brn|[from] brn
|upkeep
|turn|4
|inactive|bomabflat has 30 seconds left.
|
|t:|1785675747
|move|p1a: Ringo Starr|Protect|p1a: Ringo Starr
|-singleturn|p1a: Ringo Starr|Protect
|move|p2b: Scovillain|Rage Powder|p2b: Scovillain
|-singleturn|p2b: Scovillain|move: Rage Powder
|move|p1b: John Lennon|Poltergeist|p2b: Scovillain
|-activate|p2b: Scovillain|move: Poltergeist|Scovillainite
|-damage|p2b: Scovillain|61/100
|move|p2a: Goodra|Muddy Water|p1a: Ringo Starr|[spread] p1b
|-activate|p1a: Ringo Starr|move: Protect
|-damage|p1b: John Lennon|66/100 brn
|
|-heal|p2a: Goodra|50/100g|[from] item: Leftovers
|-damage|p1b: John Lennon|54/100 brn|[from] Leech Seed|[of] p2b: Scovillain
|-heal|p2b: Scovillain|72/100|[silent]
|-damage|p1a: Ringo Starr|63/100|[from] Leech Seed|[of] p2b: Scovillain
|-heal|p2b: Scovillain|83/100|[silent]
|-damage|p1b: John Lennon|49/100 brn|[from] brn
|upkeep
|turn|5
|
|t:|1785675764
|switch|p1b: Paul McCartney|Farigiraf, L50, M|100/100
|switch|p1a: George Harrison|Drampa, L50, M|100/100
|-ability|p1a: George Harrison|Cloud Nine
|move|p2b: Scovillain|Rage Powder|p2b: Scovillain
|-singleturn|p2b: Scovillain|move: Rage Powder
|move|p2a: Goodra|Muddy Water|p1a: George Harrison|[spread] p1a
|-miss|p2a: Goodra|p1b: Paul McCartney
|-resisted|p1a: George Harrison|1
|-damage|p1a: George Harrison|91/100
|-unboost|p1a: George Harrison|accuracy|1
|
|-heal|p2a: Goodra|56/100|[from] item: Leftovers
|-fieldend|move: Trick Room
|upkeep
|turn|6
|
|t:|1785675783
|move|p2b: Scovillain|Leech Seed|p1a: George Harrison
|-start|p1a: George Harrison|move: Leech Seed
|move|p2a: Goodra|Muddy Water|p1b: Paul McCartney|[spread] p1a
|-miss|p2a: Goodra|p1b: Paul McCartney
|-resisted|p1a: George Harrison|1
|-damage|p1a: George Harrison|82/100
|move|p1a: George Harrison|Focus Blast|p2a: Goodra|[miss]
|-miss|p1a: George Harrison|p2a: Goodra
|move|p1b: Paul McCartney|Trick Room|p1b: Paul McCartney
|-fieldstart|move: Trick Room|[of] p1b: Paul McCartney
|
|-heal|p2a: Goodra|62/100|[from] item: Leftovers
|-damage|p1a: George Harrison|70/100|[from] Leech Seed|[of] p2b: Scovillain
|-heal|p2b: Scovillain|97/100|[silent]
|upkeep
|turn|7
|
|t:|1785675806
|switch|p2a: Pelipper|Pelipper, L50, M|100/100
|-weather|RainDance|[from] ability: Drizzle|[of] p2a: Pelipper
|move|p1a: George Harrison|Focus Blast|p2a: Pelipper
|-resisted|p2a: Pelipper|1
|-damage|p2a: Pelipper|71/100
|move|p1b: Paul McCartney|Twin Beam|p2b: Scovillain
|-damage|p2b: Scovillain|79/100
|-status|p1b: Paul McCartney|brn|[from] ability: Spicy Spray|[of] p2b: Scovillain
|-damage|p2b: Scovillain|61/100
|-hitcount|p2b: Scovillain|2
|move|p2b: Scovillain|Leech Seed|p1b: Paul McCartney
|-start|p1b: Paul McCartney|move: Leech Seed
|
|-weather|RainDance|[upkeep]
|-damage|p1a: George Harrison|57/100|[from] Leech Seed|[of] p2b: Scovillain
|-heal|p2b: Scovillain|74/100|[silent]
|-damage|p1b: Paul McCartney|87/100 brn|[from] Leech Seed|[of] p2b: Scovillain
|-heal|p2b: Scovillain|90/100|[silent]
|-damage|p1b: Paul McCartney|81/100 brn|[from] brn
|upkeep
|turn|8
|inactive|bomabflat has 30 seconds left.
|inactive|desbrozadorasGoian has 30 seconds left.
|
|t:|1785675834
|switch|p2b: Goodra|Goodra-Hisui, L50, F|62/100
|move|p1a: George Harrison|Dragon Pulse|p2b: Goodra
|-damage|p2b: Goodra|29/100
|move|p1b: Paul McCartney|Hyper Voice|p2b: Goodra|[spread] p2a,p2b
|-resisted|p2b: Goodra|1
|-damage|p2a: Pelipper|31/100
|-damage|p2b: Goodra|18/100
|-enditem|p2a: Pelipper|Sitrus Berry|[eat]
|-heal|p2a: Pelipper|56/100|[from] item: Sitrus Berry
|move|p2a: Pelipper|Hurricane|p1b: Paul McCartney|[miss]
|-miss|p2a: Pelipper|p1b: Paul McCartney
|
|-weather|RainDance|[upkeep]
|-heal|p2b: Goodra|24/100|[from] item: Leftovers
|-damage|p1a: George Harrison|45/100|[from] Leech Seed|[of] p2b: Goodra
|-heal|p2b: Goodra|36/100|[silent]
|-damage|p1b: Paul McCartney|69/100 brn|[from] Leech Seed|[of] p2b: Goodra
|-heal|p2b: Goodra|51/100|[silent]
|-damage|p1b: Paul McCartney|62/100 brn|[from] brn
|upkeep
|turn|9
|
|t:|1785675856
|move|p2b: Goodra|Protect|p2b: Goodra
|-singleturn|p2b: Goodra|Protect
|move|p1a: George Harrison|Focus Blast|p2b: Goodra
|-activate|p2b: Goodra|move: Protect
|move|p1b: Paul McCartney|Hyper Voice|p2b: Goodra|[spread] p2a
|-activate|p2b: Goodra|move: Protect
|-damage|p2a: Pelipper|16/100
|move|p2a: Pelipper|Hurricane|p1a: George Harrison
|-damage|p1a: George Harrison|4/100
|-start|p1a: George Harrison|confusion
|
|-weather|RainDance|[upkeep]
|-heal|p2b: Goodra|57/100|[from] item: Leftovers
|-damage|p1a: George Harrison|0 fnt|[from] Leech Seed|[of] p2b: Goodra
|-heal|p2b: Goodra|62/100|[silent]
|faint|p1a: George Harrison
|-damage|p1b: Paul McCartney|50/100g brn|[from] Leech Seed|[of] p2b: Goodra
|-heal|p2b: Goodra|77/100|[silent]
|-damage|p1b: Paul McCartney|44/100 brn|[from] brn
|upkeep
|-message|bomabflat forfeited.
|
|win|desbrozadorasGoian
