|j|☆gunkqing
|j|☆Draxolotl
|html|gunkqingDraxolotl    
|uhtml|bestof|Game 1 of a best-of-3
|t:|1756404188
|gametype|doubles
|player|p1|gunkqing|striker|
|player|p2|Draxolotl|shelly|
|gen|9
|tier|[Gen 9] VGC 2025 Reg H (Bo3)
|rule|Species Clause: Limit one of each Pokémon
|rule|Item Clause: Limit 1 of each item
|clearpoke
|poke|p1|Charizard, L50, F|
|poke|p1|Jumpluff, L50, M|
|poke|p1|Torkoal, L50, M|
|poke|p1|Ursaluna, L50, M|
|poke|p1|Incineroar, L50, F|
|poke|p1|Duskull, L50, M|
|poke|p2|Pelipper, L50, F|
|poke|p2|Archaludon, L50, M|
|poke|p2|Basculegion, L50, M|
|poke|p2|Amoonguss, L50, F|
|poke|p2|Incineroar, L50, F|
|poke|p2|Gholdengo, L50|
|teampreview|4
|showteam|p1|Charizard||ChoiceSpecs|SolarPower|HeatWave,Overheat,WeatherBall,DragonPulse|||F|||50|,,,,,Ghost]Jumpluff||CovertCloak|Chlorophyll|SleepPowder,Tailwind,RagePowder,SunnyDay|||M|||50|,,,,,Water]Torkoal||EjectPack|Drought|Overheat,Eruption,ClearSmog,Protect|||M|||50|,,,,,Fire]Ursaluna||FlameOrb|Guts|Facade,HeadlongRush,Earthquake,Protect|||M|||50|,,,,,Ghost]Incineroar||AssaultVest|Intimidate|FakeOut,FlareBlitz,KnockOff,Uturn|||F|||50|,,,,,Grass]Duskull||Eviolite|Levitate|NightShade,TrickRoom,HelpingHand,PainSplit|||M|||50|,,,,,Steel
|showteam|p2|Pelipper||FocusSash|Drizzle|Protect,MuddyWater,Hurricane,Tailwind|||F|||50|,,,,,Ghost]Archaludon||AssaultVest|Stamina|ElectroShot,DragonPulse,Snarl,BodyPress|||M|||50|,,,,,Grass]Basculegion||ChoiceScarf|Adaptability|WaveCrash,LastRespects,FlipTurn,AquaJet|||M|||50|,,,,,Water]Amoonguss||CovertCloak|Regenerator|Protect,PollenPuff,Spore,RagePowder|||F|||50|,,,,,Psychic]Incineroar||SafetyGoggles|Intimidate|FakeOut,KnockOff,Taunt,PartingShot|||F|||50|,,,,,Ghost]Gholdengo||LifeOrb|GoodasGold|Protect,MakeItRain,ShadowBall,NastyPlot||||||50|,,,,,Water
|inactive|Battle timer is ON: inactive players will automatically lose when time's up. (requested by gunkqing)
|inactive|Draxolotl also wants the timer to be on.
|
|t:|1756404217
|teamsize|p1|4
|teamsize|p2|4
|start
|switch|p1a: Jumpluff|Jumpluff, L50, M|100/100
|switch|p1b: Ursaluna|Ursaluna, L50, M, shiny|100/100
|switch|p2a: Bridge|Archaludon, L50, M, shiny|100/100
|switch|p2b: Cat|Incineroar, L50, F|100/100
|-ability|p2b: Cat|Intimidate|boost
|-unboost|p1a: Jumpluff|atk|1
|-unboost|p1b: Ursaluna|atk|1
|turn|1
|inactive|gunkqing has 30 seconds left.
|inactive|Draxolotl has 30 seconds left.
|inactive|Draxolotl has 20 seconds left.
|
|t:|1756404262
|-terastallize|p2a: Bridge|Grass
|move|p1b: Ursaluna|Protect|p1b: Ursaluna
|-singleturn|p1b: Ursaluna|Protect
|move|p1a: Jumpluff|Sleep Powder|p2a: Bridge
|-immune|p2a: Bridge
|move|p2b: Cat|Parting Shot|p1a: Jumpluff
|-unboost|p1a: Jumpluff|atk|1
|-unboost|p1a: Jumpluff|spa|1
|
|t:|1756404270
|switch|p2b: Birb|Pelipper, L50, F|100/100|[from] Parting Shot
|-weather|RainDance|[from] ability: Drizzle|[of] p2b: Birb
|move|p2a: Bridge|Electro Shot||[still]
|-prepare|p2a: Bridge|Electro Shot
|-boost|p2a: Bridge|spa|1
|-anim|p2a: Bridge|Electro Shot|p1a: Jumpluff
|-damage|p1a: Jumpluff|36/100
|
|-weather|RainDance|[upkeep]
|-status|p1b: Ursaluna|brn|[from] item: Flame Orb
|upkeep
|turn|2
|inactive|gunkqing has 30 seconds left.
|
|t:|1756404297
|switch|p2b: Cat|Incineroar, L50, F|100/100
|-ability|p2b: Cat|Intimidate|boost
|-unboost|p1a: Jumpluff|atk|1
|-unboost|p1b: Ursaluna|atk|1
|switch|p1b: Torkoal|Torkoal, L50, M, shiny|100/100
|-weather|SunnyDay|[from] ability: Drought|[of] p1b: Torkoal
|move|p1a: Jumpluff|Sleep Powder|p2b: Cat
|-activate|p2b: Cat|item: Safety Goggles|Sleep Powder
|move|p2a: Bridge|Dragon Pulse|p1a: Jumpluff
|-damage|p1a: Jumpluff|0 fnt
|faint|p1a: Jumpluff
|
|-weather|SunnyDay|[upkeep]
|upkeep
|
|t:|1756404307
|switch|p1a: Ursaluna|Ursaluna, L50, M, shiny|100/100 brn
|turn|3
|inactive|gunkqing has 30 seconds left.
|
|t:|1756404338
|move|p2b: Cat|Parting Shot|p1a: Ursaluna
|-unboost|p1a: Ursaluna|atk|1
|-unboost|p1a: Ursaluna|spa|1
|
|t:|1756404341
|switch|p2b: Birb|Pelipper, L50, F|100/100|[from] Parting Shot
|-weather|RainDance|[from] ability: Drizzle|[of] p2b: Birb
|move|p2a: Bridge|Snarl|p1a: Ursaluna|[spread] p1a,p1b
|-damage|p1a: Ursaluna|82/100 brn
|-damage|p1b: Torkoal|72/100
|-unboost|p1a: Ursaluna|spa|1
|-unboost|p1b: Torkoal|spa|1
|-enditem|p1b: Torkoal|Eject Pack
|
|t:|1756404352
|switch|p1b: Charizard|Charizard, L50, F, shiny|100/100
|move|p1a: Ursaluna|Facade|p2a: Bridge
|-damage|p2a: Bridge|42/100
|-ability|p2a: Bridge|Stamina|boost
|-boost|p2a: Bridge|def|1
|
|-weather|RainDance|[upkeep]
|-damage|p1a: Ursaluna|76/100 brn|[from] brn
|upkeep
|turn|4
|
|t:|1756404366
|switch|p2a: Cat|Incineroar, L50, F|100/100
|-ability|p2a: Cat|Intimidate|boost
|-unboost|p1a: Ursaluna|atk|1
|-unboost|p1b: Charizard|atk|1
|switch|p1a: Torkoal|Torkoal, L50, M, shiny|72/100
|-weather|SunnyDay|[from] ability: Drought|[of] p1a: Torkoal
|move|p1b: Charizard|Heat Wave|p2a: Cat|[spread] p2a,p2b
|-resisted|p2a: Cat
|-resisted|p2b: Birb
|-damage|p2a: Cat|45/100
|-damage|p2b: Birb|10/100
|move|p2b: Birb|Tailwind|p2b: Birb
|-sidestart|p2: Draxolotl|move: Tailwind
|
|-weather|SunnyDay|[upkeep]
|-damage|p1b: Charizard|88/100|[from] ability: Solar Power|[of] p1b: Charizard
|upkeep
|turn|5
|
|t:|1756404382
|switch|p1a: Ursaluna|Ursaluna, L50, M, shiny|76/100 brn
|move|p2b: Birb|Muddy Water|p1b: Charizard|[spread] p1a,p1b
|-supereffective|p1a: Ursaluna
|-supereffective|p1b: Charizard
|-damage|p1a: Ursaluna|52/100 brn
|-damage|p1b: Charizard|51/100
|-unboost|p1b: Charizard|accuracy|1
|move|p2a: Cat|Knock Off|p1b: Charizard
|-damage|p1b: Charizard|0 fnt
|-enditem|p1b: Charizard|Choice Specs|[from] move: Knock Off|[of] p2a: Cat
|faint|p1b: Charizard
|
|-weather|SunnyDay|[upkeep]
|-damage|p1a: Ursaluna|46/100 brn|[from] brn
|upkeep
|-message|gunkqing forfeited.
|
|win|Draxolotl
||gunkqing is ready for game 2.
||Draxolotl is ready for game 2.
|uhtml|next|Next: Game 2 of 3
