|j|☆Treit_3
|j|☆BeatrizPinzon
|html|Treit_3BeatrizPinzon    
|uhtml|bestof|Game 3 of a best-of-3
|t:|1783480310
|gametype|doubles
|player|p1|Treit_3|marshal|1207
|player|p2|BeatrizPinzon|clerkf|1321
|gen|9
|tier|[Gen 9 Champions] VGC 2026 Reg M-B (Bo3)
|rated|
|rule|Species Clause: Limit one of each Pokémon
|rule|Item Clause: Limit 1 of each item
|clearpoke
|poke|p1|Scrafty, L50, F|
|poke|p1|Blaziken, L50, F|
|poke|p1|Torterra, L50, F|
|poke|p1|Milotic, L50, M|
|poke|p1|Gholdengo, L50|
|poke|p1|Farigiraf, L50, M|
|poke|p2|Swampert, L50, F|
|poke|p2|Sableye, L50, M|
|poke|p2|Pelipper, L50, M|
|poke|p2|Archaludon, L50, F|
|poke|p2|Venusaur, L50, M|
|poke|p2|Sylveon, L50, F|
|teampreview|4
|showteam|p1|Scrafty||Scraftinite|Intimidate|FakeOut,Coaching,DrainPunch,ThroatChop|Adamant||F|||50|]Blaziken||Blazikenite|SpeedBoost|Detect,RockSlide,FlareBlitz,CloseCombat|Adamant||F|||50|]Torterra||Leftovers|ShellArmor|Protect,WideGuard,HeadlongRush,WoodHammer|Brave||F|||50|]Milotic||MysticWater|Competitive|Protect,Scald,MuddyWater,IceBeam|Modest||M|||50|]Gholdengo||LifeOrb|GoodasGold|Protect,NastyPlot,MakeItRain,ShadowBall|Modest|||||50|]Farigiraf||SitrusBerry|ArmorTail|Protect,TrickRoom,Thunderbolt,HyperVoice|Bold||M|||50|
|showteam|p2|Swampert||Swampertite|Torrent|WaveCrash,HighHorsepower,RockSlide,Protect|Adamant||F|||50|]Sableye||RoseliBerry|Prankster|Encore,LightScreen,Reflect,RainDance|Calm||M|||50|]Pelipper||LifeOrb|Drizzle|Hurricane,WeatherBall,Tailwind,HelpingHand|Modest||M|||50|]Archaludon||Leftovers|Stamina|DragonPulse,ElectroShot,FlashCannon,Protect|Calm||F|||50|]Venusaur||Venusaurite|Chlorophyll|SludgeBomb,GigaDrain,EarthPower,Protect|Modest||M|||50|]Sylveon||FairyFeather|Pixilate|HyperVoice,HyperBeam,QuickAttack,Protect|Modest||F|||50|
|inactive|Battle timer is ON: inactive players will automatically lose when time's up. (requested by Treit_3)
|
|t:|1783480356
|teamsize|p1|4
|teamsize|p2|4
|start
|switch|p1a: Scrafty|Scrafty, L50, F|100/100
|switch|p1b: Farigiraf|Farigiraf, L50, M|100/100
|switch|p2a: Natalia|Sylveon, L50, F|100/100
|switch|p2b: Ororo|Pelipper, L50, M|100/100
|-weather|RainDance|[from] ability: Drizzle|[of] p2b: Ororo
|-ability|p1a: Scrafty|Intimidate|boost
|-unboost|p2a: Natalia|atk|1
|-unboost|p2b: Ororo|atk|1
|turn|1
|
|t:|1783480380
|switch|p2a: Duarte|Archaludon, L50, F|100/100
|detailschange|p1a: Scrafty|Scrafty-Mega, L50, F
|-mega|p1a: Scrafty|Scrafty|Scraftinite
|-ability|p1a: Scrafty|Intimidate|boost
|-unboost|p2a: Duarte|atk|1
|-unboost|p2b: Ororo|atk|1
|move|p1a: Scrafty|Fake Out|p2a: Duarte
|-resisted|p2a: Duarte|1
|-damage|p2a: Duarte|94/100
|-ability|p2a: Duarte|Stamina|boost
|-boost|p2a: Duarte|def|1
|move|p2b: Ororo|Hurricane|p1b: Farigiraf
|-damage|p1b: Farigiraf|48/100
|-enditem|p1b: Farigiraf|Sitrus Berry|[eat]
|-heal|p1b: Farigiraf|72/100|[from] item: Sitrus Berry
|-damage|p2b: Ororo|90/100|[from] item: Life Orb
|move|p1b: Farigiraf|Thunderbolt|p2b: Ororo
|-supereffective|p2b: Ororo|2
|-damage|p2b: Ororo|0 fnt
|faint|p2b: Ororo
|
|-weather|RainDance|[upkeep]
|-heal|p2a: Duarte|100/100|[from] item: Leftovers
|upkeep
|
|t:|1783480399
|switch|p2b: Natalia|Sylveon, L50, F|100/100
|turn|2
|
|t:|1783480419
|move|p2a: Duarte|Electro Shot||[still]
|-prepare|p2a: Duarte|Electro Shot
|-boost|p2a: Duarte|spa|1
|-anim|p2a: Duarte|Electro Shot|p1b: Farigiraf
|-damage|p1b: Farigiraf|20/100y
|move|p1a: Scrafty|Throat Chop|p2b: Natalia
|-resisted|p2b: Natalia|1
|-damage|p2b: Natalia|74/100
|-start|p2b: Natalia|Throat Chop|[silent]
|cant|p2b: Natalia|move: Throat Chop
|move|p1b: Farigiraf|Trick Room|p1b: Farigiraf
|-fieldstart|move: Trick Room|[of] p1b: Farigiraf
|
|-weather|RainDance|[upkeep]
|upkeep
|turn|3
|inactive|BeatrizPinzon has 30 seconds left.
|
|t:|1783480452
|switch|p1b: Torterra|Torterra, L50, F|100/100
|move|p2b: Natalia|Protect|p2b: Natalia
|-singleturn|p2b: Natalia|Protect
|move|p1a: Scrafty|Coaching|p1b: Torterra
|-boost|p1b: Torterra|atk|1
|-boost|p1b: Torterra|def|1
|move|p2a: Duarte|Dragon Pulse|p1b: Torterra
|-damage|p1b: Torterra|46/100
|
|-weather|RainDance|[upkeep]
|-heal|p1b: Torterra|51/100|[from] item: Leftovers
|-end|p2b: Natalia|Throat Chop|[silent]
|upkeep
|turn|4
|inactive|BeatrizPinzon has 30 seconds left.
|inactive|BeatrizPinzon has 20 seconds left.
|
|t:|1783480490
|move|p1b: Torterra|Wood Hammer|p2b: Natalia
|-damage|p2b: Natalia|0 fnt
|faint|p2b: Natalia
|-damage|p1b: Torterra|30/100|[from] Recoil
|move|p1a: Scrafty|Coaching|p1b: Torterra
|-boost|p1b: Torterra|atk|1
|-boost|p1b: Torterra|def|1
|move|p2a: Duarte|Dragon Pulse|p1b: Torterra
|-damage|p1b: Torterra|0 fnt
|faint|p1b: Torterra
|
|-weather|RainDance|[upkeep]
|upkeep
|
|t:|1783480509
|switch|p1b: Gholdengo|Gholdengo, L50|100/100
|switch|p2b: Naruto|Venusaur, L50, M|100/100
|turn|5
|
|t:|1783480523
|move|p1b: Gholdengo|Protect|p1b: Gholdengo
|-singleturn|p1b: Gholdengo|Protect
|move|p2b: Naruto|Protect|p2b: Naruto
|-singleturn|p2b: Naruto|Protect
|move|p1a: Scrafty|Throat Chop|p2b: Naruto
|-activate|p2b: Naruto|move: Protect
|move|p2a: Duarte|Electro Shot||[still]
|-prepare|p2a: Duarte|Electro Shot
|-boost|p2a: Duarte|spa|1
|-anim|p2a: Duarte|Electro Shot|p1a: Scrafty
|-damage|p1a: Scrafty|40/100
|
|-weather|none
|upkeep
|turn|6
|
|t:|1783480547
|detailschange|p2b: Naruto|Venusaur-Mega, L50, M
|-mega|p2b: Naruto|Venusaur|Venusaurite
|move|p1a: Scrafty|Drain Punch|p2a: Duarte
|-supereffective|p2a: Duarte|1
|-damage|p2a: Duarte|55/100
|-heal|p1a: Scrafty|65/100|[from] drain|[of] p2a: Duarte
|-ability|p2a: Duarte|Stamina|boost
|-boost|p2a: Duarte|def|1
|move|p1b: Gholdengo|Nasty Plot|p1b: Gholdengo
|-boost|p1b: Gholdengo|spa|2
|move|p2b: Naruto|Earth Power|p1b: Gholdengo
|-supereffective|p1b: Gholdengo|1
|-damage|p1b: Gholdengo|40/100
|move|p2a: Duarte|Dragon Pulse|p1a: Scrafty
|-damage|p1a: Scrafty|5/100
|
|-heal|p2a: Duarte|61/100|[from] item: Leftovers
|-fieldend|move: Trick Room
|upkeep
|turn|7
|inactive|Treit_3 has 30 seconds left.
|inactive|Treit_3 has 20 seconds left.
|inactive|Treit_3 has 15 seconds left.
|
|t:|1783480589
|move|p2a: Duarte|Dragon Pulse|p1a: Scrafty
|-damage|p1a: Scrafty|0 fnt
|faint|p1a: Scrafty
|move|p2b: Naruto|Earth Power|p1b: Gholdengo
|-supereffective|p1b: Gholdengo|1
|-damage|p1b: Gholdengo|0 fnt
|faint|p1b: Gholdengo
|
|-heal|p2a: Duarte|67/100|[from] item: Leftovers
|upkeep
|
|t:|1783480592
|switch|p1a: Farigiraf|Farigiraf, L50, M|20/100y
|turn|8
|c|☆Treit_3|g
|c|☆Treit_3|g
|
|t:|1783480602
|move|p2a: Duarte|Dragon Pulse|p1a: Farigiraf
|-damage|p1a: Farigiraf|0 fnt
|faint|p1a: Farigiraf
|
|win|BeatrizPinzon
|raw|Treit_3's rating: 1207 → 1190(-17 for losing)
|raw|BeatrizPinzon's rating: 1321 → 1335(+14 for winning)
|l|☆BeatrizPinzon
|player|p2|
