|j|☆mugaovgc
|j|☆asefito
|html|mugaovgcasefito    
|uhtml|bestof|Game 1 of a best-of-3
|t:|1783454059
|gametype|doubles
|player|p1|mugaovgc|170|1127
|player|p2|asefito|winona|1116
|gen|9
|tier|[Gen 9 Champions] VGC 2026 Reg M-B (Bo3)
|rated|
|rule|Species Clause: Limit one of each Pokémon
|rule|Item Clause: Limit 1 of each item
|clearpoke
|poke|p1|Floette-Eternal, L50, F|
|poke|p1|Incineroar, L50, F|
|poke|p1|Garchomp, L50, M|
|poke|p1|Maushold-Four, L50|
|poke|p1|Sinistcha, L50|
|poke|p1|Delphox, L50, M|
|poke|p2|Incineroar, L50, F|
|poke|p2|Basculegion, L50, M|
|poke|p2|Tinkaton, L50, F, shiny|
|poke|p2|Floette-Eternal, L50, F, shiny|
|poke|p2|Kingambit, L50, F|
|poke|p2|Sneasler, L50, F, shiny|
|teampreview|4
|showteam|p1|Floette-Eternal||Floettite|FlowerVeil|DazzlingGleam,DrainingKiss,Protect,CalmMind|Modest||F|||50|]Incineroar||SitrusBerry|Intimidate|FlareBlitz,PartingShot,FakeOut,WillOWisp|Careful||F|||50|]Garchomp||ChoiceScarf|RoughSkin|Earthquake,DragonClaw,RockSlide,StompingTantrum|Jolly||M|||50|]Maushold-Four||FocusSash|FriendGuard|HelpingHand,SuperFang,FollowMe,Protect|Timid|||||50|]Sinistcha||CobaBerry|Hospitality|GigaDrain,TrickRoom,RagePowder,LifeDew|Relaxed|||||50|]Delphox||Delphoxite|Blaze|HeatWave,Psyshock,Substitute,CalmMind|Timid||M|||50|
|showteam|p2|Incineroar||SitrusBerry|Intimidate|FlareBlitz,DarkestLariat,PartingShot,FakeOut|Careful||F|||50|]Basculegion||ChoiceScarf|Adaptability|WaveCrash,LastRespects,FlipTurn,AquaJet|Jolly||M|||50|]Tinkaton||Leftovers|MoldBreaker|GigatonHammer,PlayRough,BrickBreak,FakeOut|Adamant||F|||50|]Floette-Eternal||Floettite|FlowerVeil|Moonblast,DazzlingGleam,CalmMind,Protect|Modest||F|||50|]Kingambit||LifeOrb|Defiant|KowtowCleave,SuckerPunch,SwordsDance,Protect|Adamant||F|||50|]Sneasler||FocusSash|PoisonTouch|CloseCombat,DireClaw,Feint,FakeOut|Jolly||F|||50|
|inactive|Battle timer is ON: inactive players will automatically lose when time's up. (requested by mugaovgc)
|inactive|asefito has 60 seconds left.
|inactive|asefito has 30 seconds left.
|inactive|asefito has 20 seconds left.
|inactive|asefito has 15 seconds left.
|
|t:|1783454157
|teamsize|p1|4
|teamsize|p2|4
|start
|switch|p1a: Garchomp|Garchomp, L50, M|100/100
|switch|p1b: Delphox|Delphox, L50, M|100/100
|switch|p2a: Kingambit|Kingambit, L50, F|100/100
|switch|p2b: Incineroar|Incineroar, L50, F|100/100
|-ability|p2b: Incineroar|Intimidate|boost
|-unboost|p1a: Garchomp|atk|1
|-unboost|p1b: Delphox|atk|1
|turn|1
|
|t:|1783454179
|switch|p1b: Maushold|Maushold-Four, L50|100/100
|move|p2b: Incineroar|Fake Out|p1a: Garchomp
|-damage|p1a: Garchomp|92/100
|-damage|p2b: Incineroar|87/100|[from] ability: Rough Skin|[of] p1a: Garchomp
|cant|p1a: Garchomp|flinch
|move|p2a: Kingambit|Kowtow Cleave|p1b: Maushold
|-damage|p1b: Maushold|37/100
|-damage|p2a: Kingambit|90/100|[from] item: Life Orb
|
|upkeep
|turn|2
|
|t:|1783454193
|switch|p1a: Sinistcha|Sinistcha, L50|100/100
|-heal|p1b: Maushold|62/100|[from] ability: Hospitality|[of] p1a: Sinistcha
|switch|p2b: Basculegion|Basculegion, L50, M|100/100
|move|p1b: Maushold|Protect|p1b: Maushold
|-singleturn|p1b: Maushold|Protect
|move|p2a: Kingambit|Protect||[still]
|-fail|p2a: Kingambit
|
|upkeep
|turn|3
|
|t:|1783454209
|move|p1b: Maushold|Helping Hand|p1a: Sinistcha
|-singleturn|p1a: Sinistcha|Helping Hand|[of] p1b: Maushold
|move|p2b: Basculegion|Flip Turn|p1b: Maushold
|-damage|p1b: Maushold|21/100
|
|t:|1783454214
|switch|p2b: Incineroar|Incineroar, L50, F|87/100|[from] Flip Turn
|-ability|p2b: Incineroar|Intimidate|boost
|-unboost|p1a: Sinistcha|atk|1
|-unboost|p1b: Maushold|atk|1
|move|p1a: Sinistcha|Giga Drain|p2b: Incineroar
|-resisted|p2b: Incineroar|1
|-damage|p2b: Incineroar|70/100
|move|p2a: Kingambit|Swords Dance|p2a: Kingambit
|-boost|p2a: Kingambit|atk|2
|
|upkeep
|turn|4
|
|t:|1783454227
|move|p1b: Maushold|Protect|p1b: Maushold
|-singleturn|p1b: Maushold|Protect
|move|p2b: Incineroar|Flare Blitz|p1a: Sinistcha
|-supereffective|p1a: Sinistcha|1
|-damage|p1a: Sinistcha|47/100
|-damage|p2b: Incineroar|54/100|[from] Recoil
|move|p1a: Sinistcha|Life Dew|p1a: Sinistcha|[spread] p1a,p1b
|-heal|p1a: Sinistcha|72/100
|-heal|p1b: Maushold|46/100
|move|p2a: Kingambit|Kowtow Cleave|p1b: Maushold
|-activate|p1b: Maushold|move: Protect
|
|upkeep
|turn|5
|
|t:|1783454242
|switch|p1a: Garchomp|Garchomp, L50, M|92/100
|move|p1b: Maushold|Super Fang|p2a: Kingambit
|-damage|p2a: Kingambit|45/100
|move|p2b: Incineroar|Flare Blitz|p1a: Garchomp
|-resisted|p1a: Garchomp|1
|-damage|p1a: Garchomp|75/100
|-damage|p2b: Incineroar|42/100|[from] ability: Rough Skin|[of] p1a: Garchomp
|-enditem|p2b: Incineroar|Sitrus Berry|[eat]
|-heal|p2b: Incineroar|67/100|[from] item: Sitrus Berry
|-damage|p2b: Incineroar|61/100|[from] Recoil
|move|p2a: Kingambit|Kowtow Cleave|p1b: Maushold
|-damage|p1b: Maushold|0 fnt
|faint|p1b: Maushold
|-damage|p2a: Kingambit|35/100|[from] item: Life Orb
|
|upkeep
|
|t:|1783454256
|switch|p1b: Sinistcha|Sinistcha, L50|72/100
|-heal|p1a: Garchomp|100/100|[from] ability: Hospitality|[of] p1b: Sinistcha
|turn|6
|
|t:|1783454262
|move|p2a: Kingambit|Protect|p2a: Kingambit
|-singleturn|p2a: Kingambit|Protect
|move|p1b: Sinistcha|Rage Powder|p1b: Sinistcha
|-singleturn|p1b: Sinistcha|move: Rage Powder
|move|p1a: Garchomp|Earthquake|p2a: Kingambit|[spread] p1b,p2b
|-activate|p2a: Kingambit|move: Protect
|-resisted|p1b: Sinistcha|1
|-supereffective|p2b: Incineroar|1
|-damage|p1b: Sinistcha|58/100
|-damage|p2b: Incineroar|0 fnt
|faint|p2b: Incineroar
|
|upkeep
|
|t:|1783454273
|switch|p2b: Floette|Floette-Eternal, L50, F, shiny|100/100
|turn|7
|
|t:|1783454279
|detailschange|p2b: Floette|Floette-Mega, L50, F, shiny
|-mega|p2b: Floette|Floette|Floettite
|-ability|p2b: Floette|Fairy Aura
|move|p1b: Sinistcha|Rage Powder|p1b: Sinistcha
|-singleturn|p1b: Sinistcha|move: Rage Powder
|move|p2a: Kingambit|Sucker Punch||[still]
|-fail|p2a: Kingambit
|move|p1a: Garchomp|Earthquake|p2a: Kingambit|[spread] p1b,p2a,p2b
|-resisted|p1b: Sinistcha|1
|-supereffective|p2a: Kingambit|1
|-damage|p1b: Sinistcha|43/100
|-damage|p2a: Kingambit|0 fnt
|-damage|p2b: Floette|60/100
|faint|p2a: Kingambit
|move|p2b: Floette|Dazzling Gleam|p1a: Garchomp|[spread] p1a,p1b
|-supereffective|p1a: Garchomp|1
|-damage|p1a: Garchomp|0 fnt
|-damage|p1b: Sinistcha|0 fnt
|faint|p1a: Garchomp
|faint|p1b: Sinistcha
|
|upkeep
|
|t:|1783454291
|switch|p1b: Delphox|Delphox, L50, M|100/100
|switch|p2a: Basculegion|Basculegion, L50, M|100/100
|turn|8
|
|t:|1783454298
|detailschange|p1b: Delphox|Delphox-Mega, L50, M
|-mega|p1b: Delphox|Delphox|Delphoxite
|move|p2a: Basculegion|Last Respects|p1b: Delphox
|-supereffective|p1b: Delphox|1
|-damage|p1b: Delphox|0 fnt
|faint|p1b: Delphox
|
|win|asefito
||mugaovgc is ready for game 2.
||asefito is ready for game 2.
|uhtml|next|Next: Game 2 of 3
