|j|☆ToastedArt
|j|☆LeSkinny23
|html|ToastedArtLeSkinny23    
|uhtml|bestof|Game 2 of a best-of-3
|t:|1785635966
|gametype|doubles
|player|p1|ToastedArt|iris|1083
|player|p2|LeSkinny23|265|1009
|gen|9
|tier|[Gen 9 Champions] VGC 2026 Reg M-B (Bo3)
|rated|
|rule|Species Clause: Limit one of each Pokémon
|rule|Item Clause: Limit 1 of each item
|clearpoke
|poke|p1|Staraptor, L50, F|
|poke|p1|Gholdengo, L50|
|poke|p1|Incineroar, L50, F|
|poke|p1|Sinistcha, L50|
|poke|p1|Arcanine-Hisui, L50, F|
|poke|p1|Ninetales-Alola, L50, M|
|poke|p2|Whimsicott, L50, F, shiny|
|poke|p2|Gyarados, L50, M, shiny|
|poke|p2|Incineroar, L50, M, shiny|
|poke|p2|Sinistcha-Masterpiece, L50, shiny|
|poke|p2|Staraptor, L50, M, shiny|
|poke|p2|Gengar, L50, M, shiny|
|teampreview|4
|showteam|p1|Staraptor||Staraptite|Intimidate|CloseCombat,DualWingbeat,Tailwind,Protect|Jolly||F|||50|]Gholdengo||LifeOrb|GoodasGold|MakeItRain,ShadowBall,NastyPlot,Protect|Modest|||||50|]Incineroar||SitrusBerry|Intimidate|PartingShot,FlareBlitz,ThroatChop,FakeOut|Careful||F|||50|]Sinistcha||ColburBerry|Hospitality|MatchaGotcha,RagePowder,TrickRoom,Protect|Relaxed|||||50|]Arcanine-Hisui||FocusSash|RockHead|FlareBlitz,HeadSmash,ExtremeSpeed,Protect|Jolly||F|||50|]Ninetales-Alola||NeverMeltIce|SnowWarning|Blizzard,FreezeDry,Encore,Protect|Timid||M|||50|
|showteam|p2|Whimsicott||MentalHerb|Prankster|Encore,LightScreen,Moonblast,Tailwind|Timid||F|||50|]Gyarados||SitrusBerry|Intimidate|Protect,Waterfall,ThunderWave,Taunt|Jolly||M|||50|]Incineroar||ChopleBerry|Intimidate|ThroatChop,FlareBlitz,FakeOut,PartingShot|Careful||M|||50|]Sinistcha-Masterpiece||OccaBerry|Hospitality|Protect,MatchaGotcha,RagePowder,TrickRoom|Bold|||||50|]Staraptor||Staraptite|Reckless|Protect,DualWingbeat,CloseCombat,Roost|Jolly||M|||50|]Gengar||Gengarite|CursedBody|Protect,SludgeBomb,ShadowBall,WillOWisp|Timid||M|||50|
|inactive|Battle timer is ON: inactive players will automatically lose when time's up. (requested by ToastedArt)
|inactive|LeSkinny23 has 60 seconds left.
|
|t:|1785636000
|teamsize|p1|4
|teamsize|p2|4
|start
|switch|p1a: Staraptor|Staraptor, L50, F|100/100
|switch|p1b: Gholdengo|Gholdengo, L50|100/100
|switch|p2a: Gengar|Gengar, L50, M, shiny|100/100
|switch|p2b: Incineroar|Incineroar, L50, M, shiny|100/100
|-ability|p1a: Staraptor|Intimidate|boost
|-unboost|p2a: Gengar|atk|1
|-unboost|p2b: Incineroar|atk|1
|-ability|p2b: Incineroar|Intimidate|boost
|-unboost|p1a: Staraptor|atk|1
|-unboost|p1b: Gholdengo|atk|1
|turn|1
|
|t:|1785636023
|switch|p2b: Gyarados|Gyarados, L50, M, shiny|100/100
|-ability|p2b: Gyarados|Intimidate|boost
|-unboost|p1a: Staraptor|atk|1
|-unboost|p1b: Gholdengo|atk|1
|detailschange|p2a: Gengar|Gengar-Mega, L50, M, shiny
|-mega|p2a: Gengar|Gengar|Gengarite
|detailschange|p1a: Staraptor|Staraptor-Mega, L50, F
|-mega|p1a: Staraptor|Staraptor|Staraptite
|move|p1b: Gholdengo|Protect|p1b: Gholdengo
|-singleturn|p1b: Gholdengo|Protect
|move|p2a: Gengar|Shadow Ball|p1b: Gholdengo
|-activate|p1b: Gholdengo|move: Protect
|move|p1a: Staraptor|Tailwind|p1a: Staraptor
|-sidestart|p1: ToastedArt|move: Tailwind
|
|upkeep
|turn|2
|inactive|LeSkinny23 has 30 seconds left.
|
|t:|1785636050
|move|p1a: Staraptor|Close Combat|p2b: Gyarados
|-resisted|p2b: Gyarados|1
|-damage|p2b: Gyarados|84/100
|-boost|p1a: Staraptor|def|1
|-boost|p1a: Staraptor|spd|1
|move|p1b: Gholdengo|Shadow Ball|p2a: Gengar
|-supereffective|p2a: Gengar|1
|-damage|p2a: Gengar|0 fnt
|faint|p2a: Gengar
|-damage|p1b: Gholdengo|90/100|[from] item: Life Orb
|move|p2b: Gyarados|Thunder Wave|p1a: Staraptor
|-status|p1a: Staraptor|par
|
|upkeep
|
|t:|1785636062
|switch|p2a: Whimsicott|Whimsicott, L50, F, shiny|100/100
|turn|3
|
|t:|1785636073
|move|p2a: Whimsicott|Light Screen|p2a: Whimsicott
|-sidestart|p2: LeSkinny23|move: Light Screen
|move|p1b: Gholdengo|Nasty Plot|p1b: Gholdengo
|-boost|p1b: Gholdengo|spa|2
|move|p1a: Staraptor|Dual Wingbeat|p2a: Whimsicott
|-supereffective|p2a: Whimsicott|1
|-damage|p2a: Whimsicott|77/100
|-supereffective|p2a: Whimsicott|1
|-damage|p2a: Whimsicott|51/100
|-hitcount|p2a: Whimsicott|2
|move|p2b: Gyarados|Waterfall|p1a: Staraptor
|-damage|p1a: Staraptor|76/100 par
|
|upkeep
|turn|4
|inactive|LeSkinny23 has 30 seconds left.
|inactive|LeSkinny23 has 20 seconds left.
|
|t:|1785636113
|switch|p2a: Incineroar|Incineroar, L50, M, shiny|100/100
|-ability|p2a: Incineroar|Intimidate|boost
|-boost|p1a: Staraptor|atk|1
|-unboost|p1b: Gholdengo|atk|1
|move|p1b: Gholdengo|Shadow Ball|p2b: Gyarados
|-damage|p2b: Gyarados|16/100
|-enditem|p2b: Gyarados|Sitrus Berry|[eat]
|-heal|p2b: Gyarados|41/100|[from] item: Sitrus Berry
|-damage|p1b: Gholdengo|81/100|[from] item: Life Orb
|move|p1a: Staraptor|Dual Wingbeat|p2a: Incineroar
|-damage|p2a: Incineroar|88/100
|-damage|p2a: Incineroar|77/100
|-hitcount|p2a: Incineroar|2
|move|p2b: Gyarados|Waterfall|p1a: Staraptor
|-damage|p1a: Staraptor|52/100 par
|
|-sideend|p1: ToastedArt|move: Tailwind
|upkeep
|turn|5
|inactive|LeSkinny23 has 30 seconds left.
|inactive|LeSkinny23 has 20 seconds left.
|inactive|LeSkinny23 has 15 seconds left.
|
|t:|1785636154
|move|p2b: Gyarados|Waterfall|p1a: Staraptor
|-damage|p1a: Staraptor|29/100 par
|move|p1b: Gholdengo|Shadow Ball|p2b: Gyarados
|-damage|p2b: Gyarados|0 fnt
|faint|p2b: Gyarados
|-damage|p1b: Gholdengo|71/100|[from] item: Life Orb
|cant|p1a: Staraptor|flinch
|move|p2a: Incineroar|Flare Blitz|p1a: Staraptor
|-damage|p1a: Staraptor|0 fnt
|faint|p1a: Staraptor
|-damage|p2a: Incineroar|68/100|[from] Recoil
|
|upkeep
|
|t:|1785636169
|switch|p1a: Sinistcha|Sinistcha, L50|100/100
|switch|p2b: Whimsicott|Whimsicott, L50, F, shiny|51/100
|-heal|p1b: Gholdengo|96/100|[from] ability: Hospitality|[of] p1a: Sinistcha
|turn|6
|
|t:|1785636187
|move|p1a: Sinistcha|Rage Powder|p1a: Sinistcha
|-singleturn|p1a: Sinistcha|move: Rage Powder
|move|p2b: Whimsicott|Moonblast|p1a: Sinistcha
|-damage|p1a: Sinistcha|74/100
|move|p1b: Gholdengo|Shadow Ball|p2b: Whimsicott
|-damage|p2b: Whimsicott|0 fnt
|faint|p2b: Whimsicott
|-damage|p1b: Gholdengo|86/100|[from] item: Life Orb
|move|p2a: Incineroar|Flare Blitz|p1a: Sinistcha
|-supereffective|p1a: Sinistcha|1
|-damage|p1a: Sinistcha|0 fnt
|faint|p1a: Sinistcha
|-damage|p2a: Incineroar|46/100|[from] Recoil
|
|upkeep
|
|t:|1785636197
|switch|p1a: Incineroar|Incineroar, L50, F|100/100
|-ability|p1a: Incineroar|Intimidate|boost
|-unboost|p2a: Incineroar|atk|1
|turn|7
|
|t:|1785636203
|move|p1a: Incineroar|Fake Out|p2a: Incineroar
|-damage|p2a: Incineroar|36/100
|move|p1b: Gholdengo|Shadow Ball|p2a: Incineroar
|-resisted|p2a: Incineroar|1
|-damage|p2a: Incineroar|11/100
|-damage|p1b: Gholdengo|77/100|[from] item: Life Orb
|cant|p2a: Incineroar|flinch
|
|-sideend|p2: LeSkinny23|move: Light Screen
|upkeep
|turn|8
|
|t:|1785636210
|move|p1b: Gholdengo|Shadow Ball|p2a: Incineroar
|-resisted|p2a: Incineroar|1
|-damage|p2a: Incineroar|0 fnt
|faint|p2a: Incineroar
|-damage|p1b: Gholdengo|67/100|[from] item: Life Orb
|
|win|ToastedArt
