|j|☆zampe96
|j|☆JuanGuerrero09
|html|zampe96JuanGuerrero09    
|uhtml|bestof|Game 2 of a best-of-3
|t:|1757157336
|gametype|doubles
|player|p1|zampe96|1|1209
|player|p2|JuanGuerrero09|170|1120
|gen|9
|tier|[Gen 9] VGC 2025 Reg H (Bo3)
|rated|
|rule|Species Clause: Limit one of each Pokémon
|rule|Item Clause: Limit 1 of each item
|clearpoke
|poke|p1|Dragapult, L50, F|
|poke|p1|Kommo-o, L50, F|
|poke|p1|Gholdengo, L50|
|poke|p1|Pelipper, L50, F|
|poke|p1|Ursaluna-Bloodmoon, L50, M|
|poke|p1|Archaludon, L50, M|
|poke|p2|Sneasler, L50, M|
|poke|p2|Indeedee, L50, M|
|poke|p2|Tyranitar, L50, M|
|poke|p2|Excadrill, L50, M|
|poke|p2|Gholdengo, L50|
|poke|p2|Incineroar, L50, F|
|teampreview|4
|showteam|p1|Dragapult||ChoiceBand|ClearBody|Outrage,Uturn,DragonDarts,PhantomForce|||F|||50|,,,,,Dragon]Kommo-o||ClearAmulet|Soundproof|ClangorousSoul,ClangingScales,TeraBlast,AuraSphere|||F|||50|,,,,,Fairy]Gholdengo||MetalCoat|GoodasGold|NastyPlot,Protect,MakeItRain,ShadowBall||||||50|,,,,,Steel]Pelipper||CovertCloak|Drizzle|WideGuard,Tailwind,Hurricane,WeatherBall|||F|||50|,,,,,Water]Ursaluna-Bloodmoon||LifeOrb|MindsEye|BloodMoon,HyperVoice,EarthPower,VacuumWave|||M|||50|,,,,,Normal]Archaludon||Leftovers|Stamina|BodyPress,Protect,DragonPulse,ElectroShot|||M|||50|,,,,,Grass
|showteam|p2|Sneasler||WhiteHerb|Unburden|CloseCombat,DireClaw,FakeOut,Protect|||M|||50|,,,,,Dark]Indeedee||ChoiceScarf|PsychicSurge|ExpandingForce,TeraBlast,Trick,Protect|||M|||50|,,,,,Fire]Tyranitar||AssaultVest|SandStream|RockSlide,KnockOff,TeraBlast,LowKick|||M|||50|,,,,,Flying]Excadrill||FocusSash|SandRush|HighHorsepower,Earthquake,IronHead,Protect|||M|||50|,,,,,Ground]Gholdengo||MetalCoat|GoodasGold|ShadowBall,Protect,MakeItRain,NastyPlot||||||50|,,,,,Water]Incineroar||SafetyGoggles|Intimidate|FakeOut,KnockOff,FlareBlitz,PartingShot|||F|||50|,,,,,Ghost
|
|t:|1757157372
|teamsize|p1|4
|teamsize|p2|4
|start
|switch|p1a: Dragapult|Dragapult, L50, F|100/100
|switch|p1b: Archaludon|Archaludon, L50, M|100/100
|switch|p2a: Tyranitar|Tyranitar, L50, M|100/100
|switch|p2b: Excadrill|Excadrill, L50, M|100/100
|-weather|Sandstorm|[from] ability: Sand Stream|[of] p2a: Tyranitar
|turn|1
|inactive|Battle timer is ON: inactive players will automatically lose when time's up. (requested by JuanGuerrero09)
|
|t:|1757157420
|-terastallize|p2b: Excadrill|Ground
|-terastallize|p1b: Archaludon|Grass
|move|p2b: Excadrill|High Horsepower|p1a: Dragapult
|-damage|p1a: Dragapult|5/100
|move|p1a: Dragapult|U-turn|p2b: Excadrill
|-damage|p2b: Excadrill|49/100
|
|t:|1757157430
|switch|p1a: Pelipper|Pelipper, L50, F|100/100|[from] U-turn
|-weather|RainDance|[from] ability: Drizzle|[of] p1a: Pelipper
|move|p1b: Archaludon|Electro Shot||[still]
|-prepare|p1b: Archaludon|Electro Shot
|-boost|p1b: Archaludon|spa|1
|-anim|p1b: Archaludon|Electro Shot|p2a: Tyranitar
|-damage|p2a: Tyranitar|61/100
|move|p2a: Tyranitar|Rock Slide|p1b: Archaludon|[spread] p1a,p1b
|-supereffective|p1a: Pelipper
|-damage|p1a: Pelipper|45/100
|-damage|p1b: Archaludon|78/100
|-ability|p1b: Archaludon|Stamina|boost
|-boost|p1b: Archaludon|def|1
|
|-weather|RainDance|[upkeep]
|-heal|p1b: Archaludon|84/100|[from] item: Leftovers
|upkeep
|turn|2
|inactive|zampe96 has 30 seconds left.
|inactive|JuanGuerrero09 has 30 seconds left.
|inactive|zampe96 has 20 seconds left.
|inactive|JuanGuerrero09 has 20 seconds left.
|inactive|zampe96 has 15 seconds left.
|
|t:|1757157473
|switch|p2b: Gholdengo|Gholdengo, L50|100/100
|switch|p1a: Ursaluna|Ursaluna-Bloodmoon, L50, M|100/100
|switch|p2a: Incineroar|Incineroar, L50, F|100/100
|-ability|p2a: Incineroar|Intimidate|boost
|-unboost|p1a: Ursaluna|atk|1
|-unboost|p1b: Archaludon|atk|1
|move|p1b: Archaludon|Dragon Pulse|p2b: Gholdengo
|-resisted|p2b: Gholdengo
|-damage|p2b: Gholdengo|66/100
|
|-weather|RainDance|[upkeep]
|-heal|p1b: Archaludon|90/100|[from] item: Leftovers
|upkeep
|turn|3
|inactive|zampe96 has 30 seconds left.
|inactive|JuanGuerrero09 has 30 seconds left.
|inactive|zampe96 has 20 seconds left.
|inactive|zampe96 has 15 seconds left.
|inactive|zampe96 has 10 seconds left.
|inactive|zampe96 has 5 seconds left.
|
|t:|1757157528
|move|p2b: Gholdengo|Make It Rain|p1b: Archaludon|[spread] p1a,p1b
|-damage|p1a: Ursaluna|45/100
|-damage|p1b: Archaludon|23/100
|-unboost|p2b: Gholdengo|spa|1
|-ability|p1b: Archaludon|Stamina|boost
|-boost|p1b: Archaludon|def|1
|move|p1b: Archaludon|Body Press|p2a: Incineroar
|-supereffective|p2a: Incineroar
|-damage|p2a: Incineroar|24/100
|move|p2a: Incineroar|Parting Shot|p1b: Archaludon
|-unboost|p1b: Archaludon|atk|1
|-unboost|p1b: Archaludon|spa|1
|
|t:|1757157541
|switch|p2a: Tyranitar|Tyranitar, L50, M|61/100|[from] Parting Shot
|-weather|Sandstorm|[from] ability: Sand Stream|[of] p2a: Tyranitar
|move|p1a: Ursaluna|Blood Moon|p2b: Gholdengo
|-resisted|p2b: Gholdengo
|-damage|p2b: Gholdengo|4/100
|-damage|p1a: Ursaluna|35/100|[from] item: Life Orb
|
|-weather|Sandstorm|[upkeep]
|-damage|p1b: Archaludon|17/100|[from] Sandstorm
|-heal|p1b: Archaludon|23/100|[from] item: Leftovers
|upkeep
|turn|4
|inactive|JuanGuerrero09 has 30 seconds left.
|
|t:|1757157567
|move|p1b: Archaludon|Protect|p1b: Archaludon
|-singleturn|p1b: Archaludon|Protect
|move|p2b: Gholdengo|Make It Rain|p1a: Ursaluna|[spread] p1a
|-activate|p1b: Archaludon|move: Protect
|-damage|p1a: Ursaluna|0 fnt
|-unboost|p2b: Gholdengo|spa|1
|faint|p1a: Ursaluna
|move|p2a: Tyranitar|Rock Slide|p1b: Archaludon
|-activate|p1b: Archaludon|move: Protect
|
|-weather|Sandstorm|[upkeep]
|-damage|p1b: Archaludon|17/100|[from] Sandstorm
|-heal|p1b: Archaludon|23/100|[from] item: Leftovers
|upkeep
|
|t:|1757157589
|switch|p1a: Dragapult|Dragapult, L50, F|5/100
|turn|5
|inactive|zampe96 has 30 seconds left.
|
|t:|1757157620
|switch|p1b: Pelipper|Pelipper, L50, F|45/100
|-weather|RainDance|[from] ability: Drizzle|[of] p1b: Pelipper
|move|p2b: Gholdengo|Protect|p2b: Gholdengo
|-singleturn|p2b: Gholdengo|Protect
|move|p1a: Dragapult|U-turn|p2a: Tyranitar
|-supereffective|p2a: Tyranitar
|-damage|p2a: Tyranitar|0 fnt
|faint|p2a: Tyranitar
|
|t:|1757157631
|switch|p1a: Archaludon|Archaludon, L50, M, tera:Grass|23/100|[from] U-turn
|
|-weather|RainDance|[upkeep]
|-heal|p1a: Archaludon|29/100|[from] item: Leftovers
|upkeep
|
|t:|1757157639
|switch|p2a: Incineroar|Incineroar, L50, F|24/100
|-ability|p2a: Incineroar|Intimidate|boost
|-unboost|p1a: Archaludon|atk|1
|-unboost|p1b: Pelipper|atk|1
|turn|6
|inactive|JuanGuerrero09 has 30 seconds left.
|
|t:|1757157667
|move|p1a: Archaludon|Protect|p1a: Archaludon
|-singleturn|p1a: Archaludon|Protect
|move|p2b: Gholdengo|Make It Rain|p1b: Pelipper|[spread] p1b
|-activate|p1a: Archaludon|move: Protect
|-resisted|p1b: Pelipper
|-damage|p1b: Pelipper|26/100
|-unboost|p2b: Gholdengo|spa|1
|move|p1b: Pelipper|Tailwind|p1b: Pelipper
|-sidestart|p1: zampe96|move: Tailwind
|move|p2a: Incineroar|Knock Off|p1b: Pelipper
|-damage|p1b: Pelipper|0 fnt
|-enditem|p1b: Pelipper|Covert Cloak|[from] move: Knock Off|[of] p2a: Incineroar
|faint|p1b: Pelipper
|
|-weather|RainDance|[upkeep]
|-heal|p1a: Archaludon|35/100|[from] item: Leftovers
|upkeep
|
|t:|1757157680
|switch|p1b: Dragapult|Dragapult, L50, F|5/100
|turn|7
|
|t:|1757157689
|move|p2b: Gholdengo|Protect|p2b: Gholdengo
|-singleturn|p2b: Gholdengo|Protect
|move|p1b: Dragapult|Dragon Darts|p2a: Incineroar
|-damage|p2a: Incineroar|0 fnt
|faint|p2a: Incineroar
|move|p1a: Archaludon|Electro Shot||[still]
|-prepare|p1a: Archaludon|Electro Shot
|-boost|p1a: Archaludon|spa|1
|-anim|p1a: Archaludon|Electro Shot|p2b: Gholdengo
|-activate|p2b: Gholdengo|move: Protect
|
|-weather|RainDance|[upkeep]
|-heal|p1a: Archaludon|41/100|[from] item: Leftovers
|upkeep
|
|t:|1757157701
|switch|p2a: Excadrill|Excadrill, L50, M, tera:Ground|49/100
|turn|8
|
|t:|1757157715
|move|p2a: Excadrill|Protect|p2a: Excadrill
|-singleturn|p2a: Excadrill|Protect
|move|p1b: Dragapult|Dragon Darts|p2b: Gholdengo
|-resisted|p2b: Gholdengo
|-damage|p2b: Gholdengo|0 fnt
|faint|p2b: Gholdengo
|move|p1a: Archaludon|Dragon Pulse|p2a: Excadrill
|-activate|p2a: Excadrill|move: Protect
|
|-weather|RainDance|[upkeep]
|-heal|p1a: Archaludon|47/100|[from] item: Leftovers
|upkeep
|turn|9
|
|t:|1757157729
|move|p1b: Dragapult|Dragon Darts|p2a: Excadrill
|-damage|p2a: Excadrill|0 fnt
|faint|p2a: Excadrill
|
|win|zampe96
|raw|zampe96's rating: 1209 → 1228(+19 for winning)
|raw|JuanGuerrero09's rating: 1120 → 1101(-19 for losing)
