|j|☆lanagram
|j|☆TobiYume
|html|lanagramTobiYume    
|uhtml|bestof|Game 1 of a best-of-3
|t:|1784572210
|gametype|doubles
|player|p1|lanagram|102|1175
|player|p2|TobiYume|cheren-gen5bw2|1300
|gen|9
|tier|[Gen 9 Champions] VGC 2026 Reg M-B (Bo3)
|rated|
|rule|Species Clause: Limit one of each Pokémon
|rule|Item Clause: Limit 1 of each item
|clearpoke
|poke|p1|Metagross, L50|
|poke|p1|Sinistcha, L50|
|poke|p1|Archaludon, L50, F|
|poke|p1|Sneasler, L50, M|
|poke|p1|Pelipper, L50, M|
|poke|p1|Clefable, L50, F|
|poke|p2|Tyranitar, L50, M|
|poke|p2|Excadrill, L50, F|
|poke|p2|Gholdengo, L50|
|poke|p2|Sinistcha, L50|
|poke|p2|Staraptor, L50, F|
|poke|p2|Sylveon, L50, F|
|teampreview|4
|showteam|p1|Metagross||Metagrossite|ClearBody|PsychicFangs,StompingTantrum,IronHead,Protect|Jolly|||||50|]Sinistcha||KasibBerry|Hospitality|MatchaGotcha,ShadowBall,RagePowder,TrickRoom|Calm|||||50|]Archaludon||Leftovers|Stamina|ElectroShot,Snarl,FlashCannon,Protect|Modest||F|||50|]Sneasler||FocusSash|Unburden|CloseCombat,PoisonJab,FakeOut,Coaching|Jolly||M|||50|]Pelipper||DampRock|Drizzle|Hurricane,Tailwind,WeatherBall,Protect|Modest||M|||50|]Clefable||Clefablite|CuteCharm|Moonblast,FollowMe,CosmicPower,LifeDew|Bold||F|||50|
|showteam|p2|Tyranitar||Tyranitarite|SandStream|RockSlide,KnockOff,LowKick,Protect|Jolly||M|||50|]Excadrill||FocusSash|SandRush|IronHead,HighHorsepower,RockSlide,Protect|Adamant||F|||50|]Gholdengo||LifeOrb|GoodasGold|ShadowBall,MakeItRain,NastyPlot,Protect|Modest|||||50|]Sinistcha||ColburBerry|Hospitality|MatchaGotcha,RagePowder,TrickRoom,Protect|Bold|||||50|]Staraptor||Staraptite|Intimidate|BraveBird,CloseCombat,Tailwind,Protect|Jolly||F|||50|]Sylveon||FairyFeather|Pixilate|HyperVoice,HyperBeam,QuickAttack,Protect|Modest||F|||50|
|
|t:|1784572266
|teamsize|p1|4
|teamsize|p2|4
|start
|switch|p1a: Sneasler|Sneasler, L50, M|100/100
|switch|p1b: Metagross|Metagross, L50|100/100
|switch|p2a: Tyranitar|Tyranitar, L50, M|100/100
|switch|p2b: Excadrill|Excadrill, L50, F|100/100
|-weather|Sandstorm|[from] ability: Sand Stream|[of] p2a: Tyranitar
|turn|1
|
|t:|1784572298
|detailschange|p1b: Metagross|Metagross-Mega, L50
|-mega|p1b: Metagross|Metagross|Metagrossite
|move|p2a: Tyranitar|Protect|p2a: Tyranitar
|-singleturn|p2a: Tyranitar|Protect
|move|p2b: Excadrill|High Horsepower|p1a: Sneasler
|-supereffective|p1a: Sneasler|1
|-enditem|p1a: Sneasler|Focus Sash
|-damage|p1a: Sneasler|1/100
|move|p1a: Sneasler|Coaching|p1b: Metagross
|-boost|p1b: Metagross|atk|1
|-boost|p1b: Metagross|def|1
|move|p1b: Metagross|Iron Head|p2a: Tyranitar
|-activate|p2a: Tyranitar|move: Protect
|
|-weather|Sandstorm|[upkeep]
|-damage|p1a: Sneasler|0 fnt|[from] Sandstorm
|faint|p1a: Sneasler
|upkeep
|
|t:|1784572310
|switch|p1a: Sinistcha|Sinistcha, L50|100/100
|turn|2
|
|t:|1784572319
|switch|p2a: Staraptor|Staraptor, L50, F|100/100
|-ability|p2a: Staraptor|Intimidate|boost
|-unboost|p1a: Sinistcha|atk|1
|-unboost|p1b: Metagross|atk|1
|move|p2b: Excadrill|High Horsepower|p1b: Metagross
|-supereffective|p1b: Metagross|1
|-damage|p1b: Metagross|44/100
|move|p1b: Metagross|Iron Head|p2a: Staraptor
|-damage|p2a: Staraptor|32/100
|move|p1a: Sinistcha|Matcha Gotcha|p2b: Excadrill|[spread] p2a,p2b
|-resisted|p2a: Staraptor|1
|-damage|p2a: Staraptor|17/100
|-damage|p2b: Excadrill|67/100
|-status|p2a: Staraptor|brn
|
|-weather|Sandstorm|[upkeep]
|-damage|p2a: Staraptor|11/100 brn|[from] Sandstorm
|-damage|p1a: Sinistcha|93/100|[from] Sandstorm
|-damage|p2a: Staraptor|5/100 brn|[from] brn
|upkeep
|turn|3
|
|t:|1784572333
|switch|p2a: Tyranitar|Tyranitar, L50, M|100/100
|switch|p1a: Archaludon|Archaludon, L50, F|100/100
|move|p1b: Metagross|Protect|p1b: Metagross
|-singleturn|p1b: Metagross|Protect
|move|p2b: Excadrill|High Horsepower|p1b: Metagross
|-activate|p1b: Metagross|move: Protect
|
|-weather|Sandstorm|[upkeep]
|upkeep
|turn|4
|
|t:|1784572351
|switch|p1a: Sinistcha|Sinistcha, L50|93/100
|-heal|p1b: Metagross|69/100|[from] ability: Hospitality|[of] p1a: Sinistcha
|move|p2b: Excadrill|High Horsepower|p1b: Metagross
|-supereffective|p1b: Metagross|1
|-damage|p1b: Metagross|16/100
|move|p1b: Metagross|Iron Head|p2a: Tyranitar
|-supereffective|p2a: Tyranitar|1
|-damage|p2a: Tyranitar|2/100
|move|p2a: Tyranitar|Knock Off|p1b: Metagross
|-supereffective|p1b: Metagross|1
|-damage|p1b: Metagross|0 fnt
|faint|p1b: Metagross
|
|-weather|Sandstorm|[upkeep]
|-damage|p1a: Sinistcha|87/100|[from] Sandstorm
|upkeep
|
|t:|1784572363
|switch|p1b: Archaludon|Archaludon, L50, F|100/100
|turn|5
|
|t:|1784572380
|move|p2a: Tyranitar|Protect|p2a: Tyranitar
|-singleturn|p2a: Tyranitar|Protect
|move|p1b: Archaludon|Protect|p1b: Archaludon
|-singleturn|p1b: Archaludon|Protect
|move|p2b: Excadrill|High Horsepower|p1b: Archaludon
|-activate|p1b: Archaludon|move: Protect
|move|p1a: Sinistcha|Matcha Gotcha|p2a: Tyranitar|[spread] p2b
|-activate|p2a: Tyranitar|move: Protect
|-damage|p2b: Excadrill|36/100
|-heal|p1a: Sinistcha|100/100|[from] drain|[of] p2b: Excadrill
|
|-weather|none
|upkeep
|turn|6
|
|t:|1784572396
|detailschange|p2a: Tyranitar|Tyranitar-Mega, L50, M
|-mega|p2a: Tyranitar|Tyranitar|Tyranitarite
|-weather|Sandstorm|[from] ability: Sand Stream|[of] p2a: Tyranitar
|move|p2b: Excadrill|High Horsepower|p1b: Archaludon
|-supereffective|p1b: Archaludon|1
|-damage|p1b: Archaludon|20/100r
|-ability|p1b: Archaludon|Stamina|boost
|-boost|p1b: Archaludon|def|1
|move|p2a: Tyranitar|Knock Off|p1a: Sinistcha
|-supereffective|p1a: Sinistcha|1
|-damage|p1a: Sinistcha|0 fnt
|-enditem|p1a: Sinistcha|Kasib Berry|[from] move: Knock Off|[of] p2a: Tyranitar
|faint|p1a: Sinistcha
|move|p1b: Archaludon|Snarl|p2a: Tyranitar|[spread] p2a,p2b
|-resisted|p2a: Tyranitar|1
|-damage|p2a: Tyranitar|0 fnt
|-damage|p2b: Excadrill|18/100
|-unboost|p2b: Excadrill|spa|1
|faint|p2a: Tyranitar
|
|-weather|Sandstorm|[upkeep]
|-heal|p1b: Archaludon|25/100|[from] item: Leftovers
|upkeep
|
|t:|1784572406
|switch|p2a: Staraptor|Staraptor, L50, F|5/100 brn
|-ability|p2a: Staraptor|Intimidate|boost
|-unboost|p1b: Archaludon|atk|1
|turn|7
|
|t:|1784572424
|move|p1b: Archaludon|Protect|p1b: Archaludon
|-singleturn|p1b: Archaludon|Protect
|move|p2b: Excadrill|High Horsepower|p1b: Archaludon
|-activate|p1b: Archaludon|move: Protect
|move|p2a: Staraptor|Close Combat|p1b: Archaludon
|-activate|p1b: Archaludon|move: Protect
|
|-weather|Sandstorm|[upkeep]
|-damage|p2a: Staraptor|0 fnt|[from] Sandstorm
|faint|p2a: Staraptor
|-heal|p1b: Archaludon|31/100|[from] item: Leftovers
|upkeep
|
|t:|1784572434
|switch|p2a: Gholdengo|Gholdengo, L50|100/100
|turn|8
|-message|lanagram forfeited.
|
|win|TobiYume
|l|☆lanagram
|player|p1|
||TobiYume is ready for game 2.
||lanagram is ready for game 2.
|uhtml|next|Next: Game 2 of 3
