|j|☆OOF? YEE?
|j|☆RebL123
|html|OOF? YEE?RebL123    
|uhtml|bestof|Game 2 of a best-of-3
|t:|1757859246
|gametype|doubles
|player|p1|OOF? YEE?|1|1341
|player|p2|RebL123|psychicf-gen4|1255
|gen|9
|tier|[Gen 9] VGC 2025 Reg H (Bo3)
|rated|
|rule|Species Clause: Limit one of each Pokémon
|rule|Item Clause: Limit 1 of each item
|clearpoke
|poke|p1|Archaludon, L50, F|
|poke|p1|Pelipper, L50, F|
|poke|p1|Kingdra, L50, F|
|poke|p1|Toedscruel, L50, M|
|poke|p1|Comfey, L50, M|
|poke|p1|Weezing-Galar, L50, M|
|poke|p2|Farigiraf, L50, M|
|poke|p2|Torkoal, L50, F|
|poke|p2|Ursaluna, L50, M|
|poke|p2|Gallade, L50, M|
|poke|p2|Charizard, L50, F|
|poke|p2|Jumpluff, L50, F|
|teampreview|4
|showteam|p1|Archaludon||AssaultVest|Stamina|ElectroShot,BodyPress,FlashCannon,Snarl|||F|||50|,,,,,Grass]Pelipper||ChoiceScarf|Drizzle|Tailwind,Hurricane,WeatherBall,Uturn|||F|||50|,,,,,Ghost]Kingdra||LifeOrb|SwiftSwim|Protect,WeatherBall,DracoMeteor,Surf|||F|||50|,,,,,Steel]Toedscruel||CovertCloak|MyceliumMight|Spore,EarthPower,BulletSeed,Protect|||M|||50|,,,,,Water]Comfey||SafetyGoggles|Triage|DrainingKiss,FloralHealing,LightScreen,Protect|||M|||50|,,,,,Steel]Weezing-Galar||SitrusBerry|NeutralizingGas|Protect,SludgeBomb,Taunt,DazzlingGleam|||M|||50|,,,,,Ghost
|showteam|p2|Farigiraf||ThroatSpray|ArmorTail|HyperVoice,Imprison,Protect,TrickRoom|||M|||50|,,,,,Dark]Torkoal||ChoiceSpecs|Drought|Eruption,HeatWave,WeatherBall,EarthPower|||F|||50|,,,,,Fire]Ursaluna||FlameOrb|Guts|Facade,HeadlongRush,Earthquake,Protect|||M|||50|,,,,,Ghost]Gallade||ClearAmulet|Sharpness|SacredSword,PsychoCut,TrickRoom,WideGuard|||M|||50|,,,,,Grass]Charizard||ChoiceScarf|SolarPower|HeatWave,AirSlash,WeatherBall,AncientPower|||F|||50|,,,,,Fire]Jumpluff||CovertCloak|Chlorophyll|Tailwind,SleepPowder,RagePowder,SunnyDay|||F|||50|,,,,,Water
|inactive|Battle timer is ON: inactive players will automatically lose when time's up. (requested by RebL123)
|inactive|OOF? YEE? has 60 seconds left.
|
|t:|1757859280
|teamsize|p1|4
|teamsize|p2|4
|start
|switch|p1a: Weezing|Weezing-Galar, L50, M|100/100
|switch|p1b: Toedscruel|Toedscruel, L50, M|100/100
|switch|p2a: Farigiraf|Farigiraf, L50, M|100/100
|switch|p2b: InYourEyes|Jumpluff, L50, F|100/100
|-ability|p1a: Weezing|Neutralizing Gas
|turn|1
|inactive|RebL123 has 30 seconds left.
|
|t:|1757859309
|move|p2b: InYourEyes|Sleep Powder|p1a: Weezing|[miss]
|-miss|p2b: InYourEyes|p1a: Weezing
|move|p1b: Toedscruel|Spore|p2a: Farigiraf
|-status|p2a: Farigiraf|slp|[from] move: Spore
|move|p1a: Weezing|Sludge Bomb|p2b: InYourEyes
|-supereffective|p2b: InYourEyes
|-damage|p2b: InYourEyes|24/100
|cant|p2a: Farigiraf|slp
|
|upkeep
|turn|2
|inactive|OOF? YEE? has 30 seconds left.
|
|t:|1757859336
|switch|p1b: Pelipper|Pelipper, L50, F|100/100
|move|p1a: Weezing|Protect|p1a: Weezing
|-singleturn|p1a: Weezing|Protect
|move|p2b: InYourEyes|Sleep Powder|p1a: Weezing
|-activate|p1a: Weezing|move: Protect
|cant|p2a: Farigiraf|slp
|
|upkeep
|turn|3
|
|t:|1757859349
|move|p1b: Pelipper|Hurricane|p2b: InYourEyes
|-supereffective|p2b: InYourEyes
|-damage|p2b: InYourEyes|0 fnt
|faint|p2b: InYourEyes
|move|p1a: Weezing|Taunt|p2a: Farigiraf
|-start|p2a: Farigiraf|move: Taunt
|cant|p2a: Farigiraf|slp
|
|upkeep
|
|t:|1757859356
|switch|p2b: Ursaluna|Ursaluna, L50, M|100/100
|turn|4
|
|t:|1757859366
|switch|p2a: Torkoal|Torkoal, L50, F|100/100
|move|p1b: Pelipper|Hurricane|p2a: Torkoal
|-damage|p2a: Torkoal|43/100
|move|p1a: Weezing|Dazzling Gleam|p2b: Ursaluna|[spread] p2a,p2b
|-resisted|p2a: Torkoal
|-damage|p2a: Torkoal|27/100
|-damage|p2b: Ursaluna|79/100
|move|p2b: Ursaluna|Headlong Rush|p1a: Weezing
|-supereffective|p1a: Weezing
|-damage|p1a: Weezing|0 fnt
|-unboost|p2b: Ursaluna|def|1
|-unboost|p2b: Ursaluna|spd|1
|faint|p1a: Weezing
|-end|p1a: Weezing|ability: Neutralizing Gas
|-weather|RainDance|[from] ability: Drizzle|[of] p1b: Pelipper
|-weather|SunnyDay|[from] ability: Drought|[of] p2a: Torkoal
|
|-weather|SunnyDay|[upkeep]
|-status|p2b: Ursaluna|brn|[from] item: Flame Orb
|upkeep
|
|t:|1757859382
|switch|p1a: Kingdra|Kingdra, L50, F, shiny|100/100
|turn|5
|
|t:|1757859398
|switch|p1b: Toedscruel|Toedscruel, L50, M|100/100
|switch|p2a: Farigiraf|Farigiraf, L50, M|100/100 slp
|move|p2b: Ursaluna|Protect|p2b: Ursaluna
|-singleturn|p2b: Ursaluna|Protect
|move|p1a: Kingdra|Surf|p2a: Farigiraf|[spread] p1b,p2a
|-activate|p2b: Ursaluna|move: Protect
|-damage|p1b: Toedscruel|86/100
|-damage|p2a: Farigiraf|81/100 slp
|-damage|p1a: Kingdra|91/100|[from] item: Life Orb
|
|-weather|SunnyDay|[upkeep]
|-damage|p2b: Ursaluna|73/100 brn|[from] brn
|upkeep
|turn|6
|inactive|OOF? YEE? has 30 seconds left.
|inactive|OOF? YEE? has 20 seconds left.
|
|t:|1757859436
|switch|p1b: Pelipper|Pelipper, L50, F|100/100
|-weather|RainDance|[from] ability: Drizzle|[of] p1b: Pelipper
|move|p1a: Kingdra|Weather Ball|p2a: Farigiraf
|-damage|p2a: Farigiraf|0 fnt
|faint|p2a: Farigiraf
|-damage|p1a: Kingdra|82/100|[from] item: Life Orb
|move|p2b: Ursaluna|Facade|p1a: Kingdra
|-damage|p1a: Kingdra|0 fnt
|faint|p1a: Kingdra
|
|-weather|RainDance|[upkeep]
|-damage|p2b: Ursaluna|67/100 brn|[from] brn
|upkeep
|
|t:|1757859444
|switch|p1a: Toedscruel|Toedscruel, L50, M|86/100
|switch|p2a: Torkoal|Torkoal, L50, F|27/100
|-weather|SunnyDay|[from] ability: Drought|[of] p2a: Torkoal
|turn|7
|inactive|RebL123 has 30 seconds left.
|
|t:|1757859471
|-terastallize|p1b: Pelipper|Ghost
|-terastallize|p2b: Ursaluna|Ghost
|move|p1b: Pelipper|Weather Ball|p2b: Ursaluna
|-damage|p2b: Ursaluna|7/100 brn
|move|p1a: Toedscruel|Earth Power|p2a: Torkoal
|-supereffective|p2a: Torkoal
|-damage|p2a: Torkoal|0 fnt
|faint|p2a: Torkoal
|move|p2b: Ursaluna|Facade|p1a: Toedscruel
|-damage|p1a: Toedscruel|0 fnt
|faint|p1a: Toedscruel
|
|-weather|SunnyDay|[upkeep]
|-damage|p2b: Ursaluna|1/100 brn|[from] brn
|upkeep
|turn|8
|
|t:|1757859483
|move|p1b: Pelipper|Weather Ball|p2b: Ursaluna
|-damage|p2b: Ursaluna|0 fnt
|faint|p2b: Ursaluna
|
|win|OOF? YEE?
||RebL123 is ready for game 3.
|inactive|OOF? YEE? has 30 seconds to confirm battle start!
||OOF? YEE? is ready for game 3.
|uhtml|next|Next: Game 3 of 3
|l|☆RebL123
|player|p2|
|l|☆OOF? YEE?
|player|p1|
