|j|☆Adrinhoo
|j|☆Zevenit
|html|AdrinhooZevenit    
|uhtml|bestof|Game 1 of a best-of-3
|t:|1756831191
|gametype|doubles
|player|p1|Adrinhoo|pokekid|
|player|p2|Zevenit|hoopster|
|gen|9
|tier|[Gen 9] VGC 2025 Reg H (Bo3)
|rule|Species Clause: Limit one of each Pokémon
|rule|Item Clause: Limit 1 of each item
|clearpoke
|poke|p1|Gholdengo, L50|
|poke|p1|Ursaluna, L50, F|
|poke|p1|Sinistcha, L50|
|poke|p1|Sneasler, L50, M|
|poke|p1|Dragonite, L50, F|
|poke|p1|Incineroar, L50, F|
|poke|p2|Electabuzz, L50, F|
|poke|p2|Kingambit, L50, F|
|poke|p2|Volcarona, L50, F|
|poke|p2|Dragonite, L50, F|
|poke|p2|Sneasler, L50, F|
|poke|p2|Rillaboom, L50, M|
|teampreview|4
|showteam|p1|Gholdengo||LifeOrb|GoodasGold|MakeItRain,ShadowBall,NastyPlot,Protect||||||50|,,,,,Water]Ursaluna||FlameOrb|Guts|Facade,HeadlongRush,Earthquake,Protect|||F|||50|,,,,,Ghost]Sinistcha||SitrusBerry|Hospitality|MatchaGotcha,LifeDew,RagePowder,TrickRoom||||||50|,,,,,Dark]Sneasler||FocusSash|PoisonTouch|DireClaw,CloseCombat,Coaching,Protect|||M|||50|,,,,,Flying]Dragonite||LoadedDice|Multiscale|ScaleShot,Haze,Tailwind,Protect|||F|||50|,,,,,Fairy]Incineroar||SafetyGoggles|Intimidate|FakeOut,FlareBlitz,KnockOff,PartingShot|||F|||50|,,,,,Ghost
|showteam|p2|Electabuzz||Eviolite|VitalSpirit|FollowMe,Thunderbolt,Taunt,Protect|||F|||50|,,,,,Ghost]Kingambit||BlackGlasses|Defiant|KowtowCleave,SuckerPunch,SwordsDance,Protect|||F|||50|,,,,,Dark]Volcarona||Leftovers|FlameBody|HeatWave,TeraBlast,QuiverDance,Protect|||F|||50|,,,,,Fairy]Dragonite||LoadedDice|Multiscale|ScaleShot,ExtremeSpeed,Haze,Protect|||F|||50|,,,,,Fairy]Sneasler||FocusSash|Unburden|DireClaw,CloseCombat,Coaching,FakeOut|||F|||50|,,,,,Stellar]Rillaboom||AssaultVest|GrassySurge|FakeOut,WoodHammer,GrassyGlide,HighHorsepower|||M|||50|,,,,,Fire
|inactive|Battle timer is ON: inactive players will automatically lose when time's up. (requested by Adrinhoo)
|inactive|Zevenit also wants the timer to be on.
|c|☆Adrinhoo|glhf!
|c|☆Zevenit|glhf
|inactive|Adrinhoo has 60 seconds left.
|inactive|Zevenit has 60 seconds left.
|inactive|Adrinhoo has 30 seconds left.
|
|t:|1756831256
|teamsize|p1|4
|teamsize|p2|4
|start
|switch|p1a: Sneasler|Sneasler, L50, M, shiny|100/100
|switch|p1b: Ursaluna|Ursaluna, L50, F, shiny|100/100
|switch|p2a: Dragonite|Dragonite, L50, F|100/100
|switch|p2b: Sneasler|Sneasler, L50, F|100/100
|turn|1
|inactive|Zevenit has 30 seconds left.
|
|t:|1756831285
|move|p1a: Sneasler|Dire Claw|p2b: Sneasler
|-resisted|p2b: Sneasler
|-damage|p2b: Sneasler|64/100
|move|p2b: Sneasler|Coaching|p2a: Dragonite
|-boost|p2a: Dragonite|atk|1
|-boost|p2a: Dragonite|def|1
|move|p2a: Dragonite|Scale Shot|p1b: Ursaluna
|-damage|p1b: Ursaluna|84/100
|-damage|p1b: Ursaluna|67/100
|-damage|p1b: Ursaluna|49/100
|-damage|p1b: Ursaluna|31/100
|-hitcount|p1b: Ursaluna|4
|-unboost|p2a: Dragonite|def|1
|-boost|p2a: Dragonite|spe|1
|move|p1b: Ursaluna|Facade|p2b: Sneasler
|-damage|p2b: Sneasler|0 fnt
|faint|p2b: Sneasler
|
|-status|p1b: Ursaluna|brn|[from] item: Flame Orb
|upkeep
|
|t:|1756831306
|switch|p2b: Rillaboom|Rillaboom, L50, M|100/100
|-fieldstart|move: Grassy Terrain|[from] ability: Grassy Surge|[of] p2b: Rillaboom
|turn|2
|
|t:|1756831326
|switch|p1a: Incineroar|Incineroar, L50, F|100/100
|-ability|p1a: Incineroar|Intimidate|boost
|-unboost|p2a: Dragonite|atk|1
|-unboost|p2b: Rillaboom|atk|1
|move|p2b: Rillaboom|Grassy Glide|p1b: Ursaluna
|-supereffective|p1b: Ursaluna
|-damage|p1b: Ursaluna|0 fnt
|faint|p1b: Ursaluna
|move|p2a: Dragonite|Scale Shot|p1a: Incineroar|[miss]
|-miss|p2a: Dragonite|p1a: Incineroar
|
|upkeep
|
|t:|1756831331
|switch|p1b: Dragonite|Dragonite, L50, F, shiny|100/100
|turn|3
|inactive|Zevenit has 30 seconds left.
|inactive|Zevenit has 20 seconds left.
|inactive|Zevenit has 15 seconds left.
|
|t:|1756831378
|-terastallize|p1b: Dragonite|Fairy
|move|p2a: Dragonite|Extreme Speed|p1a: Incineroar
|-damage|p1a: Incineroar|69/100
|move|p1b: Dragonite|Tailwind|p1b: Dragonite
|-sidestart|p1: Adrinhoo|move: Tailwind
|move|p1a: Incineroar|Flare Blitz|p2b: Rillaboom
|-supereffective|p2b: Rillaboom
|-damage|p2b: Rillaboom|7/100
|-status|p2b: Rillaboom|brn
|-damage|p1a: Incineroar|37/100|[from] Recoil
|move|p2b: Rillaboom|High Horsepower|p1a: Incineroar|[miss]
|-miss|p2b: Rillaboom|p1a: Incineroar
|
|-heal|p1a: Incineroar|43/100|[from] Grassy Terrain
|-heal|p2b: Rillaboom|13/100 brn|[from] Grassy Terrain
|-damage|p2b: Rillaboom|7/100 brn|[from] brn
|upkeep
|turn|4
|inactive|Zevenit has 30 seconds left.
|
|t:|1756831408
|move|p2a: Dragonite|Extreme Speed|p1a: Incineroar
|-damage|p1a: Incineroar|11/100
|move|p2b: Rillaboom|Grassy Glide|p1a: Incineroar
|-resisted|p1a: Incineroar
|-damage|p1a: Incineroar|5/100
|move|p1b: Dragonite|Scale Shot|p2b: Rillaboom|[miss]
|-miss|p1b: Dragonite|p2b: Rillaboom
|move|p1a: Incineroar|Parting Shot|p2a: Dragonite
|-unboost|p2a: Dragonite|atk|1
|-unboost|p2a: Dragonite|spa|1
|
|t:|1756831412
|switch|p1a: Sneasler|Sneasler, L50, M, shiny|100/100|[from] Parting Shot
|
|-heal|p2b: Rillaboom|13/100 brn|[from] Grassy Terrain
|-damage|p2b: Rillaboom|7/100 brn|[from] brn
|upkeep
|turn|5
|inactive|Zevenit has 30 seconds left.
|inactive|Zevenit has 20 seconds left.
|inactive|Zevenit has 15 seconds left.
|inactive|Adrinhoo has 30 seconds left.
|
|t:|1756831463
|move|p2a: Dragonite|Protect|p2a: Dragonite
|-singleturn|p2a: Dragonite|Protect
|move|p1a: Sneasler|Dire Claw|p2a: Dragonite
|-activate|p2a: Dragonite|move: Protect
|move|p1b: Dragonite|Scale Shot|p2b: Rillaboom|[miss]
|-miss|p1b: Dragonite|p2b: Rillaboom
|move|p2b: Rillaboom|High Horsepower|p1a: Sneasler
|-supereffective|p1a: Sneasler
|-damage|p1a: Sneasler|65/100
|
|-heal|p1a: Sneasler|71/100|[from] Grassy Terrain
|-heal|p2b: Rillaboom|13/100 brn|[from] Grassy Terrain
|-damage|p2b: Rillaboom|7/100 brn|[from] brn
|upkeep
|turn|6
|inactive|Zevenit has 30 seconds left.
|
|t:|1756831491
|switch|p1b: Incineroar|Incineroar, L50, F|5/100
|-ability|p1b: Incineroar|Intimidate|boost
|-unboost|p2a: Dragonite|atk|1
|-unboost|p2b: Rillaboom|atk|1
|-terastallize|p2a: Dragonite|Fairy
|move|p1a: Sneasler|Protect|p1a: Sneasler
|-singleturn|p1a: Sneasler|Protect
|move|p2b: Rillaboom|Grassy Glide|p1b: Incineroar
|-resisted|p1b: Incineroar
|-damage|p1b: Incineroar|1/100
|move|p2a: Dragonite|Scale Shot|p1a: Sneasler
|-activate|p1a: Sneasler|move: Protect
|
|-heal|p1a: Sneasler|77/100|[from] Grassy Terrain
|-heal|p1b: Incineroar|7/100|[from] Grassy Terrain
|-heal|p2b: Rillaboom|13/100 brn|[from] Grassy Terrain
|-damage|p2b: Rillaboom|7/100 brn|[from] brn
|-sideend|p1: Adrinhoo|move: Tailwind
|-fieldend|move: Grassy Terrain
|upkeep
|turn|7
|
|t:|1756831521
|move|p2a: Dragonite|Protect|p2a: Dragonite
|-singleturn|p2a: Dragonite|Protect
|move|p1b: Incineroar|Fake Out|p2b: Rillaboom
|-crit|p2b: Rillaboom
|-damage|p2b: Rillaboom|0 fnt
|faint|p2b: Rillaboom
|move|p1a: Sneasler|Dire Claw|p2a: Dragonite
|-activate|p2a: Dragonite|move: Protect
|
|upkeep
|
|t:|1756831528
|switch|p2b: Kingambit|Kingambit, L50, F|100/100
|turn|8
|
|t:|1756831541
|move|p2a: Dragonite|Scale Shot|p1a: Sneasler|[miss]
|-miss|p2a: Dragonite|p1a: Sneasler
|move|p1a: Sneasler|Dire Claw|p2a: Dragonite
|-supereffective|p2a: Dragonite
|-damage|p2a: Dragonite|56/100
|-status|p2a: Dragonite|psn
|move|p1b: Incineroar|Flare Blitz|p2a: Dragonite
|-damage|p2a: Dragonite|0 fnt
|faint|p2a: Dragonite
|-damage|p1b: Incineroar|0 fnt|[from] Recoil
|faint|p1b: Incineroar
|move|p2b: Kingambit|Swords Dance|p2b: Kingambit
|-boost|p2b: Kingambit|atk|2
|
|upkeep
|
|t:|1756831545
|switch|p1b: Dragonite|Dragonite, L50, F, shiny, tera:Fairy|100/100
|turn|9
|
|t:|1756831560
|move|p1a: Sneasler|Protect|p1a: Sneasler
|-singleturn|p1a: Sneasler|Protect
|move|p2b: Kingambit|Protect|p2b: Kingambit
|-singleturn|p2b: Kingambit|Protect
|move|p1b: Dragonite|Haze|p1b: Dragonite
|-clearallboost
|
|upkeep
|turn|10
|
|t:|1756831574
|move|p1a: Sneasler|Close Combat|p2b: Kingambit
|-supereffective|p2b: Kingambit
|-damage|p2b: Kingambit|0 fnt
|-unboost|p1a: Sneasler|def|1
|-unboost|p1a: Sneasler|spd|1
|faint|p2b: Kingambit
|
|win|Adrinhoo
||Zevenit is ready for game 2.
|c|☆Adrinhoo|que game más caotico
|inactive|Adrinhoo has 30 seconds to confirm battle start!
||Adrinhoo is ready for game 2.
|uhtml|next|Next: Game 2 of 3
