|j|☆Cotcha
|j|☆zrofs
|html|Cotchazrofs    
|uhtml|bestof|Game 1 of a best-of-3
|t:|1756387797
|gametype|doubles
|player|p1|Cotcha|li|1130
|player|p2|zrofs|steven|1100
|gen|9
|tier|[Gen 9] VGC 2025 Reg H (Bo3)
|rated|
|rule|Species Clause: Limit one of each Pokémon
|rule|Item Clause: Limit 1 of each item
|clearpoke
|poke|p1|Annihilape, L50, F|
|poke|p1|Sinistcha, L50|
|poke|p1|Basculegion, L50, M|
|poke|p1|Pelipper, L50, F|
|poke|p1|Archaludon, L50, M|
|poke|p1|Maushold, L50|
|poke|p2|Volcarona, L50, F|
|poke|p2|Kingambit, L50, F|
|poke|p2|Electabuzz, L50, M|
|poke|p2|Sinistcha, L50|
|poke|p2|Talonflame, L50, M|
|poke|p2|Ursaluna-Bloodmoon, L50, M|
|teampreview|4
|showteam|p1|Annihilape||SitrusBerry|Defiant|DrainPunch,RageFist,BulkUp,Protect|||F|||50|,,,,,Fire]Sinistcha||RockyHelmet|Hospitality|RagePowder,MatchaGotcha,LifeDew,TrickRoom||||||50|,,,,,Fairy]Basculegion||ChoiceScarf|Adaptability|FlipTurn,WaveCrash,LastRespects,AquaJet|||M|||50|,,,,,Grass]Pelipper||FocusSash|Drizzle|WeatherBall,Hurricane,WideGuard,Protect|||F|||50|,,,,,Stellar]Archaludon||AssaultVest|Stamina|ElectroShot,BodyPress,DracoMeteor,FlashCannon|||M|||50|,,,,,Bug]Maushold||SafetyGoggles|FriendGuard|SuperFang,BeatUp,FollowMe,Taunt||||||50|,,,,,Ghost
|showteam|p2|Volcarona||Leftovers|FlameBody|TeraBlast,HeatWave,Protect,QuiverDance|||F|||50|,,,,,Water]Kingambit||BlackGlasses|Defiant|SuckerPunch,KowtowCleave,Protect,SwordsDance|||F|||50|,,,,,Dark]Electabuzz||Eviolite|VitalSpirit|FollowMe,ThunderWave,Taunt,VoltSwitch|||M|||50|,,,,,Ghost]Sinistcha||RockyHelmet|Hospitality|MatchaGotcha,RagePowder,TrickRoom,LifeDew||||||50|,,,,,Fairy]Talonflame||CovertCloak|GaleWings|Tailwind,WillOWisp,SunnyDay,BraveBird|||M|||50|,,,,,Ghost]Ursaluna-Bloodmoon||LifeOrb|MindsEye|BloodMoon,HyperVoice,Protect,EarthPower|||M|||50|,,,,,Normal
|inactive|Battle timer is ON: inactive players will automatically lose when time's up. (requested by zrofs)
|inactive|Cotcha has 60 seconds left.
|
|t:|1756387875
|teamsize|p1|4
|teamsize|p2|4
|start
|switch|p1a: Archaludon|Archaludon, L50, M|100/100
|switch|p1b: Pelipper|Pelipper, L50, F|100/100
|switch|p2a: Electabuzz|Electabuzz, L50, M, shiny|100/100
|switch|p2b: Talonflame|Talonflame, L50, M, shiny|100/100
|-weather|RainDance|[from] ability: Drizzle|[of] p1b: Pelipper
|turn|1
|inactive|Cotcha has 30 seconds left.
|inactive|Cotcha has 20 seconds left.
|inactive|Cotcha has 15 seconds left.
|inactive|Cotcha has 10 seconds left.
|inactive|Cotcha has 5 seconds left.
|
|t:|1756387928
|switch|p1b: Annihilape|Annihilape, L50, F|100/100
|move|p2b: Talonflame|Sunny Day|p2b: Talonflame
|-weather|SunnyDay
|move|p2a: Electabuzz|Volt Switch|p1b: Annihilape
|-damage|p1b: Annihilape|82/100
|
|t:|1756387944
|switch|p2a: Volcarona|Volcarona, L50, F|100/100|[from] Volt Switch
|move|p1a: Archaludon|Draco Meteor|p2a: Volcarona
|-damage|p2a: Volcarona|45/100
|-unboost|p1a: Archaludon|spa|2
|
|-weather|SunnyDay|[upkeep]
|-heal|p2a: Volcarona|51/100|[from] item: Leftovers
|upkeep
|turn|2
|inactive|Cotcha has 30 seconds left.
|inactive|zrofs has 30 seconds left.
|inactive|zrofs has 20 seconds left.
|inactive|zrofs has 15 seconds left.
|
|t:|1756387988
|-terastallize|p1b: Annihilape|Fire
|move|p2b: Talonflame|Sunny Day||[still]
|-fail|p2b: Talonflame
|move|p1b: Annihilape|Bulk Up|p1b: Annihilape
|-boost|p1b: Annihilape|atk|1
|-boost|p1b: Annihilape|def|1
|move|p2a: Volcarona|Quiver Dance|p2a: Volcarona
|-boost|p2a: Volcarona|spa|1
|-boost|p2a: Volcarona|spd|1
|-boost|p2a: Volcarona|spe|1
|move|p1a: Archaludon|Draco Meteor|p2a: Volcarona
|-crit|p2a: Volcarona
|-damage|p2a: Volcarona|0 fnt
|-unboost|p1a: Archaludon|spa|2
|faint|p2a: Volcarona
|
|-weather|SunnyDay|[upkeep]
|upkeep
|
|t:|1756388003
|switch|p2a: Ursaluna|Ursaluna-Bloodmoon, L50, M|100/100
|turn|3
|
|t:|1756388020
|move|p1b: Annihilape|Protect|p1b: Annihilape
|-singleturn|p1b: Annihilape|Protect
|move|p2b: Talonflame|Tailwind|p2b: Talonflame
|-sidestart|p2: zrofs|move: Tailwind
|move|p2a: Ursaluna|Earth Power|p1b: Annihilape
|-activate|p1b: Annihilape|move: Protect
|move|p1a: Archaludon|Body Press|p2a: Ursaluna
|-supereffective|p2a: Ursaluna
|-damage|p2a: Ursaluna|60/100
|
|-weather|SunnyDay|[upkeep]
|upkeep
|turn|4
|inactive|Cotcha has 30 seconds left.
|
|t:|1756388046
|switch|p1b: Pelipper|Pelipper, L50, F|100/100
|-weather|RainDance|[from] ability: Drizzle|[of] p1b: Pelipper
|-terastallize|p2a: Ursaluna|Normal
|move|p2b: Talonflame|Will-O-Wisp|p1a: Archaludon
|-status|p1a: Archaludon|brn
|move|p2a: Ursaluna|Blood Moon|p1b: Pelipper
|-enditem|p1b: Pelipper|Focus Sash
|-damage|p1b: Pelipper|1/100
|-damage|p2a: Ursaluna|51/100|[from] item: Life Orb
|move|p1a: Archaludon|Electro Shot||[still]
|-prepare|p1a: Archaludon|Electro Shot
|-boost|p1a: Archaludon|spa|1
|-anim|p1a: Archaludon|Electro Shot|p2b: Talonflame
|-supereffective|p2b: Talonflame
|-damage|p2b: Talonflame|51/100
|
|-weather|RainDance|[upkeep]
|-damage|p1a: Archaludon|94/100 brn|[from] brn
|upkeep
|turn|5
|inactive|Cotcha has 30 seconds left.
|inactive|zrofs has 30 seconds left.
|inactive|Cotcha has 20 seconds left.
|inactive|Cotcha has 15 seconds left.
|inactive|zrofs has 20 seconds left.
|
|t:|1756388088
|move|p1b: Pelipper|Wide Guard|p1b: Pelipper
|-singleturn|p1b: Pelipper|Wide Guard
|move|p2b: Talonflame|Brave Bird|p1b: Pelipper
|-damage|p1b: Pelipper|0 fnt
|faint|p1b: Pelipper
|-damage|p2b: Talonflame|50/100|[from] Recoil
|move|p2a: Ursaluna|Earth Power|p1a: Archaludon
|-supereffective|p1a: Archaludon
|-damage|p1a: Archaludon|0 fnt
|faint|p1a: Archaludon
|-damage|p2a: Ursaluna|41/100|[from] item: Life Orb
|
|-weather|RainDance|[upkeep]
|upkeep
|
|t:|1756388093
|switch|p1b: Sinistcha|Sinistcha, L50|100/100
|switch|p1a: Annihilape|Annihilape, L50, F, tera:Fire|82/100
|-heal|p1a: Annihilape|100/100|[from] ability: Hospitality|[of] p1b: Sinistcha
|turn|6
|inactive|Cotcha has 30 seconds left.
|inactive|zrofs has 30 seconds left.
|
|t:|1756388126
|move|p2a: Ursaluna|Protect|p2a: Ursaluna
|-singleturn|p2a: Ursaluna|Protect
|move|p1a: Annihilape|Protect|p1a: Annihilape
|-singleturn|p1a: Annihilape|Protect
|move|p2b: Talonflame|Brave Bird|p1b: Sinistcha
|-supereffective|p1b: Sinistcha
|-damage|p1b: Sinistcha|15/100
|-damage|p2b: Talonflame|34/100|[from] item: Rocky Helmet|[of] p1b: Sinistcha
|-damage|p2b: Talonflame|2/100|[from] Recoil
|move|p1b: Sinistcha|Life Dew||[still]|[spread] p1a,p1b
|-fail|p1a: Annihilape|heal
|-heal|p1b: Sinistcha|40/100
|
|-weather|RainDance|[upkeep]
|-sideend|p2: zrofs|move: Tailwind
|upkeep
|turn|7
|-message|Cotcha forfeited.
|
|win|zrofs
||Cotcha is ready for game 2.
|l|☆zrofs
|player|p2|
||zrofs is ready for game 2.
|uhtml|next|Next: Game 2 of 3
