|j|☆prosta1
|j|☆PokeMasterSteven5
|html|prosta1PokeMasterSteven5    
|uhtml|bestof|Game 1 of a best-of-3
|t:|1784465254
|gametype|doubles
|player|p1|prosta1|266|1172
|player|p2|PokeMasterSteven5|riley|1227
|gen|9
|tier|[Gen 9 Champions] VGC 2026 Reg M-B (Bo3)
|rated|
|rule|Species Clause: Limit one of each Pokémon
|rule|Item Clause: Limit 1 of each item
|clearpoke
|poke|p1|Grimmsnarl, L50, M|
|poke|p1|Feraligatr, L50, M|
|poke|p1|Charizard, L50, F|
|poke|p1|Pelipper, L50, F|
|poke|p1|Venusaur, L50, F|
|poke|p1|Archaludon, L50, F|
|poke|p2|Sneasler, L50, F|
|poke|p2|Meowscarada, L50, F, shiny|
|poke|p2|Delphox, L50, M, shiny|
|poke|p2|Farigiraf, L50, F, shiny|
|poke|p2|Dragonite, L50, M|
|poke|p2|Kingambit, L50, F, shiny|
|teampreview|4
|showteam|p1|Grimmsnarl||LightClay|Prankster|SpiritBreak,PartingShot,Reflect,FakeOut|Sassy||M|||50|]Feraligatr||LifeOrb|SheerForce|Liquidation,Protect,DragonDance,IcePunch|Adamant||M|||50|]Charizard||CharizarditeY|Blaze|Protect,HeatWave,WeatherBall,SolarBeam|Modest||F|||50|]Pelipper||SitrusBerry|Drizzle|Hurricane,WeatherBall,Tailwind,WideGuard|Modest||F|||50|]Venusaur||WideLens|Chlorophyll|SludgeBomb,SleepPowder,EarthPower,Protect|Modest||F|||50|]Archaludon||Leftovers|Stamina|ElectroShot,DragonPulse,FlashCannon,Protect|Calm||F|||50|
|showteam|p2|Sneasler||WhiteHerb|Unburden|FakeOut,CloseCombat,DireClaw,Protect|Adamant||F|||50|]Meowscarada||ChoiceScarf|Protean|FlowerTrick,KnockOff,TripleAxel,LowKick|Adamant||F|||50|]Delphox||Delphoxite|Blaze|HeatWave,Psychic,Encore,Protect|Timid||M|||50|]Farigiraf||SitrusBerry|ArmorTail|Psychic,HelpingHand,Roar,AllySwitch|Bold||F|||50|]Dragonite||Dragoninite|Multiscale|DracoMeteor,Thunder,Protect,Tailwind|Modest||M|||50|]Kingambit||FocusSash|Defiant|KowtowCleave,SuckerPunch,IronHead,Protect|Adamant||F|||50|
|inactive|Battle timer is ON: inactive players will automatically lose when time's up. (requested by PokeMasterSteven5)
|inactive|prosta1 has 60 seconds left.
|
|t:|1784465286
|teamsize|p1|4
|teamsize|p2|4
|start
|switch|p1a: Grimmsnarl|Grimmsnarl, L50, M|100/100
|switch|p1b: Feraligatr|Feraligatr, L50, M|100/100
|switch|p2a: Sneasler|Sneasler, L50, F|100/100
|switch|p2b: Kingambit|Kingambit, L50, F, shiny|100/100
|turn|1
|
|t:|1784465308
|move|p2a: Sneasler|Fake Out|p1b: Feraligatr
|-damage|p1b: Feraligatr|85/100
|move|p1a: Grimmsnarl|Fake Out|p2b: Kingambit
|-resisted|p2b: Kingambit|1
|-damage|p2b: Kingambit|95/100
|cant|p1b: Feraligatr|flinch
|cant|p2b: Kingambit|flinch
|
|upkeep
|turn|2
|
|t:|1784465333
|switch|p1a: Pelipper|Pelipper, L50, F|100/100
|-weather|RainDance|[from] ability: Drizzle|[of] p1a: Pelipper
|move|p2a: Sneasler|Close Combat|p1b: Feraligatr
|-damage|p1b: Feraligatr|27/100
|-unboost|p2a: Sneasler|def|1
|-unboost|p2a: Sneasler|spd|1
|-enditem|p2a: Sneasler|White Herb
|-clearnegativeboost|p2a: Sneasler|[silent]
|move|p1b: Feraligatr|Liquidation|p2a: Sneasler
|-damage|p2a: Sneasler|0 fnt
|faint|p2a: Sneasler
|move|p2b: Kingambit|Iron Head|p1a: Pelipper
|-resisted|p1a: Pelipper|1
|-damage|p1a: Pelipper|78/100
|
|-weather|RainDance|[upkeep]
|upkeep
|
|t:|1784465345
|switch|p2a: Dragonite|Dragonite, L50, M|100/100
|turn|3
|inactive|prosta1 has 30 seconds left.
|
|t:|1784465377
|switch|p1a: Grimmsnarl|Grimmsnarl, L50, M|100/100
|detailschange|p2a: Dragonite|Dragonite-Mega, L50, M
|-mega|p2a: Dragonite|Dragonite|Dragoninite
|move|p1b: Feraligatr|Protect|p1b: Feraligatr
|-singleturn|p1b: Feraligatr|Protect
|move|p2b: Kingambit|Sucker Punch||[still]
|-fail|p2b: Kingambit
|move|p2a: Dragonite|Thunder|p1a: Grimmsnarl
|-damage|p1a: Grimmsnarl|60/100
|
|-weather|RainDance|[upkeep]
|upkeep
|turn|4
|
|t:|1784465394
|switch|p1b: Archaludon|Archaludon, L50, F|100/100
|move|p2a: Dragonite|Protect|p2a: Dragonite
|-singleturn|p2a: Dragonite|Protect
|move|p2b: Kingambit|Protect|p2b: Kingambit
|-singleturn|p2b: Kingambit|Protect
|move|p1a: Grimmsnarl|Fake Out|p2a: Dragonite
|-activate|p2a: Dragonite|move: Protect
|
|-weather|RainDance|[upkeep]
|upkeep
|turn|5
|
|t:|1784465410
|move|p1a: Grimmsnarl|Reflect|p1a: Grimmsnarl
|-sidestart|p1: prosta1|Reflect
|move|p2a: Dragonite|Draco Meteor|p1b: Archaludon
|-damage|p1b: Archaludon|29/100
|-unboost|p2a: Dragonite|spa|2
|-ability|p1b: Archaludon|Stamina|boost
|-boost|p1b: Archaludon|def|1
|move|p1b: Archaludon|Electro Shot||[still]
|-prepare|p1b: Archaludon|Electro Shot
|-boost|p1b: Archaludon|spa|1
|-anim|p1b: Archaludon|Electro Shot|p2a: Dragonite
|-damage|p2a: Dragonite|75/100
|move|p2b: Kingambit|Iron Head|p1a: Grimmsnarl
|-supereffective|p1a: Grimmsnarl|1
|-damage|p1a: Grimmsnarl|0 fnt
|faint|p1a: Grimmsnarl
|
|-weather|RainDance|[upkeep]
|-heal|p1b: Archaludon|36/100|[from] item: Leftovers
|upkeep
|
|t:|1784465426
|switch|p1a: Feraligatr|Feraligatr, L50, M|27/100
|turn|6
|
|t:|1784465432
|switch|p2a: Meowscarada|Meowscarada, L50, F, shiny|100/100
|move|p2b: Kingambit|Sucker Punch|p1a: Feraligatr
|-damage|p1a: Feraligatr|1/100
|move|p1a: Feraligatr|Liquidation|p2b: Kingambit
|-damage|p2b: Kingambit|22/100
|move|p1b: Archaludon|Electro Shot||[still]
|-prepare|p1b: Archaludon|Electro Shot
|-boost|p1b: Archaludon|spa|1
|-anim|p1b: Archaludon|Electro Shot|p2a: Meowscarada
|-resisted|p2a: Meowscarada|1
|-damage|p2a: Meowscarada|49/100
|
|-weather|none
|-heal|p1b: Archaludon|42/100|[from] item: Leftovers
|upkeep
|turn|7
|inactive|PokeMasterSteven5 has 30 seconds left.
|
|t:|1784465462
|move|p1a: Feraligatr|Protect|p1a: Feraligatr
|-singleturn|p1a: Feraligatr|Protect
|move|p1b: Archaludon|Protect|p1b: Archaludon
|-singleturn|p1b: Archaludon|Protect
|move|p2b: Kingambit|Protect|p2b: Kingambit
|-singleturn|p2b: Kingambit|Protect
|move|p2a: Meowscarada|Flower Trick|p1a: Feraligatr
|-start|p2a: Meowscarada|typechange|Grass|[from] ability: Protean
|-activate|p1a: Feraligatr|move: Protect
|
|-heal|p1b: Archaludon|48/100|[from] item: Leftovers
|upkeep
|turn|8
|
|t:|1784465484
|switch|p1a: Pelipper|Pelipper, L50, F|78/100
|-weather|RainDance|[from] ability: Drizzle|[of] p1a: Pelipper
|move|p2a: Meowscarada|Flower Trick|p1a: Pelipper
|-crit|p1a: Pelipper
|-damage|p1a: Pelipper|27/100
|-enditem|p1a: Pelipper|Sitrus Berry|[eat]
|-heal|p1a: Pelipper|52/100|[from] item: Sitrus Berry
|move|p1b: Archaludon|Electro Shot||[still]
|-prepare|p1b: Archaludon|Electro Shot
|-boost|p1b: Archaludon|spa|1
|-anim|p1b: Archaludon|Electro Shot|p2b: Kingambit
|-damage|p2b: Kingambit|0 fnt
|faint|p2b: Kingambit
|
|-weather|RainDance|[upkeep]
|-heal|p1b: Archaludon|54/100|[from] item: Leftovers
|upkeep
|
|t:|1784465497
|switch|p2b: Dragonite|Dragonite-Mega, L50, M|75/100
|turn|9
|
|t:|1784465516
|move|p1b: Archaludon|Protect|p1b: Archaludon
|-singleturn|p1b: Archaludon|Protect
|move|p2a: Meowscarada|Flower Trick|p1a: Pelipper
|-crit|p1a: Pelipper
|-damage|p1a: Pelipper|0 fnt
|faint|p1a: Pelipper
|move|p2b: Dragonite|Tailwind|p2b: Dragonite
|-sidestart|p2: PokeMasterSteven5|move: Tailwind
|
|-weather|RainDance|[upkeep]
|-heal|p1b: Archaludon|60/100|[from] item: Leftovers
|upkeep
|
|t:|1784465526
|switch|p1a: Feraligatr|Feraligatr, L50, M|1/100
|turn|10
|
|t:|1784465533
|move|p2a: Meowscarada|Flower Trick|p1a: Feraligatr
|-supereffective|p1a: Feraligatr|1
|-crit|p1a: Feraligatr
|-damage|p1a: Feraligatr|0 fnt
|faint|p1a: Feraligatr
|move|p2b: Dragonite|Draco Meteor|p1b: Archaludon
|-damage|p1b: Archaludon|0 fnt
|-unboost|p2b: Dragonite|spa|2
|faint|p1b: Archaludon
|
|win|PokeMasterSteven5
||PokeMasterSteven5 is ready for game 2.
||prosta1 is ready for game 2.
|uhtml|next|Next: Game 2 of 3
