|j|☆Pressinblades
|j|☆Gastrosophilipp
|html|PressinbladesGastrosophilipp    
|uhtml|bestof|Game 2 of a best-of-3
|t:|1785329602
|gametype|doubles
|player|p1|Pressinblades|2|1196
|player|p2|Gastrosophilipp|juan|1138
|gen|9
|tier|[Gen 9 Champions] VGC 2026 Reg M-B (Bo3)
|rated|
|rule|Species Clause: Limit one of each Pokémon
|rule|Item Clause: Limit 1 of each item
|clearpoke
|poke|p1|Talonflame, L50, F|
|poke|p1|Garchomp, L50, F, shiny|
|poke|p1|Maushold, L50|
|poke|p1|Gardevoir, L50, F, shiny|
|poke|p1|Basculegion, L50, M|
|poke|p1|Metagross, L50, shiny|
|poke|p2|Arcanine-Hisui, L50, M|
|poke|p2|Staraptor, L50, M|
|poke|p2|Farigiraf, L50, F|
|poke|p2|Sylveon, L50, F|
|poke|p2|Kingambit, L50, M, shiny|
|poke|p2|Raichu, L50, M|
|teampreview|4
|showteam|p1|Talonflame||SharpBeak|GaleWings|Protect,Tailwind,DualWingbeat,Overheat|Naive||F|||50|]Garchomp||LifeOrb|RoughSkin|Protect,RockSlide,Earthquake,StompingTantrum|Adamant||F|||50|]Maushold||FocusSash|FriendGuard|Protect,SuperFang,FollowMe,Encore|Timid|||||50|]Gardevoir||Gardevoirite|Telepathy|Protect,TrickRoom,HyperVoice,Psychic|Modest||F|||50|]Basculegion||ChoiceScarf|Adaptability|FlipTurn,WaveCrash,LastRespects,PsychicFangs|Adamant||M|||50|]Metagross||ColburBerry|ClearBody|Protect,BulletPunch,PsychicFangs,HammerArm|Adamant|||||50|
|showteam|p2|Arcanine-Hisui||FocusSash|RockHead|Protect,ExtremeSpeed,HeadSmash,FlareBlitz|Jolly||M|||50|]Staraptor||Staraptite|Intimidate|Protect,Tailwind,CloseCombat,DualWingbeat|Jolly||M|||50|]Farigiraf||SitrusBerry|ArmorTail|Protect,Psychic,TrickRoom,HelpingHand|Calm||F|||50|]Sylveon||FairyFeather|Pixilate|Protect,HyperBeam,HyperVoice,QuickAttack|Modest||F|||50|]Kingambit||LifeOrb|Defiant|Protect,KowtowCleave,SwordsDance,SuckerPunch|Adamant||M|||50|]Raichu||RaichuniteY|LightningRod|Protect,ZapCannon,FakeOut,FocusBlast|Timid||M|||50|
|inactive|Battle timer is ON: inactive players will automatically lose when time's up. (requested by Gastrosophilipp)
|inactive|Pressinblades has 60 seconds left.
|inactive|Gastrosophilipp has 60 seconds left.
|inactive|Gastrosophilipp has 30 seconds left.
|inactive|Gastrosophilipp has 20 seconds left.
|inactive|Gastrosophilipp has 15 seconds left.
|inactive|Gastrosophilipp has 10 seconds left.
|inactive|Gastrosophilipp has 5 seconds left.
|
|t:|1785329690
|teamsize|p1|4
|teamsize|p2|4
|start
|switch|p1a: Garchomp|Garchomp, L50, F, shiny|100/100
|switch|p1b: Gardevoir|Gardevoir, L50, F, shiny|100/100
|switch|p2a: Raichu|Raichu, L50, M|100/100
|switch|p2b: Kingambit|Kingambit, L50, M, shiny|100/100
|turn|1
|
|t:|1785329702
|detailschange|p2a: Raichu|Raichu-Mega-Y, L50, M
|-mega|p2a: Raichu|Raichu|Raichunite Y
|move|p1b: Gardevoir|Protect|p1b: Gardevoir
|-singleturn|p1b: Gardevoir|Protect
|move|p2a: Raichu|Fake Out|p1a: Garchomp
|-damage|p1a: Garchomp|91/100
|-damage|p2a: Raichu|87/100|[from] ability: Rough Skin|[of] p1a: Garchomp
|cant|p1a: Garchomp|flinch
|move|p2b: Kingambit|Swords Dance|p2b: Kingambit
|-boost|p2b: Kingambit|atk|2
|
|upkeep
|turn|2
|inactive|Pressinblades has 30 seconds left.
|
|t:|1785329733
|switch|p1a: Maushold|Maushold, L50|100/100
|detailschange|p1b: Gardevoir|Gardevoir-Mega, L50, F, shiny
|-mega|p1b: Gardevoir|Gardevoir|Gardevoirite
|move|p2b: Kingambit|Sucker Punch||[still]
|-fail|p2b: Kingambit
|move|p2a: Raichu|Zap Cannon|p1b: Gardevoir
|-damage|p1b: Gardevoir|64/100
|-status|p1b: Gardevoir|par
|move|p1b: Gardevoir|Psychic|p2a: Raichu
|-damage|p2a: Raichu|14/100
|
|upkeep
|turn|3
|inactive|Gastrosophilipp has 30 seconds left.
|inactive|Gastrosophilipp has 20 seconds left.
|inactive|Gastrosophilipp has 15 seconds left.
|inactive|Gastrosophilipp has 10 seconds left.
|inactive|Gastrosophilipp has 5 seconds left.
|
|t:|1785329786
|move|p2a: Raichu|Protect|p2a: Raichu
|-singleturn|p2a: Raichu|Protect
|move|p1a: Maushold|Encore|p2b: Kingambit
|-start|p2b: Kingambit|Encore
|move|p2b: Kingambit|Sucker Punch||[still]
|-fail|p2b: Kingambit
|cant|p1b: Gardevoir|par
|
|upkeep
|turn|4
|inactive|Gastrosophilipp has 30 seconds left.
|inactive|Gastrosophilipp has 20 seconds left.
|
|t:|1785329821
|switch|p2a: Arcanine|Arcanine-Hisui, L50, M|100/100
|switch|p2b: Sylveon|Sylveon, L50, F|100/100
|move|p1a: Maushold|Protect|p1a: Maushold
|-singleturn|p1a: Maushold|Protect
|move|p1b: Gardevoir|Hyper Voice|p2b: Sylveon|[spread] p2a,p2b
|-resisted|p2a: Arcanine|1
|-damage|p2a: Arcanine|68/100
|-damage|p2b: Sylveon|60/100
|
|upkeep
|turn|5
|inactive|Pressinblades has 30 seconds left.
|inactive|Gastrosophilipp has 30 seconds left.
|c|☆Gastrosophilipp|this zap cannon damage on gardevoir shouldn't be possible
|inactive|Gastrosophilipp has 20 seconds left.
|inactive|Gastrosophilipp has 15 seconds left.
|inactive|Gastrosophilipp has 10 seconds left.
|inactive|Gastrosophilipp has 5 seconds left.
|
|t:|1785329876
|move|p2a: Arcanine|Protect|p2a: Arcanine
|-singleturn|p2a: Arcanine|Protect
|move|p2b: Sylveon|Protect|p2b: Sylveon
|-singleturn|p2b: Sylveon|Protect
|move|p1a: Maushold|Super Fang|p2b: Sylveon
|-activate|p2b: Sylveon|move: Protect
|cant|p1b: Gardevoir|par
|
|upkeep
|turn|6
|c|☆Pressinblades|Friend guard
|c|☆Gastrosophilipp|ah, forgot
|inactive|Gastrosophilipp has 30 seconds left.
|
|t:|1785329906
|move|p2a: Arcanine|Extreme Speed|p1b: Gardevoir
|-damage|p1b: Gardevoir|42/100 par
|move|p1a: Maushold|Encore|p2a: Arcanine
|-start|p2a: Arcanine|Encore
|move|p2b: Sylveon|Hyper Voice|p1b: Gardevoir|[spread] p1a,p1b
|-damage|p1a: Maushold|37/100
|-damage|p1b: Gardevoir|15/100 par
|move|p1b: Gardevoir|Hyper Voice|p2b: Sylveon|[spread] p2a,p2b
|-resisted|p2a: Arcanine|1
|-damage|p2a: Arcanine|34/100
|-damage|p2b: Sylveon|20/100r
|
|upkeep
|turn|7
|inactive|Gastrosophilipp has 30 seconds left.
|inactive|Gastrosophilipp has 20 seconds left.
|
|t:|1785329946
|move|p1a: Maushold|Protect|p1a: Maushold
|-singleturn|p1a: Maushold|Protect
|move|p2a: Arcanine|Extreme Speed|p1b: Gardevoir
|-damage|p1b: Gardevoir|0 fnt
|faint|p1b: Gardevoir
|move|p2b: Sylveon|Hyper Voice|p1a: Maushold
|-activate|p1a: Maushold|move: Protect
|
|upkeep
|
|t:|1785329961
|switch|p1b: Garchomp|Garchomp, L50, F, shiny|91/100
|turn|8
|inactive|Gastrosophilipp has 30 seconds left.
|inactive|Gastrosophilipp has 20 seconds left.
|inactive|Gastrosophilipp has 15 seconds left.
|inactive|Gastrosophilipp has 10 seconds left.
|
|t:|1785330008
|switch|p1a: Basculegion|Basculegion, L50, M|100/100
|move|p2a: Arcanine|Extreme Speed|p1a: Basculegion
|-immune|p1a: Basculegion
|move|p2b: Sylveon|Quick Attack|p1a: Basculegion
|-damage|p1a: Basculegion|83/100
|move|p1b: Garchomp|Stomping Tantrum|p2b: Sylveon
|-damage|p2b: Sylveon|0 fnt
|faint|p2b: Sylveon
|-damage|p1b: Garchomp|81/100|[from] item: Life Orb
|
|upkeep
|
|t:|1785330021
|switch|p2b: Kingambit|Kingambit, L50, M, shiny|100/100
|turn|9
|inactive|Pressinblades has 30 seconds left.
|inactive|Gastrosophilipp has 30 seconds left.
|inactive|Gastrosophilipp has 20 seconds left.
|
|t:|1785330059
|move|p2a: Arcanine|Extreme Speed|p1b: Garchomp
|-damage|p1b: Garchomp|56/100
|-damage|p2a: Arcanine|22/100|[from] ability: Rough Skin|[of] p1b: Garchomp
|move|p2b: Kingambit|Sucker Punch|p1a: Basculegion
|-supereffective|p1a: Basculegion|1
|-damage|p1a: Basculegion|0 fnt
|faint|p1a: Basculegion
|-damage|p2b: Kingambit|90/100|[from] item: Life Orb
|move|p1b: Garchomp|Earthquake|p2b: Kingambit|[spread] p2a,p2b
|-supereffective|p2a: Arcanine|2
|-supereffective|p2b: Kingambit|1
|-damage|p2a: Arcanine|0 fnt
|-damage|p2b: Kingambit|3/100
|faint|p2a: Arcanine
|-damage|p1b: Garchomp|46/100|[from] item: Life Orb
|
|upkeep
|
|t:|1785330076
|switch|p2a: Raichu|Raichu-Mega-Y, L50, M|14/100
|switch|p1a: Maushold|Maushold, L50|37/100
|turn|10
|inactive|Gastrosophilipp has 30 seconds left.
|inactive|Gastrosophilipp has 20 seconds left.
|inactive|Gastrosophilipp has 15 seconds left.
|
|t:|1785330116
|move|p1b: Garchomp|Protect|p1b: Garchomp
|-singleturn|p1b: Garchomp|Protect
|move|p2a: Raichu|Fake Out|p1b: Garchomp
|-activate|p1b: Garchomp|move: Protect
|move|p1a: Maushold|Encore|p2b: Kingambit
|-start|p2b: Kingambit|Encore
|move|p2b: Kingambit|Sucker Punch||[still]
|-fail|p2b: Kingambit
|
|upkeep
|turn|11
|inactive|Gastrosophilipp has 30 seconds left.
|
|t:|1785330149
|move|p2a: Raichu|Protect|p2a: Raichu
|-singleturn|p2a: Raichu|Protect
|move|p1a: Maushold|Follow Me|p1a: Maushold
|-singleturn|p1a: Maushold|move: Follow Me
|move|p2b: Kingambit|Sucker Punch||[still]
|-fail|p2b: Kingambit
|move|p1b: Garchomp|Stomping Tantrum|p2a: Raichu
|-activate|p2a: Raichu|move: Protect
|
|upkeep
|turn|12
|inactive|Gastrosophilipp has 25 seconds left this turn.
|inactive|Gastrosophilipp has 20 seconds left.
|inactive|Gastrosophilipp has 15 seconds left.
|inactive|Gastrosophilipp has 10 seconds left.
|inactive|Gastrosophilipp has 5 seconds left.
|c|☆Pressinblades|Ggs
|
|t:|1785330173
|move|p1a: Maushold|Follow Me|p1a: Maushold
|-singleturn|p1a: Maushold|move: Follow Me
|move|p2b: Kingambit|Sucker Punch||[still]
|-fail|p2b: Kingambit
|move|p2a: Raichu|Focus Blast|p1a: Maushold
|-supereffective|p1a: Maushold|1
|-damage|p1a: Maushold|0 fnt
|faint|p1a: Maushold
|move|p1b: Garchomp|Earthquake|p2a: Raichu|[spread] p2a,p2b
|-supereffective|p2a: Raichu|1
|-supereffective|p2b: Kingambit|1
|-damage|p2a: Raichu|0 fnt
|-damage|p2b: Kingambit|0 fnt
|faint|p2a: Raichu
|faint|p2b: Kingambit
|-damage|p1b: Garchomp|36/100|[from] item: Life Orb
|
|win|Pressinblades
|raw|Pressinblades's rating: 1196 → 1217(+21 for winning)
|raw|Gastrosophilipp's rating: 1138 → 1117(-21 for losing)
