|j|☆Wizardo22
|j|☆Devxp
|html|Wizardo22Devxp    
|uhtml|bestof|Game 3 of a best-of-3
|t:|1785121455
|gametype|doubles
|player|p1|Wizardo22|lance|
|player|p2|Devxp|266|
|gen|9
|tier|[Gen 9 Champions] VGC 2026 Reg M-B (Bo3)
|rule|Species Clause: Limit one of each Pokémon
|rule|Item Clause: Limit 1 of each item
|clearpoke
|poke|p1|Kleavor, L50, F|
|poke|p1|Aromatisse, L50, F|
|poke|p1|Camerupt, L50, M|
|poke|p1|Raichu, L50, M|
|poke|p1|Heliolisk, L50, M|
|poke|p1|Torkoal, L50, F|
|poke|p2|Staraptor, L50, M, shiny|
|poke|p2|Ninetales-Alola, L50, M, shiny|
|poke|p2|Typhlosion-Hisui, L50, F|
|poke|p2|Raichu, L50, F, shiny|
|poke|p2|Greninja, L50, F|
|poke|p2|Lycanroc-Dusk, L50, F|
|teampreview|4
|showteam|p1|Kleavor||FocusSash|SheerForce|RockSlide,Lunge,Protect,Tailwind|Adamant||F|||50|]Aromatisse||BabiriBerry|AromaVeil|Moonblast,Encore,HelpingHand,TrickRoom|Bold||F|||50|]Camerupt||Cameruptite|MagmaArmor|Eruption,HeatWave,EarthPower,Protect|Modest||M|||50|]Raichu||RaichuniteX|Static|RisingVoltage,HelpingHand,Protect,FakeOut|Timid||M|||50|]Heliolisk||LifeOrb|SolarPower|RisingVoltage,HyperVoice,WeatherBall,Protect|Quiet||M|||50|]Torkoal||Charcoal|Drought|Eruption,HeatWave,HelpingHand,Protect|Modest||F|||50|
|showteam|p2|Staraptor||Staraptite|Intimidate|CloseCombat,FinalGambit,Protect,BlazeKick|Jolly||M|||50|]Ninetales-Alola||LightClay|SnowWarning|AuroraVeil,Blizzard,FreezeDry,Protect|Timid||M|||50|]Typhlosion-Hisui||LifeOrb|Frisk|HeatWave,Protect,ShadowBall,Overheat|Timid||F|||50|]Raichu||FocusSash|Static|FakeOut,GrassKnot,Nuzzle,VoltTackle|Jolly||F|||50|]Greninja||Greninjite|Protean|WaterShuriken,HydroPump,IceBeam,Protect|Timid||F|||50|]Lycanroc-Dusk||HardStone|ToughClaws|RockSlide,Trailblaze,CloseCombat,Accelerock|Jolly||F|||50|
|
|t:|1785121542
|teamsize|p1|4
|teamsize|p2|4
|start
|switch|p1a: Kleavor|Kleavor, L50, F|100/100
|switch|p1b: Raichu|Raichu, L50, M|100/100
|switch|p2a: Greninja|Greninja, L50, F|100/100
|switch|p2b: Ninetales|Ninetales-Alola, L50, M, shiny|100/100
|-weather|Snowscape|[from] ability: Snow Warning|[of] p2b: Ninetales
|turn|1
|
|t:|1785121580
|move|p2a: Greninja|Protect|p2a: Greninja
|-start|p2a: Greninja|typechange|Normal|[from] ability: Protean
|-singleturn|p2a: Greninja|Protect
|move|p2b: Ninetales|Protect|p2b: Ninetales
|-singleturn|p2b: Ninetales|Protect
|move|p1b: Raichu|Fake Out|p2a: Greninja
|-activate|p2a: Greninja|move: Protect
|move|p1a: Kleavor|Rock Slide|p2a: Greninja|[spread] 
|-activate|p2a: Greninja|move: Protect
|-activate|p2b: Ninetales|move: Protect
|
|-weather|Snowscape|[upkeep]
|upkeep
|turn|2
|
|t:|1785121630
|switch|p1b: Torkoal|Torkoal, L50, F|100/100
|-weather|SunnyDay|[from] ability: Drought|[of] p1b: Torkoal
|detailschange|p2a: Greninja|Greninja-Mega, L50, F
|-mega|p2a: Greninja|Greninja|Greninjite
|move|p1a: Kleavor|Protect|p1a: Kleavor
|-singleturn|p1a: Kleavor|Protect
|move|p2a: Greninja|Hydro Pump|p1a: Kleavor
|-start|p2a: Greninja|typechange|Water|[from] ability: Protean
|-activate|p1a: Kleavor|move: Protect
|move|p2b: Ninetales|Aurora Veil||[still]
|-fail|p2b: Ninetales
|
|-weather|SunnyDay|[upkeep]
|upkeep
|turn|3
|
|t:|1785121701
|switch|p2b: Lycanroc|Lycanroc-Dusk, L50, F|100/100
|move|p2a: Greninja|Protect|p2a: Greninja
|-singleturn|p2a: Greninja|Protect
|move|p1a: Kleavor|Tailwind|p1a: Kleavor
|-sidestart|p1: Wizardo22|move: Tailwind
|move|p1b: Torkoal|Heat Wave|p2a: Greninja|[spread] 
|-activate|p2a: Greninja|move: Protect
|-miss|p1b: Torkoal|p2b: Lycanroc
|
|-weather|SunnyDay|[upkeep]
|upkeep
|turn|4
|
|t:|1785121772
|switch|p2a: Typhlosion|Typhlosion-Hisui, L50, F|100/100
|-item|p1a: Kleavor|Focus Sash|[from] ability: Frisk|[of] p2a: Typhlosion
|-item|p1b: Torkoal|Charcoal|[from] ability: Frisk|[of] p2a: Typhlosion
|move|p1b: Torkoal|Helping Hand|p1a: Kleavor
|-singleturn|p1a: Kleavor|Helping Hand|[of] p1b: Torkoal
|move|p1a: Kleavor|Lunge|p2a: Typhlosion
|-resisted|p2a: Typhlosion|2
|-damage|p2a: Typhlosion|65/100
|move|p2b: Lycanroc|Rock Slide|p1b: Torkoal|[spread] p1a,p1b
|-supereffective|p1a: Kleavor|1
|-supereffective|p1b: Torkoal|1
|-damage|p1a: Kleavor|22/100
|-damage|p1b: Torkoal|51/100
|
|-weather|SunnyDay|[upkeep]
|upkeep
|turn|5
|
|t:|1785121798
|move|p1a: Kleavor|Protect|p1a: Kleavor
|-singleturn|p1a: Kleavor|Protect
|move|p2b: Lycanroc|Accelerock|p1a: Kleavor
|-activate|p1a: Kleavor|move: Protect
|move|p2a: Typhlosion|Overheat|p1b: Torkoal|[miss]
|-miss|p2a: Typhlosion|p1b: Torkoal
|move|p1b: Torkoal|Heat Wave|p2a: Typhlosion|[spread] p2a,p2b
|-resisted|p2a: Typhlosion|1
|-resisted|p2b: Lycanroc|1
|-crit|p2b: Lycanroc
|-damage|p2a: Typhlosion|26/100
|-damage|p2b: Lycanroc|26/100
|
|-weather|SunnyDay|[upkeep]
|upkeep
|turn|6
|
|t:|1785121859
|move|p1b: Torkoal|Protect|p1b: Torkoal
|-singleturn|p1b: Torkoal|Protect
|move|p2b: Lycanroc|Accelerock|p1a: Kleavor
|-supereffective|p1a: Kleavor|1
|-damage|p1a: Kleavor|0 fnt
|faint|p1a: Kleavor
|move|p2a: Typhlosion|Overheat|p1b: Torkoal
|-activate|p1b: Torkoal|move: Protect
|
|-weather|none
|-sideend|p1: Wizardo22|move: Tailwind
|upkeep
|
|t:|1785121864
|switch|p1a: Raichu|Raichu, L50, M|100/100
|turn|7
|
|t:|1785121905
|switch|p2b: Ninetales|Ninetales-Alola, L50, M, shiny|100/100
|-weather|Snowscape|[from] ability: Snow Warning|[of] p2b: Ninetales
|detailschange|p1a: Raichu|Raichu-Mega-X, L50, M
|-mega|p1a: Raichu|Raichu|Raichunite X
|-fieldstart|move: Electric Terrain|[from] ability: Electric Surge|[of] p1a: Raichu
|move|p2a: Typhlosion|Protect|p2a: Typhlosion
|-singleturn|p2a: Typhlosion|Protect
|move|p1a: Raichu|Rising Voltage|p2b: Ninetales
|-hint|Rising Voltage's BP doubled on grounded target.
|-damage|p2b: Ninetales|11/100
|move|p1b: Torkoal|Heat Wave|p2b: Ninetales|[spread] p2b
|-activate|p2a: Typhlosion|move: Protect
|-supereffective|p2b: Ninetales|1
|-damage|p2b: Ninetales|0 fnt
|faint|p2b: Ninetales
|
|-weather|Snowscape|[upkeep]
|upkeep
|
|t:|1785121933
|switch|p2b: Greninja|Greninja-Mega, L50, F|100/100
|turn|8
|
|t:|1785121977
|move|p2b: Greninja|Protect|p2b: Greninja
|-start|p2b: Greninja|typechange|Normal|[from] ability: Protean
|-singleturn|p2b: Greninja|Protect
|move|p1a: Raichu|Rising Voltage|p2a: Typhlosion
|-hint|Rising Voltage's BP doubled on grounded target.
|-damage|p2a: Typhlosion|0 fnt
|faint|p2a: Typhlosion
|move|p1b: Torkoal|Heat Wave|p2b: Greninja
|-activate|p2b: Greninja|move: Protect
|
|-weather|Snowscape|[upkeep]
|upkeep
|
|t:|1785121986
|switch|p2a: Lycanroc|Lycanroc-Dusk, L50, F|26/100
|turn|9
|
|t:|1785122037
|move|p2a: Lycanroc|Accelerock|p1b: Torkoal
|-supereffective|p1b: Torkoal|1
|-damage|p1b: Torkoal|9/100
|move|p2b: Greninja|Ice Beam|p1a: Raichu
|-damage|p1a: Raichu|59/100
|move|p1a: Raichu|Rising Voltage|p2b: Greninja
|-hint|Rising Voltage's BP doubled on grounded target.
|-damage|p2b: Greninja|0 fnt
|faint|p2b: Greninja
|move|p1b: Torkoal|Heat Wave|p2a: Lycanroc
|-resisted|p2a: Lycanroc|1
|-damage|p2a: Lycanroc|0 fnt
|faint|p2a: Lycanroc
|
|win|Wizardo22
|c|☆Wizardo22|gg
|c|☆Devxp|gg
