|j|☆Giocostorto
|j|☆KodeBeast0526
|html|GiocostortoKodeBeast0526    
|uhtml|bestof|Game 3 of a best-of-3
|t:|1756931994
|gametype|doubles
|player|p1|Giocostorto|palmer|1170
|player|p2|KodeBeast0526|sailor|1214
|gen|9
|tier|[Gen 9] VGC 2025 Reg H (Bo3)
|rated|
|rule|Species Clause: Limit one of each Pokémon
|rule|Item Clause: Limit 1 of each item
|clearpoke
|poke|p1|Misdreavus, L50, F|
|poke|p1|Gothitelle, L50, F|
|poke|p1|Amoonguss, L50, F|
|poke|p1|Incineroar, L50, F|
|poke|p1|Primarina, L50, M|
|poke|p1|Ursaluna, L50, M|
|poke|p2|Sneasler, L50, M|
|poke|p2|Excadrill, L50, F|
|poke|p2|Tyranitar, L50, M|
|poke|p2|Gholdengo, L50|
|poke|p2|Kommo-o, L50, M|
|poke|p2|Electabuzz, L50, M|
|teampreview|4
|showteam|p1|Misdreavus||Eviolite|Levitate|Protect,PerishSong,TrickRoom,ShadowBall|||F|||50|,,,,,Fire]Gothitelle||SafetyGoggles|ShadowTag|Protect,Psychic,TrickRoom,FakeOut|||F|||50|,,,,,Water]Amoonguss||MentalHerb|Regenerator|Protect,Spore,RagePowder,PollenPuff|||F|||50|,,,,,Dark]Incineroar||MirrorHerb|Intimidate|Protect,FlareBlitz,FakeOut,PartingShot|||F|||50|,,,,,Grass]Primarina||SitrusBerry|LiquidVoice|Protect,Moonblast,PerishSong,HyperVoice|||M|||50|,,,,,Steel]Ursaluna||FlameOrb|Guts|Protect,HeadlongRush,Earthquake,Facade|||M|||50|,,,,,Ghost
|showteam|p2|Sneasler||WhiteHerb|Unburden|CloseCombat,DireClaw,FakeOut,ThroatChop|||M|||50|,,,,,Flying]Excadrill||FocusSash|SandRush|Earthquake,IronHead,SwordsDance,Protect|||F|||50|,,,,,Ground]Tyranitar||AssaultVest|SandStream|RockSlide,KnockOff,LowKick,TeraBlast|||M|||50|,,,,,Flying]Gholdengo||LifeOrb|GoodasGold|MakeItRain,ShadowBall,NastyPlot,Protect||||||50|,,,,,Water]Kommo-o||ThroatSpray|Overcoat|ClangingScales,ClangorousSoul,Flamethrower,Protect|||M|||50|,,,,,Fire]Electabuzz||Eviolite|VitalSpirit|Electroweb,FollowMe,HelpingHand,Taunt|||M|||50|,,,,,Ghost
|inactive|Battle timer is ON: inactive players will automatically lose when time's up. (requested by Giocostorto)
|
|t:|1756932013
|teamsize|p1|4
|teamsize|p2|4
|start
|switch|p1a: Gothitelle|Gothitelle, L50, F|100/100
|switch|p1b: Incineroar|Incineroar, L50, F|100/100
|switch|p2a: Electabuzz|Electabuzz, L50, M, shiny|100/100
|switch|p2b: Sneasler|Sneasler, L50, M, shiny|100/100
|-ability|p1b: Incineroar|Intimidate|boost
|-unboost|p2a: Electabuzz|atk|1
|-unboost|p2b: Sneasler|atk|1
|-enditem|p2b: Sneasler|White Herb
|-clearnegativeboost|p2b: Sneasler|[silent]
|turn|1
|
|t:|1756932035
|-terastallize|p2a: Electabuzz|Ghost
|move|p1b: Incineroar|Protect|p1b: Incineroar
|-singleturn|p1b: Incineroar|Protect
|move|p1a: Gothitelle|Protect|p1a: Gothitelle
|-singleturn|p1a: Gothitelle|Protect
|move|p2b: Sneasler|Fake Out|p1b: Incineroar
|-activate|p1b: Incineroar|move: Protect
|move|p2a: Electabuzz|Taunt|p1a: Gothitelle
|-activate|p1a: Gothitelle|move: Protect
|
|upkeep
|turn|2
|inactive|Giocostorto has 30 seconds left.
|
|t:|1756932063
|switch|p1a: Misdreavus|Misdreavus, L50, F|100/100
|move|p2b: Sneasler|Close Combat|p1b: Incineroar
|-supereffective|p1b: Incineroar
|-damage|p1b: Incineroar|0 fnt
|-unboost|p2b: Sneasler|def|1
|-unboost|p2b: Sneasler|spd|1
|faint|p1b: Incineroar
|move|p2a: Electabuzz|Taunt|p1a: Misdreavus
|-start|p1a: Misdreavus|move: Taunt
|
|upkeep
|
|t:|1756932072
|switch|p1b: Ursaluna|Ursaluna, L50, M|100/100
|turn|3
|inactive|Giocostorto has 30 seconds left.
|
|t:|1756932101
|-terastallize|p1b: Ursaluna|Ghost
|move|p2a: Electabuzz|Follow Me|p2a: Electabuzz
|-singleturn|p2a: Electabuzz|move: Follow Me
|move|p2b: Sneasler|Throat Chop|p1a: Misdreavus
|-supereffective|p1a: Misdreavus
|-damage|p1a: Misdreavus|65/100
|-start|p1a: Misdreavus|Throat Chop|[silent]
|move|p1a: Misdreavus|Shadow Ball|p2a: Electabuzz
|-supereffective|p2a: Electabuzz
|-damage|p2a: Electabuzz|61/100
|move|p1b: Ursaluna|Earthquake|p2b: Sneasler|[spread] p2a,p2b
|-immune|p1a: Misdreavus|[from] ability: Levitate
|-supereffective|p2b: Sneasler
|-damage|p2a: Electabuzz|25/100
|-damage|p2b: Sneasler|0 fnt
|faint|p2b: Sneasler
|
|-status|p1b: Ursaluna|brn|[from] item: Flame Orb
|upkeep
|
|t:|1756932113
|switch|p2b: Tyranitar|Tyranitar, L50, M, shiny|100/100
|-weather|Sandstorm|[from] ability: Sand Stream|[of] p2b: Tyranitar
|turn|4
|
|t:|1756932134
|switch|p1a: Gothitelle|Gothitelle, L50, F|100/100
|move|p1b: Ursaluna|Protect|p1b: Ursaluna
|-singleturn|p1b: Ursaluna|Protect
|move|p2a: Electabuzz|Follow Me|p2a: Electabuzz
|-singleturn|p2a: Electabuzz|move: Follow Me
|move|p2b: Tyranitar|Knock Off|p1b: Ursaluna
|-activate|p1b: Ursaluna|move: Protect
|
|-weather|Sandstorm|[upkeep]
|-damage|p2a: Electabuzz|20/100|[from] Sandstorm
|-damage|p1b: Ursaluna|95/100 brn|[from] Sandstorm
|-damage|p1b: Ursaluna|89/100 brn|[from] brn
|upkeep
|turn|5
|
|t:|1756932159
|move|p1a: Gothitelle|Fake Out|p2b: Tyranitar
|-resisted|p2b: Tyranitar
|-damage|p2b: Tyranitar|98/100
|move|p2a: Electabuzz|Taunt|p1a: Gothitelle
|-start|p1a: Gothitelle|move: Taunt
|cant|p2b: Tyranitar|flinch
|move|p1b: Ursaluna|Earthquake|p2b: Tyranitar|[spread] p1a,p2a,p2b
|-supereffective|p2b: Tyranitar
|-damage|p1a: Gothitelle|41/100
|-damage|p2a: Electabuzz|0 fnt
|-damage|p2b: Tyranitar|0 fnt
|faint|p2a: Electabuzz
|faint|p2b: Tyranitar
|
|-weather|Sandstorm|[upkeep]
|-damage|p1b: Ursaluna|83/100 brn|[from] Sandstorm
|-damage|p1b: Ursaluna|77/100 brn|[from] brn
|upkeep
|
|t:|1756932169
|switch|p2b: Kommo-o|Kommo-o, L50, M, shiny|100/100
|turn|6
|
|t:|1756932179
|move|p2b: Kommo-o|Clanging Scales|p1a: Gothitelle|[spread] p1a,p1b
|-damage|p1a: Gothitelle|12/100
|-damage|p1b: Ursaluna|40/100 brn
|-unboost|p2b: Kommo-o|def|1
|-enditem|p2b: Kommo-o|Throat Spray
|-boost|p2b: Kommo-o|spa|1|[from] item: Throat Spray
|move|p1a: Gothitelle|Psychic|p2b: Kommo-o
|-supereffective|p2b: Kommo-o
|-damage|p2b: Kommo-o|33/100
|move|p1b: Ursaluna|Facade|p2b: Kommo-o
|-damage|p2b: Kommo-o|0 fnt
|faint|p2b: Kommo-o
|
|win|Giocostorto
|raw|Giocostorto's rating: 1170 → 1198(+28 for winning)
|raw|KodeBeast0526's rating: 1214 → 1186(-28 for losing)
|l|☆KodeBeast0526
|player|p2|
