|j|☆Tryingcosas
|j|☆CalvosForever
|html|TryingcosasCalvosForever    
|uhtml|bestof|Game 2 of a best-of-3
|t:|1784049357
|gametype|doubles
|player|p1|Tryingcosas|2|1254
|player|p2|CalvosForever|2|1154
|gen|9
|tier|[Gen 9 Champions] VGC 2026 Reg M-B (Bo3)
|rated|
|rule|Species Clause: Limit one of each Pokémon
|rule|Item Clause: Limit 1 of each item
|clearpoke
|poke|p1|Venusaur, L50, M|
|poke|p1|Grimmsnarl, L50, M|
|poke|p1|Pelipper, L50, F|
|poke|p1|Archaludon, L50, F|
|poke|p1|Swampert, L50, F|
|poke|p1|Incineroar, L50, M|
|poke|p2|Delphox, L50, M|
|poke|p2|Sneasler, L50, M|
|poke|p2|Incineroar, L50, M|
|poke|p2|Sinistcha, L50|
|poke|p2|Maushold-Four, L50|
|poke|p2|Blastoise, L50, F|
|teampreview|4
|showteam|p1|Venusaur||Venusaurite|Chlorophyll|GigaDrain,SludgeBomb,EarthPower,Protect|Modest||M|||50|]Grimmsnarl||LightClay|Prankster|LightScreen,Reflect,PartingShot,SpiritBreak|Careful||M|||50|]Pelipper||FocusSash|Drizzle|WeatherBall,Hurricane,Tailwind,WideGuard|Timid||F|||50|]Archaludon||Leftovers|Stalwart|DragonPulse,FlashCannon,ElectroShot,Protect|Modest||F|||50|]Swampert||Swampertite|Damp|WaveCrash,Earthquake,IcePunch,Protect|Adamant||F|||50|]Incineroar||PasshoBerry|Intimidate|FakeOut,DarkestLariat,FlareBlitz,PartingShot|Impish||M|||50|
|showteam|p2|Delphox||Delphoxite|Blaze|HeatWave,Psyshock,NastyPlot,Protect|Timid||M|||50|]Sneasler||FocusSash|PoisonTouch|CloseCombat,PoisonJab,FakeOut,QuickGuard|Jolly||M|||50|]Incineroar||SitrusBerry|Intimidate|FlareBlitz,ThroatChop,FakeOut,PartingShot|Impish||M|||50|]Sinistcha||OccaBerry|Hospitality|MatchaGotcha,RagePowder,LifeDew,Protect|Bold|||||50|]Maushold-Four||ChopleBerry|FriendGuard|FollowMe,Feint,HelpingHand,Protect|Impish|||||50|]Blastoise||Blastoisinite|RainDish|WaterSpout,DarkPulse,ShellSmash,Protect|Modest||F|||50|
|inactive|Battle timer is ON: inactive players will automatically lose when time's up. (requested by Tryingcosas)
|
|t:|1784049397
|teamsize|p1|4
|teamsize|p2|4
|start
|switch|p1a: Incineroar|Incineroar, L50, M|100/100
|switch|p1b: Archaludon|Archaludon, L50, F|100/100
|switch|p2a: Sneasler|Sneasler, L50, M|100/100
|switch|p2b: Blastoise|Blastoise, L50, F|100/100
|-ability|p1a: Incineroar|Intimidate|boost
|-unboost|p2a: Sneasler|atk|1
|-unboost|p2b: Blastoise|atk|1
|turn|1
|inactive|Tryingcosas has 30 seconds left.
|inactive|CalvosForever has 30 seconds left.
|inactive|Tryingcosas has 20 seconds left.
|
|t:|1784049432
|detailschange|p2b: Blastoise|Blastoise-Mega, L50, F
|-mega|p2b: Blastoise|Blastoise|Blastoisinite
|move|p2b: Blastoise|Protect|p2b: Blastoise
|-singleturn|p2b: Blastoise|Protect
|move|p1a: Incineroar|Fake Out|p2b: Blastoise
|-activate|p2b: Blastoise|move: Protect
|move|p2a: Sneasler|Close Combat|p1b: Archaludon
|-supereffective|p1b: Archaludon|1
|-damage|p1b: Archaludon|38/100
|-unboost|p2a: Sneasler|def|1
|-unboost|p2a: Sneasler|spd|1
|move|p1b: Archaludon|Dragon Pulse|p2b: Blastoise
|-activate|p2b: Blastoise|move: Protect
|
|-heal|p1b: Archaludon|44/100|[from] item: Leftovers
|upkeep
|turn|2
|
|t:|1784049445
|move|p1b: Archaludon|Protect|p1b: Archaludon
|-singleturn|p1b: Archaludon|Protect
|move|p2a: Sneasler|Close Combat|p1b: Archaludon
|-activate|p1b: Archaludon|move: Protect
|move|p2b: Blastoise|Water Spout|p1a: Incineroar|[spread] p1a
|-activate|p1b: Archaludon|move: Protect
|-supereffective|p1a: Incineroar|1
|-crit|p1a: Incineroar
|-enditem|p1a: Incineroar|Passho Berry|[eat]
|-enditem|p1a: Incineroar|Passho Berry|[weaken]
|-damage|p1a: Incineroar|12/100
|move|p1a: Incineroar|Parting Shot|p2a: Sneasler
|-unboost|p2a: Sneasler|atk|1
|-unboost|p2a: Sneasler|spa|1
|
|t:|1784049456
|switch|p1a: Swampert|Swampert, L50, F|100/100|[from] Parting Shot
|
|-heal|p1b: Archaludon|50/100g|[from] item: Leftovers
|upkeep
|turn|3
|
|t:|1784049479
|switch|p1b: Pelipper|Pelipper, L50, F|100/100
|-weather|RainDance|[from] ability: Drizzle|[of] p1b: Pelipper
|detailschange|p1a: Swampert|Swampert-Mega, L50, F
|-mega|p1a: Swampert|Swampert|Swampertite
|move|p1a: Swampert|Earthquake|p2b: Blastoise|[spread] p2a,p2b
|-immune|p1b: Pelipper
|-supereffective|p2a: Sneasler|1
|-enditem|p2a: Sneasler|Focus Sash
|-damage|p2a: Sneasler|1/100
|-damage|p2b: Blastoise|55/100
|move|p2a: Sneasler|Close Combat|p1b: Pelipper
|-resisted|p1b: Pelipper|1
|-damage|p1b: Pelipper|80/100
|-unboost|p2a: Sneasler|def|1
|-unboost|p2a: Sneasler|spd|1
|-status|p1b: Pelipper|psn|[from] ability: Poison Touch|[of] p2a: Sneasler
|move|p2b: Blastoise|Dark Pulse|p1b: Pelipper
|-damage|p1b: Pelipper|0 fnt
|faint|p1b: Pelipper
|
|-weather|RainDance|[upkeep]
|upkeep
|
|t:|1784049490
|switch|p1b: Archaludon|Archaludon, L50, F|50/100g
|turn|4
|
|t:|1784049509
|move|p2b: Blastoise|Protect|p2b: Blastoise
|-singleturn|p2b: Blastoise|Protect
|move|p1b: Archaludon|Protect|p1b: Archaludon
|-singleturn|p1b: Archaludon|Protect
|move|p1a: Swampert|Ice Punch|p2a: Sneasler
|-damage|p2a: Sneasler|0 fnt
|faint|p2a: Sneasler
|
|-weather|RainDance|[upkeep]
|-heal|p1b: Archaludon|56/100|[from] item: Leftovers
|upkeep
|
|t:|1784049516
|switch|p2a: Incineroar|Incineroar, L50, M|100/100
|-ability|p2a: Incineroar|Intimidate|boost
|-unboost|p1a: Swampert|atk|1
|-unboost|p1b: Archaludon|atk|1
|turn|5
|inactive|Tryingcosas has 30 seconds left.
|inactive|CalvosForever has 30 seconds left.
|inactive|Tryingcosas has 20 seconds left.
|inactive|CalvosForever has 20 seconds left.
|inactive|CalvosForever has 15 seconds left.
|inactive|CalvosForever has 10 seconds left.
|inactive|CalvosForever has 5 seconds left.
|
|t:|1784049569
|move|p2a: Incineroar|Fake Out|p1a: Swampert
|-damage|p1a: Swampert|89/100
|cant|p1a: Swampert|flinch
|move|p2b: Blastoise|Dark Pulse|p1b: Archaludon
|-damage|p1b: Archaludon|9/100
|move|p1b: Archaludon|Electro Shot||[still]
|-prepare|p1b: Archaludon|Electro Shot
|-boost|p1b: Archaludon|spa|1
|-anim|p1b: Archaludon|Electro Shot|p2b: Blastoise
|-supereffective|p2b: Blastoise|1
|-damage|p2b: Blastoise|0 fnt
|faint|p2b: Blastoise
|
|-weather|RainDance|[upkeep]
|-heal|p1b: Archaludon|15/100|[from] item: Leftovers
|upkeep
|
|t:|1784049577
|switch|p2b: Sinistcha|Sinistcha, L50|100/100
|turn|6
|inactive|Tryingcosas has 30 seconds left.
|inactive|CalvosForever has 30 seconds left.
|
|t:|1784049611
|switch|p1a: Incineroar|Incineroar, L50, M|12/100
|-ability|p1a: Incineroar|Intimidate|boost
|-unboost|p2a: Incineroar|atk|1
|-unboost|p2b: Sinistcha|atk|1
|move|p1b: Archaludon|Dragon Pulse|p2b: Sinistcha
|-damage|p2b: Sinistcha|32/100
|move|p2a: Incineroar|Throat Chop|p1a: Incineroar
|-resisted|p1a: Incineroar|1
|-damage|p1a: Incineroar|4/100
|-start|p1a: Incineroar|Throat Chop|[silent]
|move|p2b: Sinistcha|Matcha Gotcha|p1b: Archaludon|[spread] p1a
|-miss|p2b: Sinistcha|p1b: Archaludon
|-resisted|p1a: Incineroar|1
|-damage|p1a: Incineroar|0 fnt
|-heal|p2b: Sinistcha|34/100|[from] drain|[of] p1a: Incineroar
|faint|p1a: Incineroar
|
|-weather|RainDance|[upkeep]
|-heal|p1b: Archaludon|21/100|[from] item: Leftovers
|upkeep
|
|t:|1784049617
|switch|p1a: Swampert|Swampert-Mega, L50, F|89/100
|turn|7
|
|t:|1784049639
|move|p1a: Swampert|Ice Punch|p2b: Sinistcha
|-supereffective|p2b: Sinistcha|1
|-damage|p2b: Sinistcha|0 fnt
|faint|p2b: Sinistcha
|move|p1b: Archaludon|Electro Shot||[still]
|-prepare|p1b: Archaludon|Electro Shot
|-boost|p1b: Archaludon|spa|1
|-anim|p1b: Archaludon|Electro Shot|p2a: Incineroar
|-damage|p2a: Incineroar|24/100
|-enditem|p2a: Incineroar|Sitrus Berry|[eat]
|-heal|p2a: Incineroar|49/100|[from] item: Sitrus Berry
|move|p2a: Incineroar|Flare Blitz|p1b: Archaludon
|-damage|p1b: Archaludon|10/100
|-damage|p2a: Incineroar|46/100|[from] Recoil
|
|-weather|none
|-heal|p1b: Archaludon|16/100|[from] item: Leftovers
|upkeep
|turn|8
|
|t:|1784049649
|move|p1b: Archaludon|Dragon Pulse|p2a: Incineroar
|-damage|p2a: Incineroar|0 fnt
|faint|p2a: Incineroar
|
|win|Tryingcosas
|raw|Tryingcosas's rating: 1254 → 1272(+18 for winning)
|raw|CalvosForever's rating: 1154 → 1136(-18 for losing)
