|j|☆Erick Shai v
|j|☆starlight74
|html|Erick Shai vstarlight74    
|uhtml|bestof|Game 1 of a best-of-3
|t:|1784082790
|gametype|doubles
|player|p1|Erick Shai v|pokemaniac|1268
|player|p2|starlight74|anabel-gen7|1440
|gen|9
|tier|[Gen 9 Champions] VGC 2026 Reg M-B (Bo3)
|rated|
|rule|Species Clause: Limit one of each Pokémon
|rule|Item Clause: Limit 1 of each item
|clearpoke
|poke|p1|Milotic, L50, M|
|poke|p1|Incineroar, L50, M|
|poke|p1|Garchomp, L50, F|
|poke|p1|Venusaur, L50, F|
|poke|p1|Aerodactyl, L50, F|
|poke|p1|Gardevoir, L50, F, shiny|
|poke|p2|Froslass, L50, F|
|poke|p2|Dragonite, L50, F|
|poke|p2|Sneasler, L50, F|
|poke|p2|Kingambit, L50, F|
|poke|p2|Blaziken, L50, M|
|poke|p2|Rotom-Wash, L50|
|teampreview|4
|showteam|p1|Milotic||Leftovers|Competitive|Coil,MuddyWater,Hypnosis,Protect|Calm||M|||50|]Incineroar||ChopleBerry|Intimidate|FakeOut,FlareBlitz,ThroatChop,PartingShot|Careful||M|||50|]Garchomp||LifeOrb|RoughSkin|SwordsDance,Earthquake,ScaleShot,Protect|Jolly||F|||50|]Venusaur||Venusaurite|Chlorophyll|GigaDrain,SludgeBomb,EarthPower,Protect|Modest||F|||50|]Aerodactyl||FocusSash|Unnerve|Tailwind,RockSlide,DualWingbeat,Protect|Jolly||F|||50|]Gardevoir||Gardevoirite|Telepathy|HyperVoice,AuraSphere,Thunderbolt,Protect|Modest||F|||50|
|showteam|p2|Froslass||Froslassite|CursedBody|Blizzard,ShadowBall,AuroraVeil,Protect|Timid||F|||50|]Dragonite||LifeOrb|InnerFocus|DragonClaw,ExtremeSpeed,LowKick,Protect|Adamant||F|||50|]Sneasler||FocusSash|PoisonTouch|CloseCombat,PoisonJab,FakeOut,Protect|Jolly||F|||50|]Kingambit||BlackGlasses|Defiant|KowtowCleave,IronHead,SuckerPunch,Protect|Adamant||F|||50|]Blaziken||Blazikenite|SpeedBoost|CloseCombat,FlareBlitz,RockSlide,Protect|Adamant||M|||50|]Rotom-Wash||ChoiceScarf|Levitate|Thunderbolt,VoltSwitch,HydroPump,Trick|Timid|||||50|
|inactive|Battle timer is ON: inactive players will automatically lose when time's up. (requested by starlight74)
|inactive|starlight74 has 60 seconds left.
|inactive|starlight74 has 30 seconds left.
|
|t:|1784082855
|teamsize|p1|4
|teamsize|p2|4
|start
|switch|p1a: CHOCHODRILO|Aerodactyl, L50, F|100/100
|switch|p1b: Gardevoir|Gardevoir, L50, F, shiny|100/100
|switch|p2a: Froslass|Froslass, L50, F|100/100
|switch|p2b: Rotom|Rotom-Wash, L50|100/100
|-ability|p1a: CHOCHODRILO|Unnerve
|turn|1
|
|t:|1784082875
|detailschange|p1b: Gardevoir|Gardevoir-Mega, L50, F, shiny
|-mega|p1b: Gardevoir|Gardevoir|Gardevoirite
|move|p2a: Froslass|Protect|p2a: Froslass
|-singleturn|p2a: Froslass|Protect
|move|p2b: Rotom|Volt Switch|p1a: CHOCHODRILO
|-supereffective|p1a: CHOCHODRILO|1
|-damage|p1a: CHOCHODRILO|15/100
|
|t:|1784082881
|switch|p2b: Kingambit|Kingambit, L50, F|100/100|[from] Volt Switch
|move|p1a: CHOCHODRILO|Tailwind|p1a: CHOCHODRILO
|-sidestart|p1: Erick Shai v|move: Tailwind
|move|p1b: Gardevoir|Hyper Voice|p2b: Kingambit|[spread] p2b
|-activate|p2a: Froslass|move: Protect
|-damage|p2b: Kingambit|44/100
|
|upkeep
|turn|2
|
|t:|1784082894
|detailschange|p2a: Froslass|Froslass-Mega, L50, F
|-mega|p2a: Froslass|Froslass|Froslassite
|-weather|Snowscape|[from] ability: Snow Warning|[of] p2a: Froslass
|move|p2b: Kingambit|Sucker Punch|p1a: CHOCHODRILO
|-damage|p1a: CHOCHODRILO|0 fnt
|faint|p1a: CHOCHODRILO
|move|p1b: Gardevoir|Hyper Voice|p2a: Froslass|[spread] p2a,p2b
|-damage|p2a: Froslass|36/100
|-damage|p2b: Kingambit|0 fnt
|faint|p2b: Kingambit
|move|p2a: Froslass|Shadow Ball|p1b: Gardevoir
|-supereffective|p1b: Gardevoir|1
|-damage|p1b: Gardevoir|40/100
|
|-weather|Snowscape|[upkeep]
|upkeep
|
|t:|1784082905
|switch|p1a: CANELA|Milotic, L50, M|100/100
|switch|p2b: Dragonite|Dragonite, L50, F|100/100
|turn|3
|
|t:|1784082925
|move|p1b: Gardevoir|Protect|p1b: Gardevoir
|-singleturn|p1b: Gardevoir|Protect
|move|p2b: Dragonite|Extreme Speed|p1b: Gardevoir
|-activate|p1b: Gardevoir|move: Protect
|move|p1a: CANELA|Coil|p1a: CANELA
|-boost|p1a: CANELA|atk|1
|-boost|p1a: CANELA|def|1
|-boost|p1a: CANELA|accuracy|1
|move|p2a: Froslass|Aurora Veil|p2a: Froslass
|-sidestart|p2: starlight74|move: Aurora Veil
|
|-weather|Snowscape|[upkeep]
|upkeep
|turn|4
|
|t:|1784082938
|switch|p1b: EL TIBURÓN|Garchomp, L50, F|100/100
|move|p2b: Dragonite|Extreme Speed|p1b: EL TIBURÓN
|-damage|p1b: EL TIBURÓN|61/100
|-damage|p2b: Dragonite|87/100|[from] ability: Rough Skin|[of] p1b: EL TIBURÓN
|-damage|p2b: Dragonite|78/100|[from] item: Life Orb
|move|p1a: CANELA|Coil|p1a: CANELA
|-boost|p1a: CANELA|atk|1
|-boost|p1a: CANELA|def|1
|-boost|p1a: CANELA|accuracy|1
|move|p2a: Froslass|Blizzard|p1b: EL TIBURÓN|[spread] p1a,p1b
|-resisted|p1a: CANELA|1
|-supereffective|p1b: EL TIBURÓN|2
|-damage|p1a: CANELA|89/100
|-damage|p1b: EL TIBURÓN|0 fnt
|faint|p1b: EL TIBURÓN
|
|-weather|Snowscape|[upkeep]
|-heal|p1a: CANELA|95/100|[from] item: Leftovers
|-sideend|p1: Erick Shai v|move: Tailwind
|upkeep
|
|t:|1784082950
|switch|p1b: Gardevoir|Gardevoir-Mega, L50, F, shiny|40/100
|turn|5
|
|t:|1784082956
|move|p1b: Gardevoir|Protect|p1b: Gardevoir
|-singleturn|p1b: Gardevoir|Protect
|move|p2b: Dragonite|Extreme Speed|p1b: Gardevoir
|-activate|p1b: Gardevoir|move: Protect
|move|p2a: Froslass|Shadow Ball|p1a: CANELA
|-damage|p1a: CANELA|76/100
|move|p1a: CANELA|Hypnosis|p2b: Dragonite
|-status|p2b: Dragonite|slp|[from] move: Hypnosis
|
|-weather|Snowscape|[upkeep]
|-heal|p1a: CANELA|82/100|[from] item: Leftovers
|upkeep
|turn|6
|
|t:|1784082971
|move|p2a: Froslass|Shadow Ball|p1b: Gardevoir
|-supereffective|p1b: Gardevoir|1
|-damage|p1b: Gardevoir|0 fnt
|faint|p1b: Gardevoir
|cant|p2b: Dragonite|slp
|move|p1a: CANELA|Hypnosis|p2a: Froslass
|-status|p2a: Froslass|slp|[from] move: Hypnosis
|
|-weather|none
|-heal|p1a: CANELA|88/100|[from] item: Leftovers
|upkeep
|turn|7
|
|t:|1784082983
|switch|p2b: Rotom|Rotom-Wash, L50|100/100
|cant|p2a: Froslass|slp
|move|p1a: CANELA|Coil|p1a: CANELA
|-boost|p1a: CANELA|atk|1
|-boost|p1a: CANELA|def|1
|-boost|p1a: CANELA|accuracy|1
|
|-heal|p1a: CANELA|94/100|[from] item: Leftovers
|-sideend|p2: starlight74|move: Aurora Veil
|upkeep
|turn|8
|
|t:|1784082991
|move|p2b: Rotom|Thunderbolt|p1a: CANELA
|-supereffective|p1a: CANELA|1
|-damage|p1a: CANELA|46/100
|-curestatus|p2a: Froslass|slp|[msg]
|move|p2a: Froslass|Shadow Ball|p1a: CANELA
|-damage|p1a: CANELA|24/100
|move|p1a: CANELA|Hypnosis|p2b: Rotom
|-status|p2b: Rotom|slp|[from] move: Hypnosis
|
|-heal|p1a: CANELA|30/100|[from] item: Leftovers
|upkeep
|turn|9
|
|t:|1784083000
|cant|p2b: Rotom|slp
|move|p2a: Froslass|Shadow Ball|p1a: CANELA
|-damage|p1a: CANELA|9/100
|move|p1a: CANELA|Hypnosis|p2a: Froslass
|-status|p2a: Froslass|slp|[from] move: Hypnosis
|
|-heal|p1a: CANELA|15/100|[from] item: Leftovers
|upkeep
|turn|10
|
|t:|1784083007
|-curestatus|p2b: Rotom|slp|[msg]
|move|p2b: Rotom|Thunderbolt|p1a: CANELA
|-supereffective|p1a: CANELA|1
|-damage|p1a: CANELA|0 fnt
|faint|p1a: CANELA
|
|win|starlight74
