|j|☆Sketch Hero
|j|☆TheAdrienC
|html|Sketch HeroTheAdrienC    
|uhtml|bestof|Game 3 of a best-of-3
|t:|1757654313
|gametype|doubles
|player|p1|Sketch Hero|red|1061
|player|p2|TheAdrienC|170|1000
|gen|9
|tier|[Gen 9] VGC 2025 Reg H (Bo3)
|rated|
|rule|Species Clause: Limit one of each Pokémon
|rule|Item Clause: Limit 1 of each item
|clearpoke
|poke|p1|Ceruledge, L50, M|
|poke|p1|Sneasler, L50, F|
|poke|p1|Electabuzz, L50, F|
|poke|p1|Dragonite, L50, M|
|poke|p1|Indeedee, L50, M|
|poke|p1|Ursaluna-Bloodmoon, L50, M|
|poke|p2|Malamar, L50, M|
|poke|p2|Dragonite, L50, M|
|poke|p2|Farigiraf, L50, M|
|poke|p2|Ursaluna-Bloodmoon, L50, M|
|poke|p2|Incineroar, L50, F|
|poke|p2|Kingambit, L50, M|
|teampreview|4
|showteam|p1|Ceruledge||FocusSash|FlashFire|Protect,CloseCombat,BitterBlade,Poltergeist|||M|||50|,,,,,Grass]Sneasler||PsychicSeed|Unburden|Coaching,Protect,DireClaw,CloseCombat|||F|||50|,,,,,Fairy]Electabuzz||Eviolite|VitalSpirit|FollowMe,Electroweb,Protect,Taunt|||F|||50|,,,,,Ghost]Dragonite||LoadedDice|Multiscale|Haze,Protect,Tailwind,ScaleShot|||M|||50|,,,,,Fairy]Indeedee||ChoiceScarf|PsychicSurge|ExpandingForce,TeraBlast,Trick,DazzlingGleam|||M|||50|,,,,,Fighting]Ursaluna-Bloodmoon||LifeOrb|MindsEye|Protect,BloodMoon,EarthPower,HyperVoice|||M|||50|,,,,,Normal
|showteam|p2|Malamar||FocusSash|Contrary|TrickRoom,SkillSwap,PsychoCut,Superpower|||M|||50|,,,,,Fighting]Dragonite||SitrusBerry|Multiscale|DracoMeteor,Protect,IceBeam,Flamethrower|||M|||50|,,,,,Fire]Farigiraf||LightClay|ArmorTail|Psychic,TrickRoom,LightScreen,Reflect|||M|||50|,,,,,Normal]Ursaluna-Bloodmoon||AssaultVest|MindsEye|BloodMoon,HyperVoice,EarthPower,VacuumWave|||M|||50|,,,,,Ground]Incineroar||SafetyGoggles|Intimidate|FakeOut,FlareBlitz,PartingShot,KnockOff|||F|||50|,,,,,Fire]Kingambit||ChoiceBand|Defiant|SuckerPunch,LowKick,IronHead,KowtowCleave|||M|||50|,,,,,Dark
|
|t:|1757654320
|teamsize|p1|4
|teamsize|p2|4
|start
|switch|p1a: Ursaluna|Ursaluna-Bloodmoon, L50, M|100/100
|switch|p1b: Indeedee|Indeedee, L50, M|100/100
|switch|p2a: Farigiraf|Farigiraf, L50, M|100/100
|switch|p2b: Kingambit|Kingambit, L50, M|100/100
|-fieldstart|move: Psychic Terrain|[from] ability: Psychic Surge|[of] p1b: Indeedee
|turn|1
|
|t:|1757654340
|switch|p2b: Dragonite|Dragonite, L50, M|100/100
|-terastallize|p1b: Indeedee|Fighting
|move|p1b: Indeedee|Tera Blast|p2b: Dragonite|[anim] Tera Blast Fighting
|-resisted|p2b: Dragonite
|-damage|p2b: Dragonite|92/100
|move|p1a: Ursaluna|Blood Moon|p2a: Farigiraf
|-damage|p2a: Farigiraf|28/100
|-damage|p1a: Ursaluna|91/100|[from] item: Life Orb
|move|p2a: Farigiraf|Trick Room|p2a: Farigiraf
|-fieldstart|move: Trick Room|[of] p2a: Farigiraf
|
|upkeep
|turn|2
|
|t:|1757654357
|move|p2b: Dragonite|Protect|p2b: Dragonite
|-singleturn|p2b: Dragonite|Protect
|move|p2a: Farigiraf|Light Screen|p2a: Farigiraf
|-sidestart|p2: TheAdrienC|move: Light Screen
|move|p1a: Ursaluna|Hyper Voice|p2b: Dragonite|[spread] p2a
|-activate|p2b: Dragonite|move: Protect
|-damage|p2a: Farigiraf|3/100
|-damage|p1a: Ursaluna|81/100|[from] item: Life Orb
|move|p1b: Indeedee|Tera Blast|p2a: Farigiraf|[anim] Tera Blast Fighting
|-damage|p2a: Farigiraf|0 fnt
|faint|p2a: Farigiraf
|
|upkeep
|
|t:|1757654369
|switch|p2a: Malamar|Malamar, L50, M|100/100
|turn|3
|
|t:|1757654385
|move|p2a: Malamar|Skill Swap|p2b: Dragonite
|-activate|p2a: Malamar|move: Skill Swap|||[of] p2b: Dragonite
|move|p2b: Dragonite|Draco Meteor|p1a: Ursaluna
|-damage|p1a: Ursaluna|1/100
|-boost|p2b: Dragonite|spa|2
|move|p1a: Ursaluna|Blood Moon|p2a: Malamar
|-damage|p2a: Malamar|61/100
|-damage|p1a: Ursaluna|0 fnt|[from] item: Life Orb
|faint|p1a: Ursaluna
|move|p1b: Indeedee|Tera Blast|p2a: Malamar|[anim] Tera Blast Fighting
|-damage|p2a: Malamar|32/100
|
|upkeep
|
|t:|1757654399
|switch|p1a: Friend Shaped|Dragonite, L50, M|100/100
|turn|4
|
|t:|1757654408
|move|p2b: Dragonite|Protect|p2b: Dragonite
|-singleturn|p2b: Dragonite|Protect
|move|p2a: Malamar|Psycho Cut|p1b: Indeedee
|-supereffective|p1b: Indeedee
|-damage|p1b: Indeedee|0 fnt
|faint|p1b: Indeedee
|move|p1a: Friend Shaped|Haze|p1a: Friend Shaped
|-clearallboost
|
|upkeep
|
|t:|1757654416
|switch|p1b: Speed TM|Sneasler, L50, F, shiny|100/100
|-enditem|p1b: Speed TM|Psychic Seed
|-boost|p1b: Speed TM|spd|1|[from] item: Psychic Seed
|turn|5
|
|t:|1757654424
|switch|p2b: Kingambit|Kingambit, L50, M|100/100
|move|p1a: Friend Shaped|Protect|p1a: Friend Shaped
|-singleturn|p1a: Friend Shaped|Protect
|move|p1b: Speed TM|Protect|p1b: Speed TM
|-singleturn|p1b: Speed TM|Protect
|move|p2a: Malamar|Psycho Cut|p1b: Speed TM
|-activate|p1b: Speed TM|move: Protect
|
|-fieldend|move: Trick Room
|-fieldend|move: Psychic Terrain
|upkeep
|turn|6
|
|t:|1757654450
|switch|p2a: Dragonite|Dragonite, L50, M|92/100
|move|p2b: Kingambit|Sucker Punch|p1a: Friend Shaped
|-damage|p1a: Friend Shaped|69/100
|move|p1b: Speed TM|Close Combat|p2b: Kingambit
|-supereffective|p2b: Kingambit
|-damage|p2b: Kingambit|0 fnt
|-unboost|p1b: Speed TM|def|1
|-unboost|p1b: Speed TM|spd|1
|faint|p2b: Kingambit
|move|p1a: Friend Shaped|Scale Shot|p2a: Dragonite
|-supereffective|p2a: Dragonite
|-damage|p2a: Dragonite|64/100
|-supereffective|p2a: Dragonite
|-damage|p2a: Dragonite|37/100
|-enditem|p2a: Dragonite|Sitrus Berry|[eat]
|-heal|p2a: Dragonite|62/100|[from] item: Sitrus Berry
|-supereffective|p2a: Dragonite
|-damage|p2a: Dragonite|34/100
|-supereffective|p2a: Dragonite
|-damage|p2a: Dragonite|4/100
|-supereffective|p2a: Dragonite
|-damage|p2a: Dragonite|0 fnt
|faint|p2a: Dragonite
|-hitcount|p2: Dragonite|5
|-unboost|p1a: Friend Shaped|def|1
|-boost|p1a: Friend Shaped|spe|1
|
|upkeep
|
|t:|1757654474
|switch|p2a: Malamar|Malamar, L50, M|32/100
|turn|7
|
|t:|1757654481
|move|p1b: Speed TM|Dire Claw|p2a: Malamar
|-damage|p2a: Malamar|0 fnt
|faint|p2a: Malamar
|
|win|Sketch Hero
|raw|Sketch Hero's rating: 1061 → 1086(+25 for winning)
|raw|TheAdrienC's rating: 1000 → 1000(+0 for losing)
|c|☆TheAdrienC|GG
|c|☆Sketch Hero|gg
|c|☆TheAdrienC|Contrary Dragonite is difficult to get going lol
|c|☆TheAdrienC|I'm so determined to make it work though lol
|c|☆Sketch Hero|it is a tad gimmicky so once your opponent catches on it might be hard to get it off
|c|☆Sketch Hero|but i thought it was pretty cool tho
|c|☆TheAdrienC|Thank you. Yeah, it's definitely gimmicky
|c|☆TheAdrienC|It did ironically shutdown a perish trap team
|c|☆TheAdrienC|Since I could just skill swap shadow tag
|c|☆Sketch Hero|i would also recommend that you slap protect on more of your mons just to have more defense options
|c|☆TheAdrienC|Yeah, good idea
