|j|☆NopeGetUSOut
|j|☆dogggybears
|html|NopeGetUSOutdogggybears    
|uhtml|bestof|Game 3 of a best-of-3
|t:|1757044451
|gametype|doubles
|player|p1|NopeGetUSOut|unknown|1227
|player|p2|dogggybears|roxie|1249
|gen|9
|tier|[Gen 9] VGC 2025 Reg H (Bo3)
|rated|
|rule|Species Clause: Limit one of each Pokémon
|rule|Item Clause: Limit 1 of each item
|clearpoke
|poke|p1|Ursaluna, L50, M|
|poke|p1|Gholdengo, L50|
|poke|p1|Incineroar, L50, M|
|poke|p1|Amoonguss, L50, M|
|poke|p1|Porygon2, L50|
|poke|p1|Hydreigon, L50, M|
|poke|p2|Sneasler, L50, M|
|poke|p2|Indeedee, L50, M|
|poke|p2|Volcarona, L50, F|
|poke|p2|Ursaluna-Bloodmoon, L50, M|
|poke|p2|Annihilape, L50, F|
|poke|p2|Tyranitar, L50, M|
|teampreview|4
|showteam|p1|Ursaluna||FlameOrb|Guts|Facade,HeadlongRush,Earthquake,Protect|||M|||50|,,,,,Ghost]Gholdengo||IronPlate|GoodasGold|MakeItRain,ShadowBall,NastyPlot,Protect||||||50|,,,,,Water]Incineroar||SitrusBerry|Intimidate|FlareBlitz,KnockOff,PartingShot,FakeOut|||M|||50|,,,,,Ghost]Amoonguss||CovertCloak|Regenerator|Spore,RagePowder,PollenPuff,Protect|||M|||50|,,,,,Psychic]Porygon2||Eviolite|Download|TeraBlast,IceBeam,Recover,TrickRoom||||||50|,,,,,Fighting]Hydreigon||SafetyGoggles|Levitate|DracoMeteor,Snarl,Tailwind,Protect|||M|||50|,,,,,Ghost
|showteam|p2|Sneasler||PsychicSeed|Unburden|CloseCombat,DireClaw,ThroatChop,Protect|||M|||50|,,,,,Dark]Indeedee||ChoiceScarf|PsychicSurge|ExpandingForce,TeraBlast,Trick,Protect|||M|||50|,,,,,Psychic]Volcarona||SitrusBerry|FlameBody|Overheat,StruggleBug,RagePowder,Tailwind|||F|||50|,,,,,Grass]Ursaluna-Bloodmoon||LifeOrb|MindsEye|BloodMoon,HyperVoice,EarthPower,Protect|||M|||50|,,,,,Normal]Annihilape||SafetyGoggles|Defiant|CloseCombat,RageFist,Taunt,FinalGambit|||F|||50|,,,,,Fairy]Tyranitar||AssaultVest|SandStream|RockSlide,KnockOff,TeraBlast,LowKick|||M|||50|,,,,,Flying
|inactive|Battle timer is ON: inactive players will automatically lose when time's up. (requested by NopeGetUSOut)
|j| teamthief420
|
|t:|1757044474
|teamsize|p1|4
|teamsize|p2|4
|start
|switch|p1a: Milwaukee|Gholdengo, L50|100/100
|switch|p1b: Albuquerque|Amoonguss, L50, M|100/100
|switch|p2a: Tyranitar|Tyranitar, L50, M|100/100
|switch|p2b: Annihilape|Annihilape, L50, F|100/100
|-weather|Sandstorm|[from] ability: Sand Stream|[of] p2a: Tyranitar
|turn|1
|
|t:|1757044486
|move|p1b: Albuquerque|Rage Powder|p1b: Albuquerque
|-singleturn|p1b: Albuquerque|move: Rage Powder
|move|p2b: Annihilape|Taunt|p1b: Albuquerque
|-start|p1b: Albuquerque|move: Taunt
|move|p1a: Milwaukee|Nasty Plot|p1a: Milwaukee
|-boost|p1a: Milwaukee|spa|2
|move|p2a: Tyranitar|Knock Off|p1b: Albuquerque
|-damage|p1b: Albuquerque|47/100
|-enditem|p1b: Albuquerque|Covert Cloak|[from] move: Knock Off|[of] p2a: Tyranitar
|
|-weather|Sandstorm|[upkeep]
|-damage|p1b: Albuquerque|41/100|[from] Sandstorm
|upkeep
|turn|2
|inactive|dogggybears has 30 seconds left.
|inactive|dogggybears has 20 seconds left.
|
|t:|1757044523
|switch|p1b: Sacramento|Ursaluna, L50, M|100/100
|-terastallize|p1a: Milwaukee|Water
|move|p2b: Annihilape|Close Combat|p1a: Milwaukee
|-damage|p1a: Milwaukee|48/100
|-unboost|p2b: Annihilape|def|1
|-unboost|p2b: Annihilape|spd|1
|move|p1a: Milwaukee|Make It Rain|p2b: Annihilape|[spread] p2a,p2b
|-supereffective|p2a: Tyranitar
|-damage|p2a: Tyranitar|5/100
|-damage|p2b: Annihilape|0 fnt
|-unboost|p1a: Milwaukee|spa|1
|faint|p2b: Annihilape
|move|p2a: Tyranitar|Knock Off|p1a: Milwaukee
|-damage|p1a: Milwaukee|0 fnt
|-enditem|p1a: Milwaukee|Iron Plate|[from] move: Knock Off|[of] p2a: Tyranitar
|faint|p1a: Milwaukee
|
|-weather|Sandstorm|[upkeep]
|-status|p1b: Sacramento|brn|[from] item: Flame Orb
|upkeep
|
|t:|1757044541
|switch|p2b: Indeedee|Indeedee, L50, M|100/100
|switch|p1a: Albuquerque|Amoonguss, L50, M|74/100
|-fieldstart|move: Psychic Terrain|[from] ability: Psychic Surge|[of] p2b: Indeedee
|turn|3
|
|t:|1757044558
|-terastallize|p2b: Indeedee|Psychic
|move|p1a: Albuquerque|Rage Powder|p1a: Albuquerque
|-singleturn|p1a: Albuquerque|move: Rage Powder
|move|p2b: Indeedee|Expanding Force|p1a: Albuquerque|[spread] p1a,p1b
|-supereffective|p1a: Albuquerque
|-damage|p1a: Albuquerque|0 fnt
|-damage|p1b: Sacramento|23/100 brn
|faint|p1a: Albuquerque
|move|p2a: Tyranitar|Low Kick|p1b: Sacramento
|-supereffective|p1b: Sacramento
|-damage|p1b: Sacramento|0 fnt
|faint|p1b: Sacramento
|
|-weather|Sandstorm|[upkeep]
|-damage|p2b: Indeedee|95/100|[from] Sandstorm
|upkeep
|
|t:|1757044570
|switch|p1b: D.C.|Incineroar, L50, M|100/100
|-ability|p1b: D.C.|Intimidate|boost
|-unboost|p2a: Tyranitar|atk|1
|-unboost|p2b: Indeedee|atk|1
|turn|4
|
|t:|1757044582
|switch|p2b: Sneasler|Sneasler, L50, M|100/100
|-enditem|p2b: Sneasler|Psychic Seed
|-boost|p2b: Sneasler|spd|1|[from] item: Psychic Seed
|move|p1b: D.C.|Knock Off|p2a: Tyranitar
|-resisted|p2a: Tyranitar
|-damage|p2a: Tyranitar|0 fnt
|-enditem|p2a: Tyranitar|Assault Vest|[from] move: Knock Off|[of] p1b: D.C.
|faint|p2a: Tyranitar
|
|-weather|Sandstorm|[upkeep]
|-damage|p2b: Sneasler|95/100|[from] Sandstorm
|-damage|p1b: D.C.|94/100|[from] Sandstorm
|upkeep
|
|t:|1757044583
|switch|p2a: Indeedee|Indeedee, L50, M, tera:Psychic|95/100
|turn|5
|
|t:|1757044596
|move|p2b: Sneasler|Close Combat|p1b: D.C.
|-supereffective|p1b: D.C.
|-damage|p1b: D.C.|0 fnt
|-unboost|p2b: Sneasler|def|1
|-unboost|p2b: Sneasler|spd|1
|faint|p1b: D.C.
|
|win|dogggybears
|raw|NopeGetUSOut's rating: 1227 → 1204(-23 for losing)
|raw|dogggybears's rating: 1249 → 1272(+23 for winning)
|l|☆NopeGetUSOut
|player|p1|
|l| teamthief420
|l|☆dogggybears
|player|p2|
|j|☆dogggybears
|player|p2|dogggybears|roxie|
