|j|☆lettitripppp
|j|☆sassyblackpegasus
|html|lettitrippppsassyblackpegasus    
|uhtml|bestof|Game 2 of a best-of-3
|t:|1785014984
|gametype|doubles
|player|p1|lettitripppp|lucas|1187
|player|p2|sassyblackpegasus|cynthia|1043
|gen|9
|tier|[Gen 9 Champions] VGC 2026 Reg M-B (Bo3)
|rated|
|rule|Species Clause: Limit one of each Pokémon
|rule|Item Clause: Limit 1 of each item
|clearpoke
|poke|p1|Aerodactyl, L50, F|
|poke|p1|Charizard, L50, M|
|poke|p1|Farigiraf, L50, M|
|poke|p1|Garchomp, L50, F|
|poke|p1|Sylveon, L50, M|
|poke|p1|Kingambit, L50, M|
|poke|p2|Garchomp, L50, F|
|poke|p2|Milotic, L50, F|
|poke|p2|Roserade, L50, M|
|poke|p2|Lucario, L50, M|
|poke|p2|Spiritomb, L50, F|
|poke|p2|Glaceon, L50, M|
|teampreview|4
|showteam|p1|Aerodactyl||Aerodactylite|Unnerve|DualWingbeat,RockSlide,Tailwind,IceFang|Jolly||F|||50|]Charizard||CharizarditeY|Blaze|WeatherBall,SolarBeam,HeatWave,Protect|Modest||M|||50|]Farigiraf||SitrusBerry|ArmorTail|Thunderbolt,TrickRoom,TwinBeam,Roar|Calm||M|||50|]Garchomp||LifeOrb|RoughSkin|StompingTantrum,DragonClaw,Earthquake,Protect|Jolly||F|||50|]Sylveon||FairyFeather|Pixilate|QuickAttack,HyperBeam,HyperVoice,Detect|Modest||M|||50|]Kingambit||FocusSash|Defiant|KowtowCleave,SuckerPunch,IronHead,LowKick|Adamant||M|||50|
|showteam|p2|Garchomp||YacheBerry|RoughSkin|ScaleShot,StealthRock,Earthquake,Protect|Jolly||F|||50|]Milotic||SitrusBerry|Competitive|IceBeam,AlluringVoice,Recover,MuddyWater|Modest||F|||50|]Roserade|||Technician|BulletSeed,SludgeBomb,WeatherBall,Protect|Hasty||M|||50|]Lucario||Lucarionite|InnerFocus|AuraSphere,ExtremeSpeed,MeteorMash,CloseCombat|Hasty||M|||50|]Spiritomb||Leftovers|Infiltrator|DestinyBond,SuckerPunch,WillOWisp,ShadowSneak|Careful||F|||50|]Glaceon||ZoomLens|SnowCloak|Snowscape,Blizzard,Protect,CalmMind|Bold||M|||50|
|inactive|Battle timer is ON: inactive players will automatically lose when time's up. (requested by lettitripppp)
|
|t:|1785015007
|teamsize|p1|4
|teamsize|p2|4
|start
|switch|p1a: DEADWING|Aerodactyl, L50, F|100/100
|switch|p1b: AGNI|Charizard, L50, M|100/100
|switch|p2a: Lucario|Lucario, L50, M|100/100
|switch|p2b: Spiritomb|Spiritomb, L50, F|100/100
|-ability|p1a: DEADWING|Unnerve
|turn|1
|
|t:|1785015028
|detailschange|p1b: AGNI|Charizard-Mega-Y, L50, M
|-mega|p1b: AGNI|Charizard|Charizardite Y
|-weather|SunnyDay|[from] ability: Drought|[of] p1b: AGNI
|move|p2a: Lucario|Extreme Speed|p1b: AGNI
|-damage|p1b: AGNI|75/100
|move|p1a: DEADWING|Tailwind|p1a: DEADWING
|-sidestart|p1: lettitripppp|move: Tailwind
|move|p1b: AGNI|Weather Ball|p2a: Lucario
|-supereffective|p2a: Lucario|1
|-crit|p2a: Lucario
|-damage|p2a: Lucario|0 fnt
|faint|p2a: Lucario
|move|p2b: Spiritomb|Will-O-Wisp|p1a: DEADWING
|-status|p1a: DEADWING|brn
|
|-weather|SunnyDay|[upkeep]
|-damage|p1a: DEADWING|93/100 brn|[from] brn
|upkeep
|
|t:|1785015049
|switch|p2a: Milotic|Milotic, L50, F|100/100
|turn|2
|
|t:|1785015057
|switch|p1a: CRUSH SHARK|Garchomp, L50, F|100/100
|move|p1b: AGNI|Solar Beam||[still]
|-prepare|p1b: AGNI|Solar Beam
|-anim|p1b: AGNI|Solar Beam|p2a: Milotic
|-supereffective|p2a: Milotic|1
|-damage|p2a: Milotic|31/100
|-enditem|p2a: Milotic|Sitrus Berry|[eat]
|-heal|p2a: Milotic|56/100|[from] item: Sitrus Berry
|move|p2a: Milotic|Muddy Water|p1a: CRUSH SHARK|[spread] p1a,p1b
|-supereffective|p1b: AGNI|1
|-damage|p1a: CRUSH SHARK|82/100
|-damage|p1b: AGNI|47/100
|-unboost|p1b: AGNI|accuracy|1
|move|p2b: Spiritomb|Destiny Bond|p2b: Spiritomb
|-singlemove|p2b: Spiritomb|Destiny Bond
|
|-weather|SunnyDay|[upkeep]
|upkeep
|turn|3
|
|t:|1785015079
|switch|p1b: DEADWING|Aerodactyl, L50, F|93/100 brn
|-ability|p1b: DEADWING|Unnerve
|move|p1a: CRUSH SHARK|Protect|p1a: CRUSH SHARK
|-singleturn|p1a: CRUSH SHARK|Protect
|move|p2b: Spiritomb|Shadow Sneak|p1b: DEADWING
|-crit|p1b: DEADWING
|-damage|p1b: DEADWING|67/100 brn
|move|p2a: Milotic|Ice Beam|p1a: CRUSH SHARK
|-activate|p1a: CRUSH SHARK|move: Protect
|
|-weather|SunnyDay|[upkeep]
|-damage|p1b: DEADWING|61/100 brn|[from] brn
|upkeep
|turn|4
|inactive|lettitripppp has 30 seconds left.
|
|t:|1785015105
|switch|p1a: AGNI|Charizard-Mega-Y, L50, M|47/100
|move|p2b: Spiritomb|Sucker Punch||[still]
|-fail|p2b: Spiritomb
|move|p1b: DEADWING|Rock Slide|p2a: Milotic|[spread] p2a,p2b
|-damage|p2a: Milotic|44/100
|-damage|p2b: Spiritomb|89/100
|move|p2a: Milotic|Muddy Water|p1a: AGNI|[spread] p1a,p1b
|-supereffective|p1a: AGNI|1
|-supereffective|p1b: DEADWING|1
|-damage|p1a: AGNI|22/100
|-damage|p1b: DEADWING|23/100 brn
|
|-weather|SunnyDay|[upkeep]
|-heal|p2b: Spiritomb|95/100|[from] item: Leftovers
|-damage|p1b: DEADWING|17/100 brn|[from] brn
|-sideend|p1: lettitripppp|move: Tailwind
|upkeep
|turn|5
|
|t:|1785015127
|switch|p1a: CRUSH SHARK|Garchomp, L50, F|82/100
|move|p2b: Spiritomb|Sucker Punch||[still]
|-fail|p2b: Spiritomb
|move|p1b: DEADWING|Tailwind|p1b: DEADWING
|-sidestart|p1: lettitripppp|move: Tailwind
|move|p2a: Milotic|Muddy Water|p1a: CRUSH SHARK|[spread] p1a,p1b
|-supereffective|p1b: DEADWING|1
|-damage|p1a: CRUSH SHARK|65/100
|-damage|p1b: DEADWING|0 fnt
|-unboost|p1a: CRUSH SHARK|accuracy|1
|faint|p1b: DEADWING
|
|-weather|none
|-heal|p2b: Spiritomb|100/100|[from] item: Leftovers
|upkeep
|
|t:|1785015136
|switch|p1b: AGNI|Charizard-Mega-Y, L50, M|22/100
|-weather|SunnyDay|[from] ability: Drought|[of] p1b: AGNI
|turn|6
|
|t:|1785015145
|switch|p1a: PIKU BEAM|Sylveon, L50, M|100/100
|move|p1b: AGNI|Protect|p1b: AGNI
|-singleturn|p1b: AGNI|Protect
|move|p2b: Spiritomb|Sucker Punch||[still]
|-fail|p2b: Spiritomb
|move|p2a: Milotic|Muddy Water|p1b: AGNI|[spread] p1a
|-activate|p1b: AGNI|move: Protect
|-damage|p1a: PIKU BEAM|88/100
|
|-weather|SunnyDay|[upkeep]
|upkeep
|turn|7
|
|t:|1785015154
|move|p1b: AGNI|Heat Wave|p2a: Milotic|[spread] 
|-miss|p1b: AGNI|p2a: Milotic
|-miss|p1b: AGNI|p2b: Spiritomb
|move|p1a: PIKU BEAM|Hyper Voice|p2b: Spiritomb|[spread] p2a,p2b
|-supereffective|p2b: Spiritomb|1
|-damage|p2a: Milotic|9/100
|-damage|p2b: Spiritomb|27/100
|move|p2a: Milotic|Muddy Water|p1b: AGNI|[spread] p1a,p1b
|-supereffective|p1b: AGNI|1
|-damage|p1a: PIKU BEAM|77/100
|-damage|p1b: AGNI|0 fnt
|faint|p1b: AGNI
|move|p2b: Spiritomb|Destiny Bond|p2b: Spiritomb
|-singlemove|p2b: Spiritomb|Destiny Bond
|
|-weather|SunnyDay|[upkeep]
|-heal|p2b: Spiritomb|33/100|[from] item: Leftovers
|upkeep
|
|t:|1785015160
|switch|p1b: CRUSH SHARK|Garchomp, L50, F|65/100
|turn|8
|
|t:|1785015174
|move|p1a: PIKU BEAM|Quick Attack|p2a: Milotic
|-damage|p2a: Milotic|0 fnt
|faint|p2a: Milotic
|move|p2b: Spiritomb|Sucker Punch|p1b: CRUSH SHARK
|-damage|p1b: CRUSH SHARK|43/100
|-damage|p2b: Spiritomb|21/100|[from] ability: Rough Skin|[of] p1b: CRUSH SHARK
|move|p1b: CRUSH SHARK|Dragon Claw|p2b: Spiritomb
|-crit|p2b: Spiritomb
|-damage|p2b: Spiritomb|0 fnt
|faint|p2b: Spiritomb
|-damage|p1b: CRUSH SHARK|33/100|[from] item: Life Orb
|
|-weather|SunnyDay|[upkeep]
|-sideend|p1: lettitripppp|move: Tailwind
|upkeep
|
|t:|1785015188
|switch|p2b: Glaceon|Glaceon, L50, M|100/100
|turn|9
|
|t:|1785015198
|move|p1b: CRUSH SHARK|Dragon Claw|p2b: Glaceon
|-damage|p2b: Glaceon|63/100
|-damage|p1b: CRUSH SHARK|23/100|[from] item: Life Orb
|move|p1a: PIKU BEAM|Hyper Beam|p2b: Glaceon|[miss]
|-miss|p1a: PIKU BEAM|p2b: Glaceon
|move|p2b: Glaceon|Snowscape|p2b: Glaceon
|-weather|Snowscape
|
|-weather|Snowscape|[upkeep]
|upkeep
|turn|10
|
|t:|1785015208
|move|p1b: CRUSH SHARK|Dragon Claw|p2b: Glaceon
|-damage|p2b: Glaceon|36/100
|-damage|p1b: CRUSH SHARK|14/100|[from] item: Life Orb
|move|p1a: PIKU BEAM|Hyper Beam|p2b: Glaceon
|-damage|p2b: Glaceon|0 fnt
|-mustrecharge|p1a: PIKU BEAM
|faint|p2b: Glaceon
|
|win|lettitripppp
|raw|lettitripppp's rating: 1187 → 1202(+15 for winning)
|raw|sassyblackpegasus's rating: 1043 → 1033(-10 for losing)
|l|☆sassyblackpegasus
|player|p2|
