|j|☆zukachi
|j|☆WowieKazowee
|html|zukachiWowieKazowee    
|uhtml|bestof|Game 2 of a best-of-3
|t:|1757161372
|gametype|doubles
|player|p1|zukachi|2|1000
|player|p2|WowieKazowee|idol|1066
|gen|9
|tier|[Gen 9] VGC 2025 Reg H (Bo3)
|rated|
|rule|Species Clause: Limit one of each Pokémon
|rule|Item Clause: Limit 1 of each item
|clearpoke
|poke|p1|Crabominable, L50, F|
|poke|p1|Porygon2, L50|
|poke|p1|Indeedee-F, L50, F|
|poke|p1|Ursaluna, L50, M|
|poke|p1|Basculegion, L50, M|
|poke|p1|Pelipper, L50, F|
|poke|p2|Incineroar, L50, F|
|poke|p2|Rillaboom, L50, M|
|poke|p2|Sneasler, L50, F|
|poke|p2|Gholdengo, L50|
|poke|p2|Electabuzz, L50, F|
|poke|p2|Ninetales-Alola, L50, F|
|teampreview|4
|showteam|p1|Crabominable||ChoiceBand|HyperCutter|IceHammer,CloseCombat,Liquidation,Earthquake|||F|||50|,,,,,Fire]Porygon2||Eviolite|Download|TrickRoom,TeraBlast,IceBeam,Recover||||||50|,,,,,Flying]Indeedee-F||SafetyGoggles|PsychicSurge|TrickRoom,FollowMe,HealPulse,Psychic|||F|||50|,,,,,Dark]Ursaluna||FlameOrb|Guts|Facade,HeadlongRush,Earthquake,Protect|||M|||50|,,,,,Ghost]Basculegion||ChoiceScarf|Adaptability|AquaJet,FlipTurn,LastRespects,WaveCrash|||M|||50|,,,,,Water]Pelipper||FocusSash|Drizzle|Tailwind,WideGuard,Hurricane,HelpingHand|||F|||50|,,,,,Ghost
|showteam|p2|Incineroar||SafetyGoggles|Intimidate|FakeOut,FlareBlitz,KnockOff,PartingShot|||F|||50|,,,,,Water]Rillaboom||AssaultVest|GrassySurge|WoodHammer,GrassyGlide,FakeOut,Uturn|||M|||50|,,,,,Fire]Sneasler||GrassySeed|Unburden|CloseCombat,DireClaw,FakeOut,Protect|||F|||50|,,,,,Flying]Gholdengo||LifeOrb|GoodasGold|MakeItRain,ShadowBall,NastyPlot,Protect||||||50|,,,,,Steel]Electabuzz||Eviolite|VitalSpirit|Electroweb,VoltSwitch,FollowMe,Protect|||F|||50|,,,,,Bug]Ninetales-Alola||LightClay|SnowWarning|FreezeDry,AuroraVeil,Encore,Protect|||F|||50|,,,,,Water
|inactive|Battle timer is ON: inactive players will automatically lose when time's up. (requested by zukachi)
|inactive|zukachi has 60 seconds left.
|
|t:|1757161409
|teamsize|p1|4
|teamsize|p2|4
|start
|switch|p1a: Basculegion|Basculegion, L50, M|100/100
|switch|p1b: Indeedee|Indeedee-F, L50, F|100/100
|switch|p2a: Rillaboom|Rillaboom, L50, M|100/100
|switch|p2b: Sneasler|Sneasler, L50, F|100/100
|-fieldstart|move: Grassy Terrain|[from] ability: Grassy Surge|[of] p2a: Rillaboom
|-enditem|p2b: Sneasler|Grassy Seed
|-boost|p2b: Sneasler|def|1|[from] item: Grassy Seed
|-fieldstart|move: Psychic Terrain|[from] ability: Psychic Surge|[of] p1b: Indeedee
|turn|1
|inactive|zukachi has 30 seconds left.
|inactive|zukachi has 20 seconds left.
|
|t:|1757161445
|move|p2b: Sneasler|Dire Claw|p1b: Indeedee
|-damage|p1b: Indeedee|56/100
|-status|p1b: Indeedee|slp
|move|p1a: Basculegion|Flip Turn|p2b: Sneasler
|-damage|p2b: Sneasler|51/100
|
|t:|1757161454
|switch|p1a: Pelipper|Pelipper, L50, F|100/100|[from] Flip Turn
|-weather|RainDance|[from] ability: Drizzle|[of] p1a: Pelipper
|move|p2a: Rillaboom|U-turn|p1b: Indeedee
|-supereffective|p1b: Indeedee
|-damage|p1b: Indeedee|3/100 slp
|
|t:|1757161462
|switch|p2a: Ninetales|Ninetales-Alola, L50, F|100/100|[from] U-turn
|-weather|Snowscape|[from] ability: Snow Warning|[of] p2a: Ninetales
|cant|p1b: Indeedee|slp
|
|-weather|Snowscape|[upkeep]
|upkeep
|turn|2
|
|t:|1757161485
|move|p2b: Sneasler|Dire Claw|p1a: Pelipper
|-damage|p1a: Pelipper|42/100
|move|p2a: Ninetales|Freeze-Dry|p1a: Pelipper
|-supereffective|p1a: Pelipper
|-damage|p1a: Pelipper|0 fnt
|faint|p1a: Pelipper
|cant|p1b: Indeedee|slp
|
|-weather|Snowscape|[upkeep]
|upkeep
|
|t:|1757161497
|switch|p1a: Basculegion|Basculegion, L50, M|100/100
|turn|3
|
|t:|1757161522
|cant|p1b: Indeedee|slp
|move|p2b: Sneasler|Dire Claw|p1b: Indeedee
|-damage|p1b: Indeedee|0 fnt
|faint|p1b: Indeedee
|move|p1a: Basculegion|Flip Turn|p2b: Sneasler
|-damage|p2b: Sneasler|5/100
|
|t:|1757161530
|switch|p1a: Crabominable|Crabominable, L50, F, shiny|100/100|[from] Flip Turn
|move|p2a: Ninetales|Aurora Veil|p2a: Ninetales
|-sidestart|p2: WowieKazowee|move: Aurora Veil
|
|-weather|Snowscape|[upkeep]
|upkeep
|
|t:|1757161537
|switch|p1b: Basculegion|Basculegion, L50, M|100/100
|turn|4
|inactive|zukachi has 30 seconds left.
|inactive|zukachi has 20 seconds left.
|inactive|zukachi has 15 seconds left.
|inactive|zukachi has 10 seconds left.
|inactive|zukachi has 5 seconds left.
|
|t:|1757161591
|-terastallize|p1b: Basculegion|Water
|move|p2b: Sneasler|Close Combat|p1a: Crabominable
|-supereffective|p1a: Crabominable
|-damage|p1a: Crabominable|10/100
|-unboost|p2b: Sneasler|def|1
|-unboost|p2b: Sneasler|spd|1
|move|p1b: Basculegion|Wave Crash|p2a: Ninetales
|-damage|p2a: Ninetales|51/100
|-damage|p1b: Basculegion|86/100|[from] Recoil
|move|p2a: Ninetales|Freeze-Dry|p1b: Basculegion
|-supereffective|p1b: Basculegion
|-damage|p1b: Basculegion|40/100
|move|p1a: Crabominable|Ice Hammer|p2b: Sneasler
|-damage|p2b: Sneasler|0 fnt
|-unboost|p1a: Crabominable|spe|1
|faint|p2b: Sneasler
|
|-weather|Snowscape|[upkeep]
|upkeep
|
|t:|1757161608
|switch|p2b: Incineroar|Incineroar, L50, F|100/100
|-ability|p2b: Incineroar|Intimidate|boost
|-fail|p1a: Crabominable|unboost|Attack|[from] ability: Hyper Cutter|[of] p1a: Crabominable
|-unboost|p1b: Basculegion|atk|1
|turn|5
|
|t:|1757161620
|-terastallize|p2b: Incineroar|Water
|move|p2b: Incineroar|Fake Out|p1a: Crabominable
|-activate|p1a: Crabominable|move: Psychic Terrain
|move|p1b: Basculegion|Wave Crash|p2b: Incineroar
|-resisted|p2b: Incineroar
|-damage|p2b: Incineroar|84/100
|-damage|p1b: Basculegion|34/100|[from] Recoil
|move|p2a: Ninetales|Freeze-Dry|p1b: Basculegion
|-supereffective|p1b: Basculegion
|-damage|p1b: Basculegion|0 fnt
|faint|p1b: Basculegion
|move|p1a: Crabominable|Ice Hammer|p2a: Ninetales
|-resisted|p2a: Ninetales
|-damage|p2a: Ninetales|26/100
|-unboost|p1a: Crabominable|spe|1
|
|-weather|none
|-fieldend|move: Psychic Terrain
|upkeep
|turn|6
|
|t:|1757161636
|move|p2a: Ninetales|Freeze-Dry|p1a: Crabominable
|-resisted|p1a: Crabominable
|-damage|p1a: Crabominable|0 fnt
|faint|p1a: Crabominable
|
|win|WowieKazowee
|raw|zukachi's rating: 1000 → 1000(+0 for losing)
|raw|WowieKazowee's rating: 1066 → 1090(+24 for winning)
|l|☆zukachi
|player|p1|
