|j|☆swooshcel
|j|☆Van (Dream)
|html|swooshcelVan (Dream)    
|uhtml|bestof|Game 2 of a best-of-3
|t:|1785990735
|gametype|doubles
|player|p1|swooshcel|1|
|player|p2|Van (Dream)|li|
|gen|9
|tier|[Gen 9 Champions] VGC 2026 Reg M-B (Bo3)
|rule|Species Clause: Limit one of each Pokémon
|rule|Item Clause: Limit 1 of each item
|clearpoke
|poke|p1|Sinistcha-Masterpiece, L50|
|poke|p1|Basculegion, L50, M|
|poke|p1|Corviknight, L50, F|
|poke|p1|Glimmora, L50, F|
|poke|p1|Aurorus, L50, M|
|poke|p1|Froslass, L50, F|
|poke|p2|Politoed, L50, F|
|poke|p2|Swampert, L50, M|
|poke|p2|Archaludon, L50, M|
|poke|p2|Gholdengo, L50|
|poke|p2|Scrafty, L50, M|
|poke|p2|Garganacl, L50, M|
|teampreview|4
|showteam|p1|Sinistcha-Masterpiece||SitrusBerry|Hospitality|MatchaGotcha,CalmMind,ShadowBall,RagePowder|Calm|||||50|]Basculegion||LifeOrb|SwiftSwim|PsychicFangs,WaveCrash,LastRespects,FlipTurn|Jolly||M|||50|]Corviknight||FocusSash|Pressure|BraveBird,BodyPress,Tailwind,IronDefense|Impish||F|||50|]Glimmora||Glimmoranite|ToxicDebris|PowerGem,Protect,SludgeWave,MudShot|Modest||F|||50|]Aurorus||LightClay|SnowWarning|AuroraVeil,Blizzard,FlashCannon,Earthquake|Brave||M|||50|]Froslass||Froslassite|SnowCloak|Blizzard,Protect,NastyPlot,ShadowBall|Modest||F|||50|
|showteam|p2|Politoed||WacanBerry|Drizzle|WeatherBall,IcyWind,HelpingHand,Protect|Bold||F|||50|]Swampert||Swampertite|Damp|Waterfall,Earthquake,IcePunch,Protect|Adamant||M|||50|]Archaludon||SitrusBerry|Stamina|ElectroShot,FlashCannon,DragonPulse,Protect|Modest||M|||50|]Gholdengo||LifeOrb|GoodasGold|MakeItRain,ShadowBall,Thunderbolt,Protect|Modest|||||50|]Scrafty||MentalHerb|Intimidate|FakeOut,CloseCombat,KnockOff,Taunt|Careful||M|||50|]Garganacl||Leftovers|PurifyingSalt|SaltCure,Recover,WideGuard,Protect|Careful||M|||50|
|
|t:|1785990813
|teamsize|p1|4
|teamsize|p2|4
|start
|switch|p1a: tailwind slave|Corviknight, L50, F|100/100
|switch|p1b: jarona|Sinistcha-Masterpiece, L50|100/100
|switch|p2a: Scrafty|Scrafty, L50, M|100/100
|switch|p2b: Gholdengo|Gholdengo, L50|100/100
|-ability|p1a: tailwind slave|Pressure
|-ability|p2a: Scrafty|Intimidate|boost
|-unboost|p1a: tailwind slave|atk|1
|-unboost|p1b: jarona|atk|1
|turn|1
|
|t:|1785990830
|switch|p1b: aurora veil slave|Aurorus, L50, M|100/100
|-weather|Snowscape|[from] ability: Snow Warning|[of] p1b: aurora veil slave
|move|p2a: Scrafty|Fake Out|p1a: tailwind slave
|-resisted|p1a: tailwind slave|1
|-damage|p1a: tailwind slave|96/100
|move|p2b: Gholdengo|Shadow Ball|p1b: aurora veil slave
|-damage|p1b: aurora veil slave|57/100
|-damage|p2b: Gholdengo|90/100|[from] item: Life Orb
|cant|p1a: tailwind slave|flinch
|
|-weather|Snowscape|[upkeep]
|upkeep
|turn|2
|
|t:|1785990865
|move|p2b: Gholdengo|Make It Rain|p1b: aurora veil slave|[spread] p1a,p1b
|-resisted|p1a: tailwind slave|1
|-supereffective|p1b: aurora veil slave|2
|-damage|p1a: tailwind slave|64/100
|-damage|p1b: aurora veil slave|0 fnt
|-unboost|p2b: Gholdengo|spa|2
|faint|p1b: aurora veil slave
|-damage|p2b: Gholdengo|80/100|[from] item: Life Orb
|move|p1a: tailwind slave|Iron Defense|p1a: tailwind slave
|-boost|p1a: tailwind slave|def|2
|move|p2a: Scrafty|Close Combat|p1a: tailwind slave
|-damage|p1a: tailwind slave|48/100
|-unboost|p2a: Scrafty|def|1
|-unboost|p2a: Scrafty|spd|1
|
|-weather|Snowscape|[upkeep]
|upkeep
|
|t:|1785990880
|switch|p1b: jarona|Sinistcha-Masterpiece, L50|100/100
|-heal|p1a: tailwind slave|73/100|[from] ability: Hospitality|[of] p1b: jarona
|turn|3
|
|t:|1785990915
|switch|p2b: Politoed|Politoed, L50, F|100/100
|-weather|RainDance|[from] ability: Drizzle|[of] p2b: Politoed
|move|p1b: jarona|Calm Mind|p1b: jarona
|-boost|p1b: jarona|spa|1
|-boost|p1b: jarona|spd|1
|move|p1a: tailwind slave|Body Press|p2a: Scrafty
|-supereffective|p2a: Scrafty|1
|-damage|p2a: Scrafty|0 fnt
|faint|p2a: Scrafty
|
|-weather|RainDance|[upkeep]
|upkeep
|
|t:|1785990923
|switch|p2a: Archaludon|Archaludon, L50, M|100/100
|turn|4
|
|t:|1785990933
|move|p2a: Archaludon|Electro Shot||[still]
|-prepare|p2a: Archaludon|Electro Shot
|-boost|p2a: Archaludon|spa|1
|-anim|p2a: Archaludon|Electro Shot|p1a: tailwind slave
|-supereffective|p1a: tailwind slave|1
|-damage|p1a: tailwind slave|0 fnt
|faint|p1a: tailwind slave
|move|p2b: Politoed|Icy Wind|p1b: jarona
|-supereffective|p1b: jarona|1
|-crit|p1b: jarona
|-damage|p1b: jarona|66/100
|-unboost|p1b: jarona|spe|1
|move|p1b: jarona|Calm Mind|p1b: jarona
|-boost|p1b: jarona|spa|1
|-boost|p1b: jarona|spd|1
|
|-weather|RainDance|[upkeep]
|upkeep
|
|t:|1785990946
|switch|p1a: rime shank|Froslass, L50, F|100/100
|turn|5
|
|t:|1785990957
|detailschange|p1a: rime shank|Froslass-Mega, L50, F
|-mega|p1a: rime shank|Froslass|Froslassite
|-weather|Snowscape|[from] ability: Snow Warning|[of] p1a: rime shank
|move|p2b: Politoed|Helping Hand|p2a: Archaludon
|-singleturn|p2a: Archaludon|Helping Hand|[of] p2b: Politoed
|move|p1b: jarona|Rage Powder|p1b: jarona
|-singleturn|p1b: jarona|move: Rage Powder
|move|p1a: rime shank|Nasty Plot|p1a: rime shank
|-boost|p1a: rime shank|spa|2
|move|p2a: Archaludon|Flash Cannon|p1b: jarona
|-damage|p1b: jarona|15/100
|-enditem|p1b: jarona|Sitrus Berry|[eat]
|-heal|p1b: jarona|39/100|[from] item: Sitrus Berry
|
|-weather|Snowscape|[upkeep]
|upkeep
|turn|6
|
|t:|1785990982
|switch|p2b: Gholdengo|Gholdengo, L50|80/100
|move|p2a: Archaludon|Protect|p2a: Archaludon
|-singleturn|p2a: Archaludon|Protect
|move|p1a: rime shank|Blizzard|p2b: Gholdengo|[spread] p2b
|-activate|p2a: Archaludon|move: Protect
|-resisted|p2b: Gholdengo|1
|-damage|p2b: Gholdengo|24/100
|move|p1b: jarona|Matcha Gotcha|p2a: Archaludon|[spread] p2b
|-activate|p2a: Archaludon|move: Protect
|-resisted|p2b: Gholdengo|1
|-damage|p2b: Gholdengo|0 fnt
|-heal|p1b: jarona|52/100|[from] drain|[of] p2b: Gholdengo
|faint|p2b: Gholdengo
|
|-weather|Snowscape|[upkeep]
|upkeep
|
|t:|1785990994
|switch|p2b: Politoed|Politoed, L50, F|100/100
|-weather|RainDance|[from] ability: Drizzle|[of] p2b: Politoed
|turn|7
|
|t:|1785991063
|move|p2b: Politoed|Helping Hand|p2a: Archaludon
|-singleturn|p2a: Archaludon|Helping Hand|[of] p2b: Politoed
|move|p1a: rime shank|Blizzard|p2b: Politoed|[spread] p2b
|-miss|p1a: rime shank|p2a: Archaludon
|-resisted|p2b: Politoed|1
|-damage|p2b: Politoed|56/100
|move|p2a: Archaludon|Flash Cannon|p1a: rime shank
|-supereffective|p1a: rime shank|1
|-damage|p1a: rime shank|0 fnt
|faint|p1a: rime shank
|move|p1b: jarona|Matcha Gotcha|p2b: Politoed|[spread] p2a,p2b
|-resisted|p2a: Archaludon|2
|-supereffective|p2b: Politoed|1
|-damage|p2a: Archaludon|85/100
|-heal|p1b: jarona|60/100|[from] drain|[of] p2a: Archaludon
|-damage|p2b: Politoed|0 fnt
|-heal|p1b: jarona|89/100|[from] drain|[of] p2b: Politoed
|-ability|p2a: Archaludon|Stamina|boost
|-boost|p2a: Archaludon|def|1
|faint|p2b: Politoed
|
|-weather|RainDance|[upkeep]
|upkeep
|turn|8
|
|t:|1785991091
|move|p2a: Archaludon|Dragon Pulse|p1b: jarona
|-damage|p1b: jarona|56/100
|move|p1b: jarona|Shadow Ball|p2a: Archaludon
|-damage|p2a: Archaludon|8/100
|-ability|p2a: Archaludon|Stamina|boost
|-boost|p2a: Archaludon|def|1
|-enditem|p2a: Archaludon|Sitrus Berry|[eat]
|-heal|p2a: Archaludon|33/100|[from] item: Sitrus Berry
|
|-weather|RainDance|[upkeep]
|upkeep
|turn|9
|
|t:|1785991103
|move|p2a: Archaludon|Electro Shot||[still]
|-prepare|p2a: Archaludon|Electro Shot
|-boost|p2a: Archaludon|spa|1
|-anim|p2a: Archaludon|Electro Shot|p1b: jarona
|-resisted|p1b: jarona|1
|-damage|p1b: jarona|33/100
|move|p1b: jarona|Shadow Ball|p2a: Archaludon
|-damage|p2a: Archaludon|0 fnt
|faint|p2a: Archaludon
|
|win|swooshcel
