|j|☆duvansans48
|j|☆madaranxyz
|html|duvansans48madaranxyz    
|uhtml|bestof|Game 2 of a best-of-3
|t:|1784595495
|gametype|doubles
|player|p1|duvansans48|benga|
|player|p2|madaranxyz|dawn|
|gen|9
|tier|[Gen 9 Champions] VGC 2026 Reg M-B (Bo3)
|rule|Species Clause: Limit one of each Pokémon
|rule|Item Clause: Limit 1 of each item
|clearpoke
|poke|p1|Charizard, L50, M|
|poke|p1|Incineroar, L50, M|
|poke|p1|Whimsicott, L50, F|
|poke|p1|Oranguru, L50, M|
|poke|p1|Garchomp, L50, M, shiny|
|poke|p1|Annihilape, L50, M|
|poke|p2|Milotic, L50, F, shiny|
|poke|p2|Pelipper, L50, F|
|poke|p2|Archaludon, L50, M|
|poke|p2|Incineroar, L50, F|
|poke|p2|Sinistcha, L50|
|poke|p2|Garchomp, L50, F|
|teampreview|4
|showteam|p1|Charizard||CharizarditeY|SolarPower|HeatWave,SolarBeam,Protect,AirSlash|Modest||M|||50|]Incineroar||SitrusBerry|Intimidate|FakeOut,FlareBlitz,PartingShot,Taunt|Adamant||M|||50|]Whimsicott||FocusSash|Prankster|Tailwind,Encore,Protect,Moonblast|Timid||F|||50|]Oranguru||MentalHerb|Telepathy|TrickRoom,Yawn,Protect,Instruct|Sassy||M|||50|]Garchomp||Garchompite|RoughSkin|Earthquake,DragonClaw,Protect,RockSlide|Adamant||M|||50|]Annihilape||Leftovers|Defiant|RageFist,DrainPunch,Protect,BulkUp|Adamant||M|||50|
|showteam|p2|Milotic||Leftovers|Competitive|Scald,IcyWind,Recover,Protect|Modest||F|||50|]Pelipper||FocusSash|Drizzle|Hurricane,Tailwind,Surf,Protect|Modest||F|||50|]Archaludon||WhiteHerb|Stamina|ElectroShot,FlashCannon,DracoMeteor,Protect|Modest||M|||50|]Incineroar||SitrusBerry|Intimidate|FakeOut,FlareBlitz,DarkPulse,PartingShot|Adamant||F|||50|]Sinistcha||OccaBerry|Hospitality|MatchaGotcha,ShadowBall,RagePowder,Protect|Bold|||||50|]Garchomp||LifeOrb|RoughSkin|Earthquake,DragonClaw,IronHead,Protect|Jolly||F|||50|
|
|t:|1784595529
|teamsize|p1|4
|teamsize|p2|4
|start
|switch|p1a: Whimsicott|Whimsicott, L50, F|100/100
|switch|p1b: Garchomp|Garchomp, L50, M, shiny|100/100
|switch|p2a: Milotic|Milotic, L50, F, shiny|100/100
|switch|p2b: Archaludon|Archaludon, L50, M|100/100
|turn|1
|
|t:|1784595568
|move|p1b: Garchomp|Protect|p1b: Garchomp
|-singleturn|p1b: Garchomp|Protect
|move|p1a: Whimsicott|Tailwind|p1a: Whimsicott
|-sidestart|p1: duvansans48|move: Tailwind
|move|p2b: Archaludon|Flash Cannon|p1b: Garchomp
|-activate|p1b: Garchomp|move: Protect
|move|p2a: Milotic|Icy Wind|p1a: Whimsicott|[spread] p1a
|-activate|p1b: Garchomp|move: Protect
|-supereffective|p1a: Whimsicott|1
|-crit|p1a: Whimsicott
|-damage|p1a: Whimsicott|35/100
|-unboost|p1a: Whimsicott|spe|1
|
|upkeep
|turn|2
|
|t:|1784595598
|detailschange|p1b: Garchomp|Garchomp-Mega, L50, M, shiny
|-mega|p1b: Garchomp|Garchomp|Garchompite
|move|p1b: Garchomp|Dragon Claw|p2b: Archaludon
|-damage|p2b: Archaludon|58/100
|-ability|p2b: Archaludon|Stamina|boost
|-boost|p2b: Archaludon|def|1
|move|p1a: Whimsicott|Moonblast|p2b: Archaludon
|-damage|p2b: Archaludon|15/100
|-unboost|p2b: Archaludon|spa|1
|-ability|p2b: Archaludon|Stamina|boost
|-boost|p2b: Archaludon|def|1
|-enditem|p2b: Archaludon|White Herb
|-clearnegativeboost|p2b: Archaludon|[silent]
|move|p2b: Archaludon|Electro Shot||[still]
|-prepare|p2b: Archaludon|Electro Shot
|-boost|p2b: Archaludon|spa|1
|move|p2a: Milotic|Icy Wind|p1a: Whimsicott|[spread] p1a,p1b
|-supereffective|p1a: Whimsicott|1
|-supereffective|p1b: Garchomp|2
|-damage|p1a: Whimsicott|0 fnt
|-damage|p1b: Garchomp|43/100
|-unboost|p1b: Garchomp|spe|1
|faint|p1a: Whimsicott
|
|upkeep
|j| UI Rain
|
|t:|1784595618
|switch|p1a: Oranguru|Oranguru, L50, M|100/100
|turn|3
|
|t:|1784595646
|move|p1b: Garchomp|Earthquake|p2a: Milotic|[spread] p2a,p2b
|-activate|p1a: Oranguru|ability: Telepathy
|-supereffective|p2b: Archaludon|1
|-damage|p2a: Milotic|43/100
|-damage|p2b: Archaludon|0 fnt
|faint|p2b: Archaludon
|move|p1a: Oranguru|Yawn|p2a: Milotic
|-start|p2a: Milotic|move: Yawn|[of] p1a: Oranguru
|move|p2a: Milotic|Icy Wind|p1b: Garchomp|[spread] p1a,p1b
|-supereffective|p1b: Garchomp|2
|-damage|p1a: Oranguru|91/100
|-damage|p1b: Garchomp|0 fnt
|-unboost|p1a: Oranguru|spe|1
|faint|p1b: Garchomp
|
|-heal|p2a: Milotic|49/100|[from] item: Leftovers
|upkeep
|
|t:|1784595669
|switch|p1b: Annihilape|Annihilape, L50, M|100/100
|switch|p2b: Pelipper|Pelipper, L50, F|100/100
|-weather|RainDance|[from] ability: Drizzle|[of] p2b: Pelipper
|turn|4
|
|t:|1784595754
|move|p1b: Annihilape|Protect|p1b: Annihilape
|-singleturn|p1b: Annihilape|Protect
|move|p2b: Pelipper|Surf|p1a: Oranguru|[spread] p2a,p1a
|-activate|p1b: Annihilape|move: Protect
|-resisted|p2a: Milotic|1
|-damage|p2a: Milotic|32/100
|-damage|p1a: Oranguru|65/100
|move|p2a: Milotic|Icy Wind|p1a: Oranguru|[spread] p1a
|-activate|p1b: Annihilape|move: Protect
|-damage|p1a: Oranguru|57/100
|-unboost|p1a: Oranguru|spe|1
|move|p1a: Oranguru|Trick Room|p1a: Oranguru
|-fieldstart|move: Trick Room|[of] p1a: Oranguru
|
|-weather|RainDance|[upkeep]
|-heal|p2a: Milotic|38/100|[from] item: Leftovers
|-end|p2a: Milotic|move: Yawn|[silent]
|-status|p2a: Milotic|slp
|-sideend|p1: duvansans48|move: Tailwind
|upkeep
|turn|5
|
|t:|1784595783
|move|p1a: Oranguru|Instruct|p1b: Annihilape
|-singleturn|p1b: Annihilape|move: Instruct|[of] p1a: Oranguru
|move|p1b: Annihilape|Protect||[still]
|-fail|p1b: Annihilape
|cant|p2a: Milotic|slp
|move|p1b: Annihilape|Bulk Up|p1b: Annihilape
|-boost|p1b: Annihilape|atk|1
|-boost|p1b: Annihilape|def|1
|move|p2b: Pelipper|Hurricane|p1b: Annihilape
|-supereffective|p1b: Annihilape|1
|-damage|p1b: Annihilape|6/100
|
|-weather|RainDance|[upkeep]
|-heal|p2a: Milotic|44/100 slp|[from] item: Leftovers
|-heal|p1b: Annihilape|12/100|[from] item: Leftovers
|upkeep
|turn|6
|
|t:|1784595810
|move|p1a: Oranguru|Instruct|p1b: Annihilape
|-singleturn|p1b: Annihilape|move: Instruct|[of] p1a: Oranguru
|move|p1b: Annihilape|Bulk Up|p1b: Annihilape
|-boost|p1b: Annihilape|atk|1
|-boost|p1b: Annihilape|def|1
|-curestatus|p2a: Milotic|slp|[msg]
|move|p2a: Milotic|Icy Wind|p1a: Oranguru|[spread] p1a,p1b
|-damage|p1a: Oranguru|49/100
|-damage|p1b: Annihilape|1/100
|-unboost|p1a: Oranguru|spe|1
|-unboost|p1b: Annihilape|spe|1
|-ability|p1b: Annihilape|Defiant|boost
|-boost|p1b: Annihilape|atk|2
|move|p1b: Annihilape|Rage Fist|p2b: Pelipper
|-enditem|p2b: Pelipper|Focus Sash
|-damage|p2b: Pelipper|1/100
|move|p2b: Pelipper|Hurricane|p1b: Annihilape
|-supereffective|p1b: Annihilape|1
|-damage|p1b: Annihilape|0 fnt
|faint|p1b: Annihilape
|
|-weather|RainDance|[upkeep]
|-heal|p2a: Milotic|50/100y|[from] item: Leftovers
|upkeep
|turn|7
|
|t:|1784595848
|move|p1a: Oranguru|Yawn|p2b: Pelipper
|-start|p2b: Pelipper|move: Yawn|[of] p1a: Oranguru
|move|p2a: Milotic|Recover|p2a: Milotic
|-heal|p2a: Milotic|100/100
|move|p2b: Pelipper|Hurricane|p1a: Oranguru
|-damage|p1a: Oranguru|20/100y
|-start|p1a: Oranguru|confusion
|
|-weather|RainDance|[upkeep]
|upkeep
|turn|8
|
|t:|1784595917
|-activate|p1a: Oranguru|confusion
|move|p1a: Oranguru|Yawn|p2a: Milotic
|-start|p2a: Milotic|move: Yawn|[of] p1a: Oranguru
|move|p2a: Milotic|Scald|p1a: Oranguru
|-damage|p1a: Oranguru|0 fnt
|faint|p1a: Oranguru
|
|win|madaranxyz
||duvansans48 is ready for game 3.
|inactive|madaranxyz has 30 seconds to confirm battle start!
|inactive|madaranxyz has 20 seconds to confirm battle start!
|inactive|madaranxyz has 10 seconds to confirm battle start!
|uhtml|next|Next: Game 3 of 3
|l| UI Rain
