|j|☆realslim19
|j|☆Money03
|html|realslim19Money03    
|uhtml|bestof|Game 1 of a best-of-3
|t:|1757191087
|gametype|doubles
|player|p1|realslim19|richboy-gen4|1353
|player|p2|Money03|wattson|1309
|gen|9
|tier|[Gen 9] VGC 2025 Reg H (Bo3)
|rated|
|rule|Species Clause: Limit one of each Pokémon
|rule|Item Clause: Limit 1 of each item
|clearpoke
|poke|p1|Charizard, L50, F|
|poke|p1|Torkoal, L50, M|
|poke|p1|Porygon2, L50|
|poke|p1|Incineroar, L50, F|
|poke|p1|Jumpluff, L50, F|
|poke|p1|Ursaluna, L50, F|
|poke|p2|Arcanine-Hisui, L50, F|
|poke|p2|Rillaboom, L50, F|
|poke|p2|Dragonite, L50, M|
|poke|p2|Sneasler, L50, M|
|poke|p2|Ninetales-Alola, L50, F|
|poke|p2|Gholdengo, L50|
|teampreview|4
|showteam|p1|Charizard||ChoiceSpecs|SolarPower|HeatWave,Overheat,WeatherBall,AirSlash|||F|||50|,,,,,Ghost]Torkoal||EjectPack|Drought|Eruption,Overheat,HelpingHand,Protect|||M|||50|,,,,,Fire]Porygon2||Eviolite|Download|TeraBlast,IceBeam,Recover,TrickRoom||||||50|,,,,,Fighting]Incineroar||SitrusBerry|Intimidate|FlareBlitz,KnockOff,FakeOut,PartingShot|||F|||50|,,,,,Ghost]Jumpluff||CovertCloak|Chlorophyll|SleepPowder,SunnyDay,RagePowder,Tailwind|||F|||50|,,,,,Water]Ursaluna||FlameOrb|Guts|HeadlongRush,Facade,Earthquake,Protect|||F|||50|,,,,,Ghost
|showteam|p2|Arcanine-Hisui||ClearAmulet|Intimidate|FlareBlitz,RockSlide,ExtremeSpeed,Protect|||F|||50|,,,,,Water]Rillaboom||AssaultVest|GrassySurge|DrumBeating,GrassyGlide,HighHorsepower,FakeOut|||F|||50|,,,,,Fire]Dragonite||LoadedDice|Multiscale|ScaleShot,StompingTantrum,Tailwind,Protect|||M|||50|,,,,,Ground]Sneasler||WhiteHerb|Unburden|DireClaw,CloseCombat,Coaching,Protect|||M|||50|,,,,,Ghost]Ninetales-Alola||FocusSash|SnowWarning|Blizzard,Encore,IcyWind,AuroraVeil|||F|||50|,,,,,Ghost]Gholdengo||GrassySeed|GoodasGold|MakeItRain,ShadowBall,NastyPlot,Protect||||||50|,,,,,Water
|inactive|Battle timer is ON: inactive players will automatically lose when time's up. (requested by realslim19)
|inactive|realslim19 has 60 seconds left.
|inactive|Money03 has 60 seconds left.
|
|t:|1757191147
|teamsize|p1|4
|teamsize|p2|4
|start
|switch|p1a: Porygon2|Porygon2, L50|100/100
|switch|p1b: Incineroar|Incineroar, L50, F|100/100
|switch|p2a: Dragonite|Dragonite, L50, M|100/100
|switch|p2b: Arcanine|Arcanine-Hisui, L50, F|100/100
|-ability|p2b: Arcanine|Intimidate|boost
|-unboost|p1a: Porygon2|atk|1
|-unboost|p1b: Incineroar|atk|1
|-ability|p1b: Incineroar|Intimidate|boost
|-unboost|p2a: Dragonite|atk|1
|-fail|p2b: Arcanine|unboost|[from] item: Clear Amulet|[of] p2b: Arcanine
|-ability|p1a: Porygon2|Download|boost
|-boost|p1a: Porygon2|atk|1
|turn|1
|inactive|Money03 has 30 seconds left.
|inactive|Money03 has 20 seconds left.
|
|t:|1757191184
|switch|p2a: Ninetales|Ninetales-Alola, L50, F|100/100
|-weather|Snowscape|[from] ability: Snow Warning|[of] p2a: Ninetales
|move|p1b: Incineroar|Fake Out|p2a: Ninetales
|-damage|p2a: Ninetales|92/100
|move|p2b: Arcanine|Rock Slide|p1b: Incineroar|[spread] p1b
|-miss|p2b: Arcanine|p1a: Porygon2
|-supereffective|p1b: Incineroar
|-damage|p1b: Incineroar|47/100
|-enditem|p1b: Incineroar|Sitrus Berry|[eat]
|-heal|p1b: Incineroar|72/100|[from] item: Sitrus Berry
|move|p1a: Porygon2|Ice Beam|p2a: Ninetales
|-resisted|p2a: Ninetales
|-damage|p2a: Ninetales|75/100
|
|-weather|Snowscape|[upkeep]
|upkeep
|turn|2
|inactive|Money03 has 30 seconds left.
|
|t:|1757191209
|switch|p1b: Torkoal|Torkoal, L50, M|100/100
|-weather|SunnyDay|[from] ability: Drought|[of] p1b: Torkoal
|move|p2a: Ninetales|Encore|p1a: Porygon2
|-start|p1a: Porygon2|Encore
|move|p2b: Arcanine|Rock Slide|p1a: Porygon2|[spread] p1a,p1b
|-supereffective|p1b: Torkoal
|-damage|p1a: Porygon2|83/100
|-damage|p1b: Torkoal|63/100
|move|p1a: Porygon2|Ice Beam|p2a: Ninetales
|-resisted|p2a: Ninetales
|-damage|p2a: Ninetales|58/100
|
|-weather|SunnyDay|[upkeep]
|upkeep
|turn|3
|inactive|realslim19 has 30 seconds left.
|inactive|Money03 has 30 seconds left.
|inactive|Money03 has 20 seconds left.
|inactive|Money03 has 15 seconds left.
|
|t:|1757191249
|switch|p2a: Dragonite|Dragonite, L50, M|100/100
|switch|p1a: Ursaluna|Ursaluna, L50, F|100/100
|move|p2b: Arcanine|Rock Slide|p1a: Ursaluna|[spread] p1a,p1b
|-resisted|p1a: Ursaluna
|-supereffective|p1b: Torkoal
|-damage|p1a: Ursaluna|90/100
|-damage|p1b: Torkoal|21/100
|cant|p1b: Torkoal|flinch
|
|-weather|SunnyDay|[upkeep]
|-status|p1a: Ursaluna|brn|[from] item: Flame Orb
|upkeep
|turn|4
|inactive|Money03 has 30 seconds left.
|inactive|Money03 has 20 seconds left.
|inactive|Money03 has 15 seconds left.
|inactive|Money03 has 10 seconds left.
|
|t:|1757191297
|switch|p1b: Incineroar|Incineroar, L50, F|72/100
|-ability|p1b: Incineroar|Intimidate|boost
|-unboost|p2a: Dragonite|atk|1
|-fail|p2b: Arcanine|unboost|[from] item: Clear Amulet|[of] p2b: Arcanine
|-terastallize|p2b: Arcanine|Water
|move|p1a: Ursaluna|Protect|p1a: Ursaluna
|-singleturn|p1a: Ursaluna|Protect
|move|p2b: Arcanine|Flare Blitz|p1a: Ursaluna
|-activate|p1a: Ursaluna|move: Protect
|move|p2a: Dragonite|Scale Shot|p1a: Ursaluna
|-activate|p1a: Ursaluna|move: Protect
|
|-weather|SunnyDay|[upkeep]
|-damage|p1a: Ursaluna|84/100 brn|[from] brn
|upkeep
|turn|5
|inactive|realslim19 has 30 seconds left.
|inactive|Money03 has 30 seconds left.
|
|t:|1757191326
|switch|p2a: Rillaboom|Rillaboom, L50, F|100/100
|-fieldstart|move: Grassy Terrain|[from] ability: Grassy Surge|[of] p2a: Rillaboom
|move|p2b: Arcanine|Protect|p2b: Arcanine
|-singleturn|p2b: Arcanine|Protect
|move|p1b: Incineroar|Fake Out|p2a: Rillaboom
|-damage|p2a: Rillaboom|89/100
|move|p1a: Ursaluna|Facade|p2a: Rillaboom
|-damage|p2a: Rillaboom|0 fnt
|faint|p2a: Rillaboom
|
|-weather|SunnyDay|[upkeep]
|-heal|p1b: Incineroar|78/100|[from] Grassy Terrain
|-heal|p1a: Ursaluna|90/100 brn|[from] Grassy Terrain
|-damage|p1a: Ursaluna|84/100 brn|[from] brn
|upkeep
|
|t:|1757191350
|switch|p2a: Ninetales|Ninetales-Alola, L50, F|58/100
|-weather|Snowscape|[from] ability: Snow Warning|[of] p2a: Ninetales
|turn|6
|
|t:|1757191365
|switch|p1b: Torkoal|Torkoal, L50, M|21/100
|-weather|SunnyDay|[from] ability: Drought|[of] p1b: Torkoal
|-terastallize|p1a: Ursaluna|Ghost
|move|p2a: Ninetales|Blizzard|p1b: Torkoal|[spread] p1a,p1b
|-resisted|p1b: Torkoal
|-damage|p1a: Ursaluna|56/100 brn
|-damage|p1b: Torkoal|0 fnt
|faint|p1b: Torkoal
|move|p2b: Arcanine|Flare Blitz|p1a: Ursaluna
|-crit|p1a: Ursaluna
|-damage|p1a: Ursaluna|0 fnt
|faint|p1a: Ursaluna
|-damage|p2b: Arcanine|77/100|[from] Recoil
|
|-weather|SunnyDay|[upkeep]
|-heal|p2a: Ninetales|64/100|[from] Grassy Terrain
|-heal|p2b: Arcanine|82/100|[from] Grassy Terrain
|upkeep
|
|t:|1757191381
|switch|p1a: Porygon2|Porygon2, L50|83/100
|switch|p1b: Incineroar|Incineroar, L50, F|78/100
|-ability|p1b: Incineroar|Intimidate|boost
|-unboost|p2a: Ninetales|atk|1
|-fail|p2b: Arcanine|unboost|[from] item: Clear Amulet|[of] p2b: Arcanine
|-ability|p1a: Porygon2|Download|boost
|-boost|p1a: Porygon2|atk|1
|turn|7
|
|t:|1757191401
|switch|p2a: Dragonite|Dragonite, L50, M|100/100
|move|p2b: Arcanine|Protect|p2b: Arcanine
|-singleturn|p2b: Arcanine|Protect
|move|p1b: Incineroar|Fake Out|p2b: Arcanine
|-activate|p2b: Arcanine|move: Protect
|move|p1a: Porygon2|Trick Room|p1a: Porygon2
|-fieldstart|move: Trick Room|[of] p1a: Porygon2
|
|-weather|SunnyDay|[upkeep]
|-heal|p1a: Porygon2|90/100|[from] Grassy Terrain
|-heal|p1b: Incineroar|84/100|[from] Grassy Terrain
|-heal|p2b: Arcanine|88/100|[from] Grassy Terrain
|upkeep
|turn|8
|inactive|realslim19 has 30 seconds left.
|inactive|Money03 has 30 seconds left.
|
|t:|1757191432
|move|p1a: Porygon2|Ice Beam|p2a: Dragonite
|-supereffective|p2a: Dragonite
|-damage|p2a: Dragonite|35/100
|move|p1b: Incineroar|Knock Off|p2a: Dragonite
|-damage|p2a: Dragonite|0 fnt
|-enditem|p2a: Dragonite|Loaded Dice|[from] move: Knock Off|[of] p1b: Incineroar
|faint|p2a: Dragonite
|move|p2b: Arcanine|Rock Slide|p1a: Porygon2|[spread] p1a
|-miss|p2b: Arcanine|p1b: Incineroar
|-damage|p1a: Porygon2|72/100
|
|-weather|SunnyDay|[upkeep]
|-heal|p1a: Porygon2|78/100|[from] Grassy Terrain
|-heal|p1b: Incineroar|90/100|[from] Grassy Terrain
|-heal|p2b: Arcanine|94/100|[from] Grassy Terrain
|upkeep
|
|t:|1757191445
|switch|p2a: Ninetales|Ninetales-Alola, L50, F|64/100
|-weather|Snowscape|[from] ability: Snow Warning|[of] p2a: Ninetales
|turn|9
|
|t:|1757191464
|move|p1a: Porygon2|Tera Blast|p2a: Ninetales
|-damage|p2a: Ninetales|15/100
|move|p1b: Incineroar|Knock Off|p2a: Ninetales
|-resisted|p2a: Ninetales
|-damage|p2a: Ninetales|0 fnt
|-enditem|p2a: Ninetales|Focus Sash|[from] move: Knock Off|[of] p1b: Incineroar
|faint|p2a: Ninetales
|move|p2b: Arcanine|Rock Slide|p1a: Porygon2|[spread] p1a,p1b
|-supereffective|p1b: Incineroar
|-damage|p1a: Porygon2|59/100
|-damage|p1b: Incineroar|39/100
|
|-weather|Snowscape|[upkeep]
|-heal|p1a: Porygon2|66/100|[from] Grassy Terrain
|-heal|p1b: Incineroar|45/100|[from] Grassy Terrain
|-heal|p2b: Arcanine|99/100|[from] Grassy Terrain
|-fieldend|move: Grassy Terrain
|upkeep
|turn|10
|inactive|realslim19 has 30 seconds left.
|
|t:|1757191491
|move|p2b: Arcanine|Protect|p2b: Arcanine
|-singleturn|p2b: Arcanine|Protect
|move|p1a: Porygon2|Recover|p1a: Porygon2
|-heal|p1a: Porygon2|100/100
|move|p1b: Incineroar|Knock Off|p2b: Arcanine
|-activate|p2b: Arcanine|move: Protect
|
|-weather|Snowscape|[upkeep]
|upkeep
|turn|11
|
|t:|1757191504
|move|p1a: Porygon2|Tera Blast|p2b: Arcanine
|-damage|p2b: Arcanine|53/100
|move|p1b: Incineroar|Knock Off|p2b: Arcanine
|-damage|p2b: Arcanine|2/100
|-enditem|p2b: Arcanine|Clear Amulet|[from] move: Knock Off|[of] p1b: Incineroar
|move|p2b: Arcanine|Rock Slide|p1b: Incineroar|[spread] p1a,p1b
|-supereffective|p1b: Incineroar
|-damage|p1a: Porygon2|83/100
|-damage|p1b: Incineroar|0 fnt
|faint|p1b: Incineroar
|
|-weather|Snowscape|[upkeep]
|-fieldend|move: Trick Room
|upkeep
|turn|12
|
|t:|1757191519
|move|p2b: Arcanine|Flare Blitz|p1a: Porygon2
|-damage|p1a: Porygon2|46/100
|-damage|p2b: Arcanine|0 fnt|[from] Recoil
|faint|p2b: Arcanine
|
|win|realslim19
||realslim19 is ready for game 2.
||Money03 is ready for game 2.
|uhtml|next|Next: Game 2 of 3
|l|☆realslim19
|player|p1|
