|j|☆rev_atomic
|j|☆AyushXD
|html|rev_atomicAyushXD    
|uhtml|bestof|Game 2 of a best-of-3
|t:|1782395116
|gametype|doubles
|player|p1|rev_atomic|lucian|1000
|player|p2|AyushXD|lucas|1000
|gen|9
|tier|[Gen 9 Champions] VGC 2026 Reg M-B (Bo3)
|rated|
|rule|Species Clause: Limit one of each Pokémon
|rule|Item Clause: Limit 1 of each item
|clearpoke
|poke|p1|Staraptor, L50, M|
|poke|p1|Incineroar, L50, M|
|poke|p1|Grimmsnarl, L50, M, shiny|
|poke|p1|Garchomp, L50, M|
|poke|p1|Gholdengo, L50|
|poke|p1|Whimsicott, L50, F|
|poke|p2|Mawile, L50, M|
|poke|p2|Farigiraf, L50, M, shiny|
|poke|p2|Abomasnow, L50, M|
|poke|p2|Incineroar, L50, M, shiny|
|poke|p2|Torkoal, L50, M, shiny|
|poke|p2|Basculegion, L50, M|
|teampreview|4
|showteam|p1|Staraptor||Staraptite|Intimidate|CloseCombat,Protect,BraveBird,Roost|Jolly||M|||50|]Incineroar||SitrusBerry|Intimidate|FlareBlitz,DarkestLariat,PartingShot,FakeOut|Careful||M|||50|]Grimmsnarl||Leftovers|Prankster|FakeOut,PartingShot,SpiritBreak,ScaryFace|Careful||M|||50|]Garchomp||ChoiceScarf|RoughSkin|Earthquake,Outrage,IronHead,RockSlide|Adamant||M|||50|]Gholdengo||LifeOrb|GoodasGold|MakeItRain,ShadowBall,DazzlingGleam,Protect|Timid|||||50|]Whimsicott||FocusSash|Prankster|Moonblast,Charm,Tailwind,Protect|Timid||F|||50|
|showteam|p2|Mawile||Mawilite|HyperCutter|PlayRough,SwordsDance,RockSlide,SuckerPunch|Brave||M|||50|]Farigiraf||SitrusBerry|ArmorTail|TwinBeam,Protect,TrickRoom,Thunderbolt|Modest||M|||50|]Abomasnow||Abomasite|SnowWarning|Blizzard,EnergyBall,EarthPower,IceShard|Quiet||M|||50|]Incineroar||LifeOrb|Intimidate|FlareBlitz,CloseCombat,FakeOut,ThroatChop|Brave||M|||50|]Torkoal||Charcoal|Drought|Eruption,HelpingHand,HeatWave,WeatherBall|Quiet||M|||50|]Basculegion||FocusSash|Adaptability|Liquidation,LastRespects,Protect,AquaJet|Jolly||M|||50|
|
|t:|1782395179
|teamsize|p1|4
|teamsize|p2|4
|start
|switch|p1a: Garchomp|Garchomp, L50, M|100/100
|switch|p1b: Staraptor|Staraptor, L50, M|100/100
|switch|p2a: Farigiraf|Farigiraf, L50, M, shiny|100/100
|switch|p2b: Incineroar|Incineroar, L50, M, shiny|100/100
|-ability|p1b: Staraptor|Intimidate|boost
|-unboost|p2a: Farigiraf|atk|1
|-unboost|p2b: Incineroar|atk|1
|-ability|p2b: Incineroar|Intimidate|boost
|-unboost|p1a: Garchomp|atk|1
|-unboost|p1b: Staraptor|atk|1
|turn|1
|inactive|Battle timer is ON: inactive players will automatically lose when time's up. (requested by AyushXD)
|
|t:|1782395196
|detailschange|p1b: Staraptor|Staraptor-Mega, L50, M
|-mega|p1b: Staraptor|Staraptor|Staraptite
|move|p2b: Incineroar|Fake Out|p1b: Staraptor
|-crit|p1b: Staraptor
|-damage|p1b: Staraptor|67/100
|-damage|p2b: Incineroar|90/100|[from] item: Life Orb
|move|p1a: Garchomp|Rock Slide|p2b: Incineroar|[spread] p2a,p2b
|-supereffective|p2b: Incineroar|1
|-damage|p2a: Farigiraf|87/100
|-damage|p2b: Incineroar|61/100
|cant|p1b: Staraptor|flinch
|move|p2a: Farigiraf|Trick Room|p2a: Farigiraf
|-fieldstart|move: Trick Room|[of] p2a: Farigiraf
|
|upkeep
|turn|2
|
|t:|1782395205
|move|p1b: Staraptor|Protect|p1b: Staraptor
|-singleturn|p1b: Staraptor|Protect
|move|p2b: Incineroar|Flare Blitz|p1b: Staraptor
|-activate|p1b: Staraptor|move: Protect
|move|p2a: Farigiraf|Thunderbolt|p1b: Staraptor
|-activate|p1b: Staraptor|move: Protect
|move|p1a: Garchomp|Rock Slide|p2b: Incineroar|[spread] p2a,p2b
|-supereffective|p2b: Incineroar|1
|-damage|p2a: Farigiraf|72/100
|-damage|p2b: Incineroar|35/100
|
|upkeep
|turn|3
|inactive|AyushXD has 30 seconds left.
|inactive|AyushXD has 20 seconds left.
|inactive|AyushXD has 15 seconds left.
|inactive|AyushXD has 10 seconds left.
|inactive|AyushXD has 5 seconds left.
|
|t:|1782395257
|switch|p1b: Grimmsnarl|Grimmsnarl, L50, M, shiny|100/100
|move|p2b: Incineroar|Flare Blitz|p1b: Grimmsnarl
|-crit|p1b: Grimmsnarl
|-damage|p1b: Grimmsnarl|0 fnt
|faint|p1b: Grimmsnarl
|-damage|p2b: Incineroar|2/100|[from] Recoil
|-damage|p2b: Incineroar|0 fnt|[from] item: Life Orb
|faint|p2b: Incineroar
|move|p2a: Farigiraf|Thunderbolt|p1a: Garchomp
|-immune|p1a: Garchomp
|move|p1a: Garchomp|Rock Slide|p2a: Farigiraf
|-damage|p2a: Farigiraf|53/100
|
|upkeep
|inactive|AyushXD has 30 seconds left.
|
|t:|1782395292
|switch|p2b: OG KINGAMBIT|Mawile, L50, M|100/100
|switch|p1b: Staraptor|Staraptor-Mega, L50, M|67/100
|turn|4
|
|t:|1782395300
|detailschange|p2b: OG KINGAMBIT|Mawile-Mega, L50, M
|-mega|p2b: OG KINGAMBIT|Mawile|Mawilite
|move|p1b: Staraptor|Protect|p1b: Staraptor
|-singleturn|p1b: Staraptor|Protect
|move|p2b: OG KINGAMBIT|Play Rough|p1a: Garchomp
|-supereffective|p1a: Garchomp|1
|-crit|p1a: Garchomp
|-damage|p1a: Garchomp|0 fnt
|-damage|p2b: OG KINGAMBIT|87/100|[from] ability: Rough Skin|[of] p1a: Garchomp
|faint|p1a: Garchomp
|move|p2a: Farigiraf|Thunderbolt|p1b: Staraptor
|-activate|p1b: Staraptor|move: Protect
|
|upkeep
|
|t:|1782395308
|switch|p1a: Whimsicott|Whimsicott, L50, F|100/100
|turn|5
|
|t:|1782395319
|move|p1a: Whimsicott|Charm|p1b: Staraptor
|-boost|p1b: Staraptor|atk|2
|move|p2b: OG KINGAMBIT|Play Rough|p1b: Staraptor
|-supereffective|p1b: Staraptor|1
|-damage|p1b: Staraptor|0 fnt
|faint|p1b: Staraptor
|move|p2a: Farigiraf|Twin Beam|p1a: Whimsicott
|-damage|p1a: Whimsicott|64/100
|-damage|p1a: Whimsicott|29/100
|-hitcount|p1a: Whimsicott|2
|
|-fieldend|move: Trick Room
|upkeep
|turn|6
|-message|rev_atomic forfeited.
|raw|rev_atomic's rating: 1000 → 1000(+0 for losing)
|raw|AyushXD's rating: 1000 → 1040(+40 for winning)
|
|win|AyushXD
|l|☆rev_atomic
|player|p1|
