|j|☆bassacucina777
|j|☆billimagchili
|html|bassacucina777billimagchili    
|uhtml|bestof|Game 1 of a best-of-3
|t:|1756314966
|gametype|doubles
|player|p1|bassacucina777|1|1178
|player|p2|billimagchili|red|1083
|gen|9
|tier|[Gen 9] VGC 2025 Reg H (Bo3)
|rated|
|rule|Species Clause: Limit one of each Pokémon
|rule|Item Clause: Limit 1 of each item
|clearpoke
|poke|p1|Sneasler, L50, M|
|poke|p1|Dondozo, L50, F|
|poke|p1|Incineroar, L50, F|
|poke|p1|Gholdengo, L50|
|poke|p1|Electabuzz, L50, M|
|poke|p1|Dragonite, L50, M|
|poke|p2|Incineroar, L50, M|
|poke|p2|Dragonite, L50, M|
|poke|p2|Whimsicott, L50, F|
|poke|p2|Sneasler, L50, F|
|poke|p2|Primarina, L50, F|
|poke|p2|Annihilape, L50, M|
|teampreview|4
|showteam|p1|Sneasler||FocusSash|Unburden|CloseCombat,DireClaw,FakeOut,Protect|||M|||50|,,,,,Ghost]Dondozo||Leftovers|Unaware|WaveCrash,Fissure,Yawn,Protect|||F|||50|,,,,,Poison]Incineroar||SafetyGoggles|Intimidate|FlareBlitz,KnockOff,FakeOut,PartingShot|||F|||50|,,,,,Ghost]Gholdengo||LifeOrb|GoodasGold|MakeItRain,NastyPlot,Protect,ShadowBall||||||50|,,,,,Water]Electabuzz||Eviolite|VitalSpirit|Electroweb,Taunt,FollowMe,Protect|||M|||50|,,,,,Dragon]Dragonite||LoadedDice|Multiscale|ScaleShot,Tailwind,Haze,Protect|||M|||50|,,,,,Fairy
|showteam|p2|Incineroar||SafetyGoggles|Intimidate|FakeOut,KnockOff,PartingShot,Taunt|||M|||50|,,,,,Ghost]Dragonite||LoadedDice|InnerFocus|ScaleShot,ExtremeSpeed,Protect,StompingTantrum|||M|||50|,,,,,Fairy]Whimsicott||CovertCloak|Prankster|Tailwind,Encore,Moonblast,Taunt|||F|||50|,,,,,Rock]Sneasler||FocusSash|Unburden|DireClaw,CloseCombat,ThroatChop,Protect|||F|||50|,,,,,Stellar]Primarina||ThroatSpray|LiquidVoice|HyperVoice,Moonblast,Haze,Protect|||F|||50|,,,,,Poison]Annihilape||SitrusBerry|Defiant|RageFist,CloseCombat,Protect,Taunt|||M|||50|,,,,,Fire
|
|t:|1756315038
|teamsize|p1|4
|teamsize|p2|4
|start
|switch|p1a: Dondozo|Dondozo, L50, F|100/100
|switch|p1b: Sneasler|Sneasler, L50, M|100/100
|switch|p2a: Rikki|Primarina, L50, F, shiny|100/100
|switch|p2b: Silvermist|Whimsicott, L50, F, shiny|100/100
|turn|1
|
|t:|1756315104
|move|p2b: Silvermist|Taunt|p1a: Dondozo
|-start|p1a: Dondozo|move: Taunt
|move|p1b: Sneasler|Dire Claw|p2b: Silvermist
|-supereffective|p2b: Silvermist
|-damage|p2b: Silvermist|0 fnt
|faint|p2b: Silvermist
|move|p2a: Rikki|Moonblast|p1b: Sneasler
|-damage|p1b: Sneasler|25/100
|move|p1a: Dondozo|Fissure|p2a: Rikki|[miss]
|-miss|p1a: Dondozo|p2a: Rikki
|
|upkeep
|
|t:|1756315117
|switch|p2b: Meatlug|Dragonite, L50, M|100/100
|turn|2
|
|t:|1756315143
|move|p1b: Sneasler|Dire Claw|p2b: Meatlug
|-damage|p2b: Meatlug|46/100
|move|p2b: Meatlug|Scale Shot|p1a: Dondozo
|-damage|p1a: Dondozo|92/100
|-damage|p1a: Dondozo|82/100
|-crit|p1a: Dondozo
|-damage|p1a: Dondozo|68/100
|-damage|p1a: Dondozo|58/100
|-damage|p1a: Dondozo|49/100
|-hitcount|p1a: Dondozo|5
|-unboost|p2b: Meatlug|def|1
|-boost|p2b: Meatlug|spe|1
|move|p2a: Rikki|Hyper Voice|p1a: Dondozo|[spread] p1a,p1b
|-resisted|p1a: Dondozo
|-damage|p1a: Dondozo|36/100
|-damage|p1b: Sneasler|0 fnt
|faint|p1b: Sneasler
|-enditem|p2a: Rikki|Throat Spray
|-boost|p2a: Rikki|spa|1|[from] item: Throat Spray
|move|p1a: Dondozo|Fissure|p2a: Rikki|[miss]
|-miss|p1a: Dondozo|p2a: Rikki
|
|-heal|p1a: Dondozo|42/100|[from] item: Leftovers
|upkeep
|
|t:|1756315166
|switch|p1b: Dragonite|Dragonite, L50, M|100/100
|turn|3
|
|t:|1756315202
|switch|p1a: Gholdengo|Gholdengo, L50|100/100
|-terastallize|p1b: Dragonite|Fairy
|move|p2b: Meatlug|Protect|p2b: Meatlug
|-singleturn|p2b: Meatlug|Protect
|move|p1b: Dragonite|Haze|p1b: Dragonite
|-clearallboost
|move|p2a: Rikki|Moonblast|p1a: Gholdengo
|-resisted|p1a: Gholdengo
|-damage|p1a: Gholdengo|67/100
|
|upkeep
|turn|4
|
|t:|1756315239
|switch|p2b: Annihilape|Annihilape, L50, M|100/100
|move|p1a: Gholdengo|Make It Rain|p2a: Rikki|[spread] p2a,p2b
|-damage|p2a: Rikki|37/100
|-damage|p2b: Annihilape|38/100
|-unboost|p1a: Gholdengo|spa|1
|-enditem|p2b: Annihilape|Sitrus Berry|[eat]
|-heal|p2b: Annihilape|62/100|[from] item: Sitrus Berry
|-damage|p1a: Gholdengo|58/100|[from] item: Life Orb
|move|p1b: Dragonite|Tailwind|p1b: Dragonite
|-sidestart|p1: bassacucina777|move: Tailwind
|move|p2a: Rikki|Hyper Voice|p1a: Gholdengo|[spread] p1a,p1b
|-damage|p1a: Gholdengo|12/100
|-damage|p1b: Dragonite|79/100
|
|upkeep
|turn|5
|
|t:|1756315291
|move|p2a: Rikki|Protect|p2a: Rikki
|-singleturn|p2a: Rikki|Protect
|move|p1a: Gholdengo|Make It Rain|p2b: Annihilape|[spread] p2b
|-activate|p2a: Rikki|move: Protect
|-damage|p2b: Annihilape|20/100
|-unboost|p1a: Gholdengo|spa|1
|-damage|p1a: Gholdengo|3/100|[from] item: Life Orb
|move|p1b: Dragonite|Scale Shot|p2b: Annihilape|[miss]
|-miss|p1b: Dragonite|p2b: Annihilape
|move|p2b: Annihilape|Rage Fist|p1b: Dragonite
|-damage|p1b: Dragonite|0 fnt
|faint|p1b: Dragonite
|
|upkeep
|
|t:|1756315306
|switch|p1b: Dondozo|Dondozo, L50, F|42/100
|turn|6
|
|t:|1756315332
|move|p1b: Dondozo|Protect|p1b: Dondozo
|-singleturn|p1b: Dondozo|Protect
|move|p1a: Gholdengo|Make It Rain|p2a: Rikki|[spread] p2a,p2b
|-damage|p2a: Rikki|7/100
|-damage|p2b: Annihilape|0 fnt
|-unboost|p1a: Gholdengo|spa|1
|faint|p2b: Annihilape
|-damage|p1a: Gholdengo|0 fnt|[from] item: Life Orb
|faint|p1a: Gholdengo
|move|p2a: Rikki|Moonblast|p1b: Dondozo
|-activate|p1b: Dondozo|move: Protect
|
|-heal|p1b: Dondozo|48/100|[from] item: Leftovers
|upkeep
|
|t:|1756315340
|switch|p2b: Meatlug|Dragonite, L50, M|46/100
|turn|7
|
|t:|1756315372
|move|p2b: Meatlug|Scale Shot|p1b: Dondozo
|-damage|p1b: Dondozo|38/100
|-damage|p1b: Dondozo|29/100
|-damage|p1b: Dondozo|20/100
|-damage|p1b: Dondozo|11/100
|-hitcount|p1b: Dondozo|4
|-unboost|p2b: Meatlug|def|1
|-boost|p2b: Meatlug|spe|1
|move|p1b: Dondozo|Yawn|p2b: Meatlug
|-start|p2b: Meatlug|move: Yawn|[of] p1b: Dondozo
|move|p2a: Rikki|Moonblast|p1b: Dondozo
|-damage|p1b: Dondozo|0 fnt
|faint|p1b: Dondozo
|
|win|billimagchili
