|j|☆J.Arch
|j|☆yetiyoupi
|html|J.Archyetiyoupi    
|uhtml|bestof|Game 1 of a best-of-3
|t:|1757827932
|gametype|doubles
|player|p1|J.Arch|ethan|1172
|player|p2|yetiyoupi|265|1117
|gen|9
|tier|[Gen 9] VGC 2025 Reg H (Bo3)
|rated|
|rule|Species Clause: Limit one of each Pokémon
|rule|Item Clause: Limit 1 of each item
|clearpoke
|poke|p1|Annihilape, L50, F|
|poke|p1|Pelipper, L50, F|
|poke|p1|Archaludon, L50, F|
|poke|p1|Breloom, L50, F|
|poke|p1|Farigiraf, L50, F|
|poke|p1|Incineroar, L50, F|
|poke|p2|Amoonguss, L50, M|
|poke|p2|Politoed, L50, F|
|poke|p2|Annihilape, L50, F|
|poke|p2|Gholdengo, L50|
|poke|p2|Archaludon, L50, F|
|poke|p2|Whimsicott, L50, M|
|teampreview|4
|showteam|p1|Annihilape||ChoiceScarf|Defiant|Uturn,FinalGambit,DrainPunch,RageFist|||F|||50|,,,,,Poison]Pelipper||CovertCloak|Drizzle|Tailwind,Hurricane,WeatherBall,Protect|||F|||50|,,,,,Dark]Archaludon||AssaultVest|Stamina|DragonPulse,ElectroShot,BodyPress,FlashCannon|||F|||50|,,,,,Bug]Breloom||FocusSash|Technician|Spore,MachPunch,BulletSeed,SwordsDance|||F|||50|,,,,,Ghost]Farigiraf||ThroatSpray|ArmorTail|HyperVoice,Psychic,HelpingHand,TrickRoom|||F|||50|,,,,,Fairy]Incineroar||SitrusBerry|Intimidate|KnockOff,FakeOut,FlareBlitz,PartingShot|||F|||50|,,,,,Water
|showteam|p2|Amoonguss||RockyHelmet|Regenerator|SludgeBomb,Protect,Spore,RagePowder|||M|||50|,,,,,Water]Politoed||SitrusBerry|Drizzle|IceBeam,WeatherBall,Protect,EarthPower|||F|||50|,,,,,Grass]Annihilape||AssaultVest|Defiant|IcePunch,RageFist,DrainPunch,Uturn|||F|||50|,,,,,Steel]Gholdengo||LifeOrb|GoodasGold|NastyPlot,ShadowBall,MakeItRain,Protect||||||50|,,,,,Water]Archaludon||PowerHerb|Stamina|ElectroShot,DracoMeteor,Protect,BodyPress|||F|||50|,,,,,Electric]Whimsicott||FocusSash|Prankster|Tailwind,BeatUp,Moonblast,Taunt|||M|||50|,,,,,Ghost
|inactive|Battle timer is ON: inactive players will automatically lose when time's up. (requested by yetiyoupi)
|inactive|J.Arch has 60 seconds left.
|inactive|J.Arch has 30 seconds left.
|
|t:|1757828024
|teamsize|p1|4
|teamsize|p2|4
|start
|switch|p1a: Annihilape|Annihilape, L50, F|100/100
|switch|p1b: Archaludon|Archaludon, L50, F|100/100
|switch|p2a: Annihilape|Annihilape, L50, F|100/100
|switch|p2b: Whimsicott|Whimsicott, L50, M|100/100
|turn|1
|
|t:|1757828048
|move|p2b: Whimsicott|Tailwind|p2b: Whimsicott
|-sidestart|p2: yetiyoupi|move: Tailwind
|move|p2a: Annihilape|Rage Fist|p1a: Annihilape
|-supereffective|p1a: Annihilape
|-damage|p1a: Annihilape|53/100
|move|p1a: Annihilape|U-turn|p2b: Whimsicott
|-damage|p2b: Whimsicott|69/100
|
|t:|1757828065
|switch|p1a: Pelipper|Pelipper, L50, F|100/100|[from] U-turn
|-weather|RainDance|[from] ability: Drizzle|[of] p1a: Pelipper
|move|p1b: Archaludon|Flash Cannon|p2b: Whimsicott
|-supereffective|p2b: Whimsicott
|-damage|p2b: Whimsicott|0 fnt
|faint|p2b: Whimsicott
|
|-weather|RainDance|[upkeep]
|upkeep
|
|t:|1757828072
|switch|p2b: Archaludon|Archaludon, L50, F|100/100
|turn|2
|inactive|yetiyoupi has 30 seconds left.
|inactive|yetiyoupi has 20 seconds left.
|
|t:|1757828111
|-terastallize|p1a: Pelipper|Dark
|move|p2a: Annihilape|Drain Punch|p1b: Archaludon
|-supereffective|p1b: Archaludon
|-damage|p1b: Archaludon|45/100
|-ability|p1b: Archaludon|Stamina|boost
|-boost|p1b: Archaludon|def|1
|move|p2b: Archaludon|Electro Shot||[still]
|-prepare|p2b: Archaludon|Electro Shot
|-boost|p2b: Archaludon|spa|1
|-anim|p2b: Archaludon|Electro Shot|p1a: Pelipper
|-damage|p1a: Pelipper|1/100
|move|p1b: Archaludon|Electro Shot||[still]
|-prepare|p1b: Archaludon|Electro Shot
|-boost|p1b: Archaludon|spa|1
|-anim|p1b: Archaludon|Electro Shot|p2a: Annihilape
|-damage|p2a: Annihilape|58/100
|move|p1a: Pelipper|Tailwind|p1a: Pelipper
|-sidestart|p1: J.Arch|move: Tailwind
|
|-weather|RainDance|[upkeep]
|upkeep
|turn|3
|inactive|J.Arch has 30 seconds left.
|inactive|yetiyoupi has 30 seconds left.
|inactive|yetiyoupi has 20 seconds left.
|
|t:|1757828149
|move|p2a: Annihilape|Drain Punch|p1b: Archaludon
|-supereffective|p1b: Archaludon
|-damage|p1b: Archaludon|12/100
|-heal|p2a: Annihilape|74/100|[from] drain|[of] p1b: Archaludon
|-ability|p1b: Archaludon|Stamina|boost
|-boost|p1b: Archaludon|def|1
|move|p2b: Archaludon|Electro Shot||[still]
|-prepare|p2b: Archaludon|Electro Shot
|-boost|p2b: Archaludon|spa|1
|-anim|p2b: Archaludon|Electro Shot|p1b: Archaludon
|-resisted|p1b: Archaludon
|-damage|p1b: Archaludon|0 fnt
|faint|p1b: Archaludon
|move|p1a: Pelipper|Hurricane|p2a: Annihilape
|-supereffective|p2a: Annihilape
|-damage|p2a: Annihilape|14/100
|
|-weather|RainDance|[upkeep]
|upkeep
|
|t:|1757828168
|switch|p1b: Annihilape|Annihilape, L50, F|53/100
|turn|4
|
|t:|1757828187
|move|p1a: Pelipper|Protect|p1a: Pelipper
|-singleturn|p1a: Pelipper|Protect
|move|p1b: Annihilape|Rage Fist|p2a: Annihilape
|-supereffective|p2a: Annihilape
|-damage|p2a: Annihilape|0 fnt
|faint|p2a: Annihilape
|move|p2b: Archaludon|Electro Shot||[still]
|-prepare|p2b: Archaludon|Electro Shot
|-boost|p2b: Archaludon|spa|1
|-anim|p2b: Archaludon|Electro Shot|p1a: Pelipper
|-activate|p1a: Pelipper|move: Protect
|
|-weather|RainDance|[upkeep]
|-sideend|p2: yetiyoupi|move: Tailwind
|upkeep
|
|t:|1757828194
|switch|p2a: Gholdengo|Gholdengo, L50|100/100
|turn|5
|
|t:|1757828210
|move|p2a: Gholdengo|Protect|p2a: Gholdengo
|-singleturn|p2a: Gholdengo|Protect
|move|p1b: Annihilape|Rage Fist|p2a: Gholdengo
|-activate|p2a: Gholdengo|move: Protect
|move|p1a: Pelipper|Weather Ball|p2b: Archaludon
|-resisted|p2b: Archaludon
|-damage|p2b: Archaludon|63/100
|-ability|p2b: Archaludon|Stamina|boost
|-boost|p2b: Archaludon|def|1
|move|p2b: Archaludon|Electro Shot||[still]
|-prepare|p2b: Archaludon|Electro Shot
|-boost|p2b: Archaludon|spa|1
|-anim|p2b: Archaludon|Electro Shot|p1b: Annihilape
|-damage|p1b: Annihilape|0 fnt
|faint|p1b: Annihilape
|
|-weather|none
|-sideend|p1: J.Arch|move: Tailwind
|upkeep
|
|t:|1757828227
|switch|p1b: Breloom|Breloom, L50, F|100/100
|turn|6
|inactive|yetiyoupi has 30 seconds left.
|inactive|yetiyoupi has 20 seconds left.
|inactive|yetiyoupi has 15 seconds left.
|
|t:|1757828271
|-terastallize|p2b: Archaludon|Electric
|move|p2a: Gholdengo|Make It Rain|p1a: Pelipper|[spread] p1a,p1b
|-crit|p1b: Breloom
|-damage|p1a: Pelipper|0 fnt
|-enditem|p1b: Breloom|Focus Sash
|-damage|p1b: Breloom|1/100
|-unboost|p2a: Gholdengo|spa|1
|faint|p1a: Pelipper
|-damage|p2a: Gholdengo|91/100|[from] item: Life Orb
|move|p1b: Breloom|Spore|p2b: Archaludon
|-status|p2b: Archaludon|slp|[from] move: Spore
|cant|p2b: Archaludon|slp
|
|upkeep
|turn|7
|
|t:|1757828291
|move|p1b: Breloom|Mach Punch|p2b: Archaludon
|-damage|p2b: Archaludon|47/100 slp
|-ability|p2b: Archaludon|Stamina|boost
|-boost|p2b: Archaludon|def|1
|move|p2a: Gholdengo|Make It Rain|p1b: Breloom
|-damage|p1b: Breloom|0 fnt
|-unboost|p2a: Gholdengo|spa|1
|faint|p1b: Breloom
|-damage|p2a: Gholdengo|81/100|[from] item: Life Orb
|
|win|yetiyoupi
|l|☆J.Arch
|player|p1|
|inactive|J.Arch has 30 seconds to confirm battle start!
|inactive|yetiyoupi has 30 seconds to confirm battle start!
||J.Arch is ready for game 2.
||yetiyoupi is ready for game 2.
|uhtml|next|Next: Game 2 of 3
|l|☆yetiyoupi
|player|p2|
