|j|☆PizzaSanwitch
|j|☆JP the president
|html|PizzaSanwitchJP the president    
|uhtml|bestof|Game 3 of a best-of-3
|t:|1786151722
|gametype|doubles
|player|p1|PizzaSanwitch|266|1134
|player|p2|JP the president|steven|1150
|gen|9
|tier|[Gen 9 Champions] VGC 2026 Reg M-B (Bo3)
|rated|
|rule|Species Clause: Limit one of each Pokémon
|rule|Item Clause: Limit 1 of each item
|clearpoke
|poke|p1|Pelipper, L50, M|
|poke|p1|Archaludon, L50, M|
|poke|p1|Basculegion, L50, M|
|poke|p1|Grimmsnarl, L50, M|
|poke|p1|Charizard, L50, M|
|poke|p1|Metagross, L50|
|poke|p2|Sableye, L50, M, shiny|
|poke|p2|Incineroar, L50, M, shiny|
|poke|p2|Kingambit, L50, M, shiny|
|poke|p2|Charizard, L50, M, shiny|
|poke|p2|Venusaur, L50, M, shiny|
|poke|p2|Garchomp, L50, M|
|teampreview|4
|showteam|p1|Pelipper||SitrusBerry|Drizzle|WeatherBall,Hurricane,Tailwind,Protect|Modest||M|||50|]Archaludon||Leftovers|Stamina|ElectroShot,FlashCannon,DragonPulse,Protect|Modest||M|||50|]Basculegion||ChoiceScarf|Adaptability|WaveCrash,LastRespects,AquaJet,FlipTurn|Jolly||M|||50|]Grimmsnarl||LightClay|Prankster|SpiritBreak,Reflect,LightScreen,PartingShot|Sassy||M|||50|]Charizard||CharizarditeY|Blaze|HeatWave,WeatherBall,Hurricane,Protect|Modest||M|||50|]Metagross||Metagrossite|ClearBody|HardPress,PsychicFangs,BodyPress,Protect|Adamant|||||50|
|showteam|p2|Sableye||Leftovers|Prankster|ThunderWave,Disable,WillOWisp,Encore|Calm||M|||50|]Incineroar||SitrusBerry|Intimidate|FakeOut,FlareBlitz,PartingShot,Protect|Careful||M|||50|]Kingambit||FocusSash|Defiant|KowtowCleave,IronHead,Protect,SuckerPunch|Adamant||M|||50|]Charizard||CharizarditeY|SolarPower|HeatWave,AncientPower,Protect,SolarBeam|Hasty||M|||50|]Venusaur||OccaBerry|Chlorophyll|EarthPower,SludgeBomb,SleepPowder,Protect|Modest||M|||50|]Garchomp||LifeOrb|RoughSkin|Earthquake,Protect,RockSlide,DragonClaw|Jolly||M|||50|
|
|t:|1786151758
|teamsize|p1|4
|teamsize|p2|4
|start
|switch|p1a: Grimmsnarl|Grimmsnarl, L50, M|100/100
|switch|p1b: Charizard|Charizard, L50, M|100/100
|switch|p2a: Leaf tea|Venusaur, L50, M, shiny|100/100
|switch|p2b: Sword|Kingambit, L50, M, shiny|100/100
|turn|1
|
|t:|1786151794
|detailschange|p1b: Charizard|Charizard-Mega-Y, L50, M
|-mega|p1b: Charizard|Charizard|Charizardite Y
|-weather|SunnyDay|[from] ability: Drought|[of] p1b: Charizard
|move|p1a: Grimmsnarl|Parting Shot|p2a: Leaf tea
|-unboost|p2a: Leaf tea|atk|1
|-unboost|p2a: Leaf tea|spa|1
|
|t:|1786151800
|switch|p1a: Pelipper|Pelipper, L50, M|100/100|[from] Parting Shot
|-weather|RainDance|[from] ability: Drizzle|[of] p1a: Pelipper
|move|p1b: Charizard|Hurricane|p2a: Leaf tea
|-supereffective|p2a: Leaf tea|1
|-damage|p2a: Leaf tea|0 fnt
|faint|p2a: Leaf tea
|move|p2b: Sword|Iron Head|p1a: Pelipper
|-resisted|p1a: Pelipper|1
|-damage|p1a: Pelipper|73/100
|
|-weather|RainDance|[upkeep]
|upkeep
|
|t:|1786151815
|switch|p2a: Star scream|Garchomp, L50, M|100/100
|turn|2
|
|t:|1786151850
|switch|p1b: Archaludon|Archaludon, L50, M|100/100
|switch|p2b: Lizardo|Charizard, L50, M, shiny|100/100
|move|p1a: Pelipper|Protect|p1a: Pelipper
|-singleturn|p1a: Pelipper|Protect
|move|p2a: Star scream|Rock Slide|p1b: Archaludon|[spread] p1b
|-activate|p1a: Pelipper|move: Protect
|-resisted|p1b: Archaludon|1
|-damage|p1b: Archaludon|91/100
|-ability|p1b: Archaludon|Stamina|boost
|-boost|p1b: Archaludon|def|1
|-damage|p2a: Star scream|90/100|[from] item: Life Orb
|
|-weather|RainDance|[upkeep]
|-heal|p1b: Archaludon|97/100|[from] item: Leftovers
|upkeep
|turn|3
|inactive|Battle timer is ON: inactive players will automatically lose when time's up. (requested by PizzaSanwitch)
|
|t:|1786151883
|switch|p1a: Grimmsnarl|Grimmsnarl, L50, M|100/100
|detailschange|p2b: Lizardo|Charizard-Mega-Y, L50, M, shiny
|-mega|p2b: Lizardo|Charizard|Charizardite Y
|-weather|SunnyDay|[from] ability: Drought|[of] p2b: Lizardo
|move|p1b: Archaludon|Protect|p1b: Archaludon
|-singleturn|p1b: Archaludon|Protect
|move|p2a: Star scream|Rock Slide|p1b: Archaludon|[spread] p1a
|-activate|p1b: Archaludon|move: Protect
|-damage|p1a: Grimmsnarl|70/100
|-damage|p2a: Star scream|80/100|[from] item: Life Orb
|move|p2b: Lizardo|Heat Wave|p1b: Archaludon|[spread] p1a
|-activate|p1b: Archaludon|move: Protect
|-damage|p1a: Grimmsnarl|11/100
|
|-weather|SunnyDay|[upkeep]
|-heal|p1b: Archaludon|100/100|[from] item: Leftovers
|upkeep
|turn|4
|inactive|PizzaSanwitch has 30 seconds left.
|inactive|JP the president has 30 seconds left.
|inactive|PizzaSanwitch has 20 seconds left.
|inactive|JP the president has 20 seconds left.
|inactive|JP the president has 15 seconds left.
|
|t:|1786151923
|switch|p2a: Sword|Kingambit, L50, M, shiny|100/100
|switch|p1a: Pelipper|Pelipper, L50, M|73/100
|-weather|RainDance|[from] ability: Drizzle|[of] p1a: Pelipper
|move|p2b: Lizardo|Ancient Power|p1a: Pelipper
|-supereffective|p1a: Pelipper|1
|-damage|p1a: Pelipper|19/100
|-enditem|p1a: Pelipper|Sitrus Berry|[eat]
|-heal|p1a: Pelipper|43/100|[from] item: Sitrus Berry
|move|p1b: Archaludon|Electro Shot||[still]
|-prepare|p1b: Archaludon|Electro Shot
|-boost|p1b: Archaludon|spa|1
|-anim|p1b: Archaludon|Electro Shot|p2b: Lizardo
|-supereffective|p2b: Lizardo|1
|-damage|p2b: Lizardo|0 fnt
|faint|p2b: Lizardo
|
|-weather|RainDance|[upkeep]
|upkeep
|
|t:|1786151943
|switch|p2b: Star scream|Garchomp, L50, M|80/100
|turn|5
|
|t:|1786151966
|move|p1b: Archaludon|Protect|p1b: Archaludon
|-singleturn|p1b: Archaludon|Protect
|move|p2b: Star scream|Dragon Claw|p1a: Pelipper
|-damage|p1a: Pelipper|0 fnt
|faint|p1a: Pelipper
|-damage|p2b: Star scream|70/100|[from] item: Life Orb
|move|p2a: Sword|Kowtow Cleave|p1b: Archaludon
|-activate|p1b: Archaludon|move: Protect
|
|-weather|RainDance|[upkeep]
|upkeep
|
|t:|1786151973
|switch|p1a: Grimmsnarl|Grimmsnarl, L50, M|11/100
|turn|6
|
|t:|1786151990
|move|p2a: Sword|Protect|p2a: Sword
|-singleturn|p2a: Sword|Protect
|move|p1a: Grimmsnarl|Reflect|p1a: Grimmsnarl
|-sidestart|p1: PizzaSanwitch|Reflect
|move|p2b: Star scream|Earthquake|p1b: Archaludon|[spread] p1a,p1b
|-activate|p2a: Sword|move: Protect
|-supereffective|p1b: Archaludon|1
|-damage|p1a: Grimmsnarl|0 fnt
|-damage|p1b: Archaludon|64/100
|-ability|p1b: Archaludon|Stamina|boost
|-boost|p1b: Archaludon|def|1
|faint|p1a: Grimmsnarl
|-damage|p2b: Star scream|60/100|[from] item: Life Orb
|move|p1b: Archaludon|Dragon Pulse|p2b: Star scream
|-supereffective|p2b: Star scream|1
|-damage|p2b: Star scream|0 fnt
|faint|p2b: Star scream
|
|-weather|RainDance|[upkeep]
|-heal|p1b: Archaludon|71/100|[from] item: Leftovers
|upkeep
|
|t:|1786152002
|switch|p1a: Charizard|Charizard-Mega-Y, L50, M|100/100
|-weather|SunnyDay|[from] ability: Drought|[of] p1a: Charizard
|turn|7
|c|☆JP the president|Hell
|
|t:|1786152026
|move|p2a: Sword|Protect||[still]
|-fail|p2a: Sword
|move|p1a: Charizard|Weather Ball|p2a: Sword
|-supereffective|p2a: Sword|1
|-enditem|p2a: Sword|Focus Sash
|-damage|p2a: Sword|1/100
|move|p1b: Archaludon|Dragon Pulse|p2a: Sword
|-resisted|p2a: Sword|1
|-damage|p2a: Sword|0 fnt
|faint|p2a: Sword
|
|win|PizzaSanwitch
|raw|PizzaSanwitch's rating: 1134 → 1160(+26 for winning)
|raw|JP the president's rating: 1150 → 1124(-26 for losing)
|l|☆JP the president
|player|p2|
