|j|☆lux raymundi
|j|☆murimuri evolution
|html|lux raymundimurimuri evolution    
|uhtml|bestof|Game 2 of a best-of-3
|t:|1784086871
|gametype|doubles
|player|p1|lux raymundi|2|1306
|player|p2|murimuri evolution|101|1277
|gen|9
|tier|[Gen 9 Champions] VGC 2026 Reg M-B (Bo3)
|rated|
|rule|Species Clause: Limit one of each Pokémon
|rule|Item Clause: Limit 1 of each item
|clearpoke
|poke|p1|Sneasler, L50, M|
|poke|p1|Blastoise, L50, M|
|poke|p1|Kingambit, L50, M|
|poke|p1|Incineroar, L50, M|
|poke|p1|Delphox, L50, F|
|poke|p1|Sinistcha, L50|
|poke|p2|Staraptor, L50, F|
|poke|p2|Incineroar, L50, M|
|poke|p2|Sinistcha, L50|
|poke|p2|Gholdengo, L50|
|poke|p2|Arcanine-Hisui, L50, M|
|poke|p2|Ninetales-Alola, L50, F|
|teampreview|4
|showteam|p1|Sneasler||FocusSash|PoisonTouch|PoisonJab,CloseCombat,FakeOut,QuickGuard|Jolly||M|||50|]Blastoise||Blastoisinite|RainDish|DarkPulse,WaterSpout,ShellSmash,Protect|Modest||M|||50|]Kingambit||BlackGlasses|Defiant|KowtowCleave,SuckerPunch,SwordsDance,Protect|Adamant||M|||50|]Incineroar||SitrusBerry|Intimidate|FlareBlitz,HelpingHand,PartingShot,FakeOut|Careful||M|||50|]Delphox||Delphoxite|Blaze|HeatWave,NastyPlot,Psyshock,Protect|Modest||F|||50|]Sinistcha||KasibBerry|Hospitality|MatchaGotcha,RagePowder,TrickRoom,Protect|Bold|||||50|
|showteam|p2|Staraptor||Staraptite|Intimidate|Protect,BraveBird,CloseCombat,Roost|Jolly||F|||50|]Incineroar||SitrusBerry|Intimidate|FlareBlitz,DarkestLariat,FakeOut,PartingShot|Careful||M|||50|]Sinistcha||ColburBerry|Hospitality|MatchaGotcha,RagePowder,TrickRoom,StrengthSap|Bold|||||50|]Gholdengo||LifeOrb|GoodasGold|Protect,MakeItRain,ShadowBall,NastyPlot|Modest|||||50|]Arcanine-Hisui||FocusSash|RockHead|Protect,HeadSmash,FlareBlitz,ExtremeSpeed|Jolly||M|||50|]Ninetales-Alola||NeverMeltIce|SnowWarning|Protect,Blizzard,AuroraVeil,FreezeDry|Timid||F|||50|
|
|t:|1784086933
|teamsize|p1|4
|teamsize|p2|4
|start
|switch|p1a: Incineroar|Incineroar, L50, M|100/100
|switch|p1b: Delphox|Delphox, L50, F|100/100
|switch|p2a: Staraptor|Staraptor, L50, F|100/100
|switch|p2b: Incineroar|Incineroar, L50, M|100/100
|-ability|p2a: Staraptor|Intimidate|boost
|-unboost|p1a: Incineroar|atk|1
|-unboost|p1b: Delphox|atk|1
|-ability|p1a: Incineroar|Intimidate|boost
|-unboost|p2a: Staraptor|atk|1
|-unboost|p2b: Incineroar|atk|1
|-ability|p2b: Incineroar|Intimidate|boost
|-unboost|p1a: Incineroar|atk|1
|-unboost|p1b: Delphox|atk|1
|turn|1
|
|t:|1784086985
|switch|p2a: Gholdengo|Gholdengo, L50|100/100
|switch|p1a: Sneasler|Sneasler, L50, M|100/100
|move|p1b: Delphox|Protect|p1b: Delphox
|-singleturn|p1b: Delphox|Protect
|move|p2b: Incineroar|Parting Shot|p1b: Delphox
|-activate|p1b: Delphox|move: Protect
|
|upkeep
|turn|2
|
|t:|1784087021
|switch|p2b: Staraptor|Staraptor, L50, F|100/100
|-ability|p2b: Staraptor|Intimidate|boost
|-unboost|p1a: Sneasler|atk|1
|-unboost|p1b: Delphox|atk|1
|detailschange|p1b: Delphox|Delphox-Mega, L50, F
|-mega|p1b: Delphox|Delphox|Delphoxite
|move|p1a: Sneasler|Fake Out|p2b: Staraptor
|-damage|p2b: Staraptor|88/100
|move|p1b: Delphox|Heat Wave|p2b: Staraptor|[spread] p2a
|-miss|p1b: Delphox|p2b: Staraptor
|-supereffective|p2a: Gholdengo|1
|-damage|p2a: Gholdengo|11/100
|move|p2a: Gholdengo|Shadow Ball|p1b: Delphox
|-supereffective|p1b: Delphox|1
|-damage|p1b: Delphox|9/100
|-unboost|p1b: Delphox|spd|1
|-damage|p2a: Gholdengo|1/100|[from] item: Life Orb
|
|upkeep
|turn|3
|
|t:|1784087053
|switch|p1a: Incineroar|Incineroar, L50, M|100/100
|-ability|p1a: Incineroar|Intimidate|boost
|-unboost|p2a: Gholdengo|atk|1
|-unboost|p2b: Staraptor|atk|1
|switch|p2a: Incineroar|Incineroar, L50, M|100/100
|-ability|p2a: Incineroar|Intimidate|boost
|-unboost|p1a: Incineroar|atk|1
|-unboost|p1b: Delphox|atk|1
|detailschange|p2b: Staraptor|Staraptor-Mega, L50, F
|-mega|p2b: Staraptor|Staraptor|Staraptite
|move|p1b: Delphox|Protect|p1b: Delphox
|-singleturn|p1b: Delphox|Protect
|move|p2b: Staraptor|Close Combat|p1a: Incineroar
|-supereffective|p1a: Incineroar|1
|-damage|p1a: Incineroar|31/100
|-boost|p2b: Staraptor|def|1
|-boost|p2b: Staraptor|spd|1
|-enditem|p1a: Incineroar|Sitrus Berry|[eat]
|-heal|p1a: Incineroar|56/100|[from] item: Sitrus Berry
|
|upkeep
|turn|4
|
|t:|1784087091
|switch|p1b: Sinistcha|Sinistcha, L50|100/100
|-heal|p1a: Incineroar|81/100|[from] ability: Hospitality|[of] p1b: Sinistcha
|switch|p2a: Sinistcha|Sinistcha, L50|100/100
|-heal|p2b: Staraptor|100/100|[from] ability: Hospitality|[of] p2a: Sinistcha
|move|p1a: Incineroar|Fake Out|p2b: Staraptor
|-damage|p2b: Staraptor|95/100
|cant|p2b: Staraptor|flinch
|
|upkeep
|turn|5
|
|t:|1784087111
|switch|p2a: Incineroar|Incineroar, L50, M|100/100
|-ability|p2a: Incineroar|Intimidate|boost
|-unboost|p1a: Incineroar|atk|1
|-unboost|p1b: Sinistcha|atk|1
|move|p1b: Sinistcha|Rage Powder|p1b: Sinistcha
|-singleturn|p1b: Sinistcha|move: Rage Powder
|move|p2b: Staraptor|Brave Bird|p1b: Sinistcha
|-supereffective|p1b: Sinistcha|1
|-damage|p1b: Sinistcha|34/100
|-damage|p2b: Staraptor|76/100|[from] Recoil
|move|p1a: Incineroar|Parting Shot|p2a: Incineroar
|-unboost|p2a: Incineroar|atk|1
|-unboost|p2a: Incineroar|spa|1
|
|t:|1784087124
|switch|p1a: Delphox|Delphox-Mega, L50, F|9/100|[from] Parting Shot
|
|upkeep
|turn|6
|
|t:|1784087147
|switch|p1b: Sneasler|Sneasler, L50, M|100/100
|move|p1a: Delphox|Protect|p1a: Delphox
|-singleturn|p1a: Delphox|Protect
|move|p2b: Staraptor|Close Combat|p1a: Delphox
|-activate|p1a: Delphox|move: Protect
|move|p2a: Incineroar|Darkest Lariat|p1a: Delphox
|-activate|p1a: Delphox|move: Protect
|
|upkeep
|turn|7
|
|t:|1784087169
|switch|p2a: Gholdengo|Gholdengo, L50|1/100
|move|p2b: Staraptor|Protect|p2b: Staraptor
|-singleturn|p2b: Staraptor|Protect
|move|p1b: Sneasler|Close Combat|p2a: Gholdengo
|-immune|p2a: Gholdengo
|move|p1a: Delphox|Psyshock|p2b: Staraptor
|-activate|p2b: Staraptor|move: Protect
|
|upkeep
|turn|8
|
|t:|1784087196
|switch|p2a: Sinistcha|Sinistcha, L50|100/100
|-heal|p2b: Staraptor|100/100|[from] ability: Hospitality|[of] p2a: Sinistcha
|move|p1b: Sneasler|Close Combat|p2b: Staraptor
|-resisted|p2b: Staraptor|1
|-damage|p2b: Staraptor|79/100
|-unboost|p1b: Sneasler|def|1
|-unboost|p1b: Sneasler|spd|1
|move|p1a: Delphox|Heat Wave|p2b: Staraptor|[spread] p2a,p2b
|-supereffective|p2a: Sinistcha|1
|-damage|p2a: Sinistcha|14/100
|-damage|p2b: Staraptor|52/100
|move|p2b: Staraptor|Close Combat|p1a: Delphox
|-resisted|p1a: Delphox|1
|-damage|p1a: Delphox|0 fnt
|-boost|p2b: Staraptor|def|1
|-boost|p2b: Staraptor|spd|1
|faint|p1a: Delphox
|
|upkeep
|
|t:|1784087211
|switch|p1a: Incineroar|Incineroar, L50, M|81/100
|-ability|p1a: Incineroar|Intimidate|boost
|-unboost|p2a: Sinistcha|atk|1
|-boost|p2b: Staraptor|atk|1
|turn|9
|
|t:|1784087221
|switch|p2a: Gholdengo|Gholdengo, L50|1/100
|move|p2b: Staraptor|Protect|p2b: Staraptor
|-singleturn|p2b: Staraptor|Protect
|move|p1a: Incineroar|Fake Out|p2b: Staraptor
|-activate|p2b: Staraptor|move: Protect
|move|p1b: Sneasler|Poison Jab|p2a: Gholdengo
|-immune|p2a: Gholdengo
|
|upkeep
|turn|10
|
|t:|1784087237
|switch|p1b: Sinistcha|Sinistcha, L50|34/100
|-heal|p1a: Incineroar|100/100|[from] ability: Hospitality|[of] p1b: Sinistcha
|move|p2b: Staraptor|Close Combat|p1a: Incineroar
|-supereffective|p1a: Incineroar|1
|-damage|p1a: Incineroar|0 fnt
|-boost|p2b: Staraptor|def|1
|-boost|p2b: Staraptor|spd|1
|faint|p1a: Incineroar
|move|p2a: Gholdengo|Shadow Ball|p1b: Sinistcha
|-supereffective|p1b: Sinistcha|1
|-enditem|p1b: Sinistcha|Kasib Berry|[eat]
|-enditem|p1b: Sinistcha|Kasib Berry|[weaken]
|-damage|p1b: Sinistcha|0 fnt
|faint|p1b: Sinistcha
|-damage|p2a: Gholdengo|0 fnt|[from] item: Life Orb
|faint|p2a: Gholdengo
|
|upkeep
|-message|lux raymundi forfeited.
|raw|lux raymundi's rating: 1306 → 1284(-22 for losing)
|raw|murimuri evolution's rating: 1277 → 1304(+27 for winning)
|
|win|murimuri evolution
