|j|☆pawmifleet
|j|☆bathoven
|html|pawmifleetbathoven    
|uhtml|bestof|Game 2 of a best-of-3
|t:|1784072365
|gametype|doubles
|player|p1|pawmifleet|fisherman-gen4|1207
|player|p2|bathoven|pokemaniac|1129
|gen|9
|tier|[Gen 9 Champions] VGC 2026 Reg M-B (Bo3)
|rated|
|rule|Species Clause: Limit one of each Pokémon
|rule|Item Clause: Limit 1 of each item
|clearpoke
|poke|p1|Incineroar, L50, M|
|poke|p1|Venusaur, L50, M|
|poke|p1|Charizard, L50, M|
|poke|p1|Garchomp, L50, M|
|poke|p1|Toxapex, L50, M|
|poke|p1|Annihilape, L50, F|
|poke|p2|Typhlosion, L50, M|
|poke|p2|Froslass, L50, F|
|poke|p2|Aerodactyl, L50, F|
|poke|p2|Raichu, L50, F|
|poke|p2|Tsareena, L50, F|
|poke|p2|Corviknight, L50, M|
|teampreview|4
|showteam|p1|Incineroar||SitrusBerry|Intimidate|FakeOut,ThroatChop,FlareBlitz,PartingShot|Impish||M|||50|]Venusaur||LifeOrb|Chlorophyll|SolarBeam,SludgeBomb,EarthPower,Protect|Modest||M|||50|]Charizard||CharizarditeY|Blaze|HeatWave,WeatherBall,HelpingHand,Protect|Modest||M|||50|]Garchomp||ChoiceScarf|RoughSkin|DragonClaw,Earthquake,RockSlide,StompingTantrum|Adamant||M|||50|]Toxapex||Leftovers|Regenerator|Infestation,Toxic,BanefulBunker,WideGuard|Bold||M|||50|]Annihilape||FocusSash|Defiant|PhantomForce,CloseCombat,RockTomb,Protect|Jolly||F|||50|
|showteam|p2|Typhlosion||ChoiceScarf|FlashFire|Eruption,HeatWave,ScorchingSands,Overheat|Modest||M|||50|]Froslass||Froslassite|CursedBody|ShadowBall,AuroraVeil,Protect,Blizzard|Timid||F|||50|]Aerodactyl||Aerodactylite|Unnerve|Tailwind,RockSlide,DualWingbeat,Protect|Jolly||F|||50|]Raichu||MentalHerb|LightningRod|FakeOut,HelpingHand,Encore,Thunderbolt|Hasty||F|||50|]Tsareena||SitrusBerry|QueenlyMajesty|Uturn,TropKick,Taunt,KnockOff|Adamant||F|||50|]Corviknight||OccaBerry|MirrorArmor|Tailwind,Uturn,IronHead,BodyPress|Jolly||M|||50|
|inactive|Battle timer is ON: inactive players will automatically lose when time's up. (requested by pawmifleet)
|inactive|bathoven has 60 seconds left.
|
|t:|1784072404
|teamsize|p1|4
|teamsize|p2|4
|start
|switch|p1a: Annihilape|Annihilape, L50, F|100/100
|switch|p1b: Venusaur|Venusaur, L50, M|100/100
|switch|p2a: Raichu|Raichu, L50, F|100/100
|switch|p2b: Corviknight|Corviknight, L50, M|100/100
|turn|1
|
|t:|1784072423
|move|p2a: Raichu|Fake Out|p1b: Venusaur
|-damage|p1b: Venusaur|87/100
|move|p1a: Annihilape|Phantom Force||[still]
|-prepare|p1a: Annihilape|Phantom Force
|cant|p1b: Venusaur|flinch
|move|p2b: Corviknight|Tailwind|p2b: Corviknight
|-sidestart|p2: bathoven|move: Tailwind
|
|upkeep
|turn|2
|
|t:|1784072441
|move|p2a: Raichu|Helping Hand|p2b: Corviknight
|-singleturn|p2b: Corviknight|Helping Hand|[of] p2a: Raichu
|move|p2b: Corviknight|U-turn|p1b: Venusaur
|-damage|p1b: Venusaur|56/100
|
|t:|1784072447
|switch|p2b: Typhlosion|Typhlosion, L50, M|100/100|[from] U-turn
|move|p1a: Annihilape|Phantom Force|p2b: Typhlosion|[from] lockedmove
|-damage|p2b: Typhlosion|37/100
|move|p1b: Venusaur|Earth Power|p2a: Raichu
|-supereffective|p2a: Raichu|1
|-damage|p2a: Raichu|1/100
|-damage|p1b: Venusaur|46/100|[from] item: Life Orb
|
|upkeep
|turn|3
|
|t:|1784072460
|switch|p1b: Garchomp|Garchomp, L50, M|100/100
|move|p2a: Raichu|Helping Hand|p2b: Typhlosion
|-singleturn|p2b: Typhlosion|Helping Hand|[of] p2a: Raichu
|move|p1a: Annihilape|Protect|p1a: Annihilape
|-singleturn|p1a: Annihilape|Protect
|move|p2b: Typhlosion|Heat Wave|p1a: Annihilape|[spread] 
|-activate|p1a: Annihilape|move: Protect
|-miss|p2b: Typhlosion|p1b: Garchomp
|
|upkeep
|turn|4
|
|t:|1784072474
|switch|p1a: Charizard|Charizard, L50, M|100/100
|move|p2b: Typhlosion|Heat Wave|p1b: Garchomp|[spread] p1a,p1b
|-resisted|p1a: Charizard|1
|-resisted|p1b: Garchomp|1
|-damage|p1a: Charizard|78/100
|-damage|p1b: Garchomp|80/100
|move|p2a: Raichu|Encore||[still]
|-fail|p2a: Raichu
|move|p1b: Garchomp|Earthquake|p2a: Raichu|[spread] p2a,p2b
|-immune|p1a: Charizard
|-supereffective|p2a: Raichu|1
|-supereffective|p2b: Typhlosion|1
|-damage|p2a: Raichu|0 fnt
|-damage|p2b: Typhlosion|0 fnt
|faint|p2a: Raichu
|faint|p2b: Typhlosion
|
|-sideend|p2: bathoven|move: Tailwind
|upkeep
|
|t:|1784072478
|switch|p2a: Froslass|Froslass, L50, F|100/100
|switch|p2b: Corviknight|Corviknight, L50, M|100/100
|turn|5
|
|t:|1784072491
|switch|p1a: Annihilape|Annihilape, L50, F|100/100
|move|p2a: Froslass|Protect|p2a: Froslass
|-singleturn|p2a: Froslass|Protect
|move|p1b: Garchomp|Earthquake|p2a: Froslass|[spread] p1a
|-activate|p2a: Froslass|move: Protect
|-immune|p2b: Corviknight
|-damage|p1a: Annihilape|56/100
|move|p2b: Corviknight|Tailwind|p2b: Corviknight
|-sidestart|p2: bathoven|move: Tailwind
|
|upkeep
|turn|6
|
|t:|1784072506
|switch|p1b: Venusaur|Venusaur, L50, M|46/100
|move|p2a: Froslass|Blizzard|p1b: Venusaur|[spread] p1a,p1b
|-supereffective|p1b: Venusaur|1
|-damage|p1a: Annihilape|23/100
|-damage|p1b: Venusaur|0 fnt
|faint|p1b: Venusaur
|move|p2b: Corviknight|Iron Head|p1a: Annihilape
|-damage|p1a: Annihilape|0 fnt
|faint|p1a: Annihilape
|
|upkeep
|
|t:|1784072515
|switch|p1a: Garchomp|Garchomp, L50, M|80/100
|switch|p1b: Charizard|Charizard, L50, M|78/100
|turn|7
|
|t:|1784072529
|detailschange|p2a: Froslass|Froslass-Mega, L50, F
|-mega|p2a: Froslass|Froslass|Froslassite
|-weather|Snowscape|[from] ability: Snow Warning|[of] p2a: Froslass
|move|p2a: Froslass|Blizzard|p1a: Garchomp|[spread] p1a,p1b
|-supereffective|p1a: Garchomp|2
|-damage|p1a: Garchomp|0 fnt
|-damage|p1b: Charizard|26/100
|faint|p1a: Garchomp
|move|p2b: Corviknight|Body Press|p1b: Charizard
|-resisted|p1b: Charizard|1
|-damage|p1b: Charizard|16/100
|move|p1b: Charizard|Heat Wave|p2b: Corviknight|[spread] p2a,p2b
|-supereffective|p2a: Froslass|1
|-supereffective|p2b: Corviknight|1
|-enditem|p2b: Corviknight|Occa Berry|[eat]
|-enditem|p2b: Corviknight|Occa Berry|[weaken]
|-damage|p2a: Froslass|0 fnt
|-damage|p2b: Corviknight|53/100
|faint|p2a: Froslass
|
|-weather|Snowscape|[upkeep]
|upkeep
|turn|8
|
|t:|1784072548
|move|p1b: Charizard|Protect|p1b: Charizard
|-singleturn|p1b: Charizard|Protect
|move|p2b: Corviknight|Iron Head|p1b: Charizard
|-activate|p1b: Charizard|move: Protect
|
|-weather|Snowscape|[upkeep]
|-sideend|p2: bathoven|move: Tailwind
|upkeep
|turn|9
|
|t:|1784072560
|detailschange|p1b: Charizard|Charizard-Mega-Y, L50, M
|-mega|p1b: Charizard|Charizard|Charizardite Y
|-weather|SunnyDay|[from] ability: Drought|[of] p1b: Charizard
|move|p1b: Charizard|Weather Ball|p2b: Corviknight
|-supereffective|p2b: Corviknight|1
|-damage|p2b: Corviknight|0 fnt
|faint|p2b: Corviknight
|
|win|pawmifleet
