|j|☆MrTedno
|j|☆Bigboyblue3451
|html|MrTednoBigboyblue3451    
|uhtml|bestof|Game 3 of a best-of-3
|t:|1757109719
|gametype|doubles
|player|p1|MrTedno|barry|1247
|player|p2|Bigboyblue3451|170|1304
|gen|9
|tier|[Gen 9] VGC 2025 Reg H (Bo3)
|rated|
|rule|Species Clause: Limit one of each Pokémon
|rule|Item Clause: Limit 1 of each item
|clearpoke
|poke|p1|Ninetales-Alola, L50, M|
|poke|p1|Garchomp, L50, M|
|poke|p1|Flamigo, L50, M|
|poke|p1|Incineroar, L50, M|
|poke|p1|Gholdengo, L50|
|poke|p1|Amoonguss, L50, M|
|poke|p2|Pelipper, L50, F|
|poke|p2|Archaludon, L50, M|
|poke|p2|Basculegion, L50, M|
|poke|p2|Farigiraf, L50, M|
|poke|p2|Amoonguss, L50, M|
|poke|p2|Sneasler, L50, M|
|teampreview|4
|showteam|p1|Ninetales-Alola||LightClay|SnowWarning|Protect,Blizzard,FreezeDry,AuroraVeil|||M|||50|,,,,,Water]Garchomp||ClearAmulet|RoughSkin|Earthquake,DragonClaw,StompingTantrum,Protect|||M|||50|,,,,,Fire]Flamigo||CovertCloak|Scrappy|BraveBird,CloseCombat,Tailwind,Detect|||M|||50|,,,,,Stellar]Incineroar||SafetyGoggles|Intimidate|FakeOut,PartingShot,FlareBlitz,KnockOff|||M|||50|,,,,,Ghost]Gholdengo||LifeOrb|GoodasGold|ShadowBall,MakeItRain,NastyPlot,Protect||||||50|,,,,,Flying]Amoonguss||SitrusBerry|Regenerator|Spore,RagePowder,PollenPuff,ClearSmog|||M|||50|,,,,,Water
|showteam|p2|Pelipper||FocusSash|Drizzle|Hurricane,MuddyWater,Tailwind,Protect|||F|||50|,,,,,Fairy]Archaludon||AssaultVest|Stamina|ElectroShot,Snarl,DracoMeteor,BodyPress|||M|||50|,,,,,Bug]Basculegion||ChoiceBand|SwiftSwim|AquaJet,FlipTurn,WaveCrash,LastRespects|||M|||50|,,,,,Water]Farigiraf||SafetyGoggles|ArmorTail|Psychic,TeraBlast,TrickRoom,Protect|||M|||50|,,,,,Fighting]Amoonguss||CovertCloak|Regenerator|Spore,PollenPuff,RagePowder,ClearSmog|||M|||50|,,,,,Water]Sneasler||WhiteHerb|Unburden|CloseCombat,DireClaw,FakeOut,Protect|||M|||50|,,,,,Stellar
|
|t:|1757109757
|teamsize|p1|4
|teamsize|p2|4
|start
|switch|p1a: Skipper|Gholdengo, L50|100/100
|switch|p1b: Melman|Amoonguss, L50, M|100/100
|switch|p2a: Farigiraf|Farigiraf, L50, M|100/100
|switch|p2b: Archaludon|Archaludon, L50, M|100/100
|turn|1
|
|t:|1757109805
|switch|p2a: Pelipper|Pelipper, L50, F|100/100
|-weather|RainDance|[from] ability: Drizzle|[of] p2a: Pelipper
|switch|p1b: Gloria|Ninetales-Alola, L50, M|100/100
|-weather|Snowscape|[from] ability: Snow Warning|[of] p1b: Gloria
|move|p1a: Skipper|Nasty Plot|p1a: Skipper
|-boost|p1a: Skipper|spa|2
|move|p2b: Archaludon|Electro Shot||[still]
|-prepare|p2b: Archaludon|Electro Shot
|-boost|p2b: Archaludon|spa|1
|
|-weather|Snowscape|[upkeep]
|upkeep
|turn|2
|
|t:|1757109834
|switch|p2a: Farigiraf|Farigiraf, L50, M|100/100
|move|p1a: Skipper|Protect|p1a: Skipper
|-singleturn|p1a: Skipper|Protect
|move|p1b: Gloria|Aurora Veil|p1b: Gloria
|-sidestart|p1: MrTedno|move: Aurora Veil
|move|p2b: Archaludon|Electro Shot|p1b: Gloria|[from] lockedmove
|-damage|p1b: Gloria|61/100
|
|-weather|Snowscape|[upkeep]
|upkeep
|turn|3
|
|t:|1757109890
|switch|p2a: Pelipper|Pelipper, L50, F|100/100
|-weather|RainDance|[from] ability: Drizzle|[of] p2a: Pelipper
|move|p1b: Gloria|Freeze-Dry|p2b: Archaludon
|-damage|p2b: Archaludon|86/100
|-ability|p2b: Archaludon|Stamina|boost
|-boost|p2b: Archaludon|def|1
|move|p1a: Skipper|Shadow Ball|p2b: Archaludon
|-damage|p2b: Archaludon|11/100
|-ability|p2b: Archaludon|Stamina|boost
|-boost|p2b: Archaludon|def|1
|-damage|p1a: Skipper|91/100|[from] item: Life Orb
|move|p2b: Archaludon|Electro Shot||[still]
|-prepare|p2b: Archaludon|Electro Shot
|-boost|p2b: Archaludon|spa|1
|-anim|p2b: Archaludon|Electro Shot|p1a: Skipper
|-damage|p1a: Skipper|40/100
|
|-weather|RainDance|[upkeep]
|upkeep
|turn|4
|
|t:|1757109922
|move|p2a: Pelipper|Protect|p2a: Pelipper
|-singleturn|p2a: Pelipper|Protect
|move|p1b: Gloria|Freeze-Dry|p2a: Pelipper
|-activate|p2a: Pelipper|move: Protect
|move|p1a: Skipper|Make It Rain|p2b: Archaludon|[spread] p2b
|-activate|p2a: Pelipper|move: Protect
|-resisted|p2b: Archaludon
|-damage|p2b: Archaludon|0 fnt
|-unboost|p1a: Skipper|spa|1
|faint|p2b: Archaludon
|-damage|p1a: Skipper|30/100|[from] item: Life Orb
|
|-weather|RainDance|[upkeep]
|upkeep
|
|t:|1757109933
|switch|p2b: Basculegion|Basculegion, L50, M|100/100
|turn|5
|
|t:|1757109952
|switch|p1b: Melman|Amoonguss, L50, M|100/100
|move|p1a: Skipper|Protect|p1a: Skipper
|-singleturn|p1a: Skipper|Protect
|move|p2b: Basculegion|Flip Turn|p1b: Melman
|-resisted|p1b: Melman
|-damage|p1b: Melman|84/100
|
|t:|1757109957
|switch|p2b: Farigiraf|Farigiraf, L50, M|100/100|[from] Flip Turn
|move|p2a: Pelipper|Tailwind|p2a: Pelipper
|-sidestart|p2: Bigboyblue3451|move: Tailwind
|
|-weather|RainDance|[upkeep]
|upkeep
|turn|6
|
|t:|1757109982
|switch|p1a: Gloria|Ninetales-Alola, L50, M|61/100
|-weather|Snowscape|[from] ability: Snow Warning|[of] p1a: Gloria
|-terastallize|p1b: Melman|Water
|move|p2a: Pelipper|Muddy Water|p1a: Gloria|[spread] p1a,p1b
|-resisted|p1b: Melman
|-damage|p1a: Gloria|41/100
|-damage|p1b: Melman|75/100
|-unboost|p1a: Gloria|accuracy|1
|-unboost|p1b: Melman|accuracy|1
|move|p2b: Farigiraf|Psychic|p1b: Melman
|-damage|p1b: Melman|55/100
|move|p1b: Melman|Spore|p2a: Pelipper
|-status|p2a: Pelipper|slp|[from] move: Spore
|
|-weather|Snowscape|[upkeep]
|upkeep
|turn|7
|
|t:|1757110001
|switch|p1b: Skipper|Gholdengo, L50|30/100
|cant|p2a: Pelipper|slp
|move|p1a: Gloria|Freeze-Dry|p2a: Pelipper|[miss]
|-miss|p1a: Gloria|p2a: Pelipper
|move|p2b: Farigiraf|Psychic|p1a: Gloria
|-damage|p1a: Gloria|13/100
|
|-weather|Snowscape|[upkeep]
|upkeep
|turn|8
|
|t:|1757110022
|-curestatus|p2a: Pelipper|slp|[msg]
|move|p2a: Pelipper|Muddy Water|p1a: Gloria|[spread] p1b
|-miss|p2a: Pelipper|p1a: Gloria
|-damage|p1b: Skipper|9/100
|-unboost|p1b: Skipper|accuracy|1
|move|p1a: Gloria|Freeze-Dry|p2a: Pelipper
|-supereffective|p2a: Pelipper
|-enditem|p2a: Pelipper|Focus Sash
|-damage|p2a: Pelipper|1/100
|move|p2b: Farigiraf|Psychic|p1a: Gloria
|-damage|p1a: Gloria|0 fnt
|faint|p1a: Gloria
|move|p1b: Skipper|Make It Rain|p2a: Pelipper|[spread] p2a,p2b
|-resisted|p2a: Pelipper
|-damage|p2a: Pelipper|0 fnt
|-damage|p2b: Farigiraf|41/100
|-unboost|p1b: Skipper|spa|1
|faint|p2a: Pelipper
|-damage|p1b: Skipper|0 fnt|[from] item: Life Orb
|faint|p1b: Skipper
|
|-weather|Snowscape|[upkeep]
|-sideend|p2: Bigboyblue3451|move: Tailwind
|upkeep
|
|t:|1757110039
|switch|p1a: Flamigo|Flamigo, L50, M|100/100
|switch|p1b: Melman|Amoonguss, L50, M, tera:Water|88/100
|switch|p2a: Basculegion|Basculegion, L50, M|100/100
|turn|9
|
|t:|1757110080
|move|p1b: Melman|Rage Powder|p1b: Melman
|-singleturn|p1b: Melman|move: Rage Powder
|move|p1a: Flamigo|Close Combat|p2a: Basculegion
|-damage|p2a: Basculegion|20/100
|-unboost|p1a: Flamigo|def|1
|-unboost|p1a: Flamigo|spd|1
|move|p2a: Basculegion|Last Respects|p1b: Melman
|-damage|p1b: Melman|35/100
|-enditem|p1b: Melman|Sitrus Berry|[eat]
|-heal|p1b: Melman|60/100|[from] item: Sitrus Berry
|move|p2b: Farigiraf|Psychic|p1a: Flamigo
|-supereffective|p1a: Flamigo
|-damage|p1a: Flamigo|0 fnt
|faint|p1a: Flamigo
|
|-weather|Snowscape|[upkeep]
|-sideend|p1: MrTedno|move: Aurora Veil
|upkeep
|turn|10
|
|t:|1757110103
|move|p2a: Basculegion|Last Respects|p1b: Melman
|-damage|p1b: Melman|0 fnt
|faint|p1b: Melman
|
|win|Bigboyblue3451
|raw|MrTedno's rating: 1247 → 1226(-21 for losing)
|raw|Bigboyblue3451's rating: 1304 → 1321(+17 for winning)
|l|☆MrTedno
|player|p1|
