|j|☆we all hate ursf
|j|☆trainerredvgc26
|html|we all hate ursftrainerredvgc26    
|uhtml|bestof|Game 2 of a best-of-3
|t:|1756343572
|gametype|doubles
|player|p1|we all hate ursf|shadowtriad|1101
|player|p2|trainerredvgc26|1|1127
|gen|9
|tier|[Gen 9] VGC 2025 Reg H (Bo3)
|rated|
|rule|Species Clause: Limit one of each Pokémon
|rule|Item Clause: Limit 1 of each item
|clearpoke
|poke|p1|Garchomp, L50, F|
|poke|p1|Talonflame, L50, M|
|poke|p1|Gholdengo, L50|
|poke|p1|Ninetales-Alola, L50, M|
|poke|p1|Amoonguss, L50, M|
|poke|p1|Incineroar, L50, F|
|poke|p2|Ursaluna, L50, M|
|poke|p2|Dragonite, L50, M|
|poke|p2|Archaludon, L50, M|
|poke|p2|Pelipper, L50, M|
|poke|p2|Incineroar, L50, F|
|poke|p2|Sinistcha, L50|
|teampreview|4
|showteam|p1|Garchomp||ClearAmulet|RoughSkin|Earthquake,DragonClaw,SwordsDance,Protect|||F|||50|,,,,,Fire]Talonflame||FocusSash|GaleWings|BraveBird,Taunt,Tailwind,QuickGuard|||M|||50|,,,,,Ghost]Gholdengo||MetalCoat|GoodasGold|MakeItRain,ShadowBall,NastyPlot,Protect||||||50|,,,,,Steel]Ninetales-Alola||LightClay|SnowWarning|Blizzard,FreezeDry,AuroraVeil,Protect|||M|||50|,,,,,Fire]Amoonguss||SitrusBerry|Regenerator|Spore,RagePowder,PollenPuff,Protect|||M|||50|,,,,,Fairy]Incineroar||SafetyGoggles|Intimidate|FakeOut,PartingShot,KnockOff,FlareBlitz|||F|||50|,,,,,Ghost
|showteam|p2|Ursaluna||FlameOrb|Guts|Facade,HeadlongRush,Earthquake,Protect|||M|||50|,,,,,Ghost]Dragonite||LoadedDice|Multiscale|ScaleShot,Haze,Tailwind,Protect|||M|||50|,,,,,Fairy]Archaludon||AssaultVest|Stamina|FlashCannon,DragonPulse,ElectroShot,BodyPress|||M|||50|,,,,,Bug]Pelipper||FocusSash|Drizzle|Hurricane,WeatherBall,WideGuard,Protect|||M|||50|,,,,,Stellar]Incineroar||SafetyGoggles|Intimidate|FlareBlitz,PartingShot,KnockOff,FakeOut|||F|||50|,,,,,Ghost]Sinistcha||SitrusBerry|Hospitality|MatchaGotcha,RagePowder,LifeDew,TrickRoom||||||50|,,,,,Dark
|inactive|Battle timer is ON: inactive players will automatically lose when time's up. (requested by we all hate ursf)
|inactive|we all hate ursf has 60 seconds left.
|inactive|trainerredvgc26 has 60 seconds left.
|
|t:|1756343611
|teamsize|p1|4
|teamsize|p2|4
|start
|switch|p1a: Amoonguss|Amoonguss, L50, M|100/100
|switch|p1b: Garchomp|Garchomp, L50, F|100/100
|switch|p2a: Archaludon|Archaludon, L50, M|100/100
|switch|p2b: Incineroar|Incineroar, L50, F|100/100
|-ability|p2b: Incineroar|Intimidate|boost
|-unboost|p1a: Amoonguss|atk|1
|-fail|p1b: Garchomp|unboost|[from] item: Clear Amulet|[of] p1b: Garchomp
|turn|1
|inactive|trainerredvgc26 has 30 seconds left.
|inactive|trainerredvgc26 has 20 seconds left.
|inactive|trainerredvgc26 has 15 seconds left.
|inactive|trainerredvgc26 has 10 seconds left.
|
|t:|1756343659
|-terastallize|p2a: Archaludon|Bug
|move|p1b: Garchomp|Protect|p1b: Garchomp
|-singleturn|p1b: Garchomp|Protect
|move|p2a: Archaludon|Flash Cannon|p1a: Amoonguss
|-damage|p1a: Amoonguss|72/100
|move|p2b: Incineroar|Flare Blitz|p1a: Amoonguss
|-supereffective|p1a: Amoonguss
|-damage|p1a: Amoonguss|0 fnt
|faint|p1a: Amoonguss
|-damage|p2b: Incineroar|75/100|[from] Recoil
|
|upkeep
|
|t:|1756343669
|switch|p1a: Gholdengo|Gholdengo, L50|100/100
|turn|2
|inactive|trainerredvgc26 has 30 seconds left.
|inactive|trainerredvgc26 has 20 seconds left.
|inactive|trainerredvgc26 has 15 seconds left.
|inactive|trainerredvgc26 has 10 seconds left.
|
|t:|1756343715
|switch|p2a: Sinistcha|Sinistcha, L50|100/100
|-heal|p2b: Incineroar|99/100|[from] ability: Hospitality|[of] p2a: Sinistcha
|move|p1b: Garchomp|Dragon Claw|p2b: Incineroar
|-damage|p2b: Incineroar|58/100
|move|p1a: Gholdengo|Nasty Plot|p1a: Gholdengo
|-boost|p1a: Gholdengo|spa|2
|move|p2b: Incineroar|Flare Blitz|p1a: Gholdengo
|-supereffective|p1a: Gholdengo
|-damage|p1a: Gholdengo|9/100
|-damage|p2b: Incineroar|32/100|[from] Recoil
|
|upkeep
|turn|3
|inactive|trainerredvgc26 has 30 seconds left.
|inactive|trainerredvgc26 has 20 seconds left.
|inactive|trainerredvgc26 has 15 seconds left.
|inactive|trainerredvgc26 has 10 seconds left.
|
|t:|1756343761
|switch|p2a: Pelipper|Pelipper, L50, M|100/100
|-weather|RainDance|[from] ability: Drizzle|[of] p2a: Pelipper
|move|p1b: Garchomp|Swords Dance|p1b: Garchomp
|-boost|p1b: Garchomp|atk|2
|move|p1a: Gholdengo|Make It Rain|p2a: Pelipper|[spread] p2a,p2b
|-resisted|p2a: Pelipper
|-resisted|p2b: Incineroar
|-damage|p2a: Pelipper|3/100
|-damage|p2b: Incineroar|0 fnt
|-unboost|p1a: Gholdengo|spa|1
|faint|p2b: Incineroar
|
|-weather|RainDance|[upkeep]
|upkeep
|inactive|trainerredvgc26 has 30 seconds left.
|
|t:|1756343786
|switch|p2b: Archaludon|Archaludon, L50, M, tera:Bug|100/100
|turn|4
|
|t:|1756343810
|-terastallize|p1b: Garchomp|Fire
|move|p2a: Pelipper|Wide Guard|p2a: Pelipper
|-singleturn|p2a: Pelipper|Wide Guard
|move|p1b: Garchomp|Dragon Claw|p2a: Pelipper
|-damage|p2a: Pelipper|0 fnt
|faint|p2a: Pelipper
|move|p1a: Gholdengo|Shadow Ball|p2b: Archaludon
|-damage|p2b: Archaludon|53/100
|-ability|p2b: Archaludon|Stamina|boost
|-boost|p2b: Archaludon|def|1
|move|p2b: Archaludon|Flash Cannon|p1a: Gholdengo
|-resisted|p1a: Gholdengo
|-damage|p1a: Gholdengo|0 fnt
|faint|p1a: Gholdengo
|
|-weather|RainDance|[upkeep]
|upkeep
|
|t:|1756343825
|switch|p2a: Sinistcha|Sinistcha, L50|100/100
|switch|p1a: Ninetales|Ninetales-Alola, L50, M|100/100
|-weather|Snowscape|[from] ability: Snow Warning|[of] p1a: Ninetales
|-heal|p2b: Archaludon|78/100|[from] ability: Hospitality|[of] p2a: Sinistcha
|turn|5
|
|t:|1756343841
|move|p1b: Garchomp|Dragon Claw|p2a: Sinistcha
|-damage|p2a: Sinistcha|33/100
|-enditem|p2a: Sinistcha|Sitrus Berry|[eat]
|-heal|p2a: Sinistcha|58/100|[from] item: Sitrus Berry
|move|p1a: Ninetales|Aurora Veil|p1a: Ninetales
|-sidestart|p1: we all hate ursf|move: Aurora Veil
|move|p2b: Archaludon|Flash Cannon|p1a: Ninetales
|-supereffective|p1a: Ninetales
|-damage|p1a: Ninetales|23/100
|move|p2a: Sinistcha|Life Dew|p2a: Sinistcha|[spread] p2a,p2b
|-heal|p2a: Sinistcha|83/100
|-heal|p2b: Archaludon|100/100
|
|-weather|Snowscape|[upkeep]
|upkeep
|turn|6
|
|t:|1756343864
|move|p1b: Garchomp|Dragon Claw|p2a: Sinistcha
|-damage|p2a: Sinistcha|14/100
|move|p1a: Ninetales|Freeze-Dry|p2a: Sinistcha
|-supereffective|p2a: Sinistcha
|-damage|p2a: Sinistcha|0 fnt
|faint|p2a: Sinistcha
|move|p2b: Archaludon|Flash Cannon|p1a: Ninetales
|-supereffective|p1a: Ninetales
|-damage|p1a: Ninetales|0 fnt
|faint|p1a: Ninetales
|
|-weather|Snowscape|[upkeep]
|upkeep
|turn|7
|
|t:|1756343883
|move|p1b: Garchomp|Dragon Claw|p2b: Archaludon
|-damage|p2b: Archaludon|56/100
|-ability|p2b: Archaludon|Stamina|boost
|-boost|p2b: Archaludon|def|1
|move|p2b: Archaludon|Dragon Pulse|p1b: Garchomp
|-damage|p1b: Garchomp|73/100
|
|-weather|Snowscape|[upkeep]
|upkeep
|turn|8
|
|t:|1756343896
|move|p1b: Garchomp|Dragon Claw|p2b: Archaludon
|-damage|p2b: Archaludon|25/100
|-ability|p2b: Archaludon|Stamina|boost
|-boost|p2b: Archaludon|def|1
|move|p2b: Archaludon|Dragon Pulse|p1b: Garchomp
|-damage|p1b: Garchomp|46/100
|
|-weather|Snowscape|[upkeep]
|upkeep
|turn|9
|
|t:|1756343909
|move|p1b: Garchomp|Dragon Claw|p2b: Archaludon
|-damage|p2b: Archaludon|0 fnt
|faint|p2b: Archaludon
|
|win|we all hate ursf
||we all hate ursf is ready for game 3.
||trainerredvgc26 is ready for game 3.
|uhtml|next|Next: Game 3 of 3
|l|☆we all hate ursf
|player|p1|
|l|☆trainerredvgc26
|player|p2|
|j|☆trainerredvgc26
|player|p2|trainerredvgc26|1|
