|j|☆RosieAndJim
|j|☆XB493
|html|RosieAndJimXB493    
|uhtml|bestof|Game 1 of a best-of-3
|t:|1756169009
|gametype|doubles
|player|p1|RosieAndJim|170|1130
|player|p2|XB493|norman|1202
|gen|9
|tier|[Gen 9] VGC 2025 Reg H (Bo3)
|rated|
|rule|Species Clause: Limit one of each Pokémon
|rule|Item Clause: Limit 1 of each item
|clearpoke
|poke|p1|Inteleon, L50, F|
|poke|p1|Farigiraf, L50, M|
|poke|p1|Murkrow, L50, F|
|poke|p1|Archaludon, L50, M|
|poke|p1|Garchomp, L50, M|
|poke|p1|Incineroar, L50, F|
|poke|p2|Archaludon, L50, M|
|poke|p2|Pelipper, L50, M|
|poke|p2|Amoonguss, L50, F|
|poke|p2|Kingambit, L50, M|
|poke|p2|Sneasler, L50, F|
|poke|p2|Basculegion, L50, M|
|teampreview|4
|showteam|p1|Inteleon||ChoiceSpecs|Sniper|SnipeShot,Scald,ShadowBall,FlipTurn|||F|||50|,,,,,Water]Farigiraf||ThroatSpray|ArmorTail|Psychic,HyperVoice,HelpingHand,TrickRoom|||M|||50|,,,,,Fairy]Murkrow||Eviolite|Prankster|FoulPlay,Tailwind,RainDance,Haze|||F|||50|,,,,,Ghost]Archaludon||AssaultVest|Stamina|ElectroShot,DragonPulse,BodyPress,Snarl|||M|||50|,,,,,Grass]Garchomp||LifeOrb|RoughSkin|Earthquake,DragonClaw,StompingTantrum,Protect|||M|||50|,,,,,Ground]Incineroar||SafetyGoggles|Intimidate|FlareBlitz,KnockOff,PartingShot,FakeOut|||F|||50|,,,,,Ghost
|showteam|p2|Archaludon||AssaultVest|Stamina|ElectroShot,DracoMeteor,FlashCannon,BodyPress|||M|||50|,,,,,Bug]Pelipper||FocusSash|Drizzle|WideGuard,WeatherBall,Hurricane,Tailwind|||M|||50|,,,,,Ghost]Amoonguss||SitrusBerry|Regenerator|ClearSmog,PollenPuff,RagePowder,Spore|||F|||50|,,,,,Water]Kingambit||BlackGlasses|Defiant|KowtowCleave,LowKick,SuckerPunch,IronHead|||M|||50|,,,,,Ghost]Sneasler||WhiteHerb|Unburden|FakeOut,CloseCombat,DireClaw,Taunt|||F|||50|,,,,,Dark]Basculegion||MysticWater|SwiftSwim|WaveCrash,LastRespects,AquaJet,Protect|||M|||50|,,,,,Water
|inactive|Battle timer is ON: inactive players will automatically lose when time's up. (requested by XB493)
|
|t:|1756169055
|teamsize|p1|4
|teamsize|p2|4
|start
|switch|p1a: Inteleon|Inteleon, L50, F|100/100
|switch|p1b: Incineroar|Incineroar, L50, F|100/100
|switch|p2a: Amoonguss|Amoonguss, L50, F, shiny|100/100
|switch|p2b: Sneasler|Sneasler, L50, F|100/100
|-ability|p1b: Incineroar|Intimidate|boost
|-unboost|p2a: Amoonguss|atk|1
|-unboost|p2b: Sneasler|atk|1
|-enditem|p2b: Sneasler|White Herb
|-clearnegativeboost|p2b: Sneasler|[silent]
|turn|1
|inactive|RosieAndJim has 30 seconds left.
|
|t:|1756169083
|switch|p2b: Archaludon|Archaludon, L50, M, shiny|100/100
|switch|p1b: Farigiraf|Farigiraf, L50, M|100/100
|-terastallize|p1a: Inteleon|Water
|move|p1a: Inteleon|Snipe Shot|p2b: Archaludon
|-resisted|p2b: Archaludon
|-crit|p2b: Archaludon
|-damage|p2b: Archaludon|29/100
|-ability|p2b: Archaludon|Stamina|boost
|-boost|p2b: Archaludon|def|1
|move|p2a: Amoonguss|Spore|p1a: Inteleon
|-status|p1a: Inteleon|slp|[from] move: Spore
|
|upkeep
|turn|2
|
|t:|1756169105
|cant|p1a: Inteleon|slp
|move|p2b: Archaludon|Body Press|p1b: Farigiraf
|-damage|p1b: Farigiraf|66/100
|move|p1b: Farigiraf|Psychic|p2a: Amoonguss
|-supereffective|p2a: Amoonguss
|-damage|p2a: Amoonguss|40/100
|-unboost|p2a: Amoonguss|spd|1
|-enditem|p2a: Amoonguss|Sitrus Berry|[eat]
|-heal|p2a: Amoonguss|65/100|[from] item: Sitrus Berry
|move|p2a: Amoonguss|Pollen Puff|p2b: Archaludon
|-heal|p2b: Archaludon|78/100
|
|upkeep
|turn|3
|
|t:|1756169128
|switch|p2a: Pelipper|Pelipper, L50, M, shiny|100/100
|-weather|RainDance|[from] ability: Drizzle|[of] p2a: Pelipper
|cant|p1a: Inteleon|slp
|move|p2b: Archaludon|Electro Shot||[still]
|-prepare|p2b: Archaludon|Electro Shot
|-boost|p2b: Archaludon|spa|1
|-anim|p2b: Archaludon|Electro Shot|p1a: Inteleon
|-supereffective|p1a: Inteleon
|-damage|p1a: Inteleon|0 fnt
|faint|p1a: Inteleon
|move|p1b: Farigiraf|Psychic|p2a: Pelipper
|-damage|p2a: Pelipper|29/100
|
|-weather|RainDance|[upkeep]
|upkeep
|
|t:|1756169148
|switch|p1a: Archaludon|Archaludon, L50, M|100/100
|turn|4
|
|t:|1756169171
|move|p2a: Pelipper|Weather Ball|p1b: Farigiraf
|-damage|p1b: Farigiraf|3/100
|move|p1a: Archaludon|Electro Shot||[still]
|-prepare|p1a: Archaludon|Electro Shot
|-boost|p1a: Archaludon|spa|1
|-anim|p1a: Archaludon|Electro Shot|p2a: Pelipper
|-supereffective|p2a: Pelipper
|-damage|p2a: Pelipper|0 fnt
|faint|p2a: Pelipper
|move|p2b: Archaludon|Draco Meteor|p1a: Archaludon
|-crit|p1a: Archaludon
|-damage|p1a: Archaludon|0 fnt
|-unboost|p2b: Archaludon|spa|2
|faint|p1a: Archaludon
|move|p1b: Farigiraf|Hyper Voice|p2b: Archaludon
|-resisted|p2b: Archaludon
|-damage|p2b: Archaludon|63/100
|-ability|p2b: Archaludon|Stamina|boost
|-boost|p2b: Archaludon|def|1
|-enditem|p1b: Farigiraf|Throat Spray
|-boost|p1b: Farigiraf|spa|1|[from] item: Throat Spray
|
|-weather|RainDance|[upkeep]
|upkeep
|
|t:|1756169189
|switch|p2a: Sneasler|Sneasler, L50, F|100/100
|switch|p1a: Incineroar|Incineroar, L50, F|100/100
|-ability|p1a: Incineroar|Intimidate|boost
|-unboost|p2a: Sneasler|atk|1
|-unboost|p2b: Archaludon|atk|1
|turn|5
|
|t:|1756169201
|move|p2a: Sneasler|Close Combat|p1a: Incineroar
|-supereffective|p1a: Incineroar
|-damage|p1a: Incineroar|15/100
|-unboost|p2a: Sneasler|def|1
|-unboost|p2a: Sneasler|spd|1
|move|p2b: Archaludon|Electro Shot||[still]
|-prepare|p2b: Archaludon|Electro Shot
|-boost|p2b: Archaludon|spa|1
|-anim|p2b: Archaludon|Electro Shot|p1b: Farigiraf
|-damage|p1b: Farigiraf|0 fnt
|faint|p1b: Farigiraf
|move|p1a: Incineroar|Knock Off|p2b: Archaludon
|-damage|p2b: Archaludon|47/100
|-ability|p2b: Archaludon|Stamina|boost
|-boost|p2b: Archaludon|def|1
|-enditem|p2b: Archaludon|Assault Vest|[from] move: Knock Off|[of] p1a: Incineroar
|
|-weather|RainDance|[upkeep]
|upkeep
|turn|6
|
|t:|1756169218
|move|p2a: Sneasler|Close Combat|p1a: Incineroar
|-supereffective|p1a: Incineroar
|-damage|p1a: Incineroar|0 fnt
|-unboost|p2a: Sneasler|def|1
|-unboost|p2a: Sneasler|spd|1
|faint|p1a: Incineroar
|
|win|XB493
