|j|☆SitrusC
|j|☆SaxVGC
|html|SitrusCSaxVGC    
|uhtml|bestof|Game 2 of a best-of-3
|t:|1783530645
|gametype|doubles
|player|p1|SitrusC|lucas|
|player|p2|SaxVGC|palmer|
|gen|9
|tier|[Gen 9 Champions] VGC 2026 Reg M-B (Bo3)
|rule|Species Clause: Limit one of each Pokémon
|rule|Item Clause: Limit 1 of each item
|clearpoke
|poke|p1|Charizard, L50, F, shiny|
|poke|p1|Garchomp, L50, M|
|poke|p1|Kingambit, L50, M|
|poke|p1|Aerodactyl, L50, M|
|poke|p1|Sylveon, L50, F|
|poke|p1|Farigiraf, L50, M|
|poke|p2|Staraptor, L50, F|
|poke|p2|Gholdengo, L50|
|poke|p2|Whimsicott, L50, M|
|poke|p2|Garchomp, L50, M|
|poke|p2|Incineroar, L50, M|
|poke|p2|Farigiraf, L50, M|
|teampreview|4
|showteam|p1|Charizard||CharizarditeY|Blaze|Protect,HeatWave,SolarBeam,WeatherBall|Modest||F|||50|]Garchomp||LifeOrb|RoughSkin|Protect,Earthquake,DragonClaw,StompingTantrum|Jolly||M|||50|]Kingambit||FocusSash|Defiant|LowKick,IronHead,SuckerPunch,KowtowCleave|Adamant||M|||50|]Aerodactyl||Aerodactylite|Unnerve|Tailwind,IceFang,RockSlide,WideGuard|Jolly||M|||50|]Sylveon||FairyFeather|Pixilate|Protect,HyperVoice,HyperBeam,QuickAttack|Modest||F|||50|]Farigiraf||SitrusBerry|ArmorTail|TrickRoom,TwinBeam,Thunderbolt,HelpingHand|Bold||M|||50|
|showteam|p2|Staraptor||Staraptite|Intimidate|BraveBird,CloseCombat,Roost,Protect|Jolly||F|||50|]Gholdengo||LifeOrb|GoodasGold|MakeItRain,ShadowBall,PowerGem,Protect|Modest|||||50|]Whimsicott||FocusSash|Prankster|Moonblast,Tailwind,Encore,Charm|Modest||M|||50|]Garchomp||RoseliBerry|RoughSkin|StompingTantrum,DragonClaw,RockSlide,Protect|Jolly||M|||50|]Incineroar||PasshoBerry|Intimidate|FakeOut,FlareBlitz,PartingShot,ThroatChop|Impish||M|||50|]Farigiraf||ColburBerry|ArmorTail|Psychic,Thunderbolt,Imprison,TrickRoom|Bold||M|||50|
|inactive|Battle timer is ON: inactive players will automatically lose when time's up. (requested by SitrusC)
|c|☆SitrusC|Glhf
|c|☆SaxVGC|glhf
|inactive|SitrusC has 60 seconds left.
|inactive|SaxVGC has 60 seconds left.
|inactive|SaxVGC has 30 seconds left.
|inactive|SaxVGC has 20 seconds left.
|inactive|SaxVGC has 15 seconds left.
|
|t:|1783530724
|teamsize|p1|4
|teamsize|p2|4
|start
|switch|p1a: Aerodactyl|Aerodactyl, L50, M|100/100
|switch|p1b: Charizard|Charizard, L50, F, shiny|100/100
|switch|p2a: Staraptor|Staraptor, L50, F|100/100
|switch|p2b: Gholdengo|Gholdengo, L50|100/100
|-ability|p1a: Aerodactyl|Unnerve
|-ability|p2a: Staraptor|Intimidate|boost
|-unboost|p1a: Aerodactyl|atk|1
|-unboost|p1b: Charizard|atk|1
|turn|1
|inactive|SitrusC has 30 seconds left.
|
|t:|1783530751
|switch|p2b: Incineroar|Incineroar, L50, M|100/100
|-ability|p2b: Incineroar|Intimidate|boost
|-unboost|p1a: Aerodactyl|atk|1
|-unboost|p1b: Charizard|atk|1
|detailschange|p2a: Staraptor|Staraptor-Mega, L50, F
|-mega|p2a: Staraptor|Staraptor|Staraptite
|detailschange|p1b: Charizard|Charizard-Mega-Y, L50, F, shiny
|-mega|p1b: Charizard|Charizard|Charizardite Y
|-weather|SunnyDay|[from] ability: Drought|[of] p1b: Charizard
|move|p1a: Aerodactyl|Tailwind|p1a: Aerodactyl
|-sidestart|p1: SitrusC|move: Tailwind
|move|p1b: Charizard|Weather Ball|p2a: Staraptor
|-damage|p2a: Staraptor|11/100
|move|p2a: Staraptor|Close Combat|p1a: Aerodactyl
|-damage|p1a: Aerodactyl|15/100
|-boost|p2a: Staraptor|def|1
|-boost|p2a: Staraptor|spd|1
|
|-weather|SunnyDay|[upkeep]
|upkeep
|turn|2
|inactive|SitrusC has 30 seconds left.
|inactive|SaxVGC has 30 seconds left.
|
|t:|1783530783
|switch|p1a: Sylveon|Sylveon, L50, F|100/100
|move|p1b: Charizard|Protect|p1b: Charizard
|-singleturn|p1b: Charizard|Protect
|move|p2a: Staraptor|Protect|p2a: Staraptor
|-singleturn|p2a: Staraptor|Protect
|move|p2b: Incineroar|Parting Shot|p1b: Charizard
|-activate|p1b: Charizard|move: Protect
|
|-weather|SunnyDay|[upkeep]
|upkeep
|turn|3
|inactive|SaxVGC has 30 seconds left.
|inactive|SaxVGC has 20 seconds left.
|inactive|SaxVGC has 15 seconds left.
|inactive|SaxVGC has 10 seconds left.
|
|t:|1783530830
|move|p1b: Charizard|Weather Ball|p2b: Incineroar
|-resisted|p2b: Incineroar|1
|-damage|p2b: Incineroar|66/100
|move|p1a: Sylveon|Hyper Voice|p2a: Staraptor|[spread] p2a,p2b
|-supereffective|p2a: Staraptor|1
|-damage|p2a: Staraptor|0 fnt
|-damage|p2b: Incineroar|28/100
|faint|p2a: Staraptor
|move|p2b: Incineroar|Parting Shot|p1b: Charizard
|-unboost|p1b: Charizard|atk|1
|-unboost|p1b: Charizard|spa|1
|
|t:|1783530838
|switch|p2b: Farigiraf|Farigiraf, L50, M|100/100|[from] Parting Shot
|
|-weather|SunnyDay|[upkeep]
|upkeep
|
|t:|1783530839
|switch|p2a: Incineroar|Incineroar, L50, M|28/100
|-ability|p2a: Incineroar|Intimidate|boost
|-unboost|p1a: Sylveon|atk|1
|-unboost|p1b: Charizard|atk|1
|turn|4
|inactive|SitrusC has 30 seconds left.
|
|t:|1783530871
|switch|p1a: Aerodactyl|Aerodactyl, L50, M|15/100
|-ability|p1a: Aerodactyl|Unnerve
|move|p2a: Incineroar|Fake Out|p1a: Aerodactyl
|-resisted|p1a: Aerodactyl|1
|-damage|p1a: Aerodactyl|6/100
|move|p1b: Charizard|Weather Ball|p2b: Farigiraf
|-damage|p2b: Farigiraf|41/100
|move|p2b: Farigiraf|Trick Room|p2b: Farigiraf
|-fieldstart|move: Trick Room|[of] p2b: Farigiraf
|
|-weather|SunnyDay|[upkeep]
|-sideend|p1: SitrusC|move: Tailwind
|upkeep
|turn|5
|inactive|SitrusC has 30 seconds left.
|inactive|SaxVGC has 30 seconds left.
|
|t:|1783530899
|move|p2a: Incineroar|Throat Chop|p1a: Aerodactyl
|-damage|p1a: Aerodactyl|0 fnt
|faint|p1a: Aerodactyl
|move|p2b: Farigiraf|Thunderbolt|p1b: Charizard
|-supereffective|p1b: Charizard|1
|-damage|p1b: Charizard|57/100
|move|p1b: Charizard|Weather Ball|p2b: Farigiraf
|-damage|p2b: Farigiraf|0 fnt
|faint|p2b: Farigiraf
|
|-weather|none
|upkeep
|
|t:|1783530913
|switch|p2b: Gholdengo|Gholdengo, L50|100/100
|switch|p1a: Sylveon|Sylveon, L50, F|100/100
|turn|6
|
|t:|1783530931
|move|p1a: Sylveon|Protect|p1a: Sylveon
|-singleturn|p1a: Sylveon|Protect
|move|p1b: Charizard|Protect|p1b: Charizard
|-singleturn|p1b: Charizard|Protect
|move|p2a: Incineroar|Flare Blitz|p1a: Sylveon
|-activate|p1a: Sylveon|move: Protect
|move|p2b: Gholdengo|Shadow Ball|p1a: Sylveon
|-activate|p1a: Sylveon|move: Protect
|
|upkeep
|turn|7
|
|t:|1783530948
|switch|p1b: Garchomp|Garchomp, L50, M|100/100
|move|p2a: Incineroar|Flare Blitz|p1a: Sylveon
|-damage|p1a: Sylveon|41/100
|-damage|p2a: Incineroar|11/100|[from] Recoil
|move|p1a: Sylveon|Hyper Voice|p2a: Incineroar|[spread] p2a,p2b
|-resisted|p2b: Gholdengo|1
|-damage|p2a: Incineroar|0 fnt
|-damage|p2b: Gholdengo|78/100
|faint|p2a: Incineroar
|move|p2b: Gholdengo|Power Gem|p1b: Garchomp
|-resisted|p1b: Garchomp|1
|-damage|p1b: Garchomp|80/100
|-damage|p2b: Gholdengo|68/100|[from] item: Life Orb
|
|upkeep
|turn|8
|-message|SaxVGC forfeited.
|
|win|SitrusC
|c|☆SitrusC|Ggs wl
|c|☆SaxVGC|gg wp
|c|☆SitrusC|Wp*
|c|☆SaxVGC|wat
|c|☆SaxVGC|it says that i win
|c|☆SaxVGC|you didn't checked in
|c|☆SitrusC|It says that for me
|c|☆SitrusC|I'll get a judge rq
|c|☆SaxVGC|nono in limitless
|c|☆SitrusC|I might disconnect from showdown
|l|☆SitrusC
|player|p1|
|j|☆SitrusC
|player|p1|SitrusC|lucas|
