|j|☆farewell~friend
|j|☆GionnyBravo
|html|farewell~friendGionnyBravo    
|uhtml|bestof|Game 2 of a best-of-3
|t:|1756563635
|gametype|doubles
|player|p1|farewell~friend|baker|1226
|player|p2|GionnyBravo|rood|1346
|gen|9
|tier|[Gen 9] VGC 2025 Reg H (Bo3)
|rated|
|rule|Species Clause: Limit one of each Pokémon
|rule|Item Clause: Limit 1 of each item
|clearpoke
|poke|p1|Volcarona, L50, F|
|poke|p1|Baxcalibur, L50, M|
|poke|p1|Rillaboom, L50, M|
|poke|p1|Sneasler, L50, M|
|poke|p1|Kingambit, L50, M|
|poke|p1|Dondozo, L50, M|
|poke|p2|Sneasler, L50, M|
|poke|p2|Rillaboom, L50, M|
|poke|p2|Electabuzz, L50, F|
|poke|p2|Dragonite, L50, M|
|poke|p2|Volcarona, L50, F|
|poke|p2|Kingambit, L50, F|
|teampreview|4
|showteam|p1|Volcarona||CovertCloak|FlameBody|HeatWave,TeraBlast,QuiverDance,Protect|||F|||50|,,,,,Fairy]Baxcalibur||LoadedDice|ThermalExchange|Protect,IceShard,ScaleShot,IcicleSpear|||M|||50|,,,,,Ghost]Rillaboom||AssaultVest|GrassySurge|FakeOut,GrassyGlide,WoodHammer,HighHorsepower|||M|||50|,,,,,Fire]Sneasler||FocusSash|Unburden|Protect,Coaching,DireClaw,CloseCombat|||M|||50|,,,,,Stellar]Kingambit||BlackGlasses|Defiant|Protect,SuckerPunch,KowtowCleave,SwordsDance|||M|||50|,,,,,Dark]Dondozo||Leftovers|Unaware|Protect,WaveCrash,Fissure,Yawn|||M|||50|,,,,,Bug
|showteam|p2|Sneasler||FocusSash|PoisonTouch|CloseCombat,DireClaw,Coaching,FakeOut|||M|||50|,,,,,Stellar]Rillaboom||AssaultVest|GrassySurge|WoodHammer,GrassyGlide,HighHorsepower,FakeOut|||M|||50|,,,,,Fire]Electabuzz||Eviolite|VitalSpirit|Thunderbolt,FollowMe,Taunt,Protect|||F|||50|,,,,,Ghost]Dragonite||LoadedDice|Multiscale|ScaleShot,ExtremeSpeed,Haze,Protect|||M|||50|,,,,,Normal]Volcarona||Leftovers|FlameBody|HeatWave,TeraBlast,QuiverDance,Protect|||F|||50|,,,,,Fairy]Kingambit||BlackGlasses|Defiant|KowtowCleave,SuckerPunch,SwordsDance,Protect|||F|||50|,,,,,Dark
|
|t:|1756563656
|teamsize|p1|4
|teamsize|p2|4
|start
|switch|p1a: Baxcalibur|Baxcalibur, L50, M|100/100
|switch|p1b: Sneasler|Sneasler, L50, M|100/100
|switch|p2a: Sneasler|Sneasler, L50, M|100/100
|switch|p2b: Dragonite|Dragonite, L50, M|100/100
|turn|1
|
|t:|1756563678
|-terastallize|p1a: Baxcalibur|Ghost
|-terastallize|p2b: Dragonite|Normal
|move|p1b: Sneasler|Coaching|p1a: Baxcalibur
|-boost|p1a: Baxcalibur|atk|1
|-boost|p1a: Baxcalibur|def|1
|move|p2a: Sneasler|Coaching|p2b: Dragonite
|-boost|p2b: Dragonite|atk|1
|-boost|p2b: Dragonite|def|1
|move|p1a: Baxcalibur|Scale Shot|p2a: Sneasler|[miss]
|-miss|p1a: Baxcalibur|p2a: Sneasler
|move|p2b: Dragonite|Scale Shot|p1a: Baxcalibur
|-damage|p1a: Baxcalibur|85/100
|-damage|p1a: Baxcalibur|70/100
|-damage|p1a: Baxcalibur|55/100
|-damage|p1a: Baxcalibur|41/100
|-damage|p1a: Baxcalibur|26/100
|-hitcount|p1a: Baxcalibur|5
|-unboost|p2b: Dragonite|def|1
|-boost|p2b: Dragonite|spe|1
|
|upkeep
|turn|2
|inactive|Battle timer is ON: inactive players will automatically lose when time's up. (requested by farewell~friend)
|
|t:|1756563731
|move|p2b: Dragonite|Protect|p2b: Dragonite
|-singleturn|p2b: Dragonite|Protect
|move|p1a: Baxcalibur|Ice Shard|p2b: Dragonite
|-activate|p2b: Dragonite|move: Protect
|move|p1b: Sneasler|Close Combat|p2b: Dragonite
|-activate|p2b: Dragonite|move: Protect
|move|p2a: Sneasler|Coaching|p2b: Dragonite
|-boost|p2b: Dragonite|atk|1
|-boost|p2b: Dragonite|def|1
|
|upkeep
|turn|3
|inactive|GionnyBravo has 30 seconds left.
|
|t:|1756563763
|move|p1b: Sneasler|Protect|p1b: Sneasler
|-singleturn|p1b: Sneasler|Protect
|move|p2b: Dragonite|Extreme Speed|p1b: Sneasler
|-activate|p1b: Sneasler|move: Protect
|move|p2a: Sneasler|Dire Claw|p1b: Sneasler
|-activate|p1b: Sneasler|move: Protect
|move|p1a: Baxcalibur|Icicle Spear|p2a: Sneasler
|-damage|p2a: Sneasler|63/100
|-damage|p2a: Sneasler|20/100
|-damage|p2a: Sneasler|0 fnt
|faint|p2a: Sneasler
|-hitcount|p2: Sneasler|3
|
|upkeep
|
|t:|1756563767
|switch|p2a: Rillaboom|Rillaboom, L50, M|100/100
|-fieldstart|move: Grassy Terrain|[from] ability: Grassy Surge|[of] p2a: Rillaboom
|turn|4
|inactive|farewell~friend has 30 seconds left.
|
|t:|1756563802
|switch|p1b: Volcarona|Volcarona, L50, F|100/100
|move|p2b: Dragonite|Extreme Speed|p1b: Volcarona
|-damage|p1b: Volcarona|0 fnt
|faint|p1b: Volcarona
|move|p1a: Baxcalibur|Ice Shard|p2b: Dragonite
|-damage|p2b: Dragonite|88/100
|move|p2a: Rillaboom|Grassy Glide|p1a: Baxcalibur
|-damage|p1a: Baxcalibur|1/100
|
|-heal|p2b: Dragonite|94/100|[from] Grassy Terrain
|-heal|p1a: Baxcalibur|7/100|[from] Grassy Terrain
|upkeep
|
|t:|1756563818
|switch|p1b: Sneasler|Sneasler, L50, M|100/100
|turn|5
|
|t:|1756563836
|move|p1b: Sneasler|Protect|p1b: Sneasler
|-singleturn|p1b: Sneasler|Protect
|move|p2b: Dragonite|Extreme Speed|p1b: Sneasler
|-activate|p1b: Sneasler|move: Protect
|move|p2a: Rillaboom|Grassy Glide|p1b: Sneasler
|-activate|p1b: Sneasler|move: Protect
|move|p1a: Baxcalibur|Icicle Spear|p2a: Rillaboom
|-supereffective|p2a: Rillaboom
|-damage|p2a: Rillaboom|56/100
|-supereffective|p2a: Rillaboom
|-damage|p2a: Rillaboom|15/100
|-supereffective|p2a: Rillaboom
|-damage|p2a: Rillaboom|0 fnt
|faint|p2a: Rillaboom
|-hitcount|p2: Rillaboom|3
|
|-heal|p2b: Dragonite|100/100|[from] Grassy Terrain
|-heal|p1a: Baxcalibur|13/100|[from] Grassy Terrain
|upkeep
|
|t:|1756563839
|switch|p2a: Kingambit|Kingambit, L50, F|100/100
|turn|6
|inactive|farewell~friend has 30 seconds left.
|inactive|farewell~friend has 20 seconds left.
|inactive|farewell~friend has 15 seconds left.
|inactive|farewell~friend has 10 seconds left.
|
|t:|1756563885
|move|p2a: Kingambit|Sucker Punch|p1b: Sneasler
|-resisted|p1b: Sneasler
|-damage|p1b: Sneasler|56/100
|move|p1b: Sneasler|Close Combat|p2a: Kingambit
|-supereffective|p2a: Kingambit
|-damage|p2a: Kingambit|0 fnt
|-unboost|p1b: Sneasler|def|1
|-unboost|p1b: Sneasler|spd|1
|faint|p2a: Kingambit
|move|p2b: Dragonite|Scale Shot|p1a: Baxcalibur|[miss]
|-miss|p2b: Dragonite|p1a: Baxcalibur
|move|p1a: Baxcalibur|Icicle Spear|p2b: Dragonite
|-damage|p2b: Dragonite|94/100
|-damage|p2b: Dragonite|79/100
|-damage|p2b: Dragonite|65/100
|-damage|p2b: Dragonite|50/100
|-damage|p2b: Dragonite|35/100
|-hitcount|p2b: Dragonite|5
|
|-heal|p1b: Sneasler|62/100|[from] Grassy Terrain
|-heal|p2b: Dragonite|41/100|[from] Grassy Terrain
|-heal|p1a: Baxcalibur|18/100|[from] Grassy Terrain
|upkeep
|turn|7
|
|t:|1756563905
|move|p1b: Sneasler|Close Combat|p2b: Dragonite
|-supereffective|p2b: Dragonite
|-damage|p2b: Dragonite|0 fnt
|-unboost|p1b: Sneasler|def|1
|-unboost|p1b: Sneasler|spd|1
|faint|p2b: Dragonite
|
|win|farewell~friend
|raw|farewell~friend's rating: 1226 → 1259(+33 for winning)
|raw|GionnyBravo's rating: 1346 → 1319(-27 for losing)
