|j|☆lets buy packs
|j|☆nicven
|html|lets buy packsnicven    
|uhtml|bestof|Game 2 of a best-of-3
|t:|1783897907
|gametype|doubles
|player|p1|lets buy packs|red-masters3|1192
|player|p2|nicven|ghetsis|1210
|gen|9
|tier|[Gen 9 Champions] VGC 2026 Reg M-B (Bo3)
|rated|
|rule|Species Clause: Limit one of each Pokémon
|rule|Item Clause: Limit 1 of each item
|clearpoke
|poke|p1|Farigiraf, L50, M|
|poke|p1|Incineroar, L50, F|
|poke|p1|Gardevoir, L50, M, shiny|
|poke|p1|Torkoal, L50, M|
|poke|p1|Mudsdale, L50, M|
|poke|p1|Vivillon-Marine, L50, F|
|poke|p2|Charizard, L50, M|
|poke|p2|Whimsicott, L50, F|
|poke|p2|Basculegion, L50, M|
|poke|p2|Garchomp, L50, M|
|poke|p2|Farigiraf, L50, F|
|poke|p2|Mawile, L50, M|
|teampreview|4
|showteam|p1|Farigiraf||ColburBerry|ArmorTail|Psychic,Thunderbolt,TrickRoom,Protect|Sassy||M|||50|]Incineroar||BlackGlasses|Intimidate|FakeOut,PartingShot,FlareBlitz,DarkestLariat|Adamant||F|||50|]Gardevoir||Gardevoirite|Telepathy|HyperVoice,Psychic,TrickRoom,Protect|Quiet||M|||50|]Torkoal||Charcoal|Drought|Eruption,Flamethrower,SolarBeam,Protect|Quiet||M|||50|]Mudsdale||LifeOrb|InnerFocus|Earthquake,HighHorsepower,RockSlide,HeavySlam|Brave||M|||50|]Vivillon-Marine||FocusSash|CompoundEyes|Hurricane,RagePowder,SleepPowder,Protect|Timid||F|||50|
|showteam|p2|Charizard||CharizarditeY|Blaze|HeatWave,SolarBeam,WeatherBall,Protect|Modest||M|||50|]Whimsicott||FocusSash|Prankster|Moonblast,Tailwind,Encore,Protect|Timid||F|||50|]Basculegion||SitrusBerry|Adaptability|WaveCrash,LastRespects,AquaJet,Protect|Adamant||M|||50|]Garchomp||LifeOrb|RoughSkin|Earthquake,DragonClaw,RockSlide,Protect|Jolly||M|||50|]Farigiraf||ColburBerry|ArmorTail|Psychic,HyperVoice,TrickRoom,HelpingHand|Modest||F|||50|]Mawile||Mawilite|HyperCutter|PlayRough,RockSlide,SuckerPunch,Protect|Adamant||M|||50|
|inactive|Battle timer is ON: inactive players will automatically lose when time's up. (requested by lets buy packs)
|
|t:|1783897932
|teamsize|p1|4
|teamsize|p2|4
|start
|switch|p1a: Incineroar|Incineroar, L50, F|100/100
|switch|p1b: Farigiraf|Farigiraf, L50, M|100/100
|switch|p2a: Farigiraf|Farigiraf, L50, F|100/100
|switch|p2b: Charizard|Charizard, L50, M|100/100
|-ability|p1a: Incineroar|Intimidate|boost
|-unboost|p2a: Farigiraf|atk|1
|-unboost|p2b: Charizard|atk|1
|turn|1
|
|t:|1783897946
|detailschange|p2b: Charizard|Charizard-Mega-Y, L50, M
|-mega|p2b: Charizard|Charizard|Charizardite Y
|-weather|SunnyDay|[from] ability: Drought|[of] p2b: Charizard
|move|p2a: Farigiraf|Helping Hand|p2b: Charizard
|-singleturn|p2b: Charizard|Helping Hand|[of] p2a: Farigiraf
|move|p2b: Charizard|Weather Ball|p1b: Farigiraf
|-damage|p1b: Farigiraf|4/100
|move|p1a: Incineroar|Flare Blitz|p2a: Farigiraf
|-damage|p2a: Farigiraf|17/100
|-damage|p1a: Incineroar|69/100|[from] Recoil
|move|p1b: Farigiraf|Trick Room|p1b: Farigiraf
|-fieldstart|move: Trick Room|[of] p1b: Farigiraf
|
|-weather|SunnyDay|[upkeep]
|upkeep
|turn|2
|
|t:|1783897964
|move|p1b: Farigiraf|Thunderbolt|p2a: Farigiraf
|-damage|p2a: Farigiraf|0 fnt
|faint|p2a: Farigiraf
|move|p1a: Incineroar|Darkest Lariat|p2b: Charizard
|-damage|p2b: Charizard|42/100
|move|p2b: Charizard|Heat Wave|p1b: Farigiraf|[spread] p1a,p1b
|-resisted|p1a: Incineroar|1
|-crit|p1a: Incineroar
|-damage|p1a: Incineroar|22/100
|-damage|p1b: Farigiraf|0 fnt
|faint|p1b: Farigiraf
|
|-weather|SunnyDay|[upkeep]
|upkeep
|inactive|nicven has 30 seconds left.
|inactive|nicven has 20 seconds left.
|
|t:|1783898002
|switch|p1b: Gardevoir|Gardevoir, L50, M, shiny|100/100
|switch|p2a: Garchomp|Garchomp, L50, M|100/100
|turn|3
|
|t:|1783898013
|detailschange|p1b: Gardevoir|Gardevoir-Mega, L50, M, shiny
|-mega|p1b: Gardevoir|Gardevoir|Gardevoirite
|move|p2b: Charizard|Protect|p2b: Charizard
|-singleturn|p2b: Charizard|Protect
|move|p2a: Garchomp|Protect|p2a: Garchomp
|-singleturn|p2a: Garchomp|Protect
|move|p1a: Incineroar|Darkest Lariat|p2b: Charizard
|-activate|p2b: Charizard|move: Protect
|move|p1b: Gardevoir|Hyper Voice|p2a: Garchomp|[spread] 
|-activate|p2a: Garchomp|move: Protect
|-activate|p2b: Charizard|move: Protect
|
|-weather|SunnyDay|[upkeep]
|upkeep
|turn|4
|
|t:|1783898033
|switch|p2a: Basculegion|Basculegion, L50, M|100/100
|move|p1a: Incineroar|Darkest Lariat|p2b: Charizard
|-damage|p2b: Charizard|0 fnt
|faint|p2b: Charizard
|move|p1b: Gardevoir|Hyper Voice|p2a: Basculegion
|-damage|p2a: Basculegion|32/100
|-enditem|p2a: Basculegion|Sitrus Berry|[eat]
|-heal|p2a: Basculegion|57/100|[from] item: Sitrus Berry
|
|-weather|SunnyDay|[upkeep]
|upkeep
|
|t:|1783898041
|switch|p2b: Garchomp|Garchomp, L50, M|100/100
|turn|5
|
|t:|1783898058
|switch|p1a: Mudsdale|Mudsdale, L50, M|100/100
|move|p2a: Basculegion|Protect|p2a: Basculegion
|-singleturn|p2a: Basculegion|Protect
|move|p2b: Garchomp|Protect|p2b: Garchomp
|-singleturn|p2b: Garchomp|Protect
|move|p1b: Gardevoir|Hyper Voice|p2b: Garchomp|[spread] 
|-activate|p2a: Basculegion|move: Protect
|-activate|p2b: Garchomp|move: Protect
|
|-weather|none
|-fieldend|move: Trick Room
|upkeep
|turn|6
|
|t:|1783898073
|switch|p1a: Incineroar|Incineroar, L50, F|22/100
|-ability|p1a: Incineroar|Intimidate|boost
|-unboost|p2a: Basculegion|atk|1
|-unboost|p2b: Garchomp|atk|1
|move|p1b: Gardevoir|Protect|p1b: Gardevoir
|-singleturn|p1b: Gardevoir|Protect
|move|p2a: Basculegion|Aqua Jet|p1b: Gardevoir
|-activate|p1b: Gardevoir|move: Protect
|move|p2b: Garchomp|Earthquake|p1a: Incineroar|[spread] p2a,p1a
|-activate|p1b: Gardevoir|move: Protect
|-supereffective|p1a: Incineroar|1
|-damage|p2a: Basculegion|26/100
|-damage|p1a: Incineroar|0 fnt
|faint|p1a: Incineroar
|-damage|p2b: Garchomp|90/100|[from] item: Life Orb
|
|upkeep
|
|t:|1783898083
|switch|p1a: Mudsdale|Mudsdale, L50, M|100/100
|turn|7
|
|t:|1783898094
|move|p2a: Basculegion|Protect|p2a: Basculegion
|-singleturn|p2a: Basculegion|Protect
|move|p2b: Garchomp|Earthquake|p1a: Mudsdale|[spread] p1a,p1b
|-activate|p2a: Basculegion|move: Protect
|-damage|p1a: Mudsdale|71/100
|-damage|p1b: Gardevoir|50/100g
|-damage|p2b: Garchomp|80/100|[from] item: Life Orb
|move|p1b: Gardevoir|Hyper Voice|p2b: Garchomp|[spread] p2b
|-activate|p2a: Basculegion|move: Protect
|-supereffective|p2b: Garchomp|1
|-damage|p2b: Garchomp|0 fnt
|faint|p2b: Garchomp
|move|p1a: Mudsdale|Earthquake|p2a: Basculegion|[spread] p1b
|-activate|p2a: Basculegion|move: Protect
|-damage|p1b: Gardevoir|0 fnt
|faint|p1b: Gardevoir
|-damage|p1a: Mudsdale|62/100|[from] item: Life Orb
|
|upkeep
|turn|8
|
|t:|1783898113
|move|p2a: Basculegion|Wave Crash|p1a: Mudsdale
|-supereffective|p1a: Mudsdale|1
|-damage|p1a: Mudsdale|0 fnt
|faint|p1a: Mudsdale
|-damage|p2a: Basculegion|7/100|[from] Recoil
|
|win|nicven
|raw|lets buy packs's rating: 1192 → 1168(-24 for losing)
|raw|nicven's rating: 1210 → 1234(+24 for winning)
