|j|☆itsmako psoe
|j|☆lux raymundi
|html|itsmako psoelux raymundi    
|uhtml|bestof|Game 2 of a best-of-3
|t:|1782577286
|gametype|doubles
|player|p1|itsmako psoe|benga|1233
|player|p2|lux raymundi|169|1295
|gen|9
|tier|[Gen 9 Champions] VGC 2026 Reg M-B (Bo3)
|rated|
|rule|Species Clause: Limit one of each Pokémon
|rule|Item Clause: Limit 1 of each item
|clearpoke
|poke|p1|Basculegion, L50, M|
|poke|p1|Whimsicott, L50, M|
|poke|p1|Charizard, L50, F|
|poke|p1|Floette-Eternal, L50, F|
|poke|p1|Kingambit, L50, M|
|poke|p1|Garchomp, L50, M|
|poke|p2|Farigiraf, L50, F|
|poke|p2|Floette-Eternal, L50, F|
|poke|p2|Basculegion, L50, M|
|poke|p2|Sneasler, L50, M|
|poke|p2|Sinistcha, L50|
|poke|p2|Delphox, L50, M|
|teampreview|4
|showteam|p1|Basculegion||ChoiceScarf|Adaptability|LastRespects,PsychicFangs,WaveCrash,AquaJet|Adamant||M|||50|]Whimsicott||FocusSash|Prankster|Tailwind,Moonblast,Encore,Protect|Timid||M|||50|]Charizard||CharizarditeY|Blaze|HeatWave,SolarBeam,AirSlash,Protect|Modest||F|||50|]Floette-Eternal||Floettite|FlowerVeil|DazzlingGleam,DrainingKiss,LightofRuin,Protect|Modest||F|||50|]Kingambit||BlackGlasses|Defiant|SuckerPunch,KowtowCleave,Protect,SwordsDance|Adamant||M|||50|]Garchomp||LifeOrb|RoughSkin|Earthquake,RockSlide,Protect,DragonClaw|Jolly||M|||50|
|showteam|p2|Farigiraf||SitrusBerry|ArmorTail|TrickRoom,HelpingHand,Protect,TwinBeam|Bold||F|||50|]Floette-Eternal||Floettite|FlowerVeil|CalmMind,DazzlingGleam,Moonblast,Protect|Modest||F|||50|]Basculegion||FocusSash|Adaptability|AquaJet,Liquidation,LastRespects,Protect|Adamant||M|||50|]Sneasler||WhiteHerb|Unburden|FakeOut,CloseCombat,DireClaw,Protect|Jolly||M|||50|]Sinistcha||KasibBerry|Hospitality|MatchaGotcha,RagePowder,TrickRoom,LifeDew|Serious|||||50|]Delphox||Delphoxite|Blaze|NastyPlot,HeatWave,Psychic,Protect|Timid||M|||50|
|inactive|Battle timer is ON: inactive players will automatically lose when time's up. (requested by itsmako psoe)
|inactive|lux raymundi has 60 seconds left.
|
|t:|1782577322
|teamsize|p1|4
|teamsize|p2|4
|start
|switch|p1a: Whimsicott|Whimsicott, L50, M|100/100
|switch|p1b: Floette|Floette-Eternal, L50, F|100/100
|switch|p2a: Delphox|Delphox, L50, M|100/100
|switch|p2b: Basculegion|Basculegion, L50, M|100/100
|turn|1
|
|t:|1782577341
|detailschange|p2a: Delphox|Delphox-Mega, L50, M
|-mega|p2a: Delphox|Delphox|Delphoxite
|detailschange|p1b: Floette|Floette-Mega, L50, F
|-mega|p1b: Floette|Floette|Floettite
|-ability|p1b: Floette|Fairy Aura
|move|p1a: Whimsicott|Tailwind|p1a: Whimsicott
|-sidestart|p1: itsmako psoe|move: Tailwind
|move|p2b: Basculegion|Aqua Jet|p1b: Floette
|-damage|p1b: Floette|60/100
|move|p1b: Floette|Dazzling Gleam|p2b: Basculegion|[spread] p2a,p2b
|-resisted|p2a: Delphox|1
|-damage|p2a: Delphox|76/100
|-damage|p2b: Basculegion|41/100
|move|p2a: Delphox|Heat Wave|p1b: Floette|[spread] p1a
|-miss|p2a: Delphox|p1b: Floette
|-supereffective|p1a: Whimsicott|1
|-enditem|p1a: Whimsicott|Focus Sash
|-damage|p1a: Whimsicott|1/100
|
|upkeep
|turn|2
|inactive|itsmako psoe has 30 seconds left.
|inactive|lux raymundi has 30 seconds left.
|
|t:|1782577366
|switch|p1a: Garchomp|Garchomp, L50, M|100/100
|switch|p2b: Sinistcha|Sinistcha, L50|100/100
|-heal|p2a: Delphox|100/100|[from] ability: Hospitality|[of] p2b: Sinistcha
|move|p2a: Delphox|Protect|p2a: Delphox
|-singleturn|p2a: Delphox|Protect
|move|p1b: Floette|Draining Kiss|p2b: Sinistcha
|-damage|p2b: Sinistcha|55/100
|-heal|p1b: Floette|99/100|[from] drain|[of] p2b: Sinistcha
|
|upkeep
|turn|3
|
|t:|1782577382
|move|p2b: Sinistcha|Rage Powder|p2b: Sinistcha
|-singleturn|p2b: Sinistcha|move: Rage Powder
|move|p1a: Garchomp|Rock Slide|p2b: Sinistcha|[spread] p2a
|-miss|p1a: Garchomp|p2b: Sinistcha
|-supereffective|p2a: Delphox|1
|-damage|p2a: Delphox|22/100
|-damage|p1a: Garchomp|90/100|[from] item: Life Orb
|move|p1b: Floette|Draining Kiss|p2b: Sinistcha
|-damage|p2b: Sinistcha|10/100
|-heal|p1b: Floette|100/100|[from] drain|[of] p2b: Sinistcha
|cant|p2a: Delphox|flinch
|
|upkeep
|turn|4
|
|t:|1782577401
|switch|p1b: Whimsicott|Whimsicott, L50, M|1/100
|switch|p2b: Farigiraf|Farigiraf, L50, F|100/100
|move|p2a: Delphox|Protect|p2a: Delphox
|-singleturn|p2a: Delphox|Protect
|move|p1a: Garchomp|Rock Slide|p2a: Delphox|[spread] p2b
|-activate|p2a: Delphox|move: Protect
|-damage|p2b: Farigiraf|76/100
|-damage|p1a: Garchomp|80/100|[from] item: Life Orb
|
|-sideend|p1: itsmako psoe|move: Tailwind
|upkeep
|turn|5
|
|t:|1782577425
|switch|p2b: Sinistcha|Sinistcha, L50|10/100
|-heal|p2a: Delphox|47/100|[from] ability: Hospitality|[of] p2b: Sinistcha
|move|p2a: Delphox|Protect|p2a: Delphox
|-singleturn|p2a: Delphox|Protect
|move|p1b: Whimsicott|Moonblast|p2b: Sinistcha
|-damage|p2b: Sinistcha|0 fnt
|faint|p2b: Sinistcha
|move|p1a: Garchomp|Rock Slide|p2a: Delphox
|-activate|p2a: Delphox|move: Protect
|
|upkeep
|
|t:|1782577433
|switch|p2b: Basculegion|Basculegion, L50, M|41/100
|turn|6
|
|t:|1782577439
|move|p1b: Whimsicott|Tailwind|p1b: Whimsicott
|-sidestart|p1: itsmako psoe|move: Tailwind
|move|p2b: Basculegion|Aqua Jet|p1b: Whimsicott
|-resisted|p1b: Whimsicott|1
|-damage|p1b: Whimsicott|0 fnt
|faint|p1b: Whimsicott
|move|p1a: Garchomp|Rock Slide|p2a: Delphox|[spread] p2a,p2b
|-supereffective|p2a: Delphox|1
|-damage|p2a: Delphox|0 fnt
|-damage|p2b: Basculegion|6/100
|faint|p2a: Delphox
|-damage|p1a: Garchomp|70/100|[from] item: Life Orb
|
|upkeep
|
|t:|1782577447
|switch|p2a: Farigiraf|Farigiraf, L50, F|76/100
|switch|p1b: Floette|Floette-Mega, L50, F|100/100
|-ability|p1b: Floette|Fairy Aura
|turn|7
|
|t:|1782577454
|move|p2b: Basculegion|Protect|p2b: Basculegion
|-singleturn|p2b: Basculegion|Protect
|move|p1a: Garchomp|Rock Slide|p2a: Farigiraf|[spread] 
|-activate|p2b: Basculegion|move: Protect
|-miss|p1a: Garchomp|p2a: Farigiraf
|move|p1b: Floette|Light of Ruin|p2a: Farigiraf|[miss]
|-miss|p1b: Floette|p2a: Farigiraf
|move|p2a: Farigiraf|Trick Room|p2a: Farigiraf
|-fieldstart|move: Trick Room|[of] p2a: Farigiraf
|
|upkeep
|turn|8
|
|t:|1782577475
|move|p1b: Floette|Protect|p1b: Floette
|-singleturn|p1b: Floette|Protect
|move|p1a: Garchomp|Protect|p1a: Garchomp
|-singleturn|p1a: Garchomp|Protect
|move|p2a: Farigiraf|Twin Beam|p1a: Garchomp
|-activate|p1a: Garchomp|move: Protect
|move|p2b: Basculegion|Last Respects|p1b: Floette
|-activate|p1b: Floette|move: Protect
|
|upkeep
|turn|9
|
|t:|1782577487
|move|p2a: Farigiraf|Twin Beam|p1a: Garchomp
|-crit|p1a: Garchomp
|-damage|p1a: Garchomp|45/100
|-damage|p1a: Garchomp|30/100
|-hitcount|p1a: Garchomp|2
|move|p2b: Basculegion|Last Respects|p1b: Floette
|-damage|p1b: Floette|0 fnt
|faint|p1b: Floette
|move|p1a: Garchomp|Rock Slide|p2a: Farigiraf|[spread] p2a,p2b
|-damage|p2a: Farigiraf|53/100
|-damage|p2b: Basculegion|0 fnt
|faint|p2b: Basculegion
|-damage|p1a: Garchomp|21/100|[from] item: Life Orb
|
|-sideend|p1: itsmako psoe|move: Tailwind
|upkeep
|
|t:|1782577493
|switch|p1b: Basculegion|Basculegion, L50, M|100/100
|turn|10
|
|t:|1782577503
|move|p2a: Farigiraf|Twin Beam|p1a: Garchomp
|-damage|p1a: Garchomp|3/100
|-damage|p1a: Garchomp|0 fnt
|faint|p1a: Garchomp
|-hitcount|p1: Garchomp|2
|move|p1b: Basculegion|Wave Crash|p2a: Farigiraf
|-damage|p2a: Farigiraf|0 fnt
|faint|p2a: Farigiraf
|-damage|p1b: Basculegion|79/100|[from] Recoil
|
|win|itsmako psoe
