|j|☆Axo of DOOM
|j|☆PikaTROD
|html|Axo of DOOMPikaTROD    
|uhtml|bestof|Game 1 of a best-of-3
|t:|1756440670
|gametype|doubles
|player|p1|Axo of DOOM|102|1116
|player|p2|PikaTROD|169|1257
|gen|9
|tier|[Gen 9] VGC 2025 Reg H (Bo3)
|rated|
|rule|Species Clause: Limit one of each Pokémon
|rule|Item Clause: Limit 1 of each item
|clearpoke
|poke|p1|Indeedee, L50, M|
|poke|p1|Sneasler, L50, M|
|poke|p1|Excadrill, L50, F|
|poke|p1|Magmar, L50, F|
|poke|p1|Corviknight, L50, F|
|poke|p1|Tyranitar, L50, F|
|poke|p2|Kingambit, L50, M|
|poke|p2|Primarina, L50, F|
|poke|p2|Sneasler, L50, M|
|poke|p2|Magmar, L50, M|
|poke|p2|Rillaboom, L50, F|
|poke|p2|Dragapult, L50, F|
|teampreview|4
|showteam|p1|Indeedee||ChoiceScarf|PsychicSurge|ExpandingForce,TeraBlast,Trick,Protect|||M|||50|,,,,,Psychic]Sneasler||WhiteHerb|Unburden|CloseCombat,DireClaw,FakeOut,Coaching|||M|||50|,,,,,Flying]Excadrill||FocusSash|SandRush|Earthquake,IronHead,SwordsDance,Protect|||F|||50|,,,,,Ground]Magmar||Eviolite|VitalSpirit|HeatWave,FollowMe,HelpingHand,Protect|||F|||50|,,,,,Flying]Corviknight||PsychicSeed|MirrorArmor|BraveBird,PowerTrip,BulkUp,Roost|||F|||50|,,,,,Water]Tyranitar||AssaultVest|SandStream|RockSlide,KnockOff,LowKick,TeraBlast|||F|||50|,,,,,Flying
|showteam|p2|Kingambit||BlackGlasses|Defiant|KowtowCleave,SuckerPunch,SwordsDance,Protect|||M|||50|,,,,,Dark]Primarina||SitrusBerry|LiquidVoice|HyperVoice,Moonblast,Haze,Protect|||F|||50|,,,,,Water]Sneasler||FocusSash|Unburden|CloseCombat,DireClaw,FakeOut,Protect|||M|||50|,,,,,Ghost]Magmar||Eviolite|VitalSpirit|Overheat,WillOWisp,FollowMe,Protect|||M|||50|,,,,,Ghost]Rillaboom||AssaultVest|GrassySurge|WoodHammer,GrassyGlide,HighHorsepower,FakeOut|||F|||50|,,,,,Fire]Dragapult||ChoiceBand|ClearBody|DragonDarts,PhantomForce,Outrage,Uturn|||F|||50|,,,,,Dragon
|
|t:|1756440757
|teamsize|p1|4
|teamsize|p2|4
|start
|switch|p1a: Excadrill|Excadrill, L50, F|100/100
|switch|p1b: Tyranitar|Tyranitar, L50, F|100/100
|switch|p2a: Magmar|Magmar, L50, M|100/100
|switch|p2b: Dragapult|Dragapult, L50, F|100/100
|-weather|Sandstorm|[from] ability: Sand Stream|[of] p1b: Tyranitar
|turn|1
|inactive|Battle timer is ON: inactive players will automatically lose when time's up. (requested by Axo of DOOM)
|inactive|Axo of DOOM has 60 seconds left.
|
|t:|1756440792
|switch|p2b: Rillaboom|Rillaboom, L50, F|100/100
|-fieldstart|move: Grassy Terrain|[from] ability: Grassy Surge|[of] p2b: Rillaboom
|switch|p1b: Sneasler|Sneasler, L50, M|100/100
|-terastallize|p2a: Magmar|Ghost
|move|p1a: Excadrill|Protect|p1a: Excadrill
|-singleturn|p1a: Excadrill|Protect
|move|p2a: Magmar|Will-O-Wisp|p1b: Sneasler
|-status|p1b: Sneasler|brn
|
|-weather|Sandstorm|[upkeep]
|-damage|p1b: Sneasler|95/100 brn|[from] Sandstorm
|-damage|p2a: Magmar|95/100|[from] Sandstorm
|-damage|p2b: Rillaboom|95/100|[from] Sandstorm
|-heal|p1b: Sneasler|100/100 brn|[from] Grassy Terrain
|-heal|p2a: Magmar|100/100|[from] Grassy Terrain
|-heal|p2b: Rillaboom|100/100|[from] Grassy Terrain
|-damage|p1b: Sneasler|95/100 brn|[from] brn
|upkeep
|turn|2
|
|t:|1756440815
|move|p1b: Sneasler|Fake Out|p2b: Rillaboom
|-damage|p2b: Rillaboom|93/100
|move|p2a: Magmar|Follow Me|p2a: Magmar
|-singleturn|p2a: Magmar|move: Follow Me
|move|p1a: Excadrill|Swords Dance|p1a: Excadrill
|-boost|p1a: Excadrill|atk|2
|cant|p2b: Rillaboom|flinch
|
|-weather|Sandstorm|[upkeep]
|-damage|p1b: Sneasler|89/100 brn|[from] Sandstorm
|-damage|p2a: Magmar|95/100|[from] Sandstorm
|-damage|p2b: Rillaboom|87/100|[from] Sandstorm
|-heal|p1b: Sneasler|95/100 brn|[from] Grassy Terrain
|-heal|p2a: Magmar|100/100|[from] Grassy Terrain
|-heal|p2b: Rillaboom|93/100|[from] Grassy Terrain
|-damage|p1b: Sneasler|89/100 brn|[from] brn
|upkeep
|turn|3
|inactive|Axo of DOOM has 30 seconds left.
|inactive|PikaTROD has 30 seconds left.
|
|t:|1756440845
|switch|p1b: Corviknight|Corviknight, L50, F|100/100
|-terastallize|p1a: Excadrill|Ground
|move|p2a: Magmar|Follow Me|p2a: Magmar
|-singleturn|p2a: Magmar|move: Follow Me
|move|p1a: Excadrill|Earthquake|p2a: Magmar|[spread] p2a,p2b
|-immune|p1b: Corviknight
|-resisted|p2b: Rillaboom
|-damage|p2a: Magmar|44/100
|-damage|p2b: Rillaboom|63/100
|move|p2b: Rillaboom|Wood Hammer|p1a: Excadrill
|-supereffective|p1a: Excadrill
|-crit|p1a: Excadrill
|-enditem|p1a: Excadrill|Focus Sash
|-damage|p1a: Excadrill|1/100
|-damage|p2b: Rillaboom|34/100|[from] Recoil
|
|-weather|Sandstorm|[upkeep]
|-damage|p2a: Magmar|38/100|[from] Sandstorm
|-damage|p2b: Rillaboom|28/100|[from] Sandstorm
|-heal|p1a: Excadrill|7/100|[from] Grassy Terrain
|-heal|p2a: Magmar|44/100|[from] Grassy Terrain
|-heal|p2b: Rillaboom|34/100|[from] Grassy Terrain
|upkeep
|turn|4
|inactive|Axo of DOOM has 30 seconds left.
|inactive|PikaTROD has 30 seconds left.
|inactive|PikaTROD has 20 seconds left.
|inactive|PikaTROD has 15 seconds left.
|
|t:|1756440887
|move|p2b: Rillaboom|Grassy Glide|p1a: Excadrill
|-supereffective|p1a: Excadrill
|-damage|p1a: Excadrill|0 fnt
|faint|p1a: Excadrill
|move|p2a: Magmar|Overheat|p1b: Corviknight
|-supereffective|p1b: Corviknight
|-damage|p1b: Corviknight|3/100
|-unboost|p2a: Magmar|spa|2
|move|p1b: Corviknight|Bulk Up|p1b: Corviknight
|-boost|p1b: Corviknight|atk|1
|-boost|p1b: Corviknight|def|1
|
|-weather|Sandstorm|[upkeep]
|-damage|p2a: Magmar|38/100|[from] Sandstorm
|-damage|p2b: Rillaboom|28/100|[from] Sandstorm
|-heal|p2a: Magmar|44/100|[from] Grassy Terrain
|-heal|p2b: Rillaboom|34/100|[from] Grassy Terrain
|upkeep
|
|t:|1756440908
|switch|p1a: Tyranitar|Tyranitar, L50, F|100/100
|turn|5
|-message|Axo of DOOM forfeited.
|
|win|PikaTROD
|l|☆Axo of DOOM
|player|p1|
||PikaTROD is ready for game 2.
|inactive|Axo of DOOM has 30 seconds to confirm battle start!
|inactive|Axo of DOOM has 20 seconds to confirm battle start!
|inactive|Axo of DOOM has 10 seconds to confirm battle start!
|uhtml|next|Next: Game 2 of 3
