|j|☆tipolucha
|j|☆Aketzagar18
|html|tipoluchaAketzagar18    
|uhtml|bestof|Game 3 of a best-of-3
|t:|1783964327
|gametype|doubles
|player|p1|tipolucha|169|1122
|player|p2|Aketzagar18|170|1046
|gen|9
|tier|[Gen 9 Champions] VGC 2026 Reg M-B (Bo3)
|rated|
|rule|Species Clause: Limit one of each Pokémon
|rule|Item Clause: Limit 1 of each item
|clearpoke
|poke|p1|Sableye, L50, F|
|poke|p1|Kingambit, L50, F|
|poke|p1|Sneasler, L50, M|
|poke|p1|Aerodactyl, L50, F|
|poke|p1|Charizard, L50, M|
|poke|p1|Scizor, L50, F|
|poke|p2|Incineroar, L50, F|
|poke|p2|Maushold, L50|
|poke|p2|Sinistcha, L50|
|poke|p2|Sneasler, L50, M|
|poke|p2|Blastoise, L50, F|
|poke|p2|Delphox, L50, M|
|teampreview|4
|showteam|p1|Sableye||SitrusBerry|Prankster|SunnyDay,Encore,FakeOut,WillOWisp|Careful||F|||50|]Kingambit||BlackGlasses|Defiant|KowtowCleave,IronHead,SuckerPunch,Protect|Brave||F|||50|]Sneasler||WhiteHerb|Unburden|FakeOut,Coaching,CloseCombat,DireClaw|Adamant||M|||50|]Aerodactyl||FocusSash|RockHead|WideGuard,DualWingbeat,RockSlide,Tailwind|Jolly||F|||50|]Charizard||CharizarditeY|SolarPower|WeatherBall,HeatWave,SolarBeam,Protect|Modest||M|||50|]Scizor||Scizorite|Technician|BulletPunch,BugBite,BrickBreak,DualWingbeat|Adamant||F|||50|
|showteam|p2|Incineroar||SitrusBerry|Intimidate|FakeOut,FlareBlitz,ThroatChop,PartingShot|Impish||F|||50|]Maushold||ChopleBerry|FriendGuard|SuperFang,Feint,FollowMe,Protect|Impish|||||50|]Sinistcha||KasibBerry|Hospitality|MatchaGotcha,LifeDew,RagePowder,Protect|Bold|||||50|]Sneasler||FocusSash|PoisonTouch|FakeOut,CloseCombat,DireClaw,QuickGuard|Jolly||M|||50|]Blastoise||Blastoisinite|RainDish|WaterSpout,DarkPulse,ShellSmash,Protect|Modest||F|||50|]Delphox||Delphoxite|Blaze|HeatWave,Psyshock,NastyPlot,Protect|Timid||M|||50|
|inactive|Battle timer is ON: inactive players will automatically lose when time's up. (requested by Aketzagar18)
|inactive|Aketzagar18 has 60 seconds left.
|
|t:|1783964379
|teamsize|p1|4
|teamsize|p2|4
|start
|switch|p1a: Charizard|Charizard, L50, M|100/100
|switch|p1b: Sableye|Sableye, L50, F|100/100
|switch|p2a: Sneasler|Sneasler, L50, M|100/100
|switch|p2b: Blastoise|Blastoise, L50, F|100/100
|turn|1
|inactive|Aketzagar18 has 30 seconds left.
|inactive|Aketzagar18 has 20 seconds left.
|inactive|Aketzagar18 has 15 seconds left.
|inactive|Aketzagar18 has 10 seconds left.
|inactive|Aketzagar18 has 5 seconds left.
|
|t:|1783964431
|detailschange|p1a: Charizard|Charizard-Mega-Y, L50, M
|-mega|p1a: Charizard|Charizard|Charizardite Y
|-weather|SunnyDay|[from] ability: Drought|[of] p1a: Charizard
|move|p2b: Blastoise|Protect|p2b: Blastoise
|-singleturn|p2b: Blastoise|Protect
|move|p1b: Sableye|Fake Out|p2b: Blastoise
|-activate|p2b: Blastoise|move: Protect
|move|p2a: Sneasler|Dire Claw|p1a: Charizard
|-damage|p1a: Charizard|51/100
|move|p1a: Charizard|Heat Wave|p2a: Sneasler|[spread] p2a
|-activate|p2b: Blastoise|move: Protect
|-crit|p2a: Sneasler
|-enditem|p2a: Sneasler|Focus Sash
|-damage|p2a: Sneasler|1/100
|
|-weather|SunnyDay|[upkeep]
|upkeep
|turn|2
|inactive|Aketzagar18 has 30 seconds left.
|inactive|Aketzagar18 has 20 seconds left.
|inactive|Aketzagar18 has 15 seconds left.
|
|t:|1783964475
|move|p1b: Sableye|Encore|p2b: Blastoise
|-start|p2b: Blastoise|Encore
|move|p2b: Blastoise|Protect|p2b: Blastoise
|-singleturn|p2b: Blastoise|Protect
|move|p2a: Sneasler|Dire Claw|p1a: Charizard
|-damage|p1a: Charizard|2/100
|-status|p1a: Charizard|psn|[from] ability: Poison Touch|[of] p2a: Sneasler
|move|p1a: Charizard|Heat Wave|p2a: Sneasler|[spread] p2a
|-activate|p2b: Blastoise|move: Protect
|-damage|p2a: Sneasler|0 fnt
|faint|p2a: Sneasler
|
|-weather|SunnyDay|[upkeep]
|-damage|p1a: Charizard|0 fnt|[from] psn
|faint|p1a: Charizard
|upkeep
|
|t:|1783964486
|switch|p2a: Delphox|Delphox, L50, M|100/100
|switch|p1a: Sneasler|Sneasler, L50, M|100/100
|turn|3
|inactive|Aketzagar18 has 30 seconds left.
|inactive|Aketzagar18 has 20 seconds left.
|inactive|Aketzagar18 has 15 seconds left.
|inactive|Aketzagar18 has 10 seconds left.
|
|t:|1783964535
|switch|p2b: Sinistcha|Sinistcha, L50|100/100
|switch|p1b: Kingambit|Kingambit, L50, F|100/100
|move|p2a: Delphox|Protect|p2a: Delphox
|-singleturn|p2a: Delphox|Protect
|move|p1a: Sneasler|Fake Out|p2a: Delphox
|-activate|p2a: Delphox|move: Protect
|
|-weather|SunnyDay|[upkeep]
|upkeep
|turn|4
|
|t:|1783964553
|detailschange|p2a: Delphox|Delphox-Mega, L50, M
|-mega|p2a: Delphox|Delphox|Delphoxite
|move|p2b: Sinistcha|Rage Powder|p2b: Sinistcha
|-singleturn|p2b: Sinistcha|move: Rage Powder
|move|p2a: Delphox|Heat Wave|p1a: Sneasler|[spread] p1a,p1b
|-supereffective|p1b: Kingambit|1
|-damage|p1a: Sneasler|21/100
|-damage|p1b: Kingambit|3/100
|move|p1a: Sneasler|Dire Claw|p2b: Sinistcha
|-damage|p2b: Sinistcha|64/100
|-status|p2b: Sinistcha|psn
|move|p1b: Kingambit|Kowtow Cleave|p2b: Sinistcha
|-supereffective|p2b: Sinistcha|1
|-damage|p2b: Sinistcha|0 fnt
|faint|p2b: Sinistcha
|
|-weather|SunnyDay|[upkeep]
|upkeep
|
|t:|1783964565
|switch|p2b: Blastoise|Blastoise, L50, F|100/100
|turn|5
|
|t:|1783964587
|move|p1b: Kingambit|Protect|p1b: Kingambit
|-singleturn|p1b: Kingambit|Protect
|move|p2a: Delphox|Heat Wave|p1a: Sneasler|[spread] p1a
|-activate|p1b: Kingambit|move: Protect
|-damage|p1a: Sneasler|0 fnt
|faint|p1a: Sneasler
|move|p2b: Blastoise|Water Spout|p1b: Kingambit
|-activate|p1b: Kingambit|move: Protect
|
|-weather|none
|upkeep
|
|t:|1783964591
|switch|p1a: Sableye|Sableye, L50, F|100/100
|turn|6
|
|t:|1783964600
|move|p1a: Sableye|Fake Out|p2b: Blastoise
|-damage|p2b: Blastoise|90/100
|move|p1b: Kingambit|Sucker Punch|p2a: Delphox
|-supereffective|p2a: Delphox|1
|-damage|p2a: Delphox|0 fnt
|faint|p2a: Delphox
|cant|p2b: Blastoise|flinch
|
|upkeep
|turn|7
|inactive|Aketzagar18 has 30 seconds left.
|
|t:|1783964628
|move|p1b: Kingambit|Protect|p1b: Kingambit
|-singleturn|p1b: Kingambit|Protect
|move|p1a: Sableye|Sunny Day|p1a: Sableye
|-weather|SunnyDay
|move|p2b: Blastoise|Dark Pulse|p1b: Kingambit
|-activate|p1b: Kingambit|move: Protect
|
|-weather|SunnyDay|[upkeep]
|upkeep
|turn|8
|
|t:|1783964645
|move|p1a: Sableye|Will-O-Wisp|p2b: Blastoise
|-status|p2b: Blastoise|brn
|move|p1b: Kingambit|Sucker Punch|p2b: Blastoise
|-damage|p2b: Blastoise|37/100 brn
|move|p2b: Blastoise|Dark Pulse|p1b: Kingambit
|-resisted|p1b: Kingambit|1
|-damage|p1b: Kingambit|0 fnt
|faint|p1b: Kingambit
|
|-weather|SunnyDay|[upkeep]
|-damage|p2b: Blastoise|32/100 brn|[from] brn
|upkeep
|turn|9
|
|t:|1783964661
|move|p1a: Sableye|Sunny Day||[still]
|-fail|p1a: Sableye
|move|p2b: Blastoise|Shell Smash|p2b: Blastoise
|-unboost|p2b: Blastoise|def|1
|-unboost|p2b: Blastoise|spd|1
|-boost|p2b: Blastoise|atk|2
|-boost|p2b: Blastoise|spa|2
|-boost|p2b: Blastoise|spe|2
|
|-weather|SunnyDay|[upkeep]
|-damage|p2b: Blastoise|26/100 brn|[from] brn
|upkeep
|turn|10
|
|t:|1783964668
|move|p1a: Sableye|Encore|p2b: Blastoise
|-start|p2b: Blastoise|Encore
|move|p2b: Blastoise|Shell Smash|p2b: Blastoise
|-unboost|p2b: Blastoise|def|1
|-unboost|p2b: Blastoise|spd|1
|-boost|p2b: Blastoise|atk|2
|-boost|p2b: Blastoise|spa|2
|-boost|p2b: Blastoise|spe|2
|
|-weather|SunnyDay|[upkeep]
|-damage|p2b: Blastoise|20/100y brn|[from] brn
|upkeep
|turn|11
|
|t:|1783964675
|move|p1a: Sableye|Encore||[still]
|-fail|p1a: Sableye
|move|p2b: Blastoise|Shell Smash|p2b: Blastoise
|-unboost|p2b: Blastoise|def|1
|-unboost|p2b: Blastoise|spd|1
|-boost|p2b: Blastoise|atk|2
|-boost|p2b: Blastoise|spa|2
|-boost|p2b: Blastoise|spe|2
|
|-weather|none
|-damage|p2b: Blastoise|14/100 brn|[from] brn
|upkeep
|turn|12
|
|t:|1783964685
|move|p1a: Sableye|Encore||[still]
|-fail|p1a: Sableye
|move|p2b: Blastoise|Shell Smash|p2b: Blastoise
|-unboost|p2b: Blastoise|def|1
|-unboost|p2b: Blastoise|spd|1
|-boost|p2b: Blastoise|atk|0
|-boost|p2b: Blastoise|spa|0
|-boost|p2b: Blastoise|spe|0
|
|-damage|p2b: Blastoise|8/100 brn|[from] brn
|-end|p2b: Blastoise|Encore
|upkeep
|turn|13
|
|t:|1783964688
|move|p1a: Sableye|Encore|p2b: Blastoise
|-start|p2b: Blastoise|Encore
|move|p2b: Blastoise|Shell Smash|p2b: Blastoise
|-unboost|p2b: Blastoise|def|1
|-unboost|p2b: Blastoise|spd|1
|-boost|p2b: Blastoise|atk|0
|-boost|p2b: Blastoise|spa|0
|-boost|p2b: Blastoise|spe|0
|
|-damage|p2b: Blastoise|3/100 brn|[from] brn
|upkeep
|turn|14
|
|t:|1783964692
|move|p1a: Sableye|Sunny Day|p1a: Sableye
|-weather|SunnyDay
|move|p2b: Blastoise|Shell Smash|p2b: Blastoise
|-unboost|p2b: Blastoise|def|1
|-unboost|p2b: Blastoise|spd|1
|-boost|p2b: Blastoise|atk|0
|-boost|p2b: Blastoise|spa|0
|-boost|p2b: Blastoise|spe|0
|
|-weather|SunnyDay|[upkeep]
|-damage|p2b: Blastoise|0 fnt|[from] brn
|faint|p2b: Blastoise
|
|win|tipolucha
|raw|tipolucha's rating: 1122 → 1142(+20 for winning)
|raw|Aketzagar18's rating: 1046 → 1033(-13 for losing)
|l|☆tipolucha
|player|p1|
