|j|☆ill.busx
|j|☆Passevgc
|html|ill.busxPassevgc    
|uhtml|bestof|Game 3 of a best-of-3
|t:|1783541386
|gametype|doubles
|player|p1|ill.busx|170|1000
|player|p2|Passevgc|170|1055
|gen|9
|tier|[Gen 9 Champions] VGC 2026 Reg M-B (Bo3)
|rated|
|rule|Species Clause: Limit one of each Pokémon
|rule|Item Clause: Limit 1 of each item
|clearpoke
|poke|p1|Kangaskhan, L50, F|
|poke|p1|Sinistcha, L50|
|poke|p1|Aerodactyl, L50, M|
|poke|p1|Incineroar, L50, M|
|poke|p1|Gengar, L50, M, shiny|
|poke|p1|Ninetales-Alola, L50, F|
|poke|p2|Hydreigon, L50, M|
|poke|p2|Incineroar, L50, F|
|poke|p2|Charizard, L50, F|
|poke|p2|Metagross, L50|
|poke|p2|Aerodactyl, L50, M|
|poke|p2|Sinistcha, L50|
|teampreview|4
|showteam|p1|Kangaskhan||Kangaskhanite|InnerFocus|Protect,FakeOut,SuckerPunch,DrainPunch|Adamant||F|||50|]Sinistcha||SitrusBerry|Hospitality|Protect,RagePowder,MatchaGotcha,LifeDew|Relaxed|||||50|]Aerodactyl||FocusSash|Unnerve|Protect,Tailwind,DualWingbeat,RockSlide|Jolly||M|||50|]Incineroar||ChopleBerry|Intimidate|Protect,FakeOut,PartingShot,ThroatChop|Relaxed||M|||50|]Gengar||Gengarite|CursedBody|Protect,PerishSong,Disable,ShadowBall|Timid||M|||50|]Ninetales-Alola||NeverMeltIce|SnowWarning|Protect,Moonblast,Blizzard,Encore|Timid||F|||50|
|showteam|p2|Hydreigon||ChoiceScarf|Levitate|DracoMeteor,DarkPulse,FlashCannon,Snarl|Modest||M|||50|]Incineroar||ChopleBerry|Intimidate|FlareBlitz,DarkestLariat,PartingShot,FakeOut|Careful||F|||50|]Charizard||CharizarditeY|Blaze|HeatWave,SolarBeam,WeatherBall,Protect|Modest||F|||50|]Metagross||Metagrossite|ClearBody|PsychicFangs,IronHead,BodyPress,Protect|Adamant|||||50|]Aerodactyl||FocusSash|Unnerve|RockSlide,WideGuard,Tailwind,Protect|Jolly||M|||50|]Sinistcha||SitrusBerry|Hospitality|Protect,LifeDew,RagePowder,MatchaGotcha|Calm|||||50|
|c|☆ill.busx|gg
|inactive|Battle timer is ON: inactive players will automatically lose when time's up. (requested by Passevgc)
|inactive|ill.busx has 60 seconds left.
|
|t:|1783541422
|teamsize|p1|4
|teamsize|p2|4
|start
|switch|p1a: Kangaskhan|Kangaskhan, L50, F|100/100
|switch|p1b: Gengar|Gengar, L50, M, shiny|100/100
|switch|p2a: Aerodactyl|Aerodactyl, L50, M|100/100
|switch|p2b: Charizard|Charizard, L50, F|100/100
|-ability|p2a: Aerodactyl|Unnerve
|turn|1
|inactive|Passevgc has 30 seconds left.
|
|t:|1783541452
|switch|p2a: Incineroar|Incineroar, L50, F|100/100
|-ability|p2a: Incineroar|Intimidate|boost
|-fail|p1a: Kangaskhan|unboost|Attack|[from] ability: Inner Focus|[of] p1a: Kangaskhan
|-unboost|p1b: Gengar|atk|1
|switch|p2b: Sinistcha|Sinistcha, L50|100/100
|detailschange|p1b: Gengar|Gengar-Mega, L50, M, shiny
|-mega|p1b: Gengar|Gengar|Gengarite
|move|p1a: Kangaskhan|Fake Out|p2b: Sinistcha
|-immune|p2b: Sinistcha
|move|p1b: Gengar|Perish Song|p1b: Gengar
|-start|p1a: Kangaskhan|perish3|[silent]
|-start|p1b: Gengar|perish3|[silent]
|-start|p2a: Incineroar|perish3|[silent]
|-start|p2b: Sinistcha|perish3|[silent]
|-fieldactivate|move: Perish Song
|
|-start|p1b: Gengar|perish3
|-start|p1a: Kangaskhan|perish3
|-start|p2a: Incineroar|perish3
|-start|p2b: Sinistcha|perish3
|upkeep
|turn|2
|inactive|ill.busx has 30 seconds left.
|inactive|Passevgc has 30 seconds left.
|
|t:|1783541484
|move|p2b: Sinistcha|Protect|p2b: Sinistcha
|-singleturn|p2b: Sinistcha|Protect
|move|p1b: Gengar|Shadow Ball|p2b: Sinistcha
|-activate|p2b: Sinistcha|move: Protect
|move|p1a: Kangaskhan|Drain Punch|p2a: Incineroar
|-supereffective|p2a: Incineroar|1
|-enditem|p2a: Incineroar|Chople Berry|[eat]
|-enditem|p2a: Incineroar|Chople Berry|[weaken]
|-damage|p2a: Incineroar|79/100
|move|p2a: Incineroar|Parting Shot|p1a: Kangaskhan
|-unboost|p1a: Kangaskhan|atk|1
|-unboost|p1a: Kangaskhan|spa|1
|
|t:|1783541500
|switch|p2a: Charizard|Charizard, L50, F|100/100|[from] Parting Shot
|
|-start|p1b: Gengar|perish2
|-start|p1a: Kangaskhan|perish2
|-start|p2b: Sinistcha|perish2
|upkeep
|turn|3
|inactive|ill.busx has 30 seconds left.
|inactive|Passevgc has 30 seconds left.
|
|t:|1783541528
|switch|p1a: Incineroar|Incineroar, L50, M|100/100
|-ability|p1a: Incineroar|Intimidate|boost
|-unboost|p2a: Charizard|atk|1
|-unboost|p2b: Sinistcha|atk|1
|switch|p2b: Incineroar|Incineroar, L50, F|79/100
|-ability|p2b: Incineroar|Intimidate|boost
|-unboost|p1a: Incineroar|atk|1
|-unboost|p1b: Gengar|atk|1
|detailschange|p2a: Charizard|Charizard-Mega-Y, L50, F
|-mega|p2a: Charizard|Charizard|Charizardite Y
|-weather|SunnyDay|[from] ability: Drought|[of] p2a: Charizard
|move|p1b: Gengar|Shadow Ball|p2b: Incineroar
|-resisted|p2b: Incineroar|1
|-damage|p2b: Incineroar|61/100
|move|p2a: Charizard|Heat Wave|p1b: Gengar|[spread] p1a,p1b
|-resisted|p1a: Incineroar|1
|-damage|p1a: Incineroar|67/100
|-damage|p1b: Gengar|17/100
|
|-weather|SunnyDay|[upkeep]
|-start|p1b: Gengar|perish1
|upkeep
|turn|4
|
|t:|1783541552
|switch|p1b: Ninetales|Ninetales-Alola, L50, F|100/100
|-weather|Snowscape|[from] ability: Snow Warning|[of] p1b: Ninetales
|move|p1a: Incineroar|Fake Out|p2a: Charizard
|-damage|p2a: Charizard|90/100
|cant|p2a: Charizard|flinch
|move|p2b: Incineroar|Darkest Lariat|p1b: Ninetales
|-resisted|p1b: Ninetales|1
|-damage|p1b: Ninetales|86/100
|
|-weather|Snowscape|[upkeep]
|upkeep
|turn|5
|
|t:|1783541575
|move|p1b: Ninetales|Protect|p1b: Ninetales
|-singleturn|p1b: Ninetales|Protect
|move|p2a: Charizard|Heat Wave|p1a: Incineroar|[spread] p1a
|-activate|p1b: Ninetales|move: Protect
|-resisted|p1a: Incineroar|1
|-damage|p1a: Incineroar|45/100
|move|p2b: Incineroar|Parting Shot|p1a: Incineroar
|-unboost|p1a: Incineroar|atk|1
|-unboost|p1a: Incineroar|spa|1
|inactive|Passevgc has 30 seconds left.
|
|t:|1783541602
|switch|p2b: Aerodactyl|Aerodactyl, L50, M|100/100|[from] Parting Shot
|-ability|p2b: Aerodactyl|Unnerve
|move|p1a: Incineroar|Throat Chop|p2a: Charizard
|-damage|p2a: Charizard|68/100
|-start|p2a: Charizard|Throat Chop|[silent]
|
|-weather|Snowscape|[upkeep]
|upkeep
|turn|6
|
|t:|1783541622
|switch|p1b: Kangaskhan|Kangaskhan, L50, F|100/100
|move|p2b: Aerodactyl|Rock Slide|p1b: Kangaskhan|[spread] p1a,p1b
|-supereffective|p1a: Incineroar|1
|-damage|p1a: Incineroar|6/100
|-damage|p1b: Kangaskhan|75/100
|move|p2a: Charizard|Heat Wave|p1a: Incineroar|[spread] p1a,p1b
|-resisted|p1a: Incineroar|1
|-damage|p1a: Incineroar|0 fnt
|-damage|p1b: Kangaskhan|27/100
|faint|p1a: Incineroar
|
|-weather|Snowscape|[upkeep]
|-end|p2a: Charizard|Throat Chop|[silent]
|upkeep
|
|t:|1783541635
|switch|p1a: Ninetales|Ninetales-Alola, L50, F|86/100
|turn|7
|
|t:|1783541654
|switch|p2a: Incineroar|Incineroar, L50, F|61/100
|-ability|p2a: Incineroar|Intimidate|boost
|-unboost|p1a: Ninetales|atk|1
|-fail|p1b: Kangaskhan|unboost|Attack|[from] ability: Inner Focus|[of] p1b: Kangaskhan
|move|p2b: Aerodactyl|Protect|p2b: Aerodactyl
|-singleturn|p2b: Aerodactyl|Protect
|move|p1b: Kangaskhan|Fake Out|p2a: Incineroar
|-damage|p2a: Incineroar|46/100
|move|p1a: Ninetales|Blizzard|p2a: Incineroar|[spread] p2a
|-activate|p2b: Aerodactyl|move: Protect
|-resisted|p2a: Incineroar|1
|-damage|p2a: Incineroar|34/100
|
|-weather|Snowscape|[upkeep]
|upkeep
|turn|8
|inactive|Passevgc has 30 seconds left.
|inactive|ill.busx has 30 seconds left.
|inactive|Passevgc has 20 seconds left.
|inactive|ill.busx has 20 seconds left.
|inactive|ill.busx has 15 seconds left.
|inactive|ill.busx has 10 seconds left.
|
|t:|1783541708
|move|p2a: Incineroar|Fake Out|p1b: Kangaskhan
|-damage|p1b: Kangaskhan|16/100
|move|p1b: Kangaskhan|Sucker Punch||[still]
|-fail|p1b: Kangaskhan
|move|p2b: Aerodactyl|Tailwind|p2b: Aerodactyl
|-sidestart|p2: Passevgc|move: Tailwind
|move|p1a: Ninetales|Blizzard|p2b: Aerodactyl|[spread] p2a,p2b
|-resisted|p2a: Incineroar|1
|-supereffective|p2b: Aerodactyl|1
|-damage|p2a: Incineroar|21/100
|-damage|p2b: Aerodactyl|17/100
|
|-weather|none
|upkeep
|turn|9
|inactive|ill.busx has 30 seconds left.
|
|t:|1783541735
|switch|p2b: Sinistcha|Sinistcha, L50|100/100
|-heal|p2a: Incineroar|46/100|[from] ability: Hospitality|[of] p2b: Sinistcha
|move|p1b: Kangaskhan|Sucker Punch||[still]
|-fail|p1b: Kangaskhan
|move|p2a: Incineroar|Darkest Lariat|p1b: Kangaskhan
|-damage|p1b: Kangaskhan|0 fnt
|faint|p1b: Kangaskhan
|move|p1a: Ninetales|Encore|p2a: Incineroar
|-start|p2a: Incineroar|Encore
|
|upkeep
|
|t:|1783541745
|switch|p1b: Gengar|Gengar-Mega, L50, M, shiny|17/100
|turn|10
|
|t:|1783541756
|move|p1b: Gengar|Protect|p1b: Gengar
|-singleturn|p1b: Gengar|Protect
|move|p2b: Sinistcha|Rage Powder|p2b: Sinistcha
|-singleturn|p2b: Sinistcha|move: Rage Powder
|move|p2a: Incineroar|Darkest Lariat|p1b: Gengar
|-activate|p1b: Gengar|move: Protect
|move|p1a: Ninetales|Blizzard|p2b: Sinistcha|[spread] p2a,p2b
|-resisted|p2a: Incineroar|1
|-supereffective|p2b: Sinistcha|1
|-damage|p2a: Incineroar|34/100
|-damage|p2b: Sinistcha|46/100
|-enditem|p2b: Sinistcha|Sitrus Berry|[eat]
|-heal|p2b: Sinistcha|70/100|[from] item: Sitrus Berry
|
|upkeep
|turn|11
|c|☆Passevgc|ggs
|
|t:|1783541776
|move|p1a: Ninetales|Protect|p1a: Ninetales
|-singleturn|p1a: Ninetales|Protect
|move|p2b: Sinistcha|Rage Powder|p2b: Sinistcha
|-singleturn|p2b: Sinistcha|move: Rage Powder
|move|p1b: Gengar|Shadow Ball|p2b: Sinistcha
|-supereffective|p2b: Sinistcha|1
|-damage|p2b: Sinistcha|0 fnt
|faint|p2b: Sinistcha
|move|p2a: Incineroar|Darkest Lariat|p1b: Gengar
|-supereffective|p1b: Gengar|1
|-damage|p1b: Gengar|0 fnt
|faint|p1b: Gengar
|
|-sideend|p2: Passevgc|move: Tailwind
|upkeep
|
|t:|1783541790
|switch|p2b: Charizard|Charizard-Mega-Y, L50, F|68/100
|-weather|SunnyDay|[from] ability: Drought|[of] p2b: Charizard
|turn|12
|c|☆ill.busx|ggs
|
|t:|1783541802
|move|p1a: Ninetales|Blizzard|p2a: Incineroar|[spread] 
|-miss|p1a: Ninetales|p2a: Incineroar
|-miss|p1a: Ninetales|p2b: Charizard
|move|p2b: Charizard|Weather Ball|p1a: Ninetales
|-supereffective|p1a: Ninetales|1
|-crit|p1a: Ninetales
|-damage|p1a: Ninetales|0 fnt
|faint|p1a: Ninetales
|
|win|Passevgc
|raw|ill.busx's rating: 1000 → 1000(+0 for losing)
|raw|Passevgc's rating: 1055 → 1082(+27 for winning)
|c|☆Passevgc|ggs
|l|☆Passevgc
|player|p2|
