|j|☆molder
|j|☆harrison4
|html|molderharrison4    
|uhtml|bestof|Game 1 of a best-of-3
|t:|1783637462
|gametype|doubles
|player|p1|molder|170|
|player|p2|harrison4|ingo|
|gen|9
|tier|[Gen 9 Champions] VGC 2026 Reg M-B (Bo3)
|rule|Species Clause: Limit one of each Pokémon
|rule|Item Clause: Limit 1 of each item
|clearpoke
|poke|p1|Gardevoir, L50, M|
|poke|p1|Incineroar, L50, F|
|poke|p1|Rotom-Heat, L50|
|poke|p1|Machamp, L50, M|
|poke|p1|Dragonite, L50, F|
|poke|p1|Tyranitar, L50, M|
|poke|p2|Golurk, L50|
|poke|p2|Sinistcha, L50|
|poke|p2|Orthworm, L50, F|
|poke|p2|Azumarill, L50, F|
|poke|p2|Kommo-o, L50, F|
|poke|p2|Slowking, L50, M|
|teampreview|4
|showteam|p1|Gardevoir||Gardevoirite|Telepathy|Psychic,HyperVoice,TrickRoom,Protect|Modest||M|||50|]Incineroar||SitrusBerry|Intimidate|FlareBlitz,FakeOut,PartingShot,WillOWisp|Impish||F|||50|]Rotom-Heat||LifeOrb|Levitate|Overheat,WillOWisp,Substitute,Thunderbolt|Modest|||||50|]Machamp||CobaBerry|NoGuard|WideGuard,DynamicPunch,KnockOff,IcePunch|Adamant||M|||50|]Dragonite||Leftovers|Multiscale|Fly,DragonClaw,ExtremeSpeed,Roost|Adamant||F|||50|]Tyranitar||FocusSash|SandStream|KnockOff,Crunch,DragonTail,Taunt|Adamant||M|||50|
|showteam|p2|Golurk||Golurkite|IronFist|DrainPunch,IcePunch,ShadowPunch,Protect|Brave|||||50|]Sinistcha||MentalHerb|Hospitality|ShadowBall,MatchaGotcha,TrickRoom,RagePowder|Relaxed|||||50|]Orthworm||SitrusBerry|EarthEater|HeavySlam,BodyPress,IronDefense,ShedTail|Sassy||F|||50|]Azumarill||ExpertBelt|HugePower|PlayRough,AquaJet,BellyDrum,IcePunch|Adamant||F|||50|]Kommo-o||PayapaBerry|Soundproof|UpperHand,ClangingScales,FlashCannon,Protect|Naive||F|||50|]Slowking||QuickClaw|Regenerator|TrickRoom,ShadowBall,HydroPump,Scald|Quiet||M|||50|
|c|☆molder|ur dead punk boy
|c|☆harrison4|that's what your mother said last night
|c|☆harrison4|she threatened me in broad daylight
|c|☆harrison4|in front of a cop
|c|☆harrison4|who did nothing (ofc)
|c|☆molder|i'd eat donuts off you for $15
|c|☆molder|premium subscription, you can watch me make the donuts
|c|☆molder|that one is $40
|c|☆harrison4|Oh
|c|☆harrison4|thought you were payin me the 15
|c|☆harrison4|you pay me 5, final offer
|
|t:|1783637608
|teamsize|p1|4
|teamsize|p2|4
|start
|switch|p1a: placeholder|Tyranitar, L50, M|100/100
|switch|p1b: mo|Gardevoir, L50, M|100/100
|switch|p2a: Kite|Kommo-o, L50, F|100/100
|switch|p2b: Brainwash|Slowking, L50, M|100/100
|-weather|Sandstorm|[from] ability: Sand Stream|[of] p1a: placeholder
|turn|1
|-activate|p2b: Brainwash|item: Quick Claw
|
|t:|1783637660
|detailschange|p1b: mo|Gardevoir-Mega, L50, M
|-mega|p1b: mo|Gardevoir|Gardevoirite
|move|p2a: Kite|Protect|p2a: Kite
|-singleturn|p2a: Kite|Protect
|move|p2b: Brainwash|Scald|p1a: placeholder
|-supereffective|p1a: placeholder|1
|-damage|p1a: placeholder|62/100
|move|p1b: mo|Hyper Voice|p2b: Brainwash|[spread] p2b
|-activate|p2a: Kite|move: Protect
|-damage|p2b: Brainwash|65/100
|move|p1a: placeholder|Knock Off|p2b: Brainwash
|-supereffective|p2b: Brainwash|1
|-damage|p2b: Brainwash|0 fnt
|-enditem|p2b: Brainwash|Quick Claw|[from] move: Knock Off|[of] p1a: placeholder
|faint|p2b: Brainwash
|
|-weather|Sandstorm|[upkeep]
|-damage|p2a: Kite|94/100|[from] Sandstorm
|-damage|p1b: mo|94/100|[from] Sandstorm
|upkeep
|
|t:|1783637685
|switch|p2b: Berthold|Golurk, L50|100/100
|turn|2
|
|t:|1783637700
|detailschange|p2b: Berthold|Golurk-Mega, L50
|-mega|p2b: Berthold|Golurk|Golurkite
|move|p2a: Kite|Flash Cannon|p1a: placeholder
|-supereffective|p1a: placeholder|1
|-damage|p1a: placeholder|33/100
|move|p1b: mo|Hyper Voice|p2b: Berthold|[spread] p2b
|-immune|p2a: Kite|[from] ability: Soundproof
|-damage|p2b: Berthold|51/100
|move|p1a: placeholder|Crunch|p2b: Berthold
|-supereffective|p2b: Berthold|1
|-damage|p2b: Berthold|0 fnt
|faint|p2b: Berthold
|
|-weather|Sandstorm|[upkeep]
|-damage|p2a: Kite|88/100|[from] Sandstorm
|-damage|p1b: mo|88/100|[from] Sandstorm
|upkeep
|
|t:|1783637714
|switch|p2b: OoLoNg|Sinistcha, L50|100/100
|-heal|p2a: Kite|100/100|[from] ability: Hospitality|[of] p2b: OoLoNg
|turn|3
|
|t:|1783637755
|switch|p1b: nicknames|Incineroar, L50, F|100/100
|-ability|p1b: nicknames|Intimidate|boost
|-unboost|p2a: Kite|atk|1
|-unboost|p2b: OoLoNg|atk|1
|move|p2a: Kite|Flash Cannon|p1b: nicknames
|-resisted|p1b: nicknames|1
|-damage|p1b: nicknames|89/100
|move|p2b: OoLoNg|Matcha Gotcha|p1a: placeholder|[spread] p1a,p1b
|-supereffective|p1a: placeholder|1
|-resisted|p1b: nicknames|1
|-damage|p1a: placeholder|1/100
|-damage|p1b: nicknames|79/100
|move|p1a: placeholder|Knock Off|p2b: OoLoNg
|-supereffective|p2b: OoLoNg|1
|-damage|p2b: OoLoNg|15/100
|-enditem|p2b: OoLoNg|Mental Herb|[from] move: Knock Off|[of] p1a: placeholder
|
|-weather|Sandstorm|[upkeep]
|-damage|p2a: Kite|94/100|[from] Sandstorm
|-damage|p2b: OoLoNg|9/100|[from] Sandstorm
|-damage|p1b: nicknames|73/100|[from] Sandstorm
|upkeep
|turn|4
|
|t:|1783637803
|move|p2a: Kite|Protect|p2a: Kite
|-singleturn|p2a: Kite|Protect
|move|p2b: OoLoNg|Matcha Gotcha|p1a: placeholder|[spread] p1a,p1b
|-supereffective|p1a: placeholder|1
|-resisted|p1b: nicknames|1
|-damage|p1a: placeholder|0 fnt
|-heal|p2b: OoLoNg|10/100|[from] drain|[of] p1a: placeholder
|-damage|p1b: nicknames|63/100
|-heal|p2b: OoLoNg|16/100|[from] drain|[of] p1b: nicknames
|faint|p1a: placeholder
|move|p1b: nicknames|Flare Blitz|p2b: OoLoNg
|-supereffective|p2b: OoLoNg|1
|-damage|p2b: OoLoNg|0 fnt
|faint|p2b: OoLoNg
|-damage|p1b: nicknames|58/100|[from] Recoil
|
|-weather|Sandstorm|[upkeep]
|-damage|p2a: Kite|88/100|[from] Sandstorm
|-damage|p1b: nicknames|52/100|[from] Sandstorm
|upkeep
|
|t:|1783637809
|switch|p1a: mo|Gardevoir-Mega, L50, M|88/100
|turn|5
|c|☆harrison4|ok so
|c|☆molder|im listenin
|c|☆harrison4|you sent the Bo3 option i just realized
|c|☆harrison4|so dont look at my sheets and i wont look at yours
|
|t:|1783637856
|move|p1a: mo|Protect|p1a: mo
|-singleturn|p1a: mo|Protect
|move|p2a: Kite|Flash Cannon|p1a: mo
|-activate|p1a: mo|move: Protect
|move|p1b: nicknames|Parting Shot|p2a: Kite
|-immune|p2a: Kite|[from] ability: Soundproof
|
|-weather|none
|upkeep
|turn|6
|c|☆molder|i think i looked at slowking
|c|☆molder|but i got the adhd real bad
|c|☆harrison4|dont look again
|c|☆molder|we can do a bo1 match after this with closed team sheets
|
|t:|1783637891
|move|p2a: Kite|Flash Cannon|p1a: mo
|-supereffective|p1a: mo|1
|-damage|p1a: mo|52/100
|move|p1a: mo|Psychic|p2a: Kite
|-supereffective|p2a: Kite|1
|-enditem|p2a: Kite|Payapa Berry|[eat]
|-enditem|p2a: Kite|Payapa Berry|[weaken]
|-damage|p2a: Kite|9/100
|move|p1b: nicknames|Flare Blitz|p2a: Kite
|-resisted|p2a: Kite|1
|-damage|p2a: Kite|0 fnt
|faint|p2a: Kite
|-damage|p1b: nicknames|50/100y|[from] Recoil
|-enditem|p1b: nicknames|Sitrus Berry|[eat]
|-heal|p1b: nicknames|74/100|[from] item: Sitrus Berry
|
|win|molder
|inactive|molder has 30 seconds to confirm battle start!
|inactive|harrison4 has 30 seconds to confirm battle start!
|inactive|molder has 20 seconds to confirm battle start!
|inactive|harrison4 has 20 seconds to confirm battle start!
|inactive|molder has 10 seconds to confirm battle start!
|inactive|harrison4 has 10 seconds to confirm battle start!
|inactive|molder has 0 seconds to confirm battle start!
|inactive|harrison4 has 0 seconds to confirm battle start!
|uhtml|next|Next: Game 2 of 3
