|j|☆Blaccmoneytree
|j|☆tang de maracuja
|html|Blaccmoneytreetang de maracuja    
|uhtml|bestof|Game 2 of a best-of-3
|t:|1784564693
|gametype|doubles
|player|p1|Blaccmoneytree|169|1088
|player|p2|tang de maracuja|morty|1072
|gen|9
|tier|[Gen 9 Champions] VGC 2026 Reg M-B (Bo3)
|rated|
|rule|Species Clause: Limit one of each Pokémon
|rule|Item Clause: Limit 1 of each item
|clearpoke
|poke|p1|Gengar, L50, M, shiny|
|poke|p1|Archaludon, L50, M|
|poke|p1|Politoed, L50, F, shiny|
|poke|p1|Swampert, L50, M, shiny|
|poke|p1|Vivillon-Pokeball, L50, F|
|poke|p1|Incineroar, L50, F, shiny|
|poke|p2|Gengar, L50, F|
|poke|p2|Archaludon, L50, F|
|poke|p2|Politoed, L50, F|
|poke|p2|Swampert, L50, M|
|poke|p2|Vivillon, L50, M|
|poke|p2|Incineroar, L50, F|
|teampreview|4
|showteam|p1|Gengar||Gengarite|CursedBody|ShadowBall,SludgeBomb,PerishSong,Protect|Modest||M|||50|]Archaludon||Leftovers|Stamina|ElectroShot,DragonPulse,FlashCannon,Protect|Bold||M|||50|]Politoed||SitrusBerry|Drizzle|WeatherBall,Hypnosis,PerishSong,Protect|Calm||F|||50|]Swampert||Swampertite|Torrent|WaveCrash,Earthquake,IcePunch,Protect|Adamant||M|||50|]Vivillon-Pokeball||FocusSash|CompoundEyes|Hurricane,SleepPowder,RagePowder,Protect|Timid||F|||50|]Incineroar||PasshoBerry|Intimidate|ThroatChop,FakeOut,PartingShot,Protect|Impish||F|||50|
|showteam|p2|Gengar||Gengarite|CursedBody|ShadowBall,SludgeBomb,PerishSong,Protect|Modest||F|||50|]Archaludon||Leftovers|Stamina|ElectroShot,DragonPulse,FlashCannon,Protect|Bold||F|||50|]Politoed||SitrusBerry|Drizzle|WeatherBall,Hypnosis,PerishSong,Protect|Calm||F|||50|]Swampert||Swampertite|Torrent|WaveCrash,Earthquake,IcePunch,Protect|Adamant||M|||50|]Vivillon||FocusSash|CompoundEyes|Hurricane,SleepPowder,RagePowder,Protect|Timid||M|||50|]Incineroar||PasshoBerry|Intimidate|ThroatChop,FakeOut,PartingShot,Protect|Impish||F|||50|
|inactive|Battle timer is ON: inactive players will automatically lose when time's up. (requested by tang de maracuja)
|inactive|tang de maracuja has 60 seconds left.
|
|t:|1784564734
|teamsize|p1|4
|teamsize|p2|4
|start
|switch|p1a: Incineroar|Incineroar, L50, F, shiny|100/100
|switch|p1b: Swampert|Swampert, L50, M, shiny|100/100
|switch|p2a: Archaludon|Archaludon, L50, F|100/100
|switch|p2b: Vivillon|Vivillon, L50, M|100/100
|-ability|p1a: Incineroar|Intimidate|boost
|-unboost|p2a: Archaludon|atk|1
|-unboost|p2b: Vivillon|atk|1
|turn|1
|inactive|Blaccmoneytree has 30 seconds left.
|
|t:|1784564767
|switch|p2b: Politoed|Politoed, L50, F|100/100
|-weather|RainDance|[from] ability: Drizzle|[of] p2b: Politoed
|detailschange|p1b: Swampert|Swampert-Mega, L50, M, shiny
|-mega|p1b: Swampert|Swampert|Swampertite
|move|p1a: Incineroar|Fake Out|p2b: Politoed
|-damage|p2b: Politoed|89/100
|move|p1b: Swampert|Ice Punch|p2b: Politoed
|-resisted|p2b: Politoed|1
|-damage|p2b: Politoed|73/100
|move|p2a: Archaludon|Electro Shot||[still]
|-prepare|p2a: Archaludon|Electro Shot
|-boost|p2a: Archaludon|spa|1
|-anim|p2a: Archaludon|Electro Shot|p1a: Incineroar
|-damage|p1a: Incineroar|53/100
|
|-weather|RainDance|[upkeep]
|upkeep
|turn|2
|inactive|Blaccmoneytree has 30 seconds left.
|
|t:|1784564801
|switch|p2b: Vivillon|Vivillon, L50, M|100/100
|switch|p1a: Vivillon|Vivillon-Pokeball, L50, F|100/100
|move|p1b: Swampert|Earthquake|p2b: Vivillon|[spread] p2a
|-immune|p1a: Vivillon
|-immune|p2b: Vivillon
|-supereffective|p2a: Archaludon|1
|-damage|p2a: Archaludon|42/100
|-ability|p2a: Archaludon|Stamina|boost
|-boost|p2a: Archaludon|def|1
|move|p2a: Archaludon|Electro Shot||[still]
|-prepare|p2a: Archaludon|Electro Shot
|-boost|p2a: Archaludon|spa|1
|-anim|p2a: Archaludon|Electro Shot|p1a: Vivillon
|-supereffective|p1a: Vivillon|1
|-enditem|p1a: Vivillon|Focus Sash
|-damage|p1a: Vivillon|1/100
|
|-weather|RainDance|[upkeep]
|-heal|p2a: Archaludon|48/100|[from] item: Leftovers
|upkeep
|turn|3
|inactive|tang de maracuja has 30 seconds left.
|
|t:|1784564828
|move|p2a: Archaludon|Protect|p2a: Archaludon
|-singleturn|p2a: Archaludon|Protect
|move|p1b: Swampert|Earthquake|p2a: Archaludon|[spread] 
|-activate|p2a: Archaludon|move: Protect
|-immune|p1a: Vivillon
|-immune|p2b: Vivillon
|move|p1a: Vivillon|Sleep Powder|p2a: Archaludon
|-activate|p2a: Archaludon|move: Protect
|move|p2b: Vivillon|Sleep Powder|p1b: Swampert
|-status|p1b: Swampert|slp|[from] move: Sleep Powder
|
|-weather|RainDance|[upkeep]
|-heal|p2a: Archaludon|54/100|[from] item: Leftovers
|upkeep
|turn|4
|
|t:|1784564852
|cant|p1b: Swampert|slp
|move|p2b: Vivillon|Rage Powder|p2b: Vivillon
|-singleturn|p2b: Vivillon|move: Rage Powder
|move|p1a: Vivillon|Sleep Powder|p2b: Vivillon
|-status|p2b: Vivillon|slp|[from] move: Sleep Powder
|move|p2a: Archaludon|Electro Shot||[still]
|-prepare|p2a: Archaludon|Electro Shot
|-boost|p2a: Archaludon|spa|1
|-anim|p2a: Archaludon|Electro Shot|p1a: Vivillon
|-supereffective|p1a: Vivillon|1
|-damage|p1a: Vivillon|0 fnt
|faint|p1a: Vivillon
|
|-weather|RainDance|[upkeep]
|-heal|p2a: Archaludon|60/100|[from] item: Leftovers
|upkeep
|
|t:|1784564868
|switch|p1a: Incineroar|Incineroar, L50, F, shiny|53/100
|-ability|p1a: Incineroar|Intimidate|boost
|-unboost|p2a: Archaludon|atk|1
|-unboost|p2b: Vivillon|atk|1
|turn|5
|
|t:|1784564892
|cant|p1b: Swampert|slp
|cant|p2b: Vivillon|slp
|move|p2a: Archaludon|Electro Shot||[still]
|-prepare|p2a: Archaludon|Electro Shot
|-boost|p2a: Archaludon|spa|1
|-anim|p2a: Archaludon|Electro Shot|p1a: Incineroar
|-damage|p1a: Incineroar|0 fnt
|faint|p1a: Incineroar
|
|-weather|none
|-heal|p2a: Archaludon|66/100|[from] item: Leftovers
|upkeep
|
|t:|1784564903
|switch|p1a: Politoed|Politoed, L50, F, shiny|100/100
|-weather|RainDance|[from] ability: Drizzle|[of] p1a: Politoed
|turn|6
|
|t:|1784564921
|move|p2a: Archaludon|Protect|p2a: Archaludon
|-singleturn|p2a: Archaludon|Protect
|move|p1a: Politoed|Protect|p1a: Politoed
|-singleturn|p1a: Politoed|Protect
|-curestatus|p1b: Swampert|slp|[msg]
|move|p1b: Swampert|Earthquake|p2a: Archaludon|[spread] 
|-activate|p1a: Politoed|move: Protect
|-activate|p2a: Archaludon|move: Protect
|-immune|p2b: Vivillon
|-curestatus|p2b: Vivillon|slp|[msg]
|move|p2b: Vivillon|Sleep Powder|p1b: Swampert
|-status|p1b: Swampert|slp|[from] move: Sleep Powder
|
|-weather|RainDance|[upkeep]
|-heal|p2a: Archaludon|72/100|[from] item: Leftovers
|upkeep
|turn|7
|
|t:|1784564942
|cant|p1b: Swampert|slp
|move|p2b: Vivillon|Hurricane|p1b: Swampert
|-damage|p1b: Swampert|60/100 slp
|move|p2a: Archaludon|Electro Shot||[still]
|-prepare|p2a: Archaludon|Electro Shot
|-boost|p2a: Archaludon|spa|1
|-anim|p2a: Archaludon|Electro Shot|p1a: Politoed
|-supereffective|p1a: Politoed|1
|-damage|p1a: Politoed|0 fnt
|faint|p1a: Politoed
|
|-weather|RainDance|[upkeep]
|-heal|p2a: Archaludon|78/100|[from] item: Leftovers
|upkeep
|turn|8
|-message|Blaccmoneytree forfeited.
|
|win|tang de maracuja
