|j|☆MinasDevilCrobats
|j|☆Its last min
|html|MinasDevilCrobatsIts last min    
|uhtml|bestof|Game 3 of a best-of-3
|t:|1756211872
|gametype|doubles
|player|p1|MinasDevilCrobats|darach-caitlin|1164
|player|p2|Its last min|265|1083
|gen|9
|tier|[Gen 9] VGC 2025 Reg H (Bo3)
|rated|
|rule|Species Clause: Limit one of each Pokémon
|rule|Item Clause: Limit 1 of each item
|clearpoke
|poke|p1|Dragapult, L50, M|
|poke|p1|Electabuzz, L50, F|
|poke|p1|Weavile, L50, M|
|poke|p1|Primarina, L50, M|
|poke|p1|Gholdengo, L50|
|poke|p1|Whimsicott, L50, F|
|poke|p2|Hydreigon, L50, M|
|poke|p2|Maushold-Four, L50|
|poke|p2|Gholdengo, L50|
|poke|p2|Ursaluna-Bloodmoon, L50, M|
|poke|p2|Incineroar, L50, M|
|poke|p2|Rillaboom, L50, F|
|teampreview|4
|showteam|p1|Dragapult||ChoiceBand|ClearBody|DragonDarts,PhantomForce,SuckerPunch,PsychicFangs|||M|||50|,,,,,Dragon]Electabuzz||Eviolite|VitalSpirit|Electroweb,FollowMe,Taunt,Protect|||F|||50|,,,,,Ghost]Weavile||FocusSash|Pickpocket|FakeOut,KnockOff,TripleAxel,Protect|||M|||50|,,,,,Stellar]Primarina||ThroatSpray|LiquidVoice|HyperVoice,Moonblast,Haze,Protect|||M|||50|,,,,,Water]Gholdengo||LifeOrb|GoodasGold|MakeItRain,ShadowBall,NastyPlot,Protect||||||50|,,,,,Water]Whimsicott||CovertCloak|Prankster|Tailwind,Moonblast,Taunt,FakeTears|||F|||50|,,,,,Water
|showteam|p2|Hydreigon||CovertCloak|Levitate|DracoMeteor,Tailwind,Snarl,Protect|||M|||50|,,,,,Steel]Maushold-Four||SitrusBerry|FriendGuard|FollowMe,SuperFang,Taunt,Protect||||||50|,,,,,Ghost]Gholdengo||GrassySeed|GoodasGold|NastyPlot,MakeItRain,ShadowBall,Protect||||||50|,,,,,Water]Ursaluna-Bloodmoon||LifeOrb|MindsEye|BloodMoon,HyperVoice,EarthPower,Protect|||M|||50|,,,,,Normal]Incineroar||SafetyGoggles|Intimidate|KnockOff,FlareBlitz,PartingShot,FakeOut|||M|||50|,,,,,Ghost]Rillaboom||AssaultVest|GrassySurge|FakeOut,Uturn,GrassyGlide,DrumBeating|||F|||50|,,,,,Fire
|
|t:|1756211915
|teamsize|p1|4
|teamsize|p2|4
|start
|switch|p1a: Dragapult|Dragapult, L50, M|100/100
|switch|p1b: Primarina|Primarina, L50, M|100/100
|switch|p2a: Rillaboom|Rillaboom, L50, F|100/100
|switch|p2b: Gholdengo|Gholdengo, L50|100/100
|-fieldstart|move: Grassy Terrain|[from] ability: Grassy Surge|[of] p2a: Rillaboom
|-enditem|p2b: Gholdengo|Grassy Seed
|-boost|p2b: Gholdengo|def|1|[from] item: Grassy Seed
|turn|1
|
|t:|1756211932
|switch|p1b: Gholdengo|Gholdengo, L50|100/100
|move|p2a: Rillaboom|Fake Out|p1a: Dragapult
|-immune|p1a: Dragapult
|move|p1a: Dragapult|Dragon Darts|p2a: Rillaboom
|-damage|p2a: Rillaboom|52/100
|-anim|p1a: Dragapult|Dragon Darts|p2b: Gholdengo
|-resisted|p2b: Gholdengo
|-damage|p2b: Gholdengo|83/100
|move|p2b: Gholdengo|Nasty Plot|p2b: Gholdengo
|-boost|p2b: Gholdengo|spa|2
|
|-heal|p2a: Rillaboom|58/100|[from] Grassy Terrain
|-heal|p2b: Gholdengo|89/100|[from] Grassy Terrain
|upkeep
|turn|2
|
|t:|1756211956
|-terastallize|p1a: Dragapult|Dragon
|move|p1a: Dragapult|Dragon Darts|p2a: Rillaboom
|-damage|p2a: Rillaboom|0 fnt
|-anim|p1a: Dragapult|Dragon Darts|p2b: Gholdengo
|-resisted|p2b: Gholdengo
|-damage|p2b: Gholdengo|69/100
|faint|p2a: Rillaboom
|move|p2b: Gholdengo|Shadow Ball|p1b: Gholdengo
|-supereffective|p1b: Gholdengo
|-damage|p1b: Gholdengo|0 fnt
|faint|p1b: Gholdengo
|
|-heal|p2b: Gholdengo|75/100|[from] Grassy Terrain
|upkeep
|
|t:|1756211975
|switch|p2a: Incineroar|Incineroar, L50, M, shiny|100/100
|switch|p1b: Primarina|Primarina, L50, M|100/100
|-ability|p2a: Incineroar|Intimidate|boost
|-fail|p1a: Dragapult|unboost|[from] ability: Clear Body|[of] p1a: Dragapult
|-unboost|p1b: Primarina|atk|1
|turn|3
|
|t:|1756211981
|move|p1b: Primarina|Protect|p1b: Primarina
|-singleturn|p1b: Primarina|Protect
|move|p2a: Incineroar|Fake Out|p1a: Dragapult
|-damage|p1a: Dragapult|82/100
|cant|p1a: Dragapult|flinch
|move|p2b: Gholdengo|Make It Rain|p1a: Dragapult|[spread] p1a
|-activate|p1b: Primarina|move: Protect
|-damage|p1a: Dragapult|0 fnt
|-unboost|p2b: Gholdengo|spa|1
|faint|p1a: Dragapult
|
|-heal|p2b: Gholdengo|81/100|[from] Grassy Terrain
|upkeep
|
|t:|1756211988
|switch|p1a: Weavile|Weavile, L50, M|100/100
|turn|4
|
|t:|1756211997
|switch|p2a: Maushold|Maushold-Four, L50|100/100
|-terastallize|p2b: Gholdengo|Water
|move|p1a: Weavile|Knock Off|p2b: Gholdengo
|-damage|p2b: Gholdengo|61/100
|move|p2b: Gholdengo|Make It Rain|p1a: Weavile|[spread] p1a,p1b
|-supereffective|p1a: Weavile
|-enditem|p1a: Weavile|Focus Sash
|-damage|p1a: Weavile|1/100
|-damage|p1b: Primarina|36/100
|-unboost|p2b: Gholdengo|spa|1
|move|p1b: Primarina|Haze|p1b: Primarina
|-clearallboost
|
|-heal|p1a: Weavile|7/100|[from] Grassy Terrain
|-heal|p2b: Gholdengo|67/100|[from] Grassy Terrain
|-heal|p1b: Primarina|42/100|[from] Grassy Terrain
|upkeep
|turn|5
|
|t:|1756212012
|move|p2a: Maushold|Protect|p2a: Maushold
|-singleturn|p2a: Maushold|Protect
|move|p1a: Weavile|Triple Axel|p2a: Maushold
|-activate|p2a: Maushold|move: Protect
|move|p2b: Gholdengo|Make It Rain|p1a: Weavile|[spread] p1a,p1b
|-supereffective|p1a: Weavile
|-damage|p1a: Weavile|0 fnt
|-damage|p1b: Primarina|0 fnt
|-unboost|p2b: Gholdengo|spa|1
|faint|p1a: Weavile
|faint|p1b: Primarina
|
|win|Its last min
|raw|MinasDevilCrobats's rating: 1164 → 1133(-31 for losing)
|raw|Its last min's rating: 1083 → 1117(+34 for winning)
