|j|☆MonkeyLucky
|j|☆sturmkitten69
|html|MonkeyLuckysturmkitten69    
|uhtml|bestof|Game 3 of a best-of-3
|t:|1782709754
|gametype|doubles
|player|p1|MonkeyLucky|265|1081
|player|p2|sturmkitten69|fisherman-gen4|1140
|gen|9
|tier|[Gen 9 Champions] VGC 2026 Reg M-B (Bo3)
|rated|
|rule|Species Clause: Limit one of each Pokémon
|rule|Item Clause: Limit 1 of each item
|clearpoke
|poke|p1|Sneasler, L50, M|
|poke|p1|Garchomp, L50, M|
|poke|p1|Sinistcha, L50|
|poke|p1|Aerodactyl, L50, F|
|poke|p1|Scizor, L50, F|
|poke|p1|Milotic, L50, F|
|poke|p2|Whimsicott, L50, M|
|poke|p2|Torkoal, L50, F|
|poke|p2|Farigiraf, L50, F, shiny|
|poke|p2|Charizard, L50, F|
|poke|p2|Kingambit, L50, M|
|poke|p2|Garchomp, L50, M|
|teampreview|4
|showteam|p1|Sneasler||WhiteHerb|Unburden|CloseCombat,DireClaw,FakeOut,Protect|Adamant||M|||50|]Garchomp||SoftSand|RoughSkin|DragonClaw,RockSlide,Protect,StompingTantrum|Adamant||M|||50|]Sinistcha||SitrusBerry|Hospitality|MatchaGotcha,RagePowder,TrickRoom,LifeDew|Quiet|||||50|]Aerodactyl||FocusSash|Unnerve|RockSlide,Protect,DualWingbeat,Tailwind|Jolly||F|||50|]Scizor||Scizorite|Technician|BulletPunch,Protect,BugBite,SwordsDance|Adamant||F|||50|]Milotic||Leftovers|Competitive|Scald,Protect,IcyWind,Recover|Calm||F|||50|
|showteam|p2|Whimsicott||FocusSash|Prankster|Encore,Moonblast,Protect,Tailwind|Modest||M|||50|]Torkoal||Charcoal|Drought|Eruption,EarthPower,Protect,HeatWave|Modest||F|||50|]Farigiraf||ColburBerry|ArmorTail|Psychic,Thunderbolt,HelpingHand,TrickRoom|Bold||F|||50|]Charizard||CharizarditeY|Blaze|HeatWave,SolarBeam,WeatherBall,Protect|Modest||F|||50|]Kingambit||BlackGlasses|Defiant|KowtowCleave,SuckerPunch,Protect,IronHead|Adamant||M|||50|]Garchomp||LifeOrb|SandVeil|RockSlide,Earthquake,Protect,DragonClaw|Adamant||M|||50|
|
|t:|1782709792
|teamsize|p1|4
|teamsize|p2|4
|start
|switch|p1a: Garchomp|Garchomp, L50, M|100/100
|switch|p1b: Aerodactyl|Aerodactyl, L50, F|100/100
|switch|p2a: Charizard|Charizard, L50, F|100/100
|switch|p2b: Farigiraf|Farigiraf, L50, F, shiny|100/100
|-ability|p1b: Aerodactyl|Unnerve
|turn|1
|
|t:|1782709807
|detailschange|p2a: Charizard|Charizard-Mega-Y, L50, F
|-mega|p2a: Charizard|Charizard|Charizardite Y
|-weather|SunnyDay|[from] ability: Drought|[of] p2a: Charizard
|move|p1b: Aerodactyl|Tailwind|p1b: Aerodactyl
|-sidestart|p1: MonkeyLucky|move: Tailwind
|move|p1a: Garchomp|Rock Slide|p2a: Charizard|[spread] p2a
|-miss|p1a: Garchomp|p2b: Farigiraf
|-supereffective|p2a: Charizard|2
|-damage|p2a: Charizard|14/100
|move|p2a: Charizard|Heat Wave|p1a: Garchomp|[spread] p1a,p1b
|-resisted|p1a: Garchomp|1
|-resisted|p1b: Aerodactyl|1
|-damage|p1a: Garchomp|67/100
|-damage|p1b: Aerodactyl|59/100
|move|p2b: Farigiraf|Trick Room|p2b: Farigiraf
|-fieldstart|move: Trick Room|[of] p2b: Farigiraf
|
|-weather|SunnyDay|[upkeep]
|upkeep
|turn|2
|
|t:|1782709842
|switch|p1a: Milotic|Milotic, L50, F|100/100
|move|p2b: Farigiraf|Psychic|p1a: Milotic
|-damage|p1a: Milotic|77/100
|-unboost|p1a: Milotic|spd|1
|-ability|p1a: Milotic|Competitive|boost
|-boost|p1a: Milotic|spa|2
|move|p2a: Charizard|Solar Beam||[still]
|-prepare|p2a: Charizard|Solar Beam
|-anim|p2a: Charizard|Solar Beam|p1a: Milotic
|-supereffective|p1a: Milotic|1
|-damage|p1a: Milotic|0 fnt
|faint|p1a: Milotic
|move|p1b: Aerodactyl|Rock Slide|p2b: Farigiraf|[spread] p2a
|-miss|p1b: Aerodactyl|p2b: Farigiraf
|-supereffective|p2a: Charizard|2
|-damage|p2a: Charizard|0 fnt
|faint|p2a: Charizard
|
|-weather|SunnyDay|[upkeep]
|upkeep
|
|t:|1782709862
|switch|p1a: Garchomp|Garchomp, L50, M|67/100
|switch|p2a: Torkoal|Torkoal, L50, F|100/100
|turn|3
|
|t:|1782709889
|move|p2a: Torkoal|Eruption|p1b: Aerodactyl|[spread] p1a,p1b
|-resisted|p1a: Garchomp|1
|-resisted|p1b: Aerodactyl|1
|-damage|p1a: Garchomp|23/100
|-damage|p1b: Aerodactyl|9/100
|move|p2b: Farigiraf|Thunderbolt|p1b: Aerodactyl
|-supereffective|p1b: Aerodactyl|1
|-damage|p1b: Aerodactyl|0 fnt
|faint|p1b: Aerodactyl
|move|p1a: Garchomp|Rock Slide|p2b: Farigiraf|[spread] p2a,p2b
|-supereffective|p2a: Torkoal|1
|-damage|p2a: Torkoal|63/100
|-damage|p2b: Farigiraf|80/100
|
|-weather|SunnyDay|[upkeep]
|upkeep
|
|t:|1782709902
|switch|p1b: Scizor|Scizor, L50, F|100/100
|turn|4
|
|t:|1782709924
|detailschange|p1b: Scizor|Scizor-Mega, L50, F
|-mega|p1b: Scizor|Scizor|Scizorite
|move|p2b: Farigiraf|Helping Hand|p2a: Torkoal
|-singleturn|p2a: Torkoal|Helping Hand|[of] p2b: Farigiraf
|move|p1b: Scizor|Protect|p1b: Scizor
|-singleturn|p1b: Scizor|Protect
|move|p2a: Torkoal|Eruption|p1a: Garchomp|[spread] p1a
|-activate|p1b: Scizor|move: Protect
|-resisted|p1a: Garchomp|1
|-damage|p1a: Garchomp|0 fnt
|faint|p1a: Garchomp
|
|-weather|SunnyDay|[upkeep]
|-sideend|p1: MonkeyLucky|move: Tailwind
|upkeep
|turn|5
|
|t:|1782709939
|move|p2b: Farigiraf|Helping Hand|p2a: Torkoal
|-singleturn|p2a: Torkoal|Helping Hand|[of] p2b: Farigiraf
|move|p1b: Scizor|Protect||[still]
|-fail|p1b: Scizor
|move|p2a: Torkoal|Eruption|p1b: Scizor
|-supereffective|p1b: Scizor|2
|-damage|p1b: Scizor|0 fnt
|faint|p1b: Scizor
|
|win|sturmkitten69
|raw|MonkeyLucky's rating: 1081 → 1063(-18 for losing)
|raw|sturmkitten69's rating: 1140 → 1161(+21 for winning)
|l|☆MonkeyLucky
|player|p1|
