|j|☆Mr_Amonguss
|j|☆repdonovan
|html|Mr_Amongussrepdonovan    
|uhtml|bestof|Game 1 of a best-of-3
|t:|1757812968
|gametype|doubles
|player|p1|Mr_Amonguss|ghetsis|1190
|player|p2|repdonovan|169|1137
|gen|9
|tier|[Gen 9] VGC 2025 Reg H (Bo3)
|rated|
|rule|Species Clause: Limit one of each Pokémon
|rule|Item Clause: Limit 1 of each item
|clearpoke
|poke|p1|Annihilape, L50, F|
|poke|p1|Basculegion, L50, M|
|poke|p1|Archaludon, L50, F|
|poke|p1|Amoonguss, L50, F|
|poke|p1|Pelipper, L50, M|
|poke|p1|Maushold-Four, L50|
|poke|p2|Garganacl, L50, M|
|poke|p2|Trevenant, L50, F|
|poke|p2|Glimmora, L50, M|
|poke|p2|Tyranitar, L50, F|
|poke|p2|Comfey, L50, F|
|poke|p2|Incineroar, L50, M|
|teampreview|4
|showteam|p1|Annihilape||Leftovers|Defiant|RageFist,DrainPunch,BulkUp,Protect|||F|||50|,,,,,Fire]Basculegion||ChoiceBand|SwiftSwim|WaveCrash,LastRespects,FlipTurn,AquaJet|||M|||50|,,,,,Grass]Archaludon||AssaultVest|Stamina|DragonPulse,ElectroShot,Snarl,BodyPress|||F|||50|,,,,,Grass]Amoonguss||SitrusBerry|Regenerator|PollenPuff,Spore,ClearSmog,RagePowder|||F|||50|,,,,,Psychic]Pelipper||FocusSash|Drizzle|Hurricane,WeatherBall,Tailwind,Protect|||M|||50|,,,,,Ghost]Maushold-Four||SafetyGoggles|FriendGuard|BeatUp,FollowMe,Taunt,Protect||||||50|,,,,,Ghost
|showteam|p2|Garganacl||AguavBerry|PurifyingSalt|SaltCure,Protect,WideGuard,Recover|||M|||50|,,,,,Ghost]Trevenant||SitrusBerry|Harvest|HornLeech,LeechSeed,Protect,WillOWisp|||F|||50|,,,,,Normal]Glimmora||CovertCloak|Corrosion|MortalSpin,SpikyShield,EarthPower,DazzlingGleam|||M|||50|,,,,,Grass]Tyranitar||AssaultVest|SandStream|Crunch,RockSlide,IronHead,TeraBlast|||F|||50|,,,,,Flying]Comfey||SafetyGoggles|Triage|DrainingKiss,Taunt,FloralHealing,Protect|||F|||50|,,,,,Steel]Incineroar||RockyHelmet|Intimidate|FakeOut,FlareBlitz,KnockOff,PartingShot|||M|||50|,,,,,Water
|inactive|Battle timer is ON: inactive players will automatically lose when time's up. (requested by Mr_Amonguss)
|
|t:|1757812983
|teamsize|p1|4
|teamsize|p2|4
|start
|switch|p1a: Annihilape|Annihilape, L50, F, shiny|100/100
|switch|p1b: Maushold|Maushold-Four, L50|100/100
|switch|p2a: Garganacl|Garganacl, L50, M|100/100
|switch|p2b: Trevenant|Trevenant, L50, F|100/100
|turn|1
|
|t:|1757813001
|move|p1b: Maushold|Taunt|p2b: Trevenant
|-start|p2b: Trevenant|move: Taunt
|move|p1a: Annihilape|Bulk Up|p1a: Annihilape
|-boost|p1a: Annihilape|atk|1
|-boost|p1a: Annihilape|def|1
|cant|p2b: Trevenant|move: Taunt|Will-O-Wisp
|move|p2a: Garganacl|Salt Cure|p1a: Annihilape
|-resisted|p1a: Annihilape
|-damage|p1a: Annihilape|97/100
|-start|p1a: Annihilape|Salt Cure
|
|-heal|p1a: Annihilape|100/100|[from] item: Leftovers
|-damage|p1a: Annihilape|88/100|[from] Salt Cure
|upkeep
|turn|2
|
|t:|1757813021
|move|p1b: Maushold|Beat Up|p1a: Annihilape
|-damage|p1a: Annihilape|87/100
|-damage|p1a: Annihilape|86/100
|-damage|p1a: Annihilape|84/100
|-damage|p1a: Annihilape|84/100
|-hitcount|p1a: Annihilape|4
|move|p1a: Annihilape|Rage Fist|p2b: Trevenant
|-supereffective|p2b: Trevenant
|-damage|p2b: Trevenant|0 fnt
|faint|p2b: Trevenant
|move|p2a: Garganacl|Salt Cure|p1b: Maushold
|-damage|p1b: Maushold|83/100
|-start|p1b: Maushold|Salt Cure
|
|-heal|p1a: Annihilape|90/100|[from] item: Leftovers
|-damage|p1b: Maushold|71/100|[from] Salt Cure
|-damage|p1a: Annihilape|77/100|[from] Salt Cure
|upkeep
|
|t:|1757813040
|switch|p2b: Tyranitar|Tyranitar, L50, F|100/100
|-weather|Sandstorm|[from] ability: Sand Stream|[of] p2b: Tyranitar
|turn|3
|
|t:|1757813062
|-terastallize|p2b: Tyranitar|Flying
|move|p1b: Maushold|Follow Me|p1b: Maushold
|-singleturn|p1b: Maushold|move: Follow Me
|move|p1a: Annihilape|Rage Fist|p2a: Garganacl
|-damage|p2a: Garganacl|45/100
|move|p2b: Tyranitar|Tera Blast|p1b: Maushold|[anim] Tera Blast Flying
|-damage|p1b: Maushold|16/100
|move|p2a: Garganacl|Salt Cure|p1b: Maushold
|-damage|p1b: Maushold|0 fnt
|faint|p1b: Maushold
|
|-weather|Sandstorm|[upkeep]
|-damage|p1a: Annihilape|71/100|[from] Sandstorm
|-damage|p2b: Tyranitar|94/100|[from] Sandstorm
|-heal|p1a: Annihilape|77/100|[from] item: Leftovers
|-damage|p1a: Annihilape|65/100|[from] Salt Cure
|upkeep
|
|t:|1757813076
|switch|p1b: Pelipper|Pelipper, L50, M|100/100
|-weather|RainDance|[from] ability: Drizzle|[of] p1b: Pelipper
|turn|4
|
|t:|1757813087
|switch|p2b: Comfey|Comfey, L50, F|100/100
|move|p2a: Garganacl|Protect|p2a: Garganacl
|-singleturn|p2a: Garganacl|Protect
|move|p1a: Annihilape|Rage Fist|p2b: Comfey
|-damage|p2b: Comfey|0 fnt
|faint|p2b: Comfey
|move|p1b: Pelipper|Weather Ball|p2a: Garganacl
|-activate|p2a: Garganacl|move: Protect
|
|-weather|RainDance|[upkeep]
|-heal|p1a: Annihilape|71/100|[from] item: Leftovers
|-damage|p1a: Annihilape|59/100|[from] Salt Cure
|upkeep
|
|t:|1757813101
|switch|p2b: Tyranitar|Tyranitar, L50, F, tera:Flying|94/100
|-weather|Sandstorm|[from] ability: Sand Stream|[of] p2b: Tyranitar
|turn|5
|
|t:|1757813113
|move|p1a: Annihilape|Drain Punch|p2a: Garganacl
|-supereffective|p2a: Garganacl
|-damage|p2a: Garganacl|0 fnt
|-heal|p1a: Annihilape|81/100|[from] drain|[of] p2a: Garganacl
|faint|p2a: Garganacl
|move|p1b: Pelipper|Weather Ball|p2b: Tyranitar
|-supereffective|p2b: Tyranitar
|-damage|p2b: Tyranitar|55/100
|move|p2b: Tyranitar|Tera Blast|p1a: Annihilape|[anim] Tera Blast Flying
|-supereffective|p1a: Annihilape
|-damage|p1a: Annihilape|15/100
|
|-weather|Sandstorm|[upkeep]
|-damage|p1a: Annihilape|9/100|[from] Sandstorm
|-damage|p1b: Pelipper|95/100|[from] Sandstorm
|-damage|p2b: Tyranitar|49/100|[from] Sandstorm
|-heal|p1a: Annihilape|15/100|[from] item: Leftovers
|-damage|p1a: Annihilape|2/100|[from] Salt Cure
|upkeep
|turn|6
|
|t:|1757813130
|move|p1a: Annihilape|Rage Fist|p2b: Tyranitar
|-damage|p2b: Tyranitar|0 fnt
|faint|p2b: Tyranitar
|
|win|Mr_Amonguss
||repdonovan is ready for game 2.
||Mr_Amonguss is ready for game 2.
|uhtml|next|Next: Game 2 of 3
