|j|☆vinicio499
|j|☆nulsen3
|html|vinicio499nulsen3    
|uhtml|bestof|Game 2 of a best-of-3
|t:|1785335481
|gametype|doubles
|player|p1|vinicio499|miku-ghost|1130
|player|p2|nulsen3|101|1117
|gen|9
|tier|[Gen 9 Champions] VGC 2026 Reg M-B (Bo3)
|rated|
|rule|Species Clause: Limit one of each Pokémon
|rule|Item Clause: Limit 1 of each item
|clearpoke
|poke|p1|Farigiraf, L50, M, shiny|
|poke|p1|Chandelure, L50, F, shiny|
|poke|p1|Sinistcha, L50|
|poke|p1|Kangaskhan, L50, F|
|poke|p1|Kingambit, L50, M|
|poke|p1|Emboar, L50, F, shiny|
|poke|p2|Avalugg-Hisui, L50, F|
|poke|p2|Farigiraf, L50, F|
|poke|p2|Sinistcha-Masterpiece, L50|
|poke|p2|Kingambit, L50, F|
|poke|p2|Camerupt, L50, M|
|poke|p2|Swampert, L50, M|
|teampreview|4
|showteam|p1|Farigiraf||ColburBerry|ArmorTail|TrickRoom,TwinBeam,Protect,Thunderbolt|Quiet||M|||50|]Chandelure||Chandelurite|FlashFire|HeatWave,ShadowBall,TrickRoom,Protect|Quiet||F|||50|]Sinistcha||KasibBerry|Hospitality|MatchaGotcha,RagePowder,Protect,TrickRoom|Bold|||||50|]Kangaskhan||SilkScarf|Scrappy|FakeOut,LastResort|Brave||F|||50|]Kingambit||FocusSash|Defiant|KowtowCleave,SuckerPunch,IronHead,LowKick|Adamant||M|||50|]Emboar||Emboarite|Reckless|FlareBlitz,Protect,CloseCombat,SuckerPunch|Adamant||F|||50|
|showteam|p2|Avalugg-Hisui||WideLens|Sturdy|MountainGale,RockSlide,BodyPress,WideGuard|Brave||F|||50|]Farigiraf||LumBerry|ArmorTail|Thunderbolt,HelpingHand,TrickRoom,Protect|Relaxed||F|||50|]Sinistcha-Masterpiece||MentalHerb|Hospitality|TrickRoom,RagePowder,MatchaGotcha,ShadowBall|Sassy|||||50|]Kingambit||BlackGlasses|Defiant|KowtowCleave,SuckerPunch,SwordsDance,Protect|Brave||F|||50|]Camerupt||Cameruptite|MagmaArmor|HeatWave,EarthPower,AncientPower,Protect|Quiet||M|||50|]Swampert||Swampertite|Damp|WaveCrash,KnockOff,Earthquake,Protect|Brave||M|||50|
|inactive|Battle timer is ON: inactive players will automatically lose when time's up. (requested by vinicio499)
|
|t:|1785335493
|teamsize|p1|4
|teamsize|p2|4
|start
|switch|p1a: Emboar|Emboar, L50, F, shiny|100/100
|switch|p1b: Kingambit|Kingambit, L50, M|100/100
|switch|p2a: Farigiraf|Farigiraf, L50, F|100/100
|switch|p2b: Sinistcha|Sinistcha-Masterpiece, L50|100/100
|turn|1
|inactive|nulsen3 has 30 seconds left.
|
|t:|1785335523
|switch|p1b: Sinistcha|Sinistcha, L50|100/100
|move|p1a: Emboar|Protect|p1a: Emboar
|-singleturn|p1a: Emboar|Protect
|move|p2b: Sinistcha|Rage Powder|p2b: Sinistcha
|-singleturn|p2b: Sinistcha|move: Rage Powder
|move|p2a: Farigiraf|Trick Room|p2a: Farigiraf
|-fieldstart|move: Trick Room|[of] p2a: Farigiraf
|
|upkeep
|turn|2
|
|t:|1785335535
|switch|p2a: Camerupt|Camerupt, L50, M|100/100
|move|p2b: Sinistcha|Shadow Ball|p1b: Sinistcha
|-supereffective|p1b: Sinistcha|1
|-enditem|p1b: Sinistcha|Kasib Berry|[eat]
|-enditem|p1b: Sinistcha|Kasib Berry|[weaken]
|-damage|p1b: Sinistcha|67/100
|-unboost|p1b: Sinistcha|spd|1
|move|p1a: Emboar|Flare Blitz|p2b: Sinistcha
|-supereffective|p2b: Sinistcha|1
|-damage|p2b: Sinistcha|0 fnt
|faint|p2b: Sinistcha
|-damage|p1a: Emboar|70/100|[from] Recoil
|move|p1b: Sinistcha|Trick Room|p1b: Sinistcha
|-fieldend|move: Trick Room
|
|upkeep
|
|t:|1785335538
|switch|p2b: Farigiraf|Farigiraf, L50, F|100/100
|turn|3
|inactive|vinicio499 has 30 seconds left.
|inactive|vinicio499 has 20 seconds left.
|inactive|vinicio499 has 15 seconds left.
|inactive|vinicio499 has 10 seconds left.
|inactive|vinicio499 has 5 seconds left.
|
|t:|1785335590
|detailschange|p2a: Camerupt|Camerupt-Mega, L50, M
|-mega|p2a: Camerupt|Camerupt|Cameruptite
|move|p1b: Sinistcha|Matcha Gotcha|p2b: Farigiraf|[spread] p2a,p2b
|-damage|p2a: Camerupt|75/100
|-heal|p1b: Sinistcha|79/100|[from] drain|[of] p2a: Camerupt
|-damage|p2b: Farigiraf|74/100
|-heal|p1b: Sinistcha|96/100|[from] drain|[of] p2b: Farigiraf
|-status|p2b: Farigiraf|brn
|-enditem|p2b: Farigiraf|Lum Berry|[eat]
|-curestatus|p2b: Farigiraf|brn|[msg]
|move|p1a: Emboar|Flare Blitz|p2b: Farigiraf
|-damage|p2b: Farigiraf|20/100y
|-damage|p1a: Emboar|50/100g|[from] Recoil
|move|p2a: Camerupt|Heat Wave|p1b: Sinistcha|[spread] p1a,p1b
|-resisted|p1a: Emboar|1
|-supereffective|p1b: Sinistcha|1
|-damage|p1a: Emboar|16/100
|-damage|p1b: Sinistcha|0 fnt
|faint|p1b: Sinistcha
|move|p2b: Farigiraf|Trick Room|p2b: Farigiraf
|-fieldstart|move: Trick Room|[of] p2b: Farigiraf
|
|upkeep
|
|t:|1785335606
|switch|p1b: Kingambit|Kingambit, L50, M|100/100
|turn|4
|
|t:|1785335622
|detailschange|p1a: Emboar|Emboar-Mega, L50, F, shiny
|-mega|p1a: Emboar|Emboar|Emboarite
|-ability|p1a: Emboar|Mold Breaker
|move|p1a: Emboar|Sucker Punch|p2b: Farigiraf
|-supereffective|p2b: Farigiraf|1
|-damage|p2b: Farigiraf|0 fnt
|faint|p2b: Farigiraf
|move|p2a: Camerupt|Heat Wave|p1b: Kingambit|[spread] 
|-miss|p2a: Camerupt|p1a: Emboar
|-miss|p2a: Camerupt|p1b: Kingambit
|move|p1b: Kingambit|Kowtow Cleave|p2a: Camerupt
|-damage|p2a: Camerupt|28/100
|
|upkeep
|
|t:|1785335630
|switch|p2b: Avalugg|Avalugg-Hisui, L50, F|100/100
|turn|5
|inactive|nulsen3 has 30 seconds left.
|
|t:|1785335656
|move|p1a: Emboar|Sucker Punch|p2a: Camerupt
|-crit|p2a: Camerupt
|-damage|p2a: Camerupt|0 fnt
|faint|p2a: Camerupt
|move|p2b: Avalugg|Rock Slide|p1b: Kingambit|[spread] p1a,p1b
|-resisted|p1b: Kingambit|1
|-damage|p1a: Emboar|0 fnt
|-damage|p1b: Kingambit|88/100
|faint|p1a: Emboar
|cant|p1b: Kingambit|flinch
|
|upkeep
|
|t:|1785335662
|switch|p1a: Kangaskhan|Kangaskhan, L50, F|100/100
|turn|6
|
|t:|1785335669
|move|p1a: Kangaskhan|Fake Out|p2b: Avalugg
|-resisted|p2b: Avalugg|1
|-damage|p2b: Avalugg|94/100
|cant|p2b: Avalugg|flinch
|move|p1b: Kingambit|Iron Head|p2b: Avalugg
|-supereffective|p2b: Avalugg|2
|-damage|p2b: Avalugg|0 fnt
|faint|p2b: Avalugg
|
|win|vinicio499
||nulsen3 is ready for game 3.
||vinicio499 is ready for game 3.
|uhtml|next|Next: Game 3 of 3
|l|☆vinicio499
|player|p1|
