|j|☆r4ka
|j|☆pikatrod
|html|r4kapikatrod    
|uhtml|bestof|Game 2 of a best-of-3
|t:|1757254447
|gametype|doubles
|player|p1|r4ka|266|1308
|player|p2|pikatrod|170|1417
|gen|9
|tier|[Gen 9] VGC 2025 Reg H (Bo3)
|rated|
|rule|Species Clause: Limit one of each Pokémon
|rule|Item Clause: Limit 1 of each item
|clearpoke
|poke|p1|Rillaboom, L50, M|
|poke|p1|Dragonite, L50, M|
|poke|p1|Sneasler, L50, M|
|poke|p1|Kingambit, L50, M|
|poke|p1|Electabuzz, L50, M|
|poke|p1|Volcarona, L50, F|
|poke|p2|Kingambit, L50, F|
|poke|p2|Primarina, L50, M|
|poke|p2|Sneasler, L50, M|
|poke|p2|Magmar, L50, M|
|poke|p2|Rillaboom, L50, F|
|poke|p2|Dragapult, L50, F|
|teampreview|4
|showteam|p1|Rillaboom||AssaultVest|GrassySurge|FakeOut,HighHorsepower,WoodHammer,GrassyGlide|||M|||50|,,,,,Fire]Dragonite||LoadedDice|Multiscale|ExtremeSpeed,ScaleShot,Protect,Haze|||M|||50|,,,,,Steel]Sneasler||FocusSash|PoisonTouch|DireClaw,CloseCombat,FakeOut,Coaching|||M|||50|,,,,,Stellar]Kingambit||BlackGlasses|Defiant|KowtowCleave,SuckerPunch,SwordsDance,Protect|||M|||50|,,,,,Ghost]Electabuzz||Eviolite|VitalSpirit|Thunderbolt,Taunt,Protect,FollowMe|||M|||50|,,,,,Ghost]Volcarona||Leftovers|FlameBody|HeatWave,TeraBlast,QuiverDance,Protect|||F|||50|,,,,,Fairy
|showteam|p2|Kingambit||BlackGlasses|Defiant|KowtowCleave,SuckerPunch,SwordsDance,Protect|||F|||50|,,,,,Dark]Primarina||SitrusBerry|LiquidVoice|HyperVoice,Moonblast,Haze,Protect|||M|||50|,,,,,Water]Sneasler||FocusSash|Unburden|DireClaw,CloseCombat,FakeOut,Protect|||M|||50|,,,,,Stellar]Magmar||Eviolite|VitalSpirit|Overheat,WillOWisp,FollowMe,Protect|||M|||50|,,,,,Ghost]Rillaboom||AssaultVest|GrassySurge|WoodHammer,GrassyGlide,HighHorsepower,FakeOut|||F|||50|,,,,,Fire]Dragapult||ChoiceBand|ClearBody|DragonDarts,PhantomForce,Outrage,Uturn|||F|||50|,,,,,Dragon
|
|t:|1757254478
|teamsize|p1|4
|teamsize|p2|4
|start
|switch|p1a: Dragonite|Dragonite, L50, M, shiny|100/100
|switch|p1b: Sneasler|Sneasler, L50, M|100/100
|switch|p2a: Primarina|Primarina, L50, M|100/100
|switch|p2b: Dragapult|Dragapult, L50, F|100/100
|turn|1
|
|t:|1757254522
|-terastallize|p1a: Dragonite|Steel
|move|p2a: Primarina|Protect|p2a: Primarina
|-singleturn|p2a: Primarina|Protect
|move|p2b: Dragapult|U-turn|p1b: Sneasler
|-resisted|p1b: Sneasler
|-damage|p1b: Sneasler|85/100
|
|t:|1757254534
|switch|p2b: Rillaboom|Rillaboom, L50, F|100/100|[from] U-turn
|-fieldstart|move: Grassy Terrain|[from] ability: Grassy Surge|[of] p2b: Rillaboom
|move|p1b: Sneasler|Dire Claw|p2a: Primarina
|-activate|p2a: Primarina|move: Protect
|move|p1a: Dragonite|Scale Shot|p2b: Rillaboom
|-damage|p2b: Rillaboom|87/100
|-damage|p2b: Rillaboom|73/100
|-damage|p2b: Rillaboom|59/100
|-damage|p2b: Rillaboom|44/100
|-damage|p2b: Rillaboom|31/100
|-hitcount|p2b: Rillaboom|5
|-unboost|p1a: Dragonite|def|1
|-boost|p1a: Dragonite|spe|1
|
|-heal|p1b: Sneasler|91/100|[from] Grassy Terrain
|-heal|p2b: Rillaboom|37/100|[from] Grassy Terrain
|upkeep
|turn|2
|
|t:|1757254570
|switch|p1b: Rillaboom|Rillaboom, L50, M|100/100
|-terastallize|p2a: Primarina|Water
|move|p2b: Rillaboom|Fake Out|p1b: Rillaboom
|-damage|p1b: Rillaboom|86/100
|move|p1a: Dragonite|Scale Shot|p2b: Rillaboom
|-damage|p2b: Rillaboom|22/100
|-damage|p2b: Rillaboom|7/100
|-damage|p2b: Rillaboom|0 fnt
|faint|p2b: Rillaboom
|-hitcount|p2: Rillaboom|3
|-unboost|p1a: Dragonite|def|1
|-boost|p1a: Dragonite|spe|1
|move|p2a: Primarina|Hyper Voice|p1b: Rillaboom|[spread] p1a,p1b
|-resisted|p1b: Rillaboom
|-damage|p1a: Dragonite|78/100
|-damage|p1b: Rillaboom|71/100
|
|-heal|p1a: Dragonite|84/100|[from] Grassy Terrain
|-heal|p1b: Rillaboom|77/100|[from] Grassy Terrain
|upkeep
|
|t:|1757254579
|switch|p2b: Magmar|Magmar, L50, M|100/100
|turn|3
|
|t:|1757254615
|move|p2b: Magmar|Protect|p2b: Magmar
|-singleturn|p2b: Magmar|Protect
|move|p1b: Rillaboom|Fake Out|p2a: Primarina
|-damage|p2a: Primarina|87/100
|move|p1a: Dragonite|Scale Shot|p2b: Magmar
|-activate|p2b: Magmar|move: Protect
|cant|p2a: Primarina|flinch
|
|-heal|p1a: Dragonite|90/100|[from] Grassy Terrain
|-heal|p1b: Rillaboom|83/100|[from] Grassy Terrain
|-heal|p2a: Primarina|93/100|[from] Grassy Terrain
|upkeep
|turn|4
|
|t:|1757254639
|move|p2a: Primarina|Protect|p2a: Primarina
|-singleturn|p2a: Primarina|Protect
|move|p1a: Dragonite|Scale Shot|p2b: Magmar
|-damage|p2b: Magmar|88/100
|-damage|p2b: Magmar|75/100
|-damage|p2b: Magmar|62/100
|-damage|p2b: Magmar|49/100
|-hitcount|p2b: Magmar|4
|-unboost|p1a: Dragonite|def|1
|-boost|p1a: Dragonite|spe|1
|move|p2b: Magmar|Overheat|p1a: Dragonite
|-supereffective|p1a: Dragonite
|-damage|p1a: Dragonite|0 fnt
|-unboost|p2b: Magmar|spa|2
|faint|p1a: Dragonite
|move|p1b: Rillaboom|Wood Hammer|p2a: Primarina
|-activate|p2a: Primarina|move: Protect
|
|-heal|p2b: Magmar|55/100|[from] Grassy Terrain
|-heal|p1b: Rillaboom|89/100|[from] Grassy Terrain
|-heal|p2a: Primarina|99/100|[from] Grassy Terrain
|upkeep
|
|t:|1757254660
|switch|p1a: Sneasler|Sneasler, L50, M|91/100
|turn|5
|
|t:|1757254674
|switch|p2a: Dragapult|Dragapult, L50, F|100/100
|move|p1a: Sneasler|Dire Claw|p2b: Magmar
|-damage|p2b: Magmar|24/100
|-status|p2b: Magmar|psn
|move|p2b: Magmar|Overheat|p1a: Sneasler
|-damage|p1a: Sneasler|52/100
|-unboost|p2b: Magmar|spa|2
|move|p1b: Rillaboom|Wood Hammer|p2a: Dragapult
|-resisted|p2a: Dragapult
|-damage|p2a: Dragapult|44/100
|-damage|p1b: Rillaboom|74/100|[from] Recoil
|
|-heal|p2a: Dragapult|50/100|[from] Grassy Terrain
|-heal|p1a: Sneasler|58/100|[from] Grassy Terrain
|-heal|p2b: Magmar|30/100 psn|[from] Grassy Terrain
|-heal|p1b: Rillaboom|80/100|[from] Grassy Terrain
|-damage|p2b: Magmar|17/100 psn|[from] psn
|-fieldend|move: Grassy Terrain
|upkeep
|turn|6
|
|t:|1757254701
|switch|p2b: Primarina|Primarina, L50, M, tera:Water|99/100
|move|p2a: Dragapult|Dragon Darts|p1a: Sneasler
|-damage|p1a: Sneasler|0 fnt
|-anim|p2a: Dragapult|Dragon Darts|p1b: Rillaboom
|-damage|p1b: Rillaboom|40/100
|faint|p1a: Sneasler
|move|p1b: Rillaboom|High Horsepower|p2b: Primarina
|-damage|p2b: Primarina|68/100
|
|upkeep
|
|t:|1757254710
|switch|p1a: Kingambit|Kingambit, L50, M, shiny|100/100
|turn|7
|
|t:|1757254730
|switch|p2a: Magmar|Magmar, L50, M|17/100 psn
|move|p2b: Primarina|Protect|p2b: Primarina
|-singleturn|p2b: Primarina|Protect
|move|p1a: Kingambit|Sucker Punch||[still]
|-fail|p1a: Kingambit
|move|p1b: Rillaboom|High Horsepower|p2a: Magmar
|-supereffective|p2a: Magmar
|-damage|p2a: Magmar|0 fnt
|faint|p2a: Magmar
|
|upkeep
|
|t:|1757254733
|switch|p2a: Dragapult|Dragapult, L50, F|50/100
|turn|8
|
|t:|1757254743
|move|p1a: Kingambit|Sucker Punch|p2a: Dragapult
|-supereffective|p2a: Dragapult
|-damage|p2a: Dragapult|0 fnt
|faint|p2a: Dragapult
|move|p1b: Rillaboom|Wood Hammer|p2b: Primarina
|-supereffective|p2b: Primarina
|-damage|p2b: Primarina|0 fnt
|faint|p2b: Primarina
|-damage|p1b: Rillaboom|20/100|[from] Recoil
|
|win|r4ka
||pikatrod is ready for game 3.
||r4ka is ready for game 3.
|uhtml|next|Next: Game 3 of 3
|l|☆pikatrod
|player|p2|
|l|☆r4ka
|player|p1|
|j|☆pikatrod
|player|p2|pikatrod|170|
|l|☆pikatrod
|player|p2|
|j|☆pikatrod
|player|p2|pikatrod|170|
