|j|☆WindyNyt
|j|☆Jaydeng101
|html|WindyNytJaydeng101    
|uhtml|bestof|Game 1 of a best-of-3
|t:|1783586510
|gametype|doubles
|player|p1|WindyNyt|lucas|1050
|player|p2|Jaydeng101|101|1001
|gen|9
|tier|[Gen 9 Champions] VGC 2026 Reg M-B (Bo3)
|rated|
|rule|Species Clause: Limit one of each Pokémon
|rule|Item Clause: Limit 1 of each item
|clearpoke
|poke|p1|Froslass, L50, F|
|poke|p1|Aerodactyl, L50, M|
|poke|p1|Sinistcha, L50|
|poke|p1|Sneasler, L50, M|
|poke|p1|Milotic, L50, M|
|poke|p1|Rotom-Frost, L50|
|poke|p2|Charizard, L50, M|
|poke|p2|Venusaur, L50, F|
|poke|p2|Garchomp, L50, M|
|poke|p2|Basculegion, L50, M|
|poke|p2|Sneasler, L50, M|
|poke|p2|Incineroar, L50, M|
|teampreview|4
|showteam|p1|Froslass||Froslassite|CursedBody|Blizzard,ShadowBall,AuroraVeil,NastyPlot|Modest||F|||50|]Aerodactyl||FocusSash|Unnerve|Tailwind,RockSlide,DualWingbeat,WideGuard|Jolly||M|||50|]Sinistcha||KasibBerry|Hospitality|RagePowder,MatchaGotcha,Protect,ShadowBall|Calm|||||50|]Sneasler||WhiteHerb|Unburden|CloseCombat,DireClaw,FakeOut,ThroatChop|Adamant||M|||50|]Milotic||Leftovers|Competitive|MuddyWater,Coil,Hypnosis,Recover|Bold||M|||50|]Rotom-Frost||ChoiceScarf|Levitate|Electroweb,Blizzard,Trick,VoltSwitch|Modest|||||50|
|showteam|p2|Charizard||CharizarditeY|Blaze|HeatWave,WeatherBall,Protect,AirSlash|Modest||M|||50|]Venusaur||FocusSash|Chlorophyll|EnergyBall,SludgeBomb,SleepPowder,EarthPower|Modest||F|||50|]Garchomp||LifeOrb|RoughSkin|Earthquake,DragonClaw,RockSlide,Protect|Adamant||M|||50|]Basculegion||ChoiceScarf|Adaptability|WaveCrash,LastRespects,AquaJet,FlipTurn|Jolly||M|||50|]Sneasler||WhiteHerb|Unburden|CloseCombat,DireClaw,RockSlide,Protect|Adamant||M|||50|]Incineroar||SitrusBerry|Intimidate|DarkestLariat,FlareBlitz,PartingShot,FakeOut|Adamant||M|||50|
|
|t:|1783586541
|teamsize|p1|4
|teamsize|p2|4
|start
|switch|p1a: Sneasler|Sneasler, L50, M|100/100
|switch|p1b: Milotic|Milotic, L50, M|100/100
|switch|p2a: Basculegion|Basculegion, L50, M|100/100
|switch|p2b: Incineroar|Incineroar, L50, M|100/100
|-ability|p2b: Incineroar|Intimidate|boost
|-unboost|p1a: Sneasler|atk|1
|-unboost|p1b: Milotic|atk|1
|-ability|p1b: Milotic|Competitive|boost
|-boost|p1b: Milotic|spa|2
|-enditem|p1a: Sneasler|White Herb
|-clearnegativeboost|p1a: Sneasler|[silent]
|turn|1
|
|t:|1783586591
|move|p1a: Sneasler|Fake Out|p2b: Incineroar
|-damage|p2b: Incineroar|85/100
|move|p2a: Basculegion|Wave Crash|p1a: Sneasler
|-damage|p1a: Sneasler|0 fnt
|faint|p1a: Sneasler
|-damage|p2a: Basculegion|73/100|[from] Recoil
|move|p1b: Milotic|Muddy Water|p2b: Incineroar|[spread] p2a,p2b
|-resisted|p2a: Basculegion|1
|-supereffective|p2b: Incineroar|1
|-damage|p2a: Basculegion|47/100
|-damage|p2b: Incineroar|2/100
|-unboost|p2b: Incineroar|accuracy|1
|-enditem|p2b: Incineroar|Sitrus Berry|[eat]
|-heal|p2b: Incineroar|27/100|[from] item: Sitrus Berry
|cant|p2b: Incineroar|flinch
|
|upkeep
|
|t:|1783586609
|switch|p1a: Aerodactyl|Aerodactyl, L50, M|100/100
|-ability|p1a: Aerodactyl|Unnerve
|turn|2
|
|t:|1783586623
|switch|p2b: Sneasler|Sneasler, L50, M|100/100
|move|p2a: Basculegion|Wave Crash|p1a: Aerodactyl
|-supereffective|p1a: Aerodactyl|1
|-enditem|p1a: Aerodactyl|Focus Sash
|-damage|p1a: Aerodactyl|1/100
|-damage|p2a: Basculegion|21/100|[from] Recoil
|move|p1a: Aerodactyl|Tailwind|p1a: Aerodactyl
|-sidestart|p1: WindyNyt|move: Tailwind
|move|p1b: Milotic|Muddy Water|p2a: Basculegion|[spread] p2a,p2b
|-resisted|p2a: Basculegion|1
|-damage|p2a: Basculegion|0 fnt
|-damage|p2b: Sneasler|40/100
|faint|p2a: Basculegion
|
|upkeep
|
|t:|1783586639
|switch|p2a: Incineroar|Incineroar, L50, M|27/100
|-ability|p2a: Incineroar|Intimidate|boost
|-unboost|p1a: Aerodactyl|atk|1
|-unboost|p1b: Milotic|atk|1
|-ability|p1b: Milotic|Competitive|boost
|-boost|p1b: Milotic|spa|2
|turn|3
|
|t:|1783586649
|switch|p1a: Froslass|Froslass, L50, F|100/100
|move|p2a: Incineroar|Fake Out|p1b: Milotic
|-damage|p1b: Milotic|90/100
|cant|p1b: Milotic|flinch
|move|p2b: Sneasler|Close Combat|p1b: Milotic
|-damage|p1b: Milotic|37/100
|-unboost|p2b: Sneasler|def|1
|-unboost|p2b: Sneasler|spd|1
|-enditem|p2b: Sneasler|White Herb
|-clearnegativeboost|p2b: Sneasler|[silent]
|
|-heal|p1b: Milotic|43/100|[from] item: Leftovers
|upkeep
|turn|4
|
|t:|1783586701
|detailschange|p1a: Froslass|Froslass-Mega, L50, F
|-mega|p1a: Froslass|Froslass|Froslassite
|-weather|Snowscape|[from] ability: Snow Warning|[of] p1a: Froslass
|move|p2b: Sneasler|Close Combat|p1b: Milotic
|-damage|p1b: Milotic|0 fnt
|-unboost|p2b: Sneasler|def|1
|-unboost|p2b: Sneasler|spd|1
|faint|p1b: Milotic
|move|p1a: Froslass|Aurora Veil|p1a: Froslass
|-sidestart|p1: WindyNyt|move: Aurora Veil
|move|p2a: Incineroar|Parting Shot|p1a: Froslass
|-unboost|p1a: Froslass|atk|1
|-unboost|p1a: Froslass|spa|1
|
|t:|1783586715
|switch|p2a: Charizard|Charizard, L50, M|100/100|[from] Parting Shot
|
|-weather|Snowscape|[upkeep]
|upkeep
|
|t:|1783586719
|switch|p1b: Aerodactyl|Aerodactyl, L50, M|1/100
|-ability|p1b: Aerodactyl|Unnerve
|turn|5
|
|t:|1783586732
|detailschange|p2a: Charizard|Charizard-Mega-Y, L50, M
|-mega|p2a: Charizard|Charizard|Charizardite Y
|-weather|SunnyDay|[from] ability: Drought|[of] p2a: Charizard
|move|p1b: Aerodactyl|Rock Slide|p2a: Charizard|[spread] p2a,p2b
|-supereffective|p2a: Charizard|2
|-resisted|p2b: Sneasler|1
|-damage|p2a: Charizard|0 fnt
|-damage|p2b: Sneasler|10/100
|faint|p2a: Charizard
|cant|p2b: Sneasler|flinch
|move|p1a: Froslass|Shadow Ball|p2b: Sneasler
|-damage|p2b: Sneasler|0 fnt
|faint|p2b: Sneasler
|
|-weather|SunnyDay|[upkeep]
|-sideend|p1: WindyNyt|move: Tailwind
|upkeep
|
|t:|1783586750
|switch|p2b: Incineroar|Incineroar, L50, M|27/100
|-ability|p2b: Incineroar|Intimidate|boost
|-unboost|p1a: Froslass|atk|1
|-unboost|p1b: Aerodactyl|atk|1
|turn|6
|
|t:|1783586762
|move|p1b: Aerodactyl|Rock Slide|p2b: Incineroar
|-supereffective|p2b: Incineroar|1
|-damage|p2b: Incineroar|0 fnt
|faint|p2b: Incineroar
|
|win|WindyNyt
||WindyNyt is ready for game 2.
|inactive|Jaydeng101 has 30 seconds to confirm battle start!
