|j|☆ssooner
|j|☆akasia
|html|ssoonerakasia    
|uhtml|bestof|Game 2 of a best-of-3
|t:|1786129586
|gametype|doubles
|player|p1|ssooner|wallace|1196
|player|p2|akasia|266|1123
|gen|9
|tier|[Gen 9 Champions] VGC 2026 Reg M-B (Bo3)
|rated|
|rule|Species Clause: Limit one of each Pokémon
|rule|Item Clause: Limit 1 of each item
|clearpoke
|poke|p1|Floette-Eternal, L50, F|
|poke|p1|Whimsicott, L50, F|
|poke|p1|Arcanine-Hisui, L50, M|
|poke|p1|Basculegion, L50, M|
|poke|p1|Kingambit, L50, M|
|poke|p1|Sneasler, L50, F|
|poke|p2|Mawile, L50, F|
|poke|p2|Farigiraf, L50, M|
|poke|p2|Whimsicott, L50, M|
|poke|p2|Garchomp, L50, F|
|poke|p2|Basculegion, L50, M|
|poke|p2|Charizard, L50, M|
|teampreview|4
|showteam|p1|Floette-Eternal||Floettite|FlowerVeil|Moonblast,DazzlingGleam,LightofRuin,Protect|Modest||F|||50|]Whimsicott||FocusSash|Prankster|Tailwind,Moonblast,Encore,Protect|Timid||F|||50|]Arcanine-Hisui||LifeOrb|RockHead|HeadSmash,FlareBlitz,ExtremeSpeed,Protect|Jolly||M|||50|]Basculegion||ChoiceScarf|Adaptability|WaveCrash,LastRespects,AquaJet,FlipTurn|Jolly||M|||50|]Kingambit||BlackGlasses|Defiant|KowtowCleave,SuckerPunch,IronHead,Protect|Adamant||M|||50|]Sneasler||WhiteHerb|Unburden|FakeOut,CloseCombat,DireClaw,Protect|Adamant||F|||50|
|showteam|p2|Mawile||Mawilite|Intimidate|PlayRough,IronHead,SuckerPunch,Protect|Adamant||F|||50|]Farigiraf||SitrusBerry|ArmorTail|Psychic,HelpingHand,Thunderbolt,TrickRoom|Modest||M|||50|]Whimsicott||FocusSash|Prankster|Moonblast,Tailwind,Encore,Protect|Timid||M|||50|]Garchomp||LifeOrb|RoughSkin|RockSlide,DragonClaw,Earthquake,Protect|Jolly||F|||50|]Basculegion||MysticWater|SwiftSwim|WaveCrash,LastRespects,AquaJet,Protect|Adamant||M|||50|]Charizard||CharizarditeY|SolarPower|HeatWave,SolarBeam,WeatherBall,Protect|Modest||M|||50|
|inactive|Battle timer is ON: inactive players will automatically lose when time's up. (requested by ssooner)
|
|t:|1786129617
|teamsize|p1|4
|teamsize|p2|4
|start
|switch|p1a: Whimsicott|Whimsicott, L50, F|100/100
|switch|p1b: goodest puppy|Arcanine-Hisui, L50, M|100/100
|switch|p2a: Garchomp|Garchomp, L50, F|100/100
|switch|p2b: Charizard|Charizard, L50, M|100/100
|turn|1
|inactive|akasia has 30 seconds left.
|
|t:|1786129647
|detailschange|p2b: Charizard|Charizard-Mega-Y, L50, M
|-mega|p2b: Charizard|Charizard|Charizardite Y
|-weather|SunnyDay|[from] ability: Drought|[of] p2b: Charizard
|move|p2a: Garchomp|Protect|p2a: Garchomp
|-singleturn|p2a: Garchomp|Protect
|move|p1a: Whimsicott|Tailwind|p1a: Whimsicott
|-sidestart|p1: ssooner|move: Tailwind
|move|p1b: goodest puppy|Head Smash|p2b: Charizard|[miss]
|-miss|p1b: goodest puppy|p2b: Charizard
|move|p2b: Charizard|Heat Wave|p1a: Whimsicott|[spread] p1a,p1b
|-supereffective|p1a: Whimsicott|1
|-resisted|p1b: goodest puppy|2
|-enditem|p1a: Whimsicott|Focus Sash
|-damage|p1a: Whimsicott|1/100
|-damage|p1b: goodest puppy|81/100
|-status|p1a: Whimsicott|brn
|
|-weather|SunnyDay|[upkeep]
|-damage|p1a: Whimsicott|0 fnt|[from] brn
|faint|p1a: Whimsicott
|upkeep
|
|t:|1786129661
|switch|p1a: hatsune miku|Floette-Eternal, L50, F|100/100
|turn|2
|
|t:|1786129676
|switch|p2a: Mawile|Mawile, L50, F|100/100
|-ability|p2a: Mawile|Intimidate|boost
|-unboost|p1a: hatsune miku|atk|1
|-unboost|p1b: goodest puppy|atk|1
|detailschange|p1a: hatsune miku|Floette-Mega, L50, F
|-mega|p1a: hatsune miku|Floette|Floettite
|-ability|p1a: hatsune miku|Fairy Aura
|move|p1b: goodest puppy|Head Smash|p2b: Charizard|[miss]
|-miss|p1b: goodest puppy|p2b: Charizard
|move|p1a: hatsune miku|Moonblast|p2a: Mawile
|-resisted|p2a: Mawile|1
|-damage|p2a: Mawile|32/100
|move|p2b: Charizard|Weather Ball|p1a: hatsune miku
|-damage|p1a: hatsune miku|39/100
|
|-weather|SunnyDay|[upkeep]
|upkeep
|turn|3
|c|☆ssooner|??????
|c|☆ssooner|SLDFKHGL
|c|☆ssooner|what the hell
|inactive|ssooner has 30 seconds left.
|c|☆ssooner|4 head smashes???
|
|t:|1786129708
|switch|p2a: Farigiraf|Farigiraf, L50, M|100/100
|move|p2b: Charizard|Protect|p2b: Charizard
|-singleturn|p2b: Charizard|Protect
|move|p1b: goodest puppy|Head Smash|p2b: Charizard
|-activate|p2b: Charizard|move: Protect
|move|p1a: hatsune miku|Moonblast|p2a: Farigiraf
|-damage|p2a: Farigiraf|32/100
|-enditem|p2a: Farigiraf|Sitrus Berry|[eat]
|-heal|p2a: Farigiraf|57/100|[from] item: Sitrus Berry
|
|-weather|SunnyDay|[upkeep]
|upkeep
|turn|4
|
|t:|1786129726
|switch|p2b: Garchomp|Garchomp, L50, F|100/100
|move|p1b: goodest puppy|Head Smash|p2b: Garchomp|[miss]
|-miss|p1b: goodest puppy|p2b: Garchomp
|move|p1a: hatsune miku|Light of Ruin|p2a: Farigiraf
|-crit|p2a: Farigiraf
|-damage|p2a: Farigiraf|0 fnt
|faint|p2a: Farigiraf
|-damage|p1a: hatsune miku|1/100|[from] Recoil
|
|-weather|SunnyDay|[upkeep]
|-sideend|p1: ssooner|move: Tailwind
|upkeep
|c|☆ssooner|%555555555555
|c|☆ssooner|fjasgas
|
|t:|1786129737
|switch|p2a: Charizard|Charizard-Mega-Y, L50, M|100/100
|turn|5
|c|☆ssooner|whatttt
|
|t:|1786129743
|move|p1b: goodest puppy|Protect|p1b: goodest puppy
|-singleturn|p1b: goodest puppy|Protect
|move|p2b: Garchomp|Earthquake|p1b: goodest puppy|[spread] p1a
|-activate|p1b: goodest puppy|move: Protect
|-immune|p2a: Charizard
|-damage|p1a: hatsune miku|0 fnt
|faint|p1a: hatsune miku
|-damage|p2b: Garchomp|90/100|[from] item: Life Orb
|move|p2a: Charizard|Weather Ball|p1b: goodest puppy
|-activate|p1b: goodest puppy|move: Protect
|
|-weather|none
|upkeep
|
|t:|1786129753
|switch|p1a: Basculegion|Basculegion, L50, M|100/100
|turn|6
|
|t:|1786129760
|switch|p2a: Mawile|Mawile, L50, F|32/100
|-ability|p2a: Mawile|Intimidate|boost
|-unboost|p1a: Basculegion|atk|1
|-unboost|p1b: goodest puppy|atk|1
|move|p2b: Garchomp|Protect|p2b: Garchomp
|-singleturn|p2b: Garchomp|Protect
|move|p1b: goodest puppy|Extreme Speed|p2b: Garchomp
|-activate|p2b: Garchomp|move: Protect
|move|p1a: Basculegion|Last Respects|p2b: Garchomp
|-activate|p2b: Garchomp|move: Protect
|
|upkeep
|turn|7
|
|t:|1786129778
|move|p1b: goodest puppy|Extreme Speed|p2b: Garchomp
|-damage|p2b: Garchomp|73/100
|-damage|p1b: goodest puppy|69/100|[from] ability: Rough Skin|[of] p2b: Garchomp
|-damage|p1b: goodest puppy|59/100|[from] item: Life Orb
|move|p2a: Mawile|Sucker Punch|p1a: Basculegion
|-supereffective|p1a: Basculegion|1
|-damage|p1a: Basculegion|59/100
|move|p1a: Basculegion|Last Respects|p2b: Garchomp
|-damage|p2b: Garchomp|7/100
|move|p2b: Garchomp|Rock Slide|p1a: Basculegion|[spread] p1a,p1b
|-supereffective|p1b: goodest puppy|1
|-damage|p1a: Basculegion|24/100
|-damage|p1b: goodest puppy|1/100
|-damage|p2b: Garchomp|0 fnt|[from] item: Life Orb
|faint|p2b: Garchomp
|
|upkeep
|
|t:|1786129791
|switch|p2b: Charizard|Charizard-Mega-Y, L50, M|100/100
|-weather|SunnyDay|[from] ability: Drought|[of] p2b: Charizard
|turn|8
|
|t:|1786129815
|move|p2a: Mawile|Sucker Punch|p1a: Basculegion
|-supereffective|p1a: Basculegion|1
|-damage|p1a: Basculegion|0 fnt
|faint|p1a: Basculegion
|move|p1b: goodest puppy|Head Smash|p2b: Charizard
|-supereffective|p2b: Charizard|2
|-damage|p2b: Charizard|0 fnt
|faint|p2b: Charizard
|-damage|p1b: goodest puppy|0 fnt|[from] item: Life Orb
|faint|p1b: goodest puppy
|
|win|akasia
