|j|☆sn000p
|j|☆x-demon18
|html|sn000px-demon18    
|uhtml|bestof|Game 2 of a best-of-3
|t:|1784122004
|gametype|doubles
|player|p1|sn000p|101|1118
|player|p2|x-demon18|lucas|1214
|gen|9
|tier|[Gen 9 Champions] VGC 2026 Reg M-B (Bo3)
|rated|
|rule|Species Clause: Limit one of each Pokémon
|rule|Item Clause: Limit 1 of each item
|clearpoke
|poke|p1|Tyranitar, L50, F|
|poke|p1|Excadrill, L50, F|
|poke|p1|Rotom-Heat, L50|
|poke|p1|Garchomp, L50, M|
|poke|p1|Meowscarada, L50, F|
|poke|p1|Kangaskhan, L50, F|
|poke|p2|Incineroar, L50, M|
|poke|p2|Rotom-Wash, L50|
|poke|p2|Venusaur, L50, F|
|poke|p2|Garchomp, L50, M|
|poke|p2|Corviknight, L50, F|
|poke|p2|Sylveon, L50, F|
|teampreview|4
|showteam|p1|Tyranitar||Tyranitarite|SandStream|DragonDance,Crunch,RockBlast,Protect|Jolly||F|||50|]Excadrill||FocusSash|SandRush|Earthquake,IronHead,RockSlide,Protect|Adamant||F|||50|]Rotom-Heat||Leftovers|Levitate|Discharge,Overheat,VoltSwitch,Protect|Modest|||||50|]Garchomp||ChoiceScarf|RoughSkin|Earthquake,DragonClaw,RockSlide,StompingTantrum|Jolly||M|||50|]Meowscarada||MiracleSeed|Overgrow|FlowerTrick,SuckerPunch,LowKick,Protect|Jolly||F|||50|]Kangaskhan||Kangaskhanite|Scrappy|FakeOut,DoubleEdge,SuckerPunch,DrainPunch|Adamant||F|||50|
|showteam|p2|Incineroar||ExpertBelt|Intimidate|FakeOut,TemperFlare,ThroatChop,PartingShot|Adamant||M|||50|]Rotom-Wash||SitrusBerry|Levitate|HydroPump,Electroweb,WillOWisp,VoltSwitch|Calm|||||50|]Venusaur||Venusaurite|Chlorophyll|GigaDrain,SludgeBomb,EarthPower,Protect|Modest||F|||50|]Garchomp||LifeOrb|RoughSkin|RockSlide,DragonClaw,StompingTantrum,Protect|Jolly||M|||50|]Corviknight||OccaBerry|MirrorArmor|Tailwind,BraveBird,IronHead,BodyPress|Careful||F|||50|]Sylveon||FairyFeather|Pixilate|HyperVoice,QuickAttack,Yawn,Detect|Modest||F|||50|
|l|☆x-demon18
|player|p2|
|j|☆x-demon18
|player|p2|x-demon18|lucas|
|inactive|Battle timer is ON: inactive players will automatically lose when time's up. (requested by sn000p)
|
|t:|1784122075
|teamsize|p1|4
|teamsize|p2|4
|start
|switch|p1a: Tyranitar|Tyranitar, L50, F|100/100
|switch|p1b: Excadrill|Excadrill, L50, F|100/100
|switch|p2a: Yggdrasil|Venusaur, L50, F|100/100
|switch|p2b: Griffith|Corviknight, L50, F|100/100
|-weather|Sandstorm|[from] ability: Sand Stream|[of] p1a: Tyranitar
|turn|1
|inactive|x-demon18 has 30 seconds left.
|
|t:|1784122101
|detailschange|p2a: Yggdrasil|Venusaur-Mega, L50, F
|-mega|p2a: Yggdrasil|Venusaur|Venusaurite
|move|p1b: Excadrill|Iron Head|p2a: Yggdrasil
|-damage|p2a: Yggdrasil|62/100
|move|p1a: Tyranitar|Dragon Dance|p1a: Tyranitar
|-boost|p1a: Tyranitar|atk|1
|-boost|p1a: Tyranitar|spe|1
|move|p2a: Yggdrasil|Earth Power|p1b: Excadrill
|-supereffective|p1b: Excadrill|1
|-damage|p1b: Excadrill|15/100
|move|p2b: Griffith|Tailwind|p2b: Griffith
|-sidestart|p2: x-demon18|move: Tailwind
|
|-weather|Sandstorm|[upkeep]
|-damage|p2a: Yggdrasil|56/100|[from] Sandstorm
|upkeep
|turn|2
|
|t:|1784122122
|detailschange|p1a: Tyranitar|Tyranitar-Mega, L50, F
|-mega|p1a: Tyranitar|Tyranitar|Tyranitarite
|move|p1a: Tyranitar|Protect|p1a: Tyranitar
|-singleturn|p1a: Tyranitar|Protect
|move|p1b: Excadrill|Rock Slide|p2a: Yggdrasil|[spread] p2a,p2b
|-damage|p2a: Yggdrasil|39/100
|-damage|p2b: Griffith|82/100
|move|p2a: Yggdrasil|Giga Drain|p1a: Tyranitar
|-activate|p1a: Tyranitar|move: Protect
|move|p2b: Griffith|Body Press|p1b: Excadrill
|-supereffective|p1b: Excadrill|1
|-damage|p1b: Excadrill|0 fnt
|faint|p1b: Excadrill
|
|-weather|Sandstorm|[upkeep]
|-damage|p2a: Yggdrasil|33/100|[from] Sandstorm
|upkeep
|
|t:|1784122131
|switch|p1b: Garchomp|Garchomp, L50, M|100/100
|turn|3
|
|t:|1784122151
|move|p1b: Garchomp|Stomping Tantrum|p2a: Yggdrasil
|-damage|p2a: Yggdrasil|0 fnt
|faint|p2a: Yggdrasil
|move|p1a: Tyranitar|Rock Blast|p2b: Griffith
|-damage|p2b: Griffith|61/100
|-damage|p2b: Griffith|42/100
|-hitcount|p2b: Griffith|2
|move|p2b: Griffith|Body Press|p1a: Tyranitar
|-supereffective|p1a: Tyranitar|2
|-damage|p1a: Tyranitar|45/100
|
|-weather|Sandstorm|[upkeep]
|upkeep
|
|t:|1784122164
|switch|p2a: Frieren|Sylveon, L50, F|100/100
|turn|4
|inactive|sn000p has 30 seconds left.
|inactive|sn000p has 20 seconds left.
|inactive|sn000p has 15 seconds left.
|
|t:|1784122209
|move|p1b: Garchomp|Stomping Tantrum|p2a: Frieren
|-damage|p2a: Frieren|58/100
|move|p1a: Tyranitar|Rock Blast|p2b: Griffith
|-damage|p2b: Griffith|21/100
|-damage|p2b: Griffith|1/100
|-hitcount|p2b: Griffith|2
|move|p2b: Griffith|Body Press|p1a: Tyranitar
|-supereffective|p1a: Tyranitar|2
|-damage|p1a: Tyranitar|0 fnt
|faint|p1a: Tyranitar
|move|p2a: Frieren|Hyper Voice|p1b: Garchomp
|-supereffective|p1b: Garchomp|1
|-damage|p1b: Garchomp|0 fnt
|faint|p1b: Garchomp
|
|-weather|Sandstorm|[upkeep]
|-damage|p2a: Frieren|53/100|[from] Sandstorm
|-sideend|p2: x-demon18|move: Tailwind
|upkeep
|
|t:|1784122217
|switch|p1a: Rotom|Rotom-Heat, L50|100/100
|turn|5
|
|t:|1784122231
|move|p1a: Rotom|Discharge|p2b: Griffith|[spread] p2a,p2b
|-supereffective|p2b: Griffith|1
|-damage|p2a: Frieren|34/100
|-damage|p2b: Griffith|0 fnt
|faint|p2b: Griffith
|move|p2a: Frieren|Yawn|p1a: Rotom
|-start|p1a: Rotom|move: Yawn|[of] p2a: Frieren
|
|-weather|none
|upkeep
|
|t:|1784122240
|switch|p2b: Berserk|Garchomp, L50, M|100/100
|turn|6
|-message|sn000p forfeited.
|
|win|x-demon18
|raw|sn000p's rating: 1118 → 1100(-18 for losing)
|raw|x-demon18's rating: 1214 → 1232(+18 for winning)
|l|☆sn000p
|player|p1|
