|j|☆lettitripppp
|j|☆amphy lighthouse
|html|lettitrippppamphy lighthouse    
|uhtml|bestof|Game 1 of a best-of-3
|t:|1785186904
|gametype|doubles
|player|p1|lettitripppp|lucas|1203
|player|p2|amphy lighthouse|170|1163
|gen|9
|tier|[Gen 9 Champions] VGC 2026 Reg M-B (Bo3)
|rated|
|rule|Species Clause: Limit one of each Pokémon
|rule|Item Clause: Limit 1 of each item
|clearpoke
|poke|p1|Charizard, L50, M|
|poke|p1|Floette-Eternal, L50, F|
|poke|p1|Basculegion, L50, M|
|poke|p1|Whimsicott, L50, M, shiny|
|poke|p1|Garchomp, L50, M|
|poke|p1|Kingambit, L50, F, shiny|
|poke|p2|Tyranitar, L50, M|
|poke|p2|Excadrill, L50, F|
|poke|p2|Milotic, L50, M|
|poke|p2|Sinistcha, L50|
|poke|p2|Staraptor, L50, F|
|poke|p2|Gholdengo, L50|
|teampreview|4
|showteam|p1|Charizard||CharizarditeY|Blaze|AncientPower,WeatherBall,HeatWave,Protect|Modest||M|||50|]Floette-Eternal||Floettite|Symbiosis|DazzlingGleam,LightofRuin,Moonblast,Protect|Timid||F|||50|]Basculegion||LifeOrb|Adaptability|LastRespects,WaveCrash,AquaJet,Protect|Adamant||M|||50|]Whimsicott||FocusSash|Prankster|Moonblast,Tailwind,Encore,Protect|Timid||M|||50|]Garchomp||RoseliBerry|RoughSkin|DragonClaw,Earthquake,PoisonJab,RockSlide|Jolly||M|||50|]Kingambit||OccaBerry|Defiant|KowtowCleave,SuckerPunch,IronHead,Protect|Adamant||F|||50|
|showteam|p2|Tyranitar||Tyranitarite|SandStream|KnockOff,RockSlide,LowKick,Protect|Jolly||M|||50|]Excadrill||FocusSash|SandRush|HighHorsepower,IronHead,RockSlide,Protect|Adamant||F|||50|]Milotic||SitrusBerry|Competitive|Scald,IcyWind,IceBeam,Protect|Calm||M|||50|]Sinistcha||ColburBerry|Hospitality|MatchaGotcha,ShadowBall,Protect,RagePowder|Bold|||||50|]Staraptor||Staraptite|Intimidate|CloseCombat,BraveBird,Tailwind,Protect|Jolly||F|||50|]Gholdengo||LifeOrb|GoodasGold|MakeItRain,ShadowBall,NastyPlot,Protect|Modest|||||50|
|inactive|Battle timer is ON: inactive players will automatically lose when time's up. (requested by lettitripppp)
|inactive|amphy lighthouse has 60 seconds left.
|inactive|amphy lighthouse has 30 seconds left.
|
|t:|1785186968
|teamsize|p1|4
|teamsize|p2|4
|start
|switch|p1a: RUINOUS LIGHT|Floette-Eternal, L50, F|100/100
|switch|p1b: LETS GO AGAIN|Whimsicott, L50, M, shiny|100/100
|switch|p2a: Gholdengo|Gholdengo, L50|100/100
|switch|p2b: Staraptor|Staraptor, L50, F|100/100
|-ability|p2b: Staraptor|Intimidate|boost
|-unboost|p1a: RUINOUS LIGHT|atk|1
|-unboost|p1b: LETS GO AGAIN|atk|1
|turn|1
|
|t:|1785186985
|switch|p1a: CRUSH SHARK|Garchomp, L50, M|100/100
|move|p1b: LETS GO AGAIN|Tailwind|p1b: LETS GO AGAIN
|-sidestart|p1: lettitripppp|move: Tailwind
|move|p2b: Staraptor|Tailwind|p2b: Staraptor
|-sidestart|p2: amphy lighthouse|move: Tailwind
|move|p2a: Gholdengo|Nasty Plot|p2a: Gholdengo
|-boost|p2a: Gholdengo|spa|2
|
|upkeep
|turn|2
|inactive|amphy lighthouse has 30 seconds left.
|inactive|amphy lighthouse has 20 seconds left.
|inactive|amphy lighthouse has 15 seconds left.
|
|t:|1785187029
|switch|p2b: Tyranitar|Tyranitar, L50, M|100/100
|-weather|Sandstorm|[from] ability: Sand Stream|[of] p2b: Tyranitar
|move|p1b: LETS GO AGAIN|Encore|p2b: Tyranitar
|-hint|Since gen 7, Dark is immune to Prankster moves.
|-immune|p2b: Tyranitar
|move|p1a: CRUSH SHARK|Earthquake|p2b: Tyranitar|[spread] p1b,p2a,p2b
|-resisted|p1b: LETS GO AGAIN|1
|-supereffective|p2a: Gholdengo|1
|-supereffective|p2b: Tyranitar|1
|-damage|p1b: LETS GO AGAIN|74/100
|-damage|p2a: Gholdengo|30/100
|-damage|p2b: Tyranitar|30/100
|move|p2a: Gholdengo|Make It Rain|p1a: CRUSH SHARK|[spread] p1a,p1b
|-supereffective|p1b: LETS GO AGAIN|1
|-damage|p1a: CRUSH SHARK|0 fnt
|-damage|p1b: LETS GO AGAIN|0 fnt
|-unboost|p2a: Gholdengo|spa|2
|faint|p1a: CRUSH SHARK
|faint|p1b: LETS GO AGAIN
|-damage|p2a: Gholdengo|20/100y|[from] item: Life Orb
|
|-weather|Sandstorm|[upkeep]
|upkeep
|
|t:|1785187041
|switch|p1b: RUINOUS LIGHT|Floette-Eternal, L50, F|100/100
|switch|p1a: GHOSTWAVE|Basculegion, L50, M|100/100
|turn|3
|
|t:|1785187062
|detailschange|p1b: RUINOUS LIGHT|Floette-Mega, L50, F
|-mega|p1b: RUINOUS LIGHT|Floette|Floettite
|-ability|p1b: RUINOUS LIGHT|Fairy Aura
|move|p2b: Tyranitar|Protect|p2b: Tyranitar
|-singleturn|p2b: Tyranitar|Protect
|move|p1a: GHOSTWAVE|Aqua Jet|p2a: Gholdengo
|-damage|p2a: Gholdengo|0 fnt
|faint|p2a: Gholdengo
|-damage|p1a: GHOSTWAVE|90/100|[from] item: Life Orb
|move|p1b: RUINOUS LIGHT|Dazzling Gleam|p2b: Tyranitar
|-activate|p2b: Tyranitar|move: Protect
|
|-weather|Sandstorm|[upkeep]
|-damage|p1b: RUINOUS LIGHT|94/100|[from] Sandstorm
|-damage|p1a: GHOSTWAVE|84/100|[from] Sandstorm
|upkeep
|
|t:|1785187078
|switch|p2a: Staraptor|Staraptor, L50, F|100/100
|-ability|p2a: Staraptor|Intimidate|boost
|-unboost|p1a: GHOSTWAVE|atk|1
|-unboost|p1b: RUINOUS LIGHT|atk|1
|turn|4
|inactive|amphy lighthouse has 30 seconds left.
|
|t:|1785187105
|detailschange|p2a: Staraptor|Staraptor-Mega, L50, F
|-mega|p2a: Staraptor|Staraptor|Staraptite
|move|p1a: GHOSTWAVE|Aqua Jet|p2a: Staraptor
|-damage|p2a: Staraptor|76/100
|-damage|p1a: GHOSTWAVE|74/100|[from] item: Life Orb
|move|p2a: Staraptor|Brave Bird|p1a: GHOSTWAVE
|-damage|p1a: GHOSTWAVE|14/100
|-damage|p2a: Staraptor|55/100|[from] Recoil
|move|p1b: RUINOUS LIGHT|Dazzling Gleam|p2a: Staraptor|[spread] p2a,p2b
|-supereffective|p2a: Staraptor|1
|-supereffective|p2b: Tyranitar|1
|-damage|p2a: Staraptor|0 fnt
|-damage|p2b: Tyranitar|0 fnt
|faint|p2a: Staraptor
|faint|p2b: Tyranitar
|
|-weather|Sandstorm|[upkeep]
|-damage|p1b: RUINOUS LIGHT|88/100|[from] Sandstorm
|-damage|p1a: GHOSTWAVE|8/100|[from] Sandstorm
|-sideend|p2: amphy lighthouse|move: Tailwind
|-sideend|p1: lettitripppp|move: Tailwind
|upkeep
|
|t:|1785187116
|switch|p2b: Excadrill|Excadrill, L50, F|100/100
|turn|5
|
|t:|1785187127
|move|p1a: GHOSTWAVE|Aqua Jet|p2b: Excadrill
|-supereffective|p2b: Excadrill|1
|-damage|p2b: Excadrill|39/100
|-damage|p1a: GHOSTWAVE|0 fnt|[from] item: Life Orb
|faint|p1a: GHOSTWAVE
|move|p2b: Excadrill|Rock Slide|p1b: RUINOUS LIGHT
|-damage|p1b: RUINOUS LIGHT|48/100
|cant|p1b: RUINOUS LIGHT|flinch
|
|-weather|Sandstorm|[upkeep]
|-damage|p1b: RUINOUS LIGHT|42/100|[from] Sandstorm
|upkeep
|turn|6
|
|t:|1785187138
|move|p1b: RUINOUS LIGHT|Protect|p1b: RUINOUS LIGHT
|-singleturn|p1b: RUINOUS LIGHT|Protect
|move|p2b: Excadrill|Iron Head|p1b: RUINOUS LIGHT
|-activate|p1b: RUINOUS LIGHT|move: Protect
|
|-weather|none
|upkeep
|turn|7
|
|t:|1785187144
|move|p1b: RUINOUS LIGHT|Moonblast|p2b: Excadrill
|-resisted|p2b: Excadrill|1
|-damage|p2b: Excadrill|0 fnt
|faint|p2b: Excadrill
|
|win|lettitripppp
||amphy lighthouse is ready for game 2.
