|j|☆HelgitheLean
|j|‽Booros3
|html|HelgitheLeanBooros3    
|uhtml|bestof|Game 1 of a best-of-3
|t:|1783188236
|gametype|doubles
|player|p1|HelgitheLean|brawly|1133
|player|p2|Booros3|266|1028
|gen|9
|tier|[Gen 9 Champions] VGC 2026 Reg M-B (Bo3)
|rated|
|rule|Species Clause: Limit one of each Pokémon
|rule|Item Clause: Limit 1 of each item
|clearpoke
|poke|p1|Swampert, L50, M|
|poke|p1|Archaludon, L50, M|
|poke|p1|Sinistcha-Masterpiece, L50|
|poke|p1|Grimmsnarl, L50, M|
|poke|p1|Pelipper, L50, M|
|poke|p1|Basculegion, L50, M|
|poke|p2|Feraligatr, L50, M|
|poke|p2|Gholdengo, L50|
|poke|p2|Armarouge, L50, F|
|poke|p2|Farigiraf, L50, M|
|poke|p2|Camerupt, L50, F|
|poke|p2|Sneasler, L50, F|
|teampreview|4
|showteam|p1|Swampert||Swampertite|Damp|IcePunch,WaveCrash,Earthquake,Protect|Adamant||M|||50|]Archaludon||Leftovers|Stamina|Snarl,ElectroShot,FlashCannon,Protect|Calm||M|||50|]Sinistcha-Masterpiece||KasibBerry|Hospitality|MatchaGotcha,LifeDew,RagePowder,StrengthSap|Bold|||||50|]Grimmsnarl||LightClay|Prankster|PartingShot,Reflect,LightScreen,SpiritBreak|Careful||M|||50|]Pelipper||DampRock|Drizzle|Hurricane,WeatherBall,Tailwind,Protect|Modest||M|||50|]Basculegion||ChoiceScarf|Adaptability|FlipTurn,LastRespects,WaveCrash,PsychicFangs|Jolly||M|||50|
|showteam|p2|Feraligatr||Feraligite|SheerForce|Liquidation,DragonDance,DoubleEdge,Protect|Jolly||M|||50|]Gholdengo||LifeOrb|GoodasGold|MakeItRain,ShadowBall,NastyPlot,Protect|Modest|||||50|]Armarouge||ColburBerry|FlashFire|ArmorCannon,Psychic,Protect,WideGuard|Modest||F|||50|]Farigiraf||SitrusBerry|ArmorTail|TrickRoom,Psychic,Thunderbolt,HelpingHand|Bold||M|||50|]Camerupt||Cameruptite|SolidRock|Eruption,EarthPower,HeatWave,Protect|Quiet||F|||50|]Sneasler||WhiteHerb|Unburden|CloseCombat,FakeOut,DireClaw,Protect|Jolly||F|||50|
|
|t:|1783188315
|teamsize|p1|4
|teamsize|p2|4
|start
|switch|p1a: Pelipper|Pelipper, L50, M|100/100
|switch|p1b: Swampert|Swampert, L50, M|100/100
|switch|p2a: Sneasler|Sneasler, L50, F|100/100
|switch|p2b: Farigiraf|Farigiraf, L50, M|100/100
|-weather|RainDance|[from] ability: Drizzle|[of] p1a: Pelipper
|turn|1
|
|t:|1783188328
|detailschange|p1b: Swampert|Swampert-Mega, L50, M
|-mega|p1b: Swampert|Swampert|Swampertite
|move|p2a: Sneasler|Fake Out|p1b: Swampert
|-damage|p1b: Swampert|90/100
|cant|p1b: Swampert|flinch
|move|p1a: Pelipper|Hurricane|p2a: Sneasler
|-supereffective|p2a: Sneasler|1
|-damage|p2a: Sneasler|2/100
|-start|p2a: Sneasler|confusion
|move|p2b: Farigiraf|Thunderbolt|p1a: Pelipper
|-supereffective|p1a: Pelipper|2
|-damage|p1a: Pelipper|0 fnt
|faint|p1a: Pelipper
|
|-weather|RainDance|[upkeep]
|upkeep
|
|t:|1783188344
|switch|p1a: Basculegion|Basculegion, L50, M|100/100
|turn|2
|
|t:|1783188364
|-activate|p2a: Sneasler|confusion
|move|p2a: Sneasler|Protect|p2a: Sneasler
|-singleturn|p2a: Sneasler|Protect
|move|p1b: Swampert|Ice Punch|p2a: Sneasler
|-activate|p2a: Sneasler|move: Protect
|move|p1a: Basculegion|Flip Turn|p2b: Farigiraf
|-damage|p2b: Farigiraf|61/100
|
|t:|1783188367
|switch|p1a: Sinistcha|Sinistcha-Masterpiece, L50|100/100|[from] Flip Turn
|-heal|p1b: Swampert|100/100|[from] ability: Hospitality|[of] p1a: Sinistcha
|move|p2b: Farigiraf|Trick Room|p2b: Farigiraf
|-fieldstart|move: Trick Room|[of] p2b: Farigiraf
|
|-weather|RainDance|[upkeep]
|upkeep
|turn|3
|
|t:|1783188394
|switch|p2a: Gholdengo|Gholdengo, L50|100/100
|move|p2b: Farigiraf|Psychic|p1a: Sinistcha
|-damage|p1a: Sinistcha|67/100
|move|p1a: Sinistcha|Matcha Gotcha|p2b: Farigiraf|[spread] p2a,p2b
|-resisted|p2a: Gholdengo|1
|-damage|p2a: Gholdengo|85/100
|-heal|p1a: Sinistcha|74/100|[from] drain|[of] p2a: Gholdengo
|-damage|p2b: Farigiraf|34/100
|-heal|p1a: Sinistcha|91/100|[from] drain|[of] p2b: Farigiraf
|-status|p2a: Gholdengo|brn
|-enditem|p2b: Farigiraf|Sitrus Berry|[eat]
|-heal|p2b: Farigiraf|59/100|[from] item: Sitrus Berry
|move|p1b: Swampert|Wave Crash|p2a: Gholdengo
|-damage|p2a: Gholdengo|0 fnt
|faint|p2a: Gholdengo
|-damage|p1b: Swampert|75/100|[from] Recoil
|
|-weather|RainDance|[upkeep]
|upkeep
|
|t:|1783188413
|switch|p2a: Feraligatr|Feraligatr, L50, M|100/100
|turn|4
|
|t:|1783188445
|detailschange|p2a: Feraligatr|Feraligatr-Mega, L50, M
|-mega|p2a: Feraligatr|Feraligatr|Feraligite
|move|p2b: Farigiraf|Psychic|p1b: Swampert
|-damage|p1b: Swampert|46/100
|move|p1a: Sinistcha|Matcha Gotcha|p2a: Feraligatr|[spread] p2a,p2b
|-damage|p2a: Feraligatr|72/100
|-heal|p1a: Sinistcha|100/100|[from] drain|[of] p2a: Feraligatr
|-damage|p2b: Farigiraf|34/100
|move|p2a: Feraligatr|Double-Edge|p1b: Swampert
|-damage|p1b: Swampert|0 fnt
|faint|p1b: Swampert
|-damage|p2a: Feraligatr|54/100|[from] Recoil
|
|-weather|RainDance|[upkeep]
|upkeep
|
|t:|1783188457
|switch|p1b: Basculegion|Basculegion, L50, M|100/100
|turn|5
|
|t:|1783188471
|move|p1a: Sinistcha|Rage Powder|p1a: Sinistcha
|-singleturn|p1a: Sinistcha|move: Rage Powder
|move|p2b: Farigiraf|Thunderbolt|p1a: Sinistcha
|-resisted|p1a: Sinistcha|1
|-damage|p1a: Sinistcha|89/100
|-status|p1a: Sinistcha|par
|move|p2a: Feraligatr|Double-Edge|p1a: Sinistcha
|-damage|p1a: Sinistcha|21/100 par
|-damage|p2a: Feraligatr|29/100|[from] Recoil
|move|p1b: Basculegion|Last Respects|p2a: Feraligatr
|-damage|p2a: Feraligatr|0 fnt
|faint|p2a: Feraligatr
|
|-weather|RainDance|[upkeep]
|upkeep
|
|t:|1783188484
|switch|p2a: Sneasler|Sneasler, L50, F|2/100
|turn|6
|
|t:|1783188502
|move|p1a: Sinistcha|Matcha Gotcha|p2b: Farigiraf|[spread] p2a,p2b
|-resisted|p2a: Sneasler|1
|-damage|p2a: Sneasler|0 fnt
|-heal|p1a: Sinistcha|23/100 par|[from] drain|[of] p2a: Sneasler
|-damage|p2b: Farigiraf|7/100
|-heal|p1a: Sinistcha|40/100 par|[from] drain|[of] p2b: Farigiraf
|faint|p2a: Sneasler
|move|p2b: Farigiraf|Thunderbolt|p1b: Basculegion
|-supereffective|p1b: Basculegion|1
|-damage|p1b: Basculegion|47/100
|move|p1b: Basculegion|Last Respects|p2b: Farigiraf
|-immune|p2b: Farigiraf
|
|-weather|RainDance|[upkeep]
|-fieldend|move: Trick Room
|upkeep
|turn|7
|
|t:|1783188519
|move|p1b: Basculegion|Last Respects|p2b: Farigiraf
|-immune|p2b: Farigiraf
|move|p2b: Farigiraf|Psychic|p1a: Sinistcha
|-damage|p1a: Sinistcha|6/100 par
|-unboost|p1a: Sinistcha|spd|1
|move|p1a: Sinistcha|Matcha Gotcha|p2b: Farigiraf
|-damage|p2b: Farigiraf|0 fnt
|-heal|p1a: Sinistcha|11/100 par|[from] drain|[of] p2b: Farigiraf
|faint|p2b: Farigiraf
|
|win|HelgitheLean
||HelgitheLean is ready for game 2.
|inactive|Booros3 has 30 seconds to confirm battle start!
||Booros3 is ready for game 2.
|uhtml|next|Next: Game 2 of 3
|l|☆HelgitheLean
|player|p1|
