|j|☆31415thon
|j|☆ToastedArt
|html|31415thonToastedArt    
|uhtml|bestof|Game 1 of a best-of-3
|t:|1785860669
|gametype|doubles
|player|p1|31415thon|169|1138
|player|p2|ToastedArt|iris|1075
|gen|9
|tier|[Gen 9 Champions] VGC 2026 Reg M-B (Bo3)
|rated|
|rule|Species Clause: Limit one of each Pokémon
|rule|Item Clause: Limit 1 of each item
|clearpoke
|poke|p1|Gengar, L50, F|
|poke|p1|Whimsicott, L50, F|
|poke|p1|Incineroar, L50, M|
|poke|p1|Primarina, L50, M|
|poke|p1|Maushold, L50|
|poke|p1|Toxapex, L50, M|
|poke|p2|Staraptor, L50, F|
|poke|p2|Whimsicott, L50, F|
|poke|p2|Gholdengo, L50|
|poke|p2|Zoroark-Hisui, L50, M|
|poke|p2|Garchomp, L50, F|
|poke|p2|Sinistcha, L50|
|teampreview|4
|showteam|p1|Gengar||Gengarite|CursedBody|Protect,SludgeBomb,Disable,PerishSong|Timid||F|||50|]Whimsicott||FocusSash|Prankster|Encore,Tailwind,Moonblast,Protect|Bold||F|||50|]Incineroar||ChopleBerry|Intimidate|PartingShot,FlareBlitz,FakeOut,Protect|Careful||M|||50|]Primarina||SitrusBerry|LiquidVoice|HyperVoice,Moonblast,PerishSong,Protect|Bold||M|||50|]Maushold||MentalHerb|FriendGuard|FollowMe,SuperFang,Taunt,Protect|Calm|||||50|]Toxapex||Leftovers|Regenerator|BanefulBunker,WideGuard,Infestation,Toxic|Bold||M|||50|
|showteam|p2|Staraptor||Staraptite|Intimidate|CloseCombat,DualWingbeat,Roost,Protect|Jolly||F|||50|]Whimsicott||OccaBerry|Prankster|Encore,Tailwind,Charm,Moonblast|Timid||F|||50|]Gholdengo||ExpertBelt|GoodasGold|MakeItRain,ShadowBall,PowerGem,Protect|Modest|||||50|]Zoroark-Hisui||FocusSash|Illusion|BitterMalice,IcyWind,FocusBlast,FakeTears|Modest||M|||50|]Garchomp||LifeOrb|RoughSkin|Earthquake,DragonClaw,RockSlide,Protect|Jolly||F|||50|]Sinistcha||ColburBerry|Hospitality|MatchaGotcha,RagePowder,TrickRoom,StrengthSap|Relaxed|||||50|
|inactive|Battle timer is ON: inactive players will automatically lose when time's up. (requested by ToastedArt)
|inactive|31415thon has 60 seconds left.
|inactive|ToastedArt has 60 seconds left.
|
|t:|1785860710
|teamsize|p1|4
|teamsize|p2|4
|start
|switch|p1a: Incineroar|Incineroar, L50, M|100/100
|switch|p1b: Toxapex|Toxapex, L50, M|100/100
|switch|p2a: Gholdengo|Gholdengo, L50|100/100
|switch|p2b: Whimsicott|Whimsicott, L50, F|100/100
|-ability|p1a: Incineroar|Intimidate|boost
|-unboost|p2a: Gholdengo|atk|1
|-unboost|p2b: Whimsicott|atk|1
|turn|1
|inactive|31415thon has 30 seconds left.
|
|t:|1785860740
|move|p2b: Whimsicott|Fake Tears|p1b: Toxapex
|-unboost|p1b: Toxapex|spd|2
|move|p2a: Gholdengo|Shadow Ball|p1b: Toxapex
|-damage|p1b: Toxapex|30/100
|move|p1a: Incineroar|Flare Blitz|p2a: Gholdengo
|-supereffective|p2a: Gholdengo|1
|-damage|p2a: Gholdengo|1/100
|-damage|p1a: Incineroar|71/100|[from] Recoil
|move|p1b: Toxapex|Toxic|p2b: Whimsicott
|-status|p2b: Whimsicott|tox
|
|-heal|p1b: Toxapex|36/100|[from] item: Leftovers
|-damage|p2b: Whimsicott|93/100 tox|[from] psn
|upkeep
|turn|2
|
|t:|1785860759
|move|p1b: Toxapex|Baneful Bunker|p1b: Toxapex
|-singleturn|p1b: Toxapex|move: Protect
|move|p2b: Whimsicott|Focus Blast|p1a: Incineroar
|-supereffective|p1a: Incineroar|1
|-enditem|p1a: Incineroar|Chople Berry|[eat]
|-enditem|p1a: Incineroar|Chople Berry|[weaken]
|-damage|p1a: Incineroar|39/100
|move|p2a: Gholdengo|Shadow Ball|p1b: Toxapex
|-activate|p1b: Toxapex|move: Protect
|move|p1a: Incineroar|Flare Blitz|p2a: Gholdengo
|-supereffective|p2a: Gholdengo|1
|-damage|p2a: Gholdengo|0 fnt
|faint|p2a: Gholdengo
|-damage|p1a: Incineroar|38/100|[from] Recoil
|
|-heal|p1b: Toxapex|42/100|[from] item: Leftovers
|-damage|p2b: Whimsicott|81/100 tox|[from] psn
|upkeep
|
|t:|1785860767
|switch|p2a: Staraptor|Staraptor, L50, F|100/100
|-ability|p2a: Staraptor|Intimidate|boost
|-unboost|p1a: Incineroar|atk|1
|-unboost|p1b: Toxapex|atk|1
|turn|3
|
|t:|1785860786
|-heal|p1b: Toxapex|75/100|[from] ability: Regenerator|[silent]
|switch|p1b: Gengar|Gengar, L50, F|100/100
|detailschange|p2a: Staraptor|Staraptor-Mega, L50, F
|-mega|p2a: Staraptor|Staraptor|Staraptite
|move|p1a: Incineroar|Protect|p1a: Incineroar
|-singleturn|p1a: Incineroar|Protect
|move|p2a: Staraptor|Close Combat|p1a: Incineroar
|-activate|p1a: Incineroar|move: Protect
|move|p2b: Whimsicott|Bitter Malice|p1b: Gengar
|-supereffective|p1b: Gengar|1
|-damage|p1b: Gengar|0 fnt
|faint|p1b: Gengar
|
|-damage|p2b: Whimsicott|63/100 tox|[from] psn
|upkeep
|
|t:|1785860801
|switch|p1b: Toxapex|Toxapex, L50, M|75/100
|turn|4
|
|t:|1785860809
|switch|p1a: Primarina|Primarina, L50, M|100/100
|move|p2a: Staraptor|Close Combat|p1a: Primarina
|-resisted|p1a: Primarina|1
|-damage|p1a: Primarina|77/100
|-boost|p2a: Staraptor|def|1
|-boost|p2a: Staraptor|spd|1
|move|p2b: Whimsicott|Fake Tears|p1b: Toxapex
|-unboost|p1b: Toxapex|spd|2
|move|p1b: Toxapex|Toxic|p2a: Staraptor
|-status|p2a: Staraptor|tox
|
|-heal|p1b: Toxapex|80/100|[from] item: Leftovers
|-damage|p2a: Staraptor|93/100 tox|[from] psn
|-damage|p2b: Whimsicott|39/100 tox|[from] psn
|upkeep
|turn|5
|
|t:|1785860825
|move|p2a: Staraptor|Protect|p2a: Staraptor
|-singleturn|p2a: Staraptor|Protect
|move|p1b: Toxapex|Baneful Bunker|p1b: Toxapex
|-singleturn|p1b: Toxapex|move: Protect
|move|p2b: Whimsicott|Bitter Malice|p1a: Primarina
|-damage|p1a: Primarina|47/100
|-unboost|p1a: Primarina|atk|1
|-enditem|p1a: Primarina|Sitrus Berry|[eat]
|-heal|p1a: Primarina|71/100|[from] item: Sitrus Berry
|move|p1a: Primarina|Hyper Voice|p2b: Whimsicott|[spread] p2b
|-activate|p2a: Staraptor|move: Protect
|-damage|p2b: Whimsicott|0 fnt
|replace|p2b: Zoroark|Zoroark-Hisui, L50, M
|-end|p2b: Zoroark|Illusion
|faint|p2b: Zoroark
|
|-heal|p1b: Toxapex|86/100|[from] item: Leftovers
|-damage|p2a: Staraptor|81/100 tox|[from] psn
|upkeep
|
|t:|1785860831
|switch|p2b: Whimsicott|Whimsicott, L50, F|100/100
|turn|6
|
|t:|1785860847
|move|p2b: Whimsicott|Charm|p2a: Staraptor
|-boost|p2a: Staraptor|atk|2
|move|p2a: Staraptor|Dual Wingbeat|p1a: Primarina
|-damage|p1a: Primarina|37/100
|-damage|p1a: Primarina|6/100
|-hitcount|p1a: Primarina|2
|move|p1a: Primarina|Perish Song|p1a: Primarina
|-start|p1a: Primarina|perish3|[silent]
|-start|p1b: Toxapex|perish3|[silent]
|-start|p2a: Staraptor|perish3|[silent]
|-start|p2b: Whimsicott|perish3|[silent]
|-fieldactivate|move: Perish Song
|move|p1b: Toxapex|Infestation|p2a: Staraptor
|-resisted|p2a: Staraptor|2
|-damage|p2a: Staraptor|80/100 tox
|-activate|p2a: Staraptor|move: Infestation|[of] p1b: Toxapex
|
|-heal|p1b: Toxapex|92/100|[from] item: Leftovers
|-damage|p2a: Staraptor|61/100 tox|[from] psn
|-damage|p2a: Staraptor|49/100 tox|[from] move: Infestation|[partiallytrapped]
|-start|p2b: Whimsicott|perish3
|-start|p2a: Staraptor|perish3
|-start|p1a: Primarina|perish3
|-start|p1b: Toxapex|perish3
|upkeep
|turn|7
|-message|ToastedArt forfeited.
|
|win|31415thon
