|j|☆i miss my miraidon
|j|☆Oscarm92
|html|i miss my miraidonOscarm92    
|uhtml|bestof|Game 3 of a best-of-3
|t:|1784155567
|gametype|doubles
|player|p1|i miss my miraidon|102|1371
|player|p2|Oscarm92|265|1311
|gen|9
|tier|[Gen 9 Champions] VGC 2026 Reg M-B (Bo3)
|rated|
|rule|Species Clause: Limit one of each Pokémon
|rule|Item Clause: Limit 1 of each item
|clearpoke
|poke|p1|Venusaur, L50, F|
|poke|p1|Arcanine-Hisui, L50, F|
|poke|p1|Dragonite, L50, F|
|poke|p1|Incineroar, L50, M|
|poke|p1|Ninetales-Alola, L50, M|
|poke|p1|Gholdengo, L50|
|poke|p2|Charizard, L50, M, shiny|
|poke|p2|Aerodactyl, L50, M|
|poke|p2|Garchomp, L50, F, shiny|
|poke|p2|Kingambit, L50, F|
|poke|p2|Sylveon, L50, F|
|poke|p2|Farigiraf, L50, M|
|teampreview|4
|showteam|p1|Venusaur||Venusaurite|Overgrow|GigaDrain,SludgeBomb,EarthPower,Protect|Modest||F|||50|]Arcanine-Hisui||FocusSash|RockHead|FlareBlitz,ExtremeSpeed,HeadSmash,Protect|Adamant||F|||50|]Dragonite||LifeOrb|InnerFocus|DragonClaw,LowKick,ExtremeSpeed,Protect|Adamant||F|||50|]Incineroar||SitrusBerry|Intimidate|ThroatChop,FlareBlitz,PartingShot,FakeOut|Careful||M|||50|]Ninetales-Alola||NeverMeltIce|SnowWarning|Blizzard,FreezeDry,AuroraVeil,Protect|Timid||M|||50|]Gholdengo||SpellTag|GoodasGold|MakeItRain,ShadowBall,NastyPlot,Protect|Modest|||||50|
|showteam|p2|Charizard||CharizarditeY|Blaze|HeatWave,WeatherBall,SolarBeam,Protect|Modest||M|||50|]Aerodactyl||Aerodactylite|Unnerve|IceFang,RockSlide,Tailwind,DualWingbeat|Jolly||M|||50|]Garchomp||LifeOrb|RoughSkin|DragonClaw,StompingTantrum,Earthquake,Protect|Jolly||F|||50|]Kingambit||FocusSash|Defiant|SuckerPunch,KowtowCleave,IronHead,LowKick|Adamant||F|||50|]Sylveon||FairyFeather|Pixilate|QuickAttack,HyperVoice,HyperBeam,Protect|Modest||F|||50|]Farigiraf||SitrusBerry|ArmorTail|TrickRoom,Thunderbolt,Roar,Psychic|Bold||M|||50|
|
|t:|1784155623
|teamsize|p1|4
|teamsize|p2|4
|start
|switch|p1a: Dragonite|Dragonite, L50, F|100/100
|switch|p1b: Arcanine|Arcanine-Hisui, L50, F|100/100
|switch|p2a: Charizard|Charizard, L50, M, shiny|100/100
|switch|p2b: Garchomp|Garchomp, L50, F, shiny|100/100
|turn|1
|
|t:|1784155654
|switch|p1a: Incineroar|Incineroar, L50, M|100/100
|-ability|p1a: Incineroar|Intimidate|boost
|-unboost|p2a: Charizard|atk|1
|-unboost|p2b: Garchomp|atk|1
|detailschange|p2a: Charizard|Charizard-Mega-Y, L50, M, shiny
|-mega|p2a: Charizard|Charizard|Charizardite Y
|-weather|SunnyDay|[from] ability: Drought|[of] p2a: Charizard
|move|p1b: Arcanine|Protect|p1b: Arcanine
|-singleturn|p1b: Arcanine|Protect
|move|p2a: Charizard|Protect|p2a: Charizard
|-singleturn|p2a: Charizard|Protect
|move|p2b: Garchomp|Dragon Claw|p1a: Incineroar
|-damage|p1a: Incineroar|65/100
|-damage|p2b: Garchomp|90/100|[from] item: Life Orb
|
|-weather|SunnyDay|[upkeep]
|upkeep
|turn|2
|
|t:|1784155672
|switch|p2a: Farigiraf|Farigiraf, L50, M|100/100
|switch|p1a: Dragonite|Dragonite, L50, F|100/100
|move|p2b: Garchomp|Stomping Tantrum|p1b: Arcanine
|-supereffective|p1b: Arcanine|2
|-enditem|p1b: Arcanine|Focus Sash
|-damage|p1b: Arcanine|1/100
|-damage|p2b: Garchomp|80/100|[from] item: Life Orb
|move|p1b: Arcanine|Head Smash|p2a: Farigiraf|[miss]
|-miss|p1b: Arcanine|p2a: Farigiraf
|
|-weather|SunnyDay|[upkeep]
|upkeep
|turn|3
|
|t:|1784155718
|switch|p1b: Ninetales|Ninetales-Alola, L50, M|100/100
|-weather|Snowscape|[from] ability: Snow Warning|[of] p1b: Ninetales
|move|p2b: Garchomp|Protect|p2b: Garchomp
|-singleturn|p2b: Garchomp|Protect
|move|p1a: Dragonite|Protect|p1a: Dragonite
|-singleturn|p1a: Dragonite|Protect
|move|p2a: Farigiraf|Thunderbolt|p1b: Ninetales
|-damage|p1b: Ninetales|75/100
|
|-weather|Snowscape|[upkeep]
|upkeep
|turn|4
|
|t:|1784155744
|switch|p2b: Kingambit|Kingambit, L50, F|100/100
|move|p1b: Ninetales|Blizzard|p2b: Kingambit|[spread] p2a,p2b
|-resisted|p2b: Kingambit|1
|-damage|p2a: Farigiraf|61/100
|-damage|p2b: Kingambit|79/100
|move|p1a: Dragonite|Low Kick|p2b: Kingambit
|-supereffective|p2b: Kingambit|2
|-damage|p2b: Kingambit|0 fnt
|faint|p2b: Kingambit
|-damage|p1a: Dragonite|90/100|[from] item: Life Orb
|move|p2a: Farigiraf|Roar|p1b: Ninetales
|drag|p1b: Incineroar|Incineroar, L50, M|65/100
|-ability|p1b: Incineroar|Intimidate|boost
|-unboost|p2a: Farigiraf|atk|1
|
|-weather|Snowscape|[upkeep]
|upkeep
|
|t:|1784155748
|switch|p2b: Charizard|Charizard-Mega-Y, L50, M, shiny|100/100
|-weather|SunnyDay|[from] ability: Drought|[of] p2b: Charizard
|turn|5
|
|t:|1784155758
|move|p2b: Charizard|Protect|p2b: Charizard
|-singleturn|p2b: Charizard|Protect
|move|p1a: Dragonite|Dragon Claw|p2a: Farigiraf
|-damage|p2a: Farigiraf|15/100
|-enditem|p2a: Farigiraf|Sitrus Berry|[eat]
|-heal|p2a: Farigiraf|40/100|[from] item: Sitrus Berry
|-damage|p1a: Dragonite|80/100|[from] item: Life Orb
|move|p1b: Incineroar|Parting Shot|p2b: Charizard
|-activate|p2b: Charizard|move: Protect
|move|p2a: Farigiraf|Trick Room|p2a: Farigiraf
|-fieldstart|move: Trick Room|[of] p2a: Farigiraf
|
|-weather|SunnyDay|[upkeep]
|upkeep
|turn|6
|
|t:|1784155773
|move|p1a: Dragonite|Protect|p1a: Dragonite
|-singleturn|p1a: Dragonite|Protect
|move|p1b: Incineroar|Throat Chop|p2a: Farigiraf
|-supereffective|p2a: Farigiraf|1
|-damage|p2a: Farigiraf|0 fnt
|faint|p2a: Farigiraf
|move|p2b: Charizard|Heat Wave|p1a: Dragonite|[spread] p1b
|-activate|p1a: Dragonite|move: Protect
|-resisted|p1b: Incineroar|1
|-damage|p1b: Incineroar|43/100
|-enditem|p1b: Incineroar|Sitrus Berry|[eat]
|-heal|p1b: Incineroar|67/100|[from] item: Sitrus Berry
|
|-weather|SunnyDay|[upkeep]
|upkeep
|
|t:|1784155776
|switch|p2a: Garchomp|Garchomp, L50, F, shiny|80/100
|turn|7
|
|t:|1784155783
|move|p1b: Incineroar|Parting Shot|p2b: Charizard
|-unboost|p2b: Charizard|atk|1
|-unboost|p2b: Charizard|spa|1
|
|t:|1784155788
|switch|p1b: Ninetales|Ninetales-Alola, L50, M|75/100|[from] Parting Shot
|-weather|Snowscape|[from] ability: Snow Warning|[of] p1b: Ninetales
|move|p2b: Charizard|Weather Ball|p1a: Dragonite
|-supereffective|p1a: Dragonite|2
|-damage|p1a: Dragonite|0 fnt
|faint|p1a: Dragonite
|move|p2a: Garchomp|Earthquake|p1b: Ninetales|[spread] p1b
|-immune|p2b: Charizard
|-damage|p1b: Ninetales|28/100
|-damage|p2a: Garchomp|70/100|[from] item: Life Orb
|
|-weather|Snowscape|[upkeep]
|upkeep
|
|t:|1784155810
|switch|p1a: Arcanine|Arcanine-Hisui, L50, F|1/100
|turn|8
|
|t:|1784155836
|switch|p1b: Incineroar|Incineroar, L50, M|67/100
|-ability|p1b: Incineroar|Intimidate|boost
|-unboost|p2a: Garchomp|atk|1
|-unboost|p2b: Charizard|atk|1
|move|p2b: Charizard|Protect|p2b: Charizard
|-singleturn|p2b: Charizard|Protect
|move|p1a: Arcanine|Protect|p1a: Arcanine
|-singleturn|p1a: Arcanine|Protect
|move|p2a: Garchomp|Earthquake|p1a: Arcanine|[spread] p1b
|-activate|p2b: Charizard|move: Protect
|-activate|p1a: Arcanine|move: Protect
|-supereffective|p1b: Incineroar|1
|-damage|p1b: Incineroar|5/100
|-damage|p2a: Garchomp|60/100|[from] item: Life Orb
|
|-weather|Snowscape|[upkeep]
|upkeep
|turn|9
|
|t:|1784155865
|switch|p1a: Ninetales|Ninetales-Alola, L50, M|28/100
|move|p2a: Garchomp|Protect|p2a: Garchomp
|-singleturn|p2a: Garchomp|Protect
|move|p1b: Incineroar|Fake Out|p2a: Garchomp
|-activate|p2a: Garchomp|move: Protect
|move|p2b: Charizard|Heat Wave|p1a: Ninetales|[spread] p1a
|-miss|p2b: Charizard|p1b: Incineroar
|-supereffective|p1a: Ninetales|1
|-damage|p1a: Ninetales|0 fnt
|faint|p1a: Ninetales
|
|-weather|Snowscape|[upkeep]
|-fieldend|move: Trick Room
|upkeep
|
|t:|1784155870
|switch|p1a: Arcanine|Arcanine-Hisui, L50, F|1/100
|turn|10
|-message|i miss my miraidon forfeited.
|
|win|Oscarm92
|raw|i miss my miraidon's rating: 1371 → 1348(-23 for losing)
|raw|Oscarm92's rating: 1311 → 1334(+23 for winning)
|l|☆i miss my miraidon
|player|p1|
