|j|☆paperclip007
|j|☆jscullan
|html|paperclip007jscullan    
|uhtml|bestof|Game 1 of a best-of-3
|t:|1757717204
|gametype|doubles
|player|p1|paperclip007|rocketgruntf|
|player|p2|jscullan|crasherwake|
|gen|9
|tier|[Gen 9] VGC 2025 Reg H (Bo3)
|rule|Species Clause: Limit one of each Pokémon
|rule|Item Clause: Limit 1 of each item
|clearpoke
|poke|p1|Toxapex, L50, M|
|poke|p1|Grafaiai, L50, M|
|poke|p1|Weezing-Galar, L50, M|
|poke|p1|Incineroar, L50, F|
|poke|p1|Hippowdon, L50, M|
|poke|p1|Sinistcha, L50|
|poke|p2|Maushold-Four, L50|
|poke|p2|Archaludon, L50, M|
|poke|p2|Pelipper, L50, F|
|poke|p2|Rabsca, L50, M|
|poke|p2|Muk, L50, M|
|poke|p2|Electrode-Hisui, L50|
|teampreview|4
|showteam|p1|Toxapex||Leftovers|Regenerator|BanefulBunker,WideGuard,Infestation,Toxic|||M|||50|,,,,,Grass]Grafaiai||FocusSash|Prankster|Toxic,Encore,SuperFang,KnockOff|||M|||50|,,,,,Dark]Weezing-Galar||SitrusBerry|NeutralizingGas|WillOWisp,StrangeSteam,Protect,Haze|||M|||50|,,,,,Water]Incineroar||SafetyGoggles|Intimidate|PartingShot,WillOWisp,FakeOut,KnockOff|||F|||50|,,,,,Fire]Hippowdon||RockyHelmet|SandStream|Yawn,SandTomb,RockSlide,Protect|||M|||50|,,,,,Water]Sinistcha||CovertCloak|Hospitality|TrickRoom,MatchaGotcha,ShadowBall,Protect||||||50|,,,,,Grass
|showteam|p2|Maushold-Four||WideLens|FriendGuard|PopulationBomb,FollowMe,Taunt,Encore||||||50|,,,,,Ghost]Archaludon||CovertCloak|Stamina|ElectroShot,BodyPress,ThunderWave,DragonPulse|||M|||50|,,,,,Fighting]Pelipper||FocusSash|Drizzle|Tailwind,WideGuard,TeraBlast,IceBeam|||F|||50|,,,,,Ground]Rabsca||SafetyGoggles|Synchronize|TrickRoom,Imprison,Recover,BugBuzz|||M|||50|,,,,,Bug]Muk||Leftovers|StickyHold|Toxic,Minimize,AcidArmor,MudShot|||M|||50|,,,,,Dark]Electrode-Hisui||AssaultVest|Aftermath|Chloroblast,Thunderbolt,GigaDrain,TeraBlast||||||50|,,,,,Water
|j| drillcurlsaresexy
|
|t:|1757717300
|teamsize|p1|4
|teamsize|p2|4
|start
|switch|p1a: Weezing|Weezing-Galar, L50, M|100/100
|switch|p1b: Toxapex|Toxapex, L50, M|100/100
|switch|p2a: Mickeez|Maushold-Four, L50|100/100
|switch|p2b: Udon Ramen|Archaludon, L50, M|100/100
|-ability|p1a: Weezing|Neutralizing Gas
|turn|1
|
|t:|1757717336
|move|p2a: Mickeez|Population Bomb|p1a: Weezing
|-damage|p1a: Weezing|93/100
|-damage|p1a: Weezing|86/100
|-damage|p1a: Weezing|78/100
|-damage|p1a: Weezing|71/100
|-damage|p1a: Weezing|63/100
|-damage|p1a: Weezing|56/100
|-damage|p1a: Weezing|49/100
|-enditem|p1a: Weezing|Sitrus Berry|[eat]
|-heal|p1a: Weezing|74/100|[from] item: Sitrus Berry
|-damage|p1a: Weezing|67/100
|-damage|p1a: Weezing|59/100
|-damage|p1a: Weezing|50/100
|-hitcount|p1a: Weezing|10
|move|p2b: Udon Ramen|Thunder Wave|p1b: Toxapex
|-status|p1b: Toxapex|par
|move|p1a: Weezing|Will-O-Wisp|p2b: Udon Ramen
|-status|p2b: Udon Ramen|brn
|move|p1b: Toxapex|Infestation|p2b: Udon Ramen
|-resisted|p2b: Udon Ramen
|-damage|p2b: Udon Ramen|99/100 brn
|-activate|p2b: Udon Ramen|move: Infestation|[of] p1b: Toxapex
|
|-damage|p2b: Udon Ramen|93/100 brn|[from] brn
|-damage|p2b: Udon Ramen|80/100 brn|[from] move: Infestation|[partiallytrapped]
|upkeep
|turn|2
|
|t:|1757717387
|move|p1a: Weezing|Protect|p1a: Weezing
|-singleturn|p1a: Weezing|Protect
|move|p2a: Mickeez|Taunt|p1b: Toxapex
|-start|p1b: Toxapex|move: Taunt
|move|p2b: Udon Ramen|Thunder Wave|p1a: Weezing
|-activate|p1a: Weezing|move: Protect
|cant|p1b: Toxapex|move: Taunt|Toxic
|
|-damage|p2b: Udon Ramen|74/100 brn|[from] brn
|-damage|p2b: Udon Ramen|62/100 brn|[from] move: Infestation|[partiallytrapped]
|upkeep
|turn|3
|
|t:|1757717414
|move|p2a: Mickeez|Encore|p1a: Weezing
|-start|p1a: Weezing|Encore
|move|p2b: Udon Ramen|Thunder Wave|p1a: Weezing
|-status|p1a: Weezing|par
|move|p1a: Weezing|Protect|p1a: Weezing
|-singleturn|p1a: Weezing|Protect
|cant|p1b: Toxapex|par
|
|-damage|p2b: Udon Ramen|56/100 brn|[from] brn
|-damage|p2b: Udon Ramen|44/100 brn|[from] move: Infestation|[partiallytrapped]
|upkeep
|turn|4
|
|t:|1757717436
|-end|p1a: Weezing|ability: Neutralizing Gas
|switch|p1a: Hippowdon|Hippowdon, L50, M|100/100
|-weather|Sandstorm|[from] ability: Sand Stream|[of] p1a: Hippowdon
|move|p2a: Mickeez|Population Bomb|p1a: Hippowdon
|-damage|p1a: Hippowdon|94/100
|-damage|p2a: Mickeez|84/100|[from] item: Rocky Helmet|[of] p1a: Hippowdon
|-damage|p1a: Hippowdon|89/100
|-damage|p2a: Mickeez|67/100|[from] item: Rocky Helmet|[of] p1a: Hippowdon
|-damage|p1a: Hippowdon|83/100
|-damage|p2a: Mickeez|50/100|[from] item: Rocky Helmet|[of] p1a: Hippowdon
|-damage|p1a: Hippowdon|77/100
|-damage|p2a: Mickeez|34/100|[from] item: Rocky Helmet|[of] p1a: Hippowdon
|-damage|p1a: Hippowdon|70/100
|-damage|p2a: Mickeez|17/100|[from] item: Rocky Helmet|[of] p1a: Hippowdon
|-damage|p1a: Hippowdon|64/100
|-damage|p2a: Mickeez|0 fnt|[from] item: Rocky Helmet|[of] p1a: Hippowdon
|faint|p2a: Mickeez
|-hitcount|p1a: Hippowdon|6
|move|p2b: Udon Ramen|Dragon Pulse|p1b: Toxapex
|-damage|p1b: Toxapex|68/100 par
|move|p1b: Toxapex|Infestation|p2b: Udon Ramen
|-resisted|p2b: Udon Ramen
|-damage|p2b: Udon Ramen|42/100 brn
|-ability|p2b: Udon Ramen|Stamina|boost
|-boost|p2b: Udon Ramen|def|1
|
|-weather|Sandstorm|[upkeep]
|-damage|p1b: Toxapex|62/100 par|[from] Sandstorm
|-heal|p1b: Toxapex|68/100 par|[from] item: Leftovers
|-damage|p2b: Udon Ramen|36/100 brn|[from] brn
|-damage|p2b: Udon Ramen|24/100 brn|[from] move: Infestation|[partiallytrapped]
|-end|p1b: Toxapex|move: Taunt
|upkeep
|
|t:|1757717475
|switch|p2a: Niwatori|Pelipper, L50, F|100/100
|-weather|RainDance|[from] ability: Drizzle|[of] p2a: Niwatori
|turn|5
|
|t:|1757717498
|switch|p2a: Ponder|Electrode-Hisui, L50|100/100
|switch|p1a: Sinistcha|Sinistcha, L50|100/100
|-heal|p1b: Toxapex|93/100 par|[from] ability: Hospitality|[of] p1a: Sinistcha
|move|p1b: Toxapex|Baneful Bunker|p1b: Toxapex
|-singleturn|p1b: Toxapex|move: Protect
|move|p2b: Udon Ramen|Body Press|p1a: Sinistcha
|-immune|p1a: Sinistcha
|
|-weather|RainDance|[upkeep]
|-heal|p1b: Toxapex|99/100 par|[from] item: Leftovers
|-damage|p2b: Udon Ramen|17/100 brn|[from] brn
|-damage|p2b: Udon Ramen|5/100 brn|[from] move: Infestation|[partiallytrapped]
|upkeep
|turn|6
|
|t:|1757717535
|switch|p1b: Hippowdon|Hippowdon, L50, M|64/100
|-weather|Sandstorm|[from] ability: Sand Stream|[of] p1b: Hippowdon
|-terastallize|p2a: Ponder|Water
|move|p2a: Ponder|Tera Blast|p1b: Hippowdon|[anim] Tera Blast Water
|-supereffective|p1b: Hippowdon
|-damage|p1b: Hippowdon|11/100
|move|p2b: Udon Ramen|Thunder Wave|p1a: Sinistcha
|-status|p1a: Sinistcha|par
|cant|p1a: Sinistcha|par
|
|-weather|Sandstorm|[upkeep]
|-damage|p2a: Ponder|95/100|[from] Sandstorm
|-damage|p1a: Sinistcha|94/100 par|[from] Sandstorm
|-damage|p2b: Udon Ramen|0 fnt|[from] brn
|faint|p2b: Udon Ramen
|upkeep
|
|t:|1757717551
|switch|p2b: Niwatori|Pelipper, L50, F|100/100
|-weather|RainDance|[from] ability: Drizzle|[of] p2b: Niwatori
|turn|7
|
|t:|1757717597
|move|p2a: Ponder|Giga Drain|p1b: Hippowdon
|-supereffective|p1b: Hippowdon
|-damage|p1b: Hippowdon|0 fnt
|-heal|p2a: Ponder|100/100|[from] drain|[of] p1b: Hippowdon
|faint|p1b: Hippowdon
|move|p2b: Niwatori|Ice Beam|p1a: Sinistcha
|-supereffective|p1a: Sinistcha
|-damage|p1a: Sinistcha|25/100 par
|move|p1a: Sinistcha|Matcha Gotcha|p2b: Niwatori|[spread] p2a,p2b
|-supereffective|p2a: Ponder
|-damage|p2a: Ponder|60/100
|-heal|p1a: Sinistcha|44/100 par|[from] drain|[of] p2a: Ponder
|-damage|p2b: Niwatori|69/100
|-heal|p1a: Sinistcha|56/100 par|[from] drain|[of] p2b: Niwatori
|
|-weather|RainDance|[upkeep]
|upkeep
|
|t:|1757717620
|switch|p1b: Toxapex|Toxapex, L50, M|100/100 par
|turn|8
|
|t:|1757717631
|switch|p1a: Weezing|Weezing-Galar, L50, M|50/100 par
|-ability|p1a: Weezing|Neutralizing Gas
|move|p2b: Niwatori|Wide Guard|p2b: Niwatori
|-singleturn|p2b: Niwatori|Wide Guard
|move|p2a: Ponder|Thunderbolt|p1b: Toxapex
|-supereffective|p1b: Toxapex
|-damage|p1b: Toxapex|42/100 par
|move|p1b: Toxapex|Toxic|p2b: Niwatori
|-status|p2b: Niwatori|tox
|
|-weather|RainDance|[upkeep]
|-heal|p1b: Toxapex|48/100 par|[from] item: Leftovers
|-damage|p2b: Niwatori|63/100 tox|[from] psn
|upkeep
|turn|9
|
|t:|1757717666
|switch|p1b: Sinistcha|Sinistcha, L50|56/100 par
|move|p2a: Ponder|Thunderbolt|p1b: Sinistcha
|-resisted|p1b: Sinistcha
|-damage|p1b: Sinistcha|35/100 par
|move|p2b: Niwatori|Ice Beam|p1a: Weezing
|-damage|p1a: Weezing|23/100 par
|move|p1a: Weezing|Strange Steam|p2a: Ponder
|-damage|p2a: Ponder|35/100
|-start|p2a: Ponder|confusion
|
|-weather|RainDance|[upkeep]
|-damage|p2b: Niwatori|51/100 tox|[from] psn
|upkeep
|turn|10
|
|t:|1757717695
|move|p1a: Weezing|Protect|p1a: Weezing
|-singleturn|p1a: Weezing|Protect
|-activate|p2a: Ponder|confusion
|move|p2a: Ponder|Thunderbolt|p1a: Weezing
|-activate|p1a: Weezing|move: Protect
|move|p2b: Niwatori|Ice Beam|p1b: Sinistcha
|-supereffective|p1b: Sinistcha
|-damage|p1b: Sinistcha|0 fnt
|faint|p1b: Sinistcha
|
|-weather|RainDance|[upkeep]
|-damage|p2b: Niwatori|33/100 tox|[from] psn
|upkeep
|
|t:|1757717705
|switch|p1b: Toxapex|Toxapex, L50, M|48/100 par
|turn|11
|
|t:|1757717733
|cant|p1b: Toxapex|par
|-end|p2a: Ponder|confusion
|move|p2a: Ponder|Thunderbolt|p1b: Toxapex
|-supereffective|p1b: Toxapex
|-damage|p1b: Toxapex|0 fnt
|faint|p1b: Toxapex
|move|p2b: Niwatori|Ice Beam|p1a: Weezing
|-damage|p1a: Weezing|0 fnt
|faint|p1a: Weezing
|-end|p1a: Weezing|ability: Neutralizing Gas
|
|win|jscullan
||jscullan is ready for game 2.
|inactive|paperclip007 has 30 seconds to confirm battle start!
||paperclip007 is ready for game 2.
|uhtml|next|Next: Game 2 of 3
