|j|☆becomingother
|j|☆bigpedro
|html|becomingotherbigpedro    
|uhtml|bestof|Game 2 of a best-of-3
|t:|1757932569
|gametype|doubles
|player|p1|becomingother|1|1047
|player|p2|bigpedro|lucas|1000
|gen|9
|tier|[Gen 9] VGC 2025 Reg H (Bo3)
|rated|
|rule|Species Clause: Limit one of each Pokémon
|rule|Item Clause: Limit 1 of each item
|clearpoke
|poke|p1|Kingambit, L50, F|
|poke|p1|Arcanine-Hisui, L50, F|
|poke|p1|Whimsicott, L50, F|
|poke|p1|Dragonite, L50, F|
|poke|p1|Archaludon, L50, M|
|poke|p1|Ursaluna-Bloodmoon, L50, M|
|poke|p2|Gholdengo, L50|
|poke|p2|Porygon2, L50|
|poke|p2|Ursaluna, L50, F|
|poke|p2|Sneasler, L50, F|
|poke|p2|Amoonguss, L50, M|
|poke|p2|Incineroar, L50, F|
|teampreview|4
|showteam|p1|Kingambit||SafetyGoggles|Defiant|KowtowCleave,Protect,SuckerPunch,SwordsDance|||F|||50|,,,,,Fire]Arcanine-Hisui||SitrusBerry|Intimidate|Howl,FlareBlitz,RockSlide,Protect|||F|||50|,,,,,Grass]Whimsicott||CovertCloak|Prankster|BeatUp,Moonblast,Encore,Tailwind|||F|||50|,,,,,Water]Dragonite||ChoiceBand|InnerFocus|TeraBlast,Outrage,StompingTantrum,ExtremeSpeed|||F|||50|,,,,,Flying]Archaludon||AssaultVest|Stamina|BodyPress,ElectroShot,FlashCannon,DracoMeteor|||M|||50|,,,,,Grass]Ursaluna-Bloodmoon||LifeOrb|MindsEye|HyperVoice,BloodMoon,EarthPower,Protect|||M|||50|,,,,,Normal
|showteam|p2|Gholdengo||Leftovers|GoodasGold|MakeItRain,ShadowBall,NastyPlot,Protect||||||50|,,,,,Steel]Porygon2||Eviolite|Download|TeraBlast,IceBeam,TrickRoom,Protect||||||50|,,,,,Fighting]Ursaluna||FlameOrb|Guts|Facade,HeadlongRush,ThroatChop,Protect|||F|||50|,,,,,Ghost]Sneasler||FocusSash|Unburden|DireClaw,CloseCombat,FakeOut,Protect|||F|||50|,,,,,Stellar]Amoonguss||RockyHelmet|Regenerator|PollenPuff,Spore,RagePowder,Protect|||M|||50|,,,,,Water]Incineroar||SafetyGoggles|Intimidate|FakeOut,KnockOff,PartingShot,Protect|||F|||50|,,,,,Water
|inactive|Battle timer is ON: inactive players will automatically lose when time's up. (requested by becomingother)
|inactive|bigpedro also wants the timer to be on.
|
|t:|1757932586
|teamsize|p1|4
|teamsize|p2|4
|start
|switch|p1a: Whimsicott|Whimsicott, L50, F|100/100
|switch|p1b: Dragonite|Dragonite, L50, F|100/100
|switch|p2a: Incineroar|Incineroar, L50, F|100/100
|switch|p2b: Sneasler|Sneasler, L50, F|100/100
|-ability|p2a: Incineroar|Intimidate|boost
|-unboost|p1a: Whimsicott|atk|1
|-fail|p1b: Dragonite|unboost|Attack|[from] ability: Inner Focus|[of] p1b: Dragonite
|turn|1
|
|t:|1757932605
|move|p1a: Whimsicott|Tailwind|p1a: Whimsicott
|-sidestart|p1: becomingother|move: Tailwind
|move|p1b: Dragonite|Stomping Tantrum|p2a: Incineroar
|-supereffective|p2a: Incineroar
|-damage|p2a: Incineroar|31/100
|move|p2b: Sneasler|Dire Claw|p1a: Whimsicott
|-supereffective|p1a: Whimsicott
|-damage|p1a: Whimsicott|0 fnt
|faint|p1a: Whimsicott
|move|p2a: Incineroar|Parting Shot|p1b: Dragonite
|-unboost|p1b: Dragonite|atk|1
|-unboost|p1b: Dragonite|spa|1
|
|t:|1757932618
|switch|p2a: Amoonguss|Amoonguss, L50, M|100/100|[from] Parting Shot
|
|upkeep
|
|t:|1757932622
|switch|p1a: Arcanine|Arcanine-Hisui, L50, F|100/100
|-ability|p1a: Arcanine|Intimidate|boost
|-unboost|p2a: Amoonguss|atk|1
|-unboost|p2b: Sneasler|atk|1
|turn|2
|
|t:|1757932636
|switch|p1b: Ursaluna|Ursaluna-Bloodmoon, L50, M|100/100
|switch|p2b: Incineroar|Incineroar, L50, F|31/100
|-ability|p2b: Incineroar|Intimidate|boost
|-unboost|p1a: Arcanine|atk|1
|-unboost|p1b: Ursaluna|atk|1
|-terastallize|p1a: Arcanine|Grass
|move|p1a: Arcanine|Flare Blitz|p2a: Amoonguss
|-supereffective|p2a: Amoonguss
|-damage|p2a: Amoonguss|37/100
|-damage|p1a: Arcanine|84/100|[from] item: Rocky Helmet|[of] p2a: Amoonguss
|-damage|p1a: Arcanine|60/100|[from] Recoil
|move|p2a: Amoonguss|Spore|p1b: Ursaluna
|-status|p1b: Ursaluna|slp|[from] move: Spore
|
|upkeep
|turn|3
|inactive|bigpedro has 30 seconds left.
|
|t:|1757932663
|switch|p2a: Ursaluna|Ursaluna, L50, F|100/100
|move|p1a: Arcanine|Rock Slide|p2b: Incineroar|[spread] p2a,p2b
|-resisted|p2a: Ursaluna
|-supereffective|p2b: Incineroar
|-damage|p2a: Ursaluna|95/100
|-damage|p2b: Incineroar|7/100
|cant|p1b: Ursaluna|slp
|cant|p2b: Incineroar|flinch
|
|-status|p2a: Ursaluna|brn|[from] item: Flame Orb
|upkeep
|turn|4
|inactive|bigpedro has 30 seconds left.
|
|t:|1757932690
|switch|p2b: Amoonguss|Amoonguss, L50, M|70/100
|move|p1a: Arcanine|Rock Slide|p2b: Amoonguss|[spread] p2a,p2b
|-resisted|p2a: Ursaluna
|-damage|p2a: Ursaluna|90/100 brn
|-damage|p2b: Amoonguss|57/100
|cant|p1b: Ursaluna|slp
|move|p2a: Ursaluna|Facade|p1a: Arcanine
|-damage|p1a: Arcanine|0 fnt
|faint|p1a: Arcanine
|
|-damage|p2a: Ursaluna|84/100 brn|[from] brn
|-sideend|p1: becomingother|move: Tailwind
|upkeep
|
|t:|1757932698
|switch|p1a: Dragonite|Dragonite, L50, F|100/100
|turn|5
|
|t:|1757932704
|move|p2a: Ursaluna|Protect|p2a: Ursaluna
|-singleturn|p2a: Ursaluna|Protect
|move|p1a: Dragonite|Outrage|p2b: Amoonguss
|-damage|p2b: Amoonguss|0 fnt
|-damage|p1a: Dragonite|84/100|[from] item: Rocky Helmet|[of] p2b: Amoonguss
|faint|p2b: Amoonguss
|-curestatus|p1b: Ursaluna|slp|[msg]
|move|p1b: Ursaluna|Hyper Voice|p2a: Ursaluna
|-activate|p2a: Ursaluna|move: Protect
|
|-damage|p2a: Ursaluna|78/100 brn|[from] brn
|upkeep
|
|t:|1757932714
|switch|p2b: Sneasler|Sneasler, L50, F|100/100
|turn|6
|
|t:|1757932726
|switch|p2a: Incineroar|Incineroar, L50, F|7/100
|-ability|p2a: Incineroar|Intimidate|boost
|-fail|p1a: Dragonite|unboost|Attack|[from] ability: Inner Focus|[of] p1a: Dragonite
|-unboost|p1b: Ursaluna|atk|1
|-terastallize|p2b: Sneasler|Stellar
|move|p1b: Ursaluna|Protect|p1b: Ursaluna
|-singleturn|p1b: Ursaluna|Protect
|move|p2b: Sneasler|Close Combat|p1b: Ursaluna
|-activate|p1b: Ursaluna|move: Protect
|move|p1a: Dragonite|Outrage|p2a: Incineroar|[from] lockedmove
|-damage|p2a: Incineroar|0 fnt
|faint|p2a: Incineroar
|
|upkeep
|
|t:|1757932738
|switch|p2a: Ursaluna|Ursaluna, L50, F|78/100 brn
|turn|7
|
|t:|1757932744
|move|p1b: Ursaluna|Protect||[still]
|-fail|p1b: Ursaluna
|move|p2a: Ursaluna|Protect|p2a: Ursaluna
|-singleturn|p2a: Ursaluna|Protect
|move|p2b: Sneasler|Close Combat|p1b: Ursaluna
|-supereffective|p1b: Ursaluna
|-damage|p1b: Ursaluna|0 fnt
|-unboost|p2b: Sneasler|def|1
|-unboost|p2b: Sneasler|spd|1
|faint|p1b: Ursaluna
|move|p1a: Dragonite|Outrage|p2a: Ursaluna|[from] lockedmove
|-activate|p2a: Ursaluna|move: Protect
|-start|p1a: Dragonite|confusion|[fatigue]
|
|-damage|p2a: Ursaluna|72/100 brn|[from] brn
|upkeep
|turn|8
|
|t:|1757932755
|move|p2b: Sneasler|Dire Claw|p1a: Dragonite
|-damage|p1a: Dragonite|14/100
|-status|p1a: Dragonite|psn
|-activate|p1a: Dragonite|confusion
|move|p1a: Dragonite|Outrage|p2a: Ursaluna
|-damage|p2a: Ursaluna|9/100 brn
|move|p2a: Ursaluna|Facade|p1a: Dragonite
|-damage|p1a: Dragonite|0 fnt
|faint|p1a: Dragonite
|
|win|bigpedro
||becomingother is ready for game 3.
