|j|‽yazz96
|j|☆jomivgc
|html|yazz96jomivgc    
|uhtml|bestof|Game 1 of a best-of-3
|t:|1784595390
|gametype|doubles
|player|p1|yazz96|1|1091
|player|p2|jomivgc|falkner-gen2|1196
|gen|9
|tier|[Gen 9 Champions] VGC 2026 Reg M-B (Bo3)
|rated|
|rule|Species Clause: Limit one of each Pokémon
|rule|Item Clause: Limit 1 of each item
|clearpoke
|poke|p1|Farigiraf, L50, M|
|poke|p1|Annihilape, L50, M|
|poke|p1|Tyranitar, L50, M|
|poke|p1|Steelix, L50, M|
|poke|p1|Houndstone, L50, F|
|poke|p1|Meganium, L50, M|
|poke|p2|Aerodactyl, L50, M|
|poke|p2|Charizard, L50, M|
|poke|p2|Incineroar, L50, M|
|poke|p2|Kingambit, L50, F|
|poke|p2|Sylveon, L50, M|
|poke|p2|Garchomp, L50, M|
|teampreview|4
|showteam|p1|Farigiraf||SitrusBerry|ArmorTail|TrickRoom,Protect,Thunder,Psychic|Modest||M|||50|]Annihilape||LifeOrb|Defiant|CloseCombat,GunkShot,Protect,RageFist|Jolly||M|||50|]Tyranitar||Tyranitarite|SandStream|Protect,RockBlast,KnockOff,LowKick|Adamant||M|||50|]Steelix||Steelixite|Sturdy|HeavySlam,HighHorsepower,Protect,WideGuard|Sassy||M|||50|]Houndstone||ColburBerry|SandRush|WillOWisp,LastRespects,Protect,Endeavor|Adamant||F|||50|]Meganium||Meganiumite|Overgrow|DazzlingGleam,Protect,WeatherBall,SolarBeam|Quiet||M|||50|
|showteam|p2|Aerodactyl||Aerodactylite|Unnerve|RockSlide,DualWingbeat,WideGuard,Tailwind|Jolly||M|||50|]Charizard||CharizarditeY|Blaze|HeatWave,WeatherBall,SolarBeam,Protect|Modest||M|||50|]Incineroar||SitrusBerry|Intimidate|FlareBlitz,DarkestLariat,FakeOut,PartingShot|Impish||M|||50|]Kingambit||FocusSash|Defiant|KowtowCleave,IronHead,SuckerPunch,LowKick|Adamant||F|||50|]Sylveon||FairyFeather|Pixilate|HyperVoice,HyperBeam,QuickAttack,Detect|Modest||M|||50|]Garchomp||LifeOrb|RoughSkin|Earthquake,DragonClaw,RockSlide,Protect|Jolly||M|||50|
|inactive|Battle timer is ON: inactive players will automatically lose when time's up. (requested by jomivgc)
|inactive|yazz96 has 60 seconds left.
|inactive|jomivgc has 60 seconds left.
|inactive|jomivgc has 30 seconds left.
|inactive|jomivgc has 20 seconds left.
|inactive|yazz96 has 30 seconds left.
|
|t:|1784595479
|teamsize|p1|4
|teamsize|p2|4
|start
|switch|p1a: Steelix|Steelix, L50, M|100/100
|switch|p1b: Annihilape|Annihilape, L50, M|100/100
|switch|p2a: Aerodactyl|Aerodactyl, L50, M|100/100
|switch|p2b: Charizard|Charizard, L50, M|100/100
|-ability|p2a: Aerodactyl|Unnerve
|turn|1
|inactive|jomivgc has 30 seconds left.
|
|t:|1784595513
|switch|p1b: Tyranitar|Tyranitar, L50, M|100/100
|-weather|Sandstorm|[from] ability: Sand Stream|[of] p1b: Tyranitar
|detailschange|p2b: Charizard|Charizard-Mega-Y, L50, M
|-mega|p2b: Charizard|Charizard|Charizardite Y
|-weather|SunnyDay|[from] ability: Drought|[of] p2b: Charizard
|move|p1a: Steelix|Protect|p1a: Steelix
|-singleturn|p1a: Steelix|Protect
|move|p2a: Aerodactyl|Dual Wingbeat|p1b: Tyranitar
|-resisted|p1b: Tyranitar|1
|-damage|p1b: Tyranitar|93/100
|-resisted|p1b: Tyranitar|1
|-damage|p1b: Tyranitar|86/100
|-hitcount|p1b: Tyranitar|2
|move|p2b: Charizard|Solar Beam||[still]
|-prepare|p2b: Charizard|Solar Beam
|-anim|p2b: Charizard|Solar Beam|p1a: Steelix
|-activate|p1a: Steelix|move: Protect
|
|-weather|SunnyDay|[upkeep]
|upkeep
|turn|2
|inactive|yazz96 has 30 seconds left.
|inactive|jomivgc has 30 seconds left.
|inactive|yazz96 has 20 seconds left.
|inactive|jomivgc has 20 seconds left.
|inactive|yazz96 has 15 seconds left.
|inactive|jomivgc has 15 seconds left.
|inactive|yazz96 has 10 seconds left.
|
|t:|1784595559
|switch|p2a: Incineroar|Incineroar, L50, M|100/100
|-ability|p2a: Incineroar|Intimidate|boost
|-unboost|p1a: Steelix|atk|1
|-unboost|p1b: Tyranitar|atk|1
|detailschange|p1b: Tyranitar|Tyranitar-Mega, L50, M
|-mega|p1b: Tyranitar|Tyranitar|Tyranitarite
|-weather|Sandstorm|[from] ability: Sand Stream|[of] p1b: Tyranitar
|move|p2b: Charizard|Protect|p2b: Charizard
|-singleturn|p2b: Charizard|Protect
|move|p1b: Tyranitar|Rock Blast|p2b: Charizard
|-activate|p2b: Charizard|move: Protect
|move|p1a: Steelix|Heavy Slam|p2a: Incineroar
|-resisted|p2a: Incineroar|1
|-damage|p2a: Incineroar|91/100
|
|-weather|Sandstorm|[upkeep]
|-damage|p2b: Charizard|93/100|[from] Sandstorm
|-damage|p2a: Incineroar|85/100|[from] Sandstorm
|upkeep
|turn|3
|inactive|jomivgc has 30 seconds left.
|inactive|jomivgc has 20 seconds left.
|
|t:|1784595599
|switch|p2b: Sylveon|Sylveon, L50, M|100/100
|switch|p1a: Farigiraf|Farigiraf, L50, M|100/100
|move|p1b: Tyranitar|Rock Blast|p2b: Sylveon
|-damage|p2b: Sylveon|85/100
|-damage|p2b: Sylveon|72/100
|-damage|p2b: Sylveon|57/100
|-damage|p2b: Sylveon|42/100
|-hitcount|p2b: Sylveon|4
|move|p2a: Incineroar|Parting Shot|p1b: Tyranitar
|-unboost|p1b: Tyranitar|atk|1
|-unboost|p1b: Tyranitar|spa|1
|
|t:|1784595616
|switch|p2a: Charizard|Charizard-Mega-Y, L50, M|93/100|[from] Parting Shot
|-weather|SunnyDay|[from] ability: Drought|[of] p2a: Charizard
|
|-weather|SunnyDay|[upkeep]
|upkeep
|turn|4
|inactive|yazz96 has 30 seconds left.
|
|t:|1784595649
|switch|p1b: Steelix|Steelix, L50, M|100/100
|move|p2a: Charizard|Weather Ball|p1a: Farigiraf
|-damage|p1a: Farigiraf|21/100
|-enditem|p1a: Farigiraf|Sitrus Berry|[eat]
|-heal|p1a: Farigiraf|46/100|[from] item: Sitrus Berry
|move|p2b: Sylveon|Hyper Voice|p1b: Steelix|[spread] p1a,p1b
|-resisted|p1b: Steelix|1
|-damage|p1a: Farigiraf|0 fnt
|-damage|p1b: Steelix|74/100
|faint|p1a: Farigiraf
|
|-weather|SunnyDay|[upkeep]
|upkeep
|
|t:|1784595667
|switch|p1a: Annihilape|Annihilape, L50, M|100/100
|turn|5
|
|t:|1784595676
|switch|p1b: Tyranitar|Tyranitar-Mega, L50, M|86/100
|-weather|Sandstorm|[from] ability: Sand Stream|[of] p1b: Tyranitar
|move|p1a: Annihilape|Gunk Shot|p2b: Sylveon
|-supereffective|p2b: Sylveon|1
|-damage|p2b: Sylveon|0 fnt
|faint|p2b: Sylveon
|-damage|p1a: Annihilape|90/100|[from] item: Life Orb
|move|p2a: Charizard|Heat Wave|p1b: Tyranitar|[spread] p1a,p1b
|-resisted|p1b: Tyranitar|1
|-damage|p1a: Annihilape|51/100
|-damage|p1b: Tyranitar|77/100
|-status|p1b: Tyranitar|brn
|
|-weather|Sandstorm|[upkeep]
|-damage|p1a: Annihilape|45/100|[from] Sandstorm
|-damage|p2a: Charizard|87/100|[from] Sandstorm
|-damage|p1b: Tyranitar|71/100 brn|[from] brn
|upkeep
|
|t:|1784595693
|switch|p2b: Incineroar|Incineroar, L50, M|85/100
|-ability|p2b: Incineroar|Intimidate|boost
|-unboost|p1a: Annihilape|atk|1
|-ability|p1a: Annihilape|Defiant|boost
|-boost|p1a: Annihilape|atk|2
|-unboost|p1b: Tyranitar|atk|1
|turn|6
|inactive|yazz96 has 30 seconds left.
|
|t:|1784595726
|switch|p2a: Aerodactyl|Aerodactyl, L50, M|100/100
|-ability|p2a: Aerodactyl|Unnerve
|move|p1b: Tyranitar|Protect|p1b: Tyranitar
|-singleturn|p1b: Tyranitar|Protect
|move|p2b: Incineroar|Fake Out|p1b: Tyranitar
|-activate|p1b: Tyranitar|move: Protect
|move|p1a: Annihilape|Close Combat|p2b: Incineroar
|-supereffective|p2b: Incineroar|1
|-damage|p2b: Incineroar|0 fnt
|-unboost|p1a: Annihilape|def|1
|-unboost|p1a: Annihilape|spd|1
|faint|p2b: Incineroar
|-damage|p1a: Annihilape|35/100|[from] item: Life Orb
|
|-weather|Sandstorm|[upkeep]
|-damage|p1a: Annihilape|29/100|[from] Sandstorm
|-damage|p1b: Tyranitar|65/100 brn|[from] brn
|upkeep
|
|t:|1784595738
|switch|p2b: Charizard|Charizard-Mega-Y, L50, M|87/100
|-weather|SunnyDay|[from] ability: Drought|[of] p2b: Charizard
|turn|7
|inactive|jomivgc has 30 seconds left.
|
|t:|1784595765
|switch|p1b: Steelix|Steelix, L50, M|74/100
|move|p2a: Aerodactyl|Tailwind|p2a: Aerodactyl
|-sidestart|p2: jomivgc|move: Tailwind
|move|p2b: Charizard|Solar Beam||[still]
|-prepare|p2b: Charizard|Solar Beam
|-anim|p2b: Charizard|Solar Beam|p1b: Steelix
|-damage|p1b: Steelix|26/100
|move|p1a: Annihilape|Rage Fist|p2b: Charizard
|-damage|p2b: Charizard|0 fnt
|faint|p2b: Charizard
|-damage|p1a: Annihilape|19/100|[from] item: Life Orb
|
|-weather|SunnyDay|[upkeep]
|upkeep
|turn|8
|inactive|yazz96 has 30 seconds left.
|
|t:|1784595794
|move|p2a: Aerodactyl|Rock Slide|p1b: Steelix|[spread] p1a,p1b
|-resisted|p1a: Annihilape|1
|-resisted|p1b: Steelix|2
|-damage|p1a: Annihilape|0 fnt
|-damage|p1b: Steelix|23/100
|faint|p1a: Annihilape
|move|p1b: Steelix|Heavy Slam|p2a: Aerodactyl
|-supereffective|p2a: Aerodactyl|1
|-damage|p2a: Aerodactyl|0 fnt
|faint|p2a: Aerodactyl
|
|win|yazz96
