|j|☆luisitocrakk
|j|☆Doomnik
|html|luisitocrakkDoomnik    
|uhtml|bestof|Game 3 of a best-of-3
|t:|1782247744
|gametype|doubles
|player|p1|luisitocrakk|102|1121
|player|p2|Doomnik|volkner|1127
|gen|9
|tier|[Gen 9 Champions] VGC 2026 Reg M-B (Bo3)
|rated|
|rule|Species Clause: Limit one of each Pokémon
|rule|Item Clause: Limit 1 of each item
|clearpoke
|poke|p1|Staraptor, L50, F|
|poke|p1|Gholdengo, L50|
|poke|p1|Blaziken, L50, M|
|poke|p1|Whimsicott, L50, M|
|poke|p1|Grimmsnarl, L50, M|
|poke|p1|Garchomp, L50, M|
|poke|p2|Sinistcha, L50|
|poke|p2|Incineroar, L50, M|
|poke|p2|Milotic, L50, M|
|poke|p2|Raichu, L50, F|
|poke|p2|Floette-Eternal, L50, F|
|poke|p2|Ceruledge, L50, M|
|teampreview|4
|showteam|p1|Staraptor||Staraptite|Intimidate|BraveBird,CloseCombat,Protect,Roost|Jolly||F|||50|]Gholdengo||LifeOrb|GoodasGold|ShadowBall,MakeItRain,NastyPlot,Protect|Timid|||||50|]Blaziken||Blazikenite|Blaze|CloseCombat,FlareBlitz,Protect,SwordsDance|Adamant||M|||50|]Whimsicott||FocusSash|Prankster|Moonblast,Tailwind,Charm,Tickle|Timid||M|||50|]Grimmsnarl||LightClay|Prankster|FoulPlay,Reflect,LightScreen,PartingShot|Careful||M|||50|]Garchomp||ChoiceScarf|RoughSkin|Earthquake,StompingTantrum,DragonClaw,RockTomb|Adamant||M|||50|
|showteam|p2|Sinistcha||KasibBerry|Hospitality|MatchaGotcha,LifeDew,RagePowder,Protect|Relaxed|||||50|]Incineroar||SitrusBerry|Intimidate|FlareBlitz,ThroatChop,FakeOut,PartingShot|Impish||M|||50|]Milotic||Leftovers|Competitive|MuddyWater,Coil,Hypnosis,Protect|Calm||M|||50|]Raichu||RaichuniteY|LightningRod|ZapCannon,FocusBlast,FakeOut,Protect|Timid||F|||50|]Floette-Eternal||Floettite|FlowerVeil|DazzlingGleam,DrainingKiss,CalmMind,Protect|Timid||F|||50|]Ceruledge||ColburBerry|FlashFire|BitterBlade,ShadowSneak,BulkUp,Protect|Adamant||M|||50|
|inactive|Battle timer is ON: inactive players will automatically lose when time's up. (requested by Doomnik)
|inactive|luisitocrakk has 60 seconds left.
|
|t:|1782247787
|teamsize|p1|4
|teamsize|p2|4
|start
|switch|p1a: Blaziken|Blaziken, L50, M|100/100
|switch|p1b: Gholdengo|Gholdengo, L50|100/100
|switch|p2a: Incineroar|Incineroar, L50, M|100/100
|switch|p2b: Ceruledge|Ceruledge, L50, M|100/100
|-ability|p2a: Incineroar|Intimidate|boost
|-unboost|p1a: Blaziken|atk|1
|-unboost|p1b: Gholdengo|atk|1
|turn|1
|inactive|luisitocrakk has 30 seconds left.
|
|t:|1782247816
|switch|p1b: Garchomp|Garchomp, L50, M|100/100
|detailschange|p1a: Blaziken|Blaziken-Mega, L50, M
|-mega|p1a: Blaziken|Blaziken|Blazikenite
|move|p2a: Incineroar|Fake Out|p1a: Blaziken
|-damage|p1a: Blaziken|84/100
|cant|p1a: Blaziken|flinch
|move|p2b: Ceruledge|Bitter Blade|p1b: Garchomp
|-resisted|p1b: Garchomp|1
|-damage|p1b: Garchomp|76/100
|-damage|p2b: Ceruledge|87/100|[from] ability: Rough Skin|[of] p1b: Garchomp
|
|-ability|p1a: Blaziken|Speed Boost|boost
|-boost|p1a: Blaziken|spe|1
|upkeep
|turn|2
|
|t:|1782247839
|switch|p2a: Sinistcha|Sinistcha, L50|100/100
|-heal|p2b: Ceruledge|100/100|[from] ability: Hospitality|[of] p2a: Sinistcha
|move|p2b: Ceruledge|Protect|p2b: Ceruledge
|-singleturn|p2b: Ceruledge|Protect
|move|p1b: Garchomp|Stomping Tantrum|p2b: Ceruledge
|-activate|p2b: Ceruledge|move: Protect
|move|p1a: Blaziken|Close Combat|p2a: Sinistcha
|-immune|p2a: Sinistcha
|
|-ability|p1a: Blaziken|Speed Boost|boost
|-boost|p1a: Blaziken|spe|1
|upkeep
|turn|3
|
|t:|1782247855
|switch|p2a: Incineroar|Incineroar, L50, M|100/100
|-ability|p2a: Incineroar|Intimidate|boost
|-unboost|p1a: Blaziken|atk|1
|-unboost|p1b: Garchomp|atk|1
|move|p1a: Blaziken|Swords Dance|p1a: Blaziken
|-boost|p1a: Blaziken|atk|2
|move|p1b: Garchomp|Stomping Tantrum|p2b: Ceruledge
|-supereffective|p2b: Ceruledge|1
|-damage|p2b: Ceruledge|40/100
|move|p2b: Ceruledge|Bulk Up|p2b: Ceruledge
|-boost|p2b: Ceruledge|atk|1
|-boost|p2b: Ceruledge|def|1
|
|-ability|p1a: Blaziken|Speed Boost|boost
|-boost|p1a: Blaziken|spe|1
|upkeep
|turn|4
|
|t:|1782247875
|switch|p2a: Sinistcha|Sinistcha, L50|100/100
|-heal|p2b: Ceruledge|65/100|[from] ability: Hospitality|[of] p2a: Sinistcha
|move|p1a: Blaziken|Close Combat|p2a: Sinistcha
|-immune|p2a: Sinistcha
|move|p1b: Garchomp|Stomping Tantrum|p2b: Ceruledge
|-supereffective|p2b: Ceruledge|1
|-damage|p2b: Ceruledge|25/100
|move|p2b: Ceruledge|Bitter Blade|p1b: Garchomp
|-resisted|p1b: Garchomp|1
|-damage|p1b: Garchomp|39/100
|-heal|p2b: Ceruledge|44/100|[from] drain|[of] p1b: Garchomp
|-damage|p2b: Ceruledge|32/100|[from] ability: Rough Skin|[of] p1b: Garchomp
|
|-ability|p1a: Blaziken|Speed Boost|boost
|-boost|p1a: Blaziken|spe|1
|upkeep
|turn|5
|inactive|Doomnik has 30 seconds left.
|inactive|Doomnik has 20 seconds left.
|inactive|Doomnik has 15 seconds left.
|
|t:|1782247915
|switch|p2a: Incineroar|Incineroar, L50, M|100/100
|-ability|p2a: Incineroar|Intimidate|boost
|-unboost|p1a: Blaziken|atk|1
|-unboost|p1b: Garchomp|atk|1
|move|p1a: Blaziken|Flare Blitz|p2a: Incineroar
|-resisted|p2a: Incineroar|1
|-damage|p2a: Incineroar|81/100
|-damage|p1a: Blaziken|77/100|[from] Recoil
|move|p1b: Garchomp|Stomping Tantrum|p2b: Ceruledge
|-supereffective|p2b: Ceruledge|1
|-damage|p2b: Ceruledge|1/100
|move|p2b: Ceruledge|Bitter Blade|p1b: Garchomp
|-resisted|p1b: Garchomp|1
|-damage|p1b: Garchomp|2/100
|-heal|p2b: Ceruledge|20/100y|[from] drain|[of] p1b: Garchomp
|-damage|p2b: Ceruledge|8/100|[from] ability: Rough Skin|[of] p1b: Garchomp
|
|-ability|p1a: Blaziken|Speed Boost|boost
|-boost|p1a: Blaziken|spe|1
|upkeep
|turn|6
|inactive|Doomnik has 30 seconds left.
|
|t:|1782247941
|move|p2a: Incineroar|Fake Out|p1b: Garchomp
|-damage|p1b: Garchomp|0 fnt
|-damage|p2a: Incineroar|69/100|[from] ability: Rough Skin|[of] p1b: Garchomp
|faint|p1b: Garchomp
|move|p1a: Blaziken|Close Combat|p2a: Incineroar
|-supereffective|p2a: Incineroar|1
|-damage|p2a: Incineroar|0 fnt
|-unboost|p1a: Blaziken|def|1
|-unboost|p1a: Blaziken|spd|1
|faint|p2a: Incineroar
|move|p2b: Ceruledge|Bitter Blade|p1a: Blaziken
|-resisted|p1a: Blaziken|1
|-damage|p1a: Blaziken|7/100
|-heal|p2b: Ceruledge|39/100|[from] drain|[of] p1a: Blaziken
|
|-ability|p1a: Blaziken|Speed Boost|boost
|-boost|p1a: Blaziken|spe|1
|upkeep
|
|t:|1782247958
|switch|p1b: Gholdengo|Gholdengo, L50|100/100
|switch|p2a: Sinistcha|Sinistcha, L50|100/100
|-heal|p2b: Ceruledge|64/100|[from] ability: Hospitality|[of] p2a: Sinistcha
|turn|7
|
|t:|1782247977
|move|p2a: Sinistcha|Rage Powder|p2a: Sinistcha
|-singleturn|p2a: Sinistcha|move: Rage Powder
|move|p1a: Blaziken|Flare Blitz|p2a: Sinistcha
|-supereffective|p2a: Sinistcha|1
|-damage|p2a: Sinistcha|1/100
|-damage|p1a: Blaziken|0 fnt|[from] Recoil
|faint|p1a: Blaziken
|move|p1b: Gholdengo|Shadow Ball|p2a: Sinistcha
|-supereffective|p2a: Sinistcha|1
|-enditem|p2a: Sinistcha|Kasib Berry|[eat]
|-enditem|p2a: Sinistcha|Kasib Berry|[weaken]
|-damage|p2a: Sinistcha|0 fnt
|faint|p2a: Sinistcha
|-damage|p1b: Gholdengo|90/100|[from] item: Life Orb
|move|p2b: Ceruledge|Bitter Blade|p1b: Gholdengo
|-supereffective|p1b: Gholdengo|1
|-damage|p1b: Gholdengo|0 fnt
|-heal|p2b: Ceruledge|100/100|[from] drain|[of] p1b: Gholdengo
|faint|p1b: Gholdengo
|
|upkeep
|-message|luisitocrakk forfeited.
|
|win|Doomnik
|raw|luisitocrakk's rating: 1121 → 1096(-25 for losing)
|raw|Doomnik's rating: 1127 → 1152(+25 for winning)
|l|☆luisitocrakk
|player|p1|
