|j|☆Zipperlyx
|j|☆rojo53
|html|Zipperlyxrojo53    
|uhtml|bestof|Game 2 of a best-of-3
|t:|1782496063
|gametype|doubles
|player|p1|Zipperlyx|acerola|1096
|player|p2|rojo53|adaman|1189
|gen|9
|tier|[Gen 9 Champions] VGC 2026 Reg M-B (Bo3)
|rated|
|rule|Species Clause: Limit one of each Pokémon
|rule|Item Clause: Limit 1 of each item
|clearpoke
|poke|p1|Incineroar, L50, F|
|poke|p1|Torkoal, L50, M|
|poke|p1|Farigiraf, L50, F|
|poke|p1|Mawile, L50, M|
|poke|p1|Basculegion, L50, M|
|poke|p1|Kingambit, L50, M|
|poke|p2|Delphox, L50, F|
|poke|p2|Garchomp, L50, F|
|poke|p2|Eelektross, L50, F|
|poke|p2|Gardevoir, L50, F|
|poke|p2|Tsareena, L50, F|
|poke|p2|Sneasler, L50, M|
|teampreview|4
|showteam|p1|Incineroar||SitrusBerry|Intimidate|FakeOut,PartingShot,FlareBlitz,ThroatChop|Adamant||F|||50|]Torkoal||Charcoal|Drought|Eruption,WeatherBall,EarthPower,Protect|Quiet||M|||50|]Farigiraf||ColburBerry|ArmorTail|TrickRoom,Psychic,Thunderbolt,Protect|Relaxed||F|||50|]Mawile||Mawilite|HyperCutter|IronHead,PlayRough,SuckerPunch,Protect|Brave||M|||50|]Basculegion||FocusSash|SwiftSwim|Liquidation,LastRespects,AquaJet,Protect|Adamant||M|||50|]Kingambit||LifeOrb|Defiant|SuckerPunch,KowtowCleave,Protect,IronHead|Adamant||M|||50|
|showteam|p2|Delphox||Delphoxite|Blaze|HeatWave,Psychic,DazzlingGleam,Protect|Timid||F|||50|]Garchomp||LifeOrb|RoughSkin|DragonClaw,Earthquake,RockSlide,Protect|Jolly||F|||50|]Eelektross||Eelektrossite|Levitate|Discharge,DragonPulse,Protect,RockSlide|Quiet||F|||50|]Gardevoir||ChoiceScarf|Telepathy|Psychic,Moonblast,IcyWind,EnergyBall|Timid||F|||50|]Tsareena||WideLens|QueenlyMajesty|TripleAxel,PowerWhip,Protect,Uturn|Adamant||F|||50|]Sneasler||FocusSash|Unburden|CloseCombat,DireClaw,FakeOut,Protect|Adamant||M|||50|
|inactive|Battle timer is ON: inactive players will automatically lose when time's up. (requested by Zipperlyx)
|inactive|rojo53 has 60 seconds left.
|
|t:|1782496095
|teamsize|p1|4
|teamsize|p2|4
|start
|switch|p1a: Incineroar|Incineroar, L50, F|100/100
|switch|p1b: Farigiraf|Farigiraf, L50, F|100/100
|switch|p2a: Gardevoir|Gardevoir, L50, F|100/100
|switch|p2b: Tsareena|Tsareena, L50, F|100/100
|-ability|p1a: Incineroar|Intimidate|boost
|-unboost|p2a: Gardevoir|atk|1
|-unboost|p2b: Tsareena|atk|1
|turn|1
|
|t:|1782496114
|move|p2a: Gardevoir|Moonblast|p1b: Farigiraf
|-damage|p1b: Farigiraf|55/100
|move|p2b: Tsareena|U-turn|p1b: Farigiraf
|-supereffective|p1b: Farigiraf|1
|-damage|p1b: Farigiraf|30/100
|
|t:|1782496122
|switch|p2b: Garchomp|Garchomp, L50, F|100/100|[from] U-turn
|move|p1a: Incineroar|Parting Shot|p2a: Gardevoir
|-unboost|p2a: Gardevoir|atk|1
|-unboost|p2a: Gardevoir|spa|1
|
|t:|1782496127
|switch|p1a: Mawile|Mawile, L50, M|100/100|[from] Parting Shot
|move|p1b: Farigiraf|Trick Room|p1b: Farigiraf
|-fieldstart|move: Trick Room|[of] p1b: Farigiraf
|
|upkeep
|turn|2
|
|t:|1782496138
|switch|p1b: Torkoal|Torkoal, L50, M|100/100
|-weather|SunnyDay|[from] ability: Drought|[of] p1b: Torkoal
|detailschange|p1a: Mawile|Mawile-Mega, L50, M
|-mega|p1a: Mawile|Mawile|Mawilite
|move|p2b: Garchomp|Protect|p2b: Garchomp
|-singleturn|p2b: Garchomp|Protect
|move|p1a: Mawile|Play Rough|p2b: Garchomp
|-activate|p2b: Garchomp|move: Protect
|move|p2a: Gardevoir|Moonblast|p1b: Torkoal
|-resisted|p1b: Torkoal|1
|-damage|p1b: Torkoal|77/100
|
|-weather|SunnyDay|[upkeep]
|upkeep
|turn|3
|
|t:|1782496158
|switch|p2b: Tsareena|Tsareena, L50, F|100/100
|move|p1b: Torkoal|Eruption|p2a: Gardevoir|[spread] p2a,p2b
|-supereffective|p2b: Tsareena|1
|-damage|p2a: Gardevoir|24/100
|-damage|p2b: Tsareena|0 fnt
|faint|p2b: Tsareena
|move|p1a: Mawile|Play Rough|p2a: Gardevoir|[miss]
|-miss|p1a: Mawile|p2a: Gardevoir
|move|p2a: Gardevoir|Moonblast|p1b: Torkoal
|-resisted|p1b: Torkoal|1
|-damage|p1b: Torkoal|58/100
|
|-weather|SunnyDay|[upkeep]
|upkeep
|
|t:|1782496165
|switch|p2b: Delphox|Delphox, L50, F|100/100
|turn|4
|inactive|Zipperlyx has 30 seconds left.
|
|t:|1782496194
|detailschange|p2b: Delphox|Delphox-Mega, L50, F
|-mega|p2b: Delphox|Delphox|Delphoxite
|move|p2b: Delphox|Protect|p2b: Delphox
|-singleturn|p2b: Delphox|Protect
|move|p1b: Torkoal|Eruption|p2b: Delphox|[spread] p2a
|-activate|p2b: Delphox|move: Protect
|-damage|p2a: Gardevoir|0 fnt
|faint|p2a: Gardevoir
|move|p1a: Mawile|Play Rough|p2b: Delphox
|-activate|p2b: Delphox|move: Protect
|
|-weather|SunnyDay|[upkeep]
|upkeep
|
|t:|1782496200
|switch|p2a: Garchomp|Garchomp, L50, F|100/100
|turn|5
|
|t:|1782496205
|move|p2b: Delphox|Protect|p2b: Delphox
|-singleturn|p2b: Delphox|Protect
|move|p1b: Torkoal|Eruption|p2b: Delphox|[spread] p2a
|-activate|p2b: Delphox|move: Protect
|-resisted|p2a: Garchomp|1
|-damage|p2a: Garchomp|72/100
|move|p1a: Mawile|Play Rough|p2b: Delphox
|-activate|p2b: Delphox|move: Protect
|move|p2a: Garchomp|Earthquake|p1a: Mawile|[spread] p1a,p1b
|-activate|p2b: Delphox|move: Protect
|-supereffective|p1a: Mawile|1
|-supereffective|p1b: Torkoal|1
|-damage|p1a: Mawile|5/100
|-damage|p1b: Torkoal|0 fnt
|faint|p1b: Torkoal
|-damage|p2a: Garchomp|62/100|[from] item: Life Orb
|
|-weather|SunnyDay|[upkeep]
|-fieldend|move: Trick Room
|upkeep
|
|t:|1782496212
|switch|p1b: Incineroar|Incineroar, L50, F|100/100
|-ability|p1b: Incineroar|Intimidate|boost
|-unboost|p2a: Garchomp|atk|1
|-unboost|p2b: Delphox|atk|1
|turn|6
|
|t:|1782496225
|move|p1b: Incineroar|Fake Out|p2a: Garchomp
|-damage|p2a: Garchomp|50/100g
|-damage|p1b: Incineroar|87/100|[from] ability: Rough Skin|[of] p2a: Garchomp
|move|p1a: Mawile|Sucker Punch|p2b: Delphox
|-supereffective|p2b: Delphox|1
|-damage|p2b: Delphox|0 fnt
|faint|p2b: Delphox
|cant|p2a: Garchomp|flinch
|
|-weather|none
|upkeep
|turn|7
|
|t:|1782496238
|move|p1a: Mawile|Sucker Punch|p2a: Garchomp
|-damage|p2a: Garchomp|8/100
|-damage|p1a: Mawile|0 fnt|[from] ability: Rough Skin|[of] p2a: Garchomp
|faint|p1a: Mawile
|move|p2a: Garchomp|Earthquake|p1b: Incineroar
|-supereffective|p1b: Incineroar|1
|-damage|p1b: Incineroar|8/100
|-enditem|p1b: Incineroar|Sitrus Berry|[eat]
|-heal|p1b: Incineroar|33/100|[from] item: Sitrus Berry
|-damage|p2a: Garchomp|0 fnt|[from] item: Life Orb
|faint|p2a: Garchomp
|
|win|Zipperlyx
|raw|Zipperlyx's rating: 1096 → 1128(+32 for winning)
|raw|rojo53's rating: 1189 → 1157(-32 for losing)
|c|☆Zipperlyx|ggs
|c|☆rojo53|gg
