|j|☆Maskwolf
|j|☆Saga_57
|html|MaskwolfSaga_57    
|uhtml|bestof|Game 1 of a best-of-3
|t:|1786070247
|gametype|doubles
|player|p1|Maskwolf|169|
|player|p2|Saga_57|lucas|
|gen|9
|tier|[Gen 9 Champions] VGC 2026 Reg M-B (Bo3)
|rule|Species Clause: Limit one of each Pokémon
|rule|Item Clause: Limit 1 of each item
|clearpoke
|poke|p1|Venusaur, L50, M|
|poke|p1|Charizard, L50, M|
|poke|p1|Grimmsnarl, L50, M|
|poke|p1|Archaludon, L50, F|
|poke|p1|Basculegion, L50, M|
|poke|p1|Pelipper, L50, F|
|poke|p2|Ampharos, L50, F|
|poke|p2|Runerigus, L50, M|
|poke|p2|Pelipper, L50, M|
|poke|p2|Araquanid, L50, F|
|poke|p2|Hydreigon, L50, M|
|poke|p2|Metagross, L50|
|teampreview|4
|showteam|p1|Venusaur||FocusSash|Chlorophyll|SludgeBomb,EarthPower,SleepPowder,Protect|Modest||M|||50|]Charizard||CharizarditeY|Blaze|Protect,HeatWave,SolarBeam,WeatherBall|Modest||M|||50|]Grimmsnarl||LightClay|Prankster|SpiritBreak,LightScreen,Reflect,PartingShot|Sassy||M|||50|]Archaludon||Leftovers|Stamina|ElectroShot,DragonPulse,FlashCannon,Protect|Calm||F|||50|]Basculegion||ChoiceScarf|Adaptability|WaveCrash,LastRespects,AquaJet,FlipTurn|Jolly||M|||50|]Pelipper||SitrusBerry|Drizzle|Hurricane,WeatherBall,Tailwind,WideGuard|Modest||F|||50|
|showteam|p2|Ampharos||Ampharosite|Static|Thunderbolt,DragonPulse,ParabolicCharge,Protect|Quiet||F|||50|]Runerigus||PasshoBerry|WanderingSpirit|BodyPress,FakeTears,AllySwitch,TrickRoom|Relaxed||M|||50|]Pelipper||FocusSash|Drizzle|Hurricane,WeatherBall,Tailwind,Protect|Modest||M|||50|]Araquanid||SitrusBerry|WaterBubble|Liquidation,Soak,WideGuard,Protect|Brave||F|||50|]Hydreigon||ChoiceScarf|Levitate|DarkPulse,DracoMeteor,Flamethrower,Snarl|Modest||M|||50|]Metagross||Metagrossite|ClearBody|IronHead,BodyPress,BulletPunch,Protect|Jolly|||||50|
|l|☆Maskwolf
|player|p1|
|j|☆Maskwolf
|player|p1|Maskwolf|169|
|inactive|Battle timer is ON: inactive players will automatically lose when time's up. (requested by Saga_57)
|
|t:|1786070328
|teamsize|p1|4
|teamsize|p2|4
|start
|switch|p1a: Pelipper|Pelipper, L50, F|100/100
|switch|p1b: Venusaur|Venusaur, L50, M|100/100
|switch|p2a: Runerigus|Runerigus, L50, M|100/100
|switch|p2b: Metagross|Metagross, L50|100/100
|-weather|RainDance|[from] ability: Drizzle|[of] p1a: Pelipper
|turn|1
|
|t:|1786070349
|switch|p2b: Ampharos|Ampharos, L50, F|100/100
|move|p1b: Venusaur|Protect|p1b: Venusaur
|-singleturn|p1b: Venusaur|Protect
|move|p1a: Pelipper|Weather Ball|p2a: Runerigus
|-supereffective|p2a: Runerigus|1
|-enditem|p2a: Runerigus|Passho Berry|[eat]
|-enditem|p2a: Runerigus|Passho Berry|[weaken]
|-damage|p2a: Runerigus|43/100
|move|p2a: Runerigus|Trick Room|p2a: Runerigus
|-fieldstart|move: Trick Room|[of] p2a: Runerigus
|
|-weather|RainDance|[upkeep]
|upkeep
|turn|2
|inactive|Maskwolf has 30 seconds left.
|inactive|Maskwolf has 20 seconds left.
|
|t:|1786070388
|switch|p1a: Grimmsnarl|Grimmsnarl, L50, M|100/100
|detailschange|p2b: Ampharos|Ampharos-Mega, L50, F
|-mega|p2b: Ampharos|Ampharos|Ampharosite
|-ability|p2b: Ampharos|Mold Breaker
|move|p2a: Runerigus|Fake Tears|p1a: Grimmsnarl
|-unboost|p1a: Grimmsnarl|spd|2
|move|p2b: Ampharos|Parabolic Charge|p1a: Grimmsnarl|[spread] p1a,p1b
|-immune|p2a: Runerigus
|-resisted|p1b: Venusaur|1
|-damage|p1a: Grimmsnarl|37/100
|-damage|p1b: Venusaur|82/100
|move|p1b: Venusaur|Sleep Powder|p2b: Ampharos
|-status|p2b: Ampharos|slp|[from] move: Sleep Powder
|
|-weather|RainDance|[upkeep]
|upkeep
|turn|3
|inactive|Maskwolf has 30 seconds left.
|inactive|Saga_57 has 30 seconds left.
|inactive|Maskwolf has 20 seconds left.
|inactive|Maskwolf has 15 seconds left.
|
|t:|1786070432
|switch|p2a: Metagross|Metagross, L50|100/100
|move|p1a: Grimmsnarl|Parting Shot|p2b: Ampharos
|-unboost|p2b: Ampharos|atk|1
|-unboost|p2b: Ampharos|spa|1
|
|t:|1786070438
|switch|p1a: Pelipper|Pelipper, L50, F|100/100|[from] Parting Shot
|cant|p2b: Ampharos|slp
|move|p1b: Venusaur|Earth Power|p2b: Ampharos
|-supereffective|p2b: Ampharos|1
|-damage|p2b: Ampharos|55/100 slp
|-unboost|p2b: Ampharos|spd|1
|
|-weather|RainDance|[upkeep]
|upkeep
|turn|4
|inactive|Maskwolf has 30 seconds left.
|inactive|Saga_57 has 30 seconds left.
|
|t:|1786070465
|cant|p2b: Ampharos|slp
|move|p1a: Pelipper|Weather Ball|p2a: Metagross
|-damage|p2a: Metagross|24/100
|move|p1b: Venusaur|Earth Power|p2b: Ampharos
|-supereffective|p2b: Ampharos|1
|-damage|p2b: Ampharos|0 fnt
|faint|p2b: Ampharos
|move|p2a: Metagross|Iron Head|p1a: Pelipper
|-resisted|p1a: Pelipper|1
|-damage|p1a: Pelipper|78/100
|
|-weather|RainDance|[upkeep]
|upkeep
|
|t:|1786070476
|switch|p2b: Araquanid|Araquanid, L50, F|100/100
|turn|5
|
|t:|1786070498
|move|p2b: Araquanid|Liquidation|p1b: Venusaur
|-resisted|p1b: Venusaur|1
|-damage|p1b: Venusaur|16/100
|move|p1a: Pelipper|Hurricane|p2b: Araquanid
|-supereffective|p2b: Araquanid|1
|-damage|p2b: Araquanid|16/100
|-enditem|p2b: Araquanid|Sitrus Berry|[eat]
|-heal|p2b: Araquanid|41/100|[from] item: Sitrus Berry
|move|p1b: Venusaur|Earth Power|p2a: Metagross
|-supereffective|p2a: Metagross|1
|-damage|p2a: Metagross|0 fnt
|faint|p2a: Metagross
|
|-weather|none
|-fieldend|move: Trick Room
|upkeep
|
|t:|1786070509
|switch|p2a: Runerigus|Runerigus, L50, M|43/100
|turn|6
|inactive|Maskwolf has 30 seconds left.
|inactive|Maskwolf has 20 seconds left.
|inactive|Maskwolf has 15 seconds left.
|inactive|Maskwolf has 10 seconds left.
|inactive|Maskwolf has 5 seconds left.
|
|t:|1786070564
|move|p1b: Venusaur|Sludge Bomb|p2a: Runerigus
|-resisted|p2a: Runerigus|2
|-damage|p2a: Runerigus|33/100
|move|p1a: Pelipper|Hurricane|p2b: Araquanid
|-supereffective|p2b: Araquanid|1
|-damage|p2b: Araquanid|0 fnt
|faint|p2b: Araquanid
|move|p2a: Runerigus|Body Press|p1b: Venusaur
|-resisted|p1b: Venusaur|1
|-damage|p1b: Venusaur|0 fnt
|faint|p1b: Venusaur
|
|upkeep
|
|t:|1786070576
|switch|p1b: Grimmsnarl|Grimmsnarl, L50, M|37/100
|turn|7
|
|t:|1786070588
|switch|p1a: Charizard|Charizard, L50, M|100/100
|move|p1b: Grimmsnarl|Reflect|p1b: Grimmsnarl
|-sidestart|p1: Maskwolf|Reflect
|move|p2a: Runerigus|Body Press|p1b: Grimmsnarl
|-damage|p1b: Grimmsnarl|15/100
|
|upkeep
|turn|8
|
|t:|1786070607
|move|p1b: Grimmsnarl|Parting Shot|p2a: Runerigus
|-unboost|p2a: Runerigus|atk|1
|-unboost|p2a: Runerigus|spa|1
|
|t:|1786070614
|switch|p1b: Pelipper|Pelipper, L50, F|78/100|[from] Parting Shot
|-weather|RainDance|[from] ability: Drizzle|[of] p1b: Pelipper
|move|p1a: Charizard|Solar Beam||[still]
|-prepare|p1a: Charizard|Solar Beam
|move|p2a: Runerigus|Body Press|p1b: Pelipper
|-resisted|p1b: Pelipper|1
|-damage|p1b: Pelipper|68/100
|
|-weather|RainDance|[upkeep]
|upkeep
|turn|9
|
|t:|1786070628
|move|p2a: Runerigus|Ally Switch||[still]
|-fail|p2a: Runerigus|move: Ally Switch
|move|p1a: Charizard|Solar Beam|p2a: Runerigus|[from] lockedmove
|-supereffective|p2a: Runerigus|1
|-damage|p2a: Runerigus|0 fnt
|faint|p2a: Runerigus
|
|win|Maskwolf
||Saga_57 is ready for game 2.
|inactive|Maskwolf has 30 seconds to confirm battle start!
|l|☆Maskwolf
|player|p1|
|inactive|Maskwolf has 20 seconds to confirm battle start!
|j|☆Maskwolf
|player|p1|Maskwolf|169|
|inactive|Maskwolf has 10 seconds to confirm battle start!
|uhtml|next|Next: Game 2 of 3
|l|☆Maskwolf
|player|p1|
