|j|☆BobbySamuel
|j|☆DrXJ13
|html|BobbySamuelDrXJ13    
|uhtml|bestof|Game 1 of a best-of-3
|t:|1756978635
|gametype|doubles
|player|p1|BobbySamuel|benga|1118
|player|p2|DrXJ13|102|1131
|gen|9
|tier|[Gen 9] VGC 2025 Reg H (Bo3)
|rated|
|rule|Species Clause: Limit one of each Pokémon
|rule|Item Clause: Limit 1 of each item
|clearpoke
|poke|p1|Politoed, L50, F|
|poke|p1|Gothitelle, L50, F|
|poke|p1|Kingdra, L50, M|
|poke|p1|Archaludon, L50, M|
|poke|p1|Amoonguss, L50, M|
|poke|p1|Incineroar, L50, F|
|poke|p2|Sinistcha, L50|
|poke|p2|Ursaluna-Bloodmoon, L50, M|
|poke|p2|Incineroar, L50, M|
|poke|p2|Sneasler, L50, F|
|poke|p2|Dragonite, L50, F|
|poke|p2|Corviknight, L50, F|
|teampreview|4
|showteam|p1|Politoed||Leftovers|Drizzle|Protect,PerishSong,WeatherBall,Encore|||F|||50|,,,,,Grass]Gothitelle||SitrusBerry|ShadowTag|Protect,FakeOut,Psychic,TrickRoom|||F|||50|,,,,,Dark]Kingdra||LifeOrb|SwiftSwim|Protect,WeatherBall,DracoMeteor,MuddyWater|||M|||50|,,,,,Stellar]Archaludon||PowerHerb|Sturdy|Protect,ElectroShot,DragonPulse,FlashCannon|||M|||50|,,,,,Electric]Amoonguss||EjectButton|Regenerator|Protect,PollenPuff,RagePowder,Spore|||M|||50|,,,,,Fairy]Incineroar||SafetyGoggles|Intimidate|Protect,FakeOut,KnockOff,PartingShot|||F|||50|,,,,,Ghost
|showteam|p2|Sinistcha||RockyHelmet|Hospitality|MatchaGotcha,ShadowBall,TrickRoom,RagePowder||||||50|,,,,,Water]Ursaluna-Bloodmoon||Leftovers|MindsEye|HyperVoice,EarthPower,CalmMind,Protect|||M|||50|,,,,,Dragon]Incineroar||SafetyGoggles|Intimidate|FakeOut,KnockOff,FlareBlitz,PartingShot|||M|||50|,,,,,Ghost]Sneasler||FocusSash|Unburden|Coaching,DireClaw,CloseCombat,Protect|||F|||50|,,,,,Stellar]Dragonite||LoadedDice|Multiscale|ScaleShot,ExtremeSpeed,Haze,Protect|||F|||50|,,,,,Fairy]Corviknight||CovertCloak|MirrorArmor|DualWingbeat,Tailwind,IronHead,Taunt|||F|||50|,,,,,Dragon
|inactive|Battle timer is ON: inactive players will automatically lose when time's up. (requested by DrXJ13)
|inactive|BobbySamuel also wants the timer to be on.
|inactive|BobbySamuel has 60 seconds left.
|inactive|DrXJ13 has 60 seconds left.
|inactive|DrXJ13 has 30 seconds left.
|inactive|BobbySamuel has 30 seconds left.
|inactive|DrXJ13 has 20 seconds left.
|
|t:|1756978709
|teamsize|p1|4
|teamsize|p2|4
|start
|switch|p1a: Kingdra|Kingdra, L50, M, shiny|100/100
|switch|p1b: Gothitelle|Gothitelle, L50, F|100/100
|switch|p2a: Toño|Incineroar, L50, M|100/100
|switch|p2b: Té (en) tazas|Sinistcha, L50|100/100
|-ability|p2a: Toño|Intimidate|boost
|-unboost|p1a: Kingdra|atk|1
|-unboost|p1b: Gothitelle|atk|1
|turn|1
|inactive|BobbySamuel has 30 seconds left.
|inactive|BobbySamuel has 20 seconds left.
|
|t:|1756978747
|switch|p1b: Incineroar|Incineroar, L50, F|100/100
|-ability|p1b: Incineroar|Intimidate|boost
|-unboost|p2a: Toño|atk|1
|-unboost|p2b: Té (en) tazas|atk|1
|move|p1a: Kingdra|Protect|p1a: Kingdra
|-singleturn|p1a: Kingdra|Protect
|move|p2a: Toño|Fake Out|p1a: Kingdra
|-activate|p1a: Kingdra|move: Protect
|move|p2b: Té (en) tazas|Trick Room|p2b: Té (en) tazas
|-fieldstart|move: Trick Room|[of] p2b: Té (en) tazas
|
|upkeep
|turn|2
|inactive|BobbySamuel has 30 seconds left.
|inactive|DrXJ13 has 30 seconds left.
|inactive|BobbySamuel has 20 seconds left.
|inactive|BobbySamuel has 15 seconds left.
|inactive|BobbySamuel has 10 seconds left.
|
|t:|1756978793
|switch|p1a: Politoed|Politoed, L50, F|100/100
|-weather|RainDance|[from] ability: Drizzle|[of] p1a: Politoed
|move|p1b: Incineroar|Knock Off|p2b: Té (en) tazas
|-supereffective|p2b: Té (en) tazas
|-damage|p2b: Té (en) tazas|32/100
|-damage|p1b: Incineroar|84/100|[from] item: Rocky Helmet|[of] p2b: Té (en) tazas
|-enditem|p2b: Té (en) tazas|Rocky Helmet|[from] move: Knock Off|[of] p1b: Incineroar
|move|p2b: Té (en) tazas|Matcha Gotcha|p1b: Incineroar|[spread] p1a,p1b
|-supereffective|p1a: Politoed
|-resisted|p1b: Incineroar
|-damage|p1a: Politoed|64/100
|-heal|p2b: Té (en) tazas|52/100|[from] drain|[of] p1a: Politoed
|-damage|p1b: Incineroar|77/100
|-heal|p2b: Té (en) tazas|57/100|[from] drain|[of] p1b: Incineroar
|move|p2a: Toño|Parting Shot|p1a: Politoed
|-unboost|p1a: Politoed|atk|1
|-unboost|p1a: Politoed|spa|1
|
|t:|1756978810
|switch|p2a: Wellington|Ursaluna-Bloodmoon, L50, M|100/100|[from] Parting Shot
|
|-weather|RainDance|[upkeep]
|-heal|p1a: Politoed|70/100|[from] item: Leftovers
|upkeep
|turn|3
|inactive|BobbySamuel has 30 seconds left.
|inactive|BobbySamuel has 20 seconds left.
|inactive|BobbySamuel has 15 seconds left.
|inactive|BobbySamuel has 10 seconds left.
|inactive|DrXJ13 has 30 seconds left.
|inactive|BobbySamuel has 5 seconds left.
|
|t:|1756978861
|-terastallize|p2a: Wellington|Dragon
|move|p1b: Incineroar|Parting Shot|p2a: Wellington
|-unboost|p2a: Wellington|atk|1
|-unboost|p2a: Wellington|spa|1
|
|t:|1756978867
|switch|p1b: Gothitelle|Gothitelle, L50, F|100/100|[from] Parting Shot
|move|p2b: Té (en) tazas|Matcha Gotcha|p1b: Gothitelle|[spread] p1a
|-miss|p2b: Té (en) tazas|p1b: Gothitelle
|-supereffective|p1a: Politoed
|-damage|p1a: Politoed|32/100
|-heal|p2b: Té (en) tazas|77/100|[from] drain|[of] p1a: Politoed
|move|p2a: Wellington|Earth Power|p1b: Gothitelle
|-damage|p1b: Gothitelle|75/100
|move|p1a: Politoed|Weather Ball|p2a: Wellington
|-resisted|p2a: Wellington
|-damage|p2a: Wellington|86/100
|
|-weather|RainDance|[upkeep]
|-heal|p2a: Wellington|92/100|[from] item: Leftovers
|-heal|p1a: Politoed|39/100|[from] item: Leftovers
|upkeep
|turn|4
|inactive|BobbySamuel has 30 seconds left.
|
|t:|1756978898
|move|p1b: Gothitelle|Fake Out|p2a: Wellington
|-damage|p2a: Wellington|88/100
|move|p2b: Té (en) tazas|Matcha Gotcha|p1b: Gothitelle|[spread] p1a,p1b
|-supereffective|p1a: Politoed
|-damage|p1a: Politoed|0 fnt
|-heal|p2b: Té (en) tazas|99/100|[from] drain|[of] p1a: Politoed
|-damage|p1b: Gothitelle|58/100
|-heal|p2b: Té (en) tazas|100/100|[from] drain|[of] p1b: Gothitelle
|faint|p1a: Politoed
|cant|p2a: Wellington|flinch
|
|-weather|RainDance|[upkeep]
|-heal|p2a: Wellington|94/100|[from] item: Leftovers
|upkeep
|
|t:|1756978913
|switch|p1a: Incineroar|Incineroar, L50, F|77/100
|-ability|p1a: Incineroar|Intimidate|boost
|-unboost|p2a: Wellington|atk|1
|-unboost|p2b: Té (en) tazas|atk|1
|turn|5
|
|t:|1756978930
|switch|p1b: Kingdra|Kingdra, L50, M, shiny|100/100
|switch|p2b: Toño|Incineroar, L50, M|100/100
|-ability|p2b: Toño|Intimidate|boost
|-unboost|p1a: Incineroar|atk|1
|-unboost|p1b: Kingdra|atk|1
|move|p1a: Incineroar|Fake Out|p2a: Wellington
|-damage|p2a: Wellington|88/100
|cant|p2a: Wellington|flinch
|
|-weather|RainDance|[upkeep]
|-heal|p2a: Wellington|95/100|[from] item: Leftovers
|-fieldend|move: Trick Room
|upkeep
|turn|6
|inactive|BobbySamuel has 30 seconds left.
|
|t:|1756978963
|switch|p2a: Té (en) tazas|Sinistcha, L50|100/100
|move|p1b: Kingdra|Protect|p1b: Kingdra
|-singleturn|p1b: Kingdra|Protect
|move|p2b: Toño|Fake Out|p1b: Kingdra
|-activate|p1b: Kingdra|move: Protect
|move|p1a: Incineroar|Parting Shot|p2a: Té (en) tazas
|-unboost|p2a: Té (en) tazas|atk|1
|-unboost|p2a: Té (en) tazas|spa|1
|
|t:|1756978972
|switch|p1a: Gothitelle|Gothitelle, L50, F|58/100|[from] Parting Shot
|
|-weather|none
|upkeep
|turn|7
|inactive|BobbySamuel has 30 seconds left.
|
|t:|1756979005
|-terastallize|p1b: Kingdra|Stellar
|move|p1a: Gothitelle|Fake Out|p2b: Toño
|-damage|p2b: Toño|95/100
|move|p1b: Kingdra|Draco Meteor|p2a: Té (en) tazas
|-damage|p2a: Té (en) tazas|6/100
|-unboost|p1b: Kingdra|spa|2
|-damage|p1b: Kingdra|91/100|[from] item: Life Orb
|cant|p2b: Toño|flinch
|move|p2a: Té (en) tazas|Trick Room|p2a: Té (en) tazas
|-fieldstart|move: Trick Room|[of] p2a: Té (en) tazas
|
|upkeep
|turn|8
|inactive|DrXJ13 has 30 seconds left.
|inactive|DrXJ13 has 20 seconds left.
|
|t:|1756979043
|switch|p1b: Incineroar|Incineroar, L50, F|77/100
|-ability|p1b: Incineroar|Intimidate|boost
|-unboost|p2a: Té (en) tazas|atk|1
|-unboost|p2b: Toño|atk|1
|move|p2a: Té (en) tazas|Matcha Gotcha|p1b: Incineroar|[spread] p1a,p1b
|-resisted|p1b: Incineroar
|-damage|p1a: Gothitelle|44/100
|-heal|p2a: Té (en) tazas|12/100|[from] drain|[of] p1a: Gothitelle
|-damage|p1b: Incineroar|71/100
|-heal|p2a: Té (en) tazas|16/100|[from] drain|[of] p1b: Incineroar
|-enditem|p1a: Gothitelle|Sitrus Berry|[eat]
|-heal|p1a: Gothitelle|69/100|[from] item: Sitrus Berry
|move|p2b: Toño|Parting Shot|p1a: Gothitelle
|-unboost|p1a: Gothitelle|atk|1
|-unboost|p1a: Gothitelle|spa|1
|
|t:|1756979046
|switch|p2b: Wellington|Ursaluna-Bloodmoon, L50, M, tera:Dragon|95/100|[from] Parting Shot
|move|p1a: Gothitelle|Trick Room|p1a: Gothitelle
|-fieldend|move: Trick Room
|
|-heal|p2b: Wellington|100/100|[from] item: Leftovers
|upkeep
|turn|9
|inactive|BobbySamuel has 30 seconds left.
|inactive|BobbySamuel has 20 seconds left.
|inactive|BobbySamuel has 15 seconds left.
|inactive|BobbySamuel has 10 seconds left.
|inactive|BobbySamuel has 5 seconds left.
|
|t:|1756979098
|switch|p2a: Toño|Incineroar, L50, M|95/100
|-ability|p2a: Toño|Intimidate|boost
|-unboost|p1a: Gothitelle|atk|1
|-unboost|p1b: Incineroar|atk|1
|switch|p1a: Kingdra|Kingdra, L50, M, shiny, tera:Stellar|91/100
|move|p2b: Wellington|Protect|p2b: Wellington
|-singleturn|p2b: Wellington|Protect
|move|p1b: Incineroar|Knock Off|p2a: Toño
|-resisted|p2a: Toño
|-crit|p2a: Toño
|-damage|p2a: Toño|68/100
|-enditem|p2a: Toño|Safety Goggles|[from] move: Knock Off|[of] p1b: Incineroar
|
|upkeep
|turn|10
|inactive|BobbySamuel has 30 seconds left.
|
|t:|1756979131
|move|p2a: Toño|Fake Out|p1a: Kingdra
|-damage|p1a: Kingdra|77/100
|cant|p1a: Kingdra|flinch
|move|p2b: Wellington|Calm Mind|p2b: Wellington
|-boost|p2b: Wellington|spa|1
|-boost|p2b: Wellington|spd|1
|move|p1b: Incineroar|Knock Off|p2b: Wellington
|-damage|p2b: Wellington|81/100
|-enditem|p2b: Wellington|Leftovers|[from] move: Knock Off|[of] p1b: Incineroar
|
|upkeep
|turn|11
|
|t:|1756979147
|move|p1a: Kingdra|Draco Meteor|p2b: Wellington|[miss]
|-miss|p1a: Kingdra|p2b: Wellington
|move|p2a: Toño|Parting Shot|p1a: Kingdra
|-unboost|p1a: Kingdra|atk|1
|-unboost|p1a: Kingdra|spa|1
|
|t:|1756979153
|switch|p2a: Maximiliano|Corviknight, L50, F|100/100|[from] Parting Shot
|move|p2b: Wellington|Hyper Voice|p1a: Kingdra|[spread] p1a,p1b
|-damage|p1a: Kingdra|3/100
|-damage|p1b: Incineroar|36/100
|move|p1b: Incineroar|Parting Shot|p2b: Wellington
|-unboost|p2b: Wellington|atk|1
|-unboost|p2b: Wellington|spa|1
|
|t:|1756979161
|switch|p1b: Gothitelle|Gothitelle, L50, F|69/100|[from] Parting Shot
|
|upkeep
|turn|12
|inactive|BobbySamuel has 30 seconds left.
|
|t:|1756979191
|move|p2b: Wellington|Protect|p2b: Wellington
|-singleturn|p2b: Wellington|Protect
|move|p1b: Gothitelle|Fake Out|p2a: Maximiliano
|-resisted|p2a: Maximiliano
|-damage|p2a: Maximiliano|98/100
|move|p1a: Kingdra|Draco Meteor|p2b: Wellington
|-activate|p2b: Wellington|move: Protect
|move|p2a: Maximiliano|Tailwind|p2a: Maximiliano
|-sidestart|p2: DrXJ13|move: Tailwind
|
|upkeep
|turn|13
|inactive|BobbySamuel has 30 seconds left.
|inactive|BobbySamuel has 20 seconds left.
|
|t:|1756979210
|move|p2a: Maximiliano|Dual Wingbeat|p1b: Gothitelle
|-damage|p1b: Gothitelle|55/100
|-damage|p1b: Gothitelle|40/100
|-hitcount|p1b: Gothitelle|2
|move|p2b: Wellington|Hyper Voice|p1b: Gothitelle|[spread] p1a,p1b
|-damage|p1a: Kingdra|0 fnt
|-damage|p1b: Gothitelle|13/100
|faint|p1a: Kingdra
|move|p1b: Gothitelle|Trick Room|p1b: Gothitelle
|-fieldstart|move: Trick Room|[of] p1b: Gothitelle
|
|upkeep
|inactive|BobbySamuel has 20 seconds left this turn.
|inactive|BobbySamuel has 15 seconds left.
|
|t:|1756979219
|switch|p1a: Incineroar|Incineroar, L50, F|36/100
|-ability|p1a: Incineroar|Intimidate|boost
|-ability|p2a: Maximiliano|Mirror Armor
|-unboost|p1a: Incineroar|atk|1
|-unboost|p2b: Wellington|atk|1
|turn|14
|inactive|BobbySamuel has 15 seconds left this turn.
|inactive|BobbySamuel has 10 seconds left.
|-message|BobbySamuel forfeited.
|
|win|DrXJ13
||DrXJ13 is ready for game 2.
||BobbySamuel is ready for game 2.
|uhtml|next|Next: Game 2 of 3
