|j|☆dr_sugus_vgc
|j|☆catastrozzoliverdi
|html|dr_sugus_vgccatastrozzoliverdi    
|uhtml|bestof|Game 1 of a best-of-3
|t:|1757846269
|gametype|doubles
|player|p1|dr_sugus_vgc|169|1330
|player|p2|catastrozzoliverdi|alder|1391
|gen|9
|tier|[Gen 9] VGC 2025 Reg H (Bo3)
|rated|
|rule|Species Clause: Limit one of each Pokémon
|rule|Item Clause: Limit 1 of each item
|clearpoke
|poke|p1|Dragonite, L50, F|
|poke|p1|Ursaluna-Bloodmoon, L50, M|
|poke|p1|Gholdengo, L50|
|poke|p1|Maushold-Four, L50|
|poke|p1|Annihilape, L50, M|
|poke|p1|Rillaboom, L50, M|
|poke|p2|Garchomp, L50, M|
|poke|p2|Jumpluff, L50, F|
|poke|p2|Torkoal, L50, M|
|poke|p2|Dragonite, L50, M|
|poke|p2|Kingambit, L50, M|
|poke|p2|Typhlosion-Hisui, L50, M|
|teampreview|4
|showteam|p1|Dragonite||LoadedDice|Multiscale|ScaleShot,Tailwind,Haze,Protect|||F|||50|,,,,,Fairy]Ursaluna-Bloodmoon||AssaultVest|MindsEye|BloodMoon,HyperVoice,EarthPower,VacuumWave|||M|||50|,,,,,Water]Gholdengo||LifeOrb|GoodasGold|MakeItRain,ShadowBall,NastyPlot,Protect||||||50|,,,,,Dragon]Maushold-Four||FocusSash|FriendGuard|BeatUp,FollowMe,Taunt,Protect||||||50|,,,,,Ghost]Annihilape||SitrusBerry|Defiant|RageFist,DrainPunch,BulkUp,Protect|||M|||50|,,,,,Fire]Rillaboom||MiracleSeed|GrassySurge|FakeOut,GrassyGlide,WoodHammer,HighHorsepower|||M|||50|,,,,,Fire
|showteam|p2|Garchomp||LifeOrb|RoughSkin|Earthquake,StompingTantrum,DragonClaw,Protect|||M|||50|,,,,,Fairy]Jumpluff||CovertCloak|Chlorophyll|SleepPowder,RagePowder,Encore,Tailwind|||F|||50|,,,,,Ghost]Torkoal||EjectPack|Drought|Overheat,BurningJealousy,HelpingHand,Protect|||M|||50|,,,,,Flying]Dragonite||LoadedDice|Multiscale|ScaleShot,ExtremeSpeed,IceSpinner,Protect|||M|||50|,,,,,Fairy]Kingambit||AssaultVest|Defiant|IronHead,SuckerPunch,Assurance,LowKick|||M|||50|,,,,,Flying]Typhlosion-Hisui||ChoiceSpecs|Blaze|Eruption,ShadowBall,HeatWave,Overheat|||M|||50|,,,,,Fire
|inactive|Battle timer is ON: inactive players will automatically lose when time's up. (requested by catastrozzoliverdi)
|inactive|dr_sugus_vgc has 60 seconds left.
|inactive|dr_sugus_vgc has 30 seconds left.
|
|t:|1757846366
|teamsize|p1|4
|teamsize|p2|4
|start
|switch|p1a: Gholdengo|Gholdengo, L50|100/100
|switch|p1b: Rillaboom|Rillaboom, L50, M|100/100
|switch|p2a: Jumpluff|Jumpluff, L50, F|100/100
|switch|p2b: Torkoal|Torkoal, L50, M|100/100
|-fieldstart|move: Grassy Terrain|[from] ability: Grassy Surge|[of] p1b: Rillaboom
|-weather|SunnyDay|[from] ability: Drought|[of] p2b: Torkoal
|turn|1
|inactive|dr_sugus_vgc has 30 seconds left.
|inactive|catastrozzoliverdi has 30 seconds left.
|
|t:|1757846401
|switch|p2a: Typhlosion|Typhlosion-Hisui, L50, M|100/100
|move|p1b: Rillaboom|Fake Out|p2b: Torkoal
|-damage|p2b: Torkoal|89/100
|move|p1a: Gholdengo|Nasty Plot|p1a: Gholdengo
|-boost|p1a: Gholdengo|spa|2
|cant|p2b: Torkoal|flinch
|
|-weather|SunnyDay|[upkeep]
|-heal|p2b: Torkoal|95/100|[from] Grassy Terrain
|upkeep
|turn|2
|inactive|dr_sugus_vgc has 30 seconds left.
|
|t:|1757846435
|-terastallize|p2a: Typhlosion|Fire
|-terastallize|p1a: Gholdengo|Dragon
|move|p2b: Torkoal|Helping Hand|p2a: Typhlosion
|-singleturn|p2a: Typhlosion|Helping Hand|[of] p2b: Torkoal
|move|p1b: Rillaboom|Grassy Glide|p2a: Typhlosion
|-resisted|p2a: Typhlosion
|-crit|p2a: Typhlosion
|-damage|p2a: Typhlosion|56/100
|move|p2a: Typhlosion|Heat Wave|p1b: Rillaboom|[spread] p1a,p1b
|-resisted|p1a: Gholdengo
|-supereffective|p1b: Rillaboom
|-damage|p1a: Gholdengo|12/100
|-damage|p1b: Rillaboom|0 fnt
|faint|p1b: Rillaboom
|move|p1a: Gholdengo|Shadow Ball|p2a: Typhlosion
|-damage|p2a: Typhlosion|0 fnt
|faint|p2a: Typhlosion
|-damage|p1a: Gholdengo|3/100|[from] item: Life Orb
|
|-weather|SunnyDay|[upkeep]
|-heal|p1a: Gholdengo|9/100|[from] Grassy Terrain
|-heal|p2b: Torkoal|100/100|[from] Grassy Terrain
|upkeep
|
|t:|1757846457
|switch|p2a: Jumpluff|Jumpluff, L50, F|100/100
|switch|p1b: Ursaluna|Ursaluna-Bloodmoon, L50, M|100/100
|turn|3
|inactive|catastrozzoliverdi has 30 seconds left.
|
|t:|1757846483
|move|p1a: Gholdengo|Protect|p1a: Gholdengo
|-singleturn|p1a: Gholdengo|Protect
|move|p2a: Jumpluff|Sleep Powder|p1b: Ursaluna
|-status|p1b: Ursaluna|slp|[from] move: Sleep Powder
|cant|p1b: Ursaluna|slp
|move|p2b: Torkoal|Burning Jealousy|p1a: Gholdengo|[spread] p1b
|-activate|p1a: Gholdengo|move: Protect
|-damage|p1b: Ursaluna|80/100 slp
|
|-weather|SunnyDay|[upkeep]
|-heal|p1a: Gholdengo|15/100|[from] Grassy Terrain
|-heal|p1b: Ursaluna|86/100 slp|[from] Grassy Terrain
|upkeep
|turn|4
|inactive|dr_sugus_vgc has 30 seconds left.
|
|t:|1757846509
|move|p2a: Jumpluff|Rage Powder|p2a: Jumpluff
|-singleturn|p2a: Jumpluff|move: Rage Powder
|move|p1a: Gholdengo|Shadow Ball|p2a: Jumpluff
|-damage|p2a: Jumpluff|0 fnt
|faint|p2a: Jumpluff
|-damage|p1a: Gholdengo|5/100|[from] item: Life Orb
|cant|p1b: Ursaluna|slp
|move|p2b: Torkoal|Overheat|p1a: Gholdengo
|-resisted|p1a: Gholdengo
|-damage|p1a: Gholdengo|0 fnt
|-unboost|p2b: Torkoal|spa|2
|faint|p1a: Gholdengo
|-enditem|p2b: Torkoal|Eject Pack
|
|t:|1757846514
|switch|p2b: Garchomp|Garchomp, L50, M|100/100
|
|-weather|SunnyDay|[upkeep]
|-heal|p1b: Ursaluna|92/100 slp|[from] Grassy Terrain
|upkeep
|
|t:|1757846525
|switch|p2a: Torkoal|Torkoal, L50, M|100/100
|switch|p1a: Maushold|Maushold-Four, L50|100/100
|turn|5
|inactive|catastrozzoliverdi has 30 seconds left.
|
|t:|1757846558
|move|p1a: Maushold|Protect|p1a: Maushold
|-singleturn|p1a: Maushold|Protect
|move|p2b: Garchomp|Dragon Claw|p1b: Ursaluna
|-damage|p1b: Ursaluna|64/100 slp
|-damage|p2b: Garchomp|91/100|[from] item: Life Orb
|-curestatus|p1b: Ursaluna|slp|[msg]
|move|p1b: Ursaluna|Earth Power|p2a: Torkoal
|-supereffective|p2a: Torkoal
|-damage|p2a: Torkoal|0 fnt
|faint|p2a: Torkoal
|
|-weather|none
|-heal|p2b: Garchomp|97/100|[from] Grassy Terrain
|-heal|p1b: Ursaluna|71/100|[from] Grassy Terrain
|-fieldend|move: Grassy Terrain
|upkeep
|turn|6
|
|t:|1757846579
|move|p1a: Maushold|Follow Me|p1a: Maushold
|-singleturn|p1a: Maushold|move: Follow Me
|move|p2b: Garchomp|Earthquake|p1a: Maushold|[spread] p1a,p1b
|-damage|p1a: Maushold|39/100
|-damage|p1b: Ursaluna|44/100
|-damage|p2b: Garchomp|87/100|[from] item: Life Orb
|move|p1b: Ursaluna|Blood Moon|p2b: Garchomp
|-damage|p2b: Garchomp|9/100
|
|upkeep
|turn|7
|
|t:|1757846593
|move|p1b: Ursaluna|Vacuum Wave|p2b: Garchomp
|-damage|p2b: Garchomp|0 fnt
|faint|p2b: Garchomp
|
|win|dr_sugus_vgc
||catastrozzoliverdi is ready for game 2.
||dr_sugus_vgc is ready for game 2.
|uhtml|next|Next: Game 2 of 3
