|j|☆raylix
|j|‽Comeoneoslkfkf
|html|raylixComeoneoslkfkf    
|uhtml|bestof|Game 1 of a best-of-3
|t:|1756277622
|gametype|doubles
|player|p1|raylix|bruno|1086
|player|p2|Comeoneoslkfkf|170|1054
|gen|9
|tier|[Gen 9] VGC 2025 Reg H (Bo3)
|rated|
|rule|Species Clause: Limit one of each Pokémon
|rule|Item Clause: Limit 1 of each item
|clearpoke
|poke|p1|Sneasler, L50, M|
|poke|p1|Indeedee, L50, M|
|poke|p1|Volcarona, L50, M|
|poke|p1|Ursaluna-Bloodmoon, L50, M|
|poke|p1|Annihilape, L50, M|
|poke|p1|Tyranitar, L50, M|
|poke|p2|Archaludon, L50, M|
|poke|p2|Gholdengo, L50|
|poke|p2|Politoed, L50, M|
|poke|p2|Gothitelle, L50, M|
|poke|p2|Kingdra, L50, F|
|poke|p2|Incineroar, L50, M|
|teampreview|4
|showteam|p1|Sneasler||PsychicSeed|Unburden|CloseCombat,DireClaw,ThroatChop,Protect|||M|||50|,,,,,Dark]Indeedee||ChoiceScarf|PsychicSurge|ExpandingForce,TeraBlast,Trick,Protect|||M|||50|,,,,,Psychic]Volcarona||SitrusBerry|FlameBody|Overheat,StruggleBug,RagePowder,Tailwind|||M|||50|,,,,,Grass]Ursaluna-Bloodmoon||LifeOrb|MindsEye|BloodMoon,HyperVoice,EarthPower,Protect|||M|||50|,,,,,Normal]Annihilape||SafetyGoggles|Defiant|CloseCombat,RageFist,Taunt,FinalGambit|||M|||50|,,,,,Fairy]Tyranitar||AssaultVest|SandStream|RockSlide,KnockOff,TeraBlast,LowKick|||M|||50|,,,,,Flying
|showteam|p2|Archaludon||PowerHerb|Sturdy|Protect,FlashCannon,DracoMeteor,ElectroShot|||M|||50|,,,,,Electric]Gholdengo||ChoiceScarf|GoodasGold|MakeItRain,ShadowBall,Trick,Protect||||||50|,,,,,Steel]Politoed||Leftovers|Drizzle|PerishSong,HelpingHand,Protect,WeatherBall|||M|||50|,,,,,Grass]Gothitelle||SitrusBerry|ShadowTag|FakeOut,Protect,TrickRoom,Psychic|||M|||50|,,,,,Dark]Kingdra||LifeOrb|SwiftSwim|Protect,MuddyWater,DracoMeteor,WeatherBall|||F|||50|,,,,,Stellar]Incineroar||SafetyGoggles|Intimidate|FakeOut,KnockOff,PartingShot,Protect|||M|||50|,,,,,Ghost
|inactive|Battle timer is ON: inactive players will automatically lose when time's up. (requested by Comeoneoslkfkf)
|inactive|raylix has 60 seconds left.
|inactive|raylix has 30 seconds left.
|inactive|raylix has 20 seconds left.
|inactive|raylix has 15 seconds left.
|inactive|raylix has 10 seconds left.
|
|t:|1756277706
|teamsize|p1|4
|teamsize|p2|4
|start
|switch|p1a: Sneasler|Sneasler, L50, M|100/100
|switch|p1b: Annihilape|Annihilape, L50, M|100/100
|switch|p2a: Incineroar|Incineroar, L50, M|100/100
|switch|p2b: Gothitelle|Gothitelle, L50, M|100/100
|-ability|p2a: Incineroar|Intimidate|boost
|-unboost|p1a: Sneasler|atk|1
|-unboost|p1b: Annihilape|atk|1
|-ability|p1b: Annihilape|Defiant|boost
|-boost|p1b: Annihilape|atk|2
|turn|1
|inactive|raylix has 30 seconds left.
|inactive|raylix has 20 seconds left.
|inactive|raylix has 15 seconds left.
|inactive|raylix has 10 seconds left.
|inactive|Comeoneoslkfkf has 30 seconds left.
|inactive|raylix has 5 seconds left.
|inactive|Comeoneoslkfkf has 20 seconds left.
|
|t:|1756277765
|-terastallize|p2b: Gothitelle|Dark
|move|p1a: Sneasler|Throat Chop|p2b: Gothitelle
|-resisted|p2b: Gothitelle
|-damage|p2b: Gothitelle|91/100
|-start|p2b: Gothitelle|Throat Chop|[silent]
|move|p1b: Annihilape|Taunt|p2b: Gothitelle
|-start|p2b: Gothitelle|move: Taunt
|move|p2a: Incineroar|Parting Shot|p1a: Sneasler
|-unboost|p1a: Sneasler|atk|1
|-unboost|p1a: Sneasler|spa|1
|
|t:|1756277778
|switch|p2a: Kingdra|Kingdra, L50, F|100/100|[from] Parting Shot
|cant|p2b: Gothitelle|move: Taunt|Trick Room
|
|upkeep
|turn|2
|inactive|raylix has 30 seconds left.
|inactive|Comeoneoslkfkf has 30 seconds left.
|inactive|raylix has 20 seconds left.
|
|t:|1756277814
|switch|p2b: Politoed|Politoed, L50, M|100/100
|-weather|RainDance|[from] ability: Drizzle|[of] p2b: Politoed
|move|p2a: Kingdra|Weather Ball|p1a: Sneasler
|-crit|p1a: Sneasler
|-damage|p1a: Sneasler|0 fnt
|faint|p1a: Sneasler
|-damage|p2a: Kingdra|90/100|[from] item: Life Orb
|move|p1b: Annihilape|Final Gambit|p2b: Politoed
|-damage|p2b: Politoed|0 fnt
|faint|p1b: Annihilape
|faint|p2b: Politoed
|
|-weather|RainDance|[upkeep]
|upkeep
|
|t:|1756277835
|switch|p1a: Indeedee|Indeedee, L50, M|100/100
|switch|p1b: Tyranitar|Tyranitar, L50, M|100/100
|switch|p2b: Gothitelle|Gothitelle, L50, M, tera:Dark|91/100
|-fieldstart|move: Psychic Terrain|[from] ability: Psychic Surge|[of] p1a: Indeedee
|-weather|Sandstorm|[from] ability: Sand Stream|[of] p1b: Tyranitar
|turn|3
|inactive|raylix has 30 seconds left.
|inactive|Comeoneoslkfkf has 30 seconds left.
|inactive|raylix has 20 seconds left.
|inactive|raylix has 15 seconds left.
|inactive|raylix has 10 seconds left.
|inactive|raylix has 5 seconds left.
|
|t:|1756277886
|switch|p2a: Incineroar|Incineroar, L50, M|100/100
|-ability|p2a: Incineroar|Intimidate|boost
|-unboost|p1a: Indeedee|atk|1
|-unboost|p1b: Tyranitar|atk|1
|-terastallize|p1b: Tyranitar|Flying
|move|p1a: Indeedee|Trick|p2b: Gothitelle
|-activate|p1a: Indeedee|move: Trick|[of] p2b: Gothitelle
|-item|p2b: Gothitelle|Choice Scarf|[from] move: Trick
|-item|p1a: Indeedee|Sitrus Berry|[from] move: Trick
|move|p2b: Gothitelle|Psychic|p1a: Indeedee
|-resisted|p1a: Indeedee
|-damage|p1a: Indeedee|75/100
|move|p1b: Tyranitar|Rock Slide|p2b: Gothitelle|[spread] p2a,p2b
|-supereffective|p2a: Incineroar
|-crit|p2a: Incineroar
|-damage|p2a: Incineroar|35/100
|-damage|p2b: Gothitelle|72/100
|
|-weather|Sandstorm|[upkeep]
|-damage|p1a: Indeedee|70/100|[from] Sandstorm
|-damage|p2b: Gothitelle|66/100|[from] Sandstorm
|-damage|p1b: Tyranitar|95/100|[from] Sandstorm
|upkeep
|turn|4
|inactive|raylix has 30 seconds left.
|inactive|Comeoneoslkfkf has 30 seconds left.
|
|t:|1756277916
|move|p2a: Incineroar|Fake Out|p1b: Tyranitar
|-hint|Psychic Terrain doesn't affect Pokémon immune to Ground.
|-damage|p1b: Tyranitar|84/100
|move|p1a: Indeedee|Tera Blast|p2b: Gothitelle
|-damage|p2b: Gothitelle|36/100
|move|p2b: Gothitelle|Psychic|p1a: Indeedee
|-resisted|p1a: Indeedee
|-damage|p1a: Indeedee|45/100
|-enditem|p1a: Indeedee|Sitrus Berry|[eat]
|-heal|p1a: Indeedee|70/100|[from] item: Sitrus Berry
|cant|p1b: Tyranitar|flinch
|
|-weather|Sandstorm|[upkeep]
|-damage|p1a: Indeedee|64/100|[from] Sandstorm
|-damage|p2b: Gothitelle|29/100|[from] Sandstorm
|-damage|p1b: Tyranitar|78/100|[from] Sandstorm
|upkeep
|turn|5
|inactive|raylix has 30 seconds left.
|inactive|Comeoneoslkfkf has 30 seconds left.
|
|t:|1756277948
|move|p2a: Incineroar|Protect|p2a: Incineroar
|-singleturn|p2a: Incineroar|Protect
|move|p1a: Indeedee|Tera Blast|p2b: Gothitelle
|-damage|p2b: Gothitelle|0 fnt
|faint|p2b: Gothitelle
|move|p1b: Tyranitar|Rock Slide|p2a: Incineroar
|-activate|p2a: Incineroar|move: Protect
|
|-weather|Sandstorm|[upkeep]
|-damage|p1a: Indeedee|59/100|[from] Sandstorm
|-damage|p1b: Tyranitar|73/100|[from] Sandstorm
|upkeep
|
|t:|1756277956
|switch|p2b: Kingdra|Kingdra, L50, F|90/100
|turn|6
|inactive|raylix has 30 seconds left.
|
|t:|1756277984
|move|p2b: Kingdra|Weather Ball|p1b: Tyranitar
|-supereffective|p1b: Tyranitar
|-damage|p1b: Tyranitar|30/100
|-damage|p2b: Kingdra|80/100|[from] item: Life Orb
|move|p1a: Indeedee|Expanding Force|p2a: Incineroar|[spread] p2b
|-immune|p2a: Incineroar
|-damage|p2b: Kingdra|10/100
|move|p1b: Tyranitar|Rock Slide|p2b: Kingdra|[spread] p2a,p2b
|-supereffective|p2a: Incineroar
|-damage|p2a: Incineroar|2/100
|-damage|p2b: Kingdra|0 fnt
|faint|p2b: Kingdra
|move|p2a: Incineroar|Knock Off|p1a: Indeedee
|-supereffective|p1a: Indeedee
|-damage|p1a: Indeedee|0 fnt
|faint|p1a: Indeedee
|
|-weather|Sandstorm|[upkeep]
|-damage|p1b: Tyranitar|24/100|[from] Sandstorm
|upkeep
|turn|7
|inactive|raylix has 30 seconds left.
|inactive|Comeoneoslkfkf has 30 seconds left.
|
|t:|1756278012
|move|p2a: Incineroar|Protect|p2a: Incineroar
|-singleturn|p2a: Incineroar|Protect
|move|p1b: Tyranitar|Tera Blast|p2a: Incineroar|[anim] Tera Blast Flying
|-activate|p2a: Incineroar|move: Protect
|
|-weather|none
|-fieldend|move: Psychic Terrain
|upkeep
|turn|8
|
|t:|1756278021
|move|p1b: Tyranitar|Knock Off|p2a: Incineroar
|-resisted|p2a: Incineroar
|-damage|p2a: Incineroar|0 fnt
|-enditem|p2a: Incineroar|Safety Goggles|[from] move: Knock Off|[of] p1b: Tyranitar
|faint|p2a: Incineroar
|
|win|raylix
|l|‽Comeoneoslkfkf
|player|p2|
||Comeoneoslkfkf is ready for game 2.
|inactive|raylix has 30 seconds to confirm battle start!
|inactive|raylix has 20 seconds to confirm battle start!
|inactive|raylix has 10 seconds to confirm battle start!
