|j|☆Sylviana GL
|j|☆jamadxx
|html|Sylviana GLjamadxx    
|uhtml|bestof|Game 2 of a best-of-3
|t:|1784794687
|gametype|doubles
|player|p1|Sylviana GL|caitlin|1154
|player|p2|jamadxx|170|1131
|gen|9
|tier|[Gen 9 Champions] VGC 2026 Reg M-B (Bo3)
|rated|
|rule|Species Clause: Limit one of each Pokémon
|rule|Item Clause: Limit 1 of each item
|clearpoke
|poke|p1|Aerodactyl, L50, M, shiny|
|poke|p1|Charizard, L50, M|
|poke|p1|Sylveon, L50, M|
|poke|p1|Garchomp, L50, M|
|poke|p1|Kingambit, L50, F|
|poke|p1|Incineroar, L50, F|
|poke|p2|Staraptor, L50, M|
|poke|p2|Whimsicott, L50, M|
|poke|p2|Incineroar, L50, F|
|poke|p2|Basculegion, L50, M|
|poke|p2|Altaria, L50, M|
|poke|p2|Metagross, L50|
|teampreview|4
|showteam|p1|Aerodactyl||Aerodactylite|Unnerve|RockSlide,IceFang,Tailwind,WideGuard|Jolly||M|||50|]Charizard||CharizarditeY|Blaze|HeatWave,WeatherBall,SolarBeam,Protect|Modest||M|||50|]Sylveon||FairyFeather|Pixilate|HyperVoice,HyperBeam,QuickAttack,Detect|Modest||M|||50|]Garchomp||LifeOrb|RoughSkin|DragonClaw,Earthquake,StompingTantrum,Protect|Jolly||M|||50|]Kingambit||FocusSash|Defiant|SuckerPunch,KowtowCleave,IronHead,Protect|Adamant||F|||50|]Incineroar||SitrusBerry|Intimidate|FlareBlitz,ThroatChop,FakeOut,PartingShot|Impish||F|||50|
|showteam|p2|Staraptor||Staraptite|Intimidate|CloseCombat,Roost,BraveBird,Protect|Jolly||M|||50|]Whimsicott||FocusSash|Prankster|Encore,Charm,Tailwind,Moonblast|Timid||M|||50|]Incineroar||Leftovers|Intimidate|FakeOut,PartingShot,FlareBlitz,CloseCombat|Careful||F|||50|]Basculegion||MysticWater|Adaptability|AquaJet,Protect,WaveCrash,LastRespects|Jolly||M|||50|]Altaria||SitrusBerry|CloudNine|Tailwind,Roost,DracoMeteor,WillOWisp|Modest||M|||50|]Metagross||Metagrossite|ClearBody|StompingTantrum,PsychicFangs,Protect,MeteorMash|Impish|||||50|
|
|t:|1784794702
|teamsize|p1|4
|teamsize|p2|4
|start
|switch|p1a: Aerodactyl|Aerodactyl, L50, M, shiny|100/100
|switch|p1b: Sylveon|Sylveon, L50, M|100/100
|switch|p2a: Metagross|Metagross, L50|100/100
|switch|p2b: Altaria|Altaria, L50, M|100/100
|-ability|p1a: Aerodactyl|Unnerve
|-ability|p2b: Altaria|Cloud Nine
|turn|1
|
|t:|1784794723
|switch|p2b: Incineroar|Incineroar, L50, F|100/100
|-ability|p2b: Incineroar|Intimidate|boost
|-unboost|p1a: Aerodactyl|atk|1
|-unboost|p1b: Sylveon|atk|1
|switch|p1b: Charizard|Charizard, L50, M|100/100
|detailschange|p2a: Metagross|Metagross-Mega, L50
|-mega|p2a: Metagross|Metagross|Metagrossite
|move|p1a: Aerodactyl|Ice Fang|p2b: Incineroar
|-resisted|p2b: Incineroar|1
|-damage|p2b: Incineroar|94/100
|move|p2a: Metagross|Meteor Mash|p1b: Charizard
|-resisted|p1b: Charizard|1
|-damage|p1b: Charizard|66/100
|-boost|p2a: Metagross|atk|1
|
|-heal|p2b: Incineroar|100/100|[from] item: Leftovers
|upkeep
|turn|2
|
|t:|1784794748
|switch|p1a: Sylveon|Sylveon, L50, M|100/100
|move|p1b: Charizard|Protect|p1b: Charizard
|-singleturn|p1b: Charizard|Protect
|move|p2b: Incineroar|Fake Out|p1b: Charizard
|-activate|p1b: Charizard|move: Protect
|move|p2a: Metagross|Meteor Mash|p1a: Sylveon
|-supereffective|p1a: Sylveon|1
|-damage|p1a: Sylveon|0 fnt
|-boost|p2a: Metagross|atk|1
|faint|p1a: Sylveon
|
|upkeep
|
|t:|1784794759
|switch|p1a: Aerodactyl|Aerodactyl, L50, M, shiny|100/100
|-ability|p1a: Aerodactyl|Unnerve
|turn|3
|
|t:|1784794778
|switch|p2b: Altaria|Altaria, L50, M|100/100
|-ability|p2b: Altaria|Cloud Nine
|detailschange|p1b: Charizard|Charizard-Mega-Y, L50, M
|-mega|p1b: Charizard|Charizard|Charizardite Y
|-weather|SunnyDay|[from] ability: Drought|[of] p1b: Charizard
|move|p1a: Aerodactyl|Tailwind|p1a: Aerodactyl
|-sidestart|p1: Sylviana GL|move: Tailwind
|move|p1b: Charizard|Heat Wave|p2a: Metagross|[spread] p2a,p2b
|-supereffective|p2a: Metagross|1
|-resisted|p2b: Altaria|1
|-damage|p2a: Metagross|28/100
|-damage|p2b: Altaria|80/100
|move|p2a: Metagross|Psychic Fangs|p1b: Charizard
|-damage|p1b: Charizard|0 fnt
|faint|p1b: Charizard
|
|-weather|SunnyDay|[upkeep]
|upkeep
|
|t:|1784794782
|switch|p1b: Kingambit|Kingambit, L50, F|100/100
|turn|4
|
|t:|1784794799
|move|p2a: Metagross|Protect|p2a: Metagross
|-singleturn|p2a: Metagross|Protect
|move|p1b: Kingambit|Sucker Punch||[still]
|-fail|p1b: Kingambit
|move|p1a: Aerodactyl|Ice Fang|p2b: Altaria
|-supereffective|p2b: Altaria|2
|-damage|p2b: Altaria|0 fnt
|faint|p2b: Altaria
|
|-weather|SunnyDay|[upkeep]
|upkeep
|
|t:|1784794815
|switch|p2b: Incineroar|Incineroar, L50, F|100/100
|-ability|p2b: Incineroar|Intimidate|boost
|-unboost|p1a: Aerodactyl|atk|1
|-unboost|p1b: Kingambit|atk|1
|-ability|p1b: Kingambit|Defiant|boost
|-boost|p1b: Kingambit|atk|2
|turn|5
|
|t:|1784794827
|move|p1b: Kingambit|Protect|p1b: Kingambit
|-singleturn|p1b: Kingambit|Protect
|move|p2b: Incineroar|Fake Out|p1b: Kingambit
|-activate|p1b: Kingambit|move: Protect
|move|p1a: Aerodactyl|Rock Slide|p2a: Metagross|[spread] p2a,p2b
|-resisted|p2a: Metagross|1
|-supereffective|p2b: Incineroar|1
|-damage|p2a: Metagross|23/100
|-damage|p2b: Incineroar|69/100
|move|p2a: Metagross|Meteor Mash|p1a: Aerodactyl
|-supereffective|p1a: Aerodactyl|1
|-damage|p1a: Aerodactyl|0 fnt
|faint|p1a: Aerodactyl
|
|-weather|SunnyDay|[upkeep]
|-heal|p2b: Incineroar|75/100|[from] item: Leftovers
|upkeep
|turn|6
|-message|Sylviana GL forfeited.
|
|win|jamadxx
|l|☆jamadxx
|player|p2|
||jamadxx is ready for game 3.
||Sylviana GL is ready for game 3.
|uhtml|next|Next: Game 3 of 3
