|j|☆snailboss
|j|☆Soratami
|html|snailbossSoratami    
|uhtml|bestof|Game 1 of a best-of-3
|t:|1756695021
|gametype|doubles
|player|p1|snailboss|102|1124
|player|p2|Soratami|ethan|1210
|gen|9
|tier|[Gen 9] VGC 2025 Reg H (Bo3)
|rated|
|rule|Species Clause: Limit one of each Pokémon
|rule|Item Clause: Limit 1 of each item
|clearpoke
|poke|p1|Zoroark-Hisui, L50, F|
|poke|p1|Tyranitar, L50, M|
|poke|p1|Excadrill, L50, M|
|poke|p1|Indeedee-F, L50, F|
|poke|p1|Gallade, L50, M|
|poke|p1|Noivern, L50, F|
|poke|p2|Torkoal, L50, F|
|poke|p2|Vileplume, L50, F|
|poke|p2|Hatterene, L50, F|
|poke|p2|Indeedee-F, L50, F|
|poke|p2|Gallade, L50, M|
|poke|p2|Ursaluna, L50, M|
|teampreview|4
|showteam|p1|Zoroark-Hisui||ChoiceSpecs|Illusion|HyperVoice,Flamethrower,ShadowBall,HyperBeam|||F|||50|,,,,,Normal]Tyranitar||AssaultVest|SandStream|RockSlide,KnockOff,LowKick,TeraBlast|||M|||50|,,,,,Flying]Excadrill||FocusSash|SandRush|IronHead,Protect,SwordsDance,Earthquake|||M|||50|,,,,,Ground]Indeedee-F||SafetyGoggles|PsychicSurge|TrickRoom,FollowMe,Psychic,HelpingHand|||F|||50|,,,,,Water]Gallade||ClearAmulet|Sharpness|PsychoCut,TrickRoom,WideGuard,SacredSword|||M|||50|,,,,,Grass]Noivern||CovertCloak|Telepathy|SuperFang,Tailwind,Taunt,DracoMeteor|||F|||50|,,,,,Fairy
|showteam|p2|Torkoal||Charcoal|Drought|Eruption,HeatWave,ClearSmog,Protect|||F|||50|,,,,,Fire]Vileplume||FocusSash|Chlorophyll|SleepPowder,LeafStorm,Protect,AfterYou|||F|||50|,,,,,Water]Hatterene||LifeOrb|MagicBounce|DazzlingGleam,ExpandingForce,TrickRoom,Protect|||F|||50|,,,,,Psychic]Indeedee-F||PsychicSeed|PsychicSurge|Psychic,FollowMe,HelpingHand,TrickRoom|||F|||50|,,,,,Psychic]Gallade||ClearAmulet|Sharpness|PsychoCut,SacredSword,TrickRoom,WideGuard|||M|||50|,,,,,Fire]Ursaluna||FlameOrb|Guts|HeadlongRush,Facade,Earthquake,Protect|||M|||50|,,,,,Ghost
|inactive|Battle timer is ON: inactive players will automatically lose when time's up. (requested by Soratami)
|inactive|Soratami has 60 seconds left.
|
|t:|1756695075
|teamsize|p1|4
|teamsize|p2|4
|start
|switch|p1a: Dr. Drills|Excadrill, L50, M|100/100
|switch|p1b: Butter|Indeedee-F, L50, F|100/100
|switch|p2a: Indeedee|Indeedee-F, L50, F|100/100
|switch|p2b: Ursaluna|Ursaluna, L50, M|100/100
|-fieldstart|move: Psychic Terrain|[from] ability: Psychic Surge|[of] p1b: Butter
|-enditem|p2a: Indeedee|Psychic Seed
|-boost|p2a: Indeedee|spd|1|[from] item: Psychic Seed
|turn|1
|inactive|Soratami has 30 seconds left.
|
|t:|1756695107
|-terastallize|p1a: Dr. Drills|Normal
|move|p1b: Butter|Helping Hand|p1a: Dr. Drills
|-singleturn|p1a: Dr. Drills|Helping Hand|[of] p1b: Butter
|move|p2b: Ursaluna|Protect|p2b: Ursaluna
|-singleturn|p2b: Ursaluna|Protect
|move|p1a: Dr. Drills|Hyper Beam|p2a: Indeedee
|-damage|p2a: Indeedee|0 fnt
|-mustrecharge|p1a: Dr. Drills
|faint|p2a: Indeedee
|
|-status|p2b: Ursaluna|brn|[from] item: Flame Orb
|upkeep
|
|t:|1756695124
|switch|p2a: Torkoal|Torkoal, L50, F|100/100
|-weather|SunnyDay|[from] ability: Drought|[of] p2a: Torkoal
|turn|2
|
|t:|1756695137
|move|p2a: Torkoal|Protect|p2a: Torkoal
|-singleturn|p2a: Torkoal|Protect
|move|p1b: Butter|Follow Me|p1b: Butter
|-singleturn|p1b: Butter|move: Follow Me
|cant|p1a: Dr. Drills|recharge
|move|p2b: Ursaluna|Earthquake|p1a: Dr. Drills|[spread] p1a,p1b
|-activate|p2a: Torkoal|move: Protect
|-damage|p1a: Dr. Drills|0 fnt
|-damage|p1b: Butter|41/100
|replace|p1a: Zoroark|Zoroark-Hisui, L50, F
|-end|p1a: Zoroark|Illusion
|faint|p1a: Zoroark
|
|-weather|SunnyDay|[upkeep]
|-damage|p2b: Ursaluna|95/100 brn|[from] brn
|upkeep
|
|t:|1756695149
|switch|p1a: Alice|Tyranitar, L50, M|100/100
|-weather|Sandstorm|[from] ability: Sand Stream|[of] p1a: Alice
|turn|3
|
|t:|1756695169
|switch|p2a: Shura|Gallade, L50, M|100/100
|-terastallize|p2b: Ursaluna|Ghost
|move|p1b: Butter|Helping Hand|p1a: Alice
|-singleturn|p1a: Alice|Helping Hand|[of] p1b: Butter
|move|p1a: Alice|Rock Slide|p2a: Shura|[spread] p2a,p2b
|-resisted|p2a: Shura
|-damage|p2a: Shura|66/100
|-damage|p2b: Ursaluna|63/100 brn
|cant|p2b: Ursaluna|flinch
|
|-weather|Sandstorm|[upkeep]
|-damage|p2a: Shura|60/100|[from] Sandstorm
|-damage|p2b: Ursaluna|57/100 brn|[from] Sandstorm
|-damage|p2b: Ursaluna|51/100 brn|[from] brn
|upkeep
|turn|4
|c|☆Soratami|Lol
|
|t:|1756695190
|move|p2a: Shura|Wide Guard|p2a: Shura
|-singleturn|p2a: Shura|Wide Guard
|move|p1b: Butter|Follow Me|p1b: Butter
|-singleturn|p1b: Butter|move: Follow Me
|move|p1a: Alice|Knock Off|p2b: Ursaluna
|-supereffective|p2b: Ursaluna
|-damage|p2b: Ursaluna|0 fnt
|-enditem|p2b: Ursaluna|Flame Orb|[from] move: Knock Off|[of] p1a: Alice
|faint|p2b: Ursaluna
|
|-weather|Sandstorm|[upkeep]
|-damage|p2a: Shura|55/100|[from] Sandstorm
|upkeep
|
|t:|1756695199
|switch|p2b: Torkoal|Torkoal, L50, F|100/100
|-weather|SunnyDay|[from] ability: Drought|[of] p2b: Torkoal
|turn|5
|
|t:|1756695212
|move|p1b: Butter|Helping Hand|p1a: Alice
|-singleturn|p1a: Alice|Helping Hand|[of] p1b: Butter
|move|p1a: Alice|Knock Off|p2a: Shura
|-damage|p2a: Shura|0 fnt
|-enditem|p2a: Shura|Clear Amulet|[from] move: Knock Off|[of] p1a: Alice
|faint|p2a: Shura
|move|p2b: Torkoal|Heat Wave|p1a: Alice|[spread] p1a,p1b
|-resisted|p1a: Alice
|-damage|p1a: Alice|83/100
|-damage|p1b: Butter|0 fnt
|faint|p1b: Butter
|
|-weather|SunnyDay|[upkeep]
|-fieldend|move: Psychic Terrain
|upkeep
|
|t:|1756695219
|switch|p1b: Dr. Drills|Excadrill, L50, M|100/100
|turn|6
|
|t:|1756695227
|move|p1b: Dr. Drills|Iron Head|p2b: Torkoal
|-resisted|p2b: Torkoal
|-damage|p2b: Torkoal|81/100
|move|p1a: Alice|Rock Slide|p2b: Torkoal
|-supereffective|p2b: Torkoal
|-damage|p2b: Torkoal|20/100
|move|p2b: Torkoal|Heat Wave|p1a: Alice|[spread] p1a
|-miss|p2b: Torkoal|p1b: Dr. Drills
|-resisted|p1a: Alice
|-damage|p1a: Alice|64/100
|
|-weather|SunnyDay|[upkeep]
|upkeep
|turn|7
|-message|Soratami forfeited.
|
|win|snailboss
||Soratami is ready for game 2.
