|j|☆Theompz
|j|☆blackstorm games
|html|Theompzblackstorm games    
|uhtml|bestof|Game 2 of a best-of-3
|t:|1756841709
|gametype|doubles
|player|p1|Theompz|colress|1093
|player|p2|blackstorm games|266|1131
|gen|9
|tier|[Gen 9] VGC 2025 Reg H (Bo3)
|rated|
|rule|Species Clause: Limit one of each Pokémon
|rule|Item Clause: Limit 1 of each item
|clearpoke
|poke|p1|Meowscarada, L50, M|
|poke|p1|Ursaluna-Bloodmoon, L50, M|
|poke|p1|Incineroar, L50, F|
|poke|p1|Whimsicott, L50, M|
|poke|p1|Typhlosion-Hisui, L50, M|
|poke|p1|Sneasler, L50, M|
|poke|p2|Dragonite, L50, F|
|poke|p2|Pelipper, L50, M|
|poke|p2|Gholdengo, L50|
|poke|p2|Archaludon, L50, M|
|poke|p2|Sinistcha, L50|
|poke|p2|Ursaluna, L50, F|
|teampreview|4
|showteam|p1|Meowscarada||ChoiceBand|Protean|FlowerTrick,KnockOff,TripleAxel,Uturn|||M|||50|,,,,,Ghost]Ursaluna-Bloodmoon||ThroatSpray|MindsEye|BloodMoon,HyperVoice,EarthPower,Protect|||M|||50|,,,,,Normal]Incineroar||SafetyGoggles|Intimidate|FakeOut,PartingShot,KnockOff,FlareBlitz|||F|||50|,,,,,Ghost]Whimsicott||CovertCloak|Prankster|Tailwind,SunnyDay,Encore,Moonblast|||M|||50|,,,,,Water]Typhlosion-Hisui||FocusSash|Blaze|Eruption,HeatWave,ShadowBall,Protect|||M|||50|,,,,,Stellar]Sneasler||LifeOrb|PoisonTouch|FakeOut,DireClaw,CloseCombat,Protect|||M|||50|,,,,,Ghost
|showteam|p2|Dragonite||LoadedDice|Multiscale|ScaleShot,Tailwind,Haze,Protect|||F|||50|,,,,,Fairy]Pelipper||FocusSash|Drizzle|Hurricane,Tailwind,WeatherBall,Protect|||M|||50|,,,,,Ghost]Gholdengo||LifeOrb|GoodasGold|MakeItRain,ShadowBall,NastyPlot,Protect||||||50|,,,,,Water]Archaludon||AssaultVest|Stamina|ElectroShot,BodyPress,DracoMeteor,Snarl|||M|||50|,,,,,Fighting]Sinistcha||SitrusBerry|Hospitality|MatchaGotcha,LifeDew,RagePowder,TrickRoom||||||50|,,,,,Dark]Ursaluna||FlameOrb|Guts|HeadlongRush,Earthquake,Facade,Protect|||F|||50|,,,,,Ghost
|inactive|Battle timer is ON: inactive players will automatically lose when time's up. (requested by Theompz)
|
|t:|1756841727
|teamsize|p1|4
|teamsize|p2|4
|start
|switch|p1a: Whimsicott|Whimsicott, L50, M, shiny|100/100
|switch|p1b: Meowscarada|Meowscarada, L50, M, shiny|100/100
|switch|p2a: Pelipper|Pelipper, L50, M|100/100
|switch|p2b: Archaludon|Archaludon, L50, M|100/100
|-weather|RainDance|[from] ability: Drizzle|[of] p2a: Pelipper
|turn|1
|inactive|blackstorm games has 30 seconds left.
|
|t:|1756841753
|move|p1a: Whimsicott|Tailwind|p1a: Whimsicott
|-sidestart|p1: Theompz|move: Tailwind
|move|p1b: Meowscarada|Triple Axel|p2a: Pelipper
|-start|p1b: Meowscarada|typechange|Ice|[from] ability: Protean
|-damage|p2a: Pelipper|80/100
|-crit|p2a: Pelipper
|-damage|p2a: Pelipper|20/100
|-damage|p2a: Pelipper|0 fnt
|faint|p2a: Pelipper
|-hitcount|p2: Pelipper|3
|move|p2b: Archaludon|Body Press|p1b: Meowscarada
|-supereffective|p1b: Meowscarada
|-damage|p1b: Meowscarada|24/100
|
|-weather|RainDance|[upkeep]
|upkeep
|
|t:|1756841768
|switch|p2a: Sinistcha|Sinistcha, L50|100/100
|turn|2
|
|t:|1756841783
|-terastallize|p2a: Sinistcha|Dark
|move|p1a: Whimsicott|Sunny Day|p1a: Whimsicott
|-weather|SunnyDay
|move|p1b: Meowscarada|Triple Axel|p2a: Sinistcha
|-crit|p2a: Sinistcha
|-damage|p2a: Sinistcha|78/100
|-damage|p2a: Sinistcha|48/100
|-enditem|p2a: Sinistcha|Sitrus Berry|[eat]
|-heal|p2a: Sinistcha|72/100|[from] item: Sitrus Berry
|-damage|p2a: Sinistcha|33/100
|-hitcount|p2a: Sinistcha|3
|move|p2b: Archaludon|Electro Shot||[still]
|-prepare|p2b: Archaludon|Electro Shot
|-boost|p2b: Archaludon|spa|1
|move|p2a: Sinistcha|Trick Room|p2a: Sinistcha
|-fieldstart|move: Trick Room|[of] p2a: Sinistcha
|
|-weather|SunnyDay|[upkeep]
|upkeep
|turn|3
|inactive|Theompz has 30 seconds left.
|
|t:|1756841808
|switch|p1b: Typhlosion|Typhlosion-Hisui, L50, M, shiny|100/100
|move|p1a: Whimsicott|Encore|p2b: Archaludon
|-start|p2b: Archaludon|Encore
|move|p2a: Sinistcha|Matcha Gotcha|p1a: Whimsicott|[spread] p1b
|-miss|p2a: Sinistcha|p1a: Whimsicott
|-resisted|p1b: Typhlosion
|-damage|p1b: Typhlosion|82/100
|-heal|p2a: Sinistcha|41/100|[from] drain|[of] p1b: Typhlosion
|move|p2b: Archaludon|Electro Shot|p1b: Typhlosion|[from] lockedmove
|-damage|p1b: Typhlosion|3/100
|
|-weather|SunnyDay|[upkeep]
|upkeep
|turn|4
|c|☆Theompz|AAAAAAAAAAAAAAAAAAAAH
|inactive|Theompz has 30 seconds left.
|inactive|Theompz has 20 seconds left.
|
|t:|1756841845
|switch|p2b: Ursaluna|Ursaluna, L50, F|100/100
|move|p1b: Typhlosion|Protect|p1b: Typhlosion
|-singleturn|p1b: Typhlosion|Protect
|move|p2a: Sinistcha|Matcha Gotcha|p1a: Whimsicott|[spread] p1a
|-activate|p1b: Typhlosion|move: Protect
|-resisted|p1a: Whimsicott
|-damage|p1a: Whimsicott|79/100
|-heal|p2a: Sinistcha|49/100|[from] drain|[of] p1a: Whimsicott
|move|p1a: Whimsicott|Moonblast|p2a: Sinistcha
|-supereffective|p2a: Sinistcha
|-damage|p2a: Sinistcha|0 fnt
|faint|p2a: Sinistcha
|
|-weather|SunnyDay|[upkeep]
|-sideend|p1: Theompz|move: Tailwind
|-status|p2b: Ursaluna|brn|[from] item: Flame Orb
|upkeep
|
|t:|1756841861
|switch|p2a: Archaludon|Archaludon, L50, M|100/100
|turn|5
|inactive|Theompz has 30 seconds left.
|
|t:|1756841889
|move|p2b: Ursaluna|Facade|p1a: Whimsicott
|-crit|p1a: Whimsicott
|-damage|p1a: Whimsicott|0 fnt
|faint|p1a: Whimsicott
|move|p2a: Archaludon|Snarl|p1b: Typhlosion
|-supereffective|p1b: Typhlosion
|-damage|p1b: Typhlosion|0 fnt
|faint|p1b: Typhlosion
|
|-weather|SunnyDay|[upkeep]
|-damage|p2b: Ursaluna|95/100 brn|[from] brn
|upkeep
|
|t:|1756841899
|switch|p1b: Sneasler|Sneasler, L50, M|100/100
|switch|p1a: Meowscarada|Meowscarada, L50, M, shiny|24/100
|turn|6
|
|t:|1756841922
|move|p1b: Sneasler|Protect|p1b: Sneasler
|-singleturn|p1b: Sneasler|Protect
|move|p2b: Ursaluna|Facade|p1a: Meowscarada
|-damage|p1a: Meowscarada|0 fnt
|faint|p1a: Meowscarada
|move|p2a: Archaludon|Body Press|p1b: Sneasler
|-activate|p1b: Sneasler|move: Protect
|
|-weather|none
|-damage|p2b: Ursaluna|89/100 brn|[from] brn
|-fieldend|move: Trick Room
|upkeep
|turn|7
|inactive|blackstorm games has 30 seconds left.
|
|t:|1756841955
|move|p2b: Ursaluna|Protect|p2b: Ursaluna
|-singleturn|p2b: Ursaluna|Protect
|move|p1b: Sneasler|Close Combat|p2b: Ursaluna
|-activate|p2b: Ursaluna|move: Protect
|move|p2a: Archaludon|Draco Meteor|p1b: Sneasler
|-damage|p1b: Sneasler|8/100
|-unboost|p2a: Archaludon|spa|2
|
|-damage|p2b: Ursaluna|83/100 brn|[from] brn
|upkeep
|turn|8
|
|t:|1756841977
|move|p1b: Sneasler|Close Combat|p2a: Archaludon
|-supereffective|p2a: Archaludon
|-damage|p2a: Archaludon|0 fnt
|-unboost|p1b: Sneasler|def|1
|-unboost|p1b: Sneasler|spd|1
|faint|p2a: Archaludon
|-damage|p1b: Sneasler|0 fnt|[from] item: Life Orb
|faint|p1b: Sneasler
|
|win|blackstorm games
|raw|Theompz's rating: 1093 → 1072(-21 for losing)
|raw|blackstorm games's rating: 1131 → 1153(+22 for winning)
|l|☆Theompz
|player|p1|
