|j|☆truegenesis1!
|j|☆PaquitoelBollito
|html|truegenesis1!PaquitoelBollito    
|uhtml|bestof|Game 3 of a best-of-3
|t:|1783801010
|gametype|doubles
|player|p1|truegenesis1!|iono|1040
|player|p2|PaquitoelBollito|102|1097
|gen|9
|tier|[Gen 9 Champions] VGC 2026 Reg M-B (Bo3)
|rated|
|rule|Species Clause: Limit one of each Pokémon
|rule|Item Clause: Limit 1 of each item
|clearpoke
|poke|p1|Gengar, L50, M|
|poke|p1|Incineroar, L50, M|
|poke|p1|Scrafty, L50, F|
|poke|p1|Sinistcha, L50|
|poke|p1|Politoed, L50, F|
|poke|p1|Archaludon, L50, M|
|poke|p2|Absol, L50, F, shiny|
|poke|p2|Froslass, L50, F|
|poke|p2|Corviknight, L50, M|
|poke|p2|Garchomp, L50, F|
|poke|p2|Arcanine-Hisui, L50, M|
|poke|p2|Whimsicott, L50, M|
|teampreview|4
|showteam|p1|Gengar||Gengarite|CursedBody|ShadowBall,Disable,PerishSong,Protect|Timid||M|||50|]Incineroar||ChopleBerry|Intimidate|FakeOut,PartingShot,ThroatChop,Protect|Careful||M|||50|]Scrafty||Scraftinite|Intimidate|ThroatChop,DrainPunch,Protect,SwordsDance|Brave||F|||50|]Sinistcha||MentalHerb|Hospitality|RagePowder,TrickRoom,Protect,MatchaGotcha|Bold|||||50|]Politoed||SitrusBerry|Drizzle|WeatherBall,PerishSong,Protect,Encore|Modest||F|||50|]Archaludon||LifeOrb|Stamina|ElectroShot,FlashCannon,DragonPulse,Protect|Modest||M|||50|
|showteam|p2|Absol||Absolite|SuperLuck|CloseCombat,SuckerPunch,KnockOff,Protect|Jolly||F|||50|]Froslass||Froslassite|SnowCloak|Blizzard,AuroraVeil,ShadowBall,Protect|Timid||F|||50|]Corviknight||Leftovers|MirrorArmor|Tailwind,IronHead,BraveBird,Protect|Careful||M|||50|]Garchomp||LifeOrb|RoughSkin|Protect,DragonClaw,RockSlide,StompingTantrum|Jolly||F|||50|]Arcanine-Hisui||ShucaBerry|RockHead|Protect,ExtremeSpeed,FlareBlitz,HeadSmash|Jolly||M|||50|]Whimsicott||FocusSash|Prankster|Tailwind,Moonblast,Protect,Encore|Timid||M|||50|
|inactive|Battle timer is ON: inactive players will automatically lose when time's up. (requested by PaquitoelBollito)
|inactive|truegenesis1! has 60 seconds left.
|
|t:|1783801045
|teamsize|p1|4
|teamsize|p2|4
|start
|switch|p1a: Mainstage|Gengar, L50, M|100/100
|switch|p1b: Instrument|Incineroar, L50, M|100/100
|switch|p2a: Absol|Absol, L50, F, shiny|100/100
|switch|p2b: Whimsicott|Whimsicott, L50, M|100/100
|-ability|p1b: Instrument|Intimidate|boost
|-unboost|p2a: Absol|atk|1
|-unboost|p2b: Whimsicott|atk|1
|turn|1
|inactive|PaquitoelBollito has 30 seconds left.
|inactive|PaquitoelBollito has 20 seconds left.
|inactive|PaquitoelBollito has 15 seconds left.
|inactive|PaquitoelBollito has 10 seconds left.
|
|t:|1783801090
|switch|p2a: Garchomp|Garchomp, L50, F|100/100
|detailschange|p1a: Mainstage|Gengar-Mega, L50, M
|-mega|p1a: Mainstage|Gengar|Gengarite
|move|p2b: Whimsicott|Protect|p2b: Whimsicott
|-singleturn|p2b: Whimsicott|Protect
|move|p1b: Instrument|Fake Out|p2a: Garchomp
|-damage|p2a: Garchomp|89/100
|-damage|p1b: Instrument|87/100|[from] ability: Rough Skin|[of] p2a: Garchomp
|move|p1a: Mainstage|Perish Song|p1a: Mainstage
|-start|p1a: Mainstage|perish3|[silent]
|-start|p1b: Instrument|perish3|[silent]
|-start|p2a: Garchomp|perish3|[silent]
|-start|p2b: Whimsicott|perish3|[silent]
|-fieldactivate|move: Perish Song
|
|-start|p2b: Whimsicott|perish3
|-start|p1a: Mainstage|perish3
|-start|p2a: Garchomp|perish3
|-start|p1b: Instrument|perish3
|upkeep
|turn|2
|
|t:|1783801111
|move|p1a: Mainstage|Protect|p1a: Mainstage
|-singleturn|p1a: Mainstage|Protect
|move|p1b: Instrument|Protect|p1b: Instrument
|-singleturn|p1b: Instrument|Protect
|move|p2b: Whimsicott|Encore|p1a: Mainstage
|-activate|p1a: Mainstage|move: Protect
|move|p2a: Garchomp|Stomping Tantrum|p1b: Instrument
|-activate|p1b: Instrument|move: Protect
|
|-start|p2b: Whimsicott|perish2
|-start|p1a: Mainstage|perish2
|-start|p2a: Garchomp|perish2
|-start|p1b: Instrument|perish2
|upkeep
|turn|3
|
|t:|1783801135
|switch|p1a: Encore|Politoed, L50, F|100/100
|-weather|RainDance|[from] ability: Drizzle|[of] p1a: Encore
|move|p2b: Whimsicott|Encore|p1b: Instrument
|-hint|Since gen 7, Dark is immune to Prankster moves.
|-immune|p1b: Instrument
|move|p2a: Garchomp|Stomping Tantrum|p1a: Encore
|-damage|p1a: Encore|42/100
|-enditem|p1a: Encore|Sitrus Berry|[eat]
|-heal|p1a: Encore|67/100|[from] item: Sitrus Berry
|-damage|p2a: Garchomp|80/100|[from] item: Life Orb
|move|p1b: Instrument|Parting Shot|p2a: Garchomp
|-unboost|p2a: Garchomp|atk|1
|-unboost|p2a: Garchomp|spa|1
|
|t:|1783801145
|switch|p1b: Mainstage|Gengar-Mega, L50, M|100/100|[from] Parting Shot
|
|-weather|RainDance|[upkeep]
|-start|p2b: Whimsicott|perish1
|-start|p2a: Garchomp|perish1
|upkeep
|turn|4
|
|t:|1783801169
|move|p1b: Mainstage|Protect|p1b: Mainstage
|-singleturn|p1b: Mainstage|Protect
|move|p1a: Encore|Protect|p1a: Encore
|-singleturn|p1a: Encore|Protect
|move|p2b: Whimsicott|Tailwind|p2b: Whimsicott
|-sidestart|p2: PaquitoelBollito|move: Tailwind
|move|p2a: Garchomp|Stomping Tantrum|p1b: Mainstage
|-activate|p1b: Mainstage|move: Protect
|
|-weather|RainDance|[upkeep]
|-start|p2b: Whimsicott|perish0
|-start|p2a: Garchomp|perish0
|faint|p2b: Whimsicott
|faint|p2a: Garchomp
|upkeep
|
|t:|1783801173
|switch|p2b: Arcanine|Arcanine-Hisui, L50, M|100/100
|switch|p2a: Absol|Absol, L50, F, shiny|100/100
|turn|5
|inactive|PaquitoelBollito has 30 seconds left.
|inactive|PaquitoelBollito has 20 seconds left.
|inactive|PaquitoelBollito has 15 seconds left.
|inactive|PaquitoelBollito has 10 seconds left.
|
|t:|1783801219
|switch|p1b: Instrument|Incineroar, L50, M|87/100
|-ability|p1b: Instrument|Intimidate|boost
|-unboost|p2a: Absol|atk|1
|-unboost|p2b: Arcanine|atk|1
|detailschange|p2a: Absol|Absol-Mega, L50, F, shiny
|-mega|p2a: Absol|Absol|Absolite
|move|p2a: Absol|Knock Off|p1b: Instrument
|-resisted|p1b: Instrument|1
|-damage|p1b: Instrument|72/100
|-enditem|p1b: Instrument|Chople Berry|[from] move: Knock Off|[of] p2a: Absol
|move|p2b: Arcanine|Head Smash|p1b: Instrument
|-supereffective|p1b: Instrument|1
|-damage|p1b: Instrument|0 fnt
|faint|p1b: Instrument
|move|p1a: Encore|Perish Song|p1a: Encore
|-start|p1a: Encore|perish3|[silent]
|-start|p2a: Absol|perish3|[silent]
|-start|p2b: Arcanine|perish3|[silent]
|-fieldactivate|move: Perish Song
|
|-weather|RainDance|[upkeep]
|-start|p2a: Absol|perish3
|-start|p2b: Arcanine|perish3
|-start|p1a: Encore|perish3
|upkeep
|
|t:|1783801232
|switch|p1b: Mainstage|Gengar-Mega, L50, M|100/100
|turn|6
|c|☆truegenesis1!|gg
|
|t:|1783801242
|move|p1b: Mainstage|Protect|p1b: Mainstage
|-singleturn|p1b: Mainstage|Protect
|move|p1a: Encore|Protect|p1a: Encore
|-singleturn|p1a: Encore|Protect
|move|p2a: Absol|Knock Off|p1b: Mainstage
|-activate|p1b: Mainstage|move: Protect
|move|p2b: Arcanine|Head Smash|p1a: Encore
|-activate|p1a: Encore|move: Protect
|
|-weather|RainDance|[upkeep]
|-start|p2a: Absol|perish2
|-start|p2b: Arcanine|perish2
|-start|p1a: Encore|perish2
|upkeep
|turn|7
|c|☆PaquitoelBollito|gg
|
|t:|1783801254
|move|p2a: Absol|Close Combat|p1b: Mainstage
|-immune|p1b: Mainstage
|move|p2b: Arcanine|Head Smash|p1a: Encore
|-damage|p1a: Encore|18/100
|move|p1b: Mainstage|Disable|p2a: Absol
|move|p2a: Absol|Disable|p1b: Mainstage|[from] ability: Magic Bounce
|-start|p1b: Mainstage|Disable|Disable
|move|p1a: Encore|Weather Ball|p2b: Arcanine
|-supereffective|p2b: Arcanine|2
|-damage|p2b: Arcanine|0 fnt
|faint|p2b: Arcanine
|
|-weather|none
|-start|p2a: Absol|perish1
|-start|p1a: Encore|perish1
|-sideend|p2: PaquitoelBollito|move: Tailwind
|upkeep
|turn|8
|
|t:|1783801267
|move|p2a: Absol|Protect|p2a: Absol
|-singleturn|p2a: Absol|Protect
|move|p1b: Mainstage|Protect|p1b: Mainstage
|-singleturn|p1b: Mainstage|Protect
|move|p1a: Encore|Protect||[still]
|-fail|p1a: Encore
|
|-start|p2a: Absol|perish0
|-start|p1a: Encore|perish0
|faint|p2a: Absol
|faint|p1a: Encore
|
|win|truegenesis1!
|raw|truegenesis1!'s rating: 1040 → 1080(+40 for winning)
|raw|PaquitoelBollito's rating: 1097 → 1068(-29 for losing)
