|j|☆sserpiente3
|j|☆robinrambles
|html|sserpiente3robinrambles    
|uhtml|bestof|Game 2 of a best-of-3
|t:|1783295945
|gametype|doubles
|player|p1|sserpiente3|veteran|1126
|player|p2|robinrambles|dawn-gen4pt|1032
|gen|9
|tier|[Gen 9 Champions] VGC 2026 Reg M-B (Bo3)
|rated|
|rule|Species Clause: Limit one of each Pokémon
|rule|Item Clause: Limit 1 of each item
|clearpoke
|poke|p1|Dragalge, L50, M|
|poke|p1|Farigiraf, L50, M|
|poke|p1|Sableye, L50, M|
|poke|p1|Sinistcha, L50|
|poke|p1|Incineroar, L50, F|
|poke|p1|Staraptor, L50, M|
|poke|p2|Eelektross, L50, F|
|poke|p2|Sinistcha, L50|
|poke|p2|Staraptor, L50, M|
|poke|p2|Garchomp, L50, M|
|poke|p2|Sneasler, L50, M|
|poke|p2|Kingambit, L50, F|
|teampreview|4
|showteam|p1|Dragalge||Dragalgite|Adaptability|SludgeBomb,DragonPulse,AcidArmor,Protect|Modest||M|||50|]Farigiraf||ColburBerry|ArmorTail|TrickRoom,HelpingHand,TwinBeam,Protect|Serious||M|||50|]Sableye||LightClay|Prankster|Reflect,LightScreen,Disable,WillOWisp|Relaxed||M|||50|]Sinistcha||SitrusBerry|Hospitality|LifeDew,TrickRoom,MatchaGotcha,StrengthSap|Calm|||||50|]Incineroar||ChopleBerry|Intimidate|PartingShot,FlareBlitz,FakeOut,DarkestLariat|Adamant||F|||50|]Staraptor||ChoiceScarf|Intimidate|FinalGambit,BraveBird,Uturn,Tailwind|Jolly||M|||50|
|showteam|p2|Eelektross||Eelektrossite|Levitate|Protect,Thunderbolt,Flamethrower,GigaDrain|Modest||F|||50|]Sinistcha||SitrusBerry|Hospitality|MatchaGotcha,Protect,ShadowBall,TrickRoom|Bold|||||50|]Staraptor||Staraptite|Intimidate|Tailwind,CloseCombat,BraveBird,Protect|Adamant||M|||50|]Garchomp||YacheBerry|RoughSkin|Earthquake,RockSlide,DragonClaw,StompingTantrum|Adamant||M|||50|]Sneasler||FocusSash|PoisonTouch|DireClaw,FakeOut,CloseCombat,Protect|Adamant||M|||50|]Kingambit||BlackGlasses|Defiant|IronHead,KowtowCleave,SuckerPunch,Protect|Adamant||F|||50|
|
|t:|1783295973
|teamsize|p1|4
|teamsize|p2|4
|start
|switch|p1a: Dragalge|Dragalge, L50, M|100/100
|switch|p1b: szayelaporro|Sableye, L50, M|100/100
|switch|p2a: Staraptor|Staraptor, L50, M|100/100
|switch|p2b: Kingambit|Kingambit, L50, F|100/100
|-ability|p2a: Staraptor|Intimidate|boost
|-unboost|p1a: Dragalge|atk|1
|-unboost|p1b: szayelaporro|atk|1
|turn|1
|
|t:|1783296001
|detailschange|p2a: Staraptor|Staraptor-Mega, L50, M
|-mega|p2a: Staraptor|Staraptor|Staraptite
|move|p1b: szayelaporro|Reflect|p1b: szayelaporro
|-sidestart|p1: sserpiente3|Reflect
|move|p2a: Staraptor|Brave Bird|p1b: szayelaporro
|-damage|p1b: szayelaporro|46/100
|-damage|p2a: Staraptor|83/100|[from] Recoil
|move|p2b: Kingambit|Kowtow Cleave|p1b: szayelaporro
|-damage|p1b: szayelaporro|3/100
|move|p1a: Dragalge|Acid Armor|p1a: Dragalge
|-boost|p1a: Dragalge|def|2
|
|upkeep
|turn|2
|
|t:|1783296023
|switch|p2a: Sneasler|Sneasler, L50, M|100/100
|detailschange|p1a: Dragalge|Dragalge-Mega, L50, M
|-mega|p1a: Dragalge|Dragalge|Dragalgite
|move|p1b: szayelaporro|Will-O-Wisp|p2a: Sneasler
|-status|p2a: Sneasler|brn
|move|p2b: Kingambit|Kowtow Cleave|p1b: szayelaporro
|-damage|p1b: szayelaporro|0 fnt
|faint|p1b: szayelaporro
|move|p1a: Dragalge|Sludge Bomb|p2a: Sneasler
|-resisted|p2a: Sneasler|1
|-damage|p2a: Sneasler|63/100 brn
|
|-damage|p2a: Sneasler|57/100 brn|[from] brn
|upkeep
|
|t:|1783296038
|switch|p1b: Staraptor|Staraptor, L50, M|100/100
|-ability|p1b: Staraptor|Intimidate|boost
|-unboost|p2a: Sneasler|atk|1
|-unboost|p2b: Kingambit|atk|1
|-ability|p2b: Kingambit|Defiant|boost
|-boost|p2b: Kingambit|atk|2
|turn|3
|
|t:|1783296053
|move|p2a: Sneasler|Fake Out|p1b: Staraptor
|-damage|p1b: Staraptor|95/100
|cant|p1b: Staraptor|flinch
|move|p2b: Kingambit|Kowtow Cleave|p1b: Staraptor
|-damage|p1b: Staraptor|17/100
|move|p1a: Dragalge|Dragon Pulse|p2a: Sneasler
|-damage|p2a: Sneasler|0 fnt
|faint|p2a: Sneasler
|
|upkeep
|
|t:|1783296064
|switch|p2a: Garchomp|Garchomp, L50, M|100/100
|turn|4
|
|t:|1783296083
|move|p2b: Kingambit|Protect|p2b: Kingambit
|-singleturn|p2b: Kingambit|Protect
|move|p1b: Staraptor|Brave Bird|p2b: Kingambit
|-activate|p2b: Kingambit|move: Protect
|move|p2a: Garchomp|Rock Slide|p1b: Staraptor|[spread] p1a
|-miss|p2a: Garchomp|p1b: Staraptor
|-damage|p1a: Dragalge|92/100
|move|p1a: Dragalge|Acid Armor|p1a: Dragalge
|-boost|p1a: Dragalge|def|2
|
|upkeep
|turn|5
|
|t:|1783296103
|move|p2b: Kingambit|Sucker Punch|p1b: Staraptor
|-damage|p1b: Staraptor|0 fnt
|faint|p1b: Staraptor
|move|p2a: Garchomp|Stomping Tantrum|p1a: Dragalge
|-supereffective|p1a: Dragalge|1
|-damage|p1a: Dragalge|72/100
|move|p1a: Dragalge|Dragon Pulse|p2a: Garchomp
|-supereffective|p2a: Garchomp|1
|-damage|p2a: Garchomp|1/100
|
|upkeep
|
|t:|1783296108
|switch|p1b: Sinistcha|Sinistcha, L50|100/100
|-heal|p1a: Dragalge|97/100|[from] ability: Hospitality|[of] p1b: Sinistcha
|turn|6
|
|t:|1783296136
|move|p2a: Garchomp|Rock Slide|p1a: Dragalge|[spread] p1a,p1b
|-damage|p1a: Dragalge|92/100
|-damage|p1b: Sinistcha|85/100
|move|p2b: Kingambit|Kowtow Cleave|p1b: Sinistcha
|-supereffective|p1b: Sinistcha|1
|-damage|p1b: Sinistcha|0 fnt
|faint|p1b: Sinistcha
|move|p1a: Dragalge|Dragon Pulse|p2b: Kingambit
|-resisted|p2b: Kingambit|1
|-damage|p2b: Kingambit|78/100
|
|upkeep
|turn|7
|
|t:|1783296155
|move|p2a: Garchomp|Dragon Claw|p1a: Dragalge
|-supereffective|p1a: Dragalge|1
|-damage|p1a: Dragalge|71/100
|move|p2b: Kingambit|Iron Head|p1a: Dragalge
|-damage|p1a: Dragalge|56/100
|move|p1a: Dragalge|Dragon Pulse|p2b: Kingambit
|-resisted|p2b: Kingambit|1
|-damage|p2b: Kingambit|54/100
|
|upkeep
|turn|8
|
|t:|1783296167
|move|p2a: Garchomp|Dragon Claw|p1a: Dragalge
|-supereffective|p1a: Dragalge|1
|-damage|p1a: Dragalge|38/100
|move|p2b: Kingambit|Iron Head|p1a: Dragalge
|-damage|p1a: Dragalge|22/100
|move|p1a: Dragalge|Dragon Pulse|p2b: Kingambit
|-resisted|p2b: Kingambit|1
|-damage|p2b: Kingambit|30/100
|
|-sideend|p1: sserpiente3|Reflect
|upkeep
|turn|9
|
|t:|1783296180
|move|p2a: Garchomp|Dragon Claw|p1a: Dragalge
|-supereffective|p1a: Dragalge|1
|-damage|p1a: Dragalge|0 fnt
|faint|p1a: Dragalge
|
|win|robinrambles
|raw|sserpiente3's rating: 1126 → 1094(-32 for losing)
|raw|robinrambles's rating: 1032 → 1076(+44 for winning)
|l|☆sserpiente3
|player|p1|
