|j|☆new mental
|j|‽bermusinho
|html|new mentalbermusinho    
|uhtml|bestof|Game 3 of a best-of-3
|t:|1784924163
|gametype|doubles
|player|p1|new mental|volkner|1358
|player|p2|bermusinho|2|1347
|gen|9
|tier|[Gen 9 Champions] VGC 2026 Reg M-B (Bo3)
|rated|
|rule|Species Clause: Limit one of each Pokémon
|rule|Item Clause: Limit 1 of each item
|clearpoke
|poke|p1|Charizard, L50, F|
|poke|p1|Garchomp, L50, F|
|poke|p1|Incineroar, L50, M|
|poke|p1|Venusaur, L50, F|
|poke|p1|Toxapex, L50, F|
|poke|p1|Sylveon, L50, M|
|poke|p2|Aerodactyl, L50, M|
|poke|p2|Kingambit, L50, M|
|poke|p2|Sylveon, L50, M|
|poke|p2|Garchomp, L50, F|
|poke|p2|Charizard, L50, M|
|poke|p2|Incineroar, L50, M|
|teampreview|4
|showteam|p1|Charizard||CharizarditeY|SolarPower|WeatherBall,HeatWave,AncientPower,Protect|Modest||F|||50|]Garchomp||ChoiceScarf|RoughSkin|RockSlide,DragonClaw,Earthquake,StompingTantrum|Adamant||F|||50|]Incineroar||SitrusBerry|Intimidate|FlareBlitz,FakeOut,DarkestLariat,PartingShot|Impish||M|||50|]Venusaur||LifeOrb|Chlorophyll|SludgeBomb,LeafStorm,EarthPower,Protect|Modest||F|||50|]Toxapex||Leftovers|Regenerator|Infestation,Toxic,WideGuard,BanefulBunker|Bold||F|||50|]Sylveon||FairyFeather|Pixilate|HyperVoice,QuickAttack,Yawn,Detect|Modest||M|||50|
|showteam|p2|Aerodactyl||Aerodactylite|Unnerve|RockSlide,IceFang,Tailwind,WideGuard|Jolly||M|||50|]Kingambit||FocusSash|Defiant|KowtowCleave,SuckerPunch,IronHead,Protect|Adamant||M|||50|]Sylveon||FairyFeather|Pixilate|Detect,HyperVoice,HyperBeam,QuickAttack|Modest||M|||50|]Garchomp||LifeOrb|RoughSkin|Earthquake,DragonClaw,StompingTantrum,Protect|Jolly||F|||50|]Charizard||CharizarditeY|Blaze|Protect,HeatWave,SolarBeam,WeatherBall|Modest||M|||50|]Incineroar||SitrusBerry|Intimidate|DarkestLariat,FlareBlitz,FakeOut,PartingShot|Impish||M|||50|
|inactive|Battle timer is ON: inactive players will automatically lose when time's up. (requested by new mental)
|
|t:|1784924179
|teamsize|p1|4
|teamsize|p2|4
|start
|switch|p1a: Charizard|Charizard, L50, F|100/100
|switch|p1b: Toxapex|Toxapex, L50, F|100/100
|switch|p2a: Garchomp|Garchomp, L50, F|100/100
|switch|p2b: Aerodactyl|Aerodactyl, L50, M|100/100
|-ability|p2b: Aerodactyl|Unnerve
|turn|1
|
|t:|1784924194
|detailschange|p1a: Charizard|Charizard-Mega-Y, L50, F
|-mega|p1a: Charizard|Charizard|Charizardite Y
|-weather|SunnyDay|[from] ability: Drought|[of] p1a: Charizard
|move|p1b: Toxapex|Wide Guard|p1b: Toxapex
|-singleturn|p1b: Toxapex|Wide Guard
|move|p2b: Aerodactyl|Rock Slide|p1a: Charizard|[spread] 
|-activate|p1a: Charizard|move: Wide Guard
|-activate|p1b: Toxapex|move: Wide Guard
|move|p2a: Garchomp|Earthquake|p1b: Toxapex|[spread] 
|-activate|p1a: Charizard|move: Wide Guard
|-activate|p1b: Toxapex|move: Wide Guard
|-immune|p2b: Aerodactyl
|move|p1a: Charizard|Heat Wave|p2a: Garchomp|[spread] p2a,p2b
|-resisted|p2a: Garchomp|1
|-resisted|p2b: Aerodactyl|1
|-damage|p2a: Garchomp|67/100
|-damage|p2b: Aerodactyl|65/100
|-status|p2b: Aerodactyl|brn
|
|-weather|SunnyDay|[upkeep]
|-damage|p2b: Aerodactyl|59/100 brn|[from] brn
|upkeep
|turn|2
|inactive|new mental has 30 seconds left.
|
|t:|1784924223
|switch|p1b: Incineroar|Incineroar, L50, M|100/100
|-ability|p1b: Incineroar|Intimidate|boost
|-unboost|p2a: Garchomp|atk|1
|-unboost|p2b: Aerodactyl|atk|1
|move|p2b: Aerodactyl|Rock Slide|p1a: Charizard|[spread] p1a,p1b
|-supereffective|p1a: Charizard|2
|-supereffective|p1b: Incineroar|1
|-damage|p1a: Charizard|76/100
|-damage|p1b: Incineroar|90/100
|move|p2a: Garchomp|Stomping Tantrum|p1b: Incineroar
|-supereffective|p1b: Incineroar|1
|-crit|p1b: Incineroar
|-damage|p1b: Incineroar|0 fnt
|faint|p1b: Incineroar
|-damage|p2a: Garchomp|57/100|[from] item: Life Orb
|move|p1a: Charizard|Weather Ball|p2a: Garchomp
|-resisted|p2a: Garchomp|1
|-damage|p2a: Garchomp|9/100
|
|-weather|SunnyDay|[upkeep]
|-damage|p2b: Aerodactyl|53/100 brn|[from] brn
|upkeep
|
|t:|1784924237
|switch|p1b: Toxapex|Toxapex, L50, F|100/100
|turn|3
|
|t:|1784924255
|switch|p2a: Incineroar|Incineroar, L50, M|100/100
|-ability|p2a: Incineroar|Intimidate|boost
|-unboost|p1a: Charizard|atk|1
|-unboost|p1b: Toxapex|atk|1
|move|p1b: Toxapex|Wide Guard|p1b: Toxapex
|-singleturn|p1b: Toxapex|Wide Guard
|move|p2b: Aerodactyl|Tailwind|p2b: Aerodactyl
|-sidestart|p2: bermusinho|move: Tailwind
|move|p1a: Charizard|Weather Ball|p2a: Incineroar
|-resisted|p2a: Incineroar|1
|-damage|p2a: Incineroar|59/100
|
|-weather|SunnyDay|[upkeep]
|-damage|p2b: Aerodactyl|47/100 brn|[from] brn
|upkeep
|turn|4
|
|t:|1784924270
|move|p1a: Charizard|Protect|p1a: Charizard
|-singleturn|p1a: Charizard|Protect
|move|p2b: Aerodactyl|Rock Slide|p1a: Charizard|[spread] p1b
|-activate|p1a: Charizard|move: Protect
|-damage|p1b: Toxapex|94/100
|move|p2a: Incineroar|Darkest Lariat|p1a: Charizard
|-activate|p1a: Charizard|move: Protect
|move|p1b: Toxapex|Toxic|p2a: Incineroar
|-status|p2a: Incineroar|tox
|
|-weather|SunnyDay|[upkeep]
|-heal|p1b: Toxapex|100/100|[from] item: Leftovers
|-damage|p2a: Incineroar|53/100 tox|[from] psn
|-damage|p2b: Aerodactyl|41/100 brn|[from] brn
|upkeep
|turn|5
|
|t:|1784924288
|move|p1b: Toxapex|Wide Guard|p1b: Toxapex
|-singleturn|p1b: Toxapex|Wide Guard
|move|p2b: Aerodactyl|Rock Slide|p1b: Toxapex|[spread] 
|-activate|p1a: Charizard|move: Wide Guard
|-activate|p1b: Toxapex|move: Wide Guard
|move|p2a: Incineroar|Darkest Lariat|p1a: Charizard
|-damage|p1a: Charizard|44/100
|move|p1a: Charizard|Ancient Power|p2a: Incineroar
|-supereffective|p2a: Incineroar|1
|-damage|p2a: Incineroar|10/100 tox
|-enditem|p2a: Incineroar|Sitrus Berry|[eat]
|-heal|p2a: Incineroar|35/100 tox|[from] item: Sitrus Berry
|
|-weather|none
|-damage|p2a: Incineroar|23/100 tox|[from] psn
|-damage|p2b: Aerodactyl|35/100 brn|[from] brn
|upkeep
|turn|6
|
|t:|1784924310
|switch|p1a: Sylveon|Sylveon, L50, M|100/100
|move|p2b: Aerodactyl|Tailwind||[still]
|-fail|p2b: Aerodactyl
|move|p2a: Incineroar|Darkest Lariat|p1a: Sylveon
|-resisted|p1a: Sylveon|1
|-damage|p1a: Sylveon|84/100
|move|p1b: Toxapex|Infestation|p2a: Incineroar
|-damage|p2a: Incineroar|20/100y tox
|-activate|p2a: Incineroar|move: Infestation|[of] p1b: Toxapex
|
|-damage|p2a: Incineroar|2/100 tox|[from] psn
|-damage|p2b: Aerodactyl|29/100 brn|[from] brn
|-damage|p2a: Incineroar|0 fnt|[from] move: Infestation|[partiallytrapped]
|faint|p2a: Incineroar
|-sideend|p2: bermusinho|move: Tailwind
|upkeep
|
|t:|1784924325
|switch|p2a: Garchomp|Garchomp, L50, F|9/100
|turn|7
|
|t:|1784924330
|move|p2a: Garchomp|Protect|p2a: Garchomp
|-singleturn|p2a: Garchomp|Protect
|move|p1a: Sylveon|Quick Attack|p2a: Garchomp
|-activate|p2a: Garchomp|move: Protect
|move|p2b: Aerodactyl|Tailwind|p2b: Aerodactyl
|-sidestart|p2: bermusinho|move: Tailwind
|move|p1b: Toxapex|Infestation|p2b: Aerodactyl
|-resisted|p2b: Aerodactyl|1
|-damage|p2b: Aerodactyl|27/100 brn
|-activate|p2b: Aerodactyl|move: Infestation|[of] p1b: Toxapex
|
|-damage|p2b: Aerodactyl|21/100 brn|[from] brn
|-damage|p2b: Aerodactyl|9/100 brn|[from] move: Infestation|[partiallytrapped]
|upkeep
|turn|8
|inactive|new mental has 30 seconds left.
|
|t:|1784924358
|switch|p2a: Charizard|Charizard, L50, M|100/100
|move|p1a: Sylveon|Quick Attack|p2a: Charizard
|-resisted|p2a: Charizard|1
|-damage|p2a: Charizard|93/100
|move|p2b: Aerodactyl|Rock Slide|p1b: Toxapex|[spread] p1a,p1b
|-damage|p1a: Sylveon|77/100
|-damage|p1b: Toxapex|94/100
|cant|p1b: Toxapex|flinch
|
|-heal|p1b: Toxapex|100/100|[from] item: Leftovers
|-damage|p2b: Aerodactyl|3/100 brn|[from] brn
|-damage|p2b: Aerodactyl|0 fnt|[from] move: Infestation|[partiallytrapped]
|faint|p2b: Aerodactyl
|upkeep
|
|t:|1784924371
|switch|p2b: Garchomp|Garchomp, L50, F|9/100
|turn|9
|
|t:|1784924377
|detailschange|p2a: Charizard|Charizard-Mega-Y, L50, M
|-mega|p2a: Charizard|Charizard|Charizardite Y
|-weather|SunnyDay|[from] ability: Drought|[of] p2a: Charizard
|move|p1a: Sylveon|Detect|p1a: Sylveon
|-singleturn|p1a: Sylveon|Protect
|move|p2b: Garchomp|Earthquake|p1b: Toxapex|[spread] p1b
|-activate|p1a: Sylveon|move: Protect
|-immune|p2a: Charizard
|-supereffective|p1b: Toxapex|1
|-damage|p1b: Toxapex|28/100
|-damage|p2b: Garchomp|0 fnt|[from] item: Life Orb
|faint|p2b: Garchomp
|move|p2a: Charizard|Weather Ball|p1a: Sylveon
|-activate|p1a: Sylveon|move: Protect
|move|p1b: Toxapex|Toxic|p2a: Charizard
|-status|p2a: Charizard|tox
|
|-weather|SunnyDay|[upkeep]
|-heal|p1b: Toxapex|34/100|[from] item: Leftovers
|-damage|p2a: Charizard|87/100 tox|[from] psn
|upkeep
|turn|10
|-message|bermusinho forfeited.
|
|win|new mental
|raw|new mental's rating: 1358 → 1377(+19 for winning)
|raw|bermusinho's rating: 1347 → 1328(-19 for losing)
