|j|鈽哛etking
|j|鈽咷lumshanks
|html|RetkingGlumshanks    
|uhtml|bestof|Game 1 of a best-of-3
|t:|1756585493
|gametype|doubles
|player|p1|Retking|n|
|player|p2|Glumshanks|ninjaboy|
|gen|9
|tier|[Gen 9] VGC 2025 Reg H (Bo3)
|rule|Species Clause: Limit one of each Pok茅mon
|rule|Item Clause: Limit 1 of each item
|clearpoke
|poke|p1|Gholdengo, L50|
|poke|p1|Sneasler, L50, M|
|poke|p1|Rillaboom, L50, M|
|poke|p1|Dragonite, L50, F|
|poke|p1|Ninetales-Alola, L50, M|
|poke|p1|Arcanine-Hisui, L50, F|
|poke|p2|Pelipper, L50, F|
|poke|p2|Archaludon, L50, M|
|poke|p2|Incineroar, L50, F|
|poke|p2|Kingdra, L50, F|
|poke|p2|Amoonguss, L50, M|
|poke|p2|Rillaboom, L50, F|
|teampreview|4
|showteam|p1|Gholdengo||GrassySeed|GoodasGold|NastyPlot,MakeItRain,ShadowBall,Protect||||||50|,,,,,Water]Sneasler||WhiteHerb|Unburden|CloseCombat,DireClaw,Coaching,Protect|||M|||50|,,,,,Ghost]Rillaboom||AssaultVest|GrassySurge|FakeOut,GrassyGlide,DrumBeating,HighHorsepower|||M|||50|,,,,,Fire]Dragonite||LoadedDice|Multiscale|ScaleShot,StompingTantrum,Tailwind,Protect|||F|||50|,,,,,Ground]Ninetales-Alola||FocusSash|SnowWarning|Blizzard,IcyWind,Encore,AuroraVeil|||M|||50|,,,,,Ghost]Arcanine-Hisui||ClearAmulet|Intimidate|RockSlide,FlareBlitz,ExtremeSpeed,Protect|||F|||50|,,,,,Water
|showteam|p2|Pelipper||FocusSash|Drizzle|Hurricane,WeatherBall,Tailwind,Protect|||F|||50|,,,,,Ground]Archaludon||AssaultVest|Stamina|ElectroShot,DracoMeteor,FlashCannon,BodyPress|||M|||50|,,,,,Bug]Incineroar||SafetyGoggles|Intimidate|FlareBlitz,KnockOff,PartingShot,FakeOut|||F|||50|,,,,,Ghost]Kingdra||LifeOrb|SwiftSwim|DracoMeteor,WeatherBall,Protect,MuddyWater|||F|||50|,,,,,Stellar]Amoonguss||SitrusBerry|Regenerator|PollenPuff,Protect,RagePowder,Spore|||M|||50|,,,,,Water]Rillaboom||LoadedDice|GrassySurge|BulletSeed,GrassyGlide,HighHorsepower,FakeOut|||F|||50|,,,,,Fire
|inactive|Battle timer is ON: inactive players will automatically lose when time's up. (requested by Retking)
|j| Shit tier pro
|c|鈽哛etking|glhd
|c|鈽哛etking|glhf*
|c|鈽咷lumshanks|glhf!
|inactive|Retking has 60 seconds left.
|inactive|Glumshanks has 60 seconds left.
|
|t:|1756585553
|teamsize|p1|4
|teamsize|p2|4
|start
|switch|p1a: Dragonite|Dragonite, L50, F|100/100
|switch|p1b: Sneasler|Sneasler, L50, M|100/100
|switch|p2a: Rillaboom|Rillaboom, L50, F|100/100
|switch|p2b: Kingdra|Kingdra, L50, F|100/100
|-fieldstart|move: Grassy Terrain|[from] ability: Grassy Surge|[of] p2a: Rillaboom
|turn|1
|inactive|Retking has 30 seconds left.
|inactive|Glumshanks has 30 seconds left.
|
|t:|1756585582
|switch|p1b: Gholdengo|Gholdengo, L50|100/100
|-enditem|p1b: Gholdengo|Grassy Seed
|-boost|p1b: Gholdengo|def|1|[from] item: Grassy Seed
|switch|p2b: Archaludon|Archaludon, L50, M|100/100
|move|p1a: Dragonite|Protect|p1a: Dragonite
|-singleturn|p1a: Dragonite|Protect
|move|p2a: Rillaboom|Bullet Seed|p1b: Gholdengo
|-resisted|p1b: Gholdengo
|-damage|p1b: Gholdengo|95/100
|-resisted|p1b: Gholdengo
|-damage|p1b: Gholdengo|89/100
|-resisted|p1b: Gholdengo
|-damage|p1b: Gholdengo|83/100
|-resisted|p1b: Gholdengo
|-damage|p1b: Gholdengo|78/100
|-hitcount|p1b: Gholdengo|4
|
|-heal|p1b: Gholdengo|84/100|[from] Grassy Terrain
|upkeep
|turn|2
|inactive|Glumshanks has 30 seconds left.
|
|t:|1756585612
|switch|p2a: Pelipper|Pelipper, L50, F|100/100
|-weather|RainDance|[from] ability: Drizzle|[of] p2a: Pelipper
|move|p1b: Gholdengo|Nasty Plot|p1b: Gholdengo
|-boost|p1b: Gholdengo|spa|2
|move|p1a: Dragonite|Scale Shot|p2a: Pelipper
|-damage|p2a: Pelipper|80/100
|-damage|p2a: Pelipper|62/100
|-damage|p2a: Pelipper|42/100
|-damage|p2a: Pelipper|23/100
|-damage|p2a: Pelipper|5/100
|-hitcount|p2a: Pelipper|5
|-unboost|p1a: Dragonite|def|1
|-boost|p1a: Dragonite|spe|1
|move|p2b: Archaludon|Electro Shot||[still]
|-prepare|p2b: Archaludon|Electro Shot
|-boost|p2b: Archaludon|spa|1
|-anim|p2b: Archaludon|Electro Shot|p1b: Gholdengo
|-damage|p1b: Gholdengo|21/100
|
|-weather|RainDance|[upkeep]
|-heal|p1b: Gholdengo|28/100|[from] Grassy Terrain
|upkeep
|turn|3
|inactive|Retking has 30 seconds left.
|inactive|Glumshanks has 30 seconds left.
|
|t:|1756585644
|switch|p1a: Ninetales|Ninetales-Alola, L50, M, shiny|100/100
|-weather|Snowscape|[from] ability: Snow Warning|[of] p1a: Ninetales
|move|p1b: Gholdengo|Protect|p1b: Gholdengo
|-singleturn|p1b: Gholdengo|Protect
|move|p2b: Archaludon|Electro Shot||[still]
|-prepare|p2b: Archaludon|Electro Shot
|-boost|p2b: Archaludon|spa|1
|move|p2a: Pelipper|Tailwind|p2a: Pelipper
|-sidestart|p2: Glumshanks|move: Tailwind
|
|-weather|Snowscape|[upkeep]
|-heal|p1b: Gholdengo|34/100|[from] Grassy Terrain
|upkeep
|turn|4
|inactive|Retking has 30 seconds left.
|inactive|Glumshanks has 30 seconds left.
|inactive|Retking has 20 seconds left.
|inactive|Retking has 15 seconds left.
|inactive|Retking has 10 seconds left.
|inactive|Retking has 5 seconds left.
|
|t:|1756585697
|switch|p1b: Sneasler|Sneasler, L50, M|100/100
|move|p2b: Archaludon|Electro Shot|p1b: Sneasler|[from] lockedmove
|-damage|p1b: Sneasler|0 fnt
|faint|p1b: Sneasler
|move|p2a: Pelipper|Weather Ball|p1a: Ninetales
|-resisted|p1a: Ninetales
|-damage|p1a: Ninetales|82/100
|move|p1a: Ninetales|Icy Wind|p2a: Pelipper|[spread] p2a,p2b
|-damage|p2a: Pelipper|0 fnt
|-damage|p2b: Archaludon|89/100
|-unboost|p2b: Archaludon|spe|1
|-ability|p2b: Archaludon|Stamina|boost
|-boost|p2b: Archaludon|def|1
|faint|p2a: Pelipper
|
|-weather|Snowscape|[upkeep]
|-heal|p1a: Ninetales|88/100|[from] Grassy Terrain
|-heal|p2b: Archaludon|95/100|[from] Grassy Terrain
|upkeep
|
|t:|1756585707
|switch|p1b: Gholdengo|Gholdengo, L50|34/100
|switch|p2a: Kingdra|Kingdra, L50, F|100/100
|turn|5
|inactive|Retking has 30 seconds left.
|inactive|Retking has 20 seconds left.
|inactive|Retking has 15 seconds left.
|inactive|Retking has 10 seconds left.
|inactive|Glumshanks has 30 seconds left.
|inactive|Retking has 5 seconds left.
|
|t:|1756585758
|-terastallize|p2a: Kingdra|Stellar
|move|p1b: Gholdengo|Protect|p1b: Gholdengo
|-singleturn|p1b: Gholdengo|Protect
|move|p2a: Kingdra|Muddy Water|p1a: Ninetales|[spread] p1a
|-activate|p1b: Gholdengo|move: Protect
|-damage|p1a: Ninetales|25/100
|-damage|p2a: Kingdra|91/100|[from] item: Life Orb
|move|p1a: Ninetales|Icy Wind|p2a: Kingdra|[spread] p2a,p2b
|-damage|p2a: Kingdra|73/100
|-damage|p2b: Archaludon|83/100
|-unboost|p2a: Kingdra|spe|1
|-unboost|p2b: Archaludon|spe|1
|-ability|p2b: Archaludon|Stamina|boost
|-boost|p2b: Archaludon|def|1
|move|p2b: Archaludon|Flash Cannon|p1a: Ninetales
|-supereffective|p1a: Ninetales
|-damage|p1a: Ninetales|0 fnt
|faint|p1a: Ninetales
|
|-weather|Snowscape|[upkeep]
|-heal|p2a: Kingdra|79/100|[from] Grassy Terrain
|-heal|p1b: Gholdengo|40/100|[from] Grassy Terrain
|-heal|p2b: Archaludon|89/100|[from] Grassy Terrain
|-fieldend|move: Grassy Terrain
|upkeep
|
|t:|1756585773
|switch|p1a: Dragonite|Dragonite, L50, F|100/100
|turn|6
|inactive|Retking has 30 seconds left.
|inactive|Retking has 20 seconds left.
|inactive|Glumshanks has 30 seconds left.
|inactive|Retking has 15 seconds left.
|inactive|Retking has 10 seconds left.
|inactive|Retking has 5 seconds left.
|
|t:|1756585823
|move|p1b: Gholdengo|Protect||[still]
|-fail|p1b: Gholdengo
|move|p1a: Dragonite|Protect|p1a: Dragonite
|-singleturn|p1a: Dragonite|Protect
|move|p2a: Kingdra|Draco Meteor|p1a: Dragonite
|-activate|p1a: Dragonite|move: Protect
|move|p2b: Archaludon|Draco Meteor|p1b: Gholdengo
|-resisted|p1b: Gholdengo
|-damage|p1b: Gholdengo|0 fnt
|-unboost|p2b: Archaludon|spa|2
|faint|p1b: Gholdengo
|
|-weather|Snowscape|[upkeep]
|-sideend|p2: Glumshanks|move: Tailwind
|upkeep
|turn|7
|inactive|Retking has 30 seconds left.
|
|t:|1756585854
|switch|p2a: Rillaboom|Rillaboom, L50, F|100/100
|-fieldstart|move: Grassy Terrain|[from] ability: Grassy Surge|[of] p2a: Rillaboom
|move|p1a: Dragonite|Scale Shot|p2a: Rillaboom
|-damage|p2a: Rillaboom|86/100
|-damage|p2a: Rillaboom|71/100
|-damage|p2a: Rillaboom|56/100
|-damage|p2a: Rillaboom|42/100
|-hitcount|p2a: Rillaboom|4
|-unboost|p1a: Dragonite|def|1
|-boost|p1a: Dragonite|spe|1
|move|p2b: Archaludon|Flash Cannon|p1a: Dragonite
|-damage|p1a: Dragonite|80/100
|
|-weather|none
|-heal|p2a: Rillaboom|48/100|[from] Grassy Terrain
|-heal|p2b: Archaludon|95/100|[from] Grassy Terrain
|upkeep
|turn|8
|
|t:|1756585865
|move|p1a: Dragonite|Protect|p1a: Dragonite
|-singleturn|p1a: Dragonite|Protect
|move|p2a: Rillaboom|Fake Out|p1a: Dragonite
|-activate|p1a: Dragonite|move: Protect
|move|p2b: Archaludon|Draco Meteor|p1a: Dragonite
|-activate|p1a: Dragonite|move: Protect
|
|-heal|p2a: Rillaboom|53/100|[from] Grassy Terrain
|-heal|p2b: Archaludon|100/100|[from] Grassy Terrain
|upkeep
|turn|9
|
|t:|1756585874
|-terastallize|p1a: Dragonite|Ground
|move|p1a: Dragonite|Scale Shot|p2a: Rillaboom
|-damage|p2a: Rillaboom|39/100
|-damage|p2a: Rillaboom|24/100
|-damage|p2a: Rillaboom|11/100
|-damage|p2a: Rillaboom|0 fnt
|faint|p2a: Rillaboom
|-hitcount|p2: Rillaboom|4
|-unboost|p1a: Dragonite|def|1
|-boost|p1a: Dragonite|spe|1
|move|p2b: Archaludon|Draco Meteor|p1a: Dragonite
|-damage|p1a: Dragonite|15/100
|-unboost|p2b: Archaludon|spa|2
|
|-heal|p1a: Dragonite|21/100|[from] Grassy Terrain
|upkeep
|
|t:|1756585879
|switch|p2a: Kingdra|Kingdra, L50, F, tera:Stellar|79/100
|turn|10
|
|t:|1756585891
|move|p1a: Dragonite|Protect|p1a: Dragonite
|-singleturn|p1a: Dragonite|Protect
|move|p2a: Kingdra|Muddy Water|p1a: Dragonite
|-activate|p1a: Dragonite|move: Protect
|move|p2b: Archaludon|Body Press|p1a: Dragonite
|-activate|p1a: Dragonite|move: Protect
|
|-heal|p1a: Dragonite|27/100|[from] Grassy Terrain
|-heal|p2a: Kingdra|85/100|[from] Grassy Terrain
|upkeep
|turn|11
|
|t:|1756585897
|move|p1a: Dragonite|Scale Shot|p2a: Kingdra
|-supereffective|p2a: Kingdra
|-damage|p2a: Kingdra|45/100
|-supereffective|p2a: Kingdra
|-damage|p2a: Kingdra|8/100
|-supereffective|p2a: Kingdra
|-damage|p2a: Kingdra|0 fnt
|faint|p2a: Kingdra
|-hitcount|p2: Kingdra|3
|-unboost|p1a: Dragonite|def|1
|-boost|p1a: Dragonite|spe|1
|move|p2b: Archaludon|Body Press|p1a: Dragonite
|-damage|p1a: Dragonite|0 fnt
|faint|p1a: Dragonite
|
|win|Glumshanks
||Retking is ready for game 2.
|inactive|Glumshanks has 30 seconds to confirm battle start!
