|j|☆FALL3N_DWN
|j|☆IronStandsEternal
|html|FALL3N_DWNIronStandsEternal    
|uhtml|bestof|Game 1 of a best-of-3
|t:|1757109860
|gametype|doubles
|player|p1|FALL3N_DWN|carmine-festival|1168
|player|p2|IronStandsEternal|flint|1227
|gen|9
|tier|[Gen 9] VGC 2025 Reg H (Bo3)
|rated|
|rule|Species Clause: Limit one of each Pokémon
|rule|Item Clause: Limit 1 of each item
|clearpoke
|poke|p1|Electabuzz, L50, F|
|poke|p1|Kingambit, L50, M|
|poke|p1|Volcarona, L50, M|
|poke|p1|Dragonite, L50, F|
|poke|p1|Sneasler, L50, F|
|poke|p1|Rillaboom, L50, M|
|poke|p2|Rillaboom, L50, M|
|poke|p2|Dragonite, L50, M|
|poke|p2|Sneasler, L50, M|
|poke|p2|Ninetales-Alola, L50, F|
|poke|p2|Kingambit, L50, M|
|poke|p2|Volcarona, L50, F|
|teampreview|4
|showteam|p1|Electabuzz||Eviolite|VitalSpirit|FollowMe,Thunderbolt,Taunt,Protect|||F|||50|,,,,,Ghost]Kingambit||BlackGlasses|Defiant|KowtowCleave,SuckerPunch,SwordsDance,Protect|||M|||50|,,,,,Dark]Volcarona||Leftovers|FlameBody|HeatWave,TeraBlast,QuiverDance,Protect|||M|||50|,,,,,Fairy]Dragonite||LoadedDice|Multiscale|ScaleShot,ExtremeSpeed,Haze,Protect|||F|||50|,,,,,Fairy]Sneasler||FocusSash|Unburden|DireClaw,CloseCombat,Coaching,FakeOut|||F|||50|,,,,,Stellar]Rillaboom||AssaultVest|GrassySurge|FakeOut,WoodHammer,GrassyGlide,HighHorsepower|||M|||50|,,,,,Fire
|showteam|p2|Rillaboom||AssaultVest|GrassySurge|WoodHammer,GrassyGlide,HighHorsepower,FakeOut|||M|||50|,,,,,Fire]Dragonite||LoadedDice|Multiscale|Protect,ScaleShot,LowKick,Haze|||M|||50|,,,,,Fairy]Sneasler||WhiteHerb|Unburden|Protect,DireClaw,CloseCombat,Coaching|||M|||50|,,,,,Ghost]Ninetales-Alola||ChoiceSpecs|SnowWarning|Blizzard,IcyWind,Moonblast,FreezeDry|||F|||50|,,,,,Ghost]Kingambit||SafetyGoggles|Defiant|Protect,KowtowCleave,SuckerPunch,SwordsDance|||M|||50|,,,,,Dark]Volcarona||CovertCloak|FlameBody|StruggleBug,RagePowder,Overheat,WillOWisp|||F|||50|,,,,,Fairy
|inactive|Battle timer is ON: inactive players will automatically lose when time's up. (requested by IronStandsEternal)
|inactive|IronStandsEternal has 30 seconds left.
|
|t:|1757110020
|teamsize|p1|4
|teamsize|p2|4
|start
|switch|p1a: Volcarona|Volcarona, L50, M|100/100
|switch|p1b: Sneasler|Sneasler, L50, F|100/100
|switch|p2a: Volcarona|Volcarona, L50, F|100/100
|switch|p2b: Dragonite|Dragonite, L50, M|100/100
|turn|1
|inactive|FALL3N_DWN has 30 seconds left.
|inactive|IronStandsEternal has 30 seconds left.
|inactive|FALL3N_DWN has 20 seconds left.
|
|t:|1757110058
|-terastallize|p1a: Volcarona|Fairy
|move|p1b: Sneasler|Fake Out|p2b: Dragonite
|-damage|p2b: Dragonite|93/100
|move|p2a: Volcarona|Will-O-Wisp|p1b: Sneasler
|-status|p1b: Sneasler|brn
|move|p1a: Volcarona|Tera Blast|p2b: Dragonite|[anim] Tera Blast Fairy
|-supereffective|p2b: Dragonite
|-damage|p2b: Dragonite|5/100
|cant|p2b: Dragonite|flinch
|
|-damage|p1b: Sneasler|95/100 brn|[from] brn
|upkeep
|turn|2
|inactive|FALL3N_DWN has 30 seconds left.
|inactive|IronStandsEternal has 30 seconds left.
|inactive|IronStandsEternal has 20 seconds left.
|
|t:|1757110102
|move|p2b: Dragonite|Protect|p2b: Dragonite
|-singleturn|p2b: Dragonite|Protect
|move|p1b: Sneasler|Dire Claw|p2a: Volcarona
|-damage|p2a: Volcarona|75/100
|move|p2a: Volcarona|Struggle Bug|p1b: Sneasler|[spread] p1a,p1b
|-resisted|p1a: Volcarona
|-resisted|p1b: Sneasler
|-crit|p1b: Sneasler
|-damage|p1a: Volcarona|93/100
|-damage|p1b: Sneasler|86/100 brn
|-unboost|p1a: Volcarona|spa|1
|-unboost|p1b: Sneasler|spa|1
|move|p1a: Volcarona|Quiver Dance|p1a: Volcarona
|-boost|p1a: Volcarona|spa|1
|-boost|p1a: Volcarona|spd|1
|-boost|p1a: Volcarona|spe|1
|
|-heal|p1a: Volcarona|99/100|[from] item: Leftovers
|-damage|p1b: Sneasler|80/100 brn|[from] brn
|upkeep
|turn|3
|inactive|FALL3N_DWN has 30 seconds left.
|inactive|IronStandsEternal has 30 seconds left.
|
|t:|1757110135
|move|p1a: Volcarona|Quiver Dance|p1a: Volcarona
|-boost|p1a: Volcarona|spa|1
|-boost|p1a: Volcarona|spd|1
|-boost|p1a: Volcarona|spe|1
|move|p1b: Sneasler|Dire Claw|p2b: Dragonite
|-damage|p2b: Dragonite|0 fnt
|faint|p2b: Dragonite
|move|p2a: Volcarona|Overheat|p1a: Volcarona|[miss]
|-miss|p2a: Volcarona|p1a: Volcarona
|
|-heal|p1a: Volcarona|100/100|[from] item: Leftovers
|-damage|p1b: Sneasler|75/100 brn|[from] brn
|upkeep
|
|t:|1757110150
|switch|p2b: Sneasler|Sneasler, L50, M|100/100
|turn|4
|inactive|FALL3N_DWN has 30 seconds left.
|inactive|IronStandsEternal has 30 seconds left.
|
|t:|1757110180
|move|p1a: Volcarona|Protect|p1a: Volcarona
|-singleturn|p1a: Volcarona|Protect
|move|p2a: Volcarona|Rage Powder|p2a: Volcarona
|-singleturn|p2a: Volcarona|move: Rage Powder
|move|p2b: Sneasler|Dire Claw|p1a: Volcarona
|-activate|p1a: Volcarona|move: Protect
|move|p1b: Sneasler|Dire Claw|p2a: Volcarona
|-damage|p2a: Volcarona|52/100
|
|-damage|p1b: Sneasler|69/100 brn|[from] brn
|upkeep
|turn|5
|inactive|FALL3N_DWN has 30 seconds left.
|
|t:|1757110211
|move|p2a: Volcarona|Rage Powder|p2a: Volcarona
|-singleturn|p2a: Volcarona|move: Rage Powder
|move|p1a: Volcarona|Heat Wave|p2b: Sneasler|[spread] p2a,p2b
|-damage|p2a: Volcarona|6/100
|-damage|p2b: Sneasler|39/100
|move|p1b: Sneasler|Close Combat|p2a: Volcarona
|-resisted|p2a: Volcarona
|-damage|p2a: Volcarona|0 fnt
|-unboost|p1b: Sneasler|def|1
|-unboost|p1b: Sneasler|spd|1
|faint|p2a: Volcarona
|move|p2b: Sneasler|Dire Claw|p1a: Volcarona
|-supereffective|p1a: Volcarona
|-damage|p1a: Volcarona|15/100
|
|-heal|p1a: Volcarona|21/100|[from] item: Leftovers
|-damage|p1b: Sneasler|63/100 brn|[from] brn
|upkeep
|
|t:|1757110226
|switch|p2a: Kingambit|Kingambit, L50, M|100/100
|turn|6
|
|t:|1757110246
|-terastallize|p2a: Kingambit|Dark
|move|p1a: Volcarona|Protect|p1a: Volcarona
|-singleturn|p1a: Volcarona|Protect
|move|p2a: Kingambit|Sucker Punch||[still]
|-fail|p2a: Kingambit
|move|p1b: Sneasler|Close Combat|p2a: Kingambit
|-supereffective|p2a: Kingambit
|-damage|p2a: Kingambit|52/100
|-unboost|p1b: Sneasler|def|1
|-unboost|p1b: Sneasler|spd|1
|move|p2b: Sneasler|Close Combat|p1b: Sneasler
|-resisted|p1b: Sneasler
|-damage|p1b: Sneasler|0 fnt
|-unboost|p2b: Sneasler|def|1
|-unboost|p2b: Sneasler|spd|1
|faint|p1b: Sneasler
|-enditem|p2b: Sneasler|White Herb
|-clearnegativeboost|p2b: Sneasler|[silent]
|
|-heal|p1a: Volcarona|28/100|[from] item: Leftovers
|upkeep
|inactive|FALL3N_DWN has 30 seconds left.
|inactive|FALL3N_DWN has 20 seconds left.
|
|t:|1757110286
|switch|p1b: Electabuzz|Electabuzz, L50, F|100/100
|turn|7
|inactive|IronStandsEternal has 30 seconds left.
|
|t:|1757110312
|move|p2a: Kingambit|Protect|p2a: Kingambit
|-singleturn|p2a: Kingambit|Protect
|move|p1b: Electabuzz|Follow Me|p1b: Electabuzz
|-singleturn|p1b: Electabuzz|move: Follow Me
|move|p2b: Sneasler|Dire Claw|p1b: Electabuzz
|-damage|p1b: Electabuzz|71/100
|move|p1a: Volcarona|Heat Wave|p2b: Sneasler|[spread] p2b
|-activate|p2a: Kingambit|move: Protect
|-damage|p2b: Sneasler|0 fnt
|faint|p2b: Sneasler
|
|-heal|p1a: Volcarona|34/100|[from] item: Leftovers
|upkeep
|turn|8
|
|t:|1757110330
|move|p1b: Electabuzz|Follow Me|p1b: Electabuzz
|-singleturn|p1b: Electabuzz|move: Follow Me
|move|p1a: Volcarona|Tera Blast|p2a: Kingambit|[anim] Tera Blast Fairy
|-supereffective|p2a: Kingambit
|-damage|p2a: Kingambit|0 fnt
|faint|p2a: Kingambit
|
|win|FALL3N_DWN
|inactive|FALL3N_DWN has 30 seconds to confirm battle start!
|inactive|IronStandsEternal has 30 seconds to confirm battle start!
||IronStandsEternal is ready for game 2.
||FALL3N_DWN is ready for game 2.
|uhtml|next|Next: Game 2 of 3
|l|☆IronStandsEternal
|player|p2|
