|j|☆NeatoIsNeat
|j|☆malaninja
|html|NeatoIsNeatmalaninja    
|uhtml|bestof|Game 3 of a best-of-3
|t:|1783296020
|gametype|doubles
|player|p1|NeatoIsNeat|102|1000
|player|p2|malaninja|266|1000
|gen|9
|tier|[Gen 9 Champions] VGC 2026 Reg M-B (Bo3)
|rated|
|rule|Species Clause: Limit one of each Pokémon
|rule|Item Clause: Limit 1 of each item
|clearpoke
|poke|p1|Blaziken, L50, M|
|poke|p1|Kingambit, L50, M|
|poke|p1|Incineroar, L50, M|
|poke|p1|Ninetales-Alola, L50, M|
|poke|p1|Farigiraf, L50, M|
|poke|p1|Mawile, L50, M|
|poke|p2|Mawile, L50, M|
|poke|p2|Farigiraf, L50, F|
|poke|p2|Archaludon, L50, F|
|poke|p2|Torkoal, L50, M|
|poke|p2|Scrafty, L50, F|
|poke|p2|Sinistcha, L50|
|teampreview|4
|showteam|p1|Blaziken||Blazikenite|SpeedBoost|Detect,CloseCombat,FlareBlitz,RockSlide|Adamant||M|||50|]Kingambit||BlackGlasses|Defiant|Protect,KowtowCleave,SuckerPunch,SwordsDance|Adamant||M|||50|]Incineroar||SitrusBerry|Intimidate|FlareBlitz,ThroatChop,PartingShot,FakeOut|Adamant||M|||50|]Ninetales-Alola||FocusSash|SnowWarning|Protect,Blizzard,FreezeDry,Encore|Timid||M|||50|]Farigiraf||ColburBerry|ArmorTail|Psychic,Thunderbolt,TrickRoom,HelpingHand|Relaxed||M|||50|]Mawile||Mawilite|Intimidate|Protect,PlayRough,SuckerPunch,SwordsDance|Brave||M|||50|
|showteam|p2|Mawile||Mawilite|Intimidate|KnockOff,PlayRough,Protect,IronHead|Brave||M|||50|]Farigiraf||ColburBerry|ArmorTail|TrickRoom,TwinBeam,Protect,RainDance|Quiet||F|||50|]Archaludon||BrightPowder|Stamina|ElectroShot,DragonPulse,FlashCannon,AuraSphere|Quiet||F|||50|]Torkoal||Charcoal|Drought|HeatWave,Eruption,Protect,EarthPower|Quiet||M|||50|]Scrafty||Scraftinite|Intimidate|CloseCombat,FakeOut,Protect,KnockOff|Adamant||F|||50|]Sinistcha||Leftovers|Hospitality|MatchaGotcha,TrickRoom,RagePowder,Scald|Quiet|||||50|
|inactive|Battle timer is ON: inactive players will automatically lose when time's up. (requested by NeatoIsNeat)
|
|t:|1783296040
|teamsize|p1|4
|teamsize|p2|4
|start
|switch|p1a: Farigiraf|Farigiraf, L50, M|100/100
|switch|p1b: Mawile|Mawile, L50, M|100/100
|switch|p2a: Farigiraf|Farigiraf, L50, F|100/100
|switch|p2b: Scrafty|Scrafty, L50, F|100/100
|-ability|p2b: Scrafty|Intimidate|boost
|-unboost|p1a: Farigiraf|atk|1
|-unboost|p1b: Mawile|atk|1
|-ability|p1b: Mawile|Intimidate|boost
|-unboost|p2a: Farigiraf|atk|1
|-unboost|p2b: Scrafty|atk|1
|turn|1
|inactive|malaninja has 30 seconds left.
|inactive|malaninja has 20 seconds left.
|inactive|malaninja has 15 seconds left.
|
|t:|1783296081
|switch|p1a: Incineroar|Incineroar, L50, M|100/100
|-ability|p1a: Incineroar|Intimidate|boost
|-unboost|p2a: Farigiraf|atk|1
|-unboost|p2b: Scrafty|atk|1
|detailschange|p2b: Scrafty|Scrafty-Mega, L50, F
|-mega|p2b: Scrafty|Scrafty|Scraftinite
|-ability|p2b: Scrafty|Intimidate|boost
|-unboost|p1a: Incineroar|atk|1
|-unboost|p1b: Mawile|atk|1
|detailschange|p1b: Mawile|Mawile-Mega, L50, M
|-mega|p1b: Mawile|Mawile|Mawilite
|move|p2b: Scrafty|Close Combat|p1b: Mawile
|-damage|p1b: Mawile|71/100
|-unboost|p2b: Scrafty|def|1
|-unboost|p2b: Scrafty|spd|1
|move|p2a: Farigiraf|Twin Beam|p1a: Incineroar
|-immune|p1a: Incineroar
|move|p1b: Mawile|Swords Dance|p1b: Mawile
|-boost|p1b: Mawile|atk|2
|
|upkeep
|turn|2
|inactive|NeatoIsNeat has 30 seconds left.
|inactive|malaninja has 30 seconds left.
|
|t:|1783296112
|switch|p2b: Mawile|Mawile, L50, M|100/100
|-ability|p2b: Mawile|Intimidate|boost
|-unboost|p1a: Incineroar|atk|1
|-unboost|p1b: Mawile|atk|1
|move|p1a: Incineroar|Flare Blitz|p2a: Farigiraf
|-damage|p2a: Farigiraf|73/100
|-damage|p1a: Incineroar|90/100|[from] Recoil
|move|p1b: Mawile|Play Rough|p2a: Farigiraf
|-crit|p2a: Farigiraf
|-damage|p2a: Farigiraf|0 fnt
|faint|p2a: Farigiraf
|
|upkeep
|
|t:|1783296124
|switch|p2a: Scrafty|Scrafty-Mega, L50, F|100/100
|-ability|p2a: Scrafty|Intimidate|boost
|-unboost|p1a: Incineroar|atk|1
|-unboost|p1b: Mawile|atk|1
|turn|3
|
|t:|1783296137
|move|p1b: Mawile|Protect|p1b: Mawile
|-singleturn|p1b: Mawile|Protect
|move|p2a: Scrafty|Close Combat|p1a: Incineroar
|-supereffective|p1a: Incineroar|1
|-damage|p1a: Incineroar|0 fnt
|-unboost|p2a: Scrafty|def|1
|-unboost|p2a: Scrafty|spd|1
|faint|p1a: Incineroar
|move|p2b: Mawile|Play Rough|p1b: Mawile
|-activate|p1b: Mawile|move: Protect
|
|upkeep
|
|t:|1783296147
|switch|p1a: Farigiraf|Farigiraf, L50, M|100/100
|turn|4
|
|t:|1783296171
|move|p2a: Scrafty|Knock Off|p1a: Farigiraf
|-supereffective|p1a: Farigiraf|1
|-enditem|p1a: Farigiraf|Colbur Berry|[eat]
|-enditem|p1a: Farigiraf|Colbur Berry|[weaken]
|-damage|p1a: Farigiraf|54/100
|move|p1a: Farigiraf|Thunderbolt|p2b: Mawile
|-crit|p2b: Mawile
|-damage|p2b: Mawile|25/100
|move|p2b: Mawile|Play Rough|p1b: Mawile
|-resisted|p1b: Mawile|1
|-damage|p1b: Mawile|55/100
|move|p1b: Mawile|Play Rough|p2a: Scrafty
|-supereffective|p2a: Scrafty|2
|-damage|p2a: Scrafty|0 fnt
|faint|p2a: Scrafty
|
|upkeep
|
|t:|1783296186
|switch|p2a: Torkoal|Torkoal, L50, M|100/100
|-weather|SunnyDay|[from] ability: Drought|[of] p2a: Torkoal
|turn|5
|
|t:|1783296197
|move|p1b: Mawile|Sucker Punch|p2a: Torkoal
|-damage|p2a: Torkoal|84/100
|move|p1a: Farigiraf|Psychic|p2a: Torkoal
|-damage|p2a: Torkoal|43/100
|move|p2b: Mawile|Play Rough|p1a: Farigiraf
|-damage|p1a: Farigiraf|25/100
|move|p2a: Torkoal|Heat Wave|p1a: Farigiraf|[spread] p1a,p1b
|-supereffective|p1b: Mawile|1
|-damage|p1a: Farigiraf|0 fnt
|-damage|p1b: Mawile|0 fnt
|faint|p1a: Farigiraf
|faint|p1b: Mawile
|
|-weather|SunnyDay|[upkeep]
|upkeep
|
|t:|1783296200
|switch|p1b: Kingambit|Kingambit, L50, M|100/100
|turn|6
|inactive|malaninja has 30 seconds left.
|
|t:|1783296226
|move|p2a: Torkoal|Protect|p2a: Torkoal
|-singleturn|p2a: Torkoal|Protect
|move|p1b: Kingambit|Kowtow Cleave|p2a: Torkoal
|-activate|p2a: Torkoal|move: Protect
|move|p2b: Mawile|Play Rough|p1b: Kingambit
|-crit|p1b: Kingambit
|-damage|p1b: Kingambit|59/100
|
|-weather|SunnyDay|[upkeep]
|upkeep
|turn|7
|
|t:|1783296242
|move|p1b: Kingambit|Kowtow Cleave|p2a: Torkoal
|-damage|p2a: Torkoal|0 fnt
|faint|p2a: Torkoal
|move|p2b: Mawile|Play Rough|p1b: Kingambit
|-damage|p1b: Kingambit|28/100
|
|-weather|SunnyDay|[upkeep]
|upkeep
|turn|8
|
|t:|1783296259
|move|p1b: Kingambit|Kowtow Cleave|p2b: Mawile
|-resisted|p2b: Mawile|1
|-damage|p2b: Mawile|0 fnt
|faint|p2b: Mawile
|
|win|NeatoIsNeat
|raw|NeatoIsNeat's rating: 1000 → 1040(+40 for winning)
|raw|malaninja's rating: 1000 → 1000(+0 for losing)
