|j|☆ttsui234
|j|☆huanyu0.0
|html|ttsui234huanyu0.0    
|uhtml|bestof|Game 2 of a best-of-3
|t:|1784986912
|gametype|doubles
|player|p1|ttsui234|169|
|player|p2|huanyu0.0|102|
|gen|9
|tier|[Gen 9 Champions] VGC 2026 Reg M-B (Bo3)
|rule|Species Clause: Limit one of each Pokémon
|rule|Item Clause: Limit 1 of each item
|clearpoke
|poke|p1|Charizard, L50, F|
|poke|p1|Aerodactyl, L50, F|
|poke|p1|Sylveon, L50, F|
|poke|p1|Mamoswine, L50, F|
|poke|p1|Basculegion, L50, M|
|poke|p1|Incineroar, L50, F|
|poke|p2|Gengar, L50, M|
|poke|p2|Incineroar, L50, M|
|poke|p2|Politoed, L50, M|
|poke|p2|Archaludon, L50, F|
|poke|p2|Vivillon, L50, F|
|poke|p2|Swampert, L50, M|
|teampreview|4
|showteam|p1|Charizard||CharizarditeY|Blaze|HeatWave,WeatherBall,SolarBeam,Protect|Modest||F|||50|]Aerodactyl||Aerodactylite|Unnerve|RockSlide,DualWingbeat,Tailwind,Protect|Jolly||F|||50|]Sylveon||FairyFeather|Pixilate|HyperVoice,QuickAttack,HyperBeam,Protect|Modest||F|||50|]Mamoswine||FocusSash|Oblivious|IcicleCrash,HighHorsepower,IceShard,Protect|Adamant||F|||50|]Basculegion||ChoiceScarf|Adaptability|LastRespects,WaveCrash,AquaJet,FlipTurn|Jolly||M|||50|]Incineroar||SitrusBerry|Intimidate|FlareBlitz,DarkestLariat,FakeOut,PartingShot|Adamant||F|||50|
|showteam|p2|Gengar||Gengarite|CursedBody|ShadowBall,SludgeBomb,PerishSong,Protect|Modest||M|||50|]Incineroar||PasshoBerry|Intimidate|ThroatChop,PartingShot,FakeOut,Protect|Sassy||M|||50|]Politoed||SitrusBerry|Drizzle|WeatherBall,PerishSong,Hypnosis,Protect|Bold||M|||50|]Archaludon||Leftovers|Stamina|DragonPulse,FlashCannon,ElectroShot,Protect|Modest||F|||50|]Vivillon||FocusSash|CompoundEyes|SleepPowder,Hurricane,RagePowder,Protect|Timid||F|||50|]Swampert||Swampertite|Damp|WaveCrash,Earthquake,IcePunch,Protect|Adamant||M|||50|
|inactive|Battle timer is ON: inactive players will automatically lose when time's up. (requested by huanyu0.0)
|inactive|ttsui234 has 60 seconds left.
|inactive|ttsui234 has 30 seconds left.
|inactive|ttsui234 has 20 seconds left.
|inactive|ttsui234 has 15 seconds left.
|
|t:|1784986990
|teamsize|p1|4
|teamsize|p2|4
|start
|switch|p1a: Mamoswine|Mamoswine, L50, F|100/100
|switch|p1b: Basculegion|Basculegion, L50, M|100/100
|switch|p2a: Gengar|Gengar, L50, M|100/100
|switch|p2b: Incineroar|Incineroar, L50, M|100/100
|-ability|p2b: Incineroar|Intimidate|boost
|-fail|p1a: Mamoswine|unboost|Attack|[from] ability: Oblivious|[of] p1a: Mamoswine
|-unboost|p1b: Basculegion|atk|1
|turn|1
|
|t:|1784987008
|detailschange|p2a: Gengar|Gengar-Mega, L50, M
|-mega|p2a: Gengar|Gengar|Gengarite
|move|p1a: Mamoswine|Protect|p1a: Mamoswine
|-singleturn|p1a: Mamoswine|Protect
|move|p1b: Basculegion|Flip Turn|p2b: Incineroar
|-supereffective|p2b: Incineroar|1
|-enditem|p2b: Incineroar|Passho Berry|[eat]
|-enditem|p2b: Incineroar|Passho Berry|[weaken]
|-damage|p2b: Incineroar|80/100
|
|t:|1784987016
|switch|p1b: Incineroar|Incineroar, L50, F|100/100|[from] Flip Turn
|-ability|p1b: Incineroar|Intimidate|boost
|-unboost|p2a: Gengar|atk|1
|-unboost|p2b: Incineroar|atk|1
|move|p2a: Gengar|Perish Song|p2a: Gengar
|-start|p1a: Mamoswine|perish3|[silent]
|-start|p1b: Incineroar|perish3|[silent]
|-start|p2a: Gengar|perish3|[silent]
|-start|p2b: Incineroar|perish3|[silent]
|-fieldactivate|move: Perish Song
|move|p2b: Incineroar|Throat Chop|p1b: Incineroar
|-resisted|p1b: Incineroar|1
|-damage|p1b: Incineroar|91/100
|-start|p1b: Incineroar|Throat Chop|[silent]
|
|-start|p2a: Gengar|perish3
|-start|p1a: Mamoswine|perish3
|-start|p1b: Incineroar|perish3
|-start|p2b: Incineroar|perish3
|upkeep
|turn|2
|inactive|ttsui234 has 30 seconds left.
|
|t:|1784987043
|move|p2a: Gengar|Protect|p2a: Gengar
|-singleturn|p2a: Gengar|Protect
|move|p2b: Incineroar|Protect|p2b: Incineroar
|-singleturn|p2b: Incineroar|Protect
|move|p1b: Incineroar|Fake Out|p2b: Incineroar
|-activate|p2b: Incineroar|move: Protect
|move|p1a: Mamoswine|High Horsepower|p2a: Gengar
|-activate|p2a: Gengar|move: Protect
|
|-end|p1b: Incineroar|Throat Chop|[silent]
|-start|p2a: Gengar|perish2
|-start|p1a: Mamoswine|perish2
|-start|p1b: Incineroar|perish2
|-start|p2b: Incineroar|perish2
|upkeep
|turn|3
|inactive|ttsui234 has 30 seconds left.
|inactive|huanyu0.0 has 30 seconds left.
|inactive|ttsui234 has 20 seconds left.
|inactive|huanyu0.0 has 20 seconds left.
|inactive|ttsui234 has 15 seconds left.
|inactive|huanyu0.0 has 15 seconds left.
|inactive|huanyu0.0 has 10 seconds left.
|inactive|ttsui234 has 10 seconds left.
|
|t:|1784987096
|switch|p2a: Politoed|Politoed, L50, M|100/100
|-weather|RainDance|[from] ability: Drizzle|[of] p2a: Politoed
|move|p1a: Mamoswine|High Horsepower|p2b: Incineroar
|-supereffective|p2b: Incineroar|1
|-damage|p2b: Incineroar|0 fnt
|faint|p2b: Incineroar
|move|p1b: Incineroar|Parting Shot|p2a: Politoed
|-unboost|p2a: Politoed|atk|1
|-unboost|p2a: Politoed|spa|1
|
|t:|1784987108
|switch|p1b: Charizard|Charizard, L50, F|100/100|[from] Parting Shot
|
|-weather|RainDance|[upkeep]
|-start|p1a: Mamoswine|perish1
|upkeep
|
|t:|1784987114
|switch|p2b: Gengar|Gengar-Mega, L50, M|100/100
|turn|4
|inactive|ttsui234 has 30 seconds left.
|inactive|huanyu0.0 has 30 seconds left.
|inactive|ttsui234 has 20 seconds left.
|inactive|ttsui234 has 15 seconds left.
|inactive|ttsui234 has 10 seconds left.
|inactive|ttsui234 has 5 seconds left.
|
|t:|1784987164
|move|p2b: Gengar|Protect|p2b: Gengar
|-singleturn|p2b: Gengar|Protect
|move|p1b: Charizard|Protect|p1b: Charizard
|-singleturn|p1b: Charizard|Protect
|move|p1a: Mamoswine|High Horsepower|p2a: Politoed|[miss]
|-miss|p1a: Mamoswine|p2a: Politoed
|move|p2a: Politoed|Hypnosis|p1b: Charizard
|-activate|p1b: Charizard|move: Protect
|
|-weather|RainDance|[upkeep]
|-start|p1a: Mamoswine|perish0
|faint|p1a: Mamoswine
|upkeep
|
|t:|1784987176
|switch|p1a: Basculegion|Basculegion, L50, M|100/100
|turn|5
|inactive|huanyu0.0 has 30 seconds left.
|inactive|huanyu0.0 has 20 seconds left.
|
|t:|1784987212
|switch|p2b: Archaludon|Archaludon, L50, F|100/100
|detailschange|p1b: Charizard|Charizard-Mega-Y, L50, F
|-mega|p1b: Charizard|Charizard|Charizardite Y
|-weather|SunnyDay|[from] ability: Drought|[of] p1b: Charizard
|move|p1a: Basculegion|Last Respects|p2b: Archaludon
|-damage|p2b: Archaludon|54/100
|-ability|p2b: Archaludon|Stamina|boost
|-boost|p2b: Archaludon|def|1
|move|p1b: Charizard|Solar Beam||[still]
|-prepare|p1b: Charizard|Solar Beam
|-anim|p1b: Charizard|Solar Beam|p2a: Politoed
|-supereffective|p2a: Politoed|1
|-damage|p2a: Politoed|19/100
|-enditem|p2a: Politoed|Sitrus Berry|[eat]
|-heal|p2a: Politoed|44/100|[from] item: Sitrus Berry
|move|p2a: Politoed|Hypnosis|p1b: Charizard
|-status|p1b: Charizard|slp|[from] move: Hypnosis
|
|-weather|SunnyDay|[upkeep]
|-heal|p2b: Archaludon|60/100|[from] item: Leftovers
|upkeep
|turn|6
|inactive|ttsui234 has 30 seconds left.
|inactive|huanyu0.0 has 30 seconds left.
|inactive|huanyu0.0 has 20 seconds left.
|
|t:|1784987248
|move|p1a: Basculegion|Last Respects|p2a: Politoed
|-damage|p2a: Politoed|0 fnt
|faint|p2a: Politoed
|cant|p1b: Charizard|slp
|move|p2b: Archaludon|Electro Shot||[still]
|-prepare|p2b: Archaludon|Electro Shot
|-boost|p2b: Archaludon|spa|1
|
|-weather|SunnyDay|[upkeep]
|-heal|p2b: Archaludon|66/100|[from] item: Leftovers
|upkeep
|
|t:|1784987257
|switch|p2a: Gengar|Gengar-Mega, L50, M|100/100
|turn|7
|
|t:|1784987273
|switch|p1a: Incineroar|Incineroar, L50, F|91/100
|-ability|p1a: Incineroar|Intimidate|boost
|-unboost|p2a: Gengar|atk|1
|-unboost|p2b: Archaludon|atk|1
|move|p2a: Gengar|Protect|p2a: Gengar
|-singleturn|p2a: Gengar|Protect
|cant|p1b: Charizard|slp
|move|p2b: Archaludon|Electro Shot|p1a: Incineroar|[from] lockedmove
|-damage|p1a: Incineroar|36/100
|-enditem|p1a: Incineroar|Sitrus Berry|[eat]
|-heal|p1a: Incineroar|61/100|[from] item: Sitrus Berry
|
|-weather|SunnyDay|[upkeep]
|-heal|p2b: Archaludon|73/100|[from] item: Leftovers
|upkeep
|turn|8
|
|t:|1784987294
|move|p2b: Archaludon|Protect|p2b: Archaludon
|-singleturn|p2b: Archaludon|Protect
|move|p2a: Gengar|Sludge Bomb|p1b: Charizard
|-damage|p1b: Charizard|49/100 slp
|-curestatus|p1b: Charizard|slp|[msg]
|move|p1b: Charizard|Heat Wave|p2b: Archaludon|[spread] p2a
|-activate|p2b: Archaludon|move: Protect
|-damage|p2a: Gengar|32/100
|move|p1a: Incineroar|Darkest Lariat|p2a: Gengar
|-supereffective|p2a: Gengar|1
|-damage|p2a: Gengar|0 fnt
|faint|p2a: Gengar
|
|-weather|SunnyDay|[upkeep]
|-heal|p2b: Archaludon|79/100|[from] item: Leftovers
|upkeep
|turn|9
|inactive|huanyu0.0 has 30 seconds left.
|
|t:|1784987325
|move|p1b: Charizard|Weather Ball|p2b: Archaludon
|-damage|p2b: Archaludon|0 fnt
|faint|p2b: Archaludon
|
|win|ttsui234
