|j|☆Bphind722
|j|☆Fervvvvv
|html|Bphind722Fervvvvv    
|uhtml|bestof|Game 2 of a best-of-3
|t:|1783819567
|gametype|doubles
|player|p1|Bphind722|266|
|player|p2|Fervvvvv|bugcatcher-gen4dp|
|gen|9
|tier|[Gen 9 Champions] VGC 2026 Reg M-B (Bo3)
|rule|Species Clause: Limit one of each Pokémon
|rule|Item Clause: Limit 1 of each item
|clearpoke
|poke|p1|Rotom-Mow, L50|
|poke|p1|Tinkaton, L50, F|
|poke|p1|Charizard, L50, F|
|poke|p1|Milotic, L50, M|
|poke|p1|Glimmora, L50, F|
|poke|p1|Greninja, L50, F|
|poke|p2|Scrafty, L50, F|
|poke|p2|Meowstic-F, L50, F|
|poke|p2|Snorlax, L50, F|
|poke|p2|Slowbro, L50, F|
|poke|p2|Incineroar, L50, F|
|poke|p2|Sinistcha, L50|
|teampreview|4
|showteam|p1|Rotom-Mow||ChoiceScarf|Levitate|VoltSwitch,LeafStorm,Thunderbolt,ShadowBall|Modest|||||50|]Tinkaton||SitrusBerry|MoldBreaker|FakeOut,GigatonHammer,ThunderWave,Protect|Jolly||F|||50|]Charizard||CharizarditeY|Blaze|HeatWave,SolarBeam,AirSlash,Protect|Timid||F|||50|]Milotic||Leftovers|Competitive|Scald,IcyWind,Recover,Protect|Bold||M|||50|]Glimmora||ExpertBelt|ToxicDebris|PowerGem,EarthPower,SludgeBomb,Protect|Timid||F|||50|]Greninja||FocusSash|Protean|HydroPump,DarkPulse,IceBeam,Protect|Timid||F|||50|
|showteam|p2|Scrafty||Scraftinite|Intimidate|FakeOut,KnockOff,CloseCombat,Protect|Adamant||F|||50|]Meowstic-F||Meowsticite|Competitive|Psychic,Thunderbolt,LightScreen,Protect|Timid||F|||50|]Snorlax||LifeOrb|ThickFat|Earthquake,RockSlide,DoubleEdge,SeedBomb|Brave||F|||50|]Slowbro||ExpertBelt|Regenerator|Flamethrower,Scald,ShadowBall,Protect|Modest||F|||50|]Incineroar||Leftovers|Intimidate|FlareBlitz,PartingShot,FakeOut,Protect|Adamant||F|||50|]Sinistcha||SitrusBerry|Heatproof|TrickRoom,MatchaGotcha,RagePowder,Protect|Sassy|||||50|
|
|t:|1783819895
|teamsize|p1|4
|teamsize|p2|4
|start
|switch|p1a: Rotom|Rotom-Mow, L50|100/100
|switch|p1b: Tinkaton|Tinkaton, L50, F|100/100
|switch|p2a: Slowbro|Slowbro, L50, F|100/100
|switch|p2b: Sinistcha|Sinistcha, L50|100/100
|-ability|p1b: Tinkaton|Mold Breaker
|turn|1
|
|t:|1783819946
|move|p2b: Sinistcha|Protect|p2b: Sinistcha
|-singleturn|p2b: Sinistcha|Protect
|move|p1b: Tinkaton|Fake Out|p2a: Slowbro
|-damage|p2a: Slowbro|91/100
|move|p1a: Rotom|Shadow Ball|p2b: Sinistcha
|-activate|p2b: Sinistcha|move: Protect
|cant|p2a: Slowbro|flinch
|
|upkeep
|turn|2
|
|t:|1783819974
|switch|p2b: Snorlax|Snorlax, L50, F|100/100
|move|p1a: Rotom|Shadow Ball|p2b: Snorlax
|-immune|p2b: Snorlax
|move|p1b: Tinkaton|Gigaton Hammer|p2b: Snorlax
|-damage|p2b: Snorlax|56/100
|move|p2a: Slowbro|Flamethrower|p1a: Rotom
|-supereffective|p1a: Rotom|1
|-damage|p1a: Rotom|0 fnt
|faint|p1a: Rotom
|
|upkeep
|
|t:|1783820041
|switch|p1a: Charizard|Charizard, L50, F|100/100
|turn|3
|
|t:|1783820138
|detailschange|p1a: Charizard|Charizard-Mega-Y, L50, F
|-mega|p1a: Charizard|Charizard|Charizardite Y
|-weather|SunnyDay|[from] ability: Drought|[of] p1a: Charizard
|move|p1b: Tinkaton|Protect|p1b: Tinkaton
|-singleturn|p1b: Tinkaton|Protect
|move|p1a: Charizard|Air Slash|p2b: Snorlax
|-damage|p2b: Snorlax|24/100
|move|p2a: Slowbro|Flamethrower|p1b: Tinkaton
|-activate|p1b: Tinkaton|move: Protect
|move|p2b: Snorlax|Rock Slide|p1b: Tinkaton|[spread] 
|-activate|p1b: Tinkaton|move: Protect
|-miss|p2b: Snorlax|p1a: Charizard
|
|-weather|SunnyDay|[upkeep]
|upkeep
|turn|4
|
|t:|1783820224
|switch|p2b: Meowstic|Meowstic-F, L50, F|100/100
|move|p1a: Charizard|Solar Beam||[still]
|-prepare|p1a: Charizard|Solar Beam
|-anim|p1a: Charizard|Solar Beam|p2a: Slowbro
|-supereffective|p2a: Slowbro|1
|-damage|p2a: Slowbro|0 fnt
|faint|p2a: Slowbro
|move|p1b: Tinkaton|Gigaton Hammer|p2b: Meowstic
|-damage|p2b: Meowstic|24/100
|
|-weather|SunnyDay|[upkeep]
|upkeep
|
|t:|1783820248
|switch|p2a: Sinistcha|Sinistcha, L50|100/100
|turn|5
|
|t:|1783820329
|switch|p1b: Milotic|Milotic, L50, M|100/100
|detailschange|p2b: Meowstic|Meowstic-F-Mega, L50, F
|-mega|p2b: Meowstic|Meowstic|Meowsticite
|-ability|p2b: Meowstic|Competitive|Trace|[from] ability: Trace|[of] p1b: Milotic
|move|p2b: Meowstic|Light Screen|p2b: Meowstic
|-sidestart|p2: Fervvvvv|move: Light Screen
|move|p1a: Charizard|Heat Wave|p2b: Meowstic|[spread] p2a,p2b
|-supereffective|p2a: Sinistcha|1
|-damage|p2a: Sinistcha|54/100
|-damage|p2b: Meowstic|0 fnt
|faint|p2b: Meowstic
|move|p2a: Sinistcha|Trick Room|p2a: Sinistcha
|-fieldstart|move: Trick Room|[of] p2a: Sinistcha
|
|-weather|SunnyDay|[upkeep]
|upkeep
|
|t:|1783820341
|switch|p2b: Snorlax|Snorlax, L50, F|24/100
|turn|6
|
|t:|1783820377
|move|p1a: Charizard|Protect|p1a: Charizard
|-singleturn|p1a: Charizard|Protect
|move|p2b: Snorlax|Rock Slide|p1a: Charizard|[spread] p1b
|-activate|p1a: Charizard|move: Protect
|-damage|p1b: Milotic|83/100
|-damage|p2b: Snorlax|14/100|[from] item: Life Orb
|move|p2a: Sinistcha|Matcha Gotcha|p1a: Charizard|[spread] p1b
|-activate|p1a: Charizard|move: Protect
|-supereffective|p1b: Milotic|1
|-damage|p1b: Milotic|47/100
|-heal|p2a: Sinistcha|74/100|[from] drain|[of] p1b: Milotic
|move|p1b: Milotic|Scald|p2b: Snorlax
|-damage|p2b: Snorlax|8/100
|
|-weather|SunnyDay|[upkeep]
|-heal|p1b: Milotic|53/100|[from] item: Leftovers
|upkeep
|turn|7
|
|t:|1783820425
|move|p1b: Milotic|Protect|p1b: Milotic
|-singleturn|p1b: Milotic|Protect
|move|p2b: Snorlax|Rock Slide|p1b: Milotic|[spread] p1a
|-activate|p1b: Milotic|move: Protect
|-supereffective|p1a: Charizard|2
|-damage|p1a: Charizard|0 fnt
|faint|p1a: Charizard
|-damage|p2b: Snorlax|0 fnt|[from] item: Life Orb
|faint|p2b: Snorlax
|move|p2a: Sinistcha|Matcha Gotcha|p1b: Milotic
|-activate|p1b: Milotic|move: Protect
|
|-weather|none
|-heal|p1b: Milotic|59/100|[from] item: Leftovers
|upkeep
|
|t:|1783820440
|switch|p1a: Tinkaton|Tinkaton, L50, F|100/100
|-ability|p1a: Tinkaton|Mold Breaker
|turn|8
|
|t:|1783820455
|move|p2a: Sinistcha|Matcha Gotcha|p1a: Tinkaton|[spread] p1a,p1b
|-resisted|p1a: Tinkaton|1
|-crit|p1a: Tinkaton
|-supereffective|p1b: Milotic|1
|-damage|p1a: Tinkaton|79/100
|-heal|p2a: Sinistcha|84/100|[from] drain|[of] p1a: Tinkaton
|-damage|p1b: Milotic|25/100
|-heal|p2a: Sinistcha|100/100|[from] drain|[of] p1b: Milotic
|-status|p1a: Tinkaton|brn
|-status|p1b: Milotic|brn
|move|p1b: Milotic|Recover|p1b: Milotic
|-heal|p1b: Milotic|75/100 brn
|move|p1a: Tinkaton|Gigaton Hammer|p2a: Sinistcha
|-damage|p2a: Sinistcha|78/100
|
|-heal|p1b: Milotic|81/100 brn|[from] item: Leftovers
|-damage|p1b: Milotic|75/100 brn|[from] brn
|-damage|p1a: Tinkaton|73/100 brn|[from] brn
|upkeep
|turn|9
|
|t:|1783820509
|move|p1b: Milotic|Protect|p1b: Milotic
|-singleturn|p1b: Milotic|Protect
|move|p1a: Tinkaton|Protect|p1a: Tinkaton
|-singleturn|p1a: Tinkaton|Protect
|move|p2a: Sinistcha|Matcha Gotcha|p1a: Tinkaton|[spread] 
|-activate|p1a: Tinkaton|move: Protect
|-activate|p1b: Milotic|move: Protect
|
|-heal|p1b: Milotic|81/100 brn|[from] item: Leftovers
|-damage|p1b: Milotic|75/100 brn|[from] brn
|-damage|p1a: Tinkaton|67/100 brn|[from] brn
|-sideend|p2: Fervvvvv|move: Light Screen
|-fieldend|move: Trick Room
|upkeep
|turn|10
|
|t:|1783820566
|move|p1a: Tinkaton|Gigaton Hammer|p2a: Sinistcha
|-damage|p2a: Sinistcha|53/100
|move|p1b: Milotic|Icy Wind|p2a: Sinistcha
|-supereffective|p2a: Sinistcha|1
|-damage|p2a: Sinistcha|26/100
|-unboost|p2a: Sinistcha|spe|1
|-enditem|p2a: Sinistcha|Sitrus Berry|[eat]
|-heal|p2a: Sinistcha|51/100|[from] item: Sitrus Berry
|move|p2a: Sinistcha|Matcha Gotcha|p1b: Milotic|[spread] p1a,p1b
|-resisted|p1a: Tinkaton|1
|-supereffective|p1b: Milotic|1
|-crit|p1b: Milotic
|-damage|p1a: Tinkaton|54/100 brn
|-heal|p2a: Sinistcha|57/100|[from] drain|[of] p1a: Tinkaton
|-damage|p1b: Milotic|25/100 brn
|-heal|p2a: Sinistcha|85/100|[from] drain|[of] p1b: Milotic
|
|-heal|p1b: Milotic|31/100 brn|[from] item: Leftovers
|-damage|p1a: Tinkaton|48/100 brn|[from] brn
|-damage|p1b: Milotic|25/100 brn|[from] brn
|upkeep
|-enditem|p1a: Tinkaton|Sitrus Berry|[eat]
|-heal|p1a: Tinkaton|73/100 brn|[from] item: Sitrus Berry
|turn|11
|
|t:|1783820642
|move|p2a: Sinistcha|Protect|p2a: Sinistcha
|-singleturn|p2a: Sinistcha|Protect
|move|p1a: Tinkaton|Thunder Wave|p2a: Sinistcha
|-activate|p2a: Sinistcha|move: Protect
|move|p1b: Milotic|Icy Wind|p2a: Sinistcha
|-activate|p2a: Sinistcha|move: Protect
|
|-heal|p1b: Milotic|31/100 brn|[from] item: Leftovers
|-damage|p1a: Tinkaton|67/100 brn|[from] brn
|-damage|p1b: Milotic|25/100 brn|[from] brn
|upkeep
|turn|12
|
|t:|1783820678
|move|p1a: Tinkaton|Gigaton Hammer|p2a: Sinistcha
|-damage|p2a: Sinistcha|61/100
|move|p1b: Milotic|Scald|p2a: Sinistcha
|-resisted|p2a: Sinistcha|1
|-damage|p2a: Sinistcha|46/100
|move|p2a: Sinistcha|Matcha Gotcha|p1b: Milotic|[spread] p1a,p1b
|-resisted|p1a: Tinkaton|1
|-supereffective|p1b: Milotic|1
|-damage|p1a: Tinkaton|54/100 brn
|-heal|p2a: Sinistcha|52/100|[from] drain|[of] p1a: Tinkaton
|-damage|p1b: Milotic|0 fnt
|-heal|p2a: Sinistcha|66/100|[from] drain|[of] p1b: Milotic
|faint|p1b: Milotic
|
|-damage|p1a: Tinkaton|48/100 brn|[from] brn
|upkeep
|turn|13
|
|t:|1783820715
|move|p2a: Sinistcha|Protect|p2a: Sinistcha
|-singleturn|p2a: Sinistcha|Protect
|move|p1a: Tinkaton|Thunder Wave|p2a: Sinistcha
|-activate|p2a: Sinistcha|move: Protect
|
|-damage|p1a: Tinkaton|42/100 brn|[from] brn
|upkeep
|turn|14
|
|t:|1783820730
|move|p1a: Tinkaton|Gigaton Hammer|p2a: Sinistcha
|-damage|p2a: Sinistcha|42/100
|move|p2a: Sinistcha|Matcha Gotcha|p1a: Tinkaton
|-resisted|p1a: Tinkaton|1
|-damage|p1a: Tinkaton|24/100 brn
|-heal|p2a: Sinistcha|50/100g|[from] drain|[of] p1a: Tinkaton
|
|-damage|p1a: Tinkaton|18/100 brn|[from] brn
|upkeep
|turn|15
|
|t:|1783820743
|move|p2a: Sinistcha|Protect|p2a: Sinistcha
|-singleturn|p2a: Sinistcha|Protect
|move|p1a: Tinkaton|Thunder Wave|p2a: Sinistcha
|-activate|p2a: Sinistcha|move: Protect
|
|-damage|p1a: Tinkaton|12/100 brn|[from] brn
|upkeep
|turn|16
|
|t:|1783820762
|move|p1a: Tinkaton|Protect|p1a: Tinkaton
|-singleturn|p1a: Tinkaton|Protect
|move|p2a: Sinistcha|Matcha Gotcha|p1a: Tinkaton
|-activate|p1a: Tinkaton|move: Protect
|
|-damage|p1a: Tinkaton|6/100 brn|[from] brn
|upkeep
|turn|17
|
|t:|1783820777
|move|p2a: Sinistcha|Protect|p2a: Sinistcha
|-singleturn|p2a: Sinistcha|Protect
|move|p1a: Tinkaton|Thunder Wave|p2a: Sinistcha
|-activate|p2a: Sinistcha|move: Protect
|
|-damage|p1a: Tinkaton|0 fnt|[from] brn
|faint|p1a: Tinkaton
|
|win|Fervvvvv
