|j|☆heatvw
|j|☆jompinhans
|html|heatvwjompinhans    
|uhtml|bestof|Game 2 of a best-of-3
|t:|1756521072
|gametype|doubles
|player|p1|heatvw|170|1043
|player|p2|jompinhans|102|1100
|gen|9
|tier|[Gen 9] VGC 2025 Reg H (Bo3)
|rated|
|rule|Species Clause: Limit one of each Pokémon
|rule|Item Clause: Limit 1 of each item
|clearpoke
|poke|p1|Flamigo, L50, F|
|poke|p1|Ninetales-Alola, L50, M|
|poke|p1|Garchomp, L50, F|
|poke|p1|Incineroar, L50, F|
|poke|p1|Amoonguss, L50, M|
|poke|p1|Kingambit, L50, F|
|poke|p2|Tyranitar, L50, M|
|poke|p2|Orthworm, L50, M|
|poke|p2|Garchomp, L50, M|
|poke|p2|Talonflame, L50, M|
|poke|p2|Sinistcha, L50|
|poke|p2|Indeedee, L50, M|
|teampreview|4
|showteam|p1|Flamigo||ChoiceBand|Scrappy|Uturn,CloseCombat,BraveBird,Facade|||F|||50|,,,,,Stellar]Ninetales-Alola||FocusSash|SnowWarning|Protect,Encore,IcyWind,Blizzard|||M|||50|,,,,,Ghost]Garchomp||LifeOrb|RoughSkin|DragonClaw,StompingTantrum,Earthquake,Protect|||F|||50|,,,,,Ground]Incineroar||SafetyGoggles|Intimidate|FakeOut,FlareBlitz,KnockOff,PartingShot|||F|||50|,,,,,Ghost]Amoonguss||SitrusBerry|Regenerator|Spore,RagePowder,PollenPuff,Protect|||M|||50|,,,,,Water]Kingambit||AssaultVest|Defiant|KowtowCleave,IronHead,LowKick,SuckerPunch|||F|||50|,,,,,Fire
|showteam|p2|Tyranitar||AssaultVest|SandStream|KnockOff,RockSlide,TeraBlast,IcePunch|||M|||50|,,,,,Flying]Orthworm||SitrusBerry|EarthEater|BodyPress,ShedTail,HelpingHand,HeavySlam|||M|||50|,,,,,Ghost]Garchomp||ClearAmulet|SandVeil|SwordsDance,Earthquake,DragonClaw,Protect|||M|||50|,,,,,Fairy]Talonflame||CovertCloak|GaleWings|Tailwind,WillOWisp,DualWingbeat,Taunt|||M|||50|,,,,,Grass]Sinistcha||Leftovers|Hospitality|MatchaGotcha,ShadowBall,Protect,CalmMind||||||50|,,,,,Water]Indeedee||LifeOrb|PsychicSurge|ExpandingForce,TeraBlast,TrickRoom,Protect|||M|||50|,,,,,Fighting
|inactive|Battle timer is ON: inactive players will automatically lose when time's up. (requested by heatvw)
|
|t:|1756521094
|teamsize|p1|4
|teamsize|p2|4
|start
|switch|p1a: Kingambit|Kingambit, L50, F|100/100
|switch|p1b: Ninetales|Ninetales-Alola, L50, M|100/100
|switch|p2a: Talonflame|Talonflame, L50, M|100/100
|switch|p2b: Indeedee|Indeedee, L50, M|100/100
|-weather|Snowscape|[from] ability: Snow Warning|[of] p1b: Ninetales
|-fieldstart|move: Psychic Terrain|[from] ability: Psychic Surge|[of] p2b: Indeedee
|turn|1
|inactive|jompinhans has 30 seconds left.
|
|t:|1756521127
|-terastallize|p1a: Kingambit|Fire
|move|p2b: Indeedee|Protect|p2b: Indeedee
|-singleturn|p2b: Indeedee|Protect
|move|p2a: Talonflame|Taunt|p1b: Ninetales
|-start|p1b: Ninetales|move: Taunt
|move|p1b: Ninetales|Blizzard|p2a: Talonflame|[spread] p2a
|-activate|p2b: Indeedee|move: Protect
|-damage|p2a: Talonflame|60/100
|move|p1a: Kingambit|Kowtow Cleave|p2b: Indeedee
|-activate|p2b: Indeedee|move: Protect
|
|-weather|Snowscape|[upkeep]
|upkeep
|turn|2
|inactive|heatvw has 30 seconds left.
|
|t:|1756521157
|switch|p2b: Tyranitar|Tyranitar, L50, M|100/100
|-weather|Sandstorm|[from] ability: Sand Stream|[of] p2b: Tyranitar
|switch|p1a: Incineroar|Incineroar, L50, F, shiny|100/100
|-ability|p1a: Incineroar|Intimidate|boost
|-unboost|p2a: Talonflame|atk|1
|-unboost|p2b: Tyranitar|atk|1
|move|p2a: Talonflame|Tailwind|p2a: Talonflame
|-sidestart|p2: jompinhans|move: Tailwind
|move|p1b: Ninetales|Blizzard|p2a: Talonflame|[spread] 
|-miss|p1b: Ninetales|p2a: Talonflame
|-miss|p1b: Ninetales|p2b: Tyranitar
|
|-weather|Sandstorm|[upkeep]
|-damage|p2a: Talonflame|54/100|[from] Sandstorm
|-damage|p1b: Ninetales|94/100|[from] Sandstorm
|upkeep
|turn|3
|inactive|heatvw has 30 seconds left.
|inactive|jompinhans has 30 seconds left.
|
|t:|1756521186
|switch|p2a: Orthworm|Orthworm, L50, M|100/100
|switch|p1b: Garchomp|Garchomp, L50, F, shiny|100/100
|move|p1a: Incineroar|Fake Out|p2a: Orthworm
|-activate|p2a: Orthworm|move: Psychic Terrain
|move|p2b: Tyranitar|Rock Slide|p1b: Garchomp|[spread] p1a,p1b
|-supereffective|p1a: Incineroar
|-resisted|p1b: Garchomp
|-crit|p1b: Garchomp
|-damage|p1a: Incineroar|60/100
|-damage|p1b: Garchomp|79/100
|
|-weather|Sandstorm|[upkeep]
|upkeep
|turn|4
|inactive|heatvw has 30 seconds left.
|
|t:|1756521214
|switch|p1a: Ninetales|Ninetales-Alola, L50, M|94/100
|-weather|Snowscape|[from] ability: Snow Warning|[of] p1a: Ninetales
|move|p2b: Tyranitar|Ice Punch|p1b: Garchomp
|-supereffective|p1b: Garchomp
|-damage|p1b: Garchomp|9/100
|-damage|p2b: Tyranitar|88/100|[from] ability: Rough Skin|[of] p1b: Garchomp
|move|p2a: Orthworm|Body Press|p1a: Ninetales
|-damage|p1a: Ninetales|61/100
|move|p1b: Garchomp|Stomping Tantrum|p2b: Tyranitar
|-supereffective|p2b: Tyranitar
|-damage|p2b: Tyranitar|13/100
|-damage|p1b: Garchomp|0 fnt|[from] item: Life Orb
|faint|p1b: Garchomp
|
|-weather|Snowscape|[upkeep]
|upkeep
|
|t:|1756521228
|switch|p1b: Incineroar|Incineroar, L50, F, shiny|60/100
|-ability|p1b: Incineroar|Intimidate|boost
|-unboost|p2a: Orthworm|atk|1
|-unboost|p2b: Tyranitar|atk|1
|turn|5
|inactive|jompinhans has 30 seconds left.
|
|t:|1756521257
|switch|p1a: Kingambit|Kingambit, L50, F, tera:Fire|100/100
|move|p2b: Tyranitar|Rock Slide|p1a: Kingambit|[spread] p1a,p1b
|-supereffective|p1a: Kingambit
|-supereffective|p1b: Incineroar
|-damage|p1a: Kingambit|78/100
|-damage|p1b: Incineroar|30/100
|move|p2a: Orthworm|Heavy Slam|p1a: Kingambit
|-resisted|p1a: Kingambit
|-damage|p1a: Kingambit|73/100
|cant|p1b: Incineroar|flinch
|
|-weather|Snowscape|[upkeep]
|-sideend|p2: jompinhans|move: Tailwind
|-fieldend|move: Psychic Terrain
|upkeep
|turn|6
|inactive|heatvw has 30 seconds left.
|inactive|jompinhans has 30 seconds left.
|
|t:|1756521286
|switch|p2b: Talonflame|Talonflame, L50, M|54/100
|switch|p2a: Indeedee|Indeedee, L50, M|100/100
|-fieldstart|move: Psychic Terrain|[from] ability: Psychic Surge|[of] p2a: Indeedee
|move|p1b: Incineroar|Flare Blitz|p2a: Indeedee
|-damage|p2a: Indeedee|14/100
|-damage|p1b: Incineroar|6/100|[from] Recoil
|move|p1a: Kingambit|Low Kick|p2a: Indeedee
|-damage|p2a: Indeedee|0 fnt
|faint|p2a: Indeedee
|
|-weather|Snowscape|[upkeep]
|upkeep
|
|t:|1756521303
|switch|p2a: Tyranitar|Tyranitar, L50, M|13/100
|-weather|Sandstorm|[from] ability: Sand Stream|[of] p2a: Tyranitar
|turn|7
|
|t:|1756521322
|switch|p1b: Ninetales|Ninetales-Alola, L50, M|61/100
|-weather|Snowscape|[from] ability: Snow Warning|[of] p1b: Ninetales
|move|p2b: Talonflame|Dual Wingbeat|p1b: Ninetales
|-damage|p1b: Ninetales|47/100
|-damage|p1b: Ninetales|31/100
|-hitcount|p1b: Ninetales|2
|move|p2a: Tyranitar|Rock Slide|p1a: Kingambit|[spread] p1a,p1b
|-supereffective|p1a: Kingambit
|-supereffective|p1b: Ninetales
|-damage|p1a: Kingambit|26/100
|-damage|p1b: Ninetales|0 fnt
|faint|p1b: Ninetales
|move|p1a: Kingambit|Kowtow Cleave|p2a: Tyranitar
|-resisted|p2a: Tyranitar
|-damage|p2a: Tyranitar|0 fnt
|faint|p2a: Tyranitar
|
|-weather|Snowscape|[upkeep]
|upkeep
|
|t:|1756521343
|switch|p1b: Incineroar|Incineroar, L50, F, shiny|6/100
|switch|p2a: Orthworm|Orthworm, L50, M|100/100
|-ability|p1b: Incineroar|Intimidate|boost
|-unboost|p2a: Orthworm|atk|1
|-unboost|p2b: Talonflame|atk|1
|turn|8
|
|t:|1756521365
|move|p2b: Talonflame|Dual Wingbeat|p1b: Incineroar
|-damage|p1b: Incineroar|0 fnt
|faint|p1b: Incineroar
|-hitcount|p1: Incineroar|1
|move|p2a: Orthworm|Body Press|p1a: Kingambit
|-damage|p1a: Kingambit|1/100
|move|p1a: Kingambit|Low Kick|p2a: Orthworm
|-supereffective|p2a: Orthworm
|-damage|p2a: Orthworm|46/100
|-enditem|p2a: Orthworm|Sitrus Berry|[eat]
|-heal|p2a: Orthworm|71/100|[from] item: Sitrus Berry
|
|-weather|Snowscape|[upkeep]
|upkeep
|turn|9
|
|t:|1756521386
|move|p1a: Kingambit|Sucker Punch|p2b: Talonflame
|-hint|Psychic Terrain doesn't affect Pokémon immune to Ground.
|-damage|p2b: Talonflame|4/100
|move|p2b: Talonflame|Dual Wingbeat|p1a: Kingambit
|-damage|p1a: Kingambit|0 fnt
|faint|p1a: Kingambit
|-hitcount|p1: Kingambit|1
|
|win|jompinhans
|raw|heatvw's rating: 1043 → 1029(-14 for losing)
|raw|jompinhans's rating: 1100 → 1121(+21 for winning)
|l|☆jompinhans
|player|p2|
