|j|☆lox1sm
|j|☆kpojiunh
|html|lox1smkpojiunh    
|uhtml|bestof|Game 1 of a best-of-3
|t:|1782308595
|gametype|doubles
|player|p1|lox1sm|veteran|1144
|player|p2|kpojiunh|pokemonrangerf|1088
|gen|9
|tier|[Gen 9 Champions] VGC 2026 Reg M-B (Bo3)
|rated|
|rule|Species Clause: Limit one of each Pokémon
|rule|Item Clause: Limit 1 of each item
|clearpoke
|poke|p1|Charizard, L50, M|
|poke|p1|Metagross, L50|
|poke|p1|Aerodactyl, L50, M|
|poke|p1|Garchomp, L50, M|
|poke|p1|Tsareena, L50, F|
|poke|p1|Samurott-Hisui, L50, F|
|poke|p2|Sceptile, L50, F|
|poke|p2|Volcarona, L50, F|
|poke|p2|Metagross, L50|
|poke|p2|Milotic, L50, F|
|poke|p2|Incineroar, L50, F|
|poke|p2|Excadrill, L50, F|
|teampreview|4
|showteam|p1|Charizard||CharizarditeY|Blaze|HeatWave,WeatherBall,SolarBeam,Protect|Modest||M|||50|]Metagross||Metagrossite|ClearBody|IronHead,PsychicFangs,StompingTantrum,Protect|Jolly|||||50|]Aerodactyl||FocusSash|Unnerve|RockSlide,IceFang,Tailwind,WideGuard|Jolly||M|||50|]Garchomp||LifeOrb|RoughSkin|DragonClaw,Earthquake,RockSlide,Protect|Jolly||M|||50|]Tsareena||WideLens|QueenlyMajesty|PowerWhip,TripleAxel,Taunt,Protect|Adamant||F|||50|]Samurott-Hisui||BlackGlasses|Sharpness|NightSlash,SuckerPunch,SacredSword,Protect|Adamant||F|||50|
|showteam|p2|Sceptile||Sceptilite|Overgrow|ShedTail,LeafStorm,EarthPower,DragonPulse|Timid||F|||50|]Volcarona||Leftovers|FlameBody|QuiverDance,HeatWave,RagePowder,Protect|Timid||F|||50|]Metagross||Metagrossite|ClearBody|BulletPunch,PsychicFangs,Protect,MeteorMash|Jolly|||||50|]Milotic||MysticWater|Competitive|MuddyWater,Hypnosis,Coil,Recover|Modest||F|||50|]Incineroar||SitrusBerry|Intimidate|FlareBlitz,ThroatChop,PartingShot,FakeOut|Adamant||F|||50|]Excadrill||LifeOrb|MoldBreaker|HighHorsepower,Protect,IronHead,RockSlide|Jolly||F|||50|
|inactive|Battle timer is ON: inactive players will automatically lose when time's up. (requested by kpojiunh)
|inactive|lox1sm has 60 seconds left.
|
|t:|1782308638
|teamsize|p1|4
|teamsize|p2|4
|start
|switch|p1a: Aerodactyl|Aerodactyl, L50, M|100/100
|switch|p1b: Charizard|Charizard, L50, M|100/100
|switch|p2a: Incineroar|Incineroar, L50, F|100/100
|switch|p2b: Volcarona|Volcarona, L50, F|100/100
|-ability|p1a: Aerodactyl|Unnerve
|-ability|p2a: Incineroar|Intimidate|boost
|-unboost|p1a: Aerodactyl|atk|1
|-unboost|p1b: Charizard|atk|1
|turn|1
|
|t:|1782308659
|switch|p1b: Tsareena|Tsareena, L50, F|100/100
|move|p2a: Incineroar|Fake Out||[still]
|cant|p1b: Tsareena|ability: Queenly Majesty|Fake Out|[of] p2a: Incineroar
|move|p1a: Aerodactyl|Rock Slide|p2a: Incineroar|[spread] p2a,p2b
|-supereffective|p2a: Incineroar|1
|-supereffective|p2b: Volcarona|2
|-damage|p2a: Incineroar|69/100
|-damage|p2b: Volcarona|20/100r
|move|p2b: Volcarona|Quiver Dance|p2b: Volcarona
|-boost|p2b: Volcarona|spa|1
|-boost|p2b: Volcarona|spd|1
|-boost|p2b: Volcarona|spe|1
|
|-heal|p2b: Volcarona|25/100|[from] item: Leftovers
|upkeep
|turn|2
|
|t:|1782308684
|move|p2b: Volcarona|Protect|p2b: Volcarona
|-singleturn|p2b: Volcarona|Protect
|move|p1a: Aerodactyl|Rock Slide|p2a: Incineroar|[spread] p2a
|-activate|p2b: Volcarona|move: Protect
|-supereffective|p2a: Incineroar|1
|-damage|p2a: Incineroar|36/100
|move|p1b: Tsareena|Taunt|p2a: Incineroar
|-start|p2a: Incineroar|move: Taunt
|cant|p2a: Incineroar|move: Taunt|Parting Shot
|
|-heal|p2b: Volcarona|31/100|[from] item: Leftovers
|upkeep
|turn|3
|inactive|lox1sm has 30 seconds left.
|inactive|lox1sm has 20 seconds left.
|
|t:|1782308721
|switch|p1b: Garchomp|Garchomp, L50, M|100/100
|move|p2b: Volcarona|Heat Wave|p1a: Aerodactyl|[spread] p1a,p1b
|-resisted|p1a: Aerodactyl|1
|-resisted|p1b: Garchomp|1
|-damage|p1a: Aerodactyl|66/100
|-damage|p1b: Garchomp|74/100
|move|p1a: Aerodactyl|Rock Slide|p2b: Volcarona|[spread] p2a,p2b
|-supereffective|p2a: Incineroar|1
|-supereffective|p2b: Volcarona|2
|-damage|p2a: Incineroar|5/100
|-damage|p2b: Volcarona|0 fnt
|faint|p2b: Volcarona
|move|p2a: Incineroar|Flare Blitz|p1a: Aerodactyl
|-resisted|p1a: Aerodactyl|1
|-damage|p1a: Aerodactyl|23/100
|-damage|p2a: Incineroar|0 fnt|[from] Recoil
|faint|p2a: Incineroar
|
|upkeep
|
|t:|1782308735
|switch|p2b: Milotic|Milotic, L50, F|100/100
|switch|p2a: Sceptile|Sceptile, L50, F|100/100
|turn|4
|
|t:|1782308754
|detailschange|p2a: Sceptile|Sceptile-Mega, L50, F
|-mega|p2a: Sceptile|Sceptile|Sceptilite
|move|p2a: Sceptile|Dragon Pulse|p1b: Garchomp
|-supereffective|p1b: Garchomp|1
|-damage|p1b: Garchomp|0 fnt
|faint|p1b: Garchomp
|move|p1a: Aerodactyl|Tailwind|p1a: Aerodactyl
|-sidestart|p1: lox1sm|move: Tailwind
|move|p2b: Milotic|Coil|p2b: Milotic
|-boost|p2b: Milotic|atk|1
|-boost|p2b: Milotic|def|1
|-boost|p2b: Milotic|accuracy|1
|
|upkeep
|
|t:|1782308769
|switch|p1b: Charizard|Charizard, L50, M|100/100
|turn|5
|
|t:|1782308777
|detailschange|p1b: Charizard|Charizard-Mega-Y, L50, M
|-mega|p1b: Charizard|Charizard|Charizardite Y
|-weather|SunnyDay|[from] ability: Drought|[of] p1b: Charizard
|move|p1a: Aerodactyl|Ice Fang|p2a: Sceptile
|-supereffective|p2a: Sceptile|2
|-damage|p2a: Sceptile|36/100
|move|p1b: Charizard|Solar Beam||[still]
|-prepare|p1b: Charizard|Solar Beam
|-anim|p1b: Charizard|Solar Beam|p2b: Milotic
|-supereffective|p2b: Milotic|1
|-damage|p2b: Milotic|27/100
|move|p2a: Sceptile|Dragon Pulse|p1b: Charizard
|-damage|p1b: Charizard|64/100
|move|p2b: Milotic|Muddy Water|p1a: Aerodactyl|[spread] p1a,p1b
|-supereffective|p1a: Aerodactyl|1
|-supereffective|p1b: Charizard|1
|-damage|p1a: Aerodactyl|0 fnt
|-damage|p1b: Charizard|37/100
|faint|p1a: Aerodactyl
|
|-weather|SunnyDay|[upkeep]
|upkeep
|
|t:|1782308794
|switch|p1a: Tsareena|Tsareena, L50, F|100/100
|turn|6
|
|t:|1782308800
|move|p1b: Charizard|Solar Beam||[still]
|-prepare|p1b: Charizard|Solar Beam
|-anim|p1b: Charizard|Solar Beam|p2b: Milotic
|-supereffective|p2b: Milotic|1
|-damage|p2b: Milotic|0 fnt
|faint|p2b: Milotic
|move|p1a: Tsareena|Triple Axel|p2a: Sceptile
|-supereffective|p2a: Sceptile|2
|-damage|p2a: Sceptile|0 fnt
|faint|p2a: Sceptile
|-hitcount|p2: Sceptile|1
|
|win|lox1sm
||kpojiunh is ready for game 2.
|inactive|lox1sm has 30 seconds to confirm battle start!
||lox1sm is ready for game 2.
|uhtml|next|Next: Game 2 of 3
|l|☆kpojiunh
|player|p2|
