|j|☆sybe123
|j|☆HolgerD
|html|sybe123HolgerD    
|uhtml|bestof|Game 1 of a best-of-3
|t:|1756738743
|gametype|doubles
|player|p1|sybe123|2|1178
|player|p2|HolgerD|1|1345
|gen|9
|tier|[Gen 9] VGC 2025 Reg H (Bo3)
|rated|
|rule|Species Clause: Limit one of each Pokémon
|rule|Item Clause: Limit 1 of each item
|clearpoke
|poke|p1|Incineroar, L50, F|
|poke|p1|Porygon2, L50|
|poke|p1|Ursaluna, L50, M|
|poke|p1|Gholdengo, L50|
|poke|p1|Vivillon, L50, F|
|poke|p1|Sneasler, L50, F|
|poke|p2|Maushold, L50|
|poke|p2|Pelipper, L50, F|
|poke|p2|Archaludon, L50, M|
|poke|p2|Ursaluna, L50, F|
|poke|p2|Sinistcha, L50|
|poke|p2|Basculegion, L50, M|
|teampreview|4
|showteam|p1|Incineroar||SafetyGoggles|Intimidate|FakeOut,FlareBlitz,KnockOff,PartingShot|||F|||50|,,,,,Ghost]Porygon2||Eviolite|Download|TeraBlast,IceBeam,Recover,TrickRoom||||||50|,,,,,Flying]Ursaluna||FlameOrb|Guts|Facade,Earthquake,HeadlongRush,Protect|||M|||50|,,,,,Ghost]Gholdengo||LifeOrb|GoodasGold|MakeItRain,ShadowBall,NastyPlot,Protect||||||50|,,,,,Water]Vivillon||FocusSash|CompoundEyes|Hurricane,SleepPowder,Tailwind,Protect|||F|||50|,,,,,Ghost]Sneasler||WhiteHerb|Unburden|CloseCombat,DireClaw,ThroatChop,Protect|||F|||50|,,,,,Dark
|showteam|p2|Maushold||WideLens|Technician|PopulationBomb,FollowMe,Taunt,Protect||||||50|,,,,,Ghost]Pelipper||FocusSash|Drizzle|Hurricane,MuddyWater,Tailwind,Protect|||F|||50|,,,,,Stellar]Archaludon||AssaultVest|Stamina|DragonPulse,ElectroShot,BodyPress,FlashCannon|||M|||50|,,,,,Bug]Ursaluna||FlameOrb|Guts|Facade,HeadlongRush,Earthquake,Protect|||F|||50|,,,,,Ghost]Sinistcha||SitrusBerry|Hospitality|MatchaGotcha,LifeDew,RagePowder,TrickRoom||||||50|,,,,,Dark]Basculegion||ChoiceBand|SwiftSwim|AquaJet,FlipTurn,LastRespects,WaveCrash|||M|||50|,,,,,Water
|inactive|Battle timer is ON: inactive players will automatically lose when time's up. (requested by sybe123)
|inactive|sybe123 has 60 seconds left.
|
|t:|1756738847
|teamsize|p1|4
|teamsize|p2|4
|start
|switch|p1a: Incineroar|Incineroar, L50, F|100/100
|switch|p1b: Porygon2|Porygon2, L50|100/100
|switch|p2a: Maushold|Maushold, L50|100/100
|switch|p2b: Pelipper|Pelipper, L50, F|100/100
|-weather|RainDance|[from] ability: Drizzle|[of] p2b: Pelipper
|-ability|p1a: Incineroar|Intimidate|boost
|-unboost|p2a: Maushold|atk|1
|-unboost|p2b: Pelipper|atk|1
|-ability|p1b: Porygon2|Download|boost
|-boost|p1b: Porygon2|spa|1
|turn|1
|inactive|sybe123 has 30 seconds left.
|
|t:|1756738879
|-terastallize|p2a: Maushold|Ghost
|move|p1a: Incineroar|Fake Out|p2b: Pelipper
|-damage|p2b: Pelipper|86/100
|move|p2a: Maushold|Taunt|p1b: Porygon2
|-start|p1b: Porygon2|move: Taunt
|cant|p2b: Pelipper|flinch
|cant|p1b: Porygon2|move: Taunt|Trick Room
|
|-weather|RainDance|[upkeep]
|upkeep
|turn|2
|
|t:|1756738902
|-terastallize|p1a: Incineroar|Ghost
|move|p2a: Maushold|Population Bomb|p1b: Porygon2
|-damage|p1b: Porygon2|95/100
|-damage|p1b: Porygon2|90/100
|-damage|p1b: Porygon2|85/100
|-damage|p1b: Porygon2|79/100
|-damage|p1b: Porygon2|74/100
|-damage|p1b: Porygon2|69/100
|-damage|p1b: Porygon2|64/100
|-damage|p1b: Porygon2|58/100
|-damage|p1b: Porygon2|53/100
|-damage|p1b: Porygon2|48/100
|-hitcount|p1b: Porygon2|10
|move|p2b: Pelipper|Muddy Water|p1b: Porygon2|[spread] p1a,p1b
|-damage|p1a: Incineroar|61/100
|-damage|p1b: Porygon2|21/100
|-unboost|p1a: Incineroar|accuracy|1
|-unboost|p1b: Porygon2|accuracy|1
|move|p1a: Incineroar|Knock Off|p2a: Maushold
|-supereffective|p2a: Maushold
|-damage|p2a: Maushold|0 fnt
|-enditem|p2a: Maushold|Wide Lens|[from] move: Knock Off|[of] p1a: Incineroar
|faint|p2a: Maushold
|move|p1b: Porygon2|Ice Beam|p2b: Pelipper
|-damage|p2b: Pelipper|24/100
|
|-weather|RainDance|[upkeep]
|upkeep
|inactive|HolgerD has 30 seconds left.
|
|t:|1756738928
|switch|p2a: Basculegion|Basculegion, L50, M|100/100
|turn|3
|inactive|sybe123 has 30 seconds left.
|inactive|sybe123 has 20 seconds left.
|inactive|sybe123 has 15 seconds left.
|inactive|sybe123 has 10 seconds left.
|
|t:|1756738974
|switch|p1b: Ursaluna|Ursaluna, L50, M|100/100
|move|p2a: Basculegion|Wave Crash|p1a: Incineroar
|-damage|p1a: Incineroar|0 fnt
|faint|p1a: Incineroar
|-damage|p2a: Basculegion|81/100|[from] Recoil
|move|p2b: Pelipper|Hurricane|p1b: Ursaluna
|-damage|p1b: Ursaluna|53/100
|
|-weather|RainDance|[upkeep]
|-status|p1b: Ursaluna|brn|[from] item: Flame Orb
|upkeep
|
|t:|1756738995
|switch|p1a: Gholdengo|Gholdengo, L50|100/100
|turn|4
|
|t:|1756739012
|move|p1b: Ursaluna|Protect|p1b: Ursaluna
|-singleturn|p1b: Ursaluna|Protect
|move|p2a: Basculegion|Wave Crash|p1a: Gholdengo
|-damage|p1a: Gholdengo|0 fnt
|faint|p1a: Gholdengo
|-damage|p2a: Basculegion|55/100|[from] Recoil
|move|p2b: Pelipper|Muddy Water|p1b: Ursaluna
|-activate|p1b: Ursaluna|move: Protect
|
|-weather|RainDance|[upkeep]
|-damage|p1b: Ursaluna|47/100 brn|[from] brn
|upkeep
|
|t:|1756739022
|switch|p1a: Porygon2|Porygon2, L50|21/100
|-ability|p1a: Porygon2|Download|boost
|-boost|p1a: Porygon2|spa|1
|turn|5
|
|t:|1756739030
|move|p1b: Ursaluna|Protect||[still]
|-fail|p1b: Ursaluna
|move|p2a: Basculegion|Wave Crash|p1b: Ursaluna
|-supereffective|p1b: Ursaluna
|-damage|p1b: Ursaluna|0 fnt
|faint|p1b: Ursaluna
|-damage|p2a: Basculegion|38/100|[from] Recoil
|move|p2b: Pelipper|Hurricane|p1a: Porygon2
|-damage|p1a: Porygon2|0 fnt
|faint|p1a: Porygon2
|
|win|HolgerD
||sybe123 is ready for game 2.
|l|☆sybe123
|player|p1|
|inactive|HolgerD has 30 seconds to confirm battle start!
||HolgerD is ready for game 2.
|uhtml|next|Next: Game 2 of 3
