|j|☆edwarthdf
|j|☆Uncreative7452
|html|edwarthdfUncreative7452    
|uhtml|bestof|Game 1 of a best-of-3
|t:|1756523138
|gametype|doubles
|player|p1|edwarthdf|acetrainer-gen4dp|1116
|player|p2|Uncreative7452|tuber|1031
|gen|9
|tier|[Gen 9] VGC 2025 Reg H (Bo3)
|rated|
|rule|Species Clause: Limit one of each Pokémon
|rule|Item Clause: Limit 1 of each item
|clearpoke
|poke|p1|Gholdengo, L50|
|poke|p1|Sneasler, L50, F|
|poke|p1|Rillaboom, L50, M|
|poke|p1|Ninetales-Alola, L50, F|
|poke|p1|Dragonite, L50, M|
|poke|p1|Arcanine-Hisui, L50, M|
|poke|p2|Porygon2, L50|
|poke|p2|Reuniclus, L50, F|
|poke|p2|Alcremie, L50, F|
|poke|p2|Chesnaught, L50, M|
|poke|p2|Kingambit, L50, M|
|poke|p2|Indeedee, L50, M|
|teampreview|4
|showteam|p1|Gholdengo||GrassySeed|GoodasGold|NastyPlot,MakeItRain,ShadowBall,Protect||||||50|,,,,,Water]Sneasler||WhiteHerb|Unburden|CloseCombat,DireClaw,Coaching,Protect|||F|||50|,,,,,Ghost]Rillaboom||AssaultVest|GrassySurge|FakeOut,GrassyGlide,DrumBeating,HighHorsepower|||M|||50|,,,,,Fire]Ninetales-Alola||FocusSash|SnowWarning|Blizzard,IcyWind,Encore,AuroraVeil|||F|||50|,,,,,Ghost]Dragonite||LoadedDice|Multiscale|ScaleShot,StompingTantrum,Tailwind,Protect|||M|||50|,,,,,Ground]Arcanine-Hisui||ClearAmulet|Intimidate|RockSlide,FlareBlitz,ExtremeSpeed,Protect|||M|||50|,,,,,Water
|showteam|p2|Porygon2||Eviolite|Download|IceBeam,TeraBlast,TrickRoom,Recover||||||50|,,,,,Fighting]Reuniclus||CovertCloak|Overcoat|ExpandingForce,ShadowBall,TrickRoom,Protect|||F|||50|,,,,,Dark]Alcremie||RoomService|AromaVeil|AlluringVoice,Decorate,Protect,HelpingHand|||F|||50|,,,,,Steel]Chesnaught||PsychicSeed|Bulletproof|LeechSeed,WideGuard,BodyPress,SpikyShield|||M|||50|,,,,,Steel]Kingambit||AssaultVest|Defiant|IronHead,SuckerPunch,TeraBlast,KowtowCleave|||M|||50|,,,,,Flying]Indeedee||FocusSash|PsychicSurge|ExpandingForce,DazzlingGleam,Protect,TrickRoom|||M|||50|,,,,,Psychic
|
|t:|1756523245
|teamsize|p1|4
|teamsize|p2|4
|start
|switch|p1a: Sneasler|Sneasler, L50, F|100/100
|switch|p1b: Ninetales|Ninetales-Alola, L50, F, shiny|100/100
|switch|p2a: Porygon2|Porygon2, L50|100/100
|switch|p2b: Alcremie|Alcremie, L50, F|100/100
|-weather|Snowscape|[from] ability: Snow Warning|[of] p1b: Ninetales
|-ability|p2a: Porygon2|Download|boost
|-boost|p2a: Porygon2|atk|1
|turn|1
|
|t:|1756523296
|move|p1b: Ninetales|Aurora Veil|p1b: Ninetales
|-sidestart|p1: edwarthdf|move: Aurora Veil
|move|p1a: Sneasler|Close Combat|p2a: Porygon2
|-supereffective|p2a: Porygon2
|-damage|p2a: Porygon2|29/100
|-unboost|p1a: Sneasler|def|1
|-unboost|p1a: Sneasler|spd|1
|-enditem|p1a: Sneasler|White Herb
|-clearnegativeboost|p1a: Sneasler|[silent]
|move|p2b: Alcremie|Decorate|p2a: Porygon2
|-boost|p2a: Porygon2|atk|2
|-boost|p2a: Porygon2|spa|2
|move|p2a: Porygon2|Trick Room|p2a: Porygon2
|-fieldstart|move: Trick Room|[of] p2a: Porygon2
|-enditem|p2b: Alcremie|Room Service
|-unboost|p2b: Alcremie|spe|1|[from] item: Room Service
|
|-weather|Snowscape|[upkeep]
|upkeep
|turn|2
|
|t:|1756523334
|move|p2b: Alcremie|Decorate|p2a: Porygon2
|-boost|p2a: Porygon2|atk|2
|-boost|p2a: Porygon2|spa|2
|move|p2a: Porygon2|Tera Blast|p1b: Ninetales
|-damage|p1b: Ninetales|23/100
|move|p1b: Ninetales|Blizzard|p2a: Porygon2|[spread] p2a,p2b
|-damage|p2a: Porygon2|11/100
|-damage|p2b: Alcremie|74/100
|-status|p2a: Porygon2|frz
|move|p1a: Sneasler|Dire Claw|p2b: Alcremie
|-supereffective|p2b: Alcremie
|-damage|p2b: Alcremie|0 fnt
|faint|p2b: Alcremie
|
|-weather|Snowscape|[upkeep]
|upkeep
|
|t:|1756523347
|switch|p2b: Kingambit|Kingambit, L50, M|100/100
|turn|3
|
|t:|1756523374
|-terastallize|p2b: Kingambit|Flying
|move|p2b: Kingambit|Iron Head|p1b: Ninetales
|-supereffective|p1b: Ninetales
|-damage|p1b: Ninetales|0 fnt
|faint|p1b: Ninetales
|cant|p2a: Porygon2|frz
|move|p1a: Sneasler|Close Combat|p2b: Kingambit
|-resisted|p2b: Kingambit
|-damage|p2b: Kingambit|77/100
|-unboost|p1a: Sneasler|def|1
|-unboost|p1a: Sneasler|spd|1
|
|-weather|Snowscape|[upkeep]
|upkeep
|
|t:|1756523391
|switch|p1b: Rillaboom|Rillaboom, L50, M, shiny|100/100
|-fieldstart|move: Grassy Terrain|[from] ability: Grassy Surge|[of] p1b: Rillaboom
|turn|4
|
|t:|1756523403
|move|p1b: Rillaboom|Fake Out|p2b: Kingambit
|-damage|p2b: Kingambit|68/100
|cant|p2b: Kingambit|flinch
|cant|p2a: Porygon2|frz
|move|p1a: Sneasler|Dire Claw|p2b: Kingambit
|-damage|p2b: Kingambit|37/100
|
|-weather|Snowscape|[upkeep]
|-heal|p2a: Porygon2|18/100 frz|[from] Grassy Terrain
|upkeep
|turn|5
|
|t:|1756523419
|move|p1b: Rillaboom|Grassy Glide|p2a: Porygon2
|-damage|p2a: Porygon2|0 fnt
|faint|p2a: Porygon2
|move|p2b: Kingambit|Tera Blast|p1a: Sneasler|[anim] Tera Blast Flying
|-supereffective|p1a: Sneasler
|-damage|p1a: Sneasler|0 fnt
|faint|p1a: Sneasler
|
|-weather|none
|-sideend|p1: edwarthdf|move: Aurora Veil
|-fieldend|move: Trick Room
|upkeep
|
|t:|1756523430
|switch|p1a: Dragonite|Dragonite, L50, M, shiny|100/100
|switch|p2a: Chesnaught|Chesnaught, L50, M|100/100
|turn|6
|
|t:|1756523459
|move|p2b: Kingambit|Sucker Punch|p1b: Rillaboom
|-damage|p1b: Rillaboom|60/100
|move|p1b: Rillaboom|Drum Beating|p2b: Kingambit
|-resisted|p2b: Kingambit
|-damage|p2b: Kingambit|19/100
|-unboost|p2b: Kingambit|spe|1
|-ability|p2b: Kingambit|Defiant|boost
|-boost|p2b: Kingambit|atk|2
|move|p1a: Dragonite|Scale Shot|p2b: Kingambit
|-damage|p2b: Kingambit|9/100
|-damage|p2b: Kingambit|0 fnt
|faint|p2b: Kingambit
|-hitcount|p2: Kingambit|2
|-unboost|p1a: Dragonite|def|1
|-boost|p1a: Dragonite|spe|1
|move|p2a: Chesnaught|Leech Seed|p1a: Dragonite
|-start|p1a: Dragonite|move: Leech Seed
|
|-heal|p1b: Rillaboom|66/100|[from] Grassy Terrain
|-damage|p1a: Dragonite|89/100|[from] Leech Seed|[of] p2a: Chesnaught
|upkeep
|turn|7
|
|t:|1756523490
|move|p1a: Dragonite|Scale Shot|p2a: Chesnaught|[miss]
|-miss|p1a: Dragonite|p2a: Chesnaught
|move|p1b: Rillaboom|Drum Beating|p2a: Chesnaught
|-resisted|p2a: Chesnaught
|-damage|p2a: Chesnaught|85/100
|-unboost|p2a: Chesnaught|spe|1
|move|p2a: Chesnaught|Body Press|p1a: Dragonite
|-resisted|p1a: Dragonite
|-damage|p1a: Dragonite|53/100
|
|-heal|p1b: Rillaboom|72/100|[from] Grassy Terrain
|-heal|p2a: Chesnaught|91/100|[from] Grassy Terrain
|-damage|p1a: Dragonite|41/100|[from] Leech Seed|[of] p2a: Chesnaught
|-heal|p2a: Chesnaught|100/100|[silent]
|upkeep
|turn|8
|
|t:|1756523511
|move|p1a: Dragonite|Scale Shot|p2a: Chesnaught
|-crit|p2a: Chesnaught
|-damage|p2a: Chesnaught|86/100
|-damage|p2a: Chesnaught|77/100
|-damage|p2a: Chesnaught|67/100
|-damage|p2a: Chesnaught|58/100
|-hitcount|p2a: Chesnaught|4
|-unboost|p1a: Dragonite|def|1
|-boost|p1a: Dragonite|spe|1
|move|p1b: Rillaboom|Drum Beating|p2a: Chesnaught
|-resisted|p2a: Chesnaught
|-damage|p2a: Chesnaught|42/100
|-unboost|p2a: Chesnaught|spe|1
|move|p2a: Chesnaught|Body Press|p1a: Dragonite
|-resisted|p1a: Dragonite
|-damage|p1a: Dragonite|0 fnt
|faint|p1a: Dragonite
|
|-heal|p1b: Rillaboom|78/100|[from] Grassy Terrain
|-heal|p2a: Chesnaught|48/100|[from] Grassy Terrain
|-fieldend|move: Grassy Terrain
|upkeep
|turn|9
|
|t:|1756523536
|move|p2a: Chesnaught|Spiky Shield|p2a: Chesnaught
|-singleturn|p2a: Chesnaught|move: Protect
|move|p1b: Rillaboom|Drum Beating|p2a: Chesnaught
|-activate|p2a: Chesnaught|move: Protect
|
|upkeep
|turn|10
|
|t:|1756523543
|move|p1b: Rillaboom|Drum Beating|p2a: Chesnaught
|-resisted|p2a: Chesnaught
|-damage|p2a: Chesnaught|37/100
|-unboost|p2a: Chesnaught|spe|1
|move|p2a: Chesnaught|Body Press|p1b: Rillaboom
|-damage|p1b: Rillaboom|31/100
|
|upkeep
|turn|11
|
|t:|1756523552
|move|p2a: Chesnaught|Spiky Shield|p2a: Chesnaught
|-singleturn|p2a: Chesnaught|move: Protect
|move|p1b: Rillaboom|Drum Beating|p2a: Chesnaught
|-activate|p2a: Chesnaught|move: Protect
|
|upkeep
|turn|12
|
|t:|1756523560
|move|p1b: Rillaboom|Drum Beating|p2a: Chesnaught
|-resisted|p2a: Chesnaught
|-damage|p2a: Chesnaught|25/100
|-unboost|p2a: Chesnaught|spe|1
|move|p2a: Chesnaught|Body Press|p1b: Rillaboom
|-damage|p1b: Rillaboom|0 fnt
|faint|p1b: Rillaboom
|
|win|Uncreative7452
||Uncreative7452 is ready for game 2.
|inactive|edwarthdf has 30 seconds to confirm battle start!
|l|☆edwarthdf
|player|p1|
|inactive|edwarthdf has 20 seconds to confirm battle start!
|inactive|edwarthdf has 10 seconds to confirm battle start!
|uhtml|next|Next: Game 2 of 3
