|j|☆Cannon14
|j|☆toughlogvgc
|html|Cannon14toughlogvgc    
|uhtml|bestof|Game 2 of a best-of-3
|t:|1784509092
|gametype|doubles
|player|p1|Cannon14|steven|1249
|player|p2|toughlogvgc|266|1181
|gen|9
|tier|[Gen 9 Champions] VGC 2026 Reg M-B (Bo3)
|rated|
|rule|Species Clause: Limit one of each Pokémon
|rule|Item Clause: Limit 1 of each item
|clearpoke
|poke|p1|Incineroar, L50, F, shiny|
|poke|p1|Ninetales-Alola, L50, F|
|poke|p1|Annihilape, L50, M|
|poke|p1|Sinistcha, L50|
|poke|p1|Floette-Eternal, L50, F|
|poke|p1|Delphox, L50, F|
|poke|p2|Charizard, L50, M|
|poke|p2|Garchomp, L50, M|
|poke|p2|Basculegion, L50, M|
|poke|p2|Whimsicott, L50, F|
|poke|p2|Kingambit, L50, F|
|poke|p2|Floette-Eternal, L50, F|
|teampreview|4
|showteam|p1|Incineroar||ShucaBerry|Intimidate|FlareBlitz,FakeOut,DarkestLariat,PartingShot|Impish||F|||50|]Ninetales-Alola||LifeOrb|SnowWarning|AuroraVeil,FreezeDry,IcyWind,Protect|Timid||F|||50|]Annihilape||FocusSash|Defiant|PhantomForce,CloseCombat,RockTomb,Protect|Jolly||M|||50|]Sinistcha||SitrusBerry|Hospitality|MatchaGotcha,RagePowder,LifeDew,Protect|Bold|||||50|]Floette-Eternal||Floettite|FlowerVeil|DrainingKiss,DazzlingGleam,CalmMind,Protect|Calm||F|||50|]Delphox||Delphoxite|Blaze|HeatWave,Psychic,NastyPlot,Protect|Timid||F|||50|
|showteam|p2|Charizard||CharizarditeY|Blaze|HeatWave,SolarBeam,Protect,WeatherBall|Modest||M|||50|]Garchomp||LifeOrb|RoughSkin|DragonClaw,Earthquake,RockSlide,Protect|Jolly||M|||50|]Basculegion||ChoiceScarf|Adaptability|WaveCrash,AquaJet,FlipTurn,LastRespects|Adamant||M|||50|]Whimsicott||FocusSash|Prankster|Moonblast,Tailwind,Protect,Encore|Timid||F|||50|]Kingambit||BlackGlasses|Defiant|IronHead,KowtowCleave,Protect,SuckerPunch|Adamant||F|||50|]Floette-Eternal||Floettite|FlowerVeil|Moonblast,LightofRuin,DazzlingGleam,Protect|Modest||F|||50|
|inactive|Battle timer is ON: inactive players will automatically lose when time's up. (requested by Cannon14)
|inactive|Cannon14 has 60 seconds left.
|
|t:|1784509140
|teamsize|p1|4
|teamsize|p2|4
|start
|switch|p1a: Sinistcha|Sinistcha, L50|100/100
|switch|p1b: Floette|Floette-Eternal, L50, F|100/100
|switch|p2a: Basculegion|Basculegion, L50, M|100/100
|switch|p2b: Kingambit|Kingambit, L50, F|100/100
|turn|1
|inactive|toughlogvgc has 30 seconds left.
|inactive|toughlogvgc has 20 seconds left.
|inactive|toughlogvgc has 15 seconds left.
|inactive|toughlogvgc has 10 seconds left.
|
|t:|1784509190
|detailschange|p1b: Floette|Floette-Mega, L50, F
|-mega|p1b: Floette|Floette|Floettite
|-ability|p1b: Floette|Fairy Aura
|move|p1a: Sinistcha|Rage Powder|p1a: Sinistcha
|-singleturn|p1a: Sinistcha|move: Rage Powder
|move|p2a: Basculegion|Flip Turn|p1a: Sinistcha
|-resisted|p1a: Sinistcha|1
|-crit|p1a: Sinistcha
|-damage|p1a: Sinistcha|75/100
|
|t:|1784509203
|switch|p2a: Whimsicott|Whimsicott, L50, F|100/100|[from] Flip Turn
|move|p1b: Floette|Dazzling Gleam|p2b: Kingambit|[spread] p2a,p2b
|-damage|p2a: Whimsicott|32/100
|-damage|p2b: Kingambit|59/100
|move|p2b: Kingambit|Kowtow Cleave|p1a: Sinistcha
|-supereffective|p1a: Sinistcha|1
|-damage|p1a: Sinistcha|0 fnt
|faint|p1a: Sinistcha
|
|upkeep
|
|t:|1784509215
|switch|p1a: Incineroar|Incineroar, L50, F, shiny|100/100
|-ability|p1a: Incineroar|Intimidate|boost
|-unboost|p2a: Whimsicott|atk|1
|-unboost|p2b: Kingambit|atk|1
|-ability|p2b: Kingambit|Defiant|boost
|-boost|p2b: Kingambit|atk|2
|turn|2
|
|t:|1784509224
|move|p2b: Kingambit|Protect|p2b: Kingambit
|-singleturn|p2b: Kingambit|Protect
|move|p1a: Incineroar|Fake Out|p2a: Whimsicott
|-damage|p2a: Whimsicott|13/100
|cant|p2a: Whimsicott|flinch
|move|p1b: Floette|Calm Mind|p1b: Floette
|-boost|p1b: Floette|spa|1
|-boost|p1b: Floette|spd|1
|
|upkeep
|turn|3
|inactive|toughlogvgc has 30 seconds left.
|inactive|toughlogvgc has 20 seconds left.
|
|t:|1784509260
|switch|p2b: Basculegion|Basculegion, L50, M|100/100
|move|p1b: Floette|Protect|p1b: Floette
|-singleturn|p1b: Floette|Protect
|move|p2a: Whimsicott|Encore|p1b: Floette
|-activate|p1b: Floette|move: Protect
|move|p1a: Incineroar|Flare Blitz|p2a: Whimsicott
|-supereffective|p2a: Whimsicott|1
|-damage|p2a: Whimsicott|0 fnt
|faint|p2a: Whimsicott
|-damage|p1a: Incineroar|97/100|[from] Recoil
|
|upkeep
|
|t:|1784509276
|switch|p2a: Kingambit|Kingambit, L50, F|59/100
|turn|4
|
|t:|1784509295
|move|p1b: Floette|Protect|p1b: Floette
|-singleturn|p1b: Floette|Protect
|move|p2b: Basculegion|Wave Crash|p1a: Incineroar
|-supereffective|p1a: Incineroar|1
|-damage|p1a: Incineroar|0 fnt
|faint|p1a: Incineroar
|-damage|p2b: Basculegion|67/100|[from] Recoil
|move|p2a: Kingambit|Iron Head|p1b: Floette
|-activate|p1b: Floette|move: Protect
|
|upkeep
|
|t:|1784509303
|switch|p1a: Ninetales|Ninetales-Alola, L50, F|100/100
|-weather|Snowscape|[from] ability: Snow Warning|[of] p1a: Ninetales
|turn|5
|
|t:|1784509319
|move|p2a: Kingambit|Protect|p2a: Kingambit
|-singleturn|p2a: Kingambit|Protect
|move|p2b: Basculegion|Wave Crash|p1b: Floette
|-damage|p1b: Floette|12/100
|-damage|p2b: Basculegion|41/100|[from] Recoil
|move|p1a: Ninetales|Aurora Veil|p1a: Ninetales
|-sidestart|p1: Cannon14|move: Aurora Veil
|move|p1b: Floette|Dazzling Gleam|p2a: Kingambit|[spread] p2b
|-activate|p2a: Kingambit|move: Protect
|-damage|p2b: Basculegion|0 fnt
|faint|p2b: Basculegion
|
|-weather|Snowscape|[upkeep]
|upkeep
|
|t:|1784509330
|switch|p2b: Charizard|Charizard, L50, M|100/100
|turn|6
|
|t:|1784509343
|detailschange|p2b: Charizard|Charizard-Mega-Y, L50, M
|-mega|p2b: Charizard|Charizard|Charizardite Y
|-weather|SunnyDay|[from] ability: Drought|[of] p2b: Charizard
|move|p1a: Ninetales|Protect|p1a: Ninetales
|-singleturn|p1a: Ninetales|Protect
|move|p2a: Kingambit|Sucker Punch|p1b: Floette
|-resisted|p1b: Floette|1
|-damage|p1b: Floette|0 fnt
|faint|p1b: Floette
|move|p2b: Charizard|Weather Ball|p1a: Ninetales
|-activate|p1a: Ninetales|move: Protect
|
|-weather|SunnyDay|[upkeep]
|upkeep
|turn|7
|-message|Cannon14 forfeited.
|
|win|toughlogvgc
|raw|Cannon14's rating: 1249 → 1219(-30 for losing)
|raw|toughlogvgc's rating: 1181 → 1211(+30 for winning)
|l|☆Cannon14
|player|p1|
