|j|☆SHLOK101
|j|☆jeanryupr
|html|SHLOK101jeanryupr    
|uhtml|bestof|Game 3 of a best-of-3
|t:|1785764862
|gametype|doubles
|player|p1|SHLOK101|cynthia|1248
|player|p2|jeanryupr|170|1161
|gen|9
|tier|[Gen 9 Champions] VGC 2026 Reg M-B (Bo3)
|rated|
|rule|Species Clause: Limit one of each Pokémon
|rule|Item Clause: Limit 1 of each item
|clearpoke
|poke|p1|Blaziken, L50, F|
|poke|p1|Tyranitar, L50, M|
|poke|p1|Lucario, L50, M|
|poke|p1|Mamoswine, L50, F|
|poke|p1|Ditto, L50|
|poke|p1|Houndstone, L50, M|
|poke|p2|Raichu, L50, M|
|poke|p2|Aerodactyl, L50, M|
|poke|p2|Floette-Eternal, L50, F|
|poke|p2|Basculegion, L50, M|
|poke|p2|Farigiraf, L50, M|
|poke|p2|Garchomp, L50, M|
|teampreview|4
|showteam|p1|Blaziken||FocusSash|SpeedBoost|HeatWave,AuraSphere,Coaching,Protect|Modest||F|||50|]Tyranitar||Tyranitarite|SandStream|KnockOff,RockSlide,DragonDance,Protect|Jolly||M|||50|]Lucario||Lucarionite|InnerFocus|MeteorMash,CloseCombat,ThunderPunch,Protect|Jolly||M|||50|]Mamoswine||LifeOrb|Oblivious|IcicleCrash,HighHorsepower,IceShard,Protect|Adamant||F|||50|]Ditto||MentalHerb|Imposter|Transform|Hasty|||||50|]Houndstone||ColburBerry|SandRush|LastRespects,PlayRough,Howl,Protect|Jolly||M|||50|
|showteam|p2|Raichu||RaichuniteY|LightningRod|ZapCannon,FocusBlast,FakeOut,Protect|Timid||M|||50|]Aerodactyl||FocusSash|Unnerve|WideGuard,DualWingbeat,RockSlide,Tailwind|Jolly||M|||50|]Floette-Eternal||Floettite|FlowerVeil|CalmMind,DazzlingGleam,DrainingKiss,Protect|Timid||F|||50|]Basculegion||MysticWater|Adaptability|WaveCrash,LastRespects,AquaJet,Protect|Adamant||M|||50|]Farigiraf||SitrusBerry|ArmorTail|TrickRoom,HelpingHand,Thunderbolt,Psychic|Bold||M|||50|]Garchomp||LifeOrb|RoughSkin|Protect,DragonClaw,StompingTantrum,RockSlide|Jolly||M|||50|
|inactive|Battle timer is ON: inactive players will automatically lose when time's up. (requested by SHLOK101)
|inactive|jeanryupr has 60 seconds left.
|
|t:|1785764898
|teamsize|p1|4
|teamsize|p2|4
|start
|switch|p1a: Blaziken|Blaziken, L50, F|100/100
|switch|p1b: Mamoswine|Mamoswine, L50, F|100/100
|switch|p2a: Garchomp|Garchomp, L50, M|100/100
|switch|p2b: Raichu|Raichu, L50, M|100/100
|turn|1
|
|t:|1785764911
|switch|p2b: Farigiraf|Farigiraf, L50, M|100/100
|move|p1b: Mamoswine|Protect|p1b: Mamoswine
|-singleturn|p1b: Mamoswine|Protect
|move|p1a: Blaziken|Protect|p1a: Blaziken
|-singleturn|p1a: Blaziken|Protect
|move|p2a: Garchomp|Stomping Tantrum|p1b: Mamoswine
|-activate|p1b: Mamoswine|move: Protect
|
|-ability|p1a: Blaziken|Speed Boost|boost
|-boost|p1a: Blaziken|spe|1
|upkeep
|turn|2
|
|t:|1785764926
|move|p1a: Blaziken|Heat Wave|p2b: Farigiraf|[spread] p2a,p2b
|-resisted|p2a: Garchomp|1
|-damage|p2a: Garchomp|78/100
|-damage|p2b: Farigiraf|64/100
|move|p2a: Garchomp|Stomping Tantrum|p1b: Mamoswine
|-damage|p1b: Mamoswine|47/100
|-damage|p2a: Garchomp|68/100|[from] item: Life Orb
|move|p1b: Mamoswine|High Horsepower|p2b: Farigiraf
|-damage|p2b: Farigiraf|10/100
|-enditem|p2b: Farigiraf|Sitrus Berry|[eat]
|-heal|p2b: Farigiraf|35/100|[from] item: Sitrus Berry
|-damage|p1b: Mamoswine|37/100|[from] item: Life Orb
|move|p2b: Farigiraf|Psychic|p1a: Blaziken
|-supereffective|p1a: Blaziken|1
|-enditem|p1a: Blaziken|Focus Sash
|-damage|p1a: Blaziken|1/100
|
|-ability|p1a: Blaziken|Speed Boost|boost
|-boost|p1a: Blaziken|spe|1
|upkeep
|turn|3
|inactive|SHLOK101 has 30 seconds left.
|
|t:|1785764953
|move|p2b: Farigiraf|Helping Hand|p2a: Garchomp
|-singleturn|p2a: Garchomp|Helping Hand|[of] p2b: Farigiraf
|move|p1b: Mamoswine|Protect|p1b: Mamoswine
|-singleturn|p1b: Mamoswine|Protect
|move|p1a: Blaziken|Heat Wave|p2a: Garchomp|[spread] p2a,p2b
|-resisted|p2a: Garchomp|1
|-damage|p2a: Garchomp|46/100
|-damage|p2b: Farigiraf|2/100
|move|p2a: Garchomp|Rock Slide|p1b: Mamoswine|[spread] p1a
|-activate|p1b: Mamoswine|move: Protect
|-damage|p1a: Blaziken|0 fnt
|faint|p1a: Blaziken
|-damage|p2a: Garchomp|37/100|[from] item: Life Orb
|
|upkeep
|
|t:|1785764964
|switch|p1a: Tyranitar|Tyranitar, L50, M|100/100
|-weather|Sandstorm|[from] ability: Sand Stream|[of] p1a: Tyranitar
|turn|4
|
|t:|1785764978
|switch|p1b: Houndstone|Houndstone, L50, M|100/100
|detailschange|p1a: Tyranitar|Tyranitar-Mega, L50, M
|-mega|p1a: Tyranitar|Tyranitar|Tyranitarite
|move|p2b: Farigiraf|Helping Hand|p2a: Garchomp
|-singleturn|p2a: Garchomp|Helping Hand|[of] p2b: Farigiraf
|move|p2a: Garchomp|Rock Slide|p1a: Tyranitar|[spread] p1a,p1b
|-damage|p1a: Tyranitar|71/100
|-damage|p1b: Houndstone|58/100
|-damage|p2a: Garchomp|27/100|[from] item: Life Orb
|cant|p1a: Tyranitar|flinch
|
|-weather|Sandstorm|[upkeep]
|-damage|p2b: Farigiraf|0 fnt|[from] Sandstorm
|faint|p2b: Farigiraf
|upkeep
|
|t:|1785764996
|switch|p2b: Basculegion|Basculegion, L50, M|100/100
|turn|5
|c|☆SHLOK101|man you are so fuking lucky
|
|t:|1785765004
|move|p2b: Basculegion|Aqua Jet|p1b: Houndstone
|-damage|p1b: Houndstone|14/100
|move|p1b: Houndstone|Last Respects|p2a: Garchomp
|-damage|p2a: Garchomp|0 fnt
|faint|p2a: Garchomp
|move|p1a: Tyranitar|Dragon Dance|p1a: Tyranitar
|-boost|p1a: Tyranitar|atk|1
|-boost|p1a: Tyranitar|spe|1
|
|-weather|Sandstorm|[upkeep]
|-damage|p2b: Basculegion|93/100|[from] Sandstorm
|upkeep
|
|t:|1785765010
|switch|p2a: Raichu|Raichu, L50, M|100/100
|turn|6
|
|t:|1785765022
|detailschange|p2a: Raichu|Raichu-Mega-Y, L50, M
|-mega|p2a: Raichu|Raichu|Raichunite Y
|move|p1b: Houndstone|Protect|p1b: Houndstone
|-singleturn|p1b: Houndstone|Protect
|move|p1a: Tyranitar|Protect|p1a: Tyranitar
|-singleturn|p1a: Tyranitar|Protect
|move|p2b: Basculegion|Aqua Jet|p1b: Houndstone
|-activate|p1b: Houndstone|move: Protect
|move|p2a: Raichu|Focus Blast|p1a: Tyranitar
|-activate|p1a: Tyranitar|move: Protect
|
|-weather|Sandstorm|[upkeep]
|-damage|p2a: Raichu|94/100|[from] Sandstorm
|-damage|p2b: Basculegion|87/100|[from] Sandstorm
|upkeep
|turn|7
|inactive|SHLOK101 has 30 seconds left.
|inactive|SHLOK101 has 20 seconds left.
|
|t:|1785765061
|move|p1a: Tyranitar|Protect||[still]
|-fail|p1a: Tyranitar
|move|p2b: Basculegion|Aqua Jet|p1b: Houndstone
|-damage|p1b: Houndstone|0 fnt
|faint|p1b: Houndstone
|move|p2a: Raichu|Focus Blast|p1a: Tyranitar
|-supereffective|p1a: Tyranitar|2
|-damage|p1a: Tyranitar|0 fnt
|faint|p1a: Tyranitar
|
|-weather|Sandstorm|[upkeep]
|-damage|p2a: Raichu|88/100|[from] Sandstorm
|-damage|p2b: Basculegion|81/100|[from] Sandstorm
|upkeep
|-message|SHLOK101 forfeited.
|
|win|jeanryupr
