|j|☆zanfire73
|j|☆MomijiTheTengu
|html|zanfire73MomijiTheTengu    
|uhtml|bestof|Game 1 of a best-of-3
|t:|1785958837
|gametype|doubles
|player|p1|zanfire73|steven|
|player|p2|MomijiTheTengu|iris-gen5bw2|
|gen|9
|tier|[Gen 9 Champions] VGC 2026 Reg M-B (Bo3)
|rule|Species Clause: Limit one of each Pokémon
|rule|Item Clause: Limit 1 of each item
|clearpoke
|poke|p1|Cofagrigus, L50, M|
|poke|p1|Incineroar, L50, F|
|poke|p1|Sylveon, L50, M|
|poke|p1|Camerupt, L50, F|
|poke|p1|Araquanid, L50, M|
|poke|p1|Dragalge, L50, M|
|poke|p2|Staraptor, L50, M, shiny|
|poke|p2|Whimsicott, L50, F, shiny|
|poke|p2|Lopunny, L50, F, shiny|
|poke|p2|Farigiraf, L50, F, shiny|
|poke|p2|Sinistcha-Masterpiece, L50|
|poke|p2|Tinkaton, L50, F|
|teampreview|4
|showteam|p1|Cofagrigus||Leftovers|Mummy|BodyPress,WillOWisp,TrickRoom,Disable|Relaxed||M|||50|]Incineroar||ChopleBerry|Intimidate|FakeOut,PartingShot,DarkestLariat,FlareBlitz|Impish||F|||50|]Sylveon||FairyFeather|Pixilate|MysticalFire,HyperBeam,HyperVoice,Detect|Modest||M|||50|]Camerupt||Cameruptite|SolidRock|EarthPower,Eruption,HeatWave,Protect|Quiet||F|||50|]Araquanid||LifeOrb|WaterBubble|LeechLife,WideGuard,Liquidation,Protect|Adamant||M|||50|]Dragalge||ExpertBelt|Adaptability|DragonPulse,SludgeBomb,AcidSpray,Protect|Quiet||M|||50|
|showteam|p2|Staraptor||Staraptite|Intimidate|CloseCombat,Protect,Roost,BlazeKick|Jolly||M|||50|]Whimsicott||FocusSash|Prankster|Moonblast,Tailwind,Charm,HelpingHand|Timid||F|||50|]Lopunny||Lopunnite|CuteCharm|FakeOut,CloseCombat,Protect,TripleAxel|Jolly||F|||50|]Farigiraf||SitrusBerry|ArmorTail|Psychic,HelpingHand,Protect,AllySwitch|Bold||F|||50|]Sinistcha-Masterpiece||Leftovers|Hospitality|MatchaGotcha,Protect,LifeDew,RagePowder|Modest|||||50|]Tinkaton||MetalCoat|MoldBreaker|GigatonHammer,BabyDollEyes,ThunderWave,FakeOut|Adamant||F|||50|
|j| Raspree
|
|t:|1785958902
|teamsize|p1|4
|teamsize|p2|4
|start
|switch|p1a: TheGoat|Cofagrigus, L50, M|100/100
|switch|p1b: TheDog|Sylveon, L50, M|100/100
|switch|p2a: Whimsicott|Whimsicott, L50, F, shiny|100/100
|switch|p2b: Giraraig|Farigiraf, L50, F, shiny|100/100
|turn|1
|c| Raspree|Potete cominciare. Buona fortuna
|j| reifard
|
|t:|1785958965
|move|p2b: Giraraig|Protect|p2b: Giraraig
|-singleturn|p2b: Giraraig|Protect
|move|p2a: Whimsicott|Tailwind|p2a: Whimsicott
|-sidestart|p2: MomijiTheTengu|move: Tailwind
|move|p1b: TheDog|Hyper Voice|p2b: Giraraig|[spread] p2a
|-activate|p2b: Giraraig|move: Protect
|-damage|p2a: Whimsicott|31/100
|move|p1a: TheGoat|Body Press|p2a: Whimsicott
|-resisted|p2a: Whimsicott|1
|-damage|p2a: Whimsicott|10/100
|
|upkeep
|turn|2
|
|t:|1785958995
|move|p2b: Giraraig|Helping Hand|p2a: Whimsicott
|-singleturn|p2a: Whimsicott|Helping Hand|[of] p2b: Giraraig
|move|p1b: TheDog|Detect|p1b: TheDog
|-singleturn|p1b: TheDog|Protect
|move|p2a: Whimsicott|Moonblast|p1a: TheGoat
|-damage|p1a: TheGoat|57/100
|move|p1a: TheGoat|Trick Room|p1a: TheGoat
|-fieldstart|move: Trick Room|[of] p1a: TheGoat
|
|-heal|p1a: TheGoat|63/100|[from] item: Leftovers
|upkeep
|turn|3
|
|t:|1785959040
|move|p2b: Giraraig|Protect|p2b: Giraraig
|-singleturn|p2b: Giraraig|Protect
|move|p2a: Whimsicott|Charm|p1a: TheGoat
|-unboost|p1a: TheGoat|atk|2
|move|p1a: TheGoat|Disable|p2a: Whimsicott
|-start|p2a: Whimsicott|Disable|Charm
|move|p1b: TheDog|Mystical Fire|p2b: Giraraig
|-activate|p2b: Giraraig|move: Protect
|
|-heal|p1a: TheGoat|69/100|[from] item: Leftovers
|upkeep
|turn|4
|
|t:|1785959063
|move|p2b: Giraraig|Ally Switch|p2b: Giraraig
|swap|p2b: Giraraig|0|[from] move: Ally Switch
|move|p1a: TheGoat|Body Press|p2b: Whimsicott
|-resisted|p2b: Whimsicott|1
|-crit|p2b: Whimsicott
|-damage|p2b: Whimsicott|0 fnt
|faint|p2b: Whimsicott
|move|p1b: TheDog|Hyper Voice|p2a: Giraraig
|-damage|p2a: Giraraig|36/100
|-enditem|p2a: Giraraig|Sitrus Berry|[eat]
|-heal|p2a: Giraraig|60/100|[from] item: Sitrus Berry
|
|-heal|p1a: TheGoat|75/100|[from] item: Leftovers
|-sideend|p2: MomijiTheTengu|move: Tailwind
|upkeep
|
|t:|1785959079
|switch|p2b: Lopunny|Lopunny, L50, F, shiny|100/100
|turn|5
|
|t:|1785959106
|switch|p1b: TheCat|Incineroar, L50, F|100/100
|-ability|p1b: TheCat|Intimidate|boost
|-unboost|p2a: Giraraig|atk|1
|-unboost|p2b: Lopunny|atk|1
|detailschange|p2b: Lopunny|Lopunny-Mega, L50, F, shiny
|-mega|p2b: Lopunny|Lopunny|Lopunnite
|move|p2b: Lopunny|Protect|p2b: Lopunny
|-singleturn|p2b: Lopunny|Protect
|move|p2a: Giraraig|Ally Switch||[still]
|-fail|p2a: Giraraig
|move|p1a: TheGoat|Will-O-Wisp|p2b: Lopunny
|-activate|p2b: Lopunny|move: Protect
|
|-heal|p1a: TheGoat|81/100|[from] item: Leftovers
|upkeep
|turn|6
|
|t:|1785959141
|move|p2a: Giraraig|Helping Hand|p2b: Lopunny
|-singleturn|p2b: Lopunny|Helping Hand|[of] p2a: Giraraig
|move|p1a: TheGoat|Body Press|p2b: Lopunny
|-supereffective|p2b: Lopunny|1
|-damage|p2b: Lopunny|16/100
|move|p1b: TheCat|Flare Blitz|p2b: Lopunny
|-damage|p2b: Lopunny|0 fnt
|faint|p2b: Lopunny
|-damage|p1b: TheCat|95/100|[from] Recoil
|
|-heal|p1a: TheGoat|87/100|[from] item: Leftovers
|-fieldend|move: Trick Room
|upkeep
|
|t:|1785959154
|switch|p2b: Sinistcha|Sinistcha-Masterpiece, L50|100/100
|-heal|p2a: Giraraig|85/100|[from] ability: Hospitality|[of] p2b: Sinistcha
|turn|7
|
|t:|1785959175
|move|p2a: Giraraig|Ally Switch|p2a: Giraraig
|swap|p2a: Giraraig|1|[from] move: Ally Switch
|move|p2a: Sinistcha|Matcha Gotcha|p1a: TheGoat|[spread] p1a,p1b
|-resisted|p1b: TheCat|1
|-damage|p1a: TheGoat|61/100
|-damage|p1b: TheCat|82/100
|move|p1b: TheCat|Parting Shot|p2b: Giraraig
|-unboost|p2b: Giraraig|atk|1
|-unboost|p2b: Giraraig|spa|1
|
|t:|1785959184
|switch|p1b: TheCow|Camerupt, L50, F|100/100|[from] Parting Shot
|move|p1a: TheGoat|Trick Room|p1a: TheGoat
|-fieldstart|move: Trick Room|[of] p1a: TheGoat
|
|-heal|p1a: TheGoat|67/100|[from] item: Leftovers
|upkeep
|turn|8
|
|t:|1785959202
|detailschange|p1b: TheCow|Camerupt-Mega, L50, F
|-mega|p1b: TheCow|Camerupt|Cameruptite
|move|p2a: Sinistcha|Protect|p2a: Sinistcha
|-singleturn|p2a: Sinistcha|Protect
|move|p1b: TheCow|Eruption|p2b: Giraraig|[spread] p2b
|-activate|p2a: Sinistcha|move: Protect
|-damage|p2b: Giraraig|18/100
|move|p1a: TheGoat|Body Press|p2b: Giraraig
|-damage|p2b: Giraraig|0 fnt
|faint|p2b: Giraraig
|
|-heal|p1a: TheGoat|73/100|[from] item: Leftovers
|upkeep
|turn|9
|
|t:|1785959225
|move|p1b: TheCow|Eruption|p2a: Sinistcha
|-supereffective|p2a: Sinistcha|1
|-damage|p2a: Sinistcha|0 fnt
|faint|p2a: Sinistcha
|
|win|zanfire73
||MomijiTheTengu is ready for game 2.
||zanfire73 is ready for game 2.
|uhtml|next|Next: Game 2 of 3
