|j|☆breloomb01
|j|☆Screammmmm1
|html|breloomb01Screammmmm1    
|uhtml|bestof|Game 1 of a best-of-3
|t:|1785354138
|gametype|doubles
|player|p1|breloomb01|roughneck|1184
|player|p2|Screammmmm1|n|1085
|gen|9
|tier|[Gen 9 Champions] VGC 2026 Reg M-B (Bo3)
|rated|
|rule|Species Clause: Limit one of each Pokémon
|rule|Item Clause: Limit 1 of each item
|clearpoke
|poke|p1|Floette-Eternal, L50, F|
|poke|p1|Incineroar, L50, M|
|poke|p1|Sinistcha, L50|
|poke|p1|Garchomp, L50, M|
|poke|p1|Sneasler, L50, F|
|poke|p1|Rotom-Wash, L50|
|poke|p2|Aggron, L50, F|
|poke|p2|Gholdengo, L50|
|poke|p2|Sneasler, L50, M|
|poke|p2|Aerodactyl, L50, M|
|poke|p2|Incineroar, L50, M|
|poke|p2|Lucario, L50, M|
|teampreview|4
|showteam|p1|Floette-Eternal||Floettite|FlowerVeil|DrainingKiss,DazzlingGleam,CalmMind,Protect|Modest||F|||50|]Incineroar||SitrusBerry|Intimidate|FakeOut,FlareBlitz,ThroatChop,PartingShot|Careful||M|||50|]Sinistcha||KasibBerry|Hospitality|Protect,RagePowder,MatchaGotcha,TrickRoom|Calm|||||50|]Garchomp||LifeOrb|RoughSkin|Earthquake,DragonClaw,RockSlide,Protect|Jolly||M|||50|]Sneasler||FocusSash|PoisonTouch|FakeOut,DireClaw,CloseCombat,Protect|Jolly||F|||50|]Rotom-Wash||Leftovers|Levitate|HydroPump,Protect,WillOWisp,Electroweb|Bold|||||50|
|showteam|p2|Aggron||Aggronite|Sturdy|BodyPress,Curse,IronDefense,HeavySlam|Serious||F|||50|]Gholdengo||LifeOrb|GoodasGold|Protect,NastyPlot,ShadowBall,MakeItRain|Modest|||||50|]Sneasler||WhiteHerb|Unburden|CloseCombat,DireClaw,FakeOut,Protect|Adamant||M|||50|]Aerodactyl||FocusSash|Unnerve|RockSlide,Tailwind,Protect,DualWingbeat|Jolly||M|||50|]Incineroar||SitrusBerry|Intimidate|FakeOut,DarkestLariat,FlareBlitz,CloseCombat|Adamant||M|||50|]Lucario||Lucarionite|InnerFocus|FlashCannon,AuraSphere,Detect,VacuumWave|Modest||M|||50|
|inactive|Battle timer is ON: inactive players will automatically lose when time's up. (requested by Screammmmm1)
|inactive|breloomb01 has 60 seconds left.
|inactive|Screammmmm1 has 60 seconds left.
|
|t:|1785354213
|teamsize|p1|4
|teamsize|p2|4
|start
|switch|p1a: Garchomp|Garchomp, L50, M|100/100
|switch|p1b: Rotom|Rotom-Wash, L50|100/100
|switch|p2a: Aggron|Aggron, L50, F|100/100
|switch|p2b: Aerodactyl|Aerodactyl, L50, M|100/100
|-ability|p2b: Aerodactyl|Unnerve
|turn|1
|
|t:|1785354234
|detailschange|p2a: Aggron|Aggron-Mega, L50, F
|-mega|p2a: Aggron|Aggron|Aggronite
|move|p2b: Aerodactyl|Tailwind|p2b: Aerodactyl
|-sidestart|p2: Screammmmm1|move: Tailwind
|move|p1a: Garchomp|Earthquake|p2a: Aggron|[spread] p2a
|-immune|p1b: Rotom|[from] ability: Levitate
|-immune|p2b: Aerodactyl
|-supereffective|p2a: Aggron|1
|-damage|p2a: Aggron|66/100
|-damage|p1a: Garchomp|90/100|[from] item: Life Orb
|move|p2a: Aggron|Iron Defense|p2a: Aggron
|-boost|p2a: Aggron|def|2
|move|p1b: Rotom|Electroweb|p2a: Aggron|[spread] p2a,p2b
|-supereffective|p2b: Aerodactyl|1
|-damage|p2a: Aggron|48/100
|-damage|p2b: Aerodactyl|60/100
|-unboost|p2a: Aggron|spe|1
|-unboost|p2b: Aerodactyl|spe|1
|
|upkeep
|turn|2
|
|t:|1785354253
|move|p2b: Aerodactyl|Rock Slide|p1b: Rotom|[spread] p1a,p1b
|-resisted|p1a: Garchomp|1
|-damage|p1a: Garchomp|77/100
|-damage|p1b: Rotom|78/100
|cant|p1a: Garchomp|flinch
|move|p1b: Rotom|Will-O-Wisp|p2a: Aggron
|-status|p2a: Aggron|brn
|move|p2a: Aggron|Body Press|p1b: Rotom
|-damage|p1b: Rotom|40/100
|
|-heal|p1b: Rotom|46/100|[from] item: Leftovers
|-damage|p2a: Aggron|42/100 brn|[from] brn
|upkeep
|turn|3
|inactive|breloomb01 has 30 seconds left.
|
|t:|1785354279
|move|p1b: Rotom|Protect|p1b: Rotom
|-singleturn|p1b: Rotom|Protect
|move|p2b: Aerodactyl|Rock Slide|p1b: Rotom|[spread] p1a
|-activate|p1b: Rotom|move: Protect
|-resisted|p1a: Garchomp|1
|-damage|p1a: Garchomp|65/100
|cant|p1a: Garchomp|flinch
|move|p2a: Aggron|Body Press|p1a: Garchomp
|-damage|p1a: Garchomp|24/100
|-damage|p2a: Aggron|29/100 brn|[from] ability: Rough Skin|[of] p1a: Garchomp
|
|-heal|p1b: Rotom|52/100|[from] item: Leftovers
|-damage|p2a: Aggron|23/100 brn|[from] brn
|upkeep
|turn|4
|
|t:|1785354288
|switch|p1a: Floette|Floette-Eternal, L50, F|100/100
|move|p2b: Aerodactyl|Rock Slide|p1a: Floette|[spread] p1a,p1b
|-damage|p1a: Floette|68/100
|-damage|p1b: Rotom|26/100
|move|p1b: Rotom|Hydro Pump|p2b: Aerodactyl
|-supereffective|p2b: Aerodactyl|1
|-damage|p2b: Aerodactyl|0 fnt
|faint|p2b: Aerodactyl
|move|p2a: Aggron|Body Press|p1b: Rotom
|-damage|p1b: Rotom|0 fnt
|faint|p1b: Rotom
|
|-damage|p2a: Aggron|17/100 brn|[from] brn
|-sideend|p2: Screammmmm1|move: Tailwind
|upkeep
|
|t:|1785354298
|switch|p2b: Gholdengo|Gholdengo, L50|100/100
|switch|p1b: Incineroar|Incineroar, L50, M|100/100
|-ability|p1b: Incineroar|Intimidate|boost
|-unboost|p2a: Aggron|atk|1
|-unboost|p2b: Gholdengo|atk|1
|turn|5
|l|☆breloomb01
|inactive|breloomb01 disconnected and has a minute to reconnect!
|player|p1|
|inactive|breloomb01 has 30 seconds left.
|inactive|breloomb01 has 20 seconds left.
|j|☆breloomb01
|inactive|breloomb01 reconnected and has 20 seconds left.
|player|p1|breloomb01|roughneck|
|inactive|breloomb01 has 15 seconds left.
|inactive|breloomb01 has 10 seconds left.
|
|t:|1785354346
|detailschange|p1a: Floette|Floette-Mega, L50, F
|-mega|p1a: Floette|Floette|Floettite
|-ability|p1a: Floette|Fairy Aura
|move|p1a: Floette|Protect|p1a: Floette
|-singleturn|p1a: Floette|Protect
|move|p2b: Gholdengo|Protect|p2b: Gholdengo
|-singleturn|p2b: Gholdengo|Protect
|move|p1b: Incineroar|Flare Blitz|p2b: Gholdengo
|-activate|p2b: Gholdengo|move: Protect
|move|p2a: Aggron|Body Press|p1b: Incineroar
|-supereffective|p1b: Incineroar|1
|-damage|p1b: Incineroar|37/100
|-enditem|p1b: Incineroar|Sitrus Berry|[eat]
|-heal|p1b: Incineroar|62/100|[from] item: Sitrus Berry
|
|-damage|p2a: Aggron|11/100 brn|[from] brn
|upkeep
|turn|6
|
|t:|1785354366
|switch|p1a: Garchomp|Garchomp, L50, M|24/100
|move|p2b: Gholdengo|Make It Rain|p1b: Incineroar|[spread] p1a,p1b
|-resisted|p1b: Incineroar|1
|-damage|p1a: Garchomp|0 fnt
|-damage|p1b: Incineroar|38/100
|-unboost|p2b: Gholdengo|spa|2
|faint|p1a: Garchomp
|-damage|p2b: Gholdengo|90/100|[from] item: Life Orb
|move|p1b: Incineroar|Flare Blitz|p2b: Gholdengo
|-supereffective|p2b: Gholdengo|1
|-damage|p2b: Gholdengo|0 fnt
|faint|p2b: Gholdengo
|-damage|p1b: Incineroar|11/100|[from] Recoil
|move|p2a: Aggron|Body Press|p1b: Incineroar
|-supereffective|p1b: Incineroar|1
|-damage|p1b: Incineroar|0 fnt
|faint|p1b: Incineroar
|
|-damage|p2a: Aggron|5/100 brn|[from] brn
|upkeep
|
|t:|1785354377
|switch|p2b: Sneasler|Sneasler, L50, M|100/100
|switch|p1b: Floette|Floette-Mega, L50, F|68/100
|-ability|p1b: Floette|Fairy Aura
|turn|7
|
|t:|1785354387
|move|p2b: Sneasler|Fake Out|p1b: Floette
|-damage|p1b: Floette|50/100g
|cant|p1b: Floette|flinch
|move|p2a: Aggron|Heavy Slam|p1b: Floette
|-supereffective|p1b: Floette|1
|-damage|p1b: Floette|25/100
|
|-damage|p2a: Aggron|0 fnt|[from] brn
|faint|p2a: Aggron
|upkeep
|turn|8
|
|t:|1785354390
|move|p1b: Floette|Protect|p1b: Floette
|-singleturn|p1b: Floette|Protect
|move|p2b: Sneasler|Dire Claw|p1b: Floette
|-activate|p1b: Floette|move: Protect
|
|upkeep
|turn|9
|
|t:|1785354392
|move|p2b: Sneasler|Dire Claw|p1b: Floette
|-supereffective|p1b: Floette|1
|-damage|p1b: Floette|0 fnt
|faint|p1b: Floette
|
|win|Screammmmm1
||Screammmmm1 is ready for game 2.
|l|☆Screammmmm1
|player|p2|
|inactive|breloomb01 has 30 seconds to confirm battle start!
|l|☆breloomb01
|player|p1|
|inactive|breloomb01 has 20 seconds to confirm battle start!
|inactive|breloomb01 has 10 seconds to confirm battle start!
|j|☆breloomb01
|player|p1|breloomb01|roughneck|
