|j|☆KChiefs7
|j|☆Kahizar
|html|KChiefs7Kahizar    
|uhtml|bestof|Game 1 of a best-of-3
|t:|1757700678
|gametype|doubles
|player|p1|KChiefs7|swimmer-gen4|1144
|player|p2|Kahizar|169|1059
|gen|9
|tier|[Gen 9] VGC 2025 Reg H (Bo3)
|rated|
|rule|Species Clause: Limit one of each Pokémon
|rule|Item Clause: Limit 1 of each item
|clearpoke
|poke|p1|Ursaluna, L50, M|
|poke|p1|Gholdengo, L50|
|poke|p1|Amoonguss, L50, M|
|poke|p1|Porygon2, L50|
|poke|p1|Incineroar, L50, F|
|poke|p1|Flamigo, L50, M|
|poke|p2|Ninetales-Alola, L50, F|
|poke|p2|Incineroar, L50, F|
|poke|p2|Murkrow, L50, F|
|poke|p2|Sneasler, L50, F|
|poke|p2|Rillaboom, L50, M|
|poke|p2|Gholdengo, L50|
|teampreview|4
|showteam|p1|Ursaluna||FlameOrb|Guts|Facade,Earthquake,Substitute,Protect|||M|||50|,,,,,Ghost]Gholdengo||LifeOrb|GoodasGold|MakeItRain,ShadowBall,NastyPlot,Protect||||||50|,,,,,Steel]Amoonguss||SitrusBerry|Regenerator|RagePowder,Spore,PollenPuff,Protect|||M|||50|,,,,,Fairy]Porygon2||Eviolite|Download|Thunderbolt,IceBeam,Recover,TrickRoom||||||50|,,,,,Flying]Incineroar||AssaultVest|Intimidate|FlareBlitz,KnockOff,FakeOut,Uturn|||F|||50|,,,,,Grass]Flamigo||FocusSash|Scrappy|CloseCombat,BraveBird,WideGuard,Detect|||M|||50|,,,,,Stellar
|showteam|p2|Ninetales-Alola||FocusSash|SnowWarning|AuroraVeil,Blizzard,Moonblast,Protect|||F|||50|,,,,,Water]Incineroar||SafetyGoggles|Intimidate|FlareBlitz,FakeOut,KnockOff,PartingShot|||F|||50|,,,,,Ghost]Murkrow||Eviolite|Prankster|Taunt,Tailwind,Haze,FoulPlay|||F|||50|,,,,,Ghost]Sneasler||ChoiceBand|PoisonTouch|CloseCombat,RockSlide,DireClaw,ThroatChop|||F|||50|,,,,,Dark]Rillaboom||AssaultVest|GrassySurge|WoodHammer,GrassyGlide,FakeOut,Uturn|||M|||50|,,,,,Fire]Gholdengo||LifeOrb|GoodasGold|MakeItRain,TeraBlast,NastyPlot,Protect||||||50|,,,,,Ground
|inactive|Battle timer is ON: inactive players will automatically lose when time's up. (requested by KChiefs7)
|inactive|KChiefs7 has 60 seconds left.
|inactive|Kahizar has 60 seconds left.
|inactive|KChiefs7 has 30 seconds left.
|
|t:|1757700747
|teamsize|p1|4
|teamsize|p2|4
|start
|switch|p1a: Gholdengo|Gholdengo, L50|100/100
|switch|p1b: Incineroar|Incineroar, L50, F, shiny|100/100
|switch|p2a: Sneasler|Sneasler, L50, F|100/100
|switch|p2b: Murkrow|Murkrow, L50, F|100/100
|-ability|p1b: Incineroar|Intimidate|boost
|-unboost|p2a: Sneasler|atk|1
|-unboost|p2b: Murkrow|atk|1
|turn|1
|inactive|KChiefs7 has 30 seconds left.
|inactive|Kahizar has 30 seconds left.
|
|t:|1757700780
|-terastallize|p1a: Gholdengo|Steel
|move|p1b: Incineroar|Fake Out|p2a: Sneasler
|-damage|p2a: Sneasler|79/100
|cant|p2a: Sneasler|flinch
|move|p1a: Gholdengo|Make It Rain|p2a: Sneasler|[spread] p2a,p2b
|-damage|p2a: Sneasler|0 fnt
|-damage|p2b: Murkrow|2/100
|-unboost|p1a: Gholdengo|spa|1
|faint|p2a: Sneasler
|-damage|p1a: Gholdengo|91/100|[from] item: Life Orb
|move|p2b: Murkrow|Foul Play|p1a: Gholdengo
|-damage|p1a: Gholdengo|73/100
|
|upkeep
|
|t:|1757700794
|switch|p2a: Incineroar|Incineroar, L50, F|100/100
|-ability|p2a: Incineroar|Intimidate|boost
|-unboost|p1a: Gholdengo|atk|1
|-unboost|p1b: Incineroar|atk|1
|turn|2
|inactive|KChiefs7 has 30 seconds left.
|inactive|KChiefs7 has 20 seconds left.
|inactive|KChiefs7 has 15 seconds left.
|
|t:|1757700835
|switch|p1a: Porygon2|Porygon2, L50|100/100
|-ability|p1a: Porygon2|Download|boost
|-boost|p1a: Porygon2|spa|1
|move|p2b: Murkrow|Tailwind|p2b: Murkrow
|-sidestart|p2: Kahizar|move: Tailwind
|move|p2a: Incineroar|Flare Blitz|p1a: Porygon2
|-damage|p1a: Porygon2|69/100
|-damage|p2a: Incineroar|91/100|[from] Recoil
|move|p1b: Incineroar|Knock Off|p2b: Murkrow
|-resisted|p2b: Murkrow
|-damage|p2b: Murkrow|0 fnt
|-enditem|p2b: Murkrow|Eviolite|[from] move: Knock Off|[of] p1b: Incineroar
|faint|p2b: Murkrow
|
|upkeep
|
|t:|1757700850
|switch|p2b: Rillaboom|Rillaboom, L50, M|100/100
|-fieldstart|move: Grassy Terrain|[from] ability: Grassy Surge|[of] p2b: Rillaboom
|turn|3
|inactive|KChiefs7 has 30 seconds left.
|inactive|KChiefs7 has 20 seconds left.
|inactive|KChiefs7 has 15 seconds left.
|inactive|KChiefs7 has 10 seconds left.
|
|t:|1757700900
|switch|p1b: Flamigo|Flamigo, L50, M|100/100
|move|p2b: Rillaboom|Fake Out|p1a: Porygon2
|-damage|p1a: Porygon2|59/100
|move|p2a: Incineroar|Knock Off|p1b: Flamigo
|-resisted|p1b: Flamigo
|-damage|p1b: Flamigo|72/100
|-enditem|p1b: Flamigo|Focus Sash|[from] move: Knock Off|[of] p2a: Incineroar
|cant|p1a: Porygon2|flinch
|
|-heal|p2a: Incineroar|97/100|[from] Grassy Terrain
|-heal|p1a: Porygon2|65/100|[from] Grassy Terrain
|upkeep
|turn|4
|inactive|Kahizar has 30 seconds left.
|inactive|KChiefs7 has 30 seconds left.
|inactive|Kahizar has 20 seconds left.
|inactive|KChiefs7 has 20 seconds left.
|inactive|KChiefs7 has 15 seconds left.
|
|t:|1757700951
|-terastallize|p2a: Incineroar|Ghost
|move|p2b: Rillaboom|Wood Hammer|p1a: Porygon2
|-damage|p1a: Porygon2|7/100
|-damage|p2b: Rillaboom|83/100|[from] Recoil
|move|p2a: Incineroar|Knock Off|p1a: Porygon2
|-damage|p1a: Porygon2|0 fnt
|-enditem|p1a: Porygon2|Eviolite|[from] move: Knock Off|[of] p2a: Incineroar
|faint|p1a: Porygon2
|move|p1b: Flamigo|Brave Bird|p2b: Rillaboom
|-supereffective|p2b: Rillaboom
|-damage|p2b: Rillaboom|0 fnt
|faint|p2b: Rillaboom
|-damage|p1b: Flamigo|37/100|[from] Recoil
|
|-heal|p2a: Incineroar|100/100|[from] Grassy Terrain
|upkeep
|
|t:|1757700972
|switch|p1a: Incineroar|Incineroar, L50, F, shiny|100/100
|-ability|p1a: Incineroar|Intimidate|boost
|-unboost|p2a: Incineroar|atk|1
|turn|5
|
|t:|1757700982
|move|p2a: Incineroar|Flare Blitz|p1b: Flamigo
|-damage|p1b: Flamigo|0 fnt
|faint|p1b: Flamigo
|-damage|p2a: Incineroar|91/100|[from] Recoil
|move|p1a: Incineroar|Knock Off|p2a: Incineroar
|-supereffective|p2a: Incineroar
|-damage|p2a: Incineroar|19/100
|-enditem|p2a: Incineroar|Safety Goggles|[from] move: Knock Off|[of] p1a: Incineroar
|
|-heal|p2a: Incineroar|25/100|[from] Grassy Terrain
|-sideend|p2: Kahizar|move: Tailwind
|upkeep
|
|t:|1757700990
|switch|p1b: Gholdengo|Gholdengo, L50, tera:Steel|73/100
|turn|6
|
|t:|1757701008
|move|p1b: Gholdengo|Shadow Ball|p2a: Incineroar
|-supereffective|p2a: Incineroar
|-damage|p2a: Incineroar|0 fnt
|faint|p2a: Incineroar
|-damage|p1b: Gholdengo|64/100|[from] item: Life Orb
|
|win|KChiefs7
||Kahizar is ready for game 2.
||KChiefs7 is ready for game 2.
|uhtml|next|Next: Game 2 of 3
