|j|☆Secureabag
|j|☆Soraxjm
|html|SecureabagSoraxjm    
|uhtml|bestof|Game 1 of a best-of-3
|t:|1757015055
|gametype|doubles
|player|p1|Secureabag|101|
|player|p2|Soraxjm|steven|
|gen|9
|tier|[Gen 9] VGC 2025 Reg H (Bo3)
|rule|Species Clause: Limit one of each Pokémon
|rule|Item Clause: Limit 1 of each item
|clearpoke
|poke|p1|Ursaluna, L50, F|
|poke|p1|Grimmsnarl, L50, M|
|poke|p1|Incineroar, L50, M|
|poke|p1|Gholdengo, L50|
|poke|p1|Rillaboom, L50, M|
|poke|p1|Gallade, L50, M|
|poke|p2|Gholdengo, L50|
|poke|p2|Ursaluna-Bloodmoon, L50, M|
|poke|p2|Maushold-Four, L50|
|poke|p2|Annihilape, L50, F|
|poke|p2|Dragonite, L50, F|
|poke|p2|Rillaboom, L50, F|
|teampreview|4
|showteam|p1|Ursaluna||FlameOrb|Guts|HeadlongRush,Facade,Earthquake,Protect|||F|||50|,,,,,Ghost]Grimmsnarl||LightClay|Prankster|Reflect,SpiritBreak,LightScreen,ThunderWave|||M|||50|,,,,,Ghost]Incineroar||RockyHelmet|Intimidate|FakeOut,PartingShot,WillOWisp,KnockOff|||M|||50|,,,,,Bug]Gholdengo||LifeOrb|GoodasGold|Protect,MakeItRain,ShadowBall,NastyPlot||||||50|,,,,,Water]Rillaboom||AssaultVest|GrassySurge|FakeOut,WoodHammer,GrassyGlide,HighHorsepower|||M|||50|,,,,,Fire]Gallade||ClearAmulet|Sharpness|PsychoCut,SacredSword,WideGuard,TrickRoom|||M|||50|,,,,,Grass
|showteam|p2|Gholdengo||LifeOrb|GoodasGold|MakeItRain,NastyPlot,ShadowBall,Protect||||||50|,,,,,Water]Ursaluna-Bloodmoon||AssaultVest|MindsEye|BloodMoon,EarthPower,HyperVoice,VacuumWave|||M|||50|,,,,,Water]Maushold-Four||FocusSash|FriendGuard|SuperFang,FollowMe,BeatUp,Protect||||||50|,,,,,Grass]Annihilape||SitrusBerry|Defiant|DrainPunch,BulkUp,RageFist,Protect|||F|||50|,,,,,Fire]Dragonite||LoadedDice|Multiscale|ScaleShot,ExtremeSpeed,Protect,Tailwind|||F|||50|,,,,,Fairy]Rillaboom||MiracleSeed|GrassySurge|WoodHammer,GrassyGlide,HighHorsepower,FakeOut|||F|||50|,,,,,Fire
|inactive|Battle timer is ON: inactive players will automatically lose when time's up. (requested by Secureabag)
|inactive|Soraxjm has 60 seconds left.
|inactive|Soraxjm has 30 seconds left.
|
|t:|1757015152
|teamsize|p1|4
|teamsize|p2|4
|start
|switch|p1a: Incineroar|Incineroar, L50, M|100/100
|switch|p1b: Gallade|Gallade, L50, M|100/100
|switch|p2a: Clockwork|Gholdengo, L50, shiny|100/100
|switch|p2b: Tough Luck|Rillaboom, L50, F, shiny|100/100
|-fieldstart|move: Grassy Terrain|[from] ability: Grassy Surge|[of] p2b: Tough Luck
|-ability|p1a: Incineroar|Intimidate|boost
|-unboost|p2a: Clockwork|atk|1
|-unboost|p2b: Tough Luck|atk|1
|turn|1
|
|t:|1757015174
|-terastallize|p2a: Clockwork|Water
|move|p2b: Tough Luck|Fake Out|p1b: Gallade
|-damage|p1b: Gallade|87/100
|move|p2a: Clockwork|Nasty Plot|p2a: Clockwork
|-boost|p2a: Clockwork|spa|2
|move|p1a: Incineroar|Knock Off|p2a: Clockwork
|-damage|p2a: Clockwork|59/100
|-enditem|p2a: Clockwork|Life Orb|[from] move: Knock Off|[of] p1a: Incineroar
|cant|p1b: Gallade|flinch
|
|-heal|p2a: Clockwork|65/100|[from] Grassy Terrain
|-heal|p1b: Gallade|93/100|[from] Grassy Terrain
|upkeep
|turn|2
|
|t:|1757015192
|switch|p2b: Mr.Eclectic|Ursaluna-Bloodmoon, L50, M|100/100
|move|p1b: Gallade|Wide Guard|p1b: Gallade
|-singleturn|p1b: Gallade|Wide Guard
|move|p2a: Clockwork|Shadow Ball|p1b: Gallade
|-supereffective|p1b: Gallade
|-damage|p1b: Gallade|0 fnt
|faint|p1b: Gallade
|move|p1a: Incineroar|Parting Shot|p2a: Clockwork
|-immune|p2a: Clockwork|[from] ability: Good as Gold
|
|-heal|p2a: Clockwork|71/100|[from] Grassy Terrain
|upkeep
|c|☆Secureabag|Whoops
|
|t:|1757015213
|switch|p1b: Ursaluna|Ursaluna, L50, F|100/100
|turn|3
|inactive|Soraxjm has 30 seconds left.
|inactive|Soraxjm has 20 seconds left.
|
|t:|1757015249
|move|p1b: Ursaluna|Protect|p1b: Ursaluna
|-singleturn|p1b: Ursaluna|Protect
|move|p2a: Clockwork|Make It Rain|p1a: Incineroar|[spread] p1a
|-activate|p1b: Ursaluna|move: Protect
|-resisted|p1a: Incineroar
|-damage|p1a: Incineroar|55/100
|-unboost|p2a: Clockwork|spa|1
|move|p1a: Incineroar|Parting Shot|p2b: Mr.Eclectic
|-unboost|p2b: Mr.Eclectic|atk|1
|-unboost|p2b: Mr.Eclectic|spa|1
|
|t:|1757015259
|switch|p1a: Grimmsnarl|Grimmsnarl, L50, M|100/100|[from] Parting Shot
|move|p2b: Mr.Eclectic|Blood Moon|p1a: Grimmsnarl
|-damage|p1a: Grimmsnarl|49/100
|
|-heal|p2a: Clockwork|78/100|[from] Grassy Terrain
|-heal|p1a: Grimmsnarl|55/100|[from] Grassy Terrain
|-status|p1b: Ursaluna|brn|[from] item: Flame Orb
|upkeep
|turn|4
|
|t:|1757015272
|move|p1a: Grimmsnarl|Light Screen|p1a: Grimmsnarl
|-sidestart|p1: Secureabag|move: Light Screen
|move|p2b: Mr.Eclectic|Vacuum Wave|p1b: Ursaluna
|-supereffective|p1b: Ursaluna
|-damage|p1b: Ursaluna|87/100 brn
|move|p2a: Clockwork|Make It Rain|p1b: Ursaluna|[spread] p1a,p1b
|-supereffective|p1a: Grimmsnarl
|-crit|p1a: Grimmsnarl
|-damage|p1a: Grimmsnarl|0 fnt
|-damage|p1b: Ursaluna|44/100 brn
|-unboost|p2a: Clockwork|spa|1
|faint|p1a: Grimmsnarl
|move|p1b: Ursaluna|Facade|p2a: Clockwork
|-damage|p2a: Clockwork|0 fnt
|faint|p2a: Clockwork
|
|-heal|p1b: Ursaluna|50/100 brn|[from] Grassy Terrain
|-damage|p1b: Ursaluna|44/100 brn|[from] brn
|upkeep
|
|t:|1757015280
|switch|p2a: Tough Luck|Rillaboom, L50, F, shiny|100/100
|switch|p1a: Incineroar|Incineroar, L50, M|55/100
|-ability|p1a: Incineroar|Intimidate|boost
|-unboost|p2a: Tough Luck|atk|1
|-unboost|p2b: Mr.Eclectic|atk|1
|turn|5
|
|t:|1757015292
|-terastallize|p1b: Ursaluna|Ghost
|move|p1a: Incineroar|Fake Out|p2b: Mr.Eclectic
|-damage|p2b: Mr.Eclectic|93/100
|move|p2a: Tough Luck|Wood Hammer|p1b: Ursaluna
|-damage|p1b: Ursaluna|0 fnt
|faint|p1b: Ursaluna
|-damage|p2a: Tough Luck|84/100|[from] Recoil
|cant|p2b: Mr.Eclectic|flinch
|
|-heal|p2a: Tough Luck|90/100|[from] Grassy Terrain
|-heal|p1a: Incineroar|61/100|[from] Grassy Terrain
|-heal|p2b: Mr.Eclectic|99/100|[from] Grassy Terrain
|-fieldend|move: Grassy Terrain
|upkeep
|turn|6
|
|t:|1757015303
|move|p2a: Tough Luck|High Horsepower|p1a: Incineroar
|-supereffective|p1a: Incineroar
|-damage|p1a: Incineroar|31/100
|-damage|p2a: Tough Luck|74/100|[from] item: Rocky Helmet|[of] p1a: Incineroar
|move|p1a: Incineroar|Knock Off|p2b: Mr.Eclectic
|-damage|p2b: Mr.Eclectic|69/100
|-enditem|p2b: Mr.Eclectic|Assault Vest|[from] move: Knock Off|[of] p1a: Incineroar
|move|p2b: Mr.Eclectic|Earth Power|p1a: Incineroar
|-supereffective|p1a: Incineroar
|-damage|p1a: Incineroar|0 fnt
|faint|p1a: Incineroar
|
|win|Soraxjm
||Secureabag is ready for game 2.
||Soraxjm is ready for game 2.
|uhtml|next|Next: Game 2 of 3
|l|☆Secureabag
|player|p1|
