|j|☆artyowls
|j|☆snvyy
|html|artyowlssnvyy    
|uhtml|bestof|Game 1 of a best-of-3
|t:|1756913228
|gametype|doubles
|player|p1|artyowls|plasmagrunt|1097
|player|p2|snvyy|caitlin|1000
|gen|9
|tier|[Gen 9] VGC 2025 Reg H (Bo3)
|rated|
|rule|Species Clause: Limit one of each Pokémon
|rule|Item Clause: Limit 1 of each item
|clearpoke
|poke|p1|Incineroar, L50, M|
|poke|p1|Amoonguss, L50, F|
|poke|p1|Ursaluna-Bloodmoon, L50, M|
|poke|p1|Sneasler, L50, F|
|poke|p1|Gholdengo, L50|
|poke|p1|Dragonite, L50, M|
|poke|p2|Sylveon, L50, F|
|poke|p2|Oranguru, L50, F|
|poke|p2|Zoroark-Hisui, L50, F|
|poke|p2|Armarouge, L50, F|
|poke|p2|Indeedee-F, L50, F|
|poke|p2|Incineroar, L50, F|
|teampreview|4
|showteam|p1|Incineroar||SafetyGoggles|Intimidate|FlareBlitz,KnockOff,PartingShot,FakeOut|||M|||50|,,,,,Ghost]Amoonguss||SitrusBerry|Regenerator|Spore,RagePowder,PollenPuff,Protect|||F|||50|,,,,,Psychic]Ursaluna-Bloodmoon||AssaultVest|MindsEye|HyperVoice,BloodMoon,EarthPower,VacuumWave|||M|||50|,,,,,Water]Sneasler||FocusSash|Unburden|CloseCombat,DireClaw,Taunt,Protect|||F|||50|,,,,,Stellar]Gholdengo||LifeOrb|GoodasGold|MakeItRain,ShadowBall,NastyPlot,Protect||||||50|,,,,,Water]Dragonite||LoadedDice|Multiscale|ScaleShot,Tailwind,Haze,Protect|||M|||50|,,,,,Fairy
|showteam|p2|Sylveon||ThroatSpray|Pixilate|HyperVoice,AlluringVoice,DrainingKiss,Psychic|||F|||50|,,,,,Fairy]Oranguru||ChoiceSpecs|Symbiosis|Instruct,Psyshock,Reflect,LightScreen|||F|||50|,,,,,Dragon]Zoroark-Hisui||NormalGem|Illusion|HyperVoice,ShadowBall,Protect,SludgeBomb|||F|||50|,,,,,Normal]Armarouge||LifeOrb|FlashFire|TrickRoom,ExpandingForce,ArmorCannon,AuraSphere|||F|||50|,,,,,Grass]Indeedee-F||FocusSash|PsychicSurge|FollowMe,TrickRoom,AlluringVoice,HelpingHand|||F|||50|,,,,,Water]Incineroar||SafetyGoggles|Intimidate|FakeOut,KnockOff,FlareBlitz,PartingShot|||F|||50|,,,,,Ghost
|inactive|Battle timer is ON: inactive players will automatically lose when time's up. (requested by snvyy)
|inactive|artyowls has 60 seconds left.
|
|t:|1756913271
|teamsize|p1|4
|teamsize|p2|4
|start
|switch|p1a: Sneasler|Sneasler, L50, F|100/100
|switch|p1b: Dragonite|Dragonite, L50, M|100/100
|switch|p2a: Armarouge|Armarouge, L50, F, shiny|100/100
|switch|p2b: Indeedee|Indeedee-F, L50, F, shiny|100/100
|-fieldstart|move: Psychic Terrain|[from] ability: Psychic Surge|[of] p2b: Indeedee
|turn|1
|inactive|artyowls has 30 seconds left.
|
|t:|1756913306
|move|p2b: Indeedee|Follow Me|p2b: Indeedee
|-singleturn|p2b: Indeedee|move: Follow Me
|move|p1a: Sneasler|Taunt|p2b: Indeedee
|-start|p2b: Indeedee|move: Taunt
|move|p1b: Dragonite|Scale Shot|p2b: Indeedee
|-damage|p2b: Indeedee|78/100
|-damage|p2b: Indeedee|56/100
|-damage|p2b: Indeedee|35/100
|-damage|p2b: Indeedee|13/100
|-hitcount|p2b: Indeedee|4
|-unboost|p1b: Dragonite|def|1
|-boost|p1b: Dragonite|spe|1
|move|p2a: Armarouge|Trick Room|p2a: Armarouge
|-fieldstart|move: Trick Room|[of] p2a: Armarouge
|
|upkeep
|turn|2
|inactive|artyowls has 30 seconds left.
|inactive|artyowls has 20 seconds left.
|
|t:|1756913345
|switch|p1a: Incineroar|Incineroar, L50, M|100/100
|-ability|p1a: Incineroar|Intimidate|boost
|-unboost|p2a: Armarouge|atk|1
|-unboost|p2b: Indeedee|atk|1
|move|p2a: Armarouge|Expanding Force|p1a: Incineroar|[spread] p1b
|-immune|p1a: Incineroar
|-damage|p1b: Dragonite|52/100
|-damage|p2a: Armarouge|91/100|[from] item: Life Orb
|move|p2b: Indeedee|Alluring Voice|p1b: Dragonite
|-supereffective|p1b: Dragonite
|-damage|p1b: Dragonite|14/100
|move|p1b: Dragonite|Scale Shot|p2a: Armarouge
|-damage|p2a: Armarouge|76/100
|-damage|p2a: Armarouge|63/100
|-damage|p2a: Armarouge|49/100
|-damage|p2a: Armarouge|35/100
|-damage|p2a: Armarouge|20/100
|-hitcount|p2a: Armarouge|5
|-unboost|p1b: Dragonite|def|1
|-boost|p1b: Dragonite|spe|1
|
|upkeep
|turn|3
|inactive|artyowls has 30 seconds left.
|
|t:|1756913371
|move|p1b: Dragonite|Protect|p1b: Dragonite
|-singleturn|p1b: Dragonite|Protect
|move|p2a: Armarouge|Aura Sphere|p1a: Incineroar
|-supereffective|p1a: Incineroar
|-damage|p1a: Incineroar|40/100
|-damage|p2a: Armarouge|10/100|[from] item: Life Orb
|move|p1a: Incineroar|Knock Off|p2a: Armarouge
|-supereffective|p2a: Armarouge
|-damage|p2a: Armarouge|0 fnt
|-enditem|p2a: Armarouge|Life Orb|[from] move: Knock Off|[of] p1a: Incineroar
|faint|p2a: Armarouge
|move|p2b: Indeedee|Alluring Voice|p1b: Dragonite
|-activate|p1b: Dragonite|move: Protect
|
|upkeep
|
|t:|1756913378
|switch|p2a: Sylveon|Sylveon, L50, F, shiny|100/100
|turn|4
|inactive|artyowls has 30 seconds left.
|
|t:|1756913407
|switch|p2b: Oranguru|Oranguru, L50, F, shiny|100/100
|switch|p1b: Sneasler|Sneasler, L50, F|100/100
|-terastallize|p2a: Sylveon|Fairy
|move|p2a: Sylveon|Hyper Voice|p1b: Sneasler|[spread] p1a,p1b
|-damage|p1a: Incineroar|0 fnt
|-damage|p1b: Sneasler|31/100
|faint|p1a: Incineroar
|-enditem|p2a: Sylveon|Throat Spray
|-boost|p2a: Sylveon|spa|1|[from] item: Throat Spray
|-activate|p2b: Oranguru|ability: Symbiosis|Choice Specs|[of] p2a: Sylveon
|
|upkeep
|
|t:|1756913420
|switch|p1a: Dragonite|Dragonite, L50, M|14/100
|turn|5
|
|t:|1756913443
|move|p1a: Dragonite|Protect|p1a: Dragonite
|-singleturn|p1a: Dragonite|Protect
|move|p1b: Sneasler|Protect|p1b: Sneasler
|-singleturn|p1b: Sneasler|Protect
|move|p2a: Sylveon|Hyper Voice|p1b: Sneasler|[spread] 
|-activate|p1a: Dragonite|move: Protect
|-activate|p1b: Sneasler|move: Protect
|move|p2b: Oranguru|Instruct|p2a: Sylveon
|-singleturn|p2a: Sylveon|move: Instruct|[of] p2b: Oranguru
|move|p2a: Sylveon|Hyper Voice|p1a: Dragonite|[spread] 
|-activate|p1a: Dragonite|move: Protect
|-activate|p1b: Sneasler|move: Protect
|
|-fieldend|move: Trick Room
|-fieldend|move: Psychic Terrain
|upkeep
|turn|6
|inactive|artyowls has 30 seconds left.
|inactive|artyowls has 20 seconds left.
|
|t:|1756913479
|move|p1b: Sneasler|Dire Claw|p2a: Sylveon
|-supereffective|p2a: Sylveon
|-damage|p2a: Sylveon|0 fnt
|faint|p2a: Sylveon
|move|p1a: Dragonite|Scale Shot|p2b: Oranguru
|-damage|p2b: Oranguru|85/100
|-damage|p2b: Oranguru|70/100
|-damage|p2b: Oranguru|54/100
|-damage|p2b: Oranguru|37/100
|-damage|p2b: Oranguru|20/100
|-hitcount|p2b: Oranguru|5
|-unboost|p1a: Dragonite|def|1
|-boost|p1a: Dragonite|spe|1
|move|p2b: Oranguru|Instruct|p2: Sylveon|[notarget]
|-fail|p2b: Oranguru
|
|upkeep
|
|t:|1756913490
|switch|p2a: Indeedee|Indeedee-F, L50, F, shiny|13/100
|-fieldstart|move: Psychic Terrain|[from] ability: Psychic Surge|[of] p2a: Indeedee
|turn|7
|
|t:|1756913511
|move|p1a: Dragonite|Scale Shot|p2a: Indeedee
|-damage|p2a: Indeedee|0 fnt
|faint|p2a: Indeedee
|-hitcount|p2: Indeedee|1
|-unboost|p1a: Dragonite|def|1
|-boost|p1a: Dragonite|spe|1
|move|p1b: Sneasler|Dire Claw|p2b: Oranguru
|-damage|p2b: Oranguru|0 fnt
|faint|p2b: Oranguru
|
|win|artyowls
||snvyy is ready for game 2.
|inactive|artyowls has 30 seconds to confirm battle start!
||artyowls is ready for game 2.
|uhtml|next|Next: Game 2 of 3
|l|☆artyowls
|player|p1|
|j|☆artyowls
|player|p1|artyowls|plasmagrunt|
