|j|☆HSYmyQueen
|j|☆bobiiiiiii
|html|HSYmyQueenbobiiiiiii    
|uhtml|bestof|Game 1 of a best-of-3
|t:|1756502434
|gametype|doubles
|player|p1|HSYmyQueen|marnie-masters3|1130
|player|p2|bobiiiiiii|102|1040
|gen|9
|tier|[Gen 9] VGC 2025 Reg H (Bo3)
|rated|
|rule|Species Clause: Limit one of each Pokémon
|rule|Item Clause: Limit 1 of each item
|clearpoke
|poke|p1|Gyarados, L50, F|
|poke|p1|Dragonite, L50, M|
|poke|p1|Ursaluna-Bloodmoon, L50, M|
|poke|p1|Gholdengo, L50|
|poke|p1|Rillaboom, L50, F|
|poke|p1|Porygon2, L50|
|poke|p2|Rillaboom, L50, F|
|poke|p2|Chesnaught, L50, F|
|poke|p2|Incineroar, L50, M|
|poke|p2|Gholdengo, L50|
|poke|p2|Pelipper, L50, F|
|poke|p2|Palafin, L50, M|
|teampreview|4
|showteam|p1|Gyarados||SafetyGoggles|Intimidate|Waterfall,ThunderWave,Protect,Taunt|||F|||50|,,,,,Ground]Dragonite||LoadedDice|Multiscale|ScaleShot,Haze,Protect,Tailwind|||M|||50|,,,,,Steel]Ursaluna-Bloodmoon||LifeOrb|MindsEye|BloodMoon,HyperVoice,VacuumWave,Protect|||M|||50|,,,,,Normal]Gholdengo||MetalCoat|GoodasGold|MakeItRain,ShadowBall,Protect,NastyPlot||||||50|,,,,,Water]Rillaboom||AssaultVest|GrassySurge|GrassyGlide,WoodHammer,FakeOut,Uturn|||F|||50|,,,,,Ghost]Porygon2||Eviolite|Download|TeraBlast,IceBeam,Recover,TrickRoom||||||50|,,,,,Fighting
|showteam|p2|Rillaboom||AssaultVest|GrassySurge|FakeOut,Uturn,WoodHammer,GrassyGlide|||F|||50|,,,,,Poison]Chesnaught||SitrusBerry|Bulletproof|SpikyShield,GrassyGlide,BellyDrum,DrainPunch|||F|||50|,,,,,Fire]Incineroar||SafetyGoggles|Intimidate|FakeOut,Taunt,PartingShot,KnockOff|||M|||50|,,,,,Ghost]Gholdengo||ChoiceSpecs|GoodasGold|MakeItRain,ShadowBall,Trick,Thunderbolt||||||50|,,,,,Steel]Pelipper||FocusSash|Drizzle|Protect,Tailwind,WeatherBall,Hurricane|||F|||50|,,,,,Ghost]Palafin||MysticWater|ZerotoHero|Haze,WaveCrash,JetPunch,Protect|||M|||50|,,,,,Water
|j| We_Are_Toasted
|l| We_Are_Toasted
|
|t:|1756502536
|teamsize|p1|4
|teamsize|p2|4
|start
|switch|p1a: Sloth|Ursaluna-Bloodmoon, L50, M|100/100
|switch|p1b: Pride|Dragonite, L50, M|100/100
|switch|p2a: Chesnaught|Chesnaught, L50, F|100/100
|switch|p2b: Palafin|Palafin, L50, M|100/100
|turn|1
|
|t:|1756502559
|detailschange|p2b: Palafin|Palafin-Hero, L50, M
|switch|p2b: Incineroar|Incineroar, L50, M|100/100
|-ability|p2b: Incineroar|Intimidate|boost
|-unboost|p1a: Sloth|atk|1
|-unboost|p1b: Pride|atk|1
|-terastallize|p1a: Sloth|Normal
|move|p1b: Pride|Tailwind|p1b: Pride
|-sidestart|p1: HSYmyQueen|move: Tailwind
|move|p1a: Sloth|Blood Moon|p2a: Chesnaught
|-damage|p2a: Chesnaught|0 fnt
|faint|p2a: Chesnaught
|-damage|p1a: Sloth|91/100|[from] item: Life Orb
|
|upkeep
|
|t:|1756502584
|switch|p2a: Gholdengo|Gholdengo, L50|100/100
|turn|2
|
|t:|1756502627
|switch|p1b: Gluttony|Gyarados, L50, F|100/100
|-ability|p1b: Gluttony|Intimidate|boost
|-unboost|p2a: Gholdengo|atk|1
|-unboost|p2b: Incineroar|atk|1
|-terastallize|p2a: Gholdengo|Steel
|move|p1a: Sloth|Protect|p1a: Sloth
|-singleturn|p1a: Sloth|Protect
|move|p2b: Incineroar|Fake Out|p1b: Gluttony
|-damage|p1b: Gluttony|92/100
|move|p2a: Gholdengo|Make It Rain|p1b: Gluttony|[spread] p1b
|-activate|p1a: Sloth|move: Protect
|-resisted|p1b: Gluttony
|-damage|p1b: Gluttony|44/100
|-unboost|p2a: Gholdengo|spa|1
|
|upkeep
|turn|3
|
|t:|1756502683
|switch|p1b: Greed|Gholdengo, L50|100/100
|switch|p2a: Palafin|Palafin-Hero, L50, M|100/100
|-activate|p2a: Palafin|ability: Zero to Hero
|move|p1a: Sloth|Blood Moon|p2b: Incineroar
|-damage|p2b: Incineroar|0 fnt
|faint|p2b: Incineroar
|-damage|p1a: Sloth|81/100|[from] item: Life Orb
|
|upkeep
|
|t:|1756502690
|switch|p2b: Gholdengo|Gholdengo, L50, tera:Steel|100/100
|turn|4
|
|t:|1756502736
|switch|p1b: Gluttony|Gyarados, L50, F|44/100
|-ability|p1b: Gluttony|Intimidate|boost
|-unboost|p2a: Palafin|atk|1
|-unboost|p2b: Gholdengo|atk|1
|move|p1a: Sloth|Protect|p1a: Sloth
|-singleturn|p1a: Sloth|Protect
|move|p2a: Palafin|Wave Crash|p1b: Gluttony
|-resisted|p1b: Gluttony
|-damage|p1b: Gluttony|10/100
|-damage|p2a: Palafin|89/100|[from] Recoil
|move|p2b: Gholdengo|Trick|p1a: Sloth
|-activate|p1a: Sloth|move: Protect
|
|-sideend|p1: HSYmyQueen|move: Tailwind
|upkeep
|turn|5
|
|t:|1756502862
|move|p1b: Gluttony|Protect|p1b: Gluttony
|-singleturn|p1b: Gluttony|Protect
|move|p2a: Palafin|Wave Crash|p1a: Sloth
|-crit|p1a: Sloth
|-damage|p1a: Sloth|0 fnt
|faint|p1a: Sloth
|-damage|p2a: Palafin|62/100|[from] Recoil
|move|p2b: Gholdengo|Trick|p1b: Gluttony
|-activate|p1b: Gluttony|move: Protect
|
|upkeep
|
|t:|1756502871
|switch|p1a: Pride|Dragonite, L50, M|100/100
|turn|6
|inactive|Battle timer is ON: inactive players will automatically lose when time's up. (requested by HSYmyQueen)
|
|t:|1756502900
|move|p1a: Pride|Protect|p1a: Pride
|-singleturn|p1a: Pride|Protect
|move|p2a: Palafin|Jet Punch|p1b: Gluttony
|-resisted|p1b: Gluttony
|-damage|p1b: Gluttony|0 fnt
|faint|p1b: Gluttony
|move|p2b: Gholdengo|Trick|p1a: Pride
|-activate|p1a: Pride|move: Protect
|
|upkeep
|c|☆HSYmyQueen|bro tapped into the smogon mainframe for that crit
|
|t:|1756502910
|switch|p1b: Greed|Gholdengo, L50|100/100
|turn|7
|
|t:|1756502931
|move|p2a: Palafin|Wave Crash|p1b: Greed
|-damage|p1b: Greed|32/100
|-damage|p2a: Palafin|40/100|[from] Recoil
|move|p2b: Gholdengo|Trick|p1a: Pride
|-activate|p2b: Gholdengo|move: Trick|[of] p1a: Pride
|-item|p1a: Pride|Choice Specs|[from] move: Trick
|-item|p2b: Gholdengo|Loaded Dice|[from] move: Trick
|move|p1a: Pride|Scale Shot|p2a: Palafin
|-damage|p2a: Palafin|26/100
|-damage|p2a: Palafin|11/100
|-damage|p2a: Palafin|0 fnt
|faint|p2a: Palafin
|-hitcount|p2: Palafin|3
|-unboost|p1a: Pride|def|1
|-boost|p1a: Pride|spe|1
|move|p1b: Greed|Shadow Ball|p2b: Gholdengo
|-damage|p2b: Gholdengo|47/100
|
|upkeep
|turn|8
|inactive|bobiiiiiii has 30 seconds left.
|inactive|bobiiiiiii has 20 seconds left.
|
|t:|1756502967
|move|p1b: Greed|Protect|p1b: Greed
|-singleturn|p1b: Greed|Protect
|move|p1a: Pride|Scale Shot|p2b: Gholdengo
|-resisted|p2b: Gholdengo
|-damage|p2b: Gholdengo|39/100
|-resisted|p2b: Gholdengo
|-damage|p2b: Gholdengo|31/100
|-resisted|p2b: Gholdengo
|-damage|p2b: Gholdengo|22/100
|-hitcount|p2b: Gholdengo|3
|-unboost|p1a: Pride|def|1
|-boost|p1a: Pride|spe|1
|move|p2b: Gholdengo|Make It Rain|p1a: Pride|[spread] p1a
|-activate|p1b: Greed|move: Protect
|-damage|p1a: Pride|62/100
|-unboost|p2b: Gholdengo|spa|1
|
|upkeep
|turn|9
|
|t:|1756502977
|move|p1a: Pride|Scale Shot|p2b: Gholdengo
|-resisted|p2b: Gholdengo
|-damage|p2b: Gholdengo|14/100
|-resisted|p2b: Gholdengo
|-damage|p2b: Gholdengo|5/100
|-hitcount|p2b: Gholdengo|2
|-unboost|p1a: Pride|def|1
|-boost|p1a: Pride|spe|1
|move|p2b: Gholdengo|Make It Rain|p1b: Greed|[spread] p1a,p1b
|-resisted|p1b: Greed
|-damage|p1a: Pride|7/100
|-damage|p1b: Greed|8/100
|-unboost|p2b: Gholdengo|spa|1
|move|p1b: Greed|Shadow Ball|p2b: Gholdengo
|-damage|p2b: Gholdengo|0 fnt
|faint|p2b: Gholdengo
|
|win|HSYmyQueen
||HSYmyQueen is ready for game 2.
|inactive|bobiiiiiii has 30 seconds to confirm battle start!
||bobiiiiiii is ready for game 2.
|uhtml|next|Next: Game 2 of 3
|l|☆HSYmyQueen
|player|p1|
