|j|☆Xto80
|j|☆robotarmadillo
|html|Xto80robotarmadillo    
|uhtml|bestof|Game 1 of a best-of-3
|t:|1783261914
|gametype|doubles
|player|p1|Xto80|lucas|
|player|p2|robotarmadillo|lucas|
|gen|9
|tier|[Gen 9 Champions] VGC 2026 Reg M-B (Bo3)
|rule|Species Clause: Limit one of each Pokémon
|rule|Item Clause: Limit 1 of each item
|clearpoke
|poke|p1|Sableye, L50, F|
|poke|p1|Gengar, L50, M|
|poke|p1|Ninetales-Alola, L50, F|
|poke|p1|Tauros-Paldea-Aqua, L50, M|
|poke|p1|Hawlucha, L50, M|
|poke|p1|Rhyperior, L50, F|
|poke|p2|Kingambit, L50, F|
|poke|p2|Whimsicott, L50, M|
|poke|p2|Charizard, L50, M|
|poke|p2|Sandaconda, L50, F|
|poke|p2|Feraligatr, L50, M|
|poke|p2|Skeledirge, L50, F|
|teampreview|4
|showteam|p1|Sableye||RoseliBerry|Prankster|Taunt,Quash,WillOWisp,FoulPlay|Careful||F|||50|]Gengar||Gengarite|CursedBody|IcyWind,Protect,ShadowBall,SludgeBomb|Timid||M|||50|]Ninetales-Alola||LightClay|SnowWarning|AuroraVeil,FreezeDry,Blizzard,Protect|Timid||F|||50|]Tauros-Paldea-Aqua||MysticWater|Intimidate|AquaJet,CloseCombat,RagingBull,Protect|Jolly||M|||50|]Hawlucha||SitrusBerry|Unburden|CloseCombat,SwordsDance,Protect,Acrobatics|Adamant||M|||50|]Rhyperior||HardStone|SolidRock|HighHorsepower,RockSlide,IcePunch,Protect|Adamant||F|||50|
|showteam|p2|Kingambit||ChopleBerry|Defiant|KowtowCleave,IronHead,SuckerPunch,BrickBreak|Adamant||F|||50|]Whimsicott||FocusSash|Prankster|Tailwind,Moonblast,Encore,Taunt|Bold||M|||50|]Charizard||CharizarditeX|Blaze|FlareBlitz,DragonClaw,Roost,Protect|Adamant||M|||50|]Sandaconda||SitrusBerry|SandSpit|HighHorsepower,Glare,RockSlide,Protect|Impish||F|||50|]Feraligatr||LifeOrb|SheerForce|IcePunch,Crunch,Protect,Liquidation|Jolly||M|||50|]Skeledirge||Leftovers|Unaware|TorchSong,ShadowBall,EarthPower,Protect|Modest||F|||50|
|
|t:|1783262084
|teamsize|p1|4
|teamsize|p2|4
|start
|switch|p1a: Ninetales|Ninetales-Alola, L50, F|100/100
|switch|p1b: Sableye|Sableye, L50, F|100/100
|switch|p2a: Whimsicott|Whimsicott, L50, M|100/100
|switch|p2b: Kingambit|Kingambit, L50, F|100/100
|-weather|Snowscape|[from] ability: Snow Warning|[of] p1a: Ninetales
|turn|1
|
|t:|1783262240
|move|p1b: Sableye|Taunt|p2a: Whimsicott
|-start|p2a: Whimsicott|move: Taunt
|move|p1a: Ninetales|Aurora Veil|p1a: Ninetales
|-sidestart|p1: Xto80|move: Aurora Veil
|move|p2a: Whimsicott|Moonblast|p1b: Sableye
|-supereffective|p1b: Sableye|1
|-enditem|p1b: Sableye|Roseli Berry|[eat]
|-enditem|p1b: Sableye|Roseli Berry|[weaken]
|-damage|p1b: Sableye|80/100
|move|p2b: Kingambit|Iron Head|p1a: Ninetales
|-supereffective|p1a: Ninetales|2
|-damage|p1a: Ninetales|0 fnt
|faint|p1a: Ninetales
|
|-weather|Snowscape|[upkeep]
|upkeep
|
|t:|1783262336
|switch|p1a: Tauros|Tauros-Paldea-Aqua, L50, M|100/100
|-ability|p1a: Tauros|Intimidate|boost
|-unboost|p2a: Whimsicott|atk|1
|-unboost|p2b: Kingambit|atk|1
|-ability|p2b: Kingambit|Defiant|boost
|-boost|p2b: Kingambit|atk|2
|turn|2
|
|t:|1783262519
|move|p2b: Kingambit|Sucker Punch|p1b: Sableye
|-damage|p1b: Sableye|19/100
|move|p1a: Tauros|Close Combat|p2b: Kingambit
|-supereffective|p2b: Kingambit|2
|-enditem|p2b: Kingambit|Chople Berry|[eat]
|-enditem|p2b: Kingambit|Chople Berry|[weaken]
|-damage|p2b: Kingambit|12/100
|-unboost|p1a: Tauros|def|1
|-unboost|p1a: Tauros|spd|1
|move|p2a: Whimsicott|Moonblast|p1a: Tauros
|-supereffective|p1a: Tauros|1
|-damage|p1a: Tauros|11/100
|move|p1b: Sableye|Foul Play|p2b: Kingambit
|-resisted|p2b: Kingambit|1
|-damage|p2b: Kingambit|0 fnt
|faint|p2b: Kingambit
|
|-weather|Snowscape|[upkeep]
|upkeep
|
|t:|1783262587
|switch|p2b: Skeledirge|Skeledirge, L50, F|100/100
|turn|3
|
|t:|1783262686
|move|p1a: Tauros|Raging Bull|p2b: Skeledirge
|-supereffective|p2b: Skeledirge|1
|-damage|p2b: Skeledirge|9/100
|move|p2a: Whimsicott|Moonblast|p1a: Tauros
|-supereffective|p1a: Tauros|1
|-damage|p1a: Tauros|0 fnt
|faint|p1a: Tauros
|move|p2b: Skeledirge|Shadow Ball|p1b: Sableye
|-damage|p1b: Sableye|0 fnt
|faint|p1b: Sableye
|
|-weather|Snowscape|[upkeep]
|-heal|p2b: Skeledirge|15/100|[from] item: Leftovers
|-end|p2a: Whimsicott|move: Taunt
|upkeep
|
|t:|1783262777
|switch|p1b: Gengar|Gengar, L50, M|100/100
|turn|4
|
|t:|1783262836
|detailschange|p1b: Gengar|Gengar-Mega, L50, M
|-mega|p1b: Gengar|Gengar|Gengarite
|move|p2a: Whimsicott|Tailwind|p2a: Whimsicott
|-sidestart|p2: robotarmadillo|move: Tailwind
|move|p1b: Gengar|Shadow Ball|p2b: Skeledirge
|-supereffective|p2b: Skeledirge|1
|-damage|p2b: Skeledirge|0 fnt
|faint|p2b: Skeledirge
|
|-weather|Snowscape|[upkeep]
|upkeep
|
|t:|1783262879
|switch|p2b: Charizard|Charizard, L50, M|100/100
|turn|5
|
|t:|1783262936
|detailschange|p2b: Charizard|Charizard-Mega-X, L50, M
|-mega|p2b: Charizard|Charizard|Charizardite X
|move|p2a: Whimsicott|Moonblast|p1b: Gengar
|-resisted|p1b: Gengar|1
|-damage|p1b: Gengar|87/100
|move|p2b: Charizard|Dragon Claw|p1b: Gengar
|-damage|p1b: Gengar|24/100
|move|p1b: Gengar|Sludge Bomb|p2a: Whimsicott
|-supereffective|p2a: Whimsicott|2
|-enditem|p2a: Whimsicott|Focus Sash
|-damage|p2a: Whimsicott|1/100
|-status|p2a: Whimsicott|psn
|
|-weather|none
|-damage|p2a: Whimsicott|0 fnt|[from] psn
|faint|p2a: Whimsicott
|upkeep
|turn|6
|
|t:|1783263036
|move|p2b: Charizard|Dragon Claw|p1b: Gengar
|-damage|p1b: Gengar|0 fnt
|faint|p1b: Gengar
|
|win|robotarmadillo
||Xto80 is ready for game 2.
||robotarmadillo is ready for game 2.
|uhtml|next|Next: Game 2 of 3
