|j|☆smalltownkirlia
|j|☆chaoticfarmer
|html|smalltownkirliachaoticfarmer    
|uhtml|bestof|Game 2 of a best-of-3
|t:|1757640627
|gametype|doubles
|player|p1|smalltownkirlia|whitney|1141
|player|p2|chaoticfarmer|norman|1312
|gen|9
|tier|[Gen 9] VGC 2025 Reg H (Bo3)
|rated|
|rule|Species Clause: Limit one of each Pokémon
|rule|Item Clause: Limit 1 of each item
|clearpoke
|poke|p1|Dragonite, L50, F|
|poke|p1|Ursaluna-Bloodmoon, L50, M|
|poke|p1|Gholdengo, L50|
|poke|p1|Maushold-Four, L50|
|poke|p1|Annihilape, L50, F|
|poke|p1|Rillaboom, L50, F|
|poke|p2|Rillaboom, L50, M|
|poke|p2|Pelipper, L50, M|
|poke|p2|Sneasler, L50, F|
|poke|p2|Cetitan, L50, F|
|poke|p2|Malamar, L50, F|
|poke|p2|Ursaluna-Bloodmoon, L50, M|
|teampreview|4
|showteam|p1|Dragonite||LoadedDice|Multiscale|ScaleShot,Tailwind,Haze,Protect|||F|||50|,,,,,Fairy]Ursaluna-Bloodmoon||AssaultVest|MindsEye|BloodMoon,EarthPower,HyperVoice,VacuumWave|||M|||50|,,,,,Water]Gholdengo||LifeOrb|GoodasGold|MakeItRain,ShadowBall,NastyPlot,Protect||||||50|,,,,,Dragon]Maushold-Four||FocusSash|FriendGuard|Taunt,FollowMe,BeatUp,Protect||||||50|,,,,,Ghost]Annihilape||SitrusBerry|Defiant|RageFist,DrainPunch,BulkUp,Protect|||F|||50|,,,,,Fire]Rillaboom||MiracleSeed|GrassySurge|WoodHammer,GrassyGlide,HighHorsepower,FakeOut|||F|||50|,,,,,Fire
|showteam|p2|Rillaboom||AssaultVest|GrassySurge|FakeOut,GrassyGlide,WoodHammer,Uturn|||M|||50|,,,,,Fire]Pelipper||FocusSash|Drizzle|Tailwind,Hurricane,WideGuard,WeatherBall|||M|||50|,,,,,Ghost]Sneasler||GrassySeed|Unburden|CloseCombat,DireClaw,ThroatChop,Protect|||F|||50|,,,,,Dark]Cetitan||LifeOrb|SheerForce|IcicleCrash,Liquidation,IceShard,Protect|||F|||50|,,,,,Water]Malamar||CovertCloak|Contrary|TopsyTurvy,KnockOff,Superpower,TrickRoom|||F|||50|,,,,,Steel]Ursaluna-Bloodmoon||SafetyGoggles|MindsEye|BloodMoon,HyperVoice,EarthPower,Protect|||M|||50|,,,,,Ghost
|inactive|Battle timer is ON: inactive players will automatically lose when time's up. (requested by chaoticfarmer)
|inactive|smalltownkirlia also wants the timer to be on.
|inactive|smalltownkirlia has 60 seconds left.
|inactive|chaoticfarmer has 60 seconds left.
|inactive|smalltownkirlia has 30 seconds left.
|inactive|chaoticfarmer has 30 seconds left.
|inactive|smalltownkirlia has 20 seconds left.
|inactive|chaoticfarmer has 20 seconds left.
|inactive|smalltownkirlia has 15 seconds left.
|inactive|smalltownkirlia has 10 seconds left.
|inactive|smalltownkirlia has 5 seconds left.
|
|t:|1757640713
|teamsize|p1|4
|teamsize|p2|4
|start
|switch|p1a: Maushold|Maushold-Four, L50|100/100
|switch|p1b: Annihilape|Annihilape, L50, F|100/100
|switch|p2a: Rillaboom|Rillaboom, L50, M|100/100
|switch|p2b: Sneasler|Sneasler, L50, F|100/100
|-fieldstart|move: Grassy Terrain|[from] ability: Grassy Surge|[of] p2a: Rillaboom
|-enditem|p2b: Sneasler|Grassy Seed
|-boost|p2b: Sneasler|def|1|[from] item: Grassy Seed
|turn|1
|inactive|smalltownkirlia has 30 seconds left.
|inactive|chaoticfarmer has 30 seconds left.
|
|t:|1757640746
|move|p1a: Maushold|Protect|p1a: Maushold
|-singleturn|p1a: Maushold|Protect
|move|p2b: Sneasler|Dire Claw|p1b: Annihilape
|-resisted|p1b: Annihilape
|-damage|p1b: Annihilape|84/100
|move|p1b: Annihilape|Bulk Up|p1b: Annihilape
|-boost|p1b: Annihilape|atk|1
|-boost|p1b: Annihilape|def|1
|move|p2a: Rillaboom|Wood Hammer|p1b: Annihilape
|-damage|p1b: Annihilape|40/100
|-enditem|p1b: Annihilape|Sitrus Berry|[eat]
|-heal|p1b: Annihilape|65/100|[from] item: Sitrus Berry
|-damage|p2a: Rillaboom|85/100|[from] Recoil
|
|-heal|p1b: Annihilape|72/100|[from] Grassy Terrain
|-heal|p2a: Rillaboom|90/100|[from] Grassy Terrain
|upkeep
|turn|2
|inactive|smalltownkirlia has 30 seconds left.
|inactive|smalltownkirlia has 20 seconds left.
|
|t:|1757640785
|move|p1a: Maushold|Follow Me|p1a: Maushold
|-singleturn|p1a: Maushold|move: Follow Me
|move|p2b: Sneasler|Close Combat|p1a: Maushold
|-supereffective|p1a: Maushold
|-enditem|p1a: Maushold|Focus Sash
|-damage|p1a: Maushold|1/100
|-unboost|p2b: Sneasler|def|1
|-unboost|p2b: Sneasler|spd|1
|move|p1b: Annihilape|Drain Punch|p2a: Rillaboom
|-damage|p2a: Rillaboom|48/100
|-heal|p1b: Annihilape|91/100|[from] drain|[of] p2a: Rillaboom
|move|p2a: Rillaboom|U-turn|p1a: Maushold
|-damage|p1a: Maushold|0 fnt
|faint|p1a: Maushold
|
|t:|1757640800
|switch|p2a: Malamar|Malamar, L50, F|100/100|[from] U-turn
|
|-heal|p1b: Annihilape|98/100|[from] Grassy Terrain
|upkeep
|
|t:|1757640818
|switch|p1a: Dragonite|Dragonite, L50, F|100/100
|turn|3
|inactive|smalltownkirlia has 30 seconds left.
|inactive|chaoticfarmer has 30 seconds left.
|inactive|smalltownkirlia has 20 seconds left.
|inactive|smalltownkirlia has 15 seconds left.
|
|t:|1757640861
|switch|p2a: Rillaboom|Rillaboom, L50, M|48/100
|move|p2b: Sneasler|Dire Claw|p1a: Dragonite
|-damage|p1a: Dragonite|75/100
|-status|p1a: Dragonite|slp
|move|p1b: Annihilape|Rage Fist|p2a: Rillaboom
|-damage|p2a: Rillaboom|0 fnt
|faint|p2a: Rillaboom
|cant|p1a: Dragonite|slp
|
|-heal|p1b: Annihilape|100/100|[from] Grassy Terrain
|upkeep
|
|t:|1757640872
|switch|p2a: Malamar|Malamar, L50, F|100/100
|turn|4
|
|t:|1757640883
|move|p2b: Sneasler|Dire Claw|p1a: Dragonite
|-damage|p1a: Dragonite|26/100 slp
|move|p1b: Annihilape|Rage Fist|p2a: Malamar
|-damage|p2a: Malamar|11/100
|cant|p1a: Dragonite|slp
|move|p2a: Malamar|Trick Room|p2a: Malamar
|-fieldstart|move: Trick Room|[of] p2a: Malamar
|
|-heal|p2a: Malamar|16/100|[from] Grassy Terrain
|upkeep
|turn|5
|inactive|smalltownkirlia has 30 seconds left.
|
|t:|1757640912
|move|p2a: Malamar|Topsy-Turvy|p1b: Annihilape
|-invertboost|p1b: Annihilape|[from] move: Topsy-Turvy
|-curestatus|p1a: Dragonite|slp|[msg]
|move|p1a: Dragonite|Scale Shot|p2b: Sneasler
|-damage|p2b: Sneasler|75/100
|-damage|p2b: Sneasler|48/100
|-damage|p2b: Sneasler|20/100
|-damage|p2b: Sneasler|0 fnt
|faint|p2b: Sneasler
|-hitcount|p2: Sneasler|4
|-unboost|p1a: Dragonite|def|1
|-boost|p1a: Dragonite|spe|1
|move|p1b: Annihilape|Drain Punch|p2a: Malamar
|-damage|p2a: Malamar|0 fnt
|faint|p2a: Malamar
|
|-fieldend|move: Grassy Terrain
|upkeep
|
|t:|1757640925
|switch|p2b: Pelipper|Pelipper, L50, M|100/100
|-weather|RainDance|[from] ability: Drizzle|[of] p2b: Pelipper
|turn|6
|
|t:|1757640939
|move|p2b: Pelipper|Hurricane|p1a: Dragonite
|-damage|p1a: Dragonite|0 fnt
|faint|p1a: Dragonite
|move|p1b: Annihilape|Rage Fist|p2b: Pelipper
|-damage|p2b: Pelipper|45/100
|
|-weather|RainDance|[upkeep]
|upkeep
|
|t:|1757640946
|switch|p1a: Gholdengo|Gholdengo, L50|100/100
|turn|7
|
|t:|1757640954
|move|p2b: Pelipper|Hurricane|p1b: Annihilape
|-supereffective|p1b: Annihilape
|-damage|p1b: Annihilape|5/100
|-start|p1b: Annihilape|confusion
|move|p1a: Gholdengo|Shadow Ball|p2b: Pelipper
|-damage|p2b: Pelipper|0 fnt
|faint|p2b: Pelipper
|-damage|p1a: Gholdengo|91/100|[from] item: Life Orb
|
|win|smalltownkirlia
