|j|☆johan seong krk
|j|☆cucklord86
|html|johan seong krkcucklord86    
|uhtml|bestof|Game 2 of a best-of-3
|t:|1783956101
|gametype|doubles
|player|p1|johan seong krk|proton|1132
|player|p2|cucklord86|1|1000
|gen|9
|tier|[Gen 9 Champions] VGC 2026 Reg M-B (Bo3)
|rated|
|rule|Species Clause: Limit one of each Pokémon
|rule|Item Clause: Limit 1 of each item
|clearpoke
|poke|p1|Grimmsnarl, L50, M|
|poke|p1|Swampert, L50, M|
|poke|p1|Pelipper, L50, F|
|poke|p1|Archaludon, L50, M|
|poke|p1|Sinistcha, L50|
|poke|p1|Metagross, L50|
|poke|p2|Sylveon, L50, F, shiny|
|poke|p2|Sinistcha, L50|
|poke|p2|Swampert, L50, M, shiny|
|poke|p2|Pelipper, L50, F|
|poke|p2|Archaludon, L50, M|
|poke|p2|Dragalge, L50, F, shiny|
|teampreview|4
|showteam|p1|Grimmsnarl||LightClay|Prankster|FoulPlay,PartingShot,LightScreen,Reflect|Calm||M|||50|]Swampert||Swampertite|Damp|Protect,IcePunch,WaveCrash,Earthquake|Adamant||M|||50|]Pelipper||SitrusBerry|Drizzle|WideGuard,Tailwind,WeatherBall,Hurricane|Modest||F|||50|]Archaludon||Leftovers|Stamina|Protect,ElectroShot,FlashCannon,DragonPulse|Modest||M|||50|]Sinistcha||ColburBerry|Hospitality|Protect,TrickRoom,MatchaGotcha,RagePowder|Relaxed|||||50|]Metagross||Metagrossite|ClearBody|Protect,BodyPress,PsychicFangs,IronHead|Jolly|||||50|
|showteam|p2|Sylveon||IronBall|Pixilate|HyperVoice,Protect,HyperBeam,Copycat|Quiet||F|||50|]Sinistcha||SitrusBerry|Hospitality|MatchaGotcha,TrickRoom,RagePowder,LifeDew|Calm|||||50|]Swampert||Swampertite|Torrent|Protect,IcePunch,WaveCrash,HighHorsepower|Adamant||M|||50|]Pelipper||FocusSash|Drizzle|Tailwind,WideGuard,Protect,WeatherBall|Serious||F|||50|]Archaludon||Leftovers|Stamina|FlashCannon,ElectroShot,DracoMeteor,Protect|Calm||M|||50|]Dragalge||Dragalgite|Adaptability|Toxic,DragonPulse,SludgeBomb,Protect|Modest||F|||50|
|inactive|Battle timer is ON: inactive players will automatically lose when time's up. (requested by johan seong krk)
|
|t:|1783956144
|teamsize|p1|4
|teamsize|p2|4
|start
|switch|p1a: Metagross|Metagross, L50|100/100
|switch|p1b: Sinistcha|Sinistcha, L50|100/100
|switch|p2a: Dragalge|Dragalge, L50, F, shiny|100/100
|switch|p2b: Sylveon|Sylveon, L50, F, shiny|100/100
|turn|1
|inactive|cucklord86 has 30 seconds left.
|inactive|cucklord86 has 20 seconds left.
|inactive|cucklord86 has 15 seconds left.
|inactive|cucklord86 has 10 seconds left.
|
|t:|1783956191
|switch|p2b: Archaludon|Archaludon, L50, M|100/100
|detailschange|p1a: Metagross|Metagross-Mega, L50
|-mega|p1a: Metagross|Metagross|Metagrossite
|detailschange|p2a: Dragalge|Dragalge-Mega, L50, F, shiny
|-mega|p2a: Dragalge|Dragalge|Dragalgite
|move|p2a: Dragalge|Protect|p2a: Dragalge
|-singleturn|p2a: Dragalge|Protect
|move|p1b: Sinistcha|Rage Powder|p1b: Sinistcha
|-singleturn|p1b: Sinistcha|move: Rage Powder
|move|p1a: Metagross|Iron Head|p2b: Archaludon
|-resisted|p2b: Archaludon|1
|-damage|p2b: Archaludon|77/100
|-ability|p2b: Archaludon|Stamina|boost
|-boost|p2b: Archaludon|def|1
|
|-heal|p2b: Archaludon|83/100|[from] item: Leftovers
|upkeep
|turn|2
|inactive|johan seong krk has 30 seconds left.
|inactive|cucklord86 has 30 seconds left.
|inactive|cucklord86 has 20 seconds left.
|inactive|cucklord86 has 15 seconds left.
|
|t:|1783956233
|move|p1b: Sinistcha|Protect|p1b: Sinistcha
|-singleturn|p1b: Sinistcha|Protect
|move|p1a: Metagross|Psychic Fangs|p2a: Dragalge
|-supereffective|p2a: Dragalge|1
|-damage|p2a: Dragalge|0 fnt
|faint|p2a: Dragalge
|move|p2b: Archaludon|Draco Meteor|p1a: Metagross
|-resisted|p1a: Metagross|1
|-damage|p1a: Metagross|69/100
|-unboost|p2b: Archaludon|spa|2
|
|-heal|p2b: Archaludon|89/100|[from] item: Leftovers
|upkeep
|
|t:|1783956256
|switch|p2a: Sylveon|Sylveon, L50, F, shiny|100/100
|turn|3
|inactive|cucklord86 has 30 seconds left.
|
|t:|1783956281
|move|p2a: Sylveon|Protect|p2a: Sylveon
|-singleturn|p2a: Sylveon|Protect
|move|p1b: Sinistcha|Rage Powder|p1b: Sinistcha
|-singleturn|p1b: Sinistcha|move: Rage Powder
|move|p1a: Metagross|Iron Head|p2a: Sylveon
|-activate|p2a: Sylveon|move: Protect
|move|p2b: Archaludon|Flash Cannon|p1b: Sinistcha
|-damage|p1b: Sinistcha|80/100
|
|-heal|p2b: Archaludon|95/100|[from] item: Leftovers
|upkeep
|turn|4
|
|t:|1783956299
|move|p1b: Sinistcha|Rage Powder|p1b: Sinistcha
|-singleturn|p1b: Sinistcha|move: Rage Powder
|move|p1a: Metagross|Iron Head|p2a: Sylveon
|-supereffective|p2a: Sylveon|1
|-damage|p2a: Sylveon|0 fnt
|faint|p2a: Sylveon
|move|p2b: Archaludon|Flash Cannon|p1b: Sinistcha
|-damage|p1b: Sinistcha|61/100
|
|-heal|p2b: Archaludon|100/100|[from] item: Leftovers
|upkeep
|
|t:|1783956308
|switch|p2a: Sinistcha|Sinistcha, L50|100/100
|turn|5
|
|t:|1783956321
|switch|p1b: Grimmsnarl|Grimmsnarl, L50, M|100/100
|move|p1a: Metagross|Psychic Fangs|p2a: Sinistcha
|-damage|p2a: Sinistcha|41/100
|-enditem|p2a: Sinistcha|Sitrus Berry|[eat]
|-heal|p2a: Sinistcha|65/100|[from] item: Sitrus Berry
|move|p2b: Archaludon|Flash Cannon|p1b: Grimmsnarl
|-supereffective|p1b: Grimmsnarl|1
|-damage|p1b: Grimmsnarl|64/100
|-unboost|p1b: Grimmsnarl|spd|1
|move|p2a: Sinistcha|Matcha Gotcha|p1b: Grimmsnarl|[spread] p1a,p1b
|-resisted|p1a: Metagross|1
|-damage|p1a: Metagross|56/100
|-heal|p2a: Sinistcha|71/100|[from] drain|[of] p1a: Metagross
|-damage|p1b: Grimmsnarl|26/100
|-heal|p2a: Sinistcha|93/100|[from] drain|[of] p1b: Grimmsnarl
|
|upkeep
|turn|6
|inactive|cucklord86 has 30 seconds left.
|
|t:|1783956351
|move|p2a: Sinistcha|Rage Powder|p2a: Sinistcha
|-singleturn|p2a: Sinistcha|move: Rage Powder
|move|p1b: Grimmsnarl|Parting Shot|p2a: Sinistcha
|-unboost|p2a: Sinistcha|atk|1
|-unboost|p2a: Sinistcha|spa|1
|
|t:|1783956356
|switch|p1b: Sinistcha|Sinistcha, L50|61/100|[from] Parting Shot
|-heal|p1a: Metagross|81/100|[from] ability: Hospitality|[of] p1b: Sinistcha
|move|p1a: Metagross|Psychic Fangs|p2a: Sinistcha
|-crit|p2a: Sinistcha
|-damage|p2a: Sinistcha|7/100
|move|p2b: Archaludon|Flash Cannon|p1b: Sinistcha
|-damage|p1b: Sinistcha|44/100
|
|upkeep
|turn|7
|
|t:|1783956374
|move|p2a: Sinistcha|Rage Powder|p2a: Sinistcha
|-singleturn|p2a: Sinistcha|move: Rage Powder
|move|p1b: Sinistcha|Rage Powder|p1b: Sinistcha
|-singleturn|p1b: Sinistcha|move: Rage Powder
|move|p1a: Metagross|Psychic Fangs|p2a: Sinistcha
|-damage|p2a: Sinistcha|0 fnt
|faint|p2a: Sinistcha
|move|p2b: Archaludon|Flash Cannon|p1b: Sinistcha
|-damage|p1b: Sinistcha|26/100
|
|upkeep
|turn|8
|
|t:|1783956385
|switch|p1b: Grimmsnarl|Grimmsnarl, L50, M|26/100
|move|p1a: Metagross|Body Press|p2b: Archaludon
|-supereffective|p2b: Archaludon|1
|-damage|p2b: Archaludon|60/100
|-ability|p2b: Archaludon|Stamina|boost
|-boost|p2b: Archaludon|def|1
|move|p2b: Archaludon|Flash Cannon|p1b: Grimmsnarl
|-supereffective|p1b: Grimmsnarl|1
|-damage|p1b: Grimmsnarl|0 fnt
|faint|p1b: Grimmsnarl
|
|-heal|p2b: Archaludon|67/100|[from] item: Leftovers
|upkeep
|
|t:|1783956392
|switch|p1b: Archaludon|Archaludon, L50, M|100/100
|turn|9
|
|t:|1783956402
|move|p1a: Metagross|Body Press|p2b: Archaludon
|-supereffective|p2b: Archaludon|1
|-damage|p2b: Archaludon|39/100
|-ability|p2b: Archaludon|Stamina|boost
|-boost|p2b: Archaludon|def|1
|move|p1b: Archaludon|Dragon Pulse|p2b: Archaludon
|-damage|p2b: Archaludon|0 fnt
|faint|p2b: Archaludon
|
|win|johan seong krk
||cucklord86 is ready for game 3.
|inactive|johan seong krk has 30 seconds to confirm battle start!
||johan seong krk is ready for game 3.
|uhtml|next|Next: Game 3 of 3
|l|☆johan seong krk
|player|p1|
