|j|☆Digao19
|j|☆clarocojones
|html|Digao19clarocojones    
|uhtml|bestof|Game 1 of a best-of-3
|t:|1786122391
|gametype|doubles
|player|p1|Digao19|266|1284
|player|p2|clarocojones|striker|1364
|gen|9
|tier|[Gen 9 Champions] VGC 2026 Reg M-B (Bo3)
|rated|
|rule|Species Clause: Limit one of each Pokémon
|rule|Item Clause: Limit 1 of each item
|clearpoke
|poke|p1|Charizard, L50, M, shiny|
|poke|p1|Venusaur, L50, M|
|poke|p1|Grimmsnarl, L50, M|
|poke|p1|Archaludon, L50, F|
|poke|p1|Pelipper, L50, F|
|poke|p1|Swampert, L50, M|
|poke|p2|Floette-Eternal, L50, F|
|poke|p2|Incineroar, L50, M, shiny|
|poke|p2|Sinistcha-Masterpiece, L50, shiny|
|poke|p2|Milotic, L50, F|
|poke|p2|Raichu, L50, F|
|poke|p2|Ceruledge, L50, F|
|teampreview|4
|showteam|p1|Charizard||CharizarditeY|Blaze|HeatWave,Hurricane,WeatherBall,Protect|Modest||M|||50|]Venusaur||FocusSash|Chlorophyll|LeafStorm,SludgeBomb,SleepPowder,Protect|Timid||M|||50|]Grimmsnarl||LightClay|Prankster|SpiritBreak,PartingShot,LightScreen,Reflect|Careful||M|||50|]Archaludon||Leftovers|Stamina|ElectroShot,DragonPulse,FlashCannon,Protect|Bold||F|||50|]Pelipper||SitrusBerry|Drizzle|WeatherBall,Hurricane,Tailwind,WideGuard|Modest||F|||50|]Swampert||Swampertite|Damp|WaveCrash,Earthquake,IcePunch,Protect|Adamant||M|||50|
|showteam|p2|Floette-Eternal||Floettite|FlowerVeil|Moonblast,DazzlingGleam,CalmMind,Protect|Modest||F|||50|]Incineroar||SitrusBerry|Intimidate|FakeOut,PartingShot,ThroatChop,FlareBlitz|Careful||M|||50|]Sinistcha-Masterpiece||KasibBerry|Hospitality|MatchaGotcha,LifeDew,RagePowder,TrickRoom|Bold|||||50|]Milotic||Leftovers|Competitive|MuddyWater,Coil,Hypnosis,Recover|Calm||F|||50|]Raichu||RaichuniteY|Static|FakeOut,ZapCannon,FocusBlast,Protect|Timid||F|||50|]Ceruledge||ColburBerry|FlashFire|BitterBlade,ShadowSneak,BulkUp,Protect|Adamant||F|||50|
|inactive|Battle timer is ON: inactive players will automatically lose when time's up. (requested by Digao19)
|
|t:|1786122451
|teamsize|p1|4
|teamsize|p2|4
|start
|switch|p1a: Venusaur|Venusaur, L50, M|100/100
|switch|p1b: Pelipper|Pelipper, L50, F|100/100
|switch|p2a: Friends Take|Incineroar, L50, M, shiny|100/100
|switch|p2b: Felicidad|Floette-Eternal, L50, F|100/100
|-ability|p2a: Friends Take|Intimidate|boost
|-unboost|p1a: Venusaur|atk|1
|-unboost|p1b: Pelipper|atk|1
|-weather|RainDance|[from] ability: Drizzle|[of] p1b: Pelipper
|turn|1
|
|t:|1786122464
|move|p2a: Friends Take|Fake Out|p1a: Venusaur
|-damage|p1a: Venusaur|85/100
|cant|p1a: Venusaur|flinch
|move|p2b: Felicidad|Calm Mind|p2b: Felicidad
|-boost|p2b: Felicidad|spa|1
|-boost|p2b: Felicidad|spd|1
|move|p1b: Pelipper|Tailwind|p1b: Pelipper
|-sidestart|p1: Digao19|move: Tailwind
|
|-weather|RainDance|[upkeep]
|upkeep
|turn|2
|inactive|clarocojones has 30 seconds left.
|inactive|Digao19 has 30 seconds left.
|inactive|clarocojones has 20 seconds left.
|inactive|clarocojones has 15 seconds left.
|
|t:|1786122505
|switch|p2a: DON JULIO|Sinistcha-Masterpiece, L50, shiny|100/100
|detailschange|p2b: Felicidad|Floette-Mega, L50, F
|-mega|p2b: Felicidad|Floette|Floettite
|-ability|p2b: Felicidad|Fairy Aura
|move|p1a: Venusaur|Sludge Bomb|p2b: Felicidad
|-supereffective|p2b: Felicidad|1
|-damage|p2b: Felicidad|65/100
|move|p1b: Pelipper|Weather Ball|p2a: DON JULIO
|-resisted|p2a: DON JULIO|1
|-damage|p2a: DON JULIO|75/100
|move|p2b: Felicidad|Dazzling Gleam|p1b: Pelipper|[spread] p1a,p1b
|-resisted|p1a: Venusaur|1
|-damage|p1a: Venusaur|47/100
|-damage|p1b: Pelipper|15/100
|-enditem|p1b: Pelipper|Sitrus Berry|[eat]
|-heal|p1b: Pelipper|39/100|[from] item: Sitrus Berry
|
|-weather|RainDance|[upkeep]
|upkeep
|turn|3
|
|t:|1786122529
|switch|p2a: Friends Take|Incineroar, L50, M, shiny|100/100
|-ability|p2a: Friends Take|Intimidate|boost
|-unboost|p1a: Venusaur|atk|1
|-unboost|p1b: Pelipper|atk|1
|move|p2b: Felicidad|Protect|p2b: Felicidad
|-singleturn|p2b: Felicidad|Protect
|move|p1b: Pelipper|Wide Guard|p1b: Pelipper
|-singleturn|p1b: Pelipper|Wide Guard
|move|p1a: Venusaur|Sludge Bomb|p2b: Felicidad
|-activate|p2b: Felicidad|move: Protect
|
|-weather|RainDance|[upkeep]
|upkeep
|turn|4
|
|t:|1786122549
|switch|p1a: Archaludon|Archaludon, L50, F|100/100
|switch|p1b: Swampert|Swampert, L50, M|100/100
|move|p2a: Friends Take|Fake Out|p1a: Archaludon
|-resisted|p1a: Archaludon|1
|-damage|p1a: Archaludon|96/100
|-ability|p1a: Archaludon|Stamina|boost
|-boost|p1a: Archaludon|def|1
|move|p2b: Felicidad|Moonblast|p1a: Archaludon
|-damage|p1a: Archaludon|0 fnt
|faint|p1a: Archaludon
|
|-weather|RainDance|[upkeep]
|-sideend|p1: Digao19|move: Tailwind
|upkeep
|
|t:|1786122564
|switch|p1a: Venusaur|Venusaur, L50, M|47/100
|turn|5
|
|t:|1786122582
|switch|p2a: DON JULIO|Sinistcha-Masterpiece, L50, shiny|75/100
|-heal|p2b: Felicidad|90/100|[from] ability: Hospitality|[of] p2a: DON JULIO
|detailschange|p1b: Swampert|Swampert-Mega, L50, M
|-mega|p1b: Swampert|Swampert|Swampertite
|move|p2b: Felicidad|Protect|p2b: Felicidad
|-singleturn|p2b: Felicidad|Protect
|move|p1b: Swampert|Wave Crash|p2a: DON JULIO
|-resisted|p2a: DON JULIO|1
|-damage|p2a: DON JULIO|29/100
|-damage|p1b: Swampert|86/100|[from] Recoil
|move|p1a: Venusaur|Sludge Bomb|p2b: Felicidad
|-activate|p2b: Felicidad|move: Protect
|
|-weather|none
|upkeep
|turn|6
|
|t:|1786122602
|switch|p1b: Pelipper|Pelipper, L50, F|39/100
|-weather|RainDance|[from] ability: Drizzle|[of] p1b: Pelipper
|move|p2a: DON JULIO|Rage Powder|p2a: DON JULIO
|-singleturn|p2a: DON JULIO|move: Rage Powder
|move|p1a: Venusaur|Sludge Bomb|p2a: DON JULIO
|-damage|p2a: DON JULIO|0 fnt
|faint|p2a: DON JULIO
|move|p2b: Felicidad|Moonblast|p1b: Pelipper
|-damage|p1b: Pelipper|0 fnt
|faint|p1b: Pelipper
|
|-weather|RainDance|[upkeep]
|upkeep
|
|t:|1786122616
|switch|p1b: Swampert|Swampert-Mega, L50, M|86/100
|switch|p2a: Friends Take|Incineroar, L50, M, shiny|100/100
|-ability|p2a: Friends Take|Intimidate|boost
|-unboost|p1a: Venusaur|atk|1
|-unboost|p1b: Swampert|atk|1
|turn|7
|
|t:|1786122627
|switch|p2a: Ceruledge|Ceruledge, L50, F|100/100
|move|p2b: Felicidad|Protect|p2b: Felicidad
|-singleturn|p2b: Felicidad|Protect
|move|p1b: Swampert|Wave Crash|p2b: Felicidad
|-activate|p2b: Felicidad|move: Protect
|move|p1a: Venusaur|Sludge Bomb|p2b: Felicidad
|-activate|p2b: Felicidad|move: Protect
|
|-weather|RainDance|[upkeep]
|upkeep
|turn|8
|inactive|clarocojones has 30 seconds left.
|
|t:|1786122658
|switch|p2a: Friends Take|Incineroar, L50, M, shiny|100/100
|-ability|p2a: Friends Take|Intimidate|boost
|-unboost|p1a: Venusaur|atk|1
|-unboost|p1b: Swampert|atk|1
|move|p1b: Swampert|Wave Crash|p2b: Felicidad
|-damage|p2b: Felicidad|34/100
|-damage|p1b: Swampert|68/100|[from] Recoil
|move|p1a: Venusaur|Sludge Bomb|p2b: Felicidad
|-supereffective|p2b: Felicidad|1
|-damage|p2b: Felicidad|0 fnt
|faint|p2b: Felicidad
|
|-weather|RainDance|[upkeep]
|upkeep
|
|t:|1786122669
|switch|p2b: Ceruledge|Ceruledge, L50, F|100/100
|turn|9
|
|t:|1786122679
|move|p1b: Swampert|Protect|p1b: Swampert
|-singleturn|p1b: Swampert|Protect
|move|p2a: Friends Take|Fake Out|p1b: Swampert
|-activate|p1b: Swampert|move: Protect
|move|p2b: Ceruledge|Shadow Sneak|p1a: Venusaur
|-damage|p1a: Venusaur|20/100y
|move|p1a: Venusaur|Sleep Powder|p2b: Ceruledge
|-status|p2b: Ceruledge|slp|[from] move: Sleep Powder
|
|-weather|RainDance|[upkeep]
|upkeep
|turn|10
|
|t:|1786122697
|cant|p2b: Ceruledge|slp
|move|p1b: Swampert|Wave Crash|p2b: Ceruledge
|-supereffective|p2b: Ceruledge|1
|-damage|p2b: Ceruledge|0 fnt
|faint|p2b: Ceruledge
|-damage|p1b: Swampert|36/100|[from] Recoil
|move|p1a: Venusaur|Sludge Bomb|p2a: Friends Take
|-damage|p2a: Friends Take|71/100
|move|p2a: Friends Take|Throat Chop|p1a: Venusaur
|-damage|p1a: Venusaur|0 fnt
|faint|p1a: Venusaur
|
|-weather|none
|upkeep
|turn|11
|
|t:|1786122711
|move|p1b: Swampert|Wave Crash|p2a: Friends Take
|-supereffective|p2a: Friends Take|1
|-damage|p2a: Friends Take|0 fnt
|faint|p2a: Friends Take
|-damage|p1b: Swampert|12/100|[from] Recoil
|
|win|Digao19
||clarocojones is ready for game 2.
||Digao19 is ready for game 2.
|uhtml|next|Next: Game 2 of 3
|l|☆Digao19
|player|p1|
