|j|☆kpizzle35
|j|☆MrsMarxy
|html|kpizzle35MrsMarxy    
|uhtml|bestof|Game 1 of a best-of-3
|t:|1785435159
|gametype|doubles
|player|p1|kpizzle35|102|1119
|player|p2|MrsMarxy|bellelba|1093
|gen|9
|tier|[Gen 9 Champions] VGC 2026 Reg M-B (Bo3)
|rated|
|rule|Species Clause: Limit one of each Pokémon
|rule|Item Clause: Limit 1 of each item
|clearpoke
|poke|p1|Torkoal, L50, F|
|poke|p1|Farigiraf, L50, M|
|poke|p1|Avalugg-Hisui, L50, M|
|poke|p1|Mr. Rime, L50, M|
|poke|p1|Chesnaught, L50, M|
|poke|p1|Raichu, L50, M|
|poke|p2|Blaziken, L50, M|
|poke|p2|Ninetales-Alola, L50, M|
|poke|p2|Kingambit, L50, M|
|poke|p2|Basculegion, L50, M|
|poke|p2|Whimsicott, L50, M|
|poke|p2|Glimmora, L50, M|
|teampreview|4
|showteam|p1|Torkoal||Charcoal|Drought|Eruption,WeatherBall,EarthPower,HeatWave|Modest||F|||50|]Farigiraf||LifeOrb|ArmorTail|HyperVoice,DazzlingGleam,TrickRoom,ExpandingForce|Quiet||M|||50|]Avalugg-Hisui||WideLens|Sturdy|MountainGale,RockSlide,WideGuard,BodyPress|Brave||M|||50|]Mr. Rime||IronBall|ScreenCleaner|FreezeDry,PsychicTerrain,FakeOut,Encore|Quiet||M|||50|]Chesnaught||Chesnaughtite|Bulletproof|SpikyShield,Feint,KnockOff,BodyPress|Relaxed||M|||50|]Raichu||RaichuniteY|Static|FakeOut,ZapCannon,FocusBlast,Protect|Hasty||M|||50|
|showteam|p2|Blaziken||Blazikenite|SpeedBoost|AuraSphere,HeatWave,ScorchingSands,Detect|Modest||M|||50|]Ninetales-Alola||LifeOrb|SnowWarning|Blizzard,FreezeDry,Moonblast,Protect|Timid||M|||50|]Kingambit||BlackGlasses|Defiant|SuckerPunch,IronHead,Protect,KowtowCleave|Adamant||M|||50|]Basculegion||ChoiceScarf|Adaptability|LastRespects,WaveCrash,AquaJet,FlipTurn|Jolly||M|||50|]Whimsicott||FocusSash|Prankster|Moonblast,Tailwind,Protect,Encore|Timid||M|||50|]Glimmora||Glimmoranite|ToxicDebris|PowerGem,EarthPower,SludgeBomb,SpikyShield|Modest||M|||50|
|inactive|Battle timer is ON: inactive players will automatically lose when time's up. (requested by MrsMarxy)
|c|☆MrsMarxy|glhf
|inactive|MrsMarxy has 60 seconds left.
|c|☆kpizzle35|you too
|c|☆kpizzle35|mrs marxy
|inactive|MrsMarxy has 30 seconds left.
|inactive|MrsMarxy has 20 seconds left.
|inactive|MrsMarxy has 15 seconds left.
|
|t:|1785435238
|teamsize|p1|4
|teamsize|p2|4
|start
|switch|p1a: Mr. Rime|Mr. Rime, L50, M|100/100
|switch|p1b: Farigiraf|Farigiraf, L50, M|100/100
|switch|p2a: Kingambit|Kingambit, L50, M|100/100
|switch|p2b: Blaziken|Blaziken, L50, M|100/100
|turn|1
|
|t:|1785435262
|detailschange|p2b: Blaziken|Blaziken-Mega, L50, M
|-mega|p2b: Blaziken|Blaziken|Blazikenite
|move|p1a: Mr. Rime|Fake Out|p2a: Kingambit
|-resisted|p2a: Kingambit|1
|-damage|p2a: Kingambit|96/100
|move|p2b: Blaziken|Heat Wave|p1b: Farigiraf|[spread] p1a,p1b
|-supereffective|p1a: Mr. Rime|1
|-damage|p1a: Mr. Rime|19/100
|-damage|p1b: Farigiraf|59/100
|cant|p2a: Kingambit|flinch
|move|p1b: Farigiraf|Trick Room|p1b: Farigiraf
|-fieldstart|move: Trick Room|[of] p1b: Farigiraf
|
|-ability|p2b: Blaziken|Speed Boost|boost
|-boost|p2b: Blaziken|spe|1
|upkeep
|turn|2
|
|t:|1785435289
|move|p2b: Blaziken|Detect|p2b: Blaziken
|-singleturn|p2b: Blaziken|Protect
|move|p1a: Mr. Rime|Psychic Terrain|p1a: Mr. Rime
|-fieldstart|move: Psychic Terrain
|move|p1b: Farigiraf|Expanding Force|p2b: Blaziken|[spread] 
|-activate|p2b: Blaziken|move: Protect
|-immune|p2a: Kingambit
|move|p2a: Kingambit|Iron Head|p1a: Mr. Rime
|-supereffective|p1a: Mr. Rime|1
|-damage|p1a: Mr. Rime|0 fnt
|faint|p1a: Mr. Rime
|
|-ability|p2b: Blaziken|Speed Boost|boost
|-boost|p2b: Blaziken|spe|1
|upkeep
|
|t:|1785435295
|switch|p1a: Chesnaught|Chesnaught, L50, M|100/100
|turn|3
|
|t:|1785435320
|switch|p2b: Basculegion|Basculegion, L50, M|100/100
|detailschange|p1a: Chesnaught|Chesnaught-Mega, L50, M
|-mega|p1a: Chesnaught|Chesnaught|Chesnaughtite
|move|p1a: Chesnaught|Body Press|p2a: Kingambit
|-supereffective|p2a: Kingambit|2
|-damage|p2a: Kingambit|0 fnt
|faint|p2a: Kingambit
|move|p1b: Farigiraf|Expanding Force|p2b: Basculegion
|-damage|p2b: Basculegion|0 fnt
|faint|p2b: Basculegion
|-damage|p1b: Farigiraf|49/100|[from] item: Life Orb
|
|upkeep
|
|t:|1785435336
|switch|p2a: Blaziken|Blaziken-Mega, L50, M|100/100
|switch|p2b: Ninetales|Ninetales-Alola, L50, M|100/100
|-weather|Snowscape|[from] ability: Snow Warning|[of] p2b: Ninetales
|turn|4
|
|t:|1785435361
|move|p2a: Blaziken|Detect|p2a: Blaziken
|-singleturn|p2a: Blaziken|Protect
|move|p1a: Chesnaught|Feint|p2a: Blaziken
|-activate|p2a: Blaziken|move: Psychic Terrain
|move|p1b: Farigiraf|Expanding Force|p2a: Blaziken|[spread] p2b
|-activate|p2a: Blaziken|move: Protect
|-damage|p2b: Ninetales|13/100
|-damage|p1b: Farigiraf|39/100|[from] item: Life Orb
|move|p2b: Ninetales|Blizzard|p1b: Farigiraf|[spread] p1a,p1b
|-supereffective|p1a: Chesnaught|1
|-damage|p1a: Chesnaught|28/100
|-damage|p1b: Farigiraf|0 fnt
|faint|p1b: Farigiraf
|-damage|p2b: Ninetales|3/100|[from] item: Life Orb
|
|-weather|Snowscape|[upkeep]
|-ability|p2a: Blaziken|Speed Boost|boost
|-boost|p2a: Blaziken|spe|1
|upkeep
|
|t:|1785435384
|switch|p1b: Torkoal|Torkoal, L50, F|100/100
|-weather|SunnyDay|[from] ability: Drought|[of] p1b: Torkoal
|turn|5
|
|t:|1785435396
|move|p1a: Chesnaught|Spiky Shield|p1a: Chesnaught
|-singleturn|p1a: Chesnaught|move: Protect
|move|p2b: Ninetales|Protect|p2b: Ninetales
|-singleturn|p2b: Ninetales|Protect
|move|p1b: Torkoal|Eruption|p2a: Blaziken|[spread] p2a
|-activate|p2b: Ninetales|move: Protect
|-resisted|p2a: Blaziken|1
|-damage|p2a: Blaziken|47/100
|move|p2a: Blaziken|Scorching Sands|p1b: Torkoal
|-supereffective|p1b: Torkoal|1
|-damage|p1b: Torkoal|24/100
|
|-weather|SunnyDay|[upkeep]
|-fieldend|move: Trick Room
|-ability|p2a: Blaziken|Speed Boost|boost
|-boost|p2a: Blaziken|spe|1
|upkeep
|turn|6
|inactive|kpizzle35 has 30 seconds left.
|
|t:|1785435426
|move|p1a: Chesnaught|Spiky Shield||[still]
|-fail|p1a: Chesnaught
|move|p2a: Blaziken|Heat Wave|p1b: Torkoal|[spread] p1a,p1b
|-supereffective|p1a: Chesnaught|1
|-resisted|p1b: Torkoal|1
|-damage|p1a: Chesnaught|0 fnt
|-damage|p1b: Torkoal|0 fnt
|faint|p1a: Chesnaught
|faint|p1b: Torkoal
|
|win|MrsMarxy
||kpizzle35 is ready for game 2.
||MrsMarxy is ready for game 2.
|uhtml|next|Next: Game 2 of 3
|l|☆kpizzle35
|player|p1|
