|j|☆Dudeguy47
|j|☆spodermees
|html|Dudeguy47spodermees    
|uhtml|bestof|Game 1 of a best-of-3
|t:|1783322044
|gametype|doubles
|player|p1|Dudeguy47|170|1040
|player|p2|spodermees|sailor|1059
|gen|9
|tier|[Gen 9 Champions] VGC 2026 Reg M-B (Bo3)
|rated|
|rule|Species Clause: Limit one of each Pokémon
|rule|Item Clause: Limit 1 of each item
|clearpoke
|poke|p1|Farigiraf, L50, F|
|poke|p1|Raichu, L50, M|
|poke|p1|Torkoal, L50, M|
|poke|p1|Scrafty, L50, M|
|poke|p1|Sylveon, L50, M|
|poke|p1|Basculegion, L50, M|
|poke|p2|Swampert, L50, F|
|poke|p2|Raichu, L50, F|
|poke|p2|Pelipper, L50, F|
|poke|p2|Sableye, L50, F|
|poke|p2|Incineroar, L50, F|
|poke|p2|Archaludon, L50, M|
|teampreview|4
|showteam|p1|Farigiraf||Leftovers|ArmorTail|Psychic,TrickRoom,HelpingHand,Protect|Relaxed||F|||50|]Raichu||RaichuniteY|LightningRod|Protect,ZapCannon,FocusBlast,GrassKnot|Timid||M|||50|]Torkoal||Charcoal|Drought|Eruption,WeatherBall,SolarBeam,Protect|Quiet||M|||50|]Scrafty||Scraftinite|Intimidate|DrainPunch,BulkUp,FakeOut,KnockOff|Adamant||M|||50|]Sylveon||FairyFeather|Pixilate|HyperVoice,Protect,LightScreen,Reflect|Modest||M|||50|]Basculegion||ChoiceScarf|Adaptability|WaveCrash,LastRespects,FlipTurn,IceFang|Jolly||M|||50|
|showteam|p2|Swampert||Swampertite|Damp|WaveCrash,Earthquake,IcePunch,Protect|Adamant||F|||50|]Raichu||RaichuniteY|LightningRod|FakeOut,Protect,ZapCannon,FocusBlast|Hasty||F|||50|]Pelipper||FocusSash|Drizzle|WeatherBall,Hurricane,WideGuard,Tailwind|Modest||F|||50|]Sableye||RoseliBerry|Prankster|RainDance,FakeOut,LightScreen,Reflect|Careful||F|||50|]Incineroar||SitrusBerry|Intimidate|FakeOut,PartingShot,WillOWisp,ThroatChop|Careful||F|||50|]Archaludon||Leftovers|Stamina|ElectroShot,DracoMeteor,FlashCannon,Protect|Modest||M|||50|
|inactive|Battle timer is ON: inactive players will automatically lose when time's up. (requested by spodermees)
|inactive|Dudeguy47 has 60 seconds left.
|
|t:|1783322098
|teamsize|p1|4
|teamsize|p2|4
|start
|switch|p1a: Raichu|Raichu, L50, M|100/100
|switch|p1b: Farigiraf|Farigiraf, L50, F|100/100
|switch|p2a: Swampert|Swampert, L50, F|100/100
|switch|p2b: Sableye|Sableye, L50, F|100/100
|turn|1
|
|t:|1783322119
|move|p1a: Raichu|Protect|p1a: Raichu
|-singleturn|p1a: Raichu|Protect
|move|p2a: Swampert|Protect|p2a: Swampert
|-singleturn|p2a: Swampert|Protect
|move|p2b: Sableye|Reflect|p2b: Sableye
|-sidestart|p2: spodermees|Reflect
|move|p1b: Farigiraf|Psychic|p2a: Swampert
|-activate|p2a: Swampert|move: Protect
|
|upkeep
|turn|2
|
|t:|1783322132
|switch|p1a: Scrafty|Scrafty, L50, M|100/100
|-ability|p1a: Scrafty|Intimidate|boost
|-unboost|p2a: Swampert|atk|1
|-unboost|p2b: Sableye|atk|1
|detailschange|p2a: Swampert|Swampert-Mega, L50, F
|-mega|p2a: Swampert|Swampert|Swampertite
|move|p2b: Sableye|Rain Dance|p2b: Sableye
|-weather|RainDance
|move|p2a: Swampert|Earthquake|p1a: Scrafty|[spread] p2b,p1a,p1b
|-damage|p2b: Sableye|75/100
|-damage|p1a: Scrafty|68/100
|-damage|p1b: Farigiraf|74/100
|move|p1b: Farigiraf|Trick Room|p1b: Farigiraf
|-fieldstart|move: Trick Room|[of] p1b: Farigiraf
|
|-weather|RainDance|[upkeep]
|-heal|p1b: Farigiraf|81/100|[from] item: Leftovers
|upkeep
|turn|3
|inactive|Dudeguy47 has 30 seconds left.
|inactive|Dudeguy47 has 20 seconds left.
|
|t:|1783322170
|move|p2b: Sableye|Light Screen|p2b: Sableye
|-sidestart|p2: spodermees|move: Light Screen
|move|p1b: Farigiraf|Psychic|p2a: Swampert
|-damage|p2a: Swampert|79/100
|move|p1a: Scrafty|Bulk Up|p1a: Scrafty
|-boost|p1a: Scrafty|atk|1
|-boost|p1a: Scrafty|def|1
|move|p2a: Swampert|Wave Crash|p1a: Scrafty
|-damage|p1a: Scrafty|20/100y
|-damage|p2a: Swampert|64/100|[from] Recoil
|
|-weather|RainDance|[upkeep]
|-heal|p1b: Farigiraf|87/100|[from] item: Leftovers
|upkeep
|turn|4
|
|t:|1783322193
|switch|p2b: Pelipper|Pelipper, L50, F|100/100
|detailschange|p1a: Scrafty|Scrafty-Mega, L50, M
|-mega|p1a: Scrafty|Scrafty|Scraftinite
|-ability|p1a: Scrafty|Intimidate|boost
|-unboost|p2a: Swampert|atk|1
|-unboost|p2b: Pelipper|atk|1
|move|p1b: Farigiraf|Helping Hand|p1a: Scrafty
|-singleturn|p1a: Scrafty|Helping Hand|[of] p1b: Farigiraf
|move|p2a: Swampert|Protect|p2a: Swampert
|-singleturn|p2a: Swampert|Protect
|move|p1a: Scrafty|Drain Punch|p2a: Swampert
|-activate|p2a: Swampert|move: Protect
|
|-weather|RainDance|[upkeep]
|-heal|p1b: Farigiraf|93/100|[from] item: Leftovers
|upkeep
|turn|5
|
|t:|1783322211
|switch|p1b: Torkoal|Torkoal, L50, M|100/100
|-weather|SunnyDay|[from] ability: Drought|[of] p1b: Torkoal
|switch|p2a: Sableye|Sableye, L50, F|75/100
|move|p1a: Scrafty|Drain Punch|p2a: Sableye
|-immune|p2a: Sableye
|move|p2b: Pelipper|Hurricane|p1a: Scrafty|[miss]
|-miss|p2b: Pelipper|p1a: Scrafty
|
|-weather|SunnyDay|[upkeep]
|-sideend|p2: spodermees|Reflect
|upkeep
|turn|6
|inactive|Dudeguy47 has 30 seconds left.
|
|t:|1783322244
|switch|p1a: Farigiraf|Farigiraf, L50, F|93/100
|move|p2a: Sableye|Rain Dance|p2a: Sableye
|-weather|RainDance
|move|p1b: Torkoal|Eruption|p2a: Sableye|[spread] p2a,p2b
|-resisted|p2b: Pelipper|1
|-damage|p2a: Sableye|50/100g
|-damage|p2b: Pelipper|86/100
|move|p2b: Pelipper|Weather Ball|p1a: Farigiraf
|-damage|p1a: Farigiraf|37/100
|
|-weather|RainDance|[upkeep]
|-heal|p1a: Farigiraf|43/100|[from] item: Leftovers
|-fieldend|move: Trick Room
|upkeep
|turn|7
|
|t:|1783322267
|switch|p2a: Archaludon|Archaludon, L50, M|100/100
|move|p1a: Farigiraf|Protect|p1a: Farigiraf
|-singleturn|p1a: Farigiraf|Protect
|move|p1b: Torkoal|Protect|p1b: Torkoal
|-singleturn|p1b: Torkoal|Protect
|move|p2b: Pelipper|Weather Ball|p1a: Farigiraf
|-activate|p1a: Farigiraf|move: Protect
|
|-weather|RainDance|[upkeep]
|-heal|p1a: Farigiraf|49/100|[from] item: Leftovers
|-sideend|p2: spodermees|move: Light Screen
|upkeep
|turn|8
|
|t:|1783322292
|switch|p1b: Raichu|Raichu, L50, M|100/100
|move|p2a: Archaludon|Draco Meteor|p1b: Raichu
|-damage|p1b: Raichu|1/100
|-unboost|p2a: Archaludon|spa|2
|move|p2b: Pelipper|Weather Ball|p1a: Farigiraf
|-damage|p1a: Farigiraf|0 fnt
|faint|p1a: Farigiraf
|
|-weather|RainDance|[upkeep]
|upkeep
|
|t:|1783322308
|switch|p1a: Torkoal|Torkoal, L50, M|100/100
|-weather|SunnyDay|[from] ability: Drought|[of] p1a: Torkoal
|turn|9
|
|t:|1783322317
|move|p2a: Archaludon|Protect|p2a: Archaludon
|-singleturn|p2a: Archaludon|Protect
|move|p1b: Raichu|Zap Cannon|p2b: Pelipper
|-supereffective|p2b: Pelipper|2
|-damage|p2b: Pelipper|0 fnt
|faint|p2b: Pelipper
|move|p1a: Torkoal|Weather Ball|p2a: Archaludon
|-activate|p2a: Archaludon|move: Protect
|
|-weather|SunnyDay|[upkeep]
|upkeep
|
|t:|1783322326
|switch|p2b: Sableye|Sableye, L50, F|50/100g
|turn|10
|
|t:|1783322349
|move|p1b: Raichu|Protect|p1b: Raichu
|-singleturn|p1b: Raichu|Protect
|move|p1a: Torkoal|Protect|p1a: Torkoal
|-singleturn|p1a: Torkoal|Protect
|move|p2b: Sableye|Rain Dance|p2b: Sableye
|-weather|RainDance
|move|p2a: Archaludon|Flash Cannon|p1b: Raichu
|-activate|p1b: Raichu|move: Protect
|
|-weather|RainDance|[upkeep]
|upkeep
|turn|11
|
|t:|1783322368
|move|p2b: Sableye|Light Screen|p2b: Sableye
|-sidestart|p2: spodermees|move: Light Screen
|move|p1b: Raichu|Focus Blast|p2a: Archaludon
|-supereffective|p2a: Archaludon|1
|-damage|p2a: Archaludon|59/100
|-ability|p2a: Archaludon|Stamina|boost
|-boost|p2a: Archaludon|def|1
|move|p2a: Archaludon|Flash Cannon|p1b: Raichu
|-resisted|p1b: Raichu|1
|-damage|p1b: Raichu|0 fnt
|faint|p1b: Raichu
|move|p1a: Torkoal|Eruption|p2b: Sableye|[spread] p2a,p2b
|-crit|p2b: Sableye
|-damage|p2a: Archaludon|41/100
|-damage|p2b: Sableye|1/100
|-ability|p2a: Archaludon|Stamina|boost
|-boost|p2a: Archaludon|def|1
|
|-weather|RainDance|[upkeep]
|-heal|p2a: Archaludon|47/100|[from] item: Leftovers
|upkeep
|
|t:|1783322376
|switch|p1b: Scrafty|Scrafty-Mega, L50, M|20/100y
|-ability|p1b: Scrafty|Intimidate|boost
|-unboost|p2a: Archaludon|atk|1
|-unboost|p2b: Sableye|atk|1
|turn|12
|inactive|Dudeguy47 has 30 seconds left.
|inactive|Dudeguy47 has 20 seconds left.
|inactive|Dudeguy47 has 15 seconds left.
|inactive|Dudeguy47 has 10 seconds left.
|
|t:|1783322422
|switch|p2b: Swampert|Swampert-Mega, L50, F|64/100
|move|p2a: Archaludon|Electro Shot||[still]
|-prepare|p2a: Archaludon|Electro Shot
|-boost|p2a: Archaludon|spa|1
|-anim|p2a: Archaludon|Electro Shot|p1b: Scrafty
|-damage|p1b: Scrafty|2/100
|move|p1b: Scrafty|Drain Punch|p2a: Archaludon
|-supereffective|p2a: Archaludon|1
|-damage|p2a: Archaludon|16/100
|-heal|p1b: Scrafty|19/100|[from] drain|[of] p2a: Archaludon
|-ability|p2a: Archaludon|Stamina|boost
|-boost|p2a: Archaludon|def|1
|move|p1a: Torkoal|Eruption|p2b: Swampert|[spread] p2a,p2b
|-resisted|p2b: Swampert|1
|-damage|p2a: Archaludon|0 fnt
|-damage|p2b: Swampert|55/100
|faint|p2a: Archaludon
|
|-weather|RainDance|[upkeep]
|upkeep
|
|t:|1783322432
|switch|p2a: Sableye|Sableye, L50, F|1/100
|turn|13
|
|t:|1783322456
|move|p2a: Sableye|Fake Out|p1a: Torkoal
|-damage|p1a: Torkoal|93/100
|move|p2b: Swampert|Earthquake|p1b: Scrafty|[spread] p2a,p1a,p1b
|-supereffective|p1a: Torkoal|1
|-damage|p2a: Sableye|0 fnt
|-damage|p1a: Torkoal|25/100
|-damage|p1b: Scrafty|0 fnt
|faint|p2a: Sableye
|faint|p1b: Scrafty
|cant|p1a: Torkoal|flinch
|
|-weather|RainDance|[upkeep]
|upkeep
|turn|14
|
|t:|1783322468
|move|p2b: Swampert|Wave Crash|p1a: Torkoal
|-supereffective|p1a: Torkoal|1
|-damage|p1a: Torkoal|0 fnt
|faint|p1a: Torkoal
|-damage|p2b: Swampert|46/100|[from] Recoil
|
|win|spodermees
