|j|☆FlashoGoing
|j|☆ardere potest
|html|FlashoGoingardere potest    
|uhtml|bestof|Game 1 of a best-of-3
|t:|1785963408
|gametype|doubles
|player|p1|FlashoGoing|pokemaniac|1254
|player|p2|ardere potest|102|1314
|gen|9
|tier|[Gen 9 Champions] VGC 2026 Reg M-B (Bo3)
|rated|
|rule|Species Clause: Limit one of each Pokémon
|rule|Item Clause: Limit 1 of each item
|clearpoke
|poke|p1|Whimsicott, L50, M|
|poke|p1|Ninetales-Alola, L50, F|
|poke|p1|Glimmora, L50, F|
|poke|p1|Rotom-Wash, L50|
|poke|p1|Blastoise, L50, M|
|poke|p1|Sylveon, L50, F|
|poke|p2|Blaziken, L50, F|
|poke|p2|Gengar, L50, F, shiny|
|poke|p2|Kingambit, L50, F|
|poke|p2|Basculegion, L50, M|
|poke|p2|Incineroar, L50, M, shiny|
|poke|p2|Ninetales-Alola, L50, M|
|teampreview|4
|showteam|p1|Whimsicott||FocusSash|Prankster|Tailwind,Moonblast,Encore,Protect|Timid||M|||50|]Ninetales-Alola||NeverMeltIce|SnowWarning|Blizzard,FreezeDry,AuroraVeil,Protect|Timid||F|||50|]Glimmora||Glimmoranite|ToxicDebris|PowerGem,SludgeBomb,EarthPower,SpikyShield|Timid||F|||50|]Rotom-Wash||SitrusBerry|Levitate|Thunderbolt,HydroPump,WillOWisp,LightScreen|Modest|||||50|]Blastoise||Blastoisinite|Torrent|WaterSpout,WaterPulse,AuraSphere,Protect|Modest||M|||50|]Sylveon||FairyFeather|Pixilate|HyperVoice,QuickAttack,Yawn,Protect|Modest||F|||50|
|showteam|p2|Blaziken||Blazikenite|SpeedBoost|FlareBlitz,CloseCombat,Protect,RockSlide|Adamant||F|||50|]Gengar||Gengarite|CursedBody|ShadowBall,PerishSong,Disable,Protect|Timid||F|||50|]Kingambit||LifeOrb|Defiant|KowtowCleave,Protect,IronHead,SuckerPunch|Adamant||F|||50|]Basculegion||FocusSash|Adaptability|Liquidation,Protect,LastRespects,AquaJet|Adamant||M|||50|]Incineroar||ChopleBerry|Intimidate|FlareBlitz,DarkestLariat,PartingShot,FakeOut|Adamant||M|||50|]Ninetales-Alola||NeverMeltIce|SnowWarning|Blizzard,AuroraVeil,Encore,Protect|Timid||M|||50|
|
|t:|1785963445
|teamsize|p1|4
|teamsize|p2|4
|start
|switch|p1a: Whimsicott|Whimsicott, L50, M|100/100
|switch|p1b: Rotom|Rotom-Wash, L50|100/100
|switch|p2a: Tislash|Basculegion, L50, M|100/100
|switch|p2b: T1 Fakr|Kingambit, L50, F|100/100
|turn|1
|
|t:|1785963468
|move|p2b: T1 Fakr|Protect|p2b: T1 Fakr
|-singleturn|p2b: T1 Fakr|Protect
|move|p1a: Whimsicott|Tailwind|p1a: Whimsicott
|-sidestart|p1: FlashoGoing|move: Tailwind
|move|p1b: Rotom|Will-O-Wisp|p2a: Tislash
|-status|p2a: Tislash|brn
|move|p2a: Tislash|Liquidation|p1a: Whimsicott
|-resisted|p1a: Whimsicott|1
|-damage|p1a: Whimsicott|78/100
|
|-damage|p2a: Tislash|93/100 brn|[from] brn
|upkeep
|turn|2
|
|t:|1785963489
|switch|p1a: Glimmora|Glimmora, L50, F|100/100
|switch|p2a: Clavicular|Incineroar, L50, M, shiny|100/100
|-ability|p2a: Clavicular|Intimidate|boost
|-unboost|p1a: Glimmora|atk|1
|-unboost|p1b: Rotom|atk|1
|move|p1b: Rotom|Will-O-Wisp|p2b: T1 Fakr
|-status|p2b: T1 Fakr|brn
|move|p2b: T1 Fakr|Iron Head|p1a: Glimmora
|-supereffective|p1a: Glimmora|1
|-damage|p1a: Glimmora|21/100
|-activate|p1a: Glimmora|ability: Toxic Debris
|-sidestart|p2: ardere potest|move: Toxic Spikes
|-damage|p2b: T1 Fakr|90/100 brn|[from] item: Life Orb
|
|-damage|p2b: T1 Fakr|84/100 brn|[from] brn
|upkeep
|turn|3
|
|t:|1785963514
|move|p1a: Glimmora|Spiky Shield|p1a: Glimmora
|-singleturn|p1a: Glimmora|move: Protect
|move|p1b: Rotom|Thunderbolt|p2b: T1 Fakr
|-damage|p2b: T1 Fakr|37/100 brn
|move|p2a: Clavicular|Parting Shot|p1b: Rotom
|-unboost|p1b: Rotom|atk|1
|-unboost|p1b: Rotom|spa|1
|
|t:|1785963523
|switch|p2a: Swan vs neo|Blaziken, L50, F|100/100|[from] Parting Shot
|-status|p2a: Swan vs neo|psn
|move|p2b: T1 Fakr|Kowtow Cleave|p1b: Rotom
|-damage|p1b: Rotom|59/100
|-damage|p2b: T1 Fakr|28/100 brn|[from] item: Life Orb
|
|-damage|p2a: Swan vs neo|87/100 psn|[from] psn
|-damage|p2b: T1 Fakr|22/100 brn|[from] brn
|upkeep
|turn|4
|
|t:|1785963545
|switch|p1b: Whimsicott|Whimsicott, L50, M|78/100
|switch|p2b: Clavicular|Incineroar, L50, M, shiny|100/100
|-status|p2b: Clavicular|psn
|-ability|p2b: Clavicular|Intimidate|boost
|-unboost|p1a: Glimmora|atk|1
|-unboost|p1b: Whimsicott|atk|1
|detailschange|p2a: Swan vs neo|Blaziken-Mega, L50, F
|-mega|p2a: Swan vs neo|Blaziken|Blazikenite
|move|p2a: Swan vs neo|Protect|p2a: Swan vs neo
|-singleturn|p2a: Swan vs neo|Protect
|move|p1a: Glimmora|Power Gem|p2a: Swan vs neo
|-activate|p2a: Swan vs neo|move: Protect
|
|-damage|p2a: Swan vs neo|75/100 psn|[from] psn
|-damage|p2b: Clavicular|87/100 psn|[from] psn
|-sideend|p1: FlashoGoing|move: Tailwind
|-ability|p2a: Swan vs neo|Speed Boost|boost
|-boost|p2a: Swan vs neo|spe|1
|upkeep
|turn|5
|
|t:|1785963570
|move|p1b: Whimsicott|Protect|p1b: Whimsicott
|-singleturn|p1b: Whimsicott|Protect
|move|p1a: Glimmora|Spiky Shield|p1a: Glimmora
|-singleturn|p1a: Glimmora|move: Protect
|move|p2b: Clavicular|Fake Out|p1a: Glimmora
|-activate|p1a: Glimmora|move: Protect
|-damage|p2b: Clavicular|75/100 psn|[from] Spiky Shield|[of] p1a: Glimmora
|move|p2a: Swan vs neo|Flare Blitz|p1b: Whimsicott
|-activate|p1b: Whimsicott|move: Protect
|
|-damage|p2a: Swan vs neo|63/100 psn|[from] psn
|-damage|p2b: Clavicular|63/100 psn|[from] psn
|-ability|p2a: Swan vs neo|Speed Boost|boost
|-boost|p2a: Swan vs neo|spe|1
|upkeep
|turn|6
|
|t:|1785963593
|move|p1b: Whimsicott|Tailwind|p1b: Whimsicott
|-sidestart|p1: FlashoGoing|move: Tailwind
|move|p2a: Swan vs neo|Flare Blitz|p1a: Glimmora
|-resisted|p1a: Glimmora|1
|-damage|p1a: Glimmora|0 fnt
|-activate|p1a: Glimmora|ability: Toxic Debris
|-sidestart|p2: ardere potest|move: Toxic Spikes
|faint|p1a: Glimmora
|-damage|p2a: Swan vs neo|56/100 psn|[from] Recoil
|move|p2b: Clavicular|Flare Blitz|p1b: Whimsicott
|-supereffective|p1b: Whimsicott|1
|-damage|p1b: Whimsicott|0 fnt
|faint|p1b: Whimsicott
|-damage|p2b: Clavicular|45/100 psn|[from] Recoil
|
|-damage|p2a: Swan vs neo|43/100 psn|[from] psn
|-damage|p2b: Clavicular|32/100 psn|[from] psn
|-ability|p2a: Swan vs neo|Speed Boost|boost
|-boost|p2a: Swan vs neo|spe|1
|upkeep
|
|t:|1785963613
|switch|p1b: Blastoise|Blastoise, L50, M|100/100
|switch|p1a: Rotom|Rotom-Wash, L50|59/100
|turn|7
|
|t:|1785963630
|move|p1b: Blastoise|Protect|p1b: Blastoise
|-singleturn|p1b: Blastoise|Protect
|move|p2a: Swan vs neo|Close Combat|p1a: Rotom
|-damage|p1a: Rotom|0 fnt
|-unboost|p2a: Swan vs neo|def|1
|-unboost|p2a: Swan vs neo|spd|1
|faint|p1a: Rotom
|move|p2b: Clavicular|Parting Shot|p1b: Blastoise
|-activate|p1b: Blastoise|move: Protect
|
|-damage|p2a: Swan vs neo|31/100 psn|[from] psn
|-damage|p2b: Clavicular|20/100y psn|[from] psn
|-ability|p2a: Swan vs neo|Speed Boost|boost
|-boost|p2a: Swan vs neo|spe|1
|upkeep
|turn|8
|
|t:|1785963645
|detailschange|p1b: Blastoise|Blastoise-Mega, L50, M
|-mega|p1b: Blastoise|Blastoise|Blastoisinite
|move|p2a: Swan vs neo|Close Combat|p1b: Blastoise
|-damage|p1b: Blastoise|17/100
|-unboost|p2a: Swan vs neo|def|1
|-unboost|p2a: Swan vs neo|spd|1
|move|p1b: Blastoise|Water Spout|p2b: Clavicular|[spread] p2a,p2b
|-supereffective|p2a: Swan vs neo|1
|-supereffective|p2b: Clavicular|1
|-damage|p2a: Swan vs neo|0 fnt
|-damage|p2b: Clavicular|0 fnt
|faint|p2a: Swan vs neo
|faint|p2b: Clavicular
|
|upkeep
|
|t:|1785963649
|switch|p2a: T1 Fakr|Kingambit, L50, F|22/100 brn
|switch|p2b: Tislash|Basculegion, L50, M|93/100 brn
|turn|9
|-message|FlashoGoing forfeited.
|
|win|ardere potest
