|j|☆RYANTHERAPGOD
|j|☆flannerystan
|html|RYANTHERAPGODflannerystan    
|uhtml|bestof|Game 1 of a best-of-3
|t:|1757824461
|gametype|doubles
|player|p1|RYANTHERAPGOD|2|1118
|player|p2|flannerystan|skyla|1087
|gen|9
|tier|[Gen 9] VGC 2025 Reg H (Bo3)
|rated|
|rule|Species Clause: Limit one of each Pokémon
|rule|Item Clause: Limit 1 of each item
|clearpoke
|poke|p1|Volbeat, L50, M|
|poke|p1|Primarina, L50, M|
|poke|p1|Espathra, L50, F|
|poke|p1|Typhlosion-Hisui, L50, M|
|poke|p1|Indeedee-F, L50, F|
|poke|p1|Archaludon, L50, F|
|poke|p2|Annihilape, L50, M|
|poke|p2|Maushold, L50|
|poke|p2|Gholdengo, L50|
|poke|p2|Whimsicott, L50, F|
|poke|p2|Weavile, L50, F|
|poke|p2|Salamence, L50, F|
|teampreview|4
|showteam|p1|Volbeat||CobaBerry|Prankster|Encore,SunnyDay,Tailwind,RainDance|||M|||50|,,,,,Dark]Primarina||ChoiceSpecs|LiquidVoice|HyperVoice,WeatherBall,DazzlingGleam,Moonblast|||M|||50|,,,,,Steel]Espathra||FocusSash|SpeedBoost|Protect,LuminaCrash,ExpandingForce,DazzlingGleam|||F|||50|,,,,,Psychic]Typhlosion-Hisui||Charcoal|Blaze|Eruption,Protect,ShadowBall,Flamethrower|||M|||50|,,,,,Fire]Indeedee-F||SafetyGoggles|PsychicSurge|FollowMe,HyperVoice,TrickRoom,Imprison|||F|||50|,,,,,Fairy]Archaludon||PowerHerb|Stamina|Protect,ElectroShot,AuraSphere,DragonPulse|||F|||50|,,,,,Grass
|showteam|p2|Annihilape||Leftovers|Defiant|RageFist,DrainPunch,BulkUp,Protect|||M|||50|,,,,,Fire]Maushold||SafetyGoggles|FriendGuard|BeatUp,SuperFang,FollowMe,Protect||||||50|,,,,,Ghost]Gholdengo||MetalCoat|GoodasGold|MakeItRain,ShadowBall,NastyPlot,Protect||||||50|,,,,,Steel]Whimsicott||FocusSash|Prankster|Tailwind,BeatUp,Moonblast,Endeavor|||F|||50|,,,,,Ghost]Weavile||WideLens|Pressure|TripleAxel,KnockOff,FakeOut,Taunt|||F|||50|,,,,,Poison]Salamence||LifeOrb|Intimidate|DracoMeteor,AirSlash,Tailwind,Protect|||F|||50|,,,,,Fairy
|inactive|Battle timer is ON: inactive players will automatically lose when time's up. (requested by RYANTHERAPGOD)
|inactive|flannerystan has 60 seconds left.
|
|t:|1757824493
|teamsize|p1|4
|teamsize|p2|4
|start
|switch|p1a: Primarina|Primarina, L50, M|100/100
|switch|p1b: Volbeat|Volbeat, L50, M|100/100
|switch|p2a: Gholdengo|Gholdengo, L50|100/100
|switch|p2b: Annihilape|Annihilape, L50, M|100/100
|turn|1
|
|t:|1757824516
|move|p2a: Gholdengo|Protect|p2a: Gholdengo
|-singleturn|p2a: Gholdengo|Protect
|move|p2b: Annihilape|Protect|p2b: Annihilape
|-singleturn|p2b: Annihilape|Protect
|move|p1b: Volbeat|Tailwind|p1b: Volbeat
|-sidestart|p1: RYANTHERAPGOD|move: Tailwind
|move|p1a: Primarina|Hyper Voice|p2b: Annihilape|[spread] 
|-activate|p2a: Gholdengo|move: Protect
|-activate|p2b: Annihilape|move: Protect
|
|upkeep
|turn|2
|inactive|flannerystan has 30 seconds left.
|
|t:|1757824546
|move|p1b: Volbeat|Rain Dance|p1b: Volbeat
|-weather|RainDance
|move|p1a: Primarina|Hyper Voice|p2a: Gholdengo|[spread] p2a,p2b
|-damage|p2a: Gholdengo|17/100
|-damage|p2b: Annihilape|43/100
|move|p2a: Gholdengo|Make It Rain|p1b: Volbeat|[spread] p1a,p1b
|-damage|p1a: Primarina|48/100
|-damage|p1b: Volbeat|49/100
|-unboost|p2a: Gholdengo|spa|1
|move|p2b: Annihilape|Rage Fist|p1a: Primarina
|-damage|p1a: Primarina|0 fnt
|faint|p1a: Primarina
|
|-weather|RainDance|[upkeep]
|-heal|p2b: Annihilape|48/100|[from] item: Leftovers
|upkeep
|
|t:|1757824560
|switch|p1a: Typhlosion|Typhlosion-Hisui, L50, M|100/100
|turn|3
|
|t:|1757824576
|-terastallize|p2b: Annihilape|Fire
|move|p1b: Volbeat|Sunny Day|p1b: Volbeat
|-weather|SunnyDay
|move|p1a: Typhlosion|Eruption|p2b: Annihilape|[spread] p2a,p2b
|-supereffective|p2a: Gholdengo
|-resisted|p2b: Annihilape
|-damage|p2a: Gholdengo|0 fnt
|-damage|p2b: Annihilape|7/100
|faint|p2a: Gholdengo
|move|p2b: Annihilape|Rage Fist|p1a: Typhlosion
|-supereffective|p1a: Typhlosion
|-damage|p1a: Typhlosion|0 fnt
|faint|p1a: Typhlosion
|
|-weather|SunnyDay|[upkeep]
|-heal|p2b: Annihilape|13/100|[from] item: Leftovers
|upkeep
|
|t:|1757824590
|switch|p1a: Archaludon|Archaludon, L50, F|100/100
|switch|p2a: Weavile|Weavile, L50, F|100/100
|-ability|p2a: Weavile|Pressure
|turn|4
|
|t:|1757824606
|move|p2a: Weavile|Fake Out|p1a: Archaludon
|-resisted|p1a: Archaludon
|-damage|p1a: Archaludon|94/100
|-ability|p1a: Archaludon|Stamina|boost
|-boost|p1a: Archaludon|def|1
|move|p1b: Volbeat|Rain Dance|p1b: Volbeat
|-weather|RainDance
|cant|p1a: Archaludon|flinch
|move|p2b: Annihilape|Drain Punch|p1a: Archaludon
|-supereffective|p1a: Archaludon
|-damage|p1a: Archaludon|57/100
|-heal|p2b: Annihilape|28/100|[from] drain|[of] p1a: Archaludon
|-ability|p1a: Archaludon|Stamina|boost
|-boost|p1a: Archaludon|def|1
|
|-weather|RainDance|[upkeep]
|-heal|p2b: Annihilape|34/100|[from] item: Leftovers
|-sideend|p1: RYANTHERAPGOD|move: Tailwind
|upkeep
|turn|5
|
|t:|1757824627
|move|p2b: Annihilape|Protect|p2b: Annihilape
|-singleturn|p2b: Annihilape|Protect
|move|p1b: Volbeat|Tailwind|p1b: Volbeat
|-sidestart|p1: RYANTHERAPGOD|move: Tailwind
|move|p1a: Archaludon|Electro Shot||[still]
|-prepare|p1a: Archaludon|Electro Shot
|-boost|p1a: Archaludon|spa|1
|-anim|p1a: Archaludon|Electro Shot|p2b: Annihilape
|-activate|p2b: Annihilape|move: Protect
|move|p2a: Weavile|Triple Axel|p1b: Volbeat
|-damage|p1b: Volbeat|35/100
|-damage|p1b: Volbeat|11/100
|-damage|p1b: Volbeat|0 fnt
|faint|p1b: Volbeat
|-hitcount|p1: Volbeat|3
|
|-weather|RainDance|[upkeep]
|-heal|p2b: Annihilape|40/100|[from] item: Leftovers
|upkeep
|turn|6
|
|t:|1757824646
|switch|p2b: Maushold|Maushold, L50|100/100
|move|p1a: Archaludon|Electro Shot||[still]
|-prepare|p1a: Archaludon|Electro Shot
|-boost|p1a: Archaludon|spa|1
|-anim|p1a: Archaludon|Electro Shot|p2b: Maushold
|-damage|p2b: Maushold|0 fnt
|faint|p2b: Maushold
|move|p2a: Weavile|Triple Axel|p1a: Archaludon
|-damage|p1a: Archaludon|51/100
|-ability|p1a: Archaludon|Stamina|boost
|-boost|p1a: Archaludon|def|1
|-damage|p1a: Archaludon|44/100
|-ability|p1a: Archaludon|Stamina|boost
|-boost|p1a: Archaludon|def|1
|-damage|p1a: Archaludon|34/100
|-ability|p1a: Archaludon|Stamina|boost
|-boost|p1a: Archaludon|def|1
|-hitcount|p1a: Archaludon|3
|
|-weather|RainDance|[upkeep]
|upkeep
|
|t:|1757824656
|switch|p2b: Annihilape|Annihilape, L50, M, tera:Fire|40/100
|turn|7
|
|t:|1757824664
|move|p2b: Annihilape|Protect|p2b: Annihilape
|-singleturn|p2b: Annihilape|Protect
|move|p1a: Archaludon|Electro Shot||[still]
|-prepare|p1a: Archaludon|Electro Shot
|-boost|p1a: Archaludon|spa|1
|-anim|p1a: Archaludon|Electro Shot|p2a: Weavile
|-damage|p2a: Weavile|0 fnt
|faint|p2a: Weavile
|
|-weather|RainDance|[upkeep]
|-heal|p2b: Annihilape|45/100|[from] item: Leftovers
|upkeep
|turn|8
|
|t:|1757824672
|move|p2b: Annihilape|Protect|p2b: Annihilape
|-singleturn|p2b: Annihilape|Protect
|move|p1a: Archaludon|Dragon Pulse|p2b: Annihilape
|-activate|p2b: Annihilape|move: Protect
|
|-weather|none
|-heal|p2b: Annihilape|51/100|[from] item: Leftovers
|-sideend|p1: RYANTHERAPGOD|move: Tailwind
|upkeep
|turn|9
|
|t:|1757824680
|move|p1a: Archaludon|Dragon Pulse|p2b: Annihilape
|-damage|p2b: Annihilape|0 fnt
|faint|p2b: Annihilape
|
|win|RYANTHERAPGOD
||flannerystan is ready for game 2.
||RYANTHERAPGOD is ready for game 2.
|uhtml|next|Next: Game 2 of 3
|n| Karissel|ryantherapgod
|l|☆flannerystan
|player|p2|
|l| Karissel
