|j|☆STL Donductor
|j|☆TORVEX
|html|STL DonductorTORVEX    
|uhtml|bestof|Game 1 of a best-of-3
|t:|1757905374
|gametype|doubles
|player|p1|STL Donductor|hilbert|1285
|player|p2|TORVEX|acetrainer-gen4dp|1226
|gen|9
|tier|[Gen 9] VGC 2025 Reg H (Bo3)
|rated|
|rule|Species Clause: Limit one of each Pokémon
|rule|Item Clause: Limit 1 of each item
|clearpoke
|poke|p1|Slaking, L50, F|
|poke|p1|Weezing, L50, F|
|poke|p1|Sneasler, L50, F|
|poke|p1|Indeedee, L50, M|
|poke|p1|Dondozo, L50, M|
|poke|p1|Tatsugiri, L50, F|
|poke|p2|Volcarona, L50, F|
|poke|p2|Rillaboom, L50, F|
|poke|p2|Electabuzz, L50, F|
|poke|p2|Ninetales-Alola, L50, F|
|poke|p2|Garchomp, L50, F|
|poke|p2|Kingambit, L50, M|
|teampreview|4
|showteam|p1|Slaking||ChoiceBand|Truant|DoubleEdge,KnockOff,HighHorsepower,Earthquake|||F|||50|,,,,,Ghost]Weezing||CovertCloak|NeutralizingGas|SludgeBomb,PoisonGas,Taunt,Protect|||F|||50|,,,,,Flying]Sneasler||PsychicSeed|Unburden|DireClaw,CloseCombat,ThroatChop,Protect|||F|||50|,,,,,Dark]Indeedee||FocusSash|PsychicSurge|ExpandingForce,TeraBlast,HelpingHand,Protect|||M|||50|,,,,,Psychic]Dondozo||Leftovers|Unaware|WaveCrash,Earthquake,OrderUp,Protect|||M|||50|,,,,,Grass]Tatsugiri||SafetyGoggles|Commander|DracoMeteor,MuddyWater,HelpingHand,Protect|||F|||50|,,,,,Fairy
|showteam|p2|Volcarona||GrassySeed|FlameBody|Protect,QuiverDance,HeatWave,TeraBlast|||F|||50|,,,,,Fairy]Rillaboom||AssaultVest|GrassySurge|FakeOut,GrassyGlide,WoodHammer,Uturn|||F|||50|,,,,,Fire]Electabuzz||Eviolite|VitalSpirit|Protect,FollowMe,Electroweb,Thunderbolt|||F|||50|,,,,,Water]Ninetales-Alola||FocusSash|SnowWarning|AuroraVeil,Blizzard,IcyWind,Protect|||F|||50|,,,,,Steel]Garchomp||LifeOrb|RoughSkin|Protect,DragonClaw,StompingTantrum,RockSlide|||F|||50|,,,,,Steel]Kingambit||SafetyGoggles|Defiant|Protect,SwordsDance,KowtowCleave,SuckerPunch|||M|||50|,,,,,Fire
|inactive|Battle timer is ON: inactive players will automatically lose when time's up. (requested by TORVEX)
|inactive|STL Donductor also wants the timer to be on.
|inactive|STL Donductor has 60 seconds left.
|inactive|TORVEX has 60 seconds left.
|inactive|STL Donductor has 30 seconds left.
|inactive|STL Donductor has 20 seconds left.
|inactive|STL Donductor has 15 seconds left.
|inactive|STL Donductor has 10 seconds left.
|
|t:|1757905457
|teamsize|p1|4
|teamsize|p2|4
|start
|switch|p1a: Dondozo|Dondozo, L50, M, shiny|100/100
|switch|p1b: Sneasler|Sneasler, L50, F|100/100
|switch|p2a: Garchomp|Garchomp, L50, F|100/100
|switch|p2b: Electabuzz|Electabuzz, L50, F|100/100
|turn|1
|inactive|STL Donductor has 30 seconds left.
|inactive|TORVEX has 30 seconds left.
|
|t:|1757905488
|switch|p1b: Tatsugiri|Tatsugiri, L50, F, shiny|100/100
|-activate|p1b: Tatsugiri|ability: Commander|[of] p1a: Dondozo
|-boost|p1a: Dondozo|atk|2
|-boost|p1a: Dondozo|spa|2
|-boost|p1a: Dondozo|spe|2
|-boost|p1a: Dondozo|def|2
|-boost|p1a: Dondozo|spd|2
|move|p2a: Garchomp|Protect|p2a: Garchomp
|-singleturn|p2a: Garchomp|Protect
|move|p1a: Dondozo|Order Up|p2a: Garchomp
|-activate|p2a: Garchomp|move: Protect
|move|p2b: Electabuzz|Electroweb|p1a: Dondozo|[spread] p1a
|-miss|p2b: Electabuzz|p1b: Tatsugiri
|-supereffective|p1a: Dondozo
|-damage|p1a: Dondozo|84/100
|-unboost|p1a: Dondozo|spe|1
|
|-heal|p1a: Dondozo|90/100|[from] item: Leftovers
|upkeep
|turn|2
|inactive|STL Donductor has 30 seconds left.
|
|t:|1757905516
|-terastallize|p2a: Garchomp|Steel
|move|p2a: Garchomp|Dragon Claw|p1a: Dondozo
|-damage|p1a: Dondozo|72/100
|-damage|p2a: Garchomp|91/100|[from] item: Life Orb
|move|p1a: Dondozo|Earthquake|p2b: Electabuzz|[spread] p2a,p2b
|-miss|p1a: Dondozo|p1b: Tatsugiri
|-supereffective|p2a: Garchomp
|-supereffective|p2b: Electabuzz
|-damage|p2a: Garchomp|8/100
|-damage|p2b: Electabuzz|32/100
|move|p2b: Electabuzz|Thunderbolt|p1a: Dondozo
|-supereffective|p1a: Dondozo
|-damage|p1a: Dondozo|40/100
|
|-heal|p1a: Dondozo|47/100|[from] item: Leftovers
|upkeep
|turn|3
|
|t:|1757905536
|move|p2b: Electabuzz|Protect|p2b: Electabuzz
|-singleturn|p2b: Electabuzz|Protect
|move|p2a: Garchomp|Dragon Claw|p1a: Dondozo
|-damage|p1a: Dondozo|26/100
|-damage|p2a: Garchomp|0 fnt|[from] item: Life Orb
|faint|p2a: Garchomp
|move|p1a: Dondozo|Earthquake|p2b: Electabuzz|[spread] 
|-miss|p1a: Dondozo|p1b: Tatsugiri
|-activate|p2b: Electabuzz|move: Protect
|
|-heal|p1a: Dondozo|32/100|[from] item: Leftovers
|upkeep
|
|t:|1757905543
|switch|p2a: Rillaboom|Rillaboom, L50, F|100/100
|-fieldstart|move: Grassy Terrain|[from] ability: Grassy Surge|[of] p2a: Rillaboom
|turn|4
|
|t:|1757905553
|move|p1a: Dondozo|Protect|p1a: Dondozo
|-singleturn|p1a: Dondozo|Protect
|move|p2a: Rillaboom|Fake Out|p1a: Dondozo
|-activate|p1a: Dondozo|move: Protect
|move|p2b: Electabuzz|Electroweb|p1b: Tatsugiri|[spread] 
|-miss|p2b: Electabuzz|p1b: Tatsugiri
|-activate|p1a: Dondozo|move: Protect
|
|-heal|p1a: Dondozo|38/100|[from] Grassy Terrain
|-heal|p1a: Dondozo|44/100|[from] item: Leftovers
|-heal|p2b: Electabuzz|38/100|[from] Grassy Terrain
|upkeep
|turn|5
|
|t:|1757905566
|-terastallize|p1a: Dondozo|Grass
|move|p2b: Electabuzz|Protect|p2b: Electabuzz
|-singleturn|p2b: Electabuzz|Protect
|move|p1a: Dondozo|Order Up|p2b: Electabuzz
|-activate|p2b: Electabuzz|move: Protect
|move|p2a: Rillaboom|Wood Hammer|p1a: Dondozo
|-resisted|p1a: Dondozo
|-damage|p1a: Dondozo|30/100
|-damage|p2a: Rillaboom|95/100|[from] Recoil
|
|-heal|p1a: Dondozo|36/100|[from] Grassy Terrain
|-heal|p1a: Dondozo|42/100|[from] item: Leftovers
|-heal|p2b: Electabuzz|44/100|[from] Grassy Terrain
|-heal|p2a: Rillaboom|100/100|[from] Grassy Terrain
|upkeep
|turn|6
|
|t:|1757905591
|move|p1a: Dondozo|Wave Crash|p2b: Electabuzz
|-crit|p2b: Electabuzz
|-damage|p2b: Electabuzz|0 fnt
|faint|p2b: Electabuzz
|-damage|p1a: Dondozo|31/100|[from] Recoil
|move|p2a: Rillaboom|U-turn|p1a: Dondozo
|-supereffective|p1a: Dondozo
|-damage|p1a: Dondozo|14/100
|
|t:|1757905603
|switch|p2a: Volcarona|Volcarona, L50, F|100/100|[from] U-turn
|-enditem|p2a: Volcarona|Grassy Seed
|-boost|p2a: Volcarona|def|1|[from] item: Grassy Seed
|
|-heal|p1a: Dondozo|20/100|[from] Grassy Terrain
|-heal|p1a: Dondozo|26/100|[from] item: Leftovers
|upkeep
|
|t:|1757905604
|switch|p2b: Rillaboom|Rillaboom, L50, F|100/100
|turn|7
|
|t:|1757905612
|move|p1a: Dondozo|Protect|p1a: Dondozo
|-singleturn|p1a: Dondozo|Protect
|move|p2b: Rillaboom|Fake Out|p1a: Dondozo
|-activate|p1a: Dondozo|move: Protect
|move|p2a: Volcarona|Quiver Dance|p2a: Volcarona
|-boost|p2a: Volcarona|spa|1
|-boost|p2a: Volcarona|spd|1
|-boost|p2a: Volcarona|spe|1
|
|-heal|p1a: Dondozo|32/100|[from] Grassy Terrain
|-heal|p1a: Dondozo|39/100|[from] item: Leftovers
|upkeep
|turn|8
|inactive|STL Donductor has 30 seconds left.
|
|t:|1757905638
|move|p2b: Rillaboom|Grassy Glide|p1a: Dondozo
|-resisted|p1a: Dondozo
|-crit|p1a: Dondozo
|-damage|p1a: Dondozo|19/100
|move|p2a: Volcarona|Heat Wave|p1b: Tatsugiri|[spread] p1a
|-miss|p2a: Volcarona|p1b: Tatsugiri
|-supereffective|p1a: Dondozo
|-damage|p1a: Dondozo|0 fnt
|faint|p1a: Dondozo
|
|-fieldend|move: Grassy Terrain
|upkeep
|
|t:|1757905661
|switch|p1a: Indeedee|Indeedee, L50, M|100/100
|-fieldstart|move: Psychic Terrain|[from] ability: Psychic Surge|[of] p1a: Indeedee
|turn|9
|
|t:|1757905686
|move|p2a: Volcarona|Heat Wave|p1a: Indeedee|[spread] p1a,p1b
|-resisted|p1b: Tatsugiri
|-damage|p1a: Indeedee|16/100
|-damage|p1b: Tatsugiri|82/100
|move|p1a: Indeedee|Expanding Force|p2a: Volcarona|[spread] p2a,p2b
|-crit|p2a: Volcarona
|-damage|p2a: Volcarona|27/100
|-damage|p2b: Rillaboom|66/100
|move|p1b: Tatsugiri|Muddy Water|p2a: Volcarona|[spread] p2a,p2b
|-supereffective|p2a: Volcarona
|-resisted|p2b: Rillaboom
|-damage|p2a: Volcarona|0 fnt
|-damage|p2b: Rillaboom|54/100
|faint|p2a: Volcarona
|move|p2b: Rillaboom|Wood Hammer|p1b: Tatsugiri
|-crit|p1b: Tatsugiri
|-damage|p1b: Tatsugiri|0 fnt
|faint|p1b: Tatsugiri
|-damage|p2b: Rillaboom|36/100|[from] Recoil
|
|upkeep
|
|t:|1757905700
|switch|p1b: Sneasler|Sneasler, L50, F|100/100
|-enditem|p1b: Sneasler|Psychic Seed
|-boost|p1b: Sneasler|spd|1|[from] item: Psychic Seed
|turn|10
|
|t:|1757905706
|move|p1b: Sneasler|Dire Claw|p2b: Rillaboom
|-supereffective|p2b: Rillaboom
|-crit|p2b: Rillaboom
|-damage|p2b: Rillaboom|0 fnt
|faint|p2b: Rillaboom
|
|win|STL Donductor
|l|☆TORVEX
|player|p2|
||TORVEX is ready for game 2.
||STL Donductor is ready for game 2.
|uhtml|next|Next: Game 2 of 3
