|j|鈽哠tarukami
|j|鈽哠amuraiKima9
|html|StarukamiSamuraiKima9    
|uhtml|bestof|Game 1 of a best-of-3
|t:|1757801180
|gametype|doubles
|player|p1|Starukami|1|
|player|p2|SamuraiKima9|colress|
|gen|9
|tier|[Gen 9] VGC 2025 Reg H (Bo3)
|rule|Species Clause: Limit one of each Pok茅mon
|rule|Item Clause: Limit 1 of each item
|clearpoke
|poke|p1|Porygon2, L50|
|poke|p1|Gardevoir, L50, F|
|poke|p1|Ninetales-Alola, L50, F|
|poke|p1|Luxray, L50, M|
|poke|p1|Ceruledge, L50, M|
|poke|p1|Umbreon, L50, F|
|poke|p2|Skarmory, L50, M|
|poke|p2|Tyranitar, L50, M|
|poke|p2|Houndstone, L50, F|
|poke|p2|Bisharp, L50, F|
|poke|p2|Scizor, L50, F|
|poke|p2|Wugtrio, L50, F|
|teampreview|4
|showteam|p1|Porygon2||Eviolite|Download|IceBeam,TeraBlast,Recover,TrickRoom||||||50|,,,,,Normal]Gardevoir||BottleCap|Trace|Moonblast,Psychic,Trick,HealingWish|||F|||50|,,,,,Psychic]Ninetales-Alola||LightClay|SnowWarning|Blizzard,AuroraVeil,IcyWind,Encore|||F|||50|,,,,,Ice]Luxray||FlameOrb|Guts|Crunch,IceFang,Facade,ThunderFang|||M|||50|,,,,,Electric]Ceruledge||FocusSash|WeakArmor|SwordsDance,BitterBlade,ShadowSneak,Poltergeist|||M|||50|,,,,,Ghost]Umbreon||Leftovers|Synchronize|FoulPlay,Wish,Toxic,Protect|||F|||50|,,,,,Dark
|showteam|p2|Skarmory||CovertCloak|WeakArmor|SwordsDance,IronHead,BraveBird,DrillRun|||M|||50|,,,,,Dragon]Tyranitar||Leftovers|SandStream|Earthquake,StoneEdge,KnockOff,Protect|||M|||50|,,,,,Dragon]Houndstone||LifeOrb|SandRush|DestinyBond,LastRespects,Crunch,PlayRough|||F|||50|,,,,,Ghost]Bisharp||ChoiceScarf|InnerFocus|NightSlash,IronHead,StoneEdge,XScissor|||F|||50|,,,,,Dark]Scizor||FocusSash|Technician|BulletPunch,BugBite,Protect,Tailwind|||F|||50|,,,,,Steel]Wugtrio||BrightPowder|SandVeil|Liquidation,AquaJet,SuckerPunch,StompingTantrum|||F|||50|,,,,,Water
|c|鈽哠amuraiKima9|bet
|c|鈽哠amuraiKima9|we wuggin
|j| Ace Goldheart
|
|t:|1757801242
|teamsize|p1|4
|teamsize|p2|4
|start
|switch|p1a: Joule|Luxray, L50, M, shiny|100/100
|switch|p1b: omg she's blue!!!|Umbreon, L50, F, shiny|100/100
|switch|p2a: Tyranitar|Tyranitar, L50, M, shiny|100/100
|switch|p2b: Houndstone|Houndstone, L50, F|100/100
|-weather|Sandstorm|[from] ability: Sand Stream|[of] p2a: Tyranitar
|turn|1
|inactive|Battle timer is ON: inactive players will automatically lose when time's up. (requested by SamuraiKima9)
|inactive|Starukami has 60 seconds left.
|c|鈽哠amuraiKima9|select a move lol
|c| Ace Goldheart|Where u at star
|inactive|Starukami has 30 seconds left.
|c|鈽哠tarukami|ive picked moves already
|inactiveoff|Battle timer is now OFF.
|c| Ace Goldheart|Huh
|c|鈽哠amuraiKima9|we buggin now rip
|c|鈽哠tarukami|ong we buggin
|c| Ace Goldheart|:sob:
|c|鈽哠amuraiKima9|hitting cancel allows you to reselect moves
|
|t:|1757801471
|-terastallize|p1a: Joule|Electric
|move|p2b: Houndstone|Play Rough|p1b: omg she's blue!!!
|-supereffective|p1b: omg she's blue!!!
|-damage|p1b: omg she's blue!!!|44/100
|-damage|p2b: Houndstone|91/100|[from] item: Life Orb
|move|p1a: Joule|Thunder Fang|p2b: Houndstone
|-damage|p2b: Houndstone|28/100
|move|p1b: omg she's blue!!!|Toxic|p2a: Tyranitar
|-status|p2a: Tyranitar|tox
|move|p2a: Tyranitar|Knock Off|p1a: Joule
|-damage|p1a: Joule|28/100
|-enditem|p1a: Joule|Flame Orb|[from] move: Knock Off|[of] p2a: Tyranitar
|
|-weather|Sandstorm|[upkeep]
|-damage|p1a: Joule|22/100|[from] Sandstorm
|-damage|p1b: omg she's blue!!!|38/100|[from] Sandstorm
|-heal|p1b: omg she's blue!!!|44/100|[from] item: Leftovers
|-damage|p2a: Tyranitar|94/100 tox|[from] psn
|upkeep
|turn|2
|c|鈽哠amuraiKima9|tg===
|
|t:|1757801512
|switch|p2b: Scizor|Scizor, L50, F|100/100
|move|p1b: omg she's blue!!!|Protect|p1b: omg she's blue!!!
|-singleturn|p1b: omg she's blue!!!|Protect
|move|p1a: Joule|Facade|p2a: Tyranitar
|-resisted|p2a: Tyranitar
|-damage|p2a: Tyranitar|86/100 tox
|move|p2a: Tyranitar|Earthquake|p1a: Joule|[spread] p2b,p1a
|-activate|p1b: omg she's blue!!!|move: Protect
|-supereffective|p1a: Joule
|-damage|p2b: Scizor|74/100
|-damage|p1a: Joule|0 fnt
|faint|p1a: Joule
|
|-weather|Sandstorm|[upkeep]
|-damage|p1b: omg she's blue!!!|38/100|[from] Sandstorm
|-heal|p1b: omg she's blue!!!|44/100|[from] item: Leftovers
|-heal|p2a: Tyranitar|93/100 tox|[from] item: Leftovers
|-damage|p2a: Tyranitar|80/100 tox|[from] psn
|upkeep
|
|t:|1757801536
|switch|p1a: power fantasy|Ceruledge, L50, M|100/100
|turn|3
|
|t:|1757801563
|move|p2b: Scizor|Protect|p2b: Scizor
|-singleturn|p2b: Scizor|Protect
|move|p1a: power fantasy|Bitter Blade|p2b: Scizor
|-activate|p2b: Scizor|move: Protect
|move|p1b: omg she's blue!!!|Wish|p1b: omg she's blue!!!
|move|p2a: Tyranitar|Stone Edge|p1a: power fantasy|[miss]
|-miss|p2a: Tyranitar|p1a: power fantasy
|
|-weather|Sandstorm|[upkeep]
|-damage|p1a: power fantasy|94/100|[from] Sandstorm
|-damage|p1b: omg she's blue!!!|38/100|[from] Sandstorm
|-heal|p1b: omg she's blue!!!|44/100|[from] item: Leftovers
|-heal|p2a: Tyranitar|86/100 tox|[from] item: Leftovers
|-damage|p2a: Tyranitar|68/100 tox|[from] psn
|upkeep
|turn|4
|
|t:|1757801597
|move|p1a: power fantasy|Bitter Blade|p2b: Scizor
|-supereffective|p2b: Scizor
|-damage|p2b: Scizor|0 fnt
|-heal|p1a: power fantasy|100/100|[from] drain|[of] p2b: Scizor
|faint|p2b: Scizor
|move|p1b: omg she's blue!!!|Wish||[still]
|-fail|p1b: omg she's blue!!!
|move|p2a: Tyranitar|Stone Edge|p1a: power fantasy
|-supereffective|p1a: power fantasy
|-enditem|p1a: power fantasy|Focus Sash
|-damage|p1a: power fantasy|1/100
|-ability|p1a: power fantasy|Weak Armor|boost
|-unboost|p1a: power fantasy|def|1
|-boost|p1a: power fantasy|spe|2
|
|-weather|Sandstorm|[upkeep]
|-damage|p1a: power fantasy|0 fnt|[from] Sandstorm
|-damage|p1b: omg she's blue!!!|38/100|[from] Sandstorm
|faint|p1a: power fantasy
|-heal|p1b: omg she's blue!!!|88/100|[from] move: Wish|[wisher] omg she's blue!!!
|-heal|p1b: omg she's blue!!!|94/100|[from] item: Leftovers
|-heal|p2a: Tyranitar|74/100 tox|[from] item: Leftovers
|-damage|p2a: Tyranitar|49/100 tox|[from] psn
|upkeep
|
|t:|1757801630
|switch|p1a: foxy friend|Ninetales-Alola, L50, F|100/100
|switch|p2b: Skarmory|Skarmory, L50, M, shiny|100/100
|-weather|Snowscape|[from] ability: Snow Warning|[of] p1a: foxy friend
|turn|5
|
|t:|1757801670
|move|p1a: foxy friend|Aurora Veil|p1a: foxy friend
|-sidestart|p1: Starukami|move: Aurora Veil
|move|p2b: Skarmory|Iron Head|p1a: foxy friend
|-supereffective|p1a: foxy friend
|-damage|p1a: foxy friend|26/100
|move|p1b: omg she's blue!!!|Foul Play|p2a: Tyranitar
|-resisted|p2a: Tyranitar
|-damage|p2a: Tyranitar|30/100 tox
|move|p2a: Tyranitar|Stone Edge|p1a: foxy friend
|-supereffective|p1a: foxy friend
|-damage|p1a: foxy friend|0 fnt
|faint|p1a: foxy friend
|
|-weather|Snowscape|[upkeep]
|-heal|p1b: omg she's blue!!!|99/100|[from] item: Leftovers
|-heal|p2a: Tyranitar|36/100 tox|[from] item: Leftovers
|-damage|p2a: Tyranitar|5/100 tox|[from] psn
|upkeep
|turn|6
|
|t:|1757801698
|move|p2b: Skarmory|Swords Dance|p2b: Skarmory
|-boost|p2b: Skarmory|atk|2
|move|p1b: omg she's blue!!!|Foul Play|p2b: Skarmory
|-damage|p2b: Skarmory|31/100
|-ability|p2b: Skarmory|Weak Armor|boost
|-unboost|p2b: Skarmory|def|1
|-boost|p2b: Skarmory|spe|2
|move|p2a: Tyranitar|Knock Off|p1b: omg she's blue!!!
|-resisted|p1b: omg she's blue!!!
|-damage|p1b: omg she's blue!!!|86/100
|-enditem|p1b: omg she's blue!!!|Leftovers|[from] move: Knock Off|[of] p2a: Tyranitar
|
|-weather|Snowscape|[upkeep]
|-heal|p2a: Tyranitar|11/100 tox|[from] item: Leftovers
|-damage|p2a: Tyranitar|0 fnt|[from] psn
|faint|p2a: Tyranitar
|upkeep
|
|t:|1757801712
|switch|p2a: Houndstone|Houndstone, L50, F|28/100
|turn|7
|
|t:|1757801731
|move|p2b: Skarmory|Brave Bird|p1b: omg she's blue!!!
|-damage|p1b: omg she's blue!!!|41/100
|-damage|p2b: Skarmory|10/100|[from] Recoil
|move|p2a: Houndstone|Play Rough|p1b: omg she's blue!!!
|-supereffective|p1b: omg she's blue!!!
|-damage|p1b: omg she's blue!!!|1/100
|-damage|p2a: Houndstone|19/100|[from] item: Life Orb
|move|p1b: omg she's blue!!!|Foul Play|p2b: Skarmory
|-damage|p2b: Skarmory|0 fnt
|faint|p2b: Skarmory
|
|-weather|Snowscape|[upkeep]
|upkeep
|turn|8
|
|t:|1757801747
|move|p2a: Houndstone|Last Respects|p1b: omg she's blue!!!
|-resisted|p1b: omg she's blue!!!
|-damage|p1b: omg she's blue!!!|0 fnt
|faint|p1b: omg she's blue!!!
|-damage|p2a: Houndstone|9/100|[from] item: Life Orb
|
|win|SamuraiKima9
||SamuraiKima9 is ready for game 2.
