|j|☆Ninjacoox
|j|☆castoriceball
|html|Ninjacooxcastoriceball    
|uhtml|bestof|Game 3 of a best-of-3
|t:|1784085548
|gametype|doubles
|player|p1|Ninjacoox|170|
|player|p2|castoriceball|miku-flying|
|gen|9
|tier|[Gen 9 Champions] VGC 2026 Reg M-B (Bo3)
|rule|Species Clause: Limit one of each Pokémon
|rule|Item Clause: Limit 1 of each item
|clearpoke
|poke|p1|Floette-Eternal, L50, F|
|poke|p1|Charizard, L50, M|
|poke|p1|Whimsicott, L50, F|
|poke|p1|Garchomp, L50, F|
|poke|p1|Basculegion, L50, M|
|poke|p1|Kingambit, L50, M|
|poke|p2|Garchomp, L50, F|
|poke|p2|Floette-Eternal, L50, F|
|poke|p2|Talonflame, L50, M|
|poke|p2|Rotom-Wash, L50, shiny|
|poke|p2|Venusaur, L50, M|
|poke|p2|Kingambit, L50, M, shiny|
|teampreview|4
|showteam|p1|Floette-Eternal||Floettite|FlowerVeil|Moonblast,LightofRuin,DazzlingGleam,Protect|Modest||F|||50|]Charizard||CharizarditeY|Blaze|HeatWave,WeatherBall,SolarBeam,Protect|Timid||M|||50|]Whimsicott||FocusSash|Prankster|Tailwind,Moonblast,Encore,Protect|Timid||F|||50|]Garchomp||RoseliBerry|RoughSkin|DragonClaw,StompingTantrum,RockSlide,PoisonJab|Jolly||F|||50|]Basculegion||MysticWater|Adaptability|AquaJet,WaveCrash,LastRespects,Protect|Adamant||M|||50|]Kingambit||OccaBerry|Defiant|SuckerPunch,KowtowCleave,IronHead,Protect|Adamant||M|||50|
|showteam|p2|Garchomp||LifeOrb|RoughSkin|DragonClaw,Earthquake,RockSlide,Protect|Adamant||F|||50|]Floette-Eternal||Floettite|FlowerVeil|Moonblast,DazzlingGleam,LightofRuin,Protect|Modest||F|||50|]Talonflame||SharpBeak|GaleWings|Tailwind,DualWingbeat,FlareBlitz,Protect|Jolly||M|||50|]Rotom-Wash||Magnet|Levitate|Thunderbolt,HydroPump,Electroweb,Protect|Modest|||||50|]Venusaur||Venusaurite|Chlorophyll|GigaDrain,SludgeBomb,EarthPower,Protect|Modest||M|||50|]Kingambit||FocusSash|Defiant|KowtowCleave,SuckerPunch,IronHead,Protect|Adamant||M|||50|
|c|☆Ninjacoox|bro please
|c|☆Ninjacoox|spare me
|c|☆castoriceball|bro I'm using a shit team and ur losing or winning by hax
|c|☆castoriceball|like
|c|☆Ninjacoox|this isn't my team
|
|t:|1784085629
|teamsize|p1|4
|teamsize|p2|4
|start
|switch|p1a: Whimsicott|Whimsicott, L50, F|100/100
|switch|p1b: Garchomp|Garchomp, L50, F|100/100
|switch|p2a: BIRDD|Talonflame, L50, M|100/100
|switch|p2b: Laundry List|Rotom-Wash, L50, shiny|100/100
|turn|1
|
|t:|1784085639
|move|p2a: BIRDD|Protect|p2a: BIRDD
|-singleturn|p2a: BIRDD|Protect
|move|p1a: Whimsicott|Tailwind|p1a: Whimsicott
|-sidestart|p1: Ninjacoox|move: Tailwind
|move|p1b: Garchomp|Rock Slide|p2b: Laundry List|[spread] p2b
|-activate|p2a: BIRDD|move: Protect
|-damage|p2b: Laundry List|79/100
|move|p2b: Laundry List|Hydro Pump|p1b: Garchomp
|-damage|p1b: Garchomp|44/100
|
|upkeep
|turn|2
|c|☆castoriceball|ur insane
|c|☆castoriceball|fuck yourslef
|c|☆castoriceball|yourself*
|
|t:|1784085655
|switch|p2a: jarchomp|Garchomp, L50, F|100/100
|move|p1a: Whimsicott|Encore||[still]
|-fail|p1a: Whimsicott
|move|p1b: Garchomp|Rock Slide|p2b: Laundry List|[spread] p2b
|-miss|p1b: Garchomp|p2a: jarchomp
|-damage|p2b: Laundry List|58/100
|move|p2b: Laundry List|Hydro Pump|p1b: Garchomp
|-damage|p1b: Garchomp|0 fnt
|faint|p1b: Garchomp
|
|upkeep
|
|t:|1784085664
|switch|p1b: Floette|Floette-Eternal, L50, F|100/100
|turn|3
|
|t:|1784085683
|switch|p2a: Fwog|Venusaur, L50, M|100/100
|detailschange|p1b: Floette|Floette-Mega, L50, F
|-mega|p1b: Floette|Floette|Floettite
|-ability|p1b: Floette|Fairy Aura
|move|p1a: Whimsicott|Moonblast|p2b: Laundry List
|-damage|p2b: Laundry List|8/100
|move|p1b: Floette|Dazzling Gleam|p2b: Laundry List|[spread] p2a,p2b
|-resisted|p2a: Fwog|1
|-damage|p2a: Fwog|77/100
|-damage|p2b: Laundry List|0 fnt
|faint|p2b: Laundry List
|
|upkeep
|
|t:|1784085694
|switch|p2b: BIRDD|Talonflame, L50, M|100/100
|turn|4
|
|t:|1784085707
|detailschange|p2a: Fwog|Venusaur-Mega, L50, M
|-mega|p2a: Fwog|Venusaur|Venusaurite
|move|p2b: BIRDD|Dual Wingbeat|p1a: Whimsicott
|-supereffective|p1a: Whimsicott|1
|-damage|p1a: Whimsicott|41/100
|-supereffective|p1a: Whimsicott|1
|-damage|p1a: Whimsicott|0 fnt
|faint|p1a: Whimsicott
|-hitcount|p1: Whimsicott|2
|move|p1b: Floette|Light of Ruin|p2a: Fwog|[miss]
|-miss|p1b: Floette|p2a: Fwog
|move|p2a: Fwog|Giga Drain|p1b: Floette
|-damage|p1b: Floette|69/100
|-heal|p2a: Fwog|89/100|[from] drain|[of] p1b: Floette
|
|-sideend|p1: Ninjacoox|move: Tailwind
|upkeep
|
|t:|1784085720
|switch|p1a: Charizard|Charizard, L50, M|100/100
|turn|5
|
|t:|1784085730
|move|p2b: BIRDD|Tailwind|p2b: BIRDD
|-sidestart|p2: castoriceball|move: Tailwind
|move|p2a: Fwog|Sludge Bomb|p1b: Floette
|-supereffective|p1b: Floette|1
|-damage|p1b: Floette|0 fnt
|faint|p1b: Floette
|move|p1a: Charizard|Heat Wave|p2b: BIRDD|[spread] p2a,p2b
|-supereffective|p2a: Fwog|1
|-resisted|p2b: BIRDD|1
|-damage|p2a: Fwog|64/100
|-damage|p2b: BIRDD|80/100
|
|upkeep
|turn|6
|c|☆castoriceball|wow that was a bad bring
|
|t:|1784085750
|move|p2b: BIRDD|Flare Blitz|p2a: Fwog
|-supereffective|p2a: Fwog|1
|-damage|p2a: Fwog|31/100
|-status|p2a: Fwog|brn
|-damage|p2b: BIRDD|67/100|[from] Recoil
|move|p2a: Fwog|Sludge Bomb|p1a: Charizard
|-crit|p1a: Charizard
|-damage|p1a: Charizard|17/100
|move|p1a: Charizard|Heat Wave|p2a: Fwog|[spread] p2a,p2b
|-supereffective|p2a: Fwog|1
|-resisted|p2b: BIRDD|1
|-damage|p2a: Fwog|0 fnt
|-damage|p2b: BIRDD|36/100
|faint|p2a: Fwog
|
|upkeep
|
|t:|1784085760
|switch|p2a: jarchomp|Garchomp, L50, F|100/100
|turn|7
|
|t:|1784085784
|move|p2b: BIRDD|Flare Blitz|p2a: jarchomp
|-resisted|p2a: jarchomp|1
|-crit|p2a: jarchomp
|-damage|p2a: jarchomp|68/100
|-damage|p2b: BIRDD|24/100|[from] ability: Rough Skin|[of] p2a: jarchomp
|-damage|p2b: BIRDD|11/100|[from] Recoil
|move|p2a: jarchomp|Dragon Claw|p1a: Charizard
|-damage|p1a: Charizard|0 fnt
|faint|p1a: Charizard
|-damage|p2a: jarchomp|58/100|[from] item: Life Orb
|
|win|castoriceball
