|j|☆RCRover
|j|☆Arkter
|html|RCRoverArkter    
|uhtml|bestof|Game 1 of a best-of-3
|t:|1784210163
|gametype|doubles
|player|p1|RCRover|blue-gen2|
|player|p2|Arkter|pilot|
|gen|9
|tier|[Gen 9 Champions] VGC 2026 Reg M-B (Bo3)
|rule|Species Clause: Limit one of each Pokémon
|rule|Item Clause: Limit 1 of each item
|clearpoke
|poke|p1|Charizard, L50, M|
|poke|p1|Sylveon, L50, F|
|poke|p1|Farigiraf, L50, M|
|poke|p1|Kingambit, L50, F|
|poke|p1|Garchomp, L50, M|
|poke|p1|Aerodactyl, L50, F|
|poke|p2|Sneasler, L50, M|
|poke|p2|Quaquaval, L50, M|
|poke|p2|Kleavor, L50, M|
|poke|p2|Scizor, L50, M|
|poke|p2|Sableye, L50, F|
|poke|p2|Garchomp, L50, F|
|teampreview|4
|showteam|p1|Charizard||CharizarditeY|SolarPower|HeatWave,Protect,WeatherBall,SolarBeam|Modest||M|||50|]Sylveon||FairyFeather|Pixilate|HyperVoice,HyperBeam,Detect,QuickAttack|Modest||F|||50|]Farigiraf||SitrusBerry|ArmorTail|Psychic,TrickRoom,Thunderbolt,HelpingHand|Relaxed||M|||50|]Kingambit||OccaBerry|Defiant|KowtowCleave,SuckerPunch,Protect,IronHead|Adamant||F|||50|]Garchomp||LifeOrb|RoughSkin|Earthquake,RockSlide,DragonClaw,Protect|Adamant||M|||50|]Aerodactyl||Aerodactylite|Unnerve|RockSlide,DualWingbeat,IceFang,Tailwind|Jolly||F|||50|
|showteam|p2|Sneasler||FocusSash|Unburden|Coaching,CloseCombat,DireClaw,FakeOut|Adamant||M|||50|]Quaquaval||ExpertBelt|Moxie|AquaStep,Protect,BrickBreak,TripleAxel|Jolly||M|||50|]Kleavor||HardStone|Sharpness|StoneAxe,CloseCombat,XScissor,Uturn|Jolly||M|||50|]Scizor||Scizorite|Technician|SwordsDance,BulletPunch,CloseCombat,Trailblaze|Adamant||M|||50|]Sableye||RoseliBerry|Prankster|FakeOut,RainDance,Taunt,KnockOff|Jolly||F|||50|]Garchomp||ChoiceScarf|RoughSkin|BreakingSwipe,Earthquake,RockSlide,IronHead|Jolly||F|||50|
|
|t:|1784210191
|teamsize|p1|4
|teamsize|p2|4
|start
|switch|p1a: Aerodactyl|Aerodactyl, L50, F|100/100
|switch|p1b: Garchomp|Garchomp, L50, M|100/100
|switch|p2a: Kleavor|Kleavor, L50, M|100/100
|switch|p2b: Garchomp|Garchomp, L50, F|100/100
|-ability|p1a: Aerodactyl|Unnerve
|turn|1
|
|t:|1784210256
|detailschange|p1a: Aerodactyl|Aerodactyl-Mega, L50, F
|-mega|p1a: Aerodactyl|Aerodactyl|Aerodactylite
|move|p2b: Garchomp|Breaking Swipe|p1a: Aerodactyl|[spread] p1a,p1b
|-supereffective|p1b: Garchomp|1
|-damage|p1a: Aerodactyl|67/100
|-damage|p1b: Garchomp|56/100
|-unboost|p1a: Aerodactyl|atk|1
|-unboost|p1b: Garchomp|atk|1
|-damage|p2b: Garchomp|87/100|[from] ability: Rough Skin|[of] p1b: Garchomp
|move|p1a: Aerodactyl|Rock Slide|p2b: Garchomp|[spread] p2a,p2b
|-supereffective|p2a: Kleavor|1
|-resisted|p2b: Garchomp|1
|-damage|p2a: Kleavor|49/100
|-damage|p2b: Garchomp|77/100
|move|p1b: Garchomp|Dragon Claw|p2a: Kleavor
|-damage|p2a: Kleavor|0 fnt
|faint|p2a: Kleavor
|-damage|p1b: Garchomp|46/100|[from] item: Life Orb
|
|upkeep
|
|t:|1784210273
|switch|p2a: Sneasler|Sneasler, L50, M|100/100
|turn|2
|
|t:|1784210290
|switch|p1b: Farigiraf|Farigiraf, L50, M|100/100
|move|p2a: Sneasler|Fake Out||[still]
|cant|p1b: Farigiraf|ability: Armor Tail|Fake Out|[of] p2a: Sneasler
|move|p2b: Garchomp|Breaking Swipe|p1b: Farigiraf|[spread] p1a,p1b
|-damage|p1a: Aerodactyl|37/100
|-damage|p1b: Farigiraf|84/100
|-unboost|p1a: Aerodactyl|atk|1
|-unboost|p1b: Farigiraf|atk|1
|move|p1a: Aerodactyl|Ice Fang|p2b: Garchomp
|-supereffective|p2b: Garchomp|2
|-damage|p2b: Garchomp|19/100
|-damage|p1a: Aerodactyl|25/100|[from] ability: Rough Skin|[of] p2b: Garchomp
|
|upkeep
|turn|3
|
|t:|1784210318
|switch|p2b: Quaquaval|Quaquaval, L50, M|100/100
|switch|p1a: Sylveon|Sylveon, L50, F|100/100
|move|p2a: Sneasler|Coaching|p2b: Quaquaval
|-boost|p2b: Quaquaval|atk|1
|-boost|p2b: Quaquaval|def|1
|move|p1b: Farigiraf|Psychic|p2a: Sneasler
|-supereffective|p2a: Sneasler|2
|-enditem|p2a: Sneasler|Focus Sash
|-damage|p2a: Sneasler|1/100
|
|upkeep
|turn|4
|
|t:|1784210338
|move|p1a: Sylveon|Detect|p1a: Sylveon
|-singleturn|p1a: Sylveon|Protect
|move|p2a: Sneasler|Coaching|p2b: Quaquaval
|-boost|p2b: Quaquaval|atk|1
|-boost|p2b: Quaquaval|def|1
|move|p2b: Quaquaval|Aqua Step|p1b: Farigiraf
|-damage|p1b: Farigiraf|23/100
|-boost|p2b: Quaquaval|spe|1
|-enditem|p1b: Farigiraf|Sitrus Berry|[eat]
|-heal|p1b: Farigiraf|48/100|[from] item: Sitrus Berry
|move|p1b: Farigiraf|Trick Room|p1b: Farigiraf
|-fieldstart|move: Trick Room|[of] p1b: Farigiraf
|
|upkeep
|turn|5
|
|t:|1784210355
|move|p2b: Quaquaval|Protect|p2b: Quaquaval
|-singleturn|p2b: Quaquaval|Protect
|move|p1b: Farigiraf|Psychic|p2b: Quaquaval
|-activate|p2b: Quaquaval|move: Protect
|move|p1a: Sylveon|Hyper Voice|p2a: Sneasler|[spread] p2a
|-activate|p2b: Quaquaval|move: Protect
|-damage|p2a: Sneasler|0 fnt
|faint|p2a: Sneasler
|
|upkeep
|
|t:|1784210366
|switch|p2a: Garchomp|Garchomp, L50, F|19/100
|turn|6
|
|t:|1784210373
|move|p1b: Farigiraf|Psychic|p2b: Quaquaval
|-supereffective|p2b: Quaquaval|1
|-damage|p2b: Quaquaval|5/100
|-unboost|p2b: Quaquaval|spd|1
|move|p1a: Sylveon|Hyper Voice|p2a: Garchomp|[spread] p2a,p2b
|-supereffective|p2a: Garchomp|1
|-supereffective|p2b: Quaquaval|1
|-damage|p2a: Garchomp|0 fnt
|-damage|p2b: Quaquaval|0 fnt
|faint|p2a: Garchomp
|faint|p2b: Quaquaval
|
|win|RCRover
||Arkter is ready for game 2.
|inactive|RCRover has 30 seconds to confirm battle start!
