|j|☆GettingWickedBlow
|j|☆Goat Pincurchin
|html|GettingWickedBlowGoat Pincurchin    
|uhtml|bestof|Game 1 of a best-of-3
|t:|1784781505
|gametype|doubles
|player|p1|GettingWickedBlow|n|1126
|player|p2|Goat Pincurchin|fisherman-gen4|1208
|gen|9
|tier|[Gen 9 Champions] VGC 2026 Reg M-B (Bo3)
|rated|
|rule|Species Clause: Limit one of each Pokémon
|rule|Item Clause: Limit 1 of each item
|clearpoke
|poke|p1|Venusaur, L50, M|
|poke|p1|Charizard, L50, F, shiny|
|poke|p1|Garchomp, L50, M|
|poke|p1|Annihilape, L50, M, shiny|
|poke|p1|Incineroar, L50, M|
|poke|p1|Toxapex, L50, F, shiny|
|poke|p2|Hydreigon, L50, M|
|poke|p2|Sneasler, L50, F|
|poke|p2|Floette-Eternal, L50, F|
|poke|p2|Gholdengo, L50|
|poke|p2|Whimsicott, L50, F|
|poke|p2|Incineroar, L50, F|
|teampreview|4
|showteam|p1|Venusaur||LifeOrb|Chlorophyll|SolarBeam,SludgeBomb,EarthPower,Protect|Modest||M|||50|]Charizard||CharizarditeY|Blaze|HeatWave,WeatherBall,HelpingHand,Protect|Bold||F|||50|]Garchomp||ChoiceScarf|RoughSkin|RockSlide,DragonClaw,Earthquake,StompingTantrum|Adamant||M|||50|]Annihilape||FocusSash|Defiant|PhantomForce,CloseCombat,RockTomb,Protect|Jolly||M|||50|]Incineroar||SitrusBerry|Intimidate|FlareBlitz,ThroatChop,PartingShot,FakeOut|Impish||M|||50|]Toxapex||Leftovers|Regenerator|Infestation,Toxic,WideGuard,BanefulBunker|Impish||F|||50|
|showteam|p2|Hydreigon||ChoiceScarf|Levitate|DracoMeteor,DarkPulse,EarthPower,Snarl|Modest||M|||50|]Sneasler||LifeOrb|PoisonTouch|DireClaw,CloseCombat,Protect,FakeOut|Jolly||F|||50|]Floette-Eternal||Floettite|FlowerVeil|Moonblast,DazzlingGleam,Protect,CalmMind|Timid||F|||50|]Gholdengo||FocusSash|GoodasGold|MakeItRain,ShadowBall,Protect,PowerGem|Modest|||||50|]Whimsicott||FairyFeather|Prankster|Moonblast,Encore,Protect,Tailwind|Timid||F|||50|]Incineroar||SitrusBerry|Intimidate|FlareBlitz,ThroatChop,PartingShot,FakeOut|Careful||F|||50|
|inactive|Battle timer is ON: inactive players will automatically lose when time's up. (requested by GettingWickedBlow)
|inactive|GettingWickedBlow has 60 seconds left.
|inactive|Goat Pincurchin has 60 seconds left.
|inactive|GettingWickedBlow has 30 seconds left.
|inactive|Goat Pincurchin has 30 seconds left.
|
|t:|1784781582
|teamsize|p1|4
|teamsize|p2|4
|start
|switch|p1a: Garchomp|Garchomp, L50, M|100/100
|switch|p1b: Charizard|Charizard, L50, F, shiny|100/100
|switch|p2a: Hydreigon|Hydreigon, L50, M|100/100
|switch|p2b: Whimsicott|Whimsicott, L50, F|100/100
|turn|1
|inactive|GettingWickedBlow has 30 seconds left.
|inactive|Goat Pincurchin has 30 seconds left.
|inactive|GettingWickedBlow has 20 seconds left.
|inactive|GettingWickedBlow has 15 seconds left.
|
|t:|1784781626
|switch|p1a: Toxapex|Toxapex, L50, F, shiny|100/100
|detailschange|p1b: Charizard|Charizard-Mega-Y, L50, F, shiny
|-mega|p1b: Charizard|Charizard|Charizardite Y
|-weather|SunnyDay|[from] ability: Drought|[of] p1b: Charizard
|move|p2a: Hydreigon|Draco Meteor|p1b: Charizard
|-damage|p1b: Charizard|36/100
|-unboost|p2a: Hydreigon|spa|2
|move|p2b: Whimsicott|Moonblast|p1b: Charizard
|-resisted|p1b: Charizard|1
|-damage|p1b: Charizard|16/100
|move|p1b: Charizard|Weather Ball|p2a: Hydreigon
|-resisted|p2a: Hydreigon|1
|-damage|p2a: Hydreigon|52/100
|
|-weather|SunnyDay|[upkeep]
|upkeep
|turn|2
|
|t:|1784781647
|switch|p2a: Gholdengo|Gholdengo, L50|100/100
|move|p1b: Charizard|Protect|p1b: Charizard
|-singleturn|p1b: Charizard|Protect
|move|p2b: Whimsicott|Moonblast|p1b: Charizard
|-activate|p1b: Charizard|move: Protect
|move|p1a: Toxapex|Infestation|p2a: Gholdengo
|-resisted|p2a: Gholdengo|2
|-damage|p2a: Gholdengo|99/100
|-activate|p2a: Gholdengo|move: Infestation|[of] p1a: Toxapex
|
|-weather|SunnyDay|[upkeep]
|-damage|p2a: Gholdengo|87/100|[from] move: Infestation|[partiallytrapped]
|upkeep
|turn|3
|
|t:|1784781664
|switch|p1b: Incineroar|Incineroar, L50, M|100/100
|-ability|p1b: Incineroar|Intimidate|boost
|-unboost|p2a: Gholdengo|atk|1
|-unboost|p2b: Whimsicott|atk|1
|move|p2b: Whimsicott|Moonblast|p1b: Incineroar
|-damage|p1b: Incineroar|64/100
|move|p2a: Gholdengo|Shadow Ball|p1b: Incineroar
|-resisted|p1b: Incineroar|1
|-damage|p1b: Incineroar|44/100
|-enditem|p1b: Incineroar|Sitrus Berry|[eat]
|-heal|p1b: Incineroar|69/100|[from] item: Sitrus Berry
|move|p1a: Toxapex|Infestation|p2b: Whimsicott
|-damage|p2b: Whimsicott|95/100
|-activate|p2b: Whimsicott|move: Infestation|[of] p1a: Toxapex
|
|-weather|SunnyDay|[upkeep]
|-damage|p2b: Whimsicott|83/100|[from] move: Infestation|[partiallytrapped]
|-damage|p2a: Gholdengo|75/100|[from] move: Infestation|[partiallytrapped]
|upkeep
|turn|4
|inactive|GettingWickedBlow has 30 seconds left.
|
|t:|1784781691
|move|p2b: Whimsicott|Moonblast|p1b: Incineroar
|-damage|p1b: Incineroar|33/100
|-unboost|p1b: Incineroar|spa|1
|move|p2a: Gholdengo|Power Gem|p1b: Incineroar
|-supereffective|p1b: Incineroar|1
|-damage|p1b: Incineroar|0 fnt
|faint|p1b: Incineroar
|move|p1a: Toxapex|Toxic|p2a: Gholdengo
|-immune|p2a: Gholdengo|[from] ability: Good as Gold
|
|-weather|SunnyDay|[upkeep]
|-damage|p2b: Whimsicott|71/100|[from] move: Infestation|[partiallytrapped]
|-damage|p2a: Gholdengo|62/100|[from] move: Infestation|[partiallytrapped]
|upkeep
|
|t:|1784781704
|switch|p1b: Garchomp|Garchomp, L50, M|100/100
|turn|5
|
|t:|1784781721
|move|p2b: Whimsicott|Tailwind|p2b: Whimsicott
|-sidestart|p2: Goat Pincurchin|move: Tailwind
|move|p2a: Gholdengo|Make It Rain|p1b: Garchomp|[spread] p1a,p1b
|-resisted|p1a: Toxapex|1
|-damage|p1a: Toxapex|79/100
|-damage|p1b: Garchomp|49/100
|-unboost|p2a: Gholdengo|spa|2
|move|p1b: Garchomp|Stomping Tantrum|p2a: Gholdengo
|-supereffective|p2a: Gholdengo|1
|-damage|p2a: Gholdengo|0 fnt
|faint|p2a: Gholdengo
|move|p1a: Toxapex|Toxic|p2b: Whimsicott
|-status|p2b: Whimsicott|tox
|
|-weather|none
|-heal|p1a: Toxapex|85/100|[from] item: Leftovers
|-damage|p2b: Whimsicott|65/100 tox|[from] psn
|-damage|p2b: Whimsicott|54/100 tox|[from] move: Infestation|[partiallytrapped]
|upkeep
|
|t:|1784781737
|switch|p2a: Hydreigon|Hydreigon, L50, M|52/100
|turn|6
|
|t:|1784781750
|move|p2a: Hydreigon|Dark Pulse|p1a: Toxapex
|-damage|p1a: Toxapex|54/100
|move|p2b: Whimsicott|Moonblast|p1b: Garchomp
|-supereffective|p1b: Garchomp|1
|-crit|p1b: Garchomp
|-damage|p1b: Garchomp|0 fnt
|faint|p1b: Garchomp
|cant|p1a: Toxapex|flinch
|
|-heal|p1a: Toxapex|59/100|[from] item: Leftovers
|-damage|p2b: Whimsicott|42/100 tox|[from] psn
|-damage|p2b: Whimsicott|30/100 tox|[from] move: Infestation|[partiallytrapped]
|upkeep
|
|t:|1784781759
|switch|p1b: Charizard|Charizard-Mega-Y, L50, F, shiny|16/100
|-weather|SunnyDay|[from] ability: Drought|[of] p1b: Charizard
|turn|7
|
|t:|1784781766
|move|p1b: Charizard|Protect|p1b: Charizard
|-singleturn|p1b: Charizard|Protect
|move|p2a: Hydreigon|Dark Pulse|p1a: Toxapex
|-damage|p1a: Toxapex|23/100
|move|p2b: Whimsicott|Moonblast|p1b: Charizard
|-activate|p1b: Charizard|move: Protect
|move|p1a: Toxapex|Toxic|p2a: Hydreigon
|-status|p2a: Hydreigon|tox
|
|-weather|SunnyDay|[upkeep]
|-heal|p1a: Toxapex|29/100|[from] item: Leftovers
|-damage|p2a: Hydreigon|46/100 tox|[from] psn
|-damage|p2b: Whimsicott|12/100 tox|[from] psn
|-damage|p2b: Whimsicott|1/100 tox|[from] move: Infestation|[partiallytrapped]
|upkeep
|turn|8
|
|t:|1784781783
|move|p1a: Toxapex|Baneful Bunker|p1a: Toxapex
|-singleturn|p1a: Toxapex|move: Protect
|move|p2a: Hydreigon|Dark Pulse|p1a: Toxapex
|-activate|p1a: Toxapex|move: Protect
|move|p2b: Whimsicott|Moonblast|p1b: Charizard
|-resisted|p1b: Charizard|1
|-damage|p1b: Charizard|0 fnt
|faint|p1b: Charizard
|
|-weather|SunnyDay|[upkeep]
|-heal|p1a: Toxapex|35/100|[from] item: Leftovers
|-damage|p2a: Hydreigon|34/100 tox|[from] psn
|-damage|p2b: Whimsicott|0 fnt|[from] psn
|faint|p2b: Whimsicott
|-sideend|p2: Goat Pincurchin|move: Tailwind
|upkeep
|
|t:|1784781787
|switch|p2b: Sneasler|Sneasler, L50, F|100/100
|turn|9
|
|t:|1784781800
|move|p1a: Toxapex|Baneful Bunker|p1a: Toxapex
|-singleturn|p1a: Toxapex|move: Protect
|move|p2a: Hydreigon|Dark Pulse|p1a: Toxapex
|-activate|p1a: Toxapex|move: Protect
|move|p2b: Sneasler|Close Combat|p1a: Toxapex
|-activate|p1a: Toxapex|move: Protect
|
|-weather|SunnyDay|[upkeep]
|-heal|p1a: Toxapex|40/100|[from] item: Leftovers
|-damage|p2a: Hydreigon|16/100 tox|[from] psn
|upkeep
|turn|10
|
|t:|1784781811
|move|p2a: Hydreigon|Dark Pulse|p1a: Toxapex
|-damage|p1a: Toxapex|4/100
|move|p2b: Sneasler|Close Combat|p1a: Toxapex
|-resisted|p1a: Toxapex|1
|-damage|p1a: Toxapex|0 fnt
|-unboost|p2b: Sneasler|def|1
|-unboost|p2b: Sneasler|spd|1
|faint|p1a: Toxapex
|-damage|p2b: Sneasler|90/100|[from] item: Life Orb
|
|win|Goat Pincurchin
||Goat Pincurchin is ready for game 2.
