|j|☆speedracer1
|j|☆strikermohamud
|html|speedracer1strikermohamud    
|uhtml|bestof|Game 1 of a best-of-3
|t:|1756858493
|gametype|doubles
|player|p1|speedracer1|169|1102
|player|p2|strikermohamud|unknown|1091
|gen|9
|tier|[Gen 9] VGC 2025 Reg H (Bo3)
|rated|
|rule|Species Clause: Limit one of each Pokémon
|rule|Item Clause: Limit 1 of each item
|clearpoke
|poke|p1|Charizard, L50, F|
|poke|p1|Torkoal, L50, F|
|poke|p1|Porygon2, L50|
|poke|p1|Incineroar, L50, F|
|poke|p1|Jumpluff, L50, F|
|poke|p1|Ursaluna, L50, F|
|poke|p2|Metagross, L50|
|poke|p2|Sneasler, L50, M|
|poke|p2|Rillaboom, L50, F|
|poke|p2|Dragonite, L50, M|
|poke|p2|Ursaluna-Bloodmoon, L50, M|
|poke|p2|Primarina, L50, F|
|teampreview|4
|showteam|p1|Charizard||ChoiceSpecs|SolarPower|HeatWave,Overheat,WeatherBall,AirSlash|||F|||50|,,,,,Ghost]Torkoal||EjectPack|Drought|Eruption,Overheat,HelpingHand,Protect|||F|||50|,,,,,Fire]Porygon2||Eviolite|Download|TeraBlast,IceBeam,Recover,TrickRoom||||||50|,,,,,Fighting]Incineroar||SitrusBerry|Intimidate|FlareBlitz,KnockOff,FakeOut,PartingShot|||F|||50|,,,,,Ghost]Jumpluff||CovertCloak|Chlorophyll|SleepPowder,SunnyDay,RagePowder,Tailwind|||F|||50|,,,,,Water]Ursaluna||FlameOrb|Guts|HeadlongRush,Facade,Earthquake,Protect|||F|||50|,,,,,Ghost
|showteam|p2|Metagross||AssaultVest|ClearBody|PsychicFangs,BulletPunch,HeavySlam,StompingTantrum||||||50|,,,,,Water]Sneasler||GrassySeed|Unburden|FakeOut,DireClaw,CloseCombat,Coaching|||M|||50|,,,,,Ghost]Rillaboom||MiracleSeed|GrassySurge|FakeOut,GrassyGlide,DrumBeating,Uturn|||F|||50|,,,,,Fire]Dragonite||LoadedDice|InnerFocus|ScaleShot,ExtremeSpeed,Tailwind,Protect|||M|||50|,,,,,Fairy]Ursaluna-Bloodmoon||LifeOrb|MindsEye|HyperVoice,BloodMoon,EarthPower,Protect|||M|||50|,,,,,Normal]Primarina||ThroatSpray|LiquidVoice|Moonblast,HyperVoice,Haze,Protect|||F|||50|,,,,,Poison
|l|☆speedracer1
|player|p1|
|j|☆speedracer1
|player|p1|speedracer1|169|
|
|t:|1756858597
|teamsize|p1|4
|teamsize|p2|4
|start
|switch|p1a: Porygon2|Porygon2, L50|100/100
|switch|p1b: Incineroar|Incineroar, L50, F|100/100
|switch|p2a: Rillaboom|Rillaboom, L50, F|100/100
|switch|p2b: Ursaluna|Ursaluna-Bloodmoon, L50, M|100/100
|-fieldstart|move: Grassy Terrain|[from] ability: Grassy Surge|[of] p2a: Rillaboom
|-ability|p1b: Incineroar|Intimidate|boost
|-unboost|p2a: Rillaboom|atk|1
|-unboost|p2b: Ursaluna|atk|1
|-ability|p1a: Porygon2|Download|boost
|-boost|p1a: Porygon2|spa|1
|turn|1
|
|t:|1756858627
|move|p2a: Rillaboom|Fake Out|p1a: Porygon2
|-damage|p1a: Porygon2|94/100
|move|p1b: Incineroar|Parting Shot|p2b: Ursaluna
|-unboost|p2b: Ursaluna|atk|1
|-unboost|p2b: Ursaluna|spa|1
|
|t:|1756858633
|switch|p1b: Ursaluna|Ursaluna, L50, F|100/100|[from] Parting Shot
|move|p2b: Ursaluna|Hyper Voice|p1b: Ursaluna|[spread] p1a,p1b
|-damage|p1a: Porygon2|74/100
|-damage|p1b: Ursaluna|67/100
|-damage|p2b: Ursaluna|90/100|[from] item: Life Orb
|cant|p1a: Porygon2|flinch
|
|-heal|p2b: Ursaluna|96/100|[from] Grassy Terrain
|-heal|p1b: Ursaluna|73/100|[from] Grassy Terrain
|-heal|p1a: Porygon2|80/100|[from] Grassy Terrain
|-status|p1b: Ursaluna|brn|[from] item: Flame Orb
|upkeep
|turn|2
|
|t:|1756858657
|-terastallize|p2b: Ursaluna|Normal
|-terastallize|p1b: Ursaluna|Ghost
|move|p2a: Rillaboom|Drum Beating|p1a: Porygon2
|-damage|p1a: Porygon2|54/100
|-unboost|p1a: Porygon2|spe|1
|move|p2b: Ursaluna|Hyper Voice|p1a: Porygon2|[spread] p1a,p1b
|-damage|p1a: Porygon2|24/100
|-damage|p1b: Ursaluna|26/100 brn
|-damage|p2b: Ursaluna|86/100|[from] item: Life Orb
|move|p1b: Ursaluna|Headlong Rush|p2b: Ursaluna
|-damage|p2b: Ursaluna|4/100
|-unboost|p1b: Ursaluna|def|1
|-unboost|p1b: Ursaluna|spd|1
|move|p1a: Porygon2|Ice Beam|p2a: Rillaboom
|-supereffective|p2a: Rillaboom
|-damage|p2a: Rillaboom|0 fnt
|faint|p2a: Rillaboom
|
|-heal|p2b: Ursaluna|9/100|[from] Grassy Terrain
|-heal|p1b: Ursaluna|32/100 brn|[from] Grassy Terrain
|-heal|p1a: Porygon2|30/100|[from] Grassy Terrain
|-damage|p1b: Ursaluna|26/100 brn|[from] brn
|upkeep
|
|t:|1756858670
|switch|p2a: Primarina|Primarina, L50, F|100/100
|turn|3
|
|t:|1756858688
|move|p1b: Ursaluna|Protect|p1b: Ursaluna
|-singleturn|p1b: Ursaluna|Protect
|move|p2b: Ursaluna|Hyper Voice|p1b: Ursaluna|[spread] p1a
|-activate|p1b: Ursaluna|move: Protect
|-damage|p1a: Porygon2|0 fnt
|faint|p1a: Porygon2
|-damage|p2b: Ursaluna|0 fnt|[from] item: Life Orb
|faint|p2b: Ursaluna
|move|p2a: Primarina|Hyper Voice|p1b: Ursaluna
|-activate|p1b: Ursaluna|move: Protect
|
|-heal|p1b: Ursaluna|32/100 brn|[from] Grassy Terrain
|-damage|p1b: Ursaluna|26/100 brn|[from] brn
|upkeep
|
|t:|1756858708
|switch|p2b: Dragonite|Dragonite, L50, M|100/100
|switch|p1a: Incineroar|Incineroar, L50, F|100/100
|-ability|p1a: Incineroar|Intimidate|boost
|-unboost|p2a: Primarina|atk|1
|-fail|p2b: Dragonite|unboost|Attack|[from] ability: Inner Focus|[of] p2b: Dragonite
|turn|4
|
|t:|1756858737
|switch|p1b: Torkoal|Torkoal, L50, F|100/100
|-weather|SunnyDay|[from] ability: Drought|[of] p1b: Torkoal
|move|p2a: Primarina|Protect|p2a: Primarina
|-singleturn|p2a: Primarina|Protect
|move|p1a: Incineroar|Parting Shot|p2b: Dragonite
|-unboost|p2b: Dragonite|atk|1
|-unboost|p2b: Dragonite|spa|1
|
|t:|1756858752
|switch|p1a: Ursaluna|Ursaluna, L50, F, tera:Ghost|26/100 brn|[from] Parting Shot
|move|p2b: Dragonite|Scale Shot|p1b: Torkoal
|-damage|p1b: Torkoal|93/100
|-damage|p1b: Torkoal|85/100
|-damage|p1b: Torkoal|76/100
|-damage|p1b: Torkoal|68/100
|-damage|p1b: Torkoal|60/100
|-hitcount|p1b: Torkoal|5
|-unboost|p2b: Dragonite|def|1
|-boost|p2b: Dragonite|spe|1
|
|-weather|SunnyDay|[upkeep]
|-heal|p1a: Ursaluna|32/100 brn|[from] Grassy Terrain
|-heal|p1b: Torkoal|67/100|[from] Grassy Terrain
|-damage|p1a: Ursaluna|26/100 brn|[from] brn
|upkeep
|turn|5
|
|t:|1756858785
|move|p2b: Dragonite|Scale Shot|p1a: Ursaluna
|-damage|p1a: Ursaluna|18/100 brn
|-damage|p1a: Ursaluna|10/100 brn
|-damage|p1a: Ursaluna|3/100 brn
|-damage|p1a: Ursaluna|0 fnt
|faint|p1a: Ursaluna
|-hitcount|p1: Ursaluna|4
|-unboost|p2b: Dragonite|def|1
|-boost|p2b: Dragonite|spe|1
|move|p2a: Primarina|Hyper Voice|p1b: Torkoal
|-supereffective|p1b: Torkoal
|-damage|p1b: Torkoal|8/100
|-enditem|p2a: Primarina|Throat Spray
|-boost|p2a: Primarina|spa|1|[from] item: Throat Spray
|move|p1b: Torkoal|Overheat|p2a: Primarina
|-resisted|p2a: Primarina
|-damage|p2a: Primarina|66/100
|-unboost|p1b: Torkoal|spa|2
|-enditem|p1b: Torkoal|Eject Pack
|
|t:|1756858791
|switch|p1b: Incineroar|Incineroar, L50, F|100/100
|-ability|p1b: Incineroar|Intimidate|boost
|-unboost|p2a: Primarina|atk|1
|-fail|p2b: Dragonite|unboost|Attack|[from] ability: Inner Focus|[of] p2b: Dragonite
|
|-weather|SunnyDay|[upkeep]
|-heal|p2a: Primarina|72/100|[from] Grassy Terrain
|-fieldend|move: Grassy Terrain
|upkeep
|
|t:|1756858793
|switch|p1a: Torkoal|Torkoal, L50, F|8/100
|turn|6
|
|t:|1756858808
|move|p1a: Torkoal|Helping Hand|p1b: Incineroar
|-singleturn|p1b: Incineroar|Helping Hand|[of] p1a: Torkoal
|move|p2b: Dragonite|Extreme Speed|p1a: Torkoal
|-damage|p1a: Torkoal|0 fnt
|faint|p1a: Torkoal
|move|p1b: Incineroar|Knock Off|p2b: Dragonite
|-damage|p2b: Dragonite|0 fnt
|-enditem|p2b: Dragonite|Loaded Dice|[from] move: Knock Off|[of] p1b: Incineroar
|faint|p2b: Dragonite
|move|p2a: Primarina|Hyper Voice|p1b: Incineroar
|-supereffective|p1b: Incineroar
|-damage|p1b: Incineroar|37/100
|-enditem|p1b: Incineroar|Sitrus Berry|[eat]
|-heal|p1b: Incineroar|62/100|[from] item: Sitrus Berry
|
|-weather|SunnyDay|[upkeep]
|upkeep
|turn|7
|
|t:|1756858823
|move|p2a: Primarina|Protect|p2a: Primarina
|-singleturn|p2a: Primarina|Protect
|move|p1b: Incineroar|Flare Blitz|p2a: Primarina
|-activate|p2a: Primarina|move: Protect
|
|-weather|SunnyDay|[upkeep]
|upkeep
|turn|8
|
|t:|1756858842
|move|p1b: Incineroar|Flare Blitz|p2a: Primarina
|-resisted|p2a: Primarina
|-damage|p2a: Primarina|20/100
|-damage|p1b: Incineroar|47/100|[from] Recoil
|move|p2a: Primarina|Hyper Voice|p1b: Incineroar
|-supereffective|p1b: Incineroar
|-damage|p1b: Incineroar|0 fnt
|faint|p1b: Incineroar
|
|win|strikermohamud
||speedracer1 is ready for game 2.
