|j|☆PizzaSanwitch
|j|☆iLouca
|html|PizzaSanwitchiLouca    
|uhtml|bestof|Game 1 of a best-of-3
|t:|1757706708
|gametype|doubles
|player|p1|PizzaSanwitch|1|1080
|player|p2|iLouca|acetrainer|1203
|gen|9
|tier|[Gen 9] VGC 2025 Reg H (Bo3)
|rated|
|rule|Species Clause: Limit one of each Pokémon
|rule|Item Clause: Limit 1 of each item
|clearpoke
|poke|p1|Pelipper, L50, F|
|poke|p1|Ursaluna, L50, F|
|poke|p1|Archaludon, L50, M|
|poke|p1|Dragonite, L50, M|
|poke|p1|Gholdengo, L50|
|poke|p1|Sinistcha, L50|
|poke|p2|Charizard, L50, M|
|poke|p2|Dragapult, L50, M|
|poke|p2|Ursaluna, L50, M|
|poke|p2|Kingambit, L50, M|
|poke|p2|Whimsicott, L50, F|
|poke|p2|Tyranitar, L50, M|
|teampreview|4
|showteam|p1|Pelipper||FocusSash|Drizzle|Protect,Hurricane,WeatherBall,WideGuard|||F|||50|,,,,,Ground]Ursaluna||FlameOrb|Guts|Facade,HeadlongRush,Earthquake,Protect|||F|||50|,,,,,Ghost]Archaludon||AssaultVest|Stamina|BodyPress,Snarl,ElectroShot,DragonPulse|||M|||50|,,,,,Bug]Dragonite||LoadedDice|Multiscale|ScaleShot,Haze,Tailwind,Protect|||M|||50|,,,,,Fairy]Gholdengo||ChoiceSpecs|GoodasGold|MakeItRain,ShadowBall,PowerGem,Trick||||||50|,,,,,Flying]Sinistcha||SitrusBerry|Hospitality|MatchaGotcha,RagePowder,TrickRoom,LifeDew||||||50|,,,,,Dark
|showteam|p2|Charizard||LifeOrb|SolarPower|HeatWave,AirSlash,SolarBeam,Protect|||M|||50|,,,,,Fire]Dragapult||ChoiceBand|ClearBody|DragonDarts,PhantomForce,TeraBlast,Uturn|||M|||50|,,,,,Ghost]Ursaluna||FlameOrb|Guts|Facade,HeadlongRush,Earthquake,Protect|||M|||50|,,,,,Ghost]Kingambit||BlackGlasses|Defiant|KowtowCleave,SuckerPunch,SwordsDance,Protect|||M|||50|,,,,,Flying]Whimsicott||CovertCloak|Prankster|Moonblast,Encore,SunnyDay,Tailwind|||F|||50|,,,,,Dark]Tyranitar||AssaultVest|SandStream|RockSlide,KnockOff,TeraBlast,BrickBreak|||M|||50|,,,,,Flying
|inactive|Battle timer is ON: inactive players will automatically lose when time's up. (requested by iLouca)
|
|t:|1757706805
|teamsize|p1|4
|teamsize|p2|4
|start
|switch|p1a: Dragonite|Dragonite, L50, M|100/100
|switch|p1b: Ursaluna|Ursaluna, L50, F|100/100
|switch|p2a: Whimsicott|Whimsicott, L50, F|100/100
|switch|p2b: Tyranitar|Tyranitar, L50, M|100/100
|-weather|Sandstorm|[from] ability: Sand Stream|[of] p2b: Tyranitar
|turn|1
|
|t:|1757706827
|move|p1b: Ursaluna|Protect|p1b: Ursaluna
|-singleturn|p1b: Ursaluna|Protect
|move|p2a: Whimsicott|Tailwind|p2a: Whimsicott
|-sidestart|p2: iLouca|move: Tailwind
|move|p2b: Tyranitar|Knock Off|p1a: Dragonite
|-damage|p1a: Dragonite|69/100
|-enditem|p1a: Dragonite|Loaded Dice|[from] move: Knock Off|[of] p2b: Tyranitar
|move|p1a: Dragonite|Tailwind|p1a: Dragonite
|-sidestart|p1: PizzaSanwitch|move: Tailwind
|
|-weather|Sandstorm|[upkeep]
|-damage|p2a: Whimsicott|95/100|[from] Sandstorm
|-damage|p1a: Dragonite|63/100|[from] Sandstorm
|-status|p1b: Ursaluna|brn|[from] item: Flame Orb
|upkeep
|turn|2
|inactive|PizzaSanwitch has 30 seconds left.
|inactive|iLouca has 30 seconds left.
|
|t:|1757706860
|move|p1a: Dragonite|Protect|p1a: Dragonite
|-singleturn|p1a: Dragonite|Protect
|move|p2a: Whimsicott|Encore|p1b: Ursaluna
|-start|p1b: Ursaluna|Encore
|move|p2b: Tyranitar|Rock Slide|p1b: Ursaluna|[spread] p1b
|-activate|p1a: Dragonite|move: Protect
|-resisted|p1b: Ursaluna
|-damage|p1b: Ursaluna|89/100 brn
|move|p1b: Ursaluna|Protect||[still]
|-fail|p1b: Ursaluna
|
|-weather|Sandstorm|[upkeep]
|-damage|p2a: Whimsicott|89/100|[from] Sandstorm
|-damage|p1a: Dragonite|57/100|[from] Sandstorm
|-damage|p1b: Ursaluna|83/100 brn|[from] brn
|upkeep
|turn|3
|
|t:|1757706880
|switch|p1a: Archaludon|Archaludon, L50, M|100/100
|move|p1b: Ursaluna|Protect|p1b: Ursaluna
|-singleturn|p1b: Ursaluna|Protect
|move|p2a: Whimsicott|Encore||[still]
|-fail|p2a: Whimsicott
|move|p2b: Tyranitar|Rock Slide|p1b: Ursaluna|[spread] p1a
|-activate|p1b: Ursaluna|move: Protect
|-resisted|p1a: Archaludon
|-damage|p1a: Archaludon|90/100
|-ability|p1a: Archaludon|Stamina|boost
|-boost|p1a: Archaludon|def|1
|
|-weather|Sandstorm|[upkeep]
|-damage|p2a: Whimsicott|83/100|[from] Sandstorm
|-damage|p1b: Ursaluna|77/100 brn|[from] brn
|upkeep
|turn|4
|inactive|PizzaSanwitch has 30 seconds left.
|
|t:|1757706910
|switch|p1b: Pelipper|Pelipper, L50, F|100/100
|-weather|RainDance|[from] ability: Drizzle|[of] p1b: Pelipper
|move|p2a: Whimsicott|Moonblast|p1a: Archaludon
|-damage|p1a: Archaludon|65/100
|-ability|p1a: Archaludon|Stamina|boost
|-boost|p1a: Archaludon|def|1
|move|p2b: Tyranitar|Knock Off|p1a: Archaludon
|-damage|p1a: Archaludon|44/100
|-ability|p1a: Archaludon|Stamina|boost
|-boost|p1a: Archaludon|def|1
|-enditem|p1a: Archaludon|Assault Vest|[from] move: Knock Off|[of] p2b: Tyranitar
|move|p1a: Archaludon|Electro Shot||[still]
|-prepare|p1a: Archaludon|Electro Shot
|-boost|p1a: Archaludon|spa|1
|-anim|p1a: Archaludon|Electro Shot|p2b: Tyranitar
|-damage|p2b: Tyranitar|55/100
|
|-weather|RainDance|[upkeep]
|-sideend|p2: iLouca|move: Tailwind
|-sideend|p1: PizzaSanwitch|move: Tailwind
|upkeep
|turn|5
|inactive|PizzaSanwitch has 30 seconds left.
|inactive|iLouca has 30 seconds left.
|inactive|iLouca has 20 seconds left.
|
|t:|1757706948
|switch|p2b: Ursaluna|Ursaluna, L50, M|100/100
|move|p2a: Whimsicott|Encore|p1a: Archaludon
|-start|p1a: Archaludon|Encore
|move|p1b: Pelipper|Hurricane|p2a: Whimsicott
|-supereffective|p2a: Whimsicott
|-damage|p2a: Whimsicott|0 fnt
|faint|p2a: Whimsicott
|move|p1a: Archaludon|Electro Shot||[still]
|-prepare|p1a: Archaludon|Electro Shot
|-boost|p1a: Archaludon|spa|1
|-anim|p1a: Archaludon|Electro Shot|p2b: Ursaluna
|-immune|p2b: Ursaluna
|
|-weather|RainDance|[upkeep]
|-status|p2b: Ursaluna|brn|[from] item: Flame Orb
|upkeep
|
|t:|1757706966
|switch|p2a: Tyranitar|Tyranitar, L50, M|55/100
|-weather|Sandstorm|[from] ability: Sand Stream|[of] p2a: Tyranitar
|turn|6
|inactive|PizzaSanwitch has 30 seconds left.
|
|t:|1757706993
|switch|p1b: Dragonite|Dragonite, L50, M|57/100
|move|p2a: Tyranitar|Rock Slide|p1b: Dragonite|[spread] p1a,p1b
|-resisted|p1a: Archaludon
|-supereffective|p1b: Dragonite
|-damage|p1a: Archaludon|39/100
|-damage|p1b: Dragonite|0 fnt
|-ability|p1a: Archaludon|Stamina|boost
|-boost|p1a: Archaludon|def|1
|faint|p1b: Dragonite
|move|p1a: Archaludon|Electro Shot||[still]
|-prepare|p1a: Archaludon|Electro Shot
|-boost|p1a: Archaludon|spa|1
|move|p2b: Ursaluna|Facade|p1a: Archaludon
|-resisted|p1a: Archaludon
|-damage|p1a: Archaludon|24/100
|-ability|p1a: Archaludon|Stamina|boost
|-boost|p1a: Archaludon|def|1
|
|-weather|Sandstorm|[upkeep]
|-damage|p2b: Ursaluna|95/100 brn|[from] brn
|upkeep
|
|t:|1757707016
|switch|p1b: Ursaluna|Ursaluna, L50, F|77/100 brn
|turn|7
|
|t:|1757707037
|-terastallize|p2a: Tyranitar|Flying
|-terastallize|p1b: Ursaluna|Ghost
|move|p2a: Tyranitar|Knock Off|p1b: Ursaluna
|-supereffective|p1b: Ursaluna
|-damage|p1b: Ursaluna|0 fnt
|-enditem|p1b: Ursaluna|Flame Orb|[from] move: Knock Off|[of] p2a: Tyranitar
|faint|p1b: Ursaluna
|move|p1a: Archaludon|Electro Shot|p2a: Tyranitar|[from] lockedmove
|-supereffective|p2a: Tyranitar
|-damage|p2a: Tyranitar|0 fnt
|faint|p2a: Tyranitar
|move|p2b: Ursaluna|Earthquake|p1a: Archaludon
|-supereffective|p1a: Archaludon
|-damage|p1a: Archaludon|0 fnt
|faint|p1a: Archaludon
|
|-weather|Sandstorm|[upkeep]
|-damage|p2b: Ursaluna|89/100 brn|[from] brn
|upkeep
|
|t:|1757707057
|switch|p2a: Charizard|Charizard, L50, M|100/100
|switch|p1a: Pelipper|Pelipper, L50, F|100/100
|-weather|RainDance|[from] ability: Drizzle|[of] p1a: Pelipper
|turn|8
|
|t:|1757707073
|move|p1a: Pelipper|Protect|p1a: Pelipper
|-singleturn|p1a: Pelipper|Protect
|move|p2a: Charizard|Air Slash|p1a: Pelipper
|-activate|p1a: Pelipper|move: Protect
|move|p2b: Ursaluna|Facade|p1a: Pelipper
|-activate|p1a: Pelipper|move: Protect
|
|-weather|RainDance|[upkeep]
|-damage|p2b: Ursaluna|83/100 brn|[from] brn
|upkeep
|turn|9
|
|t:|1757707088
|move|p2a: Charizard|Air Slash|p1a: Pelipper
|-damage|p1a: Pelipper|23/100
|-damage|p2a: Charizard|91/100|[from] item: Life Orb
|move|p1a: Pelipper|Weather Ball|p2b: Ursaluna
|-supereffective|p2b: Ursaluna
|-damage|p2b: Ursaluna|0 fnt
|faint|p2b: Ursaluna
|
|-weather|RainDance|[upkeep]
|upkeep
|turn|10
|
|t:|1757707099
|move|p2a: Charizard|Air Slash|p1a: Pelipper
|-damage|p1a: Pelipper|0 fnt
|faint|p1a: Pelipper
|-damage|p2a: Charizard|81/100|[from] item: Life Orb
|
|win|iLouca
||PizzaSanwitch is ready for game 2.
|inactive|iLouca has 30 seconds to confirm battle start!
||iLouca is ready for game 2.
|uhtml|next|Next: Game 2 of 3
|l|☆iLouca
|player|p2|
