|j|☆tacoman007
|j|☆genist
|html|tacoman007genist    
|uhtml|bestof|Game 2 of a best-of-3
|t:|1784542483
|gametype|doubles
|player|p1|tacoman007|170|1103
|player|p2|genist|psychic|1110
|gen|9
|tier|[Gen 9 Champions] VGC 2026 Reg M-B (Bo3)
|rated|
|rule|Species Clause: Limit one of each Pokémon
|rule|Item Clause: Limit 1 of each item
|clearpoke
|poke|p1|Lopunny, L50, F|
|poke|p1|Gholdengo, L50|
|poke|p1|Talonflame, L50, M|
|poke|p1|Farigiraf, L50, F|
|poke|p1|Araquanid, L50, M|
|poke|p1|Ampharos, L50, F|
|poke|p2|Reuniclus, L50, F|
|poke|p2|Malamar, L50, F|
|poke|p2|Eelektross, L50, F|
|poke|p2|Whimsicott, L50, F|
|poke|p2|Kangaskhan, L50, F|
|poke|p2|Skarmory, L50, M|
|teampreview|4
|showteam|p1|Lopunny||Lopunnite|CuteCharm|FakeOut,CloseCombat,SwordsDance,Protect|Jolly||F|||50|]Gholdengo||ChoiceScarf|GoodasGold|FlashCannon,ShadowBall,PowerGem,Psychic|Modest|||||50|]Talonflame||FocusSash|GaleWings|BraveBird,Tailwind,Taunt,Protect|Jolly||M|||50|]Farigiraf||SitrusBerry|ArmorTail|HyperVoice,TrickRoom,Imprison,Protect|Quiet||F|||50|]Araquanid||LifeOrb|WaterBubble|Liquidation,LeechLife,WideGuard,Protect|Brave||M|||50|]Ampharos||Ampharosite|Static|VoltSwitch,Thunderbolt,DragonPulse,DazzlingGleam|Quiet||F|||50|
|showteam|p2|Reuniclus||LifeOrb|MagicGuard|Psychic,TrickRoom,Recover,LightScreen|Modest||F|||50|]Malamar||SitrusBerry|Contrary|Superpower,BatonPass,KnockOff,PsychoCut|Impish||F|||50|]Eelektross||Eelektrossite|Levitate|DrainPunch,RockSlide,SupercellSlam,PsychicFangs|Adamant||F|||50|]Whimsicott||FocusSash|Prankster|DazzlingGleam,Encore,Tailwind,Tickle|Bold||F|||50|]Kangaskhan||SilkScarf|Scrappy|DoubleEdge,FakeOut,Protect,RockSlide|Adamant||F|||50|]Skarmory||Skarmorite|Sturdy|BraveBird,Roost,Feint,BodyPress|Adamant||M|||50|
|
|t:|1784542503
|teamsize|p1|4
|teamsize|p2|4
|start
|switch|p1a: Gholdengo|Gholdengo, L50|100/100
|switch|p1b: Lopunny|Lopunny, L50, F|100/100
|switch|p2a: Reuniclus|Reuniclus, L50, F|100/100
|switch|p2b: Malamar|Malamar, L50, F|100/100
|turn|1
|
|t:|1784542525
|detailschange|p1b: Lopunny|Lopunny-Mega, L50, F
|-mega|p1b: Lopunny|Lopunny|Lopunnite
|move|p1a: Gholdengo|Shadow Ball|p2a: Reuniclus
|-supereffective|p2a: Reuniclus|1
|-damage|p2a: Reuniclus|13/100
|move|p1b: Lopunny|Close Combat|p2a: Reuniclus
|-resisted|p2a: Reuniclus|1
|-damage|p2a: Reuniclus|0 fnt
|-unboost|p1b: Lopunny|def|1
|-unboost|p1b: Lopunny|spd|1
|faint|p2a: Reuniclus
|move|p2b: Malamar|Superpower|p1b: Lopunny
|-supereffective|p1b: Lopunny|1
|-damage|p1b: Lopunny|8/100
|-boost|p2b: Malamar|atk|1
|-boost|p2b: Malamar|def|1
|
|upkeep
|
|t:|1784542539
|switch|p2a: Kangaskhan|Kangaskhan, L50, F|100/100
|turn|2
|
|t:|1784542554
|move|p1b: Lopunny|Protect|p1b: Lopunny
|-singleturn|p1b: Lopunny|Protect
|move|p2a: Kangaskhan|Fake Out|p1a: Gholdengo
|-resisted|p1a: Gholdengo|1
|-damage|p1a: Gholdengo|88/100
|cant|p1a: Gholdengo|flinch
|move|p2b: Malamar|Superpower|p1b: Lopunny
|-activate|p1b: Lopunny|move: Protect
|
|upkeep
|turn|3
|
|t:|1784542573
|move|p2a: Kangaskhan|Protect|p2a: Kangaskhan
|-singleturn|p2a: Kangaskhan|Protect
|move|p1a: Gholdengo|Shadow Ball|p2b: Malamar
|-damage|p2b: Malamar|60/100
|move|p1b: Lopunny|Close Combat|p2b: Malamar
|-damage|p2b: Malamar|17/100
|-unboost|p1b: Lopunny|def|1
|-unboost|p1b: Lopunny|spd|1
|-enditem|p2b: Malamar|Sitrus Berry|[eat]
|-heal|p2b: Malamar|41/100|[from] item: Sitrus Berry
|move|p2b: Malamar|Superpower|p1b: Lopunny
|-supereffective|p1b: Lopunny|1
|-damage|p1b: Lopunny|0 fnt
|-boost|p2b: Malamar|atk|1
|-boost|p2b: Malamar|def|1
|faint|p1b: Lopunny
|
|upkeep
|
|t:|1784542603
|switch|p1b: Araquanid|Araquanid, L50, M|100/100
|turn|4
|
|t:|1784542620
|move|p1a: Gholdengo|Shadow Ball|p2b: Malamar
|-damage|p2b: Malamar|0 fnt
|faint|p2b: Malamar
|move|p2a: Kangaskhan|Double-Edge|p1b: Araquanid
|-damage|p1b: Araquanid|26/100
|-damage|p2a: Kangaskhan|77/100|[from] Recoil
|move|p1b: Araquanid|Liquidation|p2a: Kangaskhan
|-damage|p2a: Kangaskhan|0 fnt
|faint|p2a: Kangaskhan
|-damage|p1b: Araquanid|17/100|[from] item: Life Orb
|
|upkeep
|
|t:|1784542653
|switch|p2b: Eelektross|Eelektross, L50, F|100/100
|turn|5
|
|t:|1784542675
|detailschange|p2b: Eelektross|Eelektross-Mega, L50, F
|-mega|p2b: Eelektross|Eelektross|Eelektrossite
|move|p1a: Gholdengo|Shadow Ball|p2b: Eelektross
|-damage|p2b: Eelektross|60/100
|move|p2b: Eelektross|Supercell Slam|p1a: Gholdengo
|-damage|p1a: Gholdengo|31/100
|move|p1b: Araquanid|Liquidation|p2b: Eelektross
|-damage|p2b: Eelektross|0 fnt
|faint|p2b: Eelektross
|-damage|p1b: Araquanid|7/100|[from] item: Life Orb
|
|win|tacoman007
||genist is ready for game 3.
|inactive|tacoman007 has 30 seconds to confirm battle start!
||tacoman007 is ready for game 3.
|uhtml|next|Next: Game 3 of 3
|l|☆tacoman007
|player|p1|
