|j|☆Dungx showdown
|j|☆lucky777n
|html|Dungx showdownlucky777n    
|uhtml|bestof|Game 2 of a best-of-3
|t:|1784216707
|gametype|doubles
|player|p1|Dungx showdown|miku-ghost|
|player|p2|lucky777n|boarder|
|gen|9
|tier|[Gen 9 Champions] VGC 2026 Reg M-B (Bo3)
|rule|Species Clause: Limit one of each Pokémon
|rule|Item Clause: Limit 1 of each item
|clearpoke
|poke|p1|Venusaur, L50, F|
|poke|p1|Pelipper, L50, F|
|poke|p1|Grimmsnarl, L50, M|
|poke|p1|Archaludon, L50, F|
|poke|p1|Charizard, L50, M|
|poke|p1|Basculegion, L50, M|
|poke|p2|Gengar, L50, F|
|poke|p2|Incineroar, L50, F|
|poke|p2|Snorlax, L50, F|
|poke|p2|Ninetales-Alola, L50, M|
|poke|p2|Kingambit, L50, M|
|poke|p2|Sneasler, L50, F|
|teampreview|4
|showteam|p1|Venusaur||FocusSash|Chlorophyll|Protect,SleepPowder,LeafStorm,SludgeBomb|Modest||F|||50|]Pelipper||SitrusBerry|Drizzle|WideGuard,Tailwind,WeatherBall,Hurricane|Modest||F|||50|]Grimmsnarl||LightClay|Prankster|SpiritBreak,PartingShot,Reflect,LightScreen|Impish||M|||50|]Archaludon||Leftovers|Stamina|Protect,ElectroShot,DragonPulse,FlashCannon|Modest||F|||50|]Charizard||CharizarditeY|Blaze|HeatWave,SolarBeam,WeatherBall,Protect|Modest||M|||50|]Basculegion||LifeOrb|SwiftSwim|AquaJet,LastRespects,Protect,WaveCrash|Adamant||M|||50|
|showteam|p2|Gengar||Gengarite|CursedBody|ShadowBall,Disable,PerishSong,Protect|Timid||F|||50|]Incineroar||SitrusBerry|Intimidate|FakeOut,FlareBlitz,PartingShot,Protect|Relaxed||F|||50|]Snorlax||Leftovers|ThickFat|Fissure,Encore,Yawn,Protect|Relaxed||F|||50|]Ninetales-Alola||NeverMeltIce|SnowWarning|Blizzard,FreezeDry,Encore,Protect|Timid||M|||50|]Kingambit||BlackGlasses|Defiant|SuckerPunch,KowtowCleave,SwordsDance,Protect|Adamant||M|||50|]Sneasler||WhiteHerb|Unburden|FakeOut,CloseCombat,GunkShot,Protect|Jolly||F|||50|
|inactive|Battle timer is ON: inactive players will automatically lose when time's up. (requested by Dungx showdown)
|j| jakkudiamond
|inactive|Dungx showdown has 60 seconds left.
|
|t:|1784216738
|teamsize|p1|4
|teamsize|p2|4
|start
|switch|p1a: Grimmsnarl|Grimmsnarl, L50, M|100/100
|switch|p1b: Venusaur|Venusaur, L50, F|100/100
|switch|p2a: Gengar|Gengar, L50, F|100/100
|switch|p2b: Kingambit|Kingambit, L50, M|100/100
|turn|1
|
|t:|1784216754
|detailschange|p2a: Gengar|Gengar-Mega, L50, F
|-mega|p2a: Gengar|Gengar|Gengarite
|move|p1a: Grimmsnarl|Reflect|p1a: Grimmsnarl
|-sidestart|p1: Dungx showdown|Reflect
|move|p2b: Kingambit|Sucker Punch||[still]
|-fail|p2b: Kingambit
|move|p2a: Gengar|Shadow Ball|p1b: Venusaur
|-damage|p1b: Venusaur|49/100
|move|p1b: Venusaur|Sleep Powder|p2a: Gengar
|-status|p2a: Gengar|slp|[from] move: Sleep Powder
|
|upkeep
|turn|2
|inactive|lucky777n has 30 seconds left.
|
|t:|1784216781
|move|p1a: Grimmsnarl|Parting Shot|p2a: Gengar
|-unboost|p2a: Gengar|atk|1
|-unboost|p2a: Gengar|spa|1
|
|t:|1784216790
|switch|p1a: Charizard|Charizard, L50, M|100/100|[from] Parting Shot
|cant|p2a: Gengar|slp
|move|p1b: Venusaur|Sleep Powder|p2b: Kingambit
|-status|p2b: Kingambit|slp|[from] move: Sleep Powder
|cant|p2b: Kingambit|slp
|
|upkeep
|turn|3
|
|t:|1784216810
|switch|p2b: Incineroar|Incineroar, L50, F|100/100
|-ability|p2b: Incineroar|Intimidate|boost
|-unboost|p1a: Charizard|atk|1
|-unboost|p1b: Venusaur|atk|1
|detailschange|p1a: Charizard|Charizard-Mega-Y, L50, M
|-mega|p1a: Charizard|Charizard|Charizardite Y
|-weather|SunnyDay|[from] ability: Drought|[of] p1a: Charizard
|move|p1b: Venusaur|Sludge Bomb|p2a: Gengar
|-resisted|p2a: Gengar|2
|-damage|p2a: Gengar|89/100 slp
|cant|p2a: Gengar|slp
|move|p1a: Charizard|Heat Wave|p2a: Gengar|[spread] p2a,p2b
|-resisted|p2b: Incineroar|1
|-damage|p2a: Gengar|14/100 slp
|-damage|p2b: Incineroar|70/100
|
|-weather|SunnyDay|[upkeep]
|upkeep
|turn|4
|inactive|Dungx showdown has 30 seconds left.
|
|t:|1784216844
|move|p1b: Venusaur|Leaf Storm|p2a: Gengar
|-resisted|p2a: Gengar|1
|-damage|p2a: Gengar|0 fnt
|-unboost|p1b: Venusaur|spa|2
|faint|p2a: Gengar
|move|p1a: Charizard|Heat Wave|p2b: Incineroar
|-resisted|p2b: Incineroar|1
|-damage|p2b: Incineroar|28/100
|-enditem|p2b: Incineroar|Sitrus Berry|[eat]
|-heal|p2b: Incineroar|53/100|[from] item: Sitrus Berry
|move|p2b: Incineroar|Flare Blitz|p1b: Venusaur
|-supereffective|p1b: Venusaur|1
|-damage|p1b: Venusaur|0 fnt
|faint|p1b: Venusaur
|-damage|p2b: Incineroar|40/100|[from] Recoil
|
|-weather|SunnyDay|[upkeep]
|upkeep
|
|t:|1784216857
|switch|p2a: Ninetales|Ninetales-Alola, L50, M|100/100
|switch|p1b: Grimmsnarl|Grimmsnarl, L50, M|100/100
|-weather|Snowscape|[from] ability: Snow Warning|[of] p2a: Ninetales
|turn|5
|inactive|Dungx showdown has 30 seconds left.
|
|t:|1784216885
|switch|p2b: Kingambit|Kingambit, L50, M|100/100 slp
|move|p1b: Grimmsnarl|Light Screen|p1b: Grimmsnarl
|-sidestart|p1: Dungx showdown|move: Light Screen
|move|p2a: Ninetales|Blizzard|p1a: Charizard|[spread] p1a,p1b
|-damage|p1a: Charizard|79/100
|-damage|p1b: Grimmsnarl|77/100
|-status|p1a: Charizard|frz
|cant|p1a: Charizard|frz
|
|-weather|Snowscape|[upkeep]
|upkeep
|turn|6
|
|t:|1784216908
|switch|p1a: Basculegion|Basculegion, L50, M|100/100
|move|p1b: Grimmsnarl|Parting Shot|p2a: Ninetales
|-unboost|p2a: Ninetales|atk|1
|-unboost|p2a: Ninetales|spa|1
|
|t:|1784216913
|switch|p1b: Charizard|Charizard-Mega-Y, L50, M|79/100 frz|[from] Parting Shot
|-weather|SunnyDay|[from] ability: Drought|[of] p1b: Charizard
|move|p2a: Ninetales|Encore||[still]
|-fail|p2a: Ninetales
|cant|p2b: Kingambit|slp
|
|-weather|SunnyDay|[upkeep]
|upkeep
|turn|7
|
|t:|1784216931
|switch|p2a: Incineroar|Incineroar, L50, F|40/100
|-ability|p2a: Incineroar|Intimidate|boost
|-unboost|p1a: Basculegion|atk|1
|-unboost|p1b: Charizard|atk|1
|-curestatus|p2b: Kingambit|slp|[msg]
|move|p2b: Kingambit|Protect|p2b: Kingambit
|-singleturn|p2b: Kingambit|Protect
|cant|p1b: Charizard|frz
|move|p1a: Basculegion|Wave Crash|p2a: Incineroar
|-supereffective|p2a: Incineroar|1
|-damage|p2a: Incineroar|1/100
|-damage|p1a: Basculegion|86/100|[from] Recoil
|-damage|p1a: Basculegion|76/100|[from] item: Life Orb
|
|-weather|SunnyDay|[upkeep]
|upkeep
|turn|8
|inactive|lucky777n has 30 seconds left.
|
|t:|1784216957
|move|p1a: Basculegion|Aqua Jet|p2a: Incineroar
|-supereffective|p2a: Incineroar|1
|-damage|p2a: Incineroar|0 fnt
|faint|p2a: Incineroar
|-damage|p1a: Basculegion|67/100|[from] item: Life Orb
|-curestatus|p1b: Charizard|frz|[msg]
|move|p1b: Charizard|Heat Wave|p2b: Kingambit
|-supereffective|p2b: Kingambit|1
|-damage|p2b: Kingambit|0 fnt
|faint|p2b: Kingambit
|
|-weather|SunnyDay|[upkeep]
|-sideend|p1: Dungx showdown|Reflect
|upkeep
|
|t:|1784216962
|switch|p2b: Ninetales|Ninetales-Alola, L50, M|100/100
|-weather|Snowscape|[from] ability: Snow Warning|[of] p2b: Ninetales
|turn|9
|
|t:|1784216973
|switch|p1b: Grimmsnarl|Grimmsnarl, L50, M|77/100
|move|p2b: Ninetales|Blizzard|p1a: Basculegion|[spread] p1a,p1b
|-resisted|p1a: Basculegion|1
|-damage|p1a: Basculegion|53/100
|-damage|p1b: Grimmsnarl|52/100
|move|p1a: Basculegion|Wave Crash|p2b: Ninetales
|-damage|p2b: Ninetales|52/100
|-damage|p1a: Basculegion|40/100|[from] Recoil
|-damage|p1a: Basculegion|30/100|[from] item: Life Orb
|
|-weather|Snowscape|[upkeep]
|upkeep
|turn|10
|
|t:|1784216983
|move|p1b: Grimmsnarl|Parting Shot|p2b: Ninetales
|-unboost|p2b: Ninetales|atk|1
|-unboost|p2b: Ninetales|spa|1
|
|t:|1784216984
|switch|p1b: Charizard|Charizard-Mega-Y, L50, M|79/100|[from] Parting Shot
|-weather|SunnyDay|[from] ability: Drought|[of] p1b: Charizard
|move|p2b: Ninetales|Blizzard|p1b: Charizard|[spread] p1a,p1b
|-resisted|p1a: Basculegion|1
|-damage|p1a: Basculegion|21/100
|-damage|p1b: Charizard|63/100
|move|p1a: Basculegion|Wave Crash|p2b: Ninetales
|-damage|p2b: Ninetales|17/100
|-damage|p1a: Basculegion|11/100|[from] Recoil
|-damage|p1a: Basculegion|2/100|[from] item: Life Orb
|
|-weather|SunnyDay|[upkeep]
|upkeep
|turn|11
|
|t:|1784216992
|switch|p1a: Grimmsnarl|Grimmsnarl, L50, M|52/100
|move|p2b: Ninetales|Blizzard|p1a: Grimmsnarl|[spread] p1a,p1b
|-damage|p1a: Grimmsnarl|39/100
|-damage|p1b: Charizard|49/100
|move|p1b: Charizard|Weather Ball|p2b: Ninetales
|-supereffective|p2b: Ninetales|1
|-damage|p2b: Ninetales|0 fnt
|faint|p2b: Ninetales
|
|win|Dungx showdown
|l|☆Dungx showdown
|player|p1|
