|j|☆Joseph Terastalin
|j|☆Zizoukennn
|html|Joseph TerastalinZizoukennn    
|uhtml|bestof|Game 1 of a best-of-3
|t:|1757005732
|gametype|doubles
|player|p1|Joseph Terastalin|blaine|1000
|player|p2|Zizoukennn|102|1000
|gen|9
|tier|[Gen 9] VGC 2025 Reg H (Bo3)
|rated|
|rule|Species Clause: Limit one of each Pokémon
|rule|Item Clause: Limit 1 of each item
|clearpoke
|poke|p1|Venusaur, L50, F|
|poke|p1|Torkoal, L50, M|
|poke|p1|Tyranitar, L50, M|
|poke|p1|Farigiraf, L50, M|
|poke|p1|Electabuzz, L50, M|
|poke|p1|Hydreigon, L50, M|
|poke|p2|Maushold, L50|
|poke|p2|Annihilape, L50, F|
|poke|p2|Incineroar, L50, M|
|poke|p2|Rillaboom, L50, F|
|poke|p2|Dragonite, L50, F|
|poke|p2|Gholdengo, L50|
|teampreview|4
|showteam|p1|Venusaur||LifeOrb|Chlorophyll|Protect,SludgeBomb,GigaDrain,WeatherBall|||F|||50|,,,,,Rock]Torkoal||EjectPack|Drought|Overheat,BodyPress,HelpingHand,Yawn|||M|||50|,,,,,Grass]Tyranitar||ChoiceBand|SandStream|RockSlide,KnockOff,TeraBlast,HeavySlam|||M|||50|,,,,,Flying]Farigiraf||ThroatSpray|ArmorTail|Protect,HyperVoice,Psychic,TrickRoom|||M|||50|,,,,,Fairy]Electabuzz||Eviolite|VitalSpirit|Electroweb,Taunt,FollowMe,VoltSwitch|||M|||50|,,,,,Fairy]Hydreigon||ChoiceScarf|Levitate|DracoMeteor,DarkPulse,HeatWave,FlashCannon|||M|||50|,,,,,Fire
|showteam|p2|Maushold||WideLens|Technician|PopulationBomb,BeatUp,Protect,FollowMe||||||50|,,,,,Ghost]Annihilape||Leftovers|Defiant|RageFist,DrainPunch,Protect,BulkUp|||F|||50|,,,,,Fire]Incineroar||SitrusBerry|Intimidate|FakeOut,KnockOff,PartingShot,FlareBlitz|||M|||50|,,,,,Grass]Rillaboom||AssaultVest|GrassySurge|FakeOut,GrassyGlide,Uturn,WoodHammer|||F|||50|,,,,,Fire]Dragonite||LoadedDice|Multiscale|ScaleShot,Tailwind,Protect,Haze|||F|||50|,,,,,Fairy]Gholdengo||LifeOrb|GoodasGold|MakeItRain,ShadowBall,Protect,NastyPlot||||||50|,,,,,Water
|inactive|Battle timer is ON: inactive players will automatically lose when time's up. (requested by Joseph Terastalin)
|inactive|Joseph Terastalin has 60 seconds left.
|inactive|Zizoukennn has 60 seconds left.
|
|t:|1757005793
|teamsize|p1|4
|teamsize|p2|4
|start
|switch|p1a: Torkoal|Torkoal, L50, M|100/100
|switch|p1b: Electabuzz|Electabuzz, L50, M|100/100
|switch|p2a: capitalism|Gholdengo, L50|100/100
|switch|p2b: homosexual monkey|Rillaboom, L50, F|100/100
|-fieldstart|move: Grassy Terrain|[from] ability: Grassy Surge|[of] p2b: homosexual monkey
|-weather|SunnyDay|[from] ability: Drought|[of] p1a: Torkoal
|turn|1
|inactive|Zizoukennn has 30 seconds left.
|
|t:|1757005826
|switch|p1b: Farigiraf|Farigiraf, L50, M|100/100
|move|p2a: capitalism|Make It Rain|p1b: Farigiraf|[spread] p1a,p1b
|-resisted|p1a: Torkoal
|-damage|p1a: Torkoal|69/100
|-damage|p1b: Farigiraf|49/100
|-unboost|p2a: capitalism|spa|1
|-damage|p2a: capitalism|91/100|[from] item: Life Orb
|move|p2b: homosexual monkey|U-turn|p1a: Torkoal
|-resisted|p1a: Torkoal
|-damage|p1a: Torkoal|60/100
|
|t:|1757005837
|switch|p2b: homosexual dog|Dragonite, L50, F|100/100|[from] U-turn
|move|p1a: Torkoal|Overheat|p2a: capitalism
|-supereffective|p2a: capitalism
|-damage|p2a: capitalism|0 fnt
|-unboost|p1a: Torkoal|spa|2
|faint|p2a: capitalism
|-enditem|p1a: Torkoal|Eject Pack
|
|t:|1757005852
|switch|p1a: Hydreigon|Hydreigon, L50, M|100/100
|
|-weather|SunnyDay|[upkeep]
|-heal|p1b: Farigiraf|55/100|[from] Grassy Terrain
|upkeep
|
|t:|1757005877
|switch|p2a: angsty teenage son|Annihilape, L50, F|100/100
|turn|2
|
|t:|1757005900
|-terastallize|p2b: homosexual dog|Fairy
|-terastallize|p1b: Farigiraf|Fairy
|move|p1a: Hydreigon|Draco Meteor|p2a: angsty teenage son
|-damage|p2a: angsty teenage son|30/100
|-unboost|p1a: Hydreigon|spa|2
|move|p2a: angsty teenage son|Bulk Up|p2a: angsty teenage son
|-boost|p2a: angsty teenage son|atk|1
|-boost|p2a: angsty teenage son|def|1
|move|p2b: homosexual dog|Scale Shot|p1a: Hydreigon
|-supereffective|p1a: Hydreigon
|-damage|p1a: Hydreigon|65/100
|-supereffective|p1a: Hydreigon
|-damage|p1a: Hydreigon|29/100
|-supereffective|p1a: Hydreigon
|-damage|p1a: Hydreigon|0 fnt
|faint|p1a: Hydreigon
|-hitcount|p1: Hydreigon|3
|-unboost|p2b: homosexual dog|def|1
|-boost|p2b: homosexual dog|spe|1
|move|p1b: Farigiraf|Hyper Voice|p2a: angsty teenage son|[spread] p2b
|-immune|p2a: angsty teenage son
|-damage|p2b: homosexual dog|84/100
|-enditem|p1b: Farigiraf|Throat Spray
|-boost|p1b: Farigiraf|spa|1|[from] item: Throat Spray
|
|-weather|SunnyDay|[upkeep]
|-heal|p2b: homosexual dog|90/100|[from] Grassy Terrain
|-heal|p2a: angsty teenage son|36/100|[from] Grassy Terrain
|-heal|p2a: angsty teenage son|42/100|[from] item: Leftovers
|-heal|p1b: Farigiraf|60/100|[from] Grassy Terrain
|upkeep
|inactive|Joseph Terastalin has 30 seconds left.
|inactive|Joseph Terastalin has 20 seconds left.
|
|t:|1757005937
|switch|p1a: Torkoal|Torkoal, L50, M|60/100
|turn|3
|
|t:|1757005959
|move|p2b: homosexual dog|Scale Shot|p1a: Torkoal
|-damage|p1a: Torkoal|50/100
|-damage|p1a: Torkoal|38/100
|-damage|p1a: Torkoal|26/100
|-damage|p1a: Torkoal|15/100
|-hitcount|p1a: Torkoal|4
|-unboost|p2b: homosexual dog|def|1
|-boost|p2b: homosexual dog|spe|1
|move|p2a: angsty teenage son|Rage Fist|p1b: Farigiraf
|-damage|p1b: Farigiraf|0 fnt
|faint|p1b: Farigiraf
|move|p1a: Torkoal|Yawn|p2a: angsty teenage son
|-start|p2a: angsty teenage son|move: Yawn|[of] p1a: Torkoal
|
|-weather|SunnyDay|[upkeep]
|-heal|p2b: homosexual dog|96/100|[from] Grassy Terrain
|-heal|p2a: angsty teenage son|48/100|[from] Grassy Terrain
|-heal|p2a: angsty teenage son|54/100|[from] item: Leftovers
|-heal|p1a: Torkoal|20/100|[from] Grassy Terrain
|upkeep
|
|t:|1757005965
|switch|p1b: Electabuzz|Electabuzz, L50, M|100/100
|turn|4
|
|t:|1757005987
|move|p1b: Electabuzz|Follow Me|p1b: Electabuzz
|-singleturn|p1b: Electabuzz|move: Follow Me
|move|p2b: homosexual dog|Scale Shot|p1b: Electabuzz|[miss]
|-miss|p2b: homosexual dog|p1b: Electabuzz
|move|p2a: angsty teenage son|Drain Punch|p1b: Electabuzz
|-damage|p1b: Electabuzz|50/100
|-heal|p2a: angsty teenage son|77/100|[from] drain|[of] p1b: Electabuzz
|move|p1a: Torkoal|Body Press|p2b: homosexual dog
|-resisted|p2b: homosexual dog
|-damage|p2b: homosexual dog|71/100
|
|-weather|SunnyDay|[upkeep]
|-heal|p2b: homosexual dog|77/100|[from] Grassy Terrain
|-heal|p1b: Electabuzz|55/100|[from] Grassy Terrain
|-heal|p2a: angsty teenage son|83/100|[from] Grassy Terrain
|-heal|p2a: angsty teenage son|89/100|[from] item: Leftovers
|-heal|p1a: Torkoal|26/100|[from] Grassy Terrain
|-end|p2a: angsty teenage son|move: Yawn|[silent]
|-status|p2a: angsty teenage son|slp
|upkeep
|turn|5
|inactive|Joseph Terastalin has 30 seconds left.
|inactive|Zizoukennn has 30 seconds left.
|
|t:|1757006016
|move|p1b: Electabuzz|Follow Me|p1b: Electabuzz
|-singleturn|p1b: Electabuzz|move: Follow Me
|move|p2b: homosexual dog|Scale Shot|p1b: Electabuzz
|-damage|p1b: Electabuzz|40/100
|-damage|p1b: Electabuzz|22/100
|-damage|p1b: Electabuzz|8/100
|-damage|p1b: Electabuzz|0 fnt
|faint|p1b: Electabuzz
|-hitcount|p1: Electabuzz|4
|-unboost|p2b: homosexual dog|def|1
|-boost|p2b: homosexual dog|spe|1
|cant|p2a: angsty teenage son|slp
|move|p1a: Torkoal|Overheat|p2b: homosexual dog
|-damage|p2b: homosexual dog|14/100
|-unboost|p1a: Torkoal|spa|2
|
|-weather|none
|-heal|p2b: homosexual dog|20/100|[from] Grassy Terrain
|-heal|p2a: angsty teenage son|95/100 slp|[from] Grassy Terrain
|-heal|p2a: angsty teenage son|100/100 slp|[from] item: Leftovers
|-heal|p1a: Torkoal|32/100|[from] Grassy Terrain
|-fieldend|move: Grassy Terrain
|upkeep
|turn|6
|-message|Joseph Terastalin forfeited.
|
|win|Zizoukennn
|l|☆Joseph Terastalin
|player|p1|
|j|☆Joseph Terastalin
|player|p1|Joseph Terastalin|blaine|
