|j|☆dambro222
|j|☆BobbySamuel
|html|dambro222BobbySamuel    
|uhtml|bestof|Game 2 of a best-of-3
|t:|1756297656
|gametype|doubles
|player|p1|dambro222|ethan|1140
|player|p2|BobbySamuel|265|1033
|gen|9
|tier|[Gen 9] VGC 2025 Reg H (Bo3)
|rated|
|rule|Species Clause: Limit one of each Pokémon
|rule|Item Clause: Limit 1 of each item
|clearpoke
|poke|p1|Dragonite, L50, M|
|poke|p1|Volcarona, L50, F|
|poke|p1|Sneasler, L50, M|
|poke|p1|Rillaboom, L50, M|
|poke|p1|Electabuzz, L50, M|
|poke|p1|Kingambit, L50, M|
|poke|p2|Politoed, L50, F|
|poke|p2|Gothitelle, L50, F|
|poke|p2|Kingdra, L50, M|
|poke|p2|Archaludon, L50, M|
|poke|p2|Amoonguss, L50, M|
|poke|p2|Incineroar, L50, F|
|teampreview|4
|showteam|p1|Dragonite||LoadedDice|Multiscale|ScaleShot,ExtremeSpeed,Haze,Protect|||M|||50|,,,,,Fairy]Volcarona||CovertCloak|FlameBody|HeatWave,TeraBlast,QuiverDance,Protect|||F|||50|,,,,,Fairy]Sneasler||FocusSash|Unburden|CloseCombat,DireClaw,Coaching,Protect|||M|||50|,,,,,Stellar]Rillaboom||AssaultVest|GrassySurge|WoodHammer,GrassyGlide,HighHorsepower,FakeOut|||M|||50|,,,,,Water]Electabuzz||Eviolite|VitalSpirit|Electroweb,FollowMe,Taunt,Protect|||M|||50|,,,,,Ghost]Kingambit||BlackGlasses|Defiant|KowtowCleave,SuckerPunch,SwordsDance,Protect|||M|||50|,,,,,Dark
|showteam|p2|Politoed||Leftovers|Drizzle|Protect,PerishSong,WeatherBall,Encore|||F|||50|,,,,,Grass]Gothitelle||SitrusBerry|ShadowTag|Protect,FakeOut,Psychic,TrickRoom|||F|||50|,,,,,Dark]Kingdra||LifeOrb|SwiftSwim|Protect,WeatherBall,DracoMeteor,MuddyWater|||M|||50|,,,,,Stellar]Archaludon||PowerHerb|Sturdy|Protect,ElectroShot,DragonPulse,FlashCannon|||M|||50|,,,,,Electric]Amoonguss||EjectButton|Regenerator|Protect,PollenPuff,RagePowder,Spore|||M|||50|,,,,,Fairy]Incineroar||SafetyGoggles|Intimidate|Protect,FakeOut,KnockOff,PartingShot|||F|||50|,,,,,Ghost
|inactive|Battle timer is ON: inactive players will automatically lose when time's up. (requested by dambro222)
|
|t:|1756297681
|teamsize|p1|4
|teamsize|p2|4
|start
|switch|p1a: Rillaboom|Rillaboom, L50, M|100/100
|switch|p1b: Sneasler|Sneasler, L50, M|100/100
|switch|p2a: Politoed|Politoed, L50, F|100/100
|switch|p2b: Incineroar|Incineroar, L50, F|100/100
|-fieldstart|move: Grassy Terrain|[from] ability: Grassy Surge|[of] p1a: Rillaboom
|-weather|RainDance|[from] ability: Drizzle|[of] p2a: Politoed
|-ability|p2b: Incineroar|Intimidate|boost
|-unboost|p1a: Rillaboom|atk|1
|-unboost|p1b: Sneasler|atk|1
|turn|1
|inactive|BobbySamuel has 30 seconds left.
|inactive|BobbySamuel has 20 seconds left.
|inactive|BobbySamuel has 15 seconds left.
|
|t:|1756297725
|move|p2a: Politoed|Protect|p2a: Politoed
|-singleturn|p2a: Politoed|Protect
|move|p1a: Rillaboom|Fake Out|p2a: Politoed
|-activate|p2a: Politoed|move: Protect
|move|p1b: Sneasler|Dire Claw|p2a: Politoed
|-activate|p2a: Politoed|move: Protect
|move|p2b: Incineroar|Parting Shot|p1b: Sneasler
|-unboost|p1b: Sneasler|atk|1
|-unboost|p1b: Sneasler|spa|1
|
|t:|1756297734
|switch|p2b: Gothitelle|Gothitelle, L50, F|100/100|[from] Parting Shot
|
|-weather|RainDance|[upkeep]
|upkeep
|turn|2
|
|t:|1756297758
|switch|p2a: Incineroar|Incineroar, L50, F|100/100
|-ability|p2a: Incineroar|Intimidate|boost
|-unboost|p1a: Rillaboom|atk|1
|-unboost|p1b: Sneasler|atk|1
|move|p1b: Sneasler|Dire Claw|p2a: Incineroar
|-damage|p2a: Incineroar|84/100
|move|p1a: Rillaboom|Wood Hammer|p2a: Incineroar
|-resisted|p2a: Incineroar
|-damage|p2a: Incineroar|64/100
|-damage|p1a: Rillaboom|94/100|[from] Recoil
|move|p2b: Gothitelle|Trick Room|p2b: Gothitelle
|-fieldstart|move: Trick Room|[of] p2b: Gothitelle
|
|-weather|RainDance|[upkeep]
|-heal|p2a: Incineroar|70/100|[from] Grassy Terrain
|-heal|p1a: Rillaboom|99/100|[from] Grassy Terrain
|upkeep
|turn|3
|inactive|dambro222 has 30 seconds left.
|
|t:|1756297789
|move|p1b: Sneasler|Protect|p1b: Sneasler
|-singleturn|p1b: Sneasler|Protect
|move|p2a: Incineroar|Fake Out|p1a: Rillaboom
|-damage|p1a: Rillaboom|90/100
|move|p2b: Gothitelle|Psychic|p1b: Sneasler
|-activate|p1b: Sneasler|move: Protect
|cant|p1a: Rillaboom|flinch
|
|-weather|RainDance|[upkeep]
|-heal|p2a: Incineroar|76/100|[from] Grassy Terrain
|-heal|p1a: Rillaboom|96/100|[from] Grassy Terrain
|upkeep
|turn|4
|
|t:|1756297806
|move|p2a: Incineroar|Knock Off|p1b: Sneasler
|-resisted|p1b: Sneasler
|-damage|p1b: Sneasler|65/100
|-enditem|p1b: Sneasler|Focus Sash|[from] move: Knock Off|[of] p2a: Incineroar
|move|p2b: Gothitelle|Psychic|p1b: Sneasler
|-supereffective|p1b: Sneasler
|-damage|p1b: Sneasler|0 fnt
|faint|p1b: Sneasler
|move|p1a: Rillaboom|Wood Hammer|p2b: Gothitelle
|-damage|p2b: Gothitelle|58/100
|-damage|p1a: Rillaboom|84/100|[from] Recoil
|
|-weather|RainDance|[upkeep]
|-heal|p2a: Incineroar|82/100|[from] Grassy Terrain
|-heal|p2b: Gothitelle|64/100|[from] Grassy Terrain
|-heal|p1a: Rillaboom|90/100|[from] Grassy Terrain
|upkeep
|
|t:|1756297820
|switch|p1b: Kingambit|Kingambit, L50, M, shiny|100/100
|turn|5
|
|t:|1756297834
|move|p2b: Gothitelle|Protect|p2b: Gothitelle
|-singleturn|p2b: Gothitelle|Protect
|move|p2a: Incineroar|Parting Shot|p1a: Rillaboom
|-unboost|p1a: Rillaboom|atk|1
|-unboost|p1a: Rillaboom|spa|1
|
|t:|1756297841
|switch|p2a: Politoed|Politoed, L50, F|100/100|[from] Parting Shot
|move|p1b: Kingambit|Kowtow Cleave|p2b: Gothitelle
|-activate|p2b: Gothitelle|move: Protect
|move|p1a: Rillaboom|Wood Hammer|p2a: Politoed
|-supereffective|p2a: Politoed
|-damage|p2a: Politoed|29/100
|-damage|p1a: Rillaboom|67/100|[from] Recoil
|
|-weather|none
|-heal|p2b: Gothitelle|71/100|[from] Grassy Terrain
|-heal|p2a: Politoed|36/100|[from] Grassy Terrain
|-heal|p2a: Politoed|42/100|[from] item: Leftovers
|-heal|p1a: Rillaboom|73/100|[from] Grassy Terrain
|-fieldend|move: Grassy Terrain
|upkeep
|turn|6
|inactive|BobbySamuel has 30 seconds left.
|inactive|BobbySamuel has 20 seconds left.
|
|t:|1756297879
|-terastallize|p2b: Gothitelle|Dark
|move|p2b: Gothitelle|Psychic|p1a: Rillaboom
|-damage|p1a: Rillaboom|51/100
|move|p1b: Kingambit|Kowtow Cleave|p2b: Gothitelle
|-resisted|p2b: Gothitelle
|-damage|p2b: Gothitelle|45/100
|-enditem|p2b: Gothitelle|Sitrus Berry|[eat]
|-heal|p2b: Gothitelle|69/100|[from] item: Sitrus Berry
|move|p2a: Politoed|Perish Song|p2a: Politoed
|-start|p1a: Rillaboom|perish3|[silent]
|-start|p1b: Kingambit|perish3|[silent]
|-start|p2a: Politoed|perish3|[silent]
|-start|p2b: Gothitelle|perish3|[silent]
|-fieldactivate|move: Perish Song
|move|p1a: Rillaboom|Wood Hammer|p2a: Politoed
|-supereffective|p2a: Politoed
|-crit|p2a: Politoed
|-damage|p2a: Politoed|0 fnt
|faint|p2a: Politoed
|-damage|p1a: Rillaboom|38/100|[from] Recoil
|
|-start|p2b: Gothitelle|perish3
|-start|p1b: Kingambit|perish3
|-start|p1a: Rillaboom|perish3
|-fieldend|move: Trick Room
|upkeep
|
|t:|1756297901
|switch|p2a: Archaludon|Archaludon, L50, M|100/100
|turn|7
|inactive|BobbySamuel has 30 seconds left.
|inactive|dambro222 has 30 seconds left.
|
|t:|1756297932
|move|p2b: Gothitelle|Protect|p2b: Gothitelle
|-singleturn|p2b: Gothitelle|Protect
|move|p2a: Archaludon|Electro Shot||[still]
|-prepare|p2a: Archaludon|Electro Shot
|-boost|p2a: Archaludon|spa|1
|-enditem|p2a: Archaludon|Power Herb
|-anim|p2a: Archaludon|Electro Shot|p1a: Rillaboom
|-resisted|p1a: Rillaboom
|-damage|p1a: Rillaboom|11/100
|move|p1a: Rillaboom|High Horsepower|p2a: Archaludon
|-supereffective|p2a: Archaludon
|-damage|p2a: Archaludon|75/100
|move|p1b: Kingambit|Swords Dance|p1b: Kingambit
|-boost|p1b: Kingambit|atk|2
|
|-start|p1a: Rillaboom|perish2
|-start|p1b: Kingambit|perish2
|-start|p2b: Gothitelle|perish2
|upkeep
|turn|8
|inactive|dambro222 has 30 seconds left.
|inactive|BobbySamuel has 30 seconds left.
|inactive|dambro222 has 20 seconds left.
|inactive|dambro222 has 15 seconds left.
|
|t:|1756297975
|-terastallize|p1b: Kingambit|Dark
|move|p2a: Archaludon|Protect|p2a: Archaludon
|-singleturn|p2a: Archaludon|Protect
|move|p1a: Rillaboom|Wood Hammer|p2b: Gothitelle
|-damage|p2b: Gothitelle|47/100
|-damage|p1a: Rillaboom|5/100|[from] Recoil
|move|p1b: Kingambit|Kowtow Cleave|p2b: Gothitelle
|-resisted|p2b: Gothitelle
|-damage|p2b: Gothitelle|0 fnt
|faint|p2b: Gothitelle
|
|-start|p1a: Rillaboom|perish1
|-start|p1b: Kingambit|perish1
|upkeep
|
|t:|1756297988
|switch|p2b: Incineroar|Incineroar, L50, F|82/100
|-ability|p2b: Incineroar|Intimidate|boost
|-unboost|p1a: Rillaboom|atk|1
|-unboost|p1b: Kingambit|atk|1
|-ability|p1b: Kingambit|Defiant|boost
|-boost|p1b: Kingambit|atk|2
|turn|9
|
|t:|1756298012
|switch|p1b: Electabuzz|Electabuzz, L50, M|100/100
|move|p2a: Archaludon|Dragon Pulse|p1b: Electabuzz
|-damage|p1b: Electabuzz|51/100
|move|p1a: Rillaboom|High Horsepower|p2a: Archaludon
|-supereffective|p2a: Archaludon
|-damage|p2a: Archaludon|55/100
|move|p2b: Incineroar|Knock Off|p1b: Electabuzz
|-damage|p1b: Electabuzz|24/100
|-enditem|p1b: Electabuzz|Eviolite|[from] move: Knock Off|[of] p2b: Incineroar
|
|-start|p1a: Rillaboom|perish0
|upkeep
|faint|p1a: Rillaboom
|
|t:|1756298024
|switch|p1a: Kingambit|Kingambit, L50, M, shiny, tera:Dark|100/100
|turn|10
|
|t:|1756298039
|move|p1b: Electabuzz|Follow Me|p1b: Electabuzz
|-singleturn|p1b: Electabuzz|move: Follow Me
|move|p2a: Archaludon|Dragon Pulse|p1b: Electabuzz
|-damage|p1b: Electabuzz|0 fnt
|faint|p1b: Electabuzz
|move|p1a: Kingambit|Kowtow Cleave|p2a: Archaludon
|-damage|p2a: Archaludon|0 fnt
|faint|p2a: Archaludon
|move|p2b: Incineroar|Knock Off|p1a: Kingambit
|-resisted|p1a: Kingambit
|-damage|p1a: Kingambit|87/100
|-enditem|p1a: Kingambit|Black Glasses|[from] move: Knock Off|[of] p2b: Incineroar
|
|upkeep
|turn|11
|
|t:|1756298053
|move|p1a: Kingambit|Swords Dance|p1a: Kingambit
|-boost|p1a: Kingambit|atk|2
|move|p2b: Incineroar|Knock Off|p1a: Kingambit
|-resisted|p1a: Kingambit
|-damage|p1a: Kingambit|78/100
|
|upkeep
|turn|12
|-message|BobbySamuel forfeited.
|
|win|dambro222
|raw|dambro222's rating: 1140 → 1158(+18 for winning)
|raw|BobbySamuel's rating: 1033 → 1023(-10 for losing)
|l|☆BobbySamuel
|player|p2|
