|j|☆Cristante terabug
|j|☆MrTedno
|html|Cristante terabugMrTedno    
|uhtml|bestof|Game 1 of a best-of-3
|t:|1756161400
|gametype|doubles
|player|p1|Cristante terabug|kieran-champion|1256
|player|p2|MrTedno|barry|1259
|gen|9
|tier|[Gen 9] VGC 2025 Reg H (Bo3)
|rated|
|rule|Species Clause: Limit one of each Pokémon
|rule|Item Clause: Limit 1 of each item
|clearpoke
|poke|p1|Kommo-o, L50, M|
|poke|p1|Gholdengo, L50|
|poke|p1|Sneasler, L50, F|
|poke|p1|Rillaboom, L50, F|
|poke|p1|Dondozo, L50, M|
|poke|p1|Electabuzz, L50, M|
|poke|p2|Dondozo, L50, F|
|poke|p2|Tatsugiri, L50, F|
|poke|p2|Politoed, L50, F|
|poke|p2|Archaludon, L50, M|
|poke|p2|Amoonguss, L50, F|
|poke|p2|Overqwil, L50, F|
|teampreview|4
|showteam|p1|Kommo-o||ThroatSpray|Soundproof|ClangorousSoul,ClangingScales,Flamethrower,Protect|||M|||50|,,,,,Fire]Gholdengo||ChoiceSpecs|GoodasGold|MakeItRain,ShadowBall,DazzlingGleam,PowerGem||||||50|,,,,,Fairy]Sneasler||FocusSash|Unburden|FakeOut,DireClaw,CloseCombat,Protect|||F|||50|,,,,,Stellar]Rillaboom||AssaultVest|GrassySurge|FakeOut,WoodHammer,GrassyGlide,HighHorsepower|||F|||50|,,,,,Fire]Dondozo||Leftovers|Unaware|WaveCrash,Fissure,Yawn,Protect|||M|||50|,,,,,Flying]Electabuzz||Eviolite|VitalSpirit|Electroweb,FollowMe,HelpingHand,Protect|||M|||50|,,,,,Grass
|showteam|p2|Dondozo||LifeOrb|Unaware|Surf,Protect,SleepTalk|||F|||50|,,,,,Water]Tatsugiri||FocusSash|Commander|DracoMeteor,Protect,MuddyWater,Taunt|||F|||50|,,,,,Stellar]Politoed||SitrusBerry|Drizzle|WeatherBall,IceBeam,Haze,Protect|||F|||50|,,,,,Ghost]Archaludon||AssaultVest|Stamina|BodyPress,ElectroShot,DragonPulse,FlashCannon|||M|||50|,,,,,Grass]Amoonguss||RockyHelmet|Regenerator|Spore,RagePowder,PollenPuff,Protect|||F|||50|,,,,,Fairy]Overqwil||ChoiceBand|SwiftSwim|PoisonJab,ThroatChop,Liquidation,PinMissile|||F|||50|,,,,,Ghost
|inactive|Battle timer is ON: inactive players will automatically lose when time's up. (requested by Cristante terabug)
|
|t:|1756161444
|teamsize|p1|4
|teamsize|p2|4
|start
|switch|p1a: Electabuzz|Electabuzz, L50, M|100/100
|switch|p1b: Kommo-o|Kommo-o, L50, M|100/100
|switch|p2a: Kwazii|Dondozo, L50, F|100/100
|switch|p2b: Tweak|Politoed, L50, F|100/100
|-weather|RainDance|[from] ability: Drizzle|[of] p2b: Tweak
|turn|1
|
|t:|1756161467
|move|p1b: Kommo-o|Protect|p1b: Kommo-o
|-singleturn|p1b: Kommo-o|Protect
|move|p2a: Kwazii|Protect|p2a: Kwazii
|-singleturn|p2a: Kwazii|Protect
|move|p1a: Electabuzz|Electroweb|p2a: Kwazii|[spread] p2b
|-activate|p2a: Kwazii|move: Protect
|-supereffective|p2b: Tweak
|-damage|p2b: Tweak|81/100
|-unboost|p2b: Tweak|spe|1
|move|p2b: Tweak|Ice Beam|p1a: Electabuzz
|-damage|p1a: Electabuzz|86/100
|
|-weather|RainDance|[upkeep]
|upkeep
|turn|2
|
|t:|1756161486
|switch|p2b: Peso|Tatsugiri, L50, F|100/100
|-activate|p2b: Peso|ability: Commander|[of] p2a: Kwazii
|-boost|p2a: Kwazii|atk|2
|-boost|p2a: Kwazii|spa|2
|-boost|p2a: Kwazii|spe|2
|-boost|p2a: Kwazii|def|2
|-boost|p2a: Kwazii|spd|2
|-terastallize|p2a: Kwazii|Water
|move|p2a: Kwazii|Surf|p1b: Kommo-o|[spread] p1a,p1b
|-miss|p2a: Kwazii|p2b: Peso
|-resisted|p1b: Kommo-o
|-damage|p1a: Electabuzz|0 fnt
|-damage|p1b: Kommo-o|48/100
|faint|p1a: Electabuzz
|-damage|p2a: Kwazii|91/100|[from] item: Life Orb
|move|p1b: Kommo-o|Clanging Scales|p2a: Kwazii|[spread] p2a
|-miss|p1b: Kommo-o|p2b: Peso
|-damage|p2a: Kwazii|73/100
|-unboost|p1b: Kommo-o|def|1
|-enditem|p1b: Kommo-o|Throat Spray
|-boost|p1b: Kommo-o|spa|1|[from] item: Throat Spray
|
|-weather|RainDance|[upkeep]
|upkeep
|
|t:|1756161503
|switch|p1a: Dondozo|Dondozo, L50, M|100/100
|turn|3
|inactive|MrTedno has 30 seconds left.
|
|t:|1756161536
|move|p2a: Kwazii|Protect|p2a: Kwazii
|-singleturn|p2a: Kwazii|Protect
|move|p1b: Kommo-o|Protect|p1b: Kommo-o
|-singleturn|p1b: Kommo-o|Protect
|move|p1a: Dondozo|Fissure|p2a: Kwazii
|-activate|p2a: Kwazii|move: Protect
|
|-weather|RainDance|[upkeep]
|upkeep
|turn|4
|
|t:|1756161545
|move|p2a: Kwazii|Surf|p1b: Kommo-o|[spread] p1a,p1b
|-miss|p2a: Kwazii|p2b: Peso
|-resisted|p1a: Dondozo
|-resisted|p1b: Kommo-o
|-damage|p1a: Dondozo|77/100
|-damage|p1b: Kommo-o|0 fnt
|faint|p1b: Kommo-o
|-damage|p2a: Kwazii|63/100|[from] item: Life Orb
|move|p1a: Dondozo|Fissure|p2a: Kwazii|[miss]
|-miss|p1a: Dondozo|p2a: Kwazii
|
|-weather|RainDance|[upkeep]
|-heal|p1a: Dondozo|83/100|[from] item: Leftovers
|upkeep
|
|t:|1756161553
|switch|p1b: Gholdengo|Gholdengo, L50|100/100
|turn|5
|
|t:|1756161562
|move|p2a: Kwazii|Surf|p1b: Gholdengo|[spread] p1a,p1b
|-miss|p2a: Kwazii|p2b: Peso
|-resisted|p1a: Dondozo
|-damage|p1a: Dondozo|59/100
|-damage|p1b: Gholdengo|0 fnt
|faint|p1b: Gholdengo
|-damage|p2a: Kwazii|54/100|[from] item: Life Orb
|move|p1a: Dondozo|Fissure|p2a: Kwazii
|-damage|p2a: Kwazii|0 fnt
|faint|p2a: Kwazii
|-ohko
|
|-weather|none
|-heal|p1a: Dondozo|65/100|[from] item: Leftovers
|upkeep
|-message|Cristante terabug forfeited.
|
|win|MrTedno
|l|☆Cristante terabug
|player|p1|
||MrTedno is ready for game 2.
|j|☆Cristante terabug
|player|p1|Cristante terabug|kieran-champion|
||Cristante terabug is ready for game 2.
|uhtml|next|Next: Game 2 of 3
|l|☆Cristante terabug
|player|p1|
