|j|☆isamino
|j|☆3-4 worlds
|html|isamino3-4 worlds    
|uhtml|bestof|Game 1 of a best-of-3
|t:|1785107502
|gametype|doubles
|player|p1|isamino|nate|1252
|player|p2|3-4 worlds|emma|1174
|gen|9
|tier|[Gen 9 Champions] VGC 2026 Reg M-B (Bo3)
|rated|
|rule|Species Clause: Limit one of each Pokémon
|rule|Item Clause: Limit 1 of each item
|clearpoke
|poke|p1|Azumarill, L50, F|
|poke|p1|Vivillon, L50, F|
|poke|p1|Gholdengo, L50|
|poke|p1|Raichu, L50, F|
|poke|p1|Mamoswine, L50, M|
|poke|p1|Incineroar, L50, F|
|poke|p2|Blaziken, L50, F|
|poke|p2|Aerodactyl, L50, M|
|poke|p2|Basculegion, L50, M|
|poke|p2|Sylveon, L50, M|
|poke|p2|Torkoal, L50, M|
|poke|p2|Kingambit, L50, F|
|teampreview|4
|showteam|p1|Azumarill||SitrusBerry|HugePower|Protect,AquaJet,BellyDrum,PlayRough|Jolly||F|||50|]Vivillon||FocusSash|CompoundEyes|SleepPowder,Tailwind,Hurricane,RagePowder|Timid||F|||50|]Gholdengo||ChoiceScarf|GoodasGold|PowerGem,ShadowBall,MakeItRain,DazzlingGleam|Timid|||||50|]Raichu||RaichuniteY|Static|FakeOut,ZapCannon,Protect,FocusBlast|Timid||F|||50|]Mamoswine||LifeOrb|Oblivious|IceShard,Protect,IcicleCrash,HighHorsepower|Adamant||M|||50|]Incineroar||PasshoBerry|Intimidate|FakeOut,FlareBlitz,PartingShot,Taunt|Relaxed||F|||50|
|showteam|p2|Blaziken||Blazikenite|SpeedBoost|CloseCombat,FlareBlitz,RockSlide,Detect|Adamant||F|||50|]Aerodactyl||Aerodactylite|Unnerve|DualWingbeat,IceFang,RockSlide,Tailwind|Jolly||M|||50|]Basculegion||FocusSash|Adaptability|LastRespects,Liquidation,AquaJet,Protect|Adamant||M|||50|]Sylveon||FairyFeather|Pixilate|Moonblast,HyperVoice,QuickAttack,Detect|Modest||M|||50|]Torkoal||Leftovers|Drought|HeatWave,WeatherBall,Yawn,Protect|Relaxed||M|||50|]Kingambit||LifeOrb|Defiant|KowtowCleave,IronHead,SuckerPunch,Protect|Adamant||F|||50|
|inactive|Battle timer is ON: inactive players will automatically lose when time's up. (requested by isamino)
|inactive|3-4 worlds also wants the timer to be on.
|inactive|isamino has 60 seconds left.
|inactive|3-4 worlds has 60 seconds left.
|
|t:|1785107555
|teamsize|p1|4
|teamsize|p2|4
|start
|switch|p1a: Raichu|Raichu, L50, F|100/100
|switch|p1b: Mamoswine|Mamoswine, L50, M|100/100
|switch|p2a: Aerodactyl|Aerodactyl, L50, M|100/100
|switch|p2b: Blaziken|Blaziken, L50, F|100/100
|-ability|p2a: Aerodactyl|Unnerve
|turn|1
|
|t:|1785107570
|switch|p2a: Torkoal|Torkoal, L50, M|100/100
|-weather|SunnyDay|[from] ability: Drought|[of] p2a: Torkoal
|detailschange|p1a: Raichu|Raichu-Mega-Y, L50, F
|-mega|p1a: Raichu|Raichu|Raichunite Y
|move|p2b: Blaziken|Detect|p2b: Blaziken
|-singleturn|p2b: Blaziken|Protect
|move|p1a: Raichu|Fake Out|p2a: Torkoal
|-damage|p2a: Torkoal|93/100
|move|p1b: Mamoswine|High Horsepower|p2b: Blaziken
|-activate|p2b: Blaziken|move: Protect
|
|-weather|SunnyDay|[upkeep]
|-heal|p2a: Torkoal|100/100|[from] item: Leftovers
|-ability|p2b: Blaziken|Speed Boost|boost
|-boost|p2b: Blaziken|spe|1
|upkeep
|turn|2
|inactive|3-4 worlds has 30 seconds left.
|
|t:|1785107596
|switch|p1a: Incineroar|Incineroar, L50, F|100/100
|-ability|p1a: Incineroar|Intimidate|boost
|-unboost|p2a: Torkoal|atk|1
|-unboost|p2b: Blaziken|atk|1
|detailschange|p2b: Blaziken|Blaziken-Mega, L50, F
|-mega|p2b: Blaziken|Blaziken|Blazikenite
|move|p1b: Mamoswine|Protect|p1b: Mamoswine
|-singleturn|p1b: Mamoswine|Protect
|move|p2b: Blaziken|Flare Blitz|p1b: Mamoswine
|-activate|p1b: Mamoswine|move: Protect
|move|p2a: Torkoal|Heat Wave|p1b: Mamoswine|[spread] p1a
|-activate|p1b: Mamoswine|move: Protect
|-resisted|p1a: Incineroar|1
|-damage|p1a: Incineroar|83/100
|
|-weather|SunnyDay|[upkeep]
|-ability|p2b: Blaziken|Speed Boost|boost
|-boost|p2b: Blaziken|spe|1
|upkeep
|turn|3
|
|t:|1785107617
|switch|p1b: Raichu|Raichu-Mega-Y, L50, F|100/100
|move|p2b: Blaziken|Detect|p2b: Blaziken
|-singleturn|p2b: Blaziken|Protect
|move|p1a: Incineroar|Fake Out|p2b: Blaziken
|-activate|p2b: Blaziken|move: Protect
|move|p2a: Torkoal|Yawn|p1b: Raichu
|-start|p1b: Raichu|move: Yawn|[of] p2a: Torkoal
|
|-weather|SunnyDay|[upkeep]
|-ability|p2b: Blaziken|Speed Boost|boost
|-boost|p2b: Blaziken|spe|1
|upkeep
|turn|4
|
|t:|1785107641
|switch|p1b: Gholdengo|Gholdengo, L50|100/100
|move|p2b: Blaziken|Flare Blitz|p1b: Gholdengo
|-supereffective|p1b: Gholdengo|1
|-damage|p1b: Gholdengo|0 fnt
|faint|p1b: Gholdengo
|-damage|p2b: Blaziken|65/100|[from] Recoil
|move|p1a: Incineroar|Parting Shot|p2b: Blaziken
|-unboost|p2b: Blaziken|atk|1
|-unboost|p2b: Blaziken|spa|1
|
|t:|1785107652
|switch|p1a: Raichu|Raichu-Mega-Y, L50, F|100/100|[from] Parting Shot
|move|p2a: Torkoal|Yawn|p1a: Raichu
|-start|p1a: Raichu|move: Yawn|[of] p2a: Torkoal
|
|-weather|SunnyDay|[upkeep]
|-ability|p2b: Blaziken|Speed Boost|boost
|-boost|p2b: Blaziken|spe|1
|upkeep
|
|t:|1785107659
|switch|p1b: Incineroar|Incineroar, L50, F|83/100
|-ability|p1b: Incineroar|Intimidate|boost
|-unboost|p2a: Torkoal|atk|1
|-unboost|p2b: Blaziken|atk|1
|turn|5
|
|t:|1785107669
|switch|p2b: Basculegion|Basculegion, L50, M|100/100
|switch|p1a: Mamoswine|Mamoswine, L50, M|100/100
|move|p1b: Incineroar|Fake Out|p2a: Torkoal
|-damage|p2a: Torkoal|92/100
|cant|p2a: Torkoal|flinch
|
|-weather|none
|-heal|p2a: Torkoal|98/100|[from] item: Leftovers
|upkeep
|turn|6
|
|t:|1785107695
|switch|p1b: Raichu|Raichu-Mega-Y, L50, F|100/100
|move|p1a: Mamoswine|Protect|p1a: Mamoswine
|-singleturn|p1a: Mamoswine|Protect
|move|p2b: Basculegion|Liquidation|p1a: Mamoswine
|-activate|p1a: Mamoswine|move: Protect
|move|p2a: Torkoal|Yawn|p1b: Raichu
|-start|p1b: Raichu|move: Yawn|[of] p2a: Torkoal
|
|-heal|p2a: Torkoal|100/100|[from] item: Leftovers
|upkeep
|turn|7
|inactive|3-4 worlds has 30 seconds left.
|
|t:|1785107721
|move|p1b: Raichu|Zap Cannon|p2b: Basculegion
|-supereffective|p2b: Basculegion|1
|-enditem|p2b: Basculegion|Focus Sash
|-damage|p2b: Basculegion|1/100
|-status|p2b: Basculegion|par
|move|p1a: Mamoswine|High Horsepower|p2a: Torkoal|[miss]
|-miss|p1a: Mamoswine|p2a: Torkoal
|cant|p2b: Basculegion|par
|move|p2a: Torkoal|Heat Wave|p1a: Mamoswine|[spread] p1a,p1b
|-supereffective|p1a: Mamoswine|1
|-damage|p1a: Mamoswine|24/100
|-damage|p1b: Raichu|56/100
|
|-end|p1b: Raichu|move: Yawn|[silent]
|-status|p1b: Raichu|slp
|upkeep
|turn|8
|inactive|isamino has 30 seconds left.
|
|t:|1785107761
|cant|p1b: Raichu|slp
|move|p1a: Mamoswine|Protect|p1a: Mamoswine
|-singleturn|p1a: Mamoswine|Protect
|move|p2b: Basculegion|Aqua Jet|p1a: Mamoswine
|-activate|p1a: Mamoswine|move: Protect
|move|p2a: Torkoal|Heat Wave|p1a: Mamoswine|[spread] p1b
|-activate|p1a: Mamoswine|move: Protect
|-damage|p1b: Raichu|10/100 slp
|
|upkeep
|turn|9
|
|t:|1785107775
|move|p1a: Mamoswine|Ice Shard|p2b: Basculegion
|-resisted|p2b: Basculegion|1
|-damage|p2b: Basculegion|0 fnt
|faint|p2b: Basculegion
|-damage|p1a: Mamoswine|14/100|[from] item: Life Orb
|cant|p1b: Raichu|slp
|move|p2a: Torkoal|Heat Wave|p1a: Mamoswine|[spread] p1a,p1b
|-supereffective|p1a: Mamoswine|1
|-damage|p1a: Mamoswine|0 fnt
|-damage|p1b: Raichu|0 fnt
|faint|p1a: Mamoswine
|faint|p1b: Raichu
|
|upkeep
|
|t:|1785107784
|switch|p2b: Aerodactyl|Aerodactyl, L50, M|100/100
|switch|p1a: Incineroar|Incineroar, L50, F|83/100
|-ability|p2b: Aerodactyl|Unnerve
|-ability|p1a: Incineroar|Intimidate|boost
|-unboost|p2a: Torkoal|atk|1
|-unboost|p2b: Aerodactyl|atk|1
|turn|10
|
|t:|1785107789
|switch|p2a: Blaziken|Blaziken-Mega, L50, F|65/100
|move|p1a: Incineroar|Fake Out|p2b: Aerodactyl
|-resisted|p2b: Aerodactyl|1
|-damage|p2b: Aerodactyl|91/100
|cant|p2b: Aerodactyl|flinch
|
|upkeep
|turn|11
|
|t:|1785107797
|move|p2b: Aerodactyl|Rock Slide|p1a: Incineroar
|-supereffective|p1a: Incineroar|1
|-damage|p1a: Incineroar|47/100
|move|p2a: Blaziken|Close Combat|p1a: Incineroar
|-supereffective|p1a: Incineroar|1
|-damage|p1a: Incineroar|0 fnt
|-unboost|p2a: Blaziken|def|1
|-unboost|p2a: Blaziken|spd|1
|faint|p1a: Incineroar
|
|win|3-4 worlds
||isamino is ready for game 2.
||3-4 worlds is ready for game 2.
|uhtml|next|Next: Game 2 of 3
