|j|â˜†NorfOrSomething
|j|â˜†the crimson wooper
|html|NorfOrSomethingthe crimson wooper    
|uhtml|bestof|Game 3 of a best-of-3
|t:|1782324557
|gametype|doubles
|player|p1|NorfOrSomething|artist-gen4|
|player|p2|the crimson wooper|yellow|
|gen|9
|tier|[Gen 9 Champions] VGC 2026 Reg M-B (Bo3)
|rule|Species Clause: Limit one of each PokÃ©mon
|rule|Item Clause: Limit 1 of each item
|clearpoke
|poke|p1|Metagross, L50|
|poke|p1|Dragonite, L50, M|
|poke|p1|Garchomp, L50, M|
|poke|p1|Grimmsnarl, L50, M|
|poke|p1|Sneasler, L50, M|
|poke|p1|Rotom-Wash, L50|
|poke|p2|Overqwil, L50, M|
|poke|p2|Pelipper, L50, F|
|poke|p2|Talonflame, L50, M|
|poke|p2|Archaludon, L50, M|
|poke|p2|Swampert, L50, F|
|poke|p2|Floette-Eternal, L50, F|
|teampreview|4
|showteam|p1|Metagross||Metagrossite|ClearBody|IronHead,PsychicFangs,BulletPunch,Protect|Jolly|||||50|]Dragonite||Dragoninite|Multiscale|DragonPulse,AirSlash,Flamethrower,Protect|Modest||M|||50|]Garchomp||LifeOrb|RoughSkin|Earthquake,DragonClaw,RockSlide,Protect|Jolly||M|||50|]Grimmsnarl||LightClay|Prankster|SpiritBreak,Reflect,LightScreen,PartingShot|Careful||M|||50|]Sneasler||FocusSash|Unburden|DireClaw,CloseCombat,Coaching,Protect|Jolly||M|||50|]Rotom-Wash||SitrusBerry|Levitate|Thunderbolt,HydroPump,Electroweb,WillOWisp|Modest|||||50|
|showteam|p2|Overqwil||LifeOrb|SwiftSwim|ThroatChop,Taunt,GunkShot,Protect|Adamant||M|||50|]Pelipper||FocusSash|Drizzle|WideGuard,Protect,Hurricane,WeatherBall|Timid||F|||50|]Talonflame||SharpBeak|GaleWings|Tailwind,BraveBird,FlareBlitz,Protect|Jolly||M|||50|]Archaludon||Leftovers|Stamina|ElectroShot,DracoMeteor,FlashCannon,Protect|Modest||M|||50|]Swampert||Swampertite|Damp|Protect,HighHorsepower,WaveCrash,IcePunch|Adamant||F|||50|]Floette-Eternal||Floettite|Symbiosis|Protect,DazzlingGleam,Moonblast,LightofRuin|Timid||F|||50|
|inactive|Battle timer is ON: inactive players will automatically lose when time's up. (requested by the crimson wooper)
|j| tennerps
|j| angelasmachine
|j| TemporalDonut
|j| Autin Mago
|
|t:|1782324567
|teamsize|p1|4
|teamsize|p2|4
|start
|switch|p1a: Sheisty|Grimmsnarl, L50, M|100/100
|switch|p1b: Feel The Burn|Rotom-Wash, L50|100/100
|switch|p2a: Lifeguard|Archaludon, L50, M|100/100
|switch|p2b: Skibidi Drizz|Pelipper, L50, F|100/100
|-weather|RainDance|[from] ability: Drizzle|[of] p2b: Skibidi Drizz
|turn|1
|
|t:|1782324582
|move|p2b: Skibidi Drizz|Wide Guard|p2b: Skibidi Drizz
|-singleturn|p2b: Skibidi Drizz|Wide Guard
|move|p1a: Sheisty|Light Screen|p1a: Sheisty
|-sidestart|p1: NorfOrSomething|move: Light Screen
|move|p2a: Lifeguard|Electro Shot||[still]
|-prepare|p2a: Lifeguard|Electro Shot
|-boost|p2a: Lifeguard|spa|1
|-anim|p2a: Lifeguard|Electro Shot|p1b: Feel The Burn
|-damage|p1b: Feel The Burn|45/100
|-enditem|p1b: Feel The Burn|Sitrus Berry|[eat]
|-heal|p1b: Feel The Burn|69/100|[from] item: Sitrus Berry
|move|p1b: Feel The Burn|Electroweb|p2a: Lifeguard|[spread] 
|-activate|p2a: Lifeguard|move: Wide Guard
|-activate|p2b: Skibidi Drizz|move: Wide Guard
|
|-weather|RainDance|[upkeep]
|upkeep
|turn|2
|
|t:|1782324602
|move|p1a: Sheisty|Parting Shot|p2a: Lifeguard
|-unboost|p2a: Lifeguard|atk|1
|-unboost|p2a: Lifeguard|spa|1
|
|t:|1782324609
|switch|p1a: Freddy Gible|Garchomp, L50, M|100/100|[from] Parting Shot
|move|p2b: Skibidi Drizz|Weather Ball|p1b: Feel The Burn
|-resisted|p1b: Feel The Burn|1
|-crit|p1b: Feel The Burn
|-damage|p1b: Feel The Burn|20/100y
|move|p2a: Lifeguard|Electro Shot||[still]
|-prepare|p2a: Lifeguard|Electro Shot
|-boost|p2a: Lifeguard|spa|1
|-anim|p2a: Lifeguard|Electro Shot|p1b: Feel The Burn
|-damage|p1b: Feel The Burn|0 fnt
|faint|p1b: Feel The Burn
|
|-weather|RainDance|[upkeep]
|upkeep
|
|t:|1782324615
|switch|p1b: Sheisty|Grimmsnarl, L50, M|100/100
|turn|3
|
|t:|1782324628
|move|p2b: Skibidi Drizz|Wide Guard|p2b: Skibidi Drizz
|-singleturn|p2b: Skibidi Drizz|Wide Guard
|move|p1b: Sheisty|Parting Shot|p2a: Lifeguard
|-unboost|p2a: Lifeguard|atk|1
|-unboost|p2a: Lifeguard|spa|1
|
|t:|1782324632
|switch|p1b: Zhenglong|Metagross, L50|100/100|[from] Parting Shot
|move|p1a: Freddy Gible|Earthquake|p2a: Lifeguard|[spread] p1b
|-activate|p2a: Lifeguard|move: Wide Guard
|-activate|p2b: Skibidi Drizz|move: Wide Guard
|-supereffective|p1b: Zhenglong|1
|-damage|p1b: Zhenglong|11/100
|-damage|p1a: Freddy Gible|90/100|[from] item: Life Orb
|move|p2a: Lifeguard|Electro Shot||[still]
|-prepare|p2a: Lifeguard|Electro Shot
|-boost|p2a: Lifeguard|spa|1
|-anim|p2a: Lifeguard|Electro Shot|p1b: Zhenglong
|-damage|p1b: Zhenglong|0 fnt
|faint|p1b: Zhenglong
|
|-weather|RainDance|[upkeep]
|upkeep
|
|t:|1782324634
|switch|p1b: Sheisty|Grimmsnarl, L50, M|100/100
|turn|4
|c|â˜†NorfOrSomething|im gonna kms
|c|â˜†NorfOrSomething|im so dumbbbb
|c|â˜†the crimson wooper|it's a TSA match bro it is never that deep lmao
|
|t:|1782324658
|move|p2b: Skibidi Drizz|Wide Guard|p2b: Skibidi Drizz
|-singleturn|p2b: Skibidi Drizz|Wide Guard
|move|p1b: Sheisty|Parting Shot|p2a: Lifeguard
|-unboost|p2a: Lifeguard|atk|1
|-unboost|p2a: Lifeguard|spa|1
|move|p1a: Freddy Gible|Dragon Claw|p2a: Lifeguard
|-damage|p2a: Lifeguard|55/100
|-ability|p2a: Lifeguard|Stamina|boost
|-boost|p2a: Lifeguard|def|1
|-damage|p1a: Freddy Gible|80/100|[from] item: Life Orb
|move|p2a: Lifeguard|Draco Meteor|p1a: Freddy Gible
|-supereffective|p1a: Freddy Gible|1
|-crit|p1a: Freddy Gible
|-damage|p1a: Freddy Gible|0 fnt
|-unboost|p2a: Lifeguard|spa|2
|faint|p1a: Freddy Gible
|
|-weather|RainDance|[upkeep]
|-heal|p2a: Lifeguard|61/100|[from] item: Leftovers
|upkeep
|turn|5
|-message|NorfOrSomething forfeited.
|
|win|the crimson wooper
|l|â˜†NorfOrSomething
|player|p1|
|c|â˜†the crimson wooper|ggs
|l| tennerps
|l| Autin Mago
|l| TemporalDonut
|l| angelasmachine
|j| Hudie EU
