|j|‽bermusinho
|j|☆raksbach
|html|bermusinhoraksbach    
|uhtml|bestof|Game 3 of a best-of-3
|t:|1784887663
|gametype|doubles
|player|p1|bermusinho|170|1364
|player|p2|raksbach|2|1270
|gen|9
|tier|[Gen 9 Champions] VGC 2026 Reg M-B (Bo3)
|rated|
|rule|Species Clause: Limit one of each Pokémon
|rule|Item Clause: Limit 1 of each item
|clearpoke
|poke|p1|Aerodactyl, L50, F|
|poke|p1|Kingambit, L50, M|
|poke|p1|Sylveon, L50, F|
|poke|p1|Garchomp, L50, F|
|poke|p1|Charizard, L50, M|
|poke|p1|Incineroar, L50, M|
|poke|p2|Incineroar, L50, F|
|poke|p2|Maushold, L50|
|poke|p2|Sinistcha, L50|
|poke|p2|Sneasler, L50, F|
|poke|p2|Blastoise, L50, M|
|poke|p2|Delphox, L50, F|
|teampreview|4
|showteam|p1|Aerodactyl||Aerodactylite|Unnerve|RockSlide,IceFang,Tailwind,WideGuard|Jolly||F|||50|]Kingambit||FocusSash|Defiant|KowtowCleave,SuckerPunch,IronHead,Protect|Adamant||M|||50|]Sylveon||FairyFeather|Pixilate|Detect,HyperVoice,HyperBeam,QuickAttack|Modest||F|||50|]Garchomp||LifeOrb|RoughSkin|Earthquake,DragonClaw,StompingTantrum,Protect|Jolly||F|||50|]Charizard||CharizarditeY|Blaze|Protect,HeatWave,SolarBeam,WeatherBall|Modest||M|||50|]Incineroar||SitrusBerry|Intimidate|DarkestLariat,FlareBlitz,FakeOut,PartingShot|Impish||M|||50|
|showteam|p2|Incineroar||SitrusBerry|Intimidate|FakeOut,FlareBlitz,DarkestLariat,PartingShot|Impish||F|||50|]Maushold||ChopleBerry|FriendGuard|SuperFang,FollowMe,Protect,Feint|Impish|||||50|]Sinistcha||OccaBerry|Hospitality|MatchaGotcha,LifeDew,RagePowder,Protect|Bold|||||50|]Sneasler||FocusSash|PoisonTouch|FakeOut,CloseCombat,DireClaw,QuickGuard|Jolly||F|||50|]Blastoise||Blastoisinite|Torrent|WaterSpout,DarkPulse,ShellSmash,Protect|Modest||M|||50|]Delphox||Delphoxite|Blaze|HeatWave,Psychic,NastyPlot,Protect|Timid||F|||50|
|inactive|Battle timer is ON: inactive players will automatically lose when time's up. (requested by raksbach)
|
|t:|1784887685
|teamsize|p1|4
|teamsize|p2|4
|start
|switch|p1a: Charizard|Charizard, L50, M|100/100
|switch|p1b: Kingambit|Kingambit, L50, M|100/100
|switch|p2a: Sneasler|Sneasler, L50, F|100/100
|switch|p2b: Blastoise|Blastoise, L50, M|100/100
|turn|1
|inactive|raksbach has 30 seconds left.
|
|t:|1784887718
|detailschange|p1a: Charizard|Charizard-Mega-Y, L50, M
|-mega|p1a: Charizard|Charizard|Charizardite Y
|-weather|SunnyDay|[from] ability: Drought|[of] p1a: Charizard
|detailschange|p2b: Blastoise|Blastoise-Mega, L50, M
|-mega|p2b: Blastoise|Blastoise|Blastoisinite
|move|p2a: Sneasler|Fake Out|p1a: Charizard
|-damage|p1a: Charizard|84/100
|cant|p1a: Charizard|flinch
|move|p2b: Blastoise|Shell Smash|p2b: Blastoise
|-unboost|p2b: Blastoise|def|1
|-unboost|p2b: Blastoise|spd|1
|-boost|p2b: Blastoise|atk|2
|-boost|p2b: Blastoise|spa|2
|-boost|p2b: Blastoise|spe|2
|move|p1b: Kingambit|Kowtow Cleave|p2b: Blastoise
|-damage|p2b: Blastoise|22/100
|
|-weather|SunnyDay|[upkeep]
|upkeep
|turn|2
|
|t:|1784887738
|move|p2b: Blastoise|Protect|p2b: Blastoise
|-singleturn|p2b: Blastoise|Protect
|move|p1b: Kingambit|Sucker Punch||[still]
|-fail|p1b: Kingambit
|move|p2a: Sneasler|Close Combat|p1b: Kingambit
|-supereffective|p1b: Kingambit|2
|-enditem|p1b: Kingambit|Focus Sash
|-damage|p1b: Kingambit|1/100
|-unboost|p2a: Sneasler|def|1
|-unboost|p2a: Sneasler|spd|1
|move|p1a: Charizard|Weather Ball|p2a: Sneasler
|-enditem|p2a: Sneasler|Focus Sash
|-damage|p2a: Sneasler|1/100
|
|-weather|SunnyDay|[upkeep]
|upkeep
|turn|3
|inactive|raksbach has 30 seconds left.
|
|t:|1784887763
|move|p2a: Sneasler|Quick Guard|p2a: Sneasler
|-singleturn|p2a: Sneasler|Quick Guard
|move|p1b: Kingambit|Sucker Punch|p2b: Blastoise
|-activate|p2b: Blastoise|move: Quick Guard
|move|p2b: Blastoise|Dark Pulse|p1a: Charizard
|-damage|p1a: Charizard|0 fnt
|faint|p1a: Charizard
|
|-weather|SunnyDay|[upkeep]
|upkeep
|
|t:|1784887772
|switch|p1a: Sylveon|Sylveon, L50, F|100/100
|turn|4
|
|t:|1784887789
|move|p2b: Blastoise|Protect|p2b: Blastoise
|-singleturn|p2b: Blastoise|Protect
|move|p1b: Kingambit|Sucker Punch|p2a: Sneasler
|-resisted|p2a: Sneasler|1
|-damage|p2a: Sneasler|0 fnt
|faint|p2a: Sneasler
|move|p1a: Sylveon|Hyper Voice|p2b: Blastoise
|-activate|p2b: Blastoise|move: Protect
|
|-weather|SunnyDay|[upkeep]
|upkeep
|
|t:|1784887799
|switch|p2a: Sinistcha|Sinistcha, L50|100/100
|-heal|p2b: Blastoise|47/100|[from] ability: Hospitality|[of] p2a: Sinistcha
|turn|5
|inactive|raksbach has 30 seconds left.
|
|t:|1784887832
|switch|p2b: Incineroar|Incineroar, L50, F|100/100
|-ability|p2b: Incineroar|Intimidate|boost
|-unboost|p1a: Sylveon|atk|1
|-unboost|p1b: Kingambit|atk|1
|-ability|p1b: Kingambit|Defiant|boost
|-boost|p1b: Kingambit|atk|2
|move|p1b: Kingambit|Protect|p1b: Kingambit
|-singleturn|p1b: Kingambit|Protect
|move|p1a: Sylveon|Hyper Voice|p2b: Incineroar|[spread] p2a,p2b
|-damage|p2a: Sinistcha|60/100
|-damage|p2b: Incineroar|58/100
|move|p2a: Sinistcha|Matcha Gotcha|p1a: Sylveon|[spread] p1a
|-activate|p1b: Kingambit|move: Protect
|-damage|p1a: Sylveon|79/100
|-heal|p2a: Sinistcha|71/100|[from] drain|[of] p1a: Sylveon
|-status|p1a: Sylveon|brn
|
|-weather|none
|-damage|p1a: Sylveon|73/100 brn|[from] brn
|upkeep
|turn|6
|inactive|raksbach has 30 seconds left.
|inactive|raksbach has 20 seconds left.
|
|t:|1784887870
|switch|p1b: Incineroar|Incineroar, L50, M|100/100
|-ability|p1b: Incineroar|Intimidate|boost
|-unboost|p2a: Sinistcha|atk|1
|-unboost|p2b: Incineroar|atk|1
|move|p1a: Sylveon|Hyper Beam|p2b: Incineroar
|-damage|p2b: Incineroar|0 fnt
|-mustrecharge|p1a: Sylveon
|faint|p2b: Incineroar
|move|p2a: Sinistcha|Matcha Gotcha|p1a: Sylveon|[spread] p1a,p1b
|-resisted|p1b: Incineroar|1
|-damage|p1a: Sylveon|55/100 brn
|-heal|p2a: Sinistcha|81/100|[from] drain|[of] p1a: Sylveon
|-damage|p1b: Incineroar|88/100
|-heal|p2a: Sinistcha|88/100|[from] drain|[of] p1b: Incineroar
|
|-damage|p1a: Sylveon|50/100y brn|[from] brn
|upkeep
|
|t:|1784887883
|switch|p2b: Blastoise|Blastoise-Mega, L50, M|47/100
|turn|7
|
|t:|1784887895
|move|p2b: Blastoise|Protect|p2b: Blastoise
|-singleturn|p2b: Blastoise|Protect
|move|p1b: Incineroar|Fake Out|p2b: Blastoise
|-activate|p2b: Blastoise|move: Protect
|cant|p1a: Sylveon|recharge
|move|p2a: Sinistcha|Life Dew|p2a: Sinistcha|[spread] p2a,p2b
|-heal|p2a: Sinistcha|100/100
|-heal|p2b: Blastoise|72/100
|
|-damage|p1a: Sylveon|44/100 brn|[from] brn
|upkeep
|turn|8
|inactive|raksbach has 30 seconds left.
|
|t:|1784887928
|switch|p1b: Kingambit|Kingambit, L50, M|1/100
|move|p2a: Sinistcha|Rage Powder|p2a: Sinistcha
|-singleturn|p2a: Sinistcha|move: Rage Powder
|move|p2b: Blastoise|Water Spout|p1a: Sylveon|[spread] p1a,p1b
|-damage|p1a: Sylveon|10/100 brn
|-damage|p1b: Kingambit|0 fnt
|faint|p1b: Kingambit
|move|p1a: Sylveon|Hyper Beam|p2a: Sinistcha
|-damage|p2a: Sinistcha|8/100
|-mustrecharge|p1a: Sylveon
|
|-damage|p1a: Sylveon|4/100 brn|[from] brn
|upkeep
|
|t:|1784887939
|switch|p1b: Incineroar|Incineroar, L50, M|88/100
|-ability|p1b: Incineroar|Intimidate|boost
|-unboost|p2a: Sinistcha|atk|1
|-unboost|p2b: Blastoise|atk|1
|turn|9
|-message|bermusinho forfeited.
|
|win|raksbach
|raw|bermusinho's rating: 1364 → 1339(-25 for losing)
|raw|raksbach's rating: 1270 → 1302(+32 for winning)
