|j|☆aqoursfan1
|j|☆lakenta
|html|aqoursfan1lakenta    
|uhtml|bestof|Game 2 of a best-of-3
|t:|1785616613
|gametype|doubles
|player|p1|aqoursfan1|anabel-gen7|1143
|player|p2|lakenta|pokemonranger-gen4|1149
|gen|9
|tier|[Gen 9 Champions] VGC 2026 Reg M-B (Bo3)
|rated|
|rule|Species Clause: Limit one of each Pokémon
|rule|Item Clause: Limit 1 of each item
|clearpoke
|poke|p1|Raichu, L50, F|
|poke|p1|Gengar, L50, F|
|poke|p1|Incineroar, L50, M|
|poke|p1|Ninetales-Alola, L50, F, shiny|
|poke|p1|Volcarona, L50, F, shiny|
|poke|p1|Kommo-o, L50, M|
|poke|p2|Kingambit, L50, M|
|poke|p2|Charizard, L50, F|
|poke|p2|Garchomp, L50, F|
|poke|p2|Aerodactyl, L50, M|
|poke|p2|Sneasler, L50, M|
|poke|p2|Floette-Eternal, L50, F|
|teampreview|4
|showteam|p1|Raichu||RaichuniteX|LightningRod|VoltTackle,VoltSwitch,FakeOut,Protect|Jolly||F|||50|]Gengar||Gengarite|CursedBody|ShadowBall,SludgeBomb,Substitute,Protect|Modest||F|||50|]Incineroar||PasshoBerry|Intimidate|FlareBlitz,ThroatChop,PartingShot,FakeOut|Adamant||M|||50|]Ninetales-Alola||ChoiceScarf|SnowWarning|Blizzard,FreezeDry,IcyWind,Moonblast|Timid||F|||50|]Volcarona||SitrusBerry|FlameBody|Flamethrower,StruggleBug,RagePowder,Protect|Bold||F|||50|]Kommo-o||Leftovers|Soundproof|ClangingScales,AuraSphere,ClangorousSoul,Protect|Modest||M|||50|
|showteam|p2|Kingambit||BlackGlasses|Defiant|KowtowCleave,IronHead,SuckerPunch,Protect|Adamant||M|||50|]Charizard||CharizarditeY|SolarPower|WeatherBall,HeatWave,SolarBeam,Protect|Modest||F|||50|]Garchomp||LifeOrb|RoughSkin|ScaleShot,RockSlide,Earthquake,Protect|Adamant||F|||50|]Aerodactyl||FocusSash|Unnerve|RockSlide,Tailwind,WideGuard,Protect|Jolly||M|||50|]Sneasler||WhiteHerb|Unburden|CloseCombat,DireClaw,FakeOut,Protect|Adamant||M|||50|]Floette-Eternal||Floettite|FlowerVeil|Moonblast,LightofRuin,DazzlingGleam,Protect|Timid||F|||50|
|inactive|Battle timer is ON: inactive players will automatically lose when time's up. (requested by aqoursfan1)
|inactive|lakenta has 60 seconds left.
|
|t:|1785616660
|teamsize|p1|4
|teamsize|p2|4
|start
|switch|p1a: Kommo-o|Kommo-o, L50, M|100/100
|switch|p1b: Raichu|Raichu, L50, F|100/100
|switch|p2a: Kanye West|Sneasler, L50, M|100/100
|switch|p2b: Leon Thomas|Kingambit, L50, M|100/100
|turn|1
|inactive|aqoursfan1 has 30 seconds left.
|inactive|aqoursfan1 has 20 seconds left.
|
|t:|1785616696
|switch|p2b: Billie Eilish|Floette-Eternal, L50, F|100/100
|move|p1b: Raichu|Fake Out|p2a: Kanye West
|-damage|p2a: Kanye West|83/100
|cant|p2a: Kanye West|flinch
|move|p1a: Kommo-o|Clangorous Soul|p1a: Kommo-o
|-boost|p1a: Kommo-o|atk|1
|-boost|p1a: Kommo-o|def|1
|-boost|p1a: Kommo-o|spa|1
|-boost|p1a: Kommo-o|spd|1
|-boost|p1a: Kommo-o|spe|1
|-damage|p1a: Kommo-o|67/100
|
|-heal|p1a: Kommo-o|73/100|[from] item: Leftovers
|upkeep
|turn|2
|
|t:|1785616712
|switch|p2a: Leon Thomas|Kingambit, L50, M|100/100
|detailschange|p2b: Billie Eilish|Floette-Mega, L50, F
|-mega|p2b: Billie Eilish|Floette|Floettite
|-ability|p2b: Billie Eilish|Fairy Aura
|move|p1a: Kommo-o|Protect|p1a: Kommo-o
|-singleturn|p1a: Kommo-o|Protect
|move|p1b: Raichu|Volt Tackle|p2b: Billie Eilish
|-damage|p2b: Billie Eilish|45/100
|-status|p2b: Billie Eilish|par
|-damage|p1b: Raichu|82/100|[from] Recoil
|move|p2b: Billie Eilish|Dazzling Gleam|p1b: Raichu|[spread] p1b
|-activate|p1a: Kommo-o|move: Protect
|-damage|p1b: Raichu|19/100
|
|-heal|p1a: Kommo-o|79/100|[from] item: Leftovers
|upkeep
|turn|3
|inactive|aqoursfan1 has 30 seconds left.
|
|t:|1785616739
|switch|p1b: Gengar|Gengar, L50, F|100/100
|move|p2a: Leon Thomas|Sucker Punch||[still]
|-fail|p2a: Leon Thomas
|move|p1a: Kommo-o|Aura Sphere|p2a: Leon Thomas
|-supereffective|p2a: Leon Thomas|2
|-damage|p2a: Leon Thomas|0 fnt
|faint|p2a: Leon Thomas
|move|p2b: Billie Eilish|Dazzling Gleam|p1b: Gengar|[spread] p1a,p1b
|-supereffective|p1a: Kommo-o|2
|-resisted|p1b: Gengar|1
|-damage|p1a: Kommo-o|0 fnt
|-damage|p1b: Gengar|69/100
|faint|p1a: Kommo-o
|
|upkeep
|
|t:|1785616752
|switch|p1a: Ninetales|Ninetales-Alola, L50, F, shiny|100/100
|switch|p2a: Beabadoobee|Garchomp, L50, F|100/100
|-weather|Snowscape|[from] ability: Snow Warning|[of] p1a: Ninetales
|turn|4
|
|t:|1785616758
|detailschange|p1b: Gengar|Gengar-Mega, L50, F
|-mega|p1b: Gengar|Gengar|Gengarite
|move|p2a: Beabadoobee|Protect|p2a: Beabadoobee
|-singleturn|p2a: Beabadoobee|Protect
|move|p1a: Ninetales|Blizzard|p2a: Beabadoobee|[spread] p2b
|-activate|p2a: Beabadoobee|move: Protect
|-damage|p2b: Billie Eilish|16/100 par
|move|p1b: Gengar|Sludge Bomb|p2b: Billie Eilish
|-supereffective|p2b: Billie Eilish|1
|-damage|p2b: Billie Eilish|0 fnt
|faint|p2b: Billie Eilish
|
|-weather|Snowscape|[upkeep]
|upkeep
|
|t:|1785616766
|switch|p2b: Kanye West|Sneasler, L50, M|83/100
|turn|5
|
|t:|1785616777
|switch|p1a: Raichu|Raichu, L50, F|19/100
|move|p1b: Gengar|Protect|p1b: Gengar
|-singleturn|p1b: Gengar|Protect
|move|p2b: Kanye West|Fake Out|p1a: Raichu
|-damage|p1a: Raichu|0 fnt
|faint|p1a: Raichu
|move|p2a: Beabadoobee|Rock Slide|p1b: Gengar
|-activate|p1b: Gengar|move: Protect
|
|-weather|Snowscape|[upkeep]
|upkeep
|
|t:|1785616779
|switch|p1a: Ninetales|Ninetales-Alola, L50, F, shiny|100/100
|turn|6
|
|t:|1785616792
|move|p2a: Beabadoobee|Protect|p2a: Beabadoobee
|-singleturn|p2a: Beabadoobee|Protect
|move|p1a: Ninetales|Blizzard|p2a: Beabadoobee|[spread] p2b
|-activate|p2a: Beabadoobee|move: Protect
|-damage|p2b: Kanye West|36/100
|-status|p2b: Kanye West|frz
|move|p1b: Gengar|Shadow Ball|p2b: Kanye West
|-damage|p2b: Kanye West|0 fnt
|faint|p2b: Kanye West
|
|-weather|Snowscape|[upkeep]
|upkeep
|turn|7
|inactive|aqoursfan1 has 30 seconds left.
|
|t:|1785616817
|move|p2a: Beabadoobee|Protect|p2a: Beabadoobee
|-singleturn|p2a: Beabadoobee|Protect
|move|p1a: Ninetales|Blizzard|p2a: Beabadoobee
|-activate|p2a: Beabadoobee|move: Protect
|move|p1b: Gengar|Shadow Ball|p2a: Beabadoobee
|-activate|p2a: Beabadoobee|move: Protect
|
|-weather|Snowscape|[upkeep]
|upkeep
|turn|8
|
|t:|1785616819
|move|p2a: Beabadoobee|Protect||[still]
|-fail|p2a: Beabadoobee
|move|p1a: Ninetales|Blizzard|p2a: Beabadoobee
|-supereffective|p2a: Beabadoobee|2
|-damage|p2a: Beabadoobee|0 fnt
|faint|p2a: Beabadoobee
|
|win|aqoursfan1
