|j|☆Mongoos19
|j|‽Chimazuru
|html|Mongoos19Chimazuru    
|uhtml|bestof|Game 2 of a best-of-3
|t:|1756569899
|gametype|doubles
|player|p1|Mongoos19|1|1098
|player|p2|Chimazuru|lady-gen4|1000
|gen|9
|tier|[Gen 9] VGC 2025 Reg H (Bo3)
|rated|
|rule|Species Clause: Limit one of each Pokémon
|rule|Item Clause: Limit 1 of each item
|clearpoke
|poke|p1|Rillaboom, L50, M|
|poke|p1|Incineroar, L50, M|
|poke|p1|Tauros-Paldea-Aqua, L50, M|
|poke|p1|Yanmega, L50, F|
|poke|p1|Glimmora, L50, F|
|poke|p1|Porygon-Z, L50|
|poke|p2|Armarouge, L50, F|
|poke|p2|Torkoal, L50, F|
|poke|p2|Ursaluna, L50, M|
|poke|p2|Indeedee-F, L50, F|
|poke|p2|Lilligant-Hisui, L50, F|
|poke|p2|Annihilape, L50, M|
|teampreview|4
|showteam|p1|Rillaboom||AssaultVest|GrassySurge|FakeOut,WoodHammer,GrassyGlide,Uturn|||M|||50|,,,,,Fire]Incineroar||SafetyGoggles|Intimidate|FakeOut,FlareBlitz,KnockOff,PartingShot|||M|||50|,,,,,Ghost]Tauros-Paldea-Aqua||MirrorHerb|Intimidate|WaveCrash,CloseCombat,WildCharge,Protect|||M|||50|,,,,,Fire]Yanmega||FocusSash|SpeedBoost|BugBuzz,AirSlash,Tailwind,Protect|||F|||50|,,,,,Ghost]Glimmora||PowerHerb|ToxicDebris|SludgeBomb,EarthPower,MeteorBeam,SpikyShield|||F|||50|,,,,,Grass]Porygon-Z||LifeOrb|Adaptability|TeraBlast,HyperBeam,IcyWind,Protect||||||50|,,,,,Fighting
|showteam|p2|Armarouge||LifeOrb|FlashFire|ExpandingForce,ArmorCannon,TrickRoom,Protect|||F|||50|,,,,,Grass]Torkoal||Charcoal|Drought|Protect,ClearSmog,WeatherBall,Eruption|||F|||50|,,,,,Fire]Ursaluna||FlameOrb|Guts|Facade,Protect,Earthquake,HeadlongRush|||M|||50|,,,,,Ghost]Indeedee-F||RockyHelmet|PsychicSurge|FollowMe,HelpingHand,TrickRoom,Psychic|||F|||50|,,,,,Psychic]Lilligant-Hisui||FocusSash|Chlorophyll|LeafBlade,CloseCombat,SleepPowder,AfterYou|||F|||50|,,,,,Ghost]Annihilape||SafetyGoggles|Defiant|FinalGambit,Protect,Taunt,CloseCombat|||M|||50|,,,,,Fire
|inactive|Battle timer is ON: inactive players will automatically lose when time's up. (requested by Mongoos19)
|inactive|Chimazuru has 60 seconds left.
|
|t:|1756569933
|teamsize|p1|4
|teamsize|p2|4
|start
|switch|p1a: Incineroar|Incineroar, L50, M, shiny|100/100
|switch|p1b: Glimmora|Glimmora, L50, F|100/100
|switch|p2a: Annihilape|Annihilape, L50, M|100/100
|switch|p2b: Indeedee|Indeedee-F, L50, F|100/100
|-fieldstart|move: Psychic Terrain|[from] ability: Psychic Surge|[of] p2b: Indeedee
|-ability|p1a: Incineroar|Intimidate|boost
|-unboost|p2a: Annihilape|atk|1
|-ability|p2a: Annihilape|Defiant|boost
|-boost|p2a: Annihilape|atk|2
|-unboost|p2b: Indeedee|atk|1
|turn|1
|inactive|Mongoos19 has 30 seconds left.
|inactive|Chimazuru has 30 seconds left.
|
|t:|1756569962
|move|p2b: Indeedee|Follow Me|p2b: Indeedee
|-singleturn|p2b: Indeedee|move: Follow Me
|move|p2a: Annihilape|Close Combat|p1a: Incineroar
|-supereffective|p1a: Incineroar
|-damage|p1a: Incineroar|0 fnt
|-unboost|p2a: Annihilape|def|1
|-unboost|p2a: Annihilape|spd|1
|faint|p1a: Incineroar
|move|p1b: Glimmora|Meteor Beam||[still]
|-prepare|p1b: Glimmora|Meteor Beam
|-boost|p1b: Glimmora|spa|1
|-enditem|p1b: Glimmora|Power Herb
|-anim|p1b: Glimmora|Meteor Beam|p2b: Indeedee
|-damage|p2b: Indeedee|5/100
|
|upkeep
|inactive|Mongoos19 has 30 seconds left.
|inactive|Mongoos19 has 20 seconds left.
|
|t:|1756569999
|switch|p1a: Jackie Chan|Rillaboom, L50, M|100/100
|-fieldstart|move: Grassy Terrain|[from] ability: Grassy Surge|[of] p1a: Jackie Chan
|turn|2
|
|t:|1756570019
|switch|p2b: Torkoal|Torkoal, L50, F|100/100
|-weather|SunnyDay|[from] ability: Drought|[of] p2b: Torkoal
|move|p2a: Annihilape|Protect|p2a: Annihilape
|-singleturn|p2a: Annihilape|Protect
|move|p1a: Jackie Chan|Grassy Glide|p2b: Torkoal
|-resisted|p2b: Torkoal
|-damage|p2b: Torkoal|89/100
|move|p1b: Glimmora|Earth Power|p2a: Annihilape
|-activate|p2a: Annihilape|move: Protect
|
|-weather|SunnyDay|[upkeep]
|-heal|p2b: Torkoal|95/100|[from] Grassy Terrain
|upkeep
|turn|3
|inactive|Mongoos19 has 30 seconds left.
|inactive|Chimazuru has 30 seconds left.
|inactive|Mongoos19 has 20 seconds left.
|inactive|Chimazuru has 20 seconds left.
|inactive|Mongoos19 has 15 seconds left.
|inactive|Chimazuru has 15 seconds left.
|inactive|Chimazuru has 10 seconds left.
|
|t:|1756570066
|move|p2a: Annihilape|Taunt|p1b: Glimmora
|-start|p1b: Glimmora|move: Taunt
|move|p1b: Glimmora|Earth Power|p2b: Torkoal
|-supereffective|p2b: Torkoal
|-damage|p2b: Torkoal|0 fnt
|faint|p2b: Torkoal
|move|p1a: Jackie Chan|Wood Hammer|p2a: Annihilape
|-damage|p2a: Annihilape|0 fnt
|faint|p2a: Annihilape
|-damage|p1a: Jackie Chan|63/100|[from] Recoil
|
|-weather|SunnyDay|[upkeep]
|-heal|p1a: Jackie Chan|69/100|[from] Grassy Terrain
|upkeep
|
|t:|1756570082
|switch|p2a: Lilligant|Lilligant-Hisui, L50, F|100/100
|switch|p2b: Indeedee|Indeedee-F, L50, F|5/100
|-fieldstart|move: Psychic Terrain|[from] ability: Psychic Surge|[of] p2b: Indeedee
|turn|4
|
|t:|1756570101
|-terastallize|p1b: Glimmora|Grass
|move|p2b: Indeedee|Follow Me|p2b: Indeedee
|-singleturn|p2b: Indeedee|move: Follow Me
|move|p2a: Lilligant|Close Combat|p1b: Glimmora
|-damage|p1b: Glimmora|32/100
|-unboost|p2a: Lilligant|def|1
|-unboost|p2a: Lilligant|spd|1
|-activate|p1b: Glimmora|ability: Toxic Debris
|-sidestart|p2: Chimazuru|move: Toxic Spikes
|move|p1b: Glimmora|Sludge Bomb|p2b: Indeedee
|-damage|p2b: Indeedee|0 fnt
|faint|p2b: Indeedee
|move|p1a: Jackie Chan|U-turn|p2a: Lilligant
|-damage|p2a: Lilligant|49/100
|
|t:|1756570116
|switch|p1a: Yanmega|Yanmega, L50, F|100/100|[from] U-turn
|
|-weather|SunnyDay|[upkeep]
|upkeep
|turn|5
|
|t:|1756570125
|-terastallize|p2a: Lilligant|Ghost
|move|p2a: Lilligant|Leaf Blade|p1b: Glimmora
|-resisted|p1b: Glimmora
|-damage|p1b: Glimmora|4/100
|-activate|p1b: Glimmora|ability: Toxic Debris
|-sidestart|p2: Chimazuru|move: Toxic Spikes
|move|p1b: Glimmora|Sludge Bomb|p2a: Lilligant
|-resisted|p2a: Lilligant
|-damage|p2a: Lilligant|0 fnt
|faint|p2a: Lilligant
|
|win|Mongoos19
|inactive|Mongoos19 has 30 seconds to confirm battle start!
|inactive|Chimazuru has 30 seconds to confirm battle start!
||Mongoos19 is ready for game 3.
||Chimazuru is ready for game 3.
|uhtml|next|Next: Game 3 of 3
|l|☆Mongoos19
|player|p1|
