|j|☆quailfish
|j|☆new mental
|html|quailfishnew mental    
|uhtml|bestof|Game 2 of a best-of-3
|t:|1785684266
|gametype|doubles
|player|p1|quailfish|265|1153
|player|p2|new mental|volkner|1345
|gen|9
|tier|[Gen 9 Champions] VGC 2026 Reg M-B (Bo3)
|rated|
|rule|Species Clause: Limit one of each Pokémon
|rule|Item Clause: Limit 1 of each item
|clearpoke
|poke|p1|Swampert, L50, M|
|poke|p1|Pelipper, L50, M|
|poke|p1|Grimmsnarl, L50, M|
|poke|p1|Orthworm, L50, F|
|poke|p1|Dragalge, L50, M|
|poke|p1|Dragapult, L50, M|
|poke|p2|Charizard, L50, M|
|poke|p2|Garchomp, L50, M|
|poke|p2|Incineroar, L50, F|
|poke|p2|Venusaur, L50, M|
|poke|p2|Toxapex, L50, F|
|poke|p2|Sylveon, L50, F|
|teampreview|4
|showteam|p1|Swampert||Swampertite|Torrent|Earthquake,WaveCrash,Protect,FlipTurn|Adamant||M|||50|]Pelipper||ExpertBelt|Drizzle|Hurricane,Protect,MuddyWater,Tailwind|Bold||M|||50|]Grimmsnarl||LightClay|Prankster|PartingShot,Reflect,LightScreen,ThroatChop|Careful||M|||50|]Orthworm||SitrusBerry|EarthEater|Protect,ShedTail,RockTomb,BodyPress|Impish||F|||50|]Dragalge||Dragalgite|Adaptability|SludgeBomb,Protect,FlipTurn,Haze|Sassy||M|||50|]Dragapult||Leftovers|ClearBody|Uturn,DragonDarts,WillOWisp,PhantomForce|Jolly||M|||50|
|showteam|p2|Charizard||CharizarditeY|Blaze|WeatherBall,HeatWave,AncientPower,Protect|Modest||M|||50|]Garchomp||ChoiceScarf|RoughSkin|RockSlide,DragonClaw,Earthquake,StompingTantrum|Adamant||M|||50|]Incineroar||SitrusBerry|Intimidate|FlareBlitz,FakeOut,DarkestLariat,PartingShot|Impish||F|||50|]Venusaur||LifeOrb|Chlorophyll|SludgeBomb,LeafStorm,EarthPower,Protect|Modest||M|||50|]Toxapex||Leftovers|Regenerator|Infestation,Toxic,WideGuard,BanefulBunker|Bold||F|||50|]Sylveon||FairyFeather|Pixilate|HyperVoice,QuickAttack,Yawn,Detect|Modest||F|||50|
|inactive|Battle timer is ON: inactive players will automatically lose when time's up. (requested by quailfish)
|
|t:|1785684287
|teamsize|p1|4
|teamsize|p2|4
|start
|switch|p1a: Dragalge|Dragalge, L50, M|100/100
|switch|p1b: Grimmsnarl|Grimmsnarl, L50, M|100/100
|switch|p2a: Charizard|Charizard, L50, M|100/100
|switch|p2b: Toxapex|Toxapex, L50, F|100/100
|turn|1
|
|t:|1785684311
|detailschange|p2a: Charizard|Charizard-Mega-Y, L50, M
|-mega|p2a: Charizard|Charizard|Charizardite Y
|-weather|SunnyDay|[from] ability: Drought|[of] p2a: Charizard
|detailschange|p1a: Dragalge|Dragalge-Mega, L50, M
|-mega|p1a: Dragalge|Dragalge|Dragalgite
|move|p1b: Grimmsnarl|Light Screen|p1b: Grimmsnarl
|-sidestart|p1: quailfish|move: Light Screen
|move|p2a: Charizard|Heat Wave|p1b: Grimmsnarl|[spread] p1a,p1b
|-resisted|p1a: Dragalge|1
|-damage|p1a: Dragalge|87/100
|-damage|p1b: Grimmsnarl|58/100
|move|p1a: Dragalge|Flip Turn|p2a: Charizard
|-supereffective|p2a: Charizard|1
|-damage|p2a: Charizard|86/100
|
|t:|1785684324
|-heal|p1a: Dragalge|100/100|[from] ability: Regenerator|[silent]
|switch|p1a: Pelipper|Pelipper, L50, M|100/100|[from] Flip Turn
|-weather|RainDance|[from] ability: Drizzle|[of] p1a: Pelipper
|move|p2b: Toxapex|Toxic|p1b: Grimmsnarl
|-status|p1b: Grimmsnarl|tox
|
|-weather|RainDance|[upkeep]
|-damage|p1b: Grimmsnarl|52/100 tox|[from] psn
|upkeep
|turn|2
|inactive|quailfish has 30 seconds left.
|
|t:|1785684349
|switch|p2a: Sylveon|Sylveon, L50, F|100/100
|switch|p1a: Dragalge|Dragalge-Mega, L50, M|100/100
|move|p1b: Grimmsnarl|Parting Shot|p2a: Sylveon
|-unboost|p2a: Sylveon|atk|1
|-unboost|p2a: Sylveon|spa|1
|
|t:|1785684357
|switch|p1b: Swampert|Swampert, L50, M|100/100|[from] Parting Shot
|move|p2b: Toxapex|Toxic|p1a: Dragalge
|-immune|p1a: Dragalge
|
|-weather|RainDance|[upkeep]
|upkeep
|turn|3
|
|t:|1785684371
|move|p2a: Sylveon|Detect|p2a: Sylveon
|-singleturn|p2a: Sylveon|Protect
|move|p1b: Swampert|Flip Turn|p2b: Toxapex
|-resisted|p2b: Toxapex|1
|-damage|p2b: Toxapex|84/100
|
|t:|1785684376
|switch|p1b: Grimmsnarl|Grimmsnarl, L50, M|52/100 tox|[from] Flip Turn
|move|p1a: Dragalge|Sludge Bomb|p2a: Sylveon
|-activate|p2a: Sylveon|move: Protect
|move|p2b: Toxapex|Toxic|p1b: Grimmsnarl
|-fail|p1b: Grimmsnarl|tox
|
|-weather|RainDance|[upkeep]
|-heal|p2b: Toxapex|89/100|[from] item: Leftovers
|-damage|p1b: Grimmsnarl|46/100 tox|[from] psn
|upkeep
|turn|4
|
|t:|1785684392
|switch|p2a: Charizard|Charizard-Mega-Y, L50, M|86/100
|-weather|SunnyDay|[from] ability: Drought|[of] p2a: Charizard
|move|p1b: Grimmsnarl|Parting Shot|p2a: Charizard
|-unboost|p2a: Charizard|atk|1
|-unboost|p2a: Charizard|spa|1
|
|t:|1785684399
|switch|p1b: Pelipper|Pelipper, L50, M|100/100|[from] Parting Shot
|-weather|RainDance|[from] ability: Drizzle|[of] p1b: Pelipper
|move|p1a: Dragalge|Sludge Bomb|p2a: Charizard
|-crit|p2a: Charizard
|-damage|p2a: Charizard|26/100
|move|p2b: Toxapex|Infestation|p1a: Dragalge
|-resisted|p1a: Dragalge|1
|-damage|p1a: Dragalge|99/100
|-activate|p1a: Dragalge|move: Infestation|[of] p2b: Toxapex
|
|-weather|RainDance|[upkeep]
|-heal|p2b: Toxapex|95/100|[from] item: Leftovers
|-damage|p1a: Dragalge|87/100|[from] move: Infestation|[partiallytrapped]
|upkeep
|turn|5
|
|t:|1785684418
|move|p2a: Charizard|Protect|p2a: Charizard
|-singleturn|p2a: Charizard|Protect
|move|p1b: Pelipper|Muddy Water|p2a: Charizard|[spread] p2b
|-activate|p2a: Charizard|move: Protect
|-resisted|p2b: Toxapex|1
|-damage|p2b: Toxapex|82/100
|move|p1a: Dragalge|Flip Turn|p2a: Charizard
|-activate|p2a: Charizard|move: Protect
|move|p2b: Toxapex|Infestation|p1b: Pelipper
|-resisted|p1b: Pelipper|1
|-damage|p1b: Pelipper|98/100
|-activate|p1b: Pelipper|move: Infestation|[of] p2b: Toxapex
|
|-weather|RainDance|[upkeep]
|-heal|p2b: Toxapex|88/100|[from] item: Leftovers
|-damage|p1b: Pelipper|86/100|[from] move: Infestation|[partiallytrapped]
|-damage|p1a: Dragalge|75/100|[from] move: Infestation|[partiallytrapped]
|upkeep
|turn|6
|
|t:|1785684439
|switch|p2a: Sylveon|Sylveon, L50, F|100/100
|move|p1b: Pelipper|Tailwind|p1b: Pelipper
|-sidestart|p1: quailfish|move: Tailwind
|move|p1a: Dragalge|Flip Turn|p2a: Sylveon
|-damage|p2a: Sylveon|81/100
|
|t:|1785684448
|-heal|p1a: Dragalge|100/100|[from] ability: Regenerator|[silent]
|switch|p1a: Swampert|Swampert, L50, M|100/100|[from] Flip Turn
|move|p2b: Toxapex|Toxic|p1b: Pelipper
|-status|p1b: Pelipper|tox
|
|-weather|RainDance|[upkeep]
|-heal|p2b: Toxapex|94/100|[from] item: Leftovers
|-damage|p1b: Pelipper|80/100 tox|[from] psn
|-damage|p1b: Pelipper|68/100 tox|[from] move: Infestation|[partiallytrapped]
|upkeep
|turn|7
|
|t:|1785684461
|move|p1b: Pelipper|Protect|p1b: Pelipper
|-singleturn|p1b: Pelipper|Protect
|move|p1a: Swampert|Earthquake|p2b: Toxapex|[spread] p2a,p2b
|-activate|p1b: Pelipper|move: Protect
|-supereffective|p2b: Toxapex|1
|-damage|p2a: Sylveon|44/100
|-damage|p2b: Toxapex|44/100
|move|p2a: Sylveon|Hyper Voice|p1a: Swampert|[spread] p1a
|-activate|p1b: Pelipper|move: Protect
|-damage|p1a: Swampert|72/100
|move|p2b: Toxapex|Infestation|p1a: Swampert
|-damage|p1a: Swampert|70/100
|-activate|p1a: Swampert|move: Infestation|[of] p2b: Toxapex
|
|-weather|RainDance|[upkeep]
|-heal|p2b: Toxapex|50/100g|[from] item: Leftovers
|-damage|p1b: Pelipper|56/100 tox|[from] psn
|-damage|p1b: Pelipper|44/100 tox|[from] move: Infestation|[partiallytrapped]
|-damage|p1a: Swampert|58/100|[from] move: Infestation|[partiallytrapped]
|upkeep
|turn|8
|
|t:|1785684486
|move|p2a: Sylveon|Detect|p2a: Sylveon
|-singleturn|p2a: Sylveon|Protect
|move|p2b: Toxapex|Baneful Bunker|p2b: Toxapex
|-singleturn|p2b: Toxapex|move: Protect
|move|p1b: Pelipper|Muddy Water|p2b: Toxapex|[spread] 
|-activate|p2a: Sylveon|move: Protect
|-activate|p2b: Toxapex|move: Protect
|move|p1a: Swampert|Earthquake|p2b: Toxapex|[spread] 
|-activate|p2a: Sylveon|move: Protect
|-activate|p2b: Toxapex|move: Protect
|-immune|p1b: Pelipper
|
|-weather|none
|-heal|p2b: Toxapex|56/100|[from] item: Leftovers
|-damage|p1b: Pelipper|26/100 tox|[from] psn
|-damage|p1b: Pelipper|14/100 tox|[from] move: Infestation|[partiallytrapped]
|-damage|p1a: Swampert|46/100|[from] move: Infestation|[partiallytrapped]
|-sideend|p1: quailfish|move: Light Screen
|upkeep
|turn|9
|inactive|quailfish has 30 seconds left.
|
|t:|1785684511
|move|p2b: Toxapex|Wide Guard|p2b: Toxapex
|-singleturn|p2b: Toxapex|Wide Guard
|move|p1b: Pelipper|Muddy Water|p2a: Sylveon|[spread] 
|-activate|p2a: Sylveon|move: Wide Guard
|-activate|p2b: Toxapex|move: Wide Guard
|move|p1a: Swampert|Earthquake|p2b: Toxapex|[spread] 
|-activate|p2a: Sylveon|move: Wide Guard
|-activate|p2b: Toxapex|move: Wide Guard
|-immune|p1b: Pelipper
|move|p2a: Sylveon|Hyper Voice|p1b: Pelipper|[spread] p1a,p1b
|-damage|p1a: Swampert|1/100
|-damage|p1b: Pelipper|0 fnt
|faint|p1b: Pelipper
|
|-heal|p2b: Toxapex|61/100|[from] item: Leftovers
|-damage|p1a: Swampert|0 fnt|[from] move: Infestation|[partiallytrapped]
|faint|p1a: Swampert
|-sideend|p1: quailfish|move: Tailwind
|upkeep
|
|t:|1785684516
|switch|p1b: Grimmsnarl|Grimmsnarl, L50, M|46/100 tox
|switch|p1a: Dragalge|Dragalge-Mega, L50, M|100/100
|turn|10
|
|t:|1785684525
|move|p1b: Grimmsnarl|Light Screen|p1b: Grimmsnarl
|-sidestart|p1: quailfish|move: Light Screen
|move|p2a: Sylveon|Yawn|p1a: Dragalge
|-start|p1a: Dragalge|move: Yawn|[of] p2a: Sylveon
|move|p1a: Dragalge|Sludge Bomb|p2a: Sylveon
|-supereffective|p2a: Sylveon|1
|-damage|p2a: Sylveon|0 fnt
|faint|p2a: Sylveon
|move|p2b: Toxapex|Infestation|p1a: Dragalge
|-resisted|p1a: Dragalge|1
|-damage|p1a: Dragalge|99/100
|-activate|p1a: Dragalge|move: Infestation|[of] p2b: Toxapex
|
|-heal|p2b: Toxapex|67/100|[from] item: Leftovers
|-damage|p1b: Grimmsnarl|40/100 tox|[from] psn
|-damage|p1a: Dragalge|87/100|[from] move: Infestation|[partiallytrapped]
|upkeep
|
|t:|1785684530
|switch|p2a: Charizard|Charizard-Mega-Y, L50, M|26/100
|-weather|SunnyDay|[from] ability: Drought|[of] p2a: Charizard
|turn|11
|
|t:|1785684553
|move|p2a: Charizard|Heat Wave|p1b: Grimmsnarl|[spread] p1a,p1b
|-resisted|p1a: Dragalge|1
|-damage|p1a: Dragalge|75/100
|-damage|p1b: Grimmsnarl|0 fnt
|-status|p1a: Dragalge|brn
|faint|p1b: Grimmsnarl
|move|p1a: Dragalge|Sludge Bomb|p2a: Charizard
|-damage|p2a: Charizard|0 fnt
|faint|p2a: Charizard
|move|p2b: Toxapex|Infestation|p1a: Dragalge
|-resisted|p1a: Dragalge|1
|-damage|p1a: Dragalge|74/100 brn
|
|-weather|SunnyDay|[upkeep]
|-heal|p2b: Toxapex|73/100|[from] item: Leftovers
|-damage|p1a: Dragalge|68/100 brn|[from] brn
|-damage|p1a: Dragalge|56/100 brn|[from] move: Infestation|[partiallytrapped]
|-end|p1a: Dragalge|move: Yawn|[silent]
|upkeep
|
|t:|1785684556
|switch|p2a: Venusaur|Venusaur, L50, M|100/100
|turn|12
|c|☆new mental|gg
|-message|quailfish forfeited.
|
|win|new mental
|raw|quailfish's rating: 1153 → 1141(-12 for losing)
|raw|new mental's rating: 1345 → 1355(+10 for winning)
