|j|☆green caster
|j|☆ToastedArt
|html|green casterToastedArt    
|uhtml|bestof|Game 1 of a best-of-3
|t:|1785420749
|gametype|doubles
|player|p1|green caster|cynthia-gen4|1023
|player|p2|ToastedArt|iris|1000
|gen|9
|tier|[Gen 9 Champions] VGC 2026 Reg M-B (Bo3)
|rated|
|rule|Species Clause: Limit one of each Pokémon
|rule|Item Clause: Limit 1 of each item
|clearpoke
|poke|p1|Staraptor, L50, F|
|poke|p1|Grimmsnarl, L50, M|
|poke|p1|Mawile, L50, F|
|poke|p1|Sinistcha, L50|
|poke|p1|Farigiraf, L50, F|
|poke|p1|Basculegion, L50, M|
|poke|p2|Dragonite, L50, M|
|poke|p2|Gholdengo, L50|
|poke|p2|Maushold, L50|
|poke|p2|Annihilape, L50, F|
|poke|p2|Froslass, L50, F|
|poke|p2|Arcanine-Hisui, L50, M|
|teampreview|4
|showteam|p1|Staraptor||Staraptite|Intimidate|CloseCombat,Protect,BraveBird,Roost|Adamant||F|||50|]Grimmsnarl||LightClay|Prankster|PartingShot,SpiritBreak,LightScreen,Reflect|Careful||M|||50|]Mawile||Mawilite|Intimidate|SuckerPunch,IronHead,Protect,PlayRough|Adamant||F|||50|]Sinistcha||SitrusBerry|Hospitality|MatchaGotcha,Protect,RagePowder,LifeDew|Bold|||||50|]Farigiraf||FocusSash|ArmorTail|TrickRoom,Thunder,Protect,HelpingHand|Sassy||F|||50|]Basculegion||MysticWater|Adaptability|WaveCrash,Protect,LastRespects,FlipTurn|Careful||M|||50|
|showteam|p2|Dragonite||Dragoninite|Multiscale|DracoMeteor,HeatWave,Tailwind,Haze|Timid||M|||50|]Gholdengo||LifeOrb|GoodasGold|MakeItRain,ShadowBall,NastyPlot,Protect|Timid|||||50|]Maushold||FocusSash|FriendGuard|SuperFang,BeatUp,FollowMe,Protect|Jolly|||||50|]Annihilape||SitrusBerry|Defiant|RageFist,DrainPunch,BulkUp,Protect|Jolly||F|||50|]Froslass||Froslassite|SnowCloak|Blizzard,AuroraVeil,Haze,Protect|Modest||F|||50|]Arcanine-Hisui||ChoiceScarf|RockHead|HeadSmash,FlareBlitz,RockSlide,PsychicFangs|Jolly||M|||50|
|inactive|Battle timer is ON: inactive players will automatically lose when time's up. (requested by ToastedArt)
|inactive|green caster also wants the timer to be on.
|inactive|ToastedArt has 60 seconds left.
|
|t:|1785420781
|teamsize|p1|4
|teamsize|p2|4
|start
|switch|p1a: Basculegion|Basculegion, L50, M|100/100
|switch|p1b: Mawile|Mawile, L50, F|100/100
|switch|p2a: Froslass|Froslass, L50, F|100/100
|switch|p2b: Gholdengo|Gholdengo, L50|100/100
|-ability|p1b: Mawile|Intimidate|boost
|-unboost|p2a: Froslass|atk|1
|-unboost|p2b: Gholdengo|atk|1
|turn|1
|
|t:|1785420801
|detailschange|p2a: Froslass|Froslass-Mega, L50, F
|-mega|p2a: Froslass|Froslass|Froslassite
|-weather|Snowscape|[from] ability: Snow Warning|[of] p2a: Froslass
|detailschange|p1b: Mawile|Mawile-Mega, L50, F
|-mega|p1b: Mawile|Mawile|Mawilite
|move|p1b: Mawile|Sucker Punch||[still]
|-fail|p1b: Mawile
|move|p2a: Froslass|Aurora Veil|p2a: Froslass
|-sidestart|p2: ToastedArt|move: Aurora Veil
|move|p2b: Gholdengo|Shadow Ball|p1a: Basculegion
|-supereffective|p1a: Basculegion|1
|-damage|p1a: Basculegion|23/100
|-damage|p2b: Gholdengo|90/100|[from] item: Life Orb
|move|p1a: Basculegion|Last Respects|p2b: Gholdengo
|-supereffective|p2b: Gholdengo|1
|-damage|p2b: Gholdengo|52/100
|
|-weather|Snowscape|[upkeep]
|upkeep
|turn|2
|inactive|green caster has 30 seconds left.
|
|t:|1785420828
|switch|p2a: Maushold|Maushold, L50|100/100
|move|p1b: Mawile|Sucker Punch||[still]
|-fail|p1b: Mawile
|move|p2b: Gholdengo|Nasty Plot|p2b: Gholdengo
|-boost|p2b: Gholdengo|spa|2
|move|p1a: Basculegion|Wave Crash|p2b: Gholdengo
|-damage|p2b: Gholdengo|11/100
|-damage|p1a: Basculegion|13/100|[from] Recoil
|
|-weather|Snowscape|[upkeep]
|upkeep
|turn|3
|
|t:|1785420849
|move|p2a: Maushold|Follow Me|p2a: Maushold
|-singleturn|p2a: Maushold|move: Follow Me
|move|p1b: Mawile|Sucker Punch||[still]
|-fail|p1b: Mawile
|move|p2b: Gholdengo|Shadow Ball|p1b: Mawile
|-damage|p1b: Mawile|0 fnt
|faint|p1b: Mawile
|-damage|p2b: Gholdengo|1/100|[from] item: Life Orb
|move|p1a: Basculegion|Last Respects|p2a: Maushold
|-immune|p2a: Maushold
|
|-weather|Snowscape|[upkeep]
|upkeep
|
|t:|1785420863
|switch|p1b: Farigiraf|Farigiraf, L50, F|100/100
|turn|4
|
|t:|1785420874
|move|p2a: Maushold|Follow Me|p2a: Maushold
|-singleturn|p2a: Maushold|move: Follow Me
|move|p2b: Gholdengo|Make It Rain|p1b: Farigiraf|[spread] p1a,p1b
|-resisted|p1a: Basculegion|1
|-damage|p1a: Basculegion|0 fnt
|-damage|p1b: Farigiraf|18/100
|-unboost|p2b: Gholdengo|spa|2
|faint|p1a: Basculegion
|-damage|p2b: Gholdengo|0 fnt|[from] item: Life Orb
|faint|p2b: Gholdengo
|move|p1b: Farigiraf|Thunder|p2a: Maushold
|-damage|p2a: Maushold|75/100
|-status|p2a: Maushold|par
|
|-weather|Snowscape|[upkeep]
|upkeep
|
|t:|1785420890
|switch|p2b: Froslass|Froslass-Mega, L50, F|100/100
|switch|p1a: Sinistcha|Sinistcha, L50|100/100
|-heal|p1b: Farigiraf|43/100|[from] ability: Hospitality|[of] p1a: Sinistcha
|turn|5
|
|t:|1785420900
|move|p2a: Maushold|Follow Me|p2a: Maushold
|-singleturn|p2a: Maushold|move: Follow Me
|move|p2b: Froslass|Blizzard|p1a: Sinistcha|[spread] p1a,p1b
|-supereffective|p1a: Sinistcha|1
|-damage|p1a: Sinistcha|0 fnt
|-damage|p1b: Farigiraf|7/100
|faint|p1a: Sinistcha
|move|p1b: Farigiraf|Trick Room|p1b: Farigiraf
|-fieldstart|move: Trick Room|[of] p1b: Farigiraf
|
|-weather|none
|-sideend|p2: ToastedArt|move: Aurora Veil
|upkeep
|turn|6
|
|t:|1785420912
|move|p2a: Maushold|Follow Me|p2a: Maushold
|-singleturn|p2a: Maushold|move: Follow Me
|move|p1b: Farigiraf|Thunder|p2a: Maushold
|-damage|p2a: Maushold|38/100 par
|move|p2b: Froslass|Blizzard|p1b: Farigiraf
|-damage|p1b: Farigiraf|0 fnt
|faint|p1b: Farigiraf
|
|win|ToastedArt
