|j|☆Omaruco
|j|☆hhvhy
|html|Omarucohhvhy    
|uhtml|bestof|Game 1 of a best-of-3
|t:|1785702868
|gametype|doubles
|player|p1|Omaruco|arven-s|1000
|player|p2|hhvhy|bugcatcher-gen4dp|1000
|gen|9
|tier|[Gen 9 Champions] VGC 2026 Reg M-B (Bo3)
|rated|
|rule|Species Clause: Limit one of each Pokémon
|rule|Item Clause: Limit 1 of each item
|clearpoke
|poke|p1|Arcanine-Hisui, L50, M|
|poke|p1|Ninetales-Alola, L50, M|
|poke|p1|Incineroar, L50, M|
|poke|p1|Sinistcha, L50|
|poke|p1|Staraptor, L50, M|
|poke|p1|Gholdengo, L50|
|poke|p2|Floette-Eternal, L50, F|
|poke|p2|Charizard, L50, F, shiny|
|poke|p2|Garchomp, L50, F|
|poke|p2|Whimsicott, L50, M|
|poke|p2|Kingambit, L50, F|
|poke|p2|Basculegion, L50, M, shiny|
|teampreview|4
|showteam|p1|Arcanine-Hisui||FocusSash|RockHead|FlareBlitz,HeadSmash,ExtremeSpeed,Protect|Jolly||M|||50|]Ninetales-Alola||NeverMeltIce|SnowWarning|Protect,Encore,Blizzard,FreezeDry|Timid||M|||50|]Incineroar||SitrusBerry|Intimidate|FakeOut,FlareBlitz,ThroatChop,PartingShot|Careful||M|||50|]Sinistcha||OccaBerry|Hospitality|MatchaGotcha,RagePowder,TrickRoom,Protect|Bold|||||50|]Staraptor||Staraptite|Intimidate|BraveBird,CloseCombat,Tailwind,Protect|Jolly||M|||50|]Gholdengo||LifeOrb|GoodasGold|Protect,NastyPlot,MakeItRain,ShadowBall|Modest|||||50|
|showteam|p2|Floette-Eternal||Floettite|FlowerVeil|DazzlingGleam,Moonblast,LightofRuin,Protect|Modest||F|||50|]Charizard||CharizarditeY|Blaze|HeatWave,WeatherBall,SolarBeam,Protect|Modest||F|||50|]Garchomp||RoseliBerry|RoughSkin|DragonClaw,Earthquake,RockSlide,PoisonJab|Jolly||F|||50|]Whimsicott||FocusSash|Prankster|Moonblast,Tailwind,Encore,SunnyDay|Timid||M|||50|]Kingambit||BlackGlasses|Defiant|KowtowCleave,SuckerPunch,SwordsDance,Protect|Adamant||F|||50|]Basculegion||LifeOrb|Adaptability|WaveCrash,AquaJet,LastRespects,Protect|Adamant||M|||50|
|inactive|Battle timer is ON: inactive players will automatically lose when time's up. (requested by Omaruco)
|inactive|hhvhy also wants the timer to be on.
|inactive|hhvhy has 60 seconds left.
|
|t:|1785702911
|teamsize|p1|4
|teamsize|p2|4
|start
|switch|p1a: Staraptor|Staraptor, L50, M|100/100
|switch|p1b: Gholdengo|Gholdengo, L50|100/100
|switch|p2a: Whimsicott|Whimsicott, L50, M|100/100
|switch|p2b: Charizard|Charizard, L50, F, shiny|100/100
|-ability|p1a: Staraptor|Intimidate|boost
|-unboost|p2a: Whimsicott|atk|1
|-unboost|p2b: Charizard|atk|1
|turn|1
|
|t:|1785702931
|switch|p1b: Arcanine|Arcanine-Hisui, L50, M|100/100
|detailschange|p1a: Staraptor|Staraptor-Mega, L50, M
|-mega|p1a: Staraptor|Staraptor|Staraptite
|detailschange|p2b: Charizard|Charizard-Mega-Y, L50, F, shiny
|-mega|p2b: Charizard|Charizard|Charizardite Y
|-weather|SunnyDay|[from] ability: Drought|[of] p2b: Charizard
|move|p2a: Whimsicott|Tailwind|p2a: Whimsicott
|-sidestart|p2: hhvhy|move: Tailwind
|move|p2b: Charizard|Heat Wave|p1a: Staraptor|[spread] p1a,p1b
|-resisted|p1b: Arcanine|2
|-damage|p1a: Staraptor|37/100
|-damage|p1b: Arcanine|80/100
|move|p1a: Staraptor|Tailwind|p1a: Staraptor
|-sidestart|p1: Omaruco|move: Tailwind
|
|-weather|SunnyDay|[upkeep]
|upkeep
|turn|2
|inactive|Omaruco has 30 seconds left.
|inactive|hhvhy has 30 seconds left.
|inactive|hhvhy has 20 seconds left.
|inactive|Omaruco has 20 seconds left.
|
|t:|1785702972
|switch|p2a: Basculegion|Basculegion, L50, M, shiny|100/100
|switch|p1a: Gholdengo|Gholdengo, L50|100/100
|switch|p2b: Kingambit|Kingambit, L50, F|100/100
|move|p1b: Arcanine|Head Smash|p2b: Kingambit
|-resisted|p2b: Kingambit|1
|-damage|p2b: Kingambit|75/100
|
|-weather|SunnyDay|[upkeep]
|upkeep
|turn|3
|inactive|Omaruco has 30 seconds left.
|inactive|hhvhy has 30 seconds left.
|
|t:|1785703001
|switch|p1a: Sinistcha|Sinistcha, L50|100/100
|-heal|p1b: Arcanine|100/100|[from] ability: Hospitality|[of] p1a: Sinistcha
|move|p1b: Arcanine|Protect|p1b: Arcanine
|-singleturn|p1b: Arcanine|Protect
|move|p2a: Basculegion|Protect|p2a: Basculegion
|-singleturn|p2a: Basculegion|Protect
|move|p2b: Kingambit|Sucker Punch||[still]
|-fail|p2b: Kingambit
|
|-weather|SunnyDay|[upkeep]
|upkeep
|turn|4
|
|t:|1785703019
|switch|p2a: Whimsicott|Whimsicott, L50, M|100/100
|move|p1a: Sinistcha|Rage Powder|p1a: Sinistcha
|-singleturn|p1a: Sinistcha|move: Rage Powder
|move|p1b: Arcanine|Flare Blitz|p2b: Kingambit
|-supereffective|p2b: Kingambit|1
|-damage|p2b: Kingambit|0 fnt
|faint|p2b: Kingambit
|
|-weather|SunnyDay|[upkeep]
|-sideend|p2: hhvhy|move: Tailwind
|-sideend|p1: Omaruco|move: Tailwind
|upkeep
|
|t:|1785703034
|switch|p2b: Charizard|Charizard-Mega-Y, L50, F, shiny|100/100
|turn|5
|
|t:|1785703049
|move|p1a: Sinistcha|Rage Powder|p1a: Sinistcha
|-singleturn|p1a: Sinistcha|move: Rage Powder
|move|p2a: Whimsicott|Tailwind|p2a: Whimsicott
|-sidestart|p2: hhvhy|move: Tailwind
|move|p2b: Charizard|Heat Wave|p1a: Sinistcha|[spread] p1a,p1b
|-supereffective|p1a: Sinistcha|1
|-enditem|p1a: Sinistcha|Occa Berry|[eat]
|-enditem|p1a: Sinistcha|Occa Berry|[weaken]
|-resisted|p1b: Arcanine|2
|-damage|p1a: Sinistcha|37/100
|-damage|p1b: Arcanine|80/100
|move|p1b: Arcanine|Flare Blitz|p2a: Whimsicott
|-supereffective|p2a: Whimsicott|1
|-enditem|p2a: Whimsicott|Focus Sash
|-damage|p2a: Whimsicott|1/100
|
|-weather|none
|upkeep
|turn|6
|inactive|hhvhy has 30 seconds left.
|inactive|hhvhy has 20 seconds left.
|
|t:|1785703085
|move|p2b: Charizard|Protect|p2b: Charizard
|-singleturn|p2b: Charizard|Protect
|move|p1a: Sinistcha|Protect|p1a: Sinistcha
|-singleturn|p1a: Sinistcha|Protect
|move|p2a: Whimsicott|Moonblast|p1b: Arcanine
|-resisted|p1b: Arcanine|1
|-damage|p1b: Arcanine|56/100
|move|p1b: Arcanine|Head Smash|p2b: Charizard
|-activate|p2b: Charizard|move: Protect
|
|upkeep
|turn|7
|inactive|hhvhy has 30 seconds left.
|
|t:|1785703116
|move|p1a: Sinistcha|Rage Powder|p1a: Sinistcha
|-singleturn|p1a: Sinistcha|move: Rage Powder
|move|p2a: Whimsicott|Sunny Day|p2a: Whimsicott
|-weather|SunnyDay
|move|p2b: Charizard|Heat Wave|p1a: Sinistcha|[spread] p1a,p1b
|-supereffective|p1a: Sinistcha|1
|-resisted|p1b: Arcanine|2
|-crit|p1b: Arcanine
|-damage|p1a: Sinistcha|0 fnt
|-damage|p1b: Arcanine|29/100
|faint|p1a: Sinistcha
|move|p1b: Arcanine|Head Smash|p2b: Charizard
|-supereffective|p2b: Charizard|2
|-damage|p2b: Charizard|0 fnt
|faint|p2b: Charizard
|
|-weather|SunnyDay|[upkeep]
|upkeep
|
|t:|1785703126
|switch|p2b: Basculegion|Basculegion, L50, M, shiny|100/100
|switch|p1a: Gholdengo|Gholdengo, L50|100/100
|turn|8
|inactive|hhvhy has 30 seconds left.
|
|t:|1785703153
|move|p2a: Whimsicott|Moonblast|p1b: Arcanine
|-resisted|p1b: Arcanine|1
|-damage|p1b: Arcanine|6/100
|move|p2b: Basculegion|Last Respects|p1b: Arcanine
|-damage|p1b: Arcanine|0 fnt
|faint|p1b: Arcanine
|-damage|p2b: Basculegion|90/100|[from] item: Life Orb
|move|p1a: Gholdengo|Shadow Ball|p2b: Basculegion
|-supereffective|p2b: Basculegion|1
|-damage|p2b: Basculegion|0 fnt
|faint|p2b: Basculegion
|-damage|p1a: Gholdengo|90/100|[from] item: Life Orb
|
|-weather|SunnyDay|[upkeep]
|-sideend|p2: hhvhy|move: Tailwind
|upkeep
|
|t:|1785703159
|switch|p1b: Staraptor|Staraptor-Mega, L50, M|37/100
|turn|9
|
|t:|1785703162
|move|p2a: Whimsicott|Moonblast|p1b: Staraptor
|-supereffective|p1b: Staraptor|1
|-crit|p1b: Staraptor
|-damage|p1b: Staraptor|0 fnt
|faint|p1b: Staraptor
|move|p1a: Gholdengo|Shadow Ball|p2a: Whimsicott
|-damage|p2a: Whimsicott|0 fnt
|faint|p2a: Whimsicott
|-damage|p1a: Gholdengo|81/100|[from] item: Life Orb
|
|win|Omaruco
