|j|☆sven
|j|☆Dominicex
|html|svenDominicex    
|uhtml|bestof|Game 1 of a best-of-3
|t:|1784481442
|gametype|doubles
|player|p1|sven|#smogonxnpa2024winner|
|player|p2|Dominicex|#smogonxnpa2026draftee|
|gen|9
|tier|[Gen 9 Champions] VGC 2026 Reg M-B (Bo3)
|rule|Species Clause: Limit one of each Pokémon
|rule|Item Clause: Limit 1 of each item
|clearpoke
|poke|p1|Garchomp, L50, F|
|poke|p1|Venusaur, L50, M|
|poke|p1|Incineroar, L50, M|
|poke|p1|Charizard, L50, M|
|poke|p1|Toxapex, L50, M|
|poke|p1|Annihilape, L50, F|
|poke|p2|Charizard, L50, F|
|poke|p2|Kingambit, L50, M|
|poke|p2|Ninetales-Alola, L50, M|
|poke|p2|Toxapex, L50, F|
|poke|p2|Incineroar, L50, M|
|poke|p2|Garchomp, L50, F|
|teampreview|4
|showteam|p1|Garchomp||ChoiceScarf|RoughSkin|Earthquake,RockSlide,DragonClaw,StompingTantrum|Adamant||F|||50|]Venusaur||LifeOrb|Chlorophyll|SludgeBomb,SolarBeam,EarthPower,Protect|Modest||M|||50|]Incineroar||SitrusBerry|Intimidate|FakeOut,FlareBlitz,ThroatChop,PartingShot|Impish||M|||50|]Charizard||CharizarditeY|Blaze|HeatWave,WeatherBall,Protect,HelpingHand|Modest||M|||50|]Toxapex||Leftovers|Regenerator|Infestation,Toxic,WideGuard,BanefulBunker|Bold||M|||50|]Annihilape||FocusSash|Defiant|CloseCombat,PhantomForce,RockTomb,Protect|Jolly||F|||50|
|showteam|p2|Charizard||CharizarditeY|Blaze|HeatWave,WeatherBall,SolarBeam,Protect|Modest||F|||50|]Kingambit||FocusSash|Defiant|SuckerPunch,KowtowCleave,LowKick,Protect|Adamant||M|||50|]Ninetales-Alola||NeverMeltIce|SnowWarning|Blizzard,FreezeDry,Encore,Protect|Timid||M|||50|]Toxapex||Leftovers|Regenerator|Infestation,Toxic,WideGuard,BanefulBunker|Bold||F|||50|]Incineroar||SitrusBerry|Intimidate|FakeOut,FlareBlitz,ThroatChop,PartingShot|Impish||M|||50|]Garchomp||ChoiceScarf|SandVeil|Earthquake,StompingTantrum,RockSlide,DragonClaw|Adamant||F|||50|
|inactive|Battle timer is ON: inactive players will automatically lose when time's up. (requested by sven)
|inactiveoff|Battle timer is now OFF.
|c|☆Dominicex|Glhf! Going to send link
|c|☆sven|gl hf!
|j| Code
|j| skittycel
|j|+radio free c-side
|j| LogIce
|j|+zee
|j| xmarsh
|l| Code
|
|t:|1784481542
|teamsize|p1|4
|teamsize|p2|4
|start
|switch|p1a: Charizard|Charizard, L50, M|100/100
|switch|p1b: Annihilape|Annihilape, L50, F|100/100
|switch|p2a: Charizard|Charizard, L50, F|100/100
|switch|p2b: Toxapex|Toxapex, L50, F|100/100
|turn|1
|j| IcyPenguin604
|j|+bagel
|
|t:|1784481606
|switch|p1b: Toxapex|Toxapex, L50, M|100/100
|switch|p2a: Garchomp|Garchomp, L50, F|100/100
|detailschange|p1a: Charizard|Charizard-Mega-Y, L50, M
|-mega|p1a: Charizard|Charizard|Charizardite Y
|-weather|SunnyDay|[from] ability: Drought|[of] p1a: Charizard
|move|p1a: Charizard|Weather Ball|p2b: Toxapex
|-resisted|p2b: Toxapex|1
|-damage|p2b: Toxapex|64/100
|move|p2b: Toxapex|Toxic|p1b: Toxapex
|-immune|p1b: Toxapex
|
|-weather|SunnyDay|[upkeep]
|-heal|p2b: Toxapex|70/100|[from] item: Leftovers
|upkeep
|turn|2
|l| xmarsh
|j| tortuga desnuda
|
|t:|1784481648
|switch|p2a: Ninetales|Ninetales-Alola, L50, M|100/100
|-weather|Snowscape|[from] ability: Snow Warning|[of] p2a: Ninetales
|switch|p1a: Incineroar|Incineroar, L50, M|100/100
|-ability|p1a: Incineroar|Intimidate|boost
|-unboost|p2a: Ninetales|atk|1
|-unboost|p2b: Toxapex|atk|1
|move|p2b: Toxapex|Infestation|p1a: Incineroar
|-damage|p1a: Incineroar|97/100
|-activate|p1a: Incineroar|move: Infestation|[of] p2b: Toxapex
|move|p1b: Toxapex|Infestation|p2a: Ninetales
|-resisted|p2a: Ninetales|1
|-damage|p2a: Ninetales|98/100
|-activate|p2a: Ninetales|move: Infestation|[of] p1b: Toxapex
|
|-weather|Snowscape|[upkeep]
|-heal|p2b: Toxapex|76/100|[from] item: Leftovers
|-damage|p2a: Ninetales|85/100|[from] move: Infestation|[partiallytrapped]
|-damage|p1a: Incineroar|84/100|[from] move: Infestation|[partiallytrapped]
|upkeep
|turn|3
|j| Kenan
|
|t:|1784481681
|move|p2a: Ninetales|Freeze-Dry|p1b: Toxapex
|-supereffective|p1b: Toxapex|1
|-damage|p1b: Toxapex|54/100
|move|p1a: Incineroar|Parting Shot|p2b: Toxapex
|-unboost|p2b: Toxapex|atk|1
|-unboost|p2b: Toxapex|spa|1
|
|t:|1784481684
|switch|p1a: Charizard|Charizard-Mega-Y, L50, M|100/100|[from] Parting Shot
|-weather|SunnyDay|[from] ability: Drought|[of] p1a: Charizard
|move|p1b: Toxapex|Infestation|p2b: Toxapex
|-resisted|p2b: Toxapex|1
|-damage|p2b: Toxapex|75/100
|-activate|p2b: Toxapex|move: Infestation|[of] p1b: Toxapex
|move|p2b: Toxapex|Toxic|p1a: Charizard
|-status|p1a: Charizard|tox
|
|-weather|SunnyDay|[upkeep]
|-heal|p1b: Toxapex|59/100|[from] item: Leftovers
|-heal|p2b: Toxapex|80/100|[from] item: Leftovers
|-damage|p1a: Charizard|93/100 tox|[from] psn
|-damage|p2a: Ninetales|73/100|[from] move: Infestation|[partiallytrapped]
|-damage|p2b: Toxapex|68/100|[from] move: Infestation|[partiallytrapped]
|upkeep
|turn|4
|
|t:|1784481719
|move|p1b: Toxapex|Baneful Bunker|p1b: Toxapex
|-singleturn|p1b: Toxapex|move: Protect
|move|p2a: Ninetales|Freeze-Dry|p1b: Toxapex
|-activate|p1b: Toxapex|move: Protect
|move|p1a: Charizard|Heat Wave|p2a: Ninetales|[spread] p2a,p2b
|-supereffective|p2a: Ninetales|1
|-resisted|p2b: Toxapex|1
|-damage|p2a: Ninetales|0 fnt
|-damage|p2b: Toxapex|44/100
|faint|p2a: Ninetales
|move|p2b: Toxapex|Infestation|p1a: Charizard
|-resisted|p1a: Charizard|2
|-damage|p1a: Charizard|93/100 tox
|-activate|p1a: Charizard|move: Infestation|[of] p2b: Toxapex
|
|-weather|SunnyDay|[upkeep]
|-heal|p1b: Toxapex|65/100|[from] item: Leftovers
|-heal|p2b: Toxapex|50/100g|[from] item: Leftovers
|-damage|p1a: Charizard|81/100 tox|[from] psn
|-damage|p1a: Charizard|69/100 tox|[from] move: Infestation|[partiallytrapped]
|-damage|p2b: Toxapex|38/100|[from] move: Infestation|[partiallytrapped]
|upkeep
|
|t:|1784481739
|switch|p2a: Garchomp|Garchomp, L50, F|100/100
|turn|5
|
|t:|1784481754
|move|p2a: Garchomp|Rock Slide|p1b: Toxapex|[spread] p1a,p1b
|-supereffective|p1a: Charizard|2
|-damage|p1a: Charizard|0 fnt
|-damage|p1b: Toxapex|52/100
|faint|p1a: Charizard
|move|p2b: Toxapex|Infestation|p1b: Toxapex
|-resisted|p1b: Toxapex|1
|-damage|p1b: Toxapex|52/100
|-activate|p1b: Toxapex|move: Infestation|[of] p2b: Toxapex
|move|p1b: Toxapex|Infestation|p2a: Garchomp
|-damage|p2a: Garchomp|96/100
|-activate|p2a: Garchomp|move: Infestation|[of] p1b: Toxapex
|
|-weather|SunnyDay|[upkeep]
|-heal|p1b: Toxapex|57/100|[from] item: Leftovers
|-heal|p2b: Toxapex|43/100|[from] item: Leftovers
|-damage|p2a: Garchomp|84/100|[from] move: Infestation|[partiallytrapped]
|-damage|p2b: Toxapex|31/100|[from] move: Infestation|[partiallytrapped]
|-damage|p1b: Toxapex|45/100|[from] move: Infestation|[partiallytrapped]
|upkeep
|
|t:|1784481763
|switch|p1a: Annihilape|Annihilape, L50, F|100/100
|turn|6
|
|t:|1784481775
|move|p1b: Toxapex|Wide Guard|p1b: Toxapex
|-singleturn|p1b: Toxapex|Wide Guard
|move|p2a: Garchomp|Rock Slide|p1a: Annihilape|[spread] 
|-activate|p1a: Annihilape|move: Wide Guard
|-activate|p1b: Toxapex|move: Wide Guard
|move|p1a: Annihilape|Close Combat|p2a: Garchomp
|-damage|p2a: Garchomp|34/100
|-unboost|p1a: Annihilape|def|1
|-unboost|p1a: Annihilape|spd|1
|move|p2b: Toxapex|Toxic|p1a: Annihilape
|-status|p1a: Annihilape|tox
|
|-weather|SunnyDay|[upkeep]
|-heal|p2b: Toxapex|37/100|[from] item: Leftovers
|-heal|p1b: Toxapex|51/100|[from] item: Leftovers
|-damage|p1a: Annihilape|94/100 tox|[from] psn
|-damage|p2a: Garchomp|22/100|[from] move: Infestation|[partiallytrapped]
|-damage|p2b: Toxapex|25/100|[from] move: Infestation|[partiallytrapped]
|-damage|p1b: Toxapex|39/100|[from] move: Infestation|[partiallytrapped]
|upkeep
|turn|7
|
|t:|1784481805
|switch|p1a: Incineroar|Incineroar, L50, M|84/100
|-ability|p1a: Incineroar|Intimidate|boost
|-unboost|p2a: Garchomp|atk|1
|-unboost|p2b: Toxapex|atk|1
|move|p1b: Toxapex|Wide Guard|p1b: Toxapex
|-singleturn|p1b: Toxapex|Wide Guard
|move|p2a: Garchomp|Rock Slide|p1b: Toxapex|[spread] 
|-activate|p1a: Incineroar|move: Wide Guard
|-activate|p1b: Toxapex|move: Wide Guard
|move|p2b: Toxapex|Infestation|p1a: Incineroar
|-damage|p1a: Incineroar|82/100
|-activate|p1a: Incineroar|move: Infestation|[of] p2b: Toxapex
|
|-weather|none
|-heal|p2b: Toxapex|31/100|[from] item: Leftovers
|-heal|p1b: Toxapex|45/100|[from] item: Leftovers
|-damage|p2a: Garchomp|10/100|[from] move: Infestation|[partiallytrapped]
|-damage|p1a: Incineroar|70/100|[from] move: Infestation|[partiallytrapped]
|-damage|p1b: Toxapex|33/100|[from] move: Infestation|[partiallytrapped]
|-end|p2b: Toxapex|Infestation|[partiallytrapped]
|upkeep
|turn|8
|j| InkVG
|l| InkVG
|
|t:|1784481847
|move|p1b: Toxapex|Wide Guard|p1b: Toxapex
|-singleturn|p1b: Toxapex|Wide Guard
|move|p2a: Garchomp|Rock Slide|p1b: Toxapex|[spread] 
|-activate|p1a: Incineroar|move: Wide Guard
|-activate|p1b: Toxapex|move: Wide Guard
|move|p1a: Incineroar|Parting Shot|p2b: Toxapex
|-unboost|p2b: Toxapex|atk|1
|-unboost|p2b: Toxapex|spa|1
|
|t:|1784481850
|switch|p1a: Annihilape|Annihilape, L50, F|94/100 tox|[from] Parting Shot
|move|p2b: Toxapex|Toxic|p1a: Annihilape
|-fail|p1a: Annihilape|tox
|
|-heal|p1b: Toxapex|38/100|[from] item: Leftovers
|-heal|p2b: Toxapex|36/100|[from] item: Leftovers
|-damage|p1a: Annihilape|88/100 tox|[from] psn
|-damage|p2a: Garchomp|0 fnt|[from] move: Infestation|[partiallytrapped]
|faint|p2a: Garchomp
|-damage|p1b: Toxapex|26/100|[from] move: Infestation|[partiallytrapped]
|upkeep
|
|t:|1784481862
|switch|p2a: Charizard|Charizard, L50, F|100/100
|turn|9
|
|t:|1784481902
|detailschange|p2a: Charizard|Charizard-Mega-Y, L50, F
|-mega|p2a: Charizard|Charizard|Charizardite Y
|-weather|SunnyDay|[from] ability: Drought|[of] p2a: Charizard
|move|p1a: Annihilape|Rock Tomb|p2a: Charizard
|-supereffective|p2a: Charizard|2
|-damage|p2a: Charizard|19/100
|-unboost|p2a: Charizard|spe|1
|move|p2a: Charizard|Weather Ball|p1b: Toxapex
|-resisted|p1b: Toxapex|1
|-damage|p1b: Toxapex|0 fnt
|faint|p1b: Toxapex
|move|p2b: Toxapex|Infestation|p1a: Annihilape
|-resisted|p1a: Annihilape|2
|-damage|p1a: Annihilape|87/100 tox
|-activate|p1a: Annihilape|move: Infestation|[of] p2b: Toxapex
|
|-weather|SunnyDay|[upkeep]
|-heal|p2b: Toxapex|42/100|[from] item: Leftovers
|-damage|p1a: Annihilape|75/100 tox|[from] psn
|-damage|p1a: Annihilape|63/100 tox|[from] move: Infestation|[partiallytrapped]
|upkeep
|
|t:|1784481911
|switch|p1b: Incineroar|Incineroar, L50, M|70/100
|-ability|p1b: Incineroar|Intimidate|boost
|-unboost|p2a: Charizard|atk|1
|-unboost|p2b: Toxapex|atk|1
|turn|10
|
|t:|1784481964
|move|p2a: Charizard|Protect|p2a: Charizard
|-singleturn|p2a: Charizard|Protect
|move|p1a: Annihilape|Close Combat|p2a: Charizard
|-activate|p2a: Charizard|move: Protect
|move|p1b: Incineroar|Throat Chop|p2b: Toxapex
|-damage|p2b: Toxapex|22/100
|-start|p2b: Toxapex|Throat Chop|[silent]
|move|p2b: Toxapex|Toxic|p1b: Incineroar
|-status|p1b: Incineroar|tox
|
|-weather|SunnyDay|[upkeep]
|-heal|p2b: Toxapex|28/100|[from] item: Leftovers
|-damage|p1a: Annihilape|45/100 tox|[from] psn
|-damage|p1b: Incineroar|64/100 tox|[from] psn
|-damage|p1a: Annihilape|32/100 tox|[from] move: Infestation|[partiallytrapped]
|upkeep
|turn|11
|
|t:|1784482003
|move|p1a: Annihilape|Close Combat|p2a: Charizard
|-resisted|p2a: Charizard|1
|-damage|p2a: Charizard|0 fnt
|-unboost|p1a: Annihilape|def|1
|-unboost|p1a: Annihilape|spd|1
|faint|p2a: Charizard
|move|p1b: Incineroar|Throat Chop|p2b: Toxapex
|-damage|p2b: Toxapex|8/100
|move|p2b: Toxapex|Infestation|p1b: Incineroar
|-damage|p1b: Incineroar|62/100 tox
|-activate|p1b: Incineroar|move: Infestation|[of] p2b: Toxapex
|
|-weather|SunnyDay|[upkeep]
|-heal|p2b: Toxapex|14/100|[from] item: Leftovers
|-damage|p1a: Annihilape|9/100 tox|[from] psn
|-damage|p1b: Incineroar|50/100g tox|[from] psn
|-damage|p1a: Annihilape|0 fnt|[from] move: Infestation|[partiallytrapped]
|faint|p1a: Annihilape
|-damage|p1b: Incineroar|38/100 tox|[from] move: Infestation|[partiallytrapped]
|-end|p2b: Toxapex|Throat Chop|[silent]
|upkeep
|-enditem|p1b: Incineroar|Sitrus Berry|[eat]
|-heal|p1b: Incineroar|63/100 tox|[from] item: Sitrus Berry
|turn|12
|l| Kenan
|
|t:|1784482024
|move|p2b: Toxapex|Baneful Bunker|p2b: Toxapex
|-singleturn|p2b: Toxapex|move: Protect
|move|p1b: Incineroar|Throat Chop|p2b: Toxapex
|-activate|p2b: Toxapex|move: Protect
|
|-weather|SunnyDay|[upkeep]
|-heal|p2b: Toxapex|20/100y|[from] item: Leftovers
|-damage|p1b: Incineroar|45/100 tox|[from] psn
|-damage|p1b: Incineroar|33/100 tox|[from] move: Infestation|[partiallytrapped]
|upkeep
|turn|13
|j| Kenan
|
|t:|1784482052
|move|p1b: Incineroar|Flare Blitz|p2b: Toxapex
|-resisted|p2b: Toxapex|1
|-damage|p2b: Toxapex|0 fnt
|faint|p2b: Toxapex
|-damage|p1b: Incineroar|27/100 tox|[from] Recoil
|
|win|sven
||sven is ready for game 2.
||Dominicex is ready for game 2.
|uhtml|next|Next: Game 2 of 3
|j| kunal
|l| IcyPenguin604
|l| tortuga desnuda
|j| tortuga desnuda
|l| LogIce
|l| Kenan
|j| Kenan
|j| Kiogrus24
|j| val16
|l| val16
|l| skittycel
|l| Kiogrus24
|j| AKhant
|j| val16
|l| Kenan
|l| val16
|j| Code
|l| AKhant
|l|☆sven
|player|p1|
|l|☆Dominicex
|player|p2|
|l| tortuga desnuda
|l|+radio free c-side
|j|☆Dominicex
|player|p2|Dominicex|#smogonxnpa2026draftee|
|l|☆Dominicex
|player|p2|
|j|☆Dominicex
|player|p2|Dominicex|#smogonxnpa2026draftee|
|l|☆Dominicex
|player|p2|
|l| kunal
|l| Code
|j| ratpacker
|j| val16
