|j|☆melon7744
|j|☆Eggy’sDad
|html|melon7744Eggy’sDad    
|uhtml|bestof|Game 1 of a best-of-3
|t:|1785592257
|gametype|doubles
|player|p1|melon7744|rosa|
|player|p2|Eggy’sDad|1|
|gen|9
|tier|[Gen 9 Champions] VGC 2026 Reg M-B (Bo3)
|rule|Species Clause: Limit one of each Pokémon
|rule|Item Clause: Limit 1 of each item
|clearpoke
|poke|p1|Staraptor, L50, F|
|poke|p1|Raichu, L50, M|
|poke|p1|Arcanine-Hisui, L50, M|
|poke|p1|Kingambit, L50, F|
|poke|p1|Sylveon, L50, M|
|poke|p1|Farigiraf, L50, M|
|poke|p2|Pyroar, L50, F|
|poke|p2|Aerodactyl, L50, M|
|poke|p2|Torkoal, L50, M|
|poke|p2|Venusaur, L50, M|
|poke|p2|Farigiraf, L50, F|
|poke|p2|Sylveon, L50, M|
|teampreview|4
|showteam|p1|Staraptor||Staraptite|Intimidate|BraveBird,CloseCombat,Tailwind,Protect|Jolly||F|||50|]Raichu||RaichuniteY|LightningRod|ZapCannon,FocusBlast,FakeOut,Protect|Timid||M|||50|]Arcanine-Hisui||FocusSash|RockHead|FlareBlitz,HeadSmash,ExtremeSpeed,Protect|Jolly||M|||50|]Kingambit||LifeOrb|Defiant|KowtowCleave,SuckerPunch,SwordsDance,Protect|Adamant||F|||50|]Sylveon||FairyFeather|Pixilate|HyperVoice,HyperBeam,QuickAttack,Detect|Modest||M|||50|]Farigiraf||SitrusBerry|ArmorTail|Psychic,HelpingHand,TrickRoom,Protect|Calm||M|||50|
|showteam|p2|Pyroar||Pyroarite|Unnerve|HeatWave,Overheat,SunnyDay,Protect|Modest||F|||50|]Aerodactyl||Aerodactylite|Unnerve|RockSlide,IceFang,Tailwind,Protect|Jolly||M|||50|]Torkoal||Charcoal|Drought|Eruption,WeatherBall,HelpingHand,Protect|Quiet||M|||50|]Venusaur||LifeOrb|Chlorophyll|LeafStorm,SludgeBomb,EarthPower,SleepPowder|Modest||M|||50|]Farigiraf||SitrusBerry|ArmorTail|Psychic,Thunderbolt,TrickRoom,Protect|Quiet||F|||50|]Sylveon||FairyFeather|Pixilate|HyperVoice,QuickAttack,HyperBeam,Detect|Modest||M|||50|
|
|t:|1785592323
|teamsize|p1|4
|teamsize|p2|4
|start
|switch|p1a: Raichu|Raichu, L50, M|100/100
|switch|p1b: Arcanine|Arcanine-Hisui, L50, M|100/100
|switch|p2a: Aerodactyl|Aerodactyl, L50, M|100/100
|switch|p2b: Sylveon|Sylveon, L50, M|100/100
|-ability|p2a: Aerodactyl|Unnerve
|turn|1
|
|t:|1785592370
|detailschange|p1a: Raichu|Raichu-Mega-Y, L50, M
|-mega|p1a: Raichu|Raichu|Raichunite Y
|move|p2a: Aerodactyl|Protect|p2a: Aerodactyl
|-singleturn|p2a: Aerodactyl|Protect
|move|p2b: Sylveon|Detect|p2b: Sylveon
|-singleturn|p2b: Sylveon|Protect
|move|p1a: Raichu|Zap Cannon|p2b: Sylveon
|-activate|p2b: Sylveon|move: Protect
|move|p1b: Arcanine|Head Smash|p2a: Aerodactyl
|-activate|p2a: Aerodactyl|move: Protect
|
|upkeep
|turn|2
|
|t:|1785592402
|detailschange|p2a: Aerodactyl|Aerodactyl-Mega, L50, M
|-mega|p2a: Aerodactyl|Aerodactyl|Aerodactylite
|move|p2a: Aerodactyl|Rock Slide|p1a: Raichu|[spread] p1a,p1b
|-supereffective|p1b: Arcanine|1
|-damage|p1a: Raichu|57/100
|-damage|p1b: Arcanine|35/100
|move|p1a: Raichu|Zap Cannon|p2a: Aerodactyl
|-supereffective|p2a: Aerodactyl|1
|-damage|p2a: Aerodactyl|0 fnt
|faint|p2a: Aerodactyl
|move|p1b: Arcanine|Head Smash|p2b: Sylveon
|-damage|p2b: Sylveon|22/100
|move|p2b: Sylveon|Hyper Voice|p1a: Raichu|[spread] p1a,p1b
|-resisted|p1b: Arcanine|1
|-damage|p1a: Raichu|0 fnt
|-damage|p1b: Arcanine|11/100
|faint|p1a: Raichu
|
|upkeep
|
|t:|1785592432
|switch|p2a: Pyroar|Pyroar, L50, F|100/100
|switch|p1a: Kingambit|Kingambit, L50, F|100/100
|-ability|p2a: Pyroar|Unnerve
|turn|3
|
|t:|1785592458
|switch|p2b: Farigiraf|Farigiraf, L50, F|100/100
|move|p1b: Arcanine|Protect|p1b: Arcanine
|-singleturn|p1b: Arcanine|Protect
|move|p2a: Pyroar|Heat Wave|p1a: Kingambit|[spread] p1a
|-activate|p1b: Arcanine|move: Protect
|-supereffective|p1a: Kingambit|1
|-damage|p1a: Kingambit|36/100
|-status|p1a: Kingambit|brn
|move|p1a: Kingambit|Kowtow Cleave|p2b: Farigiraf
|-supereffective|p2b: Farigiraf|1
|-damage|p2b: Farigiraf|41/100
|-enditem|p2b: Farigiraf|Sitrus Berry|[eat]
|-heal|p2b: Farigiraf|66/100|[from] item: Sitrus Berry
|-damage|p1a: Kingambit|26/100 brn|[from] item: Life Orb
|
|-damage|p1a: Kingambit|21/100 brn|[from] brn
|upkeep
|turn|4
|c|☆melon7744|破防了
|
|t:|1785592498
|move|p1b: Arcanine|Head Smash|p2a: Pyroar
|-supereffective|p2a: Pyroar|1
|-damage|p2a: Pyroar|0 fnt
|faint|p2a: Pyroar
|move|p1a: Kingambit|Kowtow Cleave|p2b: Farigiraf
|-supereffective|p2b: Farigiraf|1
|-damage|p2b: Farigiraf|11/100
|-damage|p1a: Kingambit|11/100 brn|[from] item: Life Orb
|move|p2b: Farigiraf|Thunderbolt|p1a: Kingambit
|-damage|p1a: Kingambit|0 fnt
|faint|p1a: Kingambit
|
|upkeep
|
|t:|1785592511
|switch|p2a: Sylveon|Sylveon, L50, M|22/100
|switch|p1a: Farigiraf|Farigiraf, L50, M|100/100
|turn|5
|
|t:|1785592523
|move|p1b: Arcanine|Flare Blitz|p2b: Farigiraf
|-damage|p2b: Farigiraf|0 fnt
|faint|p2b: Farigiraf
|move|p2a: Sylveon|Hyper Voice|p1a: Farigiraf|[spread] p1a,p1b
|-crit|p1a: Farigiraf
|-resisted|p1b: Arcanine|1
|-damage|p1a: Farigiraf|45/100
|-damage|p1b: Arcanine|0 fnt
|-enditem|p1a: Farigiraf|Sitrus Berry|[eat]
|-heal|p1a: Farigiraf|69/100|[from] item: Sitrus Berry
|faint|p1b: Arcanine
|move|p1a: Farigiraf|Psychic|p2a: Sylveon
|-damage|p2a: Sylveon|0 fnt
|faint|p2a: Sylveon
|
|win|melon7744
||melon7744 is ready for game 2.
||Eggy’sDad is ready for game 2.
|uhtml|next|Next: Game 2 of 3
|l|☆melon7744
|player|p1|
|l|☆Eggy’sDad
|player|p2|
|j|☆Eggy’sDad
|player|p2|Eggy’sDad|1|
|j|☆melon7744
|player|p1|melon7744|rosa|
