|j|☆tortlevgc
|j|☆MaxwellBaker
|html|tortlevgcMaxwellBaker    
|uhtml|bestof|Game 2 of a best-of-3
|t:|1785269257
|gametype|doubles
|player|p1|tortlevgc|swimmerf|1135
|player|p2|MaxwellBaker|102|1120
|gen|9
|tier|[Gen 9 Champions] VGC 2026 Reg M-B (Bo3)
|rated|
|rule|Species Clause: Limit one of each Pokémon
|rule|Item Clause: Limit 1 of each item
|clearpoke
|poke|p1|Whimsicott, L50, M|
|poke|p1|Floette-Eternal, L50, F|
|poke|p1|Maushold-Four, L50|
|poke|p1|Volcarona, L50, M|
|poke|p1|Basculegion, L50, M|
|poke|p1|Garchomp, L50, F|
|poke|p2|Decidueye-Hisui, L50, F|
|poke|p2|Florges, L50, F|
|poke|p2|Raichu, L50, F|
|poke|p2|Incineroar, L50, F|
|poke|p2|Aerodactyl, L50, M|
|poke|p2|Milotic, L50, M|
|teampreview|4
|showteam|p1|Whimsicott||FocusSash|Prankster|Tailwind,FakeTears,Encore,Moonblast|Timid||M|||50|]Floette-Eternal||Floettite|FlowerVeil|DazzlingGleam,DrainingKiss,CalmMind,Protect|Modest||F|||50|]Maushold-Four||ChopleBerry|FriendGuard|SuperFang,Thief,FollowMe,Protect|Jolly|||||50|]Volcarona||SitrusBerry|FlameBody|FieryDance,GigaDrain,QuiverDance,RagePowder|Modest||M|||50|]Basculegion||ChoiceScarf|Adaptability|WaveCrash,LastRespects,FlipTurn,AquaJet|Jolly||M|||50|]Garchomp||LifeOrb|RoughSkin|RockSlide,DragonClaw,StompingTantrum,Protect|Jolly||F|||50|
|showteam|p2|Decidueye-Hisui||ScopeLens|Scrappy|TripleArrows,LeafBlade,SuckerPunch,Protect|Adamant||F|||50|]Florges||LifeOrb|FlowerVeil|Moonblast,Psychic,PollenPuff,Protect|Modest||F|||50|]Raichu||RaichuniteY|LightningRod|FakeOut,ZapCannon,FocusBlast,Protect|Timid||F|||50|]Incineroar||SitrusBerry|Intimidate|FakeOut,FlareBlitz,ThroatChop,PartingShot|Careful||F|||50|]Aerodactyl||Aerodactylite|RockHead|RockSlide,DualWingbeat,Tailwind,WideGuard|Jolly||M|||50|]Milotic||Leftovers|Competitive|Scald,IceBeam,Haze,Protect|Bold||M|||50|
|inactive|Battle timer is ON: inactive players will automatically lose when time's up. (requested by tortlevgc)
|inactive|MaxwellBaker has 60 seconds left.
|
|t:|1785269302
|teamsize|p1|4
|teamsize|p2|4
|start
|switch|p1a: Basculegion|Basculegion, L50, M|100/100
|switch|p1b: Whimsicott|Whimsicott, L50, M|100/100
|switch|p2a: Incineroar|Incineroar, L50, F|100/100
|switch|p2b: Decidueye|Decidueye-Hisui, L50, F|100/100
|-ability|p2a: Incineroar|Intimidate|boost
|-unboost|p1a: Basculegion|atk|1
|-unboost|p1b: Whimsicott|atk|1
|turn|1
|
|t:|1785269326
|switch|p1a: Floette|Floette-Eternal, L50, F|100/100
|move|p2a: Incineroar|Fake Out|p1b: Whimsicott
|-damage|p1b: Whimsicott|86/100
|cant|p1b: Whimsicott|flinch
|move|p2b: Decidueye|Triple Arrows|p1a: Floette
|-resisted|p1a: Floette|1
|-crit|p1a: Floette
|-damage|p1a: Floette|45/100
|
|upkeep
|turn|2
|inactive|tortlevgc has 30 seconds left.
|
|t:|1785269360
|switch|p2b: Florges|Florges, L50, F|100/100
|detailschange|p1a: Floette|Floette-Mega, L50, F
|-mega|p1a: Floette|Floette|Floettite
|-ability|p1a: Floette|Fairy Aura
|move|p1b: Whimsicott|Moonblast|p2b: Florges
|-damage|p2b: Florges|70/100
|move|p1a: Floette|Draining Kiss|p2b: Florges
|-damage|p2b: Florges|35/100
|-heal|p1a: Floette|72/100|[from] drain|[of] p2b: Florges
|move|p2a: Incineroar|Flare Blitz|p1a: Floette
|-damage|p1a: Floette|12/100
|-damage|p2a: Incineroar|85/100|[from] Recoil
|
|upkeep
|turn|3
|
|t:|1785269385
|move|p2b: Florges|Protect|p2b: Florges
|-singleturn|p2b: Florges|Protect
|move|p1b: Whimsicott|Moonblast|p2a: Incineroar
|-damage|p2a: Incineroar|55/100
|move|p1a: Floette|Draining Kiss|p2b: Florges
|-activate|p2b: Florges|move: Protect
|move|p2a: Incineroar|Flare Blitz|p1b: Whimsicott
|-supereffective|p1b: Whimsicott|1
|-damage|p1b: Whimsicott|0 fnt
|faint|p1b: Whimsicott
|-damage|p2a: Incineroar|31/100|[from] Recoil
|-enditem|p2a: Incineroar|Sitrus Berry|[eat]
|-heal|p2a: Incineroar|56/100|[from] item: Sitrus Berry
|
|upkeep
|
|t:|1785269397
|switch|p1b: Basculegion|Basculegion, L50, M|100/100
|turn|4
|inactive|MaxwellBaker has 30 seconds left.
|inactive|MaxwellBaker has 20 seconds left.
|
|t:|1785269437
|switch|p2a: Decidueye|Decidueye-Hisui, L50, F|100/100
|move|p1b: Basculegion|Wave Crash|p2a: Decidueye
|-resisted|p2a: Decidueye|1
|-crit|p2a: Decidueye
|-damage|p2a: Decidueye|29/100
|-damage|p1b: Basculegion|80/100|[from] Recoil
|move|p1a: Floette|Draining Kiss|p2b: Florges
|-damage|p2b: Florges|0 fnt
|-heal|p1a: Floette|39/100|[from] drain|[of] p2b: Florges
|faint|p2b: Florges
|
|upkeep
|
|t:|1785269453
|switch|p2b: Aerodactyl|Aerodactyl, L50, M|100/100
|turn|5
|
|t:|1785269467
|detailschange|p2b: Aerodactyl|Aerodactyl-Mega, L50, M
|-mega|p2b: Aerodactyl|Aerodactyl|Aerodactylite
|move|p1a: Floette|Protect|p1a: Floette
|-singleturn|p1a: Floette|Protect
|move|p2a: Decidueye|Sucker Punch|p1b: Basculegion
|-supereffective|p1b: Basculegion|1
|-damage|p1b: Basculegion|15/100
|move|p2b: Aerodactyl|Rock Slide|p1a: Floette|[spread] 
|-activate|p1a: Floette|move: Protect
|-miss|p2b: Aerodactyl|p1b: Basculegion
|move|p1b: Basculegion|Wave Crash|p2b: Aerodactyl
|-supereffective|p2b: Aerodactyl|1
|-damage|p2b: Aerodactyl|0 fnt
|faint|p2b: Aerodactyl
|-damage|p1b: Basculegion|0 fnt|[from] Recoil
|faint|p1b: Basculegion
|
|upkeep
|
|t:|1785269486
|switch|p2b: Incineroar|Incineroar, L50, F|56/100
|switch|p1b: Volcarona|Volcarona, L50, M|100/100
|-ability|p2b: Incineroar|Intimidate|boost
|-unboost|p1a: Floette|atk|1
|-unboost|p1b: Volcarona|atk|1
|turn|6
|inactive|tortlevgc has 30 seconds left.
|inactive|MaxwellBaker has 30 seconds left.
|
|t:|1785269519
|move|p2a: Decidueye|Sucker Punch|p1b: Volcarona
|-damage|p1b: Volcarona|61/100
|move|p1a: Floette|Draining Kiss|p2b: Incineroar
|-damage|p2b: Incineroar|23/100
|-heal|p1a: Floette|72/100|[from] drain|[of] p2b: Incineroar
|move|p1b: Volcarona|Fiery Dance|p2a: Decidueye
|-supereffective|p2a: Decidueye|1
|-damage|p2a: Decidueye|0 fnt
|-boost|p1b: Volcarona|spa|1
|faint|p2a: Decidueye
|move|p2b: Incineroar|Flare Blitz|p1b: Volcarona
|-damage|p1b: Volcarona|0 fnt
|faint|p1b: Volcarona
|-damage|p2b: Incineroar|6/100|[from] Recoil
|
|upkeep
|turn|7
|c|☆MaxwellBaker|gg
|
|t:|1785269537
|move|p1a: Floette|Draining Kiss|p2b: Incineroar
|-damage|p2b: Incineroar|0 fnt
|-heal|p1a: Floette|80/100|[from] drain|[of] p2b: Incineroar
|faint|p2b: Incineroar
|
|win|tortlevgc
