|j|☆itbeasher
|j|☆hexagonfoot
|html|itbeasherhexagonfoot    
|uhtml|bestof|Game 1 of a best-of-3
|t:|1757082855
|gametype|doubles
|player|p1|itbeasher|1|1177
|player|p2|hexagonfoot|caitlin|1164
|gen|9
|tier|[Gen 9] VGC 2025 Reg H (Bo3)
|rated|
|rule|Species Clause: Limit one of each Pokémon
|rule|Item Clause: Limit 1 of each item
|clearpoke
|poke|p1|Whimsicott, L50, M|
|poke|p1|Typhlosion-Hisui, L50, F|
|poke|p1|Sneasler, L50, M|
|poke|p1|Indeedee, L50, M|
|poke|p1|Dondozo, L50, M|
|poke|p1|Tatsugiri, L50, F|
|poke|p2|Kingambit, L50, F|
|poke|p2|Primarina, L50, M|
|poke|p2|Sneasler, L50, M|
|poke|p2|Magmar, L50, F|
|poke|p2|Rillaboom, L50, M|
|poke|p2|Dragapult, L50, M|
|teampreview|4
|showteam|p1|Whimsicott||CovertCloak|Prankster|Tailwind,Moonblast,SunnyDay,Taunt|||M|||50|,,,,,Water]Typhlosion-Hisui||ChoiceSpecs|Blaze|Eruption,HeatWave,ShadowBall,Flamethrower|||F|||50|,,,,,Fire]Sneasler||PsychicSeed|Unburden|DireClaw,CloseCombat,ThroatChop,Coaching|||M|||50|,,,,,Dark]Indeedee||ChoiceScarf|PsychicSurge|ExpandingForce,TeraBlast,Trick,DazzlingGleam|||M|||50|,,,,,Psychic]Dondozo||Leftovers|Unaware|Protect,HeavySlam,WaveCrash,Earthquake|||M|||50|,,,,,Steel]Tatsugiri||FocusSash|Commander|MuddyWater,DracoMeteor,IcyWind,DragonPulse|||F|||50|,,,,,Steel
|showteam|p2|Kingambit||BlackGlasses|Defiant|KowtowCleave,SuckerPunch,SwordsDance,Protect|||F|||50|,,,,,Ghost]Primarina||SitrusBerry|LiquidVoice|HyperVoice,Moonblast,Haze,Protect|||M|||50|,,,,,Water]Sneasler||FocusSash|PoisonTouch|CloseCombat,DireClaw,FakeOut,Protect|||M|||50|,,,,,Stellar]Magmar||Eviolite|VitalSpirit|Overheat,WillOWisp,FollowMe,Protect|||F|||50|,,,,,Ghost]Rillaboom||AssaultVest|GrassySurge|WoodHammer,GrassyGlide,HighHorsepower,FakeOut|||M|||50|,,,,,Fire]Dragapult||ChoiceBand|ClearBody|DragonDarts,PhantomForce,TeraBlast,Uturn|||M|||50|,,,,,Ghost
|inactive|Battle timer is ON: inactive players will automatically lose when time's up. (requested by hexagonfoot)
|inactive|hexagonfoot has 60 seconds left.
|
|t:|1757082901
|teamsize|p1|4
|teamsize|p2|4
|start
|switch|p1a: Whimsicott|Whimsicott, L50, M|100/100
|switch|p1b: Typhlosion|Typhlosion-Hisui, L50, F|100/100
|switch|p2a: Syon Lane|Magmar, L50, F|100/100
|switch|p2b: Headstone Lane|Dragapult, L50, M|100/100
|turn|1
|inactive|itbeasher has 30 seconds left.
|inactive|hexagonfoot has 30 seconds left.
|
|t:|1757082930
|-terastallize|p1a: Whimsicott|Water
|move|p2a: Syon Lane|Follow Me|p2a: Syon Lane
|-singleturn|p2a: Syon Lane|move: Follow Me
|move|p1a: Whimsicott|Taunt|p2a: Syon Lane
|-start|p2a: Syon Lane|move: Taunt
|move|p2b: Headstone Lane|Dragon Darts|p1b: Typhlosion
|-damage|p1b: Typhlosion|47/100
|-anim|p2b: Headstone Lane|Dragon Darts|p1a: Whimsicott
|-damage|p1a: Whimsicott|55/100
|move|p1b: Typhlosion|Shadow Ball|p2a: Syon Lane
|-damage|p2a: Syon Lane|53/100
|
|upkeep
|turn|2
|inactive|hexagonfoot has 30 seconds left.
|inactive|hexagonfoot has 20 seconds left.
|inactive|hexagonfoot has 15 seconds left.
|inactive|hexagonfoot has 10 seconds left.
|
|t:|1757082976
|switch|p2b: Hampstead Heath|Rillaboom, L50, M|100/100
|-fieldstart|move: Grassy Terrain|[from] ability: Grassy Surge|[of] p2b: Hampstead Heath
|switch|p2a: Canary Wharf|Primarina, L50, M|100/100
|move|p1a: Whimsicott|Tailwind|p1a: Whimsicott
|-sidestart|p1: itbeasher|move: Tailwind
|move|p1b: Typhlosion|Shadow Ball|p2b: Hampstead Heath
|-damage|p2b: Hampstead Heath|53/100
|-unboost|p2b: Hampstead Heath|spd|1
|
|-heal|p1a: Whimsicott|61/100|[from] Grassy Terrain
|-heal|p1b: Typhlosion|54/100|[from] Grassy Terrain
|-heal|p2b: Hampstead Heath|59/100|[from] Grassy Terrain
|upkeep
|turn|3
|inactive|itbeasher has 30 seconds left.
|inactive|hexagonfoot has 30 seconds left.
|
|t:|1757083003
|switch|p1b: Indeedee|Indeedee, L50, M|100/100
|-fieldstart|move: Psychic Terrain|[from] ability: Psychic Surge|[of] p1b: Indeedee
|switch|p2b: Syon Lane|Magmar, L50, F|53/100
|-terastallize|p2a: Canary Wharf|Water
|move|p1a: Whimsicott|Moonblast|p2b: Syon Lane
|-resisted|p2b: Syon Lane
|-damage|p2b: Syon Lane|42/100
|move|p2a: Canary Wharf|Hyper Voice|p1a: Whimsicott|[spread] p1a,p1b
|-resisted|p1a: Whimsicott
|-damage|p1a: Whimsicott|36/100
|-damage|p1b: Indeedee|48/100
|
|upkeep
|turn|4
|inactive|hexagonfoot has 30 seconds left.
|
|t:|1757083030
|switch|p2b: Hampstead Heath|Rillaboom, L50, M|59/100
|-fieldstart|move: Grassy Terrain|[from] ability: Grassy Surge|[of] p2b: Hampstead Heath
|move|p1b: Indeedee|Expanding Force|p2a: Canary Wharf
|-damage|p2a: Canary Wharf|65/100
|move|p1a: Whimsicott|Moonblast|p2a: Canary Wharf
|-damage|p2a: Canary Wharf|40/100
|-enditem|p2a: Canary Wharf|Sitrus Berry|[eat]
|-heal|p2a: Canary Wharf|65/100|[from] item: Sitrus Berry
|move|p2a: Canary Wharf|Hyper Voice|p1b: Indeedee|[spread] p1a,p1b
|-resisted|p1a: Whimsicott
|-damage|p1a: Whimsicott|10/100
|-damage|p1b: Indeedee|0 fnt
|faint|p1b: Indeedee
|
|-heal|p1a: Whimsicott|16/100|[from] Grassy Terrain
|-heal|p2b: Hampstead Heath|65/100|[from] Grassy Terrain
|-heal|p2a: Canary Wharf|71/100|[from] Grassy Terrain
|upkeep
|
|t:|1757083038
|switch|p1b: Typhlosion|Typhlosion-Hisui, L50, F|54/100
|turn|5
|
|t:|1757083053
|move|p1a: Whimsicott|Sunny Day|p1a: Whimsicott
|-weather|SunnyDay
|move|p2b: Hampstead Heath|Grassy Glide|p1a: Whimsicott
|-supereffective|p1a: Whimsicott
|-damage|p1a: Whimsicott|0 fnt
|faint|p1a: Whimsicott
|move|p1b: Typhlosion|Heat Wave|p2b: Hampstead Heath|[spread] p2a,p2b
|-resisted|p2a: Canary Wharf
|-supereffective|p2b: Hampstead Heath
|-damage|p2a: Canary Wharf|31/100
|-damage|p2b: Hampstead Heath|0 fnt
|faint|p2b: Hampstead Heath
|move|p2a: Canary Wharf|Hyper Voice|p1b: Typhlosion
|-supereffective|p1b: Typhlosion
|-damage|p1b: Typhlosion|0 fnt
|faint|p1b: Typhlosion
|
|-weather|SunnyDay|[upkeep]
|-heal|p2a: Canary Wharf|37/100|[from] Grassy Terrain
|-sideend|p1: itbeasher|move: Tailwind
|upkeep
|-message|itbeasher forfeited.
|
|win|hexagonfoot
||itbeasher is ready for game 2.
||hexagonfoot is ready for game 2.
|uhtml|next|Next: Game 2 of 3
