|j|☆Ztringz
|j|☆orphan of koss
|html|Ztringzorphan of koss    
|uhtml|bestof|Game 1 of a best-of-3
|t:|1757861039
|gametype|doubles
|player|p1|Ztringz|2|1194
|player|p2|orphan of koss|guitarist|1171
|gen|9
|tier|[Gen 9] VGC 2025 Reg H (Bo3)
|rated|
|rule|Species Clause: Limit one of each Pokémon
|rule|Item Clause: Limit 1 of each item
|clearpoke
|poke|p1|Amoonguss, L50, F|
|poke|p1|Porygon2, L50|
|poke|p1|Gholdengo, L50|
|poke|p1|Incineroar, L50, F|
|poke|p1|Ursaluna, L50, F|
|poke|p1|Ninetales-Alola, L50, F|
|poke|p2|Arcanine-Hisui, L50, M|
|poke|p2|Milotic, L50, M|
|poke|p2|Rillaboom, L50, F|
|poke|p2|Porygon-Z, L50|
|poke|p2|Electabuzz, L50, F|
|poke|p2|Whimsicott, L50, F|
|teampreview|4
|showteam|p1|Amoonguss||SitrusBerry|Regenerator|Spore,RagePowder,PollenPuff,SludgeBomb|||F|||50|,,,,,Dark]Porygon2||Eviolite|Download|TeraBlast,IceBeam,TrickRoom,Recover||||||50|,,,,,Fighting]Gholdengo||LifeOrb|GoodasGold|MakeItRain,ShadowBall,NastyPlot,Protect||||||50|,,,,,Dragon]Incineroar||SafetyGoggles|Intimidate|FakeOut,FlareBlitz,KnockOff,Taunt|||F|||50|,,,,,Ghost]Ursaluna||FlameOrb|Guts|Facade,HeadlongRush,Earthquake,Protect|||F|||50|,,,,,Normal]Ninetales-Alola||LightClay|SnowWarning|Moonblast,AuroraVeil,IcyWind,FreezeDry|||F|||50|,,,,,Water
|showteam|p2|Arcanine-Hisui||ChoiceBand|Intimidate|RockSlide,FlareBlitz,CloseCombat,ExtremeSpeed|||M|||50|,,,,,Normal]Milotic||FlameOrb|MarvelScale|Scald,IceBeam,Haze,Protect|||M|||50|,,,,,Dragon]Rillaboom||MiracleSeed|GrassySurge|GrassyGlide,DrumBeating,Uturn,FakeOut|||F|||50|,,,,,Grass]Porygon-Z||LifeOrb|Adaptability|TeraBlast,IceBeam,HyperBeam,Protect||||||50|,,,,,Ground]Electabuzz||Eviolite|VitalSpirit|Electroweb,FollowMe,Taunt,Protect|||F|||50|,,,,,Ghost]Whimsicott||CovertCloak|Prankster|Tailwind,Moonblast,FakeTears,Encore|||F|||50|,,,,,Fire
|inactive|Battle timer is ON: inactive players will automatically lose when time's up. (requested by orphan of koss)
|inactive|orphan of koss has 60 seconds left.
|
|t:|1757861083
|teamsize|p1|4
|teamsize|p2|4
|start
|switch|p1a: Porygon2|Porygon2, L50|100/100
|switch|p1b: Incineroar|Incineroar, L50, F|100/100
|switch|p2a: Electabuzz|Electabuzz, L50, F|100/100
|switch|p2b: Porygon-Z|Porygon-Z, L50|100/100
|-ability|p1b: Incineroar|Intimidate|boost
|-unboost|p2a: Electabuzz|atk|1
|-unboost|p2b: Porygon-Z|atk|1
|-ability|p1a: Porygon2|Download|boost
|-boost|p1a: Porygon2|atk|1
|turn|1
|
|t:|1757861099
|move|p1b: Incineroar|Fake Out|p2a: Electabuzz
|-damage|p2a: Electabuzz|89/100
|cant|p2a: Electabuzz|flinch
|move|p2b: Porygon-Z|Hyper Beam|p1a: Porygon2|[miss]
|-miss|p2b: Porygon-Z|p1a: Porygon2
|move|p1a: Porygon2|Trick Room|p1a: Porygon2
|-fieldstart|move: Trick Room|[of] p1a: Porygon2
|
|upkeep
|turn|2
|inactive|orphan of koss has 30 seconds left.
|
|t:|1757861126
|-terastallize|p1a: Porygon2|Fighting
|-terastallize|p2b: Porygon-Z|Ground
|move|p2a: Electabuzz|Follow Me|p2a: Electabuzz
|-singleturn|p2a: Electabuzz|move: Follow Me
|move|p1a: Porygon2|Tera Blast|p2a: Electabuzz|[anim] Tera Blast Fighting
|-damage|p2a: Electabuzz|63/100
|move|p1b: Incineroar|Taunt|p2a: Electabuzz
|-start|p2a: Electabuzz|move: Taunt
|move|p2b: Porygon-Z|Tera Blast|p1b: Incineroar|[anim] Tera Blast Ground
|-supereffective|p1b: Incineroar
|-damage|p1b: Incineroar|0 fnt
|faint|p1b: Incineroar
|-damage|p2b: Porygon-Z|91/100|[from] item: Life Orb
|
|upkeep
|
|t:|1757861139
|switch|p1b: Ursaluna|Ursaluna, L50, F|100/100
|turn|3
|
|t:|1757861154
|switch|p2a: Milotic|Milotic, L50, M|100/100
|move|p1b: Ursaluna|Protect|p1b: Ursaluna
|-singleturn|p1b: Ursaluna|Protect
|move|p1a: Porygon2|Ice Beam|p2b: Porygon-Z
|-supereffective|p2b: Porygon-Z
|-damage|p2b: Porygon-Z|27/100
|move|p2b: Porygon-Z|Hyper Beam|p1a: Porygon2
|-damage|p1a: Porygon2|45/100
|-mustrecharge|p2b: Porygon-Z
|-damage|p2b: Porygon-Z|17/100|[from] item: Life Orb
|
|-status|p1b: Ursaluna|brn|[from] item: Flame Orb
|-status|p2a: Milotic|brn|[from] item: Flame Orb
|upkeep
|turn|4
|
|t:|1757861174
|move|p2a: Milotic|Protect|p2a: Milotic
|-singleturn|p2a: Milotic|Protect
|move|p1b: Ursaluna|Facade|p2a: Milotic
|-activate|p2a: Milotic|move: Protect
|move|p1a: Porygon2|Tera Blast|p2b: Porygon-Z|[anim] Tera Blast Fighting
|-damage|p2b: Porygon-Z|0 fnt
|faint|p2b: Porygon-Z
|
|-damage|p1b: Ursaluna|95/100 brn|[from] brn
|-damage|p2a: Milotic|94/100 brn|[from] brn
|upkeep
|
|t:|1757861184
|switch|p2b: Electabuzz|Electabuzz, L50, F|63/100
|turn|5
|inactive|orphan of koss has 30 seconds left.
|
|t:|1757861215
|move|p2b: Electabuzz|Follow Me|p2b: Electabuzz
|-singleturn|p2b: Electabuzz|move: Follow Me
|move|p1b: Ursaluna|Facade|p2b: Electabuzz
|-damage|p2b: Electabuzz|0 fnt
|faint|p2b: Electabuzz
|move|p1a: Porygon2|Recover|p1a: Porygon2
|-heal|p1a: Porygon2|95/100
|move|p2a: Milotic|Scald|p1a: Porygon2
|-damage|p1a: Porygon2|74/100
|
|-damage|p1b: Ursaluna|89/100 brn|[from] brn
|-damage|p2a: Milotic|88/100 brn|[from] brn
|-fieldend|move: Trick Room
|upkeep
|
|t:|1757861222
|switch|p2b: Arcanine|Arcanine-Hisui, L50, M|100/100
|-ability|p2b: Arcanine|Intimidate|boost
|-unboost|p1a: Porygon2|atk|1
|-unboost|p1b: Ursaluna|atk|1
|turn|6
|
|t:|1757861240
|move|p1b: Ursaluna|Protect|p1b: Ursaluna
|-singleturn|p1b: Ursaluna|Protect
|move|p2b: Arcanine|Flare Blitz|p1a: Porygon2
|-damage|p1a: Porygon2|16/100
|-damage|p2b: Arcanine|80/100|[from] Recoil
|move|p2a: Milotic|Scald|p1a: Porygon2
|-damage|p1a: Porygon2|0 fnt
|faint|p1a: Porygon2
|
|-damage|p2a: Milotic|82/100 brn|[from] brn
|-damage|p1b: Ursaluna|83/100 brn|[from] brn
|upkeep
|
|t:|1757861250
|switch|p1a: Amoonguss|Amoonguss, L50, F|100/100
|turn|7
|
|t:|1757861259
|move|p1a: Amoonguss|Rage Powder|p1a: Amoonguss
|-singleturn|p1a: Amoonguss|move: Rage Powder
|move|p2b: Arcanine|Flare Blitz|p1a: Amoonguss
|-supereffective|p1a: Amoonguss
|-damage|p1a: Amoonguss|0 fnt
|faint|p1a: Amoonguss
|-damage|p2b: Arcanine|40/100|[from] Recoil
|move|p2a: Milotic|Scald|p1b: Ursaluna
|-supereffective|p1b: Ursaluna
|-damage|p1b: Ursaluna|18/100 brn
|move|p1b: Ursaluna|Earthquake|p2a: Milotic|[spread] p2a,p2b
|-supereffective|p2b: Arcanine
|-damage|p2a: Milotic|55/100 brn
|-damage|p2b: Arcanine|0 fnt
|faint|p2b: Arcanine
|
|-damage|p2a: Milotic|49/100 brn|[from] brn
|-damage|p1b: Ursaluna|13/100 brn|[from] brn
|upkeep
|turn|8
|
|t:|1757861272
|move|p2a: Milotic|Scald|p1b: Ursaluna
|-supereffective|p1b: Ursaluna
|-damage|p1b: Ursaluna|0 fnt
|faint|p1b: Ursaluna
|
|win|orphan of koss
||Ztringz is ready for game 2.
||orphan of koss is ready for game 2.
|uhtml|next|Next: Game 2 of 3
