|j|☆bzzzzzzddddz
|j|☆that3canto
|html|bzzzzzzddddzthat3canto    
|uhtml|bestof|Game 3 of a best-of-3
|t:|1785127420
|gametype|doubles
|player|p1|bzzzzzzddddz|170|1211
|player|p2|that3canto|hugh|1049
|gen|9
|tier|[Gen 9 Champions] VGC 2026 Reg M-B (Bo3)
|rated|
|rule|Species Clause: Limit one of each Pokémon
|rule|Item Clause: Limit 1 of each item
|clearpoke
|poke|p1|Pelipper, L50, M|
|poke|p1|Archaludon, L50, F|
|poke|p1|Scovillain, L50, F, shiny|
|poke|p1|Meganium, L50, M|
|poke|p1|Espathra, L50, M|
|poke|p1|Raichu, L50, F|
|poke|p2|Camerupt, L50, F|
|poke|p2|Blastoise, L50, M|
|poke|p2|Kingambit, L50, F|
|poke|p2|Vanilluxe, L50, M|
|poke|p2|Staraptor, L50, M|
|poke|p2|Farigiraf, L50, F|
|teampreview|4
|showteam|p1|Pelipper||SitrusBerry|Drizzle|WeatherBall,Hurricane,Tailwind,Uturn|Calm||M|||50|]Archaludon||Leftovers|Stamina|ElectroShot,DragonPulse,FlashCannon,Protect|Modest||F|||50|]Scovillain||Scovillainite|Moody|Flamethrower,LeechSeed,RagePowder,Protect|Bold||F|||50|]Meganium||Meganiumite|Overgrow|SolarBeam,WeatherBall,DazzlingGleam,Protect|Modest||M|||50|]Espathra||BrightPowder|SpeedBoost|LuminaCrash,CalmMind,BatonPass,Protect|Modest||M|||50|]Raichu||RaichuniteX|LightningRod|RisingVoltage,Encore,FakeOut,Protect|Timid||F|||50|
|showteam|p2|Camerupt||Cameruptite|SolidRock|HeatWave,EarthPower,Protect,AncientPower|Quiet||F|||50|]Blastoise||Blastoisinite|RainDish|FakeOut,WaterSpout,AuraSphere,DarkPulse|Quiet||M|||50|]Kingambit||LifeOrb|Defiant|KowtowCleave,IronHead,Protect,SuckerPunch|Brave||F|||50|]Vanilluxe||NeverMeltIce|SnowWarning|Blizzard,FreezeDry,Protect,IceShard|Quiet||M|||50|]Staraptor||ChoiceScarf|Intimidate|FinalGambit,BraveBird,CloseCombat,Uturn|Jolly||M|||50|]Farigiraf||SitrusBerry|ArmorTail|PsychicFangs,HyperVoice,HelpingHand,TrickRoom|Relaxed||F|||50|
|inactive|Battle timer is ON: inactive players will automatically lose when time's up. (requested by bzzzzzzddddz)
|inactive|bzzzzzzddddz has 60 seconds left.
|inactive|that3canto has 60 seconds left.
|
|t:|1785127467
|teamsize|p1|4
|teamsize|p2|4
|start
|switch|p1a: Espathra|Espathra, L50, M|100/100
|switch|p1b: Meganium|Meganium, L50, M|100/100
|switch|p2a: Blastoise|Blastoise, L50, M|100/100
|switch|p2b: Farigiraf|Farigiraf, L50, F|100/100
|turn|1
|inactive|bzzzzzzddddz has 30 seconds left.
|inactive|that3canto has 30 seconds left.
|inactive|bzzzzzzddddz has 20 seconds left.
|inactive|bzzzzzzddddz has 15 seconds left.
|inactive|bzzzzzzddddz has 10 seconds left.
|
|t:|1785127517
|switch|p2a: Kingambit|Kingambit, L50, F|100/100
|detailschange|p1b: Meganium|Meganium-Mega, L50, M
|-mega|p1b: Meganium|Meganium|Meganiumite
|move|p1a: Espathra|Lumina Crash|p2a: Kingambit
|-immune|p2a: Kingambit
|move|p1b: Meganium|Solar Beam||[still]
|-prepare|p1b: Meganium|Solar Beam
|-activate|p1b: Meganium|ability: Mega Sol
|-anim|p1b: Meganium|Solar Beam|p2a: Kingambit
|-resisted|p2a: Kingambit|1
|-damage|p2a: Kingambit|65/100
|move|p2b: Farigiraf|Trick Room|p2b: Farigiraf
|-fieldstart|move: Trick Room|[of] p2b: Farigiraf
|
|-ability|p1a: Espathra|Speed Boost|boost
|-boost|p1a: Espathra|spe|1
|upkeep
|turn|2
|inactive|that3canto has 30 seconds left.
|
|t:|1785127549
|switch|p2b: Blastoise|Blastoise, L50, M|100/100
|switch|p1b: Archaludon|Archaludon, L50, F|100/100
|move|p2a: Kingambit|Iron Head|p1b: Archaludon
|-resisted|p1b: Archaludon|1
|-damage|p1b: Archaludon|78/100
|-ability|p1b: Archaludon|Stamina|boost
|-boost|p1b: Archaludon|def|1
|-damage|p2a: Kingambit|55/100|[from] item: Life Orb
|move|p1a: Espathra|Calm Mind|p1a: Espathra
|-boost|p1a: Espathra|spa|1
|-boost|p1a: Espathra|spd|1
|
|-heal|p1b: Archaludon|84/100|[from] item: Leftovers
|-ability|p1a: Espathra|Speed Boost|boost
|-boost|p1a: Espathra|spe|1
|upkeep
|turn|3
|inactive|bzzzzzzddddz has 30 seconds left.
|inactive|bzzzzzzddddz has 20 seconds left.
|inactive|bzzzzzzddddz has 15 seconds left.
|inactive|bzzzzzzddddz has 10 seconds left.
|inactive|bzzzzzzddddz has 5 seconds left.
|
|t:|1785127604
|detailschange|p2b: Blastoise|Blastoise-Mega, L50, M
|-mega|p2b: Blastoise|Blastoise|Blastoisinite
|move|p2a: Kingambit|Kowtow Cleave|p1a: Espathra
|-supereffective|p1a: Espathra|1
|-damage|p1a: Espathra|0 fnt
|faint|p1a: Espathra
|-damage|p2a: Kingambit|45/100|[from] item: Life Orb
|move|p2b: Blastoise|Aura Sphere|p1b: Archaludon
|-supereffective|p1b: Archaludon|1
|-damage|p1b: Archaludon|0 fnt
|faint|p1b: Archaludon
|
|upkeep
|
|t:|1785127613
|switch|p1b: Pelipper|Pelipper, L50, M|100/100
|switch|p1a: Meganium|Meganium-Mega, L50, M|100/100
|-weather|RainDance|[from] ability: Drizzle|[of] p1b: Pelipper
|turn|4
|inactive|bzzzzzzddddz has 30 seconds left.
|inactive|that3canto has 30 seconds left.
|
|t:|1785127639
|move|p2a: Kingambit|Kowtow Cleave|p1b: Pelipper
|-damage|p1b: Pelipper|26/100
|-enditem|p1b: Pelipper|Sitrus Berry|[eat]
|-heal|p1b: Pelipper|51/100|[from] item: Sitrus Berry
|-damage|p2a: Kingambit|36/100|[from] item: Life Orb
|move|p1b: Pelipper|Hurricane|p2b: Blastoise
|-crit|p2b: Blastoise
|-damage|p2b: Blastoise|51/100
|-start|p2b: Blastoise|confusion
|-activate|p2b: Blastoise|confusion
|move|p2b: Blastoise|Water Spout|p1a: Meganium|[spread] p1a,p1b
|-resisted|p1a: Meganium|1
|-resisted|p1b: Pelipper|1
|-damage|p1a: Meganium|74/100
|-damage|p1b: Pelipper|25/100
|move|p1a: Meganium|Weather Ball|p2a: Kingambit
|-supereffective|p2a: Kingambit|1
|-damage|p2a: Kingambit|0 fnt
|faint|p2a: Kingambit
|
|-weather|RainDance|[upkeep]
|upkeep
|
|t:|1785127651
|switch|p2a: Vanilluxe|Vanilluxe, L50, M|100/100
|-weather|Snowscape|[from] ability: Snow Warning|[of] p2a: Vanilluxe
|turn|5
|
|t:|1785127676
|move|p1a: Meganium|Protect|p1a: Meganium
|-singleturn|p1a: Meganium|Protect
|move|p1b: Pelipper|Hurricane|p2b: Blastoise|[miss]
|-miss|p1b: Pelipper|p2b: Blastoise
|-end|p2b: Blastoise|confusion
|move|p2b: Blastoise|Dark Pulse|p1b: Pelipper
|-damage|p1b: Pelipper|0 fnt
|faint|p1b: Pelipper
|move|p2a: Vanilluxe|Blizzard|p1a: Meganium
|-activate|p1a: Meganium|move: Protect
|
|-weather|Snowscape|[upkeep]
|-fieldend|move: Trick Room
|upkeep
|turn|6
|inactive|that3canto has 30 seconds left.
|
|t:|1785127701
|move|p1a: Meganium|Weather Ball|p2a: Vanilluxe
|-supereffective|p2a: Vanilluxe|1
|-crit|p2a: Vanilluxe
|-damage|p2a: Vanilluxe|0 fnt
|faint|p2a: Vanilluxe
|move|p2b: Blastoise|Dark Pulse|p1a: Meganium
|-resisted|p1a: Meganium|1
|-damage|p1a: Meganium|50/100g
|
|-weather|Snowscape|[upkeep]
|upkeep
|
|t:|1785127708
|switch|p2a: Farigiraf|Farigiraf, L50, F|100/100
|turn|7
|
|t:|1785127723
|move|p1a: Meganium|Solar Beam||[still]
|-prepare|p1a: Meganium|Solar Beam
|-activate|p1a: Meganium|ability: Mega Sol
|-anim|p1a: Meganium|Solar Beam|p2b: Blastoise
|-supereffective|p2b: Blastoise|1
|-damage|p2b: Blastoise|0 fnt
|faint|p2b: Blastoise
|move|p2a: Farigiraf|Psychic Fangs|p1a: Meganium
|-damage|p1a: Meganium|25/100
|
|-weather|Snowscape|[upkeep]
|upkeep
|turn|8
|
|t:|1785127737
|move|p1a: Meganium|Solar Beam||[still]
|-prepare|p1a: Meganium|Solar Beam
|-activate|p1a: Meganium|ability: Mega Sol
|-anim|p1a: Meganium|Solar Beam|p2a: Farigiraf
|-damage|p2a: Farigiraf|36/100
|-enditem|p2a: Farigiraf|Sitrus Berry|[eat]
|-heal|p2a: Farigiraf|61/100|[from] item: Sitrus Berry
|move|p2a: Farigiraf|Psychic Fangs|p1a: Meganium
|-damage|p1a: Meganium|0 fnt
|faint|p1a: Meganium
|
|win|that3canto
|raw|bzzzzzzddddz's rating: 1211 → 1175(-36 for losing)
|raw|that3canto's rating: 1049 → 1096(+47 for winning)
|l|☆bzzzzzzddddz
|player|p1|
|c|☆that3canto|gg
|j|☆bzzzzzzddddz
|player|p1|bzzzzzzddddz|170|
|l|☆bzzzzzzddddz
|player|p1|
