|j|☆nagc_17
|j|☆gio0314
|html|nagc_17gio0314    
|uhtml|bestof|Game 1 of a best-of-3
|t:|1785251248
|gametype|doubles
|player|p1|nagc_17|scientist|
|player|p2|gio0314|2|
|gen|9
|tier|[Gen 9 Champions] VGC 2026 Reg M-B (Bo3)
|rule|Species Clause: Limit one of each Pokémon
|rule|Item Clause: Limit 1 of each item
|clearpoke
|poke|p1|Blastoise, L50, F|
|poke|p1|Farigiraf, L50, F|
|poke|p1|Torkoal, L50, F|
|poke|p1|Incineroar, L50, M|
|poke|p1|Hatterene, L50, F|
|poke|p1|Clefable, L50, M|
|poke|p2|Lucario, L50, F|
|poke|p2|Sableye, L50, M|
|poke|p2|Lycanroc-Dusk, L50, M|
|poke|p2|Luxray, L50, M|
|poke|p2|Hydreigon, L50, F|
|poke|p2|Talonflame, L50, F|
|teampreview|4
|showteam|p1|Blastoise||Blastoisinite|Torrent|DarkPulse,AuraSphere,WaterPulse,Protect|Adamant||F|||50|]Farigiraf||FocusSash|ArmorTail|TrickRoom,PsychicNoise,Thunderbolt,Protect|Adamant||F|||50|]Torkoal||Charcoal|Drought|Eruption,HeatWave,SolarBeam,Protect|Adamant||F|||50|]Incineroar||Leftovers|Intimidate|FakeOut,DarkestLariat,CloseCombat,PartingShot|Adamant||M|||50|]Hatterene||ExpertBelt|MagicBounce|Psychic,DazzlingGleam,TrickRoom,Protect|Adamant||F|||50|]Clefable||Clefablite|MagicGuard|Moonblast,HealPulse,Thunderbolt,FollowMe|Adamant||M|||50|
|showteam|p2|Lucario||Lucarionite|InnerFocus|CloseCombat,MeteorMash,Protect,Crunch|Jolly||F|||50|]Sableye||SitrusBerry|Prankster|Reflect,KnockOff,Encore,LightScreen|Careful||M|||50|]Lycanroc-Dusk||LifeOrb|ToughClaws|RockSlide,Accelerock,CloseCombat,Protect|Jolly||M|||50|]Luxray||ShucaBerry|Intimidate|Superpower,HelpingHand,Protect,WildCharge|Adamant||M|||50|]Hydreigon||FocusSash|Levitate|EarthPower,DracoMeteor,DarkPulse,Protect|Modest||F|||50|]Talonflame|||GaleWings|Acrobatics,Tailwind,FlareBlitz,Uturn|Jolly||F|||50|
|
|t:|1785251326
|teamsize|p1|4
|teamsize|p2|4
|start
|switch|p1a: Farigiraf|Farigiraf, L50, F|100/100
|switch|p1b: Clefable|Clefable, L50, M|100/100
|switch|p2a: Lucyfah|Luxray, L50, M|100/100
|switch|p2b: Boyer|Sableye, L50, M|100/100
|-ability|p2a: Lucyfah|Intimidate|boost
|-unboost|p1a: Farigiraf|atk|1
|-unboost|p1b: Clefable|atk|1
|turn|1
|
|t:|1785251354
|detailschange|p1b: Clefable|Clefable-Mega, L50, M
|-mega|p1b: Clefable|Clefable|Clefablite
|move|p1b: Clefable|Follow Me|p1b: Clefable
|-singleturn|p1b: Clefable|move: Follow Me
|move|p2b: Boyer|Light Screen|p2b: Boyer
|-sidestart|p2: gio0314|move: Light Screen
|move|p2a: Lucyfah|Wild Charge|p1b: Clefable
|-supereffective|p1b: Clefable|1
|-damage|p1b: Clefable|28/100
|-damage|p2a: Lucyfah|80/100|[from] Recoil
|move|p1a: Farigiraf|Trick Room|p1a: Farigiraf
|-fieldstart|move: Trick Room|[of] p1a: Farigiraf
|
|upkeep
|turn|2
|
|t:|1785251413
|switch|p1a: Hatterene|Hatterene, L50, F|100/100
|switch|p1b: Incineroar|Incineroar, L50, M|100/100
|-ability|p1b: Incineroar|Intimidate|boost
|-unboost|p2a: Lucyfah|atk|1
|-unboost|p2b: Boyer|atk|1
|move|p2b: Boyer|Knock Off|p1a: Hatterene
|-damage|p1a: Hatterene|81/100
|-enditem|p1a: Hatterene|Expert Belt|[from] move: Knock Off|[of] p2b: Boyer
|move|p2a: Lucyfah|Wild Charge|p1b: Incineroar
|-damage|p1b: Incineroar|71/100
|-damage|p2a: Lucyfah|73/100|[from] Recoil
|
|-heal|p1b: Incineroar|77/100|[from] item: Leftovers
|upkeep
|turn|3
|inactive|Battle timer is ON: inactive players will automatically lose when time's up. (requested by gio0314)
|inactive|nagc_17 has 60 seconds left.
|
|t:|1785251448
|move|p2a: Lucyfah|Protect|p2a: Lucyfah
|-singleturn|p2a: Lucyfah|Protect
|move|p1b: Incineroar|Fake Out|p2b: Boyer
|-immune|p2b: Boyer
|move|p1a: Hatterene|Dazzling Gleam|p2b: Boyer|[spread] p2b
|-activate|p2a: Lucyfah|move: Protect
|-supereffective|p2b: Boyer|1
|-damage|p2b: Boyer|56/100
|move|p2b: Boyer|Knock Off|p1b: Incineroar
|-resisted|p1b: Incineroar|1
|-damage|p1b: Incineroar|69/100
|-enditem|p1b: Incineroar|Leftovers|[from] move: Knock Off|[of] p2b: Boyer
|
|upkeep
|turn|4
|inactive|nagc_17 has 30 seconds left.
|inactive|gio0314 has 30 seconds left.
|inactive|nagc_17 has 20 seconds left.
|
|t:|1785251485
|switch|p2a: Like a rock|Lycanroc-Dusk, L50, M|100/100
|move|p2b: Boyer|Reflect|p2b: Boyer
|-sidestart|p2: gio0314|Reflect
|move|p1a: Hatterene|Dazzling Gleam|p2b: Boyer|[spread] p2a,p2b
|-supereffective|p2b: Boyer|1
|-damage|p2a: Like a rock|70/100
|-damage|p2b: Boyer|10/100
|-enditem|p2b: Boyer|Sitrus Berry|[eat]
|-heal|p2b: Boyer|35/100|[from] item: Sitrus Berry
|move|p1b: Incineroar|Darkest Lariat|p2a: Like a rock
|-damage|p2a: Like a rock|28/100
|
|upkeep
|turn|5
|inactive|nagc_17 has 30 seconds left.
|
|t:|1785251510
|switch|p2b: Lucyfah|Luxray, L50, M|73/100
|-ability|p2b: Lucyfah|Intimidate|boost
|-unboost|p1a: Hatterene|atk|1
|-unboost|p1b: Incineroar|atk|1
|move|p2a: Like a rock|Protect|p2a: Like a rock
|-singleturn|p2a: Like a rock|Protect
|move|p1a: Hatterene|Dazzling Gleam|p2b: Lucyfah|[spread] p2b
|-activate|p2a: Like a rock|move: Protect
|-damage|p2b: Lucyfah|48/100
|move|p1b: Incineroar|Parting Shot|p2a: Like a rock
|-activate|p2a: Like a rock|move: Protect
|
|-sideend|p2: gio0314|move: Light Screen
|-fieldend|move: Trick Room
|upkeep
|turn|6
|inactive|nagc_17 has 30 seconds left.
|inactive|gio0314 has 30 seconds left.
|inactive|nagc_17 has 20 seconds left.
|
|t:|1785251547
|move|p2b: Lucyfah|Helping Hand|p2a: Like a rock
|-singleturn|p2a: Like a rock|Helping Hand|[of] p2b: Lucyfah
|move|p1a: Hatterene|Protect|p1a: Hatterene
|-singleturn|p1a: Hatterene|Protect
|move|p2a: Like a rock|Rock Slide|p1a: Hatterene|[spread] p1b
|-activate|p1a: Hatterene|move: Protect
|-supereffective|p1b: Incineroar|1
|-damage|p1b: Incineroar|0 fnt
|faint|p1b: Incineroar
|-damage|p2a: Like a rock|18/100|[from] item: Life Orb
|
|upkeep
|
|t:|1785251561
|switch|p1b: Farigiraf|Farigiraf, L50, F|100/100
|turn|7
|inactive|nagc_17 has 30 seconds left.
|
|t:|1785251592
|move|p2b: Lucyfah|Helping Hand|p2a: Like a rock
|-singleturn|p2a: Like a rock|Helping Hand|[of] p2b: Lucyfah
|move|p2a: Like a rock|Rock Slide|p1a: Hatterene|[spread] p1a,p1b
|-damage|p1a: Hatterene|25/100
|-damage|p1b: Farigiraf|53/100
|-damage|p2a: Like a rock|8/100|[from] item: Life Orb
|cant|p1a: Hatterene|flinch
|move|p1b: Farigiraf|Trick Room|p1b: Farigiraf
|-fieldstart|move: Trick Room|[of] p1b: Farigiraf
|
|upkeep
|turn|8
|inactive|nagc_17 has 30 seconds left.
|inactive|nagc_17 has 20 seconds left.
|inactive|nagc_17 has 15 seconds left.
|inactive|nagc_17 has 10 seconds left.
|
|t:|1785251638
|move|p1b: Farigiraf|Protect|p1b: Farigiraf
|-singleturn|p1b: Farigiraf|Protect
|move|p2b: Lucyfah|Protect|p2b: Lucyfah
|-singleturn|p2b: Lucyfah|Protect
|move|p1a: Hatterene|Dazzling Gleam|p2b: Lucyfah|[spread] p2a
|-activate|p2b: Lucyfah|move: Protect
|-crit|p2a: Like a rock
|-damage|p2a: Like a rock|0 fnt
|faint|p2a: Like a rock
|
|-sideend|p2: gio0314|Reflect
|upkeep
|
|t:|1785251648
|switch|p2a: Boyer|Sableye, L50, M|35/100
|turn|9
|
|t:|1785251667
|move|p1a: Hatterene|Dazzling Gleam|p2a: Boyer|[spread] p2a,p2b
|-supereffective|p2a: Boyer|1
|-damage|p2a: Boyer|0 fnt
|-damage|p2b: Lucyfah|16/100
|faint|p2a: Boyer
|move|p1b: Farigiraf|Thunderbolt|p2b: Lucyfah
|-resisted|p2b: Lucyfah|1
|-damage|p2b: Lucyfah|3/100
|move|p2b: Lucyfah|Wild Charge|p1a: Hatterene
|-damage|p1a: Hatterene|0 fnt
|faint|p1a: Hatterene
|-damage|p2b: Lucyfah|0 fnt|[from] Recoil
|faint|p2b: Lucyfah
|
|upkeep
|
|t:|1785251682
|switch|p1a: Clefable|Clefable-Mega, L50, M|28/100
|switch|p2b: Lukas|Lucario, L50, F|100/100
|turn|10
|inactiveoff|Battle timer is now OFF.
|inactive|Battle timer is ON: inactive players will automatically lose when time's up. (requested by gio0314)
|inactive|nagc_17 has 30 seconds left.
|inactive|nagc_17 has 20 seconds left.
|inactive|nagc_17 has 15 seconds left.
|
|t:|1785251779
|detailschange|p2b: Lukas|Lucario-Mega, L50, F
|-mega|p2b: Lukas|Lucario|Lucarionite
|move|p1b: Farigiraf|Thunderbolt|p2b: Lukas
|-damage|p2b: Lukas|63/100
|move|p1a: Clefable|Moonblast|p2b: Lukas
|-damage|p2b: Lukas|4/100
|move|p2b: Lukas|Meteor Mash|p1a: Clefable
|-supereffective|p1a: Clefable|1
|-damage|p1a: Clefable|0 fnt
|faint|p1a: Clefable
|
|upkeep
|turn|11
|
|t:|1785251794
|move|p2b: Lukas|Protect|p2b: Lukas
|-singleturn|p2b: Lukas|Protect
|move|p1b: Farigiraf|Psychic Noise|p2b: Lukas
|-activate|p2b: Lukas|move: Protect
|
|-fieldend|move: Trick Room
|upkeep
|turn|12
|
|t:|1785251803
|move|p2b: Lukas|Close Combat|p1b: Farigiraf
|-damage|p1b: Farigiraf|0 fnt
|-unboost|p2b: Lukas|def|1
|-unboost|p2b: Lukas|spd|1
|faint|p1b: Farigiraf
|
|win|gio0314
||gio0314 is ready for game 2.
|inactive|nagc_17 has 30 seconds to confirm battle start!
|inactive|nagc_17 has 20 seconds to confirm battle start!
|inactive|nagc_17 has 10 seconds to confirm battle start!
||nagc_17 is ready for game 2.
|uhtml|next|Next: Game 2 of 3
