|j|☆regifannumber1
|j|☆denniscult
|html|regifannumber1denniscult    
|uhtml|bestof|Game 1 of a best-of-3
|t:|1784330003
|gametype|doubles
|player|p1|regifannumber1|169|1042
|player|p2|denniscult|acetrainer-gen4dp|1094
|gen|9
|tier|[Gen 9 Champions] VGC 2026 Reg M-B (Bo3)
|rated|
|rule|Species Clause: Limit one of each Pokémon
|rule|Item Clause: Limit 1 of each item
|clearpoke
|poke|p1|Raichu, L50, M|
|poke|p1|Kingambit, L50, F, shiny|
|poke|p1|Basculegion, L50, M|
|poke|p1|Aerodactyl, L50, M|
|poke|p1|Farigiraf, L50, F|
|poke|p1|Sylveon, L50, M, shiny|
|poke|p2|Scrafty, L50, F|
|poke|p2|Rotom-Wash, L50|
|poke|p2|Farigiraf, L50, F|
|poke|p2|Corviknight, L50, M|
|poke|p2|Dragonite, L50, M|
|poke|p2|Metagross, L50|
|teampreview|4
|showteam|p1|Raichu||RaichuniteY|LightningRod|ZapCannon,FocusBlast,FakeOut,Protect|Timid||M|||50|]Kingambit||FocusSash|Defiant|KowtowCleave,SuckerPunch,IronHead,LowKick|Adamant||F|||50|]Basculegion||MysticWater|Adaptability|LastRespects,WaveCrash,AquaJet,Protect|Adamant||M|||50|]Aerodactyl||Aerodactylite|Unnerve|RockSlide,DualWingbeat,Tailwind,IceFang|Jolly||M|||50|]Farigiraf||SitrusBerry|ArmorTail|Psychic,Thunderbolt,TrickRoom,Protect|Bold||F|||50|]Sylveon||FairyFeather|Pixilate|HyperVoice,HyperBeam,QuickAttack,Detect|Modest||M|||50|
|showteam|p2|Scrafty||Scraftinite|Intimidate|BulkUp,FakeOut,CloseCombat,KnockOff|Adamant||F|||50|]Rotom-Wash||LifeOrb|Levitate|WillOWisp,Thunderbolt,HydroPump,VoltSwitch|Timid|||||50|]Farigiraf||MentalHerb|ArmorTail|TrickRoom,Psychic,Protect,Thunderbolt|Relaxed||F|||50|]Corviknight||SitrusBerry|MirrorArmor|BulkUp,IronHead,BraveBird,Protect|Careful||M|||50|]Dragonite||RoseliBerry|Multiscale|Haze,ExtremeSpeed,BreakingSwipe,Protect|Adamant||M|||50|]Metagross||Metagrossite|ClearBody|MeteorMash,PsychicFangs,Earthquake,MagnetRise|Jolly|||||50|
|inactive|Battle timer is ON: inactive players will automatically lose when time's up. (requested by denniscult)
|inactive|regifannumber1 has 60 seconds left.
|inactive|denniscult has 60 seconds left.
|inactive|regifannumber1 has 30 seconds left.
|inactive|denniscult has 30 seconds left.
|
|t:|1784330071
|teamsize|p1|4
|teamsize|p2|4
|start
|switch|p1a: Raichu|Raichu, L50, M|100/100
|switch|p1b: Basculegion|Basculegion, L50, M|100/100
|switch|p2a: Metagross|Metagross, L50|100/100
|switch|p2b: wosh wosh|Rotom-Wash, L50|100/100
|turn|1
|inactive|regifannumber1 has 30 seconds left.
|inactive|denniscult has 30 seconds left.
|inactive|regifannumber1 has 20 seconds left.
|inactive|regifannumber1 has 15 seconds left.
|inactive|regifannumber1 has 10 seconds left.
|inactive|regifannumber1 has 5 seconds left.
|
|t:|1784330128
|switch|p2a: the prodigal son|Scrafty, L50, F|100/100
|-ability|p2a: the prodigal son|Intimidate|boost
|-unboost|p1a: Raichu|atk|1
|-unboost|p1b: Basculegion|atk|1
|detailschange|p1a: Raichu|Raichu-Mega-Y, L50, M
|-mega|p1a: Raichu|Raichu|Raichunite Y
|move|p1a: Raichu|Fake Out|p2b: wosh wosh
|-damage|p2b: wosh wosh|92/100
|cant|p2b: wosh wosh|flinch
|move|p1b: Basculegion|Wave Crash|p2a: the prodigal son
|-damage|p2a: the prodigal son|38/100
|-damage|p1b: Basculegion|83/100|[from] Recoil
|
|upkeep
|turn|2
|inactive|denniscult has 30 seconds left.
|
|t:|1784330160
|switch|p1b: Sylveon|Sylveon, L50, M, shiny|100/100
|switch|p2a: Dragonite|Dragonite, L50, M|100/100
|move|p1a: Raichu|Zap Cannon|p2a: Dragonite
|-damage|p2a: Dragonite|72/100
|-status|p2a: Dragonite|par
|move|p2b: wosh wosh|Volt Switch|p1b: Sylveon
|-damage|p1b: Sylveon|69/100
|-damage|p2b: wosh wosh|82/100|[from] item: Life Orb
|
|t:|1784330171
|switch|p2b: Metagross|Metagross, L50|100/100|[from] Volt Switch
|
|upkeep
|turn|3
|
|t:|1784330193
|detailschange|p2b: Metagross|Metagross-Mega, L50
|-mega|p2b: Metagross|Metagross|Metagrossite
|move|p2a: Dragonite|Extreme Speed|p1b: Sylveon
|-damage|p1b: Sylveon|30/100
|move|p1a: Raichu|Zap Cannon|p2b: Metagross
|-crit|p2b: Metagross
|-damage|p2b: Metagross|1/100
|-status|p2b: Metagross|par
|move|p1b: Sylveon|Hyper Voice|p2b: Metagross|[spread] p2a,p2b
|-supereffective|p2a: Dragonite|1
|-enditem|p2a: Dragonite|Roseli Berry|[eat]
|-enditem|p2a: Dragonite|Roseli Berry|[weaken]
|-resisted|p2b: Metagross|1
|-damage|p2a: Dragonite|27/100 par
|-damage|p2b: Metagross|0 fnt
|faint|p2b: Metagross
|
|upkeep
|c|☆denniscult|wow
|c|☆denniscult|lucky crit
|
|t:|1784330211
|switch|p2b: the prodigal son|Scrafty, L50, F|38/100
|-ability|p2b: the prodigal son|Intimidate|boost
|-unboost|p1a: Raichu|atk|1
|-unboost|p1b: Sylveon|atk|1
|turn|4
|
|t:|1784330221
|move|p1a: Raichu|Protect|p1a: Raichu
|-singleturn|p1a: Raichu|Protect
|move|p1b: Sylveon|Detect|p1b: Sylveon
|-singleturn|p1b: Sylveon|Protect
|move|p2b: the prodigal son|Fake Out|p1a: Raichu
|-activate|p1a: Raichu|move: Protect
|move|p2a: Dragonite|Extreme Speed|p1b: Sylveon
|-activate|p1b: Sylveon|move: Protect
|
|upkeep
|turn|5
|
|t:|1784330238
|move|p2a: Dragonite|Extreme Speed|p1b: Sylveon
|-damage|p1b: Sylveon|0 fnt
|faint|p1b: Sylveon
|move|p1a: Raichu|Zap Cannon|p2a: Dragonite
|-damage|p2a: Dragonite|0 fnt
|faint|p2a: Dragonite
|move|p2b: the prodigal son|Close Combat|p1a: Raichu
|-damage|p1a: Raichu|15/100
|-unboost|p2b: the prodigal son|def|1
|-unboost|p2b: the prodigal son|spd|1
|
|upkeep
|
|t:|1784330249
|switch|p2a: wosh wosh|Rotom-Wash, L50|82/100
|switch|p1b: Kingambit|Kingambit, L50, F, shiny|100/100
|turn|6
|
|t:|1784330267
|move|p1a: Raichu|Zap Cannon|p2b: the prodigal son
|-damage|p2b: the prodigal son|0 fnt
|faint|p2b: the prodigal son
|move|p2a: wosh wosh|Will-O-Wisp|p1b: Kingambit
|-status|p1b: Kingambit|brn
|move|p1b: Kingambit|Kowtow Cleave|p2a: wosh wosh
|-damage|p2a: wosh wosh|47/100
|
|-damage|p1b: Kingambit|93/100 brn|[from] brn
|upkeep
|turn|7
|
|t:|1784330282
|move|p1b: Kingambit|Sucker Punch|p2a: wosh wosh
|-damage|p2a: wosh wosh|21/100
|move|p1a: Raichu|Zap Cannon|p2a: wosh wosh
|-damage|p2a: wosh wosh|0 fnt
|faint|p2a: wosh wosh
|
|win|regifannumber1
