|j|☆Cristante terabug
|j|☆Cage92
|html|Cristante terabugCage92    
|uhtml|bestof|Game 2 of a best-of-3
|t:|1756843056
|gametype|doubles
|player|p1|Cristante terabug|kieran-champion|
|player|p2|Cage92|bugsy|
|gen|9
|tier|[Gen 9] VGC 2025 Reg H (Bo3)
|rule|Species Clause: Limit one of each Pokémon
|rule|Item Clause: Limit 1 of each item
|clearpoke
|poke|p1|Incineroar, L50, M|
|poke|p1|Pelipper, L50, M|
|poke|p1|Archaludon, L50, M|
|poke|p1|Dragonite, L50, M|
|poke|p1|Sinistcha, L50|
|poke|p1|Ursaluna, L50, F|
|poke|p2|Corviknight, L50, M|
|poke|p2|Garchomp, L50, M|
|poke|p2|Tyranitar, L50, M|
|poke|p2|Gholdengo, L50|
|poke|p2|Sneasler, L50, M|
|poke|p2|Incineroar, L50, M|
|teampreview|4
|showteam|p1|Incineroar||SafetyGoggles|Intimidate|FakeOut,PartingShot,KnockOff,Taunt|||M|||50|,,,,,Ghost]Pelipper||FocusSash|Drizzle|Hurricane,MuddyWater,Tailwind,Protect|||M|||50|,,,,,Ghost]Archaludon||AssaultVest|Stamina|ElectroShot,Snarl,FlashCannon,BodyPress|||M|||50|,,,,,Fighting]Dragonite||LoadedDice|Multiscale|ScaleShot,Tailwind,Haze,Protect|||M|||50|,,,,,Fairy]Sinistcha||SitrusBerry|Hospitality|MatchaGotcha,RagePowder,LifeDew,TrickRoom||||||50|,,,,,Dark]Ursaluna||FlameOrb|Guts|Earthquake,Facade,HeadlongRush,Protect|||F|||50|,,,,,Ghost
|showteam|p2|Corviknight||CovertCloak|MirrorArmor|BraveBird,Taunt,Roost,Tailwind|||M|||50|,,,,,Dragon]Garchomp||ClearAmulet|RoughSkin|Earthquake,DragonClaw,StompingTantrum,Protect|||M|||50|,,,,,Steel]Tyranitar||AssaultVest|SandStream|RockSlide,KnockOff,TeraBlast,LowKick|||M|||50|,,,,,Flying]Gholdengo||LifeOrb|GoodasGold|MakeItRain,ShadowBall,NastyPlot,Protect||||||50|,,,,,Flying]Sneasler||WhiteHerb|Unburden|DireClaw,CloseCombat,Coaching,Protect|||M|||50|,,,,,Ghost]Incineroar||SafetyGoggles|Intimidate|FlareBlitz,WillOWisp,PartingShot,FakeOut|||M|||50|,,,,,Ghost
|
|t:|1756843096
|teamsize|p1|4
|teamsize|p2|4
|start
|switch|p1a: De Marinis|Incineroar, L50, M|100/100
|switch|p1b: Wanda|Sinistcha, L50, shiny|100/100
|switch|p2a: Incineroar|Incineroar, L50, M|100/100
|switch|p2b: Gholdengo|Gholdengo, L50|100/100
|-ability|p1a: De Marinis|Intimidate|boost
|-unboost|p2a: Incineroar|atk|1
|-unboost|p2b: Gholdengo|atk|1
|-ability|p2a: Incineroar|Intimidate|boost
|-unboost|p1a: De Marinis|atk|1
|-unboost|p1b: Wanda|atk|1
|turn|1
|
|t:|1756843201
|switch|p2b: Tyranitar|Tyranitar, L50, M|100/100
|-weather|Sandstorm|[from] ability: Sand Stream|[of] p2b: Tyranitar
|move|p2a: Incineroar|Fake Out|p1b: Wanda
|-immune|p1b: Wanda
|move|p1a: De Marinis|Parting Shot|p2a: Incineroar
|-unboost|p2a: Incineroar|atk|1
|-unboost|p2a: Incineroar|spa|1
|
|t:|1756843210
|switch|p1a: Olmo|Ursaluna, L50, F|100/100|[from] Parting Shot
|move|p1b: Wanda|Trick Room|p1b: Wanda
|-fieldstart|move: Trick Room|[of] p1b: Wanda
|
|-weather|Sandstorm|[upkeep]
|-damage|p1b: Wanda|94/100|[from] Sandstorm
|-status|p1a: Olmo|brn|[from] item: Flame Orb
|upkeep
|turn|2
|
|t:|1756843244
|switch|p2b: Corviknight|Corviknight, L50, M, shiny|100/100
|move|p2a: Incineroar|Parting Shot|p1a: Olmo
|-unboost|p1a: Olmo|atk|1
|-unboost|p1a: Olmo|spa|1
|
|t:|1756843260
|switch|p2a: Tyranitar|Tyranitar, L50, M|100/100|[from] Parting Shot
|move|p1a: Olmo|Earthquake|p2b: Corviknight|[spread] p1b,p2a
|-immune|p2b: Corviknight
|-resisted|p1b: Wanda
|-supereffective|p2a: Tyranitar
|-damage|p1b: Wanda|74/100
|-damage|p2a: Tyranitar|22/100
|move|p1b: Wanda|Life Dew||[still]|[spread] p1a,p1b
|-fail|p1a: Olmo|heal
|-heal|p1b: Wanda|99/100
|
|-weather|Sandstorm|[upkeep]
|-damage|p1b: Wanda|93/100|[from] Sandstorm
|-damage|p1a: Olmo|94/100 brn|[from] brn
|upkeep
|turn|3
|
|t:|1756843301
|switch|p2a: Incineroar|Incineroar, L50, M|100/100
|-ability|p2a: Incineroar|Intimidate|boost
|-unboost|p1a: Olmo|atk|1
|-unboost|p1b: Wanda|atk|1
|move|p1a: Olmo|Facade|p2a: Incineroar
|-damage|p2a: Incineroar|49/100
|move|p1b: Wanda|Matcha Gotcha|p2a: Incineroar|[spread] p2a,p2b
|-resisted|p2a: Incineroar
|-resisted|p2b: Corviknight
|-damage|p2a: Incineroar|39/100
|-heal|p1b: Wanda|99/100|[from] drain|[of] p2a: Incineroar
|-damage|p2b: Corviknight|96/100
|-heal|p1b: Wanda|100/100|[from] drain|[of] p2b: Corviknight
|move|p2b: Corviknight|Taunt|p1b: Wanda
|-start|p1b: Wanda|move: Taunt
|
|-weather|Sandstorm|[upkeep]
|-damage|p1b: Wanda|94/100|[from] Sandstorm
|-damage|p1a: Olmo|88/100 brn|[from] brn
|upkeep
|turn|4
|
|t:|1756843328
|switch|p1b: Luca|Archaludon, L50, M|100/100
|move|p2a: Incineroar|Parting Shot|p1a: Olmo
|-unboost|p1a: Olmo|atk|1
|-unboost|p1a: Olmo|spa|1
|
|t:|1756843340
|switch|p2a: Tyranitar|Tyranitar, L50, M|22/100|[from] Parting Shot
|move|p1a: Olmo|Facade|p2a: Tyranitar
|-resisted|p2a: Tyranitar
|-damage|p2a: Tyranitar|0 fnt
|faint|p2a: Tyranitar
|move|p2b: Corviknight|Brave Bird|p1b: Luca
|-resisted|p1b: Luca
|-damage|p1b: Luca|86/100
|-ability|p1b: Luca|Stamina|boost
|-boost|p1b: Luca|def|1
|-damage|p2b: Corviknight|91/100|[from] Recoil
|
|-weather|Sandstorm|[upkeep]
|-damage|p1a: Olmo|82/100 brn|[from] brn
|upkeep
|
|t:|1756843353
|switch|p2a: Gholdengo|Gholdengo, L50|100/100
|turn|5
|
|t:|1756843378
|switch|p1a: De Marinis|Incineroar, L50, M|100/100
|-ability|p1a: De Marinis|Intimidate|boost
|-unboost|p2a: Gholdengo|atk|1
|-ability|p2b: Corviknight|Mirror Armor
|-unboost|p1a: De Marinis|atk|1
|-terastallize|p2a: Gholdengo|Flying
|move|p1b: Luca|Snarl|p2a: Gholdengo|[spread] p2a,p2b
|-damage|p2a: Gholdengo|87/100
|-damage|p2b: Corviknight|79/100
|-unboost|p2a: Gholdengo|spa|1
|move|p2b: Corviknight|Brave Bird|p1a: De Marinis
|-damage|p1a: De Marinis|65/100
|-damage|p2b: Corviknight|68/100|[from] Recoil
|move|p2a: Gholdengo|Nasty Plot|p2a: Gholdengo
|-boost|p2a: Gholdengo|spa|2
|
|-weather|none
|-fieldend|move: Trick Room
|upkeep
|turn|6
|
|t:|1756843412
|switch|p2b: Incineroar|Incineroar, L50, M|39/100
|-ability|p2b: Incineroar|Intimidate|boost
|-unboost|p1a: De Marinis|atk|1
|-unboost|p1b: Luca|atk|1
|move|p2a: Gholdengo|Nasty Plot|p2a: Gholdengo
|-boost|p2a: Gholdengo|spa|2
|move|p1b: Luca|Snarl|p2a: Gholdengo|[spread] p2a,p2b
|-crit|p2a: Gholdengo
|-resisted|p2b: Incineroar
|-damage|p2a: Gholdengo|67/100
|-damage|p2b: Incineroar|34/100
|-unboost|p2a: Gholdengo|spa|1
|-unboost|p2b: Incineroar|spa|1
|move|p1a: De Marinis|Knock Off|p2a: Gholdengo
|-damage|p2a: Gholdengo|44/100
|-enditem|p2a: Gholdengo|Life Orb|[from] move: Knock Off|[of] p1a: De Marinis
|
|upkeep
|turn|7
|
|t:|1756843440
|switch|p1a: Wanda|Sinistcha, L50, shiny|94/100
|-heal|p1b: Luca|100/100|[from] ability: Hospitality|[of] p1a: Wanda
|move|p2b: Incineroar|Fake Out|p1b: Luca
|-resisted|p1b: Luca
|-damage|p1b: Luca|98/100
|-ability|p1b: Luca|Stamina|boost
|-boost|p1b: Luca|def|1
|move|p2a: Gholdengo|Nasty Plot|p2a: Gholdengo
|-boost|p2a: Gholdengo|spa|2
|cant|p1b: Luca|flinch
|
|upkeep
|turn|8
|
|t:|1756843481
|switch|p2b: Corviknight|Corviknight, L50, M, shiny|68/100
|move|p2a: Gholdengo|Make It Rain|p1a: Wanda|[spread] p1a,p1b
|-resisted|p1b: Luca
|-damage|p1a: Wanda|0 fnt
|-damage|p1b: Luca|48/100
|-unboost|p2a: Gholdengo|spa|1
|-ability|p1b: Luca|Stamina|boost
|-boost|p1b: Luca|def|1
|faint|p1a: Wanda
|move|p1b: Luca|Snarl|p2a: Gholdengo|[spread] p2a,p2b
|-damage|p2a: Gholdengo|30/100
|-damage|p2b: Corviknight|56/100
|-unboost|p2a: Gholdengo|spa|1
|
|upkeep
|
|t:|1756843489
|switch|p1a: De Marinis|Incineroar, L50, M|65/100
|-ability|p1a: De Marinis|Intimidate|boost
|-unboost|p2a: Gholdengo|atk|1
|-ability|p2b: Corviknight|Mirror Armor
|-unboost|p1a: De Marinis|atk|1
|turn|9
|
|t:|1756843505
|move|p2a: Gholdengo|Protect|p2a: Gholdengo
|-singleturn|p2a: Gholdengo|Protect
|move|p1a: De Marinis|Fake Out|p2b: Corviknight
|-resisted|p2b: Corviknight
|-damage|p2b: Corviknight|53/100
|move|p2b: Corviknight|Roost|p2b: Corviknight
|-heal|p2b: Corviknight|100/100
|-singleturn|p2b: Corviknight|move: Roost
|move|p1b: Luca|Flash Cannon|p2a: Gholdengo
|-activate|p2a: Gholdengo|move: Protect
|
|upkeep
|turn|10
|
|t:|1756843525
|switch|p2b: Incineroar|Incineroar, L50, M|34/100
|-ability|p2b: Incineroar|Intimidate|boost
|-unboost|p1a: De Marinis|atk|1
|-unboost|p1b: Luca|atk|1
|switch|p1b: Olmo|Ursaluna, L50, F|82/100 brn
|move|p2a: Gholdengo|Shadow Ball|p1b: Olmo
|-immune|p1b: Olmo
|move|p1a: De Marinis|Knock Off|p2a: Gholdengo
|-damage|p2a: Gholdengo|15/100
|
|-damage|p1b: Olmo|76/100 brn|[from] brn
|upkeep
|turn|11
|
|t:|1756843552
|-terastallize|p1b: Olmo|Ghost
|move|p2b: Incineroar|Fake Out|p1a: De Marinis
|-damage|p1a: De Marinis|55/100
|move|p2a: Gholdengo|Make It Rain|p1a: De Marinis|[spread] p1a,p1b
|-resisted|p1a: De Marinis
|-damage|p1a: De Marinis|20/100
|-damage|p1b: Olmo|0 fnt
|-unboost|p2a: Gholdengo|spa|1
|faint|p1b: Olmo
|cant|p1a: De Marinis|flinch
|
|upkeep
|
|t:|1756843562
|switch|p1b: Luca|Archaludon, L50, M|48/100
|turn|12
|-message|Cristante terabug forfeited.
|
|win|Cage92
|l|☆Cristante terabug
|player|p1|
