|j|☆cereales revenge
|j|☆drewqfan
|html|cereales revengedrewqfan    
|uhtml|bestof|Game 1 of a best-of-3
|t:|1756204595
|gametype|doubles
|player|p1|cereales revenge|170|1363
|player|p2|drewqfan|preschooler|1334
|gen|9
|tier|[Gen 9] VGC 2025 Reg H (Bo3)
|rated|
|rule|Species Clause: Limit one of each Pokémon
|rule|Item Clause: Limit 1 of each item
|clearpoke
|poke|p1|Sneasler, L50, M|
|poke|p1|Arcanine-Hisui, L50, M|
|poke|p1|Gholdengo, L50|
|poke|p1|Ninetales-Alola, L50, F|
|poke|p1|Rillaboom, L50, F|
|poke|p1|Dragonite, L50, M|
|poke|p2|Garchomp, L50, M|
|poke|p2|Tyranitar, L50, F|
|poke|p2|Corviknight, L50, F|
|poke|p2|Gholdengo, L50|
|poke|p2|Amoonguss, L50, M|
|poke|p2|Incineroar, L50, M|
|teampreview|4
|showteam|p1|Sneasler||WhiteHerb|Unburden|CloseCombat,DireClaw,Coaching,Protect|||M|||50|,,,,,Ghost]Arcanine-Hisui||ClearAmulet|Intimidate|RockSlide,FlareBlitz,ExtremeSpeed,Protect|||M|||50|,,,,,Water]Gholdengo||GrassySeed|GoodasGold|NastyPlot,MakeItRain,ShadowBall,Protect||||||50|,,,,,Water]Ninetales-Alola||FocusSash|SnowWarning|Blizzard,IcyWind,Encore,AuroraVeil|||F|||50|,,,,,Ghost]Rillaboom||AssaultVest|GrassySurge|FakeOut,GrassyGlide,DrumBeating,HighHorsepower|||F|||50|,,,,,Fire]Dragonite||LoadedDice|Multiscale|ScaleShot,Haze,Tailwind,Protect|||M|||50|,,,,,Steel
|showteam|p2|Garchomp||LifeOrb|RoughSkin|StompingTantrum,DragonClaw,Earthquake,Protect|||M|||50|,,,,,Ground]Tyranitar||AssaultVest|SandStream|KnockOff,RockSlide,LowKick,TeraBlast|||F|||50|,,,,,Flying]Corviknight||CovertCloak|MirrorArmor|BraveBird,Tailwind,Taunt,Roost|||F|||50|,,,,,Fire]Gholdengo||MetalCoat|GoodasGold|MakeItRain,ShadowBall,NastyPlot,Protect||||||50|,,,,,Water]Amoonguss||SitrusBerry|Regenerator|Spore,RagePowder,PollenPuff,Protect|||M|||50|,,,,,Fairy]Incineroar||SafetyGoggles|Intimidate|FlareBlitz,KnockOff,FakeOut,PartingShot|||M|||50|,,,,,Bug
|
|t:|1756204627
|teamsize|p1|4
|teamsize|p2|4
|start
|switch|p1a: Gholdengo|Gholdengo, L50|100/100
|switch|p1b: Ninetales|Ninetales-Alola, L50, F|100/100
|switch|p2a: Corviknight|Corviknight, L50, F|100/100
|switch|p2b: Garchomp|Garchomp, L50, M|100/100
|-weather|Snowscape|[from] ability: Snow Warning|[of] p1b: Ninetales
|turn|1
|inactive|Battle timer is ON: inactive players will automatically lose when time's up. (requested by cereales revenge)
|
|t:|1756204650
|-terastallize|p1a: Gholdengo|Water
|move|p1b: Ninetales|Aurora Veil|p1b: Ninetales
|-sidestart|p1: cereales revenge|move: Aurora Veil
|move|p2b: Garchomp|Earthquake|p1b: Ninetales|[spread] p1a,p1b
|-immune|p2a: Corviknight
|-damage|p1a: Gholdengo|69/100
|-damage|p1b: Ninetales|67/100
|-damage|p2b: Garchomp|91/100|[from] item: Life Orb
|move|p1a: Gholdengo|Nasty Plot|p1a: Gholdengo
|-boost|p1a: Gholdengo|spa|2
|move|p2a: Corviknight|Tailwind|p2a: Corviknight
|-sidestart|p2: drewqfan|move: Tailwind
|
|-weather|Snowscape|[upkeep]
|upkeep
|turn|2
|
|t:|1756204666
|switch|p1b: Rillaboom|Rillaboom, L50, F|100/100
|-fieldstart|move: Grassy Terrain|[from] ability: Grassy Surge|[of] p1b: Rillaboom
|-enditem|p1a: Gholdengo|Grassy Seed
|-boost|p1a: Gholdengo|def|1|[from] item: Grassy Seed
|move|p2b: Garchomp|Protect|p2b: Garchomp
|-singleturn|p2b: Garchomp|Protect
|move|p2a: Corviknight|Brave Bird|p1b: Rillaboom
|-supereffective|p1b: Rillaboom
|-damage|p1b: Rillaboom|22/100
|-damage|p2a: Corviknight|77/100|[from] Recoil
|move|p1a: Gholdengo|Shadow Ball|p2b: Garchomp
|-activate|p2b: Garchomp|move: Protect
|
|-weather|Snowscape|[upkeep]
|-heal|p2b: Garchomp|97/100|[from] Grassy Terrain
|-heal|p1b: Rillaboom|28/100|[from] Grassy Terrain
|-heal|p1a: Gholdengo|75/100|[from] Grassy Terrain
|upkeep
|turn|3
|inactive|cereales revenge has 30 seconds left.
|
|t:|1756204696
|move|p1b: Rillaboom|Fake Out|p2b: Garchomp
|-damage|p2b: Garchomp|83/100
|-damage|p1b: Rillaboom|16/100|[from] ability: Rough Skin|[of] p2b: Garchomp
|cant|p2b: Garchomp|flinch
|move|p2a: Corviknight|Brave Bird|p1b: Rillaboom
|-supereffective|p1b: Rillaboom
|-damage|p1b: Rillaboom|0 fnt
|faint|p1b: Rillaboom
|-damage|p2a: Corviknight|72/100|[from] Recoil
|move|p1a: Gholdengo|Shadow Ball|p2a: Corviknight
|-damage|p2a: Corviknight|0 fnt
|faint|p2a: Corviknight
|
|-weather|Snowscape|[upkeep]
|-heal|p2b: Garchomp|89/100|[from] Grassy Terrain
|-heal|p1a: Gholdengo|81/100|[from] Grassy Terrain
|upkeep
|
|t:|1756204707
|switch|p1b: Axel Blaze|Arcanine-Hisui, L50, M|100/100
|switch|p2a: Tyranitar|Tyranitar, L50, F|100/100
|-weather|Sandstorm|[from] ability: Sand Stream|[of] p2a: Tyranitar
|-ability|p1b: Axel Blaze|Intimidate|boost
|-unboost|p2a: Tyranitar|atk|1
|-unboost|p2b: Garchomp|atk|1
|turn|4
|
|t:|1756204718
|-terastallize|p2a: Tyranitar|Flying
|move|p1b: Axel Blaze|Protect|p1b: Axel Blaze
|-singleturn|p1b: Axel Blaze|Protect
|move|p1a: Gholdengo|Protect|p1a: Gholdengo
|-singleturn|p1a: Gholdengo|Protect
|move|p2b: Garchomp|Earthquake|p1b: Axel Blaze|[spread] 
|-activate|p1a: Gholdengo|move: Protect
|-activate|p1b: Axel Blaze|move: Protect
|-immune|p2a: Tyranitar
|move|p2a: Tyranitar|Rock Slide|p1a: Gholdengo|[spread] 
|-activate|p1a: Gholdengo|move: Protect
|-activate|p1b: Axel Blaze|move: Protect
|
|-weather|Sandstorm|[upkeep]
|-damage|p2a: Tyranitar|94/100|[from] Sandstorm
|-damage|p1a: Gholdengo|75/100|[from] Sandstorm
|-heal|p2b: Garchomp|95/100|[from] Grassy Terrain
|-heal|p1a: Gholdengo|81/100|[from] Grassy Terrain
|-sideend|p2: drewqfan|move: Tailwind
|upkeep
|turn|5
|
|t:|1756204738
|switch|p1b: Ninetales|Ninetales-Alola, L50, F|67/100
|-weather|Snowscape|[from] ability: Snow Warning|[of] p1b: Ninetales
|move|p2b: Garchomp|Earthquake|p1b: Ninetales|[spread] p1a,p1b
|-immune|p2a: Tyranitar
|-damage|p1a: Gholdengo|73/100
|-damage|p1b: Ninetales|55/100
|-damage|p2b: Garchomp|85/100|[from] item: Life Orb
|move|p1a: Gholdengo|Make It Rain|p2a: Tyranitar|[spread] p2a,p2b
|-damage|p2a: Tyranitar|38/100
|-damage|p2b: Garchomp|0 fnt
|-unboost|p1a: Gholdengo|spa|1
|faint|p2b: Garchomp
|move|p2a: Tyranitar|Rock Slide|p1a: Gholdengo|[spread] p1a,p1b
|-supereffective|p1b: Ninetales
|-damage|p1a: Gholdengo|64/100
|-damage|p1b: Ninetales|25/100
|
|-weather|Snowscape|[upkeep]
|-heal|p1b: Ninetales|31/100|[from] Grassy Terrain
|-heal|p1a: Gholdengo|70/100|[from] Grassy Terrain
|-sideend|p1: cereales revenge|move: Aurora Veil
|upkeep
|
|t:|1756204749
|switch|p2b: Gholdengo|Gholdengo, L50|100/100
|turn|6
|
|t:|1756204773
|move|p1b: Ninetales|Icy Wind|p2b: Gholdengo|[spread] p2a,p2b
|-supereffective|p2a: Tyranitar
|-resisted|p2b: Gholdengo
|-damage|p2a: Tyranitar|17/100
|-damage|p2b: Gholdengo|92/100
|-unboost|p2a: Tyranitar|spe|1
|-unboost|p2b: Gholdengo|spe|1
|move|p1a: Gholdengo|Shadow Ball|p2b: Gholdengo
|-supereffective|p2b: Gholdengo
|-damage|p2b: Gholdengo|0 fnt
|faint|p2b: Gholdengo
|move|p2a: Tyranitar|Rock Slide|p1b: Ninetales|[spread] p1a,p1b
|-supereffective|p1b: Ninetales
|-damage|p1a: Gholdengo|56/100
|-damage|p1b: Ninetales|0 fnt
|faint|p1b: Ninetales
|
|-weather|Snowscape|[upkeep]
|-heal|p1a: Gholdengo|62/100|[from] Grassy Terrain
|-fieldend|move: Grassy Terrain
|upkeep
|
|t:|1756204778
|switch|p1b: Axel Blaze|Arcanine-Hisui, L50, M|100/100
|-ability|p1b: Axel Blaze|Intimidate|boost
|-unboost|p2a: Tyranitar|atk|1
|turn|7
|
|t:|1756204783
|move|p1b: Axel Blaze|Rock Slide|p2a: Tyranitar
|-supereffective|p2a: Tyranitar
|-damage|p2a: Tyranitar|0 fnt
|faint|p2a: Tyranitar
|
|win|cereales revenge
||cereales revenge is ready for game 2.
|inactive|drewqfan has 30 seconds to confirm battle start!
||drewqfan is ready for game 2.
|uhtml|next|Next: Game 2 of 3
|l|☆drewqfan
|player|p2|
