|j|☆Jade winglet
|j|☆Parks34VGC
|html|Jade wingletParks34VGC    
|uhtml|bestof|Game 3 of a best-of-3
|t:|1785462331
|gametype|doubles
|player|p1|Jade winglet|riley|
|player|p2|Parks34VGC|266|
|gen|9
|tier|[Gen 9 Champions] VGC 2026 Reg M-B (Bo3)
|rule|Species Clause: Limit one of each Pokémon
|rule|Item Clause: Limit 1 of each item
|clearpoke
|poke|p1|Gholdengo, L50, shiny|
|poke|p1|Swampert, L50, M, shiny|
|poke|p1|Pelipper, L50, M, shiny|
|poke|p1|Archaludon, L50, M, shiny|
|poke|p1|Dragonite, L50, M, shiny|
|poke|p1|Palafin, L50, F, shiny|
|poke|p2|Metagross, L50|
|poke|p2|Whimsicott, L50, F|
|poke|p2|Staraptor, L50, F|
|poke|p2|Farigiraf, L50, M|
|poke|p2|Glimmora, L50, M|
|poke|p2|Basculegion, L50, M|
|teampreview|4
|showteam|p1|Gholdengo||LifeOrb|GoodasGold|ShadowBall,MakeItRain,Protect,NastyPlot|Modest|||||50|]Swampert||Swampertite|Damp|IcePunch,WaveCrash,Earthquake,Protect|Adamant||M|||50|]Pelipper||FocusSash|Drizzle|Hurricane,WeatherBall,WideGuard,Protect|Modest||M|||50|]Archaludon||Leftovers|Stamina|ElectroShot,FlashCannon,Protect,AuraSphere|Serious||M|||50|]Dragonite||Dragoninite|Multiscale|Protect,Tailwind,Hurricane,DracoMeteor|Modest||M|||50|]Palafin||MysticWater|ZerotoHero|FlipTurn,JetPunch,WaveCrash,CloseCombat|Adamant||F|||50|
|showteam|p2|Metagross||Metagrossite|ClearBody|BulletPunch,PsychicFangs,Protect,BodyPress|Jolly|||||50|]Whimsicott||FocusSash|Prankster|Moonblast,Charm,Protect,Tailwind|Timid||F|||50|]Staraptor||Staraptite|Intimidate|CloseCombat,BraveBird,Protect,Roost|Jolly||F|||50|]Farigiraf||SitrusBerry|ArmorTail|TrickRoom,Thunderbolt,HelpingHand,Psychic|Bold||M|||50|]Glimmora||LifeOrb|ToxicDebris|SludgeBomb,PowerGem,SpikyShield,EarthPower|Modest||M|||50|]Basculegion||ChoiceScarf|Adaptability|LastRespects,FlipTurn,WaveCrash,PsychicFangs|Jolly||M|||50|
|inactive|Battle timer is ON: inactive players will automatically lose when time's up. (requested by Jade winglet)
|j| miradonaod
|inactive|Jade winglet has 60 seconds left.
|c| miradonaod|im made jade winglets team btw
|
|t:|1785462374
|teamsize|p1|4
|teamsize|p2|4
|start
|switch|p1a: Pelipper|Pelipper, L50, M, shiny|100/100
|switch|p1b: Archaludon|Archaludon, L50, M, shiny|100/100
|switch|p2a: Thor my best dog|Whimsicott, L50, F|100/100
|switch|p2b: Thor sleepey dog|Glimmora, L50, M|100/100
|-weather|RainDance|[from] ability: Drizzle|[of] p1a: Pelipper
|turn|1
|c|☆Parks34VGC|my coach made my team
|c| miradonaod|well, some of it
|c|☆Parks34VGC|all of it
|
|t:|1785462392
|move|p2a: Thor my best dog|Tailwind|p2a: Thor my best dog
|-sidestart|p2: Parks34VGC|move: Tailwind
|move|p2b: Thor sleepey dog|Power Gem|p1a: Pelipper
|-supereffective|p1a: Pelipper|1
|-enditem|p1a: Pelipper|Focus Sash
|-damage|p1a: Pelipper|1/100
|-damage|p2b: Thor sleepey dog|90/100|[from] item: Life Orb
|move|p1a: Pelipper|Hurricane|p2a: Thor my best dog
|-supereffective|p2a: Thor my best dog|1
|-enditem|p2a: Thor my best dog|Focus Sash
|-damage|p2a: Thor my best dog|1/100
|-start|p2a: Thor my best dog|confusion
|move|p1b: Archaludon|Flash Cannon|p2b: Thor sleepey dog
|-supereffective|p2b: Thor sleepey dog|1
|-damage|p2b: Thor sleepey dog|0 fnt
|faint|p2b: Thor sleepey dog
|
|-weather|RainDance|[upkeep]
|upkeep
|
|t:|1785462396
|switch|p2b: Thor my dog|Staraptor, L50, F|100/100
|-ability|p2b: Thor my dog|Intimidate|boost
|-unboost|p1a: Pelipper|atk|1
|-unboost|p1b: Archaludon|atk|1
|turn|2
|
|t:|1785462414
|detailschange|p2b: Thor my dog|Staraptor-Mega, L50, F
|-mega|p2b: Thor my dog|Staraptor|Staraptite
|-activate|p2a: Thor my best dog|confusion
|-damage|p2a: Thor my best dog|0 fnt|[from] confusion
|faint|p2a: Thor my best dog
|move|p2b: Thor my dog|Close Combat|p1b: Archaludon
|-supereffective|p1b: Archaludon|1
|-damage|p1b: Archaludon|10/100
|-boost|p2b: Thor my dog|def|1
|-boost|p2b: Thor my dog|spd|1
|-ability|p1b: Archaludon|Stamina|boost
|-boost|p1b: Archaludon|def|1
|move|p1a: Pelipper|Hurricane|p2b: Thor my dog
|-supereffective|p2b: Thor my dog|1
|-damage|p2b: Thor my dog|23/100
|move|p1b: Archaludon|Electro Shot||[still]
|-prepare|p1b: Archaludon|Electro Shot
|-boost|p1b: Archaludon|spa|1
|-anim|p1b: Archaludon|Electro Shot|p2b: Thor my dog
|-supereffective|p2b: Thor my dog|1
|-damage|p2b: Thor my dog|0 fnt
|faint|p2b: Thor my dog
|
|-weather|RainDance|[upkeep]
|-heal|p1b: Archaludon|16/100|[from] item: Leftovers
|upkeep
|c|☆Parks34VGC|gg
|inactive|Parks34VGC has 30 seconds left.
|
|t:|1785462441
|switch|p2b: Basculegion|Basculegion, L50, M|100/100
|turn|3
|c| miradonaod|wow
|
|t:|1785462453
|move|p2b: Basculegion|Last Respects|p1b: Archaludon
|-damage|p1b: Archaludon|0 fnt
|faint|p1b: Archaludon
|move|p1a: Pelipper|Hurricane|p2b: Basculegion
|-damage|p2b: Basculegion|37/100
|
|-weather|RainDance|[upkeep]
|upkeep
|c|☆Jade winglet|gg
|
|t:|1785462460
|switch|p1b: Dragonite|Dragonite, L50, M, shiny|100/100
|turn|4
|c|☆Parks34VGC|don't kill me yet
|
|t:|1785462471
|detailschange|p1b: Dragonite|Dragonite-Mega, L50, M, shiny
|-mega|p1b: Dragonite|Dragonite|Dragoninite
|move|p1a: Pelipper|Protect|p1a: Pelipper
|-singleturn|p1a: Pelipper|Protect
|move|p2b: Basculegion|Last Respects|p1b: Dragonite
|-damage|p1b: Dragonite|48/100
|move|p1b: Dragonite|Tailwind|p1b: Dragonite
|-sidestart|p1: Jade winglet|move: Tailwind
|
|-weather|RainDance|[upkeep]
|-sideend|p2: Parks34VGC|move: Tailwind
|upkeep
|turn|5
|
|t:|1785462486
|move|p1b: Dragonite|Draco Meteor|p2b: Basculegion
|-damage|p2b: Basculegion|0 fnt
|-unboost|p1b: Dragonite|spa|2
|faint|p2b: Basculegion
|
|win|Jade winglet
|c|☆Parks34VGC|gg
