|j|Ōśåjagheter
|j|Ōśåbapycara
|html|jagheterbapycara    
|uhtml|bestof|Game 2 of a best-of-3
|t:|1756451315
|gametype|doubles
|player|p1|jagheter|worker|1133
|player|p2|bapycara|maid|1148
|gen|9
|tier|[Gen 9] VGC 2025 Reg H (Bo3)
|rated|
|rule|Species Clause: Limit one of each Pok├®mon
|rule|Item Clause: Limit 1 of each item
|clearpoke
|poke|p1|Venusaur, L50, F|
|poke|p1|Volcarona, L50, F|
|poke|p1|Incineroar, L50, M|
|poke|p1|Grimmsnarl, L50, M|
|poke|p1|Dondozo, L50, M|
|poke|p1|Rillaboom, L50, M|
|poke|p2|Stonjourner, L50, M|
|poke|p2|Lokix, L50, F|
|poke|p2|Incineroar, L50, F|
|poke|p2|Rillaboom, L50, F|
|poke|p2|Slowking, L50, F|
|poke|p2|Clefable, L50, F|
|teampreview|4
|showteam|p1|Venusaur||WideLens|Chlorophyll|SleepPowder,Protect,SludgeBomb,EarthPower|||F|||50|,,,,,Ghost]Volcarona||CovertCloak|FlameBody|FieryDance,GigaDrain,QuiverDance,Protect|||F|||50|,,,,,Dragon]Incineroar||MirrorHerb|Intimidate|FakeOut,KnockOff,Taunt,FlareBlitz|||M|||50|,,,,,Ghost]Grimmsnarl||BlackGlasses|Prankster|Reflect,LightScreen,SpiritBreak,SuckerPunch|||M|||50|,,,,,Dark]Dondozo||Leftovers|Unaware|Fissure,Protect,Liquidation,Yawn|||M|||50|,,,,,Ghost]Rillaboom||AssaultVest|GrassySurge|FakeOut,WoodHammer,GrassyGlide,Uturn|||M|||50|,,,,,Fire
|showteam|p2|Stonjourner||CovertCloak|PowerSpot|BodyPress,IronDefense,Protect,WideGuard|||M|||50|,,,,,Fighting]Lokix||LifeOrb|TintedLens|FirstImpression,KnockOff,Uturn,Protect|||F|||50|,,,,,Bug]Incineroar||SafetyGoggles|Intimidate|FakeOut,KnockOff,FlareBlitz,PartingShot|||F|||50|,,,,,Ghost]Rillaboom||MiracleSeed|GrassySurge|WoodHammer,GrassyGlide,FakeOut,Uturn|||F|||50|,,,,,Grass]Slowking||SitrusBerry|Regenerator|HealPulse,Psychic,Scald,TrickRoom|||F|||50|,,,,,Grass]Clefable||Leftovers|Unaware|FollowMe,Moonlight,AlluringVoice,ThunderWave|||F|||50|,,,,,Steel
|inactive|Battle timer is ON: inactive players will automatically lose when time's up. (requested by bapycara)
|c|Ōśåbapycara|i believe in you to win the championship
|inactive|jagheter has 60 seconds left.
|inactive|bapycara has 60 seconds left.
|c|Ōśåbapycara|will have no way of knowing if you do but you my goat
|c|Ōśåjagheter|Haha, you're Swedish, I can't believe it.
|c|Ōśåjagheter|thank you thank you
|inactive|jagheter has 30 seconds left.
|inactive|bapycara has 30 seconds left.
|inactive|jagheter has 20 seconds left.
|inactive|bapycara has 20 seconds left.
|inactive|jagheter has 15 seconds left.
|inactive|bapycara has 15 seconds left.
|c|Ōśåjagheter|Your language is great, that's why I'm learning it.
|inactive|bapycara has 10 seconds left.
|inactive|bapycara has 5 seconds left.
|
|t:|1756451403
|teamsize|p1|4
|teamsize|p2|4
|start
|switch|p1a: Venusaur|Venusaur, L50, F, shiny|100/100
|switch|p1b: Volcarona|Volcarona, L50, F, shiny|100/100
|switch|p2a: Incineroar|Incineroar, L50, F|100/100
|switch|p2b: Lokix|Lokix, L50, F|100/100
|-ability|p2a: Incineroar|Intimidate|boost
|-unboost|p1a: Venusaur|atk|1
|-unboost|p1b: Volcarona|atk|1
|turn|1
|c|Ōśåbapycara|that's fun
|inactive|jagheter has 30 seconds left.
|inactive|jagheter has 20 seconds left.
|inactive|jagheter has 15 seconds left.
|inactive|jagheter has 10 seconds left.
|
|t:|1756451448
|switch|p2a: Stonjourner|Stonjourner, L50, M|100/100
|-terastallize|p2b: Lokix|Bug
|move|p1a: Venusaur|Protect|p1a: Venusaur
|-singleturn|p1a: Venusaur|Protect
|move|p2b: Lokix|First Impression|p1a: Venusaur
|-activate|p1a: Venusaur|move: Protect
|move|p1b: Volcarona|Quiver Dance|p1b: Volcarona
|-boost|p1b: Volcarona|spa|1
|-boost|p1b: Volcarona|spd|1
|-boost|p1b: Volcarona|spe|1
|
|upkeep
|turn|2
|
|t:|1756451471
|switch|p2b: Incineroar|Incineroar, L50, F|100/100
|-ability|p2b: Incineroar|Intimidate|boost
|-unboost|p1a: Venusaur|atk|1
|-unboost|p1b: Volcarona|atk|1
|switch|p1a: Incineroar|Incineroar, L50, M, shiny|100/100
|-ability|p1a: Incineroar|Intimidate|boost
|-unboost|p2a: Stonjourner|atk|1
|-unboost|p2b: Incineroar|atk|1
|switch|p2a: Rillaboom|Rillaboom, L50, F|100/100
|-fieldstart|move: Grassy Terrain|[from] ability: Grassy Surge|[of] p2a: Rillaboom
|-terastallize|p1b: Volcarona|Dragon
|move|p1b: Volcarona|Fiery Dance|p2b: Incineroar
|-resisted|p2b: Incineroar
|-damage|p2b: Incineroar|76/100
|-boost|p1b: Volcarona|spa|1
|
|-heal|p2b: Incineroar|82/100|[from] Grassy Terrain
|upkeep
|turn|3
|
|t:|1756451494
|switch|p1a: Dondozo|Dondozo, L50, M, shiny|100/100
|move|p2a: Rillaboom|Fake Out|p1a: Dondozo
|-damage|p1a: Dondozo|93/100
|move|p1b: Volcarona|Fiery Dance|p2b: Incineroar
|-resisted|p2b: Incineroar
|-damage|p2b: Incineroar|49/100
|-boost|p1b: Volcarona|spa|1
|move|p2b: Incineroar|Knock Off|p1b: Volcarona
|-damage|p1b: Volcarona|69/100
|-enditem|p1b: Volcarona|Covert Cloak|[from] move: Knock Off|[of] p2b: Incineroar
|
|-heal|p1b: Volcarona|75/100|[from] Grassy Terrain
|-heal|p2b: Incineroar|55/100|[from] Grassy Terrain
|-heal|p1a: Dondozo|99/100|[from] Grassy Terrain
|-heal|p1a: Dondozo|100/100|[from] item: Leftovers
|upkeep
|turn|4
|c|Ōśåbapycara|volcarona is hard
|
|t:|1756451511
|switch|p2a: Lokix|Lokix, L50, F, tera:Bug|100/100
|switch|p1a: Incineroar|Incineroar, L50, M, shiny|100/100
|-ability|p1a: Incineroar|Intimidate|boost
|-unboost|p2a: Lokix|atk|1
|-unboost|p2b: Incineroar|atk|1
|move|p1b: Volcarona|Fiery Dance|p2b: Incineroar
|-resisted|p2b: Incineroar
|-damage|p2b: Incineroar|17/100
|-boost|p1b: Volcarona|spa|1
|move|p2b: Incineroar|Parting Shot|p1a: Incineroar
|-unboost|p1a: Incineroar|atk|1
|-unboost|p1a: Incineroar|spa|1
|
|t:|1756451517
|switch|p2b: Rillaboom|Rillaboom, L50, F|100/100|[from] Parting Shot
|
|-heal|p1b: Volcarona|82/100|[from] Grassy Terrain
|upkeep
|turn|5
|c|Ōśåjagheter|oh yes, she is my terapagos tiny
|c|Ōśåjagheter|because ilove pagos
|inactive|jagheter has 30 seconds left.
|inactive|bapycara has 30 seconds left.
|
|t:|1756451550
|switch|p1a: Dondozo|Dondozo, L50, M, shiny|100/100
|move|p2b: Rillaboom|Fake Out|p1a: Dondozo
|-damage|p1a: Dondozo|93/100
|move|p2a: Lokix|First Impression|p1b: Volcarona
|-damage|p1b: Volcarona|21/100
|-damage|p2a: Lokix|91/100|[from] item: Life Orb
|move|p1b: Volcarona|Fiery Dance|p2b: Rillaboom
|-supereffective|p2b: Rillaboom
|-damage|p2b: Rillaboom|0 fnt
|-boost|p1b: Volcarona|spa|1
|faint|p2b: Rillaboom
|
|-heal|p1b: Volcarona|27/100|[from] Grassy Terrain
|-heal|p2a: Lokix|97/100|[from] Grassy Terrain
|-heal|p1a: Dondozo|99/100|[from] Grassy Terrain
|-heal|p1a: Dondozo|100/100|[from] item: Leftovers
|upkeep
|
|t:|1756451559
|switch|p2b: Incineroar|Incineroar, L50, F|17/100
|-ability|p2b: Incineroar|Intimidate|boost
|-unboost|p1a: Dondozo|atk|1
|-unboost|p1b: Volcarona|atk|1
|turn|6
|
|t:|1756451567
|move|p2b: Incineroar|Fake Out|p1b: Volcarona
|-damage|p1b: Volcarona|15/100
|cant|p1b: Volcarona|flinch
|move|p2a: Lokix|U-turn|p1a: Dondozo
|-damage|p1a: Dondozo|68/100
|-damage|p2a: Lokix|88/100|[from] item: Life Orb
|
|t:|1756451574
|switch|p2a: Stonjourner|Stonjourner, L50, M|100/100|[from] U-turn
|move|p1a: Dondozo|Liquidation|p2b: Incineroar
|-supereffective|p2b: Incineroar
|-damage|p2b: Incineroar|0 fnt
|faint|p2b: Incineroar
|
|-heal|p1b: Volcarona|21/100|[from] Grassy Terrain
|-heal|p1a: Dondozo|74/100|[from] Grassy Terrain
|-heal|p1a: Dondozo|80/100|[from] item: Leftovers
|-fieldend|move: Grassy Terrain
|upkeep
|
|t:|1756451577
|switch|p2b: Lokix|Lokix, L50, F, tera:Bug|88/100
|turn|7
|
|t:|1756451600
|move|p1b: Volcarona|Protect|p1b: Volcarona
|-singleturn|p1b: Volcarona|Protect
|move|p2b: Lokix|First Impression|p1a: Dondozo
|-damage|p1a: Dondozo|33/100
|-damage|p2b: Lokix|78/100|[from] item: Life Orb
|move|p2a: Stonjourner|Body Press|p1a: Dondozo
|-damage|p1a: Dondozo|17/100
|move|p1a: Dondozo|Yawn|p2a: Stonjourner
|-start|p2a: Stonjourner|move: Yawn|[of] p1a: Dondozo
|
|-heal|p1a: Dondozo|23/100|[from] item: Leftovers
|upkeep
|turn|8
|c|Ōśåjagheter|sendme your twitter/x
|
|t:|1756451613
|switch|p1a: Incineroar|Incineroar, L50, M, shiny|100/100
|-ability|p1a: Incineroar|Intimidate|boost
|-unboost|p2a: Stonjourner|atk|1
|-unboost|p2b: Lokix|atk|1
|move|p1b: Volcarona|Fiery Dance|p2b: Lokix
|-supereffective|p2b: Lokix
|-damage|p2b: Lokix|0 fnt
|-boost|p1b: Volcarona|spa|1
|faint|p2b: Lokix
|move|p2a: Stonjourner|Body Press|p1a: Incineroar
|-supereffective|p1a: Incineroar
|-damage|p1a: Incineroar|37/100
|
|-end|p2a: Stonjourner|move: Yawn|[silent]
|-status|p2a: Stonjourner|slp
|upkeep
|turn|9
|c|Ōśåbapycara|don't have twitter sorry
|
|t:|1756451630
|move|p1b: Volcarona|Giga Drain|p2a: Stonjourner
|-supereffective|p2a: Stonjourner
|-damage|p2a: Stonjourner|0 fnt
|-heal|p1b: Volcarona|75/100|[from] drain|[of] p2a: Stonjourner
|faint|p2a: Stonjourner
|
|win|jagheter
|raw|jagheter's rating: 1133 → 1159(+26 for winning)
|raw|bapycara's rating: 1148 → 1122(-26 for losing)
|c|Ōśåbapycara|ggwp:3
|c|Ōśåjagheter|oh men
|c|Ōśåjagheter|gg
|c|Ōśåbapycara|i have a discord if you want it i guess
|c|Ōśåjagheter|oh course
|c|Ōśåbapycara|pangolinfan
|c|Ōśåjagheter|letme one minute
|c|Ōśåjagheter|my discord is
|c|Ōśåjagheter|lezama9089
|c|Ōśåjagheter|have a good day new friend
|c|Ōśåjagheter|god morgon
|c|Ōśåbapycara|you too:)
|c|Ōśåbapycara|godmorgon!
|l|Ōśåbapycara
|player|p2|
