|j|☆p1ch1pichi
|j|☆25th_mang
|html|p1ch1pichi25th_mang    
|uhtml|bestof|Game 2 of a best-of-3
|t:|1783409781
|gametype|doubles
|player|p1|p1ch1pichi|n|
|player|p2|25th_mang|ballguy|
|gen|9
|tier|[Gen 9 Champions] VGC 2026 Reg M-B (Bo3)
|rule|Species Clause: Limit one of each Pokémon
|rule|Item Clause: Limit 1 of each item
|clearpoke
|poke|p1|Raichu, L50, M, shiny|
|poke|p1|Meowscarada, L50, F|
|poke|p1|Incineroar, L50, M|
|poke|p1|Milotic, L50, M|
|poke|p1|Sylveon, L50, M, shiny|
|poke|p1|Ceruledge, L50, F|
|poke|p2|Chandelure, L50, F|
|poke|p2|Garchomp, L50, M|
|poke|p2|Kingambit, L50, F|
|poke|p2|Tsareena, L50, F|
|poke|p2|Whimsicott, L50, F|
|poke|p2|Starmie, L50|
|teampreview|4
|showteam|p1|Raichu||RaichuniteY|LightningRod|ZapCannon,FocusBlast,FakeOut,Protect|Timid||M|||50|]Meowscarada||ChoiceScarf|Protean|FlowerTrick,KnockOff,TripleAxel,Uturn|Adamant||F|||50|]Incineroar||Charcoal|Intimidate|PartingShot,FakeOut,FlareBlitz,ThroatChop|Adamant||M|||50|]Milotic||Leftovers|Competitive|Recover,Coil,Hypnosis,MuddyWater|Bold||M|||50|]Sylveon||FairyFeather|Pixilate|HyperVoice,HyperBeam,QuickAttack,Detect|Modest||M|||50|]Ceruledge||ColburBerry|FlashFire|Protect,BulkUp,BitterBlade,ShadowSneak|Jolly||F|||50|
|showteam|p2|Chandelure||Chandelurite|FlashFire|HeatWave,ShadowBall,TrickRoom,Protect|Modest||F|||50|]Garchomp||LifeOrb|RoughSkin|StompingTantrum,DragonClaw,RockSlide,Protect|Jolly||M|||50|]Kingambit||ChopleBerry|Defiant|IronHead,SuckerPunch,LowKick,Protect|Adamant||F|||50|]Tsareena||WideLens|QueenlyMajesty|PowerWhip,TripleAxel,HelpingHand,Protect|Adamant||F|||50|]Whimsicott||FocusSash|Prankster|Moonblast,Tailwind,Encore,SunnyDay|Modest||F|||50|]Starmie||ChoiceScarf|NaturalCure|Scald,IcyWind,Psychic,Thunderbolt|Modest|||||50|
|inactive|Battle timer is ON: inactive players will automatically lose when time's up. (requested by p1ch1pichi)
|inactive|25th_mang also wants the timer to be on.
|inactive|25th_mang has 60 seconds left.
|inactive|p1ch1pichi has 60 seconds left.
|inactive|25th_mang has 30 seconds left.
|
|t:|1783409845
|teamsize|p1|4
|teamsize|p2|4
|start
|switch|p1a: QueenOfDrag!|Milotic, L50, M|100/100
|switch|p1b: Kaoru|Raichu, L50, M, shiny|100/100
|switch|p2a: Whimsicott|Whimsicott, L50, F|100/100
|switch|p2b: Garchomp|Garchomp, L50, M|100/100
|turn|1
|inactive|p1ch1pichi has 30 seconds left.
|inactive|25th_mang has 30 seconds left.
|inactive|25th_mang has 20 seconds left.
|
|t:|1783409883
|switch|p1b: GRRR|Incineroar, L50, M|100/100
|-ability|p1b: GRRR|Intimidate|boost
|-unboost|p2a: Whimsicott|atk|1
|-unboost|p2b: Garchomp|atk|1
|move|p2a: Whimsicott|Tailwind|p2a: Whimsicott
|-sidestart|p2: 25th_mang|move: Tailwind
|move|p2b: Garchomp|Rock Slide|p1a: QueenOfDrag!|[spread] p1b
|-miss|p2b: Garchomp|p1a: QueenOfDrag!
|-supereffective|p1b: GRRR|1
|-damage|p1b: GRRR|70/100
|-damage|p2b: Garchomp|90/100|[from] item: Life Orb
|move|p1a: QueenOfDrag!|Coil|p1a: QueenOfDrag!
|-boost|p1a: QueenOfDrag!|atk|1
|-boost|p1a: QueenOfDrag!|def|1
|-boost|p1a: QueenOfDrag!|accuracy|1
|
|upkeep
|turn|2
|inactive|p1ch1pichi has 30 seconds left.
|
|t:|1783409909
|switch|p2b: Kingambit|Kingambit, L50, F|100/100
|move|p2a: Whimsicott|Encore|p1a: QueenOfDrag!
|-start|p1a: QueenOfDrag!|Encore
|move|p1a: QueenOfDrag!|Coil|p1a: QueenOfDrag!
|-boost|p1a: QueenOfDrag!|atk|1
|-boost|p1a: QueenOfDrag!|def|1
|-boost|p1a: QueenOfDrag!|accuracy|1
|move|p1b: GRRR|Flare Blitz|p2a: Whimsicott
|-supereffective|p2a: Whimsicott|1
|-enditem|p2a: Whimsicott|Focus Sash
|-damage|p2a: Whimsicott|1/100
|-status|p2a: Whimsicott|brn
|-damage|p1b: GRRR|45/100|[from] Recoil
|
|-damage|p2a: Whimsicott|0 fnt|[from] brn
|faint|p2a: Whimsicott
|upkeep
|c|☆p1ch1pichi|LUCKY
|inactive|25th_mang has 30 seconds left.
|inactive|p1ch1pichi no longer wants the timer on, but the timer is staying on because 25thmang still does.
|inactive|25th_mang has 20 seconds left.
|
|t:|1783409945
|switch|p2a: Chandelure|Chandelure, L50, F|100/100
|turn|3
|inactive|25th_mang has 30 seconds left.
|inactive|25th_mang has 20 seconds left.
|
|t:|1783409984
|detailschange|p2a: Chandelure|Chandelure-Mega, L50, F
|-mega|p2a: Chandelure|Chandelure|Chandelurite
|move|p2a: Chandelure|Heat Wave|p1b: GRRR|[spread] p1b
|-miss|p2a: Chandelure|p1a: QueenOfDrag!
|-resisted|p1b: GRRR|1
|-damage|p1b: GRRR|24/100
|move|p2b: Kingambit|Iron Head|p1b: GRRR
|-resisted|p1b: GRRR|1
|-damage|p1b: GRRR|4/100
|move|p1a: QueenOfDrag!|Coil|p1a: QueenOfDrag!
|-boost|p1a: QueenOfDrag!|atk|1
|-boost|p1a: QueenOfDrag!|def|1
|-boost|p1a: QueenOfDrag!|accuracy|1
|cant|p1b: GRRR|flinch
|
|upkeep
|turn|4
|
|t:|1783410005
|move|p2a: Chandelure|Heat Wave|p1a: QueenOfDrag!|[spread] p1a,p1b
|-resisted|p1a: QueenOfDrag!|1
|-resisted|p1b: GRRR|1
|-damage|p1a: QueenOfDrag!|83/100
|-damage|p1b: GRRR|0 fnt
|faint|p1b: GRRR
|move|p2b: Kingambit|Iron Head|p1a: QueenOfDrag!
|-resisted|p1a: QueenOfDrag!|1
|-damage|p1a: QueenOfDrag!|76/100
|move|p1a: QueenOfDrag!|Coil|p1a: QueenOfDrag!
|-boost|p1a: QueenOfDrag!|atk|1
|-boost|p1a: QueenOfDrag!|def|1
|-boost|p1a: QueenOfDrag!|accuracy|1
|
|-heal|p1a: QueenOfDrag!|82/100|[from] item: Leftovers
|-end|p1a: QueenOfDrag!|Encore
|-sideend|p2: 25th_mang|move: Tailwind
|upkeep
|
|t:|1783410025
|switch|p1b: Kaoru|Raichu, L50, M, shiny|100/100
|turn|5
|
|t:|1783410038
|detailschange|p1b: Kaoru|Raichu-Mega-Y, L50, M, shiny
|-mega|p1b: Kaoru|Raichu|Raichunite Y
|move|p2b: Kingambit|Sucker Punch|p1b: Kaoru
|-damage|p1b: Kaoru|40/100
|move|p1b: Kaoru|Focus Blast|p2b: Kingambit
|-supereffective|p2b: Kingambit|2
|-enditem|p2b: Kingambit|Chople Berry|[eat]
|-enditem|p2b: Kingambit|Chople Berry|[weaken]
|-damage|p2b: Kingambit|16/100
|move|p2a: Chandelure|Shadow Ball|p1a: QueenOfDrag!
|-damage|p1a: QueenOfDrag!|40/100
|-unboost|p1a: QueenOfDrag!|spd|1
|-ability|p1a: QueenOfDrag!|Competitive|boost
|-boost|p1a: QueenOfDrag!|spa|2
|move|p1a: QueenOfDrag!|Muddy Water|p2b: Kingambit|[spread] p2a,p2b
|-supereffective|p2a: Chandelure|1
|-damage|p2a: Chandelure|3/100
|-damage|p2b: Kingambit|0 fnt
|-unboost|p2a: Chandelure|accuracy|1
|faint|p2b: Kingambit
|
|-heal|p1a: QueenOfDrag!|46/100|[from] item: Leftovers
|upkeep
|
|t:|1783410057
|switch|p2b: Garchomp|Garchomp, L50, M|90/100
|turn|6
|
|t:|1783410075
|move|p2a: Chandelure|Protect|p2a: Chandelure
|-singleturn|p2a: Chandelure|Protect
|move|p1b: Kaoru|Zap Cannon|p2a: Chandelure
|-activate|p2a: Chandelure|move: Protect
|move|p2b: Garchomp|Stomping Tantrum|p1b: Kaoru
|-supereffective|p1b: Kaoru|1
|-damage|p1b: Kaoru|0 fnt
|faint|p1b: Kaoru
|-damage|p2b: Garchomp|80/100|[from] item: Life Orb
|move|p1a: QueenOfDrag!|Recover|p1a: QueenOfDrag!
|-heal|p1a: QueenOfDrag!|96/100
|
|-heal|p1a: QueenOfDrag!|100/100|[from] item: Leftovers
|upkeep
|
|t:|1783410088
|switch|p1b: Sylveon|Sylveon, L50, M, shiny|100/100
|turn|7
|inactive|25th_mang has 30 seconds left.
|
|t:|1783410115
|move|p2b: Garchomp|Dragon Claw|p1a: QueenOfDrag!
|-damage|p1a: QueenOfDrag!|85/100
|-damage|p2b: Garchomp|71/100|[from] item: Life Orb
|move|p2a: Chandelure|Shadow Ball|p1a: QueenOfDrag!
|-damage|p1a: QueenOfDrag!|29/100
|move|p1a: QueenOfDrag!|Muddy Water|p2a: Chandelure|[spread] p2a,p2b
|-supereffective|p2a: Chandelure|1
|-damage|p2a: Chandelure|0 fnt
|-damage|p2b: Garchomp|23/100
|-unboost|p2b: Garchomp|accuracy|1
|faint|p2a: Chandelure
|move|p1b: Sylveon|Hyper Voice|p2b: Garchomp
|-supereffective|p2b: Garchomp|1
|-damage|p2b: Garchomp|0 fnt
|faint|p2b: Garchomp
|
|win|p1ch1pichi
|c|☆25th_mang|DO NOT POST SA GROUP
|c|☆25th_mang|hahahaha
|c|☆25th_mang|Gg
|c|☆p1ch1pichi|ok HASDJHAJSDH
|c|☆p1ch1pichi|ggs
|l|☆25th_mang
|player|p2|
