|j|☆WinterLily413
|j|☆spellbreakvgc
|html|WinterLily413spellbreakvgc    
|uhtml|bestof|Game 1 of a best-of-3
|t:|1756201645
|gametype|doubles
|player|p1|WinterLily413|101|1140
|player|p2|spellbreakvgc|lance|1138
|gen|9
|tier|[Gen 9] VGC 2025 Reg H (Bo3)
|rated|
|rule|Species Clause: Limit one of each Pokémon
|rule|Item Clause: Limit 1 of each item
|clearpoke
|poke|p1|Glaceon, L50, M|
|poke|p1|Ninetales-Alola, L50, M|
|poke|p1|Rillaboom, L50, F|
|poke|p1|Slowking, L50, M|
|poke|p1|Volcarona, L50, M|
|poke|p1|Garchomp, L50, F|
|poke|p2|Whimsicott, L50, M|
|poke|p2|Typhlosion-Hisui, L50, F|
|poke|p2|Dragapult, L50, M|
|poke|p2|Electabuzz, L50, M|
|poke|p2|Torkoal, L50, F|
|poke|p2|Lilligant-Hisui, L50, F|
|teampreview|4
|showteam|p1|Glaceon||NeverMeltIce|SnowCloak|Blizzard,FreezeDry,CalmMind,Protect|||M|||50|,,,,,Ice]Ninetales-Alola||CovertCloak|SnowWarning|Blizzard,Moonblast,AuroraVeil,Protect|||M|||50|,,,,,Water]Rillaboom||AssaultVest|GrassySurge|WoodHammer,GrassyGlide,FakeOut,Uturn|||F|||50|,,,,,Fire]Slowking||MentalHerb|Regenerator|Scald,TrickRoom,ChillyReception,Protect|||M|||50|,,,,,Dark]Volcarona||RockyHelmet|FlameBody|RagePowder,StruggleBug,FieryDance,Tailwind|||M|||50|,,,,,Grass]Garchomp||LoadedDice|RoughSkin|RockSlide,StompingTantrum,Protect,ScaleShot|||F|||50|,,,,,Steel
|showteam|p2|Whimsicott||CovertCloak|Prankster|Tailwind,SunnyDay,Encore,Moonblast|||M|||50|,,,,,Ghost]Typhlosion-Hisui||ChoiceSpecs|Blaze|Eruption,HeatWave,ShadowBall,Overheat|||F|||50|,,,,,Fire]Dragapult||ChoiceBand|ClearBody|DragonDarts,Outrage,SuckerPunch,Uturn|||M|||50|,,,,,Dragon]Electabuzz||Eviolite|VitalSpirit|VoltSwitch,FollowMe,Feint,Protect|||M|||50|,,,,,Ghost]Torkoal||LifeOrb|Drought|Eruption,HeatWave,WeatherBall,EarthPower|||F|||50|,,,,,Fire]Lilligant-Hisui||FocusSash|Chlorophyll|CloseCombat,SleepPowder,AfterYou,LeafBlade|||F|||50|,,,,,Ghost
|inactive|Battle timer is ON: inactive players will automatically lose when time's up. (requested by WinterLily413)
|inactive|spellbreakvgc has 60 seconds left.
|
|t:|1756201719
|teamsize|p1|4
|teamsize|p2|4
|start
|switch|p1a: Slowking|Slowking, L50, M|100/100
|switch|p1b: Garchomp|Garchomp, L50, F|100/100
|switch|p2a: Whimsicott|Whimsicott, L50, M|100/100
|switch|p2b: Typhlosion|Typhlosion-Hisui, L50, F|100/100
|turn|1
|inactive|spellbreakvgc has 30 seconds left.
|inactive|spellbreakvgc has 20 seconds left.
|inactive|spellbreakvgc has 15 seconds left.
|inactive|spellbreakvgc has 10 seconds left.
|inactive|spellbreakvgc has 5 seconds left.
|
|t:|1756201774
|move|p2a: Whimsicott|Tailwind|p2a: Whimsicott
|-sidestart|p2: spellbreakvgc|move: Tailwind
|move|p2b: Typhlosion|Eruption|p1b: Garchomp|[spread] p1a,p1b
|-resisted|p1a: Slowking
|-resisted|p1b: Garchomp
|-damage|p1a: Slowking|69/100
|-damage|p1b: Garchomp|46/100
|move|p1b: Garchomp|Rock Slide|p2b: Typhlosion|[spread] p2b
|-miss|p1b: Garchomp|p2a: Whimsicott
|-supereffective|p2b: Typhlosion
|-damage|p2b: Typhlosion|41/100
|move|p1a: Slowking|Trick Room|p1a: Slowking
|-fieldstart|move: Trick Room|[of] p1a: Slowking
|
|upkeep
|turn|2
|inactive|spellbreakvgc has 30 seconds left.
|inactive|spellbreakvgc has 20 seconds left.
|inactive|spellbreakvgc has 15 seconds left.
|inactive|spellbreakvgc has 10 seconds left.
|
|t:|1756201823
|move|p2a: Whimsicott|Encore|p1a: Slowking
|-start|p1a: Slowking|Encore
|-enditem|p1a: Slowking|Mental Herb
|-end|p1a: Slowking|Encore
|move|p1a: Slowking|Scald|p2b: Typhlosion
|-supereffective|p2b: Typhlosion
|-damage|p2b: Typhlosion|0 fnt
|faint|p2b: Typhlosion
|move|p1b: Garchomp|Rock Slide|p2a: Whimsicott
|-damage|p2a: Whimsicott|60/100
|
|upkeep
|
|t:|1756201833
|switch|p2b: Torkoal|Torkoal, L50, F|100/100
|-weather|SunnyDay|[from] ability: Drought|[of] p2b: Torkoal
|turn|3
|
|t:|1756201853
|-terastallize|p2b: Torkoal|Fire
|-prepare|p1a: Slowking|Chilly Reception|[premajor]
|move|p1a: Slowking|Chilly Reception|p1a: Slowking
|-weather|Snowscape
|
|t:|1756201861
|switch|p1a: Ninetales|Ninetales-Alola, L50, M|100/100|[from] Chilly Reception
|move|p2b: Torkoal|Eruption|p1b: Garchomp|[spread] p1a,p1b
|-supereffective|p1a: Ninetales
|-resisted|p1b: Garchomp
|-damage|p1a: Ninetales|0 fnt
|-damage|p1b: Garchomp|2/100
|faint|p1a: Ninetales
|-damage|p2b: Torkoal|91/100|[from] item: Life Orb
|move|p1b: Garchomp|Rock Slide|p2b: Torkoal|[spread] p2a,p2b
|-supereffective|p2b: Torkoal
|-damage|p2a: Whimsicott|31/100
|-damage|p2b: Torkoal|60/100
|move|p2a: Whimsicott|Moonblast|p1b: Garchomp
|-supereffective|p1b: Garchomp
|-damage|p1b: Garchomp|0 fnt
|faint|p1b: Garchomp
|
|-weather|Snowscape|[upkeep]
|upkeep
|
|t:|1756201878
|switch|p1a: Slowking|Slowking, L50, M|100/100
|switch|p1b: Glaceon|Glaceon, L50, M|100/100
|turn|4
|
|t:|1756201888
|move|p2a: Whimsicott|Sunny Day|p2a: Whimsicott
|-weather|SunnyDay
|move|p1a: Slowking|Scald|p2b: Torkoal
|-supereffective|p2b: Torkoal
|-damage|p2b: Torkoal|22/100
|move|p2b: Torkoal|Eruption|p1a: Slowking|[spread] p1a,p1b
|-resisted|p1a: Slowking
|-supereffective|p1b: Glaceon
|-crit|p1b: Glaceon
|-damage|p1a: Slowking|92/100
|-damage|p1b: Glaceon|16/100
|-damage|p2b: Torkoal|12/100|[from] item: Life Orb
|move|p1b: Glaceon|Blizzard|p2b: Torkoal|[spread] p2b
|-miss|p1b: Glaceon|p2a: Whimsicott
|-resisted|p2b: Torkoal
|-damage|p2b: Torkoal|0 fnt
|faint|p2b: Torkoal
|
|-weather|SunnyDay|[upkeep]
|-sideend|p2: spellbreakvgc|move: Tailwind
|upkeep
|
|t:|1756201892
|switch|p2b: Dragapult|Dragapult, L50, M|100/100
|turn|5
|
|t:|1756201908
|move|p2b: Dragapult|Sucker Punch|p1b: Glaceon
|-damage|p1b: Glaceon|0 fnt
|faint|p1b: Glaceon
|-prepare|p1a: Slowking|Chilly Reception|[premajor]
|move|p1a: Slowking|Chilly Reception|p1a: Slowking
|-weather|Snowscape
|move|p2a: Whimsicott|Moonblast|p1a: Slowking
|-damage|p1a: Slowking|71/100
|-unboost|p1a: Slowking|spa|1
|
|-weather|Snowscape|[upkeep]
|-fieldend|move: Trick Room
|upkeep
|turn|6
|inactive|WinterLily413 has 30 seconds left.
|
|t:|1756201941
|move|p2b: Dragapult|Sucker Punch||[still]
|-fail|p2b: Dragapult
|move|p2a: Whimsicott|Encore|p1a: Slowking
|-start|p1a: Slowking|Encore
|-prepare|p1a: Slowking|Chilly Reception|[premajor]
|move|p1a: Slowking|Chilly Reception||[still]
|-fail|p1a: Slowking
|
|-weather|Snowscape|[upkeep]
|upkeep
|turn|7
|
|t:|1756201953
|move|p2b: Dragapult|Sucker Punch||[still]
|-fail|p2b: Dragapult
|move|p2a: Whimsicott|Moonblast|p1a: Slowking
|-damage|p1a: Slowking|46/100
|-prepare|p1a: Slowking|Chilly Reception|[premajor]
|move|p1a: Slowking|Chilly Reception||[still]
|-fail|p1a: Slowking
|
|-weather|Snowscape|[upkeep]
|upkeep
|turn|8
|
|t:|1756201961
|move|p2b: Dragapult|Sucker Punch||[still]
|-fail|p2b: Dragapult
|move|p2a: Whimsicott|Moonblast|p1a: Slowking
|-damage|p1a: Slowking|25/100
|-unboost|p1a: Slowking|spa|1
|-prepare|p1a: Slowking|Chilly Reception|[premajor]
|move|p1a: Slowking|Chilly Reception||[still]
|-fail|p1a: Slowking
|
|-weather|Snowscape|[upkeep]
|-end|p1a: Slowking|Encore
|upkeep
|turn|9
|
|t:|1756201971
|move|p1a: Slowking|Protect|p1a: Slowking
|-singleturn|p1a: Slowking|Protect
|move|p2b: Dragapult|Sucker Punch||[still]
|-fail|p2b: Dragapult
|move|p2a: Whimsicott|Encore|p1a: Slowking
|-activate|p1a: Slowking|move: Protect
|
|-weather|none
|upkeep
|turn|10
|
|t:|1756201979
|move|p1a: Slowking|Protect||[still]
|-fail|p1a: Slowking
|move|p2b: Dragapult|Sucker Punch||[still]
|-fail|p2b: Dragapult
|move|p2a: Whimsicott|Encore|p1a: Slowking
|-start|p1a: Slowking|Encore
|
|upkeep
|turn|11
|c|☆spellbreakvgc|why?
|
|t:|1756201989
|move|p1a: Slowking|Protect|p1a: Slowking
|-singleturn|p1a: Slowking|Protect
|move|p2b: Dragapult|Sucker Punch||[still]
|-fail|p2b: Dragapult
|move|p2a: Whimsicott|Moonblast|p1a: Slowking
|-activate|p1a: Slowking|move: Protect
|
|upkeep
|turn|12
|c|☆WinterLily413|I wanna see your Dragapult Struggle
|
|t:|1756201999
|move|p1a: Slowking|Protect||[still]
|-fail|p1a: Slowking
|move|p2b: Dragapult|Sucker Punch||[still]
|-fail|p2b: Dragapult
|move|p2a: Whimsicott|Moonblast|p1a: Slowking
|-damage|p1a: Slowking|0 fnt
|faint|p1a: Slowking
|
|win|spellbreakvgc
||spellbreakvgc is ready for game 2.
||WinterLily413 is ready for game 2.
|uhtml|next|Next: Game 2 of 3
