|j|☆KilamanolaVGC
|j|☆Farigi no Raf
|html|KilamanolaVGCFarigi no Raf    
|uhtml|bestof|Game 1 of a best-of-3
|t:|1757038977
|gametype|doubles
|player|p1|KilamanolaVGC|265|1363
|player|p2|Farigi no Raf|vince|1379
|gen|9
|tier|[Gen 9] VGC 2025 Reg H (Bo3)
|rated|
|rule|Species Clause: Limit one of each Pokémon
|rule|Item Clause: Limit 1 of each item
|clearpoke
|poke|p1|Weezing-Galar, L50, F|
|poke|p1|Slaking, L50, M|
|poke|p1|Dragapult, L50, M|
|poke|p1|Corviknight, L50, M|
|poke|p1|Dondozo, L50, M|
|poke|p1|Tatsugiri, L50, M|
|poke|p2|Dragonite, L50, F|
|poke|p2|Gholdengo, L50|
|poke|p2|Sneasler, L50, F|
|poke|p2|Rillaboom, L50, M|
|poke|p2|Ursaluna-Bloodmoon, L50, M|
|poke|p2|Magmar, L50, F|
|teampreview|4
|showteam|p1|Weezing-Galar||CovertCloak|NeutralizingGas|StrangeSteam,WillOWisp,Taunt,Protect|||F|||50|,,,,,Water]Slaking||LifeOrb|Truant|DoubleEdge,SuckerPunch,HighHorsepower,Protect|||M|||50|,,,,,Ghost]Dragapult||ChoiceBand|ClearBody|DragonDarts,TeraBlast,PhantomForce,Uturn|||M|||50|,,,,,Ghost]Corviknight||SitrusBerry|MirrorArmor|BraveBird,Tailwind,Roost,Protect|||M|||50|,,,,,Dragon]Dondozo||Leftovers|Unaware|WaveCrash,HeavySlam,OrderUp,Protect|||M|||50|,,,,,Grass]Tatsugiri||FocusSash|Commander|MuddyWater,DragonPulse,IcyWind,Protect|||M|||50|,,,,,Grass
|showteam|p2|Dragonite||LoadedDice|Multiscale|ScaleShot,Tailwind,ExtremeSpeed,Protect|||F|||50|,,,,,Fairy]Gholdengo||LifeOrb|GoodasGold|MakeItRain,ShadowBall,NastyPlot,Protect||||||50|,,,,,Water]Sneasler||FocusSash|PoisonTouch|CloseCombat,DireClaw,Coaching,FakeOut|||F|||50|,,,,,Ghost]Rillaboom||AssaultVest|GrassySurge|WoodHammer,FakeOut,GrassyGlide,HighHorsepower|||M|||50|,,,,,Fire]Ursaluna-Bloodmoon||SilkScarf|MindsEye|HyperVoice,EarthPower,BloodMoon,Protect|||M|||50|,,,,,Water]Magmar||Eviolite|VitalSpirit|FollowMe,BurningJealousy,ClearSmog,Protect|||F|||50|,,,,,Dragon
|inactive|Battle timer is ON: inactive players will automatically lose when time's up. (requested by KilamanolaVGC)
|inactive|KilamanolaVGC has 60 seconds left.
|
|t:|1757039014
|teamsize|p1|4
|teamsize|p2|4
|start
|switch|p1a: Slaking|Slaking, L50, M, shiny|100/100
|switch|p1b: Weezing|Weezing-Galar, L50, F, shiny|100/100
|switch|p2a: Sneasler|Sneasler, L50, F|100/100
|switch|p2b: Dragonite|Dragonite, L50, F|100/100
|-ability|p1b: Weezing|Neutralizing Gas
|turn|1
|
|t:|1757039024
|-terastallize|p1a: Slaking|Ghost
|move|p2b: Dragonite|Protect|p2b: Dragonite
|-singleturn|p2b: Dragonite|Protect
|move|p2a: Sneasler|Coaching|p2b: Dragonite
|-boost|p2b: Dragonite|atk|1
|-boost|p2b: Dragonite|def|1
|move|p1a: Slaking|Double-Edge|p2b: Dragonite
|-activate|p2b: Dragonite|move: Protect
|move|p1b: Weezing|Will-O-Wisp|p2b: Dragonite
|-activate|p2b: Dragonite|move: Protect
|
|upkeep
|turn|2
|
|t:|1757039041
|move|p1a: Slaking|Protect|p1a: Slaking
|-singleturn|p1a: Slaking|Protect
|move|p2b: Dragonite|Extreme Speed|p1b: Weezing
|-damage|p1b: Weezing|65/100
|move|p2a: Sneasler|Dire Claw|p1b: Weezing
|-damage|p1b: Weezing|33/100
|move|p1b: Weezing|Will-O-Wisp|p2b: Dragonite
|-status|p2b: Dragonite|brn
|
|-damage|p2b: Dragonite|94/100 brn|[from] brn
|upkeep
|turn|3
|
|t:|1757039064
|move|p2a: Sneasler|Dire Claw|p1b: Weezing
|-damage|p1b: Weezing|0 fnt
|faint|p1b: Weezing
|-end|p1b: Weezing|ability: Neutralizing Gas
|move|p1a: Slaking|Double-Edge|p2b: Dragonite
|-damage|p2b: Dragonite|19/100 brn
|-damage|p1a: Slaking|82/100|[from] Recoil
|-damage|p1a: Slaking|72/100|[from] item: Life Orb
|move|p2b: Dragonite|Scale Shot|p1a: Slaking
|-damage|p1a: Slaking|64/100
|-damage|p1a: Slaking|55/100
|-damage|p1a: Slaking|46/100
|-damage|p1a: Slaking|36/100
|-hitcount|p1a: Slaking|4
|-unboost|p2b: Dragonite|def|1
|-boost|p2b: Dragonite|spe|1
|
|-damage|p2b: Dragonite|13/100 brn|[from] brn
|upkeep
|
|t:|1757039069
|switch|p1b: Dondozo|Dondozo, L50, M, shiny|100/100
|turn|4
|
|t:|1757039085
|switch|p1a: Tatsugiri|Tatsugiri, L50, M, shiny|100/100
|-activate|p1a: Tatsugiri|ability: Commander|[of] p1b: Dondozo
|-boost|p1b: Dondozo|atk|2
|-boost|p1b: Dondozo|spa|2
|-boost|p1b: Dondozo|spe|2
|-boost|p1b: Dondozo|def|2
|-boost|p1b: Dondozo|spd|2
|move|p2b: Dragonite|Tailwind|p2b: Dragonite
|-sidestart|p2: Farigi no Raf|move: Tailwind
|move|p2a: Sneasler|Dire Claw|p1b: Dondozo
|-damage|p1b: Dondozo|87/100
|move|p1b: Dondozo|Order Up|p2a: Sneasler
|-damage|p2a: Sneasler|15/100
|-boost|p1b: Dondozo|atk|1
|
|-heal|p1b: Dondozo|93/100|[from] item: Leftovers
|-damage|p2b: Dragonite|7/100 brn|[from] brn
|upkeep
|turn|5
|
|t:|1757039101
|switch|p2b: Magmar|Magmar, L50, F|100/100
|move|p2a: Sneasler|Dire Claw|p1b: Dondozo
|-damage|p1b: Dondozo|79/100
|-status|p1b: Dondozo|par
|cant|p1b: Dondozo|par
|
|-heal|p1b: Dondozo|85/100 par|[from] item: Leftovers
|upkeep
|turn|6
|-message|KilamanolaVGC forfeited.
|
|win|Farigi no Raf
|l|☆KilamanolaVGC
|player|p1|
