|j|☆Tractie
|j|☆maestro zoroli
|html|Tractiemaestro zoroli    
|uhtml|bestof|Game 2 of a best-of-3
|t:|1757178732
|gametype|doubles
|player|p1|Tractie|102|1254
|player|p2|maestro zoroli|266|1192
|gen|9
|tier|[Gen 9] VGC 2025 Reg H (Bo3)
|rated|
|rule|Species Clause: Limit one of each Pokémon
|rule|Item Clause: Limit 1 of each item
|clearpoke
|poke|p1|Gothitelle, L50, M|
|poke|p1|Dondozo, L50, M|
|poke|p1|Tauros-Paldea-Blaze, L50, M|
|poke|p1|Kingambit, L50, M|
|poke|p1|Amoonguss, L50, M|
|poke|p1|Basculegion, L50, M|
|poke|p2|Archaludon, L50, F|
|poke|p2|Vivillon, L50, M|
|poke|p2|Corviknight, L50, M|
|poke|p2|Hydreigon, L50, M|
|poke|p2|Garchomp, L50, F|
|poke|p2|Dragonite, L50, M|
|teampreview|4
|showteam|p1|Gothitelle||SitrusBerry|ShadowTag|FakeOut,Psychic,HelpingHand,Protect|||M|||50|,,,,,Water]Dondozo||Leftovers|Unaware|WaveCrash,BodyPress,Yawn,Protect|||M|||50|,,,,,Electric]Tauros-Paldea-Blaze||SafetyGoggles|Intimidate|FlareBlitz,CloseCombat,WillOWisp,Protect|||M|||50|,,,,,Grass]Kingambit||BlackGlasses|Defiant|SuckerPunch,KowtowCleave,SwordsDance,Protect|||M|||50|,,,,,Dark]Amoonguss||RockyHelmet|Regenerator|Spore,RagePowder,PollenPuff,Protect|||M|||50|,,,,,Fairy]Basculegion||ChoiceScarf|Adaptability|WaveCrash,LastRespects,AquaJet,FlipTurn|||M|||50|,,,,,Water
|showteam|p2|Archaludon||AssaultVest|Stalwart|Thunderbolt,ElectroShot,FlashCannon,DracoMeteor|||F|||50|,,,,,Flying]Vivillon||FocusSash|CompoundEyes|Hurricane,SleepPowder,Tailwind,RagePowder|||M|||50|,,,,,Ghost]Corviknight||Leftovers|MirrorArmor|BraveBird,BodyPress,BulkUp,Roost|||M|||50|,,,,,Fire]Hydreigon||ChoiceSpecs|Levitate|DarkPulse,DracoMeteor,Snarl,FlashCannon|||M|||50|,,,,,Steel]Garchomp||LifeOrb|RoughSkin|Earthquake,DragonClaw,SwordsDance,Protect|||F|||50|,,,,,Ground]Dragonite||LoadedDice|Multiscale|ScaleShot,Safeguard,Haze,Protect|||M|||50|,,,,,Ghost
|inactive|Battle timer is ON: inactive players will automatically lose when time's up. (requested by Tractie)
|inactive|Tractie has 60 seconds left.
|inactive|Tractie has 30 seconds left.
|inactive|Tractie has 20 seconds left.
|inactive|Tractie has 15 seconds left.
|
|t:|1757178813
|teamsize|p1|4
|teamsize|p2|4
|start
|switch|p1a: Tauros|Tauros-Paldea-Blaze, L50, M|100/100
|switch|p1b: Basculegion|Basculegion, L50, M|100/100
|switch|p2a: Vivillon|Vivillon, L50, M|100/100
|switch|p2b: Hydreigon|Hydreigon, L50, M|100/100
|-ability|p1a: Tauros|Intimidate|boost
|-unboost|p2a: Vivillon|atk|1
|-unboost|p2b: Hydreigon|atk|1
|turn|1
|inactive|Tractie has 30 seconds left.
|inactive|maestro zoroli has 30 seconds left.
|
|t:|1757178842
|move|p1b: Basculegion|Flip Turn|p2a: Vivillon
|-damage|p2a: Vivillon|20/100
|
|t:|1757178852
|switch|p1b: Dondozo|Dondozo, L50, M|100/100|[from] Flip Turn
|move|p2b: Hydreigon|Dark Pulse|p1b: Dondozo
|-damage|p1b: Dondozo|65/100
|move|p1a: Tauros|Close Combat|p2b: Hydreigon
|-supereffective|p2b: Hydreigon
|-damage|p2b: Hydreigon|0 fnt
|-unboost|p1a: Tauros|def|1
|-unboost|p1a: Tauros|spd|1
|faint|p2b: Hydreigon
|move|p2a: Vivillon|Tailwind|p2a: Vivillon
|-sidestart|p2: maestro zoroli|move: Tailwind
|
|-heal|p1b: Dondozo|72/100|[from] item: Leftovers
|upkeep
|
|t:|1757178863
|switch|p2b: Garchomp|Garchomp, L50, F|100/100
|turn|2
|
|t:|1757178879
|switch|p1a: Gothitelle|Gothitelle, L50, M|100/100
|move|p1b: Dondozo|Protect|p1b: Dondozo
|-singleturn|p1b: Dondozo|Protect
|move|p2b: Garchomp|Swords Dance|p2b: Garchomp
|-boost|p2b: Garchomp|atk|2
|move|p2a: Vivillon|Hurricane|p1a: Gothitelle
|-damage|p1a: Gothitelle|66/100
|
|-heal|p1b: Dondozo|78/100|[from] item: Leftovers
|upkeep
|turn|3
|
|t:|1757178902
|switch|p1b: Tauros|Tauros-Paldea-Blaze, L50, M|100/100
|-ability|p1b: Tauros|Intimidate|boost
|-unboost|p2a: Vivillon|atk|1
|-unboost|p2b: Garchomp|atk|1
|-terastallize|p2a: Vivillon|Ghost
|move|p1a: Gothitelle|Fake Out|p2b: Garchomp
|-damage|p2b: Garchomp|95/100
|-damage|p1a: Gothitelle|54/100|[from] ability: Rough Skin|[of] p2b: Garchomp
|cant|p2b: Garchomp|flinch
|move|p2a: Vivillon|Sleep Powder|p1b: Tauros
|-activate|p1b: Tauros|item: Safety Goggles|Sleep Powder
|
|upkeep
|turn|4
|
|t:|1757178926
|move|p1b: Tauros|Protect|p1b: Tauros
|-singleturn|p1b: Tauros|Protect
|move|p2b: Garchomp|Swords Dance|p2b: Garchomp
|-boost|p2b: Garchomp|atk|2
|move|p2a: Vivillon|Sleep Powder|p1a: Gothitelle
|-status|p1a: Gothitelle|slp|[from] move: Sleep Powder
|cant|p1a: Gothitelle|slp
|
|-sideend|p2: maestro zoroli|move: Tailwind
|upkeep
|turn|5
|inactive|maestro zoroli has 30 seconds left.
|
|t:|1757178959
|switch|p1b: Dondozo|Dondozo, L50, M|78/100
|move|p2b: Garchomp|Dragon Claw|p1b: Dondozo
|-damage|p1b: Dondozo|43/100
|-damage|p2b: Garchomp|85/100|[from] item: Life Orb
|move|p2a: Vivillon|Tailwind|p2a: Vivillon
|-sidestart|p2: maestro zoroli|move: Tailwind
|cant|p1a: Gothitelle|slp
|
|-heal|p1b: Dondozo|49/100|[from] item: Leftovers
|upkeep
|turn|6
|
|t:|1757178976
|move|p1b: Dondozo|Protect|p1b: Dondozo
|-singleturn|p1b: Dondozo|Protect
|move|p2b: Garchomp|Earthquake|p1b: Dondozo|[spread] p2a,p1a
|-activate|p1b: Dondozo|move: Protect
|-damage|p2a: Vivillon|0 fnt
|-damage|p1a: Gothitelle|0 fnt
|faint|p2a: Vivillon
|faint|p1a: Gothitelle
|-damage|p2b: Garchomp|75/100|[from] item: Life Orb
|
|-heal|p1b: Dondozo|55/100|[from] item: Leftovers
|upkeep
|
|t:|1757178991
|switch|p2a: Corviknight|Corviknight, L50, M|100/100
|switch|p1a: Tauros|Tauros-Paldea-Blaze, L50, M|100/100
|-ability|p1a: Tauros|Intimidate|boost
|-ability|p2a: Corviknight|Mirror Armor
|-unboost|p1a: Tauros|atk|1
|-unboost|p2b: Garchomp|atk|1
|turn|7
|
|t:|1757179008
|-terastallize|p1a: Tauros|Grass
|move|p2b: Garchomp|Earthquake|p1b: Dondozo|[spread] p1a,p1b
|-immune|p2a: Corviknight
|-resisted|p1a: Tauros
|-damage|p1a: Tauros|44/100
|-damage|p1b: Dondozo|25/100
|-damage|p2b: Garchomp|65/100|[from] item: Life Orb
|move|p2a: Corviknight|Brave Bird|p1b: Dondozo
|-damage|p1b: Dondozo|4/100
|-damage|p2a: Corviknight|92/100|[from] Recoil
|move|p1a: Tauros|Will-O-Wisp|p2b: Garchomp
|-status|p2b: Garchomp|brn
|move|p1b: Dondozo|Yawn|p2a: Corviknight
|-start|p2a: Corviknight|move: Yawn|[of] p1b: Dondozo
|
|-heal|p2a: Corviknight|98/100|[from] item: Leftovers
|-heal|p1b: Dondozo|10/100|[from] item: Leftovers
|-damage|p2b: Garchomp|59/100 brn|[from] brn
|upkeep
|turn|8
|inactive|Tractie has 30 seconds left.
|inactive|maestro zoroli has 30 seconds left.
|inactive|maestro zoroli has 20 seconds left.
|
|t:|1757179046
|move|p2b: Garchomp|Protect|p2b: Garchomp
|-singleturn|p2b: Garchomp|Protect
|move|p1a: Tauros|Protect|p1a: Tauros
|-singleturn|p1a: Tauros|Protect
|move|p1b: Dondozo|Protect|p1b: Dondozo
|-singleturn|p1b: Dondozo|Protect
|move|p2a: Corviknight|Bulk Up|p2a: Corviknight
|-boost|p2a: Corviknight|atk|1
|-boost|p2a: Corviknight|def|1
|
|-heal|p2a: Corviknight|100/100|[from] item: Leftovers
|-heal|p1b: Dondozo|16/100|[from] item: Leftovers
|-damage|p2b: Garchomp|53/100 brn|[from] brn
|-end|p2a: Corviknight|move: Yawn|[silent]
|-status|p2a: Corviknight|slp
|-sideend|p2: maestro zoroli|move: Tailwind
|upkeep
|turn|9
|inactive|Tractie has 30 seconds left.
|inactive|Tractie has 20 seconds left.
|inactive|Tractie has 15 seconds left.
|inactive|Tractie has 10 seconds left.
|inactive|Tractie has 5 seconds left.
|
|t:|1757179098
|move|p2b: Garchomp|Dragon Claw|p1b: Dondozo
|-damage|p1b: Dondozo|0 fnt
|faint|p1b: Dondozo
|-damage|p2b: Garchomp|43/100 brn|[from] item: Life Orb
|move|p1a: Tauros|Close Combat|p2a: Corviknight
|-damage|p2a: Corviknight|79/100 slp
|-unboost|p1a: Tauros|def|1
|-unboost|p1a: Tauros|spd|1
|cant|p2a: Corviknight|slp
|
|-heal|p2a: Corviknight|84/100 slp|[from] item: Leftovers
|-damage|p2b: Garchomp|37/100 brn|[from] brn
|upkeep
|
|t:|1757179112
|switch|p1b: Basculegion|Basculegion, L50, M|100/100
|turn|10
|inactive|Tractie has 30 seconds left.
|inactive|maestro zoroli has 30 seconds left.
|
|t:|1757179143
|move|p2b: Garchomp|Protect|p2b: Garchomp
|-singleturn|p2b: Garchomp|Protect
|move|p1b: Basculegion|Last Respects|p2a: Corviknight
|-damage|p2a: Corviknight|25/100 slp
|move|p1a: Tauros|Flare Blitz|p2a: Corviknight
|-supereffective|p2a: Corviknight
|-damage|p2a: Corviknight|0 fnt
|faint|p2a: Corviknight
|-damage|p1a: Tauros|33/100|[from] Recoil
|
|-damage|p2b: Garchomp|31/100 brn|[from] brn
|upkeep
|turn|11
|-message|maestro zoroli forfeited.
|raw|Tractie's rating: 1254 → 1275(+21 for winning)
|raw|maestro zoroli's rating: 1192 → 1171(-21 for losing)
|
|win|Tractie
