|j|☆Pokeventurer
|j|☆magic 561
|html|Pokeventurermagic 561    
|uhtml|bestof|Game 3 of a best-of-3
|t:|1782231453
|gametype|doubles
|player|p1|Pokeventurer|169|1253
|player|p2|magic 561|colress|1343
|gen|9
|tier|[Gen 9 Champions] VGC 2026 Reg M-B (Bo3)
|rated|
|rule|Species Clause: Limit one of each Pokémon
|rule|Item Clause: Limit 1 of each item
|clearpoke
|poke|p1|Staraptor, L50, F|
|poke|p1|Whimsicott, L50, M|
|poke|p1|Gholdengo, L50|
|poke|p1|Incineroar, L50, F|
|poke|p1|Sinistcha-Masterpiece, L50|
|poke|p1|Garchomp, L50, F|
|poke|p2|Glimmora, L50, F|
|poke|p2|Hydreigon, L50, F|
|poke|p2|Basculegion, L50, M|
|poke|p2|Whimsicott, L50, F|
|poke|p2|Staraptor, L50, M|
|poke|p2|Farigiraf, L50, F|
|teampreview|4
|showteam|p1|Staraptor||Staraptite|Intimidate|CloseCombat,BraveBird,Roost,Protect|Jolly||F|||50|]Whimsicott||MentalHerb|Prankster|Tailwind,LightScreen,Charm,Protect|Bold||M|||50|]Gholdengo||ChoiceScarf|GoodasGold|MakeItRain,ShadowBall,PowerGem,Trick|Timid|||||50|]Incineroar||SitrusBerry|Intimidate|FlareBlitz,ThroatChop,PartingShot,FakeOut|Adamant||F|||50|]Sinistcha-Masterpiece||KasibBerry|Hospitality|MatchaGotcha,ShadowBall,RagePowder,LifeDew|Bold|||||50|]Garchomp||LifeOrb|RoughSkin|DragonClaw,RockTomb,StompingTantrum,Protect|Jolly||F|||50|
|showteam|p2|Glimmora||Glimmoranite|ToxicDebris|SludgeBomb,PowerGem,SpikyShield,EarthPower|Modest||F|||50|]Hydreigon||LifeOrb|Levitate|DracoMeteor,DarkPulse,EarthPower,Protect|Modest||F|||50|]Basculegion||MysticWater|Adaptability|WaveCrash,LastRespects,AquaJet,Protect|Adamant||M|||50|]Whimsicott||FocusSash|Prankster|Tailwind,Moonblast,Encore,Protect|Timid||F|||50|]Staraptor||Staraptite|Intimidate|CloseCombat,BraveBird,Roost,Protect|Adamant||M|||50|]Farigiraf||ColburBerry|ArmorTail|HyperVoice,Psychic,TrickRoom,Protect|Modest||F|||50|
|inactive|Battle timer is ON: inactive players will automatically lose when time's up. (requested by magic 561)
|
|t:|1782231470
|teamsize|p1|4
|teamsize|p2|4
|start
|switch|p1a: Staraptor|Staraptor, L50, F|100/100
|switch|p1b: Whimsicott|Whimsicott, L50, M|100/100
|switch|p2a: Staraptor|Staraptor, L50, M|100/100
|switch|p2b: Farigiraf|Farigiraf, L50, F|100/100
|-ability|p1a: Staraptor|Intimidate|boost
|-unboost|p2a: Staraptor|atk|1
|-unboost|p2b: Farigiraf|atk|1
|-ability|p2a: Staraptor|Intimidate|boost
|-unboost|p1a: Staraptor|atk|1
|-unboost|p1b: Whimsicott|atk|1
|turn|1
|inactive|magic 561 has 30 seconds left.
|
|t:|1782231500
|detailschange|p1a: Staraptor|Staraptor-Mega, L50, F
|-mega|p1a: Staraptor|Staraptor|Staraptite
|detailschange|p2a: Staraptor|Staraptor-Mega, L50, M
|-mega|p2a: Staraptor|Staraptor|Staraptite
|move|p1b: Whimsicott|Charm|p1a: Staraptor
|-boost|p1a: Staraptor|atk|2
|move|p1a: Staraptor|Close Combat|p2b: Farigiraf
|-damage|p2b: Farigiraf|3/100
|-boost|p1a: Staraptor|def|1
|-boost|p1a: Staraptor|spd|1
|move|p2a: Staraptor|Brave Bird|p1a: Staraptor
|-supereffective|p1a: Staraptor|1
|-damage|p1a: Staraptor|39/100
|-damage|p2a: Staraptor|83/100|[from] Recoil
|move|p2b: Farigiraf|Trick Room|p2b: Farigiraf
|-fieldstart|move: Trick Room|[of] p2b: Farigiraf
|
|upkeep
|turn|2
|
|t:|1782231521
|switch|p1b: Gholdengo|Gholdengo, L50|100/100
|move|p1a: Staraptor|Protect|p1a: Staraptor
|-singleturn|p1a: Staraptor|Protect
|move|p2b: Farigiraf|Psychic|p1a: Staraptor
|-activate|p1a: Staraptor|move: Protect
|move|p2a: Staraptor|Close Combat|p1b: Gholdengo
|-immune|p1b: Gholdengo
|
|upkeep
|turn|3
|
|t:|1782231543
|switch|p1a: Whimsicott|Whimsicott, L50, M|100/100
|move|p2b: Farigiraf|Psychic|p1a: Whimsicott
|-damage|p1a: Whimsicott|38/100
|move|p2a: Staraptor|Close Combat|p1a: Whimsicott
|-resisted|p1a: Whimsicott|1
|-damage|p1a: Whimsicott|18/100
|-boost|p2a: Staraptor|def|1
|-boost|p2a: Staraptor|spd|1
|move|p1b: Gholdengo|Make It Rain|p2a: Staraptor|[spread] p2a
|-miss|p1b: Gholdengo|p2b: Farigiraf
|-damage|p2a: Staraptor|51/100
|-unboost|p1b: Gholdengo|spa|2
|
|upkeep
|turn|4
|
|t:|1782231568
|switch|p2b: Basculegion|Basculegion, L50, M|100/100
|move|p1a: Whimsicott|Protect|p1a: Whimsicott
|-singleturn|p1a: Whimsicott|Protect
|move|p2a: Staraptor|Roost|p2a: Staraptor
|-heal|p2a: Staraptor|100/100
|-singleturn|p2a: Staraptor|move: Roost
|move|p1b: Gholdengo|Make It Rain|p2b: Basculegion|[spread] p2a,p2b
|-resisted|p2b: Basculegion|1
|-damage|p2a: Staraptor|84/100
|-damage|p2b: Basculegion|86/100
|-unboost|p1b: Gholdengo|spa|2
|
|upkeep
|turn|5
|
|t:|1782231582
|switch|p1b: Staraptor|Staraptor-Mega, L50, F|39/100
|move|p1a: Whimsicott|Charm|p2b: Basculegion
|-unboost|p2b: Basculegion|atk|2
|move|p2b: Basculegion|Wave Crash|p1b: Staraptor
|-damage|p1b: Staraptor|0 fnt
|faint|p1b: Staraptor
|-damage|p2b: Basculegion|77/100|[from] Recoil
|move|p2a: Staraptor|Close Combat|p1a: Whimsicott
|-resisted|p1a: Whimsicott|1
|-damage|p1a: Whimsicott|1/100
|-boost|p2a: Staraptor|def|1
|-boost|p2a: Staraptor|spd|1
|
|-fieldend|move: Trick Room
|upkeep
|
|t:|1782231596
|switch|p1b: Gholdengo|Gholdengo, L50|100/100
|turn|6
|inactive|magic 561 has 30 seconds left.
|inactive|magic 561 has 20 seconds left.
|inactive|magic 561 has 15 seconds left.
|
|t:|1782231637
|switch|p1a: Garchomp|Garchomp, L50, F|100/100
|move|p2b: Basculegion|Aqua Jet|p1a: Garchomp
|-damage|p1a: Garchomp|82/100
|-damage|p2b: Basculegion|65/100|[from] ability: Rough Skin|[of] p1a: Garchomp
|move|p1b: Gholdengo|Shadow Ball|p2b: Basculegion
|-supereffective|p2b: Basculegion|1
|-damage|p2b: Basculegion|0 fnt
|faint|p2b: Basculegion
|move|p2a: Staraptor|Roost|p2a: Staraptor
|-heal|p2a: Staraptor|100/100
|-singleturn|p2a: Staraptor|move: Roost
|
|upkeep
|
|t:|1782231648
|switch|p2b: Hydreigon|Hydreigon, L50, F|100/100
|turn|7
|
|t:|1782231665
|switch|p2b: Farigiraf|Farigiraf, L50, F|3/100
|move|p1b: Gholdengo|Shadow Ball|p2a: Staraptor
|-damage|p2a: Staraptor|78/100
|move|p1a: Garchomp|Dragon Claw|p2b: Farigiraf
|-damage|p2b: Farigiraf|0 fnt
|faint|p2b: Farigiraf
|-damage|p1a: Garchomp|72/100|[from] item: Life Orb
|move|p2a: Staraptor|Close Combat|p1a: Garchomp
|-damage|p1a: Garchomp|32/100
|-boost|p2a: Staraptor|def|1
|-boost|p2a: Staraptor|spd|1
|-damage|p2a: Staraptor|66/100|[from] ability: Rough Skin|[of] p1a: Garchomp
|
|upkeep
|
|t:|1782231680
|switch|p2b: Hydreigon|Hydreigon, L50, F|100/100
|turn|8
|inactive|magic 561 has 30 seconds left.
|
|t:|1782231709
|move|p1b: Gholdengo|Shadow Ball|p2a: Staraptor
|-damage|p2a: Staraptor|49/100
|move|p1a: Garchomp|Dragon Claw|p2b: Hydreigon
|-supereffective|p2b: Hydreigon|1
|-damage|p2b: Hydreigon|0 fnt
|faint|p2b: Hydreigon
|-damage|p1a: Garchomp|22/100|[from] item: Life Orb
|move|p2a: Staraptor|Close Combat|p1a: Garchomp
|-damage|p1a: Garchomp|0 fnt
|-boost|p2a: Staraptor|def|1
|-boost|p2a: Staraptor|spd|1
|-damage|p2a: Staraptor|37/100|[from] ability: Rough Skin|[of] p1a: Garchomp
|faint|p1a: Garchomp
|
|upkeep
|
|t:|1782231720
|switch|p1a: Whimsicott|Whimsicott, L50, M|1/100
|turn|9
|
|t:|1782231727
|move|p1a: Whimsicott|Tailwind|p1a: Whimsicott
|-sidestart|p1: Pokeventurer|move: Tailwind
|move|p1b: Gholdengo|Shadow Ball|p2a: Staraptor
|-damage|p2a: Staraptor|23/100
|move|p2a: Staraptor|Roost|p2a: Staraptor
|-heal|p2a: Staraptor|73/100
|-singleturn|p2a: Staraptor|move: Roost
|
|upkeep
|turn|10
|
|t:|1782231746
|move|p2a: Staraptor|Protect|p2a: Staraptor
|-singleturn|p2a: Staraptor|Protect
|move|p1a: Whimsicott|Light Screen|p1a: Whimsicott
|-sidestart|p1: Pokeventurer|move: Light Screen
|move|p1b: Gholdengo|Shadow Ball|p2a: Staraptor
|-activate|p2a: Staraptor|move: Protect
|
|upkeep
|turn|11
|
|t:|1782231755
|move|p1a: Whimsicott|Charm|p1b: Gholdengo
|-immune|p1b: Gholdengo|[from] ability: Good as Gold
|move|p1b: Gholdengo|Shadow Ball|p2a: Staraptor
|-damage|p2a: Staraptor|57/100
|-boost|p2a: Staraptor|spd|1
|move|p2a: Staraptor|Roost|p2a: Staraptor
|-heal|p2a: Staraptor|100/100
|-singleturn|p2a: Staraptor|move: Roost
|
|upkeep
|turn|12
|
|t:|1782231766
|move|p1a: Whimsicott|Charm|p1b: Gholdengo
|-immune|p1b: Gholdengo|[from] ability: Good as Gold
|move|p1b: Gholdengo|Shadow Ball|p2a: Staraptor
|-damage|p2a: Staraptor|86/100
|move|p2a: Staraptor|Brave Bird|p1b: Gholdengo
|-resisted|p1b: Gholdengo|1
|-damage|p1b: Gholdengo|75/100
|-damage|p2a: Staraptor|79/100|[from] Recoil
|
|-sideend|p1: Pokeventurer|move: Tailwind
|upkeep
|turn|13
|
|t:|1782231778
|move|p2a: Staraptor|Protect|p2a: Staraptor
|-singleturn|p2a: Staraptor|Protect
|move|p1a: Whimsicott|Charm|p1b: Gholdengo
|-immune|p1b: Gholdengo|[from] ability: Good as Gold
|move|p1b: Gholdengo|Shadow Ball|p2a: Staraptor
|-activate|p2a: Staraptor|move: Protect
|
|upkeep
|turn|14
|
|t:|1782231792
|move|p1a: Whimsicott|Charm|p1b: Gholdengo
|-immune|p1b: Gholdengo|[from] ability: Good as Gold
|move|p1b: Gholdengo|Shadow Ball|p2a: Staraptor
|-damage|p2a: Staraptor|67/100
|move|p2a: Staraptor|Roost|p2a: Staraptor
|-heal|p2a: Staraptor|100/100
|-singleturn|p2a: Staraptor|move: Roost
|
|-sideend|p1: Pokeventurer|move: Light Screen
|upkeep
|turn|15
|
|t:|1782231807
|move|p1a: Whimsicott|Charm|p1b: Gholdengo
|-immune|p1b: Gholdengo|[from] ability: Good as Gold
|move|p1b: Gholdengo|Shadow Ball|p2a: Staraptor
|-damage|p2a: Staraptor|88/100
|move|p2a: Staraptor|Brave Bird|p1b: Gholdengo
|-resisted|p1b: Gholdengo|1
|-damage|p1b: Gholdengo|51/100
|-damage|p2a: Staraptor|81/100|[from] Recoil
|
|upkeep
|turn|16
|
|t:|1782231819
|move|p1a: Whimsicott|Light Screen|p1a: Whimsicott
|-sidestart|p1: Pokeventurer|move: Light Screen
|move|p1b: Gholdengo|Shadow Ball|p2a: Staraptor
|-damage|p2a: Staraptor|68/100
|move|p2a: Staraptor|Brave Bird|p1b: Gholdengo
|-resisted|p1b: Gholdengo|1
|-damage|p1b: Gholdengo|27/100
|-damage|p2a: Staraptor|62/100|[from] Recoil
|
|upkeep
|turn|17
|
|t:|1782231829
|move|p1a: Whimsicott|Light Screen||[still]
|-fail|p1a: Whimsicott
|move|p1b: Gholdengo|Shadow Ball|p2a: Staraptor
|-damage|p2a: Staraptor|49/100
|move|p2a: Staraptor|Roost|p2a: Staraptor
|-heal|p2a: Staraptor|99/100
|-singleturn|p2a: Staraptor|move: Roost
|
|upkeep
|turn|18
|
|t:|1782231840
|move|p2a: Staraptor|Protect|p2a: Staraptor
|-singleturn|p2a: Staraptor|Protect
|move|p1a: Whimsicott|Charm|p2a: Staraptor
|-activate|p2a: Staraptor|move: Protect
|move|p1b: Gholdengo|Shadow Ball|p2a: Staraptor
|-activate|p2a: Staraptor|move: Protect
|
|upkeep
|turn|19
|c|☆Pokeventurer|ggs
|c|☆magic 561|gg wp
|
|t:|1782231853
|move|p1a: Whimsicott|Charm|p1b: Gholdengo
|-immune|p1b: Gholdengo|[from] ability: Good as Gold
|move|p1b: Gholdengo|Shadow Ball|p2a: Staraptor
|-damage|p2a: Staraptor|87/100
|move|p2a: Staraptor|Brave Bird|p1b: Gholdengo
|-resisted|p1b: Gholdengo|1
|-damage|p1b: Gholdengo|4/100
|-damage|p2a: Staraptor|81/100|[from] Recoil
|
|upkeep
|turn|20
|
|t:|1782231860
|move|p2a: Staraptor|Protect|p2a: Staraptor
|-singleturn|p2a: Staraptor|Protect
|move|p1a: Whimsicott|Charm|p1b: Gholdengo
|-immune|p1b: Gholdengo|[from] ability: Good as Gold
|move|p1b: Gholdengo|Shadow Ball|p2a: Staraptor
|-activate|p2a: Staraptor|move: Protect
|
|-sideend|p1: Pokeventurer|move: Light Screen
|upkeep
|turn|21
|
|t:|1782231866
|move|p1a: Whimsicott|Charm|p1b: Gholdengo
|-immune|p1b: Gholdengo|[from] ability: Good as Gold
|move|p1b: Gholdengo|Shadow Ball|p2a: Staraptor
|-damage|p2a: Staraptor|68/100
|move|p2a: Staraptor|Brave Bird|p1b: Gholdengo
|-resisted|p1b: Gholdengo|1
|-damage|p1b: Gholdengo|0 fnt
|faint|p1b: Gholdengo
|-damage|p2a: Staraptor|67/100|[from] Recoil
|
|upkeep
|turn|22
|
|t:|1782231869
|move|p1a: Whimsicott|Light Screen|p1a: Whimsicott
|-sidestart|p1: Pokeventurer|move: Light Screen
|move|p2a: Staraptor|Brave Bird|p1a: Whimsicott
|-supereffective|p1a: Whimsicott|1
|-damage|p1a: Whimsicott|0 fnt
|faint|p1a: Whimsicott
|-damage|p2a: Staraptor|66/100|[from] Recoil
|
|win|magic 561
|raw|Pokeventurer's rating: 1253 → 1234(-19 for losing)
|raw|magic 561's rating: 1343 → 1358(+15 for winning)
|l|☆Pokeventurer
|player|p1|
