|j|☆PkSbm
|j|☆SuperPokeVGC
|html|PkSbmSuperPokeVGC    
|uhtml|bestof|Game 2 of a best-of-3
|t:|1756319580
|gametype|doubles
|player|p1|PkSbm|101|1118
|player|p2|SuperPokeVGC|ltsurge|1157
|gen|9
|tier|[Gen 9] VGC 2025 Reg H (Bo3)
|rated|
|rule|Species Clause: Limit one of each Pokémon
|rule|Item Clause: Limit 1 of each item
|clearpoke
|poke|p1|Gholdengo, L50|
|poke|p1|Dragonite, L50, M|
|poke|p1|Porygon2, L50|
|poke|p1|Ursaluna-Bloodmoon, L50, M|
|poke|p1|Primarina, L50, M|
|poke|p1|Incineroar, L50, M|
|poke|p2|Tyranitar, L50, F|
|poke|p2|Garchomp, L50, M|
|poke|p2|Gholdengo, L50|
|poke|p2|Sinistcha, L50|
|poke|p2|Yanmega, L50, M|
|poke|p2|Arcanine, L50, F|
|teampreview|4
|showteam|p1|Gholdengo||LifeOrb|GoodasGold|ShadowBall,MakeItRain,Reflect,LightScreen||||||50|,,,,,Steel]Dragonite||LoadedDice|Multiscale|Tailwind,ScaleShot,ExtremeSpeed,Haze|||M|||50|,,,,,Fairy]Porygon2||Eviolite|Download|Recover,IceBeam,TrickRoom,TeraBlast||||||50|,,,,,Fighting]Ursaluna-Bloodmoon||AssaultVest|MindsEye|VacuumWave,EarthPower,HyperVoice,BloodMoon|||M|||50|,,,,,Ghost]Primarina||SitrusBerry|LiquidVoice|HyperVoice,Haze,Moonblast,Protect|||M|||50|,,,,,Steel]Incineroar||SafetyGoggles|Intimidate|FakeOut,KnockOff,PartingShot,FlareBlitz|||M|||50|,,,,,Ghost
|showteam|p2|Tyranitar||LifeOrb|SandStream|KnockOff,RockSlide,TeraBlast,Protect|||F|||50|,,,,,Flying]Garchomp||ClearAmulet|SandVeil|DragonClaw,StompingTantrum,Earthquake,Protect|||M|||50|,,,,,Fire]Gholdengo||Leftovers|GoodasGold|MakeItRain,ShadowBall,NastyPlot,Protect||||||50|,,,,,Water]Sinistcha||SitrusBerry|Hospitality|RagePowder,MatchaGotcha,TrickRoom,Protect||||||50|,,,,,Water]Yanmega||FocusSash|SpeedBoost|Tailwind,AirSlash,BugBuzz,Detect|||M|||50|,,,,,Ghost]Arcanine||MirrorHerb|Intimidate|ExtremeSpeed,FlareBlitz,WillOWisp,Protect|||F|||50|,,,,,Normal
|inactive|Battle timer is ON: inactive players will automatically lose when time's up. (requested by SuperPokeVGC)
|inactive|SuperPokeVGC has 60 seconds left.
|
|t:|1756319614
|teamsize|p1|4
|teamsize|p2|4
|start
|switch|p1a: Incineroar|Incineroar, L50, M|100/100
|switch|p1b: Porygon2|Porygon2, L50|100/100
|switch|p2a: Garchomp|Garchomp, L50, M|100/100
|switch|p2b: Tyranitar|Tyranitar, L50, F|100/100
|-ability|p1a: Incineroar|Intimidate|boost
|-fail|p2a: Garchomp|unboost|[from] item: Clear Amulet|[of] p2a: Garchomp
|-unboost|p2b: Tyranitar|atk|1
|-weather|Sandstorm|[from] ability: Sand Stream|[of] p2b: Tyranitar
|-ability|p1b: Porygon2|Download|boost
|-boost|p1b: Porygon2|spa|1
|turn|1
|inactive|PkSbm has 30 seconds left.
|inactive|SuperPokeVGC has 30 seconds left.
|inactive|PkSbm has 20 seconds left.
|inactive|SuperPokeVGC has 20 seconds left.
|inactive|PkSbm has 15 seconds left.
|
|t:|1756319658
|-terastallize|p2b: Tyranitar|Flying
|move|p1a: Incineroar|Fake Out|p2b: Tyranitar
|-damage|p2b: Tyranitar|91/100
|move|p2a: Garchomp|Earthquake|p1b: Porygon2|[spread] p1a,p1b
|-immune|p2b: Tyranitar
|-supereffective|p1a: Incineroar
|-damage|p1a: Incineroar|24/100
|-damage|p1b: Porygon2|75/100
|cant|p2b: Tyranitar|flinch
|move|p1b: Porygon2|Trick Room|p1b: Porygon2
|-fieldstart|move: Trick Room|[of] p1b: Porygon2
|
|-weather|Sandstorm|[upkeep]
|-damage|p1b: Porygon2|69/100|[from] Sandstorm
|-damage|p2b: Tyranitar|85/100|[from] Sandstorm
|upkeep
|turn|2
|inactive|PkSbm has 30 seconds left.
|inactive|SuperPokeVGC has 30 seconds left.
|inactive|SuperPokeVGC has 20 seconds left.
|inactive|SuperPokeVGC has 15 seconds left.
|inactive|SuperPokeVGC has 10 seconds left.
|
|t:|1756319705
|switch|p1a: Ursaluna|Ursaluna-Bloodmoon, L50, M|100/100
|move|p2a: Garchomp|Protect|p2a: Garchomp
|-singleturn|p2a: Garchomp|Protect
|move|p1b: Porygon2|Ice Beam|p2b: Tyranitar
|-supereffective|p2b: Tyranitar
|-damage|p2b: Tyranitar|24/100
|move|p2b: Tyranitar|Knock Off|p1b: Porygon2
|-damage|p1b: Porygon2|38/100
|-enditem|p1b: Porygon2|Eviolite|[from] move: Knock Off|[of] p2b: Tyranitar
|-damage|p2b: Tyranitar|14/100|[from] item: Life Orb
|
|-weather|Sandstorm|[upkeep]
|-damage|p1b: Porygon2|32/100|[from] Sandstorm
|-damage|p2b: Tyranitar|8/100|[from] Sandstorm
|upkeep
|turn|3
|
|t:|1756319728
|move|p2b: Tyranitar|Protect|p2b: Tyranitar
|-singleturn|p2b: Tyranitar|Protect
|move|p1a: Ursaluna|Hyper Voice|p2a: Garchomp|[spread] 
|-activate|p2b: Tyranitar|move: Protect
|-miss|p1a: Ursaluna|p2a: Garchomp
|move|p1b: Porygon2|Ice Beam|p2a: Garchomp
|-supereffective|p2a: Garchomp
|-damage|p2a: Garchomp|0 fnt
|faint|p2a: Garchomp
|
|-weather|Sandstorm|[upkeep]
|-damage|p1b: Porygon2|25/100|[from] Sandstorm
|-damage|p2b: Tyranitar|2/100|[from] Sandstorm
|upkeep
|
|t:|1756319749
|switch|p2a: Gholdengo|Gholdengo, L50|100/100
|turn|4
|
|t:|1756319773
|switch|p2a: Sinistcha|Sinistcha, L50|100/100
|-heal|p2b: Tyranitar|27/100|[from] ability: Hospitality|[of] p2a: Sinistcha
|move|p1a: Ursaluna|Hyper Voice|p2a: Sinistcha|[spread] p2a,p2b
|-damage|p2a: Sinistcha|68/100
|-damage|p2b: Tyranitar|0 fnt
|faint|p2b: Tyranitar
|move|p1b: Porygon2|Recover|p1b: Porygon2
|-heal|p1b: Porygon2|75/100
|
|-weather|Sandstorm|[upkeep]
|-damage|p1b: Porygon2|69/100|[from] Sandstorm
|-damage|p2a: Sinistcha|62/100|[from] Sandstorm
|upkeep
|
|t:|1756319783
|switch|p2b: Gholdengo|Gholdengo, L50|100/100
|turn|5
|inactive|PkSbm has 30 seconds left.
|inactive|PkSbm has 20 seconds left.
|inactive|PkSbm has 15 seconds left.
|inactive|PkSbm has 10 seconds left.
|inactive|PkSbm has 5 seconds left.
|
|t:|1756319834
|switch|p1a: Incineroar|Incineroar, L50, M|24/100
|-ability|p1a: Incineroar|Intimidate|boost
|-unboost|p2a: Sinistcha|atk|1
|-unboost|p2b: Gholdengo|atk|1
|move|p1b: Porygon2|Recover|p1b: Porygon2
|-heal|p1b: Porygon2|100/100
|move|p2a: Sinistcha|Matcha Gotcha|p1a: Incineroar|[spread] p1a,p1b
|-resisted|p1a: Incineroar
|-damage|p1a: Incineroar|13/100
|-heal|p2a: Sinistcha|68/100|[from] drain|[of] p1a: Incineroar
|-damage|p1b: Porygon2|77/100
|-heal|p2a: Sinistcha|81/100|[from] drain|[of] p1b: Porygon2
|move|p2b: Gholdengo|Nasty Plot|p2b: Gholdengo
|-boost|p2b: Gholdengo|spa|2
|
|-weather|none
|-fieldend|move: Trick Room
|upkeep
|turn|6
|inactive|PkSbm has 30 seconds left.
|
|t:|1756319866
|move|p2b: Gholdengo|Make It Rain|p1b: Porygon2|[spread] p1a,p1b
|-resisted|p1a: Incineroar
|-damage|p1a: Incineroar|0 fnt
|-damage|p1b: Porygon2|0 fnt
|-unboost|p2b: Gholdengo|spa|1
|faint|p1a: Incineroar
|faint|p1b: Porygon2
|move|p2a: Sinistcha|Matcha Gotcha|p1: Incineroar|[notarget]
|-fail|p2a: Sinistcha
|
|upkeep
|
|t:|1756319870
|switch|p1a: Ursaluna|Ursaluna-Bloodmoon, L50, M|100/100
|switch|p1b: Dragonite|Dragonite, L50, M|100/100
|turn|7
|inactive|PkSbm has 30 seconds left.
|inactive|PkSbm has 20 seconds left.
|inactive|PkSbm has 15 seconds left.
|inactive|PkSbm has 10 seconds left.
|inactive|PkSbm has 5 seconds left.
|
|t:|1756319921
|move|p2b: Gholdengo|Protect|p2b: Gholdengo
|-singleturn|p2b: Gholdengo|Protect
|move|p1b: Dragonite|Tailwind|p1b: Dragonite
|-sidestart|p1: PkSbm|move: Tailwind
|move|p1a: Ursaluna|Blood Moon|p2b: Gholdengo
|-activate|p2b: Gholdengo|move: Protect
|move|p2a: Sinistcha|Trick Room|p2a: Sinistcha
|-fieldstart|move: Trick Room|[of] p2a: Sinistcha
|
|upkeep
|turn|8
|inactive|SuperPokeVGC has 30 seconds left.
|inactive|SuperPokeVGC has 20 seconds left.
|inactive|SuperPokeVGC has 15 seconds left.
|
|t:|1756319963
|move|p2a: Sinistcha|Rage Powder|p2a: Sinistcha
|-singleturn|p2a: Sinistcha|move: Rage Powder
|move|p2b: Gholdengo|Nasty Plot|p2b: Gholdengo
|-boost|p2b: Gholdengo|spa|2
|move|p1a: Ursaluna|Earth Power|p2a: Sinistcha
|-resisted|p2a: Sinistcha
|-damage|p2a: Sinistcha|59/100
|move|p1b: Dragonite|Haze|p1b: Dragonite
|-clearallboost
|
|upkeep
|turn|9
|inactive|SuperPokeVGC has 30 seconds left.
|
|t:|1756319994
|move|p2a: Sinistcha|Rage Powder|p2a: Sinistcha
|-singleturn|p2a: Sinistcha|move: Rage Powder
|move|p2b: Gholdengo|Nasty Plot|p2b: Gholdengo
|-boost|p2b: Gholdengo|spa|2
|move|p1a: Ursaluna|Blood Moon|p2a: Sinistcha
|-damage|p2a: Sinistcha|0 fnt
|faint|p2a: Sinistcha
|move|p1b: Dragonite|Scale Shot|p2b: Gholdengo
|-resisted|p2b: Gholdengo
|-damage|p2b: Gholdengo|94/100
|-resisted|p2b: Gholdengo
|-damage|p2b: Gholdengo|87/100
|-resisted|p2b: Gholdengo
|-damage|p2b: Gholdengo|79/100
|-resisted|p2b: Gholdengo
|-damage|p2b: Gholdengo|72/100
|-hitcount|p2b: Gholdengo|4
|-unboost|p1b: Dragonite|def|1
|-boost|p1b: Dragonite|spe|1
|
|-heal|p2b: Gholdengo|78/100|[from] item: Leftovers
|upkeep
|turn|10
|inactive|PkSbm has 30 seconds left.
|
|t:|1756320022
|move|p2b: Gholdengo|Make It Rain|p1b: Dragonite|[spread] p1a,p1b
|-damage|p1a: Ursaluna|25/100
|-damage|p1b: Dragonite|57/100
|-unboost|p2b: Gholdengo|spa|1
|move|p1a: Ursaluna|Earth Power|p2b: Gholdengo
|-supereffective|p2b: Gholdengo
|-damage|p2b: Gholdengo|0 fnt
|faint|p2b: Gholdengo
|
|win|PkSbm
|raw|PkSbm's rating: 1118 → 1146(+28 for winning)
|raw|SuperPokeVGC's rating: 1157 → 1129(-28 for losing)
|l|☆PkSbm
|player|p1|
