|j|☆DamEdge
|j|☆hundo_hunter24
|html|DamEdgehundo_hunter24    
|uhtml|bestof|Game 1 of a best-of-3
|t:|1757861475
|gametype|doubles
|player|p1|DamEdge|teamrocket|1088
|player|p2|hundo_hunter24|1|1007
|gen|9
|tier|[Gen 9] VGC 2025 Reg H (Bo3)
|rated|
|rule|Species Clause: Limit one of each Pokémon
|rule|Item Clause: Limit 1 of each item
|clearpoke
|poke|p1|Cloyster, L50, M|
|poke|p1|Tyranitar, L50, F|
|poke|p1|Indeedee-F, L50, F|
|poke|p1|Whimsicott, L50, F|
|poke|p1|Espeon, L50, M|
|poke|p1|Annihilape, L50, F|
|poke|p2|Ursaluna-Bloodmoon, L50, M|
|poke|p2|Ninetales-Alola, L50, M|
|poke|p2|Sinistcha, L50|
|poke|p2|Dragapult, L50, M|
|poke|p2|Electabuzz, L50, M|
|poke|p2|Tauros-Paldea-Blaze, L50, M|
|teampreview|4
|showteam|p1|Cloyster||FocusSash|SkillLink|IcicleSpear,RockBlast,ShellSmash,Protect|||M|||50|,,,,,Ghost]Tyranitar||AssaultVest|SandStream|RockSlide,KnockOff,LowKick,TeraBlast|||F|||50|,,,,,Flying]Indeedee-F||PsychicSeed|PsychicSurge|Psychic,FollowMe,TrickRoom,HelpingHand|||F|||50|,,,,,Fairy]Whimsicott||CovertCloak|Prankster|Moonblast,BeatUp,Tailwind,Encore|||F|||50|,,,,,Dark]Espeon||LifeOrb|MagicBounce|ExpandingForce,DazzlingGleam,TeraBlast,Protect|||M|||50|,,,,,Fighting]Annihilape||SafetyGoggles|Defiant|DrainPunch,RageFist,BulkUp,Protect|||F|||50|,,,,,Fire
|showteam|p2|Ursaluna-Bloodmoon||ThroatSpray|MindsEye|HyperVoice,BloodMoon,EarthPower,Protect|||M|||50|,,,,,Normal]Ninetales-Alola||LightClay|SnowWarning|AuroraVeil,Blizzard,Protect,Encore|||M|||50|,,,,,Water]Sinistcha||SitrusBerry|Hospitality|TrickRoom,FoulPlay,RagePowder,LifeDew||||||50|,,,,,Water]Dragapult||ChoiceBand|ClearBody|Uturn,DragonDarts,TeraBlast,PhantomForce|||M|||50|,,,,,Ghost]Electabuzz||Eviolite|VitalSpirit|FollowMe,Taunt,Protect,KnockOff|||M|||50|,,,,,Dragon]Tauros-Paldea-Blaze||LifeOrb|Intimidate|CloseCombat,FlareBlitz,WildCharge,Protect|||M|||50|,,,,,Stellar
|
|t:|1757861512
|teamsize|p1|4
|teamsize|p2|4
|start
|switch|p1a: Cloyster|Cloyster, L50, M, shiny|100/100
|switch|p1b: Indeedee|Indeedee-F, L50, F|100/100
|switch|p2a: Dragapult|Dragapult, L50, M, shiny|100/100
|switch|p2b: Ninetales|Ninetales-Alola, L50, M, shiny|100/100
|-weather|Snowscape|[from] ability: Snow Warning|[of] p2b: Ninetales
|-fieldstart|move: Psychic Terrain|[from] ability: Psychic Surge|[of] p1b: Indeedee
|-enditem|p1b: Indeedee|Psychic Seed
|-boost|p1b: Indeedee|spd|1|[from] item: Psychic Seed
|turn|1
|
|t:|1757861524
|move|p1b: Indeedee|Follow Me|p1b: Indeedee
|-singleturn|p1b: Indeedee|move: Follow Me
|move|p2a: Dragapult|Dragon Darts|p1b: Indeedee
|-damage|p1b: Indeedee|62/100
|-anim|p2a: Dragapult|Dragon Darts|p1b: Indeedee
|-damage|p1b: Indeedee|25/100
|move|p2b: Ninetales|Aurora Veil|p2b: Ninetales
|-sidestart|p2: hundo_hunter24|move: Aurora Veil
|move|p1a: Cloyster|Shell Smash|p1a: Cloyster
|-unboost|p1a: Cloyster|def|1
|-unboost|p1a: Cloyster|spd|1
|-boost|p1a: Cloyster|atk|2
|-boost|p1a: Cloyster|spa|2
|-boost|p1a: Cloyster|spe|2
|
|-weather|Snowscape|[upkeep]
|upkeep
|turn|2
|
|t:|1757861544
|switch|p2a: Tauros|Tauros-Paldea-Blaze, L50, M, shiny|100/100
|-ability|p2a: Tauros|Intimidate|boost
|-unboost|p1a: Cloyster|atk|1
|-unboost|p1b: Indeedee|atk|1
|move|p1b: Indeedee|Follow Me|p1b: Indeedee
|-singleturn|p1b: Indeedee|move: Follow Me
|move|p1a: Cloyster|Rock Blast|p2b: Ninetales
|-supereffective|p2b: Ninetales
|-damage|p2b: Ninetales|87/100
|-supereffective|p2b: Ninetales
|-damage|p2b: Ninetales|75/100
|-supereffective|p2b: Ninetales
|-damage|p2b: Ninetales|61/100
|-supereffective|p2b: Ninetales
|-damage|p2b: Ninetales|48/100
|-supereffective|p2b: Ninetales
|-damage|p2b: Ninetales|36/100
|-hitcount|p2b: Ninetales|5
|move|p2b: Ninetales|Blizzard|p1b: Indeedee|[spread] p1a,p1b
|-resisted|p1a: Cloyster
|-damage|p1a: Cloyster|77/100
|-damage|p1b: Indeedee|8/100
|
|-weather|Snowscape|[upkeep]
|upkeep
|turn|3
|
|t:|1757861573
|move|p1a: Cloyster|Protect|p1a: Cloyster
|-singleturn|p1a: Cloyster|Protect
|move|p2b: Ninetales|Blizzard|p1b: Indeedee|[spread] p1b
|-activate|p1a: Cloyster|move: Protect
|-damage|p1b: Indeedee|0 fnt
|faint|p1b: Indeedee
|move|p2a: Tauros|Close Combat|p1a: Cloyster
|-activate|p1a: Cloyster|move: Protect
|
|-weather|Snowscape|[upkeep]
|upkeep
|
|t:|1757861585
|switch|p1b: Espeon|Espeon, L50, M|100/100
|turn|4
|
|t:|1757861600
|move|p1a: Cloyster|Rock Blast|p2a: Tauros
|-damage|p2a: Tauros|91/100
|-damage|p2a: Tauros|82/100
|-damage|p2a: Tauros|74/100
|-damage|p2a: Tauros|65/100
|-damage|p2a: Tauros|56/100
|-hitcount|p2a: Tauros|5
|move|p1b: Espeon|Expanding Force|p2a: Tauros|[spread] p2a,p2b
|-supereffective|p2a: Tauros
|-damage|p2a: Tauros|0 fnt
|-damage|p2b: Ninetales|0 fnt
|faint|p2a: Tauros
|faint|p2b: Ninetales
|-damage|p1b: Espeon|91/100|[from] item: Life Orb
|
|-weather|Snowscape|[upkeep]
|upkeep
|
|t:|1757861608
|switch|p2b: Ursaluna|Ursaluna-Bloodmoon, L50, M|100/100
|switch|p2a: Dragapult|Dragapult, L50, M, shiny|100/100
|turn|5
|
|t:|1757861634
|-terastallize|p2a: Dragapult|Ghost
|move|p1a: Cloyster|Protect|p1a: Cloyster
|-singleturn|p1a: Cloyster|Protect
|move|p2a: Dragapult|Tera Blast|p1b: Espeon|[anim] Tera Blast Ghost
|-supereffective|p1b: Espeon
|-damage|p1b: Espeon|0 fnt
|faint|p1b: Espeon
|move|p2b: Ursaluna|Hyper Voice|p1a: Cloyster
|-activate|p1a: Cloyster|move: Protect
|
|-weather|none
|-fieldend|move: Psychic Terrain
|upkeep
|
|t:|1757861641
|switch|p1b: Whimsicott|Whimsicott, L50, F|100/100
|turn|6
|
|t:|1757861680
|-terastallize|p1b: Whimsicott|Dark
|move|p1a: Cloyster|Icicle Spear|p2b: Ursaluna
|-supereffective|p2b: Ursaluna
|-damage|p2b: Ursaluna|83/100
|-supereffective|p2b: Ursaluna
|-damage|p2b: Ursaluna|66/100
|-supereffective|p2b: Ursaluna
|-damage|p2b: Ursaluna|46/100
|-supereffective|p2b: Ursaluna
|-damage|p2b: Ursaluna|25/100
|-supereffective|p2b: Ursaluna
|-damage|p2b: Ursaluna|7/100
|-hitcount|p2b: Ursaluna|5
|move|p2a: Dragapult|Tera Blast|p1b: Whimsicott|[anim] Tera Blast Ghost
|-resisted|p1b: Whimsicott
|-damage|p1b: Whimsicott|53/100
|move|p1b: Whimsicott|Moonblast|p2b: Ursaluna
|-damage|p2b: Ursaluna|0 fnt
|faint|p2b: Ursaluna
|
|upkeep
|turn|7
|
|t:|1757861708
|move|p1a: Cloyster|Protect|p1a: Cloyster
|-singleturn|p1a: Cloyster|Protect
|move|p2a: Dragapult|Tera Blast|p1a: Cloyster|[anim] Tera Blast Ghost
|-activate|p1a: Cloyster|move: Protect
|move|p1b: Whimsicott|Moonblast|p2a: Dragapult
|-damage|p2a: Dragapult|77/100
|
|upkeep
|turn|8
|
|t:|1757861726
|move|p1a: Cloyster|Icicle Spear|p2a: Dragapult
|-damage|p2a: Dragapult|62/100
|-damage|p2a: Dragapult|46/100
|-damage|p2a: Dragapult|29/100
|-damage|p2a: Dragapult|12/100
|-damage|p2a: Dragapult|0 fnt
|faint|p2a: Dragapult
|-hitcount|p2: Dragapult|5
|
|win|DamEdge
||hundo_hunter24 is ready for game 2.
||DamEdge is ready for game 2.
|uhtml|next|Next: Game 2 of 3
