|j|☆shaboogles
|j|☆Coban7
|html|shabooglesCoban7    
|uhtml|bestof|Game 3 of a best-of-3
|t:|1783535490
|gametype|doubles
|player|p1|shaboogles|furisodegirl-white|
|player|p2|Coban7|169|
|gen|9
|tier|[Gen 9 Champions] VGC 2026 Reg M-B (Bo3)
|rule|Species Clause: Limit one of each Pokémon
|rule|Item Clause: Limit 1 of each item
|clearpoke
|poke|p1|Chandelure, L50, F|
|poke|p1|Garganacl, L50, M|
|poke|p1|Greninja, L50, M|
|poke|p1|Rotom-Mow, L50|
|poke|p1|Krookodile, L50, M|
|poke|p1|Ariados, L50, M|
|poke|p2|Umbreon, L50, M, shiny|
|poke|p2|Hippowdon, L50, M|
|poke|p2|Lucario, L50, M, shiny|
|poke|p2|Ariados, L50, M|
|poke|p2|Lycanroc, L50, F, shiny|
|poke|p2|Houndstone, L50, M|
|teampreview|4
|showteam|p1|Chandelure||Chandelurite|Infiltrator|HeatWave,ShadowBall,TrickRoom,Protect|Modest||F|||50|]Garganacl||Leftovers|PurifyingSalt|WideGuard,SaltCure,Recover,Protect|Sassy||M|||50|]Greninja||Greninjite|Torrent|IcyWind,Protect,HydroPump,DarkPulse|Timid||M|||50|]Rotom-Mow||ChoiceScarf|Levitate|Thunderbolt,LeafStorm,Electroweb,Trick|Timid|||||50|]Krookodile||PasshoBerry|Intimidate|Crunch,Taunt,Protect,HighHorsepower|Adamant||M|||50|]Ariados||ScopeLens|Sniper|CrossPoison,Protect,RagePowder,KnockOff|Impish||M|||50|
|showteam|p2|Umbreon||Leftovers|InnerFocus|FoulPlay,Wish,Toxic,Protect|Bold||M|||50|]Hippowdon||SmoothRock|SandStream|StompingTantrum,SandTomb,SlackOff,Protect|Sassy||M|||50|]Lucario||Lucarionite|InnerFocus|AuraSphere,FlashCannon,VacuumWave,Protect|Timid||M|||50|]Ariados||OccaBerry|Insomnia|PoisonJab,StringShot,RagePowder,Protect|Impish||M|||50|]Lycanroc||FocusSash|SandRush|RockSlide,CloseCombat,Accelerock,Protect|Adamant||F|||50|]Houndstone||SitrusBerry|SandRush|LastRespects,WillOWisp,AllySwitch,Protect|Adamant||M|||50|
|j| dva six seven
|
|t:|1783535575
|teamsize|p1|4
|teamsize|p2|4
|start
|switch|p1a: Chandelure|Chandelure, L50, F|100/100
|switch|p1b: Krookodile|Krookodile, L50, M|100/100
|switch|p2a: Hippowdon|Hippowdon, L50, M|100/100
|switch|p2b: Lycanroc|Lycanroc, L50, F, shiny|100/100
|-ability|p1b: Krookodile|Intimidate|boost
|-unboost|p2a: Hippowdon|atk|1
|-unboost|p2b: Lycanroc|atk|1
|-weather|Sandstorm|[from] ability: Sand Stream|[of] p2a: Hippowdon
|turn|1
|
|t:|1783535634
|switch|p1a: Rotom|Rotom-Mow, L50|100/100
|move|p2b: Lycanroc|Rock Slide|p1b: Krookodile|[spread] p1a,p1b
|-resisted|p1b: Krookodile|1
|-damage|p1a: Rotom|72/100
|-damage|p1b: Krookodile|91/100
|cant|p1b: Krookodile|flinch
|move|p2a: Hippowdon|Stomping Tantrum|p1a: Rotom
|-immune|p1a: Rotom|[from] ability: Levitate
|
|-weather|Sandstorm|[upkeep]
|-damage|p1a: Rotom|67/100|[from] Sandstorm
|upkeep
|turn|2
|
|t:|1783535654
|switch|p2a: Ariados|Ariados, L50, M|100/100
|move|p2b: Lycanroc|Protect|p2b: Lycanroc
|-singleturn|p2b: Lycanroc|Protect
|move|p1a: Rotom|Electroweb|p2b: Lycanroc|[spread] 
|-activate|p2b: Lycanroc|move: Protect
|-miss|p1a: Rotom|p2a: Ariados
|move|p1b: Krookodile|High Horsepower|p2b: Lycanroc
|-activate|p2b: Lycanroc|move: Protect
|
|-weather|Sandstorm|[upkeep]
|-damage|p1a: Rotom|61/100|[from] Sandstorm
|-damage|p2a: Ariados|93/100|[from] Sandstorm
|upkeep
|turn|3
|
|t:|1783535675
|switch|p2b: Hippowdon|Hippowdon, L50, M|100/100
|switch|p1b: Chandelure|Chandelure, L50, F|100/100
|move|p1a: Rotom|Electroweb|p2b: Hippowdon|[spread] p2a
|-immune|p2b: Hippowdon
|-damage|p2a: Ariados|72/100
|-unboost|p2a: Ariados|spe|1
|move|p2a: Ariados|Poison Jab|p1a: Rotom
|-supereffective|p1a: Rotom|1
|-damage|p1a: Rotom|0 fnt
|faint|p1a: Rotom
|
|-weather|Sandstorm|[upkeep]
|-damage|p1b: Chandelure|94/100|[from] Sandstorm
|-damage|p2a: Ariados|66/100|[from] Sandstorm
|upkeep
|
|t:|1783535686
|switch|p1a: Greninja|Greninja, L50, M|100/100
|turn|4
|
|t:|1783535715
|detailschange|p1a: Greninja|Greninja-Mega, L50, M
|-mega|p1a: Greninja|Greninja|Greninjite
|move|p2a: Ariados|Rage Powder|p2a: Ariados
|-singleturn|p2a: Ariados|move: Rage Powder
|move|p1a: Greninja|Hydro Pump|p2a: Ariados
|-start|p1a: Greninja|typechange|Water|[from] ability: Protean
|-damage|p2a: Ariados|5/100
|move|p1b: Chandelure|Heat Wave|p2b: Hippowdon|[spread] p2a,p2b
|-supereffective|p2a: Ariados|1
|-enditem|p2a: Ariados|Occa Berry|[eat]
|-enditem|p2a: Ariados|Occa Berry|[weaken]
|-damage|p2a: Ariados|0 fnt
|-damage|p2b: Hippowdon|68/100
|faint|p2a: Ariados
|move|p2b: Hippowdon|Sand Tomb|p1b: Chandelure
|-supereffective|p1b: Chandelure|1
|-damage|p1b: Chandelure|61/100
|-activate|p1b: Chandelure|move: Sand Tomb|[of] p2b: Hippowdon
|
|-weather|Sandstorm|[upkeep]
|-damage|p1a: Greninja|93/100|[from] Sandstorm
|-damage|p1b: Chandelure|55/100|[from] Sandstorm
|-damage|p1b: Chandelure|43/100|[from] move: Sand Tomb|[partiallytrapped]
|upkeep
|
|t:|1783535740
|switch|p2a: Lycanroc|Lycanroc, L50, F, shiny|100/100
|turn|5
|
|t:|1783535757
|move|p1b: Chandelure|Protect|p1b: Chandelure
|-singleturn|p1b: Chandelure|Protect
|move|p2a: Lycanroc|Rock Slide|p1b: Chandelure|[spread] 
|-activate|p1b: Chandelure|move: Protect
|-miss|p2a: Lycanroc|p1a: Greninja
|move|p1a: Greninja|Icy Wind|p2a: Lycanroc|[spread] p2a,p2b
|-supereffective|p2b: Hippowdon|1
|-damage|p2a: Lycanroc|82/100
|-damage|p2b: Hippowdon|47/100
|-unboost|p2a: Lycanroc|spe|1
|-unboost|p2b: Hippowdon|spe|1
|move|p2b: Hippowdon|Stomping Tantrum|p1a: Greninja
|-damage|p1a: Greninja|48/100
|
|-weather|Sandstorm|[upkeep]
|-damage|p1a: Greninja|42/100|[from] Sandstorm
|-damage|p1b: Chandelure|37/100|[from] Sandstorm
|-damage|p1b: Chandelure|25/100|[from] move: Sand Tomb|[partiallytrapped]
|upkeep
|turn|6
|
|t:|1783535783
|move|p2a: Lycanroc|Rock Slide|p1b: Chandelure|[spread] p1a,p1b
|-supereffective|p1b: Chandelure|1
|-damage|p1a: Greninja|0 fnt
|-damage|p1b: Chandelure|0 fnt
|faint|p1a: Greninja
|faint|p1b: Chandelure
|move|p2b: Hippowdon|Slack Off|p2b: Hippowdon
|-heal|p2b: Hippowdon|97/100
|
|-weather|Sandstorm|[upkeep]
|upkeep
|
|t:|1783535786
|switch|p1b: Krookodile|Krookodile, L50, M|91/100
|-ability|p1b: Krookodile|Intimidate|boost
|-unboost|p2a: Lycanroc|atk|1
|-unboost|p2b: Hippowdon|atk|1
|turn|7
|
|t:|1783535793
|move|p2a: Lycanroc|Close Combat|p1b: Krookodile
|-supereffective|p1b: Krookodile|1
|-damage|p1b: Krookodile|37/100
|-unboost|p2a: Lycanroc|def|1
|-unboost|p2a: Lycanroc|spd|1
|move|p1b: Krookodile|High Horsepower|p2a: Lycanroc
|-supereffective|p2a: Lycanroc|1
|-damage|p2a: Lycanroc|0 fnt
|faint|p2a: Lycanroc
|move|p2b: Hippowdon|Sand Tomb|p1b: Krookodile
|-damage|p1b: Krookodile|27/100
|-activate|p1b: Krookodile|move: Sand Tomb|[of] p2b: Hippowdon
|
|-weather|Sandstorm|[upkeep]
|-damage|p1b: Krookodile|15/100|[from] move: Sand Tomb|[partiallytrapped]
|upkeep
|
|t:|1783535800
|switch|p2a: Lucario|Lucario, L50, M, shiny|100/100
|turn|8
|
|t:|1783535805
|move|p2a: Lucario|Vacuum Wave|p1b: Krookodile
|-supereffective|p1b: Krookodile|1
|-damage|p1b: Krookodile|0 fnt
|faint|p1b: Krookodile
|
|win|Coban7
|c|☆shaboogles|ggs
|c|☆Coban7|Good games !!
|c|☆Coban7|Well played
|l| dva six seven
|c|☆shaboogles|well played!
|l|☆Coban7
|player|p2|
