|j|☆avalos jr
|j|☆MykeDawg
|html|avalos jrMykeDawg    
|uhtml|bestof|Game 1 of a best-of-3
|t:|1783265966
|gametype|doubles
|player|p1|avalos jr|miku-ghost|1132
|player|p2|MykeDawg|101|1000
|gen|9
|tier|[Gen 9 Champions] VGC 2026 Reg M-B (Bo3)
|rated|
|rule|Species Clause: Limit one of each Pokémon
|rule|Item Clause: Limit 1 of each item
|clearpoke
|poke|p1|Floette-Eternal, L50, F|
|poke|p1|Incineroar, L50, M, shiny|
|poke|p1|Sinistcha, L50, shiny|
|poke|p1|Garchomp, L50, M, shiny|
|poke|p1|Whimsicott, L50, F, shiny|
|poke|p1|Delphox, L50, F, shiny|
|poke|p2|Swampert, L50, M|
|poke|p2|Archaludon, L50, F|
|poke|p2|Politoed, L50, F|
|poke|p2|Grimmsnarl, L50, M|
|poke|p2|Raichu, L50, M|
|poke|p2|Corviknight, L50, F|
|teampreview|4
|showteam|p1|Floette-Eternal||Floettite|FlowerVeil|DrainingKiss,DazzlingGleam,CalmMind,Protect|Modest||F|||50|]Incineroar||Charcoal|Intimidate|FakeOut,ThroatChop,FlareBlitz,PartingShot|Adamant||M|||50|]Sinistcha||KasibBerry|Hospitality|MatchaGotcha,RagePowder,LifeDew,TrickRoom|Bold|||||50|]Garchomp||LifeOrb|RoughSkin|RockTomb,Earthquake,DragonClaw,Protect|Jolly||M|||50|]Whimsicott||FairyFeather|Prankster|Moonblast,Tailwind,Encore,Protect|Timid||F|||50|]Delphox||Delphoxite|Blaze|HeatWave,Psychic,NastyPlot,Protect|Timid||F|||50|
|showteam|p2|Swampert||Swampertite|Damp|Earthquake,WaveCrash,IcePunch,Protect|Adamant||M|||50|]Archaludon||Leftovers|Stamina|ElectroShot,DragonPulse,FlashCannon,Protect|Modest||F|||50|]Politoed||DampRock|Drizzle|WeatherBall,Encore,PerishSong,Protect|Calm||F|||50|]Grimmsnarl||LightClay|Prankster|Reflect,LightScreen,Protect,SpiritBreak|Careful||M|||50|]Raichu||RaichuniteY|Static|FocusBlast,ZapCannon,FakeOut,Protect|Hasty||M|||50|]Corviknight||SitrusBerry|MirrorArmor|IronHead,IronDefense,Tailwind,BodyPress|Careful||F|||50|
|inactive|Battle timer is ON: inactive players will automatically lose when time's up. (requested by avalos jr)
|
|t:|1783265994
|teamsize|p1|4
|teamsize|p2|4
|start
|switch|p1a: Dandelion|Floette-Eternal, L50, F|100/100
|switch|p1b: Mr. Meow|Incineroar, L50, M, shiny|100/100
|switch|p2a: Swampert|Swampert, L50, M|100/100
|switch|p2b: Corviknight|Corviknight, L50, F|100/100
|-ability|p1b: Mr. Meow|Intimidate|boost
|-unboost|p2a: Swampert|atk|1
|-ability|p2b: Corviknight|Mirror Armor
|-unboost|p1b: Mr. Meow|atk|1
|turn|1
|
|t:|1783266015
|detailschange|p1a: Dandelion|Floette-Mega, L50, F
|-mega|p1a: Dandelion|Floette|Floettite
|-ability|p1a: Dandelion|Fairy Aura
|detailschange|p2a: Swampert|Swampert-Mega, L50, M
|-mega|p2a: Swampert|Swampert|Swampertite
|move|p1a: Dandelion|Dazzling Gleam|p2a: Swampert|[spread] p2a,p2b
|-resisted|p2b: Corviknight|1
|-damage|p2a: Swampert|66/100
|-damage|p2b: Corviknight|85/100
|move|p2a: Swampert|Earthquake|p1a: Dandelion|[spread] p1a,p1b
|-immune|p2b: Corviknight
|-crit|p1a: Dandelion
|-supereffective|p1b: Mr. Meow|1
|-damage|p1a: Dandelion|16/100
|-damage|p1b: Mr. Meow|36/100
|move|p2b: Corviknight|Tailwind|p2b: Corviknight
|-sidestart|p2: MykeDawg|move: Tailwind
|move|p1b: Mr. Meow|Flare Blitz|p2b: Corviknight
|-supereffective|p2b: Corviknight|1
|-damage|p2b: Corviknight|0 fnt
|faint|p2b: Corviknight
|-damage|p1b: Mr. Meow|7/100|[from] Recoil
|
|upkeep
|
|t:|1783266032
|switch|p2b: Politoed|Politoed, L50, F|100/100
|-weather|RainDance|[from] ability: Drizzle|[of] p2b: Politoed
|turn|2
|
|t:|1783266038
|switch|p1b: Beri|Sinistcha, L50, shiny|100/100
|-heal|p1a: Dandelion|41/100|[from] ability: Hospitality|[of] p1b: Beri
|move|p2b: Politoed|Protect|p2b: Politoed
|-singleturn|p2b: Politoed|Protect
|move|p1a: Dandelion|Protect|p1a: Dandelion
|-singleturn|p1a: Dandelion|Protect
|move|p2a: Swampert|Earthquake|p1b: Beri|[spread] p1b
|-activate|p2b: Politoed|move: Protect
|-activate|p1a: Dandelion|move: Protect
|-resisted|p1b: Beri|1
|-damage|p1b: Beri|86/100
|
|-weather|RainDance|[upkeep]
|upkeep
|turn|3
|
|t:|1783266054
|switch|p1b: Mr. Meow|Incineroar, L50, M, shiny|7/100
|-ability|p1b: Mr. Meow|Intimidate|boost
|-unboost|p2a: Swampert|atk|1
|-unboost|p2b: Politoed|atk|1
|move|p2a: Swampert|Ice Punch|p1b: Mr. Meow
|-resisted|p1b: Mr. Meow|1
|-damage|p1b: Mr. Meow|1/100
|move|p2b: Politoed|Encore|p1a: Dandelion
|-start|p1a: Dandelion|Encore
|move|p1a: Dandelion|Protect||[still]
|-fail|p1a: Dandelion
|
|-weather|RainDance|[upkeep]
|upkeep
|turn|4
|inactive|avalos jr has 30 seconds left.
|
|t:|1783266079
|switch|p1a: Beri|Sinistcha, L50, shiny|86/100
|-heal|p1b: Mr. Meow|25/100|[from] ability: Hospitality|[of] p1a: Beri
|switch|p1b: Flaure|Whimsicott, L50, F, shiny|100/100
|move|p2b: Politoed|Protect|p2b: Politoed
|-singleturn|p2b: Politoed|Protect
|move|p2a: Swampert|Ice Punch|p1b: Flaure
|-supereffective|p1b: Flaure|1
|-damage|p1b: Flaure|60/100
|
|-weather|RainDance|[upkeep]
|-sideend|p2: MykeDawg|move: Tailwind
|upkeep
|turn|5
|inactive|MykeDawg has 30 seconds left.
|inactive|MykeDawg has 20 seconds left.
|inactive|MykeDawg has 15 seconds left.
|
|t:|1783266122
|switch|p2b: Archaludon|Archaludon, L50, F|100/100
|move|p2a: Swampert|Protect|p2a: Swampert
|-singleturn|p2a: Swampert|Protect
|move|p1b: Flaure|Tailwind|p1b: Flaure
|-sidestart|p1: avalos jr|move: Tailwind
|move|p1a: Beri|Matcha Gotcha|p2b: Archaludon|[spread] p2b
|-activate|p2a: Swampert|move: Protect
|-resisted|p2b: Archaludon|2
|-damage|p2b: Archaludon|92/100
|-heal|p1a: Beri|90/100|[from] drain|[of] p2b: Archaludon
|-ability|p2b: Archaludon|Stamina|boost
|-boost|p2b: Archaludon|def|1
|
|-weather|RainDance|[upkeep]
|-heal|p2b: Archaludon|98/100|[from] item: Leftovers
|upkeep
|turn|6
|
|t:|1783266144
|switch|p2a: Politoed|Politoed, L50, F|100/100
|move|p1b: Flaure|Moonblast|p2b: Archaludon
|-damage|p2b: Archaludon|45/100
|-ability|p2b: Archaludon|Stamina|boost
|-boost|p2b: Archaludon|def|1
|move|p1a: Beri|Matcha Gotcha|p2a: Politoed|[spread] p2a,p2b
|-supereffective|p2a: Politoed|1
|-resisted|p2b: Archaludon|2
|-damage|p2a: Politoed|68/100
|-heal|p1a: Beri|100/100|[from] drain|[of] p2a: Politoed
|-damage|p2b: Archaludon|37/100
|-ability|p2b: Archaludon|Stamina|boost
|-boost|p2b: Archaludon|def|1
|move|p2b: Archaludon|Flash Cannon|p1b: Flaure
|-supereffective|p1b: Flaure|1
|-damage|p1b: Flaure|0 fnt
|faint|p1b: Flaure
|
|-weather|RainDance|[upkeep]
|-heal|p2b: Archaludon|43/100|[from] item: Leftovers
|upkeep
|
|t:|1783266147
|switch|p1b: Dandelion|Floette-Mega, L50, F|41/100
|-ability|p1b: Dandelion|Fairy Aura
|turn|7
|inactive|MykeDawg has 30 seconds left.
|
|t:|1783266176
|move|p2b: Archaludon|Protect|p2b: Archaludon
|-singleturn|p2b: Archaludon|Protect
|move|p1b: Dandelion|Dazzling Gleam|p2b: Archaludon|[spread] p2a
|-activate|p2b: Archaludon|move: Protect
|-damage|p2a: Politoed|37/100
|move|p1a: Beri|Matcha Gotcha|p2a: Politoed|[spread] p2a
|-activate|p2b: Archaludon|move: Protect
|-supereffective|p2a: Politoed|1
|-damage|p2a: Politoed|3/100
|move|p2a: Politoed|Weather Ball|p1b: Dandelion
|-damage|p1b: Dandelion|1/100
|
|-weather|RainDance|[upkeep]
|-heal|p2b: Archaludon|49/100|[from] item: Leftovers
|upkeep
|turn|8
|inactive|MykeDawg has 30 seconds left.
|
|t:|1783266208
|move|p2a: Politoed|Protect|p2a: Politoed
|-singleturn|p2a: Politoed|Protect
|move|p1b: Dandelion|Draining Kiss|p2b: Archaludon
|-damage|p2b: Archaludon|2/100
|-heal|p1b: Dandelion|46/100|[from] drain|[of] p2b: Archaludon
|-ability|p2b: Archaludon|Stamina|boost
|-boost|p2b: Archaludon|def|1
|move|p1a: Beri|Matcha Gotcha|p2b: Archaludon|[spread] p2b
|-activate|p2a: Politoed|move: Protect
|-resisted|p2b: Archaludon|2
|-damage|p2b: Archaludon|0 fnt
|faint|p2b: Archaludon
|
|-weather|RainDance|[upkeep]
|-sideend|p1: avalos jr|move: Tailwind
|upkeep
|-message|MykeDawg forfeited.
|
|win|avalos jr
|l|☆MykeDawg
|player|p2|
|raw|avalos jr's rating: 1132 → 1148(+16 for winning)
|raw|MykeDawg's rating: 1000 → 1000(+0 for losing)
