|j|☆Abete
|j|☆Anicredible
|html|AbeteAnicredible    
|uhtml|bestof|Game 2 of a best-of-3
|t:|1756745150
|gametype|doubles
|player|p1|Abete|medium|1148
|player|p2|Anicredible|hilbert|1047
|gen|9
|tier|[Gen 9] VGC 2025 Reg H (Bo3)
|rated|
|rule|Species Clause: Limit one of each Pokémon
|rule|Item Clause: Limit 1 of each item
|clearpoke
|poke|p1|Dondozo, L50, M|
|poke|p1|Rillaboom, L50, M|
|poke|p1|Grimmsnarl, L50, M|
|poke|p1|Arcanine-Hisui, L50, F|
|poke|p1|Volcarona, L50, F|
|poke|p1|Sinistcha, L50|
|poke|p2|Annihilape, L50, M|
|poke|p2|Ursaluna-Bloodmoon, L50, M|
|poke|p2|Farigiraf, L50, F|
|poke|p2|Arcanine-Hisui, L50, F|
|poke|p2|Whimsicott, L50, M|
|poke|p2|Altaria, L50, M|
|teampreview|4
|showteam|p1|Dondozo||Leftovers|Unaware|WaveCrash,Curse,Fissure,Protect|||M|||50|,,,,,Steel]Rillaboom||FigyBerry|GrassySurge|WoodHammer,StompingTantrum,FakeOut,WorrySeed|||M|||50|,,,,,Fire]Grimmsnarl||LightClay|Prankster|SuckerPunch,Reflect,LightScreen,PartingShot|||M|||50|,,,,,Ghost]Arcanine-Hisui||ChoiceBand|Intimidate|FlareBlitz,RockSlide,ExtremeSpeed,TeraBlast|||F|||50|,,,,,Grass]Volcarona||SitrusBerry|FlameBody|HeatWave,GigaDrain,QuiverDance,Protect|||F|||50|,,,,,Water]Sinistcha||RockyHelmet|Hospitality|MatchaGotcha,RagePowder,LifeDew,TrickRoom||||||50|,,,,,Fairy
|showteam|p2|Annihilape||MistySeed|Defiant|Protect,BulkUp,DrainPunch,RageFist|||M|||50|,,,,,Water]Ursaluna-Bloodmoon||LifeOrb|MindsEye|Protect,EarthPower,HyperVoice,BloodMoon|||M|||50|,,,,,Normal]Farigiraf||ThroatSpray|ArmorTail|Protect,TrickRoom,HyperVoice,Psychic|||F|||50|,,,,,Dragon]Arcanine-Hisui||ChoiceBand|Intimidate|FlareBlitz,RockSlide,ExtremeSpeed,WildCharge|||F|||50|,,,,,Grass]Whimsicott||CovertCloak|Prankster|Tailwind,MistyTerrain,Moonblast,Encore|||M|||50|,,,,,Fire]Altaria||SitrusBerry|CloudNine|Protect,Haze,Thief,HelpingHand|||M|||50|,,,,,Fairy
|j| DontMessWithSunnay
|inactive|Battle timer is ON: inactive players will automatically lose when time's up. (requested by Abete)
|c|☆Abete|glhf
|c|☆Anicredible|almighty tng gods
|c|☆Anicredible|rng gods
|c|☆Anicredible|no fissure
|c|☆Anicredible|please
|inactive|Abete has 60 seconds left.
|l| DontMessWithSunnay
|c|☆Abete|if you spam fissure a lot of turns is not luck
|c|☆Anicredible|i know
|inactive|Abete has 30 seconds left.
|inactive|Abete has 20 seconds left.
|inactive|Abete has 15 seconds left.
|c|☆Anicredible|It's like near guaranteed 3 times over
|inactive|Abete has 10 seconds left.
|inactive|Abete has 5 seconds left.
|c|☆Anicredible|statistics
|
|t:|1756745245
|teamsize|p1|4
|teamsize|p2|4
|start
|switch|p1a: Grimmsnarl|Grimmsnarl, L50, M|100/100
|switch|p1b: Dondozo|Dondozo, L50, M|100/100
|switch|p2a: Whimsicott|Whimsicott, L50, M|100/100
|switch|p2b: Annihilape|Annihilape, L50, M|100/100
|turn|1
|inactive|Abete has 30 seconds left.
|
|t:|1756745271
|move|p1a: Grimmsnarl|Reflect|p1a: Grimmsnarl
|-sidestart|p1: Abete|Reflect
|move|p2a: Whimsicott|Moonblast|p1a: Grimmsnarl
|-supereffective|p1a: Grimmsnarl
|-damage|p1a: Grimmsnarl|55/100
|move|p2b: Annihilape|Bulk Up|p2b: Annihilape
|-boost|p2b: Annihilape|atk|1
|-boost|p2b: Annihilape|def|1
|move|p1b: Dondozo|Fissure|p2b: Annihilape|[miss]
|-miss|p1b: Dondozo|p2b: Annihilape
|
|upkeep
|turn|2
|
|t:|1756745292
|move|p2a: Whimsicott|Misty Terrain|p2a: Whimsicott
|-fieldstart|move: Misty Terrain
|-enditem|p2b: Annihilape|Misty Seed
|-boost|p2b: Annihilape|spd|1|[from] item: Misty Seed
|move|p1a: Grimmsnarl|Parting Shot|p2a: Whimsicott
|-unboost|p2a: Whimsicott|atk|1
|-unboost|p2a: Whimsicott|spa|1
|
|t:|1756745297
|switch|p1a: Volcarona|Volcarona, L50, F|100/100|[from] Parting Shot
|move|p2b: Annihilape|Bulk Up|p2b: Annihilape
|-boost|p2b: Annihilape|atk|1
|-boost|p2b: Annihilape|def|1
|move|p1b: Dondozo|Fissure|p2b: Annihilape|[miss]
|-miss|p1b: Dondozo|p2b: Annihilape
|
|upkeep
|turn|3
|inactive|Anicredible has 30 seconds left.
|inactive|Anicredible has 20 seconds left.
|
|t:|1756745333
|move|p2b: Annihilape|Protect|p2b: Annihilape
|-singleturn|p2b: Annihilape|Protect
|move|p2a: Whimsicott|Tailwind|p2a: Whimsicott
|-sidestart|p2: Anicredible|move: Tailwind
|move|p1a: Volcarona|Heat Wave|p2a: Whimsicott|[spread] p2a
|-activate|p2b: Annihilape|move: Protect
|-supereffective|p2a: Whimsicott
|-damage|p2a: Whimsicott|20/100
|move|p1b: Dondozo|Fissure|p2b: Annihilape
|-activate|p2b: Annihilape|move: Protect
|
|upkeep
|turn|4
|inactive|Anicredible has 30 seconds left.
|
|t:|1756745366
|-terastallize|p2b: Annihilape|Water
|move|p2a: Whimsicott|Encore|p1a: Volcarona
|-start|p1a: Volcarona|Encore
|move|p2b: Annihilape|Rage Fist|p1a: Volcarona
|-damage|p1a: Volcarona|72/100
|move|p1a: Volcarona|Heat Wave|p2b: Annihilape|[spread] p2a
|-miss|p1a: Volcarona|p2b: Annihilape
|-supereffective|p2a: Whimsicott
|-damage|p2a: Whimsicott|0 fnt
|faint|p2a: Whimsicott
|move|p1b: Dondozo|Fissure|p2b: Annihilape|[miss]
|-miss|p1b: Dondozo|p2b: Annihilape
|
|upkeep
|
|t:|1756745384
|switch|p2a: Arcanine|Arcanine-Hisui, L50, F|100/100
|-ability|p2a: Arcanine|Intimidate|boost
|-unboost|p1a: Volcarona|atk|1
|-unboost|p1b: Dondozo|atk|1
|turn|5
|
|t:|1756745396
|switch|p1a: Arcanine|Arcanine-Hisui, L50, F|100/100
|-ability|p1a: Arcanine|Intimidate|boost
|-unboost|p2a: Arcanine|atk|1
|-unboost|p2b: Annihilape|atk|1
|-ability|p2b: Annihilape|Defiant|boost
|-boost|p2b: Annihilape|atk|2
|move|p2b: Annihilape|Rage Fist|p1a: Arcanine
|-damage|p1a: Arcanine|60/100
|move|p2a: Arcanine|Wild Charge|p1b: Dondozo
|-supereffective|p1b: Dondozo
|-damage|p1b: Dondozo|63/100
|-damage|p2a: Arcanine|87/100|[from] Recoil
|move|p1b: Dondozo|Fissure|p2b: Annihilape|[miss]
|-miss|p1b: Dondozo|p2b: Annihilape
|
|-heal|p1b: Dondozo|69/100|[from] item: Leftovers
|upkeep
|turn|6
|inactive|Abete has 30 seconds left.
|
|t:|1756745429
|move|p2b: Annihilape|Protect|p2b: Annihilape
|-singleturn|p2b: Annihilape|Protect
|move|p2a: Arcanine|Wild Charge|p1b: Dondozo
|-supereffective|p1b: Dondozo
|-damage|p1b: Dondozo|33/100
|-damage|p2a: Arcanine|75/100|[from] Recoil
|move|p1a: Arcanine|Rock Slide|p2a: Arcanine|[spread] p2a
|-activate|p2b: Annihilape|move: Protect
|-supereffective|p2a: Arcanine
|-damage|p2a: Arcanine|0 fnt
|faint|p2a: Arcanine
|move|p1b: Dondozo|Fissure|p2b: Annihilape
|-activate|p2b: Annihilape|move: Protect
|
|-heal|p1b: Dondozo|39/100|[from] item: Leftovers
|-sideend|p2: Anicredible|move: Tailwind
|-fieldend|Misty Terrain
|upkeep
|
|t:|1756745443
|switch|p2a: Farigiraf|Farigiraf, L50, F|100/100
|turn|7
|inactive|Anicredible has 30 seconds left.
|inactive|Abete has 30 seconds left.
|
|t:|1756745483
|switch|p1a: Volcarona|Volcarona, L50, F|72/100
|move|p2b: Annihilape|Drain Punch|p1b: Dondozo
|-damage|p1b: Dondozo|24/100
|move|p2a: Farigiraf|Hyper Voice|p1a: Volcarona|[spread] p1a,p1b
|-crit|p1b: Dondozo
|-damage|p1a: Volcarona|46/100
|-damage|p1b: Dondozo|0 fnt
|-enditem|p1a: Volcarona|Sitrus Berry|[eat]
|-heal|p1a: Volcarona|71/100|[from] item: Sitrus Berry
|faint|p1b: Dondozo
|-enditem|p2a: Farigiraf|Throat Spray
|-boost|p2a: Farigiraf|spa|1|[from] item: Throat Spray
|
|upkeep
|
|t:|1756745500
|switch|p1b: Arcanine|Arcanine-Hisui, L50, F|60/100
|-ability|p1b: Arcanine|Intimidate|boost
|-unboost|p2a: Farigiraf|atk|1
|-unboost|p2b: Annihilape|atk|1
|-ability|p2b: Annihilape|Defiant|boost
|-boost|p2b: Annihilape|atk|2
|turn|8
|inactive|Anicredible has 30 seconds left.
|
|t:|1756745528
|-terastallize|p1b: Arcanine|Grass
|move|p2b: Annihilape|Drain Punch|p1b: Arcanine
|-damage|p1b: Arcanine|0 fnt
|faint|p1b: Arcanine
|move|p1a: Volcarona|Quiver Dance|p1a: Volcarona
|-boost|p1a: Volcarona|spa|1
|-boost|p1a: Volcarona|spd|1
|-boost|p1a: Volcarona|spe|1
|move|p2a: Farigiraf|Psychic|p1a: Volcarona
|-damage|p1a: Volcarona|33/100
|
|-sideend|p1: Abete|Reflect
|upkeep
|
|t:|1756745535
|switch|p1b: Grimmsnarl|Grimmsnarl, L50, M|55/100
|turn|9
|
|t:|1756745553
|move|p2b: Annihilape|Protect|p2b: Annihilape
|-singleturn|p2b: Annihilape|Protect
|move|p1b: Grimmsnarl|Light Screen|p1b: Grimmsnarl
|-sidestart|p1: Abete|move: Light Screen
|move|p1a: Volcarona|Giga Drain|p2b: Annihilape
|-activate|p2b: Annihilape|move: Protect
|move|p2a: Farigiraf|Trick Room|p2a: Farigiraf
|-fieldstart|move: Trick Room|[of] p2a: Farigiraf
|
|upkeep
|turn|10
|inactive|Anicredible has 30 seconds left.
|
|t:|1756745584
|move|p1b: Grimmsnarl|Reflect|p1b: Grimmsnarl
|-sidestart|p1: Abete|Reflect
|move|p2a: Farigiraf|Psychic|p1a: Volcarona
|-damage|p1a: Volcarona|8/100
|-unboost|p1a: Volcarona|spd|1
|move|p2b: Annihilape|Rage Fist|p1a: Volcarona
|-damage|p1a: Volcarona|0 fnt
|faint|p1a: Volcarona
|
|upkeep
|turn|11
|-message|Abete forfeited.
|
|win|Anicredible
|raw|Abete's rating: 1148 → 1116(-32 for losing)
|raw|Anicredible's rating: 1047 → 1089(+42 for winning)
|l|☆Abete
|player|p1|
|c|☆Anicredible|gg
|j|☆Abete
|player|p1|Abete|medium|
|c|☆Abete|gg
|l|☆Abete
|player|p1|
