|j|☆KNJMAXX
|j|☆grfynnvgc
|html|KNJMAXXgrfynnvgc    
|uhtml|bestof|Game 3 of a best-of-3
|t:|1785603275
|gametype|doubles
|player|p1|KNJMAXX|102|1126
|player|p2|grfynnvgc|102|1193
|gen|9
|tier|[Gen 9 Champions] VGC 2026 Reg M-B (Bo3)
|rated|
|rule|Species Clause: Limit one of each Pokémon
|rule|Item Clause: Limit 1 of each item
|clearpoke
|poke|p1|Lycanroc-Dusk, L50, F|
|poke|p1|Sneasler, L50, M|
|poke|p1|Basculegion, L50, M|
|poke|p1|Froslass, L50, F|
|poke|p1|Scovillain, L50, M|
|poke|p1|Kingambit, L50, M, shiny|
|poke|p2|Kingambit, L50, F|
|poke|p2|Glimmora, L50, F|
|poke|p2|Delphox, L50, M|
|poke|p2|Staraptor, L50, F|
|poke|p2|Whimsicott, L50, F|
|poke|p2|Garchomp, L50, M|
|teampreview|4
|showteam|p1|Lycanroc-Dusk||FocusSash|ToughClaws|RockSlide,Accelerock,CloseCombat,Protect|Adamant||F|||50|]Sneasler||WhiteHerb|Unburden|FakeOut,Protect,DireClaw,CloseCombat|Adamant||M|||50|]Basculegion||SitrusBerry|Adaptability|WaveCrash,AquaJet,LastRespects,Protect|Adamant||M|||50|]Froslass||Froslassite|CursedBody|Blizzard,ShadowBall,Protect,AuroraVeil|Modest||F|||50|]Scovillain||Scovillainite|Moody|RagePowder,Overheat,GigaDrain,Protect|Bold||M|||50|]Kingambit||BlackGlasses|Defiant|KowtowCleave,Protect,SuckerPunch,SwordsDance|Adamant||M|||50|
|showteam|p2|Kingambit||ChopleBerry|Defiant|SuckerPunch,KowtowCleave,IronHead,LowKick|Adamant||F|||50|]Glimmora||FocusSash|ToxicDebris|PowerGem,SludgeBomb,EarthPower,SpikyShield|Timid||F|||50|]Delphox||Delphoxite|Blaze|HeatWave,Psyshock,Substitute,Protect|Modest||M|||50|]Staraptor||Staraptite|Intimidate|BraveBird,CloseCombat,Roost,Protect|Jolly||F|||50|]Whimsicott||OccaBerry|Prankster|Moonblast,Tailwind,Charm,LightScreen|Timid||F|||50|]Garchomp||LifeOrb|RoughSkin|DragonClaw,Earthquake,RockSlide,Protect|Jolly||M|||50|
|inactive|Battle timer is ON: inactive players will automatically lose when time's up. (requested by KNJMAXX)
|
|t:|1785603306
|teamsize|p1|4
|teamsize|p2|4
|start
|switch|p1a: 0%|Froslass, L50, F|100/100
|switch|p1b: 50%|Sneasler, L50, M|100/100
|switch|p2a: Delphox|Delphox, L50, M|100/100
|switch|p2b: Kingambit|Kingambit, L50, F|100/100
|turn|1
|inactive|grfynnvgc has 30 seconds left.
|
|t:|1785603340
|switch|p1a: King|Kingambit, L50, M, shiny|100/100
|detailschange|p2a: Delphox|Delphox-Mega, L50, M
|-mega|p2a: Delphox|Delphox|Delphoxite
|move|p1b: 50%|Fake Out|p2a: Delphox
|-damage|p2a: Delphox|84/100
|cant|p2a: Delphox|flinch
|move|p2b: Kingambit|Kowtow Cleave|p1a: King
|-resisted|p1a: King|1
|-damage|p1a: King|82/100
|
|upkeep
|turn|2
|
|t:|1785603356
|move|p2a: Delphox|Protect|p2a: Delphox
|-singleturn|p2a: Delphox|Protect
|move|p1a: King|Sucker Punch||[still]
|-fail|p1a: King
|move|p1b: 50%|Close Combat|p2b: Kingambit
|-supereffective|p2b: Kingambit|2
|-enditem|p2b: Kingambit|Chople Berry|[eat]
|-enditem|p2b: Kingambit|Chople Berry|[weaken]
|-damage|p2b: Kingambit|6/100
|-unboost|p1b: 50%|def|1
|-unboost|p1b: 50%|spd|1
|-enditem|p1b: 50%|White Herb
|-clearnegativeboost|p1b: 50%|[silent]
|move|p2b: Kingambit|Low Kick|p1a: King
|-supereffective|p1a: King|2
|-damage|p1a: King|0 fnt
|faint|p1a: King
|
|upkeep
|
|t:|1785603368
|switch|p1a: 25%|Basculegion, L50, M|100/100
|turn|3
|
|t:|1785603382
|switch|p2a: Garchomp|Garchomp, L50, M|100/100
|move|p2b: Kingambit|Sucker Punch|p1a: 25%
|-supereffective|p1a: 25%|1
|-damage|p1a: 25%|19/100
|-enditem|p1a: 25%|Sitrus Berry|[eat]
|-heal|p1a: 25%|44/100|[from] item: Sitrus Berry
|move|p1b: 50%|Close Combat|p2b: Kingambit
|-supereffective|p2b: Kingambit|2
|-damage|p2b: Kingambit|0 fnt
|-unboost|p1b: 50%|def|1
|-unboost|p1b: 50%|spd|1
|faint|p2b: Kingambit
|move|p1a: 25%|Wave Crash|p2a: Garchomp
|-damage|p2a: Garchomp|23/100
|-damage|p1a: 25%|31/100|[from] ability: Rough Skin|[of] p2a: Garchomp
|-damage|p1a: 25%|10/100|[from] Recoil
|
|upkeep
|
|t:|1785603392
|switch|p2b: Glimmora|Glimmora, L50, F|100/100
|turn|4
|inactive|grfynnvgc has 30 seconds left.
|
|t:|1785603422
|move|p1b: 50%|Close Combat|p2a: Garchomp
|-damage|p2a: Garchomp|0 fnt
|-unboost|p1b: 50%|def|1
|-unboost|p1b: 50%|spd|1
|-damage|p1b: 50%|87/100|[from] ability: Rough Skin|[of] p2a: Garchomp
|faint|p2a: Garchomp
|move|p2b: Glimmora|Power Gem|p1a: 25%
|-damage|p1a: 25%|0 fnt
|faint|p1a: 25%
|
|upkeep
|
|t:|1785603431
|switch|p2a: Delphox|Delphox-Mega, L50, M|84/100
|switch|p1a: 0%|Froslass, L50, F|100/100
|turn|5
|inactive|KNJMAXX has 30 seconds left.
|
|t:|1785603460
|detailschange|p1a: 0%|Froslass-Mega, L50, F
|-mega|p1a: 0%|Froslass|Froslassite
|-weather|Snowscape|[from] ability: Snow Warning|[of] p1a: 0%
|move|p1b: 50%|Close Combat|p2b: Glimmora
|-crit|p2b: Glimmora
|-enditem|p2b: Glimmora|Focus Sash
|-damage|p2b: Glimmora|1/100
|-unboost|p1b: 50%|def|1
|-unboost|p1b: 50%|spd|1
|-activate|p2b: Glimmora|ability: Toxic Debris
|-sidestart|p1: KNJMAXX|move: Toxic Spikes
|move|p2a: Delphox|Heat Wave|p1a: 0%|[spread] p1a,p1b
|-supereffective|p1a: 0%|1
|-damage|p1a: 0%|17/100
|-damage|p1b: 50%|0 fnt
|-status|p1a: 0%|brn
|faint|p1b: 50%
|move|p1a: 0%|Blizzard|p2a: Delphox|[spread] p2a,p2b
|-resisted|p2a: Delphox|1
|-damage|p2a: Delphox|63/100
|-damage|p2b: Glimmora|0 fnt
|faint|p2b: Glimmora
|
|-weather|Snowscape|[upkeep]
|-damage|p1a: 0%|11/100 brn|[from] brn
|upkeep
|turn|6
|-message|KNJMAXX forfeited.
|raw|KNJMAXX's rating: 1126 → 1106(-20 for losing)
|raw|grfynnvgc's rating: 1193 → 1213(+20 for winning)
|
|win|grfynnvgc
