|j|☆root2iris
|j|☆Free Torre Pacheco
|html|root2irisFree Torre Pacheco    
|uhtml|bestof|Game 2 of a best-of-3
|t:|1756239457
|gametype|doubles
|player|p1|root2iris|guitarist|1225
|player|p2|Free Torre Pacheco|rosa|1196
|gen|9
|tier|[Gen 9] VGC 2025 Reg H (Bo3)
|rated|
|rule|Species Clause: Limit one of each Pokémon
|rule|Item Clause: Limit 1 of each item
|clearpoke
|poke|p1|Archaludon, L50, F|
|poke|p1|Pelipper, L50, M|
|poke|p1|Amoonguss, L50, F|
|poke|p1|Incineroar, L50, M|
|poke|p1|Baxcalibur, L50, M|
|poke|p1|Annihilape, L50, M|
|poke|p2|Pelipper, L50, M|
|poke|p2|Archaludon, L50, M|
|poke|p2|Basculegion, L50, M|
|poke|p2|Incineroar, L50, F|
|poke|p2|Amoonguss, L50, M|
|poke|p2|Gholdengo, L50|
|teampreview|4
|showteam|p1|Archaludon||AssaultVest|Stamina|DragonPulse,ElectroShot,BodyPress,Thunderbolt|||F|||50|,,,,,Bug]Pelipper||FocusSash|Drizzle|MuddyWater,Hurricane,Tailwind,Protect|||M|||50|,,,,,Ghost]Amoonguss||CovertCloak|Regenerator|PollenPuff,RagePowder,Spore,Protect|||F|||50|,,,,,Fairy]Incineroar||SafetyGoggles|Intimidate|KnockOff,BurningJealousy,PartingShot,FakeOut|||M|||50|,,,,,Ghost]Baxcalibur||LoadedDice|ThermalExchange|IcicleSpear,ScaleShot,HighHorsepower,Protect|||M|||50|,,,,,Ghost]Annihilape||SitrusBerry|Defiant|RageFist,FinalGambit,Coaching,Taunt|||M|||50|,,,,,Fire
|showteam|p2|Pelipper||FocusSash|Drizzle|Tailwind,Hurricane,WeatherBall,Protect|||M|||50|,,,,,Stellar]Archaludon||AssaultVest|Stamina|ElectroShot,BodyPress,FlashCannon,DragonPulse|||M|||50|,,,,,Fairy]Basculegion||ChoiceBand|SwiftSwim|LastRespects,WaveCrash,AquaJet,FlipTurn|||M|||50|,,,,,Grass]Incineroar||SafetyGoggles|Intimidate|FakeOut,KnockOff,FlareBlitz,PartingShot|||F|||50|,,,,,Ghost]Amoonguss||SitrusBerry|Regenerator|Spore,RagePowder,PollenPuff,ClearSmog|||M|||50|,,,,,Fire]Gholdengo||LifeOrb|GoodasGold|NastyPlot,MakeItRain,ShadowBall,Protect||||||50|,,,,,Water
|inactive|Battle timer is ON: inactive players will automatically lose when time's up. (requested by root2iris)
|
|t:|1756239475
|teamsize|p1|4
|teamsize|p2|4
|start
|switch|p1a: Air Combo++|Baxcalibur, L50, M|100/100
|switch|p1b: Finishing++|Annihilape, L50, M|100/100
|switch|p2a: Archaludon|Archaludon, L50, M, shiny|100/100
|switch|p2b: Basculegion|Basculegion, L50, M|100/100
|turn|1
|inactive|root2iris has 30 seconds left.
|inactive|root2iris has 20 seconds left.
|inactive|root2iris has 15 seconds left.
|
|t:|1756239517
|switch|p2a: Pelipper|Pelipper, L50, M|100/100
|-weather|RainDance|[from] ability: Drizzle|[of] p2a: Pelipper
|move|p2b: Basculegion|Wave Crash|p1b: Finishing++
|-damage|p1b: Finishing++|0 fnt
|faint|p1b: Finishing++
|-damage|p2b: Basculegion|66/100|[from] Recoil
|move|p1a: Air Combo++|Icicle Spear|p2a: Pelipper
|-damage|p2a: Pelipper|82/100
|-damage|p2a: Pelipper|62/100
|-damage|p2a: Pelipper|42/100
|-damage|p2a: Pelipper|22/100
|-hitcount|p2a: Pelipper|4
|
|-weather|RainDance|[upkeep]
|upkeep
|
|t:|1756239522
|switch|p1b: Roxas|Archaludon, L50, F|100/100
|turn|2
|
|t:|1756239546
|switch|p2b: Archaludon|Archaludon, L50, M, shiny|100/100
|switch|p2a: Amoonguss|Amoonguss, L50, M|100/100
|move|p1a: Air Combo++|Icicle Spear|p1b: Roxas
|-damage|p1b: Roxas|91/100
|-ability|p1b: Roxas|Stamina|boost
|-boost|p1b: Roxas|def|1
|-damage|p1b: Roxas|85/100
|-ability|p1b: Roxas|Stamina|boost
|-boost|p1b: Roxas|def|1
|-damage|p1b: Roxas|81/100
|-ability|p1b: Roxas|Stamina|boost
|-boost|p1b: Roxas|def|1
|-damage|p1b: Roxas|76/100
|-ability|p1b: Roxas|Stamina|boost
|-boost|p1b: Roxas|def|1
|-damage|p1b: Roxas|73/100
|-ability|p1b: Roxas|Stamina|boost
|-boost|p1b: Roxas|def|1
|-hitcount|p1b: Roxas|5
|move|p1b: Roxas|Electro Shot||[still]
|-prepare|p1b: Roxas|Electro Shot
|-boost|p1b: Roxas|spa|1
|-anim|p1b: Roxas|Electro Shot|p2a: Amoonguss
|-resisted|p2a: Amoonguss
|-damage|p2a: Amoonguss|75/100
|
|-weather|RainDance|[upkeep]
|upkeep
|turn|3
|
|t:|1756239568
|-terastallize|p2b: Archaludon|Fairy
|move|p1a: Air Combo++|Scale Shot|p2a: Amoonguss
|-damage|p2a: Amoonguss|65/100
|-damage|p2a: Amoonguss|52/100
|-damage|p2a: Amoonguss|40/100
|-enditem|p2a: Amoonguss|Sitrus Berry|[eat]
|-heal|p2a: Amoonguss|65/100|[from] item: Sitrus Berry
|-damage|p2a: Amoonguss|53/100
|-crit|p2a: Amoonguss
|-damage|p2a: Amoonguss|36/100
|-hitcount|p2a: Amoonguss|5
|-unboost|p1a: Air Combo++|def|1
|-boost|p1a: Air Combo++|spe|1
|move|p1b: Roxas|Electro Shot||[still]
|-prepare|p1b: Roxas|Electro Shot
|-boost|p1b: Roxas|spa|1
|-anim|p1b: Roxas|Electro Shot|p2a: Amoonguss
|-resisted|p2a: Amoonguss
|-damage|p2a: Amoonguss|7/100
|move|p2b: Archaludon|Dragon Pulse|p1b: Roxas
|-damage|p1b: Roxas|40/100
|-ability|p1b: Roxas|Stamina|boost
|-boost|p1b: Roxas|def|1
|move|p2a: Amoonguss|Spore|p1b: Roxas
|-status|p1b: Roxas|slp|[from] move: Spore
|
|-weather|RainDance|[upkeep]
|upkeep
|turn|4
|inactive|root2iris has 30 seconds left.
|inactive|Free Torre Pacheco has 30 seconds left.
|inactive|root2iris has 20 seconds left.
|inactive|Free Torre Pacheco has 20 seconds left.
|inactive|Free Torre Pacheco has 15 seconds left.
|inactive|Free Torre Pacheco has 10 seconds left.
|
|t:|1756239614
|switch|p1a: Mikael Mouse|Amoonguss, L50, F|100/100
|switch|p2a: Pelipper|Pelipper, L50, M|22/100
|cant|p1b: Roxas|slp
|move|p2b: Archaludon|Electro Shot||[still]
|-prepare|p2b: Archaludon|Electro Shot
|-boost|p2b: Archaludon|spa|1
|-anim|p2b: Archaludon|Electro Shot|p1a: Mikael Mouse
|-resisted|p1a: Mikael Mouse
|-damage|p1a: Mikael Mouse|75/100
|
|-weather|RainDance|[upkeep]
|upkeep
|turn|5
|
|t:|1756239633
|move|p1a: Mikael Mouse|Protect|p1a: Mikael Mouse
|-singleturn|p1a: Mikael Mouse|Protect
|move|p2a: Pelipper|Hurricane|p1a: Mikael Mouse
|-activate|p1a: Mikael Mouse|move: Protect
|cant|p1b: Roxas|slp
|move|p2b: Archaludon|Dragon Pulse|p1b: Roxas
|-damage|p1b: Roxas|0 fnt
|faint|p1b: Roxas
|
|-weather|none
|upkeep
|
|t:|1756239642
|switch|p1b: Air Combo++|Baxcalibur, L50, M|100/100
|turn|6
|inactive|root2iris has 30 seconds left.
|inactive|Free Torre Pacheco has 30 seconds left.
|
|t:|1756239675
|switch|p2a: Amoonguss|Amoonguss, L50, M|40/100
|move|p1b: Air Combo++|Icicle Spear|p2a: Amoonguss
|-supereffective|p2a: Amoonguss
|-damage|p2a: Amoonguss|15/100
|-supereffective|p2a: Amoonguss
|-damage|p2a: Amoonguss|0 fnt
|faint|p2a: Amoonguss
|-hitcount|p2: Amoonguss|2
|move|p2b: Archaludon|Flash Cannon|p1b: Air Combo++
|-supereffective|p1b: Air Combo++
|-damage|p1b: Air Combo++|0 fnt
|faint|p1b: Air Combo++
|move|p1a: Mikael Mouse|Spore|p2b: Archaludon
|-status|p2b: Archaludon|slp|[from] move: Spore
|
|upkeep
|-message|root2iris forfeited.
|
|win|Free Torre Pacheco
||root2iris is ready for game 3.
||Free Torre Pacheco is ready for game 3.
|uhtml|next|Next: Game 3 of 3
|l|☆Free Torre Pacheco
|player|p2|
