|j|☆TeyVgc
|j|☆PresidentObuga
|html|TeyVgcPresidentObuga    
|uhtml|bestof|Game 1 of a best-of-3
|t:|1757102569
|gametype|doubles
|player|p1|TeyVgc|101|1291
|player|p2|PresidentObuga|ghetsis|1211
|gen|9
|tier|[Gen 9] VGC 2025 Reg H (Bo3)
|rated|
|rule|Species Clause: Limit one of each Pokémon
|rule|Item Clause: Limit 1 of each item
|clearpoke
|poke|p1|Gholdengo, L50|
|poke|p1|Dragonite, L50, M|
|poke|p1|Sneasler, L50, F|
|poke|p1|Incineroar, L50, M|
|poke|p1|Indeedee, L50, M|
|poke|p1|Gastrodon, L50, M|
|poke|p2|Kingambit, L50, F|
|poke|p2|Primarina, L50, F|
|poke|p2|Sneasler, L50, M|
|poke|p2|Magmar, L50, M|
|poke|p2|Rillaboom, L50, F|
|poke|p2|Dragapult, L50, M|
|teampreview|4
|showteam|p1|Gholdengo||LifeOrb|GoodasGold|Protect,MakeItRain,ShadowBall,NastyPlot||||||50|,,,,,Water]Dragonite||LoadedDice|Multiscale|ScaleShot,Tailwind,Haze,Protect|||M|||50|,,,,,Fairy]Sneasler||PsychicSeed|Unburden|Protect,DireClaw,CloseCombat,ThroatChop|||F|||50|,,,,,Dark]Incineroar||SafetyGoggles|Intimidate|KnockOff,PartingShot,FlareBlitz,FakeOut|||M|||50|,,,,,Ghost]Indeedee||FocusSash|PsychicSurge|ExpandingForce,TrickRoom,Imprison,TeraBlast|||M|||50|,,,,,Fighting]Gastrodon||Leftovers|StormDrain|EarthPower,Yawn,Recover,IceBeam|||M|||50|,,,,,Poison
|showteam|p2|Kingambit||BlackGlasses|Defiant|KowtowCleave,SuckerPunch,SwordsDance,Protect|||F|||50|,,,,,Ghost]Primarina||SitrusBerry|LiquidVoice|HyperVoice,Moonblast,Haze,Protect|||F|||50|,,,,,Water]Sneasler||FocusSash|PoisonTouch|CloseCombat,DireClaw,FakeOut,Protect|||M|||50|,,,,,Stellar]Magmar||Eviolite|VitalSpirit|Overheat,WillOWisp,FollowMe,Protect|||M|||50|,,,,,Ghost]Rillaboom||AssaultVest|GrassySurge|WoodHammer,GrassyGlide,HighHorsepower,FakeOut|||F|||50|,,,,,Fire]Dragapult||ChoiceBand|ClearBody|DragonDarts,PhantomForce,TeraBlast,Uturn|||M|||50|,,,,,Ghost
|
|t:|1757102660
|teamsize|p1|4
|teamsize|p2|4
|start
|switch|p1a: Hector|Gholdengo, L50|100/100
|switch|p1b: Leonel|Sneasler, L50, F|100/100
|switch|p2a: Dragapult|Dragapult, L50, M|100/100
|switch|p2b: Rillaboom|Rillaboom, L50, F|100/100
|-fieldstart|move: Grassy Terrain|[from] ability: Grassy Surge|[of] p2b: Rillaboom
|turn|1
|
|t:|1757102685
|switch|p2a: Kingambit|Kingambit, L50, F|100/100
|move|p1b: Leonel|Protect|p1b: Leonel
|-singleturn|p1b: Leonel|Protect
|move|p1a: Hector|Nasty Plot|p1a: Hector
|-boost|p1a: Hector|spa|2
|move|p2b: Rillaboom|High Horsepower|p1b: Leonel
|-activate|p1b: Leonel|move: Protect
|
|upkeep
|turn|2
|inactive|Battle timer is ON: inactive players will automatically lose when time's up. (requested by PresidentObuga)
|
|t:|1757102718
|switch|p2b: Sneasler|Sneasler, L50, M|100/100
|-terastallize|p1a: Hector|Water
|move|p2a: Kingambit|Protect|p2a: Kingambit
|-singleturn|p2a: Kingambit|Protect
|move|p1b: Leonel|Throat Chop|p2a: Kingambit
|-activate|p2a: Kingambit|move: Protect
|move|p1a: Hector|Make It Rain|p2a: Kingambit|[spread] p2b
|-activate|p2a: Kingambit|move: Protect
|-enditem|p2b: Sneasler|Focus Sash
|-damage|p2b: Sneasler|1/100
|-unboost|p1a: Hector|spa|1
|-damage|p1a: Hector|91/100|[from] item: Life Orb
|
|-heal|p2b: Sneasler|7/100|[from] Grassy Terrain
|-heal|p1a: Hector|97/100|[from] Grassy Terrain
|upkeep
|turn|3
|inactive|PresidentObuga has 30 seconds left.
|inactive|PresidentObuga has 20 seconds left.
|
|t:|1757102754
|switch|p1b: Marco|Indeedee, L50, M|100/100
|-fieldstart|move: Psychic Terrain|[from] ability: Psychic Surge|[of] p1b: Marco
|move|p2b: Sneasler|Fake Out|p1b: Marco
|-activate|p1b: Marco|move: Psychic Terrain
|move|p1a: Hector|Make It Rain|p2b: Sneasler|[spread] p2a,p2b
|-resisted|p2a: Kingambit
|-damage|p2a: Kingambit|57/100
|-damage|p2b: Sneasler|0 fnt
|-unboost|p1a: Hector|spa|1
|faint|p2b: Sneasler
|-damage|p1a: Hector|88/100|[from] item: Life Orb
|move|p2a: Kingambit|Swords Dance|p2a: Kingambit
|-boost|p2a: Kingambit|atk|2
|
|upkeep
|
|t:|1757102758
|switch|p2b: Rillaboom|Rillaboom, L50, F|100/100
|-fieldstart|move: Grassy Terrain|[from] ability: Grassy Surge|[of] p2b: Rillaboom
|turn|4
|
|t:|1757102774
|switch|p1b: Leonel|Sneasler, L50, F|100/100
|move|p1a: Hector|Protect|p1a: Hector
|-singleturn|p1a: Hector|Protect
|move|p2b: Rillaboom|Wood Hammer|p1b: Leonel
|-resisted|p1b: Leonel
|-damage|p1b: Leonel|24/100
|-damage|p2b: Rillaboom|81/100|[from] Recoil
|move|p2a: Kingambit|Kowtow Cleave|p1a: Hector
|-activate|p1a: Hector|move: Protect
|
|-heal|p1b: Leonel|30/100|[from] Grassy Terrain
|-heal|p1a: Hector|94/100|[from] Grassy Terrain
|-heal|p2b: Rillaboom|87/100|[from] Grassy Terrain
|-heal|p2a: Kingambit|63/100|[from] Grassy Terrain
|upkeep
|turn|5
|
|t:|1757102787
|switch|p1a: Marco|Indeedee, L50, M|100/100
|-fieldstart|move: Psychic Terrain|[from] ability: Psychic Surge|[of] p1a: Marco
|-enditem|p1b: Leonel|Psychic Seed
|-boost|p1b: Leonel|spd|1|[from] item: Psychic Seed
|move|p1b: Leonel|Protect|p1b: Leonel
|-singleturn|p1b: Leonel|Protect
|move|p2b: Rillaboom|Wood Hammer|p1a: Marco
|-enditem|p1a: Marco|Focus Sash
|-damage|p1a: Marco|1/100
|-damage|p2b: Rillaboom|65/100|[from] Recoil
|move|p2a: Kingambit|Kowtow Cleave|p1b: Leonel
|-activate|p1b: Leonel|move: Protect
|
|upkeep
|turn|6
|
|t:|1757102807
|switch|p2b: Dragapult|Dragapult, L50, M|100/100
|move|p2a: Kingambit|Protect|p2a: Kingambit
|-singleturn|p2a: Kingambit|Protect
|move|p1b: Leonel|Dire Claw|p2b: Dragapult
|-resisted|p2b: Dragapult
|-damage|p2b: Dragapult|74/100
|-status|p2b: Dragapult|psn
|move|p1a: Marco|Tera Blast|p2a: Kingambit
|-activate|p2a: Kingambit|move: Protect
|
|-damage|p2b: Dragapult|61/100 psn|[from] psn
|upkeep
|turn|7
|inactive|PresidentObuga has 30 seconds left.
|inactive|PresidentObuga has 20 seconds left.
|
|t:|1757102845
|switch|p2b: Rillaboom|Rillaboom, L50, F|65/100
|-fieldstart|move: Grassy Terrain|[from] ability: Grassy Surge|[of] p2b: Rillaboom
|switch|p1a: Tuco|Incineroar, L50, M|100/100
|-ability|p1a: Tuco|Intimidate|boost
|-unboost|p2a: Kingambit|atk|1
|-ability|p2a: Kingambit|Defiant|boost
|-boost|p2a: Kingambit|atk|2
|-unboost|p2b: Rillaboom|atk|1
|move|p1b: Leonel|Protect|p1b: Leonel
|-singleturn|p1b: Leonel|Protect
|move|p2a: Kingambit|Sucker Punch||[still]
|-fail|p2a: Kingambit
|
|-heal|p1b: Leonel|36/100|[from] Grassy Terrain
|-heal|p2b: Rillaboom|71/100|[from] Grassy Terrain
|-heal|p2a: Kingambit|69/100|[from] Grassy Terrain
|upkeep
|turn|8
|inactive|TeyVgc has 30 seconds left.
|inactive|TeyVgc has 20 seconds left.
|
|t:|1757102881
|switch|p1a: Marco|Indeedee, L50, M|1/100
|-fieldstart|move: Psychic Terrain|[from] ability: Psychic Surge|[of] p1a: Marco
|-terastallize|p2a: Kingambit|Ghost
|move|p2a: Kingambit|Sucker Punch|p1b: Leonel
|-activate|p1b: Leonel|move: Psychic Terrain
|move|p1b: Leonel|Dire Claw|p2b: Rillaboom
|-supereffective|p2b: Rillaboom
|-damage|p2b: Rillaboom|0 fnt
|faint|p2b: Rillaboom
|
|upkeep
|
|t:|1757102883
|switch|p2b: Dragapult|Dragapult, L50, M|61/100 psn
|turn|9
|-message|PresidentObuga forfeited.
|
|win|TeyVgc
