|j|☆spearow's nest
|j|☆FlareIsSolar
|html|spearow's nestFlareIsSolar    
|uhtml|bestof|Game 2 of a best-of-3
|t:|1756760040
|gametype|doubles
|player|p1|spearow's nest|lance|1312
|player|p2|FlareIsSolar|volkner|1249
|gen|9
|tier|[Gen 9] VGC 2025 Reg H (Bo3)
|rated|
|rule|Species Clause: Limit one of each Pokémon
|rule|Item Clause: Limit 1 of each item
|clearpoke
|poke|p1|Rillaboom, L50, M|
|poke|p1|Dragonite, L50, M|
|poke|p1|Sneasler, L50, M|
|poke|p1|Ninetales-Alola, L50, F|
|poke|p1|Kingambit, L50, M|
|poke|p1|Magmar, L50, M|
|poke|p2|Tyranitar, L50, M|
|poke|p2|Excadrill, L50, M|
|poke|p2|Kommo-o, L50, F|
|poke|p2|Basculegion, L50, M|
|poke|p2|Amoonguss, L50, M|
|poke|p2|Incineroar, L50, M|
|teampreview|4
|showteam|p1|Rillaboom||AssaultVest|GrassySurge|WoodHammer,GrassyGlide,HighHorsepower,FakeOut|||M|||50|,,,,,Fire]Dragonite||LoadedDice|Multiscale|Protect,ScaleShot,LowKick,Haze|||M|||50|,,,,,Fairy]Sneasler||WhiteHerb|Unburden|Protect,DireClaw,CloseCombat,Coaching|||M|||50|,,,,,Ghost]Ninetales-Alola||ChoiceSpecs|SnowWarning|Blizzard,IcyWind,Moonblast,FreezeDry|||F|||50|,,,,,Ghost]Kingambit||SafetyGoggles|Defiant|Protect,KowtowCleave,SuckerPunch,SwordsDance|||M|||50|,,,,,Dark]Magmar||Eviolite|VitalSpirit|Protect,FollowMe,Overheat,WillOWisp|||M|||50|,,,,,Ghost
|showteam|p2|Tyranitar||AssaultVest|SandStream|KnockOff,RockSlide,LowKick,TeraBlast|||M|||50|,,,,,Flying]Excadrill||FocusSash|SandRush|Earthquake,HighHorsepower,IronHead,Protect|||M|||50|,,,,,Ground]Kommo-o||ThroatSpray|Overcoat|ClangorousSoul,ClangingScales,AuraSphere,Protect|||F|||50|,,,,,Steel]Basculegion||ChoiceScarf|Adaptability|WaveCrash,LastRespects,FlipTurn,AquaJet|||M|||50|,,,,,Grass]Amoonguss||SitrusBerry|Regenerator|PollenPuff,Spore,RagePowder,Protect|||M|||50|,,,,,Water]Incineroar||SafetyGoggles|Intimidate|KnockOff,FlareBlitz,PartingShot,FakeOut|||M|||50|,,,,,Ghost
|
|t:|1756760095
|teamsize|p1|4
|teamsize|p2|4
|start
|switch|p1a: Sneasler|Sneasler, L50, M|100/100
|switch|p1b: Rillaboom|Rillaboom, L50, M|100/100
|switch|p2a: Excadrill|Excadrill, L50, M|100/100
|switch|p2b: Tyranitar|Tyranitar, L50, M|100/100
|-fieldstart|move: Grassy Terrain|[from] ability: Grassy Surge|[of] p1b: Rillaboom
|-weather|Sandstorm|[from] ability: Sand Stream|[of] p2b: Tyranitar
|turn|1
|
|t:|1756760112
|-terastallize|p1a: Sneasler|Ghost
|-terastallize|p2b: Tyranitar|Flying
|move|p1b: Rillaboom|Fake Out|p2a: Excadrill
|-resisted|p2a: Excadrill
|-damage|p2a: Excadrill|90/100
|cant|p2a: Excadrill|flinch
|move|p1a: Sneasler|Close Combat|p2b: Tyranitar
|-resisted|p2b: Tyranitar
|-damage|p2b: Tyranitar|80/100
|-unboost|p1a: Sneasler|def|1
|-unboost|p1a: Sneasler|spd|1
|-enditem|p1a: Sneasler|White Herb
|-clearnegativeboost|p1a: Sneasler|[silent]
|move|p2b: Tyranitar|Tera Blast|p1a: Sneasler|[anim] Tera Blast Flying
|-damage|p1a: Sneasler|38/100
|
|-weather|Sandstorm|[upkeep]
|-damage|p1a: Sneasler|32/100|[from] Sandstorm
|-damage|p1b: Rillaboom|94/100|[from] Sandstorm
|-damage|p2b: Tyranitar|73/100|[from] Sandstorm
|-heal|p1a: Sneasler|38/100|[from] Grassy Terrain
|-heal|p2a: Excadrill|96/100|[from] Grassy Terrain
|-heal|p1b: Rillaboom|100/100|[from] Grassy Terrain
|upkeep
|turn|2
|
|t:|1756760125
|switch|p2a: Incineroar|Incineroar, L50, M|100/100
|-ability|p2a: Incineroar|Intimidate|boost
|-unboost|p1a: Sneasler|atk|1
|-unboost|p1b: Rillaboom|atk|1
|move|p1a: Sneasler|Dire Claw|p2b: Tyranitar
|-damage|p2b: Tyranitar|55/100
|move|p1b: Rillaboom|Wood Hammer|p2b: Tyranitar
|-resisted|p2b: Tyranitar
|-damage|p2b: Tyranitar|36/100
|-damage|p1b: Rillaboom|94/100|[from] Recoil
|move|p2b: Tyranitar|Tera Blast|p1b: Rillaboom|[anim] Tera Blast Flying
|-supereffective|p1b: Rillaboom
|-damage|p1b: Rillaboom|4/100
|
|-weather|Sandstorm|[upkeep]
|-damage|p1a: Sneasler|32/100|[from] Sandstorm
|-damage|p1b: Rillaboom|0 fnt|[from] Sandstorm
|-damage|p2b: Tyranitar|30/100|[from] Sandstorm
|faint|p1b: Rillaboom
|-heal|p1a: Sneasler|38/100|[from] Grassy Terrain
|upkeep
|
|t:|1756760141
|switch|p1b: Ninetales|Ninetales-Alola, L50, F|100/100
|-weather|Snowscape|[from] ability: Snow Warning|[of] p1b: Ninetales
|turn|3
|
|t:|1756760165
|switch|p2b: Basculegion|Basculegion, L50, M|100/100
|move|p1a: Sneasler|Dire Claw|p2a: Incineroar
|-damage|p2a: Incineroar|77/100
|-status|p2a: Incineroar|slp
|move|p1b: Ninetales|Freeze-Dry|p2a: Incineroar
|-resisted|p2a: Incineroar
|-damage|p2a: Incineroar|61/100 slp
|cant|p2a: Incineroar|slp
|
|-weather|Snowscape|[upkeep]
|-heal|p1a: Sneasler|44/100|[from] Grassy Terrain
|-heal|p2a: Incineroar|67/100 slp|[from] Grassy Terrain
|upkeep
|turn|4
|
|t:|1756760182
|move|p1a: Sneasler|Dire Claw|p2b: Basculegion
|-resisted|p2b: Basculegion
|-damage|p2b: Basculegion|83/100
|move|p2b: Basculegion|Flip Turn|p1b: Ninetales
|-damage|p1b: Ninetales|55/100
|
|t:|1756760188
|switch|p2b: Tyranitar|Tyranitar, L50, M, tera:Flying|30/100|[from] Flip Turn
|-weather|Sandstorm|[from] ability: Sand Stream|[of] p2b: Tyranitar
|move|p1b: Ninetales|Freeze-Dry|p2b: Tyranitar
|-supereffective|p2b: Tyranitar
|-damage|p2b: Tyranitar|0 fnt
|faint|p2b: Tyranitar
|cant|p2a: Incineroar|slp
|
|-weather|Sandstorm|[upkeep]
|-damage|p1a: Sneasler|38/100|[from] Sandstorm
|-damage|p1b: Ninetales|50/100|[from] Sandstorm
|-heal|p1a: Sneasler|44/100|[from] Grassy Terrain
|-heal|p1b: Ninetales|55/100|[from] Grassy Terrain
|-heal|p2a: Incineroar|73/100 slp|[from] Grassy Terrain
|upkeep
|
|t:|1756760194
|switch|p2b: Basculegion|Basculegion, L50, M|83/100
|turn|5
|
|t:|1756760200
|move|p1a: Sneasler|Close Combat|p2a: Incineroar
|-supereffective|p2a: Incineroar
|-damage|p2a: Incineroar|7/100 slp
|-unboost|p1a: Sneasler|def|1
|-unboost|p1a: Sneasler|spd|1
|move|p2b: Basculegion|Last Respects|p1b: Ninetales
|-damage|p1b: Ninetales|0 fnt
|faint|p1b: Ninetales
|cant|p2a: Incineroar|slp
|
|-weather|Sandstorm|[upkeep]
|-damage|p1a: Sneasler|38/100|[from] Sandstorm
|-damage|p2b: Basculegion|77/100|[from] Sandstorm
|-heal|p1a: Sneasler|44/100|[from] Grassy Terrain
|-heal|p2b: Basculegion|83/100|[from] Grassy Terrain
|-heal|p2a: Incineroar|13/100 slp|[from] Grassy Terrain
|-fieldend|move: Grassy Terrain
|upkeep
|
|t:|1756760209
|switch|p1b: Dragonite|Dragonite, L50, M|100/100
|turn|6
|
|t:|1756760216
|move|p1a: Sneasler|Dire Claw|p2b: Basculegion
|-resisted|p2b: Basculegion
|-damage|p2b: Basculegion|66/100
|move|p2b: Basculegion|Last Respects|p1a: Sneasler
|-supereffective|p1a: Sneasler
|-damage|p1a: Sneasler|0 fnt
|faint|p1a: Sneasler
|move|p1b: Dragonite|Scale Shot|p2b: Basculegion
|-damage|p2b: Basculegion|45/100
|-damage|p2b: Basculegion|25/100
|-damage|p2b: Basculegion|6/100
|-damage|p2b: Basculegion|0 fnt
|faint|p2b: Basculegion
|-hitcount|p2: Basculegion|4
|-unboost|p1b: Dragonite|def|1
|-boost|p1b: Dragonite|spe|1
|-curestatus|p2a: Incineroar|slp|[msg]
|move|p2a: Incineroar|Knock Off|p1b: Dragonite
|-damage|p1b: Dragonite|66/100
|-enditem|p1b: Dragonite|Loaded Dice|[from] move: Knock Off|[of] p2a: Incineroar
|
|-weather|Sandstorm|[upkeep]
|-damage|p1b: Dragonite|60/100|[from] Sandstorm
|upkeep
|
|t:|1756760221
|switch|p2b: Excadrill|Excadrill, L50, M|96/100
|turn|7
|
|t:|1756760237
|move|p1b: Dragonite|Protect|p1b: Dragonite
|-singleturn|p1b: Dragonite|Protect
|move|p2b: Excadrill|Iron Head|p1b: Dragonite
|-activate|p1b: Dragonite|move: Protect
|move|p2a: Incineroar|Knock Off|p1b: Dragonite
|-activate|p1b: Dragonite|move: Protect
|
|-weather|Sandstorm|[upkeep]
|-damage|p1b: Dragonite|54/100|[from] Sandstorm
|upkeep
|turn|8
|
|t:|1756760245
|move|p1b: Dragonite|Protect||[still]
|-fail|p1b: Dragonite
|move|p2b: Excadrill|Iron Head|p1b: Dragonite
|-damage|p1b: Dragonite|0 fnt
|faint|p1b: Dragonite
|
|win|FlareIsSolar
