|j|☆im rune not rine
|j|☆Sky_Yagami95
|html|im rune not rineSky_Yagami95    
|uhtml|bestof|Game 1 of a best-of-3
|t:|1783831266
|gametype|doubles
|player|p1|im rune not rine|1|
|player|p2|Sky_Yagami95|riley|
|gen|9
|tier|[Gen 9 Champions] VGC 2026 Reg M-B (Bo3)
|rule|Species Clause: Limit one of each Pokémon
|rule|Item Clause: Limit 1 of each item
|clearpoke
|poke|p1|Pelipper, L50, M|
|poke|p1|Azumarill, L50, F, shiny|
|poke|p1|Archaludon, L50, F, shiny|
|poke|p1|Dragonite, L50, F|
|poke|p1|Raichu, L50, F|
|poke|p1|Incineroar, L50, M|
|poke|p2|Lycanroc, L50, M|
|poke|p2|Lucario, L50, M|
|poke|p2|Goodra, L50, M|
|poke|p2|Samurott-Hisui, L50, M|
|poke|p2|Altaria, L50, F|
|poke|p2|Umbreon, L50, M|
|teampreview|4
|showteam|p1|Pelipper||DampRock|Drizzle|Hurricane,Uturn,RainDance,Tailwind|Bold||M|||50|]Azumarill||LifeOrb|HugePower|AquaJet,PlayRough,Encore,IceSpinner|Adamant||F|||50|]Archaludon||QuickClaw|Stamina|AuraSphere,DracoMeteor,ElectroShot,Protect|Timid||F|||50|]Dragonite||Dragoninite|Multiscale|DracoMeteor,ExtremeSpeed,IceBeam,WeatherBall|Quiet||F|||50|]Raichu||RaichuniteY|LightningRod|Encore,FakeOut,ZapCannon,FocusBlast|Modest||F|||50|]Incineroar||Leftovers|Intimidate|CloseCombat,DarkestLariat,FakeOut,PartingShot|Impish||M|||50|
|showteam|p2|Lycanroc||FocusSash|KeenEye|PlayRough,DrillRun,Endeavor,SuckerPunch|Jolly||M|||50|]Lucario||Lucarionite|InnerFocus|CloseCombat,MeteorMash,BulletPunch,BrickBreak|Jolly||M|||50|]Goodra||DampRock|Hydration|RainDance,DracoMeteor,Toxic,Rest|Calm||M|||50|]Samurott-Hisui||MentalHerb|Sharpness|AquaCutter,AirSlash,NightSlash,SacredSword|Naive||M|||50|]Altaria||Altarianite|CloudNine|DracoMeteor,BraveBird,Facade,AlluringVoice|Rash||F|||50|]Umbreon||LumBerry|Synchronize|Toxic,Substitute,Moonlight,DarkPulse|Calm||M|||50|
|
|t:|1783831279
|teamsize|p1|4
|teamsize|p2|4
|start
|switch|p1a: plskeeprain|Pelipper, L50, M|100/100
|switch|p1b: BascuIegion|Raichu, L50, F|100/100
|switch|p2a: Altaria|Altaria, L50, F|100/100
|switch|p2b: Samurott|Samurott-Hisui, L50, M|100/100
|-ability|p2a: Altaria|Cloud Nine
|-weather|RainDance|[from] ability: Drizzle|[of] p1a: plskeeprain
|turn|1
|
|t:|1783831333
|move|p1b: BascuIegion|Fake Out|p2b: Samurott
|-damage|p2b: Samurott|89/100
|cant|p2b: Samurott|flinch
|move|p2a: Altaria|Alluring Voice|p1b: BascuIegion
|-damage|p1b: BascuIegion|70/100
|move|p1a: plskeeprain|Tailwind|p1a: plskeeprain
|-sidestart|p1: im rune not rine|move: Tailwind
|
|-weather|RainDance|[upkeep]
|upkeep
|turn|2
|c|☆im rune not rine|glhf!
|
|t:|1783831361
|detailschange|p1b: BascuIegion|Raichu-Mega-Y, L50, F
|-mega|p1b: BascuIegion|Raichu|Raichunite Y
|detailschange|p2a: Altaria|Altaria-Mega, L50, F
|-mega|p2a: Altaria|Altaria|Altarianite
|move|p1b: BascuIegion|Zap Cannon|p2b: Samurott
|-supereffective|p2b: Samurott|1
|-damage|p2b: Samurott|0 fnt
|faint|p2b: Samurott
|move|p1a: plskeeprain|U-turn|p2a: Altaria
|-resisted|p2a: Altaria|1
|-damage|p2a: Altaria|95/100
|
|t:|1783831372
|switch|p1a: BaxcaIibur|Archaludon, L50, F, shiny|100/100|[from] U-turn
|move|p2a: Altaria|Draco Meteor|p1b: BascuIegion
|-damage|p1b: BascuIegion|0 fnt
|-unboost|p2a: Altaria|spa|2
|faint|p1b: BascuIegion
|
|-weather|RainDance|[upkeep]
|upkeep
|
|t:|1783831386
|switch|p1b: plskeeprain|Pelipper, L50, M|100/100
|switch|p2b: Umbreon|Umbreon, L50, M|100/100
|turn|3
|
|t:|1783831405
|move|p1a: BaxcaIibur|Protect|p1a: BaxcaIibur
|-singleturn|p1a: BaxcaIibur|Protect
|move|p1b: plskeeprain|Hurricane|p2b: Umbreon
|-damage|p2b: Umbreon|79/100
|move|p2a: Altaria|Alluring Voice|p1a: BaxcaIibur
|-activate|p1a: BaxcaIibur|move: Protect
|move|p2b: Umbreon|Substitute|p2b: Umbreon
|-start|p2b: Umbreon|Substitute
|-damage|p2b: Umbreon|54/100
|
|-weather|RainDance|[upkeep]
|upkeep
|turn|4
|
|t:|1783831433
|move|p1a: BaxcaIibur|Electro Shot||[still]
|-prepare|p1a: BaxcaIibur|Electro Shot
|-boost|p1a: BaxcaIibur|spa|1
|-anim|p1a: BaxcaIibur|Electro Shot|p2a: Altaria
|-resisted|p2a: Altaria|1
|-damage|p2a: Altaria|57/100
|move|p1b: plskeeprain|Hurricane|p2b: Umbreon
|-activate|p2b: Umbreon|move: Substitute|[damage]
|move|p2a: Altaria|Alluring Voice|p1a: BaxcaIibur
|-damage|p1a: BaxcaIibur|74/100
|-start|p1a: BaxcaIibur|confusion
|-ability|p1a: BaxcaIibur|Stamina|boost
|-boost|p1a: BaxcaIibur|def|1
|move|p2b: Umbreon|Moonlight|p2b: Umbreon
|-heal|p2b: Umbreon|79/100
|
|-weather|RainDance|[upkeep]
|-sideend|p1: im rune not rine|move: Tailwind
|upkeep
|turn|5
|
|t:|1783831462
|-activate|p1a: BaxcaIibur|confusion
|-damage|p1a: BaxcaIibur|68/100|[from] confusion
|move|p2a: Altaria|Draco Meteor|p1a: BaxcaIibur
|-damage|p1a: BaxcaIibur|26/100
|-unboost|p2a: Altaria|spa|2
|-ability|p1a: BaxcaIibur|Stamina|boost
|-boost|p1a: BaxcaIibur|def|1
|move|p1b: plskeeprain|U-turn|p2b: Umbreon
|-supereffective|p2b: Umbreon|1
|-end|p2b: Umbreon|Substitute
|
|t:|1783831468
|switch|p1b: Magenton|Dragonite, L50, F|100/100|[from] U-turn
|move|p2b: Umbreon|Toxic|p1b: Magenton
|-status|p1b: Magenton|tox
|
|-weather|RainDance|[upkeep]
|-damage|p1b: Magenton|93/100 tox|[from] psn
|upkeep
|turn|6
|
|t:|1783831488
|-activate|p1a: BaxcaIibur|confusion
|-damage|p1a: BaxcaIibur|22/100|[from] confusion
|move|p2a: Altaria|Alluring Voice|p1b: Magenton
|-supereffective|p1b: Magenton|1
|-damage|p1b: Magenton|69/100 tox
|move|p1b: Magenton|Draco Meteor|p2a: Altaria
|-immune|p2a: Altaria
|move|p2b: Umbreon|Moonlight|p2b: Umbreon
|-heal|p2b: Umbreon|100/100
|
|-weather|RainDance|[upkeep]
|-damage|p1b: Magenton|57/100 tox|[from] psn
|upkeep
|turn|7
|c|☆im rune not rine|dude double confusion proc
|
|t:|1783831517
|-activate|p1a: BaxcaIibur|confusion
|move|p1a: BaxcaIibur|Electro Shot||[still]
|-prepare|p1a: BaxcaIibur|Electro Shot
|-boost|p1a: BaxcaIibur|spa|1
|-anim|p1a: BaxcaIibur|Electro Shot|p2b: Umbreon
|-damage|p2b: Umbreon|52/100
|move|p2a: Altaria|Alluring Voice|p1a: BaxcaIibur
|-damage|p1a: BaxcaIibur|4/100
|-ability|p1a: BaxcaIibur|Stamina|boost
|-boost|p1a: BaxcaIibur|def|1
|move|p1b: Magenton|Draco Meteor|p2a: Altaria
|-immune|p2a: Altaria
|move|p2b: Umbreon|Dark Pulse|p1b: Magenton
|-damage|p1b: Magenton|40/100 tox
|
|-weather|RainDance|[upkeep]
|-damage|p1b: Magenton|22/100 tox|[from] psn
|upkeep
|turn|8
|c|☆im rune not rine|holy double misinput
|-activate|p1a: BaxcaIibur|item: Quick Claw
|
|t:|1783831553
|-end|p1a: BaxcaIibur|confusion
|move|p1a: BaxcaIibur|Aura Sphere|p2b: Umbreon
|-supereffective|p2b: Umbreon|1
|-damage|p2b: Umbreon|0 fnt
|faint|p2b: Umbreon
|move|p2a: Altaria|Alluring Voice|p1a: BaxcaIibur
|-damage|p1a: BaxcaIibur|0 fnt
|faint|p1a: BaxcaIibur
|move|p1b: Magenton|Ice Beam|p2a: Altaria
|-supereffective|p2a: Altaria|1
|-damage|p2a: Altaria|0 fnt
|faint|p2a: Altaria
|
|-weather|none
|-damage|p1b: Magenton|0 fnt|[from] psn
|faint|p1b: Magenton
|upkeep
|
|t:|1783831581
|switch|p1a: plskeeprain|Pelipper, L50, M|100/100
|switch|p2b: Lycanroc|Lycanroc, L50, M|100/100
|-weather|RainDance|[from] ability: Drizzle|[of] p1a: plskeeprain
|turn|9
|c|☆im rune not rine|gr
|
|t:|1783831594
|move|p2b: Lycanroc|Endeavor|p1a: plskeeprain
|-damage|p1a: plskeeprain|90/100
|move|p1a: plskeeprain|Hurricane|p2b: Lycanroc
|-resisted|p2b: Lycanroc|1
|-damage|p2b: Lycanroc|70/100
|
|-weather|RainDance|[upkeep]
|upkeep
|turn|10
|
|t:|1783831607
|move|p2b: Lycanroc|Play Rough|p1a: plskeeprain
|-damage|p1a: plskeeprain|67/100
|move|p1a: plskeeprain|Hurricane|p2b: Lycanroc
|-resisted|p2b: Lycanroc|1
|-damage|p2b: Lycanroc|41/100
|
|-weather|RainDance|[upkeep]
|upkeep
|turn|11
|
|t:|1783831619
|move|p2b: Lycanroc|Sucker Punch|p1a: plskeeprain
|-damage|p1a: plskeeprain|48/100
|move|p1a: plskeeprain|Hurricane|p2b: Lycanroc
|-resisted|p2b: Lycanroc|1
|-damage|p2b: Lycanroc|13/100
|-start|p2b: Lycanroc|confusion
|
|-weather|RainDance|[upkeep]
|upkeep
|turn|12
|
|t:|1783831633
|-activate|p2b: Lycanroc|confusion
|move|p2b: Lycanroc|Endeavor|p1a: plskeeprain
|-damage|p1a: plskeeprain|12/100
|move|p1a: plskeeprain|Hurricane|p2b: Lycanroc
|-resisted|p2b: Lycanroc|1
|-damage|p2b: Lycanroc|0 fnt
|faint|p2b: Lycanroc
|
|win|im rune not rine
