|j|☆zubrowka
|j|☆Hntf
|html|zubrowkaHntf    
|uhtml|bestof|Game 2 of a best-of-3
|t:|1786105292
|gametype|doubles
|player|p1|zubrowka|265|1303
|player|p2|Hntf|2|1220
|gen|9
|tier|[Gen 9 Champions] VGC 2026 Reg M-B (Bo3)
|rated|
|rule|Species Clause: Limit one of each Pokémon
|rule|Item Clause: Limit 1 of each item
|clearpoke
|poke|p1|Floette-Eternal, L50, F|
|poke|p1|Sinistcha, L50|
|poke|p1|Incineroar, L50, M|
|poke|p1|Basculegion, L50, M|
|poke|p1|Glimmora, L50, M|
|poke|p1|Staraptor, L50, F|
|poke|p2|Tyranitar, L50, F|
|poke|p2|Excadrill, L50, F|
|poke|p2|Milotic, L50, M|
|poke|p2|Gholdengo, L50|
|poke|p2|Whimsicott, L50, M|
|poke|p2|Staraptor, L50, F|
|teampreview|4
|showteam|p1|Floette-Eternal||Floettite|FlowerVeil|DazzlingGleam,DrainingKiss,CalmMind,Protect|Modest||F|||50|]Sinistcha||ColburBerry|Hospitality|MatchaGotcha,LifeDew,RagePowder,Protect|Calm|||||50|]Incineroar||SitrusBerry|Intimidate|FlareBlitz,ThroatChop,PartingShot,FakeOut|Careful||M|||50|]Basculegion||ChoiceScarf|Adaptability|WaveCrash,FlipTurn,AquaJet,LastRespects|Jolly||M|||50|]Glimmora||FocusSash|ToxicDebris|PowerGem,SludgeBomb,EarthPower,SpikyShield|Modest||M|||50|]Staraptor||Staraptite|Intimidate|DualWingbeat,CloseCombat,Tailwind,Protect|Jolly||F|||50|
|showteam|p2|Tyranitar||Tyranitarite|SandStream|KnockOff,RockSlide,LowKick,Protect|Jolly||F|||50|]Excadrill||FocusSash|SandRush|HighHorsepower,IronHead,RockSlide,Protect|Adamant||F|||50|]Milotic||SitrusBerry|Competitive|Scald,IcyWind,IceBeam,Protect|Calm||M|||50|]Gholdengo||LifeOrb|GoodasGold|MakeItRain,ShadowBall,NastyPlot,Protect|Modest|||||50|]Whimsicott||FairyFeather|Prankster|Moonblast,Charm,Tailwind,Encore|Timid||M|||50|]Staraptor||Staraptite|Intimidate|CloseCombat,BraveBird,Roost,Protect|Jolly||F|||50|
|inactive|Battle timer is ON: inactive players will automatically lose when time's up. (requested by zubrowka)
|
|t:|1786105302
|teamsize|p1|4
|teamsize|p2|4
|start
|switch|p1a: Incineroar|Incineroar, L50, M|100/100
|switch|p1b: Floette|Floette-Eternal, L50, F|100/100
|switch|p2a: Excadrill|Excadrill, L50, F|100/100
|switch|p2b: Milotic|Milotic, L50, M|100/100
|-ability|p1a: Incineroar|Intimidate|boost
|-unboost|p2a: Excadrill|atk|1
|-unboost|p2b: Milotic|atk|1
|-ability|p2b: Milotic|Competitive|boost
|-boost|p2b: Milotic|spa|2
|turn|1
|
|t:|1786105321
|detailschange|p1b: Floette|Floette-Mega, L50, F
|-mega|p1b: Floette|Floette|Floettite
|-ability|p1b: Floette|Fairy Aura
|move|p2a: Excadrill|Protect|p2a: Excadrill
|-singleturn|p2a: Excadrill|Protect
|move|p1a: Incineroar|Fake Out|p2a: Excadrill
|-activate|p2a: Excadrill|move: Protect
|move|p1b: Floette|Calm Mind|p1b: Floette
|-boost|p1b: Floette|spa|1
|-boost|p1b: Floette|spd|1
|move|p2b: Milotic|Scald|p1a: Incineroar
|-supereffective|p1a: Incineroar|1
|-damage|p1a: Incineroar|10/100
|-enditem|p1a: Incineroar|Sitrus Berry|[eat]
|-heal|p1a: Incineroar|35/100|[from] item: Sitrus Berry
|
|upkeep
|turn|2
|inactive|zubrowka has 30 seconds left.
|inactive|Hntf has 30 seconds left.
|
|t:|1786105351
|move|p2a: Excadrill|Iron Head|p1b: Floette
|-supereffective|p1b: Floette|1
|-damage|p1b: Floette|45/100
|move|p1b: Floette|Draining Kiss|p2b: Milotic
|-damage|p2b: Milotic|58/100
|-heal|p1b: Floette|80/100|[from] drain|[of] p2b: Milotic
|move|p2b: Milotic|Scald|p1a: Incineroar
|-supereffective|p1a: Incineroar|1
|-damage|p1a: Incineroar|0 fnt
|faint|p1a: Incineroar
|
|upkeep
|
|t:|1786105369
|switch|p1a: Sinistcha|Sinistcha, L50|100/100
|-heal|p1b: Floette|100/100|[from] ability: Hospitality|[of] p1a: Sinistcha
|turn|3
|
|t:|1786105382
|move|p1a: Sinistcha|Protect|p1a: Sinistcha
|-singleturn|p1a: Sinistcha|Protect
|move|p2a: Excadrill|Rock Slide|p1b: Floette|[spread] p1b
|-activate|p1a: Sinistcha|move: Protect
|-damage|p1b: Floette|86/100
|move|p1b: Floette|Draining Kiss|p2b: Milotic
|-damage|p2b: Milotic|18/100
|-heal|p1b: Floette|100/100|[from] drain|[of] p2b: Milotic
|-enditem|p2b: Milotic|Sitrus Berry|[eat]
|-heal|p2b: Milotic|43/100|[from] item: Sitrus Berry
|move|p2b: Milotic|Ice Beam|p1a: Sinistcha
|-activate|p1a: Sinistcha|move: Protect
|
|upkeep
|turn|4
|
|t:|1786105402
|switch|p1a: Basculegion|Basculegion, L50, M|100/100
|move|p2a: Excadrill|Rock Slide|p1b: Floette|[spread] p1a,p1b
|-damage|p1a: Basculegion|81/100
|-damage|p1b: Floette|86/100
|move|p1b: Floette|Draining Kiss|p2b: Milotic
|-damage|p2b: Milotic|8/100
|-heal|p1b: Floette|100/100|[from] drain|[of] p2b: Milotic
|move|p2b: Milotic|Ice Beam|p1a: Basculegion
|-resisted|p1a: Basculegion|1
|-damage|p1a: Basculegion|55/100
|
|upkeep
|turn|5
|
|t:|1786105424
|move|p1a: Basculegion|Flip Turn|p2a: Excadrill
|-supereffective|p2a: Excadrill|1
|-enditem|p2a: Excadrill|Focus Sash
|-damage|p2a: Excadrill|1/100
|
|t:|1786105437
|switch|p1a: Sinistcha|Sinistcha, L50|100/100|[from] Flip Turn
|move|p2a: Excadrill|High Horsepower|p1a: Sinistcha
|-resisted|p1a: Sinistcha|1
|-damage|p1a: Sinistcha|83/100
|move|p1b: Floette|Dazzling Gleam|p2a: Excadrill|[spread] p2a,p2b
|-resisted|p2a: Excadrill|1
|-damage|p2a: Excadrill|0 fnt
|-damage|p2b: Milotic|0 fnt
|faint|p2a: Excadrill
|faint|p2b: Milotic
|
|upkeep
|-message|Hntf forfeited.
|
|win|zubrowka
|raw|zubrowka's rating: 1303 → 1318(+15 for winning)
|raw|Hntf's rating: 1220 → 1201(-19 for losing)
|l|☆Hntf
|player|p2|
