|j|☆glubglobs
|j|☆Rosarino
|html|glubglobsRosarino    
|uhtml|bestof|Game 2 of a best-of-3
|t:|1756217096
|gametype|doubles
|player|p1|glubglobs|cynthia|1092
|player|p2|Rosarino|drayden|1002
|gen|9
|tier|[Gen 9] VGC 2025 Reg H (Bo3)
|rated|
|rule|Species Clause: Limit one of each Pokémon
|rule|Item Clause: Limit 1 of each item
|clearpoke
|poke|p1|Primarina, L50, F|
|poke|p1|Sneasler, L50, F|
|poke|p1|Electabuzz, L50, F|
|poke|p1|Kingambit, L50, F|
|poke|p1|Dragapult, L50, M|
|poke|p1|Rillaboom, L50, F|
|poke|p2|Ribombee, L50, F|
|poke|p2|Incineroar, L50, M|
|poke|p2|Rillaboom, L50, M|
|poke|p2|Arcanine-Hisui, L50, M|
|poke|p2|Sinistcha, L50|
|poke|p2|Slowbro, L50, F|
|teampreview|4
|showteam|p1|Primarina||ThroatSpray|LiquidVoice|Protect,Haze,HyperVoice,Moonblast|||F|||50|,,,,,Poison]Sneasler||FocusSash|PoisonTouch|Protect,NightSlash,DireClaw,CloseCombat|||F|||50|,,,,,Stellar]Electabuzz||Eviolite|VitalSpirit|Protect,FollowMe,Taunt,Electroweb|||F|||50|,,,,,Fairy]Kingambit||BlackGlasses|Defiant|Protect,SwordsDance,SuckerPunch,KowtowCleave|||F|||50|,,,,,Dark]Dragapult||ChoiceBand|ClearBody|Uturn,DragonDarts,PhantomForce,Outrage|||M|||50|,,,,,Dragon]Rillaboom||AssaultVest|GrassySurge|FakeOut,Uturn,GrassyGlide,WoodHammer|||F|||50|,,,,,Fire
|showteam|p2|Ribombee||FocusSash|SweetVeil|DazzlingGleam,QuiverDance,Protect,StunSpore|||F|||50|,,,,,Water]Incineroar||RockyHelmet|Intimidate|FakeOut,KnockOff,PartingShot,FlareBlitz|||M|||50|,,,,,Grass]Rillaboom||AssaultVest|GrassySurge|FakeOut,Uturn,WoodHammer,GrassyGlide|||M|||50|,,,,,Poison]Arcanine-Hisui||LifeOrb|RockHead|FlareBlitz,Protect,RockSlide,WillOWisp|||M|||50|,,,,,Grass]Sinistcha||SitrusBerry|Hospitality|MatchaGotcha,LifeDew,RagePowder,TrickRoom||||||50|,,,,,Grass]Slowbro||Leftovers|Oblivious|Scald,TrickRoom,Protect,Psychic|||F|||50|,,,,,Dragon
|inactive|Battle timer is ON: inactive players will automatically lose when time's up. (requested by glubglobs)
|
|t:|1756217120
|teamsize|p1|4
|teamsize|p2|4
|start
|switch|p1a: Kingambit|Kingambit, L50, F|100/100
|switch|p1b: Sneasler|Sneasler, L50, F|100/100
|switch|p2a: Arcanine|Arcanine-Hisui, L50, M|100/100
|switch|p2b: Rillaboom|Rillaboom, L50, M|100/100
|-fieldstart|move: Grassy Terrain|[from] ability: Grassy Surge|[of] p2b: Rillaboom
|turn|1
|inactive|glubglobs has 30 seconds left.
|
|t:|1756217146
|-terastallize|p2a: Arcanine|Grass
|move|p1b: Sneasler|Protect|p1b: Sneasler
|-singleturn|p1b: Sneasler|Protect
|move|p1a: Kingambit|Protect|p1a: Kingambit
|-singleturn|p1a: Kingambit|Protect
|move|p2b: Rillaboom|Fake Out|p1b: Sneasler
|-activate|p1b: Sneasler|move: Protect
|move|p2a: Arcanine|Flare Blitz|p1a: Kingambit
|-activate|p1a: Kingambit|move: Protect
|
|upkeep
|turn|2
|inactive|glubglobs has 30 seconds left.
|
|t:|1756217179
|switch|p2a: Slowbro|Slowbro, L50, F|100/100
|switch|p1a: Primarina|Primarina, L50, F|100/100
|move|p1b: Sneasler|Dire Claw|p2a: Slowbro
|-crit|p2a: Slowbro
|-damage|p2a: Slowbro|28/100
|move|p2b: Rillaboom|U-turn|p1a: Primarina
|-resisted|p1a: Primarina
|-damage|p1a: Primarina|84/100
|
|t:|1756217191
|switch|p2b: Incineroar|Incineroar, L50, M|100/100|[from] U-turn
|-ability|p2b: Incineroar|Intimidate|boost
|-unboost|p1a: Primarina|atk|1
|-unboost|p1b: Sneasler|atk|1
|
|-heal|p1a: Primarina|90/100|[from] Grassy Terrain
|-heal|p2a: Slowbro|34/100|[from] Grassy Terrain
|-heal|p2a: Slowbro|40/100|[from] item: Leftovers
|upkeep
|turn|3
|
|t:|1756217215
|switch|p1b: Kingambit|Kingambit, L50, F|100/100
|move|p1a: Primarina|Protect|p1a: Primarina
|-singleturn|p1a: Primarina|Protect
|move|p2b: Incineroar|Parting Shot|p1a: Primarina
|-activate|p1a: Primarina|move: Protect
|move|p2a: Slowbro|Scald|p1b: Kingambit
|-damage|p1b: Kingambit|62/100
|-status|p1b: Kingambit|brn
|
|-heal|p1a: Primarina|96/100|[from] Grassy Terrain
|-heal|p1b: Kingambit|68/100 brn|[from] Grassy Terrain
|-heal|p2a: Slowbro|46/100|[from] Grassy Terrain
|-heal|p2a: Slowbro|52/100|[from] item: Leftovers
|-damage|p1b: Kingambit|62/100 brn|[from] brn
|upkeep
|turn|4
|inactive|glubglobs has 30 seconds left.
|inactive|Rosarino has 30 seconds left.
|inactive|glubglobs has 20 seconds left.
|inactive|glubglobs has 15 seconds left.
|inactive|glubglobs has 10 seconds left.
|
|t:|1756217263
|move|p1a: Primarina|Hyper Voice|p2a: Slowbro|[spread] p2a,p2b
|-resisted|p2a: Slowbro
|-supereffective|p2b: Incineroar
|-damage|p2a: Slowbro|36/100
|-damage|p2b: Incineroar|43/100
|-enditem|p1a: Primarina|Throat Spray
|-boost|p1a: Primarina|spa|1|[from] item: Throat Spray
|move|p2b: Incineroar|Parting Shot|p1a: Primarina
|-unboost|p1a: Primarina|atk|1
|-unboost|p1a: Primarina|spa|1
|
|t:|1756217272
|switch|p2b: Rillaboom|Rillaboom, L50, M|100/100|[from] Parting Shot
|move|p1b: Kingambit|Kowtow Cleave|p2a: Slowbro
|-supereffective|p2a: Slowbro
|-damage|p2a: Slowbro|0 fnt
|faint|p2a: Slowbro
|
|-heal|p1a: Primarina|100/100|[from] Grassy Terrain
|-heal|p1b: Kingambit|68/100 brn|[from] Grassy Terrain
|-damage|p1b: Kingambit|62/100 brn|[from] brn
|upkeep
|
|t:|1756217285
|switch|p2a: Arcanine|Arcanine-Hisui, L50, M, tera:Grass|100/100
|turn|5
|
|t:|1756217301
|move|p2b: Rillaboom|Grassy Glide|p1a: Primarina
|-supereffective|p1a: Primarina
|-damage|p1a: Primarina|10/100
|move|p1b: Kingambit|Sucker Punch|p2a: Arcanine
|-damage|p2a: Arcanine|72/100
|move|p2a: Arcanine|Flare Blitz|p1b: Kingambit
|-supereffective|p1b: Kingambit
|-crit|p1b: Kingambit
|-damage|p1b: Kingambit|0 fnt
|faint|p1b: Kingambit
|-damage|p2a: Arcanine|62/100|[from] item: Life Orb
|move|p1a: Primarina|Moonblast|p2a: Arcanine
|-damage|p2a: Arcanine|4/100
|
|-heal|p2a: Arcanine|10/100|[from] Grassy Terrain
|-heal|p1a: Primarina|15/100|[from] Grassy Terrain
|-fieldend|move: Grassy Terrain
|upkeep
|
|t:|1756217323
|switch|p1b: Sneasler|Sneasler, L50, F|100/100
|turn|6
|
|t:|1756217338
|switch|p2a: Incineroar|Incineroar, L50, M|43/100
|-ability|p2a: Incineroar|Intimidate|boost
|-unboost|p1a: Primarina|atk|1
|-unboost|p1b: Sneasler|atk|1
|move|p1b: Sneasler|Close Combat|p2b: Rillaboom
|-damage|p2b: Rillaboom|55/100
|-unboost|p1b: Sneasler|def|1
|-unboost|p1b: Sneasler|spd|1
|move|p2b: Rillaboom|U-turn|p1a: Primarina
|-resisted|p1a: Primarina
|-damage|p1a: Primarina|0 fnt
|faint|p1a: Primarina
|
|t:|1756217359
|switch|p2b: Arcanine|Arcanine-Hisui, L50, M, tera:Grass|10/100|[from] U-turn
|
|upkeep
|
|t:|1756217362
|switch|p1a: Dragapult|Dragapult, L50, M|100/100
|turn|7
|
|t:|1756217378
|-terastallize|p1a: Dragapult|Dragon
|move|p2a: Incineroar|Fake Out|p1b: Sneasler
|-damage|p1b: Sneasler|72/100
|move|p1a: Dragapult|Dragon Darts|p2a: Incineroar
|-damage|p2a: Incineroar|0 fnt
|-anim|p1a: Dragapult|Dragon Darts|p2b: Arcanine
|-damage|p2b: Arcanine|0 fnt
|faint|p2a: Incineroar
|faint|p2b: Arcanine
|cant|p1b: Sneasler|flinch
|
|upkeep
|
|t:|1756217389
|switch|p2b: Rillaboom|Rillaboom, L50, M|55/100
|-fieldstart|move: Grassy Terrain|[from] ability: Grassy Surge|[of] p2b: Rillaboom
|turn|8
|
|t:|1756217397
|move|p2b: Rillaboom|Grassy Glide|p1b: Sneasler
|-resisted|p1b: Sneasler
|-damage|p1b: Sneasler|21/100
|move|p1a: Dragapult|Dragon Darts|p2b: Rillaboom
|-damage|p2b: Rillaboom|5/100
|-anim|p1a: Dragapult|Dragon Darts|p2b: Rillaboom
|-damage|p2b: Rillaboom|0 fnt
|faint|p2b: Rillaboom
|
|win|glubglobs
||Rosarino is ready for game 3.
|inactive|glubglobs has 30 seconds to confirm battle start!
||glubglobs is ready for game 3.
|uhtml|next|Next: Game 3 of 3
|l|☆glubglobs
|player|p1|
|j|☆glubglobs
|player|p1|glubglobs|cynthia|
