|j|☆Onemagician4496
|j|☆p3ds
|html|Onemagician4496p3ds    
|uhtml|bestof|Game 1 of a best-of-3
|t:|1784750534
|gametype|doubles
|player|p1|Onemagician4496|2|
|player|p2|p3ds|alec-anime|
|gen|9
|tier|[Gen 9 Champions] VGC 2026 Reg M-B (Bo3)
|rule|Species Clause: Limit one of each Pokémon
|rule|Item Clause: Limit 1 of each item
|clearpoke
|poke|p1|Charizard, L50, F, shiny|
|poke|p1|Metagross, L50, shiny|
|poke|p1|Hydreigon, L50, M|
|poke|p1|Incineroar, L50, F, shiny|
|poke|p1|Toxapex, L50, F, shiny|
|poke|p1|Annihilape, L50, M, shiny|
|poke|p2|Gengar, L50, M|
|poke|p2|Archaludon, L50, F|
|poke|p2|Politoed, L50, M, shiny|
|poke|p2|Swampert, L50, F|
|poke|p2|Vivillon-Continental, L50, F|
|poke|p2|Incineroar, L50, M|
|teampreview|4
|showteam|p1|Charizard||CharizarditeY|Blaze|HeatWave,WeatherBall,SolarBeam,Protect|Modest||F|||50|]Metagross||Metagrossite|ClearBody|PsychicFangs,BulletPunch,IcePunch,Protect|Jolly|||||50|]Hydreigon||ChoiceScarf|Levitate|DarkPulse,DracoMeteor,Snarl,EarthPower|Modest||M|||50|]Incineroar||SitrusBerry|Intimidate|FlareBlitz,ThroatChop,PartingShot,FakeOut|Impish||F|||50|]Toxapex||Leftovers|Regenerator|Infestation,Toxic,WideGuard,BanefulBunker|Relaxed||F|||50|]Annihilape||FocusSash|Defiant|PhantomForce,CloseCombat,RockTomb,Protect|Jolly||M|||50|
|showteam|p2|Gengar||Gengarite|CursedBody|ShadowBall,SludgeBomb,PerishSong,Protect|Modest||M|||50|]Archaludon||Leftovers|Stamina|ElectroShot,DragonPulse,FlashCannon,Protect|Bold||F|||50|]Politoed||SitrusBerry|Drizzle|WeatherBall,Hypnosis,PerishSong,Protect|Calm||M|||50|]Swampert||Swampertite|Torrent|WaveCrash,Earthquake,IcePunch,Protect|Adamant||F|||50|]Vivillon-Continental||FocusSash|CompoundEyes|Hurricane,SleepPowder,RagePowder,Protect|Timid||F|||50|]Incineroar||PasshoBerry|Intimidate|ThroatChop,FakeOut,PartingShot,Protect|Impish||M|||50|
|inactive|Battle timer is ON: inactive players will automatically lose when time's up. (requested by Onemagician4496)
|inactiveoff|Battle timer is now OFF.
|j| teslobo
|j| ZomalaVGC
|c|☆Onemagician4496|glhf
|j| bwhitevgc
|j| shadow193
|j| nkgill1101
|c|☆p3ds|GL&HF!
|j| MrGardnHose
|j| The Maknoon
|j| petethatgamesTTV
|j| JackWhiteVGC
|j| the gong lady
|j| splash2ndcousin
|
|t:|1784750659
|teamsize|p1|4
|teamsize|p2|4
|start
|switch|p1a: Metagross|Metagross, L50, shiny|100/100
|switch|p1b: Annihilape|Annihilape, L50, M, shiny|100/100
|switch|p2a: Yellow|Vivillon-Continental, L50, F|100/100
|switch|p2b: Blue|Swampert, L50, F|100/100
|turn|1
|
|t:|1784750689
|switch|p1a: Incineroar|Incineroar, L50, F, shiny|100/100
|-ability|p1a: Incineroar|Intimidate|boost
|-unboost|p2a: Yellow|atk|1
|-unboost|p2b: Blue|atk|1
|detailschange|p2b: Blue|Swampert-Mega, L50, F
|-mega|p2b: Blue|Swampert|Swampertite
|move|p1b: Annihilape|Rock Tomb|p2a: Yellow
|-supereffective|p2a: Yellow|2
|-enditem|p2a: Yellow|Focus Sash
|-damage|p2a: Yellow|1/100
|-unboost|p2a: Yellow|spe|1
|move|p2b: Blue|Earthquake|p1a: Incineroar|[spread] p1a,p1b
|-immune|p2a: Yellow
|-supereffective|p1a: Incineroar|1
|-damage|p1a: Incineroar|55/100
|-damage|p1b: Annihilape|63/100
|move|p2a: Yellow|Sleep Powder|p1b: Annihilape
|-status|p1b: Annihilape|slp|[from] move: Sleep Powder
|
|upkeep
|turn|2
|j| Autumnal Rein
|
|t:|1784750731
|cant|p1b: Annihilape|slp
|move|p2b: Blue|Earthquake|p1a: Incineroar|[spread] p1a,p1b
|-immune|p2a: Yellow
|-supereffective|p1a: Incineroar|1
|-damage|p1a: Incineroar|7/100
|-damage|p1b: Annihilape|27/100 slp
|-enditem|p1a: Incineroar|Sitrus Berry|[eat]
|-heal|p1a: Incineroar|32/100|[from] item: Sitrus Berry
|move|p2a: Yellow|Sleep Powder|p1a: Incineroar
|-status|p1a: Incineroar|slp|[from] move: Sleep Powder
|cant|p1a: Incineroar|slp
|
|upkeep
|turn|3
|j| Scotty1vgc
|
|t:|1784750753
|switch|p1a: Hydreigon|Hydreigon, L50, M|100/100
|move|p2a: Yellow|Protect|p2a: Yellow
|-singleturn|p2a: Yellow|Protect
|cant|p1b: Annihilape|slp
|move|p2b: Blue|Earthquake|p1b: Annihilape|[spread] p1b
|-activate|p2a: Yellow|move: Protect
|-immune|p1a: Hydreigon|[from] ability: Levitate
|-damage|p1b: Annihilape|0 fnt
|faint|p1b: Annihilape
|
|upkeep
|
|t:|1784750764
|switch|p1b: Metagross|Metagross, L50, shiny|100/100
|turn|4
|j| thepostmanp
|
|t:|1784750802
|detailschange|p1b: Metagross|Metagross-Mega, L50, shiny
|-mega|p1b: Metagross|Metagross|Metagrossite
|move|p2a: Yellow|Rage Powder|p2a: Yellow
|-singleturn|p2a: Yellow|move: Rage Powder
|move|p1a: Hydreigon|Snarl|p2b: Blue|[spread] p2a,p2b
|-damage|p2a: Yellow|0 fnt
|-damage|p2b: Blue|79/100
|-unboost|p2b: Blue|spa|1
|faint|p2a: Yellow
|move|p1b: Metagross|Psychic Fangs|p2b: Blue
|-damage|p2b: Blue|18/100
|move|p2b: Blue|Ice Punch|p1a: Hydreigon
|-supereffective|p1a: Hydreigon|1
|-damage|p1a: Hydreigon|49/100
|
|upkeep
|
|t:|1784750807
|switch|p2a: Aqua|Politoed, L50, M, shiny|100/100
|-weather|RainDance|[from] ability: Drizzle|[of] p2a: Aqua
|turn|5
|j| WarlogFV
|l| thepostmanp
|l| Scotty1vgc
|j| thepostmanp
|
|t:|1784750867
|switch|p1a: Incineroar|Incineroar, L50, F, shiny|32/100 slp
|-ability|p1a: Incineroar|Intimidate|boost
|-unboost|p2a: Aqua|atk|1
|-unboost|p2b: Blue|atk|1
|move|p2b: Blue|Wave Crash|p1a: Incineroar
|-supereffective|p1a: Incineroar|1
|-damage|p1a: Incineroar|0 fnt
|faint|p1a: Incineroar
|-damage|p2b: Blue|6/100|[from] Recoil
|move|p1b: Metagross|Psychic Fangs|p2b: Blue
|-damage|p2b: Blue|0 fnt
|faint|p2b: Blue
|move|p2a: Aqua|Hypnosis|p1b: Metagross|[miss]
|-miss|p2a: Aqua|p1b: Metagross
|
|-weather|RainDance|[upkeep]
|upkeep
|
|t:|1784750880
|switch|p2b: Flowery|Archaludon, L50, F|100/100
|switch|p1a: Hydreigon|Hydreigon, L50, M|49/100
|turn|6
|j| delucieous
|
|t:|1784750941
|move|p1a: Hydreigon|Draco Meteor|p2b: Flowery|[miss]
|-miss|p1a: Hydreigon|p2b: Flowery
|move|p1b: Metagross|Ice Punch|p2b: Flowery
|-damage|p2b: Flowery|77/100
|-ability|p2b: Flowery|Stamina|boost
|-boost|p2b: Flowery|def|1
|move|p2b: Flowery|Dragon Pulse|p1a: Hydreigon
|-supereffective|p1a: Hydreigon|1
|-damage|p1a: Hydreigon|0 fnt
|faint|p1a: Hydreigon
|move|p2a: Aqua|Perish Song|p2a: Aqua
|-start|p1b: Metagross|perish3|[silent]
|-start|p2a: Aqua|perish3|[silent]
|-start|p2b: Flowery|perish3|[silent]
|-fieldactivate|move: Perish Song
|
|-weather|RainDance|[upkeep]
|-heal|p2b: Flowery|83/100|[from] item: Leftovers
|-start|p1b: Metagross|perish3
|-start|p2b: Flowery|perish3
|-start|p2a: Aqua|perish3
|upkeep
|turn|7
|j| RadiantSteelix
|j| Jarshall
|l| WarlogFV
|j| WarlogFV
|l| thepostmanp
|j| thepostmanp
|
|t:|1784750964
|move|p2a: Aqua|Protect|p2a: Aqua
|-singleturn|p2a: Aqua|Protect
|move|p1b: Metagross|Psychic Fangs|p2a: Aqua
|-activate|p2a: Aqua|move: Protect
|move|p2b: Flowery|Electro Shot||[still]
|-prepare|p2b: Flowery|Electro Shot
|-boost|p2b: Flowery|spa|1
|-anim|p2b: Flowery|Electro Shot|p1b: Metagross
|-damage|p1b: Metagross|47/100
|
|-weather|RainDance|[upkeep]
|-heal|p2b: Flowery|89/100|[from] item: Leftovers
|-start|p1b: Metagross|perish2
|-start|p2b: Flowery|perish2
|-start|p2a: Aqua|perish2
|upkeep
|turn|8
|-message|Onemagician4496 forfeited.
|
|win|p3ds
||Onemagician4496 is ready for game 2.
||p3ds is ready for game 2.
|uhtml|next|Next: Game 2 of 3
|l| Jarshall
|l| delucieous
|l| the gong lady
|j| FBISurveillanceMan
|l|☆Onemagician4496
|player|p1|
|l| WarlogFV
|l| MrGardnHose
|l| nkgill1101
|l| bwhitevgc
|l| The Maknoon
|l| petethatgamesTTV
|l| Autumnal Rein
|l| splash2ndcousin
|j| ab0ve5029
|l| thepostmanp
|l| FBISurveillanceMan
|l| ab0ve5029
|j| KrisKiwii
|l| KrisKiwii
|j|☆Onemagician4496
|player|p1|Onemagician4496|2|
|n| ChampionsOrInsane|onemagician4496
