|j|☆BackPAC
|j|☆Sildurah
|html|BackPACSildurah    
|uhtml|bestof|Game 2 of a best-of-3
|t:|1755290331
|gametype|doubles
|player|p1|BackPAC|burglar|1319
|player|p2|Sildurah|n|1396
|gen|9
|tier|[Gen 9] VGC 2025 Reg H (Bo3)
|rated|
|rule|Species Clause: Limit one of each Pokémon
|rule|Item Clause: Limit 1 of each item
|clearpoke
|poke|p1|Whimsicott, L50, F|
|poke|p1|Annihilape, L50, M|
|poke|p1|Sneasler, L50, F|
|poke|p1|Archaludon, L50, M|
|poke|p1|Rillaboom, L50, F|
|poke|p1|Dragapult, L50, M|
|poke|p2|Maushold, L50|
|poke|p2|Annihilape, L50, M|
|poke|p2|Archaludon, L50, F|
|poke|p2|Grimmsnarl, L50, M|
|poke|p2|Rillaboom, L50, F|
|poke|p2|Incineroar, L50, M|
|teampreview|4
|showteam|p1|Whimsicott||CovertCloak|Prankster|Tailwind,Taunt,BeatUp,Moonblast|||F|||50|,,,,,Water]Annihilape||SafetyGoggles|Defiant|Protect,BulkUp,RageFist,DrainPunch|||M|||50|,,,,,Water]Sneasler||FocusSash|Unburden|Protect,Coaching,CloseCombat,DireClaw|||F|||50|,,,,,Stellar]Archaludon||PowerHerb|Sturdy|Protect,ElectroShot,DragonPulse,FlashCannon|||M|||50|,,,,,Stellar]Rillaboom||AssaultVest|GrassySurge|FakeOut,GrassyGlide,HighHorsepower,WoodHammer|||F|||50|,,,,,Fire]Dragapult||ChoiceBand|ClearBody|Uturn,TeraBlast,DragonDarts,PhantomForce|||M|||50|,,,,,Ghost
|showteam|p2|Maushold||SafetyGoggles|FriendGuard|FollowMe,Protect,RainDance,BeatUp||||||50|,,,,,Ghost]Annihilape||Leftovers|Defiant|DrainPunch,BulkUp,RageFist,Protect|||M|||50|,,,,,Water]Archaludon||AssaultVest|Stamina|FlashCannon,BodyPress,ElectroShot,Snarl|||F|||50|,,,,,Bug]Grimmsnarl||LightClay|Prankster|Reflect,LightScreen,SpiritBreak,ThunderWave|||M|||50|,,,,,Ghost]Rillaboom||ChoiceBand|GrassySurge|GrassyGlide,HighHorsepower,Uturn,WoodHammer|||F|||50|,,,,,Grass]Incineroar||SitrusBerry|Intimidate|FakeOut,PartingShot,KnockOff,FlareBlitz|||M|||50|,,,,,Ghost
|inactive|Battle timer is ON: inactive players will automatically lose when time's up. (requested by Sildurah)
|j| Arkhept
|inactive|BackPAC has 60 seconds left.
|inactive|Sildurah has 60 seconds left.
|l| Arkhept
|
|t:|1755290370
|teamsize|p1|4
|teamsize|p2|4
|start
|switch|p1a: Whimsicott|Whimsicott, L50, F|100/100
|switch|p1b: Annihilape|Annihilape, L50, M|100/100
|switch|p2a: Maushold|Maushold, L50|100/100
|switch|p2b: Annihilape|Annihilape, L50, M|100/100
|turn|1
|
|t:|1755290390
|-terastallize|p1b: Annihilape|Water
|-terastallize|p2b: Annihilape|Water
|move|p2a: Maushold|Beat Up|p2b: Annihilape
|-damage|p2b: Annihilape|99/100
|-damage|p2b: Annihilape|96/100
|-damage|p2b: Annihilape|94/100
|-damage|p2b: Annihilape|91/100
|-hitcount|p2b: Annihilape|4
|move|p1a: Whimsicott|Beat Up|p1b: Annihilape
|-damage|p1b: Annihilape|98/100
|-damage|p1b: Annihilape|95/100
|-damage|p1b: Annihilape|92/100
|-damage|p1b: Annihilape|90/100
|-hitcount|p1b: Annihilape|4
|move|p1b: Annihilape|Bulk Up|p1b: Annihilape
|-boost|p1b: Annihilape|atk|1
|-boost|p1b: Annihilape|def|1
|move|p2b: Annihilape|Rage Fist|p1a: Whimsicott
|-damage|p1a: Whimsicott|0 fnt
|faint|p1a: Whimsicott
|
|-heal|p2b: Annihilape|97/100|[from] item: Leftovers
|upkeep
|
|t:|1755290398
|switch|p1a: Sneasler|Sneasler, L50, F|100/100
|turn|2
|inactive|Sildurah has 30 seconds left.
|
|t:|1755290432
|move|p2a: Maushold|Follow Me|p2a: Maushold
|-singleturn|p2a: Maushold|move: Follow Me
|move|p1a: Sneasler|Close Combat|p2a: Maushold
|-supereffective|p2a: Maushold
|-damage|p2a: Maushold|0 fnt
|-unboost|p1a: Sneasler|def|1
|-unboost|p1a: Sneasler|spd|1
|faint|p2a: Maushold
|move|p1b: Annihilape|Rage Fist|p2b: Annihilape
|-damage|p2b: Annihilape|0 fnt
|faint|p2b: Annihilape
|
|upkeep
|
|t:|1755290436
|switch|p2a: Archaludon|Archaludon, L50, F|100/100
|switch|p2b: Rillaboom|Rillaboom, L50, F|100/100
|-fieldstart|move: Grassy Terrain|[from] ability: Grassy Surge|[of] p2b: Rillaboom
|turn|3
|
|t:|1755290448
|move|p1a: Sneasler|Protect|p1a: Sneasler
|-singleturn|p1a: Sneasler|Protect
|move|p1b: Annihilape|Protect|p1b: Annihilape
|-singleturn|p1b: Annihilape|Protect
|move|p2b: Rillaboom|Grassy Glide|p1b: Annihilape
|-activate|p1b: Annihilape|move: Protect
|move|p2a: Archaludon|Flash Cannon|p1a: Sneasler
|-activate|p1a: Sneasler|move: Protect
|
|-heal|p1b: Annihilape|96/100|[from] Grassy Terrain
|upkeep
|turn|4
|inactive|BackPAC has 30 seconds left.
|
|t:|1755290477
|move|p2b: Rillaboom|Grassy Glide|p1b: Annihilape
|-supereffective|p1b: Annihilape
|-crit|p1b: Annihilape
|-damage|p1b: Annihilape|0 fnt
|faint|p1b: Annihilape
|move|p1a: Sneasler|Dire Claw|p2b: Rillaboom
|-supereffective|p2b: Rillaboom
|-damage|p2b: Rillaboom|18/100
|move|p2a: Archaludon|Flash Cannon|p1a: Sneasler
|-damage|p1a: Sneasler|29/100
|-unboost|p1a: Sneasler|spd|1
|
|-heal|p1a: Sneasler|34/100|[from] Grassy Terrain
|-heal|p2b: Rillaboom|24/100|[from] Grassy Terrain
|upkeep
|
|t:|1755290483
|switch|p1b: Rillaboom|Rillaboom, L50, F|100/100
|turn|5
|inactive|BackPAC has 30 seconds left.
|inactive|Sildurah has 30 seconds left.
|inactive|BackPAC has 20 seconds left.
|
|t:|1755290522
|move|p1b: Rillaboom|Fake Out|p2b: Rillaboom
|-damage|p2b: Rillaboom|7/100
|cant|p2b: Rillaboom|flinch
|move|p1a: Sneasler|Close Combat|p2a: Archaludon
|-supereffective|p2a: Archaludon
|-crit|p2a: Archaludon
|-damage|p2a: Archaludon|0 fnt
|-unboost|p1a: Sneasler|def|1
|-unboost|p1a: Sneasler|spd|1
|faint|p2a: Archaludon
|
|-heal|p1a: Sneasler|40/100|[from] Grassy Terrain
|-heal|p2b: Rillaboom|14/100|[from] Grassy Terrain
|upkeep
|turn|6
|-message|Sildurah forfeited.
|
|win|BackPAC
|raw|BackPAC's rating: 1319 → 1343(+24 for winning)
|raw|Sildurah's rating: 1396 → 1372(-24 for losing)
|l|☆Sildurah
|player|p2|
