|j|☆MazapanAzteca
|j|☆jar55
|html|MazapanAztecajar55    
|uhtml|bestof|Game 3 of a best-of-3
|t:|1756765717
|gametype|doubles
|player|p1|MazapanAzteca|ingo|1130
|player|p2|jar55|bugsy|1055
|gen|9
|tier|[Gen 9] VGC 2025 Reg H (Bo3)
|rated|
|rule|Species Clause: Limit one of each Pokémon
|rule|Item Clause: Limit 1 of each item
|clearpoke
|poke|p1|Dragonite, L50, F|
|poke|p1|Sneasler, L50, M|
|poke|p1|Gholdengo, L50|
|poke|p1|Rillaboom, L50, F|
|poke|p1|Arcanine-Hisui, L50, M|
|poke|p1|Ninetales-Alola, L50, M|
|poke|p2|Smeargle, L50, M|
|poke|p2|Gothitelle, L50, M|
|poke|p2|Volcarona, L50, M|
|poke|p2|Annihilape, L50, M|
|poke|p2|Gholdengo, L50|
|poke|p2|Ursaluna, L50, M|
|teampreview|4
|showteam|p1|Dragonite||LoadedDice|Multiscale|ScaleShot,StompingTantrum,Protect,Tailwind|||F|||50|,,,,,Ground]Sneasler||WhiteHerb|Unburden|CloseCombat,DireClaw,Protect,Coaching|||M|||50|,,,,,Ghost]Gholdengo||GrassySeed|GoodasGold|MakeItRain,ShadowBall,Protect,NastyPlot||||||50|,,,,,Water]Rillaboom||AssaultVest|GrassySurge|DrumBeating,GrassyGlide,HighHorsepower,FakeOut|||F|||50|,,,,,Fire]Arcanine-Hisui||ClearAmulet|Intimidate|FlareBlitz,RockSlide,ExtremeSpeed,Protect|||M|||50|,,,,,Water]Ninetales-Alola||FocusSash|SnowWarning|Blizzard,IcyWind,Encore,AuroraVeil|||M|||50|,,,,,Ghost
|showteam|p2|Smeargle||FocusSash|Moody|FakeOut,Spore,PerishSong,PartingShot|||M|||50|,,,,,Ghost]Gothitelle||SitrusBerry|ShadowTag|FakeOut,Taunt,TrickRoom,Protect|||M|||50|,,,,,Dark]Volcarona||Leftovers|FlameBody|FieryDance,GigaDrain,QuiverDance,Protect|||M|||50|,,,,,Grass]Annihilape||SafetyGoggles|Defiant|RageFist,CloseCombat,FinalGambit,Protect|||M|||50|,,,,,Normal]Gholdengo||LifeOrb|GoodasGold|MakeItRain,ShadowBall,NastyPlot,Protect||||||50|,,,,,Water]Ursaluna||FlameOrb|Guts|Facade,HeadlongRush,Earthquake,Protect|||M|||50|,,,,,Ghost
|inactive|Battle timer is ON: inactive players will automatically lose when time's up. (requested by jar55)
|inactive|MazapanAzteca has 60 seconds left.
|
|t:|1756765765
|teamsize|p1|4
|teamsize|p2|4
|start
|switch|p1a: Dragonite|Dragonite, L50, F|100/100
|switch|p1b: Ninetales|Ninetales-Alola, L50, M|100/100
|switch|p2a: Smeargle|Smeargle, L50, M|100/100
|switch|p2b: Volcarona|Volcarona, L50, M|100/100
|-weather|Snowscape|[from] ability: Snow Warning|[of] p1b: Ninetales
|turn|1
|inactive|MazapanAzteca has 30 seconds left.
|inactive|jar55 has 30 seconds left.
|inactive|MazapanAzteca has 20 seconds left.
|inactive|jar55 has 20 seconds left.
|inactive|jar55 has 15 seconds left.
|inactive|MazapanAzteca has 15 seconds left.
|inactive|jar55 has 10 seconds left.
|
|t:|1756765815
|move|p1b: Ninetales|Encore||[still]
|-fail|p1b: Ninetales
|move|p2a: Smeargle|Spore|p1a: Dragonite
|-status|p1a: Dragonite|slp|[from] move: Spore
|cant|p1a: Dragonite|slp
|move|p2b: Volcarona|Fiery Dance|p1b: Ninetales
|-supereffective|p1b: Ninetales
|-damage|p1b: Ninetales|3/100
|
|-weather|Snowscape|[upkeep]
|-ability|p2a: Smeargle|Moody|boost
|-boost|p2a: Smeargle|spa|2
|-unboost|p2a: Smeargle|atk|1
|upkeep
|turn|2
|inactive|jar55 has 30 seconds left.
|
|t:|1756765849
|move|p1b: Ninetales|Icy Wind|p2a: Smeargle|[spread] p2a,p2b
|-resisted|p2b: Volcarona
|-damage|p2a: Smeargle|70/100
|-damage|p2b: Volcarona|94/100
|-unboost|p2a: Smeargle|spe|1
|-unboost|p2b: Volcarona|spe|1
|cant|p1a: Dragonite|slp
|move|p2a: Smeargle|Spore|p1b: Ninetales
|-status|p1b: Ninetales|slp|[from] move: Spore
|move|p2b: Volcarona|Quiver Dance|p2b: Volcarona
|-boost|p2b: Volcarona|spa|1
|-boost|p2b: Volcarona|spd|1
|-boost|p2b: Volcarona|spe|1
|
|-weather|Snowscape|[upkeep]
|-heal|p2b: Volcarona|99/100|[from] item: Leftovers
|-ability|p2a: Smeargle|Moody|boost
|-boost|p2a: Smeargle|spa|2
|-unboost|p2a: Smeargle|def|1
|upkeep
|turn|3
|inactive|MazapanAzteca has 30 seconds left.
|inactive|jar55 has 30 seconds left.
|inactive|MazapanAzteca has 20 seconds left.
|inactive|MazapanAzteca has 15 seconds left.
|
|t:|1756765891
|cant|p1b: Ninetales|slp
|-curestatus|p1a: Dragonite|slp|[msg]
|move|p1a: Dragonite|Scale Shot|p2a: Smeargle
|-damage|p2a: Smeargle|20/100
|-damage|p2a: Smeargle|0 fnt
|faint|p2a: Smeargle
|-hitcount|p2: Smeargle|2
|-unboost|p1a: Dragonite|def|1
|-boost|p1a: Dragonite|spe|1
|move|p2b: Volcarona|Fiery Dance|p1b: Ninetales
|-supereffective|p1b: Ninetales
|-damage|p1b: Ninetales|0 fnt
|faint|p1b: Ninetales
|
|-weather|Snowscape|[upkeep]
|-heal|p2b: Volcarona|100/100|[from] item: Leftovers
|upkeep
|
|t:|1756765908
|switch|p1b: Rillaboom|Rillaboom, L50, F|100/100
|switch|p2a: Gothitelle|Gothitelle, L50, M|100/100
|-fieldstart|move: Grassy Terrain|[from] ability: Grassy Surge|[of] p1b: Rillaboom
|turn|4
|inactive|MazapanAzteca has 30 seconds left.
|inactive|jar55 has 30 seconds left.
|inactive|jar55 has 20 seconds left.
|inactive|jar55 has 15 seconds left.
|
|t:|1756765948
|-terastallize|p1b: Rillaboom|Fire
|move|p1b: Rillaboom|Fake Out|p2a: Gothitelle
|-damage|p2a: Gothitelle|88/100
|cant|p2a: Gothitelle|flinch
|move|p1a: Dragonite|Scale Shot|p2b: Volcarona
|-damage|p2b: Volcarona|82/100
|-damage|p2b: Volcarona|66/100
|-damage|p2b: Volcarona|50/100
|-damage|p2b: Volcarona|32/100
|-damage|p2b: Volcarona|16/100
|-hitcount|p2b: Volcarona|5
|-unboost|p1a: Dragonite|def|1
|-boost|p1a: Dragonite|spe|1
|move|p2b: Volcarona|Fiery Dance|p1b: Rillaboom
|-resisted|p1b: Rillaboom
|-damage|p1b: Rillaboom|74/100
|-boost|p2b: Volcarona|spa|1
|
|-weather|Snowscape|[upkeep]
|-heal|p1b: Rillaboom|80/100|[from] Grassy Terrain
|-heal|p2b: Volcarona|22/100|[from] Grassy Terrain
|-heal|p2b: Volcarona|29/100|[from] item: Leftovers
|-heal|p2a: Gothitelle|94/100|[from] Grassy Terrain
|upkeep
|turn|5
|inactive|MazapanAzteca has 30 seconds left.
|
|t:|1756765978
|move|p2b: Volcarona|Protect|p2b: Volcarona
|-singleturn|p2b: Volcarona|Protect
|move|p1a: Dragonite|Scale Shot|p2a: Gothitelle
|-damage|p2a: Gothitelle|79/100
|-crit|p2a: Gothitelle
|-damage|p2a: Gothitelle|54/100
|-damage|p2a: Gothitelle|38/100
|-enditem|p2a: Gothitelle|Sitrus Berry|[eat]
|-heal|p2a: Gothitelle|63/100|[from] item: Sitrus Berry
|-damage|p2a: Gothitelle|47/100
|-hitcount|p2a: Gothitelle|4
|-unboost|p1a: Dragonite|def|1
|-boost|p1a: Dragonite|spe|1
|move|p1b: Rillaboom|Drum Beating|p2a: Gothitelle
|-damage|p2a: Gothitelle|0 fnt
|faint|p2a: Gothitelle
|
|-weather|none
|-heal|p1b: Rillaboom|86/100|[from] Grassy Terrain
|-heal|p2b: Volcarona|35/100|[from] Grassy Terrain
|-heal|p2b: Volcarona|41/100|[from] item: Leftovers
|upkeep
|
|t:|1756765993
|switch|p2a: Ursaluna|Ursaluna, L50, M|100/100
|turn|6
|inactive|MazapanAzteca has 30 seconds left.
|inactive|jar55 has 30 seconds left.
|inactive|MazapanAzteca has 20 seconds left.
|inactive|jar55 has 20 seconds left.
|
|t:|1756766029
|-terastallize|p2a: Ursaluna|Ghost
|move|p1a: Dragonite|Scale Shot|p2b: Volcarona
|-damage|p2b: Volcarona|25/100
|-damage|p2b: Volcarona|8/100
|-damage|p2b: Volcarona|0 fnt
|faint|p2b: Volcarona
|-hitcount|p2: Volcarona|3
|-unboost|p1a: Dragonite|def|1
|-boost|p1a: Dragonite|spe|1
|move|p1b: Rillaboom|Drum Beating|p2a: Ursaluna
|-damage|p2a: Ursaluna|66/100
|-unboost|p2a: Ursaluna|spe|1
|move|p2a: Ursaluna|Headlong Rush|p1b: Rillaboom
|-supereffective|p1b: Rillaboom
|-damage|p1b: Rillaboom|0 fnt
|-unboost|p2a: Ursaluna|def|1
|-unboost|p2a: Ursaluna|spd|1
|faint|p1b: Rillaboom
|
|-heal|p2a: Ursaluna|72/100|[from] Grassy Terrain
|-status|p2a: Ursaluna|brn|[from] item: Flame Orb
|upkeep
|-message|jar55 forfeited.
|
|win|MazapanAzteca
|raw|MazapanAzteca's rating: 1130 → 1150(+20 for winning)
|raw|jar55's rating: 1055 → 1041(-14 for losing)
|l|☆jar55
|player|p2|
