|j|☆hungry hillo
|j|☆WhiteBookVGC
|html|hungry hilloWhiteBookVGC    
|uhtml|bestof|Game 2 of a best-of-3
|t:|1756758643
|gametype|doubles
|player|p1|hungry hillo|n|1165
|player|p2|WhiteBookVGC|lyra|1097
|gen|9
|tier|[Gen 9] VGC 2025 Reg H (Bo3)
|rated|
|rule|Species Clause: Limit one of each Pokémon
|rule|Item Clause: Limit 1 of each item
|clearpoke
|poke|p1|Sneasler, L50, F|
|poke|p1|Clefable, L50, M|
|poke|p1|Gholdengo, L50|
|poke|p1|Rillaboom, L50, M|
|poke|p1|Dragapult, L50, F|
|poke|p1|Incineroar, L50, F|
|poke|p2|Archaludon, L50, F|
|poke|p2|Incineroar, L50, M|
|poke|p2|Pelipper, L50, F|
|poke|p2|Amoonguss, L50, M|
|poke|p2|Basculegion, L50, M|
|poke|p2|Gholdengo, L50|
|teampreview|4
|showteam|p1|Sneasler||FocusSash|Unburden|CloseCombat,DireClaw,Protect,ThroatChop|||F|||50|,,,,,Dark]Clefable||RockyHelmet|Unaware|Moonblast,IcyWind,FollowMe,Protect|||M|||50|,,,,,Water]Gholdengo||LifeOrb|GoodasGold|MakeItRain,ShadowBall,NastyPlot,Protect||||||50|,,,,,Water]Rillaboom||AssaultVest|GrassySurge|WoodHammer,GrassyGlide,HighHorsepower,FakeOut|||M|||50|,,,,,Fire]Dragapult||ChoiceSpecs|ClearBody|ShadowBall,Flamethrower,Thunderbolt,DracoMeteor|||F|||50|,,,,,Fire]Incineroar||SitrusBerry|Intimidate|FakeOut,KnockOff,PartingShot,FlareBlitz|||F|||50|,,,,,Bug
|showteam|p2|Archaludon||AssaultVest|Stamina|DragonPulse,FlashCannon,ElectroShot,BodyPress|||F|||50|,,,,,Fairy]Incineroar||SafetyGoggles|Intimidate|KnockOff,FlareBlitz,PartingShot,FakeOut|||M|||50|,,,,,Ghost]Pelipper||FocusSash|Drizzle|MuddyWater,Hurricane,Tailwind,Protect|||F|||50|,,,,,Grass]Amoonguss||SitrusBerry|Regenerator|Spore,RagePowder,PollenPuff,Protect|||M|||50|,,,,,Water]Basculegion||ChoiceScarf|Adaptability|AquaJet,WaveCrash,LastRespects,FlipTurn|||M|||50|,,,,,Water]Gholdengo||LifeOrb|GoodasGold|MakeItRain,ShadowBall,NastyPlot,Protect||||||50|,,,,,Dragon
|inactive|Battle timer is ON: inactive players will automatically lose when time's up. (requested by hungry hillo)
|inactive|WhiteBookVGC has 60 seconds left.
|
|t:|1756758698
|teamsize|p1|4
|teamsize|p2|4
|start
|switch|p1a: ƁºƁ|Sneasler, L50, F|100/100
|switch|p1b: Dragapult|Dragapult, L50, F|100/100
|switch|p2a: Amoonguss|Amoonguss, L50, M, shiny|100/100
|switch|p2b: Gholdengo|Gholdengo, L50, shiny|100/100
|turn|1
|
|t:|1756758721
|-terastallize|p1b: Dragapult|Fire
|move|p2a: Amoonguss|Rage Powder|p2a: Amoonguss
|-singleturn|p2a: Amoonguss|move: Rage Powder
|move|p1b: Dragapult|Flamethrower|p2a: Amoonguss
|-supereffective|p2a: Amoonguss
|-damage|p2a: Amoonguss|0 fnt
|faint|p2a: Amoonguss
|move|p1a: ƁºƁ|Throat Chop|p2b: Gholdengo
|-supereffective|p2b: Gholdengo
|-damage|p2b: Gholdengo|32/100
|-start|p2b: Gholdengo|Throat Chop|[silent]
|move|p2b: Gholdengo|Nasty Plot|p2b: Gholdengo
|-boost|p2b: Gholdengo|spa|2
|
|upkeep
|
|t:|1756758735
|switch|p2a: Pelipper|Pelipper, L50, F, shiny|100/100
|-weather|RainDance|[from] ability: Drizzle|[of] p2a: Pelipper
|turn|2
|inactive|hungry hillo has 30 seconds left.
|inactive|hungry hillo has 20 seconds left.
|inactive|hungry hillo has 15 seconds left.
|inactive|hungry hillo has 10 seconds left.
|
|t:|1756758784
|switch|p1b: Dk|Rillaboom, L50, M|100/100
|-fieldstart|move: Grassy Terrain|[from] ability: Grassy Surge|[of] p1b: Dk
|move|p2b: Gholdengo|Protect|p2b: Gholdengo
|-singleturn|p2b: Gholdengo|Protect
|move|p1a: ƁºƁ|Throat Chop|p2b: Gholdengo
|-activate|p2b: Gholdengo|move: Protect
|move|p2a: Pelipper|Tailwind|p2a: Pelipper
|-sidestart|p2: WhiteBookVGC|move: Tailwind
|
|-weather|RainDance|[upkeep]
|-heal|p2b: Gholdengo|38/100|[from] Grassy Terrain
|-end|p2b: Gholdengo|Throat Chop|[silent]
|upkeep
|turn|3
|
|t:|1756758809
|switch|p2a: Archaludon|Archaludon, L50, F, shiny|100/100
|move|p1b: Dk|Fake Out|p2a: Archaludon
|-resisted|p2a: Archaludon
|-damage|p2a: Archaludon|95/100
|-ability|p2a: Archaludon|Stamina|boost
|-boost|p2a: Archaludon|def|1
|move|p2b: Gholdengo|Make It Rain|p1b: Dk|[spread] p1a,p1b
|-enditem|p1a: ƁºƁ|Focus Sash
|-damage|p1a: ƁºƁ|1/100
|-damage|p1b: Dk|9/100
|-unboost|p2b: Gholdengo|spa|1
|-damage|p2b: Gholdengo|28/100|[from] item: Life Orb
|move|p1a: ƁºƁ|Throat Chop|p2b: Gholdengo
|-supereffective|p2b: Gholdengo
|-crit|p2b: Gholdengo
|-damage|p2b: Gholdengo|0 fnt
|faint|p2b: Gholdengo
|
|-weather|RainDance|[upkeep]
|-heal|p1a: ƁºƁ|7/100|[from] Grassy Terrain
|-heal|p2a: Archaludon|100/100|[from] Grassy Terrain
|-heal|p1b: Dk|15/100|[from] Grassy Terrain
|upkeep
|
|t:|1756758824
|switch|p2b: Pelipper|Pelipper, L50, F, shiny|100/100
|turn|4
|
|t:|1756758836
|-terastallize|p2a: Archaludon|Fairy
|move|p1a: ƁºƁ|Protect|p1a: ƁºƁ
|-singleturn|p1a: ƁºƁ|Protect
|move|p2b: Pelipper|Protect|p2b: Pelipper
|-singleturn|p2b: Pelipper|Protect
|move|p1b: Dk|Grassy Glide|p2b: Pelipper
|-activate|p2b: Pelipper|move: Protect
|move|p2a: Archaludon|Electro Shot||[still]
|-prepare|p2a: Archaludon|Electro Shot
|-boost|p2a: Archaludon|spa|1
|-anim|p2a: Archaludon|Electro Shot|p1a: ƁºƁ
|-activate|p1a: ƁºƁ|move: Protect
|
|-weather|RainDance|[upkeep]
|-heal|p1a: ƁºƁ|13/100|[from] Grassy Terrain
|-heal|p1b: Dk|21/100|[from] Grassy Terrain
|upkeep
|turn|5
|inactive|WhiteBookVGC has 30 seconds left.
|
|t:|1756758870
|switch|p1a: Incineroar|Incineroar, L50, F|100/100
|-ability|p1a: Incineroar|Intimidate|boost
|-unboost|p2a: Archaludon|atk|1
|-unboost|p2b: Pelipper|atk|1
|move|p1b: Dk|Grassy Glide|p2b: Pelipper
|-damage|p2b: Pelipper|48/100
|move|p2a: Archaludon|Electro Shot||[still]
|-prepare|p2a: Archaludon|Electro Shot
|-boost|p2a: Archaludon|spa|1
|-anim|p2a: Archaludon|Electro Shot|p1a: Incineroar
|-damage|p1a: Incineroar|28/100
|-enditem|p1a: Incineroar|Sitrus Berry|[eat]
|-heal|p1a: Incineroar|52/100|[from] item: Sitrus Berry
|move|p2b: Pelipper|Muddy Water|p1a: Incineroar|[spread] p1a,p1b
|-supereffective|p1a: Incineroar
|-resisted|p1b: Dk
|-damage|p1a: Incineroar|0 fnt
|-damage|p1b: Dk|2/100
|faint|p1a: Incineroar
|
|-weather|RainDance|[upkeep]
|-heal|p1b: Dk|8/100|[from] Grassy Terrain
|-sideend|p2: WhiteBookVGC|move: Tailwind
|upkeep
|
|t:|1756758887
|switch|p1a: ƁºƁ|Sneasler, L50, F|13/100
|turn|6
|
|t:|1756758902
|move|p2b: Pelipper|Protect|p2b: Pelipper
|-singleturn|p2b: Pelipper|Protect
|move|p1b: Dk|Grassy Glide|p2b: Pelipper
|-activate|p2b: Pelipper|move: Protect
|move|p1a: ƁºƁ|Dire Claw|p2a: Archaludon
|-supereffective|p2a: Archaludon
|-damage|p2a: Archaludon|53/100
|-status|p2a: Archaludon|psn
|-ability|p2a: Archaludon|Stamina|boost
|-boost|p2a: Archaludon|def|1
|move|p2a: Archaludon|Electro Shot||[still]
|-prepare|p2a: Archaludon|Electro Shot
|-boost|p2a: Archaludon|spa|1
|-anim|p2a: Archaludon|Electro Shot|p1b: Dk
|-resisted|p1b: Dk
|-damage|p1b: Dk|0 fnt
|faint|p1b: Dk
|
|-weather|none
|-heal|p1a: ƁºƁ|19/100|[from] Grassy Terrain
|-heal|p2a: Archaludon|59/100 psn|[from] Grassy Terrain
|-damage|p2a: Archaludon|47/100 psn|[from] psn
|-fieldend|move: Grassy Terrain
|upkeep
|
|t:|1756758916
|switch|p1b: Dragapult|Dragapult, L50, F, tera:Fire|100/100
|turn|7
|
|t:|1756758924
|move|p1b: Dragapult|Thunderbolt|p2a: Archaludon
|-crit|p2a: Archaludon
|-damage|p2a: Archaludon|0 fnt
|faint|p2a: Archaludon
|move|p1a: ƁºƁ|Dire Claw|p2b: Pelipper
|-damage|p2b: Pelipper|0 fnt
|faint|p2b: Pelipper
|
|win|hungry hillo
||WhiteBookVGC is ready for game 3.
||hungry hillo is ready for game 3.
|uhtml|next|Next: Game 3 of 3
|l|☆hungry hillo
|player|p1|
