|j|☆Pareng Khufra
|j|☆komsu
|html|Pareng Khufrakomsu    
|uhtml|bestof|Game 2 of a best-of-3
|t:|1785251060
|gametype|doubles
|player|p1|Pareng Khufra|1|1324
|player|p2|komsu|gambler|1366
|gen|9
|tier|[Gen 9 Champions] VGC 2026 Reg M-B (Bo3)
|rated|
|rule|Species Clause: Limit one of each Pokémon
|rule|Item Clause: Limit 1 of each item
|clearpoke
|poke|p1|Gardevoir, L50, F|
|poke|p1|Kommo-o, L50, F|
|poke|p1|Talonflame, L50, F|
|poke|p1|Maushold, L50|
|poke|p1|Kingambit, L50, F|
|poke|p1|Basculegion, L50, M|
|poke|p2|Scizor, L50, M|
|poke|p2|Kommo-o, L50, F|
|poke|p2|Charizard, L50, M|
|poke|p2|Incineroar, L50, M|
|poke|p2|Whimsicott, L50, M|
|poke|p2|Basculegion, L50, M|
|teampreview|4
|showteam|p1|Gardevoir||Gardevoirite|Trace|HyperVoice,Psychic,Protect,Thunderbolt|Modest||F|||50|]Kommo-o||LifeOrb|Soundproof|ClangingScales,AuraSphere,DracoMeteor,Protect|Modest||F|||50|]Talonflame||SharpBeak|GaleWings|Tailwind,DualWingbeat,Protect,FlareBlitz|Jolly||F|||50|]Maushold||FocusSash|FriendGuard|Feint,SuperFang,Protect,FollowMe|Jolly|||||50|]Kingambit||ExpertBelt|Defiant|IronHead,SuckerPunch,LowKick,KowtowCleave|Jolly||F|||50|]Basculegion||ChoiceScarf|Adaptability|WaveCrash,LastRespects,FlipTurn,AquaJet|Jolly||M|||50|
|showteam|p2|Scizor||LifeOrb|Technician|BulletPunch,BrickBreak,DualWingbeat,Protect|Adamant||M|||50|]Kommo-o||Leftovers|Soundproof|AuraSphere,ClangingScales,ClangorousSoul,Protect|Modest||F|||50|]Charizard||CharizarditeY|Blaze|HeatWave,AncientPower,WeatherBall,Protect|Modest||M|||50|]Incineroar||SitrusBerry|Intimidate|ThroatChop,FlareBlitz,FakeOut,PartingShot|Impish||M|||50|]Whimsicott||FocusSash|Prankster|Moonblast,Tailwind,Protect,Encore|Timid||M|||50|]Basculegion||MysticWater|Adaptability|AquaJet,WaveCrash,LastRespects,Protect|Adamant||M|||50|
|inactive|Battle timer is ON: inactive players will automatically lose when time's up. (requested by Pareng Khufra)
|
|t:|1785251130
|teamsize|p1|4
|teamsize|p2|4
|start
|switch|p1a: Talonflame|Talonflame, L50, F|100/100
|switch|p1b: Gardevoir|Gardevoir, L50, F|100/100
|switch|p2a: Whimsicott|Whimsicott, L50, M|100/100
|switch|p2b: Charizard|Charizard, L50, M|100/100
|-ability|p1b: Gardevoir|Prankster|Trace|[from] ability: Trace|[of] p2a: Whimsicott
|turn|1
|
|t:|1785251151
|detailschange|p2b: Charizard|Charizard-Mega-Y, L50, M
|-mega|p2b: Charizard|Charizard|Charizardite Y
|-weather|SunnyDay|[from] ability: Drought|[of] p2b: Charizard
|detailschange|p1b: Gardevoir|Gardevoir-Mega, L50, F
|-mega|p1b: Gardevoir|Gardevoir|Gardevoirite
|move|p1a: Talonflame|Tailwind|p1a: Talonflame
|-sidestart|p1: Pareng Khufra|move: Tailwind
|move|p2a: Whimsicott|Tailwind|p2a: Whimsicott
|-sidestart|p2: komsu|move: Tailwind
|move|p1b: Gardevoir|Hyper Voice|p2a: Whimsicott|[spread] p2a,p2b
|-resisted|p2b: Charizard|1
|-damage|p2a: Whimsicott|7/100
|-damage|p2b: Charizard|75/100
|move|p2b: Charizard|Heat Wave|p1b: Gardevoir|[spread] p1a,p1b
|-resisted|p1a: Talonflame|1
|-damage|p1a: Talonflame|50/100g
|-damage|p1b: Gardevoir|42/100
|
|-weather|SunnyDay|[upkeep]
|upkeep
|turn|2
|inactive|Pareng Khufra has 30 seconds left.
|inactive|komsu has 30 seconds left.
|inactive|komsu has 20 seconds left.
|inactive|komsu has 15 seconds left.
|
|t:|1785251194
|move|p1a: Talonflame|Dual Wingbeat|p2b: Charizard
|-damage|p2b: Charizard|51/100
|-damage|p2b: Charizard|29/100
|-hitcount|p2b: Charizard|2
|move|p2a: Whimsicott|Moonblast|p1a: Talonflame
|-resisted|p1a: Talonflame|1
|-damage|p1a: Talonflame|24/100
|move|p1b: Gardevoir|Thunderbolt|p2b: Charizard
|-supereffective|p2b: Charizard|1
|-damage|p2b: Charizard|0 fnt
|faint|p2b: Charizard
|
|-weather|SunnyDay|[upkeep]
|upkeep
|
|t:|1785251204
|switch|p2b: Scizor|Scizor, L50, M|100/100
|turn|3
|
|t:|1785251227
|switch|p1b: Kingambit|Kingambit, L50, F|100/100
|move|p2a: Whimsicott|Encore|p1a: Talonflame
|-start|p1a: Talonflame|Encore
|move|p2b: Scizor|Bullet Punch|p1b: Kingambit
|-resisted|p1b: Kingambit|1
|-damage|p1b: Kingambit|80/100
|-damage|p2b: Scizor|90/100|[from] item: Life Orb
|move|p1a: Talonflame|Dual Wingbeat|p2a: Whimsicott
|-supereffective|p2a: Whimsicott|1
|-damage|p2a: Whimsicott|0 fnt
|faint|p2a: Whimsicott
|-hitcount|p2: Whimsicott|1
|
|-weather|SunnyDay|[upkeep]
|upkeep
|
|t:|1785251232
|switch|p2a: Kommo-o|Kommo-o, L50, F|100/100
|turn|4
|
|t:|1785251254
|move|p1b: Kingambit|Sucker Punch|p2b: Scizor
|-damage|p2b: Scizor|51/100
|move|p2b: Scizor|Bullet Punch|p1a: Talonflame
|-resisted|p1a: Talonflame|1
|-damage|p1a: Talonflame|0 fnt
|faint|p1a: Talonflame
|-damage|p2b: Scizor|41/100|[from] item: Life Orb
|move|p2a: Kommo-o|Clangorous Soul|p2a: Kommo-o
|-boost|p2a: Kommo-o|atk|1
|-boost|p2a: Kommo-o|def|1
|-boost|p2a: Kommo-o|spa|1
|-boost|p2a: Kommo-o|spd|1
|-boost|p2a: Kommo-o|spe|1
|-damage|p2a: Kommo-o|67/100
|
|-weather|SunnyDay|[upkeep]
|-heal|p2a: Kommo-o|73/100|[from] item: Leftovers
|-sideend|p2: komsu|move: Tailwind
|-sideend|p1: Pareng Khufra|move: Tailwind
|upkeep
|
|t:|1785251267
|switch|p1a: Kommo-o|Kommo-o, L50, F|100/100
|turn|5
|
|t:|1785251290
|switch|p1b: Gardevoir|Gardevoir-Mega, L50, F|42/100
|move|p2b: Scizor|Bullet Punch|p1b: Gardevoir
|-supereffective|p1b: Gardevoir|1
|-damage|p1b: Gardevoir|0 fnt
|faint|p1b: Gardevoir
|-damage|p2b: Scizor|31/100|[from] item: Life Orb
|move|p2a: Kommo-o|Clanging Scales|p1a: Kommo-o
|-immune|p1a: Kommo-o|[from] ability: Soundproof
|move|p1a: Kommo-o|Draco Meteor|p2a: Kommo-o|[miss]
|-miss|p1a: Kommo-o|p2a: Kommo-o
|
|-weather|none
|-heal|p2a: Kommo-o|78/100|[from] item: Leftovers
|upkeep
|
|t:|1785251301
|switch|p1b: Kingambit|Kingambit, L50, F|80/100
|turn|6
|
|t:|1785251311
|move|p1b: Kingambit|Sucker Punch|p2b: Scizor
|-damage|p2b: Scizor|0 fnt
|faint|p2b: Scizor
|move|p2a: Kommo-o|Aura Sphere|p1b: Kingambit
|-supereffective|p1b: Kingambit|2
|-damage|p1b: Kingambit|0 fnt
|faint|p1b: Kingambit
|move|p1a: Kommo-o|Draco Meteor|p2a: Kommo-o
|-supereffective|p2a: Kommo-o|1
|-damage|p2a: Kommo-o|0 fnt
|-unboost|p1a: Kommo-o|spa|2
|faint|p2a: Kommo-o
|-damage|p1a: Kommo-o|90/100|[from] item: Life Orb
|
|win|Pareng Khufra
|raw|Pareng Khufra's rating: 1324 → 1346(+22 for winning)
|raw|komsu's rating: 1366 → 1344(-22 for losing)
