|j|☆andiom123
|j|☆Slowjow
|html|andiom123Slowjow    
|uhtml|bestof|Game 1 of a best-of-3
|t:|1786040369
|gametype|doubles
|player|p1|andiom123|red|1225
|player|p2|Slowjow|1|1249
|gen|9
|tier|[Gen 9 Champions] VGC 2026 Reg M-B (Bo3)
|rated|
|rule|Species Clause: Limit one of each Pokémon
|rule|Item Clause: Limit 1 of each item
|clearpoke
|poke|p1|Incineroar, L50, F|
|poke|p1|Farigiraf, L50, F|
|poke|p1|Sylveon, L50, M|
|poke|p1|Torkoal, L50, F|
|poke|p1|Kangaskhan, L50, F|
|poke|p1|Mudsdale, L50, M|
|poke|p2|Blaziken, L50, F|
|poke|p2|Raichu, L50, F|
|poke|p2|Incineroar, L50, M|
|poke|p2|Milotic, L50, M|
|poke|p2|Tsareena, L50, F|
|poke|p2|Gholdengo, L50|
|teampreview|4
|showteam|p1|Incineroar||MuscleBand|Intimidate|ThroatChop,FlareBlitz,FakeOut,PartingShot|Brave||F|||50|]Farigiraf||SitrusBerry|ArmorTail|FoulPlay,PsychicNoise,TrickRoom,HelpingHand|Relaxed||F|||50|]Sylveon||FairyFeather|Pixilate|HyperVoice,HyperBeam,Yawn,Detect|Modest||M|||50|]Torkoal||Charcoal|Drought|Eruption,EarthPower,Flamethrower,Protect|Quiet||F|||50|]Kangaskhan||Kangaskhanite|Scrappy|DoubleEdge,FakeOut,IcePunch,HammerArm|Brave||F|||50|]Mudsdale||LifeOrb|InnerFocus|HighHorsepower,Earthquake,RockSlide,HeavySlam|Brave||M|||50|
|showteam|p2|Blaziken||Blazikenite|SpeedBoost|CloseCombat,FlareBlitz,RockSlide,Protect|Adamant||F|||50|]Raichu||RaichuniteY|LightningRod|FakeOut,Protect,ZapCannon,FocusBlast|Timid||F|||50|]Incineroar||SitrusBerry|Intimidate|FakeOut,PartingShot,FlareBlitz,DarkestLariat|Careful||M|||50|]Milotic||Leftovers|Competitive|Scald,IceBeam,Recover,Protect|Bold||M|||50|]Tsareena||ExpertBelt|QueenlyMajesty|TropKick,TripleAxel,LowKick,Protect|Adamant||F|||50|]Gholdengo||LifeOrb|GoodasGold|MakeItRain,ShadowBall,NastyPlot,Protect|Modest|||||50|
|
|t:|1786040409
|teamsize|p1|4
|teamsize|p2|4
|start
|switch|p1a: Farigiraf|Farigiraf, L50, F|100/100
|switch|p1b: Kangaskhan|Kangaskhan, L50, F|100/100
|switch|p2a: Gholdengo|Gholdengo, L50|100/100
|switch|p2b: Raichu|Raichu, L50, F|100/100
|turn|1
|inactive|Battle timer is ON: inactive players will automatically lose when time's up. (requested by Slowjow)
|
|t:|1786040437
|switch|p2b: Tsareena|Tsareena, L50, F|100/100
|move|p1b: Kangaskhan|Fake Out||[still]
|cant|p2b: Tsareena|ability: Queenly Majesty|Fake Out|[of] p1b: Kangaskhan
|move|p2a: Gholdengo|Nasty Plot|p2a: Gholdengo
|-boost|p2a: Gholdengo|spa|2
|move|p1a: Farigiraf|Trick Room|p1a: Farigiraf
|-fieldstart|move: Trick Room|[of] p1a: Farigiraf
|
|upkeep
|turn|2
|inactive|Slowjow has 30 seconds left.
|
|t:|1786040467
|move|p2a: Gholdengo|Protect|p2a: Gholdengo
|-singleturn|p2a: Gholdengo|Protect
|move|p1a: Farigiraf|Foul Play|p2a: Gholdengo
|-activate|p2a: Gholdengo|move: Protect
|move|p1b: Kangaskhan|Hammer Arm|p2a: Gholdengo
|-activate|p2a: Gholdengo|move: Protect
|move|p2b: Tsareena|Trop Kick|p1b: Kangaskhan
|-crit|p1b: Kangaskhan
|-damage|p1b: Kangaskhan|40/100
|-unboost|p1b: Kangaskhan|atk|1
|
|upkeep
|turn|3
|inactive|Slowjow has 30 seconds left.
|
|t:|1786040496
|move|p1a: Farigiraf|Foul Play|p2a: Gholdengo
|-supereffective|p2a: Gholdengo|1
|-damage|p2a: Gholdengo|69/100
|move|p1b: Kangaskhan|Hammer Arm|p2a: Gholdengo
|-supereffective|p2a: Gholdengo|1
|-damage|p2a: Gholdengo|26/100
|-unboost|p1b: Kangaskhan|spe|1
|move|p2b: Tsareena|Trop Kick|p1a: Farigiraf
|-damage|p1a: Farigiraf|70/100
|-unboost|p1a: Farigiraf|atk|1
|move|p2a: Gholdengo|Make It Rain|p1b: Kangaskhan|[spread] p1a,p1b
|-damage|p1a: Farigiraf|0 fnt
|-damage|p1b: Kangaskhan|0 fnt
|-unboost|p2a: Gholdengo|spa|2
|faint|p1a: Farigiraf
|faint|p1b: Kangaskhan
|-damage|p2a: Gholdengo|17/100|[from] item: Life Orb
|
|upkeep
|
|t:|1786040515
|switch|p1a: Mudsdale|Mudsdale, L50, M|100/100
|switch|p1b: Torkoal|Torkoal, L50, F|100/100
|-weather|SunnyDay|[from] ability: Drought|[of] p1b: Torkoal
|turn|4
|inactive|Slowjow has 30 seconds left.
|
|t:|1786040548
|switch|p2b: Incineroar|Incineroar, L50, M|100/100
|-ability|p2b: Incineroar|Intimidate|boost
|-fail|p1a: Mudsdale|unboost|Attack|[from] ability: Inner Focus|[of] p1a: Mudsdale
|-unboost|p1b: Torkoal|atk|1
|move|p2a: Gholdengo|Protect|p2a: Gholdengo
|-singleturn|p2a: Gholdengo|Protect
|move|p1b: Torkoal|Eruption|p2a: Gholdengo|[spread] p2b
|-activate|p2a: Gholdengo|move: Protect
|-resisted|p2b: Incineroar|1
|-damage|p2b: Incineroar|67/100
|move|p1a: Mudsdale|High Horsepower|p2b: Incineroar
|-supereffective|p2b: Incineroar|1
|-damage|p2b: Incineroar|0 fnt
|faint|p2b: Incineroar
|-damage|p1a: Mudsdale|90/100|[from] item: Life Orb
|
|-weather|SunnyDay|[upkeep]
|upkeep
|
|t:|1786040570
|switch|p2b: Tsareena|Tsareena, L50, F|100/100
|turn|5
|
|t:|1786040582
|move|p2b: Tsareena|Protect|p2b: Tsareena
|-singleturn|p2b: Tsareena|Protect
|move|p2a: Gholdengo|Protect|p2a: Gholdengo
|-singleturn|p2a: Gholdengo|Protect
|move|p1b: Torkoal|Eruption|p2b: Tsareena|[spread] 
|-activate|p2a: Gholdengo|move: Protect
|-activate|p2b: Tsareena|move: Protect
|move|p1a: Mudsdale|High Horsepower|p2b: Tsareena
|-activate|p2b: Tsareena|move: Protect
|
|-weather|SunnyDay|[upkeep]
|-fieldend|move: Trick Room
|upkeep
|turn|6
|inactive|andiom123 has 30 seconds left.
|inactive|andiom123 has 20 seconds left.
|
|t:|1786040621
|move|p2a: Gholdengo|Make It Rain|p1b: Torkoal|[spread] p1a,p1b
|-resisted|p1b: Torkoal|1
|-damage|p1a: Mudsdale|29/100
|-damage|p1b: Torkoal|56/100
|-unboost|p2a: Gholdengo|spa|2
|-damage|p2a: Gholdengo|7/100|[from] item: Life Orb
|move|p2b: Tsareena|Trop Kick|p1a: Mudsdale
|-supereffective|p1a: Mudsdale|1
|-damage|p1a: Mudsdale|0 fnt
|faint|p1a: Mudsdale
|move|p1b: Torkoal|Flamethrower|p2b: Tsareena
|-supereffective|p2b: Tsareena|1
|-damage|p2b: Tsareena|0 fnt
|faint|p2b: Tsareena
|
|-weather|SunnyDay|[upkeep]
|upkeep
|l|☆andiom123
|inactive|andiom123 disconnected and has a minute to reconnect!
|player|p1|
|inactive|Slowjow has 30 seconds left.
|
|t:|1786040647
|switch|p2b: Raichu|Raichu, L50, F|100/100
|turn|7
|j|☆andiom123
|inactive|andiom123 reconnected and has 35 seconds left.
|player|p1|andiom123|red|
|inactive|andiom123 has 30 seconds left.
|
|t:|1786040674
|move|p1b: Torkoal|Protect|p1b: Torkoal
|-singleturn|p1b: Torkoal|Protect
|move|p2b: Raichu|Fake Out|p1b: Torkoal
|-activate|p1b: Torkoal|move: Protect
|move|p2a: Gholdengo|Shadow Ball|p1b: Torkoal
|-activate|p1b: Torkoal|move: Protect
|
|-weather|SunnyDay|[upkeep]
|upkeep
|turn|8
|
|t:|1786040687
|detailschange|p2b: Raichu|Raichu-Mega-Y, L50, F
|-mega|p2b: Raichu|Raichu|Raichunite Y
|move|p2b: Raichu|Zap Cannon|p1b: Torkoal
|-damage|p1b: Torkoal|0 fnt
|faint|p1b: Torkoal
|
|win|Slowjow
||andiom123 is ready for game 2.
|inactive|Slowjow has 30 seconds to confirm battle start!
|inactive|Slowjow has 20 seconds to confirm battle start!
|inactive|Slowjow has 10 seconds to confirm battle start!
|uhtml|next|Next: Game 2 of 3
