|j|☆the regi-me
|j|☆soohzabimaru
|html|the regi-mesoohzabimaru    
|uhtml|bestof|Game 1 of a best-of-3
|t:|1782604765
|gametype|doubles
|player|p1|the regi-me|scientist-gen4|
|player|p2|soohzabimaru|265|
|gen|9
|tier|[Gen 9 Champions] VGC 2026 Reg M-B (Bo3)
|rule|Species Clause: Limit one of each Pokémon
|rule|Item Clause: Limit 1 of each item
|clearpoke
|poke|p1|Staraptor, L50, M|
|poke|p1|Sinistcha, L50|
|poke|p1|Raichu, L50, M|
|poke|p1|Ceruledge, L50, F|
|poke|p1|Ninetales-Alola, L50, F|
|poke|p1|Metagross, L50|
|poke|p2|Froslass, L50, F|
|poke|p2|Scovillain, L50, F|
|poke|p2|Lycanroc-Dusk, L50, F|
|poke|p2|Kingambit, L50, M|
|poke|p2|Sneasler, L50, M|
|poke|p2|Basculegion, L50, M|
|teampreview|4
|showteam|p1|Staraptor||Staraptite|Intimidate|CloseCombat,BraveBird,Roost,Protect|Adamant||M|||50|]Sinistcha||OccaBerry|Hospitality|MatchaGotcha,RagePowder,LifeDew,Protect|Bold|||||50|]Raichu||FocusSash|LightningRod|Thunderbolt,Electroweb,FakeOut,Protect|Timid||M|||50|]Ceruledge||ShucaBerry|FlashFire|SwordsDance,ShadowSneak,BitterBlade,Protect|Adamant||F|||50|]Ninetales-Alola||LightClay|SnowWarning|Blizzard,IcyWind,AuroraVeil,Protect|Timid||F|||50|]Metagross||Metagrossite|ClearBody|BulletPunch,IcePunch,PsychicFangs,Protect|Jolly|||||50|
|showteam|p2|Froslass||Froslassite|CursedBody|Blizzard,ShadowBall,Substitute,Protect|Timid||F|||50|]Scovillain||Scovillainite|Moody|Overheat,GigaDrain,RagePowder,Protect|Bold||F|||50|]Lycanroc-Dusk||FocusSash|ToughClaws|RockSlide,CloseCombat,Accelerock,Protect|Adamant||F|||50|]Kingambit||BlackGlasses|Defiant|KowtowCleave,SuckerPunch,SwordsDance,Protect|Adamant||M|||50|]Sneasler||WhiteHerb|Unburden|CloseCombat,DireClaw,FakeOut,Protect|Adamant||M|||50|]Basculegion||ChoiceScarf|Adaptability|FlipTurn,WaveCrash,AquaJet,LastRespects|Jolly||M|||50|
|inactive|Battle timer is ON: inactive players will automatically lose when time's up. (requested by the regi-me)
|inactive|the regi-me has 60 seconds left.
|inactive|soohzabimaru has 60 seconds left.
|inactive|soohzabimaru has 30 seconds left.
|inactive|soohzabimaru has 20 seconds left.
|inactive|soohzabimaru has 15 seconds left.
|
|t:|1782604842
|teamsize|p1|4
|teamsize|p2|4
|start
|switch|p1a: Raichu|Raichu, L50, M|100/100
|switch|p1b: Ceruledge|Ceruledge, L50, F|100/100
|switch|p2a: Froslass|Froslass, L50, F|100/100
|switch|p2b: Sneasler|Sneasler, L50, M|100/100
|turn|1
|inactive|soohzabimaru has 30 seconds left.
|
|t:|1782604870
|switch|p2b: Kingambit|Kingambit, L50, M|100/100
|detailschange|p2a: Froslass|Froslass-Mega, L50, F
|-mega|p2a: Froslass|Froslass|Froslassite
|-weather|Snowscape|[from] ability: Snow Warning|[of] p2a: Froslass
|move|p2a: Froslass|Blizzard|p1b: Ceruledge|[spread] p1a,p1b
|-resisted|p1b: Ceruledge|1
|-damage|p1a: Raichu|34/100
|-damage|p1b: Ceruledge|78/100
|-status|p1a: Raichu|frz
|cant|p1a: Raichu|frz
|move|p1b: Ceruledge|Bitter Blade|p2a: Froslass
|-supereffective|p2a: Froslass|1
|-damage|p2a: Froslass|0 fnt
|-heal|p1b: Ceruledge|100/100|[from] drain|[of] p2a: Froslass
|faint|p2a: Froslass
|
|-weather|Snowscape|[upkeep]
|upkeep
|
|t:|1782604888
|switch|p2a: Basculegion|Basculegion, L50, M|100/100
|turn|2
|
|t:|1782604904
|move|p1b: Ceruledge|Protect|p1b: Ceruledge
|-singleturn|p1b: Ceruledge|Protect
|move|p2a: Basculegion|Flip Turn|p1b: Ceruledge
|-activate|p1b: Ceruledge|move: Protect
|cant|p1a: Raichu|frz
|move|p2b: Kingambit|Swords Dance|p2b: Kingambit
|-boost|p2b: Kingambit|atk|2
|
|-weather|Snowscape|[upkeep]
|upkeep
|turn|3
|
|t:|1782604922
|move|p1b: Ceruledge|Shadow Sneak|p2a: Basculegion
|-supereffective|p2a: Basculegion|1
|-damage|p2a: Basculegion|50/100g
|move|p2a: Basculegion|Flip Turn|p1a: Raichu
|-damage|p1a: Raichu|0 fnt
|faint|p1a: Raichu
|
|t:|1782604929
|switch|p2a: Sneasler|Sneasler, L50, M|100/100|[from] Flip Turn
|move|p2b: Kingambit|Kowtow Cleave|p1b: Ceruledge
|-supereffective|p1b: Ceruledge|1
|-damage|p1b: Ceruledge|0 fnt
|faint|p1b: Ceruledge
|
|-weather|Snowscape|[upkeep]
|upkeep
|
|t:|1782604935
|switch|p1a: Metagross|Metagross, L50|100/100
|switch|p1b: Staraptor|Staraptor, L50, M|100/100
|-ability|p1b: Staraptor|Intimidate|boost
|-unboost|p2a: Sneasler|atk|1
|-unboost|p2b: Kingambit|atk|1
|-ability|p2b: Kingambit|Defiant|boost
|-boost|p2b: Kingambit|atk|2
|-enditem|p2a: Sneasler|White Herb
|-clearnegativeboost|p2a: Sneasler|[silent]
|turn|4
|inactive|soohzabimaru has 30 seconds left.
|inactive|the regi-me has 30 seconds left.
|inactive|soohzabimaru has 20 seconds left.
|inactive|soohzabimaru has 15 seconds left.
|
|t:|1782604975
|detailschange|p1b: Staraptor|Staraptor-Mega, L50, M
|-mega|p1b: Staraptor|Staraptor|Staraptite
|move|p2b: Kingambit|Sucker Punch|p1a: Metagross
|-supereffective|p1a: Metagross|1
|-damage|p1a: Metagross|0 fnt
|faint|p1a: Metagross
|move|p2a: Sneasler|Close Combat|p1b: Staraptor
|-resisted|p1b: Staraptor|1
|-damage|p1b: Staraptor|71/100
|-unboost|p2a: Sneasler|def|1
|-unboost|p2a: Sneasler|spd|1
|move|p1b: Staraptor|Close Combat|p2b: Kingambit
|-supereffective|p2b: Kingambit|2
|-damage|p2b: Kingambit|0 fnt
|-boost|p1b: Staraptor|def|1
|-boost|p1b: Staraptor|spd|1
|faint|p2b: Kingambit
|
|-weather|Snowscape|[upkeep]
|upkeep
|
|t:|1782604985
|switch|p2b: Basculegion|Basculegion, L50, M|50/100g
|turn|5
|
|t:|1782604993
|move|p2a: Sneasler|Dire Claw|p1b: Staraptor
|-damage|p1b: Staraptor|42/100
|-status|p1b: Staraptor|par
|move|p2b: Basculegion|Last Respects|p1b: Staraptor
|-crit|p1b: Staraptor
|-damage|p1b: Staraptor|0 fnt
|faint|p1b: Staraptor
|
|win|soohzabimaru
||the regi-me is ready for game 2.
|inactive|soohzabimaru has 30 seconds to confirm battle start!
|inactive|soohzabimaru has 20 seconds to confirm battle start!
||soohzabimaru is ready for game 2.
|uhtml|next|Next: Game 2 of 3
