|j|☆beeetch
|j|☆OOF? YEE?
|html|beeetchOOF? YEE?    
|uhtml|bestof|Game 1 of a best-of-3
|t:|1756242651
|gametype|doubles
|player|p1|beeetch|beauty-gen4dp|1332
|player|p2|OOF? YEE?|102|1403
|gen|9
|tier|[Gen 9] VGC 2025 Reg H (Bo3)
|rated|
|rule|Species Clause: Limit one of each Pokémon
|rule|Item Clause: Limit 1 of each item
|clearpoke
|poke|p1|Toedscruel, L50, M|
|poke|p1|Weezing-Galar, L50, F|
|poke|p1|Corviknight, L50, M|
|poke|p1|Pawmot, L50, F|
|poke|p1|Garchomp, L50, F|
|poke|p1|Typhlosion-Hisui, L50, F|
|poke|p2|Archaludon, L50, F|
|poke|p2|Pelipper, L50, M|
|poke|p2|Basculegion, L50, M|
|poke|p2|Toedscruel, L50, F|
|poke|p2|Comfey, L50, M|
|poke|p2|Weezing, L50, M|
|teampreview|4
|showteam|p1|Toedscruel||CovertCloak|MyceliumMight|Spore,EarthPower,AcidSpray,RagePowder|||M|||50|,,,,,Water]Weezing-Galar||ChoiceSpecs|NeutralizingGas|DazzlingGleam,SludgeBomb,StrangeSteam,Flamethrower|||F|||50|,,,,,Flying]Corviknight||SitrusBerry|MirrorArmor|Protect,Tailwind,Roost,BraveBird|||M|||50|,,,,,Dragon]Pawmot||FocusSash|NaturalCure|Protect,CloseCombat,DoubleShock,FakeOut|||F|||50|,,,,,Electric]Garchomp||LifeOrb|RoughSkin|Protect,Earthquake,DragonClaw,StompingTantrum|||F|||50|,,,,,Ground]Typhlosion-Hisui||ChoiceScarf|Blaze|Eruption,SleepTalk,HeatWave,ShadowBall|||F|||50|,,,,,Fire
|showteam|p2|Archaludon||AssaultVest|Stamina|ElectroShot,BodyPress,FlashCannon,Snarl|||F|||50|,,,,,Grass]Pelipper||ChoiceScarf|Drizzle|Tailwind,Hurricane,WeatherBall,Uturn|||M|||50|,,,,,Ghost]Basculegion||MysticWater|SwiftSwim|Protect,FlipTurn,WaveCrash,LastRespects|||M|||50|,,,,,Dragon]Toedscruel||CovertCloak|MyceliumMight|Spore,EarthPower,BulletSeed,RagePowder|||F|||50|,,,,,Water]Comfey||SafetyGoggles|Triage|DrainingKiss,FloralHealing,Taunt,Protect|||M|||50|,,,,,Steel]Weezing||ChoiceSpecs|NeutralizingGas|DarkPulse,DestinyBond,ClearSmog,SludgeBomb|||M|||50|,,,,,Ghost
|
|t:|1756242689
|teamsize|p1|4
|teamsize|p2|4
|start
|switch|p1a: Typhlosion|Typhlosion-Hisui, L50, F|100/100
|switch|p1b: Weezing|Weezing-Galar, L50, F|100/100
|switch|p2a: Toedscruel|Toedscruel, L50, F|100/100
|switch|p2b: Pelipper|Pelipper, L50, M|100/100
|-ability|p1b: Weezing|Neutralizing Gas
|turn|1
|
|t:|1756242715
|switch|p2a: Basculegion|Basculegion, L50, M|100/100
|move|p1a: Typhlosion|Heat Wave|p2a: Basculegion|[spread] p2a,p2b
|-resisted|p2a: Basculegion
|-resisted|p2b: Pelipper
|-damage|p2a: Basculegion|82/100
|-damage|p2b: Pelipper|69/100
|move|p2b: Pelipper|Tailwind|p2b: Pelipper
|-sidestart|p2: OOF? YEE?|move: Tailwind
|move|p1b: Weezing|Sludge Bomb|p2a: Basculegion
|-resisted|p2a: Basculegion
|-damage|p2a: Basculegion|51/100
|
|upkeep
|turn|2
|
|t:|1756242731
|switch|p2b: Archaludon|Archaludon, L50, F|100/100
|switch|p1a: Corviknight|Corviknight, L50, M|100/100
|move|p2a: Basculegion|Wave Crash|p1a: Corviknight
|-damage|p1a: Corviknight|33/100
|-enditem|p1a: Corviknight|Sitrus Berry|[eat]
|-heal|p1a: Corviknight|58/100|[from] item: Sitrus Berry
|-damage|p2a: Basculegion|29/100|[from] Recoil
|move|p1b: Weezing|Sludge Bomb|p2b: Archaludon
|-immune|p2b: Archaludon
|
|upkeep
|turn|3
|
|t:|1756242757
|move|p2a: Basculegion|Flip Turn|p1b: Weezing
|-damage|p1b: Weezing|62/100
|
|t:|1756242760
|switch|p2a: Toedscruel|Toedscruel, L50, F|100/100|[from] Flip Turn
|move|p2b: Archaludon|Electro Shot||[still]
|-prepare|p2b: Archaludon|Electro Shot
|-boost|p2b: Archaludon|spa|1
|move|p1a: Corviknight|Tailwind|p1a: Corviknight
|-sidestart|p1: beeetch|move: Tailwind
|move|p1b: Weezing|Sludge Bomb|p2a: Toedscruel
|-damage|p2a: Toedscruel|54/100
|
|upkeep
|turn|4
|
|t:|1756242774
|move|p1a: Corviknight|Protect|p1a: Corviknight
|-singleturn|p1a: Corviknight|Protect
|move|p2a: Toedscruel|Spore|p1b: Weezing
|-status|p1b: Weezing|slp|[from] move: Spore
|move|p2b: Archaludon|Electro Shot|p1a: Corviknight|[from] lockedmove
|-activate|p1a: Corviknight|move: Protect
|cant|p1b: Weezing|slp
|
|-sideend|p2: OOF? YEE?|move: Tailwind
|upkeep
|turn|5
|
|t:|1756242794
|switch|p2a: Basculegion|Basculegion, L50, M|29/100
|move|p1a: Corviknight|Brave Bird|p2a: Basculegion
|-damage|p2a: Basculegion|0 fnt
|faint|p2a: Basculegion
|-damage|p1a: Corviknight|48/100|[from] Recoil
|cant|p1b: Weezing|slp
|move|p2b: Archaludon|Electro Shot||[still]
|-prepare|p2b: Archaludon|Electro Shot
|-boost|p2b: Archaludon|spa|1
|
|upkeep
|
|t:|1756242798
|switch|p2a: Toedscruel|Toedscruel, L50, F|54/100
|turn|6
|
|t:|1756242810
|move|p1a: Corviknight|Protect|p1a: Corviknight
|-singleturn|p1a: Corviknight|Protect
|cant|p1b: Weezing|slp
|move|p2a: Toedscruel|Earth Power|p1b: Weezing
|-supereffective|p1b: Weezing
|-damage|p1b: Weezing|0 fnt
|faint|p1b: Weezing
|-end|p1b: Weezing|ability: Neutralizing Gas
|move|p2b: Archaludon|Electro Shot|p1a: Corviknight|[from] lockedmove
|-activate|p1a: Corviknight|move: Protect
|
|-sideend|p1: beeetch|move: Tailwind
|upkeep
|
|t:|1756242819
|switch|p1b: Typhlosion|Typhlosion-Hisui, L50, F|100/100
|turn|7
|
|t:|1756242833
|switch|p2a: Pelipper|Pelipper, L50, M|69/100
|-weather|RainDance|[from] ability: Drizzle|[of] p2a: Pelipper
|-terastallize|p1b: Typhlosion|Fire
|move|p1a: Corviknight|Protect||[still]
|-fail|p1a: Corviknight
|move|p1b: Typhlosion|Eruption|p2b: Archaludon|[spread] p2a,p2b
|-resisted|p2a: Pelipper
|-damage|p2a: Pelipper|33/100
|-damage|p2b: Archaludon|75/100
|-ability|p2b: Archaludon|Stamina|boost
|-boost|p2b: Archaludon|def|1
|move|p2b: Archaludon|Electro Shot||[still]
|-prepare|p2b: Archaludon|Electro Shot
|-boost|p2b: Archaludon|spa|1
|-anim|p2b: Archaludon|Electro Shot|p1b: Typhlosion
|-damage|p1b: Typhlosion|0 fnt
|faint|p1b: Typhlosion
|
|-weather|RainDance|[upkeep]
|upkeep
|
|t:|1756242849
|switch|p1b: Pawmot|Pawmot, L50, F|100/100
|turn|8
|
|t:|1756242914
|-terastallize|p2a: Pelipper|Ghost
|move|p2a: Pelipper|Weather Ball|p1b: Pawmot
|-enditem|p1b: Pawmot|Focus Sash
|-damage|p1b: Pawmot|1/100
|move|p1b: Pawmot|Double Shock|p2a: Pelipper
|-damage|p2a: Pelipper|0 fnt
|-start|p1b: Pawmot|typechange|???/Fighting|[from] move: Double Shock
|faint|p2a: Pelipper
|move|p2b: Archaludon|Snarl|p1b: Pawmot|[spread] p1a,p1b
|-resisted|p1b: Pawmot
|-damage|p1a: Corviknight|21/100
|-damage|p1b: Pawmot|0 fnt
|-ability|p1a: Corviknight|Mirror Armor
|-unboost|p2b: Archaludon|spa|1
|faint|p1b: Pawmot
|move|p1a: Corviknight|Tailwind|p1a: Corviknight
|-sidestart|p1: beeetch|move: Tailwind
|
|-weather|RainDance|[upkeep]
|upkeep
|
|t:|1756242917
|switch|p2a: Toedscruel|Toedscruel, L50, F|54/100
|turn|9
|
|t:|1756242936
|move|p2a: Toedscruel|Rage Powder|p2a: Toedscruel
|-singleturn|p2a: Toedscruel|move: Rage Powder
|move|p1a: Corviknight|Brave Bird|p2a: Toedscruel
|-supereffective|p2a: Toedscruel
|-damage|p2a: Toedscruel|0 fnt
|faint|p2a: Toedscruel
|-damage|p1a: Corviknight|5/100|[from] Recoil
|move|p2b: Archaludon|Electro Shot||[still]
|-prepare|p2b: Archaludon|Electro Shot
|-boost|p2b: Archaludon|spa|1
|-anim|p2b: Archaludon|Electro Shot|p1a: Corviknight
|-supereffective|p1a: Corviknight
|-crit|p1a: Corviknight
|-damage|p1a: Corviknight|0 fnt
|faint|p1a: Corviknight
|
|win|OOF? YEE?
