|j|☆jamirolol
|j|☆HalcyonJon
|html|jamirololHalcyonJon    
|uhtml|bestof|Game 1 of a best-of-3
|t:|1757920786
|gametype|doubles
|player|p1|jamirolol|102|1290
|player|p2|HalcyonJon|pokemonbreeder|1280
|gen|9
|tier|[Gen 9] VGC 2025 Reg H (Bo3)
|rated|
|rule|Species Clause: Limit one of each Pokémon
|rule|Item Clause: Limit 1 of each item
|clearpoke
|poke|p1|Volcarona, L50, F|
|poke|p1|Rillaboom, L50, F|
|poke|p1|Sneasler, L50, F|
|poke|p1|Dragapult, L50, F|
|poke|p1|Oricorio-Sensu, L50, F|
|poke|p1|Tyranitar, L50, F|
|poke|p2|Rabsca, L50, F|
|poke|p2|Meowstic-F, L50, F|
|poke|p2|Indeedee-F, L50, F|
|poke|p2|Decidueye-Hisui, L50, M|
|poke|p2|Sneasler, L50, F|
|poke|p2|Tyranitar, L50, F|
|teampreview|4
|showteam|p1|Volcarona||Leftovers|FlameBody|FieryDance,GigaDrain,QuiverDance,Protect|||F|||50|,,,,,Steel]Rillaboom||AssaultVest|GrassySurge|HighHorsepower,FakeOut,GrassyGlide,WoodHammer|||F|||50|,,,,,Fire]Sneasler||GrassySeed|Unburden|DireClaw,FakeOut,CloseCombat,Protect|||F|||50|,,,,,Dark]Dragapult||ChoiceBand|ClearBody|Uturn,DragonDarts,PhantomForce,PsychicFangs|||F|||50|,,,,,Dragon]Oricorio-Sensu||FocusSash|Dancer|RevelationDance,AlluringVoice,Taunt,Protect|||F|||50|,,,,,Ground]Tyranitar||ClearAmulet|SandStream|Protect,DragonDance,RockSlide,KnockOff|||F|||50|,,,,,Fire
|showteam|p2|Rabsca||SafetyGoggles|Synchronize|ExpandingForce,BugBuzz,RevivalBlessing,TrickRoom|||F|||50|,,,,,Bug]Meowstic-F||FocusSash|Competitive|ExpandingForce,TeraBlast,NastyPlot,Protect|||F|||50|,,,,,Ground]Indeedee-F||RockyHelmet|PsychicSurge|Psychic,FollowMe,HelpingHand,TrickRoom|||F|||50|,,,,,Fairy]Decidueye-Hisui||ScopeLens|Scrappy|TripleArrows,LeafBlade,Haze,Tailwind|||M|||50|,,,,,Rock]Sneasler||PsychicSeed|Unburden|CloseCombat,DireClaw,SwordsDance,Protect|||F|||50|,,,,,Rock]Tyranitar||AssaultVest|SandStream|KnockOff,RockSlide,TeraBlast,LowKick|||F|||50|,,,,,Flying
|inactive|Battle timer is ON: inactive players will automatically lose when time's up. (requested by jamirolol)
|inactive|jamirolol has 60 seconds left.
|inactive|HalcyonJon has 60 seconds left.
|
|t:|1757920828
|teamsize|p1|4
|teamsize|p2|4
|start
|switch|p1a: Volcarona|Volcarona, L50, F|100/100
|switch|p1b: Oricorio|Oricorio-Sensu, L50, F|100/100
|switch|p2a: Rabsca|Rabsca, L50, F|100/100
|switch|p2b: Indeedee|Indeedee-F, L50, F|100/100
|-fieldstart|move: Psychic Terrain|[from] ability: Psychic Surge|[of] p2b: Indeedee
|turn|1
|inactive|jamirolol has 30 seconds left.
|inactive|HalcyonJon has 30 seconds left.
|inactive|HalcyonJon has 20 seconds left.
|inactive|jamirolol has 20 seconds left.
|inactive|HalcyonJon has 15 seconds left.
|
|t:|1757920870
|move|p2b: Indeedee|Follow Me|p2b: Indeedee
|-singleturn|p2b: Indeedee|move: Follow Me
|move|p1a: Volcarona|Quiver Dance|p1a: Volcarona
|-boost|p1a: Volcarona|spa|1
|-boost|p1a: Volcarona|spd|1
|-boost|p1a: Volcarona|spe|1
|-activate|p1b: Oricorio|ability: Dancer
|move|p1b: Oricorio|Quiver Dance|p1b: Oricorio|[from] ability: Dancer
|-boost|p1b: Oricorio|spa|1
|-boost|p1b: Oricorio|spd|1
|-boost|p1b: Oricorio|spe|1
|move|p1b: Oricorio|Alluring Voice|p2b: Indeedee
|-damage|p2b: Indeedee|65/100
|move|p2a: Rabsca|Trick Room|p2a: Rabsca
|-fieldstart|move: Trick Room|[of] p2a: Rabsca
|
|upkeep
|turn|2
|inactive|HalcyonJon has 30 seconds left.
|inactive|HalcyonJon has 20 seconds left.
|inactive|HalcyonJon has 15 seconds left.
|
|t:|1757920912
|-terastallize|p1a: Volcarona|Steel
|move|p2b: Indeedee|Helping Hand|p2a: Rabsca
|-singleturn|p2a: Rabsca|Helping Hand|[of] p2b: Indeedee
|move|p1b: Oricorio|Protect|p1b: Oricorio
|-singleturn|p1b: Oricorio|Protect
|move|p2a: Rabsca|Expanding Force|p1b: Oricorio|[spread] p1a
|-activate|p1b: Oricorio|move: Protect
|-resisted|p1a: Volcarona
|-damage|p1a: Volcarona|72/100
|move|p1a: Volcarona|Quiver Dance|p1a: Volcarona
|-boost|p1a: Volcarona|spa|1
|-boost|p1a: Volcarona|spd|1
|-boost|p1a: Volcarona|spe|1
|-activate|p1b: Oricorio|ability: Dancer
|move|p1b: Oricorio|Quiver Dance|p1b: Oricorio|[from] ability: Dancer
|-boost|p1b: Oricorio|spa|1
|-boost|p1b: Oricorio|spd|1
|-boost|p1b: Oricorio|spe|1
|
|-heal|p1a: Volcarona|77/100|[from] item: Leftovers
|upkeep
|turn|3
|
|t:|1757920935
|switch|p2a: Decidueye|Decidueye-Hisui, L50, M|100/100
|move|p2b: Indeedee|Follow Me|p2b: Indeedee
|-singleturn|p2b: Indeedee|move: Follow Me
|move|p1b: Oricorio|Taunt|p2b: Indeedee
|-start|p2b: Indeedee|move: Taunt
|move|p1a: Volcarona|Fiery Dance|p2b: Indeedee
|-damage|p2b: Indeedee|0 fnt
|faint|p2b: Indeedee
|-activate|p1b: Oricorio|ability: Dancer
|move|p1b: Oricorio|Fiery Dance|p2a: Decidueye|[from] ability: Dancer
|-supereffective|p2a: Decidueye
|-damage|p2a: Decidueye|9/100
|-boost|p1b: Oricorio|spa|1
|
|-heal|p1a: Volcarona|83/100|[from] item: Leftovers
|upkeep
|inactive|HalcyonJon has 30 seconds left.
|
|t:|1757920967
|switch|p2b: Tyranitar|Tyranitar, L50, F|100/100
|-weather|Sandstorm|[from] ability: Sand Stream|[of] p2b: Tyranitar
|turn|4
|
|t:|1757920980
|move|p2b: Tyranitar|Knock Off|p1b: Oricorio
|-supereffective|p1b: Oricorio
|-enditem|p1b: Oricorio|Focus Sash
|-damage|p1b: Oricorio|1/100
|move|p2a: Decidueye|Haze|p2a: Decidueye
|-clearallboost
|move|p1b: Oricorio|Alluring Voice|p2b: Tyranitar
|-supereffective|p2b: Tyranitar
|-damage|p2b: Tyranitar|80/100
|move|p1a: Volcarona|Fiery Dance|p2a: Decidueye
|-supereffective|p2a: Decidueye
|-damage|p2a: Decidueye|0 fnt
|-boost|p1a: Volcarona|spa|1
|faint|p2a: Decidueye
|-activate|p1b: Oricorio|ability: Dancer
|move|p1b: Oricorio|Fiery Dance|p2b: Tyranitar|[from] ability: Dancer
|-resisted|p2b: Tyranitar
|-damage|p2b: Tyranitar|75/100
|-boost|p1b: Oricorio|spa|1
|
|-weather|Sandstorm|[upkeep]
|-damage|p1b: Oricorio|0 fnt|[from] Sandstorm
|faint|p1b: Oricorio
|-heal|p1a: Volcarona|89/100|[from] item: Leftovers
|upkeep
|
|t:|1757921003
|switch|p2a: Rabsca|Rabsca, L50, F|100/100
|switch|p1b: Rillaboom|Rillaboom, L50, F|100/100
|-fieldstart|move: Grassy Terrain|[from] ability: Grassy Surge|[of] p1b: Rillaboom
|turn|5
|inactive|HalcyonJon has 30 seconds left.
|
|t:|1757921031
|-terastallize|p2b: Tyranitar|Flying
|move|p1a: Volcarona|Protect|p1a: Volcarona
|-singleturn|p1a: Volcarona|Protect
|move|p1b: Rillaboom|Fake Out|p2a: Rabsca
|-damage|p2a: Rabsca|84/100
|cant|p2a: Rabsca|flinch
|move|p2b: Tyranitar|Tera Blast|p1b: Rillaboom|[anim] Tera Blast Flying
|-supereffective|p1b: Rillaboom
|-damage|p1b: Rillaboom|9/100
|
|-weather|Sandstorm|[upkeep]
|-damage|p2b: Tyranitar|69/100|[from] Sandstorm
|-damage|p1b: Rillaboom|3/100|[from] Sandstorm
|-heal|p2a: Rabsca|90/100|[from] Grassy Terrain
|-heal|p1b: Rillaboom|9/100|[from] Grassy Terrain
|-heal|p1a: Volcarona|95/100|[from] Grassy Terrain
|-heal|p1a: Volcarona|100/100|[from] item: Leftovers
|-fieldend|move: Trick Room
|upkeep
|turn|6
|inactive|HalcyonJon has 30 seconds left.
|
|t:|1757921057
|move|p1a: Volcarona|Fiery Dance|p2a: Rabsca
|-supereffective|p2a: Rabsca
|-crit|p2a: Rabsca
|-damage|p2a: Rabsca|0 fnt
|faint|p2a: Rabsca
|move|p1b: Rillaboom|Wood Hammer|p2b: Tyranitar
|-resisted|p2b: Tyranitar
|-damage|p2b: Tyranitar|42/100
|-damage|p1b: Rillaboom|0 fnt|[from] Recoil
|faint|p1b: Rillaboom
|move|p2b: Tyranitar|Rock Slide|p1a: Volcarona
|-resisted|p1a: Volcarona
|-damage|p1a: Volcarona|74/100
|
|-weather|Sandstorm|[upkeep]
|-damage|p2b: Tyranitar|36/100|[from] Sandstorm
|-heal|p1a: Volcarona|80/100|[from] Grassy Terrain
|-heal|p1a: Volcarona|86/100|[from] item: Leftovers
|upkeep
|
|t:|1757921060
|switch|p1b: Sneasler|Sneasler, L50, F, shiny|100/100
|-enditem|p1b: Sneasler|Grassy Seed
|-boost|p1b: Sneasler|def|1|[from] item: Grassy Seed
|turn|7
|-message|HalcyonJon forfeited.
|
|win|jamirolol
||HalcyonJon is ready for game 2.
||jamirolol is ready for game 2.
|uhtml|next|Next: Game 2 of 3
|l|☆HalcyonJon
|player|p2|
|l|☆jamirolol
|player|p1|
