|j|☆x-4 at worlds
|j|☆Awesome Person III
|html|x-4 at worldsAwesome Person III    
|uhtml|bestof|Game 1 of a best-of-3
|t:|1757687580
|gametype|doubles
|player|p1|x-4 at worlds|shauntal|1521
|player|p2|Awesome Person III|fisherman-gen4|1408
|gen|9
|tier|[Gen 9] VGC 2025 Reg H (Bo3)
|rated|
|rule|Species Clause: Limit one of each Pokémon
|rule|Item Clause: Limit 1 of each item
|clearpoke
|poke|p1|Basculegion, L50, M|
|poke|p1|Incineroar, L50, M|
|poke|p1|Amoonguss, L50, M|
|poke|p1|Kilowattrel, L50, F|
|poke|p1|Ursaluna, L50, F|
|poke|p1|Gholdengo, L50|
|poke|p2|Dragonite, L50, M|
|poke|p2|Incineroar, L50, M|
|poke|p2|Rillaboom, L50, M|
|poke|p2|Sneasler, L50, F|
|poke|p2|Gholdengo, L50|
|poke|p2|Ursaluna-Bloodmoon, L50, M|
|teampreview|4
|showteam|p1|Basculegion||ChoiceScarf|Adaptability|WaveCrash,LastRespects,FlipTurn,AquaJet|||M|||50|,,,,,Grass]Incineroar||AssaultVest|Intimidate|KnockOff,FlareBlitz,Uturn,FakeOut|||M|||50|,,,,,Grass]Amoonguss||CovertCloak|Regenerator|PollenPuff,Spore,RagePowder,Protect|||M|||50|,,,,,Psychic]Kilowattrel||FocusSash|Competitive|Thunderbolt,AirSlash,Tailwind,Protect|||F|||50|,,,,,Ghost]Ursaluna||FlameOrb|Guts|HeadlongRush,Facade,Earthquake,Protect|||F|||50|,,,,,Fairy]Gholdengo||LifeOrb|GoodasGold|MakeItRain,ShadowBall,NastyPlot,Protect||||||50|,,,,,Water
|showteam|p2|Dragonite||LoadedDice|Multiscale|ScaleShot,Tailwind,Protect,Haze|||M|||50|,,,,,Fairy]Incineroar||SafetyGoggles|Intimidate|FlareBlitz,KnockOff,FakeOut,PartingShot|||M|||50|,,,,,Ghost]Rillaboom||MiracleSeed|GrassySurge|WoodHammer,GrassyGlide,HighHorsepower,FakeOut|||M|||50|,,,,,Water]Sneasler||FocusSash|Unburden|CloseCombat,DireClaw,ThroatChop,Protect|||F|||50|,,,,,Stellar]Gholdengo||LifeOrb|GoodasGold|MakeItRain,ShadowBall,Protect,NastyPlot||||||50|,,,,,Water]Ursaluna-Bloodmoon||AssaultVest|MindsEye|BloodMoon,EarthPower,HyperVoice,VacuumWave|||M|||50|,,,,,Electric
|inactive|Battle timer is ON: inactive players will automatically lose when time's up. (requested by Awesome Person III)
|c|☆x-4 at worlds|O hi ap
|c|☆x-4 at worlds|glhf
|c|☆Awesome Person III|This is unreal atp
|inactive|x-4 at worlds has 60 seconds left.
|inactive|Awesome Person III has 60 seconds left.
|c|☆x-4 at worlds|Wym!
|inactive|x-4 at worlds has 30 seconds left.
|inactive|Awesome Person III has 30 seconds left.
|inactive|x-4 at worlds has 20 seconds left.
|inactive|Awesome Person III has 20 seconds left.
|inactive|x-4 at worlds has 15 seconds left.
|inactive|x-4 at worlds has 10 seconds left.
|
|t:|1757687664
|teamsize|p1|4
|teamsize|p2|4
|start
|switch|p1a: Amoonguss|Amoonguss, L50, M, shiny|100/100
|switch|p1b: Gholdengo|Gholdengo, L50|100/100
|switch|p2a: Dragonite|Dragonite, L50, M|100/100
|switch|p2b: Ursaluna|Ursaluna-Bloodmoon, L50, M|100/100
|turn|1
|
|t:|1757687688
|switch|p1b: Incineroar|Incineroar, L50, M|100/100
|-ability|p1b: Incineroar|Intimidate|boost
|-unboost|p2a: Dragonite|atk|1
|-unboost|p2b: Ursaluna|atk|1
|move|p2a: Dragonite|Scale Shot|p1b: Incineroar|[miss]
|-miss|p2a: Dragonite|p1b: Incineroar
|move|p2b: Ursaluna|Earth Power|p1b: Incineroar
|-supereffective|p1b: Incineroar
|-damage|p1b: Incineroar|38/100
|move|p1a: Amoonguss|Spore|p2b: Ursaluna
|-status|p2b: Ursaluna|slp|[from] move: Spore
|
|upkeep
|turn|2
|c|☆Awesome Person III|Love you Dnite
|c|☆x-4 at worlds|Dnite loves you back
|inactive|x-4 at worlds has 30 seconds left.
|
|t:|1757687717
|switch|p2a: Incineroar|Incineroar, L50, M|100/100
|-ability|p2a: Incineroar|Intimidate|boost
|-unboost|p1a: Amoonguss|atk|1
|-unboost|p1b: Incineroar|atk|1
|move|p1b: Incineroar|U-turn|p2b: Ursaluna
|-damage|p2b: Ursaluna|90/100 slp
|
|t:|1757687726
|switch|p1b: Gholdengo|Gholdengo, L50|100/100|[from] U-turn
|cant|p2b: Ursaluna|slp
|move|p1a: Amoonguss|Spore|p2a: Incineroar
|-activate|p2a: Incineroar|item: Safety Goggles|Spore
|
|upkeep
|turn|3
|
|t:|1757687738
|switch|p1b: Incineroar|Incineroar, L50, M|38/100
|-ability|p1b: Incineroar|Intimidate|boost
|-unboost|p2a: Incineroar|atk|1
|-unboost|p2b: Ursaluna|atk|1
|move|p2a: Incineroar|Knock Off|p1a: Amoonguss
|-damage|p1a: Amoonguss|79/100
|-enditem|p1a: Amoonguss|Covert Cloak|[from] move: Knock Off|[of] p2a: Incineroar
|-curestatus|p2b: Ursaluna|slp|[msg]
|move|p2b: Ursaluna|Earth Power|p1b: Incineroar
|-supereffective|p1b: Incineroar
|-damage|p1b: Incineroar|0 fnt
|faint|p1b: Incineroar
|move|p1a: Amoonguss|Spore|p2b: Ursaluna
|-status|p2b: Ursaluna|slp|[from] move: Spore
|
|upkeep
|
|t:|1757687750
|switch|p1b: Gholdengo|Gholdengo, L50|100/100
|turn|4
|
|t:|1757687758
|move|p1b: Gholdengo|Nasty Plot|p1b: Gholdengo
|-boost|p1b: Gholdengo|spa|2
|move|p2a: Incineroar|Knock Off|p1b: Gholdengo
|-supereffective|p1b: Gholdengo
|-damage|p1b: Gholdengo|49/100
|-enditem|p1b: Gholdengo|Life Orb|[from] move: Knock Off|[of] p2a: Incineroar
|cant|p2b: Ursaluna|slp
|move|p1a: Amoonguss|Pollen Puff|p1b: Gholdengo
|-heal|p1b: Gholdengo|99/100
|
|upkeep
|turn|5
|
|t:|1757687777
|-terastallize|p1b: Gholdengo|Water
|move|p1a: Amoonguss|Rage Powder|p1a: Amoonguss
|-singleturn|p1a: Amoonguss|move: Rage Powder
|move|p1b: Gholdengo|Nasty Plot|p1b: Gholdengo
|-boost|p1b: Gholdengo|spa|2
|move|p2a: Incineroar|Flare Blitz|p1a: Amoonguss
|-supereffective|p1a: Amoonguss
|-damage|p1a: Amoonguss|27/100
|-damage|p2a: Incineroar|82/100|[from] Recoil
|cant|p2b: Ursaluna|slp
|
|upkeep
|turn|6
|inactive|x-4 at worlds has 30 seconds left.
|
|t:|1757687803
|-terastallize|p2b: Ursaluna|Electric
|move|p1a: Amoonguss|Rage Powder|p1a: Amoonguss
|-singleturn|p1a: Amoonguss|move: Rage Powder
|move|p1b: Gholdengo|Nasty Plot|p1b: Gholdengo
|-boost|p1b: Gholdengo|spa|2
|move|p2a: Incineroar|Flare Blitz|p1a: Amoonguss
|-supereffective|p1a: Amoonguss
|-damage|p1a: Amoonguss|0 fnt
|faint|p1a: Amoonguss
|-damage|p2a: Incineroar|72/100|[from] Recoil
|-curestatus|p2b: Ursaluna|slp|[msg]
|move|p2b: Ursaluna|Blood Moon|p1b: Gholdengo
|-damage|p1b: Gholdengo|23/100
|
|upkeep
|
|t:|1757687807
|switch|p1a: Kilowattrel|Kilowattrel, L50, F|100/100
|turn|7
|
|t:|1757687827
|switch|p2a: Dragonite|Dragonite, L50, M|100/100
|switch|p2b: Gholdengo|Gholdengo, L50, shiny|100/100
|move|p1a: Kilowattrel|Thunderbolt|p2b: Gholdengo
|-damage|p2b: Gholdengo|52/100
|move|p1b: Gholdengo|Make It Rain|p2b: Gholdengo|[spread] p2a,p2b
|-resisted|p2b: Gholdengo
|-damage|p2a: Dragonite|5/100
|-damage|p2b: Gholdengo|0 fnt
|-unboost|p1b: Gholdengo|spa|1
|faint|p2b: Gholdengo
|
|upkeep
|
|t:|1757687838
|switch|p2b: Incineroar|Incineroar, L50, M|72/100
|-ability|p2b: Incineroar|Intimidate|boost
|-unboost|p1a: Kilowattrel|atk|1
|-ability|p1a: Kilowattrel|Competitive|boost
|-boost|p1a: Kilowattrel|spa|2
|-unboost|p1b: Gholdengo|atk|1
|turn|8
|
|t:|1757687850
|move|p2b: Incineroar|Fake Out|p1a: Kilowattrel
|-damage|p1a: Kilowattrel|81/100
|cant|p1a: Kilowattrel|flinch
|move|p1b: Gholdengo|Make It Rain|p2a: Dragonite|[spread] p2a,p2b
|-resisted|p2b: Incineroar
|-damage|p2a: Dragonite|0 fnt
|-damage|p2b: Incineroar|2/100
|-unboost|p1b: Gholdengo|spa|1
|faint|p2a: Dragonite
|
|upkeep
|
|t:|1757687852
|switch|p2a: Ursaluna|Ursaluna-Bloodmoon, L50, M, tera:Electric|90/100
|turn|9
|
|t:|1757687864
|move|p2a: Ursaluna|Vacuum Wave|p1b: Gholdengo
|-damage|p1b: Gholdengo|7/100
|move|p1a: Kilowattrel|Air Slash|p2a: Ursaluna
|-resisted|p2a: Ursaluna
|-damage|p2a: Ursaluna|67/100
|move|p1b: Gholdengo|Make It Rain|p2a: Ursaluna|[spread] p2a,p2b
|-resisted|p2a: Ursaluna
|-resisted|p2b: Incineroar
|-damage|p2a: Ursaluna|21/100
|-damage|p2b: Incineroar|0 fnt
|-unboost|p1b: Gholdengo|spa|1
|faint|p2b: Incineroar
|
|upkeep
|turn|10
|-message|Awesome Person III forfeited.
|
|win|x-4 at worlds
||Awesome Person III is ready for game 2.
||x-4 at worlds is ready for game 2.
|uhtml|next|Next: Game 2 of 3
