|j|☆Drti7
|j|☆jxnh
|html|Drti7jxnh    
|uhtml|bestof|Game 1 of a best-of-3
|t:|1756508461
|gametype|doubles
|player|p1|Drti7|brycenman|1102
|player|p2|jxnh|102|1193
|gen|9
|tier|[Gen 9] VGC 2025 Reg H (Bo3)
|rated|
|rule|Species Clause: Limit one of each Pokémon
|rule|Item Clause: Limit 1 of each item
|clearpoke
|poke|p1|Tyranitar, L50, F|
|poke|p1|Ursaluna-Bloodmoon, L50, M|
|poke|p1|Electabuzz, L50, F|
|poke|p1|Annihilape, L50, F|
|poke|p1|Talonflame, L50, M|
|poke|p1|Primarina, L50, M|
|poke|p2|Corviknight, L50, F|
|poke|p2|Sneasler, L50, F|
|poke|p2|Garchomp, L50, F|
|poke|p2|Incineroar, L50, F|
|poke|p2|Araquanid, L50, F|
|poke|p2|Ursaluna-Bloodmoon, L50, M|
|teampreview|4
|showteam|p1|Tyranitar||AssaultVest|SandStream|RockSlide,KnockOff,TeraBlast,LowKick|||F|||50|,,,,,Flying]Ursaluna-Bloodmoon||LifeOrb|MindsEye|HyperVoice,BloodMoon,EarthPower,Protect|||M|||50|,,,,,Water]Electabuzz||Eviolite|VitalSpirit|Electroweb,FollowMe,LightScreen,Protect|||F|||50|,,,,,Ghost]Annihilape||SafetyGoggles|Defiant|DrainPunch,RageFist,BulkUp,Protect|||F|||50|,,,,,Water]Talonflame||CovertCloak|GaleWings|DualWingbeat,FlareBlitz,Tailwind,Taunt|||M|||50|,,,,,Flying]Primarina||ThroatSpray|LiquidVoice|HyperVoice,Moonblast,IcyWind,Protect|||M|||50|,,,,,Water
|showteam|p2|Corviknight||Leftovers|MirrorArmor|DualWingbeat,BodyPress,IronDefense,Protect|||F|||50|,,,,,Fire]Sneasler||FocusSash|Unburden|DireClaw,CloseCombat,Coaching,Protect|||F|||50|,,,,,Ghost]Garchomp||LoadedDice|RoughSkin|StompingTantrum,Earthquake,ScaleShot,Protect|||F|||50|,,,,,Fairy]Incineroar||SitrusBerry|Intimidate|FakeOut,KnockOff,PartingShot,FlareBlitz|||F|||50|,,,,,Ghost]Araquanid||RoomService|WaterBubble|Liquidation,LeechLife,WideGuard,Protect|||F|||50|,,,,,Grass]Ursaluna-Bloodmoon||AssaultVest|MindsEye|HyperVoice,EarthPower,BloodMoon,Snarl|||M|||50|,,,,,Grass
|
|t:|1756508491
|teamsize|p1|4
|teamsize|p2|4
|start
|switch|p1a: Talonflame|Talonflame, L50, M|100/100
|switch|p1b: Annihilape|Annihilape, L50, F|100/100
|switch|p2a: Corviknight|Corviknight, L50, F|100/100
|switch|p2b: Garchomp|Garchomp, L50, F|100/100
|turn|1
|
|t:|1756508544
|move|p1a: Talonflame|Tailwind|p1a: Talonflame
|-sidestart|p1: Drti7|move: Tailwind
|move|p1b: Annihilape|Bulk Up|p1b: Annihilape
|-boost|p1b: Annihilape|atk|1
|-boost|p1b: Annihilape|def|1
|move|p2b: Garchomp|Scale Shot|p1a: Talonflame
|-damage|p1a: Talonflame|78/100
|-damage|p1a: Talonflame|58/100
|-damage|p1a: Talonflame|38/100
|-crit|p1a: Talonflame
|-damage|p1a: Talonflame|3/100
|-hitcount|p1a: Talonflame|4
|-unboost|p2b: Garchomp|def|1
|-boost|p2b: Garchomp|spe|1
|move|p2a: Corviknight|Iron Defense|p2a: Corviknight
|-boost|p2a: Corviknight|def|2
|
|upkeep
|turn|2
|
|t:|1756508580
|move|p2b: Garchomp|Protect|p2b: Garchomp
|-singleturn|p2b: Garchomp|Protect
|move|p1a: Talonflame|Flare Blitz|p2a: Corviknight
|-supereffective|p2a: Corviknight
|-damage|p2a: Corviknight|63/100
|-damage|p1a: Talonflame|0 fnt|[from] Recoil
|faint|p1a: Talonflame
|move|p1b: Annihilape|Bulk Up|p1b: Annihilape
|-boost|p1b: Annihilape|atk|1
|-boost|p1b: Annihilape|def|1
|move|p2a: Corviknight|Dual Wingbeat|p1b: Annihilape
|-supereffective|p1b: Annihilape
|-damage|p1b: Annihilape|83/100
|-supereffective|p1b: Annihilape
|-damage|p1b: Annihilape|66/100
|-hitcount|p1b: Annihilape|2
|
|-heal|p2a: Corviknight|69/100|[from] item: Leftovers
|upkeep
|
|t:|1756508603
|switch|p1a: Primarina|Primarina, L50, M|100/100
|turn|3
|
|t:|1756508614
|-terastallize|p2b: Garchomp|Fairy
|move|p1b: Annihilape|Rage Fist|p2b: Garchomp
|-damage|p2b: Garchomp|0 fnt
|-damage|p1b: Annihilape|54/100|[from] ability: Rough Skin|[of] p2b: Garchomp
|faint|p2b: Garchomp
|move|p1a: Primarina|Hyper Voice|p2a: Corviknight
|-crit|p2a: Corviknight
|-damage|p2a: Corviknight|2/100
|-enditem|p1a: Primarina|Throat Spray
|-boost|p1a: Primarina|spa|1|[from] item: Throat Spray
|move|p2a: Corviknight|Dual Wingbeat|p1b: Annihilape
|-supereffective|p1b: Annihilape
|-damage|p1b: Annihilape|38/100
|-supereffective|p1b: Annihilape
|-damage|p1b: Annihilape|20/100
|-hitcount|p1b: Annihilape|2
|
|-heal|p2a: Corviknight|8/100|[from] item: Leftovers
|upkeep
|
|t:|1756508639
|switch|p2b: Ursaluna|Ursaluna-Bloodmoon, L50, M|100/100
|turn|4
|
|t:|1756508652
|move|p1b: Annihilape|Drain Punch|p2b: Ursaluna
|-supereffective|p2b: Ursaluna
|-damage|p2b: Ursaluna|10/100
|-heal|p1b: Annihilape|68/100|[from] drain|[of] p2b: Ursaluna
|move|p1a: Primarina|Hyper Voice|p2a: Corviknight|[spread] p2a,p2b
|-supereffective|p2b: Ursaluna
|-damage|p2a: Corviknight|0 fnt
|-damage|p2b: Ursaluna|0 fnt
|faint|p2a: Corviknight
|faint|p2b: Ursaluna
|
|-sideend|p1: Drti7|move: Tailwind
|upkeep
|
|t:|1756508663
|switch|p2a: Incineroar|Incineroar, L50, F|100/100
|-ability|p2a: Incineroar|Intimidate|boost
|-unboost|p1a: Primarina|atk|1
|-unboost|p1b: Annihilape|atk|1
|-ability|p1b: Annihilape|Defiant|boost
|-boost|p1b: Annihilape|atk|2
|turn|5
|
|t:|1756508670
|move|p1b: Annihilape|Drain Punch|p2a: Incineroar
|-supereffective|p2a: Incineroar
|-damage|p2a: Incineroar|0 fnt
|-heal|p1b: Annihilape|100/100|[from] drain|[of] p2a: Incineroar
|faint|p2a: Incineroar
|
|win|Drti7
||Drti7 is ready for game 2.
|inactive|jxnh has 30 seconds to confirm battle start!
