|j|☆Shishio_Ax
|j|☆i still have it
|html|Shishio_Axi still have it    
|uhtml|bestof|Game 2 of a best-of-3
|t:|1756655512
|gametype|doubles
|player|p1|Shishio_Ax|gambler|1339
|player|p2|i still have it|266|1446
|gen|9
|tier|[Gen 9] VGC 2025 Reg H (Bo3)
|rated|
|rule|Species Clause: Limit one of each Pokémon
|rule|Item Clause: Limit 1 of each item
|clearpoke
|poke|p1|Volcarona, L50, M|
|poke|p1|Ninetales-Alola, L50, F|
|poke|p1|Sneasler, L50, F|
|poke|p1|Dragapult, L50, M|
|poke|p1|Electabuzz, L50, F|
|poke|p1|Rillaboom, L50, M|
|poke|p2|Sneasler, L50, F|
|poke|p2|Rillaboom, L50, M|
|poke|p2|Dragonite, L50, F|
|poke|p2|Incineroar, L50, F|
|poke|p2|Kingambit, L50, F|
|poke|p2|Volcarona, L50, M|
|teampreview|4
|showteam|p1|Volcarona||CovertCloak|FlameBody|HeatWave,TeraBlast,QuiverDance,Protect|||M|||50|,,,,,Fairy]Ninetales-Alola||LightClay|SnowWarning|FreezeDry,Moonblast,AuroraVeil,Protect|||F|||50|,,,,,Poison]Sneasler||FocusSash|Unburden|DireClaw,CloseCombat,ThroatChop,Protect|||F|||50|,,,,,Dark]Dragapult||ChoiceBand|ClearBody|DragonDarts,Outrage,PhantomForce,Uturn|||M|||50|,,,,,Dragon]Electabuzz||Eviolite|VitalSpirit|Thunderbolt,FollowMe,Taunt,Protect|||F|||50|,,,,,Ghost]Rillaboom||AssaultVest|GrassySurge|WoodHammer,GrassyGlide,FakeOut,Uturn|||M|||50|,,,,,Fire
|showteam|p2|Sneasler||FocusSash|PoisonTouch|CloseCombat,DireClaw,Coaching,Protect|||F|||50|,,,,,Stellar]Rillaboom||AssaultVest|GrassySurge|WoodHammer,Uturn,FakeOut,GrassyGlide|||M|||50|,,,,,Fire]Dragonite||LoadedDice|Multiscale|ScaleShot,Tailwind,Haze,Protect|||F|||50|,,,,,Steel]Incineroar||SafetyGoggles|Intimidate|FlareBlitz,KnockOff,FakeOut,PartingShot|||F|||50|,,,,,Ghost]Kingambit||DreadPlate|Defiant|KowtowCleave,SwordsDance,SuckerPunch,Protect|||F|||50|,,,,,Dark]Volcarona||CovertCloak|FlameBody|QuiverDance,Flamethrower,TeraBlast,Protect|||M|||50|,,,,,Fairy
|inactive|Battle timer is ON: inactive players will automatically lose when time's up. (requested by Shishio_Ax)
|
|t:|1756655554
|teamsize|p1|4
|teamsize|p2|4
|start
|switch|p1a: Dante|Volcarona, L50, M|100/100
|switch|p1b: Surge|Electabuzz, L50, F|100/100
|switch|p2a: Incineroar|Incineroar, L50, F|100/100
|switch|p2b: Volcarona|Volcarona, L50, M|100/100
|-ability|p2a: Incineroar|Intimidate|boost
|-unboost|p1a: Dante|atk|1
|-unboost|p1b: Surge|atk|1
|turn|1
|
|t:|1756655570
|move|p2a: Incineroar|Fake Out|p1b: Surge
|-damage|p1b: Surge|88/100
|cant|p1b: Surge|flinch
|move|p1a: Dante|Quiver Dance|p1a: Dante
|-boost|p1a: Dante|spa|1
|-boost|p1a: Dante|spd|1
|-boost|p1a: Dante|spe|1
|move|p2b: Volcarona|Quiver Dance|p2b: Volcarona
|-boost|p2b: Volcarona|spa|1
|-boost|p2b: Volcarona|spd|1
|-boost|p2b: Volcarona|spe|1
|
|upkeep
|turn|2
|
|t:|1756655581
|move|p1b: Surge|Follow Me|p1b: Surge
|-singleturn|p1b: Surge|move: Follow Me
|move|p1a: Dante|Heat Wave|p2b: Volcarona|[spread] p2a,p2b
|-resisted|p2a: Incineroar
|-damage|p2a: Incineroar|74/100
|-damage|p2b: Volcarona|68/100
|move|p2b: Volcarona|Quiver Dance|p2b: Volcarona
|-boost|p2b: Volcarona|spa|1
|-boost|p2b: Volcarona|spd|1
|-boost|p2b: Volcarona|spe|1
|move|p2a: Incineroar|Knock Off|p1b: Surge
|-damage|p1b: Surge|46/100
|-enditem|p1b: Surge|Eviolite|[from] move: Knock Off|[of] p2a: Incineroar
|
|upkeep
|turn|3
|
|t:|1756655598
|move|p1b: Surge|Follow Me|p1b: Surge
|-singleturn|p1b: Surge|move: Follow Me
|move|p2b: Volcarona|Quiver Dance|p2b: Volcarona
|-boost|p2b: Volcarona|spa|1
|-boost|p2b: Volcarona|spd|1
|-boost|p2b: Volcarona|spe|1
|move|p1a: Dante|Quiver Dance|p1a: Dante
|-boost|p1a: Dante|spa|1
|-boost|p1a: Dante|spd|1
|-boost|p1a: Dante|spe|1
|move|p2a: Incineroar|Flare Blitz|p1b: Surge
|-damage|p1b: Surge|0 fnt
|faint|p1b: Surge
|-damage|p2a: Incineroar|62/100|[from] Recoil
|
|upkeep
|
|t:|1756655603
|switch|p1b: D'oro|Sneasler, L50, F|100/100
|turn|4
|inactive|i still have it has 30 seconds left.
|inactive|i still have it has 20 seconds left.
|
|t:|1756655642
|move|p1a: Dante|Quiver Dance|p1a: Dante
|-boost|p1a: Dante|spa|1
|-boost|p1a: Dante|spd|1
|-boost|p1a: Dante|spe|1
|move|p2b: Volcarona|Flamethrower|p1a: Dante
|-damage|p1a: Dante|51/100
|move|p1b: D'oro|Close Combat|p2a: Incineroar
|-supereffective|p2a: Incineroar
|-damage|p2a: Incineroar|0 fnt
|-unboost|p1b: D'oro|def|1
|-unboost|p1b: D'oro|spd|1
|faint|p2a: Incineroar
|
|upkeep
|inactive|i still have it has 30 seconds left.
|
|t:|1756655669
|switch|p2a: Sneasler|Sneasler, L50, F|100/100
|turn|5
|
|t:|1756655689
|move|p1a: Dante|Protect|p1a: Dante
|-singleturn|p1a: Dante|Protect
|move|p2b: Volcarona|Flamethrower|p1b: D'oro
|-enditem|p1b: D'oro|Focus Sash
|-damage|p1b: D'oro|1/100
|move|p1b: D'oro|Dire Claw|p2a: Sneasler
|-resisted|p2a: Sneasler
|-damage|p2a: Sneasler|62/100
|move|p2a: Sneasler|Dire Claw|p1a: Dante
|-activate|p1a: Dante|move: Protect
|
|upkeep
|turn|6
|
|t:|1756655708
|move|p2a: Sneasler|Protect|p2a: Sneasler
|-singleturn|p2a: Sneasler|Protect
|move|p1a: Dante|Heat Wave|p2a: Sneasler|[spread] p2b
|-activate|p2a: Sneasler|move: Protect
|-damage|p2b: Volcarona|35/100
|move|p1b: D'oro|Dire Claw|p2b: Volcarona
|-damage|p2b: Volcarona|0 fnt
|-status|p1b: D'oro|brn|[from] ability: Flame Body|[of] p2b: Volcarona
|faint|p2b: Volcarona
|
|-damage|p1b: D'oro|0 fnt|[from] brn
|faint|p1b: D'oro
|upkeep
|-message|i still have it forfeited.
|
|win|Shishio_Ax
||i still have it is ready for game 3.
||Shishio_Ax is ready for game 3.
|uhtml|next|Next: Game 3 of 3
|l|☆Shishio_Ax
|player|p1|
