|j|☆belinvgc
|j|☆testdigi
|html|belinvgctestdigi    
|uhtml|bestof|Game 3 of a best-of-3
|t:|1784820092
|gametype|doubles
|player|p1|belinvgc|266|1258
|player|p2|testdigi|101|1162
|gen|9
|tier|[Gen 9 Champions] VGC 2026 Reg M-B (Bo3)
|rated|
|rule|Species Clause: Limit one of each Pokémon
|rule|Item Clause: Limit 1 of each item
|clearpoke
|poke|p1|Floette-Eternal, L50, F|
|poke|p1|Incineroar, L50, F|
|poke|p1|Sinistcha, L50|
|poke|p1|Blastoise, L50, M|
|poke|p1|Sneasler, L50, M|
|poke|p1|Talonflame, L50, F|
|poke|p2|Raichu, L50, M|
|poke|p2|Toxapex, L50, F|
|poke|p2|Mamoswine, L50, F|
|poke|p2|Sylveon, L50, M|
|poke|p2|Corviknight, L50, F|
|poke|p2|Basculegion, L50, M|
|teampreview|4
|showteam|p1|Floette-Eternal||Floettite|FlowerVeil|DazzlingGleam,DrainingKiss,CalmMind,Protect|Modest||F|||50|]Incineroar||SitrusBerry|Intimidate|FlareBlitz,FakeOut,PartingShot,HelpingHand|Impish||F|||50|]Sinistcha||OccaBerry|Hospitality|MatchaGotcha,RagePowder,TrickRoom,Protect|Relaxed|||||50|]Blastoise||Blastoisinite|Torrent|WaterSpout,DarkPulse,ShellSmash,Protect|Modest||M|||50|]Sneasler||FocusSash|PoisonTouch|PoisonJab,CloseCombat,FakeOut,QuickGuard|Jolly||M|||50|]Talonflame||SharpBeak|GaleWings|DualWingbeat,Tailwind,Feint,Protect|Jolly||F|||50|
|showteam|p2|Raichu||RaichuniteY|LightningRod|ZapCannon,FocusBlast,FakeOut,Protect|Timid||M|||50|]Toxapex||Leftovers|Regenerator|Infestation,Toxic,WideGuard,BanefulBunker|Relaxed||F|||50|]Mamoswine||LifeOrb|Oblivious|StompingTantrum,IceShard,RockSlide,Protect|Adamant||F|||50|]Sylveon||FairyFeather|Pixilate|HyperVoice,QuickAttack,Yawn,Detect|Modest||M|||50|]Corviknight||OccaBerry|MirrorArmor|IronHead,BraveBird,Tailwind,Protect|Adamant||F|||50|]Basculegion||FocusSash|Adaptability|LastRespects,Liquidation,AquaJet,Protect|Adamant||M|||50|
|
|t:|1784820159
|teamsize|p1|4
|teamsize|p2|4
|start
|switch|p1a: Blastoise|Blastoise, L50, M|100/100
|switch|p1b: Sinistcha|Sinistcha, L50|100/100
|switch|p2a: Toxapex|Toxapex, L50, F|100/100
|switch|p2b: Corviknight|Corviknight, L50, F|100/100
|turn|1
|
|t:|1784820176
|detailschange|p1a: Blastoise|Blastoise-Mega, L50, M
|-mega|p1a: Blastoise|Blastoise|Blastoisinite
|move|p1b: Sinistcha|Rage Powder|p1b: Sinistcha
|-singleturn|p1b: Sinistcha|move: Rage Powder
|move|p1a: Blastoise|Shell Smash|p1a: Blastoise
|-unboost|p1a: Blastoise|def|1
|-unboost|p1a: Blastoise|spd|1
|-boost|p1a: Blastoise|atk|2
|-boost|p1a: Blastoise|spa|2
|-boost|p1a: Blastoise|spe|2
|move|p2b: Corviknight|Tailwind|p2b: Corviknight
|-sidestart|p2: testdigi|move: Tailwind
|move|p2a: Toxapex|Toxic|p1b: Sinistcha
|-status|p1b: Sinistcha|tox
|
|-damage|p1b: Sinistcha|93/100 tox|[from] psn
|upkeep
|turn|2
|
|t:|1784820192
|move|p2b: Corviknight|Protect|p2b: Corviknight
|-singleturn|p2b: Corviknight|Protect
|move|p1b: Sinistcha|Rage Powder|p1b: Sinistcha
|-singleturn|p1b: Sinistcha|move: Rage Powder
|move|p1a: Blastoise|Dark Pulse|p2a: Toxapex
|-damage|p2a: Toxapex|24/100
|move|p2a: Toxapex|Infestation|p1b: Sinistcha
|-damage|p1b: Sinistcha|90/100 tox
|-activate|p1b: Sinistcha|move: Infestation|[of] p2a: Toxapex
|
|-heal|p2a: Toxapex|29/100|[from] item: Leftovers
|-damage|p1b: Sinistcha|78/100 tox|[from] psn
|-damage|p1b: Sinistcha|65/100 tox|[from] move: Infestation|[partiallytrapped]
|upkeep
|turn|3
|
|t:|1784820205
|move|p2a: Toxapex|Baneful Bunker|p2a: Toxapex
|-singleturn|p2a: Toxapex|move: Protect
|move|p1b: Sinistcha|Rage Powder|p1b: Sinistcha
|-singleturn|p1b: Sinistcha|move: Rage Powder
|move|p1a: Blastoise|Water Spout|p2b: Corviknight|[spread] p2b
|-activate|p2a: Toxapex|move: Protect
|-damage|p2b: Corviknight|0 fnt
|faint|p2b: Corviknight
|
|-heal|p2a: Toxapex|35/100|[from] item: Leftovers
|-damage|p1b: Sinistcha|47/100 tox|[from] psn
|-damage|p1b: Sinistcha|34/100 tox|[from] move: Infestation|[partiallytrapped]
|upkeep
|
|t:|1784820210
|switch|p2b: Raichu|Raichu, L50, M|100/100
|turn|4
|
|t:|1784820236
|-heal|p2a: Toxapex|68/100|[from] ability: Regenerator|[silent]
|switch|p2a: Sylveon|Sylveon, L50, M|100/100
|detailschange|p2b: Raichu|Raichu-Mega-Y, L50, M
|-mega|p2b: Raichu|Raichu|Raichunite Y
|move|p1a: Blastoise|Protect|p1a: Blastoise
|-singleturn|p1a: Blastoise|Protect
|move|p1b: Sinistcha|Protect|p1b: Sinistcha
|-singleturn|p1b: Sinistcha|Protect
|move|p2b: Raichu|Fake Out|p1a: Blastoise
|-activate|p1a: Blastoise|move: Protect
|
|-damage|p1b: Sinistcha|10/100 tox|[from] psn
|-end|p1b: Sinistcha|Infestation|[partiallytrapped]|[silent]
|-sideend|p2: testdigi|move: Tailwind
|upkeep
|turn|5
|
|t:|1784820257
|move|p2b: Raichu|Protect|p2b: Raichu
|-singleturn|p2b: Raichu|Protect
|move|p2a: Sylveon|Detect|p2a: Sylveon
|-singleturn|p2a: Sylveon|Protect
|move|p1b: Sinistcha|Rage Powder|p1b: Sinistcha
|-singleturn|p1b: Sinistcha|move: Rage Powder
|move|p1a: Blastoise|Water Spout|p2a: Sylveon|[spread] 
|-activate|p2a: Sylveon|move: Protect
|-activate|p2b: Raichu|move: Protect
|
|-damage|p1b: Sinistcha|0 fnt|[from] psn
|faint|p1b: Sinistcha
|upkeep
|
|t:|1784820265
|switch|p1b: Sneasler|Sneasler, L50, M|100/100
|turn|6
|
|t:|1784820290
|switch|p2b: Toxapex|Toxapex, L50, F|68/100
|move|p2a: Sylveon|Quick Attack|p1a: Blastoise
|-damage|p1a: Blastoise|79/100
|move|p1a: Blastoise|Water Spout|p2a: Sylveon|[spread] p2a,p2b
|-resisted|p2b: Toxapex|1
|-damage|p2a: Sylveon|16/100
|-damage|p2b: Toxapex|28/100
|move|p1b: Sneasler|Poison Jab|p2a: Sylveon
|-supereffective|p2a: Sylveon|1
|-damage|p2a: Sylveon|0 fnt
|faint|p2a: Sylveon
|
|-heal|p2b: Toxapex|34/100|[from] item: Leftovers
|upkeep
|
|t:|1784820293
|switch|p2a: Raichu|Raichu-Mega-Y, L50, M|100/100
|turn|7
|
|t:|1784820321
|move|p1a: Blastoise|Protect|p1a: Blastoise
|-singleturn|p1a: Blastoise|Protect
|move|p2a: Raichu|Zap Cannon|p1b: Sneasler
|-damage|p1b: Sneasler|8/100
|-status|p1b: Sneasler|par
|move|p1b: Sneasler|Close Combat|p2a: Raichu
|-damage|p2a: Raichu|8/100
|-unboost|p1b: Sneasler|def|1
|-unboost|p1b: Sneasler|spd|1
|-status|p2a: Raichu|psn|[from] ability: Poison Touch|[of] p1b: Sneasler
|move|p2b: Toxapex|Toxic|p1a: Blastoise
|-activate|p1a: Blastoise|move: Protect
|
|-heal|p2b: Toxapex|40/100|[from] item: Leftovers
|-damage|p2a: Raichu|0 fnt|[from] psn
|faint|p2a: Raichu
|upkeep
|turn|8
|-message|testdigi forfeited.
|
|win|belinvgc
