|j|☆GaliVGC
|j|☆natty dice
|html|GaliVGCnatty dice    
|uhtml|bestof|Game 1 of a best-of-3
|t:|1783627826
|gametype|doubles
|player|p1|GaliVGC|265|1088
|player|p2|natty dice|bugcatcher-gen4dp|1000
|gen|9
|tier|[Gen 9 Champions] VGC 2026 Reg M-B (Bo3)
|rated|
|rule|Species Clause: Limit one of each Pokémon
|rule|Item Clause: Limit 1 of each item
|clearpoke
|poke|p1|Archaludon, L50, F|
|poke|p1|Politoed, L50, M|
|poke|p1|Swampert, L50, M|
|poke|p1|Gengar, L50, M, shiny|
|poke|p1|Incineroar, L50, F|
|poke|p1|Sylveon, L50, M, shiny|
|poke|p2|Pyroar, L50, M|
|poke|p2|Whimsicott, L50, M|
|poke|p2|Vileplume, L50, M|
|poke|p2|Eelektross, L50, F|
|poke|p2|Dragonite, L50, M|
|poke|p2|Staraptor, L50, M|
|teampreview|4
|showteam|p1|Archaludon||Leftovers|Stamina|FlashCannon,DragonPulse,ElectroShot,Protect|Modest||F|||50|]Politoed||DampRock|Drizzle|WeatherBall,IceBeam,PerishSong,Protect|Calm||M|||50|]Swampert||Swampertite|Torrent|WaveCrash,Earthquake,Protect,IcePunch|Adamant||M|||50|]Gengar||Gengarite|CursedBody|ShadowBall,SludgeBomb,Protect,PerishSong|Modest||M|||50|]Incineroar||SitrusBerry|Intimidate|FakeOut,DarkestLariat,PartingShot,Protect|Sassy||F|||50|]Sylveon||FairyFeather|Pixilate|HyperVoice,Protect,HyperBeam,QuickAttack|Modest||M|||50|
|showteam|p2|Pyroar||Pyroarite|Unnerve|HeatWave,Protect,ScorchingSands,HyperVoice|Timid||M|||50|]Whimsicott||FocusSash|Prankster|SunnyDay,Tailwind,LightScreen,DazzlingGleam|Timid||M|||50|]Vileplume||OccaBerry|Chlorophyll|EnergyBall,SludgeBomb,AfterYou,SleepPowder|Timid||M|||50|]Eelektross||SitrusBerry|Levitate|SupercellSlam,Coil,KnockOff,Lunge|Adamant||F|||50|]Dragonite||Leftovers|Multiscale|Earthquake,DragonDance,ExtremeSpeed,DragonClaw|Adamant||M|||50|]Staraptor||Staraptite|Intimidate|BraveBird,Protect,CloseCombat,QuickAttack|Adamant||M|||50|
|inactive|Battle timer is ON: inactive players will automatically lose when time's up. (requested by natty dice)
|
|t:|1783627840
|teamsize|p1|4
|teamsize|p2|4
|start
|switch|p1a: Gengar|Gengar, L50, M, shiny|100/100
|switch|p1b: Incineroar|Incineroar, L50, F|100/100
|switch|p2a: Pyroar|Pyroar, L50, M|100/100
|switch|p2b: Whimsicott|Whimsicott, L50, M|100/100
|-ability|p2a: Pyroar|Unnerve
|-ability|p1b: Incineroar|Intimidate|boost
|-unboost|p2a: Pyroar|atk|1
|-unboost|p2b: Whimsicott|atk|1
|turn|1
|
|t:|1783627851
|switch|p2b: Dragonite|Dragonite, L50, M|100/100
|detailschange|p2a: Pyroar|Pyroar-Mega, L50, M
|-mega|p2a: Pyroar|Pyroar|Pyroarite
|detailschange|p1a: Gengar|Gengar-Mega, L50, M, shiny
|-mega|p1a: Gengar|Gengar|Gengarite
|move|p2a: Pyroar|Protect|p2a: Pyroar
|-singleturn|p2a: Pyroar|Protect
|move|p1b: Incineroar|Fake Out|p2a: Pyroar
|-activate|p2a: Pyroar|move: Protect
|move|p1a: Gengar|Perish Song|p1a: Gengar
|-start|p1a: Gengar|perish3|[silent]
|-start|p1b: Incineroar|perish3|[silent]
|-start|p2a: Pyroar|perish3|[silent]
|-start|p2b: Dragonite|perish3|[silent]
|-fieldactivate|move: Perish Song
|
|-start|p2a: Pyroar|perish3
|-start|p1a: Gengar|perish3
|-start|p2b: Dragonite|perish3
|-start|p1b: Incineroar|perish3
|upkeep
|turn|2
|
|t:|1783627868
|move|p1a: Gengar|Protect|p1a: Gengar
|-singleturn|p1a: Gengar|Protect
|move|p1b: Incineroar|Protect|p1b: Incineroar
|-singleturn|p1b: Incineroar|Protect
|move|p2a: Pyroar|Heat Wave|p1b: Incineroar|[spread] 
|-activate|p1a: Gengar|move: Protect
|-activate|p1b: Incineroar|move: Protect
|move|p2b: Dragonite|Dragon Dance|p2b: Dragonite
|-boost|p2b: Dragonite|atk|1
|-boost|p2b: Dragonite|spe|1
|
|-start|p2b: Dragonite|perish2
|-start|p2a: Pyroar|perish2
|-start|p1a: Gengar|perish2
|-start|p1b: Incineroar|perish2
|upkeep
|turn|3
|inactive|natty dice has 30 seconds left.
|
|t:|1783627902
|switch|p1a: Politoed|Politoed, L50, M|100/100
|-weather|RainDance|[from] ability: Drizzle|[of] p1a: Politoed
|move|p2a: Pyroar|Protect|p2a: Pyroar
|-singleturn|p2a: Pyroar|Protect
|move|p2b: Dragonite|Earthquake|p1a: Politoed|[spread] p1a,p1b
|-activate|p2a: Pyroar|move: Protect
|-supereffective|p1b: Incineroar|1
|-damage|p1a: Politoed|61/100
|-damage|p1b: Incineroar|26/100
|-enditem|p1b: Incineroar|Sitrus Berry|[eat]
|-heal|p1b: Incineroar|51/100|[from] item: Sitrus Berry
|move|p1b: Incineroar|Parting Shot|p2b: Dragonite
|-unboost|p2b: Dragonite|atk|1
|-unboost|p2b: Dragonite|spa|1
|
|t:|1783627917
|switch|p1b: Gengar|Gengar-Mega, L50, M, shiny|100/100|[from] Parting Shot
|
|-weather|RainDance|[upkeep]
|-start|p2b: Dragonite|perish1
|-start|p2a: Pyroar|perish1
|upkeep
|turn|4
|
|t:|1783627937
|switch|p1a: Incineroar|Incineroar, L50, F|51/100
|-ability|p1a: Incineroar|Intimidate|boost
|-unboost|p2a: Pyroar|atk|1
|-unboost|p2b: Dragonite|atk|1
|move|p1b: Gengar|Protect|p1b: Gengar
|-singleturn|p1b: Gengar|Protect
|move|p2b: Dragonite|Earthquake|p1a: Incineroar|[spread] p2a,p1a
|-activate|p1b: Gengar|move: Protect
|-supereffective|p2a: Pyroar|1
|-supereffective|p1a: Incineroar|1
|-damage|p2a: Pyroar|55/100
|-damage|p1a: Incineroar|18/100
|move|p2a: Pyroar|Scorching Sands|p1b: Gengar
|-activate|p1b: Gengar|move: Protect
|
|-weather|RainDance|[upkeep]
|-start|p2b: Dragonite|perish0
|-start|p2a: Pyroar|perish0
|faint|p2b: Dragonite
|faint|p2a: Pyroar
|upkeep
|
|t:|1783627944
|switch|p2a: Eelektross|Eelektross, L50, F|100/100
|switch|p2b: Whimsicott|Whimsicott, L50, M|100/100
|turn|5
|
|t:|1783627961
|move|p1a: Incineroar|Fake Out|p2a: Eelektross
|-damage|p2a: Eelektross|88/100
|move|p2b: Whimsicott|Dazzling Gleam|p1a: Incineroar|[spread] p1a,p1b
|-resisted|p1b: Gengar|1
|-damage|p1a: Incineroar|1/100
|-damage|p1b: Gengar|89/100
|move|p1b: Gengar|Perish Song|p1b: Gengar
|-start|p1a: Incineroar|perish3|[silent]
|-start|p1b: Gengar|perish3|[silent]
|-start|p2a: Eelektross|perish3|[silent]
|-start|p2b: Whimsicott|perish3|[silent]
|-fieldactivate|move: Perish Song
|cant|p2a: Eelektross|flinch
|
|-weather|RainDance|[upkeep]
|-start|p2b: Whimsicott|perish3
|-start|p1b: Gengar|perish3
|-start|p1a: Incineroar|perish3
|-start|p2a: Eelektross|perish3
|upkeep
|turn|6
|
|t:|1783627971
|move|p1b: Gengar|Protect|p1b: Gengar
|-singleturn|p1b: Gengar|Protect
|move|p1a: Incineroar|Protect|p1a: Incineroar
|-singleturn|p1a: Incineroar|Protect
|move|p2b: Whimsicott|Tailwind|p2b: Whimsicott
|-sidestart|p2: natty dice|move: Tailwind
|move|p2a: Eelektross|Coil|p2a: Eelektross
|-boost|p2a: Eelektross|atk|1
|-boost|p2a: Eelektross|def|1
|-boost|p2a: Eelektross|accuracy|1
|
|-weather|RainDance|[upkeep]
|-start|p2b: Whimsicott|perish2
|-start|p1b: Gengar|perish2
|-start|p2a: Eelektross|perish2
|-start|p1a: Incineroar|perish2
|upkeep
|turn|7
|
|t:|1783627984
|switch|p1b: Sylveon|Sylveon, L50, M, shiny|100/100
|move|p2b: Whimsicott|Dazzling Gleam|p1a: Incineroar|[spread] p1a,p1b
|-damage|p1a: Incineroar|0 fnt
|-damage|p1b: Sylveon|83/100
|faint|p1a: Incineroar
|move|p2a: Eelektross|Supercell Slam|p1b: Sylveon
|-damage|p1b: Sylveon|0 fnt
|faint|p1b: Sylveon
|
|-weather|RainDance|[upkeep]
|-start|p2b: Whimsicott|perish1
|-start|p2a: Eelektross|perish1
|upkeep
|
|t:|1783627993
|switch|p1b: Gengar|Gengar-Mega, L50, M, shiny|89/100
|switch|p1a: Politoed|Politoed, L50, M|61/100
|turn|8
|
|t:|1783628002
|move|p1b: Gengar|Protect|p1b: Gengar
|-singleturn|p1b: Gengar|Protect
|move|p1a: Politoed|Protect|p1a: Politoed
|-singleturn|p1a: Politoed|Protect
|move|p2b: Whimsicott|Dazzling Gleam|p1b: Gengar|[spread] 
|-activate|p1a: Politoed|move: Protect
|-activate|p1b: Gengar|move: Protect
|move|p2a: Eelektross|Supercell Slam|p1a: Politoed
|-activate|p1a: Politoed|move: Protect
|-damage|p2a: Eelektross|38/100|[from] supercellslam
|-enditem|p2a: Eelektross|Sitrus Berry|[eat]
|-heal|p2a: Eelektross|63/100|[from] item: Sitrus Berry
|
|-weather|RainDance|[upkeep]
|-start|p2b: Whimsicott|perish0
|-start|p2a: Eelektross|perish0
|faint|p2b: Whimsicott
|faint|p2a: Eelektross
|
|win|GaliVGC
||natty dice is ready for game 2.
||GaliVGC is ready for game 2.
|uhtml|next|Next: Game 2 of 3
|l|☆natty dice
|player|p2|
