|j|☆sturmkitten69
|j|☆mouseilluminati
|html|sturmkitten69mouseilluminati    
|uhtml|bestof|Game 1 of a best-of-3
|t:|1784682227
|gametype|doubles
|player|p1|sturmkitten69|fisherman-gen4|1221
|player|p2|mouseilluminati|n|1213
|gen|9
|tier|[Gen 9 Champions] VGC 2026 Reg M-B (Bo3)
|rated|
|rule|Species Clause: Limit one of each Pokémon
|rule|Item Clause: Limit 1 of each item
|clearpoke
|poke|p1|Incineroar, L50, M, shiny|
|poke|p1|Rotom-Wash, L50, shiny|
|poke|p1|Delphox, L50, M|
|poke|p1|Altaria, L50, F|
|poke|p1|Sinistcha, L50|
|poke|p1|Chesnaught, L50, M, shiny|
|poke|p2|Pyroar, L50, M|
|poke|p2|Basculegion, L50, M|
|poke|p2|Torkoal, L50, F|
|poke|p2|Whimsicott, L50, F|
|poke|p2|Mawile, L50, F|
|poke|p2|Farigiraf, L50, M|
|teampreview|4
|showteam|p1|Incineroar||PasshoBerry|Intimidate|FakeOut,PartingShot,ThroatChop,FlareBlitz|Impish||M|||50|]Rotom-Wash||ChoiceScarf|Levitate|VoltSwitch,Electroweb,WillOWisp,HydroPump|Timid|||||50|]Delphox||Delphoxite|Blaze|HeatWave,CalmMind,Psychic,Protect|Timid||M|||50|]Altaria||RoseliBerry|CloudNine|Tailwind,Roost,WillOWisp,DragonPulse|Timid||F|||50|]Sinistcha||SitrusBerry|Hospitality|Protect,RagePowder,LifeDew,MatchaGotcha|Bold|||||50|]Chesnaught||Leftovers|Bulletproof|WideGuard,BodyPress,WoodHammer,SpikyShield|Impish||M|||50|
|showteam|p2|Pyroar||Pyroarite|Unnerve|HeatWave,Overheat,Protect,SolarBeam|Timid||M|||50|]Basculegion||LifeOrb|Adaptability|AquaJet,WaveCrash,Protect,LastRespects|Adamant||M|||50|]Torkoal||Charcoal|Drought|Eruption,WeatherBall,Protect,HelpingHand|Quiet||F|||50|]Whimsicott||FocusSash|Prankster|Moonblast,SunnyDay,Protect,Tailwind|Timid||F|||50|]Mawile||Mawilite|HyperCutter|RockSlide,PlayRough,Protect,SuckerPunch|Adamant||F|||50|]Farigiraf||ColburBerry|ArmorTail|FoulPlay,Psychic,HelpingHand,TrickRoom|Relaxed||M|||50|
|
|t:|1784682287
|teamsize|p1|4
|teamsize|p2|4
|start
|switch|p1a: Rotom|Rotom-Wash, L50, shiny|100/100
|switch|p1b: Delphox|Delphox, L50, M|100/100
|switch|p2a: Farigiraf|Farigiraf, L50, M|100/100
|switch|p2b: Basculegion|Basculegion, L50, M|100/100
|turn|1
|inactive|Battle timer is ON: inactive players will automatically lose when time's up. (requested by mouseilluminati)
|inactive|sturmkitten69 has 60 seconds left.
|
|t:|1784682362
|switch|p2b: Torkoal|Torkoal, L50, F|100/100
|-weather|SunnyDay|[from] ability: Drought|[of] p2b: Torkoal
|detailschange|p1b: Delphox|Delphox-Mega, L50, M
|-mega|p1b: Delphox|Delphox|Delphoxite
|move|p1a: Rotom|Volt Switch|p2b: Torkoal
|-damage|p2b: Torkoal|60/100
|
|t:|1784682372
|switch|p1a: Altaria|Altaria, L50, F|100/100|[from] Volt Switch
|-ability|p1a: Altaria|Cloud Nine
|move|p1b: Delphox|Calm Mind|p1b: Delphox
|-boost|p1b: Delphox|spa|1
|-boost|p1b: Delphox|spd|1
|move|p2a: Farigiraf|Trick Room|p2a: Farigiraf
|-fieldstart|move: Trick Room|[of] p2a: Farigiraf
|
|-weather|SunnyDay|[upkeep]
|upkeep
|turn|2
|inactive|sturmkitten69 has 30 seconds left.
|inactive|sturmkitten69 has 20 seconds left.
|inactive|sturmkitten69 has 15 seconds left.
|
|t:|1784682415
|move|p2b: Torkoal|Helping Hand|p2a: Farigiraf
|-singleturn|p2a: Farigiraf|Helping Hand|[of] p2b: Torkoal
|move|p2a: Farigiraf|Foul Play|p1b: Delphox
|-supereffective|p1b: Delphox|1
|-damage|p1b: Delphox|48/100
|move|p1a: Altaria|Dragon Pulse|p2b: Torkoal
|-crit|p2b: Torkoal
|-damage|p2b: Torkoal|12/100
|move|p1b: Delphox|Calm Mind|p1b: Delphox
|-boost|p1b: Delphox|spa|1
|-boost|p1b: Delphox|spd|1
|
|-weather|SunnyDay|[upkeep]
|upkeep
|turn|3
|
|t:|1784682433
|switch|p1a: Sinistcha|Sinistcha, L50|100/100
|-heal|p1b: Delphox|72/100|[from] ability: Hospitality|[of] p1a: Sinistcha
|move|p2b: Torkoal|Helping Hand|p2a: Farigiraf
|-singleturn|p2a: Farigiraf|Helping Hand|[of] p2b: Torkoal
|move|p2a: Farigiraf|Foul Play|p1b: Delphox
|-supereffective|p1b: Delphox|1
|-damage|p1b: Delphox|23/100
|move|p1b: Delphox|Heat Wave|p2a: Farigiraf|[spread] p2a,p2b
|-resisted|p2b: Torkoal|1
|-crit|p2b: Torkoal
|-damage|p2a: Farigiraf|0 fnt
|-damage|p2b: Torkoal|0 fnt
|faint|p2a: Farigiraf
|faint|p2b: Torkoal
|
|-weather|SunnyDay|[upkeep]
|upkeep
|
|t:|1784682448
|switch|p2b: Basculegion|Basculegion, L50, M|100/100
|switch|p2a: Mawile|Mawile, L50, F|100/100
|turn|4
|inactive|sturmkitten69 has 30 seconds left.
|
|t:|1784682480
|switch|p1a: Rotom|Rotom-Wash, L50, shiny|100/100
|detailschange|p2a: Mawile|Mawile-Mega, L50, F
|-mega|p2a: Mawile|Mawile|Mawilite
|move|p1b: Delphox|Protect|p1b: Delphox
|-singleturn|p1b: Delphox|Protect
|move|p2a: Mawile|Rock Slide|p1b: Delphox|[spread] p1a
|-activate|p1b: Delphox|move: Protect
|-damage|p1a: Rotom|51/100
|move|p2b: Basculegion|Last Respects|p1a: Rotom
|-damage|p1a: Rotom|0 fnt
|faint|p1a: Rotom
|-damage|p2b: Basculegion|90/100|[from] item: Life Orb
|
|-weather|SunnyDay|[upkeep]
|upkeep
|
|t:|1784682495
|switch|p1a: Sinistcha|Sinistcha, L50|100/100
|-heal|p1b: Delphox|48/100|[from] ability: Hospitality|[of] p1a: Sinistcha
|turn|5
|
|t:|1784682513
|move|p1a: Sinistcha|Rage Powder|p1a: Sinistcha
|-singleturn|p1a: Sinistcha|move: Rage Powder
|move|p2a: Mawile|Rock Slide|p1a: Sinistcha|[spread] p1a,p1b
|-supereffective|p1b: Delphox|1
|-damage|p1a: Sinistcha|70/100
|-damage|p1b: Delphox|0 fnt
|faint|p1b: Delphox
|move|p2b: Basculegion|Last Respects|p1a: Sinistcha
|-supereffective|p1a: Sinistcha|1
|-damage|p1a: Sinistcha|0 fnt
|faint|p1a: Sinistcha
|-damage|p2b: Basculegion|80/100|[from] item: Life Orb
|
|-weather|none
|-fieldend|move: Trick Room
|upkeep
|
|t:|1784682527
|switch|p1b: Altaria|Altaria, L50, F|100/100
|-ability|p1b: Altaria|Cloud Nine
|turn|6
|
|t:|1784682546
|move|p2b: Basculegion|Last Respects|p1b: Altaria
|-damage|p1b: Altaria|0 fnt
|faint|p1b: Altaria
|-damage|p2b: Basculegion|71/100|[from] item: Life Orb
|
|win|mouseilluminati
||sturmkitten69 is ready for game 2.
||mouseilluminati is ready for game 2.
|uhtml|next|Next: Game 2 of 3
|l|☆sturmkitten69
|player|p1|
