|j|ŌśåXeroxyx
|j|Ōśåjoepoopgaming
|html|Xeroxyxjoepoopgaming    
|uhtml|bestof|Game 1 of a best-of-3
|t:|1783377825
|gametype|doubles
|player|p1|Xeroxyx|hilbert|
|player|p2|joepoopgaming|1|
|gen|9
|tier|[Gen 9 Champions] VGC 2026 Reg M-B (Bo3)
|rule|Species Clause: Limit one of each Pok├®mon
|rule|Item Clause: Limit 1 of each item
|clearpoke
|poke|p1|Gholdengo, L50|
|poke|p1|Incineroar, L50, F|
|poke|p1|Basculegion, L50, M|
|poke|p1|Garchomp, L50, F|
|poke|p1|Charizard, L50, M|
|poke|p1|Whimsicott, L50, M|
|poke|p2|Pelipper, L50, F, shiny|
|poke|p2|Beedrill, L50, F|
|poke|p2|Archaludon, L50, F, shiny|
|poke|p2|Sinistcha-Masterpiece, L50, shiny|
|poke|p2|Scizor, L50, F, shiny|
|poke|p2|Sneasler, L50, F, shiny|
|teampreview|4
|showteam|p1|Gholdengo||SpellTag|GoodasGold|MakeItRain,ShadowBall,NastyPlot,Protect|Modest|||||50|]Incineroar||SitrusBerry|Intimidate|PartingShot,FlareBlitz,ThroatChop,FakeOut|Impish||F|||50|]Basculegion||ChoiceScarf|Adaptability|WaveCrash,LastRespects,AquaJet,FlipTurn|Jolly||M|||50|]Garchomp||LifeOrb|RoughSkin|Earthquake,DragonClaw,RockSlide,Protect|Jolly||F|||50|]Charizard||CharizarditeY|Blaze|HeatWave,SolarBeam,WeatherBall,Protect|Modest||M|||50|]Whimsicott||FocusSash|Prankster|Tailwind,Encore,Moonblast,Protect|Timid||M|||50|
|showteam|p2|Pelipper||WacanBerry|Drizzle|Tailwind,Hurricane,WeatherBall,Protect|Timid||F|||50|]Beedrill||Beedrillite|Sniper|Lunge,PoisonJab,Uturn,Protect|Adamant||F|||50|]Archaludon||LifeOrb|Stamina|ElectroShot,FlashCannon,DracoMeteor,Protect|Modest||F|||50|]Sinistcha-Masterpiece||SitrusBerry|Hospitality|RagePowder,MatchaGotcha,ShadowBall,Protect|Modest|||||50|]Scizor||Scizorite|Technician|BulletPunch,Lunge,CloseCombat,Protect|Adamant||F|||50|]Sneasler||FocusSash|Unburden|FakeOut,CloseCombat,DireClaw,Protect|Adamant||F|||50|
|c|ŌśåXeroxyx|glhf
|c|Ōśåjoepoopgaming|ghlf
|c|Ōśåjoepoopgaming|good have luck fun
|
|t:|1783377862
|teamsize|p1|4
|teamsize|p2|4
|start
|switch|p1a: Incineroar|Incineroar, L50, F|100/100
|switch|p1b: Basculegion|Basculegion, L50, M|100/100
|switch|p2a: pepper|Pelipper, L50, F, shiny|100/100
|switch|p2b: a big bite|Archaludon, L50, F, shiny|100/100
|-weather|RainDance|[from] ability: Drizzle|[of] p2a: pepper
|-ability|p1a: Incineroar|Intimidate|boost
|-unboost|p2a: pepper|atk|1
|-unboost|p2b: a big bite|atk|1
|turn|1
|
|t:|1783377900
|move|p2b: a big bite|Protect|p2b: a big bite
|-singleturn|p2b: a big bite|Protect
|move|p2a: pepper|Protect|p2a: pepper
|-singleturn|p2a: pepper|Protect
|move|p1a: Incineroar|Fake Out|p2a: pepper
|-activate|p2a: pepper|move: Protect
|move|p1b: Basculegion|Flip Turn|p2b: a big bite
|-activate|p2b: a big bite|move: Protect
|
|-weather|RainDance|[upkeep]
|upkeep
|turn|2
|
|t:|1783377922
|move|p1b: Basculegion|Flip Turn|p2b: a big bite
|-resisted|p2b: a big bite|1
|-damage|p2b: a big bite|80/100
|-ability|p2b: a big bite|Stamina|boost
|-boost|p2b: a big bite|def|1
|
|t:|1783377934
|switch|p1b: Charizard|Charizard, L50, M|100/100|[from] Flip Turn
|move|p2b: a big bite|Draco Meteor|p1b: Charizard
|-damage|p1b: Charizard|0 fnt
|-unboost|p2b: a big bite|spa|2
|faint|p1b: Charizard
|-damage|p2b: a big bite|70/100|[from] item: Life Orb
|move|p2a: pepper|Weather Ball|p1a: Incineroar
|-supereffective|p1a: Incineroar|1
|-damage|p1a: Incineroar|0 fnt
|faint|p1a: Incineroar
|
|-weather|RainDance|[upkeep]
|upkeep
|c|ŌśåXeroxyx|ok
|
|t:|1783377944
|switch|p1b: Garchomp|Garchomp, L50, F|100/100
|switch|p1a: Basculegion|Basculegion, L50, M|100/100
|turn|3
|c|Ōśåjoepoopgaming|wow
|c|ŌśåXeroxyx|i think that ends game
|c|Ōśåjoepoopgaming|uh yeah
|c|Ōśåjoepoopgaming|i didnt even expect that
|
|t:|1783377973
|switch|p2b: achoo|Sneasler, L50, F, shiny|100/100
|move|p1a: Basculegion|Last Respects|p2b: achoo
|-enditem|p2b: achoo|Focus Sash
|-damage|p2b: achoo|1/100
|move|p1b: Garchomp|Dragon Claw|p2b: achoo
|-damage|p2b: achoo|0 fnt
|faint|p2b: achoo
|-damage|p1b: Garchomp|90/100|[from] item: Life Orb
|move|p2a: pepper|Weather Ball|p1b: Garchomp
|-damage|p1b: Garchomp|23/100
|
|-weather|RainDance|[upkeep]
|upkeep
|
|t:|1783377988
|switch|p2b: hit the jackpot|Beedrill, L50, F|100/100
|turn|4
|
|t:|1783378004
|detailschange|p2b: hit the jackpot|Beedrill-Mega, L50, F
|-mega|p2b: hit the jackpot|Beedrill|Beedrillite
|move|p1b: Garchomp|Protect|p1b: Garchomp
|-singleturn|p1b: Garchomp|Protect
|move|p1a: Basculegion|Last Respects|p2b: hit the jackpot
|-damage|p2b: hit the jackpot|0 fnt
|faint|p2b: hit the jackpot
|move|p2a: pepper|Hurricane|p1a: Basculegion
|-damage|p1a: Basculegion|51/100
|
|-weather|RainDance|[upkeep]
|upkeep
|c|Ōśåjoepoopgaming|uh oh
|
|t:|1783378013
|switch|p2b: a big bite|Archaludon, L50, F, shiny|70/100
|turn|5
|
|t:|1783378024
|move|p1a: Basculegion|Last Respects|p2b: a big bite
|-damage|p2b: a big bite|9/100
|-ability|p2b: a big bite|Stamina|boost
|-boost|p2b: a big bite|def|1
|move|p1b: Garchomp|Dragon Claw|p2b: a big bite
|-crit|p2b: a big bite
|-damage|p2b: a big bite|0 fnt
|faint|p2b: a big bite
|-damage|p1b: Garchomp|14/100|[from] item: Life Orb
|move|p2a: pepper|Weather Ball|p1b: Garchomp
|-damage|p1b: Garchomp|0 fnt
|faint|p1b: Garchomp
|
|-weather|none
|upkeep
|turn|6
|c|Ōśåjoepoopgaming|well this is suboptimal
|c|ŌśåXeroxyx|you got rid of the wrong one
|c|Ōśåjoepoopgaming|yeah
|c|ŌśåXeroxyx|ggwp
|
|t:|1783378048
|move|p1a: Basculegion|Last Respects|p2a: pepper
|-damage|p2a: pepper|0 fnt
|faint|p2a: pepper
|
|win|Xeroxyx
|c|Ōśåjoepoopgaming|gg
