|j|☆marin le paon
|j|☆benjitulio
|html|marin le paonbenjitulio    
|uhtml|bestof|Game 1 of a best-of-3
|t:|1784224918
|gametype|doubles
|player|p1|marin le paon|169|1249
|player|p2|benjitulio|wattson|1077
|gen|9
|tier|[Gen 9 Champions] VGC 2026 Reg M-B (Bo3)
|rated|
|rule|Species Clause: Limit one of each Pokémon
|rule|Item Clause: Limit 1 of each item
|clearpoke
|poke|p1|Scizor, L50, M|
|poke|p1|Tyranitar, L50, F|
|poke|p1|Rotom-Mow, L50|
|poke|p1|Sylveon, L50, M|
|poke|p1|Volcarona, L50, F|
|poke|p1|Milotic, L50, F|
|poke|p2|Maushold-Four, L50|
|poke|p2|Incineroar, L50, M|
|poke|p2|Metagross, L50|
|poke|p2|Aerodactyl, L50, F|
|poke|p2|Primarina, L50, M|
|poke|p2|Sinistcha, L50|
|teampreview|4
|showteam|p1|Scizor||Scizorite|Technician|BulletPunch,BugBite,SwordsDance,Protect|Adamant||M|||50|]Tyranitar||Tyranitarite|SandStream|RockSlide,Crunch,DragonDance,Protect|Jolly||F|||50|]Rotom-Mow||ExpertBelt|Levitate|Thunderbolt,LeafStorm,Electroweb,Protect|Modest|||||50|]Sylveon||FairyFeather|Pixilate|HyperVoice,HyperBeam,QuickAttack,Detect|Modest||M|||50|]Volcarona||PasshoBerry|FlameBody|Overheat,StruggleBug,RagePowder,Tailwind|Bold||F|||50|]Milotic||Leftovers|Competitive|MuddyWater,Coil,Hypnosis,Protect|Modest||F|||50|
|showteam|p2|Maushold-Four||FocusSash|FriendGuard|FollowMe,RainDance,PopulationBomb,SuperFang|Jolly|||||50|]Incineroar||ChopleBerry|Intimidate|FakeOut,FlareBlitz,PartingShot,DarkestLariat|Impish||M|||50|]Metagross||Metagrossite|ClearBody|IronHead,Protect,PsychicFangs,Earthquake|Adamant|||||50|]Aerodactyl||Aerodactylite|Unnerve|RockSlide,Protect,Tailwind,IceFang|Jolly||F|||50|]Primarina||ChoiceScarf|LiquidVoice|HyperVoice,HydroPump,IcyWind,Moonblast|Modest||M|||50|]Sinistcha||SitrusBerry|Hospitality|MatchaGotcha,LifeDew,ShadowBall,RagePowder|Calm|||||50|
|inactive|Battle timer is ON: inactive players will automatically lose when time's up. (requested by benjitulio)
|
|t:|1784224980
|teamsize|p1|4
|teamsize|p2|4
|start
|switch|p1a: Milotic|Milotic, L50, F|100/100
|switch|p1b: Volcarona|Volcarona, L50, F|100/100
|switch|p2a: Maushold|Maushold-Four, L50|100/100
|switch|p2b: Primarina|Primarina, L50, M|100/100
|turn|1
|inactive|marin le paon has 30 seconds left.
|inactive|benjitulio has 30 seconds left.
|
|t:|1784225014
|move|p2a: Maushold|Super Fang|p1a: Milotic
|-damage|p1a: Milotic|50/100g
|move|p2b: Primarina|Hyper Voice|p1b: Volcarona|[spread] p1a,p1b
|-resisted|p1a: Milotic|1
|-supereffective|p1b: Volcarona|1
|-enditem|p1b: Volcarona|Passho Berry|[eat]
|-enditem|p1b: Volcarona|Passho Berry|[weaken]
|-damage|p1a: Milotic|36/100
|-damage|p1b: Volcarona|67/100
|move|p1b: Volcarona|Struggle Bug|p2a: Maushold|[spread] p2a,p2b
|-resisted|p2b: Primarina|1
|-damage|p2a: Maushold|73/100
|-damage|p2b: Primarina|93/100
|-unboost|p2a: Maushold|spa|1
|-unboost|p2b: Primarina|spa|1
|move|p1a: Milotic|Coil|p1a: Milotic
|-boost|p1a: Milotic|atk|1
|-boost|p1a: Milotic|def|1
|-boost|p1a: Milotic|accuracy|1
|
|-heal|p1a: Milotic|42/100|[from] item: Leftovers
|upkeep
|turn|2
|inactive|marin le paon has 30 seconds left.
|inactive|benjitulio has 30 seconds left.
|inactive|marin le paon has 20 seconds left.
|
|t:|1784225050
|move|p1b: Volcarona|Rage Powder|p1b: Volcarona
|-singleturn|p1b: Volcarona|move: Rage Powder
|move|p2a: Maushold|Population Bomb|p1b: Volcarona
|-damage|p1b: Volcarona|60/100
|-crit|p1b: Volcarona
|-damage|p1b: Volcarona|48/100
|-status|p2a: Maushold|brn|[from] ability: Flame Body|[of] p1b: Volcarona
|-damage|p1b: Volcarona|45/100
|-damage|p1b: Volcarona|42/100
|-damage|p1b: Volcarona|38/100
|-damage|p1b: Volcarona|35/100
|-damage|p1b: Volcarona|31/100
|-damage|p1b: Volcarona|28/100
|-damage|p1b: Volcarona|25/100
|-damage|p1b: Volcarona|22/100
|-hitcount|p1b: Volcarona|10
|move|p2b: Primarina|Hyper Voice|p1a: Milotic|[spread] p1a,p1b
|-resisted|p1a: Milotic|1
|-supereffective|p1b: Volcarona|1
|-damage|p1a: Milotic|32/100
|-damage|p1b: Volcarona|0 fnt
|faint|p1b: Volcarona
|move|p1a: Milotic|Hypnosis||[still]
|-fail|p1a: Milotic
|
|-heal|p1a: Milotic|38/100|[from] item: Leftovers
|-damage|p2a: Maushold|67/100 brn|[from] brn
|upkeep
|
|t:|1784225070
|switch|p1b: Rotom|Rotom-Mow, L50|100/100
|turn|3
|
|t:|1784225092
|switch|p2b: Sinistcha|Sinistcha, L50|100/100
|-heal|p2a: Maushold|92/100 brn|[from] ability: Hospitality|[of] p2b: Sinistcha
|move|p2a: Maushold|Super Fang|p1b: Rotom
|-damage|p1b: Rotom|50/100g
|move|p1b: Rotom|Electroweb|p2a: Maushold|[spread] p2a,p2b
|-resisted|p2b: Sinistcha|1
|-damage|p2a: Maushold|66/100 brn
|-damage|p2b: Sinistcha|94/100
|-unboost|p2a: Maushold|spe|1
|-unboost|p2b: Sinistcha|spe|1
|move|p1a: Milotic|Muddy Water|p2b: Sinistcha|[spread] p2a,p2b
|-resisted|p2b: Sinistcha|1
|-damage|p2a: Maushold|25/100 brn
|-damage|p2b: Sinistcha|85/100
|
|-heal|p1a: Milotic|45/100|[from] item: Leftovers
|-damage|p2a: Maushold|19/100 brn|[from] brn
|upkeep
|turn|4
|inactive|marin le paon has 30 seconds left.
|
|t:|1784225125
|move|p1b: Rotom|Thunderbolt|p2a: Maushold
|-damage|p2a: Maushold|0 fnt
|faint|p2a: Maushold
|move|p1a: Milotic|Hypnosis|p2b: Sinistcha
|-status|p2b: Sinistcha|slp|[from] move: Hypnosis
|cant|p2b: Sinistcha|slp
|
|-heal|p1a: Milotic|51/100|[from] item: Leftovers
|upkeep
|
|t:|1784225148
|switch|p2a: Primarina|Primarina, L50, M|93/100
|turn|5
|inactive|marin le paon has 30 seconds left.
|
|t:|1784225173
|move|p1a: Milotic|Protect|p1a: Milotic
|-singleturn|p1a: Milotic|Protect
|move|p2a: Primarina|Moonblast|p1b: Rotom
|-damage|p1b: Rotom|0 fnt
|faint|p1b: Rotom
|cant|p2b: Sinistcha|slp
|
|-heal|p1a: Milotic|57/100|[from] item: Leftovers
|upkeep
|
|t:|1784225179
|switch|p1b: Scizor|Scizor, L50, M|100/100
|turn|6
|
|t:|1784225190
|detailschange|p1b: Scizor|Scizor-Mega, L50, M
|-mega|p1b: Scizor|Scizor|Scizorite
|move|p2a: Primarina|Moonblast|p1a: Milotic
|-damage|p1a: Milotic|19/100
|-unboost|p1a: Milotic|spa|1
|-ability|p1a: Milotic|Competitive|boost
|-boost|p1a: Milotic|spa|2
|move|p1a: Milotic|Hypnosis|p2a: Primarina|[miss]
|-miss|p1a: Milotic|p2a: Primarina
|move|p1b: Scizor|Swords Dance|p1b: Scizor
|-boost|p1b: Scizor|atk|2
|-curestatus|p2b: Sinistcha|slp|[msg]
|move|p2b: Sinistcha|Matcha Gotcha|p1a: Milotic|[spread] p1b
|-miss|p2b: Sinistcha|p1a: Milotic
|-resisted|p1b: Scizor|2
|-damage|p1b: Scizor|94/100
|-heal|p2b: Sinistcha|88/100|[from] drain|[of] p1b: Scizor
|
|-heal|p1a: Milotic|25/100|[from] item: Leftovers
|upkeep
|turn|7
|inactive|benjitulio has 30 seconds left.
|
|t:|1784225218
|move|p1a: Milotic|Protect|p1a: Milotic
|-singleturn|p1a: Milotic|Protect
|move|p2a: Primarina|Moonblast|p1a: Milotic
|-activate|p1a: Milotic|move: Protect
|move|p1b: Scizor|Bug Bite|p2b: Sinistcha
|-damage|p2b: Sinistcha|0 fnt
|-enditem|p2b: Sinistcha|Sitrus Berry|[from] stealeat|[move] Bug Bite|[of] p1b: Scizor
|-heal|p1b: Scizor|100/100|[from] item: Sitrus Berry
|faint|p2b: Sinistcha
|
|-heal|p1a: Milotic|32/100|[from] item: Leftovers
|upkeep
|
|t:|1784225220
|switch|p2b: Metagross|Metagross, L50|100/100
|turn|8
|inactive|marin le paon has 30 seconds left.
|inactive|benjitulio has 30 seconds left.
|
|t:|1784225251
|detailschange|p2b: Metagross|Metagross-Mega, L50
|-mega|p2b: Metagross|Metagross|Metagrossite
|move|p1a: Milotic|Protect||[still]
|-fail|p1a: Milotic
|move|p2a: Primarina|Moonblast|p1a: Milotic
|-damage|p1a: Milotic|0 fnt
|faint|p1a: Milotic
|move|p2b: Metagross|Iron Head|p1b: Scizor
|-resisted|p1b: Scizor|1
|-damage|p1b: Scizor|74/100
|move|p1b: Scizor|Bug Bite|p2b: Metagross
|-damage|p2b: Metagross|10/100
|
|upkeep
|turn|9
|
|t:|1784225270
|move|p2b: Metagross|Protect|p2b: Metagross
|-singleturn|p2b: Metagross|Protect
|move|p1b: Scizor|Bullet Punch|p2a: Primarina
|-damage|p2a: Primarina|0 fnt
|faint|p2a: Primarina
|
|upkeep
|turn|10
|
|t:|1784225278
|move|p1b: Scizor|Bullet Punch|p2b: Metagross
|-resisted|p2b: Metagross|1
|-damage|p2b: Metagross|0 fnt
|faint|p2b: Metagross
|
|win|marin le paon
