|j|☆sig.kire
|j|☆ultraclaw1
|html|sig.kireultraclaw1    
|uhtml|bestof|Game 2 of a best-of-3
|t:|1782655392
|gametype|doubles
|player|p1|sig.kire|ghetsis-gen5bw|1188
|player|p2|ultraclaw1|alder|1231
|gen|9
|tier|[Gen 9 Champions] VGC 2026 Reg M-B (Bo3)
|rated|
|rule|Species Clause: Limit one of each Pokémon
|rule|Item Clause: Limit 1 of each item
|clearpoke
|poke|p1|Ceruledge, L50, M|
|poke|p1|Floette-Eternal, L50, F|
|poke|p1|Sinistcha-Masterpiece, L50|
|poke|p1|Milotic, L50, M|
|poke|p1|Scrafty, L50, F|
|poke|p1|Raichu, L50, M|
|poke|p2|Raichu, L50, F|
|poke|p2|Incineroar, L50, M|
|poke|p2|Sinistcha-Masterpiece, L50|
|poke|p2|Froslass, L50, F|
|poke|p2|Whimsicott, L50, F|
|poke|p2|Garchomp, L50, M|
|teampreview|4
|showteam|p1|Ceruledge||ColburBerry|FlashFire|BitterBlade,ShadowSneak,BulkUp,Protect|Adamant||M|||50|]Floette-Eternal||Floettite|FlowerVeil|DazzlingGleam,DrainingKiss,CalmMind,Protect|Modest||F|||50|]Sinistcha-Masterpiece||SitrusBerry|Hospitality|Protect,MatchaGotcha,RagePowder,LifeDew|Relaxed|||||50|]Milotic||Leftovers|Competitive|Coil,MuddyWater,Hypnosis,Protect|Calm||M|||50|]Scrafty||Scraftinite|Intimidate|CloseCombat,KnockOff,FakeOut,Protect|Adamant||F|||50|]Raichu||FocusSash|LightningRod|FakeOut,GrassKnot,Nuzzle,VoltSwitch|Timid||M|||50|
|showteam|p2|Raichu||RaichuniteY|LightningRod|NastyPlot,Protect,ZapCannon,FocusBlast|Modest||F|||50|]Incineroar||SitrusBerry|Intimidate|ThroatChop,FlareBlitz,PartingShot,FakeOut|Adamant||M|||50|]Sinistcha-Masterpiece||OccaBerry|Hospitality|TrickRoom,RagePowder,MatchaGotcha,StrengthSap|Sassy|||||50|]Froslass||Froslassite|CursedBody|Protect,NastyPlot,Blizzard,ShadowBall|Modest||F|||50|]Whimsicott||FocusSash|Prankster|Protect,Moonblast,Tailwind,Encore|Timid||F|||50|]Garchomp||LifeOrb|RoughSkin|DragonClaw,StompingTantrum,Protect,RockSlide|Jolly||M|||50|
|inactive|Battle timer is ON: inactive players will automatically lose when time's up. (requested by ultraclaw1)
|inactive|ultraclaw1 has 60 seconds left.
|
|t:|1782655427
|teamsize|p1|4
|teamsize|p2|4
|start
|switch|p1a: Milotic|Milotic, L50, M|100/100
|switch|p1b: Raichu|Raichu, L50, M|100/100
|switch|p2a: Froslass|Froslass, L50, F|100/100
|switch|p2b: Sinistcha|Sinistcha-Masterpiece, L50|100/100
|turn|1
|
|t:|1782655443
|detailschange|p2a: Froslass|Froslass-Mega, L50, F
|-mega|p2a: Froslass|Froslass|Froslassite
|-weather|Snowscape|[from] ability: Snow Warning|[of] p2a: Froslass
|move|p1b: Raichu|Nuzzle|p2b: Sinistcha
|-resisted|p2b: Sinistcha|1
|-damage|p2b: Sinistcha|97/100
|-status|p2b: Sinistcha|par
|move|p2a: Froslass|Nasty Plot|p2a: Froslass
|-boost|p2a: Froslass|spa|2
|move|p1a: Milotic|Coil|p1a: Milotic
|-boost|p1a: Milotic|atk|1
|-boost|p1a: Milotic|def|1
|-boost|p1a: Milotic|accuracy|1
|move|p2b: Sinistcha|Matcha Gotcha|p1a: Milotic|[spread] p1a,p1b
|-supereffective|p1a: Milotic|1
|-damage|p1a: Milotic|66/100
|-heal|p2b: Sinistcha|100/100 par|[from] drain|[of] p1a: Milotic
|-damage|p1b: Raichu|64/100
|
|-weather|Snowscape|[upkeep]
|-heal|p1a: Milotic|72/100|[from] item: Leftovers
|upkeep
|turn|2
|
|t:|1782655461
|move|p1b: Raichu|Volt Switch|p2a: Froslass
|-damage|p2a: Froslass|68/100
|
|t:|1782655464
|switch|p1b: Ceruledge|Ceruledge, L50, M|100/100|[from] Volt Switch
|move|p2a: Froslass|Blizzard|p1b: Ceruledge|[spread] p1a,p1b
|-resisted|p1a: Milotic|1
|-resisted|p1b: Ceruledge|1
|-damage|p1a: Milotic|39/100
|-damage|p1b: Ceruledge|47/100
|move|p1a: Milotic|Muddy Water|p2a: Froslass|[spread] p2a,p2b
|-resisted|p2b: Sinistcha|1
|-damage|p2a: Froslass|40/100
|-damage|p2b: Sinistcha|91/100 par
|cant|p2b: Sinistcha|par
|
|-weather|Snowscape|[upkeep]
|-heal|p1a: Milotic|45/100|[from] item: Leftovers
|upkeep
|turn|3
|
|t:|1782655476
|move|p1b: Ceruledge|Shadow Sneak|p2a: Froslass
|-supereffective|p2a: Froslass|1
|-damage|p2a: Froslass|0 fnt
|faint|p2a: Froslass
|move|p1a: Milotic|Muddy Water|p2b: Sinistcha
|-resisted|p2b: Sinistcha|1
|-damage|p2b: Sinistcha|79/100 par
|-unboost|p2b: Sinistcha|accuracy|1
|move|p2b: Sinistcha|Matcha Gotcha|p1a: Milotic|[spread] p1b
|-miss|p2b: Sinistcha|p1a: Milotic
|-resisted|p1b: Ceruledge|1
|-damage|p1b: Ceruledge|36/100
|-heal|p2b: Sinistcha|85/100 par|[from] drain|[of] p1b: Ceruledge
|
|-weather|Snowscape|[upkeep]
|-heal|p1a: Milotic|50/100g|[from] item: Leftovers
|upkeep
|
|t:|1782655483
|switch|p2a: Garchomp|Garchomp, L50, M|100/100
|turn|4
|
|t:|1782655488
|move|p1b: Ceruledge|Protect|p1b: Ceruledge
|-singleturn|p1b: Ceruledge|Protect
|move|p2a: Garchomp|Stomping Tantrum|p1b: Ceruledge
|-activate|p1b: Ceruledge|move: Protect
|move|p1a: Milotic|Hypnosis|p2a: Garchomp
|-status|p2a: Garchomp|slp|[from] move: Hypnosis
|move|p2b: Sinistcha|Matcha Gotcha|p1b: Ceruledge|[spread] p1a
|-activate|p1b: Ceruledge|move: Protect
|-supereffective|p1a: Milotic|1
|-damage|p1a: Milotic|15/100
|-heal|p2b: Sinistcha|100/100 par|[from] drain|[of] p1a: Milotic
|
|-weather|Snowscape|[upkeep]
|-heal|p1a: Milotic|21/100|[from] item: Leftovers
|upkeep
|turn|5
|
|t:|1782655494
|cant|p2a: Garchomp|slp
|move|p1b: Ceruledge|Bitter Blade|p2b: Sinistcha
|-supereffective|p2b: Sinistcha|1
|-enditem|p2b: Sinistcha|Occa Berry|[eat]
|-enditem|p2b: Sinistcha|Occa Berry|[weaken]
|-damage|p2b: Sinistcha|56/100 par
|-heal|p1b: Ceruledge|57/100|[from] drain|[of] p2b: Sinistcha
|move|p1a: Milotic|Muddy Water|p2b: Sinistcha|[spread] p2a,p2b
|-crit|p2a: Garchomp
|-resisted|p2b: Sinistcha|1
|-damage|p2a: Garchomp|62/100 slp
|-damage|p2b: Sinistcha|47/100 par
|-unboost|p2b: Sinistcha|accuracy|1
|cant|p2b: Sinistcha|par
|
|-weather|none
|-heal|p1a: Milotic|27/100|[from] item: Leftovers
|upkeep
|turn|6
|
|t:|1782655501
|-curestatus|p2a: Garchomp|slp|[msg]
|move|p2a: Garchomp|Stomping Tantrum|p1b: Ceruledge
|-supereffective|p1b: Ceruledge|1
|-damage|p1b: Ceruledge|0 fnt
|faint|p1b: Ceruledge
|-damage|p2a: Garchomp|52/100|[from] item: Life Orb
|move|p1a: Milotic|Muddy Water|p2b: Sinistcha|[spread] p2a,p2b
|-resisted|p2b: Sinistcha|1
|-damage|p2a: Garchomp|27/100
|-damage|p2b: Sinistcha|37/100 par
|move|p2b: Sinistcha|Matcha Gotcha|p1a: Milotic
|-supereffective|p1a: Milotic|1
|-damage|p1a: Milotic|0 fnt
|-heal|p2b: Sinistcha|53/100 par|[from] drain|[of] p1a: Milotic
|faint|p1a: Milotic
|
|upkeep
|
|t:|1782655502
|switch|p1b: Sinistcha|Sinistcha-Masterpiece, L50|100/100
|switch|p1a: Raichu|Raichu, L50, M|64/100
|-heal|p1a: Raichu|89/100|[from] ability: Hospitality|[of] p1b: Sinistcha
|turn|7
|
|t:|1782655518
|switch|p2b: Whimsicott|Whimsicott, L50, F|100/100
|move|p1a: Raichu|Volt Switch|p2b: Whimsicott
|-resisted|p2b: Whimsicott|1
|-damage|p2b: Whimsicott|75/100
|move|p2a: Garchomp|Rock Slide|p1a: Raichu|[spread] p1a,p1b
|-damage|p1a: Raichu|37/100
|-damage|p1b: Sinistcha|80/100
|-damage|p2a: Garchomp|17/100|[from] item: Life Orb
|move|p1b: Sinistcha|Matcha Gotcha|p2b: Whimsicott|[spread] p2a,p2b
|-resisted|p2b: Whimsicott|1
|-damage|p2a: Garchomp|0 fnt
|-heal|p1b: Sinistcha|89/100|[from] drain|[of] p2a: Garchomp
|-damage|p2b: Whimsicott|57/100
|-heal|p1b: Sinistcha|97/100|[from] drain|[of] p2b: Whimsicott
|faint|p2a: Garchomp
|
|upkeep
|
|t:|1782655526
|switch|p2a: Sinistcha|Sinistcha-Masterpiece, L50|53/100 par
|-heal|p2b: Whimsicott|82/100|[from] ability: Hospitality|[of] p2a: Sinistcha
|turn|8
|
|t:|1782655530
|move|p2b: Whimsicott|Tailwind|p2b: Whimsicott
|-sidestart|p2: ultraclaw1|move: Tailwind
|move|p1a: Raichu|Nuzzle|p2b: Whimsicott
|-resisted|p2b: Whimsicott|1
|-damage|p2b: Whimsicott|78/100
|-status|p2b: Whimsicott|par
|cant|p2a: Sinistcha|par
|move|p1b: Sinistcha|Matcha Gotcha|p2a: Sinistcha|[spread] p2a,p2b
|-resisted|p2a: Sinistcha|1
|-resisted|p2b: Whimsicott|1
|-damage|p2a: Sinistcha|43/100 par
|-heal|p1b: Sinistcha|100/100|[from] drain|[of] p2a: Sinistcha
|-damage|p2b: Whimsicott|58/100 par
|
|upkeep
|turn|9
|
|t:|1782655540
|cant|p2b: Whimsicott|par
|move|p1a: Raichu|Volt Switch|p2b: Whimsicott
|-resisted|p2b: Whimsicott|1
|-damage|p2b: Whimsicott|35/100 par
|move|p1b: Sinistcha|Matcha Gotcha|p2b: Whimsicott|[spread] p2a,p2b
|-resisted|p2a: Sinistcha|1
|-resisted|p2b: Whimsicott|1
|-damage|p2a: Sinistcha|33/100 par
|-damage|p2b: Whimsicott|14/100 par
|move|p2a: Sinistcha|Matcha Gotcha|p1a: Raichu|[spread] p1a
|-miss|p2a: Sinistcha|p1b: Sinistcha
|-damage|p1a: Raichu|0 fnt
|-heal|p2a: Sinistcha|48/100 par|[from] drain|[of] p1a: Raichu
|faint|p1a: Raichu
|
|upkeep
|turn|10
|
|t:|1782655547
|move|p2b: Whimsicott|Protect|p2b: Whimsicott
|-singleturn|p2b: Whimsicott|Protect
|move|p2a: Sinistcha|Strength Sap|p1b: Sinistcha
|-unboost|p1b: Sinistcha|atk|1
|-heal|p2a: Sinistcha|93/100 par
|move|p1b: Sinistcha|Matcha Gotcha|p2a: Sinistcha|[spread] p2a
|-activate|p2b: Whimsicott|move: Protect
|-resisted|p2a: Sinistcha|1
|-damage|p2a: Sinistcha|83/100 par
|
|upkeep
|turn|11
|
|t:|1782655554
|move|p2b: Whimsicott|Moonblast|p1b: Sinistcha
|-damage|p1b: Sinistcha|64/100
|move|p2a: Sinistcha|Matcha Gotcha|p1b: Sinistcha
|-resisted|p1b: Sinistcha|1
|-damage|p1b: Sinistcha|47/100
|-heal|p2a: Sinistcha|91/100 par|[from] drain|[of] p1b: Sinistcha
|-enditem|p1b: Sinistcha|Sitrus Berry|[eat]
|-heal|p1b: Sinistcha|71/100|[from] item: Sitrus Berry
|move|p1b: Sinistcha|Matcha Gotcha|p2a: Sinistcha|[spread] p2a,p2b
|-resisted|p2a: Sinistcha|1
|-resisted|p2b: Whimsicott|1
|-damage|p2a: Sinistcha|82/100 par
|-heal|p1b: Sinistcha|76/100|[from] drain|[of] p2a: Sinistcha
|-damage|p2b: Whimsicott|0 fnt
|-heal|p1b: Sinistcha|82/100|[from] drain|[of] p2b: Whimsicott
|faint|p2b: Whimsicott
|
|-sideend|p2: ultraclaw1|move: Tailwind
|upkeep
|turn|12
|
|t:|1782655559
|move|p1b: Sinistcha|Matcha Gotcha|p2a: Sinistcha
|-resisted|p2a: Sinistcha|1
|-damage|p2a: Sinistcha|67/100 par
|-heal|p1b: Sinistcha|89/100|[from] drain|[of] p2a: Sinistcha
|move|p2a: Sinistcha|Matcha Gotcha|p1b: Sinistcha
|-resisted|p1b: Sinistcha|1
|-damage|p1b: Sinistcha|71/100
|-heal|p2a: Sinistcha|76/100 par|[from] drain|[of] p1b: Sinistcha
|-status|p1b: Sinistcha|brn
|
|-damage|p1b: Sinistcha|65/100 brn|[from] brn
|upkeep
|turn|13
|
|t:|1782655566
|move|p1b: Sinistcha|Life Dew|p1b: Sinistcha
|-heal|p1b: Sinistcha|91/100 brn
|move|p2a: Sinistcha|Matcha Gotcha|p1b: Sinistcha
|-resisted|p1b: Sinistcha|1
|-damage|p1b: Sinistcha|73/100 brn
|-heal|p2a: Sinistcha|85/100 par|[from] drain|[of] p1b: Sinistcha
|
|-damage|p1b: Sinistcha|66/100 brn|[from] brn
|upkeep
|turn|14
|
|t:|1782655573
|move|p1b: Sinistcha|Life Dew|p1b: Sinistcha
|-heal|p1b: Sinistcha|92/100 brn
|move|p2a: Sinistcha|Strength Sap|p1b: Sinistcha
|-unboost|p1b: Sinistcha|atk|1
|-heal|p2a: Sinistcha|100/100 par
|
|-damage|p1b: Sinistcha|85/100 brn|[from] brn
|upkeep
|turn|15
|
|t:|1782655578
|move|p1b: Sinistcha|Matcha Gotcha|p2a: Sinistcha|[miss]
|-miss|p1b: Sinistcha|p2a: Sinistcha
|cant|p2a: Sinistcha|par
|
|-damage|p1b: Sinistcha|79/100 brn|[from] brn
|upkeep
|turn|16
|
|t:|1782655584
|move|p1b: Sinistcha|Protect|p1b: Sinistcha
|-singleturn|p1b: Sinistcha|Protect
|move|p2a: Sinistcha|Trick Room|p2a: Sinistcha
|-fieldstart|move: Trick Room|[of] p2a: Sinistcha
|
|-damage|p1b: Sinistcha|73/100 brn|[from] brn
|upkeep
|turn|17
|
|t:|1782655590
|move|p2a: Sinistcha|Matcha Gotcha|p1b: Sinistcha
|-resisted|p1b: Sinistcha|1
|-damage|p1b: Sinistcha|55/100 brn
|move|p1b: Sinistcha|Matcha Gotcha|p2a: Sinistcha
|-resisted|p2a: Sinistcha|1
|-damage|p2a: Sinistcha|85/100 par
|-heal|p1b: Sinistcha|62/100 brn|[from] drain|[of] p2a: Sinistcha
|
|-damage|p1b: Sinistcha|56/100 brn|[from] brn
|upkeep
|turn|18
|
|t:|1782655597
|move|p2a: Sinistcha|Strength Sap|p1b: Sinistcha
|-unboost|p1b: Sinistcha|atk|1
|-heal|p2a: Sinistcha|100/100 par
|move|p1b: Sinistcha|Life Dew|p1b: Sinistcha
|-heal|p1b: Sinistcha|82/100 brn
|
|-damage|p1b: Sinistcha|75/100 brn|[from] brn
|upkeep
|turn|19
|
|t:|1782655601
|move|p2a: Sinistcha|Matcha Gotcha|p1b: Sinistcha
|-resisted|p1b: Sinistcha|1
|-damage|p1b: Sinistcha|59/100 brn
|move|p1b: Sinistcha|Matcha Gotcha|p2a: Sinistcha
|-resisted|p2a: Sinistcha|1
|-damage|p2a: Sinistcha|86/100 par
|-heal|p1b: Sinistcha|66/100 brn|[from] drain|[of] p2a: Sinistcha
|
|-damage|p1b: Sinistcha|60/100 brn|[from] brn
|upkeep
|turn|20
|
|t:|1782655606
|cant|p2a: Sinistcha|par
|move|p1b: Sinistcha|Life Dew|p1b: Sinistcha
|-heal|p1b: Sinistcha|85/100 brn
|
|-damage|p1b: Sinistcha|79/100 brn|[from] brn
|-fieldend|move: Trick Room
|upkeep
|turn|21
|
|t:|1782655610
|move|p1b: Sinistcha|Life Dew|p1b: Sinistcha
|-heal|p1b: Sinistcha|100/100 brn
|move|p2a: Sinistcha|Trick Room|p2a: Sinistcha
|-fieldstart|move: Trick Room|[of] p2a: Sinistcha
|
|-damage|p1b: Sinistcha|93/100 brn|[from] brn
|upkeep
|turn|22
|
|t:|1782655623
|move|p2a: Sinistcha|Strength Sap|p1b: Sinistcha
|-unboost|p1b: Sinistcha|atk|1
|-heal|p2a: Sinistcha|100/100 par
|move|p1b: Sinistcha|Matcha Gotcha|p2a: Sinistcha|[miss]
|-miss|p1b: Sinistcha|p2a: Sinistcha
|
|-damage|p1b: Sinistcha|87/100 brn|[from] brn
|upkeep
|turn|23
|
|t:|1782655629
|move|p1b: Sinistcha|Protect|p1b: Sinistcha
|-singleturn|p1b: Sinistcha|Protect
|move|p2a: Sinistcha|Trick Room|p2a: Sinistcha
|-fieldend|move: Trick Room
|
|-damage|p1b: Sinistcha|81/100 brn|[from] brn
|upkeep
|turn|24
|
|t:|1782655632
|move|p1b: Sinistcha|Matcha Gotcha|p2a: Sinistcha
|-resisted|p2a: Sinistcha|1
|-damage|p2a: Sinistcha|86/100 par
|-heal|p1b: Sinistcha|88/100 brn|[from] drain|[of] p2a: Sinistcha
|move|p2a: Sinistcha|Trick Room|p2a: Sinistcha
|-fieldstart|move: Trick Room|[of] p2a: Sinistcha
|
|-damage|p1b: Sinistcha|82/100 brn|[from] brn
|upkeep
|turn|25
|
|t:|1782655642
|move|p1b: Sinistcha|Protect|p1b: Sinistcha
|-singleturn|p1b: Sinistcha|Protect
|move|p2a: Sinistcha|Rage Powder|p2a: Sinistcha
|-singleturn|p2a: Sinistcha|move: Rage Powder
|
|-damage|p1b: Sinistcha|75/100 brn|[from] brn
|upkeep
|turn|26
|
|t:|1782655645
|cant|p2a: Sinistcha|par
|move|p1b: Sinistcha|Rage Powder|p1b: Sinistcha
|-singleturn|p1b: Sinistcha|move: Rage Powder
|
|-damage|p1b: Sinistcha|69/100 brn|[from] brn
|upkeep
|turn|27
|
|t:|1782655654
|move|p2a: Sinistcha|Matcha Gotcha|p1b: Sinistcha
|-resisted|p1b: Sinistcha|1
|-damage|p1b: Sinistcha|51/100 brn
|-heal|p2a: Sinistcha|95/100 par|[from] drain|[of] p1b: Sinistcha
|move|p1b: Sinistcha|Life Dew|p1b: Sinistcha
|-heal|p1b: Sinistcha|76/100 brn
|
|-damage|p1b: Sinistcha|70/100 brn|[from] brn
|upkeep
|turn|28
|
|t:|1782655661
|move|p2a: Sinistcha|Rage Powder|p2a: Sinistcha
|-singleturn|p2a: Sinistcha|move: Rage Powder
|move|p1b: Sinistcha|Matcha Gotcha|p2a: Sinistcha
|-resisted|p2a: Sinistcha|1
|-damage|p2a: Sinistcha|83/100 par
|-heal|p1b: Sinistcha|76/100 brn|[from] drain|[of] p2a: Sinistcha
|
|-damage|p1b: Sinistcha|70/100 brn|[from] brn
|-fieldend|move: Trick Room
|upkeep
|turn|29
|inactive|ultraclaw1 has 30 seconds left.
|
|t:|1782655689
|move|p1b: Sinistcha|Life Dew|p1b: Sinistcha
|-heal|p1b: Sinistcha|96/100 brn
|move|p2a: Sinistcha|Trick Room|p2a: Sinistcha
|-fieldstart|move: Trick Room|[of] p2a: Sinistcha
|
|-damage|p1b: Sinistcha|89/100 brn|[from] brn
|upkeep
|turn|30
|
|t:|1782655695
|move|p1b: Sinistcha|Protect|p1b: Sinistcha
|-singleturn|p1b: Sinistcha|Protect
|move|p2a: Sinistcha|Strength Sap|p1b: Sinistcha
|-activate|p1b: Sinistcha|move: Protect
|
|-damage|p1b: Sinistcha|83/100 brn|[from] brn
|upkeep
|turn|31
|
|t:|1782655702
|move|p2a: Sinistcha|Rage Powder|p2a: Sinistcha
|-singleturn|p2a: Sinistcha|move: Rage Powder
|move|p1b: Sinistcha|Rage Powder|p1b: Sinistcha
|-singleturn|p1b: Sinistcha|move: Rage Powder
|
|-damage|p1b: Sinistcha|77/100 brn|[from] brn
|upkeep
|turn|32
|
|t:|1782655709
|move|p2a: Sinistcha|Rage Powder|p2a: Sinistcha
|-singleturn|p2a: Sinistcha|move: Rage Powder
|move|p1b: Sinistcha|Rage Powder|p1b: Sinistcha
|-singleturn|p1b: Sinistcha|move: Rage Powder
|
|-damage|p1b: Sinistcha|71/100 brn|[from] brn
|upkeep
|turn|33
|
|t:|1782655722
|move|p2a: Sinistcha|Rage Powder|p2a: Sinistcha
|-singleturn|p2a: Sinistcha|move: Rage Powder
|move|p1b: Sinistcha|Life Dew|p1b: Sinistcha
|-heal|p1b: Sinistcha|96/100 brn
|
|-damage|p1b: Sinistcha|90/100 brn|[from] brn
|-fieldend|move: Trick Room
|upkeep
|turn|34
|
|t:|1782655726
|move|p1b: Sinistcha|Rage Powder|p1b: Sinistcha
|-singleturn|p1b: Sinistcha|move: Rage Powder
|move|p2a: Sinistcha|Strength Sap|p1b: Sinistcha
|-unboost|p1b: Sinistcha|atk|1
|-heal|p2a: Sinistcha|97/100 par
|
|-damage|p1b: Sinistcha|84/100 brn|[from] brn
|upkeep
|turn|35
|
|t:|1782655729
|move|p1b: Sinistcha|Protect|p1b: Sinistcha
|-singleturn|p1b: Sinistcha|Protect
|cant|p2a: Sinistcha|par
|
|-damage|p1b: Sinistcha|78/100 brn|[from] brn
|upkeep
|turn|36
|c|☆ultraclaw1|we hate our lives don;t we
|
|t:|1782655745
|move|p1b: Sinistcha|Matcha Gotcha|p2a: Sinistcha
|-resisted|p2a: Sinistcha|1
|-damage|p2a: Sinistcha|84/100 par
|-heal|p1b: Sinistcha|84/100 brn|[from] drain|[of] p2a: Sinistcha
|move|p2a: Sinistcha|Trick Room|p2a: Sinistcha
|-fieldstart|move: Trick Room|[of] p2a: Sinistcha
|
|-damage|p1b: Sinistcha|78/100 brn|[from] brn
|upkeep
|turn|37
|c|☆sig.kire|yesà
|
|t:|1782655758
|move|p1b: Sinistcha|Protect|p1b: Sinistcha
|-singleturn|p1b: Sinistcha|Protect
|move|p2a: Sinistcha|Rage Powder|p2a: Sinistcha
|-singleturn|p2a: Sinistcha|move: Rage Powder
|
|-damage|p1b: Sinistcha|72/100 brn|[from] brn
|upkeep
|turn|38
|
|t:|1782655773
|move|p1b: Sinistcha|Rage Powder|p1b: Sinistcha
|-singleturn|p1b: Sinistcha|move: Rage Powder
|move|p2a: Sinistcha|Matcha Gotcha|p1b: Sinistcha|[miss]
|-miss|p2a: Sinistcha|p1b: Sinistcha
|
|-damage|p1b: Sinistcha|66/100 brn|[from] brn
|upkeep
|turn|39
|
|t:|1782655777
|move|p2a: Sinistcha|Matcha Gotcha|p1b: Sinistcha
|-resisted|p1b: Sinistcha|1
|-damage|p1b: Sinistcha|50/100g brn
|-heal|p2a: Sinistcha|92/100 par|[from] drain|[of] p1b: Sinistcha
|move|p1b: Sinistcha|Life Dew|p1b: Sinistcha
|-heal|p1b: Sinistcha|75/100 brn
|
|-damage|p1b: Sinistcha|69/100 brn|[from] brn
|upkeep
|turn|40
|
|t:|1782655782
|move|p1b: Sinistcha|Protect|p1b: Sinistcha
|-singleturn|p1b: Sinistcha|Protect
|cant|p2a: Sinistcha|par
|
|-damage|p1b: Sinistcha|63/100 brn|[from] brn
|-fieldend|move: Trick Room
|upkeep
|turn|41
|
|t:|1782655785
|move|p2a: Sinistcha|Rage Powder|p2a: Sinistcha
|-singleturn|p2a: Sinistcha|move: Rage Powder
|move|p1b: Sinistcha|Life Dew|p1b: Sinistcha
|-heal|p1b: Sinistcha|88/100 brn
|
|-damage|p1b: Sinistcha|82/100 brn|[from] brn
|upkeep
|turn|42
|
|t:|1782655789
|move|p1b: Sinistcha|Rage Powder|p1b: Sinistcha
|-singleturn|p1b: Sinistcha|move: Rage Powder
|move|p2a: Sinistcha|Trick Room|p2a: Sinistcha
|-fieldstart|move: Trick Room|[of] p2a: Sinistcha
|
|-damage|p1b: Sinistcha|76/100 brn|[from] brn
|upkeep
|turn|43
|
|t:|1782655796
|move|p2a: Sinistcha|Rage Powder|p2a: Sinistcha
|-singleturn|p2a: Sinistcha|move: Rage Powder
|move|p1b: Sinistcha|Life Dew|p1b: Sinistcha
|-heal|p1b: Sinistcha|100/100 brn
|
|-damage|p1b: Sinistcha|93/100 brn|[from] brn
|upkeep
|turn|44
|
|t:|1782655815
|move|p1b: Sinistcha|Protect|p1b: Sinistcha
|-singleturn|p1b: Sinistcha|Protect
|cant|p2a: Sinistcha|par
|
|-damage|p1b: Sinistcha|87/100 brn|[from] brn
|upkeep
|turn|45
|
|t:|1782655823
|move|p1b: Sinistcha|Rage Powder|p1b: Sinistcha
|-singleturn|p1b: Sinistcha|move: Rage Powder
|cant|p2a: Sinistcha|par
|
|-damage|p1b: Sinistcha|81/100 brn|[from] brn
|upkeep
|turn|46
|
|t:|1782655827
|move|p1b: Sinistcha|Rage Powder|p1b: Sinistcha
|-singleturn|p1b: Sinistcha|move: Rage Powder
|move|p2a: Sinistcha|Trick Room|p2a: Sinistcha
|-fieldend|move: Trick Room
|
|-damage|p1b: Sinistcha|75/100 brn|[from] brn
|upkeep
|turn|47
|inactive|ultraclaw1 has 30 seconds left.
|
|t:|1782655852
|cant|p2a: Sinistcha|par
|move|p1b: Sinistcha|Matcha Gotcha|p2a: Sinistcha
|-resisted|p2a: Sinistcha|1
|-crit|p2a: Sinistcha
|-damage|p2a: Sinistcha|73/100 par
|-heal|p1b: Sinistcha|84/100 brn|[from] drain|[of] p2a: Sinistcha
|
|-damage|p1b: Sinistcha|78/100 brn|[from] brn
|upkeep
|turn|48
|
|t:|1782655863
|move|p1b: Sinistcha|Rage Powder|p1b: Sinistcha
|-singleturn|p1b: Sinistcha|move: Rage Powder
|move|p2a: Sinistcha|Matcha Gotcha|p1b: Sinistcha
|-resisted|p1b: Sinistcha|1
|-damage|p1b: Sinistcha|61/100 brn
|-heal|p2a: Sinistcha|81/100 par|[from] drain|[of] p1b: Sinistcha
|
|-damage|p1b: Sinistcha|55/100 brn|[from] brn
|upkeep
|turn|49
|inactive|ultraclaw1 has 30 seconds left.
|
|t:|1782655890
|move|p2a: Sinistcha|Rage Powder|p2a: Sinistcha
|-singleturn|p2a: Sinistcha|move: Rage Powder
|move|p1b: Sinistcha|Life Dew|p1b: Sinistcha
|-heal|p1b: Sinistcha|80/100 brn
|
|-damage|p1b: Sinistcha|74/100 brn|[from] brn
|upkeep
|turn|50
|
|t:|1782655896
|move|p1b: Sinistcha|Rage Powder|p1b: Sinistcha
|-singleturn|p1b: Sinistcha|move: Rage Powder
|move|p2a: Sinistcha|Rage Powder|p2a: Sinistcha
|-singleturn|p2a: Sinistcha|move: Rage Powder
|
|-damage|p1b: Sinistcha|68/100 brn|[from] brn
|upkeep
|turn|51
|
|t:|1782655913
|move|p1b: Sinistcha|Matcha Gotcha|p2a: Sinistcha
|-resisted|p2a: Sinistcha|1
|-damage|p2a: Sinistcha|69/100 par
|-heal|p1b: Sinistcha|74/100 brn|[from] drain|[of] p2a: Sinistcha
|move|p2a: Sinistcha|Strength Sap|p1b: Sinistcha
|-unboost|p1b: Sinistcha|atk|1
|-heal|p2a: Sinistcha|81/100 par
|
|-damage|p1b: Sinistcha|68/100 brn|[from] brn
|upkeep
|turn|52
|
|t:|1782655922
|move|p1b: Sinistcha|Rage Powder|p1b: Sinistcha
|-singleturn|p1b: Sinistcha|move: Rage Powder
|cant|p2a: Sinistcha|par
|
|-damage|p1b: Sinistcha|62/100 brn|[from] brn
|upkeep
|turn|53
|
|t:|1782655926
|move|p2a: Sinistcha|Rage Powder|p2a: Sinistcha
|-singleturn|p2a: Sinistcha|move: Rage Powder
|move|p1b: Sinistcha|Matcha Gotcha|p2a: Sinistcha
|-resisted|p2a: Sinistcha|1
|-damage|p2a: Sinistcha|68/100 par
|-heal|p1b: Sinistcha|69/100 brn|[from] drain|[of] p2a: Sinistcha
|
|-damage|p1b: Sinistcha|62/100 brn|[from] brn
|upkeep
|turn|54
|
|t:|1782655937
|move|p1b: Sinistcha|Rage Powder|p1b: Sinistcha
|-singleturn|p1b: Sinistcha|move: Rage Powder
|move|p2a: Sinistcha|Rage Powder|p2a: Sinistcha
|-singleturn|p2a: Sinistcha|move: Rage Powder
|
|-damage|p1b: Sinistcha|56/100 brn|[from] brn
|upkeep
|turn|55
|
|t:|1782655941
|move|p1b: Sinistcha|Rage Powder|p1b: Sinistcha
|-singleturn|p1b: Sinistcha|move: Rage Powder
|move|p2a: Sinistcha|Strength Sap||[still]
|-fail|p2a: Sinistcha
|
|-damage|p1b: Sinistcha|50/100g brn|[from] brn
|upkeep
|turn|56
|
|t:|1782655944
|move|p1b: Sinistcha|Rage Powder|p1b: Sinistcha
|-singleturn|p1b: Sinistcha|move: Rage Powder
|move|p2a: Sinistcha|Strength Sap||[still]
|-fail|p2a: Sinistcha
|
|-damage|p1b: Sinistcha|44/100 brn|[from] brn
|upkeep
|turn|57
|
|t:|1782655950
|move|p1b: Sinistcha|Rage Powder|p1b: Sinistcha
|-singleturn|p1b: Sinistcha|move: Rage Powder
|move|p2a: Sinistcha|Matcha Gotcha|p1b: Sinistcha|[miss]
|-miss|p2a: Sinistcha|p1b: Sinistcha
|
|-damage|p1b: Sinistcha|38/100 brn|[from] brn
|upkeep
|turn|58
|
|t:|1782655955
|move|p1b: Sinistcha|Rage Powder|p1b: Sinistcha
|-singleturn|p1b: Sinistcha|move: Rage Powder
|move|p2a: Sinistcha|Rage Powder|p2a: Sinistcha
|-singleturn|p2a: Sinistcha|move: Rage Powder
|
|-damage|p1b: Sinistcha|32/100 brn|[from] brn
|upkeep
|turn|59
|
|t:|1782655957
|move|p1b: Sinistcha|Rage Powder|p1b: Sinistcha
|-singleturn|p1b: Sinistcha|move: Rage Powder
|move|p2a: Sinistcha|Rage Powder|p2a: Sinistcha
|-singleturn|p2a: Sinistcha|move: Rage Powder
|
|-damage|p1b: Sinistcha|25/100 brn|[from] brn
|upkeep
|turn|60
|c|☆sig.kire|gg
|
|t:|1782655961
|move|p1b: Sinistcha|Rage Powder|p1b: Sinistcha
|-singleturn|p1b: Sinistcha|move: Rage Powder
|move|p2a: Sinistcha|Rage Powder|p2a: Sinistcha
|-singleturn|p2a: Sinistcha|move: Rage Powder
|
|-damage|p1b: Sinistcha|19/100 brn|[from] brn
|upkeep
|turn|61
|c|☆ultraclaw1|gg
|
|t:|1782655967
|move|p1b: Sinistcha|Rage Powder|p1b: Sinistcha
|-singleturn|p1b: Sinistcha|move: Rage Powder
|move|p2a: Sinistcha|Matcha Gotcha|p1b: Sinistcha
|-resisted|p1b: Sinistcha|1
|-damage|p1b: Sinistcha|3/100 brn
|-heal|p2a: Sinistcha|76/100 par|[from] drain|[of] p1b: Sinistcha
|
|-damage|p1b: Sinistcha|0 fnt|[from] brn
|faint|p1b: Sinistcha
|
|win|ultraclaw1
||ultraclaw1 is ready for game 3.
|l|☆ultraclaw1
|player|p2|
||sig.kire is ready for game 3.
|uhtml|next|Next: Game 3 of 3
|l|☆sig.kire
|player|p1|
|j|☆ultraclaw1
|player|p2|ultraclaw1|alder|
