|j|â˜†artyowls
|j|â˜†CretaceousDraconid
|html|artyowlsCretaceousDraconid    
|uhtml|bestof|Game 2 of a best-of-3
|t:|1756379791
|gametype|doubles
|player|p1|artyowls|plasmagrunt|1094
|player|p2|CretaceousDraconid|zinnia-masters|1098
|gen|9
|tier|[Gen 9] VGC 2025 Reg H (Bo3)
|rated|
|rule|Species Clause: Limit one of each PokÃ©mon
|rule|Item Clause: Limit 1 of each item
|clearpoke
|poke|p1|Archaludon, L50, M|
|poke|p1|Electabuzz, L50, M|
|poke|p1|Rillaboom, L50, M|
|poke|p1|Kingambit, L50, M|
|poke|p1|Pelipper, L50, M|
|poke|p1|Dragapult, L50, M|
|poke|p2|Garchomp, L50, M|
|poke|p2|Tyranitar, L50, F|
|poke|p2|Salamence, L50, F|
|poke|p2|Corviknight, L50, M|
|poke|p2|Milotic, L50, M|
|poke|p2|Volcarona, L50, M|
|teampreview|4
|showteam|p1|Archaludon||AssaultVest|Stamina|BodyPress,ElectroShot,DracoMeteor,FlashCannon|||M|||50|,,,,,Flying]Electabuzz||Eviolite|VitalSpirit|FollowMe,Protect,Taunt,Thunderbolt|||M|||50|,,,,,Fairy]Rillaboom||LoadedDice|GrassySurge|FakeOut,GrassyGlide,BulletSeed,HighHorsepower|||M|||50|,,,,,Water]Kingambit||SafetyGoggles|Defiant|SuckerPunch,SwordsDance,KowtowCleave,Protect|||M|||50|,,,,,Dark]Pelipper||FocusSash|Drizzle|Hurricane,WeatherBall,Protect,Tailwind|||M|||50|,,,,,Stellar]Dragapult||ChoiceBand|ClearBody|DragonDarts,PhantomForce,Outrage,Uturn|||M|||50|,,,,,Dragon
|showteam|p2|Garchomp||LifeOrb|SandVeil|Earthquake,StompingTantrum,Protect,DragonClaw|||M|||50|,,,,,Steel]Tyranitar||AssaultVest|SandStream|RockSlide,KnockOff,LowKick,TeraBlast|||F|||50|,,,,,Flying]Salamence||SafetyGoggles|Intimidate|DracoMeteor,Hurricane,Tailwind,Protect|||F|||50|,,,,,Steel]Corviknight||Leftovers|MirrorArmor|BraveBird,BodyPress,BulkUp,Roost|||M|||50|,,,,,Dragon]Milotic||RockyHelmet|Competitive|Scald,IcyWind,Haze,LifeDew|||M|||50|,,,,,Grass]Volcarona||SitrusBerry|FlameBody|HeatWave,RagePowder,Protect,StruggleBug|||M|||50|,,,,,Water
|
|t:|1756379820
|teamsize|p1|4
|teamsize|p2|4
|start
|switch|p1a: Rillaboom|Rillaboom, L50, M|100/100
|switch|p1b: Archaludon|Archaludon, L50, M|100/100
|switch|p2a: Salamence|Salamence, L50, F|100/100
|switch|p2b: Garchomp|Garchomp, L50, M|100/100
|-ability|p2a: Salamence|Intimidate|boost
|-unboost|p1a: Rillaboom|atk|1
|-unboost|p1b: Archaludon|atk|1
|-fieldstart|move: Grassy Terrain|[from] ability: Grassy Surge|[of] p1a: Rillaboom
|turn|1
|
|t:|1756379857
|move|p2b: Garchomp|Protect|p2b: Garchomp
|-singleturn|p2b: Garchomp|Protect
|move|p2a: Salamence|Protect|p2a: Salamence
|-singleturn|p2a: Salamence|Protect
|move|p1a: Rillaboom|Bullet Seed|p1b: Archaludon
|-resisted|p1b: Archaludon
|-damage|p1b: Archaludon|98/100
|-ability|p1b: Archaludon|Stamina|boost
|-boost|p1b: Archaludon|def|1
|-resisted|p1b: Archaludon
|-damage|p1b: Archaludon|97/100
|-ability|p1b: Archaludon|Stamina|boost
|-boost|p1b: Archaludon|def|1
|-resisted|p1b: Archaludon
|-damage|p1b: Archaludon|96/100
|-ability|p1b: Archaludon|Stamina|boost
|-boost|p1b: Archaludon|def|1
|-resisted|p1b: Archaludon
|-damage|p1b: Archaludon|95/100
|-ability|p1b: Archaludon|Stamina|boost
|-boost|p1b: Archaludon|def|1
|-resisted|p1b: Archaludon
|-damage|p1b: Archaludon|95/100
|-ability|p1b: Archaludon|Stamina|boost
|-boost|p1b: Archaludon|def|1
|-hitcount|p1b: Archaludon|5
|move|p1b: Archaludon|Body Press|p2b: Garchomp
|-activate|p2b: Garchomp|move: Protect
|
|-heal|p1b: Archaludon|100/100|[from] Grassy Terrain
|upkeep
|turn|2
|
|t:|1756379912
|switch|p2b: Volcarona|Volcarona, L50, M, shiny|100/100
|move|p2a: Salamence|Tailwind|p2a: Salamence
|-sidestart|p2: CretaceousDraconid|move: Tailwind
|move|p1a: Rillaboom|Bullet Seed|p2b: Volcarona
|-resisted|p2b: Volcarona
|-damage|p2b: Volcarona|98/100
|-resisted|p2b: Volcarona
|-damage|p2b: Volcarona|96/100
|-resisted|p2b: Volcarona
|-damage|p2b: Volcarona|94/100
|-resisted|p2b: Volcarona
|-damage|p2b: Volcarona|92/100
|-resisted|p2b: Volcarona
|-damage|p2b: Volcarona|90/100
|-hitcount|p2b: Volcarona|5
|move|p1b: Archaludon|Draco Meteor|p2a: Salamence
|-supereffective|p2a: Salamence
|-damage|p2a: Salamence|0 fnt
|-unboost|p1b: Archaludon|spa|2
|faint|p2a: Salamence
|
|-heal|p2b: Volcarona|96/100|[from] Grassy Terrain
|upkeep
|
|t:|1756379926
|switch|p2a: Garchomp|Garchomp, L50, M|100/100
|turn|3
|
|t:|1756379957
|switch|p1a: Pelipper|Pelipper, L50, M|100/100
|-weather|RainDance|[from] ability: Drizzle|[of] p1a: Pelipper
|move|p2a: Garchomp|Dragon Claw|p1a: Pelipper
|-damage|p1a: Pelipper|29/100
|-damage|p2a: Garchomp|91/100|[from] item: Life Orb
|move|p2b: Volcarona|Struggle Bug|p1b: Archaludon|[spread] p1a,p1b
|-resisted|p1a: Pelipper
|-resisted|p1b: Archaludon
|-damage|p1a: Pelipper|14/100
|-damage|p1b: Archaludon|95/100
|-unboost|p1a: Pelipper|spa|1
|-unboost|p1b: Archaludon|spa|1
|-ability|p1b: Archaludon|Stamina|boost
|-boost|p1b: Archaludon|def|1
|move|p1b: Archaludon|Body Press|p2b: Volcarona
|-resisted|p2b: Volcarona
|-damage|p2b: Volcarona|58/100
|
|-weather|RainDance|[upkeep]
|-heal|p2a: Garchomp|97/100|[from] Grassy Terrain
|-heal|p2b: Volcarona|64/100|[from] Grassy Terrain
|-heal|p1b: Archaludon|100/100|[from] Grassy Terrain
|upkeep
|turn|4
|
|t:|1756379996
|move|p1a: Pelipper|Protect|p1a: Pelipper
|-singleturn|p1a: Pelipper|Protect
|move|p2b: Volcarona|Rage Powder|p2b: Volcarona
|-singleturn|p2b: Volcarona|move: Rage Powder
|move|p2a: Garchomp|Dragon Claw|p1a: Pelipper
|-activate|p1a: Pelipper|move: Protect
|move|p1b: Archaludon|Body Press|p2b: Volcarona
|-resisted|p2b: Volcarona
|-damage|p2b: Volcarona|20/100
|-status|p1b: Archaludon|brn|[from] ability: Flame Body|[of] p2b: Volcarona
|-enditem|p2b: Volcarona|Sitrus Berry|[eat]
|-heal|p2b: Volcarona|45/100|[from] item: Sitrus Berry
|
|-weather|RainDance|[upkeep]
|-heal|p2a: Garchomp|100/100|[from] Grassy Terrain
|-heal|p2b: Volcarona|52/100|[from] Grassy Terrain
|-damage|p1b: Archaludon|94/100 brn|[from] brn
|upkeep
|turn|5
|
|t:|1756380043
|switch|p1a: Rillaboom|Rillaboom, L50, M|100/100
|move|p2a: Garchomp|Stomping Tantrum|p1b: Archaludon
|-supereffective|p1b: Archaludon
|-damage|p1b: Archaludon|75/100 brn
|-damage|p2a: Garchomp|91/100|[from] item: Life Orb
|move|p2b: Volcarona|Struggle Bug|p1a: Rillaboom|[spread] p1a,p1b
|-supereffective|p1a: Rillaboom
|-resisted|p1b: Archaludon
|-damage|p1a: Rillaboom|57/100
|-damage|p1b: Archaludon|69/100 brn
|-unboost|p1a: Rillaboom|spa|1
|-unboost|p1b: Archaludon|spa|1
|move|p1b: Archaludon|Electro Shot||[still]
|-prepare|p1b: Archaludon|Electro Shot
|-boost|p1b: Archaludon|spa|1
|-anim|p1b: Archaludon|Electro Shot|p2b: Volcarona
|-damage|p2b: Volcarona|36/100
|
|-weather|RainDance|[upkeep]
|-heal|p2a: Garchomp|97/100|[from] Grassy Terrain
|-heal|p2b: Volcarona|43/100|[from] Grassy Terrain
|-heal|p1a: Rillaboom|63/100|[from] Grassy Terrain
|-heal|p1b: Archaludon|75/100 brn|[from] Grassy Terrain
|-damage|p1b: Archaludon|69/100 brn|[from] brn
|-sideend|p2: CretaceousDraconid|move: Tailwind
|-fieldend|move: Grassy Terrain
|upkeep
|turn|6
|
|t:|1756380104
|switch|p2a: Tyranitar|Tyranitar, L50, F|100/100
|-weather|Sandstorm|[from] ability: Sand Stream|[of] p2a: Tyranitar
|-terastallize|p1a: Rillaboom|Water
|move|p1a: Rillaboom|Bullet Seed|p2a: Tyranitar
|-supereffective|p2a: Tyranitar
|-damage|p2a: Tyranitar|78/100
|-supereffective|p2a: Tyranitar
|-damage|p2a: Tyranitar|58/100
|-supereffective|p2a: Tyranitar
|-damage|p2a: Tyranitar|33/100
|-supereffective|p2a: Tyranitar
|-damage|p2a: Tyranitar|11/100
|-supereffective|p2a: Tyranitar
|-damage|p2a: Tyranitar|0 fnt
|faint|p2a: Tyranitar
|-hitcount|p2: Tyranitar|5
|move|p2b: Volcarona|Heat Wave|p1b: Archaludon|[spread] p1a,p1b
|-resisted|p1a: Rillaboom
|-damage|p1a: Rillaboom|44/100
|-damage|p1b: Archaludon|47/100 brn
|move|p1b: Archaludon|Body Press|p2b: Volcarona
|-resisted|p2b: Volcarona
|-damage|p2b: Volcarona|21/100
|
|-weather|Sandstorm|[upkeep]
|-damage|p1a: Rillaboom|38/100|[from] Sandstorm
|-damage|p2b: Volcarona|15/100|[from] Sandstorm
|-damage|p1b: Archaludon|41/100 brn|[from] brn
|upkeep
|
|t:|1756380116
|switch|p2a: Garchomp|Garchomp, L50, M|97/100
|turn|7
|
|t:|1756380145
|switch|p1a: Pelipper|Pelipper, L50, M|14/100
|-weather|RainDance|[from] ability: Drizzle|[of] p1a: Pelipper
|move|p2a: Garchomp|Stomping Tantrum|p1b: Archaludon
|-supereffective|p1b: Archaludon
|-damage|p1b: Archaludon|21/100 brn
|-damage|p2a: Garchomp|87/100|[from] item: Life Orb
|move|p2b: Volcarona|Heat Wave|p1b: Archaludon|[spread] p1a
|-miss|p2b: Volcarona|p1b: Archaludon
|-resisted|p1a: Pelipper
|-damage|p1a: Pelipper|0 fnt
|faint|p1a: Pelipper
|move|p1b: Archaludon|Body Press|p2b: Volcarona
|-resisted|p2b: Volcarona
|-damage|p2b: Volcarona|0 fnt
|faint|p2b: Volcarona
|
|-weather|RainDance|[upkeep]
|-damage|p1b: Archaludon|15/100 brn|[from] brn
|upkeep
|
|t:|1756380166
|switch|p1a: Rillaboom|Rillaboom, L50, M, tera:Water|38/100
|-fieldstart|move: Grassy Terrain|[from] ability: Grassy Surge|[of] p1a: Rillaboom
|turn|8
|
|t:|1756380199
|move|p2a: Garchomp|Protect|p2a: Garchomp
|-singleturn|p2a: Garchomp|Protect
|move|p1a: Rillaboom|Fake Out|p2a: Garchomp
|-activate|p2a: Garchomp|move: Protect
|move|p1b: Archaludon|Body Press|p2a: Garchomp
|-activate|p2a: Garchomp|move: Protect
|
|-weather|RainDance|[upkeep]
|-heal|p2a: Garchomp|93/100|[from] Grassy Terrain
|-heal|p1a: Rillaboom|44/100|[from] Grassy Terrain
|-heal|p1b: Archaludon|21/100 brn|[from] Grassy Terrain
|-damage|p1b: Archaludon|15/100 brn|[from] brn
|upkeep
|turn|9
|
|t:|1756380222
|-terastallize|p2a: Garchomp|Steel
|move|p2a: Garchomp|Stomping Tantrum|p1b: Archaludon
|-supereffective|p1b: Archaludon
|-damage|p1b: Archaludon|0 fnt
|faint|p1b: Archaludon
|-damage|p2a: Garchomp|83/100|[from] item: Life Orb
|move|p1a: Rillaboom|Bullet Seed|p2a: Garchomp
|-resisted|p2a: Garchomp
|-damage|p2a: Garchomp|74/100
|-resisted|p2a: Garchomp
|-damage|p2a: Garchomp|66/100
|-resisted|p2a: Garchomp
|-damage|p2a: Garchomp|56/100
|-resisted|p2a: Garchomp
|-damage|p2a: Garchomp|47/100
|-hitcount|p2a: Garchomp|4
|
|-weather|RainDance|[upkeep]
|-heal|p2a: Garchomp|53/100|[from] Grassy Terrain
|-heal|p1a: Rillaboom|50/100|[from] Grassy Terrain
|upkeep
|
|t:|1756380239
|switch|p1b: Dragapult|Dragapult, L50, M|100/100
|turn|10
|
|t:|1756380258
|move|p1b: Dragapult|Phantom Force||[still]
|-prepare|p1b: Dragapult|Phantom Force
|move|p2a: Garchomp|Dragon Claw|p1a: Rillaboom
|-damage|p1a: Rillaboom|0 fnt
|faint|p1a: Rillaboom
|-damage|p2a: Garchomp|43/100|[from] item: Life Orb
|
|-weather|RainDance|[upkeep]
|-heal|p2a: Garchomp|49/100|[from] Grassy Terrain
|upkeep
|turn|11
|
|t:|1756380283
|move|p1b: Dragapult|Phantom Force|p2a: Garchomp|[from] lockedmove
|-damage|p2a: Garchomp|0 fnt
|faint|p2a: Garchomp
|
|win|artyowls
|raw|artyowls's rating: 1094 → 1120(+26 for winning)
|raw|CretaceousDraconid's rating: 1098 → 1073(-25 for losing)
|l|â˜†CretaceousDraconid
|player|p2|
|c|â˜†artyowls|gg
