|j|☆pastao
|j|☆Seteshy
|html|pastaoSeteshy    
|uhtml|bestof|Game 2 of a best-of-3
|t:|1785427050
|gametype|doubles
|player|p1|pastao|1|
|player|p2|Seteshy|1|
|gen|9
|tier|[Gen 9 Champions] VGC 2026 Reg M-B (Bo3)
|rule|Species Clause: Limit one of each Pokémon
|rule|Item Clause: Limit 1 of each item
|clearpoke
|poke|p1|Tsareena, L50, F|
|poke|p1|Venusaur, L50, M|
|poke|p1|Sceptile, L50, F|
|poke|p1|Meowscarada, L50, M|
|poke|p1|Whimsicott, L50, F|
|poke|p1|Scovillain, L50, M|
|poke|p2|Tyranitar, L50, M|
|poke|p2|Glimmora, L50, F|
|poke|p2|Garganacl, L50, F|
|poke|p2|Kleavor, L50, F|
|poke|p2|Arcanine-Hisui, L50, F|
|poke|p2|Aerodactyl, L50, F|
|teampreview|4
|showteam|p1|Tsareena||WideLens|QueenlyMajesty|TripleAxel,Protect,TropKick,LowKick|Adamant||F|||50|]Venusaur||Venusaurite|Overgrow|SludgeBomb,Protect,EarthPower,GigaDrain|Modest||M|||50|]Sceptile||Sceptilite|Overgrow|DragonPulse,EarthPower,Detect,EnergyBall|Timid||F|||50|]Meowscarada||ChoiceScarf|Protean|FlowerTrick,TripleAxel,KnockOff,Uturn|Jolly||M|||50|]Whimsicott||FocusSash|Prankster|Moonblast,Tailwind,Encore,Endeavor|Timid||F|||50|]Scovillain||QuickClaw|Chlorophyll|RagePowder,Protect,GigaDrain,Flamethrower|Bold||M|||50|
|showteam|p2|Tyranitar||Tyranitarite|SandStream|RockSlide,KnockOff,Protect,HighHorsepower|Adamant||M|||50|]Glimmora||FocusSash|ToxicDebris|PowerGem,SpikyShield,EarthPower,MortalSpin|Modest||F|||50|]Garganacl||Leftovers|PurifyingSalt|SaltCure,BodyPress,IronDefense,Recover|Careful||F|||50|]Kleavor||ChoiceScarf|Sharpness|StoneAxe,XScissor,Uturn,CloseCombat|Adamant||F|||50|]Arcanine-Hisui||LifeOrb|RockHead|FlareBlitz,HeadSmash,WildCharge,ExtremeSpeed|Adamant||F|||50|]Aerodactyl||Aerodactylite|Unnerve|RockSlide,Tailwind,DualWingbeat,Protect|Jolly||F|||50|
|
|t:|1785427077
|teamsize|p1|4
|teamsize|p2|4
|start
|switch|p1a: Whimsicott|Whimsicott, L50, F|100/100
|switch|p1b: Meowscarada|Meowscarada, L50, M|100/100
|switch|p2a: Aerodactyl|Aerodactyl, L50, F|100/100
|switch|p2b: Arcanine|Arcanine-Hisui, L50, F|100/100
|-ability|p2a: Aerodactyl|Unnerve
|turn|1
|
|t:|1785427101
|move|p1a: Whimsicott|Tailwind|p1a: Whimsicott
|-sidestart|p1: pastao|move: Tailwind
|move|p1b: Meowscarada|Knock Off|p2b: Arcanine
|-start|p1b: Meowscarada|typechange|Dark|[from] ability: Protean
|-damage|p2b: Arcanine|46/100
|-enditem|p2b: Arcanine|Life Orb|[from] move: Knock Off|[of] p1b: Meowscarada
|move|p2a: Aerodactyl|Dual Wingbeat|p1a: Whimsicott
|-supereffective|p1a: Whimsicott|1
|-damage|p1a: Whimsicott|43/100
|-supereffective|p1a: Whimsicott|1
|-damage|p1a: Whimsicott|0 fnt
|faint|p1a: Whimsicott
|-hitcount|p1: Whimsicott|2
|move|p2b: Arcanine|Flare Blitz|p1b: Meowscarada
|-damage|p1b: Meowscarada|0 fnt
|faint|p1b: Meowscarada
|
|upkeep
|
|t:|1785427116
|switch|p1b: Venusaur|Venusaur, L50, M|100/100
|switch|p1a: Tsareena|Tsareena, L50, F|100/100
|turn|2
|
|t:|1785427139
|detailschange|p1b: Venusaur|Venusaur-Mega, L50, M
|-mega|p1b: Venusaur|Venusaur|Venusaurite
|move|p2b: Arcanine|Extreme Speed||[still]
|cant|p1a: Tsareena|ability: Queenly Majesty|Extreme Speed|[of] p2b: Arcanine
|move|p1b: Venusaur|Earth Power|p2b: Arcanine
|-supereffective|p2b: Arcanine|2
|-damage|p2b: Arcanine|0 fnt
|faint|p2b: Arcanine
|move|p1a: Tsareena|Triple Axel|p2a: Aerodactyl
|-supereffective|p2a: Aerodactyl|1
|-damage|p2a: Aerodactyl|77/100
|-supereffective|p2a: Aerodactyl|1
|-damage|p2a: Aerodactyl|24/100
|-supereffective|p2a: Aerodactyl|1
|-damage|p2a: Aerodactyl|0 fnt
|faint|p2a: Aerodactyl
|-hitcount|p2: Aerodactyl|3
|
|upkeep
|
|t:|1785427154
|switch|p2a: Tyranitar|Tyranitar, L50, M|100/100
|switch|p2b: Kleavor|Kleavor, L50, F|100/100
|-weather|Sandstorm|[from] ability: Sand Stream|[of] p2a: Tyranitar
|turn|3
|
|t:|1785427175
|detailschange|p2a: Tyranitar|Tyranitar-Mega, L50, M
|-mega|p2a: Tyranitar|Tyranitar|Tyranitarite
|move|p1b: Venusaur|Protect|p1b: Venusaur
|-singleturn|p1b: Venusaur|Protect
|move|p1a: Tsareena|Trop Kick|p2a: Tyranitar
|-supereffective|p2a: Tyranitar|1
|-damage|p2a: Tyranitar|42/100
|-unboost|p2a: Tyranitar|atk|1
|move|p2b: Kleavor|X-Scissor|p1a: Tsareena
|-supereffective|p1a: Tsareena|1
|-damage|p1a: Tsareena|0 fnt
|faint|p1a: Tsareena
|move|p2a: Tyranitar|Rock Slide|p1b: Venusaur
|-activate|p1b: Venusaur|move: Protect
|
|-weather|Sandstorm|[upkeep]
|-damage|p1b: Venusaur|94/100|[from] Sandstorm
|upkeep
|turn|4
|
|t:|1785427201
|move|p2a: Tyranitar|Protect|p2a: Tyranitar
|-singleturn|p2a: Tyranitar|Protect
|move|p1b: Venusaur|Giga Drain|p2b: Kleavor
|-damage|p2b: Kleavor|55/100
|-heal|p1b: Venusaur|100/100|[from] drain|[of] p2b: Kleavor
|move|p2b: Kleavor|X-Scissor|p1b: Venusaur
|-damage|p1b: Venusaur|32/100
|
|-weather|Sandstorm|[upkeep]
|-damage|p1b: Venusaur|26/100|[from] Sandstorm
|-sideend|p1: pastao|move: Tailwind
|upkeep
|turn|5
|
|t:|1785427220
|move|p2b: Kleavor|X-Scissor|p1b: Venusaur
|-damage|p1b: Venusaur|0 fnt
|faint|p1b: Venusaur
|
|win|Seteshy
