|j|☆mrsuaaaaj
|j|☆UsurperASCND
|html|mrsuaaaajUsurperASCND    
|uhtml|bestof|Game 1 of a best-of-3
|t:|1782669620
|gametype|doubles
|player|p1|mrsuaaaaj|170|1142
|player|p2|UsurperASCND|lucas|1000
|gen|9
|tier|[Gen 9 Champions] VGC 2026 Reg M-B (Bo3)
|rated|
|rule|Species Clause: Limit one of each Pokémon
|rule|Item Clause: Limit 1 of each item
|clearpoke
|poke|p1|Charizard, L50, M|
|poke|p1|Incineroar, L50, M|
|poke|p1|Farigiraf, L50, F|
|poke|p1|Sylveon, L50, F|
|poke|p1|Aerodactyl, L50, F|
|poke|p1|Venusaur, L50, M|
|poke|p2|Archaludon, L50, M, shiny|
|poke|p2|Raichu, L50, M, shiny|
|poke|p2|Pelipper, L50, M, shiny|
|poke|p2|Maushold, L50, shiny|
|poke|p2|Grimmsnarl, L50, M|
|poke|p2|Palafin, L50, M, shiny|
|teampreview|4
|showteam|p1|Charizard||CharizarditeY|Blaze|Protect,HeatWave,SolarBeam,WeatherBall|Timid||M|||50|]Incineroar||PasshoBerry|Intimidate|FakeOut,FlareBlitz,DarkestLariat,PartingShot|Careful||M|||50|]Farigiraf||SitrusBerry|ArmorTail|PsychicFangs,Thunderbolt,Roar,TrickRoom|Relaxed||F|||50|]Sylveon||FairyFeather|Pixilate|Detect,HyperVoice,HyperBeam,QuickAttack|Modest||F|||50|]Aerodactyl||FocusSash|Unnerve|Protect,RockSlide,IceFang,Tailwind|Jolly||F|||50|]Venusaur||LifeOrb|Chlorophyll|Protect,GigaDrain,SludgeBomb,EarthPower|Modest||M|||50|
|showteam|p2|Archaludon||Magnet|Stamina|FlashCannon,DracoMeteor,ElectroShot,Protect|Modest||M|||50|]Raichu||RaichuniteX|Static|VoltTackle,Nuzzle,FakeOut,Encore|Jolly||M|||50|]Pelipper||DampRock|Drizzle|WeatherBall,Soak,WideGuard,Tailwind|Timid||M|||50|]Maushold||WideLens|FriendGuard|PopulationBomb,SuperFang,FollowMe,Protect|Jolly|||||50|]Grimmsnarl||LightClay|Prankster|SuckerPunch,DrainPunch,LightScreen,FakeOut|Adamant||M|||50|]Palafin||ChoiceScarf|ZerotoHero|WaveCrash,JetPunch,FlipTurn,IcePunch|Adamant||M|||50|
|inactive|Battle timer is ON: inactive players will automatically lose when time's up. (requested by mrsuaaaaj)
|inactive|mrsuaaaaj has 60 seconds left.
|
|t:|1782669685
|teamsize|p1|4
|teamsize|p2|4
|start
|switch|p1a: Farigiraf|Farigiraf, L50, F|100/100
|switch|p1b: Incineroar|Incineroar, L50, M|100/100
|switch|p2a: Raichu|Raichu, L50, M, shiny|100/100
|switch|p2b: Pelipper|Pelipper, L50, M, shiny|100/100
|-weather|RainDance|[from] ability: Drizzle|[of] p2b: Pelipper
|-ability|p1b: Incineroar|Intimidate|boost
|-unboost|p2a: Raichu|atk|1
|-unboost|p2b: Pelipper|atk|1
|turn|1
|
|t:|1782669710
|detailschange|p2a: Raichu|Raichu-Mega-X, L50, M, shiny
|-mega|p2a: Raichu|Raichu|Raichunite X
|-fieldstart|move: Electric Terrain|[from] ability: Electric Surge|[of] p2a: Raichu
|move|p1b: Incineroar|Fake Out|p2a: Raichu
|-damage|p2a: Raichu|85/100
|cant|p2a: Raichu|flinch
|move|p2b: Pelipper|Tailwind|p2b: Pelipper
|-sidestart|p2: UsurperASCND|move: Tailwind
|move|p1a: Farigiraf|Trick Room|p1a: Farigiraf
|-fieldstart|move: Trick Room|[of] p1a: Farigiraf
|
|-weather|RainDance|[upkeep]
|upkeep
|turn|2
|inactive|mrsuaaaaj has 30 seconds left.
|inactive|UsurperASCND has 30 seconds left.
|
|t:|1782669742
|switch|p2a: Archaludon|Archaludon, L50, M, shiny|100/100
|move|p2b: Pelipper|Wide Guard|p2b: Pelipper
|-singleturn|p2b: Pelipper|Wide Guard
|move|p1a: Farigiraf|Thunderbolt|p2b: Pelipper
|-supereffective|p2b: Pelipper|2
|-damage|p2b: Pelipper|0 fnt
|faint|p2b: Pelipper
|move|p1b: Incineroar|Parting Shot|p2a: Archaludon
|-unboost|p2a: Archaludon|atk|1
|-unboost|p2a: Archaludon|spa|1
|
|t:|1782669755
|switch|p1b: Charizard|Charizard, L50, M|100/100|[from] Parting Shot
|
|-weather|RainDance|[upkeep]
|upkeep
|
|t:|1782669759
|switch|p2b: Maushold|Maushold, L50, shiny|100/100
|turn|3
|inactive|mrsuaaaaj has 30 seconds left.
|inactive|mrsuaaaaj has 20 seconds left.
|inactive|mrsuaaaaj has 15 seconds left.
|
|t:|1782669802
|detailschange|p1b: Charizard|Charizard-Mega-Y, L50, M
|-mega|p1b: Charizard|Charizard|Charizardite Y
|-weather|SunnyDay|[from] ability: Drought|[of] p1b: Charizard
|move|p2b: Maushold|Follow Me|p2b: Maushold
|-singleturn|p2b: Maushold|move: Follow Me
|move|p1a: Farigiraf|Thunderbolt|p2b: Maushold
|-damage|p2b: Maushold|57/100
|-status|p2b: Maushold|par
|move|p1b: Charizard|Weather Ball|p2b: Maushold
|-damage|p2b: Maushold|0 fnt
|faint|p2b: Maushold
|move|p2a: Archaludon|Electro Shot||[still]
|-prepare|p2a: Archaludon|Electro Shot
|-boost|p2a: Archaludon|spa|1
|
|-weather|SunnyDay|[upkeep]
|upkeep
|
|t:|1782669816
|switch|p2b: Raichu|Raichu-Mega-X, L50, M, shiny|85/100
|turn|4
|inactive|mrsuaaaaj has 30 seconds left.
|
|t:|1782669847
|move|p1b: Charizard|Protect|p1b: Charizard
|-singleturn|p1b: Charizard|Protect
|move|p1a: Farigiraf|Psychic Fangs|p2b: Raichu
|-damage|p2b: Raichu|45/100
|move|p2a: Archaludon|Electro Shot|p1b: Charizard|[from] lockedmove
|-activate|p1b: Charizard|move: Protect
|move|p2b: Raichu|Nuzzle|p1b: Charizard
|-activate|p1b: Charizard|move: Protect
|
|-weather|SunnyDay|[upkeep]
|-sideend|p2: UsurperASCND|move: Tailwind
|upkeep
|turn|5
|
|t:|1782669872
|switch|p1b: Incineroar|Incineroar, L50, M|100/100
|-ability|p1b: Incineroar|Intimidate|boost
|-unboost|p2a: Archaludon|atk|1
|-unboost|p2b: Raichu|atk|1
|move|p1a: Farigiraf|Psychic Fangs|p2b: Raichu
|-damage|p2b: Raichu|6/100
|move|p2a: Archaludon|Draco Meteor|p1b: Incineroar
|-damage|p1b: Incineroar|46/100
|-unboost|p2a: Archaludon|spa|2
|move|p2b: Raichu|Encore||[still]
|-fail|p2b: Raichu
|
|-weather|SunnyDay|[upkeep]
|-fieldend|move: Trick Room
|-fieldend|move: Electric Terrain
|upkeep
|turn|6
|
|t:|1782669894
|move|p1b: Incineroar|Fake Out|p2b: Raichu
|-damage|p2b: Raichu|0 fnt
|faint|p2b: Raichu
|move|p2a: Archaludon|Electro Shot||[still]
|-prepare|p2a: Archaludon|Electro Shot
|-boost|p2a: Archaludon|spa|1
|move|p1a: Farigiraf|Trick Room|p1a: Farigiraf
|-fieldstart|move: Trick Room|[of] p1a: Farigiraf
|
|-weather|SunnyDay|[upkeep]
|upkeep
|turn|7
|inactive|mrsuaaaaj has 30 seconds left.
|
|t:|1782669923
|move|p1a: Farigiraf|Thunderbolt|p2a: Archaludon
|-resisted|p2a: Archaludon|1
|-damage|p2a: Archaludon|84/100
|-ability|p2a: Archaludon|Stamina|boost
|-boost|p2a: Archaludon|def|1
|move|p1b: Incineroar|Flare Blitz|p2a: Archaludon
|-damage|p2a: Archaludon|52/100
|-status|p2a: Archaludon|brn
|-ability|p2a: Archaludon|Stamina|boost
|-boost|p2a: Archaludon|def|1
|-damage|p1b: Incineroar|35/100|[from] Recoil
|move|p2a: Archaludon|Electro Shot|p1b: Incineroar|[from] lockedmove
|-damage|p1b: Incineroar|6/100
|
|-weather|none
|-damage|p2a: Archaludon|46/100 brn|[from] brn
|upkeep
|turn|8
|
|t:|1782669940
|move|p1a: Farigiraf|Thunderbolt|p2a: Archaludon
|-resisted|p2a: Archaludon|1
|-damage|p2a: Archaludon|32/100 brn
|-ability|p2a: Archaludon|Stamina|boost
|-boost|p2a: Archaludon|def|1
|move|p1b: Incineroar|Darkest Lariat|p2a: Archaludon
|-damage|p2a: Archaludon|8/100 brn
|-ability|p2a: Archaludon|Stamina|boost
|-boost|p2a: Archaludon|def|1
|move|p2a: Archaludon|Flash Cannon|p1b: Incineroar
|-resisted|p1b: Incineroar|1
|-damage|p1b: Incineroar|0 fnt
|faint|p1b: Incineroar
|
|-damage|p2a: Archaludon|2/100 brn|[from] brn
|upkeep
|
|t:|1782669954
|switch|p1b: Charizard|Charizard-Mega-Y, L50, M|100/100
|-weather|SunnyDay|[from] ability: Drought|[of] p1b: Charizard
|turn|9
|
|t:|1782669960
|move|p1b: Charizard|Protect|p1b: Charizard
|-singleturn|p1b: Charizard|Protect
|move|p1a: Farigiraf|Thunderbolt|p2a: Archaludon
|-resisted|p2a: Archaludon|1
|-damage|p2a: Archaludon|0 fnt
|faint|p2a: Archaludon
|
|win|mrsuaaaaj
||UsurperASCND is ready for game 2.
|inactive|mrsuaaaaj has 30 seconds to confirm battle start!
|l|☆UsurperASCND
|player|p2|
||mrsuaaaaj is ready for game 2.
|uhtml|next|Next: Game 2 of 3
