|j|☆artyowls
|j|☆mr no sauce
|html|artyowlsmr no sauce    
|uhtml|bestof|Game 1 of a best-of-3
|t:|1756839381
|gametype|doubles
|player|p1|artyowls|plasmagrunt|1108
|player|p2|mr no sauce|courtney|1171
|gen|9
|tier|[Gen 9] VGC 2025 Reg H (Bo3)
|rated|
|rule|Species Clause: Limit one of each Pokémon
|rule|Item Clause: Limit 1 of each item
|clearpoke
|poke|p1|Gholdengo, L50|
|poke|p1|Sneasler, L50, M|
|poke|p1|Whimsicott, L50, F|
|poke|p1|Kingambit, L50, F|
|poke|p1|Rillaboom, L50, M|
|poke|p1|Volcarona, L50, F|
|poke|p2|Gholdengo, L50|
|poke|p2|Sneasler, L50, F|
|poke|p2|Dragonite, L50, M|
|poke|p2|Garchomp, L50, M|
|poke|p2|Incineroar, L50, F|
|poke|p2|Whimsicott, L50, F|
|teampreview|4
|showteam|p1|Gholdengo||LifeOrb|GoodasGold|MakeItRain,ShadowBall,Protect,NastyPlot||||||50|,,,,,Fairy]Sneasler||FocusSash|Unburden|CloseCombat,DireClaw,Protect,FakeOut|||M|||50|,,,,,Dark]Whimsicott||CovertCloak|Prankster|Tailwind,Encore,Moonblast,Taunt|||F|||50|,,,,,Water]Kingambit||BlackGlasses|Defiant|SuckerPunch,KowtowCleave,Protect,SwordsDance|||F|||50|,,,,,Dark]Rillaboom||AssaultVest|GrassySurge|GrassyGlide,FakeOut,WoodHammer,HighHorsepower|||M|||50|,,,,,Fire]Volcarona||RockyHelmet|FlameBody|StruggleBug,RagePowder,FieryDance,WillOWisp|||F|||50|,,,,,Water
|showteam|p2|Gholdengo||ChoiceSpecs|GoodasGold|MakeItRain,ShadowBall,Trick,Protect||||||50|,,,,,Steel]Sneasler||WhiteHerb|Unburden|CloseCombat,DireClaw,ThroatChop,Protect|||F|||50|,,,,,Stellar]Dragonite||ChoiceBand|InnerFocus|ExtremeSpeed,Outrage,IceSpinner,StompingTantrum|||M|||50|,,,,,Normal]Garchomp||LifeOrb|RoughSkin|Earthquake,DragonClaw,StompingTantrum,Protect|||M|||50|,,,,,Ground]Incineroar||AssaultVest|Intimidate|FlareBlitz,KnockOff,FakeOut,Uturn|||F|||50|,,,,,Grass]Whimsicott||FocusSash|Prankster|Moonblast,Tailwind,Encore,Protect|||F|||50|,,,,,Ghost
|
|t:|1756839425
|teamsize|p1|4
|teamsize|p2|4
|start
|switch|p1a: Whimsicott|Whimsicott, L50, F|100/100
|switch|p1b: Sneasler|Sneasler, L50, M|100/100
|switch|p2a: Dragonite|Dragonite, L50, M, shiny|100/100
|switch|p2b: Garchomp|Garchomp, L50, M, shiny|100/100
|turn|1
|
|t:|1756839454
|move|p1b: Sneasler|Protect|p1b: Sneasler
|-singleturn|p1b: Sneasler|Protect
|move|p2b: Garchomp|Protect|p2b: Garchomp
|-singleturn|p2b: Garchomp|Protect
|move|p1a: Whimsicott|Tailwind|p1a: Whimsicott
|-sidestart|p1: artyowls|move: Tailwind
|move|p2a: Dragonite|Ice Spinner|p1a: Whimsicott
|-supereffective|p1a: Whimsicott
|-damage|p1a: Whimsicott|0 fnt
|faint|p1a: Whimsicott
|
|upkeep
|
|t:|1756839469
|switch|p1a: Rillaboom|Rillaboom, L50, M|100/100
|-fieldstart|move: Grassy Terrain|[from] ability: Grassy Surge|[of] p1a: Rillaboom
|turn|2
|
|t:|1756839507
|switch|p2b: Incineroar|Incineroar, L50, F|100/100
|-ability|p2b: Incineroar|Intimidate|boost
|-unboost|p1a: Rillaboom|atk|1
|-unboost|p1b: Sneasler|atk|1
|move|p1a: Rillaboom|Fake Out|p2b: Incineroar
|-damage|p2b: Incineroar|94/100
|move|p1b: Sneasler|Dire Claw|p2a: Dragonite
|-damage|p2a: Dragonite|74/100
|-status|p2a: Dragonite|psn
|move|p2a: Dragonite|Ice Spinner|p1b: Sneasler
|-damage|p1b: Sneasler|15/100
|-fieldend|move: Grassy Terrain
|
|-damage|p2a: Dragonite|62/100 psn|[from] psn
|upkeep
|turn|3
|
|t:|1756839550
|move|p1b: Sneasler|Protect|p1b: Sneasler
|-singleturn|p1b: Sneasler|Protect
|move|p2b: Incineroar|Fake Out|p1b: Sneasler
|-activate|p1b: Sneasler|move: Protect
|move|p1a: Rillaboom|High Horsepower|p2b: Incineroar
|-supereffective|p2b: Incineroar
|-damage|p2b: Incineroar|64/100
|move|p2a: Dragonite|Ice Spinner|p1a: Rillaboom
|-supereffective|p1a: Rillaboom
|-damage|p1a: Rillaboom|10/100
|
|-damage|p2a: Dragonite|50/100 psn|[from] psn
|upkeep
|turn|4
|
|t:|1756839590
|move|p1b: Sneasler|Close Combat|p2b: Incineroar
|-supereffective|p2b: Incineroar
|-damage|p2b: Incineroar|3/100
|-unboost|p1b: Sneasler|def|1
|-unboost|p1b: Sneasler|spd|1
|move|p1a: Rillaboom|Wood Hammer|p2a: Dragonite
|-resisted|p2a: Dragonite
|-damage|p2a: Dragonite|40/100 psn
|-damage|p1a: Rillaboom|7/100|[from] Recoil
|move|p2a: Dragonite|Ice Spinner|p1b: Sneasler
|-damage|p1b: Sneasler|0 fnt
|faint|p1b: Sneasler
|move|p2b: Incineroar|U-turn|p1a: Rillaboom
|-supereffective|p1a: Rillaboom
|-damage|p1a: Rillaboom|0 fnt
|faint|p1a: Rillaboom
|
|t:|1756839605
|switch|p2b: Garchomp|Garchomp, L50, M, shiny|100/100|[from] U-turn
|
|-damage|p2a: Dragonite|28/100 psn|[from] psn
|-sideend|p1: artyowls|move: Tailwind
|upkeep
|
|t:|1756839611
|switch|p1b: Volcarona|Volcarona, L50, F|100/100
|turn|5
|
|t:|1756839641
|-terastallize|p2b: Garchomp|Ground
|-terastallize|p1b: Volcarona|Water
|move|p2b: Garchomp|Earthquake|p1b: Volcarona|[spread] p1b
|-immune|p2a: Dragonite
|-damage|p1b: Volcarona|31/100
|-damage|p2b: Garchomp|91/100|[from] item: Life Orb
|move|p1b: Volcarona|Fiery Dance|p2a: Dragonite
|-resisted|p2a: Dragonite
|-damage|p2a: Dragonite|12/100 psn
|-boost|p1b: Volcarona|spa|1
|move|p2a: Dragonite|Ice Spinner|p1b: Volcarona
|-resisted|p1b: Volcarona
|-damage|p1b: Volcarona|7/100
|-damage|p2a: Dragonite|0 fnt|[from] item: Rocky Helmet|[of] p1b: Volcarona
|faint|p2a: Dragonite
|
|upkeep
|
|t:|1756839654
|switch|p2a: Sneasler|Sneasler, L50, F, shiny|100/100
|turn|6
|
|t:|1756839681
|move|p2a: Sneasler|Close Combat|p1b: Volcarona
|-damage|p1b: Volcarona|0 fnt
|-unboost|p2a: Sneasler|def|1
|-unboost|p2a: Sneasler|spd|1
|-damage|p2a: Sneasler|84/100|[from] item: Rocky Helmet|[of] p1b: Volcarona
|faint|p1b: Volcarona
|-enditem|p2a: Sneasler|White Herb
|-clearnegativeboost|p2a: Sneasler|[silent]
|
|win|mr no sauce
||mr no sauce is ready for game 2.
||artyowls is ready for game 2.
|uhtml|next|Next: Game 2 of 3
