|j|☆Kevin-V8
|j|☆TalonMasterJ
|html|Kevin-V8TalonMasterJ    
|uhtml|bestof|Game 1 of a best-of-3
|t:|1756253063
|gametype|doubles
|player|p1|Kevin-V8|ethan|1069
|player|p2|TalonMasterJ|steven|1112
|gen|9
|tier|[Gen 9] VGC 2025 Reg H (Bo3)
|rated|
|rule|Species Clause: Limit one of each Pokémon
|rule|Item Clause: Limit 1 of each item
|clearpoke
|poke|p1|Sneasler, L50, M|
|poke|p1|Dragapult, L50, F|
|poke|p1|Primarina, L50, M|
|poke|p1|Rillaboom, L50, M|
|poke|p1|Kingambit, L50, F|
|poke|p1|Magmar, L50, M|
|poke|p2|Incineroar, L50, M|
|poke|p2|Dragonite, L50, F|
|poke|p2|Porygon2, L50|
|poke|p2|Ursaluna-Bloodmoon, L50, M|
|poke|p2|Ninetales-Alola, L50, M|
|poke|p2|Annihilape, L50, M|
|teampreview|4
|showteam|p1|Sneasler||FocusSash|PoisonTouch|CloseCombat,DireClaw,FakeOut,Protect|||M|||50|,,,,,Stellar]Dragapult||ChoiceBand|ClearBody|DragonDarts,TeraBlast,PhantomForce,Uturn|||F|||50|,,,,,Ghost]Primarina||SitrusBerry|LiquidVoice|HyperVoice,Moonblast,Haze,Protect|||M|||50|,,,,,Water]Rillaboom||AssaultVest|GrassySurge|WoodHammer,GrassyGlide,HighHorsepower,FakeOut|||M|||50|,,,,,Fire]Kingambit||BlackGlasses|Defiant|KowtowCleave,SuckerPunch,SwordsDance,Protect|||F|||50|,,,,,Ghost]Magmar||Eviolite|VitalSpirit|Overheat,WillOWisp,FollowMe,Protect|||M|||50|,,,,,Ghost
|showteam|p2|Incineroar||ChopleBerry|Intimidate|FlareBlitz,KnockOff,FakeOut,PartingShot|||M|||50|,,,,,Grass]Dragonite||LoadedDice|Multiscale|ScaleShot,Tailwind,Haze,Protect|||F|||50|,,,,,Steel]Porygon2||Eviolite|Download|TeraBlast,IceBeam,Recover,TrickRoom||||||50|,,,,,Fighting]Ursaluna-Bloodmoon||AssaultVest|MindsEye|HyperVoice,BloodMoon,VacuumWave,EarthPower|||M|||50|,,,,,Water]Ninetales-Alola||LightClay|SnowWarning|IcicleSpear,Encore,IcyWind,AuroraVeil|||M|||50|,,,,,Ghost]Annihilape||SafetyGoggles|Defiant|DrainPunch,RageFist,BulkUp,Protect|||M|||50|,,,,,Fire
|inactive|Battle timer is ON: inactive players will automatically lose when time's up. (requested by Kevin-V8)
|inactive|Kevin-V8 has 60 seconds left.
|inactive|Kevin-V8 has 30 seconds left.
|inactive|Kevin-V8 has 20 seconds left.
|
|t:|1756253135
|teamsize|p1|4
|teamsize|p2|4
|start
|switch|p1a: Kingambit|Kingambit, L50, F|100/100
|switch|p1b: Magmar|Magmar, L50, M|100/100
|switch|p2a: Incineroar|Incineroar, L50, M|100/100
|switch|p2b: Dragonite|Dragonite, L50, F|100/100
|-ability|p2a: Incineroar|Intimidate|boost
|-unboost|p1a: Kingambit|atk|1
|-ability|p1a: Kingambit|Defiant|boost
|-boost|p1a: Kingambit|atk|2
|-unboost|p1b: Magmar|atk|1
|turn|1
|inactive|Kevin-V8 has 30 seconds left.
|inactive|TalonMasterJ has 30 seconds left.
|inactive|Kevin-V8 has 20 seconds left.
|inactive|TalonMasterJ has 20 seconds left.
|inactive|TalonMasterJ has 15 seconds left.
|
|t:|1756253177
|move|p1b: Magmar|Follow Me|p1b: Magmar
|-singleturn|p1b: Magmar|move: Follow Me
|move|p2b: Dragonite|Scale Shot|p1b: Magmar
|-damage|p1b: Magmar|88/100
|-damage|p1b: Magmar|75/100
|-damage|p1b: Magmar|63/100
|-damage|p1b: Magmar|50/100
|-damage|p1b: Magmar|38/100
|-hitcount|p1b: Magmar|5
|-unboost|p2b: Dragonite|def|1
|-boost|p2b: Dragonite|spe|1
|move|p2a: Incineroar|Knock Off|p1b: Magmar
|-damage|p1b: Magmar|3/100
|-enditem|p1b: Magmar|Eviolite|[from] move: Knock Off|[of] p2a: Incineroar
|move|p1a: Kingambit|Swords Dance|p1a: Kingambit
|-boost|p1a: Kingambit|atk|2
|
|upkeep
|turn|2
|inactive|Kevin-V8 has 30 seconds left.
|inactive|TalonMasterJ has 30 seconds left.
|inactive|Kevin-V8 has 20 seconds left.
|inactive|Kevin-V8 has 15 seconds left.
|
|t:|1756253221
|move|p1b: Magmar|Follow Me|p1b: Magmar
|-singleturn|p1b: Magmar|move: Follow Me
|move|p1a: Kingambit|Sucker Punch||[still]
|-fail|p1a: Kingambit
|move|p2b: Dragonite|Haze|p2b: Dragonite
|-clearallboost
|move|p2a: Incineroar|Flare Blitz|p1b: Magmar
|-resisted|p1b: Magmar
|-damage|p1b: Magmar|0 fnt
|faint|p1b: Magmar
|-damage|p2a: Incineroar|99/100|[from] Recoil
|
|upkeep
|
|t:|1756253240
|switch|p1b: Primarina|Primarina, L50, M|100/100
|turn|3
|inactive|TalonMasterJ has 30 seconds left.
|inactive|TalonMasterJ has 20 seconds left.
|inactive|TalonMasterJ has 15 seconds left.
|
|t:|1756253284
|-terastallize|p2a: Incineroar|Grass
|-terastallize|p1b: Primarina|Water
|move|p2b: Dragonite|Protect|p2b: Dragonite
|-singleturn|p2b: Dragonite|Protect
|move|p2a: Incineroar|Flare Blitz|p1a: Kingambit
|-supereffective|p1a: Kingambit
|-damage|p1a: Kingambit|24/100
|-damage|p2a: Incineroar|74/100|[from] Recoil
|move|p1b: Primarina|Hyper Voice|p2b: Dragonite|[spread] p2a
|-activate|p2b: Dragonite|move: Protect
|-resisted|p2a: Incineroar
|-damage|p2a: Incineroar|55/100
|move|p1a: Kingambit|Kowtow Cleave|p2b: Dragonite
|-activate|p2b: Dragonite|move: Protect
|
|upkeep
|turn|4
|inactive|Kevin-V8 has 30 seconds left.
|inactive|TalonMasterJ has 30 seconds left.
|inactive|Kevin-V8 has 20 seconds left.
|
|t:|1756253320
|move|p1a: Kingambit|Sucker Punch|p2a: Incineroar
|-damage|p2a: Incineroar|5/100
|move|p2b: Dragonite|Scale Shot|p1b: Primarina
|-damage|p1b: Primarina|85/100
|-damage|p1b: Primarina|71/100
|-damage|p1b: Primarina|54/100
|-damage|p1b: Primarina|39/100
|-enditem|p1b: Primarina|Sitrus Berry|[eat]
|-heal|p1b: Primarina|64/100|[from] item: Sitrus Berry
|-hitcount|p1b: Primarina|4
|-unboost|p2b: Dragonite|def|1
|-boost|p2b: Dragonite|spe|1
|move|p2a: Incineroar|Knock Off|p1b: Primarina
|-damage|p1b: Primarina|36/100
|move|p1b: Primarina|Moonblast|p2a: Incineroar
|-damage|p2a: Incineroar|0 fnt
|faint|p2a: Incineroar
|
|upkeep
|
|t:|1756253342
|switch|p2a: Annihilape|Annihilape, L50, M|100/100
|turn|5
|
|t:|1756253350
|move|p1a: Kingambit|Sucker Punch|p2a: Annihilape
|-damage|p2a: Annihilape|50/100
|move|p2b: Dragonite|Scale Shot|p1b: Primarina
|-damage|p1b: Primarina|22/100
|-damage|p1b: Primarina|7/100
|-damage|p1b: Primarina|0 fnt
|faint|p1b: Primarina
|-hitcount|p1: Primarina|3
|-unboost|p2b: Dragonite|def|1
|-boost|p2b: Dragonite|spe|1
|move|p2a: Annihilape|Drain Punch|p1a: Kingambit
|-supereffective|p1a: Kingambit
|-damage|p1a: Kingambit|0 fnt
|-heal|p2a: Annihilape|62/100|[from] drain|[of] p1a: Kingambit
|faint|p1a: Kingambit
|
|upkeep
|
|t:|1756253367
|switch|p1b: Dragapult|Dragapult, L50, F|100/100
|turn|6
|
|t:|1756253377
|move|p2b: Dragonite|Tailwind|p2b: Dragonite
|-sidestart|p2: TalonMasterJ|move: Tailwind
|move|p2a: Annihilape|Rage Fist|p1b: Dragapult
|-supereffective|p1b: Dragapult
|-damage|p1b: Dragapult|0 fnt
|faint|p1b: Dragapult
|
|win|TalonMasterJ
||TalonMasterJ is ready for game 2.
||Kevin-V8 is ready for game 2.
|uhtml|next|Next: Game 2 of 3
|l|☆Kevin-V8
|player|p1|
