|j|☆spellbreakvgc
|j|☆WinonaUnderrated
|html|spellbreakvgcWinonaUnderrated    
|uhtml|bestof|Game 2 of a best-of-3
|t:|1756727058
|gametype|doubles
|player|p1|spellbreakvgc|lance|1169
|player|p2|WinonaUnderrated|winona|1051
|gen|9
|tier|[Gen 9] VGC 2025 Reg H (Bo3)
|rated|
|rule|Species Clause: Limit one of each Pokémon
|rule|Item Clause: Limit 1 of each item
|clearpoke
|poke|p1|Toedscruel, L50, F|
|poke|p1|Weezing-Galar, L50, F|
|poke|p1|Corviknight, L50, F|
|poke|p1|Garchomp, L50, M|
|poke|p1|Typhlosion-Hisui, L50, F|
|poke|p1|Baxcalibur, L50, M|
|poke|p2|Talonflame, L50, M|
|poke|p2|Altaria, L50, M|
|poke|p2|Flamigo, L50, M|
|poke|p2|Gliscor, L50, M|
|poke|p2|Corviknight, L50, F|
|poke|p2|Jumpluff, L50, F|
|teampreview|4
|showteam|p1|Toedscruel||CovertCloak|MyceliumMight|Spore,EarthPower,AcidSpray,RagePowder|||F|||50|,,,,,Water]Weezing-Galar||ChoiceSpecs|NeutralizingGas|DazzlingGleam,SludgeBomb,StrangeSteam,Flamethrower|||F|||50|,,,,,Fire]Corviknight||SitrusBerry|MirrorArmor|Protect,Tailwind,Roost,BraveBird|||F|||50|,,,,,Dragon]Garchomp||LifeOrb|RoughSkin|Protect,Earthquake,DragonClaw,StompingTantrum|||M|||50|,,,,,Ground]Typhlosion-Hisui||ChoiceScarf|Blaze|Eruption,SleepTalk,HeatWave,ShadowBall|||F|||50|,,,,,Fire]Baxcalibur||LoadedDice|ThermalExchange|ScaleShot,IcicleSpear,SwordsDance,Protect|||M|||50|,,,,,Ghost
|showteam|p2|Talonflame||CovertCloak|GaleWings|DualWingbeat,Tailwind,Taunt,WillOWisp|||M|||50|,,,,,Ghost]Altaria||ClearAmulet|CloudNine|BraveBird,CottonGuard,DragonDance,Roost|||M|||50|,,,,,Flying]Flamigo||FocusSash|Costar|CloseCombat,BraveBird,ThroatChop,WideGuard|||M|||50|,,,,,Dark]Gliscor||LifeOrb|HyperCutter|Tailwind,StoneEdge,Earthquake,SwordsDance|||M|||50|,,,,,Rock]Corviknight||RockyHelmet|MirrorArmor|BulkUp,IronHead,Taunt,Tailwind|||F|||50|,,,,,Flying]Jumpluff||MentalHerb|Chlorophyll|Encore,SleepPowder,Tailwind,RagePowder|||F|||50|,,,,,Water
|inactive|Battle timer is ON: inactive players will automatically lose when time's up. (requested by WinonaUnderrated)
|
|t:|1756727082
|teamsize|p1|4
|teamsize|p2|4
|start
|switch|p1a: Typhlosion|Typhlosion-Hisui, L50, F|100/100
|switch|p1b: Weezing|Weezing-Galar, L50, F|100/100
|switch|p2a: Talonflame|Talonflame, L50, M|100/100
|switch|p2b: Altaria|Altaria, L50, M|100/100
|-ability|p1b: Weezing|Neutralizing Gas
|turn|1
|
|t:|1756727105
|-terastallize|p1a: Typhlosion|Fire
|move|p1a: Typhlosion|Eruption|p2a: Talonflame|[spread] p2a,p2b
|-resisted|p2a: Talonflame
|-resisted|p2b: Altaria
|-damage|p2a: Talonflame|37/100
|-damage|p2b: Altaria|73/100
|move|p2a: Talonflame|Tailwind|p2a: Talonflame
|-sidestart|p2: WinonaUnderrated|move: Tailwind
|move|p2b: Altaria|Brave Bird|p1a: Typhlosion
|-damage|p1a: Typhlosion|56/100
|-damage|p2b: Altaria|61/100|[from] Recoil
|move|p1b: Weezing|Dazzling Gleam|p2b: Altaria|[spread] p2a,p2b
|-resisted|p2a: Talonflame
|-supereffective|p2b: Altaria
|-damage|p2a: Talonflame|6/100
|-damage|p2b: Altaria|8/100
|
|upkeep
|turn|2
|inactive|WinonaUnderrated has 30 seconds left.
|
|t:|1756727136
|move|p2a: Talonflame|Dual Wingbeat|p1a: Typhlosion|[miss]
|-miss|p2a: Talonflame|p1a: Typhlosion
|move|p1a: Typhlosion|Eruption|p2b: Altaria|[spread] p2a,p2b
|-resisted|p2a: Talonflame
|-resisted|p2b: Altaria
|-damage|p2a: Talonflame|0 fnt
|-damage|p2b: Altaria|0 fnt
|faint|p2a: Talonflame
|faint|p2b: Altaria
|move|p1b: Weezing|Dazzling Gleam|p2: Talonflame|[notarget]
|-fail|p1b: Weezing
|
|upkeep
|
|t:|1756727141
|switch|p2a: Gliscor|Gliscor, L50, M|100/100
|switch|p2b: Flamigo|Flamigo, L50, M|100/100
|turn|3
|
|t:|1756727160
|move|p2b: Flamigo|Wide Guard|p2b: Flamigo
|-singleturn|p2b: Flamigo|Wide Guard
|move|p2a: Gliscor|Swords Dance|p2a: Gliscor
|-boost|p2a: Gliscor|atk|2
|move|p1a: Typhlosion|Eruption|p2b: Flamigo|[spread] 
|-activate|p2a: Gliscor|move: Wide Guard
|-activate|p2b: Flamigo|move: Wide Guard
|move|p1b: Weezing|Dazzling Gleam|p2b: Flamigo|[spread] 
|-activate|p2a: Gliscor|move: Wide Guard
|-activate|p2b: Flamigo|move: Wide Guard
|
|upkeep
|turn|4
|
|t:|1756727177
|-end|p1b: Weezing|ability: Neutralizing Gas
|-copyboost|p2b: Flamigo|p2a: Gliscor|[from] ability: Costar
|switch|p1b: Corviknight|Corviknight, L50, F|100/100
|move|p2b: Flamigo|Wide Guard|p2b: Flamigo
|-singleturn|p2b: Flamigo|Wide Guard
|move|p2a: Gliscor|Earthquake|p1a: Typhlosion|[spread] p1a
|-activate|p2b: Flamigo|move: Wide Guard
|-immune|p1b: Corviknight
|-supereffective|p1a: Typhlosion
|-damage|p1a: Typhlosion|0 fnt
|faint|p1a: Typhlosion
|-damage|p2a: Gliscor|90/100|[from] item: Life Orb
|
|-sideend|p2: WinonaUnderrated|move: Tailwind
|upkeep
|
|t:|1756727194
|switch|p1a: Weezing|Weezing-Galar, L50, F|100/100
|-ability|p1a: Weezing|Neutralizing Gas
|turn|5
|
|t:|1756727211
|move|p2a: Gliscor|Earthquake|p1b: Corviknight|[spread] p1a
|-immune|p2b: Flamigo
|-immune|p1b: Corviknight
|-supereffective|p1a: Weezing
|-crit|p1a: Weezing
|-damage|p1a: Weezing|0 fnt
|faint|p1a: Weezing
|-end|p1a: Weezing|ability: Neutralizing Gas
|-copyboost|p2b: Flamigo|p2a: Gliscor|[from] ability: Costar
|-damage|p2a: Gliscor|80/100|[from] item: Life Orb
|move|p2b: Flamigo|Close Combat|p1b: Corviknight
|-damage|p1b: Corviknight|8/100
|-unboost|p2b: Flamigo|def|1
|-unboost|p2b: Flamigo|spd|1
|-enditem|p1b: Corviknight|Sitrus Berry|[eat]
|-heal|p1b: Corviknight|33/100|[from] item: Sitrus Berry
|move|p1b: Corviknight|Tailwind|p1b: Corviknight
|-sidestart|p1: spellbreakvgc|move: Tailwind
|
|upkeep
|
|t:|1756727227
|switch|p1a: Baxcalibur|Baxcalibur, L50, M|100/100
|turn|6
|
|t:|1756727246
|-terastallize|p2a: Gliscor|Rock
|move|p1a: Baxcalibur|Icicle Spear|p2a: Gliscor
|-damage|p2a: Gliscor|66/100
|-damage|p2a: Gliscor|52/100
|-damage|p2a: Gliscor|38/100
|-crit|p2a: Gliscor
|-damage|p2a: Gliscor|16/100
|-hitcount|p2a: Gliscor|4
|move|p1b: Corviknight|Roost|p1b: Corviknight
|-heal|p1b: Corviknight|83/100
|-singleturn|p1b: Corviknight|move: Roost
|move|p2a: Gliscor|Stone Edge|p1a: Baxcalibur|[miss]
|-miss|p2a: Gliscor|p1a: Baxcalibur
|move|p2b: Flamigo|Close Combat|p1b: Corviknight
|-supereffective|p1b: Corviknight
|-damage|p1b: Corviknight|0 fnt
|-unboost|p2b: Flamigo|def|1
|-unboost|p2b: Flamigo|spd|1
|faint|p1b: Corviknight
|
|upkeep
|turn|7
|inactive|spellbreakvgc has 30 seconds left.
|
|t:|1756727276
|move|p1a: Baxcalibur|Icicle Spear|p2b: Flamigo
|-supereffective|p2b: Flamigo
|-damage|p2b: Flamigo|23/100
|-supereffective|p2b: Flamigo
|-damage|p2b: Flamigo|0 fnt
|faint|p2b: Flamigo
|-hitcount|p2: Flamigo|2
|move|p2a: Gliscor|Stone Edge|p1a: Baxcalibur
|-supereffective|p1a: Baxcalibur
|-crit|p1a: Baxcalibur
|-damage|p1a: Baxcalibur|0 fnt
|faint|p1a: Baxcalibur
|-damage|p2a: Gliscor|6/100|[from] item: Life Orb
|
|win|WinonaUnderrated
||spellbreakvgc is ready for game 3.
||WinonaUnderrated is ready for game 3.
|uhtml|next|Next: Game 3 of 3
