|j|☆Atzel22
|j|☆Insuff1cient
|html|Atzel22Insuff1cient    
|uhtml|bestof|Game 2 of a best-of-3
|t:|1784839792
|gametype|doubles
|player|p1|Atzel22|266|
|player|p2|Insuff1cient|102|
|gen|9
|tier|[Gen 9 Champions] VGC 2026 Reg M-B (Bo3)
|rule|Species Clause: Limit one of each Pokémon
|rule|Item Clause: Limit 1 of each item
|clearpoke
|poke|p1|Sneasler, L50, F|
|poke|p1|Garchomp, L50, M|
|poke|p1|Tyranitar, L50, F|
|poke|p1|Skarmory, L50, F|
|poke|p1|Scovillain, L50, F|
|poke|p1|Qwilfish, L50, F|
|poke|p2|Torkoal, L50, M|
|poke|p2|Venusaur, L50, F|
|poke|p2|Hydreigon, L50, F|
|poke|p2|Milotic, L50, M|
|poke|p2|Tinkaton, L50, F|
|poke|p2|Gliscor, L50, F|
|teampreview|4
|showteam|p1|Sneasler||FocusSash|PoisonTouch|CloseCombat,FakeOut,PoisonJab,RockTomb|Jolly||F|||50|]Garchomp||LifeOrb|RoughSkin|DragonClaw,Earthquake,Protect,StompingTantrum|Jolly||M|||50|]Tyranitar||Tyranitarite|SandStream|KnockOff,LowKick,Protect,RockSlide|Adamant||F|||50|]Skarmory||Skarmorite|KeenEye|DrillRun,IronHead,Protect,Tailwind|Adamant||F|||50|]Scovillain||Leftovers|Moody|GigaDrain,Overheat,Protect,RagePowder|Calm||F|||50|]Qwilfish||SitrusBerry|Intimidate|FlipTurn,GunkShot,Liquidation,ThunderWave|Adamant||F|||50|
|showteam|p2|Torkoal||Charcoal|Drought|Eruption,HeatWave,AncientPower,Protect|Quiet||M|||50|]Venusaur||LifeOrb|Chlorophyll|GigaDrain,SludgeBomb,SleepPowder,Protect|Modest||F|||50|]Hydreigon||ExpertBelt|Levitate|DarkPulse,DracoMeteor,HeatWave,Protect|Timid||F|||50|]Milotic||Leftovers|Competitive|Scald,IceBeam,Recover,Protect|Bold||M|||50|]Tinkaton||SitrusBerry|MoldBreaker|GigatonHammer,KnockOff,FakeOut,Protect|Jolly||F|||50|]Gliscor||YacheBerry|HyperCutter|Earthquake,DualWingbeat,Protect,SwordsDance|Serious||F|||50|
|
|t:|1784839818
|teamsize|p1|4
|teamsize|p2|4
|start
|switch|p1a: Sneasler|Sneasler, L50, F|100/100
|switch|p1b: Garchomp|Garchomp, L50, M|100/100
|switch|p2a: Torkoal|Torkoal, L50, M|100/100
|switch|p2b: Venusaur|Venusaur, L50, F|100/100
|-weather|SunnyDay|[from] ability: Drought|[of] p2a: Torkoal
|turn|1
|
|t:|1784839841
|move|p2a: Torkoal|Protect|p2a: Torkoal
|-singleturn|p2a: Torkoal|Protect
|move|p2b: Venusaur|Giga Drain|p1b: Garchomp
|-damage|p1b: Garchomp|48/100
|-damage|p2b: Venusaur|90/100|[from] item: Life Orb
|move|p1a: Sneasler|Rock Tomb|p2a: Torkoal
|-activate|p2a: Torkoal|move: Protect
|move|p1b: Garchomp|Stomping Tantrum|p2a: Torkoal
|-activate|p2a: Torkoal|move: Protect
|
|-weather|SunnyDay|[upkeep]
|upkeep
|turn|2
|
|t:|1784839868
|switch|p2a: Tinkaton|Tinkaton, L50, F|100/100
|-ability|p2a: Tinkaton|Mold Breaker
|move|p1b: Garchomp|Protect|p1b: Garchomp
|-singleturn|p1b: Garchomp|Protect
|move|p2b: Venusaur|Giga Drain|p1b: Garchomp
|-activate|p1b: Garchomp|move: Protect
|move|p1a: Sneasler|Poison Jab|p2b: Venusaur
|-damage|p2b: Venusaur|31/100
|
|-weather|SunnyDay|[upkeep]
|upkeep
|turn|3
|
|t:|1784839895
|move|p2b: Venusaur|Protect|p2b: Venusaur
|-singleturn|p2b: Venusaur|Protect
|move|p2a: Tinkaton|Fake Out|p1a: Sneasler
|-damage|p1a: Sneasler|84/100
|cant|p1a: Sneasler|flinch
|move|p1b: Garchomp|Stomping Tantrum|p2a: Tinkaton
|-supereffective|p2a: Tinkaton|1
|-damage|p2a: Tinkaton|0 fnt
|faint|p2a: Tinkaton
|-damage|p1b: Garchomp|38/100|[from] item: Life Orb
|
|-weather|SunnyDay|[upkeep]
|upkeep
|
|t:|1784839913
|switch|p2a: Milotic|Milotic, L50, M|100/100
|turn|4
|
|t:|1784839931
|move|p2b: Venusaur|Protect||[still]
|-fail|p2b: Venusaur
|move|p1b: Garchomp|Protect|p1b: Garchomp
|-singleturn|p1b: Garchomp|Protect
|move|p1a: Sneasler|Close Combat|p2a: Milotic
|-crit|p2a: Milotic
|-damage|p2a: Milotic|31/100
|-unboost|p1a: Sneasler|def|1
|-unboost|p1a: Sneasler|spd|1
|move|p2a: Milotic|Scald|p1a: Sneasler
|-damage|p1a: Sneasler|55/100
|-status|p1a: Sneasler|brn
|
|-weather|SunnyDay|[upkeep]
|-heal|p2a: Milotic|37/100|[from] item: Leftovers
|-damage|p1a: Sneasler|49/100 brn|[from] brn
|upkeep
|turn|5
|
|t:|1784839959
|move|p2a: Milotic|Protect|p2a: Milotic
|-singleturn|p2a: Milotic|Protect
|move|p2b: Venusaur|Giga Drain|p1b: Garchomp
|-damage|p1b: Garchomp|0 fnt
|-heal|p2b: Venusaur|54/100|[from] drain|[of] p1b: Garchomp
|faint|p1b: Garchomp
|-damage|p2b: Venusaur|44/100|[from] item: Life Orb
|move|p1a: Sneasler|Rock Tomb|p2b: Venusaur
|-crit|p2b: Venusaur
|-damage|p2b: Venusaur|23/100
|-unboost|p2b: Venusaur|spe|1
|
|-weather|none
|-heal|p2a: Milotic|43/100|[from] item: Leftovers
|-damage|p1a: Sneasler|43/100 brn|[from] brn
|upkeep
|
|t:|1784839974
|switch|p1b: Tyranitar|Tyranitar, L50, F|100/100
|-weather|Sandstorm|[from] ability: Sand Stream|[of] p1b: Tyranitar
|turn|6
|
|t:|1784840013
|move|p1a: Sneasler|Close Combat|p2a: Milotic
|-damage|p2a: Milotic|16/100
|-unboost|p1a: Sneasler|def|1
|-unboost|p1a: Sneasler|spd|1
|move|p2a: Milotic|Scald|p1b: Tyranitar
|-supereffective|p1b: Tyranitar|1
|-damage|p1b: Tyranitar|68/100
|move|p2b: Venusaur|Giga Drain|p1b: Tyranitar
|-supereffective|p1b: Tyranitar|1
|-damage|p1b: Tyranitar|7/100
|-heal|p2b: Venusaur|63/100|[from] drain|[of] p1b: Tyranitar
|-damage|p2b: Venusaur|54/100|[from] item: Life Orb
|move|p1b: Tyranitar|Rock Slide|p2b: Venusaur|[spread] p2a,p2b
|-damage|p2a: Milotic|0 fnt
|-damage|p2b: Venusaur|11/100
|faint|p2a: Milotic
|
|-weather|Sandstorm|[upkeep]
|-damage|p1a: Sneasler|38/100 brn|[from] Sandstorm
|-damage|p2b: Venusaur|5/100|[from] Sandstorm
|-damage|p1a: Sneasler|32/100 brn|[from] brn
|upkeep
|
|t:|1784840032
|switch|p2a: Torkoal|Torkoal, L50, M|100/100
|-weather|SunnyDay|[from] ability: Drought|[of] p2a: Torkoal
|turn|7
|
|t:|1784840051
|move|p1b: Tyranitar|Protect|p1b: Tyranitar
|-singleturn|p1b: Tyranitar|Protect
|move|p2a: Torkoal|Protect|p2a: Torkoal
|-singleturn|p2a: Torkoal|Protect
|move|p1a: Sneasler|Poison Jab|p2b: Venusaur
|-damage|p2b: Venusaur|0 fnt
|faint|p2b: Venusaur
|
|-weather|SunnyDay|[upkeep]
|-damage|p1a: Sneasler|26/100 brn|[from] brn
|upkeep
|turn|8
|
|t:|1784840067
|move|p1a: Sneasler|Rock Tomb|p2a: Torkoal
|-supereffective|p2a: Torkoal|1
|-damage|p2a: Torkoal|82/100
|-unboost|p2a: Torkoal|spe|1
|move|p1b: Tyranitar|Rock Slide|p2a: Torkoal
|-supereffective|p2a: Torkoal|1
|-damage|p2a: Torkoal|13/100
|move|p2a: Torkoal|Heat Wave|p1a: Sneasler|[spread] p1a,p1b
|-resisted|p1b: Tyranitar|1
|-damage|p1a: Sneasler|0 fnt
|-damage|p1b: Tyranitar|0 fnt
|faint|p1a: Sneasler
|faint|p1b: Tyranitar
|
|-weather|SunnyDay|[upkeep]
|upkeep
|
|t:|1784840081
|switch|p1b: Skarmory|Skarmory, L50, F|100/100
|turn|9
|
|t:|1784840089
|detailschange|p1b: Skarmory|Skarmory-Mega, L50, F
|-mega|p1b: Skarmory|Skarmory|Skarmorite
|move|p1b: Skarmory|Drill Run|p2a: Torkoal
|-supereffective|p2a: Torkoal|1
|-damage|p2a: Torkoal|0 fnt
|faint|p2a: Torkoal
|
|win|Atzel22
|l|☆Insuff1cient
|player|p2|
