|j|☆Oscarm92
|j|☆carolchanning
|html|Oscarm92carolchanning    
|uhtml|bestof|Game 2 of a best-of-3
|t:|1784048750
|gametype|doubles
|player|p1|Oscarm92|266|1352
|player|p2|carolchanning|265|1401
|gen|9
|tier|[Gen 9 Champions] VGC 2026 Reg M-B (Bo3)
|rated|
|rule|Species Clause: Limit one of each Pokémon
|rule|Item Clause: Limit 1 of each item
|clearpoke
|poke|p1|Charizard, L50, F, shiny|
|poke|p1|Aerodactyl, L50, M|
|poke|p1|Garchomp, L50, M, shiny|
|poke|p1|Kingambit, L50, M|
|poke|p1|Sylveon, L50, M|
|poke|p1|Farigiraf, L50, M|
|poke|p2|Charizard, L50, F|
|poke|p2|Garchomp, L50, F|
|poke|p2|Incineroar, L50, F|
|poke|p2|Sylveon, L50, F|
|poke|p2|Farigiraf, L50, M|
|poke|p2|Aerodactyl, L50, M|
|teampreview|4
|showteam|p1|Charizard||CharizarditeY|Blaze|HeatWave,WeatherBall,SolarBeam,Protect|Modest||F|||50|]Aerodactyl||Aerodactylite|Unnerve|IceFang,RockSlide,Tailwind,DualWingbeat|Jolly||M|||50|]Garchomp||LifeOrb|RoughSkin|DragonClaw,StompingTantrum,Earthquake,Protect|Jolly||M|||50|]Kingambit||FocusSash|Defiant|SuckerPunch,KowtowCleave,IronHead,LowKick|Adamant||M|||50|]Sylveon||FairyFeather|Pixilate|QuickAttack,HyperVoice,HyperBeam,Protect|Modest||M|||50|]Farigiraf||SitrusBerry|ArmorTail|TrickRoom,Thunderbolt,Roar,Psychic|Bold||M|||50|
|showteam|p2|Charizard||CharizarditeY|Blaze|HeatWave,WeatherBall,SolarBeam,Protect|Modest||F|||50|]Garchomp||LifeOrb|RoughSkin|Earthquake,DragonClaw,StompingTantrum,Protect|Jolly||F|||50|]Incineroar||Charcoal|Intimidate|FakeOut,PartingShot,DarkestLariat,FlareBlitz|Brave||F|||50|]Sylveon||FairyFeather|Pixilate|HyperVoice,QuickAttack,Yawn,Protect|Modest||F|||50|]Farigiraf||SitrusBerry|ArmorTail|Psyshock,HelpingHand,TrickRoom,Protect|Calm||M|||50|]Aerodactyl||FocusSash|Unnerve|RockSlide,Tailwind,WideGuard,Protect|Jolly||M|||50|
|inactive|Battle timer is ON: inactive players will automatically lose when time's up. (requested by carolchanning)
|
|t:|1784048756
|teamsize|p1|4
|teamsize|p2|4
|start
|switch|p1a: Aerodactyl|Aerodactyl, L50, M|100/100
|switch|p1b: Kingambit|Kingambit, L50, M|100/100
|switch|p2a: Charizard|Charizard, L50, F|100/100
|switch|p2b: Aerodactyl|Aerodactyl, L50, M|100/100
|-ability|p1a: Aerodactyl|Unnerve
|-ability|p2b: Aerodactyl|Unnerve
|turn|1
|
|t:|1784048766
|detailschange|p1a: Aerodactyl|Aerodactyl-Mega, L50, M
|-mega|p1a: Aerodactyl|Aerodactyl|Aerodactylite
|detailschange|p2a: Charizard|Charizard-Mega-Y, L50, F
|-mega|p2a: Charizard|Charizard|Charizardite Y
|-weather|SunnyDay|[from] ability: Drought|[of] p2a: Charizard
|move|p2b: Aerodactyl|Wide Guard|p2b: Aerodactyl
|-singleturn|p2b: Aerodactyl|Wide Guard
|move|p1b: Kingambit|Sucker Punch||[still]
|-fail|p1b: Kingambit
|move|p1a: Aerodactyl|Rock Slide|p2a: Charizard|[spread] 
|-activate|p2a: Charizard|move: Wide Guard
|-activate|p2b: Aerodactyl|move: Wide Guard
|move|p2a: Charizard|Heat Wave|p1b: Kingambit|[spread] p1a,p1b
|-resisted|p1a: Aerodactyl|1
|-crit|p1a: Aerodactyl
|-supereffective|p1b: Kingambit|1
|-damage|p1a: Aerodactyl|50/100g
|-enditem|p1b: Kingambit|Focus Sash
|-damage|p1b: Kingambit|1/100
|
|-weather|SunnyDay|[upkeep]
|upkeep
|turn|2
|inactive|Oscarm92 has 30 seconds left.
|inactive|carolchanning has 30 seconds left.
|
|t:|1784048796
|move|p2a: Charizard|Protect|p2a: Charizard
|-singleturn|p2a: Charizard|Protect
|move|p1b: Kingambit|Sucker Punch||[still]
|-fail|p1b: Kingambit
|move|p1a: Aerodactyl|Rock Slide|p2b: Aerodactyl|[spread] p2b
|-activate|p2a: Charizard|move: Protect
|-supereffective|p2b: Aerodactyl|1
|-damage|p2b: Aerodactyl|17/100
|cant|p2b: Aerodactyl|flinch
|
|-weather|SunnyDay|[upkeep]
|upkeep
|turn|3
|
|t:|1784048812
|move|p2b: Aerodactyl|Wide Guard|p2b: Aerodactyl
|-singleturn|p2b: Aerodactyl|Wide Guard
|move|p1b: Kingambit|Sucker Punch|p2a: Charizard
|-damage|p2a: Charizard|57/100
|move|p1a: Aerodactyl|Ice Fang|p2b: Aerodactyl
|-supereffective|p2b: Aerodactyl|1
|-damage|p2b: Aerodactyl|0 fnt
|faint|p2b: Aerodactyl
|move|p2a: Charizard|Heat Wave|p1a: Aerodactyl|[spread] p1b
|-miss|p2a: Charizard|p1a: Aerodactyl
|-supereffective|p1b: Kingambit|1
|-damage|p1b: Kingambit|0 fnt
|faint|p1b: Kingambit
|
|-weather|SunnyDay|[upkeep]
|upkeep
|
|t:|1784048824
|switch|p2b: Sylveon|Sylveon, L50, F|100/100
|switch|p1b: Sylveon|Sylveon, L50, M|100/100
|turn|4
|inactive|Oscarm92 has 30 seconds left.
|
|t:|1784048859
|switch|p2a: Farigiraf|Farigiraf, L50, M|100/100
|move|p1a: Aerodactyl|Dual Wingbeat|p2b: Sylveon|[miss]
|-miss|p1a: Aerodactyl|p2b: Sylveon
|move|p1b: Sylveon|Hyper Voice|p2a: Farigiraf|[spread] p2a,p2b
|-damage|p2a: Farigiraf|53/100
|-damage|p2b: Sylveon|68/100
|move|p2b: Sylveon|Hyper Voice|p1b: Sylveon|[spread] p1a,p1b
|-damage|p1a: Aerodactyl|0 fnt
|-damage|p1b: Sylveon|66/100
|faint|p1a: Aerodactyl
|
|-weather|SunnyDay|[upkeep]
|upkeep
|
|t:|1784048867
|switch|p1a: Farigiraf|Farigiraf, L50, M|100/100
|turn|5
|
|t:|1784048876
|move|p2a: Farigiraf|Helping Hand|p2b: Sylveon
|-singleturn|p2b: Sylveon|Helping Hand|[of] p2a: Farigiraf
|move|p1b: Sylveon|Hyper Voice|p2a: Farigiraf|[spread] p2a,p2b
|-damage|p2a: Farigiraf|9/100
|-damage|p2b: Sylveon|31/100
|-enditem|p2a: Farigiraf|Sitrus Berry|[eat]
|-heal|p2a: Farigiraf|33/100|[from] item: Sitrus Berry
|move|p2b: Sylveon|Hyper Voice|p1b: Sylveon|[spread] p1a,p1b
|-damage|p1a: Farigiraf|37/100
|-damage|p1b: Sylveon|14/100
|-enditem|p1a: Farigiraf|Sitrus Berry|[eat]
|-heal|p1a: Farigiraf|62/100|[from] item: Sitrus Berry
|move|p1a: Farigiraf|Roar|p2a: Farigiraf
|drag|p2a: Charizard|Charizard-Mega-Y, L50, F|57/100
|
|-weather|none
|upkeep
|turn|6
|
|t:|1784048900
|move|p1b: Sylveon|Protect|p1b: Sylveon
|-singleturn|p1b: Sylveon|Protect
|move|p2a: Charizard|Weather Ball|p1b: Sylveon
|-activate|p1b: Sylveon|move: Protect
|move|p2b: Sylveon|Yawn|p1a: Farigiraf
|-start|p1a: Farigiraf|move: Yawn|[of] p2b: Sylveon
|move|p1a: Farigiraf|Thunderbolt|p2a: Charizard
|-supereffective|p2a: Charizard|1
|-damage|p2a: Charizard|10/100
|
|upkeep
|turn|7
|
|t:|1784048917
|switch|p2b: Farigiraf|Farigiraf, L50, M|33/100
|move|p1b: Sylveon|Quick Attack||[still]
|cant|p2b: Farigiraf|ability: Armor Tail|Quick Attack|[of] p1b: Sylveon
|move|p2a: Charizard|Weather Ball|p1b: Sylveon
|-damage|p1b: Sylveon|0 fnt
|faint|p1b: Sylveon
|move|p1a: Farigiraf|Psychic|p2b: Farigiraf
|-resisted|p2b: Farigiraf|1
|-damage|p2b: Farigiraf|18/100
|
|-end|p1a: Farigiraf|move: Yawn|[silent]
|-status|p1a: Farigiraf|slp
|upkeep
|turn|8
|
|t:|1784048931
|switch|p2a: Sylveon|Sylveon, L50, F|31/100
|move|p2b: Farigiraf|Psyshock|p1a: Farigiraf
|-resisted|p1a: Farigiraf|1
|-damage|p1a: Farigiraf|51/100 slp
|cant|p1a: Farigiraf|slp
|
|upkeep
|turn|9
|
|t:|1784048942
|move|p2b: Farigiraf|Helping Hand|p2a: Sylveon
|-singleturn|p2a: Sylveon|Helping Hand|[of] p2b: Farigiraf
|move|p2a: Sylveon|Hyper Voice|p1a: Farigiraf
|-damage|p1a: Farigiraf|0 fnt
|faint|p1a: Farigiraf
|
|win|carolchanning
||Oscarm92 is ready for game 3.
||carolchanning is ready for game 3.
|uhtml|next|Next: Game 3 of 3
|l|☆carolchanning
|player|p2|
