|j|☆x-demon18
|j|☆C.blaze
|html|x-demon18C.blaze    
|uhtml|bestof|Game 2 of a best-of-3
|t:|1784168657
|gametype|doubles
|player|p1|x-demon18|lucas|1168
|player|p2|C.blaze|170|1119
|gen|9
|tier|[Gen 9 Champions] VGC 2026 Reg M-B (Bo3)
|rated|
|rule|Species Clause: Limit one of each Pokémon
|rule|Item Clause: Limit 1 of each item
|clearpoke
|poke|p1|Incineroar, L50, M|
|poke|p1|Rotom-Wash, L50|
|poke|p1|Venusaur, L50, M|
|poke|p1|Garchomp, L50, M|
|poke|p1|Corviknight, L50, F|
|poke|p1|Sylveon, L50, F|
|poke|p2|Mawile, L50, M|
|poke|p2|Hydreigon, L50, F|
|poke|p2|Oranguru, L50, M|
|poke|p2|Rotom-Wash, L50|
|poke|p2|Sylveon, L50, M|
|poke|p2|Talonflame, L50, M|
|teampreview|4
|showteam|p1|Incineroar||ExpertBelt|Intimidate|FakeOut,TemperFlare,ThroatChop,PartingShot|Adamant||M|||50|]Rotom-Wash||SitrusBerry|Levitate|HydroPump,Electroweb,WillOWisp,VoltSwitch|Calm|||||50|]Venusaur||Venusaurite|Chlorophyll|GigaDrain,SludgeBomb,EarthPower,Protect|Modest||M|||50|]Garchomp||LifeOrb|RoughSkin|RockSlide,DragonClaw,StompingTantrum,Protect|Jolly||M|||50|]Corviknight||OccaBerry|MirrorArmor|Tailwind,BraveBird,IronHead,BodyPress|Careful||F|||50|]Sylveon||FairyFeather|Pixilate|HyperVoice,QuickAttack,Yawn,Detect|Modest||F|||50|
|showteam|p2|Mawile||Mawilite|Intimidate|PlayRough,IronHead,Protect,RockSlide|Brave||M|||50|]Hydreigon||HabanBerry|Levitate|DracoMeteor,DarkPulse,Protect,Snarl|Timid||F|||50|]Oranguru||MentalHerb|InnerFocus|Psychic,Encore,Instruct,TrickRoom|Sassy||M|||50|]Rotom-Wash||SitrusBerry|Levitate|Thunderbolt,HydroPump,Protect,WillOWisp|Timid|||||50|]Sylveon||FairyFeather|Pixilate|HyperVoice,HyperBeam,Protect,MysticalFire|Modest||M|||50|]Talonflame||SharpBeak|GaleWings|DualWingbeat,FlareBlitz,Protect,Tailwind|Jolly||M|||50|
|
|t:|1784168693
|teamsize|p1|4
|teamsize|p2|4
|start
|switch|p1a: Frieren|Sylveon, L50, F|100/100
|switch|p1b: Griffith|Corviknight, L50, F|100/100
|switch|p2a: Oranguru|Oranguru, L50, M|100/100
|switch|p2b: Sylveon|Sylveon, L50, M|100/100
|turn|1
|inactive|Battle timer is ON: inactive players will automatically lose when time's up. (requested by C.blaze)
|
|t:|1784168730
|move|p2b: Sylveon|Protect|p2b: Sylveon
|-singleturn|p2b: Sylveon|Protect
|move|p1b: Griffith|Iron Head|p2b: Sylveon
|-activate|p2b: Sylveon|move: Protect
|move|p1a: Frieren|Hyper Voice|p2b: Sylveon|[spread] p2a
|-activate|p2b: Sylveon|move: Protect
|-damage|p2a: Oranguru|74/100
|move|p2a: Oranguru|Trick Room|p2a: Oranguru
|-fieldstart|move: Trick Room|[of] p2a: Oranguru
|
|upkeep
|turn|2
|inactive|x-demon18 has 30 seconds left.
|
|t:|1784168761
|move|p2a: Oranguru|Encore|p1a: Frieren
|-start|p1a: Frieren|Encore
|move|p1a: Frieren|Hyper Voice|p2a: Oranguru|[spread] p2a,p2b
|-damage|p2a: Oranguru|47/100
|-damage|p2b: Sylveon|69/100
|move|p2b: Sylveon|Mystical Fire|p1b: Griffith
|-supereffective|p1b: Griffith|1
|-enditem|p1b: Griffith|Occa Berry|[eat]
|-enditem|p1b: Griffith|Occa Berry|[weaken]
|-damage|p1b: Griffith|77/100
|-ability|p1b: Griffith|Mirror Armor
|-unboost|p2b: Sylveon|spa|1
|move|p1b: Griffith|Iron Head|p2b: Sylveon
|-supereffective|p2b: Sylveon|1
|-damage|p2b: Sylveon|0 fnt
|faint|p2b: Sylveon
|
|upkeep
|inactive|C.blaze has 30 seconds left.
|inactive|C.blaze has 20 seconds left.
|inactive|C.blaze has 15 seconds left.
|inactive|C.blaze has 10 seconds left.
|
|t:|1784168809
|switch|p2b: Mawile|Mawile, L50, M|100/100
|-ability|p2b: Mawile|Intimidate|boost
|-unboost|p1a: Frieren|atk|1
|-ability|p1b: Griffith|Mirror Armor
|-unboost|p2b: Mawile|atk|1
|turn|3
|
|t:|1784168828
|switch|p1a: Wolverine|Incineroar, L50, M|100/100
|-ability|p1a: Wolverine|Intimidate|boost
|-fail|p2a: Oranguru|unboost|Attack|[from] ability: Inner Focus|[of] p2a: Oranguru
|-unboost|p2b: Mawile|atk|1
|switch|p1b: Yggdrasil|Venusaur, L50, M|100/100
|detailschange|p2b: Mawile|Mawile-Mega, L50, M
|-mega|p2b: Mawile|Mawile|Mawilite
|move|p2b: Mawile|Rock Slide|p1a: Wolverine|[spread] p1a,p1b
|-supereffective|p1a: Wolverine|1
|-damage|p1a: Wolverine|61/100
|-damage|p1b: Yggdrasil|80/100
|move|p2a: Oranguru|Instruct|p2b: Mawile
|-singleturn|p2b: Mawile|move: Instruct|[of] p2a: Oranguru
|move|p2b: Mawile|Rock Slide|p1b: Yggdrasil|[spread] p1a,p1b
|-supereffective|p1a: Wolverine|1
|-damage|p1a: Wolverine|23/100
|-damage|p1b: Yggdrasil|59/100
|
|upkeep
|turn|4
|inactive|x-demon18 has 30 seconds left.
|inactive|C.blaze has 30 seconds left.
|inactive|x-demon18 has 20 seconds left.
|
|t:|1784168868
|switch|p2b: Hydreigon|Hydreigon, L50, F|100/100
|switch|p1a: Griffith|Corviknight, L50, F|77/100
|detailschange|p1b: Yggdrasil|Venusaur-Mega, L50, M
|-mega|p1b: Yggdrasil|Venusaur|Venusaurite
|move|p2a: Oranguru|Psychic|p1b: Yggdrasil
|-supereffective|p1b: Yggdrasil|1
|-damage|p1b: Yggdrasil|10/100
|-unboost|p1b: Yggdrasil|spd|1
|move|p1b: Yggdrasil|Giga Drain|p2a: Oranguru
|-damage|p2a: Oranguru|21/100
|-heal|p1b: Yggdrasil|24/100|[from] drain|[of] p2a: Oranguru
|
|upkeep
|turn|5
|inactive|x-demon18 has 30 seconds left.
|inactive|C.blaze has 30 seconds left.
|
|t:|1784168896
|switch|p1b: Frieren|Sylveon, L50, F|100/100
|move|p2a: Oranguru|Psychic|p1a: Griffith
|-resisted|p1a: Griffith|1
|-damage|p1a: Griffith|65/100
|move|p1a: Griffith|Brave Bird|p2a: Oranguru
|-damage|p2a: Oranguru|0 fnt
|faint|p2a: Oranguru
|-damage|p1a: Griffith|58/100|[from] Recoil
|move|p2b: Hydreigon|Dark Pulse|p1a: Griffith
|-damage|p1a: Griffith|25/100
|
|-fieldend|move: Trick Room
|upkeep
|
|t:|1784168910
|switch|p2a: Mawile|Mawile-Mega, L50, M|100/100
|turn|6
|
|t:|1784168922
|move|p1b: Frieren|Quick Attack|p2b: Hydreigon
|-supereffective|p2b: Hydreigon|2
|-damage|p2b: Hydreigon|36/100
|move|p2b: Hydreigon|Dark Pulse|p1a: Griffith
|-damage|p1a: Griffith|0 fnt
|faint|p1a: Griffith
|move|p2a: Mawile|Play Rough|p1b: Frieren
|-damage|p1b: Frieren|9/100
|
|upkeep
|
|t:|1784168933
|switch|p1a: Wolverine|Incineroar, L50, M|23/100
|-ability|p1a: Wolverine|Intimidate|boost
|-unboost|p2a: Mawile|atk|1
|-unboost|p2b: Hydreigon|atk|1
|turn|7
|
|t:|1784168940
|move|p2b: Hydreigon|Protect|p2b: Hydreigon
|-singleturn|p2b: Hydreigon|Protect
|move|p2a: Mawile|Protect|p2a: Mawile
|-singleturn|p2a: Mawile|Protect
|move|p1a: Wolverine|Fake Out|p2a: Mawile
|-activate|p2a: Mawile|move: Protect
|move|p1b: Frieren|Quick Attack|p2b: Hydreigon
|-activate|p2b: Hydreigon|move: Protect
|
|upkeep
|turn|8
|
|t:|1784168953
|move|p1b: Frieren|Quick Attack|p2b: Hydreigon
|-supereffective|p2b: Hydreigon|2
|-damage|p2b: Hydreigon|0 fnt
|faint|p2b: Hydreigon
|move|p1a: Wolverine|Temper Flare|p2a: Mawile
|-supereffective|p2a: Mawile|1
|-damage|p2a: Mawile|24/100
|move|p2a: Mawile|Rock Slide|p1b: Frieren|[spread] p1a,p1b
|-supereffective|p1a: Wolverine|1
|-damage|p1a: Wolverine|0 fnt
|-damage|p1b: Frieren|0 fnt
|faint|p1a: Wolverine
|faint|p1b: Frieren
|
|upkeep
|
|t:|1784168966
|switch|p1b: Yggdrasil|Venusaur-Mega, L50, M|24/100
|turn|9
|
|t:|1784168971
|move|p1b: Yggdrasil|Earth Power|p2a: Mawile
|-supereffective|p2a: Mawile|1
|-damage|p2a: Mawile|0 fnt
|faint|p2a: Mawile
|
|win|x-demon18
||C.blaze is ready for game 3.
