|j|☆jxnh
|j|☆daelien
|html|jxnhdaelien    
|uhtml|bestof|Game 2 of a best-of-3
|t:|1756509555
|gametype|doubles
|player|p1|jxnh|102|1212
|player|p2|daelien|2|1280
|gen|9
|tier|[Gen 9] VGC 2025 Reg H (Bo3)
|rated|
|rule|Species Clause: Limit one of each Pokémon
|rule|Item Clause: Limit 1 of each item
|clearpoke
|poke|p1|Corviknight, L50, F|
|poke|p1|Sneasler, L50, F|
|poke|p1|Garchomp, L50, M|
|poke|p1|Incineroar, L50, F|
|poke|p1|Araquanid, L50, F|
|poke|p1|Ursaluna-Bloodmoon, L50, M|
|poke|p2|Electabuzz, L50, F|
|poke|p2|Kingambit, L50, M|
|poke|p2|Kommo-o, L50, F|
|poke|p2|Rillaboom, L50, M|
|poke|p2|Incineroar, L50, F|
|poke|p2|Farigiraf, L50, F|
|teampreview|4
|showteam|p1|Corviknight||Leftovers|MirrorArmor|DualWingbeat,BodyPress,IronDefense,Protect|||F|||50|,,,,,Fire]Sneasler||FocusSash|Unburden|DireClaw,CloseCombat,Coaching,Protect|||F|||50|,,,,,Ghost]Garchomp||LoadedDice|RoughSkin|StompingTantrum,Earthquake,ScaleShot,Protect|||M|||50|,,,,,Fairy]Incineroar||SitrusBerry|Intimidate|FakeOut,KnockOff,PartingShot,FlareBlitz|||F|||50|,,,,,Ghost]Araquanid||RoomService|WaterBubble|Liquidation,LeechLife,WideGuard,Protect|||F|||50|,,,,,Grass]Ursaluna-Bloodmoon||AssaultVest|MindsEye|HyperVoice,EarthPower,BloodMoon,Snarl|||M|||50|,,,,,Grass
|showteam|p2|Electabuzz||Eviolite|VitalSpirit|Electroweb,Protect,FollowMe,HelpingHand|||F|||50|,,,,,Dragon]Kingambit||BlackGlasses|Defiant|KowtowCleave,SwordsDance,SuckerPunch,Protect|||M|||50|,,,,,Dark]Kommo-o||Leftovers|Overcoat|BodyPress,IronDefense,Protect,Flamethrower|||F|||50|,,,,,Fire]Rillaboom||AssaultVest|GrassySurge|FakeOut,Uturn,GrassyGlide,WoodHammer|||M|||50|,,,,,Fire]Incineroar||SafetyGoggles|Intimidate|FakeOut,FlareBlitz,Taunt,PartingShot|||F|||50|,,,,,Bug]Farigiraf||GrassySeed|ArmorTail|TwinBeam,DazzlingGleam,CalmMind,Wish|||F|||50|,,,,,Fairy
|inactive|Battle timer is ON: inactive players will automatically lose when time's up. (requested by daelien)
|j| We_Are_Toasted
|
|t:|1756509579
|teamsize|p1|4
|teamsize|p2|4
|start
|switch|p1a: Garchomp|Garchomp, L50, M|100/100
|switch|p1b: Sneasler|Sneasler, L50, F|100/100
|switch|p2a: Kommo-o|Kommo-o, L50, F|100/100
|switch|p2b: Incineroar|Incineroar, L50, F|100/100
|-ability|p2b: Incineroar|Intimidate|boost
|-unboost|p1a: Garchomp|atk|1
|-unboost|p1b: Sneasler|atk|1
|turn|1
|
|t:|1756509595
|-terastallize|p1b: Sneasler|Ghost
|move|p2b: Incineroar|Fake Out|p1a: Garchomp
|-damage|p1a: Garchomp|89/100
|-damage|p2b: Incineroar|88/100|[from] ability: Rough Skin|[of] p1a: Garchomp
|move|p1b: Sneasler|Coaching|p1a: Garchomp
|-boost|p1a: Garchomp|atk|1
|-boost|p1a: Garchomp|def|1
|cant|p1a: Garchomp|flinch
|move|p2a: Kommo-o|Iron Defense|p2a: Kommo-o
|-boost|p2a: Kommo-o|def|2
|
|upkeep
|turn|2
|
|t:|1756509613
|move|p1b: Sneasler|Coaching|p1a: Garchomp
|-boost|p1a: Garchomp|atk|1
|-boost|p1a: Garchomp|def|1
|move|p1a: Garchomp|Scale Shot|p2a: Kommo-o
|-supereffective|p2a: Kommo-o
|-damage|p2a: Kommo-o|88/100
|-supereffective|p2a: Kommo-o
|-damage|p2a: Kommo-o|73/100
|-supereffective|p2a: Kommo-o
|-damage|p2a: Kommo-o|61/100
|-supereffective|p2a: Kommo-o
|-damage|p2a: Kommo-o|46/100
|-hitcount|p2a: Kommo-o|4
|-unboost|p1a: Garchomp|def|1
|-boost|p1a: Garchomp|spe|1
|move|p2a: Kommo-o|Iron Defense|p2a: Kommo-o
|-boost|p2a: Kommo-o|def|2
|move|p2b: Incineroar|Parting Shot|p1a: Garchomp
|-unboost|p1a: Garchomp|atk|1
|-unboost|p1a: Garchomp|spa|1
|
|t:|1756509617
|switch|p2b: Farigiraf|Farigiraf, L50, F|100/100|[from] Parting Shot
|
|-heal|p2a: Kommo-o|52/100|[from] item: Leftovers
|upkeep
|turn|3
|inactive|daelien has 30 seconds left.
|inactive|jxnh has 30 seconds left.
|inactive|jxnh has 20 seconds left.
|inactive|jxnh has 15 seconds left.
|inactive|daelien has 20 seconds left.
|inactive|daelien has 15 seconds left.
|
|t:|1756509672
|move|p2a: Kommo-o|Protect|p2a: Kommo-o
|-singleturn|p2a: Kommo-o|Protect
|move|p1a: Garchomp|Scale Shot|p2a: Kommo-o
|-activate|p2a: Kommo-o|move: Protect
|move|p1b: Sneasler|Dire Claw|p2b: Farigiraf
|-damage|p2b: Farigiraf|70/100
|move|p2b: Farigiraf|Twin Beam|p1b: Sneasler
|-damage|p1b: Sneasler|75/100
|-damage|p1b: Sneasler|49/100
|-hitcount|p1b: Sneasler|2
|
|-heal|p2a: Kommo-o|58/100|[from] item: Leftovers
|upkeep
|turn|4
|
|t:|1756509692
|switch|p2a: Rillaboom|Rillaboom, L50, M|100/100
|-fieldstart|move: Grassy Terrain|[from] ability: Grassy Surge|[of] p2a: Rillaboom
|-enditem|p2b: Farigiraf|Grassy Seed
|-boost|p2b: Farigiraf|def|1|[from] item: Grassy Seed
|move|p1a: Garchomp|Scale Shot|p2a: Rillaboom
|-damage|p2a: Rillaboom|87/100
|-damage|p2a: Rillaboom|74/100
|-damage|p2a: Rillaboom|61/100
|-damage|p2a: Rillaboom|48/100
|-hitcount|p2a: Rillaboom|4
|-unboost|p1a: Garchomp|def|1
|-boost|p1a: Garchomp|spe|1
|move|p1b: Sneasler|Coaching|p1a: Garchomp
|-boost|p1a: Garchomp|atk|1
|-boost|p1a: Garchomp|def|1
|move|p2b: Farigiraf|Dazzling Gleam|p1b: Sneasler|[spread] p1a,p1b
|-supereffective|p1a: Garchomp
|-damage|p1a: Garchomp|49/100
|-damage|p1b: Sneasler|21/100
|
|-heal|p1a: Garchomp|55/100|[from] Grassy Terrain
|-heal|p1b: Sneasler|27/100|[from] Grassy Terrain
|-heal|p2a: Rillaboom|54/100|[from] Grassy Terrain
|-heal|p2b: Farigiraf|76/100|[from] Grassy Terrain
|upkeep
|turn|5
|
|t:|1756509715
|-terastallize|p2b: Farigiraf|Fairy
|move|p1a: Garchomp|Protect|p1a: Garchomp
|-singleturn|p1a: Garchomp|Protect
|move|p1b: Sneasler|Protect|p1b: Sneasler
|-singleturn|p1b: Sneasler|Protect
|move|p2a: Rillaboom|Grassy Glide|p1b: Sneasler
|-activate|p1b: Sneasler|move: Protect
|move|p2b: Farigiraf|Dazzling Gleam|p1b: Sneasler|[spread] 
|-activate|p1a: Garchomp|move: Protect
|-activate|p1b: Sneasler|move: Protect
|
|-heal|p1a: Garchomp|61/100|[from] Grassy Terrain
|-heal|p1b: Sneasler|33/100|[from] Grassy Terrain
|-heal|p2a: Rillaboom|59/100|[from] Grassy Terrain
|-heal|p2b: Farigiraf|82/100|[from] Grassy Terrain
|upkeep
|turn|6
|inactive|jxnh has 30 seconds left.
|
|t:|1756509741
|move|p2a: Rillaboom|Grassy Glide|p1b: Sneasler
|-damage|p1b: Sneasler|0 fnt
|faint|p1b: Sneasler
|move|p1a: Garchomp|Scale Shot|p2a: Rillaboom
|-damage|p2a: Rillaboom|39/100
|-damage|p2a: Rillaboom|21/100
|-damage|p2a: Rillaboom|2/100
|-damage|p2a: Rillaboom|0 fnt
|faint|p2a: Rillaboom
|-hitcount|p2: Rillaboom|4
|-unboost|p1a: Garchomp|def|1
|-boost|p1a: Garchomp|spe|1
|move|p2b: Farigiraf|Dazzling Gleam|p1a: Garchomp
|-supereffective|p1a: Garchomp
|-damage|p1a: Garchomp|0 fnt
|faint|p1a: Garchomp
|
|-heal|p2b: Farigiraf|88/100|[from] Grassy Terrain
|upkeep
|
|t:|1756509758
|switch|p1b: Incineroar|Incineroar, L50, F|100/100
|switch|p1a: Ursaluna|Ursaluna-Bloodmoon, L50, M|100/100
|switch|p2a: Incineroar|Incineroar, L50, F|88/100
|-ability|p1b: Incineroar|Intimidate|boost
|-unboost|p2a: Incineroar|atk|1
|-unboost|p2b: Farigiraf|atk|1
|-ability|p2a: Incineroar|Intimidate|boost
|-unboost|p1a: Ursaluna|atk|1
|-unboost|p1b: Incineroar|atk|1
|turn|7
|
|t:|1756509778
|move|p2a: Incineroar|Fake Out|p1a: Ursaluna
|-damage|p1a: Ursaluna|95/100
|move|p2b: Farigiraf|Calm Mind|p2b: Farigiraf
|-boost|p2b: Farigiraf|spa|1
|-boost|p2b: Farigiraf|spd|1
|move|p1b: Incineroar|Knock Off|p2a: Incineroar
|-resisted|p2a: Incineroar
|-damage|p2a: Incineroar|78/100
|-enditem|p2a: Incineroar|Safety Goggles|[from] move: Knock Off|[of] p1b: Incineroar
|cant|p1a: Ursaluna|flinch
|
|-heal|p2b: Farigiraf|95/100|[from] Grassy Terrain
|-heal|p2a: Incineroar|84/100|[from] Grassy Terrain
|-heal|p1a: Ursaluna|100/100|[from] Grassy Terrain
|upkeep
|turn|8
|
|t:|1756509794
|move|p2b: Farigiraf|Dazzling Gleam|p1b: Incineroar|[spread] p1a,p1b
|-crit|p1b: Incineroar
|-damage|p1a: Ursaluna|69/100
|-damage|p1b: Incineroar|47/100
|-enditem|p1b: Incineroar|Sitrus Berry|[eat]
|-heal|p1b: Incineroar|72/100|[from] item: Sitrus Berry
|move|p1b: Incineroar|Knock Off|p2b: Farigiraf
|-resisted|p2b: Farigiraf
|-damage|p2b: Farigiraf|88/100
|move|p2a: Incineroar|Flare Blitz|p1a: Ursaluna
|-damage|p1a: Ursaluna|47/100
|-damage|p2a: Incineroar|76/100|[from] Recoil
|move|p1a: Ursaluna|Blood Moon|p2b: Farigiraf
|-damage|p2b: Farigiraf|29/100
|
|-heal|p2b: Farigiraf|35/100|[from] Grassy Terrain
|-heal|p1b: Incineroar|78/100|[from] Grassy Terrain
|-heal|p2a: Incineroar|82/100|[from] Grassy Terrain
|-heal|p1a: Ursaluna|53/100|[from] Grassy Terrain
|-fieldend|move: Grassy Terrain
|upkeep
|turn|9
|
|t:|1756509814
|move|p2b: Farigiraf|Dazzling Gleam|p1a: Ursaluna|[spread] p1a,p1b
|-damage|p1a: Ursaluna|21/100
|-damage|p1b: Incineroar|46/100
|move|p1b: Incineroar|Parting Shot|p2b: Farigiraf
|-unboost|p2b: Farigiraf|atk|1
|-unboost|p2b: Farigiraf|spa|1
|move|p2a: Incineroar|Flare Blitz|p1a: Ursaluna
|-damage|p1a: Ursaluna|0 fnt
|faint|p1a: Ursaluna
|-damage|p2a: Incineroar|75/100|[from] Recoil
|
|upkeep
|turn|10
|
|t:|1756509826
|move|p2b: Farigiraf|Wish|p2b: Farigiraf
|move|p1b: Incineroar|Flare Blitz|p2b: Farigiraf
|-damage|p2b: Farigiraf|11/100
|-damage|p1b: Incineroar|38/100|[from] Recoil
|move|p2a: Incineroar|Parting Shot|p1b: Incineroar
|-unboost|p1b: Incineroar|atk|1
|-unboost|p1b: Incineroar|spa|1
|
|t:|1756509828
|switch|p2a: Kommo-o|Kommo-o, L50, F|58/100|[from] Parting Shot
|
|-heal|p2a: Kommo-o|64/100|[from] item: Leftovers
|upkeep
|turn|11
|
|t:|1756509837
|move|p2a: Kommo-o|Body Press|p1b: Incineroar
|-supereffective|p1b: Incineroar
|-damage|p1b: Incineroar|0 fnt
|faint|p1b: Incineroar
|
|win|daelien
|raw|jxnh's rating: 1212 → 1192(-20 for losing)
|raw|daelien's rating: 1280 → 1300(+20 for winning)
