|j|☆xdi8723
|j|☆RustyChair15
|html|xdi8723RustyChair15    
|uhtml|bestof|Game 3 of a best-of-3
|t:|1785876568
|gametype|doubles
|player|p1|xdi8723|265|1055
|player|p2|RustyChair15|1|1235
|gen|9
|tier|[Gen 9 Champions] VGC 2026 Reg M-B (Bo3)
|rated|
|rule|Species Clause: Limit one of each Pokémon
|rule|Item Clause: Limit 1 of each item
|clearpoke
|poke|p1|Archaludon, L50, F|
|poke|p1|Pelipper, L50, F|
|poke|p1|Grimmsnarl, L50, M|
|poke|p1|Sinistcha, L50|
|poke|p1|Swampert, L50, F|
|poke|p1|Lycanroc-Dusk, L50, F|
|poke|p2|Whimsicott, L50, F|
|poke|p2|Glimmora, L50, M|
|poke|p2|Gholdengo, L50|
|poke|p2|Raichu, L50, F|
|poke|p2|Scovillain, L50, F|
|poke|p2|Pelipper, L50, F|
|teampreview|4
|showteam|p1|Archaludon||Leftovers|Stamina|ElectroShot,AuraSphere,FlashCannon,Protect|Modest||F|||50|]Pelipper||SitrusBerry|Drizzle|Tailwind,WeatherBall,Hurricane,WideGuard|Modest||F|||50|]Grimmsnarl||LightClay|Prankster|PartingShot,SpiritBreak,Reflect,LightScreen|Calm||M|||50|]Sinistcha||KasibBerry|Hospitality|MatchaGotcha,LifeDew,RagePowder,TrickRoom|Calm|||||50|]Swampert||Swampertite|Torrent|WaveCrash,Earthquake,IcePunch,Protect|Adamant||F|||50|]Lycanroc-Dusk||FocusSash|ToughClaws|Protect,RockSlide,Accelerock,CloseCombat|Jolly||F|||50|
|showteam|p2|Whimsicott||FairyFeather|Prankster|Moonblast,Tailwind,Encore,Protect|Modest||F|||50|]Glimmora||FocusSash|ToxicDebris|SludgeBomb,PowerGem,EarthPower,SpikyShield|Modest||M|||50|]Gholdengo||Leftovers|GoodasGold|MakeItRain,Hex,NastyPlot,Protect|Modest|||||50|]Raichu||RaichuniteY|LightningRod|ZapCannon,FocusBlast,FakeOut,Protect|Timid||F|||50|]Scovillain||Scovillainite|Moody|Flamethrower,LeechSeed,RagePowder,Protect|Calm||F|||50|]Pelipper||LifeOrb|Drizzle|WeatherBall,Hurricane,WideGuard,Protect|Modest||F|||50|
|inactive|Battle timer is ON: inactive players will automatically lose when time's up. (requested by RustyChair15)
|inactive|xdi8723 has 60 seconds left.
|
|t:|1785876642
|teamsize|p1|4
|teamsize|p2|4
|start
|switch|p1a: Pelipper|Pelipper, L50, F|100/100
|switch|p1b: Swampert|Swampert, L50, F|100/100
|switch|p2a: Glimmora|Glimmora, L50, M|100/100
|switch|p2b: Scovillain|Scovillain, L50, F|100/100
|-weather|RainDance|[from] ability: Drizzle|[of] p1a: Pelipper
|turn|1
|
|t:|1785876665
|switch|p1a: Grimmsnarl|Grimmsnarl, L50, M|100/100
|detailschange|p1b: Swampert|Swampert-Mega, L50, F
|-mega|p1b: Swampert|Swampert|Swampertite
|move|p2b: Scovillain|Protect|p2b: Scovillain
|-singleturn|p2b: Scovillain|Protect
|move|p1b: Swampert|Earthquake|p2a: Glimmora|[spread] p1a,p2a
|-activate|p2b: Scovillain|move: Protect
|-supereffective|p2a: Glimmora|2
|-damage|p1a: Grimmsnarl|52/100
|-enditem|p2a: Glimmora|Focus Sash
|-damage|p2a: Glimmora|1/100
|-activate|p2a: Glimmora|ability: Toxic Debris
|-sidestart|p1: xdi8723|move: Toxic Spikes
|move|p2a: Glimmora|Power Gem|p1a: Grimmsnarl
|-damage|p1a: Grimmsnarl|7/100
|
|-weather|RainDance|[upkeep]
|-ability|p2b: Scovillain|Moody|boost
|-boost|p2b: Scovillain|spd|2
|-unboost|p2b: Scovillain|spa|1
|upkeep
|turn|2
|inactive|xdi8723 has 30 seconds left.
|inactive|RustyChair15 has 30 seconds left.
|inactive|xdi8723 has 20 seconds left.
|inactive|xdi8723 has 15 seconds left.
|
|t:|1785876708
|switch|p2a: Pelipper|Pelipper, L50, F|100/100
|detailschange|p2b: Scovillain|Scovillain-Mega, L50, F
|-mega|p2b: Scovillain|Scovillain|Scovillainite
|move|p1a: Grimmsnarl|Light Screen|p1a: Grimmsnarl
|-sidestart|p1: xdi8723|move: Light Screen
|move|p1b: Swampert|Ice Punch|p2b: Scovillain
|-damage|p2b: Scovillain|66/100
|-status|p1b: Swampert|brn|[from] ability: Spicy Spray|[of] p2b: Scovillain
|move|p2b: Scovillain|Leech Seed|p1b: Swampert
|-start|p1b: Swampert|move: Leech Seed
|
|-weather|RainDance|[upkeep]
|-damage|p1b: Swampert|87/100 brn|[from] Leech Seed|[of] p2b: Scovillain
|-heal|p2b: Scovillain|80/100|[silent]
|-damage|p1b: Swampert|81/100 brn|[from] brn
|upkeep
|turn|3
|inactive|xdi8723 has 30 seconds left.
|inactive|RustyChair15 has 30 seconds left.
|inactive|RustyChair15 has 20 seconds left.
|inactive|RustyChair15 has 15 seconds left.
|
|t:|1785876749
|move|p1a: Grimmsnarl|Parting Shot|p2b: Scovillain
|-unboost|p2b: Scovillain|atk|1
|-unboost|p2b: Scovillain|spa|1
|
|t:|1785876753
|switch|p1a: Pelipper|Pelipper, L50, F|100/100|[from] Parting Shot
|move|p1b: Swampert|Earthquake|p2b: Scovillain|[spread] p2b
|-immune|p1a: Pelipper
|-immune|p2a: Pelipper
|-damage|p2b: Scovillain|57/100
|move|p2a: Pelipper|Weather Ball|p1b: Swampert
|-damage|p1b: Swampert|33/100 brn
|-damage|p2a: Pelipper|90/100|[from] item: Life Orb
|move|p2b: Scovillain|Leech Seed|p1a: Pelipper|[miss]
|-miss|p2b: Scovillain|p1a: Pelipper
|
|-weather|RainDance|[upkeep]
|-damage|p1b: Swampert|21/100 brn|[from] Leech Seed|[of] p2b: Scovillain
|-heal|p2b: Scovillain|71/100|[silent]
|-damage|p1b: Swampert|14/100 brn|[from] brn
|upkeep
|turn|4
|inactive|xdi8723 has 30 seconds left.
|
|t:|1785876784
|move|p2b: Scovillain|Protect|p2b: Scovillain
|-singleturn|p2b: Scovillain|Protect
|move|p1b: Swampert|Wave Crash|p2b: Scovillain
|-activate|p2b: Scovillain|move: Protect
|move|p2a: Pelipper|Hurricane|p1a: Pelipper
|-damage|p1a: Pelipper|43/100
|-start|p1a: Pelipper|confusion
|-enditem|p1a: Pelipper|Sitrus Berry|[eat]
|-heal|p1a: Pelipper|68/100|[from] item: Sitrus Berry
|-damage|p2a: Pelipper|81/100|[from] item: Life Orb
|-activate|p1a: Pelipper|confusion
|-damage|p1a: Pelipper|62/100|[from] confusion
|
|-weather|RainDance|[upkeep]
|-damage|p1b: Swampert|2/100 brn|[from] Leech Seed|[of] p2b: Scovillain
|-heal|p2b: Scovillain|85/100|[silent]
|-damage|p1b: Swampert|0 fnt|[from] brn
|faint|p1b: Swampert
|upkeep
|
|t:|1785876805
|switch|p1b: Archaludon|Archaludon, L50, F|100/100
|turn|5
|
|t:|1785876815
|switch|p1a: Grimmsnarl|Grimmsnarl, L50, M|7/100
|-status|p1a: Grimmsnarl|psn
|move|p2a: Pelipper|Protect|p2a: Pelipper
|-singleturn|p2a: Pelipper|Protect
|move|p1b: Archaludon|Electro Shot||[still]
|-prepare|p1b: Archaludon|Electro Shot
|-boost|p1b: Archaludon|spa|1
|-anim|p1b: Archaludon|Electro Shot|p2b: Scovillain
|-resisted|p2b: Scovillain|1
|-damage|p2b: Scovillain|69/100
|-status|p1b: Archaludon|brn|[from] ability: Spicy Spray|[of] p2b: Scovillain
|move|p2b: Scovillain|Leech Seed|p1b: Archaludon
|-start|p1b: Archaludon|move: Leech Seed
|
|-weather|none
|-damage|p1b: Archaludon|87/100 brn|[from] Leech Seed|[of] p2b: Scovillain
|-heal|p2b: Scovillain|83/100|[silent]
|-damage|p1a: Grimmsnarl|0 fnt|[from] psn
|faint|p1a: Grimmsnarl
|-damage|p1b: Archaludon|81/100 brn|[from] brn
|upkeep
|
|t:|1785876833
|switch|p1a: Pelipper|Pelipper, L50, F|62/100
|-weather|RainDance|[from] ability: Drizzle|[of] p1a: Pelipper
|turn|6
|
|t:|1785876851
|move|p2b: Scovillain|Rage Powder|p2b: Scovillain
|-singleturn|p2b: Scovillain|move: Rage Powder
|move|p1b: Archaludon|Electro Shot||[still]
|-prepare|p1b: Archaludon|Electro Shot
|-boost|p1b: Archaludon|spa|1
|-anim|p1b: Archaludon|Electro Shot|p2b: Scovillain
|-resisted|p2b: Scovillain|1
|-damage|p2b: Scovillain|64/100
|move|p2a: Pelipper|Weather Ball|p1b: Archaludon
|-resisted|p1b: Archaludon|1
|-damage|p1b: Archaludon|46/100 brn
|-ability|p1b: Archaludon|Stamina|boost
|-boost|p1b: Archaludon|def|1
|-damage|p2a: Pelipper|71/100|[from] item: Life Orb
|move|p1a: Pelipper|Hurricane|p2b: Scovillain
|-supereffective|p2b: Scovillain|1
|-damage|p2b: Scovillain|21/100
|-start|p2b: Scovillain|confusion
|-status|p1a: Pelipper|brn|[from] ability: Spicy Spray|[of] p2b: Scovillain
|
|-weather|RainDance|[upkeep]
|-heal|p1b: Archaludon|52/100 brn|[from] item: Leftovers
|-damage|p1b: Archaludon|40/100 brn|[from] Leech Seed|[of] p2b: Scovillain
|-heal|p2b: Scovillain|35/100|[silent]
|-damage|p1b: Archaludon|33/100 brn|[from] brn
|-damage|p1a: Pelipper|56/100 brn|[from] brn
|upkeep
|turn|7
|inactive|xdi8723 has 30 seconds left.
|
|t:|1785876879
|move|p2a: Pelipper|Protect|p2a: Pelipper
|-singleturn|p2a: Pelipper|Protect
|-activate|p2b: Scovillain|confusion
|move|p2b: Scovillain|Protect|p2b: Scovillain
|-singleturn|p2b: Scovillain|Protect
|move|p1b: Archaludon|Electro Shot||[still]
|-prepare|p1b: Archaludon|Electro Shot
|-boost|p1b: Archaludon|spa|1
|-anim|p1b: Archaludon|Electro Shot|p2a: Pelipper
|-activate|p2a: Pelipper|move: Protect
|move|p1a: Pelipper|Hurricane|p2b: Scovillain
|-activate|p2b: Scovillain|move: Protect
|
|-weather|RainDance|[upkeep]
|-heal|p1b: Archaludon|40/100 brn|[from] item: Leftovers
|-damage|p1b: Archaludon|27/100 brn|[from] Leech Seed|[of] p2b: Scovillain
|-heal|p2b: Scovillain|49/100|[silent]
|-damage|p1b: Archaludon|21/100 brn|[from] brn
|-damage|p1a: Pelipper|50/100g brn|[from] brn
|upkeep
|turn|8
|
|t:|1785876904
|-activate|p2b: Scovillain|confusion
|move|p2b: Scovillain|Rage Powder|p2b: Scovillain
|-singleturn|p2b: Scovillain|move: Rage Powder
|move|p1b: Archaludon|Electro Shot||[still]
|-prepare|p1b: Archaludon|Electro Shot
|-boost|p1b: Archaludon|spa|1
|-anim|p1b: Archaludon|Electro Shot|p2b: Scovillain
|-resisted|p2b: Scovillain|1
|-damage|p2b: Scovillain|17/100
|move|p2a: Pelipper|Weather Ball|p1b: Archaludon
|-resisted|p1b: Archaludon|1
|-damage|p1b: Archaludon|0 fnt
|faint|p1b: Archaludon
|-damage|p2a: Pelipper|62/100|[from] item: Life Orb
|move|p1a: Pelipper|Hurricane|p2b: Scovillain
|-supereffective|p2b: Scovillain|1
|-damage|p2b: Scovillain|0 fnt
|faint|p2b: Scovillain
|
|-weather|RainDance|[upkeep]
|-damage|p1a: Pelipper|44/100 brn|[from] brn
|upkeep
|
|t:|1785876921
|switch|p2b: Whimsicott|Whimsicott, L50, F|100/100
|turn|9
|-message|xdi8723 forfeited.
|raw|xdi8723's rating: 1055 → 1045(-10 for losing)
|raw|RustyChair15's rating: 1235 → 1248(+13 for winning)
|
|win|RustyChair15
|l|☆RustyChair15
|player|p2|
