|j|Ōśålarpnoahc17
|j|Ōśåblumattone
|html|larpnoahc17blumattone    
|uhtml|bestof|Game 2 of a best-of-3
|t:|1785022876
|gametype|doubles
|player|p1|larpnoahc17|miku-flying|
|player|p2|blumattone|n-masters|
|gen|9
|tier|[Gen 9 Champions] VGC 2026 Reg M-B (Bo3)
|rule|Species Clause: Limit one of each Pok├®mon
|rule|Item Clause: Limit 1 of each item
|clearpoke
|poke|p1|Glimmora, L50, F, shiny|
|poke|p1|Ninetales-Alola, L50, F, shiny|
|poke|p1|Talonflame, L50, M, shiny|
|poke|p1|Basculegion, L50, M, shiny|
|poke|p1|Kommo-o, L50, F, shiny|
|poke|p1|Kingambit, L50, M, shiny|
|poke|p2|Golurk, L50, shiny|
|poke|p2|Abomasnow, L50, M, shiny|
|poke|p2|Mamoswine, L50, F|
|poke|p2|Eelektross, L50, F|
|poke|p2|Basculegion, L50, M|
|poke|p2|Audino, L50, M, shiny|
|teampreview|4
|showteam|p1|Glimmora||Glimmoranite|ToxicDebris|PowerGem,SludgeBomb,EarthPower,SpikyShield|Modest||F|||50|]Ninetales-Alola||NeverMeltIce|SnowWarning|Blizzard,FreezeDry,Encore,Protect|Timid||F|||50|]Talonflame||SharpBeak|GaleWings|DualWingbeat,FlareBlitz,Tailwind,Protect|Jolly||M|||50|]Basculegion||ChoiceScarf|Adaptability|WaveCrash,AquaJet,FlipTurn,LastRespects|Jolly||M|||50|]Kommo-o||LifeOrb|Soundproof|ClangingScales,DracoMeteor,AuraSphere,Protect|Modest||F|||50|]Kingambit||FocusSash|Defiant|SuckerPunch,KowtowCleave,IronHead,LowKick|Adamant||M|||50|
|showteam|p2|Golurk||Golurkite|NoGuard|Protect,Earthquake,Poltergeist,HeadlongRush|Adamant|||||50|]Abomasnow||Abomasite|SnowWarning|FrostBreath,Blizzard,EnergyBall,AuroraVeil|Quiet||M|||50|]Mamoswine||BrightPowder|SnowCloak|IceShard,HighHorsepower,IcicleCrash,Protect|Brave||F|||50|]Eelektross||Magnet|Levitate|DragonPulse,VoltSwitch,Discharge,Protect|Quiet||F|||50|]Basculegion||ChoiceScarf|Adaptability|AquaJet,FlipTurn,WaveCrash,LastRespects|Adamant||M|||50|]Audino||ChopleBerry|Healer|TrickRoom,HealingWish,Protect,HelpingHand|Bold||M|||50|
|inactive|Battle timer is ON: inactive players will automatically lose when time's up. (requested by blumattone)
|c|Ōśåblumattone|so the weakness of this team is
|
|t:|1785022895
|teamsize|p1|4
|teamsize|p2|4
|start
|switch|p1a: Komm-OH-NOOO|Kommo-o, L50, F, shiny|100/100
|switch|p1b: Basculegend|Basculegion, L50, M, shiny|100/100
|switch|p2a: Baskuna|Basculegion, L50, M|100/100
|switch|p2b: Augumi Fushidino|Audino, L50, M, shiny|100/100
|turn|1
|c|Ōśålarpnoahc17|ntr
|c|Ōśåblumattone|that it's a onetrick pony
|inactive|blumattone has 30 seconds left.
|
|t:|1785022921
|move|p1b: Basculegend|Wave Crash|p2b: Augumi Fushidino
|-damage|p2b: Augumi Fushidino|44/100
|-damage|p1b: Basculegend|80/100|[from] Recoil
|move|p2a: Baskuna|Flip Turn|p1b: Basculegend
|-resisted|p1b: Basculegend|1
|-damage|p1b: Basculegend|56/100
|c|Ōśålarpnoahc17|LMAO
|c|Ōśålarpnoahc17|yeah that's kinda cooked bro
|
|t:|1785022931
|switch|p2a: Agitross|Eelektross, L50, F|100/100|[from] Flip Turn
|move|p1a: Komm-OH-NOOO|Clanging Scales|p2b: Augumi Fushidino|[spread] p2a,p2b
|-damage|p2a: Agitross|47/100
|-damage|p2b: Augumi Fushidino|1/100
|-unboost|p1a: Komm-OH-NOOO|def|1
|-damage|p1a: Komm-OH-NOOO|90/100|[from] item: Life Orb
|move|p2b: Augumi Fushidino|Trick Room|p2b: Augumi Fushidino
|-fieldstart|move: Trick Room|[of] p2b: Augumi Fushidino
|
|upkeep
|turn|2
|c|Ōśåblumattone|MY GOAT
|c|Ōśålarpnoahc17|I'm going to crash out
|c|Ōśålarpnoahc17|why do you live
|
|t:|1785022949
|move|p2b: Augumi Fushidino|Helping Hand|p2a: Agitross
|-singleturn|p2a: Agitross|Helping Hand|[of] p2b: Augumi Fushidino
|move|p2a: Agitross|Discharge|p1a: Komm-OH-NOOO|[spread] p2b,p1a,p1b
|-resisted|p1a: Komm-OH-NOOO|1
|-supereffective|p1b: Basculegend|1
|-damage|p2b: Augumi Fushidino|0 fnt
|-damage|p1a: Komm-OH-NOOO|62/100
|-damage|p1b: Basculegend|0 fnt
|faint|p2b: Augumi Fushidino
|faint|p1b: Basculegend
|move|p1a: Komm-OH-NOOO|Clanging Scales|p2a: Agitross
|-damage|p2a: Agitross|0 fnt
|faint|p2a: Agitross
|-unboost|p1a: Komm-OH-NOOO|def|1
|-damage|p1a: Komm-OH-NOOO|52/100|[from] item: Life Orb
|
|upkeep
|
|t:|1785022962
|switch|p2a: Goluraga|Golurk, L50, shiny|100/100
|switch|p2b: Baskuna|Basculegion, L50, M|100/100
|switch|p1b: Cringegambit|Kingambit, L50, M, shiny|100/100
|turn|3
|
|t:|1785022980
|detailschange|p2a: Goluraga|Golurk-Mega, L50, shiny
|-mega|p2a: Goluraga|Golurk|Golurkite
|move|p1a: Komm-OH-NOOO|Protect|p1a: Komm-OH-NOOO
|-singleturn|p1a: Komm-OH-NOOO|Protect
|move|p1b: Cringegambit|Sucker Punch|p2b: Baskuna
|-supereffective|p2b: Baskuna|1
|-damage|p2b: Baskuna|1/100
|move|p2b: Baskuna|Aqua Jet|p1a: Komm-OH-NOOO
|-activate|p1a: Komm-OH-NOOO|move: Protect
|move|p2a: Goluraga|Headlong Rush|p1b: Cringegambit
|-supereffective|p1b: Cringegambit|1
|-enditem|p1b: Cringegambit|Focus Sash
|-damage|p1b: Cringegambit|1/100
|-unboost|p2a: Goluraga|def|1
|-unboost|p2a: Goluraga|spd|1
|
|upkeep
|turn|4
|c|Ōśåblumattone|im cooked anyway
|inactive|larpnoahc17 has 30 seconds left.
|
|t:|1785023007
|switch|p1a: Nuke.|Glimmora, L50, F, shiny|100/100
|move|p1b: Cringegambit|Sucker Punch|p2b: Baskuna
|-supereffective|p2b: Baskuna|1
|-damage|p2b: Baskuna|0 fnt
|faint|p2b: Baskuna
|move|p2a: Goluraga|Earthquake|p1b: Cringegambit|[spread] p1a,p1b
|-supereffective|p1a: Nuke.|2
|-supereffective|p1b: Cringegambit|1
|-damage|p1a: Nuke.|0 fnt
|-damage|p1b: Cringegambit|0 fnt
|-activate|p1a: Nuke.|ability: Toxic Debris
|-sidestart|p2: blumattone|move: Toxic Spikes
|faint|p1a: Nuke.
|faint|p1b: Cringegambit
|
|upkeep
|
|t:|1785023014
|switch|p1b: Komm-OH-NOOO|Kommo-o, L50, F, shiny|52/100
|turn|5
|c|Ōśålarpnoahc17|I think you win
|c|Ōśålarpnoahc17|LOL
|
|t:|1785023030
|move|p1b: Komm-OH-NOOO|Protect|p1b: Komm-OH-NOOO
|-singleturn|p1b: Komm-OH-NOOO|Protect
|move|p2a: Goluraga|Earthquake|p1b: Komm-OH-NOOO
|-activate|p1b: Komm-OH-NOOO|move: Protect
|
|-fieldend|move: Trick Room
|upkeep
|turn|6
|c|Ōśålarpnoahc17|I don't kill
|
|t:|1785023036
|move|p1b: Komm-OH-NOOO|Draco Meteor|p2a: Goluraga
|-damage|p2a: Goluraga|0 fnt
|-unboost|p1b: Komm-OH-NOOO|spa|2
|faint|p2a: Goluraga
|-damage|p1b: Komm-OH-NOOO|43/100|[from] item: Life Orb
|
|win|larpnoahc17
|c|Ōśåblumattone|PLEASE tank this my goat
|c|Ōśålarpnoahc17|nevermind
|c|Ōśåblumattone|god
||larpnoahc17 is ready for game 3.
|c|Ōśåblumattone|damn it
||blumattone is ready for game 3.
|uhtml|next|Next: Game 3 of 3
