|j|☆strolin stu
|j|☆IngeVGC
|html|strolin stuIngeVGC    
|uhtml|bestof|Game 2 of a best-of-3
|t:|1784051001
|gametype|doubles
|player|p1|strolin stu|psychicf-gen4|1204
|player|p2|IngeVGC|fisherman-gen4|1180
|gen|9
|tier|[Gen 9 Champions] VGC 2026 Reg M-B (Bo3)
|rated|
|rule|Species Clause: Limit one of each Pokémon
|rule|Item Clause: Limit 1 of each item
|clearpoke
|poke|p1|Scovillain, L50, F|
|poke|p1|Gholdengo, L50|
|poke|p1|Kommo-o, L50, M|
|poke|p1|Lycanroc-Dusk, L50, F|
|poke|p1|Ninetales-Alola, L50, M|
|poke|p1|Kangaskhan, L50, F|
|poke|p2|Aerodactyl, L50, M|
|poke|p2|Kingambit, L50, M, shiny|
|poke|p2|Farigiraf, L50, F, shiny|
|poke|p2|Charizard, L50, F, shiny|
|poke|p2|Sylveon, L50, F, shiny|
|poke|p2|Garchomp, L50, F, shiny|
|teampreview|4
|showteam|p1|Scovillain||Scovillainite|Moody|LeechSeed,RagePowder,Protect,Overheat|Bold||F|||50|]Gholdengo||LifeOrb|GoodasGold|NastyPlot,MakeItRain,Protect,ShadowBall|Modest|||||50|]Kommo-o||SitrusBerry|Soundproof|ClangorousSoul,AuraSphere,ClangingScales,Protect|Modest||M|||50|]Lycanroc-Dusk||FocusSash|ToughClaws|Accelerock,CloseCombat,RockSlide,Protect|Jolly||F|||50|]Ninetales-Alola||NeverMeltIce|SnowWarning|FreezeDry,Blizzard,AuroraVeil,HelpingHand|Timid||M|||50|]Kangaskhan||Kangaskhanite|Scrappy|FakeOut,SuckerPunch,DoubleEdge,DrainPunch|Adamant||F|||50|
|showteam|p2|Aerodactyl||Aerodactylite|Unnerve|IceFang,DualWingbeat,RockSlide,Tailwind|Jolly||M|||50|]Kingambit||FocusSash|Defiant|KowtowCleave,IronHead,SuckerPunch,LowKick|Adamant||M|||50|]Farigiraf||SitrusBerry|ArmorTail|TrickRoom,Psychic,Thunderbolt,Roar|Bold||F|||50|]Charizard||CharizarditeY|SolarPower|HeatWave,WeatherBall,SolarBeam,Protect|Modest||F|||50|]Sylveon||FairyFeather|Pixilate|Detect,HyperVoice,HyperBeam,QuickAttack|Modest||F|||50|]Garchomp||LifeOrb|RoughSkin|Protect,DragonClaw,Earthquake,StompingTantrum|Jolly||F|||50|
|inactive|Battle timer is ON: inactive players will automatically lose when time's up. (requested by IngeVGC)
|inactive|IngeVGC has 60 seconds left.
|
|t:|1784051091
|teamsize|p1|4
|teamsize|p2|4
|start
|switch|p1a: Kommo-o|Kommo-o, L50, M|100/100
|switch|p1b: Scovillain|Scovillain, L50, F|100/100
|switch|p2a: Charizard|Charizard, L50, F, shiny|100/100
|switch|p2b: Farigiraf|Farigiraf, L50, F, shiny|100/100
|turn|1
|inactive|strolin stu has 30 seconds left.
|
|t:|1784051121
|detailschange|p2a: Charizard|Charizard-Mega-Y, L50, F, shiny
|-mega|p2a: Charizard|Charizard|Charizardite Y
|-weather|SunnyDay|[from] ability: Drought|[of] p2a: Charizard
|detailschange|p1b: Scovillain|Scovillain-Mega, L50, F
|-mega|p1b: Scovillain|Scovillain|Scovillainite
|move|p1a: Kommo-o|Clangorous Soul|p1a: Kommo-o
|-boost|p1a: Kommo-o|atk|1
|-boost|p1a: Kommo-o|def|1
|-boost|p1a: Kommo-o|spa|1
|-boost|p1a: Kommo-o|spd|1
|-boost|p1a: Kommo-o|spe|1
|-damage|p1a: Kommo-o|67/100
|move|p2a: Charizard|Heat Wave|p1a: Kommo-o|[spread] p1b
|-miss|p2a: Charizard|p1a: Kommo-o
|-damage|p1b: Scovillain|36/100
|-immune|p2a: Charizard
|move|p1b: Scovillain|Overheat|p2b: Farigiraf
|-damage|p2b: Farigiraf|15/100
|-unboost|p1b: Scovillain|spa|2
|-enditem|p2b: Farigiraf|Sitrus Berry|[eat]
|-heal|p2b: Farigiraf|40/100|[from] item: Sitrus Berry
|move|p2b: Farigiraf|Trick Room|p2b: Farigiraf
|-fieldstart|move: Trick Room|[of] p2b: Farigiraf
|
|-weather|SunnyDay|[upkeep]
|upkeep
|turn|2
|inactive|strolin stu has 30 seconds left.
|
|t:|1784051148
|move|p1b: Scovillain|Rage Powder|p1b: Scovillain
|-singleturn|p1b: Scovillain|move: Rage Powder
|move|p2b: Farigiraf|Psychic|p1b: Scovillain
|-damage|p1b: Scovillain|1/100
|-status|p2b: Farigiraf|brn|[from] ability: Spicy Spray|[of] p1b: Scovillain
|move|p2a: Charizard|Weather Ball|p1b: Scovillain
|-damage|p1b: Scovillain|0 fnt
|-immune|p2a: Charizard
|faint|p1b: Scovillain
|move|p1a: Kommo-o|Clanging Scales|p2b: Farigiraf|[spread] p2a,p2b
|-crit|p2b: Farigiraf
|-damage|p2a: Charizard|56/100
|-damage|p2b: Farigiraf|0 fnt
|faint|p2b: Farigiraf
|-unboost|p1a: Kommo-o|def|1
|
|-weather|SunnyDay|[upkeep]
|upkeep
|
|t:|1784051171
|switch|p2b: Sylveon|Sylveon, L50, F, shiny|100/100
|switch|p1b: Lycanroc|Lycanroc-Dusk, L50, F|100/100
|turn|3
|
|t:|1784051195
|switch|p2a: Kingambit|Kingambit, L50, M, shiny|100/100
|move|p1b: Lycanroc|Protect|p1b: Lycanroc
|-singleturn|p1b: Lycanroc|Protect
|move|p2b: Sylveon|Hyper Voice|p1a: Kommo-o|[spread] 
|-activate|p1b: Lycanroc|move: Protect
|-immune|p1a: Kommo-o|[from] ability: Soundproof
|move|p1a: Kommo-o|Clanging Scales|p2a: Kingambit|[spread] p2a
|-immune|p2b: Sylveon
|-resisted|p2a: Kingambit|1
|-damage|p2a: Kingambit|70/100
|-unboost|p1a: Kommo-o|def|1
|
|-weather|SunnyDay|[upkeep]
|upkeep
|turn|4
|
|t:|1784051215
|move|p2b: Sylveon|Hyper Voice|p1b: Lycanroc|[spread] p1b
|-immune|p1a: Kommo-o|[from] ability: Soundproof
|-damage|p1b: Lycanroc|16/100
|move|p2a: Kingambit|Kowtow Cleave|p1b: Lycanroc
|-damage|p1b: Lycanroc|0 fnt
|faint|p1b: Lycanroc
|move|p1a: Kommo-o|Aura Sphere|p2a: Kingambit
|-supereffective|p2a: Kingambit|2
|-damage|p2a: Kingambit|0 fnt
|faint|p2a: Kingambit
|
|-weather|SunnyDay|[upkeep]
|upkeep
|
|t:|1784051227
|switch|p2a: Charizard|Charizard-Mega-Y, L50, F, shiny|56/100
|switch|p1b: Ninetales|Ninetales-Alola, L50, M|100/100
|-weather|Snowscape|[from] ability: Snow Warning|[of] p1b: Ninetales
|turn|5
|
|t:|1784051241
|move|p1a: Kommo-o|Protect|p1a: Kommo-o
|-singleturn|p1a: Kommo-o|Protect
|move|p2b: Sylveon|Hyper Voice|p1b: Ninetales|[spread] p1b
|-activate|p1a: Kommo-o|move: Protect
|-damage|p1b: Ninetales|43/100
|move|p2a: Charizard|Heat Wave|p1a: Kommo-o|[spread] p1b
|-activate|p1a: Kommo-o|move: Protect
|-supereffective|p1b: Ninetales|1
|-damage|p1b: Ninetales|0 fnt
|faint|p1b: Ninetales
|
|-weather|Snowscape|[upkeep]
|-fieldend|move: Trick Room
|upkeep
|turn|6
|
|t:|1784051253
|move|p1a: Kommo-o|Clanging Scales|p2a: Charizard|[spread] p2a
|-immune|p2b: Sylveon
|-damage|p2a: Charizard|14/100
|-unboost|p1a: Kommo-o|def|1
|move|p2a: Charizard|Weather Ball|p1a: Kommo-o
|-supereffective|p1a: Kommo-o|1
|-damage|p1a: Kommo-o|19/100
|-enditem|p1a: Kommo-o|Sitrus Berry|[eat]
|-heal|p1a: Kommo-o|44/100|[from] item: Sitrus Berry
|move|p2b: Sylveon|Hyper Beam|p1a: Kommo-o
|-supereffective|p1a: Kommo-o|2
|-damage|p1a: Kommo-o|0 fnt
|-mustrecharge|p2b: Sylveon
|faint|p1a: Kommo-o
|
|win|IngeVGC
|raw|strolin stu's rating: 1204 → 1177(-27 for losing)
|raw|IngeVGC's rating: 1180 → 1207(+27 for winning)
|c|☆strolin stu|gg
|l|☆strolin stu
|player|p1|
|c|☆IngeVGC|gg
