|j|☆natsukivgc
|j|☆fido domo
|html|natsukivgcfido domo    
|uhtml|bestof|Game 2 of a best-of-3
|t:|1786045466
|gametype|doubles
|player|p1|natsukivgc|101|1242
|player|p2|fido domo|169|1155
|gen|9
|tier|[Gen 9 Champions] VGC 2026 Reg M-B (Bo3)
|rated|
|rule|Species Clause: Limit one of each Pokémon
|rule|Item Clause: Limit 1 of each item
|clearpoke
|poke|p1|Garchomp, L50, F|
|poke|p1|Venusaur, L50, M|
|poke|p1|Incineroar, L50, F|
|poke|p1|Charizard, L50, F|
|poke|p1|Toxapex, L50, M|
|poke|p1|Annihilape, L50, F|
|poke|p2|Charizard, L50, M|
|poke|p2|Incineroar, L50, M|
|poke|p2|Garchomp, L50, F|
|poke|p2|Sylveon, L50, M|
|poke|p2|Kingambit, L50, F|
|poke|p2|Toxapex, L50, M|
|teampreview|4
|showteam|p1|Garchomp||ChoiceScarf|RoughSkin|Earthquake,DragonClaw,StompingTantrum,RockSlide|Adamant||F|||50|]Venusaur||LifeOrb|Chlorophyll|SolarBeam,SludgeBomb,EarthPower,Protect|Modest||M|||50|]Incineroar||SitrusBerry|Intimidate|FlareBlitz,ThroatChop,FakeOut,PartingShot|Impish||F|||50|]Charizard||CharizarditeY|Blaze|HeatWave,WeatherBall,Protect,HelpingHand|Modest||F|||50|]Toxapex||Leftovers|Regenerator|Infestation,Toxic,WideGuard,BanefulBunker|Bold||M|||50|]Annihilape||FocusSash|Defiant|CloseCombat,PhantomForce,RockTomb,Protect|Jolly||F|||50|
|showteam|p2|Charizard||CharizarditeY|Blaze|HeatWave,WeatherBall,SolarBeam,Protect|Modest||M|||50|]Incineroar||SitrusBerry|Intimidate|FakeOut,DarkestLariat,FlareBlitz,PartingShot|Impish||M|||50|]Garchomp||LifeOrb|RoughSkin|DragonClaw,Earthquake,RockSlide,Protect|Jolly||F|||50|]Sylveon||FairyFeather|Pixilate|Detect,HyperVoice,HyperBeam,QuickAttack|Modest||M|||50|]Kingambit||FocusSash|Defiant|SuckerPunch,Protect,KowtowCleave,LowKick|Adamant||F|||50|]Toxapex||Leftovers|Regenerator|WideGuard,Infestation,Toxic,BanefulBunker|Bold||M|||50|
|
|t:|1786045548
|teamsize|p1|4
|teamsize|p2|4
|start
|switch|p1a: Charizard|Charizard, L50, F|100/100
|switch|p1b: Venusaur|Venusaur, L50, M|100/100
|switch|p2a: Charizard|Charizard, L50, M|100/100
|switch|p2b: Garchomp|Garchomp, L50, F|100/100
|turn|1
|
|t:|1786045562
|detailschange|p2a: Charizard|Charizard-Mega-Y, L50, M
|-mega|p2a: Charizard|Charizard|Charizardite Y
|-weather|SunnyDay|[from] ability: Drought|[of] p2a: Charizard
|detailschange|p1a: Charizard|Charizard-Mega-Y, L50, F
|-mega|p1a: Charizard|Charizard|Charizardite Y
|move|p1a: Charizard|Helping Hand|p1b: Venusaur
|-singleturn|p1b: Venusaur|Helping Hand|[of] p1a: Charizard
|move|p1b: Venusaur|Solar Beam||[still]
|-prepare|p1b: Venusaur|Solar Beam
|-anim|p1b: Venusaur|Solar Beam|p2b: Garchomp
|-damage|p2b: Garchomp|0 fnt
|faint|p2b: Garchomp
|-damage|p1b: Venusaur|90/100|[from] item: Life Orb
|move|p2a: Charizard|Weather Ball|p1b: Venusaur
|-supereffective|p1b: Venusaur|1
|-damage|p1b: Venusaur|0 fnt
|faint|p1b: Venusaur
|
|-weather|SunnyDay|[upkeep]
|upkeep
|
|t:|1786045585
|switch|p2b: Toxapex|Toxapex, L50, M|100/100
|switch|p1b: Toxapex|Toxapex, L50, M|100/100
|turn|2
|
|t:|1786045601
|move|p2a: Charizard|Protect|p2a: Charizard
|-singleturn|p2a: Charizard|Protect
|move|p1a: Charizard|Weather Ball|p2a: Charizard
|-activate|p2a: Charizard|move: Protect
|move|p1b: Toxapex|Infestation|p2a: Charizard
|-activate|p2a: Charizard|move: Protect
|move|p2b: Toxapex|Toxic|p1a: Charizard
|-status|p1a: Charizard|tox
|
|-weather|SunnyDay|[upkeep]
|-damage|p1a: Charizard|93/100 tox|[from] psn
|upkeep
|turn|3
|
|t:|1786045635
|switch|p2a: Sylveon|Sylveon, L50, M|100/100
|switch|p1a: Garchomp|Garchomp, L50, F|100/100
|move|p2b: Toxapex|Infestation|p1a: Garchomp
|-damage|p1a: Garchomp|96/100
|-activate|p1a: Garchomp|move: Infestation|[of] p2b: Toxapex
|-damage|p2b: Toxapex|87/100|[from] ability: Rough Skin|[of] p1a: Garchomp
|move|p1b: Toxapex|Infestation|p2a: Sylveon
|-resisted|p2a: Sylveon|1
|-damage|p2a: Sylveon|98/100
|-activate|p2a: Sylveon|move: Infestation|[of] p1b: Toxapex
|
|-weather|SunnyDay|[upkeep]
|-heal|p2b: Toxapex|93/100|[from] item: Leftovers
|-damage|p1a: Garchomp|84/100|[from] move: Infestation|[partiallytrapped]
|-damage|p2a: Sylveon|86/100|[from] move: Infestation|[partiallytrapped]
|upkeep
|turn|4
|
|t:|1786045661
|move|p2a: Sylveon|Detect|p2a: Sylveon
|-singleturn|p2a: Sylveon|Protect
|move|p2b: Toxapex|Baneful Bunker|p2b: Toxapex
|-singleturn|p2b: Toxapex|move: Protect
|move|p1b: Toxapex|Wide Guard|p1b: Toxapex
|-singleturn|p1b: Toxapex|Wide Guard
|move|p1a: Garchomp|Earthquake|p2a: Sylveon|[spread] 
|-activate|p1b: Toxapex|move: Wide Guard
|-activate|p2a: Sylveon|move: Protect
|-activate|p2b: Toxapex|move: Protect
|
|-weather|SunnyDay|[upkeep]
|-heal|p2b: Toxapex|99/100|[from] item: Leftovers
|-damage|p1a: Garchomp|72/100|[from] move: Infestation|[partiallytrapped]
|-damage|p2a: Sylveon|74/100|[from] move: Infestation|[partiallytrapped]
|upkeep
|turn|5
|
|t:|1786045685
|move|p2b: Toxapex|Wide Guard|p2b: Toxapex
|-singleturn|p2b: Toxapex|Wide Guard
|move|p1b: Toxapex|Wide Guard|p1b: Toxapex
|-singleturn|p1b: Toxapex|Wide Guard
|move|p1a: Garchomp|Earthquake|p2b: Toxapex|[spread] 
|-activate|p1b: Toxapex|move: Wide Guard
|-activate|p2a: Sylveon|move: Wide Guard
|-activate|p2b: Toxapex|move: Wide Guard
|move|p2a: Sylveon|Hyper Beam|p1a: Garchomp
|-supereffective|p1a: Garchomp|1
|-damage|p1a: Garchomp|0 fnt
|-mustrecharge|p2a: Sylveon
|faint|p1a: Garchomp
|
|-weather|none
|-heal|p2b: Toxapex|100/100|[from] item: Leftovers
|-damage|p2a: Sylveon|62/100|[from] move: Infestation|[partiallytrapped]
|upkeep
|-message|natsukivgc forfeited.
|
|win|fido domo
|raw|natsukivgc's rating: 1242 → 1211(-31 for losing)
|raw|fido domo's rating: 1155 → 1186(+31 for winning)
