|j|☆SunshineTufo
|j|☆kememe
|html|SunshineTufokememe    
|uhtml|bestof|Game 1 of a best-of-3
|t:|1784236762
|gametype|doubles
|player|p1|SunshineTufo|li|1204
|player|p2|kememe|2|1129
|gen|9
|tier|[Gen 9 Champions] VGC 2026 Reg M-B (Bo3)
|rated|
|rule|Species Clause: Limit one of each Pokémon
|rule|Item Clause: Limit 1 of each item
|clearpoke
|poke|p1|Toxapex, L50, M, shiny|
|poke|p1|Froslass, L50, F, shiny|
|poke|p1|Incineroar, L50, M, shiny|
|poke|p1|Floette-Eternal, L50, F|
|poke|p1|Sinistcha, L50|
|poke|p1|Quaquaval, L50, M|
|poke|p2|Charizard, L50, M|
|poke|p2|Rotom-Wash, L50|
|poke|p2|Garchomp, L50, M|
|poke|p2|Aerodactyl, L50, F|
|poke|p2|Floette-Eternal, L50, F|
|poke|p2|Sneasler, L50, F|
|teampreview|4
|showteam|p1|Toxapex||Leftovers|Regenerator|Infestation,Toxic,WideGuard,Protect|Impish||M|||50|]Froslass||Froslassite|SnowCloak|Blizzard,ShadowBall,AuroraVeil,Protect|Modest||F|||50|]Incineroar||SitrusBerry|Intimidate|FlareBlitz,ThroatChop,PartingShot,FakeOut|Impish||M|||50|]Floette-Eternal||Floettite|FlowerVeil|Moonblast,DrainingKiss,CalmMind,Protect|Modest||F|||50|]Sinistcha||OccaBerry|Hospitality|MatchaGotcha,RagePowder,TrickRoom,LifeDew|Bold|||||50|]Quaquaval||FocusSash|Moxie|AquaStep,CloseCombat,TripleAxel,Protect|Jolly||M|||50|
|showteam|p2|Charizard||CharizarditeY|SolarPower|SolarBeam,Protect,WeatherBall,HeatWave|Modest||M|||50|]Rotom-Wash||ChoiceScarf|Levitate|HydroPump,VoltSwitch,Thunderbolt,Electroweb|Modest|||||50|]Garchomp||LifeOrb|RoughSkin|Earthquake,Protect,RockSlide,DragonClaw|Adamant||M|||50|]Aerodactyl||FocusSash|Unnerve|RockSlide,Protect,DualWingbeat,Tailwind|Adamant||F|||50|]Floette-Eternal||Floettite|FlowerVeil|DazzlingGleam,Protect,Moonblast,LightofRuin|Modest||F|||50|]Sneasler||WhiteHerb|Unburden|FakeOut,CloseCombat,DireClaw,Protect|Adamant||F|||50|
|inactive|Battle timer is ON: inactive players will automatically lose when time's up. (requested by SunshineTufo)
|
|t:|1784236777
|teamsize|p1|4
|teamsize|p2|4
|start
|switch|p1a: Toxapex|Toxapex, L50, M, shiny|100/100
|switch|p1b: Froslass|Froslass, L50, F, shiny|100/100
|switch|p2a: Aerodactyl|Aerodactyl, L50, F|100/100
|switch|p2b: Garchomp|Garchomp, L50, M|100/100
|-ability|p2a: Aerodactyl|Unnerve
|turn|1
|
|t:|1784236786
|detailschange|p1b: Froslass|Froslass-Mega, L50, F, shiny
|-mega|p1b: Froslass|Froslass|Froslassite
|-weather|Snowscape|[from] ability: Snow Warning|[of] p1b: Froslass
|move|p2b: Garchomp|Protect|p2b: Garchomp
|-singleturn|p2b: Garchomp|Protect
|move|p1a: Toxapex|Wide Guard|p1a: Toxapex
|-singleturn|p1a: Toxapex|Wide Guard
|move|p2a: Aerodactyl|Tailwind|p2a: Aerodactyl
|-sidestart|p2: kememe|move: Tailwind
|move|p1b: Froslass|Aurora Veil|p1b: Froslass
|-sidestart|p1: SunshineTufo|move: Aurora Veil
|
|-weather|Snowscape|[upkeep]
|upkeep
|turn|2
|inactive|kememe has 30 seconds left.
|
|t:|1784236811
|switch|p1b: Incineroar|Incineroar, L50, M, shiny|100/100
|-ability|p1b: Incineroar|Intimidate|boost
|-unboost|p2a: Aerodactyl|atk|1
|-unboost|p2b: Garchomp|atk|1
|move|p2a: Aerodactyl|Dual Wingbeat|p1b: Incineroar
|-damage|p1b: Incineroar|92/100
|-damage|p1b: Incineroar|86/100
|-hitcount|p1b: Incineroar|2
|move|p2b: Garchomp|Dragon Claw|p1b: Incineroar
|-damage|p1b: Incineroar|65/100
|-damage|p2b: Garchomp|90/100|[from] item: Life Orb
|move|p1a: Toxapex|Toxic|p2b: Garchomp
|-status|p2b: Garchomp|tox
|
|-weather|Snowscape|[upkeep]
|-damage|p2b: Garchomp|84/100 tox|[from] psn
|upkeep
|turn|3
|
|t:|1784236820
|switch|p2b: Rotom|Rotom-Wash, L50|100/100
|move|p2a: Aerodactyl|Rock Slide|p1a: Toxapex|[spread] p1a,p1b
|-supereffective|p1b: Incineroar|1
|-damage|p1a: Toxapex|91/100
|-damage|p1b: Incineroar|47/100
|move|p1b: Incineroar|Parting Shot|p2b: Rotom
|-unboost|p2b: Rotom|atk|1
|-unboost|p2b: Rotom|spa|1
|
|t:|1784236827
|switch|p1b: Sinistcha|Sinistcha, L50|100/100|[from] Parting Shot
|-heal|p1a: Toxapex|100/100|[from] ability: Hospitality|[of] p1b: Sinistcha
|move|p1a: Toxapex|Infestation|p2a: Aerodactyl
|-resisted|p2a: Aerodactyl|1
|-crit|p2a: Aerodactyl
|-damage|p2a: Aerodactyl|96/100
|-activate|p2a: Aerodactyl|move: Infestation|[of] p1a: Toxapex
|
|-weather|Snowscape|[upkeep]
|-damage|p2a: Aerodactyl|83/100|[from] move: Infestation|[partiallytrapped]
|upkeep
|turn|4
|
|t:|1784236845
|move|p2b: Rotom|Volt Switch|p1a: Toxapex
|-supereffective|p1a: Toxapex|1
|-damage|p1a: Toxapex|74/100
|
|t:|1784236850
|switch|p2b: Charizard|Charizard, L50, M|100/100|[from] Volt Switch
|move|p2a: Aerodactyl|Dual Wingbeat|p1b: Sinistcha
|-supereffective|p1b: Sinistcha|1
|-damage|p1b: Sinistcha|84/100
|-supereffective|p1b: Sinistcha|1
|-damage|p1b: Sinistcha|70/100
|-hitcount|p1b: Sinistcha|2
|move|p1b: Sinistcha|Life Dew|p1b: Sinistcha|[spread] p1a,p1b
|-heal|p1a: Toxapex|99/100
|-heal|p1b: Sinistcha|95/100
|move|p1a: Toxapex|Toxic|p2a: Aerodactyl
|-status|p2a: Aerodactyl|tox
|
|-weather|Snowscape|[upkeep]
|-heal|p1a: Toxapex|100/100|[from] item: Leftovers
|-damage|p2a: Aerodactyl|78/100 tox|[from] psn
|-damage|p2a: Aerodactyl|65/100 tox|[from] move: Infestation|[partiallytrapped]
|-sideend|p2: kememe|move: Tailwind
|upkeep
|turn|5
|
|t:|1784236874
|switch|p1b: Incineroar|Incineroar, L50, M, shiny|47/100
|-ability|p1b: Incineroar|Intimidate|boost
|-unboost|p2a: Aerodactyl|atk|1
|-unboost|p2b: Charizard|atk|1
|detailschange|p2b: Charizard|Charizard-Mega-Y, L50, M
|-mega|p2b: Charizard|Charizard|Charizardite Y
|-weather|SunnyDay|[from] ability: Drought|[of] p2b: Charizard
|move|p2a: Aerodactyl|Protect|p2a: Aerodactyl
|-singleturn|p2a: Aerodactyl|Protect
|move|p2b: Charizard|Solar Beam||[still]
|-prepare|p2b: Charizard|Solar Beam
|-anim|p2b: Charizard|Solar Beam|p1b: Incineroar
|-resisted|p1b: Incineroar|1
|-damage|p1b: Incineroar|32/100
|move|p1a: Toxapex|Toxic|p2b: Charizard
|-status|p2b: Charizard|tox
|
|-weather|SunnyDay|[upkeep]
|-damage|p2a: Aerodactyl|54/100 tox|[from] psn
|-damage|p2b: Charizard|94/100 tox|[from] psn
|-damage|p2a: Aerodactyl|41/100 tox|[from] move: Infestation|[partiallytrapped]
|-sideend|p1: SunshineTufo|move: Aurora Veil
|upkeep
|turn|6
|
|t:|1784236890
|switch|p2b: Garchomp|Garchomp, L50, M|84/100 tox
|move|p1b: Incineroar|Fake Out|p2b: Garchomp
|-damage|p2b: Garchomp|73/100 tox
|-damage|p1b: Incineroar|19/100|[from] ability: Rough Skin|[of] p2b: Garchomp
|move|p2a: Aerodactyl|Rock Slide|p1a: Toxapex|[spread] p1a,p1b
|-supereffective|p1b: Incineroar|1
|-damage|p1a: Toxapex|91/100
|-damage|p1b: Incineroar|0 fnt
|faint|p1b: Incineroar
|move|p1a: Toxapex|Infestation|p2b: Garchomp
|-damage|p2b: Garchomp|70/100 tox
|-activate|p2b: Garchomp|move: Infestation|[of] p1a: Toxapex
|-damage|p1a: Toxapex|79/100|[from] ability: Rough Skin|[of] p2b: Garchomp
|
|-weather|SunnyDay|[upkeep]
|-heal|p1a: Toxapex|85/100|[from] item: Leftovers
|-damage|p2a: Aerodactyl|24/100 tox|[from] psn
|-damage|p2b: Garchomp|64/100 tox|[from] psn
|-damage|p2a: Aerodactyl|12/100 tox|[from] move: Infestation|[partiallytrapped]
|-damage|p2b: Garchomp|52/100 tox|[from] move: Infestation|[partiallytrapped]
|upkeep
|
|t:|1784236893
|switch|p1b: Froslass|Froslass-Mega, L50, F, shiny|100/100
|-weather|Snowscape|[from] ability: Snow Warning|[of] p1b: Froslass
|turn|7
|
|t:|1784236916
|switch|p1b: Sinistcha|Sinistcha, L50|95/100
|-heal|p1a: Toxapex|100/100|[from] ability: Hospitality|[of] p1b: Sinistcha
|move|p1a: Toxapex|Wide Guard|p1a: Toxapex
|-singleturn|p1a: Toxapex|Wide Guard
|move|p2a: Aerodactyl|Tailwind|p2a: Aerodactyl
|-sidestart|p2: kememe|move: Tailwind
|move|p2b: Garchomp|Dragon Claw|p1b: Sinistcha
|-damage|p1b: Sinistcha|49/100
|-damage|p2b: Garchomp|42/100 tox|[from] item: Life Orb
|
|-weather|Snowscape|[upkeep]
|-damage|p2a: Aerodactyl|0 fnt|[from] psn
|faint|p2a: Aerodactyl
|-damage|p2b: Garchomp|30/100 tox|[from] psn
|-damage|p2b: Garchomp|18/100 tox|[from] move: Infestation|[partiallytrapped]
|upkeep
|
|t:|1784236934
|switch|p2a: Charizard|Charizard-Mega-Y, L50, M|94/100 tox
|-weather|SunnyDay|[from] ability: Drought|[of] p2a: Charizard
|turn|8
|
|t:|1784236949
|switch|p1b: Froslass|Froslass-Mega, L50, F, shiny|100/100
|-weather|Snowscape|[from] ability: Snow Warning|[of] p1b: Froslass
|move|p2b: Garchomp|Earthquake|p1b: Froslass|[spread] p1a,p1b
|-immune|p2a: Charizard
|-supereffective|p1a: Toxapex|1
|-damage|p1a: Toxapex|30/100
|-damage|p1b: Froslass|42/100
|-damage|p2b: Garchomp|8/100 tox|[from] item: Life Orb
|move|p2a: Charizard|Weather Ball|p1b: Froslass
|-resisted|p1b: Froslass|1
|-damage|p1b: Froslass|17/100
|move|p1a: Toxapex|Infestation|p2a: Charizard
|-resisted|p2a: Charizard|2
|-damage|p2a: Charizard|93/100 tox
|-activate|p2a: Charizard|move: Infestation|[of] p1a: Toxapex
|
|-weather|Snowscape|[upkeep]
|-heal|p1a: Toxapex|36/100|[from] item: Leftovers
|-damage|p2b: Garchomp|0 fnt|[from] psn
|faint|p2b: Garchomp
|-damage|p2a: Charizard|87/100 tox|[from] psn
|-damage|p2a: Charizard|75/100 tox|[from] move: Infestation|[partiallytrapped]
|upkeep
|
|t:|1784236959
|switch|p2b: Rotom|Rotom-Wash, L50|100/100
|turn|9
|
|t:|1784236970
|switch|p1b: Sinistcha|Sinistcha, L50|49/100
|-heal|p1a: Toxapex|61/100|[from] ability: Hospitality|[of] p1b: Sinistcha
|move|p1a: Toxapex|Protect|p1a: Toxapex
|-singleturn|p1a: Toxapex|Protect
|move|p2b: Rotom|Thunderbolt|p1b: Sinistcha
|-resisted|p1b: Sinistcha|1
|-damage|p1b: Sinistcha|29/100
|move|p2a: Charizard|Heat Wave|p1a: Toxapex|[spread] p1b
|-activate|p1a: Toxapex|move: Protect
|-supereffective|p1b: Sinistcha|1
|-enditem|p1b: Sinistcha|Occa Berry|[eat]
|-enditem|p1b: Sinistcha|Occa Berry|[weaken]
|-damage|p1b: Sinistcha|0 fnt
|faint|p1b: Sinistcha
|
|-weather|Snowscape|[upkeep]
|-heal|p1a: Toxapex|66/100|[from] item: Leftovers
|-damage|p2a: Charizard|63/100 tox|[from] psn
|-damage|p2a: Charizard|50/100g tox|[from] move: Infestation|[partiallytrapped]
|upkeep
|
|t:|1784236973
|switch|p1b: Froslass|Froslass-Mega, L50, F, shiny|17/100
|turn|10
|
|t:|1784236988
|move|p1b: Froslass|Protect|p1b: Froslass
|-singleturn|p1b: Froslass|Protect
|move|p1a: Toxapex|Protect|p1a: Toxapex
|-singleturn|p1a: Toxapex|Protect
|move|p2b: Rotom|Thunderbolt|p1a: Toxapex
|-activate|p1a: Toxapex|move: Protect
|move|p2a: Charizard|Heat Wave|p1a: Toxapex|[spread] 
|-activate|p1a: Toxapex|move: Protect
|-activate|p1b: Froslass|move: Protect
|
|-weather|Snowscape|[upkeep]
|-heal|p1a: Toxapex|72/100|[from] item: Leftovers
|-damage|p2a: Charizard|33/100 tox|[from] psn
|-damage|p2a: Charizard|20/100y tox|[from] move: Infestation|[partiallytrapped]
|-sideend|p2: kememe|move: Tailwind
|upkeep
|turn|11
|
|t:|1784237004
|move|p2b: Rotom|Thunderbolt|p1b: Froslass
|-damage|p1b: Froslass|0 fnt
|faint|p1b: Froslass
|move|p2a: Charizard|Weather Ball|p1a: Toxapex
|-resisted|p1a: Toxapex|1
|-damage|p1a: Toxapex|57/100
|move|p1a: Toxapex|Toxic|p2b: Rotom
|-status|p2b: Rotom|tox
|
|-weather|Snowscape|[upkeep]
|-heal|p1a: Toxapex|63/100|[from] item: Leftovers
|-damage|p2b: Rotom|94/100 tox|[from] psn
|-damage|p2a: Charizard|0 fnt|[from] psn
|faint|p2a: Charizard
|upkeep
|turn|12
|
|t:|1784237014
|move|p1a: Toxapex|Protect|p1a: Toxapex
|-singleturn|p1a: Toxapex|Protect
|move|p2b: Rotom|Thunderbolt|p1a: Toxapex
|-activate|p1a: Toxapex|move: Protect
|
|-weather|none
|-heal|p1a: Toxapex|68/100|[from] item: Leftovers
|-damage|p2b: Rotom|83/100 tox|[from] psn
|upkeep
|turn|13
|
|t:|1784237019
|move|p2b: Rotom|Thunderbolt|p1a: Toxapex
|-supereffective|p1a: Toxapex|1
|-damage|p1a: Toxapex|2/100
|move|p1a: Toxapex|Infestation|p2b: Rotom
|-damage|p2b: Rotom|79/100 tox
|-activate|p2b: Rotom|move: Infestation|[of] p1a: Toxapex
|
|-heal|p1a: Toxapex|8/100|[from] item: Leftovers
|-damage|p2b: Rotom|62/100 tox|[from] psn
|-damage|p2b: Rotom|50/100g tox|[from] move: Infestation|[partiallytrapped]
|upkeep
|turn|14
|
|t:|1784237023
|move|p1a: Toxapex|Protect|p1a: Toxapex
|-singleturn|p1a: Toxapex|Protect
|move|p2b: Rotom|Thunderbolt|p1a: Toxapex
|-activate|p1a: Toxapex|move: Protect
|
|-heal|p1a: Toxapex|14/100|[from] item: Leftovers
|-damage|p2b: Rotom|28/100 tox|[from] psn
|-damage|p2b: Rotom|16/100 tox|[from] move: Infestation|[partiallytrapped]
|upkeep
|turn|15
|
|t:|1784237026
|move|p1a: Toxapex|Protect||[still]
|-fail|p1a: Toxapex
|move|p2b: Rotom|Thunderbolt|p1a: Toxapex
|-supereffective|p1a: Toxapex|1
|-damage|p1a: Toxapex|0 fnt
|faint|p1a: Toxapex
|
|win|kememe
