|j|☆mr sucks at games
|j|☆mrsuaaaaj
|html|mr sucks at gamesmrsuaaaaj    
|uhtml|bestof|Game 1 of a best-of-3
|t:|1782550587
|gametype|doubles
|player|p1|mr sucks at games|169|1051
|player|p2|mrsuaaaaj|1|1000
|gen|9
|tier|[Gen 9 Champions] VGC 2026 Reg M-B (Bo3)
|rated|
|rule|Species Clause: Limit one of each Pokémon
|rule|Item Clause: Limit 1 of each item
|clearpoke
|poke|p1|Gholdengo, L50|
|poke|p1|Alcremie-Matcha-Cream, L50, F|
|poke|p1|Tyranitar, L50, M|
|poke|p1|Tsareena, L50, F|
|poke|p1|Garchomp, L50, M|
|poke|p1|Aerodactyl, L50, M|
|poke|p2|Charizard, L50, F|
|poke|p2|Incineroar, L50, M|
|poke|p2|Farigiraf, L50, M|
|poke|p2|Sylveon, L50, F|
|poke|p2|Aerodactyl, L50, F|
|poke|p2|Venusaur, L50, M|
|teampreview|4
|showteam|p1|Gholdengo||LifeOrb|GoodasGold|NastyPlot,MakeItRain,ShadowBall,Protect|Modest|||||50|]Alcremie-Matcha-Cream||LumBerry|SweetVeil|Psychic,DazzlingGleam,Decorate,Protect|Bold||F|||50|]Tyranitar||ChopleBerry|SandStream|RockSlide,LowKick,KnockOff,Protect|Adamant||M|||50|]Tsareena||ExpertBelt|QueenlyMajesty|TropKick,LowKick,TripleAxel,Protect|Adamant||F|||50|]Garchomp||BrightPowder|SandVeil|RockSlide,Earthquake,DragonClaw,Protect|Jolly||M|||50|]Aerodactyl||FocusSash|Unnerve|Protect,RockSlide,Tailwind,DualWingbeat|Jolly||M|||50|
|showteam|p2|Charizard||CharizarditeY|Blaze|Protect,HeatWave,SolarBeam,WeatherBall|Timid||F|||50|]Incineroar||PasshoBerry|Intimidate|FakeOut,FlareBlitz,DarkestLariat,PartingShot|Careful||M|||50|]Farigiraf||SitrusBerry|ArmorTail|Psychic,Thunderbolt,Roar,TrickRoom|Bold||M|||50|]Sylveon||FairyFeather|Pixilate|Detect,HyperVoice,HyperBeam,QuickAttack|Modest||F|||50|]Aerodactyl||FocusSash|Unnerve|Protect,RockSlide,IceFang,Tailwind|Jolly||F|||50|]Venusaur||LifeOrb|Chlorophyll|Protect,GigaDrain,SludgeBomb,EarthPower|Modest||M|||50|
|inactive|Battle timer is ON: inactive players will automatically lose when time's up. (requested by mr sucks at games)
|
|t:|1782550647
|teamsize|p1|4
|teamsize|p2|4
|start
|switch|p1a: Garchomp|Garchomp, L50, M|100/100
|switch|p1b: Aerodactyl|Aerodactyl, L50, M|100/100
|switch|p2a: Farigiraf|Farigiraf, L50, M|100/100
|switch|p2b: Incineroar|Incineroar, L50, M|100/100
|-ability|p1b: Aerodactyl|Unnerve
|-ability|p2b: Incineroar|Intimidate|boost
|-unboost|p1a: Garchomp|atk|1
|-unboost|p1b: Aerodactyl|atk|1
|turn|1
|inactive|mr sucks at games has 30 seconds left.
|inactive|mr sucks at games has 20 seconds left.
|
|t:|1782550685
|switch|p1b: Tyranitar|Tyranitar, L50, M|100/100
|-weather|Sandstorm|[from] ability: Sand Stream|[of] p1b: Tyranitar
|switch|p1a: Tsareena|Tsareena, L50, F|100/100
|move|p2b: Incineroar|Fake Out||[still]
|cant|p1a: Tsareena|ability: Queenly Majesty|Fake Out|[of] p2b: Incineroar
|move|p2a: Farigiraf|Trick Room|p2a: Farigiraf
|-fieldstart|move: Trick Room|[of] p2a: Farigiraf
|
|-weather|Sandstorm|[upkeep]
|-damage|p2a: Farigiraf|93/100|[from] Sandstorm
|-damage|p2b: Incineroar|94/100|[from] Sandstorm
|-damage|p1a: Tsareena|93/100|[from] Sandstorm
|upkeep
|turn|2
|inactive|mrsuaaaaj has 30 seconds left.
|inactive|mrsuaaaaj has 20 seconds left.
|
|t:|1782550724
|move|p1b: Tyranitar|Knock Off|p2a: Farigiraf
|-supereffective|p2a: Farigiraf|1
|-damage|p2a: Farigiraf|14/100
|-enditem|p2a: Farigiraf|Sitrus Berry|[from] move: Knock Off|[of] p1b: Tyranitar
|move|p2b: Incineroar|Flare Blitz|p1a: Tsareena
|-supereffective|p1a: Tsareena|1
|-damage|p1a: Tsareena|13/100
|-damage|p2b: Incineroar|70/100|[from] Recoil
|move|p1a: Tsareena|Low Kick|p2b: Incineroar
|-supereffective|p2b: Incineroar|1
|-damage|p2b: Incineroar|21/100
|move|p2a: Farigiraf|Roar|p2b: Incineroar
|drag|p2b: Sylveon|Sylveon, L50, F|100/100
|
|-weather|Sandstorm|[upkeep]
|-damage|p2a: Farigiraf|7/100|[from] Sandstorm
|-damage|p2b: Sylveon|93/100|[from] Sandstorm
|-damage|p1a: Tsareena|7/100|[from] Sandstorm
|upkeep
|turn|3
|inactive|mr sucks at games has 30 seconds left.
|inactive|mrsuaaaaj has 30 seconds left.
|inactive|mr sucks at games has 20 seconds left.
|inactive|mr sucks at games has 15 seconds left.
|
|t:|1782550767
|move|p1b: Tyranitar|Protect|p1b: Tyranitar
|-singleturn|p1b: Tyranitar|Protect
|move|p2a: Farigiraf|Thunderbolt|p1b: Tyranitar
|-activate|p1b: Tyranitar|move: Protect
|move|p2b: Sylveon|Hyper Voice|p1a: Tsareena|[spread] p1a
|-activate|p1b: Tyranitar|move: Protect
|-damage|p1a: Tsareena|0 fnt
|faint|p1a: Tsareena
|
|-weather|Sandstorm|[upkeep]
|-damage|p2a: Farigiraf|1/100|[from] Sandstorm
|-damage|p2b: Sylveon|87/100|[from] Sandstorm
|upkeep
|
|t:|1782550782
|switch|p1a: Garchomp|Garchomp, L50, M|100/100
|turn|4
|
|t:|1782550796
|switch|p2a: Incineroar|Incineroar, L50, M|21/100
|-ability|p2a: Incineroar|Intimidate|boost
|-unboost|p1a: Garchomp|atk|1
|-unboost|p1b: Tyranitar|atk|1
|switch|p1b: Aerodactyl|Aerodactyl, L50, M|100/100
|-ability|p1b: Aerodactyl|Unnerve
|move|p1a: Garchomp|Protect|p1a: Garchomp
|-singleturn|p1a: Garchomp|Protect
|move|p2b: Sylveon|Hyper Voice|p1a: Garchomp|[spread] p1b
|-activate|p1a: Garchomp|move: Protect
|-damage|p1b: Aerodactyl|57/100
|
|-weather|Sandstorm|[upkeep]
|-damage|p2b: Sylveon|81/100|[from] Sandstorm
|-damage|p2a: Incineroar|15/100|[from] Sandstorm
|upkeep
|turn|5
|inactive|mrsuaaaaj has 30 seconds left.
|
|t:|1782550823
|move|p2a: Incineroar|Fake Out|p1b: Aerodactyl
|-resisted|p1b: Aerodactyl|1
|-damage|p1b: Aerodactyl|49/100
|move|p2b: Sylveon|Hyper Voice|p1a: Garchomp|[spread] p1a,p1b
|-supereffective|p1a: Garchomp|1
|-damage|p1a: Garchomp|0 fnt
|-damage|p1b: Aerodactyl|3/100
|faint|p1a: Garchomp
|cant|p1b: Aerodactyl|flinch
|
|-weather|none
|-fieldend|move: Trick Room
|upkeep
|
|t:|1782550835
|switch|p1a: Tyranitar|Tyranitar, L50, M|100/100
|-weather|Sandstorm|[from] ability: Sand Stream|[of] p1a: Tyranitar
|turn|6
|inactive|mrsuaaaaj has 30 seconds left.
|
|t:|1782550862
|move|p1b: Aerodactyl|Rock Slide|p2b: Sylveon|[spread] p2a,p2b
|-supereffective|p2a: Incineroar|1
|-damage|p2a: Incineroar|0 fnt
|-damage|p2b: Sylveon|53/100
|faint|p2a: Incineroar
|cant|p2b: Sylveon|flinch
|move|p1a: Tyranitar|Rock Slide|p2b: Sylveon
|-damage|p2b: Sylveon|9/100
|
|-weather|Sandstorm|[upkeep]
|-damage|p2b: Sylveon|3/100|[from] Sandstorm
|upkeep
|
|t:|1782550881
|switch|p2a: Charizard|Charizard, L50, F|100/100
|turn|7
|inactive|mrsuaaaaj has 30 seconds left.
|
|t:|1782550908
|detailschange|p2a: Charizard|Charizard-Mega-Y, L50, F
|-mega|p2a: Charizard|Charizard|Charizardite Y
|-weather|SunnyDay|[from] ability: Drought|[of] p2a: Charizard
|move|p2b: Sylveon|Quick Attack|p1b: Aerodactyl
|-crit|p1b: Aerodactyl
|-damage|p1b: Aerodactyl|0 fnt
|faint|p1b: Aerodactyl
|move|p2a: Charizard|Solar Beam||[still]
|-prepare|p2a: Charizard|Solar Beam
|-anim|p2a: Charizard|Solar Beam|p1a: Tyranitar
|-supereffective|p1a: Tyranitar|1
|-damage|p1a: Tyranitar|17/100
|move|p1a: Tyranitar|Rock Slide|p2b: Sylveon|[spread] p2b
|-miss|p1a: Tyranitar|p2a: Charizard
|-damage|p2b: Sylveon|0 fnt
|faint|p2b: Sylveon
|
|-weather|SunnyDay|[upkeep]
|upkeep
|
|t:|1782550923
|switch|p2b: Farigiraf|Farigiraf, L50, M|1/100
|turn|8
|-message|mr sucks at games forfeited.
|
|win|mrsuaaaaj
|l|☆mr sucks at games
|player|p1|
||mr sucks at games is ready for game 2.
||mrsuaaaaj is ready for game 2.
|uhtml|next|Next: Game 2 of 3
