|j|☆The Yegorushhka
|j|☆endershovel
|html|The Yegorushhkaendershovel    
|uhtml|bestof|Game 2 of a best-of-3
|t:|1783530552
|gametype|doubles
|player|p1|The Yegorushhka|may-masters2|
|player|p2|endershovel|101|
|gen|9
|tier|[Gen 9 Champions] VGC 2026 Reg M-B (Bo3)
|rule|Species Clause: Limit one of each Pokémon
|rule|Item Clause: Limit 1 of each item
|clearpoke
|poke|p1|Tyranitar, L50, F|
|poke|p1|Floette-Eternal, L50, F|
|poke|p1|Sinistcha, L50|
|poke|p1|Sneasler, L50, M|
|poke|p1|Excadrill, L50, F|
|poke|p1|Gholdengo, L50|
|poke|p2|Starmie, L50, shiny|
|poke|p2|Sneasler, L50, M|
|poke|p2|Pelipper, L50, F|
|poke|p2|Archaludon, L50, M|
|poke|p2|Sinistcha-Masterpiece, L50|
|poke|p2|Kingambit, L50, F|
|teampreview|4
|showteam|p1|Tyranitar||Tyranitarite|SandStream|RockSlide,KnockOff,DragonDance,Protect|Jolly||F|||50|]Floette-Eternal||Floettite|FlowerVeil|DrainingKiss,DazzlingGleam,CalmMind,Protect|Modest||F|||50|]Sinistcha||SitrusBerry|Hospitality|MatchaGotcha,RagePowder,TrickRoom,Protect|Calm|||||50|]Sneasler||WhiteHerb|Unburden|FakeOut,CloseCombat,DireClaw,Protect|Adamant||M|||50|]Excadrill||FocusSash|SandRush|HighHorsepower,IronHead,RockTomb,Protect|Adamant||F|||50|]Gholdengo||LifeOrb|GoodasGold|ShadowBall,MakeItRain,NastyPlot,Protect|Modest|||||50|
|showteam|p2|Starmie||Starminite|NaturalCure|Liquidation,ZenHeadbutt,AquaJet,Protect|Jolly|||||50|]Sneasler||WhiteHerb|Unburden|CloseCombat,DireClaw,Coaching,FakeOut|Adamant||M|||50|]Pelipper||SitrusBerry|Drizzle|Hurricane,WeatherBall,Tailwind,Protect|Modest||F|||50|]Archaludon||Leftovers|Stamina|ElectroShot,FlashCannon,DragonPulse,Protect|Modest||M|||50|]Sinistcha-Masterpiece||ColburBerry|Hospitality|MatchaGotcha,RagePowder,TrickRoom,Protect|Calm|||||50|]Kingambit||BlackGlasses|Defiant|KowtowCleave,SuckerPunch,SwordsDance,Protect|Adamant||F|||50|
|inactive|Battle timer is ON: inactive players will automatically lose when time's up. (requested by The Yegorushhka)
|inactive|The Yegorushhka has 60 seconds left.
|inactive|endershovel has 60 seconds left.
|inactive|The Yegorushhka has 30 seconds left.
|
|t:|1783530626
|teamsize|p1|4
|teamsize|p2|4
|start
|switch|p1a: kuy-kurarin|Floette-Eternal, L50, F|100/100
|switch|p1b: medicine|Sinistcha, L50|100/100
|switch|p2a: Sneasler|Sneasler, L50, M|100/100
|switch|p2b: Starmie|Starmie, L50, shiny|100/100
|turn|1
|
|t:|1783530638
|detailschange|p2b: Starmie|Starmie-Mega, L50, shiny
|-mega|p2b: Starmie|Starmie|Starminite
|move|p1a: kuy-kurarin|Protect|p1a: kuy-kurarin
|-singleturn|p1a: kuy-kurarin|Protect
|move|p2a: Sneasler|Coaching|p2b: Starmie
|-boost|p2b: Starmie|atk|1
|-boost|p2b: Starmie|def|1
|move|p2b: Starmie|Zen Headbutt|p1a: kuy-kurarin
|-activate|p1a: kuy-kurarin|move: Protect
|move|p1b: medicine|Trick Room|p1b: medicine
|-fieldstart|move: Trick Room|[of] p1b: medicine
|
|upkeep
|turn|2
|
|t:|1783530647
|switch|p2a: Pelipper|Pelipper, L50, F|100/100
|-weather|RainDance|[from] ability: Drizzle|[of] p2a: Pelipper
|detailschange|p1a: kuy-kurarin|Floette-Mega, L50, F
|-mega|p1a: kuy-kurarin|Floette|Floettite
|-ability|p1a: kuy-kurarin|Fairy Aura
|move|p1b: medicine|Matcha Gotcha|p2b: Starmie|[spread] p2a,p2b
|-supereffective|p2b: Starmie|1
|-damage|p2a: Pelipper|65/100
|-damage|p2b: Starmie|44/100
|move|p1a: kuy-kurarin|Dazzling Gleam|p2a: Pelipper|[spread] p2a,p2b
|-damage|p2a: Pelipper|1/100
|-damage|p2b: Starmie|0 fnt
|-enditem|p2a: Pelipper|Sitrus Berry|[eat]
|-heal|p2a: Pelipper|25/100|[from] item: Sitrus Berry
|faint|p2b: Starmie
|
|-weather|RainDance|[upkeep]
|upkeep
|
|t:|1783530653
|switch|p2b: Sneasler|Sneasler, L50, M|100/100
|turn|3
|
|t:|1783530666
|move|p1b: medicine|Matcha Gotcha|p2a: Pelipper|[spread] p2a,p2b
|-resisted|p2b: Sneasler|1
|-damage|p2a: Pelipper|0 fnt
|-damage|p2b: Sneasler|84/100
|faint|p2a: Pelipper
|move|p1a: kuy-kurarin|Dazzling Gleam|p2b: Sneasler
|-damage|p2b: Sneasler|4/100
|move|p2b: Sneasler|Dire Claw|p1a: kuy-kurarin
|-supereffective|p1a: kuy-kurarin|1
|-damage|p1a: kuy-kurarin|11/100
|
|-weather|RainDance|[upkeep]
|upkeep
|
|t:|1783530669
|switch|p2a: Archaludon|Archaludon, L50, M|100/100
|turn|4
|
|t:|1783530674
|move|p1b: medicine|Rage Powder|p1b: medicine
|-singleturn|p1b: medicine|move: Rage Powder
|move|p2a: Archaludon|Electro Shot||[still]
|-prepare|p2a: Archaludon|Electro Shot
|-boost|p2a: Archaludon|spa|1
|-anim|p2a: Archaludon|Electro Shot|p1b: medicine
|-resisted|p1b: medicine|1
|-damage|p1b: medicine|69/100
|move|p1a: kuy-kurarin|Dazzling Gleam|p2b: Sneasler|[spread] p2a,p2b
|-damage|p2a: Archaludon|46/100
|-damage|p2b: Sneasler|0 fnt
|-ability|p2a: Archaludon|Stamina|boost
|-boost|p2a: Archaludon|def|1
|faint|p2b: Sneasler
|
|-weather|RainDance|[upkeep]
|-heal|p2a: Archaludon|52/100|[from] item: Leftovers
|upkeep
|turn|5
|
|t:|1783530682
|move|p1b: medicine|Rage Powder|p1b: medicine
|-singleturn|p1b: medicine|move: Rage Powder
|move|p2a: Archaludon|Electro Shot||[still]
|-prepare|p2a: Archaludon|Electro Shot
|-boost|p2a: Archaludon|spa|1
|-anim|p2a: Archaludon|Electro Shot|p1b: medicine
|-resisted|p1b: medicine|1
|-damage|p1b: medicine|32/100
|-enditem|p1b: medicine|Sitrus Berry|[eat]
|-heal|p1b: medicine|57/100|[from] item: Sitrus Berry
|move|p1a: kuy-kurarin|Dazzling Gleam|p2a: Archaludon
|-damage|p2a: Archaludon|0 fnt
|faint|p2a: Archaludon
|
|win|The Yegorushhka
|c|☆The Yegorushhka|gg
|l|☆endershovel
|player|p2|
