|j|☆almiavgc
|j|☆No.1 Bug Fan
|html|almiavgcNo.1 Bug Fan    
|uhtml|bestof|Game 2 of a best-of-3
|t:|1785433862
|gametype|doubles
|player|p1|almiavgc|hilbert|1191
|player|p2|No.1 Bug Fan|burgh-masters|1119
|gen|9
|tier|[Gen 9 Champions] VGC 2026 Reg M-B (Bo3)
|rated|
|rule|Species Clause: Limit one of each Pokémon
|rule|Item Clause: Limit 1 of each item
|clearpoke
|poke|p1|Tyranitar, L50, M|
|poke|p1|Excadrill, L50, M|
|poke|p1|Milotic, L50, F|
|poke|p1|Sinistcha, L50|
|poke|p1|Staraptor, L50, M|
|poke|p1|Gholdengo, L50|
|poke|p2|Floette-Eternal, L50, F|
|poke|p2|Whimsicott, L50, F|
|poke|p2|Basculegion, L50, M|
|poke|p2|Kingambit, L50, M|
|poke|p2|Arcanine-Hisui, L50, F|
|poke|p2|Dragonite, L50, F|
|teampreview|4
|showteam|p1|Tyranitar||Tyranitarite|SandStream|KnockOff,RockSlide,HighHorsepower,Protect|Jolly||M|||50|]Excadrill||FocusSash|SandRush|Earthquake,IronHead,RockSlide,Protect|Adamant||M|||50|]Milotic||SitrusBerry|Competitive|Scald,IcyWind,Haze,Protect|Calm||F|||50|]Sinistcha||ColburBerry|Hospitality|MatchaGotcha,ShadowBall,Protect,RagePowder|Bold|||||50|]Staraptor||Staraptite|Intimidate|CloseCombat,BraveBird,Tailwind,Protect|Jolly||M|||50|]Gholdengo||LifeOrb|GoodasGold|MakeItRain,ShadowBall,NastyPlot,Protect|Modest|||||50|
|showteam|p2|Floette-Eternal||Floettite|FlowerVeil|DazzlingGleam,Moonblast,LightofRuin,Protect|Modest||F|||50|]Whimsicott||FocusSash|Prankster|Moonblast,Tailwind,Encore,Protect|Timid||F|||50|]Basculegion||ChoiceScarf|Adaptability|WaveCrash,AquaJet,FlipTurn,LastRespects|Jolly||M|||50|]Kingambit||BlackGlasses|Defiant|KowtowCleave,SuckerPunch,IronHead,Protect|Adamant||M|||50|]Arcanine-Hisui||SitrusBerry|RockHead|FlareBlitz,RockSlide,HeadSmash,Protect|Jolly||F|||50|]Dragonite||DragonFang|InnerFocus|DragonClaw,ExtremeSpeed,LowKick,Protect|Adamant||F|||50|
|inactive|Battle timer is ON: inactive players will automatically lose when time's up. (requested by No.1 Bug Fan)
|inactive|No.1 Bug Fan has 60 seconds left.
|
|t:|1785433893
|teamsize|p1|4
|teamsize|p2|4
|start
|switch|p1a: Staraptor|Staraptor, L50, M|100/100
|switch|p1b: Gholdengo|Gholdengo, L50|100/100
|switch|p2a: Whimsicott|Whimsicott, L50, F|100/100
|switch|p2b: Kingambit|Kingambit, L50, M|100/100
|-ability|p1a: Staraptor|Intimidate|boost
|-unboost|p2a: Whimsicott|atk|1
|-unboost|p2b: Kingambit|atk|1
|-ability|p2b: Kingambit|Defiant|boost
|-boost|p2b: Kingambit|atk|2
|turn|1
|
|t:|1785433910
|move|p1a: Staraptor|Protect|p1a: Staraptor
|-singleturn|p1a: Staraptor|Protect
|move|p2b: Kingambit|Protect|p2b: Kingambit
|-singleturn|p2b: Kingambit|Protect
|move|p2a: Whimsicott|Moonblast|p1a: Staraptor
|-activate|p1a: Staraptor|move: Protect
|move|p1b: Gholdengo|Make It Rain|p2b: Kingambit|[spread] p2a
|-activate|p2b: Kingambit|move: Protect
|-supereffective|p2a: Whimsicott|1
|-enditem|p2a: Whimsicott|Focus Sash
|-damage|p2a: Whimsicott|1/100
|-unboost|p1b: Gholdengo|spa|2
|-damage|p1b: Gholdengo|90/100|[from] item: Life Orb
|
|upkeep
|turn|2
|inactive|almiavgc has 30 seconds left.
|
|t:|1785433936
|move|p1b: Gholdengo|Protect|p1b: Gholdengo
|-singleturn|p1b: Gholdengo|Protect
|move|p2b: Kingambit|Sucker Punch||[still]
|-fail|p2b: Kingambit
|move|p2a: Whimsicott|Moonblast|p1a: Staraptor
|-damage|p1a: Staraptor|51/100
|move|p1a: Staraptor|Tailwind|p1a: Staraptor
|-sidestart|p1: almiavgc|move: Tailwind
|
|upkeep
|turn|3
|
|t:|1785433958
|detailschange|p1a: Staraptor|Staraptor-Mega, L50, M
|-mega|p1a: Staraptor|Staraptor|Staraptite
|move|p2a: Whimsicott|Encore|p1a: Staraptor
|-start|p1a: Staraptor|Encore
|move|p2b: Kingambit|Sucker Punch|p1b: Gholdengo
|-supereffective|p1b: Gholdengo|1
|-damage|p1b: Gholdengo|0 fnt
|faint|p1b: Gholdengo
|move|p1a: Staraptor|Tailwind||[still]
|-fail|p1a: Staraptor
|
|upkeep
|
|t:|1785433966
|switch|p1b: Milotic|Milotic, L50, F|100/100
|turn|4
|
|t:|1785433975
|switch|p1a: Sinistcha|Sinistcha, L50|100/100
|move|p2a: Whimsicott|Tailwind|p2a: Whimsicott
|-sidestart|p2: No.1 Bug Fan|move: Tailwind
|move|p1b: Milotic|Scald|p2b: Kingambit
|-damage|p2b: Kingambit|71/100
|-status|p2b: Kingambit|brn
|move|p2b: Kingambit|Kowtow Cleave|p1b: Milotic
|-damage|p1b: Milotic|58/100
|
|-damage|p2b: Kingambit|64/100 brn|[from] brn
|upkeep
|turn|5
|
|t:|1785433997
|move|p2a: Whimsicott|Protect|p2a: Whimsicott
|-singleturn|p2a: Whimsicott|Protect
|move|p1a: Sinistcha|Protect|p1a: Sinistcha
|-singleturn|p1a: Sinistcha|Protect
|move|p1b: Milotic|Haze|p1b: Milotic
|-clearallboost
|move|p2b: Kingambit|Kowtow Cleave|p1a: Sinistcha
|-activate|p1a: Sinistcha|move: Protect
|
|-damage|p2b: Kingambit|58/100 brn|[from] brn
|-sideend|p1: almiavgc|move: Tailwind
|upkeep
|turn|6
|
|t:|1785434007
|switch|p2a: Floette|Floette-Eternal, L50, F|100/100
|move|p2b: Kingambit|Kowtow Cleave|p1a: Sinistcha
|-supereffective|p1a: Sinistcha|1
|-enditem|p1a: Sinistcha|Colbur Berry|[eat]
|-enditem|p1a: Sinistcha|Colbur Berry|[weaken]
|-damage|p1a: Sinistcha|77/100
|move|p1b: Milotic|Scald|p2b: Kingambit
|-damage|p2b: Kingambit|27/100 brn
|move|p1a: Sinistcha|Matcha Gotcha|p2a: Floette|[spread] p2a,p2b
|-resisted|p2b: Kingambit|1
|-damage|p2a: Floette|81/100
|-heal|p1a: Sinistcha|86/100|[from] drain|[of] p2a: Floette
|-damage|p2b: Kingambit|15/100 brn
|-heal|p1a: Sinistcha|93/100|[from] drain|[of] p2b: Kingambit
|-status|p2a: Floette|brn
|
|-damage|p2a: Floette|75/100 brn|[from] brn
|-damage|p2b: Kingambit|9/100 brn|[from] brn
|upkeep
|turn|7
|inactive|almiavgc has 30 seconds left.
|
|t:|1785434039
|detailschange|p2a: Floette|Floette-Mega, L50, F
|-mega|p2a: Floette|Floette|Floettite
|-ability|p2a: Floette|Fairy Aura
|move|p1a: Sinistcha|Rage Powder|p1a: Sinistcha
|-singleturn|p1a: Sinistcha|move: Rage Powder
|move|p2a: Floette|Moonblast|p1a: Sinistcha
|-damage|p1a: Sinistcha|8/100
|move|p2b: Kingambit|Kowtow Cleave|p1a: Sinistcha
|-supereffective|p1a: Sinistcha|1
|-damage|p1a: Sinistcha|0 fnt
|faint|p1a: Sinistcha
|move|p1b: Milotic|Icy Wind|p2a: Floette|[spread] p2a,p2b
|-resisted|p2b: Kingambit|1
|-damage|p2a: Floette|67/100 brn
|-damage|p2b: Kingambit|4/100 brn
|-unboost|p2a: Floette|spe|1
|-unboost|p2b: Kingambit|spe|1
|-ability|p2b: Kingambit|Defiant|boost
|-boost|p2b: Kingambit|atk|2
|
|-damage|p2a: Floette|61/100 brn|[from] brn
|-damage|p2b: Kingambit|0 fnt|[from] brn
|faint|p2b: Kingambit
|-sideend|p2: No.1 Bug Fan|move: Tailwind
|upkeep
|
|t:|1785434050
|switch|p1a: Staraptor|Staraptor-Mega, L50, M|51/100
|switch|p2b: Whimsicott|Whimsicott, L50, F|1/100
|turn|8
|
|t:|1785434059
|switch|p2a: Basculegion|Basculegion, L50, M|100/100
|move|p2b: Whimsicott|Protect|p2b: Whimsicott
|-singleturn|p2b: Whimsicott|Protect
|move|p1a: Staraptor|Brave Bird|p2a: Basculegion
|-damage|p2a: Basculegion|32/100
|-damage|p1a: Staraptor|28/100|[from] Recoil
|move|p1b: Milotic|Icy Wind|p2a: Basculegion|[spread] p2a
|-activate|p2b: Whimsicott|move: Protect
|-resisted|p2a: Basculegion|1
|-damage|p2a: Basculegion|27/100
|-unboost|p2a: Basculegion|spe|1
|
|upkeep
|turn|9
|
|t:|1785434078
|move|p1a: Staraptor|Protect|p1a: Staraptor
|-singleturn|p1a: Staraptor|Protect
|move|p2b: Whimsicott|Tailwind|p2b: Whimsicott
|-sidestart|p2: No.1 Bug Fan|move: Tailwind
|move|p2a: Basculegion|Last Respects|p1b: Milotic
|-damage|p1b: Milotic|0 fnt
|faint|p1b: Milotic
|
|upkeep
|turn|10
|-message|almiavgc forfeited.
|
|win|No.1 Bug Fan
|raw|almiavgc's rating: 1191 → 1161(-30 for losing)
|raw|No.1 Bug Fan's rating: 1119 → 1149(+30 for winning)
