|j|☆chefbenboyrd
|j|☆Fit of rage
|html|chefbenboyrdFit of rage    
|uhtml|bestof|Game 2 of a best-of-3
|t:|1756225922
|gametype|doubles
|player|p1|chefbenboyrd|roughneck|1119
|player|p2|Fit of rage|blackbelt-gen4dp|1166
|gen|9
|tier|[Gen 9] VGC 2025 Reg H (Bo3)
|rated|
|rule|Species Clause: Limit one of each Pokémon
|rule|Item Clause: Limit 1 of each item
|clearpoke
|poke|p1|Amoonguss, L50, M|
|poke|p1|Sneasler, L50, F|
|poke|p1|Gholdengo, L50|
|poke|p1|Incineroar, L50, M|
|poke|p1|Ursaluna-Bloodmoon, L50, M|
|poke|p1|Dragonite, L50, F|
|poke|p2|Greninja-*, L50, M|
|poke|p2|Pelipper, L50, F|
|poke|p2|Archaludon, L50, F|
|poke|p2|Maushold-Four, L50|
|poke|p2|Kingambit, L50, F|
|poke|p2|Annihilape, L50, F|
|teampreview|4
|showteam|p1|Amoonguss||SitrusBerry|Regenerator|RagePowder,Spore,PollenPuff,Protect|||M|||50|,,,,,Psychic]Sneasler||FocusSash|Unburden|Protect,DireClaw,CloseCombat,ThroatChop|||F|||50|,,,,,Stellar]Gholdengo||LifeOrb|GoodasGold|Protect,MakeItRain,ShadowBall,NastyPlot||||||50|,,,,,Water]Incineroar||SafetyGoggles|Intimidate|KnockOff,PartingShot,FlareBlitz,FakeOut|||M|||50|,,,,,Ghost]Ursaluna-Bloodmoon||AssaultVest|MindsEye|BloodMoon,EarthPower,VacuumWave,HyperVoice|||M|||50|,,,,,Water]Dragonite||LoadedDice|Multiscale|ScaleShot,Tailwind,Haze,Protect|||F|||50|,,,,,Fairy
|showteam|p2|Greninja||LoadedDice|Torrent|WaterShuriken,Taunt,Haze,Protect|||M|||50|,,,,,Ghost]Pelipper||FocusSash|Drizzle|Hurricane,WeatherBall,WideGuard,Protect|||F|||50|,,,,,Ghost]Archaludon||AssaultVest|Stamina|ElectroShot,FlashCannon,DragonPulse,BodyPress|||F|||50|,,,,,Bug]Maushold-Four||SafetyGoggles|FriendGuard|PopulationBomb,Taunt,FollowMe,Protect||||||50|,,,,,Fairy]Kingambit||BlackBelt|Defiant|KowtowCleave,SuckerPunch,SwordsDance,Protect|||F|||50|,,,,,Dark]Annihilape||ChoiceScarf|Defiant|FinalGambit,RageFist,CloseCombat,Coaching|||F|||50|,,,,,Grass
|inactive|Battle timer is ON: inactive players will automatically lose when time's up. (requested by Fit of rage)
|inactive|chefbenboyrd has 60 seconds left.
|inactive|Fit of rage has 60 seconds left.
|
|t:|1756225959
|teamsize|p1|4
|teamsize|p2|4
|start
|switch|p1a: Amoonguss|Amoonguss, L50, M|100/100
|switch|p1b: Sneasler|Sneasler, L50, F|100/100
|switch|p2a: Greninja|Greninja, L50, M|100/100
|switch|p2b: Archaludon|Archaludon, L50, F|100/100
|turn|1
|
|t:|1756225978
|-terastallize|p2a: Greninja|Ghost
|move|p1b: Sneasler|Protect|p1b: Sneasler
|-singleturn|p1b: Sneasler|Protect
|move|p2a: Greninja|Taunt|p1a: Amoonguss
|-start|p1a: Amoonguss|move: Taunt
|move|p2b: Archaludon|Dragon Pulse|p1b: Sneasler
|-activate|p1b: Sneasler|move: Protect
|cant|p1a: Amoonguss|move: Taunt|Spore
|
|upkeep
|turn|2
|inactive|Fit of rage has 30 seconds left.
|
|t:|1756226004
|switch|p1a: Dragonite|Dragonite, L50, F|100/100
|-terastallize|p1b: Sneasler|Stellar
|move|p2a: Greninja|Water Shuriken|p2b: Archaludon
|-resisted|p2b: Archaludon
|-damage|p2b: Archaludon|98/100
|-ability|p2b: Archaludon|Stamina|boost
|-boost|p2b: Archaludon|def|1
|-resisted|p2b: Archaludon
|-damage|p2b: Archaludon|96/100
|-ability|p2b: Archaludon|Stamina|boost
|-boost|p2b: Archaludon|def|1
|-resisted|p2b: Archaludon
|-damage|p2b: Archaludon|93/100
|-ability|p2b: Archaludon|Stamina|boost
|-boost|p2b: Archaludon|def|1
|-resisted|p2b: Archaludon
|-damage|p2b: Archaludon|91/100
|-ability|p2b: Archaludon|Stamina|boost
|-boost|p2b: Archaludon|def|1
|-hitcount|p2b: Archaludon|4
|move|p1b: Sneasler|Throat Chop|p2a: Greninja
|-supereffective|p2a: Greninja
|-damage|p2a: Greninja|9/100
|-start|p2a: Greninja|Throat Chop|[silent]
|move|p2b: Archaludon|Dragon Pulse|p1b: Sneasler
|-crit|p1b: Sneasler
|-damage|p1b: Sneasler|15/100
|
|upkeep
|turn|3
|inactive|Fit of rage has 30 seconds left.
|inactive|chefbenboyrd has 30 seconds left.
|
|t:|1756226042
|move|p1a: Dragonite|Protect|p1a: Dragonite
|-singleturn|p1a: Dragonite|Protect
|move|p2a: Greninja|Water Shuriken|p1b: Sneasler
|-damage|p1b: Sneasler|3/100
|-damage|p1b: Sneasler|0 fnt
|faint|p1b: Sneasler
|-hitcount|p1: Sneasler|2
|move|p2b: Archaludon|Dragon Pulse|p1a: Dragonite
|-activate|p1a: Dragonite|move: Protect
|
|-end|p2a: Greninja|Throat Chop|[silent]
|upkeep
|
|t:|1756226050
|switch|p1b: Amoonguss|Amoonguss, L50, M|100/100
|turn|4
|inactive|Fit of rage has 30 seconds left.
|inactive|Fit of rage has 20 seconds left.
|inactive|Fit of rage has 15 seconds left.
|inactive|Fit of rage has 10 seconds left.
|inactive|Fit of rage has 5 seconds left.
|
|t:|1756226102
|switch|p1b: Gholdengo|Gholdengo, L50|100/100
|move|p2a: Greninja|Taunt|p1b: Gholdengo
|-immune|p1b: Gholdengo|[from] ability: Good as Gold
|move|p1a: Dragonite|Scale Shot|p2a: Greninja|[miss]
|-miss|p1a: Dragonite|p2a: Greninja
|move|p2b: Archaludon|Dragon Pulse|p1a: Dragonite
|-supereffective|p1a: Dragonite
|-damage|p1a: Dragonite|53/100
|
|upkeep
|turn|5
|inactive|Fit of rage has 30 seconds left.
|
|t:|1756226134
|move|p1a: Dragonite|Protect|p1a: Dragonite
|-singleturn|p1a: Dragonite|Protect
|move|p2a: Greninja|Water Shuriken|p1b: Gholdengo
|-damage|p1b: Gholdengo|90/100
|-damage|p1b: Gholdengo|80/100
|-damage|p1b: Gholdengo|71/100
|-damage|p1b: Gholdengo|60/100
|-damage|p1b: Gholdengo|50/100
|-hitcount|p1b: Gholdengo|5
|move|p1b: Gholdengo|Make It Rain|p2a: Greninja|[spread] p2a,p2b
|-resisted|p2b: Archaludon
|-damage|p2a: Greninja|0 fnt
|-damage|p2b: Archaludon|67/100
|-unboost|p1b: Gholdengo|spa|1
|-ability|p2b: Archaludon|Stamina|boost
|-boost|p2b: Archaludon|def|1
|faint|p2a: Greninja
|-damage|p1b: Gholdengo|41/100|[from] item: Life Orb
|move|p2b: Archaludon|Dragon Pulse|p1a: Dragonite
|-activate|p1a: Dragonite|move: Protect
|
|upkeep
|inactive|Fit of rage has 30 seconds left.
|
|t:|1756226161
|switch|p2a: Pelipper|Pelipper, L50, F|100/100
|-weather|RainDance|[from] ability: Drizzle|[of] p2a: Pelipper
|turn|6
|
|t:|1756226180
|move|p1b: Gholdengo|Protect|p1b: Gholdengo
|-singleturn|p1b: Gholdengo|Protect
|move|p1a: Dragonite|Scale Shot|p2a: Pelipper
|-damage|p2a: Pelipper|81/100
|-damage|p2a: Pelipper|61/100
|-damage|p2a: Pelipper|39/100
|-damage|p2a: Pelipper|20/100
|-hitcount|p2a: Pelipper|4
|-unboost|p1a: Dragonite|def|1
|-boost|p1a: Dragonite|spe|1
|move|p2a: Pelipper|Hurricane|p1a: Dragonite
|-damage|p1a: Dragonite|7/100
|move|p2b: Archaludon|Electro Shot||[still]
|-prepare|p2b: Archaludon|Electro Shot
|-boost|p2b: Archaludon|spa|1
|-anim|p2b: Archaludon|Electro Shot|p1b: Gholdengo
|-activate|p1b: Gholdengo|move: Protect
|
|-weather|RainDance|[upkeep]
|upkeep
|turn|7
|inactive|chefbenboyrd has 30 seconds left.
|inactive|Fit of rage has 30 seconds left.
|
|t:|1756226209
|move|p1a: Dragonite|Protect|p1a: Dragonite
|-singleturn|p1a: Dragonite|Protect
|move|p1b: Gholdengo|Make It Rain|p2a: Pelipper|[spread] p2a,p2b
|-resisted|p2a: Pelipper
|-resisted|p2b: Archaludon
|-damage|p2a: Pelipper|0 fnt
|-damage|p2b: Archaludon|53/100
|-unboost|p1b: Gholdengo|spa|1
|-ability|p2b: Archaludon|Stamina|boost
|-boost|p2b: Archaludon|def|1
|faint|p2a: Pelipper
|-damage|p1b: Gholdengo|31/100|[from] item: Life Orb
|move|p2b: Archaludon|Dragon Pulse|p1a: Dragonite
|-activate|p1a: Dragonite|move: Protect
|
|-weather|RainDance|[upkeep]
|upkeep
|
|t:|1756226226
|switch|p2a: Annihilape|Annihilape, L50, F|100/100
|turn|8
|
|t:|1756226232
|switch|p1b: Amoonguss|Amoonguss, L50, M|100/100
|move|p2a: Annihilape|Rage Fist|p1b: Amoonguss
|-damage|p1b: Amoonguss|84/100
|move|p1a: Dragonite|Haze|p1a: Dragonite
|-clearallboost
|move|p2b: Archaludon|Dragon Pulse|p1a: Dragonite
|-supereffective|p1a: Dragonite
|-damage|p1a: Dragonite|0 fnt
|faint|p1a: Dragonite
|
|-weather|RainDance|[upkeep]
|upkeep
|
|t:|1756226243
|switch|p1a: Gholdengo|Gholdengo, L50|31/100
|turn|9
|
|t:|1756226263
|move|p1a: Gholdengo|Protect|p1a: Gholdengo
|-singleturn|p1a: Gholdengo|Protect
|move|p2a: Annihilape|Rage Fist|p1a: Gholdengo
|-activate|p1a: Gholdengo|move: Protect
|move|p2b: Archaludon|Electro Shot||[still]
|-prepare|p2b: Archaludon|Electro Shot
|-boost|p2b: Archaludon|spa|1
|-anim|p2b: Archaludon|Electro Shot|p1a: Gholdengo
|-activate|p1a: Gholdengo|move: Protect
|move|p1b: Amoonguss|Spore|p2a: Annihilape
|-status|p2a: Annihilape|slp|[from] move: Spore
|
|-weather|RainDance|[upkeep]
|upkeep
|turn|10
|c|☆Fit of rage|Goddamn hurt yourself
|inactive|chefbenboyrd has 30 seconds left.
|
|t:|1756226291
|move|p1b: Amoonguss|Rage Powder|p1b: Amoonguss
|-singleturn|p1b: Amoonguss|move: Rage Powder
|cant|p2a: Annihilape|slp
|move|p1a: Gholdengo|Shadow Ball|p2a: Annihilape
|-supereffective|p2a: Annihilape
|-damage|p2a: Annihilape|6/100 slp
|-unboost|p2a: Annihilape|spd|1
|-ability|p2a: Annihilape|Defiant|boost
|-boost|p2a: Annihilape|atk|2
|-damage|p1a: Gholdengo|22/100|[from] item: Life Orb
|move|p2b: Archaludon|Electro Shot||[still]
|-prepare|p2b: Archaludon|Electro Shot
|-boost|p2b: Archaludon|spa|1
|-anim|p2b: Archaludon|Electro Shot|p1b: Amoonguss
|-resisted|p1b: Amoonguss
|-damage|p1b: Amoonguss|43/100
|-enditem|p1b: Amoonguss|Sitrus Berry|[eat]
|-heal|p1b: Amoonguss|68/100|[from] item: Sitrus Berry
|
|-weather|none
|upkeep
|turn|11
|inactive|Fit of rage has 30 seconds left.
|
|t:|1756226321
|move|p1a: Gholdengo|Protect|p1a: Gholdengo
|-singleturn|p1a: Gholdengo|Protect
|cant|p2a: Annihilape|slp
|move|p2b: Archaludon|Dragon Pulse|p1b: Amoonguss
|-damage|p1b: Amoonguss|0 fnt
|faint|p1b: Amoonguss
|
|upkeep
|turn|12
|
|t:|1756226333
|-curestatus|p2a: Annihilape|slp|[msg]
|move|p2a: Annihilape|Rage Fist|p1a: Gholdengo
|-supereffective|p1a: Gholdengo
|-crit|p1a: Gholdengo
|-damage|p1a: Gholdengo|0 fnt
|faint|p1a: Gholdengo
|
|win|Fit of rage
