|j|☆marines malevolent
|j|☆Alex Agni
|html|marines malevolentAlex Agni    
|uhtml|bestof|Game 2 of a best-of-3
|t:|1785873167
|gametype|doubles
|player|p1|marines malevolent|hiker-gen2|
|player|p2|Alex Agni|shadowtriad|
|gen|9
|tier|[Gen 9 Champions] VGC 2026 Reg M-B (Bo3)
|rule|Species Clause: Limit one of each Pokémon
|rule|Item Clause: Limit 1 of each item
|clearpoke
|poke|p1|Pidgeot, L50, M|
|poke|p1|Ninetales, L50, M|
|poke|p1|Garchomp, L50, F|
|poke|p1|Whimsicott, L50, M, shiny|
|poke|p1|Sinistcha, L50|
|poke|p1|Sneasler, L50, M|
|poke|p2|Blastoise, L50, F|
|poke|p2|Delphox, L50, F|
|poke|p2|Sinistcha, L50|
|poke|p2|Incineroar, L50, M|
|poke|p2|Sneasler, L50, F|
|poke|p2|Primarina, L50, M|
|teampreview|4
|showteam|p1|Pidgeot||Pidgeotite|KeenEye|Hurricane,HeatWave,Protect,Uturn|Timid||M|||50|]Ninetales||HeatRock|Drought|HeatWave,Protect,HelpingHand,WillOWisp|Timid||M|||50|]Garchomp||SitrusBerry|RoughSkin|Earthquake,RockSlide,Protect,DragonClaw|Jolly||F|||50|]Whimsicott||FocusSash|Prankster|Moonblast,Taunt,Tailwind,FakeTears|Timid||M|||50|]Sinistcha||Leftovers|Hospitality|MatchaGotcha,RagePowder,Protect,ShadowBall|Bold|||||50|]Sneasler||WhiteHerb|Unburden|CloseCombat,Protect,FakeOut,GunkShot|Jolly||M|||50|
|showteam|p2|Blastoise||Blastoisinite|Torrent|WaterSpout,DarkPulse,ShellSmash,Protect|Modest||F|||50|]Delphox||Delphoxite|Blaze|HeatWave,Psyshock,NastyPlot,Protect|Timid||F|||50|]Sinistcha||KasibBerry|Hospitality|MatchaGotcha,ShadowBall,RagePowder,Protect|Bold|||||50|]Incineroar||SitrusBerry|Intimidate|FlareBlitz,DarkestLariat,FakeOut,PartingShot|Adamant||M|||50|]Sneasler||FocusSash|PoisonTouch|FakeOut,CloseCombat,PoisonJab,Protect|Jolly||F|||50|]Primarina||Leftovers|LiquidVoice|DrainingKiss,HyperVoice,ShadowBall,Protect|Modest||M|||50|
|j| JinWasHere
|j| Raspree
|j| MomijiTheTengu
|c| Raspree|Potete cominciare. Buona fortuna
|
|t:|1785873317
|teamsize|p1|4
|teamsize|p2|4
|start
|switch|p1a: Pidgeot|Pidgeot, L50, M|100/100
|switch|p1b: Ninetales|Ninetales, L50, M|100/100
|switch|p2a: Bohemian Rhapsody|Incineroar, L50, M|100/100
|switch|p2b: 99 Problem|Sneasler, L50, F|100/100
|-weather|SunnyDay|[from] ability: Drought|[of] p1b: Ninetales
|-ability|p2a: Bohemian Rhapsody|Intimidate|boost
|-unboost|p1a: Pidgeot|atk|1
|-unboost|p1b: Ninetales|atk|1
|turn|1
|
|t:|1785873365
|detailschange|p1a: Pidgeot|Pidgeot-Mega, L50, M
|-mega|p1a: Pidgeot|Pidgeot|Pidgeotite
|move|p1b: Ninetales|Helping Hand|p1a: Pidgeot
|-singleturn|p1a: Pidgeot|Helping Hand|[of] p1b: Ninetales
|move|p2a: Bohemian Rhapsody|Fake Out|p1a: Pidgeot
|-damage|p1a: Pidgeot|83/100
|cant|p1a: Pidgeot|flinch
|move|p2b: 99 Problem|Close Combat|p1a: Pidgeot
|-damage|p1a: Pidgeot|0 fnt
|-unboost|p2b: 99 Problem|def|1
|-unboost|p2b: 99 Problem|spd|1
|faint|p1a: Pidgeot
|
|-weather|SunnyDay|[upkeep]
|upkeep
|
|t:|1785873384
|switch|p1a: Sneasler|Sneasler, L50, M|100/100
|turn|2
|
|t:|1785873400
|move|p2b: 99 Problem|Protect|p2b: 99 Problem
|-singleturn|p2b: 99 Problem|Protect
|move|p1a: Sneasler|Close Combat|p2a: Bohemian Rhapsody
|-supereffective|p2a: Bohemian Rhapsody|1
|-damage|p2a: Bohemian Rhapsody|0 fnt
|-unboost|p1a: Sneasler|def|1
|-unboost|p1a: Sneasler|spd|1
|faint|p2a: Bohemian Rhapsody
|-enditem|p1a: Sneasler|White Herb
|-clearnegativeboost|p1a: Sneasler|[silent]
|move|p1b: Ninetales|Heat Wave|p2b: 99 Problem
|-activate|p2b: 99 Problem|move: Protect
|
|-weather|SunnyDay|[upkeep]
|upkeep
|
|t:|1785873414
|switch|p2a: Sonne|Delphox, L50, F|100/100
|turn|3
|
|t:|1785873444
|detailschange|p2a: Sonne|Delphox-Mega, L50, F
|-mega|p2a: Sonne|Delphox|Delphoxite
|move|p1a: Sneasler|Gunk Shot|p2a: Sonne
|-damage|p2a: Sonne|11/100
|move|p2a: Sonne|Psyshock|p1a: Sneasler
|-supereffective|p1a: Sneasler|2
|-damage|p1a: Sneasler|0 fnt
|faint|p1a: Sneasler
|move|p2b: 99 Problem|Close Combat|p1b: Ninetales
|-damage|p1b: Ninetales|23/100
|-unboost|p2b: 99 Problem|def|1
|-unboost|p2b: 99 Problem|spd|1
|move|p1b: Ninetales|Heat Wave|p2a: Sonne|[spread] p2a,p2b
|-resisted|p2a: Sonne|1
|-damage|p2a: Sonne|0 fnt
|-enditem|p2b: 99 Problem|Focus Sash
|-damage|p2b: 99 Problem|1/100
|faint|p2a: Sonne
|
|-weather|SunnyDay|[upkeep]
|upkeep
|
|t:|1785873462
|switch|p2a: Vivarium|Sinistcha, L50|100/100
|switch|p1a: Garchomp|Garchomp, L50, F|100/100
|-heal|p2b: 99 Problem|25/100|[from] ability: Hospitality|[of] p2a: Vivarium
|turn|4
|
|t:|1785873494
|move|p2a: Vivarium|Rage Powder|p2a: Vivarium
|-singleturn|p2a: Vivarium|move: Rage Powder
|move|p2b: 99 Problem|Poison Jab|p1b: Ninetales
|-damage|p1b: Ninetales|0 fnt
|faint|p1b: Ninetales
|move|p1a: Garchomp|Rock Slide|p2a: Vivarium|[spread] p2a,p2b
|-resisted|p2b: 99 Problem|1
|-damage|p2a: Vivarium|84/100
|-damage|p2b: 99 Problem|0 fnt
|faint|p2b: 99 Problem
|
|-weather|SunnyDay|[upkeep]
|upkeep
|turn|5
|
|t:|1785873520
|move|p1a: Garchomp|Dragon Claw|p2a: Vivarium
|-damage|p2a: Vivarium|50/100g
|move|p2a: Vivarium|Matcha Gotcha|p1a: Garchomp
|-damage|p1a: Garchomp|61/100
|-heal|p2a: Vivarium|70/100|[from] drain|[of] p1a: Garchomp
|
|-weather|SunnyDay|[upkeep]
|upkeep
|turn|6
|
|t:|1785873550
|move|p1a: Garchomp|Rock Slide|p2a: Vivarium
|-damage|p2a: Vivarium|48/100
|move|p2a: Vivarium|Matcha Gotcha|p1a: Garchomp
|-damage|p1a: Garchomp|23/100
|-heal|p2a: Vivarium|69/100|[from] drain|[of] p1a: Garchomp
|-status|p1a: Garchomp|brn
|-enditem|p1a: Garchomp|Sitrus Berry|[eat]
|-heal|p1a: Garchomp|48/100 brn|[from] item: Sitrus Berry
|
|-weather|SunnyDay|[upkeep]
|-damage|p1a: Garchomp|42/100 brn|[from] brn
|upkeep
|turn|7
|
|t:|1785873573
|move|p1a: Garchomp|Protect|p1a: Garchomp
|-singleturn|p1a: Garchomp|Protect
|move|p2a: Vivarium|Matcha Gotcha|p1a: Garchomp
|-activate|p1a: Garchomp|move: Protect
|
|-weather|SunnyDay|[upkeep]
|-damage|p1a: Garchomp|36/100 brn|[from] brn
|upkeep
|turn|8
|
|t:|1785873602
|move|p1a: Garchomp|Dragon Claw|p2a: Vivarium
|-damage|p2a: Vivarium|52/100
|move|p2a: Vivarium|Matcha Gotcha|p1a: Garchomp
|-damage|p1a: Garchomp|1/100 brn
|-heal|p2a: Vivarium|71/100|[from] drain|[of] p1a: Garchomp
|
|-weather|none
|-damage|p1a: Garchomp|0 fnt|[from] brn
|faint|p1a: Garchomp
|
|win|Alex Agni
