|j|☆lolgz
|j|☆lagartija suprema
|html|lolgzlagartija suprema    
|uhtml|bestof|Game 2 of a best-of-3
|t:|1784043731
|gametype|doubles
|player|p1|lolgz|dawn|1190
|player|p2|lagartija suprema|swimmer|1071
|gen|9
|tier|[Gen 9 Champions] VGC 2026 Reg M-B (Bo3)
|rated|
|rule|Species Clause: Limit one of each Pokémon
|rule|Item Clause: Limit 1 of each item
|clearpoke
|poke|p1|Delphox, L50, F|
|poke|p1|Incineroar, L50, F|
|poke|p1|Vivillon, L50, M|
|poke|p1|Sinistcha, L50|
|poke|p1|Blastoise, L50, M|
|poke|p1|Maushold, L50|
|poke|p2|Scrafty, L50, M|
|poke|p2|Sylveon, L50, F|
|poke|p2|Gholdengo, L50|
|poke|p2|Garchomp, L50, F|
|poke|p2|Scolipede, L50, M|
|poke|p2|Wyrdeer, L50, F|
|teampreview|4
|showteam|p1|Delphox||Delphoxite|Blaze|HeatWave,Psychic,NastyPlot,Protect|Timid||F|||50|]Incineroar||SitrusBerry|Intimidate|FakeOut,PartingShot,FlareBlitz,ThroatChop|Impish||F|||50|]Vivillon||ChoiceScarf|CompoundEyes|SleepPowder,Hurricane,RagePowder,Tailwind|Timid||M|||50|]Sinistcha||CobaBerry|Hospitality|MatchaGotcha,RagePowder,Protect,TrickRoom|Bold|||||50|]Blastoise||Blastoisinite|RainDish|Protect,WaterSpout,DarkPulse,ShellSmash|Modest||M|||50|]Maushold||FocusSash|FriendGuard|FollowMe,Protect,SuperFang,HelpingHand|Jolly|||||50|
|showteam|p2|Scrafty||Scraftinite|Intimidate|FakeOut,CloseCombat,Crunch,Protect|Adamant||M|||50|]Sylveon||Leftovers|Pixilate|CalmMind,HyperVoice,Detect,Moonblast|Modest||F|||50|]Gholdengo||ChoiceScarf|GoodasGold|ShadowBall,PowerGem,MakeItRain,FlashCannon|Timid|||||50|]Garchomp||LifeOrb|RoughSkin|RockSlide,DragonClaw,Protect,StompingTantrum|Jolly||F|||50|]Scolipede||Scolipite|SpeedBoost|Protect,PoisonJab,LeechLife,SwordsDance|Jolly||M|||50|]Wyrdeer||SitrusBerry|Intimidate|TrickRoom,HelpingHand,Psychic,EarthPower|Bold||F|||50|
|inactive|Battle timer is ON: inactive players will automatically lose when time's up. (requested by lolgz)
|inactive|lolgz has 60 seconds left.
|inactive|lagartija suprema has 60 seconds left.
|
|t:|1784043773
|teamsize|p1|4
|teamsize|p2|4
|start
|switch|p1a: Vivillon|Vivillon, L50, M|100/100
|switch|p1b: Blastoise|Blastoise, L50, M|100/100
|switch|p2a: Sylveon|Sylveon, L50, F|100/100
|switch|p2b: Garchomp|Garchomp, L50, F|100/100
|turn|1
|
|t:|1784043784
|detailschange|p1b: Blastoise|Blastoise-Mega, L50, M
|-mega|p1b: Blastoise|Blastoise|Blastoisinite
|move|p1b: Blastoise|Protect|p1b: Blastoise
|-singleturn|p1b: Blastoise|Protect
|move|p1a: Vivillon|Sleep Powder|p2b: Garchomp
|-status|p2b: Garchomp|slp|[from] move: Sleep Powder
|cant|p2b: Garchomp|slp
|move|p2a: Sylveon|Hyper Voice|p1a: Vivillon|[spread] p1a
|-activate|p1b: Blastoise|move: Protect
|-crit|p1a: Vivillon
|-damage|p1a: Vivillon|0 fnt
|faint|p1a: Vivillon
|
|upkeep
|
|t:|1784043788
|switch|p1a: Incineroar|Incineroar, L50, F|100/100
|-ability|p1a: Incineroar|Intimidate|boost
|-unboost|p2a: Sylveon|atk|1
|-unboost|p2b: Garchomp|atk|1
|turn|2
|inactive|lagartija suprema has 30 seconds left.
|
|t:|1784043814
|switch|p2a: Wyrdeer|Wyrdeer, L50, F|100/100
|-ability|p2a: Wyrdeer|Intimidate|boost
|-unboost|p1a: Incineroar|atk|1
|-unboost|p1b: Blastoise|atk|1
|move|p1a: Incineroar|Fake Out|p2a: Wyrdeer
|-damage|p2a: Wyrdeer|93/100
|cant|p2b: Garchomp|slp
|move|p1b: Blastoise|Shell Smash|p1b: Blastoise
|-unboost|p1b: Blastoise|def|1
|-unboost|p1b: Blastoise|spd|1
|-boost|p1b: Blastoise|atk|2
|-boost|p1b: Blastoise|spa|2
|-boost|p1b: Blastoise|spe|2
|
|upkeep
|turn|3
|inactive|lagartija suprema has 30 seconds left.
|
|t:|1784043846
|move|p1b: Blastoise|Water Spout|p2a: Wyrdeer|[spread] p2a,p2b
|-damage|p2a: Wyrdeer|0 fnt
|-damage|p2b: Garchomp|0 fnt
|faint|p2a: Wyrdeer
|faint|p2b: Garchomp
|move|p1a: Incineroar|Throat Chop|p2: Wyrdeer|[notarget]
|-fail|p1a: Incineroar
|
|upkeep
|
|t:|1784043850
|switch|p2b: Scrafty|Scrafty, L50, M|100/100
|switch|p2a: Sylveon|Sylveon, L50, F|100/100
|-ability|p2b: Scrafty|Intimidate|boost
|-unboost|p1a: Incineroar|atk|1
|-unboost|p1b: Blastoise|atk|1
|turn|4
|inactive|lolgz has 30 seconds left.
|inactive|lolgz has 20 seconds left.
|
|t:|1784043886
|detailschange|p2b: Scrafty|Scrafty-Mega, L50, M
|-mega|p2b: Scrafty|Scrafty|Scraftinite
|-ability|p2b: Scrafty|Intimidate|boost
|-unboost|p1a: Incineroar|atk|1
|-unboost|p1b: Blastoise|atk|1
|move|p1b: Blastoise|Protect|p1b: Blastoise
|-singleturn|p1b: Blastoise|Protect
|move|p2b: Scrafty|Fake Out|p1a: Incineroar
|-damage|p1a: Incineroar|84/100
|move|p2a: Sylveon|Calm Mind|p2a: Sylveon
|-boost|p2a: Sylveon|spa|1
|-boost|p2a: Sylveon|spd|1
|cant|p1a: Incineroar|flinch
|
|upkeep
|turn|5
|
|t:|1784043895
|move|p2b: Scrafty|Protect|p2b: Scrafty
|-singleturn|p2b: Scrafty|Protect
|move|p1b: Blastoise|Water Spout|p2a: Sylveon|[spread] p2a
|-activate|p2b: Scrafty|move: Protect
|-damage|p2a: Sylveon|28/100
|move|p2a: Sylveon|Hyper Voice|p1b: Blastoise|[spread] p1a,p1b
|-damage|p1a: Incineroar|8/100
|-damage|p1b: Blastoise|1/100
|-enditem|p1a: Incineroar|Sitrus Berry|[eat]
|-heal|p1a: Incineroar|33/100|[from] item: Sitrus Berry
|move|p1a: Incineroar|Flare Blitz|p2a: Sylveon
|-damage|p2a: Sylveon|9/100
|-damage|p1a: Incineroar|26/100|[from] Recoil
|
|-heal|p2a: Sylveon|15/100|[from] item: Leftovers
|upkeep
|turn|6
|inactive|lagartija suprema has 30 seconds left.
|inactive|lagartija suprema has 20 seconds left.
|inactive|lagartija suprema has 15 seconds left.
|
|t:|1784043938
|move|p1b: Blastoise|Protect|p1b: Blastoise
|-singleturn|p1b: Blastoise|Protect
|move|p2a: Sylveon|Detect|p2a: Sylveon
|-singleturn|p2a: Sylveon|Protect
|move|p2b: Scrafty|Crunch|p1b: Blastoise
|-activate|p1b: Blastoise|move: Protect
|move|p1a: Incineroar|Flare Blitz|p2a: Sylveon
|-activate|p2a: Sylveon|move: Protect
|
|-heal|p2a: Sylveon|21/100|[from] item: Leftovers
|upkeep
|turn|7
|inactive|lagartija suprema has 30 seconds left.
|inactive|lagartija suprema has 20 seconds left.
|
|t:|1784043973
|move|p1b: Blastoise|Dark Pulse|p2b: Scrafty
|-resisted|p2b: Scrafty|2
|-damage|p2b: Scrafty|83/100
|move|p2b: Scrafty|Crunch|p1b: Blastoise
|-damage|p1b: Blastoise|0 fnt
|faint|p1b: Blastoise
|move|p2a: Sylveon|Hyper Voice|p1a: Incineroar
|-damage|p1a: Incineroar|0 fnt
|faint|p1a: Incineroar
|
|-heal|p2a: Sylveon|27/100|[from] item: Leftovers
|upkeep
|inactive|lolgz has 30 seconds left.
|inactive|lolgz has 20 seconds left.
|inactive|lolgz has 15 seconds left.
|-message|lolgz forfeited.
|raw|lolgz's rating: 1190 → 1157(-33 for losing)
|raw|lagartija suprema's rating: 1071 → 1110(+39 for winning)
|
|win|lagartija suprema
