|j|☆kigokigo
|j|☆lirtyz0977
|html|kigokigolirtyz0977    
|uhtml|bestof|Game 1 of a best-of-3
|t:|1783087864
|gametype|doubles
|player|p1|kigokigo|2|1025
|player|p2|lirtyz0977|giovanni|1040
|gen|9
|tier|[Gen 9 Champions] VGC 2026 Reg M-B (Bo3)
|rated|
|rule|Species Clause: Limit one of each Pokémon
|rule|Item Clause: Limit 1 of each item
|clearpoke
|poke|p1|Whimsicott, L50, F|
|poke|p1|Clefable, L50, F|
|poke|p1|Grimmsnarl, L50, M|
|poke|p1|Incineroar, L50, F|
|poke|p1|Tsareena, L50, F|
|poke|p1|Staraptor, L50, F|
|poke|p2|Charizard, L50, M|
|poke|p2|Venusaur, L50, M|
|poke|p2|Pikachu, L50, M|
|poke|p2|Blastoise, L50, M|
|poke|p2|Snorlax, L50, M|
|poke|p2|Espeon, L50, M|
|teampreview|4
|showteam|p1|Whimsicott||FocusSash|Prankster|Charm,Encore,Taunt,Protect|Bold||F|||50|]Clefable||BabiriBerry|Unaware|FollowMe,Charm,KnockOff,Protect|Careful||F|||50|]Grimmsnarl||LightClay|Prankster|LightScreen,Reflect,PartingShot,FakeOut|Calm||M|||50|]Incineroar||ChopleBerry|Intimidate|FakeOut,PartingShot,FlareBlitz,DarkestLariat|Adamant||F|||50|]Tsareena||SitrusBerry|QueenlyMajesty|Taunt,Charm,Uturn,Protect|Careful||F|||50|]Staraptor||Staraptite|Intimidate|CloseCombat,BraveBird,Roost,Protect|Adamant||F|||50|
|showteam|p2|Charizard||CharizarditeY|Blaze|WeatherBall,AirSlash,SolarBeam,Earthquake|Hasty||M|||50|]Venusaur||MiracleSeed|Chlorophyll|Growth,SludgeWave,GigaDrain,EarthPower|Modest||M|||50|]Pikachu||LightBall|LightningRod|WildCharge,PlayRough,Surf,FakeOut|Hasty||M|||50|]Blastoise||WhiteHerb|Torrent|ShellSmash,Surf,IceBeam,Earthquake|Mild||M|||50|]Snorlax||SitrusBerry|Immunity|BellyDrum,BodySlam,Earthquake,ZenHeadbutt|Adamant||M|||50|]Espeon||FocusSash|MagicBounce|CalmMind,Psychic,ShadowBall,AlluringVoice|Timid||M|||50|
|inactive|Battle timer is ON: inactive players will automatically lose when time's up. (requested by lirtyz0977)
|inactive|kigokigo also wants the timer to be on.
|
|t:|1783087882
|teamsize|p1|4
|teamsize|p2|4
|start
|switch|p1a: Grimmsnarl|Grimmsnarl, L50, M|100/100
|switch|p1b: Staraptor|Staraptor, L50, F|100/100
|switch|p2a: Pikachu|Pikachu, L50, M|100/100
|switch|p2b: Venusaur|Venusaur, L50, M|100/100
|-ability|p1b: Staraptor|Intimidate|boost
|-unboost|p2a: Pikachu|atk|1
|-unboost|p2b: Venusaur|atk|1
|turn|1
|inactive|kigokigo has 30 seconds left.
|inactive|kigokigo has 20 seconds left.
|inactive|kigokigo has 15 seconds left.
|inactive|kigokigo has 10 seconds left.
|
|t:|1783087931
|detailschange|p1b: Staraptor|Staraptor-Mega, L50, F
|-mega|p1b: Staraptor|Staraptor|Staraptite
|move|p2a: Pikachu|Fake Out|p1a: Grimmsnarl
|-damage|p1a: Grimmsnarl|87/100
|cant|p1a: Grimmsnarl|flinch
|move|p2b: Venusaur|Sludge Wave|p1b: Staraptor|[spread] p2a,p1a,p1b
|-supereffective|p1a: Grimmsnarl|1
|-damage|p2a: Pikachu|12/100
|-damage|p1a: Grimmsnarl|29/100
|-damage|p1b: Staraptor|66/100
|-status|p1a: Grimmsnarl|psn
|move|p1b: Staraptor|Close Combat|p2a: Pikachu
|-damage|p2a: Pikachu|0 fnt
|-boost|p1b: Staraptor|def|1
|-boost|p1b: Staraptor|spd|1
|faint|p2a: Pikachu
|
|-damage|p1a: Grimmsnarl|17/100 psn|[from] psn
|upkeep
|
|t:|1783087944
|switch|p2a: Charizard|Charizard, L50, M|100/100
|turn|2
|inactive|kigokigo has 30 seconds left.
|inactive|kigokigo has 20 seconds left.
|inactive|kigokigo has 15 seconds left.
|inactive|kigokigo has 10 seconds left.
|
|t:|1783087998
|detailschange|p2a: Charizard|Charizard-Mega-Y, L50, M
|-mega|p2a: Charizard|Charizard|Charizardite Y
|-weather|SunnyDay|[from] ability: Drought|[of] p2a: Charizard
|move|p1b: Staraptor|Protect|p1b: Staraptor
|-singleturn|p1b: Staraptor|Protect
|move|p1a: Grimmsnarl|Parting Shot|p2a: Charizard
|-unboost|p2a: Charizard|atk|1
|-unboost|p2a: Charizard|spa|1
|
|t:|1783088007
|switch|p1a: Incineroar|Incineroar, L50, F|100/100|[from] Parting Shot
|-ability|p1a: Incineroar|Intimidate|boost
|-unboost|p2a: Charizard|atk|1
|-unboost|p2b: Venusaur|atk|1
|move|p2b: Venusaur|Growth|p2b: Venusaur
|-boost|p2b: Venusaur|atk|2
|-boost|p2b: Venusaur|spa|2
|move|p2a: Charizard|Weather Ball|p1b: Staraptor
|-activate|p1b: Staraptor|move: Protect
|
|-weather|SunnyDay|[upkeep]
|upkeep
|turn|3
|
|t:|1783088021
|switch|p2a: Blastoise|Blastoise, L50, M|100/100
|move|p1a: Incineroar|Fake Out|p2b: Venusaur
|-damage|p2b: Venusaur|81/100
|cant|p2b: Venusaur|flinch
|move|p1b: Staraptor|Roost|p1b: Staraptor
|-heal|p1b: Staraptor|100/100
|-singleturn|p1b: Staraptor|move: Roost
|
|-weather|SunnyDay|[upkeep]
|upkeep
|turn|4
|
|t:|1783088037
|move|p1b: Staraptor|Protect|p1b: Staraptor
|-singleturn|p1b: Staraptor|Protect
|move|p2b: Venusaur|Earth Power|p1a: Incineroar
|-supereffective|p1a: Incineroar|1
|-damage|p1a: Incineroar|0 fnt
|faint|p1a: Incineroar
|move|p2a: Blastoise|Shell Smash|p2a: Blastoise
|-unboost|p2a: Blastoise|def|1
|-unboost|p2a: Blastoise|spd|1
|-boost|p2a: Blastoise|atk|2
|-boost|p2a: Blastoise|spa|2
|-boost|p2a: Blastoise|spe|2
|-enditem|p2a: Blastoise|White Herb
|-clearnegativeboost|p2a: Blastoise|[silent]
|
|-weather|SunnyDay|[upkeep]
|upkeep
|
|t:|1783088041
|switch|p1a: Whimsicott|Whimsicott, L50, F|100/100
|turn|5
|
|t:|1783088059
|move|p1a: Whimsicott|Encore|p1b: Staraptor
|-start|p1b: Staraptor|Encore
|move|p1b: Staraptor|Protect||[still]
|-fail|p1b: Staraptor
|move|p2b: Venusaur|Giga Drain|p1a: Whimsicott
|-resisted|p1a: Whimsicott|1
|-damage|p1a: Whimsicott|41/100
|-heal|p2b: Venusaur|100/100|[from] drain|[of] p1a: Whimsicott
|move|p2a: Blastoise|Ice Beam|p1a: Whimsicott
|-supereffective|p1a: Whimsicott|1
|-damage|p1a: Whimsicott|0 fnt
|faint|p1a: Whimsicott
|
|-weather|SunnyDay|[upkeep]
|upkeep
|-message|kigokigo forfeited.
|
|win|lirtyz0977
|l|☆kigokigo
|player|p1|
