|j|☆RosieAndJim
|j|☆XB493
|html|RosieAndJimXB493    
|uhtml|bestof|Game 2 of a best-of-3
|t:|1756169223
|gametype|doubles
|player|p1|RosieAndJim|170|1130
|player|p2|XB493|norman|1202
|gen|9
|tier|[Gen 9] VGC 2025 Reg H (Bo3)
|rated|
|rule|Species Clause: Limit one of each Pokémon
|rule|Item Clause: Limit 1 of each item
|clearpoke
|poke|p1|Inteleon, L50, F|
|poke|p1|Farigiraf, L50, M|
|poke|p1|Murkrow, L50, F|
|poke|p1|Archaludon, L50, M|
|poke|p1|Garchomp, L50, M|
|poke|p1|Incineroar, L50, F|
|poke|p2|Archaludon, L50, M|
|poke|p2|Pelipper, L50, M|
|poke|p2|Amoonguss, L50, F|
|poke|p2|Kingambit, L50, M|
|poke|p2|Sneasler, L50, F|
|poke|p2|Basculegion, L50, M|
|teampreview|4
|showteam|p1|Inteleon||ChoiceSpecs|Sniper|SnipeShot,Scald,ShadowBall,FlipTurn|||F|||50|,,,,,Water]Farigiraf||ThroatSpray|ArmorTail|Psychic,HyperVoice,HelpingHand,TrickRoom|||M|||50|,,,,,Fairy]Murkrow||Eviolite|Prankster|FoulPlay,Tailwind,RainDance,Haze|||F|||50|,,,,,Ghost]Archaludon||AssaultVest|Stamina|ElectroShot,DragonPulse,BodyPress,Snarl|||M|||50|,,,,,Grass]Garchomp||LifeOrb|RoughSkin|Earthquake,DragonClaw,StompingTantrum,Protect|||M|||50|,,,,,Ground]Incineroar||SafetyGoggles|Intimidate|FlareBlitz,KnockOff,PartingShot,FakeOut|||F|||50|,,,,,Ghost
|showteam|p2|Archaludon||AssaultVest|Stamina|ElectroShot,DracoMeteor,FlashCannon,BodyPress|||M|||50|,,,,,Bug]Pelipper||FocusSash|Drizzle|WideGuard,WeatherBall,Hurricane,Tailwind|||M|||50|,,,,,Ghost]Amoonguss||SitrusBerry|Regenerator|ClearSmog,PollenPuff,RagePowder,Spore|||F|||50|,,,,,Water]Kingambit||BlackGlasses|Defiant|KowtowCleave,LowKick,SuckerPunch,IronHead|||M|||50|,,,,,Ghost]Sneasler||WhiteHerb|Unburden|FakeOut,CloseCombat,DireClaw,Taunt|||F|||50|,,,,,Dark]Basculegion||MysticWater|SwiftSwim|WaveCrash,LastRespects,AquaJet,Protect|||M|||50|,,,,,Water
|inactive|Battle timer is ON: inactive players will automatically lose when time's up. (requested by XB493)
|inactive|RosieAndJim has 60 seconds left.
|
|t:|1756169268
|teamsize|p1|4
|teamsize|p2|4
|start
|switch|p1a: Inteleon|Inteleon, L50, F|100/100
|switch|p1b: Farigiraf|Farigiraf, L50, M|100/100
|switch|p2a: Amoonguss|Amoonguss, L50, F, shiny|100/100
|switch|p2b: Kingambit|Kingambit, L50, M, shiny|100/100
|turn|1
|inactive|RosieAndJim has 30 seconds left.
|inactive|RosieAndJim has 20 seconds left.
|inactive|RosieAndJim has 15 seconds left.
|
|t:|1756169308
|-terastallize|p1b: Farigiraf|Fairy
|move|p2a: Amoonguss|Rage Powder|p2a: Amoonguss
|-singleturn|p2a: Amoonguss|move: Rage Powder
|move|p1a: Inteleon|Shadow Ball|p2a: Amoonguss
|-damage|p2a: Amoonguss|65/100
|move|p1b: Farigiraf|Psychic|p2a: Amoonguss
|-supereffective|p2a: Amoonguss
|-damage|p2a: Amoonguss|0 fnt
|faint|p2a: Amoonguss
|move|p2b: Kingambit|Kowtow Cleave|p1b: Farigiraf
|-resisted|p1b: Farigiraf
|-damage|p1b: Farigiraf|70/100
|
|upkeep
|
|t:|1756169315
|switch|p2a: Archaludon|Archaludon, L50, M, shiny|100/100
|turn|2
|
|t:|1756169336
|switch|p1a: Archaludon|Archaludon, L50, M|100/100
|move|p2a: Archaludon|Flash Cannon|p1b: Farigiraf
|-supereffective|p1b: Farigiraf
|-damage|p1b: Farigiraf|0 fnt
|faint|p1b: Farigiraf
|move|p2b: Kingambit|Kowtow Cleave|p1a: Archaludon
|-damage|p1a: Archaludon|55/100
|-ability|p1a: Archaludon|Stamina|boost
|-boost|p1a: Archaludon|def|1
|
|upkeep
|
|t:|1756169348
|switch|p1b: Garchomp|Garchomp, L50, M|100/100
|turn|3
|inactive|RosieAndJim has 30 seconds left.
|
|t:|1756169376
|switch|p2b: Pelipper|Pelipper, L50, M, shiny|100/100
|-weather|RainDance|[from] ability: Drizzle|[of] p2b: Pelipper
|-terastallize|p2a: Archaludon|Bug
|move|p1b: Garchomp|Stomping Tantrum|p2a: Archaludon
|-resisted|p2a: Archaludon
|-damage|p2a: Archaludon|81/100
|-ability|p2a: Archaludon|Stamina|boost
|-boost|p2a: Archaludon|def|1
|-damage|p1b: Garchomp|91/100|[from] item: Life Orb
|move|p1a: Archaludon|Body Press|p2a: Archaludon
|-resisted|p2a: Archaludon
|-damage|p2a: Archaludon|73/100
|-ability|p2a: Archaludon|Stamina|boost
|-boost|p2a: Archaludon|def|1
|move|p2a: Archaludon|Draco Meteor|p1a: Archaludon|[miss]
|-miss|p2a: Archaludon|p1a: Archaludon
|
|-weather|RainDance|[upkeep]
|upkeep
|turn|4
|inactive|RosieAndJim has 30 seconds left.
|inactive|XB493 has 30 seconds left.
|
|t:|1756169406
|move|p1b: Garchomp|Dragon Claw|p2a: Archaludon
|-damage|p2a: Archaludon|50/100
|-ability|p2a: Archaludon|Stamina|boost
|-boost|p2a: Archaludon|def|1
|-damage|p1b: Garchomp|81/100|[from] item: Life Orb
|move|p2b: Pelipper|Tailwind|p2b: Pelipper
|-sidestart|p2: XB493|move: Tailwind
|move|p2a: Archaludon|Draco Meteor|p1a: Archaludon
|-damage|p1a: Archaludon|0 fnt
|-unboost|p2a: Archaludon|spa|2
|faint|p1a: Archaludon
|
|-weather|RainDance|[upkeep]
|upkeep
|
|t:|1756169419
|switch|p1a: Inteleon|Inteleon, L50, F|100/100
|turn|5
|
|t:|1756169433
|move|p2b: Pelipper|Hurricane|p1b: Garchomp
|-damage|p1b: Garchomp|33/100
|move|p2a: Archaludon|Body Press|p1a: Inteleon
|-damage|p1a: Inteleon|0 fnt
|faint|p1a: Inteleon
|move|p1b: Garchomp|Dragon Claw|p2a: Archaludon
|-crit|p2a: Archaludon
|-damage|p2a: Archaludon|0 fnt
|faint|p2a: Archaludon
|-damage|p1b: Garchomp|23/100|[from] item: Life Orb
|
|-weather|RainDance|[upkeep]
|upkeep
|
|t:|1756169438
|switch|p2a: Kingambit|Kingambit, L50, M, shiny|100/100
|turn|6
|
|t:|1756169450
|move|p1b: Garchomp|Protect|p1b: Garchomp
|-singleturn|p1b: Garchomp|Protect
|move|p2a: Kingambit|Sucker Punch||[still]
|-fail|p2a: Kingambit
|move|p2b: Pelipper|Weather Ball|p1b: Garchomp
|-activate|p1b: Garchomp|move: Protect
|
|-weather|RainDance|[upkeep]
|upkeep
|turn|7
|
|t:|1756169459
|move|p1b: Garchomp|Protect|p1b: Garchomp
|-singleturn|p1b: Garchomp|Protect
|move|p2a: Kingambit|Sucker Punch||[still]
|-fail|p2a: Kingambit
|move|p2b: Pelipper|Weather Ball|p1b: Garchomp
|-activate|p1b: Garchomp|move: Protect
|
|-weather|none
|-sideend|p2: XB493|move: Tailwind
|upkeep
|turn|8
|
|t:|1756169474
|move|p2a: Kingambit|Sucker Punch|p1b: Garchomp
|-damage|p1b: Garchomp|0 fnt
|-damage|p2a: Kingambit|88/100|[from] ability: Rough Skin|[of] p1b: Garchomp
|faint|p1b: Garchomp
|
|win|XB493
|raw|RosieAndJim's rating: 1130 → 1110(-20 for losing)
|raw|XB493's rating: 1202 → 1222(+20 for winning)
