|j|☆Recentclaw
|j|☆ZekromAllDay
|html|RecentclawZekromAllDay    
|uhtml|bestof|Game 2 of a best-of-3
|t:|1757785490
|gametype|doubles
|player|p1|Recentclaw|giovanni|1109
|player|p2|ZekromAllDay|170|1211
|gen|9
|tier|[Gen 9] VGC 2025 Reg H (Bo3)
|rated|
|rule|Species Clause: Limit one of each Pokémon
|rule|Item Clause: Limit 1 of each item
|clearpoke
|poke|p1|Sneasler, L50, F|
|poke|p1|Dragonite, L50, F|
|poke|p1|Incineroar, L50, M|
|poke|p1|Ursaluna-Bloodmoon, L50, M|
|poke|p1|Gholdengo, L50|
|poke|p1|Amoonguss, L50, M|
|poke|p2|Basculegion, L50, M|
|poke|p2|Dragonite, L50, M|
|poke|p2|Indeedee, L50, M|
|poke|p2|Sneasler, L50, M|
|poke|p2|Volcarona, L50, M|
|poke|p2|Electrode-Hisui, L50|
|teampreview|4
|showteam|p1|Sneasler||FocusSash|Unburden|DireClaw,CloseCombat,FakeOut,Protect|||F|||50|,,,,,Fairy]Dragonite||LoadedDice|InnerFocus|Haze,ScaleShot,Tailwind,ExtremeSpeed|||F|||50|,,,,,Fairy]Incineroar||SafetyGoggles|Intimidate|FakeOut,FlareBlitz,KnockOff,PartingShot|||M|||50|,,,,,Grass]Ursaluna-Bloodmoon||AssaultVest|MindsEye|BloodMoon,EarthPower,HyperVoice,Snarl|||M|||50|,,,,,Water]Gholdengo||GrassySeed|GoodasGold|MakeItRain,ShadowBall,NastyPlot,Protect||||||50|,,,,,Dragon]Amoonguss||RoomService|Regenerator|Spore,RagePowder,PollenPuff,Protect|||M|||50|,,,,,Water
|showteam|p2|Basculegion||ChoiceScarf|Adaptability|WaveCrash,LastRespects,AquaJet,FlipTurn|||M|||50|,,,,,Grass]Dragonite||LoadedDice|InnerFocus|ScaleShot,Tailwind,Haze,Protect|||M|||50|,,,,,Fairy]Indeedee||FocusSash|PsychicSurge|ExpandingForce,TrickRoom,TeraBlast,Protect|||M|||50|,,,,,Fighting]Sneasler||PsychicSeed|Unburden|CloseCombat,ThroatChop,DireClaw,Protect|||M|||50|,,,,,Dark]Volcarona||CovertCloak|FlameBody|QuiverDance,HeatWave,TeraBlast,Protect|||M|||50|,,,,,Fairy]Electrode-Hisui||SitrusBerry|Soundproof|Electroweb,VoltSwitch,Taunt,Protect||||||50|,,,,,Electric
|inactive|Battle timer is ON: inactive players will automatically lose when time's up. (requested by Recentclaw)
|
|t:|1757785520
|teamsize|p1|4
|teamsize|p2|4
|start
|switch|p1a: Free|Dragonite, L50, F|100/100
|switch|p1b: Your Idol|Incineroar, L50, M|100/100
|switch|p2a: Electrode|Electrode-Hisui, L50|100/100
|switch|p2b: Volcarona|Volcarona, L50, M, shiny|100/100
|-ability|p1b: Your Idol|Intimidate|boost
|-unboost|p2a: Electrode|atk|1
|-unboost|p2b: Volcarona|atk|1
|turn|1
|inactive|ZekromAllDay has 30 seconds left.
|
|t:|1757785553
|switch|p2a: Indeedee|Indeedee, L50, M|100/100
|-fieldstart|move: Psychic Terrain|[from] ability: Psychic Surge|[of] p2a: Indeedee
|-terastallize|p2b: Volcarona|Fairy
|move|p2b: Volcarona|Quiver Dance|p2b: Volcarona
|-boost|p2b: Volcarona|spa|1
|-boost|p2b: Volcarona|spd|1
|-boost|p2b: Volcarona|spe|1
|move|p1a: Free|Tailwind|p1a: Free
|-sidestart|p1: Recentclaw|move: Tailwind
|move|p1b: Your Idol|Flare Blitz|p2a: Indeedee
|-enditem|p2a: Indeedee|Focus Sash
|-damage|p2a: Indeedee|1/100
|-damage|p1b: Your Idol|77/100|[from] Recoil
|
|upkeep
|turn|2
|inactive|Recentclaw has 30 seconds left.
|
|t:|1757785585
|switch|p1a: Soda Pop|Amoonguss, L50, M|100/100
|move|p2a: Indeedee|Protect|p2a: Indeedee
|-singleturn|p2a: Indeedee|Protect
|move|p2b: Volcarona|Quiver Dance|p2b: Volcarona
|-boost|p2b: Volcarona|spa|1
|-boost|p2b: Volcarona|spd|1
|-boost|p2b: Volcarona|spe|1
|move|p1b: Your Idol|Parting Shot|p2b: Volcarona
|-unboost|p2b: Volcarona|atk|1
|-unboost|p2b: Volcarona|spa|1
|
|t:|1757785592
|switch|p1b: Free|Dragonite, L50, F|100/100|[from] Parting Shot
|
|upkeep
|turn|3
|
|t:|1757785602
|switch|p2a: Electrode|Electrode-Hisui, L50|100/100
|switch|p1a: Your Idol|Incineroar, L50, M|77/100
|-ability|p1a: Your Idol|Intimidate|boost
|-unboost|p2a: Electrode|atk|1
|-unboost|p2b: Volcarona|atk|1
|move|p2b: Volcarona|Protect|p2b: Volcarona
|-singleturn|p2b: Volcarona|Protect
|move|p1b: Free|Haze|p1b: Free
|-clearallboost
|
|upkeep
|turn|4
|
|t:|1757785624
|move|p1b: Free|Scale Shot|p2a: Electrode|[miss]
|-miss|p1b: Free|p2a: Electrode
|move|p2a: Electrode|Electroweb|p1b: Free|[spread] p1a,p1b
|-damage|p1a: Your Idol|68/100
|-damage|p1b: Free|88/100
|-unboost|p1a: Your Idol|spe|1
|-unboost|p1b: Free|spe|1
|move|p2b: Volcarona|Quiver Dance|p2b: Volcarona
|-boost|p2b: Volcarona|spa|1
|-boost|p2b: Volcarona|spd|1
|-boost|p2b: Volcarona|spe|1
|move|p1a: Your Idol|Parting Shot|p2b: Volcarona
|-unboost|p2b: Volcarona|atk|1
|-unboost|p2b: Volcarona|spa|1
|
|t:|1757785629
|switch|p1a: Soda Pop|Amoonguss, L50, M|100/100|[from] Parting Shot
|
|-sideend|p1: Recentclaw|move: Tailwind
|upkeep
|turn|5
|
|t:|1757785641
|move|p1a: Soda Pop|Rage Powder|p1a: Soda Pop
|-singleturn|p1a: Soda Pop|move: Rage Powder
|move|p2a: Electrode|Taunt|p1a: Soda Pop
|-start|p1a: Soda Pop|move: Taunt
|move|p2b: Volcarona|Quiver Dance|p2b: Volcarona
|-boost|p2b: Volcarona|spa|1
|-boost|p2b: Volcarona|spd|1
|-boost|p2b: Volcarona|spe|1
|move|p1b: Free|Tailwind|p1b: Free
|-sidestart|p1: Recentclaw|move: Tailwind
|
|-fieldend|move: Psychic Terrain
|upkeep
|turn|6
|
|t:|1757785651
|switch|p1b: Your Idol|Incineroar, L50, M|68/100
|-ability|p1b: Your Idol|Intimidate|boost
|-unboost|p2a: Electrode|atk|1
|-unboost|p2b: Volcarona|atk|1
|move|p2b: Volcarona|Quiver Dance|p2b: Volcarona
|-boost|p2b: Volcarona|spa|1
|-boost|p2b: Volcarona|spd|1
|-boost|p2b: Volcarona|spe|1
|move|p2a: Electrode|Taunt|p1b: Your Idol
|-start|p1b: Your Idol|move: Taunt
|move|p1a: Soda Pop|Pollen Puff|p1b: Your Idol
|-heal|p1b: Your Idol|100/100
|
|upkeep
|turn|7
|
|t:|1757785672
|switch|p1a: Free|Dragonite, L50, F|88/100
|move|p1b: Your Idol|Fake Out|p2b: Volcarona
|-crit|p2b: Volcarona
|-damage|p2b: Volcarona|74/100
|move|p2b: Volcarona|Quiver Dance|p2b: Volcarona
|-boost|p2b: Volcarona|spa|1
|-boost|p2b: Volcarona|spd|1
|-boost|p2b: Volcarona|spe|1
|move|p2a: Electrode|Electroweb|p1b: Your Idol|[spread] p1a,p1b
|-damage|p1a: Free|78/100
|-damage|p1b: Your Idol|91/100
|-unboost|p1a: Free|spe|1
|-unboost|p1b: Your Idol|spe|1
|
|upkeep
|turn|8
|
|t:|1757785687
|switch|p1a: Soda Pop|Amoonguss, L50, M|100/100
|move|p2b: Volcarona|Tera Blast|p1a: Soda Pop|[anim] Tera Blast Fairy
|-resisted|p1a: Soda Pop
|-damage|p1a: Soda Pop|49/100
|move|p2a: Electrode|Taunt|p1a: Soda Pop
|-start|p1a: Soda Pop|move: Taunt
|move|p1b: Your Idol|Flare Blitz|p2a: Electrode
|-supereffective|p2a: Electrode
|-damage|p2a: Electrode|0 fnt
|faint|p2a: Electrode
|-damage|p1b: Your Idol|62/100|[from] Recoil
|
|-end|p1b: Your Idol|move: Taunt
|-sideend|p1: Recentclaw|move: Tailwind
|upkeep
|
|t:|1757785697
|switch|p2a: Indeedee|Indeedee, L50, M|1/100
|-fieldstart|move: Psychic Terrain|[from] ability: Psychic Surge|[of] p2a: Indeedee
|turn|9
|inactive|Recentclaw has 30 seconds left.
|
|t:|1757785723
|switch|p1a: Free|Dragonite, L50, F|78/100
|move|p2b: Volcarona|Tera Blast|p1b: Your Idol|[anim] Tera Blast Fairy
|-damage|p1b: Your Idol|0 fnt
|faint|p1b: Your Idol
|move|p2a: Indeedee|Expanding Force|p1a: Free
|-damage|p1a: Free|7/100
|
|upkeep
|
|t:|1757785728
|switch|p1b: Sounds Like|Ursaluna-Bloodmoon, L50, M|100/100
|turn|10
|
|t:|1757785745
|-terastallize|p1b: Sounds Like|Water
|move|p2a: Indeedee|Protect|p2a: Indeedee
|-singleturn|p2a: Indeedee|Protect
|move|p2b: Volcarona|Tera Blast|p1a: Free|[anim] Tera Blast Fairy
|-supereffective|p1a: Free
|-damage|p1a: Free|0 fnt
|faint|p1a: Free
|move|p1b: Sounds Like|Snarl|p2b: Volcarona|[spread] p2b
|-activate|p2a: Indeedee|move: Protect
|-resisted|p2b: Volcarona
|-damage|p2b: Volcarona|72/100
|
|upkeep
|
|t:|1757785754
|switch|p1a: Soda Pop|Amoonguss, L50, M|82/100
|turn|11
|
|t:|1757785761
|move|p1a: Soda Pop|Protect|p1a: Soda Pop
|-singleturn|p1a: Soda Pop|Protect
|move|p2b: Volcarona|Heat Wave|p1b: Sounds Like|[spread] p1b
|-activate|p1a: Soda Pop|move: Protect
|-resisted|p1b: Sounds Like
|-crit|p1b: Sounds Like
|-damage|p1b: Sounds Like|50/100
|-status|p1b: Sounds Like|brn
|move|p2a: Indeedee|Expanding Force|p1b: Sounds Like|[spread] p1b
|-activate|p1a: Soda Pop|move: Protect
|-damage|p1b: Sounds Like|15/100 brn
|move|p1b: Sounds Like|Snarl|p2a: Indeedee|[spread] p2a,p2b
|-supereffective|p2a: Indeedee
|-resisted|p2b: Volcarona
|-damage|p2a: Indeedee|0 fnt
|-damage|p2b: Volcarona|70/100
|faint|p2a: Indeedee
|
|-damage|p1b: Sounds Like|9/100 brn|[from] brn
|upkeep
|
|t:|1757785764
|switch|p2a: Basculegion|Basculegion, L50, M|100/100
|turn|12
|-message|Recentclaw forfeited.
|
|win|ZekromAllDay
|raw|Recentclaw's rating: 1109 → 1091(-18 for losing)
|raw|ZekromAllDay's rating: 1211 → 1229(+18 for winning)
