|j|☆luckstat10
|j|☆JingoVGC
|html|luckstat10JingoVGC    
|uhtml|bestof|Game 1 of a best-of-3
|t:|1784585351
|gametype|doubles
|player|p1|luckstat10|dawn|1118
|player|p2|JingoVGC|iris-gen5bw2|1168
|gen|9
|tier|[Gen 9 Champions] VGC 2026 Reg M-B (Bo3)
|rated|
|rule|Species Clause: Limit one of each Pokémon
|rule|Item Clause: Limit 1 of each item
|clearpoke
|poke|p1|Charizard, L50, F|
|poke|p1|Venusaur, L50, F|
|poke|p1|Garchomp, L50, F|
|poke|p1|Incineroar, L50, M, shiny|
|poke|p1|Milotic, L50, F, shiny|
|poke|p1|Whimsicott, L50, F, shiny|
|poke|p2|Gengar, L50, M, shiny|
|poke|p2|Incineroar, L50, M, shiny|
|poke|p2|Toxapex, L50, M, shiny|
|poke|p2|Sinistcha, L50|
|poke|p2|Lycanroc-Dusk, L50, M, shiny|
|poke|p2|Vivillon-Icy Snow, L50, F, shiny|
|teampreview|4
|showteam|p1|Charizard||CharizarditeY|Blaze|HeatWave,WeatherBall,SolarBeam,Protect|Timid||F|||50|]Venusaur||MiracleSeed|Chlorophyll|EnergyBall,SludgeBomb,SleepPowder,Protect|Modest||F|||50|]Garchomp||LifeOrb|RoughSkin|DragonClaw,RockSlide,Earthquake,Protect|Jolly||F|||50|]Incineroar||SitrusBerry|Intimidate|FakeOut,PartingShot,Taunt,FlareBlitz|Impish||M|||50|]Milotic||MysticWater|Competitive|Scald,IceBeam,Recover,Protect|Modest||F|||50|]Whimsicott||FocusSash|Prankster|Tailwind,Moonblast,Encore,Protect|Timid||F|||50|
|showteam|p2|Gengar||Gengarite|CursedBody|Protect,PerishSong,Disable,ShadowBall|Bold||M|||50|]Incineroar||PasshoBerry|Intimidate|Protect,FakeOut,DarkestLariat,PartingShot|Sassy||M|||50|]Toxapex||Leftovers|Regenerator|BanefulBunker,Infestation,Toxic,WideGuard|Relaxed||M|||50|]Sinistcha||SitrusBerry|Hospitality|Protect,RagePowder,MatchaGotcha,StrengthSap|Bold|||||50|]Lycanroc-Dusk||FocusSash|ToughClaws|Protect,RockSlide,Accelerock,Snarl|Jolly||M|||50|]Vivillon-Icy Snow||WideLens|CompoundEyes|Protect,PollenPuff,RagePowder,SleepPowder|Timid||F|||50|
|
|t:|1784585396
|teamsize|p1|4
|teamsize|p2|4
|start
|switch|p1a: Incineroar|Incineroar, L50, M, shiny|100/100
|switch|p1b: Whimsicott|Whimsicott, L50, F, shiny|100/100
|switch|p2a: Vivillon|Vivillon-Icy Snow, L50, F, shiny|100/100
|switch|p2b: Lycanroc|Lycanroc-Dusk, L50, M, shiny|100/100
|-ability|p1a: Incineroar|Intimidate|boost
|-unboost|p2a: Vivillon|atk|1
|-unboost|p2b: Lycanroc|atk|1
|turn|1
|
|t:|1784585431
|switch|p2b: Gengar|Gengar, L50, M, shiny|100/100
|move|p2a: Vivillon|Protect|p2a: Vivillon
|-singleturn|p2a: Vivillon|Protect
|move|p1a: Incineroar|Fake Out|p2a: Vivillon
|-activate|p2a: Vivillon|move: Protect
|move|p1b: Whimsicott|Moonblast|p2b: Gengar
|-resisted|p2b: Gengar|1
|-damage|p2b: Gengar|78/100
|-start|p1b: Whimsicott|Disable|Moonblast|[from] ability: Cursed Body|[of] p2b: Gengar
|
|upkeep
|turn|2
|inactive|Battle timer is ON: inactive players will automatically lose when time's up. (requested by JingoVGC)
|
|t:|1784585459
|detailschange|p2b: Gengar|Gengar-Mega, L50, M, shiny
|-mega|p2b: Gengar|Gengar|Gengarite
|move|p1b: Whimsicott|Encore|p2a: Vivillon
|-start|p2a: Vivillon|Encore
|move|p2a: Vivillon|Protect|p2a: Vivillon
|-singleturn|p2a: Vivillon|Protect
|move|p2b: Gengar|Perish Song|p2b: Gengar
|-start|p1a: Incineroar|perish3|[silent]
|-start|p1b: Whimsicott|perish3|[silent]
|-start|p2a: Vivillon|perish3|[silent]
|-start|p2b: Gengar|perish3|[silent]
|-fieldactivate|move: Perish Song
|move|p1a: Incineroar|Parting Shot|p2b: Gengar
|-unboost|p2b: Gengar|atk|1
|-unboost|p2b: Gengar|spa|1
|
|t:|1784585472
|switch|p1a: Menace >:3|Garchomp, L50, F|100/100|[from] Parting Shot
|
|-start|p1b: Whimsicott|perish3
|-start|p2a: Vivillon|perish3
|-start|p2b: Gengar|perish3
|upkeep
|turn|3
|
|t:|1784585485
|switch|p2a: Sinistcha|Sinistcha, L50|100/100
|-heal|p2b: Gengar|100/100|[from] ability: Hospitality|[of] p2a: Sinistcha
|move|p2b: Gengar|Protect|p2b: Gengar
|-singleturn|p2b: Gengar|Protect
|move|p1b: Whimsicott|Tailwind|p1b: Whimsicott
|-sidestart|p1: luckstat10|move: Tailwind
|move|p1a: Menace >:3|Earthquake|p2b: Gengar|[spread] p1b,p2a
|-activate|p2b: Gengar|move: Protect
|-resisted|p1b: Whimsicott|1
|-resisted|p2a: Sinistcha|1
|-crit|p2a: Sinistcha
|-damage|p1b: Whimsicott|59/100
|-damage|p2a: Sinistcha|70/100
|-damage|p1a: Menace >:3|90/100|[from] item: Life Orb
|
|-start|p1b: Whimsicott|perish2
|-start|p2b: Gengar|perish2
|upkeep
|turn|4
|
|t:|1784585505
|switch|p2b: Vivillon|Vivillon-Icy Snow, L50, F, shiny|100/100
|move|p1b: Whimsicott|Encore||[still]
|-fail|p1b: Whimsicott
|move|p1a: Menace >:3|Earthquake|p2a: Sinistcha|[spread] p1b,p2a
|-immune|p2b: Vivillon
|-resisted|p1b: Whimsicott|1
|-resisted|p2a: Sinistcha|1
|-damage|p1b: Whimsicott|21/100
|-damage|p2a: Sinistcha|51/100
|-damage|p1a: Menace >:3|80/100|[from] item: Life Orb
|move|p2a: Sinistcha|Matcha Gotcha|p1a: Menace >:3|[spread] p1b
|-miss|p2a: Sinistcha|p1a: Menace >:3
|-resisted|p1b: Whimsicott|1
|-damage|p1b: Whimsicott|1/100
|-heal|p2a: Sinistcha|58/100|[from] drain|[of] p1b: Whimsicott
|
|-end|p1b: Whimsicott|Disable
|-start|p1b: Whimsicott|perish1
|upkeep
|turn|5
|inactive|JingoVGC has 30 seconds left.
|
|t:|1784585538
|move|p1b: Whimsicott|Moonblast|p2a: Sinistcha
|-damage|p2a: Sinistcha|24/100
|-unboost|p2a: Sinistcha|spa|1
|-enditem|p2a: Sinistcha|Sitrus Berry|[eat]
|-heal|p2a: Sinistcha|49/100|[from] item: Sitrus Berry
|move|p1a: Menace >:3|Dragon Claw|p2a: Sinistcha
|-damage|p2a: Sinistcha|10/100
|-damage|p1a: Menace >:3|70/100|[from] item: Life Orb
|move|p2b: Vivillon|Sleep Powder|p1b: Whimsicott
|-immune|p1b: Whimsicott
|move|p2a: Sinistcha|Strength Sap|p1a: Menace >:3
|-unboost|p1a: Menace >:3|atk|1
|-heal|p2a: Sinistcha|100/100
|
|-start|p1b: Whimsicott|perish0
|faint|p1b: Whimsicott
|upkeep
|
|t:|1784585545
|switch|p1b: Surtur|Charizard, L50, F|100/100
|turn|6
|inactive|JingoVGC has 30 seconds left.
|
|t:|1784585578
|detailschange|p1b: Surtur|Charizard-Mega-Y, L50, F
|-mega|p1b: Surtur|Charizard|Charizardite Y
|-weather|SunnyDay|[from] ability: Drought|[of] p1b: Surtur
|move|p1a: Menace >:3|Earthquake|p2b: Vivillon|[spread] p2a
|-immune|p1b: Surtur
|-immune|p2b: Vivillon
|-resisted|p2a: Sinistcha|1
|-damage|p2a: Sinistcha|87/100
|-damage|p1a: Menace >:3|61/100|[from] item: Life Orb
|move|p1b: Surtur|Heat Wave|p2b: Vivillon|[spread] p2a
|-miss|p1b: Surtur|p2b: Vivillon
|-supereffective|p2a: Sinistcha|1
|-damage|p2a: Sinistcha|0 fnt
|faint|p2a: Sinistcha
|move|p2b: Vivillon|Sleep Powder|p1b: Surtur
|-status|p1b: Surtur|slp|[from] move: Sleep Powder
|
|-weather|SunnyDay|[upkeep]
|-sideend|p1: luckstat10|move: Tailwind
|upkeep
|
|t:|1784585597
|switch|p2a: Gengar|Gengar-Mega, L50, M, shiny|100/100
|turn|7
|
|t:|1784585617
|move|p2a: Gengar|Protect|p2a: Gengar
|-singleturn|p2a: Gengar|Protect
|move|p1a: Menace >:3|Rock Slide|p2b: Vivillon|[spread] p2b
|-activate|p2a: Gengar|move: Protect
|-supereffective|p2b: Vivillon|2
|-damage|p2b: Vivillon|0 fnt
|faint|p2b: Vivillon
|-damage|p1a: Menace >:3|51/100|[from] item: Life Orb
|cant|p1b: Surtur|slp
|
|-weather|SunnyDay|[upkeep]
|upkeep
|-message|JingoVGC forfeited.
|
|win|luckstat10
|l|☆JingoVGC
|player|p2|
||JingoVGC is ready for game 2.
||luckstat10 is ready for game 2.
|uhtml|next|Next: Game 2 of 3
