|j|☆bloodmoon8
|j|☆PuniHina
|html|bloodmoon8PuniHina    
|uhtml|bestof|Game 3 of a best-of-3
|t:|1755550040
|gametype|doubles
|player|p1|bloodmoon8|n|1319
|player|p2|PuniHina|lacey|1358
|gen|9
|tier|[Gen 9] VGC 2025 Reg H (Bo3)
|rated|
|rule|Species Clause: Limit one of each Pokémon
|rule|Item Clause: Limit 1 of each item
|clearpoke
|poke|p1|Sneasler, L50, M|
|poke|p1|Gholdengo, L50|
|poke|p1|Tyranitar, L50, F|
|poke|p1|Incineroar, L50, M|
|poke|p1|Amoonguss, L50, F|
|poke|p1|Rillaboom, L50, M|
|poke|p2|Kingambit, L50, M|
|poke|p2|Volcarona, L50, F|
|poke|p2|Annihilape, L50, F|
|poke|p2|Rillaboom, L50, F|
|poke|p2|Electabuzz, L50, F|
|poke|p2|Dragonite, L50, M|
|teampreview|4
|showteam|p1|Sneasler||FocusSash|PoisonTouch|DireClaw,CloseCombat,FakeOut,Protect|||M|||50|,,,,,Stellar]Gholdengo||GrassySeed|GoodasGold|MakeItRain,ShadowBall,NastyPlot,Protect||||||50|,,,,,Water]Tyranitar||AssaultVest|SandStream|RockSlide,KnockOff,LowKick,TeraBlast|||F|||50|,,,,,Flying]Incineroar||SafetyGoggles|Intimidate|FlareBlitz,KnockOff,PartingShot,FakeOut|||M|||50|,,,,,Ghost]Amoonguss||SitrusBerry|Regenerator|ClearSmog,PollenPuff,Spore,RagePowder|||F|||50|,,,,,Water]Rillaboom||MiracleSeed|GrassySurge|WoodHammer,GrassyGlide,HighHorsepower,FakeOut|||M|||50|,,,,,Fire
|showteam|p2|Kingambit||BlackGlasses|Defiant|KowtowCleave,SuckerPunch,Protect,SwordsDance|||M|||50|,,,,,Dark]Volcarona||CovertCloak|FlameBody|TeraBlast,HeatWave,WillOWisp,QuiverDance|||F|||50|,,,,,Fairy]Annihilape||SafetyGoggles|Defiant|CloseCombat,RageFist,Coaching,FinalGambit|||F|||50|,,,,,Water]Rillaboom||AssaultVest|GrassySurge|WoodHammer,GrassyGlide,FakeOut,KnockOff|||F|||50|,,,,,Fire]Electabuzz||Eviolite|VitalSpirit|Electroweb,HelpingHand,Protect,FollowMe|||F|||50|,,,,,Dragon]Dragonite||LoadedDice|Multiscale|ScaleShot,StompingTantrum,Protect,Haze|||M|||50|,,,,,Ground
|inactive|Battle timer is ON: inactive players will automatically lose when time's up. (requested by bloodmoon8)
|inactive|bloodmoon8 has 60 seconds left.
|
|t:|1755550086
|teamsize|p1|4
|teamsize|p2|4
|start
|switch|p1a: Sneasler|Sneasler, L50, M, shiny|100/100
|switch|p1b: Amoonguss|Amoonguss, L50, F, shiny|100/100
|switch|p2a: Volcarona|Volcarona, L50, F|100/100
|switch|p2b: Annihilape|Annihilape, L50, F|100/100
|turn|1
|
|t:|1755550099
|switch|p2a: Electabuzz|Electabuzz, L50, F|100/100
|-terastallize|p1b: Amoonguss|Water
|move|p1a: Sneasler|Dire Claw|p2b: Annihilape
|-resisted|p2b: Annihilape
|-damage|p2b: Annihilape|80/100
|-status|p2b: Annihilape|par
|move|p2b: Annihilape|Rage Fist|p1a: Sneasler
|-damage|p1a: Sneasler|34/100
|move|p1b: Amoonguss|Spore|p2a: Electabuzz
|-immune|p2a: Electabuzz|[from] ability: Vital Spirit
|
|upkeep
|turn|2
|
|t:|1755550119
|switch|p1b: Tyranitar|Tyranitar, L50, F, shiny|100/100
|-weather|Sandstorm|[from] ability: Sand Stream|[of] p1b: Tyranitar
|move|p1a: Sneasler|Dire Claw|p2a: Electabuzz
|-damage|p2a: Electabuzz|61/100
|move|p2a: Electabuzz|Electroweb|p1b: Tyranitar|[spread] p1a,p1b
|-damage|p1a: Sneasler|17/100
|-damage|p1b: Tyranitar|94/100
|-unboost|p1a: Sneasler|spe|1
|-unboost|p1b: Tyranitar|spe|1
|move|p2b: Annihilape|Rage Fist|p1b: Tyranitar
|-resisted|p1b: Tyranitar
|-damage|p1b: Tyranitar|76/100
|
|-weather|Sandstorm|[upkeep]
|-damage|p2a: Electabuzz|55/100|[from] Sandstorm
|-damage|p1a: Sneasler|11/100|[from] Sandstorm
|upkeep
|turn|3
|
|t:|1755550142
|switch|p2b: Rillaboom|Rillaboom, L50, F|100/100
|-fieldstart|move: Grassy Terrain|[from] ability: Grassy Surge|[of] p2b: Rillaboom
|move|p2a: Electabuzz|Protect|p2a: Electabuzz
|-singleturn|p2a: Electabuzz|Protect
|move|p1a: Sneasler|Dire Claw|p2a: Electabuzz
|-activate|p2a: Electabuzz|move: Protect
|move|p1b: Tyranitar|Rock Slide|p2b: Rillaboom|[spread] p2b
|-activate|p2a: Electabuzz|move: Protect
|-damage|p2b: Rillaboom|73/100
|
|-weather|Sandstorm|[upkeep]
|-damage|p2a: Electabuzz|49/100|[from] Sandstorm
|-damage|p1a: Sneasler|5/100|[from] Sandstorm
|-damage|p2b: Rillaboom|67/100|[from] Sandstorm
|-heal|p2a: Electabuzz|55/100|[from] Grassy Terrain
|-heal|p1a: Sneasler|11/100|[from] Grassy Terrain
|-heal|p2b: Rillaboom|73/100|[from] Grassy Terrain
|-heal|p1b: Tyranitar|82/100|[from] Grassy Terrain
|upkeep
|turn|4
|
|t:|1755550163
|switch|p1a: Gholdengo|Gholdengo, L50|100/100
|-enditem|p1a: Gholdengo|Grassy Seed
|-boost|p1a: Gholdengo|def|1|[from] item: Grassy Seed
|switch|p1b: Amoonguss|Amoonguss, L50, F, shiny, tera:Water|100/100
|move|p2a: Electabuzz|Electroweb|p1a: Gholdengo|[spread] p1a,p1b
|-supereffective|p1b: Amoonguss
|-crit|p1b: Amoonguss
|-damage|p1a: Gholdengo|87/100
|-damage|p1b: Amoonguss|72/100
|-unboost|p1a: Gholdengo|spe|1
|-unboost|p1b: Amoonguss|spe|1
|move|p2b: Rillaboom|Wood Hammer|p1b: Amoonguss
|-supereffective|p1b: Amoonguss
|-damage|p1b: Amoonguss|0 fnt
|faint|p1b: Amoonguss
|-damage|p2b: Rillaboom|48/100|[from] Recoil
|
|-weather|Sandstorm|[upkeep]
|-damage|p2a: Electabuzz|49/100|[from] Sandstorm
|-damage|p2b: Rillaboom|42/100|[from] Sandstorm
|-heal|p2a: Electabuzz|55/100|[from] Grassy Terrain
|-heal|p2b: Rillaboom|48/100|[from] Grassy Terrain
|-heal|p1a: Gholdengo|93/100|[from] Grassy Terrain
|upkeep
|
|t:|1755550173
|switch|p1b: Sneasler|Sneasler, L50, M, shiny|11/100
|turn|5
|inactive|bloodmoon8 has 30 seconds left.
|
|t:|1755550198
|switch|p2b: Volcarona|Volcarona, L50, F|100/100
|move|p1b: Sneasler|Fake Out|p2b: Volcarona
|-damage|p2b: Volcarona|83/100
|-status|p1b: Sneasler|brn|[from] ability: Flame Body|[of] p2b: Volcarona
|move|p2a: Electabuzz|Electroweb|p1b: Sneasler|[spread] p1a,p1b
|-damage|p1a: Gholdengo|78/100
|-damage|p1b: Sneasler|0 fnt
|-unboost|p1a: Gholdengo|spe|1
|faint|p1b: Sneasler
|move|p1a: Gholdengo|Shadow Ball|p2b: Volcarona
|-damage|p2b: Volcarona|46/100
|
|-weather|Sandstorm|[upkeep]
|-damage|p2b: Volcarona|40/100|[from] Sandstorm
|-damage|p2a: Electabuzz|49/100|[from] Sandstorm
|-heal|p2b: Volcarona|46/100|[from] Grassy Terrain
|-heal|p2a: Electabuzz|55/100|[from] Grassy Terrain
|-heal|p1a: Gholdengo|84/100|[from] Grassy Terrain
|upkeep
|
|t:|1755550204
|switch|p1b: Tyranitar|Tyranitar, L50, F, shiny|82/100
|turn|6
|-message|bloodmoon8 forfeited.
|
|win|PuniHina
|raw|bloodmoon8's rating: 1319 → 1301(-18 for losing)
|raw|PuniHina's rating: 1358 → 1376(+18 for winning)
|l|☆bloodmoon8
|player|p1|
