|j|☆saboyita
|j|☆freudianbreath
|html|saboyitafreudianbreath    
|uhtml|bestof|Game 2 of a best-of-3
|t:|1756420417
|gametype|doubles
|player|p1|saboyita|grimsley|1127
|player|p2|freudianbreath|1|1067
|gen|9
|tier|[Gen 9] VGC 2025 Reg H (Bo3)
|rated|
|rule|Species Clause: Limit one of each Pokémon
|rule|Item Clause: Limit 1 of each item
|clearpoke
|poke|p1|Amoonguss, L50, M|
|poke|p1|Hydreigon, L50, F|
|poke|p1|Whimsicott, L50, M|
|poke|p1|Maushold-Four, L50|
|poke|p1|Annihilape, L50, M|
|poke|p1|Ursaluna-Bloodmoon, L50, M|
|poke|p2|Rillaboom, L50, F|
|poke|p2|Gholdengo, L50|
|poke|p2|Amoonguss, L50, M|
|poke|p2|Sneasler, L50, F|
|poke|p2|Incineroar, L50, F|
|poke|p2|Pelipper, L50, M|
|teampreview|4
|showteam|p1|Amoonguss||MentalHerb|Regenerator|ClearSmog,Spore,RagePowder,Protect|||M|||50|,,,,,Water]Hydreigon||ChoiceSpecs|Levitate|Snarl,HeatWave,DarkPulse,DracoMeteor|||F|||50|,,,,,Ghost]Whimsicott||CovertCloak|Prankster|BeatUp,Encore,HelpingHand,Tailwind|||M|||50|,,,,,Dark]Maushold-Four||WideLens|Technician|PopulationBomb,Taunt,FollowMe,Protect||||||50|,,,,,Ghost]Annihilape||Leftovers|Defiant|RageFist,CloseCombat,FinalGambit,Protect|||M|||50|,,,,,Fire]Ursaluna-Bloodmoon||LifeOrb|MindsEye|HyperVoice,EarthPower,BloodMoon,Protect|||M|||50|,,,,,Water
|showteam|p2|Rillaboom||AssaultVest|GrassySurge|WoodHammer,GrassyGlide,FakeOut,HighHorsepower|||F|||50|,,,,,Fire]Gholdengo||ChoiceSpecs|GoodasGold|MakeItRain,ShadowBall,PowerGem,Thunder||||||50|,,,,,Steel]Amoonguss||RockyHelmet|Regenerator|PollenPuff,Spore,RagePowder,ClearSmog|||M|||50|,,,,,Fairy]Sneasler||GrassySeed|Unburden|FakeOut,CloseCombat,ThroatChop,Protect|||F|||50|,,,,,Dark]Incineroar||SafetyGoggles|Intimidate|FakeOut,KnockOff,WillOWisp,PartingShot|||F|||50|,,,,,Ghost]Pelipper||FocusSash|Drizzle|Hurricane,WeatherBall,Tailwind,Protect|||M|||50|,,,,,Stellar
|inactive|Battle timer is ON: inactive players will automatically lose when time's up. (requested by saboyita)
|inactive|freudianbreath has 60 seconds left.
|inactive|freudianbreath has 30 seconds left.
|inactive|freudianbreath has 20 seconds left.
|inactive|freudianbreath has 15 seconds left.
|inactive|freudianbreath has 10 seconds left.
|
|t:|1756420501
|teamsize|p1|4
|teamsize|p2|4
|start
|switch|p1a: Maushold|Maushold-Four, L50|100/100
|switch|p1b: Hydreigon|Hydreigon, L50, F|100/100
|switch|p2a: Rillaboom|Rillaboom, L50, F|100/100
|switch|p2b: Sneasler|Sneasler, L50, F|100/100
|-fieldstart|move: Grassy Terrain|[from] ability: Grassy Surge|[of] p2a: Rillaboom
|-enditem|p2b: Sneasler|Grassy Seed
|-boost|p2b: Sneasler|def|1|[from] item: Grassy Seed
|turn|1
|inactive|saboyita has 30 seconds left.
|inactive|freudianbreath has 30 seconds left.
|inactive|saboyita has 20 seconds left.
|inactive|freudianbreath has 20 seconds left.
|inactive|freudianbreath has 15 seconds left.
|inactive|freudianbreath has 10 seconds left.
|inactive|saboyita has 15 seconds left.
|inactive|freudianbreath has 5 seconds left.
|inactive|saboyita has 10 seconds left.
|inactive|saboyita has 5 seconds left.
|
|t:|1756420563
|switch|p1a: Amoonguss|Amoonguss, L50, M|100/100
|-terastallize|p1b: Hydreigon|Ghost
|move|p2b: Sneasler|Protect|p2b: Sneasler
|-singleturn|p2b: Sneasler|Protect
|move|p2a: Rillaboom|Fake Out|p1b: Hydreigon
|-immune|p1b: Hydreigon
|move|p1b: Hydreigon|Draco Meteor|p2b: Sneasler
|-activate|p2b: Sneasler|move: Protect
|
|upkeep
|turn|2
|inactive|freudianbreath has 30 seconds left.
|inactive|freudianbreath has 20 seconds left.
|inactive|freudianbreath has 15 seconds left.
|inactive|freudianbreath has 10 seconds left.
|inactive|freudianbreath has 5 seconds left.
|
|t:|1756420616
|switch|p1b: Maushold|Maushold-Four, L50|100/100
|move|p2b: Sneasler|Throat Chop|p1b: Maushold
|-damage|p1b: Maushold|58/100
|-start|p1b: Maushold|Throat Chop|[silent]
|move|p2a: Rillaboom|Wood Hammer|p1b: Maushold
|-damage|p1b: Maushold|0 fnt
|faint|p1b: Maushold
|-damage|p2a: Rillaboom|87/100|[from] Recoil
|move|p1a: Amoonguss|Spore|p2b: Sneasler
|-status|p2b: Sneasler|slp|[from] move: Spore
|
|-heal|p2a: Rillaboom|93/100|[from] Grassy Terrain
|upkeep
|
|t:|1756420630
|switch|p1b: Ursaluna|Ursaluna-Bloodmoon, L50, M|100/100
|turn|3
|inactive|freudianbreath has 30 seconds left.
|
|t:|1756420662
|cant|p2b: Sneasler|slp
|move|p2a: Rillaboom|Wood Hammer|p1b: Ursaluna
|-supereffective|p1b: Ursaluna
|-damage|p1b: Ursaluna|0 fnt
|faint|p1b: Ursaluna
|-damage|p2a: Rillaboom|59/100|[from] Recoil
|move|p1a: Amoonguss|Clear Smog|p2a: Rillaboom
|-supereffective|p2a: Rillaboom
|-damage|p2a: Rillaboom|38/100
|-clearboost|p2a: Rillaboom
|
|-heal|p2a: Rillaboom|44/100|[from] Grassy Terrain
|upkeep
|
|t:|1756420667
|switch|p1b: Hydreigon|Hydreigon, L50, F, tera:Ghost|100/100
|turn|4
|inactive|freudianbreath has 30 seconds left.
|inactive|freudianbreath has 20 seconds left.
|inactive|freudianbreath has 15 seconds left.
|inactive|freudianbreath has 10 seconds left.
|inactive|freudianbreath has 5 seconds left.
|
|t:|1756420718
|move|p2a: Rillaboom|Grassy Glide|p1b: Hydreigon
|-damage|p1b: Hydreigon|54/100
|cant|p2b: Sneasler|slp
|move|p1b: Hydreigon|Snarl|p2a: Rillaboom|[spread] p2a,p2b
|-resisted|p2b: Sneasler
|-damage|p2a: Rillaboom|19/100
|-damage|p2b: Sneasler|77/100 slp
|-unboost|p2a: Rillaboom|spa|1
|-unboost|p2b: Sneasler|spa|1
|move|p1a: Amoonguss|Clear Smog|p2b: Sneasler
|-resisted|p2b: Sneasler
|-damage|p2b: Sneasler|65/100 slp
|-clearboost|p2b: Sneasler
|
|-heal|p2b: Sneasler|71/100 slp|[from] Grassy Terrain
|-heal|p2a: Rillaboom|25/100|[from] Grassy Terrain
|upkeep
|turn|5
|inactive|freudianbreath has 30 seconds left.
|inactive|freudianbreath has 20 seconds left.
|inactive|freudianbreath has 15 seconds left.
|
|t:|1756420761
|move|p2a: Rillaboom|Grassy Glide|p1b: Hydreigon
|-damage|p1b: Hydreigon|9/100
|cant|p2b: Sneasler|slp
|move|p1b: Hydreigon|Snarl|p2b: Sneasler|[spread] p2a,p2b
|-resisted|p2b: Sneasler
|-damage|p2a: Rillaboom|1/100
|-damage|p2b: Sneasler|46/100 slp
|-unboost|p2a: Rillaboom|spa|1
|-unboost|p2b: Sneasler|spa|1
|move|p1a: Amoonguss|Clear Smog|p2b: Sneasler
|-resisted|p2b: Sneasler
|-damage|p2b: Sneasler|34/100 slp
|-clearboost|p2b: Sneasler
|
|-heal|p2b: Sneasler|40/100 slp|[from] Grassy Terrain
|-heal|p2a: Rillaboom|7/100|[from] Grassy Terrain
|-fieldend|move: Grassy Terrain
|upkeep
|turn|6
|inactive|freudianbreath has 30 seconds left.
|inactive|freudianbreath has 20 seconds left.
|
|t:|1756420797
|switch|p2a: Pelipper|Pelipper, L50, M|100/100
|-weather|RainDance|[from] ability: Drizzle|[of] p2a: Pelipper
|move|p1a: Amoonguss|Rage Powder|p1a: Amoonguss
|-singleturn|p1a: Amoonguss|move: Rage Powder
|-curestatus|p2b: Sneasler|slp|[msg]
|move|p2b: Sneasler|Throat Chop|p1a: Amoonguss
|-damage|p1a: Amoonguss|75/100
|-start|p1a: Amoonguss|Throat Chop|[silent]
|move|p1b: Hydreigon|Snarl|p2a: Pelipper|[spread] p2a,p2b
|-resisted|p2b: Sneasler
|-damage|p2a: Pelipper|40/100
|-damage|p2b: Sneasler|17/100
|-unboost|p2a: Pelipper|spa|1
|-unboost|p2b: Sneasler|spa|1
|
|-weather|RainDance|[upkeep]
|upkeep
|turn|7
|inactive|saboyita has 30 seconds left.
|inactive|freudianbreath has 30 seconds left.
|inactive|freudianbreath has 20 seconds left.
|inactive|freudianbreath has 15 seconds left.
|inactive|freudianbreath has 10 seconds left.
|
|t:|1756420844
|move|p1a: Amoonguss|Rage Powder|p1a: Amoonguss
|-singleturn|p1a: Amoonguss|move: Rage Powder
|move|p2b: Sneasler|Throat Chop|p1a: Amoonguss
|-damage|p1a: Amoonguss|51/100
|move|p1b: Hydreigon|Snarl|p2b: Sneasler|[spread] p2a,p2b
|-resisted|p2b: Sneasler
|-damage|p2a: Pelipper|0 fnt
|-damage|p2b: Sneasler|0 fnt
|faint|p2a: Pelipper
|faint|p2b: Sneasler
|
|-weather|RainDance|[upkeep]
|-end|p1a: Amoonguss|Throat Chop|[silent]
|upkeep
|
|t:|1756420851
|switch|p2b: Gholdengo|Gholdengo, L50|100/100
|switch|p2a: Rillaboom|Rillaboom, L50, F|7/100
|-fieldstart|move: Grassy Terrain|[from] ability: Grassy Surge|[of] p2a: Rillaboom
|turn|8
|
|t:|1756420873
|-terastallize|p2b: Gholdengo|Steel
|move|p1a: Amoonguss|Rage Powder|p1a: Amoonguss
|-singleturn|p1a: Amoonguss|move: Rage Powder
|move|p2a: Rillaboom|Grassy Glide|p1b: Hydreigon
|-damage|p1b: Hydreigon|0 fnt
|faint|p1b: Hydreigon
|move|p2b: Gholdengo|Make It Rain|p1a: Amoonguss
|-damage|p1a: Amoonguss|0 fnt
|-unboost|p2b: Gholdengo|spa|1
|faint|p1a: Amoonguss
|
|win|freudianbreath
|raw|saboyita's rating: 1127 → 1098(-29 for losing)
|raw|freudianbreath's rating: 1067 → 1102(+35 for winning)
