|j|☆naibot2814
|j|☆lordtentacle69
|html|naibot2814lordtentacle69    
|uhtml|bestof|Game 2 of a best-of-3
|t:|1784694267
|gametype|doubles
|player|p1|naibot2814|colress|1246
|player|p2|lordtentacle69|corbeau|1394
|gen|9
|tier|[Gen 9 Champions] VGC 2026 Reg M-B (Bo3)
|rated|
|rule|Species Clause: Limit one of each Pokémon
|rule|Item Clause: Limit 1 of each item
|clearpoke
|poke|p1|Charizard, L50, M|
|poke|p1|Whimsicott, L50, F|
|poke|p1|Kingambit, L50, M, shiny|
|poke|p1|Basculegion, L50, M|
|poke|p1|Garchomp, L50, M, shiny|
|poke|p1|Floette-Eternal, L50, F|
|poke|p2|Delphox, L50, M|
|poke|p2|Incineroar, L50, F|
|poke|p2|Maushold-Four, L50|
|poke|p2|Sinistcha, L50|
|poke|p2|Sneasler, L50, M|
|poke|p2|Blastoise, L50, F|
|teampreview|4
|showteam|p1|Charizard||CharizarditeY|Blaze|HeatWave,WeatherBall,SolarBeam,Protect|Modest||M|||50|]Whimsicott||FocusSash|Prankster|Protect,Moonblast,Encore,Tailwind|Timid||F|||50|]Kingambit||BlackGlasses|Defiant|KowtowCleave,SuckerPunch,IronHead,Protect|Adamant||M|||50|]Basculegion||MysticWater|Adaptability|WaveCrash,LastRespects,AquaJet,Protect|Adamant||M|||50|]Garchomp||LifeOrb|RoughSkin|Earthquake,RockSlide,DragonClaw,Protect|Jolly||M|||50|]Floette-Eternal||Floettite|FlowerVeil|Moonblast,DazzlingGleam,LightofRuin,Protect|Modest||F|||50|
|showteam|p2|Delphox||Delphoxite|Blaze|HeatWave,Psychic,NastyPlot,Protect|Timid||M|||50|]Incineroar||SitrusBerry|Intimidate|FakeOut,PartingShot,FlareBlitz,ThroatChop|Impish||F|||50|]Maushold-Four||ChopleBerry|FriendGuard|Feint,HelpingHand,Protect,FollowMe|Impish|||||50|]Sinistcha||KasibBerry|Hospitality|Protect,MatchaGotcha,TrickRoom,RagePowder|Bold|||||50|]Sneasler||FocusSash|PoisonTouch|CloseCombat,PoisonJab,QuickGuard,FakeOut|Adamant||M|||50|]Blastoise||Blastoisinite|RainDish|Protect,WaterSpout,DarkPulse,ShellSmash|Modest||F|||50|
|
|t:|1784694300
|teamsize|p1|4
|teamsize|p2|4
|start
|switch|p1a: Basculegion|Basculegion, L50, M|100/100
|switch|p1b: Whimsicott|Whimsicott, L50, F|100/100
|switch|p2a: Delphox|Delphox, L50, M|100/100
|switch|p2b: Gochujang|Incineroar, L50, F|100/100
|-ability|p2b: Gochujang|Intimidate|boost
|-unboost|p1a: Basculegion|atk|1
|-unboost|p1b: Whimsicott|atk|1
|turn|1
|
|t:|1784694317
|switch|p1b: Charizard|Charizard, L50, M|100/100
|switch|p2b: Green Day|Sinistcha, L50|100/100
|detailschange|p2a: Delphox|Delphox-Mega, L50, M
|-mega|p2a: Delphox|Delphox|Delphoxite
|move|p2a: Delphox|Protect|p2a: Delphox
|-singleturn|p2a: Delphox|Protect
|move|p1a: Basculegion|Wave Crash|p2b: Green Day
|-resisted|p2b: Green Day|1
|-damage|p2b: Green Day|72/100
|-damage|p1a: Basculegion|91/100|[from] Recoil
|
|upkeep
|turn|2
|
|t:|1784694349
|detailschange|p1b: Charizard|Charizard-Mega-Y, L50, M
|-mega|p1b: Charizard|Charizard|Charizardite Y
|-weather|SunnyDay|[from] ability: Drought|[of] p1b: Charizard
|move|p2b: Green Day|Rage Powder|p2b: Green Day
|-singleturn|p2b: Green Day|move: Rage Powder
|move|p2a: Delphox|Nasty Plot|p2a: Delphox
|-boost|p2a: Delphox|spa|2
|move|p1b: Charizard|Weather Ball|p2b: Green Day
|-supereffective|p2b: Green Day|1
|-damage|p2b: Green Day|0 fnt
|faint|p2b: Green Day
|move|p1a: Basculegion|Last Respects|p2a: Delphox
|-supereffective|p2a: Delphox|1
|-damage|p2a: Delphox|51/100
|
|-weather|SunnyDay|[upkeep]
|upkeep
|
|t:|1784694367
|switch|p2b: Gochujang|Incineroar, L50, F|100/100
|-ability|p2b: Gochujang|Intimidate|boost
|-unboost|p1a: Basculegion|atk|1
|-unboost|p1b: Charizard|atk|1
|turn|3
|
|t:|1784694391
|move|p1b: Charizard|Protect|p1b: Charizard
|-singleturn|p1b: Charizard|Protect
|move|p1a: Basculegion|Protect|p1a: Basculegion
|-singleturn|p1a: Basculegion|Protect
|move|p2b: Gochujang|Fake Out|p1b: Charizard
|-activate|p1b: Charizard|move: Protect
|move|p2a: Delphox|Psychic|p1a: Basculegion
|-activate|p1a: Basculegion|move: Protect
|
|-weather|SunnyDay|[upkeep]
|upkeep
|turn|4
|
|t:|1784694404
|switch|p1a: Kingambit|Kingambit, L50, M, shiny|100/100
|move|p2a: Delphox|Protect|p2a: Delphox
|-singleturn|p2a: Delphox|Protect
|move|p1b: Charizard|Heat Wave|p2a: Delphox|[spread] p2b
|-activate|p2a: Delphox|move: Protect
|-resisted|p2b: Gochujang|1
|-damage|p2b: Gochujang|74/100
|move|p2b: Gochujang|Parting Shot|p1b: Charizard
|-unboost|p1b: Charizard|atk|1
|-unboost|p1b: Charizard|spa|1
|
|t:|1784694414
|switch|p2b: MMCH|Maushold-Four, L50|100/100|[from] Parting Shot
|
|-weather|SunnyDay|[upkeep]
|upkeep
|turn|5
|
|t:|1784694427
|move|p1a: Kingambit|Protect|p1a: Kingambit
|-singleturn|p1a: Kingambit|Protect
|move|p2b: MMCH|Follow Me|p2b: MMCH
|-singleturn|p2b: MMCH|move: Follow Me
|move|p2a: Delphox|Heat Wave|p1b: Charizard|[spread] p1b
|-activate|p1a: Kingambit|move: Protect
|-resisted|p1b: Charizard|1
|-damage|p1b: Charizard|50/100g
|move|p1b: Charizard|Weather Ball|p2b: MMCH
|-damage|p2b: MMCH|41/100
|
|-weather|SunnyDay|[upkeep]
|upkeep
|turn|6
|
|t:|1784694438
|move|p2b: MMCH|Follow Me|p2b: MMCH
|-singleturn|p2b: MMCH|move: Follow Me
|move|p1a: Kingambit|Sucker Punch||[still]
|-fail|p1a: Kingambit
|move|p2a: Delphox|Heat Wave|p1a: Kingambit|[spread] p1a,p1b
|-supereffective|p1a: Kingambit|1
|-resisted|p1b: Charizard|1
|-damage|p1a: Kingambit|0 fnt
|-damage|p1b: Charizard|3/100
|faint|p1a: Kingambit
|move|p1b: Charizard|Weather Ball|p2b: MMCH
|-crit|p2b: MMCH
|-damage|p2b: MMCH|0 fnt
|faint|p2b: MMCH
|
|-weather|none
|upkeep
|
|t:|1784694448
|switch|p2b: Gochujang|Incineroar, L50, F|74/100
|switch|p1a: Whimsicott|Whimsicott, L50, F|100/100
|-ability|p2b: Gochujang|Intimidate|boost
|-unboost|p1a: Whimsicott|atk|1
|-unboost|p1b: Charizard|atk|1
|turn|7
|
|t:|1784694465
|move|p1a: Whimsicott|Protect|p1a: Whimsicott
|-singleturn|p1a: Whimsicott|Protect
|move|p2b: Gochujang|Fake Out|p1a: Whimsicott
|-activate|p1a: Whimsicott|move: Protect
|move|p2a: Delphox|Psychic|p1b: Charizard
|-damage|p1b: Charizard|0 fnt
|faint|p1b: Charizard
|
|upkeep
|
|t:|1784694468
|switch|p1b: Basculegion|Basculegion, L50, M|91/100
|turn|8
|
|t:|1784694479
|move|p2a: Delphox|Protect|p2a: Delphox
|-singleturn|p2a: Delphox|Protect
|move|p1a: Whimsicott|Tailwind|p1a: Whimsicott
|-sidestart|p1: naibot2814|move: Tailwind
|move|p1b: Basculegion|Wave Crash|p2a: Delphox
|-activate|p2a: Delphox|move: Protect
|move|p2b: Gochujang|Throat Chop|p1b: Basculegion
|-supereffective|p1b: Basculegion|1
|-crit|p1b: Basculegion
|-damage|p1b: Basculegion|0 fnt
|faint|p1b: Basculegion
|
|upkeep
|turn|9
|-message|naibot2814 forfeited.
|
|win|lordtentacle69
|raw|naibot2814's rating: 1246 → 1231(-15 for losing)
|raw|lordtentacle69's rating: 1394 → 1406(+12 for winning)
|l|☆naibot2814
|player|p1|
