|j|☆FabioVelho
|j|☆cartulo
|html|FabioVelhocartulo    
|uhtml|bestof|Game 1 of a best-of-3
|t:|1782328046
|gametype|doubles
|player|p1|FabioVelho|sage|
|player|p2|cartulo|blue|
|gen|9
|tier|[Gen 9 Champions] VGC 2026 Reg M-B (Bo3)
|rule|Species Clause: Limit one of each Pokémon
|rule|Item Clause: Limit 1 of each item
|clearpoke
|poke|p1|Metagross, L50|
|poke|p1|Kommo-o, L50, M|
|poke|p1|Sylveon, L50, M|
|poke|p1|Aerodactyl, L50, M|
|poke|p1|Incineroar, L50, F|
|poke|p1|Milotic, L50, F|
|poke|p2|Grimmsnarl, L50, M|
|poke|p2|Charizard, L50, F|
|poke|p2|Gallade, L50, M|
|poke|p2|Farigiraf, L50, F|
|poke|p2|Kangaskhan, L50, F|
|poke|p2|Torkoal, L50, M|
|teampreview|4
|showteam|p1|Metagross||Metagrossite|ClearBody|IronHead,PsychicFangs,StompingTantrum,Protect|Adamant|||||50|]Kommo-o||Leftovers|Soundproof|ClangingScales,AuraSphere,ClangorousSoul,Protect|Modest||M|||50|]Sylveon||FairyFeather|Pixilate|HyperVoice,HyperBeam,QuickAttack,Detect|Modest||M|||50|]Aerodactyl||Aerodactylite|Unnerve|RockSlide,DualWingbeat,Tailwind,Protect|Jolly||M|||50|]Incineroar||PasshoBerry|Intimidate|FlareBlitz,ThroatChop,PartingShot,FakeOut|Careful||F|||50|]Milotic||SitrusBerry|Competitive|Scald,IcyWind,LifeDew,Protect|Modest||F|||50|
|showteam|p2|Grimmsnarl||LightClay|Prankster|FakeOut,SpiritBreak,Reflect,LightScreen|Careful||M|||50|]Charizard||CharizarditeY|Blaze|HeatWave,WeatherBall,ScorchingSands,Protect|Modest||F|||50|]Gallade||IronBall|Sharpness|PsychoCut,SacredSword,LeafBlade,TrickRoom|Brave||M|||50|]Farigiraf||SitrusBerry|ArmorTail|Psychic,HyperVoice,TrickRoom,Protect|Quiet||F|||50|]Kangaskhan||Kangaskhanite|EarlyBird|FakeOut,DoubleEdge,HammerArm,Crunch|Adamant||F|||50|]Torkoal||LifeOrb|Drought|Eruption,WeatherBall,EarthPower,Protect|Quiet||M|||50|
|inactive|Battle timer is ON: inactive players will automatically lose when time's up. (requested by cartulo)
|
|t:|1782328072
|teamsize|p1|4
|teamsize|p2|4
|start
|switch|p1a: Metagross|Metagross, L50|100/100
|switch|p1b: Sylveon|Sylveon, L50, M|100/100
|switch|p2a: SOUCARLOS IMENSO|Grimmsnarl, L50, M|100/100
|switch|p2b: Charizard|Charizard, L50, F|100/100
|turn|1
|
|t:|1782328096
|detailschange|p2b: Charizard|Charizard-Mega-Y, L50, F
|-mega|p2b: Charizard|Charizard|Charizardite Y
|-weather|SunnyDay|[from] ability: Drought|[of] p2b: Charizard
|detailschange|p1a: Metagross|Metagross-Mega, L50
|-mega|p1a: Metagross|Metagross|Metagrossite
|move|p1a: Metagross|Protect|p1a: Metagross
|-singleturn|p1a: Metagross|Protect
|move|p2a: SOUCARLOS IMENSO|Fake Out|p1b: Sylveon
|-damage|p1b: Sylveon|87/100
|move|p2b: Charizard|Heat Wave|p1a: Metagross|[spread] p1b
|-activate|p1a: Metagross|move: Protect
|-damage|p1b: Sylveon|33/100
|cant|p1b: Sylveon|flinch
|
|-weather|SunnyDay|[upkeep]
|upkeep
|turn|2
|
|t:|1782328120
|switch|p1a: Milotic|Milotic, L50, F|100/100
|move|p1b: Sylveon|Detect|p1b: Sylveon
|-singleturn|p1b: Sylveon|Protect
|move|p2a: SOUCARLOS IMENSO|Reflect|p2a: SOUCARLOS IMENSO
|-sidestart|p2: cartulo|Reflect
|move|p2b: Charizard|Heat Wave|p1b: Sylveon|[spread] p1a
|-activate|p1b: Sylveon|move: Protect
|-resisted|p1a: Milotic|1
|-damage|p1a: Milotic|75/100
|
|-weather|SunnyDay|[upkeep]
|upkeep
|turn|3
|
|t:|1782328137
|switch|p2b: BOLINHA1578|Farigiraf, L50, F|100/100
|switch|p1b: Incineroar|Incineroar, L50, F|100/100
|-ability|p1b: Incineroar|Intimidate|boost
|-unboost|p2a: SOUCARLOS IMENSO|atk|1
|-unboost|p2b: BOLINHA1578|atk|1
|move|p2a: SOUCARLOS IMENSO|Light Screen|p2a: SOUCARLOS IMENSO
|-sidestart|p2: cartulo|move: Light Screen
|move|p1a: Milotic|Scald|p2b: BOLINHA1578
|-damage|p2b: BOLINHA1578|90/100
|
|-weather|SunnyDay|[upkeep]
|upkeep
|turn|4
|
|t:|1782328154
|switch|p2a: CELSO|Gallade, L50, M|100/100
|move|p1a: Milotic|Life Dew||[still]|[spread] p1a,p1b
|-heal|p1a: Milotic|100/100
|-fail|p1b: Incineroar|heal
|move|p1b: Incineroar|Throat Chop|p2b: BOLINHA1578
|-supereffective|p2b: BOLINHA1578|1
|-damage|p2b: BOLINHA1578|54/100
|-start|p2b: BOLINHA1578|Throat Chop|[silent]
|move|p2b: BOLINHA1578|Trick Room|p2b: BOLINHA1578
|-fieldstart|move: Trick Room|[of] p2b: BOLINHA1578
|
|-weather|SunnyDay|[upkeep]
|upkeep
|turn|5
|
|t:|1782328177
|move|p2a: CELSO|Sacred Sword|p1b: Incineroar
|-supereffective|p1b: Incineroar|1
|-damage|p1b: Incineroar|0 fnt
|faint|p1b: Incineroar
|move|p2b: BOLINHA1578|Psychic|p1a: Milotic
|-damage|p1a: Milotic|71/100
|move|p1a: Milotic|Icy Wind|p2b: BOLINHA1578|[spread] p2a,p2b
|-damage|p2a: CELSO|92/100
|-damage|p2b: BOLINHA1578|47/100
|-unboost|p2a: CELSO|spe|1
|-unboost|p2b: BOLINHA1578|spe|1
|-enditem|p2b: BOLINHA1578|Sitrus Berry|[eat]
|-heal|p2b: BOLINHA1578|72/100|[from] item: Sitrus Berry
|
|-weather|none
|-end|p2b: BOLINHA1578|Throat Chop|[silent]
|upkeep
|
|t:|1782328193
|switch|p1b: Metagross|Metagross-Mega, L50|100/100
|turn|6
|
|t:|1782328213
|move|p1b: Metagross|Protect|p1b: Metagross
|-singleturn|p1b: Metagross|Protect
|move|p2a: CELSO|Leaf Blade|p1a: Milotic
|-supereffective|p1a: Milotic|1
|-damage|p1a: Milotic|0 fnt
|faint|p1a: Milotic
|move|p2b: BOLINHA1578|Hyper Voice|p1b: Metagross
|-activate|p1b: Metagross|move: Protect
|
|upkeep
|
|t:|1782328222
|switch|p1a: Sylveon|Sylveon, L50, M|33/100
|turn|7
|
|t:|1782328227
|move|p2a: CELSO|Sacred Sword|p1b: Metagross
|-damage|p1b: Metagross|44/100
|move|p2b: BOLINHA1578|Hyper Voice|p1b: Metagross|[spread] p1a,p1b
|-resisted|p1b: Metagross|1
|-damage|p1a: Sylveon|8/100
|-damage|p1b: Metagross|29/100
|move|p1a: Sylveon|Hyper Voice|p2b: BOLINHA1578|[spread] p2a,p2b
|-supereffective|p2a: CELSO|1
|-damage|p2a: CELSO|37/100
|-damage|p2b: BOLINHA1578|46/100
|move|p1b: Metagross|Psychic Fangs|p2a: CELSO
|-sideend|p2: cartulo|Reflect
|-sideend|p2: cartulo|move: Light Screen
|-damage|p2a: CELSO|0 fnt
|faint|p2a: CELSO
|
|upkeep
|
|t:|1782328233
|switch|p2a: Charizard|Charizard-Mega-Y, L50, F|100/100
|-weather|SunnyDay|[from] ability: Drought|[of] p2a: Charizard
|turn|8
|
|t:|1782328251
|move|p2a: Charizard|Protect|p2a: Charizard
|-singleturn|p2a: Charizard|Protect
|move|p1b: Metagross|Protect|p1b: Metagross
|-singleturn|p1b: Metagross|Protect
|move|p2b: BOLINHA1578|Hyper Voice|p1b: Metagross|[spread] p1a
|-activate|p1b: Metagross|move: Protect
|-damage|p1a: Sylveon|0 fnt
|faint|p1a: Sylveon
|
|-weather|SunnyDay|[upkeep]
|-fieldend|move: Trick Room
|upkeep
|turn|9
|
|t:|1782328265
|move|p1b: Metagross|Iron Head|p2a: Charizard
|-resisted|p2a: Charizard|1
|-crit|p2a: Charizard
|-damage|p2a: Charizard|49/100
|move|p2a: Charizard|Scorching Sands|p1b: Metagross
|-supereffective|p1b: Metagross|1
|-damage|p1b: Metagross|0 fnt
|faint|p1b: Metagross
|
|win|cartulo
