|j|☆LPTesting1
|j|☆dr_sugus_vgc
|html|LPTesting1dr_sugus_vgc    
|uhtml|bestof|Game 1 of a best-of-3
|t:|1756626715
|gametype|doubles
|player|p1|LPTesting1|102|1132
|player|p2|dr_sugus_vgc|170|1113
|gen|9
|tier|[Gen 9] VGC 2025 Reg H (Bo3)
|rated|
|rule|Species Clause: Limit one of each Pokémon
|rule|Item Clause: Limit 1 of each item
|clearpoke
|poke|p1|Maushold, L50|
|poke|p1|Annihilape, L50, M|
|poke|p1|Sinistcha, L50|
|poke|p1|Pelipper, L50, M|
|poke|p1|Archaludon, L50, M|
|poke|p1|Incineroar, L50, F|
|poke|p2|Tyranitar, L50, F|
|poke|p2|Corviknight, L50, F|
|poke|p2|Garchomp, L50, F|
|poke|p2|Incineroar, L50, F|
|poke|p2|Primarina, L50, F|
|poke|p2|Sinistcha, L50|
|teampreview|4
|showteam|p1|Maushold||SafetyGoggles|FriendGuard|BeatUp,Taunt,FollowMe,Protect||||||50|,,,,,Ghost]Annihilape||Leftovers|Defiant|RageFist,DrainPunch,BulkUp,Protect|||M|||50|,,,,,Grass]Sinistcha||RockyHelmet|Hospitality|MatchaGotcha,LifeDew,TrickRoom,RagePowder||||||50|,,,,,Water]Pelipper||FocusSash|Drizzle|WeatherBall,Hurricane,Tailwind,WideGuard|||M|||50|,,,,,Ghost]Archaludon||AssaultVest|Stamina|ElectroShot,DragonPulse,FlashCannon,BodyPress|||M|||50|,,,,,Grass]Incineroar||SitrusBerry|Intimidate|FlareBlitz,KnockOff,PartingShot,FakeOut|||F|||50|,,,,,Grass
|showteam|p2|Tyranitar||AssaultVest|SandStream|RockSlide,LowKick,TeraBlast,KnockOff|||F|||50|,,,,,Flying]Corviknight||Leftovers|MirrorArmor|BraveBird,BulkUp,Roost,Tailwind|||F|||50|,,,,,Dragon]Garchomp||ClearAmulet|RoughSkin|PoisonJab,StompingTantrum,SwordsDance,Protect|||F|||50|,,,,,Steel]Incineroar||SafetyGoggles|Intimidate|FakeOut,KnockOff,FlareBlitz,PartingShot|||F|||50|,,,,,Ghost]Primarina||ThroatSpray|LiquidVoice|Moonblast,HyperVoice,Haze,Protect|||F|||50|,,,,,Poison]Sinistcha||RockyHelmet|Hospitality|MatchaGotcha,RagePowder,TrickRoom,Protect||||||50|,,,,,Rock
|
|t:|1756626756
|teamsize|p1|4
|teamsize|p2|4
|start
|switch|p1a: Maushold|Maushold, L50|100/100
|switch|p1b: Annihilape|Annihilape, L50, M|100/100
|switch|p2a: Tyranitar|Tyranitar, L50, F|100/100
|switch|p2b: Primarina|Primarina, L50, F|100/100
|-weather|Sandstorm|[from] ability: Sand Stream|[of] p2a: Tyranitar
|turn|1
|
|t:|1756626785
|-terastallize|p1b: Annihilape|Grass
|-terastallize|p2a: Tyranitar|Flying
|move|p1a: Maushold|Beat Up|p1b: Annihilape
|-damage|p1b: Annihilape|99/100
|-damage|p1b: Annihilape|97/100
|-damage|p1b: Annihilape|95/100
|-damage|p1b: Annihilape|93/100
|-hitcount|p1b: Annihilape|4
|move|p1b: Annihilape|Rage Fist|p2b: Primarina
|-damage|p2b: Primarina|0 fnt
|faint|p2b: Primarina
|move|p2a: Tyranitar|Tera Blast|p1b: Annihilape|[anim] Tera Blast Flying
|-supereffective|p1b: Annihilape
|-damage|p1b: Annihilape|28/100
|
|-weather|Sandstorm|[upkeep]
|-damage|p1b: Annihilape|22/100|[from] Sandstorm
|-damage|p2a: Tyranitar|95/100|[from] Sandstorm
|-heal|p1b: Annihilape|28/100|[from] item: Leftovers
|upkeep
|
|t:|1756626807
|switch|p2b: Corviknight|Corviknight, L50, F|100/100
|turn|2
|
|t:|1756626837
|move|p1a: Maushold|Follow Me|p1a: Maushold
|-singleturn|p1a: Maushold|move: Follow Me
|move|p1b: Annihilape|Rage Fist|p2b: Corviknight
|-damage|p2b: Corviknight|0 fnt
|faint|p2b: Corviknight
|move|p2a: Tyranitar|Rock Slide|p1b: Annihilape|[spread] p1a,p1b
|-damage|p1a: Maushold|60/100
|-damage|p1b: Annihilape|5/100
|
|-weather|Sandstorm|[upkeep]
|-damage|p1b: Annihilape|0 fnt|[from] Sandstorm
|-damage|p2a: Tyranitar|89/100|[from] Sandstorm
|faint|p1b: Annihilape
|upkeep
|
|t:|1756626858
|switch|p1b: Pelipper|Pelipper, L50, M|100/100
|switch|p2b: Sinistcha|Sinistcha, L50|100/100
|-weather|RainDance|[from] ability: Drizzle|[of] p1b: Pelipper
|-heal|p2a: Tyranitar|100/100|[from] ability: Hospitality|[of] p2b: Sinistcha
|turn|3
|
|t:|1756626902
|move|p1a: Maushold|Taunt|p2b: Sinistcha
|-start|p2b: Sinistcha|move: Taunt
|move|p1b: Pelipper|Hurricane|p2b: Sinistcha
|-supereffective|p2b: Sinistcha
|-damage|p2b: Sinistcha|15/100
|move|p2a: Tyranitar|Knock Off|p1b: Pelipper
|-damage|p1b: Pelipper|49/100
|-enditem|p1b: Pelipper|Focus Sash|[from] move: Knock Off|[of] p2a: Tyranitar
|cant|p2b: Sinistcha|move: Taunt|Trick Room
|
|-weather|RainDance|[upkeep]
|upkeep
|turn|4
|
|t:|1756626942
|switch|p1a: Sinistcha|Sinistcha, L50|100/100
|-heal|p1b: Pelipper|74/100|[from] ability: Hospitality|[of] p1a: Sinistcha
|move|p1b: Pelipper|Hurricane|p2b: Sinistcha
|-supereffective|p2b: Sinistcha
|-damage|p2b: Sinistcha|0 fnt
|faint|p2b: Sinistcha
|move|p2a: Tyranitar|Rock Slide|p1a: Sinistcha|[spread] p1a,p1b
|-supereffective|p1b: Pelipper
|-damage|p1a: Sinistcha|80/100
|-damage|p1b: Pelipper|0 fnt
|faint|p1b: Pelipper
|
|-weather|RainDance|[upkeep]
|upkeep
|
|t:|1756626949
|switch|p1b: Maushold|Maushold, L50|60/100
|turn|5
|
|t:|1756626978
|move|p1b: Maushold|Follow Me|p1b: Maushold
|-singleturn|p1b: Maushold|move: Follow Me
|move|p2a: Tyranitar|Knock Off|p1b: Maushold
|-damage|p1b: Maushold|0 fnt
|-enditem|p1b: Maushold|Safety Goggles|[from] move: Knock Off|[of] p2a: Tyranitar
|faint|p1b: Maushold
|move|p1a: Sinistcha|Matcha Gotcha|p2a: Tyranitar
|-resisted|p2a: Tyranitar
|-damage|p2a: Tyranitar|92/100
|-heal|p1a: Sinistcha|85/100|[from] drain|[of] p2a: Tyranitar
|-status|p2a: Tyranitar|brn
|
|-weather|RainDance|[upkeep]
|-damage|p2a: Tyranitar|86/100 brn|[from] brn
|upkeep
|turn|6
|
|t:|1756626993
|move|p2a: Tyranitar|Knock Off|p1a: Sinistcha
|-supereffective|p1a: Sinistcha
|-damage|p1a: Sinistcha|47/100
|-damage|p2a: Tyranitar|70/100 brn|[from] item: Rocky Helmet|[of] p1a: Sinistcha
|-enditem|p1a: Sinistcha|Rocky Helmet|[from] move: Knock Off|[of] p2a: Tyranitar
|move|p1a: Sinistcha|Matcha Gotcha|p2a: Tyranitar
|-resisted|p2a: Tyranitar
|-damage|p2a: Tyranitar|59/100 brn
|-heal|p1a: Sinistcha|53/100|[from] drain|[of] p2a: Tyranitar
|
|-weather|RainDance|[upkeep]
|-damage|p2a: Tyranitar|54/100 brn|[from] brn
|upkeep
|turn|7
|
|t:|1756627007
|move|p2a: Tyranitar|Tera Blast|p1a: Sinistcha|[anim] Tera Blast Flying
|-supereffective|p1a: Sinistcha
|-damage|p1a: Sinistcha|22/100
|move|p1a: Sinistcha|Life Dew|p1a: Sinistcha
|-heal|p1a: Sinistcha|48/100
|
|-weather|none
|-damage|p2a: Tyranitar|48/100 brn|[from] brn
|upkeep
|turn|8
|
|t:|1756627019
|move|p2a: Tyranitar|Tera Blast|p1a: Sinistcha|[anim] Tera Blast Flying
|-supereffective|p1a: Sinistcha
|-damage|p1a: Sinistcha|14/100
|move|p1a: Sinistcha|Life Dew|p1a: Sinistcha
|-heal|p1a: Sinistcha|39/100
|
|-damage|p2a: Tyranitar|42/100 brn|[from] brn
|upkeep
|turn|9
|
|t:|1756627038
|move|p2a: Tyranitar|Tera Blast|p1a: Sinistcha|[anim] Tera Blast Flying
|-supereffective|p1a: Sinistcha
|-damage|p1a: Sinistcha|9/100
|move|p1a: Sinistcha|Life Dew|p1a: Sinistcha
|-heal|p1a: Sinistcha|34/100
|
|-damage|p2a: Tyranitar|36/100 brn|[from] brn
|upkeep
|turn|10
|
|t:|1756627047
|move|p2a: Tyranitar|Tera Blast|p1a: Sinistcha|[anim] Tera Blast Flying
|-supereffective|p1a: Sinistcha
|-damage|p1a: Sinistcha|4/100
|move|p1a: Sinistcha|Matcha Gotcha|p2a: Tyranitar
|-resisted|p2a: Tyranitar
|-damage|p2a: Tyranitar|27/100 brn
|-heal|p1a: Sinistcha|9/100|[from] drain|[of] p2a: Tyranitar
|
|-damage|p2a: Tyranitar|21/100 brn|[from] brn
|upkeep
|turn|11
|
|t:|1756627058
|move|p2a: Tyranitar|Tera Blast|p1a: Sinistcha|[anim] Tera Blast Flying
|-supereffective|p1a: Sinistcha
|-damage|p1a: Sinistcha|0 fnt
|faint|p1a: Sinistcha
|
|win|dr_sugus_vgc
