|j|☆wintradeofmanuel
|j|☆adjnorr
|html|wintradeofmanueladjnorr    
|uhtml|bestof|Game 3 of a best-of-3
|t:|1785337434
|gametype|doubles
|player|p1|wintradeofmanuel|170|1333
|player|p2|adjnorr|2|1263
|gen|9
|tier|[Gen 9 Champions] VGC 2026 Reg M-B (Bo3)
|rated|
|rule|Species Clause: Limit one of each Pokémon
|rule|Item Clause: Limit 1 of each item
|clearpoke
|poke|p1|Scovillain, L50, M|
|poke|p1|Sylveon, L50, F|
|poke|p1|Kingambit, L50, F|
|poke|p1|Lycanroc-Dusk, L50, F|
|poke|p1|Basculegion, L50, M|
|poke|p1|Metagross, L50|
|poke|p2|Staraptor, L50, F|
|poke|p2|Delphox, L50, F|
|poke|p2|Whimsicott, L50, F|
|poke|p2|Glimmora, L50, F|
|poke|p2|Garchomp, L50, M|
|poke|p2|Kingambit, L50, M|
|teampreview|4
|showteam|p1|Scovillain||Scovillainite|Moody|GigaDrain,Overheat,RagePowder,Protect|Bold||M|||50|]Sylveon||FairyFeather|Pixilate|HyperVoice,HyperBeam,QuickAttack,Detect|Modest||F|||50|]Kingambit||BlackGlasses|Defiant|KowtowCleave,SuckerPunch,SwordsDance,Protect|Adamant||F|||50|]Lycanroc-Dusk||FocusSash|ToughClaws|CloseCombat,Accelerock,RockSlide,Protect|Adamant||F|||50|]Basculegion||SitrusBerry|Adaptability|WaveCrash,LastRespects,AquaJet,Protect|Adamant||M|||50|]Metagross||Metagrossite|ClearBody|IronHead,PsychicFangs,IcePunch,Protect|Jolly|||||50|
|showteam|p2|Staraptor||Staraptite|Intimidate|BraveBird,CloseCombat,Roost,Protect|Jolly||F|||50|]Delphox||Delphoxite|Blaze|HeatWave,Psychic,Encore,Protect|Timid||F|||50|]Whimsicott||OccaBerry|Prankster|Moonblast,Tailwind,Charm,LightScreen|Timid||F|||50|]Glimmora||FocusSash|ToxicDebris|PowerGem,SludgeBomb,EarthPower,SpikyShield|Timid||F|||50|]Garchomp||LifeOrb|RoughSkin|DragonClaw,Earthquake,RockSlide,Protect|Jolly||M|||50|]Kingambit||ChopleBerry|Defiant|KowtowCleave,IronHead,SuckerPunch,LowKick|Adamant||M|||50|
|
|t:|1785337459
|teamsize|p1|4
|teamsize|p2|4
|start
|switch|p1a: Scovillain|Scovillain, L50, M|100/100
|switch|p1b: Lycanroc|Lycanroc-Dusk, L50, F|100/100
|switch|p2a: Whimsicott|Whimsicott, L50, F|100/100
|switch|p2b: Glimmora|Glimmora, L50, F|100/100
|turn|1
|
|t:|1785337470
|detailschange|p1a: Scovillain|Scovillain-Mega, L50, M
|-mega|p1a: Scovillain|Scovillain|Scovillainite
|move|p2a: Whimsicott|Charm|p1b: Lycanroc
|-unboost|p1b: Lycanroc|atk|2
|move|p1b: Lycanroc|Rock Slide|p2a: Whimsicott|[spread] p2a,p2b
|-damage|p2a: Whimsicott|83/100
|-damage|p2b: Glimmora|79/100
|-activate|p2b: Glimmora|ability: Toxic Debris
|-sidestart|p1: wintradeofmanuel|move: Toxic Spikes
|move|p2b: Glimmora|Sludge Bomb|p1a: Scovillain
|-supereffective|p1a: Scovillain|1
|-damage|p1a: Scovillain|15/100
|-status|p2b: Glimmora|brn|[from] ability: Spicy Spray|[of] p1a: Scovillain
|move|p1a: Scovillain|Giga Drain|p2b: Glimmora
|-damage|p2b: Glimmora|33/100 brn
|-heal|p1a: Scovillain|36/100|[from] drain|[of] p2b: Glimmora
|
|-damage|p2b: Glimmora|27/100 brn|[from] brn
|upkeep
|turn|2
|
|t:|1785337504
|move|p1a: Scovillain|Protect|p1a: Scovillain
|-singleturn|p1a: Scovillain|Protect
|move|p2a: Whimsicott|Tailwind|p2a: Whimsicott
|-sidestart|p2: adjnorr|move: Tailwind
|move|p2b: Glimmora|Sludge Bomb|p1a: Scovillain
|-activate|p1a: Scovillain|move: Protect
|move|p1b: Lycanroc|Rock Slide|p2a: Whimsicott|[spread] p2a
|-miss|p1b: Lycanroc|p2b: Glimmora
|-damage|p2a: Whimsicott|66/100
|
|-damage|p2b: Glimmora|22/100 brn|[from] brn
|upkeep
|turn|3
|
|t:|1785337521
|switch|p1a: Basculegion|Basculegion, L50, M|100/100
|-status|p1a: Basculegion|psn
|move|p1b: Lycanroc|Accelerock|p2b: Glimmora
|-damage|p2b: Glimmora|4/100 brn
|-activate|p2b: Glimmora|ability: Toxic Debris
|-sidestart|p1: wintradeofmanuel|move: Toxic Spikes
|move|p2a: Whimsicott|Moonblast|p1b: Lycanroc
|-damage|p1b: Lycanroc|58/100
|move|p2b: Glimmora|Sludge Bomb|p1a: Basculegion
|-resisted|p1a: Basculegion|1
|-damage|p1a: Basculegion|74/100 psn
|
|-damage|p1a: Basculegion|62/100 psn|[from] psn
|-damage|p2b: Glimmora|0 fnt|[from] brn
|faint|p2b: Glimmora
|upkeep
|
|t:|1785337548
|switch|p2b: Staraptor|Staraptor, L50, F|100/100
|-ability|p2b: Staraptor|Intimidate|boost
|-unboost|p1a: Basculegion|atk|1
|-unboost|p1b: Lycanroc|atk|1
|turn|4
|
|t:|1785337566
|switch|p1a: Scovillain|Scovillain-Mega, L50, M|36/100
|-status|p1a: Scovillain|tox
|detailschange|p2b: Staraptor|Staraptor-Mega, L50, F
|-mega|p2b: Staraptor|Staraptor|Staraptite
|move|p2a: Whimsicott|Moonblast|p1a: Scovillain
|-resisted|p1a: Scovillain|1
|-damage|p1a: Scovillain|23/100 tox
|-status|p2a: Whimsicott|brn|[from] ability: Spicy Spray|[of] p1a: Scovillain
|move|p2b: Staraptor|Close Combat|p1b: Lycanroc
|-supereffective|p1b: Lycanroc|1
|-damage|p1b: Lycanroc|0 fnt
|-boost|p2b: Staraptor|def|1
|-boost|p2b: Staraptor|spd|1
|faint|p1b: Lycanroc
|
|-damage|p1a: Scovillain|17/100 tox|[from] psn
|-damage|p2a: Whimsicott|60/100 brn|[from] brn
|upkeep
|
|t:|1785337575
|switch|p1b: Basculegion|Basculegion, L50, M|62/100 psn
|turn|5
|
|t:|1785337588
|move|p2b: Staraptor|Protect|p2b: Staraptor
|-singleturn|p2b: Staraptor|Protect
|move|p1a: Scovillain|Rage Powder|p1a: Scovillain
|-singleturn|p1a: Scovillain|move: Rage Powder
|move|p2a: Whimsicott|Charm|p1b: Basculegion
|-unboost|p1b: Basculegion|atk|2
|move|p1b: Basculegion|Last Respects|p2a: Whimsicott
|-damage|p2a: Whimsicott|15/100 brn
|
|-damage|p1b: Basculegion|49/100 psn|[from] psn
|-damage|p1a: Scovillain|5/100 tox|[from] psn
|-damage|p2a: Whimsicott|9/100 brn|[from] brn
|-sideend|p2: adjnorr|move: Tailwind
|upkeep
|-enditem|p1b: Basculegion|Sitrus Berry|[eat]
|-heal|p1b: Basculegion|74/100 psn|[from] item: Sitrus Berry
|turn|6
|
|t:|1785337611
|switch|p2a: Kingambit|Kingambit, L50, M|100/100
|move|p1a: Scovillain|Protect|p1a: Scovillain
|-singleturn|p1a: Scovillain|Protect
|move|p1b: Basculegion|Aqua Jet|p2a: Kingambit
|-damage|p2a: Kingambit|89/100
|move|p2b: Staraptor|Roost||[still]
|-fail|p2b: Staraptor|heal
|
|-damage|p1b: Basculegion|62/100 psn|[from] psn
|-damage|p1a: Scovillain|0 fnt|[from] psn
|faint|p1a: Scovillain
|upkeep
|
|t:|1785337613
|switch|p1a: Sylveon|Sylveon, L50, F|100/100
|-status|p1a: Sylveon|tox
|turn|7
|
|t:|1785337647
|move|p2b: Staraptor|Brave Bird|p1b: Basculegion
|-damage|p1b: Basculegion|0 fnt
|faint|p1b: Basculegion
|-damage|p2b: Staraptor|76/100|[from] Recoil
|move|p1a: Sylveon|Hyper Voice|p2b: Staraptor|[spread] p2a,p2b
|-supereffective|p2b: Staraptor|1
|-damage|p2a: Kingambit|48/100
|-damage|p2b: Staraptor|17/100
|move|p2a: Kingambit|Iron Head|p1a: Sylveon
|-supereffective|p1a: Sylveon|1
|-damage|p1a: Sylveon|0 fnt
|faint|p1a: Sylveon
|
|win|adjnorr
|raw|wintradeofmanuel's rating: 1333 → 1309(-24 for losing)
|raw|adjnorr's rating: 1263 → 1293(+30 for winning)
