|j|☆x-demon18
|j|☆ciuk88
|html|x-demon18ciuk88    
|uhtml|bestof|Game 2 of a best-of-3
|t:|1785359776
|gametype|doubles
|player|p1|x-demon18|pokefan-gen4|1113
|player|p2|ciuk88|2|1190
|gen|9
|tier|[Gen 9 Champions] VGC 2026 Reg M-B (Bo3)
|rated|
|rule|Species Clause: Limit one of each Pokémon
|rule|Item Clause: Limit 1 of each item
|clearpoke
|poke|p1|Incineroar, L50, M|
|poke|p1|Rotom-Wash, L50|
|poke|p1|Venusaur, L50, M|
|poke|p1|Corviknight, L50, F|
|poke|p1|Sylveon, L50, F|
|poke|p1|Garchomp, L50, M|
|poke|p2|Ceruledge, L50, M|
|poke|p2|Mawile, L50, F|
|poke|p2|Incineroar, L50, M|
|poke|p2|Sinistcha, L50|
|poke|p2|Milotic, L50, M|
|poke|p2|Raichu, L50, M|
|teampreview|4
|showteam|p1|Incineroar||ExpertBelt|Intimidate|FakeOut,TemperFlare,ThroatChop,PartingShot|Adamant||M|||50|]Rotom-Wash||RindoBerry|Levitate|HydroPump,Electroweb,WillOWisp,VoltSwitch|Modest|||||50|]Venusaur||Venusaurite|Chlorophyll|GigaDrain,SludgeBomb,EarthPower,Protect|Modest||M|||50|]Corviknight||OccaBerry|MirrorArmor|Tailwind,DualWingbeat,IronHead,BodyPress|Adamant||F|||50|]Sylveon||FairyFeather|Pixilate|HyperVoice,QuickAttack,Yawn,Detect|Modest||F|||50|]Garchomp||LifeOrb|RoughSkin|RockSlide,DragonClaw,StompingTantrum,Protect|Jolly||M|||50|
|showteam|p2|Ceruledge||ColburBerry|FlashFire|BitterBlade,ShadowSneak,BulkUp,Protect|Adamant||M|||50|]Mawile||Mawilite|HyperCutter|SuckerPunch,PlayRough,Protect,SwordsDance|Adamant||F|||50|]Incineroar||SitrusBerry|Intimidate|FakeOut,PartingShot,FlareBlitz,ThroatChop|Impish||M|||50|]Sinistcha||KasibBerry|Hospitality|MatchaGotcha,LifeDew,Protect,RagePowder|Relaxed|||||50|]Milotic||Leftovers|Competitive|MuddyWater,Coil,Protect,Hypnosis|Calm||M|||50|]Raichu||RaichuniteY|LightningRod|FakeOut,ZapCannon,FocusBlast,Protect|Timid||M|||50|
|
|t:|1785359821
|teamsize|p1|4
|teamsize|p2|4
|start
|switch|p1a: HydroVolt|Rotom-Wash, L50|100/100
|switch|p1b: Yggdrasil|Venusaur, L50, M|100/100
|switch|p2a: Sinistcha|Sinistcha, L50|100/100
|switch|p2b: Ceruledge|Ceruledge, L50, M|100/100
|turn|1
|inactive|Battle timer is ON: inactive players will automatically lose when time's up. (requested by ciuk88)
|inactive|x-demon18 has 60 seconds left.
|
|t:|1785359861
|detailschange|p1b: Yggdrasil|Venusaur-Mega, L50, M
|-mega|p1b: Yggdrasil|Venusaur|Venusaurite
|move|p2a: Sinistcha|Rage Powder|p2a: Sinistcha
|-singleturn|p2a: Sinistcha|move: Rage Powder
|move|p1b: Yggdrasil|Earth Power|p2b: Ceruledge
|-supereffective|p2b: Ceruledge|1
|-damage|p2b: Ceruledge|40/100
|move|p1a: HydroVolt|Hydro Pump|p2a: Sinistcha
|-resisted|p2a: Sinistcha|1
|-damage|p2a: Sinistcha|78/100
|move|p2b: Ceruledge|Bitter Blade|p1b: Yggdrasil
|-supereffective|p1b: Yggdrasil|1
|-damage|p1b: Yggdrasil|60/100
|-heal|p2b: Ceruledge|60/100|[from] drain|[of] p1b: Yggdrasil
|
|upkeep
|turn|2
|
|t:|1785359883
|switch|p2b: Milotic|Milotic, L50, M|100/100
|move|p1b: Yggdrasil|Earth Power|p2b: Milotic
|-crit|p2b: Milotic
|-damage|p2b: Milotic|69/100
|move|p1a: HydroVolt|Electroweb|p2b: Milotic|[spread] p2a,p2b
|-resisted|p2a: Sinistcha|1
|-supereffective|p2b: Milotic|1
|-damage|p2a: Sinistcha|70/100
|-damage|p2b: Milotic|47/100
|-unboost|p2a: Sinistcha|spe|1
|-unboost|p2b: Milotic|spe|1
|-ability|p2b: Milotic|Competitive|boost
|-boost|p2b: Milotic|spa|2
|move|p2a: Sinistcha|Matcha Gotcha|p1a: HydroVolt|[spread] p1a
|-miss|p2a: Sinistcha|p1b: Yggdrasil
|-supereffective|p1a: HydroVolt|1
|-enditem|p1a: HydroVolt|Rindo Berry|[eat]
|-enditem|p1a: HydroVolt|Rindo Berry|[weaken]
|-damage|p1a: HydroVolt|73/100
|-heal|p2a: Sinistcha|82/100|[from] drain|[of] p1a: HydroVolt
|
|-heal|p2b: Milotic|53/100|[from] item: Leftovers
|upkeep
|turn|3
|inactive|ciuk88 has 30 seconds left.
|
|t:|1785359911
|move|p2b: Milotic|Protect|p2b: Milotic
|-singleturn|p2b: Milotic|Protect
|move|p1b: Yggdrasil|Giga Drain|p2b: Milotic
|-activate|p2b: Milotic|move: Protect
|move|p1a: HydroVolt|Volt Switch|p2b: Milotic
|-activate|p2b: Milotic|move: Protect
|move|p2a: Sinistcha|Matcha Gotcha|p1b: Yggdrasil|[spread] p1a,p1b
|-supereffective|p1a: HydroVolt|1
|-resisted|p1b: Yggdrasil|2
|-damage|p1a: HydroVolt|19/100
|-heal|p2a: Sinistcha|100/100|[from] drain|[of] p1a: HydroVolt
|-damage|p1b: Yggdrasil|55/100
|-status|p1b: Yggdrasil|brn
|
|-heal|p2b: Milotic|59/100|[from] item: Leftovers
|-damage|p1b: Yggdrasil|49/100 brn|[from] brn
|upkeep
|turn|4
|inactive|x-demon18 has 30 seconds left.
|inactive|ciuk88 has 30 seconds left.
|
|t:|1785359945
|switch|p2b: Incineroar|Incineroar, L50, M|100/100
|-ability|p2b: Incineroar|Intimidate|boost
|-unboost|p1a: HydroVolt|atk|1
|-unboost|p1b: Yggdrasil|atk|1
|move|p1b: Yggdrasil|Giga Drain|p2b: Incineroar
|-resisted|p2b: Incineroar|1
|-damage|p2b: Incineroar|83/100
|-heal|p1b: Yggdrasil|58/100 brn|[from] drain|[of] p2b: Incineroar
|move|p1a: HydroVolt|Volt Switch|p2a: Sinistcha
|-resisted|p2a: Sinistcha|1
|-damage|p2a: Sinistcha|84/100
|
|t:|1785359960
|switch|p1a: Frieren|Sylveon, L50, F|100/100|[from] Volt Switch
|move|p2a: Sinistcha|Matcha Gotcha|p1b: Yggdrasil|[spread] p1b
|-miss|p2a: Sinistcha|p1a: Frieren
|-resisted|p1b: Yggdrasil|2
|-damage|p1b: Yggdrasil|53/100 brn
|-heal|p2a: Sinistcha|87/100|[from] drain|[of] p1b: Yggdrasil
|
|-damage|p1b: Yggdrasil|47/100 brn|[from] brn
|upkeep
|turn|5
|inactive|ciuk88 has 30 seconds left.
|
|t:|1785359985
|move|p2a: Sinistcha|Protect|p2a: Sinistcha
|-singleturn|p2a: Sinistcha|Protect
|move|p1b: Yggdrasil|Sludge Bomb|p2a: Sinistcha
|-activate|p2a: Sinistcha|move: Protect
|move|p1a: Frieren|Hyper Voice|p2b: Incineroar|[spread] p2b
|-activate|p2a: Sinistcha|move: Protect
|-damage|p2b: Incineroar|46/100
|-enditem|p2b: Incineroar|Sitrus Berry|[eat]
|-heal|p2b: Incineroar|70/100|[from] item: Sitrus Berry
|move|p2b: Incineroar|Throat Chop|p1a: Frieren
|-resisted|p1a: Frieren|1
|-crit|p1a: Frieren
|-damage|p1a: Frieren|75/100
|-start|p1a: Frieren|Throat Chop|[silent]
|
|-damage|p1b: Yggdrasil|41/100 brn|[from] brn
|upkeep
|turn|6
|
|t:|1785360006
|move|p1b: Yggdrasil|Sludge Bomb|p2a: Sinistcha
|-damage|p2a: Sinistcha|45/100
|-status|p2a: Sinistcha|psn
|move|p1a: Frieren|Yawn||[still]
|-fail|p1a: Frieren
|move|p2b: Incineroar|Parting Shot|p1b: Yggdrasil
|-unboost|p1b: Yggdrasil|atk|1
|-unboost|p1b: Yggdrasil|spa|1
|
|t:|1785360015
|switch|p2b: Ceruledge|Ceruledge, L50, M|60/100|[from] Parting Shot
|move|p2a: Sinistcha|Life Dew|p2a: Sinistcha|[spread] p2a,p2b
|-heal|p2a: Sinistcha|70/100 psn
|-heal|p2b: Ceruledge|85/100
|
|-damage|p2a: Sinistcha|58/100 psn|[from] psn
|-damage|p1b: Yggdrasil|35/100 brn|[from] brn
|-end|p1a: Frieren|Throat Chop|[silent]
|upkeep
|turn|7
|
|t:|1785360030
|switch|p1b: HydroVolt|Rotom-Wash, L50|19/100
|switch|p2a: Milotic|Milotic, L50, M|59/100
|move|p2b: Ceruledge|Bulk Up|p2b: Ceruledge
|-boost|p2b: Ceruledge|atk|1
|-boost|p2b: Ceruledge|def|1
|move|p1a: Frieren|Hyper Voice|p2b: Ceruledge|[spread] p2a,p2b
|-resisted|p2b: Ceruledge|1
|-damage|p2a: Milotic|33/100
|-damage|p2b: Ceruledge|64/100
|
|-heal|p2a: Milotic|39/100|[from] item: Leftovers
|upkeep
|turn|8
|
|t:|1785360053
|move|p2b: Ceruledge|Shadow Sneak|p1b: HydroVolt
|-damage|p1b: HydroVolt|0 fnt
|faint|p1b: HydroVolt
|move|p2a: Milotic|Coil|p2a: Milotic
|-boost|p2a: Milotic|atk|1
|-boost|p2a: Milotic|def|1
|-boost|p2a: Milotic|accuracy|1
|move|p1a: Frieren|Hyper Voice|p2b: Ceruledge|[spread] p2a,p2b
|-resisted|p2b: Ceruledge|1
|-damage|p2a: Milotic|9/100
|-damage|p2b: Ceruledge|41/100
|
|-heal|p2a: Milotic|15/100|[from] item: Leftovers
|upkeep
|
|t:|1785360069
|switch|p1b: Berserk|Garchomp, L50, M|100/100
|turn|9
|inactive|ciuk88 has 30 seconds left.
|
|t:|1785360097
|switch|p2a: Sinistcha|Sinistcha, L50|58/100 psn
|-heal|p2b: Ceruledge|66/100|[from] ability: Hospitality|[of] p2a: Sinistcha
|move|p1b: Berserk|Rock Slide|p2b: Ceruledge|[spread] p2a,p2b
|-supereffective|p2b: Ceruledge|1
|-damage|p2a: Sinistcha|39/100 psn
|-damage|p2b: Ceruledge|32/100
|-damage|p1b: Berserk|90/100|[from] item: Life Orb
|move|p2b: Ceruledge|Bulk Up|p2b: Ceruledge
|-boost|p2b: Ceruledge|atk|1
|-boost|p2b: Ceruledge|def|1
|move|p1a: Frieren|Hyper Voice|p2a: Sinistcha|[spread] p2a,p2b
|-resisted|p2b: Ceruledge|1
|-damage|p2a: Sinistcha|1/100 psn
|-damage|p2b: Ceruledge|11/100
|
|-damage|p2a: Sinistcha|0 fnt|[from] psn
|faint|p2a: Sinistcha
|upkeep
|
|t:|1785360110
|switch|p2a: Incineroar|Incineroar, L50, M|70/100
|-ability|p2a: Incineroar|Intimidate|boost
|-unboost|p1a: Frieren|atk|1
|-unboost|p1b: Berserk|atk|1
|turn|10
|
|t:|1785360135
|move|p2a: Incineroar|Fake Out|p1b: Berserk
|-damage|p1b: Berserk|79/100
|-damage|p2a: Incineroar|58/100|[from] ability: Rough Skin|[of] p1b: Berserk
|cant|p1b: Berserk|flinch
|move|p2b: Ceruledge|Bitter Blade|p1a: Frieren
|-damage|p1a: Frieren|0 fnt
|-heal|p2b: Ceruledge|50/100g|[from] drain|[of] p1a: Frieren
|faint|p1a: Frieren
|
|upkeep
|
|t:|1785360147
|switch|p1a: Yggdrasil|Venusaur-Mega, L50, M|35/100 brn
|turn|11
|
|t:|1785360155
|switch|p2a: Milotic|Milotic, L50, M|15/100
|move|p1a: Yggdrasil|Protect|p1a: Yggdrasil
|-singleturn|p1a: Yggdrasil|Protect
|move|p2b: Ceruledge|Protect|p2b: Ceruledge
|-singleturn|p2b: Ceruledge|Protect
|move|p1b: Berserk|Stomping Tantrum|p2b: Ceruledge
|-activate|p2b: Ceruledge|move: Protect
|
|-heal|p2a: Milotic|21/100|[from] item: Leftovers
|-damage|p1a: Yggdrasil|29/100 brn|[from] brn
|upkeep
|turn|12
|
|t:|1785360175
|switch|p2a: Incineroar|Incineroar, L50, M|58/100
|-ability|p2a: Incineroar|Intimidate|boost
|-unboost|p1a: Yggdrasil|atk|1
|-unboost|p1b: Berserk|atk|1
|move|p2b: Ceruledge|Shadow Sneak|p1a: Yggdrasil
|-damage|p1a: Yggdrasil|0 fnt
|faint|p1a: Yggdrasil
|move|p1b: Berserk|Stomping Tantrum|p2b: Ceruledge
|-supereffective|p2b: Ceruledge|1
|-damage|p2b: Ceruledge|20/100y
|-damage|p1b: Berserk|70/100|[from] item: Life Orb
|
|upkeep
|turn|13
|
|t:|1785360189
|move|p2a: Incineroar|Fake Out|p1b: Berserk
|-damage|p1b: Berserk|59/100
|-damage|p2a: Incineroar|46/100|[from] ability: Rough Skin|[of] p1b: Berserk
|cant|p1b: Berserk|flinch
|move|p2b: Ceruledge|Bulk Up|p2b: Ceruledge
|-boost|p2b: Ceruledge|atk|1
|-boost|p2b: Ceruledge|def|1
|
|upkeep
|turn|14
|
|t:|1785360206
|move|p2b: Ceruledge|Shadow Sneak|p1b: Berserk
|-damage|p1b: Berserk|10/100
|-damage|p2b: Ceruledge|8/100|[from] ability: Rough Skin|[of] p1b: Berserk
|move|p1b: Berserk|Rock Slide|p2a: Incineroar|[spread] p2a,p2b
|-supereffective|p2a: Incineroar|1
|-supereffective|p2b: Ceruledge|1
|-damage|p2a: Incineroar|28/100
|-damage|p2b: Ceruledge|0 fnt
|faint|p2b: Ceruledge
|-damage|p1b: Berserk|1/100|[from] item: Life Orb
|cant|p2a: Incineroar|flinch
|
|upkeep
|
|t:|1785360213
|switch|p2b: Milotic|Milotic, L50, M|21/100
|turn|15
|
|t:|1785360226
|move|p2b: Milotic|Protect|p2b: Milotic
|-singleturn|p2b: Milotic|Protect
|move|p1b: Berserk|Rock Slide|p2a: Incineroar|[spread] p2a
|-activate|p2b: Milotic|move: Protect
|-supereffective|p2a: Incineroar|1
|-damage|p2a: Incineroar|10/100
|-damage|p1b: Berserk|0 fnt|[from] item: Life Orb
|faint|p1b: Berserk
|
|win|ciuk88
|raw|x-demon18's rating: 1113 → 1093(-20 for losing)
|raw|ciuk88's rating: 1190 → 1210(+20 for winning)
