|j|☆TobiYume
|j|☆Arsene14
|html|TobiYumeArsene14    
|uhtml|bestof|Game 1 of a best-of-3
|t:|1784566042
|gametype|doubles
|player|p1|TobiYume|cheren-gen5bw2|1234
|player|p2|Arsene14|steven|1178
|gen|9
|tier|[Gen 9 Champions] VGC 2026 Reg M-B (Bo3)
|rated|
|rule|Species Clause: Limit one of each Pokémon
|rule|Item Clause: Limit 1 of each item
|clearpoke
|poke|p1|Tyranitar, L50, F|
|poke|p1|Excadrill, L50, F|
|poke|p1|Gholdengo, L50|
|poke|p1|Sinistcha, L50|
|poke|p1|Staraptor, L50, F|
|poke|p1|Sylveon, L50, M|
|poke|p2|Charizard, L50, F|
|poke|p2|Aerodactyl, L50, M|
|poke|p2|Farigiraf, L50, M|
|poke|p2|Kingambit, L50, M|
|poke|p2|Sylveon, L50, M|
|poke|p2|Garchomp, L50, F, shiny|
|teampreview|4
|showteam|p1|Tyranitar||Tyranitarite|SandStream|RockSlide,KnockOff,LowKick,Protect|Jolly||F|||50|]Excadrill||FocusSash|SandRush|IronHead,HighHorsepower,RockSlide,Protect|Adamant||F|||50|]Gholdengo||LifeOrb|GoodasGold|ShadowBall,MakeItRain,NastyPlot,Protect|Modest|||||50|]Sinistcha||ColburBerry|Hospitality|MatchaGotcha,RagePowder,TrickRoom,Protect|Bold|||||50|]Staraptor||Staraptite|Intimidate|BraveBird,CloseCombat,Tailwind,Protect|Jolly||F|||50|]Sylveon||FairyFeather|Pixilate|HyperVoice,HyperBeam,QuickAttack,Protect|Modest||M|||50|
|showteam|p2|Charizard||CharizarditeY|Blaze|Protect,HeatWave,SolarBeam,WeatherBall|Modest||F|||50|]Aerodactyl||Aerodactylite|Unnerve|RockSlide,DualWingbeat,IceFang,Tailwind|Jolly||M|||50|]Farigiraf||SitrusBerry|ArmorTail|PsychicFangs,Thunderbolt,SunnyDay,TrickRoom|Serious||M|||50|]Kingambit||FocusSash|Defiant|KowtowCleave,BrickBreak,IronHead,SuckerPunch|Adamant||M|||50|]Sylveon||FairyFeather|Pixilate|QuickAttack,HyperBeam,HyperVoice,Protect|Modest||M|||50|]Garchomp||LifeOrb|RoughSkin|DragonClaw,StompingTantrum,Protect,Earthquake|Jolly||F|||50|
|inactive|Battle timer is ON: inactive players will automatically lose when time's up. (requested by TobiYume)
|
|t:|1784566091
|teamsize|p1|4
|teamsize|p2|4
|start
|switch|p1a: Tyranitar|Tyranitar, L50, F|100/100
|switch|p1b: Excadrill|Excadrill, L50, F|100/100
|switch|p2a: CHAKKK|Sylveon, L50, M|100/100
|switch|p2b: Pajares|Farigiraf, L50, M|100/100
|-weather|Sandstorm|[from] ability: Sand Stream|[of] p1a: Tyranitar
|turn|1
|
|t:|1784566113
|detailschange|p1a: Tyranitar|Tyranitar-Mega, L50, F
|-mega|p1a: Tyranitar|Tyranitar|Tyranitarite
|move|p1b: Excadrill|Iron Head|p2b: Pajares
|-damage|p2b: Pajares|61/100
|move|p1a: Tyranitar|Knock Off|p2b: Pajares
|-supereffective|p2b: Pajares|1
|-damage|p2b: Pajares|0 fnt
|-enditem|p2b: Pajares|Sitrus Berry|[from] move: Knock Off|[of] p1a: Tyranitar
|faint|p2b: Pajares
|move|p2a: CHAKKK|Hyper Voice|p1b: Excadrill|[spread] p1a,p1b
|-supereffective|p1a: Tyranitar|1
|-resisted|p1b: Excadrill|1
|-damage|p1a: Tyranitar|50/100y
|-damage|p1b: Excadrill|69/100
|
|-weather|Sandstorm|[upkeep]
|-damage|p2a: CHAKKK|93/100|[from] Sandstorm
|upkeep
|
|t:|1784566126
|switch|p2b: Chorizard|Charizard, L50, F|100/100
|turn|2
|
|t:|1784566137
|switch|p1a: Sylveon|Sylveon, L50, M|100/100
|detailschange|p2b: Chorizard|Charizard-Mega-Y, L50, F
|-mega|p2b: Chorizard|Charizard|Charizardite Y
|-weather|SunnyDay|[from] ability: Drought|[of] p2b: Chorizard
|move|p1b: Excadrill|Protect|p1b: Excadrill
|-singleturn|p1b: Excadrill|Protect
|move|p2b: Chorizard|Weather Ball|p1b: Excadrill
|-activate|p1b: Excadrill|move: Protect
|move|p2a: CHAKKK|Hyper Voice|p1b: Excadrill|[spread] p1a
|-activate|p1b: Excadrill|move: Protect
|-damage|p1a: Sylveon|59/100
|
|-weather|SunnyDay|[upkeep]
|upkeep
|turn|3
|
|t:|1784566156
|switch|p1a: Tyranitar|Tyranitar-Mega, L50, F|50/100y
|-weather|Sandstorm|[from] ability: Sand Stream|[of] p1a: Tyranitar
|move|p2a: CHAKKK|Protect|p2a: CHAKKK
|-singleturn|p2a: CHAKKK|Protect
|move|p1b: Excadrill|Rock Slide|p2a: CHAKKK|[spread] p2b
|-activate|p2a: CHAKKK|move: Protect
|-supereffective|p2b: Chorizard|2
|-damage|p2b: Chorizard|21/100
|move|p2b: Chorizard|Heat Wave|p1a: Tyranitar|[spread] p1a,p1b
|-resisted|p1a: Tyranitar|1
|-supereffective|p1b: Excadrill|1
|-damage|p1a: Tyranitar|38/100
|-damage|p1b: Excadrill|0 fnt
|faint|p1b: Excadrill
|
|-weather|Sandstorm|[upkeep]
|-damage|p2b: Chorizard|15/100|[from] Sandstorm
|-damage|p2a: CHAKKK|87/100|[from] Sandstorm
|upkeep
|
|t:|1784566170
|switch|p1b: Staraptor|Staraptor, L50, F|100/100
|-ability|p1b: Staraptor|Intimidate|boost
|-unboost|p2a: CHAKKK|atk|1
|-unboost|p2b: Chorizard|atk|1
|turn|4
|
|t:|1784566180
|switch|p2b: MegaKingampi|Kingambit, L50, M|100/100
|move|p1b: Staraptor|Tailwind|p1b: Staraptor
|-sidestart|p1: TobiYume|move: Tailwind
|move|p1a: Tyranitar|Rock Slide|p2a: CHAKKK|[spread] p2a,p2b
|-resisted|p2b: MegaKingampi|1
|-damage|p2a: CHAKKK|51/100
|-damage|p2b: MegaKingampi|86/100
|cant|p2a: CHAKKK|flinch
|
|-weather|Sandstorm|[upkeep]
|-damage|p1b: Staraptor|94/100|[from] Sandstorm
|-damage|p2a: CHAKKK|45/100|[from] Sandstorm
|upkeep
|turn|5
|inactive|Arsene14 has 30 seconds left.
|inactive|Arsene14 has 20 seconds left.
|
|t:|1784566218
|move|p1b: Staraptor|Brave Bird|p2a: CHAKKK
|-damage|p2a: CHAKKK|0 fnt
|faint|p2a: CHAKKK
|-damage|p1b: Staraptor|79/100|[from] Recoil
|move|p1a: Tyranitar|Low Kick|p2b: MegaKingampi
|-supereffective|p2b: MegaKingampi|2
|-damage|p2b: MegaKingampi|0 fnt
|faint|p2b: MegaKingampi
|
|-weather|Sandstorm|[upkeep]
|-damage|p1b: Staraptor|74/100|[from] Sandstorm
|upkeep
|
|t:|1784566230
|switch|p2b: Chorizard|Charizard-Mega-Y, L50, F|15/100
|-weather|SunnyDay|[from] ability: Drought|[of] p2b: Chorizard
|turn|6
|
|t:|1784566234
|move|p1b: Staraptor|Brave Bird|p2b: Chorizard
|-damage|p2b: Chorizard|0 fnt
|faint|p2b: Chorizard
|-damage|p1b: Staraptor|69/100|[from] Recoil
|
|win|TobiYume
||Arsene14 is ready for game 2.
|inactive|TobiYume has 30 seconds to confirm battle start!
|inactive|TobiYume has 20 seconds to confirm battle start!
|inactive|TobiYume has 10 seconds to confirm battle start!
||TobiYume is ready for game 2.
|uhtml|next|Next: Game 2 of 3
