|j|☆bruGno
|j|☆nod-korai
|html|bruGnonod-korai    
|uhtml|bestof|Game 2 of a best-of-3
|t:|1786110811
|gametype|doubles
|player|p1|bruGno|ash-kalos|1439
|player|p2|nod-korai|101|1363
|gen|9
|tier|[Gen 9 Champions] VGC 2026 Reg M-B (Bo3)
|rated|
|rule|Species Clause: Limit one of each Pokémon
|rule|Item Clause: Limit 1 of each item
|clearpoke
|poke|p1|Venusaur, L50, M|
|poke|p1|Charizard, L50, M|
|poke|p1|Grimmsnarl, L50, M|
|poke|p1|Archaludon, L50, F|
|poke|p1|Pelipper, L50, F|
|poke|p1|Swampert, L50, F|
|poke|p2|Floette-Eternal, L50, F|
|poke|p2|Sneasler, L50, M|
|poke|p2|Incineroar, L50, F|
|poke|p2|Basculegion, L50, M|
|poke|p2|Sinistcha, L50|
|poke|p2|Kingambit, L50, F|
|teampreview|4
|showteam|p1|Venusaur||FocusSash|Chlorophyll|SludgeBomb,EarthPower,SleepPowder,Protect|Modest||M|||50|]Charizard||CharizarditeY|Blaze|Protect,HeatWave,SolarBeam,WeatherBall|Modest||M|||50|]Grimmsnarl||LightClay|Prankster|SpiritBreak,LightScreen,Reflect,PartingShot|Sassy||M|||50|]Archaludon||Leftovers|Stamina|ElectroShot,DragonPulse,FlashCannon,Protect|Calm||F|||50|]Pelipper||SitrusBerry|Drizzle|Hurricane,WeatherBall,Tailwind,WideGuard|Modest||F|||50|]Swampert||Swampertite|Torrent|WaveCrash,Earthquake,IcePunch,Protect|Adamant||F|||50|
|showteam|p2|Floette-Eternal||Floettite|FlowerVeil|Moonblast,DazzlingGleam,CalmMind,Protect|Modest||F|||50|]Sneasler||FocusSash|Unburden|DireClaw,CloseCombat,FakeOut,Protect|Jolly||M|||50|]Incineroar||ChopleBerry|Intimidate|FakeOut,FlareBlitz,ThroatChop,PartingShot|Impish||F|||50|]Basculegion||ChoiceScarf|Adaptability|LastRespects,WaveCrash,AquaJet,FlipTurn|Jolly||M|||50|]Sinistcha||SitrusBerry|Hospitality|MatchaGotcha,LifeDew,RagePowder,Protect|Bold|||||50|]Kingambit||BlackGlasses|Defiant|KowtowCleave,SuckerPunch,SwordsDance,Protect|Adamant||F|||50|
|inactive|Battle timer is ON: inactive players will automatically lose when time's up. (requested by nod-korai)
|inactive|bruGno has 60 seconds left.
|
|t:|1786110869
|teamsize|p1|4
|teamsize|p2|4
|start
|switch|p1a: Archaludon|Archaludon, L50, F|100/100
|switch|p1b: Pelipper|Pelipper, L50, F|100/100
|switch|p2a: Angélica|Floette-Eternal, L50, F|100/100
|switch|p2b: Glicktten|Incineroar, L50, F|100/100
|-weather|RainDance|[from] ability: Drizzle|[of] p1b: Pelipper
|-ability|p2b: Glicktten|Intimidate|boost
|-unboost|p1a: Archaludon|atk|1
|-unboost|p1b: Pelipper|atk|1
|turn|1
|inactive|bruGno has 30 seconds left.
|
|t:|1786110898
|detailschange|p2a: Angélica|Floette-Mega, L50, F
|-mega|p2a: Angélica|Floette|Floettite
|-ability|p2a: Angélica|Fairy Aura
|move|p2b: Glicktten|Fake Out|p1b: Pelipper
|-damage|p1b: Pelipper|89/100
|move|p2a: Angélica|Calm Mind|p2a: Angélica
|-boost|p2a: Angélica|spa|1
|-boost|p2a: Angélica|spd|1
|move|p1a: Archaludon|Electro Shot||[still]
|-prepare|p1a: Archaludon|Electro Shot
|-boost|p1a: Archaludon|spa|1
|-anim|p1a: Archaludon|Electro Shot|p2a: Angélica
|-damage|p2a: Angélica|75/100
|cant|p1b: Pelipper|flinch
|
|-weather|RainDance|[upkeep]
|upkeep
|turn|2
|
|t:|1786110918
|move|p2a: Angélica|Moonblast|p1b: Pelipper
|-damage|p1b: Pelipper|0 fnt
|faint|p1b: Pelipper
|move|p1a: Archaludon|Electro Shot||[still]
|-prepare|p1a: Archaludon|Electro Shot
|-boost|p1a: Archaludon|spa|1
|-anim|p1a: Archaludon|Electro Shot|p2a: Angélica
|-damage|p2a: Angélica|42/100
|move|p2b: Glicktten|Parting Shot|p1a: Archaludon
|-unboost|p1a: Archaludon|atk|1
|-unboost|p1a: Archaludon|spa|1
|
|t:|1786110926
|switch|p2b: Icelea|Sinistcha, L50|100/100|[from] Parting Shot
|-heal|p2a: Angélica|67/100|[from] ability: Hospitality|[of] p2b: Icelea
|
|-weather|RainDance|[upkeep]
|upkeep
|
|t:|1786110931
|switch|p1b: Venusaur|Venusaur, L50, M|100/100
|turn|3
|
|t:|1786110939
|switch|p2b: Glicktten|Incineroar, L50, F|100/100
|-ability|p2b: Glicktten|Intimidate|boost
|-unboost|p1a: Archaludon|atk|1
|-unboost|p1b: Venusaur|atk|1
|move|p2a: Angélica|Protect|p2a: Angélica
|-singleturn|p2a: Angélica|Protect
|move|p1b: Venusaur|Sludge Bomb|p2a: Angélica
|-activate|p2a: Angélica|move: Protect
|move|p1a: Archaludon|Electro Shot||[still]
|-prepare|p1a: Archaludon|Electro Shot
|-boost|p1a: Archaludon|spa|1
|-anim|p1a: Archaludon|Electro Shot|p2a: Angélica
|-activate|p2a: Angélica|move: Protect
|
|-weather|RainDance|[upkeep]
|upkeep
|turn|4
|
|t:|1786110958
|move|p2b: Glicktten|Fake Out|p1b: Venusaur
|-crit|p1b: Venusaur
|-damage|p1b: Venusaur|77/100
|cant|p1b: Venusaur|flinch
|move|p2a: Angélica|Dazzling Gleam|p1a: Archaludon|[spread] p1a,p1b
|-resisted|p1b: Venusaur|1
|-damage|p1a: Archaludon|44/100
|-damage|p1b: Venusaur|38/100
|-ability|p1a: Archaludon|Stamina|boost
|-boost|p1a: Archaludon|def|1
|move|p1a: Archaludon|Flash Cannon|p2a: Angélica
|-supereffective|p2a: Angélica|1
|-damage|p2a: Angélica|1/100
|
|-weather|RainDance|[upkeep]
|-heal|p1a: Archaludon|50/100g|[from] item: Leftovers
|upkeep
|turn|5
|inactive|nod-korai has 30 seconds left.
|
|t:|1786110990
|move|p2a: Angélica|Protect|p2a: Angélica
|-singleturn|p2a: Angélica|Protect
|move|p1b: Venusaur|Sludge Bomb|p2a: Angélica
|-activate|p2a: Angélica|move: Protect
|move|p1a: Archaludon|Electro Shot||[still]
|-prepare|p1a: Archaludon|Electro Shot
|-boost|p1a: Archaludon|spa|1
|-anim|p1a: Archaludon|Electro Shot|p2b: Glicktten
|-damage|p2b: Glicktten|31/100
|move|p2b: Glicktten|Parting Shot|p1a: Archaludon
|-unboost|p1a: Archaludon|atk|1
|-unboost|p1a: Archaludon|spa|1
|
|t:|1786110996
|switch|p2b: F key|Basculegion, L50, M|100/100|[from] Parting Shot
|
|-weather|none
|-heal|p1a: Archaludon|56/100|[from] item: Leftovers
|upkeep
|turn|6
|inactive|bruGno has 30 seconds left.
|inactive|bruGno has 20 seconds left.
|inactive|bruGno has 15 seconds left.
|inactive|bruGno has 10 seconds left.
|
|t:|1786111046
|move|p1b: Venusaur|Protect|p1b: Venusaur
|-singleturn|p1b: Venusaur|Protect
|move|p2b: F key|Wave Crash|p1b: Venusaur
|-activate|p1b: Venusaur|move: Protect
|move|p2a: Angélica|Dazzling Gleam|p1a: Archaludon|[spread] p1a
|-activate|p1b: Venusaur|move: Protect
|-damage|p1a: Archaludon|1/100
|-ability|p1a: Archaludon|Stamina|boost
|-boost|p1a: Archaludon|def|1
|move|p1a: Archaludon|Flash Cannon|p2a: Angélica
|-supereffective|p2a: Angélica|1
|-damage|p2a: Angélica|0 fnt
|faint|p2a: Angélica
|
|-heal|p1a: Archaludon|7/100|[from] item: Leftovers
|upkeep
|
|t:|1786111054
|switch|p2a: Glicktten|Incineroar, L50, F|31/100
|-ability|p2a: Glicktten|Intimidate|boost
|-unboost|p1a: Archaludon|atk|1
|-unboost|p1b: Venusaur|atk|1
|turn|7
|inactive|bruGno has 30 seconds left.
|inactive|nod-korai has 30 seconds left.
|inactive|bruGno has 20 seconds left.
|inactive|nod-korai has 20 seconds left.
|
|t:|1786111095
|switch|p1b: Swampert|Swampert, L50, F|100/100
|move|p1a: Archaludon|Protect|p1a: Archaludon
|-singleturn|p1a: Archaludon|Protect
|move|p2a: Glicktten|Fake Out|p1b: Swampert
|-crit|p1b: Swampert
|-damage|p1b: Swampert|83/100
|move|p2b: F key|Wave Crash|p1a: Archaludon
|-activate|p1a: Archaludon|move: Protect
|
|-heal|p1a: Archaludon|13/100|[from] item: Leftovers
|upkeep
|turn|8
|inactive|bruGno has 30 seconds left.
|inactive|bruGno has 20 seconds left.
|
|t:|1786111132
|switch|p2b: Icelea|Sinistcha, L50|100/100
|-heal|p2a: Glicktten|55/100|[from] ability: Hospitality|[of] p2b: Icelea
|move|p1b: Swampert|Protect|p1b: Swampert
|-singleturn|p1b: Swampert|Protect
|move|p1a: Archaludon|Dragon Pulse|p2b: Icelea
|-damage|p2b: Icelea|22/100
|-enditem|p2b: Icelea|Sitrus Berry|[eat]
|-heal|p2b: Icelea|47/100|[from] item: Sitrus Berry
|move|p2a: Glicktten|Parting Shot|p1a: Archaludon
|-unboost|p1a: Archaludon|atk|1
|-unboost|p1a: Archaludon|spa|1
|
|t:|1786111137
|switch|p2a: F key|Basculegion, L50, M|100/100|[from] Parting Shot
|
|-heal|p1a: Archaludon|19/100|[from] item: Leftovers
|upkeep
|turn|9
|inactive|bruGno has 30 seconds left.
|inactive|nod-korai has 30 seconds left.
|inactive|bruGno has 20 seconds left.
|inactive|nod-korai has 20 seconds left.
|
|t:|1786111176
|switch|p2a: Glicktten|Incineroar, L50, F|55/100
|-ability|p2a: Glicktten|Intimidate|boost
|-unboost|p1a: Archaludon|atk|0
|-unboost|p1b: Swampert|atk|1
|detailschange|p1b: Swampert|Swampert-Mega, L50, F
|-mega|p1b: Swampert|Swampert|Swampertite
|move|p2b: Icelea|Protect|p2b: Icelea
|-singleturn|p2b: Icelea|Protect
|move|p1b: Swampert|Ice Punch|p2b: Icelea
|-activate|p2b: Icelea|move: Protect
|move|p1a: Archaludon|Dragon Pulse|p2a: Glicktten
|-damage|p2a: Glicktten|12/100
|
|-heal|p1a: Archaludon|25/100|[from] item: Leftovers
|upkeep
|turn|10
|
|t:|1786111194
|move|p1b: Swampert|Protect|p1b: Swampert
|-singleturn|p1b: Swampert|Protect
|move|p1a: Archaludon|Protect|p1a: Archaludon
|-singleturn|p1a: Archaludon|Protect
|move|p2a: Glicktten|Fake Out|p1b: Swampert
|-activate|p1b: Swampert|move: Protect
|move|p2b: Icelea|Life Dew|p2b: Icelea|[spread] p2a,p2b
|-heal|p2a: Glicktten|38/100
|-heal|p2b: Icelea|72/100
|
|-heal|p1a: Archaludon|31/100|[from] item: Leftovers
|upkeep
|turn|11
|inactive|bruGno has 30 seconds left.
|inactive|bruGno has 20 seconds left.
|inactive|bruGno has 15 seconds left.
|
|t:|1786111235
|move|p1b: Swampert|Ice Punch|p2b: Icelea
|-supereffective|p2b: Icelea|1
|-damage|p2b: Icelea|41/100
|move|p1a: Archaludon|Dragon Pulse|p2b: Icelea
|-damage|p2b: Icelea|0 fnt
|faint|p2b: Icelea
|move|p2a: Glicktten|Flare Blitz|p1a: Archaludon
|-damage|p1a: Archaludon|14/100
|-ability|p1a: Archaludon|Stamina|boost
|-boost|p1a: Archaludon|def|1
|-damage|p2a: Glicktten|32/100|[from] Recoil
|
|-heal|p1a: Archaludon|20/100y|[from] item: Leftovers
|upkeep
|
|t:|1786111240
|switch|p2b: F key|Basculegion, L50, M|100/100
|turn|12
|
|t:|1786111265
|move|p2b: F key|Last Respects|p1b: Swampert
|-damage|p1b: Swampert|2/100
|move|p1b: Swampert|Earthquake|p2b: F key|[spread] p1a,p2a,p2b
|-supereffective|p1a: Archaludon|1
|-supereffective|p2a: Glicktten|1
|-damage|p1a: Archaludon|2/100
|-damage|p2a: Glicktten|0 fnt
|-damage|p2b: F key|59/100
|-ability|p1a: Archaludon|Stamina|boost
|-boost|p1a: Archaludon|def|1
|faint|p2a: Glicktten
|move|p1a: Archaludon|Dragon Pulse|p2b: F key
|-damage|p2b: F key|0 fnt
|faint|p2b: F key
|
|win|bruGno
||nod-korai is ready for game 3.
|inactive|bruGno has 30 seconds to confirm battle start!
||bruGno is ready for game 3.
|uhtml|next|Next: Game 3 of 3
|l|☆bruGno
|player|p1|
|l|☆nod-korai
|player|p2|
|j|☆bruGno
|player|p1|bruGno|ash-kalos|
