|j|☆andiom123
|j|☆rowletspin
|html|andiom123rowletspin    
|uhtml|bestof|Game 2 of a best-of-3
|t:|1784690010
|gametype|doubles
|player|p1|andiom123|red|1236
|player|p2|rowletspin|170|1270
|gen|9
|tier|[Gen 9 Champions] VGC 2026 Reg M-B (Bo3)
|rated|
|rule|Species Clause: Limit one of each Pokémon
|rule|Item Clause: Limit 1 of each item
|clearpoke
|poke|p1|Incineroar, L50, M|
|poke|p1|Farigiraf, L50, F|
|poke|p1|Sylveon, L50, F|
|poke|p1|Torkoal, L50, F|
|poke|p1|Kangaskhan, L50, F|
|poke|p1|Mawile, L50, F|
|poke|p2|Raichu, L50, F|
|poke|p2|Corviknight, L50, F|
|poke|p2|Sylveon, L50, M|
|poke|p2|Basculegion, L50, M|
|poke|p2|Mamoswine, L50, M|
|poke|p2|Tyranitar, L50, M|
|teampreview|4
|showteam|p1|Incineroar||MuscleBand|Intimidate|ThroatChop,FlareBlitz,FakeOut,PartingShot|Brave||M|||50|]Farigiraf||SitrusBerry|ArmorTail|FoulPlay,PsychicNoise,TrickRoom,HelpingHand|Relaxed||F|||50|]Sylveon||FairyFeather|Pixilate|HyperVoice,HyperBeam,Yawn,Detect|Modest||F|||50|]Torkoal||Charcoal|Drought|Eruption,EarthPower,Flamethrower,Protect|Quiet||F|||50|]Kangaskhan||Kangaskhanite|Scrappy|DoubleEdge,FakeOut,IcePunch,HammerArm|Brave||F|||50|]Mawile||Mawilite|HyperCutter|RockSlide,PlayRough,SuckerPunch,Protect|Brave||F|||50|
|showteam|p2|Raichu||RaichuniteY|LightningRod|ZapCannon,FocusBlast,FakeOut,Protect|Timid||F|||50|]Corviknight||Leftovers|MirrorArmor|BraveBird,IronHead,Tailwind,Protect|Careful||F|||50|]Sylveon||FairyFeather|Pixilate|HyperVoice,QuickAttack,Protect,Yawn|Modest||M|||50|]Basculegion||MysticWater|Adaptability|WaveCrash,LastRespects,AquaJet,Protect|Adamant||M|||50|]Mamoswine||LifeOrb|Oblivious|HighHorsepower,IcicleCrash,IceShard,Protect|Adamant||M|||50|]Tyranitar||FocusSash|SandStream|RockSlide,KnockOff,Superpower,Protect|Adamant||M|||50|
|inactive|Battle timer is ON: inactive players will automatically lose when time's up. (requested by rowletspin)
|inactive|andiom123 has 60 seconds left.
|
|t:|1784690044
|teamsize|p1|4
|teamsize|p2|4
|start
|switch|p1a: Farigiraf|Farigiraf, L50, F|100/100
|switch|p1b: Incineroar|Incineroar, L50, M|100/100
|switch|p2a: Corviknight|Corviknight, L50, F|100/100
|switch|p2b: Basculegion|Basculegion, L50, M|100/100
|-ability|p1b: Incineroar|Intimidate|boost
|-ability|p2a: Corviknight|Mirror Armor
|-unboost|p1b: Incineroar|atk|1
|-unboost|p2b: Basculegion|atk|1
|turn|1
|
|t:|1784690064
|move|p1b: Incineroar|Fake Out|p2a: Corviknight
|-resisted|p2a: Corviknight|1
|-damage|p2a: Corviknight|95/100
|move|p2b: Basculegion|Wave Crash|p1b: Incineroar
|-supereffective|p1b: Incineroar|1
|-damage|p1b: Incineroar|0 fnt
|faint|p1b: Incineroar
|-damage|p2b: Basculegion|67/100|[from] Recoil
|cant|p2a: Corviknight|flinch
|move|p1a: Farigiraf|Trick Room|p1a: Farigiraf
|-fieldstart|move: Trick Room|[of] p1a: Farigiraf
|
|-heal|p2a: Corviknight|100/100|[from] item: Leftovers
|upkeep
|
|t:|1784690079
|switch|p1b: Torkoal|Torkoal, L50, F|100/100
|-weather|SunnyDay|[from] ability: Drought|[of] p1b: Torkoal
|turn|2
|
|t:|1784690094
|switch|p1a: Sylveon|Sylveon, L50, F|100/100
|switch|p2b: Tyranitar|Tyranitar, L50, M|100/100
|-weather|Sandstorm|[from] ability: Sand Stream|[of] p2b: Tyranitar
|move|p2a: Corviknight|Protect|p2a: Corviknight
|-singleturn|p2a: Corviknight|Protect
|move|p1b: Torkoal|Eruption|p2b: Tyranitar|[spread] p2b
|-activate|p2a: Corviknight|move: Protect
|-resisted|p2b: Tyranitar|1
|-damage|p2b: Tyranitar|80/100
|
|-weather|Sandstorm|[upkeep]
|-damage|p1b: Torkoal|93/100|[from] Sandstorm
|-damage|p1a: Sylveon|94/100|[from] Sandstorm
|upkeep
|turn|3
|
|t:|1784690119
|move|p1b: Torkoal|Eruption|p2b: Tyranitar|[spread] p2a,p2b
|-supereffective|p2a: Corviknight|1
|-crit|p2a: Corviknight
|-resisted|p2b: Tyranitar|1
|-crit|p2b: Tyranitar
|-damage|p2a: Corviknight|0 fnt
|-damage|p2b: Tyranitar|53/100
|faint|p2a: Corviknight
|move|p1a: Sylveon|Hyper Voice|p2b: Tyranitar
|-supereffective|p2b: Tyranitar|1
|-damage|p2b: Tyranitar|0 fnt
|faint|p2b: Tyranitar
|
|-weather|Sandstorm|[upkeep]
|-damage|p1b: Torkoal|87/100|[from] Sandstorm
|-damage|p1a: Sylveon|88/100|[from] Sandstorm
|upkeep
|
|t:|1784690122
|switch|p2a: Basculegion|Basculegion, L50, M|67/100
|switch|p2b: Sylveon|Sylveon, L50, M|100/100
|turn|4
|
|t:|1784690137
|move|p2a: Basculegion|Protect|p2a: Basculegion
|-singleturn|p2a: Basculegion|Protect
|move|p1b: Torkoal|Eruption|p2a: Basculegion|[spread] p2b
|-activate|p2a: Basculegion|move: Protect
|-damage|p2b: Sylveon|64/100
|move|p1a: Sylveon|Hyper Voice|p2a: Basculegion|[spread] p2b
|-activate|p2a: Basculegion|move: Protect
|-damage|p2b: Sylveon|31/100
|move|p2b: Sylveon|Hyper Voice|p1a: Sylveon|[spread] p1a,p1b
|-resisted|p1b: Torkoal|1
|-crit|p1b: Torkoal
|-damage|p1a: Sylveon|56/100
|-damage|p1b: Torkoal|40/100
|
|-weather|Sandstorm|[upkeep]
|-damage|p1b: Torkoal|33/100|[from] Sandstorm
|-damage|p1a: Sylveon|50/100g|[from] Sandstorm
|-damage|p2b: Sylveon|25/100|[from] Sandstorm
|-damage|p2a: Basculegion|61/100|[from] Sandstorm
|upkeep
|turn|5
|inactive|andiom123 has 30 seconds left.
|
|t:|1784690163
|switch|p1b: Farigiraf|Farigiraf, L50, F|100/100
|move|p2b: Sylveon|Protect|p2b: Sylveon
|-singleturn|p2b: Sylveon|Protect
|move|p2a: Basculegion|Aqua Jet||[still]
|cant|p1b: Farigiraf|ability: Armor Tail|Aqua Jet|[of] p2a: Basculegion
|move|p1a: Sylveon|Hyper Voice|p2b: Sylveon|[spread] p2a
|-activate|p2b: Sylveon|move: Protect
|-damage|p2a: Basculegion|12/100
|
|-weather|Sandstorm|[upkeep]
|-damage|p1b: Farigiraf|93/100|[from] Sandstorm
|-damage|p1a: Sylveon|44/100|[from] Sandstorm
|-damage|p2b: Sylveon|19/100|[from] Sandstorm
|-damage|p2a: Basculegion|6/100|[from] Sandstorm
|-fieldend|move: Trick Room
|upkeep
|turn|6
|
|t:|1784690186
|move|p2a: Basculegion|Wave Crash|p1b: Farigiraf
|-damage|p1b: Farigiraf|22/100
|-enditem|p1b: Farigiraf|Sitrus Berry|[eat]
|-heal|p1b: Farigiraf|47/100|[from] item: Sitrus Berry
|-damage|p2a: Basculegion|0 fnt|[from] Recoil
|faint|p2a: Basculegion
|move|p2b: Sylveon|Hyper Voice|p1a: Sylveon|[spread] p1a,p1b
|-damage|p1a: Sylveon|11/100
|-damage|p1b: Farigiraf|3/100
|move|p1a: Sylveon|Hyper Voice|p2b: Sylveon
|-damage|p2b: Sylveon|0 fnt
|faint|p2b: Sylveon
|
|win|andiom123
||rowletspin is ready for game 3.
|inactive|andiom123 has 30 seconds to confirm battle start!
||andiom123 is ready for game 3.
|uhtml|next|Next: Game 3 of 3
