|j|☆25th_mang
|j|‽tavinn_n
|html|25th_mangtavinn_n    
|uhtml|bestof|Game 3 of a best-of-3
|t:|1783439567
|gametype|doubles
|player|p1|25th_mang|ballguy|1209
|player|p2|tavinn_n|ghetsis|1137
|gen|9
|tier|[Gen 9 Champions] VGC 2026 Reg M-B (Bo3)
|rated|
|rule|Species Clause: Limit one of each Pokémon
|rule|Item Clause: Limit 1 of each item
|clearpoke
|poke|p1|Blastoise, L50, M|
|poke|p1|Aerodactyl, L50, M|
|poke|p1|Sinistcha, L50|
|poke|p1|Kingambit, L50, F|
|poke|p1|Tsareena, L50, F|
|poke|p1|Metagross, L50, shiny|
|poke|p2|Blastoise, L50, F|
|poke|p2|Sinistcha, L50|
|poke|p2|Sneasler, L50, M|
|poke|p2|Delphox, L50, F|
|poke|p2|Kingambit, L50, M|
|poke|p2|Incineroar, L50, F|
|teampreview|4
|showteam|p1|Blastoise||Blastoisinite|RainDish|WaterSpout,AuraSphere,DarkPulse,FakeOut|Modest||M|||50|]Aerodactyl||FocusSash|Unnerve|Tailwind,RainDance,RockSlide,DualWingbeat|Jolly||M|||50|]Sinistcha||SitrusBerry|Hospitality|LifeDew,MatchaGotcha,TrickRoom,RagePowder|Quiet|||||50|]Kingambit||ChopleBerry|Defiant|KowtowCleave,SuckerPunch,LowKick,IronHead|Adamant||F|||50|]Tsareena||WideLens|QueenlyMajesty|TropKick,LowKick,TripleAxel,HelpingHand|Adamant||F|||50|]Metagross||Metagrossite|ClearBody|IronHead,PsychicFangs,IcePunch,Protect|Adamant|||||50|
|showteam|p2|Blastoise||Blastoisinite|Torrent|Protect,ShellSmash,DarkPulse,WaterSpout|Timid||F|||50|]Sinistcha||KasibBerry|Hospitality|MatchaGotcha,RagePowder,LifeDew,Protect|Bold|||||50|]Sneasler||FocusSash|PoisonTouch|QuickGuard,FakeOut,CloseCombat,PoisonJab|Jolly||M|||50|]Delphox||Delphoxite|Blaze|HeatWave,Psychic,NastyPlot,Protect|Timid||F|||50|]Kingambit||BlackGlasses|Defiant|Protect,SwordsDance,SuckerPunch,KowtowCleave|Adamant||M|||50|]Incineroar||SitrusBerry|Intimidate|PartingShot,FakeOut,ThroatChop,FlareBlitz|Careful||F|||50|
|inactive|Battle timer is ON: inactive players will automatically lose when time's up. (requested by tavinn_n)
|inactive|25th_mang also wants the timer to be on.
|inactive|25th_mang has 60 seconds left.
|inactive|25th_mang has 30 seconds left.
|inactive|25th_mang has 20 seconds left.
|inactive|25th_mang has 15 seconds left.
|
|t:|1783439646
|teamsize|p1|4
|teamsize|p2|4
|start
|switch|p1a: Voyager|Blastoise, L50, M|100/100
|switch|p1b: Save Me|Sinistcha, L50|100/100
|switch|p2a: Blastoise|Blastoise, L50, F|100/100
|switch|p2b: Sneasler|Sneasler, L50, M|100/100
|turn|1
|
|t:|1783439659
|detailschange|p2a: Blastoise|Blastoise-Mega, L50, F
|-mega|p2a: Blastoise|Blastoise|Blastoisinite
|move|p1a: Voyager|Fake Out|p2a: Blastoise
|-damage|p2a: Blastoise|92/100
|move|p2b: Sneasler|Poison Jab|p1b: Save Me
|-damage|p1b: Save Me|64/100
|-status|p1b: Save Me|psn|[from] ability: Poison Touch|[of] p2b: Sneasler
|cant|p2a: Blastoise|flinch
|move|p1b: Save Me|Trick Room|p1b: Save Me
|-fieldstart|move: Trick Room|[of] p1b: Save Me
|
|-damage|p1b: Save Me|51/100 psn|[from] psn
|upkeep
|turn|2
|
|t:|1783439674
|switch|p2a: Sinistcha|Sinistcha, L50|100/100
|detailschange|p1a: Voyager|Blastoise-Mega, L50, M
|-mega|p1a: Voyager|Blastoise|Blastoisinite
|move|p1b: Save Me|Matcha Gotcha|p2a: Sinistcha|[spread] p2b
|-miss|p1b: Save Me|p2a: Sinistcha
|-resisted|p2b: Sneasler|1
|-damage|p2b: Sneasler|80/100
|-heal|p1b: Save Me|60/100 psn|[from] drain|[of] p2b: Sneasler
|move|p1a: Voyager|Water Spout|p2a: Sinistcha|[spread] p2a,p2b
|-resisted|p2a: Sinistcha|1
|-damage|p2a: Sinistcha|62/100
|-damage|p2b: Sneasler|0 fnt
|faint|p2b: Sneasler
|
|-damage|p1b: Save Me|47/100 psn|[from] psn
|upkeep
|-enditem|p1b: Save Me|Sitrus Berry|[eat]
|-heal|p1b: Save Me|72/100 psn|[from] item: Sitrus Berry
|
|t:|1783439689
|switch|p2b: Incineroar|Incineroar, L50, F|100/100
|-ability|p2b: Incineroar|Intimidate|boost
|-unboost|p1a: Voyager|atk|1
|-unboost|p1b: Save Me|atk|1
|turn|3
|
|t:|1783439704
|switch|p1b: Her Majesty 5|Tsareena, L50, F|100/100
|move|p2a: Sinistcha|Matcha Gotcha|p1a: Voyager|[spread] p1a,p1b
|-supereffective|p1a: Voyager|1
|-resisted|p1b: Her Majesty 5|1
|-damage|p1a: Voyager|48/100
|-heal|p2a: Sinistcha|85/100|[from] drain|[of] p1a: Voyager
|-damage|p1b: Her Majesty 5|87/100
|-heal|p2a: Sinistcha|91/100|[from] drain|[of] p1b: Her Majesty 5
|move|p2b: Incineroar|Flare Blitz|p1b: Her Majesty 5
|-supereffective|p1b: Her Majesty 5|1
|-damage|p1b: Her Majesty 5|0 fnt
|faint|p1b: Her Majesty 5
|-damage|p2b: Incineroar|75/100|[from] Recoil
|move|p1a: Voyager|Dark Pulse|p2a: Sinistcha
|-supereffective|p2a: Sinistcha|1
|-damage|p2a: Sinistcha|0 fnt
|faint|p2a: Sinistcha
|
|upkeep
|
|t:|1783439722
|switch|p2a: Blastoise|Blastoise-Mega, L50, F|92/100
|switch|p1b: Save Me|Sinistcha, L50|72/100 psn
|-heal|p1a: Voyager|73/100|[from] ability: Hospitality|[of] p1b: Save Me
|turn|4
|
|t:|1783439736
|move|p2a: Blastoise|Protect|p2a: Blastoise
|-singleturn|p2a: Blastoise|Protect
|move|p1b: Save Me|Rage Powder|p1b: Save Me
|-singleturn|p1b: Save Me|move: Rage Powder
|move|p2b: Incineroar|Flare Blitz|p1b: Save Me
|-supereffective|p1b: Save Me|1
|-damage|p1b: Save Me|1/100 psn
|-damage|p2b: Incineroar|54/100|[from] Recoil
|move|p1a: Voyager|Water Spout|p2b: Incineroar|[spread] p2b
|-activate|p2a: Blastoise|move: Protect
|-supereffective|p2b: Incineroar|1
|-damage|p2b: Incineroar|0 fnt
|faint|p2b: Incineroar
|
|-damage|p1b: Save Me|0 fnt|[from] psn
|faint|p1b: Save Me
|upkeep
|
|t:|1783439752
|switch|p1b: Love&Fear|Kingambit, L50, F|100/100
|turn|5
|inactive|tavinn_n has 30 seconds left.
|
|t:|1783439784
|move|p1b: Love&Fear|Low Kick|p2a: Blastoise
|-damage|p2a: Blastoise|54/100
|move|p1a: Voyager|Dark Pulse|p2a: Blastoise
|-damage|p2a: Blastoise|2/100
|cant|p2a: Blastoise|flinch
|
|-fieldend|move: Trick Room
|upkeep
|turn|6
|
|t:|1783439798
|move|p1b: Love&Fear|Sucker Punch||[still]
|-fail|p1b: Love&Fear
|move|p2a: Blastoise|Shell Smash|p2a: Blastoise
|-unboost|p2a: Blastoise|def|1
|-unboost|p2a: Blastoise|spd|1
|-boost|p2a: Blastoise|atk|2
|-boost|p2a: Blastoise|spa|2
|-boost|p2a: Blastoise|spe|2
|move|p1a: Voyager|Aura Sphere|p2a: Blastoise
|-damage|p2a: Blastoise|0 fnt
|faint|p2a: Blastoise
|
|win|25th_mang
|raw|25th_mang's rating: 1209 → 1229(+20 for winning)
|raw|tavinn_n's rating: 1137 → 1117(-20 for losing)
|l|‽tavinn_n
|player|p2|
|l|☆25th_mang
|player|p1|
|j|☆25th_mang
|player|p1|25th_mang|ballguy|
