|j|‽Hgfeedg
|j|☆Chessnuts VGC
|html|HgfeedgChessnuts VGC    
|uhtml|bestof|Game 1 of a best-of-3
|t:|1756286160
|gametype|doubles
|player|p1|Hgfeedg|1|1000
|player|p2|Chessnuts VGC|miku-ground|1047
|gen|9
|tier|[Gen 9] VGC 2025 Reg H (Bo3)
|rated|
|rule|Species Clause: Limit one of each Pokémon
|rule|Item Clause: Limit 1 of each item
|clearpoke
|poke|p1|Ursaluna, L50, M|
|poke|p1|Porygon2, L50|
|poke|p1|Gallade, L50, M|
|poke|p1|Indeedee-F, L50, F|
|poke|p1|Hatterene, L50, F|
|poke|p1|Incineroar, L50, F|
|poke|p2|Dragonite, L50, F|
|poke|p2|Tyranitar, L50, M|
|poke|p2|Arcanine-Hisui, L50, F|
|poke|p2|Indeedee, L50, M|
|poke|p2|Electabuzz, L50, M|
|poke|p2|Sneasler, L50, F|
|teampreview|4
|showteam|p1|Ursaluna||FlameOrb|Guts|HeadlongRush,Facade,Earthquake,Protect|||M|||50|,,,,,Ghost]Porygon2||Eviolite|Download|TeraBlast,IceBeam,TrickRoom,Recover||||||50|,,,,,Ghost]Gallade||ClearAmulet|Sharpness|PsychoCut,SacredSword,TrickRoom,WideGuard|||M|||50|,,,,,Fighting]Indeedee-F||PsychicSeed|PsychicSurge|FollowMe,TrickRoom,PsychicTerrain,DazzlingGleam|||F|||50|,,,,,Fairy]Hatterene||LifeOrb|MagicBounce|Psychic,DazzlingGleam,TrickRoom,Protect|||F|||50|,,,,,Psychic]Incineroar||AssaultVest|Intimidate|FakeOut,KnockOff,Uturn,FlareBlitz|||F|||50|,,,,,Grass
|showteam|p2|Dragonite||LoadedDice|InnerFocus|ScaleShot,StompingTantrum,Tailwind,Protect|||F|||50|,,,,,Ground]Tyranitar||AssaultVest|SandStream|LowKick,KnockOff,RockSlide,TeraBlast|||M|||50|,,,,,Flying]Arcanine-Hisui||SitrusBerry|Intimidate|FlareBlitz,WillOWisp,RockSlide,Protect|||F|||50|,,,,,Grass]Indeedee||ChoiceScarf|PsychicSurge|ExpandingForce,TeraBlast,Trick,HelpingHand|||M|||50|,,,,,Psychic]Electabuzz||Eviolite|VitalSpirit|Electroweb,FollowMe,Taunt,Protect|||M|||50|,,,,,Dragon]Sneasler||PsychicSeed|Unburden|CloseCombat,DireClaw,ThroatChop,Protect|||F|||50|,,,,,Dark
|inactive|Battle timer is ON: inactive players will automatically lose when time's up. (requested by Hgfeedg)
|
|t:|1756286199
|teamsize|p1|4
|teamsize|p2|4
|start
|switch|p1a: Incineroar|Incineroar, L50, F|100/100
|switch|p1b: Porygon2|Porygon2, L50, shiny|100/100
|switch|p2a: Electabuzz|Electabuzz, L50, M|100/100
|switch|p2b: Tyranitar|Tyranitar, L50, M|100/100
|-weather|Sandstorm|[from] ability: Sand Stream|[of] p2b: Tyranitar
|-ability|p1a: Incineroar|Intimidate|boost
|-unboost|p2a: Electabuzz|atk|1
|-unboost|p2b: Tyranitar|atk|1
|-ability|p1b: Porygon2|Download|boost
|-boost|p1b: Porygon2|atk|1
|turn|1
|
|t:|1756286215
|move|p1a: Incineroar|Fake Out|p2a: Electabuzz
|-damage|p2a: Electabuzz|89/100
|cant|p2a: Electabuzz|flinch
|move|p2b: Tyranitar|Rock Slide|p1b: Porygon2|[spread] p1a,p1b
|-supereffective|p1a: Incineroar
|-damage|p1a: Incineroar|62/100
|-damage|p1b: Porygon2|86/100
|move|p1b: Porygon2|Trick Room|p1b: Porygon2
|-fieldstart|move: Trick Room|[of] p1b: Porygon2
|
|-weather|Sandstorm|[upkeep]
|-damage|p1b: Porygon2|81/100|[from] Sandstorm
|-damage|p1a: Incineroar|56/100|[from] Sandstorm
|-damage|p2a: Electabuzz|83/100|[from] Sandstorm
|upkeep
|turn|2
|
|t:|1756286236
|move|p2a: Electabuzz|Follow Me|p2a: Electabuzz
|-singleturn|p2a: Electabuzz|move: Follow Me
|move|p1a: Incineroar|Knock Off|p2a: Electabuzz
|-damage|p2a: Electabuzz|41/100
|-enditem|p2a: Electabuzz|Eviolite|[from] move: Knock Off|[of] p1a: Incineroar
|move|p1b: Porygon2|Ice Beam|p2a: Electabuzz
|-damage|p2a: Electabuzz|11/100
|move|p2b: Tyranitar|Low Kick|p1a: Incineroar
|-supereffective|p1a: Incineroar
|-damage|p1a: Incineroar|21/100
|
|-weather|Sandstorm|[upkeep]
|-damage|p1a: Incineroar|15/100|[from] Sandstorm
|-damage|p1b: Porygon2|75/100|[from] Sandstorm
|-damage|p2a: Electabuzz|5/100|[from] Sandstorm
|upkeep
|turn|3
|
|t:|1756286256
|move|p2a: Electabuzz|Follow Me|p2a: Electabuzz
|-singleturn|p2a: Electabuzz|move: Follow Me
|move|p1a: Incineroar|U-turn|p2a: Electabuzz
|-damage|p2a: Electabuzz|0 fnt
|faint|p2a: Electabuzz
|
|t:|1756286275
|switch|p1a: Indeedee|Indeedee-F, L50, F, shiny|100/100|[from] U-turn
|-fieldstart|move: Psychic Terrain|[from] ability: Psychic Surge|[of] p1a: Indeedee
|-enditem|p1a: Indeedee|Psychic Seed
|-boost|p1a: Indeedee|spd|1|[from] item: Psychic Seed
|move|p1b: Porygon2|Ice Beam|p2b: Tyranitar
|-crit|p2b: Tyranitar
|-damage|p2b: Tyranitar|83/100
|move|p2b: Tyranitar|Rock Slide|p1a: Indeedee|[spread] p1a,p1b
|-damage|p1a: Indeedee|80/100
|-damage|p1b: Porygon2|62/100
|
|-weather|Sandstorm|[upkeep]
|-damage|p1b: Porygon2|56/100|[from] Sandstorm
|-damage|p1a: Indeedee|73/100|[from] Sandstorm
|upkeep
|
|t:|1756286297
|switch|p2a: Sneasler|Sneasler, L50, F|100/100
|-enditem|p2a: Sneasler|Psychic Seed
|-boost|p2a: Sneasler|spd|1|[from] item: Psychic Seed
|turn|4
|inactive|Hgfeedg has 30 seconds left.
|
|t:|1756286326
|switch|p1b: Ursaluna|Ursaluna, L50, M|100/100
|move|p2a: Sneasler|Protect|p2a: Sneasler
|-singleturn|p2a: Sneasler|Protect
|move|p1a: Indeedee|Follow Me|p1a: Indeedee
|-singleturn|p1a: Indeedee|move: Follow Me
|move|p2b: Tyranitar|Knock Off|p1a: Indeedee
|-supereffective|p1a: Indeedee
|-damage|p1a: Indeedee|21/100
|
|-weather|Sandstorm|[upkeep]
|-damage|p1a: Indeedee|15/100|[from] Sandstorm
|-damage|p2a: Sneasler|95/100|[from] Sandstorm
|-status|p1b: Ursaluna|brn|[from] item: Flame Orb
|upkeep
|turn|5
|inactive|Hgfeedg has 30 seconds left.
|inactive|Chessnuts VGC has 30 seconds left.
|inactive|Chessnuts VGC has 20 seconds left.
|inactive|Chessnuts VGC has 15 seconds left.
|
|t:|1756286369
|switch|p2a: Indeedee|Indeedee, L50, M|100/100
|-terastallize|p2b: Tyranitar|Flying
|move|p1a: Indeedee|Follow Me|p1a: Indeedee
|-singleturn|p1a: Indeedee|move: Follow Me
|move|p1b: Ursaluna|Facade|p2a: Indeedee
|-damage|p2a: Indeedee|0 fnt
|faint|p2a: Indeedee
|move|p2b: Tyranitar|Rock Slide|p1a: Indeedee|[spread] p1a
|-miss|p2b: Tyranitar|p1b: Ursaluna
|-damage|p1a: Indeedee|0 fnt
|faint|p1a: Indeedee
|
|-weather|none
|-damage|p1b: Ursaluna|95/100 brn|[from] brn
|-fieldend|move: Trick Room
|upkeep
|
|t:|1756286389
|switch|p2a: Sneasler|Sneasler, L50, F|95/100
|switch|p1a: Porygon2|Porygon2, L50, shiny|56/100
|-ability|p1a: Porygon2|Download|boost
|-boost|p1a: Porygon2|atk|1
|turn|6
|inactive|Hgfeedg has 30 seconds left.
|inactive|Chessnuts VGC has 30 seconds left.
|inactive|Hgfeedg has 20 seconds left.
|inactive|Hgfeedg has 15 seconds left.
|inactive|Hgfeedg has 10 seconds left.
|inactive|Hgfeedg has 5 seconds left.
|
|t:|1756286439
|switch|p1b: Incineroar|Incineroar, L50, F|15/100
|-ability|p1b: Incineroar|Intimidate|boost
|-unboost|p2a: Sneasler|atk|1
|-unboost|p2b: Tyranitar|atk|1
|-terastallize|p1a: Porygon2|Ghost
|move|p2a: Sneasler|Close Combat|p1a: Porygon2
|-immune|p1a: Porygon2
|move|p2b: Tyranitar|Low Kick|p1b: Incineroar
|-supereffective|p1b: Incineroar
|-damage|p1b: Incineroar|0 fnt
|faint|p1b: Incineroar
|move|p1a: Porygon2|Trick Room|p1a: Porygon2
|-fieldstart|move: Trick Room|[of] p1a: Porygon2
|
|upkeep
|
|t:|1756286450
|switch|p1b: Ursaluna|Ursaluna, L50, M|95/100 brn
|turn|7
|
|t:|1756286460
|move|p1b: Ursaluna|Facade|p2a: Sneasler
|-damage|p2a: Sneasler|0 fnt
|faint|p2a: Sneasler
|move|p1a: Porygon2|Ice Beam|p2b: Tyranitar
|-supereffective|p2b: Tyranitar
|-damage|p2b: Tyranitar|50/100
|-status|p2b: Tyranitar|frz
|cant|p2b: Tyranitar|frz
|
|-damage|p1b: Ursaluna|89/100 brn|[from] brn
|-fieldend|move: Psychic Terrain
|upkeep
|turn|8
|
|t:|1756286476
|move|p1b: Ursaluna|Facade|p2b: Tyranitar
|-damage|p2b: Tyranitar|0 fnt
|faint|p2b: Tyranitar
|
|win|Hgfeedg
|l|‽Hgfeedg
|player|p1|
