|j|☆benniOVYalt
|j|☆Mike McWillson
|html|benniOVYaltMike McWillson    
|uhtml|bestof|Game 1 of a best-of-3
|t:|1757926466
|gametype|doubles
|player|p1|benniOVYalt|bellelba|1047
|player|p2|Mike McWillson|170|1000
|gen|9
|tier|[Gen 9] VGC 2025 Reg H (Bo3)
|rated|
|rule|Species Clause: Limit one of each Pokémon
|rule|Item Clause: Limit 1 of each item
|clearpoke
|poke|p1|Torkoal, L50, F|
|poke|p1|Jumpluff, L50, F|
|poke|p1|Porygon2, L50|
|poke|p1|Ursaluna, L50, F|
|poke|p1|Charizard, L50, M|
|poke|p1|Incineroar, L50, M|
|poke|p2|Archaludon, L50, F|
|poke|p2|Pelipper, L50, F|
|poke|p2|Incineroar, L50, F|
|poke|p2|Gholdengo, L50|
|poke|p2|Amoonguss, L50, M|
|poke|p2|Basculegion, L50, M|
|teampreview|4
|showteam|p1|Torkoal||EjectPack|Drought|Eruption,Overheat,HelpingHand,Protect|||F|||50|,,,,,Fire]Jumpluff||CovertCloak|Chlorophyll|SleepPowder,Tailwind,RagePowder,SunnyDay|||F|||50|,,,,,Water]Porygon2||Eviolite|Download|TeraBlast,IceBeam,Recover,TrickRoom||||||50|,,,,,Fighting]Ursaluna||FlameOrb|Guts|Facade,HeadlongRush,Earthquake,Protect|||F|||50|,,,,,Ghost]Charizard||ChoiceSpecs|SolarPower|HeatWave,WeatherBall,AirSlash,DragonPulse|||M|||50|,,,,,Ghost]Incineroar||AssaultVest|Intimidate|FakeOut,KnockOff,FlareBlitz,Uturn|||M|||50|,,,,,Grass
|showteam|p2|Archaludon||AssaultVest|Stamina|ElectroShot,DracoMeteor,BodyPress,Protect|||F|||50|,,,,,Electric]Pelipper||FocusSash|Drizzle|Tailwind,WideGuard,Protect,Hurricane|||F|||50|,,,,,Flying]Incineroar||RockyHelmet|Intimidate|FakeOut,FlareBlitz,Snarl,PartingShot|||F|||50|,,,,,Grass]Gholdengo||LifeOrb|GoodasGold|MakeItRain,ShadowBall,DazzlingGleam,Protect||||||50|,,,,,Steel]Amoonguss||SitrusBerry|Regenerator|RagePowder,Spore,PollenPuff,Protect|||M|||50|,,,,,Water]Basculegion||ChoiceBand|Adaptability|WaveCrash,FlipTurn,LastRespects,Protect|||M|||50|,,,,,Ghost
|inactive|Battle timer is ON: inactive players will automatically lose when time's up. (requested by benniOVYalt)
|c|☆benniOVYalt|gl
|inactive|benniOVYalt has 60 seconds left.
|inactive|Mike McWillson has 60 seconds left.
|
|t:|1757926520
|teamsize|p1|4
|teamsize|p2|4
|start
|switch|p1a: Incineroar|Incineroar, L50, M|100/100
|switch|p1b: Porygon2|Porygon2, L50|100/100
|switch|p2a: Incineroar|Incineroar, L50, F|100/100
|switch|p2b: Gholdengo|Gholdengo, L50|100/100
|-ability|p1a: Incineroar|Intimidate|boost
|-unboost|p2a: Incineroar|atk|1
|-unboost|p2b: Gholdengo|atk|1
|-ability|p1b: Porygon2|Download|boost
|-boost|p1b: Porygon2|spa|1
|-ability|p2a: Incineroar|Intimidate|boost
|-unboost|p1a: Incineroar|atk|1
|-unboost|p1b: Porygon2|atk|1
|turn|1
|
|t:|1757926539
|switch|p2b: Archaludon|Archaludon, L50, F|100/100
|move|p1a: Incineroar|Fake Out|p2a: Incineroar
|-damage|p2a: Incineroar|94/100
|-damage|p1a: Incineroar|84/100|[from] item: Rocky Helmet|[of] p2a: Incineroar
|cant|p2a: Incineroar|flinch
|move|p1b: Porygon2|Trick Room|p1b: Porygon2
|-fieldstart|move: Trick Room|[of] p1b: Porygon2
|
|upkeep
|turn|2
|
|t:|1757926562
|-terastallize|p1b: Porygon2|Fighting
|move|p2a: Incineroar|Parting Shot|p1b: Porygon2
|-unboost|p1b: Porygon2|atk|1
|-unboost|p1b: Porygon2|spa|1
|
|t:|1757926567
|switch|p2a: Pelipper|Pelipper, L50, F|100/100|[from] Parting Shot
|-weather|RainDance|[from] ability: Drizzle|[of] p2a: Pelipper
|move|p1b: Porygon2|Tera Blast|p2a: Pelipper|[anim] Tera Blast Fighting
|-resisted|p2a: Pelipper
|-damage|p2a: Pelipper|75/100
|move|p1a: Incineroar|Knock Off|p2b: Archaludon
|-damage|p2b: Archaludon|79/100
|-ability|p2b: Archaludon|Stamina|boost
|-boost|p2b: Archaludon|def|1
|-enditem|p2b: Archaludon|Assault Vest|[from] move: Knock Off|[of] p1a: Incineroar
|move|p2b: Archaludon|Body Press|p1a: Incineroar
|-supereffective|p1a: Incineroar
|-damage|p1a: Incineroar|29/100
|
|-weather|RainDance|[upkeep]
|upkeep
|turn|3
|
|t:|1757926586
|move|p1b: Porygon2|Tera Blast|p2b: Archaludon|[anim] Tera Blast Fighting
|-supereffective|p2b: Archaludon
|-damage|p2b: Archaludon|0 fnt
|faint|p2b: Archaludon
|move|p2a: Pelipper|Hurricane|p1a: Incineroar
|-damage|p1a: Incineroar|5/100
|-start|p1a: Incineroar|confusion
|-activate|p1a: Incineroar|confusion
|-damage|p1a: Incineroar|0 fnt|[from] confusion
|faint|p1a: Incineroar
|
|-weather|RainDance|[upkeep]
|upkeep
|
|t:|1757926594
|switch|p1a: Ursaluna|Ursaluna, L50, F|100/100
|switch|p2b: Gholdengo|Gholdengo, L50|100/100
|turn|4
|
|t:|1757926610
|switch|p1b: Torkoal|Torkoal, L50, F|100/100
|-weather|SunnyDay|[from] ability: Drought|[of] p1b: Torkoal
|move|p1a: Ursaluna|Protect|p1a: Ursaluna
|-singleturn|p1a: Ursaluna|Protect
|move|p2b: Gholdengo|Protect|p2b: Gholdengo
|-singleturn|p2b: Gholdengo|Protect
|move|p2a: Pelipper|Hurricane|p1b: Torkoal|[miss]
|-miss|p2a: Pelipper|p1b: Torkoal
|
|-weather|SunnyDay|[upkeep]
|-status|p1a: Ursaluna|brn|[from] item: Flame Orb
|upkeep
|turn|5
|
|t:|1757926630
|switch|p2b: Incineroar|Incineroar, L50, F|94/100
|-ability|p2b: Incineroar|Intimidate|boost
|-unboost|p1a: Ursaluna|atk|1
|-unboost|p1b: Torkoal|atk|1
|-enditem|p1b: Torkoal|Eject Pack
|
|t:|1757926633
|switch|p1b: Porygon2|Porygon2, L50, tera:Fighting|100/100
|-ability|p1b: Porygon2|Download|boost
|-boost|p1b: Porygon2|spa|1
|move|p2a: Pelipper|Tailwind|p2a: Pelipper
|-sidestart|p2: Mike McWillson|move: Tailwind
|move|p1a: Ursaluna|Facade|p2a: Pelipper
|-damage|p2a: Pelipper|8/100
|
|-weather|SunnyDay|[upkeep]
|-damage|p1a: Ursaluna|95/100 brn|[from] brn
|-fieldend|move: Trick Room
|upkeep
|turn|6
|
|t:|1757926652
|switch|p2a: Gholdengo|Gholdengo, L50|100/100
|move|p2b: Incineroar|Fake Out|p1a: Ursaluna
|-damage|p1a: Ursaluna|83/100 brn
|cant|p1a: Ursaluna|flinch
|move|p1b: Porygon2|Tera Blast|p2a: Gholdengo|[anim] Tera Blast Fighting
|-immune|p2a: Gholdengo
|
|-weather|SunnyDay|[upkeep]
|-damage|p1a: Ursaluna|77/100 brn|[from] brn
|upkeep
|turn|7
|
|t:|1757926668
|move|p1a: Ursaluna|Protect|p1a: Ursaluna
|-singleturn|p1a: Ursaluna|Protect
|move|p2a: Gholdengo|Make It Rain|p1a: Ursaluna|[spread] p1b
|-activate|p1a: Ursaluna|move: Protect
|-damage|p1b: Porygon2|61/100
|-unboost|p2a: Gholdengo|spa|1
|-damage|p2a: Gholdengo|91/100|[from] item: Life Orb
|move|p2b: Incineroar|Parting Shot|p1a: Ursaluna
|-activate|p1a: Ursaluna|move: Protect
|move|p1b: Porygon2|Trick Room|p1b: Porygon2
|-fieldstart|move: Trick Room|[of] p1b: Porygon2
|
|-weather|SunnyDay|[upkeep]
|-damage|p1a: Ursaluna|71/100 brn|[from] brn
|upkeep
|turn|8
|
|t:|1757926683
|move|p1b: Porygon2|Tera Blast|p2b: Incineroar|[anim] Tera Blast Fighting
|-supereffective|p2b: Incineroar
|-damage|p2b: Incineroar|0 fnt
|faint|p2b: Incineroar
|move|p1a: Ursaluna|Earthquake|p2a: Gholdengo|[spread] p1b,p2a
|-supereffective|p2a: Gholdengo
|-damage|p1b: Porygon2|34/100
|-damage|p2a: Gholdengo|1/100
|move|p2a: Gholdengo|Dazzling Gleam|p1b: Porygon2|[spread] p1a,p1b
|-supereffective|p1b: Porygon2
|-damage|p1a: Ursaluna|51/100 brn
|-damage|p1b: Porygon2|9/100
|-damage|p2a: Gholdengo|0 fnt|[from] item: Life Orb
|faint|p2a: Gholdengo
|
|-weather|none
|-damage|p1a: Ursaluna|46/100 brn|[from] brn
|-sideend|p2: Mike McWillson|move: Tailwind
|upkeep
|
|t:|1757926687
|switch|p2b: Pelipper|Pelipper, L50, F|8/100
|-weather|RainDance|[from] ability: Drizzle|[of] p2b: Pelipper
|turn|9
|
|t:|1757926691
|move|p1b: Porygon2|Tera Blast|p2b: Pelipper|[anim] Tera Blast Fighting
|-resisted|p2b: Pelipper
|-damage|p2b: Pelipper|0 fnt
|faint|p2b: Pelipper
|
|win|benniOVYalt
||benniOVYalt is ready for game 2.
||Mike McWillson is ready for game 2.
|uhtml|next|Next: Game 2 of 3
|l|☆Mike McWillson
|player|p2|
|l|☆benniOVYalt
|player|p1|
|j|☆benniOVYalt
|player|p1|benniOVYalt|bellelba|
