|j|☆tang de maracuja
|j|☆Kinyachta
|html|tang de maracujaKinyachta    
|uhtml|bestof|Game 1 of a best-of-3
|t:|1785173344
|gametype|doubles
|player|p1|tang de maracuja|morty|1300
|player|p2|Kinyachta|102|1356
|gen|9
|tier|[Gen 9 Champions] VGC 2026 Reg M-B (Bo3)
|rated|
|rule|Species Clause: Limit one of each Pokémon
|rule|Item Clause: Limit 1 of each item
|clearpoke
|poke|p1|Charizard, L50, M|
|poke|p1|Glimmora, L50, M|
|poke|p1|Whimsicott, L50, F|
|poke|p1|Ninetales-Alola, L50, F|
|poke|p1|Kingambit, L50, M|
|poke|p1|Kommo-o, L50, M|
|poke|p2|Raichu, L50, F|
|poke|p2|Sneasler, L50, F|
|poke|p2|Gardevoir, L50, F|
|poke|p2|Garchomp, L50, M|
|poke|p2|Whimsicott, L50, F|
|poke|p2|Sinistcha-Masterpiece, L50|
|teampreview|4
|showteam|p1|Charizard||CharizarditeY|Blaze|HeatWave,WeatherBall,SolarBeam,Protect|Modest||M|||50|]Glimmora||Glimmoranite|ToxicDebris|SludgeBomb,PowerGem,EarthPower,SpikyShield|Modest||M|||50|]Whimsicott||FocusSash|Prankster|Moonblast,Tailwind,Encore,Protect|Timid||F|||50|]Ninetales-Alola||NeverMeltIce|SnowWarning|Blizzard,FreezeDry,Disable,Protect|Timid||F|||50|]Kingambit||BlackGlasses|Defiant|KowtowCleave,SuckerPunch,IronHead,Protect|Adamant||M|||50|]Kommo-o||LifeOrb|Overcoat|ClangingScales,AuraSphere,VacuumWave,Protect|Modest||M|||50|
|showteam|p2|Raichu||RaichuniteY|LightningRod|Protect,FakeOut,ZapCannon,FocusBlast|Timid||F|||50|]Sneasler||WhiteHerb|Unburden|CloseCombat,Protect,DireClaw,Coaching|Adamant||F|||50|]Gardevoir||Gardevoirite|Trace|HyperVoice,CalmMind,Protect,Psyshock|Modest||F|||50|]Garchomp||LifeOrb|RoughSkin|RockSlide,Earthquake,DragonClaw,Protect|Adamant||M|||50|]Whimsicott||FocusSash|Prankster|Protect,Tailwind,Encore,Moonblast|Calm||F|||50|]Sinistcha-Masterpiece||ColburBerry|Hospitality|ShadowBall,RagePowder,MatchaGotcha,TrickRoom|Bold|||||50|
|inactive|Battle timer is ON: inactive players will automatically lose when time's up. (requested by tang de maracuja)
|inactive|tang de maracuja has 60 seconds left.
|
|t:|1785173381
|teamsize|p1|4
|teamsize|p2|4
|start
|switch|p1a: Whimsicott|Whimsicott, L50, F|100/100
|switch|p1b: Glimmora|Glimmora, L50, M|100/100
|switch|p2a: Gardevoir|Gardevoir, L50, F|100/100
|switch|p2b: Sinistcha|Sinistcha-Masterpiece, L50|100/100
|-ability|p2a: Gardevoir|Toxic Debris|Trace|[from] ability: Trace|[of] p1b: Glimmora
|turn|1
|
|t:|1785173397
|detailschange|p1b: Glimmora|Glimmora-Mega, L50, M
|-mega|p1b: Glimmora|Glimmora|Glimmoranite
|detailschange|p2a: Gardevoir|Gardevoir-Mega, L50, F
|-mega|p2a: Gardevoir|Gardevoir|Gardevoirite
|move|p2b: Sinistcha|Rage Powder|p2b: Sinistcha
|-singleturn|p2b: Sinistcha|move: Rage Powder
|move|p1a: Whimsicott|Moonblast|p2b: Sinistcha
|-damage|p2b: Sinistcha|54/100
|move|p1b: Glimmora|Sludge Bomb|p2b: Sinistcha
|-damage|p2b: Sinistcha|0 fnt
|faint|p2b: Sinistcha
|move|p2a: Gardevoir|Hyper Voice|p1b: Glimmora|[spread] p1a,p1b
|-resisted|p1b: Glimmora|1
|-damage|p1a: Whimsicott|2/100
|-damage|p1b: Glimmora|67/100
|
|upkeep
|
|t:|1785173409
|switch|p2b: Whimsicott|Whimsicott, L50, F|100/100
|turn|2
|
|t:|1785173425
|move|p2a: Gardevoir|Protect|p2a: Gardevoir
|-singleturn|p2a: Gardevoir|Protect
|move|p1a: Whimsicott|Tailwind|p1a: Whimsicott
|-sidestart|p1: tang de maracuja|move: Tailwind
|move|p2b: Whimsicott|Encore|p1a: Whimsicott
|-start|p1a: Whimsicott|Encore
|move|p1b: Glimmora|Sludge Bomb|p2a: Gardevoir
|-activate|p2a: Gardevoir|move: Protect
|
|upkeep
|turn|3
|
|t:|1785173444
|switch|p1a: Ninetales|Ninetales-Alola, L50, F|100/100
|-weather|Snowscape|[from] ability: Snow Warning|[of] p1a: Ninetales
|move|p2b: Whimsicott|Tailwind|p2b: Whimsicott
|-sidestart|p2: Kinyachta|move: Tailwind
|move|p1b: Glimmora|Sludge Bomb|p2a: Gardevoir
|-supereffective|p2a: Gardevoir|1
|-damage|p2a: Gardevoir|0 fnt
|faint|p2a: Gardevoir
|
|-weather|Snowscape|[upkeep]
|upkeep
|
|t:|1785173454
|switch|p2a: Sneasler|Sneasler, L50, F|100/100
|turn|4
|
|t:|1785173475
|move|p1a: Ninetales|Blizzard|p2a: Sneasler|[spread] p2a,p2b
|-supereffective|p2b: Whimsicott|1
|-damage|p2a: Sneasler|45/100
|-damage|p2b: Whimsicott|16/100
|move|p2a: Sneasler|Close Combat|p1b: Glimmora
|-damage|p1b: Glimmora|0 fnt
|-unboost|p2a: Sneasler|def|1
|-unboost|p2a: Sneasler|spd|1
|faint|p1b: Glimmora
|-enditem|p2a: Sneasler|White Herb
|-clearnegativeboost|p2a: Sneasler|[silent]
|move|p2b: Whimsicott|Moonblast|p1a: Ninetales
|-damage|p1a: Ninetales|71/100
|
|-weather|Snowscape|[upkeep]
|upkeep
|
|t:|1785173482
|switch|p1b: Kingambit|Kingambit, L50, M|100/100
|turn|5
|
|t:|1785173505
|move|p1b: Kingambit|Sucker Punch|p2b: Whimsicott
|-resisted|p2b: Whimsicott|1
|-damage|p2b: Whimsicott|0 fnt
|faint|p2b: Whimsicott
|move|p2a: Sneasler|Dire Claw|p1a: Ninetales
|-supereffective|p1a: Ninetales|1
|-damage|p1a: Ninetales|0 fnt
|faint|p1a: Ninetales
|
|-weather|Snowscape|[upkeep]
|-sideend|p1: tang de maracuja|move: Tailwind
|upkeep
|
|t:|1785173509
|switch|p1a: Whimsicott|Whimsicott, L50, F|2/100
|turn|6
|
|t:|1785173518
|move|p1a: Whimsicott|Encore|p2a: Sneasler
|-start|p2a: Sneasler|Encore
|move|p2a: Sneasler|Dire Claw|p1a: Whimsicott
|-supereffective|p1a: Whimsicott|2
|-damage|p1a: Whimsicott|0 fnt
|faint|p1a: Whimsicott
|move|p1b: Kingambit|Iron Head|p2a: Sneasler
|-damage|p2a: Sneasler|0 fnt
|faint|p2a: Sneasler
|
|win|tang de maracuja
||tang de maracuja is ready for game 2.
||Kinyachta is ready for game 2.
|uhtml|next|Next: Game 2 of 3
