|j|☆Wearevilepersons
|j|☆top10bascmoments
|html|Wearevilepersonstop10bascmoments    
|uhtml|bestof|Game 3 of a best-of-3
|t:|1755553456
|gametype|doubles
|player|p1|Wearevilepersons|1|1221
|player|p2|top10bascmoments|collector|1312
|gen|9
|tier|[Gen 9] VGC 2025 Reg H (Bo3)
|rated|
|rule|Species Clause: Limit one of each Pokémon
|rule|Item Clause: Limit 1 of each item
|clearpoke
|poke|p1|Talonflame, L50, M|
|poke|p1|Ursaluna, L50, M|
|poke|p1|Pelipper, L50, M|
|poke|p1|Sinistcha-Masterpiece, L50|
|poke|p1|Archaludon, L50, M|
|poke|p1|Dragonite, L50, M|
|poke|p2|Rillaboom, L50, M|
|poke|p2|Volcarona, L50, F|
|poke|p2|Kingambit, L50, M|
|poke|p2|Ninetales-Alola, L50, F|
|poke|p2|Basculegion, L50, M|
|poke|p2|Electabuzz, L50, F|
|teampreview|4
|showteam|p1|Talonflame||CovertCloak|GaleWings|DualWingbeat,Taunt,RainDance,Tailwind|||M|||50|,,,,,Grass]Ursaluna||FlameOrb|Guts|Facade,Earthquake,HeadlongRush,Protect|||M|||50|,,,,,Fairy]Pelipper||FocusSash|Drizzle|WeatherBall,Hurricane,WideGuard,Protect|||M|||50|,,,,,Stellar]Sinistcha-Masterpiece||SitrusBerry|Hospitality|MatchaGotcha,RagePowder,LifeDew,TrickRoom||||||50|,,,,,Dark]Archaludon||AssaultVest|Stamina|ElectroShot,DragonPulse,BodyPress,Snarl|||M|||50|,,,,,Bug]Dragonite||LoadedDice|Multiscale|ScaleShot,Haze,Tailwind,Protect|||M|||50|,,,,,Fairy
|showteam|p2|Rillaboom||AssaultVest|GrassySurge|WoodHammer,GrassyGlide,HighHorsepower,FakeOut|||M|||50|,,,,,Fire]Volcarona||GrassySeed|FlameBody|HeatWave,GigaDrain,QuiverDance,Protect|||F|||50|,,,,,Grass]Kingambit||SafetyGoggles|Defiant|KowtowCleave,SuckerPunch,SwordsDance,Protect|||M|||50|,,,,,Dark]Ninetales-Alola||FocusSash|SnowWarning|Blizzard,Encore,Disable,Protect|||F|||50|,,,,,Ghost]Basculegion||ChoiceScarf|Adaptability|WaveCrash,LastRespects,FlipTurn,Outrage|||M|||50|,,,,,Dragon]Electabuzz||Eviolite|VitalSpirit|Thunderbolt,FollowMe,Taunt,HelpingHand|||F|||50|,,,,,Fairy
|
|t:|1755553480
|teamsize|p1|4
|teamsize|p2|4
|start
|switch|p1a: Sinistcha|Sinistcha-Masterpiece, L50|100/100
|switch|p1b: Ursaluna|Ursaluna, L50, M, shiny|100/100
|switch|p2a: Electabuzz|Electabuzz, L50, F|100/100
|switch|p2b: Kingambit|Kingambit, L50, M|100/100
|turn|1
|
|t:|1755553494
|-terastallize|p2b: Kingambit|Dark
|move|p2a: Electabuzz|Taunt|p1a: Sinistcha
|-start|p1a: Sinistcha|move: Taunt
|move|p1b: Ursaluna|Earthquake|p2b: Kingambit|[spread] p1a,p2a,p2b
|-resisted|p1a: Sinistcha
|-supereffective|p2a: Electabuzz
|-damage|p1a: Sinistcha|85/100
|-damage|p2a: Electabuzz|26/100
|-damage|p2b: Kingambit|65/100
|move|p1a: Sinistcha|Matcha Gotcha|p2b: Kingambit|[spread] p2a,p2b
|-crit|p2a: Electabuzz
|-damage|p2a: Electabuzz|0 fnt
|-heal|p1a: Sinistcha|98/100|[from] drain|[of] p2a: Electabuzz
|-damage|p2b: Kingambit|42/100
|-heal|p1a: Sinistcha|100/100|[from] drain|[of] p2b: Kingambit
|faint|p2a: Electabuzz
|move|p2b: Kingambit|Swords Dance|p2b: Kingambit
|-boost|p2b: Kingambit|atk|2
|
|-status|p1b: Ursaluna|brn|[from] item: Flame Orb
|upkeep
|j| teamthief420
|
|t:|1755553502
|switch|p2a: Rillaboom|Rillaboom, L50, M|100/100
|-fieldstart|move: Grassy Terrain|[from] ability: Grassy Surge|[of] p2a: Rillaboom
|turn|2
|
|t:|1755553521
|move|p1b: Ursaluna|Protect|p1b: Ursaluna
|-singleturn|p1b: Ursaluna|Protect
|move|p2a: Rillaboom|Fake Out|p1b: Ursaluna
|-activate|p1b: Ursaluna|move: Protect
|move|p1a: Sinistcha|Matcha Gotcha|p2b: Kingambit|[spread] p2a,p2b
|-resisted|p2a: Rillaboom
|-damage|p2a: Rillaboom|89/100
|-damage|p2b: Kingambit|9/100
|move|p2b: Kingambit|Kowtow Cleave|p1a: Sinistcha
|-supereffective|p1a: Sinistcha
|-crit|p1a: Sinistcha
|-damage|p1a: Sinistcha|0 fnt
|faint|p1a: Sinistcha
|
|-heal|p2a: Rillaboom|95/100|[from] Grassy Terrain
|-heal|p2b: Kingambit|15/100|[from] Grassy Terrain
|-damage|p1b: Ursaluna|94/100 brn|[from] brn
|upkeep
|c| teamthief420|i like your name top10bascmoments lol
|c|☆top10bascmoments|thanks
|
|t:|1755553532
|switch|p1a: Pelipper|Pelipper, L50, M, shiny|100/100
|-weather|RainDance|[from] ability: Drizzle|[of] p1a: Pelipper
|turn|3
|
|t:|1755553552
|-terastallize|p1b: Ursaluna|Fairy
|move|p2b: Kingambit|Protect|p2b: Kingambit
|-singleturn|p2b: Kingambit|Protect
|move|p2a: Rillaboom|Wood Hammer|p1b: Ursaluna
|-damage|p1b: Ursaluna|30/100 brn
|-damage|p2a: Rillaboom|73/100|[from] Recoil
|move|p1a: Pelipper|Hurricane|p2a: Rillaboom
|-supereffective|p2a: Rillaboom
|-damage|p2a: Rillaboom|0 fnt
|faint|p2a: Rillaboom
|move|p1b: Ursaluna|Earthquake|p2b: Kingambit|[spread] 
|-activate|p2b: Kingambit|move: Protect
|-immune|p1a: Pelipper
|
|-weather|RainDance|[upkeep]
|-heal|p1b: Ursaluna|36/100 brn|[from] Grassy Terrain
|-heal|p2b: Kingambit|21/100|[from] Grassy Terrain
|-damage|p1b: Ursaluna|30/100 brn|[from] brn
|upkeep
|
|t:|1755553557
|switch|p2a: Ninetales|Ninetales-Alola, L50, F|100/100
|-weather|Snowscape|[from] ability: Snow Warning|[of] p2a: Ninetales
|turn|4
|
|t:|1755553582
|switch|p1b: Archaludon|Archaludon, L50, M, shiny|100/100
|move|p1a: Pelipper|Protect|p1a: Pelipper
|-singleturn|p1a: Pelipper|Protect
|move|p2b: Kingambit|Sucker Punch||[still]
|-fail|p2b: Kingambit
|move|p2a: Ninetales|Encore|p1a: Pelipper
|-activate|p1a: Pelipper|move: Protect
|
|-weather|Snowscape|[upkeep]
|-heal|p2b: Kingambit|27/100|[from] Grassy Terrain
|upkeep
|turn|5
|
|t:|1755553610
|switch|p1a: Ursaluna|Ursaluna, L50, M, shiny, tera:Fairy|30/100 brn
|move|p2b: Kingambit|Protect|p2b: Kingambit
|-singleturn|p2b: Kingambit|Protect
|move|p2a: Ninetales|Encore||[still]
|-fail|p2a: Ninetales
|move|p1b: Archaludon|Body Press|p2b: Kingambit
|-activate|p2b: Kingambit|move: Protect
|
|-weather|Snowscape|[upkeep]
|-heal|p1a: Ursaluna|36/100 brn|[from] Grassy Terrain
|-heal|p2b: Kingambit|32/100|[from] Grassy Terrain
|-damage|p1a: Ursaluna|30/100 brn|[from] brn
|upkeep
|turn|6
|
|t:|1755553635
|switch|p1a: Pelipper|Pelipper, L50, M, shiny|100/100
|-weather|RainDance|[from] ability: Drizzle|[of] p1a: Pelipper
|move|p2b: Kingambit|Sucker Punch|p1b: Archaludon
|-crit|p1b: Archaludon
|-damage|p1b: Archaludon|0 fnt
|faint|p1b: Archaludon
|move|p2a: Ninetales|Blizzard|p1a: Pelipper|[miss]
|-miss|p2a: Ninetales|p1a: Pelipper
|
|-weather|RainDance|[upkeep]
|-heal|p2b: Kingambit|38/100|[from] Grassy Terrain
|-fieldend|move: Grassy Terrain
|upkeep
|
|t:|1755553643
|switch|p1b: Ursaluna|Ursaluna, L50, M, shiny, tera:Fairy|30/100 brn
|turn|7
|
|t:|1755553647
|move|p1b: Ursaluna|Protect|p1b: Ursaluna
|-singleturn|p1b: Ursaluna|Protect
|move|p2b: Kingambit|Sucker Punch||[still]
|-fail|p2b: Kingambit
|move|p2a: Ninetales|Blizzard|p1b: Ursaluna|[spread] p1a
|-activate|p1b: Ursaluna|move: Protect
|-crit|p1a: Pelipper
|-damage|p1a: Pelipper|12/100
|move|p1a: Pelipper|Weather Ball|p2b: Kingambit
|-damage|p2b: Kingambit|0 fnt
|faint|p2b: Kingambit
|
|-weather|RainDance|[upkeep]
|-damage|p1b: Ursaluna|23/100 brn|[from] brn
|upkeep
|turn|8
|
|t:|1755553658
|move|p1a: Pelipper|Wide Guard|p1a: Pelipper
|-singleturn|p1a: Pelipper|Wide Guard
|move|p2a: Ninetales|Encore|p1b: Ursaluna
|-start|p1b: Ursaluna|Encore
|move|p1b: Ursaluna|Protect||[still]
|-fail|p1b: Ursaluna
|
|-weather|RainDance|[upkeep]
|-damage|p1b: Ursaluna|17/100 brn|[from] brn
|upkeep
|turn|9
|
|t:|1755553676
|move|p1a: Pelipper|Protect|p1a: Pelipper
|-singleturn|p1a: Pelipper|Protect
|move|p1b: Ursaluna|Protect|p1b: Ursaluna
|-singleturn|p1b: Ursaluna|Protect
|move|p2a: Ninetales|Blizzard|p1b: Ursaluna|[spread] 
|-activate|p1a: Pelipper|move: Protect
|-activate|p1b: Ursaluna|move: Protect
|
|-weather|RainDance|[upkeep]
|-damage|p1b: Ursaluna|11/100 brn|[from] brn
|upkeep
|turn|10
|
|t:|1755553681
|move|p1b: Ursaluna|Protect|p1b: Ursaluna
|-singleturn|p1b: Ursaluna|Protect
|move|p1a: Pelipper|Wide Guard|p1a: Pelipper
|-singleturn|p1a: Pelipper|Wide Guard
|move|p2a: Ninetales|Encore|p1a: Pelipper
|-start|p1a: Pelipper|Encore
|
|-weather|none
|-damage|p1b: Ursaluna|5/100 brn|[from] brn
|-end|p1b: Ursaluna|Encore
|upkeep
|turn|11
|-message|Wearevilepersons forfeited.
|
|win|top10bascmoments
|raw|Wearevilepersons's rating: 1221 → 1202(-19 for losing)
|raw|top10bascmoments's rating: 1312 → 1327(+15 for winning)
|l| teamthief420
|l|☆Wearevilepersons
|player|p1|
