|j|☆sum1dum
|j|☆Tempyies
|html|sum1dumTempyies    
|uhtml|bestof|Game 2 of a best-of-3
|t:|1782508552
|gametype|doubles
|player|p1|sum1dum|rosa|1099
|player|p2|Tempyies|169|1009
|gen|9
|tier|[Gen 9 Champions] VGC 2026 Reg M-B (Bo3)
|rated|
|rule|Species Clause: Limit one of each Pokémon
|rule|Item Clause: Limit 1 of each item
|clearpoke
|poke|p1|Gliscor, L50, F|
|poke|p1|Primarina, L50, M|
|poke|p1|Metagross, L50|
|poke|p1|Ninetales-Alola, L50, M|
|poke|p1|Incineroar, L50, F|
|poke|p1|Sinistcha, L50|
|poke|p2|Mawile, L50, M|
|poke|p2|Torkoal, L50, M|
|poke|p2|Incineroar, L50, F|
|poke|p2|Farigiraf, L50, M|
|poke|p2|Charizard, L50, M|
|poke|p2|Milotic, L50, F|
|teampreview|4
|showteam|p1|Gliscor||LifeOrb|HyperCutter|DualWingbeat,HighHorsepower,RockSlide,Protect|Jolly||F|||50|]Primarina||Leftovers|LiquidVoice|CalmMind,HyperVoice,Moonblast,Protect|Modest||M|||50|]Metagross||Metagrossite|ClearBody|BulletPunch,IronHead,Protect,PsychicFangs|Jolly|||||50|]Ninetales-Alola||LightClay|SnowWarning|AuroraVeil,FreezeDry,Moonblast,Protect|Timid||M|||50|]Incineroar||ChopleBerry|Intimidate|FakeOut,FlareBlitz,DarkestLariat,PartingShot|Impish||F|||50|]Sinistcha||SitrusBerry|Hospitality|MatchaGotcha,Protect,LifeDew,RagePowder|Bold|||||50|
|showteam|p2|Mawile||Mawilite|Intimidate|RockSlide,PlayRough,SuckerPunch,Protect|Brave||M|||50|]Torkoal||Charcoal|Drought|Eruption,HeatWave,SolarBeam,Protect|Quiet||M|||50|]Incineroar||ChopleBerry|Intimidate|FlareBlitz,FakeOut,DarkestLariat,PartingShot|Brave||F|||50|]Farigiraf||SitrusBerry|ArmorTail|Protect,TrickRoom,Psychic,HyperVoice|Sassy||M|||50|]Charizard||CharizarditeY|Blaze|WeatherBall,HeatWave,SolarBeam,Protect|Modest||M|||50|]Milotic||Leftovers|Competitive|Scald,Recover,Coil,Hypnosis|Bold||F|||50|
|inactive|Battle timer is ON: inactive players will automatically lose when time's up. (requested by sum1dum)
|
|t:|1782508577
|teamsize|p1|4
|teamsize|p2|4
|start
|switch|p1a: Bravery|Gliscor, L50, F|100/100
|switch|p1b: Justice|Incineroar, L50, F|100/100
|switch|p2a: Farigiraf|Farigiraf, L50, M|100/100
|switch|p2b: Milotic|Milotic, L50, F|100/100
|-ability|p1b: Justice|Intimidate|boost
|-unboost|p2a: Farigiraf|atk|1
|-unboost|p2b: Milotic|atk|1
|-ability|p2b: Milotic|Competitive|boost
|-boost|p2b: Milotic|spa|2
|turn|1
|
|t:|1782508602
|move|p2a: Farigiraf|Protect|p2a: Farigiraf
|-singleturn|p2a: Farigiraf|Protect
|move|p1a: Bravery|High Horsepower|p2b: Milotic
|-damage|p2b: Milotic|64/100
|-damage|p1a: Bravery|90/100|[from] item: Life Orb
|move|p2b: Milotic|Coil|p2b: Milotic
|-boost|p2b: Milotic|atk|1
|-boost|p2b: Milotic|def|1
|-boost|p2b: Milotic|accuracy|1
|move|p1b: Justice|Darkest Lariat|p2b: Milotic
|-damage|p2b: Milotic|41/100
|
|-heal|p2b: Milotic|47/100|[from] item: Leftovers
|upkeep
|turn|2
|
|t:|1782508612
|move|p1a: Bravery|High Horsepower|p2b: Milotic
|-damage|p2b: Milotic|21/100
|-damage|p1a: Bravery|80/100|[from] item: Life Orb
|move|p2b: Milotic|Recover|p2b: Milotic
|-heal|p2b: Milotic|71/100
|move|p1b: Justice|Darkest Lariat|p2b: Milotic
|-damage|p2b: Milotic|48/100
|move|p2a: Farigiraf|Trick Room|p2a: Farigiraf
|-fieldstart|move: Trick Room|[of] p2a: Farigiraf
|
|-heal|p2b: Milotic|53/100|[from] item: Leftovers
|upkeep
|turn|3
|inactive|sum1dum has 30 seconds left.
|
|t:|1782508638
|switch|p2a: Mawile|Mawile, L50, M|100/100
|-ability|p2a: Mawile|Intimidate|boost
|-fail|p1a: Bravery|unboost|Attack|[from] ability: Hyper Cutter|[of] p1a: Bravery
|-unboost|p1b: Justice|atk|1
|move|p1a: Bravery|Protect|p1a: Bravery
|-singleturn|p1a: Bravery|Protect
|move|p1b: Justice|Parting Shot|p2a: Mawile
|-unboost|p2a: Mawile|atk|1
|-unboost|p2a: Mawile|spa|1
|
|t:|1782508641
|switch|p1b: Patience|Primarina, L50, M|100/100|[from] Parting Shot
|move|p2b: Milotic|Hypnosis|p1b: Patience
|-status|p1b: Patience|slp|[from] move: Hypnosis
|
|-heal|p2b: Milotic|59/100|[from] item: Leftovers
|upkeep
|turn|4
|inactive|Tempyies has 30 seconds left.
|
|t:|1782508669
|detailschange|p2a: Mawile|Mawile-Mega, L50, M
|-mega|p2a: Mawile|Mawile|Mawilite
|move|p2a: Mawile|Play Rough|p1b: Patience
|-damage|p1b: Patience|37/100 slp
|cant|p1b: Patience|slp
|move|p2b: Milotic|Scald|p1a: Bravery
|-supereffective|p1a: Bravery|1
|-damage|p1a: Bravery|0 fnt
|faint|p1a: Bravery
|
|-heal|p1b: Patience|43/100 slp|[from] item: Leftovers
|-heal|p2b: Milotic|65/100|[from] item: Leftovers
|upkeep
|
|t:|1782508675
|switch|p1a: Integrity|Ninetales-Alola, L50, M|100/100
|-weather|Snowscape|[from] ability: Snow Warning|[of] p1a: Integrity
|turn|5
|
|t:|1782508688
|switch|p1b: Justice|Incineroar, L50, F|100/100
|-ability|p1b: Justice|Intimidate|boost
|-unboost|p2a: Mawile|atk|1
|-unboost|p2b: Milotic|atk|1
|-ability|p2b: Milotic|Competitive|boost
|-boost|p2b: Milotic|spa|2
|move|p1a: Integrity|Protect|p1a: Integrity
|-singleturn|p1a: Integrity|Protect
|move|p2a: Mawile|Play Rough|p1b: Justice
|-damage|p1b: Justice|64/100
|move|p2b: Milotic|Hypnosis|p1a: Integrity
|-activate|p1a: Integrity|move: Protect
|
|-weather|Snowscape|[upkeep]
|-heal|p2b: Milotic|71/100|[from] item: Leftovers
|upkeep
|turn|6
|
|t:|1782508700
|switch|p2a: Farigiraf|Farigiraf, L50, M|100/100
|move|p1b: Justice|Fake Out||[still]
|cant|p2a: Farigiraf|ability: Armor Tail|Fake Out|[of] p1b: Justice
|move|p2b: Milotic|Hypnosis|p1a: Integrity
|-status|p1a: Integrity|slp|[from] move: Hypnosis
|cant|p1a: Integrity|slp
|
|-weather|Snowscape|[upkeep]
|-heal|p2b: Milotic|77/100|[from] item: Leftovers
|-fieldend|move: Trick Room
|upkeep
|turn|7
|
|t:|1782508711
|cant|p1a: Integrity|slp
|move|p2b: Milotic|Scald|p1a: Integrity
|-damage|p1a: Integrity|8/100 slp
|move|p1b: Justice|Darkest Lariat|p2a: Farigiraf
|-supereffective|p2a: Farigiraf|1
|-damage|p2a: Farigiraf|40/100
|-enditem|p2a: Farigiraf|Sitrus Berry|[eat]
|-heal|p2a: Farigiraf|65/100|[from] item: Sitrus Berry
|move|p2a: Farigiraf|Trick Room|p2a: Farigiraf
|-fieldstart|move: Trick Room|[of] p2a: Farigiraf
|
|-weather|Snowscape|[upkeep]
|-heal|p2b: Milotic|83/100|[from] item: Leftovers
|upkeep
|turn|8
|-message|sum1dum forfeited.
|
|win|Tempyies
