|j|☆StarDoor01
|j|☆Rimuro VGC
|html|StarDoor01Rimuro VGC    
|uhtml|bestof|Game 2 of a best-of-3
|t:|1785403567
|gametype|doubles
|player|p1|StarDoor01|1|1197
|player|p2|Rimuro VGC|volkner|1254
|gen|9
|tier|[Gen 9 Champions] VGC 2026 Reg M-B (Bo3)
|rated|
|rule|Species Clause: Limit one of each Pokémon
|rule|Item Clause: Limit 1 of each item
|clearpoke
|poke|p1|Scovillain, L50, F|
|poke|p1|Sylveon, L50, F|
|poke|p1|Kingambit, L50, M|
|poke|p1|Lycanroc-Dusk, L50, M|
|poke|p1|Basculegion, L50, M|
|poke|p1|Metagross, L50|
|poke|p2|Gardevoir, L50, F, shiny|
|poke|p2|Charizard, L50, M|
|poke|p2|Venusaur, L50, M|
|poke|p2|Garchomp, L50, F|
|poke|p2|Mawile, L50, M, shiny|
|poke|p2|Whimsicott, L50, F|
|teampreview|4
|showteam|p1|Scovillain||Scovillainite|Moody|GigaDrain,Overheat,RagePowder,Protect|Bold||F|||50|]Sylveon||FairyFeather|Pixilate|HyperVoice,HyperBeam,QuickAttack,Detect|Modest||F|||50|]Kingambit||BlackGlasses|Defiant|KowtowCleave,SuckerPunch,SwordsDance,Protect|Adamant||M|||50|]Lycanroc-Dusk||FocusSash|ToughClaws|CloseCombat,Accelerock,RockSlide,Protect|Adamant||M|||50|]Basculegion||SitrusBerry|Adaptability|WaveCrash,LastRespects,AquaJet,Protect|Adamant||M|||50|]Metagross||Metagrossite|ClearBody|PsychicFangs,IcePunch,IronHead,Protect|Jolly|||||50|
|showteam|p2|Gardevoir||FocusSash|Trace|Psychic,Moonblast,TrickRoom,Protect|Modest||F|||50|]Charizard||CharizarditeY|SolarPower|HeatWave,Protect,AirSlash,AncientPower|Modest||M|||50|]Venusaur||Leftovers|Chlorophyll|EnergyBall,SludgeBomb,SleepPowder,Protect|Modest||M|||50|]Garchomp||LifeOrb|RoughSkin|RockSlide,Outrage,Earthquake,Protect|Adamant||F|||50|]Mawile||Mawilite|Intimidate|PlayRough,IronHead,SwordsDance,Protect|Brave||M|||50|]Whimsicott||MentalHerb|Prankster|Tailwind,Protect,Moonblast,Taunt|Modest||F|||50|
|inactive|Battle timer is ON: inactive players will automatically lose when time's up. (requested by StarDoor01)
|inactive|StarDoor01 has 60 seconds left.
|inactive|StarDoor01 has 30 seconds left.
|inactive|StarDoor01 has 20 seconds left.
|inactive|StarDoor01 has 15 seconds left.
|
|t:|1785403650
|teamsize|p1|4
|teamsize|p2|4
|start
|switch|p1a: Metagross|Metagross, L50|100/100
|switch|p1b: Basculegion|Basculegion, L50, M|100/100
|switch|p2a: Whimsicott|Whimsicott, L50, F|100/100
|switch|p2b: Charizard|Charizard, L50, M|100/100
|turn|1
|inactive|StarDoor01 has 30 seconds left.
|inactive|Rimuro VGC has 30 seconds left.
|
|t:|1785403675
|detailschange|p1a: Metagross|Metagross-Mega, L50
|-mega|p1a: Metagross|Metagross|Metagrossite
|detailschange|p2b: Charizard|Charizard-Mega-Y, L50, M
|-mega|p2b: Charizard|Charizard|Charizardite Y
|-weather|SunnyDay|[from] ability: Drought|[of] p2b: Charizard
|move|p2a: Whimsicott|Tailwind|p2a: Whimsicott
|-sidestart|p2: Rimuro VGC|move: Tailwind
|move|p2b: Charizard|Heat Wave|p1a: Metagross|[spread] p1a,p1b
|-supereffective|p1a: Metagross|1
|-resisted|p1b: Basculegion|1
|-damage|p1a: Metagross|0 fnt
|-damage|p1b: Basculegion|61/100
|faint|p1a: Metagross
|move|p1b: Basculegion|Wave Crash|p2b: Charizard
|-supereffective|p2b: Charizard|1
|-damage|p2b: Charizard|2/100
|-damage|p1b: Basculegion|32/100|[from] Recoil
|-enditem|p1b: Basculegion|Sitrus Berry|[eat]
|-heal|p1b: Basculegion|57/100|[from] item: Sitrus Berry
|
|-weather|SunnyDay|[upkeep]
|upkeep
|
|t:|1785403694
|switch|p1a: Scovillain|Scovillain, L50, F|100/100
|turn|2
|
|t:|1785403707
|move|p2b: Charizard|Protect|p2b: Charizard
|-singleturn|p2b: Charizard|Protect
|move|p1b: Basculegion|Aqua Jet|p2b: Charizard
|-activate|p2b: Charizard|move: Protect
|move|p2a: Whimsicott|Moonblast|p1b: Basculegion
|-damage|p1b: Basculegion|13/100
|move|p1a: Scovillain|Overheat|p2a: Whimsicott
|-supereffective|p2a: Whimsicott|1
|-damage|p2a: Whimsicott|0 fnt
|-unboost|p1a: Scovillain|spa|2
|faint|p2a: Whimsicott
|
|-weather|SunnyDay|[upkeep]
|-ability|p1a: Scovillain|Moody|boost
|-boost|p1a: Scovillain|spe|2
|-unboost|p1a: Scovillain|spa|1
|upkeep
|
|t:|1785403716
|switch|p2a: Venusaur|Venusaur, L50, M|100/100
|turn|3
|inactive|StarDoor01 has 30 seconds left.
|
|t:|1785403748
|switch|p2b: Garchomp|Garchomp, L50, F|100/100
|move|p1a: Scovillain|Rage Powder|p1a: Scovillain
|-singleturn|p1a: Scovillain|move: Rage Powder
|move|p1b: Basculegion|Aqua Jet|p2b: Garchomp
|-damage|p2b: Garchomp|87/100
|-damage|p1b: Basculegion|1/100|[from] ability: Rough Skin|[of] p2b: Garchomp
|move|p2a: Venusaur|Sludge Bomb|p1a: Scovillain
|-supereffective|p1a: Scovillain|1
|-damage|p1a: Scovillain|5/100
|
|-weather|SunnyDay|[upkeep]
|-ability|p1a: Scovillain|Moody|boost
|-boost|p1a: Scovillain|def|2
|-unboost|p1a: Scovillain|spa|1
|upkeep
|turn|4
|
|t:|1785403769
|move|p2b: Garchomp|Protect|p2b: Garchomp
|-singleturn|p2b: Garchomp|Protect
|move|p1a: Scovillain|Protect|p1a: Scovillain
|-singleturn|p1a: Scovillain|Protect
|move|p1b: Basculegion|Protect|p1b: Basculegion
|-singleturn|p1b: Basculegion|Protect
|move|p2a: Venusaur|Energy Ball|p1b: Basculegion
|-activate|p1b: Basculegion|move: Protect
|
|-weather|SunnyDay|[upkeep]
|-sideend|p2: Rimuro VGC|move: Tailwind
|-ability|p1a: Scovillain|Moody|boost
|-boost|p1a: Scovillain|atk|2
|-unboost|p1a: Scovillain|def|1
|upkeep
|turn|5
|inactive|StarDoor01 has 30 seconds left.
|inactive|Rimuro VGC has 30 seconds left.
|inactive|StarDoor01 has 20 seconds left.
|inactive|StarDoor01 has 15 seconds left.
|
|t:|1785403811
|move|p1b: Basculegion|Aqua Jet|p2b: Garchomp
|-damage|p2b: Garchomp|74/100
|-damage|p1b: Basculegion|0 fnt|[from] ability: Rough Skin|[of] p2b: Garchomp
|faint|p1b: Basculegion
|move|p2a: Venusaur|Sludge Bomb|p1a: Scovillain
|-supereffective|p1a: Scovillain|1
|-damage|p1a: Scovillain|0 fnt
|faint|p1a: Scovillain
|move|p2b: Garchomp|Rock Slide|p1: Scovillain|[notarget]
|-fail|p2b: Garchomp
|
|-weather|none
|upkeep
|
|t:|1785403816
|switch|p1b: Kindred|Lycanroc-Dusk, L50, M|100/100
|turn|6
|
|t:|1785403823
|move|p1b: Kindred|Rock Slide|p2a: Venusaur|[spread] p2a,p2b
|-resisted|p2b: Garchomp|1
|-damage|p2a: Venusaur|67/100
|-damage|p2b: Garchomp|62/100
|move|p2b: Garchomp|Outrage|p1b: Kindred
|-enditem|p1b: Kindred|Focus Sash
|-damage|p1b: Kindred|1/100
|-damage|p2b: Garchomp|52/100|[from] item: Life Orb
|cant|p2a: Venusaur|flinch
|
|-heal|p2a: Venusaur|73/100|[from] item: Leftovers
|upkeep
|turn|7
|
|t:|1785403829
|move|p1b: Kindred|Rock Slide|p2a: Venusaur|[spread] p2a,p2b
|-resisted|p2b: Garchomp|1
|-damage|p2a: Venusaur|37/100
|-damage|p2b: Garchomp|39/100
|cant|p2b: Garchomp|flinch
|move|p2a: Venusaur|Energy Ball|p1b: Kindred
|-supereffective|p1b: Kindred|1
|-damage|p1b: Kindred|0 fnt
|faint|p1b: Kindred
|
|win|Rimuro VGC
