|j|☆Extroier
|j|☆DkayMM
|html|ExtroierDkayMM    
|uhtml|bestof|Game 1 of a best-of-3
|t:|1757022872
|gametype|doubles
|player|p1|Extroier|265|1050
|player|p2|DkayMM|ghetsis|1071
|gen|9
|tier|[Gen 9] VGC 2025 Reg H (Bo3)
|rated|
|rule|Species Clause: Limit one of each Pokémon
|rule|Item Clause: Limit 1 of each item
|clearpoke
|poke|p1|Tinkaton, L50, F|
|poke|p1|Sneasler, L50, M|
|poke|p1|Clefairy, L50, M|
|poke|p1|Grimmsnarl, L50, M|
|poke|p1|Volcarona, L50, M|
|poke|p1|Rillaboom, L50, M|
|poke|p2|Charizard, L50, M|
|poke|p2|Torkoal, L50, M|
|poke|p2|Porygon2, L50|
|poke|p2|Incineroar, L50, M|
|poke|p2|Jumpluff, L50, M|
|poke|p2|Ursaluna, L50, M|
|teampreview|4
|showteam|p1|Tinkaton||Leftovers|OwnTempo|SwordsDance,GigatonHammer,Protect,FakeOut|||F|||50|,,,,,Dragon]Sneasler||FocusSash|PoisonTouch|CloseCombat,DireClaw,Protect,FakeOut|||M|||50|,,,,,Ghost]Clefairy||Eviolite|FriendGuard|Encore,Protect,FollowMe,LifeDew|||M|||50|,,,,,Grass]Grimmsnarl||CovertCloak|Prankster|Protect,Crunch,Taunt,LightScreen|||M|||50|,,,,,Steel]Volcarona||LifeOrb|FlameBody|FieryDance,BugBuzz,QuiverDance,Protect|||M|||50|,,,,,Bug]Rillaboom||AssaultVest|GrassySurge|GrassyGlide,Uturn,FakeOut,WoodHammer|||M|||50|,,,,,Fire
|showteam|p2|Charizard||ChoiceSpecs|SolarPower|HeatWave,Overheat,WeatherBall,AirSlash|||M|||50|,,,,,Ghost]Torkoal||EjectPack|Drought|Eruption,Overheat,HelpingHand,Protect|||M|||50|,,,,,Fire]Porygon2||Eviolite|Download|TeraBlast,IceBeam,Recover,TrickRoom||||||50|,,,,,Fighting]Incineroar||SitrusBerry|Intimidate|FlareBlitz,KnockOff,FakeOut,PartingShot|||M|||50|,,,,,Ghost]Jumpluff||CovertCloak|Chlorophyll|SleepPowder,SunnyDay,RagePowder,Tailwind|||M|||50|,,,,,Water]Ursaluna||FlameOrb|Guts|HeadlongRush,Facade,Earthquake,Protect|||M|||50|,,,,,Ghost
|inactive|Battle timer is ON: inactive players will automatically lose when time's up. (requested by DkayMM)
|
|t:|1757022907
|teamsize|p1|4
|teamsize|p2|4
|start
|switch|p1a: Tinkaton|Tinkaton, L50, F|100/100
|switch|p1b: Grimmsnarl|Grimmsnarl, L50, M|100/100
|switch|p2a: Charizard|Charizard, L50, M|100/100
|switch|p2b: Porygon2|Porygon2, L50|100/100
|-ability|p2b: Porygon2|Download|boost
|-boost|p2b: Porygon2|atk|1
|turn|1
|inactive|Extroier has 30 seconds left.
|
|t:|1757022941
|switch|p2b: Torkoal|Torkoal, L50, M|100/100
|-weather|SunnyDay|[from] ability: Drought|[of] p2b: Torkoal
|-terastallize|p1a: Tinkaton|Dragon
|move|p1b: Grimmsnarl|Taunt|p2b: Torkoal
|-start|p2b: Torkoal|move: Taunt
|move|p2a: Charizard|Heat Wave|p1a: Tinkaton|[spread] p1a
|-miss|p2a: Charizard|p1b: Grimmsnarl
|-resisted|p1a: Tinkaton
|-damage|p1a: Tinkaton|51/100
|move|p1a: Tinkaton|Swords Dance|p1a: Tinkaton
|-boost|p1a: Tinkaton|atk|2
|
|-weather|SunnyDay|[upkeep]
|-damage|p2a: Charizard|88/100|[from] ability: Solar Power|[of] p2a: Charizard
|-heal|p1a: Tinkaton|57/100|[from] item: Leftovers
|upkeep
|turn|2
|inactive|DkayMM has 30 seconds left.
|inactive|DkayMM has 20 seconds left.
|inactive|DkayMM has 15 seconds left.
|
|t:|1757022986
|move|p1b: Grimmsnarl|Light Screen|p1b: Grimmsnarl
|-sidestart|p1: Extroier|move: Light Screen
|move|p2a: Charizard|Heat Wave|p1a: Tinkaton|[spread] p1b
|-miss|p2a: Charizard|p1a: Tinkaton
|-damage|p1b: Grimmsnarl|45/100
|move|p1a: Tinkaton|Gigaton Hammer|p2b: Torkoal
|-resisted|p2b: Torkoal
|-damage|p2b: Torkoal|49/100
|move|p2b: Torkoal|Overheat|p1a: Tinkaton
|-resisted|p1a: Tinkaton
|-damage|p1a: Tinkaton|31/100
|-unboost|p2b: Torkoal|spa|2
|-enditem|p2b: Torkoal|Eject Pack
|
|t:|1757023010
|switch|p2b: Ursaluna|Ursaluna, L50, M|100/100
|
|-weather|SunnyDay|[upkeep]
|-damage|p2a: Charizard|76/100|[from] ability: Solar Power|[of] p2a: Charizard
|-heal|p1a: Tinkaton|37/100|[from] item: Leftovers
|-status|p2b: Ursaluna|brn|[from] item: Flame Orb
|upkeep
|turn|3
|
|t:|1757023031
|switch|p2b: Porygon2|Porygon2, L50|100/100
|-ability|p2b: Porygon2|Download|boost
|-boost|p2b: Porygon2|atk|1
|move|p1b: Grimmsnarl|Protect|p1b: Grimmsnarl
|-singleturn|p1b: Grimmsnarl|Protect
|move|p1a: Tinkaton|Protect|p1a: Tinkaton
|-singleturn|p1a: Tinkaton|Protect
|move|p2a: Charizard|Heat Wave|p1a: Tinkaton|[spread] 
|-activate|p1a: Tinkaton|move: Protect
|-activate|p1b: Grimmsnarl|move: Protect
|
|-weather|SunnyDay|[upkeep]
|-damage|p2a: Charizard|63/100|[from] ability: Solar Power|[of] p2a: Charizard
|-heal|p1a: Tinkaton|43/100|[from] item: Leftovers
|upkeep
|turn|4
|inactive|DkayMM has 30 seconds left.
|
|t:|1757023057
|move|p1b: Grimmsnarl|Taunt|p2b: Porygon2
|-start|p2b: Porygon2|move: Taunt
|move|p2a: Charizard|Heat Wave|p1a: Tinkaton|[spread] p1a
|-miss|p2a: Charizard|p1b: Grimmsnarl
|-resisted|p1a: Tinkaton
|-damage|p1a: Tinkaton|6/100
|move|p1a: Tinkaton|Gigaton Hammer|p2a: Charizard
|-resisted|p2a: Charizard
|-damage|p2a: Charizard|0 fnt
|faint|p2a: Charizard
|move|p2b: Porygon2|Ice Beam|p1a: Tinkaton
|-supereffective|p1a: Tinkaton
|-damage|p1a: Tinkaton|0 fnt
|faint|p1a: Tinkaton
|
|-weather|SunnyDay|[upkeep]
|upkeep
|
|t:|1757023077
|switch|p2a: Ursaluna|Ursaluna, L50, M|100/100 brn
|switch|p1a: Rillaboom|Rillaboom, L50, M|100/100
|-fieldstart|move: Grassy Terrain|[from] ability: Grassy Surge|[of] p1a: Rillaboom
|turn|5
|inactive|Extroier has 30 seconds left.
|inactive|Extroier has 20 seconds left.
|
|t:|1757023116
|-terastallize|p2a: Ursaluna|Ghost
|move|p1a: Rillaboom|Wood Hammer|p2a: Ursaluna
|-damage|p2a: Ursaluna|38/100 brn
|-damage|p1a: Rillaboom|74/100|[from] Recoil
|move|p2a: Ursaluna|Facade|p1a: Rillaboom
|-damage|p1a: Rillaboom|0 fnt
|faint|p1a: Rillaboom
|move|p2b: Porygon2|Tera Blast|p1b: Grimmsnarl
|-damage|p1b: Grimmsnarl|25/100
|move|p1b: Grimmsnarl|Crunch|p2b: Porygon2
|-damage|p2b: Porygon2|78/100
|-unboost|p2b: Porygon2|def|1
|
|-weather|none
|-heal|p2a: Ursaluna|44/100 brn|[from] Grassy Terrain
|-heal|p2b: Porygon2|84/100|[from] Grassy Terrain
|-heal|p1b: Grimmsnarl|31/100|[from] Grassy Terrain
|-damage|p2a: Ursaluna|38/100 brn|[from] brn
|upkeep
|
|t:|1757023132
|switch|p1a: Sneasler|Sneasler, L50, M|100/100
|turn|6
|inactive|Extroier has 30 seconds left.
|inactive|DkayMM has 30 seconds left.
|inactive|Extroier has 20 seconds left.
|inactive|DkayMM has 20 seconds left.
|inactive|Extroier has 15 seconds left.
|inactive|DkayMM has 15 seconds left.
|
|t:|1757023175
|switch|p2b: Torkoal|Torkoal, L50, M|49/100
|-weather|SunnyDay|[from] ability: Drought|[of] p2b: Torkoal
|move|p1a: Sneasler|Dire Claw|p2a: Ursaluna
|-resisted|p2a: Ursaluna
|-damage|p2a: Ursaluna|20/100 brn
|move|p2a: Ursaluna|Earthquake|p1b: Grimmsnarl|[spread] p2b,p1a,p1b
|-supereffective|p2b: Torkoal
|-supereffective|p1a: Sneasler
|-damage|p2b: Torkoal|0 fnt
|-enditem|p1a: Sneasler|Focus Sash
|-damage|p1a: Sneasler|1/100
|-damage|p1b: Grimmsnarl|0 fnt
|faint|p2b: Torkoal
|faint|p1b: Grimmsnarl
|
|-weather|SunnyDay|[upkeep]
|-heal|p1a: Sneasler|7/100|[from] Grassy Terrain
|-heal|p2a: Ursaluna|26/100 brn|[from] Grassy Terrain
|-damage|p2a: Ursaluna|20/100 brn|[from] brn
|-sideend|p1: Extroier|move: Light Screen
|upkeep
|
|t:|1757023188
|switch|p2b: Porygon2|Porygon2, L50|84/100
|-ability|p2b: Porygon2|Download|boost
|-boost|p2b: Porygon2|atk|1
|turn|7
|
|t:|1757023194
|move|p1a: Sneasler|Close Combat|p2b: Porygon2
|-supereffective|p2b: Porygon2
|-damage|p2b: Porygon2|0 fnt
|-unboost|p1a: Sneasler|def|1
|-unboost|p1a: Sneasler|spd|1
|faint|p2b: Porygon2
|move|p2a: Ursaluna|Facade|p1a: Sneasler
|-damage|p1a: Sneasler|0 fnt
|faint|p1a: Sneasler
|
|win|DkayMM
