|j|☆tsteelerfan
|j|☆reshiee
|html|tsteelerfanreshiee    
|uhtml|bestof|Game 1 of a best-of-3
|t:|1785874829
|gametype|doubles
|player|p1|tsteelerfan|101|1049
|player|p2|reshiee|gwynn|1257
|gen|9
|tier|[Gen 9 Champions] VGC 2026 Reg M-B (Bo3)
|rated|
|rule|Species Clause: Limit one of each Pokémon
|rule|Item Clause: Limit 1 of each item
|clearpoke
|poke|p1|Gengar, L50, M|
|poke|p1|Kingambit, L50, M, shiny|
|poke|p1|Hydreigon, L50, M, shiny|
|poke|p1|Primarina, L50, F|
|poke|p1|Steelix, L50, F|
|poke|p1|Vivillon, L50, M|
|poke|p2|Charizard, L50, M|
|poke|p2|Venusaur, L50, F|
|poke|p2|Pelipper, L50, F|
|poke|p2|Grimmsnarl, L50, M|
|poke|p2|Basculegion, L50, M|
|poke|p2|Archaludon, L50, M|
|teampreview|4
|showteam|p1|Gengar||Gengarite|CursedBody|PerishSong,ShadowBall,Protect,Substitute|Timid||M|||50|]Kingambit||ChopleBerry|Defiant|SuckerPunch,SwordsDance,KowtowCleave,Protect|Adamant||M|||50|]Hydreigon||Leftovers|Levitate|Tailwind,DracoMeteor,Protect,FireBlast|Timid||M|||50|]Primarina||MysticWater|LiquidVoice|HyperVoice,Moonblast,PerishSong,Protect|Modest||F|||50|]Steelix||Steelixite|RockHead|SteelBeam,Protect,BodyPress,HighHorsepower|Relaxed||F|||50|]Vivillon||ChoiceScarf|CompoundEyes|SleepPowder,Uturn,AirSlash,GigaDrain|Timid||M|||50|
|showteam|p2|Charizard||CharizarditeY|Blaze|HeatWave,WeatherBall,SolarBeam,Protect|Modest||M|||50|]Venusaur||FocusSash|Chlorophyll|SludgeBomb,EarthPower,SleepPowder,Protect|Modest||F|||50|]Pelipper||SitrusBerry|Drizzle|Hurricane,WeatherBall,Tailwind,WideGuard|Modest||F|||50|]Grimmsnarl||LightClay|Prankster|SpiritBreak,Reflect,LightScreen,PartingShot|Sassy||M|||50|]Basculegion||ChoiceScarf|Adaptability|WaveCrash,LastRespects,FlipTurn,AquaJet|Jolly||M|||50|]Archaludon||Leftovers|Stamina|DragonPulse,FlashCannon,ElectroShot,Protect|Calm||M|||50|
|c|☆reshiee|glhf
|c|☆tsteelerfan|u 2
|
|t:|1785874909
|teamsize|p1|4
|teamsize|p2|4
|start
|switch|p1a: Vivillon|Vivillon, L50, M|100/100
|switch|p1b: Hydreigon|Hydreigon, L50, M, shiny|100/100
|switch|p2a: Charizard|Charizard, L50, M|100/100
|switch|p2b: Basculegion|Basculegion, L50, M|100/100
|turn|1
|inactive|Battle timer is ON: inactive players will automatically lose when time's up. (requested by tsteelerfan)
|
|t:|1785874971
|move|p2a: Charizard|Protect|p2a: Charizard
|-singleturn|p2a: Charizard|Protect
|move|p1a: Vivillon|Sleep Powder|p2b: Basculegion
|-status|p2b: Basculegion|slp|[from] move: Sleep Powder
|cant|p2b: Basculegion|slp
|move|p1b: Hydreigon|Tailwind|p1b: Hydreigon
|-sidestart|p1: tsteelerfan|move: Tailwind
|
|upkeep
|turn|2
|inactive|reshiee has 30 seconds left.
|
|t:|1785875002
|switch|p1b: Kingambit|Kingambit, L50, M, shiny|100/100
|detailschange|p2a: Charizard|Charizard-Mega-Y, L50, M
|-mega|p2a: Charizard|Charizard|Charizardite Y
|-weather|SunnyDay|[from] ability: Drought|[of] p2a: Charizard
|move|p1a: Vivillon|Sleep Powder|p2a: Charizard
|-status|p2a: Charizard|slp|[from] move: Sleep Powder
|-curestatus|p2b: Basculegion|slp|[msg]
|move|p2b: Basculegion|Last Respects|p1a: Vivillon
|-damage|p1a: Vivillon|40/100
|cant|p2a: Charizard|slp
|
|-weather|SunnyDay|[upkeep]
|upkeep
|turn|3
|inactive|tsteelerfan has 30 seconds left.
|inactive|reshiee has 30 seconds left.
|inactive|reshiee has 20 seconds left.
|inactive|reshiee has 15 seconds left.
|
|t:|1785875043
|switch|p1a: Hydreigon|Hydreigon, L50, M, shiny|100/100
|switch|p2b: Archaludon|Archaludon, L50, M|100/100
|move|p1b: Kingambit|Sucker Punch||[still]
|-fail|p1b: Kingambit
|cant|p2a: Charizard|slp
|
|-weather|SunnyDay|[upkeep]
|upkeep
|turn|4
|inactive|reshiee has 30 seconds left.
|inactive|reshiee has 20 seconds left.
|inactive|reshiee has 15 seconds left.
|
|t:|1785875085
|switch|p1b: Vivillon|Vivillon, L50, M|40/100
|move|p1a: Hydreigon|Draco Meteor|p2b: Archaludon
|-damage|p2b: Archaludon|49/100
|-unboost|p1a: Hydreigon|spa|2
|-ability|p2b: Archaludon|Stamina|boost
|-boost|p2b: Archaludon|def|1
|-curestatus|p2a: Charizard|slp|[msg]
|move|p2a: Charizard|Heat Wave|p1b: Vivillon|[spread] p1b
|-miss|p2a: Charizard|p1a: Hydreigon
|-supereffective|p1b: Vivillon|1
|-damage|p1b: Vivillon|0 fnt
|faint|p1b: Vivillon
|move|p2b: Archaludon|Dragon Pulse|p1a: Hydreigon
|-supereffective|p1a: Hydreigon|1
|-damage|p1a: Hydreigon|35/100
|
|-weather|SunnyDay|[upkeep]
|-heal|p1a: Hydreigon|40/100|[from] item: Leftovers
|-heal|p2b: Archaludon|55/100|[from] item: Leftovers
|-sideend|p1: tsteelerfan|move: Tailwind
|upkeep
|
|t:|1785875097
|switch|p1b: Gengar|Gengar, L50, M|100/100
|turn|5
|inactive|tsteelerfan has 30 seconds left.
|inactive|reshiee has 30 seconds left.
|inactive|tsteelerfan has 20 seconds left.
|inactive|reshiee has 20 seconds left.
|
|t:|1785875134
|switch|p2a: Basculegion|Basculegion, L50, M|100/100
|detailschange|p1b: Gengar|Gengar-Mega, L50, M
|-mega|p1b: Gengar|Gengar|Gengarite
|move|p1b: Gengar|Perish Song|p1b: Gengar
|-start|p1a: Hydreigon|perish3|[silent]
|-start|p1b: Gengar|perish3|[silent]
|-start|p2a: Basculegion|perish3|[silent]
|-start|p2b: Archaludon|perish3|[silent]
|-fieldactivate|move: Perish Song
|move|p1a: Hydreigon|Draco Meteor|p2b: Archaludon
|-damage|p2b: Archaludon|30/100
|-unboost|p1a: Hydreigon|spa|2
|-ability|p2b: Archaludon|Stamina|boost
|-boost|p2b: Archaludon|def|1
|move|p2b: Archaludon|Dragon Pulse|p1a: Hydreigon
|-supereffective|p1a: Hydreigon|1
|-damage|p1a: Hydreigon|0 fnt
|faint|p1a: Hydreigon
|
|-weather|SunnyDay|[upkeep]
|-heal|p2b: Archaludon|36/100|[from] item: Leftovers
|-start|p2a: Basculegion|perish3
|-start|p1b: Gengar|perish3
|-start|p2b: Archaludon|perish3
|upkeep
|
|t:|1785875146
|switch|p1a: Kingambit|Kingambit, L50, M, shiny|100/100
|turn|6
|inactive|reshiee has 30 seconds left.
|inactive|tsteelerfan has 30 seconds left.
|inactive|reshiee has 20 seconds left.
|
|t:|1785875184
|switch|p2a: Pelipper|Pelipper, L50, F|100/100
|-weather|RainDance|[from] ability: Drizzle|[of] p2a: Pelipper
|move|p2b: Archaludon|Protect|p2b: Archaludon
|-singleturn|p2b: Archaludon|Protect
|move|p1a: Kingambit|Sucker Punch||[still]
|-fail|p1a: Kingambit
|move|p1b: Gengar|Shadow Ball|p2b: Archaludon
|-activate|p2b: Archaludon|move: Protect
|
|-weather|RainDance|[upkeep]
|-heal|p2b: Archaludon|42/100|[from] item: Leftovers
|-start|p1b: Gengar|perish2
|-start|p2b: Archaludon|perish2
|upkeep
|turn|7
|inactive|tsteelerfan has 30 seconds left.
|inactive|reshiee has 30 seconds left.
|inactive|tsteelerfan has 20 seconds left.
|inactive|reshiee has 20 seconds left.
|inactive|tsteelerfan has 15 seconds left.
|
|t:|1785875225
|move|p1b: Gengar|Protect|p1b: Gengar
|-singleturn|p1b: Gengar|Protect
|move|p2b: Archaludon|Electro Shot||[still]
|-prepare|p2b: Archaludon|Electro Shot
|-boost|p2b: Archaludon|spa|1
|-anim|p2b: Archaludon|Electro Shot|p1a: Kingambit
|-damage|p1a: Kingambit|46/100
|move|p2a: Pelipper|Weather Ball|p1a: Kingambit
|-damage|p1a: Kingambit|0 fnt
|faint|p1a: Kingambit
|
|-weather|RainDance|[upkeep]
|-heal|p2b: Archaludon|48/100|[from] item: Leftovers
|-start|p1b: Gengar|perish1
|-start|p2b: Archaludon|perish1
|upkeep
|turn|8
|-message|tsteelerfan forfeited.
|
|win|reshiee
|l|☆tsteelerfan
|player|p1|
||tsteelerfan is ready for game 2.
