|j|☆manikman
|j|☆FR45
|html|manikmanFR45    
|uhtml|bestof|Game 1 of a best-of-3
|t:|1782594741
|gametype|doubles
|player|p1|manikman|steven|1246
|player|p2|FR45|ethan|1200
|gen|9
|tier|[Gen 9 Champions] VGC 2026 Reg M-B (Bo3)
|rated|
|rule|Species Clause: Limit one of each Pokémon
|rule|Item Clause: Limit 1 of each item
|clearpoke
|poke|p1|Pelipper, L50, F|
|poke|p1|Grimmsnarl, L50, M|
|poke|p1|Raichu, L50, M|
|poke|p1|Sinistcha, L50|
|poke|p1|Eelektross, L50, F|
|poke|p1|Garchomp, L50, F|
|poke|p2|Charizard, L50, M, shiny|
|poke|p2|Garchomp, L50, M|
|poke|p2|Sneasler, L50, M|
|poke|p2|Mawile, L50, M, shiny|
|poke|p2|Venusaur, L50, F|
|poke|p2|Farigiraf, L50, M|
|teampreview|4
|showteam|p1|Pelipper||ChoiceScarf|Drizzle|Tailwind,WeatherBall,Hurricane,Soak|Timid||F|||50|]Grimmsnarl||LightClay|Prankster|SpiritBreak,PartingShot,LightScreen,Reflect|Careful||M|||50|]Raichu||FocusSash|LightningRod|RainDance,FakeOut,Endeavor,Thunderbolt|Timid||M|||50|]Sinistcha||SitrusBerry|Hospitality|MatchaGotcha,LifeDew,RagePowder,TrickRoom|Sassy|||||50|]Eelektross||Eelektrossite|Levitate|Thunder,Discharge,GrassKnot,Protect|Modest||F|||50|]Garchomp||LifeOrb|RoughSkin|DragonClaw,Earthquake,PoisonJab,RockTomb|Jolly||F|||50|
|showteam|p2|Charizard||CharizarditeY|Blaze|HeatWave,SolarBeam,WeatherBall,Protect|Timid||M|||50|]Garchomp||LifeOrb|RoughSkin|DragonClaw,StompingTantrum,RockSlide,Protect|Jolly||M|||50|]Sneasler||WhiteHerb|Unburden|FakeOut,DireClaw,CloseCombat,Protect|Jolly||M|||50|]Mawile||Mawilite|Intimidate|IronHead,SuckerPunch,PlayRough,Protect|Adamant||M|||50|]Venusaur||FocusSash|Chlorophyll|GigaDrain,EarthPower,SleepPowder,Protect|Modest||F|||50|]Farigiraf||SitrusBerry|ArmorTail|Psychic,Thunderbolt,PsychUp,TrickRoom|Quiet||M|||50|
|inactive|Battle timer is ON: inactive players will automatically lose when time's up. (requested by FR45)
|inactive|manikman has 60 seconds left.
|inactive|FR45 has 60 seconds left.
|
|t:|1782594798
|teamsize|p1|4
|teamsize|p2|4
|start
|switch|p1a: Grimmsnarl|Grimmsnarl, L50, M|100/100
|switch|p1b: Raichu|Raichu, L50, M|100/100
|switch|p2a: Sneasler|Sneasler, L50, M|100/100
|switch|p2b: Mawile|Mawile, L50, M, shiny|100/100
|-ability|p2b: Mawile|Intimidate|boost
|-unboost|p1a: Grimmsnarl|atk|1
|-unboost|p1b: Raichu|atk|1
|turn|1
|
|t:|1782594821
|detailschange|p2b: Mawile|Mawile-Mega, L50, M, shiny
|-mega|p2b: Mawile|Mawile|Mawilite
|move|p1b: Raichu|Fake Out|p2b: Mawile
|-resisted|p2b: Mawile|1
|-damage|p2b: Mawile|97/100
|move|p2a: Sneasler|Fake Out|p1b: Raichu
|-damage|p1b: Raichu|69/100
|move|p1a: Grimmsnarl|Reflect|p1a: Grimmsnarl
|-sidestart|p1: manikman|Reflect
|cant|p2b: Mawile|flinch
|
|upkeep
|turn|2
|
|t:|1782594842
|move|p2b: Mawile|Protect|p2b: Mawile
|-singleturn|p2b: Mawile|Protect
|move|p1a: Grimmsnarl|Parting Shot|p2b: Mawile
|-activate|p2b: Mawile|move: Protect
|move|p1b: Raichu|Rain Dance|p1b: Raichu
|-weather|RainDance
|move|p2a: Sneasler|Close Combat|p1b: Raichu
|-damage|p1b: Raichu|0 fnt
|-unboost|p2a: Sneasler|def|1
|-unboost|p2a: Sneasler|spd|1
|faint|p1b: Raichu
|-enditem|p2a: Sneasler|White Herb
|-clearnegativeboost|p2a: Sneasler|[silent]
|
|-weather|RainDance|[upkeep]
|upkeep
|
|t:|1782594846
|switch|p1b: Eelektross|Eelektross, L50, F|100/100
|turn|3
|inactive|FR45 has 30 seconds left.
|inactive|FR45 has 20 seconds left.
|inactive|FR45 has 15 seconds left.
|
|t:|1782594887
|detailschange|p1b: Eelektross|Eelektross-Mega, L50, F
|-mega|p1b: Eelektross|Eelektross|Eelektrossite
|move|p1b: Eelektross|Protect|p1b: Eelektross
|-singleturn|p1b: Eelektross|Protect
|move|p1a: Grimmsnarl|Light Screen|p1a: Grimmsnarl
|-sidestart|p1: manikman|move: Light Screen
|move|p2a: Sneasler|Close Combat|p1b: Eelektross
|-activate|p1b: Eelektross|move: Protect
|move|p2b: Mawile|Iron Head|p1a: Grimmsnarl
|-supereffective|p1a: Grimmsnarl|1
|-damage|p1a: Grimmsnarl|2/100
|
|-weather|RainDance|[upkeep]
|upkeep
|turn|4
|
|t:|1782594911
|move|p1a: Grimmsnarl|Parting Shot|p2a: Sneasler
|-unboost|p2a: Sneasler|atk|1
|-unboost|p2a: Sneasler|spa|1
|
|t:|1782594913
|switch|p1a: Sinistcha|Sinistcha, L50|100/100|[from] Parting Shot
|move|p2b: Mawile|Sucker Punch|p1b: Eelektross
|-damage|p1b: Eelektross|67/100
|move|p2a: Sneasler|Close Combat|p1b: Eelektross
|-damage|p1b: Eelektross|35/100
|-unboost|p2a: Sneasler|def|1
|-unboost|p2a: Sneasler|spd|1
|move|p1b: Eelektross|Thunder|p2a: Sneasler
|-damage|p2a: Sneasler|0 fnt
|faint|p2a: Sneasler
|-ability|p1b: Eelektross|Eelevate|boost
|-boost|p1b: Eelektross|spa|1
|
|-weather|RainDance|[upkeep]
|upkeep
|
|t:|1782594934
|switch|p2a: Garchomp|Garchomp, L50, M|100/100
|turn|5
|
|t:|1782594947
|switch|p1a: Grimmsnarl|Grimmsnarl, L50, M|2/100
|move|p1b: Eelektross|Protect|p1b: Eelektross
|-singleturn|p1b: Eelektross|Protect
|move|p2a: Garchomp|Rock Slide|p1b: Eelektross|[spread] p1a
|-activate|p1b: Eelektross|move: Protect
|-damage|p1a: Grimmsnarl|0 fnt
|faint|p1a: Grimmsnarl
|-damage|p2a: Garchomp|90/100|[from] item: Life Orb
|move|p2b: Mawile|Iron Head|p1b: Eelektross
|-activate|p1b: Eelektross|move: Protect
|
|-weather|RainDance|[upkeep]
|upkeep
|
|t:|1782594954
|switch|p1a: Sinistcha|Sinistcha, L50|100/100
|-heal|p1b: Eelektross|60/100|[from] ability: Hospitality|[of] p1a: Sinistcha
|turn|6
|inactive|FR45 has 30 seconds left.
|
|t:|1782594983
|move|p2a: Garchomp|Rock Slide|p1a: Sinistcha|[spread] p1a,p1b
|-crit|p1a: Sinistcha
|-damage|p1a: Sinistcha|66/100
|-damage|p1b: Eelektross|42/100
|-damage|p2a: Garchomp|80/100|[from] item: Life Orb
|cant|p1b: Eelektross|flinch
|move|p1a: Sinistcha|Life Dew|p1a: Sinistcha|[spread] p1a,p1b
|-heal|p1a: Sinistcha|91/100
|-heal|p1b: Eelektross|67/100
|move|p2b: Mawile|Iron Head|p1a: Sinistcha
|-damage|p1a: Sinistcha|39/100
|-enditem|p1a: Sinistcha|Sitrus Berry|[eat]
|-heal|p1a: Sinistcha|64/100|[from] item: Sitrus Berry
|
|-weather|none
|upkeep
|turn|7
|
|t:|1782595001
|move|p2b: Mawile|Sucker Punch|p1b: Eelektross
|-damage|p1b: Eelektross|34/100
|move|p2a: Garchomp|Rock Slide|p1b: Eelektross|[spread] p1a,p1b
|-damage|p1a: Sinistcha|47/100
|-damage|p1b: Eelektross|15/100
|-damage|p2a: Garchomp|71/100|[from] item: Life Orb
|cant|p1b: Eelektross|flinch
|move|p1a: Sinistcha|Life Dew|p1a: Sinistcha|[spread] p1a,p1b
|-heal|p1a: Sinistcha|73/100
|-heal|p1b: Eelektross|40/100
|
|upkeep
|turn|8
|
|t:|1782595025
|move|p1a: Sinistcha|Rage Powder|p1a: Sinistcha
|-singleturn|p1a: Sinistcha|move: Rage Powder
|move|p2a: Garchomp|Dragon Claw|p1a: Sinistcha
|-damage|p1a: Sinistcha|37/100
|-damage|p2a: Garchomp|61/100|[from] item: Life Orb
|move|p1b: Eelektross|Thunder|p2b: Mawile
|-damage|p2b: Mawile|0 fnt
|faint|p2b: Mawile
|-ability|p1b: Eelektross|Eelevate|boost
|-boost|p1b: Eelektross|spa|1
|
|-sideend|p1: manikman|Reflect
|upkeep
|
|t:|1782595037
|switch|p2b: Venusaur|Venusaur, L50, F|100/100
|turn|9
|
|t:|1782595052
|move|p2a: Garchomp|Rock Slide|p1b: Eelektross|[spread] p1a
|-miss|p2a: Garchomp|p1b: Eelektross
|-damage|p1a: Sinistcha|15/100
|-damage|p2a: Garchomp|52/100|[from] item: Life Orb
|move|p2b: Venusaur|Sleep Powder|p1b: Eelektross
|-status|p1b: Eelektross|slp|[from] move: Sleep Powder
|cant|p1b: Eelektross|slp
|move|p1a: Sinistcha|Life Dew|p1a: Sinistcha|[spread] p1a,p1b
|-heal|p1a: Sinistcha|41/100
|-heal|p1b: Eelektross|65/100 slp
|
|upkeep
|turn|10
|inactive|FR45 has 30 seconds left.
|
|t:|1782595079
|move|p2a: Garchomp|Dragon Claw|p1a: Sinistcha
|-damage|p1a: Sinistcha|0 fnt
|faint|p1a: Sinistcha
|-damage|p2a: Garchomp|42/100|[from] item: Life Orb
|move|p2b: Venusaur|Giga Drain|p1b: Eelektross
|-damage|p1b: Eelektross|41/100 slp
|cant|p1b: Eelektross|slp
|
|-sideend|p1: manikman|move: Light Screen
|upkeep
|turn|11
|
|t:|1782595092
|move|p2a: Garchomp|Dragon Claw|p1b: Eelektross
|-damage|p1b: Eelektross|0 fnt
|faint|p1b: Eelektross
|-damage|p2a: Garchomp|32/100|[from] item: Life Orb
|
|win|FR45
