|j|☆AllySwitch24
|j|☆Huckle17
|html|AllySwitch24Huckle17    
|uhtml|bestof|Game 2 of a best-of-3
|t:|1785916405
|gametype|doubles
|player|p1|AllySwitch24|elesa|1103
|player|p2|Huckle17|169|1102
|gen|9
|tier|[Gen 9 Champions] VGC 2026 Reg M-B (Bo3)
|rated|
|rule|Species Clause: Limit one of each Pokémon
|rule|Item Clause: Limit 1 of each item
|clearpoke
|poke|p1|Raichu, L50, M|
|poke|p1|Basculegion, L50, M|
|poke|p1|Corviknight, L50, M|
|poke|p1|Rotom-Heat, L50|
|poke|p1|Vanilluxe, L50, F|
|poke|p1|Chesnaught, L50, M|
|poke|p2|Pelipper, L50, F|
|poke|p2|Basculegion, L50, M|
|poke|p2|Swampert, L50, M|
|poke|p2|Scizor, L50, M|
|poke|p2|Archaludon, L50, F|
|poke|p2|Klefki, L50, F|
|teampreview|4
|showteam|p1|Raichu||RaichuniteY|Static|ZapCannon,FocusBlast,FakeOut,Protect|Timid||M|||50|]Basculegion||MysticWater|Adaptability|AquaJet,LastRespects,WaveCrash,Protect|Jolly||M|||50|]Corviknight||Leftovers|MirrorArmor|BulkUp,BraveBird,Roost,Protect|Impish||M|||50|]Rotom-Heat||SitrusBerry|Levitate|Overheat,Thunderbolt,WillOWisp,NastyPlot|Modest|||||50|]Vanilluxe||FocusSash|SnowWarning|Blizzard,FreezeDry,IcyWind,Protect|Timid||F|||50|]Chesnaught||Chesnaughtite|Bulletproof|DrainPunch,HighHorsepower,WoodHammer,SpikyShield|Adamant||M|||50|
|showteam|p2|Pelipper||FocusSash|Drizzle|Protect,Hurricane,WeatherBall,Tailwind|Modest||F|||50|]Basculegion||ChoiceScarf|Adaptability|FlipTurn,LastRespects,WaveCrash,AquaJet|Adamant||M|||50|]Swampert||Swampertite|Torrent|Protect,Earthquake,IcePunch,WaveCrash|Adamant||M|||50|]Scizor||Scizorite|Technician|Protect,BugBite,BulletPunch,CloseCombat|Adamant||M|||50|]Archaludon||LifeOrb|Stalwart|Protect,ElectroShot,FlashCannon,DracoMeteor|Modest||F|||50|]Klefki||Leftovers|Prankster|RainDance,Reflect,LightScreen,DazzlingGleam|Bold||F|||50|
|inactive|Battle timer is ON: inactive players will automatically lose when time's up. (requested by Huckle17)
|inactive|AllySwitch24 has 60 seconds left.
|
|t:|1785916463
|teamsize|p1|4
|teamsize|p2|4
|start
|switch|p1a: Raichu|Raichu, L50, M|100/100
|switch|p1b: Vanilluxe|Vanilluxe, L50, F|100/100
|switch|p2a: Klefki|Klefki, L50, F|100/100
|switch|p2b: Archaludon|Archaludon, L50, F|100/100
|-weather|Snowscape|[from] ability: Snow Warning|[of] p1b: Vanilluxe
|turn|1
|inactive|AllySwitch24 has 30 seconds left.
|inactive|AllySwitch24 has 20 seconds left.
|inactive|AllySwitch24 has 15 seconds left.
|inactive|AllySwitch24 has 10 seconds left.
|inactive|AllySwitch24 has 5 seconds left.
|
|t:|1785916517
|detailschange|p1a: Raichu|Raichu-Mega-Y, L50, M
|-mega|p1a: Raichu|Raichu|Raichunite Y
|move|p2b: Archaludon|Protect|p2b: Archaludon
|-singleturn|p2b: Archaludon|Protect
|move|p2a: Klefki|Light Screen|p2a: Klefki
|-sidestart|p2: Huckle17|move: Light Screen
|move|p1a: Raichu|Focus Blast|p2b: Archaludon
|-activate|p2b: Archaludon|move: Protect
|move|p1b: Vanilluxe|Freeze-Dry|p2b: Archaludon
|-activate|p2b: Archaludon|move: Protect
|
|-weather|Snowscape|[upkeep]
|upkeep
|turn|2
|inactive|Huckle17 has 30 seconds left.
|
|t:|1785916548
|move|p2a: Klefki|Rain Dance|p2a: Klefki
|-weather|RainDance
|move|p1a: Raichu|Focus Blast|p2b: Archaludon
|-supereffective|p2b: Archaludon|1
|-damage|p2b: Archaludon|2/100
|-unboost|p2b: Archaludon|spd|1
|move|p1b: Vanilluxe|Freeze-Dry|p2b: Archaludon
|-damage|p2b: Archaludon|0 fnt
|faint|p2b: Archaludon
|
|-weather|RainDance|[upkeep]
|upkeep
|
|t:|1785916559
|switch|p2b: Swampert|Swampert, L50, M|100/100
|turn|3
|
|t:|1785916583
|switch|p1b: Chesnaught|Chesnaught, L50, M|100/100
|detailschange|p2b: Swampert|Swampert-Mega, L50, M
|-mega|p2b: Swampert|Swampert|Swampertite
|move|p1a: Raichu|Protect|p1a: Raichu
|-singleturn|p1a: Raichu|Protect
|move|p2b: Swampert|Protect|p2b: Swampert
|-singleturn|p2b: Swampert|Protect
|move|p2a: Klefki|Dazzling Gleam|p1a: Raichu|[spread] p1b
|-activate|p1a: Raichu|move: Protect
|-supereffective|p1b: Chesnaught|1
|-damage|p1b: Chesnaught|60/100
|
|-weather|RainDance|[upkeep]
|upkeep
|turn|4
|inactive|AllySwitch24 has 30 seconds left.
|inactive|AllySwitch24 has 20 seconds left.
|inactive|AllySwitch24 has 15 seconds left.
|inactive|AllySwitch24 has 10 seconds left.
|
|t:|1785916633
|switch|p1a: Vanilluxe|Vanilluxe, L50, F|100/100
|-weather|Snowscape|[from] ability: Snow Warning|[of] p1a: Vanilluxe
|move|p2a: Klefki|Dazzling Gleam|p1b: Chesnaught|[spread] p1a,p1b
|-supereffective|p1b: Chesnaught|1
|-damage|p1a: Vanilluxe|79/100
|-damage|p1b: Chesnaught|20/100r
|move|p2b: Swampert|Earthquake|p1a: Vanilluxe|[spread] p2a,p1a,p1b
|-supereffective|p2a: Klefki|1
|-resisted|p1b: Chesnaught|1
|-damage|p2a: Klefki|1/100
|-damage|p1a: Vanilluxe|34/100
|-damage|p1b: Chesnaught|3/100
|move|p1b: Chesnaught|Wood Hammer|p2b: Swampert
|-supereffective|p2b: Swampert|2
|-damage|p2b: Swampert|0 fnt
|faint|p2b: Swampert
|-damage|p1b: Chesnaught|0 fnt|[from] Recoil
|faint|p1b: Chesnaught
|
|-weather|Snowscape|[upkeep]
|-heal|p2a: Klefki|7/100|[from] item: Leftovers
|upkeep
|
|t:|1785916655
|switch|p2b: Pelipper|Pelipper, L50, F|100/100
|switch|p1b: Raichu|Raichu-Mega-Y, L50, M|100/100
|-weather|RainDance|[from] ability: Drizzle|[of] p2b: Pelipper
|turn|5
|
|t:|1785916673
|move|p1b: Raichu|Fake Out|p2b: Pelipper
|-damage|p2b: Pelipper|91/100
|move|p1a: Vanilluxe|Freeze-Dry|p2a: Klefki
|-resisted|p2a: Klefki|1
|-damage|p2a: Klefki|0 fnt
|faint|p2a: Klefki
|cant|p2b: Pelipper|flinch
|
|-weather|RainDance|[upkeep]
|-sideend|p2: Huckle17|move: Light Screen
|upkeep
|turn|6
|-message|Huckle17 forfeited.
|raw|AllySwitch24's rating: 1103 → 1128(+25 for winning)
|raw|Huckle17's rating: 1102 → 1077(-25 for losing)
|
|win|AllySwitch24
|l|☆Huckle17
|player|p2|
