|j|☆Mimastrid
|j|☆IntegerDeBeger
|html|MimastridIntegerDeBeger    
|uhtml|bestof|Game 1 of a best-of-3
|t:|1783764199
|gametype|doubles
|player|p1|Mimastrid|akari|
|player|p2|IntegerDeBeger|1|
|gen|9
|tier|[Gen 9 Champions] VGC 2026 Reg M-B (Bo3)
|rule|Species Clause: Limit one of each Pokémon
|rule|Item Clause: Limit 1 of each item
|clearpoke
|poke|p1|Froslass, L50, F|
|poke|p1|Basculegion, L50, M, shiny|
|poke|p1|Sneasler, L50, M|
|poke|p1|Pangoro, L50, M|
|poke|p1|Lycanroc-Dusk, L50, M|
|poke|p1|Talonflame, L50, M|
|poke|p2|Meowstic, L50, M|
|poke|p2|Overqwil, L50, M|
|poke|p2|Sableye, L50, M|
|poke|p2|Klefki, L50, M|
|poke|p2|Delphox, L50, F|
|poke|p2|Toxicroak, L50, F|
|teampreview|4
|showteam|p1|Froslass||Froslassite|CursedBody|Blizzard,ShadowBall,AuroraVeil,Protect|Timid||F|||50|]Basculegion||ChoiceScarf|Adaptability|WaveCrash,LastRespects,AquaJet,FlipTurn|Jolly||M|||50|]Sneasler||WhiteHerb|Unburden|DireClaw,CloseCombat,FakeOut,Protect|Adamant||M|||50|]Pangoro||BlackGlasses|Scrappy|CloseCombat,KnockOff,SwordsDance,Protect|Adamant||M|||50|]Lycanroc-Dusk||FocusSash|ToughClaws|Protect,Accelerock,RockSlide,CloseCombat|Adamant||M|||50|]Talonflame||LifeOrb|GaleWings|Protect,Tailwind,BraveBird,Overheat|Naive||M|||50|
|showteam|p2|Meowstic||BrightPowder|Prankster|Yawn,SkillSwap,SunnyDay,FakeOut|Impish||M|||50|]Overqwil||Leftovers|Intimidate|BarbBarrage,Stockpile,Minimize,Protect|Careful||M|||50|]Sableye||Sablenite|Prankster|FoulPlay,NightShade,Recover,PsychUp|Sassy||M|||50|]Klefki||SitrusBerry|Prankster|DrainingKiss,CalmMind,Substitute,PsychUp|Bold||M|||50|]Delphox||Delphoxite|Magician|HeatWave,Psychic,PsychUp,Protect|Timid||F|||50|]Toxicroak||FocusSash|PoisonTouch|CloseCombat,PoisonJab,FakeOut,QuickGuard|Jolly||F|||50|
|inactive|Battle timer is ON: inactive players will automatically lose when time's up. (requested by Mimastrid)
|inactiveoff|Battle timer is now OFF.
|c|☆Mimastrid|glhf!
|c|☆IntegerDeBeger|Glhf :)
|j| Benjigallade
|
|t:|1783764286
|teamsize|p1|4
|teamsize|p2|4
|start
|switch|p1a: Pangoro|Pangoro, L50, M|100/100
|switch|p1b: Sneasler|Sneasler, L50, M|100/100
|switch|p2a: Meowstic|Meowstic, L50, M|100/100
|switch|p2b: Krimpen a/d Ijssel|Overqwil, L50, M|100/100
|-ability|p2b: Krimpen a/d Ijssel|Intimidate|boost
|-fail|p1a: Pangoro|unboost|Attack|[from] ability: Scrappy|[of] p1a: Pangoro
|-unboost|p1b: Sneasler|atk|1
|-enditem|p1b: Sneasler|White Herb
|-clearnegativeboost|p1b: Sneasler|[silent]
|turn|1
|j| sambalman
|j| LOS TiggelWiggel
|
|t:|1783764300
|move|p1b: Sneasler|Fake Out|p2a: Meowstic
|-damage|p2a: Meowstic|87/100
|cant|p2a: Meowstic|flinch
|move|p2b: Krimpen a/d Ijssel|Minimize|p2b: Krimpen a/d Ijssel
|-boost|p2b: Krimpen a/d Ijssel|evasion|2
|move|p1a: Pangoro|Knock Off|p2a: Meowstic
|-supereffective|p2a: Meowstic|1
|-damage|p2a: Meowstic|0 fnt
|-enditem|p2a: Meowstic|Bright Powder|[from] move: Knock Off|[of] p1a: Pangoro
|faint|p2a: Meowstic
|
|upkeep
|
|t:|1783764315
|switch|p2a: Klefki|Klefki, L50, M|100/100
|turn|2
|
|t:|1783764345
|move|p2a: Klefki|Substitute|p2a: Klefki
|-start|p2a: Klefki|Substitute
|-damage|p2a: Klefki|75/100
|move|p1b: Sneasler|Close Combat|p2b: Krimpen a/d Ijssel
|-damage|p2b: Krimpen a/d Ijssel|42/100
|-unboost|p1b: Sneasler|def|1
|-unboost|p1b: Sneasler|spd|1
|move|p2b: Krimpen a/d Ijssel|Minimize|p2b: Krimpen a/d Ijssel
|-boost|p2b: Krimpen a/d Ijssel|evasion|2
|move|p1a: Pangoro|Close Combat|p2b: Krimpen a/d Ijssel|[miss]
|-miss|p1a: Pangoro|p2b: Krimpen a/d Ijssel
|
|-heal|p2b: Krimpen a/d Ijssel|48/100|[from] item: Leftovers
|upkeep
|turn|3
|
|t:|1783764364
|move|p2a: Klefki|Calm Mind|p2a: Klefki
|-boost|p2a: Klefki|spa|1
|-boost|p2a: Klefki|spd|1
|move|p1b: Sneasler|Close Combat|p2b: Krimpen a/d Ijssel|[miss]
|-miss|p1b: Sneasler|p2b: Krimpen a/d Ijssel
|move|p2b: Krimpen a/d Ijssel|Minimize|p2b: Krimpen a/d Ijssel
|-boost|p2b: Krimpen a/d Ijssel|evasion|2
|move|p1a: Pangoro|Close Combat|p2b: Krimpen a/d Ijssel|[miss]
|-miss|p1a: Pangoro|p2b: Krimpen a/d Ijssel
|
|-heal|p2b: Krimpen a/d Ijssel|54/100|[from] item: Leftovers
|upkeep
|turn|4
|
|t:|1783764370
|move|p2a: Klefki|Psych Up|p2b: Krimpen a/d Ijssel
|-copyboost|p2a: Klefki|p2b: Krimpen a/d Ijssel|[from] move: Psych Up
|move|p1b: Sneasler|Close Combat|p2b: Krimpen a/d Ijssel
|-damage|p2b: Krimpen a/d Ijssel|0 fnt
|-unboost|p1b: Sneasler|def|1
|-unboost|p1b: Sneasler|spd|1
|faint|p2b: Krimpen a/d Ijssel
|move|p1a: Pangoro|Close Combat|p2a: Klefki
|-end|p2a: Klefki|Substitute
|-unboost|p1a: Pangoro|def|1
|-unboost|p1a: Pangoro|spd|1
|
|upkeep
|
|t:|1783764374
|switch|p2b: Sableye|Sableye, L50, M|100/100
|turn|5
|
|t:|1783764391
|move|p2a: Klefki|Calm Mind|p2a: Klefki
|-boost|p2a: Klefki|spa|1
|-boost|p2a: Klefki|spd|1
|move|p2b: Sableye|Psych Up|p2a: Klefki
|-copyboost|p2b: Sableye|p2a: Klefki|[from] move: Psych Up
|move|p1b: Sneasler|Close Combat|p2a: Klefki
|-damage|p2a: Klefki|25/100
|-unboost|p1b: Sneasler|def|1
|-unboost|p1b: Sneasler|spd|1
|-enditem|p2a: Klefki|Sitrus Berry|[eat]
|-heal|p2a: Klefki|50/100y|[from] item: Sitrus Berry
|move|p1a: Pangoro|Close Combat|p2a: Klefki|[miss]
|-miss|p1a: Pangoro|p2a: Klefki
|
|upkeep
|turn|6
|j| Dike Guard
|j| YoungMoraNBA
|
|t:|1783764413
|detailschange|p2b: Sableye|Sableye-Mega, L50, M
|-mega|p2b: Sableye|Sableye|Sablenite
|move|p1b: Sneasler|Close Combat|p2a: Klefki|[miss]
|-miss|p1b: Sneasler|p2a: Klefki
|move|p1a: Pangoro|Close Combat|p2a: Klefki|[miss]
|-miss|p1a: Pangoro|p2a: Klefki
|move|p2a: Klefki|Draining Kiss|p1a: Pangoro
|-supereffective|p1a: Pangoro|2
|-damage|p1a: Pangoro|0 fnt
|-heal|p2a: Klefki|100/100|[from] drain|[of] p1a: Pangoro
|faint|p1a: Pangoro
|move|p2b: Sableye|Night Shade|p1b: Sneasler
|-damage|p1b: Sneasler|73/100
|
|upkeep
|
|t:|1783764422
|switch|p1a: Lycanroc|Lycanroc-Dusk, L50, M|100/100
|turn|7
|
|t:|1783764428
|move|p1b: Sneasler|Close Combat|p2a: Klefki
|-damage|p2a: Klefki|54/100
|-unboost|p1b: Sneasler|def|1
|-unboost|p1b: Sneasler|spd|1
|move|p1a: Lycanroc|Close Combat|p2a: Klefki|[miss]
|-miss|p1a: Lycanroc|p2a: Klefki
|move|p2a: Klefki|Draining Kiss|p1b: Sneasler
|-damage|p1b: Sneasler|0 fnt
|-heal|p2a: Klefki|100/100|[from] drain|[of] p1b: Sneasler
|faint|p1b: Sneasler
|move|p2b: Sableye|Foul Play|p1a: Lycanroc
|-damage|p1a: Lycanroc|8/100
|
|upkeep
|-message|Mimastrid forfeited.
|
|win|IntegerDeBeger
||Mimastrid is ready for game 2.
||IntegerDeBeger is ready for game 2.
|uhtml|next|Next: Game 2 of 3
|l| LOS TiggelWiggel
|l| Dike Guard
|l|☆Mimastrid
|player|p1|
|j|☆Mimastrid
|player|p1|Mimastrid|akari|
|l|☆Mimastrid
|player|p1|
|l| sambalman
|l| Benjigallade
|l| YoungMoraNBA
