|j|☆f54 squarer
|j|☆dragonite0618
|html|f54 squarerdragonite0618    
|uhtml|bestof|Game 2 of a best-of-3
|t:|1783996362
|gametype|doubles
|player|p1|f54 squarer|102|1213
|player|p2|dragonite0618|pokemonranger-gen4|1108
|gen|9
|tier|[Gen 9 Champions] VGC 2026 Reg M-B (Bo3)
|rated|
|rule|Species Clause: Limit one of each Pokémon
|rule|Item Clause: Limit 1 of each item
|clearpoke
|poke|p1|Volcarona, L50, M|
|poke|p1|Raichu, L50, F|
|poke|p1|Whimsicott, L50, M|
|poke|p1|Corviknight, L50, M|
|poke|p1|Grimmsnarl, L50, M|
|poke|p1|Garchomp, L50, F|
|poke|p2|Ceruledge, L50, M, shiny|
|poke|p2|Incineroar, L50, M, shiny|
|poke|p2|Sinistcha, L50, shiny|
|poke|p2|Grimmsnarl, L50, M, shiny|
|poke|p2|Staraptor, L50, F, shiny|
|poke|p2|Floette-Eternal, L50, F|
|teampreview|4
|showteam|p1|Volcarona||FocusSash|FlameBody|FieryDance,BugBuzz,QuiverDance,GigaDrain|Modest||M|||50|]Raichu||RaichuniteY|LightningRod|FakeOut,ZapCannon,FocusBlast,Protect|Modest||F|||50|]Whimsicott||CobaBerry|Prankster|Moonblast,Tailwind,EnergyBall,Encore|Timid||M|||50|]Corviknight||SitrusBerry|MirrorArmor|BraveBird,IronHead,BulkUp,Roost|Careful||M|||50|]Grimmsnarl||LightClay|Prankster|LightScreen,Reflect,FoulPlay,PartingShot|Calm||M|||50|]Garchomp||LifeOrb|RoughSkin|DragonClaw,Earthquake,RockSlide,DragonTail|Adamant||F|||50|
|showteam|p2|Ceruledge||Leftovers|FlashFire|Protect,BitterBlade,BulkUp,ShadowSneak|Adamant||M|||50|]Incineroar||PasshoBerry|Intimidate|FlareBlitz,FakeOut,PartingShot,ThroatChop|Careful||M|||50|]Sinistcha||KasibBerry|Hospitality|Protect,RagePowder,MatchaGotcha,LifeDew|Bold|||||50|]Grimmsnarl||LightClay|Prankster|SpiritBreak,PartingShot,ScaryFace,LightScreen|Careful||M|||50|]Staraptor||Staraptite|Intimidate|Protect,BraveBird,CloseCombat,Roost|Jolly||F|||50|]Floette-Eternal||Floettite|FlowerVeil|Protect,CalmMind,DrainingKiss,DazzlingGleam|Timid||F|||50|
|inactive|Battle timer is ON: inactive players will automatically lose when time's up. (requested by dragonite0618)
|inactive|f54 squarer has 60 seconds left.
|
|t:|1783996418
|teamsize|p1|4
|teamsize|p2|4
|start
|switch|p1a: Whimsicott|Whimsicott, L50, M|100/100
|switch|p1b: Garchomp|Garchomp, L50, F|100/100
|switch|p2a: Grimmsnarl|Grimmsnarl, L50, M, shiny|100/100
|switch|p2b: Floette|Floette-Eternal, L50, F|100/100
|turn|1
|
|t:|1783996442
|switch|p1b: Corviknight|Corviknight, L50, M|100/100
|detailschange|p2b: Floette|Floette-Mega, L50, F
|-mega|p2b: Floette|Floette|Floettite
|-ability|p2b: Floette|Fairy Aura
|move|p1a: Whimsicott|Tailwind|p1a: Whimsicott
|-sidestart|p1: f54 squarer|move: Tailwind
|move|p2a: Grimmsnarl|Scary Face|p1b: Corviknight
|-ability|p1b: Corviknight|Mirror Armor
|-unboost|p2a: Grimmsnarl|spe|2
|move|p2b: Floette|Dazzling Gleam|p1a: Whimsicott|[spread] p1a,p1b
|-resisted|p1b: Corviknight|1
|-damage|p1a: Whimsicott|31/100
|-damage|p1b: Corviknight|86/100
|
|upkeep
|turn|2
|inactive|f54 squarer has 30 seconds left.
|inactive|dragonite0618 has 30 seconds left.
|inactive|f54 squarer has 20 seconds left.
|inactive|f54 squarer has 15 seconds left.
|
|t:|1783996486
|switch|p2a: Ceruledge|Ceruledge, L50, M, shiny|100/100
|move|p2b: Floette|Protect|p2b: Floette
|-singleturn|p2b: Floette|Protect
|move|p1a: Whimsicott|Energy Ball|p2b: Floette
|-activate|p2b: Floette|move: Protect
|move|p1b: Corviknight|Iron Head|p2b: Floette
|-activate|p2b: Floette|move: Protect
|
|upkeep
|turn|3
|inactive|f54 squarer has 30 seconds left.
|inactive|f54 squarer has 20 seconds left.
|inactive|f54 squarer has 15 seconds left.
|inactive|f54 squarer has 10 seconds left.
|inactive|f54 squarer has 5 seconds left.
|
|t:|1783996537
|switch|p1b: Garchomp|Garchomp, L50, F|100/100
|switch|p2b: Sinistcha|Sinistcha, L50, shiny|100/100
|move|p1a: Whimsicott|Encore||[still]
|-fail|p1a: Whimsicott
|move|p2a: Ceruledge|Bulk Up|p2a: Ceruledge
|-boost|p2a: Ceruledge|atk|1
|-boost|p2a: Ceruledge|def|1
|
|upkeep
|turn|4
|inactive|f54 squarer has 30 seconds left.
|inactive|f54 squarer has 20 seconds left.
|inactive|dragonite0618 has 30 seconds left.
|inactive|f54 squarer has 15 seconds left.
|
|t:|1783996581
|switch|p2a: Grimmsnarl|Grimmsnarl, L50, M, shiny|100/100
|move|p2b: Sinistcha|Protect|p2b: Sinistcha
|-singleturn|p2b: Sinistcha|Protect
|move|p1a: Whimsicott|Encore|p2a: Grimmsnarl
|-hint|Since gen 7, Dark is immune to Prankster moves.
|-immune|p2a: Grimmsnarl
|move|p1b: Garchomp|Rock Slide|p2b: Sinistcha|[spread] p2a
|-activate|p2b: Sinistcha|move: Protect
|-damage|p2a: Grimmsnarl|68/100
|-damage|p1b: Garchomp|90/100|[from] item: Life Orb
|
|-sideend|p1: f54 squarer|move: Tailwind
|upkeep
|turn|5
|inactive|f54 squarer has 30 seconds left.
|inactive|f54 squarer has 20 seconds left.
|
|t:|1783996618
|switch|p1b: Corviknight|Corviknight, L50, M|86/100
|switch|p2b: Floette|Floette-Mega, L50, F|100/100
|-ability|p2b: Floette|Fairy Aura
|move|p1a: Whimsicott|Tailwind|p1a: Whimsicott
|-sidestart|p1: f54 squarer|move: Tailwind
|move|p2a: Grimmsnarl|Spirit Break|p1a: Whimsicott
|-damage|p1a: Whimsicott|0 fnt
|faint|p1a: Whimsicott
|
|upkeep
|
|t:|1783996632
|switch|p1a: Volcarona|Volcarona, L50, M|100/100
|turn|6
|inactive|f54 squarer has 30 seconds left.
|
|t:|1783996664
|switch|p2b: Ceruledge|Ceruledge, L50, M, shiny|100/100
|move|p2a: Grimmsnarl|Parting Shot|p1a: Volcarona
|-unboost|p1a: Volcarona|atk|1
|-unboost|p1a: Volcarona|spa|1
|
|t:|1783996670
|switch|p2a: Floette|Floette-Mega, L50, F|100/100|[from] Parting Shot
|-ability|p2a: Floette|Fairy Aura
|move|p1a: Volcarona|Quiver Dance|p1a: Volcarona
|-boost|p1a: Volcarona|spa|1
|-boost|p1a: Volcarona|spd|1
|-boost|p1a: Volcarona|spe|1
|move|p1b: Corviknight|Bulk Up|p1b: Corviknight
|-boost|p1b: Corviknight|atk|1
|-boost|p1b: Corviknight|def|1
|
|upkeep
|turn|7
|inactive|f54 squarer has 30 seconds left.
|
|t:|1783996700
|move|p2a: Floette|Protect|p2a: Floette
|-singleturn|p2a: Floette|Protect
|move|p1a: Volcarona|Quiver Dance|p1a: Volcarona
|-boost|p1a: Volcarona|spa|1
|-boost|p1a: Volcarona|spd|1
|-boost|p1a: Volcarona|spe|1
|move|p1b: Corviknight|Bulk Up|p1b: Corviknight
|-boost|p1b: Corviknight|atk|1
|-boost|p1b: Corviknight|def|1
|move|p2b: Ceruledge|Bulk Up|p2b: Ceruledge
|-boost|p2b: Ceruledge|atk|1
|-boost|p2b: Ceruledge|def|1
|
|upkeep
|turn|8
|inactive|f54 squarer has 30 seconds left.
|inactive|dragonite0618 has 30 seconds left.
|inactive|f54 squarer has 20 seconds left.
|
|t:|1783996736
|switch|p2a: Grimmsnarl|Grimmsnarl, L50, M, shiny|68/100
|move|p1a: Volcarona|Fiery Dance|p2a: Grimmsnarl
|-damage|p2a: Grimmsnarl|6/100
|-boost|p1a: Volcarona|spa|1
|move|p1b: Corviknight|Bulk Up|p1b: Corviknight
|-boost|p1b: Corviknight|atk|1
|-boost|p1b: Corviknight|def|1
|move|p2b: Ceruledge|Bitter Blade|p1b: Corviknight
|-supereffective|p1b: Corviknight|1
|-damage|p1b: Corviknight|37/100
|-enditem|p1b: Corviknight|Sitrus Berry|[eat]
|-heal|p1b: Corviknight|61/100|[from] item: Sitrus Berry
|
|-sideend|p1: f54 squarer|move: Tailwind
|upkeep
|turn|9
|inactive|f54 squarer has 30 seconds left.
|inactive|f54 squarer has 20 seconds left.
|inactive|f54 squarer has 15 seconds left.
|inactive|f54 squarer has 10 seconds left.
|
|t:|1783996781
|move|p2a: Grimmsnarl|Light Screen|p2a: Grimmsnarl
|-sidestart|p2: dragonite0618|move: Light Screen
|move|p1a: Volcarona|Quiver Dance|p1a: Volcarona
|-boost|p1a: Volcarona|spa|1
|-boost|p1a: Volcarona|spd|1
|-boost|p1a: Volcarona|spe|1
|move|p2b: Ceruledge|Bitter Blade|p1b: Corviknight
|-supereffective|p1b: Corviknight|1
|-crit|p1b: Corviknight
|-damage|p1b: Corviknight|0 fnt
|faint|p1b: Corviknight
|
|upkeep
|
|t:|1783996790
|switch|p1b: Garchomp|Garchomp, L50, F|90/100
|turn|10
|c|☆dragonite0618|sorry for ct
|inactive|f54 squarer has 30 seconds left.
|
|t:|1783996816
|move|p2b: Ceruledge|Protect|p2b: Ceruledge
|-singleturn|p2b: Ceruledge|Protect
|move|p2a: Grimmsnarl|Parting Shot|p1b: Garchomp
|-unboost|p1b: Garchomp|atk|1
|-unboost|p1b: Garchomp|spa|1
|
|t:|1783996821
|switch|p2a: Floette|Floette-Mega, L50, F|100/100|[from] Parting Shot
|-ability|p2a: Floette|Fairy Aura
|move|p1a: Volcarona|Fiery Dance|p2a: Floette
|-damage|p2a: Floette|35/100
|-boost|p1a: Volcarona|spa|1
|move|p1b: Garchomp|Dragon Tail|p2b: Ceruledge
|-activate|p2b: Ceruledge|move: Protect
|
|upkeep
|turn|11
|
|t:|1783996838
|move|p1a: Volcarona|Fiery Dance|p2a: Floette
|-damage|p2a: Floette|0 fnt
|-boost|p1a: Volcarona|spa|1
|faint|p2a: Floette
|move|p2b: Ceruledge|Bitter Blade|p1a: Volcarona
|-enditem|p1a: Volcarona|Focus Sash
|-damage|p1a: Volcarona|1/100
|move|p1b: Garchomp|Dragon Tail|p2b: Ceruledge
|-damage|p2b: Ceruledge|76/100
|-damage|p1b: Garchomp|80/100|[from] item: Life Orb
|drag|p2b: Sinistcha|Sinistcha, L50, shiny|100/100
|
|upkeep
|
|t:|1783996851
|switch|p2a: Ceruledge|Ceruledge, L50, M, shiny|76/100
|turn|12
|inactive|f54 squarer has 30 seconds left.
|inactive|f54 squarer has 20 seconds left.
|inactive|f54 squarer has 15 seconds left.
|inactive|f54 squarer has 10 seconds left.
|inactive|f54 squarer has 5 seconds left.
|
|t:|1783996892
|move|p2a: Ceruledge|Protect|p2a: Ceruledge
|-singleturn|p2a: Ceruledge|Protect
|move|p1a: Volcarona|Fiery Dance|p2b: Sinistcha
|-supereffective|p2b: Sinistcha|1
|-damage|p2b: Sinistcha|0 fnt
|faint|p2b: Sinistcha
|move|p1b: Garchomp|Rock Slide|p2a: Ceruledge
|-activate|p2a: Ceruledge|move: Protect
|
|-heal|p2a: Ceruledge|82/100|[from] item: Leftovers
|upkeep
|
|t:|1783996902
|switch|p2b: Grimmsnarl|Grimmsnarl, L50, M, shiny|6/100
|turn|13
|inactive|f54 squarer has 5 seconds left this turn.
|-message|f54 squarer lost due to inactivity.
|
|win|dragonite0618
|raw|f54 squarer's rating: 1213 → 1181(-32 for losing)
|raw|dragonite0618's rating: 1108 → 1140(+32 for winning)
|c|☆f54 squarer|juego de monos
