|j|☆testdigi
|j|☆an_jo_pu
|html|testdigian_jo_pu    
|uhtml|bestof|Game 3 of a best-of-3
|t:|1782477243
|gametype|doubles
|player|p1|testdigi|1|1036
|player|p2|an_jo_pu|lucas|1019
|gen|9
|tier|[Gen 9 Champions] VGC 2026 Reg M-B (Bo3)
|rated|
|rule|Species Clause: Limit one of each Pokémon
|rule|Item Clause: Limit 1 of each item
|clearpoke
|poke|p1|Hydreigon, L50, M|
|poke|p1|Garchomp, L50, M|
|poke|p1|Metagross, L50, shiny|
|poke|p1|Grimmsnarl, L50, M, shiny|
|poke|p1|Charizard, L50, F, shiny|
|poke|p1|Toxapex, L50, F, shiny|
|poke|p2|Sceptile, L50, F|
|poke|p2|Raichu, L50, M|
|poke|p2|Archaludon, L50, F|
|poke|p2|Politoed, L50, F|
|poke|p2|Incineroar, L50, M|
|poke|p2|Steelix, L50, M|
|teampreview|4
|showteam|p1|Hydreigon||ChoiceScarf|Levitate|HeatWave,DarkPulse,DracoMeteor,Snarl|Modest||M|||50|]Garchomp||SitrusBerry|RoughSkin|Protect,RockSlide,DragonClaw,Earthquake|Adamant||M|||50|]Metagross||Metagrossite|ClearBody|Protect,HammerArm,BulletPunch,IronHead|Brave|||||50|]Grimmsnarl||RoseliBerry|Prankster|FakeOut,ScaryFace,Reflect,PartingShot|Sassy||M|||50|]Charizard||CharizarditeY|Blaze|Protect,HeatWave,SolarBeam,WeatherBall|Timid||F|||50|]Toxapex||Leftovers|Regenerator|Infestation,Toxic,BanefulBunker,WideGuard|Relaxed||F|||50|
|showteam|p2|Sceptile||Sceptilite|Overgrow|DragonPulse,LeafStorm,Protect,FocusBlast|Timid||F|||50|]Raichu||RaichuniteY|LightningRod|Discharge,FocusBlast,Thunder,Protect|Timid||M|||50|]Archaludon||Leftovers|Stamina|Protect,ElectroShot,AuraSphere,DragonPulse|Bold||F|||50|]Politoed||SitrusBerry|Drizzle|IceBeam,WeatherBall,PerishSong,Protect|Bold||F|||50|]Incineroar||ChopleBerry|Intimidate|FakeOut,FlareBlitz,DarkestLariat,PartingShot|Adamant||M|||50|]Steelix||LifeOrb|SheerForce|HighHorsepower,BodyPress,IronDefense,Protect|Impish||M|||50|
|inactive|Battle timer is ON: inactive players will automatically lose when time's up. (requested by an_jo_pu)
|
|t:|1782477272
|teamsize|p1|4
|teamsize|p2|4
|start
|switch|p1a: Charizard|Charizard, L50, F, shiny|100/100
|switch|p1b: Toxapex|Toxapex, L50, F, shiny|100/100
|switch|p2a: Sceptile|Sceptile, L50, F|100/100
|switch|p2b: Raichu|Raichu, L50, M|100/100
|turn|1
|inactive|an_jo_pu has 30 seconds left.
|inactive|testdigi has 30 seconds left.
|inactive|an_jo_pu has 20 seconds left.
|
|t:|1782477310
|switch|p1b: Hydreigon|Hydreigon, L50, M|100/100
|detailschange|p2a: Sceptile|Sceptile-Mega, L50, F
|-mega|p2a: Sceptile|Sceptile|Sceptilite
|move|p1a: Charizard|Protect|p1a: Charizard
|-singleturn|p1a: Charizard|Protect
|move|p2a: Sceptile|Leaf Storm|p1b: Hydreigon
|-resisted|p1b: Hydreigon|1
|-damage|p1b: Hydreigon|56/100
|-unboost|p2a: Sceptile|spa|2
|move|p2b: Raichu|Discharge|p1b: Hydreigon|[spread] p1b
|-activate|p1a: Charizard|move: Protect
|-ability|p2a: Sceptile|Lightning Rod|boost
|-boost|p2a: Sceptile|spa|1
|-resisted|p1b: Hydreigon|1
|-damage|p1b: Hydreigon|42/100
|
|upkeep
|turn|2
|inactive|testdigi has 30 seconds left.
|inactive|testdigi has 20 seconds left.
|inactive|testdigi has 15 seconds left.
|
|t:|1782477351
|switch|p2a: Incineroar|Incineroar, L50, M|100/100
|-ability|p2a: Incineroar|Intimidate|boost
|-unboost|p1a: Charizard|atk|1
|-unboost|p1b: Hydreigon|atk|1
|detailschange|p1a: Charizard|Charizard-Mega-Y, L50, F, shiny
|-mega|p1a: Charizard|Charizard|Charizardite Y
|-weather|SunnyDay|[from] ability: Drought|[of] p1a: Charizard
|move|p2b: Raichu|Protect|p2b: Raichu
|-singleturn|p2b: Raichu|Protect
|move|p1b: Hydreigon|Draco Meteor|p2a: Incineroar
|-damage|p2a: Incineroar|37/100
|-unboost|p1b: Hydreigon|spa|2
|move|p1a: Charizard|Weather Ball|p2b: Raichu
|-activate|p2b: Raichu|move: Protect
|
|-weather|SunnyDay|[upkeep]
|upkeep
|turn|3
|
|t:|1782477374
|switch|p1b: Grimmsnarl|Grimmsnarl, L50, M, shiny|100/100
|move|p2a: Incineroar|Fake Out|p1b: Grimmsnarl
|-damage|p1b: Grimmsnarl|85/100
|move|p2b: Raichu|Discharge|p1b: Grimmsnarl|[spread] p2a,p1a,p1b
|-supereffective|p1a: Charizard|1
|-damage|p2a: Incineroar|15/100
|-damage|p1a: Charizard|50/100g
|-damage|p1b: Grimmsnarl|62/100
|-status|p1a: Charizard|par
|cant|p1a: Charizard|par
|
|-weather|SunnyDay|[upkeep]
|upkeep
|turn|4
|inactive|testdigi has 30 seconds left.
|inactive|an_jo_pu has 30 seconds left.
|inactive|testdigi has 20 seconds left.
|inactive|an_jo_pu has 20 seconds left.
|
|t:|1782477414
|switch|p2a: Politoed|Politoed, L50, F|100/100
|-weather|RainDance|[from] ability: Drizzle|[of] p2a: Politoed
|move|p2b: Raichu|Protect|p2b: Raichu
|-singleturn|p2b: Raichu|Protect
|move|p1b: Grimmsnarl|Fake Out|p2b: Raichu
|-activate|p2b: Raichu|move: Protect
|move|p1a: Charizard|Weather Ball|p2b: Raichu
|-activate|p2b: Raichu|move: Protect
|
|-weather|RainDance|[upkeep]
|upkeep
|turn|5
|
|t:|1782477438
|move|p1a: Charizard|Protect|p1a: Charizard
|-singleturn|p1a: Charizard|Protect
|move|p1b: Grimmsnarl|Parting Shot|p2b: Raichu
|-unboost|p2b: Raichu|atk|1
|-unboost|p2b: Raichu|spa|1
|
|t:|1782477441
|switch|p1b: Hydreigon|Hydreigon, L50, M|42/100|[from] Parting Shot
|move|p2b: Raichu|Thunder|p1a: Charizard
|-activate|p1a: Charizard|move: Protect
|move|p2a: Politoed|Ice Beam|p1b: Hydreigon
|-supereffective|p1b: Hydreigon|1
|-damage|p1b: Hydreigon|0 fnt
|faint|p1b: Hydreigon
|
|-weather|RainDance|[upkeep]
|upkeep
|
|t:|1782477444
|switch|p1b: Grimmsnarl|Grimmsnarl, L50, M, shiny|62/100
|turn|6
|
|t:|1782477463
|switch|p1a: Toxapex|Toxapex, L50, F, shiny|100/100
|move|p2b: Raichu|Protect|p2b: Raichu
|-singleturn|p2b: Raichu|Protect
|move|p2a: Politoed|Protect|p2a: Politoed
|-singleturn|p2a: Politoed|Protect
|move|p1b: Grimmsnarl|Fake Out|p2b: Raichu
|-activate|p2b: Raichu|move: Protect
|
|-weather|RainDance|[upkeep]
|upkeep
|turn|7
|-message|testdigi forfeited.
|
|win|an_jo_pu
