|j|☆Snowball_seer
|j|☆liamvgc1
|html|Snowball_seerliamvgc1    
|uhtml|bestof|Game 1 of a best-of-3
|t:|1783534038
|gametype|doubles
|player|p1|Snowball_seer|allister-masters|
|player|p2|liamvgc1|giovanni|
|gen|9
|tier|[Gen 9 Champions] VGC 2026 Reg M-B (Bo3)
|rule|Species Clause: Limit one of each Pokémon
|rule|Item Clause: Limit 1 of each item
|clearpoke
|poke|p1|Froslass, L50, F, shiny|
|poke|p1|Sneasler, L50, M, shiny|
|poke|p1|Kingambit, L50, M, shiny|
|poke|p1|Garchomp, L50, M|
|poke|p1|Talonflame, L50, M, shiny|
|poke|p1|Rotom-Wash, L50|
|poke|p2|Basculegion, L50, M|
|poke|p2|Floette-Eternal, L50, F|
|poke|p2|Whimsicott, L50, F|
|poke|p2|Garchomp, L50, M|
|poke|p2|Charizard, L50, M|
|poke|p2|Kingambit, L50, F|
|teampreview|4
|showteam|p1|Froslass||Froslassite|CursedBody|Protect,Blizzard,ShadowBall,AuroraVeil|Modest||F|||50|]Sneasler||WhiteHerb|Unburden|Protect,CloseCombat,DireClaw,FakeOut|Adamant||M|||50|]Kingambit||ChopleBerry|Defiant|Protect,KowtowCleave,SuckerPunch,IronHead|Adamant||M|||50|]Garchomp||LifeOrb|RoughSkin|Protect,DragonClaw,Earthquake,RockSlide|Jolly||M|||50|]Talonflame||SharpBeak|GaleWings|Protect,FlareBlitz,BraveBird,Tailwind|Jolly||M|||50|]Rotom-Wash||SitrusBerry|Levitate|Thunderbolt,VoltSwitch,HydroPump,WillOWisp|Modest|||||50|
|showteam|p2|Basculegion||MysticWater|Adaptability|WaveCrash,LastRespects,AquaJet,Protect|Adamant||M|||50|]Floette-Eternal||Floettite|FlowerVeil|Moonblast,DazzlingGleam,LightofRuin,Protect|Timid||F|||50|]Whimsicott||FocusSash|Prankster|Moonblast,Tailwind,Encore,Protect|Timid||F|||50|]Garchomp||LifeOrb|RoughSkin|Earthquake,DragonClaw,RockSlide,Protect|Jolly||M|||50|]Charizard||CharizarditeY|Blaze|HeatWave,SolarBeam,WeatherBall,Protect|Modest||M|||50|]Kingambit||ChopleBerry|Defiant|SuckerPunch,KowtowCleave,IronHead,LowKick|Adamant||F|||50|
|inactive|Battle timer is ON: inactive players will automatically lose when time's up. (requested by Snowball_seer)
|inactive|liamvgc1 has 60 seconds left.
|
|t:|1783534073
|teamsize|p1|4
|teamsize|p2|4
|start
|switch|p1a: Garchomp|Garchomp, L50, M|100/100
|switch|p1b: Rotom|Rotom-Wash, L50|100/100
|switch|p2a: Whimsicott|Whimsicott, L50, F|100/100
|switch|p2b: Charizard|Charizard, L50, M|100/100
|turn|1
|
|t:|1783534097
|move|p2b: Charizard|Protect|p2b: Charizard
|-singleturn|p2b: Charizard|Protect
|move|p2a: Whimsicott|Tailwind|p2a: Whimsicott
|-sidestart|p2: liamvgc1|move: Tailwind
|move|p1a: Garchomp|Rock Slide|p2a: Whimsicott|[spread] p2a
|-activate|p2b: Charizard|move: Protect
|-damage|p2a: Whimsicott|64/100
|-damage|p1a: Garchomp|90/100|[from] item: Life Orb
|move|p1b: Rotom|Volt Switch|p2a: Whimsicott
|-resisted|p2a: Whimsicott|1
|-damage|p2a: Whimsicott|37/100
|
|t:|1783534107
|switch|p1b: Talonflame|Talonflame, L50, M, shiny|100/100|[from] Volt Switch
|
|upkeep
|turn|2
|
|t:|1783534139
|switch|p2b: Kingambit|Kingambit, L50, F|100/100
|switch|p1a: Rotom|Rotom-Wash, L50|100/100
|move|p1b: Talonflame|Tailwind|p1b: Talonflame
|-sidestart|p1: Snowball_seer|move: Tailwind
|move|p2a: Whimsicott|Moonblast|p1a: Rotom
|-damage|p1a: Rotom|57/100
|
|upkeep
|turn|3
|
|t:|1783534150
|switch|p2b: Charizard|Charizard, L50, M|100/100
|move|p2a: Whimsicott|Protect|p2a: Whimsicott
|-singleturn|p2a: Whimsicott|Protect
|move|p1b: Talonflame|Brave Bird|p2a: Whimsicott
|-activate|p2a: Whimsicott|move: Protect
|move|p1a: Rotom|Will-O-Wisp|p2b: Charizard
|-immune|p2b: Charizard
|
|upkeep
|turn|4
|inactive|Snowball_seer has 30 seconds left.
|inactive|Snowball_seer has 20 seconds left.
|
|t:|1783534188
|switch|p2a: Kingambit|Kingambit, L50, F|100/100
|detailschange|p2b: Charizard|Charizard-Mega-Y, L50, M
|-mega|p2b: Charizard|Charizard|Charizardite Y
|-weather|SunnyDay|[from] ability: Drought|[of] p2b: Charizard
|move|p1b: Talonflame|Brave Bird|p2a: Kingambit
|-resisted|p2a: Kingambit|1
|-damage|p2a: Kingambit|80/100
|-damage|p1b: Talonflame|91/100|[from] Recoil
|move|p2b: Charizard|Weather Ball|p1b: Talonflame
|-resisted|p1b: Talonflame|1
|-damage|p1b: Talonflame|22/100
|move|p1a: Rotom|Volt Switch|p2b: Charizard
|-supereffective|p2b: Charizard|1
|-damage|p2b: Charizard|44/100
|
|t:|1783534196
|switch|p1a: Garchomp|Garchomp, L50, M|90/100|[from] Volt Switch
|
|-weather|SunnyDay|[upkeep]
|-sideend|p2: liamvgc1|move: Tailwind
|upkeep
|turn|5
|inactive|Snowball_seer has 30 seconds left.
|inactive|Snowball_seer has 20 seconds left.
|inactive|Snowball_seer has 15 seconds left.
|
|t:|1783534237
|move|p2a: Kingambit|Sucker Punch||[still]
|-fail|p2a: Kingambit
|move|p1b: Talonflame|Tailwind||[still]
|-fail|p1b: Talonflame
|move|p1a: Garchomp|Earthquake|p2b: Charizard|[spread] p2a
|-immune|p1b: Talonflame
|-immune|p2b: Charizard
|-supereffective|p2a: Kingambit|1
|-damage|p2a: Kingambit|1/100
|-damage|p1a: Garchomp|80/100|[from] item: Life Orb
|move|p2b: Charizard|Solar Beam||[still]
|-prepare|p2b: Charizard|Solar Beam
|-anim|p2b: Charizard|Solar Beam|p1a: Garchomp
|-damage|p1a: Garchomp|25/100
|
|-weather|SunnyDay|[upkeep]
|-sideend|p1: Snowball_seer|move: Tailwind
|upkeep
|turn|6
|
|t:|1783534253
|move|p2a: Kingambit|Sucker Punch|p1a: Garchomp
|-damage|p1a: Garchomp|0 fnt
|-damage|p2a: Kingambit|0 fnt|[from] ability: Rough Skin|[of] p1a: Garchomp
|faint|p1a: Garchomp
|faint|p2a: Kingambit
|move|p1b: Talonflame|Tailwind|p1b: Talonflame
|-sidestart|p1: Snowball_seer|move: Tailwind
|move|p2b: Charizard|Weather Ball|p1b: Talonflame
|-resisted|p1b: Talonflame|1
|-damage|p1b: Talonflame|0 fnt
|faint|p1b: Talonflame
|
|-weather|SunnyDay|[upkeep]
|upkeep
|
|t:|1783534260
|switch|p1b: Froslass|Froslass, L50, F, shiny|100/100
|switch|p1a: Rotom|Rotom-Wash, L50|57/100
|switch|p2a: Whimsicott|Whimsicott, L50, F|37/100
|turn|7
|
|t:|1783534270
|move|p2a: Whimsicott|Protect|p2a: Whimsicott
|-singleturn|p2a: Whimsicott|Protect
|move|p2b: Charizard|Protect|p2b: Charizard
|-singleturn|p2b: Charizard|Protect
|move|p1b: Froslass|Shadow Ball|p2a: Whimsicott
|-activate|p2a: Whimsicott|move: Protect
|move|p1a: Rotom|Thunderbolt|p2b: Charizard
|-activate|p2b: Charizard|move: Protect
|
|-weather|SunnyDay|[upkeep]
|upkeep
|turn|8
|inactive|Snowball_seer has 30 seconds left.
|inactive|liamvgc1 has 30 seconds left.
|inactive|liamvgc1 has 20 seconds left.
|inactive|liamvgc1 has 15 seconds left.
|
|t:|1783534310
|switch|p2b: Garchomp|Garchomp, L50, M|100/100
|detailschange|p1b: Froslass|Froslass-Mega, L50, F, shiny
|-mega|p1b: Froslass|Froslass|Froslassite
|-weather|Snowscape|[from] ability: Snow Warning|[of] p1b: Froslass
|move|p2a: Whimsicott|Encore|p1b: Froslass
|-start|p1b: Froslass|Encore
|move|p1b: Froslass|Shadow Ball|p2b: Garchomp
|-damage|p2b: Garchomp|59/100
|move|p1a: Rotom|Thunderbolt|p2b: Garchomp
|-immune|p2b: Garchomp
|
|-weather|Snowscape|[upkeep]
|upkeep
|turn|9
|inactive|Snowball_seer has 30 seconds left.
|inactive|liamvgc1 has 30 seconds left.
|
|t:|1783534343
|move|p2a: Whimsicott|Tailwind|p2a: Whimsicott
|-sidestart|p2: liamvgc1|move: Tailwind
|move|p1b: Froslass|Shadow Ball|p2a: Whimsicott
|-damage|p2a: Whimsicott|0 fnt
|faint|p2a: Whimsicott
|move|p2b: Garchomp|Dragon Claw|p1b: Froslass
|-damage|p1b: Froslass|55/100
|-damage|p2b: Garchomp|50/100y|[from] item: Life Orb
|move|p1a: Rotom|Will-O-Wisp|p2b: Garchomp
|-status|p2b: Garchomp|brn
|
|-weather|Snowscape|[upkeep]
|-damage|p2b: Garchomp|43/100 brn|[from] brn
|-sideend|p1: Snowball_seer|move: Tailwind
|upkeep
|
|t:|1783534348
|switch|p2a: Charizard|Charizard-Mega-Y, L50, M|44/100
|-weather|SunnyDay|[from] ability: Drought|[of] p2a: Charizard
|turn|10
|
|t:|1783534372
|move|p2b: Garchomp|Dragon Claw|p1b: Froslass
|-damage|p1b: Froslass|20/100y
|-damage|p2b: Garchomp|34/100 brn|[from] item: Life Orb
|move|p2a: Charizard|Solar Beam||[still]
|-prepare|p2a: Charizard|Solar Beam
|-anim|p2a: Charizard|Solar Beam|p1a: Rotom
|-supereffective|p1a: Rotom|1
|-damage|p1a: Rotom|0 fnt
|faint|p1a: Rotom
|move|p1b: Froslass|Shadow Ball|p2a: Charizard
|-damage|p2a: Charizard|8/100
|
|-weather|SunnyDay|[upkeep]
|-damage|p2b: Garchomp|28/100 brn|[from] brn
|-end|p1b: Froslass|Encore
|upkeep
|turn|11
|
|t:|1783534379
|move|p1b: Froslass|Protect|p1b: Froslass
|-singleturn|p1b: Froslass|Protect
|move|p2b: Garchomp|Dragon Claw|p1b: Froslass
|-activate|p1b: Froslass|move: Protect
|move|p2a: Charizard|Weather Ball|p1b: Froslass
|-activate|p1b: Froslass|move: Protect
|
|-weather|SunnyDay|[upkeep]
|-damage|p2b: Garchomp|21/100 brn|[from] brn
|upkeep
|turn|12
|
|t:|1783534385
|move|p1b: Froslass|Protect||[still]
|-fail|p1b: Froslass
|move|p2b: Garchomp|Dragon Claw|p1b: Froslass
|-damage|p1b: Froslass|0 fnt
|faint|p1b: Froslass
|-damage|p2b: Garchomp|12/100 brn|[from] item: Life Orb
|
|win|liamvgc1
||Snowball_seer is ready for game 2.
||liamvgc1 is ready for game 2.
|uhtml|next|Next: Game 2 of 3
|l|☆liamvgc1
|player|p2|
|l|☆Snowball_seer
|player|p1|
|j|☆liamvgc1
|player|p2|liamvgc1|giovanni|
