|j|☆jacre22
|j|☆SlowH-amurott
|html|jacre22SlowH-amurott    
|uhtml|bestof|Game 2 of a best-of-3
|t:|1756177482
|gametype|doubles
|player|p1|jacre22|iris-gen5bw2|1326
|player|p2|SlowH-amurott|birdkeeper-gen4dp|1208
|gen|9
|tier|[Gen 9] VGC 2025 Reg H (Bo3)
|rated|
|rule|Species Clause: Limit one of each Pokémon
|rule|Item Clause: Limit 1 of each item
|clearpoke
|poke|p1|Whimsicott, L50, F|
|poke|p1|Garchomp, L50, F|
|poke|p1|Gholdengo, L50|
|poke|p1|Incineroar, L50, M|
|poke|p1|Sneasler, L50, F|
|poke|p1|Dragonite, L50, M|
|poke|p2|Volcarona, L50, F|
|poke|p2|Samurott-Hisui, L50, M|
|poke|p2|Gholdengo, L50|
|poke|p2|Sneasler, L50, F|
|poke|p2|Ursaluna-Bloodmoon, L50, M|
|poke|p2|Indeedee, L50, M|
|teampreview|4
|showteam|p1|Whimsicott||FocusSash|Prankster|Moonblast,Tailwind,Encore,Protect|||F|||50|,,,,,Ghost]Garchomp||LifeOrb|RoughSkin|Earthquake,DragonClaw,StompingTantrum,Protect|||F|||50|,,,,,Ground]Gholdengo||ChoiceSpecs|GoodasGold|MakeItRain,ShadowBall,Trick,PowerGem||||||50|,,,,,Steel]Incineroar||AssaultVest|Intimidate|FakeOut,FlareBlitz,KnockOff,Uturn|||M|||50|,,,,,Grass]Sneasler||WhiteHerb|Unburden|FakeOut,DireClaw,CloseCombat,Protect|||F|||50|,,,,,Stellar]Dragonite||ChoiceBand|InnerFocus|ExtremeSpeed,Outrage,IceSpinner,StompingTantrum|||M|||50|,,,,,Normal
|showteam|p2|Volcarona||SitrusBerry|FlameBody|FieryDance,StruggleBug,Tailwind,RagePowder|||F|||50|,,,,,Dragon]Samurott-Hisui||AssaultVest|Sharpness|AquaCutter,SacredSword,SuckerPunch,FlipTurn|||M|||50|,,,,,Ghost]Gholdengo||MetalCoat|GoodasGold|MakeItRain,ShadowBall,NastyPlot,Protect||||||50|,,,,,Water]Sneasler||PsychicSeed|Unburden|DireClaw,CloseCombat,ThroatChop,Protect|||F|||50|,,,,,Dark]Ursaluna-Bloodmoon||LifeOrb|MindsEye|BloodMoon,HyperVoice,EarthPower,Protect|||M|||50|,,,,,Normal]Indeedee||FocusSash|PsychicSurge|ExpandingForce,Encore,Imprison,TrickRoom|||M|||50|,,,,,Psychic
|
|t:|1756177496
|teamsize|p1|4
|teamsize|p2|4
|start
|switch|p1a: Whimsicott|Whimsicott, L50, F|100/100
|switch|p1b: Gholdengo|Gholdengo, L50|100/100
|switch|p2a: Longclaw|Sneasler, L50, F, shiny|100/100
|switch|p2b: MDD|Indeedee, L50, M, shiny|100/100
|-fieldstart|move: Psychic Terrain|[from] ability: Psychic Surge|[of] p2b: MDD
|-enditem|p2a: Longclaw|Psychic Seed
|-boost|p2a: Longclaw|spd|1|[from] item: Psychic Seed
|turn|1
|
|t:|1756177510
|-terastallize|p1b: Gholdengo|Steel
|move|p1a: Whimsicott|Tailwind|p1a: Whimsicott
|-sidestart|p1: jacre22|move: Tailwind
|move|p2a: Longclaw|Dire Claw|p1a: Whimsicott
|-supereffective|p1a: Whimsicott
|-enditem|p1a: Whimsicott|Focus Sash
|-damage|p1a: Whimsicott|1/100
|move|p1b: Gholdengo|Make It Rain|p2a: Longclaw|[spread] p2a,p2b
|-damage|p2a: Longclaw|15/100
|-enditem|p2b: MDD|Focus Sash
|-damage|p2b: MDD|1/100
|-unboost|p1b: Gholdengo|spa|1
|move|p2b: MDD|Expanding Force|p1b: Gholdengo|[spread] p1a,p1b
|-resisted|p1b: Gholdengo
|-damage|p1a: Whimsicott|0 fnt
|-damage|p1b: Gholdengo|72/100
|faint|p1a: Whimsicott
|
|upkeep
|
|t:|1756177535
|switch|p1a: Dragonite|Dragonite, L50, M|100/100
|turn|2
|
|t:|1756177555
|move|p2a: Longclaw|Close Combat|p1b: Gholdengo
|-supereffective|p1b: Gholdengo
|-damage|p1b: Gholdengo|0 fnt
|-unboost|p2a: Longclaw|def|1
|-unboost|p2a: Longclaw|spd|1
|faint|p1b: Gholdengo
|move|p1a: Dragonite|Ice Spinner|p2a: Longclaw
|-damage|p2a: Longclaw|0 fnt
|-fieldend|move: Psychic Terrain
|faint|p2a: Longclaw
|move|p2b: MDD|Trick Room|p2b: MDD
|-fieldstart|move: Trick Room|[of] p2b: MDD
|
|upkeep
|
|t:|1756177567
|switch|p1b: Incineroar|Incineroar, L50, M|100/100
|switch|p2a: Shamonerona|Volcarona, L50, F, shiny|100/100
|-ability|p1b: Incineroar|Intimidate|boost
|-unboost|p2a: Shamonerona|atk|1
|-unboost|p2b: MDD|atk|1
|turn|3
|
|t:|1756177585
|move|p1b: Incineroar|Fake Out|p2b: MDD
|-damage|p2b: MDD|0 fnt
|faint|p2b: MDD
|move|p2a: Shamonerona|Fiery Dance|p1a: Dragonite
|-resisted|p1a: Dragonite
|-damage|p1a: Dragonite|85/100
|-boost|p2a: Shamonerona|spa|1
|move|p1a: Dragonite|Ice Spinner|p2a: Shamonerona
|-resisted|p2a: Shamonerona
|-damage|p2a: Shamonerona|77/100
|
|upkeep
|
|t:|1756177589
|switch|p2b: Luna Sangre|Ursaluna-Bloodmoon, L50, M|100/100
|turn|4
|
|t:|1756177599
|-terastallize|p2b: Luna Sangre|Normal
|move|p2b: Luna Sangre|Blood Moon|p1a: Dragonite
|-damage|p1a: Dragonite|0 fnt
|faint|p1a: Dragonite
|-damage|p2b: Luna Sangre|91/100|[from] item: Life Orb
|move|p2a: Shamonerona|Fiery Dance|p1b: Incineroar
|-resisted|p1b: Incineroar
|-damage|p1b: Incineroar|82/100
|move|p1b: Incineroar|Flare Blitz|p2a: Shamonerona
|-damage|p2a: Shamonerona|21/100
|-enditem|p2a: Shamonerona|Sitrus Berry|[eat]
|-heal|p2a: Shamonerona|46/100|[from] item: Sitrus Berry
|-damage|p1b: Incineroar|64/100|[from] Recoil
|
|-sideend|p1: jacre22|move: Tailwind
|upkeep
|turn|5
|c|☆jacre22|ggs
|
|t:|1756177621
|move|p2b: Luna Sangre|Earth Power|p1b: Incineroar
|-supereffective|p1b: Incineroar
|-damage|p1b: Incineroar|0 fnt
|faint|p1b: Incineroar
|-damage|p2b: Luna Sangre|81/100|[from] item: Life Orb
|
|win|SlowH-amurott
|raw|jacre22's rating: 1326 → 1299(-27 for losing)
|raw|SlowH-amurott's rating: 1208 → 1241(+33 for winning)
|c|☆SlowH-amurott|Ggs
