|j|☆Lorido
|j|‽Sparkles1755
|html|LoridoSparkles1755    
|uhtml|bestof|Game 2 of a best-of-3
|t:|1785334901
|gametype|doubles
|player|p1|Lorido|170|1338
|player|p2|Sparkles1755|veteran|1226
|gen|9
|tier|[Gen 9 Champions] VGC 2026 Reg M-B (Bo3)
|rated|
|rule|Species Clause: Limit one of each Pokémon
|rule|Item Clause: Limit 1 of each item
|clearpoke
|poke|p1|Delphox, L50, F|
|poke|p1|Incineroar, L50, M|
|poke|p1|Floette-Eternal, L50, F|
|poke|p1|Kingambit, L50, F|
|poke|p1|Sinistcha, L50|
|poke|p1|Sneasler, L50, M|
|poke|p2|Delphox, L50, M|
|poke|p2|Garchomp, L50, M|
|poke|p2|Tyranitar, L50, M|
|poke|p2|Annihilape, L50, F|
|poke|p2|Sneasler, L50, F|
|poke|p2|Whimsicott, L50, M, shiny|
|teampreview|4
|showteam|p1|Delphox||Delphoxite|Blaze|HeatWave,Psychic,NastyPlot,Protect|Timid||F|||50|]Incineroar||SitrusBerry|Intimidate|FlareBlitz,DarkestLariat,FakeOut,PartingShot|Careful||M|||50|]Floette-Eternal||Floettite|FlowerVeil|DazzlingGleam,DrainingKiss,CalmMind,Protect|Bold||F|||50|]Kingambit||BlackGlasses|Defiant|KowtowCleave,SuckerPunch,SwordsDance,Protect|Adamant||F|||50|]Sinistcha||OccaBerry|Hospitality|MatchaGotcha,RagePowder,TrickRoom,Protect|Bold|||||50|]Sneasler||FocusSash|PoisonTouch|CloseCombat,PoisonJab,FakeOut,QuickGuard|Jolly||M|||50|
|showteam|p2|Delphox||Delphoxite|Blaze|HeatWave,Psyshock,NastyPlot,Protect|Timid||M|||50|]Garchomp||Garchompite|RoughSkin|EarthPower,DracoMeteor,PowerGem,Protect|Modest||M|||50|]Tyranitar||ChoiceScarf|SandStream|RockSlide,KnockOff,LowKick,IcePunch|Jolly||M|||50|]Annihilape||LifeOrb|Defiant|CloseCombat,PhantomForce,Taunt,Protect|Jolly||F|||50|]Sneasler||WhiteHerb|Unburden|CloseCombat,DireClaw,FakeOut,Protect|Jolly||F|||50|]Whimsicott||FocusSash|Prankster|EnergyBall,Tailwind,Encore,Protect|Timid||M|||50|
|inactive|Battle timer is ON: inactive players will automatically lose when time's up. (requested by Sparkles1755)
|inactive|Lorido has 60 seconds left.
|inactive|Sparkles1755 has 60 seconds left.
|
|t:|1785334940
|teamsize|p1|4
|teamsize|p2|4
|start
|switch|p1a: Delphox|Delphox, L50, F|100/100
|switch|p1b: Sinistcha|Sinistcha, L50|100/100
|switch|p2a: Garchomp|Garchomp, L50, M|100/100
|switch|p2b: Sneasler|Sneasler, L50, F|100/100
|turn|1
|inactive|Sparkles1755 has 30 seconds left.
|
|t:|1785334971
|switch|p2a: Tyranitar|Tyranitar, L50, M|100/100
|-weather|Sandstorm|[from] ability: Sand Stream|[of] p2a: Tyranitar
|move|p1a: Delphox|Protect|p1a: Delphox
|-singleturn|p1a: Delphox|Protect
|move|p2b: Sneasler|Fake Out|p1a: Delphox
|-activate|p1a: Delphox|move: Protect
|move|p1b: Sinistcha|Matcha Gotcha|p2a: Tyranitar|[spread] p2a,p2b
|-supereffective|p2a: Tyranitar|1
|-resisted|p2b: Sneasler|1
|-crit|p2b: Sneasler
|-damage|p2a: Tyranitar|64/100
|-damage|p2b: Sneasler|73/100
|
|-weather|Sandstorm|[upkeep]
|-damage|p2b: Sneasler|68/100|[from] Sandstorm
|-damage|p1a: Delphox|93/100|[from] Sandstorm
|-damage|p1b: Sinistcha|93/100|[from] Sandstorm
|upkeep
|turn|2
|
|t:|1785334996
|switch|p1a: Incineroar|Incineroar, L50, M|100/100
|-ability|p1a: Incineroar|Intimidate|boost
|-unboost|p2a: Tyranitar|atk|1
|-unboost|p2b: Sneasler|atk|1
|-enditem|p2b: Sneasler|White Herb
|-clearnegativeboost|p2b: Sneasler|[silent]
|move|p2b: Sneasler|Close Combat|p1b: Sinistcha
|-immune|p1b: Sinistcha
|move|p2a: Tyranitar|Rock Slide|p1b: Sinistcha|[spread] p1a,p1b
|-supereffective|p1a: Incineroar|1
|-damage|p1a: Incineroar|66/100
|-damage|p1b: Sinistcha|76/100
|move|p1b: Sinistcha|Matcha Gotcha|p2b: Sneasler|[spread] p2b
|-miss|p1b: Sinistcha|p2a: Tyranitar
|-resisted|p2b: Sneasler|1
|-damage|p2b: Sneasler|50/100g
|-heal|p1b: Sinistcha|84/100|[from] drain|[of] p2b: Sneasler
|-status|p2b: Sneasler|brn
|
|-weather|Sandstorm|[upkeep]
|-damage|p2b: Sneasler|45/100 brn|[from] Sandstorm
|-damage|p1b: Sinistcha|78/100|[from] Sandstorm
|-damage|p1a: Incineroar|60/100|[from] Sandstorm
|-damage|p2b: Sneasler|39/100 brn|[from] brn
|upkeep
|turn|3
|
|t:|1785335016
|switch|p2a: Garchomp|Garchomp, L50, M|100/100
|move|p2b: Sneasler|Protect|p2b: Sneasler
|-singleturn|p2b: Sneasler|Protect
|move|p1a: Incineroar|Fake Out|p2a: Garchomp
|-damage|p2a: Garchomp|90/100
|-damage|p1a: Incineroar|48/100|[from] ability: Rough Skin|[of] p2a: Garchomp
|-enditem|p1a: Incineroar|Sitrus Berry|[eat]
|-heal|p1a: Incineroar|72/100|[from] item: Sitrus Berry
|move|p1b: Sinistcha|Rage Powder|p1b: Sinistcha
|-singleturn|p1b: Sinistcha|move: Rage Powder
|
|-weather|Sandstorm|[upkeep]
|-damage|p2b: Sneasler|33/100 brn|[from] Sandstorm
|-damage|p1b: Sinistcha|72/100|[from] Sandstorm
|-damage|p1a: Incineroar|66/100|[from] Sandstorm
|-damage|p2b: Sneasler|28/100 brn|[from] brn
|upkeep
|turn|4
|
|t:|1785335040
|switch|p1a: Sneasler|Sneasler, L50, M|100/100
|detailschange|p2a: Garchomp|Garchomp-Mega, L50, M
|-mega|p2a: Garchomp|Garchomp|Garchompite
|move|p2b: Sneasler|Dire Claw|p1b: Sinistcha
|-damage|p1b: Sinistcha|54/100
|move|p2a: Garchomp|Earth Power|p1a: Sneasler
|-supereffective|p1a: Sneasler|1
|-enditem|p1a: Sneasler|Focus Sash
|-damage|p1a: Sneasler|1/100
|move|p1b: Sinistcha|Matcha Gotcha|p2a: Garchomp|[spread] p2a,p2b
|-resisted|p2b: Sneasler|1
|-crit|p2b: Sneasler
|-damage|p2a: Garchomp|66/100
|-heal|p1b: Sinistcha|67/100|[from] drain|[of] p2a: Garchomp
|-damage|p2b: Sneasler|1/100 brn
|-heal|p1b: Sinistcha|79/100|[from] drain|[of] p2b: Sneasler
|
|-weather|Sandstorm|[upkeep]
|-damage|p2b: Sneasler|0 fnt|[from] Sandstorm
|-damage|p1a: Sneasler|0 fnt|[from] Sandstorm
|-damage|p1b: Sinistcha|73/100|[from] Sandstorm
|faint|p2b: Sneasler
|faint|p1a: Sneasler
|upkeep
|
|t:|1785335056
|switch|p2b: Tyranitar|Tyranitar, L50, M|64/100
|switch|p1a: Delphox|Delphox, L50, F|93/100
|turn|5
|
|t:|1785335066
|switch|p1a: Incineroar|Incineroar, L50, M|66/100
|-ability|p1a: Incineroar|Intimidate|boost
|-unboost|p2a: Garchomp|atk|1
|-unboost|p2b: Tyranitar|atk|1
|move|p2b: Tyranitar|Rock Slide|p1a: Incineroar|[spread] p1a,p1b
|-supereffective|p1a: Incineroar|1
|-damage|p1a: Incineroar|36/100
|-damage|p1b: Sinistcha|56/100
|move|p2a: Garchomp|Earth Power|p1b: Sinistcha
|-resisted|p1b: Sinistcha|1
|-damage|p1b: Sinistcha|22/100
|move|p1b: Sinistcha|Matcha Gotcha|p2a: Garchomp|[spread] p2a,p2b
|-supereffective|p2b: Tyranitar|1
|-damage|p2a: Garchomp|44/100
|-heal|p1b: Sinistcha|34/100|[from] drain|[of] p2a: Garchomp
|-damage|p2b: Tyranitar|34/100
|-heal|p1b: Sinistcha|50/100y|[from] drain|[of] p2b: Tyranitar
|-status|p2a: Garchomp|brn
|
|-weather|none
|-damage|p2a: Garchomp|37/100 brn|[from] brn
|upkeep
|turn|6
|inactive|Lorido has 30 seconds left.
|
|t:|1785335094
|move|p1a: Incineroar|Fake Out|p2a: Garchomp
|-damage|p2a: Garchomp|29/100 brn
|move|p2b: Tyranitar|Rock Slide|p1b: Sinistcha|[spread] p1a,p1b
|-supereffective|p1a: Incineroar|1
|-damage|p1a: Incineroar|5/100
|-damage|p1b: Sinistcha|34/100
|cant|p2a: Garchomp|flinch
|move|p1b: Sinistcha|Matcha Gotcha|p2b: Tyranitar|[spread] p2a,p2b
|-supereffective|p2b: Tyranitar|1
|-damage|p2a: Garchomp|5/100 brn
|-heal|p1b: Sinistcha|47/100|[from] drain|[of] p2a: Garchomp
|-damage|p2b: Tyranitar|0 fnt
|-heal|p1b: Sinistcha|65/100|[from] drain|[of] p2b: Tyranitar
|faint|p2b: Tyranitar
|
|-damage|p2a: Garchomp|0 fnt|[from] brn
|faint|p2a: Garchomp
|upkeep
|-message|Sparkles1755 forfeited.
|
|win|Lorido
|raw|Lorido's rating: 1338 → 1352(+14 for winning)
|raw|Sparkles1755's rating: 1226 → 1209(-17 for losing)
|l|‽Sparkles1755
|player|p2|
