|j|☆fcjavic01
|j|☆komsu
|html|fcjavic01komsu    
|uhtml|bestof|Game 2 of a best-of-3
|t:|1785158321
|gametype|doubles
|player|p1|fcjavic01|ninjaboy|1420
|player|p2|komsu|gambler|1326
|gen|9
|tier|[Gen 9 Champions] VGC 2026 Reg M-B (Bo3)
|rated|
|rule|Species Clause: Limit one of each Pokémon
|rule|Item Clause: Limit 1 of each item
|clearpoke
|poke|p1|Charizard, L50, F|
|poke|p1|Venusaur, L50, M|
|poke|p1|Sinistcha, L50|
|poke|p1|Incineroar, L50, F|
|poke|p1|Floette-Eternal, L50, F|
|poke|p1|Garchomp, L50, F|
|poke|p2|Tyranitar, L50, M|
|poke|p2|Excadrill, L50, F|
|poke|p2|Kommo-o, L50, F|
|poke|p2|Milotic, L50, F|
|poke|p2|Scizor, L50, F|
|poke|p2|Sinistcha-Masterpiece, L50|
|teampreview|4
|showteam|p1|Charizard||CharizarditeY|Blaze|Protect,HelpingHand,WeatherBall,HeatWave|Modest||F|||50|]Venusaur||FocusSash|Chlorophyll|SludgeBomb,LeafStorm,Protect,SleepPowder|Timid||M|||50|]Sinistcha||ColburBerry|Hospitality|TrickRoom,Protect,MatchaGotcha,RagePowder|Relaxed|||||50|]Incineroar||SitrusBerry|Intimidate|FakeOut,FlareBlitz,ThroatChop,PartingShot|Impish||F|||50|]Floette-Eternal||Floettite|FlowerVeil|DazzlingGleam,Protect,DrainingKiss,CalmMind|Modest||F|||50|]Garchomp||ChoiceScarf|RoughSkin|Earthquake,RockSlide,DragonClaw,StompingTantrum|Adamant||F|||50|
|showteam|p2|Tyranitar||Tyranitarite|SandStream|RockSlide,KnockOff,LowKick,Protect|Jolly||M|||50|]Excadrill||FocusSash|SandRush|HighHorsepower,IronHead,RockSlide,Protect|Adamant||F|||50|]Kommo-o||Leftovers|Overcoat|AuraSphere,ClangingScales,Protect,ClangorousSoul|Modest||F|||50|]Milotic||SitrusBerry|Competitive|Scald,IceBeam,Protect,IcyWind|Modest||F|||50|]Scizor||LifeOrb|Technician|BulletPunch,Assurance,DualWingbeat,Protect|Adamant||F|||50|]Sinistcha-Masterpiece||KasibBerry|Hospitality|MatchaGotcha,RagePowder,TrickRoom,Protect|Bold|||||50|
|inactive|Battle timer is ON: inactive players will automatically lose when time's up. (requested by fcjavic01)
|inactive|komsu has 60 seconds left.
|
|t:|1785158358
|teamsize|p1|4
|teamsize|p2|4
|start
|switch|p1a: Floette|Floette-Eternal, L50, F|100/100
|switch|p1b: Sinistcha|Sinistcha, L50|100/100
|switch|p2a: Excadrill|Excadrill, L50, F|100/100
|switch|p2b: Milotic|Milotic, L50, F|100/100
|turn|1
|
|t:|1785158379
|switch|p2b: Tyranitar|Tyranitar, L50, M|100/100
|-weather|Sandstorm|[from] ability: Sand Stream|[of] p2b: Tyranitar
|detailschange|p1a: Floette|Floette-Mega, L50, F
|-mega|p1a: Floette|Floette|Floettite
|-ability|p1a: Floette|Fairy Aura
|move|p1b: Sinistcha|Rage Powder|p1b: Sinistcha
|-singleturn|p1b: Sinistcha|move: Rage Powder
|move|p2a: Excadrill|Rock Slide|p1a: Floette|[spread] p1a,p1b
|-damage|p1a: Floette|73/100
|-damage|p1b: Sinistcha|81/100
|move|p1a: Floette|Calm Mind|p1a: Floette
|-boost|p1a: Floette|spa|1
|-boost|p1a: Floette|spd|1
|
|-weather|Sandstorm|[upkeep]
|-damage|p1a: Floette|67/100|[from] Sandstorm
|-damage|p1b: Sinistcha|75/100|[from] Sandstorm
|upkeep
|turn|2
|
|t:|1785158403
|detailschange|p2b: Tyranitar|Tyranitar-Mega, L50, M
|-mega|p2b: Tyranitar|Tyranitar|Tyranitarite
|move|p1a: Floette|Protect|p1a: Floette
|-singleturn|p1a: Floette|Protect
|move|p2a: Excadrill|Rock Slide|p1b: Sinistcha|[spread] p1b
|-activate|p1a: Floette|move: Protect
|-damage|p1b: Sinistcha|58/100
|move|p2b: Tyranitar|Rock Slide|p1b: Sinistcha|[spread] p1b
|-activate|p1a: Floette|move: Protect
|-damage|p1b: Sinistcha|30/100
|cant|p1b: Sinistcha|flinch
|
|-weather|Sandstorm|[upkeep]
|-damage|p1a: Floette|61/100|[from] Sandstorm
|-damage|p1b: Sinistcha|24/100|[from] Sandstorm
|upkeep
|turn|3
|inactive|komsu has 30 seconds left.
|
|t:|1785158430
|switch|p2a: Milotic|Milotic, L50, F|100/100
|switch|p1b: Incineroar|Incineroar, L50, F|100/100
|-ability|p1b: Incineroar|Intimidate|boost
|-unboost|p2a: Milotic|atk|1
|-ability|p2a: Milotic|Competitive|boost
|-boost|p2a: Milotic|spa|2
|-unboost|p2b: Tyranitar|atk|1
|move|p1a: Floette|Draining Kiss|p2b: Tyranitar
|-supereffective|p2b: Tyranitar|1
|-damage|p2b: Tyranitar|32/100
|-heal|p1a: Floette|100/100|[from] drain|[of] p2b: Tyranitar
|move|p2b: Tyranitar|Rock Slide|p1a: Floette|[spread] p1a,p1b
|-supereffective|p1b: Incineroar|1
|-damage|p1a: Floette|74/100
|-damage|p1b: Incineroar|70/100
|
|-weather|Sandstorm|[upkeep]
|-damage|p1a: Floette|68/100|[from] Sandstorm
|-damage|p2a: Milotic|94/100|[from] Sandstorm
|-damage|p1b: Incineroar|64/100|[from] Sandstorm
|upkeep
|turn|4
|
|t:|1785158453
|move|p2b: Tyranitar|Protect|p2b: Tyranitar
|-singleturn|p2b: Tyranitar|Protect
|move|p1b: Incineroar|Fake Out|p2a: Milotic
|-damage|p2a: Milotic|83/100
|move|p1a: Floette|Calm Mind|p1a: Floette
|-boost|p1a: Floette|spa|1
|-boost|p1a: Floette|spd|1
|cant|p2a: Milotic|flinch
|
|-weather|Sandstorm|[upkeep]
|-damage|p1a: Floette|62/100|[from] Sandstorm
|-damage|p2a: Milotic|77/100|[from] Sandstorm
|-damage|p1b: Incineroar|58/100|[from] Sandstorm
|upkeep
|turn|5
|
|t:|1785158472
|move|p1a: Floette|Draining Kiss|p2a: Milotic
|-damage|p2a: Milotic|9/100
|-heal|p1a: Floette|100/100|[from] drain|[of] p2a: Milotic
|-enditem|p2a: Milotic|Sitrus Berry|[eat]
|-heal|p2a: Milotic|34/100|[from] item: Sitrus Berry
|move|p2b: Tyranitar|Rock Slide|p1a: Floette|[spread] p1a,p1b
|-supereffective|p1b: Incineroar|1
|-damage|p1a: Floette|76/100
|-damage|p1b: Incineroar|22/100
|-enditem|p1b: Incineroar|Sitrus Berry|[eat]
|-heal|p1b: Incineroar|47/100|[from] item: Sitrus Berry
|move|p2a: Milotic|Icy Wind|p1a: Floette|[spread] p1a,p1b
|-resisted|p1b: Incineroar|1
|-damage|p1a: Floette|66/100
|-damage|p1b: Incineroar|37/100
|-unboost|p1a: Floette|spe|1
|-unboost|p1b: Incineroar|spe|1
|cant|p1b: Incineroar|flinch
|
|-weather|none
|upkeep
|turn|6
|inactive|komsu has 30 seconds left.
|inactive|komsu has 20 seconds left.
|inactive|komsu has 15 seconds left.
|inactive|komsu has 10 seconds left.
|
|t:|1785158521
|switch|p2b: Excadrill|Excadrill, L50, F|100/100
|switch|p1b: Sinistcha|Sinistcha, L50|24/100
|-heal|p1a: Floette|91/100|[from] ability: Hospitality|[of] p1b: Sinistcha
|move|p2a: Milotic|Scald|p1b: Sinistcha
|-resisted|p1b: Sinistcha|1
|-damage|p1b: Sinistcha|0 fnt
|faint|p1b: Sinistcha
|move|p1a: Floette|Dazzling Gleam|p2b: Excadrill|[spread] p2a,p2b
|-resisted|p2b: Excadrill|1
|-damage|p2a: Milotic|0 fnt
|-damage|p2b: Excadrill|32/100
|faint|p2a: Milotic
|
|upkeep
|inactive|fcjavic01 has 30 seconds left.
|
|t:|1785158551
|switch|p2a: Kommo-o|Kommo-o, L50, F|100/100
|switch|p1b: Incineroar|Incineroar, L50, F|37/100
|-ability|p1b: Incineroar|Intimidate|boost
|-unboost|p2a: Kommo-o|atk|1
|-unboost|p2b: Excadrill|atk|1
|turn|7
|
|t:|1785158562
|move|p2b: Excadrill|Protect|p2b: Excadrill
|-singleturn|p2b: Excadrill|Protect
|move|p1b: Incineroar|Fake Out|p2b: Excadrill
|-activate|p2b: Excadrill|move: Protect
|move|p2a: Kommo-o|Aura Sphere|p1b: Incineroar
|-supereffective|p1b: Incineroar|1
|-damage|p1b: Incineroar|0 fnt
|faint|p1b: Incineroar
|move|p1a: Floette|Dazzling Gleam|p2a: Kommo-o|[spread] p2a
|-activate|p2b: Excadrill|move: Protect
|-supereffective|p2a: Kommo-o|2
|-damage|p2a: Kommo-o|0 fnt
|faint|p2a: Kommo-o
|
|upkeep
|
|t:|1785158569
|switch|p2a: Tyranitar|Tyranitar-Mega, L50, M|32/100
|switch|p1b: Garchomp|Garchomp, L50, F|100/100
|-weather|Sandstorm|[from] ability: Sand Stream|[of] p2a: Tyranitar
|turn|8
|
|t:|1785158586
|move|p2b: Excadrill|Rock Slide|p1a: Floette|[spread] p1a,p1b
|-resisted|p1b: Garchomp|1
|-damage|p1a: Floette|75/100
|-damage|p1b: Garchomp|92/100
|move|p1b: Garchomp|Stomping Tantrum|p2a: Tyranitar
|-supereffective|p2a: Tyranitar|1
|-damage|p2a: Tyranitar|0 fnt
|faint|p2a: Tyranitar
|move|p1a: Floette|Dazzling Gleam|p2b: Excadrill
|-resisted|p2b: Excadrill|1
|-damage|p2b: Excadrill|0 fnt
|faint|p2b: Excadrill
|
|win|fcjavic01
||komsu is ready for game 3.
||fcjavic01 is ready for game 3.
|uhtml|next|Next: Game 3 of 3
|l|☆fcjavic01
|player|p1|
