|j|☆UncAshty
|j|☆Slinky35
|html|UncAshtySlinky35    
|uhtml|bestof|Game 1 of a best-of-3
|t:|1783985275
|gametype|doubles
|player|p1|UncAshty|170|
|player|p2|Slinky35|169|
|gen|9
|tier|[Gen 9 Champions] VGC 2026 Reg M-B (Bo3)
|rule|Species Clause: Limit one of each Pokémon
|rule|Item Clause: Limit 1 of each item
|clearpoke
|poke|p1|Pelipper, L50, M|
|poke|p1|Palafin, L50, F|
|poke|p1|Swampert, L50, M|
|poke|p1|Raichu, L50, M|
|poke|p1|Toxicroak, L50, F|
|poke|p1|Meganium, L50, F|
|poke|p2|Kingambit, L50, M|
|poke|p2|Gyarados, L50, M|
|poke|p2|Gliscor, L50, M|
|poke|p2|Jolteon, L50, M|
|poke|p2|Vileplume, L50, M|
|poke|p2|Froslass, L50, F|
|teampreview|4
|showteam|p1|Pelipper||DampRock|Drizzle|Hurricane,Tailwind,WideGuard,Surf|Modest||M|||50|]Palafin||MysticWater|ZerotoHero|JetPunch,WaveCrash,Protect,CloseCombat|Jolly||F|||50|]Swampert||Swampertite|Torrent|Earthquake,IcePunch,Protect,Liquidation|Adamant||M|||50|]Raichu||FocusSash|LightningRod|FakeOut,Nuzzle,Thunder,Protect|Hasty||M|||50|]Toxicroak||Leftovers|DrySkin|FakeOut,CloseCombat,IcePunch,Protect|Jolly||F|||50|]Meganium||Meganiumite|Overgrow|Reflect,LightScreen,GigaDrain,LeechSeed|Calm||F|||50|
|showteam|p2|Kingambit||BlackGlasses|SupremeOverlord|KowtowCleave,SuckerPunch,BrickBreak,IronHead|Adamant||M|||50|]Gyarados||Leftovers|Intimidate|Waterfall,ThunderWave,IceFang,Protect|Careful||M|||50|]Gliscor||ChestoBerry|SandVeil|Earthquake,RockSlide,Uturn,Protect|Impish||M|||50|]Jolteon||FocusSash|VoltAbsorb|Thunder,WeatherBall,Protect,VoltSwitch|Timid||M|||50|]Vileplume||BrightPowder|EffectSpore|SleepPowder,GigaDrain,SludgeBomb,StrengthSap|Bold||M|||50|]Froslass||Froslassite|SnowCloak|Blizzard,ShadowBall,WillOWisp,DestinyBond|Timid||F|||50|
|
|t:|1783985308
|teamsize|p1|4
|teamsize|p2|4
|start
|switch|p1a: Pelipper|Pelipper, L50, M|100/100
|switch|p1b: Palafin|Palafin, L50, F|100/100
|switch|p2a: Jolteon|Jolteon, L50, M|100/100
|switch|p2b: Vileplume|Vileplume, L50, M|100/100
|-weather|RainDance|[from] ability: Drizzle|[of] p1a: Pelipper
|turn|1
|j| xanian7
|
|t:|1783985342
|move|p1b: Palafin|Protect|p1b: Palafin
|-singleturn|p1b: Palafin|Protect
|move|p2a: Jolteon|Thunder|p1a: Pelipper
|-supereffective|p1a: Pelipper|2
|-damage|p1a: Pelipper|0 fnt
|faint|p1a: Pelipper
|move|p2b: Vileplume|Giga Drain|p1b: Palafin
|-activate|p1b: Palafin|move: Protect
|
|-weather|RainDance|[upkeep]
|upkeep
|
|t:|1783985354
|switch|p1a: Raichu|Raichu, L50, M|100/100
|turn|2
|
|t:|1783985379
|move|p1a: Raichu|Protect|p1a: Raichu
|-singleturn|p1a: Raichu|Protect
|move|p1b: Palafin|Jet Punch|p2a: Jolteon
|-damage|p2a: Jolteon|31/100
|move|p2a: Jolteon|Thunder|p1a: Raichu
|-activate|p1a: Raichu|ability: Lightning Rod
|-activate|p1a: Raichu|move: Protect
|move|p2b: Vileplume|Sleep Powder|p1a: Raichu
|-activate|p1a: Raichu|move: Protect
|
|-weather|RainDance|[upkeep]
|upkeep
|turn|3
|
|t:|1783985405
|move|p1b: Palafin|Jet Punch|p2a: Jolteon
|-damage|p2a: Jolteon|0 fnt
|faint|p2a: Jolteon
|move|p1a: Raichu|Nuzzle|p2b: Vileplume
|-resisted|p2b: Vileplume|1
|-damage|p2b: Vileplume|96/100
|-status|p2b: Vileplume|par
|move|p2b: Vileplume|Giga Drain|p1b: Palafin
|-supereffective|p1b: Palafin|1
|-damage|p1b: Palafin|18/100
|-heal|p2b: Vileplume|100/100 par|[from] drain|[of] p1b: Palafin
|
|-weather|RainDance|[upkeep]
|upkeep
|
|t:|1783985445
|switch|p2a: Kingambit|Kingambit, L50, M|100/100
|-activate|p2a: Kingambit|ability: Supreme Overlord
|-start|p2a: Kingambit|fallen1|[silent]
|turn|4
|
|t:|1783985463
|move|p2a: Kingambit|Sucker Punch|p1a: Raichu
|-enditem|p1a: Raichu|Focus Sash
|-damage|p1a: Raichu|1/100
|move|p1a: Raichu|Thunder|p2a: Kingambit
|-damage|p2a: Kingambit|65/100
|-status|p2a: Kingambit|par
|move|p1b: Palafin|Close Combat|p2a: Kingambit
|-supereffective|p2a: Kingambit|2
|-damage|p2a: Kingambit|0 fnt
|-unboost|p1b: Palafin|def|1
|-unboost|p1b: Palafin|spd|1
|faint|p2a: Kingambit
|-end|p2a: Kingambit|fallen1|[silent]
|move|p2b: Vileplume|Giga Drain|p1b: Palafin
|-supereffective|p1b: Palafin|1
|-damage|p1b: Palafin|0 fnt
|faint|p1b: Palafin
|
|-weather|RainDance|[upkeep]
|upkeep
|
|t:|1783985481
|switch|p1b: Swampert|Swampert, L50, M|100/100
|switch|p2a: Froslass|Froslass, L50, F|100/100
|turn|5
|
|t:|1783985502
|detailschange|p1b: Swampert|Swampert-Mega, L50, M
|-mega|p1b: Swampert|Swampert|Swampertite
|move|p1b: Swampert|Ice Punch|p2b: Vileplume
|-supereffective|p2b: Vileplume|1
|-damage|p2b: Vileplume|52/100 par
|move|p2a: Froslass|Blizzard|p1a: Raichu|[spread] p1a
|-miss|p2a: Froslass|p1b: Swampert
|-damage|p1a: Raichu|0 fnt
|faint|p1a: Raichu
|move|p2b: Vileplume|Giga Drain|p1b: Swampert
|-supereffective|p1b: Swampert|2
|-damage|p1b: Swampert|7/100
|-heal|p2b: Vileplume|100/100 par|[from] drain|[of] p1b: Swampert
|
|-weather|RainDance|[upkeep]
|upkeep
|turn|6
|
|t:|1783985534
|detailschange|p2a: Froslass|Froslass-Mega, L50, F
|-mega|p2a: Froslass|Froslass|Froslassite
|-weather|Snowscape|[from] ability: Snow Warning|[of] p2a: Froslass
|move|p2a: Froslass|Shadow Ball|p1b: Swampert
|-damage|p1b: Swampert|0 fnt
|faint|p1b: Swampert
|
|win|Slinky35
||UncAshty is ready for game 2.
|inactive|Slinky35 has 30 seconds to confirm battle start!
||Slinky35 is ready for game 2.
|uhtml|next|Next: Game 2 of 3
|l|☆UncAshty
|player|p1|
