|j|☆luka1234.4
|j|☆sanjaconpis
|html|luka1234.4sanjaconpis    
|uhtml|bestof|Game 3 of a best-of-3
|t:|1782586347
|gametype|doubles
|player|p1|luka1234.4|rosa|
|player|p2|sanjaconpis|hugh|
|gen|9
|tier|[Gen 9 Champions] VGC 2026 Reg M-B (Bo3)
|rule|Species Clause: Limit one of each Pokémon
|rule|Item Clause: Limit 1 of each item
|clearpoke
|poke|p1|Aerodactyl, L50, F|
|poke|p1|Garchomp, L50, F|
|poke|p1|Charizard, L50, F|
|poke|p1|Sylveon, L50, F|
|poke|p1|Farigiraf, L50, M|
|poke|p1|Kingambit, L50, F|
|poke|p2|Kingambit, L50, F|
|poke|p2|Slowking-Galar, L50, F|
|poke|p2|Abomasnow, L50, M|
|poke|p2|Froslass, L50, F|
|poke|p2|Sylveon, L50, M|
|poke|p2|Ceruledge, L50, F|
|teampreview|4
|showteam|p1|Aerodactyl||Aerodactylite|Unnerve|IceFang,RockSlide,DualWingbeat,Tailwind|Jolly||F|||50|]Garchomp||LifeOrb|RoughSkin|DragonClaw,Earthquake,Protect,RockSlide|Jolly||F|||50|]Charizard||CharizarditeY|Blaze|WeatherBall,Protect,HeatWave,SolarBeam|Timid||F|||50|]Sylveon||FairyFeather|Pixilate|HyperVoice,QuickAttack,HyperBeam,Protect|Sassy||F|||50|]Farigiraf||ColburBerry|ArmorTail|TwinBeam,Protect,HelpingHand,GrassKnot|Calm||M|||50|]Kingambit||FocusSash|Defiant|IronHead,SuckerPunch,LowKick,KowtowCleave|Adamant||F|||50|
|showteam|p2|Kingambit||FocusSash|Defiant|KowtowCleave,SuckerPunch,IronHead,Protect|Adamant||F|||50|]Slowking-Galar||ColburBerry|Regenerator|Psychic,TrickRoom,AcidSpray,ChillingWater|Sassy||F|||50|]Abomasnow||Abomasite|SnowWarning|GigaDrain,Blizzard,EarthPower,Protect|Modest||M|||50|]Froslass||SitrusBerry|SnowCloak|AuroraVeil,Blizzard,ShadowBall,Taunt|Timid||F|||50|]Sylveon||FairyFeather|Pixilate|HyperVoice,QuickAttack,HyperBeam,Detect|Modest||M|||50|]Ceruledge||Charcoal|FlashFire|BitterBlade,ShadowSneak,BulkUp,Protect|Jolly||F|||50|
|
|t:|1782586427
|teamsize|p1|4
|teamsize|p2|4
|start
|switch|p1a: Kingambit|Kingambit, L50, F|100/100
|switch|p1b: Aerodactyl|Aerodactyl, L50, F|100/100
|switch|p2a: Abomasnow|Abomasnow, L50, M|100/100
|switch|p2b: Froslass|Froslass, L50, F|100/100
|-ability|p1b: Aerodactyl|Unnerve
|-weather|Snowscape|[from] ability: Snow Warning|[of] p2a: Abomasnow
|turn|1
|
|t:|1782586474
|switch|p2b: Kingambit|Kingambit, L50, F|100/100
|detailschange|p1b: Aerodactyl|Aerodactyl-Mega, L50, F
|-mega|p1b: Aerodactyl|Aerodactyl|Aerodactylite
|detailschange|p2a: Abomasnow|Abomasnow-Mega, L50, M
|-mega|p2a: Abomasnow|Abomasnow|Abomasite
|move|p1b: Aerodactyl|Tailwind|p1b: Aerodactyl
|-sidestart|p1: luka1234.4|move: Tailwind
|move|p1a: Kingambit|Iron Head|p2b: Kingambit
|-resisted|p2b: Kingambit|1
|-damage|p2b: Kingambit|84/100
|move|p2a: Abomasnow|Earth Power|p1a: Kingambit
|-supereffective|p1a: Kingambit|1
|-damage|p1a: Kingambit|26/100
|
|-weather|Snowscape|[upkeep]
|upkeep
|turn|2
|
|t:|1782586525
|move|p2a: Abomasnow|Protect|p2a: Abomasnow
|-singleturn|p2a: Abomasnow|Protect
|move|p1b: Aerodactyl|Rock Slide|p2a: Abomasnow|[spread] p2b
|-activate|p2a: Abomasnow|move: Protect
|-resisted|p2b: Kingambit|1
|-damage|p2b: Kingambit|72/100
|move|p1a: Kingambit|Low Kick|p2b: Kingambit
|-supereffective|p2b: Kingambit|2
|-damage|p2b: Kingambit|0 fnt
|faint|p2b: Kingambit
|
|-weather|Snowscape|[upkeep]
|upkeep
|
|t:|1782586541
|switch|p2b: Ceruledge|Ceruledge, L50, F|100/100
|turn|3
|
|t:|1782586575
|move|p2b: Ceruledge|Protect|p2b: Ceruledge
|-singleturn|p2b: Ceruledge|Protect
|move|p1a: Kingambit|Sucker Punch||[still]
|-fail|p1a: Kingambit
|move|p1b: Aerodactyl|Rock Slide|p2a: Abomasnow|[spread] p2a
|-activate|p2b: Ceruledge|move: Protect
|-supereffective|p2a: Abomasnow|1
|-damage|p2a: Abomasnow|65/100
|move|p2a: Abomasnow|Earth Power|p1a: Kingambit
|-supereffective|p1a: Kingambit|1
|-damage|p1a: Kingambit|0 fnt
|faint|p1a: Kingambit
|
|-weather|Snowscape|[upkeep]
|upkeep
|
|t:|1782586592
|switch|p1a: Sylveon|Sylveon, L50, F|100/100
|turn|4
|
|t:|1782586657
|move|p1b: Aerodactyl|Rock Slide|p2b: Ceruledge|[spread] p2a,p2b
|-supereffective|p2a: Abomasnow|1
|-supereffective|p2b: Ceruledge|1
|-damage|p2a: Abomasnow|28/100
|-damage|p2b: Ceruledge|24/100
|move|p2b: Ceruledge|Bitter Blade|p1a: Sylveon
|-damage|p1a: Sylveon|43/100
|-heal|p2b: Ceruledge|59/100|[from] drain|[of] p1a: Sylveon
|move|p1a: Sylveon|Hyper Voice|p2a: Abomasnow|[spread] p2a,p2b
|-resisted|p2b: Ceruledge|1
|-damage|p2a: Abomasnow|0 fnt
|-damage|p2b: Ceruledge|36/100
|faint|p2a: Abomasnow
|
|-weather|Snowscape|[upkeep]
|-sideend|p1: luka1234.4|move: Tailwind
|upkeep
|
|t:|1782586669
|switch|p2a: Froslass|Froslass, L50, F|100/100
|turn|5
|
|t:|1782586692
|move|p2b: Ceruledge|Protect|p2b: Ceruledge
|-singleturn|p2b: Ceruledge|Protect
|move|p1a: Sylveon|Quick Attack|p2a: Froslass
|-damage|p2a: Froslass|85/100
|move|p1b: Aerodactyl|Rock Slide|p2a: Froslass|[spread] p2a
|-activate|p2b: Ceruledge|move: Protect
|-supereffective|p2a: Froslass|1
|-damage|p2a: Froslass|23/100
|-enditem|p2a: Froslass|Sitrus Berry|[eat]
|-heal|p2a: Froslass|48/100|[from] item: Sitrus Berry
|move|p2a: Froslass|Blizzard|p1a: Sylveon|[spread] p1a,p1b
|-supereffective|p1b: Aerodactyl|1
|-damage|p1a: Sylveon|24/100
|-damage|p1b: Aerodactyl|19/100
|
|-weather|none
|upkeep
|turn|6
|
|t:|1782586736
|move|p2b: Ceruledge|Shadow Sneak|p1b: Aerodactyl
|-damage|p1b: Aerodactyl|0 fnt
|faint|p1b: Aerodactyl
|move|p2a: Froslass|Shadow Ball|p1a: Sylveon
|-damage|p1a: Sylveon|3/100
|-unboost|p1a: Sylveon|spd|1
|move|p1a: Sylveon|Hyper Beam|p2b: Ceruledge
|-resisted|p2b: Ceruledge|1
|-damage|p2b: Ceruledge|0 fnt
|-mustrecharge|p1a: Sylveon
|faint|p2b: Ceruledge
|
|upkeep
|
|t:|1782586749
|switch|p1b: Garchomp|Garchomp, L50, F|100/100
|turn|7
|
|t:|1782586760
|move|p1b: Garchomp|Protect|p1b: Garchomp
|-singleturn|p1b: Garchomp|Protect
|move|p2a: Froslass|Blizzard|p1b: Garchomp|[spread] 
|-activate|p1b: Garchomp|move: Protect
|-miss|p2a: Froslass|p1a: Sylveon
|cant|p1a: Sylveon|recharge
|
|upkeep
|turn|8
|
|t:|1782586776
|move|p1a: Sylveon|Quick Attack|p2a: Froslass
|-damage|p2a: Froslass|23/100
|move|p2a: Froslass|Blizzard|p1b: Garchomp|[spread] p1a,p1b
|-supereffective|p1b: Garchomp|2
|-damage|p1a: Sylveon|0 fnt
|-damage|p1b: Garchomp|0 fnt
|faint|p1a: Sylveon
|faint|p1b: Garchomp
|
|win|sanjaconpis
|c|☆sanjaconpis|gg
