|j|☆viatles
|j|☆FrankfurtVGC
|html|viatlesFrankfurtVGC    
|uhtml|bestof|Game 2 of a best-of-3
|t:|1757795097
|gametype|doubles
|player|p1|viatles|hiker|1053
|player|p2|FrankfurtVGC|101|1072
|gen|9
|tier|[Gen 9] VGC 2025 Reg H (Bo3)
|rated|
|rule|Species Clause: Limit one of each Pokémon
|rule|Item Clause: Limit 1 of each item
|clearpoke
|poke|p1|Scizor, L50, F|
|poke|p1|Talonflame, L50, F|
|poke|p1|Rillaboom, L50, F|
|poke|p1|Garchomp, L50, F|
|poke|p1|Kilowattrel, L50, F|
|poke|p1|Garganacl, L50, M|
|poke|p2|Corviknight, L50, M|
|poke|p2|Basculegion, L50, M|
|poke|p2|Sneasler, L50, M|
|poke|p2|Incineroar, L50, F|
|poke|p2|Garchomp, L50, F|
|poke|p2|Gholdengo, L50|
|teampreview|4
|showteam|p1|Scizor||LifeOrb|Technician|BulletPunch,BugBite,DualWingbeat,Protect|||F|||50|,,,,,Fire]Talonflame||CovertCloak|GaleWings|DualWingbeat,Tailwind,Taunt,FlareBlitz|||F|||50|,,,,,Flying]Rillaboom||AssaultVest|GrassySurge|FakeOut,GrassyGlide,Uturn,WoodHammer|||F|||50|,,,,,Fairy]Garchomp||ClearAmulet|RoughSkin|IronHead,Earthquake,DragonClaw,Protect|||F|||50|,,,,,Steel]Kilowattrel||FocusSash|Competitive|Discharge,AirSlash,Tailwind,Protect|||F|||50|,,,,,Ghost]Garganacl||Leftovers|PurifyingSalt|SaltCure,Recover,Protect,RockSlide|||M|||50|,,,,,Grass
|showteam|p2|Corviknight||Leftovers|MirrorArmor|BraveBird,BulkUp,Roost,Tailwind|||M|||50|,,,,,Dragon]Basculegion||ChoiceScarf|Adaptability|LastRespects,WaveCrash,FlipTurn,AquaJet|||M|||50|,,,,,Water]Sneasler||FocusSash|PoisonTouch|DireClaw,CloseCombat,FakeOut,Protect|||M|||50|,,,,,Stellar]Incineroar||AssaultVest|Intimidate|FakeOut,FlareBlitz,Uturn,KnockOff|||F|||50|,,,,,Grass]Garchomp||LifeOrb|RoughSkin|StompingTantrum,Earthquake,DragonClaw,Protect|||F|||50|,,,,,Steel]Gholdengo||MetalCoat|GoodasGold|MakeItRain,ShadowBall,NastyPlot,Protect||||||50|,,,,,Dragon
|inactive|Battle timer is ON: inactive players will automatically lose when time's up. (requested by viatles)
|
|t:|1757795126
|teamsize|p1|4
|teamsize|p2|4
|start
|switch|p1a: Kilowattrel|Kilowattrel, L50, F|100/100
|switch|p1b: Garchomp|Garchomp, L50, F|100/100
|switch|p2a: Sneasler|Sneasler, L50, M|100/100
|switch|p2b: Basculegion|Basculegion, L50, M|100/100
|turn|1
|inactive|viatles has 30 seconds left.
|
|t:|1757795152
|-terastallize|p2b: Basculegion|Water
|-terastallize|p1a: Kilowattrel|Ghost
|move|p1b: Garchomp|Protect|p1b: Garchomp
|-singleturn|p1b: Garchomp|Protect
|move|p2a: Sneasler|Fake Out|p1a: Kilowattrel
|-immune|p1a: Kilowattrel
|move|p2b: Basculegion|Wave Crash|p1b: Garchomp
|-activate|p1b: Garchomp|move: Protect
|move|p1a: Kilowattrel|Discharge|p2b: Basculegion|[spread] p2a,p2b
|-activate|p1b: Garchomp|move: Protect
|-supereffective|p2b: Basculegion
|-damage|p2a: Sneasler|62/100
|-damage|p2b: Basculegion|38/100
|-status|p2b: Basculegion|par
|
|upkeep
|turn|2
|inactive|viatles has 30 seconds left.
|
|t:|1757795182
|switch|p2b: Incineroar|Incineroar, L50, F|100/100
|-ability|p2b: Incineroar|Intimidate|boost
|-unboost|p1a: Kilowattrel|atk|1
|-ability|p1a: Kilowattrel|Competitive|boost
|-boost|p1a: Kilowattrel|spa|2
|-fail|p1b: Garchomp|unboost|[from] item: Clear Amulet|[of] p1b: Garchomp
|move|p1a: Kilowattrel|Discharge|p2a: Sneasler|[spread] p2a,p2b
|-immune|p1b: Garchomp
|-damage|p2a: Sneasler|0 fnt
|-damage|p2b: Incineroar|70/100
|faint|p2a: Sneasler
|move|p1b: Garchomp|Earthquake|p2b: Incineroar|[spread] p1a,p2b
|-supereffective|p2b: Incineroar
|-damage|p1a: Kilowattrel|25/100
|-damage|p2b: Incineroar|1/100
|
|upkeep
|
|t:|1757795194
|switch|p2a: Basculegion|Basculegion, L50, M, tera:Water|38/100 par
|turn|3
|
|t:|1757795204
|move|p1b: Garchomp|Protect|p1b: Garchomp
|-singleturn|p1b: Garchomp|Protect
|move|p2a: Basculegion|Aqua Jet|p1a: Kilowattrel
|-damage|p1a: Kilowattrel|0 fnt
|faint|p1a: Kilowattrel
|move|p2b: Incineroar|Flare Blitz|p1b: Garchomp
|-activate|p1b: Garchomp|move: Protect
|
|upkeep
|
|t:|1757795213
|switch|p1a: Scizor|Scizor, L50, F|100/100
|turn|4
|
|t:|1757795228
|switch|p2b: Garchomp|Garchomp, L50, F|100/100
|move|p2a: Basculegion|Aqua Jet|p1b: Garchomp
|-damage|p1b: Garchomp|71/100
|-damage|p2a: Basculegion|26/100 par|[from] ability: Rough Skin|[of] p1b: Garchomp
|move|p1a: Scizor|Bullet Punch|p2b: Garchomp
|-damage|p2b: Garchomp|54/100
|-damage|p1a: Scizor|88/100|[from] ability: Rough Skin|[of] p2b: Garchomp
|-damage|p1a: Scizor|78/100|[from] item: Life Orb
|move|p1b: Garchomp|Dragon Claw|p2a: Basculegion
|-damage|p2a: Basculegion|0 fnt
|faint|p2a: Basculegion
|
|upkeep
|
|t:|1757795242
|switch|p2a: Incineroar|Incineroar, L50, F|1/100
|-ability|p2a: Incineroar|Intimidate|boost
|-unboost|p1a: Scizor|atk|1
|-fail|p1b: Garchomp|unboost|[from] item: Clear Amulet|[of] p1b: Garchomp
|turn|5
|
|t:|1757795256
|move|p1b: Garchomp|Protect|p1b: Garchomp
|-singleturn|p1b: Garchomp|Protect
|move|p1a: Scizor|Protect|p1a: Scizor
|-singleturn|p1a: Scizor|Protect
|move|p2b: Garchomp|Dragon Claw|p1b: Garchomp
|-activate|p1b: Garchomp|move: Protect
|move|p2a: Incineroar|Flare Blitz|p1a: Scizor
|-activate|p1a: Scizor|move: Protect
|
|upkeep
|turn|6
|
|t:|1757795276
|move|p1a: Scizor|Bullet Punch|p2b: Garchomp
|-damage|p2b: Garchomp|21/100
|-damage|p1a: Scizor|66/100|[from] ability: Rough Skin|[of] p2b: Garchomp
|-damage|p1a: Scizor|56/100|[from] item: Life Orb
|move|p2b: Garchomp|Dragon Claw|p1b: Garchomp
|-supereffective|p1b: Garchomp
|-damage|p1b: Garchomp|0 fnt
|-damage|p2b: Garchomp|9/100|[from] ability: Rough Skin|[of] p1b: Garchomp
|faint|p1b: Garchomp
|-damage|p2b: Garchomp|0 fnt|[from] item: Life Orb
|faint|p2b: Garchomp
|move|p2a: Incineroar|Flare Blitz|p1a: Scizor
|-supereffective|p1a: Scizor
|-damage|p1a: Scizor|0 fnt
|faint|p1a: Scizor
|-damage|p2a: Incineroar|0 fnt|[from] Recoil
|faint|p2a: Incineroar
|
|win|viatles
|raw|viatles's rating: 1053 → 1087(+34 for winning)
|raw|FrankfurtVGC's rating: 1072 → 1050(-22 for losing)
|l|☆FrankfurtVGC
|player|p2|
|c|☆viatles|gg
