|j|☆guillelona
|j|☆elitetweet
|html|guillelonaelitetweet    
|uhtml|bestof|Game 1 of a best-of-3
|t:|1784987764
|gametype|doubles
|player|p1|guillelona|2|1132
|player|p2|elitetweet|korrina|1158
|gen|9
|tier|[Gen 9 Champions] VGC 2026 Reg M-B (Bo3)
|rated|
|rule|Species Clause: Limit one of each Pokémon
|rule|Item Clause: Limit 1 of each item
|clearpoke
|poke|p1|Vivillon-Tundra, L50, F|
|poke|p1|Mawile, L50, M|
|poke|p1|Torkoal, L50, F|
|poke|p1|Farigiraf, L50, M|
|poke|p1|Garchomp, L50, M|
|poke|p1|Raichu, L50, M|
|poke|p2|Aerodactyl, L50, M|
|poke|p2|Rotom-Wash, L50, shiny|
|poke|p2|Garchomp, L50, F|
|poke|p2|Sneasler, L50, F|
|poke|p2|Incineroar, L50, M|
|poke|p2|Floette-Eternal, L50, F|
|teampreview|4
|showteam|p1|Vivillon-Tundra||FocusSash|CompoundEyes|Hurricane,SleepPowder,RagePowder,Protect|Timid||F|||50|]Mawile||Mawilite|Intimidate|PlayRough,RockSlide,SuckerPunch,Protect|Adamant||M|||50|]Torkoal||Charcoal|Drought|Eruption,WeatherBall,Protect,EarthPower|Quiet||F|||50|]Farigiraf||SitrusBerry|ArmorTail|Psychic,Thunderbolt,TrickRoom,HelpingHand|Relaxed||M|||50|]Garchomp||LifeOrb|RoughSkin|DragonClaw,Earthquake,RockSlide,Protect|Jolly||M|||50|]Raichu||RaichuniteY|LightningRod|ZapCannon,FocusBlast,FakeOut,Protect|Timid||M|||50|
|showteam|p2|Aerodactyl||FocusSash|Unnerve|RockSlide,DualWingbeat,WideGuard,Tailwind|Jolly||M|||50|]Rotom-Wash||ChoiceScarf|Levitate|HydroPump,Electroweb,WillOWisp,Thunderbolt|Timid|||||50|]Garchomp||LifeOrb|RoughSkin|StompingTantrum,DragonClaw,RockSlide,Protect|Jolly||F|||50|]Sneasler||WhiteHerb|Unburden|FakeOut,DireClaw,CloseCombat,Coaching|Adamant||F|||50|]Incineroar||SitrusBerry|Intimidate|FakeOut,FlareBlitz,DarkestLariat,PartingShot|Adamant||M|||50|]Floette-Eternal||Floettite|FlowerVeil|DazzlingGleam,DrainingKiss,CalmMind,Protect|Modest||F|||50|
|inactive|Battle timer is ON: inactive players will automatically lose when time's up. (requested by elitetweet)
|inactive|guillelona has 60 seconds left.
|
|t:|1784987809
|teamsize|p1|4
|teamsize|p2|4
|start
|switch|p1a: Farigiraf|Farigiraf, L50, M|100/100
|switch|p1b: Garchomp|Garchomp, L50, M|100/100
|switch|p2a: Aerodactyl|Aerodactyl, L50, M|100/100
|switch|p2b: Garchomp|Garchomp, L50, F|100/100
|-ability|p2a: Aerodactyl|Unnerve
|turn|1
|
|t:|1784987825
|switch|p2a: John Cenaroar|Incineroar, L50, M|100/100
|-ability|p2a: John Cenaroar|Intimidate|boost
|-unboost|p1a: Farigiraf|atk|1
|-unboost|p1b: Garchomp|atk|1
|move|p1b: Garchomp|Dragon Claw|p2b: Garchomp
|-supereffective|p2b: Garchomp|1
|-damage|p2b: Garchomp|22/100
|-damage|p1b: Garchomp|87/100|[from] ability: Rough Skin|[of] p2b: Garchomp
|-damage|p1b: Garchomp|78/100|[from] item: Life Orb
|move|p2b: Garchomp|Dragon Claw|p1b: Garchomp
|-supereffective|p1b: Garchomp|1
|-damage|p1b: Garchomp|0 fnt
|-damage|p2b: Garchomp|10/100|[from] ability: Rough Skin|[of] p1b: Garchomp
|faint|p1b: Garchomp
|-damage|p2b: Garchomp|1/100|[from] item: Life Orb
|move|p1a: Farigiraf|Trick Room|p1a: Farigiraf
|-fieldstart|move: Trick Room|[of] p1a: Farigiraf
|
|upkeep
|
|t:|1784987839
|switch|p1b: Mawile|Mawile, L50, M|100/100
|-ability|p1b: Mawile|Intimidate|boost
|-unboost|p2a: John Cenaroar|atk|1
|-unboost|p2b: Garchomp|atk|1
|turn|2
|
|t:|1784987857
|detailschange|p1b: Mawile|Mawile-Mega, L50, M
|-mega|p1b: Mawile|Mawile|Mawilite
|move|p1a: Farigiraf|Helping Hand|p1b: Mawile
|-singleturn|p1b: Mawile|Helping Hand|[of] p1a: Farigiraf
|move|p1b: Mawile|Protect|p1b: Mawile
|-singleturn|p1b: Mawile|Protect
|move|p2a: John Cenaroar|Parting Shot|p1a: Farigiraf
|-unboost|p1a: Farigiraf|atk|1
|-unboost|p1a: Farigiraf|spa|1
|
|t:|1784987877
|switch|p2a: john smogon|Rotom-Wash, L50, shiny|100/100|[from] Parting Shot
|move|p2b: Garchomp|Stomping Tantrum|p1b: Mawile
|-activate|p1b: Mawile|move: Protect
|
|upkeep
|turn|3
|
|t:|1784987896
|move|p1a: Farigiraf|Helping Hand|p1b: Mawile
|-singleturn|p1b: Mawile|Helping Hand|[of] p1a: Farigiraf
|move|p1b: Mawile|Rock Slide|p2b: Garchomp|[spread] p2a,p2b
|-resisted|p2b: Garchomp|1
|-damage|p2a: john smogon|23/100
|-damage|p2b: Garchomp|0 fnt
|faint|p2b: Garchomp
|move|p2a: john smogon|Thunderbolt|p1b: Mawile
|-damage|p1b: Mawile|48/100
|
|upkeep
|
|t:|1784987905
|switch|p2b: John Cenaroar|Incineroar, L50, M|100/100
|-ability|p2b: John Cenaroar|Intimidate|boost
|-unboost|p1a: Farigiraf|atk|1
|-unboost|p1b: Mawile|atk|1
|turn|4
|
|t:|1784987914
|switch|p1b: Torkoal|Torkoal, L50, F|100/100
|-weather|SunnyDay|[from] ability: Drought|[of] p1b: Torkoal
|move|p1a: Farigiraf|Psychic|p2a: john smogon
|-damage|p2a: john smogon|0 fnt
|faint|p2a: john smogon
|move|p2b: John Cenaroar|Flare Blitz|p1b: Torkoal
|-resisted|p1b: Torkoal|1
|-damage|p1b: Torkoal|67/100
|-damage|p2b: John Cenaroar|90/100|[from] Recoil
|
|-weather|SunnyDay|[upkeep]
|upkeep
|
|t:|1784987920
|switch|p2a: Aerodactyl|Aerodactyl, L50, M|100/100
|-ability|p2a: Aerodactyl|Unnerve
|turn|5
|
|t:|1784987940
|move|p1a: Farigiraf|Helping Hand|p1b: Torkoal
|-singleturn|p1b: Torkoal|Helping Hand|[of] p1a: Farigiraf
|move|p1b: Torkoal|Earth Power|p2b: John Cenaroar
|-supereffective|p2b: John Cenaroar|1
|-damage|p2b: John Cenaroar|21/100
|-enditem|p2b: John Cenaroar|Sitrus Berry|[eat]
|-heal|p2b: John Cenaroar|46/100|[from] item: Sitrus Berry
|move|p2b: John Cenaroar|Darkest Lariat|p1a: Farigiraf
|-supereffective|p1a: Farigiraf|1
|-damage|p1a: Farigiraf|41/100
|move|p2a: Aerodactyl|Rock Slide|p1a: Farigiraf|[spread] p1a
|-miss|p2a: Aerodactyl|p1b: Torkoal
|-damage|p1a: Farigiraf|22/100
|
|-weather|SunnyDay|[upkeep]
|-fieldend|move: Trick Room
|upkeep
|turn|6
|
|t:|1784987961
|move|p2a: Aerodactyl|Rock Slide|p1b: Torkoal|[spread] p1a,p1b
|-supereffective|p1b: Torkoal|1
|-damage|p1a: Farigiraf|2/100
|-damage|p1b: Torkoal|32/100
|move|p2b: John Cenaroar|Darkest Lariat|p1b: Torkoal
|-damage|p1b: Torkoal|3/100
|cant|p1b: Torkoal|flinch
|move|p1a: Farigiraf|Trick Room|p1a: Farigiraf
|-fieldstart|move: Trick Room|[of] p1a: Farigiraf
|
|-weather|SunnyDay|[upkeep]
|upkeep
|turn|7
|
|t:|1784987978
|move|p1b: Torkoal|Earth Power|p2b: John Cenaroar
|-supereffective|p2b: John Cenaroar|1
|-damage|p2b: John Cenaroar|2/100
|move|p1a: Farigiraf|Thunderbolt|p2a: Aerodactyl
|-supereffective|p2a: Aerodactyl|1
|-damage|p2a: Aerodactyl|56/100
|move|p2b: John Cenaroar|Parting Shot|p1a: Farigiraf
|-unboost|p1a: Farigiraf|atk|1
|-unboost|p1a: Farigiraf|spa|1
|move|p2a: Aerodactyl|Rock Slide|p1b: Torkoal|[spread] p1a,p1b
|-supereffective|p1b: Torkoal|1
|-damage|p1a: Farigiraf|0 fnt
|-damage|p1b: Torkoal|0 fnt
|faint|p1a: Farigiraf
|faint|p1b: Torkoal
|
|-weather|SunnyDay|[upkeep]
|upkeep
|
|t:|1784987983
|switch|p1b: Mawile|Mawile-Mega, L50, M|48/100
|turn|8
|
|t:|1784987991
|move|p1b: Mawile|Rock Slide|p2a: Aerodactyl|[spread] p2a,p2b
|-supereffective|p2a: Aerodactyl|1
|-supereffective|p2b: John Cenaroar|1
|-damage|p2a: Aerodactyl|0 fnt
|-damage|p2b: John Cenaroar|0 fnt
|faint|p2a: Aerodactyl
|faint|p2b: John Cenaroar
|
|win|guillelona
||elitetweet is ready for game 2.
||guillelona is ready for game 2.
|uhtml|next|Next: Game 2 of 3
|l|☆elitetweet
|player|p2|
