|j|☆Avocanoodle
|j|☆tailmyroom
|html|Avocanoodletailmyroom    
|uhtml|bestof|Game 3 of a best-of-3
|t:|1754991863
|gametype|doubles
|player|p1|Avocanoodle|170|1150
|player|p2|tailmyroom|scientist-gen4dp|1328
|gen|9
|tier|[Gen 9] VGC 2025 Reg H (Bo3)
|rated|
|rule|Species Clause: Limit one of each Pokémon
|rule|Item Clause: Limit 1 of each item
|clearpoke
|poke|p1|Dragonite, L50, M|
|poke|p1|Ursaluna-Bloodmoon, L50, M|
|poke|p1|Gholdengo, L50|
|poke|p1|Archaludon, L50, F|
|poke|p1|Magmar, L50, M|
|poke|p1|Espathra, L50, M|
|poke|p2|Gholdengo, L50|
|poke|p2|Sneasler, L50, M|
|poke|p2|Rillaboom, L50, F|
|poke|p2|Dragonite, L50, F|
|poke|p2|Ninetales-Alola, L50, F|
|poke|p2|Arcanine-Hisui, L50, F|
|teampreview|4
|showteam|p1|Dragonite||LoadedDice|Multiscale|ScaleShot,Protect,Tailwind,Haze|||M|||50|,,,,,Steel]Ursaluna-Bloodmoon||AssaultVest|MindsEye|BloodMoon,VacuumWave,HyperVoice,EarthPower|||M|||50|,,,,,Psychic]Gholdengo||ChoiceScarf|GoodasGold|MakeItRain,ShadowBall,Trick,PowerGem||||||50|,,,,,Steel]Archaludon||PowerHerb|Sturdy|DracoMeteor,Protect,ElectroShot,Thunderbolt|||F|||50|,,,,,Electric]Magmar||Eviolite|VitalSpirit|Protect,FollowMe,Taunt,HeatWave|||M|||50|,,,,,Water]Espathra||FocusSash|SpeedBoost|LuminaCrash,Protect,DazzlingGleam,ShadowBall|||M|||50|,,,,,Fairy
|showteam|p2|Gholdengo||GrassySeed|GoodasGold|NastyPlot,MakeItRain,ShadowBall,Protect||||||50|,,,,,Water]Sneasler||WhiteHerb|Unburden|CloseCombat,DireClaw,Coaching,Protect|||M|||50|,,,,,Ghost]Rillaboom||AssaultVest|GrassySurge|FakeOut,GrassyGlide,DrumBeating,HighHorsepower|||F|||50|,,,,,Fire]Dragonite||LoadedDice|Multiscale|ScaleShot,StompingTantrum,Tailwind,Protect|||F|||50|,,,,,Ground]Ninetales-Alola||FocusSash|SnowWarning|Blizzard,IcyWind,Encore,AuroraVeil|||F|||50|,,,,,Ghost]Arcanine-Hisui||ClearAmulet|Intimidate|RockSlide,FlareBlitz,ExtremeSpeed,Protect|||F|||50|,,,,,Water
|inactive|Battle timer is ON: inactive players will automatically lose when time's up. (requested by Avocanoodle)
|inactive|Avocanoodle has 60 seconds left.
|inactive|tailmyroom has 60 seconds left.
|
|t:|1754991911
|teamsize|p1|4
|teamsize|p2|4
|start
|switch|p1a: Archaludon|Archaludon, L50, F|100/100
|switch|p1b: Espathra|Espathra, L50, M|100/100
|switch|p2a: Dragonite|Dragonite, L50, F|100/100
|switch|p2b: Sneasler|Sneasler, L50, M|100/100
|turn|1
|inactive|tailmyroom has 30 seconds left.
|inactive|tailmyroom has 20 seconds left.
|inactive|tailmyroom has 15 seconds left.
|inactive|tailmyroom has 10 seconds left.
|
|t:|1754991960
|-terastallize|p2a: Dragonite|Ground
|move|p1b: Espathra|Lumina Crash|p2a: Dragonite
|-damage|p2a: Dragonite|81/100
|-unboost|p2a: Dragonite|spd|2
|move|p2b: Sneasler|Close Combat|p1a: Archaludon
|-supereffective|p1a: Archaludon
|-damage|p1a: Archaludon|2/100
|-unboost|p2b: Sneasler|def|1
|-unboost|p2b: Sneasler|spd|1
|-enditem|p2b: Sneasler|White Herb
|-clearnegativeboost|p2b: Sneasler|[silent]
|move|p1a: Archaludon|Electro Shot||[still]
|-prepare|p1a: Archaludon|Electro Shot
|-boost|p1a: Archaludon|spa|1
|-enditem|p1a: Archaludon|Power Herb
|-anim|p1a: Archaludon|Electro Shot|p2a: Dragonite
|-immune|p2a: Dragonite
|move|p2a: Dragonite|Tailwind|p2a: Dragonite
|-sidestart|p2: tailmyroom|move: Tailwind
|
|-ability|p1b: Espathra|Speed Boost|boost
|-boost|p1b: Espathra|spe|1
|upkeep
|turn|2
|inactive|tailmyroom has 30 seconds left.
|inactive|tailmyroom has 20 seconds left.
|
|t:|1754992000
|move|p2a: Dragonite|Protect|p2a: Dragonite
|-singleturn|p2a: Dragonite|Protect
|move|p1b: Espathra|Protect|p1b: Espathra
|-singleturn|p1b: Espathra|Protect
|move|p1a: Archaludon|Protect|p1a: Archaludon
|-singleturn|p1a: Archaludon|Protect
|move|p2b: Sneasler|Dire Claw|p1b: Espathra
|-activate|p1b: Espathra|move: Protect
|
|-ability|p1b: Espathra|Speed Boost|boost
|-boost|p1b: Espathra|spe|1
|upkeep
|turn|3
|inactive|tailmyroom has 30 seconds left.
|
|t:|1754992029
|switch|p2a: Rillaboom|Rillaboom, L50, F|100/100
|-fieldstart|move: Grassy Terrain|[from] ability: Grassy Surge|[of] p2a: Rillaboom
|move|p2b: Sneasler|Dire Claw|p1b: Espathra
|-damage|p1b: Espathra|32/100
|-status|p1b: Espathra|slp
|cant|p1b: Espathra|slp
|move|p1a: Archaludon|Draco Meteor|p2a: Rillaboom
|-damage|p2a: Rillaboom|15/100
|-unboost|p1a: Archaludon|spa|2
|
|-heal|p1b: Espathra|38/100 slp|[from] Grassy Terrain
|-heal|p2a: Rillaboom|21/100|[from] Grassy Terrain
|-heal|p1a: Archaludon|8/100|[from] Grassy Terrain
|-ability|p1b: Espathra|Speed Boost|boost
|-boost|p1b: Espathra|spe|1
|upkeep
|turn|4
|inactive|Avocanoodle has 30 seconds left.
|inactive|tailmyroom has 30 seconds left.
|
|t:|1754992061
|switch|p1a: Gholdengo|Gholdengo, L50|100/100
|cant|p1b: Espathra|slp
|move|p2b: Sneasler|Close Combat|p1a: Gholdengo
|-immune|p1a: Gholdengo
|move|p2a: Rillaboom|High Horsepower|p1b: Espathra
|-damage|p1b: Espathra|0 fnt
|faint|p1b: Espathra
|
|-heal|p2a: Rillaboom|26/100|[from] Grassy Terrain
|-sideend|p2: tailmyroom|move: Tailwind
|upkeep
|
|t:|1754992084
|switch|p1b: Dragonite|Dragonite, L50, M|100/100
|turn|5
|inactive|tailmyroom has 30 seconds left.
|
|t:|1754992115
|switch|p2a: Arcanine|Arcanine-Hisui, L50, F|100/100
|-ability|p2a: Arcanine|Intimidate|boost
|-unboost|p1a: Gholdengo|atk|1
|-unboost|p1b: Dragonite|atk|1
|-terastallize|p1b: Dragonite|Steel
|move|p2b: Sneasler|Dire Claw|p1b: Dragonite
|-immune|p1b: Dragonite
|move|p1a: Gholdengo|Shadow Ball|p2a: Arcanine
|-damage|p2a: Arcanine|44/100
|move|p1b: Dragonite|Scale Shot|p2b: Sneasler|[miss]
|-miss|p1b: Dragonite|p2b: Sneasler
|
|-heal|p2a: Arcanine|50/100|[from] Grassy Terrain
|upkeep
|turn|6
|inactive|Avocanoodle has 30 seconds left.
|inactive|Avocanoodle has 20 seconds left.
|inactive|Avocanoodle has 15 seconds left.
|inactive|Avocanoodle has 10 seconds left.
|inactive|Avocanoodle has 5 seconds left.
|
|t:|1754992165
|move|p2b: Sneasler|Close Combat|p1b: Dragonite
|-supereffective|p1b: Dragonite
|-damage|p1b: Dragonite|36/100
|-unboost|p2b: Sneasler|def|1
|-unboost|p2b: Sneasler|spd|1
|move|p1a: Gholdengo|Shadow Ball|p2a: Arcanine
|-damage|p2a: Arcanine|0 fnt
|faint|p2a: Arcanine
|move|p1b: Dragonite|Tailwind|p1b: Dragonite
|-sidestart|p1: Avocanoodle|move: Tailwind
|
|-heal|p1b: Dragonite|42/100|[from] Grassy Terrain
|upkeep
|inactive|tailmyroom has 30 seconds left.
|inactive|tailmyroom has 20 seconds left.
|
|t:|1754992204
|switch|p2a: Dragonite|Dragonite, L50, F, tera:Ground|81/100
|turn|7
|inactive|tailmyroom has 30 seconds left.
|
|t:|1754992233
|move|p1a: Gholdengo|Shadow Ball|p2b: Sneasler
|-damage|p2b: Sneasler|15/100
|move|p2b: Sneasler|Coaching|p2a: Dragonite
|-boost|p2a: Dragonite|atk|1
|-boost|p2a: Dragonite|def|1
|move|p1b: Dragonite|Scale Shot|p2a: Dragonite
|-damage|p2a: Dragonite|74/100
|-damage|p2a: Dragonite|66/100
|-damage|p2a: Dragonite|59/100
|-damage|p2a: Dragonite|51/100
|-damage|p2a: Dragonite|44/100
|-hitcount|p2a: Dragonite|5
|-unboost|p1b: Dragonite|def|1
|-boost|p1b: Dragonite|spe|1
|move|p2a: Dragonite|Stomping Tantrum|p1a: Gholdengo
|-supereffective|p1a: Gholdengo
|-damage|p1a: Gholdengo|0 fnt
|faint|p1a: Gholdengo
|
|-heal|p1b: Dragonite|48/100|[from] Grassy Terrain
|-heal|p2b: Sneasler|21/100|[from] Grassy Terrain
|-heal|p2a: Dragonite|50/100|[from] Grassy Terrain
|-fieldend|move: Grassy Terrain
|upkeep
|
|t:|1754992246
|switch|p1a: Archaludon|Archaludon, L50, F|8/100
|turn|8
|inactive|tailmyroom has 30 seconds left.
|
|t:|1754992276
|move|p2a: Dragonite|Protect|p2a: Dragonite
|-singleturn|p2a: Dragonite|Protect
|move|p1b: Dragonite|Scale Shot|p2b: Sneasler
|-damage|p2b: Sneasler|4/100
|-damage|p2b: Sneasler|0 fnt
|faint|p2b: Sneasler
|-hitcount|p2: Sneasler|2
|-unboost|p1b: Dragonite|def|1
|-boost|p1b: Dragonite|spe|1
|move|p1a: Archaludon|Draco Meteor|p2a: Dragonite
|-activate|p2a: Dragonite|move: Protect
|
|upkeep
|
|t:|1754992288
|switch|p2b: Rillaboom|Rillaboom, L50, F|26/100
|-fieldstart|move: Grassy Terrain|[from] ability: Grassy Surge|[of] p2b: Rillaboom
|turn|9
|inactive|tailmyroom has 30 seconds left.
|inactive|Avocanoodle has 30 seconds left.
|inactive|tailmyroom has 20 seconds left.
|inactive|Avocanoodle has 20 seconds left.
|inactive|tailmyroom has 15 seconds left.
|
|t:|1754992332
|move|p2b: Rillaboom|Fake Out|p1b: Dragonite
|-resisted|p1b: Dragonite
|-damage|p1b: Dragonite|34/100
|cant|p1b: Dragonite|flinch
|move|p1a: Archaludon|Draco Meteor|p2a: Dragonite
|-damage|p2a: Dragonite|0 fnt
|-unboost|p1a: Archaludon|spa|2
|faint|p2a: Dragonite
|
|-heal|p1b: Dragonite|40/100|[from] Grassy Terrain
|-heal|p1a: Archaludon|14/100|[from] Grassy Terrain
|-heal|p2b: Rillaboom|32/100|[from] Grassy Terrain
|-sideend|p1: Avocanoodle|move: Tailwind
|upkeep
|turn|10
|c|☆tailmyroom|gg
|c|☆Avocanoodle|gg
|inactive|Avocanoodle has 30 seconds left.
|inactive|Avocanoodle has 20 seconds left.
|inactive|Avocanoodle has 15 seconds left.
|
|t:|1754992375
|move|p1b: Dragonite|Scale Shot|p2b: Rillaboom
|-damage|p2b: Rillaboom|21/100
|-damage|p2b: Rillaboom|10/100
|-damage|p2b: Rillaboom|0 fnt
|faint|p2b: Rillaboom
|-hitcount|p2: Rillaboom|3
|
|win|Avocanoodle
|raw|Avocanoodle's rating: 1150 → 1187(+37 for winning)
|raw|tailmyroom's rating: 1328 → 1299(-29 for losing)
