|j|☆Prepucio Santos
|j|☆Pzgoo
|html|Prepucio SantosPzgoo    
|uhtml|bestof|Game 1 of a best-of-3
|t:|1784109235
|gametype|doubles
|player|p1|Prepucio Santos|striker|1309
|player|p2|Pzgoo|101|1259
|gen|9
|tier|[Gen 9 Champions] VGC 2026 Reg M-B (Bo3)
|rated|
|rule|Species Clause: Limit one of each Pokémon
|rule|Item Clause: Limit 1 of each item
|clearpoke
|poke|p1|Charizard, L50, F|
|poke|p1|Kingambit, L50, M|
|poke|p1|Sylveon, L50, M|
|poke|p1|Garchomp, L50, M|
|poke|p1|Aerodactyl, L50, M|
|poke|p1|Farigiraf, L50, F|
|poke|p2|Sinistcha, L50|
|poke|p2|Incineroar, L50, M|
|poke|p2|Milotic, L50, M|
|poke|p2|Raichu, L50, M|
|poke|p2|Floette-Eternal, L50, F|
|poke|p2|Ceruledge, L50, F|
|teampreview|4
|showteam|p1|Charizard||CharizarditeY|SolarPower|WeatherBall,HeatWave,SolarBeam,Protect|Modest||F|||50|]Kingambit||FocusSash|Defiant|IronHead,SuckerPunch,KowtowCleave,LowKick|Adamant||M|||50|]Sylveon||FairyFeather|Pixilate|Protect,HyperVoice,HyperBeam,QuickAttack|Modest||M|||50|]Garchomp||LifeOrb|RoughSkin|Protect,DragonClaw,Earthquake,RockSlide|Jolly||M|||50|]Aerodactyl||Aerodactylite|Unnerve|IceFang,RockSlide,Tailwind,DualWingbeat|Jolly||M|||50|]Farigiraf||SitrusBerry|ArmorTail|TrickRoom,Psychic,Thunderbolt,SunnyDay|Bold||F|||50|
|showteam|p2|Sinistcha||KasibBerry|Hospitality|MatchaGotcha,LifeDew,RagePowder,Protect|Relaxed|||||50|]Incineroar||SitrusBerry|Intimidate|FlareBlitz,ThroatChop,FakeOut,PartingShot|Impish||M|||50|]Milotic||Leftovers|Competitive|MuddyWater,Coil,Hypnosis,Protect|Calm||M|||50|]Raichu||RaichuniteY|LightningRod|ZapCannon,FocusBlast,FakeOut,Protect|Timid||M|||50|]Floette-Eternal||Floettite|FlowerVeil|DazzlingGleam,DrainingKiss,CalmMind,Protect|Timid||F|||50|]Ceruledge||ColburBerry|FlashFire|BitterBlade,ShadowSneak,BulkUp,Protect|Adamant||F|||50|
|
|t:|1784109293
|teamsize|p1|4
|teamsize|p2|4
|start
|switch|p1a: Aerodactyl|Aerodactyl, L50, M|100/100
|switch|p1b: Garchomp|Garchomp, L50, M|100/100
|switch|p2a: Incineroar|Incineroar, L50, M|100/100
|switch|p2b: Floette|Floette-Eternal, L50, F|100/100
|-ability|p1a: Aerodactyl|Unnerve
|-ability|p2a: Incineroar|Intimidate|boost
|-unboost|p1a: Aerodactyl|atk|1
|-unboost|p1b: Garchomp|atk|1
|turn|1
|
|t:|1784109318
|switch|p1b: Farigiraf|Farigiraf, L50, F|100/100
|detailschange|p1a: Aerodactyl|Aerodactyl-Mega, L50, M
|-mega|p1a: Aerodactyl|Aerodactyl|Aerodactylite
|detailschange|p2b: Floette|Floette-Mega, L50, F
|-mega|p2b: Floette|Floette|Floettite
|-ability|p2b: Floette|Fairy Aura
|move|p1a: Aerodactyl|Rock Slide|p2a: Incineroar|[spread] p2a,p2b
|-supereffective|p2a: Incineroar|1
|-damage|p2a: Incineroar|73/100
|-damage|p2b: Floette|82/100
|move|p2b: Floette|Calm Mind|p2b: Floette
|-boost|p2b: Floette|spa|1
|-boost|p2b: Floette|spd|1
|cant|p2a: Incineroar|flinch
|
|upkeep
|turn|2
|
|t:|1784109381
|move|p1a: Aerodactyl|Rock Slide|p2b: Floette|[spread] p2a,p2b
|-supereffective|p2a: Incineroar|1
|-crit|p2a: Incineroar
|-damage|p2a: Incineroar|9/100
|-damage|p2b: Floette|61/100
|-enditem|p2a: Incineroar|Sitrus Berry|[eat]
|-heal|p2a: Incineroar|34/100|[from] item: Sitrus Berry
|cant|p2b: Floette|flinch
|move|p2a: Incineroar|Parting Shot|p1b: Farigiraf
|-unboost|p1b: Farigiraf|atk|1
|-unboost|p1b: Farigiraf|spa|1
|
|t:|1784109390
|switch|p2a: Sinistcha|Sinistcha, L50|100/100|[from] Parting Shot
|-heal|p2b: Floette|86/100|[from] ability: Hospitality|[of] p2a: Sinistcha
|move|p1b: Farigiraf|Trick Room|p1b: Farigiraf
|-fieldstart|move: Trick Room|[of] p1b: Farigiraf
|
|upkeep
|turn|3
|
|t:|1784109399
|move|p1b: Farigiraf|Psychic|p2b: Floette
|-damage|p2b: Floette|73/100
|-unboost|p2b: Floette|spd|1
|move|p2a: Sinistcha|Matcha Gotcha|p1a: Aerodactyl|[spread] p1a,p1b
|-damage|p1a: Aerodactyl|75/100
|-damage|p1b: Farigiraf|76/100
|-status|p1a: Aerodactyl|brn
|move|p2b: Floette|Calm Mind|p2b: Floette
|-boost|p2b: Floette|spa|1
|-boost|p2b: Floette|spd|1
|move|p1a: Aerodactyl|Rock Slide|p2b: Floette|[spread] p2a,p2b
|-damage|p2a: Sinistcha|92/100
|-damage|p2b: Floette|64/100
|
|-damage|p1a: Aerodactyl|69/100 brn|[from] brn
|upkeep
|turn|4
|
|t:|1784109420
|switch|p1a: Sylveon|Sylveon, L50, M|100/100
|move|p1b: Farigiraf|Psychic|p2b: Floette
|-damage|p2b: Floette|50/100g
|move|p2a: Sinistcha|Life Dew|p2a: Sinistcha|[spread] p2a,p2b
|-heal|p2a: Sinistcha|100/100
|-heal|p2b: Floette|75/100
|move|p2b: Floette|Dazzling Gleam|p1a: Sylveon|[spread] p1a,p1b
|-damage|p1a: Sylveon|41/100
|-damage|p1b: Farigiraf|3/100
|-enditem|p1b: Farigiraf|Sitrus Berry|[eat]
|-heal|p1b: Farigiraf|28/100|[from] item: Sitrus Berry
|
|upkeep
|turn|5
|inactive|Battle timer is ON: inactive players will automatically lose when time's up. (requested by Prepucio Santos)
|
|t:|1784109450
|switch|p2a: Ceruledge|Ceruledge, L50, F|100/100
|move|p1b: Farigiraf|Psychic|p2b: Floette
|-damage|p2b: Floette|63/100
|move|p1a: Sylveon|Hyper Voice|p2a: Ceruledge|[spread] p2a,p2b
|-resisted|p2a: Ceruledge|1
|-damage|p2a: Ceruledge|67/100
|-damage|p2b: Floette|26/100
|move|p2b: Floette|Draining Kiss|p1a: Sylveon
|-damage|p1a: Sylveon|0 fnt
|-heal|p2b: Floette|62/100|[from] drain|[of] p1a: Sylveon
|faint|p1a: Sylveon
|
|upkeep
|
|t:|1784109459
|switch|p1a: Garchomp|Garchomp, L50, M|100/100
|turn|6
|
|t:|1784109473
|switch|p1b: Aerodactyl|Aerodactyl-Mega, L50, M|69/100 brn
|switch|p2a: Incineroar|Incineroar, L50, M|34/100
|-ability|p2a: Incineroar|Intimidate|boost
|-unboost|p1a: Garchomp|atk|1
|-unboost|p1b: Aerodactyl|atk|1
|move|p1a: Garchomp|Protect|p1a: Garchomp
|-singleturn|p1a: Garchomp|Protect
|move|p2b: Floette|Draining Kiss|p1b: Aerodactyl
|-damage|p1b: Aerodactyl|0 fnt
|-heal|p2b: Floette|100/100|[from] drain|[of] p1b: Aerodactyl
|faint|p1b: Aerodactyl
|
|-fieldend|move: Trick Room
|upkeep
|
|t:|1784109474
|switch|p1b: Farigiraf|Farigiraf, L50, F|28/100
|turn|7
|-message|Prepucio Santos forfeited.
|
|win|Pzgoo
||Prepucio Santos is ready for game 2.
|l|☆Pzgoo
|player|p2|
||Pzgoo is ready for game 2.
|uhtml|next|Next: Game 2 of 3
