|j|☆elfokaz
|j|☆owbd
|html|elfokazowbd    
|uhtml|bestof|Game 1 of a best-of-3
|t:|1756630126
|gametype|doubles
|player|p1|elfokaz|1|1088
|player|p2|owbd|cynthia-gen4|1160
|gen|9
|tier|[Gen 9] VGC 2025 Reg H (Bo3)
|rated|
|rule|Species Clause: Limit one of each Pokémon
|rule|Item Clause: Limit 1 of each item
|clearpoke
|poke|p1|Sneasler, L50, F|
|poke|p1|Rillaboom, L50, M|
|poke|p1|Flamigo, L50, M|
|poke|p1|Archaludon, L50, M|
|poke|p1|Murkrow, L50, M|
|poke|p1|Spiritomb, L50, F|
|poke|p2|Gholdengo, L50|
|poke|p2|Incineroar, L50, M|
|poke|p2|Ursaluna-Bloodmoon, L50, M|
|poke|p2|Indeedee, L50, M|
|poke|p2|Sneasler, L50, M|
|poke|p2|Murkrow, L50, F|
|teampreview|4
|showteam|p1|Sneasler||GrassySeed|Unburden|CloseCombat,DireClaw,Acrobatics,Protect|||F|||50|,,,,,Flying]Rillaboom||LoadedDice|GrassySurge|FakeOut,GrassyGlide,BulletSeed,HighHorsepower|||M|||50|,,,,,Poison]Flamigo||CovertCloak|Scrappy|CloseCombat,Feint,WideGuard,Detect|||M|||50|,,,,,Ghost]Archaludon||AssaultVest|Stamina|DragonPulse,FlashCannon,ElectroShot,BodyPress|||M|||50|,,,,,Grass]Murkrow||Eviolite|Prankster|RainDance,Tailwind,Haze,BraveBird|||M|||50|,,,,,Ghost]Spiritomb||BlackGlasses|Pressure|Snarl,DarkPulse,TrickRoom,Imprison|||F|||50|,,,,,Dark
|showteam|p2|Gholdengo||ChoiceSpecs|GoodasGold|MakeItRain,ShadowBall,Thunderbolt,Trick||||||50|,,,,,Steel]Incineroar||SafetyGoggles|Intimidate|FlareBlitz,PartingShot,FakeOut,KnockOff|||M|||50|,,,,,Ghost]Ursaluna-Bloodmoon||AssaultVest|MindsEye|BloodMoon,EarthPower,HyperVoice,Moonblast|||M|||50|,,,,,Normal]Indeedee||FocusSash|PsychicSurge|ExpandingForce,Protect,TrickRoom,Imprison|||M|||50|,,,,,Psychic]Sneasler||PsychicSeed|Unburden|CloseCombat,DireClaw,FakeOut,ThroatChop|||M|||50|,,,,,Stellar]Murkrow||CovertCloak|Prankster|FoulPlay,Haze,SunnyDay,Tailwind|||F|||50|,,,,,Dark
|
|t:|1756630166
|teamsize|p1|4
|teamsize|p2|4
|start
|switch|p1a: Flamigo|Flamigo, L50, M|100/100
|switch|p1b: Murkrow|Murkrow, L50, M|100/100
|switch|p2a: Sneasler|Sneasler, L50, M|100/100
|switch|p2b: Ursaluna|Ursaluna-Bloodmoon, L50, M|100/100
|turn|1
|
|t:|1756630197
|move|p1a: Flamigo|Detect|p1a: Flamigo
|-singleturn|p1a: Flamigo|Protect
|move|p2a: Sneasler|Fake Out|p1b: Murkrow
|-crit|p1b: Murkrow
|-damage|p1b: Murkrow|63/100
|cant|p1b: Murkrow|flinch
|move|p2b: Ursaluna|Hyper Voice|p1a: Flamigo|[spread] p1b
|-activate|p1a: Flamigo|move: Protect
|-damage|p1b: Murkrow|5/100
|
|upkeep
|turn|2
|
|t:|1756630213
|-terastallize|p2a: Sneasler|Stellar
|move|p1b: Murkrow|Tailwind|p1b: Murkrow
|-sidestart|p1: elfokaz|move: Tailwind
|move|p1a: Flamigo|Close Combat|p2b: Ursaluna
|-supereffective|p2b: Ursaluna
|-damage|p2b: Ursaluna|5/100
|-unboost|p1a: Flamigo|def|1
|-unboost|p1a: Flamigo|spd|1
|move|p2a: Sneasler|Dire Claw|p1a: Flamigo
|-damage|p1a: Flamigo|0 fnt
|faint|p1a: Flamigo
|move|p2b: Ursaluna|Hyper Voice|p1b: Murkrow
|-damage|p1b: Murkrow|0 fnt
|faint|p1b: Murkrow
|
|upkeep
|
|t:|1756630220
|switch|p1a: Rillaboom|Rillaboom, L50, M|100/100
|switch|p1b: Archaludon|Archaludon, L50, M|100/100
|-fieldstart|move: Grassy Terrain|[from] ability: Grassy Surge|[of] p1a: Rillaboom
|turn|3
|
|t:|1756630252
|-terastallize|p1b: Archaludon|Grass
|move|p1a: Rillaboom|High Horsepower|p2a: Sneasler
|-supereffective|p2a: Sneasler
|-damage|p2a: Sneasler|7/100
|move|p1b: Archaludon|Dragon Pulse|p2a: Sneasler
|-damage|p2a: Sneasler|0 fnt
|faint|p2a: Sneasler
|move|p2b: Ursaluna|Earth Power|p1b: Archaludon
|-resisted|p1b: Archaludon
|-damage|p1b: Archaludon|84/100
|-unboost|p1b: Archaludon|spd|1
|-ability|p1b: Archaludon|Stamina|boost
|-boost|p1b: Archaludon|def|1
|
|-heal|p1b: Archaludon|90/100|[from] Grassy Terrain
|-heal|p2b: Ursaluna|11/100|[from] Grassy Terrain
|upkeep
|
|t:|1756630268
|switch|p2a: Indeedee|Indeedee, L50, M|100/100
|-fieldstart|move: Psychic Terrain|[from] ability: Psychic Surge|[of] p2a: Indeedee
|turn|4
|
|t:|1756630291
|move|p1a: Rillaboom|Bullet Seed|p2a: Indeedee
|-damage|p2a: Indeedee|70/100
|-damage|p2a: Indeedee|39/100
|-damage|p2a: Indeedee|9/100
|-damage|p2a: Indeedee|0 fnt
|faint|p2a: Indeedee
|-hitcount|p2: Indeedee|4
|move|p1b: Archaludon|Dragon Pulse|p2b: Ursaluna
|-damage|p2b: Ursaluna|0 fnt
|faint|p2b: Ursaluna
|
|upkeep
|
|t:|1756630305
|switch|p2b: Gholdengo|Gholdengo, L50|100/100
|turn|5
|
|t:|1756630318
|move|p1a: Rillaboom|High Horsepower|p2b: Gholdengo
|-supereffective|p2b: Gholdengo
|-damage|p2b: Gholdengo|20/100
|move|p1b: Archaludon|Dragon Pulse|p2b: Gholdengo
|-resisted|p2b: Gholdengo
|-damage|p2b: Gholdengo|0 fnt
|faint|p2b: Gholdengo
|
|win|elfokaz
||owbd is ready for game 2.
||elfokaz is ready for game 2.
|uhtml|next|Next: Game 2 of 3
|l|☆elfokaz
|player|p1|
