|j|☆G33KY
|j|☆MinasDevilCrobats
|html|G33KYMinasDevilCrobats    
|uhtml|bestof|Game 1 of a best-of-3
|t:|1757086073
|gametype|doubles
|player|p1|G33KY|silver|1070
|player|p2|MinasDevilCrobats|darach-caitlin|1084
|gen|9
|tier|[Gen 9] VGC 2025 Reg H (Bo3)
|rated|
|rule|Species Clause: Limit one of each Pokémon
|rule|Item Clause: Limit 1 of each item
|clearpoke
|poke|p1|Politoed, L50, M|
|poke|p1|Gothitelle, L50, F|
|poke|p1|Kingdra, L50, F|
|poke|p1|Archaludon, L50, F|
|poke|p1|Amoonguss, L50, M|
|poke|p1|Incineroar, L50, M|
|poke|p2|Indeedee, L50, M|
|poke|p2|Sneasler, L50, F|
|poke|p2|Dondozo, L50, M|
|poke|p2|Tatsugiri, L50, M|
|poke|p2|Talonflame, L50, M|
|poke|p2|Glimmora, L50, M|
|teampreview|4
|showteam|p1|Politoed||Leftovers|Drizzle|Protect,WeatherBall,Encore,PerishSong|||M|||50|,,,,,Grass]Gothitelle||SitrusBerry|ShadowTag|Protect,Psychic,FakeOut,TrickRoom|||F|||50|,,,,,Dark]Kingdra||LifeOrb|SwiftSwim|Protect,DracoMeteor,WeatherBall,MuddyWater|||F|||50|,,,,,Stellar]Archaludon||PowerHerb|Sturdy|Protect,ElectroShot,FlashCannon,DragonPulse|||F|||50|,,,,,Electric]Amoonguss||EjectButton|Regenerator|Protect,RagePowder,Spore,PollenPuff|||M|||50|,,,,,Fairy]Incineroar||SafetyGoggles|Intimidate|FakeOut,KnockOff,PartingShot,Protect|||M|||50|,,,,,Ghost
|showteam|p2|Indeedee||ChoiceScarf|PsychicSurge|ExpandingForce,DazzlingGleam,Trick,Protect|||M|||50|,,,,,Fairy]Sneasler||PsychicSeed|Unburden|CloseCombat,DireClaw,ThroatChop,Protect|||F|||50|,,,,,Dark]Dondozo||Leftovers|Unaware|WaveCrash,OrderUp,Earthquake,Protect|||M|||50|,,,,,Grass]Tatsugiri||LifeOrb|Commander|MuddyWater,DracoMeteor,DragonPulse,Protect|||M|||50|,,,,,Steel]Talonflame||CovertCloak|GaleWings|FlareBlitz,WillOWisp,Tailwind,Taunt|||M|||50|,,,,,Grass]Glimmora||PowerHerb|ToxicDebris|MeteorBeam,SludgeBomb,EarthPower,SpikyShield|||M|||50|,,,,,Grass
|inactive|Battle timer is ON: inactive players will automatically lose when time's up. (requested by G33KY)
|inactive|MinasDevilCrobats has 60 seconds left.
|
|t:|1757086108
|teamsize|p1|4
|teamsize|p2|4
|start
|switch|p1a: Wednesday|Gothitelle, L50, F|100/100
|switch|p1b: Amogus|Amoonguss, L50, M|100/100
|switch|p2a: Talonflame|Talonflame, L50, M|100/100
|switch|p2b: Glimmora|Glimmora, L50, M|100/100
|turn|1
|
|t:|1757086123
|-terastallize|p2a: Talonflame|Grass
|move|p1b: Amogus|Rage Powder|p1b: Amogus
|-singleturn|p1b: Amogus|move: Rage Powder
|move|p2a: Talonflame|Taunt|p1a: Wednesday
|-start|p1a: Wednesday|move: Taunt
|move|p2b: Glimmora|Meteor Beam||[still]
|-prepare|p2b: Glimmora|Meteor Beam
|-boost|p2b: Glimmora|spa|1
|-enditem|p2b: Glimmora|Power Herb
|-anim|p2b: Glimmora|Meteor Beam|p1b: Amogus
|-damage|p1b: Amogus|13/100
|-enditem|p1b: Amogus|Eject Button
|
|t:|1757086147
|switch|p1b: Michael Phelps|Kingdra, L50, F|100/100
|cant|p1a: Wednesday|move: Taunt|Trick Room
|
|upkeep
|turn|2
|inactive|G33KY has 30 seconds left.
|inactive|MinasDevilCrobats has 30 seconds left.
|
|t:|1757086175
|switch|p1b: Amogus|Amoonguss, L50, M|46/100
|move|p2a: Talonflame|Tailwind|p2a: Talonflame
|-sidestart|p2: MinasDevilCrobats|move: Tailwind
|move|p2b: Glimmora|Sludge Bomb|p1b: Amogus
|-damage|p1b: Amogus|0 fnt
|faint|p1b: Amogus
|move|p1a: Wednesday|Psychic|p2b: Glimmora
|-supereffective|p2b: Glimmora
|-damage|p2b: Glimmora|22/100
|
|upkeep
|
|t:|1757086187
|switch|p1b: Gravesinger|Politoed, L50, M|100/100
|-weather|RainDance|[from] ability: Drizzle|[of] p1b: Gravesinger
|turn|3
|
|t:|1757086209
|move|p2a: Talonflame|Taunt|p1b: Gravesinger
|-start|p1b: Gravesinger|move: Taunt
|move|p2b: Glimmora|Sludge Bomb|p1a: Wednesday
|-damage|p1a: Wednesday|41/100
|-status|p1a: Wednesday|psn
|-enditem|p1a: Wednesday|Sitrus Berry|[eat]
|-heal|p1a: Wednesday|65/100 psn|[from] item: Sitrus Berry
|move|p1b: Gravesinger|Weather Ball|p2b: Glimmora
|-supereffective|p2b: Glimmora
|-damage|p2b: Glimmora|0 fnt
|faint|p2b: Glimmora
|move|p1a: Wednesday|Psychic|p2a: Talonflame
|-damage|p2a: Talonflame|56/100
|
|-weather|RainDance|[upkeep]
|-damage|p1a: Wednesday|53/100 psn|[from] psn
|-end|p1a: Wednesday|move: Taunt
|upkeep
|
|t:|1757086222
|switch|p2b: Dondozo|Dondozo, L50, M|100/100
|turn|4
|
|t:|1757086237
|switch|p1b: Michael Phelps|Kingdra, L50, F|100/100
|move|p1a: Wednesday|Protect|p1a: Wednesday
|-singleturn|p1a: Wednesday|Protect
|move|p2a: Talonflame|Taunt|p1a: Wednesday
|-activate|p1a: Wednesday|move: Protect
|move|p2b: Dondozo|Order Up|p1b: Michael Phelps
|-supereffective|p1b: Michael Phelps
|-damage|p1b: Michael Phelps|49/100
|
|-weather|RainDance|[upkeep]
|-damage|p1a: Wednesday|41/100 psn|[from] psn
|upkeep
|turn|5
|inactive|G33KY has 30 seconds left.
|inactive|G33KY has 20 seconds left.
|
|t:|1757086276
|-terastallize|p1b: Michael Phelps|Stellar
|move|p2b: Dondozo|Protect|p2b: Dondozo
|-singleturn|p2b: Dondozo|Protect
|move|p2a: Talonflame|Taunt|p1a: Wednesday
|-start|p1a: Wednesday|move: Taunt
|move|p1b: Michael Phelps|Draco Meteor|p2b: Dondozo
|-activate|p2b: Dondozo|move: Protect
|move|p1a: Wednesday|Psychic|p2b: Dondozo
|-activate|p2b: Dondozo|move: Protect
|
|-weather|RainDance|[upkeep]
|-damage|p1a: Wednesday|28/100 psn|[from] psn
|-sideend|p2: MinasDevilCrobats|move: Tailwind
|upkeep
|turn|6
|-message|G33KY forfeited.
|
|win|MinasDevilCrobats
|l|☆G33KY
|player|p1|
|raw|G33KY's rating: 1070 → 1050(-20 for losing)
|raw|MinasDevilCrobats's rating: 1084 → 1110(+26 for winning)
