|j|☆MetaphorCrazyMonk
|j|☆bricktree
|html|MetaphorCrazyMonkbricktree    
|uhtml|bestof|Game 2 of a best-of-3
|t:|1782961448
|gametype|doubles
|player|p1|MetaphorCrazyMonk|expert-gen6|1313
|player|p2|bricktree|2|1318
|gen|9
|tier|[Gen 9 Champions] VGC 2026 Reg M-B (Bo3)
|rated|
|rule|Species Clause: Limit one of each Pokémon
|rule|Item Clause: Limit 1 of each item
|clearpoke
|poke|p1|Floette-Eternal, L50, F|
|poke|p1|Sinistcha, L50|
|poke|p1|Incineroar, L50, M|
|poke|p1|Delphox, L50, M|
|poke|p1|Kingambit, L50, M|
|poke|p1|Sneasler, L50, M|
|poke|p2|Staraptor, L50, M|
|poke|p2|Manectric, L50, F|
|poke|p2|Incineroar, L50, F|
|poke|p2|Ceruledge, L50, M|
|poke|p2|Sinistcha, L50|
|poke|p2|Ninetales-Alola, L50, M|
|teampreview|4
|showteam|p1|Floette-Eternal||Floettite|FlowerVeil|Moonblast,DazzlingGleam,CalmMind,Protect|Modest||F|||50|]Sinistcha||ColburBerry|Hospitality|MatchaGotcha,RagePowder,Protect,TrickRoom|Bold|||||50|]Incineroar||SitrusBerry|Intimidate|FlareBlitz,PartingShot,FakeOut,HelpingHand|Careful||M|||50|]Delphox||Delphoxite|Blaze|HeatWave,Psyshock,NastyPlot,Protect|Timid||M|||50|]Kingambit||BlackGlasses|Defiant|KowtowCleave,SuckerPunch,SwordsDance,Protect|Adamant||M|||50|]Sneasler||FocusSash|Unburden|CloseCombat,DireClaw,FakeOut,QuickGuard|Jolly||M|||50|
|showteam|p2|Staraptor||Staraptite|Intimidate|CloseCombat,BraveBird,Roost,Protect|Jolly||M|||50|]Manectric||Manectite|LightningRod|Thunderbolt,VoltSwitch,Overheat,Protect|Modest||F|||50|]Incineroar||SitrusBerry|Intimidate|FakeOut,FlareBlitz,DarkestLariat,PartingShot|Impish||F|||50|]Ceruledge||ColburBerry|FlashFire|SwordsDance,BitterBlade,ShadowSneak,Protect|Adamant||M|||50|]Sinistcha||KasibBerry|Hospitality|RagePowder,MatchaGotcha,TrickRoom,Protect|Bold|||||50|]Ninetales-Alola||FocusSash|SnowWarning|Blizzard,FreezeDry,Charm,Protect|Timid||M|||50|
|inactive|Battle timer is ON: inactive players will automatically lose when time's up. (requested by bricktree)
|inactive|MetaphorCrazyMonk has 60 seconds left.
|
|t:|1782961529
|teamsize|p1|4
|teamsize|p2|4
|start
|switch|p1a: Delphox|Delphox, L50, M|100/100
|switch|p1b: Vigile|Sneasler, L50, M|100/100
|switch|p2a: Incineroar|Incineroar, L50, F|100/100
|switch|p2b: Ceruledge|Ceruledge, L50, M|100/100
|-ability|p2a: Incineroar|Intimidate|boost
|-unboost|p1a: Delphox|atk|1
|-unboost|p1b: Vigile|atk|1
|turn|1
|inactive|bricktree has 30 seconds left.
|
|t:|1782961561
|switch|p2a: Staraptor|Staraptor, L50, M|100/100
|-ability|p2a: Staraptor|Intimidate|boost
|-unboost|p1a: Delphox|atk|1
|-unboost|p1b: Vigile|atk|1
|detailschange|p1a: Delphox|Delphox-Mega, L50, M
|-mega|p1a: Delphox|Delphox|Delphoxite
|move|p1b: Vigile|Fake Out|p2a: Staraptor
|-damage|p2a: Staraptor|91/100
|move|p1a: Delphox|Nasty Plot|p1a: Delphox
|-boost|p1a: Delphox|spa|2
|move|p2b: Ceruledge|Swords Dance|p2b: Ceruledge
|-boost|p2b: Ceruledge|atk|2
|
|upkeep
|turn|2
|
|t:|1782961578
|switch|p2a: Incineroar|Incineroar, L50, F|100/100
|-ability|p2a: Incineroar|Intimidate|boost
|-unboost|p1a: Delphox|atk|1
|-unboost|p1b: Vigile|atk|1
|move|p2b: Ceruledge|Protect|p2b: Ceruledge
|-singleturn|p2b: Ceruledge|Protect
|move|p1b: Vigile|Quick Guard|p1b: Vigile
|-singleturn|p1b: Vigile|Quick Guard
|move|p1a: Delphox|Psyshock|p2b: Ceruledge
|-activate|p2b: Ceruledge|move: Protect
|
|upkeep
|turn|3
|inactive|bricktree has 30 seconds left.
|
|t:|1782961606
|move|p1b: Vigile|Quick Guard|p1b: Vigile
|-singleturn|p1b: Vigile|Quick Guard
|move|p1a: Delphox|Psyshock|p2b: Ceruledge
|-damage|p2b: Ceruledge|0 fnt
|faint|p2b: Ceruledge
|move|p2a: Incineroar|Parting Shot|p1a: Delphox
|-unboost|p1a: Delphox|atk|1
|-unboost|p1a: Delphox|spa|1
|
|t:|1782961612
|switch|p2a: Staraptor|Staraptor, L50, M|91/100|[from] Parting Shot
|-ability|p2a: Staraptor|Intimidate|boost
|-unboost|p1a: Delphox|atk|1
|-unboost|p1b: Vigile|atk|1
|
|upkeep
|
|t:|1782961619
|switch|p2b: Incineroar|Incineroar, L50, F|100/100
|-ability|p2b: Incineroar|Intimidate|boost
|-unboost|p1a: Delphox|atk|1
|-unboost|p1b: Vigile|atk|1
|turn|4
|
|t:|1782961626
|switch|p1b: Il Conto?|Sinistcha, L50|100/100
|move|p1a: Delphox|Protect|p1a: Delphox
|-singleturn|p1a: Delphox|Protect
|move|p2a: Staraptor|Protect|p2a: Staraptor
|-singleturn|p2a: Staraptor|Protect
|move|p2b: Incineroar|Darkest Lariat|p1a: Delphox
|-activate|p1a: Delphox|move: Protect
|
|upkeep
|turn|5
|
|t:|1782961636
|switch|p2a: Sinistcha|Sinistcha, L50|100/100
|move|p1b: Il Conto?|Rage Powder|p1b: Il Conto?
|-singleturn|p1b: Il Conto?|move: Rage Powder
|move|p1a: Delphox|Psyshock|p2a: Sinistcha
|-damage|p2a: Sinistcha|42/100
|move|p2b: Incineroar|Darkest Lariat|p1b: Il Conto?
|-supereffective|p1b: Il Conto?|1
|-enditem|p1b: Il Conto?|Colbur Berry|[eat]
|-enditem|p1b: Il Conto?|Colbur Berry|[weaken]
|-damage|p1b: Il Conto?|69/100
|
|upkeep
|turn|6
|-message|bricktree forfeited.
|
|win|MetaphorCrazyMonk
|raw|MetaphorCrazyMonk's rating: 1313 → 1333(+20 for winning)
|raw|bricktree's rating: 1318 → 1298(-20 for losing)
|l|☆bricktree
|player|p2|
