|j|☆MushyMia727
|j|☆maya hoppins
|html|MushyMia727maya hoppins    
|uhtml|bestof|Game 1 of a best-of-3
|t:|1785768971
|gametype|doubles
|player|p1|MushyMia727|265|
|player|p2|maya hoppins|dahlia|
|gen|9
|tier|[Gen 9 Champions] VGC 2026 Reg M-B (Bo3)
|rule|Species Clause: Limit one of each Pokémon
|rule|Item Clause: Limit 1 of each item
|clearpoke
|poke|p1|Gardevoir, L50, M, shiny|
|poke|p1|Delphox, L50, F, shiny|
|poke|p1|Tsareena, L50, F, shiny|
|poke|p1|Lucario, L50, F, shiny|
|poke|p1|Talonflame, L50, F|
|poke|p1|Garchomp, L50, F, shiny|
|poke|p2|Arcanine-Hisui, L50, M|
|poke|p2|Meowscarada, L50, M|
|poke|p2|Raichu, L50, M|
|poke|p2|Milotic, L50, F|
|poke|p2|Ninetales-Alola, L50, F|
|poke|p2|Ditto, L50|
|teampreview|4
|showteam|p1|Gardevoir||ChoiceScarf|Telepathy|DazzlingGleam,Moonblast,Psychic,EnergyBall|Modest||M|||50|]Delphox||Delphoxite|Blaze|HeatWave,Protect,Psychic,ScorchingSands|Modest||F|||50|]Tsareena||WideLens|QueenlyMajesty|HelpingHand,PowerWhip,HighJumpKick,Protect|Adamant||F|||50|]Lucario||Lucarionite|InnerFocus|ExtremeSpeed,CloseCombat,BulletPunch,Protect|Jolly||F|||50|]Talonflame||FocusSash|GaleWings|Tailwind,FlareBlitz,DualWingbeat,BraveBird|Adamant||F|||50|]Garchomp||YacheBerry|RoughSkin|RockSlide,Protect,DragonClaw,Earthquake|Adamant||F|||50|
|showteam|p2|Arcanine-Hisui||ChoiceScarf|RockHead|FlareBlitz,RockSlide,ExtremeSpeed,HeadSmash|Adamant||M|||50|]Meowscarada||FocusSash|Overgrow|Protect,FlowerTrick,ThroatChop,SuckerPunch|Adamant||M|||50|]Raichu||RaichuniteX|Static|Protect,FakeOut,VoltTackle,PlayRough|Jolly||M|||50|]Milotic||Leftovers|MarvelScale|Protect,Scald,IcyWind,MirrorCoat|Modest||F|||50|]Ninetales-Alola||BabiriBerry|SnowWarning|FreezeDry,Blizzard,IcyWind,Protect|Timid||F|||50|]Ditto||LifeOrb|Imposter|Transform|Bashful|||||50|
|
|t:|1785769008
|teamsize|p1|4
|teamsize|p2|4
|start
|switch|p1a: Talonflame|Talonflame, L50, F|100/100
|switch|p1b: Tsareena|Tsareena, L50, F, shiny|100/100
|switch|p2a: Ditto|Ditto, L50|100/100
|switch|p2b: Arcanine|Arcanine-Hisui, L50, M|100/100
|-transform|p2a: Ditto|p1b: Tsareena|[from] ability: Imposter
|turn|1
|
|t:|1785769050
|switch|p2b: Milotic|Milotic, L50, F|100/100
|move|p1a: Talonflame|Tailwind|p1a: Talonflame
|-sidestart|p1: MushyMia727|move: Tailwind
|move|p1b: Tsareena|High Jump Kick|p2b: Milotic
|-damage|p2b: Milotic|60/100
|move|p2a: Ditto|High Jump Kick|p1b: Tsareena|[miss]
|-miss|p2a: Ditto|p1b: Tsareena
|-damage|p2a: Ditto|50/100g|[from] highjumpkick
|
|-heal|p2b: Milotic|66/100|[from] item: Leftovers
|upkeep
|turn|2
|
|t:|1785769069
|move|p2b: Milotic|Protect|p2b: Milotic
|-singleturn|p2b: Milotic|Protect
|move|p2a: Ditto|Protect|p2a: Ditto
|-singleturn|p2a: Ditto|Protect
|move|p1a: Talonflame|Dual Wingbeat||[still]
|cant|p2a: Ditto|ability: Queenly Majesty|Dual Wingbeat|[of] p1a: Talonflame
|move|p1b: Tsareena|Power Whip|p2b: Milotic
|-activate|p2b: Milotic|move: Protect
|
|-heal|p2b: Milotic|72/100|[from] item: Leftovers
|upkeep
|turn|3
|
|t:|1785769086
|move|p1a: Talonflame|Dual Wingbeat||[still]
|cant|p2a: Ditto|ability: Queenly Majesty|Dual Wingbeat|[of] p1a: Talonflame
|move|p1b: Tsareena|Power Whip|p2b: Milotic
|-supereffective|p2b: Milotic|1
|-damage|p2b: Milotic|0 fnt
|faint|p2b: Milotic
|move|p2a: Ditto|High Jump Kick|p1b: Tsareena
|-damage|p1b: Tsareena|42/100
|-damage|p2a: Ditto|40/100|[from] item: Life Orb
|
|upkeep
|
|t:|1785769100
|switch|p2b: Meowscarada|Meowscarada, L50, M|100/100
|turn|4
|
|t:|1785769111
|switch|p1a: Garchomp|Garchomp, L50, F, shiny|100/100
|move|p1b: Tsareena|Protect|p1b: Tsareena
|-singleturn|p1b: Tsareena|Protect
|move|p2b: Meowscarada|Throat Chop|p1a: Garchomp
|-damage|p1a: Garchomp|59/100
|-start|p1a: Garchomp|Throat Chop|[silent]
|-damage|p2b: Meowscarada|87/100|[from] ability: Rough Skin|[of] p1a: Garchomp
|move|p2a: Ditto|High Jump Kick|p1b: Tsareena
|-activate|p1b: Tsareena|move: Protect
|-damage|p2a: Ditto|0 fnt|[from] highjumpkick
|faint|p2a: Ditto
|
|-sideend|p1: MushyMia727|move: Tailwind
|upkeep
|
|t:|1785769113
|switch|p2a: Arcanine|Arcanine-Hisui, L50, M|100/100
|turn|5
|
|t:|1785769136
|move|p2a: Arcanine|Rock Slide|p1a: Garchomp|[spread] p1a,p1b
|-resisted|p1a: Garchomp|1
|-damage|p1a: Garchomp|43/100
|-damage|p1b: Tsareena|13/100
|move|p2b: Meowscarada|Flower Trick|p1a: Garchomp
|-crit|p1a: Garchomp
|-damage|p1a: Garchomp|0 fnt
|faint|p1a: Garchomp
|cant|p1b: Tsareena|flinch
|
|upkeep
|
|t:|1785769146
|switch|p1a: Talonflame|Talonflame, L50, F|100/100
|turn|6
|
|t:|1785769151
|move|p1a: Talonflame|Tailwind|p1a: Talonflame
|-sidestart|p1: MushyMia727|move: Tailwind
|move|p2a: Arcanine|Rock Slide|p1b: Tsareena|[spread] p1b
|-miss|p2a: Arcanine|p1a: Talonflame
|-damage|p1b: Tsareena|0 fnt
|faint|p1b: Tsareena
|move|p2b: Meowscarada|Throat Chop|p1a: Talonflame
|-damage|p1a: Talonflame|36/100
|-start|p1a: Talonflame|Throat Chop|[silent]
|
|upkeep
|
|t:|1785769155
|switch|p1b: Delphox|Delphox, L50, F, shiny|100/100
|turn|7
|
|t:|1785769172
|detailschange|p1b: Delphox|Delphox-Mega, L50, F, shiny
|-mega|p1b: Delphox|Delphox|Delphoxite
|move|p2b: Meowscarada|Sucker Punch|p1a: Talonflame
|-damage|p1a: Talonflame|0 fnt
|faint|p1a: Talonflame
|move|p1b: Delphox|Scorching Sands|p2a: Arcanine
|-supereffective|p2a: Arcanine|2
|-damage|p2a: Arcanine|0 fnt
|faint|p2a: Arcanine
|
|upkeep
|turn|8
|
|t:|1785769181
|move|p2b: Meowscarada|Protect|p2b: Meowscarada
|-singleturn|p2b: Meowscarada|Protect
|move|p1b: Delphox|Heat Wave|p2b: Meowscarada
|-activate|p2b: Meowscarada|move: Protect
|
|upkeep
|turn|9
|
|t:|1785769184
|move|p2b: Meowscarada|Sucker Punch|p1b: Delphox
|-supereffective|p1b: Delphox|1
|-damage|p1b: Delphox|0 fnt
|faint|p1b: Delphox
|
|win|maya hoppins
||maya hoppins is ready for game 2.
|inactive|MushyMia727 has 30 seconds to confirm battle start!
||MushyMia727 is ready for game 2.
|uhtml|next|Next: Game 2 of 3
