|j|☆LCchampleon
|j|☆K0deBeast
|html|LCchampleonK0deBeast    
|uhtml|bestof|Game 2 of a best-of-3
|t:|1783282861
|gametype|doubles
|player|p1|LCchampleon|2|1120
|player|p2|K0deBeast|hiker|1143
|gen|9
|tier|[Gen 9 Champions] VGC 2026 Reg M-B (Bo3)
|rated|
|rule|Species Clause: Limit one of each Pokémon
|rule|Item Clause: Limit 1 of each item
|clearpoke
|poke|p1|Kingambit, L50, M|
|poke|p1|Swampert, L50, F|
|poke|p1|Pelipper, L50, F|
|poke|p1|Sinistcha, L50|
|poke|p1|Archaludon, L50, F|
|poke|p1|Grimmsnarl, L50, M|
|poke|p2|Gengar, L50, M|
|poke|p2|Swampert, L50, F|
|poke|p2|Incineroar, L50, F|
|poke|p2|Politoed, L50, M|
|poke|p2|Archaludon, L50, M|
|poke|p2|Vivillon-Ocean, L50, F|
|teampreview|4
|showteam|p1|Kingambit||BlackGlasses|Defiant|KowtowCleave,SuckerPunch,SwordsDance,Protect|Adamant||M|||50|]Swampert||Swampertite|Torrent|WaveCrash,Earthquake,IcePunch,Protect|Adamant||F|||50|]Pelipper||SitrusBerry|Drizzle|WeatherBall,Hurricane,WideGuard,Protect|Modest||F|||50|]Sinistcha||OccaBerry|Hospitality|MatchaGotcha,TrickRoom,RagePowder,Protect|Relaxed|||||50|]Archaludon||Leftovers|Stamina|DragonPulse,FlashCannon,ElectroShot,Protect|Modest||F|||50|]Grimmsnarl||RoseliBerry|Prankster|FakeOut,SpiritBreak,LightScreen,PartingShot|Impish||M|||50|
|showteam|p2|Gengar||Gengarite|CursedBody|ShadowBall,PerishSong,SludgeBomb,Protect|Timid||M|||50|]Swampert||Swampertite|Torrent|WaveCrash,Earthquake,IcePunch,Protect|Adamant||F|||50|]Incineroar||PasshoBerry|Intimidate|ThroatChop,PartingShot,FakeOut,Protect|Sassy||F|||50|]Politoed||SitrusBerry|Drizzle|WeatherBall,PerishSong,Encore,Protect|Calm||M|||50|]Archaludon||Leftovers|Stamina|DragonPulse,FlashCannon,ElectroShot,Protect|Bold||M|||50|]Vivillon-Ocean||FocusSash|CompoundEyes|Hurricane,SleepPowder,RagePowder,Protect|Timid||F|||50|
|inactive|Battle timer is ON: inactive players will automatically lose when time's up. (requested by K0deBeast)
|
|t:|1783282895
|teamsize|p1|4
|teamsize|p2|4
|start
|switch|p1a: Archaludon|Archaludon, L50, F|100/100
|switch|p1b: Grimmsnarl|Grimmsnarl, L50, M|100/100
|switch|p2a: Incineroar|Incineroar, L50, F|100/100
|switch|p2b: Gengar|Gengar, L50, M|100/100
|-ability|p2a: Incineroar|Intimidate|boost
|-unboost|p1a: Archaludon|atk|1
|-unboost|p1b: Grimmsnarl|atk|1
|turn|1
|
|t:|1783282912
|switch|p1b: Swampert|Swampert, L50, F|100/100
|detailschange|p2b: Gengar|Gengar-Mega, L50, M
|-mega|p2b: Gengar|Gengar|Gengarite
|move|p2a: Incineroar|Fake Out|p1b: Swampert
|-damage|p1b: Swampert|88/100
|move|p2b: Gengar|Perish Song|p2b: Gengar
|-start|p1a: Archaludon|perish3|[silent]
|-start|p1b: Swampert|perish3|[silent]
|-start|p2a: Incineroar|perish3|[silent]
|-start|p2b: Gengar|perish3|[silent]
|-fieldactivate|move: Perish Song
|move|p1a: Archaludon|Flash Cannon|p2b: Gengar
|-damage|p2b: Gengar|63/100
|
|-start|p2b: Gengar|perish3
|-start|p1a: Archaludon|perish3
|-start|p1b: Swampert|perish3
|-start|p2a: Incineroar|perish3
|upkeep
|turn|2
|inactive|LCchampleon has 30 seconds left.
|
|t:|1783282937
|detailschange|p1b: Swampert|Swampert-Mega, L50, F
|-mega|p1b: Swampert|Swampert|Swampertite
|move|p2b: Gengar|Protect|p2b: Gengar
|-singleturn|p2b: Gengar|Protect
|move|p1a: Archaludon|Electro Shot||[still]
|-prepare|p1a: Archaludon|Electro Shot
|-boost|p1a: Archaludon|spa|1
|move|p1b: Swampert|Wave Crash|p2b: Gengar
|-activate|p2b: Gengar|move: Protect
|move|p2a: Incineroar|Parting Shot|p1b: Swampert
|-unboost|p1b: Swampert|atk|1
|-unboost|p1b: Swampert|spa|1
|
|t:|1783282954
|switch|p2a: Archaludon|Archaludon, L50, M|100/100|[from] Parting Shot
|
|-start|p2b: Gengar|perish2
|-start|p1a: Archaludon|perish2
|-start|p1b: Swampert|perish2
|upkeep
|turn|3
|
|t:|1783282966
|switch|p2a: Incineroar|Incineroar, L50, F|100/100
|-ability|p2a: Incineroar|Intimidate|boost
|-unboost|p1a: Archaludon|atk|1
|-unboost|p1b: Swampert|atk|1
|move|p2b: Gengar|Shadow Ball|p1b: Swampert
|-damage|p1b: Swampert|47/100
|-unboost|p1b: Swampert|spd|1
|move|p1a: Archaludon|Electro Shot|p2a: Incineroar|[from] lockedmove
|-damage|p2a: Incineroar|51/100
|move|p1b: Swampert|Wave Crash|p2b: Gengar
|-damage|p2b: Gengar|20/100y
|-damage|p1b: Swampert|33/100|[from] Recoil
|
|-start|p2b: Gengar|perish1
|-start|p1a: Archaludon|perish1
|-start|p1b: Swampert|perish1
|upkeep
|turn|4
|inactive|K0deBeast has 30 seconds left.
|
|t:|1783282992
|switch|p2b: Politoed|Politoed, L50, M|100/100
|-weather|RainDance|[from] ability: Drizzle|[of] p2b: Politoed
|move|p2a: Incineroar|Fake Out|p1a: Archaludon
|-resisted|p1a: Archaludon|1
|-damage|p1a: Archaludon|96/100
|-ability|p1a: Archaludon|Stamina|boost
|-boost|p1a: Archaludon|def|1
|move|p1b: Swampert|Earthquake|p2a: Incineroar|[spread] p1a,p2a,p2b
|-supereffective|p1a: Archaludon|1
|-supereffective|p2a: Incineroar|1
|-damage|p1a: Archaludon|74/100
|-damage|p2a: Incineroar|11/100
|-damage|p2b: Politoed|78/100
|-ability|p1a: Archaludon|Stamina|boost
|-boost|p1a: Archaludon|def|1
|cant|p1a: Archaludon|flinch
|
|-weather|RainDance|[upkeep]
|-heal|p1a: Archaludon|80/100|[from] item: Leftovers
|-start|p1b: Swampert|perish0
|-start|p1a: Archaludon|perish0
|upkeep
|faint|p1b: Swampert
|faint|p1a: Archaludon
|
|t:|1783282996
|switch|p1a: Grimmsnarl|Grimmsnarl, L50, M|100/100
|switch|p1b: Sinistcha|Sinistcha, L50|100/100
|turn|5
|inactive|K0deBeast has 30 seconds left.
|
|t:|1783283022
|move|p1a: Grimmsnarl|Fake Out|p2b: Politoed
|-damage|p2b: Politoed|68/100
|cant|p2b: Politoed|flinch
|move|p2a: Incineroar|Throat Chop|p1b: Sinistcha
|-supereffective|p1b: Sinistcha|1
|-damage|p1b: Sinistcha|52/100
|-start|p1b: Sinistcha|Throat Chop|[silent]
|move|p1b: Sinistcha|Trick Room|p1b: Sinistcha
|-fieldstart|move: Trick Room|[of] p1b: Sinistcha
|
|-weather|RainDance|[upkeep]
|upkeep
|turn|6
|
|t:|1783283028
|move|p2a: Incineroar|Parting Shot|p1a: Grimmsnarl
|-unboost|p1a: Grimmsnarl|atk|1
|-unboost|p1a: Grimmsnarl|spa|1
|
|t:|1783283033
|switch|p2a: Archaludon|Archaludon, L50, M|100/100|[from] Parting Shot
|move|p1a: Grimmsnarl|Spirit Break|p2b: Politoed
|-damage|p2b: Politoed|47/100
|-unboost|p2b: Politoed|spa|1
|-enditem|p2b: Politoed|Sitrus Berry|[eat]
|-heal|p2b: Politoed|72/100|[from] item: Sitrus Berry
|move|p1b: Sinistcha|Matcha Gotcha|p2a: Archaludon|[spread] p2a,p2b
|-resisted|p2a: Archaludon|2
|-supereffective|p2b: Politoed|1
|-damage|p2a: Archaludon|93/100
|-heal|p1b: Sinistcha|56/100|[from] drain|[of] p2a: Archaludon
|-damage|p2b: Politoed|35/100
|-heal|p1b: Sinistcha|76/100|[from] drain|[of] p2b: Politoed
|-ability|p2a: Archaludon|Stamina|boost
|-boost|p2a: Archaludon|def|1
|move|p2b: Politoed|Perish Song|p2b: Politoed
|-start|p1a: Grimmsnarl|perish3|[silent]
|-start|p1b: Sinistcha|perish3|[silent]
|-start|p2a: Archaludon|perish3|[silent]
|-start|p2b: Politoed|perish3|[silent]
|-fieldactivate|move: Perish Song
|
|-weather|RainDance|[upkeep]
|-heal|p2a: Archaludon|100/100|[from] item: Leftovers
|-end|p1b: Sinistcha|Throat Chop|[silent]
|-start|p1a: Grimmsnarl|perish3
|-start|p1b: Sinistcha|perish3
|-start|p2b: Politoed|perish3
|-start|p2a: Archaludon|perish3
|upkeep
|turn|7
|
|t:|1783283045
|switch|p2b: Incineroar|Incineroar, L50, F|11/100
|-ability|p2b: Incineroar|Intimidate|boost
|-unboost|p1a: Grimmsnarl|atk|1
|-unboost|p1b: Sinistcha|atk|1
|switch|p2a: Gengar|Gengar-Mega, L50, M|20/100y
|move|p1a: Grimmsnarl|Spirit Break|p2a: Gengar
|-resisted|p2a: Gengar|1
|-damage|p2a: Gengar|13/100
|-unboost|p2a: Gengar|spa|1
|move|p1b: Sinistcha|Matcha Gotcha|p2a: Gengar|[spread] p2a
|-miss|p1b: Sinistcha|p2b: Incineroar
|-resisted|p2a: Gengar|1
|-damage|p2a: Gengar|1/100
|-heal|p1b: Sinistcha|82/100|[from] drain|[of] p2a: Gengar
|-status|p2a: Gengar|brn
|
|-weather|RainDance|[upkeep]
|-damage|p2a: Gengar|0 fnt|[from] brn
|faint|p2a: Gengar
|-start|p1a: Grimmsnarl|perish2
|-start|p1b: Sinistcha|perish2
|upkeep
|
|t:|1783283055
|switch|p2a: Politoed|Politoed, L50, M|35/100
|turn|8
|
|t:|1783283067
|move|p2b: Incineroar|Parting Shot|p1a: Grimmsnarl
|-unboost|p1a: Grimmsnarl|atk|1
|-unboost|p1a: Grimmsnarl|spa|1
|
|t:|1783283071
|switch|p2b: Archaludon|Archaludon, L50, M|100/100|[from] Parting Shot
|move|p1a: Grimmsnarl|Spirit Break|p2a: Politoed
|-damage|p2a: Politoed|23/100
|-unboost|p2a: Politoed|spa|1
|move|p1b: Sinistcha|Matcha Gotcha|p2a: Politoed|[spread] p2a,p2b
|-supereffective|p2a: Politoed|1
|-crit|p2a: Politoed
|-resisted|p2b: Archaludon|2
|-damage|p2a: Politoed|0 fnt
|-heal|p1b: Sinistcha|95/100|[from] drain|[of] p2a: Politoed
|-damage|p2b: Archaludon|93/100
|-heal|p1b: Sinistcha|99/100|[from] drain|[of] p2b: Archaludon
|-ability|p2b: Archaludon|Stamina|boost
|-boost|p2b: Archaludon|def|1
|faint|p2a: Politoed
|
|-weather|none
|-heal|p2b: Archaludon|99/100|[from] item: Leftovers
|-start|p1a: Grimmsnarl|perish1
|-start|p1b: Sinistcha|perish1
|upkeep
|-message|LCchampleon forfeited.
|
|win|K0deBeast
|raw|LCchampleon's rating: 1120 → 1097(-23 for losing)
|raw|K0deBeast's rating: 1143 → 1166(+23 for winning)
|l|☆LCchampleon
|player|p1|
