|j|鈽咹eroLinik
|j|鈽咲rChunkalicious
|html|HeroLinikDrChunkalicious    
|uhtml|bestof|Game 2 of a best-of-3
|t:|1783538194
|gametype|doubles
|player|p1|HeroLinik|gambler|
|player|p2|DrChunkalicious|scientist-gen4|
|gen|9
|tier|[Gen 9 Champions] VGC 2026 Reg M-B (Bo3)
|rule|Species Clause: Limit one of each Pok茅mon
|rule|Item Clause: Limit 1 of each item
|clearpoke
|poke|p1|Pyroar, L50, M|
|poke|p1|Farigiraf, L50, M|
|poke|p1|Venusaur, L50, F|
|poke|p1|Primarina, L50, M|
|poke|p1|Torkoal, L50, M|
|poke|p1|Gholdengo, L50|
|poke|p2|Raichu, L50, M, shiny|
|poke|p2|Sinistcha-Masterpiece, L50, shiny|
|poke|p2|Sneasler, L50, M, shiny|
|poke|p2|Primarina, L50, M, shiny|
|poke|p2|Gengar, L50, M, shiny|
|poke|p2|Ditto, L50, shiny|
|teampreview|4
|showteam|p1|Pyroar||Pyroarite|Unnerve|Overheat,HeatWave,SolarBeam,Protect|Timid||M|||50|]Farigiraf||ColburBerry|ArmorTail|Protect,SunnyDay,TrickRoom,Psychic|Bold||M|||50|]Venusaur||FocusSash|Chlorophyll|SleepPowder,SludgeBomb,EarthPower,Protect|Timid||F|||50|]Primarina||LifeOrb|LiquidVoice|HyperVoice,Moonblast,DazzlingGleam,Protect|Quiet||M|||50|]Torkoal||Charcoal|Drought|Eruption,WeatherBall,HelpingHand,Yawn|Quiet||M|||50|]Gholdengo||ChoiceScarf|GoodasGold|MakeItRain,ShadowBall,FocusBlast,Thunderbolt|Timid|||||50|
|showteam|p2|Raichu||RaichuniteY|LightningRod|ZapCannon,FocusBlast,Surf,NastyPlot|Timid||M|||50|]Sinistcha-Masterpiece||Leftovers|Hospitality|RagePowder,MatchaGotcha,Hex,LifeDew|Bold|||||50|]Sneasler||WhiteHerb|Unburden|Acrobatics,CloseCombat,DireClaw,FakeOut|Adamant||M|||50|]Primarina||ShedShell|LiquidVoice|PerishSong,HyperVoice,Moonblast,IceBeam|Modest||M|||50|]Gengar||Gengarite|CursedBody|DestinyBond,DarkPulse,SludgeWave,ShadowBall|Timid||M|||50|]Ditto||ChoiceScarf|Imposter|Transform|Bold|||||50|
|inactive|Battle timer is ON: inactive players will automatically lose when time's up. (requested by HeroLinik)
|
|t:|1783538213
|teamsize|p1|4
|teamsize|p2|4
|start
|switch|p1a: Farigiraf|Farigiraf, L50, M|100/100
|switch|p1b: Primarina|Primarina, L50, M|100/100
|switch|p2a: Salon|Sneasler, L50, M, shiny|100/100
|switch|p2b: Pavarotti|Primarina, L50, M, shiny|100/100
|turn|1
|
|t:|1783538231
|move|p1b: Primarina|Protect|p1b: Primarina
|-singleturn|p1b: Primarina|Protect
|move|p2a: Salon|Dire Claw|p1b: Primarina
|-activate|p1b: Primarina|move: Protect
|move|p2b: Pavarotti|Moonblast|p1a: Farigiraf
|-damage|p1a: Farigiraf|52/100
|move|p1a: Farigiraf|Psychic|p2a: Salon
|-supereffective|p2a: Salon|2
|-damage|p2a: Salon|0 fnt
|faint|p2a: Salon
|
|upkeep
|c|鈽咲rChunkalicious|wait
|c|鈽咹eroLinik|what have you done now, you big boo
|c|鈽咲rChunkalicious|wtf this is not the lead i clicked???
|c|鈽咹eroLinik|tut-tut
|c|鈽咲rChunkalicious|hjust clocked that
|inactive|DrChunkalicious has 30 seconds left.
|c|鈽咲rChunkalicious|oh well gg
|c|鈽咹eroLinik|you are now, officially, a boo fail
|
|t:|1783538262
|switch|p2a: Antique|Sinistcha-Masterpiece, L50, shiny|100/100
|turn|2
|
|t:|1783538271
|move|p2a: Antique|Matcha Gotcha|p1a: Farigiraf|[spread] p1a,p1b
|-supereffective|p1b: Primarina|1
|-damage|p1a: Farigiraf|30/100
|-damage|p1b: Primarina|58/100
|move|p2b: Pavarotti|Moonblast|p1a: Farigiraf
|-damage|p1a: Farigiraf|0 fnt
|faint|p1a: Farigiraf
|move|p1b: Primarina|Dazzling Gleam|p2b: Pavarotti|[spread] p2a,p2b
|-damage|p2a: Antique|43/100
|-damage|p2b: Pavarotti|60/100
|-damage|p1b: Primarina|48/100|[from] item: Life Orb
|
|-heal|p2a: Antique|49/100|[from] item: Leftovers
|upkeep
|
|t:|1783538281
|switch|p1a: Pyroar|Pyroar, L50, M|100/100
|-ability|p1a: Pyroar|Unnerve
|turn|3
|
|t:|1783538289
|detailschange|p1a: Pyroar|Pyroar-Mega, L50, M
|-mega|p1a: Pyroar|Pyroar|Pyroarite
|move|p1a: Pyroar|Heat Wave|p2b: Pavarotti|[spread] p2a,p2b
|-supereffective|p2a: Antique|1
|-resisted|p2b: Pavarotti|1
|-damage|p2a: Antique|0 fnt
|-damage|p2b: Pavarotti|39/100
|faint|p2a: Antique
|move|p2b: Pavarotti|Hyper Voice|p1b: Primarina|[spread] p1a,p1b
|-supereffective|p1a: Pyroar|1
|-resisted|p1b: Primarina|1
|-damage|p1a: Pyroar|4/100
|-damage|p1b: Primarina|34/100
|move|p1b: Primarina|Dazzling Gleam|p2b: Pavarotti
|-damage|p2b: Pavarotti|0 fnt
|faint|p2b: Pavarotti
|-damage|p1b: Primarina|24/100|[from] item: Life Orb
|
|upkeep
|
|t:|1783538302
|switch|p2a: Yoinked|Ditto, L50, shiny|100/100
|-transform|p2a: Yoinked|p1b: Primarina|[from] ability: Imposter
|turn|4
|
|t:|1783538311
|move|p1a: Pyroar|Protect|p1a: Pyroar
|-singleturn|p1a: Pyroar|Protect
|move|p2a: Yoinked|Hyper Voice|p1b: Primarina|[spread] p1b
|-activate|p1a: Pyroar|move: Protect
|-resisted|p1b: Primarina|1
|-damage|p1b: Primarina|10/100
|move|p1b: Primarina|Moonblast|p2a: Yoinked
|-damage|p2a: Yoinked|33/100
|-damage|p1b: Primarina|1/100|[from] item: Life Orb
|
|upkeep
|turn|5
|c|鈽咲rChunkalicious|maybe?
|
|t:|1783538325
|move|p1a: Pyroar|Solar Beam||[still]
|-prepare|p1a: Pyroar|Solar Beam
|move|p2a: Yoinked|Hyper Voice|p1b: Primarina|[spread] p1a,p1b
|-supereffective|p1a: Pyroar|1
|-resisted|p1b: Primarina|1
|-damage|p1a: Pyroar|0 fnt
|-damage|p1b: Primarina|0 fnt
|faint|p1a: Pyroar
|faint|p1b: Primarina
|
|upkeep
|c|鈽咲rChunkalicious|so what you're saying is there's a chance
|c|鈽咲rChunkalicious|WAIT
|c|鈽咹eroLinik|I FORGOT THERE WAS NO SUN
|
|t:|1783538333
|switch|p1b: Torkoal|Torkoal, L50, M|100/100
|-weather|SunnyDay|[from] ability: Drought|[of] p1b: Torkoal
|turn|6
|c|鈽咲rChunkalicious|LMAO
|
|t:|1783538338
|move|p2a: Yoinked|Hyper Voice|p1b: Torkoal
|-supereffective|p1b: Torkoal|1
|-damage|p1b: Torkoal|37/100
|move|p1b: Torkoal|Weather Ball|p2a: Yoinked
|-resisted|p2a: Yoinked|1
|-damage|p2a: Yoinked|0 fnt
|faint|p2a: Yoinked
|
|win|HeroLinik
|c|鈽咲rChunkalicious|gg
|c|鈽咹eroLinik|NOT TODAY!
|c|鈽咲rChunkalicious|imagine if thank
|c|鈽咲rChunkalicious|tank
|c|鈽咲rChunkalicious|so there
|c|鈽咲rChunkalicious|i meant to lead rai Y
