|j|☆toughlogvgc
|j|☆tsteelerfan
|html|toughlogvgctsteelerfan    
|uhtml|bestof|Game 2 of a best-of-3
|t:|1783782994
|gametype|doubles
|player|p1|toughlogvgc|2|1000
|player|p2|tsteelerfan|266|1099
|gen|9
|tier|[Gen 9 Champions] VGC 2026 Reg M-B (Bo3)
|rated|
|rule|Species Clause: Limit one of each Pokémon
|rule|Item Clause: Limit 1 of each item
|clearpoke
|poke|p1|Charizard, L50, M|
|poke|p1|Garchomp, L50, M|
|poke|p1|Basculegion, L50, M|
|poke|p1|Whimsicott, L50, F|
|poke|p1|Kingambit, L50, F|
|poke|p1|Floette-Eternal, L50, F|
|poke|p2|Machamp, L50, F|
|poke|p2|Whimsicott, L50, M|
|poke|p2|Primarina, L50, F|
|poke|p2|Sinistcha, L50|
|poke|p2|Scolipede, L50, M|
|poke|p2|Grimmsnarl, L50, M|
|teampreview|4
|showteam|p1|Charizard||CharizarditeY|Blaze|HeatWave,SolarBeam,Protect,WeatherBall|Modest||M|||50|]Garchomp||LifeOrb|RoughSkin|DragonClaw,Earthquake,RockSlide,Protect|Jolly||M|||50|]Basculegion||ChoiceScarf|Adaptability|WaveCrash,AquaJet,FlipTurn,LastRespects|Adamant||M|||50|]Whimsicott||FocusSash|Prankster|Moonblast,Tailwind,Protect,Encore|Timid||F|||50|]Kingambit||BlackGlasses|Defiant|IronHead,KowtowCleave,Protect,SuckerPunch|Adamant||F|||50|]Floette-Eternal||Floettite|FlowerVeil|Moonblast,LightofRuin,DazzlingGleam,Protect|Modest||F|||50|
|showteam|p2|Machamp||BlackBelt|NoGuard|StoneEdge,BrickBreak,Detect,DynamicPunch|Adamant||F|||50|]Whimsicott||FocusSash|Prankster|Tailwind,Encore,DazzlingGleam,Taunt|Modest||M|||50|]Primarina||MysticWater|LiquidVoice|HyperVoice,Moonblast,LifeDew,LightScreen|Serious||F|||50|]Sinistcha||Leftovers|Hospitality|LifeDew,RagePowder,Protect,MatchaGotcha|Modest|||||50|]Scolipede||Scolipite|SpeedBoost|Protect,SteelRoller,GunkShot,RockSlide|Jolly||M|||50|]Grimmsnarl||FairyFeather|Prankster|Reflect,LightScreen,SpiritBreak,PartingShot|Serious||M|||50|
|inactive|Battle timer is ON: inactive players will automatically lose when time's up. (requested by tsteelerfan)
|
|t:|1783783035
|teamsize|p1|4
|teamsize|p2|4
|start
|switch|p1a: Whimsicott|Whimsicott, L50, F|100/100
|switch|p1b: Kingambit|Kingambit, L50, F|100/100
|switch|p2a: Whimsicott|Whimsicott, L50, M|100/100
|switch|p2b: Machamp|Machamp, L50, F|100/100
|turn|1
|
|t:|1783783054
|switch|p1b: Basculegion|Basculegion, L50, M|100/100
|move|p1a: Whimsicott|Tailwind|p1a: Whimsicott
|-sidestart|p1: toughlogvgc|move: Tailwind
|move|p2a: Whimsicott|Tailwind|p2a: Whimsicott
|-sidestart|p2: tsteelerfan|move: Tailwind
|move|p2b: Machamp|Dynamic Punch|p1b: Basculegion
|-immune|p1b: Basculegion
|
|upkeep
|turn|2
|inactive|toughlogvgc has 30 seconds left.
|
|t:|1783783081
|move|p2b: Machamp|Detect|p2b: Machamp
|-singleturn|p2b: Machamp|Protect
|move|p1a: Whimsicott|Encore|p2a: Whimsicott
|-start|p2a: Whimsicott|Encore
|move|p2a: Whimsicott|Tailwind||[still]
|-fail|p2a: Whimsicott
|move|p1b: Basculegion|Flip Turn|p2b: Machamp
|-activate|p2b: Machamp|move: Protect
|
|upkeep
|turn|3
|
|t:|1783783099
|switch|p2a: Sinistcha|Sinistcha, L50|100/100
|move|p1b: Basculegion|Flip Turn|p2b: Machamp
|-damage|p2b: Machamp|54/100
|
|t:|1783783105
|switch|p1b: Kingambit|Kingambit, L50, F|100/100|[from] Flip Turn
|move|p1a: Whimsicott|Moonblast|p2b: Machamp
|-supereffective|p2b: Machamp|1
|-damage|p2b: Machamp|0 fnt
|faint|p2b: Machamp
|
|upkeep
|
|t:|1783783110
|switch|p2b: Whimsicott|Whimsicott, L50, M|100/100
|turn|4
|inactive|toughlogvgc has 30 seconds left.
|
|t:|1783783137
|move|p2a: Sinistcha|Protect|p2a: Sinistcha
|-singleturn|p2a: Sinistcha|Protect
|move|p1a: Whimsicott|Moonblast|p2b: Whimsicott
|-damage|p2b: Whimsicott|50/100g
|move|p2b: Whimsicott|Dazzling Gleam|p1a: Whimsicott|[spread] p1a,p1b
|-damage|p1a: Whimsicott|60/100
|-damage|p1b: Kingambit|76/100
|move|p1b: Kingambit|Iron Head|p2b: Whimsicott
|-supereffective|p2b: Whimsicott|1
|-damage|p2b: Whimsicott|0 fnt
|faint|p2b: Whimsicott
|
|-sideend|p2: tsteelerfan|move: Tailwind
|-sideend|p1: toughlogvgc|move: Tailwind
|upkeep
|
|t:|1783783146
|switch|p2b: Scolipede|Scolipede, L50, M|100/100
|turn|5
|
|t:|1783783155
|detailschange|p2b: Scolipede|Scolipede-Mega, L50, M
|-mega|p2b: Scolipede|Scolipede|Scolipite
|move|p2a: Sinistcha|Rage Powder|p2a: Sinistcha
|-singleturn|p2a: Sinistcha|move: Rage Powder
|move|p1a: Whimsicott|Tailwind|p1a: Whimsicott
|-sidestart|p1: toughlogvgc|move: Tailwind
|move|p1b: Kingambit|Kowtow Cleave|p2a: Sinistcha
|-supereffective|p2a: Sinistcha|1
|-damage|p2a: Sinistcha|0 fnt
|faint|p2a: Sinistcha
|move|p2b: Scolipede|Rock Slide|p1a: Whimsicott|[spread] p1a,p1b
|-resisted|p1b: Kingambit|1
|-damage|p1a: Whimsicott|32/100
|-damage|p1b: Kingambit|70/100
|
|upkeep
|turn|6
|inactive|toughlogvgc has 30 seconds left.
|
|t:|1783783187
|move|p2b: Scolipede|Protect|p2b: Scolipede
|-singleturn|p2b: Scolipede|Protect
|move|p1a: Whimsicott|Encore|p2b: Scolipede
|-activate|p2b: Scolipede|move: Protect
|move|p1b: Kingambit|Kowtow Cleave|p2b: Scolipede
|-activate|p2b: Scolipede|move: Protect
|
|upkeep
|turn|7
|
|t:|1783783202
|move|p1a: Whimsicott|Encore|p2b: Scolipede
|-start|p2b: Scolipede|Encore
|move|p2b: Scolipede|Protect|p2b: Scolipede
|-singleturn|p2b: Scolipede|Protect
|move|p1b: Kingambit|Kowtow Cleave|p2b: Scolipede
|-activate|p2b: Scolipede|move: Protect
|
|upkeep
|turn|8
|-message|tsteelerfan forfeited.
|
|win|toughlogvgc
|raw|toughlogvgc's rating: 1000 → 1051(+51 for winning)
|raw|tsteelerfan's rating: 1099 → 1067(-32 for losing)
|l|☆tsteelerfan
|player|p2|
