|j|☆Azraelyne
|j|☆goodfish6211
|html|Azraelynegoodfish6211    
|uhtml|bestof|Game 2 of a best-of-3
|t:|1784799336
|gametype|doubles
|player|p1|Azraelyne|265|1044
|player|p2|goodfish6211|102|1081
|gen|9
|tier|[Gen 9 Champions] VGC 2026 Reg M-B (Bo3)
|rated|
|rule|Species Clause: Limit one of each Pokémon
|rule|Item Clause: Limit 1 of each item
|clearpoke
|poke|p1|Tauros-Paldea-Blaze, L50, M|
|poke|p1|Meowscarada, L50, M|
|poke|p1|Staraptor, L50, M|
|poke|p1|Raichu, L50, M|
|poke|p1|Glimmora, L50, M|
|poke|p1|Aerodactyl, L50, F|
|poke|p2|Incineroar, L50, F|
|poke|p2|Sneasler, L50, F, shiny|
|poke|p2|Whimsicott, L50, M|
|poke|p2|Sinistcha-Masterpiece, L50|
|poke|p2|Sylveon, L50, F, shiny|
|poke|p2|Tyranitar, L50, F|
|teampreview|4
|showteam|p1|Tauros-Paldea-Blaze||SitrusBerry|AngerPoint|RagingBull,Earthquake,Protect,CloseCombat|Impish||M|||50|]Meowscarada||FocusSash|Protean|FlowerTrick,Taunt,Charm,TripleAxel|Jolly||M|||50|]Staraptor||Staraptite|Intimidate|CloseCombat,BraveBird,Roost,Protect|Jolly||M|||50|]Raichu||RaichuniteY|LightningRod|FakeOut,ZapCannon,FocusBlast,Protect|Modest||M|||50|]Glimmora||ChoiceScarf|ToxicDebris|PowerGem,SludgeBomb,DazzlingGleam,EarthPower|Timid||M|||50|]Aerodactyl||WideLens|Unnerve|DualWingbeat,RockSlide,Tailwind,Protect|Jolly||F|||50|
|showteam|p2|Incineroar||PasshoBerry|Intimidate|FakeOut,FlareBlitz,DarkestLariat,PartingShot|Adamant||F|||50|]Sneasler||WhiteHerb|Unburden|CloseCombat,FakeOut,DireClaw,Protect|Adamant||F|||50|]Whimsicott||FocusSash|Prankster|Tailwind,Moonblast,Encore,Protect|Timid||M|||50|]Sinistcha-Masterpiece||SitrusBerry|Hospitality|MatchaGotcha,TrickRoom,RagePowder,Protect|Bold|||||50|]Sylveon||LifeOrb|Pixilate|HyperVoice,QuickAttack,DrainingKiss,Protect|Modest||F|||50|]Tyranitar||Tyranitarite|SandStream|KnockOff,RockSlide,DragonDance,Protect|Adamant||F|||50|
|inactive|Battle timer is ON: inactive players will automatically lose when time's up. (requested by goodfish6211)
|
|t:|1784799366
|teamsize|p1|4
|teamsize|p2|4
|start
|switch|p1a: Meowscarada|Meowscarada, L50, M|100/100
|switch|p1b: Raichu|Raichu, L50, M|100/100
|switch|p2a: Tyranitar|Tyranitar, L50, F|100/100
|switch|p2b: Whimsicott|Whimsicott, L50, M|100/100
|-weather|Sandstorm|[from] ability: Sand Stream|[of] p2a: Tyranitar
|turn|1
|
|t:|1784799387
|detailschange|p1b: Raichu|Raichu-Mega-Y, L50, M
|-mega|p1b: Raichu|Raichu|Raichunite Y
|move|p2a: Tyranitar|Protect|p2a: Tyranitar
|-singleturn|p2a: Tyranitar|Protect
|move|p1b: Raichu|Fake Out|p2a: Tyranitar
|-activate|p2a: Tyranitar|move: Protect
|move|p2b: Whimsicott|Tailwind|p2b: Whimsicott
|-sidestart|p2: goodfish6211|move: Tailwind
|move|p1a: Meowscarada|Triple Axel|p2b: Whimsicott
|-start|p1a: Meowscarada|typechange|Ice|[from] ability: Protean
|-supereffective|p2b: Whimsicott|1
|-damage|p2b: Whimsicott|76/100
|-supereffective|p2b: Whimsicott|1
|-damage|p2b: Whimsicott|32/100
|-supereffective|p2b: Whimsicott|1
|-damage|p2b: Whimsicott|0 fnt
|faint|p2b: Whimsicott
|-hitcount|p2: Whimsicott|3
|
|-weather|Sandstorm|[upkeep]
|-damage|p1a: Meowscarada|93/100|[from] Sandstorm
|-damage|p1b: Raichu|94/100|[from] Sandstorm
|upkeep
|
|t:|1784799391
|switch|p2b: Sneasler|Sneasler, L50, F, shiny|100/100
|turn|2
|inactive|Azraelyne has 30 seconds left.
|
|t:|1784799423
|detailschange|p2a: Tyranitar|Tyranitar-Mega, L50, F
|-mega|p2a: Tyranitar|Tyranitar|Tyranitarite
|move|p1b: Raichu|Protect|p1b: Raichu
|-singleturn|p1b: Raichu|Protect
|move|p2b: Sneasler|Fake Out|p1b: Raichu
|-activate|p1b: Raichu|move: Protect
|move|p2a: Tyranitar|Dragon Dance|p2a: Tyranitar
|-boost|p2a: Tyranitar|atk|1
|-boost|p2a: Tyranitar|spe|1
|move|p1a: Meowscarada|Charm|p2b: Sneasler
|-unboost|p2b: Sneasler|atk|2
|-enditem|p2b: Sneasler|White Herb
|-clearnegativeboost|p2b: Sneasler|[silent]
|
|-weather|Sandstorm|[upkeep]
|-damage|p2b: Sneasler|94/100|[from] Sandstorm
|-damage|p1a: Meowscarada|87/100|[from] Sandstorm
|-damage|p1b: Raichu|88/100|[from] Sandstorm
|upkeep
|turn|3
|inactive|Azraelyne has 30 seconds left.
|
|t:|1784799451
|switch|p2b: Sylveon|Sylveon, L50, F, shiny|100/100
|move|p2a: Tyranitar|Rock Slide|p1a: Meowscarada|[spread] p1a,p1b
|-supereffective|p1a: Meowscarada|1
|-damage|p1a: Meowscarada|0 fnt
|-damage|p1b: Raichu|0 fnt
|faint|p1a: Meowscarada
|faint|p1b: Raichu
|
|-weather|Sandstorm|[upkeep]
|-damage|p2b: Sylveon|93/100|[from] Sandstorm
|upkeep
|
|t:|1784799463
|switch|p1a: Glimmora|Glimmora, L50, M|100/100
|switch|p1b: Tauros|Tauros-Paldea-Blaze, L50, M|100/100
|turn|4
|inactive|goodfish6211 has 30 seconds left.
|
|t:|1784799501
|move|p1b: Tauros|Protect|p1b: Tauros
|-singleturn|p1b: Tauros|Protect
|move|p2a: Tyranitar|Rock Slide|p1a: Glimmora|[spread] p1a
|-activate|p1b: Tauros|move: Protect
|-damage|p1a: Glimmora|31/100
|-activate|p1a: Glimmora|ability: Toxic Debris
|-sidestart|p2: goodfish6211|move: Toxic Spikes
|move|p1a: Glimmora|Sludge Bomb|p2b: Sylveon
|-supereffective|p2b: Sylveon|1
|-damage|p2b: Sylveon|17/100
|-status|p2b: Sylveon|psn
|move|p2b: Sylveon|Hyper Voice|p1a: Glimmora|[spread] p1a
|-activate|p1b: Tauros|move: Protect
|-resisted|p1a: Glimmora|1
|-damage|p1a: Glimmora|9/100
|-damage|p2b: Sylveon|7/100 psn|[from] item: Life Orb
|
|-weather|Sandstorm|[upkeep]
|-damage|p2b: Sylveon|1/100 psn|[from] Sandstorm
|-damage|p1b: Tauros|93/100|[from] Sandstorm
|-damage|p2b: Sylveon|0 fnt|[from] psn
|faint|p2b: Sylveon
|-sideend|p2: goodfish6211|move: Tailwind
|upkeep
|
|t:|1784799515
|switch|p2b: Sneasler|Sneasler, L50, F, shiny|94/100
|-sideend|p2: goodfish6211|move: Toxic Spikes|[of] p2b: Sneasler
|turn|5
|inactive|Azraelyne has 30 seconds left.
|
|t:|1784799541
|move|p1b: Tauros|Protect||[still]
|-fail|p1b: Tauros
|move|p2b: Sneasler|Fake Out|p1b: Tauros
|-damage|p1b: Tauros|82/100
|move|p1a: Glimmora|Sludge Bomb|p2a: Tyranitar
|-resisted|p2a: Tyranitar|1
|-damage|p2a: Tyranitar|86/100
|move|p2a: Tyranitar|Dragon Dance|p2a: Tyranitar
|-boost|p2a: Tyranitar|atk|1
|-boost|p2a: Tyranitar|spe|1
|
|-weather|none
|upkeep
|turn|6
|
|t:|1784799559
|move|p2a: Tyranitar|Rock Slide|p1b: Tauros|[spread] p1a,p1b
|-damage|p1a: Glimmora|0 fnt
|-damage|p1b: Tauros|31/100
|-activate|p1a: Glimmora|ability: Toxic Debris
|-sidestart|p2: goodfish6211|move: Toxic Spikes
|-enditem|p1b: Tauros|Sitrus Berry|[eat]
|-heal|p1b: Tauros|56/100|[from] item: Sitrus Berry
|faint|p1a: Glimmora
|move|p2b: Sneasler|Close Combat|p1b: Tauros
|-damage|p1b: Tauros|4/100
|-unboost|p2b: Sneasler|def|1
|-unboost|p2b: Sneasler|spd|1
|move|p1b: Tauros|Close Combat|p2a: Tyranitar
|-supereffective|p2a: Tyranitar|2
|-damage|p2a: Tyranitar|0 fnt
|-unboost|p1b: Tauros|def|1
|-unboost|p1b: Tauros|spd|1
|faint|p2a: Tyranitar
|
|upkeep
|turn|7
|
|t:|1784799578
|move|p2b: Sneasler|Close Combat|p1b: Tauros
|-damage|p1b: Tauros|0 fnt
|-unboost|p2b: Sneasler|def|1
|-unboost|p2b: Sneasler|spd|1
|faint|p1b: Tauros
|
|win|goodfish6211
|raw|Azraelyne's rating: 1044 → 1029(-15 for losing)
|raw|goodfish6211's rating: 1081 → 1106(+25 for winning)
