|j|☆Zimtschnegge
|j|☆dialghite
|html|Zimtschneggedialghite    
|uhtml|bestof|Game 2 of a best-of-3
|t:|1783530989
|gametype|doubles
|player|p1|Zimtschnegge|266|
|player|p2|dialghite|volkner|
|gen|9
|tier|[Gen 9 Champions] VGC 2026 Reg M-B (Bo3)
|rule|Species Clause: Limit one of each Pokémon
|rule|Item Clause: Limit 1 of each item
|clearpoke
|poke|p1|Kingambit, L50, F|
|poke|p1|Charizard, L50, M|
|poke|p1|Aerodactyl, L50, F|
|poke|p1|Farigiraf, L50, M|
|poke|p1|Garchomp, L50, F|
|poke|p1|Sylveon, L50, M|
|poke|p2|Swampert, L50, M|
|poke|p2|Pelipper, L50, F|
|poke|p2|Archaludon, L50, F, shiny|
|poke|p2|Sableye, L50, M|
|poke|p2|Venusaur, L50, M|
|poke|p2|Charizard, L50, M, shiny|
|teampreview|4
|showteam|p1|Kingambit||FocusSash|Defiant|KowtowCleave,IronHead,SuckerPunch,LowKick|Adamant||F|||50|]Charizard||CharizarditeY|Blaze|HeatWave,SolarBeam,WeatherBall,Protect|Modest||M|||50|]Aerodactyl||Aerodactylite|Unnerve|RockSlide,DualWingbeat,IceFang,Tailwind|Jolly||F|||50|]Farigiraf||SitrusBerry|ArmorTail|Psychic,Thunderbolt,TrickRoom,Protect|Bold||M|||50|]Garchomp||LifeOrb|RoughSkin|Earthquake,DragonClaw,StompingTantrum,Protect|Jolly||F|||50|]Sylveon||FairyFeather|Pixilate|HyperVoice,HyperBeam,QuickAttack,Protect|Modest||M|||50|
|showteam|p2|Swampert||Swampertite|Torrent|WaveCrash,HighHorsepower,IcePunch,Protect|Adamant||M|||50|]Pelipper||SitrusBerry|Drizzle|WeatherBall,Hurricane,Tailwind,Protect|Modest||F|||50|]Archaludon||Leftovers|Stamina|DragonPulse,FlashCannon,ElectroShot,Protect|Modest||F|||50|]Sableye||RoseliBerry|Prankster|Encore,LightScreen,WillOWisp,RainDance|Sassy||M|||50|]Venusaur||LifeOrb|Chlorophyll|EnergyBall,SludgeBomb,EarthPower,Protect|Modest||M|||50|]Charizard||CharizarditeY|Blaze|WeatherBall,HeatWave,Hurricane,Protect|Modest||M|||50|
|inactive|Battle timer is ON: inactive players will automatically lose when time's up. (requested by dialghite)
|inactiveoff|Battle timer is now OFF.
|
|t:|1783531030
|teamsize|p1|4
|teamsize|p2|4
|start
|switch|p1a: Farigiraf|Farigiraf, L50, M|100/100
|switch|p1b: Kingambit|Kingambit, L50, F|100/100
|switch|p2a: Swampert|Swampert, L50, M|100/100
|switch|p2b: Sableye|Sableye, L50, M|100/100
|turn|1
|
|t:|1783531059
|switch|p2b: Archaludon|Archaludon, L50, F, shiny|100/100
|detailschange|p2a: Swampert|Swampert-Mega, L50, M
|-mega|p2a: Swampert|Swampert|Swampertite
|move|p2a: Swampert|High Horsepower|p1b: Kingambit
|-supereffective|p1b: Kingambit|1
|-enditem|p1b: Kingambit|Focus Sash
|-damage|p1b: Kingambit|1/100
|move|p1b: Kingambit|Kowtow Cleave|p2a: Swampert
|-damage|p2a: Swampert|57/100
|move|p1a: Farigiraf|Trick Room|p1a: Farigiraf
|-fieldstart|move: Trick Room|[of] p1a: Farigiraf
|
|upkeep
|turn|2
|
|t:|1783531086
|move|p2b: Archaludon|Protect|p2b: Archaludon
|-singleturn|p2b: Archaludon|Protect
|move|p2a: Swampert|Protect|p2a: Swampert
|-singleturn|p2a: Swampert|Protect
|move|p1a: Farigiraf|Psychic|p2a: Swampert
|-activate|p2a: Swampert|move: Protect
|move|p1b: Kingambit|Low Kick|p2b: Archaludon
|-activate|p2b: Archaludon|move: Protect
|
|upkeep
|turn|3
|
|t:|1783531096
|move|p1a: Farigiraf|Psychic|p2a: Swampert
|-damage|p2a: Swampert|27/100
|-unboost|p2a: Swampert|spd|1
|move|p1b: Kingambit|Kowtow Cleave|p2a: Swampert
|-damage|p2a: Swampert|0 fnt
|faint|p2a: Swampert
|move|p2b: Archaludon|Dragon Pulse|p1b: Kingambit
|-resisted|p1b: Kingambit|1
|-damage|p1b: Kingambit|0 fnt
|faint|p1b: Kingambit
|
|upkeep
|
|t:|1783531111
|switch|p1b: Sylveon|Sylveon, L50, M|100/100
|switch|p2a: Sableye|Sableye, L50, M|100/100
|turn|4
|
|t:|1783531124
|move|p2a: Sableye|Light Screen|p2a: Sableye
|-sidestart|p2: dialghite|move: Light Screen
|move|p1a: Farigiraf|Thunderbolt|p2a: Sableye
|-damage|p2a: Sableye|83/100
|move|p1b: Sylveon|Hyper Voice|p2b: Archaludon|[spread] p2a,p2b
|-supereffective|p2a: Sableye|1
|-enditem|p2a: Sableye|Roseli Berry|[eat]
|-enditem|p2a: Sableye|Roseli Berry|[weaken]
|-damage|p2a: Sableye|48/100
|-damage|p2b: Archaludon|71/100
|-ability|p2b: Archaludon|Stamina|boost
|-boost|p2b: Archaludon|def|1
|move|p2b: Archaludon|Flash Cannon|p1b: Sylveon
|-supereffective|p1b: Sylveon|1
|-damage|p1b: Sylveon|41/100
|
|-heal|p2b: Archaludon|77/100|[from] item: Leftovers
|upkeep
|turn|5
|
|t:|1783531151
|move|p2a: Sableye|Rain Dance|p2a: Sableye
|-weather|RainDance
|move|p1a: Farigiraf|Psychic|p2b: Archaludon
|-resisted|p2b: Archaludon|1
|-damage|p2b: Archaludon|67/100
|-ability|p2b: Archaludon|Stamina|boost
|-boost|p2b: Archaludon|def|1
|move|p1b: Sylveon|Hyper Voice|p2a: Sableye|[spread] p2a,p2b
|-supereffective|p2a: Sableye|1
|-damage|p2a: Sableye|0 fnt
|-damage|p2b: Archaludon|36/100
|-ability|p2b: Archaludon|Stamina|boost
|-boost|p2b: Archaludon|def|1
|faint|p2a: Sableye
|move|p2b: Archaludon|Electro Shot||[still]
|-prepare|p2b: Archaludon|Electro Shot
|-boost|p2b: Archaludon|spa|1
|-anim|p2b: Archaludon|Electro Shot|p1a: Farigiraf
|-crit|p1a: Farigiraf
|-damage|p1a: Farigiraf|13/100
|-enditem|p1a: Farigiraf|Sitrus Berry|[eat]
|-heal|p1a: Farigiraf|38/100|[from] item: Sitrus Berry
|
|-weather|RainDance|[upkeep]
|-heal|p2b: Archaludon|42/100|[from] item: Leftovers
|-fieldend|move: Trick Room
|upkeep
|
|t:|1783531158
|switch|p2a: Pelipper|Pelipper, L50, F|100/100
|turn|6
|
|t:|1783531208
|move|p2b: Archaludon|Electro Shot||[still]
|-prepare|p2b: Archaludon|Electro Shot
|-boost|p2b: Archaludon|spa|1
|-anim|p2b: Archaludon|Electro Shot|p1b: Sylveon
|-damage|p1b: Sylveon|0 fnt
|faint|p1b: Sylveon
|move|p2a: Pelipper|Weather Ball|p1a: Farigiraf
|-damage|p1a: Farigiraf|0 fnt
|faint|p1a: Farigiraf
|
|-weather|RainDance|[upkeep]
|-heal|p2b: Archaludon|48/100|[from] item: Leftovers
|upkeep
|
|t:|1783531220
|switch|p1b: Charizard|Charizard, L50, M|100/100
|turn|7
|
|t:|1783531228
|detailschange|p1b: Charizard|Charizard-Mega-Y, L50, M
|-mega|p1b: Charizard|Charizard|Charizardite Y
|-weather|SunnyDay|[from] ability: Drought|[of] p1b: Charizard
|move|p2b: Archaludon|Protect|p2b: Archaludon
|-singleturn|p2b: Archaludon|Protect
|move|p1b: Charizard|Heat Wave|p2b: Archaludon|[spread] p2a
|-activate|p2b: Archaludon|move: Protect
|-resisted|p2a: Pelipper|1
|-damage|p2a: Pelipper|74/100
|move|p2a: Pelipper|Tailwind|p2a: Pelipper
|-sidestart|p2: dialghite|move: Tailwind
|
|-weather|SunnyDay|[upkeep]
|-heal|p2b: Archaludon|55/100|[from] item: Leftovers
|upkeep
|turn|8
|
|t:|1783531243
|move|p2b: Archaludon|Dragon Pulse|p1b: Charizard
|-damage|p1b: Charizard|32/100
|move|p2a: Pelipper|Weather Ball|p1b: Charizard
|-resisted|p1b: Charizard|1
|-damage|p1b: Charizard|16/100
|move|p1b: Charizard|Weather Ball|p2b: Archaludon
|-damage|p2b: Archaludon|3/100
|-ability|p2b: Archaludon|Stamina|boost
|-boost|p2b: Archaludon|def|1
|
|-weather|SunnyDay|[upkeep]
|-heal|p2b: Archaludon|9/100|[from] item: Leftovers
|-sideend|p2: dialghite|move: Light Screen
|upkeep
|turn|9
|
|t:|1783531258
|move|p1b: Charizard|Protect|p1b: Charizard
|-singleturn|p1b: Charizard|Protect
|move|p2b: Archaludon|Dragon Pulse|p1b: Charizard
|-activate|p1b: Charizard|move: Protect
|move|p2a: Pelipper|Weather Ball|p1b: Charizard
|-activate|p1b: Charizard|move: Protect
|
|-weather|SunnyDay|[upkeep]
|-heal|p2b: Archaludon|15/100|[from] item: Leftovers
|upkeep
|turn|10
|
|t:|1783531267
|move|p1b: Charizard|Protect||[still]
|-fail|p1b: Charizard
|move|p2b: Archaludon|Dragon Pulse|p1b: Charizard
|-damage|p1b: Charizard|0 fnt
|faint|p1b: Charizard
|
|win|dialghite
