|j|☆AbadanRiyi92
|j|☆Tyrunt Jumpman
|html|AbadanRiyi92Tyrunt Jumpman    
|uhtml|bestof|Game 2 of a best-of-3
|t:|1785425945
|gametype|doubles
|player|p1|AbadanRiyi92|colress|1158
|player|p2|Tyrunt Jumpman|hiker-gen4|1305
|gen|9
|tier|[Gen 9 Champions] VGC 2026 Reg M-B (Bo3)
|rated|
|rule|Species Clause: Limit one of each Pokémon
|rule|Item Clause: Limit 1 of each item
|clearpoke
|poke|p1|Gengar, L50, F, shiny|
|poke|p1|Maushold-Four, L50|
|poke|p1|Annihilape, L50, M|
|poke|p1|Incineroar, L50, F|
|poke|p1|Politoed, L50, F, shiny|
|poke|p1|Archaludon, L50, F|
|poke|p2|Tyranitar, L50, M|
|poke|p2|Excadrill, L50, F|
|poke|p2|Milotic, L50, M|
|poke|p2|Sinistcha, L50|
|poke|p2|Staraptor, L50, M|
|poke|p2|Gholdengo, L50|
|teampreview|4
|showteam|p1|Gengar||Gengarite|CursedBody|ShadowBall,Disable,PerishSong,Protect|Timid||F|||50|]Maushold-Four||FocusSash|FriendGuard|FollowMe,Encore,BeatUp,Protect|Jolly|||||50|]Annihilape||RoseliBerry|Defiant|RageFist,CloseCombat,Encore,Protect|Jolly||M|||50|]Incineroar||PasshoBerry|Intimidate|PartingShot,ThroatChop,Protect,FakeOut|Sassy||F|||50|]Politoed||SitrusBerry|Drizzle|WeatherBall,Encore,PerishSong,Protect|Calm||F|||50|]Archaludon||Leftovers|Stamina|DragonPulse,FlashCannon,ElectroShot,Protect|Bold||F|||50|
|showteam|p2|Tyranitar||Tyranitarite|SandStream|KnockOff,RockSlide,HighHorsepower,Protect|Jolly||M|||50|]Excadrill||FocusSash|SandRush|Earthquake,IronHead,RockSlide,Protect|Adamant||F|||50|]Milotic||SitrusBerry|Competitive|Scald,IceBeam,IcyWind,Protect|Calm||M|||50|]Sinistcha||ColburBerry|Hospitality|MatchaGotcha,ShadowBall,Protect,RagePowder|Bold|||||50|]Staraptor||Staraptite|Intimidate|CloseCombat,BraveBird,Tailwind,Protect|Jolly||M|||50|]Gholdengo||LifeOrb|GoodasGold|MakeItRain,ShadowBall,NastyPlot,Protect|Modest|||||50|
|inactive|Battle timer is ON: inactive players will automatically lose when time's up. (requested by AbadanRiyi92)
|inactive|Tyrunt Jumpman has 60 seconds left.
|inactive|Tyrunt Jumpman has 30 seconds left.
|inactive|Tyrunt Jumpman has 20 seconds left.
|inactive|Tyrunt Jumpman has 15 seconds left.
|
|t:|1785426029
|teamsize|p1|4
|teamsize|p2|4
|start
|switch|p1a: Gengar|Gengar, L50, F, shiny|100/100
|switch|p1b: Annihilape|Annihilape, L50, M|100/100
|switch|p2a: Staraptor|Staraptor, L50, M|100/100
|switch|p2b: Gholdengo|Gholdengo, L50|100/100
|-ability|p2a: Staraptor|Intimidate|boost
|-unboost|p1a: Gengar|atk|1
|-unboost|p1b: Annihilape|atk|1
|-ability|p1b: Annihilape|Defiant|boost
|-boost|p1b: Annihilape|atk|2
|turn|1
|inactive|AbadanRiyi92 has 30 seconds left.
|inactive|Tyrunt Jumpman has 30 seconds left.
|
|t:|1785426063
|switch|p2b: Tyranitar|Tyranitar, L50, M|100/100
|-weather|Sandstorm|[from] ability: Sand Stream|[of] p2b: Tyranitar
|detailschange|p1a: Gengar|Gengar-Mega, L50, F, shiny
|-mega|p1a: Gengar|Gengar|Gengarite
|move|p1a: Gengar|Shadow Ball|p2b: Tyranitar
|-resisted|p2b: Tyranitar|1
|-damage|p2b: Tyranitar|86/100
|-unboost|p2b: Tyranitar|spd|1
|move|p2a: Staraptor|Tailwind|p2a: Staraptor
|-sidestart|p2: Tyrunt Jumpman|move: Tailwind
|move|p1b: Annihilape|Rage Fist|p2b: Tyranitar
|-resisted|p2b: Tyranitar|1
|-damage|p2b: Tyranitar|69/100
|
|-weather|Sandstorm|[upkeep]
|-damage|p2a: Staraptor|94/100|[from] Sandstorm
|-damage|p1a: Gengar|93/100|[from] Sandstorm
|-damage|p1b: Annihilape|94/100|[from] Sandstorm
|upkeep
|turn|2
|inactive|AbadanRiyi92 has 30 seconds left.
|inactive|Tyrunt Jumpman has 30 seconds left.
|inactive|Tyrunt Jumpman has 20 seconds left.
|
|t:|1785426101
|switch|p1b: Archaludon|Archaludon, L50, F|100/100
|move|p1a: Gengar|Protect|p1a: Gengar
|-singleturn|p1a: Gengar|Protect
|move|p2a: Staraptor|Brave Bird|p1b: Archaludon
|-resisted|p1b: Archaludon|1
|-damage|p1b: Archaludon|83/100
|-ability|p1b: Archaludon|Stamina|boost
|-boost|p1b: Archaludon|def|1
|-damage|p2a: Staraptor|88/100|[from] Recoil
|move|p2b: Tyranitar|Knock Off|p1b: Archaludon
|-damage|p1b: Archaludon|60/100
|-ability|p1b: Archaludon|Stamina|boost
|-boost|p1b: Archaludon|def|1
|-enditem|p1b: Archaludon|Leftovers|[from] move: Knock Off|[of] p2b: Tyranitar
|
|-weather|Sandstorm|[upkeep]
|-damage|p2a: Staraptor|82/100|[from] Sandstorm
|-damage|p1a: Gengar|87/100|[from] Sandstorm
|upkeep
|turn|3
|inactive|AbadanRiyi92 has 30 seconds left.
|inactive|Tyrunt Jumpman has 30 seconds left.
|inactive|Tyrunt Jumpman has 20 seconds left.
|inactive|Tyrunt Jumpman has 15 seconds left.
|inactive|Tyrunt Jumpman has 10 seconds left.
|inactive|Tyrunt Jumpman has 5 seconds left.
|
|t:|1785426156
|move|p1b: Archaludon|Protect|p1b: Archaludon
|-singleturn|p1b: Archaludon|Protect
|move|p2a: Staraptor|Close Combat|p1b: Archaludon
|-activate|p1b: Archaludon|move: Protect
|move|p2b: Tyranitar|Knock Off|p1b: Archaludon
|-activate|p1b: Archaludon|move: Protect
|move|p1a: Gengar|Disable|p2a: Staraptor
|-start|p2a: Staraptor|Disable|Close Combat
|
|-weather|Sandstorm|[upkeep]
|-damage|p2a: Staraptor|76/100|[from] Sandstorm
|-damage|p1a: Gengar|81/100|[from] Sandstorm
|upkeep
|turn|4
|
|t:|1785426181
|detailschange|p2b: Tyranitar|Tyranitar-Mega, L50, M
|-mega|p2b: Tyranitar|Tyranitar|Tyranitarite
|move|p1a: Gengar|Protect|p1a: Gengar
|-singleturn|p1a: Gengar|Protect
|move|p2a: Staraptor|Brave Bird|p1a: Gengar
|-activate|p1a: Gengar|move: Protect
|move|p2b: Tyranitar|Knock Off|p1a: Gengar
|-activate|p1a: Gengar|move: Protect
|move|p1b: Archaludon|Flash Cannon|p2b: Tyranitar
|-supereffective|p2b: Tyranitar|1
|-damage|p2b: Tyranitar|15/100
|
|-weather|Sandstorm|[upkeep]
|-damage|p2a: Staraptor|70/100|[from] Sandstorm
|-damage|p1a: Gengar|75/100|[from] Sandstorm
|-sideend|p2: Tyrunt Jumpman|move: Tailwind
|upkeep
|turn|5
|
|t:|1785426203
|switch|p1a: Politoed|Politoed, L50, F, shiny|100/100
|-weather|RainDance|[from] ability: Drizzle|[of] p1a: Politoed
|move|p2b: Tyranitar|Protect|p2b: Tyranitar
|-singleturn|p2b: Tyranitar|Protect
|move|p2a: Staraptor|Tailwind|p2a: Staraptor
|-sidestart|p2: Tyrunt Jumpman|move: Tailwind
|move|p1b: Archaludon|Electro Shot||[still]
|-prepare|p1b: Archaludon|Electro Shot
|-boost|p1b: Archaludon|spa|1
|-anim|p1b: Archaludon|Electro Shot|p2a: Staraptor
|-supereffective|p2a: Staraptor|1
|-damage|p2a: Staraptor|0 fnt
|faint|p2a: Staraptor
|
|-weather|RainDance|[upkeep]
|upkeep
|inactive|Tyrunt Jumpman has 30 seconds left.
|
|t:|1785426231
|switch|p2a: Sinistcha|Sinistcha, L50|100/100
|-heal|p2b: Tyranitar|40/100|[from] ability: Hospitality|[of] p2a: Sinistcha
|turn|6
|
|t:|1785426247
|switch|p2b: Gholdengo|Gholdengo, L50|100/100
|move|p2a: Sinistcha|Matcha Gotcha|p1a: Politoed|[spread] p1a,p1b
|-supereffective|p1a: Politoed|1
|-resisted|p1b: Archaludon|2
|-damage|p1a: Politoed|62/100
|-damage|p1b: Archaludon|54/100
|-ability|p1b: Archaludon|Stamina|boost
|-boost|p1b: Archaludon|def|1
|move|p1b: Archaludon|Electro Shot||[still]
|-prepare|p1b: Archaludon|Electro Shot
|-boost|p1b: Archaludon|spa|1
|-anim|p1b: Archaludon|Electro Shot|p2a: Sinistcha
|-resisted|p2a: Sinistcha|1
|-damage|p2a: Sinistcha|61/100
|move|p1a: Politoed|Weather Ball|p2b: Gholdengo
|-damage|p2b: Gholdengo|55/100
|
|-weather|RainDance|[upkeep]
|upkeep
|turn|7
|inactive|AbadanRiyi92 has 30 seconds left.
|inactive|Tyrunt Jumpman has 30 seconds left.
|inactive|AbadanRiyi92 has 20 seconds left.
|inactive|AbadanRiyi92 has 15 seconds left.
|inactive|AbadanRiyi92 has 10 seconds left.
|inactive|AbadanRiyi92 has 5 seconds left.
|
|t:|1785426298
|switch|p2a: Tyranitar|Tyranitar-Mega, L50, M|40/100
|-weather|Sandstorm|[from] ability: Sand Stream|[of] p2a: Tyranitar
|switch|p1a: Annihilape|Annihilape, L50, M|94/100
|move|p2b: Gholdengo|Nasty Plot|p2b: Gholdengo
|-boost|p2b: Gholdengo|spa|2
|move|p1b: Archaludon|Flash Cannon|p2b: Gholdengo
|-resisted|p2b: Gholdengo|1
|-damage|p2b: Gholdengo|26/100
|
|-weather|Sandstorm|[upkeep]
|-damage|p1a: Annihilape|88/100|[from] Sandstorm
|upkeep
|turn|8
|inactive|AbadanRiyi92 has 30 seconds left.
|inactive|AbadanRiyi92 has 20 seconds left.
|
|t:|1785426337
|switch|p2a: Sinistcha|Sinistcha, L50|61/100
|-heal|p2b: Gholdengo|51/100|[from] ability: Hospitality|[of] p2a: Sinistcha
|move|p2b: Gholdengo|Protect|p2b: Gholdengo
|-singleturn|p2b: Gholdengo|Protect
|move|p1a: Annihilape|Protect|p1a: Annihilape
|-singleturn|p1a: Annihilape|Protect
|move|p1b: Archaludon|Protect||[still]
|-fail|p1b: Archaludon
|
|-weather|Sandstorm|[upkeep]
|-damage|p2a: Sinistcha|56/100|[from] Sandstorm
|-damage|p1a: Annihilape|82/100|[from] Sandstorm
|-sideend|p2: Tyrunt Jumpman|move: Tailwind
|upkeep
|turn|9
|
|t:|1785426359
|move|p2a: Sinistcha|Rage Powder|p2a: Sinistcha
|-singleturn|p2a: Sinistcha|move: Rage Powder
|move|p1a: Annihilape|Rage Fist|p2a: Sinistcha
|-supereffective|p2a: Sinistcha|1
|-damage|p2a: Sinistcha|18/100
|move|p2b: Gholdengo|Make It Rain|p1a: Annihilape|[spread] p1a,p1b
|-resisted|p1b: Archaludon|1
|-damage|p1a: Annihilape|0 fnt
|-damage|p1b: Archaludon|1/100
|-unboost|p2b: Gholdengo|spa|2
|-ability|p1b: Archaludon|Stamina|boost
|-boost|p1b: Archaludon|def|1
|faint|p1a: Annihilape
|-damage|p2b: Gholdengo|41/100|[from] item: Life Orb
|move|p1b: Archaludon|Dragon Pulse|p2a: Sinistcha
|-damage|p2a: Sinistcha|0 fnt
|faint|p2a: Sinistcha
|
|-weather|Sandstorm|[upkeep]
|upkeep
|inactive|AbadanRiyi92 has 30 seconds left.
|
|t:|1785426385
|switch|p1a: Gengar|Gengar-Mega, L50, F, shiny|75/100
|switch|p2a: Tyranitar|Tyranitar-Mega, L50, M|40/100
|turn|10
|inactive|AbadanRiyi92 has 30 seconds left.
|
|t:|1785426413
|move|p1a: Gengar|Protect|p1a: Gengar
|-singleturn|p1a: Gengar|Protect
|move|p2b: Gholdengo|Protect|p2b: Gholdengo
|-singleturn|p2b: Gholdengo|Protect
|move|p2a: Tyranitar|Rock Slide|p1a: Gengar|[spread] p1b
|-activate|p1a: Gengar|move: Protect
|-resisted|p1b: Archaludon|1
|-damage|p1b: Archaludon|0 fnt
|faint|p1b: Archaludon
|
|-weather|Sandstorm|[upkeep]
|-damage|p1a: Gengar|69/100|[from] Sandstorm
|upkeep
|
|t:|1785426425
|switch|p1b: Politoed|Politoed, L50, F, shiny|62/100
|-weather|RainDance|[from] ability: Drizzle|[of] p1b: Politoed
|turn|11
|inactive|Tyrunt Jumpman has 30 seconds left.
|inactive|Tyrunt Jumpman has 20 seconds left.
|inactive|Tyrunt Jumpman has 15 seconds left.
|
|t:|1785426467
|move|p2b: Gholdengo|Protect||[still]
|-fail|p2b: Gholdengo
|move|p1a: Gengar|Shadow Ball|p2b: Gholdengo
|-supereffective|p2b: Gholdengo|1
|-damage|p2b: Gholdengo|0 fnt
|faint|p2b: Gholdengo
|move|p2a: Tyranitar|Rock Slide|p1a: Gengar|[spread] p1a
|-miss|p2a: Tyranitar|p1b: Politoed
|-damage|p1a: Gengar|29/100
|move|p1b: Politoed|Weather Ball|p2a: Tyranitar
|-supereffective|p2a: Tyranitar|1
|-damage|p2a: Tyranitar|0 fnt
|faint|p2a: Tyranitar
|
|win|AbadanRiyi92
||Tyrunt Jumpman is ready for game 3.
|inactive|AbadanRiyi92 has 30 seconds to confirm battle start!
|inactive|AbadanRiyi92 has 20 seconds to confirm battle start!
