|j|☆van-kpk
|j|☆NoitUK_VGC
|html|van-kpkNoitUK_VGC    
|uhtml|bestof|Game 2 of a best-of-3
|t:|1783861468
|gametype|doubles
|player|p1|van-kpk|101|1065
|player|p2|NoitUK_VGC|102|1156
|gen|9
|tier|[Gen 9 Champions] VGC 2026 Reg M-B (Bo3)
|rated|
|rule|Species Clause: Limit one of each Pokémon
|rule|Item Clause: Limit 1 of each item
|clearpoke
|poke|p1|Metagross, L50|
|poke|p1|Swampert, L50, F|
|poke|p1|Pelipper, L50, F|
|poke|p1|Archaludon, L50, F|
|poke|p1|Basculegion, L50, M|
|poke|p1|Farigiraf, L50, F|
|poke|p2|Archaludon, L50, F|
|poke|p2|Swampert, L50, F|
|poke|p2|Pelipper, L50, F|
|poke|p2|Raichu, L50, F|
|poke|p2|Sableye, L50, M|
|poke|p2|Kingambit, L50, F|
|teampreview|4
|showteam|p1|Metagross||Metagrossite|ClearBody|BulletPunch,Protect,Explosion,PsychicFangs|Jolly|||||50|]Swampert||Swampertite|Damp|IcePunch,HighHorsepower,WaveCrash,Protect|Jolly||F|||50|]Pelipper||FocusSash|Drizzle|Tailwind,WideGuard,Hurricane,WeatherBall|Timid||F|||50|]Archaludon||ChopleBerry|Stamina|Protect,ElectroShot,FlashCannon,DragonPulse|Timid||F|||50|]Basculegion||ChoiceScarf|Adaptability|AquaJet,WaveCrash,LastRespects,FlipTurn|Adamant||M|||50|]Farigiraf||ColburBerry|ArmorTail|TrickRoom,Thunder,TwinBeam,Protect|Quiet||F|||50|
|showteam|p2|Archaludon||Leftovers|Stamina|Protect,ElectroShot,FlashCannon,DragonPulse|Modest||F|||50|]Swampert||Swampertite|Torrent|Protect,WaveCrash,Earthquake,IcePunch|Adamant||F|||50|]Pelipper||SitrusBerry|Drizzle|WideGuard,WeatherBall,Hurricane,Tailwind|Bold||F|||50|]Raichu||RaichuniteX|LightningRod|FakeOut,VoltTackle,VoltSwitch,PlayRough|Hasty||F|||50|]Sableye||RoseliBerry|Prankster|Encore,Disable,WillOWisp,RainDance|Relaxed||M|||50|]Kingambit||ChopleBerry|Defiant|KowtowCleave,SuckerPunch,IronHead,LowKick|Adamant||F|||50|
|inactive|Battle timer is ON: inactive players will automatically lose when time's up. (requested by van-kpk)
|
|t:|1783861488
|teamsize|p1|4
|teamsize|p2|4
|start
|switch|p1a: Archaludon|Archaludon, L50, F|100/100
|switch|p1b: Basculegion|Basculegion, L50, M|100/100
|switch|p2a: Sableye|Sableye, L50, M|100/100
|switch|p2b: Swampert|Swampert, L50, F|100/100
|turn|1
|
|t:|1783861510
|switch|p1b: Pelipper|Pelipper, L50, F|100/100
|-weather|RainDance|[from] ability: Drizzle|[of] p1b: Pelipper
|detailschange|p2b: Swampert|Swampert-Mega, L50, F
|-mega|p2b: Swampert|Swampert|Swampertite
|move|p2a: Sableye|Will-O-Wisp|p1b: Pelipper
|-status|p1b: Pelipper|brn
|move|p2b: Swampert|Earthquake|p1a: Archaludon|[spread] p2a,p1a
|-immune|p1b: Pelipper
|-supereffective|p1a: Archaludon|1
|-damage|p2a: Sableye|44/100
|-damage|p1a: Archaludon|18/100
|-ability|p1a: Archaludon|Stamina|boost
|-boost|p1a: Archaludon|def|1
|move|p1a: Archaludon|Electro Shot||[still]
|-prepare|p1a: Archaludon|Electro Shot
|-boost|p1a: Archaludon|spa|1
|-anim|p1a: Archaludon|Electro Shot|p2a: Sableye
|-damage|p2a: Sableye|0 fnt
|faint|p2a: Sableye
|
|-weather|RainDance|[upkeep]
|-damage|p1b: Pelipper|94/100 brn|[from] brn
|upkeep
|
|t:|1783861533
|switch|p2a: Archaludon|Archaludon, L50, F|100/100
|turn|2
|
|t:|1783861556
|switch|p1b: Swampert|Swampert, L50, F|100/100
|move|p1a: Archaludon|Protect|p1a: Archaludon
|-singleturn|p1a: Archaludon|Protect
|move|p2b: Swampert|Wave Crash|p1a: Archaludon
|-activate|p1a: Archaludon|move: Protect
|move|p2a: Archaludon|Electro Shot||[still]
|-prepare|p2a: Archaludon|Electro Shot
|-boost|p2a: Archaludon|spa|1
|-anim|p2a: Archaludon|Electro Shot|p1b: Swampert
|-immune|p1b: Swampert
|
|-weather|RainDance|[upkeep]
|upkeep
|turn|3
|
|t:|1783861576
|switch|p2a: Pelipper|Pelipper, L50, F|100/100
|detailschange|p1b: Swampert|Swampert-Mega, L50, F
|-mega|p1b: Swampert|Swampert|Swampertite
|move|p1b: Swampert|Wave Crash|p2b: Swampert
|-damage|p2b: Swampert|0 fnt
|faint|p2b: Swampert
|-damage|p1b: Swampert|66/100|[from] Recoil
|move|p1a: Archaludon|Dragon Pulse|p2a: Pelipper
|-damage|p2a: Pelipper|25/100
|-enditem|p2a: Pelipper|Sitrus Berry|[eat]
|-heal|p2a: Pelipper|50/100y|[from] item: Sitrus Berry
|
|-weather|RainDance|[upkeep]
|upkeep
|
|t:|1783861588
|switch|p2b: Archaludon|Archaludon, L50, F|100/100
|turn|4
|
|t:|1783861596
|move|p2b: Archaludon|Protect|p2b: Archaludon
|-singleturn|p2b: Archaludon|Protect
|move|p1b: Swampert|High Horsepower|p2b: Archaludon
|-activate|p2b: Archaludon|move: Protect
|move|p1a: Archaludon|Electro Shot||[still]
|-prepare|p1a: Archaludon|Electro Shot
|-boost|p1a: Archaludon|spa|1
|-anim|p1a: Archaludon|Electro Shot|p2a: Pelipper
|-supereffective|p2a: Pelipper|2
|-damage|p2a: Pelipper|0 fnt
|faint|p2a: Pelipper
|
|-weather|RainDance|[upkeep]
|upkeep
|turn|5
|
|t:|1783861618
|move|p1b: Swampert|High Horsepower|p2b: Archaludon
|-supereffective|p2b: Archaludon|1
|-damage|p2b: Archaludon|25/100
|-ability|p2b: Archaludon|Stamina|boost
|-boost|p2b: Archaludon|def|1
|move|p1a: Archaludon|Dragon Pulse|p2b: Archaludon
|-damage|p2b: Archaludon|0 fnt
|faint|p2b: Archaludon
|
|win|van-kpk
|l|☆van-kpk
|player|p1|
||van-kpk is ready for game 3.
||NoitUK_VGC is ready for game 3.
|uhtml|next|Next: Game 3 of 3
