|j|☆sqwrlyd00d
|j|☆no_dupes
|html|sqwrlyd00dno_dupes    
|uhtml|bestof|Game 1 of a best-of-3
|t:|1757035790
|gametype|doubles
|player|p1|sqwrlyd00d|266|1148
|player|p2|no_dupes|brock-gen2|1327
|gen|9
|tier|[Gen 9] VGC 2025 Reg H (Bo3)
|rated|
|rule|Species Clause: Limit one of each Pokémon
|rule|Item Clause: Limit 1 of each item
|clearpoke
|poke|p1|Amoonguss, L50, F|
|poke|p1|Sneasler, L50, M|
|poke|p1|Gholdengo, L50|
|poke|p1|Incineroar, L50, M|
|poke|p1|Ursaluna-Bloodmoon, L50, M|
|poke|p1|Dragonite, L50, M|
|poke|p2|Sneasler, L50, F|
|poke|p2|Indeedee, L50, M|
|poke|p2|Volcarona, L50, F|
|poke|p2|Ursaluna-Bloodmoon, L50, M|
|poke|p2|Annihilape, L50, F|
|poke|p2|Tyranitar, L50, M|
|teampreview|4
|showteam|p1|Amoonguss||SitrusBerry|Regenerator|RagePowder,Spore,PollenPuff,Protect|||F|||50|,,,,,Psychic]Sneasler||FocusSash|Unburden|Protect,DireClaw,CloseCombat,ThroatChop|||M|||50|,,,,,Stellar]Gholdengo||LifeOrb|GoodasGold|Protect,MakeItRain,ShadowBall,NastyPlot||||||50|,,,,,Water]Incineroar||SafetyGoggles|Intimidate|KnockOff,PartingShot,FlareBlitz,FakeOut|||M|||50|,,,,,Ghost]Ursaluna-Bloodmoon||AssaultVest|MindsEye|BloodMoon,EarthPower,VacuumWave,HyperVoice|||M|||50|,,,,,Water]Dragonite||LoadedDice|Multiscale|ScaleShot,Tailwind,Haze,Protect|||M|||50|,,,,,Fairy
|showteam|p2|Sneasler||PsychicSeed|Unburden|CloseCombat,DireClaw,ThroatChop,Protect|||F|||50|,,,,,Dark]Indeedee||ChoiceScarf|PsychicSurge|ExpandingForce,TeraBlast,Trick,Protect|||M|||50|,,,,,Psychic]Volcarona||SitrusBerry|FlameBody|Overheat,StruggleBug,RagePowder,Tailwind|||F|||50|,,,,,Grass]Ursaluna-Bloodmoon||LifeOrb|MindsEye|BloodMoon,HyperVoice,EarthPower,Protect|||M|||50|,,,,,Normal]Annihilape||SafetyGoggles|Defiant|CloseCombat,RageFist,Taunt,FinalGambit|||F|||50|,,,,,Fairy]Tyranitar||AssaultVest|SandStream|RockSlide,KnockOff,TeraBlast,LowKick|||M|||50|,,,,,Flying
|inactive|Battle timer is ON: inactive players will automatically lose when time's up. (requested by no_dupes)
|inactive|sqwrlyd00d has 60 seconds left.
|inactive|sqwrlyd00d has 30 seconds left.
|
|t:|1757035911
|teamsize|p1|4
|teamsize|p2|4
|start
|switch|p1a: Zzzzzzzz|Amoonguss, L50, F|100/100
|switch|p1b: Say Cheese|Gholdengo, L50|100/100
|switch|p2a: Indeedee|Indeedee, L50, M|100/100
|switch|p2b: Caesar|Annihilape, L50, F, shiny|100/100
|-fieldstart|move: Psychic Terrain|[from] ability: Psychic Surge|[of] p2a: Indeedee
|turn|1
|inactive|sqwrlyd00d has 30 seconds left.
|
|t:|1757035941
|switch|p2a: Sneasler|Sneasler, L50, F, shiny|100/100
|-enditem|p2a: Sneasler|Psychic Seed
|-boost|p2a: Sneasler|spd|1|[from] item: Psychic Seed
|move|p1b: Say Cheese|Protect|p1b: Say Cheese
|-singleturn|p1b: Say Cheese|Protect
|move|p1a: Zzzzzzzz|Protect|p1a: Zzzzzzzz
|-singleturn|p1a: Zzzzzzzz|Protect
|move|p2b: Caesar|Taunt|p1a: Zzzzzzzz
|-activate|p1a: Zzzzzzzz|move: Protect
|
|upkeep
|turn|2
|inactive|sqwrlyd00d has 30 seconds left.
|inactive|no_dupes has 30 seconds left.
|
|t:|1757035981
|move|p2a: Sneasler|Protect|p2a: Sneasler
|-singleturn|p2a: Sneasler|Protect
|move|p1a: Zzzzzzzz|Rage Powder|p1a: Zzzzzzzz
|-singleturn|p1a: Zzzzzzzz|move: Rage Powder
|move|p2b: Caesar|Rage Fist|p1b: Say Cheese
|-supereffective|p1b: Say Cheese
|-damage|p1b: Say Cheese|57/100
|move|p1b: Say Cheese|Nasty Plot|p1b: Say Cheese
|-boost|p1b: Say Cheese|spa|2
|
|upkeep
|turn|3
|inactive|sqwrlyd00d has 30 seconds left.
|
|t:|1757036007
|move|p1a: Zzzzzzzz|Rage Powder|p1a: Zzzzzzzz
|-singleturn|p1a: Zzzzzzzz|move: Rage Powder
|move|p2a: Sneasler|Dire Claw|p1a: Zzzzzzzz
|-damage|p1a: Zzzzzzzz|63/100
|-status|p1a: Zzzzzzzz|par
|move|p2b: Caesar|Rage Fist|p1b: Say Cheese
|-supereffective|p1b: Say Cheese
|-damage|p1b: Say Cheese|13/100
|move|p1b: Say Cheese|Make It Rain|p2a: Sneasler|[spread] p2a,p2b
|-crit|p2b: Caesar
|-damage|p2a: Sneasler|0 fnt
|-damage|p2b: Caesar|0 fnt
|-unboost|p1b: Say Cheese|spa|1
|faint|p2a: Sneasler
|faint|p2b: Caesar
|-damage|p1b: Say Cheese|4/100|[from] item: Life Orb
|
|upkeep
|
|t:|1757036019
|switch|p2a: Indeedee|Indeedee, L50, M|100/100
|switch|p2b: Tyranitar|Tyranitar, L50, M|100/100
|-weather|Sandstorm|[from] ability: Sand Stream|[of] p2b: Tyranitar
|turn|4
|
|t:|1757036037
|move|p1b: Say Cheese|Protect|p1b: Say Cheese
|-singleturn|p1b: Say Cheese|Protect
|move|p1a: Zzzzzzzz|Protect|p1a: Zzzzzzzz
|-singleturn|p1a: Zzzzzzzz|Protect
|move|p2a: Indeedee|Expanding Force|p1a: Zzzzzzzz|[spread] 
|-activate|p1a: Zzzzzzzz|move: Protect
|-activate|p1b: Say Cheese|move: Protect
|move|p2b: Tyranitar|Knock Off|p1a: Zzzzzzzz
|-activate|p1a: Zzzzzzzz|move: Protect
|
|-weather|Sandstorm|[upkeep]
|-damage|p2a: Indeedee|95/100|[from] Sandstorm
|-damage|p1a: Zzzzzzzz|57/100 par|[from] Sandstorm
|upkeep
|turn|5
|
|t:|1757036057
|switch|p1b: Luffy|Incineroar, L50, M|100/100
|-ability|p1b: Luffy|Intimidate|boost
|-unboost|p2a: Indeedee|atk|1
|-unboost|p2b: Tyranitar|atk|1
|move|p1a: Zzzzzzzz|Rage Powder|p1a: Zzzzzzzz
|-singleturn|p1a: Zzzzzzzz|move: Rage Powder
|move|p2a: Indeedee|Expanding Force|p1b: Luffy|[spread] p1a
|-immune|p1b: Luffy
|-supereffective|p1a: Zzzzzzzz
|-damage|p1a: Zzzzzzzz|0 fnt
|faint|p1a: Zzzzzzzz
|move|p2b: Tyranitar|Rock Slide|p1b: Luffy
|-supereffective|p1b: Luffy
|-damage|p1b: Luffy|46/100
|
|-weather|Sandstorm|[upkeep]
|-damage|p2a: Indeedee|89/100|[from] Sandstorm
|-fieldend|move: Psychic Terrain
|upkeep
|
|t:|1757036075
|switch|p1a: 8|Sneasler, L50, M|100/100
|turn|6
|inactive|sqwrlyd00d has 30 seconds left.
|inactive|sqwrlyd00d has 20 seconds left.
|inactive|sqwrlyd00d has 15 seconds left.
|inactive|sqwrlyd00d has 10 seconds left.
|inactive|sqwrlyd00d has 5 seconds left.
|
|t:|1757036127
|-terastallize|p2b: Tyranitar|Flying
|move|p2a: Indeedee|Expanding Force|p1a: 8
|-supereffective|p1a: 8
|-enditem|p1a: 8|Focus Sash
|-damage|p1a: 8|1/100
|move|p1a: 8|Throat Chop|p2a: Indeedee
|-supereffective|p2a: Indeedee
|-damage|p2a: Indeedee|0 fnt
|faint|p2a: Indeedee
|move|p1b: Luffy|Knock Off|p2b: Tyranitar
|-damage|p2b: Tyranitar|66/100
|-enditem|p2b: Tyranitar|Assault Vest|[from] move: Knock Off|[of] p1b: Luffy
|move|p2b: Tyranitar|Tera Blast|p1a: 8|[anim] Tera Blast Flying
|-supereffective|p1a: 8
|-damage|p1a: 8|0 fnt
|faint|p1a: 8
|
|-weather|Sandstorm|[upkeep]
|-damage|p2b: Tyranitar|60/100|[from] Sandstorm
|upkeep
|
|t:|1757036140
|switch|p1a: Say Cheese|Gholdengo, L50|4/100
|turn|7
|
|t:|1757036151
|move|p1a: Say Cheese|Make It Rain|p2b: Tyranitar
|-damage|p2b: Tyranitar|0 fnt
|-unboost|p1a: Say Cheese|spa|1
|faint|p2b: Tyranitar
|-damage|p1a: Say Cheese|0 fnt|[from] item: Life Orb
|faint|p1a: Say Cheese
|
|win|sqwrlyd00d
||sqwrlyd00d is ready for game 2.
|inactive|no_dupes has 30 seconds to confirm battle start!
|l|☆no_dupes
|player|p2|
|j|☆no_dupes
|player|p2|no_dupes|brock-gen2|
