|j|☆bellytelevision
|j|☆NyulaDraws
|html|bellytelevisionNyulaDraws    
|uhtml|bestof|Game 1 of a best-of-3
|t:|1785258553
|gametype|doubles
|player|p1|bellytelevision|biker|1121
|player|p2|NyulaDraws|backpacker|1050
|gen|9
|tier|[Gen 9 Champions] VGC 2026 Reg M-B (Bo3)
|rated|
|rule|Species Clause: Limit one of each Pokémon
|rule|Item Clause: Limit 1 of each item
|clearpoke
|poke|p1|Pelipper, L50, F|
|poke|p1|Grimmsnarl, L50, M|
|poke|p1|Charizard, L50, M|
|poke|p1|Venusaur, L50, F|
|poke|p1|Basculegion, L50, M|
|poke|p1|Archaludon, L50, M|
|poke|p2|Staraptor, L50, M|
|poke|p2|Delphox, L50, M|
|poke|p2|Whimsicott, L50, F|
|poke|p2|Kingambit, L50, M|
|poke|p2|Garchomp, L50, M|
|poke|p2|Glimmora, L50, F|
|teampreview|4
|showteam|p1|Pelipper||SitrusBerry|Drizzle|Hurricane,WeatherBall,Tailwind,WideGuard|Modest||F|||50|]Grimmsnarl||LightClay|Prankster|SpiritBreak,Reflect,LightScreen,PartingShot|Sassy||M|||50|]Charizard||CharizarditeY|Blaze|HeatWave,WeatherBall,SolarBeam,Protect|Modest||M|||50|]Venusaur||FocusSash|Chlorophyll|SludgeBomb,EarthPower,SleepPowder,Protect|Modest||F|||50|]Basculegion||ChoiceScarf|Adaptability|WaveCrash,LastRespects,FlipTurn,AquaJet|Jolly||M|||50|]Archaludon||Leftovers|Stamina|DragonPulse,FlashCannon,ElectroShot,Protect|Calm||M|||50|
|showteam|p2|Staraptor||Staraptite|Intimidate|CloseCombat,DualWingbeat,Roost,Protect|Jolly||M|||50|]Delphox||Delphoxite|Blaze|HeatWave,Psychic,Encore,Protect|Timid||M|||50|]Whimsicott||OccaBerry|Prankster|Tailwind,Moonblast,Charm,LightScreen|Timid||F|||50|]Kingambit||ChopleBerry|Defiant|KowtowCleave,IronHead,LowKick,SuckerPunch|Adamant||M|||50|]Garchomp||ChoiceScarf|RoughSkin|Earthquake,DragonClaw,RockSlide,StompingTantrum|Adamant||M|||50|]Glimmora||FocusSash|ToxicDebris|PowerGem,SludgeBomb,EarthPower,SpikyShield|Modest||F|||50|
|
|t:|1785258616
|teamsize|p1|4
|teamsize|p2|4
|start
|switch|p1a: Pelipper|Pelipper, L50, F|100/100
|switch|p1b: Basculegion|Basculegion, L50, M|100/100
|switch|p2a: Staraptor|Staraptor, L50, M|100/100
|switch|p2b: Whimsicott|Whimsicott, L50, F|100/100
|-ability|p2a: Staraptor|Intimidate|boost
|-unboost|p1a: Pelipper|atk|1
|-unboost|p1b: Basculegion|atk|1
|-weather|RainDance|[from] ability: Drizzle|[of] p1a: Pelipper
|turn|1
|
|t:|1785258658
|switch|p1a: Archaludon|Archaludon, L50, M|100/100
|detailschange|p2a: Staraptor|Staraptor-Mega, L50, M
|-mega|p2a: Staraptor|Staraptor|Staraptite
|move|p2b: Whimsicott|Charm|p2a: Staraptor
|-boost|p2a: Staraptor|atk|2
|move|p1b: Basculegion|Flip Turn|p2b: Whimsicott
|-resisted|p2b: Whimsicott|1
|-damage|p2b: Whimsicott|83/100
|
|t:|1785258670
|switch|p1b: Pelipper|Pelipper, L50, F|100/100|[from] Flip Turn
|move|p2a: Staraptor|Close Combat|p1a: Archaludon
|-supereffective|p1a: Archaludon|1
|-damage|p1a: Archaludon|0 fnt
|-boost|p2a: Staraptor|def|1
|-boost|p2a: Staraptor|spd|1
|faint|p1a: Archaludon
|
|-weather|RainDance|[upkeep]
|upkeep
|
|t:|1785258683
|switch|p1a: Grimmsnarl|Grimmsnarl, L50, M|100/100
|turn|2
|
|t:|1785258692
|move|p2b: Whimsicott|Tailwind|p2b: Whimsicott
|-sidestart|p2: NyulaDraws|move: Tailwind
|move|p1a: Grimmsnarl|Reflect|p1a: Grimmsnarl
|-sidestart|p1: bellytelevision|Reflect
|move|p2a: Staraptor|Close Combat|p1a: Grimmsnarl
|-damage|p1a: Grimmsnarl|22/100
|-boost|p2a: Staraptor|def|1
|-boost|p2a: Staraptor|spd|1
|move|p1b: Pelipper|Hurricane|p2a: Staraptor
|-supereffective|p2a: Staraptor|1
|-damage|p2a: Staraptor|59/100
|
|-weather|RainDance|[upkeep]
|upkeep
|turn|3
|
|t:|1785258711
|move|p2b: Whimsicott|Charm|p2a: Staraptor
|-boost|p2a: Staraptor|atk|2
|move|p2a: Staraptor|Close Combat|p1a: Grimmsnarl
|-damage|p1a: Grimmsnarl|0 fnt
|-boost|p2a: Staraptor|def|1
|-boost|p2a: Staraptor|spd|1
|faint|p1a: Grimmsnarl
|move|p1b: Pelipper|Hurricane|p2a: Staraptor
|-supereffective|p2a: Staraptor|1
|-damage|p2a: Staraptor|22/100
|-start|p2a: Staraptor|confusion
|
|-weather|RainDance|[upkeep]
|upkeep
|
|t:|1785258723
|switch|p1a: Basculegion|Basculegion, L50, M|100/100
|turn|4
|
|t:|1785258732
|move|p2b: Whimsicott|Light Screen|p2b: Whimsicott
|-sidestart|p2: NyulaDraws|move: Light Screen
|-activate|p2a: Staraptor|confusion
|-damage|p2a: Staraptor|6/100|[from] confusion
|move|p1a: Basculegion|Last Respects|p2b: Whimsicott
|-damage|p2b: Whimsicott|0 fnt
|faint|p2b: Whimsicott
|move|p1b: Pelipper|Hurricane|p2a: Staraptor
|-supereffective|p2a: Staraptor|1
|-damage|p2a: Staraptor|0 fnt
|faint|p2a: Staraptor
|
|-weather|RainDance|[upkeep]
|upkeep
|
|t:|1785258740
|switch|p2a: Glimmora|Glimmora, L50, F|100/100
|switch|p2b: Garchomp|Garchomp, L50, M|100/100
|turn|5
|
|t:|1785258753
|move|p1b: Pelipper|Wide Guard|p1b: Pelipper
|-singleturn|p1b: Pelipper|Wide Guard
|move|p2b: Garchomp|Dragon Claw|p1a: Basculegion
|-damage|p1a: Basculegion|66/100
|move|p2a: Glimmora|Power Gem|p1b: Pelipper
|-supereffective|p1b: Pelipper|1
|-damage|p1b: Pelipper|0 fnt
|faint|p1b: Pelipper
|move|p1a: Basculegion|Last Respects|p2b: Garchomp
|-crit|p2b: Garchomp
|-damage|p2b: Garchomp|0 fnt
|faint|p2b: Garchomp
|
|-weather|none
|-sideend|p2: NyulaDraws|move: Tailwind
|upkeep
|turn|6
|
|t:|1785258767
|move|p1a: Basculegion|Last Respects|p2a: Glimmora
|-enditem|p2a: Glimmora|Focus Sash
|-damage|p2a: Glimmora|1/100
|-activate|p2a: Glimmora|ability: Toxic Debris
|-sidestart|p1: bellytelevision|move: Toxic Spikes
|move|p2a: Glimmora|Power Gem|p1a: Basculegion
|-damage|p1a: Basculegion|11/100
|
|upkeep
|turn|7
|
|t:|1785258776
|move|p2a: Glimmora|Spiky Shield|p2a: Glimmora
|-singleturn|p2a: Glimmora|move: Protect
|move|p1a: Basculegion|Last Respects|p2a: Glimmora
|-activate|p2a: Glimmora|move: Protect
|
|upkeep
|turn|8
|
|t:|1785258785
|move|p1a: Basculegion|Last Respects|p2a: Glimmora
|-damage|p2a: Glimmora|0 fnt
|-activate|p2a: Glimmora|ability: Toxic Debris
|-sidestart|p1: bellytelevision|move: Toxic Spikes
|faint|p2a: Glimmora
|
|win|bellytelevision
||NyulaDraws is ready for game 2.
||bellytelevision is ready for game 2.
|uhtml|next|Next: Game 2 of 3
|l|☆NyulaDraws
|player|p2|
