|j|☆higidybigidy
|j|☆icemonggs
|html|higidybigidyicemonggs    
|uhtml|bestof|Game 1 of a best-of-3
|t:|1784999392
|gametype|doubles
|player|p1|higidybigidy|chuck|1124
|player|p2|icemonggs|cilan|1040
|gen|9
|tier|[Gen 9 Champions] VGC 2026 Reg M-B (Bo3)
|rated|
|rule|Species Clause: Limit one of each Pokémon
|rule|Item Clause: Limit 1 of each item
|clearpoke
|poke|p1|Floette-Eternal, L50, F|
|poke|p1|Raichu, L50, F, shiny|
|poke|p1|Gholdengo, L50, shiny|
|poke|p1|Whimsicott, L50, F, shiny|
|poke|p1|Garchomp, L50, M|
|poke|p1|Basculegion, L50, M, shiny|
|poke|p2|Dragonite, L50, F, shiny|
|poke|p2|Toxapex, L50, F, shiny|
|poke|p2|Sneasler, L50, M|
|poke|p2|Kingambit, L50, M, shiny|
|poke|p2|Charizard, L50, F, shiny|
|poke|p2|Froslass, L50, F, shiny|
|teampreview|4
|showteam|p1|Floette-Eternal||Floettite|FlowerVeil|LightofRuin,Protect,DazzlingGleam,Moonblast|Modest||F|||50|]Raichu||RaichuniteY|LightningRod|FakeOut,Protect,FocusBlast,ZapCannon|Modest||F|||50|]Gholdengo||LifeOrb|GoodasGold|NastyPlot,MakeItRain,Protect,ShadowBall|Modest|||||50|]Whimsicott||FocusSash|Prankster|Moonblast,Tailwind,Encore,Protect|Timid||F|||50|]Garchomp||SitrusBerry|RoughSkin|RockSlide,StompingTantrum,Protect,DragonClaw|Adamant||M|||50|]Basculegion||MysticWater|Adaptability|Protect,WaveCrash,LastRespects,AquaJet|Adamant||M|||50|
|showteam|p2|Dragonite||LifeOrb|InnerFocus|DragonClaw,ExtremeSpeed,LowKick,Protect|Adamant||F|||50|]Toxapex||Leftovers|Regenerator|Infestation,Toxic,WideGuard,BanefulBunker|Bold||F|||50|]Sneasler||FocusSash|PoisonTouch|CloseCombat,PoisonJab,FakeOut,Protect|Jolly||M|||50|]Kingambit||BlackGlasses|Defiant|KowtowCleave,SwordsDance,SuckerPunch,Protect|Adamant||M|||50|]Charizard||CharizarditeY|Blaze|HeatWave,WeatherBall,SolarBeam,Protect|Modest||F|||50|]Froslass||Froslassite|CursedBody|Blizzard,ShadowBall,AuroraVeil,Protect|Modest||F|||50|
|inactive|Battle timer is ON: inactive players will automatically lose when time's up. (requested by higidybigidy)
|inactive|icemonggs has 60 seconds left.
|
|t:|1784999433
|teamsize|p1|4
|teamsize|p2|4
|start
|switch|p1a: Y am I here?|Raichu, L50, F, shiny|100/100
|switch|p1b: Whimsymaxxer|Whimsicott, L50, F, shiny|100/100
|switch|p2a: Sneasler|Sneasler, L50, M|100/100
|switch|p2b: Froslass|Froslass, L50, F, shiny|100/100
|turn|1
|
|t:|1784999452
|detailschange|p2b: Froslass|Froslass-Mega, L50, F, shiny
|-mega|p2b: Froslass|Froslass|Froslassite
|-weather|Snowscape|[from] ability: Snow Warning|[of] p2b: Froslass
|move|p1a: Y am I here?|Protect|p1a: Y am I here?
|-singleturn|p1a: Y am I here?|Protect
|move|p1b: Whimsymaxxer|Tailwind|p1b: Whimsymaxxer
|-sidestart|p1: higidybigidy|move: Tailwind
|move|p2a: Sneasler|Poison Jab|p1b: Whimsymaxxer
|-supereffective|p1b: Whimsymaxxer|2
|-crit|p1b: Whimsymaxxer
|-enditem|p1b: Whimsymaxxer|Focus Sash
|-damage|p1b: Whimsymaxxer|1/100
|-status|p1b: Whimsymaxxer|psn|[from] ability: Poison Touch|[of] p2a: Sneasler
|move|p2b: Froslass|Aurora Veil|p2b: Froslass
|-sidestart|p2: icemonggs|move: Aurora Veil
|
|-weather|Snowscape|[upkeep]
|-damage|p1b: Whimsymaxxer|0 fnt|[from] psn
|faint|p1b: Whimsymaxxer
|upkeep
|
|t:|1784999465
|switch|p1b: Sole eater|Basculegion, L50, M, shiny|100/100
|turn|2
|
|t:|1784999478
|detailschange|p1a: Y am I here?|Raichu-Mega-Y, L50, F, shiny
|-mega|p1a: Y am I here?|Raichu|Raichunite Y
|move|p1a: Y am I here?|Zap Cannon|p2a: Sneasler
|-damage|p2a: Sneasler|30/100
|-status|p2a: Sneasler|par
|move|p1b: Sole eater|Last Respects|p2b: Froslass
|-supereffective|p2b: Froslass|1
|-damage|p2b: Froslass|10/100
|move|p2b: Froslass|Blizzard|p1a: Y am I here?|[spread] p1a,p1b
|-resisted|p1b: Sole eater|1
|-damage|p1a: Y am I here?|43/100
|-damage|p1b: Sole eater|77/100
|move|p2a: Sneasler|Close Combat|p1a: Y am I here?
|-damage|p1a: Y am I here?|0 fnt
|-unboost|p2a: Sneasler|def|1
|-unboost|p2a: Sneasler|spd|1
|faint|p1a: Y am I here?
|
|-weather|Snowscape|[upkeep]
|upkeep
|
|t:|1784999490
|switch|p1a: Gibble|Garchomp, L50, M|100/100
|turn|3
|
|t:|1784999504
|move|p1a: Gibble|Stomping Tantrum|p2a: Sneasler
|-supereffective|p2a: Sneasler|1
|-damage|p2a: Sneasler|0 fnt
|faint|p2a: Sneasler
|move|p1b: Sole eater|Last Respects|p2b: Froslass
|-supereffective|p2b: Froslass|1
|-damage|p2b: Froslass|0 fnt
|faint|p2b: Froslass
|
|-weather|Snowscape|[upkeep]
|upkeep
|
|t:|1784999506
|switch|p2a: Kingambit|Kingambit, L50, M, shiny|100/100
|switch|p2b: Dragonite|Dragonite, L50, F, shiny|100/100
|turn|4
|
|t:|1784999524
|move|p1b: Sole eater|Protect|p1b: Sole eater
|-singleturn|p1b: Sole eater|Protect
|move|p2a: Kingambit|Sucker Punch||[still]
|-fail|p2a: Kingambit
|move|p1a: Gibble|Stomping Tantrum|p2a: Kingambit
|-supereffective|p2a: Kingambit|1
|-damage|p2a: Kingambit|65/100
|move|p2b: Dragonite|Dragon Claw|p1a: Gibble
|-supereffective|p1a: Gibble|1
|-damage|p1a: Gibble|0 fnt
|-damage|p2b: Dragonite|87/100|[from] ability: Rough Skin|[of] p1a: Gibble
|faint|p1a: Gibble
|-damage|p2b: Dragonite|78/100|[from] item: Life Orb
|
|-weather|Snowscape|[upkeep]
|-sideend|p1: higidybigidy|move: Tailwind
|upkeep
|turn|5
|
|t:|1784999535
|move|p2a: Kingambit|Sucker Punch|p1b: Sole eater
|-supereffective|p1b: Sole eater|1
|-damage|p1b: Sole eater|0 fnt
|faint|p1b: Sole eater
|
|win|icemonggs
||icemonggs is ready for game 2.
||icemonggs is ready for game 2.
||higidybigidy is ready for game 2.
|uhtml|next|Next: Game 2 of 3
|l|☆higidybigidy
|player|p1|
