|j|☆empotato
|j|‽stephen greep fan
|html|empotatostephen greep fan    
|uhtml|bestof|Game 3 of a best-of-3
|t:|1784509726
|gametype|doubles
|player|p1|empotato|cynthia-gen4|1241
|player|p2|stephen greep fan|170|1426
|gen|9
|tier|[Gen 9 Champions] VGC 2026 Reg M-B (Bo3)
|rated|
|rule|Species Clause: Limit one of each Pokémon
|rule|Item Clause: Limit 1 of each item
|clearpoke
|poke|p1|Charizard, L50, F|
|poke|p1|Incineroar, L50, F|
|poke|p1|Venusaur, L50, F|
|poke|p1|Garchomp, L50, M|
|poke|p1|Toxapex, L50, M|
|poke|p1|Annihilape, L50, F|
|poke|p2|Charizard, L50, M, shiny|
|poke|p2|Metagross, L50|
|poke|p2|Hydreigon, L50, M|
|poke|p2|Incineroar, L50, F|
|poke|p2|Toxapex, L50, M|
|poke|p2|Annihilape, L50, M|
|teampreview|4
|showteam|p1|Charizard||CharizarditeY|Blaze|HeatWave,WeatherBall,HelpingHand,Protect|Modest||F|||50|]Incineroar||SitrusBerry|Intimidate|FlareBlitz,ThroatChop,FakeOut,PartingShot|Impish||F|||50|]Venusaur||LifeOrb|Chlorophyll|SludgeBomb,SolarBeam,EarthPower,Protect|Modest||F|||50|]Garchomp||ChoiceScarf|RoughSkin|Earthquake,StompingTantrum,RockSlide,DragonClaw|Adamant||M|||50|]Toxapex||Leftovers|Regenerator|Toxic,Infestation,WideGuard,BanefulBunker|Bold||M|||50|]Annihilape||FocusSash|Defiant|PhantomForce,CloseCombat,RockTomb,Protect|Jolly||F|||50|
|showteam|p2|Charizard||CharizarditeY|Blaze|HeatWave,WeatherBall,SolarBeam,Protect|Modest||M|||50|]Metagross||Metagrossite|ClearBody|PsychicFangs,BulletPunch,BodyPress,Protect|Adamant|||||50|]Hydreigon||ChoiceScarf|Levitate|DarkPulse,DracoMeteor,Snarl,EarthPower|Modest||M|||50|]Incineroar||SitrusBerry|Intimidate|FlareBlitz,DarkestLariat,PartingShot,FakeOut|Impish||F|||50|]Toxapex||Leftovers|Regenerator|Infestation,Toxic,WideGuard,BanefulBunker|Relaxed||M|||50|]Annihilape||FocusSash|Defiant|PhantomForce,CloseCombat,Coaching,Protect|Jolly||M|||50|
|
|t:|1784509795
|teamsize|p1|4
|teamsize|p2|4
|start
|switch|p1a: Charizard|Charizard, L50, F|100/100
|switch|p1b: Annihilape|Annihilape, L50, F|100/100
|switch|p2a: Charizard|Charizard, L50, M, shiny|100/100
|switch|p2b: Toxapex|Toxapex, L50, M|100/100
|turn|1
|
|t:|1784509833
|detailschange|p1a: Charizard|Charizard-Mega-Y, L50, F
|-mega|p1a: Charizard|Charizard|Charizardite Y
|-weather|SunnyDay|[from] ability: Drought|[of] p1a: Charizard
|move|p1b: Annihilape|Protect|p1b: Annihilape
|-singleturn|p1b: Annihilape|Protect
|move|p2a: Charizard|Protect|p2a: Charizard
|-singleturn|p2a: Charizard|Protect
|move|p1a: Charizard|Weather Ball|p2b: Toxapex
|-resisted|p2b: Toxapex|1
|-damage|p2b: Toxapex|67/100
|move|p2b: Toxapex|Infestation|p1a: Charizard
|-resisted|p1a: Charizard|2
|-damage|p1a: Charizard|99/100
|-activate|p1a: Charizard|move: Infestation|[of] p2b: Toxapex
|
|-weather|SunnyDay|[upkeep]
|-heal|p2b: Toxapex|73/100|[from] item: Leftovers
|-damage|p1a: Charizard|87/100|[from] move: Infestation|[partiallytrapped]
|upkeep
|turn|2
|
|t:|1784509869
|switch|p2a: Incineroar|Incineroar, L50, F|100/100
|-ability|p2a: Incineroar|Intimidate|boost
|-unboost|p1a: Charizard|atk|1
|-unboost|p1b: Annihilape|atk|1
|-ability|p1b: Annihilape|Defiant|boost
|-boost|p1b: Annihilape|atk|2
|move|p1b: Annihilape|Rock Tomb|p2a: Incineroar
|-supereffective|p2a: Incineroar|1
|-damage|p2a: Incineroar|60/100
|-unboost|p2a: Incineroar|spe|1
|move|p1a: Charizard|Weather Ball|p2a: Incineroar
|-resisted|p2a: Incineroar|1
|-damage|p2a: Incineroar|18/100
|-enditem|p2a: Incineroar|Sitrus Berry|[eat]
|-heal|p2a: Incineroar|43/100|[from] item: Sitrus Berry
|move|p2b: Toxapex|Toxic|p1b: Annihilape
|-status|p1b: Annihilape|tox
|
|-weather|SunnyDay|[upkeep]
|-heal|p2b: Toxapex|78/100|[from] item: Leftovers
|-damage|p1b: Annihilape|94/100 tox|[from] psn
|-damage|p1a: Charizard|75/100|[from] move: Infestation|[partiallytrapped]
|upkeep
|turn|3
|
|t:|1784509890
|switch|p2a: Charizard|Charizard, L50, M, shiny|100/100
|move|p1b: Annihilape|Rock Tomb|p2a: Charizard
|-supereffective|p2a: Charizard|2
|-damage|p2a: Charizard|0 fnt
|faint|p2a: Charizard
|move|p1a: Charizard|Weather Ball|p2b: Toxapex
|-resisted|p2b: Toxapex|1
|-damage|p2b: Toxapex|43/100
|move|p2b: Toxapex|Toxic|p1a: Charizard
|-status|p1a: Charizard|tox
|
|-weather|SunnyDay|[upkeep]
|-heal|p2b: Toxapex|49/100|[from] item: Leftovers
|-damage|p1b: Annihilape|82/100 tox|[from] psn
|-damage|p1a: Charizard|69/100 tox|[from] psn
|-damage|p1a: Charizard|56/100 tox|[from] move: Infestation|[partiallytrapped]
|upkeep
|
|t:|1784509901
|switch|p2a: Hydreigon|Hydreigon, L50, M|100/100
|turn|4
|
|t:|1784509934
|switch|p1b: Incineroar|Incineroar, L50, F|100/100
|-ability|p1b: Incineroar|Intimidate|boost
|-unboost|p2a: Hydreigon|atk|1
|-unboost|p2b: Toxapex|atk|1
|move|p2b: Toxapex|Baneful Bunker|p2b: Toxapex
|-singleturn|p2b: Toxapex|move: Protect
|move|p2a: Hydreigon|Draco Meteor|p1b: Incineroar
|-damage|p1b: Incineroar|38/100
|-unboost|p2a: Hydreigon|spa|2
|-enditem|p1b: Incineroar|Sitrus Berry|[eat]
|-heal|p1b: Incineroar|63/100|[from] item: Sitrus Berry
|move|p1a: Charizard|Weather Ball|p2a: Hydreigon
|-resisted|p2a: Hydreigon|1
|-damage|p2a: Hydreigon|51/100
|
|-weather|SunnyDay|[upkeep]
|-heal|p2b: Toxapex|55/100|[from] item: Leftovers
|-damage|p1a: Charizard|44/100 tox|[from] psn
|-damage|p1a: Charizard|32/100 tox|[from] move: Infestation|[partiallytrapped]
|upkeep
|turn|5
|
|t:|1784509959
|switch|p2a: Incineroar|Incineroar, L50, F|43/100
|-ability|p2a: Incineroar|Intimidate|boost
|-unboost|p1a: Charizard|atk|1
|-unboost|p1b: Incineroar|atk|1
|move|p1a: Charizard|Weather Ball|p2b: Toxapex
|-resisted|p2b: Toxapex|1
|-damage|p2b: Toxapex|24/100
|move|p1b: Incineroar|Throat Chop|p2b: Toxapex
|-damage|p2b: Toxapex|8/100
|-start|p2b: Toxapex|Throat Chop|[silent]
|move|p2b: Toxapex|Toxic|p1b: Incineroar
|-status|p1b: Incineroar|tox
|
|-weather|none
|-heal|p2b: Toxapex|14/100|[from] item: Leftovers
|-damage|p1a: Charizard|14/100 tox|[from] psn
|-damage|p1b: Incineroar|57/100 tox|[from] psn
|-end|p1a: Charizard|Infestation|[partiallytrapped]
|upkeep
|turn|6
|
|t:|1784509982
|-heal|p2b: Toxapex|47/100|[from] ability: Regenerator|[silent]
|switch|p2b: Hydreigon|Hydreigon, L50, M|51/100
|move|p2a: Incineroar|Fake Out|p1b: Incineroar
|-crit|p1b: Incineroar
|-damage|p1b: Incineroar|44/100 tox
|move|p1a: Charizard|Heat Wave|p2b: Hydreigon|[spread] p2a,p2b
|-resisted|p2a: Incineroar|1
|-resisted|p2b: Hydreigon|1
|-damage|p2a: Incineroar|26/100
|-damage|p2b: Hydreigon|26/100
|cant|p1b: Incineroar|flinch
|
|-damage|p1a: Charizard|0 fnt|[from] psn
|faint|p1a: Charizard
|-damage|p1b: Incineroar|32/100 tox|[from] psn
|upkeep
|
|t:|1784509998
|switch|p1a: Annihilape|Annihilape, L50, F|82/100 tox
|turn|7
|
|t:|1784510029
|switch|p2a: Toxapex|Toxapex, L50, M|47/100
|move|p1a: Annihilape|Protect|p1a: Annihilape
|-singleturn|p1a: Annihilape|Protect
|move|p2b: Hydreigon|Draco Meteor|p1a: Annihilape
|-activate|p1a: Annihilape|move: Protect
|move|p1b: Incineroar|Flare Blitz|p2b: Hydreigon
|-resisted|p2b: Hydreigon|1
|-damage|p2b: Hydreigon|7/100
|-damage|p1b: Incineroar|27/100 tox|[from] Recoil
|
|-heal|p2a: Toxapex|53/100|[from] item: Leftovers
|-damage|p1a: Annihilape|76/100 tox|[from] psn
|-damage|p1b: Incineroar|9/100 tox|[from] psn
|upkeep
|turn|8
|
|t:|1784510065
|move|p2a: Toxapex|Baneful Bunker|p2a: Toxapex
|-singleturn|p2a: Toxapex|move: Protect
|move|p2b: Hydreigon|Draco Meteor|p1a: Annihilape
|-crit|p1a: Annihilape
|-damage|p1a: Annihilape|0 fnt
|-unboost|p2b: Hydreigon|spa|2
|faint|p1a: Annihilape
|move|p1b: Incineroar|Flare Blitz|p2b: Hydreigon
|-resisted|p2b: Hydreigon|1
|-damage|p2b: Hydreigon|0 fnt
|faint|p2b: Hydreigon
|-damage|p1b: Incineroar|7/100 tox|[from] Recoil
|
|-heal|p2a: Toxapex|59/100|[from] item: Leftovers
|-damage|p1b: Incineroar|0 fnt|[from] psn
|faint|p1b: Incineroar
|upkeep
|
|t:|1784510081
|switch|p2b: Incineroar|Incineroar, L50, F|26/100
|switch|p1b: Garchomp|Garchomp, L50, M|100/100
|-ability|p2b: Incineroar|Intimidate|boost
|-unboost|p1b: Garchomp|atk|1
|turn|9
|
|t:|1784510095
|move|p2b: Incineroar|Fake Out|p1b: Garchomp
|-crit|p1b: Garchomp
|-damage|p1b: Garchomp|85/100
|-damage|p2b: Incineroar|13/100|[from] ability: Rough Skin|[of] p1b: Garchomp
|cant|p1b: Garchomp|flinch
|move|p2a: Toxapex|Toxic|p1b: Garchomp
|-status|p1b: Garchomp|tox
|
|-heal|p2a: Toxapex|64/100|[from] item: Leftovers
|-damage|p1b: Garchomp|79/100 tox|[from] psn
|upkeep
|turn|10
|
|t:|1784510126
|move|p2a: Toxapex|Baneful Bunker|p2a: Toxapex
|-singleturn|p2a: Toxapex|move: Protect
|move|p1b: Garchomp|Stomping Tantrum|p2b: Incineroar
|-supereffective|p2b: Incineroar|1
|-damage|p2b: Incineroar|0 fnt
|faint|p2b: Incineroar
|
|-heal|p2a: Toxapex|70/100|[from] item: Leftovers
|-damage|p1b: Garchomp|67/100 tox|[from] psn
|upkeep
|turn|11
|
|t:|1784510132
|move|p1b: Garchomp|Stomping Tantrum|p2a: Toxapex
|-supereffective|p2a: Toxapex|1
|-damage|p2a: Toxapex|36/100
|move|p2a: Toxapex|Infestation|p1b: Garchomp
|-damage|p1b: Garchomp|63/100 tox
|-activate|p1b: Garchomp|move: Infestation|[of] p2a: Toxapex
|-damage|p2a: Toxapex|24/100|[from] ability: Rough Skin|[of] p1b: Garchomp
|
|-heal|p2a: Toxapex|29/100|[from] item: Leftovers
|-damage|p1b: Garchomp|45/100 tox|[from] psn
|-damage|p1b: Garchomp|33/100 tox|[from] move: Infestation|[partiallytrapped]
|upkeep
|turn|12
|
|t:|1784510142
|move|p2a: Toxapex|Baneful Bunker|p2a: Toxapex
|-singleturn|p2a: Toxapex|move: Protect
|move|p1b: Garchomp|Stomping Tantrum|p2a: Toxapex
|-activate|p2a: Toxapex|move: Protect
|
|-heal|p2a: Toxapex|35/100|[from] item: Leftovers
|-damage|p1b: Garchomp|9/100 tox|[from] psn
|-damage|p1b: Garchomp|0 fnt|[from] move: Infestation|[partiallytrapped]
|faint|p1b: Garchomp
|
|win|stephen greep fan
|raw|empotato's rating: 1241 → 1228(-13 for losing)
|raw|stephen greep fan's rating: 1426 → 1436(+10 for winning)
|c|☆empotato|ggs
