|j|☆jagheter
|j|☆bouledefeu
|html|jagheterbouledefeu    
|uhtml|bestof|Game 2 of a best-of-3
|t:|1756452177
|gametype|doubles
|player|p1|jagheter|worker|1159
|player|p2|bouledefeu|bugcatcher-gen4dp|1166
|gen|9
|tier|[Gen 9] VGC 2025 Reg H (Bo3)
|rated|
|rule|Species Clause: Limit one of each Pokémon
|rule|Item Clause: Limit 1 of each item
|clearpoke
|poke|p1|Venusaur, L50, F|
|poke|p1|Volcarona, L50, F|
|poke|p1|Incineroar, L50, M|
|poke|p1|Grimmsnarl, L50, M|
|poke|p1|Dondozo, L50, M|
|poke|p1|Rillaboom, L50, M|
|poke|p2|Sneasler, L50, F|
|poke|p2|Basculegion, L50, M|
|poke|p2|Pelipper, L50, M|
|poke|p2|Kingambit, L50, M|
|poke|p2|Archaludon, L50, F|
|poke|p2|Maushold, L50|
|teampreview|4
|showteam|p1|Venusaur||WideLens|Chlorophyll|SleepPowder,Protect,SludgeBomb,EarthPower|||F|||50|,,,,,Ghost]Volcarona||CovertCloak|FlameBody|FieryDance,GigaDrain,QuiverDance,Protect|||F|||50|,,,,,Dragon]Incineroar||MirrorHerb|Intimidate|FakeOut,KnockOff,Taunt,FlareBlitz|||M|||50|,,,,,Ghost]Grimmsnarl||BlackGlasses|Prankster|Reflect,LightScreen,SpiritBreak,SuckerPunch|||M|||50|,,,,,Dark]Dondozo||Leftovers|Unaware|Fissure,Protect,Liquidation,Yawn|||M|||50|,,,,,Ghost]Rillaboom||AssaultVest|GrassySurge|FakeOut,WoodHammer,GrassyGlide,Uturn|||M|||50|,,,,,Fire
|showteam|p2|Sneasler||FocusSash|Unburden|CloseCombat,DireClaw,FakeOut,Protect|||F|||50|,,,,,Stellar]Basculegion||ChoiceBand|SwiftSwim|FlipTurn,WaveCrash,AquaJet,LastRespects|||M|||50|,,,,,Water]Pelipper||CovertCloak|Drizzle|WeatherBall,Tailwind,Hurricane,Protect|||M|||50|,,,,,Electric]Kingambit||BlackGlasses|Defiant|KowtowCleave,SuckerPunch,SwordsDance,Protect|||M|||50|,,,,,Dark]Archaludon||AssaultVest|Stamina|DracoMeteor,ElectroShot,FlashCannon,BodyPress|||F|||50|,,,,,Grass]Maushold||SafetyGoggles|FriendGuard|FollowMe,Taunt,BeatUp,Protect||||||50|,,,,,Fairy
|inactive|Battle timer is ON: inactive players will automatically lose when time's up. (requested by bouledefeu)
|inactive|jagheter has 60 seconds left.
|
|t:|1756452239
|teamsize|p1|4
|teamsize|p2|4
|start
|switch|p1a: Volcarona|Volcarona, L50, F, shiny|100/100
|switch|p1b: Rillaboom|Rillaboom, L50, M, shiny|100/100
|switch|p2a: Kingambit|Kingambit, L50, M|100/100
|switch|p2b: Maushold|Maushold, L50|100/100
|-fieldstart|move: Grassy Terrain|[from] ability: Grassy Surge|[of] p1b: Rillaboom
|turn|1
|
|t:|1756452265
|-terastallize|p2a: Kingambit|Dark
|move|p1b: Rillaboom|Fake Out|p2a: Kingambit
|-damage|p2a: Kingambit|92/100
|move|p2b: Maushold|Taunt|p1a: Volcarona
|-start|p1a: Volcarona|move: Taunt
|move|p1a: Volcarona|Fiery Dance|p2a: Kingambit
|-damage|p2a: Kingambit|64/100
|cant|p2a: Kingambit|flinch
|
|-heal|p2a: Kingambit|70/100|[from] Grassy Terrain
|upkeep
|turn|2
|
|t:|1756452280
|move|p2b: Maushold|Follow Me|p2b: Maushold
|-singleturn|p2b: Maushold|move: Follow Me
|move|p1a: Volcarona|Fiery Dance|p2b: Maushold
|-damage|p2b: Maushold|38/100
|-boost|p1a: Volcarona|spa|1
|move|p1b: Rillaboom|U-turn|p2b: Maushold
|-damage|p2b: Maushold|13/100
|
|t:|1756452294
|switch|p1b: Dondozo|Dondozo, L50, M, shiny|100/100|[from] U-turn
|move|p2a: Kingambit|Swords Dance|p2a: Kingambit
|-boost|p2a: Kingambit|atk|2
|
|-heal|p2b: Maushold|19/100|[from] Grassy Terrain
|-heal|p2a: Kingambit|76/100|[from] Grassy Terrain
|upkeep
|turn|3
|
|t:|1756452308
|move|p2b: Maushold|Follow Me|p2b: Maushold
|-singleturn|p2b: Maushold|move: Follow Me
|move|p1a: Volcarona|Fiery Dance|p2b: Maushold
|-damage|p2b: Maushold|0 fnt
|-boost|p1a: Volcarona|spa|1
|faint|p2b: Maushold
|move|p2a: Kingambit|Kowtow Cleave|p1a: Volcarona
|-damage|p1a: Volcarona|0 fnt
|faint|p1a: Volcarona
|move|p1b: Dondozo|Fissure|p2a: Kingambit|[miss]
|-miss|p1b: Dondozo|p2a: Kingambit
|
|-heal|p2a: Kingambit|82/100|[from] Grassy Terrain
|upkeep
|
|t:|1756452320
|switch|p2b: Pelipper|Pelipper, L50, M|100/100
|switch|p1a: Rillaboom|Rillaboom, L50, M, shiny|100/100
|-weather|RainDance|[from] ability: Drizzle|[of] p2b: Pelipper
|turn|4
|
|t:|1756452329
|move|p2a: Kingambit|Protect|p2a: Kingambit
|-singleturn|p2a: Kingambit|Protect
|move|p2b: Pelipper|Hurricane|p1a: Rillaboom
|-supereffective|p1a: Rillaboom
|-damage|p1a: Rillaboom|31/100
|move|p1a: Rillaboom|Wood Hammer|p2b: Pelipper
|-damage|p2b: Pelipper|12/100
|-damage|p1a: Rillaboom|9/100|[from] Recoil
|move|p1b: Dondozo|Fissure|p2a: Kingambit
|-activate|p2a: Kingambit|move: Protect
|
|-weather|RainDance|[upkeep]
|-heal|p1a: Rillaboom|15/100|[from] Grassy Terrain
|-heal|p2a: Kingambit|88/100|[from] Grassy Terrain
|upkeep
|turn|5
|
|t:|1756452349
|move|p1a: Rillaboom|Grassy Glide|p2b: Pelipper
|-damage|p2b: Pelipper|0 fnt
|faint|p2b: Pelipper
|move|p2a: Kingambit|Kowtow Cleave|p1a: Rillaboom
|-damage|p1a: Rillaboom|0 fnt
|faint|p1a: Rillaboom
|move|p1b: Dondozo|Yawn|p2a: Kingambit
|-start|p2a: Kingambit|move: Yawn|[of] p1b: Dondozo
|
|-weather|RainDance|[upkeep]
|-heal|p2a: Kingambit|94/100|[from] Grassy Terrain
|-fieldend|move: Grassy Terrain
|upkeep
|
|t:|1756452359
|switch|p2b: Basculegion|Basculegion, L50, M|100/100
|switch|p1a: Venusaur|Venusaur, L50, F, shiny|100/100
|turn|6
|
|t:|1756452379
|move|p1a: Venusaur|Protect|p1a: Venusaur
|-singleturn|p1a: Venusaur|Protect
|move|p2b: Basculegion|Last Respects|p1a: Venusaur
|-activate|p1a: Venusaur|move: Protect
|move|p2a: Kingambit|Kowtow Cleave|p1a: Venusaur
|-activate|p1a: Venusaur|move: Protect
|move|p1b: Dondozo|Liquidation|p2a: Kingambit
|-damage|p2a: Kingambit|56/100
|-unboost|p2a: Kingambit|def|1
|-ability|p2a: Kingambit|Defiant|boost
|-boost|p2a: Kingambit|atk|2
|
|-weather|RainDance|[upkeep]
|-end|p2a: Kingambit|move: Yawn|[silent]
|-status|p2a: Kingambit|slp
|upkeep
|turn|7
|
|t:|1756452395
|move|p2b: Basculegion|Last Respects|p1a: Venusaur
|-damage|p1a: Venusaur|0 fnt
|faint|p1a: Venusaur
|cant|p2a: Kingambit|slp
|move|p1b: Dondozo|Liquidation|p2a: Kingambit
|-damage|p2a: Kingambit|18/100 slp
|
|-weather|RainDance|[upkeep]
|upkeep
|turn|8
|
|t:|1756452404
|move|p2b: Basculegion|Last Respects|p1b: Dondozo
|-damage|p1b: Dondozo|38/100
|-curestatus|p2a: Kingambit|slp|[msg]
|move|p2a: Kingambit|Kowtow Cleave|p1b: Dondozo
|-crit|p1b: Dondozo
|-damage|p1b: Dondozo|0 fnt
|faint|p1b: Dondozo
|
|win|bouledefeu
