|j|☆x-demon18
|j|☆Harbinger Aegis
|html|x-demon18Harbinger Aegis    
|uhtml|bestof|Game 1 of a best-of-3
|t:|1784775252
|gametype|doubles
|player|p1|x-demon18|lucas|1042
|player|p2|Harbinger Aegis|170|1000
|gen|9
|tier|[Gen 9 Champions] VGC 2026 Reg M-B (Bo3)
|rated|
|rule|Species Clause: Limit one of each Pokémon
|rule|Item Clause: Limit 1 of each item
|clearpoke
|poke|p1|Incineroar, L50, M|
|poke|p1|Rotom-Wash, L50|
|poke|p1|Venusaur, L50, M|
|poke|p1|Corviknight, L50, F|
|poke|p1|Sylveon, L50, F|
|poke|p1|Garchomp, L50, M|
|poke|p2|Floette-Eternal, L50, F|
|poke|p2|Volcarona, L50, M|
|poke|p2|Tyranitar, L50, M|
|poke|p2|Excadrill, L50, M|
|poke|p2|Staraptor, L50, F|
|poke|p2|Sinistcha, L50|
|teampreview|4
|showteam|p1|Incineroar||ExpertBelt|Intimidate|FakeOut,TemperFlare,ThroatChop,PartingShot|Adamant||M|||50|]Rotom-Wash||RindoBerry|Levitate|HydroPump,Electroweb,WillOWisp,VoltSwitch|Modest|||||50|]Venusaur||Venusaurite|Chlorophyll|GigaDrain,SludgeBomb,EarthPower,Protect|Modest||M|||50|]Corviknight||OccaBerry|MirrorArmor|Tailwind,DualWingbeat,IronHead,BodyPress|Adamant||F|||50|]Sylveon||FairyFeather|Pixilate|HyperVoice,QuickAttack,Yawn,Detect|Modest||F|||50|]Garchomp||LifeOrb|RoughSkin|RockSlide,DragonClaw,StompingTantrum,Protect|Jolly||M|||50|
|showteam|p2|Floette-Eternal||Floettite|FlowerVeil|DazzlingGleam,Moonblast,CalmMind,Protect|Quiet||F|||50|]Volcarona||SitrusBerry|FlameBody|HeatWave,GigaDrain,QuiverDance,Protect|Modest||M|||50|]Tyranitar||ChoiceScarf|SandStream|RockSlide,KnockOff,Superpower,IcePunch|Jolly||M|||50|]Excadrill||FocusSash|SandRush|Earthquake,IronHead,HighHorsepower,Protect|Jolly||M|||50|]Staraptor||Staraptite|Intimidate|BraveBird,CloseCombat,Tailwind,Protect|Jolly||F|||50|]Sinistcha||KasibBerry|Hospitality|MatchaGotcha,RagePowder,TrickRoom,Protect|Bold|||||50|
|
|t:|1784775326
|teamsize|p1|4
|teamsize|p2|4
|start
|switch|p1a: Griffith|Corviknight, L50, F|100/100
|switch|p1b: Frieren|Sylveon, L50, F|100/100
|switch|p2a: Volcarona|Volcarona, L50, M|100/100
|switch|p2b: Floette|Floette-Eternal, L50, F|100/100
|turn|1
|
|t:|1784775350
|move|p2b: Floette|Protect|p2b: Floette
|-singleturn|p2b: Floette|Protect
|move|p2a: Volcarona|Quiver Dance|p2a: Volcarona
|-boost|p2a: Volcarona|spa|1
|-boost|p2a: Volcarona|spd|1
|-boost|p2a: Volcarona|spe|1
|move|p1a: Griffith|Iron Head|p2b: Floette
|-activate|p2b: Floette|move: Protect
|move|p1b: Frieren|Yawn|p2a: Volcarona
|-start|p2a: Volcarona|move: Yawn|[of] p1b: Frieren
|
|upkeep
|turn|2
|
|t:|1784775368
|detailschange|p2b: Floette|Floette-Mega, L50, F
|-mega|p2b: Floette|Floette|Floettite
|-ability|p2b: Floette|Fairy Aura
|move|p2a: Volcarona|Heat Wave|p1b: Frieren|[spread] p1a,p1b
|-supereffective|p1a: Griffith|1
|-enditem|p1a: Griffith|Occa Berry|[eat]
|-enditem|p1a: Griffith|Occa Berry|[weaken]
|-damage|p1a: Griffith|52/100
|-damage|p1b: Frieren|58/100
|move|p2b: Floette|Moonblast|p1b: Frieren
|-damage|p1b: Frieren|0 fnt
|faint|p1b: Frieren
|move|p1a: Griffith|Iron Head|p2b: Floette
|-supereffective|p2b: Floette|1
|-damage|p2b: Floette|39/100
|
|-end|p2a: Volcarona|move: Yawn|[silent]
|-status|p2a: Volcarona|slp
|upkeep
|
|t:|1784775385
|switch|p1b: Berserk|Garchomp, L50, M|100/100
|turn|3
|
|t:|1784775399
|switch|p2a: Sinistcha|Sinistcha, L50|100/100
|-heal|p2b: Floette|64/100|[from] ability: Hospitality|[of] p2a: Sinistcha
|move|p1b: Berserk|Protect|p1b: Berserk
|-singleturn|p1b: Berserk|Protect
|move|p2b: Floette|Moonblast|p1b: Berserk
|-activate|p1b: Berserk|move: Protect
|move|p1a: Griffith|Iron Head|p2b: Floette
|-supereffective|p2b: Floette|1
|-damage|p2b: Floette|9/100
|
|upkeep
|turn|4
|
|t:|1784775434
|switch|p1b: HydroVolt|Rotom-Wash, L50|100/100
|move|p2b: Floette|Protect|p2b: Floette
|-singleturn|p2b: Floette|Protect
|move|p2a: Sinistcha|Matcha Gotcha|p1a: Griffith|[spread] p1a,p1b
|-resisted|p1a: Griffith|2
|-supereffective|p1b: HydroVolt|1
|-enditem|p1b: HydroVolt|Rindo Berry|[eat]
|-enditem|p1b: HydroVolt|Rindo Berry|[weaken]
|-damage|p1a: Griffith|47/100
|-damage|p1b: HydroVolt|75/100
|move|p1a: Griffith|Iron Head|p2a: Sinistcha
|-damage|p2a: Sinistcha|77/100
|
|upkeep
|turn|5
|
|t:|1784775458
|switch|p2b: Volcarona|Volcarona, L50, M|100/100 slp
|move|p1b: HydroVolt|Electroweb|p2a: Sinistcha|[spread] p2a,p2b
|-resisted|p2a: Sinistcha|1
|-damage|p2a: Sinistcha|68/100
|-damage|p2b: Volcarona|84/100 slp
|-unboost|p2a: Sinistcha|spe|1
|-unboost|p2b: Volcarona|spe|1
|move|p1a: Griffith|Dual Wingbeat|p2a: Sinistcha
|-supereffective|p2a: Sinistcha|1
|-damage|p2a: Sinistcha|40/100
|-supereffective|p2a: Sinistcha|1
|-damage|p2a: Sinistcha|16/100
|-hitcount|p2a: Sinistcha|2
|move|p2a: Sinistcha|Matcha Gotcha|p1b: HydroVolt|[spread] p1a
|-miss|p2a: Sinistcha|p1b: HydroVolt
|-resisted|p1a: Griffith|2
|-damage|p1a: Griffith|42/100
|-heal|p2a: Sinistcha|19/100|[from] drain|[of] p1a: Griffith
|
|upkeep
|turn|6
|
|t:|1784775492
|move|p2a: Sinistcha|Protect|p2a: Sinistcha
|-singleturn|p2a: Sinistcha|Protect
|move|p1b: HydroVolt|Volt Switch|p2b: Volcarona
|-damage|p2b: Volcarona|57/100 slp
|
|t:|1784775497
|switch|p1b: Berserk|Garchomp, L50, M|100/100|[from] Volt Switch
|cant|p2b: Volcarona|slp
|move|p1a: Griffith|Tailwind|p1a: Griffith
|-sidestart|p1: x-demon18|move: Tailwind
|
|upkeep
|turn|7
|
|t:|1784775513
|switch|p2a: Tyranitar|Tyranitar, L50, M|100/100
|-weather|Sandstorm|[from] ability: Sand Stream|[of] p2a: Tyranitar
|move|p1b: Berserk|Rock Slide|p2a: Tyranitar|[spread] p2a,p2b
|-supereffective|p2b: Volcarona|2
|-damage|p2a: Tyranitar|77/100
|-damage|p2b: Volcarona|0 fnt
|faint|p2b: Volcarona
|-damage|p1b: Berserk|90/100|[from] item: Life Orb
|move|p1a: Griffith|Iron Head|p2a: Tyranitar
|-supereffective|p2a: Tyranitar|1
|-damage|p2a: Tyranitar|15/100
|
|-weather|Sandstorm|[upkeep]
|upkeep
|
|t:|1784775520
|switch|p2b: Sinistcha|Sinistcha, L50|19/100
|-heal|p2a: Tyranitar|40/100|[from] ability: Hospitality|[of] p2b: Sinistcha
|turn|8
|
|t:|1784775534
|move|p1b: Berserk|Stomping Tantrum|p2a: Tyranitar
|-supereffective|p2a: Tyranitar|1
|-damage|p2a: Tyranitar|0 fnt
|faint|p2a: Tyranitar
|-damage|p1b: Berserk|80/100|[from] item: Life Orb
|move|p1a: Griffith|Dual Wingbeat|p2b: Sinistcha
|-supereffective|p2b: Sinistcha|1
|-damage|p2b: Sinistcha|0 fnt
|faint|p2b: Sinistcha
|-hitcount|p2: Sinistcha|1
|
|-weather|Sandstorm|[upkeep]
|upkeep
|
|t:|1784775539
|switch|p2b: Floette|Floette-Mega, L50, F|9/100
|-ability|p2b: Floette|Fairy Aura
|turn|9
|
|t:|1784775552
|move|p1b: Berserk|Protect|p1b: Berserk
|-singleturn|p1b: Berserk|Protect
|move|p1a: Griffith|Iron Head|p2b: Floette
|-supereffective|p2b: Floette|1
|-damage|p2b: Floette|0 fnt
|faint|p2b: Floette
|
|win|x-demon18
||Harbinger Aegis is ready for game 2.
|inactive|x-demon18 has 30 seconds to confirm battle start!
|inactive|x-demon18 has 20 seconds to confirm battle start!
|l|☆x-demon18
|player|p1|
||x-demon18 is ready for game 2.
|uhtml|next|Next: Game 2 of 3
