|j|☆alex0234
|j|☆clarocojones
|html|alex0234clarocojones    
|uhtml|bestof|Game 2 of a best-of-3
|t:|1785512210
|gametype|doubles
|player|p1|alex0234|red|1211
|player|p2|clarocojones|striker|1100
|gen|9
|tier|[Gen 9 Champions] VGC 2026 Reg M-B (Bo3)
|rated|
|rule|Species Clause: Limit one of each Pokémon
|rule|Item Clause: Limit 1 of each item
|clearpoke
|poke|p1|Froslass, L50, F|
|poke|p1|Incineroar, L50, F|
|poke|p1|Sneasler, L50, M, shiny|
|poke|p1|Whimsicott, L50, F|
|poke|p1|Lycanroc-Dusk, L50, F, shiny|
|poke|p1|Staraptor, L50, M|
|poke|p2|Incineroar, L50, F, shiny|
|poke|p2|Floette-Eternal, L50, F|
|poke|p2|Sinistcha-Masterpiece, L50, shiny|
|poke|p2|Kommo-o, L50, M|
|poke|p2|Kingambit, L50, F, shiny|
|poke|p2|Aerodactyl, L50, M|
|teampreview|4
|showteam|p1|Froslass||Froslassite|CursedBody|Blizzard,ShadowBall,AuroraVeil,Protect|Modest||F|||50|]Incineroar||PasshoBerry|Intimidate|FakeOut,FlareBlitz,ThroatChop,PartingShot|Careful||F|||50|]Sneasler||LifeOrb|PoisonTouch|FakeOut,DireClaw,CloseCombat,Protect|Jolly||M|||50|]Whimsicott||FairyFeather|Prankster|Moonblast,Charm,Tailwind,Protect|Timid||F|||50|]Lycanroc-Dusk||FocusSash|ToughClaws|Accelerock,CloseCombat,RockSlide,Protect|Adamant||F|||50|]Staraptor||Staraptite|Intimidate|BraveBird,CloseCombat,Roost,Protect|Adamant||M|||50|
|showteam|p2|Incineroar||SitrusBerry|Intimidate|FakeOut,PartingShot,ThroatChop,FlareBlitz|Careful||F|||50|]Floette-Eternal||Floettite|FlowerVeil|Moonblast,DazzlingGleam,CalmMind,Protect|Modest||F|||50|]Sinistcha-Masterpiece||ColburBerry|Hospitality|MatchaGotcha,LifeDew,RagePowder,TrickRoom|Bold|||||50|]Kommo-o||Leftovers|Overcoat|ClangingScales,AuraSphere,ClangorousSoul,Protect|Modest||M|||50|]Kingambit||FocusSash|Defiant|KowtowCleave,SuckerPunch,IronHead,Protect|Adamant||F|||50|]Aerodactyl||Aerodactylite|Unnerve|Protect,RockSlide,Tailwind,DualWingbeat|Jolly||M|||50|
|inactive|Battle timer is ON: inactive players will automatically lose when time's up. (requested by alex0234)
|
|t:|1785512231
|teamsize|p1|4
|teamsize|p2|4
|start
|switch|p1a: Whimsicott|Whimsicott, L50, F|100/100
|switch|p1b: Staraptor|Staraptor, L50, M|100/100
|switch|p2a: Friends Take|Incineroar, L50, F, shiny|100/100
|switch|p2b: Felicidad|Floette-Eternal, L50, F|100/100
|-ability|p1b: Staraptor|Intimidate|boost
|-unboost|p2a: Friends Take|atk|1
|-unboost|p2b: Felicidad|atk|1
|-ability|p2a: Friends Take|Intimidate|boost
|-unboost|p1a: Whimsicott|atk|1
|-unboost|p1b: Staraptor|atk|1
|turn|1
|
|t:|1785512249
|switch|p2a: DON JULIO|Sinistcha-Masterpiece, L50, shiny|100/100
|detailschange|p2b: Felicidad|Floette-Mega, L50, F
|-mega|p2b: Felicidad|Floette|Floettite
|-ability|p2b: Felicidad|Fairy Aura
|move|p1a: Whimsicott|Protect|p1a: Whimsicott
|-singleturn|p1a: Whimsicott|Protect
|move|p1b: Staraptor|Protect|p1b: Staraptor
|-singleturn|p1b: Staraptor|Protect
|move|p2b: Felicidad|Dazzling Gleam|p1a: Whimsicott|[spread] 
|-activate|p1a: Whimsicott|move: Protect
|-activate|p1b: Staraptor|move: Protect
|
|upkeep
|turn|2
|inactive|alex0234 has 30 seconds left.
|inactive|alex0234 has 20 seconds left.
|
|t:|1785512284
|switch|p2a: Friends Take|Incineroar, L50, F, shiny|100/100
|-ability|p2a: Friends Take|Intimidate|boost
|-unboost|p1a: Whimsicott|atk|1
|-unboost|p1b: Staraptor|atk|1
|detailschange|p1b: Staraptor|Staraptor-Mega, L50, M
|-mega|p1b: Staraptor|Staraptor|Staraptite
|move|p1b: Staraptor|Protect|p1b: Staraptor
|-singleturn|p1b: Staraptor|Protect
|move|p1a: Whimsicott|Tailwind|p1a: Whimsicott
|-sidestart|p1: alex0234|move: Tailwind
|move|p2b: Felicidad|Dazzling Gleam|p1b: Staraptor|[spread] p1a
|-activate|p1b: Staraptor|move: Protect
|-damage|p1a: Whimsicott|18/100
|
|upkeep
|turn|3
|
|t:|1785512297
|switch|p1b: Incineroar|Incineroar, L50, F|100/100
|-ability|p1b: Incineroar|Intimidate|boost
|-unboost|p2a: Friends Take|atk|1
|-unboost|p2b: Felicidad|atk|1
|move|p2a: Friends Take|Fake Out|p1b: Incineroar
|-crit|p1b: Incineroar
|-damage|p1b: Incineroar|86/100
|move|p1a: Whimsicott|Moonblast|p2a: Friends Take
|-damage|p2a: Friends Take|57/100
|move|p2b: Felicidad|Dazzling Gleam|p1a: Whimsicott|[spread] p1a,p1b
|-damage|p1a: Whimsicott|0 fnt
|-damage|p1b: Incineroar|51/100
|faint|p1a: Whimsicott
|
|upkeep
|
|t:|1785512307
|switch|p1a: Sneasler|Sneasler, L50, M, shiny|100/100
|turn|4
|
|t:|1785512315
|switch|p2a: DON JULIO|Sinistcha-Masterpiece, L50, shiny|100/100
|move|p2b: Felicidad|Protect|p2b: Felicidad
|-singleturn|p2b: Felicidad|Protect
|move|p1a: Sneasler|Dire Claw|p2b: Felicidad
|-activate|p2b: Felicidad|move: Protect
|move|p1b: Incineroar|Flare Blitz|p2a: DON JULIO
|-supereffective|p2a: DON JULIO|1
|-damage|p2a: DON JULIO|14/100
|-damage|p1b: Incineroar|26/100|[from] Recoil
|
|upkeep
|turn|5
|
|t:|1785512331
|move|p1a: Sneasler|Protect|p1a: Sneasler
|-singleturn|p1a: Sneasler|Protect
|move|p2a: DON JULIO|Rage Powder|p2a: DON JULIO
|-singleturn|p2a: DON JULIO|move: Rage Powder
|move|p1b: Incineroar|Throat Chop|p2a: DON JULIO
|-supereffective|p2a: DON JULIO|1
|-enditem|p2a: DON JULIO|Colbur Berry|[eat]
|-enditem|p2a: DON JULIO|Colbur Berry|[weaken]
|-damage|p2a: DON JULIO|0 fnt
|faint|p2a: DON JULIO
|move|p2b: Felicidad|Dazzling Gleam|p1a: Sneasler|[spread] p1b
|-activate|p1a: Sneasler|move: Protect
|-damage|p1b: Incineroar|0 fnt
|faint|p1b: Incineroar
|
|-sideend|p1: alex0234|move: Tailwind
|upkeep
|
|t:|1785512340
|switch|p2a: Aerodactyl|Aerodactyl, L50, M|100/100
|switch|p1b: Staraptor|Staraptor-Mega, L50, M|100/100
|-ability|p2a: Aerodactyl|Unnerve
|turn|6
|
|t:|1785512347
|move|p2b: Felicidad|Protect|p2b: Felicidad
|-singleturn|p2b: Felicidad|Protect
|move|p2a: Aerodactyl|Tailwind|p2a: Aerodactyl
|-sidestart|p2: clarocojones|move: Tailwind
|move|p1a: Sneasler|Dire Claw|p2b: Felicidad
|-activate|p2b: Felicidad|move: Protect
|move|p1b: Staraptor|Close Combat|p2a: Aerodactyl
|-damage|p2a: Aerodactyl|0 fnt
|-boost|p1b: Staraptor|def|1
|-boost|p1b: Staraptor|spd|1
|faint|p2a: Aerodactyl
|
|upkeep
|
|t:|1785512353
|switch|p2a: Friends Take|Incineroar, L50, F, shiny|57/100
|-ability|p2a: Friends Take|Intimidate|boost
|-unboost|p1a: Sneasler|atk|1
|-boost|p1b: Staraptor|atk|1
|turn|7
|
|t:|1785512367
|move|p1a: Sneasler|Protect|p1a: Sneasler
|-singleturn|p1a: Sneasler|Protect
|move|p1b: Staraptor|Protect|p1b: Staraptor
|-singleturn|p1b: Staraptor|Protect
|move|p2a: Friends Take|Fake Out|p1b: Staraptor
|-activate|p1b: Staraptor|move: Protect
|move|p2b: Felicidad|Dazzling Gleam|p1a: Sneasler|[spread] 
|-activate|p1a: Sneasler|move: Protect
|-activate|p1b: Staraptor|move: Protect
|
|upkeep
|turn|8
|
|t:|1785512380
|move|p2b: Felicidad|Dazzling Gleam|p1a: Sneasler|[spread] p1a,p1b
|-supereffective|p1b: Staraptor|1
|-damage|p1a: Sneasler|32/100
|-damage|p1b: Staraptor|41/100
|move|p2a: Friends Take|Flare Blitz|p1b: Staraptor
|-damage|p1b: Staraptor|11/100
|-damage|p2a: Friends Take|49/100|[from] Recoil
|-enditem|p2a: Friends Take|Sitrus Berry|[eat]
|-heal|p2a: Friends Take|74/100|[from] item: Sitrus Berry
|move|p1a: Sneasler|Dire Claw|p2b: Felicidad
|-supereffective|p2b: Felicidad|1
|-damage|p2b: Felicidad|33/100
|-damage|p1a: Sneasler|22/100|[from] item: Life Orb
|move|p1b: Staraptor|Close Combat|p2a: Friends Take
|-supereffective|p2a: Friends Take|1
|-damage|p2a: Friends Take|0 fnt
|-boost|p1b: Staraptor|def|1
|-boost|p1b: Staraptor|spd|1
|faint|p2a: Friends Take
|
|upkeep
|turn|9
|-message|clarocojones forfeited.
|
|win|alex0234
