|j|☆Caaammm0410
|j|☆Lorido
|html|Caaammm0410Lorido    
|uhtml|bestof|Game 2 of a best-of-3
|t:|1784786411
|gametype|doubles
|player|p1|Caaammm0410|cynthia-gen4|1185
|player|p2|Lorido|265|1176
|gen|9
|tier|[Gen 9 Champions] VGC 2026 Reg M-B (Bo3)
|rated|
|rule|Species Clause: Limit one of each Pokémon
|rule|Item Clause: Limit 1 of each item
|clearpoke
|poke|p1|Pelipper, L50, F|
|poke|p1|Archaludon, L50, F|
|poke|p1|Swampert, L50, M|
|poke|p1|Volcarona, L50, F|
|poke|p1|Staraptor, L50, M|
|poke|p1|Incineroar, L50, M|
|poke|p2|Aerodactyl, L50, F|
|poke|p2|Kingambit, L50, M|
|poke|p2|Sylveon, L50, M|
|poke|p2|Charizard, L50, F|
|poke|p2|Garchomp, L50, F|
|poke|p2|Farigiraf, L50, F|
|teampreview|4
|showteam|p1|Pelipper||FocusSash|Drizzle|WeatherBall,Tailwind,Hurricane,Uturn|Modest||F|||50|]Archaludon||SitrusBerry|Stamina|ElectroShot,DragonPulse,FlashCannon,Protect|Timid||F|||50|]Swampert||Swampertite|Torrent|Earthquake,FlipTurn,WaveCrash,Protect|Careful||M|||50|]Volcarona||PasshoBerry|FlameBody|RagePowder,StruggleBug,FieryDance,Protect|Timid||F|||50|]Staraptor||Staraptite|Intimidate|CloseCombat,Roost,BraveBird,Protect|Adamant||M|||50|]Incineroar||ExpertBelt|Intimidate|FlareBlitz,PartingShot,FakeOut,DarkestLariat|Adamant||M|||50|
|showteam|p2|Aerodactyl||Aerodactylite|Unnerve|RockSlide,DualWingbeat,IceFang,Tailwind|Jolly||F|||50|]Kingambit||BlackGlasses|Defiant|KowtowCleave,IronHead,SuckerPunch,LowKick|Jolly||M|||50|]Sylveon||FairyFeather|Pixilate|HyperVoice,QuickAttack,HyperBeam,Detect|Modest||M|||50|]Charizard||CharizarditeY|Blaze|HeatWave,WeatherBall,SolarBeam,Protect|Modest||F|||50|]Garchomp||LifeOrb|RoughSkin|DragonClaw,Earthquake,RockSlide,Protect|Jolly||F|||50|]Farigiraf||SitrusBerry|ArmorTail|TwinBeam,Thunderbolt,TrickRoom,HelpingHand|Relaxed||F|||50|
|inactive|Battle timer is ON: inactive players will automatically lose when time's up. (requested by Lorido)
|inactive|Caaammm0410 has 60 seconds left.
|
|t:|1784786447
|teamsize|p1|4
|teamsize|p2|4
|start
|switch|p1a: Staraptor|Staraptor, L50, M|100/100
|switch|p1b: Incineroar|Incineroar, L50, M|100/100
|switch|p2a: Aerodactyl|Aerodactyl, L50, F|100/100
|switch|p2b: Sylveon|Sylveon, L50, M|100/100
|-ability|p2a: Aerodactyl|Unnerve
|-ability|p1a: Staraptor|Intimidate|boost
|-unboost|p2a: Aerodactyl|atk|1
|-unboost|p2b: Sylveon|atk|1
|-ability|p1b: Incineroar|Intimidate|boost
|-unboost|p2a: Aerodactyl|atk|1
|-unboost|p2b: Sylveon|atk|1
|turn|1
|
|t:|1784786472
|detailschange|p1a: Staraptor|Staraptor-Mega, L50, M
|-mega|p1a: Staraptor|Staraptor|Staraptite
|move|p2b: Sylveon|Detect|p2b: Sylveon
|-singleturn|p2b: Sylveon|Protect
|move|p1b: Incineroar|Fake Out|p2b: Sylveon
|-activate|p2b: Sylveon|move: Protect
|move|p2a: Aerodactyl|Tailwind|p2a: Aerodactyl
|-sidestart|p2: Lorido|move: Tailwind
|move|p1a: Staraptor|Close Combat|p2a: Aerodactyl
|-damage|p2a: Aerodactyl|0 fnt
|-boost|p1a: Staraptor|def|1
|-boost|p1a: Staraptor|spd|1
|faint|p2a: Aerodactyl
|
|upkeep
|
|t:|1784786487
|switch|p2a: Garchomp|Garchomp, L50, F|100/100
|turn|2
|
|t:|1784786509
|move|p1a: Staraptor|Protect|p1a: Staraptor
|-singleturn|p1a: Staraptor|Protect
|move|p2a: Garchomp|Rock Slide|p1b: Incineroar|[spread] p1b
|-activate|p1a: Staraptor|move: Protect
|-supereffective|p1b: Incineroar|1
|-damage|p1b: Incineroar|50/100y
|-damage|p2a: Garchomp|90/100|[from] item: Life Orb
|move|p2b: Sylveon|Hyper Voice|p1a: Staraptor|[spread] p1b
|-activate|p1a: Staraptor|move: Protect
|-crit|p1b: Incineroar
|-damage|p1b: Incineroar|0 fnt
|faint|p1b: Incineroar
|
|upkeep
|
|t:|1784786521
|switch|p1b: Volcarona|Volcarona, L50, F|100/100
|turn|3
|c|☆Lorido|sry
|
|t:|1784786536
|switch|p1b: Archaludon|Archaludon, L50, F|100/100
|move|p2a: Garchomp|Rock Slide|p1b: Archaludon|[spread] p1a,p1b
|-resisted|p1b: Archaludon|1
|-damage|p1a: Staraptor|84/100
|-damage|p1b: Archaludon|88/100
|-ability|p1b: Archaludon|Stamina|boost
|-boost|p1b: Archaludon|def|1
|-damage|p2a: Garchomp|80/100|[from] item: Life Orb
|move|p2b: Sylveon|Hyper Voice|p1a: Staraptor|[spread] p1a,p1b
|-supereffective|p1a: Staraptor|1
|-damage|p1a: Staraptor|27/100
|-damage|p1b: Archaludon|36/100
|-ability|p1b: Archaludon|Stamina|boost
|-boost|p1b: Archaludon|def|1
|-enditem|p1b: Archaludon|Sitrus Berry|[eat]
|-heal|p1b: Archaludon|61/100|[from] item: Sitrus Berry
|move|p1a: Staraptor|Close Combat|p2b: Sylveon
|-resisted|p2b: Sylveon|1
|-damage|p2b: Sylveon|66/100
|-boost|p1a: Staraptor|def|1
|-boost|p1a: Staraptor|spd|1
|
|upkeep
|turn|4
|
|t:|1784786560
|move|p1b: Archaludon|Protect|p1b: Archaludon
|-singleturn|p1b: Archaludon|Protect
|move|p1a: Staraptor|Protect|p1a: Staraptor
|-singleturn|p1a: Staraptor|Protect
|move|p2a: Garchomp|Dragon Claw|p1b: Archaludon
|-activate|p1b: Archaludon|move: Protect
|move|p2b: Sylveon|Hyper Voice|p1b: Archaludon|[spread] 
|-activate|p1a: Staraptor|move: Protect
|-activate|p1b: Archaludon|move: Protect
|
|-sideend|p2: Lorido|move: Tailwind
|upkeep
|turn|5
|
|t:|1784786580
|move|p2a: Garchomp|Rock Slide|p1a: Staraptor|[spread] p1a,p1b
|-resisted|p1b: Archaludon|1
|-damage|p1a: Staraptor|14/100
|-damage|p1b: Archaludon|55/100
|-ability|p1b: Archaludon|Stamina|boost
|-boost|p1b: Archaludon|def|1
|-damage|p2a: Garchomp|70/100|[from] item: Life Orb
|move|p1b: Archaludon|Dragon Pulse|p2a: Garchomp
|-supereffective|p2a: Garchomp|1
|-damage|p2a: Garchomp|0 fnt
|faint|p2a: Garchomp
|move|p1a: Staraptor|Roost|p1a: Staraptor
|-heal|p1a: Staraptor|64/100
|-singleturn|p1a: Staraptor|move: Roost
|move|p2b: Sylveon|Hyper Voice|p1b: Archaludon|[spread] p1a,p1b
|-supereffective|p1a: Staraptor|1
|-damage|p1a: Staraptor|17/100
|-damage|p1b: Archaludon|0 fnt
|faint|p1b: Archaludon
|
|upkeep
|
|t:|1784786598
|switch|p2a: Charizard|Charizard, L50, F|100/100
|switch|p1b: Volcarona|Volcarona, L50, F|100/100
|turn|6
|
|t:|1784786611
|detailschange|p2a: Charizard|Charizard-Mega-Y, L50, F
|-mega|p2a: Charizard|Charizard|Charizardite Y
|-weather|SunnyDay|[from] ability: Drought|[of] p2a: Charizard
|move|p1a: Staraptor|Protect|p1a: Staraptor
|-singleturn|p1a: Staraptor|Protect
|move|p1b: Volcarona|Struggle Bug|p2a: Charizard|[spread] p2a,p2b
|-resisted|p2a: Charizard|2
|-resisted|p2b: Sylveon|1
|-crit|p2b: Sylveon
|-damage|p2a: Charizard|95/100
|-damage|p2b: Sylveon|55/100
|-unboost|p2a: Charizard|spa|1
|-unboost|p2b: Sylveon|spa|1
|move|p2a: Charizard|Heat Wave|p1b: Volcarona|[spread] p1b
|-activate|p1a: Staraptor|move: Protect
|-damage|p1b: Volcarona|52/100
|move|p2b: Sylveon|Hyper Voice|p1b: Volcarona|[spread] p1b
|-activate|p1a: Staraptor|move: Protect
|-resisted|p1b: Volcarona|1
|-damage|p1b: Volcarona|37/100
|
|-weather|SunnyDay|[upkeep]
|upkeep
|turn|7
|
|t:|1784786631
|move|p1b: Volcarona|Struggle Bug|p2b: Sylveon|[spread] p2a,p2b
|-resisted|p2a: Charizard|2
|-resisted|p2b: Sylveon|1
|-damage|p2a: Charizard|91/100
|-damage|p2b: Sylveon|47/100
|-unboost|p2a: Charizard|spa|1
|-unboost|p2b: Sylveon|spa|1
|move|p1a: Staraptor|Roost|p1a: Staraptor
|-heal|p1a: Staraptor|67/100
|-singleturn|p1a: Staraptor|move: Roost
|move|p2a: Charizard|Heat Wave|p1a: Staraptor|[spread] p1a,p1b
|-damage|p1a: Staraptor|51/100
|-damage|p1b: Volcarona|1/100
|move|p2b: Sylveon|Hyper Voice|p1b: Volcarona|[spread] p1a,p1b
|-supereffective|p1a: Staraptor|1
|-resisted|p1b: Volcarona|1
|-damage|p1a: Staraptor|26/100
|-damage|p1b: Volcarona|0 fnt
|faint|p1b: Volcarona
|
|-weather|SunnyDay|[upkeep]
|upkeep
|turn|8
|inactive|Caaammm0410 has 30 seconds left.
|inactive|Caaammm0410 has 20 seconds left.
|
|t:|1784786669
|move|p1a: Staraptor|Brave Bird|p2b: Sylveon
|-damage|p2b: Sylveon|0 fnt
|faint|p2b: Sylveon
|-damage|p1a: Staraptor|10/100|[from] Recoil
|move|p2a: Charizard|Weather Ball|p1a: Staraptor
|-damage|p1a: Staraptor|0 fnt
|faint|p1a: Staraptor
|
|win|Lorido
|raw|Caaammm0410's rating: 1185 → 1159(-26 for losing)
|raw|Lorido's rating: 1176 → 1202(+26 for winning)
