|j|☆BBRAFF
|j|☆Anicredible
|html|BBRAFFAnicredible    
|uhtml|bestof|Game 2 of a best-of-3
|t:|1756751357
|gametype|doubles
|player|p1|BBRAFF|266|1024
|player|p2|Anicredible|hilbert|1089
|gen|9
|tier|[Gen 9] VGC 2025 Reg H (Bo3)
|rated|
|rule|Species Clause: Limit one of each Pokémon
|rule|Item Clause: Limit 1 of each item
|clearpoke
|poke|p1|Oranguru, L50, M|
|poke|p1|Toxtricity, L50, F|
|poke|p1|Kommo-o, L50, M|
|poke|p1|Sinistcha, L50|
|poke|p1|Ursaluna, L50, M|
|poke|p1|Sneasler, L50, F|
|poke|p2|Annihilape, L50, F|
|poke|p2|Ursaluna-Bloodmoon, L50, M|
|poke|p2|Farigiraf, L50, M|
|poke|p2|Arcanine-Hisui, L50, F|
|poke|p2|Whimsicott, L50, M|
|poke|p2|Altaria, L50, F|
|teampreview|4
|showteam|p1|Oranguru||CovertCloak|Telepathy|Instruct,TrickRoom,PsychicNoise,Yawn|||M|||50|,,,,,Dark]Toxtricity||LifeOrb|PunkRock|Boomburst,Overdrive,SludgeBomb,Protect|||F|||50|,,,,,Normal]Kommo-o||ThroatSpray|Soundproof|ClangorousSoul,ClangingScales,Flamethrower,Protect|||M|||50|,,,,,Fire]Sinistcha||SitrusBerry|Hospitality|MatchaGotcha,RagePowder,LifeDew,TrickRoom||||||50|,,,,,Water]Ursaluna||FlameOrb|Guts|Facade,HeadlongRush,Earthquake,Protect|||M|||50|,,,,,Ghost]Sneasler||FocusSash|Unburden|FakeOut,CloseCombat,DireClaw,Protect|||F|||50|,,,,,Fighting
|showteam|p2|Annihilape||MistySeed|Defiant|Protect,BulkUp,DrainPunch,RageFist|||F|||50|,,,,,Fire]Ursaluna-Bloodmoon||LifeOrb|MindsEye|Protect,EarthPower,HyperVoice,BloodMoon|||M|||50|,,,,,Normal]Farigiraf||ThroatSpray|ArmorTail|Protect,TrickRoom,HyperVoice,Psychic|||M|||50|,,,,,Dragon]Arcanine-Hisui||ChoiceBand|Intimidate|FlareBlitz,RockSlide,ExtremeSpeed,WildCharge|||F|||50|,,,,,Grass]Whimsicott||CovertCloak|Prankster|Tailwind,MistyTerrain,Moonblast,Encore|||M|||50|,,,,,Fire]Altaria||SitrusBerry|CloudNine|Protect,Haze,Thief,HelpingHand|||F|||50|,,,,,Fairy
|inactive|Battle timer is ON: inactive players will automatically lose when time's up. (requested by BBRAFF)
|inactive|Anicredible has 60 seconds left.
|inactive|Anicredible has 30 seconds left.
|inactive|Anicredible has 20 seconds left.
|inactive|Anicredible has 15 seconds left.
|
|t:|1756751513
|teamsize|p1|4
|teamsize|p2|4
|start
|switch|p1a: Sneasler|Sneasler, L50, F|100/100
|switch|p1b: Oranguru|Oranguru, L50, M|100/100
|switch|p2a: Whimsicott|Whimsicott, L50, M|100/100
|switch|p2b: Ursaluna|Ursaluna-Bloodmoon, L50, M|100/100
|turn|1
|
|t:|1756751537
|move|p2b: Ursaluna|Protect|p2b: Ursaluna
|-singleturn|p2b: Ursaluna|Protect
|move|p1a: Sneasler|Close Combat|p2b: Ursaluna
|-activate|p2b: Ursaluna|move: Protect
|move|p2a: Whimsicott|Moonblast|p1a: Sneasler
|-damage|p1a: Sneasler|61/100
|move|p1b: Oranguru|Trick Room|p1b: Oranguru
|-fieldstart|move: Trick Room|[of] p1b: Oranguru
|
|upkeep
|turn|2
|inactive|BBRAFF has 30 seconds left.
|inactive|Anicredible has 30 seconds left.
|inactive|Anicredible has 20 seconds left.
|inactive|Anicredible has 15 seconds left.
|inactive|Anicredible has 10 seconds left.
|inactive|Anicredible has 5 seconds left.
|
|t:|1756751592
|-terastallize|p1b: Oranguru|Dark
|-terastallize|p2b: Ursaluna|Normal
|move|p2a: Whimsicott|Encore|p1b: Oranguru
|-hint|Since gen 7, Dark is immune to Prankster moves.
|-immune|p1b: Oranguru
|move|p1b: Oranguru|Instruct|p1a: Sneasler
|-singleturn|p1a: Sneasler|move: Instruct|[of] p1b: Oranguru
|move|p1a: Sneasler|Close Combat|p2b: Ursaluna
|-supereffective|p2b: Ursaluna
|-damage|p2b: Ursaluna|24/100
|-unboost|p1a: Sneasler|def|1
|-unboost|p1a: Sneasler|spd|1
|move|p2b: Ursaluna|Hyper Voice|p1b: Oranguru|[spread] p1a,p1b
|-damage|p1a: Sneasler|0 fnt
|-damage|p1b: Oranguru|46/100
|faint|p1a: Sneasler
|-damage|p2b: Ursaluna|14/100|[from] item: Life Orb
|
|upkeep
|
|t:|1756751612
|switch|p1a: Toxtricity|Toxtricity, L50, F|100/100
|turn|3
|inactive|BBRAFF has 30 seconds left.
|
|t:|1756751640
|move|p2b: Ursaluna|Protect|p2b: Ursaluna
|-singleturn|p2b: Ursaluna|Protect
|move|p1b: Oranguru|Psychic Noise|p2b: Ursaluna
|-activate|p2b: Ursaluna|move: Protect
|move|p1a: Toxtricity|Sludge Bomb|p2a: Whimsicott
|-supereffective|p2a: Whimsicott
|-damage|p2a: Whimsicott|0 fnt
|faint|p2a: Whimsicott
|-damage|p1a: Toxtricity|91/100|[from] item: Life Orb
|
|upkeep
|
|t:|1756751650
|switch|p2a: Arcanine|Arcanine-Hisui, L50, F|100/100
|-ability|p2a: Arcanine|Intimidate|boost
|-unboost|p1a: Toxtricity|atk|1
|-unboost|p1b: Oranguru|atk|1
|turn|4
|
|t:|1756751675
|move|p2a: Arcanine|Extreme Speed|p1b: Oranguru
|-damage|p1b: Oranguru|16/100
|move|p1b: Oranguru|Psychic Noise|p2b: Ursaluna
|-damage|p2b: Ursaluna|0 fnt
|faint|p2b: Ursaluna
|move|p1a: Toxtricity|Overdrive|p2a: Arcanine
|-damage|p2a: Arcanine|19/100
|-damage|p1a: Toxtricity|81/100|[from] item: Life Orb
|
|upkeep
|
|t:|1756751689
|switch|p2b: Annihilape|Annihilape, L50, F|100/100
|turn|5
|inactive|BBRAFF has 30 seconds left.
|
|t:|1756751718
|move|p2a: Arcanine|Extreme Speed|p1b: Oranguru
|-damage|p1b: Oranguru|0 fnt
|faint|p1b: Oranguru
|move|p1a: Toxtricity|Sludge Bomb|p2a: Arcanine
|-resisted|p2a: Arcanine
|-damage|p2a: Arcanine|0 fnt
|faint|p2a: Arcanine
|-damage|p1a: Toxtricity|71/100|[from] item: Life Orb
|move|p2b: Annihilape|Rage Fist|p1a: Toxtricity
|-damage|p1a: Toxtricity|39/100
|
|-fieldend|move: Trick Room
|upkeep
|
|t:|1756751722
|switch|p1b: Kommo-o|Kommo-o, L50, M|100/100
|turn|6
|
|t:|1756751744
|move|p2b: Annihilape|Rage Fist|p1a: Toxtricity
|-damage|p1a: Toxtricity|6/100
|move|p1b: Kommo-o|Clangorous Soul|p1b: Kommo-o
|-boost|p1b: Kommo-o|atk|1
|-boost|p1b: Kommo-o|def|1
|-boost|p1b: Kommo-o|spa|1
|-boost|p1b: Kommo-o|spd|1
|-boost|p1b: Kommo-o|spe|1
|-damage|p1b: Kommo-o|68/100
|-enditem|p1b: Kommo-o|Throat Spray
|-boost|p1b: Kommo-o|spa|1|[from] item: Throat Spray
|move|p1a: Toxtricity|Overdrive|p2b: Annihilape
|-damage|p2b: Annihilape|33/100
|-damage|p1a: Toxtricity|0 fnt|[from] item: Life Orb
|faint|p1a: Toxtricity
|
|upkeep
|turn|7
|
|t:|1756751756
|move|p1b: Kommo-o|Clanging Scales|p2b: Annihilape
|-damage|p2b: Annihilape|0 fnt
|faint|p2b: Annihilape
|
|win|BBRAFF
||BBRAFF is ready for game 3.
