|j|☆Oblivionruler
|j|☆sum1dum
|html|Oblivionrulersum1dum    
|uhtml|bestof|Game 1 of a best-of-3
|t:|1783716297
|gametype|doubles
|player|p1|Oblivionruler|266|1158
|player|p2|sum1dum|rosa|1156
|gen|9
|tier|[Gen 9 Champions] VGC 2026 Reg M-B (Bo3)
|rated|
|rule|Species Clause: Limit one of each Pokémon
|rule|Item Clause: Limit 1 of each item
|clearpoke
|poke|p1|Whimsicott, L50, F|
|poke|p1|Raichu, L50, M|
|poke|p1|Mamoswine, L50, F|
|poke|p1|Sneasler, L50, M|
|poke|p1|Sylveon, L50, M|
|poke|p1|Gholdengo, L50|
|poke|p2|Gliscor, L50, M|
|poke|p2|Primarina, L50, F|
|poke|p2|Metagross, L50|
|poke|p2|Ninetales-Alola, L50, M|
|poke|p2|Incineroar, L50, M|
|poke|p2|Sinistcha, L50|
|teampreview|4
|showteam|p1|Whimsicott||FocusSash|Prankster|Moonblast,Tailwind,Encore,Protect|Modest||F|||50|]Raichu||RaichuniteY|LightningRod|FakeOut,ZapCannon,FocusBlast,Protect|Timid||M|||50|]Mamoswine||ExpertBelt|Oblivious|IceShard,IcicleCrash,HighHorsepower,Protect|Adamant||F|||50|]Sneasler||WhiteHerb|Unburden|DireClaw,CloseCombat,FakeOut,Protect|Jolly||M|||50|]Sylveon||FairyFeather|Pixilate|Protect,HyperBeam,Roar,HyperVoice|Modest||M|||50|]Gholdengo||LifeOrb|GoodasGold|MakeItRain,Protect,PowerGem,ShadowBall|Modest|||||50|
|showteam|p2|Gliscor||LifeOrb|HyperCutter|DualWingbeat,HighHorsepower,Protect,RockSlide|Jolly||M|||50|]Primarina||Leftovers|LiquidVoice|CalmMind,HyperVoice,Moonblast,Protect|Modest||F|||50|]Metagross||Metagrossite|ClearBody|BulletPunch,IronHead,Protect,PsychicFangs|Jolly|||||50|]Ninetales-Alola||LightClay|SnowWarning|AuroraVeil,FreezeDry,Moonblast,Protect|Timid||M|||50|]Incineroar||ChopleBerry|Intimidate|FakeOut,FlareBlitz,DarkestLariat,PartingShot|Impish||M|||50|]Sinistcha||SitrusBerry|Hospitality|MatchaGotcha,Protect,LifeDew,RagePowder|Bold|||||50|
|inactive|Battle timer is ON: inactive players will automatically lose when time's up. (requested by sum1dum)
|inactive|Oblivionruler has 60 seconds left.
|inactive|Oblivionruler has 30 seconds left.
|
|t:|1783716359
|teamsize|p1|4
|teamsize|p2|4
|start
|switch|p1a: Sneasler|Sneasler, L50, M|100/100
|switch|p1b: Whimsicott|Whimsicott, L50, F|100/100
|switch|p2a: Justice|Incineroar, L50, M|100/100
|switch|p2b: Bravery|Gliscor, L50, M|100/100
|-ability|p2a: Justice|Intimidate|boost
|-unboost|p1a: Sneasler|atk|1
|-unboost|p1b: Whimsicott|atk|1
|-enditem|p1a: Sneasler|White Herb
|-clearnegativeboost|p1a: Sneasler|[silent]
|turn|1
|inactive|Oblivionruler has 30 seconds left.
|inactive|Oblivionruler has 20 seconds left.
|
|t:|1783716394
|move|p1a: Sneasler|Fake Out|p2b: Bravery
|-damage|p2b: Bravery|86/100
|move|p2a: Justice|Fake Out|p1b: Whimsicott
|-damage|p1b: Whimsicott|85/100
|cant|p1b: Whimsicott|flinch
|cant|p2b: Bravery|flinch
|
|upkeep
|turn|2
|
|t:|1783716418
|switch|p2b: Perserverance|Metagross, L50|100/100
|move|p1a: Sneasler|Close Combat|p2a: Justice
|-supereffective|p2a: Justice|1
|-enditem|p2a: Justice|Chople Berry|[eat]
|-enditem|p2a: Justice|Chople Berry|[weaken]
|-damage|p2a: Justice|49/100
|-unboost|p1a: Sneasler|def|1
|-unboost|p1a: Sneasler|spd|1
|move|p1b: Whimsicott|Moonblast|p2a: Justice
|-damage|p2a: Justice|18/100
|move|p2a: Justice|Flare Blitz|p1b: Whimsicott
|-supereffective|p1b: Whimsicott|1
|-damage|p1b: Whimsicott|0 fnt
|faint|p1b: Whimsicott
|-damage|p2a: Justice|0 fnt|[from] Recoil
|faint|p2a: Justice
|
|upkeep
|inactive|sum1dum has 30 seconds left.
|
|t:|1783716444
|switch|p1b: Raichu|Raichu, L50, M|100/100
|switch|p2a: Patience|Primarina, L50, F|100/100
|turn|3
|inactive|sum1dum has 30 seconds left.
|
|t:|1783716476
|detailschange|p1b: Raichu|Raichu-Mega-Y, L50, M
|-mega|p1b: Raichu|Raichu|Raichunite Y
|detailschange|p2b: Perserverance|Metagross-Mega, L50
|-mega|p2b: Perserverance|Metagross|Metagrossite
|move|p2a: Patience|Protect|p2a: Patience
|-singleturn|p2a: Patience|Protect
|move|p1b: Raichu|Fake Out|p2b: Perserverance
|-resisted|p2b: Perserverance|1
|-damage|p2b: Perserverance|96/100
|move|p1a: Sneasler|Dire Claw|p2a: Patience
|-activate|p2a: Patience|move: Protect
|cant|p2b: Perserverance|flinch
|
|upkeep
|turn|4
|
|t:|1783716501
|move|p1a: Sneasler|Dire Claw|p2a: Patience
|-supereffective|p2a: Patience|1
|-damage|p2a: Patience|13/100
|move|p1b: Raichu|Zap Cannon|p2b: Perserverance
|-damage|p2b: Perserverance|28/100
|-status|p2b: Perserverance|par
|move|p2b: Perserverance|Psychic Fangs|p1a: Sneasler
|-supereffective|p1a: Sneasler|2
|-damage|p1a: Sneasler|0 fnt
|faint|p1a: Sneasler
|move|p2a: Patience|Hyper Voice|p1b: Raichu
|-damage|p1b: Raichu|36/100
|
|-heal|p2a: Patience|19/100|[from] item: Leftovers
|upkeep
|
|t:|1783716515
|switch|p1a: Sylveon|Sylveon, L50, M|100/100
|turn|5
|
|t:|1783716525
|move|p1b: Raichu|Protect|p1b: Raichu
|-singleturn|p1b: Raichu|Protect
|move|p2b: Perserverance|Bullet Punch|p1a: Sylveon
|-supereffective|p1a: Sylveon|1
|-damage|p1a: Sylveon|26/100
|move|p1a: Sylveon|Hyper Voice|p2a: Patience|[spread] p2a,p2b
|-resisted|p2b: Perserverance|1
|-damage|p2a: Patience|0 fnt
|-damage|p2b: Perserverance|0 fnt
|faint|p2a: Patience
|faint|p2b: Perserverance
|
|upkeep
|
|t:|1783716528
|switch|p2a: Bravery|Gliscor, L50, M|86/100
|turn|6
|
|t:|1783716539
|move|p1b: Raichu|Focus Blast|p2a: Bravery
|-resisted|p2a: Bravery|1
|-damage|p2a: Bravery|56/100
|move|p2a: Bravery|High Horsepower|p1a: Sylveon|[miss]
|-miss|p2a: Bravery|p1a: Sylveon
|move|p1a: Sylveon|Hyper Beam|p2a: Bravery|[miss]
|-miss|p1a: Sylveon|p2a: Bravery
|
|upkeep
|turn|7
|c|☆sum1dum|holy
|
|t:|1783716552
|move|p1b: Raichu|Protect|p1b: Raichu
|-singleturn|p1b: Raichu|Protect
|move|p2a: Bravery|High Horsepower|p1a: Sylveon
|-damage|p1a: Sylveon|0 fnt
|faint|p1a: Sylveon
|-damage|p2a: Bravery|46/100|[from] item: Life Orb
|
|upkeep
|turn|8
|
|t:|1783716558
|move|p1b: Raichu|Focus Blast|p2a: Bravery
|-resisted|p2a: Bravery|1
|-damage|p2a: Bravery|18/100
|move|p2a: Bravery|High Horsepower|p1b: Raichu
|-supereffective|p1b: Raichu|1
|-damage|p1b: Raichu|0 fnt
|faint|p1b: Raichu
|-damage|p2a: Bravery|8/100|[from] item: Life Orb
|
|win|sum1dum
