|j|☆Squ1dge_
|j|☆Low Tier Goodra
|html|Squ1dge_Low Tier Goodra    
|uhtml|bestof|Game 2 of a best-of-3
|t:|1757682850
|gametype|doubles
|player|p1|Squ1dge_|101|1466
|player|p2|Low Tier Goodra|jasmine|1440
|gen|9
|tier|[Gen 9] VGC 2025 Reg H (Bo3)
|rated|
|rule|Species Clause: Limit one of each Pokémon
|rule|Item Clause: Limit 1 of each item
|clearpoke
|poke|p1|Gholdengo, L50|
|poke|p1|Sneasler, L50, M|
|poke|p1|Rillaboom, L50, F|
|poke|p1|Dragonite, L50, F|
|poke|p1|Ninetales-Alola, L50, M|
|poke|p1|Arcanine-Hisui, L50, F|
|poke|p2|Armarouge, L50, M|
|poke|p2|Torkoal, L50, F|
|poke|p2|Sinistcha-Masterpiece, L50|
|poke|p2|Rillaboom, L50, M|
|poke|p2|Ursaluna, L50, F|
|poke|p2|Incineroar, L50, M|
|teampreview|4
|showteam|p1|Gholdengo||GrassySeed|GoodasGold|NastyPlot,MakeItRain,ShadowBall,Protect||||||50|,,,,,Water]Sneasler||WhiteHerb|Unburden|CloseCombat,DireClaw,Coaching,Protect|||M|||50|,,,,,Ghost]Rillaboom||AssaultVest|GrassySurge|FakeOut,GrassyGlide,DrumBeating,HighHorsepower|||F|||50|,,,,,Fire]Dragonite||LoadedDice|Multiscale|ScaleShot,StompingTantrum,Tailwind,Protect|||F|||50|,,,,,Ground]Ninetales-Alola||FocusSash|SnowWarning|Blizzard,IcyWind,Encore,AuroraVeil|||M|||50|,,,,,Ghost]Arcanine-Hisui||ClearAmulet|Intimidate|RockSlide,FlareBlitz,ExtremeSpeed,Protect|||F|||50|,,,,,Water
|showteam|p2|Armarouge||MentalHerb|FlashFire|ArmorCannon,ExpandingForce,TrickRoom,Protect|||M|||50|,,,,,Grass]Torkoal||Leftovers|Drought|Eruption,WeatherBall,EarthPower,Protect|||F|||50|,,,,,Fire]Sinistcha-Masterpiece||GrassySeed|Heatproof|MatchaGotcha,ShadowBall,CalmMind,TrickRoom||||||50|,,,,,Fairy]Rillaboom||CovertCloak|GrassySurge|WoodHammer,Uturn,Taunt,FakeOut|||M|||50|,,,,,Water]Ursaluna||FlameOrb|Guts|HeadlongRush,Facade,Substitute,Protect|||F|||50|,,,,,Ghost]Incineroar||SafetyGoggles|Intimidate|FlareBlitz,KnockOff,Taunt,FakeOut|||M|||50|,,,,,Ghost
|
|t:|1757682876
|teamsize|p1|4
|teamsize|p2|4
|start
|switch|p1a: Rillaboom|Rillaboom, L50, F|100/100
|switch|p1b: Arcanine|Arcanine-Hisui, L50, F|100/100
|switch|p2a: Incineroar|Incineroar, L50, M|100/100
|switch|p2b: Armarouge|Armarouge, L50, M|100/100
|-ability|p1b: Arcanine|Intimidate|boost
|-unboost|p2a: Incineroar|atk|1
|-unboost|p2b: Armarouge|atk|1
|-fieldstart|move: Grassy Terrain|[from] ability: Grassy Surge|[of] p1a: Rillaboom
|-ability|p2a: Incineroar|Intimidate|boost
|-unboost|p1a: Rillaboom|atk|1
|-fail|p1b: Arcanine|unboost|[from] item: Clear Amulet|[of] p1b: Arcanine
|turn|1
|
|t:|1757682892
|switch|p2a: Ursaluna|Ursaluna, L50, F|100/100
|move|p2b: Armarouge|Protect|p2b: Armarouge
|-singleturn|p2b: Armarouge|Protect
|move|p1a: Rillaboom|Fake Out|p2b: Armarouge
|-activate|p2b: Armarouge|move: Protect
|move|p1b: Arcanine|Rock Slide|p2b: Armarouge|[spread] p2a
|-activate|p2b: Armarouge|move: Protect
|-resisted|p2a: Ursaluna
|-damage|p2a: Ursaluna|90/100
|
|-heal|p2a: Ursaluna|96/100|[from] Grassy Terrain
|-status|p2a: Ursaluna|brn|[from] item: Flame Orb
|upkeep
|turn|2
|
|t:|1757682911
|switch|p1b: Gholdengo|Gholdengo, L50|100/100
|-enditem|p1b: Gholdengo|Grassy Seed
|-boost|p1b: Gholdengo|def|1|[from] item: Grassy Seed
|switch|p2a: Incineroar|Incineroar, L50, M|100/100
|-ability|p2a: Incineroar|Intimidate|boost
|-unboost|p1a: Rillaboom|atk|1
|-unboost|p1b: Gholdengo|atk|1
|-terastallize|p2b: Armarouge|Grass
|move|p1a: Rillaboom|Drum Beating|p2a: Incineroar
|-resisted|p2a: Incineroar
|-damage|p2a: Incineroar|89/100
|-unboost|p2a: Incineroar|spe|1
|move|p2b: Armarouge|Trick Room|p2b: Armarouge
|-fieldstart|move: Trick Room|[of] p2b: Armarouge
|
|-heal|p2a: Incineroar|95/100|[from] Grassy Terrain
|upkeep
|turn|3
|
|t:|1757682959
|switch|p2a: Torkoal|Torkoal, L50, F|100/100
|-weather|SunnyDay|[from] ability: Drought|[of] p2a: Torkoal
|move|p1b: Gholdengo|Protect|p1b: Gholdengo
|-singleturn|p1b: Gholdengo|Protect
|move|p2b: Armarouge|Armor Cannon|p1b: Gholdengo
|-activate|p1b: Gholdengo|move: Protect
|move|p1a: Rillaboom|High Horsepower|p2a: Torkoal
|-supereffective|p2a: Torkoal
|-damage|p2a: Torkoal|78/100
|
|-weather|SunnyDay|[upkeep]
|-heal|p2a: Torkoal|84/100|[from] Grassy Terrain
|-heal|p2a: Torkoal|90/100|[from] item: Leftovers
|upkeep
|turn|4
|
|t:|1757682997
|switch|p1a: Ninetales|Ninetales-Alola, L50, M|100/100
|-weather|Snowscape|[from] ability: Snow Warning|[of] p1a: Ninetales
|-terastallize|p1b: Gholdengo|Water
|move|p2a: Torkoal|Earth Power|p1b: Gholdengo
|-damage|p1b: Gholdengo|77/100
|move|p2b: Armarouge|Armor Cannon|p1b: Gholdengo
|-resisted|p1b: Gholdengo
|-damage|p1b: Gholdengo|50/100
|-unboost|p2b: Armarouge|def|1
|-unboost|p2b: Armarouge|spd|1
|move|p1b: Gholdengo|Shadow Ball|p2a: Torkoal
|-damage|p2a: Torkoal|36/100
|
|-weather|Snowscape|[upkeep]
|-heal|p2a: Torkoal|42/100|[from] Grassy Terrain
|-heal|p2a: Torkoal|48/100|[from] item: Leftovers
|-heal|p1b: Gholdengo|56/100|[from] Grassy Terrain
|upkeep
|turn|5
|
|t:|1757683022
|switch|p2a: Ursaluna|Ursaluna, L50, F|96/100 brn
|switch|p1a: Arcanine|Arcanine-Hisui, L50, F|100/100
|-ability|p1a: Arcanine|Intimidate|boost
|-unboost|p2a: Ursaluna|atk|1
|-unboost|p2b: Armarouge|atk|1
|move|p1b: Gholdengo|Protect|p1b: Gholdengo
|-singleturn|p1b: Gholdengo|Protect
|move|p2b: Armarouge|Armor Cannon|p1a: Arcanine
|-resisted|p1a: Arcanine
|-damage|p1a: Arcanine|84/100
|-unboost|p2b: Armarouge|def|1
|-unboost|p2b: Armarouge|spd|1
|
|-weather|Snowscape|[upkeep]
|-heal|p2a: Ursaluna|100/100 brn|[from] Grassy Terrain
|-heal|p1b: Gholdengo|62/100|[from] Grassy Terrain
|-heal|p1a: Arcanine|90/100|[from] Grassy Terrain
|-damage|p2a: Ursaluna|95/100 brn|[from] brn
|-fieldend|move: Grassy Terrain
|upkeep
|turn|6
|
|t:|1757683043
|switch|p1a: Rillaboom|Rillaboom, L50, F|100/100
|-fieldstart|move: Grassy Terrain|[from] ability: Grassy Surge|[of] p1a: Rillaboom
|move|p2a: Ursaluna|Facade|p1b: Gholdengo
|-damage|p1b: Gholdengo|11/100
|move|p2b: Armarouge|Expanding Force|p1b: Gholdengo
|-damage|p1b: Gholdengo|0 fnt
|faint|p1b: Gholdengo
|
|-weather|Snowscape|[upkeep]
|-heal|p2a: Ursaluna|100/100 brn|[from] Grassy Terrain
|-damage|p2a: Ursaluna|95/100 brn|[from] brn
|-fieldend|move: Trick Room
|upkeep
|
|t:|1757683052
|switch|p1b: Ninetales|Ninetales-Alola, L50, M|100/100
|turn|7
|
|t:|1757683069
|switch|p1a: Arcanine|Arcanine-Hisui, L50, F|90/100
|-ability|p1a: Arcanine|Intimidate|boost
|-unboost|p2a: Ursaluna|atk|1
|-unboost|p2b: Armarouge|atk|1
|switch|p2b: Incineroar|Incineroar, L50, M|95/100
|-ability|p2b: Incineroar|Intimidate|boost
|-fail|p1a: Arcanine|unboost|[from] item: Clear Amulet|[of] p1a: Arcanine
|-unboost|p1b: Ninetales|atk|1
|switch|p2a: Torkoal|Torkoal, L50, F|48/100
|-weather|SunnyDay|[from] ability: Drought|[of] p2a: Torkoal
|move|p1b: Ninetales|Blizzard|p2b: Incineroar|[spread] p2b
|-miss|p1b: Ninetales|p2a: Torkoal
|-resisted|p2b: Incineroar
|-damage|p2b: Incineroar|79/100
|
|-weather|SunnyDay|[upkeep]
|-heal|p1a: Arcanine|96/100|[from] Grassy Terrain
|-heal|p2b: Incineroar|85/100|[from] Grassy Terrain
|-heal|p2a: Torkoal|54/100|[from] Grassy Terrain
|-heal|p2a: Torkoal|60/100|[from] item: Leftovers
|upkeep
|turn|8
|
|t:|1757683104
|move|p2b: Incineroar|Fake Out|p1a: Arcanine
|-resisted|p1a: Arcanine
|-damage|p1a: Arcanine|86/100
|move|p1b: Ninetales|Blizzard|p2a: Torkoal|[spread] p2a,p2b
|-resisted|p2a: Torkoal
|-resisted|p2b: Incineroar
|-damage|p2a: Torkoal|38/100
|-damage|p2b: Incineroar|70/100
|cant|p1a: Arcanine|flinch
|move|p2a: Torkoal|Earth Power|p1a: Arcanine
|-supereffective|p1a: Arcanine
|-damage|p1a: Arcanine|0 fnt
|faint|p1a: Arcanine
|
|-weather|SunnyDay|[upkeep]
|-heal|p2b: Incineroar|76/100|[from] Grassy Terrain
|-heal|p2a: Torkoal|45/100|[from] Grassy Terrain
|-heal|p2a: Torkoal|51/100|[from] item: Leftovers
|upkeep
|
|t:|1757683115
|switch|p1a: Rillaboom|Rillaboom, L50, F|100/100
|turn|9
|
|t:|1757683126
|switch|p2b: Armarouge|Armarouge, L50, M, tera:Grass|100/100
|move|p2a: Torkoal|Protect|p2a: Torkoal
|-singleturn|p2a: Torkoal|Protect
|move|p1b: Ninetales|Blizzard|p2a: Torkoal|[spread] 
|-activate|p2a: Torkoal|move: Protect
|-miss|p1b: Ninetales|p2b: Armarouge
|move|p1a: Rillaboom|High Horsepower|p2a: Torkoal
|-activate|p2a: Torkoal|move: Protect
|
|-weather|SunnyDay|[upkeep]
|-heal|p2a: Torkoal|57/100|[from] Grassy Terrain
|-heal|p2a: Torkoal|63/100|[from] item: Leftovers
|upkeep
|turn|10
|
|t:|1757683148
|switch|p2b: Incineroar|Incineroar, L50, M|76/100
|-ability|p2b: Incineroar|Intimidate|boost
|-unboost|p1a: Rillaboom|atk|1
|-unboost|p1b: Ninetales|atk|1
|move|p1b: Ninetales|Blizzard|p2a: Torkoal|[spread] p2b
|-miss|p1b: Ninetales|p2a: Torkoal
|-resisted|p2b: Incineroar
|-damage|p2b: Incineroar|60/100
|move|p1a: Rillaboom|High Horsepower|p2a: Torkoal
|-supereffective|p2a: Torkoal
|-damage|p2a: Torkoal|30/100
|move|p2a: Torkoal|Weather Ball|p1a: Rillaboom
|-supereffective|p1a: Rillaboom
|-damage|p1a: Rillaboom|0 fnt
|faint|p1a: Rillaboom
|
|-weather|SunnyDay|[upkeep]
|-heal|p2b: Incineroar|66/100|[from] Grassy Terrain
|-heal|p2a: Torkoal|37/100|[from] Grassy Terrain
|-heal|p2a: Torkoal|43/100|[from] item: Leftovers
|-fieldend|move: Grassy Terrain
|upkeep
|turn|11
|-message|Squ1dge_ forfeited.
|
|win|Low Tier Goodra
||Squ1dge_ is ready for game 3.
||Low Tier Goodra is ready for game 3.
|uhtml|next|Next: Game 3 of 3
