|j|☆Olciax34
|j|☆Elbovino
|html|Olciax34Elbovino    
|uhtml|bestof|Game 3 of a best-of-3
|t:|1783628578
|gametype|doubles
|player|p1|Olciax34|clair|1199
|player|p2|Elbovino|266|1294
|gen|9
|tier|[Gen 9 Champions] VGC 2026 Reg M-B (Bo3)
|rated|
|rule|Species Clause: Limit one of each Pokémon
|rule|Item Clause: Limit 1 of each item
|clearpoke
|poke|p1|Ceruledge, L50, M|
|poke|p1|Milotic, L50, F|
|poke|p1|Sinistcha, L50|
|poke|p1|Raichu, L50, F|
|poke|p1|Incineroar, L50, F|
|poke|p1|Floette-Eternal, L50, F|
|poke|p2|Kingambit, L50, M|
|poke|p2|Charizard, L50, F|
|poke|p2|Aerodactyl, L50, F|
|poke|p2|Farigiraf, L50, M|
|poke|p2|Garchomp, L50, F|
|poke|p2|Sylveon, L50, M|
|teampreview|4
|showteam|p1|Ceruledge||ColburBerry|FlashFire|ShadowSneak,BitterBlade,BulkUp,Protect|Adamant||M|||50|]Milotic||Leftovers|Competitive|MuddyWater,Coil,Hypnosis,Protect|Bold||F|||50|]Sinistcha||KasibBerry|Hospitality|MatchaGotcha,LifeDew,RagePowder,StrengthSap|Calm|||||50|]Raichu||RaichuniteY|LightningRod|FakeOut,ZapCannon,FocusBlast,Protect|Modest||F|||50|]Incineroar||SitrusBerry|Intimidate|FakeOut,ThroatChop,FlareBlitz,PartingShot|Careful||F|||50|]Floette-Eternal||Floettite|FlowerVeil|DazzlingGleam,DrainingKiss,Moonblast,Protect|Modest||F|||50|
|showteam|p2|Kingambit||FocusSash|Defiant|KowtowCleave,IronHead,SuckerPunch,LowKick|Adamant||M|||50|]Charizard||CharizarditeY|Blaze|HeatWave,SolarBeam,WeatherBall,Protect|Modest||F|||50|]Aerodactyl||Aerodactylite|Unnerve|RockSlide,DualWingbeat,IceFang,Tailwind|Jolly||F|||50|]Farigiraf||SitrusBerry|ArmorTail|Psychic,Thunderbolt,TrickRoom,Protect|Bold||M|||50|]Garchomp||LifeOrb|RoughSkin|Earthquake,DragonClaw,StompingTantrum,Protect|Jolly||F|||50|]Sylveon||FairyFeather|Pixilate|HyperVoice,HyperBeam,QuickAttack,Protect|Modest||M|||50|
|inactive|Battle timer is ON: inactive players will automatically lose when time's up. (requested by Elbovino)
|
|t:|1783628605
|teamsize|p1|4
|teamsize|p2|4
|start
|switch|p1a: Raichu|Raichu, L50, F|100/100
|switch|p1b: Incineroar|Incineroar, L50, F|100/100
|switch|p2a: Aerodactyl|Aerodactyl, L50, F|100/100
|switch|p2b: Kingambit|Kingambit, L50, M|100/100
|-ability|p2a: Aerodactyl|Unnerve
|-ability|p1b: Incineroar|Intimidate|boost
|-unboost|p2a: Aerodactyl|atk|1
|-unboost|p2b: Kingambit|atk|1
|-ability|p2b: Kingambit|Defiant|boost
|-boost|p2b: Kingambit|atk|2
|turn|1
|inactive|Olciax34 has 30 seconds left.
|
|t:|1783628631
|detailschange|p2a: Aerodactyl|Aerodactyl-Mega, L50, F
|-mega|p2a: Aerodactyl|Aerodactyl|Aerodactylite
|detailschange|p1a: Raichu|Raichu-Mega-Y, L50, F
|-mega|p1a: Raichu|Raichu|Raichunite Y
|move|p1b: Incineroar|Fake Out|p2a: Aerodactyl
|-resisted|p2a: Aerodactyl|1
|-damage|p2a: Aerodactyl|93/100
|cant|p2a: Aerodactyl|flinch
|move|p1a: Raichu|Focus Blast|p2b: Kingambit
|-supereffective|p2b: Kingambit|2
|-enditem|p2b: Kingambit|Focus Sash
|-damage|p2b: Kingambit|1/100
|move|p2b: Kingambit|Kowtow Cleave|p1a: Raichu
|-damage|p1a: Raichu|0 fnt
|faint|p1a: Raichu
|
|upkeep
|
|t:|1783628647
|switch|p1a: Ceruledge|Ceruledge, L50, M|100/100
|turn|2
|
|t:|1783628667
|move|p1a: Ceruledge|Protect|p1a: Ceruledge
|-singleturn|p1a: Ceruledge|Protect
|move|p2a: Aerodactyl|Rock Slide|p1b: Incineroar|[spread] p1b
|-activate|p1a: Ceruledge|move: Protect
|-supereffective|p1b: Incineroar|1
|-damage|p1b: Incineroar|70/100
|move|p2b: Kingambit|Kowtow Cleave|p1a: Ceruledge
|-activate|p1a: Ceruledge|move: Protect
|move|p1b: Incineroar|Flare Blitz|p2b: Kingambit
|-supereffective|p2b: Kingambit|1
|-damage|p2b: Kingambit|0 fnt
|faint|p2b: Kingambit
|-damage|p1b: Incineroar|69/100|[from] Recoil
|
|upkeep
|
|t:|1783628671
|switch|p2b: Sylveon|Sylveon, L50, M|100/100
|turn|3
|
|t:|1783628685
|move|p2a: Aerodactyl|Rock Slide|p1b: Incineroar|[spread] p1a,p1b
|-supereffective|p1a: Ceruledge|1
|-supereffective|p1b: Incineroar|1
|-damage|p1a: Ceruledge|57/100
|-damage|p1b: Incineroar|40/100
|-enditem|p1b: Incineroar|Sitrus Berry|[eat]
|-heal|p1b: Incineroar|64/100|[from] item: Sitrus Berry
|move|p1a: Ceruledge|Bulk Up|p1a: Ceruledge
|-boost|p1a: Ceruledge|atk|1
|-boost|p1a: Ceruledge|def|1
|move|p2b: Sylveon|Hyper Voice|p1b: Incineroar|[spread] p1a,p1b
|-resisted|p1a: Ceruledge|1
|-damage|p1a: Ceruledge|35/100
|-damage|p1b: Incineroar|29/100
|move|p1b: Incineroar|Parting Shot|p2b: Sylveon
|-unboost|p2b: Sylveon|atk|1
|-unboost|p2b: Sylveon|spa|1
|
|t:|1783628698
|switch|p1b: Sinistcha|Sinistcha, L50|100/100|[from] Parting Shot
|-heal|p1a: Ceruledge|60/100|[from] ability: Hospitality|[of] p1b: Sinistcha
|
|upkeep
|turn|4
|
|t:|1783628711
|switch|p2a: Farigiraf|Farigiraf, L50, M|100/100
|switch|p1b: Incineroar|Incineroar, L50, F|29/100
|-ability|p1b: Incineroar|Intimidate|boost
|-unboost|p2a: Farigiraf|atk|1
|-unboost|p2b: Sylveon|atk|1
|move|p1a: Ceruledge|Bitter Blade|p2b: Sylveon
|-damage|p2b: Sylveon|20/100y
|-heal|p1a: Ceruledge|98/100|[from] drain|[of] p2b: Sylveon
|move|p2b: Sylveon|Hyper Beam|p1a: Ceruledge
|-resisted|p1a: Ceruledge|1
|-damage|p1a: Ceruledge|63/100
|-mustrecharge|p2b: Sylveon
|
|upkeep
|turn|5
|
|t:|1783628728
|move|p1a: Ceruledge|Bitter Blade|p2a: Farigiraf
|-damage|p2a: Farigiraf|45/100
|-heal|p1a: Ceruledge|96/100|[from] drain|[of] p2a: Farigiraf
|-enditem|p2a: Farigiraf|Sitrus Berry|[eat]
|-heal|p2a: Farigiraf|70/100|[from] item: Sitrus Berry
|cant|p2b: Sylveon|recharge
|move|p1b: Incineroar|Throat Chop|p2a: Farigiraf
|-supereffective|p2a: Farigiraf|1
|-damage|p2a: Farigiraf|18/100
|-start|p2a: Farigiraf|Throat Chop|[silent]
|move|p2a: Farigiraf|Psychic|p1a: Ceruledge
|-damage|p1a: Ceruledge|65/100
|
|upkeep
|turn|6
|
|t:|1783628744
|move|p2a: Farigiraf|Protect|p2a: Farigiraf
|-singleturn|p2a: Farigiraf|Protect
|move|p1a: Ceruledge|Bitter Blade|p2b: Sylveon
|-damage|p2b: Sylveon|0 fnt
|-heal|p1a: Ceruledge|75/100|[from] drain|[of] p2b: Sylveon
|faint|p2b: Sylveon
|move|p1b: Incineroar|Parting Shot|p2a: Farigiraf
|-activate|p2a: Farigiraf|move: Protect
|
|-end|p2a: Farigiraf|Throat Chop|[silent]
|upkeep
|
|t:|1783628748
|switch|p2b: Aerodactyl|Aerodactyl-Mega, L50, F|93/100
|turn|7
|
|t:|1783628757
|switch|p1b: Sinistcha|Sinistcha, L50|100/100
|-heal|p1a: Ceruledge|100/100|[from] ability: Hospitality|[of] p1b: Sinistcha
|move|p1a: Ceruledge|Protect|p1a: Ceruledge
|-singleturn|p1a: Ceruledge|Protect
|move|p2b: Aerodactyl|Rock Slide|p1a: Ceruledge|[spread] p1b
|-activate|p1a: Ceruledge|move: Protect
|-damage|p1b: Sinistcha|78/100
|move|p2a: Farigiraf|Psychic|p1a: Ceruledge
|-activate|p1a: Ceruledge|move: Protect
|
|upkeep
|turn|8
|
|t:|1783628774
|switch|p1b: Incineroar|Incineroar, L50, F|29/100
|-ability|p1b: Incineroar|Intimidate|boost
|-unboost|p2a: Farigiraf|atk|1
|-unboost|p2b: Aerodactyl|atk|1
|move|p2b: Aerodactyl|Rock Slide|p1b: Incineroar|[spread] p1a,p1b
|-supereffective|p1a: Ceruledge|1
|-supereffective|p1b: Incineroar|1
|-damage|p1a: Ceruledge|72/100
|-damage|p1b: Incineroar|0 fnt
|faint|p1b: Incineroar
|move|p1a: Ceruledge|Bitter Blade|p2a: Farigiraf
|-damage|p2a: Farigiraf|0 fnt
|-heal|p1a: Ceruledge|84/100|[from] drain|[of] p2a: Farigiraf
|faint|p2a: Farigiraf
|
|upkeep
|
|t:|1783628787
|switch|p1b: Sinistcha|Sinistcha, L50|78/100
|-heal|p1a: Ceruledge|100/100|[from] ability: Hospitality|[of] p1b: Sinistcha
|turn|9
|
|t:|1783628793
|move|p2b: Aerodactyl|Rock Slide|p1a: Ceruledge|[spread] p1a,p1b
|-supereffective|p1a: Ceruledge|1
|-damage|p1a: Ceruledge|72/100
|-damage|p1b: Sinistcha|62/100
|move|p1a: Ceruledge|Bulk Up|p1a: Ceruledge
|-boost|p1a: Ceruledge|atk|1
|-boost|p1a: Ceruledge|def|1
|move|p1b: Sinistcha|Strength Sap|p2b: Aerodactyl
|-unboost|p2b: Aerodactyl|atk|1
|-heal|p1b: Sinistcha|100/100
|
|upkeep
|turn|10
|inactive|Olciax34 has 30 seconds left.
|
|t:|1783628818
|move|p1a: Ceruledge|Shadow Sneak|p2b: Aerodactyl
|-damage|p2b: Aerodactyl|51/100
|move|p2b: Aerodactyl|Rock Slide|p1b: Sinistcha|[spread] p1a,p1b
|-supereffective|p1a: Ceruledge|1
|-damage|p1a: Ceruledge|58/100
|-damage|p1b: Sinistcha|88/100
|cant|p1b: Sinistcha|flinch
|
|upkeep
|turn|11
|-message|Elbovino forfeited.
|raw|Olciax34's rating: 1199 → 1231(+32 for winning)
|raw|Elbovino's rating: 1294 → 1262(-32 for losing)
|
|win|Olciax34
