|j|☆QueerCrocodile
|j|☆starlight74
|html|QueerCrocodilestarlight74    
|uhtml|bestof|Game 2 of a best-of-3
|t:|1784173835
|gametype|doubles
|player|p1|QueerCrocodile|cynthia-gen4|1531
|player|p2|starlight74|anabel-gen7|1453
|gen|9
|tier|[Gen 9 Champions] VGC 2026 Reg M-B (Bo3)
|rated|
|rule|Species Clause: Limit one of each Pokémon
|rule|Item Clause: Limit 1 of each item
|clearpoke
|poke|p1|Floette-Eternal, L50, F|
|poke|p1|Whimsicott, L50, F, shiny|
|poke|p1|Arcanine-Hisui, L50, F|
|poke|p1|Basculegion, L50, M|
|poke|p1|Kingambit, L50, F, shiny|
|poke|p1|Dragonite, L50, F, shiny|
|poke|p2|Dragonite, L50, M|
|poke|p2|Metagross, L50, shiny|
|poke|p2|Sneasler, L50, M|
|poke|p2|Ninetales-Alola, L50, M|
|poke|p2|Lycanroc-Dusk, L50, M|
|poke|p2|Rotom-Wash, L50|
|teampreview|4
|showteam|p1|Floette-Eternal||Floettite|FlowerVeil|Moonblast,DazzlingGleam,LightofRuin,Protect|Modest||F|||50|]Whimsicott||FocusSash|Prankster|Tailwind,Moonblast,Encore,Protect|Timid||F|||50|]Arcanine-Hisui||SitrusBerry|RockHead|RockSlide,FlareBlitz,HeadSmash,Protect|Jolly||F|||50|]Basculegion||ChoiceScarf|Adaptability|WaveCrash,LastRespects,AquaJet,FlipTurn|Jolly||M|||50|]Kingambit||BlackGlasses|Defiant|KowtowCleave,SuckerPunch,IronHead,Protect|Adamant||F|||50|]Dragonite||DragonFang|InnerFocus|DragonClaw,ExtremeSpeed,LowKick,Protect|Adamant||F|||50|
|showteam|p2|Dragonite||LifeOrb|InnerFocus|DragonClaw,ExtremeSpeed,LowKick,Protect|Adamant||M|||50|]Metagross||Metagrossite|ClearBody|PsychicFangs,BulletPunch,Substitute,Protect|Jolly|||||50|]Sneasler||WhiteHerb|Unburden|CloseCombat,DireClaw,FakeOut,Protect|Adamant||M|||50|]Ninetales-Alola||NeverMeltIce|SnowWarning|Blizzard,FreezeDry,Encore,Protect|Timid||M|||50|]Lycanroc-Dusk||FocusSash|ToughClaws|Accelerock,CloseCombat,RockSlide,Protect|Jolly||M|||50|]Rotom-Wash||ChoiceScarf|Levitate|Thunderbolt,VoltSwitch,HydroPump,Trick|Timid|||||50|
|inactive|Battle timer is ON: inactive players will automatically lose when time's up. (requested by QueerCrocodile)
|inactive|starlight74 also wants the timer to be on.
|inactive|starlight74 has 60 seconds left.
|
|t:|1784173876
|teamsize|p1|4
|teamsize|p2|4
|start
|switch|p1a: Whimsicott|Whimsicott, L50, F, shiny|100/100
|switch|p1b: Floette|Floette-Eternal, L50, F|100/100
|switch|p2a: Lycanroc|Lycanroc-Dusk, L50, M|100/100
|switch|p2b: Rotom|Rotom-Wash, L50|100/100
|turn|1
|
|t:|1784173894
|detailschange|p1b: Floette|Floette-Mega, L50, F
|-mega|p1b: Floette|Floette|Floettite
|-ability|p1b: Floette|Fairy Aura
|move|p1b: Floette|Protect|p1b: Floette
|-singleturn|p1b: Floette|Protect
|move|p1a: Whimsicott|Tailwind|p1a: Whimsicott
|-sidestart|p1: QueerCrocodile|move: Tailwind
|move|p2b: Rotom|Volt Switch|p1a: Whimsicott
|-resisted|p1a: Whimsicott|1
|-damage|p1a: Whimsicott|73/100
|
|t:|1784173902
|switch|p2b: Metagross|Metagross, L50, shiny|100/100|[from] Volt Switch
|move|p2a: Lycanroc|Rock Slide|p1b: Floette|[spread] p1a
|-activate|p1b: Floette|move: Protect
|-damage|p1a: Whimsicott|34/100
|
|upkeep
|turn|2
|
|t:|1784173913
|detailschange|p2b: Metagross|Metagross-Mega, L50, shiny
|-mega|p2b: Metagross|Metagross|Metagrossite
|move|p2a: Lycanroc|Accelerock|p1b: Floette
|-crit|p1b: Floette
|-damage|p1b: Floette|57/100
|move|p2b: Metagross|Bullet Punch|p1b: Floette
|-supereffective|p1b: Floette|1
|-damage|p1b: Floette|0 fnt
|faint|p1b: Floette
|move|p1a: Whimsicott|Moonblast|p2a: Lycanroc
|-damage|p2a: Lycanroc|44/100
|
|upkeep
|
|t:|1784173924
|switch|p1b: Basculegion|Basculegion, L50, M|100/100
|turn|3
|
|t:|1784173935
|move|p1a: Whimsicott|Protect|p1a: Whimsicott
|-singleturn|p1a: Whimsicott|Protect
|move|p2b: Metagross|Protect|p2b: Metagross
|-singleturn|p2b: Metagross|Protect
|move|p2a: Lycanroc|Accelerock|p1a: Whimsicott
|-activate|p1a: Whimsicott|move: Protect
|move|p1b: Basculegion|Last Respects|p2b: Metagross
|-activate|p2b: Metagross|move: Protect
|
|upkeep
|turn|4
|inactive|starlight74 has 30 seconds left.
|
|t:|1784173961
|switch|p1a: Kingambit|Kingambit, L50, F, shiny|100/100
|move|p2a: Lycanroc|Accelerock|p1a: Kingambit
|-resisted|p1a: Kingambit|1
|-damage|p1a: Kingambit|89/100
|move|p1b: Basculegion|Last Respects|p2b: Metagross
|-supereffective|p2b: Metagross|1
|-crit|p2b: Metagross
|-damage|p2b: Metagross|0 fnt
|faint|p2b: Metagross
|
|-sideend|p1: QueerCrocodile|move: Tailwind
|upkeep
|
|t:|1784173969
|switch|p2b: Rotom|Rotom-Wash, L50|100/100
|turn|5
|
|t:|1784173985
|switch|p1b: Whimsicott|Whimsicott, L50, F, shiny|34/100
|move|p2a: Lycanroc|Accelerock|p1b: Whimsicott
|-damage|p1b: Whimsicott|0 fnt
|faint|p1b: Whimsicott
|move|p1a: Kingambit|Sucker Punch||[still]
|-fail|p1a: Kingambit
|move|p2b: Rotom|Thunderbolt|p1a: Kingambit
|-damage|p1a: Kingambit|43/100
|
|upkeep
|
|t:|1784173995
|switch|p1b: Basculegion|Basculegion, L50, M|100/100
|turn|6
|
|t:|1784174014
|switch|p2b: Sneasler|Sneasler, L50, M|100/100
|move|p2a: Lycanroc|Protect|p2a: Lycanroc
|-singleturn|p2a: Lycanroc|Protect
|move|p1b: Basculegion|Aqua Jet|p2a: Lycanroc
|-activate|p2a: Lycanroc|move: Protect
|move|p1a: Kingambit|Kowtow Cleave|p2b: Sneasler
|-resisted|p2b: Sneasler|1
|-damage|p2b: Sneasler|62/100
|
|upkeep
|turn|7
|
|t:|1784174029
|move|p1a: Kingambit|Protect|p1a: Kingambit
|-singleturn|p1a: Kingambit|Protect
|move|p1b: Basculegion|Aqua Jet|p2b: Sneasler
|-damage|p2b: Sneasler|26/100
|move|p2a: Lycanroc|Close Combat|p1a: Kingambit
|-activate|p1a: Kingambit|move: Protect
|move|p2b: Sneasler|Close Combat|p1a: Kingambit
|-activate|p1a: Kingambit|move: Protect
|
|upkeep
|turn|8
|
|t:|1784174040
|move|p1b: Basculegion|Aqua Jet|p2a: Lycanroc
|-supereffective|p2a: Lycanroc|1
|-damage|p2a: Lycanroc|0 fnt
|faint|p2a: Lycanroc
|move|p1a: Kingambit|Sucker Punch|p2b: Sneasler
|-resisted|p2b: Sneasler|1
|-damage|p2b: Sneasler|0 fnt
|faint|p2b: Sneasler
|
|upkeep
|
|t:|1784174046
|switch|p2b: Rotom|Rotom-Wash, L50|100/100
|turn|9
|
|t:|1784174053
|move|p1a: Kingambit|Protect|p1a: Kingambit
|-singleturn|p1a: Kingambit|Protect
|move|p1b: Basculegion|Aqua Jet|p2b: Rotom
|-resisted|p2b: Rotom|1
|-damage|p2b: Rotom|84/100
|move|p2b: Rotom|Thunderbolt|p1b: Basculegion
|-supereffective|p1b: Basculegion|1
|-damage|p1b: Basculegion|14/100
|
|upkeep
|turn|10
|
|t:|1784174063
|move|p1b: Basculegion|Aqua Jet|p2b: Rotom
|-resisted|p2b: Rotom|1
|-damage|p2b: Rotom|66/100
|move|p1a: Kingambit|Sucker Punch|p2b: Rotom
|-damage|p2b: Rotom|6/100
|move|p2b: Rotom|Thunderbolt|p1a: Kingambit
|-damage|p1a: Kingambit|0 fnt
|faint|p1a: Kingambit
|
|upkeep
|turn|11
|
|t:|1784174071
|move|p1b: Basculegion|Aqua Jet|p2b: Rotom
|-resisted|p2b: Rotom|1
|-damage|p2b: Rotom|0 fnt
|faint|p2b: Rotom
|
|win|QueerCrocodile
