|j|☆terosath
|j|☆seafan13
|html|terosathseafan13    
|uhtml|bestof|Game 2 of a best-of-3
|t:|1785111003
|gametype|doubles
|player|p1|terosath|n|
|player|p2|seafan13|n|
|gen|9
|tier|[Gen 9 Champions] VGC 2026 Reg M-B (Bo3)
|rule|Species Clause: Limit one of each Pokémon
|rule|Item Clause: Limit 1 of each item
|clearpoke
|poke|p1|Drampa, L50, F|
|poke|p1|Crabominable, L50, F|
|poke|p1|Sinistcha-Masterpiece, L50|
|poke|p1|Politoed, L50, M|
|poke|p1|Farigiraf, L50, F|
|poke|p1|Garganacl, L50, M|
|poke|p2|Milotic, L50, M, shiny|
|poke|p2|Umbreon, L50, M, shiny|
|poke|p2|Venusaur, L50, F, shiny|
|poke|p2|Goodra-Hisui, L50, M, shiny|
|poke|p2|Talonflame, L50, M, shiny|
|poke|p2|Mudsdale, L50, F, shiny|
|teampreview|4
|showteam|p1|Drampa||Drampanite|Berserk|Protect,EarthPower,CalmMind,HyperVoice|Quiet||F|||50|]Crabominable||Crabominite|HyperCutter|DrainPunch,Protect,IceHammer,ThunderPunch|Brave||F|||50|]Sinistcha-Masterpiece||SitrusBerry|Hospitality|TrickRoom,MatchaGotcha,LifeDew,RagePowder|Modest|||||50|]Politoed||MysticWater|Drizzle|MuddyWater,Protect,Encore,HelpingHand|Calm||M|||50|]Farigiraf||MentalHerb|ArmorTail|TrickRoom,PsychicNoise,LightScreen,Reflect|Sassy||F|||50|]Garganacl||Leftovers|PurifyingSalt|WideGuard,RockSlide,Protect,BodyPress|Relaxed||M|||50|
|showteam|p2|Milotic||RindoBerry|Competitive|Recover,IceBeam,Scald,Protect|Bold||M|||50|]Umbreon||Leftovers|Synchronize|Protect,Moonlight,FoulPlay,Toxic|Calm||M|||50|]Venusaur||Venusaurite|Chlorophyll|GigaDrain,SludgeBomb,Protect,Synthesis|Modest||F|||50|]Goodra-Hisui||ShellBell|SapSipper|Protect,DracoMeteor,DragonPulse,FlashCannon|Modest||M|||50|]Talonflame||LifeOrb|GaleWings|Protect,Roost,FlareBlitz,BraveBird|Jolly||M|||50|]Mudsdale||MuscleBand|Stamina|Protect,HighHorsepower,BodyPress,RockSlide|Impish||F|||50|
|j| Jaybird112233
|j| geminiduality2
|j| Bingus Von Bongus
|
|t:|1785111057
|teamsize|p1|4
|teamsize|p2|4
|start
|switch|p1a: I've seen this b4|Garganacl, L50, M|100/100
|switch|p1b: RacecaR|Farigiraf, L50, F|100/100
|switch|p2a: Umbreon|Umbreon, L50, M, shiny|100/100
|switch|p2b: Talonflame|Talonflame, L50, M, shiny|100/100
|turn|1
|
|t:|1785111077
|move|p2b: Talonflame|Flare Blitz|p1b: RacecaR
|-damage|p1b: RacecaR|32/100
|-damage|p2b: Talonflame|67/100|[from] Recoil
|-damage|p2b: Talonflame|58/100|[from] item: Life Orb
|move|p2a: Umbreon|Foul Play|p1b: RacecaR
|-supereffective|p1b: RacecaR|1
|-damage|p1b: RacecaR|0 fnt
|faint|p1b: RacecaR
|move|p1a: I've seen this b4|Rock Slide|p2b: Talonflame|[spread] p2a,p2b
|-supereffective|p2b: Talonflame|2
|-damage|p2a: Umbreon|83/100
|-damage|p2b: Talonflame|0 fnt
|faint|p2b: Talonflame
|
|-heal|p2a: Umbreon|89/100|[from] item: Leftovers
|upkeep
|
|t:|1785111093
|switch|p2b: Milotic|Milotic, L50, M, shiny|100/100
|switch|p1b: Put up yer dukes|Crabominable, L50, F|100/100
|turn|2
|
|t:|1785111123
|detailschange|p1b: Put up yer dukes|Crabominable-Mega, L50, F
|-mega|p1b: Put up yer dukes|Crabominable|Crabominite
|move|p2b: Milotic|Scald|p1a: I've seen this b4
|-supereffective|p1a: I've seen this b4|1
|-damage|p1a: I've seen this b4|46/100
|move|p2a: Umbreon|Toxic|p1b: Put up yer dukes
|-status|p1b: Put up yer dukes|tox
|move|p1a: I've seen this b4|Body Press|p2b: Milotic
|-damage|p2b: Milotic|78/100
|move|p1b: Put up yer dukes|Thunder Punch|p2b: Milotic
|-supereffective|p2b: Milotic|1
|-damage|p2b: Milotic|22/100
|
|-heal|p2a: Umbreon|95/100|[from] item: Leftovers
|-heal|p1a: I've seen this b4|52/100|[from] item: Leftovers
|-damage|p1b: Put up yer dukes|94/100 tox|[from] psn
|upkeep
|turn|3
|
|t:|1785111153
|move|p2b: Milotic|Recover|p2b: Milotic
|-heal|p2b: Milotic|72/100
|move|p2a: Umbreon|Foul Play|p1a: I've seen this b4
|-damage|p1a: I've seen this b4|33/100
|move|p1a: I've seen this b4|Body Press|p2a: Umbreon
|-supereffective|p2a: Umbreon|1
|-damage|p2a: Umbreon|48/100
|move|p1b: Put up yer dukes|Drain Punch|p2a: Umbreon
|-supereffective|p2a: Umbreon|1
|-damage|p2a: Umbreon|0 fnt
|-heal|p1b: Put up yer dukes|100/100 tox|[from] drain|[of] p2a: Umbreon
|faint|p2a: Umbreon
|
|-heal|p1a: I've seen this b4|39/100|[from] item: Leftovers
|-damage|p1b: Put up yer dukes|88/100 tox|[from] psn
|upkeep
|
|t:|1785111173
|switch|p2a: Goodra|Goodra-Hisui, L50, M, shiny|100/100
|turn|4
|
|t:|1785111192
|switch|p1b: Double Gulp|Sinistcha-Masterpiece, L50|100/100
|-heal|p1a: I've seen this b4|64/100|[from] ability: Hospitality|[of] p1b: Double Gulp
|move|p2b: Milotic|Scald|p1a: I've seen this b4
|-supereffective|p1a: I've seen this b4|1
|-damage|p1a: I've seen this b4|8/100
|move|p2a: Goodra|Flash Cannon|p1b: Double Gulp
|-damage|p1b: Double Gulp|61/100
|move|p1a: I've seen this b4|Body Press|p2a: Goodra
|-supereffective|p2a: Goodra|1
|-damage|p2a: Goodra|45/100
|
|-heal|p1a: I've seen this b4|14/100|[from] item: Leftovers
|upkeep
|turn|5
|
|t:|1785111237
|move|p1b: Double Gulp|Rage Powder|p1b: Double Gulp
|-singleturn|p1b: Double Gulp|move: Rage Powder
|move|p2b: Milotic|Ice Beam|p1b: Double Gulp
|-supereffective|p1b: Double Gulp|1
|-damage|p1b: Double Gulp|21/100
|-enditem|p1b: Double Gulp|Sitrus Berry|[eat]
|-heal|p1b: Double Gulp|46/100|[from] item: Sitrus Berry
|move|p2a: Goodra|Dragon Pulse|p1b: Double Gulp
|-damage|p1b: Double Gulp|6/100
|-heal|p2a: Goodra|50/100g|[from] item: Shell Bell|[of] p1b: Double Gulp
|move|p1a: I've seen this b4|Body Press|p2a: Goodra
|-supereffective|p2a: Goodra|1
|-damage|p2a: Goodra|0 fnt
|faint|p2a: Goodra
|
|-heal|p1a: I've seen this b4|19/100|[from] item: Leftovers
|upkeep
|turn|6
|j| guccirain2006
|
|t:|1785111268
|switch|p1b: Put up yer dukes|Crabominable-Mega, L50, F|88/100 tox
|move|p1a: I've seen this b4|Protect|p1a: I've seen this b4
|-singleturn|p1a: I've seen this b4|Protect
|move|p2b: Milotic|Ice Beam|p1b: Put up yer dukes
|-resisted|p1b: Put up yer dukes|1
|-damage|p1b: Put up yer dukes|79/100 tox
|
|-heal|p1a: I've seen this b4|25/100|[from] item: Leftovers
|-damage|p1b: Put up yer dukes|73/100 tox|[from] psn
|upkeep
|turn|7
|l| guccirain2006
|
|t:|1785111286
|switch|p1a: Double Gulp|Sinistcha-Masterpiece, L50|6/100
|-heal|p1b: Put up yer dukes|98/100 tox|[from] ability: Hospitality|[of] p1a: Double Gulp
|move|p2b: Milotic|Protect|p2b: Milotic
|-singleturn|p2b: Milotic|Protect
|move|p1b: Put up yer dukes|Thunder Punch|p2b: Milotic
|-activate|p2b: Milotic|move: Protect
|
|-damage|p1b: Put up yer dukes|86/100 tox|[from] psn
|upkeep
|turn|8
|
|t:|1785111303
|move|p1a: Double Gulp|Rage Powder|p1a: Double Gulp
|-singleturn|p1a: Double Gulp|move: Rage Powder
|move|p2b: Milotic|Ice Beam|p1a: Double Gulp
|-supereffective|p1a: Double Gulp|1
|-damage|p1a: Double Gulp|0 fnt
|faint|p1a: Double Gulp
|move|p1b: Put up yer dukes|Thunder Punch|p2b: Milotic
|-supereffective|p2b: Milotic|1
|-damage|p2b: Milotic|14/100
|
|-damage|p1b: Put up yer dukes|69/100 tox|[from] psn
|upkeep
|
|t:|1785111312
|switch|p1a: I've seen this b4|Garganacl, L50, M|25/100
|turn|9
|
|t:|1785111317
|move|p2b: Milotic|Protect|p2b: Milotic
|-singleturn|p2b: Milotic|Protect
|move|p1a: I've seen this b4|Body Press|p2b: Milotic
|-activate|p2b: Milotic|move: Protect
|move|p1b: Put up yer dukes|Thunder Punch|p2b: Milotic
|-activate|p2b: Milotic|move: Protect
|
|-heal|p1a: I've seen this b4|31/100|[from] item: Leftovers
|-damage|p1b: Put up yer dukes|45/100 tox|[from] psn
|upkeep
|turn|10
|
|t:|1785111328
|move|p2b: Milotic|Recover|p2b: Milotic
|-heal|p2b: Milotic|64/100
|move|p1a: I've seen this b4|Body Press|p2b: Milotic
|-damage|p2b: Milotic|41/100
|move|p1b: Put up yer dukes|Thunder Punch|p2b: Milotic
|-supereffective|p2b: Milotic|1
|-damage|p2b: Milotic|0 fnt
|faint|p2b: Milotic
|
|win|terosath
||seafan13 is ready for game 3.
|inactive|terosath has 30 seconds to confirm battle start!
