|j|☆MrRaffa
|j|☆SlipperyDanger
|html|MrRaffaSlipperyDanger    
|uhtml|bestof|Game 1 of a best-of-3
|t:|1783537667
|gametype|doubles
|player|p1|MrRaffa|n|
|player|p2|SlipperyDanger|cynthia-gen4|
|gen|9
|tier|[Gen 9 Champions] VGC 2026 Reg M-B (Bo3)
|rule|Species Clause: Limit one of each Pokémon
|rule|Item Clause: Limit 1 of each item
|clearpoke
|poke|p1|Blastoise, L50, F|
|poke|p1|Incineroar, L50, M|
|poke|p1|Maushold, L50|
|poke|p1|Delphox, L50, M|
|poke|p1|Sinistcha, L50|
|poke|p1|Kingambit, L50, M|
|poke|p2|Blastoise, L50, F|
|poke|p2|Sableye, L50, M|
|poke|p2|Maushold, L50|
|poke|p2|Farigiraf, L50, M|
|poke|p2|Mawile, L50, M|
|poke|p2|Incineroar, L50, M|
|teampreview|4
|showteam|p1|Blastoise||Blastoisinite|RainDish|WaterSpout,DarkPulse,ShellSmash,Protect|Modest||F|||50|]Incineroar||SitrusBerry|Intimidate|FakeOut,ThroatChop,FlareBlitz,PartingShot|Impish||M|||50|]Maushold||FocusSash|FriendGuard|FollowMe,Feint,HelpingHand,Protect|Jolly|||||50|]Delphox||Delphoxite|Blaze|HeatWave,Psyshock,NastyPlot,Protect|Timid||M|||50|]Sinistcha||OccaBerry|Hospitality|MatchaGotcha,RagePowder,TrickRoom,Protect|Bold|||||50|]Kingambit||BlackGlasses|Defiant|KowtowCleave,SuckerPunch,SwordsDance,Protect|Adamant||M|||50|
|showteam|p2|Blastoise||Blastoisinite|RainDish|WaterSpout,DarkPulse,ShellSmash,Protect|Modest||F|||50|]Sableye||RoseliBerry|Prankster|RainDance,Encore,Disable,FakeOut|Calm||M|||50|]Maushold||FocusSash|FriendGuard|FollowMe,RainDance,Feint,Protect|Jolly|||||50|]Farigiraf||LifeOrb|ArmorTail|HyperVoice,Psychic,TrickRoom,HelpingHand|Quiet||M|||50|]Mawile||Mawilite|HyperCutter|PlayRough,IronHead,SuckerPunch,Protect|Adamant||M|||50|]Incineroar||WhiteHerb|Intimidate|FlareBlitz,DarkestLariat,CloseCombat,FakeOut|Adamant||M|||50|
|
|t:|1783537721
|teamsize|p1|4
|teamsize|p2|4
|start
|switch|p1a: Kingambit|Kingambit, L50, M|100/100
|switch|p1b: Sinistcha|Sinistcha, L50|100/100
|switch|p2a: Blastoise|Blastoise, L50, F|100/100
|switch|p2b: Sableye|Sableye, L50, M|100/100
|turn|1
|
|t:|1783537738
|detailschange|p2a: Blastoise|Blastoise-Mega, L50, F
|-mega|p2a: Blastoise|Blastoise|Blastoisinite
|move|p2b: Sableye|Fake Out|p1a: Kingambit
|-resisted|p1a: Kingambit|1
|-damage|p1a: Kingambit|97/100
|move|p2a: Blastoise|Dark Pulse|p1b: Sinistcha
|-supereffective|p1b: Sinistcha|1
|-damage|p1b: Sinistcha|0 fnt
|faint|p1b: Sinistcha
|cant|p1a: Kingambit|flinch
|
|upkeep
|
|t:|1783537747
|switch|p1b: Blastoise|Blastoise, L50, F|100/100
|turn|2
|
|t:|1783537808
|detailschange|p1b: Blastoise|Blastoise-Mega, L50, F
|-mega|p1b: Blastoise|Blastoise|Blastoisinite
|move|p2b: Sableye|Rain Dance|p2b: Sableye
|-weather|RainDance
|move|p1b: Blastoise|Shell Smash|p1b: Blastoise
|-unboost|p1b: Blastoise|def|1
|-unboost|p1b: Blastoise|spd|1
|-boost|p1b: Blastoise|atk|2
|-boost|p1b: Blastoise|spa|2
|-boost|p1b: Blastoise|spe|2
|move|p2a: Blastoise|Water Spout|p1b: Blastoise|[spread] p1a,p1b
|-resisted|p1b: Blastoise|1
|-damage|p1a: Kingambit|8/100
|-damage|p1b: Blastoise|28/100
|move|p1a: Kingambit|Swords Dance|p1a: Kingambit
|-boost|p1a: Kingambit|atk|2
|
|-weather|RainDance|[upkeep]
|upkeep
|turn|3
|
|t:|1783537825
|switch|p2a: Farigiraf|Farigiraf, L50, M|100/100
|switch|p1a: Maushold|Maushold, L50|100/100
|move|p1b: Blastoise|Protect|p1b: Blastoise
|-singleturn|p1b: Blastoise|Protect
|move|p2b: Sableye|Encore|p1b: Blastoise
|-activate|p1b: Blastoise|move: Protect
|
|-weather|RainDance|[upkeep]
|upkeep
|turn|4
|
|t:|1783537845
|move|p1a: Maushold|Follow Me|p1a: Maushold
|-singleturn|p1a: Maushold|move: Follow Me
|move|p2b: Sableye|Disable|p1a: Maushold
|-start|p1a: Maushold|Disable|Follow Me
|move|p1b: Blastoise|Dark Pulse|p2a: Farigiraf
|-supereffective|p2a: Farigiraf|1
|-damage|p2a: Farigiraf|0 fnt
|faint|p2a: Farigiraf
|
|-weather|RainDance|[upkeep]
|upkeep
|
|t:|1783537857
|switch|p2a: Blastoise|Blastoise-Mega, L50, F|100/100
|turn|5
|
|t:|1783537875
|move|p1a: Maushold|Helping Hand|p1b: Blastoise
|-singleturn|p1b: Blastoise|Helping Hand|[of] p1a: Maushold
|move|p2b: Sableye|Disable|p1b: Blastoise
|-start|p1b: Blastoise|Disable|Dark Pulse
|move|p1b: Blastoise|Water Spout|p2b: Sableye|[spread] p2a,p2b
|-resisted|p2a: Blastoise|1
|-damage|p2a: Blastoise|57/100
|-damage|p2b: Sableye|10/100
|move|p2a: Blastoise|Water Spout|p1a: Maushold|[spread] p1a,p1b
|-resisted|p1b: Blastoise|1
|-damage|p1a: Maushold|29/100
|-damage|p1b: Blastoise|0 fnt
|faint|p1b: Blastoise
|
|-weather|RainDance|[upkeep]
|upkeep
|
|t:|1783537883
|switch|p1b: Kingambit|Kingambit, L50, M|8/100
|turn|6
|
|t:|1783537900
|move|p2a: Blastoise|Protect|p2a: Blastoise
|-singleturn|p2a: Blastoise|Protect
|move|p1a: Maushold|Feint|p2a: Blastoise
|-activate|p2a: Blastoise|move: Feint
|-damage|p2a: Blastoise|49/100
|move|p2b: Sableye|Encore|p1a: Maushold
|-start|p1a: Maushold|Encore
|move|p1b: Kingambit|Kowtow Cleave|p2a: Blastoise
|-damage|p2a: Blastoise|0 fnt
|faint|p2a: Blastoise
|
|-weather|none
|upkeep
|
|t:|1783537909
|switch|p2a: Maushold|Maushold, L50|100/100
|turn|7
|
|t:|1783537924
|move|p1a: Maushold|Feint|p2a: Maushold
|-damage|p2a: Maushold|88/100
|move|p2a: Maushold|Feint|p1b: Kingambit
|-resisted|p1b: Kingambit|1
|-damage|p1b: Kingambit|6/100
|move|p2b: Sableye|Encore||[still]
|-fail|p2b: Sableye
|move|p1b: Kingambit|Kowtow Cleave|p2b: Sableye
|-damage|p2b: Sableye|0 fnt
|faint|p2b: Sableye
|
|upkeep
|turn|8
|
|t:|1783537929
|move|p1a: Maushold|Feint|p2a: Maushold
|-damage|p2a: Maushold|77/100
|move|p2a: Maushold|Feint|p1b: Kingambit
|-resisted|p1b: Kingambit|1
|-damage|p1b: Kingambit|4/100
|move|p1b: Kingambit|Kowtow Cleave|p2a: Maushold
|-crit|p2a: Maushold
|-damage|p2a: Maushold|0 fnt
|faint|p2a: Maushold
|
|win|MrRaffa
||SlipperyDanger is ready for game 2.
||MrRaffa is ready for game 2.
|uhtml|next|Next: Game 2 of 3
