|j|☆Astarosa9001
|j|☆FRattfratz
|html|Astarosa9001FRattfratz    
|uhtml|bestof|Game 1 of a best-of-3
|t:|1783272124
|gametype|doubles
|player|p1|Astarosa9001|geeta|
|player|p2|FRattfratz|pokemonrangerf-gen4|
|gen|9
|tier|[Gen 9 Champions] VGC 2026 Reg M-B (Bo3)
|rule|Species Clause: Limit one of each Pokémon
|rule|Item Clause: Limit 1 of each item
|clearpoke
|poke|p1|Farigiraf, L50, M|
|poke|p1|Heliolisk, L50, F|
|poke|p1|Crabominable, L50, F|
|poke|p1|Torkoal, L50, F|
|poke|p1|Aerodactyl, L50, M|
|poke|p1|Vileplume, L50, F|
|poke|p2|Meowstic, L50, M|
|poke|p2|Noivern, L50, F|
|poke|p2|Jolteon, L50, M|
|poke|p2|Basculegion-F, L50, F|
|poke|p2|Overqwil, L50, M|
|poke|p2|Pyroar, L50, F|
|teampreview|4
|showteam|p1|Farigiraf||MentalHerb|ArmorTail|TrickRoom,Protect,HyperVoice,Psychic|Sassy||M|||50|]Heliolisk||ChoiceScarf|SolarPower|HyperBeam,Thunderbolt,ShedTail,WeatherBall|Modest||F|||50|]Crabominable||Crabominite|HyperCutter|DrainPunch,IceHammer,KnockOff,Protect|Adamant||F|||50|]Torkoal||Charcoal|Drought|Eruption,EarthPower,Protect,HeatWave|Modest||F|||50|]Aerodactyl||Aerodactylite|Unnerve|RockSlide,Tailwind,DualWingbeat,WideGuard|Jolly||M|||50|]Vileplume||WideLens|Chlorophyll|SleepPowder,AfterYou,PollenPuff,Protect|Timid||F|||50|
|showteam|p2|Meowstic||SitrusBerry|Prankster|FakeOut,ThunderWave,RainDance,Gravity|Bold||M|||50|]Noivern||FocusSash|Frisk|Whirlwind,Hurricane,Tailwind,Taunt|Timid||F|||50|]Jolteon||ExpertBelt|VoltAbsorb|VoltSwitch,Thunder,WeatherBall,Protect|Timid||M|||50|]Basculegion-F||ChoiceScarf|Adaptability|HydroPump,ShadowBall,FlipTurn,IceBeam|Modest||F|||50|]Overqwil||LifeOrb|SwiftSwim|ThroatChop,GunkShot,Liquidation,Protect|Adamant||M|||50|]Pyroar||Pyroarite|Unnerve|FireBlast,HeatWave,Protect,WillOWisp|Timid||F|||50|
|
|t:|1783272166
|teamsize|p1|4
|teamsize|p2|4
|start
|switch|p1a: Farigiraf|Farigiraf, L50, M|100/100
|switch|p1b: Heliolisk|Heliolisk, L50, F|100/100
|switch|p2a: Meowstic|Meowstic, L50, M|100/100
|switch|p2b: Battata|Noivern, L50, F|100/100
|-item|p1a: Farigiraf|Mental Herb|[from] ability: Frisk|[of] p2b: Battata
|-item|p1b: Heliolisk|Choice Scarf|[from] ability: Frisk|[of] p2b: Battata
|turn|1
|c|☆Astarosa9001|glhf
|
|t:|1783272197
|move|p2a: Meowstic|Gravity|p2a: Meowstic
|-fieldstart|move: Gravity
|move|p1b: Heliolisk|Shed Tail|p1b: Heliolisk
|-start|p1b: Heliolisk|Substitute|[from] move: Shed Tail
|-damage|p1b: Heliolisk|49/100
|
|t:|1783272214
|switch|p1b: Crabominable|Crabominable, L50, F|100/100|[from] Shed Tail
|move|p2b: Battata|Whirlwind|p1a: Farigiraf
|drag|p1a: Torkoal|Torkoal, L50, F|100/100
|-weather|SunnyDay|[from] ability: Drought|[of] p1a: Torkoal
|
|-weather|SunnyDay|[upkeep]
|upkeep
|turn|2
|
|t:|1783272252
|detailschange|p1b: Crabominable|Crabominable-Mega, L50, F
|-mega|p1b: Crabominable|Crabominable|Crabominite
|move|p1a: Torkoal|Protect|p1a: Torkoal
|-singleturn|p1a: Torkoal|Protect
|move|p2a: Meowstic|Rain Dance|p2a: Meowstic
|-weather|RainDance
|move|p2b: Battata|Hurricane|p1a: Torkoal
|-activate|p1a: Torkoal|move: Protect
|move|p1b: Crabominable|Ice Hammer|p2b: Battata
|-supereffective|p2b: Battata|2
|-enditem|p2b: Battata|Focus Sash
|-damage|p2b: Battata|1/100
|-unboost|p1b: Crabominable|spe|1
|
|-weather|RainDance|[upkeep]
|upkeep
|turn|3
|
|t:|1783272276
|switch|p1a: Farigiraf|Farigiraf, L50, M|100/100
|move|p2a: Meowstic|Thunder Wave||[still]
|cant|p1a: Farigiraf|ability: Armor Tail|Thunder Wave|[of] p2a: Meowstic
|move|p2b: Battata|Hurricane|p1b: Crabominable
|-supereffective|p1b: Crabominable|1
|-end|p1b: Crabominable|Substitute
|move|p1b: Crabominable|Knock Off|p2b: Battata
|-damage|p2b: Battata|0 fnt
|faint|p2b: Battata
|
|-weather|RainDance|[upkeep]
|upkeep
|
|t:|1783272291
|switch|p2b: Bemulegion|Basculegion-F, L50, F|100/100
|turn|4
|
|t:|1783272309
|switch|p2a: Pyroar|Pyroar, L50, F|100/100
|-ability|p2a: Pyroar|Unnerve
|move|p1b: Crabominable|Protect|p1b: Crabominable
|-singleturn|p1b: Crabominable|Protect
|move|p2b: Bemulegion|Hydro Pump|p1a: Farigiraf
|-damage|p1a: Farigiraf|29/100
|move|p1a: Farigiraf|Trick Room|p1a: Farigiraf
|-fieldstart|move: Trick Room|[of] p1a: Farigiraf
|
|-weather|RainDance|[upkeep]
|upkeep
|turn|5
|
|t:|1783272332
|switch|p1a: Torkoal|Torkoal, L50, F|100/100
|-weather|SunnyDay|[from] ability: Drought|[of] p1a: Torkoal
|move|p2a: Pyroar|Protect|p2a: Pyroar
|-singleturn|p2a: Pyroar|Protect
|move|p1b: Crabominable|Drain Punch|p2a: Pyroar
|-activate|p2a: Pyroar|move: Protect
|move|p2b: Bemulegion|Hydro Pump|p1b: Crabominable
|-damage|p1b: Crabominable|71/100
|
|-weather|SunnyDay|[upkeep]
|-fieldend|move: Gravity
|upkeep
|turn|6
|
|t:|1783272352
|switch|p2a: Meowstic|Meowstic, L50, M|100/100
|move|p1b: Crabominable|Knock Off|p2b: Bemulegion
|-supereffective|p2b: Bemulegion|1
|-crit|p2b: Bemulegion
|-damage|p2b: Bemulegion|0 fnt
|-enditem|p2b: Bemulegion|Choice Scarf|[from] move: Knock Off|[of] p1b: Crabominable
|faint|p2b: Bemulegion
|move|p1a: Torkoal|Earth Power|p2a: Meowstic
|-damage|p2a: Meowstic|70/100
|-unboost|p2a: Meowstic|spd|1
|
|-weather|SunnyDay|[upkeep]
|upkeep
|
|t:|1783272363
|switch|p2b: Pyroar|Pyroar, L50, F|100/100
|-ability|p2b: Pyroar|Unnerve
|turn|7
|
|t:|1783272374
|detailschange|p2b: Pyroar|Pyroar-Mega, L50, F
|-mega|p2b: Pyroar|Pyroar|Pyroarite
|move|p2a: Meowstic|Fake Out|p1b: Crabominable
|-damage|p1b: Crabominable|68/100
|cant|p1b: Crabominable|flinch
|move|p1a: Torkoal|Eruption|p2b: Pyroar|[spread] p2a,p2b
|-resisted|p2b: Pyroar|1
|-damage|p2a: Meowstic|0 fnt
|-damage|p2b: Pyroar|49/100
|faint|p2a: Meowstic
|move|p2b: Pyroar|Heat Wave|p1a: Torkoal|[spread] p1a,p1b
|-resisted|p1a: Torkoal|1
|-supereffective|p1b: Crabominable|1
|-damage|p1a: Torkoal|49/100
|-damage|p1b: Crabominable|0 fnt
|faint|p1b: Crabominable
|
|-weather|SunnyDay|[upkeep]
|upkeep
|
|t:|1783272387
|switch|p1b: Farigiraf|Farigiraf, L50, M|29/100
|turn|8
|
|t:|1783272402
|move|p2b: Pyroar|Protect|p2b: Pyroar
|-singleturn|p2b: Pyroar|Protect
|move|p1a: Torkoal|Earth Power|p2b: Pyroar
|-activate|p2b: Pyroar|move: Protect
|move|p1b: Farigiraf|Psychic|p2b: Pyroar
|-activate|p2b: Pyroar|move: Protect
|
|-weather|SunnyDay|[upkeep]
|-fieldend|move: Trick Room
|upkeep
|turn|9
|
|t:|1783272413
|move|p1b: Farigiraf|Protect|p1b: Farigiraf
|-singleturn|p1b: Farigiraf|Protect
|move|p1a: Torkoal|Protect|p1a: Torkoal
|-singleturn|p1a: Torkoal|Protect
|move|p2b: Pyroar|Heat Wave|p1a: Torkoal|[spread] 
|-activate|p1a: Torkoal|move: Protect
|-activate|p1b: Farigiraf|move: Protect
|
|-weather|none
|upkeep
|turn|10
|
|t:|1783272426
|move|p2b: Pyroar|Fire Blast|p1a: Torkoal|[miss]
|-miss|p2b: Pyroar|p1a: Torkoal
|move|p1b: Farigiraf|Psychic|p2b: Pyroar
|-damage|p2b: Pyroar|9/100
|move|p1a: Torkoal|Earth Power|p2b: Pyroar
|-supereffective|p2b: Pyroar|1
|-damage|p2b: Pyroar|0 fnt
|faint|p2b: Pyroar
|
|win|Astarosa9001
|inactive|Astarosa9001 has 30 seconds to confirm battle start!
|inactive|FRattfratz has 30 seconds to confirm battle start!
||Astarosa9001 is ready for game 2.
|inactive|FRattfratz has 20 seconds to confirm battle start!
