|j|☆EnigmaEUW
|j|☆Rainnold_25
|html|EnigmaEUWRainnold_25    
|uhtml|bestof|Game 2 of a best-of-3
|t:|1757709057
|gametype|doubles
|player|p1|EnigmaEUW|ingo|1150
|player|p2|Rainnold_25|1|1042
|gen|9
|tier|[Gen 9] VGC 2025 Reg H (Bo3)
|rated|
|rule|Species Clause: Limit one of each Pokémon
|rule|Item Clause: Limit 1 of each item
|clearpoke
|poke|p1|Pelipper, L50, M|
|poke|p1|Archaludon, L50, F|
|poke|p1|Incineroar, L50, M|
|poke|p1|Hydreigon, L50, M|
|poke|p1|Ursaluna, L50, M|
|poke|p1|Amoonguss, L50, F|
|poke|p2|Ursaluna, L50, F|
|poke|p2|Sinistcha, L50|
|poke|p2|Dragonite, L50, F|
|poke|p2|Archaludon, L50, M|
|poke|p2|Pelipper, L50, F|
|poke|p2|Basculegion, L50, M|
|teampreview|4
|showteam|p1|Pelipper||CovertCloak|Drizzle|WeatherBall,Hurricane,Tailwind,Protect|||M|||50|,,,,,Grass]Archaludon||AssaultVest|Stamina|ElectroShot,BodyPress,DracoMeteor,FlashCannon|||F|||50|,,,,,Bug]Incineroar||RockyHelmet|Intimidate|FlareBlitz,KnockOff,FakeOut,PartingShot|||M|||50|,,,,,Grass]Hydreigon||SafetyGoggles|Levitate|Snarl,DracoMeteor,Tailwind,Protect|||M|||50|,,,,,Poison]Ursaluna||FlameOrb|Guts|Facade,Earthquake,HeadlongRush,Protect|||M|||50|,,,,,Ghost]Amoonguss||SitrusBerry|Regenerator|Spore,RagePowder,PollenPuff,Protect|||F|||50|,,,,,Water
|showteam|p2|Ursaluna||FlameOrb|Guts|Protect,Earthquake,HeadlongRush,Facade|||F|||50|,,,,,Ghost]Sinistcha||SitrusBerry|Hospitality|RagePowder,LifeDew,TrickRoom,MatchaGotcha||||||50|,,,,,Water]Dragonite||LoadedDice|InnerFocus|Protect,Haze,Tailwind,ScaleShot|||F|||50|,,,,,Fairy]Archaludon||AssaultVest|Stamina|FlashCannon,ElectroShot,Snarl,BodyPress|||M|||50|,,,,,Fighting]Pelipper||FocusSash|Drizzle|Protect,Hurricane,WeatherBall,Tailwind|||F|||50|,,,,,Ghost]Basculegion||LifeOrb|SwiftSwim|Protect,AquaJet,WaveCrash,LastRespects|||M|||50|,,,,,Water
|inactive|Battle timer is ON: inactive players will automatically lose when time's up. (requested by EnigmaEUW)
|inactive|EnigmaEUW has 60 seconds left.
|inactive|Rainnold_25 has 60 seconds left.
|
|t:|1757709108
|teamsize|p1|4
|teamsize|p2|4
|start
|switch|p1a: Amoonguss|Amoonguss, L50, F|100/100
|switch|p1b: Incineroar|Incineroar, L50, M|100/100
|switch|p2a: Archaludon|Archaludon, L50, M|100/100
|switch|p2b: Pelipper|Pelipper, L50, F|100/100
|-weather|RainDance|[from] ability: Drizzle|[of] p2b: Pelipper
|-ability|p1b: Incineroar|Intimidate|boost
|-unboost|p2a: Archaludon|atk|1
|-unboost|p2b: Pelipper|atk|1
|turn|1
|inactive|Rainnold_25 has 30 seconds left.
|inactive|Rainnold_25 has 20 seconds left.
|inactive|Rainnold_25 has 15 seconds left.
|
|t:|1757709148
|-terastallize|p1a: Amoonguss|Water
|move|p2b: Pelipper|Protect|p2b: Pelipper
|-singleturn|p2b: Pelipper|Protect
|move|p1b: Incineroar|Fake Out|p2b: Pelipper
|-activate|p2b: Pelipper|move: Protect
|move|p2a: Archaludon|Body Press|p1b: Incineroar
|-supereffective|p1b: Incineroar
|-damage|p1b: Incineroar|56/100
|-damage|p2a: Archaludon|84/100|[from] item: Rocky Helmet|[of] p1b: Incineroar
|move|p1a: Amoonguss|Spore|p2a: Archaludon
|-status|p2a: Archaludon|slp|[from] move: Spore
|
|-weather|RainDance|[upkeep]
|upkeep
|turn|2
|inactive|Rainnold_25 has 30 seconds left.
|inactive|Rainnold_25 has 20 seconds left.
|inactive|Rainnold_25 has 15 seconds left.
|inactive|Rainnold_25 has 10 seconds left.
|
|t:|1757709196
|move|p2b: Pelipper|Hurricane|p1a: Amoonguss
|-damage|p1a: Amoonguss|57/100
|cant|p2a: Archaludon|slp
|move|p1b: Incineroar|Parting Shot|p2a: Archaludon
|-unboost|p2a: Archaludon|atk|1
|-unboost|p2a: Archaludon|spa|1
|
|t:|1757709204
|switch|p1b: Ursaluna|Ursaluna, L50, M|100/100|[from] Parting Shot
|move|p1a: Amoonguss|Spore|p2b: Pelipper
|-status|p2b: Pelipper|slp|[from] move: Spore
|
|-weather|RainDance|[upkeep]
|-status|p1b: Ursaluna|brn|[from] item: Flame Orb
|upkeep
|turn|3
|inactive|Rainnold_25 has 30 seconds left.
|inactive|Rainnold_25 has 20 seconds left.
|inactive|Rainnold_25 has 15 seconds left.
|inactive|Rainnold_25 has 10 seconds left.
|inactive|Rainnold_25 has 5 seconds left.
|
|t:|1757709256
|switch|p2a: Sinistcha|Sinistcha, L50|100/100
|switch|p1a: Hydreigon|Hydreigon, L50, M|100/100
|cant|p2b: Pelipper|slp
|move|p1b: Ursaluna|Headlong Rush|p2a: Sinistcha
|-resisted|p2a: Sinistcha
|-damage|p2a: Sinistcha|62/100
|-unboost|p1b: Ursaluna|def|1
|-unboost|p1b: Ursaluna|spd|1
|
|-weather|RainDance|[upkeep]
|-damage|p1b: Ursaluna|94/100 brn|[from] brn
|upkeep
|turn|4
|inactive|Rainnold_25 has 30 seconds left.
|inactive|Rainnold_25 has 20 seconds left.
|inactive|Rainnold_25 has 15 seconds left.
|inactive|Rainnold_25 has 10 seconds left.
|
|t:|1757709303
|switch|p1b: Amoonguss|Amoonguss, L50, F, tera:Water|90/100
|move|p1a: Hydreigon|Snarl|p2b: Pelipper|[spread] p2a,p2b
|-supereffective|p2a: Sinistcha
|-damage|p2a: Sinistcha|18/100
|-damage|p2b: Pelipper|63/100 slp
|-unboost|p2a: Sinistcha|spa|1
|-unboost|p2b: Pelipper|spa|1
|-enditem|p2a: Sinistcha|Sitrus Berry|[eat]
|-heal|p2a: Sinistcha|43/100|[from] item: Sitrus Berry
|-curestatus|p2b: Pelipper|slp|[msg]
|move|p2b: Pelipper|Tailwind|p2b: Pelipper
|-sidestart|p2: Rainnold_25|move: Tailwind
|move|p2a: Sinistcha|Matcha Gotcha|p1a: Hydreigon|[spread] p1a,p1b
|-resisted|p1a: Hydreigon
|-supereffective|p1b: Amoonguss
|-damage|p1a: Hydreigon|92/100
|-heal|p2a: Sinistcha|47/100|[from] drain|[of] p1a: Hydreigon
|-damage|p1b: Amoonguss|62/100
|-heal|p2a: Sinistcha|65/100|[from] drain|[of] p1b: Amoonguss
|
|-weather|RainDance|[upkeep]
|upkeep
|turn|5
|inactive|EnigmaEUW has 30 seconds left.
|inactive|Rainnold_25 has 30 seconds left.
|
|t:|1757709336
|move|p2b: Pelipper|Hurricane|p1b: Amoonguss
|-damage|p1b: Amoonguss|30/100
|-start|p1b: Amoonguss|confusion
|-enditem|p1b: Amoonguss|Sitrus Berry|[eat]
|-heal|p1b: Amoonguss|55/100|[from] item: Sitrus Berry
|move|p2a: Sinistcha|Matcha Gotcha|p1a: Hydreigon|[spread] p1a,p1b
|-resisted|p1a: Hydreigon
|-supereffective|p1b: Amoonguss
|-damage|p1a: Hydreigon|84/100
|-heal|p2a: Sinistcha|68/100|[from] drain|[of] p1a: Hydreigon
|-damage|p1b: Amoonguss|28/100
|-heal|p2a: Sinistcha|85/100|[from] drain|[of] p1b: Amoonguss
|move|p1a: Hydreigon|Snarl|p2a: Sinistcha|[spread] p2a,p2b
|-supereffective|p2a: Sinistcha
|-crit|p2a: Sinistcha
|-damage|p2a: Sinistcha|17/100
|-damage|p2b: Pelipper|30/100
|-unboost|p2a: Sinistcha|spa|1
|-unboost|p2b: Pelipper|spa|1
|-activate|p1b: Amoonguss|confusion
|move|p1b: Amoonguss|Spore|p2b: Pelipper
|-status|p2b: Pelipper|slp|[from] move: Spore
|
|-weather|none
|upkeep
|turn|6
|inactive|EnigmaEUW has 30 seconds left.
|inactive|Rainnold_25 has 30 seconds left.
|inactive|Rainnold_25 has 20 seconds left.
|inactive|Rainnold_25 has 15 seconds left.
|
|t:|1757709381
|switch|p2b: Archaludon|Archaludon, L50, M|84/100 slp
|switch|p2a: Dragonite|Dragonite, L50, F|100/100
|switch|p1b: Incineroar|Incineroar, L50, M|56/100
|-ability|p1b: Incineroar|Intimidate|boost
|-fail|p2a: Dragonite|unboost|Attack|[from] ability: Inner Focus|[of] p2a: Dragonite
|-unboost|p2b: Archaludon|atk|1
|move|p1a: Hydreigon|Snarl|p2a: Dragonite|[spread] p2a,p2b
|-damage|p2a: Dragonite|84/100
|-damage|p2b: Archaludon|72/100 slp
|-unboost|p2a: Dragonite|spa|1
|-unboost|p2b: Archaludon|spa|1
|-ability|p2b: Archaludon|Stamina|boost
|-boost|p2b: Archaludon|def|1
|
|upkeep
|turn|7
|inactive|Rainnold_25 has 30 seconds left.
|inactive|Rainnold_25 has 20 seconds left.
|
|t:|1757709417
|move|p1a: Hydreigon|Protect|p1a: Hydreigon
|-singleturn|p1a: Hydreigon|Protect
|move|p2a: Dragonite|Scale Shot|p1a: Hydreigon
|-activate|p1a: Hydreigon|move: Protect
|cant|p2b: Archaludon|slp
|move|p1b: Incineroar|Knock Off|p2b: Archaludon
|-damage|p2b: Archaludon|53/100 slp
|-ability|p2b: Archaludon|Stamina|boost
|-boost|p2b: Archaludon|def|1
|-enditem|p2b: Archaludon|Assault Vest|[from] move: Knock Off|[of] p1b: Incineroar
|
|-sideend|p2: Rainnold_25|move: Tailwind
|upkeep
|turn|8
|inactive|EnigmaEUW has 30 seconds left.
|
|t:|1757709450
|move|p1a: Hydreigon|Draco Meteor|p2b: Archaludon
|-damage|p2b: Archaludon|0 fnt
|-unboost|p1a: Hydreigon|spa|2
|faint|p2b: Archaludon
|move|p2a: Dragonite|Scale Shot|p1a: Hydreigon
|-supereffective|p1a: Hydreigon
|-damage|p1a: Hydreigon|56/100
|-supereffective|p1a: Hydreigon
|-damage|p1a: Hydreigon|28/100
|-supereffective|p1a: Hydreigon
|-damage|p1a: Hydreigon|0 fnt
|faint|p1a: Hydreigon
|-hitcount|p1: Hydreigon|3
|-unboost|p2a: Dragonite|def|1
|-boost|p2a: Dragonite|spe|1
|move|p1b: Incineroar|Knock Off|p2a: Dragonite
|-damage|p2a: Dragonite|28/100
|-enditem|p2a: Dragonite|Loaded Dice|[from] move: Knock Off|[of] p1b: Incineroar
|
|upkeep
|inactive|Rainnold_25 has 30 seconds left.
|
|t:|1757709476
|switch|p1a: Ursaluna|Ursaluna, L50, M|94/100 brn
|switch|p2b: Pelipper|Pelipper, L50, F|30/100 slp
|-weather|RainDance|[from] ability: Drizzle|[of] p2b: Pelipper
|turn|9
|inactive|Rainnold_25 has 30 seconds left.
|inactive|Rainnold_25 has 20 seconds left.
|inactive|Rainnold_25 has 15 seconds left.
|
|t:|1757709518
|switch|p2a: Sinistcha|Sinistcha, L50|17/100
|-heal|p2b: Pelipper|55/100 slp|[from] ability: Hospitality|[of] p2a: Sinistcha
|cant|p2b: Pelipper|slp
|move|p1a: Ursaluna|Facade|p2a: Sinistcha
|-immune|p2a: Sinistcha
|move|p1b: Incineroar|Knock Off|p2b: Pelipper
|-damage|p2b: Pelipper|6/100 slp
|-enditem|p2b: Pelipper|Focus Sash|[from] move: Knock Off|[of] p1b: Incineroar
|
|-weather|RainDance|[upkeep]
|-damage|p1a: Ursaluna|88/100 brn|[from] brn
|upkeep
|turn|10
|inactive|Rainnold_25 has 30 seconds left.
|
|t:|1757709552
|move|p1a: Ursaluna|Protect|p1a: Ursaluna
|-singleturn|p1a: Ursaluna|Protect
|-curestatus|p2b: Pelipper|slp|[msg]
|move|p2b: Pelipper|Weather Ball|p1a: Ursaluna
|-activate|p1a: Ursaluna|move: Protect
|move|p2a: Sinistcha|Life Dew|p2a: Sinistcha|[spread] p2a,p2b
|-heal|p2a: Sinistcha|42/100
|-heal|p2b: Pelipper|31/100
|move|p1b: Incineroar|Knock Off|p2a: Sinistcha
|-supereffective|p2a: Sinistcha
|-damage|p2a: Sinistcha|7/100
|
|-weather|RainDance|[upkeep]
|-damage|p1a: Ursaluna|82/100 brn|[from] brn
|upkeep
|turn|11
|inactive|Rainnold_25 has 25 seconds left this turn.
|inactive|Rainnold_25 has 20 seconds left.
|inactive|Rainnold_25 has 15 seconds left.
|inactive|Rainnold_25 has 10 seconds left.
|inactive|Rainnold_25 has 5 seconds left.
|inactive|EnigmaEUW has 30 seconds left.
|
|t:|1757709584
|switch|p1a: Amoonguss|Amoonguss, L50, F, tera:Water|61/100
|move|p2b: Pelipper|Weather Ball|p1a: Amoonguss
|-resisted|p1a: Amoonguss
|-damage|p1a: Amoonguss|30/100
|move|p2a: Sinistcha|Life Dew|p2a: Sinistcha|[spread] p2a,p2b
|-heal|p2a: Sinistcha|33/100
|-heal|p2b: Pelipper|56/100
|move|p1b: Incineroar|Parting Shot|p2b: Pelipper
|-unboost|p2b: Pelipper|atk|1
|-unboost|p2b: Pelipper|spa|1
|
|t:|1757709595
|switch|p1b: Ursaluna|Ursaluna, L50, M|82/100 brn|[from] Parting Shot
|
|-weather|RainDance|[upkeep]
|-damage|p1b: Ursaluna|76/100 brn|[from] brn
|upkeep
|turn|12
|inactive|Rainnold_25 has 5 seconds left this turn.
|-message|Rainnold_25 lost due to inactivity.
|
|win|EnigmaEUW
||EnigmaEUW is ready for game 3.
|inactive|Rainnold_25 has 30 seconds to confirm battle start!
|inactive|Rainnold_25 has 20 seconds to confirm battle start!
|inactive|Rainnold_25 has 10 seconds to confirm battle start!
|uhtml|next|Next: Game 3 of 3
