|j|☆Olly457
|j|☆ChefHoe
|html|Olly457ChefHoe    
|uhtml|bestof|Game 2 of a best-of-3
|t:|1756758081
|gametype|doubles
|player|p1|Olly457|unknown|1080
|player|p2|ChefHoe|gambler|1000
|gen|9
|tier|[Gen 9] VGC 2025 Reg H (Bo3)
|rated|
|rule|Species Clause: Limit one of each Pokémon
|rule|Item Clause: Limit 1 of each item
|clearpoke
|poke|p1|Ursaluna, L50, F|
|poke|p1|Amoonguss, L50, M|
|poke|p1|Porygon2, L50|
|poke|p1|Incineroar, L50, F|
|poke|p1|Gholdengo, L50|
|poke|p1|Mienshao, L50, M|
|poke|p2|Politoed, L50, F|
|poke|p2|Kingdra, L50, F|
|poke|p2|Archaludon, L50, F|
|poke|p2|Sinistcha, L50|
|poke|p2|Incineroar, L50, M|
|poke|p2|Rillaboom, L50, F|
|teampreview|4
|showteam|p1|Ursaluna||FlameOrb|Guts|Protect,Facade,HeadlongRush,Substitute|||F|||50|,,,,,Ghost]Amoonguss||CovertCloak|Regenerator|RagePowder,ClearSmog,PollenPuff,Spore|||M|||50|,,,,,Electric]Porygon2||Eviolite|Download|Recover,TeraBlast,IceBeam,TrickRoom||||||50|,,,,,Fighting]Incineroar||AssaultVest|Intimidate|Uturn,FlareBlitz,KnockOff,FakeOut|||F|||50|,,,,,Grass]Gholdengo||LifeOrb|GoodasGold|Protect,MakeItRain,ShadowBall,NastyPlot||||||50|,,,,,Water]Mienshao||FocusSash|InnerFocus|CloseCombat,KnockOff,IceSpinner,WideGuard|||M|||50|,,,,,Stellar
|showteam|p2|Politoed||SitrusBerry|Drizzle|Protect,WeatherBall,IceBeam,Encore|||F|||50|,,,,,Grass]Kingdra||ScopeLens|SwiftSwim|Protect,DracoMeteor,Scald,MuddyWater|||F|||50|,,,,,Steel]Archaludon||PowerHerb|Sturdy|DragonPulse,FlashCannon,ElectroShot,DragonCheer|||F|||50|,,,,,Electric]Sinistcha||MentalHerb|Hospitality|MatchaGotcha,StrengthSap,RagePowder,TrickRoom||||||50|,,,,,Water]Incineroar||SafetyGoggles|Intimidate|PartingShot,KnockOff,FlareBlitz,FakeOut|||M|||50|,,,,,Ghost]Rillaboom||AssaultVest|GrassySurge|Uturn,DrumBeating,GrassyGlide,FakeOut|||F|||50|,,,,,Water
|inactive|Battle timer is ON: inactive players will automatically lose when time's up. (requested by ChefHoe)
|
|t:|1756758098
|teamsize|p1|4
|teamsize|p2|4
|start
|switch|p1a: Gholdengo|Gholdengo, L50, shiny|100/100
|switch|p1b: Amoonguss|Amoonguss, L50, M, shiny|100/100
|switch|p2a: Kingdra|Kingdra, L50, F|100/100
|switch|p2b: Archaludon|Archaludon, L50, F|100/100
|turn|1
|
|t:|1756758110
|move|p2a: Kingdra|Protect|p2a: Kingdra
|-singleturn|p2a: Kingdra|Protect
|move|p1b: Amoonguss|Rage Powder|p1b: Amoonguss
|-singleturn|p1b: Amoonguss|move: Rage Powder
|move|p2b: Archaludon|Dragon Cheer|p2a: Kingdra
|-start|p2a: Kingdra|move: Dragon Cheer
|move|p1a: Gholdengo|Nasty Plot|p1a: Gholdengo
|-boost|p1a: Gholdengo|spa|2
|
|upkeep
|turn|2
|inactive|ChefHoe has 30 seconds left.
|
|t:|1756758136
|-terastallize|p1a: Gholdengo|Water
|move|p2b: Archaludon|Electro Shot||[still]
|-prepare|p2b: Archaludon|Electro Shot
|-boost|p2b: Archaludon|spa|1
|-enditem|p2b: Archaludon|Power Herb
|-anim|p2b: Archaludon|Electro Shot|p1a: Gholdengo
|-supereffective|p1a: Gholdengo
|-damage|p1a: Gholdengo|0 fnt
|faint|p1a: Gholdengo
|move|p2a: Kingdra|Scald|p1b: Amoonguss
|-resisted|p1b: Amoonguss
|-crit|p1b: Amoonguss
|-damage|p1b: Amoonguss|79/100
|move|p1b: Amoonguss|Pollen Puff|p2b: Archaludon
|-resisted|p2b: Archaludon
|-damage|p2b: Archaludon|90/100
|
|upkeep
|
|t:|1756758148
|switch|p1a: Ursaluna|Ursaluna, L50, F, shiny|100/100
|turn|3
|
|t:|1756758162
|switch|p2b: Incineroar|Incineroar, L50, M|100/100
|-ability|p2b: Incineroar|Intimidate|boost
|-unboost|p1a: Ursaluna|atk|1
|-unboost|p1b: Amoonguss|atk|1
|move|p1a: Ursaluna|Protect|p1a: Ursaluna
|-singleturn|p1a: Ursaluna|Protect
|move|p2a: Kingdra|Draco Meteor|p1b: Amoonguss
|-crit|p1b: Amoonguss
|-damage|p1b: Amoonguss|3/100
|-unboost|p2a: Kingdra|spa|2
|move|p1b: Amoonguss|Spore|p2a: Kingdra
|-status|p2a: Kingdra|slp|[from] move: Spore
|
|-status|p1a: Ursaluna|brn|[from] item: Flame Orb
|upkeep
|turn|4
|
|t:|1756758187
|switch|p1b: Porygon2|Porygon2, L50, shiny|100/100
|-ability|p1b: Porygon2|Download|boost
|-boost|p1b: Porygon2|atk|1
|move|p2b: Incineroar|Fake Out|p1a: Ursaluna
|-damage|p1a: Ursaluna|93/100 brn
|cant|p2a: Kingdra|slp
|cant|p1a: Ursaluna|flinch
|
|-damage|p1a: Ursaluna|87/100 brn|[from] brn
|upkeep
|turn|5
|
|t:|1756758204
|-curestatus|p2a: Kingdra|slp|[msg]
|move|p2a: Kingdra|Protect|p2a: Kingdra
|-singleturn|p2a: Kingdra|Protect
|move|p2b: Incineroar|Parting Shot|p1a: Ursaluna
|-unboost|p1a: Ursaluna|atk|1
|-unboost|p1a: Ursaluna|spa|1
|
|t:|1756758211
|switch|p2b: Sinistcha|Sinistcha, L50|100/100|[from] Parting Shot
|move|p1a: Ursaluna|Facade|p2a: Kingdra
|-activate|p2a: Kingdra|move: Protect
|move|p1b: Porygon2|Trick Room|p1b: Porygon2
|-fieldstart|move: Trick Room|[of] p1b: Porygon2
|
|-damage|p1a: Ursaluna|81/100 brn|[from] brn
|upkeep
|turn|6
|
|t:|1756758227
|switch|p1a: Amoonguss|Amoonguss, L50, M, shiny|36/100
|move|p2b: Sinistcha|Rage Powder|p2b: Sinistcha
|-singleturn|p2b: Sinistcha|move: Rage Powder
|move|p1b: Porygon2|Ice Beam|p2b: Sinistcha
|-supereffective|p2b: Sinistcha
|-damage|p2b: Sinistcha|56/100
|move|p2a: Kingdra|Scald|p1a: Amoonguss
|-resisted|p1a: Amoonguss
|-crit|p1a: Amoonguss
|-damage|p1a: Amoonguss|14/100
|
|upkeep
|turn|7
|
|t:|1756758246
|move|p2a: Kingdra|Protect|p2a: Kingdra
|-singleturn|p2a: Kingdra|Protect
|move|p1a: Amoonguss|Pollen Puff|p2b: Sinistcha
|-damage|p2b: Sinistcha|40/100
|move|p1b: Porygon2|Ice Beam|p2b: Sinistcha
|-supereffective|p2b: Sinistcha
|-damage|p2b: Sinistcha|0 fnt
|faint|p2b: Sinistcha
|
|upkeep
|
|t:|1756758259
|switch|p2b: Incineroar|Incineroar, L50, M|100/100
|-ability|p2b: Incineroar|Intimidate|boost
|-unboost|p1a: Amoonguss|atk|1
|-unboost|p1b: Porygon2|atk|1
|turn|8
|
|t:|1756758278
|move|p2b: Incineroar|Fake Out|p1a: Amoonguss
|-damage|p1a: Amoonguss|6/100
|move|p1a: Amoonguss|Spore|p2a: Kingdra
|-status|p2a: Kingdra|slp|[from] move: Spore
|move|p1b: Porygon2|Tera Blast|p2a: Kingdra
|-damage|p2a: Kingdra|62/100 slp
|cant|p2a: Kingdra|slp
|
|upkeep
|turn|9
|
|t:|1756758302
|cant|p2a: Kingdra|slp
|move|p1a: Amoonguss|Pollen Puff|p2b: Incineroar
|-damage|p2b: Incineroar|87/100
|move|p1b: Porygon2|Tera Blast|p2b: Incineroar
|-damage|p2b: Incineroar|64/100
|move|p2b: Incineroar|Parting Shot|p1b: Porygon2
|-unboost|p1b: Porygon2|atk|1
|-unboost|p1b: Porygon2|spa|1
|
|t:|1756758312
|switch|p2b: Archaludon|Archaludon, L50, F|90/100|[from] Parting Shot
|
|-fieldend|move: Trick Room
|upkeep
|turn|10
|inactive|ChefHoe has 30 seconds left.
|inactive|ChefHoe has 20 seconds left.
|inactive|ChefHoe has 15 seconds left.
|
|t:|1756758356
|move|p2b: Archaludon|Flash Cannon|p1a: Amoonguss
|-damage|p1a: Amoonguss|0 fnt
|faint|p1a: Amoonguss
|cant|p2a: Kingdra|slp
|move|p1b: Porygon2|Trick Room|p1b: Porygon2
|-fieldstart|move: Trick Room|[of] p1b: Porygon2
|
|upkeep
|
|t:|1756758362
|switch|p1a: Ursaluna|Ursaluna, L50, F, shiny|81/100 brn
|turn|11
|
|t:|1756758376
|switch|p2b: Incineroar|Incineroar, L50, M|64/100
|-ability|p2b: Incineroar|Intimidate|boost
|-unboost|p1a: Ursaluna|atk|1
|-unboost|p1b: Porygon2|atk|1
|-curestatus|p2a: Kingdra|slp|[msg]
|move|p2a: Kingdra|Protect|p2a: Kingdra
|-singleturn|p2a: Kingdra|Protect
|move|p1a: Ursaluna|Headlong Rush|p2b: Incineroar
|-supereffective|p2b: Incineroar
|-damage|p2b: Incineroar|0 fnt
|-unboost|p1a: Ursaluna|def|1
|-unboost|p1a: Ursaluna|spd|1
|faint|p2b: Incineroar
|move|p1b: Porygon2|Tera Blast|p2a: Kingdra
|-activate|p2a: Kingdra|move: Protect
|
|-damage|p1a: Ursaluna|75/100 brn|[from] brn
|upkeep
|
|t:|1756758393
|switch|p2b: Archaludon|Archaludon, L50, F|90/100
|turn|12
|
|t:|1756758417
|move|p1a: Ursaluna|Facade|p2a: Kingdra
|-damage|p2a: Kingdra|0 fnt
|faint|p2a: Kingdra
|move|p1b: Porygon2|Ice Beam|p2b: Archaludon
|-damage|p2b: Archaludon|71/100
|-status|p2b: Archaludon|frz
|cant|p2b: Archaludon|frz
|
|-damage|p1a: Ursaluna|69/100 brn|[from] brn
|upkeep
|turn|13
|
|t:|1756758429
|move|p1a: Ursaluna|Headlong Rush|p2b: Archaludon
|-supereffective|p2b: Archaludon
|-damage|p2b: Archaludon|0 fnt
|-unboost|p1a: Ursaluna|def|1
|-unboost|p1a: Ursaluna|spd|1
|faint|p2b: Archaludon
|
|win|Olly457
|raw|Olly457's rating: 1080 → 1102(+22 for winning)
|raw|ChefHoe's rating: 1000 → 1000(+0 for losing)
|c|☆Olly457|how did i claw this back
|c|☆Olly457|gg
|l|☆ChefHoe
|player|p2|
