|j|☆ground tera
|j|☆Pakaan64
|html|ground teraPakaan64    
|uhtml|bestof|Game 2 of a best-of-3
|t:|1783362222
|gametype|doubles
|player|p1|ground tera|169|1168
|player|p2|Pakaan64|2|1135
|gen|9
|tier|[Gen 9 Champions] VGC 2026 Reg M-B (Bo3)
|rated|
|rule|Species Clause: Limit one of each Pokémon
|rule|Item Clause: Limit 1 of each item
|clearpoke
|poke|p1|Archaludon, L50, M|
|poke|p1|Floette-Eternal, L50, F|
|poke|p1|Incineroar, L50, F|
|poke|p1|Pelipper, L50, M|
|poke|p1|Sinistcha, L50|
|poke|p1|Swampert, L50, F|
|poke|p2|Glimmora, L50, F|
|poke|p2|Staraptor, L50, M|
|poke|p2|Gholdengo, L50|
|poke|p2|Grimmsnarl, L50, M|
|poke|p2|Garchomp, L50, F|
|poke|p2|Incineroar, L50, M|
|teampreview|4
|showteam|p1|Archaludon||Leftovers|Stamina|Protect,ElectroShot,DracoMeteor,FlashCannon|Modest||M|||50|]Floette-Eternal||Floettite|FlowerVeil|Protect,Moonblast,DazzlingGleam,CalmMind|Modest||F|||50|]Incineroar||PasshoBerry|Intimidate|FakeOut,PartingShot,FlareBlitz,ThroatChop|Careful||F|||50|]Pelipper||LifeOrb|Drizzle|Tailwind,WeatherBall,Hurricane,HelpingHand|Modest||M|||50|]Sinistcha||SitrusBerry|Hospitality|Protect,MatchaGotcha,RagePowder,TrickRoom|Bold|||||50|]Swampert||Swampertite|Torrent|Protect,WaveCrash,HighHorsepower,IcePunch|Adamant||F|||50|
|showteam|p2|Glimmora||FocusSash|ToxicDebris|PowerGem,MortalSpin,SludgeBomb,Protect|Naive||F|||50|]Staraptor||Staraptite|Intimidate|CloseCombat,Tailwind,BraveBird,Protect|Jolly||M|||50|]Gholdengo||WhiteHerb|GoodasGold|NastyPlot,Protect,MakeItRain,ShadowBall|Modest|||||50|]Grimmsnarl||LightClay|Prankster|SuckerPunch,PartingShot,LightScreen,Reflect|Careful||M|||50|]Garchomp||LifeOrb|RoughSkin|RockSlide,StompingTantrum,DragonClaw,Protect|Adamant||F|||50|]Incineroar||SitrusBerry|Intimidate|FakeOut,PartingShot,FlareBlitz,DarkestLariat|Adamant||M|||50|
|inactive|Battle timer is ON: inactive players will automatically lose when time's up. (requested by Pakaan64)
|inactive|ground tera also wants the timer to be on.
|
|t:|1783362251
|teamsize|p1|4
|teamsize|p2|4
|start
|switch|p1a: Incineroar|Incineroar, L50, F|100/100
|switch|p1b: Floette|Floette-Eternal, L50, F|100/100
|switch|p2a: Staraptor|Staraptor, L50, M|100/100
|switch|p2b: Glimmora|Glimmora, L50, F|100/100
|-ability|p2a: Staraptor|Intimidate|boost
|-unboost|p1a: Incineroar|atk|1
|-unboost|p1b: Floette|atk|1
|-ability|p1a: Incineroar|Intimidate|boost
|-unboost|p2a: Staraptor|atk|1
|-unboost|p2b: Glimmora|atk|1
|turn|1
|
|t:|1783362273
|switch|p2a: Gholdengo|Gholdengo, L50|100/100
|detailschange|p1b: Floette|Floette-Mega, L50, F
|-mega|p1b: Floette|Floette|Floettite
|-ability|p1b: Floette|Fairy Aura
|move|p1a: Incineroar|Fake Out|p2b: Glimmora
|-resisted|p2b: Glimmora|1
|-damage|p2b: Glimmora|95/100
|-activate|p2b: Glimmora|ability: Toxic Debris
|-sidestart|p1: ground tera|move: Toxic Spikes
|cant|p2b: Glimmora|flinch
|move|p1b: Floette|Dazzling Gleam|p2b: Glimmora|[spread] p2a,p2b
|-resisted|p2a: Gholdengo|1
|-resisted|p2b: Glimmora|1
|-damage|p2a: Gholdengo|76/100
|-damage|p2b: Glimmora|61/100
|
|upkeep
|turn|2
|inactive|ground tera has 30 seconds left.
|
|t:|1783362298
|move|p2a: Gholdengo|Protect|p2a: Gholdengo
|-singleturn|p2a: Gholdengo|Protect
|move|p2b: Glimmora|Power Gem|p1a: Incineroar
|-supereffective|p1a: Incineroar|1
|-damage|p1a: Incineroar|27/100
|move|p1b: Floette|Calm Mind|p1b: Floette
|-boost|p1b: Floette|spa|1
|-boost|p1b: Floette|spd|1
|move|p1a: Incineroar|Flare Blitz|p2a: Gholdengo
|-activate|p2a: Gholdengo|move: Protect
|
|upkeep
|turn|3
|
|t:|1783362319
|switch|p1a: Pelipper|Pelipper, L50, M|100/100
|-weather|RainDance|[from] ability: Drizzle|[of] p1a: Pelipper
|move|p1b: Floette|Protect|p1b: Floette
|-singleturn|p1b: Floette|Protect
|move|p2b: Glimmora|Sludge Bomb|p1b: Floette
|-activate|p1b: Floette|move: Protect
|move|p2a: Gholdengo|Make It Rain|p1a: Pelipper|[spread] p1a
|-activate|p1b: Floette|move: Protect
|-resisted|p1a: Pelipper|1
|-damage|p1a: Pelipper|67/100
|-unboost|p2a: Gholdengo|spa|2
|-enditem|p2a: Gholdengo|White Herb
|-clearnegativeboost|p2a: Gholdengo|[silent]
|
|-weather|RainDance|[upkeep]
|upkeep
|turn|4
|
|t:|1783362333
|move|p1a: Pelipper|Helping Hand|p1b: Floette
|-singleturn|p1b: Floette|Helping Hand|[of] p1a: Pelipper
|move|p2b: Glimmora|Power Gem|p1a: Pelipper
|-supereffective|p1a: Pelipper|1
|-damage|p1a: Pelipper|0 fnt
|faint|p1a: Pelipper
|move|p1b: Floette|Dazzling Gleam|p2b: Glimmora|[spread] p2a,p2b
|-resisted|p2a: Gholdengo|1
|-resisted|p2b: Glimmora|1
|-damage|p2a: Gholdengo|25/100
|-damage|p2b: Glimmora|0 fnt
|faint|p2b: Glimmora
|move|p2a: Gholdengo|Make It Rain|p1b: Floette
|-supereffective|p1b: Floette|1
|-damage|p1b: Floette|28/100
|-unboost|p2a: Gholdengo|spa|2
|
|-weather|RainDance|[upkeep]
|upkeep
|
|t:|1783362346
|switch|p2b: Staraptor|Staraptor, L50, M|100/100
|switch|p1a: Sinistcha|Sinistcha, L50|100/100
|-ability|p2b: Staraptor|Intimidate|boost
|-unboost|p1a: Sinistcha|atk|1
|-unboost|p1b: Floette|atk|1
|-status|p1a: Sinistcha|psn
|-heal|p1b: Floette|52/100|[from] ability: Hospitality|[of] p1a: Sinistcha
|turn|5
|
|t:|1783362370
|switch|p2a: Garchomp|Garchomp, L50, F|100/100
|detailschange|p2b: Staraptor|Staraptor-Mega, L50, M
|-mega|p2b: Staraptor|Staraptor|Staraptite
|move|p2b: Staraptor|Protect|p2b: Staraptor
|-singleturn|p2b: Staraptor|Protect
|move|p1a: Sinistcha|Rage Powder|p1a: Sinistcha
|-singleturn|p1a: Sinistcha|move: Rage Powder
|move|p1b: Floette|Dazzling Gleam|p2a: Garchomp|[spread] p2a
|-activate|p2b: Staraptor|move: Protect
|-supereffective|p2a: Garchomp|1
|-damage|p2a: Garchomp|0 fnt
|faint|p2a: Garchomp
|
|-weather|RainDance|[upkeep]
|-damage|p1a: Sinistcha|87/100 psn|[from] psn
|upkeep
|
|t:|1783362372
|switch|p2a: Gholdengo|Gholdengo, L50|25/100
|turn|6
|inactive|Pakaan64 has 30 seconds left.
|
|t:|1783362403
|move|p1a: Sinistcha|Rage Powder|p1a: Sinistcha
|-singleturn|p1a: Sinistcha|move: Rage Powder
|move|p2b: Staraptor|Close Combat|p1a: Sinistcha
|-immune|p1a: Sinistcha
|move|p1b: Floette|Dazzling Gleam|p2b: Staraptor|[spread] p2a,p2b
|-resisted|p2a: Gholdengo|1
|-supereffective|p2b: Staraptor|1
|-damage|p2a: Gholdengo|0 fnt
|-damage|p2b: Staraptor|0 fnt
|faint|p2a: Gholdengo
|faint|p2b: Staraptor
|
|win|ground tera
|raw|ground tera's rating: 1168 → 1191(+23 for winning)
|raw|Pakaan64's rating: 1135 → 1112(-23 for losing)
