|j|☆fsucia
|j|☆Cm3112
|html|fsuciaCm3112    
|uhtml|bestof|Game 1 of a best-of-3
|t:|1756228947
|gametype|doubles
|player|p1|fsucia|266|1379
|player|p2|Cm3112|1|1239
|gen|9
|tier|[Gen 9] VGC 2025 Reg H (Bo3)
|rated|
|rule|Species Clause: Limit one of each Pokémon
|rule|Item Clause: Limit 1 of each item
|clearpoke
|poke|p1|Incineroar, L50, M|
|poke|p1|Dragonite, L50, M|
|poke|p1|Amoonguss, L50, M|
|poke|p1|Gholdengo, L50|
|poke|p1|Ursaluna, L50, M|
|poke|p1|Annihilape, L50, M|
|poke|p2|Pelipper, L50, F|
|poke|p2|Archaludon, L50, M|
|poke|p2|Annihilape, L50, F|
|poke|p2|Maushold-Four, L50|
|poke|p2|Sinistcha-Masterpiece, L50|
|poke|p2|Basculegion, L50, M|
|teampreview|4
|showteam|p1|Incineroar||SafetyGoggles|Intimidate|FakeOut,KnockOff,FlareBlitz,PartingShot|||M|||50|,,,,,Water]Dragonite||LoadedDice|Multiscale|Protect,Tailwind,ExtremeSpeed,ScaleShot|||M|||50|,,,,,Steel]Amoonguss||SitrusBerry|Regenerator|RagePowder,Spore,PollenPuff,Protect|||M|||50|,,,,,Water]Gholdengo||LifeOrb|GoodasGold|Protect,NastyPlot,ShadowBall,MakeItRain||||||50|,,,,,Water]Ursaluna||FlameOrb|Guts|Protect,HeadlongRush,Earthquake,Facade|||M|||50|,,,,,Ghost]Annihilape||FocusSash|Defiant|Taunt,RageFist,Protect,CloseCombat|||M|||50|,,,,,Fire
|showteam|p2|Pelipper||FocusSash|Drizzle|MuddyWater,Hurricane,WideGuard,Protect|||F|||50|,,,,,Grass]Archaludon||AssaultVest|Stamina|FlashCannon,ElectroShot,DracoMeteor,BodyPress|||M|||50|,,,,,Fairy]Annihilape||SafetyGoggles|Defiant|DrainPunch,RageFist,BulkUp,Protect|||F|||50|,,,,,Water]Maushold-Four||WideLens|Technician|PopulationBomb,BeatUp,FollowMe,Protect||||||50|,,,,,Ghost]Sinistcha-Masterpiece||RockyHelmet|Hospitality|MatchaGotcha,RagePowder,ShadowBall,TrickRoom||||||50|,,,,,Dark]Basculegion||ChoiceBand|SwiftSwim|WaveCrash,FlipTurn,AquaJet,LastRespects|||M|||50|,,,,,Water
|inactive|Battle timer is ON: inactive players will automatically lose when time's up. (requested by Cm3112)
|
|t:|1756228995
|teamsize|p1|4
|teamsize|p2|4
|start
|switch|p1a: Dragonite|Dragonite, L50, M|100/100
|switch|p1b: Gholdengo|Gholdengo, L50|100/100
|switch|p2a: Maushold|Maushold-Four, L50|100/100
|switch|p2b: Basculegion|Basculegion, L50, M|100/100
|turn|1
|
|t:|1756229006
|-terastallize|p1a: Dragonite|Steel
|-terastallize|p2b: Basculegion|Water
|move|p1b: Gholdengo|Protect|p1b: Gholdengo
|-singleturn|p1b: Gholdengo|Protect
|move|p2a: Maushold|Population Bomb|p1a: Dragonite
|-resisted|p1a: Dragonite
|-damage|p1a: Dragonite|98/100
|-resisted|p1a: Dragonite
|-damage|p1a: Dragonite|92/100
|-resisted|p1a: Dragonite
|-damage|p1a: Dragonite|86/100
|-resisted|p1a: Dragonite
|-damage|p1a: Dragonite|80/100
|-resisted|p1a: Dragonite
|-damage|p1a: Dragonite|74/100
|-resisted|p1a: Dragonite
|-damage|p1a: Dragonite|67/100
|-resisted|p1a: Dragonite
|-damage|p1a: Dragonite|61/100
|-resisted|p1a: Dragonite
|-damage|p1a: Dragonite|54/100
|-resisted|p1a: Dragonite
|-damage|p1a: Dragonite|48/100
|-resisted|p1a: Dragonite
|-damage|p1a: Dragonite|42/100
|-hitcount|p1a: Dragonite|10
|move|p1a: Dragonite|Tailwind|p1a: Dragonite
|-sidestart|p1: fsucia|move: Tailwind
|move|p2b: Basculegion|Flip Turn|p1a: Dragonite
|-damage|p1a: Dragonite|0 fnt
|faint|p1a: Dragonite
|inactive|Cm3112 has 30 seconds left.
|
|t:|1756229036
|switch|p2b: Pelipper|Pelipper, L50, F|100/100|[from] Flip Turn
|-weather|RainDance|[from] ability: Drizzle|[of] p2b: Pelipper
|
|-weather|RainDance|[upkeep]
|upkeep
|
|t:|1756229049
|switch|p1a: Annihilape|Annihilape, L50, M|100/100
|turn|2
|inactive|fsucia has 30 seconds left.
|
|t:|1756229076
|move|p2a: Maushold|Follow Me|p2a: Maushold
|-singleturn|p2a: Maushold|move: Follow Me
|move|p1b: Gholdengo|Nasty Plot|p1b: Gholdengo
|-boost|p1b: Gholdengo|spa|2
|move|p1a: Annihilape|Close Combat|p2a: Maushold
|-supereffective|p2a: Maushold
|-damage|p2a: Maushold|0 fnt
|-unboost|p1a: Annihilape|def|1
|-unboost|p1a: Annihilape|spd|1
|faint|p2a: Maushold
|move|p2b: Pelipper|Muddy Water|p1a: Annihilape|[spread] p1a,p1b
|-damage|p1a: Annihilape|24/100
|-damage|p1b: Gholdengo|49/100
|
|-weather|RainDance|[upkeep]
|upkeep
|
|t:|1756229095
|switch|p2a: Basculegion|Basculegion, L50, M, tera:Water|100/100
|turn|3
|inactive|fsucia has 30 seconds left.
|
|t:|1756229124
|move|p2a: Basculegion|Aqua Jet|p1a: Annihilape
|-damage|p1a: Annihilape|0 fnt
|faint|p1a: Annihilape
|move|p1b: Gholdengo|Shadow Ball|p2a: Basculegion
|-damage|p2a: Basculegion|0 fnt
|faint|p2a: Basculegion
|-damage|p1b: Gholdengo|39/100|[from] item: Life Orb
|move|p2b: Pelipper|Muddy Water|p1b: Gholdengo
|-crit|p1b: Gholdengo
|-damage|p1b: Gholdengo|0 fnt
|faint|p1b: Gholdengo
|
|-weather|RainDance|[upkeep]
|upkeep
|
|t:|1756229130
|switch|p1b: Ursaluna|Ursaluna, L50, M|100/100
|switch|p2a: Annihilape|Annihilape, L50, F|100/100
|turn|4
|
|t:|1756229135
|move|p2a: Annihilape|Protect|p2a: Annihilape
|-singleturn|p2a: Annihilape|Protect
|move|p2b: Pelipper|Protect|p2b: Pelipper
|-singleturn|p2b: Pelipper|Protect
|move|p1b: Ursaluna|Headlong Rush|p2a: Annihilape
|-activate|p2a: Annihilape|move: Protect
|
|-weather|RainDance|[upkeep]
|-sideend|p1: fsucia|move: Tailwind
|-status|p1b: Ursaluna|brn|[from] item: Flame Orb
|upkeep
|turn|5
|
|t:|1756229141
|move|p1b: Ursaluna|Protect|p1b: Ursaluna
|-singleturn|p1b: Ursaluna|Protect
|move|p2a: Annihilape|Bulk Up|p2a: Annihilape
|-boost|p2a: Annihilape|atk|1
|-boost|p2a: Annihilape|def|1
|move|p2b: Pelipper|Hurricane|p1b: Ursaluna
|-activate|p1b: Ursaluna|move: Protect
|
|-weather|none
|-damage|p1b: Ursaluna|94/100 brn|[from] brn
|upkeep
|turn|6
|
|t:|1756229148
|move|p2a: Annihilape|Protect|p2a: Annihilape
|-singleturn|p2a: Annihilape|Protect
|move|p2b: Pelipper|Protect|p2b: Pelipper
|-singleturn|p2b: Pelipper|Protect
|move|p1b: Ursaluna|Headlong Rush|p2a: Annihilape
|-activate|p2a: Annihilape|move: Protect
|
|-damage|p1b: Ursaluna|88/100 brn|[from] brn
|upkeep
|turn|7
|
|t:|1756229155
|move|p2a: Annihilape|Bulk Up|p2a: Annihilape
|-boost|p2a: Annihilape|atk|1
|-boost|p2a: Annihilape|def|1
|move|p2b: Pelipper|Muddy Water|p1b: Ursaluna
|-supereffective|p1b: Ursaluna
|-damage|p1b: Ursaluna|5/100 brn
|-unboost|p1b: Ursaluna|accuracy|1
|move|p1b: Ursaluna|Headlong Rush|p2a: Annihilape
|-damage|p2a: Annihilape|52/100
|-unboost|p1b: Ursaluna|def|1
|-unboost|p1b: Ursaluna|spd|1
|
|-damage|p1b: Ursaluna|0 fnt|[from] brn
|faint|p1b: Ursaluna
|
|win|Cm3112
