|j|☆LooDeecolo
|j|☆nwjns999
|html|LooDeecolonwjns999    
|uhtml|bestof|Game 3 of a best-of-3
|t:|1756355968
|gametype|doubles
|player|p1|LooDeecolo|265|1059
|player|p2|nwjns999|backpackerf|1137
|gen|9
|tier|[Gen 9] VGC 2025 Reg H (Bo3)
|rated|
|rule|Species Clause: Limit one of each Pokémon
|rule|Item Clause: Limit 1 of each item
|clearpoke
|poke|p1|Gastrodon-East, L50, F|
|poke|p1|Incineroar, L50, M|
|poke|p1|Sneasler, L50, F|
|poke|p1|Dragonite, L50, F|
|poke|p1|Gholdengo, L50|
|poke|p1|Rillaboom, L50, M|
|poke|p2|Sneasler, L50, F|
|poke|p2|Samurott-Hisui, L50, M|
|poke|p2|Ninetales-Alola, L50, F|
|poke|p2|Gholdengo, L50|
|poke|p2|Magmar, L50, M|
|poke|p2|Dragonite, L50, F|
|teampreview|4
|showteam|p1|Gastrodon-East||CovertCloak|StormDrain|IceBeam,EarthPower,Recover,Protect|||F|||50|,,,,,Fairy]Incineroar||AssaultVest|Intimidate|FlareBlitz,KnockOff,Uturn,FakeOut|||M|||50|,,,,,Ghost]Sneasler||FocusSash|PoisonTouch|DireClaw,CloseCombat,FakeOut,Protect|||F|||50|,,,,,Ghost]Dragonite||LoadedDice|Multiscale|ScaleShot,ExtremeSpeed,Tailwind,Protect|||F|||50|,,,,,Fairy]Gholdengo||LifeOrb|GoodasGold|MakeItRain,ShadowBall,NastyPlot,Protect||||||50|,,,,,Water]Rillaboom||MiracleSeed|GrassySurge|WoodHammer,GrassyGlide,HighHorsepower,Protect|||M|||50|,,,,,Fire
|showteam|p2|Sneasler||FocusSash|PoisonTouch|DireClaw,CloseCombat,Coaching,FakeOut|||F|||50|,,,,,Ghost]Samurott-Hisui||AssaultVest|Sharpness|AquaCutter,KnockOff,SacredSword,SuckerPunch|||M|||50|,,,,,Ghost]Ninetales-Alola||CovertCloak|SnowWarning|Blizzard,FreezeDry,IcyWind,AuroraVeil|||F|||50|,,,,,Water]Gholdengo||MetalCoat|GoodasGold|MakeItRain,ShadowBall,NastyPlot,Protect||||||50|,,,,,Dragon]Magmar||Eviolite|VitalSpirit|Protect,WillOWisp,FollowMe,HeatWave|||M|||50|,,,,,Ghost]Dragonite||LoadedDice|Multiscale|ExtremeSpeed,StompingTantrum,ScaleShot,Protect|||F|||50|,,,,,Fairy
|inactive|Battle timer is ON: inactive players will automatically lose when time's up. (requested by LooDeecolo)
|inactive|LooDeecolo has 60 seconds left.
|
|t:|1756356005
|teamsize|p1|4
|teamsize|p2|4
|start
|switch|p1a: Incineroar|Incineroar, L50, M|100/100
|switch|p1b: Sneasler|Sneasler, L50, F|100/100
|switch|p2a: Ninetales|Ninetales-Alola, L50, F|100/100
|switch|p2b: Gholdengo|Gholdengo, L50|100/100
|-weather|Snowscape|[from] ability: Snow Warning|[of] p2a: Ninetales
|-ability|p1a: Incineroar|Intimidate|boost
|-unboost|p2a: Ninetales|atk|1
|-unboost|p2b: Gholdengo|atk|1
|turn|1
|
|t:|1756356023
|move|p2b: Gholdengo|Protect|p2b: Gholdengo
|-singleturn|p2b: Gholdengo|Protect
|move|p1b: Sneasler|Dire Claw|p2a: Ninetales
|-supereffective|p2a: Ninetales
|-damage|p2a: Ninetales|39/100
|move|p2a: Ninetales|Aurora Veil|p2a: Ninetales
|-sidestart|p2: nwjns999|move: Aurora Veil
|move|p1a: Incineroar|Knock Off|p2b: Gholdengo
|-activate|p2b: Gholdengo|move: Protect
|
|-weather|Snowscape|[upkeep]
|upkeep
|turn|2
|
|t:|1756356040
|-terastallize|p2b: Gholdengo|Dragon
|move|p1b: Sneasler|Dire Claw|p2a: Ninetales
|-supereffective|p2a: Ninetales
|-damage|p2a: Ninetales|0 fnt
|faint|p2a: Ninetales
|move|p2b: Gholdengo|Nasty Plot|p2b: Gholdengo
|-boost|p2b: Gholdengo|spa|2
|move|p1a: Incineroar|Flare Blitz|p2b: Gholdengo
|-resisted|p2b: Gholdengo
|-damage|p2b: Gholdengo|78/100
|-damage|p1a: Incineroar|94/100|[from] Recoil
|
|-weather|Snowscape|[upkeep]
|upkeep
|
|t:|1756356047
|switch|p2a: Sneasler|Sneasler, L50, F|100/100
|turn|3
|inactive|LooDeecolo has 30 seconds left.
|inactive|LooDeecolo has 20 seconds left.
|inactive|LooDeecolo has 15 seconds left.
|
|t:|1756356088
|-terastallize|p1a: Incineroar|Ghost
|move|p1b: Sneasler|Close Combat|p2b: Gholdengo
|-damage|p2b: Gholdengo|27/100
|-unboost|p1b: Sneasler|def|1
|-unboost|p1b: Sneasler|spd|1
|-status|p2b: Gholdengo|psn|[from] ability: Poison Touch|[of] p1b: Sneasler
|move|p2a: Sneasler|Close Combat|p1a: Incineroar
|-immune|p1a: Incineroar
|move|p2b: Gholdengo|Make It Rain|p1b: Sneasler|[spread] p1a,p1b
|-crit|p1b: Sneasler
|-damage|p1a: Incineroar|21/100
|-enditem|p1b: Sneasler|Focus Sash
|-damage|p1b: Sneasler|1/100
|-unboost|p2b: Gholdengo|spa|1
|move|p1a: Incineroar|Knock Off|p2b: Gholdengo
|-damage|p2b: Gholdengo|0 fnt
|-enditem|p2b: Gholdengo|Metal Coat|[from] move: Knock Off|[of] p1a: Incineroar
|faint|p2b: Gholdengo
|
|-weather|Snowscape|[upkeep]
|upkeep
|
|t:|1756356091
|switch|p2b: Dragonite|Dragonite, L50, F|100/100
|turn|4
|inactive|LooDeecolo has 30 seconds left.
|inactive|LooDeecolo has 20 seconds left.
|inactive|LooDeecolo has 15 seconds left.
|
|t:|1756356132
|switch|p1b: Dragonite|Dragonite, L50, F|100/100
|switch|p1a: Gholdengo|Gholdengo, L50|100/100
|move|p2b: Dragonite|Extreme Speed|p1b: Dragonite
|-damage|p1b: Dragonite|86/100
|move|p2a: Sneasler|Dire Claw|p1a: Gholdengo
|-immune|p1a: Gholdengo
|
|-weather|Snowscape|[upkeep]
|upkeep
|turn|5
|inactive|LooDeecolo has 30 seconds left.
|
|t:|1756356164
|move|p2a: Sneasler|Coaching|p2b: Dragonite
|-boost|p2b: Dragonite|atk|1
|-boost|p2b: Dragonite|def|1
|move|p2b: Dragonite|Scale Shot|p1b: Dragonite
|-supereffective|p1b: Dragonite
|-damage|p1b: Dragonite|40/100
|-supereffective|p1b: Dragonite
|-damage|p1b: Dragonite|0 fnt
|faint|p1b: Dragonite
|-hitcount|p1: Dragonite|2
|-unboost|p2b: Dragonite|def|1
|-boost|p2b: Dragonite|spe|1
|move|p1a: Gholdengo|Nasty Plot|p1a: Gholdengo
|-boost|p1a: Gholdengo|spa|2
|
|-weather|none
|-sideend|p2: nwjns999|move: Aurora Veil
|upkeep
|
|t:|1756356174
|switch|p1b: Incineroar|Incineroar, L50, M, tera:Ghost|21/100
|-ability|p1b: Incineroar|Intimidate|boost
|-unboost|p2a: Sneasler|atk|1
|-unboost|p2b: Dragonite|atk|1
|turn|6
|inactive|LooDeecolo has 30 seconds left.
|
|t:|1756356199
|move|p2b: Dragonite|Protect|p2b: Dragonite
|-singleturn|p2b: Dragonite|Protect
|move|p1b: Incineroar|Fake Out|p2a: Sneasler
|-damage|p2a: Sneasler|76/100
|cant|p2a: Sneasler|flinch
|move|p1a: Gholdengo|Make It Rain|p2b: Dragonite|[spread] p2a
|-activate|p2b: Dragonite|move: Protect
|-damage|p2a: Sneasler|0 fnt
|-unboost|p1a: Gholdengo|spa|1
|faint|p2a: Sneasler
|-damage|p1a: Gholdengo|91/100|[from] item: Life Orb
|
|upkeep
|turn|7
|inactive|LooDeecolo has 30 seconds left.
|
|t:|1756356227
|switch|p1b: Sneasler|Sneasler, L50, F|1/100
|move|p1a: Gholdengo|Protect|p1a: Gholdengo
|-singleturn|p1a: Gholdengo|Protect
|move|p2b: Dragonite|Scale Shot|p1b: Sneasler
|-damage|p1b: Sneasler|0 fnt
|faint|p1b: Sneasler
|-hitcount|p1: Sneasler|1
|-unboost|p2b: Dragonite|def|1
|-boost|p2b: Dragonite|spe|1
|
|upkeep
|
|t:|1756356235
|switch|p1b: Incineroar|Incineroar, L50, M, tera:Ghost|21/100
|-ability|p1b: Incineroar|Intimidate|boost
|-unboost|p2b: Dragonite|atk|1
|turn|8
|
|t:|1756356244
|move|p2b: Dragonite|Protect|p2b: Dragonite
|-singleturn|p2b: Dragonite|Protect
|move|p1b: Incineroar|Fake Out|p2b: Dragonite
|-activate|p2b: Dragonite|move: Protect
|move|p1a: Gholdengo|Make It Rain|p2b: Dragonite
|-activate|p2b: Dragonite|move: Protect
|
|upkeep
|turn|9
|
|t:|1756356256
|move|p2b: Dragonite|Stomping Tantrum|p1b: Incineroar
|-damage|p1b: Incineroar|3/100
|move|p1a: Gholdengo|Make It Rain|p2b: Dragonite
|-damage|p2b: Dragonite|23/100
|-unboost|p1a: Gholdengo|spa|1
|-damage|p1a: Gholdengo|82/100|[from] item: Life Orb
|move|p1b: Incineroar|Knock Off|p2b: Dragonite
|-damage|p2b: Dragonite|0 fnt
|-enditem|p2b: Dragonite|Loaded Dice|[from] move: Knock Off|[of] p1b: Incineroar
|faint|p2b: Dragonite
|
|win|LooDeecolo
|raw|LooDeecolo's rating: 1059 → 1097(+38 for winning)
|raw|nwjns999's rating: 1137 → 1106(-31 for losing)
|l|☆nwjns999
|player|p2|
