|j|â˜†mertering
|j|â˜†MetaphorCrazyMonk
|html|merteringMetaphorCrazyMonk    
|uhtml|bestof|Game 1 of a best-of-3
|t:|1786194144
|gametype|doubles
|player|p1|mertering|steven|1355
|player|p2|MetaphorCrazyMonk|265|1287
|gen|9
|tier|[Gen 9 Champions] VGC 2026 Reg M-B (Bo3)
|rated|
|rule|Species Clause: Limit one of each PokÃ©mon
|rule|Item Clause: Limit 1 of each item
|clearpoke
|poke|p1|Delphox, L50, M|
|poke|p1|Whimsicott, L50, M|
|poke|p1|Basculegion, L50, M|
|poke|p1|Staraptor, L50, F|
|poke|p1|Garchomp, L50, F|
|poke|p1|Kingambit, L50, F|
|poke|p2|Starmie, L50, shiny|
|poke|p2|Blaziken, L50, M|
|poke|p2|Kingambit, L50, M|
|poke|p2|Garchomp, L50, M|
|poke|p2|Clefable, L50, F|
|poke|p2|Farigiraf, L50, M|
|teampreview|4
|showteam|p1|Delphox||Delphoxite|Blaze|HeatWave,Psychic,Encore,Protect|Modest||M|||50|]Whimsicott||OccaBerry|Prankster|Moonblast,FakeTears,Tailwind,Charm|Bold||M|||50|]Basculegion||FocusSash|Adaptability|Liquidation,LastRespects,AquaJet,Protect|Adamant||M|||50|]Staraptor||Staraptite|Intimidate|CloseCombat,BraveBird,Roost,Protect|Adamant||F|||50|]Garchomp||LifeOrb|RoughSkin|Earthquake,RockSlide,DragonClaw,Protect|Jolly||F|||50|]Kingambit||ChopleBerry|Defiant|KowtowCleave,SuckerPunch,IronHead,LowKick|Adamant||F|||50|
|showteam|p2|Starmie||Starminite|Illuminate|Liquidation,ZenHeadbutt,IceSpinner,Protect|Jolly|||||50|]Blaziken||FocusSash|SpeedBoost|Overheat,AuraSphere,Coaching,Protect|Timid||M|||50|]Kingambit||ChopleBerry|Defiant|KowtowCleave,IronHead,SuckerPunch,Protect|Adamant||M|||50|]Garchomp||LifeOrb|RoughSkin|DragonClaw,StompingTantrum,RockSlide,Protect|Jolly||M|||50|]Clefable||SitrusBerry|Unaware|Moonblast,IcyWind,FollowMe,Protect|Bold||F|||50|]Farigiraf||ColburBerry|ArmorTail|TwinBeam,Roar,TrickRoom,HelpingHand|Bold||M|||50|
|inactive|Battle timer is ON: inactive players will automatically lose when time's up. (requested by mertering)
|inactive|mertering has 60 seconds left.
|inactive|MetaphorCrazyMonk has 60 seconds left.
|inactive|MetaphorCrazyMonk has 30 seconds left.
|inactive|MetaphorCrazyMonk has 20 seconds left.
|inactive|MetaphorCrazyMonk has 15 seconds left.
|inactive|MetaphorCrazyMonk has 10 seconds left.
|inactive|MetaphorCrazyMonk has 5 seconds left.
|
|t:|1786194234
|teamsize|p1|4
|teamsize|p2|4
|start
|switch|p1a: Staraptor|Staraptor, L50, F|100/100
|switch|p1b: Whimsicott|Whimsicott, L50, M|100/100
|switch|p2a: Vegapunk|Starmie, L50, shiny|100/100
|switch|p2b: Far West|Farigiraf, L50, M|100/100
|-ability|p1a: Staraptor|Intimidate|boost
|-unboost|p2a: Vegapunk|atk|1
|-unboost|p2b: Far West|atk|1
|turn|1
|
|t:|1786194254
|detailschange|p2a: Vegapunk|Starmie-Mega, L50, shiny
|-mega|p2a: Vegapunk|Starmie|Starminite
|detailschange|p1a: Staraptor|Staraptor-Mega, L50, F
|-mega|p1a: Staraptor|Staraptor|Staraptite
|move|p2b: Far West|Helping Hand|p2a: Vegapunk
|-singleturn|p2a: Vegapunk|Helping Hand|[of] p2b: Far West
|move|p1b: Whimsicott|Charm|p1a: Staraptor
|-boost|p1a: Staraptor|atk|2
|move|p2a: Vegapunk|Zen Headbutt|p1a: Staraptor
|-supereffective|p1a: Staraptor|1
|-damage|p1a: Staraptor|0 fnt
|faint|p1a: Staraptor
|
|upkeep
|
|t:|1786194273
|switch|p1a: Basculegion|Basculegion, L50, M|100/100
|turn|2
|
|t:|1786194286
|move|p2a: Vegapunk|Ice Spinner|p1b: Whimsicott
|-supereffective|p1b: Whimsicott|1
|-damage|p1b: Whimsicott|44/100
|move|p1b: Whimsicott|Moonblast|p2b: Far West
|-damage|p2b: Far West|74/100
|move|p1a: Basculegion|Liquidation|p2b: Far West
|-damage|p2b: Far West|27/100
|move|p2b: Far West|Trick Room|p2b: Far West
|-fieldstart|move: Trick Room|[of] p2b: Far West
|
|upkeep
|turn|3
|
|t:|1786194308
|switch|p2a: Apache Kid|Kingambit, L50, M|100/100
|move|p2b: Far West|Twin Beam|p1b: Whimsicott
|-damage|p1b: Whimsicott|25/100
|-crit|p1b: Whimsicott
|-damage|p1b: Whimsicott|0 fnt
|faint|p1b: Whimsicott
|-hitcount|p1: Whimsicott|2
|move|p1a: Basculegion|Liquidation|p2a: Apache Kid
|-damage|p2a: Apache Kid|60/100
|-unboost|p2a: Apache Kid|def|1
|-ability|p2a: Apache Kid|Defiant|boost
|-boost|p2a: Apache Kid|atk|2
|
|upkeep
|
|t:|1786194321
|switch|p1b: Garchomp|Garchomp, L50, F|100/100
|turn|4
|
|t:|1786194343
|move|p1b: Garchomp|Protect|p1b: Garchomp
|-singleturn|p1b: Garchomp|Protect
|move|p2a: Apache Kid|Kowtow Cleave|p1a: Basculegion
|-supereffective|p1a: Basculegion|1
|-enditem|p1a: Basculegion|Focus Sash
|-damage|p1a: Basculegion|1/100
|move|p2b: Far West|Twin Beam|p1b: Garchomp
|-activate|p1b: Garchomp|move: Protect
|move|p1a: Basculegion|Liquidation|p2a: Apache Kid
|-damage|p2a: Apache Kid|0 fnt
|faint|p2a: Apache Kid
|
|upkeep
|
|t:|1786194352
|switch|p2a: Al Mattone|Blaziken, L50, M|100/100
|turn|5
|
|t:|1786194364
|move|p1a: Basculegion|Protect|p1a: Basculegion
|-singleturn|p1a: Basculegion|Protect
|move|p2b: Far West|Twin Beam|p1a: Basculegion
|-activate|p1a: Basculegion|move: Protect
|move|p2a: Al Mattone|Aura Sphere|p1b: Garchomp
|-damage|p1b: Garchomp|59/100
|move|p1b: Garchomp|Earthquake|p2b: Far West|[spread] p2a,p2b
|-activate|p1a: Basculegion|move: Protect
|-supereffective|p2a: Al Mattone|1
|-enditem|p2a: Al Mattone|Focus Sash
|-damage|p2a: Al Mattone|1/100
|-damage|p2b: Far West|0 fnt
|faint|p2b: Far West
|-damage|p1b: Garchomp|49/100|[from] item: Life Orb
|
|-ability|p2a: Al Mattone|Speed Boost|boost
|-boost|p2a: Al Mattone|spe|1
|upkeep
|
|t:|1786194366
|switch|p2b: Vegapunk|Starmie-Mega, L50, shiny|100/100
|turn|6
|
|t:|1786194385
|move|p2b: Vegapunk|Protect|p2b: Vegapunk
|-singleturn|p2b: Vegapunk|Protect
|move|p2a: Al Mattone|Protect|p2a: Al Mattone
|-singleturn|p2a: Al Mattone|Protect
|move|p1a: Basculegion|Last Respects|p2b: Vegapunk
|-activate|p2b: Vegapunk|move: Protect
|move|p1b: Garchomp|Rock Slide|p2a: Al Mattone|[spread] 
|-activate|p2a: Al Mattone|move: Protect
|-activate|p2b: Vegapunk|move: Protect
|
|-fieldend|move: Trick Room
|-ability|p2a: Al Mattone|Speed Boost|boost
|-boost|p2a: Al Mattone|spe|1
|upkeep
|turn|7
|inactive|mertering has 30 seconds left.
|
|t:|1786194417
|move|p1a: Basculegion|Aqua Jet|p2a: Al Mattone
|-supereffective|p2a: Al Mattone|1
|-damage|p2a: Al Mattone|0 fnt
|faint|p2a: Al Mattone
|move|p2b: Vegapunk|Ice Spinner|p1b: Garchomp
|-supereffective|p1b: Garchomp|2
|-damage|p1b: Garchomp|0 fnt
|-damage|p2b: Vegapunk|87/100|[from] ability: Rough Skin|[of] p1b: Garchomp
|faint|p1b: Garchomp
|
|upkeep
|turn|8
|
|t:|1786194426
|move|p2b: Vegapunk|Liquidation|p1a: Basculegion
|-resisted|p1a: Basculegion|1
|-damage|p1a: Basculegion|0 fnt
|faint|p1a: Basculegion
|
|win|MetaphorCrazyMonk
||mertering is ready for game 2.
|inactive|MetaphorCrazyMonk has 30 seconds to confirm battle start!
||MetaphorCrazyMonk is ready for game 2.
|uhtml|next|Next: Game 2 of 3
