|j|☆cagosullapizza
|j|☆endK649
|html|cagosullapizzaendK649    
|uhtml|bestof|Game 3 of a best-of-3
|t:|1756386772
|gametype|doubles
|player|p1|cagosullapizza|101|1159
|player|p2|endK649|265|1152
|gen|9
|tier|[Gen 9] VGC 2025 Reg H (Bo3)
|rated|
|rule|Species Clause: Limit one of each Pokémon
|rule|Item Clause: Limit 1 of each item
|clearpoke
|poke|p1|Espeon, L50, M|
|poke|p1|Indeedee-F, L50, F|
|poke|p1|Conkeldurr, L50, F|
|poke|p1|Porygon2, L50|
|poke|p1|Magnezone, L50|
|poke|p1|Ursaluna-Bloodmoon, L50, M|
|poke|p2|Feraligatr, L50, F|
|poke|p2|Gholdengo, L50|
|poke|p2|Politoed, L50, F|
|poke|p2|Amoonguss, L50, M|
|poke|p2|Rillaboom, L50, M|
|poke|p2|Incineroar, L50, F|
|teampreview|4
|showteam|p1|Espeon||FocusSash|MagicBounce|PowerGem,ExpandingForce,GrassKnot,Protect|||M|||50|,,,,,Psychic]Indeedee-F||RockyHelmet|PsychicSurge|Psychic,TrickRoom,FollowMe,HelpingHand|||F|||50|,,,,,Psychic]Conkeldurr||FlameOrb|Guts|DrainPunch,IcePunch,MachPunch,Protect|||F|||50|,,,,,Psychic]Porygon2||Eviolite|Download|TrickRoom,TeraBlast,IceBeam,Recover||||||50|,,,,,Ground]Magnezone||ChoiceScarf|Sturdy|VoltSwitch,Thunderbolt,FlashCannon,Discharge||||||50|,,,,,Electric]Ursaluna-Bloodmoon||LifeOrb|MindsEye|BloodMoon,EarthPower,HyperVoice,Protect|||M|||50|,,,,,Normal
|showteam|p2|Feraligatr||LifeOrb|SheerForce|Liquidation,Crunch,DragonDance,Protect|||F|||50|,,,,,Dark]Gholdengo||Leftovers|GoodasGold|MakeItRain,ShadowBall,NastyPlot,Protect||||||50|,,,,,Dragon]Politoed||SitrusBerry|Drizzle|WeatherBall,IcyWind,Mist,Protect|||F|||50|,,,,,Grass]Amoonguss||CovertCloak|Regenerator|PollenPuff,Spore,RagePowder,Protect|||M|||50|,,,,,Water]Rillaboom||AssaultVest|GrassySurge|WoodHammer,GrassyGlide,FakeOut,Uturn|||M|||50|,,,,,Fire]Incineroar||SafetyGoggles|Intimidate|KnockOff,FakeOut,Taunt,PartingShot|||F|||50|,,,,,Ghost
|inactive|Battle timer is ON: inactive players will automatically lose when time's up. (requested by cagosullapizza)
|inactive|endK649 has 60 seconds left.
|
|t:|1756386830
|teamsize|p1|4
|teamsize|p2|4
|start
|switch|p1a: Indeedee|Indeedee-F, L50, F|100/100
|switch|p1b: Ursaluna|Ursaluna-Bloodmoon, L50, M|100/100
|switch|p2a: Incineroar|Incineroar, L50, F, shiny|100/100
|switch|p2b: Feraligatr|Feraligatr, L50, F, shiny|100/100
|-fieldstart|move: Psychic Terrain|[from] ability: Psychic Surge|[of] p1a: Indeedee
|-ability|p2a: Incineroar|Intimidate|boost
|-unboost|p1a: Indeedee|atk|1
|-unboost|p1b: Ursaluna|atk|1
|turn|1
|l|☆cagosullapizza
|inactive|cagosullapizza disconnected and has a minute to reconnect!
|player|p1|
|inactive|cagosullapizza has 30 seconds left.
|inactive|endK649 has 30 seconds left.
|j|☆cagosullapizza
|inactive|cagosullapizza reconnected and has 25 seconds left.
|player|p1|cagosullapizza|101|
|inactive|cagosullapizza has 20 seconds left.
|inactive|cagosullapizza has 15 seconds left.
|inactive|cagosullapizza has 10 seconds left.
|
|t:|1756386877
|move|p1b: Ursaluna|Protect|p1b: Ursaluna
|-singleturn|p1b: Ursaluna|Protect
|move|p2b: Feraligatr|Dragon Dance|p2b: Feraligatr
|-boost|p2b: Feraligatr|atk|1
|-boost|p2b: Feraligatr|spe|1
|move|p1a: Indeedee|Psychic|p2b: Feraligatr
|-damage|p2b: Feraligatr|56/100
|move|p2a: Incineroar|Taunt|p1a: Indeedee
|-start|p1a: Indeedee|move: Taunt
|
|upkeep
|turn|2
|
|t:|1756386894
|-terastallize|p2b: Feraligatr|Dark
|move|p2b: Feraligatr|Liquidation|p1b: Ursaluna
|-supereffective|p1b: Ursaluna
|-damage|p1b: Ursaluna|0 fnt
|faint|p1b: Ursaluna
|move|p1a: Indeedee|Psychic|p2b: Feraligatr
|-immune|p2b: Feraligatr
|move|p2a: Incineroar|Parting Shot|p1a: Indeedee
|-unboost|p1a: Indeedee|atk|1
|-unboost|p1a: Indeedee|spa|1
|
|t:|1756386901
|switch|p2a: Rillaboom|Rillaboom, L50, M, shiny|100/100|[from] Parting Shot
|-fieldstart|move: Grassy Terrain|[from] ability: Grassy Surge|[of] p2a: Rillaboom
|
|-heal|p2b: Feraligatr|62/100|[from] Grassy Terrain
|upkeep
|
|t:|1756386906
|switch|p1b: Magnezone|Magnezone, L50|100/100
|turn|3
|
|t:|1756386915
|switch|p1a: Espeon|Espeon, L50, M|100/100
|-terastallize|p1b: Magnezone|Electric
|move|p2a: Rillaboom|Fake Out|p1b: Magnezone
|-damage|p1b: Magnezone|87/100
|move|p2b: Feraligatr|Liquidation|p1a: Espeon
|-enditem|p1a: Espeon|Focus Sash
|-damage|p1a: Espeon|1/100
|cant|p1b: Magnezone|flinch
|
|-heal|p2b: Feraligatr|68/100|[from] Grassy Terrain
|-heal|p1b: Magnezone|93/100|[from] Grassy Terrain
|-heal|p1a: Espeon|7/100|[from] Grassy Terrain
|upkeep
|turn|4
|
|t:|1756386926
|switch|p1a: Indeedee|Indeedee-F, L50, F|100/100
|-fieldstart|move: Psychic Terrain|[from] ability: Psychic Surge|[of] p1a: Indeedee
|move|p2b: Feraligatr|Protect|p2b: Feraligatr
|-singleturn|p2b: Feraligatr|Protect
|move|p1b: Magnezone|Thunderbolt|p2b: Feraligatr
|-activate|p2b: Feraligatr|move: Protect
|move|p2a: Rillaboom|U-turn|p1a: Indeedee
|-supereffective|p1a: Indeedee
|-damage|p1a: Indeedee|58/100
|-damage|p2a: Rillaboom|84/100|[from] item: Rocky Helmet|[of] p1a: Indeedee
|
|t:|1756386928
|switch|p2a: Incineroar|Incineroar, L50, F, shiny|100/100|[from] U-turn
|-ability|p2a: Incineroar|Intimidate|boost
|-unboost|p1a: Indeedee|atk|1
|-unboost|p1b: Magnezone|atk|1
|
|upkeep
|turn|5
|
|t:|1756386944
|move|p1a: Indeedee|Helping Hand|p1b: Magnezone
|-singleturn|p1b: Magnezone|Helping Hand|[of] p1a: Indeedee
|move|p2b: Feraligatr|Liquidation|p1b: Magnezone
|-damage|p1b: Magnezone|0 fnt
|faint|p1b: Magnezone
|move|p2a: Incineroar|Parting Shot|p1a: Indeedee
|-unboost|p1a: Indeedee|atk|1
|-unboost|p1a: Indeedee|spa|1
|
|t:|1756386948
|switch|p2a: Rillaboom|Rillaboom, L50, M, shiny|84/100|[from] Parting Shot
|-fieldstart|move: Grassy Terrain|[from] ability: Grassy Surge|[of] p2a: Rillaboom
|
|-heal|p2b: Feraligatr|74/100|[from] Grassy Terrain
|-heal|p2a: Rillaboom|90/100|[from] Grassy Terrain
|-heal|p1a: Indeedee|64/100|[from] Grassy Terrain
|upkeep
|-message|cagosullapizza forfeited.
|
|win|endK649
|raw|cagosullapizza's rating: 1159 → 1133(-26 for losing)
|raw|endK649's rating: 1152 → 1178(+26 for winning)
|l|☆cagosullapizza
|player|p1|
