|j|☆swarley3000
|j|☆a year without
|html|swarley3000a year without    
|uhtml|bestof|Game 2 of a best-of-3
|t:|1785790847
|gametype|doubles
|player|p1|swarley3000|arven-s|1246
|player|p2|a year without|hiker-gen4|1221
|gen|9
|tier|[Gen 9 Champions] VGC 2026 Reg M-B (Bo3)
|rated|
|rule|Species Clause: Limit one of each Pokémon
|rule|Item Clause: Limit 1 of each item
|clearpoke
|poke|p1|Raichu, L50, F|
|poke|p1|Staraptor, L50, F|
|poke|p1|Arcanine-Hisui, L50, M|
|poke|p1|Farigiraf, L50, M|
|poke|p1|Sylveon, L50, F|
|poke|p1|Kingambit, L50, M|
|poke|p2|Whimsicott, L50, F, shiny|
|poke|p2|Basculegion, L50, M, shiny|
|poke|p2|Kingambit, L50, F|
|poke|p2|Floette-Eternal, L50, F|
|poke|p2|Garchomp, L50, F, shiny|
|poke|p2|Charizard, L50, F, shiny|
|teampreview|4
|showteam|p1|Raichu||RaichuniteY|LightningRod|ZapCannon,FocusBlast,FakeOut,Protect|Timid||F|||50|]Staraptor||Staraptite|Intimidate|CloseCombat,DualWingbeat,Tailwind,Protect|Jolly||F|||50|]Arcanine-Hisui||FocusSash|RockHead|FlareBlitz,HeadSmash,ExtremeSpeed,Protect|Jolly||M|||50|]Farigiraf||SitrusBerry|ArmorTail|Psychic,HelpingHand,TrickRoom,Protect|Calm||M|||50|]Sylveon||FairyFeather|Pixilate|HyperVoice,QuickAttack,HyperBeam,Detect|Modest||F|||50|]Kingambit||LifeOrb|Defiant|KowtowCleave,SuckerPunch,SwordsDance,Protect|Adamant||M|||50|
|showteam|p2|Whimsicott||FocusSash|Prankster|Protect,Moonblast,Tailwind,Encore|Timid||F|||50|]Basculegion||MysticWater|Adaptability|WaveCrash,Protect,LastRespects,AquaJet|Adamant||M|||50|]Kingambit||ChopleBerry|Defiant|KowtowCleave,LowKick,SuckerPunch,IronHead|Adamant||F|||50|]Floette-Eternal||Floettite|FlowerVeil|DazzlingGleam,Moonblast,LightofRuin,Protect|Timid||F|||50|]Garchomp||LifeOrb|RoughSkin|RockSlide,StompingTantrum,DragonClaw,Protect|Jolly||F|||50|]Charizard||CharizarditeY|Blaze|HeatWave,SolarBeam,WeatherBall,Protect|Modest||F|||50|
|inactive|Battle timer is ON: inactive players will automatically lose when time's up. (requested by swarley3000)
|
|t:|1785790861
|teamsize|p1|4
|teamsize|p2|4
|start
|switch|p1a: Staraptor|Staraptor, L50, F|100/100
|switch|p1b: Sylveon|Sylveon, L50, F|100/100
|switch|p2a: Charizard|Charizard, L50, F, shiny|100/100
|switch|p2b: Whimsicott|Whimsicott, L50, F, shiny|100/100
|-ability|p1a: Staraptor|Intimidate|boost
|-unboost|p2a: Charizard|atk|1
|-unboost|p2b: Whimsicott|atk|1
|turn|1
|
|t:|1785790881
|switch|p1b: Arcanine|Arcanine-Hisui, L50, M|100/100
|detailschange|p1a: Staraptor|Staraptor-Mega, L50, F
|-mega|p1a: Staraptor|Staraptor|Staraptite
|detailschange|p2a: Charizard|Charizard-Mega-Y, L50, F, shiny
|-mega|p2a: Charizard|Charizard|Charizardite Y
|-weather|SunnyDay|[from] ability: Drought|[of] p2a: Charizard
|move|p2b: Whimsicott|Moonblast|p1a: Staraptor
|-supereffective|p1a: Staraptor|1
|-damage|p1a: Staraptor|14/100
|move|p1a: Staraptor|Tailwind|p1a: Staraptor
|-sidestart|p1: swarley3000|move: Tailwind
|move|p2a: Charizard|Weather Ball|p1a: Staraptor
|-damage|p1a: Staraptor|0 fnt
|faint|p1a: Staraptor
|
|-weather|SunnyDay|[upkeep]
|upkeep
|
|t:|1785790893
|switch|p1a: Sylveon|Sylveon, L50, F|100/100
|turn|2
|
|t:|1785790898
|move|p2a: Charizard|Protect|p2a: Charizard
|-singleturn|p2a: Charizard|Protect
|move|p2b: Whimsicott|Tailwind|p2b: Whimsicott
|-sidestart|p2: a year without|move: Tailwind
|move|p1b: Arcanine|Head Smash|p2a: Charizard
|-activate|p2a: Charizard|move: Protect
|move|p1a: Sylveon|Hyper Voice|p2b: Whimsicott|[spread] p2b
|-activate|p2a: Charizard|move: Protect
|-damage|p2b: Whimsicott|22/100
|
|-weather|SunnyDay|[upkeep]
|upkeep
|turn|3
|
|t:|1785790914
|move|p2b: Whimsicott|Moonblast|p1a: Sylveon
|-damage|p1a: Sylveon|73/100
|move|p1b: Arcanine|Head Smash|p2a: Charizard|[miss]
|-miss|p1b: Arcanine|p2a: Charizard
|move|p2a: Charizard|Heat Wave|p1b: Arcanine|[spread] p1a,p1b
|-resisted|p1b: Arcanine|2
|-damage|p1a: Sylveon|28/100
|-damage|p1b: Arcanine|80/100
|move|p1a: Sylveon|Hyper Voice|p2b: Whimsicott|[spread] p2a,p2b
|-resisted|p2a: Charizard|1
|-crit|p2b: Whimsicott
|-damage|p2a: Charizard|78/100
|-damage|p2b: Whimsicott|0 fnt
|faint|p2b: Whimsicott
|
|-weather|SunnyDay|[upkeep]
|upkeep
|
|t:|1785790925
|switch|p2b: Garchomp|Garchomp, L50, F, shiny|100/100
|turn|4
|
|t:|1785790937
|switch|p1a: Farigiraf|Farigiraf, L50, M|100/100
|move|p1b: Arcanine|Protect|p1b: Arcanine
|-singleturn|p1b: Arcanine|Protect
|move|p2b: Garchomp|Stomping Tantrum|p1b: Arcanine
|-activate|p1b: Arcanine|move: Protect
|move|p2a: Charizard|Weather Ball|p1a: Farigiraf
|-damage|p1a: Farigiraf|25/100
|-enditem|p1a: Farigiraf|Sitrus Berry|[eat]
|-heal|p1a: Farigiraf|50/100y|[from] item: Sitrus Berry
|
|-weather|SunnyDay|[upkeep]
|-sideend|p1: swarley3000|move: Tailwind
|upkeep
|turn|5
|-message|swarley3000 forfeited.
|
|win|a year without
