|j|☆Kinyachta
|j|☆angusgrind13
|html|Kinyachtaangusgrind13    
|uhtml|bestof|Game 1 of a best-of-3
|t:|1784819025
|gametype|doubles
|player|p1|Kinyachta|2|1208
|player|p2|angusgrind13|steven|1162
|gen|9
|tier|[Gen 9 Champions] VGC 2026 Reg M-B (Bo3)
|rated|
|rule|Species Clause: Limit one of each Pokémon
|rule|Item Clause: Limit 1 of each item
|clearpoke
|poke|p1|Tyranitar, L50, F|
|poke|p1|Sneasler, L50, F|
|poke|p1|Gardevoir, L50, F|
|poke|p1|Garchomp, L50, M|
|poke|p1|Whimsicott, L50, F|
|poke|p1|Sinistcha-Masterpiece, L50|
|poke|p2|Primarina, L50, F|
|poke|p2|Kingambit, L50, M|
|poke|p2|Froslass, L50, F|
|poke|p2|Sneasler, L50, F|
|poke|p2|Lycanroc-Dusk, L50, F|
|poke|p2|Dragonite, L50, M|
|teampreview|4
|showteam|p1|Tyranitar||Tyranitarite|SandStream|Protect,DragonDance,RockSlide,KnockOff|Jolly||F|||50|]Sneasler||WhiteHerb|Unburden|CloseCombat,Protect,DireClaw,Coaching|Adamant||F|||50|]Gardevoir||Gardevoirite|Trace|HyperVoice,CalmMind,Protect,Psyshock|Modest||F|||50|]Garchomp||LifeOrb|RoughSkin|RockSlide,Earthquake,DragonClaw,Protect|Adamant||M|||50|]Whimsicott||FocusSash|Prankster|Protect,Tailwind,Encore,Moonblast|Calm||F|||50|]Sinistcha-Masterpiece||ColburBerry|Hospitality|StrengthSap,RagePowder,MatchaGotcha,TrickRoom|Bold|||||50|
|showteam|p2|Primarina||LifeOrb|LiquidVoice|HyperVoice,Moonblast,Haze,Protect|Modest||F|||50|]Kingambit||BlackGlasses|Defiant|KowtowCleave,SuckerPunch,SwordsDance,Protect|Adamant||M|||50|]Froslass||Froslassite|CursedBody|Blizzard,ShadowBall,AuroraVeil,Protect|Timid||F|||50|]Sneasler||WhiteHerb|Unburden|GunkShot,CloseCombat,FakeOut,Protect|Adamant||F|||50|]Lycanroc-Dusk||FocusSash|ToughClaws|RockSlide,Accelerock,CloseCombat,Protect|Adamant||F|||50|]Dragonite||Dragoninite|Multiscale|DragonPulse,Flamethrower,Tailwind,Protect|Modest||M|||50|
|inactive|Battle timer is ON: inactive players will automatically lose when time's up. (requested by Kinyachta)
|
|t:|1784819089
|teamsize|p1|4
|teamsize|p2|4
|start
|switch|p1a: Sneasler|Sneasler, L50, F|100/100
|switch|p1b: Gardevoir|Gardevoir, L50, F|100/100
|switch|p2a: Froslass|Froslass, L50, F|100/100
|switch|p2b: Sneasler|Sneasler, L50, F|100/100
|-ability|p1b: Gardevoir|Unburden|Trace|[from] ability: Trace|[of] p2b: Sneasler
|turn|1
|
|t:|1784819107
|switch|p1a: Whimsicott|Whimsicott, L50, F|100/100
|detailschange|p2a: Froslass|Froslass-Mega, L50, F
|-mega|p2a: Froslass|Froslass|Froslassite
|-weather|Snowscape|[from] ability: Snow Warning|[of] p2a: Froslass
|move|p1b: Gardevoir|Protect|p1b: Gardevoir
|-singleturn|p1b: Gardevoir|Protect
|move|p2b: Sneasler|Fake Out|p1a: Whimsicott
|-damage|p1a: Whimsicott|84/100
|move|p2a: Froslass|Shadow Ball|p1b: Gardevoir
|-activate|p1b: Gardevoir|move: Protect
|
|-weather|Snowscape|[upkeep]
|upkeep
|turn|2
|inactive|Kinyachta has 30 seconds left.
|
|t:|1784819141
|switch|p2b: Primarina|Primarina, L50, F|100/100
|detailschange|p1b: Gardevoir|Gardevoir-Mega, L50, F
|-mega|p1b: Gardevoir|Gardevoir|Gardevoirite
|move|p1a: Whimsicott|Tailwind|p1a: Whimsicott
|-sidestart|p1: Kinyachta|move: Tailwind
|move|p1b: Gardevoir|Hyper Voice|p2b: Primarina|[spread] p2a,p2b
|-damage|p2a: Froslass|37/100
|-damage|p2b: Primarina|42/100
|move|p2a: Froslass|Blizzard|p1a: Whimsicott|[spread] p1a,p1b
|-supereffective|p1a: Whimsicott|1
|-damage|p1a: Whimsicott|0 fnt
|-damage|p1b: Gardevoir|67/100
|-status|p1b: Gardevoir|frz
|faint|p1a: Whimsicott
|
|-weather|Snowscape|[upkeep]
|upkeep
|c|☆Kinyachta|of course you get bailed
|
|t:|1784819162
|switch|p1a: Sinistcha|Sinistcha-Masterpiece, L50|100/100
|-heal|p1b: Gardevoir|92/100 frz|[from] ability: Hospitality|[of] p1a: Sinistcha
|turn|3
|
|t:|1784819171
|-curestatus|p1b: Gardevoir|frz|[msg]
|move|p1b: Gardevoir|Hyper Voice|p2b: Primarina|[spread] p2a,p2b
|-crit|p2a: Froslass
|-crit|p2b: Primarina
|-damage|p2a: Froslass|0 fnt
|-damage|p2b: Primarina|0 fnt
|faint|p2a: Froslass
|faint|p2b: Primarina
|move|p1a: Sinistcha|Matcha Gotcha|p2: Froslass|[notarget]
|-fail|p1a: Sinistcha
|
|-weather|Snowscape|[upkeep]
|upkeep
|
|t:|1784819175
|switch|p2a: Kingambit|Kingambit, L50, M|100/100
|switch|p2b: Sneasler|Sneasler, L50, F|100/100
|turn|4
|inactive|angusgrind13 has 30 seconds left.
|
|t:|1784819203
|move|p2a: Kingambit|Sucker Punch|p1a: Sinistcha
|-supereffective|p1a: Sinistcha|1
|-enditem|p1a: Sinistcha|Colbur Berry|[eat]
|-enditem|p1a: Sinistcha|Colbur Berry|[weaken]
|-damage|p1a: Sinistcha|64/100
|move|p1b: Gardevoir|Psyshock|p2b: Sneasler
|-supereffective|p2b: Sneasler|2
|-damage|p2b: Sneasler|0 fnt
|faint|p2b: Sneasler
|move|p1a: Sinistcha|Matcha Gotcha|p2a: Kingambit
|-resisted|p2a: Kingambit|1
|-damage|p2a: Kingambit|83/100
|-heal|p1a: Sinistcha|74/100|[from] drain|[of] p2a: Kingambit
|-status|p2a: Kingambit|brn
|
|-weather|Snowscape|[upkeep]
|-damage|p2a: Kingambit|78/100 brn|[from] brn
|upkeep
|turn|5
|-message|angusgrind13 forfeited.
|
|win|Kinyachta
||Kinyachta is ready for game 2.
|inactive|angusgrind13 has 30 seconds to confirm battle start!
||angusgrind13 is ready for game 2.
|uhtml|next|Next: Game 2 of 3
