|j|â˜†negaifreak
|j|â˜†LvisTempest
|html|negaifreakLvisTempest    
|uhtml|bestof|Game 1 of a best-of-3
|t:|1756732085
|gametype|doubles
|player|p1|negaifreak|nate|1121
|player|p2|LvisTempest|silver|1000
|gen|9
|tier|[Gen 9] VGC 2025 Reg H (Bo3)
|rated|
|rule|Species Clause: Limit one of each PokÃ©mon
|rule|Item Clause: Limit 1 of each item
|clearpoke
|poke|p1|Archaludon, L50, M|
|poke|p1|Pelipper, L50, F|
|poke|p1|Grimmsnarl, L50, M|
|poke|p1|Maushold-Four, L50|
|poke|p1|Sinistcha, L50|
|poke|p1|Annihilape, L50, F|
|poke|p2|Sneasler, L50, M|
|poke|p2|Rillaboom, L50, M|
|poke|p2|Incineroar, L50, M|
|poke|p2|Smeargle, L50, M|
|poke|p2|Archaludon, L50, M|
|poke|p2|Whimsicott, L50, F|
|teampreview|4
|showteam|p1|Archaludon||AssaultVest|Stamina|ElectroShot,BodyPress,DragonPulse,FlashCannon|||M|||50|,,,,,Bug]Pelipper||FocusSash|Drizzle|Hurricane,Tailwind,WeatherBall,Protect|||F|||50|,,,,,Ghost]Grimmsnarl||LightClay|Prankster|SpiritBreak,LightScreen,Reflect,MistyTerrain|||M|||50|,,,,,Poison]Maushold-Four||SafetyGoggles|FriendGuard|Taunt,BeatUp,FollowMe,Protect||||||50|,,,,,Ghost]Sinistcha||SitrusBerry|Hospitality|MatchaGotcha,LifeDew,RagePowder,TrickRoom||||||50|,,,,,Fairy]Annihilape||Leftovers|Defiant|RageFist,DrainPunch,BulkUp,Protect|||F|||50|,,,,,Grass
|showteam|p2|Sneasler||GrassySeed|Unburden|SwordsDance,DireClaw,ThroatChop,CloseCombat|||M|||50|,,,,,Fighting]Rillaboom||AssaultVest|GrassySurge|WoodHammer,GrassyGlide,Uturn,FakeOut|||M|||50|,,,,,Grass]Incineroar||SafetyGoggles|Intimidate|KnockOff,PartingShot,Taunt,FakeOut|||M|||50|,,,,,Fire]Smeargle||FocusSash|Moody|FakeOut,Spore,Decorate,HelpingHand|||M|||50|,,,,,Normal]Archaludon||LifeOrb|Stalwart|DracoMeteor,AuraSphere,DarkPulse,FlashCannon|||M|||50|,,,,,Steel]Whimsicott||SitrusBerry|Prankster|Tailwind,FakeTears,HelpingHand,Moonblast|||F|||50|,,,,,Grass
|inactive|Battle timer is ON: inactive players will automatically lose when time's up. (requested by negaifreak)
|c|â˜†negaifreak|GLHF
|c|â˜†LvisTempest|rt
|inactive|negaifreak has 60 seconds left.
|inactive|negaifreak has 30 seconds left.
|inactive|negaifreak has 20 seconds left.
|inactive|negaifreak has 15 seconds left.
|inactive|negaifreak has 10 seconds left.
|
|t:|1756732185
|teamsize|p1|4
|teamsize|p2|4
|start
|switch|p1a: Maushold|Maushold-Four, L50|100/100
|switch|p1b: Annihilape|Annihilape, L50, F|100/100
|switch|p2a: Whimsicott|Whimsicott, L50, F|100/100
|switch|p2b: Incineroar|Incineroar, L50, M|100/100
|-ability|p2b: Incineroar|Intimidate|boost
|-unboost|p1a: Maushold|atk|1
|-unboost|p1b: Annihilape|atk|1
|-ability|p1b: Annihilape|Defiant|boost
|-boost|p1b: Annihilape|atk|2
|turn|1
|inactive|negaifreak has 30 seconds left.
|inactive|negaifreak has 20 seconds left.
|inactive|negaifreak has 15 seconds left.
|inactive|negaifreak has 10 seconds left.
|
|t:|1756732232
|move|p2b: Incineroar|Fake Out|p1a: Maushold
|-damage|p1a: Maushold|81/100
|move|p2a: Whimsicott|Tailwind|p2a: Whimsicott
|-sidestart|p2: LvisTempest|move: Tailwind
|cant|p1a: Maushold|flinch
|move|p1b: Annihilape|Drain Punch|p2b: Incineroar
|-supereffective|p2b: Incineroar
|-damage|p2b: Incineroar|5/100
|
|upkeep
|turn|2
|inactive|LvisTempest has 30 seconds left.
|
|t:|1756732259
|-terastallize|p1b: Annihilape|Grass
|move|p2a: Whimsicott|Helping Hand|p2b: Incineroar
|-singleturn|p2b: Incineroar|Helping Hand|[of] p2a: Whimsicott
|move|p1a: Maushold|Beat Up|p1b: Annihilape
|-crit|p1b: Annihilape
|-damage|p1b: Annihilape|98/100
|-damage|p1b: Annihilape|96/100
|-crit|p1b: Annihilape
|-damage|p1b: Annihilape|93/100
|-damage|p1b: Annihilape|91/100
|-hitcount|p1b: Annihilape|4
|move|p2b: Incineroar|Knock Off|p1b: Annihilape
|-damage|p1b: Annihilape|25/100
|-enditem|p1b: Annihilape|Leftovers|[from] move: Knock Off|[of] p2b: Incineroar
|move|p1b: Annihilape|Rage Fist|p2a: Whimsicott
|-damage|p2a: Whimsicott|0 fnt
|faint|p2a: Whimsicott
|
|upkeep
|
|t:|1756732277
|switch|p2a: Rillaboom|Rillaboom, L50, M|100/100
|-fieldstart|move: Grassy Terrain|[from] ability: Grassy Surge|[of] p2a: Rillaboom
|turn|3
|
|t:|1756732296
|switch|p1a: Grimmsnarl|Grimmsnarl, L50, M|100/100
|move|p1b: Annihilape|Protect|p1b: Annihilape
|-singleturn|p1b: Annihilape|Protect
|move|p2a: Rillaboom|Fake Out|p1b: Annihilape
|-activate|p1b: Annihilape|move: Protect
|move|p2b: Incineroar|Knock Off|p1a: Grimmsnarl
|-resisted|p1a: Grimmsnarl
|-damage|p1a: Grimmsnarl|89/100
|-enditem|p1a: Grimmsnarl|Light Clay|[from] move: Knock Off|[of] p2b: Incineroar
|
|-heal|p2b: Incineroar|11/100|[from] Grassy Terrain
|-heal|p1b: Annihilape|31/100|[from] Grassy Terrain
|-heal|p1a: Grimmsnarl|95/100|[from] Grassy Terrain
|upkeep
|turn|4
|
|t:|1756732318
|move|p1b: Annihilape|Protect||[still]
|-fail|p1b: Annihilape
|move|p1a: Grimmsnarl|Misty Terrain|p1a: Grimmsnarl
|-fieldstart|move: Misty Terrain
|move|p2a: Rillaboom|U-turn|p1b: Annihilape
|-supereffective|p1b: Annihilape
|-damage|p1b: Annihilape|0 fnt
|faint|p1b: Annihilape
|
|t:|1756732326
|switch|p2a: Sneasler|Sneasler, L50, M|100/100|[from] U-turn
|move|p2b: Incineroar|Knock Off|p1a: Grimmsnarl
|-resisted|p1a: Grimmsnarl
|-damage|p1a: Grimmsnarl|87/100
|
|-sideend|p2: LvisTempest|move: Tailwind
|upkeep
|
|t:|1756732335
|switch|p1b: Sinistcha|Sinistcha, L50|100/100
|-heal|p1a: Grimmsnarl|100/100|[from] ability: Hospitality|[of] p1b: Sinistcha
|turn|5
|
|t:|1756732357
|switch|p2b: Rillaboom|Rillaboom, L50, M|100/100
|-fieldstart|move: Grassy Terrain|[from] ability: Grassy Surge|[of] p2b: Rillaboom
|-enditem|p2a: Sneasler|Grassy Seed
|-boost|p2a: Sneasler|def|1|[from] item: Grassy Seed
|move|p1a: Grimmsnarl|Reflect|p1a: Grimmsnarl
|-sidestart|p1: negaifreak|Reflect
|move|p2a: Sneasler|Dire Claw|p1a: Grimmsnarl
|-supereffective|p1a: Grimmsnarl
|-damage|p1a: Grimmsnarl|37/100
|-status|p1a: Grimmsnarl|slp
|move|p1b: Sinistcha|Trick Room|p1b: Sinistcha
|-fieldstart|move: Trick Room|[of] p1b: Sinistcha
|
|-heal|p1a: Grimmsnarl|43/100 slp|[from] Grassy Terrain
|upkeep
|turn|6
|inactive|negaifreak has 30 seconds left.
|
|t:|1756732382
|move|p1b: Sinistcha|Matcha Gotcha|p2b: Rillaboom|[spread] p2a,p2b
|-resisted|p2a: Sneasler
|-resisted|p2b: Rillaboom
|-damage|p2a: Sneasler|77/100
|-damage|p2b: Rillaboom|85/100
|cant|p1a: Grimmsnarl|slp
|move|p2b: Rillaboom|U-turn|p1b: Sinistcha
|-damage|p1b: Sinistcha|85/100
|
|t:|1756732390
|switch|p2b: Incineroar|Incineroar, L50, M|11/100|[from] U-turn
|-ability|p2b: Incineroar|Intimidate|boost
|-unboost|p1a: Grimmsnarl|atk|1
|-unboost|p1b: Sinistcha|atk|1
|move|p2a: Sneasler|Swords Dance|p2a: Sneasler
|-boost|p2a: Sneasler|atk|2
|
|-heal|p1b: Sinistcha|92/100|[from] Grassy Terrain
|-heal|p2b: Incineroar|17/100|[from] Grassy Terrain
|-heal|p1a: Grimmsnarl|49/100 slp|[from] Grassy Terrain
|-heal|p2a: Sneasler|83/100|[from] Grassy Terrain
|upkeep
|turn|7
|inactive|negaifreak has 30 seconds left.
|inactive|LvisTempest has 30 seconds left.
|inactive|negaifreak has 20 seconds left.
|
|t:|1756732426
|-curestatus|p1a: Grimmsnarl|slp|[msg]
|move|p1a: Grimmsnarl|Misty Terrain|p1a: Grimmsnarl
|-fieldstart|move: Misty Terrain
|move|p1b: Sinistcha|Matcha Gotcha|p2a: Sneasler|[spread] p2a,p2b
|-resisted|p2a: Sneasler
|-resisted|p2b: Incineroar
|-damage|p2a: Sneasler|68/100
|-heal|p1b: Sinistcha|98/100|[from] drain|[of] p2a: Sneasler
|-damage|p2b: Incineroar|6/100
|-heal|p1b: Sinistcha|100/100|[from] drain|[of] p2b: Incineroar
|move|p2b: Incineroar|Knock Off|p1b: Sinistcha
|-supereffective|p1b: Sinistcha
|-damage|p1b: Sinistcha|42/100
|-enditem|p1b: Sinistcha|Sitrus Berry|[from] move: Knock Off|[of] p2b: Incineroar
|move|p2a: Sneasler|Dire Claw|p1a: Grimmsnarl
|-supereffective|p1a: Grimmsnarl
|-damage|p1a: Grimmsnarl|0 fnt
|faint|p1a: Grimmsnarl
|
|upkeep
|
|t:|1756732444
|switch|p1a: Maushold|Maushold-Four, L50|81/100
|turn|8
|
|t:|1756732462
|move|p1a: Maushold|Follow Me|p1a: Maushold
|-singleturn|p1a: Maushold|move: Follow Me
|move|p1b: Sinistcha|Matcha Gotcha|p2a: Sneasler|[spread] p2a,p2b
|-resisted|p2a: Sneasler
|-resisted|p2b: Incineroar
|-damage|p2a: Sneasler|51/100
|-heal|p1b: Sinistcha|49/100|[from] drain|[of] p2a: Sneasler
|-damage|p2b: Incineroar|0 fnt
|-heal|p1b: Sinistcha|52/100|[from] drain|[of] p2b: Incineroar
|faint|p2b: Incineroar
|move|p2a: Sneasler|Dire Claw|p1a: Maushold
|-damage|p1a: Maushold|0 fnt
|faint|p1a: Maushold
|
|upkeep
|
|t:|1756732474
|switch|p2b: Rillaboom|Rillaboom, L50, M|85/100
|-fieldstart|move: Grassy Terrain|[from] ability: Grassy Surge|[of] p2b: Rillaboom
|turn|9
|
|t:|1756732488
|move|p1b: Sinistcha|Matcha Gotcha|p2a: Sneasler|[spread] p2b
|-miss|p1b: Sinistcha|p2a: Sneasler
|-resisted|p2b: Rillaboom
|-damage|p2b: Rillaboom|71/100
|-heal|p1b: Sinistcha|59/100|[from] drain|[of] p2b: Rillaboom
|move|p2b: Rillaboom|U-turn|p1b: Sinistcha
|-damage|p1b: Sinistcha|45/100
|move|p2a: Sneasler|Dire Claw|p1b: Sinistcha
|-damage|p1b: Sinistcha|0 fnt
|faint|p1b: Sinistcha
|
|win|LvisTempest
|inactive|negaifreak has 30 seconds to confirm battle start!
|inactive|LvisTempest has 30 seconds to confirm battle start!
||LvisTempest is ready for game 2.
|c|â˜†negaifreak|GG
||negaifreak is ready for game 2.
|uhtml|next|Next: Game 2 of 3
|l|â˜†LvisTempest
|player|p2|
