|j|☆andresbrx
|j|☆naovi
|html|andresbrxnaovi    
|uhtml|bestof|Game 3 of a best-of-3
|t:|1756982518
|gametype|doubles
|player|p1|andresbrx|hiker-gen4|
|player|p2|naovi|101|
|gen|9
|tier|[Gen 9] VGC 2025 Reg H (Bo3)
|rule|Species Clause: Limit one of each Pokémon
|rule|Item Clause: Limit 1 of each item
|clearpoke
|poke|p1|Gholdengo, L50|
|poke|p1|Annihilape, L50, M|
|poke|p1|Archaludon, L50, M|
|poke|p1|Maushold, L50|
|poke|p1|Talonflame, L50, M|
|poke|p1|Tyranitar, L50, F|
|poke|p2|Electabuzz, L50, M|
|poke|p2|Sneasler, L50, F|
|poke|p2|Rillaboom, L50, F|
|poke|p2|Kingambit, L50, M|
|poke|p2|Volcarona, L50, F|
|poke|p2|Dragonite, L50, M|
|teampreview|4
|showteam|p1|Gholdengo||ChoiceSpecs|GoodasGold|ShadowBall,DazzlingGleam,Trick,MakeItRain||||||50|,,,,,Fairy]Annihilape||SafetyGoggles|Defiant|Protect,BulkUp,DrainPunch,RageFist|||M|||50|,,,,,Water]Archaludon||PowerHerb|Sturdy|ElectroShot,DracoMeteor,Protect,FlashCannon|||M|||50|,,,,,Ghost]Maushold||RockyHelmet|FriendGuard|Protect,SuperFang,FollowMe,BeatUp||||||50|,,,,,Grass]Talonflame||CovertCloak|GaleWings|Taunt,Tailwind,DualWingbeat,FlareBlitz|||M|||50|,,,,,Ghost]Tyranitar||AssaultVest|SandStream|TeraBlast,LowKick,KnockOff,RockSlide|||F|||50|,,,,,Flying
|showteam|p2|Electabuzz||Eviolite|VitalSpirit|Thunderbolt,FollowMe,Taunt,Protect|||M|||50|,,,,,Ghost]Sneasler||FocusSash|Unburden|Coaching,DireClaw,Protect,CloseCombat|||F|||50|,,,,,Stellar]Rillaboom||AssaultVest|GrassySurge|HighHorsepower,GrassyGlide,WoodHammer,FakeOut|||F|||50|,,,,,Fire]Kingambit||SafetyGoggles|Defiant|KowtowCleave,SuckerPunch,SwordsDance,Protect|||M|||50|,,,,,Dark]Volcarona||CovertCloak|FlameBody|HeatWave,TeraBlast,QuiverDance,Protect|||F|||50|,,,,,Fairy]Dragonite||LoadedDice|Multiscale|ScaleShot,ExtremeSpeed,Haze,Protect|||M|||50|,,,,,Steel
|
|t:|1756982587
|teamsize|p1|4
|teamsize|p2|4
|start
|switch|p1a: Tyranitar|Tyranitar, L50, F|100/100
|switch|p1b: Gholdengo|Gholdengo, L50|100/100
|switch|p2a: Electabuzz|Electabuzz, L50, M|100/100
|switch|p2b: Dragonite|Dragonite, L50, M|100/100
|-weather|Sandstorm|[from] ability: Sand Stream|[of] p1a: Tyranitar
|turn|1
|
|t:|1756982665
|-terastallize|p2b: Dragonite|Steel
|move|p1b: Gholdengo|Dazzling Gleam|p2b: Dragonite|[spread] p2a,p2b
|-resisted|p2b: Dragonite
|-damage|p2a: Electabuzz|74/100
|-damage|p2b: Dragonite|92/100
|move|p2a: Electabuzz|Thunderbolt|p1a: Tyranitar
|-damage|p1a: Tyranitar|87/100
|move|p2b: Dragonite|Scale Shot|p1a: Tyranitar
|-damage|p1a: Tyranitar|73/100
|-damage|p1a: Tyranitar|60/100
|-damage|p1a: Tyranitar|46/100
|-damage|p1a: Tyranitar|31/100
|-damage|p1a: Tyranitar|17/100
|-hitcount|p1a: Tyranitar|5
|-unboost|p2b: Dragonite|def|1
|-boost|p2b: Dragonite|spe|1
|move|p1a: Tyranitar|Knock Off|p2a: Electabuzz
|-damage|p2a: Electabuzz|32/100
|-enditem|p2a: Electabuzz|Eviolite|[from] move: Knock Off|[of] p1a: Tyranitar
|
|-weather|Sandstorm|[upkeep]
|-damage|p2a: Electabuzz|26/100|[from] Sandstorm
|upkeep
|turn|2
|
|t:|1756982731
|move|p2a: Electabuzz|Protect|p2a: Electabuzz
|-singleturn|p2a: Electabuzz|Protect
|move|p2b: Dragonite|Scale Shot|p1a: Tyranitar
|-damage|p1a: Tyranitar|2/100
|-damage|p1a: Tyranitar|0 fnt
|faint|p1a: Tyranitar
|-hitcount|p1: Tyranitar|2
|-unboost|p2b: Dragonite|def|1
|-boost|p2b: Dragonite|spe|1
|move|p1b: Gholdengo|Dazzling Gleam|p2a: Electabuzz|[spread] p2b
|-activate|p2a: Electabuzz|move: Protect
|-resisted|p2b: Dragonite
|-damage|p2b: Dragonite|74/100
|
|-weather|Sandstorm|[upkeep]
|-damage|p2a: Electabuzz|20/100|[from] Sandstorm
|upkeep
|
|t:|1756982737
|switch|p1a: Talonflame|Talonflame, L50, M|100/100
|turn|3
|
|t:|1756982753
|move|p1a: Talonflame|Tailwind|p1a: Talonflame
|-sidestart|p1: andresbrx|move: Tailwind
|move|p1b: Gholdengo|Dazzling Gleam|p2b: Dragonite|[spread] p2a,p2b
|-resisted|p2b: Dragonite
|-damage|p2a: Electabuzz|0 fnt
|-damage|p2b: Dragonite|56/100
|faint|p2a: Electabuzz
|move|p2b: Dragonite|Scale Shot|p1a: Talonflame
|-damage|p1a: Talonflame|79/100
|-damage|p1a: Talonflame|58/100
|-damage|p1a: Talonflame|36/100
|-damage|p1a: Talonflame|12/100
|-hitcount|p1a: Talonflame|4
|-unboost|p2b: Dragonite|def|1
|-boost|p2b: Dragonite|spe|1
|
|-weather|Sandstorm|[upkeep]
|-damage|p1a: Talonflame|6/100|[from] Sandstorm
|upkeep
|
|t:|1756982777
|switch|p2a: Volcarona|Volcarona, L50, F|100/100
|turn|4
|
|t:|1756982786
|switch|p1b: Archaludon|Archaludon, L50, M|100/100
|move|p2b: Dragonite|Protect|p2b: Dragonite
|-singleturn|p2b: Dragonite|Protect
|move|p2a: Volcarona|Protect|p2a: Volcarona
|-singleturn|p2a: Volcarona|Protect
|move|p1a: Talonflame|Flare Blitz|p2b: Dragonite
|-activate|p2b: Dragonite|move: Protect
|
|-weather|Sandstorm|[upkeep]
|-damage|p1a: Talonflame|0 fnt|[from] Sandstorm
|-damage|p2a: Volcarona|94/100|[from] Sandstorm
|faint|p1a: Talonflame
|upkeep
|
|t:|1756982793
|switch|p1a: Gholdengo|Gholdengo, L50|100/100
|turn|5
|
|t:|1756982818
|move|p2b: Dragonite|Scale Shot|p1b: Archaludon
|-damage|p1b: Archaludon|88/100
|-damage|p1b: Archaludon|74/100
|-damage|p1b: Archaludon|61/100
|-damage|p1b: Archaludon|50/100
|-crit|p1b: Archaludon
|-damage|p1b: Archaludon|31/100
|-hitcount|p1b: Archaludon|5
|-unboost|p2b: Dragonite|def|1
|-boost|p2b: Dragonite|spe|1
|move|p1b: Archaludon|Electro Shot||[still]
|-prepare|p1b: Archaludon|Electro Shot
|-boost|p1b: Archaludon|spa|1
|-enditem|p1b: Archaludon|Power Herb
|-anim|p1b: Archaludon|Electro Shot|p2a: Volcarona
|-damage|p2a: Volcarona|35/100
|move|p1a: Gholdengo|Shadow Ball|p2b: Dragonite
|-damage|p2b: Dragonite|0 fnt
|faint|p2b: Dragonite
|move|p2a: Volcarona|Heat Wave|p1b: Archaludon|[spread] p1a,p1b
|-supereffective|p1a: Gholdengo
|-damage|p1a: Gholdengo|16/100
|-damage|p1b: Archaludon|0 fnt
|faint|p1b: Archaludon
|
|-weather|none
|upkeep
|
|t:|1756982840
|switch|p2b: Rillaboom|Rillaboom, L50, F|100/100
|-fieldstart|move: Grassy Terrain|[from] ability: Grassy Surge|[of] p2b: Rillaboom
|turn|6
|c|☆naovi|tu el tera pa que
|
|t:|1756982859
|move|p2a: Volcarona|Protect|p2a: Volcarona
|-singleturn|p2a: Volcarona|Protect
|move|p2b: Rillaboom|Grassy Glide|p1a: Gholdengo
|-resisted|p1a: Gholdengo
|-damage|p1a: Gholdengo|0 fnt
|faint|p1a: Gholdengo
|
|win|naovi
|c|☆andresbrx|el tera es pa cobardes
