|j|☆OzzyUF
|j|☆marcosdeltasena31
|html|OzzyUFmarcosdeltasena31    
|uhtml|bestof|Game 2 of a best-of-3
|t:|1755821050
|gametype|doubles
|player|p1|OzzyUF|medium|1225
|player|p2|marcosdeltasena31|hilbert|1338
|gen|9
|tier|[Gen 9] VGC 2025 Reg H (Bo3)
|rated|
|rule|Species Clause: Limit one of each Pokémon
|rule|Item Clause: Limit 1 of each item
|clearpoke
|poke|p1|Palafin, L50, F|
|poke|p1|Salamence, L50, F|
|poke|p1|Amoonguss, L50, F|
|poke|p1|Pelipper, L50, F|
|poke|p1|Gholdengo, L50|
|poke|p1|Annihilape, L50, F|
|poke|p2|Dragonite, L50, F|
|poke|p2|Sneasler, L50, F|
|poke|p2|Volcarona, L50, F|
|poke|p2|Rillaboom, L50, M|
|poke|p2|Kingambit, L50, F|
|poke|p2|Electabuzz, L50, F|
|teampreview|4
|showteam|p1|Palafin||MysticWater|ZerotoHero|WaveCrash,JetPunch,FlipTurn,Protect|||F|||50|,,,,,Grass]Salamence||LifeOrb|Intimidate|DracoMeteor,Hurricane,Tailwind,Protect|||F|||50|,,,,,Steel]Amoonguss||EjectButton|EffectSpore|ClearSmog,RagePowder,Spore,SludgeBomb|||F|||50|,,,,,Water]Pelipper||FocusSash|Drizzle|Protect,Tailwind,WeatherBall,Hurricane|||F|||50|,,,,,Ghost]Gholdengo||ChoiceScarf|GoodasGold|PowerGem,Trick,ShadowBall,MakeItRain||||||50|,,,,,Steel]Annihilape||SafetyGoggles|Defiant|Protect,FinalGambit,CloseCombat,RageFist|||F|||50|,,,,,Fire
|showteam|p2|Dragonite||LoadedDice|Multiscale|ScaleShot,ExtremeSpeed,Haze,Protect|||F|||50|,,,,,Fairy]Sneasler||FocusSash|PoisonTouch|DireClaw,CloseCombat,FakeOut,Coaching|||F|||50|,,,,,Ghost]Volcarona||CovertCloak|FlameBody|HeatWave,TeraBlast,QuiverDance,Protect|||F|||50|,,,,,Fairy]Rillaboom||AssaultVest|GrassySurge|WoodHammer,FakeOut,GrassyGlide,HighHorsepower|||M|||50|,,,,,Fire]Kingambit||BlackGlasses|Defiant|KowtowCleave,SwordsDance,SuckerPunch,Protect|||F|||50|,,,,,Dark]Electabuzz||Eviolite|VitalSpirit|Electroweb,FollowMe,Taunt,Protect|||F|||50|,,,,,Ghost
|inactive|Battle timer is ON: inactive players will automatically lose when time's up. (requested by OzzyUF)
|
|t:|1755821071
|teamsize|p1|4
|teamsize|p2|4
|start
|switch|p1a: Salamence|Salamence, L50, F|100/100
|switch|p1b: Pelipper|Pelipper, L50, F|100/100
|switch|p2a: Kingambit|Kingambit, L50, F|100/100
|switch|p2b: Electabuzz|Electabuzz, L50, F|100/100
|-ability|p1a: Salamence|Intimidate|boost
|-unboost|p2a: Kingambit|atk|1
|-ability|p2a: Kingambit|Defiant|boost
|-boost|p2a: Kingambit|atk|2
|-unboost|p2b: Electabuzz|atk|1
|-weather|RainDance|[from] ability: Drizzle|[of] p1b: Pelipper
|turn|1
|inactive|OzzyUF has 30 seconds left.
|
|t:|1755821099
|-terastallize|p2a: Kingambit|Dark
|move|p1a: Salamence|Protect|p1a: Salamence
|-singleturn|p1a: Salamence|Protect
|move|p2b: Electabuzz|Follow Me|p2b: Electabuzz
|-singleturn|p2b: Electabuzz|move: Follow Me
|move|p1b: Pelipper|Hurricane|p2b: Electabuzz
|-resisted|p2b: Electabuzz
|-damage|p2b: Electabuzz|83/100
|move|p2a: Kingambit|Kowtow Cleave|p1a: Salamence
|-activate|p1a: Salamence|move: Protect
|
|-weather|RainDance|[upkeep]
|upkeep
|turn|2
|inactive|OzzyUF has 30 seconds left.
|
|t:|1755821130
|switch|p1a: Amoonguss|Amoonguss, L50, F|100/100
|move|p1b: Pelipper|Protect|p1b: Pelipper
|-singleturn|p1b: Pelipper|Protect
|move|p2b: Electabuzz|Follow Me|p2b: Electabuzz
|-singleturn|p2b: Electabuzz|move: Follow Me
|move|p2a: Kingambit|Kowtow Cleave|p1a: Amoonguss
|-damage|p1a: Amoonguss|22/100
|-enditem|p1a: Amoonguss|Eject Button
|
|t:|1755821141
|switch|p1a: Palafin|Palafin, L50, F|100/100
|
|-weather|RainDance|[upkeep]
|upkeep
|turn|3
|
|t:|1755821147
|switch|p1b: Amoonguss|Amoonguss, L50, F|22/100
|move|p1a: Palafin|Protect|p1a: Palafin
|-singleturn|p1a: Palafin|Protect
|move|p2b: Electabuzz|Follow Me|p2b: Electabuzz
|-singleturn|p2b: Electabuzz|move: Follow Me
|move|p2a: Kingambit|Kowtow Cleave|p1a: Palafin
|-activate|p1a: Palafin|move: Protect
|
|-weather|RainDance|[upkeep]
|upkeep
|turn|4
|
|t:|1755821163
|move|p1b: Amoonguss|Rage Powder|p1b: Amoonguss
|-singleturn|p1b: Amoonguss|move: Rage Powder
|move|p1a: Palafin|Flip Turn|p2a: Kingambit
|-damage|p2a: Kingambit|69/100
|
|t:|1755821175
|detailschange|p1a: Palafin|Palafin-Hero, L50, F
|switch|p1a: Salamence|Salamence, L50, F|100/100|[from] Flip Turn
|-ability|p1a: Salamence|Intimidate|boost
|-unboost|p2a: Kingambit|atk|1
|-ability|p2a: Kingambit|Defiant|boost
|-boost|p2a: Kingambit|atk|2
|-unboost|p2b: Electabuzz|atk|1
|move|p2b: Electabuzz|Electroweb|p1b: Amoonguss|[spread] p1b
|-miss|p2b: Electabuzz|p1a: Salamence
|-resisted|p1b: Amoonguss
|-damage|p1b: Amoonguss|15/100
|-unboost|p1b: Amoonguss|spe|1
|move|p2a: Kingambit|Kowtow Cleave|p1b: Amoonguss
|-damage|p1b: Amoonguss|0 fnt
|faint|p1b: Amoonguss
|
|-weather|RainDance|[upkeep]
|upkeep
|
|t:|1755821193
|switch|p1b: Palafin|Palafin-Hero, L50, F|100/100
|-activate|p1b: Palafin|ability: Zero to Hero
|turn|5
|
|t:|1755821206
|move|p1b: Palafin|Protect|p1b: Palafin
|-singleturn|p1b: Palafin|Protect
|move|p2b: Electabuzz|Follow Me|p2b: Electabuzz
|-singleturn|p2b: Electabuzz|move: Follow Me
|move|p2a: Kingambit|Sucker Punch|p1a: Salamence
|-damage|p1a: Salamence|0 fnt
|faint|p1a: Salamence
|
|-weather|none
|upkeep
|
|t:|1755821214
|switch|p1a: Pelipper|Pelipper, L50, F|100/100
|-weather|RainDance|[from] ability: Drizzle|[of] p1a: Pelipper
|turn|6
|
|t:|1755821226
|move|p1a: Pelipper|Protect|p1a: Pelipper
|-singleturn|p1a: Pelipper|Protect
|move|p1b: Palafin|Jet Punch|p2a: Kingambit
|-damage|p2a: Kingambit|18/100
|move|p2a: Kingambit|Sucker Punch||[still]
|-fail|p2a: Kingambit
|move|p2b: Electabuzz|Electroweb|p1a: Pelipper|[spread] p1b
|-activate|p1a: Pelipper|move: Protect
|-supereffective|p1b: Palafin
|-damage|p1b: Palafin|70/100
|-unboost|p1b: Palafin|spe|1
|
|-weather|RainDance|[upkeep]
|upkeep
|turn|7
|inactive|OzzyUF has 30 seconds left.
|
|t:|1755821254
|-terastallize|p1a: Pelipper|Ghost
|move|p2a: Kingambit|Protect|p2a: Kingambit
|-singleturn|p2a: Kingambit|Protect
|move|p1b: Palafin|Jet Punch|p2a: Kingambit
|-activate|p2a: Kingambit|move: Protect
|move|p2b: Electabuzz|Electroweb|p1b: Palafin|[spread] p1a,p1b
|-supereffective|p1b: Palafin
|-damage|p1a: Pelipper|78/100
|-damage|p1b: Palafin|36/100
|-unboost|p1a: Pelipper|spe|1
|-unboost|p1b: Palafin|spe|1
|move|p1a: Pelipper|Tailwind|p1a: Pelipper
|-sidestart|p1: OzzyUF|move: Tailwind
|
|-weather|RainDance|[upkeep]
|upkeep
|turn|8
|
|t:|1755821275
|move|p2a: Kingambit|Sucker Punch|p1a: Pelipper
|-supereffective|p1a: Pelipper
|-damage|p1a: Pelipper|0 fnt
|faint|p1a: Pelipper
|move|p1b: Palafin|Wave Crash|p2b: Electabuzz
|-damage|p2b: Electabuzz|0 fnt
|faint|p2b: Electabuzz
|-damage|p1b: Palafin|9/100|[from] Recoil
|
|-weather|RainDance|[upkeep]
|upkeep
|
|t:|1755821282
|switch|p2b: Dragonite|Dragonite, L50, F|100/100
|turn|9
|
|t:|1755821287
|move|p2b: Dragonite|Extreme Speed|p1b: Palafin
|-damage|p1b: Palafin|0 fnt
|faint|p1b: Palafin
|
|win|marcosdeltasena31
|raw|OzzyUF's rating: 1225 → 1208(-17 for losing)
|raw|marcosdeltasena31's rating: 1338 → 1352(+14 for winning)
