|j|вҳҶmikewwm8
|j|вҳҶLego Darth Malgus
|html|mikewwm8Lego Darth Malgus    
|uhtml|bestof|Game 3 of a best-of-3
|t:|1756920822
|gametype|doubles
|player|p1|mikewwm8|1|1259
|player|p2|Lego Darth Malgus|266|1174
|gen|9
|tier|[Gen 9] VGC 2025 Reg H (Bo3)
|rated|
|rule|Species Clause: Limit one of each PokГ©mon
|rule|Item Clause: Limit 1 of each item
|clearpoke
|poke|p1|Indeedee-F, L50, F|
|poke|p1|Hatterene, L50, F|
|poke|p1|Gallade, L50, M|
|poke|p1|Ursaluna, L50, M|
|poke|p1|Lilligant-Hisui, L50, F|
|poke|p1|Torkoal, L50, M|
|poke|p2|Kommo-o, L50, F|
|poke|p2|Tyranitar, L50, M|
|poke|p2|Excadrill, L50, F|
|poke|p2|Samurott-Hisui, L50, F|
|poke|p2|Rillaboom, L50, M|
|poke|p2|Volcarona, L50, M|
|teampreview|4
|showteam|p1|Indeedee-F||PsychicSeed|PsychicSurge|TrickRoom,FollowMe,HelpingHand,DazzlingGleam|||F|||50|,,,,,Fire]Hatterene||LifeOrb|MagicBounce|ExpandingForce,TrickRoom,DazzlingGleam,Protect|||F|||50|,,,,,Psychic]Gallade||ClearAmulet|Sharpness|PsychoCut,TrickRoom,SacredSword,WideGuard|||M|||50|,,,,,Grass]Ursaluna||FlameOrb|Guts|HeadlongRush,Facade,SwordsDance,Protect|||M|||50|,,,,,Ghost]Lilligant-Hisui||FocusSash|Chlorophyll|SolarBlade,SleepPowder,CloseCombat,AfterYou|||F|||50|,,,,,Ghost]Torkoal||ChoiceSpecs|Drought|Eruption,HeatWave,WeatherBall,EarthPower|||M|||50|,,,,,Fire
|showteam|p2|Kommo-o||GrassySeed|Overcoat|BodyPress,IronDefense,Protect,DragonPulse|||F|||50|,,,,,Fairy]Tyranitar||ChoiceScarf|SandStream|RockSlide,KnockOff,TeraBlast,LowKick|||M|||50|,,,,,Flying]Excadrill||FocusSash|SandRush|HighHorsepower,IronHead,RockSlide,Protect|||F|||50|,,,,,Ghost]Samurott-Hisui||AssaultVest|Sharpness|CeaselessEdge,RazorShell,SacredSword,SuckerPunch|||F|||50|,,,,,Ghost]Rillaboom||MiracleSeed|GrassySurge|FakeOut,DrumBeating,GrassyGlide,Taunt|||M|||50|,,,,,Water]Volcarona||SitrusBerry|FlameBody|QuiverDance,HeatWave,TeraBlast,Protect|||M|||50|,,,,,Fairy
|inactive|Battle timer is ON: inactive players will automatically lose when time's up. (requested by Lego Darth Malgus)
|
|t:|1756920838
|teamsize|p1|4
|teamsize|p2|4
|start
|switch|p1a: зҙ«з«Ҫи¶…еҸҜж„ӣ|Indeedee-F, L50, F, shiny|100/100
|switch|p1b: зҙ«з«ҪиҰӘиЎӣйҡҠ|Gallade, L50, M, shiny|100/100
|switch|p2a: Kommo-o|Kommo-o, L50, F, shiny|100/100
|switch|p2b: Rillaboom|Rillaboom, L50, M, shiny|100/100
|-fieldstart|move: Grassy Terrain|[from] ability: Grassy Surge|[of] p2b: Rillaboom
|-enditem|p2a: Kommo-o|Grassy Seed
|-boost|p2a: Kommo-o|def|1|[from] item: Grassy Seed
|-fieldstart|move: Psychic Terrain|[from] ability: Psychic Surge|[of] p1a: зҙ«з«Ҫи¶…еҸҜж„ӣ
|-enditem|p1a: зҙ«з«Ҫи¶…еҸҜж„ӣ|Psychic Seed
|-boost|p1a: зҙ«з«Ҫи¶…еҸҜж„ӣ|spd|1|[from] item: Psychic Seed
|turn|1
|
|t:|1756920857
|-terastallize|p2a: Kommo-o|Fairy
|move|p2b: Rillaboom|Taunt|p1a: зҙ«з«Ҫи¶…еҸҜж„ӣ
|-start|p1a: зҙ«з«Ҫи¶…еҸҜж„ӣ|move: Taunt
|move|p2a: Kommo-o|Iron Defense|p2a: Kommo-o
|-boost|p2a: Kommo-o|def|2
|move|p1b: зҙ«з«ҪиҰӘиЎӣйҡҠ|Psycho Cut|p2a: Kommo-o
|-damage|p2a: Kommo-o|81/100
|cant|p1a: зҙ«з«Ҫи¶…еҸҜж„ӣ|move: Taunt|Trick Room
|
|upkeep
|turn|2
|inactive|Lego Darth Malgus has 30 seconds left.
|
|t:|1756920887
|move|p2b: Rillaboom|Drum Beating|p1b: зҙ«з«ҪиҰӘиЎӣйҡҠ
|-damage|p1b: зҙ«з«ҪиҰӘиЎӣйҡҠ|32/100
|move|p2a: Kommo-o|Body Press|p1b: зҙ«з«ҪиҰӘиЎӣйҡҠ
|-resisted|p1b: зҙ«з«ҪиҰӘиЎӣйҡҠ
|-damage|p1b: зҙ«з«ҪиҰӘиЎӣйҡҠ|0 fnt
|faint|p1b: зҙ«з«ҪиҰӘиЎӣйҡҠ
|move|p1a: зҙ«з«Ҫи¶…еҸҜж„ӣ|Dazzling Gleam|p2b: Rillaboom|[spread] p2a,p2b
|-damage|p2a: Kommo-o|68/100
|-damage|p2b: Rillaboom|81/100
|
|upkeep
|
|t:|1756920896
|switch|p1b: дёҖжӢіжңҲжңҲзҶҠ|Ursaluna, L50, M, shiny|100/100
|turn|3
|
|t:|1756920904
|switch|p1a: еӨӘжЁӮе·ҙжҲҲж–Ҝ|Torkoal, L50, M, shiny|100/100
|-weather|SunnyDay|[from] ability: Drought|[of] p1a: еӨӘжЁӮе·ҙжҲҲж–Ҝ
|-terastallize|p1b: дёҖжӢіжңҲжңҲзҶҠ|Ghost
|move|p2b: Rillaboom|Drum Beating|p1b: дёҖжӢіжңҲжңҲзҶҠ
|-damage|p1b: дёҖжӢіжңҲжңҲзҶҠ|63/100
|-unboost|p1b: дёҖжӢіжңҲжңҲзҶҠ|spe|1
|move|p2a: Kommo-o|Body Press|p1a: еӨӘжЁӮе·ҙжҲҲж–Ҝ
|-damage|p1a: еӨӘжЁӮе·ҙжҲҲж–Ҝ|20/100
|move|p1b: дёҖжӢіжңҲжңҲзҶҠ|Swords Dance|p1b: дёҖжӢіжңҲжңҲзҶҠ
|-boost|p1b: дёҖжӢіжңҲжңҲзҶҠ|atk|2
|
|-weather|SunnyDay|[upkeep]
|-status|p1b: дёҖжӢіжңҲжңҲзҶҠ|brn|[from] item: Flame Orb
|upkeep
|turn|4
|
|t:|1756920913
|move|p2b: Rillaboom|Drum Beating|p1b: дёҖжӢіжңҲжңҲзҶҠ
|-damage|p1b: дёҖжӢіжңҲжңҲзҶҠ|28/100 brn
|-unboost|p1b: дёҖжӢіжңҲжңҲзҶҠ|spe|1
|move|p2a: Kommo-o|Body Press|p1a: еӨӘжЁӮе·ҙжҲҲж–Ҝ
|-damage|p1a: еӨӘжЁӮе·ҙжҲҲж–Ҝ|0 fnt
|faint|p1a: еӨӘжЁӮе·ҙжҲҲж–Ҝ
|move|p1b: дёҖжӢіжңҲжңҲзҶҠ|Facade|p2a: Kommo-o
|-damage|p2a: Kommo-o|1/100
|
|-weather|SunnyDay|[upkeep]
|-damage|p1b: дёҖжӢіжңҲжңҲзҶҠ|22/100 brn|[from] brn
|upkeep
|
|t:|1756920920
|switch|p1a: зҙ«з«Ҫи¶…еҸҜж„ӣ|Indeedee-F, L50, F, shiny|100/100
|turn|5
|
|t:|1756920931
|move|p1b: дёҖжӢіжңҲжңҲзҶҠ|Protect|p1b: дёҖжӢіжңҲжңҲзҶҠ
|-singleturn|p1b: дёҖжӢіжңҲжңҲзҶҠ|Protect
|move|p2b: Rillaboom|Drum Beating|p1a: зҙ«з«Ҫи¶…еҸҜж„ӣ
|-damage|p1a: зҙ«з«Ҫи¶…еҸҜж„ӣ|55/100
|-unboost|p1a: зҙ«з«Ҫи¶…еҸҜж„ӣ|spe|1
|move|p2a: Kommo-o|Body Press|p1a: зҙ«з«Ҫи¶…еҸҜж„ӣ
|-damage|p1a: зҙ«з«Ҫи¶…еҸҜж„ӣ|0 fnt
|faint|p1a: зҙ«з«Ҫи¶…еҸҜж„ӣ
|
|-weather|SunnyDay|[upkeep]
|-damage|p1b: дёҖжӢіжңҲжңҲзҶҠ|16/100 brn|[from] brn
|-fieldend|move: Psychic Terrain
|upkeep
|turn|6
|-message|mikewwm8 forfeited.
|
|win|Lego Darth Malgus
|raw|mikewwm8's rating: 1259 → 1228(-31 for losing)
|raw|Lego Darth Malgus's rating: 1174 → 1205(+31 for winning)
|l|вҳҶmikewwm8
|player|p1|
|l|вҳҶLego Darth Malgus
|player|p2|
|j|вҳҶLego Darth Malgus
|player|p2|Lego Darth Malgus|266|
