|j|☆mikeyboi589
|j|☆nutbuster151
|html|mikeyboi589nutbuster151    
|uhtml|bestof|Game 2 of a best-of-3
|t:|1785785761
|gametype|doubles
|player|p1|mikeyboi589|170|1125
|player|p2|nutbuster151|acetrainer|1243
|gen|9
|tier|[Gen 9 Champions] VGC 2026 Reg M-B (Bo3)
|rated|
|rule|Species Clause: Limit one of each Pokémon
|rule|Item Clause: Limit 1 of each item
|clearpoke
|poke|p1|Blastoise, L50, F|
|poke|p1|Delphox, L50, M|
|poke|p1|Incineroar, L50, F|
|poke|p1|Kingambit, L50, F|
|poke|p1|Sinistcha-Masterpiece, L50|
|poke|p1|Sneasler, L50, M|
|poke|p2|Staraptor, L50, M|
|poke|p2|Garchomp, L50, M|
|poke|p2|Whimsicott, L50, M|
|poke|p2|Delphox, L50, M|
|poke|p2|Glimmora, L50, M|
|poke|p2|Kingambit, L50, M|
|teampreview|4
|showteam|p1|Blastoise||Blastoisinite|RainDish|WaterSpout,DarkPulse,ShellSmash,Protect|Modest||F|||50|]Delphox||Delphoxite|Blaze|HeatWave,Psyshock,Protect,NastyPlot|Modest||M|||50|]Incineroar||SitrusBerry|Intimidate|FlareBlitz,FakeOut,PartingShot,HelpingHand|Careful||F|||50|]Kingambit||BlackGlasses|Defiant|KowtowCleave,SuckerPunch,Protect,SwordsDance|Adamant||F|||50|]Sinistcha-Masterpiece||ColburBerry|Hospitality|MatchaGotcha,TrickRoom,RagePowder,Protect|Calm|||||50|]Sneasler||FocusSash|PoisonTouch|DireClaw,CloseCombat,FakeOut,QuickGuard|Jolly||M|||50|
|showteam|p2|Staraptor||Staraptite|Intimidate|Protect,Roost,CloseCombat,BraveBird|Jolly||M|||50|]Garchomp||LifeOrb|RoughSkin|Protect,RockSlide,Earthquake,DragonClaw|Jolly||M|||50|]Whimsicott||OccaBerry|Prankster|Moonblast,Tailwind,Charm,LightScreen|Timid||M|||50|]Delphox||Delphoxite|Magician|Protect,Psychic,HeatWave,Substitute|Timid||M|||50|]Glimmora||FocusSash|ToxicDebris|SpikyShield,SludgeBomb,EarthPower,PowerGem|Timid||M|||50|]Kingambit||ChopleBerry|Defiant|SuckerPunch,LowKick,IronHead,KowtowCleave|Adamant||M|||50|
|inactive|Battle timer is ON: inactive players will automatically lose when time's up. (requested by mikeyboi589)
|inactive|mikeyboi589 has 60 seconds left.
|inactive|mikeyboi589 has 30 seconds left.
|inactive|mikeyboi589 has 20 seconds left.
|
|t:|1785785837
|teamsize|p1|4
|teamsize|p2|4
|start
|switch|p1a: Delphox|Delphox, L50, M|100/100
|switch|p1b: Sneasler|Sneasler, L50, M|100/100
|switch|p2a: Kingambit|Kingambit, L50, M|100/100
|switch|p2b: Glimmora|Glimmora, L50, M|100/100
|turn|1
|inactive|mikeyboi589 has 30 seconds left.
|inactive|nutbuster151 has 30 seconds left.
|inactive|mikeyboi589 has 20 seconds left.
|inactive|mikeyboi589 has 15 seconds left.
|inactive|nutbuster151 has 20 seconds left.
|inactive|nutbuster151 has 15 seconds left.
|
|t:|1785785884
|switch|p2b: Delphox|Delphox, L50, M|100/100
|detailschange|p1a: Delphox|Delphox-Mega, L50, M
|-mega|p1a: Delphox|Delphox|Delphoxite
|move|p1a: Delphox|Protect|p1a: Delphox
|-singleturn|p1a: Delphox|Protect
|move|p1b: Sneasler|Close Combat|p2a: Kingambit
|-supereffective|p2a: Kingambit|2
|-enditem|p2a: Kingambit|Chople Berry|[eat]
|-enditem|p2a: Kingambit|Chople Berry|[weaken]
|-damage|p2a: Kingambit|2/100
|-unboost|p1b: Sneasler|def|1
|-unboost|p1b: Sneasler|spd|1
|move|p2a: Kingambit|Kowtow Cleave|p1a: Delphox
|-activate|p1a: Delphox|move: Protect
|
|upkeep
|turn|2
|inactive|mikeyboi589 has 30 seconds left.
|inactive|nutbuster151 has 30 seconds left.
|inactive|mikeyboi589 has 20 seconds left.
|inactive|mikeyboi589 has 15 seconds left.
|inactive|nutbuster151 has 20 seconds left.
|inactive|mikeyboi589 has 10 seconds left.
|inactive|nutbuster151 has 15 seconds left.
|inactive|nutbuster151 has 10 seconds left.
|inactive|nutbuster151 has 5 seconds left.
|
|t:|1785785939
|switch|p2a: Garchomp|Garchomp, L50, M|100/100
|detailschange|p2b: Delphox|Delphox-Mega, L50, M
|-mega|p2b: Delphox|Delphox|Delphoxite
|move|p1b: Sneasler|Quick Guard|p1b: Sneasler
|-singleturn|p1b: Sneasler|Quick Guard
|move|p2b: Delphox|Heat Wave|p1b: Sneasler|[spread] p1a,p1b
|-resisted|p1a: Delphox|1
|-crit|p1a: Delphox
|-damage|p1a: Delphox|75/100
|-damage|p1b: Sneasler|21/100
|move|p1a: Delphox|Heat Wave|p2b: Delphox|[spread] p2a,p2b
|-resisted|p2a: Garchomp|1
|-resisted|p2b: Delphox|1
|-damage|p2a: Garchomp|77/100
|-damage|p2b: Delphox|79/100
|
|upkeep
|turn|3
|inactive|mikeyboi589 has 30 seconds left.
|inactive|nutbuster151 has 30 seconds left.
|inactive|mikeyboi589 has 20 seconds left.
|inactive|nutbuster151 has 20 seconds left.
|
|t:|1785785979
|switch|p1b: Incineroar|Incineroar, L50, F|100/100
|-ability|p1b: Incineroar|Intimidate|boost
|-unboost|p2a: Garchomp|atk|1
|-unboost|p2b: Delphox|atk|1
|move|p1a: Delphox|Protect|p1a: Delphox
|-singleturn|p1a: Delphox|Protect
|move|p2b: Delphox|Heat Wave|p1b: Incineroar|[spread] p1b
|-activate|p1a: Delphox|move: Protect
|-resisted|p1b: Incineroar|1
|-damage|p1b: Incineroar|84/100
|move|p2a: Garchomp|Dragon Claw|p1a: Delphox
|-activate|p1a: Delphox|move: Protect
|
|upkeep
|turn|4
|inactive|nutbuster151 has 30 seconds left.
|inactive|mikeyboi589 has 30 seconds left.
|inactive|nutbuster151 has 20 seconds left.
|inactive|nutbuster151 has 15 seconds left.
|inactive|mikeyboi589 has 20 seconds left.
|inactive|nutbuster151 has 10 seconds left.
|inactive|mikeyboi589 has 15 seconds left.
|inactive|mikeyboi589 has 10 seconds left.
|
|t:|1785786035
|switch|p2b: Glimmora|Glimmora, L50, M|100/100
|move|p1b: Incineroar|Fake Out|p2a: Garchomp
|-damage|p2a: Garchomp|66/100
|-damage|p1b: Incineroar|72/100|[from] ability: Rough Skin|[of] p2a: Garchomp
|move|p1a: Delphox|Nasty Plot|p1a: Delphox
|-boost|p1a: Delphox|spa|2
|cant|p2a: Garchomp|flinch
|
|upkeep
|turn|5
|
|t:|1785786058
|switch|p1b: Sinistcha|Sinistcha-Masterpiece, L50|100/100
|-heal|p1a: Delphox|100/100|[from] ability: Hospitality|[of] p1b: Sinistcha
|move|p1a: Delphox|Protect|p1a: Delphox
|-singleturn|p1a: Delphox|Protect
|move|p2b: Glimmora|Spiky Shield|p2b: Glimmora
|-singleturn|p2b: Glimmora|move: Protect
|move|p2a: Garchomp|Earthquake|p1a: Delphox|[spread] p1b
|-activate|p2b: Glimmora|move: Protect
|-activate|p1a: Delphox|move: Protect
|-resisted|p1b: Sinistcha|1
|-damage|p1b: Sinistcha|84/100
|-damage|p2a: Garchomp|56/100|[from] item: Life Orb
|
|upkeep
|turn|6
|inactive|mikeyboi589 has 30 seconds left.
|inactive|nutbuster151 has 30 seconds left.
|inactive|mikeyboi589 has 20 seconds left.
|inactive|mikeyboi589 has 15 seconds left.
|
|t:|1785786101
|switch|p2b: Kingambit|Kingambit, L50, M|2/100
|move|p1b: Sinistcha|Rage Powder|p1b: Sinistcha
|-singleturn|p1b: Sinistcha|move: Rage Powder
|move|p1a: Delphox|Heat Wave|p2a: Garchomp|[spread] p2a,p2b
|-resisted|p2a: Garchomp|1
|-supereffective|p2b: Kingambit|1
|-crit|p2b: Kingambit
|-damage|p2a: Garchomp|7/100
|-damage|p2b: Kingambit|0 fnt
|-status|p2a: Garchomp|brn
|faint|p2b: Kingambit
|move|p2a: Garchomp|Rock Slide|p1b: Sinistcha|[spread] p1a,p1b
|-supereffective|p1a: Delphox|1
|-damage|p1a: Delphox|79/100
|-damage|p1b: Sinistcha|76/100
|-damage|p2a: Garchomp|0 fnt|[from] item: Life Orb
|faint|p2a: Garchomp
|
|upkeep
|
|t:|1785786119
|switch|p2a: Delphox|Delphox-Mega, L50, M|79/100
|switch|p2b: Glimmora|Glimmora, L50, M|100/100
|turn|7
|inactive|nutbuster151 has 30 seconds left.
|
|t:|1785786151
|move|p1b: Sinistcha|Rage Powder|p1b: Sinistcha
|-singleturn|p1b: Sinistcha|move: Rage Powder
|move|p2a: Delphox|Substitute|p2a: Delphox
|-start|p2a: Delphox|Substitute
|-damage|p2a: Delphox|55/100
|move|p1a: Delphox|Heat Wave|p2b: Glimmora|[spread] p2a,p2b
|-resisted|p2a: Delphox|1
|-end|p2a: Delphox|Substitute
|-resisted|p2b: Glimmora|1
|-damage|p2b: Glimmora|50/100g
|move|p2b: Glimmora|Power Gem|p1b: Sinistcha
|-damage|p1b: Sinistcha|41/100
|
|upkeep
|turn|8
|
|t:|1785786170
|move|p1b: Sinistcha|Rage Powder|p1b: Sinistcha
|-singleturn|p1b: Sinistcha|move: Rage Powder
|move|p2a: Delphox|Heat Wave|p1b: Sinistcha|[spread] p1a,p1b
|-resisted|p1a: Delphox|1
|-supereffective|p1b: Sinistcha|1
|-damage|p1a: Delphox|61/100
|-damage|p1b: Sinistcha|0 fnt
|faint|p1b: Sinistcha
|move|p1a: Delphox|Heat Wave|p2a: Delphox|[spread] p2a,p2b
|-resisted|p2a: Delphox|1
|-resisted|p2b: Glimmora|1
|-damage|p2a: Delphox|18/100
|-damage|p2b: Glimmora|0 fnt
|faint|p2b: Glimmora
|
|upkeep
|
|t:|1785786184
|switch|p1b: Incineroar|Incineroar, L50, F|72/100
|-ability|p1b: Incineroar|Intimidate|boost
|-unboost|p2a: Delphox|atk|1
|turn|9
|
|t:|1785786191
|move|p1b: Incineroar|Fake Out|p2a: Delphox
|-damage|p2a: Delphox|4/100
|cant|p2a: Delphox|flinch
|move|p1a: Delphox|Heat Wave|p2a: Delphox
|-resisted|p2a: Delphox|1
|-damage|p2a: Delphox|0 fnt
|faint|p2a: Delphox
|
|win|mikeyboi589
|inactive|mikeyboi589 has 30 seconds to confirm battle start!
|inactive|nutbuster151 has 30 seconds to confirm battle start!
