|j|☆vilan333
|j|‽Glaxx
|html|vilan333Glaxx    
|uhtml|bestof|Game 1 of a best-of-3
|t:|1783357385
|gametype|doubles
|player|p1|vilan333|marshal|1174
|player|p2|Glaxx|red|1099
|gen|9
|tier|[Gen 9 Champions] VGC 2026 Reg M-B (Bo3)
|rated|
|rule|Species Clause: Limit one of each Pokémon
|rule|Item Clause: Limit 1 of each item
|clearpoke
|poke|p1|Charizard, L50, F|
|poke|p1|Mawile, L50, M|
|poke|p1|Basculegion, L50, M|
|poke|p1|Garchomp, L50, F|
|poke|p1|Whimsicott, L50, F|
|poke|p1|Farigiraf, L50, M|
|poke|p2|Sceptile, L50, M, shiny|
|poke|p2|Metagross, L50, shiny|
|poke|p2|Milotic, L50, F, shiny|
|poke|p2|Rotom-Heat, L50, shiny|
|poke|p2|Arcanine-Hisui, L50, F|
|poke|p2|Gardevoir, L50, F, shiny|
|teampreview|4
|showteam|p1|Charizard||CharizarditeY|Blaze|WeatherBall,HeatWave,SolarBeam,Protect|Timid||F|||50|]Mawile||Mawilite|HyperCutter|PlayRough,SuckerPunch,RockSlide,Protect|Adamant||M|||50|]Basculegion||MysticWater|Adaptability|WaveCrash,LastRespects,AquaJet,Protect|Adamant||M|||50|]Garchomp||LifeOrb|RoughSkin|Earthquake,DragonClaw,RockSlide,Protect|Jolly||F|||50|]Whimsicott||FocusSash|Prankster|Moonblast,Encore,Tailwind,Protect|Timid||F|||50|]Farigiraf||SitrusBerry|ArmorTail|TwinBeam,Thunderbolt,TrickRoom,HelpingHand|Bold||M|||50|
|showteam|p2|Sceptile||Sceptilite|Unburden|DragonPulse,GigaDrain,Protect,EarthPower|Timid||M|||50|]Metagross||LumBerry|ClearBody|Agility,IcePunch,PsychicFangs,MeteorMash|Adamant|||||50|]Milotic||Leftovers|Competitive|IceBeam,DrainingKiss,Scald,RainDance|Modest||F|||50|]Rotom-Heat||ChoiceScarf|Levitate|Discharge,Overheat,WillOWisp,Hex|Modest|||||50|]Arcanine-Hisui||ShellBell|RockHead|DoubleEdge,FlareBlitz,HeadSmash,WildCharge|Adamant||F|||50|]Gardevoir||FocusSash|Trace|Psyshock,FocusBlast,DazzlingGleam,SkillSwap|Modest||F|||50|
|inactive|Battle timer is ON: inactive players will automatically lose when time's up. (requested by Glaxx)
|
|t:|1783357430
|teamsize|p1|4
|teamsize|p2|4
|start
|switch|p1a: Farigiraf|Farigiraf, L50, M|100/100
|switch|p1b: Garchomp|Garchomp, L50, F|100/100
|switch|p2a: Gardevoir|Gardevoir, L50, F, shiny|100/100
|switch|p2b: Milotic|Milotic, L50, F, shiny|100/100
|-ability|p2a: Gardevoir|Armor Tail|Trace|[from] ability: Trace|[of] p1a: Farigiraf
|turn|1
|inactive|vilan333 has 30 seconds left.
|
|t:|1783357464
|move|p1b: Garchomp|Rock Slide|p2b: Milotic|[spread] p2a,p2b
|-damage|p2a: Gardevoir|67/100
|-damage|p2b: Milotic|76/100
|-damage|p1b: Garchomp|90/100|[from] item: Life Orb
|move|p2b: Milotic|Ice Beam|p1b: Garchomp
|-supereffective|p1b: Garchomp|2
|-damage|p1b: Garchomp|0 fnt
|faint|p1b: Garchomp
|move|p2a: Gardevoir|Dazzling Gleam|p1a: Farigiraf
|-damage|p1a: Farigiraf|63/100
|move|p1a: Farigiraf|Thunderbolt|p2a: Gardevoir
|-damage|p2a: Gardevoir|44/100
|
|-heal|p2b: Milotic|82/100|[from] item: Leftovers
|upkeep
|
|t:|1783357484
|switch|p1b: Basculegion|Basculegion, L50, M|100/100
|turn|2
|
|t:|1783357494
|move|p1b: Basculegion|Last Respects|p2a: Gardevoir
|-supereffective|p2a: Gardevoir|1
|-crit|p2a: Gardevoir
|-damage|p2a: Gardevoir|0 fnt
|faint|p2a: Gardevoir
|move|p2b: Milotic|Scald|p1b: Basculegion
|-resisted|p1b: Basculegion|1
|-damage|p1b: Basculegion|79/100
|move|p1a: Farigiraf|Trick Room|p1a: Farigiraf
|-fieldstart|move: Trick Room|[of] p1a: Farigiraf
|
|-heal|p2b: Milotic|88/100|[from] item: Leftovers
|upkeep
|
|t:|1783357503
|switch|p2a: Rotom|Rotom-Heat, L50, shiny|100/100
|turn|3
|
|t:|1783357513
|move|p1a: Farigiraf|Thunderbolt|p2b: Milotic
|-supereffective|p2b: Milotic|1
|-damage|p2b: Milotic|51/100
|move|p2b: Milotic|Scald|p1b: Basculegion
|-resisted|p1b: Basculegion|1
|-damage|p1b: Basculegion|60/100
|-status|p1b: Basculegion|brn
|move|p1b: Basculegion|Last Respects|p2a: Rotom
|-damage|p2a: Rotom|53/100
|move|p2a: Rotom|Overheat|p1a: Farigiraf
|-damage|p1a: Farigiraf|1/100
|-unboost|p2a: Rotom|spa|2
|-enditem|p1a: Farigiraf|Sitrus Berry|[eat]
|-heal|p1a: Farigiraf|26/100|[from] item: Sitrus Berry
|
|-heal|p2b: Milotic|56/100|[from] item: Leftovers
|-damage|p1b: Basculegion|55/100 brn|[from] brn
|upkeep
|turn|4
|inactive|Glaxx has 30 seconds left.
|
|t:|1783357546
|move|p1a: Farigiraf|Thunderbolt|p2b: Milotic
|-supereffective|p2b: Milotic|1
|-damage|p2b: Milotic|19/100
|move|p2b: Milotic|Draining Kiss|p1b: Basculegion
|-damage|p1b: Basculegion|38/100 brn
|-heal|p2b: Milotic|34/100|[from] drain|[of] p1b: Basculegion
|move|p1b: Basculegion|Last Respects|p2a: Rotom
|-damage|p2a: Rotom|13/100
|move|p2a: Rotom|Overheat|p1a: Farigiraf|[miss]
|-miss|p2a: Rotom|p1a: Farigiraf
|
|-heal|p2b: Milotic|40/100|[from] item: Leftovers
|-damage|p1b: Basculegion|32/100 brn|[from] brn
|upkeep
|turn|5
|
|t:|1783357568
|switch|p1a: Mawile|Mawile, L50, M|100/100
|move|p1b: Basculegion|Aqua Jet|p2a: Rotom
|-supereffective|p2a: Rotom|1
|-damage|p2a: Rotom|0 fnt
|faint|p2a: Rotom
|move|p2b: Milotic|Draining Kiss|p1b: Basculegion
|-damage|p1b: Basculegion|15/100 brn
|-heal|p2b: Milotic|55/100|[from] drain|[of] p1b: Basculegion
|
|-heal|p2b: Milotic|61/100|[from] item: Leftovers
|-damage|p1b: Basculegion|10/100 brn|[from] brn
|upkeep
|
|t:|1783357573
|switch|p2a: Sceptile|Sceptile, L50, M, shiny|100/100
|turn|6
|
|t:|1783357589
|detailschange|p1a: Mawile|Mawile-Mega, L50, M
|-mega|p1a: Mawile|Mawile|Mawilite
|detailschange|p2a: Sceptile|Sceptile-Mega, L50, M, shiny
|-mega|p2a: Sceptile|Sceptile|Sceptilite
|move|p2a: Sceptile|Protect|p2a: Sceptile
|-singleturn|p2a: Sceptile|Protect
|move|p1a: Mawile|Play Rough|p2b: Milotic
|-damage|p2b: Milotic|0 fnt
|faint|p2b: Milotic
|move|p1b: Basculegion|Last Respects|p2a: Sceptile
|-activate|p2a: Sceptile|move: Protect
|
|-damage|p1b: Basculegion|4/100 brn|[from] brn
|-fieldend|move: Trick Room
|upkeep
|turn|7
|
|t:|1783357611
|move|p1a: Mawile|Protect|p1a: Mawile
|-singleturn|p1a: Mawile|Protect
|move|p2a: Sceptile|Earth Power|p1a: Mawile
|-activate|p1a: Mawile|move: Protect
|move|p1b: Basculegion|Last Respects|p2a: Sceptile
|-damage|p2a: Sceptile|52/100
|
|-damage|p1b: Basculegion|0 fnt|[from] brn
|faint|p1b: Basculegion
|upkeep
|
|t:|1783357622
|switch|p1b: Farigiraf|Farigiraf, L50, M|26/100
|turn|8
|
|t:|1783357628
|move|p1b: Farigiraf|Helping Hand|p1a: Mawile
|-singleturn|p1a: Mawile|Helping Hand|[of] p1b: Farigiraf
|move|p1a: Mawile|Sucker Punch|p2a: Sceptile
|-damage|p2a: Sceptile|0 fnt
|faint|p2a: Sceptile
|
|win|vilan333
|l|‽Glaxx
|player|p2|
