|j|☆Soratami
|j|☆Fish Percent
|html|SoratamiFish Percent    
|uhtml|bestof|Game 3 of a best-of-3
|t:|1757906378
|gametype|doubles
|player|p1|Soratami|ethan|1215
|player|p2|Fish Percent|lucas|1379
|gen|9
|tier|[Gen 9] VGC 2025 Reg H (Bo3)
|rated|
|rule|Species Clause: Limit one of each Pokémon
|rule|Item Clause: Limit 1 of each item
|clearpoke
|poke|p1|Pelipper, L50, F|
|poke|p1|Blastoise, L50, M|
|poke|p1|Dragonite, L50, F|
|poke|p1|Archaludon, L50, M|
|poke|p1|Electabuzz, L50, M|
|poke|p1|Rillaboom, L50, M|
|poke|p2|Pelipper, L50, M|
|poke|p2|Basculegion, L50, M|
|poke|p2|Incineroar, L50, F|
|poke|p2|Archaludon, L50, M|
|poke|p2|Sinistcha, L50|
|poke|p2|Ursaluna, L50, M|
|teampreview|4
|showteam|p1|Pelipper||FocusSash|Drizzle|Hurricane,Tailwind,WeatherBall,WideGuard|||F|||50|,,,,,Steel]Blastoise||MysticWater|RainDish|HydroPump,ShellSmash,WaterSpout,Protect|||M|||50|,,,,,Water]Dragonite||LoadedDice|Multiscale|ExtremeSpeed,Haze,ScaleShot,Protect|||F|||50|,,,,,Fairy]Archaludon||AssaultVest|Stamina|BodyPress,ElectroShot,DracoMeteor,FlashCannon|||M|||50|,,,,,Grass]Electabuzz||Eviolite|VitalSpirit|FollowMe,ThunderWave,Thunderbolt,Taunt|||M|||50|,,,,,Ghost]Rillaboom||MiracleSeed|GrassySurge|FakeOut,GrassyGlide,WoodHammer,HighHorsepower|||M|||50|,,,,,Fire
|showteam|p2|Pelipper||FocusSash|Drizzle|Hurricane,WeatherBall,Tailwind,Protect|||M|||50|,,,,,Stellar]Basculegion||ChoiceBand|SwiftSwim|WaveCrash,LastRespects,AquaJet,FlipTurn|||M|||50|,,,,,Water]Incineroar||SafetyGoggles|Intimidate|KnockOff,FakeOut,Taunt,PartingShot|||F|||50|,,,,,Flying]Archaludon||AssaultVest|Stamina|ElectroShot,DragonPulse,FlashCannon,BodyPress|||M|||50|,,,,,Grass]Sinistcha||SitrusBerry|Hospitality|MatchaGotcha,RagePowder,LifeDew,TrickRoom||||||50|,,,,,Water]Ursaluna||FlameOrb|Guts|HeadlongRush,Facade,Earthquake,Protect|||M|||50|,,,,,Ghost
|inactive|Battle timer is ON: inactive players will automatically lose when time's up. (requested by Soratami)
|inactive|Fish Percent also wants the timer to be on.
|
|t:|1757906405
|teamsize|p1|4
|teamsize|p2|4
|start
|switch|p1a: Electabuzz|Electabuzz, L50, M|100/100
|switch|p1b: Rillaboom|Rillaboom, L50, M|100/100
|switch|p2a: Pelipper|Pelipper, L50, M|100/100
|switch|p2b: Basculegion|Basculegion, L50, M|100/100
|-weather|RainDance|[from] ability: Drizzle|[of] p2a: Pelipper
|-fieldstart|move: Grassy Terrain|[from] ability: Grassy Surge|[of] p1b: Rillaboom
|turn|1
|inactive|Soratami has 30 seconds left.
|
|t:|1757906438
|switch|p2b: Archaludon|Archaludon, L50, M|100/100
|move|p1b: Rillaboom|Grassy Glide|p2b: Archaludon
|-resisted|p2b: Archaludon
|-damage|p2b: Archaludon|92/100
|-ability|p2b: Archaludon|Stamina|boost
|-boost|p2b: Archaludon|def|1
|move|p1a: Electabuzz|Thunder Wave|p2a: Pelipper
|-status|p2a: Pelipper|par
|cant|p2a: Pelipper|par
|
|-weather|RainDance|[upkeep]
|-heal|p2b: Archaludon|98/100|[from] Grassy Terrain
|upkeep
|turn|2
|
|t:|1757906456
|switch|p2a: Incineroar|Incineroar, L50, F|100/100
|-ability|p2a: Incineroar|Intimidate|boost
|-unboost|p1a: Electabuzz|atk|1
|-unboost|p1b: Rillaboom|atk|1
|move|p1a: Electabuzz|Follow Me|p1a: Electabuzz
|-singleturn|p1a: Electabuzz|move: Follow Me
|move|p2b: Archaludon|Electro Shot||[still]
|-prepare|p2b: Archaludon|Electro Shot
|-boost|p2b: Archaludon|spa|1
|-anim|p2b: Archaludon|Electro Shot|p1a: Electabuzz
|-resisted|p1a: Electabuzz
|-damage|p1a: Electabuzz|78/100
|move|p1b: Rillaboom|High Horsepower|p2b: Archaludon
|-supereffective|p2b: Archaludon
|-damage|p2b: Archaludon|74/100
|-ability|p2b: Archaludon|Stamina|boost
|-boost|p2b: Archaludon|def|1
|
|-weather|RainDance|[upkeep]
|-heal|p1a: Electabuzz|84/100|[from] Grassy Terrain
|-heal|p2b: Archaludon|80/100|[from] Grassy Terrain
|upkeep
|turn|3
|inactive|Soratami has 30 seconds left.
|
|t:|1757906488
|switch|p1b: Archaludon|Archaludon, L50, M|100/100
|move|p1a: Electabuzz|Follow Me|p1a: Electabuzz
|-singleturn|p1a: Electabuzz|move: Follow Me
|move|p2a: Incineroar|Knock Off|p1a: Electabuzz
|-damage|p1a: Electabuzz|56/100
|-enditem|p1a: Electabuzz|Eviolite|[from] move: Knock Off|[of] p2a: Incineroar
|move|p2b: Archaludon|Dragon Pulse|p1a: Electabuzz
|-damage|p1a: Electabuzz|0 fnt
|faint|p1a: Electabuzz
|
|-weather|RainDance|[upkeep]
|-heal|p2b: Archaludon|86/100|[from] Grassy Terrain
|upkeep
|
|t:|1757906500
|switch|p1a: Pelipper|Pelipper, L50, F|100/100
|turn|4
|
|t:|1757906514
|-terastallize|p1b: Archaludon|Grass
|move|p1a: Pelipper|Tailwind|p1a: Pelipper
|-sidestart|p1: Soratami|move: Tailwind
|move|p1b: Archaludon|Electro Shot||[still]
|-prepare|p1b: Archaludon|Electro Shot
|-boost|p1b: Archaludon|spa|1
|-anim|p1b: Archaludon|Electro Shot|p2b: Archaludon
|-resisted|p2b: Archaludon
|-damage|p2b: Archaludon|62/100
|-ability|p2b: Archaludon|Stamina|boost
|-boost|p2b: Archaludon|def|1
|move|p2a: Incineroar|Knock Off|p1a: Pelipper
|-crit|p1a: Pelipper
|-damage|p1a: Pelipper|23/100
|-enditem|p1a: Pelipper|Focus Sash|[from] move: Knock Off|[of] p2a: Incineroar
|move|p2b: Archaludon|Electro Shot||[still]
|-prepare|p2b: Archaludon|Electro Shot
|-boost|p2b: Archaludon|spa|1
|-anim|p2b: Archaludon|Electro Shot|p1a: Pelipper
|-supereffective|p1a: Pelipper
|-damage|p1a: Pelipper|0 fnt
|faint|p1a: Pelipper
|
|-weather|RainDance|[upkeep]
|-heal|p2b: Archaludon|69/100|[from] Grassy Terrain
|upkeep
|
|t:|1757906534
|switch|p1a: Rillaboom|Rillaboom, L50, M|100/100
|turn|5
|
|t:|1757906541
|move|p1a: Rillaboom|Fake Out|p2a: Incineroar
|-damage|p2a: Incineroar|87/100
|move|p1b: Archaludon|Draco Meteor|p2b: Archaludon
|-damage|p2b: Archaludon|0 fnt
|-unboost|p1b: Archaludon|spa|2
|faint|p2b: Archaludon
|cant|p2a: Incineroar|flinch
|
|-weather|none
|-heal|p2a: Incineroar|93/100|[from] Grassy Terrain
|-fieldend|move: Grassy Terrain
|upkeep
|
|t:|1757906553
|switch|p2b: Basculegion|Basculegion, L50, M|100/100
|turn|6
|inactive|Soratami has 30 seconds left.
|
|t:|1757906579
|switch|p2a: Pelipper|Pelipper, L50, M|100/100 par
|-weather|RainDance|[from] ability: Drizzle|[of] p2a: Pelipper
|move|p2b: Basculegion|Flip Turn|p1a: Rillaboom
|-resisted|p1a: Rillaboom
|-damage|p1a: Rillaboom|66/100
|
|t:|1757906584
|switch|p2b: Incineroar|Incineroar, L50, F|93/100|[from] Flip Turn
|-ability|p2b: Incineroar|Intimidate|boost
|-unboost|p1a: Rillaboom|atk|1
|-unboost|p1b: Archaludon|atk|1
|move|p1a: Rillaboom|Wood Hammer|p2b: Incineroar
|-resisted|p2b: Incineroar
|-damage|p2b: Incineroar|65/100
|-damage|p1a: Rillaboom|57/100|[from] Recoil
|move|p1b: Archaludon|Electro Shot||[still]
|-prepare|p1b: Archaludon|Electro Shot
|-boost|p1b: Archaludon|spa|1
|-anim|p1b: Archaludon|Electro Shot|p2b: Incineroar
|-damage|p2b: Incineroar|25/100
|
|-weather|RainDance|[upkeep]
|upkeep
|turn|7
|
|t:|1757906609
|move|p2b: Incineroar|Fake Out|p1a: Rillaboom
|-damage|p1a: Rillaboom|46/100
|cant|p1a: Rillaboom|flinch
|move|p1b: Archaludon|Electro Shot||[still]
|-prepare|p1b: Archaludon|Electro Shot
|-boost|p1b: Archaludon|spa|1
|-anim|p1b: Archaludon|Electro Shot|p2a: Pelipper
|-supereffective|p2a: Pelipper
|-enditem|p2a: Pelipper|Focus Sash
|-damage|p2a: Pelipper|1/100 par
|cant|p2a: Pelipper|par
|
|-weather|RainDance|[upkeep]
|-sideend|p1: Soratami|move: Tailwind
|upkeep
|turn|8
|
|t:|1757906633
|move|p2b: Incineroar|Knock Off|p1a: Rillaboom
|-damage|p1a: Rillaboom|8/100
|-enditem|p1a: Rillaboom|Miracle Seed|[from] move: Knock Off|[of] p2b: Incineroar
|move|p1a: Rillaboom|Grassy Glide|p2a: Pelipper
|-damage|p2a: Pelipper|0 fnt
|faint|p2a: Pelipper
|move|p1b: Archaludon|Electro Shot||[still]
|-prepare|p1b: Archaludon|Electro Shot
|-boost|p1b: Archaludon|spa|1
|-anim|p1b: Archaludon|Electro Shot|p2b: Incineroar
|-damage|p2b: Incineroar|0 fnt
|faint|p2b: Incineroar
|
|-weather|RainDance|[upkeep]
|upkeep
|
|t:|1757906639
|switch|p2b: Basculegion|Basculegion, L50, M|100/100
|turn|9
|
|t:|1757906649
|move|p2b: Basculegion|Last Respects|p1b: Archaludon
|-damage|p1b: Archaludon|0 fnt
|faint|p1b: Archaludon
|move|p1a: Rillaboom|Wood Hammer|p2b: Basculegion
|-supereffective|p2b: Basculegion
|-damage|p2b: Basculegion|0 fnt
|faint|p2b: Basculegion
|-damage|p1a: Rillaboom|0 fnt|[from] Recoil
|faint|p1a: Rillaboom
|
|win|Soratami
|raw|Soratami's rating: 1215 → 1251(+36 for winning)
|raw|Fish Percent's rating: 1379 → 1350(-29 for losing)
|l|☆Fish Percent
|player|p2|
|c|☆Soratami|gg
|l|☆Soratami
|player|p1|
|j|☆Fish Percent
|player|p2|Fish Percent|lucas|
|l|☆Fish Percent
|player|p2|
|j|☆Fish Percent
|player|p2|Fish Percent|lucas|
|l|☆Fish Percent
|player|p2|
