|j|☆rdyjyukujkhk
|j|☆sjogis
|html|rdyjyukujkhksjogis    
|uhtml|bestof|Game 3 of a best-of-3
|t:|1756654023
|gametype|doubles
|player|p1|rdyjyukujkhk|hilda|
|player|p2|sjogis|fisherman-gen4|
|gen|9
|tier|[Gen 9] VGC 2025 Reg H (Bo3)
|rule|Species Clause: Limit one of each Pokémon
|rule|Item Clause: Limit 1 of each item
|clearpoke
|poke|p1|Whimsicott, L50, F|
|poke|p1|Indeedee, L50, M|
|poke|p1|Sneasler, L50, M|
|poke|p1|Delphox, L50, F|
|poke|p1|Maushold, L50|
|poke|p1|Basculegion, L50, M|
|poke|p2|Indeedee-F, L50, F|
|poke|p2|Torkoal, L50, M|
|poke|p2|Gallade, L50, M|
|poke|p2|Ursaluna, L50, M|
|poke|p2|Armarouge, L50, M|
|poke|p2|Bellibolt, L50, F|
|teampreview|4
|showteam|p1|Whimsicott||CovertCloak|Prankster|Tailwind,Moonblast,HelpingHand,SunnyDay|||F|||50|,,,,,Water]Indeedee||FocusSash|PsychicSurge|ExpandingForce,TeraBlast,Imprison,TrickRoom|||M|||50|,,,,,Fighting]Sneasler||PsychicSeed|Unburden|DireClaw,CloseCombat,ThroatChop,Protect|||M|||50|,,,,,Dark]Delphox||LifeOrb|Blaze|ExpandingForce,HeatWave,Protect,Flamethrower|||F|||50|,,,,,Fire]Maushold||WideLens|Technician|PopulationBomb,FollowMe,Taunt,Protect||||||50|,,,,,Ghost]Basculegion||ChoiceScarf|Adaptability|WaveCrash,FlipTurn,LastRespects,TeraBlast|||M|||50|,,,,,Grass
|showteam|p2|Indeedee-F||RockyHelmet|PsychicSurge|DazzlingGleam,FollowMe,HelpingHand,TrickRoom|||F|||50|,,,,,Fairy]Torkoal||ChoiceSpecs|Drought|Eruption,HelpingHand,Overheat,EarthPower|||M|||50|,,,,,Fire]Gallade||ClearAmulet|Sharpness|PsychoCut,SacredSword,WideGuard,TrickRoom|||M|||50|,,,,,Normal]Ursaluna||FlameOrb|Guts|Facade,Earthquake,HeadlongRush,Protect|||M|||50|,,,,,Ghost]Armarouge||WeaknessPolicy|WeakArmor|Endure,LavaPlume,WeatherBall,ExpandingForce|||M|||50|,,,,,Psychic]Bellibolt||AssaultVest|Electromorphosis|ParabolicCharge,MuddyWater,SuckerPunch,VoltSwitch|||F|||50|,,,,,Water
|
|t:|1756654083
|teamsize|p1|4
|teamsize|p2|4
|start
|switch|p1a: Indeedee|Indeedee, L50, M|100/100
|switch|p1b: Maushold|Maushold, L50|100/100
|switch|p2a: Armarouge|Armarouge, L50, M|100/100
|switch|p2b: Bellibolt|Bellibolt, L50, F|100/100
|-fieldstart|move: Psychic Terrain|[from] ability: Psychic Surge|[of] p1a: Indeedee
|turn|1
|
|t:|1756654164
|move|p1b: Maushold|Follow Me|p1b: Maushold
|-singleturn|p1b: Maushold|move: Follow Me
|move|p1a: Indeedee|Imprison|p1a: Indeedee
|-start|p1a: Indeedee|move: Imprison
|cant|p2a: Armarouge|move: Imprison|Expanding Force
|move|p2b: Bellibolt|Parabolic Charge|p1a: Indeedee|[spread] p2a,p1a,p1b
|-crit|p1b: Maushold
|-damage|p2a: Armarouge|79/100
|-damage|p1a: Indeedee|74/100
|-damage|p1b: Maushold|60/100
|
|upkeep
|turn|2
|
|t:|1756654188
|switch|p2a: Indeedee|Indeedee-F, L50, F|100/100
|move|p1b: Maushold|Population Bomb|p2b: Bellibolt
|-damage|p2b: Bellibolt|93/100
|-start|p2b: Bellibolt|Charge|Population Bomb|[from] ability: Electromorphosis
|-damage|p2b: Bellibolt|85/100
|-start|p2b: Bellibolt|Charge|Population Bomb|[from] ability: Electromorphosis
|-damage|p2b: Bellibolt|76/100
|-start|p2b: Bellibolt|Charge|Population Bomb|[from] ability: Electromorphosis
|-damage|p2b: Bellibolt|69/100
|-start|p2b: Bellibolt|Charge|Population Bomb|[from] ability: Electromorphosis
|-damage|p2b: Bellibolt|62/100
|-start|p2b: Bellibolt|Charge|Population Bomb|[from] ability: Electromorphosis
|-damage|p2b: Bellibolt|54/100
|-start|p2b: Bellibolt|Charge|Population Bomb|[from] ability: Electromorphosis
|-damage|p2b: Bellibolt|47/100
|-start|p2b: Bellibolt|Charge|Population Bomb|[from] ability: Electromorphosis
|-damage|p2b: Bellibolt|38/100
|-start|p2b: Bellibolt|Charge|Population Bomb|[from] ability: Electromorphosis
|-damage|p2b: Bellibolt|31/100
|-start|p2b: Bellibolt|Charge|Population Bomb|[from] ability: Electromorphosis
|-crit|p2b: Bellibolt
|-damage|p2b: Bellibolt|21/100
|-start|p2b: Bellibolt|Charge|Population Bomb|[from] ability: Electromorphosis
|-hitcount|p2b: Bellibolt|10
|move|p1a: Indeedee|Expanding Force|p2a: Indeedee|[spread] p2a,p2b
|-resisted|p2a: Indeedee
|-crit|p2a: Indeedee
|-crit|p2b: Bellibolt
|-damage|p2a: Indeedee|57/100
|-damage|p2b: Bellibolt|0 fnt
|faint|p2b: Bellibolt
|
|upkeep
|
|t:|1756654200
|switch|p2b: Gallade|Gallade, L50, M|100/100
|turn|3
|
|t:|1756654250
|-terastallize|p1b: Maushold|Ghost
|move|p2a: Indeedee|Follow Me|p2a: Indeedee
|-singleturn|p2a: Indeedee|move: Follow Me
|move|p1b: Maushold|Taunt|p2a: Indeedee
|-start|p2a: Indeedee|move: Taunt
|move|p1a: Indeedee|Tera Blast|p2a: Indeedee
|-damage|p2a: Indeedee|23/100
|move|p2b: Gallade|Psycho Cut|p1a: Indeedee
|-resisted|p1a: Indeedee
|-damage|p1a: Indeedee|0 fnt
|faint|p1a: Indeedee
|
|upkeep
|
|t:|1756654269
|switch|p1a: Sneasler|Sneasler, L50, M|100/100
|-enditem|p1a: Sneasler|Psychic Seed
|-boost|p1a: Sneasler|spd|1|[from] item: Psychic Seed
|turn|4
|
|t:|1756654291
|switch|p2a: Armarouge|Armarouge, L50, M|79/100
|-terastallize|p2b: Gallade|Normal
|move|p1a: Sneasler|Throat Chop|p2a: Armarouge
|-supereffective|p2a: Armarouge
|-damage|p2a: Armarouge|9/100
|-start|p2a: Armarouge|Throat Chop|[silent]
|-ability|p2a: Armarouge|Weak Armor|boost
|-unboost|p2a: Armarouge|def|1
|-boost|p2a: Armarouge|spe|2
|-enditem|p2a: Armarouge|Weakness Policy
|-boost|p2a: Armarouge|atk|2|[from] item: Weakness Policy
|-boost|p2a: Armarouge|spa|2|[from] item: Weakness Policy
|move|p1b: Maushold|Population Bomb|p2b: Gallade
|-damage|p2b: Gallade|84/100
|-damage|p2b: Gallade|68/100
|-damage|p2b: Gallade|51/100
|-damage|p2b: Gallade|36/100
|-damage|p2b: Gallade|20/100
|-damage|p2b: Gallade|4/100
|-damage|p2b: Gallade|0 fnt
|faint|p2b: Gallade
|-hitcount|p2: Gallade|7
|
|upkeep
|
|t:|1756654293
|switch|p2b: Indeedee|Indeedee-F, L50, F|23/100
|turn|5
|
|t:|1756654332
|move|p1a: Sneasler|Protect|p1a: Sneasler
|-singleturn|p1a: Sneasler|Protect
|move|p1b: Maushold|Protect|p1b: Maushold
|-singleturn|p1b: Maushold|Protect
|move|p2b: Indeedee|Follow Me|p2b: Indeedee
|-singleturn|p2b: Indeedee|move: Follow Me
|move|p2a: Armarouge|Expanding Force|p1b: Maushold|[spread] 
|-activate|p1a: Sneasler|move: Protect
|-activate|p1b: Maushold|move: Protect
|
|-end|p2a: Armarouge|Throat Chop|[silent]
|-fieldend|move: Psychic Terrain
|upkeep
|turn|6
|
|t:|1756654358
|move|p2a: Armarouge|Endure|p2a: Armarouge
|-singleturn|p2a: Armarouge|move: Endure
|move|p2b: Indeedee|Follow Me|p2b: Indeedee
|-singleturn|p2b: Indeedee|move: Follow Me
|move|p1a: Sneasler|Throat Chop|p2b: Indeedee
|-supereffective|p2b: Indeedee
|-damage|p2b: Indeedee|0 fnt
|-damage|p1a: Sneasler|84/100|[from] item: Rocky Helmet|[of] p2b: Indeedee
|faint|p2b: Indeedee
|move|p1b: Maushold|Population Bomb|p2a: Armarouge
|-activate|p2a: Armarouge|move: Endure
|-damage|p2a: Armarouge|1/100
|-ability|p2a: Armarouge|Weak Armor|boost
|-unboost|p2a: Armarouge|def|1
|-boost|p2a: Armarouge|spe|2
|-activate|p2a: Armarouge|move: Endure
|-damage|p2a: Armarouge|1/100
|-ability|p2a: Armarouge|Weak Armor|boost
|-unboost|p2a: Armarouge|def|1
|-boost|p2a: Armarouge|spe|2
|-activate|p2a: Armarouge|move: Endure
|-damage|p2a: Armarouge|1/100
|-ability|p2a: Armarouge|Weak Armor|boost
|-unboost|p2a: Armarouge|def|1
|-activate|p2a: Armarouge|move: Endure
|-damage|p2a: Armarouge|1/100
|-ability|p2a: Armarouge|Weak Armor|boost
|-unboost|p2a: Armarouge|def|1
|-activate|p2a: Armarouge|move: Endure
|-damage|p2a: Armarouge|1/100
|-ability|p2a: Armarouge|Weak Armor|boost
|-unboost|p2a: Armarouge|def|1
|-activate|p2a: Armarouge|move: Endure
|-damage|p2a: Armarouge|1/100
|-activate|p2a: Armarouge|move: Endure
|-damage|p2a: Armarouge|1/100
|-crit|p2a: Armarouge
|-activate|p2a: Armarouge|move: Endure
|-damage|p2a: Armarouge|1/100
|-crit|p2a: Armarouge
|-activate|p2a: Armarouge|move: Endure
|-damage|p2a: Armarouge|1/100
|-activate|p2a: Armarouge|move: Endure
|-damage|p2a: Armarouge|1/100
|-hitcount|p2a: Armarouge|10
|
|upkeep
|turn|7
|
|t:|1756654403
|move|p2a: Armarouge|Lava Plume|p1b: Maushold|[spread] p1a,p1b
|-damage|p1a: Sneasler|22/100
|-damage|p1b: Maushold|0 fnt
|faint|p1b: Maushold
|move|p1a: Sneasler|Throat Chop|p2a: Armarouge
|-supereffective|p2a: Armarouge
|-damage|p2a: Armarouge|0 fnt
|faint|p2a: Armarouge
|
|win|rdyjyukujkhk
|c|☆sjogis|ggs :)
|c|☆rdyjyukujkhk|ggs
|c|☆sjogis|fikser du replays?
|c|☆rdyjyukujkhk|Ja
|c|☆sjogis|nice :)
