|j|☆GymGlofer
|j|☆sbhaga34
|html|GymGlofersbhaga34    
|uhtml|bestof|Game 1 of a best-of-3
|t:|1784175439
|gametype|doubles
|player|p1|GymGlofer|blackbelt|1136
|player|p2|sbhaga34|hugh|1183
|gen|9
|tier|[Gen 9 Champions] VGC 2026 Reg M-B (Bo3)
|rated|
|rule|Species Clause: Limit one of each Pokémon
|rule|Item Clause: Limit 1 of each item
|clearpoke
|poke|p1|Emboar, L50, M|
|poke|p1|Houndoom, L50, F|
|poke|p1|Talonflame, L50, M|
|poke|p1|Delphox, L50, F|
|poke|p1|Ninetales, L50, F|
|poke|p1|Arcanine-Hisui, L50, F|
|poke|p2|Excadrill, L50, F|
|poke|p2|Tyranitar, L50, M|
|poke|p2|Corviknight, L50, F|
|poke|p2|Rotom-Wash, L50|
|poke|p2|Mimikyu, L50, M|
|poke|p2|Scovillain, L50, M|
|teampreview|4
|showteam|p1|Emboar||Emboarite|Reckless|FlareBlitz,CloseCombat,SuckerPunch,Protect|Adamant||M|||50|]Houndoom||Houndoominite|Unnerve|HeatWave,DarkPulse,NastyPlot,Protect|Timid||F|||50|]Talonflame||FocusSash|GaleWings|TemperFlare,DualWingbeat,Tailwind,Protect|Jolly||M|||50|]Delphox||ChoiceScarf|Magician|MysticalFire,Psyshock,DazzlingGleam,Switcheroo|Modest||F|||50|]Ninetales||WideLens|Drought|Overheat,SolarBeam,FireSpin,Disable|Timid||F|||50|]Arcanine-Hisui||LifeOrb|RockHead|FlameCharge,HeadSmash,ExtremeSpeed,Protect|Jolly||F|||50|
|showteam|p2|Excadrill||FocusSash|SandRush|Earthquake,IronHead,SwordsDance,Protect|Adamant||F|||50|]Tyranitar||Tyranitarite|SandStream|RockSlide,KnockOff,LowKick,Protect|Adamant||M|||50|]Corviknight||SharpBeak|MirrorArmor|BraveBird,Tailwind,BulkUp,Roost|Careful||F|||50|]Rotom-Wash||ChoiceScarf|Levitate|VoltSwitch,Thunderbolt,Electroweb,HydroPump|Timid|||||50|]Mimikyu||FairyFeather|Disguise|PlayRough,ShadowSneak,TrickRoom,ShadowClaw|Adamant||M|||50|]Scovillain||Scovillainite|Chlorophyll|RagePowder,Overheat,GigaDrain,Protect|Calm||M|||50|
|inactive|Battle timer is ON: inactive players will automatically lose when time's up. (requested by GymGlofer)
|
|t:|1784175480
|teamsize|p1|4
|teamsize|p2|4
|start
|switch|p1a: Emboar|Emboar, L50, M|100/100
|switch|p1b: Delphox|Delphox, L50, F|100/100
|switch|p2a: Rotom|Rotom-Wash, L50|100/100
|switch|p2b: Tyranitar|Tyranitar, L50, M|100/100
|-weather|Sandstorm|[from] ability: Sand Stream|[of] p2b: Tyranitar
|turn|1
|
|t:|1784175501
|move|p2b: Tyranitar|Protect|p2b: Tyranitar
|-singleturn|p2b: Tyranitar|Protect
|move|p1a: Emboar|Protect|p1a: Emboar
|-singleturn|p1a: Emboar|Protect
|move|p1b: Delphox|Mystical Fire|p2a: Rotom
|-resisted|p2a: Rotom|1
|-damage|p2a: Rotom|82/100
|-unboost|p2a: Rotom|spa|1
|move|p2a: Rotom|Electroweb|p1a: Emboar|[spread] p1b
|-activate|p1a: Emboar|move: Protect
|-damage|p1b: Delphox|89/100
|-unboost|p1b: Delphox|spe|1
|
|-weather|Sandstorm|[upkeep]
|-damage|p2a: Rotom|76/100|[from] Sandstorm
|-damage|p1b: Delphox|83/100|[from] Sandstorm
|-damage|p1a: Emboar|94/100|[from] Sandstorm
|upkeep
|turn|2
|
|t:|1784175518
|switch|p2b: Corviknight|Corviknight, L50, F|100/100
|detailschange|p1a: Emboar|Emboar-Mega, L50, M
|-mega|p1a: Emboar|Emboar|Emboarite
|-ability|p1a: Emboar|Mold Breaker
|move|p2a: Rotom|Electroweb|p1b: Delphox|[spread] p1a,p1b
|-crit|p1a: Emboar
|-damage|p1a: Emboar|77/100
|-damage|p1b: Delphox|73/100
|-unboost|p1a: Emboar|spe|1
|-unboost|p1b: Delphox|spe|1
|move|p1b: Delphox|Mystical Fire|p2a: Rotom
|-resisted|p2a: Rotom|1
|-damage|p2a: Rotom|60/100
|-unboost|p2a: Rotom|spa|1
|move|p1a: Emboar|Close Combat|p2b: Corviknight
|-damage|p2b: Corviknight|31/100
|-unboost|p1a: Emboar|def|1
|-unboost|p1a: Emboar|spd|1
|
|-weather|Sandstorm|[upkeep]
|-damage|p2a: Rotom|54/100|[from] Sandstorm
|-damage|p1b: Delphox|67/100|[from] Sandstorm
|-damage|p1a: Emboar|71/100|[from] Sandstorm
|upkeep
|turn|3
|inactive|sbhaga34 has 30 seconds left.
|
|t:|1784175547
|switch|p2a: Tyranitar|Tyranitar, L50, M|100/100
|switch|p1a: Arcanine|Arcanine-Hisui, L50, F|100/100
|move|p1b: Delphox|Mystical Fire|p2b: Corviknight
|-supereffective|p2b: Corviknight|1
|-damage|p2b: Corviknight|0 fnt
|faint|p2b: Corviknight
|
|-weather|Sandstorm|[upkeep]
|-damage|p1b: Delphox|60/100|[from] Sandstorm
|upkeep
|
|t:|1784175554
|switch|p2b: Excadrill|Excadrill, L50, F|100/100
|turn|4
|
|t:|1784175561
|switch|p2a: Rotom|Rotom-Wash, L50|54/100
|move|p1a: Arcanine|Protect|p1a: Arcanine
|-singleturn|p1a: Arcanine|Protect
|move|p2b: Excadrill|Earthquake|p1b: Delphox|[spread] p1b
|-activate|p1a: Arcanine|move: Protect
|-immune|p2a: Rotom|[from] ability: Levitate
|-supereffective|p1b: Delphox|1
|-crit|p1b: Delphox
|-damage|p1b: Delphox|0 fnt
|faint|p1b: Delphox
|
|-weather|Sandstorm|[upkeep]
|-damage|p2a: Rotom|49/100|[from] Sandstorm
|upkeep
|
|t:|1784175571
|switch|p1b: Ninetales|Ninetales, L50, F|100/100
|-weather|SunnyDay|[from] ability: Drought|[of] p1b: Ninetales
|turn|5
|
|t:|1784175582
|move|p2a: Rotom|Electroweb|p1a: Arcanine|[spread] p1a,p1b
|-crit|p1a: Arcanine
|-damage|p1a: Arcanine|70/100
|-damage|p1b: Ninetales|79/100
|-unboost|p1a: Arcanine|spe|1
|-unboost|p1b: Ninetales|spe|1
|move|p2b: Excadrill|Earthquake|p1b: Ninetales|[spread] p1a,p1b
|-immune|p2a: Rotom|[from] ability: Levitate
|-supereffective|p1a: Arcanine|2
|-supereffective|p1b: Ninetales|1
|-damage|p1a: Arcanine|0 fnt
|-damage|p1b: Ninetales|0 fnt
|faint|p1a: Arcanine
|faint|p1b: Ninetales
|
|-weather|SunnyDay|[upkeep]
|upkeep
|
|t:|1784175591
|switch|p1b: Emboar|Emboar-Mega, L50, M|71/100
|-ability|p1b: Emboar|Mold Breaker
|turn|6
|
|t:|1784175594
|move|p2a: Rotom|Electroweb|p1b: Emboar
|-damage|p1b: Emboar|56/100
|-unboost|p1b: Emboar|spe|1
|move|p2b: Excadrill|Earthquake|p1b: Emboar|[spread] p1b
|-immune|p2a: Rotom|[from] ability: Levitate
|-supereffective|p1b: Emboar|1
|-damage|p1b: Emboar|0 fnt
|faint|p1b: Emboar
|
|win|sbhaga34
