|j|☆KodeBeast0526
|j|☆ladyhershay
|html|KodeBeast0526ladyhershay    
|uhtml|bestof|Game 1 of a best-of-3
|t:|1783393578
|gametype|doubles
|player|p1|KodeBeast0526|sailor|1091
|player|p2|ladyhershay|169|1089
|gen|9
|tier|[Gen 9 Champions] VGC 2026 Reg M-B (Bo3)
|rated|
|rule|Species Clause: Limit one of each Pokémon
|rule|Item Clause: Limit 1 of each item
|clearpoke
|poke|p1|Gengar, L50, F, shiny|
|poke|p1|Swampert, L50, M, shiny|
|poke|p1|Incineroar, L50, M, shiny|
|poke|p1|Politoed, L50, M, shiny|
|poke|p1|Archaludon, L50, M|
|poke|p1|Vivillon-Ocean, L50, F|
|poke|p2|Scizor, L50, F|
|poke|p2|Tyrantrum, L50, M|
|poke|p2|Clawitzer, L50, M|
|poke|p2|Hydrapple, L50, F|
|poke|p2|Eelektross, L50, M|
|poke|p2|Talonflame, L50, M|
|teampreview|4
|showteam|p1|Gengar||Gengarite|CursedBody|ShadowBall,PerishSong,SludgeBomb,Protect|Timid||F|||50|]Swampert||Swampertite|Torrent|WaveCrash,Earthquake,IcePunch,Protect|Adamant||M|||50|]Incineroar||PasshoBerry|Intimidate|ThroatChop,PartingShot,FakeOut,Protect|Sassy||M|||50|]Politoed||SitrusBerry|Drizzle|WeatherBall,PerishSong,Encore,Protect|Calm||M|||50|]Archaludon||Leftovers|Stamina|DragonPulse,FlashCannon,ElectroShot,Protect|Bold||M|||50|]Vivillon-Ocean||FocusSash|CompoundEyes|Hurricane,SleepPowder,RagePowder,Protect|Timid||F|||50|
|showteam|p2|Scizor||Scizorite|Technician|BulletPunch,DualWingbeat,BugBite,Protect|Adamant||F|||50|]Tyrantrum||ChoiceScarf|RockHead|HeadSmash,IronTail,DragonClaw,StompingTantrum|Adamant||M|||50|]Clawitzer||LifeOrb|MegaLauncher|MuddyWater,AuraSphere,DarkPulse,Protect|Modest||M|||50|]Hydrapple||BigRoot|Regenerator|FickleBeam,PollenPuff,EarthPower,GigaDrain|Calm||F|||50|]Eelektross||SitrusBerry|Levitate|SupercellSlam,DrainPunch,Coil,Protect|Adamant||M|||50|]Talonflame|||GaleWings|FlareBlitz,Acrobatics,Tailwind,Protect|Jolly||M|||50|
|inactive|Battle timer is ON: inactive players will automatically lose when time's up. (requested by ladyhershay)
|inactive|KodeBeast0526 has 60 seconds left.
|
|t:|1783393619
|teamsize|p1|4
|teamsize|p2|4
|start
|switch|p1a: Gengar|Gengar, L50, F, shiny|100/100
|switch|p1b: Politoed|Politoed, L50, M, shiny|100/100
|switch|p2a: Nail Polish|Talonflame, L50, M|100/100
|switch|p2b: 2Mega 2Claw|Clawitzer, L50, M|100/100
|-weather|RainDance|[from] ability: Drizzle|[of] p1b: Politoed
|turn|1
|
|t:|1783393638
|switch|p1a: Vivillon|Vivillon-Ocean, L50, F|100/100
|move|p2a: Nail Polish|Tailwind|p2a: Nail Polish
|-sidestart|p2: ladyhershay|move: Tailwind
|move|p2b: 2Mega 2Claw|Dark Pulse|p1a: Vivillon
|-enditem|p1a: Vivillon|Focus Sash
|-damage|p1a: Vivillon|1/100
|-damage|p2b: 2Mega 2Claw|90/100|[from] item: Life Orb
|move|p1b: Politoed|Weather Ball|p2a: Nail Polish
|-supereffective|p2a: Nail Polish|1
|-damage|p2a: Nail Polish|0 fnt
|faint|p2a: Nail Polish
|
|-weather|RainDance|[upkeep]
|upkeep
|
|t:|1783393653
|switch|p2a: Jay Arbys|Eelektross, L50, M|100/100
|turn|2
|
|t:|1783393665
|move|p2b: 2Mega 2Claw|Muddy Water|p1a: Vivillon|[spread] p1a,p1b
|-resisted|p1b: Politoed|1
|-damage|p1a: Vivillon|0 fnt
|-damage|p1b: Politoed|73/100
|-unboost|p1b: Politoed|accuracy|1
|faint|p1a: Vivillon
|-damage|p2b: 2Mega 2Claw|81/100|[from] item: Life Orb
|move|p2a: Jay Arbys|Coil|p2a: Jay Arbys
|-boost|p2a: Jay Arbys|atk|1
|-boost|p2a: Jay Arbys|def|1
|-boost|p2a: Jay Arbys|accuracy|1
|move|p1b: Politoed|Weather Ball|p2b: 2Mega 2Claw
|-resisted|p2b: 2Mega 2Claw|1
|-damage|p2b: 2Mega 2Claw|50/100g
|
|-weather|RainDance|[upkeep]
|upkeep
|
|t:|1783393680
|switch|p1a: Archaludon|Archaludon, L50, M|100/100
|turn|3
|
|t:|1783393694
|move|p2b: 2Mega 2Claw|Aura Sphere|p1a: Archaludon
|-supereffective|p1a: Archaludon|1
|-damage|p1a: Archaludon|0 fnt
|faint|p1a: Archaludon
|-damage|p2b: 2Mega 2Claw|41/100|[from] item: Life Orb
|move|p2a: Jay Arbys|Drain Punch|p1b: Politoed
|-damage|p1b: Politoed|44/100
|-enditem|p1b: Politoed|Sitrus Berry|[eat]
|-heal|p1b: Politoed|69/100|[from] item: Sitrus Berry
|move|p1b: Politoed|Encore|p2b: 2Mega 2Claw
|-start|p2b: 2Mega 2Claw|Encore
|
|-weather|RainDance|[upkeep]
|upkeep
|
|t:|1783393698
|switch|p1a: Gengar|Gengar, L50, F, shiny|100/100
|turn|4
|
|t:|1783393716
|switch|p2b: WashinMachin|Hydrapple, L50, F|100/100
|detailschange|p1a: Gengar|Gengar-Mega, L50, F, shiny
|-mega|p1a: Gengar|Gengar|Gengarite
|move|p2a: Jay Arbys|Supercell Slam|p1b: Politoed
|-supereffective|p1b: Politoed|1
|-damage|p1b: Politoed|0 fnt
|faint|p1b: Politoed
|move|p1a: Gengar|Perish Song|p1a: Gengar
|-start|p1a: Gengar|perish3|[silent]
|-start|p2a: Jay Arbys|perish3|[silent]
|-start|p2b: WashinMachin|perish3|[silent]
|-fieldactivate|move: Perish Song
|
|-weather|RainDance|[upkeep]
|-start|p2a: Jay Arbys|perish3
|-start|p1a: Gengar|perish3
|-start|p2b: WashinMachin|perish3
|-sideend|p2: ladyhershay|move: Tailwind
|upkeep
|turn|5
|
|t:|1783393733
|move|p1a: Gengar|Sludge Bomb|p2b: WashinMachin
|-supereffective|p2b: WashinMachin|1
|-crit|p2b: WashinMachin
|-damage|p2b: WashinMachin|0 fnt
|faint|p2b: WashinMachin
|move|p2a: Jay Arbys|Coil|p2a: Jay Arbys
|-boost|p2a: Jay Arbys|atk|1
|-boost|p2a: Jay Arbys|def|1
|-boost|p2a: Jay Arbys|accuracy|1
|
|-weather|none
|-start|p1a: Gengar|perish2
|-start|p2a: Jay Arbys|perish2
|upkeep
|
|t:|1783393743
|switch|p2b: 2Mega 2Claw|Clawitzer, L50, M|41/100
|turn|6
|
|t:|1783393750
|move|p1a: Gengar|Sludge Bomb|p2b: 2Mega 2Claw
|-damage|p2b: 2Mega 2Claw|0 fnt
|faint|p2b: 2Mega 2Claw
|move|p2a: Jay Arbys|Supercell Slam|p1a: Gengar
|-damage|p1a: Gengar|8/100
|
|-start|p1a: Gengar|perish1
|-start|p2a: Jay Arbys|perish1
|upkeep
|turn|7
|
|t:|1783393763
|move|p1a: Gengar|Protect|p1a: Gengar
|-singleturn|p1a: Gengar|Protect
|move|p2a: Jay Arbys|Supercell Slam|p1a: Gengar
|-activate|p1a: Gengar|move: Protect
|-damage|p2a: Jay Arbys|50/100y|[from] supercellslam
|-enditem|p2a: Jay Arbys|Sitrus Berry|[eat]
|-heal|p2a: Jay Arbys|75/100|[from] item: Sitrus Berry
|
|-start|p1a: Gengar|perish0
|-start|p2a: Jay Arbys|perish0
|faint|p1a: Gengar
|faint|p2a: Jay Arbys
|
|win|ladyhershay
|inactive|KodeBeast0526 has 30 seconds to confirm battle start!
|inactive|ladyhershay has 30 seconds to confirm battle start!
||KodeBeast0526 is ready for game 2.
