|j|☆m111naaaa
|j|☆ZNX Ferro
|html|m111naaaaZNX Ferro    
|uhtml|bestof|Game 1 of a best-of-3
|t:|1756313309
|gametype|doubles
|player|p1|m111naaaa|jasmine|1096
|player|p2|ZNX Ferro|101|1029
|gen|9
|tier|[Gen 9] VGC 2025 Reg H (Bo3)
|rated|
|rule|Species Clause: Limit one of each Pokémon
|rule|Item Clause: Limit 1 of each item
|clearpoke
|poke|p1|Kilowattrel, L50, M|
|poke|p1|Amoonguss, L50, F|
|poke|p1|Incineroar, L50, F|
|poke|p1|Porygon2, L50|
|poke|p1|Gholdengo, L50|
|poke|p1|Ursaluna, L50, M|
|poke|p2|Hydrapple, L50, M|
|poke|p2|Gastrodon-East, L50, M|
|poke|p2|Incineroar, L50, M|
|poke|p2|Farigiraf, L50, M|
|poke|p2|Gholdengo, L50|
|poke|p2|Weezing-Galar, L50, F|
|teampreview|4
|showteam|p1|Kilowattrel||FocusSash|Competitive|Thunderbolt,AirSlash,Tailwind,Protect|||M|||50|,,,,,Ghost]Amoonguss||SitrusBerry|Regenerator|PollenPuff,Spore,RagePowder,Protect|||F|||50|,,,,,Water]Incineroar||SafetyGoggles|Intimidate|FakeOut,FlareBlitz,KnockOff,PartingShot|||F|||50|,,,,,Ghost]Porygon2||Eviolite|Download|TeraBlast,IceBeam,Recover,TrickRoom||||||50|,,,,,Fighting]Gholdengo||MetalCoat|GoodasGold|MakeItRain,ShadowBall,NastyPlot,Protect||||||50|,,,,,Flying]Ursaluna||FlameOrb|Guts|Facade,HeadlongRush,Earthquake,Protect|||M|||50|,,,,,Ghost
|showteam|p2|Hydrapple||AssaultVest|Regenerator|FickleBeam,GigaDrain,EarthPower,PollenPuff|||M|||50|,,,,,Steel]Gastrodon-East||SitrusBerry|StormDrain|EarthPower,IceBeam,Recover,Yawn|||M|||50|,,,,,Grass]Incineroar||SafetyGoggles|Intimidate|FakeOut,KnockOff,FlareBlitz,PartingShot|||M|||50|,,,,,Ghost]Farigiraf||ThroatSpray|ArmorTail|Protect,HyperVoice,TwinBeam,TrickRoom|||M|||50|,,,,,Fairy]Gholdengo||EjectPack|GoodasGold|Protect,MakeItRain,ShadowBall,Trick||||||50|,,,,,Steel]Weezing-Galar||ChoiceSpecs|MistySurge|DazzlingGleam,SludgeBomb,StrangeSteam,ShadowBall|||F|||50|,,,,,Water
|
|t:|1756313362
|teamsize|p1|4
|teamsize|p2|4
|start
|switch|p1a: Porygon2|Porygon2, L50|100/100
|switch|p1b: Incineroar|Incineroar, L50, F|100/100
|switch|p2a: Farigiraf|Farigiraf, L50, M|100/100
|switch|p2b: Incineroar|Incineroar, L50, M|100/100
|-ability|p1b: Incineroar|Intimidate|boost
|-unboost|p2a: Farigiraf|atk|1
|-unboost|p2b: Incineroar|atk|1
|-ability|p2b: Incineroar|Intimidate|boost
|-unboost|p1a: Porygon2|atk|1
|-unboost|p1b: Incineroar|atk|1
|-ability|p1a: Porygon2|Download|boost
|-boost|p1a: Porygon2|atk|1
|turn|1
|
|t:|1756313387
|switch|p1a: Amoonguss|Amoonguss, L50, F|100/100
|move|p2b: Incineroar|Fake Out|p1b: Incineroar
|-damage|p1b: Incineroar|91/100
|cant|p1b: Incineroar|flinch
|move|p2a: Farigiraf|Hyper Voice|p1a: Amoonguss|[spread] p1a,p1b
|-crit|p1b: Incineroar
|-damage|p1a: Amoonguss|72/100
|-damage|p1b: Incineroar|44/100
|-enditem|p2a: Farigiraf|Throat Spray
|-boost|p2a: Farigiraf|spa|1|[from] item: Throat Spray
|
|upkeep
|turn|2
|
|t:|1756313409
|-terastallize|p2a: Farigiraf|Fairy
|move|p1b: Incineroar|Parting Shot|p2a: Farigiraf
|-unboost|p2a: Farigiraf|atk|1
|-unboost|p2a: Farigiraf|spa|1
|
|t:|1756313414
|switch|p1b: Porygon2|Porygon2, L50|100/100|[from] Parting Shot
|-ability|p1b: Porygon2|Download|boost
|-boost|p1b: Porygon2|atk|1
|move|p2b: Incineroar|Flare Blitz|p1a: Amoonguss
|-supereffective|p1a: Amoonguss
|-damage|p1a: Amoonguss|9/100
|-status|p1a: Amoonguss|brn
|-enditem|p1a: Amoonguss|Sitrus Berry|[eat]
|-heal|p1a: Amoonguss|34/100 brn|[from] item: Sitrus Berry
|-damage|p2b: Incineroar|77/100|[from] Recoil
|move|p2a: Farigiraf|Hyper Voice|p1b: Porygon2|[spread] p1a,p1b
|-damage|p1a: Amoonguss|4/100 brn
|-damage|p1b: Porygon2|80/100
|move|p1a: Amoonguss|Spore|p2a: Farigiraf
|-status|p2a: Farigiraf|slp|[from] move: Spore
|
|-damage|p1a: Amoonguss|0 fnt|[from] brn
|faint|p1a: Amoonguss
|upkeep
|
|t:|1756313430
|switch|p1a: Incineroar|Incineroar, L50, F|44/100
|-ability|p1a: Incineroar|Intimidate|boost
|-unboost|p2a: Farigiraf|atk|1
|-unboost|p2b: Incineroar|atk|1
|turn|3
|
|t:|1756313454
|move|p1a: Incineroar|Flare Blitz|p2a: Farigiraf
|-damage|p2a: Farigiraf|47/100 slp
|-damage|p1a: Incineroar|25/100|[from] Recoil
|move|p2b: Incineroar|Flare Blitz|p1a: Incineroar
|-resisted|p1a: Incineroar
|-damage|p1a: Incineroar|11/100
|-damage|p2b: Incineroar|72/100|[from] Recoil
|cant|p2a: Farigiraf|slp
|move|p1b: Porygon2|Trick Room|p1b: Porygon2
|-fieldstart|move: Trick Room|[of] p1b: Porygon2
|
|upkeep
|turn|4
|
|t:|1756313479
|-terastallize|p1b: Porygon2|Fighting
|cant|p2a: Farigiraf|slp
|move|p2b: Incineroar|Flare Blitz|p1a: Incineroar
|-resisted|p1a: Incineroar
|-crit|p1a: Incineroar
|-damage|p1a: Incineroar|0 fnt
|faint|p1a: Incineroar
|-damage|p2b: Incineroar|68/100|[from] Recoil
|move|p1b: Porygon2|Tera Blast|p2b: Incineroar|[anim] Tera Blast Fighting
|-supereffective|p2b: Incineroar
|-damage|p2b: Incineroar|13/100
|
|upkeep
|
|t:|1756313491
|switch|p1a: Ursaluna|Ursaluna, L50, M|100/100
|turn|5
|
|t:|1756313505
|-curestatus|p2a: Farigiraf|slp|[msg]
|move|p2a: Farigiraf|Twin Beam|p1b: Porygon2
|-supereffective|p1b: Porygon2
|-damage|p1b: Porygon2|58/100
|-supereffective|p1b: Porygon2
|-damage|p1b: Porygon2|35/100
|-hitcount|p1b: Porygon2|2
|move|p2b: Incineroar|Knock Off|p1a: Ursaluna
|-damage|p1a: Ursaluna|80/100
|-enditem|p1a: Ursaluna|Flame Orb|[from] move: Knock Off|[of] p2b: Incineroar
|move|p1b: Porygon2|Recover|p1b: Porygon2
|-heal|p1b: Porygon2|85/100
|move|p1a: Ursaluna|Earthquake|p2a: Farigiraf|[spread] p1b,p2a,p2b
|-supereffective|p2b: Incineroar
|-damage|p1b: Porygon2|60/100
|-damage|p2a: Farigiraf|4/100
|-damage|p2b: Incineroar|0 fnt
|faint|p2b: Incineroar
|
|upkeep
|
|t:|1756313530
|switch|p2b: Gholdengo|Gholdengo, L50|100/100
|turn|6
|
|t:|1756313566
|move|p2b: Gholdengo|Protect|p2b: Gholdengo
|-singleturn|p2b: Gholdengo|Protect
|move|p2a: Farigiraf|Twin Beam|p1b: Porygon2
|-supereffective|p1b: Porygon2
|-damage|p1b: Porygon2|38/100
|-supereffective|p1b: Porygon2
|-damage|p1b: Porygon2|15/100
|-hitcount|p1b: Porygon2|2
|move|p1b: Porygon2|Ice Beam|p2a: Farigiraf
|-damage|p2a: Farigiraf|0 fnt
|faint|p2a: Farigiraf
|move|p1a: Ursaluna|Headlong Rush|p2b: Gholdengo
|-activate|p2b: Gholdengo|move: Protect
|
|upkeep
|
|t:|1756313578
|switch|p2a: Hydrapple|Hydrapple, L50, M, shiny|100/100
|turn|7
|
|t:|1756313598
|move|p2b: Gholdengo|Protect||[still]
|-fail|p2b: Gholdengo
|move|p2a: Hydrapple|Fickle Beam|p1b: Porygon2
|-damage|p1b: Porygon2|0 fnt
|faint|p1b: Porygon2
|move|p1a: Ursaluna|Headlong Rush|p2b: Gholdengo
|-supereffective|p2b: Gholdengo
|-damage|p2b: Gholdengo|0 fnt
|-unboost|p1a: Ursaluna|def|1
|-unboost|p1a: Ursaluna|spd|1
|faint|p2b: Gholdengo
|
|-fieldend|move: Trick Room
|upkeep
|turn|8
|
|t:|1756313610
|move|p1a: Ursaluna|Facade|p2a: Hydrapple
|-damage|p2a: Hydrapple|69/100
|move|p2a: Hydrapple|Giga Drain|p1a: Ursaluna
|-supereffective|p1a: Ursaluna
|-damage|p1a: Ursaluna|0 fnt
|-heal|p2a: Hydrapple|100/100|[from] drain|[of] p1a: Ursaluna
|faint|p1a: Ursaluna
|
|win|ZNX Ferro
||ZNX Ferro is ready for game 2.
||m111naaaa is ready for game 2.
|uhtml|next|Next: Game 2 of 3
|l|☆ZNX Ferro
|player|p2|
