|j|☆ElAvi04
|j|☆chikago
|html|ElAvi04chikago    
|uhtml|bestof|Game 1 of a best-of-3
|t:|1785410677
|gametype|doubles
|player|p1|ElAvi04|101|1127
|player|p2|chikago|102|1044
|gen|9
|tier|[Gen 9 Champions] VGC 2026 Reg M-B (Bo3)
|rated|
|rule|Species Clause: Limit one of each Pokémon
|rule|Item Clause: Limit 1 of each item
|clearpoke
|poke|p1|Pikachu, L50, M|
|poke|p1|Tyranitar, L50, M|
|poke|p1|Blaziken, L50, M|
|poke|p1|Excadrill, L50, M|
|poke|p1|Sinistcha, L50|
|poke|p1|Milotic, L50, M|
|poke|p2|Archaludon, L50, M, shiny|
|poke|p2|Kingambit, L50, M, shiny|
|poke|p2|Pelipper, L50, M, shiny|
|poke|p2|Altaria, L50, M, shiny|
|poke|p2|Gengar, L50, M, shiny|
|poke|p2|Farigiraf, L50, M, shiny|
|teampreview|4
|showteam|p1|Pikachu||LightBall|LightningRod|FakeOut,VoltSwitch,Thunderbolt,GrassKnot|Timid||M|||50|]Tyranitar||Tyranitarite|SandStream|KnockOff,RockSlide,HighHorsepower,Protect|Jolly||M|||50|]Blaziken||Blazikenite|SpeedBoost|FlareBlitz,CloseCombat,PoisonJab,Protect|Adamant||M|||50|]Excadrill||FocusSash|SandRush|HighHorsepower,IronHead,RockSlide,Protect|Jolly||M|||50|]Sinistcha||KasibBerry|Hospitality|MatchaGotcha,ShadowBall,RagePowder,Protect|Bold|||||50|]Milotic||SitrusBerry|Competitive|Scald,IcyWind,IceBeam,Protect|Calm||M|||50|
|showteam|p2|Archaludon||Leftovers|Stamina|ElectroShot,AuraSphere,FlashCannon,Protect|Modest||M|||50|]Kingambit||ChopleBerry|Defiant|KowtowCleave,SuckerPunch,IronHead,Protect|Adamant||M|||50|]Pelipper||FocusSash|Drizzle|Hurricane,Tailwind,Protect,WeatherBall|Serious||M|||50|]Altaria||Altarianite|CloudNine|Earthquake,BodySlam,GigaImpact,Protect|Lonely||M|||50|]Gengar||Gengarite|CursedBody|PerishSong,DestinyBond,Protect,ShadowBall|Modest||M|||50|]Farigiraf||MentalHerb|ArmorTail|PsychicTerrain,DazzlingGleam,LightScreen,Protect|Modest||M|||50|
|c|☆ElAvi04|glhf
|inactive|Battle timer is ON: inactive players will automatically lose when time's up. (requested by chikago)
|inactive|ElAvi04 has 60 seconds left.
|inactive|ElAvi04 has 30 seconds left.
|
|t:|1785410769
|teamsize|p1|4
|teamsize|p2|4
|start
|switch|p1a: Blaziken|Blaziken, L50, M|100/100
|switch|p1b: Milotic|Milotic, L50, M|100/100
|switch|p2a: Archaludon|Archaludon, L50, M, shiny|100/100
|switch|p2b: Pelipper|Pelipper, L50, M, shiny|100/100
|-weather|RainDance|[from] ability: Drizzle|[of] p2b: Pelipper
|turn|1
|
|t:|1785410792
|switch|p1b: Tyranitar|Tyranitar, L50, M|100/100
|-weather|Sandstorm|[from] ability: Sand Stream|[of] p1b: Tyranitar
|move|p1a: Blaziken|Protect|p1a: Blaziken
|-singleturn|p1a: Blaziken|Protect
|move|p2a: Archaludon|Electro Shot||[still]
|-prepare|p2a: Archaludon|Electro Shot
|-boost|p2a: Archaludon|spa|1
|move|p2b: Pelipper|Hurricane|p1a: Blaziken
|-activate|p1a: Blaziken|move: Protect
|
|-weather|Sandstorm|[upkeep]
|-damage|p1a: Blaziken|94/100|[from] Sandstorm
|-damage|p2b: Pelipper|94/100|[from] Sandstorm
|-ability|p1a: Blaziken|Speed Boost|boost
|-boost|p1a: Blaziken|spe|1
|upkeep
|turn|2
|
|t:|1785410811
|detailschange|p1a: Blaziken|Blaziken-Mega, L50, M
|-mega|p1a: Blaziken|Blaziken|Blazikenite
|move|p1a: Blaziken|Close Combat|p2a: Archaludon
|-supereffective|p2a: Archaludon|1
|-damage|p2a: Archaludon|0 fnt
|-unboost|p1a: Blaziken|def|1
|-unboost|p1a: Blaziken|spd|1
|faint|p2a: Archaludon
|move|p1b: Tyranitar|Rock Slide|p2b: Pelipper
|-supereffective|p2b: Pelipper|1
|-damage|p2b: Pelipper|0 fnt
|faint|p2b: Pelipper
|
|-weather|Sandstorm|[upkeep]
|-damage|p1a: Blaziken|88/100|[from] Sandstorm
|-ability|p1a: Blaziken|Speed Boost|boost
|-boost|p1a: Blaziken|spe|1
|upkeep
|
|t:|1785410820
|switch|p2a: Altaria|Altaria, L50, M, shiny|100/100
|switch|p2b: Farigiraf|Farigiraf, L50, M, shiny|100/100
|-ability|p2a: Altaria|Cloud Nine
|turn|3
|inactive|ElAvi04 has 30 seconds left.
|inactive|ElAvi04 has 20 seconds left.
|inactive|ElAvi04 has 15 seconds left.
|inactive|ElAvi04 has 10 seconds left.
|
|t:|1785410865
|detailschange|p2a: Altaria|Altaria-Mega, L50, M, shiny
|-mega|p2a: Altaria|Altaria|Altarianite
|move|p1a: Blaziken|Protect|p1a: Blaziken
|-singleturn|p1a: Blaziken|Protect
|move|p1b: Tyranitar|Protect|p1b: Tyranitar
|-singleturn|p1b: Tyranitar|Protect
|move|p2a: Altaria|Giga Impact|p1a: Blaziken
|-activate|p1a: Blaziken|move: Protect
|move|p2b: Farigiraf|Dazzling Gleam|p1a: Blaziken|[spread] 
|-activate|p1a: Blaziken|move: Protect
|-activate|p1b: Tyranitar|move: Protect
|
|-weather|Sandstorm|[upkeep]
|-damage|p1a: Blaziken|82/100|[from] Sandstorm
|-damage|p2a: Altaria|93/100|[from] Sandstorm
|-damage|p2b: Farigiraf|93/100|[from] Sandstorm
|-ability|p1a: Blaziken|Speed Boost|boost
|-boost|p1a: Blaziken|spe|1
|upkeep
|turn|4
|
|t:|1785410880
|move|p1a: Blaziken|Poison Jab|p2a: Altaria
|-supereffective|p2a: Altaria|1
|-damage|p2a: Altaria|14/100
|move|p1b: Tyranitar|Knock Off|p2b: Farigiraf
|-supereffective|p2b: Farigiraf|1
|-damage|p2b: Farigiraf|3/100
|-enditem|p2b: Farigiraf|Mental Herb|[from] move: Knock Off|[of] p1b: Tyranitar
|move|p2a: Altaria|Giga Impact|p1a: Blaziken
|-damage|p1a: Blaziken|0 fnt
|-mustrecharge|p2a: Altaria
|faint|p1a: Blaziken
|move|p2b: Farigiraf|Dazzling Gleam|p1b: Tyranitar
|-supereffective|p1b: Tyranitar|1
|-damage|p1b: Tyranitar|66/100
|
|-weather|Sandstorm|[upkeep]
|-damage|p2a: Altaria|8/100|[from] Sandstorm
|-damage|p2b: Farigiraf|0 fnt|[from] Sandstorm
|faint|p2b: Farigiraf
|upkeep
|
|t:|1785410890
|switch|p1a: Excadrill|Excadrill, L50, M|100/100
|turn|5
|
|t:|1785410893
|move|p1a: Excadrill|Iron Head|p2a: Altaria
|-supereffective|p2a: Altaria|1
|-damage|p2a: Altaria|0 fnt
|faint|p2a: Altaria
|
|win|ElAvi04
|l|☆chikago
|player|p2|
