|j|☆exessvgc
|j|☆failandimprove3
|html|exessvgcfailandimprove3    
|uhtml|bestof|Game 2 of a best-of-3
|t:|1782257674
|gametype|doubles
|player|p1|exessvgc|lucas|1185
|player|p2|failandimprove3|169|1305
|gen|9
|tier|[Gen 9 Champions] VGC 2026 Reg M-B (Bo3)
|rated|
|rule|Species Clause: Limit one of each Pokémon
|rule|Item Clause: Limit 1 of each item
|clearpoke
|poke|p1|Sceptile, L50, M|
|poke|p1|Rotom-Heat, L50|
|poke|p1|Basculegion, L50, M|
|poke|p1|Aerodactyl, L50, M|
|poke|p1|Garchomp, L50, M|
|poke|p1|Floette-Eternal, L50, F|
|poke|p2|Charizard, L50, F|
|poke|p2|Floette-Eternal, L50, F|
|poke|p2|Whimsicott, L50, M|
|poke|p2|Basculegion, L50, M|
|poke|p2|Incineroar, L50, M|
|poke|p2|Garchomp, L50, F|
|teampreview|4
|showteam|p1|Sceptile||Sceptilite|Overgrow|GrassKnot,DragonPulse,EarthPower,Detect|Modest||M|||50|]Rotom-Heat||ChoiceScarf|Levitate|Thunderbolt,Overheat,VoltSwitch,Discharge|Timid|||||50|]Basculegion||SitrusBerry|Adaptability|WaveCrash,LastRespects,AquaJet,Protect|Adamant||M|||50|]Aerodactyl||FocusSash|Unnerve|RockSlide,DualWingbeat,Tailwind,WideGuard|Jolly||M|||50|]Garchomp||LifeOrb|RoughSkin|DragonClaw,Earthquake,RockSlide,Protect|Jolly||M|||50|]Floette-Eternal||Floettite|FlowerVeil|Moonblast,DazzlingGleam,LightofRuin,Protect|Timid||F|||50|
|showteam|p2|Charizard||CharizarditeY|Blaze|HeatWave,WeatherBall,SolarBeam,Protect|Modest||F|||50|]Floette-Eternal||Floettite|FlowerVeil|Moonblast,DazzlingGleam,LightofRuin,Protect|Timid||F|||50|]Whimsicott||FocusSash|Prankster|Moonblast,Tailwind,Encore,Protect|Timid||M|||50|]Basculegion||MysticWater|Adaptability|WaveCrash,LastRespects,AquaJet,Protect|Adamant||M|||50|]Incineroar||SitrusBerry|Intimidate|FlareBlitz,ThroatChop,PartingShot,FakeOut|Careful||M|||50|]Garchomp||LifeOrb|RoughSkin|Earthquake,RockSlide,DragonClaw,Protect|Jolly||F|||50|
|inactive|Battle timer is ON: inactive players will automatically lose when time's up. (requested by failandimprove3)
|inactive|failandimprove3 has 60 seconds left.
|inactive|failandimprove3 has 30 seconds left.
|
|t:|1782257744
|teamsize|p1|4
|teamsize|p2|4
|start
|switch|p1a: Aerodactyl|Aerodactyl, L50, M|100/100
|switch|p1b: Basculegion|Basculegion, L50, M|100/100
|switch|p2a: Floette|Floette-Eternal, L50, F|100/100
|switch|p2b: Incineroar|Incineroar, L50, M|100/100
|-ability|p1a: Aerodactyl|Unnerve
|-ability|p2b: Incineroar|Intimidate|boost
|-unboost|p1a: Aerodactyl|atk|1
|-unboost|p1b: Basculegion|atk|1
|turn|1
|
|t:|1782257762
|switch|p1a: Rotom|Rotom-Heat, L50|100/100
|detailschange|p2a: Floette|Floette-Mega, L50, F
|-mega|p2a: Floette|Floette|Floettite
|-ability|p2a: Floette|Fairy Aura
|move|p1b: Basculegion|Protect|p1b: Basculegion
|-singleturn|p1b: Basculegion|Protect
|move|p2b: Incineroar|Fake Out|p1a: Rotom
|-damage|p1a: Rotom|85/100
|move|p2a: Floette|Moonblast|p1a: Rotom
|-resisted|p1a: Rotom|1
|-damage|p1a: Rotom|33/100
|-unboost|p1a: Rotom|spa|1
|
|upkeep
|turn|2
|
|t:|1782257781
|move|p2a: Floette|Protect|p2a: Floette
|-singleturn|p2a: Floette|Protect
|move|p1a: Rotom|Volt Switch|p2b: Incineroar
|-damage|p2b: Incineroar|83/100
|
|t:|1782257788
|switch|p1a: Aerodactyl|Aerodactyl, L50, M|100/100|[from] Volt Switch
|-ability|p1a: Aerodactyl|Unnerve
|move|p1b: Basculegion|Wave Crash|p2b: Incineroar
|-supereffective|p2b: Incineroar|1
|-damage|p2b: Incineroar|0 fnt
|faint|p2b: Incineroar
|-damage|p1b: Basculegion|71/100|[from] Recoil
|
|upkeep
|
|t:|1782257813
|switch|p2b: Whimsicott|Whimsicott, L50, M|100/100
|turn|3
|inactive|exessvgc has 30 seconds left.
|
|t:|1782257843
|move|p1b: Basculegion|Protect|p1b: Basculegion
|-singleturn|p1b: Basculegion|Protect
|move|p2b: Whimsicott|Tailwind|p2b: Whimsicott
|-sidestart|p2: failandimprove3|move: Tailwind
|move|p2a: Floette|Moonblast|p1b: Basculegion
|-activate|p1b: Basculegion|move: Protect
|move|p1a: Aerodactyl|Tailwind|p1a: Aerodactyl
|-sidestart|p1: exessvgc|move: Tailwind
|
|upkeep
|turn|4
|
|t:|1782257858
|switch|p1a: Rotom|Rotom-Heat, L50|33/100
|move|p2b: Whimsicott|Encore||[still]
|-fail|p2b: Whimsicott
|move|p1b: Basculegion|Aqua Jet|p2a: Floette
|-damage|p2a: Floette|74/100
|move|p2a: Floette|Moonblast|p1b: Basculegion
|-damage|p1b: Basculegion|0 fnt
|faint|p1b: Basculegion
|
|upkeep
|
|t:|1782257880
|switch|p1b: Aerodactyl|Aerodactyl, L50, M|100/100
|-ability|p1b: Aerodactyl|Unnerve
|turn|5
|
|t:|1782257895
|switch|p2b: Basculegion|Basculegion, L50, M|100/100
|move|p2a: Floette|Protect|p2a: Floette
|-singleturn|p2a: Floette|Protect
|move|p1a: Rotom|Overheat|p2a: Floette
|-activate|p2a: Floette|move: Protect
|move|p1b: Aerodactyl|Dual Wingbeat|p2b: Basculegion
|-damage|p2b: Basculegion|81/100
|-damage|p2b: Basculegion|62/100
|-hitcount|p2b: Basculegion|2
|
|upkeep
|turn|6
|inactive|exessvgc has 30 seconds left.
|inactive|exessvgc has 20 seconds left.
|inactive|exessvgc has 15 seconds left.
|inactive|exessvgc has 10 seconds left.
|
|t:|1782257944
|move|p2b: Basculegion|Aqua Jet|p1a: Rotom
|-supereffective|p1a: Rotom|1
|-damage|p1a: Rotom|0 fnt
|faint|p1a: Rotom
|move|p1b: Aerodactyl|Dual Wingbeat|p2a: Floette
|-damage|p2a: Floette|50/100g
|-damage|p2a: Floette|27/100
|-hitcount|p2a: Floette|2
|move|p2a: Floette|Dazzling Gleam|p1b: Aerodactyl
|-damage|p1b: Aerodactyl|1/100
|
|-sideend|p1: exessvgc|move: Tailwind
|-sideend|p2: failandimprove3|move: Tailwind
|upkeep
|
|t:|1782257955
|switch|p1a: Sceptile|Sceptile, L50, M|100/100
|turn|7
|inactive|exessvgc has 30 seconds left.
|inactive|exessvgc has 20 seconds left.
|
|t:|1782257992
|switch|p2a: Whimsicott|Whimsicott, L50, M|100/100
|detailschange|p1a: Sceptile|Sceptile-Mega, L50, M
|-mega|p1a: Sceptile|Sceptile|Sceptilite
|move|p2b: Basculegion|Aqua Jet|p1b: Aerodactyl
|-supereffective|p1b: Aerodactyl|1
|-damage|p1b: Aerodactyl|0 fnt
|faint|p1b: Aerodactyl
|move|p1a: Sceptile|Grass Knot|p2a: Whimsicott
|-resisted|p2a: Whimsicott|1
|-damage|p2a: Whimsicott|89/100
|
|upkeep
|turn|8
|-message|exessvgc forfeited.
|
|win|failandimprove3
|raw|exessvgc's rating: 1185 → 1168(-17 for losing)
|raw|failandimprove3's rating: 1305 → 1318(+13 for winning)
|l|☆exessvgc
|player|p1|
|l|☆failandimprove3
|player|p2|
|j|☆failandimprove3
|player|p2|failandimprove3|169|
