|j|☆LeonardPlayz
|j|☆kapi_loves_yall
|html|LeonardPlayzkapi_loves_yall    
|uhtml|bestof|Game 2 of a best-of-3
|t:|1784758370
|gametype|doubles
|player|p1|LeonardPlayz|hilbert-wonderlauncher|1165
|player|p2|kapi_loves_yall|miku-ground|1232
|gen|9
|tier|[Gen 9 Champions] VGC 2026 Reg M-B (Bo3)
|rated|
|rule|Species Clause: Limit one of each Pokémon
|rule|Item Clause: Limit 1 of each item
|clearpoke
|poke|p1|Swampert, L50, M|
|poke|p1|Hydreigon, L50, F|
|poke|p1|Grimmsnarl, L50, M|
|poke|p1|Pelipper, L50, F|
|poke|p1|Archaludon, L50, M|
|poke|p1|Sinistcha, L50|
|poke|p2|Sinistcha-Masterpiece, L50|
|poke|p2|Mawile, L50, F|
|poke|p2|Primarina, L50, M|
|poke|p2|Scrafty, L50, M|
|poke|p2|Drampa, L50, F|
|poke|p2|Armarouge, L50, M|
|teampreview|4
|showteam|p1|Swampert||Swampertite|Torrent|WaveCrash,Earthquake,IcePunch,Protect|Adamant||M|||50|]Hydreigon||ChoiceScarf|Levitate|DarkPulse,DragonPulse,Snarl,Uturn|Modest||F|||50|]Grimmsnarl||BlackGlasses|Prankster|FakeOut,FoulPlay,WonderRoom,PartingShot|Impish||M|||50|]Pelipper||SitrusBerry|Drizzle|Tailwind,WeatherBall,Hurricane,WideGuard|Modest||F|||50|]Archaludon||Leftovers|Stamina|ElectroShot,DragonPulse,FlashCannon,Protect|Modest||M|||50|]Sinistcha||CobaBerry|Hospitality|RagePowder,MatchaGotcha,ShadowBall,Protect|Modest|||||50|
|showteam|p2|Sinistcha-Masterpiece||SitrusBerry|Hospitality|MatchaGotcha,RagePowder,TrickRoom,ShadowBall|Relaxed|||||50|]Mawile||Mawilite|HyperCutter|IronHead,PlayRough,SuckerPunch,Protect|Brave||F|||50|]Primarina||MysticWater|LiquidVoice|HyperVoice,IceBeam,Moonblast,Protect|Quiet||M|||50|]Scrafty||Scraftinite|Intimidate|Crunch,CloseCombat,RockSlide,FakeOut|Brave||M|||50|]Drampa||LifeOrb|CloudNine|HyperVoice,EarthPower,DragonPulse,Protect|Quiet||F|||50|]Armarouge||ColburBerry|FlashFire|ArmorCannon,TrickRoom,Psychic,WideGuard|Sassy||M|||50|
|inactive|Battle timer is ON: inactive players will automatically lose when time's up. (requested by LeonardPlayz)
|
|t:|1784758390
|teamsize|p1|4
|teamsize|p2|4
|start
|switch|p1a: Archaludon|Archaludon, L50, M|100/100
|switch|p1b: Grimmothy S.|Grimmsnarl, L50, M|100/100
|switch|p2a: Scrafty|Scrafty, L50, M|100/100
|switch|p2b: Armarouge|Armarouge, L50, M|100/100
|-ability|p2a: Scrafty|Intimidate|boost
|-unboost|p1a: Archaludon|atk|1
|-unboost|p1b: Grimmothy S.|atk|1
|turn|1
|inactive|LeonardPlayz has 30 seconds left.
|
|t:|1784758416
|detailschange|p2a: Scrafty|Scrafty-Mega, L50, M
|-mega|p2a: Scrafty|Scrafty|Scraftinite
|-ability|p2a: Scrafty|Intimidate|boost
|-unboost|p1a: Archaludon|atk|1
|-unboost|p1b: Grimmothy S.|atk|1
|move|p1b: Grimmothy S.|Parting Shot|p2b: Armarouge
|-unboost|p2b: Armarouge|atk|1
|-unboost|p2b: Armarouge|spa|1
|
|t:|1784758422
|switch|p1b: Pelipper|Pelipper, L50, F|100/100|[from] Parting Shot
|-weather|RainDance|[from] ability: Drizzle|[of] p1b: Pelipper
|move|p1a: Archaludon|Electro Shot||[still]
|-prepare|p1a: Archaludon|Electro Shot
|-boost|p1a: Archaludon|spa|1
|-anim|p1a: Archaludon|Electro Shot|p2a: Scrafty
|-damage|p2a: Scrafty|53/100
|move|p2a: Scrafty|Close Combat|p1a: Archaludon
|-supereffective|p1a: Archaludon|1
|-damage|p1a: Archaludon|0 fnt
|-unboost|p2a: Scrafty|def|1
|-unboost|p2a: Scrafty|spd|1
|faint|p1a: Archaludon
|move|p2b: Armarouge|Trick Room|p2b: Armarouge
|-fieldstart|move: Trick Room|[of] p2b: Armarouge
|
|-weather|RainDance|[upkeep]
|upkeep
|
|t:|1784758433
|switch|p1a: Grimmothy S.|Grimmsnarl, L50, M|100/100
|turn|2
|
|t:|1784758440
|move|p1a: Grimmothy S.|Fake Out|p2a: Scrafty
|-damage|p2a: Scrafty|40/100
|cant|p2a: Scrafty|flinch
|move|p2b: Armarouge|Psychic|p1b: Pelipper
|-damage|p1b: Pelipper|69/100
|move|p1b: Pelipper|Hurricane|p2a: Scrafty
|-supereffective|p2a: Scrafty|1
|-damage|p2a: Scrafty|0 fnt
|faint|p2a: Scrafty
|
|-weather|RainDance|[upkeep]
|upkeep
|
|t:|1784758444
|switch|p2a: Drampa|Drampa, L50, F|100/100
|-ability|p2a: Drampa|Cloud Nine
|turn|3
|
|t:|1784758459
|switch|p2b: Primarina|Primarina, L50, M|100/100
|move|p1a: Grimmothy S.|Parting Shot|p2a: Drampa
|-unboost|p2a: Drampa|atk|1
|-unboost|p2a: Drampa|spa|1
|
|t:|1784758463
|switch|p1a: Swampert|Swampert, L50, M|100/100|[from] Parting Shot
|move|p2a: Drampa|Hyper Voice|p1a: Swampert|[spread] p1a,p1b
|-damage|p1a: Swampert|61/100
|-damage|p1b: Pelipper|31/100
|-enditem|p1b: Pelipper|Sitrus Berry|[eat]
|-heal|p1b: Pelipper|55/100|[from] item: Sitrus Berry
|-damage|p2a: Drampa|90/100|[from] item: Life Orb
|move|p1b: Pelipper|Hurricane|p2b: Primarina
|-damage|p2b: Primarina|68/100
|
|-weather|RainDance|[upkeep]
|upkeep
|turn|4
|
|t:|1784758478
|detailschange|p1a: Swampert|Swampert-Mega, L50, M
|-mega|p1a: Swampert|Swampert|Swampertite
|move|p1b: Pelipper|Wide Guard|p1b: Pelipper
|-singleturn|p1b: Pelipper|Wide Guard
|move|p2a: Drampa|Hyper Voice|p1b: Pelipper|[spread] 
|-activate|p1a: Swampert|move: Wide Guard
|-activate|p1b: Pelipper|move: Wide Guard
|move|p2b: Primarina|Hyper Voice|p1a: Swampert|[spread] 
|-activate|p1a: Swampert|move: Wide Guard
|-activate|p1b: Pelipper|move: Wide Guard
|move|p1a: Swampert|Earthquake|p2b: Primarina|[spread] p2a,p2b
|-activate|p1b: Pelipper|move: Wide Guard
|-damage|p2a: Drampa|39/100
|-damage|p2b: Primarina|3/100
|
|-weather|RainDance|[upkeep]
|upkeep
|turn|5
|inactive|kapi_loves_yall has 30 seconds left.
|
|t:|1784758504
|switch|p1b: Grimmothy S.|Grimmsnarl, L50, M|100/100
|move|p1a: Swampert|Protect|p1a: Swampert
|-singleturn|p1a: Swampert|Protect
|move|p2a: Drampa|Dragon Pulse|p1b: Grimmothy S.
|-immune|p1b: Grimmothy S.
|move|p2b: Primarina|Hyper Voice|p1a: Swampert|[spread] p1b
|-activate|p1a: Swampert|move: Protect
|-damage|p1b: Grimmothy S.|58/100
|
|-weather|none
|-fieldend|move: Trick Room
|upkeep
|turn|6
|
|t:|1784758518
|switch|p2a: Armarouge|Armarouge, L50, M|100/100
|move|p2b: Primarina|Protect|p2b: Primarina
|-singleturn|p2b: Primarina|Protect
|move|p1b: Grimmothy S.|Parting Shot|p2b: Primarina
|-activate|p2b: Primarina|move: Protect
|move|p1a: Swampert|Earthquake|p2a: Armarouge|[spread] p1b,p2a
|-activate|p2b: Primarina|move: Protect
|-crit|p1b: Grimmothy S.
|-supereffective|p2a: Armarouge|1
|-damage|p1b: Grimmothy S.|0 fnt
|-damage|p2a: Armarouge|8/100
|faint|p1b: Grimmothy S.
|
|upkeep
|
|t:|1784758523
|switch|p1b: Pelipper|Pelipper, L50, F|55/100
|-weather|RainDance|[from] ability: Drizzle|[of] p1b: Pelipper
|turn|7
|
|t:|1784758528
|move|p2a: Armarouge|Wide Guard|p2a: Armarouge
|-singleturn|p2a: Armarouge|Wide Guard
|move|p1a: Swampert|Earthquake|p2b: Primarina|[spread] 
|-activate|p2a: Armarouge|move: Wide Guard
|-activate|p2b: Primarina|move: Wide Guard
|-immune|p1b: Pelipper
|move|p1b: Pelipper|Weather Ball|p2a: Armarouge
|-supereffective|p2a: Armarouge|1
|-damage|p2a: Armarouge|0 fnt
|faint|p2a: Armarouge
|move|p2b: Primarina|Hyper Voice|p1b: Pelipper|[spread] p1a,p1b
|-resisted|p1b: Pelipper|1
|-damage|p1a: Swampert|3/100
|-damage|p1b: Pelipper|16/100
|
|-weather|RainDance|[upkeep]
|upkeep
|
|t:|1784758530
|switch|p2a: Drampa|Drampa, L50, F|39/100
|-ability|p2a: Drampa|Cloud Nine
|turn|8
|
|t:|1784758539
|move|p1a: Swampert|Earthquake|p2a: Drampa|[spread] p2a,p2b
|-immune|p1b: Pelipper
|-damage|p2a: Drampa|0 fnt
|-damage|p2b: Primarina|0 fnt
|faint|p2a: Drampa
|faint|p2b: Primarina
|
|win|LeonardPlayz
|raw|LeonardPlayz's rating: 1165 → 1195(+30 for winning)
|raw|kapi_loves_yall's rating: 1232 → 1202(-30 for losing)
