|j|☆lolgz
|j|☆pabloblo
|html|lolgzpabloblo    
|uhtml|bestof|Game 3 of a best-of-3
|t:|1782518727
|gametype|doubles
|player|p1|lolgz|dawn|1289
|player|p2|pabloblo|juan|1290
|gen|9
|tier|[Gen 9 Champions] VGC 2026 Reg M-B (Bo3)
|rated|
|rule|Species Clause: Limit one of each Pokémon
|rule|Item Clause: Limit 1 of each item
|clearpoke
|poke|p1|Torkoal, L50, M|
|poke|p1|Vileplume, L50, F|
|poke|p1|Farigiraf, L50, F|
|poke|p1|Scrafty, L50, M|
|poke|p1|Gallade, L50, M|
|poke|p1|Mawile, L50, M|
|poke|p2|Floette-Eternal, L50, F|
|poke|p2|Ceruledge, L50, M|
|poke|p2|Kommo-o, L50, F|
|poke|p2|Milotic, L50, M|
|poke|p2|Wyrdeer, L50, M|
|poke|p2|Ninetales-Alola, L50, F|
|teampreview|4
|showteam|p1|Torkoal||Charcoal|Drought|Eruption,WeatherBall,EarthPower,Protect|Quiet||M|||50|]Vileplume||FocusSash|Chlorophyll|EnergyBall,SludgeBomb,SleepPowder,AfterYou|Timid||F|||50|]Farigiraf||SitrusBerry|ArmorTail|TrickRoom,Thunderbolt,Psychic,HelpingHand|Relaxed||F|||50|]Scrafty||Scraftinite|Intimidate|FakeOut,CloseCombat,KnockOff,RockTomb|Brave||M|||50|]Gallade||IronBall|Sharpness|SacredSword,PsychoCut,WideGuard,TrickRoom|Brave||M|||50|]Mawile||Mawilite|HyperCutter|SuckerPunch,PlayRough,SwordsDance,Protect|Brave||M|||50|
|showteam|p2|Floette-Eternal||Floettite|FlowerVeil|Moonblast,DazzlingGleam,CalmMind,Protect|Timid||F|||50|]Ceruledge||Charcoal|FlashFire|BitterBlade,ShadowSneak,BulkUp,Protect|Adamant||M|||50|]Kommo-o||DragonFang|Soundproof|ClangingScales,DrainPunch,ClangorousSoul,Protect|Naive||F|||50|]Milotic||Leftovers|Competitive|MuddyWater,Hypnosis,LifeDew,Coil|Sassy||M|||50|]Wyrdeer||ColburBerry|Intimidate|PsyshieldBash,Gravity,Hypnosis,TrickRoom|Adamant||M|||50|]Ninetales-Alola||FocusSash|SnowWarning|Blizzard,Moonblast,AuroraVeil,Protect|Timid||F|||50|
|inactive|Battle timer is ON: inactive players will automatically lose when time's up. (requested by lolgz)
|inactive|pabloblo has 60 seconds left.
|
|t:|1782518761
|teamsize|p1|4
|teamsize|p2|4
|start
|switch|p1a: Vileplume|Vileplume, L50, F|100/100
|switch|p1b: Torkoal|Torkoal, L50, M|100/100
|switch|p2a: Ceruledge|Ceruledge, L50, M|100/100
|switch|p2b: Kommo-o|Kommo-o, L50, F|100/100
|-weather|SunnyDay|[from] ability: Drought|[of] p1b: Torkoal
|turn|1
|inactive|lolgz has 30 seconds left.
|inactive|lolgz has 20 seconds left.
|
|t:|1782518799
|move|p1a: Vileplume|Sleep Powder|p2a: Ceruledge
|-status|p2a: Ceruledge|slp|[from] move: Sleep Powder
|move|p2b: Kommo-o|Clanging Scales|p1a: Vileplume|[spread] p1a,p1b
|-damage|p1a: Vileplume|48/100
|-damage|p1b: Torkoal|42/100
|-unboost|p2b: Kommo-o|def|1
|cant|p2a: Ceruledge|slp
|move|p1b: Torkoal|Weather Ball|p2b: Kommo-o
|-resisted|p2b: Kommo-o|1
|-damage|p2b: Kommo-o|54/100
|
|-weather|SunnyDay|[upkeep]
|upkeep
|turn|2
|
|t:|1782518808
|move|p1a: Vileplume|Sleep Powder|p2b: Kommo-o
|-status|p2b: Kommo-o|slp|[from] move: Sleep Powder
|cant|p2b: Kommo-o|slp
|cant|p2a: Ceruledge|slp
|move|p1b: Torkoal|Earth Power|p2a: Ceruledge
|-supereffective|p2a: Ceruledge|1
|-damage|p2a: Ceruledge|45/100 slp
|
|-weather|SunnyDay|[upkeep]
|upkeep
|turn|3
|
|t:|1782518822
|-curestatus|p2a: Ceruledge|slp|[msg]
|move|p2a: Ceruledge|Protect|p2a: Ceruledge
|-singleturn|p2a: Ceruledge|Protect
|move|p1a: Vileplume|After You|p1b: Torkoal
|-activate|p1b: Torkoal|move: After You
|move|p1b: Torkoal|Earth Power|p2a: Ceruledge
|-activate|p2a: Ceruledge|move: Protect
|cant|p2b: Kommo-o|slp
|
|-weather|SunnyDay|[upkeep]
|upkeep
|turn|4
|
|t:|1782518834
|switch|p2a: Milotic|Milotic, L50, M|100/100
|move|p1a: Vileplume|Sleep Powder|p2a: Milotic
|-status|p2a: Milotic|slp|[from] move: Sleep Powder
|-curestatus|p2b: Kommo-o|slp|[msg]
|move|p2b: Kommo-o|Clanging Scales|p1a: Vileplume|[spread] p1a,p1b
|-damage|p1a: Vileplume|0 fnt
|-damage|p1b: Torkoal|0 fnt
|faint|p1a: Vileplume
|faint|p1b: Torkoal
|-unboost|p2b: Kommo-o|def|1
|
|-weather|SunnyDay|[upkeep]
|upkeep
|
|t:|1782518837
|switch|p1a: Farigiraf|Farigiraf, L50, F|100/100
|switch|p1b: Mawile|Mawile, L50, M|100/100
|turn|5
|
|t:|1782518852
|detailschange|p1b: Mawile|Mawile-Mega, L50, M
|-mega|p1b: Mawile|Mawile|Mawilite
|move|p2b: Kommo-o|Clanging Scales|p1b: Mawile|[spread] p1a
|-immune|p1b: Mawile
|-damage|p1a: Farigiraf|56/100
|-unboost|p2b: Kommo-o|def|1
|cant|p2a: Milotic|slp
|move|p1b: Mawile|Swords Dance|p1b: Mawile
|-boost|p1b: Mawile|atk|2
|move|p1a: Farigiraf|Trick Room|p1a: Farigiraf
|-fieldstart|move: Trick Room|[of] p1a: Farigiraf
|
|-weather|none
|upkeep
|turn|6
|
|t:|1782518876
|switch|p2b: Wyrdeer|Wyrdeer, L50, M|100/100
|-ability|p2b: Wyrdeer|Intimidate|boost
|-unboost|p1a: Farigiraf|atk|1
|-unboost|p1b: Mawile|atk|1
|move|p1b: Mawile|Play Rough|p2a: Milotic
|-damage|p2a: Milotic|0 fnt
|faint|p2a: Milotic
|move|p1a: Farigiraf|Psychic|p2b: Wyrdeer
|-resisted|p2b: Wyrdeer|1
|-damage|p2b: Wyrdeer|84/100
|
|upkeep
|
|t:|1782518888
|switch|p2a: Ceruledge|Ceruledge, L50, M|45/100
|turn|7
|
|t:|1782518902
|move|p1b: Mawile|Play Rough|p2a: Ceruledge|[miss]
|-miss|p1b: Mawile|p2a: Ceruledge
|move|p1a: Farigiraf|Psychic|p2a: Ceruledge
|-damage|p2a: Ceruledge|12/100
|move|p2a: Ceruledge|Bitter Blade|p1b: Mawile
|-supereffective|p1b: Mawile|1
|-crit|p1b: Mawile
|-damage|p1b: Mawile|0 fnt
|-heal|p2a: Ceruledge|56/100|[from] drain|[of] p1b: Mawile
|faint|p1b: Mawile
|move|p2b: Wyrdeer|Trick Room|p2b: Wyrdeer
|-fieldend|move: Trick Room
|
|upkeep
|turn|8
|inactive|lolgz has 30 seconds left.
|
|t:|1782518927
|move|p2a: Ceruledge|Bitter Blade|p1a: Farigiraf
|-damage|p1a: Farigiraf|21/100
|-heal|p2a: Ceruledge|78/100|[from] drain|[of] p1a: Farigiraf
|-enditem|p1a: Farigiraf|Sitrus Berry|[eat]
|-heal|p1a: Farigiraf|46/100|[from] item: Sitrus Berry
|move|p2b: Wyrdeer|Gravity|p2b: Wyrdeer
|-fieldstart|move: Gravity
|move|p1a: Farigiraf|Psychic|p2a: Ceruledge
|-damage|p2a: Ceruledge|46/100
|
|upkeep
|turn|9
|-message|lolgz forfeited.
|
|win|pabloblo
|raw|lolgz's rating: 1289 → 1264(-25 for losing)
|raw|pabloblo's rating: 1290 → 1315(+25 for winning)
