|j|☆endertytar
|j|☆Darkan33
|html|endertytarDarkan33    
|uhtml|bestof|Game 3 of a best-of-3
|t:|1757018550
|gametype|doubles
|player|p1|endertytar|hugh|1143
|player|p2|Darkan33|veteran|1165
|gen|9
|tier|[Gen 9] VGC 2025 Reg H (Bo3)
|rated|
|rule|Species Clause: Limit one of each Pokémon
|rule|Item Clause: Limit 1 of each item
|clearpoke
|poke|p1|Tyranitar, L50, F|
|poke|p1|Dondozo, L50, F|
|poke|p1|Sneasler, L50, F|
|poke|p1|Gholdengo, L50|
|poke|p1|Indeedee, L50, M|
|poke|p1|Volcarona, L50, M|
|poke|p2|Hydreigon, L50, M|
|poke|p2|Ursaluna, L50, F|
|poke|p2|Gholdengo, L50|
|poke|p2|Incineroar, L50, F|
|poke|p2|Amoonguss, L50, M|
|poke|p2|Porygon2, L50|
|teampreview|4
|showteam|p1|Tyranitar||ClearAmulet|SandStream|Protect,DragonDance,RockSlide,KnockOff|||F|||50|,,,,,Ghost]Dondozo||Leftovers|Unaware|Protect,Yawn,Liquidation,Substitute|||F|||50|,,,,,Grass]Sneasler||PsychicSeed|Unburden|CloseCombat,DireClaw,Coaching,Protect|||F|||50|,,,,,Dark]Gholdengo||MetalCoat|GoodasGold|Protect,NastyPlot,ShadowBall,MakeItRain||||||50|,,,,,Steel]Indeedee||ChoiceScarf|PsychicSurge|Trick,ExpandingForce,TrickRoom,Protect|||M|||50|,,,,,Psychic]Volcarona||SitrusBerry|FlameBody|Tailwind,FieryDance,StruggleBug,RagePowder|||M|||50|,,,,,Grass
|showteam|p2|Hydreigon||SafetyGoggles|Levitate|DracoMeteor,Snarl,Protect,Tailwind|||M|||50|,,,,,Fire]Ursaluna||FlameOrb|Guts|HeadlongRush,Facade,Protect,Earthquake|||F|||50|,,,,,Ghost]Gholdengo||LifeOrb|GoodasGold|MakeItRain,ShadowBall,Protect,NastyPlot||||||50|,,,,,Water]Incineroar||MirrorHerb|Intimidate|FakeOut,KnockOff,FlareBlitz,PartingShot|||F|||50|,,,,,Ghost]Amoonguss||SitrusBerry|Regenerator|Spore,RagePowder,Protect,PollenPuff|||M|||50|,,,,,Fairy]Porygon2||Eviolite|Download|TrickRoom,IceBeam,TeraBlast,Recover||||||50|,,,,,Fighting
|inactive|Battle timer is ON: inactive players will automatically lose when time's up. (requested by endertytar)
|
|t:|1757018578
|teamsize|p1|4
|teamsize|p2|4
|start
|switch|p1a: Sneasler|Sneasler, L50, F|100/100
|switch|p1b: Volcarona|Volcarona, L50, M|100/100
|switch|p2a: Hydreigon|Hydreigon, L50, M, shiny|100/100
|switch|p2b: Incineroar|Incineroar, L50, F, shiny|100/100
|-ability|p2b: Incineroar|Intimidate|boost
|-unboost|p1a: Sneasler|atk|1
|-unboost|p1b: Volcarona|atk|1
|turn|1
|
|t:|1757018600
|switch|p1a: Indeedee|Indeedee, L50, M|100/100
|-fieldstart|move: Psychic Terrain|[from] ability: Psychic Surge|[of] p1a: Indeedee
|move|p2b: Incineroar|Fake Out|p1a: Indeedee
|-activate|p1a: Indeedee|move: Psychic Terrain
|move|p2a: Hydreigon|Tailwind|p2a: Hydreigon
|-sidestart|p2: Darkan33|move: Tailwind
|move|p1b: Volcarona|Tailwind|p1b: Volcarona
|-sidestart|p1: endertytar|move: Tailwind
|
|upkeep
|turn|2
|
|t:|1757018624
|move|p1a: Indeedee|Trick|p2b: Incineroar
|-activate|p1a: Indeedee|move: Trick|[of] p2b: Incineroar
|-item|p2b: Incineroar|Choice Scarf|[from] move: Trick
|-item|p1a: Indeedee|Mirror Herb|[from] move: Trick
|move|p1b: Volcarona|Struggle Bug|p2b: Incineroar|[spread] p2a,p2b
|-supereffective|p2a: Hydreigon
|-damage|p2a: Hydreigon|64/100
|-damage|p2b: Incineroar|84/100
|-unboost|p2a: Hydreigon|spa|1
|-unboost|p2b: Incineroar|spa|1
|move|p2a: Hydreigon|Snarl|p1a: Indeedee|[spread] p1a,p1b
|-supereffective|p1a: Indeedee
|-damage|p1a: Indeedee|61/100
|-damage|p1b: Volcarona|86/100
|-unboost|p1a: Indeedee|spa|1
|-unboost|p1b: Volcarona|spa|1
|move|p2b: Incineroar|Knock Off|p1a: Indeedee
|-supereffective|p1a: Indeedee
|-damage|p1a: Indeedee|0 fnt
|-enditem|p1a: Indeedee|Mirror Herb|[from] move: Knock Off|[of] p2b: Incineroar
|faint|p1a: Indeedee
|
|upkeep
|
|t:|1757018639
|switch|p1a: Tyranitar|Tyranitar, L50, F|100/100
|-weather|Sandstorm|[from] ability: Sand Stream|[of] p1a: Tyranitar
|turn|3
|
|t:|1757018655
|switch|p2b: Toti|Ursaluna, L50, F|100/100
|move|p1b: Volcarona|Struggle Bug|p2b: Toti|[spread] p2a,p2b
|-supereffective|p2a: Hydreigon
|-damage|p2a: Hydreigon|40/100
|-damage|p2b: Toti|90/100
|-unboost|p2a: Hydreigon|spa|1
|-unboost|p2b: Toti|spa|1
|move|p2a: Hydreigon|Draco Meteor|p1b: Volcarona
|-damage|p1b: Volcarona|59/100
|-unboost|p2a: Hydreigon|spa|2
|move|p1a: Tyranitar|Dragon Dance|p1a: Tyranitar
|-boost|p1a: Tyranitar|atk|1
|-boost|p1a: Tyranitar|spe|1
|
|-weather|Sandstorm|[upkeep]
|-damage|p1b: Volcarona|53/100|[from] Sandstorm
|-status|p2b: Toti|brn|[from] item: Flame Orb
|upkeep
|turn|4
|inactive|endertytar has 30 seconds left.
|
|t:|1757018683
|move|p1a: Tyranitar|Knock Off|p2b: Toti
|-damage|p2b: Toti|19/100 brn
|-enditem|p2b: Toti|Flame Orb|[from] move: Knock Off|[of] p1a: Tyranitar
|move|p1b: Volcarona|Fiery Dance|p2b: Toti
|-damage|p2b: Toti|0 fnt
|-boost|p1b: Volcarona|spa|1
|faint|p2b: Toti
|move|p2a: Hydreigon|Tailwind||[still]
|-fail|p2a: Hydreigon
|
|-weather|Sandstorm|[upkeep]
|-damage|p1b: Volcarona|47/100|[from] Sandstorm
|-enditem|p1b: Volcarona|Sitrus Berry|[eat]
|-heal|p1b: Volcarona|72/100|[from] item: Sitrus Berry
|-sideend|p1: endertytar|move: Tailwind
|-sideend|p2: Darkan33|move: Tailwind
|upkeep
|
|t:|1757018691
|switch|p2b: Gholdengo|Gholdengo, L50|100/100
|turn|5
|inactive|endertytar has 30 seconds left.
|
|t:|1757018718
|switch|p2a: Incineroar|Incineroar, L50, F, shiny|84/100
|-ability|p2a: Incineroar|Intimidate|boost
|-fail|p1a: Tyranitar|unboost|[from] item: Clear Amulet|[of] p1a: Tyranitar
|-unboost|p1b: Volcarona|atk|1
|-terastallize|p2b: Gholdengo|Water
|move|p1a: Tyranitar|Knock Off|p2b: Gholdengo
|-damage|p2b: Gholdengo|17/100
|-enditem|p2b: Gholdengo|Life Orb|[from] move: Knock Off|[of] p1a: Tyranitar
|move|p1b: Volcarona|Tailwind|p1b: Volcarona
|-sidestart|p1: endertytar|move: Tailwind
|move|p2b: Gholdengo|Make It Rain|p1b: Volcarona|[spread] p1a,p1b
|-supereffective|p1a: Tyranitar
|-resisted|p1b: Volcarona
|-damage|p1a: Tyranitar|32/100
|-damage|p1b: Volcarona|48/100
|-unboost|p2b: Gholdengo|spa|1
|
|-weather|Sandstorm|[upkeep]
|-damage|p1b: Volcarona|42/100|[from] Sandstorm
|-damage|p2b: Gholdengo|11/100|[from] Sandstorm
|-damage|p2a: Incineroar|78/100|[from] Sandstorm
|-fieldend|move: Psychic Terrain
|upkeep
|turn|6
|inactive|endertytar has 30 seconds left.
|
|t:|1757018743
|move|p1a: Tyranitar|Protect|p1a: Tyranitar
|-singleturn|p1a: Tyranitar|Protect
|move|p2a: Incineroar|Fake Out|p1a: Tyranitar
|-activate|p1a: Tyranitar|move: Protect
|move|p1b: Volcarona|Struggle Bug|p2a: Incineroar|[spread] p2a,p2b
|-damage|p2a: Incineroar|63/100
|-damage|p2b: Gholdengo|0 fnt
|-unboost|p2a: Incineroar|spa|1
|faint|p2b: Gholdengo
|
|-weather|Sandstorm|[upkeep]
|-damage|p1b: Volcarona|36/100|[from] Sandstorm
|-damage|p2a: Incineroar|57/100|[from] Sandstorm
|upkeep
|
|t:|1757018750
|switch|p2b: Hydreigon|Hydreigon, L50, M, shiny|40/100
|turn|7
|
|t:|1757018756
|move|p2a: Incineroar|Fake Out||[still]
|-hint|Fake Out only works on your first turn out.
|-fail|p2a: Incineroar
|move|p1a: Tyranitar|Rock Slide|p2a: Incineroar|[spread] p2a
|-miss|p1a: Tyranitar|p2b: Hydreigon
|-supereffective|p2a: Incineroar
|-damage|p2a: Incineroar|0 fnt
|faint|p2a: Incineroar
|move|p1b: Volcarona|Struggle Bug|p2b: Hydreigon
|-supereffective|p2b: Hydreigon
|-damage|p2b: Hydreigon|0 fnt
|faint|p2b: Hydreigon
|
|win|endertytar
|raw|endertytar's rating: 1143 → 1170(+27 for winning)
|raw|Darkan33's rating: 1165 → 1138(-27 for losing)
