|j|☆Yung Dung Beetle
|j|☆ga sneasler
|html|Yung Dung Beetlega sneasler    
|uhtml|bestof|Game 1 of a best-of-3
|t:|1756430206
|gametype|doubles
|player|p1|Yung Dung Beetle|170|1125
|player|p2|ga sneasler|265|1176
|gen|9
|tier|[Gen 9] VGC 2025 Reg H (Bo3)
|rated|
|rule|Species Clause: Limit one of each Pokémon
|rule|Item Clause: Limit 1 of each item
|clearpoke
|poke|p1|Rillaboom, L50, F|
|poke|p1|Baxcalibur, L50, M|
|poke|p1|Volcarona, L50, M|
|poke|p1|Annihilape, L50, M|
|poke|p1|Ursaluna-Bloodmoon, L50, M|
|poke|p1|Amoonguss, L50, F|
|poke|p2|Dragapult, L50, F|
|poke|p2|Kingambit, L50, F|
|poke|p2|Electabuzz, L50, F|
|poke|p2|Blaziken, L50, M|
|poke|p2|Primarina, L50, F|
|poke|p2|Rillaboom, L50, M|
|teampreview|4
|showteam|p1|Rillaboom||CovertCloak|GrassySurge|FakeOut,GrassyGlide,DrumBeating,HighHorsepower|||F|||50|,,,,,Fire]Baxcalibur||LoadedDice|ThermalExchange|ScaleShot,IcicleSpear,IceShard,Protect|||M|||50|,,,,,Ghost]Volcarona||GrassySeed|FlameBody|HeatWave,QuiverDance,Protect,GigaDrain|||M|||50|,,,,,Grass]Annihilape||FocusSash|Defiant|CloseCombat,RageFist,Coaching,Taunt|||M|||50|,,,,,Water]Ursaluna-Bloodmoon||AssaultVest|MindsEye|BloodMoon,HyperVoice,VacuumWave,EarthPower|||M|||50|,,,,,Normal]Amoonguss||RockyHelmet|Regenerator|Spore,Protect,PollenPuff,RagePowder|||F|||50|,,,,,Psychic
|showteam|p2|Dragapult||ChoiceBand|ClearBody|Outrage,DragonDarts,PhantomForce,Uturn|||F|||50|,,,,,Dragon]Kingambit||SafetyGoggles|Defiant|KowtowCleave,SuckerPunch,SwordsDance,Protect|||F|||50|,,,,,Dark]Electabuzz||Eviolite|VitalSpirit|Thunderbolt,HelpingHand,FollowMe,Protect|||F|||50|,,,,,Ghost]Blaziken||FocusSash|SpeedBoost|HeatWave,AuraSphere,Coaching,Detect|||M|||50|,,,,,Ghost]Primarina||SitrusBerry|LiquidVoice|Moonblast,HyperVoice,Haze,Protect|||F|||50|,,,,,Water]Rillaboom||AssaultVest|GrassySurge|WoodHammer,GrassyGlide,FakeOut,Uturn|||M|||50|,,,,,Fire
|inactive|Battle timer is ON: inactive players will automatically lose when time's up. (requested by ga sneasler)
|inactive|Yung Dung Beetle also wants the timer to be on.
|inactive|Yung Dung Beetle has 60 seconds left.
|
|t:|1756430254
|teamsize|p1|4
|teamsize|p2|4
|start
|switch|p1a: Ursaluna|Ursaluna-Bloodmoon, L50, M|100/100
|switch|p1b: Amoonguss|Amoonguss, L50, F|100/100
|switch|p2a: Blaziken|Blaziken, L50, M|100/100
|switch|p2b: Dragapult|Dragapult, L50, F|100/100
|turn|1
|
|t:|1756430271
|move|p1b: Amoonguss|Rage Powder|p1b: Amoonguss
|-singleturn|p1b: Amoonguss|move: Rage Powder
|move|p2b: Dragapult|U-turn|p1b: Amoonguss
|-damage|p1b: Amoonguss|73/100
|-damage|p2b: Dragapult|84/100|[from] item: Rocky Helmet|[of] p1b: Amoonguss
|
|t:|1756430277
|switch|p2b: Kingambit|Kingambit, L50, F|100/100|[from] U-turn
|move|p2a: Blaziken|Coaching|p2b: Kingambit
|-boost|p2b: Kingambit|atk|1
|-boost|p2b: Kingambit|def|1
|move|p1a: Ursaluna|Blood Moon|p2b: Kingambit
|-resisted|p2b: Kingambit
|-damage|p2b: Kingambit|59/100
|
|-ability|p2a: Blaziken|Speed Boost|boost
|-boost|p2a: Blaziken|spe|1
|upkeep
|turn|2
|inactive|ga sneasler has 30 seconds left.
|
|t:|1756430305
|-terastallize|p2b: Kingambit|Dark
|move|p1a: Ursaluna|Vacuum Wave|p2b: Kingambit
|-supereffective|p2b: Kingambit
|-damage|p2b: Kingambit|28/100
|move|p2b: Kingambit|Sucker Punch||[still]
|-fail|p2b: Kingambit
|move|p2a: Blaziken|Heat Wave|p1a: Ursaluna|[spread] p1a,p1b
|-supereffective|p1b: Amoonguss
|-damage|p1a: Ursaluna|75/100
|-damage|p1b: Amoonguss|12/100
|-status|p1b: Amoonguss|brn
|move|p1b: Amoonguss|Spore|p2a: Blaziken
|-status|p2a: Blaziken|slp|[from] move: Spore
|
|-damage|p1b: Amoonguss|6/100 brn|[from] brn
|-ability|p2a: Blaziken|Speed Boost|boost
|-boost|p2a: Blaziken|spe|1
|upkeep
|turn|3
|
|t:|1756430324
|-terastallize|p1a: Ursaluna|Normal
|move|p2b: Kingambit|Protect|p2b: Kingambit
|-singleturn|p2b: Kingambit|Protect
|move|p1b: Amoonguss|Rage Powder|p1b: Amoonguss
|-singleturn|p1b: Amoonguss|move: Rage Powder
|cant|p2a: Blaziken|slp
|move|p1a: Ursaluna|Hyper Voice|p2a: Blaziken|[spread] p2a
|-activate|p2b: Kingambit|move: Protect
|-damage|p2a: Blaziken|22/100 slp
|
|-damage|p1b: Amoonguss|0 fnt|[from] brn
|faint|p1b: Amoonguss
|-ability|p2a: Blaziken|Speed Boost|boost
|-boost|p2a: Blaziken|spe|1
|upkeep
|
|t:|1756430331
|switch|p1b: BIG BODY BENZ|Baxcalibur, L50, M|100/100
|turn|4
|
|t:|1756430353
|move|p2b: Kingambit|Sucker Punch|p1b: BIG BODY BENZ
|-damage|p1b: BIG BODY BENZ|20/100
|cant|p2a: Blaziken|slp
|move|p1b: BIG BODY BENZ|Scale Shot|p2b: Kingambit
|-damage|p2b: Kingambit|19/100
|-damage|p2b: Kingambit|12/100
|-damage|p2b: Kingambit|4/100
|-damage|p2b: Kingambit|0 fnt
|faint|p2b: Kingambit
|-hitcount|p2: Kingambit|4
|-unboost|p1b: BIG BODY BENZ|def|1
|-boost|p1b: BIG BODY BENZ|spe|1
|move|p1a: Ursaluna|Hyper Voice|p2a: Blaziken
|-damage|p2a: Blaziken|0 fnt
|faint|p2a: Blaziken
|
|upkeep
|
|t:|1756430359
|switch|p2a: Electabuzz|Electabuzz, L50, F|100/100
|switch|p2b: Dragapult|Dragapult, L50, F|84/100
|turn|5
|
|t:|1756430379
|move|p1b: BIG BODY BENZ|Protect|p1b: BIG BODY BENZ
|-singleturn|p1b: BIG BODY BENZ|Protect
|move|p2a: Electabuzz|Follow Me|p2a: Electabuzz
|-singleturn|p2a: Electabuzz|move: Follow Me
|move|p2b: Dragapult|Dragon Darts|p1a: Ursaluna
|-damage|p1a: Ursaluna|46/100
|-anim|p2b: Dragapult|Dragon Darts|p1a: Ursaluna
|-damage|p1a: Ursaluna|14/100
|move|p1a: Ursaluna|Earth Power|p2a: Electabuzz
|-supereffective|p2a: Electabuzz
|-damage|p2a: Electabuzz|22/100
|
|upkeep
|turn|6
|
|t:|1756430389
|move|p2a: Electabuzz|Follow Me|p2a: Electabuzz
|-singleturn|p2a: Electabuzz|move: Follow Me
|move|p1b: BIG BODY BENZ|Ice Shard|p2a: Electabuzz
|-damage|p2a: Electabuzz|3/100
|move|p2b: Dragapult|Dragon Darts|p1a: Ursaluna
|-damage|p1a: Ursaluna|0 fnt
|-anim|p2b: Dragapult|Dragon Darts|p1b: BIG BODY BENZ
|-supereffective|p1b: BIG BODY BENZ
|-damage|p1b: BIG BODY BENZ|0 fnt
|faint|p1a: Ursaluna
|faint|p1b: BIG BODY BENZ
|
|upkeep
|
|t:|1756430392
|switch|p1b: Annihilape|Annihilape, L50, M|100/100
|turn|7
|
|t:|1756430404
|move|p2a: Electabuzz|Follow Me|p2a: Electabuzz
|-singleturn|p2a: Electabuzz|move: Follow Me
|move|p2b: Dragapult|Dragon Darts|p1b: Annihilape
|-damage|p1b: Annihilape|55/100
|-anim|p2b: Dragapult|Dragon Darts|p1b: Annihilape
|-damage|p1b: Annihilape|15/100
|move|p1b: Annihilape|Rage Fist|p2a: Electabuzz
|-damage|p2a: Electabuzz|0 fnt
|faint|p2a: Electabuzz
|
|upkeep
|turn|8
|
|t:|1756430408
|move|p2b: Dragapult|Dragon Darts|p1b: Annihilape
|-damage|p1b: Annihilape|0 fnt
|faint|p1b: Annihilape
|
|win|ga sneasler
||ga sneasler is ready for game 2.
||Yung Dung Beetle is ready for game 2.
|uhtml|next|Next: Game 2 of 3
