|j|☆ufhednarvgc
|j|☆axolotlwooper
|html|ufhednarvgcaxolotlwooper    
|uhtml|bestof|Game 1 of a best-of-3
|t:|1785959603
|gametype|doubles
|player|p1|ufhednarvgc|lance|1127
|player|p2|axolotlwooper|linebacker|1204
|gen|9
|tier|[Gen 9 Champions] VGC 2026 Reg M-B (Bo3)
|rated|
|rule|Species Clause: Limit one of each Pokémon
|rule|Item Clause: Limit 1 of each item
|clearpoke
|poke|p1|Arcanine-Hisui, L50, F|
|poke|p1|Kingambit, L50, F|
|poke|p1|Raichu, L50, F|
|poke|p1|Farigiraf, L50, F|
|poke|p1|Sylveon, L50, F|
|poke|p1|Staraptor, L50, M|
|poke|p2|Camerupt, L50, M|
|poke|p2|Farigiraf, L50, F|
|poke|p2|Vanilluxe, L50, M|
|poke|p2|Scrafty, L50, M|
|poke|p2|Staraptor, L50, F|
|poke|p2|Sylveon, L50, F|
|teampreview|4
|showteam|p1|Arcanine-Hisui||FocusSash|RockHead|FlareBlitz,HeadSmash,ExtremeSpeed,Protect|Jolly||F|||50|]Kingambit||LifeOrb|Defiant|KowtowCleave,SuckerPunch,SwordsDance,Protect|Adamant||F|||50|]Raichu||RaichuniteY|LightningRod|ZapCannon,FocusBlast,FakeOut,Protect|Timid||F|||50|]Farigiraf||SitrusBerry|ArmorTail|Psychic,HelpingHand,TrickRoom,Protect|Modest||F|||50|]Sylveon||FairyFeather|Pixilate|HyperVoice,HyperBeam,QuickAttack,Detect|Modest||F|||50|]Staraptor||Staraptite|Intimidate|CloseCombat,DualWingbeat,Roost,Protect|Jolly||M|||50|
|showteam|p2|Camerupt||Cameruptite|SolidRock|HeatWave,AncientPower,EarthPower,Protect|Quiet||M|||50|]Farigiraf||SitrusBerry|ArmorTail|PsychicFangs,Thunderbolt,TrickRoom,Protect|Sassy||F|||50|]Vanilluxe||NeverMeltIce|SnowWarning|Blizzard,FreezeDry,IceShard,Protect|Quiet||M|||50|]Scrafty||Scraftinite|Intimidate|CloseCombat,KnockOff,IronHead,FakeOut|Brave||M|||50|]Staraptor||ChoiceScarf|Intimidate|BraveBird,CloseCombat,Uturn,FinalGambit|Jolly||F|||50|]Sylveon||FairyFeather|Pixilate|HyperVoice,QuickAttack,HyperBeam,Detect|Quiet||F|||50|
|inactive|Battle timer is ON: inactive players will automatically lose when time's up. (requested by axolotlwooper)
|inactive|ufhednarvgc has 60 seconds left.
|inactive|axolotlwooper has 60 seconds left.
|inactive|ufhednarvgc has 30 seconds left.
|inactive|axolotlwooper has 30 seconds left.
|inactive|axolotlwooper has 20 seconds left.
|
|t:|1785959677
|teamsize|p1|4
|teamsize|p2|4
|start
|switch|p1a: Raichu|Raichu, L50, F|100/100
|switch|p1b: Kingambit|Kingambit, L50, F|100/100
|switch|p2a: Farigiraf|Farigiraf, L50, F|100/100
|switch|p2b: Staraptor|Staraptor, L50, F|100/100
|-ability|p2b: Staraptor|Intimidate|boost
|-unboost|p1a: Raichu|atk|1
|-unboost|p1b: Kingambit|atk|1
|-ability|p1b: Kingambit|Defiant|boost
|-boost|p1b: Kingambit|atk|2
|turn|1
|inactive|axolotlwooper has 30 seconds left.
|inactive|ufhednarvgc has 30 seconds left.
|inactive|axolotlwooper has 20 seconds left.
|inactive|axolotlwooper has 15 seconds left.
|
|t:|1785959721
|detailschange|p1a: Raichu|Raichu-Mega-Y, L50, F
|-mega|p1a: Raichu|Raichu|Raichunite Y
|move|p1b: Kingambit|Protect|p1b: Kingambit
|-singleturn|p1b: Kingambit|Protect
|move|p2a: Farigiraf|Protect|p2a: Farigiraf
|-singleturn|p2a: Farigiraf|Protect
|move|p2b: Staraptor|Final Gambit|p1a: Raichu
|-damage|p1a: Raichu|0 fnt
|faint|p2b: Staraptor
|faint|p1a: Raichu
|
|upkeep
|
|t:|1785959743
|switch|p1a: Farigiraf|Farigiraf, L50, F|100/100
|switch|p2b: Scrafty|Scrafty, L50, M|100/100
|-ability|p2b: Scrafty|Intimidate|boost
|-unboost|p1a: Farigiraf|atk|1
|-unboost|p1b: Kingambit|atk|1
|-ability|p1b: Kingambit|Defiant|boost
|-boost|p1b: Kingambit|atk|2
|turn|2
|inactive|axolotlwooper has 30 seconds left.
|inactive|axolotlwooper has 20 seconds left.
|
|t:|1785959782
|switch|p1a: Sylveon|Sylveon, L50, F|100/100
|switch|p2a: Sylveon|Sylveon, L50, F|100/100
|detailschange|p2b: Scrafty|Scrafty-Mega, L50, M
|-mega|p2b: Scrafty|Scrafty|Scraftinite
|-ability|p2b: Scrafty|Intimidate|boost
|-unboost|p1a: Sylveon|atk|1
|-unboost|p1b: Kingambit|atk|1
|-ability|p1b: Kingambit|Defiant|boost
|-boost|p1b: Kingambit|atk|2
|move|p2b: Scrafty|Close Combat|p1b: Kingambit
|-supereffective|p1b: Kingambit|2
|-damage|p1b: Kingambit|0 fnt
|-unboost|p2b: Scrafty|def|1
|-unboost|p2b: Scrafty|spd|1
|faint|p1b: Kingambit
|
|upkeep
|
|t:|1785959795
|switch|p1b: Farigiraf|Farigiraf, L50, F|100/100
|turn|3
|inactive|axolotlwooper has 30 seconds left.
|
|t:|1785959821
|move|p1b: Farigiraf|Helping Hand|p1a: Sylveon
|-singleturn|p1a: Sylveon|Helping Hand|[of] p1b: Farigiraf
|move|p1a: Sylveon|Hyper Voice|p2a: Sylveon|[spread] p2a,p2b
|-supereffective|p2b: Scrafty|2
|-damage|p2a: Sylveon|42/100
|-damage|p2b: Scrafty|0 fnt
|faint|p2b: Scrafty
|move|p2a: Sylveon|Hyper Voice|p1b: Farigiraf|[spread] p1a,p1b
|-damage|p1a: Sylveon|59/100
|-damage|p1b: Farigiraf|58/100
|
|upkeep
|
|t:|1785959831
|switch|p2b: Farigiraf|Farigiraf, L50, F|100/100
|turn|4
|
|t:|1785959854
|move|p1b: Farigiraf|Helping Hand|p1a: Sylveon
|-singleturn|p1a: Sylveon|Helping Hand|[of] p1b: Farigiraf
|move|p2a: Sylveon|Detect|p2a: Sylveon
|-singleturn|p2a: Sylveon|Protect
|move|p1a: Sylveon|Hyper Voice|p2b: Farigiraf|[spread] p2b
|-activate|p2a: Sylveon|move: Protect
|-damage|p2b: Farigiraf|41/100
|-enditem|p2b: Farigiraf|Sitrus Berry|[eat]
|-heal|p2b: Farigiraf|66/100|[from] item: Sitrus Berry
|move|p2b: Farigiraf|Trick Room|p2b: Farigiraf
|-fieldstart|move: Trick Room|[of] p2b: Farigiraf
|
|upkeep
|turn|5
|inactive|axolotlwooper has 30 seconds left.
|inactive|axolotlwooper has 20 seconds left.
|inactive|axolotlwooper has 15 seconds left.
|
|t:|1785959895
|move|p1a: Sylveon|Detect|p1a: Sylveon
|-singleturn|p1a: Sylveon|Protect
|move|p2b: Farigiraf|Psychic Fangs|p1b: Farigiraf
|-resisted|p1b: Farigiraf|1
|-damage|p1b: Farigiraf|46/100
|-enditem|p1b: Farigiraf|Sitrus Berry|[eat]
|-heal|p1b: Farigiraf|71/100|[from] item: Sitrus Berry
|move|p2a: Sylveon|Hyper Voice|p1a: Sylveon|[spread] p1b
|-activate|p1a: Sylveon|move: Protect
|-damage|p1b: Farigiraf|23/100
|move|p1b: Farigiraf|Psychic|p2a: Sylveon
|-damage|p2a: Sylveon|11/100
|
|upkeep
|turn|6
|
|t:|1785959911
|move|p1b: Farigiraf|Helping Hand|p1a: Sylveon
|-singleturn|p1a: Sylveon|Helping Hand|[of] p1b: Farigiraf
|move|p2b: Farigiraf|Psychic Fangs|p1a: Sylveon
|-damage|p1a: Sylveon|28/100
|move|p2a: Sylveon|Hyper Voice|p1b: Farigiraf|[spread] p1a,p1b
|-damage|p1a: Sylveon|0 fnt
|-damage|p1b: Farigiraf|0 fnt
|faint|p1a: Sylveon
|faint|p1b: Farigiraf
|
|win|axolotlwooper
||axolotlwooper is ready for game 2.
||ufhednarvgc is ready for game 2.
|uhtml|next|Next: Game 2 of 3
