|j|☆la cabra1
|j|☆Morpekinho
|html|la cabra1Morpekinho    
|uhtml|bestof|Game 2 of a best-of-3
|t:|1783079407
|gametype|doubles
|player|p1|la cabra1|volkner|1290
|player|p2|Morpekinho|hilbert|1310
|gen|9
|tier|[Gen 9 Champions] VGC 2026 Reg M-B (Bo3)
|rated|
|rule|Species Clause: Limit one of each Pokémon
|rule|Item Clause: Limit 1 of each item
|clearpoke
|poke|p1|Aerodactyl, L50, F|
|poke|p1|Garchomp, L50, M|
|poke|p1|Kingambit, L50, F|
|poke|p1|Charizard, L50, F|
|poke|p1|Sylveon, L50, M|
|poke|p1|Farigiraf, L50, F|
|poke|p2|Farigiraf, L50, F|
|poke|p2|Kingambit, L50, M, shiny|
|poke|p2|Sylveon, L50, F, shiny|
|poke|p2|Camerupt, L50, F, shiny|
|poke|p2|Vivillon, L50, M|
|poke|p2|Venusaur, L50, M|
|teampreview|4
|showteam|p1|Aerodactyl||Aerodactylite|Unnerve|IceFang,RockSlide,Tailwind,DualWingbeat|Jolly||F|||50|]Garchomp||LifeOrb|RoughSkin|DragonClaw,StompingTantrum,Earthquake,Protect|Jolly||M|||50|]Kingambit||FocusSash|Defiant|SuckerPunch,KowtowCleave,IronHead,LowKick|Adamant||F|||50|]Charizard||CharizarditeY|SolarPower|Protect,HeatWave,SolarBeam,WeatherBall|Modest||F|||50|]Sylveon||FairyFeather|Pixilate|Protect,HyperVoice,HyperBeam,QuickAttack|Modest||M|||50|]Farigiraf||SitrusBerry|ArmorTail|TrickRoom,Thunderbolt,Psychic,Roar|Bold||F|||50|
|showteam|p2|Farigiraf||SitrusBerry|ArmorTail|Protect,PsychicFangs,TrickRoom,Thunderbolt|Relaxed||F|||50|]Kingambit||BlackGlasses|Defiant|Protect,SuckerPunch,SwordsDance,KowtowCleave|Adamant||M|||50|]Sylveon||LifeOrb|Pixilate|Detect,HyperVoice,HyperBeam,QuickAttack|Quiet||F|||50|]Camerupt||Cameruptite|SolidRock|Protect,HeatWave,AncientPower,EarthPower|Quiet||F|||50|]Vivillon||FocusSash|CompoundEyes|Protect,SleepPowder,RagePowder,Hurricane|Timid||M|||50|]Venusaur||Venusaurite|Chlorophyll|Protect,SludgeBomb,EarthPower,EnergyBall|Modest||M|||50|
|
|t:|1783079452
|teamsize|p1|4
|teamsize|p2|4
|start
|switch|p1a: Aerodactyl|Aerodactyl, L50, F|100/100
|switch|p1b: Kingambit|Kingambit, L50, F|100/100
|switch|p2a: Farigiraf|Farigiraf, L50, F|100/100
|switch|p2b: Vivillon|Vivillon, L50, M|100/100
|-ability|p1a: Aerodactyl|Unnerve
|turn|1
|inactive|Battle timer is ON: inactive players will automatically lose when time's up. (requested by Morpekinho)
|
|t:|1783079468
|detailschange|p1a: Aerodactyl|Aerodactyl-Mega, L50, F
|-mega|p1a: Aerodactyl|Aerodactyl|Aerodactylite
|move|p2b: Vivillon|Rage Powder|p2b: Vivillon
|-singleturn|p2b: Vivillon|move: Rage Powder
|move|p1a: Aerodactyl|Dual Wingbeat|p2b: Vivillon
|-supereffective|p2b: Vivillon|1
|-enditem|p2b: Vivillon|Focus Sash
|-damage|p2b: Vivillon|1/100
|-supereffective|p2b: Vivillon|1
|-damage|p2b: Vivillon|0 fnt
|faint|p2b: Vivillon
|-hitcount|p2: Vivillon|2
|move|p1b: Kingambit|Kowtow Cleave|p2a: Farigiraf
|-supereffective|p2a: Farigiraf|1
|-damage|p2a: Farigiraf|20/100r
|-enditem|p2a: Farigiraf|Sitrus Berry|[eat]
|-heal|p2a: Farigiraf|45/100|[from] item: Sitrus Berry
|move|p2a: Farigiraf|Trick Room|p2a: Farigiraf
|-fieldstart|move: Trick Room|[of] p2a: Farigiraf
|
|upkeep
|inactive|Morpekinho has 30 seconds left.
|
|t:|1783079498
|switch|p2b: Camerupt|Camerupt, L50, F, shiny|100/100
|turn|2
|
|t:|1783079507
|switch|p2a: Sylveon|Sylveon, L50, F, shiny|100/100
|detailschange|p2b: Camerupt|Camerupt-Mega, L50, F, shiny
|-mega|p2b: Camerupt|Camerupt|Cameruptite
|move|p2b: Camerupt|Heat Wave|p1b: Kingambit|[spread] p1a,p1b
|-resisted|p1a: Aerodactyl|1
|-supereffective|p1b: Kingambit|1
|-damage|p1a: Aerodactyl|72/100
|-enditem|p1b: Kingambit|Focus Sash
|-damage|p1b: Kingambit|1/100
|move|p1b: Kingambit|Kowtow Cleave|p2a: Sylveon
|-resisted|p2a: Sylveon|1
|-damage|p2a: Sylveon|72/100
|move|p1a: Aerodactyl|Rock Slide|p2a: Sylveon|[spread] p2b
|-miss|p1a: Aerodactyl|p2a: Sylveon
|-damage|p2b: Camerupt|73/100
|
|upkeep
|turn|3
|
|t:|1783079531
|move|p1b: Kingambit|Sucker Punch|p2b: Camerupt
|-damage|p2b: Camerupt|35/100
|move|p2b: Camerupt|Heat Wave|p1b: Kingambit|[spread] p1a,p1b
|-resisted|p1a: Aerodactyl|1
|-supereffective|p1b: Kingambit|1
|-damage|p1a: Aerodactyl|43/100
|-damage|p1b: Kingambit|0 fnt
|faint|p1b: Kingambit
|move|p2a: Sylveon|Hyper Voice|p1a: Aerodactyl
|-damage|p1a: Aerodactyl|0 fnt
|faint|p1a: Aerodactyl
|-damage|p2a: Sylveon|62/100|[from] item: Life Orb
|
|upkeep
|
|t:|1783079544
|switch|p1b: Sylveon|Sylveon, L50, M|100/100
|switch|p1a: Garchomp|Garchomp, L50, M|100/100
|turn|4
|
|t:|1783079561
|move|p2a: Sylveon|Detect|p2a: Sylveon
|-singleturn|p2a: Sylveon|Protect
|move|p1a: Garchomp|Protect|p1a: Garchomp
|-singleturn|p1a: Garchomp|Protect
|move|p2b: Camerupt|Earth Power|p1b: Sylveon
|-damage|p1b: Sylveon|43/100
|move|p1b: Sylveon|Hyper Beam|p2a: Sylveon
|-activate|p2a: Sylveon|move: Protect
|
|upkeep
|turn|5
|
|t:|1783079580
|move|p1a: Garchomp|Protect|p1a: Garchomp
|-singleturn|p1a: Garchomp|Protect
|move|p1b: Sylveon|Quick Attack|p2a: Sylveon
|-damage|p2a: Sylveon|46/100
|move|p2b: Camerupt|Earth Power|p1b: Sylveon
|-damage|p1b: Sylveon|0 fnt
|faint|p1b: Sylveon
|move|p2a: Sylveon|Hyper Voice|p1a: Garchomp
|-activate|p1a: Garchomp|move: Protect
|
|-fieldend|move: Trick Room
|upkeep
|turn|6
|
|t:|1783079596
|move|p1a: Garchomp|Earthquake|p2a: Sylveon|[spread] p2a,p2b
|-supereffective|p2b: Camerupt|1
|-damage|p2a: Sylveon|0 fnt
|-damage|p2b: Camerupt|0 fnt
|faint|p2a: Sylveon
|faint|p2b: Camerupt
|-damage|p1a: Garchomp|90/100|[from] item: Life Orb
|
|upkeep
|
|t:|1783079599
|switch|p2b: Farigiraf|Farigiraf, L50, F|45/100
|turn|7
|-message|Morpekinho forfeited.
|
|win|la cabra1
|raw|la cabra1's rating: 1290 → 1316(+26 for winning)
|raw|Morpekinho's rating: 1310 → 1289(-21 for losing)
|l|☆Morpekinho
|player|p2|
|l|☆la cabra1
|player|p1|
|j|☆la cabra1
|player|p1|la cabra1|volkner|
