|j|☆Dadubers5211
|j|☆rolandruina
|html|Dadubers5211rolandruina    
|uhtml|bestof|Game 1 of a best-of-3
|t:|1782766641
|gametype|doubles
|player|p1|Dadubers5211|101|1000
|player|p2|rolandruina|102|1137
|gen|9
|tier|[Gen 9 Champions] VGC 2026 Reg M-B (Bo3)
|rated|
|rule|Species Clause: Limit one of each Pokémon
|rule|Item Clause: Limit 1 of each item
|clearpoke
|poke|p1|Floette-Eternal, L50, F|
|poke|p1|Aerodactyl, L50, F|
|poke|p1|Incineroar, L50, F|
|poke|p1|Basculegion, L50, M|
|poke|p1|Garchomp, L50, F|
|poke|p1|Sneasler, L50, F|
|poke|p2|Swampert, L50, F|
|poke|p2|Metagross, L50|
|poke|p2|Archaludon, L50, F|
|poke|p2|Grimmsnarl, L50, M|
|poke|p2|Pelipper, L50, F|
|poke|p2|Sinistcha, L50|
|teampreview|4
|showteam|p1|Floette-Eternal||Floettite|FlowerVeil|Protect,DazzlingGleam,LightofRuin,Moonblast|Modest||F|||50|]Aerodactyl||FocusSash|Unnerve|RockSlide,Tailwind,DualWingbeat,Protect|Jolly||F|||50|]Incineroar||SitrusBerry|Intimidate|FakeOut,PartingShot,FlareBlitz,DarkestLariat|Adamant||F|||50|]Basculegion||MysticWater|Adaptability|LastRespects,AquaJet,WaveCrash,Protect|Jolly||M|||50|]Garchomp||ChoiceScarf|RoughSkin|Earthquake,DragonClaw,RockSlide,Protect|Jolly||F|||50|]Sneasler||WhiteHerb|Unburden|CloseCombat,FakeOut,DireClaw,Protect|Jolly||F|||50|
|showteam|p2|Swampert||Swampertite|Damp|WaveCrash,HighHorsepower,IcePunch,Protect|Adamant||F|||50|]Metagross||Metagrossite|ClearBody|IronHead,PsychicFangs,BodyPress,Protect|Jolly|||||50|]Archaludon||Leftovers|Stamina|DragonPulse,FlashCannon,ElectroShot,Protect|Calm||F|||50|]Grimmsnarl||LightClay|Prankster|FoulPlay,PartingShot,LightScreen,Reflect|Calm||M|||50|]Pelipper||FocusSash|Drizzle|Hurricane,WeatherBall,Tailwind,Protect|Modest||F|||50|]Sinistcha||KasibBerry|Hospitality|MatchaGotcha,RagePowder,LifeDew,TrickRoom|Bold|||||50|
|inactive|Battle timer is ON: inactive players will automatically lose when time's up. (requested by rolandruina)
|inactive|rolandruina has 60 seconds left.
|
|t:|1782766675
|teamsize|p1|4
|teamsize|p2|4
|start
|switch|p1a: Floette|Floette-Eternal, L50, F|100/100
|switch|p1b: Aerodactyl|Aerodactyl, L50, F|100/100
|switch|p2a: Metagross|Metagross, L50|100/100
|switch|p2b: Grimmsnarl|Grimmsnarl, L50, M|100/100
|-ability|p1b: Aerodactyl|Unnerve
|turn|1
|inactive|rolandruina has 30 seconds left.
|
|t:|1782766700
|detailschange|p1a: Floette|Floette-Mega, L50, F
|-mega|p1a: Floette|Floette|Floettite
|-ability|p1a: Floette|Fairy Aura
|move|p2b: Grimmsnarl|Light Screen|p2b: Grimmsnarl
|-sidestart|p2: rolandruina|move: Light Screen
|move|p1b: Aerodactyl|Tailwind|p1b: Aerodactyl
|-sidestart|p1: Dadubers5211|move: Tailwind
|move|p1a: Floette|Dazzling Gleam|p2b: Grimmsnarl|[spread] p2a,p2b
|-resisted|p2a: Metagross|1
|-supereffective|p2b: Grimmsnarl|1
|-damage|p2a: Metagross|79/100
|-damage|p2b: Grimmsnarl|36/100
|move|p2a: Metagross|Iron Head|p1b: Aerodactyl
|-supereffective|p1b: Aerodactyl|1
|-enditem|p1b: Aerodactyl|Focus Sash
|-damage|p1b: Aerodactyl|1/100
|
|upkeep
|turn|2
|inactive|Dadubers5211 has 30 seconds left.
|
|t:|1782766732
|move|p2b: Grimmsnarl|Parting Shot|p1a: Floette
|-unboost|p1a: Floette|atk|1
|-unboost|p1a: Floette|spa|1
|
|t:|1782766734
|switch|p2b: Sinistcha|Sinistcha, L50|100/100|[from] Parting Shot
|-heal|p2a: Metagross|100/100|[from] ability: Hospitality|[of] p2b: Sinistcha
|move|p1b: Aerodactyl|Dual Wingbeat|p2a: Metagross
|-resisted|p2a: Metagross|1
|-damage|p2a: Metagross|92/100
|-resisted|p2a: Metagross|1
|-damage|p2a: Metagross|84/100
|-hitcount|p2a: Metagross|2
|move|p1a: Floette|Dazzling Gleam|p2a: Metagross|[spread] p2a,p2b
|-resisted|p2a: Metagross|1
|-damage|p2a: Metagross|72/100
|-damage|p2b: Sinistcha|75/100
|move|p2a: Metagross|Iron Head|p1b: Aerodactyl
|-supereffective|p1b: Aerodactyl|1
|-damage|p1b: Aerodactyl|0 fnt
|faint|p1b: Aerodactyl
|
|upkeep
|
|t:|1782766754
|switch|p1b: Incineroar|Incineroar, L50, F|100/100
|-ability|p1b: Incineroar|Intimidate|boost
|-fail|p2a: Metagross|unboost|[from] ability: Clear Body|[of] p2a: Metagross
|-unboost|p2b: Sinistcha|atk|1
|turn|3
|
|t:|1782766781
|detailschange|p2a: Metagross|Metagross-Mega, L50
|-mega|p2a: Metagross|Metagross|Metagrossite
|move|p2a: Metagross|Protect|p2a: Metagross
|-singleturn|p2a: Metagross|Protect
|move|p1a: Floette|Light of Ruin|p2a: Metagross
|-activate|p2a: Metagross|move: Protect
|move|p1b: Incineroar|Flare Blitz|p2b: Sinistcha
|-supereffective|p2b: Sinistcha|1
|-damage|p2b: Sinistcha|1/100
|-damage|p1b: Incineroar|79/100|[from] Recoil
|move|p2b: Sinistcha|Life Dew|p2b: Sinistcha|[spread] p2a,p2b
|-heal|p2a: Metagross|97/100
|-heal|p2b: Sinistcha|25/100
|
|upkeep
|turn|4
|
|t:|1782766805
|switch|p2b: Pelipper|Pelipper, L50, F|100/100
|-weather|RainDance|[from] ability: Drizzle|[of] p2b: Pelipper
|move|p1a: Floette|Light of Ruin|p2a: Metagross
|-resisted|p2a: Metagross|1
|-damage|p2a: Metagross|71/100
|-damage|p1a: Floette|86/100|[from] Recoil
|move|p2a: Metagross|Iron Head|p1a: Floette
|-supereffective|p1a: Floette|1
|-damage|p1a: Floette|0 fnt
|faint|p1a: Floette
|move|p1b: Incineroar|Darkest Lariat|p2b: Pelipper
|-damage|p2b: Pelipper|55/100
|
|-weather|RainDance|[upkeep]
|-sideend|p1: Dadubers5211|move: Tailwind
|upkeep
|
|t:|1782766823
|switch|p1a: Basculegion|Basculegion, L50, M|100/100
|turn|5
|
|t:|1782766832
|move|p2a: Metagross|Psychic Fangs|p1a: Basculegion
|-damage|p1a: Basculegion|27/100
|move|p1a: Basculegion|Last Respects|p2a: Metagross
|-supereffective|p2a: Metagross|1
|-damage|p2a: Metagross|0 fnt
|faint|p2a: Metagross
|move|p2b: Pelipper|Hurricane|p1a: Basculegion
|-damage|p1a: Basculegion|0 fnt
|faint|p1a: Basculegion
|move|p1b: Incineroar|Darkest Lariat|p2b: Pelipper
|-damage|p2b: Pelipper|9/100
|
|-weather|RainDance|[upkeep]
|upkeep
|
|t:|1782766838
|switch|p2a: Sinistcha|Sinistcha, L50|25/100
|-heal|p2b: Pelipper|34/100|[from] ability: Hospitality|[of] p2a: Sinistcha
|turn|6
|
|t:|1782766852
|move|p2a: Sinistcha|Rage Powder|p2a: Sinistcha
|-singleturn|p2a: Sinistcha|move: Rage Powder
|move|p2b: Pelipper|Weather Ball|p1b: Incineroar
|-supereffective|p1b: Incineroar|1
|-damage|p1b: Incineroar|0 fnt
|faint|p1b: Incineroar
|
|win|rolandruina
||rolandruina is ready for game 2.
|inactive|Dadubers5211 has 30 seconds to confirm battle start!
|inactive|Dadubers5211 has 20 seconds to confirm battle start!
|inactive|Dadubers5211 has 10 seconds to confirm battle start!
|raw|Dadubers5211's rating: 1000 → 1000(+0 for losing)
|raw|rolandruina's rating: 1137 → 1153(+16 for winning)
