|j|☆Linkpoke
|j|☆balance bro
|html|Linkpokebalance bro    
|uhtml|bestof|Game 3 of a best-of-3
|t:|1756851138
|gametype|doubles
|player|p1|Linkpoke|101|1155
|player|p2|balance bro|buck|1141
|gen|9
|tier|[Gen 9] VGC 2025 Reg H (Bo3)
|rated|
|rule|Species Clause: Limit one of each Pokémon
|rule|Item Clause: Limit 1 of each item
|clearpoke
|poke|p1|Archaludon, L50, M|
|poke|p1|Annihilape, L50, M|
|poke|p1|Baxcalibur, L50, M|
|poke|p1|Incineroar, L50, F|
|poke|p1|Ursaluna-Bloodmoon, L50, M|
|poke|p1|Gholdengo, L50|
|poke|p2|Porygon2, L50|
|poke|p2|Hydreigon, L50, F|
|poke|p2|Incineroar, L50, F|
|poke|p2|Garchomp, L50, F|
|poke|p2|Amoonguss, L50, F|
|poke|p2|Gholdengo, L50|
|teampreview|4
|showteam|p1|Archaludon||PowerHerb|Sturdy|FlashCannon,ElectroShot,DracoMeteor,Protect|||M|||50|,,,,,Electric]Annihilape||FocusSash|Defiant|CloseCombat,RageFist,Taunt,Coaching|||M|||50|,,,,,Fairy]Baxcalibur||LoadedDice|ThermalExchange|IcicleSpear,ScaleShot,HighHorsepower,Protect|||M|||50|,,,,,Water]Incineroar||SafetyGoggles|Intimidate|FlareBlitz,FakeOut,PartingShot,KnockOff|||F|||50|,,,,,Ghost]Ursaluna-Bloodmoon||AssaultVest|MindsEye|BloodMoon,HyperVoice,EarthPower,VacuumWave|||M|||50|,,,,,Ghost]Gholdengo||LifeOrb|GoodasGold|MakeItRain,ShadowBall,NastyPlot,Protect||||||50|,,,,,Steel
|showteam|p2|Porygon2||Eviolite|Download|TeraBlast,IceBeam,TrickRoom,Recover||||||50|,,,,,Fighting]Hydreigon||SafetyGoggles|Levitate|Snarl,DracoMeteor,Tailwind,Protect|||F|||50|,,,,,Ghost]Incineroar||SitrusBerry|Intimidate|FlareBlitz,KnockOff,PartingShot,FakeOut|||F|||50|,,,,,Grass]Garchomp||LoadedDice|RoughSkin|ScaleShot,Earthquake,StompingTantrum,Protect|||F|||50|,,,,,Fire]Amoonguss||CovertCloak|Regenerator|PollenPuff,Spore,RagePowder,Protect|||F|||50|,,,,,Fire]Gholdengo||MetalCoat|GoodasGold|MakeItRain,ShadowBall,NastyPlot,Protect||||||50|,,,,,Flying
|
|t:|1756851178
|teamsize|p1|4
|teamsize|p2|4
|start
|switch|p1a: Annihilape|Annihilape, L50, M|100/100
|switch|p1b: Incineroar|Incineroar, L50, F|100/100
|switch|p2a: Hydreigon|Hydreigon, L50, F, shiny|100/100
|switch|p2b: Gholdengo|Gholdengo, L50, shiny|100/100
|-ability|p1b: Incineroar|Intimidate|boost
|-unboost|p2a: Hydreigon|atk|1
|-unboost|p2b: Gholdengo|atk|1
|turn|1
|
|t:|1756851197
|switch|p2a: Garchomp|Garchomp, L50, F, shiny|100/100
|move|p1b: Incineroar|Fake Out|p2a: Garchomp
|-damage|p2a: Garchomp|88/100
|-damage|p1b: Incineroar|88/100|[from] ability: Rough Skin|[of] p2a: Garchomp
|move|p1a: Annihilape|Coaching|p1b: Incineroar
|-boost|p1b: Incineroar|atk|1
|-boost|p1b: Incineroar|def|1
|move|p2b: Gholdengo|Shadow Ball|p1a: Annihilape
|-supereffective|p1a: Annihilape
|-damage|p1a: Annihilape|5/100
|
|upkeep
|turn|2
|
|t:|1756851229
|switch|p1a: Ursaluna|Ursaluna-Bloodmoon, L50, M|100/100
|switch|p2b: Hydreigon|Hydreigon, L50, F, shiny|100/100
|move|p2a: Garchomp|Earthquake|p1a: Ursaluna|[spread] p1a,p1b
|-immune|p2b: Hydreigon|[from] ability: Levitate
|-crit|p1a: Ursaluna
|-supereffective|p1b: Incineroar
|-damage|p1a: Ursaluna|53/100
|-damage|p1b: Incineroar|38/100
|move|p1b: Incineroar|Parting Shot|p2a: Garchomp
|-unboost|p2a: Garchomp|atk|1
|-unboost|p2a: Garchomp|spa|1
|
|t:|1756851242
|switch|p1b: Baxcalibur|Baxcalibur, L50, M|100/100|[from] Parting Shot
|
|upkeep
|turn|3
|
|t:|1756851262
|switch|p2a: Gholdengo|Gholdengo, L50, shiny|100/100
|-terastallize|p1b: Baxcalibur|Water
|move|p2b: Hydreigon|Draco Meteor|p1a: Ursaluna|[miss]
|-miss|p2b: Hydreigon|p1a: Ursaluna
|move|p1b: Baxcalibur|Scale Shot|p2a: Gholdengo
|-resisted|p2a: Gholdengo
|-damage|p2a: Gholdengo|93/100
|-resisted|p2a: Gholdengo
|-damage|p2a: Gholdengo|85/100
|-resisted|p2a: Gholdengo
|-damage|p2a: Gholdengo|78/100
|-resisted|p2a: Gholdengo
|-damage|p2a: Gholdengo|72/100
|-hitcount|p2a: Gholdengo|4
|-unboost|p1b: Baxcalibur|def|1
|-boost|p1b: Baxcalibur|spe|1
|move|p1a: Ursaluna|Blood Moon|p2b: Hydreigon
|-damage|p2b: Hydreigon|16/100
|
|upkeep
|turn|4
|
|t:|1756851308
|switch|p1a: Incineroar|Incineroar, L50, F|38/100
|-ability|p1a: Incineroar|Intimidate|boost
|-unboost|p2a: Gholdengo|atk|1
|-unboost|p2b: Hydreigon|atk|1
|move|p1b: Baxcalibur|Icicle Spear|p2b: Hydreigon
|-supereffective|p2b: Hydreigon
|-damage|p2b: Hydreigon|0 fnt
|faint|p2b: Hydreigon
|-hitcount|p2: Hydreigon|1
|move|p2a: Gholdengo|Make It Rain|p1a: Incineroar|[spread] p1a,p1b
|-resisted|p1a: Incineroar
|-resisted|p1b: Baxcalibur
|-damage|p1a: Incineroar|9/100
|-damage|p1b: Baxcalibur|70/100
|-unboost|p2a: Gholdengo|spa|1
|
|upkeep
|
|t:|1756851322
|switch|p2b: Amoonguss|Amoonguss, L50, F, shiny|100/100
|turn|5
|
|t:|1756851357
|-terastallize|p2b: Amoonguss|Fire
|move|p1b: Baxcalibur|High Horsepower|p2a: Gholdengo
|-supereffective|p2a: Gholdengo
|-damage|p2a: Gholdengo|3/100
|move|p2a: Gholdengo|Nasty Plot|p2a: Gholdengo
|-boost|p2a: Gholdengo|spa|2
|move|p1a: Incineroar|Flare Blitz|p2b: Amoonguss
|-resisted|p2b: Amoonguss
|-damage|p2b: Amoonguss|77/100
|-damage|p1a: Incineroar|1/100|[from] Recoil
|move|p2b: Amoonguss|Spore|p1b: Baxcalibur
|-status|p1b: Baxcalibur|slp|[from] move: Spore
|
|upkeep
|turn|6
|
|t:|1756851382
|cant|p1b: Baxcalibur|slp
|move|p2a: Gholdengo|Make It Rain|p1a: Incineroar|[spread] p1a,p1b
|-resisted|p1a: Incineroar
|-resisted|p1b: Baxcalibur
|-damage|p1a: Incineroar|0 fnt
|-damage|p1b: Baxcalibur|26/100 slp
|-unboost|p2a: Gholdengo|spa|1
|faint|p1a: Incineroar
|move|p2b: Amoonguss|Pollen Puff|p2a: Gholdengo
|-heal|p2a: Gholdengo|52/100
|
|upkeep
|
|t:|1756851390
|switch|p1a: Annihilape|Annihilape, L50, M|5/100
|turn|7
|
|t:|1756851404
|move|p2b: Amoonguss|Rage Powder|p2b: Amoonguss
|-singleturn|p2b: Amoonguss|move: Rage Powder
|cant|p1b: Baxcalibur|slp
|move|p1a: Annihilape|Rage Fist|p2b: Amoonguss
|-damage|p2b: Amoonguss|31/100
|move|p2a: Gholdengo|Make It Rain|p1b: Baxcalibur|[spread] p1a,p1b
|-resisted|p1b: Baxcalibur
|-damage|p1a: Annihilape|0 fnt
|-damage|p1b: Baxcalibur|0 fnt
|-unboost|p2a: Gholdengo|spa|1
|faint|p1a: Annihilape
|faint|p1b: Baxcalibur
|
|upkeep
|
|t:|1756851415
|switch|p1b: Ursaluna|Ursaluna-Bloodmoon, L50, M|53/100
|turn|8
|
|t:|1756851426
|move|p2b: Amoonguss|Rage Powder|p2b: Amoonguss
|-singleturn|p2b: Amoonguss|move: Rage Powder
|move|p2a: Gholdengo|Nasty Plot|p2a: Gholdengo
|-boost|p2a: Gholdengo|spa|2
|move|p1b: Ursaluna|Hyper Voice|p2b: Amoonguss|[spread] p2a,p2b
|-resisted|p2a: Gholdengo
|-damage|p2a: Gholdengo|35/100
|-damage|p2b: Amoonguss|3/100
|
|upkeep
|turn|9
|
|t:|1756851438
|move|p2a: Gholdengo|Make It Rain|p1b: Ursaluna
|-damage|p1b: Ursaluna|0 fnt
|-unboost|p2a: Gholdengo|spa|1
|faint|p1b: Ursaluna
|
|win|balance bro
|raw|Linkpoke's rating: 1155 → 1129(-26 for losing)
|raw|balance bro's rating: 1141 → 1167(+26 for winning)
