|j|‽undershucklee
|j|☆SaQurata
|html|undershuckleeSaQurata    
|uhtml|bestof|Game 3 of a best-of-3
|t:|1785941117
|gametype|doubles
|player|p1|undershucklee|elesa|1108
|player|p2|SaQurata|170|1144
|gen|9
|tier|[Gen 9 Champions] VGC 2026 Reg M-B (Bo3)
|rated|
|rule|Species Clause: Limit one of each Pokémon
|rule|Item Clause: Limit 1 of each item
|clearpoke
|poke|p1|Blaziken, L50, F|
|poke|p1|Kingambit, L50, M|
|poke|p1|Sinistcha, L50|
|poke|p1|Quaquaval, L50, M|
|poke|p1|Raichu, L50, M|
|poke|p1|Incineroar, L50, M|
|poke|p2|Dragonite, L50, M|
|poke|p2|Metagross, L50|
|poke|p2|Ninetales-Alola, L50, M|
|poke|p2|Garchomp, L50, M|
|poke|p2|Incineroar, L50, F|
|poke|p2|Basculegion, L50, M|
|teampreview|4
|showteam|p1|Blaziken||Blazikenite|SpeedBoost|CloseCombat,FlareBlitz,SwordsDance,Protect|Adamant||F|||50|]Kingambit||FocusSash|Defiant|SuckerPunch,KowtowCleave,IronHead,LowKick|Adamant||M|||50|]Sinistcha||Leftovers|Hospitality|MatchaGotcha,LifeDew,RagePowder,TrickRoom|Calm|||||50|]Quaquaval||LifeOrb|Moxie|AquaStep,CloseCombat,AquaJet,Detect|Adamant||M|||50|]Raichu||RaichuniteY|Static|FakeOut,ZapCannon,FocusBlast,Protect|Timid||M|||50|]Incineroar||SitrusBerry|Intimidate|FlareBlitz,FakeOut,ThroatChop,PartingShot|Impish||M|||50|
|showteam|p2|Dragonite||Dragoninite|Multiscale|DracoMeteor,Flamethrower,Thunderbolt,Protect|Modest||M|||50|]Metagross||Metagrossite|ClearBody|PsychicFangs,BulletPunch,IcePunch,Protect|Adamant|||||50|]Ninetales-Alola||FocusSash|SnowWarning|Moonblast,FreezeDry,Blizzard,HelpingHand|Timid||M|||50|]Garchomp||LifeOrb|RoughSkin|DragonClaw,RockSlide,PoisonJab,StompingTantrum|Jolly||M|||50|]Incineroar||SitrusBerry|Intimidate|FakeOut,FlareBlitz,ThroatChop,PartingShot|Brave||F|||50|]Basculegion||MysticWater|Adaptability|WaveCrash,LastRespects,AquaJet,Protect|Jolly||M|||50|
|inactive|Battle timer is ON: inactive players will automatically lose when time's up. (requested by undershucklee)
|inactive|SaQurata also wants the timer to be on.
|inactive|undershucklee has 60 seconds left.
|
|t:|1785941151
|teamsize|p1|4
|teamsize|p2|4
|start
|switch|p1a: Quaquaval|Quaquaval, L50, M|100/100
|switch|p1b: Blaziken|Blaziken, L50, F|100/100
|switch|p2a: Basculegion|Basculegion, L50, M|100/100
|switch|p2b: Incineroar|Incineroar, L50, F|100/100
|-ability|p2b: Incineroar|Intimidate|boost
|-unboost|p1a: Quaquaval|atk|1
|-unboost|p1b: Blaziken|atk|1
|turn|1
|
|t:|1785941166
|switch|p1a: Incineroar|Incineroar, L50, M|100/100
|-ability|p1a: Incineroar|Intimidate|boost
|-unboost|p2a: Basculegion|atk|1
|-unboost|p2b: Incineroar|atk|1
|move|p1b: Blaziken|Protect|p1b: Blaziken
|-singleturn|p1b: Blaziken|Protect
|move|p2b: Incineroar|Fake Out|p1a: Incineroar
|-damage|p1a: Incineroar|94/100
|move|p2a: Basculegion|Wave Crash|p1a: Incineroar
|-supereffective|p1a: Incineroar|1
|-damage|p1a: Incineroar|4/100
|-enditem|p1a: Incineroar|Sitrus Berry|[eat]
|-heal|p1a: Incineroar|29/100|[from] item: Sitrus Berry
|-damage|p2a: Basculegion|74/100|[from] Recoil
|
|-ability|p1b: Blaziken|Speed Boost|boost
|-boost|p1b: Blaziken|spe|1
|upkeep
|turn|2
|inactive|undershucklee has 30 seconds left.
|
|t:|1785941194
|switch|p1b: Sinistcha|Sinistcha, L50|100/100
|-heal|p1a: Incineroar|54/100|[from] ability: Hospitality|[of] p1b: Sinistcha
|switch|p2b: Ninetales|Ninetales-Alola, L50, M|100/100
|-weather|Snowscape|[from] ability: Snow Warning|[of] p2b: Ninetales
|move|p1a: Incineroar|Fake Out|p2b: Ninetales
|-damage|p2b: Ninetales|89/100
|move|p2a: Basculegion|Wave Crash|p1b: Sinistcha
|-resisted|p1b: Sinistcha|1
|-crit|p1b: Sinistcha
|-damage|p1b: Sinistcha|46/100
|-damage|p2a: Basculegion|59/100|[from] Recoil
|
|-weather|Snowscape|[upkeep]
|-heal|p1b: Sinistcha|52/100|[from] item: Leftovers
|upkeep
|turn|3
|inactive|undershucklee has 30 seconds left.
|
|t:|1785941220
|move|p1b: Sinistcha|Rage Powder|p1b: Sinistcha
|-singleturn|p1b: Sinistcha|move: Rage Powder
|move|p2b: Ninetales|Blizzard|p1b: Sinistcha|[spread] p1a,p1b
|-resisted|p1a: Incineroar|1
|-crit|p1a: Incineroar
|-supereffective|p1b: Sinistcha|1
|-damage|p1a: Incineroar|35/100
|-damage|p1b: Sinistcha|0 fnt
|faint|p1b: Sinistcha
|move|p2a: Basculegion|Wave Crash|p1a: Incineroar
|-supereffective|p1a: Incineroar|1
|-damage|p1a: Incineroar|0 fnt
|faint|p1a: Incineroar
|-damage|p2a: Basculegion|49/100|[from] Recoil
|
|-weather|Snowscape|[upkeep]
|upkeep
|
|t:|1785941231
|switch|p1b: Quaquaval|Quaquaval, L50, M|100/100
|switch|p1a: Blaziken|Blaziken, L50, F|100/100
|turn|4
|inactive|undershucklee has 30 seconds left.
|
|t:|1785941263
|switch|p2a: Incineroar|Incineroar, L50, F|100/100
|-ability|p2a: Incineroar|Intimidate|boost
|-unboost|p1a: Blaziken|atk|1
|-unboost|p1b: Quaquaval|atk|1
|detailschange|p1a: Blaziken|Blaziken-Mega, L50, F
|-mega|p1a: Blaziken|Blaziken|Blazikenite
|move|p2b: Ninetales|Moonblast|p1b: Quaquaval
|-supereffective|p1b: Quaquaval|1
|-damage|p1b: Quaquaval|0 fnt
|faint|p1b: Quaquaval
|move|p1a: Blaziken|Flare Blitz|p2a: Incineroar
|-resisted|p2a: Incineroar|1
|-damage|p2a: Incineroar|72/100
|-damage|p1a: Blaziken|88/100|[from] Recoil
|
|-weather|Snowscape|[upkeep]
|-ability|p1a: Blaziken|Speed Boost|boost
|-boost|p1a: Blaziken|spe|1
|upkeep
|turn|5
|-message|undershucklee forfeited.
|raw|undershucklee's rating: 1108 → 1086(-22 for losing)
|raw|SaQurata's rating: 1144 → 1166(+22 for winning)
|
|win|SaQurata
|l|‽undershucklee
|player|p1|
