|j|☆fanman64
|j|☆Tulpeon
|html|fanman64Tulpeon    
|uhtml|bestof|Game 1 of a best-of-3
|t:|1756470885
|gametype|doubles
|player|p1|fanman64|volkner|1093
|player|p2|Tulpeon|170|1006
|gen|9
|tier|[Gen 9] VGC 2025 Reg H (Bo3)
|rated|
|rule|Species Clause: Limit one of each Pokémon
|rule|Item Clause: Limit 1 of each item
|clearpoke
|poke|p1|Tauros-Paldea-Blaze, L50, M|
|poke|p1|Rillaboom, L50, M|
|poke|p1|Tyranitar, L50, F|
|poke|p1|Kommo-o, L50, M|
|poke|p1|Basculegion, L50, M|
|poke|p1|Magmar, L50, F|
|poke|p2|Archaludon, L50, F|
|poke|p2|Pelipper, L50, F|
|poke|p2|Grimmsnarl, L50, M|
|poke|p2|Amoonguss, L50, M|
|poke|p2|Basculegion, L50, M|
|poke|p2|Incineroar, L50, M|
|teampreview|4
|showteam|p1|Tauros-Paldea-Blaze||ClearAmulet|Intimidate|RagingBull,CloseCombat,Protect,WillOWisp|||M|||50|,,,,,Grass]Rillaboom||MiracleSeed|GrassySurge|WoodHammer,GrassyGlide,Uturn,FakeOut|||M|||50|,,,,,Grass]Tyranitar||AssaultVest|SandStream|KnockOff,RockSlide,LowKick,TeraBlast|||F|||50|,,,,,Flying]Kommo-o||ThroatSpray|Soundproof|ClangingScales,Flamethrower,Protect,ClangorousSoul|||M|||50|,,,,,Fire]Basculegion||ChoiceScarf|Adaptability|WaveCrash,LastRespects,FlipTurn,AquaJet|||M|||50|,,,,,Water]Magmar||Eviolite|VitalSpirit|Overheat,ClearSmog,FollowMe,Protect|||F|||50|,,,,,Fairy
|showteam|p2|Archaludon||AssaultVest|Stamina|ElectroShot,BodyPress,FlashCannon,DracoMeteor|||F|||50|,,,,,Flying]Pelipper||FocusSash|Drizzle|Tailwind,Hurricane,WeatherBall,Protect|||F|||50|,,,,,Ghost]Grimmsnarl||LightClay|Prankster|PartingShot,SpiritBreak,LightScreen,Reflect|||M|||50|,,,,,Steel]Amoonguss||RockyHelmet|Regenerator|PollenPuff,RagePowder,Spore,Protect|||M|||50|,,,,,Dark]Basculegion||ChoiceBand|Adaptability|WaveCrash,LastRespects,FlipTurn,TeraBlast|||M|||50|,,,,,Stellar]Incineroar||SafetyGoggles|Intimidate|FakeOut,PartingShot,KnockOff,FlareBlitz|||M|||50|,,,,,Ghost
|
|t:|1756470933
|teamsize|p1|4
|teamsize|p2|4
|start
|switch|p1a: Kommo-o|Kommo-o, L50, M|100/100
|switch|p1b: Basculegion|Basculegion, L50, M|100/100
|switch|p2a: David|Grimmsnarl, L50, M|100/100
|switch|p2b: M$|Incineroar, L50, M, shiny|100/100
|-ability|p2b: M$|Intimidate|boost
|-unboost|p1a: Kommo-o|atk|1
|-unboost|p1b: Basculegion|atk|1
|turn|1
|inactive|Battle timer is ON: inactive players will automatically lose when time's up. (requested by Tulpeon)
|
|t:|1756470954
|move|p1a: Kommo-o|Protect|p1a: Kommo-o
|-singleturn|p1a: Kommo-o|Protect
|move|p2a: David|Light Screen|p2a: David
|-sidestart|p2: Tulpeon|move: Light Screen
|move|p1b: Basculegion|Flip Turn|p2b: M$
|-supereffective|p2b: M$
|-damage|p2b: M$|45/100
|
|t:|1756470961
|switch|p1b: Magmar|Magmar, L50, F|100/100|[from] Flip Turn
|move|p2b: M$|Knock Off|p1b: Magmar
|-damage|p1b: Magmar|64/100
|-enditem|p1b: Magmar|Eviolite|[from] move: Knock Off|[of] p2b: M$
|
|upkeep
|turn|2
|
|t:|1756470977
|move|p1b: Magmar|Follow Me|p1b: Magmar
|-singleturn|p1b: Magmar|move: Follow Me
|move|p1a: Kommo-o|Clangorous Soul|p1a: Kommo-o
|-boost|p1a: Kommo-o|atk|1
|-boost|p1a: Kommo-o|def|1
|-boost|p1a: Kommo-o|spa|1
|-boost|p1a: Kommo-o|spd|1
|-boost|p1a: Kommo-o|spe|1
|-damage|p1a: Kommo-o|68/100
|-enditem|p1a: Kommo-o|Throat Spray
|-boost|p1a: Kommo-o|spa|1|[from] item: Throat Spray
|move|p2b: M$|Parting Shot|p1b: Magmar
|-unboost|p1b: Magmar|atk|1
|-unboost|p1b: Magmar|spa|1
|
|t:|1756470996
|switch|p2b: la poste|Pelipper, L50, F|100/100|[from] Parting Shot
|-weather|RainDance|[from] ability: Drizzle|[of] p2b: la poste
|move|p2a: David|Spirit Break|p1b: Magmar
|-resisted|p1b: Magmar
|-damage|p1b: Magmar|45/100
|-unboost|p1b: Magmar|spa|1
|
|-weather|RainDance|[upkeep]
|upkeep
|turn|3
|
|t:|1756471019
|move|p1b: Magmar|Follow Me|p1b: Magmar
|-singleturn|p1b: Magmar|move: Follow Me
|move|p2a: David|Parting Shot|p1b: Magmar
|-unboost|p1b: Magmar|atk|1
|-unboost|p1b: Magmar|spa|1
|
|t:|1756471028
|switch|p2a: M$|Incineroar, L50, M, shiny|45/100|[from] Parting Shot
|-ability|p2a: M$|Intimidate|boost
|-unboost|p1a: Kommo-o|atk|1
|-unboost|p1b: Magmar|atk|1
|move|p1a: Kommo-o|Clanging Scales|p2a: M$|[spread] p2a,p2b
|-damage|p2a: M$|0 fnt
|-damage|p2b: la poste|14/100
|faint|p2a: M$
|-unboost|p1a: Kommo-o|def|1
|move|p2b: la poste|Tailwind|p2b: la poste
|-sidestart|p2: Tulpeon|move: Tailwind
|
|-weather|RainDance|[upkeep]
|upkeep
|
|t:|1756471044
|switch|p2a: Basculegion|Basculegion, L50, M, shiny|100/100
|turn|4
|inactive|fanman64 has 30 seconds left.
|
|t:|1756471074
|move|p1a: Kommo-o|Protect|p1a: Kommo-o
|-singleturn|p1a: Kommo-o|Protect
|move|p2a: Basculegion|Wave Crash|p1a: Kommo-o
|-activate|p1a: Kommo-o|move: Protect
|move|p2b: la poste|Hurricane|p1a: Kommo-o
|-activate|p1a: Kommo-o|move: Protect
|move|p1b: Magmar|Overheat|p2b: la poste
|-resisted|p2b: la poste
|-damage|p2b: la poste|9/100
|-unboost|p1b: Magmar|spa|2
|
|-weather|RainDance|[upkeep]
|upkeep
|turn|5
|
|t:|1756471093
|-terastallize|p1a: Kommo-o|Fire
|move|p1b: Magmar|Follow Me|p1b: Magmar
|-singleturn|p1b: Magmar|move: Follow Me
|move|p2a: Basculegion|Wave Crash|p1b: Magmar
|-supereffective|p1b: Magmar
|-damage|p1b: Magmar|0 fnt
|faint|p1b: Magmar
|-damage|p2a: Basculegion|88/100|[from] Recoil
|move|p2b: la poste|Hurricane|p1a: Kommo-o
|-damage|p1a: Kommo-o|38/100
|move|p1a: Kommo-o|Clanging Scales|p2a: Basculegion|[spread] p2a,p2b
|-damage|p2a: Basculegion|32/100
|-damage|p2b: la poste|0 fnt
|faint|p2b: la poste
|-unboost|p1a: Kommo-o|def|1
|
|-weather|RainDance|[upkeep]
|upkeep
|
|t:|1756471113
|switch|p2b: David|Grimmsnarl, L50, M|100/100
|switch|p1b: Tyranitar|Tyranitar, L50, F|100/100
|-weather|Sandstorm|[from] ability: Sand Stream|[of] p1b: Tyranitar
|turn|6
|inactive|Tulpeon has 30 seconds left.
|inactive|Tulpeon has 20 seconds left.
|inactive|Tulpeon has 15 seconds left.
|
|t:|1756471154
|move|p2a: Basculegion|Wave Crash|p1a: Kommo-o
|-supereffective|p1a: Kommo-o
|-crit|p1a: Kommo-o
|-damage|p1a: Kommo-o|0 fnt
|faint|p1a: Kommo-o
|-damage|p2a: Basculegion|22/100|[from] Recoil
|move|p2b: David|Spirit Break|p1b: Tyranitar
|-supereffective|p1b: Tyranitar
|-damage|p1b: Tyranitar|51/100
|-unboost|p1b: Tyranitar|spa|1
|move|p1b: Tyranitar|Knock Off|p2a: Basculegion
|-supereffective|p2a: Basculegion
|-damage|p2a: Basculegion|0 fnt
|-enditem|p2a: Basculegion|Choice Band|[from] move: Knock Off|[of] p1b: Tyranitar
|faint|p2a: Basculegion
|
|-weather|Sandstorm|[upkeep]
|-damage|p2b: David|95/100|[from] Sandstorm
|-sideend|p2: Tulpeon|move: Tailwind
|upkeep
|
|t:|1756471163
|switch|p1a: Basculegion|Basculegion, L50, M|100/100
|turn|7
|
|t:|1756471182
|-terastallize|p2b: David|Steel
|move|p1a: Basculegion|Wave Crash|p2b: David
|-damage|p2b: David|13/100
|-damage|p1a: Basculegion|73/100|[from] Recoil
|move|p1b: Tyranitar|Rock Slide|p2b: David
|-resisted|p2b: David
|-damage|p2b: David|0 fnt
|faint|p2b: David
|
|win|fanman64
|inactive|fanman64 has 30 seconds to confirm battle start!
|inactive|Tulpeon has 30 seconds to confirm battle start!
||Tulpeon is ready for game 2.
||fanman64 is ready for game 2.
|uhtml|next|Next: Game 2 of 3
