|j|☆rodry3
|j|☆Cozmoonshowdown
|html|rodry3Cozmoonshowdown    
|uhtml|bestof|Game 3 of a best-of-3
|t:|1783174424
|gametype|doubles
|player|p1|rodry3|roxie|1139
|player|p2|Cozmoonshowdown|kieran-champion|1040
|gen|9
|tier|[Gen 9 Champions] VGC 2026 Reg M-B (Bo3)
|rated|
|rule|Species Clause: Limit one of each Pokémon
|rule|Item Clause: Limit 1 of each item
|clearpoke
|poke|p1|Blastoise, L50, F|
|poke|p1|Sableye, L50, M|
|poke|p1|Sinistcha, L50|
|poke|p1|Farigiraf, L50, M|
|poke|p1|Sneasler, L50, M|
|poke|p1|Espathra, L50, M|
|poke|p2|Metagross, L50, shiny|
|poke|p2|Archaludon, L50, F|
|poke|p2|Pelipper, L50, M|
|poke|p2|Swampert, L50, F, shiny|
|poke|p2|Grimmsnarl, L50, M|
|poke|p2|Sinistcha, L50|
|teampreview|4
|showteam|p1|Blastoise||Blastoisinite|RainDish|WaterSpout,DarkPulse,ShellSmash,Protect|Modest||F|||50|]Sableye||RoseliBerry|Prankster|Reflect,LightScreen,FakeOut,WillOWisp|Sassy||M|||50|]Sinistcha||KasibBerry|Hospitality|MatchaGotcha,RagePowder,LifeDew,TrickRoom|Bold|||||50|]Farigiraf||ColburBerry|CudChew|Psychic,Thunderbolt,HelpingHand,TrickRoom|Modest||M|||50|]Sneasler||FocusSash|Unburden|DireClaw,CloseCombat,FakeOut,Protect|Naughty||M|||50|]Espathra||SitrusBerry|SpeedBoost|LuminaCrash,CalmMind,BatonPass,Protect|Timid||M|||50|
|showteam|p2|Metagross||Metagrossite|ClearBody|IronHead,BodyPress,PsychicFangs,Protect|Jolly|||||50|]Archaludon||Leftovers|Stamina|ElectroShot,Protect,DragonPulse,FlashCannon|Modest||F|||50|]Pelipper||SitrusBerry|Drizzle|Hurricane,WeatherBall,Tailwind,WideGuard|Modest||M|||50|]Swampert||Swampertite|Torrent|WaveCrash,IcePunch,Earthquake,Protect|Adamant||F|||50|]Grimmsnarl||LightClay|Prankster|LightScreen,Reflect,SpiritBreak,PartingShot|Careful||M|||50|]Sinistcha||CobaBerry|Hospitality|TrickRoom,MatchaGotcha,RagePowder,Protect|Bold|||||50|
|inactive|Battle timer is ON: inactive players will automatically lose when time's up. (requested by Cozmoonshowdown)
|inactive|rodry3 also wants the timer to be on.
|
|t:|1783174454
|teamsize|p1|4
|teamsize|p2|4
|start
|switch|p1a: Espathra|Espathra, L50, M|100/100
|switch|p1b: Sableye|Sableye, L50, M|100/100
|switch|p2a: Burned Bridge|Archaludon, L50, F|100/100
|switch|p2b: Grimmsnarl|Grimmsnarl, L50, M|100/100
|turn|1
|
|t:|1783174473
|switch|p2b: Mine? Mine? Mine?|Pelipper, L50, M|100/100
|-weather|RainDance|[from] ability: Drizzle|[of] p2b: Mine? Mine? Mine?
|move|p1b: Sableye|Light Screen|p1b: Sableye
|-sidestart|p1: rodry3|move: Light Screen
|move|p1a: Espathra|Calm Mind|p1a: Espathra
|-boost|p1a: Espathra|spa|1
|-boost|p1a: Espathra|spd|1
|move|p2a: Burned Bridge|Electro Shot||[still]
|-prepare|p2a: Burned Bridge|Electro Shot
|-boost|p2a: Burned Bridge|spa|1
|-anim|p2a: Burned Bridge|Electro Shot|p1b: Sableye
|-crit|p1b: Sableye
|-damage|p1b: Sableye|1/100
|
|-weather|RainDance|[upkeep]
|-ability|p1a: Espathra|Speed Boost|boost
|-boost|p1a: Espathra|spe|1
|upkeep
|turn|2
|inactive|rodry3 has 30 seconds left.
|inactive|rodry3 has 20 seconds left.
|
|t:|1783174510
|move|p1b: Sableye|Reflect|p1b: Sableye
|-sidestart|p1: rodry3|Reflect
|move|p1a: Espathra|Calm Mind|p1a: Espathra
|-boost|p1a: Espathra|spa|1
|-boost|p1a: Espathra|spd|1
|move|p2a: Burned Bridge|Electro Shot||[still]
|-prepare|p2a: Burned Bridge|Electro Shot
|-boost|p2a: Burned Bridge|spa|1
|-anim|p2a: Burned Bridge|Electro Shot|p1a: Espathra
|-damage|p1a: Espathra|59/100
|move|p2b: Mine? Mine? Mine?|Weather Ball|p1b: Sableye
|-damage|p1b: Sableye|0 fnt
|faint|p1b: Sableye
|
|-weather|RainDance|[upkeep]
|-ability|p1a: Espathra|Speed Boost|boost
|-boost|p1a: Espathra|spe|1
|upkeep
|
|t:|1783174517
|switch|p1b: Sneasler|Sneasler, L50, M|100/100
|turn|3
|inactive|rodry3 has 30 seconds left.
|inactive|Cozmoonshowdown has 30 seconds left.
|
|t:|1783174548
|move|p1b: Sneasler|Fake Out|p2a: Burned Bridge
|-resisted|p2a: Burned Bridge|1
|-damage|p2a: Burned Bridge|93/100
|-ability|p2a: Burned Bridge|Stamina|boost
|-boost|p2a: Burned Bridge|def|1
|move|p1a: Espathra|Lumina Crash|p2b: Mine? Mine? Mine?
|-damage|p2b: Mine? Mine? Mine?|15/100
|-unboost|p2b: Mine? Mine? Mine?|spd|2
|-enditem|p2b: Mine? Mine? Mine?|Sitrus Berry|[eat]
|-heal|p2b: Mine? Mine? Mine?|40/100|[from] item: Sitrus Berry
|cant|p2a: Burned Bridge|flinch
|move|p2b: Mine? Mine? Mine?|Tailwind|p2b: Mine? Mine? Mine?
|-sidestart|p2: Cozmoonshowdown|move: Tailwind
|
|-weather|RainDance|[upkeep]
|-heal|p2a: Burned Bridge|100/100|[from] item: Leftovers
|-ability|p1a: Espathra|Speed Boost|boost
|-boost|p1a: Espathra|spe|1
|upkeep
|turn|4
|inactive|Cozmoonshowdown has 30 seconds left.
|
|t:|1783174573
|switch|p2b: Grimmsnarl|Grimmsnarl, L50, M|100/100
|move|p1a: Espathra|Protect|p1a: Espathra
|-singleturn|p1a: Espathra|Protect
|move|p2a: Burned Bridge|Protect|p2a: Burned Bridge
|-singleturn|p2a: Burned Bridge|Protect
|move|p1b: Sneasler|Close Combat|p2a: Burned Bridge
|-activate|p2a: Burned Bridge|move: Protect
|
|-weather|RainDance|[upkeep]
|-ability|p1a: Espathra|Speed Boost|boost
|-boost|p1a: Espathra|spe|1
|upkeep
|turn|5
|
|t:|1783174599
|move|p1a: Espathra|Baton Pass|p1a: Espathra
|
|t:|1783174601
|switch|p1a: Blastoise|Blastoise, L50, F|100/100|[from] Baton Pass
|move|p2a: Burned Bridge|Electro Shot||[still]
|-prepare|p2a: Burned Bridge|Electro Shot
|-boost|p2a: Burned Bridge|spa|1
|-anim|p2a: Burned Bridge|Electro Shot|p1a: Blastoise
|-supereffective|p1a: Blastoise|1
|-damage|p1a: Blastoise|28/100
|move|p1b: Sneasler|Close Combat|p2a: Burned Bridge
|-supereffective|p2a: Burned Bridge|1
|-damage|p2a: Burned Bridge|38/100
|-unboost|p1b: Sneasler|def|1
|-unboost|p1b: Sneasler|spd|1
|-ability|p2a: Burned Bridge|Stamina|boost
|-boost|p2a: Burned Bridge|def|1
|move|p2b: Grimmsnarl|Spirit Break|p1b: Sneasler
|-damage|p1b: Sneasler|46/100
|-unboost|p1b: Sneasler|spa|1
|
|-weather|none
|-heal|p2a: Burned Bridge|44/100|[from] item: Leftovers
|-sideend|p1: rodry3|move: Light Screen
|upkeep
|turn|6
|inactive|rodry3 has 30 seconds left.
|inactive|Cozmoonshowdown has 30 seconds left.
|
|t:|1783174628
|switch|p2b: Mine? Mine? Mine?|Pelipper, L50, M|40/100
|-weather|RainDance|[from] ability: Drizzle|[of] p2b: Mine? Mine? Mine?
|detailschange|p1a: Blastoise|Blastoise-Mega, L50, F
|-mega|p1a: Blastoise|Blastoise|Blastoisinite
|move|p1a: Blastoise|Protect|p1a: Blastoise
|-singleturn|p1a: Blastoise|Protect
|move|p2a: Burned Bridge|Electro Shot||[still]
|-prepare|p2a: Burned Bridge|Electro Shot
|-boost|p2a: Burned Bridge|spa|1
|-anim|p2a: Burned Bridge|Electro Shot|p1b: Sneasler
|-damage|p1b: Sneasler|0 fnt
|faint|p1b: Sneasler
|
|-weather|RainDance|[upkeep]
|-heal|p2a: Burned Bridge|50/100g|[from] item: Leftovers
|-sideend|p1: rodry3|Reflect
|-sideend|p2: Cozmoonshowdown|move: Tailwind
|upkeep
|
|t:|1783174639
|switch|p1b: Espathra|Espathra, L50, M|59/100
|turn|7
|
|t:|1783174656
|move|p1a: Blastoise|Dark Pulse|p2a: Burned Bridge
|-damage|p2a: Burned Bridge|0 fnt
|faint|p2a: Burned Bridge
|move|p1b: Espathra|Lumina Crash|p2b: Mine? Mine? Mine?
|-damage|p2b: Mine? Mine? Mine?|0 fnt
|faint|p2b: Mine? Mine? Mine?
|
|-weather|RainDance|[upkeep]
|-ability|p1b: Espathra|Speed Boost|boost
|-boost|p1b: Espathra|spe|1
|upkeep
|
|t:|1783174659
|switch|p2a: Aggressive Crab|Metagross, L50, shiny|100/100
|switch|p2b: Grimmsnarl|Grimmsnarl, L50, M|100/100
|turn|8
|inactive|rodry3 has 30 seconds left.
|
|t:|1783174688
|detailschange|p2a: Aggressive Crab|Metagross-Mega, L50, shiny
|-mega|p2a: Aggressive Crab|Metagross|Metagrossite
|move|p1a: Blastoise|Protect|p1a: Blastoise
|-singleturn|p1a: Blastoise|Protect
|move|p2b: Grimmsnarl|Light Screen|p2b: Grimmsnarl
|-sidestart|p2: Cozmoonshowdown|move: Light Screen
|move|p1b: Espathra|Lumina Crash|p2a: Aggressive Crab
|-resisted|p2a: Aggressive Crab|2
|-damage|p2a: Aggressive Crab|93/100
|-unboost|p2a: Aggressive Crab|spd|2
|move|p2a: Aggressive Crab|Psychic Fangs|p1a: Blastoise
|-activate|p1a: Blastoise|move: Protect
|
|-weather|RainDance|[upkeep]
|-ability|p1b: Espathra|Speed Boost|boost
|-boost|p1b: Espathra|spe|1
|upkeep
|turn|9
|inactive|rodry3 has 30 seconds left.
|inactive|rodry3 has 20 seconds left.
|inactive|rodry3 has 15 seconds left.
|inactive|rodry3 has 10 seconds left.
|
|t:|1783174733
|move|p2a: Aggressive Crab|Protect|p2a: Aggressive Crab
|-singleturn|p2a: Aggressive Crab|Protect
|move|p2b: Grimmsnarl|Parting Shot|p1a: Blastoise
|-unboost|p1a: Blastoise|atk|1
|-unboost|p1a: Blastoise|spa|1
|move|p1a: Blastoise|Dark Pulse|p2a: Aggressive Crab
|-activate|p2a: Aggressive Crab|move: Protect
|move|p1b: Espathra|Lumina Crash|p2a: Aggressive Crab
|-activate|p2a: Aggressive Crab|move: Protect
|
|-weather|RainDance|[upkeep]
|-ability|p1b: Espathra|Speed Boost|boost
|-boost|p1b: Espathra|spe|1
|upkeep
|turn|10
|
|t:|1783174758
|move|p2b: Grimmsnarl|Parting Shot|p1a: Blastoise
|-unboost|p1a: Blastoise|atk|1
|-unboost|p1a: Blastoise|spa|1
|move|p1b: Espathra|Lumina Crash|p2b: Grimmsnarl
|-immune|p2b: Grimmsnarl
|move|p1a: Blastoise|Dark Pulse|p2a: Aggressive Crab
|-supereffective|p2a: Aggressive Crab|1
|-damage|p2a: Aggressive Crab|0 fnt
|faint|p2a: Aggressive Crab
|
|-weather|none
|-ability|p1b: Espathra|Speed Boost|boost
|-boost|p1b: Espathra|spe|1
|upkeep
|turn|11
|inactive|rodry3 has 30 seconds left.
|
|t:|1783174792
|move|p1b: Espathra|Lumina Crash|p2b: Grimmsnarl
|-immune|p2b: Grimmsnarl
|move|p1a: Blastoise|Shell Smash|p1a: Blastoise
|-unboost|p1a: Blastoise|def|1
|-unboost|p1a: Blastoise|spd|1
|-boost|p1a: Blastoise|atk|2
|-boost|p1a: Blastoise|spa|2
|-boost|p1a: Blastoise|spe|2
|move|p2b: Grimmsnarl|Spirit Break|p1a: Blastoise
|-damage|p1a: Blastoise|0 fnt
|faint|p1a: Blastoise
|
|-ability|p1b: Espathra|Speed Boost|boost
|-boost|p1b: Espathra|spe|1
|upkeep
|turn|12
|-message|rodry3 forfeited.
|
|win|Cozmoonshowdown
|raw|rodry3's rating: 1139 → 1107(-32 for losing)
|raw|Cozmoonshowdown's rating: 1040 → 1083(+43 for winning)
|l|☆rodry3
|player|p1|
|l|☆Cozmoonshowdown
|player|p2|
|j|☆Cozmoonshowdown
|player|p2|Cozmoonshowdown|kieran-champion|
