|j|☆temporary name 3
|j|‽ajin22
|html|temporary name 3ajin22    
|uhtml|bestof|Game 2 of a best-of-3
|t:|1784949674
|gametype|doubles
|player|p1|temporary name 3|169|1110
|player|p2|ajin22|2|1129
|gen|9
|tier|[Gen 9 Champions] VGC 2026 Reg M-B (Bo3)
|rated|
|rule|Species Clause: Limit one of each Pokémon
|rule|Item Clause: Limit 1 of each item
|clearpoke
|poke|p1|Charizard, L50, F|
|poke|p1|Venusaur, L50, M|
|poke|p1|Torkoal, L50, M|
|poke|p1|Farigiraf, L50, F|
|poke|p1|Dragapult, L50, F|
|poke|p1|Mawile, L50, M|
|poke|p2|Raichu, L50, M|
|poke|p2|Gholdengo, L50|
|poke|p2|Garchomp, L50, M|
|poke|p2|Incineroar, L50, F|
|poke|p2|Milotic, L50, M|
|poke|p2|Whimsicott, L50, M|
|teampreview|4
|showteam|p1|Charizard||CharizarditeY|SolarPower|Protect,HeatWave,WeatherBall,SolarBeam|Modest||F|||50|]Venusaur||LifeOrb|Chlorophyll|EarthPower,SleepPowder,SludgeBomb,Protect|Modest||M|||50|]Torkoal||Charcoal|Drought|Protect,Eruption,WeatherBall,HelpingHand|Quiet||M|||50|]Farigiraf||SitrusBerry|ArmorTail|TrickRoom,Thunderbolt,Protect,Psychic|Bold||F|||50|]Dragapult||FocusSash|ClearBody|Uturn,DragonDarts,PhantomForce,Protect|Adamant||F|||50|]Mawile||Mawilite|Intimidate|PlayRough,Protect,SuckerPunch,IronHead|Adamant||M|||50|
|showteam|p2|Raichu||RaichuniteY|LightningRod|ZapCannon,FocusBlast,Protect,FakeOut|Timid||M|||50|]Gholdengo||SpellTag|GoodasGold|NastyPlot,ShadowBall,Protect,MakeItRain|Modest|||||50|]Garchomp||LifeOrb|RoughSkin|Earthquake,RockSlide,Protect,DragonClaw|Adamant||M|||50|]Incineroar||SitrusBerry|Intimidate|FakeOut,FlareBlitz,DarkestLariat,PartingShot|Impish||F|||50|]Milotic||Leftovers|Competitive|Coil,HydroPump,Hypnosis,Recover|Calm||M|||50|]Whimsicott||FocusSash|Prankster|Tailwind,Moonblast,Encore,Protect|Timid||M|||50|
|
|t:|1784949704
|teamsize|p1|4
|teamsize|p2|4
|start
|switch|p1a: Farigiraf|Farigiraf, L50, F|100/100
|switch|p1b: Venusaur|Venusaur, L50, M|100/100
|switch|p2a: Raichu|Raichu, L50, M|100/100
|switch|p2b: Incineroar|Incineroar, L50, F|100/100
|-ability|p2b: Incineroar|Intimidate|boost
|-unboost|p1a: Farigiraf|atk|1
|-unboost|p1b: Venusaur|atk|1
|turn|1
|
|t:|1784949720
|detailschange|p2a: Raichu|Raichu-Mega-Y, L50, M
|-mega|p2a: Raichu|Raichu|Raichunite Y
|move|p2a: Raichu|Zap Cannon|p1a: Farigiraf
|-damage|p1a: Farigiraf|34/100
|-status|p1a: Farigiraf|par
|-enditem|p1a: Farigiraf|Sitrus Berry|[eat]
|-heal|p1a: Farigiraf|59/100 par|[from] item: Sitrus Berry
|move|p1b: Venusaur|Sleep Powder|p2b: Incineroar|[miss]
|-miss|p1b: Venusaur|p2b: Incineroar
|move|p2b: Incineroar|Darkest Lariat|p1a: Farigiraf
|-supereffective|p1a: Farigiraf|1
|-damage|p1a: Farigiraf|9/100 par
|move|p1a: Farigiraf|Trick Room|p1a: Farigiraf
|-fieldstart|move: Trick Room|[of] p1a: Farigiraf
|
|upkeep
|turn|2
|
|t:|1784949738
|switch|p1b: Mawile|Mawile, L50, M|100/100
|-ability|p1b: Mawile|Intimidate|boost
|-unboost|p2a: Raichu|atk|1
|-unboost|p2b: Incineroar|atk|1
|move|p1a: Farigiraf|Psychic|p2a: Raichu
|-damage|p2a: Raichu|48/100
|move|p2b: Incineroar|Flare Blitz|p1b: Mawile
|-supereffective|p1b: Mawile|1
|-damage|p1b: Mawile|18/100
|-damage|p2b: Incineroar|79/100|[from] Recoil
|move|p2a: Raichu|Zap Cannon|p1a: Farigiraf
|-damage|p1a: Farigiraf|0 fnt
|faint|p1a: Farigiraf
|
|upkeep
|
|t:|1784949747
|switch|p1a: Torkoal|Torkoal, L50, M|100/100
|-weather|SunnyDay|[from] ability: Drought|[of] p1a: Torkoal
|turn|3
|
|t:|1784949757
|switch|p2b: Milotic|Milotic, L50, M|100/100
|detailschange|p1b: Mawile|Mawile-Mega, L50, M
|-mega|p1b: Mawile|Mawile|Mawilite
|move|p2a: Raichu|Protect|p2a: Raichu
|-singleturn|p2a: Raichu|Protect
|move|p1a: Torkoal|Eruption|p2a: Raichu|[spread] p2b
|-activate|p2a: Raichu|move: Protect
|-resisted|p2b: Milotic|1
|-damage|p2b: Milotic|71/100
|move|p1b: Mawile|Play Rough|p2b: Milotic
|-damage|p2b: Milotic|0 fnt
|faint|p2b: Milotic
|
|-weather|SunnyDay|[upkeep]
|upkeep
|
|t:|1784949765
|switch|p2b: Incineroar|Incineroar, L50, F|79/100
|-ability|p2b: Incineroar|Intimidate|boost
|-unboost|p1a: Torkoal|atk|1
|-unboost|p1b: Mawile|atk|1
|turn|4
|
|t:|1784949784
|move|p2b: Incineroar|Fake Out|p1a: Torkoal
|-damage|p1a: Torkoal|90/100
|cant|p1a: Torkoal|flinch
|move|p1b: Mawile|Play Rough|p2a: Raichu
|-damage|p2a: Raichu|0 fnt
|faint|p2a: Raichu
|
|-weather|SunnyDay|[upkeep]
|upkeep
|j| creed revival tour
|
|t:|1784949791
|switch|p2a: Garchomp|Garchomp, L50, M|100/100
|turn|5
|l| creed revival tour
|
|t:|1784949810
|move|p2a: Garchomp|Protect|p2a: Garchomp
|-singleturn|p2a: Garchomp|Protect
|move|p1b: Mawile|Sucker Punch|p2b: Incineroar
|-resisted|p2b: Incineroar|1
|-crit|p2b: Incineroar
|-damage|p2b: Incineroar|52/100
|move|p1a: Torkoal|Eruption|p2a: Garchomp|[spread] p2b
|-activate|p2a: Garchomp|move: Protect
|-resisted|p2b: Incineroar|1
|-damage|p2b: Incineroar|18/100
|-enditem|p2b: Incineroar|Sitrus Berry|[eat]
|-heal|p2b: Incineroar|43/100|[from] item: Sitrus Berry
|move|p2b: Incineroar|Darkest Lariat|p1a: Torkoal
|-damage|p1a: Torkoal|63/100
|
|-weather|SunnyDay|[upkeep]
|-fieldend|move: Trick Room
|upkeep
|turn|6
|
|t:|1784949832
|move|p1a: Torkoal|Helping Hand|p1b: Mawile
|-singleturn|p1b: Mawile|Helping Hand|[of] p1a: Torkoal
|move|p1b: Mawile|Sucker Punch|p2b: Incineroar
|-resisted|p2b: Incineroar|1
|-damage|p2b: Incineroar|24/100
|move|p2a: Garchomp|Rock Slide|p1a: Torkoal|[spread] p1a,p1b
|-supereffective|p1a: Torkoal|1
|-resisted|p1b: Mawile|1
|-damage|p1a: Torkoal|27/100
|-damage|p1b: Mawile|7/100
|-damage|p2a: Garchomp|90/100|[from] item: Life Orb
|move|p2b: Incineroar|Flare Blitz|p1b: Mawile
|-supereffective|p1b: Mawile|1
|-damage|p1b: Mawile|0 fnt
|faint|p1b: Mawile
|-damage|p2b: Incineroar|22/100|[from] Recoil
|
|-weather|SunnyDay|[upkeep]
|upkeep
|
|t:|1784949837
|switch|p1b: Venusaur|Venusaur, L50, M|100/100
|turn|7
|
|t:|1784949857
|move|p2a: Garchomp|Protect|p2a: Garchomp
|-singleturn|p2a: Garchomp|Protect
|move|p1a: Torkoal|Protect|p1a: Torkoal
|-singleturn|p1a: Torkoal|Protect
|move|p1b: Venusaur|Earth Power|p2b: Incineroar
|-supereffective|p2b: Incineroar|1
|-damage|p2b: Incineroar|0 fnt
|faint|p2b: Incineroar
|-damage|p1b: Venusaur|90/100|[from] item: Life Orb
|
|-weather|none
|upkeep
|turn|8
|
|t:|1784949867
|move|p1a: Torkoal|Protect||[still]
|-fail|p1a: Torkoal
|move|p1b: Venusaur|Sleep Powder|p2a: Garchomp|[miss]
|-miss|p1b: Venusaur|p2a: Garchomp
|move|p2a: Garchomp|Earthquake|p1b: Venusaur|[spread] p1a,p1b
|-supereffective|p1a: Torkoal|1
|-damage|p1a: Torkoal|0 fnt
|-damage|p1b: Venusaur|22/100
|faint|p1a: Torkoal
|-damage|p2a: Garchomp|80/100|[from] item: Life Orb
|
|upkeep
|turn|9
|
|t:|1784949871
|move|p1b: Venusaur|Sludge Bomb|p2a: Garchomp
|-resisted|p2a: Garchomp|1
|-damage|p2a: Garchomp|53/100
|-damage|p1b: Venusaur|12/100|[from] item: Life Orb
|move|p2a: Garchomp|Earthquake|p1b: Venusaur
|-damage|p1b: Venusaur|0 fnt
|faint|p1b: Venusaur
|-damage|p2a: Garchomp|43/100|[from] item: Life Orb
|
|win|ajin22
||ajin22 is ready for game 3.
||temporary name 3 is ready for game 3.
|uhtml|next|Next: Game 3 of 3
