|j|☆battlegrounds88
|j|☆Professor_J93
|html|battlegrounds88Professor_J93    
|uhtml|bestof|Game 3 of a best-of-3
|t:|1782323408
|gametype|doubles
|player|p1|battlegrounds88|hugh|
|player|p2|Professor_J93|n|
|gen|9
|tier|[Gen 9 Champions] VGC 2026 Reg M-B (Bo3)
|rule|Species Clause: Limit one of each Pokémon
|rule|Item Clause: Limit 1 of each item
|clearpoke
|poke|p1|Staraptor, L50, M|
|poke|p1|Sinistcha, L50|
|poke|p1|Farigiraf, L50, F|
|poke|p1|Kingambit, L50, M|
|poke|p1|Incineroar, L50, M|
|poke|p1|Clefable, L50, M|
|poke|p2|Raichu, L50, F|
|poke|p2|Vivillon-Ocean, L50, M|
|poke|p2|Infernape, L50, M|
|poke|p2|Sylveon, L50, F|
|poke|p2|Basculegion, L50, M|
|poke|p2|Farigiraf, L50, M|
|teampreview|4
|showteam|p1|Staraptor||Staraptite|Intimidate|CloseCombat,BraveBird,Protect,QuickAttack|Jolly||M|||50|]Sinistcha||Leftovers|Hospitality|MatchaGotcha,Protect,LifeDew,RagePowder|Calm|||||50|]Farigiraf||MentalHerb|ArmorTail|TrickRoom,Psychic,HyperVoice,HelpingHand|Quiet||F|||50|]Kingambit||BlackGlasses|SupremeOverlord|KowtowCleave,IronHead,Protect,SuckerPunch|Adamant||M|||50|]Incineroar||SitrusBerry|Intimidate|DarkestLariat,FakeOut,FlareBlitz,PartingShot|Adamant||M|||50|]Clefable||FairyFeather|Unaware|Protect,FollowMe,IceBeam,Moonblast|Bold||M|||50|
|showteam|p2|Raichu||RaichuniteY|LightningRod|ZapCannon,FocusBlast,FakeOut,Protect|Modest||F|||50|]Vivillon-Ocean||FocusSash|CompoundEyes|Hurricane,Tailwind,SleepPowder,Protect|Timid||M|||50|]Infernape||Charcoal|Blaze|Overheat,FakeOut,Encore,Protect|Timid||M|||50|]Sylveon||FairyFeather|Pixilate|HyperVoice,HyperBeam,QuickAttack,Protect|Modest||F|||50|]Basculegion||MysticWater|Adaptability|WaveCrash,AquaJet,LastRespects,Protect|Jolly||M|||50|]Farigiraf||SitrusBerry|ArmorTail|Psyshock,Roar,TrickRoom,HelpingHand|Relaxed||M|||50|
|
|t:|1782323460
|teamsize|p1|4
|teamsize|p2|4
|start
|switch|p1a: Shogun|Kingambit, L50, M|100/100
|switch|p1b: Clefable|Clefable, L50, M|100/100
|switch|p2a: Infernape|Infernape, L50, M|100/100
|switch|p2b: Sylveon|Sylveon, L50, F|100/100
|turn|1
|
|t:|1782323477
|move|p2a: Infernape|Fake Out|p1a: Shogun
|-resisted|p1a: Shogun|1
|-damage|p1a: Shogun|96/100
|move|p1b: Clefable|Follow Me|p1b: Clefable
|-singleturn|p1b: Clefable|move: Follow Me
|move|p2b: Sylveon|Hyper Voice|p1b: Clefable|[spread] p1a,p1b
|-damage|p1a: Shogun|59/100
|-damage|p1b: Clefable|61/100
|cant|p1a: Shogun|flinch
|
|upkeep
|turn|2
|
|t:|1782323492
|move|p2b: Sylveon|Protect|p2b: Sylveon
|-singleturn|p2b: Sylveon|Protect
|move|p1b: Clefable|Follow Me|p1b: Clefable
|-singleturn|p1b: Clefable|move: Follow Me
|move|p2a: Infernape|Overheat|p1b: Clefable
|-damage|p1b: Clefable|0 fnt
|-unboost|p2a: Infernape|spa|2
|faint|p1b: Clefable
|move|p1a: Shogun|Iron Head|p2b: Sylveon
|-activate|p2b: Sylveon|move: Protect
|
|upkeep
|
|t:|1782323505
|switch|p1b: Mateo|Sinistcha, L50|100/100
|-heal|p1a: Shogun|84/100|[from] ability: Hospitality|[of] p1b: Mateo
|turn|3
|
|t:|1782323520
|move|p1b: Mateo|Rage Powder|p1b: Mateo
|-singleturn|p1b: Mateo|move: Rage Powder
|move|p2a: Infernape|Overheat|p1b: Mateo
|-supereffective|p1b: Mateo|1
|-damage|p1b: Mateo|22/100
|-unboost|p2a: Infernape|spa|2
|move|p2b: Sylveon|Hyper Beam|p1b: Mateo
|-damage|p1b: Mateo|0 fnt
|-mustrecharge|p2b: Sylveon
|faint|p1b: Mateo
|move|p1a: Shogun|Iron Head|p2b: Sylveon
|-supereffective|p2b: Sylveon|1
|-damage|p2b: Sylveon|12/100
|
|upkeep
|
|t:|1782323534
|switch|p1b: T-1000|Staraptor, L50, M|100/100
|-ability|p1b: T-1000|Intimidate|boost
|-unboost|p2a: Infernape|atk|1
|-unboost|p2b: Sylveon|atk|1
|turn|4
|
|t:|1782323551
|switch|p2a: Farigiraf|Farigiraf, L50, M|100/100
|detailschange|p1b: T-1000|Staraptor-Mega, L50, M
|-mega|p1b: T-1000|Staraptor|Staraptite
|move|p1a: Shogun|Protect|p1a: Shogun
|-singleturn|p1a: Shogun|Protect
|move|p1b: T-1000|Quick Attack||[still]
|cant|p2a: Farigiraf|ability: Armor Tail|Quick Attack|[of] p1b: T-1000
|cant|p2b: Sylveon|recharge
|
|upkeep
|turn|5
|
|t:|1782323570
|move|p1b: T-1000|Close Combat|p2a: Farigiraf
|-damage|p2a: Farigiraf|50/100y
|-boost|p1b: T-1000|def|1
|-boost|p1b: T-1000|spd|1
|-enditem|p2a: Farigiraf|Sitrus Berry|[eat]
|-heal|p2a: Farigiraf|75/100|[from] item: Sitrus Berry
|move|p2b: Sylveon|Hyper Voice|p1a: Shogun|[spread] p1a,p1b
|-supereffective|p1b: T-1000|1
|-damage|p1a: Shogun|43/100
|-damage|p1b: T-1000|31/100
|move|p2a: Farigiraf|Psyshock|p1b: T-1000
|-supereffective|p1b: T-1000|1
|-damage|p1b: T-1000|0 fnt
|faint|p1b: T-1000
|move|p1a: Shogun|Iron Head|p2b: Sylveon
|-supereffective|p2b: Sylveon|1
|-damage|p2b: Sylveon|0 fnt
|faint|p2b: Sylveon
|
|upkeep
|
|t:|1782323583
|switch|p2b: Infernape|Infernape, L50, M|100/100
|turn|6
|
|t:|1782323595
|switch|p2a: Raichu|Raichu, L50, F|100/100
|move|p2b: Infernape|Fake Out|p1a: Shogun
|-resisted|p1a: Shogun|1
|-damage|p1a: Shogun|40/100
|cant|p1a: Shogun|flinch
|
|upkeep
|turn|7
|
|t:|1782323610
|detailschange|p2a: Raichu|Raichu-Mega-Y, L50, F
|-mega|p2a: Raichu|Raichu|Raichunite Y
|move|p2a: Raichu|Fake Out|p1a: Shogun
|-resisted|p1a: Shogun|1
|-damage|p1a: Shogun|36/100
|cant|p1a: Shogun|flinch
|move|p2b: Infernape|Overheat|p1a: Shogun
|-supereffective|p1a: Shogun|1
|-damage|p1a: Shogun|0 fnt
|-unboost|p2b: Infernape|spa|2
|faint|p1a: Shogun
|-end|p1a: Shogun|fallenundefined|[silent]
|
|win|Professor_J93
|c|☆Professor_J93|gg
|c|☆battlegrounds88|Gg
