|j|☆Negapmahs
|j|☆bb23
|html|Negapmahsbb23    
|uhtml|bestof|Game 2 of a best-of-3
|t:|1757805384
|gametype|doubles
|player|p1|Negapmahs|veteranf|
|player|p2|bb23|cyclist-gen4|
|gen|9
|tier|[Gen 9] VGC 2025 Reg H (Bo3)
|rule|Species Clause: Limit one of each Pokémon
|rule|Item Clause: Limit 1 of each item
|clearpoke
|poke|p1|Vivillon-Fancy, L50, F|
|poke|p1|Garchomp, L50, M|
|poke|p1|Primarina, L50, F|
|poke|p1|Incineroar, L50, F|
|poke|p1|Gholdengo, L50|
|poke|p1|Porygon2, L50|
|poke|p2|Armarouge, L50, F|
|poke|p2|Indeedee-F, L50, F|
|poke|p2|Hatterene, L50, F|
|poke|p2|Ursaluna, L50, M|
|poke|p2|Torkoal, L50, M|
|poke|p2|Lilligant-Hisui, L50, F|
|teampreview|4
|showteam|p1|Vivillon-Fancy||FocusSash|CompoundEyes|Hurricane,SleepPowder,RagePowder,Protect|||F|||50|,,,,,Ghost]Garchomp||LifeOrb|RoughSkin|Earthquake,DragonClaw,StompingTantrum,Protect|||M|||50|,,,,,Water]Primarina||SitrusBerry|LiquidVoice|HyperVoice,Moonblast,Haze,Protect|||F|||50|,,,,,Grass]Incineroar||SafetyGoggles|Intimidate|FakeOut,FlareBlitz,PartingShot,KnockOff|||F|||50|,,,,,Ghost]Gholdengo||MetalCoat|GoodasGold|MakeItRain,ShadowBall,NastyPlot,Protect||||||50|,,,,,Dragon]Porygon2||Eviolite|Download|TeraBlast,IceBeam,Recover,TrickRoom||||||50|,,,,,Fighting
|showteam|p2|Armarouge||MindPlate|FlashFire|ExpandingForce,ArmorCannon,TrickRoom,Protect|||F|||50|,,,,,Dark]Indeedee-F||FocusSash|PsychicSurge|TrickRoom,HelpingHand,FollowMe,Psyshock|||F|||50|,,,,,Grass]Hatterene||CovertCloak|MagicBounce|DazzlingGleam,ExpandingForce,TrickRoom,Protect|||F|||50|,,,,,Steel]Ursaluna||FlameOrb|Guts|Facade,HeadlongRush,IcePunch,Protect|||M|||50|,,,,,Grass]Torkoal||Charcoal|Drought|Eruption,SolarBeam,HeatWave,Protect|||M|||50|,,,,,Grass]Lilligant-Hisui||WideLens|Chlorophyll|LeafBlade,CloseCombat,AfterYou,SleepPowder|||F|||50|,,,,,Steel
|j| Oreoking56
|
|t:|1757805419
|teamsize|p1|4
|teamsize|p2|4
|start
|switch|p1a: Makoto|Gholdengo, L50|100/100
|switch|p1b: Mitsuru|Primarina, L50, F|100/100
|switch|p2a: Indeedee|Indeedee-F, L50, F|100/100
|switch|p2b: Armarouge|Armarouge, L50, F|100/100
|-fieldstart|move: Psychic Terrain|[from] ability: Psychic Surge|[of] p2a: Indeedee
|turn|1
|
|t:|1757805435
|-terastallize|p2b: Armarouge|Dark
|move|p2a: Indeedee|Follow Me|p2a: Indeedee
|-singleturn|p2a: Indeedee|move: Follow Me
|move|p1a: Makoto|Nasty Plot|p1a: Makoto
|-boost|p1a: Makoto|spa|2
|move|p1b: Mitsuru|Moonblast|p2a: Indeedee
|-damage|p2a: Indeedee|65/100
|move|p2b: Armarouge|Trick Room|p2b: Armarouge
|-fieldstart|move: Trick Room|[of] p2b: Armarouge
|
|upkeep
|turn|2
|
|t:|1757805452
|move|p2a: Indeedee|Follow Me|p2a: Indeedee
|-singleturn|p2a: Indeedee|move: Follow Me
|move|p2b: Armarouge|Expanding Force|p1a: Makoto|[spread] p1a,p1b
|-resisted|p1a: Makoto
|-damage|p1a: Makoto|61/100
|-damage|p1b: Mitsuru|32/100
|-enditem|p1b: Mitsuru|Sitrus Berry|[eat]
|-heal|p1b: Mitsuru|57/100|[from] item: Sitrus Berry
|move|p1b: Mitsuru|Hyper Voice|p2a: Indeedee|[spread] p2a,p2b
|-damage|p2a: Indeedee|39/100
|-damage|p2b: Armarouge|61/100
|move|p1a: Makoto|Make It Rain|p2a: Indeedee|[spread] p2a,p2b
|-damage|p2a: Indeedee|0 fnt
|-damage|p2b: Armarouge|0 fnt
|-unboost|p1a: Makoto|spa|1
|faint|p2a: Indeedee
|faint|p2b: Armarouge
|
|upkeep
|
|t:|1757805464
|switch|p2b: Ursaluna|Ursaluna, L50, M|100/100
|switch|p2a: Torkoal|Torkoal, L50, M|100/100
|-weather|SunnyDay|[from] ability: Drought|[of] p2a: Torkoal
|turn|3
|
|t:|1757805480
|switch|p1b: Aigis|Porygon2, L50, shiny|100/100
|-ability|p1b: Aigis|Download|boost
|-boost|p1b: Aigis|spa|1
|move|p2b: Ursaluna|Protect|p2b: Ursaluna
|-singleturn|p2b: Ursaluna|Protect
|move|p1a: Makoto|Protect|p1a: Makoto
|-singleturn|p1a: Makoto|Protect
|move|p2a: Torkoal|Eruption|p1b: Aigis|[spread] p1b
|-activate|p1a: Makoto|move: Protect
|-damage|p1b: Aigis|52/100
|
|-weather|SunnyDay|[upkeep]
|-status|p2b: Ursaluna|brn|[from] item: Flame Orb
|upkeep
|turn|4
|
|t:|1757805506
|move|p2a: Torkoal|Eruption|p1b: Aigis|[spread] p1a,p1b
|-supereffective|p1a: Makoto
|-damage|p1a: Makoto|0 fnt
|-damage|p1b: Aigis|0 fnt
|faint|p1a: Makoto
|faint|p1b: Aigis
|move|p2b: Ursaluna|Headlong Rush|p1: Makoto|[notarget]
|-fail|p2b: Ursaluna
|
|-weather|SunnyDay|[upkeep]
|-damage|p2b: Ursaluna|95/100 brn|[from] brn
|upkeep
|
|t:|1757805510
|switch|p1b: Mitsuru|Primarina, L50, F|57/100
|switch|p1a: Junpei|Garchomp, L50, M|100/100
|turn|5
|
|t:|1757805518
|move|p1b: Mitsuru|Protect|p1b: Mitsuru
|-singleturn|p1b: Mitsuru|Protect
|move|p1a: Junpei|Protect|p1a: Junpei
|-singleturn|p1a: Junpei|Protect
|move|p2a: Torkoal|Solar Beam||[still]
|-prepare|p2a: Torkoal|Solar Beam
|-anim|p2a: Torkoal|Solar Beam|p1b: Mitsuru
|-activate|p1b: Mitsuru|move: Protect
|move|p2b: Ursaluna|Ice Punch|p1a: Junpei
|-activate|p1a: Junpei|move: Protect
|
|-weather|SunnyDay|[upkeep]
|-damage|p2b: Ursaluna|89/100 brn|[from] brn
|-fieldend|move: Trick Room
|-fieldend|move: Psychic Terrain
|upkeep
|turn|6
|
|t:|1757805529
|-terastallize|p1b: Mitsuru|Grass
|move|p1a: Junpei|Earthquake|p2a: Torkoal|[spread] p1b,p2a,p2b
|-resisted|p1b: Mitsuru
|-supereffective|p2a: Torkoal
|-damage|p1b: Mitsuru|25/100
|-damage|p2a: Torkoal|25/100
|-damage|p2b: Ursaluna|52/100 brn
|-damage|p1a: Junpei|91/100|[from] item: Life Orb
|move|p1b: Mitsuru|Hyper Voice|p2b: Ursaluna|[spread] p2a,p2b
|-supereffective|p2a: Torkoal
|-supereffective|p2b: Ursaluna
|-damage|p2a: Torkoal|0 fnt
|-damage|p2b: Ursaluna|19/100 brn
|faint|p2a: Torkoal
|move|p2b: Ursaluna|Ice Punch|p1a: Junpei
|-supereffective|p1a: Junpei
|-damage|p1a: Junpei|0 fnt
|-damage|p2b: Ursaluna|7/100 brn|[from] ability: Rough Skin|[of] p1a: Junpei
|faint|p1a: Junpei
|
|-weather|SunnyDay|[upkeep]
|-damage|p2b: Ursaluna|1/100 brn|[from] brn
|upkeep
|turn|7
|
|t:|1757805539
|move|p1b: Mitsuru|Hyper Voice|p2b: Ursaluna
|-supereffective|p2b: Ursaluna
|-damage|p2b: Ursaluna|0 fnt
|faint|p2b: Ursaluna
|
|win|Negapmahs
|c|☆Negapmahs|gg
||Negapmahs is ready for game 3.
|c|☆bb23|Gg
||bb23 is ready for game 3.
|uhtml|next|Next: Game 3 of 3
|l|☆bb23
|player|p2|
|l| Oreoking56
