|j|☆apa plays poke
|j|☆drake78976
|html|apa plays pokedrake78976    
|uhtml|bestof|Game 3 of a best-of-3
|t:|1784840144
|gametype|doubles
|player|p1|apa plays poke|norman|1100
|player|p2|drake78976|li|1000
|gen|9
|tier|[Gen 9 Champions] VGC 2026 Reg M-B (Bo3)
|rated|
|rule|Species Clause: Limit one of each Pokémon
|rule|Item Clause: Limit 1 of each item
|clearpoke
|poke|p1|Whimsicott, L50, M|
|poke|p1|Sneasler, L50, M|
|poke|p1|Incineroar, L50, F|
|poke|p1|Garchomp, L50, M|
|poke|p1|Farigiraf, L50, M|
|poke|p1|Blaziken, L50, F|
|poke|p2|Mamoswine, L50, F|
|poke|p2|Talonflame, L50, F|
|poke|p2|Hydreigon, L50, M|
|poke|p2|Tsareena, L50, F|
|poke|p2|Incineroar, L50, M|
|poke|p2|Raichu, L50, F|
|teampreview|4
|showteam|p1|Whimsicott||FocusSash|Prankster|Moonblast,GigaDrain,Tailwind,Encore|Timid||M|||50|]Sneasler||WhiteHerb|Unburden|FakeOut,DireClaw,CloseCombat,RockTomb|Jolly||M|||50|]Incineroar||SitrusBerry|Intimidate|FakeOut,PartingShot,FlareBlitz,DarkestLariat|Adamant||F|||50|]Garchomp||LifeOrb|RoughSkin|StompingTantrum,RockSlide,DragonClaw,Protect|Jolly||M|||50|]Farigiraf||ColburBerry|ArmorTail|TrickRoom,HelpingHand,HyperVoice,TwinBeam|Calm||M|||50|]Blaziken||Blazikenite|SpeedBoost|Protect,FlareBlitz,CloseCombat,SwordsDance|Adamant||F|||50|
|showteam|p2|Mamoswine||FocusSash|Oblivious|IceShard,IcicleCrash,HighHorsepower,Earthquake|Adamant||F|||50|]Talonflame||LifeOrb|GaleWings|Protect,Tailwind,FlareBlitz,DualWingbeat|Jolly||F|||50|]Hydreigon||ChoiceScarf|Levitate|Snarl,DarkPulse,DracoMeteor,EarthPower|Modest||M|||50|]Tsareena||WideLens|QueenlyMajesty|TripleAxel,Taunt,HelpingHand,PowerWhip|Adamant||F|||50|]Incineroar||SitrusBerry|Intimidate|FakeOut,PartingShot,FlareBlitz,ThroatChop|Careful||M|||50|]Raichu||RaichuniteY|LightningRod|FakeOut,ZapCannon,FocusBlast,VoltSwitch|Timid||F|||50|
|
|t:|1784840189
|teamsize|p1|4
|teamsize|p2|4
|start
|switch|p1a: Garchomp|Garchomp, L50, M|100/100
|switch|p1b: Sneasler|Sneasler, L50, M|100/100
|switch|p2a: Talonflame|Talonflame, L50, F|100/100
|switch|p2b: Incineroar|Incineroar, L50, M|100/100
|-ability|p2b: Incineroar|Intimidate|boost
|-unboost|p1a: Garchomp|atk|1
|-unboost|p1b: Sneasler|atk|1
|-enditem|p1b: Sneasler|White Herb
|-clearnegativeboost|p1b: Sneasler|[silent]
|turn|1
|
|t:|1784840203
|switch|p2b: Hydreigon|Hydreigon, L50, M|100/100
|move|p2a: Talonflame|Protect|p2a: Talonflame
|-singleturn|p2a: Talonflame|Protect
|move|p1b: Sneasler|Fake Out|p2a: Talonflame
|-activate|p2a: Talonflame|move: Protect
|move|p1a: Garchomp|Rock Slide|p2b: Hydreigon|[spread] p2b
|-activate|p2a: Talonflame|move: Protect
|-damage|p2b: Hydreigon|82/100
|-damage|p1a: Garchomp|90/100|[from] item: Life Orb
|
|upkeep
|turn|2
|
|t:|1784840245
|switch|p1a: Whimsicott|Whimsicott, L50, M|100/100
|move|p2a: Talonflame|Dual Wingbeat|p1b: Sneasler
|-supereffective|p1b: Sneasler|1
|-damage|p1b: Sneasler|35/100
|-supereffective|p1b: Sneasler|1
|-damage|p1b: Sneasler|0 fnt
|faint|p1b: Sneasler
|-hitcount|p1: Sneasler|2
|-damage|p2a: Talonflame|90/100|[from] item: Life Orb
|move|p2b: Hydreigon|Draco Meteor|p1a: Whimsicott
|-immune|p1a: Whimsicott
|
|upkeep
|
|t:|1784840255
|switch|p1b: Garchomp|Garchomp, L50, M|90/100
|turn|3
|
|t:|1784840264
|move|p1a: Whimsicott|Tailwind|p1a: Whimsicott
|-sidestart|p1: apa plays poke|move: Tailwind
|move|p1b: Garchomp|Rock Slide|p2a: Talonflame|[spread] p2a,p2b
|-supereffective|p2a: Talonflame|2
|-crit|p2a: Talonflame
|-damage|p2a: Talonflame|0 fnt
|-damage|p2b: Hydreigon|54/100
|faint|p2a: Talonflame
|-damage|p1b: Garchomp|80/100|[from] item: Life Orb
|move|p2b: Hydreigon|Draco Meteor|p1b: Garchomp
|-supereffective|p1b: Garchomp|1
|-damage|p1b: Garchomp|0 fnt
|-unboost|p2b: Hydreigon|spa|2
|faint|p1b: Garchomp
|
|upkeep
|
|t:|1784840271
|switch|p2a: Incineroar|Incineroar, L50, M|100/100
|switch|p1b: Blaziken|Blaziken, L50, F|100/100
|-ability|p2a: Incineroar|Intimidate|boost
|-unboost|p1a: Whimsicott|atk|1
|-unboost|p1b: Blaziken|atk|1
|turn|4
|
|t:|1784840280
|switch|p2b: Mamoswine|Mamoswine, L50, F|100/100
|detailschange|p1b: Blaziken|Blaziken-Mega, L50, F
|-mega|p1b: Blaziken|Blaziken|Blazikenite
|move|p2a: Incineroar|Fake Out|p1a: Whimsicott
|-damage|p1a: Whimsicott|83/100
|cant|p1a: Whimsicott|flinch
|move|p1b: Blaziken|Swords Dance|p1b: Blaziken
|-boost|p1b: Blaziken|atk|2
|
|-ability|p1b: Blaziken|Speed Boost|boost
|-boost|p1b: Blaziken|spe|1
|upkeep
|turn|5
|
|t:|1784840313
|move|p1b: Blaziken|Close Combat|p2b: Mamoswine
|-supereffective|p2b: Mamoswine|1
|-enditem|p2b: Mamoswine|Focus Sash
|-damage|p2b: Mamoswine|1/100
|-unboost|p1b: Blaziken|def|1
|-unboost|p1b: Blaziken|spd|1
|move|p1a: Whimsicott|Moonblast|p2a: Incineroar
|-damage|p2a: Incineroar|71/100
|move|p2b: Mamoswine|High Horsepower|p1b: Blaziken
|-supereffective|p1b: Blaziken|1
|-damage|p1b: Blaziken|0 fnt
|faint|p1b: Blaziken
|move|p2a: Incineroar|Flare Blitz|p1a: Whimsicott
|-supereffective|p1a: Whimsicott|1
|-damage|p1a: Whimsicott|0 fnt
|faint|p1a: Whimsicott
|-damage|p2a: Incineroar|52/100|[from] Recoil
|
|win|drake78976
|raw|apa plays poke's rating: 1100 → 1068(-32 for losing)
|raw|drake78976's rating: 1000 → 1051(+51 for winning)
|l|☆apa plays poke
|player|p1|
