|j|☆DrakyPana
|j|☆Edinson Burgos
|html|DrakyPanaEdinson Burgos    
|uhtml|bestof|Game 1 of a best-of-3
|t:|1757642658
|gametype|doubles
|player|p1|DrakyPana|266|
|player|p2|Edinson Burgos|cynthia|
|gen|9
|tier|[Gen 9] VGC 2025 Reg H (Bo3)
|rule|Species Clause: Limit one of each Pokémon
|rule|Item Clause: Limit 1 of each item
|clearpoke
|poke|p1|Porygon2, L50|
|poke|p1|Incineroar, L50, F|
|poke|p1|Ursaluna, L50, F|
|poke|p1|Amoonguss, L50, F|
|poke|p1|Gholdengo, L50|
|poke|p1|Dragonite, L50, F|
|poke|p2|Dragonite, L50, M|
|poke|p2|Volcarona, L50, F|
|poke|p2|Sneasler, L50, M|
|poke|p2|Rillaboom, L50, M|
|poke|p2|Electabuzz, L50, M|
|poke|p2|Kingambit, L50, M|
|teampreview|4
|showteam|p1|Porygon2||Eviolite|Download|TeraBlast,IceBeam,Recover,TrickRoom||||||50|,,,,,Fighting]Incineroar||SafetyGoggles|Intimidate|FlareBlitz,FakeOut,KnockOff,PartingShot|||F|||50|,,,,,Ghost]Ursaluna||FlameOrb|Guts|HeadlongRush,Facade,Earthquake,Protect|||F|||50|,,,,,Ghost]Amoonguss||SitrusBerry|Regenerator|PollenPuff,Spore,RagePowder,Protect|||F|||50|,,,,,Water]Gholdengo||LifeOrb|GoodasGold|MakeItRain,ShadowBall,NastyPlot,Protect||||||50|,,,,,Water]Dragonite||LoadedDice|Multiscale|ScaleShot,Haze,Tailwind,Protect|||F|||50|,,,,,Steel
|showteam|p2|Dragonite||LoadedDice|Multiscale|ScaleShot,ExtremeSpeed,Haze,Protect|||M|||50|,,,,,Fairy]Volcarona||CovertCloak|FlameBody|HeatWave,TeraBlast,QuiverDance,Protect|||F|||50|,,,,,Fairy]Sneasler||FocusSash|Unburden|CloseCombat,DireClaw,Coaching,Protect|||M|||50|,,,,,Stellar]Rillaboom||AssaultVest|GrassySurge|WoodHammer,GrassyGlide,HighHorsepower,FakeOut|||M|||50|,,,,,Water]Electabuzz||Eviolite|VitalSpirit|Thunderbolt,FollowMe,Taunt,Protect|||M|||50|,,,,,Ghost]Kingambit||BlackGlasses|Defiant|KowtowCleave,SuckerPunch,SwordsDance,Protect|||M|||50|,,,,,Dark
|inactive|Battle timer is ON: inactive players will automatically lose when time's up. (requested by DrakyPana)
|
|t:|1757642714
|teamsize|p1|4
|teamsize|p2|4
|start
|switch|p1a: Porygon2|Porygon2, L50|100/100
|switch|p1b: Ursaluna|Ursaluna, L50, F|100/100
|switch|p2a: Diego Maradona|Kingambit, L50, M, shiny|100/100
|switch|p2b: Ronaldo Nazario|Sneasler, L50, M|100/100
|-ability|p1a: Porygon2|Download|boost
|-boost|p1a: Porygon2|spa|1
|turn|1
|inactive|DrakyPana has 30 seconds left.
|inactive|Edinson Burgos has 30 seconds left.
|
|t:|1757642743
|switch|p2a: Cristiano Ronaldo|Rillaboom, L50, M|100/100
|-fieldstart|move: Grassy Terrain|[from] ability: Grassy Surge|[of] p2a: Cristiano Ronaldo
|-terastallize|p1a: Porygon2|Fighting
|move|p1b: Ursaluna|Protect|p1b: Ursaluna
|-singleturn|p1b: Ursaluna|Protect
|move|p2b: Ronaldo Nazario|Close Combat|p1a: Porygon2
|-damage|p1a: Porygon2|60/100
|-unboost|p2b: Ronaldo Nazario|def|1
|-unboost|p2b: Ronaldo Nazario|spd|1
|move|p1a: Porygon2|Tera Blast|p2a: Cristiano Ronaldo|[anim] Tera Blast Fighting
|-damage|p2a: Cristiano Ronaldo|59/100
|
|-heal|p2a: Cristiano Ronaldo|65/100|[from] Grassy Terrain
|-heal|p1a: Porygon2|66/100|[from] Grassy Terrain
|-status|p1b: Ursaluna|brn|[from] item: Flame Orb
|upkeep
|turn|2
|inactive|DrakyPana has 30 seconds left.
|inactive|Edinson Burgos has 30 seconds left.
|inactive|DrakyPana has 20 seconds left.
|
|t:|1757642782
|switch|p1b: Incineroar|Incineroar, L50, F|100/100
|-ability|p1b: Incineroar|Intimidate|boost
|-unboost|p2a: Cristiano Ronaldo|atk|1
|-unboost|p2b: Ronaldo Nazario|atk|1
|switch|p1a: Dragonite|Dragonite, L50, F|100/100
|move|p2a: Cristiano Ronaldo|Fake Out|p1a: Dragonite
|-damage|p1a: Dragonite|95/100
|move|p2b: Ronaldo Nazario|Close Combat|p1a: Dragonite
|-resisted|p1a: Dragonite
|-damage|p1a: Dragonite|72/100
|-unboost|p2b: Ronaldo Nazario|def|1
|-unboost|p2b: Ronaldo Nazario|spd|1
|
|-heal|p2a: Cristiano Ronaldo|71/100|[from] Grassy Terrain
|upkeep
|turn|3
|inactive|Edinson Burgos has 30 seconds left.
|
|t:|1757642814
|switch|p2a: Diego Maradona|Kingambit, L50, M, shiny|100/100
|move|p1b: Incineroar|Fake Out|p2a: Diego Maradona
|-resisted|p2a: Diego Maradona
|-damage|p2a: Diego Maradona|97/100
|move|p2b: Ronaldo Nazario|Dire Claw|p1a: Dragonite
|-crit|p1a: Dragonite
|-damage|p1a: Dragonite|5/100
|-status|p1a: Dragonite|psn
|move|p1a: Dragonite|Tailwind|p1a: Dragonite
|-sidestart|p1: DrakyPana|move: Tailwind
|
|-heal|p2a: Diego Maradona|100/100|[from] Grassy Terrain
|-damage|p1a: Dragonite|0 fnt|[from] psn
|faint|p1a: Dragonite
|upkeep
|
|t:|1757642827
|switch|p1a: Ursaluna|Ursaluna, L50, F|100/100 brn
|turn|4
|inactive|DrakyPana has 30 seconds left.
|inactive|Edinson Burgos has 30 seconds left.
|
|t:|1757642861
|move|p1a: Ursaluna|Protect|p1a: Ursaluna
|-singleturn|p1a: Ursaluna|Protect
|move|p2a: Diego Maradona|Protect|p2a: Diego Maradona
|-singleturn|p2a: Diego Maradona|Protect
|move|p2b: Ronaldo Nazario|Dire Claw|p1b: Incineroar
|-crit|p1b: Incineroar
|-damage|p1b: Incineroar|53/100
|move|p1b: Incineroar|Parting Shot|p2b: Ronaldo Nazario
|-unboost|p2b: Ronaldo Nazario|atk|1
|-unboost|p2b: Ronaldo Nazario|spa|1
|
|t:|1757642870
|switch|p1b: Porygon2|Porygon2, L50, tera:Fighting|66/100|[from] Parting Shot
|-ability|p1b: Porygon2|Download|boost
|-boost|p1b: Porygon2|spa|1
|
|-heal|p1b: Porygon2|72/100|[from] Grassy Terrain
|-damage|p1a: Ursaluna|95/100 brn|[from] brn
|upkeep
|turn|5
|inactive|DrakyPana has 30 seconds left.
|inactive|Edinson Burgos has 30 seconds left.
|
|t:|1757642904
|switch|p2a: Enzo Franchescoli|Volcarona, L50, F|100/100
|move|p2b: Ronaldo Nazario|Protect|p2b: Ronaldo Nazario
|-singleturn|p2b: Ronaldo Nazario|Protect
|move|p1a: Ursaluna|Facade|p2b: Ronaldo Nazario
|-activate|p2b: Ronaldo Nazario|move: Protect
|move|p1b: Porygon2|Tera Blast|p2a: Enzo Franchescoli|[anim] Tera Blast Fighting
|-resisted|p2a: Enzo Franchescoli
|-damage|p2a: Enzo Franchescoli|72/100
|
|-heal|p1a: Ursaluna|100/100 brn|[from] Grassy Terrain
|-heal|p1b: Porygon2|79/100|[from] Grassy Terrain
|-heal|p2a: Enzo Franchescoli|78/100|[from] Grassy Terrain
|-damage|p1a: Ursaluna|95/100 brn|[from] brn
|-fieldend|move: Grassy Terrain
|upkeep
|turn|6
|
|t:|1757642928
|move|p2b: Ronaldo Nazario|Dire Claw|p1b: Porygon2
|-damage|p1b: Porygon2|65/100
|-status|p1b: Porygon2|slp
|move|p1a: Ursaluna|Earthquake|p2b: Ronaldo Nazario|[spread] p1b,p2a,p2b
|-supereffective|p2b: Ronaldo Nazario
|-damage|p1b: Porygon2|19/100 slp
|-damage|p2a: Enzo Franchescoli|0 fnt
|-enditem|p2b: Ronaldo Nazario|Focus Sash
|-damage|p2b: Ronaldo Nazario|1/100
|faint|p2a: Enzo Franchescoli
|cant|p1b: Porygon2|slp
|
|-damage|p1a: Ursaluna|89/100 brn|[from] brn
|-sideend|p1: DrakyPana|move: Tailwind
|upkeep
|
|t:|1757642943
|switch|p2a: Cristiano Ronaldo|Rillaboom, L50, M|71/100
|-fieldstart|move: Grassy Terrain|[from] ability: Grassy Surge|[of] p2a: Cristiano Ronaldo
|turn|7
|
|t:|1757642955
|move|p1a: Ursaluna|Protect|p1a: Ursaluna
|-singleturn|p1a: Ursaluna|Protect
|move|p2a: Cristiano Ronaldo|Fake Out|p1a: Ursaluna
|-activate|p1a: Ursaluna|move: Protect
|move|p2b: Ronaldo Nazario|Close Combat|p1a: Ursaluna
|-activate|p1a: Ursaluna|move: Protect
|cant|p1b: Porygon2|slp
|
|-heal|p2b: Ronaldo Nazario|7/100|[from] Grassy Terrain
|-heal|p2a: Cristiano Ronaldo|77/100|[from] Grassy Terrain
|-heal|p1a: Ursaluna|95/100 brn|[from] Grassy Terrain
|-heal|p1b: Porygon2|25/100 slp|[from] Grassy Terrain
|-damage|p1a: Ursaluna|89/100 brn|[from] brn
|upkeep
|turn|8
|
|t:|1757642987
|move|p2a: Cristiano Ronaldo|Grassy Glide|p1a: Ursaluna
|-supereffective|p1a: Ursaluna
|-damage|p1a: Ursaluna|27/100 brn
|move|p2b: Ronaldo Nazario|Close Combat|p1b: Porygon2
|-damage|p1b: Porygon2|4/100 slp
|-unboost|p2b: Ronaldo Nazario|def|1
|-unboost|p2b: Ronaldo Nazario|spd|1
|move|p1a: Ursaluna|Facade|p2a: Cristiano Ronaldo
|-damage|p2a: Cristiano Ronaldo|0 fnt
|faint|p2a: Cristiano Ronaldo
|-curestatus|p1b: Porygon2|slp|[msg]
|move|p1b: Porygon2|Recover|p1b: Porygon2
|-heal|p1b: Porygon2|54/100
|
|-heal|p2b: Ronaldo Nazario|13/100|[from] Grassy Terrain
|-heal|p1a: Ursaluna|33/100 brn|[from] Grassy Terrain
|-heal|p1b: Porygon2|60/100|[from] Grassy Terrain
|-damage|p1a: Ursaluna|27/100 brn|[from] brn
|upkeep
|
|t:|1757643004
|switch|p2a: Diego Maradona|Kingambit, L50, M, shiny|100/100
|turn|9
|inactive|Edinson Burgos has 30 seconds left.
|
|t:|1757643031
|move|p1a: Ursaluna|Protect|p1a: Ursaluna
|-singleturn|p1a: Ursaluna|Protect
|move|p2a: Diego Maradona|Protect|p2a: Diego Maradona
|-singleturn|p2a: Diego Maradona|Protect
|move|p2b: Ronaldo Nazario|Close Combat|p1a: Ursaluna
|-activate|p1a: Ursaluna|move: Protect
|move|p1b: Porygon2|Recover|p1b: Porygon2
|-heal|p1b: Porygon2|100/100
|
|-heal|p2b: Ronaldo Nazario|18/100|[from] Grassy Terrain
|-heal|p1a: Ursaluna|33/100 brn|[from] Grassy Terrain
|-damage|p1a: Ursaluna|27/100 brn|[from] brn
|upkeep
|turn|10
|inactive|Edinson Burgos has 30 seconds left.
|
|t:|1757643060
|move|p2a: Diego Maradona|Sucker Punch|p1b: Porygon2
|-resisted|p1b: Porygon2
|-damage|p1b: Porygon2|85/100
|move|p2b: Ronaldo Nazario|Close Combat|p1a: Ursaluna
|-supereffective|p1a: Ursaluna
|-damage|p1a: Ursaluna|0 fnt
|-unboost|p2b: Ronaldo Nazario|def|1
|-unboost|p2b: Ronaldo Nazario|spd|1
|faint|p1a: Ursaluna
|move|p1b: Porygon2|Ice Beam|p2b: Ronaldo Nazario
|-damage|p2b: Ronaldo Nazario|0 fnt
|faint|p2b: Ronaldo Nazario
|
|-heal|p1b: Porygon2|91/100|[from] Grassy Terrain
|upkeep
|
|t:|1757643064
|switch|p1a: Incineroar|Incineroar, L50, F|53/100
|-ability|p1a: Incineroar|Intimidate|boost
|-unboost|p2a: Diego Maradona|atk|1
|-ability|p2a: Diego Maradona|Defiant|boost
|-boost|p2a: Diego Maradona|atk|2
|turn|11
|
|t:|1757643080
|move|p2a: Diego Maradona|Protect|p2a: Diego Maradona
|-singleturn|p2a: Diego Maradona|Protect
|move|p1a: Incineroar|Fake Out|p2a: Diego Maradona
|-activate|p2a: Diego Maradona|move: Protect
|move|p1b: Porygon2|Tera Blast|p2a: Diego Maradona|[anim] Tera Blast Fighting
|-activate|p2a: Diego Maradona|move: Protect
|
|-heal|p1b: Porygon2|97/100|[from] Grassy Terrain
|-heal|p1a: Incineroar|59/100|[from] Grassy Terrain
|-fieldend|move: Grassy Terrain
|upkeep
|turn|12
|
|t:|1757643093
|move|p1b: Porygon2|Tera Blast|p2a: Diego Maradona|[anim] Tera Blast Fighting
|-supereffective|p2a: Diego Maradona
|-damage|p2a: Diego Maradona|0 fnt
|faint|p2a: Diego Maradona
|
|win|DrakyPana
