|j|☆rom6x
|j|☆spellbreakvgc
|html|rom6xspellbreakvgc    
|uhtml|bestof|Game 2 of a best-of-3
|t:|1756751667
|gametype|doubles
|player|p1|rom6x|miku-ground|1198
|player|p2|spellbreakvgc|lance|1092
|gen|9
|tier|[Gen 9] VGC 2025 Reg H (Bo3)
|rated|
|rule|Species Clause: Limit one of each Pokémon
|rule|Item Clause: Limit 1 of each item
|clearpoke
|poke|p1|Serperior, L50, M|
|poke|p1|Rillaboom, L50, M|
|poke|p1|Volcarona, L50, M|
|poke|p1|Gholdengo, L50|
|poke|p1|Ursaluna-Bloodmoon, L50, M|
|poke|p1|Dragonite, L50, M|
|poke|p2|Tyranitar, L50, M|
|poke|p2|Excadrill, L50, F|
|poke|p2|Kommo-o, L50, F|
|poke|p2|Basculegion, L50, M|
|poke|p2|Amoonguss, L50, F|
|poke|p2|Incineroar, L50, F|
|teampreview|4
|showteam|p1|Serperior||LightClay|Contrary|LeafStorm,Reflect,LightScreen,Glare|||M|||50|,,,,,Water]Rillaboom||MiracleSeed|GrassySurge|FakeOut,WoodHammer,GrassyGlide,Uturn|||M|||50|,,,,,Fire]Volcarona||GrassySeed|FlameBody|HeatWave,WillOWisp,QuiverDance,GigaDrain|||M|||50|,,,,,Dragon]Gholdengo||LifeOrb|GoodasGold|MakeItRain,ShadowBall,NastyPlot,Protect||||||50|,,,,,Water]Ursaluna-Bloodmoon||AssaultVest|MindsEye|BloodMoon,HyperVoice,EarthPower,VacuumWave|||M|||50|,,,,,Normal]Dragonite||LoadedDice|InnerFocus|ExtremeSpeed,ScaleShot,StompingTantrum,Protect|||M|||50|,,,,,Fairy
|showteam|p2|Tyranitar||AssaultVest|SandStream|RockSlide,KnockOff,LowKick,TeraBlast|||M|||50|,,,,,Flying]Excadrill||FocusSash|SandRush|Earthquake,HighHorsepower,IronHead,Protect|||F|||50|,,,,,Ground]Kommo-o||ThroatSpray|Overcoat|ClangorousSoul,ClangingScales,AuraSphere,Protect|||F|||50|,,,,,Steel]Basculegion||ChoiceScarf|Adaptability|WaveCrash,LastRespects,FlipTurn,TeraBlast|||M|||50|,,,,,Grass]Amoonguss||SitrusBerry|Regenerator|Spore,PollenPuff,ClearSmog,RagePowder|||F|||50|,,,,,Water]Incineroar||SafetyGoggles|Intimidate|FlareBlitz,KnockOff,PartingShot,FakeOut|||F|||50|,,,,,Ghost
|inactive|Battle timer is ON: inactive players will automatically lose when time's up. (requested by rom6x)
|
|t:|1756751692
|teamsize|p1|4
|teamsize|p2|4
|start
|switch|p1a: Serperior|Serperior, L50, M, shiny|100/100
|switch|p1b: Rillaboom|Rillaboom, L50, M|100/100
|switch|p2a: Tyranitar|Tyranitar, L50, M|100/100
|switch|p2b: Excadrill|Excadrill, L50, F|100/100
|-fieldstart|move: Grassy Terrain|[from] ability: Grassy Surge|[of] p1b: Rillaboom
|-weather|Sandstorm|[from] ability: Sand Stream|[of] p2a: Tyranitar
|turn|1
|inactive|rom6x has 30 seconds left.
|inactive|rom6x has 20 seconds left.
|inactive|rom6x has 15 seconds left.
|
|t:|1756751732
|-terastallize|p2a: Tyranitar|Flying
|move|p1b: Rillaboom|Fake Out|p2b: Excadrill
|-resisted|p2b: Excadrill
|-damage|p2b: Excadrill|90/100
|cant|p2b: Excadrill|flinch
|move|p1a: Serperior|Leaf Storm|p2a: Tyranitar|[miss]
|-miss|p1a: Serperior|p2a: Tyranitar
|move|p2a: Tyranitar|Tera Blast|p1a: Serperior|[anim] Tera Blast Flying
|-supereffective|p1a: Serperior
|-damage|p1a: Serperior|1/100
|
|-weather|Sandstorm|[upkeep]
|-damage|p1a: Serperior|0 fnt|[from] Sandstorm
|-damage|p1b: Rillaboom|95/100|[from] Sandstorm
|-damage|p2a: Tyranitar|95/100|[from] Sandstorm
|faint|p1a: Serperior
|-heal|p2b: Excadrill|96/100|[from] Grassy Terrain
|-heal|p1b: Rillaboom|100/100|[from] Grassy Terrain
|upkeep
|
|t:|1756751752
|switch|p1a: Volcarona|Volcarona, L50, M|100/100
|-enditem|p1a: Volcarona|Grassy Seed
|-boost|p1a: Volcarona|def|1|[from] item: Grassy Seed
|turn|2
|
|t:|1756751777
|-terastallize|p1a: Volcarona|Dragon
|move|p2b: Excadrill|Iron Head|p1a: Volcarona
|-damage|p1a: Volcarona|62/100
|cant|p1a: Volcarona|flinch
|move|p1b: Rillaboom|Wood Hammer|p2b: Excadrill
|-damage|p2b: Excadrill|0 fnt
|faint|p2b: Excadrill
|-damage|p1b: Rillaboom|69/100|[from] Recoil
|move|p2a: Tyranitar|Tera Blast|p1a: Volcarona|[anim] Tera Blast Flying
|-damage|p1a: Volcarona|27/100
|
|-weather|Sandstorm|[upkeep]
|-damage|p1a: Volcarona|20/100|[from] Sandstorm
|-damage|p1b: Rillaboom|63/100|[from] Sandstorm
|-damage|p2a: Tyranitar|89/100|[from] Sandstorm
|-heal|p1a: Volcarona|27/100|[from] Grassy Terrain
|-heal|p1b: Rillaboom|69/100|[from] Grassy Terrain
|upkeep
|
|t:|1756751801
|switch|p2b: Amoonguss|Amoonguss, L50, F|100/100
|turn|3
|j| Trestkon
|inactive|rom6x has 30 seconds left.
|
|t:|1756751831
|move|p2b: Amoonguss|Rage Powder|p2b: Amoonguss
|-singleturn|p2b: Amoonguss|move: Rage Powder
|move|p1a: Volcarona|Heat Wave|p2a: Tyranitar|[spread] p2b
|-miss|p1a: Volcarona|p2a: Tyranitar
|-supereffective|p2b: Amoonguss
|-damage|p2b: Amoonguss|38/100
|-enditem|p2b: Amoonguss|Sitrus Berry|[eat]
|-heal|p2b: Amoonguss|63/100|[from] item: Sitrus Berry
|move|p1b: Rillaboom|U-turn|p2a: Tyranitar
|-resisted|p2a: Tyranitar
|-damage|p2a: Tyranitar|78/100
|
|t:|1756751840
|switch|p1b: Gholdengo|Gholdengo, L50|100/100|[from] U-turn
|move|p2a: Tyranitar|Tera Blast|p1a: Volcarona|[anim] Tera Blast Flying
|-damage|p1a: Volcarona|0 fnt
|faint|p1a: Volcarona
|
|-weather|Sandstorm|[upkeep]
|-damage|p2a: Tyranitar|72/100|[from] Sandstorm
|-damage|p2b: Amoonguss|57/100|[from] Sandstorm
|-heal|p2b: Amoonguss|63/100|[from] Grassy Terrain
|upkeep
|
|t:|1756751842
|switch|p1a: Rillaboom|Rillaboom, L50, M|69/100
|turn|4
|
|t:|1756751865
|move|p1a: Rillaboom|Fake Out|p2a: Tyranitar
|-damage|p2a: Tyranitar|59/100
|move|p1b: Gholdengo|Nasty Plot|p1b: Gholdengo
|-boost|p1b: Gholdengo|spa|2
|cant|p2a: Tyranitar|flinch
|move|p2b: Amoonguss|Pollen Puff|p2a: Tyranitar
|-heal|p2a: Tyranitar|100/100
|
|-weather|Sandstorm|[upkeep]
|-damage|p1a: Rillaboom|63/100|[from] Sandstorm
|-damage|p2a: Tyranitar|95/100|[from] Sandstorm
|-damage|p2b: Amoonguss|57/100|[from] Sandstorm
|-heal|p1a: Rillaboom|69/100|[from] Grassy Terrain
|-heal|p2b: Amoonguss|63/100|[from] Grassy Terrain
|upkeep
|turn|5
|l| Trestkon
|
|t:|1756751887
|move|p1b: Gholdengo|Protect|p1b: Gholdengo
|-singleturn|p1b: Gholdengo|Protect
|move|p1a: Rillaboom|Wood Hammer|p2a: Tyranitar
|-resisted|p2a: Tyranitar
|-damage|p2a: Tyranitar|51/100
|-damage|p1a: Rillaboom|53/100|[from] Recoil
|move|p2a: Tyranitar|Tera Blast|p1a: Rillaboom|[anim] Tera Blast Flying
|-supereffective|p1a: Rillaboom
|-damage|p1a: Rillaboom|0 fnt
|faint|p1a: Rillaboom
|move|p2b: Amoonguss|Pollen Puff|p1b: Gholdengo
|-activate|p1b: Gholdengo|move: Protect
|
|-weather|none
|-heal|p2b: Amoonguss|69/100|[from] Grassy Terrain
|-fieldend|move: Grassy Terrain
|upkeep
|turn|6
|
|t:|1756751908
|move|p1b: Gholdengo|Make It Rain|p2a: Tyranitar|[spread] p2a,p2b
|-damage|p2a: Tyranitar|0 fnt
|-damage|p2b: Amoonguss|0 fnt
|-unboost|p1b: Gholdengo|spa|1
|faint|p2a: Tyranitar
|faint|p2b: Amoonguss
|-damage|p1b: Gholdengo|91/100|[from] item: Life Orb
|
|upkeep
|
|t:|1756751913
|switch|p2b: Basculegion|Basculegion, L50, M|100/100
|turn|7
|
|t:|1756751924
|move|p2b: Basculegion|Last Respects|p1b: Gholdengo
|-supereffective|p1b: Gholdengo
|-damage|p1b: Gholdengo|0 fnt
|faint|p1b: Gholdengo
|
|win|spellbreakvgc
||rom6x is ready for game 3.
|inactive|spellbreakvgc has 30 seconds to confirm battle start!
||spellbreakvgc is ready for game 3.
|uhtml|next|Next: Game 3 of 3
