|j|☆ToastedArt
|j|☆n00s
|html|ToastedArtn00s    
|uhtml|bestof|Game 1 of a best-of-3
|t:|1784414279
|gametype|doubles
|player|p1|ToastedArt|iris|1144
|player|p2|n00s|2|1045
|gen|9
|tier|[Gen 9 Champions] VGC 2026 Reg M-B (Bo3)
|rated|
|rule|Species Clause: Limit one of each Pokémon
|rule|Item Clause: Limit 1 of each item
|clearpoke
|poke|p1|Falinks, L50, shiny|
|poke|p1|Gholdengo, L50|
|poke|p1|Hydreigon, L50, M, shiny|
|poke|p1|Sneasler, L50, F|
|poke|p1|Talonflame, L50, F, shiny|
|poke|p1|Kingambit, L50, F|
|poke|p2|Gengar, L50, F|
|poke|p2|Sinistcha, L50|
|poke|p2|Archaludon, L50, F|
|poke|p2|Politoed, L50, M|
|poke|p2|Incineroar, L50, M|
|poke|p2|Froslass, L50, F|
|teampreview|4
|showteam|p1|Falinks||Falinksite|Defiant|NoRetreat,BulkUp,CloseCombat,Protect|Careful|||||50|]Gholdengo||SpellTag|GoodasGold|MakeItRain,ShadowBall,NastyPlot,Protect|Modest|||||50|]Hydreigon||LifeOrb|Levitate|DracoMeteor,Snarl,EarthPower,DarkPulse|Modest||M|||50|]Sneasler||FocusSash|PoisonTouch|CloseCombat,PoisonJab,Coaching,FakeOut|Jolly||F|||50|]Talonflame||SharpBeak|GaleWings|BraveBird,Tailwind,Uturn,QuickGuard|Adamant||F|||50|]Kingambit||BlackGlasses|Defiant|KowtowCleave,SuckerPunch,SwordsDance,Protect|Adamant||F|||50|
|showteam|p2|Gengar||Gengarite|CursedBody|ShadowBall,SludgeBomb,PerishSong,Protect|Modest||F|||50|]Sinistcha||ColburBerry|Hospitality|MatchaGotcha,TrickRoom,RagePowder,Protect|Calm|||||50|]Archaludon||Leftovers|Stamina|ElectroShot,DragonPulse,FlashCannon,Protect|Modest||F|||50|]Politoed||SitrusBerry|Drizzle|WeatherBall,Hypnosis,PerishSong,Protect|Calm||M|||50|]Incineroar||ChopleBerry|Intimidate|FlareBlitz,FakeOut,PartingShot,Protect|Sassy||M|||50|]Froslass||Froslassite|CursedBody|Blizzard,AuroraVeil,RainDance,Protect|Timid||F|||50|
|inactive|Battle timer is ON: inactive players will automatically lose when time's up. (requested by ToastedArt)
|inactive|ToastedArt has 60 seconds left.
|inactive|n00s has 60 seconds left.
|
|t:|1784414332
|teamsize|p1|4
|teamsize|p2|4
|start
|switch|p1a: Kingambit|Kingambit, L50, F|100/100
|switch|p1b: Sneasler|Sneasler, L50, F|100/100
|switch|p2a: Politoed|Politoed, L50, M|100/100
|switch|p2b: Archaludon|Archaludon, L50, F|100/100
|-weather|RainDance|[from] ability: Drizzle|[of] p2a: Politoed
|turn|1
|
|t:|1784414347
|move|p1b: Sneasler|Coaching|p1a: Kingambit
|-boost|p1a: Kingambit|atk|1
|-boost|p1a: Kingambit|def|1
|move|p2b: Archaludon|Electro Shot||[still]
|-prepare|p2b: Archaludon|Electro Shot
|-boost|p2b: Archaludon|spa|1
|-anim|p2b: Archaludon|Electro Shot|p1b: Sneasler
|-damage|p1b: Sneasler|18/100
|move|p2a: Politoed|Hypnosis|p1a: Kingambit
|-status|p1a: Kingambit|slp|[from] move: Hypnosis
|cant|p1a: Kingambit|slp
|
|-weather|RainDance|[upkeep]
|upkeep
|turn|2
|
|t:|1784414368
|cant|p1a: Kingambit|slp
|move|p1b: Sneasler|Coaching|p1a: Kingambit
|-boost|p1a: Kingambit|atk|1
|-boost|p1a: Kingambit|def|1
|move|p2b: Archaludon|Flash Cannon|p1b: Sneasler
|-damage|p1b: Sneasler|0 fnt
|faint|p1b: Sneasler
|move|p2a: Politoed|Weather Ball|p1a: Kingambit
|-damage|p1a: Kingambit|47/100 slp
|
|-weather|RainDance|[upkeep]
|upkeep
|
|t:|1784414376
|switch|p1b: Hydreigon|Hydreigon, L50, M, shiny|100/100
|turn|3
|
|t:|1784414387
|move|p2a: Politoed|Protect|p2a: Politoed
|-singleturn|p2a: Politoed|Protect
|-curestatus|p1a: Kingambit|slp|[msg]
|move|p1a: Kingambit|Sucker Punch|p2b: Archaludon
|-damage|p2b: Archaludon|25/100
|-ability|p2b: Archaludon|Stamina|boost
|-boost|p2b: Archaludon|def|1
|move|p1b: Hydreigon|Snarl|p2b: Archaludon|[spread] 
|-activate|p2a: Politoed|move: Protect
|-miss|p1b: Hydreigon|p2b: Archaludon
|move|p2b: Archaludon|Dragon Pulse|p1b: Hydreigon
|-supereffective|p1b: Hydreigon|1
|-damage|p1b: Hydreigon|0 fnt
|faint|p1b: Hydreigon
|
|-weather|RainDance|[upkeep]
|-heal|p2b: Archaludon|31/100|[from] item: Leftovers
|upkeep
|
|t:|1784414392
|switch|p1b: Gholdengo|Gholdengo, L50|100/100
|turn|4
|
|t:|1784414404
|move|p2b: Archaludon|Protect|p2b: Archaludon
|-singleturn|p2b: Archaludon|Protect
|move|p1b: Gholdengo|Shadow Ball|p2b: Archaludon
|-activate|p2b: Archaludon|move: Protect
|move|p2a: Politoed|Hypnosis|p1a: Kingambit
|-status|p1a: Kingambit|slp|[from] move: Hypnosis
|cant|p1a: Kingambit|slp
|
|-weather|RainDance|[upkeep]
|-heal|p2b: Archaludon|37/100|[from] item: Leftovers
|upkeep
|turn|5
|
|t:|1784414415
|move|p1b: Gholdengo|Shadow Ball|p2b: Archaludon
|-crit|p2b: Archaludon
|-damage|p2b: Archaludon|0 fnt
|faint|p2b: Archaludon
|move|p2a: Politoed|Weather Ball|p1a: Kingambit
|-damage|p1a: Kingambit|0 fnt
|faint|p1a: Kingambit
|
|-weather|none
|upkeep
|
|t:|1784414419
|switch|p2b: Gengar|Gengar, L50, F|100/100
|turn|6
|
|t:|1784414438
|switch|p2a: Sinistcha|Sinistcha, L50|100/100
|detailschange|p2b: Gengar|Gengar-Mega, L50, F
|-mega|p2b: Gengar|Gengar|Gengarite
|move|p2b: Gengar|Shadow Ball|p1b: Gholdengo
|-supereffective|p1b: Gholdengo|1
|-damage|p1b: Gholdengo|0 fnt
|faint|p1b: Gholdengo
|
|win|n00s
