|j|☆BaimeJoytWeeGeeCee
|j|☆jaycus
|html|BaimeJoytWeeGeeCeejaycus    
|uhtml|bestof|Game 2 of a best-of-3
|t:|1756750298
|gametype|doubles
|player|p1|BaimeJoytWeeGeeCee|turo-ai|1102
|player|p2|jaycus|guitarist-gen4|1000
|gen|9
|tier|[Gen 9] VGC 2025 Reg H (Bo3)
|rated|
|rule|Species Clause: Limit one of each Pokémon
|rule|Item Clause: Limit 1 of each item
|clearpoke
|poke|p1|Maushold-Four, L50|
|poke|p1|Annihilape, L50, M|
|poke|p1|Politoed, L50, M|
|poke|p1|Archaludon, L50, F|
|poke|p1|Overqwil, L50, F|
|poke|p1|Salamence, L50, M|
|poke|p2|Archaludon, L50, M|
|poke|p2|Politoed, L50, M|
|poke|p2|Gothorita, L50, M|
|poke|p2|Pelipper, L50, F|
|poke|p2|Amoonguss, L50, M|
|poke|p2|Basculegion, L50, M|
|teampreview|4
|showteam|p1|Maushold-Four||SafetyGoggles|FriendGuard|FollowMe,Protect,Taunt,BeatUp||||||50|,,,,,Ghost]Annihilape||Leftovers|Defiant|RageFist,DrainPunch,BulkUp,Protect|||M|||50|,,,,,Fire]Politoed||ChoiceSpecs|Drizzle|WeatherBall,MuddyWater,IceBeam,Haze|||M|||50|,,,,,Grass]Archaludon||AssaultVest|Stamina|DragonPulse,ElectroShot,BodyPress,FlashCannon|||F|||50|,,,,,Grass]Overqwil||CovertCloak|SwiftSwim|AcidSpray,GunkShot,ThroatChop,RainDance|||F|||50|,,,,,Water]Salamence||LifeOrb|Intimidate|DracoMeteor,AirSlash,Tailwind,Protect|||M|||50|,,,,,Steel
|showteam|p2|Archaludon||Leftovers|Stamina|ElectroShot,BodyPress,FlashCannon,Protect|||M|||50|,,,,,Fighting]Politoed||SitrusBerry|Drizzle|PerishSong,IcyWind,Encore,Protect|||M|||50|,,,,,Grass]Gothorita||Eviolite|ShadowTag|FakeOut,Protect,Taunt,HelpingHand|||M|||50|,,,,,Dark]Pelipper||SafetyGoggles|Drizzle|Tailwind,WeatherBall,Hurricane,Protect|||F|||50|,,,,,Steel]Amoonguss||RockyHelmet|Regenerator|Spore,SludgeBomb,RagePowder,Protect|||M|||50|,,,,,Water]Basculegion||ChoiceBand|SwiftSwim|LastRespects,Liquidation,WaveCrash,IceFang|||M|||50|,,,,,Ghost
|inactive|Battle timer is ON: inactive players will automatically lose when time's up. (requested by BaimeJoytWeeGeeCee)
|
|t:|1756750326
|teamsize|p1|4
|teamsize|p2|4
|start
|switch|p1a: Maushold|Maushold-Four, L50|100/100
|switch|p1b: Annihilape|Annihilape, L50, M, shiny|100/100
|switch|p2a: Archaludon|Archaludon, L50, M|100/100
|switch|p2b: Amoonguss|Amoonguss, L50, M|100/100
|turn|1
|inactive|jaycus has 30 seconds left.
|
|t:|1756750360
|switch|p2b: Pelipper|Pelipper, L50, F|100/100
|-weather|RainDance|[from] ability: Drizzle|[of] p2b: Pelipper
|-terastallize|p1a: Maushold|Ghost
|move|p1a: Maushold|Follow Me|p1a: Maushold
|-singleturn|p1a: Maushold|move: Follow Me
|move|p1b: Annihilape|Bulk Up|p1b: Annihilape
|-boost|p1b: Annihilape|atk|1
|-boost|p1b: Annihilape|def|1
|move|p2a: Archaludon|Electro Shot||[still]
|-prepare|p2a: Archaludon|Electro Shot
|-boost|p2a: Archaludon|spa|1
|-anim|p2a: Archaludon|Electro Shot|p1a: Maushold
|-crit|p1a: Maushold
|-damage|p1a: Maushold|0 fnt
|faint|p1a: Maushold
|
|-weather|RainDance|[upkeep]
|upkeep
|
|t:|1756750375
|switch|p1a: Archaludon|Archaludon, L50, F|100/100
|turn|2
|inactive|jaycus has 30 seconds left.
|
|t:|1756750406
|-terastallize|p2a: Archaludon|Fighting
|move|p1a: Archaludon|Electro Shot||[still]
|-prepare|p1a: Archaludon|Electro Shot
|-boost|p1a: Archaludon|spa|1
|-anim|p1a: Archaludon|Electro Shot|p2b: Pelipper
|-supereffective|p2b: Pelipper
|-damage|p2b: Pelipper|0 fnt
|faint|p2b: Pelipper
|move|p1b: Annihilape|Drain Punch|p2a: Archaludon
|-damage|p2a: Archaludon|60/100
|-ability|p2a: Archaludon|Stamina|boost
|-boost|p2a: Archaludon|def|1
|move|p2a: Archaludon|Body Press|p1a: Archaludon
|-supereffective|p1a: Archaludon
|-damage|p1a: Archaludon|18/100
|-ability|p1a: Archaludon|Stamina|boost
|-boost|p1a: Archaludon|def|1
|
|-weather|RainDance|[upkeep]
|-heal|p2a: Archaludon|66/100|[from] item: Leftovers
|upkeep
|
|t:|1756750425
|switch|p2b: Basculegion|Basculegion, L50, M|100/100
|turn|3
|
|t:|1756750444
|move|p2a: Archaludon|Protect|p2a: Archaludon
|-singleturn|p2a: Archaludon|Protect
|move|p2b: Basculegion|Wave Crash|p1a: Archaludon
|-resisted|p1a: Archaludon
|-damage|p1a: Archaludon|0 fnt
|faint|p1a: Archaludon
|-damage|p2b: Basculegion|95/100|[from] Recoil
|move|p1b: Annihilape|Rage Fist|p2b: Basculegion
|-supereffective|p2b: Basculegion
|-damage|p2b: Basculegion|4/100
|
|-weather|RainDance|[upkeep]
|-heal|p2a: Archaludon|73/100|[from] item: Leftovers
|upkeep
|
|t:|1756750457
|switch|p1a: Politoed|Politoed, L50, M|100/100
|turn|4
|
|t:|1756750465
|move|p2b: Basculegion|Wave Crash|p1b: Annihilape
|-damage|p1b: Annihilape|7/100
|-damage|p2b: Basculegion|0 fnt|[from] Recoil
|faint|p2b: Basculegion
|move|p1b: Annihilape|Rage Fist|p2a: Archaludon
|-damage|p2a: Archaludon|38/100
|-ability|p2a: Archaludon|Stamina|boost
|-boost|p2a: Archaludon|def|1
|move|p2a: Archaludon|Electro Shot||[still]
|-prepare|p2a: Archaludon|Electro Shot
|-boost|p2a: Archaludon|spa|1
|-anim|p2a: Archaludon|Electro Shot|p1a: Politoed
|-supereffective|p1a: Politoed
|-damage|p1a: Politoed|0 fnt
|faint|p1a: Politoed
|
|-weather|RainDance|[upkeep]
|-heal|p1b: Annihilape|13/100|[from] item: Leftovers
|-heal|p2a: Archaludon|44/100|[from] item: Leftovers
|upkeep
|
|t:|1756750484
|switch|p2b: Amoonguss|Amoonguss, L50, M|100/100
|turn|5
|
|t:|1756750495
|move|p2b: Amoonguss|Rage Powder|p2b: Amoonguss
|-singleturn|p2b: Amoonguss|move: Rage Powder
|move|p1b: Annihilape|Rage Fist|p2b: Amoonguss
|-damage|p2b: Amoonguss|38/100
|-damage|p1b: Annihilape|0 fnt|[from] item: Rocky Helmet|[of] p2b: Amoonguss
|faint|p1b: Annihilape
|
|win|jaycus
||BaimeJoytWeeGeeCee is ready for game 3.
|inactive|jaycus has 30 seconds to confirm battle start!
|l|☆jaycus
|player|p2|
||jaycus is ready for game 3.
|uhtml|next|Next: Game 3 of 3
