|j|☆dcheng24
|j|☆worstiee
|html|dcheng24worstiee    
|uhtml|bestof|Game 1 of a best-of-3
|t:|1757831052
|gametype|doubles
|player|p1|dcheng24|170|1047
|player|p2|worstiee|hilda-wonderlauncher|1015
|gen|9
|tier|[Gen 9] VGC 2025 Reg H (Bo3)
|rated|
|rule|Species Clause: Limit one of each Pokémon
|rule|Item Clause: Limit 1 of each item
|clearpoke
|poke|p1|Amoonguss, L50, M|
|poke|p1|Archaludon, L50, M|
|poke|p1|Maushold-Four, L50|
|poke|p1|Primarina, L50, F|
|poke|p1|Incineroar, L50, M|
|poke|p1|Ursaluna-Bloodmoon, L50, M|
|poke|p2|Indeedee-F, L50, F|
|poke|p2|Conkeldurr, L50, M|
|poke|p2|Decidueye-Hisui, L50, M|
|poke|p2|Tyranitar, L50, F|
|poke|p2|Garchomp, L50, F|
|poke|p2|Hydrapple, L50, M|
|teampreview|4
|showteam|p1|Amoonguss||QuickClaw|Regenerator|ClearSmog,Spore,PollenPuff,RagePowder|||M|||50|,,,,,Ghost]Archaludon||AssaultVest|Stamina|Thunderbolt,Snarl,BodyPress,DragonPulse|||M|||50|,,,,,Dragon]Maushold-Four||CovertCloak|FriendGuard|FollowMe,PopulationBomb,Taunt,Encore||||||50|,,,,,Ghost]Primarina||Leftovers|Torrent|HelpingHand,Charm,LightScreen,Surf|||F|||50|,,,,,Water]Incineroar||RockyHelmet|Intimidate|KnockOff,Taunt,FakeOut,PartingShot|||M|||50|,,,,,Grass]Ursaluna-Bloodmoon||LifeOrb|MindsEye|BloodMoon,EarthPower,Protect,HyperVoice|||M|||50|,,,,,Ground
|showteam|p2|Indeedee-F||RockyHelmet|PsychicSurge|TrickRoom,FollowMe,HealPulse,Psychic|||F|||50|,,,,,Psychic]Conkeldurr||AssaultVest|IronFist|DrainPunch,IcePunch,FirePunch,ThunderPunch|||M|||50|,,,,,Stellar]Decidueye-Hisui||CovertCloak|Scrappy|TripleArrows,LeafBlade,Coaching,Protect|||M|||50|,,,,,Dragon]Tyranitar||ClearAmulet|SandStream|RockSlide,KnockOff,DragonDance,Protect|||F|||50|,,,,,Flying]Garchomp||BrightPowder|SandVeil|Earthquake,DragonCheer,BreakingSwipe,Protect|||F|||50|,,,,,Ground]Hydrapple||ScopeLens|StickyHold|DracoMeteor,LeafStorm,Recover,Protect|||M|||50|,,,,,Fire
|inactive|Battle timer is ON: inactive players will automatically lose when time's up. (requested by worstiee)
|
|t:|1757831107
|teamsize|p1|4
|teamsize|p2|4
|start
|switch|p1a: Incineroar|Incineroar, L50, M|100/100
|switch|p1b: Amoonguss|Amoonguss, L50, M|100/100
|switch|p2a: Garchomp|Garchomp, L50, F|100/100
|switch|p2b: Hydrapple|Hydrapple, L50, M|100/100
|-ability|p1a: Incineroar|Intimidate|boost
|-unboost|p2a: Garchomp|atk|1
|-unboost|p2b: Hydrapple|atk|1
|turn|1
|c|☆worstiee|quick claw amongus is so beautiful
|inactive|dcheng24 has 30 seconds left.
|inactive|dcheng24 has 20 seconds left.
|inactive|dcheng24 has 15 seconds left.
|inactive|dcheng24 has 10 seconds left.
|inactive|dcheng24 has 5 seconds left.
|-activate|p1b: Amoonguss|item: Quick Claw
|
|t:|1757831157
|switch|p1a: Maushold|Maushold-Four, L50|100/100
|move|p2a: Garchomp|Protect|p2a: Garchomp
|-singleturn|p2a: Garchomp|Protect
|move|p2b: Hydrapple|Protect|p2b: Hydrapple
|-singleturn|p2b: Hydrapple|Protect
|move|p1b: Amoonguss|Spore|p2a: Garchomp
|-activate|p2a: Garchomp|move: Protect
|
|upkeep
|turn|2
|c|☆dcheng24|it's fun lol
|inactive|dcheng24 has 30 seconds left.
|inactive|dcheng24 has 20 seconds left.
|inactive|dcheng24 has 15 seconds left.
|inactive|dcheng24 has 10 seconds left.
|
|t:|1757831204
|-terastallize|p1b: Amoonguss|Ghost
|move|p2a: Garchomp|Dragon Cheer|p2b: Hydrapple
|-start|p2b: Hydrapple|move: Dragon Cheer
|move|p1a: Maushold|Taunt|p2b: Hydrapple
|-start|p2b: Hydrapple|move: Taunt
|move|p1b: Amoonguss|Spore|p2a: Garchomp
|-status|p2a: Garchomp|slp|[from] move: Spore
|move|p2b: Hydrapple|Draco Meteor|p1a: Maushold
|-crit|p1a: Maushold
|-damage|p1a: Maushold|0 fnt
|-unboost|p2b: Hydrapple|spa|2
|faint|p1a: Maushold
|
|upkeep
|
|t:|1757831229
|switch|p1a: Incineroar|Incineroar, L50, M|100/100
|-ability|p1a: Incineroar|Intimidate|boost
|-unboost|p2a: Garchomp|atk|1
|-unboost|p2b: Hydrapple|atk|1
|turn|3
|
|t:|1757831253
|move|p1a: Incineroar|Fake Out|p2b: Hydrapple
|-damage|p2b: Hydrapple|92/100
|cant|p2a: Garchomp|slp
|move|p1b: Amoonguss|Spore|p2b: Hydrapple
|-immune|p2b: Hydrapple
|cant|p2b: Hydrapple|flinch
|
|upkeep
|turn|4
|inactive|dcheng24 has 30 seconds left.
|inactive|dcheng24 has 20 seconds left.
|
|t:|1757831292
|cant|p2a: Garchomp|slp
|move|p1b: Amoonguss|Pollen Puff|p2b: Hydrapple
|-supereffective|p2b: Hydrapple
|-damage|p2b: Hydrapple|60/100
|move|p1a: Incineroar|Knock Off|p2b: Hydrapple
|-damage|p2b: Hydrapple|28/100
|-activate|p2b: Hydrapple|ability: Sticky Hold
|move|p2b: Hydrapple|Draco Meteor|p1a: Incineroar
|-crit|p1a: Incineroar
|-damage|p1a: Incineroar|29/100
|-unboost|p2b: Hydrapple|spa|2
|
|-end|p2b: Hydrapple|move: Taunt
|upkeep
|turn|5
|inactive|dcheng24 has 30 seconds left.
|inactive|worstiee has 30 seconds left.
|-activate|p1b: Amoonguss|item: Quick Claw
|
|t:|1757831324
|switch|p2a: Tyranitar|Tyranitar, L50, F|100/100
|-weather|Sandstorm|[from] ability: Sand Stream|[of] p2a: Tyranitar
|move|p2b: Hydrapple|Protect|p2b: Hydrapple
|-singleturn|p2b: Hydrapple|Protect
|move|p1b: Amoonguss|Pollen Puff|p2b: Hydrapple
|-activate|p2b: Hydrapple|move: Protect
|move|p1a: Incineroar|Knock Off|p2b: Hydrapple
|-activate|p2b: Hydrapple|move: Protect
|
|-weather|Sandstorm|[upkeep]
|-damage|p1b: Amoonguss|95/100|[from] Sandstorm
|-damage|p1a: Incineroar|23/100|[from] Sandstorm
|-damage|p2b: Hydrapple|22/100|[from] Sandstorm
|upkeep
|turn|6
|inactive|dcheng24 has 30 seconds left.
|
|t:|1757831357
|switch|p1a: Archaludon|Archaludon, L50, M|100/100
|move|p1b: Amoonguss|Pollen Puff|p2b: Hydrapple
|-supereffective|p2b: Hydrapple
|-damage|p2b: Hydrapple|0 fnt
|faint|p2b: Hydrapple
|move|p2a: Tyranitar|Knock Off|p1b: Amoonguss
|-supereffective|p1b: Amoonguss
|-damage|p1b: Amoonguss|0 fnt
|-enditem|p1b: Amoonguss|Quick Claw|[from] move: Knock Off|[of] p2a: Tyranitar
|faint|p1b: Amoonguss
|
|-weather|Sandstorm|[upkeep]
|upkeep
|
|t:|1757831370
|switch|p1b: Incineroar|Incineroar, L50, M|23/100
|switch|p2b: Garchomp|Garchomp, L50, F|100/100 slp
|-ability|p1b: Incineroar|Intimidate|boost
|-fail|p2a: Tyranitar|unboost|[from] item: Clear Amulet|[of] p2a: Tyranitar
|-unboost|p2b: Garchomp|atk|1
|turn|7
|
|t:|1757831391
|move|p2a: Tyranitar|Protect|p2a: Tyranitar
|-singleturn|p2a: Tyranitar|Protect
|move|p1b: Incineroar|Fake Out|p2a: Tyranitar
|-activate|p2a: Tyranitar|move: Protect
|cant|p2b: Garchomp|slp
|move|p1a: Archaludon|Dragon Pulse|p2b: Garchomp
|-supereffective|p2b: Garchomp
|-damage|p2b: Garchomp|12/100 slp
|
|-weather|Sandstorm|[upkeep]
|-damage|p1b: Incineroar|17/100|[from] Sandstorm
|upkeep
|turn|8
|inactive|dcheng24 has 30 seconds left.
|inactive|worstiee has 30 seconds left.
|inactive|dcheng24 has 20 seconds left.
|
|t:|1757831427
|-terastallize|p2a: Tyranitar|Flying
|-curestatus|p2b: Garchomp|slp|[msg]
|move|p2b: Garchomp|Earthquake|p1b: Incineroar|[spread] p1a,p1b
|-immune|p2a: Tyranitar
|-supereffective|p1a: Archaludon
|-supereffective|p1b: Incineroar
|-damage|p1a: Archaludon|60/100
|-damage|p1b: Incineroar|0 fnt
|-ability|p1a: Archaludon|Stamina|boost
|-boost|p1a: Archaludon|def|1
|faint|p1b: Incineroar
|move|p1a: Archaludon|Body Press|p2a: Tyranitar
|-resisted|p2a: Tyranitar
|-damage|p2a: Tyranitar|86/100
|move|p2a: Tyranitar|Dragon Dance|p2a: Tyranitar
|-boost|p2a: Tyranitar|atk|1
|-boost|p2a: Tyranitar|spe|1
|
|-weather|Sandstorm|[upkeep]
|-damage|p2a: Tyranitar|80/100|[from] Sandstorm
|upkeep
|turn|9
|c|☆dcheng24|oh my goodness i am making the worst plays
|inactive|dcheng24 has 30 seconds left.
|inactive|worstiee has 30 seconds left.
|inactive|dcheng24 has 20 seconds left.
|inactive|worstiee has 20 seconds left.
|inactive|worstiee has 15 seconds left.
|
|t:|1757831468
|move|p2b: Garchomp|Earthquake|p1a: Archaludon|[spread] p1a
|-immune|p2a: Tyranitar
|-supereffective|p1a: Archaludon
|-damage|p1a: Archaludon|31/100
|-ability|p1a: Archaludon|Stamina|boost
|-boost|p1a: Archaludon|def|1
|move|p2a: Tyranitar|Knock Off|p1a: Archaludon
|-damage|p1a: Archaludon|0 fnt
|-enditem|p1a: Archaludon|Assault Vest|[from] move: Knock Off|[of] p2a: Tyranitar
|faint|p1a: Archaludon
|
|win|worstiee
||dcheng24 is ready for game 2.
|inactive|worstiee has 30 seconds to confirm battle start!
|l|☆worstiee
|player|p2|
||worstiee is ready for game 2.
|uhtml|next|Next: Game 2 of 3
