|j|☆Ryan Hawkins
|j|☆eggtophat_real
|html|Ryan Hawkinseggtophat_real    
|uhtml|bestof|Game 1 of a best-of-3
|t:|1757222861
|gametype|doubles
|player|p1|Ryan Hawkins|102|1025
|player|p2|eggtophat_real|miku-fire|1160
|gen|9
|tier|[Gen 9] VGC 2025 Reg H (Bo3)
|rated|
|rule|Species Clause: Limit one of each Pokémon
|rule|Item Clause: Limit 1 of each item
|clearpoke
|poke|p1|Tyranitar, L50, M|
|poke|p1|Klefki, L50, M|
|poke|p1|Venusaur, L50, F|
|poke|p1|Talonflame, L50, F|
|poke|p1|Metagross, L50|
|poke|p1|Hydreigon, L50, M|
|poke|p2|Gholdengo, L50|
|poke|p2|Sneasler, L50, M|
|poke|p2|Rillaboom, L50, F|
|poke|p2|Dragonite, L50, F|
|poke|p2|Ninetales-Alola, L50, F|
|poke|p2|Arcanine-Hisui, L50, F|
|teampreview|4
|showteam|p1|Tyranitar||ClearAmulet|SandStream|Protect,RockSlide,KnockOff,TeraBlast|||M|||50|,,,,,Grass]Klefki||CovertCloak|Prankster|DazzlingGleam,LightScreen,Sandstorm,Reflect|||M|||50|,,,,,Dark]Venusaur||Leftovers|Chlorophyll|Protect,SleepPowder,LeechSeed,WeatherBall|||F|||50|,,,,,Water]Talonflame||SafetyGoggles|GaleWings|Protect,Tailwind,DualWingbeat,SunnyDay|||F|||50|,,,,,Ghost]Metagross||LifeOrb|ClearBody|Protect,TeraBlast,BulletPunch,PsychicFangs||||||50|,,,,,Ground]Hydreigon||ThroatSpray|Levitate|Protect,HyperVoice,HeatWave,NastyPlot|||M|||50|,,,,,Fire
|showteam|p2|Gholdengo||GrassySeed|GoodasGold|NastyPlot,MakeItRain,ShadowBall,Protect||||||50|,,,,,Water]Sneasler||WhiteHerb|Unburden|CloseCombat,DireClaw,Coaching,Protect|||M|||50|,,,,,Ghost]Rillaboom||AssaultVest|GrassySurge|FakeOut,GrassyGlide,DrumBeating,HighHorsepower|||F|||50|,,,,,Fire]Dragonite||LoadedDice|Multiscale|ScaleShot,StompingTantrum,Tailwind,Protect|||F|||50|,,,,,Ground]Ninetales-Alola||FocusSash|SnowWarning|Blizzard,IcyWind,Encore,AuroraVeil|||F|||50|,,,,,Ghost]Arcanine-Hisui||ClearAmulet|Intimidate|RockSlide,FlareBlitz,ExtremeSpeed,Protect|||F|||50|,,,,,Water
|inactive|Battle timer is ON: inactive players will automatically lose when time's up. (requested by eggtophat_real)
|inactive|Ryan Hawkins has 60 seconds left.
|inactive|eggtophat_real has 60 seconds left.
|inactive|Ryan Hawkins has 30 seconds left.
|inactive|eggtophat_real has 30 seconds left.
|inactive|Ryan Hawkins has 20 seconds left.
|inactive|eggtophat_real has 20 seconds left.
|inactive|Ryan Hawkins has 15 seconds left.
|inactive|eggtophat_real has 15 seconds left.
|inactive|Ryan Hawkins has 10 seconds left.
|inactive|eggtophat_real has 10 seconds left.
|
|t:|1757222945
|teamsize|p1|4
|teamsize|p2|4
|start
|switch|p1a: Talonflame|Talonflame, L50, F, shiny|100/100
|switch|p1b: Hydreigon|Hydreigon, L50, M, shiny|100/100
|switch|p2a: Gholdengo|Gholdengo, L50|100/100
|switch|p2b: Rillaboom|Rillaboom, L50, F|100/100
|-fieldstart|move: Grassy Terrain|[from] ability: Grassy Surge|[of] p2b: Rillaboom
|-enditem|p2a: Gholdengo|Grassy Seed
|-boost|p2a: Gholdengo|def|1|[from] item: Grassy Seed
|turn|1
|inactive|Ryan Hawkins has 30 seconds left.
|inactive|eggtophat_real has 30 seconds left.
|inactive|eggtophat_real has 20 seconds left.
|inactive|eggtophat_real has 15 seconds left.
|inactive|eggtophat_real has 10 seconds left.
|inactive|eggtophat_real has 5 seconds left.
|
|t:|1757222998
|-terastallize|p2a: Gholdengo|Water
|move|p2b: Rillaboom|Fake Out|p1a: Talonflame
|-damage|p1a: Talonflame|82/100
|cant|p1a: Talonflame|flinch
|move|p1b: Hydreigon|Nasty Plot|p1b: Hydreigon
|-boost|p1b: Hydreigon|spa|2
|move|p2a: Gholdengo|Shadow Ball|p1a: Talonflame
|-damage|p1a: Talonflame|14/100
|-unboost|p1a: Talonflame|spd|1
|
|upkeep
|turn|2
|
|t:|1757223020
|move|p2b: Rillaboom|Grassy Glide|p1a: Talonflame
|-resisted|p1a: Talonflame
|-damage|p1a: Talonflame|2/100
|move|p1a: Talonflame|Dual Wingbeat|p2b: Rillaboom
|-supereffective|p2b: Rillaboom
|-damage|p2b: Rillaboom|69/100
|-supereffective|p2b: Rillaboom
|-damage|p2b: Rillaboom|39/100
|-hitcount|p2b: Rillaboom|2
|move|p1b: Hydreigon|Hyper Voice|p2b: Rillaboom|[spread] p2a,p2b
|-damage|p2a: Gholdengo|51/100
|-damage|p2b: Rillaboom|4/100
|-enditem|p1b: Hydreigon|Throat Spray
|-boost|p1b: Hydreigon|spa|1|[from] item: Throat Spray
|move|p2a: Gholdengo|Make It Rain|p1a: Talonflame|[spread] p1a,p1b
|-resisted|p1a: Talonflame
|-damage|p1a: Talonflame|0 fnt
|-damage|p1b: Hydreigon|56/100
|-unboost|p2a: Gholdengo|spa|1
|faint|p1a: Talonflame
|
|-heal|p2b: Rillaboom|9/100|[from] Grassy Terrain
|-heal|p2a: Gholdengo|57/100|[from] Grassy Terrain
|upkeep
|
|t:|1757223044
|switch|p1a: Venusaur|Venusaur, L50, F, shiny|100/100
|turn|3
|inactive|Ryan Hawkins has 30 seconds left.
|inactive|Ryan Hawkins has 20 seconds left.
|inactive|Ryan Hawkins has 15 seconds left.
|
|t:|1757223085
|switch|p2b: Ninetales|Ninetales-Alola, L50, F|100/100
|-weather|Snowscape|[from] ability: Snow Warning|[of] p2b: Ninetales
|move|p2a: Gholdengo|Protect|p2a: Gholdengo
|-singleturn|p2a: Gholdengo|Protect
|move|p1b: Hydreigon|Hyper Voice|p2b: Ninetales|[spread] p2b
|-activate|p2a: Gholdengo|move: Protect
|-damage|p2b: Ninetales|35/100
|move|p1a: Venusaur|Weather Ball|p2a: Gholdengo
|-activate|p2a: Gholdengo|move: Protect
|
|-weather|Snowscape|[upkeep]
|-heal|p2b: Ninetales|41/100|[from] Grassy Terrain
|-heal|p2a: Gholdengo|64/100|[from] Grassy Terrain
|upkeep
|turn|4
|inactive|Ryan Hawkins has 30 seconds left.
|
|t:|1757223112
|-terastallize|p1b: Hydreigon|Fire
|move|p1a: Venusaur|Protect|p1a: Venusaur
|-singleturn|p1a: Venusaur|Protect
|move|p2b: Ninetales|Blizzard|p1b: Hydreigon|[spread] p1b
|-activate|p1a: Venusaur|move: Protect
|-resisted|p1b: Hydreigon
|-damage|p1b: Hydreigon|38/100
|move|p1b: Hydreigon|Hyper Voice|p2a: Gholdengo|[spread] p2a,p2b
|-damage|p2a: Gholdengo|6/100
|-damage|p2b: Ninetales|0 fnt
|faint|p2b: Ninetales
|move|p2a: Gholdengo|Nasty Plot|p2a: Gholdengo
|-boost|p2a: Gholdengo|spa|2
|
|-weather|Snowscape|[upkeep]
|-heal|p2a: Gholdengo|12/100|[from] Grassy Terrain
|upkeep
|
|t:|1757223127
|switch|p2b: Rillaboom|Rillaboom, L50, F|9/100
|turn|5
|
|t:|1757223144
|move|p1b: Hydreigon|Protect|p1b: Hydreigon
|-singleturn|p1b: Hydreigon|Protect
|move|p1a: Venusaur|Protect||[still]
|-fail|p1a: Venusaur
|move|p2b: Rillaboom|Fake Out|p1b: Hydreigon
|-activate|p1b: Hydreigon|move: Protect
|move|p2a: Gholdengo|Make It Rain|p1a: Venusaur|[spread] p1a
|-activate|p1b: Hydreigon|move: Protect
|-damage|p1a: Venusaur|30/100
|-unboost|p2a: Gholdengo|spa|1
|
|-weather|Snowscape|[upkeep]
|-heal|p2b: Rillaboom|15/100|[from] Grassy Terrain
|-heal|p2a: Gholdengo|18/100|[from] Grassy Terrain
|-heal|p1a: Venusaur|36/100|[from] Grassy Terrain
|-heal|p1a: Venusaur|42/100|[from] item: Leftovers
|-fieldend|move: Grassy Terrain
|upkeep
|turn|6
|
|t:|1757223172
|move|p1b: Hydreigon|Hyper Voice|p2a: Gholdengo|[spread] p2a,p2b
|-damage|p2a: Gholdengo|0 fnt
|-damage|p2b: Rillaboom|0 fnt
|faint|p2a: Gholdengo
|faint|p2b: Rillaboom
|move|p1a: Venusaur|Weather Ball|p2: Gholdengo|[notarget]
|-fail|p1a: Venusaur
|
|-weather|Snowscape|[upkeep]
|-heal|p1a: Venusaur|48/100|[from] item: Leftovers
|upkeep
|
|t:|1757223175
|switch|p2b: Sneasler|Sneasler, L50, M|100/100
|turn|7
|inactive|Ryan Hawkins has 30 seconds left.
|
|t:|1757223201
|move|p2b: Sneasler|Close Combat|p1b: Hydreigon
|-damage|p1b: Hydreigon|0 fnt
|-unboost|p2b: Sneasler|def|1
|-unboost|p2b: Sneasler|spd|1
|faint|p1b: Hydreigon
|-enditem|p2b: Sneasler|White Herb
|-clearnegativeboost|p2b: Sneasler|[silent]
|move|p1a: Venusaur|Sleep Powder|p2b: Sneasler|[miss]
|-miss|p1a: Venusaur|p2b: Sneasler
|
|-weather|none
|-heal|p1a: Venusaur|54/100|[from] item: Leftovers
|upkeep
|
|t:|1757223212
|switch|p1b: Metagross|Metagross, L50, shiny|100/100
|turn|8
|
|t:|1757223226
|move|p2b: Sneasler|Protect|p2b: Sneasler
|-singleturn|p2b: Sneasler|Protect
|move|p1a: Venusaur|Sleep Powder|p2b: Sneasler
|-activate|p2b: Sneasler|move: Protect
|move|p1b: Metagross|Psychic Fangs|p2b: Sneasler
|-activate|p2b: Sneasler|move: Protect
|
|-heal|p1a: Venusaur|60/100|[from] item: Leftovers
|upkeep
|turn|9
|
|t:|1757223241
|move|p2b: Sneasler|Close Combat|p1b: Metagross
|-crit|p1b: Metagross
|-damage|p1b: Metagross|25/100
|-unboost|p2b: Sneasler|def|1
|-unboost|p2b: Sneasler|spd|1
|move|p1a: Venusaur|Sleep Powder|p2b: Sneasler|[miss]
|-miss|p1a: Venusaur|p2b: Sneasler
|move|p1b: Metagross|Psychic Fangs|p2b: Sneasler
|-supereffective|p2b: Sneasler
|-damage|p2b: Sneasler|0 fnt
|faint|p2b: Sneasler
|-damage|p1b: Metagross|15/100|[from] item: Life Orb
|
|win|Ryan Hawkins
||eggtophat_real is ready for game 2.
|inactive|Ryan Hawkins has 30 seconds to confirm battle start!
|inactive|Ryan Hawkins has 20 seconds to confirm battle start!
||Ryan Hawkins is ready for game 2.
|uhtml|next|Next: Game 2 of 3
|l|☆Ryan Hawkins
|player|p1|
