|j|☆storm2326
|j|☆ill.busx
|html|storm2326ill.busx    
|uhtml|bestof|Game 1 of a best-of-3
|t:|1783629897
|gametype|doubles
|player|p1|storm2326|1|1121
|player|p2|ill.busx|265|1103
|gen|9
|tier|[Gen 9 Champions] VGC 2026 Reg M-B (Bo3)
|rated|
|rule|Species Clause: Limit one of each Pokémon
|rule|Item Clause: Limit 1 of each item
|clearpoke
|poke|p1|Mawile, L50, F|
|poke|p1|Farigiraf, L50, F|
|poke|p1|Eelektross, L50, M|
|poke|p1|Rotom-Mow, L50|
|poke|p1|Vivillon, L50, F|
|poke|p1|Clawitzer, L50, M|
|poke|p2|Kangaskhan, L50, F|
|poke|p2|Sinistcha, L50|
|poke|p2|Aerodactyl, L50, M|
|poke|p2|Incineroar, L50, F|
|poke|p2|Gengar, L50, F, shiny|
|poke|p2|Ninetales-Alola, L50, F|
|teampreview|4
|showteam|p1|Mawile||Mawilite|HyperCutter|PlayRough,RockSlide,SwordsDance,SuckerPunch|Brave||F|||50|]Farigiraf||SitrusBerry|ArmorTail|Psychic,TrickRoom,Protect,HelpingHand|Relaxed||F|||50|]Eelektross||Eelektrossite|Levitate|KnockOff,BulkUp,DrainPunch,ThunderPunch|Brave||M|||50|]Rotom-Mow||Leftovers|Levitate|LeafStorm,Thunderbolt,WillOWisp,Protect|Sassy|||||50|]Vivillon||FocusSash|CompoundEyes|SleepPowder,Hurricane,RagePowder,Protect|Timid||F|||50|]Clawitzer||LifeOrb|MegaLauncher|DarkPulse,AuraSphere,WaterPulse,Protect|Quiet||M|||50|
|showteam|p2|Kangaskhan||Kangaskhanite|InnerFocus|Protect,FakeOut,SuckerPunch,DrainPunch|Adamant||F|||50|]Sinistcha||SitrusBerry|Hospitality|Protect,RagePowder,MatchaGotcha,LifeDew|Relaxed|||||50|]Aerodactyl||FocusSash|Unnerve|Protect,Tailwind,DualWingbeat,RockSlide|Jolly||M|||50|]Incineroar||ChopleBerry|Intimidate|Protect,FakeOut,PartingShot,ThroatChop|Relaxed||F|||50|]Gengar||Gengarite|CursedBody|Protect,PerishSong,Disable,ShadowBall|Timid||F|||50|]Ninetales-Alola||NeverMeltIce|SnowWarning|Protect,Moonblast,Blizzard,Encore|Timid||F|||50|
|
|t:|1783629979
|teamsize|p1|4
|teamsize|p2|4
|start
|switch|p1a: Clawitzer|Clawitzer, L50, M|100/100
|switch|p1b: Farigiraf|Farigiraf, L50, F|100/100
|switch|p2a: Incineroar|Incineroar, L50, F|100/100
|switch|p2b: Kangaskhan|Kangaskhan, L50, F|100/100
|-ability|p2a: Incineroar|Intimidate|boost
|-unboost|p1a: Clawitzer|atk|1
|-unboost|p1b: Farigiraf|atk|1
|turn|1
|
|t:|1783630004
|switch|p2b: Sinistcha|Sinistcha, L50|100/100
|move|p1a: Clawitzer|Protect|p1a: Clawitzer
|-singleturn|p1a: Clawitzer|Protect
|move|p2a: Incineroar|Throat Chop|p1b: Farigiraf
|-supereffective|p1b: Farigiraf|1
|-damage|p1b: Farigiraf|46/100
|-start|p1b: Farigiraf|Throat Chop|[silent]
|-enditem|p1b: Farigiraf|Sitrus Berry|[eat]
|-heal|p1b: Farigiraf|70/100|[from] item: Sitrus Berry
|move|p1b: Farigiraf|Trick Room|p1b: Farigiraf
|-fieldstart|move: Trick Room|[of] p1b: Farigiraf
|
|upkeep
|turn|2
|
|t:|1783630039
|switch|p1b: Mawile|Mawile, L50, F|100/100
|move|p2b: Sinistcha|Protect|p2b: Sinistcha
|-singleturn|p2b: Sinistcha|Protect
|move|p1a: Clawitzer|Dark Pulse|p2b: Sinistcha
|-activate|p2b: Sinistcha|move: Protect
|move|p2a: Incineroar|Throat Chop|p1b: Mawile
|-resisted|p1b: Mawile|1
|-damage|p1b: Mawile|78/100
|-start|p1b: Mawile|Throat Chop|[silent]
|
|upkeep
|turn|3
|
|t:|1783630095
|detailschange|p1b: Mawile|Mawile-Mega, L50, F
|-mega|p1b: Mawile|Mawile|Mawilite
|move|p1b: Mawile|Swords Dance|p1b: Mawile
|-boost|p1b: Mawile|atk|2
|move|p1a: Clawitzer|Dark Pulse|p2b: Sinistcha
|-supereffective|p2b: Sinistcha|1
|-damage|p2b: Sinistcha|0 fnt
|faint|p2b: Sinistcha
|-damage|p1a: Clawitzer|90/100|[from] item: Life Orb
|move|p2a: Incineroar|Parting Shot|p1b: Mawile
|-unboost|p1b: Mawile|atk|1
|-unboost|p1b: Mawile|spa|1
|
|t:|1783630113
|switch|p2a: Kangaskhan|Kangaskhan, L50, F|100/100|[from] Parting Shot
|
|-end|p1b: Mawile|Throat Chop|[silent]
|upkeep
|
|t:|1783630117
|switch|p2b: Incineroar|Incineroar, L50, F|100/100
|-ability|p2b: Incineroar|Intimidate|boost
|-unboost|p1a: Clawitzer|atk|1
|-unboost|p1b: Mawile|atk|1
|turn|4
|
|t:|1783630182
|switch|p1b: Farigiraf|Farigiraf, L50, F|70/100
|detailschange|p2a: Kangaskhan|Kangaskhan-Mega, L50, F
|-mega|p2a: Kangaskhan|Kangaskhan|Kangaskhanite
|move|p2a: Kangaskhan|Fake Out||[still]
|cant|p1b: Farigiraf|ability: Armor Tail|Fake Out|[of] p2a: Kangaskhan
|move|p1a: Clawitzer|Aura Sphere|p2a: Kangaskhan
|-supereffective|p2a: Kangaskhan|1
|-damage|p2a: Kangaskhan|6/100
|-damage|p1a: Clawitzer|80/100|[from] item: Life Orb
|move|p2b: Incineroar|Parting Shot|p1b: Farigiraf
|-unboost|p1b: Farigiraf|atk|1
|-unboost|p1b: Farigiraf|spa|1
|
|t:|1783630196
|switch|p2b: Aerodactyl|Aerodactyl, L50, M|100/100|[from] Parting Shot
|-ability|p2b: Aerodactyl|Unnerve
|
|upkeep
|turn|5
|
|t:|1783630231
|switch|p2b: Incineroar|Incineroar, L50, F|100/100
|-ability|p2b: Incineroar|Intimidate|boost
|-unboost|p1a: Clawitzer|atk|1
|-unboost|p1b: Farigiraf|atk|1
|move|p2a: Kangaskhan|Protect|p2a: Kangaskhan
|-singleturn|p2a: Kangaskhan|Protect
|move|p1a: Clawitzer|Water Pulse|p2b: Incineroar
|-supereffective|p2b: Incineroar|1
|-damage|p2b: Incineroar|0 fnt
|faint|p2b: Incineroar
|-damage|p1a: Clawitzer|71/100|[from] item: Life Orb
|move|p1b: Farigiraf|Psychic|p2a: Kangaskhan
|-activate|p2a: Kangaskhan|move: Protect
|
|-fieldend|move: Trick Room
|upkeep
|
|t:|1783630244
|switch|p2b: Aerodactyl|Aerodactyl, L50, M|100/100
|-ability|p2b: Aerodactyl|Unnerve
|turn|6
|
|t:|1783630271
|move|p1a: Clawitzer|Protect|p1a: Clawitzer
|-singleturn|p1a: Clawitzer|Protect
|move|p2b: Aerodactyl|Rock Slide|p1b: Farigiraf|[spread] p1b
|-activate|p1a: Clawitzer|move: Protect
|-damage|p1b: Farigiraf|50/100g
|move|p2a: Kangaskhan|Drain Punch|p1a: Clawitzer
|-activate|p1a: Clawitzer|move: Protect
|move|p1b: Farigiraf|Trick Room|p1b: Farigiraf
|-fieldstart|move: Trick Room|[of] p1b: Farigiraf
|
|upkeep
|turn|7
|-message|ill.busx forfeited.
|
|win|storm2326
|c|☆ill.busx|gg
||storm2326 is ready for game 2.
||ill.busx is ready for game 2.
|uhtml|next|Next: Game 2 of 3
|c|☆storm2326|Gg
|l|☆storm2326
|player|p1|
