|j|☆NicoViBrittania
|j|☆marcusquinn
|html|NicoViBrittaniamarcusquinn    
|uhtml|bestof|Game 3 of a best-of-3
|t:|1754712105
|gametype|doubles
|player|p1|NicoViBrittania|102|1174
|player|p2|marcusquinn|hilbert-wonderlauncher|1270
|gen|9
|tier|[Gen 9] VGC 2025 Reg H (Bo3)
|rated|
|rule|Species Clause: Limit one of each Pokémon
|rule|Item Clause: Limit 1 of each item
|clearpoke
|poke|p1|Grimmsnarl, L50, M|
|poke|p1|Indeedee, L50, M|
|poke|p1|Tyranitar, L50, M|
|poke|p1|Excadrill, L50, F|
|poke|p1|Primarina, L50, F|
|poke|p1|Sneasler, L50, M|
|poke|p2|Pelipper, L50, F|
|poke|p2|Basculegion, L50, M|
|poke|p2|Rillaboom, L50, F|
|poke|p2|Archaludon, L50, F|
|poke|p2|Sneasler, L50, M|
|poke|p2|Maushold, L50|
|teampreview|4
|showteam|p1|Grimmsnarl||LightClay|Prankster|LightScreen,Reflect,SpiritBreak,Crunch|||M|||50|,,,,,Dark]Indeedee||SafetyGoggles|PsychicSurge|ExpandingForce,HelpingHand,TrickRoom,ShadowBall|||M|||50|,,,,,Fighting]Tyranitar||ClearAmulet|SandStream|RockSlide,Earthquake,Protect,KnockOff|||M|||50|,,,,,Grass]Excadrill||ChoiceBand|SandRush|DrillRun,IronHead,ThroatChop,TeraBlast|||F|||50|,,,,,Flying]Primarina||ThroatSpray|LiquidVoice|Moonblast,TeraBlast,HyperVoice,Psychic|||F|||50|,,,,,Ground]Sneasler||PsychicSeed|Unburden|CloseCombat,Acrobatics,DireClaw,Protect|||M|||50|,,,,,Flying
|showteam|p2|Pelipper||ChoiceScarf|Drizzle|IcyWind,WeatherBall,Hurricane,HelpingHand|||F|||50|,,,,,Ghost]Basculegion||MysticWater|SwiftSwim|WaveCrash,LastRespects,Protect,AquaJet|||M|||50|,,,,,Grass]Rillaboom||LifeOrb|GrassySurge|FakeOut,GrassyGlide,HighHorsepower,KnockOff|||F|||50|,,,,,Fire]Archaludon||AssaultVest|Stamina|ElectroShot,BodyPress,DragonPulse,FlashCannon|||F|||50|,,,,,Grass]Sneasler||FocusSash|Unburden|CloseCombat,DireClaw,ThroatChop,Protect|||M|||50|,,,,,Dark]Maushold||WideLens|Technician|PopulationBomb,FollowMe,Taunt,Protect||||||50|,,,,,Ghost
|inactive|Battle timer is ON: inactive players will automatically lose when time's up. (requested by marcusquinn)
|inactive|NicoViBrittania has 60 seconds left.
|inactive|marcusquinn has 60 seconds left.
|
|t:|1754712137
|teamsize|p1|4
|teamsize|p2|4
|start
|switch|p1a: Tyranitar|Tyranitar, L50, M|100/100
|switch|p1b: Excadrill|Excadrill, L50, F|100/100
|switch|p2a: Maushold|Maushold, L50|100/100
|switch|p2b: Sneasler|Sneasler, L50, M|100/100
|-weather|Sandstorm|[from] ability: Sand Stream|[of] p1a: Tyranitar
|turn|1
|inactive|NicoViBrittania has 30 seconds left.
|inactive|marcusquinn has 30 seconds left.
|
|t:|1754712171
|move|p1a: Tyranitar|Protect|p1a: Tyranitar
|-singleturn|p1a: Tyranitar|Protect
|move|p2a: Maushold|Follow Me|p2a: Maushold
|-singleturn|p2a: Maushold|move: Follow Me
|move|p1b: Excadrill|Drill Run|p2a: Maushold
|-crit|p2a: Maushold
|-damage|p2a: Maushold|0 fnt
|faint|p2a: Maushold
|move|p2b: Sneasler|Close Combat|p1a: Tyranitar
|-activate|p1a: Tyranitar|move: Protect
|
|-weather|Sandstorm|[upkeep]
|-damage|p2b: Sneasler|95/100|[from] Sandstorm
|upkeep
|
|t:|1754712184
|switch|p2a: Pelipper|Pelipper, L50, F, shiny|100/100
|-weather|RainDance|[from] ability: Drizzle|[of] p2a: Pelipper
|turn|2
|
|t:|1754712205
|switch|p1b: Sneasler|Sneasler, L50, M|100/100
|switch|p1a: Indeedee|Indeedee, L50, M|100/100
|-fieldstart|move: Psychic Terrain|[from] ability: Psychic Surge|[of] p1a: Indeedee
|-enditem|p1b: Sneasler|Psychic Seed
|-boost|p1b: Sneasler|spd|1|[from] item: Psychic Seed
|move|p2a: Pelipper|Weather Ball|p1b: Sneasler
|-damage|p1b: Sneasler|42/100
|move|p2b: Sneasler|Dire Claw|p1a: Indeedee
|-damage|p1a: Indeedee|21/100
|-status|p1a: Indeedee|slp
|
|-weather|RainDance|[upkeep]
|upkeep
|turn|3
|inactive|NicoViBrittania has 30 seconds left.
|inactive|marcusquinn has 30 seconds left.
|
|t:|1754712239
|cant|p1a: Indeedee|slp
|move|p1b: Sneasler|Dire Claw|p2a: Pelipper
|-damage|p2a: Pelipper|42/100
|move|p2a: Pelipper|Weather Ball|p1b: Sneasler
|-damage|p1b: Sneasler|0 fnt
|faint|p1b: Sneasler
|move|p2b: Sneasler|Dire Claw|p1a: Indeedee
|-damage|p1a: Indeedee|0 fnt
|faint|p1a: Indeedee
|
|-weather|RainDance|[upkeep]
|upkeep
|
|t:|1754712254
|switch|p1b: Excadrill|Excadrill, L50, F|100/100
|switch|p1a: Tyranitar|Tyranitar, L50, M|100/100
|-weather|Sandstorm|[from] ability: Sand Stream|[of] p1a: Tyranitar
|turn|4
|
|t:|1754712278
|switch|p2a: Rillaboom|Rillaboom, L50, F|100/100
|-fieldstart|move: Grassy Terrain|[from] ability: Grassy Surge|[of] p2a: Rillaboom
|-terastallize|p1b: Excadrill|Flying
|move|p2b: Sneasler|Protect|p2b: Sneasler
|-singleturn|p2b: Sneasler|Protect
|move|p1b: Excadrill|Tera Blast|p2b: Sneasler|[anim] Tera Blast Flying
|-activate|p2b: Sneasler|move: Protect
|move|p1a: Tyranitar|Rock Slide|p2b: Sneasler|[spread] p2a
|-activate|p2b: Sneasler|move: Protect
|-damage|p2a: Rillaboom|69/100
|
|-weather|Sandstorm|[upkeep]
|-damage|p2b: Sneasler|89/100|[from] Sandstorm
|-damage|p2a: Rillaboom|63/100|[from] Sandstorm
|-heal|p2b: Sneasler|95/100|[from] Grassy Terrain
|-heal|p2a: Rillaboom|69/100|[from] Grassy Terrain
|upkeep
|turn|5
|inactive|marcusquinn has 30 seconds left.
|inactive|marcusquinn has 20 seconds left.
|inactive|marcusquinn has 15 seconds left.
|
|t:|1754712321
|switch|p2b: Pelipper|Pelipper, L50, F, shiny|42/100
|-weather|RainDance|[from] ability: Drizzle|[of] p2b: Pelipper
|move|p1a: Tyranitar|Protect|p1a: Tyranitar
|-singleturn|p1a: Tyranitar|Protect
|move|p2a: Rillaboom|Fake Out|p1a: Tyranitar
|-activate|p1a: Tyranitar|move: Protect
|move|p1b: Excadrill|Tera Blast|p2b: Pelipper|[anim] Tera Blast Flying
|-damage|p2b: Pelipper|0 fnt
|faint|p2b: Pelipper
|
|-weather|RainDance|[upkeep]
|-heal|p2a: Rillaboom|74/100|[from] Grassy Terrain
|upkeep
|
|t:|1754712334
|switch|p2b: Sneasler|Sneasler, L50, M|95/100
|turn|6
|
|t:|1754712349
|move|p2b: Sneasler|Protect|p2b: Sneasler
|-singleturn|p2b: Sneasler|Protect
|move|p2a: Rillaboom|Grassy Glide|p1a: Tyranitar
|-supereffective|p1a: Tyranitar
|-damage|p1a: Tyranitar|22/100
|-damage|p2a: Rillaboom|65/100|[from] item: Life Orb
|move|p1b: Excadrill|Tera Blast|p2b: Sneasler|[anim] Tera Blast Flying
|-activate|p2b: Sneasler|move: Protect
|move|p1a: Tyranitar|Knock Off|p2a: Rillaboom
|-damage|p2a: Rillaboom|14/100
|-enditem|p2a: Rillaboom|Life Orb|[from] move: Knock Off|[of] p1a: Tyranitar
|
|-weather|RainDance|[upkeep]
|-heal|p2b: Sneasler|100/100|[from] Grassy Terrain
|-heal|p2a: Rillaboom|19/100|[from] Grassy Terrain
|-heal|p1a: Tyranitar|28/100|[from] Grassy Terrain
|upkeep
|turn|7
|inactive|NicoViBrittania has 30 seconds left.
|
|t:|1754712377
|move|p1a: Tyranitar|Protect|p1a: Tyranitar
|-singleturn|p1a: Tyranitar|Protect
|move|p2a: Rillaboom|Grassy Glide|p1b: Excadrill
|-resisted|p1b: Excadrill
|-damage|p1b: Excadrill|73/100
|move|p2b: Sneasler|Dire Claw|p1b: Excadrill
|-damage|p1b: Excadrill|14/100
|move|p1b: Excadrill|Tera Blast|p2b: Sneasler|[anim] Tera Blast Flying
|-supereffective|p2b: Sneasler
|-enditem|p2b: Sneasler|Focus Sash
|-damage|p2b: Sneasler|1/100
|
|-weather|RainDance|[upkeep]
|-heal|p2b: Sneasler|7/100|[from] Grassy Terrain
|-heal|p2a: Rillaboom|25/100|[from] Grassy Terrain
|-heal|p1a: Tyranitar|34/100|[from] Grassy Terrain
|upkeep
|turn|8
|
|t:|1754712401
|move|p2a: Rillaboom|Grassy Glide|p1b: Excadrill
|-resisted|p1b: Excadrill
|-damage|p1b: Excadrill|0 fnt
|faint|p1b: Excadrill
|move|p2b: Sneasler|Close Combat|p1a: Tyranitar
|-supereffective|p1a: Tyranitar
|-damage|p1a: Tyranitar|0 fnt
|-unboost|p2b: Sneasler|def|1
|-unboost|p2b: Sneasler|spd|1
|faint|p1a: Tyranitar
|
|win|marcusquinn
|raw|NicoViBrittania's rating: 1174 → 1156(-18 for losing)
|raw|marcusquinn's rating: 1270 → 1288(+18 for winning)
