|j|☆lolgz
|j|☆Sapitoch 4
|html|lolgzSapitoch 4    
|uhtml|bestof|Game 3 of a best-of-3
|t:|1782269667
|gametype|doubles
|player|p1|lolgz|dawn|1122
|player|p2|Sapitoch 4|102|1236
|gen|9
|tier|[Gen 9 Champions] VGC 2026 Reg M-B (Bo3)
|rated|
|rule|Species Clause: Limit one of each Pokémon
|rule|Item Clause: Limit 1 of each item
|clearpoke
|poke|p1|Torkoal, L50, F|
|poke|p1|Vileplume, L50, M|
|poke|p1|Farigiraf, L50, M|
|poke|p1|Scrafty, L50, M|
|poke|p1|Gallade, L50, M|
|poke|p1|Mawile, L50, F|
|poke|p2|Gengar, L50, M|
|poke|p2|Incineroar, L50, F|
|poke|p2|Samurott-Hisui, L50, F|
|poke|p2|Dragonite, L50, M|
|poke|p2|Ninetales-Alola, L50, F|
|poke|p2|Gholdengo, L50|
|teampreview|4
|showteam|p1|Torkoal||Charcoal|Drought|Eruption,WeatherBall,EarthPower,Protect|Quiet||F|||50|]Vileplume||FocusSash|Chlorophyll|EnergyBall,SludgeBomb,SleepPowder,AfterYou|Timid||M|||50|]Farigiraf||SitrusBerry|ArmorTail|TrickRoom,Protect,Psychic,HelpingHand|Bold||M|||50|]Scrafty||Scraftinite|Intimidate|CloseCombat,KnockOff,FakeOut,RockSlide|Brave||M|||50|]Gallade||IronBall|Sharpness|SacredSword,PsychoCut,WideGuard,TrickRoom|Brave||M|||50|]Mawile||Mawilite|Intimidate|SuckerPunch,PlayRough,SwordsDance,Protect|Brave||F|||50|
|showteam|p2|Gengar||Gengarite|CursedBody|ShadowBall,SludgeBomb,Protect,Disable|Timid||M|||50|]Incineroar||SitrusBerry|Intimidate|FlareBlitz,PartingShot,FakeOut,Protect|Impish||F|||50|]Samurott-Hisui||ChopleBerry|Sharpness|NightSlash,SacredSword,SuckerPunch,Detect|Jolly||F|||50|]Dragonite||DragonFang|Multiscale|DragonClaw,LowKick,ExtremeSpeed,Protect|Adamant||M|||50|]Ninetales-Alola||FocusSash|SnowWarning|Blizzard,FreezeDry,Encore,Protect|Timid||F|||50|]Gholdengo||ChoiceScarf|GoodasGold|MakeItRain,ShadowBall,Trick,PowerGem|Modest|||||50|
|inactive|Battle timer is ON: inactive players will automatically lose when time's up. (requested by lolgz)
|inactive|Sapitoch 4 has 60 seconds left.
|
|t:|1782269705
|teamsize|p1|4
|teamsize|p2|4
|start
|switch|p1a: Vileplume|Vileplume, L50, M|100/100
|switch|p1b: Torkoal|Torkoal, L50, F|100/100
|switch|p2a: Incineroar|Incineroar, L50, F|100/100
|switch|p2b: Gholdengo|Gholdengo, L50|100/100
|-ability|p2a: Incineroar|Intimidate|boost
|-unboost|p1a: Vileplume|atk|1
|-unboost|p1b: Torkoal|atk|1
|-weather|SunnyDay|[from] ability: Drought|[of] p1b: Torkoal
|turn|1
|inactive|Sapitoch 4 has 30 seconds left.
|inactive|Sapitoch 4 has 20 seconds left.
|inactive|Sapitoch 4 has 15 seconds left.
|inactive|Sapitoch 4 has 10 seconds left.
|
|t:|1782269751
|move|p2a: Incineroar|Fake Out|p1b: Torkoal
|-damage|p1b: Torkoal|91/100
|move|p1a: Vileplume|Sleep Powder|p2a: Incineroar
|-status|p2a: Incineroar|slp|[from] move: Sleep Powder
|move|p2b: Gholdengo|Shadow Ball|p1a: Vileplume
|-damage|p1a: Vileplume|42/100
|cant|p1b: Torkoal|flinch
|
|-weather|SunnyDay|[upkeep]
|upkeep
|turn|2
|inactive|Sapitoch 4 has 30 seconds left.
|
|t:|1782269777
|switch|p2b: Dragonite|Dragonite, L50, M|100/100
|move|p1a: Vileplume|After You|p1b: Torkoal
|-activate|p1b: Torkoal|move: After You
|move|p1b: Torkoal|Eruption|p2a: Incineroar|[spread] p2a,p2b
|-resisted|p2a: Incineroar|1
|-resisted|p2b: Dragonite|1
|-damage|p2a: Incineroar|67/100 slp
|-damage|p2b: Dragonite|79/100
|cant|p2a: Incineroar|slp
|
|-weather|SunnyDay|[upkeep]
|upkeep
|turn|3
|
|t:|1782269801
|move|p2b: Dragonite|Protect|p2b: Dragonite
|-singleturn|p2b: Dragonite|Protect
|move|p1a: Vileplume|Sleep Powder|p2b: Dragonite
|-activate|p2b: Dragonite|move: Protect
|cant|p2a: Incineroar|slp
|move|p1b: Torkoal|Earth Power|p2a: Incineroar
|-supereffective|p2a: Incineroar|1
|-damage|p2a: Incineroar|19/100 slp
|-enditem|p2a: Incineroar|Sitrus Berry|[eat]
|-heal|p2a: Incineroar|44/100 slp|[from] item: Sitrus Berry
|
|-weather|SunnyDay|[upkeep]
|upkeep
|turn|4
|
|t:|1782269823
|move|p1a: Vileplume|Sludge Bomb|p2a: Incineroar
|-crit|p2a: Incineroar
|-damage|p2a: Incineroar|0 fnt
|faint|p2a: Incineroar
|move|p2b: Dragonite|Dragon Claw|p1b: Torkoal
|-damage|p1b: Torkoal|49/100
|move|p1b: Torkoal|Eruption|p2b: Dragonite
|-resisted|p2b: Dragonite|1
|-damage|p2b: Dragonite|51/100
|
|-weather|SunnyDay|[upkeep]
|upkeep
|
|t:|1782269837
|switch|p2a: Samurott|Samurott-Hisui, L50, F|100/100
|turn|5
|
|t:|1782269844
|switch|p1b: Farigiraf|Farigiraf, L50, M|100/100
|move|p2a: Samurott|Detect|p2a: Samurott
|-singleturn|p2a: Samurott|Protect
|move|p2b: Dragonite|Protect|p2b: Dragonite
|-singleturn|p2b: Dragonite|Protect
|move|p1a: Vileplume|Energy Ball|p2a: Samurott
|-activate|p2a: Samurott|move: Protect
|
|-weather|none
|upkeep
|turn|6
|inactive|Sapitoch 4 has 30 seconds left.
|
|t:|1782269870
|move|p1b: Farigiraf|Protect|p1b: Farigiraf
|-singleturn|p1b: Farigiraf|Protect
|move|p2a: Samurott|Night Slash|p1b: Farigiraf
|-activate|p1b: Farigiraf|move: Protect
|move|p2b: Dragonite|Dragon Claw|p1b: Farigiraf
|-activate|p1b: Farigiraf|move: Protect
|move|p1a: Vileplume|Sleep Powder|p2b: Dragonite
|-status|p2b: Dragonite|slp|[from] move: Sleep Powder
|
|upkeep
|turn|7
|inactive|Sapitoch 4 has 30 seconds left.
|
|t:|1782269901
|switch|p2b: Gholdengo|Gholdengo, L50|100/100
|switch|p1a: Mawile|Mawile, L50, F|100/100
|-ability|p1a: Mawile|Intimidate|boost
|-unboost|p2a: Samurott|atk|1
|-unboost|p2b: Gholdengo|atk|1
|move|p2a: Samurott|Night Slash|p1b: Farigiraf
|-supereffective|p1b: Farigiraf|1
|-damage|p1b: Farigiraf|54/100
|move|p1b: Farigiraf|Trick Room|p1b: Farigiraf
|-fieldstart|move: Trick Room|[of] p1b: Farigiraf
|
|upkeep
|turn|8
|inactive|lolgz has 30 seconds left.
|inactive|Sapitoch 4 has 30 seconds left.
|
|t:|1782269930
|switch|p1b: Torkoal|Torkoal, L50, F|49/100
|-weather|SunnyDay|[from] ability: Drought|[of] p1b: Torkoal
|detailschange|p1a: Mawile|Mawile-Mega, L50, F
|-mega|p1a: Mawile|Mawile|Mawilite
|move|p2a: Samurott|Detect|p2a: Samurott
|-singleturn|p2a: Samurott|Protect
|move|p1a: Mawile|Play Rough|p2a: Samurott
|-activate|p2a: Samurott|move: Protect
|move|p2b: Gholdengo|Trick|p1b: Torkoal
|-activate|p2b: Gholdengo|move: Trick|[of] p1b: Torkoal
|-item|p1b: Torkoal|Choice Scarf|[from] move: Trick
|-item|p2b: Gholdengo|Charcoal|[from] move: Trick
|
|-weather|SunnyDay|[upkeep]
|upkeep
|turn|9
|inactive|Sapitoch 4 has 30 seconds left.
|inactive|Sapitoch 4 has 20 seconds left.
|
|t:|1782269969
|switch|p2b: Dragonite|Dragonite, L50, M|51/100 slp
|move|p2a: Samurott|Sucker Punch|p1b: Torkoal
|-damage|p1b: Torkoal|33/100
|move|p1b: Torkoal|Weather Ball|p2b: Dragonite
|-resisted|p2b: Dragonite|1
|-damage|p2b: Dragonite|15/100 slp
|move|p1a: Mawile|Play Rough|p2a: Samurott
|-supereffective|p2a: Samurott|1
|-damage|p2a: Samurott|0 fnt
|faint|p2a: Samurott
|
|-weather|SunnyDay|[upkeep]
|upkeep
|
|t:|1782269970
|switch|p2a: Gholdengo|Gholdengo, L50|100/100
|turn|10
|inactive|lolgz has 30 seconds left.
|inactive|lolgz has 20 seconds left.
|inactive|lolgz has 15 seconds left.
|inactive|lolgz has 10 seconds left.
|inactive|lolgz has 5 seconds left.
|inactive|Sapitoch 4 has 30 seconds left.
|
|t:|1782270025
|move|p1a: Mawile|Sucker Punch|p2a: Gholdengo
|-supereffective|p2a: Gholdengo|1
|-damage|p2a: Gholdengo|0 fnt
|faint|p2a: Gholdengo
|move|p1b: Torkoal|Weather Ball|p2b: Dragonite
|-resisted|p2b: Dragonite|1
|-damage|p2b: Dragonite|0 fnt
|faint|p2b: Dragonite
|
|win|lolgz
|raw|lolgz's rating: 1122 → 1155(+33 for winning)
|raw|Sapitoch 4's rating: 1236 → 1203(-33 for losing)
|l|☆lolgz
|player|p1|
|l|☆Sapitoch 4
|player|p2|
|j|☆Sapitoch 4
|player|p2|Sapitoch 4|102|
