|j|☆crimsonkidd
|j|☆bwahacough
|html|crimsonkiddbwahacough    
|uhtml|bestof|Game 3 of a best-of-3
|t:|1755562362
|gametype|doubles
|player|p1|crimsonkidd|lance|1321
|player|p2|bwahacough|medium|1450
|gen|9
|tier|[Gen 9] VGC 2025 Reg H (Bo3)
|rated|
|rule|Species Clause: Limit one of each Pokémon
|rule|Item Clause: Limit 1 of each item
|clearpoke
|poke|p1|Tyranitar, L50, F|
|poke|p1|Excadrill, L50, M|
|poke|p1|Houndstone, L50, M|
|poke|p1|Milotic, L50, F|
|poke|p1|Amoonguss, L50, M|
|poke|p1|Volcarona, L50, F|
|poke|p2|Lycanroc, L50, M|
|poke|p2|Tyranitar, L50, F|
|poke|p2|Indeedee-F, L50, F|
|poke|p2|Sinistcha-Masterpiece, L50|
|poke|p2|Delphox, L50, M|
|poke|p2|Murkrow, L50, F|
|teampreview|4
|showteam|p1|Tyranitar||AssaultVest|SandStream|KnockOff,RockSlide,TeraBlast,LowKick|||F|||50|,,,,,Flying]Excadrill||FocusSash|SandRush|HighHorsepower,IronHead,Protect,Earthquake|||M|||50|,,,,,Fire]Houndstone||LifeOrb|SandRush|LastRespects,ShadowSneak,BodyPress,Protect|||M|||50|,,,,,Normal]Milotic||SitrusBerry|Competitive|Scald,IcyWind,Protect,Haze|||F|||50|,,,,,Poison]Amoonguss||RockyHelmet|Regenerator|RagePowder,Spore,PollenPuff,SludgeBomb|||M|||50|,,,,,Water]Volcarona||Leftovers|FlameBody|QuiverDance,HeatWave,GigaDrain,Protect|||F|||50|,,,,,Grass
|showteam|p2|Lycanroc||FocusSash|SandRush|RockSlide,CloseCombat,Protect,PsychicFangs|||M|||50|,,,,,Fighting]Tyranitar||ClearAmulet|SandStream|RockSlide,KnockOff,Protect,TeraBlast|||F|||50|,,,,,Grass]Indeedee-F||SafetyGoggles|PsychicSurge|Psychic,FollowMe,Protect,HelpingHand|||F|||50|,,,,,Fairy]Sinistcha-Masterpiece||SitrusBerry|Hospitality|MatchaGotcha,ShadowBall,StrengthSap,RagePowder||||||50|,,,,,Fairy]Delphox||LifeOrb|Blaze|HeatWave,ExpandingForce,TeraBlast,Protect|||M|||50|,,,,,Fighting]Murkrow||Eviolite|Prankster|FoulPlay,Tailwind,Haze,IcyWind|||F|||50|,,,,,Steel
|
|t:|1755562388
|teamsize|p1|4
|teamsize|p2|4
|start
|switch|p1a: Tyranitar|Tyranitar, L50, F, shiny|100/100
|switch|p1b: Excadrill|Excadrill, L50, M|100/100
|switch|p2a: Lycanroc|Lycanroc, L50, M|100/100
|switch|p2b: Murkrow|Murkrow, L50, F|100/100
|-weather|Sandstorm|[from] ability: Sand Stream|[of] p1a: Tyranitar
|turn|1
|
|t:|1755562411
|-terastallize|p1a: Tyranitar|Flying
|move|p2a: Lycanroc|Protect|p2a: Lycanroc
|-singleturn|p2a: Lycanroc|Protect
|move|p1b: Excadrill|High Horsepower|p2a: Lycanroc
|-activate|p2a: Lycanroc|move: Protect
|move|p2b: Murkrow|Foul Play|p1b: Excadrill
|-damage|p1b: Excadrill|26/100
|move|p1a: Tyranitar|Rock Slide|p2a: Lycanroc|[spread] p2b
|-activate|p2a: Lycanroc|move: Protect
|-supereffective|p2b: Murkrow
|-damage|p2b: Murkrow|14/100
|
|-weather|Sandstorm|[upkeep]
|-damage|p2b: Murkrow|8/100|[from] Sandstorm
|-damage|p1a: Tyranitar|94/100|[from] Sandstorm
|upkeep
|turn|2
|
|t:|1755562431
|move|p1b: Excadrill|Protect|p1b: Excadrill
|-singleturn|p1b: Excadrill|Protect
|move|p2b: Murkrow|Tailwind|p2b: Murkrow
|-sidestart|p2: bwahacough|move: Tailwind
|move|p2a: Lycanroc|Rock Slide|p1a: Tyranitar|[spread] p1a
|-activate|p1b: Excadrill|move: Protect
|-supereffective|p1a: Tyranitar
|-damage|p1a: Tyranitar|42/100
|move|p1a: Tyranitar|Rock Slide|p2a: Lycanroc|[spread] p2a,p2b
|-supereffective|p2b: Murkrow
|-damage|p2a: Lycanroc|46/100
|-damage|p2b: Murkrow|0 fnt
|faint|p2b: Murkrow
|
|-weather|Sandstorm|[upkeep]
|-damage|p1a: Tyranitar|36/100|[from] Sandstorm
|upkeep
|
|t:|1755562436
|switch|p2b: Delphox|Delphox, L50, M, shiny|100/100
|turn|3
|
|t:|1755562473
|switch|p1b: Milotic|Milotic, L50, F|100/100
|move|p2a: Lycanroc|Rock Slide|p1b: Milotic|[spread] p1a,p1b
|-supereffective|p1a: Tyranitar
|-damage|p1a: Tyranitar|0 fnt
|-damage|p1b: Milotic|75/100
|faint|p1a: Tyranitar
|move|p2b: Delphox|Heat Wave|p1b: Milotic
|-resisted|p1b: Milotic
|-damage|p1b: Milotic|55/100
|-damage|p2b: Delphox|91/100|[from] item: Life Orb
|
|-weather|Sandstorm|[upkeep]
|-damage|p2b: Delphox|85/100|[from] Sandstorm
|-damage|p1b: Milotic|49/100|[from] Sandstorm
|-enditem|p1b: Milotic|Sitrus Berry|[eat]
|-heal|p1b: Milotic|74/100|[from] item: Sitrus Berry
|upkeep
|
|t:|1755562478
|switch|p1a: Houndstone|Houndstone, L50, M|100/100
|turn|4
|
|t:|1755562508
|switch|p2b: Sinistcha|Sinistcha-Masterpiece, L50, shiny|100/100
|-heal|p2a: Lycanroc|70/100|[from] ability: Hospitality|[of] p2b: Sinistcha
|move|p1a: Houndstone|Protect|p1a: Houndstone
|-singleturn|p1a: Houndstone|Protect
|move|p2a: Lycanroc|Rock Slide|p1a: Houndstone|[spread] 
|-activate|p1a: Houndstone|move: Protect
|-miss|p2a: Lycanroc|p1b: Milotic
|move|p1b: Milotic|Icy Wind|p2a: Lycanroc|[spread] p2a,p2b
|-supereffective|p2b: Sinistcha
|-damage|p2a: Lycanroc|58/100
|-damage|p2b: Sinistcha|78/100
|-unboost|p2a: Lycanroc|spe|1
|-unboost|p2b: Sinistcha|spe|1
|
|-weather|Sandstorm|[upkeep]
|-damage|p2b: Sinistcha|72/100|[from] Sandstorm
|-damage|p1b: Milotic|68/100|[from] Sandstorm
|upkeep
|turn|5
|
|t:|1755562533
|-terastallize|p2b: Sinistcha|Fairy
|move|p2a: Lycanroc|Rock Slide|p1a: Houndstone|[spread] p1a,p1b
|-crit|p1a: Houndstone
|-damage|p1a: Houndstone|45/100
|-damage|p1b: Milotic|43/100
|cant|p1a: Houndstone|flinch
|move|p2b: Sinistcha|Matcha Gotcha|p1b: Milotic|[spread] p1a,p1b
|-supereffective|p1b: Milotic
|-damage|p1a: Houndstone|12/100
|-heal|p2b: Sinistcha|86/100|[from] drain|[of] p1a: Houndstone
|-damage|p1b: Milotic|7/100
|-heal|p2b: Sinistcha|100/100|[from] drain|[of] p1b: Milotic
|move|p1b: Milotic|Scald|p2a: Lycanroc
|-supereffective|p2a: Lycanroc
|-damage|p2a: Lycanroc|0 fnt
|faint|p2a: Lycanroc
|
|-weather|none
|-sideend|p2: bwahacough|move: Tailwind
|upkeep
|
|t:|1755562537
|switch|p2a: Delphox|Delphox, L50, M, shiny|85/100
|turn|6
|
|t:|1755562569
|move|p1b: Milotic|Protect|p1b: Milotic
|-singleturn|p1b: Milotic|Protect
|move|p2b: Sinistcha|Rage Powder|p2b: Sinistcha
|-singleturn|p2b: Sinistcha|move: Rage Powder
|move|p1a: Houndstone|Shadow Sneak|p2b: Sinistcha
|-damage|p2b: Sinistcha|80/100
|-damage|p1a: Houndstone|3/100|[from] item: Life Orb
|move|p2a: Delphox|Expanding Force|p1b: Milotic
|-activate|p1b: Milotic|move: Protect
|
|upkeep
|turn|7
|
|t:|1755562609
|move|p1a: Houndstone|Protect|p1a: Houndstone
|-singleturn|p1a: Houndstone|Protect
|move|p2b: Sinistcha|Rage Powder|p2b: Sinistcha
|-singleturn|p2b: Sinistcha|move: Rage Powder
|move|p2a: Delphox|Expanding Force|p1b: Milotic
|-damage|p1b: Milotic|0 fnt
|faint|p1b: Milotic
|-damage|p2a: Delphox|75/100|[from] item: Life Orb
|
|upkeep
|
|t:|1755562616
|switch|p1b: Excadrill|Excadrill, L50, M|26/100
|turn|8
|
|t:|1755562625
|move|p2b: Sinistcha|Rage Powder|p2b: Sinistcha
|-singleturn|p2b: Sinistcha|move: Rage Powder
|move|p2a: Delphox|Heat Wave|p1a: Houndstone|[spread] p1a,p1b
|-supereffective|p1b: Excadrill
|-damage|p1a: Houndstone|0 fnt
|-damage|p1b: Excadrill|0 fnt
|faint|p1a: Houndstone
|faint|p1b: Excadrill
|-damage|p2a: Delphox|65/100|[from] item: Life Orb
|
|win|bwahacough
|raw|crimsonkidd's rating: 1321 → 1305(-16 for losing)
|raw|bwahacough's rating: 1392 → 1408(+16 for winning)
|l|☆bwahacough
|player|p2|
