|j|☆metalblackknight
|j|☆bbbbbesbes
|html|metalblackknightbbbbbesbes    
|uhtml|bestof|Game 2 of a best-of-3
|t:|1784310010
|gametype|doubles
|player|p1|metalblackknight|clerk|1155
|player|p2|bbbbbesbes|266|1064
|gen|9
|tier|[Gen 9 Champions] VGC 2026 Reg M-B (Bo3)
|rated|
|rule|Species Clause: Limit one of each Pokémon
|rule|Item Clause: Limit 1 of each item
|clearpoke
|poke|p1|Araquanid, L50, M|
|poke|p1|Pelipper, L50, F|
|poke|p1|Charizard, L50, M|
|poke|p1|Garchomp, L50, M|
|poke|p1|Annihilape, L50, F|
|poke|p1|Kingambit, L50, F|
|poke|p2|Whimsicott, L50, M|
|poke|p2|Garchomp, L50, M|
|poke|p2|Tyranitar, L50, F|
|poke|p2|Metagross, L50|
|poke|p2|Incineroar, L50, M|
|poke|p2|Sneasler, L50, M|
|teampreview|4
|showteam|p1|Araquanid||MysticWater|WaterBubble|Liquidation,IcyWind,WideGuard,Entrainment|Adamant||M|||50|]Pelipper||SitrusBerry|Drizzle|Tailwind,WeatherBall,Hurricane,Protect|Modest||F|||50|]Charizard||CharizarditeY|Blaze|WeatherBall,HeatWave,SolarBeam,Protect|Timid||M|||50|]Garchomp||LifeOrb|RoughSkin|Earthquake,DragonClaw,RockSlide,Protect|Jolly||M|||50|]Annihilape||FocusSash|Defiant|CloseCombat,PhantomForce,RockTomb,Protect|Jolly||F|||50|]Kingambit||ChopleBerry|Defiant|KowtowCleave,IronHead,SuckerPunch,Protect|Brave||F|||50|
|showteam|p2|Whimsicott||FocusSash|Prankster|Tailwind,LeechSeed,Encore,Moonblast|Bold||M|||50|]Garchomp||YacheBerry|RoughSkin|RockSlide,DragonClaw,StompingTantrum,Protect|Jolly||M|||50|]Tyranitar||Tyranitarite|SandStream|HighHorsepower,Protect,RockSlide,Crunch|Adamant||F|||50|]Metagross||Metagrossite|ClearBody|MeteorMash,PsychicFangs,Protect,ThunderPunch|Jolly|||||50|]Incineroar||Leftovers|Intimidate|FakeOut,PartingShot,DarkestLariat,FlareBlitz|Adamant||M|||50|]Sneasler||MentalHerb|Unburden|FakeOut,Coaching,DireClaw,CloseCombat|Adamant||M|||50|
|inactive|Battle timer is ON: inactive players will automatically lose when time's up. (requested by metalblackknight)
|inactive|bbbbbesbes also wants the timer to be on.
|
|t:|1784310038
|teamsize|p1|4
|teamsize|p2|4
|start
|switch|p1a: Annihilape|Annihilape, L50, F|100/100
|switch|p1b: Pelipper|Pelipper, L50, F|100/100
|switch|p2a: Garchomp|Garchomp, L50, M|100/100
|switch|p2b: Sneasler|Sneasler, L50, M|100/100
|-weather|RainDance|[from] ability: Drizzle|[of] p1b: Pelipper
|turn|1
|inactive|metalblackknight has 30 seconds left.
|
|t:|1784310068
|switch|p2a: Tyranitar|Tyranitar, L50, F|100/100
|-weather|Sandstorm|[from] ability: Sand Stream|[of] p2a: Tyranitar
|move|p2b: Sneasler|Fake Out|p1b: Pelipper
|-damage|p1b: Pelipper|84/100
|move|p1a: Annihilape|Phantom Force||[still]
|-prepare|p1a: Annihilape|Phantom Force
|cant|p1b: Pelipper|flinch
|
|-weather|Sandstorm|[upkeep]
|-damage|p2b: Sneasler|94/100|[from] Sandstorm
|-damage|p1a: Annihilape|94/100|[from] Sandstorm
|-damage|p1b: Pelipper|78/100|[from] Sandstorm
|upkeep
|turn|2
|
|t:|1784310083
|move|p2a: Tyranitar|Protect|p2a: Tyranitar
|-singleturn|p2a: Tyranitar|Protect
|move|p2b: Sneasler|Coaching|p2a: Tyranitar
|-boost|p2a: Tyranitar|atk|1
|-boost|p2a: Tyranitar|def|1
|move|p1a: Annihilape|Phantom Force|p2b: Sneasler|[from] lockedmove
|-damage|p2b: Sneasler|19/100
|move|p1b: Pelipper|Tailwind|p1b: Pelipper
|-sidestart|p1: metalblackknight|move: Tailwind
|
|-weather|Sandstorm|[upkeep]
|-damage|p1a: Annihilape|88/100|[from] Sandstorm
|-damage|p1b: Pelipper|72/100|[from] Sandstorm
|-damage|p2b: Sneasler|14/100|[from] Sandstorm
|upkeep
|turn|3
|
|t:|1784310105
|switch|p1b: Garchomp|Garchomp, L50, M|100/100
|move|p1a: Annihilape|Close Combat|p2a: Tyranitar
|-supereffective|p2a: Tyranitar|2
|-damage|p2a: Tyranitar|0 fnt
|-unboost|p1a: Annihilape|def|1
|-unboost|p1a: Annihilape|spd|1
|faint|p2a: Tyranitar
|move|p2b: Sneasler|Dire Claw|p1b: Garchomp
|-resisted|p1b: Garchomp|1
|-damage|p1b: Garchomp|77/100
|-status|p1b: Garchomp|slp
|-damage|p2b: Sneasler|1/100|[from] ability: Rough Skin|[of] p1b: Garchomp
|
|-weather|Sandstorm|[upkeep]
|-damage|p1a: Annihilape|82/100|[from] Sandstorm
|-damage|p2b: Sneasler|0 fnt|[from] Sandstorm
|faint|p2b: Sneasler
|upkeep
|
|t:|1784310112
|switch|p2b: Whimsicott|Whimsicott, L50, M|100/100
|switch|p2a: Garchomp|Garchomp, L50, M|100/100
|turn|4
|
|t:|1784310130
|switch|p1a: Pelipper|Pelipper, L50, F|72/100
|-weather|RainDance|[from] ability: Drizzle|[of] p1a: Pelipper
|cant|p1b: Garchomp|slp
|move|p2a: Garchomp|Dragon Claw|p1b: Garchomp
|-supereffective|p1b: Garchomp|1
|-damage|p1b: Garchomp|0 fnt
|-damage|p2a: Garchomp|87/100|[from] ability: Rough Skin|[of] p1b: Garchomp
|faint|p1b: Garchomp
|move|p2b: Whimsicott|Moonblast|p1a: Pelipper
|-damage|p1a: Pelipper|30/100
|-enditem|p1a: Pelipper|Sitrus Berry|[eat]
|-heal|p1a: Pelipper|55/100|[from] item: Sitrus Berry
|
|-weather|RainDance|[upkeep]
|upkeep
|
|t:|1784310152
|switch|p1b: Araquanid|Araquanid, L50, M|100/100
|turn|5
|
|t:|1784310158
|move|p2b: Whimsicott|Tailwind|p2b: Whimsicott
|-sidestart|p2: bbbbbesbes|move: Tailwind
|move|p2a: Garchomp|Rock Slide|p1b: Araquanid|[spread] p1a,p1b
|-supereffective|p1a: Pelipper|1
|-supereffective|p1b: Araquanid|1
|-damage|p1a: Pelipper|14/100
|-damage|p1b: Araquanid|53/100
|move|p1a: Pelipper|Hurricane|p2b: Whimsicott
|-supereffective|p2b: Whimsicott|1
|-enditem|p2b: Whimsicott|Focus Sash
|-damage|p2b: Whimsicott|1/100
|move|p1b: Araquanid|Icy Wind|p2b: Whimsicott|[spread] p2a,p2b
|-supereffective|p2a: Garchomp|2
|-enditem|p2a: Garchomp|Yache Berry|[eat]
|-enditem|p2a: Garchomp|Yache Berry|[weaken]
|-supereffective|p2b: Whimsicott|1
|-damage|p2a: Garchomp|76/100
|-damage|p2b: Whimsicott|0 fnt
|-unboost|p2a: Garchomp|spe|1
|faint|p2b: Whimsicott
|
|-weather|RainDance|[upkeep]
|-sideend|p1: metalblackknight|move: Tailwind
|upkeep
|turn|6
|
|t:|1784310178
|move|p2a: Garchomp|Rock Slide|p1a: Pelipper|[spread] p1a,p1b
|-supereffective|p1a: Pelipper|1
|-supereffective|p1b: Araquanid|1
|-damage|p1a: Pelipper|0 fnt
|-damage|p1b: Araquanid|14/100
|faint|p1a: Pelipper
|move|p1b: Araquanid|Liquidation|p2a: Garchomp
|-damage|p2a: Garchomp|0 fnt
|-damage|p1b: Araquanid|2/100|[from] ability: Rough Skin|[of] p2a: Garchomp
|faint|p2a: Garchomp
|
|win|metalblackknight
