|j|☆powerthepower
|j|☆dust_less
|html|powerthepowerdust_less    
|uhtml|bestof|Game 3 of a best-of-3
|t:|1782311344
|gametype|doubles
|player|p1|powerthepower|2|
|player|p2|dust_less|elio|
|gen|9
|tier|[Gen 9 Champions] VGC 2026 Reg M-B (Bo3)
|rule|Species Clause: Limit one of each Pokémon
|rule|Item Clause: Limit 1 of each item
|clearpoke
|poke|p1|Drampa, L50, F|
|poke|p1|Grimmsnarl, L50, M|
|poke|p1|Aegislash, L50, F, shiny|
|poke|p1|Kingambit, L50, F|
|poke|p1|Rotom-Wash, L50|
|poke|p1|Aerodactyl, L50, M|
|poke|p2|Meganium, L50, F|
|poke|p2|Pelipper, L50, M|
|poke|p2|Archaludon, L50, M|
|poke|p2|Grimmsnarl, L50, M|
|poke|p2|Basculegion, L50, M|
|poke|p2|Swampert, L50, M|
|teampreview|4
|showteam|p1|Drampa||Drampanite|CloudNine|HyperVoice,CalmMind,DragonPulse,Protect|Modest||F|||50|]Grimmsnarl||LightClay|Prankster|Swagger,LightScreen,Reflect,PartingShot|Careful||M|||50|]Aegislash||Leftovers|StanceChange|ShadowBall,FlashCannon,WideGuard,KingsShield|Modest||F|||50|]Kingambit||BlackGlasses|Defiant|KowtowCleave,SuckerPunch,SwordsDance,Protect|Adamant||F|||50|]Rotom-Wash||ChoiceScarf|Levitate|WillOWisp,HydroPump,Thunderbolt,Electroweb|Timid|||||50|]Aerodactyl||Aerodactylite|Unnerve|RockSlide,Tailwind,DualWingbeat,Protect|Jolly||M|||50|
|showteam|p2|Meganium||Meganiumite|Overgrow|SolarBeam,DazzlingGleam,EarthPower,WeatherBall|Modest||F|||50|]Pelipper||SitrusBerry|Drizzle|Uturn,IcyWind,Hurricane,WeatherBall|Modest||M|||50|]Archaludon||Leftovers|Stamina|DracoMeteor,ElectroShot,FlashCannon,Protect|Modest||M|||50|]Grimmsnarl||LightClay|Prankster|Reflect,LightScreen,PartingShot,SpiritBreak|Careful||M|||50|]Basculegion||ChoiceScarf|Adaptability|FlipTurn,LastRespects,WaveCrash,PsychicFangs|Jolly||M|||50|]Swampert||Swampertite|Damp|FlipTurn,Earthquake,WaveCrash,IcePunch|Adamant||M|||50|
|inactive|Battle timer is ON: inactive players will automatically lose when time's up. (requested by dust_less)
|
|t:|1782311365
|teamsize|p1|4
|teamsize|p2|4
|start
|switch|p1a: Kingambit|Kingambit, L50, F|100/100
|switch|p1b: Grimmsnarl|Grimmsnarl, L50, M|100/100
|switch|p2a: Pelipper|Pelipper, L50, M|100/100
|switch|p2b: Archaludon|Archaludon, L50, M|100/100
|-weather|RainDance|[from] ability: Drizzle|[of] p2a: Pelipper
|turn|1
|inactive|powerthepower has 30 seconds left.
|inactive|dust_less has 30 seconds left.
|
|t:|1782311398
|move|p1b: Grimmsnarl|Light Screen|p1b: Grimmsnarl
|-sidestart|p1: powerthepower|move: Light Screen
|move|p2b: Archaludon|Electro Shot||[still]
|-prepare|p2b: Archaludon|Electro Shot
|-boost|p2b: Archaludon|spa|1
|-anim|p2b: Archaludon|Electro Shot|p1a: Kingambit
|-damage|p1a: Kingambit|52/100
|move|p2a: Pelipper|Weather Ball|p1a: Kingambit
|-damage|p1a: Kingambit|6/100
|move|p1a: Kingambit|Swords Dance|p1a: Kingambit
|-boost|p1a: Kingambit|atk|2
|
|-weather|RainDance|[upkeep]
|upkeep
|turn|2
|
|t:|1782311419
|move|p1a: Kingambit|Protect|p1a: Kingambit
|-singleturn|p1a: Kingambit|Protect
|move|p1b: Grimmsnarl|Parting Shot|p2b: Archaludon
|-unboost|p2b: Archaludon|atk|1
|-unboost|p2b: Archaludon|spa|1
|
|t:|1782311425
|switch|p1b: Aegislash|Aegislash, L50, F, shiny|100/100|[from] Parting Shot
|move|p2b: Archaludon|Flash Cannon|p1b: Aegislash
|-resisted|p1b: Aegislash|1
|-damage|p1b: Aegislash|88/100
|move|p2a: Pelipper|U-turn|p2b: Archaludon
|-resisted|p2b: Archaludon|1
|-damage|p2b: Archaludon|96/100
|-ability|p2b: Archaludon|Stamina|boost
|-boost|p2b: Archaludon|def|1
|
|t:|1782311436
|switch|p2a: Basculegion|Basculegion, L50, M|100/100|[from] U-turn
|
|-weather|RainDance|[upkeep]
|-heal|p2b: Archaludon|100/100|[from] item: Leftovers
|-heal|p1b: Aegislash|94/100|[from] item: Leftovers
|upkeep
|turn|3
|
|t:|1782311443
|switch|p2a: Swampert|Swampert, L50, M|100/100
|move|p1a: Kingambit|Sucker Punch||[still]
|-fail|p1a: Kingambit
|move|p2b: Archaludon|Electro Shot||[still]
|-prepare|p2b: Archaludon|Electro Shot
|-boost|p2b: Archaludon|spa|1
|-anim|p2b: Archaludon|Electro Shot|p1a: Kingambit
|-damage|p1a: Kingambit|0 fnt
|faint|p1a: Kingambit
|-formechange|p1b: Aegislash|Aegislash-Blade|
|move|p1b: Aegislash|Shadow Ball|p2b: Archaludon
|-damage|p2b: Archaludon|36/100
|-ability|p2b: Archaludon|Stamina|boost
|-boost|p2b: Archaludon|def|1
|
|-weather|RainDance|[upkeep]
|-heal|p2b: Archaludon|42/100|[from] item: Leftovers
|-heal|p1b: Aegislash|100/100|[from] item: Leftovers
|upkeep
|inactive|powerthepower has 30 seconds left.
|
|t:|1782311471
|switch|p1a: Aerodactyl|Aerodactyl, L50, M|100/100
|-ability|p1a: Aerodactyl|Unnerve
|turn|4
|
|t:|1782311480
|detailschange|p2a: Swampert|Swampert-Mega, L50, M
|-mega|p2a: Swampert|Swampert|Swampertite
|move|p1a: Aerodactyl|Protect|p1a: Aerodactyl
|-singleturn|p1a: Aerodactyl|Protect
|move|p2b: Archaludon|Protect|p2b: Archaludon
|-singleturn|p2b: Archaludon|Protect
|move|p2a: Swampert|Flip Turn|p1a: Aerodactyl
|-activate|p1a: Aerodactyl|move: Protect
|move|p1b: Aegislash|Shadow Ball|p2a: Swampert
|-damage|p2a: Swampert|58/100
|
|-weather|RainDance|[upkeep]
|-heal|p2b: Archaludon|48/100|[from] item: Leftovers
|upkeep
|turn|5
|inactive|powerthepower has 30 seconds left.
|
|t:|1782311510
|switch|p1a: Grimmsnarl|Grimmsnarl, L50, M|100/100
|move|p2a: Swampert|Flip Turn|p1a: Grimmsnarl
|-damage|p1a: Grimmsnarl|34/100
|
|t:|1782311516
|switch|p2a: Basculegion|Basculegion, L50, M|100/100|[from] Flip Turn
|move|p2b: Archaludon|Electro Shot||[still]
|-prepare|p2b: Archaludon|Electro Shot
|-boost|p2b: Archaludon|spa|1
|-anim|p2b: Archaludon|Electro Shot|p1b: Aegislash
|-damage|p1b: Aegislash|0 fnt
|faint|p1b: Aegislash
|
|-weather|none
|-heal|p2b: Archaludon|54/100|[from] item: Leftovers
|upkeep
|
|t:|1782311526
|switch|p1b: Aerodactyl|Aerodactyl, L50, M|100/100
|-ability|p1b: Aerodactyl|Unnerve
|turn|6
|
|t:|1782311547
|detailschange|p1b: Aerodactyl|Aerodactyl-Mega, L50, M
|-mega|p1b: Aerodactyl|Aerodactyl|Aerodactylite
|move|p1a: Grimmsnarl|Reflect|p1a: Grimmsnarl
|-sidestart|p1: powerthepower|Reflect
|move|p1b: Aerodactyl|Dual Wingbeat|p2a: Basculegion
|-damage|p2a: Basculegion|65/100
|-damage|p2a: Basculegion|30/100
|-hitcount|p2a: Basculegion|2
|move|p2a: Basculegion|Flip Turn|p1b: Aerodactyl
|-supereffective|p1b: Aerodactyl|1
|-damage|p1b: Aerodactyl|31/100
|
|t:|1782311557
|switch|p2a: Pelipper|Pelipper, L50, M|100/100|[from] Flip Turn
|-weather|RainDance|[from] ability: Drizzle|[of] p2a: Pelipper
|move|p2b: Archaludon|Flash Cannon|p1b: Aerodactyl
|-supereffective|p1b: Aerodactyl|1
|-damage|p1b: Aerodactyl|0 fnt
|faint|p1b: Aerodactyl
|
|-weather|RainDance|[upkeep]
|-heal|p2b: Archaludon|60/100|[from] item: Leftovers
|upkeep
|turn|7
|
|t:|1782311564
|move|p1a: Grimmsnarl|Swagger|p2b: Archaludon
|-boost|p2b: Archaludon|atk|2
|-start|p2b: Archaludon|confusion
|-activate|p2b: Archaludon|confusion
|move|p2b: Archaludon|Flash Cannon|p1a: Grimmsnarl
|-supereffective|p1a: Grimmsnarl|1
|-damage|p1a: Grimmsnarl|0 fnt
|faint|p1a: Grimmsnarl
|
|win|dust_less
