|j|☆freyartchan
|j|☆CrystalGem02
|html|freyartchanCrystalGem02    
|uhtml|bestof|Game 2 of a best-of-3
|t:|1756660857
|gametype|doubles
|player|p1|freyartchan|kieran-champion|
|player|p2|CrystalGem02|valerie|
|gen|9
|tier|[Gen 9] VGC 2025 Reg H (Bo3)
|rule|Species Clause: Limit one of each Pokémon
|rule|Item Clause: Limit 1 of each item
|clearpoke
|poke|p1|Sylveon, L50, F|
|poke|p1|Archaludon, L50, F|
|poke|p1|Incineroar, L50, M|
|poke|p1|Ursaluna, L50, F|
|poke|p1|Ribombee, L50, F|
|poke|p1|Porygon2, L50|
|poke|p2|Ursaluna, L50, F|
|poke|p2|Porygon2, L50|
|poke|p2|Incineroar, L50, M|
|poke|p2|Yanmega, L50, M|
|poke|p2|Sneasler, L50, M|
|poke|p2|Archaludon, L50, F|
|teampreview|4
|showteam|p1|Sylveon||LifeOrb|Pixilate|HyperVoice,QuickAttack,TeraBlast,Protect|||F|||50|,,,,,Fire]Archaludon||PowerHerb|Sturdy|FlashCannon,DracoMeteor,ElectroShot,Protect|||F|||50|,,,,,Electric]Incineroar||SafetyGoggles|Intimidate|FakeOut,FlareBlitz,KnockOff,PartingShot|||M|||50|,,,,,Ghost]Ursaluna||FlameOrb|Guts|Facade,HeadlongRush,Earthquake,Protect|||F|||50|,,,,,Ghost]Ribombee||CovertCloak|SweetVeil|Tailwind,PollenPuff,StruggleBug,Protect|||F|||50|,,,,,Water]Porygon2||Eviolite|Download|TeraBlast,IceBeam,Recover,TrickRoom||||||50|,,,,,Flying
|showteam|p2|Ursaluna||FlameOrb|Guts|Facade,HeadlongRush,Earthquake,Protect|||F|||50|,,,,,Ghost]Porygon2||Eviolite|Download|TeraBlast,IceBeam,Recover,TrickRoom||||||50|,,,,,Flying]Incineroar||SafetyGoggles|Intimidate|FlareBlitz,KnockOff,PartingShot,FakeOut|||M|||50|,,,,,Ghost]Yanmega||FocusSash|SpeedBoost|BugBuzz,AirSlash,Tailwind,Protect|||M|||50|,,,,,Ghost]Sneasler||WhiteHerb|Unburden|DireClaw,CloseCombat,ThroatChop,Protect|||M|||50|,,,,,Stellar]Archaludon||PowerHerb|Stalwart|ElectroShot,DragonPulse,Thunderbolt,Protect|||F|||50|,,,,,Electric
|
|t:|1756660945
|teamsize|p1|4
|teamsize|p2|4
|start
|switch|p1a: Honey|Ribombee, L50, F|100/100
|switch|p1b: Skye|Archaludon, L50, F|100/100
|switch|p2a: Incineroar|Incineroar, L50, M|100/100
|switch|p2b: Sneasler|Sneasler, L50, M, shiny|100/100
|-ability|p2a: Incineroar|Intimidate|boost
|-unboost|p1a: Honey|atk|1
|-unboost|p1b: Skye|atk|1
|turn|1
|
|t:|1756661004
|switch|p2b: Ursaluna|Ursaluna, L50, F, shiny|100/100
|move|p1a: Honey|Protect|p1a: Honey
|-singleturn|p1a: Honey|Protect
|move|p1b: Skye|Protect|p1b: Skye
|-singleturn|p1b: Skye|Protect
|move|p2a: Incineroar|Parting Shot|p1b: Skye
|-activate|p1b: Skye|move: Protect
|
|-status|p2b: Ursaluna|brn|[from] item: Flame Orb
|upkeep
|turn|2
|
|t:|1756661063
|switch|p1b: Polly|Porygon2, L50|100/100
|-ability|p1b: Polly|Download|boost
|-boost|p1b: Polly|atk|1
|move|p2b: Ursaluna|Protect|p2b: Ursaluna
|-singleturn|p2b: Ursaluna|Protect
|move|p1a: Honey|Tailwind|p1a: Honey
|-sidestart|p1: freyartchan|move: Tailwind
|move|p2a: Incineroar|Parting Shot|p1b: Polly
|-unboost|p1b: Polly|atk|1
|-unboost|p1b: Polly|spa|1
|
|t:|1756661078
|switch|p2a: Porygon2|Porygon2, L50, shiny|100/100|[from] Parting Shot
|-ability|p2a: Porygon2|Download|boost
|-boost|p2a: Porygon2|atk|1
|
|-damage|p2b: Ursaluna|95/100 brn|[from] brn
|upkeep
|turn|3
|
|t:|1756661149
|-terastallize|p1b: Polly|Flying
|move|p1a: Honey|Pollen Puff|p2b: Ursaluna
|-damage|p2b: Ursaluna|61/100 brn
|move|p2a: Porygon2|Tera Blast|p1a: Honey
|-damage|p1a: Honey|46/100
|move|p2b: Ursaluna|Facade|p1b: Polly
|-damage|p1b: Polly|25/100
|move|p1b: Polly|Trick Room|p1b: Polly
|-fieldstart|move: Trick Room|[of] p1b: Polly
|
|-damage|p2b: Ursaluna|55/100 brn|[from] brn
|upkeep
|turn|4
|
|t:|1756661190
|move|p2b: Ursaluna|Facade|p1b: Polly
|-damage|p1b: Polly|0 fnt
|faint|p1b: Polly
|move|p2a: Porygon2|Tera Blast|p1a: Honey
|-damage|p1a: Honey|0 fnt
|faint|p1a: Honey
|
|-damage|p2b: Ursaluna|49/100 brn|[from] brn
|upkeep
|
|t:|1756661194
|switch|p1b: Skye|Archaludon, L50, F|100/100
|switch|p1a: Luna|Ursaluna, L50, F|100/100
|turn|5
|
|t:|1756661228
|switch|p2a: Incineroar|Incineroar, L50, M|100/100
|-ability|p2a: Incineroar|Intimidate|boost
|-unboost|p1a: Luna|atk|1
|-unboost|p1b: Skye|atk|1
|move|p1b: Skye|Protect|p1b: Skye
|-singleturn|p1b: Skye|Protect
|move|p2b: Ursaluna|Headlong Rush|p1b: Skye
|-activate|p1b: Skye|move: Protect
|move|p1a: Luna|Earthquake|p2b: Ursaluna|[spread] p2a,p2b
|-activate|p1b: Skye|move: Protect
|-supereffective|p2a: Incineroar
|-damage|p2a: Incineroar|39/100
|-damage|p2b: Ursaluna|30/100 brn
|
|-damage|p2b: Ursaluna|24/100 brn|[from] brn
|-sideend|p1: freyartchan|move: Tailwind
|-status|p1a: Luna|brn|[from] item: Flame Orb
|upkeep
|turn|6
|
|t:|1756661258
|move|p2a: Incineroar|Fake Out|p1a: Luna
|-damage|p1a: Luna|92/100 brn
|move|p2b: Ursaluna|Headlong Rush|p1b: Skye
|-supereffective|p1b: Skye
|-ability|p1b: Skye|Sturdy
|-damage|p1b: Skye|1/100
|-unboost|p2b: Ursaluna|def|1
|-unboost|p2b: Ursaluna|spd|1
|cant|p1a: Luna|flinch
|move|p1b: Skye|Electro Shot||[still]
|-prepare|p1b: Skye|Electro Shot
|-boost|p1b: Skye|spa|1
|-enditem|p1b: Skye|Power Herb
|-anim|p1b: Skye|Electro Shot|p2a: Incineroar
|-damage|p2a: Incineroar|0 fnt
|faint|p2a: Incineroar
|
|-damage|p2b: Ursaluna|18/100 brn|[from] brn
|-damage|p1a: Luna|86/100 brn|[from] brn
|upkeep
|
|t:|1756661274
|switch|p2a: Porygon2|Porygon2, L50, shiny|100/100
|-ability|p2a: Porygon2|Download|boost
|-boost|p2a: Porygon2|spa|1
|turn|7
|
|t:|1756661284
|move|p1a: Luna|Protect|p1a: Luna
|-singleturn|p1a: Luna|Protect
|move|p1b: Skye|Protect|p1b: Skye
|-singleturn|p1b: Skye|Protect
|move|p2b: Ursaluna|Facade|p1a: Luna
|-activate|p1a: Luna|move: Protect
|move|p2a: Porygon2|Ice Beam|p1b: Skye
|-activate|p1b: Skye|move: Protect
|
|-damage|p2b: Ursaluna|12/100 brn|[from] brn
|-damage|p1a: Luna|80/100 brn|[from] brn
|-fieldend|move: Trick Room
|upkeep
|turn|8
|
|t:|1756661312
|move|p1b: Skye|Flash Cannon|p2b: Ursaluna
|-damage|p2b: Ursaluna|0 fnt
|faint|p2b: Ursaluna
|move|p2a: Porygon2|Tera Blast|p1b: Skye
|-resisted|p1b: Skye
|-damage|p1b: Skye|0 fnt
|faint|p1b: Skye
|move|p1a: Luna|Facade|p2a: Porygon2
|-damage|p2a: Porygon2|48/100
|
|-damage|p1a: Luna|74/100 brn|[from] brn
|upkeep
|
|t:|1756661322
|switch|p2b: Sneasler|Sneasler, L50, M, shiny|100/100
|turn|9
|
|t:|1756661327
|move|p1a: Luna|Protect|p1a: Luna
|-singleturn|p1a: Luna|Protect
|move|p2b: Sneasler|Close Combat|p1a: Luna
|-activate|p1a: Luna|move: Protect
|move|p2a: Porygon2|Ice Beam|p1a: Luna
|-activate|p1a: Luna|move: Protect
|
|-damage|p1a: Luna|69/100 brn|[from] brn
|upkeep
|turn|10
|
|t:|1756661337
|move|p2b: Sneasler|Close Combat|p1a: Luna
|-supereffective|p1a: Luna
|-damage|p1a: Luna|0 fnt
|-unboost|p2b: Sneasler|def|1
|-unboost|p2b: Sneasler|spd|1
|faint|p1a: Luna
|-enditem|p2b: Sneasler|White Herb
|-clearnegativeboost|p2b: Sneasler|[silent]
|
|win|CrystalGem02
