|j|☆eklyst
|j|☆daviduv
|html|eklystdaviduv    
|uhtml|bestof|Game 1 of a best-of-3
|t:|1785321816
|gametype|doubles
|player|p1|eklyst|pokemaniac|1202
|player|p2|daviduv|blackbelt-gen4dp|1278
|gen|9
|tier|[Gen 9 Champions] VGC 2026 Reg M-B (Bo3)
|rated|
|rule|Species Clause: Limit one of each Pokémon
|rule|Item Clause: Limit 1 of each item
|clearpoke
|poke|p1|Metagross, L50|
|poke|p1|Floette-Eternal, L50, F|
|poke|p1|Garchomp, L50, M|
|poke|p1|Aerodactyl, L50, M|
|poke|p1|Sinistcha, L50|
|poke|p1|Incineroar, L50, F|
|poke|p2|Froslass, L50, F|
|poke|p2|Glimmora, L50, F|
|poke|p2|Whimsicott, L50, M, shiny|
|poke|p2|Garchomp, L50, F|
|poke|p2|Corviknight, L50, M|
|poke|p2|Incineroar, L50, M|
|teampreview|4
|showteam|p1|Metagross||Metagrossite|ClearBody|PsychicFangs,IronHead,BulletPunch,Protect|Adamant|||||50|]Floette-Eternal||Floettite|FlowerVeil|DazzlingGleam,Moonblast,CalmMind,Protect|Modest||F|||50|]Garchomp||LifeOrb|RoughSkin|RockSlide,StompingTantrum,DragonClaw,Protect|Jolly||M|||50|]Aerodactyl||FocusSash|Unnerve|RockSlide,DualWingbeat,Tailwind,Protect|Jolly||M|||50|]Sinistcha||KasibBerry|Hospitality|MatchaGotcha,TrickRoom,RagePowder,Protect|Relaxed|||||50|]Incineroar||SitrusBerry|Intimidate|FakeOut,FlareBlitz,ThroatChop,PartingShot|Adamant||F|||50|
|showteam|p2|Froslass||Froslassite|SnowCloak|Protect,Blizzard,ShadowBall,AuroraVeil|Timid||F|||50|]Glimmora||FocusSash|ToxicDebris|SpikyShield,SludgeBomb,PowerGem,EarthPower|Modest||F|||50|]Whimsicott||BabiriBerry|Prankster|Moonblast,Tailwind,Encore,FakeTears|Calm||M|||50|]Garchomp||LifeOrb|RoughSkin|Protect,Earthquake,DragonClaw,RockSlide|Jolly||F|||50|]Corviknight||Leftovers|MirrorArmor|BraveBird,BodyPress,BulkUp,Roost|Adamant||M|||50|]Incineroar||SitrusBerry|Intimidate|FakeOut,PartingShot,ThroatChop,FlareBlitz|Careful||M|||50|
|inactive|Battle timer is ON: inactive players will automatically lose when time's up. (requested by eklyst)
|c|☆daviduv|Glhf
|c|☆eklyst|glhf
|inactive|eklyst has 60 seconds left.
|inactive|daviduv has 60 seconds left.
|
|t:|1785321863
|teamsize|p1|4
|teamsize|p2|4
|start
|switch|p1a: Sinistcha|Sinistcha, L50|100/100
|switch|p1b: Garchomp|Garchomp, L50, M|100/100
|switch|p2a: Glimmora|Glimmora, L50, F|100/100
|switch|p2b: Whimsicott|Whimsicott, L50, M, shiny|100/100
|turn|1
|
|t:|1785321880
|switch|p2a: Corviknight|Corviknight, L50, M|100/100
|move|p1b: Garchomp|Stomping Tantrum|p2a: Corviknight
|-immune|p2a: Corviknight
|move|p2b: Whimsicott|Moonblast|p1b: Garchomp
|-supereffective|p1b: Garchomp|1
|-damage|p1b: Garchomp|41/100
|move|p1a: Sinistcha|Trick Room|p1a: Sinistcha
|-fieldstart|move: Trick Room|[of] p1a: Sinistcha
|
|upkeep
|turn|2
|
|t:|1785321903
|switch|p1b: Incineroar|Incineroar, L50, F|100/100
|-ability|p1b: Incineroar|Intimidate|boost
|-ability|p2a: Corviknight|Mirror Armor
|-unboost|p1b: Incineroar|atk|1
|-unboost|p2b: Whimsicott|atk|1
|move|p2b: Whimsicott|Encore|p1b: Incineroar
|-hint|Since gen 7, Dark is immune to Prankster moves.
|-immune|p1b: Incineroar
|move|p1a: Sinistcha|Matcha Gotcha|p2a: Corviknight|[spread] p2a,p2b
|-resisted|p2a: Corviknight|2
|-resisted|p2b: Whimsicott|1
|-damage|p2a: Corviknight|94/100
|-damage|p2b: Whimsicott|88/100
|-status|p2b: Whimsicott|brn
|move|p2a: Corviknight|Bulk Up|p2a: Corviknight
|-boost|p2a: Corviknight|atk|1
|-boost|p2a: Corviknight|def|1
|
|-heal|p2a: Corviknight|100/100|[from] item: Leftovers
|-damage|p2b: Whimsicott|82/100 brn|[from] brn
|upkeep
|turn|3
|inactive|daviduv has 30 seconds left.
|inactive|daviduv has 20 seconds left.
|inactive|daviduv has 15 seconds left.
|
|t:|1785321945
|switch|p2b: Glimmora|Glimmora, L50, F|100/100
|move|p1a: Sinistcha|Matcha Gotcha|p2a: Corviknight|[spread] p2b
|-miss|p1a: Sinistcha|p2a: Corviknight
|-damage|p2b: Glimmora|66/100
|move|p1b: Incineroar|Flare Blitz|p2a: Corviknight
|-supereffective|p2a: Corviknight|1
|-damage|p2a: Corviknight|56/100
|-damage|p1b: Incineroar|85/100|[from] Recoil
|move|p2a: Corviknight|Bulk Up|p2a: Corviknight
|-boost|p2a: Corviknight|atk|1
|-boost|p2a: Corviknight|def|1
|
|-heal|p2a: Corviknight|61/100|[from] item: Leftovers
|upkeep
|turn|4
|
|t:|1785321958
|move|p2b: Glimmora|Spiky Shield|p2b: Glimmora
|-singleturn|p2b: Glimmora|move: Protect
|move|p1a: Sinistcha|Matcha Gotcha|p2b: Glimmora|[spread] p2a
|-activate|p2b: Glimmora|move: Protect
|-resisted|p2a: Corviknight|2
|-damage|p2a: Corviknight|55/100
|move|p1b: Incineroar|Flare Blitz|p2a: Corviknight
|-supereffective|p2a: Corviknight|1
|-damage|p2a: Corviknight|25/100
|-damage|p1b: Incineroar|75/100|[from] Recoil
|move|p2a: Corviknight|Roost|p2a: Corviknight
|-heal|p2a: Corviknight|75/100
|-singleturn|p2a: Corviknight|move: Roost
|
|-heal|p2a: Corviknight|81/100|[from] item: Leftovers
|upkeep
|turn|5
|inactive|daviduv has 30 seconds left.
|
|t:|1785321988
|move|p1a: Sinistcha|Matcha Gotcha|p2b: Glimmora|[spread] p2a,p2b
|-resisted|p2a: Corviknight|2
|-damage|p2a: Corviknight|75/100
|-damage|p2b: Glimmora|35/100
|-status|p2a: Corviknight|brn
|move|p1b: Incineroar|Flare Blitz|p2a: Corviknight
|-supereffective|p2a: Corviknight|1
|-damage|p2a: Corviknight|40/100 brn
|-damage|p1b: Incineroar|63/100|[from] Recoil
|move|p2a: Corviknight|Bulk Up|p2a: Corviknight
|-boost|p2a: Corviknight|atk|1
|-boost|p2a: Corviknight|def|1
|move|p2b: Glimmora|Power Gem|p1b: Incineroar
|-supereffective|p1b: Incineroar|1
|-damage|p1b: Incineroar|0 fnt
|faint|p1b: Incineroar
|
|-heal|p2a: Corviknight|46/100 brn|[from] item: Leftovers
|-damage|p2a: Corviknight|40/100 brn|[from] brn
|-fieldend|move: Trick Room
|upkeep
|
|t:|1785322007
|switch|p1b: Garchomp|Garchomp, L50, M|41/100
|turn|6
|
|t:|1785322020
|switch|p2b: Whimsicott|Whimsicott, L50, M, shiny|82/100 brn
|move|p1b: Garchomp|Stomping Tantrum|p2b: Whimsicott
|-resisted|p2b: Whimsicott|1
|-damage|p2b: Whimsicott|51/100 brn
|-damage|p1b: Garchomp|31/100|[from] item: Life Orb
|move|p2a: Corviknight|Roost|p2a: Corviknight
|-heal|p2a: Corviknight|90/100 brn
|-singleturn|p2a: Corviknight|move: Roost
|move|p1a: Sinistcha|Trick Room|p1a: Sinistcha
|-fieldstart|move: Trick Room|[of] p1a: Sinistcha
|
|-heal|p2a: Corviknight|96/100 brn|[from] item: Leftovers
|-damage|p2a: Corviknight|90/100 brn|[from] brn
|-damage|p2b: Whimsicott|45/100 brn|[from] brn
|upkeep
|turn|7
|inactive|daviduv has 30 seconds left.
|
|t:|1785322046
|switch|p1b: Floette|Floette-Eternal, L50, F|100/100
|move|p2b: Whimsicott|Encore|p1a: Sinistcha
|-start|p1a: Sinistcha|Encore
|move|p2a: Corviknight|Brave Bird|p1b: Floette
|-damage|p1b: Floette|22/100
|-damage|p2a: Corviknight|67/100 brn|[from] Recoil
|move|p1a: Sinistcha|Trick Room|p1a: Sinistcha
|-fieldend|move: Trick Room
|
|-heal|p2a: Corviknight|73/100 brn|[from] item: Leftovers
|-damage|p2b: Whimsicott|39/100 brn|[from] brn
|-damage|p2a: Corviknight|67/100 brn|[from] brn
|upkeep
|turn|8
|inactive|daviduv has 30 seconds left.
|inactive|daviduv has 20 seconds left.
|inactive|daviduv has 15 seconds left.
|
|t:|1785322087
|switch|p1a: Garchomp|Garchomp, L50, M|31/100
|detailschange|p1b: Floette|Floette-Mega, L50, F
|-mega|p1b: Floette|Floette|Floettite
|-ability|p1b: Floette|Fairy Aura
|move|p2b: Whimsicott|Moonblast|p1b: Floette
|-damage|p1b: Floette|0 fnt
|faint|p1b: Floette
|move|p2a: Corviknight|Roost|p2a: Corviknight
|-heal|p2a: Corviknight|100/100 brn
|-singleturn|p2a: Corviknight|move: Roost
|
|-damage|p2b: Whimsicott|33/100 brn|[from] brn
|-damage|p2a: Corviknight|94/100 brn|[from] brn
|upkeep
|
|t:|1785322096
|switch|p1b: Sinistcha|Sinistcha, L50|100/100
|-heal|p1a: Garchomp|56/100|[from] ability: Hospitality|[of] p1b: Sinistcha
|turn|9
|
|t:|1785322113
|move|p1a: Garchomp|Rock Slide|p2b: Whimsicott|[spread] p2a,p2b
|-damage|p2a: Corviknight|85/100 brn
|-damage|p2b: Whimsicott|0 fnt
|faint|p2b: Whimsicott
|-damage|p1a: Garchomp|47/100|[from] item: Life Orb
|move|p2a: Corviknight|Brave Bird|p1b: Sinistcha
|-supereffective|p1b: Sinistcha|1
|-damage|p1b: Sinistcha|0 fnt
|faint|p1b: Sinistcha
|-damage|p2a: Corviknight|57/100 brn|[from] Recoil
|
|-heal|p2a: Corviknight|62/100 brn|[from] item: Leftovers
|-damage|p2a: Corviknight|57/100 brn|[from] brn
|upkeep
|
|t:|1785322125
|switch|p2b: Froslass|Froslass, L50, F|100/100
|turn|10
|
|t:|1785322132
|detailschange|p2b: Froslass|Froslass-Mega, L50, F
|-mega|p2b: Froslass|Froslass|Froslassite
|-weather|Snowscape|[from] ability: Snow Warning|[of] p2b: Froslass
|move|p2b: Froslass|Blizzard|p1a: Garchomp
|-supereffective|p1a: Garchomp|2
|-damage|p1a: Garchomp|0 fnt
|faint|p1a: Garchomp
|
|win|daviduv
||daviduv is ready for game 2.
||eklyst is ready for game 2.
|uhtml|next|Next: Game 2 of 3
