|j|☆KodeBeast0526
|j|☆B0mb3r6969
|html|KodeBeast0526B0mb3r6969    
|uhtml|bestof|Game 3 of a best-of-3
|t:|1784346780
|gametype|doubles
|player|p1|KodeBeast0526|sailor|1188
|player|p2|B0mb3r6969|cynthia-gen4|1065
|gen|9
|tier|[Gen 9 Champions] VGC 2026 Reg M-B (Bo3)
|rated|
|rule|Species Clause: Limit one of each Pokémon
|rule|Item Clause: Limit 1 of each item
|clearpoke
|poke|p1|Aerodactyl, L50, M|
|poke|p1|Kingambit, L50, M|
|poke|p1|Sylveon, L50, M|
|poke|p1|Garchomp, L50, M|
|poke|p1|Charizard, L50, M|
|poke|p1|Farigiraf, L50, F, shiny|
|poke|p2|Kingambit, L50, M|
|poke|p2|Heliolisk, L50, M|
|poke|p2|Delphox, L50, F|
|poke|p2|Swampert, L50, M|
|poke|p2|Staraptor, L50, F|
|poke|p2|Meowstic, L50, M|
|teampreview|4
|showteam|p1|Aerodactyl||Aerodactylite|Unnerve|RockSlide,IceFang,Tailwind,WideGuard|Jolly||M|||50|]Kingambit||FocusSash|Defiant|KowtowCleave,SuckerPunch,IronHead,LowKick|Adamant||M|||50|]Sylveon||FairyFeather|Pixilate|Detect,HyperVoice,HyperBeam,QuickAttack|Modest||M|||50|]Garchomp||LifeOrb|RoughSkin|Earthquake,DragonClaw,StompingTantrum,Protect|Jolly||M|||50|]Charizard||CharizarditeY|Blaze|Protect,HeatWave,SolarBeam,WeatherBall|Modest||M|||50|]Farigiraf||SitrusBerry|ArmorTail|Thunderbolt,PsychicNoise,TrickRoom,HelpingHand|Bold||F|||50|
|showteam|p2|Kingambit||ExpertBelt|Defiant|Protect,FoulPlay,IronHead,SuckerPunch|Brave||M|||50|]Heliolisk||ChoiceScarf|DrySkin|GrassKnot,Thunderbolt,VoltSwitch,Electrify|Timid||M|||50|]Delphox||Delphoxite|Blaze|Protect,ExpandingForce,NastyPlot,HeatWave|Timid||F|||50|]Swampert||Swampertite|Damp|HighHorsepower,IcePunch,Liquidation,PoisonJab|Adamant||M|||50|]Staraptor||Staraptite|Intimidate|CloseCombat,Roost,BraveBird,Protect|Adamant||F|||50|]Meowstic||ScopeLens|Prankster|Reflect,Charm,ExpandingForce,PsychicTerrain|Bold||M|||50|
|inactive|Battle timer is ON: inactive players will automatically lose when time's up. (requested by B0mb3r6969)
|inactive|KodeBeast0526 has 60 seconds left.
|
|t:|1784346821
|teamsize|p1|4
|teamsize|p2|4
|start
|switch|p1a: Farigiraf|Farigiraf, L50, F, shiny|100/100
|switch|p1b: Sylveon|Sylveon, L50, M|100/100
|switch|p2a: Staraptor|Staraptor, L50, F|100/100
|switch|p2b: Swampert|Swampert, L50, M|100/100
|-ability|p2a: Staraptor|Intimidate|boost
|-unboost|p1a: Farigiraf|atk|1
|-unboost|p1b: Sylveon|atk|1
|turn|1
|
|t:|1784346843
|detailschange|p2a: Staraptor|Staraptor-Mega, L50, F
|-mega|p2a: Staraptor|Staraptor|Staraptite
|move|p2a: Staraptor|Close Combat|p1b: Sylveon
|-resisted|p1b: Sylveon|1
|-damage|p1b: Sylveon|66/100
|-boost|p2a: Staraptor|def|1
|-boost|p2a: Staraptor|spd|1
|move|p2b: Swampert|Poison Jab|p1b: Sylveon
|-supereffective|p1b: Sylveon|1
|-damage|p1b: Sylveon|4/100
|-status|p1b: Sylveon|psn
|move|p1b: Sylveon|Hyper Beam|p2a: Staraptor
|-supereffective|p2a: Staraptor|1
|-damage|p2a: Staraptor|0 fnt
|-mustrecharge|p1b: Sylveon
|faint|p2a: Staraptor
|move|p1a: Farigiraf|Trick Room|p1a: Farigiraf
|-fieldstart|move: Trick Room|[of] p1a: Farigiraf
|
|-damage|p1b: Sylveon|0 fnt|[from] psn
|faint|p1b: Sylveon
|upkeep
|
|t:|1784346863
|switch|p1b: Charizard|Charizard, L50, M|100/100
|switch|p2a: Kingambit|Kingambit, L50, M|100/100
|turn|2
|
|t:|1784346873
|detailschange|p1b: Charizard|Charizard-Mega-Y, L50, M
|-mega|p1b: Charizard|Charizard|Charizardite Y
|-weather|SunnyDay|[from] ability: Drought|[of] p1b: Charizard
|move|p2a: Kingambit|Foul Play|p1b: Charizard
|-damage|p1b: Charizard|64/100
|move|p1a: Farigiraf|Psychic Noise|p2b: Swampert
|-damage|p2b: Swampert|69/100
|-start|p2b: Swampert|move: Heal Block
|move|p2b: Swampert|Liquidation|p1b: Charizard
|-supereffective|p1b: Charizard|1
|-damage|p1b: Charizard|20/100y
|-unboost|p1b: Charizard|def|1
|move|p1b: Charizard|Solar Beam||[still]
|-prepare|p1b: Charizard|Solar Beam
|-anim|p1b: Charizard|Solar Beam|p2b: Swampert
|-supereffective|p2b: Swampert|2
|-damage|p2b: Swampert|0 fnt
|faint|p2b: Swampert
|
|-weather|SunnyDay|[upkeep]
|upkeep
|
|t:|1784346895
|switch|p2b: Delphox|Delphox, L50, F|100/100
|turn|3
|
|t:|1784346907
|move|p1b: Charizard|Protect|p1b: Charizard
|-singleturn|p1b: Charizard|Protect
|move|p2a: Kingambit|Foul Play|p1b: Charizard
|-activate|p1b: Charizard|move: Protect
|move|p2b: Delphox|Heat Wave|p1b: Charizard|[spread] p1a
|-activate|p1b: Charizard|move: Protect
|-damage|p1a: Farigiraf|52/100
|move|p1a: Farigiraf|Trick Room|p1a: Farigiraf
|-fieldend|move: Trick Room
|
|-weather|SunnyDay|[upkeep]
|upkeep
|turn|4
|inactive|KodeBeast0526 has 30 seconds left.
|inactive|KodeBeast0526 has 20 seconds left.
|
|t:|1784346946
|move|p2b: Delphox|Heat Wave|p1a: Farigiraf|[spread] p1a,p1b
|-resisted|p1b: Charizard|1
|-damage|p1a: Farigiraf|9/100
|-damage|p1b: Charizard|0 fnt
|-enditem|p1a: Farigiraf|Sitrus Berry|[eat]
|-heal|p1a: Farigiraf|33/100|[from] item: Sitrus Berry
|faint|p1b: Charizard
|move|p1a: Farigiraf|Thunderbolt|p2b: Delphox
|-damage|p2b: Delphox|73/100
|move|p2a: Kingambit|Foul Play|p1a: Farigiraf
|-supereffective|p1a: Farigiraf|1
|-damage|p1a: Farigiraf|1/100
|
|-weather|SunnyDay|[upkeep]
|upkeep
|
|t:|1784346952
|switch|p1b: Garchomp|Garchomp, L50, M|100/100
|turn|5
|
|t:|1784346963
|move|p1a: Farigiraf|Helping Hand|p1b: Garchomp
|-singleturn|p1b: Garchomp|Helping Hand|[of] p1a: Farigiraf
|move|p2a: Kingambit|Protect|p2a: Kingambit
|-singleturn|p2a: Kingambit|Protect
|move|p2b: Delphox|Heat Wave|p1a: Farigiraf|[spread] p1a,p1b
|-resisted|p1b: Garchomp|1
|-damage|p1a: Farigiraf|0 fnt
|-damage|p1b: Garchomp|72/100
|faint|p1a: Farigiraf
|move|p1b: Garchomp|Earthquake|p2a: Kingambit|[spread] p2b
|-activate|p2a: Kingambit|move: Protect
|-supereffective|p2b: Delphox|1
|-damage|p2b: Delphox|0 fnt
|faint|p2b: Delphox
|-damage|p1b: Garchomp|62/100|[from] item: Life Orb
|
|-weather|SunnyDay|[upkeep]
|upkeep
|turn|6
|
|t:|1784346984
|move|p2a: Kingambit|Sucker Punch|p1b: Garchomp
|-damage|p1b: Garchomp|22/100
|-damage|p2a: Kingambit|87/100|[from] ability: Rough Skin|[of] p1b: Garchomp
|move|p1b: Garchomp|Earthquake|p2a: Kingambit
|-supereffective|p2a: Kingambit|1
|-damage|p2a: Kingambit|0 fnt
|faint|p2a: Kingambit
|-damage|p1b: Garchomp|12/100|[from] item: Life Orb
|
|win|KodeBeast0526
|raw|KodeBeast0526's rating: 1188 → 1205(+17 for winning)
|raw|B0mb3r6969's rating: 1065 → 1052(-13 for losing)
