|j|☆oh the guilt
|j|☆vgceplt vntz
|html|oh the guiltvgceplt vntz    
|uhtml|bestof|Game 1 of a best-of-3
|t:|1782686928
|gametype|doubles
|player|p1|oh the guilt|#wcop2026latinamerica2|
|player|p2|vgceplt vntz|cameraman|
|gen|9
|tier|[Gen 9 Champions] VGC 2026 Reg M-B (Bo3)
|rule|Species Clause: Limit one of each Pokémon
|rule|Item Clause: Limit 1 of each item
|clearpoke
|poke|p1|Raichu, L50, M|
|poke|p1|Ninetales-Alola, L50, M|
|poke|p1|Garchomp, L50, F|
|poke|p1|Basculegion, L50, M|
|poke|p1|Incineroar, L50, F|
|poke|p1|Metagross, L50|
|poke|p2|Annihilape, L50, M|
|poke|p2|Dragonite, L50, F|
|poke|p2|Armarouge, L50, F|
|poke|p2|Torkoal, L50, M|
|poke|p2|Kingambit, L50, F|
|poke|p2|Maushold, L50|
|teampreview|4
|showteam|p1|Raichu||RaichuniteY|LightningRod|ZapCannon,FocusBlast,GrassKnot,Protect|Modest||M|||50|]Ninetales-Alola||NeverMeltIce|SnowWarning|Blizzard,FreezeDry,Encore,Protect|Timid||M|||50|]Garchomp||LifeOrb|RoughSkin|StompingTantrum,DragonClaw,RockSlide,Protect|Jolly||F|||50|]Basculegion||ChoiceScarf|Adaptability|WaveCrash,LastRespects,FlipTurn,AquaJet|Jolly||M|||50|]Incineroar||SitrusBerry|Intimidate|FlareBlitz,DarkestLariat,FakeOut,PartingShot|Adamant||F|||50|]Metagross||Metagrossite|ClearBody|IronHead,PsychicFangs,StompingTantrum,Protect|Jolly|||||50|
|showteam|p2|Annihilape||ChoiceScarf|Defiant|ShadowClaw,CloseCombat,SeedBomb,IcePunch|Adamant||M|||50|]Dragonite||Dragoninite|InnerFocus|DragonDance,DragonClaw,ExtremeSpeed,Protect|Adamant||F|||50|]Armarouge||Leftovers|FlashFire|Psychic,HeatWave,CalmMind,TrickRoom|Modest||F|||50|]Torkoal||Charcoal|Drought|Eruption,HeatWave,EarthPower,Protect|Quiet||M|||50|]Kingambit||LifeOrb|Defiant|IronHead,KowtowCleave,SuckerPunch,Protect|Adamant||F|||50|]Maushold||WideLens|Technician|PopulationBomb,FollowMe,Bite,Protect|Jolly|||||50|
|c|☆vgceplt vntz|gl hf
|c|☆oh the guilt|hf
|j| Shiritu
|
|t:|1782686985
|teamsize|p1|4
|teamsize|p2|4
|start
|switch|p1a: Raichu|Raichu, L50, M|100/100
|switch|p1b: Basculegion|Basculegion, L50, M|100/100
|switch|p2a: Annihilape|Annihilape, L50, M|100/100
|switch|p2b: Armarouge|Armarouge, L50, F|100/100
|turn|1
|j| Tenzai
|j| Mr Reginald Steel
|c| Tenzai|guilt pierde
|
|t:|1782687027
|detailschange|p1a: Raichu|Raichu-Mega-Y, L50, M
|-mega|p1a: Raichu|Raichu|Raichunite Y
|move|p1b: Basculegion|Flip Turn|p2b: Armarouge
|-supereffective|p2b: Armarouge|1
|-damage|p2b: Armarouge|27/100
|
|t:|1782687031
|switch|p1b: Garchomp|Garchomp, L50, F|100/100|[from] Flip Turn
|move|p2a: Annihilape|Shadow Claw|p1b: Garchomp
|-damage|p1b: Garchomp|62/100
|-damage|p2a: Annihilape|87/100|[from] ability: Rough Skin|[of] p1b: Garchomp
|move|p1a: Raichu|Zap Cannon|p2b: Armarouge
|-damage|p2b: Armarouge|0 fnt
|faint|p2b: Armarouge
|
|upkeep
|
|t:|1782687044
|switch|p2b: Torkoal|Torkoal, L50, M|100/100
|-weather|SunnyDay|[from] ability: Drought|[of] p2b: Torkoal
|turn|2
|c|☆oh the guilt|no vi que no tenia ko
|c|☆oh the guilt|fo
|
|t:|1782687057
|move|p2a: Annihilape|Shadow Claw|p1b: Garchomp
|-damage|p1b: Garchomp|23/100
|-damage|p2a: Annihilape|75/100|[from] ability: Rough Skin|[of] p1b: Garchomp
|move|p1a: Raichu|Zap Cannon|p2a: Annihilape
|-damage|p2a: Annihilape|1/100
|-status|p2a: Annihilape|par
|move|p1b: Garchomp|Rock Slide|p2b: Torkoal|[spread] p2a,p2b
|-resisted|p2a: Annihilape|1
|-supereffective|p2b: Torkoal|1
|-damage|p2a: Annihilape|0 fnt
|-damage|p2b: Torkoal|61/100
|faint|p2a: Annihilape
|-damage|p1b: Garchomp|13/100|[from] item: Life Orb
|move|p2b: Torkoal|Earth Power|p1a: Raichu
|-supereffective|p1a: Raichu|1
|-damage|p1a: Raichu|31/100
|-unboost|p1a: Raichu|spd|1
|
|-weather|SunnyDay|[upkeep]
|upkeep
|
|t:|1782687072
|switch|p2a: Kingambit|Kingambit, L50, F|100/100
|turn|3
|
|t:|1782687081
|move|p2a: Kingambit|Sucker Punch|p1b: Garchomp
|-damage|p1b: Garchomp|0 fnt
|-damage|p2a: Kingambit|87/100|[from] ability: Rough Skin|[of] p1b: Garchomp
|faint|p1b: Garchomp
|-damage|p2a: Kingambit|78/100|[from] item: Life Orb
|move|p1a: Raichu|Zap Cannon|p2b: Torkoal
|-damage|p2b: Torkoal|0 fnt
|faint|p2b: Torkoal
|
|-weather|SunnyDay|[upkeep]
|upkeep
|
|t:|1782687087
|switch|p1b: Incineroar|Incineroar, L50, F|100/100
|-ability|p1b: Incineroar|Intimidate|boost
|-unboost|p2a: Kingambit|atk|1
|-ability|p2a: Kingambit|Defiant|boost
|-boost|p2a: Kingambit|atk|2
|turn|4
|
|t:|1782687091
|move|p2a: Kingambit|Protect|p2a: Kingambit
|-singleturn|p2a: Kingambit|Protect
|move|p1a: Raichu|Focus Blast|p2a: Kingambit
|-activate|p2a: Kingambit|move: Protect
|move|p1b: Incineroar|Flare Blitz|p2a: Kingambit
|-activate|p2a: Kingambit|move: Protect
|
|-weather|SunnyDay|[upkeep]
|upkeep
|turn|5
|
|t:|1782687101
|move|p2a: Kingambit|Sucker Punch|p1a: Raichu
|-damage|p1a: Raichu|0 fnt
|faint|p1a: Raichu
|-damage|p2a: Kingambit|68/100|[from] item: Life Orb
|move|p1b: Incineroar|Flare Blitz|p2a: Kingambit
|-supereffective|p2a: Kingambit|1
|-damage|p2a: Kingambit|0 fnt
|faint|p2a: Kingambit
|-damage|p1b: Incineroar|76/100|[from] Recoil
|
|win|oh the guilt
|c|☆vgceplt vntz|gg
||vgceplt vntz is ready for game 2.
|c|☆oh the guilt|gg
||oh the guilt is ready for game 2.
|uhtml|next|Next: Game 2 of 3
|l|☆vgceplt vntz
|player|p2|
|l| Tenzai
