|j|☆UndeadParadox
|j|☆R0gueVGC
|html|UndeadParadoxR0gueVGC    
|uhtml|bestof|Game 1 of a best-of-3
|t:|1756877132
|gametype|doubles
|player|p1|UndeadParadox|guitarist|1377
|player|p2|R0gueVGC|ingo|1370
|gen|9
|tier|[Gen 9] VGC 2025 Reg H (Bo3)
|rated|
|rule|Species Clause: Limit one of each Pokémon
|rule|Item Clause: Limit 1 of each item
|clearpoke
|poke|p1|Sneasler, L50, F|
|poke|p1|Rillaboom, L50, M|
|poke|p1|Incineroar, L50, F|
|poke|p1|Gholdengo, L50|
|poke|p1|Hydreigon, L50, M|
|poke|p1|Gengar, L50, M|
|poke|p2|Baxcalibur, L50, F|
|poke|p2|Sneasler, L50, M|
|poke|p2|Ursaluna, L50, F|
|poke|p2|Volcarona, L50, M|
|poke|p2|Rillaboom, L50, M|
|poke|p2|Primarina, L50, F|
|teampreview|4
|showteam|p1|Sneasler||GrassySeed|Unburden|CloseCombat,DireClaw,Acrobatics,Protect|||F|||50|,,,,,Flying]Rillaboom||AssaultVest|GrassySurge|WoodHammer,GrassyGlide,FakeOut,HighHorsepower|||M|||50|,,,,,Fire]Incineroar||SafetyGoggles|Intimidate|FlareBlitz,KnockOff,PartingShot,FakeOut|||F|||50|,,,,,Ghost]Gholdengo||MetalCoat|GoodasGold|Protect,MakeItRain,ShadowBall,NastyPlot||||||50|,,,,,Water]Hydreigon||LifeOrb|Levitate|Flamethrower,DracoMeteor,DarkPulse,Protect|||M|||50|,,,,,Fire]Gengar||FocusSash|CursedBody|ShadowBall,Haze,Taunt,IcyWind|||M|||50|,,,,,Ghost
|showteam|p2|Baxcalibur||LoadedDice|ThermalExchange|Protect,SwordsDance,IcicleSpear,ScaleShot|||F|||50|,,,,,Fairy]Sneasler||FocusSash|Unburden|Protect,Coaching,DireClaw,CloseCombat|||M|||50|,,,,,Stellar]Ursaluna||FlameOrb|Guts|Protect,Facade,HeadlongRush,Earthquake|||F|||50|,,,,,Ghost]Volcarona||CovertCloak|FlameBody|Tailwind,RagePowder,HeatWave,StruggleBug|||M|||50|,,,,,Dragon]Rillaboom||AssaultVest|GrassySurge|FakeOut,GrassyGlide,WoodHammer,HighHorsepower|||M|||50|,,,,,Fire]Primarina||MysticWater|LiquidVoice|Protect,Haze,Moonblast,HyperVoice|||F|||50|,,,,,Water
|inactive|Battle timer is ON: inactive players will automatically lose when time's up. (requested by R0gueVGC)
|inactive|UndeadParadox has 60 seconds left.
|inactive|R0gueVGC has 60 seconds left.
|
|t:|1756877169
|teamsize|p1|4
|teamsize|p2|4
|start
|switch|p1a: Sneasler|Sneasler, L50, F, shiny|100/100
|switch|p1b: Rillaboom|Rillaboom, L50, M|100/100
|switch|p2a: Baxcalibur|Baxcalibur, L50, F|100/100
|switch|p2b: Volcarona|Volcarona, L50, M|100/100
|-fieldstart|move: Grassy Terrain|[from] ability: Grassy Surge|[of] p1b: Rillaboom
|-enditem|p1a: Sneasler|Grassy Seed
|-boost|p1a: Sneasler|def|1|[from] item: Grassy Seed
|turn|1
|inactive|R0gueVGC has 30 seconds left.
|inactive|R0gueVGC has 20 seconds left.
|inactive|R0gueVGC has 15 seconds left.
|inactive|R0gueVGC has 10 seconds left.
|
|t:|1756877216
|-terastallize|p1a: Sneasler|Flying
|-terastallize|p2b: Volcarona|Dragon
|move|p1b: Rillaboom|Fake Out|p2a: Baxcalibur
|-damage|p2a: Baxcalibur|87/100
|move|p1a: Sneasler|Acrobatics|p2b: Volcarona
|-damage|p2b: Volcarona|31/100
|-status|p1a: Sneasler|brn|[from] ability: Flame Body|[of] p2b: Volcarona
|move|p2b: Volcarona|Heat Wave|p1a: Sneasler|[spread] p1a,p1b
|-supereffective|p1b: Rillaboom
|-damage|p1a: Sneasler|54/100 brn
|-damage|p1b: Rillaboom|58/100
|cant|p2a: Baxcalibur|flinch
|
|-heal|p2b: Volcarona|37/100|[from] Grassy Terrain
|-heal|p2a: Baxcalibur|93/100|[from] Grassy Terrain
|-heal|p1b: Rillaboom|64/100|[from] Grassy Terrain
|-damage|p1a: Sneasler|48/100 brn|[from] brn
|upkeep
|turn|2
|inactive|R0gueVGC has 30 seconds left.
|
|t:|1756877251
|switch|p1b: Incineroar|Incineroar, L50, F, shiny|100/100
|-ability|p1b: Incineroar|Intimidate|boost
|-unboost|p2a: Baxcalibur|atk|1
|-unboost|p2b: Volcarona|atk|1
|move|p1a: Sneasler|Close Combat|p2a: Baxcalibur
|-supereffective|p2a: Baxcalibur
|-damage|p2a: Baxcalibur|27/100
|-unboost|p1a: Sneasler|def|1
|-unboost|p1a: Sneasler|spd|1
|move|p2b: Volcarona|Tailwind|p2b: Volcarona
|-sidestart|p2: R0gueVGC|move: Tailwind
|move|p2a: Baxcalibur|Icicle Spear|p1a: Sneasler
|-supereffective|p1a: Sneasler
|-damage|p1a: Sneasler|16/100 brn
|-supereffective|p1a: Sneasler
|-damage|p1a: Sneasler|0 fnt
|faint|p1a: Sneasler
|-hitcount|p1: Sneasler|2
|
|-heal|p2b: Volcarona|44/100|[from] Grassy Terrain
|-heal|p2a: Baxcalibur|33/100|[from] Grassy Terrain
|upkeep
|
|t:|1756877263
|switch|p1a: Gholdengo|Gholdengo, L50, shiny|100/100
|turn|3
|
|t:|1756877278
|move|p1a: Gholdengo|Protect|p1a: Gholdengo
|-singleturn|p1a: Gholdengo|Protect
|move|p2b: Volcarona|Heat Wave|p1b: Incineroar|[spread] p1b
|-activate|p1a: Gholdengo|move: Protect
|-resisted|p1b: Incineroar
|-damage|p1b: Incineroar|87/100
|move|p2a: Baxcalibur|Scale Shot|p1a: Gholdengo
|-activate|p1a: Gholdengo|move: Protect
|move|p1b: Incineroar|Knock Off|p2b: Volcarona
|-damage|p2b: Volcarona|0 fnt
|-enditem|p2b: Volcarona|Covert Cloak|[from] move: Knock Off|[of] p1b: Incineroar
|faint|p2b: Volcarona
|
|-heal|p2a: Baxcalibur|39/100|[from] Grassy Terrain
|-heal|p1b: Incineroar|93/100|[from] Grassy Terrain
|upkeep
|
|t:|1756877285
|switch|p2b: Rillaboom|Rillaboom, L50, M|100/100
|turn|4
|
|t:|1756877301
|switch|p1b: Rillaboom|Rillaboom, L50, M|64/100
|move|p2a: Baxcalibur|Swords Dance|p2a: Baxcalibur
|-boost|p2a: Baxcalibur|atk|2
|move|p2b: Rillaboom|High Horsepower|p1a: Gholdengo
|-supereffective|p1a: Gholdengo
|-damage|p1a: Gholdengo|23/100
|move|p1a: Gholdengo|Nasty Plot|p1a: Gholdengo
|-boost|p1a: Gholdengo|spa|2
|
|-heal|p2a: Baxcalibur|46/100|[from] Grassy Terrain
|-heal|p1a: Gholdengo|29/100|[from] Grassy Terrain
|-heal|p1b: Rillaboom|70/100|[from] Grassy Terrain
|upkeep
|turn|5
|
|t:|1756877319
|switch|p1b: Incineroar|Incineroar, L50, F, shiny|93/100
|-ability|p1b: Incineroar|Intimidate|boost
|-unboost|p2a: Baxcalibur|atk|1
|-unboost|p2b: Rillaboom|atk|1
|move|p1a: Gholdengo|Protect|p1a: Gholdengo
|-singleturn|p1a: Gholdengo|Protect
|move|p2a: Baxcalibur|Icicle Spear|p1a: Gholdengo
|-activate|p1a: Gholdengo|move: Protect
|move|p2b: Rillaboom|High Horsepower|p1a: Gholdengo
|-activate|p1a: Gholdengo|move: Protect
|
|-heal|p2a: Baxcalibur|52/100|[from] Grassy Terrain
|-heal|p1a: Gholdengo|35/100|[from] Grassy Terrain
|-heal|p1b: Incineroar|99/100|[from] Grassy Terrain
|-sideend|p2: R0gueVGC|move: Tailwind
|-fieldend|move: Grassy Terrain
|upkeep
|turn|6
|inactive|R0gueVGC has 30 seconds left.
|
|t:|1756877345
|move|p1b: Incineroar|Fake Out|p2b: Rillaboom
|-damage|p2b: Rillaboom|87/100
|move|p2a: Baxcalibur|Icicle Spear|p1a: Gholdengo
|-resisted|p1a: Gholdengo
|-damage|p1a: Gholdengo|28/100
|-resisted|p1a: Gholdengo
|-crit|p1a: Gholdengo
|-damage|p1a: Gholdengo|19/100
|-resisted|p1a: Gholdengo
|-damage|p1a: Gholdengo|11/100
|-resisted|p1a: Gholdengo
|-damage|p1a: Gholdengo|4/100
|-resisted|p1a: Gholdengo
|-damage|p1a: Gholdengo|0 fnt
|faint|p1a: Gholdengo
|-hitcount|p1: Gholdengo|5
|cant|p2b: Rillaboom|flinch
|
|upkeep
|c|☆UndeadParadox|man
|
|t:|1756877369
|switch|p1a: Rillaboom|Rillaboom, L50, M|70/100
|-fieldstart|move: Grassy Terrain|[from] ability: Grassy Surge|[of] p1a: Rillaboom
|turn|7
|
|t:|1756877384
|move|p2a: Baxcalibur|Protect|p2a: Baxcalibur
|-singleturn|p2a: Baxcalibur|Protect
|move|p1a: Rillaboom|Fake Out|p2a: Baxcalibur
|-activate|p2a: Baxcalibur|move: Protect
|move|p2b: Rillaboom|High Horsepower|p1b: Incineroar
|-supereffective|p1b: Incineroar
|-damage|p1b: Incineroar|53/100
|move|p1b: Incineroar|Knock Off|p2a: Baxcalibur
|-activate|p2a: Baxcalibur|move: Protect
|
|-heal|p2a: Baxcalibur|58/100|[from] Grassy Terrain
|-heal|p2b: Rillaboom|93/100|[from] Grassy Terrain
|-heal|p1a: Rillaboom|76/100|[from] Grassy Terrain
|-heal|p1b: Incineroar|59/100|[from] Grassy Terrain
|upkeep
|turn|8
|
|t:|1756877395
|move|p2a: Baxcalibur|Icicle Spear|p1a: Rillaboom
|-supereffective|p1a: Rillaboom
|-damage|p1a: Rillaboom|49/100
|-supereffective|p1a: Rillaboom
|-damage|p1a: Rillaboom|24/100
|-supereffective|p1a: Rillaboom
|-damage|p1a: Rillaboom|0 fnt
|faint|p1a: Rillaboom
|-hitcount|p1: Rillaboom|3
|move|p2b: Rillaboom|High Horsepower|p1b: Incineroar
|-supereffective|p1b: Incineroar
|-crit|p1b: Incineroar
|-damage|p1b: Incineroar|0 fnt
|faint|p1b: Incineroar
|
|win|R0gueVGC
||UndeadParadox is ready for game 2.
||R0gueVGC is ready for game 2.
|uhtml|next|Next: Game 2 of 3
