|j|☆don zaloog is real
|j|☆ApolloLou
|html|don zaloog is realApolloLou    
|uhtml|bestof|Game 3 of a best-of-3
|t:|1756733011
|gametype|doubles
|player|p1|don zaloog is real|collector|
|player|p2|ApolloLou|birch|
|gen|9
|tier|[Gen 9] VGC 2025 Reg H (Bo3)
|rule|Species Clause: Limit one of each Pokémon
|rule|Item Clause: Limit 1 of each item
|clearpoke
|poke|p1|Murkrow, L50, F|
|poke|p1|Basculegion, L50, M|
|poke|p1|Gholdengo, L50|
|poke|p1|Pawmot, L50, M|
|poke|p1|Kommo-o, L50, F|
|poke|p1|Amoonguss, L50, F|
|poke|p2|Sneasler, L50, M|
|poke|p2|Indeedee, L50, M|
|poke|p2|Annihilape, L50, F|
|poke|p2|Electabuzz, L50, F|
|poke|p2|Ursaluna, L50, F|
|poke|p2|Primarina, L50, M|
|teampreview|4
|showteam|p1|Murkrow||Eviolite|Prankster|BraveBird,Tailwind,Quash,Haze|||F|||50|,,,,,Ghost]Basculegion||ChoiceScarf|Adaptability|LastRespects,WaveCrash,FlipTurn,AquaJet|||M|||50|,,,,,Grass]Gholdengo||ChoiceSpecs|GoodasGold|MakeItRain,ShadowBall,PowerGem,SteelBeam||||||50|,,,,,Steel]Pawmot||FocusSash|VoltAbsorb|CloseCombat,DoubleShock,Protect,RevivalBlessing|||M|||50|,,,,,Electric]Kommo-o||LifeOrb|Overcoat|ClangingScales,AuraSphere,Flamethrower,Protect|||F|||50|,,,,,Fire]Amoonguss||CovertCloak|Regenerator|LeafStorm,SludgeBomb,Spore,RagePowder|||F|||50|,,,,,Water
|showteam|p2|Sneasler||PsychicSeed|Unburden|DireClaw,Protect,ThroatChop,CloseCombat|||M|||50|,,,,,Dark]Indeedee||FocusSash|PsychicSurge|ExpandingForce,TrickRoom,TeraBlast,Protect|||M|||50|,,,,,Ground]Annihilape||SitrusBerry|Defiant|RageFist,DrainPunch,BulkUp,Protect|||F|||50|,,,,,Steel]Electabuzz||Eviolite|VitalSpirit|FollowMe,Electroweb,Protect,Taunt|||F|||50|,,,,,Fairy]Ursaluna||FlameOrb|Guts|Facade,HeadlongRush,Earthquake,Protect|||F|||50|,,,,,Normal]Primarina||RoomService|LiquidVoice|Protect,HyperVoice,Moonblast,Haze|||M|||50|,,,,,Normal
|
|t:|1756733089
|teamsize|p1|4
|teamsize|p2|4
|start
|switch|p1a: Gholdengo|Gholdengo, L50|100/100
|switch|p1b: Amoonguss|Amoonguss, L50, F|100/100
|switch|p2a: Primarina|Primarina, L50, M|100/100
|switch|p2b: Electabuzz|Electabuzz, L50, F|100/100
|turn|1
|
|t:|1756733109
|-terastallize|p1a: Gholdengo|Steel
|move|p2b: Electabuzz|Follow Me|p2b: Electabuzz
|-singleturn|p2b: Electabuzz|move: Follow Me
|move|p1a: Gholdengo|Make It Rain|p2a: Primarina|[spread] p2a,p2b
|-resisted|p2b: Electabuzz
|-damage|p2a: Primarina|10/100
|-damage|p2b: Electabuzz|57/100
|-unboost|p1a: Gholdengo|spa|1
|move|p2a: Primarina|Hyper Voice|p1a: Gholdengo|[spread] p1a,p1b
|-resisted|p1b: Amoonguss
|-damage|p1a: Gholdengo|58/100
|-damage|p1b: Amoonguss|85/100
|move|p1b: Amoonguss|Spore|p2b: Electabuzz
|-immune|p2b: Electabuzz|[from] ability: Vital Spirit
|
|upkeep
|turn|2
|
|t:|1756733134
|switch|p1a: Pawmot|Pawmot, L50, M|100/100
|move|p2a: Primarina|Protect|p2a: Primarina
|-singleturn|p2a: Primarina|Protect
|move|p2b: Electabuzz|Electroweb|p1a: Pawmot|[spread] p1b
|-immune|p1a: Pawmot|[from] ability: Volt Absorb
|-resisted|p1b: Amoonguss
|-damage|p1b: Amoonguss|80/100
|move|p1b: Amoonguss|Sludge Bomb|p2a: Primarina
|-activate|p2a: Primarina|move: Protect
|
|upkeep
|turn|3
|
|t:|1756733157
|move|p1a: Pawmot|Protect|p1a: Pawmot
|-singleturn|p1a: Pawmot|Protect
|move|p2b: Electabuzz|Taunt|p1b: Amoonguss
|-start|p1b: Amoonguss|move: Taunt
|move|p2a: Primarina|Moonblast|p1a: Pawmot
|-activate|p1a: Pawmot|move: Protect
|move|p1b: Amoonguss|Sludge Bomb|p2a: Primarina
|-supereffective|p2a: Primarina
|-damage|p2a: Primarina|0 fnt
|faint|p2a: Primarina
|
|upkeep
|
|t:|1756733168
|switch|p2a: Indeedee|Indeedee, L50, M|100/100
|-fieldstart|move: Psychic Terrain|[from] ability: Psychic Surge|[of] p2a: Indeedee
|turn|4
|
|t:|1756733190
|switch|p1b: Gholdengo|Gholdengo, L50, tera:Steel|58/100
|move|p2b: Electabuzz|Follow Me|p2b: Electabuzz
|-singleturn|p2b: Electabuzz|move: Follow Me
|move|p1a: Pawmot|Close Combat|p2b: Electabuzz
|-damage|p2b: Electabuzz|5/100
|-unboost|p1a: Pawmot|def|1
|-unboost|p1a: Pawmot|spd|1
|move|p2a: Indeedee|Expanding Force|p1a: Pawmot|[spread] p1a,p1b
|-supereffective|p1a: Pawmot
|-resisted|p1b: Gholdengo
|-enditem|p1a: Pawmot|Focus Sash
|-damage|p1a: Pawmot|1/100
|-damage|p1b: Gholdengo|29/100
|
|upkeep
|turn|5
|
|t:|1756733220
|move|p2b: Electabuzz|Protect|p2b: Electabuzz
|-singleturn|p2b: Electabuzz|Protect
|move|p1a: Pawmot|Close Combat|p2a: Indeedee
|-enditem|p2a: Indeedee|Focus Sash
|-damage|p2a: Indeedee|1/100
|-unboost|p1a: Pawmot|def|1
|-unboost|p1a: Pawmot|spd|1
|move|p2a: Indeedee|Expanding Force|p1b: Gholdengo|[spread] p1a,p1b
|-supereffective|p1a: Pawmot
|-resisted|p1b: Gholdengo
|-damage|p1a: Pawmot|0 fnt
|-damage|p1b: Gholdengo|0 fnt
|faint|p1a: Pawmot
|faint|p1b: Gholdengo
|
|upkeep
|
|t:|1756733227
|switch|p1a: Basculegion|Basculegion, L50, M|100/100
|switch|p1b: Amoonguss|Amoonguss, L50, F|100/100
|turn|6
|
|t:|1756733251
|move|p2b: Electabuzz|Follow Me|p2b: Electabuzz
|-singleturn|p2b: Electabuzz|move: Follow Me
|move|p1a: Basculegion|Wave Crash|p2b: Electabuzz
|-damage|p2b: Electabuzz|0 fnt
|faint|p2b: Electabuzz
|-damage|p1a: Basculegion|99/100|[from] Recoil
|move|p2a: Indeedee|Expanding Force|p1a: Basculegion|[spread] p1a,p1b
|-supereffective|p1b: Amoonguss
|-damage|p1a: Basculegion|39/100
|-damage|p1b: Amoonguss|15/100
|move|p1b: Amoonguss|Sludge Bomb|p2a: Indeedee
|-damage|p2a: Indeedee|0 fnt
|faint|p2a: Indeedee
|
|upkeep
|
|t:|1756733263
|switch|p2b: Sneasler|Sneasler, L50, M|100/100
|-enditem|p2b: Sneasler|Psychic Seed
|-boost|p2b: Sneasler|spd|1|[from] item: Psychic Seed
|turn|7
|
|t:|1756733275
|move|p1b: Amoonguss|Rage Powder|p1b: Amoonguss
|-singleturn|p1b: Amoonguss|move: Rage Powder
|move|p2b: Sneasler|Throat Chop|p1b: Amoonguss
|-damage|p1b: Amoonguss|0 fnt
|faint|p1b: Amoonguss
|move|p1a: Basculegion|Wave Crash|p2b: Sneasler
|-damage|p2b: Sneasler|0 fnt
|faint|p2b: Sneasler
|-damage|p1a: Basculegion|13/100|[from] Recoil
|
|win|don zaloog is real
|l|☆ApolloLou
|player|p2|
