|j|☆StarfleetEnsignAnt
|j|☆Jakobtc
|html|StarfleetEnsignAntJakobtc    
|uhtml|bestof|Game 2 of a best-of-3
|t:|1757700788
|gametype|doubles
|player|p1|StarfleetEnsignAnt|swimmerf|1067
|player|p2|Jakobtc|riley|1147
|gen|9
|tier|[Gen 9] VGC 2025 Reg H (Bo3)
|rated|
|rule|Species Clause: Limit one of each Pokémon
|rule|Item Clause: Limit 1 of each item
|clearpoke
|poke|p1|Torkoal, L50, F|
|poke|p1|Lilligant-Hisui, L50, F|
|poke|p1|Ursaluna, L50, M|
|poke|p1|Bronzong, L50|
|poke|p1|Incineroar, L50, M|
|poke|p1|Indeedee-F, L50, F|
|poke|p2|Drifblim, L50, F|
|poke|p2|Indeedee, L50, M|
|poke|p2|Arcanine-Hisui, L50, F|
|poke|p2|Garchomp, L50, M|
|poke|p2|Amoonguss, L50, M|
|poke|p2|Primarina, L50, F|
|teampreview|4
|showteam|p1|Torkoal||Charcoal|Drought|Eruption,HeatWave,EarthPower,Protect|||F|||50|,,,,,Fire]Lilligant-Hisui||FocusSash|Chlorophyll|CloseCombat,LeafBlade,SunnyDay,AfterYou|||F|||50|,,,,,Ghost]Ursaluna||FlameOrb|Guts|Facade,HeadlongRush,ShadowClaw,Protect|||M|||50|,,,,,Ghost]Bronzong||CovertCloak|Levitate|BodyPress,TrickRoom,Safeguard,Protect||||||50|,,,,,Dark]Incineroar||SafetyGoggles|Intimidate|FakeOut,FlareBlitz,KnockOff,PartingShot|||M|||50|,,,,,Ghost]Indeedee-F||MentalHerb|PsychicSurge|Psychic,FollowMe,TrickRoom,HelpingHand|||F|||50|,,,,,Dark
|showteam|p2|Drifblim||PsychicSeed|Unburden|Tailwind,StrengthSap,WillOWisp,Acrobatics|||F|||50|,,,,,Grass]Indeedee||FocusSash|PsychicSurge|ExpandingForce,TeraBlast,SkillSwap,Protect|||M|||50|,,,,,Fighting]Arcanine-Hisui||ChoiceBand|Intimidate|RockSlide,FlareBlitz,ExtremeSpeed,CloseCombat|||F|||50|,,,,,Grass]Garchomp||LifeOrb|RoughSkin|StompingTantrum,DragonClaw,Earthquake,Protect|||M|||50|,,,,,Ground]Amoonguss||SitrusBerry|Regenerator|Spore,LeafStorm,RagePowder,Protect|||M|||50|,,,,,Water]Primarina||MysticWater|LiquidVoice|HyperVoice,Moonblast,Haze,Protect|||F|||50|,,,,,Steel
|inactive|Battle timer is ON: inactive players will automatically lose when time's up. (requested by Jakobtc)
|inactive|StarfleetEnsignAnt has 60 seconds left.
|
|t:|1757700840
|teamsize|p1|4
|teamsize|p2|4
|start
|switch|p1a: Rellie|Lilligant-Hisui, L50, F|100/100
|switch|p1b: Torkoal|Torkoal, L50, F|100/100
|switch|p2a: Amoonguss|Amoonguss, L50, M|100/100
|switch|p2b: Primarina|Primarina, L50, F|100/100
|-weather|SunnyDay|[from] ability: Drought|[of] p1b: Torkoal
|turn|1
|inactive|StarfleetEnsignAnt has 30 seconds left.
|inactive|Jakobtc has 30 seconds left.
|
|t:|1757700867
|-terastallize|p2a: Amoonguss|Water
|-terastallize|p1b: Torkoal|Fire
|move|p2b: Primarina|Protect|p2b: Primarina
|-singleturn|p2b: Primarina|Protect
|move|p1a: Rellie|Leaf Blade|p2b: Primarina
|-activate|p2b: Primarina|move: Protect
|move|p2a: Amoonguss|Spore|p1b: Torkoal
|-status|p1b: Torkoal|slp|[from] move: Spore
|cant|p1b: Torkoal|slp
|
|-weather|SunnyDay|[upkeep]
|upkeep
|turn|2
|
|t:|1757700885
|switch|p2a: Arcanine|Arcanine-Hisui, L50, F|100/100
|-ability|p2a: Arcanine|Intimidate|boost
|-unboost|p1a: Rellie|atk|1
|-unboost|p1b: Torkoal|atk|1
|switch|p1b: Indeedee|Indeedee-F, L50, F, shiny|100/100
|-fieldstart|move: Psychic Terrain|[from] ability: Psychic Surge|[of] p1b: Indeedee
|move|p1a: Rellie|Leaf Blade|p2a: Arcanine
|-damage|p2a: Arcanine|66/100
|move|p2b: Primarina|Hyper Voice|p1b: Indeedee|[spread] p1a,p1b
|-resisted|p1a: Rellie
|-damage|p1a: Rellie|87/100
|-damage|p1b: Indeedee|85/100
|
|-weather|SunnyDay|[upkeep]
|upkeep
|turn|3
|
|t:|1757700909
|switch|p2a: Amoonguss|Amoonguss, L50, M, tera:Water|100/100
|move|p1b: Indeedee|Helping Hand|p1a: Rellie
|-singleturn|p1a: Rellie|Helping Hand|[of] p1b: Indeedee
|move|p1a: Rellie|Close Combat|p2a: Amoonguss
|-damage|p2a: Amoonguss|60/100
|-unboost|p1a: Rellie|def|1
|-unboost|p1a: Rellie|spd|1
|move|p2b: Primarina|Moonblast|p1a: Rellie
|-supereffective|p1a: Rellie
|-damage|p1a: Rellie|0 fnt
|faint|p1a: Rellie
|
|-weather|SunnyDay|[upkeep]
|upkeep
|
|t:|1757700922
|switch|p1a: Torkoal|Torkoal, L50, F, tera:Fire|100/100 slp
|turn|4
|
|t:|1757700932
|cant|p1a: Torkoal|slp
|move|p2b: Primarina|Hyper Voice|p1b: Indeedee|[spread] p1a,p1b
|-supereffective|p1a: Torkoal
|-damage|p1a: Torkoal|54/100 slp
|-damage|p1b: Indeedee|72/100
|move|p2a: Amoonguss|Spore|p1b: Indeedee
|-status|p1b: Indeedee|slp|[from] move: Spore
|cant|p1b: Indeedee|slp
|
|-weather|SunnyDay|[upkeep]
|upkeep
|turn|5
|inactive|StarfleetEnsignAnt has 30 seconds left.
|
|t:|1757700957
|move|p2b: Primarina|Hyper Voice|p1b: Indeedee|[spread] p1a,p1b
|-supereffective|p1a: Torkoal
|-damage|p1a: Torkoal|9/100 slp
|-damage|p1b: Indeedee|58/100 slp
|move|p2a: Amoonguss|Leaf Storm|p1b: Indeedee
|-damage|p1b: Indeedee|26/100 slp
|-unboost|p2a: Amoonguss|spa|2
|-curestatus|p1a: Torkoal|slp|[msg]
|move|p1a: Torkoal|Earth Power|p2b: Primarina
|-damage|p2b: Primarina|76/100
|cant|p1b: Indeedee|slp
|
|-weather|none
|upkeep
|turn|6
|
|t:|1757700978
|move|p1a: Torkoal|Protect|p1a: Torkoal
|-singleturn|p1a: Torkoal|Protect
|move|p2b: Primarina|Hyper Voice|p1b: Indeedee|[spread] p1b
|-activate|p1a: Torkoal|move: Protect
|-damage|p1b: Indeedee|0 fnt
|faint|p1b: Indeedee
|move|p2a: Amoonguss|Leaf Storm|p1a: Torkoal
|-activate|p1a: Torkoal|move: Protect
|
|-fieldend|move: Psychic Terrain
|upkeep
|
|t:|1757700988
|switch|p1b: Ursaluna|Ursaluna, L50, M|100/100
|turn|7
|
|t:|1757700993
|move|p1b: Ursaluna|Protect|p1b: Ursaluna
|-singleturn|p1b: Ursaluna|Protect
|move|p1a: Torkoal|Protect||[still]
|-fail|p1a: Torkoal
|move|p2b: Primarina|Hyper Voice|p1a: Torkoal|[spread] p1a
|-activate|p1b: Ursaluna|move: Protect
|-supereffective|p1a: Torkoal
|-damage|p1a: Torkoal|0 fnt
|faint|p1a: Torkoal
|move|p2a: Amoonguss|Spore|p1b: Ursaluna
|-activate|p1b: Ursaluna|move: Protect
|
|-status|p1b: Ursaluna|brn|[from] item: Flame Orb
|upkeep
|turn|8
|
|t:|1757701010
|move|p2a: Amoonguss|Rage Powder|p2a: Amoonguss
|-singleturn|p2a: Amoonguss|move: Rage Powder
|move|p2b: Primarina|Hyper Voice|p1b: Ursaluna
|-supereffective|p1b: Ursaluna
|-damage|p1b: Ursaluna|14/100 brn
|move|p1b: Ursaluna|Facade|p2a: Amoonguss
|-damage|p2a: Amoonguss|0 fnt
|faint|p2a: Amoonguss
|
|-damage|p1b: Ursaluna|8/100 brn|[from] brn
|upkeep
|
|t:|1757701019
|switch|p2a: Arcanine|Arcanine-Hisui, L50, F|66/100
|-ability|p2a: Arcanine|Intimidate|boost
|-unboost|p1b: Ursaluna|atk|1
|turn|9
|
|t:|1757701023
|move|p2a: Arcanine|Extreme Speed|p1b: Ursaluna
|-damage|p1b: Ursaluna|0 fnt
|faint|p1b: Ursaluna
|
|win|Jakobtc
|raw|StarfleetEnsignAnt's rating: 1067 → 1051(-16 for losing)
|raw|Jakobtc's rating: 1147 → 1166(+19 for winning)
|c|☆Jakobtc|gg
