|j|☆myki meeks
|j|☆lettitripppp
|html|myki meekslettitripppp    
|uhtml|bestof|Game 1 of a best-of-3
|t:|1784767868
|gametype|doubles
|player|p1|myki meeks|liza|1294
|player|p2|lettitripppp|lucas|1282
|gen|9
|tier|[Gen 9 Champions] VGC 2026 Reg M-B (Bo3)
|rated|
|rule|Species Clause: Limit one of each Pokémon
|rule|Item Clause: Limit 1 of each item
|clearpoke
|poke|p1|Staraptor, L50, M|
|poke|p1|Delphox, L50, M|
|poke|p1|Sinistcha, L50|
|poke|p1|Kingambit, L50, M|
|poke|p1|Garchomp, L50, M|
|poke|p1|Sneasler, L50, F|
|poke|p2|Charizard, L50, M, shiny|
|poke|p2|Basculegion, L50, M, shiny|
|poke|p2|Pelipper, L50, M|
|poke|p2|Venusaur, L50, M|
|poke|p2|Archaludon, L50, M|
|poke|p2|Grimmsnarl, L50, M, shiny|
|teampreview|4
|showteam|p1|Staraptor||Staraptite|Intimidate|CloseCombat,BraveBird,Roost,Whirlwind|Careful||M|||50|]Delphox||Delphoxite|Blaze|HeatWave,Psychic,NastyPlot,Protect|Timid||M|||50|]Sinistcha||SitrusBerry|Hospitality|MatchaGotcha,Protect,LifeDew,RagePowder|Bold|||||50|]Kingambit||BlackGlasses|Defiant|KowtowCleave,SuckerPunch,SwordsDance,Protect|Adamant||M|||50|]Garchomp||Leftovers|RoughSkin|Earthquake,DragonClaw,RockSlide,Protect|Jolly||M|||50|]Sneasler||FocusSash|PoisonTouch|FakeOut,PoisonJab,CloseCombat,Protect|Jolly||F|||50|
|showteam|p2|Charizard||CharizarditeY|Blaze|WeatherBall,SolarBeam,HeatWave,Protect|Modest||M|||50|]Basculegion||ChoiceScarf|Adaptability|LastRespects,WaveCrash,FlipTurn,AquaJet|Jolly||M|||50|]Pelipper||SitrusBerry|Drizzle|WeatherBall,WideGuard,Hurricane,Tailwind|Modest||M|||50|]Venusaur||FocusSash|Chlorophyll|SleepPowder,SludgeBomb,EarthPower,Protect|Modest||M|||50|]Archaludon||Leftovers|Stamina|FlashCannon,DragonPulse,ElectroShot,Protect|Calm||M|||50|]Grimmsnarl||LightClay|Prankster|PartingShot,LightScreen,SpiritBreak,Reflect|Relaxed||M|||50|
|inactive|Battle timer is ON: inactive players will automatically lose when time's up. (requested by lettitripppp)
|inactive|myki meeks has 60 seconds left.
|
|t:|1784767900
|teamsize|p1|4
|teamsize|p2|4
|start
|switch|p1a: Staraptor|Staraptor, L50, M|100/100
|switch|p1b: Sneasler|Sneasler, L50, F|100/100
|switch|p2a: AGNI|Charizard, L50, M, shiny|100/100
|switch|p2b: SOFT-SLEEP|Venusaur, L50, M|100/100
|-ability|p1a: Staraptor|Intimidate|boost
|-unboost|p2a: AGNI|atk|1
|-unboost|p2b: SOFT-SLEEP|atk|1
|turn|1
|
|t:|1784767917
|detailschange|p2a: AGNI|Charizard-Mega-Y, L50, M, shiny
|-mega|p2a: AGNI|Charizard|Charizardite Y
|-weather|SunnyDay|[from] ability: Drought|[of] p2a: AGNI
|detailschange|p1a: Staraptor|Staraptor-Mega, L50, M
|-mega|p1a: Staraptor|Staraptor|Staraptite
|move|p2b: SOFT-SLEEP|Protect|p2b: SOFT-SLEEP
|-singleturn|p2b: SOFT-SLEEP|Protect
|move|p2a: AGNI|Protect|p2a: AGNI
|-singleturn|p2a: AGNI|Protect
|move|p1b: Sneasler|Fake Out|p2b: SOFT-SLEEP
|-activate|p2b: SOFT-SLEEP|move: Protect
|move|p1a: Staraptor|Close Combat|p2a: AGNI
|-activate|p2a: AGNI|move: Protect
|
|-weather|SunnyDay|[upkeep]
|upkeep
|turn|2
|
|t:|1784767935
|switch|p1b: Garchomp|Garchomp, L50, M|100/100
|move|p2b: SOFT-SLEEP|Sleep Powder|p1b: Garchomp|[miss]
|-miss|p2b: SOFT-SLEEP|p1b: Garchomp
|move|p1a: Staraptor|Close Combat|p2a: AGNI
|-resisted|p2a: AGNI|1
|-damage|p2a: AGNI|70/100
|-boost|p1a: Staraptor|def|1
|-boost|p1a: Staraptor|spd|1
|move|p2a: AGNI|Heat Wave|p1a: Staraptor|[spread] p1a,p1b
|-resisted|p1b: Garchomp|1
|-damage|p1a: Staraptor|70/100
|-damage|p1b: Garchomp|65/100
|
|-weather|SunnyDay|[upkeep]
|-heal|p1b: Garchomp|71/100|[from] item: Leftovers
|upkeep
|turn|3
|
|t:|1784767955
|move|p2b: SOFT-SLEEP|Sleep Powder|p1b: Garchomp
|-status|p1b: Garchomp|slp|[from] move: Sleep Powder
|cant|p1b: Garchomp|slp
|move|p1a: Staraptor|Close Combat|p2a: AGNI
|-resisted|p2a: AGNI|1
|-damage|p2a: AGNI|40/100
|-boost|p1a: Staraptor|def|1
|-boost|p1a: Staraptor|spd|1
|move|p2a: AGNI|Weather Ball|p1a: Staraptor
|-damage|p1a: Staraptor|35/100
|
|-weather|SunnyDay|[upkeep]
|-heal|p1b: Garchomp|77/100 slp|[from] item: Leftovers
|upkeep
|turn|4
|
|t:|1784767972
|move|p2b: SOFT-SLEEP|Earth Power|p1b: Garchomp
|-damage|p1b: Garchomp|46/100 slp
|cant|p1b: Garchomp|slp
|move|p1a: Staraptor|Roost|p1a: Staraptor
|-heal|p1a: Staraptor|85/100
|-singleturn|p1a: Staraptor|move: Roost
|move|p2a: AGNI|Solar Beam||[still]
|-prepare|p2a: AGNI|Solar Beam
|-anim|p2a: AGNI|Solar Beam|p1b: Garchomp
|-damage|p1b: Garchomp|0 fnt
|faint|p1b: Garchomp
|
|-weather|SunnyDay|[upkeep]
|upkeep
|
|t:|1784767983
|switch|p1b: Sneasler|Sneasler, L50, F|100/100
|turn|5
|
|t:|1784767992
|switch|p2a: GO JOHAN|Grimmsnarl, L50, M, shiny|100/100
|move|p2b: SOFT-SLEEP|Protect|p2b: SOFT-SLEEP
|-singleturn|p2b: SOFT-SLEEP|Protect
|move|p1b: Sneasler|Fake Out|p2b: SOFT-SLEEP
|-activate|p2b: SOFT-SLEEP|move: Protect
|move|p1a: Staraptor|Brave Bird|p2a: GO JOHAN
|-damage|p2a: GO JOHAN|45/100
|-damage|p1a: Staraptor|65/100|[from] Recoil
|
|-weather|none
|upkeep
|turn|6
|
|t:|1784768005
|switch|p2a: AGNI|Charizard-Mega-Y, L50, M, shiny|40/100
|-weather|SunnyDay|[from] ability: Drought|[of] p2a: AGNI
|move|p1b: Sneasler|Protect|p1b: Sneasler
|-singleturn|p1b: Sneasler|Protect
|move|p2b: SOFT-SLEEP|Sleep Powder|p1b: Sneasler
|-activate|p1b: Sneasler|move: Protect
|move|p1a: Staraptor|Close Combat|p2a: AGNI
|-resisted|p2a: AGNI|1
|-damage|p2a: AGNI|7/100
|-boost|p1a: Staraptor|def|1
|-boost|p1a: Staraptor|spd|1
|
|-weather|SunnyDay|[upkeep]
|upkeep
|turn|7
|
|t:|1784768026
|move|p2a: AGNI|Protect|p2a: AGNI
|-singleturn|p2a: AGNI|Protect
|move|p2b: SOFT-SLEEP|Sleep Powder|p1b: Sneasler
|-status|p1b: Sneasler|slp|[from] move: Sleep Powder
|cant|p1b: Sneasler|slp
|move|p1a: Staraptor|Brave Bird|p2a: AGNI
|-activate|p2a: AGNI|move: Protect
|
|-weather|SunnyDay|[upkeep]
|upkeep
|turn|8
|
|t:|1784768035
|move|p2b: SOFT-SLEEP|Sleep Powder|p1a: Staraptor
|-status|p1a: Staraptor|slp|[from] move: Sleep Powder
|cant|p1b: Sneasler|slp
|cant|p1a: Staraptor|slp
|move|p2a: AGNI|Heat Wave|p1b: Sneasler|[spread] p1a,p1b
|-damage|p1a: Staraptor|46/100 slp
|-damage|p1b: Sneasler|12/100 slp
|
|-weather|SunnyDay|[upkeep]
|upkeep
|turn|9
|
|t:|1784768053
|-curestatus|p1b: Sneasler|slp|[msg]
|move|p1b: Sneasler|Protect|p1b: Sneasler
|-singleturn|p1b: Sneasler|Protect
|move|p2b: SOFT-SLEEP|Earth Power|p1b: Sneasler
|-activate|p1b: Sneasler|move: Protect
|-curestatus|p1a: Staraptor|slp|[msg]
|move|p1a: Staraptor|Brave Bird|p2a: AGNI
|-damage|p2a: AGNI|0 fnt
|faint|p2a: AGNI
|-damage|p1a: Staraptor|44/100|[from] Recoil
|
|-weather|SunnyDay|[upkeep]
|upkeep
|
|t:|1784768064
|switch|p2a: GHOSTWAVE|Basculegion, L50, M, shiny|100/100
|turn|10
|
|t:|1784768072
|switch|p1b: Kingambit|Kingambit, L50, M|100/100
|move|p2b: SOFT-SLEEP|Sleep Powder|p1a: Staraptor|[miss]
|-miss|p2b: SOFT-SLEEP|p1a: Staraptor
|move|p2a: GHOSTWAVE|Flip Turn|p1b: Kingambit
|-damage|p1b: Kingambit|85/100
|
|t:|1784768080
|switch|p2a: GO JOHAN|Grimmsnarl, L50, M, shiny|45/100|[from] Flip Turn
|move|p1a: Staraptor|Roost|p1a: Staraptor
|-heal|p1a: Staraptor|94/100
|-singleturn|p1a: Staraptor|move: Roost
|
|-weather|none
|upkeep
|turn|11
|
|t:|1784768089
|move|p2a: GO JOHAN|Reflect|p2a: GO JOHAN
|-sidestart|p2: lettitripppp|Reflect
|move|p1a: Staraptor|Brave Bird|p2b: SOFT-SLEEP
|-supereffective|p2b: SOFT-SLEEP|1
|-enditem|p2b: SOFT-SLEEP|Focus Sash
|-damage|p2b: SOFT-SLEEP|1/100
|-damage|p1a: Staraptor|66/100|[from] Recoil
|move|p2b: SOFT-SLEEP|Sleep Powder|p1a: Staraptor
|-status|p1a: Staraptor|slp|[from] move: Sleep Powder
|move|p1b: Kingambit|Kowtow Cleave|p2b: SOFT-SLEEP
|-damage|p2b: SOFT-SLEEP|0 fnt
|faint|p2b: SOFT-SLEEP
|
|upkeep
|
|t:|1784768100
|switch|p2b: GHOSTWAVE|Basculegion, L50, M, shiny|100/100
|turn|12
|
|t:|1784768109
|move|p2b: GHOSTWAVE|Last Respects|p1a: Staraptor
|-damage|p1a: Staraptor|26/100 slp
|cant|p1a: Staraptor|slp
|move|p2a: GO JOHAN|Spirit Break|p1a: Staraptor
|-supereffective|p1a: Staraptor|1
|-damage|p1a: Staraptor|0 fnt
|faint|p1a: Staraptor
|move|p1b: Kingambit|Kowtow Cleave|p2b: GHOSTWAVE
|-supereffective|p2b: GHOSTWAVE|1
|-damage|p2b: GHOSTWAVE|0 fnt
|faint|p2b: GHOSTWAVE
|
|upkeep
|
|t:|1784768116
|switch|p1a: Sneasler|Sneasler, L50, F|12/100
|turn|13
|
|t:|1784768120
|move|p1a: Sneasler|Poison Jab|p2a: GO JOHAN
|-supereffective|p2a: GO JOHAN|1
|-damage|p2a: GO JOHAN|0 fnt
|faint|p2a: GO JOHAN
|
|win|myki meeks
