|j|☆g1g1o
|j|☆lolgz
|html|g1g1ololgz    
|uhtml|bestof|Game 3 of a best-of-3
|t:|1784100064
|gametype|doubles
|player|p1|g1g1o|giovanni|1113
|player|p2|lolgz|dawn|1119
|gen|9
|tier|[Gen 9 Champions] VGC 2026 Reg M-B (Bo3)
|rated|
|rule|Species Clause: Limit one of each Pokémon
|rule|Item Clause: Limit 1 of each item
|clearpoke
|poke|p1|Hydreigon, L50, M|
|poke|p1|Metagross, L50|
|poke|p1|Farigiraf, L50, M|
|poke|p1|Mamoswine, L50, F|
|poke|p1|Tauros-Paldea-Blaze, L50, M|
|poke|p1|Milotic, L50, M|
|poke|p2|Delphox, L50, F|
|poke|p2|Incineroar, L50, M|
|poke|p2|Vivillon, L50, F|
|poke|p2|Sinistcha, L50|
|poke|p2|Blastoise, L50, M|
|poke|p2|Maushold, L50|
|teampreview|4
|showteam|p1|Hydreigon||ChoiceScarf|Levitate|Snarl,EarthPower,DracoMeteor,Tailwind|Modest||M|||50|]Metagross||Metagrossite|ClearBody|IronHead,PsychicFangs,BulletPunch,Protect|Adamant|||||50|]Farigiraf||SitrusBerry|ArmorTail|TrickRoom,Psychic,Thunderbolt,Protect|Bold||M|||50|]Mamoswine||FocusSash|Oblivious|IceShard,HighHorsepower,Earthquake,Protect|Jolly||F|||50|]Tauros-Paldea-Blaze||LifeOrb|Intimidate|RagingBull,CloseCombat,RockSlide,Protect|Jolly||M|||50|]Milotic||Leftovers|Competitive|IcyWind,Scald,MirrorCoat,Protect|Bold||M|||50|
|showteam|p2|Delphox||Delphoxite|Blaze|HeatWave,Psychic,NastyPlot,Protect|Timid||F|||50|]Incineroar||SitrusBerry|Intimidate|FakeOut,PartingShot,FlareBlitz,ThroatChop|Impish||M|||50|]Vivillon||ChoiceScarf|CompoundEyes|SleepPowder,Hurricane,RagePowder,Tailwind|Timid||F|||50|]Sinistcha||CobaBerry|Hospitality|MatchaGotcha,RagePowder,Protect,TrickRoom|Bold|||||50|]Blastoise||Blastoisinite|RainDish|Protect,WaterSpout,DarkPulse,ShellSmash|Modest||M|||50|]Maushold||FocusSash|FriendGuard|FollowMe,Protect,SuperFang,HelpingHand|Jolly|||||50|
|inactive|Battle timer is ON: inactive players will automatically lose when time's up. (requested by lolgz)
|inactive|g1g1o also wants the timer to be on.
|
|t:|1784100081
|teamsize|p1|4
|teamsize|p2|4
|start
|switch|p1a: Mamoswine|Mamoswine, L50, F|100/100
|switch|p1b: Hydreigon|Hydreigon, L50, M|100/100
|switch|p2a: Vivillon|Vivillon, L50, F|100/100
|switch|p2b: Blastoise|Blastoise, L50, M|100/100
|turn|1
|
|t:|1784100086
|detailschange|p2b: Blastoise|Blastoise-Mega, L50, M
|-mega|p2b: Blastoise|Blastoise|Blastoisinite
|move|p1a: Mamoswine|Ice Shard|p2a: Vivillon
|-supereffective|p2a: Vivillon|1
|-damage|p2a: Vivillon|17/100
|move|p2a: Vivillon|Sleep Powder|p1b: Hydreigon
|-status|p1b: Hydreigon|slp|[from] move: Sleep Powder
|cant|p1b: Hydreigon|slp
|move|p2b: Blastoise|Shell Smash|p2b: Blastoise
|-unboost|p2b: Blastoise|def|1
|-unboost|p2b: Blastoise|spd|1
|-boost|p2b: Blastoise|atk|2
|-boost|p2b: Blastoise|spa|2
|-boost|p2b: Blastoise|spe|2
|
|upkeep
|turn|2
|
|t:|1784100105
|move|p2b: Blastoise|Water Spout|p1b: Hydreigon|[spread] p1a,p1b
|-supereffective|p1a: Mamoswine|1
|-resisted|p1b: Hydreigon|1
|-enditem|p1a: Mamoswine|Focus Sash
|-damage|p1a: Mamoswine|1/100
|-damage|p1b: Hydreigon|22/100 slp
|move|p2a: Vivillon|Sleep Powder|p1a: Mamoswine
|-status|p1a: Mamoswine|slp|[from] move: Sleep Powder
|cant|p1b: Hydreigon|slp
|cant|p1a: Mamoswine|slp
|
|upkeep
|turn|3
|
|t:|1784100121
|switch|p2a: Incineroar|Incineroar, L50, M|100/100
|-ability|p2a: Incineroar|Intimidate|boost
|-fail|p1a: Mamoswine|unboost|Attack|[from] ability: Oblivious|[of] p1a: Mamoswine
|-unboost|p1b: Hydreigon|atk|1
|move|p2b: Blastoise|Protect|p2b: Blastoise
|-singleturn|p2b: Blastoise|Protect
|-curestatus|p1a: Mamoswine|slp|[msg]
|move|p1a: Mamoswine|Protect|p1a: Mamoswine
|-singleturn|p1a: Mamoswine|Protect
|-curestatus|p1b: Hydreigon|slp|[msg]
|move|p1b: Hydreigon|Snarl|p2b: Blastoise|[spread] p2a
|-activate|p2b: Blastoise|move: Protect
|-resisted|p2a: Incineroar|1
|-damage|p2a: Incineroar|88/100
|-unboost|p2a: Incineroar|spa|1
|
|upkeep
|turn|4
|
|t:|1784100138
|move|p2a: Incineroar|Fake Out|p1b: Hydreigon
|-damage|p1b: Hydreigon|12/100
|move|p1a: Mamoswine|Ice Shard|p2b: Blastoise
|-resisted|p2b: Blastoise|1
|-damage|p2b: Blastoise|84/100
|move|p2b: Blastoise|Water Spout|p1a: Mamoswine|[spread] p1a,p1b
|-supereffective|p1a: Mamoswine|1
|-resisted|p1b: Hydreigon|1
|-damage|p1a: Mamoswine|0 fnt
|-damage|p1b: Hydreigon|0 fnt
|faint|p1a: Mamoswine
|faint|p1b: Hydreigon
|
|upkeep
|
|t:|1784100140
|switch|p1a: Metagross|Metagross, L50|100/100
|switch|p1b: Milotic|Milotic, L50, M|100/100
|turn|5
|
|t:|1784100149
|detailschange|p1a: Metagross|Metagross-Mega, L50
|-mega|p1a: Metagross|Metagross|Metagrossite
|move|p2b: Blastoise|Protect|p2b: Blastoise
|-singleturn|p2b: Blastoise|Protect
|move|p1a: Metagross|Protect|p1a: Metagross
|-singleturn|p1a: Metagross|Protect
|move|p1b: Milotic|Scald|p2a: Incineroar
|-supereffective|p2a: Incineroar|1
|-damage|p2a: Incineroar|25/100
|-enditem|p2a: Incineroar|Sitrus Berry|[eat]
|-heal|p2a: Incineroar|50/100y|[from] item: Sitrus Berry
|move|p2a: Incineroar|Parting Shot|p1a: Metagross
|-activate|p1a: Metagross|move: Protect
|
|upkeep
|turn|6
|inactive|g1g1o has 30 seconds left.
|
|t:|1784100177
|switch|p2a: Sinistcha|Sinistcha, L50|100/100
|-heal|p2b: Blastoise|100/100|[from] ability: Hospitality|[of] p2a: Sinistcha
|move|p1a: Metagross|Bullet Punch|p2b: Blastoise
|-resisted|p2b: Blastoise|1
|-damage|p2b: Blastoise|77/100
|move|p2b: Blastoise|Dark Pulse|p1a: Metagross
|-supereffective|p1a: Metagross|1
|-damage|p1a: Metagross|0 fnt
|faint|p1a: Metagross
|move|p1b: Milotic|Scald|p2a: Sinistcha
|-resisted|p2a: Sinistcha|1
|-damage|p2a: Sinistcha|85/100
|
|upkeep
|turn|7
|
|t:|1784100185
|move|p2b: Blastoise|Dark Pulse|p1b: Milotic
|-damage|p1b: Milotic|38/100
|move|p2a: Sinistcha|Matcha Gotcha|p1b: Milotic
|-supereffective|p1b: Milotic|1
|-damage|p1b: Milotic|0 fnt
|-heal|p2a: Sinistcha|100/100|[from] drain|[of] p1b: Milotic
|faint|p1b: Milotic
|
|win|lolgz
|raw|g1g1o's rating: 1113 → 1088(-25 for losing)
|raw|lolgz's rating: 1119 → 1144(+25 for winning)
