|j|☆HelhiemFiend
|j|☆AN555GEL
|html|HelhiemFiendAN555GEL    
|uhtml|bestof|Game 2 of a best-of-3
|t:|1756249407
|gametype|doubles
|player|p1|HelhiemFiend|169|1224
|player|p2|AN555GEL|170|1163
|gen|9
|tier|[Gen 9] VGC 2025 Reg H (Bo3)
|rated|
|rule|Species Clause: Limit one of each Pokémon
|rule|Item Clause: Limit 1 of each item
|clearpoke
|poke|p1|Dragapult, L50, M|
|poke|p1|Kingambit, L50, F|
|poke|p1|Rillaboom, L50, F|
|poke|p1|Glimmora, L50, F|
|poke|p1|Sneasler, L50, M|
|poke|p1|Zoroark-Hisui, L50, M|
|poke|p2|Archaludon, L50, F|
|poke|p2|Basculegion, L50, M|
|poke|p2|Pelipper, L50, M|
|poke|p2|Incineroar, L50, M|
|poke|p2|Clefable, L50, M|
|poke|p2|Gholdengo, L50|
|teampreview|4
|showteam|p1|Dragapult||ChoiceBand|ClearBody|DragonDarts,TeraBlast,PhantomForce,Uturn|||M|||50|,,,,,Ghost]Kingambit||SafetyGoggles|Defiant|KowtowCleave,SuckerPunch,SwordsDance,Protect|||F|||50|,,,,,Dark]Rillaboom||AssaultVest|GrassySurge|WoodHammer,GrassyGlide,FakeOut,Uturn|||F|||50|,,,,,Fire]Glimmora||LifeOrb|ToxicDebris|SludgeBomb,PowerGem,EarthPower,SpikyShield|||F|||50|,,,,,Grass]Sneasler||FocusSash|Unburden|DireClaw,CloseCombat,FakeOut,Protect|||M|||50|,,,,,Stellar]Zoroark-Hisui||ChoiceSpecs|Illusion|ShadowBall,HyperVoice,TeraBlast,Trick|||M|||50|,,,,,Fighting
|showteam|p2|Archaludon||AssaultVest|Stamina|ElectroShot,BodyPress,DragonPulse,Snarl|||F|||50|,,,,,Grass]Basculegion||ChoiceBand|SwiftSwim|AquaJet,WaveCrash,FlipTurn,LastRespects|||M|||50|,,,,,Water]Pelipper||FocusSash|Drizzle|WeatherBall,Hurricane,Tailwind,Protect|||M|||50|,,,,,Ghost]Incineroar||SitrusBerry|Intimidate|FakeOut,KnockOff,Taunt,PartingShot|||M|||50|,,,,,Ghost]Clefable||SafetyGoggles|Unaware|Moonblast,FollowMe,Protect,LifeDew|||M|||50|,,,,,Water]Gholdengo||LifeOrb|GoodasGold|MakeItRain,NastyPlot,ShadowBall,Protect||||||50|,,,,,Water
|inactive|Battle timer is ON: inactive players will automatically lose when time's up. (requested by AN555GEL)
|
|t:|1756249454
|teamsize|p1|4
|teamsize|p2|4
|start
|switch|p1a: GOATmora|Glimmora, L50, F|100/100
|switch|p1b: Donkey Kong|Rillaboom, L50, F|100/100
|switch|p2a: Clefable|Clefable, L50, M|100/100
|switch|p2b: Gholdengo|Gholdengo, L50|100/100
|-fieldstart|move: Grassy Terrain|[from] ability: Grassy Surge|[of] p1b: Donkey Kong
|turn|1
|
|t:|1756249476
|move|p2b: Gholdengo|Protect|p2b: Gholdengo
|-singleturn|p2b: Gholdengo|Protect
|move|p2a: Clefable|Protect|p2a: Clefable
|-singleturn|p2a: Clefable|Protect
|move|p1b: Donkey Kong|Fake Out|p2a: Clefable
|-activate|p2a: Clefable|move: Protect
|move|p1a: GOATmora|Earth Power|p2b: Gholdengo
|-activate|p2b: Gholdengo|move: Protect
|
|upkeep
|turn|2
|
|t:|1756249489
|move|p2a: Clefable|Follow Me|p2a: Clefable
|-singleturn|p2a: Clefable|move: Follow Me
|move|p2b: Gholdengo|Nasty Plot|p2b: Gholdengo
|-boost|p2b: Gholdengo|spa|2
|move|p1b: Donkey Kong|U-turn|p2a: Clefable
|-resisted|p2a: Clefable
|-damage|p2a: Clefable|92/100
|
|t:|1756249498
|switch|p1b: Big Gamba|Kingambit, L50, F|100/100|[from] U-turn
|move|p1a: GOATmora|Sludge Bomb|p2a: Clefable
|-supereffective|p2a: Clefable
|-damage|p2a: Clefable|0 fnt
|faint|p2a: Clefable
|-damage|p1a: GOATmora|91/100|[from] item: Life Orb
|
|-heal|p1a: GOATmora|97/100|[from] Grassy Terrain
|upkeep
|
|t:|1756249506
|switch|p2a: Basculegion|Basculegion, L50, M|100/100
|turn|3
|
|t:|1756249521
|-terastallize|p2a: Basculegion|Water
|move|p2b: Gholdengo|Protect|p2b: Gholdengo
|-singleturn|p2b: Gholdengo|Protect
|move|p1a: GOATmora|Spiky Shield|p1a: GOATmora
|-singleturn|p1a: GOATmora|move: Protect
|move|p1b: Big Gamba|Protect|p1b: Big Gamba
|-singleturn|p1b: Big Gamba|Protect
|move|p2a: Basculegion|Wave Crash|p1b: Big Gamba
|-activate|p1b: Big Gamba|move: Protect
|
|-heal|p1a: GOATmora|100/100|[from] Grassy Terrain
|upkeep
|turn|4
|inactive|HelhiemFiend has 30 seconds left.
|
|t:|1756249548
|switch|p2b: Pelipper|Pelipper, L50, M, shiny|100/100
|-weather|RainDance|[from] ability: Drizzle|[of] p2b: Pelipper
|switch|p1a: Donkey Kong|Rillaboom, L50, F|100/100
|move|p1b: Big Gamba|Sucker Punch||[still]
|-fail|p1b: Big Gamba
|move|p2a: Basculegion|Wave Crash|p1b: Big Gamba
|-damage|p1b: Big Gamba|0 fnt
|faint|p1b: Big Gamba
|-damage|p2a: Basculegion|69/100|[from] Recoil
|
|-weather|RainDance|[upkeep]
|-heal|p2a: Basculegion|75/100|[from] Grassy Terrain
|upkeep
|
|t:|1756249565
|switch|p1b: GOATmora|Glimmora, L50, F|100/100
|turn|5
|inactive|AN555GEL has 30 seconds left.
|
|t:|1756249591
|switch|p2a: Gholdengo|Gholdengo, L50|100/100
|-terastallize|p1b: GOATmora|Grass
|move|p1a: Donkey Kong|U-turn|p2b: Pelipper
|-resisted|p2b: Pelipper
|-damage|p2b: Pelipper|84/100
|
|t:|1756249602
|switch|p1a: Gambling!|Sneasler, L50, M|100/100|[from] U-turn
|move|p1b: GOATmora|Power Gem|p2b: Pelipper
|-supereffective|p2b: Pelipper
|-damage|p2b: Pelipper|0 fnt
|faint|p2b: Pelipper
|-damage|p1b: GOATmora|91/100|[from] item: Life Orb
|
|-weather|RainDance|[upkeep]
|-heal|p1b: GOATmora|97/100|[from] Grassy Terrain
|-fieldend|move: Grassy Terrain
|upkeep
|
|t:|1756249606
|switch|p2b: Basculegion|Basculegion, L50, M, tera:Water|75/100
|turn|6
|
|t:|1756249624
|move|p1a: Gambling!|Fake Out|p2b: Basculegion
|-damage|p2b: Basculegion|59/100
|cant|p2b: Basculegion|flinch
|move|p2a: Gholdengo|Make It Rain|p1a: Gambling!|[spread] p1a,p1b
|-damage|p1a: Gambling!|25/100
|-damage|p1b: GOATmora|35/100
|-unboost|p2a: Gholdengo|spa|1
|-damage|p2a: Gholdengo|91/100|[from] item: Life Orb
|move|p1b: GOATmora|Earth Power|p2a: Gholdengo
|-supereffective|p2a: Gholdengo
|-damage|p2a: Gholdengo|0 fnt
|faint|p2a: Gholdengo
|-damage|p1b: GOATmora|25/100|[from] item: Life Orb
|
|-weather|RainDance|[upkeep]
|upkeep
|turn|7
|c|☆AN555GEL|gg
|-message|AN555GEL forfeited.
|
|win|HelhiemFiend
|raw|HelhiemFiend's rating: 1224 → 1245(+21 for winning)
|raw|AN555GEL's rating: 1163 → 1142(-21 for losing)
|c|☆HelhiemFiend|Gg
