|j|☆Recentclaw
|j|☆saboyita
|html|Recentclawsaboyita    
|uhtml|bestof|Game 1 of a best-of-3
|t:|1756771326
|gametype|doubles
|player|p1|Recentclaw|giovanni|1108
|player|p2|saboyita|grimsley|1127
|gen|9
|tier|[Gen 9] VGC 2025 Reg H (Bo3)
|rated|
|rule|Species Clause: Limit one of each Pokémon
|rule|Item Clause: Limit 1 of each item
|clearpoke
|poke|p1|Sneasler, L50, M|
|poke|p1|Dragonite, L50, M|
|poke|p1|Incineroar, L50, F|
|poke|p1|Ursaluna-Bloodmoon, L50, M|
|poke|p1|Gholdengo, L50|
|poke|p1|Amoonguss, L50, F|
|poke|p2|Incineroar, L50, F|
|poke|p2|Rillaboom, L50, F|
|poke|p2|Ursaluna-Bloodmoon, L50, M|
|poke|p2|Sneasler, L50, M|
|poke|p2|Dragonite, L50, M|
|poke|p2|Gholdengo, L50|
|teampreview|4
|showteam|p1|Sneasler||FocusSash|Unburden|DireClaw,CloseCombat,FakeOut,Protect|||M|||50|,,,,,Fairy]Dragonite||LoadedDice|InnerFocus|Haze,ScaleShot,Tailwind,ExtremeSpeed|||M|||50|,,,,,Fairy]Incineroar||SafetyGoggles|Intimidate|FakeOut,FlareBlitz,KnockOff,PartingShot|||F|||50|,,,,,Grass]Ursaluna-Bloodmoon||AssaultVest|MindsEye|BloodMoon,EarthPower,HyperVoice,Snarl|||M|||50|,,,,,Water]Gholdengo||GrassySeed|GoodasGold|MakeItRain,ShadowBall,NastyPlot,Protect||||||50|,,,,,Dragon]Amoonguss||RoomService|Regenerator|Spore,RagePowder,PollenPuff,Protect|||F|||50|,,,,,Water
|showteam|p2|Incineroar||SafetyGoggles|Intimidate|FlareBlitz,KnockOff,FakeOut,PartingShot|||F|||50|,,,,,Ghost]Rillaboom||AssaultVest|GrassySurge|WoodHammer,GrassyGlide,FakeOut,HighHorsepower|||F|||50|,,,,,Fire]Ursaluna-Bloodmoon||Leftovers|MindsEye|BloodMoon,EarthPower,CalmMind,Protect|||M|||50|,,,,,Electric]Sneasler||FocusSash|PoisonTouch|CloseCombat,DireClaw,FakeOut,Coaching|||M|||50|,,,,,Ghost]Dragonite||LoadedDice|Multiscale|ScaleShot,Tailwind,Haze,Protect|||M|||50|,,,,,Steel]Gholdengo||LifeOrb|GoodasGold|MakeItRain,ShadowBall,NastyPlot,Protect||||||50|,,,,,Water
|inactive|Battle timer is ON: inactive players will automatically lose when time's up. (requested by saboyita)
|inactive|Recentclaw also wants the timer to be on.
|inactive|Recentclaw has 60 seconds left.
|inactive|saboyita has 60 seconds left.
|inactive|saboyita has 30 seconds left.
|
|t:|1756771392
|teamsize|p1|4
|teamsize|p2|4
|start
|switch|p1a: Free|Dragonite, L50, M|100/100
|switch|p1b: Your Idol|Incineroar, L50, F|100/100
|switch|p2a: Bruh|Incineroar, L50, F|100/100
|switch|p2b: Dragonite|Dragonite, L50, M|100/100
|-ability|p2a: Bruh|Intimidate|boost
|-fail|p1a: Free|unboost|Attack|[from] ability: Inner Focus|[of] p1a: Free
|-unboost|p1b: Your Idol|atk|1
|-ability|p1b: Your Idol|Intimidate|boost
|-unboost|p2a: Bruh|atk|1
|-unboost|p2b: Dragonite|atk|1
|turn|1
|inactive|Recentclaw has 30 seconds left.
|inactive|saboyita has 30 seconds left.
|
|t:|1756771423
|switch|p2b: Gholdengo|Gholdengo, L50|100/100
|move|p1b: Your Idol|Fake Out|p2b: Gholdengo
|-immune|p2b: Gholdengo
|move|p1a: Free|Tailwind|p1a: Free
|-sidestart|p1: Recentclaw|move: Tailwind
|move|p2a: Bruh|Flare Blitz|p1a: Free
|-resisted|p1a: Free
|-damage|p1a: Free|85/100
|-damage|p2a: Bruh|96/100|[from] Recoil
|
|upkeep
|turn|2
|inactive|Recentclaw has 30 seconds left.
|
|t:|1756771449
|switch|p1a: Sounds Like|Ursaluna-Bloodmoon, L50, M|100/100
|move|p2b: Gholdengo|Protect|p2b: Gholdengo
|-singleturn|p2b: Gholdengo|Protect
|move|p1b: Your Idol|Knock Off|p2b: Gholdengo
|-activate|p2b: Gholdengo|move: Protect
|move|p2a: Bruh|Knock Off|p1a: Sounds Like
|-damage|p1a: Sounds Like|80/100
|-enditem|p1a: Sounds Like|Assault Vest|[from] move: Knock Off|[of] p2a: Bruh
|
|upkeep
|turn|3
|inactive|Recentclaw has 30 seconds left.
|inactive|saboyita has 30 seconds left.
|
|t:|1756771484
|switch|p2b: Sneasler|Sneasler, L50, M|100/100
|move|p1a: Sounds Like|Snarl|p2a: Bruh|[spread] p2a,p2b
|-resisted|p2a: Bruh
|-crit|p2a: Bruh
|-resisted|p2b: Sneasler
|-damage|p2a: Bruh|88/100
|-damage|p2b: Sneasler|91/100
|-unboost|p2a: Bruh|spa|1
|-unboost|p2b: Sneasler|spa|1
|move|p1b: Your Idol|Knock Off|p2b: Sneasler
|-resisted|p2b: Sneasler
|-damage|p2b: Sneasler|70/100
|-enditem|p2b: Sneasler|Focus Sash|[from] move: Knock Off|[of] p1b: Your Idol
|move|p2a: Bruh|Parting Shot|p1a: Sounds Like
|-unboost|p1a: Sounds Like|atk|1
|-unboost|p1a: Sounds Like|spa|1
|
|t:|1756771500
|switch|p2a: Dragonite|Dragonite, L50, M|100/100|[from] Parting Shot
|
|upkeep
|turn|4
|inactive|saboyita has 30 seconds left.
|
|t:|1756771526
|switch|p1a: Takedown|Sneasler, L50, M|100/100
|switch|p1b: Free|Dragonite, L50, M|85/100
|move|p2b: Sneasler|Close Combat|p1b: Free
|-resisted|p1b: Free
|-crit|p1b: Free
|-damage|p1b: Free|34/100
|-unboost|p2b: Sneasler|def|1
|-unboost|p2b: Sneasler|spd|1
|move|p2a: Dragonite|Scale Shot|p1b: Free
|-supereffective|p1b: Free
|-damage|p1b: Free|6/100
|-supereffective|p1b: Free
|-damage|p1b: Free|0 fnt
|faint|p1b: Free
|-hitcount|p1: Free|2
|-unboost|p2a: Dragonite|def|1
|-boost|p2a: Dragonite|spe|1
|
|-sideend|p1: Recentclaw|move: Tailwind
|upkeep
|
|t:|1756771535
|switch|p1b: Your Idol|Incineroar, L50, F|100/100
|-ability|p1b: Your Idol|Intimidate|boost
|-unboost|p2a: Dragonite|atk|1
|-unboost|p2b: Sneasler|atk|1
|turn|5
|inactive|saboyita has 30 seconds left.
|inactive|Recentclaw has 30 seconds left.
|
|t:|1756771570
|switch|p1a: Sounds Like|Ursaluna-Bloodmoon, L50, M|80/100
|move|p2a: Dragonite|Protect|p2a: Dragonite
|-singleturn|p2a: Dragonite|Protect
|move|p2b: Sneasler|Close Combat|p1b: Your Idol
|-supereffective|p1b: Your Idol
|-damage|p1b: Your Idol|18/100
|-unboost|p2b: Sneasler|def|1
|-unboost|p2b: Sneasler|spd|1
|move|p1b: Your Idol|Parting Shot|p2b: Sneasler
|-unboost|p2b: Sneasler|atk|1
|-unboost|p2b: Sneasler|spa|1
|
|t:|1756771574
|switch|p1b: Takedown|Sneasler, L50, M|100/100|[from] Parting Shot
|
|upkeep
|turn|6
|inactive|saboyita has 30 seconds left.
|
|t:|1756771606
|-terastallize|p2a: Dragonite|Steel
|-terastallize|p1a: Sounds Like|Water
|move|p1b: Takedown|Fake Out|p2a: Dragonite
|-resisted|p2a: Dragonite
|-damage|p2a: Dragonite|95/100
|cant|p2a: Dragonite|flinch
|move|p2b: Sneasler|Close Combat|p1a: Sounds Like
|-damage|p1a: Sounds Like|55/100
|-unboost|p2b: Sneasler|def|1
|-unboost|p2b: Sneasler|spd|1
|move|p1a: Sounds Like|Hyper Voice|p2a: Dragonite|[spread] p2a,p2b
|-resisted|p2a: Dragonite
|-crit|p2b: Sneasler
|-damage|p2a: Dragonite|78/100
|-damage|p2b: Sneasler|0 fnt
|faint|p2b: Sneasler
|
|upkeep
|
|t:|1756771623
|switch|p2b: Bruh|Incineroar, L50, F|88/100
|-ability|p2b: Bruh|Intimidate|boost
|-unboost|p1a: Sounds Like|atk|1
|-unboost|p1b: Takedown|atk|1
|turn|7
|inactive|Recentclaw has 30 seconds left.
|inactive|Recentclaw has 20 seconds left.
|
|t:|1756771661
|move|p1b: Takedown|Protect|p1b: Takedown
|-singleturn|p1b: Takedown|Protect
|move|p2b: Bruh|Fake Out|p1a: Sounds Like
|-damage|p1a: Sounds Like|47/100
|move|p2a: Dragonite|Tailwind|p2a: Dragonite
|-sidestart|p2: saboyita|move: Tailwind
|cant|p1a: Sounds Like|flinch
|
|upkeep
|turn|8
|
|t:|1756771680
|switch|p2a: Gholdengo|Gholdengo, L50|100/100
|switch|p1b: Your Idol|Incineroar, L50, F|18/100
|-ability|p1b: Your Idol|Intimidate|boost
|-unboost|p2a: Gholdengo|atk|1
|-unboost|p2b: Bruh|atk|1
|move|p2b: Bruh|Parting Shot|p1a: Sounds Like
|-unboost|p1a: Sounds Like|atk|1
|-unboost|p1a: Sounds Like|spa|1
|
|t:|1756771689
|switch|p2b: Dragonite|Dragonite, L50, M, tera:Steel|78/100|[from] Parting Shot
|move|p1a: Sounds Like|Earth Power|p2a: Gholdengo
|-supereffective|p2a: Gholdengo
|-damage|p2a: Gholdengo|29/100
|
|upkeep
|turn|9
|
|t:|1756771708
|switch|p1b: Takedown|Sneasler, L50, M|100/100
|move|p2a: Gholdengo|Make It Rain|p1b: Takedown|[spread] p1a,p1b
|-resisted|p1a: Sounds Like
|-damage|p1a: Sounds Like|18/100
|-damage|p1b: Takedown|22/100
|-unboost|p2a: Gholdengo|spa|1
|-damage|p2a: Gholdengo|19/100|[from] item: Life Orb
|move|p2b: Dragonite|Scale Shot|p1b: Takedown
|-damage|p1b: Takedown|0 fnt
|faint|p1b: Takedown
|-hitcount|p1: Takedown|1
|-unboost|p2b: Dragonite|def|1
|-boost|p2b: Dragonite|spe|1
|move|p1a: Sounds Like|Earth Power|p2a: Gholdengo
|-supereffective|p2a: Gholdengo
|-damage|p2a: Gholdengo|0 fnt
|faint|p2a: Gholdengo
|
|upkeep
|
|t:|1756771724
|switch|p1b: Your Idol|Incineroar, L50, F|18/100
|switch|p2a: Bruh|Incineroar, L50, F|88/100
|-ability|p2a: Bruh|Intimidate|boost
|-unboost|p1a: Sounds Like|atk|1
|-unboost|p1b: Your Idol|atk|1
|-ability|p1b: Your Idol|Intimidate|boost
|-unboost|p2a: Bruh|atk|1
|-unboost|p2b: Dragonite|atk|1
|turn|10
|-message|Recentclaw forfeited.
|
|win|saboyita
