|j|☆Passevgc
|j|☆battle sim trainer
|html|Passevgcbattle sim trainer    
|uhtml|bestof|Game 2 of a best-of-3
|t:|1783514332
|gametype|doubles
|player|p1|Passevgc|170|1020
|player|p2|battle sim trainer|turo|1149
|gen|9
|tier|[Gen 9 Champions] VGC 2026 Reg M-B (Bo3)
|rated|
|rule|Species Clause: Limit one of each Pokémon
|rule|Item Clause: Limit 1 of each item
|clearpoke
|poke|p1|Hydreigon, L50, F|
|poke|p1|Incineroar, L50, F|
|poke|p1|Charizard, L50, M|
|poke|p1|Metagross, L50|
|poke|p1|Aerodactyl, L50, F|
|poke|p1|Sinistcha, L50|
|poke|p2|Swampert, L50, F|
|poke|p2|Pelipper, L50, M|
|poke|p2|Archaludon, L50, F|
|poke|p2|Grimmsnarl, L50, M|
|poke|p2|Sinistcha, L50|
|poke|p2|Sneasler, L50, M|
|teampreview|4
|showteam|p1|Hydreigon||ChoiceScarf|Levitate|DracoMeteor,DarkPulse,FlashCannon,EarthPower|Modest||F|||50|]Incineroar||ChopleBerry|Intimidate|FlareBlitz,DarkestLariat,PartingShot,FakeOut|Careful||F|||50|]Charizard||CharizarditeY|Blaze|HeatWave,SolarBeam,WeatherBall,Protect|Modest||M|||50|]Metagross||Metagrossite|ClearBody|PsychicFangs,IronHead,BodyPress,Protect|Adamant|||||50|]Aerodactyl||FocusSash|Unnerve|RockSlide,WideGuard,Tailwind,Protect|Jolly||F|||50|]Sinistcha||SitrusBerry|Hospitality|Protect,LifeDew,RagePowder,MatchaGotcha|Calm|||||50|
|showteam|p2|Swampert||Swampertite|Damp|WaveCrash,Earthquake,IcePunch,Protect|Adamant||F|||50|]Pelipper||SitrusBerry|Drizzle|Hurricane,WeatherBall,Tailwind,Protect|Modest||M|||50|]Archaludon||Leftovers|Stamina|ElectroShot,DragonPulse,FlashCannon,Protect|Modest||F|||50|]Grimmsnarl||LightClay|Prankster|SpiritBreak,Reflect,LightScreen,PartingShot|Careful||M|||50|]Sinistcha||KasibBerry|Hospitality|MatchaGotcha,RagePowder,LifeDew,TrickRoom|Bold|||||50|]Sneasler||FocusSash|Unburden|FakeOut,Uturn,RainDance,CloseCombat|Adamant||M|||50|
|inactive|Battle timer is ON: inactive players will automatically lose when time's up. (requested by Passevgc)
|
|t:|1783514362
|teamsize|p1|4
|teamsize|p2|4
|start
|switch|p1a: Charizard|Charizard, L50, M|100/100
|switch|p1b: Sinistcha|Sinistcha, L50|100/100
|switch|p2a: Archaludon|Archaludon, L50, F|100/100
|switch|p2b: Sneasler|Sneasler, L50, M|100/100
|turn|1
|
|t:|1783514380
|detailschange|p1a: Charizard|Charizard-Mega-Y, L50, M
|-mega|p1a: Charizard|Charizard|Charizardite Y
|-weather|SunnyDay|[from] ability: Drought|[of] p1a: Charizard
|move|p1a: Charizard|Protect|p1a: Charizard
|-singleturn|p1a: Charizard|Protect
|move|p2b: Sneasler|Rain Dance|p2b: Sneasler
|-weather|RainDance
|move|p2a: Archaludon|Electro Shot||[still]
|-prepare|p2a: Archaludon|Electro Shot
|-boost|p2a: Archaludon|spa|1
|-anim|p2a: Archaludon|Electro Shot|p1a: Charizard
|-activate|p1a: Charizard|move: Protect
|move|p1b: Sinistcha|Matcha Gotcha|p2b: Sneasler|[spread] p2a,p2b
|-resisted|p2a: Archaludon|2
|-crit|p2a: Archaludon
|-resisted|p2b: Sneasler|1
|-damage|p2a: Archaludon|91/100
|-damage|p2b: Sneasler|84/100
|-ability|p2a: Archaludon|Stamina|boost
|-boost|p2a: Archaludon|def|1
|
|-weather|RainDance|[upkeep]
|-heal|p2a: Archaludon|97/100|[from] item: Leftovers
|upkeep
|turn|2
|inactive|Passevgc has 30 seconds left.
|inactive|battle sim trainer has 30 seconds left.
|inactive|Passevgc has 20 seconds left.
|inactive|battle sim trainer has 20 seconds left.
|inactive|Passevgc has 15 seconds left.
|
|t:|1783514423
|switch|p1a: Aerodactyl|Aerodactyl, L50, F|100/100
|-ability|p1a: Aerodactyl|Unnerve
|move|p2b: Sneasler|U-turn|p1b: Sinistcha
|-damage|p1b: Sinistcha|75/100
|
|t:|1783514433
|switch|p2b: Pelipper|Pelipper, L50, M|100/100|[from] U-turn
|move|p2a: Archaludon|Dragon Pulse|p1b: Sinistcha
|-damage|p1b: Sinistcha|21/100
|-enditem|p1b: Sinistcha|Sitrus Berry|[eat]
|-heal|p1b: Sinistcha|46/100|[from] item: Sitrus Berry
|move|p1b: Sinistcha|Life Dew||[still]|[spread] p1a,p1b
|-fail|p1a: Aerodactyl|heal
|-heal|p1b: Sinistcha|71/100
|
|-weather|RainDance|[upkeep]
|-heal|p2a: Archaludon|100/100|[from] item: Leftovers
|upkeep
|turn|3
|
|t:|1783514454
|switch|p1b: Charizard|Charizard-Mega-Y, L50, M|100/100
|-weather|SunnyDay|[from] ability: Drought|[of] p1b: Charizard
|switch|p2b: Sneasler|Sneasler, L50, M|84/100
|move|p1a: Aerodactyl|Rock Slide|p2a: Archaludon|[spread] p2a,p2b
|-resisted|p2a: Archaludon|1
|-resisted|p2b: Sneasler|1
|-damage|p2a: Archaludon|94/100
|-damage|p2b: Sneasler|61/100
|-ability|p2a: Archaludon|Stamina|boost
|-boost|p2a: Archaludon|def|1
|move|p2a: Archaludon|Flash Cannon|p1a: Aerodactyl
|-supereffective|p1a: Aerodactyl|1
|-enditem|p1a: Aerodactyl|Focus Sash
|-damage|p1a: Aerodactyl|1/100
|
|-weather|SunnyDay|[upkeep]
|-heal|p2a: Archaludon|100/100|[from] item: Leftovers
|upkeep
|turn|4
|inactive|Passevgc has 30 seconds left.
|inactive|battle sim trainer has 30 seconds left.
|
|t:|1783514483
|switch|p1b: Sinistcha|Sinistcha, L50|71/100
|-heal|p1a: Aerodactyl|25/100|[from] ability: Hospitality|[of] p1b: Sinistcha
|move|p1a: Aerodactyl|Protect|p1a: Aerodactyl
|-singleturn|p1a: Aerodactyl|Protect
|move|p2b: Sneasler|Fake Out|p1a: Aerodactyl
|-activate|p1a: Aerodactyl|move: Protect
|move|p2a: Archaludon|Dragon Pulse|p1b: Sinistcha
|-damage|p1b: Sinistcha|23/100
|
|-weather|SunnyDay|[upkeep]
|upkeep
|turn|5
|inactive|Passevgc has 30 seconds left.
|inactive|Passevgc has 20 seconds left.
|inactive|Passevgc has 15 seconds left.
|
|t:|1783514524
|switch|p2b: Swampert|Swampert, L50, F|100/100
|move|p1b: Sinistcha|Protect|p1b: Sinistcha
|-singleturn|p1b: Sinistcha|Protect
|move|p1a: Aerodactyl|Tailwind|p1a: Aerodactyl
|-sidestart|p1: Passevgc|move: Tailwind
|move|p2a: Archaludon|Dragon Pulse|p1b: Sinistcha
|-activate|p1b: Sinistcha|move: Protect
|
|-weather|SunnyDay|[upkeep]
|upkeep
|turn|6
|inactive|battle sim trainer has 30 seconds left.
|
|t:|1783514552
|move|p1a: Aerodactyl|Protect|p1a: Aerodactyl
|-singleturn|p1a: Aerodactyl|Protect
|move|p2b: Swampert|Protect|p2b: Swampert
|-singleturn|p2b: Swampert|Protect
|move|p1b: Sinistcha|Matcha Gotcha|p2b: Swampert|[spread] p2a
|-activate|p2b: Swampert|move: Protect
|-resisted|p2a: Archaludon|2
|-damage|p2a: Archaludon|93/100
|-heal|p1b: Sinistcha|26/100|[from] drain|[of] p2a: Archaludon
|-ability|p2a: Archaludon|Stamina|boost
|-boost|p2a: Archaludon|def|1
|move|p2a: Archaludon|Dragon Pulse|p1b: Sinistcha
|-damage|p1b: Sinistcha|0 fnt
|faint|p1b: Sinistcha
|
|-weather|SunnyDay|[upkeep]
|-heal|p2a: Archaludon|100/100|[from] item: Leftovers
|upkeep
|
|t:|1783514567
|switch|p1b: Hydreigon|Hydreigon, L50, F|100/100
|turn|7
|
|t:|1783514581
|switch|p2b: Pelipper|Pelipper, L50, M|100/100
|-weather|RainDance|[from] ability: Drizzle|[of] p2b: Pelipper
|move|p1b: Hydreigon|Draco Meteor|p2a: Archaludon
|-crit|p2a: Archaludon
|-damage|p2a: Archaludon|0 fnt
|-unboost|p1b: Hydreigon|spa|2
|faint|p2a: Archaludon
|move|p1a: Aerodactyl|Rock Slide|p2b: Pelipper
|-supereffective|p2b: Pelipper|1
|-damage|p2b: Pelipper|27/100
|
|-weather|RainDance|[upkeep]
|upkeep
|inactive|battle sim trainer has 30 seconds left.
|
|t:|1783514612
|switch|p2a: Sneasler|Sneasler, L50, M|61/100
|turn|8
|
|t:|1783514625
|switch|p2b: Swampert|Swampert, L50, F|100/100
|move|p2a: Sneasler|Fake Out|p1a: Aerodactyl
|-resisted|p1a: Aerodactyl|1
|-damage|p1a: Aerodactyl|13/100
|move|p1b: Hydreigon|Draco Meteor|p2b: Swampert|[miss]
|-miss|p1b: Hydreigon|p2b: Swampert
|cant|p1a: Aerodactyl|flinch
|
|-weather|RainDance|[upkeep]
|-sideend|p1: Passevgc|move: Tailwind
|upkeep
|turn|9
|inactive|battle sim trainer has 30 seconds left.
|
|t:|1783514652
|detailschange|p2b: Swampert|Swampert-Mega, L50, F
|-mega|p2b: Swampert|Swampert|Swampertite
|move|p2b: Swampert|Wave Crash|p1b: Hydreigon
|-resisted|p1b: Hydreigon|1
|-damage|p1b: Hydreigon|28/100
|-damage|p2b: Swampert|77/100|[from] Recoil
|move|p1b: Hydreigon|Draco Meteor|p2a: Sneasler
|-damage|p2a: Sneasler|9/100
|-unboost|p1b: Hydreigon|spa|2
|move|p1a: Aerodactyl|Rock Slide|p2a: Sneasler|[spread] p2a,p2b
|-resisted|p2a: Sneasler|1
|-resisted|p2b: Swampert|1
|-damage|p2a: Sneasler|0 fnt
|-damage|p2b: Swampert|66/100
|faint|p2a: Sneasler
|
|-weather|RainDance|[upkeep]
|upkeep
|
|t:|1783514664
|switch|p2a: Pelipper|Pelipper, L50, M|27/100
|turn|10
|
|t:|1783514679
|move|p1a: Aerodactyl|Protect|p1a: Aerodactyl
|-singleturn|p1a: Aerodactyl|Protect
|move|p2b: Swampert|Wave Crash|p1b: Hydreigon
|-resisted|p1b: Hydreigon|1
|-damage|p1b: Hydreigon|0 fnt
|faint|p1b: Hydreigon
|-damage|p2b: Swampert|57/100|[from] Recoil
|move|p2a: Pelipper|Tailwind|p2a: Pelipper
|-sidestart|p2: battle sim trainer|move: Tailwind
|
|-weather|RainDance|[upkeep]
|upkeep
|
|t:|1783514684
|switch|p1b: Charizard|Charizard-Mega-Y, L50, M|100/100
|-weather|SunnyDay|[from] ability: Drought|[of] p1b: Charizard
|turn|11
|inactive|Passevgc has 30 seconds left.
|inactive|battle sim trainer has 30 seconds left.
|inactive|Passevgc has 20 seconds left.
|inactive|Passevgc has 15 seconds left.
|inactive|battle sim trainer has 20 seconds left.
|inactive|Passevgc has 10 seconds left.
|inactive|battle sim trainer has 15 seconds left.
|inactive|Passevgc has 5 seconds left.
|inactive|battle sim trainer has 10 seconds left.
|
|t:|1783514737
|move|p2b: Swampert|Ice Punch|p1a: Aerodactyl
|-supereffective|p1a: Aerodactyl|1
|-damage|p1a: Aerodactyl|0 fnt
|-enditem|p2a: Pelipper|Sitrus Berry|[eat]
|-heal|p2a: Pelipper|52/100|[from] item: Sitrus Berry
|faint|p1a: Aerodactyl
|move|p2a: Pelipper|Hurricane|p1b: Charizard|[miss]
|-miss|p2a: Pelipper|p1b: Charizard
|move|p1b: Charizard|Solar Beam||[still]
|-prepare|p1b: Charizard|Solar Beam
|-anim|p1b: Charizard|Solar Beam|p2b: Swampert
|-supereffective|p2b: Swampert|2
|-damage|p2b: Swampert|0 fnt
|faint|p2b: Swampert
|
|-weather|SunnyDay|[upkeep]
|upkeep
|turn|12
|
|t:|1783514750
|move|p1b: Charizard|Protect|p1b: Charizard
|-singleturn|p1b: Charizard|Protect
|move|p2a: Pelipper|Hurricane|p1b: Charizard
|-activate|p1b: Charizard|move: Protect
|
|-weather|SunnyDay|[upkeep]
|upkeep
|turn|13
|
|t:|1783514759
|move|p2a: Pelipper|Protect|p2a: Pelipper
|-singleturn|p2a: Pelipper|Protect
|move|p1b: Charizard|Solar Beam||[still]
|-prepare|p1b: Charizard|Solar Beam
|-anim|p1b: Charizard|Solar Beam|p2a: Pelipper
|-activate|p2a: Pelipper|move: Protect
|
|-weather|SunnyDay|[upkeep]
|-sideend|p2: battle sim trainer|move: Tailwind
|upkeep
|turn|14
|
|t:|1783514768
|move|p1b: Charizard|Solar Beam||[still]
|-prepare|p1b: Charizard|Solar Beam
|-anim|p1b: Charizard|Solar Beam|p2a: Pelipper
|-crit|p2a: Pelipper
|-damage|p2a: Pelipper|0 fnt
|faint|p2a: Pelipper
|
|win|Passevgc
