|j|☆doxsego
|j|☆Philly Turtles
|html|doxsegoPhilly Turtles    
|uhtml|bestof|Game 2 of a best-of-3
|t:|1785083132
|gametype|doubles
|player|p1|doxsego|265|
|player|p2|Philly Turtles|candice|
|gen|9
|tier|[Gen 9 Champions] VGC 2026 Reg M-B (Bo3)
|rule|Species Clause: Limit one of each Pokémon
|rule|Item Clause: Limit 1 of each item
|raw|1 custom rule: !Force Open Team Sheets
|clearpoke
|poke|p1|Espathra, L50, M|
|poke|p1|Sinistcha, L50|
|poke|p1|Ceruledge, L50, M, shiny|
|poke|p1|Incineroar, L50, M|
|poke|p1|Kingambit, L50, F|
|poke|p1|Sylveon, L50, F|
|poke|p2|Froslass, L50, F|
|poke|p2|Primarina, L50, F|
|poke|p2|Crabominable, L50, M, shiny|
|poke|p2|Slowking-Galar, L50, F|
|poke|p2|Tsareena, L50, F|
|poke|p2|Sableye, L50, M|
|teampreview|4
|
|t:|1785083219
|teamsize|p1|4
|teamsize|p2|4
|start
|switch|p1a: Espathra|Espathra, L50, M|100/100
|switch|p1b: Ceruledge|Ceruledge, L50, M, shiny|100/100
|switch|p2a: Slowking|Slowking-Galar, L50, F|100/100
|switch|p2b: Sableye|Sableye, L50, M|100/100
|turn|1
|
|t:|1785083277
|move|p1b: Ceruledge|Protect|p1b: Ceruledge
|-singleturn|p1b: Ceruledge|Protect
|move|p2b: Sableye|Fake Out|p1a: Espathra
|-damage|p1a: Espathra|90/100
|cant|p1a: Espathra|flinch
|move|p2a: Slowking|Trick Room|p2a: Slowking
|-fieldstart|move: Trick Room|[of] p2a: Slowking
|
|-ability|p1a: Espathra|Speed Boost|boost
|-boost|p1a: Espathra|spe|1
|upkeep
|turn|2
|
|t:|1785083330
|switch|p1b: Sinistcha|Sinistcha, L50|100/100
|-heal|p1a: Espathra|100/100|[from] ability: Hospitality|[of] p1b: Sinistcha
|move|p2b: Sableye|Encore||[still]
|-fail|p2b: Sableye
|-prepare|p2a: Slowking|Chilly Reception|[premajor]
|move|p2a: Slowking|Chilly Reception|p2a: Slowking
|-weather|Snowscape
|
|t:|1785083338
|switch|p2a: Crabominable|Crabominable, L50, M, shiny|100/100|[from] Chilly Reception
|move|p1a: Espathra|Skill Swap|p2b: Sableye
|-activate|p1a: Espathra|Skill Swap|Prankster|Speed Boost|[of] p2b: Sableye
|
|-weather|Snowscape|[upkeep]
|-ability|p2b: Sableye|Speed Boost|boost
|-boost|p2b: Sableye|spe|1
|upkeep
|turn|3
|
|t:|1785083440
|switch|p2b: Slowking|Slowking-Galar, L50, F|100/100
|switch|p1a: Kingambit|Kingambit, L50, F|100/100
|detailschange|p2a: Crabominable|Crabominable-Mega, L50, M, shiny
|-mega|p2a: Crabominable|Crabominable|Crabominite
|move|p1b: Sinistcha|Protect|p1b: Sinistcha
|-singleturn|p1b: Sinistcha|Protect
|move|p2a: Crabominable|Ice Hammer|p1b: Sinistcha
|-activate|p1b: Sinistcha|move: Protect
|
|-weather|Snowscape|[upkeep]
|upkeep
|turn|4
|
|t:|1785083522
|switch|p2b: Sableye|Sableye, L50, M|100/100
|switch|p1b: Ceruledge|Ceruledge, L50, M, shiny|100/100
|move|p1a: Kingambit|Protect|p1a: Kingambit
|-singleturn|p1a: Kingambit|Protect
|move|p2a: Crabominable|Drain Punch|p1a: Kingambit
|-activate|p1a: Kingambit|move: Protect
|
|-weather|Snowscape|[upkeep]
|upkeep
|turn|5
|
|t:|1785083624
|switch|p1a: Espathra|Espathra, L50, M|100/100
|move|p2b: Sableye|Thunder Wave|p1b: Ceruledge
|-status|p1b: Ceruledge|par
|move|p1b: Ceruledge|Bulk Up|p1b: Ceruledge
|-boost|p1b: Ceruledge|atk|1
|-boost|p1b: Ceruledge|def|1
|move|p2a: Crabominable|Drain Punch|p1a: Espathra
|-resisted|p1a: Espathra|1
|-damage|p1a: Espathra|62/100
|
|-weather|Snowscape|[upkeep]
|-fieldend|move: Trick Room
|upkeep
|turn|6
|
|t:|1785083693
|switch|p2b: Primarina|Primarina, L50, F|100/100
|switch|p2a: Slowking|Slowking-Galar, L50, F|100/100
|move|p1b: Ceruledge|Bitter Blade|p2a: Slowking
|-damage|p2a: Slowking|46/100
|move|p1a: Espathra|Trick Room|p1a: Espathra
|-fieldstart|move: Trick Room|[of] p1a: Espathra
|
|-weather|none
|-heal|p2a: Slowking|51/100|[from] item: Leftovers
|-ability|p1a: Espathra|Speed Boost|boost
|-boost|p1a: Espathra|spe|1
|upkeep
|turn|7
|
|t:|1785083715
|move|p1a: Espathra|Helping Hand|p1b: Ceruledge
|-singleturn|p1b: Ceruledge|Helping Hand|[of] p1a: Espathra
|-prepare|p2a: Slowking|Chilly Reception|[premajor]
|move|p2a: Slowking|Chilly Reception|p2a: Slowking
|-weather|Snowscape
|
|t:|1785083757
|-heal|p2a: Slowking|85/100|[from] ability: Regenerator|[silent]
|switch|p2a: Sableye|Sableye, L50, M|100/100|[from] Chilly Reception
|cant|p1b: Ceruledge|par
|move|p2b: Primarina|Hyper Voice|p1b: Ceruledge|[spread] p1a,p1b
|-supereffective|p1b: Ceruledge|1
|-damage|p1a: Espathra|22/100
|-enditem|p1b: Ceruledge|Focus Sash
|-damage|p1b: Ceruledge|1/100 par
|-damage|p2b: Primarina|90/100|[from] item: Life Orb
|
|-weather|Snowscape|[upkeep]
|-ability|p1a: Espathra|Speed Boost|boost
|-boost|p1a: Espathra|spe|1
|upkeep
|turn|8
|
|t:|1785083797
|move|p1b: Ceruledge|Protect|p1b: Ceruledge
|-singleturn|p1b: Ceruledge|Protect
|move|p2a: Sableye|Fake Out|p1a: Espathra
|-damage|p1a: Espathra|13/100
|move|p2b: Primarina|Hyper Voice|p1b: Ceruledge|[spread] p1a
|-activate|p1b: Ceruledge|move: Protect
|-damage|p1a: Espathra|0 fnt
|faint|p1a: Espathra
|-damage|p2b: Primarina|80/100|[from] item: Life Orb
|
|-weather|Snowscape|[upkeep]
|upkeep
|
|t:|1785083809
|switch|p1a: Sinistcha|Sinistcha, L50|100/100
|-heal|p1b: Ceruledge|25/100 par|[from] ability: Hospitality|[of] p1a: Sinistcha
|turn|9
|
|t:|1785083817
|move|p1a: Sinistcha|Rage Powder|p1a: Sinistcha
|-singleturn|p1a: Sinistcha|move: Rage Powder
|move|p2a: Sableye|Encore|p1a: Sinistcha
|-start|p1a: Sinistcha|Encore
|move|p1b: Ceruledge|Bitter Blade|p2b: Primarina
|-resisted|p2b: Primarina|1
|-damage|p2b: Primarina|37/100
|-heal|p1b: Ceruledge|47/100 par|[from] drain|[of] p2b: Primarina
|move|p2b: Primarina|Hyper Voice|p1a: Sinistcha|[spread] p1a,p1b
|-resisted|p1a: Sinistcha|1
|-supereffective|p1b: Ceruledge|1
|-crit|p1b: Ceruledge
|-damage|p1a: Sinistcha|79/100
|-damage|p1b: Ceruledge|0 fnt
|faint|p1b: Ceruledge
|-damage|p2b: Primarina|28/100|[from] item: Life Orb
|
|-weather|Snowscape|[upkeep]
|upkeep
|
|t:|1785083831
|switch|p1b: Kingambit|Kingambit, L50, F|100/100
|turn|10
|
|t:|1785083894
|move|p1a: Sinistcha|Rage Powder|p1a: Sinistcha
|-singleturn|p1a: Sinistcha|move: Rage Powder
|move|p2a: Sableye|Foul Play|p1a: Sinistcha
|-supereffective|p1a: Sinistcha|1
|-damage|p1a: Sinistcha|46/100
|move|p1b: Kingambit|Kowtow Cleave|p2b: Primarina
|-resisted|p2b: Primarina|1
|-damage|p2b: Primarina|0 fnt
|faint|p2b: Primarina
|
|-weather|Snowscape|[upkeep]
|-fieldend|move: Trick Room
|upkeep
|
|t:|1785083908
|switch|p2b: Slowking|Slowking-Galar, L50, F|85/100
|turn|11
|
|t:|1785083934
|move|p1a: Sinistcha|Rage Powder|p1a: Sinistcha
|-singleturn|p1a: Sinistcha|move: Rage Powder
|move|p2a: Sableye|Foul Play|p1a: Sinistcha
|-supereffective|p1a: Sinistcha|1
|-damage|p1a: Sinistcha|11/100
|move|p1b: Kingambit|Kowtow Cleave|p2b: Slowking
|-supereffective|p2b: Slowking|1
|-damage|p2b: Slowking|6/100
|move|p2b: Slowking|Trick Room|p2b: Slowking
|-fieldstart|move: Trick Room|[of] p2b: Slowking
|
|-weather|none
|-heal|p2b: Slowking|12/100|[from] item: Leftovers
|upkeep
|turn|12
|
|t:|1785083961
|move|p1a: Sinistcha|Rage Powder|p1a: Sinistcha
|-singleturn|p1a: Sinistcha|move: Rage Powder
|-prepare|p2b: Slowking|Chilly Reception|[premajor]
|move|p2b: Slowking|Chilly Reception|p2b: Slowking
|-weather|Snowscape
|
|t:|1785083972
|-heal|p2b: Slowking|46/100|[from] ability: Regenerator|[silent]
|switch|p2b: Crabominable|Crabominable-Mega, L50, M, shiny|100/100|[from] Chilly Reception
|move|p1b: Kingambit|Kowtow Cleave|p2a: Sableye
|-damage|p2a: Sableye|31/100
|move|p2a: Sableye|Foul Play|p1a: Sinistcha
|-supereffective|p1a: Sinistcha|1
|-crit|p1a: Sinistcha
|-damage|p1a: Sinistcha|0 fnt
|faint|p1a: Sinistcha
|
|-weather|Snowscape|[upkeep]
|upkeep
|turn|13
|
|t:|1785083995
|switch|p2a: Slowking|Slowking-Galar, L50, F|46/100
|move|p2b: Crabominable|Drain Punch|p1b: Kingambit
|-supereffective|p1b: Kingambit|2
|-enditem|p1b: Kingambit|Chople Berry|[eat]
|-enditem|p1b: Kingambit|Chople Berry|[weaken]
|-damage|p1b: Kingambit|18/100
|move|p1b: Kingambit|Kowtow Cleave|p2a: Slowking
|-supereffective|p2a: Slowking|1
|-damage|p2a: Slowking|0 fnt
|faint|p2a: Slowking
|
|-weather|Snowscape|[upkeep]
|upkeep
|
|t:|1785084006
|switch|p2a: Sableye|Sableye, L50, M|31/100
|turn|14
|
|t:|1785084010
|move|p1b: Kingambit|Protect|p1b: Kingambit
|-singleturn|p1b: Kingambit|Protect
|move|p2a: Sableye|Fake Out|p1b: Kingambit
|-activate|p1b: Kingambit|move: Protect
|move|p2b: Crabominable|Drain Punch|p1b: Kingambit
|-activate|p1b: Kingambit|move: Protect
|
|-weather|Snowscape|[upkeep]
|upkeep
|turn|15
|
|t:|1785084029
|move|p1b: Kingambit|Protect||[still]
|-fail|p1b: Kingambit
|move|p2b: Crabominable|Drain Punch|p1b: Kingambit
|-supereffective|p1b: Kingambit|2
|-damage|p1b: Kingambit|0 fnt
|faint|p1b: Kingambit
|
|win|Philly Turtles
|c|☆doxsego|ggss
|c|☆Philly Turtles|gg
|l|☆doxsego
|player|p1|
|c|☆Philly Turtles|that 2nd game was crazy
