|j|☆bruhcarys
|j|☆ExessVGC
|html|bruhcarysExessVGC    
|uhtml|bestof|Game 2 of a best-of-3
|t:|1756274963
|gametype|doubles
|player|p1|bruhcarys|twins-gen4|1035
|player|p2|ExessVGC|101|1091
|gen|9
|tier|[Gen 9] VGC 2025 Reg H (Bo3)
|rated|
|rule|Species Clause: Limit one of each Pokémon
|rule|Item Clause: Limit 1 of each item
|clearpoke
|poke|p1|Annihilape, L50, M|
|poke|p1|Ninetales-Alola, L50, F|
|poke|p1|Talonflame, L50, M|
|poke|p1|Garchomp, L50, M|
|poke|p1|Vivillon-Ocean, L50, F|
|poke|p1|Gholdengo, L50|
|poke|p2|Talonflame, L50, F|
|poke|p2|Dragapult, L50, M|
|poke|p2|Farigiraf, L50, M|
|poke|p2|Ursaluna, L50, M|
|poke|p2|Sinistcha-Masterpiece, L50|
|poke|p2|Garganacl, L50, F|
|teampreview|4
|showteam|p1|Annihilape||SafetyGoggles|Defiant|RageFist,DrainPunch,BulkUp,Protect|||M|||50|,,,,,Water]Ninetales-Alola||CovertCloak|SnowWarning|Blizzard,FreezeDry,AuroraVeil,Protect|||F|||50|,,,,,Ice]Talonflame||SharpBeak|GaleWings|DualWingbeat,Tailwind,WillOWisp,Protect|||M|||50|,,,,,Ghost]Garchomp||LifeOrb|RoughSkin|Earthquake,StompingTantrum,DragonClaw,Protect|||M|||50|,,,,,Steel]Vivillon-Ocean||FocusSash|CompoundEyes|SleepPowder,Hurricane,RagePowder,Protect|||F|||50|,,,,,Ghost]Gholdengo||IronPlate|GoodasGold|MakeItRain,ShadowBall,NastyPlot,Protect||||||50|,,,,,Steel
|showteam|p2|Talonflame||CovertCloak|GaleWings|DualWingbeat,Tailwind,Taunt,SunnyDay|||F|||50|,,,,,Grass]Dragapult||ChoiceBand|ClearBody|DragonDarts,PhantomForce,Uturn,Outrage|||M|||50|,,,,,Dragon]Farigiraf||SitrusBerry|ArmorTail|TrickRoom,PsychicNoise,DazzlingGleam,HelpingHand|||M|||50|,,,,,Fairy]Ursaluna||FlameOrb|Guts|Facade,HeadlongRush,Earthquake,Protect|||M|||50|,,,,,Normal]Sinistcha-Masterpiece||RockyHelmet|Hospitality|RagePowder,TrickRoom,MatchaGotcha,StrengthSap||||||50|,,,,,Fire]Garganacl||Leftovers|PurifyingSalt|SaltCure,Recover,Protect,Substitute|||F|||50|,,,,,Ghost
|inactive|Battle timer is ON: inactive players will automatically lose when time's up. (requested by ExessVGC)
|
|t:|1756274988
|teamsize|p1|4
|teamsize|p2|4
|start
|switch|p1a: Vivillon|Vivillon-Ocean, L50, F|100/100
|switch|p1b: Ninetales|Ninetales-Alola, L50, F, shiny|100/100
|switch|p2a: Dragapult|Dragapult, L50, M|100/100
|switch|p2b: Farigiraf|Farigiraf, L50, M|100/100
|-weather|Snowscape|[from] ability: Snow Warning|[of] p1b: Ninetales
|turn|1
|
|t:|1756275011
|move|p2a: Dragapult|Dragon Darts|p1a: Vivillon
|-damage|p1a: Vivillon|27/100
|-anim|p2a: Dragapult|Dragon Darts|p1a: Vivillon
|-damage|p1a: Vivillon|0 fnt
|faint|p1a: Vivillon
|move|p1b: Ninetales|Aurora Veil|p1b: Ninetales
|-sidestart|p1: bruhcarys|move: Aurora Veil
|move|p2b: Farigiraf|Trick Room|p2b: Farigiraf
|-fieldstart|move: Trick Room|[of] p2b: Farigiraf
|
|-weather|Snowscape|[upkeep]
|upkeep
|
|t:|1756275017
|switch|p1a: Annihilape|Annihilape, L50, M, shiny|100/100
|turn|2
|
|t:|1756275037
|-terastallize|p1a: Annihilape|Water
|move|p2b: Farigiraf|Psychic Noise|p1a: Annihilape
|-damage|p1a: Annihilape|84/100
|-start|p1a: Annihilape|move: Heal Block
|move|p1a: Annihilape|Bulk Up|p1a: Annihilape
|-boost|p1a: Annihilape|atk|1
|-boost|p1a: Annihilape|def|1
|move|p1b: Ninetales|Blizzard|p2b: Farigiraf|[spread] p2a,p2b
|-supereffective|p2a: Dragapult
|-damage|p2a: Dragapult|5/100
|-damage|p2b: Farigiraf|72/100
|move|p2a: Dragapult|Dragon Darts|p1a: Annihilape
|-damage|p1a: Annihilape|65/100
|-anim|p2a: Dragapult|Dragon Darts|p1a: Annihilape
|-damage|p1a: Annihilape|46/100
|
|-weather|Snowscape|[upkeep]
|upkeep
|turn|3
|inactive|bruhcarys has 30 seconds left.
|inactive|ExessVGC has 30 seconds left.
|inactive|bruhcarys has 20 seconds left.
|inactive|bruhcarys has 15 seconds left.
|inactive|bruhcarys has 10 seconds left.
|
|t:|1756275085
|move|p1a: Annihilape|Protect|p1a: Annihilape
|-singleturn|p1a: Annihilape|Protect
|move|p2b: Farigiraf|Dazzling Gleam|p1a: Annihilape|[spread] p1b
|-activate|p1a: Annihilape|move: Protect
|-damage|p1b: Ninetales|88/100
|move|p1b: Ninetales|Blizzard|p2b: Farigiraf|[spread] p2a,p2b
|-supereffective|p2a: Dragapult
|-damage|p2a: Dragapult|0 fnt
|-damage|p2b: Farigiraf|42/100
|-enditem|p2b: Farigiraf|Sitrus Berry|[eat]
|-heal|p2b: Farigiraf|67/100|[from] item: Sitrus Berry
|faint|p2a: Dragapult
|
|-weather|Snowscape|[upkeep]
|-end|p1a: Annihilape|move: Heal Block
|upkeep
|
|t:|1756275094
|switch|p2a: Ursaluna|Ursaluna, L50, M|100/100
|turn|4
|
|t:|1756275116
|-terastallize|p2a: Ursaluna|Normal
|move|p2b: Farigiraf|Helping Hand|p2a: Ursaluna
|-singleturn|p2a: Ursaluna|Helping Hand|[of] p2b: Farigiraf
|move|p1b: Ninetales|Protect|p1b: Ninetales
|-singleturn|p1b: Ninetales|Protect
|move|p2a: Ursaluna|Facade|p1a: Annihilape
|-damage|p1a: Annihilape|8/100
|move|p1a: Annihilape|Drain Punch|p2b: Farigiraf
|-damage|p2b: Farigiraf|31/100
|-heal|p1a: Annihilape|27/100|[from] drain|[of] p2b: Farigiraf
|
|-weather|Snowscape|[upkeep]
|-status|p2a: Ursaluna|brn|[from] item: Flame Orb
|upkeep
|turn|5
|
|t:|1756275138
|switch|p2b: Sinistcha|Sinistcha-Masterpiece, L50|100/100
|switch|p1b: Gholdengo|Gholdengo, L50|100/100
|move|p1a: Annihilape|Protect|p1a: Annihilape
|-singleturn|p1a: Annihilape|Protect
|move|p2a: Ursaluna|Facade|p1b: Gholdengo
|-immune|p1b: Gholdengo
|
|-weather|none
|-damage|p2a: Ursaluna|95/100 brn|[from] brn
|-sideend|p1: bruhcarys|move: Aurora Veil
|-fieldend|move: Trick Room
|upkeep
|turn|6
|inactive|bruhcarys has 30 seconds left.
|inactive|ExessVGC has 30 seconds left.
|inactive|ExessVGC has 20 seconds left.
|inactive|ExessVGC has 15 seconds left.
|
|t:|1756275179
|move|p1a: Annihilape|Rage Fist|p2b: Sinistcha
|-supereffective|p2b: Sinistcha
|-damage|p2b: Sinistcha|0 fnt
|-damage|p1a: Annihilape|10/100|[from] item: Rocky Helmet|[of] p2b: Sinistcha
|faint|p2b: Sinistcha
|move|p1b: Gholdengo|Make It Rain|p2a: Ursaluna
|-damage|p2a: Ursaluna|18/100 brn
|-unboost|p1b: Gholdengo|spa|1
|move|p2a: Ursaluna|Earthquake|p1a: Annihilape|[spread] p1a,p1b
|-supereffective|p1b: Gholdengo
|-damage|p1a: Annihilape|0 fnt
|-damage|p1b: Gholdengo|0 fnt
|faint|p1a: Annihilape
|faint|p1b: Gholdengo
|
|-damage|p2a: Ursaluna|13/100 brn|[from] brn
|upkeep
|
|t:|1756275197
|switch|p1b: Ninetales|Ninetales-Alola, L50, F, shiny|88/100
|switch|p2b: Farigiraf|Farigiraf, L50, M|31/100
|-weather|Snowscape|[from] ability: Snow Warning|[of] p1b: Ninetales
|turn|7
|
|t:|1756275220
|move|p2a: Ursaluna|Protect|p2a: Ursaluna
|-singleturn|p2a: Ursaluna|Protect
|move|p1b: Ninetales|Blizzard|p2a: Ursaluna|[spread] p2b
|-activate|p2a: Ursaluna|move: Protect
|-damage|p2b: Farigiraf|4/100
|move|p2b: Farigiraf|Trick Room|p2b: Farigiraf
|-fieldstart|move: Trick Room|[of] p2b: Farigiraf
|
|-weather|Snowscape|[upkeep]
|-damage|p2a: Ursaluna|7/100 brn|[from] brn
|upkeep
|turn|8
|
|t:|1756275232
|move|p2b: Farigiraf|Helping Hand|p2a: Ursaluna
|-singleturn|p2a: Ursaluna|Helping Hand|[of] p2b: Farigiraf
|move|p2a: Ursaluna|Facade|p1b: Ninetales
|-damage|p1b: Ninetales|0 fnt
|faint|p1b: Ninetales
|
|win|ExessVGC
|raw|bruhcarys's rating: 1035 → 1022(-13 for losing)
|raw|ExessVGC's rating: 1091 → 1113(+22 for winning)
|l|☆bruhcarys
|player|p1|
