|j|ŌśåZekromZeke
|j|ŌśåBytev24
|html|ZekromZekeBytev24    
|uhtml|bestof|Game 1 of a best-of-3
|t:|1782766888
|gametype|doubles
|player|p1|ZekromZeke|#smogonxnpa2026draftee|
|player|p2|Bytev24|#smogonxnpa2026draftee|
|gen|9
|tier|[Gen 9 Champions] VGC 2026 Reg M-B (Bo3)
|rule|Species Clause: Limit one of each Pok├®mon
|rule|Item Clause: Limit 1 of each item
|clearpoke
|poke|p1|Venusaur, L50, M, shiny|
|poke|p1|Grimmsnarl, L50, M|
|poke|p1|Pelipper, L50, M, shiny|
|poke|p1|Archaludon, L50, F|
|poke|p1|Swampert, L50, M|
|poke|p1|Hydreigon, L50, F|
|poke|p2|Floette-Eternal, L50, F|
|poke|p2|Delphox, L50, F|
|poke|p2|Incineroar, L50, F|
|poke|p2|Kingambit, L50, M|
|poke|p2|Sneasler, L50, F|
|poke|p2|Sinistcha, L50|
|teampreview|4
|showteam|p1|Venusaur||Venusaurite|Chlorophyll|Protect,SludgeBomb,GigaDrain,EarthPower|Modest||M|||50|]Grimmsnarl||LightClay|Prankster|SpiritBreak,Reflect,LightScreen,PartingShot|Careful||M|||50|]Pelipper||SitrusBerry|Drizzle|Hurricane,WeatherBall,Tailwind,WideGuard|Modest||M|||50|]Archaludon||Leftovers|Stamina|Protect,ElectroShot,DragonPulse,FlashCannon|Modest||F|||50|]Swampert||Swampertite|Torrent|Protect,WaveCrash,Earthquake,IcePunch|Adamant||M|||50|]Hydreigon||ChoiceScarf|Levitate|DarkPulse,Snarl,DracoMeteor,HeatWave|Modest||F|||50|
|showteam|p2|Floette-Eternal||Floettite|FlowerVeil|Moonblast,DazzlingGleam,CalmMind,Protect|Modest||F|||50|]Delphox||Delphoxite|Blaze|HeatWave,Psyshock,NastyPlot,Protect|Timid||F|||50|]Incineroar||SitrusBerry|Intimidate|FlareBlitz,ThroatChop,PartingShot,FakeOut|Careful||F|||50|]Kingambit||BlackGlasses|Defiant|KowtowCleave,SuckerPunch,SwordsDance,Protect|Adamant||M|||50|]Sneasler||FocusSash|PoisonTouch|CloseCombat,PoisonJab,QuickGuard,FakeOut|Jolly||F|||50|]Sinistcha||KasibBerry|Hospitality|MatchaGotcha,RagePowder,TrickRoom,Protect|Bold|||||50|
|c|ŌśåBytev24|Sending links
|c|ŌśåZekromZeke|Same
|l|ŌśåBytev24
|player|p2|
|j| Sven
|j| baaaaat_
|l| baaaaat_
|j|ŌśåBytev24
|player|p2|Bytev24|#smogonxnpa2026draftee|
|j| frostvg
|j| Finabas
|l| frostvg
|j| Pmc21
|j| superstar jamie
|j| frostvg
|j| Clipperz
|j| Triir
|j| baaaaat_
|l| superstar jamie
|l| Pmc21
|c|ŌśåBytev24|Glhf
|c|ŌśåZekromZeke|U2
|j| superstar jamie
|j| Pmc21
|j| Helios of Sun
|l| baaaaat_
|j| baaaaat_
|j| ParlayPrinceWins
|j| xmarsh
|j| tryingsomethingnew
|j| templevgc
|l| baaaaat_
|l| superstar jamie
|j| Axior
|j| superstar jamie
|
|t:|1782767085
|teamsize|p1|4
|teamsize|p2|4
|start
|switch|p1a: Swampert|Swampert, L50, M|100/100
|switch|p1b: Hydreigon|Hydreigon, L50, F|100/100
|switch|p2a: Floette|Floette-Eternal, L50, F|100/100
|switch|p2b: Incineroar|Incineroar, L50, F|100/100
|-ability|p2b: Incineroar|Intimidate|boost
|-unboost|p1a: Swampert|atk|1
|-unboost|p1b: Hydreigon|atk|1
|turn|1
|j| tangtangtangsahur
|j| pipppo
|l| tangtangtangsahur
|l| xmarsh
|j| tangtangtangsahur
|j| baaaaat_
|l| frostvg
|j| A Regu1ar Guy
|
|t:|1782767140
|detailschange|p2a: Floette|Floette-Mega, L50, F
|-mega|p2a: Floette|Floette|Floettite
|-ability|p2a: Floette|Fairy Aura
|detailschange|p1a: Swampert|Swampert-Mega, L50, M
|-mega|p1a: Swampert|Swampert|Swampertite
|move|p2b: Incineroar|Fake Out|p1a: Swampert
|-damage|p1a: Swampert|90/100
|move|p1b: Hydreigon|Snarl|p2a: Floette|[spread] p2a,p2b
|-resisted|p2a: Floette|1
|-resisted|p2b: Incineroar|1
|-damage|p2a: Floette|90/100
|-damage|p2b: Incineroar|90/100
|-unboost|p2a: Floette|spa|1
|-unboost|p2b: Incineroar|spa|1
|move|p2a: Floette|Dazzling Gleam|p1b: Hydreigon|[spread] p1a,p1b
|-supereffective|p1b: Hydreigon|2
|-damage|p1a: Swampert|62/100
|-damage|p1b: Hydreigon|0 fnt
|faint|p1b: Hydreigon
|cant|p1a: Swampert|flinch
|
|upkeep
|l| tangtangtangsahur
|j| Shapelessse
|
|t:|1782767155
|switch|p1b: Pelipper|Pelipper, L50, M, shiny|100/100
|-weather|RainDance|[from] ability: Drizzle|[of] p1b: Pelipper
|turn|2
|j| azulite_poke
|
|t:|1782767201
|switch|p1a: Venusaur|Venusaur, L50, M, shiny|100/100
|switch|p2a: Sinistcha|Sinistcha, L50|100/100
|-heal|p2b: Incineroar|100/100|[from] ability: Hospitality|[of] p2a: Sinistcha
|switch|p2b: Kingambit|Kingambit, L50, M|100/100
|move|p1b: Pelipper|Tailwind|p1b: Pelipper
|-sidestart|p1: ZekromZeke|move: Tailwind
|
|-weather|RainDance|[upkeep]
|upkeep
|turn|3
|j| frostvg
|l| Shapelessse
|l| frostvg
|
|t:|1782767242
|move|p2a: Sinistcha|Rage Powder|p2a: Sinistcha
|-singleturn|p2a: Sinistcha|move: Rage Powder
|move|p1a: Venusaur|Earth Power|p2b: Kingambit
|-supereffective|p2b: Kingambit|1
|-damage|p2b: Kingambit|44/100
|move|p1b: Pelipper|Hurricane|p2a: Sinistcha
|-supereffective|p2a: Sinistcha|1
|-damage|p2a: Sinistcha|21/100
|move|p2b: Kingambit|Swords Dance|p2b: Kingambit
|-boost|p2b: Kingambit|atk|2
|
|-weather|RainDance|[upkeep]
|upkeep
|turn|4
|
|t:|1782767290
|switch|p2a: Incineroar|Incineroar, L50, F|100/100
|-ability|p2a: Incineroar|Intimidate|boost
|-unboost|p1a: Venusaur|atk|1
|-unboost|p1b: Pelipper|atk|1
|move|p1a: Venusaur|Protect|p1a: Venusaur
|-singleturn|p1a: Venusaur|Protect
|move|p2b: Kingambit|Protect|p2b: Kingambit
|-singleturn|p2b: Kingambit|Protect
|move|p1b: Pelipper|Weather Ball|p2b: Kingambit
|-activate|p2b: Kingambit|move: Protect
|
|-weather|RainDance|[upkeep]
|upkeep
|turn|5
|j| YOASOBI stan
|
|t:|1782767361
|switch|p1b: Swampert|Swampert-Mega, L50, M|62/100
|move|p1a: Venusaur|Protect|p1a: Venusaur
|-singleturn|p1a: Venusaur|Protect
|move|p2a: Incineroar|Fake Out|p1a: Venusaur
|-activate|p1a: Venusaur|move: Protect
|move|p2b: Kingambit|Sucker Punch||[still]
|-fail|p2b: Kingambit
|
|-weather|RainDance|[upkeep]
|-sideend|p1: ZekromZeke|move: Tailwind
|upkeep
|turn|6
|
|t:|1782767396
|switch|p1b: Pelipper|Pelipper, L50, M, shiny|100/100
|switch|p2a: Sinistcha|Sinistcha, L50|21/100
|-heal|p2b: Kingambit|69/100|[from] ability: Hospitality|[of] p2a: Sinistcha
|move|p2b: Kingambit|Sucker Punch||[still]
|-fail|p2b: Kingambit
|move|p1a: Venusaur|Earth Power|p2b: Kingambit
|-supereffective|p2b: Kingambit|1
|-crit|p2b: Kingambit
|-damage|p2b: Kingambit|0 fnt
|faint|p2b: Kingambit
|
|-weather|none
|upkeep
|l| A Regu1ar Guy
|
|t:|1782767407
|switch|p2b: Incineroar|Incineroar, L50, F|100/100
|-ability|p2b: Incineroar|Intimidate|boost
|-unboost|p1a: Venusaur|atk|1
|-unboost|p1b: Pelipper|atk|1
|turn|7
|j| frostvg
|j| Xnsjshccbc
|
|t:|1782767476
|move|p1a: Venusaur|Sludge Bomb|p2a: Sinistcha
|-damage|p2a: Sinistcha|0 fnt
|faint|p2a: Sinistcha
|move|p2b: Incineroar|Flare Blitz|p1a: Venusaur
|-supereffective|p1a: Venusaur|1
|-damage|p1a: Venusaur|0 fnt
|faint|p1a: Venusaur
|-damage|p2b: Incineroar|71/100|[from] Recoil
|move|p1b: Pelipper|Hurricane|p2b: Incineroar
|-damage|p2b: Incineroar|39/100
|-start|p2b: Incineroar|confusion
|-enditem|p2b: Incineroar|Sitrus Berry|[eat]
|-heal|p2b: Incineroar|64/100|[from] item: Sitrus Berry
|
|upkeep
|
|t:|1782767490
|switch|p1a: Swampert|Swampert-Mega, L50, M|62/100
|switch|p2a: Floette|Floette-Mega, L50, F|90/100
|-ability|p2a: Floette|Fairy Aura
|turn|8
|
|t:|1782767539
|move|p1a: Swampert|Protect|p1a: Swampert
|-singleturn|p1a: Swampert|Protect
|move|p2a: Floette|Calm Mind|p2a: Floette
|-boost|p2a: Floette|spa|1
|-boost|p2a: Floette|spd|1
|-activate|p2b: Incineroar|confusion
|move|p2b: Incineroar|Parting Shot|p1b: Pelipper
|-unboost|p1b: Pelipper|atk|1
|-unboost|p1b: Pelipper|spa|1
|move|p1b: Pelipper|Tailwind|p1b: Pelipper
|-sidestart|p1: ZekromZeke|move: Tailwind
|
|upkeep
|turn|9
|l| Xnsjshccbc
|l| Finabas
|
|t:|1782767579
|move|p1a: Swampert|Wave Crash|p2a: Floette
|-damage|p2a: Floette|4/100
|-damage|p1a: Swampert|38/100|[from] Recoil
|move|p1b: Pelipper|Hurricane|p2a: Floette
|-damage|p2a: Floette|0 fnt
|faint|p2a: Floette
|-activate|p2b: Incineroar|confusion
|move|p2b: Incineroar|Throat Chop|p1b: Pelipper
|-damage|p1b: Pelipper|67/100
|-start|p1b: Pelipper|Throat Chop|[silent]
|
|upkeep
|turn|10
|j| DubiousVGC
|-message|Bytev24 forfeited.
|
|win|ZekromZeke
||ZekromZeke is ready for game 2.
|l| superstar jamie
||Bytev24 is ready for game 2.
|uhtml|next|Next: Game 2 of 3
|j| FBISurveillanceMan
|l| FBISurveillanceMan
|j| Hzhzhzb n C
|j| superstar jamie
|j| Yoshiandlugia
|l| Hzhzhzb n C
|j| Finabas
|l| YOASOBI stan
|l| baaaaat_
|l| superstar jamie
|l| frostvg
|j| baaaaat_
|l| Finabas
|j| sheist goob-nut
|j| Finabas
|j| Daneci
|l|ŌśåBytev24
|player|p2|
|l| Daneci
|j| Justified Joe
|j|+PinkSylvie
|n| BusinessPig|sheistgoobnut
|l|+PinkSylvie
|l| Finabas
|l| baaaaat_
|l| DubiousVGC
|j| Finabas
|l| Finabas
|l| pipppo
|j| Finabas
|j| LivioVGC
|l| Justified Joe
|l| Finabas
|j| Flaniwali
|j| Finabas
|j| DarkJorch
|l| Pmc21
|l| tryingsomethingnew
|l| Finabas
|l| Helios of Sun
|l| Flaniwali
|l| LivioVGC
|l| Yoshiandlugia
|l| DarkJorch
|l| ParlayPrinceWins
|j| Helios of Sun
|l|ŌśåZekromZeke
|player|p1|
|l| Triir
|l| Axior
|j|ŌśåBytev24
|player|p2|Bytev24|#smogonxnpa2026draftee|
