|j|‽ovalboi
|j|☆latios66
|html|ovalboilatios66    
|uhtml|bestof|Game 3 of a best-of-3
|t:|1756765042
|gametype|doubles
|player|p1|ovalboi|102|1160
|player|p2|latios66|170|1164
|gen|9
|tier|[Gen 9] VGC 2025 Reg H (Bo3)
|rated|
|rule|Species Clause: Limit one of each Pokémon
|rule|Item Clause: Limit 1 of each item
|clearpoke
|poke|p1|Gallade, L50, M|
|poke|p1|Ursaluna, L50, F|
|poke|p1|Torkoal, L50, F|
|poke|p1|Indeedee-F, L50, F|
|poke|p1|Hatterene, L50, F|
|poke|p1|Maushold, L50|
|poke|p2|Toedscruel, L50, F|
|poke|p2|Weezing-Galar, L50, F|
|poke|p2|Corviknight, L50, F|
|poke|p2|Pawmot, L50, M|
|poke|p2|Garchomp, L50, F|
|poke|p2|Typhlosion-Hisui, L50, M|
|teampreview|4
|showteam|p1|Gallade||ClearAmulet|Sharpness|SacredSword,PsychoCut,WideGuard,TrickRoom|||M|||50|,,,,,Grass]Ursaluna||FlameOrb|Guts|Facade,HeadlongRush,Protect,Earthquake|||F|||50|,,,,,Ghost]Torkoal||ChoiceSpecs|Drought|Eruption,WeatherBall,HeatWave,EarthPower|||F|||50|,,,,,Fire]Indeedee-F||PsychicSeed|PsychicSurge|FollowMe,TrickRoom,Psychic,HelpingHand|||F|||50|,,,,,Water]Hatterene||LifeOrb|MagicBounce|ExpandingForce,DazzlingGleam,TeraBlast,TrickRoom|||F|||50|,,,,,Fire]Maushold||WideLens|Technician|PopulationBomb,Taunt,FollowMe,Protect||||||50|,,,,,Poison
|showteam|p2|Toedscruel||CovertCloak|MyceliumMight|Spore,EarthPower,AcidSpray,RagePowder|||F|||50|,,,,,Water]Weezing-Galar||ChoiceSpecs|NeutralizingGas|DazzlingGleam,SludgeBomb,StrangeSteam,Flamethrower|||F|||50|,,,,,Fire]Corviknight||SitrusBerry|MirrorArmor|Protect,Tailwind,Roost,BraveBird|||F|||50|,,,,,Dragon]Pawmot||FocusSash|NaturalCure|Protect,CloseCombat,DoubleShock,FakeOut|||M|||50|,,,,,Electric]Garchomp||LifeOrb|RoughSkin|Protect,Earthquake,DragonClaw,StompingTantrum|||F|||50|,,,,,Ground]Typhlosion-Hisui||ChoiceScarf|Blaze|Eruption,SleepTalk,HeatWave,ShadowBall|||M|||50|,,,,,Fire
|
|t:|1756765067
|teamsize|p1|4
|teamsize|p2|4
|start
|switch|p1a: Maushold|Maushold, L50|100/100
|switch|p1b: Indeedee|Indeedee-F, L50, F|100/100
|switch|p2a: Weezing|Weezing-Galar, L50, F|100/100
|switch|p2b: Typhlosion|Typhlosion-Hisui, L50, M|100/100
|-ability|p2a: Weezing|Neutralizing Gas
|turn|1
|inactive|Battle timer is ON: inactive players will automatically lose when time's up. (requested by ovalboi)
|
|t:|1756765087
|-terastallize|p2b: Typhlosion|Fire
|-terastallize|p1b: Indeedee|Water
|move|p2b: Typhlosion|Eruption|p1a: Maushold|[spread] p1a,p1b
|-resisted|p1b: Indeedee
|-damage|p1a: Maushold|0 fnt
|-damage|p1b: Indeedee|59/100
|faint|p1a: Maushold
|move|p2a: Weezing|Dazzling Gleam|p1b: Indeedee
|-damage|p1b: Indeedee|15/100
|move|p1b: Indeedee|Trick Room|p1b: Indeedee
|-fieldstart|move: Trick Room|[of] p1b: Indeedee
|
|upkeep
|
|t:|1756765097
|switch|p1a: Torkoal|Torkoal, L50, F|100/100
|turn|2
|inactive|ovalboi has 30 seconds left.
|
|t:|1756765128
|switch|p2b: Garchomp|Garchomp, L50, F|100/100
|move|p1a: Torkoal|Eruption|p2a: Weezing|[spread] p2a,p2b
|-resisted|p2b: Garchomp
|-damage|p2a: Weezing|13/100
|-damage|p2b: Garchomp|61/100
|move|p2a: Weezing|Dazzling Gleam|p1b: Indeedee|[spread] p1a,p1b
|-resisted|p1a: Torkoal
|-damage|p1a: Torkoal|77/100
|-damage|p1b: Indeedee|0 fnt
|faint|p1b: Indeedee
|
|upkeep
|
|t:|1756765136
|switch|p1b: Ursaluna|Ursaluna, L50, F|100/100
|turn|3
|inactive|ovalboi has 30 seconds left.
|inactive|ovalboi has 20 seconds left.
|
|t:|1756765176
|move|p2b: Garchomp|Protect|p2b: Garchomp
|-singleturn|p2b: Garchomp|Protect
|move|p1a: Torkoal|Eruption|p2a: Weezing|[spread] p2a
|-activate|p2b: Garchomp|move: Protect
|-damage|p2a: Weezing|0 fnt
|faint|p2a: Weezing
|-end|p2a: Weezing|ability: Neutralizing Gas
|-weather|SunnyDay|[from] ability: Drought|[of] p1a: Torkoal
|move|p1b: Ursaluna|Facade|p2b: Garchomp
|-activate|p2b: Garchomp|move: Protect
|
|-weather|SunnyDay|[upkeep]
|-status|p1b: Ursaluna|brn|[from] item: Flame Orb
|upkeep
|
|t:|1756765184
|switch|p2a: Pawmot|Pawmot, L50, M|100/100
|turn|4
|inactive|latios66 has 30 seconds left.
|
|t:|1756765210
|switch|p2a: Typhlosion|Typhlosion-Hisui, L50, M, tera:Fire|100/100
|move|p1a: Torkoal|Eruption|p2b: Garchomp|[spread] p2a,p2b
|-resisted|p2a: Typhlosion
|-resisted|p2b: Garchomp
|-damage|p2a: Typhlosion|48/100
|-damage|p2b: Garchomp|16/100
|move|p1b: Ursaluna|Facade|p2b: Garchomp
|-damage|p2b: Garchomp|0 fnt
|-damage|p1b: Ursaluna|88/100 brn|[from] ability: Rough Skin|[of] p2b: Garchomp
|faint|p2b: Garchomp
|
|-weather|SunnyDay|[upkeep]
|-damage|p1b: Ursaluna|83/100 brn|[from] brn
|upkeep
|
|t:|1756765226
|switch|p2b: Pawmot|Pawmot, L50, M|100/100
|turn|5
|
|t:|1756765240
|move|p2b: Pawmot|Fake Out|p1b: Ursaluna
|-damage|p1b: Ursaluna|74/100 brn
|move|p1a: Torkoal|Eruption|p2b: Pawmot|[spread] p2a,p2b
|-resisted|p2a: Typhlosion
|-damage|p2a: Typhlosion|0 fnt
|-enditem|p2b: Pawmot|Focus Sash
|-damage|p2b: Pawmot|1/100
|faint|p2a: Typhlosion
|cant|p1b: Ursaluna|flinch
|
|-weather|SunnyDay|[upkeep]
|-damage|p1b: Ursaluna|68/100 brn|[from] brn
|-fieldend|move: Trick Room
|upkeep
|turn|6
|
|t:|1756765260
|move|p2b: Pawmot|Double Shock|p1a: Torkoal
|-damage|p1a: Torkoal|37/100
|-start|p2b: Pawmot|typechange|???/Fighting|[from] move: Double Shock
|move|p1b: Ursaluna|Facade|p2b: Pawmot
|-crit|p2b: Pawmot
|-damage|p2b: Pawmot|0 fnt
|faint|p2b: Pawmot
|
|win|ovalboi
|raw|ovalboi's rating: 1160 → 1185(+25 for winning)
|raw|latios66's rating: 1164 → 1139(-25 for losing)
