|j|☆sandy ghost 5
|j|☆caZISA
|html|sandy ghost 5caZISA    
|uhtml|bestof|Game 2 of a best-of-3
|t:|1756923484
|gametype|doubles
|player|p1|sandy ghost 5|baker|1340
|player|p2|caZISA|red|1341
|gen|9
|tier|[Gen 9] VGC 2025 Reg H (Bo3)
|rated|
|rule|Species Clause: Limit one of each Pokémon
|rule|Item Clause: Limit 1 of each item
|clearpoke
|poke|p1|Tyranitar, L50, M|
|poke|p1|Excadrill, L50, F|
|poke|p1|Sinistcha-Masterpiece, L50|
|poke|p1|Salamence, L50, F|
|poke|p1|Blaziken, L50, M|
|poke|p1|Bruxish, L50, M|
|poke|p2|Garchomp, L50, M|
|poke|p2|Tyranitar, L50, F|
|poke|p2|Rillaboom, L50, F|
|poke|p2|Volcarona, L50, F|
|poke|p2|Sneasler, L50, M|
|poke|p2|Gholdengo, L50|
|teampreview|4
|showteam|p1|Tyranitar||ClearAmulet|SandStream|RockSlide,KnockOff,DragonDance,Protect|||M|||50|,,,,,Grass]Excadrill||AssaultVest|SandRush|Earthquake,IronHead,HighHorsepower,RockSlide|||F|||50|,,,,,Ghost]Sinistcha-Masterpiece||SitrusBerry|Hospitality|ShadowBall,MatchaGotcha,RagePowder,Protect||||||50|,,,,,Dark]Salamence||LifeOrb|Intimidate|DracoMeteor,AirSlash,Protect,Tailwind|||F|||50|,,,,,Ghost]Blaziken||CovertCloak|SpeedBoost|AuraSphere,HeatWave,Coaching,WillOWisp|||M|||50|,,,,,Dragon]Bruxish||ChoiceScarf|Dazzling|PsychicFangs,FlipTurn,WaveCrash,SuperFang|||M|||50|,,,,,Water
|showteam|p2|Garchomp||ClearAmulet|SandVeil|DragonClaw,StompingTantrum,SwordsDance,Protect|||M|||50|,,,,,Fire]Tyranitar||AssaultVest|SandStream|RockSlide,KnockOff,TeraBlast,LowKick|||F|||50|,,,,,Flying]Rillaboom||MiracleSeed|GrassySurge|FakeOut,GrassyGlide,WoodHammer,Uturn|||F|||50|,,,,,Grass]Volcarona||RockyHelmet|FlameBody|Flamethrower,StruggleBug,RagePowder,Protect|||F|||50|,,,,,Water]Sneasler||GrassySeed|Unburden|DireClaw,CloseCombat,ThroatChop,Protect|||M|||50|,,,,,Dark]Gholdengo||MetalCoat|GoodasGold|MakeItRain,ShadowBall,NastyPlot,Protect||||||50|,,,,,Dragon
|
|t:|1756923537
|teamsize|p1|4
|teamsize|p2|4
|start
|switch|p1a: Bruxish|Bruxish, L50, M|100/100
|switch|p1b: Excadrill|Excadrill, L50, F|100/100
|switch|p2a: Anchor|Garchomp, L50, M|100/100
|switch|p2b: Volcarona|Volcarona, L50, F|100/100
|turn|1
|inactive|Battle timer is ON: inactive players will automatically lose when time's up. (requested by caZISA)
|
|t:|1756923573
|-terastallize|p1b: Excadrill|Ghost
|-terastallize|p2b: Volcarona|Water
|move|p2b: Volcarona|Rage Powder|p2b: Volcarona
|-singleturn|p2b: Volcarona|move: Rage Powder
|move|p1a: Bruxish|Flip Turn|p2b: Volcarona
|-resisted|p2b: Volcarona
|-damage|p2b: Volcarona|88/100
|-damage|p1a: Bruxish|84/100|[from] item: Rocky Helmet|[of] p2b: Volcarona
|-status|p1a: Bruxish|brn|[from] ability: Flame Body|[of] p2b: Volcarona
|
|t:|1756923585
|switch|p1a: Salamence|Salamence, L50, F|100/100|[from] Flip Turn
|-ability|p1a: Salamence|Intimidate|boost
|-fail|p2a: Anchor|unboost|[from] item: Clear Amulet|[of] p2a: Anchor
|-unboost|p2b: Volcarona|atk|1
|move|p2a: Anchor|Swords Dance|p2a: Anchor
|-boost|p2a: Anchor|atk|2
|move|p1b: Excadrill|Earthquake|p2b: Volcarona|[spread] p2a,p2b
|-immune|p1a: Salamence
|-damage|p2a: Anchor|54/100
|-damage|p2b: Volcarona|48/100
|
|upkeep
|turn|2
|inactive|caZISA has 30 seconds left.
|
|t:|1756923619
|switch|p1a: Tyranitar|Tyranitar, L50, M|100/100
|-weather|Sandstorm|[from] ability: Sand Stream|[of] p1a: Tyranitar
|move|p2b: Volcarona|Rage Powder|p2b: Volcarona
|-singleturn|p2b: Volcarona|move: Rage Powder
|move|p1b: Excadrill|Earthquake|p2a: Anchor|[spread] p1a,p2a,p2b
|-supereffective|p1a: Tyranitar
|-damage|p1a: Tyranitar|19/100
|-damage|p2a: Anchor|8/100
|-damage|p2b: Volcarona|10/100
|move|p2a: Anchor|Dragon Claw|p1b: Excadrill
|-damage|p1b: Excadrill|0 fnt
|faint|p1b: Excadrill
|
|-weather|Sandstorm|[upkeep]
|-damage|p2b: Volcarona|4/100|[from] Sandstorm
|upkeep
|
|t:|1756923633
|switch|p1b: Bruxish|Bruxish, L50, M|84/100 brn
|turn|3
|
|t:|1756923646
|move|p1a: Tyranitar|Protect|p1a: Tyranitar
|-singleturn|p1a: Tyranitar|Protect
|move|p2b: Volcarona|Rage Powder|p2b: Volcarona
|-singleturn|p2b: Volcarona|move: Rage Powder
|move|p1b: Bruxish|Psychic Fangs|p2b: Volcarona
|-damage|p2b: Volcarona|0 fnt
|-damage|p1b: Bruxish|67/100 brn|[from] item: Rocky Helmet|[of] p2b: Volcarona
|faint|p2b: Volcarona
|move|p2a: Anchor|Dragon Claw|p1a: Tyranitar
|-activate|p1a: Tyranitar|move: Protect
|
|-weather|Sandstorm|[upkeep]
|-damage|p1b: Bruxish|61/100 brn|[from] Sandstorm
|-damage|p1b: Bruxish|55/100 brn|[from] brn
|upkeep
|
|t:|1756923651
|switch|p2b: Sneasler|Sneasler, L50, M|100/100
|turn|4
|inactive|sandy ghost 5 has 30 seconds left.
|
|t:|1756923677
|switch|p2a: Rillaboom|Rillaboom, L50, F|100/100
|-fieldstart|move: Grassy Terrain|[from] ability: Grassy Surge|[of] p2a: Rillaboom
|-enditem|p2b: Sneasler|Grassy Seed
|-boost|p2b: Sneasler|def|1|[from] item: Grassy Seed
|switch|p1a: Salamence|Salamence, L50, F|100/100
|-ability|p1a: Salamence|Intimidate|boost
|-unboost|p2a: Rillaboom|atk|1
|-unboost|p2b: Sneasler|atk|1
|move|p2b: Sneasler|Throat Chop|p1b: Bruxish
|-supereffective|p1b: Bruxish
|-damage|p1b: Bruxish|0 fnt
|faint|p1b: Bruxish
|
|-weather|Sandstorm|[upkeep]
|-damage|p2b: Sneasler|95/100|[from] Sandstorm
|-damage|p1a: Salamence|95/100|[from] Sandstorm
|-damage|p2a: Rillaboom|95/100|[from] Sandstorm
|-heal|p2b: Sneasler|100/100|[from] Grassy Terrain
|-heal|p2a: Rillaboom|100/100|[from] Grassy Terrain
|upkeep
|
|t:|1756923682
|switch|p1b: Tyranitar|Tyranitar, L50, M|19/100
|turn|5
|
|t:|1756923701
|move|p2a: Rillaboom|Fake Out|p1a: Salamence
|-damage|p1a: Salamence|81/100
|move|p2b: Sneasler|Close Combat|p1b: Tyranitar
|-supereffective|p1b: Tyranitar
|-damage|p1b: Tyranitar|0 fnt
|-unboost|p2b: Sneasler|def|1
|-unboost|p2b: Sneasler|spd|1
|faint|p1b: Tyranitar
|cant|p1a: Salamence|flinch
|
|-weather|Sandstorm|[upkeep]
|-damage|p2b: Sneasler|95/100|[from] Sandstorm
|-damage|p1a: Salamence|75/100|[from] Sandstorm
|-damage|p2a: Rillaboom|95/100|[from] Sandstorm
|-heal|p2b: Sneasler|100/100|[from] Grassy Terrain
|-heal|p2a: Rillaboom|100/100|[from] Grassy Terrain
|upkeep
|turn|6
|
|t:|1756923707
|move|p2b: Sneasler|Dire Claw|p1a: Salamence
|-damage|p1a: Salamence|40/100
|move|p1a: Salamence|Tailwind|p1a: Salamence
|-sidestart|p1: sandy ghost 5|move: Tailwind
|move|p2a: Rillaboom|U-turn|p1a: Salamence
|-resisted|p1a: Salamence
|-damage|p1a: Salamence|29/100
|
|t:|1756923711
|switch|p2a: Anchor|Garchomp, L50, M|8/100|[from] U-turn
|
|-weather|none
|-heal|p2a: Anchor|14/100|[from] Grassy Terrain
|upkeep
|turn|7
|
|t:|1756923723
|move|p2b: Sneasler|Dire Claw|p1a: Salamence
|-damage|p1a: Salamence|0 fnt
|faint|p1a: Salamence
|
|win|caZISA
||sandy ghost 5 is ready for game 3.
||caZISA is ready for game 3.
|uhtml|next|Next: Game 3 of 3
