|j|☆kingdracothe3rd
|j|☆Cage92
|html|kingdracothe3rdCage92    
|uhtml|bestof|Game 1 of a best-of-3
|t:|1756757417
|gametype|doubles
|player|p1|kingdracothe3rd|nobunaga-conquest|1146
|player|p2|Cage92|bugsy|1261
|gen|9
|tier|[Gen 9] VGC 2025 Reg H (Bo3)
|rated|
|rule|Species Clause: Limit one of each Pokémon
|rule|Item Clause: Limit 1 of each item
|clearpoke
|poke|p1|Kingambit, L50, M|
|poke|p1|Electabuzz, L50, F|
|poke|p1|Volcarona, L50, M|
|poke|p1|Rillaboom, L50, M|
|poke|p1|Basculegion, L50, M|
|poke|p1|Corviknight, L50, F|
|poke|p2|Corviknight, L50, M|
|poke|p2|Garchomp, L50, M|
|poke|p2|Tyranitar, L50, M|
|poke|p2|Gholdengo, L50|
|poke|p2|Sneasler, L50, M|
|poke|p2|Incineroar, L50, M|
|teampreview|4
|showteam|p1|Kingambit||DreadPlate|Defiant|KowtowCleave,SuckerPunch,SwordsDance,Protect|||M|||50|,,,,,Dark]Electabuzz||Eviolite|VitalSpirit|Electroweb,FollowMe,Taunt,VoltSwitch|||F|||50|,,,,,Dragon]Volcarona||CovertCloak|FlameBody|HeatWave,GigaDrain,QuiverDance,Protect|||M|||50|,,,,,Grass]Rillaboom||AssaultVest|GrassySurge|WoodHammer,GrassyGlide,HighHorsepower,FakeOut|||M|||50|,,,,,Fire]Basculegion||ChoiceScarf|Adaptability|WaveCrash,LastRespects,FlipTurn,AquaJet|||M|||50|,,,,,Water]Corviknight||Leftovers|MirrorArmor|BraveBird,BodyPress,BulkUp,Roost|||F|||50|,,,,,Dragon
|showteam|p2|Corviknight||CovertCloak|MirrorArmor|BraveBird,Taunt,Roost,Tailwind|||M|||50|,,,,,Dragon]Garchomp||ClearAmulet|RoughSkin|Earthquake,DragonClaw,StompingTantrum,Protect|||M|||50|,,,,,Steel]Tyranitar||AssaultVest|SandStream|RockSlide,KnockOff,TeraBlast,LowKick|||M|||50|,,,,,Flying]Gholdengo||LifeOrb|GoodasGold|MakeItRain,ShadowBall,NastyPlot,Protect||||||50|,,,,,Flying]Sneasler||WhiteHerb|Unburden|DireClaw,CloseCombat,Coaching,Protect|||M|||50|,,,,,Ghost]Incineroar||SafetyGoggles|Intimidate|FlareBlitz,WillOWisp,PartingShot,FakeOut|||M|||50|,,,,,Ghost
|inactive|Battle timer is ON: inactive players will automatically lose when time's up. (requested by kingdracothe3rd)
|
|t:|1756757470
|teamsize|p1|4
|teamsize|p2|4
|start
|switch|p1a: Whitebeard|Kingambit, L50, M, shiny|100/100
|switch|p1b: Kamanari|Electabuzz, L50, F, shiny|100/100
|switch|p2a: Sneasler|Sneasler, L50, M|100/100
|switch|p2b: Garchomp|Garchomp, L50, M|100/100
|turn|1
|
|t:|1756757494
|move|p2a: Sneasler|Protect|p2a: Sneasler
|-singleturn|p2a: Sneasler|Protect
|move|p1b: Kamanari|Follow Me|p1b: Kamanari
|-singleturn|p1b: Kamanari|move: Follow Me
|move|p2b: Garchomp|Earthquake|p1a: Whitebeard|[spread] p1a,p1b
|-activate|p2a: Sneasler|move: Protect
|-supereffective|p1a: Whitebeard
|-supereffective|p1b: Kamanari
|-damage|p1a: Whitebeard|45/100
|-damage|p1b: Kamanari|47/100
|move|p1a: Whitebeard|Swords Dance|p1a: Whitebeard
|-boost|p1a: Whitebeard|atk|2
|
|upkeep
|turn|2
|
|t:|1756757509
|-terastallize|p1a: Whitebeard|Dark
|move|p2b: Garchomp|Protect|p2b: Garchomp
|-singleturn|p2b: Garchomp|Protect
|move|p1b: Kamanari|Follow Me|p1b: Kamanari
|-singleturn|p1b: Kamanari|move: Follow Me
|move|p1a: Whitebeard|Sucker Punch||[still]
|-fail|p1a: Whitebeard
|move|p2a: Sneasler|Coaching|p2b: Garchomp
|-boost|p2b: Garchomp|atk|1
|-boost|p2b: Garchomp|def|1
|
|upkeep
|turn|3
|
|t:|1756757528
|move|p1b: Kamanari|Follow Me|p1b: Kamanari
|-singleturn|p1b: Kamanari|move: Follow Me
|move|p1a: Whitebeard|Sucker Punch|p2b: Garchomp
|-damage|p2b: Garchomp|12/100
|-damage|p1a: Whitebeard|33/100|[from] ability: Rough Skin|[of] p2b: Garchomp
|move|p2a: Sneasler|Close Combat|p1b: Kamanari
|-damage|p1b: Kamanari|5/100
|-unboost|p2a: Sneasler|def|1
|-unboost|p2a: Sneasler|spd|1
|-enditem|p2a: Sneasler|White Herb
|-clearnegativeboost|p2a: Sneasler|[silent]
|move|p2b: Garchomp|Stomping Tantrum|p1b: Kamanari
|-supereffective|p1b: Kamanari
|-damage|p1b: Kamanari|0 fnt
|faint|p1b: Kamanari
|
|upkeep
|
|t:|1756757546
|switch|p1b: Gojo|Basculegion, L50, M|100/100
|turn|4
|inactive|Cage92 has 30 seconds left.
|
|t:|1756757574
|move|p2b: Garchomp|Protect|p2b: Garchomp
|-singleturn|p2b: Garchomp|Protect
|move|p1a: Whitebeard|Sucker Punch|p2a: Sneasler
|-resisted|p2a: Sneasler
|-damage|p2a: Sneasler|8/100
|move|p2a: Sneasler|Close Combat|p1a: Whitebeard
|-supereffective|p1a: Whitebeard
|-damage|p1a: Whitebeard|0 fnt
|-unboost|p2a: Sneasler|def|1
|-unboost|p2a: Sneasler|spd|1
|faint|p1a: Whitebeard
|move|p1b: Gojo|Wave Crash|p2b: Garchomp
|-activate|p2b: Garchomp|move: Protect
|
|upkeep
|
|t:|1756757587
|switch|p1a: Galahad|Corviknight, L50, F, shiny|100/100
|turn|5
|inactive|Cage92 has 30 seconds left.
|
|t:|1756757614
|move|p2a: Sneasler|Dire Claw|p1b: Gojo
|-resisted|p1b: Gojo
|-damage|p1b: Gojo|77/100
|move|p1b: Gojo|Wave Crash|p2b: Garchomp
|-damage|p2b: Garchomp|0 fnt
|-damage|p1b: Gojo|64/100|[from] ability: Rough Skin|[of] p2b: Garchomp
|faint|p2b: Garchomp
|-damage|p1b: Gojo|61/100|[from] Recoil
|move|p1a: Galahad|Bulk Up|p1a: Galahad
|-boost|p1a: Galahad|atk|1
|-boost|p1a: Galahad|def|1
|
|upkeep
|
|t:|1756757626
|switch|p2b: Incineroar|Incineroar, L50, M|100/100
|-ability|p2b: Incineroar|Intimidate|boost
|-ability|p1a: Galahad|Mirror Armor
|-unboost|p2b: Incineroar|atk|1
|-unboost|p1b: Gojo|atk|1
|turn|6
|
|t:|1756757639
|move|p2b: Incineroar|Fake Out|p1a: Galahad
|-resisted|p1a: Galahad
|-damage|p1a: Galahad|99/100
|move|p2a: Sneasler|Dire Claw|p1b: Gojo
|-resisted|p1b: Gojo
|-damage|p1b: Gojo|35/100
|move|p1b: Gojo|Wave Crash|p2b: Incineroar
|-supereffective|p2b: Incineroar
|-damage|p2b: Incineroar|3/100
|-damage|p1b: Gojo|2/100|[from] Recoil
|cant|p1a: Galahad|flinch
|
|-heal|p1a: Galahad|100/100|[from] item: Leftovers
|upkeep
|turn|7
|
|t:|1756757662
|move|p2a: Sneasler|Dire Claw|p1b: Gojo
|-resisted|p1b: Gojo
|-damage|p1b: Gojo|0 fnt
|faint|p1b: Gojo
|move|p2b: Incineroar|Will-O-Wisp|p1a: Galahad
|-status|p1a: Galahad|brn
|move|p1a: Galahad|Body Press|p2b: Incineroar
|-supereffective|p2b: Incineroar
|-damage|p2b: Incineroar|0 fnt
|faint|p2b: Incineroar
|
|-damage|p1a: Galahad|95/100 brn|[from] brn
|upkeep
|
|t:|1756757671
|switch|p2b: Tyranitar|Tyranitar, L50, M|100/100
|-weather|Sandstorm|[from] ability: Sand Stream|[of] p2b: Tyranitar
|turn|8
|
|t:|1756757689
|-terastallize|p2b: Tyranitar|Flying
|move|p2a: Sneasler|Coaching|p2b: Tyranitar
|-boost|p2b: Tyranitar|atk|1
|-boost|p2b: Tyranitar|def|1
|move|p2b: Tyranitar|Rock Slide|p1a: Galahad
|-damage|p1a: Galahad|65/100 brn
|move|p1a: Galahad|Bulk Up|p1a: Galahad
|-boost|p1a: Galahad|atk|1
|-boost|p1a: Galahad|def|1
|
|-weather|Sandstorm|[upkeep]
|-damage|p2a: Sneasler|2/100|[from] Sandstorm
|-damage|p2b: Tyranitar|95/100|[from] Sandstorm
|-heal|p1a: Galahad|71/100 brn|[from] item: Leftovers
|-damage|p1a: Galahad|65/100 brn|[from] brn
|upkeep
|turn|9
|
|t:|1756757709
|move|p2a: Sneasler|Coaching|p2b: Tyranitar
|-boost|p2b: Tyranitar|atk|1
|-boost|p2b: Tyranitar|def|1
|move|p2b: Tyranitar|Rock Slide|p1a: Galahad
|-damage|p1a: Galahad|32/100 brn
|cant|p1a: Galahad|flinch
|
|-weather|Sandstorm|[upkeep]
|-damage|p2a: Sneasler|0 fnt|[from] Sandstorm
|-damage|p2b: Tyranitar|89/100|[from] Sandstorm
|faint|p2a: Sneasler
|-heal|p1a: Galahad|38/100 brn|[from] item: Leftovers
|-damage|p1a: Galahad|32/100 brn|[from] brn
|upkeep
|turn|10
|
|t:|1756757721
|move|p2b: Tyranitar|Rock Slide|p1a: Galahad
|-damage|p1a: Galahad|2/100 brn
|move|p1a: Galahad|Roost|p1a: Galahad
|-heal|p1a: Galahad|53/100 brn
|-singleturn|p1a: Galahad|move: Roost
|
|-weather|Sandstorm|[upkeep]
|-damage|p2b: Tyranitar|83/100|[from] Sandstorm
|-heal|p1a: Galahad|59/100 brn|[from] item: Leftovers
|-damage|p1a: Galahad|53/100 brn|[from] brn
|upkeep
|turn|11
|
|t:|1756757732
|move|p2b: Tyranitar|Rock Slide|p1a: Galahad
|-damage|p1a: Galahad|20/100 brn
|move|p1a: Galahad|Roost|p1a: Galahad
|-heal|p1a: Galahad|70/100 brn
|-singleturn|p1a: Galahad|move: Roost
|
|-weather|Sandstorm|[upkeep]
|-damage|p2b: Tyranitar|77/100|[from] Sandstorm
|-heal|p1a: Galahad|76/100 brn|[from] item: Leftovers
|-damage|p1a: Galahad|70/100 brn|[from] brn
|upkeep
|turn|12
|
|t:|1756757743
|move|p2b: Tyranitar|Rock Slide|p1a: Galahad
|-damage|p1a: Galahad|41/100 brn
|move|p1a: Galahad|Bulk Up|p1a: Galahad
|-boost|p1a: Galahad|atk|1
|-boost|p1a: Galahad|def|1
|
|-weather|none
|-heal|p1a: Galahad|47/100 brn|[from] item: Leftovers
|-damage|p1a: Galahad|41/100 brn|[from] brn
|upkeep
|turn|13
|
|t:|1756757753
|move|p2b: Tyranitar|Rock Slide|p1a: Galahad|[miss]
|-miss|p2b: Tyranitar|p1a: Galahad
|move|p1a: Galahad|Roost|p1a: Galahad
|-heal|p1a: Galahad|91/100 brn
|-singleturn|p1a: Galahad|move: Roost
|
|-heal|p1a: Galahad|97/100 brn|[from] item: Leftovers
|-damage|p1a: Galahad|91/100 brn|[from] brn
|upkeep
|turn|14
|
|t:|1756757763
|move|p2b: Tyranitar|Rock Slide|p1a: Galahad
|-damage|p1a: Galahad|69/100 brn
|move|p1a: Galahad|Bulk Up|p1a: Galahad
|-boost|p1a: Galahad|atk|1
|-boost|p1a: Galahad|def|1
|
|-heal|p1a: Galahad|75/100 brn|[from] item: Leftovers
|-damage|p1a: Galahad|69/100 brn|[from] brn
|upkeep
|turn|15
|
|t:|1756757772
|move|p2b: Tyranitar|Rock Slide|p1a: Galahad
|-damage|p1a: Galahad|46/100 brn
|move|p1a: Galahad|Bulk Up|p1a: Galahad
|-boost|p1a: Galahad|atk|1
|-boost|p1a: Galahad|def|1
|
|-heal|p1a: Galahad|52/100 brn|[from] item: Leftovers
|-damage|p1a: Galahad|46/100 brn|[from] brn
|upkeep
|turn|16
|
|t:|1756757781
|move|p2b: Tyranitar|Knock Off|p1a: Galahad
|-damage|p1a: Galahad|22/100 brn
|-enditem|p1a: Galahad|Leftovers|[from] move: Knock Off|[of] p2b: Tyranitar
|move|p1a: Galahad|Bulk Up|p1a: Galahad
|-boost|p1a: Galahad|atk|1
|-boost|p1a: Galahad|def|1
|
|-damage|p1a: Galahad|17/100 brn|[from] brn
|upkeep
|turn|17
|
|t:|1756757789
|move|p2b: Tyranitar|Rock Slide|p1a: Galahad
|-damage|p1a: Galahad|0 fnt
|faint|p1a: Galahad
|
|win|Cage92
||Cage92 is ready for game 2.
||kingdracothe3rd is ready for game 2.
|uhtml|next|Next: Game 2 of 3
