|j|☆ScrewSalesman
|j|☆monado476
|html|ScrewSalesmanmonado476    
|uhtml|bestof|Game 1 of a best-of-3
|t:|1756436206
|gametype|doubles
|player|p1|ScrewSalesman|cynthia-gen4|1121
|player|p2|monado476|volkner|1078
|gen|9
|tier|[Gen 9] VGC 2025 Reg H (Bo3)
|rated|
|rule|Species Clause: Limit one of each Pokémon
|rule|Item Clause: Limit 1 of each item
|clearpoke
|poke|p1|Porygon2, L50|
|poke|p1|Incineroar, L50, F|
|poke|p1|Ursaluna, L50, F|
|poke|p1|Jumpluff, L50, F|
|poke|p1|Charizard, L50, M|
|poke|p1|Torkoal, L50, M|
|poke|p2|Incineroar, L50, M|
|poke|p2|Whimsicott, L50, M|
|poke|p2|Gastrodon, L50, F|
|poke|p2|Kleavor, L50, F|
|poke|p2|Gholdengo, L50|
|poke|p2|Primarina, L50, F|
|teampreview|4
|showteam|p1|Porygon2||Eviolite|Download|TeraBlast,IceBeam,TrickRoom,Recover||||||50|,,,,,Fighting]Incineroar||SitrusBerry|Intimidate|FakeOut,KnockOff,FlareBlitz,PartingShot|||F|||50|,,,,,Ghost]Ursaluna||FlameOrb|Guts|HeadlongRush,Facade,Earthquake,Protect|||F|||50|,,,,,Ghost]Jumpluff||CovertCloak|Chlorophyll|RagePowder,PollenPuff,Tailwind,SleepPowder|||F|||50|,,,,,Water]Charizard||ChoiceSpecs|SolarPower|HeatWave,Overheat,WeatherBall,DragonPulse|||M|||50|,,,,,Ghost]Torkoal||EjectPack|Drought|Overheat,Eruption,HelpingHand,Protect|||M|||50|,,,,,Fire
|showteam|p2|Incineroar||SafetyGoggles|Intimidate|FakeOut,PartingShot,KnockOff,FlareBlitz|||M|||50|,,,,,Grass]Whimsicott||FocusSash|Prankster|Moonblast,Tailwind,Encore,Taunt|||M|||50|,,,,,Ghost]Gastrodon||Leftovers|StormDrain|IcyWind,Recover,Yawn,EarthPower|||F|||50|,,,,,Fire]Kleavor||LifeOrb|Sharpness|StoneAxe,NightSlash,XScissor,Protect|||F|||50|,,,,,Steel]Gholdengo||MetalCoat|GoodasGold|MakeItRain,ShadowBall,NastyPlot,Protect||||||50|,,,,,Steel]Primarina||CovertCloak|LiquidVoice|Haze,HyperVoice,Moonblast,Protect|||F|||50|,,,,,Poison
|inactive|Battle timer is ON: inactive players will automatically lose when time's up. (requested by ScrewSalesman)
|inactive|monado476 has 60 seconds left.
|
|t:|1756436255
|teamsize|p1|4
|teamsize|p2|4
|start
|switch|p1a: Incineroar|Incineroar, L50, F|100/100
|switch|p1b: Porygon2|Porygon2, L50, shiny|100/100
|switch|p2a: Whimsicott|Whimsicott, L50, M|100/100
|switch|p2b: Kleavor|Kleavor, L50, F|100/100
|-ability|p1a: Incineroar|Intimidate|boost
|-unboost|p2a: Whimsicott|atk|1
|-unboost|p2b: Kleavor|atk|1
|-ability|p1b: Porygon2|Download|boost
|-boost|p1b: Porygon2|spa|1
|turn|1
|
|t:|1756436273
|-terastallize|p2a: Whimsicott|Ghost
|move|p2b: Kleavor|Protect|p2b: Kleavor
|-singleturn|p2b: Kleavor|Protect
|move|p1a: Incineroar|Fake Out|p2b: Kleavor
|-activate|p2b: Kleavor|move: Protect
|move|p2a: Whimsicott|Taunt|p1b: Porygon2
|-start|p1b: Porygon2|move: Taunt
|move|p1b: Porygon2|Ice Beam|p2a: Whimsicott
|-damage|p2a: Whimsicott|25/100
|
|upkeep
|turn|2
|
|t:|1756436294
|move|p2a: Whimsicott|Moonblast|p1b: Porygon2
|-damage|p1b: Porygon2|77/100
|-unboost|p1b: Porygon2|spa|1
|move|p2b: Kleavor|Stone Axe|p1a: Incineroar
|-supereffective|p1a: Incineroar
|-damage|p1a: Incineroar|10/100
|-sidestart|p1: ScrewSalesman|move: Stealth Rock
|-enditem|p1a: Incineroar|Sitrus Berry|[eat]
|-heal|p1a: Incineroar|35/100|[from] item: Sitrus Berry
|-damage|p2b: Kleavor|91/100|[from] item: Life Orb
|move|p1a: Incineroar|Flare Blitz|p2b: Kleavor
|-damage|p2b: Kleavor|8/100
|-damage|p1a: Incineroar|15/100|[from] Recoil
|move|p1b: Porygon2|Tera Blast|p2b: Kleavor
|-resisted|p2b: Kleavor
|-damage|p2b: Kleavor|0 fnt
|faint|p2b: Kleavor
|
|upkeep
|inactive|monado476 has 30 seconds left.
|
|t:|1756436322
|switch|p2b: Incineroar|Incineroar, L50, M|100/100
|-ability|p2b: Incineroar|Intimidate|boost
|-unboost|p1a: Incineroar|atk|1
|-unboost|p1b: Porygon2|atk|1
|turn|3
|
|t:|1756436338
|move|p2b: Incineroar|Fake Out|p1b: Porygon2
|-damage|p1b: Porygon2|69/100
|move|p2a: Whimsicott|Moonblast|p1a: Incineroar
|-damage|p1a: Incineroar|0 fnt
|faint|p1a: Incineroar
|cant|p1b: Porygon2|flinch
|
|-end|p1b: Porygon2|move: Taunt
|upkeep
|
|t:|1756436342
|switch|p1a: Ursaluna|Ursaluna, L50, F|100/100
|-damage|p1a: Ursaluna|95/100|[from] Stealth Rock
|turn|4
|inactive|monado476 has 30 seconds left.
|
|t:|1756436370
|switch|p2a: Gastrodon|Gastrodon, L50, F|100/100
|move|p1a: Ursaluna|Protect|p1a: Ursaluna
|-singleturn|p1a: Ursaluna|Protect
|move|p1b: Porygon2|Ice Beam|p2a: Gastrodon
|-damage|p2a: Gastrodon|76/100
|move|p2b: Incineroar|Parting Shot|p1b: Porygon2
|-unboost|p1b: Porygon2|atk|1
|-unboost|p1b: Porygon2|spa|1
|
|t:|1756436380
|switch|p2b: Whimsicott|Whimsicott, L50, M, tera:Ghost|25/100|[from] Parting Shot
|
|-heal|p2a: Gastrodon|82/100|[from] item: Leftovers
|-status|p1a: Ursaluna|brn|[from] item: Flame Orb
|upkeep
|turn|5
|
|t:|1756436393
|switch|p1a: Jumpluff|Jumpluff, L50, F|100/100
|-damage|p1a: Jumpluff|76/100|[from] Stealth Rock
|move|p2b: Whimsicott|Encore||[still]
|-fail|p2b: Whimsicott
|move|p1b: Porygon2|Ice Beam|p2b: Whimsicott
|-damage|p2b: Whimsicott|0 fnt
|faint|p2b: Whimsicott
|move|p2a: Gastrodon|Yawn|p1b: Porygon2
|-start|p1b: Porygon2|move: Yawn|[of] p2a: Gastrodon
|
|-heal|p2a: Gastrodon|88/100|[from] item: Leftovers
|upkeep
|
|t:|1756436405
|switch|p2b: Incineroar|Incineroar, L50, M|100/100
|-ability|p2b: Incineroar|Intimidate|boost
|-unboost|p1a: Jumpluff|atk|1
|-unboost|p1b: Porygon2|atk|1
|turn|6
|
|t:|1756436422
|switch|p1b: Ursaluna|Ursaluna, L50, F|95/100 brn
|-damage|p1b: Ursaluna|89/100 brn|[from] Stealth Rock
|-terastallize|p1a: Jumpluff|Water
|move|p1a: Jumpluff|Tailwind|p1a: Jumpluff
|-sidestart|p1: ScrewSalesman|move: Tailwind
|move|p2b: Incineroar|Flare Blitz|p1a: Jumpluff
|-resisted|p1a: Jumpluff
|-damage|p1a: Jumpluff|42/100
|-damage|p2b: Incineroar|89/100|[from] Recoil
|move|p2a: Gastrodon|Icy Wind|p1b: Ursaluna|[spread] p1a
|-miss|p2a: Gastrodon|p1b: Ursaluna
|-resisted|p1a: Jumpluff
|-damage|p1a: Jumpluff|38/100
|
|-heal|p2a: Gastrodon|94/100|[from] item: Leftovers
|-damage|p1b: Ursaluna|83/100 brn|[from] brn
|upkeep
|turn|7
|inactive|monado476 has 30 seconds left.
|
|t:|1756436448
|move|p1a: Jumpluff|Sleep Powder|p2a: Gastrodon
|-status|p2a: Gastrodon|slp|[from] move: Sleep Powder
|move|p1b: Ursaluna|Facade|p2b: Incineroar
|-damage|p2b: Incineroar|0 fnt
|faint|p2b: Incineroar
|cant|p2a: Gastrodon|slp
|
|-heal|p2a: Gastrodon|99/100 slp|[from] item: Leftovers
|-damage|p1b: Ursaluna|77/100 brn|[from] brn
|upkeep
|turn|8
|-message|monado476 forfeited.
|
|win|ScrewSalesman
|l|☆monado476
|player|p2|
||monado476 is ready for game 2.
||ScrewSalesman is ready for game 2.
|uhtml|next|Next: Game 2 of 3
