|j|☆pokefaqk
|j|☆Bass pro stan
|html|pokefaqkBass pro stan    
|uhtml|bestof|Game 3 of a best-of-3
|t:|1755174982
|gametype|doubles
|player|p1|pokefaqk|102|1186
|player|p2|Bass pro stan|fisherman-gen4|1256
|gen|9
|tier|[Gen 9] VGC 2025 Reg H (Bo3)
|rated|
|rule|Species Clause: Limit one of each Pokémon
|rule|Item Clause: Limit 1 of each item
|clearpoke
|poke|p1|Porygon2, L50|
|poke|p1|Ursaluna, L50, F|
|poke|p1|Incineroar, L50, M|
|poke|p1|Sneasler, L50, M|
|poke|p1|Archaludon, L50, M|
|poke|p1|Yanmega, L50, F|
|poke|p2|Toxicroak, L50, M|
|poke|p2|Grimmsnarl, L50, M|
|poke|p2|Politoed, L50, F|
|poke|p2|Incineroar, L50, M|
|poke|p2|Basculegion, L50, M|
|poke|p2|Archaludon, L50, M|
|teampreview|4
|showteam|p1|Porygon2||Eviolite|Download|TrickRoom,IceBeam,Recover,TeraBlast||||||50|,,,,,Flying]Ursaluna||FlameOrb|Guts|Protect,Facade,HeadlongRush,Earthquake|||F|||50|,,,,,Ghost]Incineroar||SafetyGoggles|Intimidate|FakeOut,PartingShot,KnockOff,FlareBlitz|||M|||50|,,,,,Ghost]Sneasler||WhiteHerb|Unburden|Protect,CloseCombat,DireClaw,ThroatChop|||M|||50|,,,,,Stellar]Archaludon||PowerHerb|Stalwart|DragonPulse,ElectroShot,Protect,Thunderbolt|||M|||50|,,,,,Electric]Yanmega||FocusSash|SpeedBoost|AirSlash,BugBuzz,Tailwind,Detect|||F|||50|,,,,,Ghost
|showteam|p2|Toxicroak||AssaultVest|DrySkin|CloseCombat,SuckerPunch,FakeOut,GunkShot|||M|||50|,,,,,Dark]Grimmsnarl||LightClay|Prankster|Reflect,LightScreen,SpiritBreak,MistyTerrain|||M|||50|,,,,,Ghost]Politoed||DampRock|Drizzle|RainDance,WeatherBall,EarthPower,Protect|||F|||50|,,,,,Grass]Incineroar||CovertCloak|Intimidate|FakeOut,KnockOff,WillOWisp,PartingShot|||M|||50|,,,,,Bug]Basculegion||SitrusBerry|SwiftSwim|FlipTurn,LastRespects,Waterfall,Protect|||M|||50|,,,,,Ghost]Archaludon||PowerHerb|Stalwart|ElectroShot,AuraSphere,FlashCannon,Protect|||M|||50|,,,,,Bug
|inactive|Battle timer is ON: inactive players will automatically lose when time's up. (requested by pokefaqk)
|inactive|Bass pro stan also wants the timer to be on.
|inactive|pokefaqk has 60 seconds left.
|inactive|Bass pro stan has 60 seconds left.
|inactive|Bass pro stan has 30 seconds left.
|
|t:|1755175046
|teamsize|p1|4
|teamsize|p2|4
|start
|switch|p1a: Archaludon|Archaludon, L50, M|100/100
|switch|p1b: Yanmega|Yanmega, L50, F|100/100
|switch|p2a: Grimmsnarl|Grimmsnarl, L50, M|100/100
|switch|p2b: Archaludon|Archaludon, L50, M|100/100
|turn|1
|
|t:|1755175064
|-terastallize|p1a: Archaludon|Electric
|move|p2a: Grimmsnarl|Light Screen|p2a: Grimmsnarl
|-sidestart|p2: Bass pro stan|move: Light Screen
|move|p1b: Yanmega|Tailwind|p1b: Yanmega
|-sidestart|p1: pokefaqk|move: Tailwind
|move|p1a: Archaludon|Electro Shot||[still]
|-prepare|p1a: Archaludon|Electro Shot
|-boost|p1a: Archaludon|spa|1
|-enditem|p1a: Archaludon|Power Herb
|-anim|p1a: Archaludon|Electro Shot|p2a: Grimmsnarl
|-damage|p2a: Grimmsnarl|42/100
|move|p2b: Archaludon|Electro Shot||[still]
|-prepare|p2b: Archaludon|Electro Shot
|-boost|p2b: Archaludon|spa|1
|-enditem|p2b: Archaludon|Power Herb
|-anim|p2b: Archaludon|Electro Shot|p1b: Yanmega
|-supereffective|p1b: Yanmega
|-enditem|p1b: Yanmega|Focus Sash
|-damage|p1b: Yanmega|1/100
|
|-ability|p1b: Yanmega|Speed Boost|boost
|-boost|p1b: Yanmega|spe|1
|upkeep
|turn|2
|inactive|pokefaqk has 30 seconds left.
|
|t:|1755175095
|switch|p1b: Ursaluna|Ursaluna, L50, F|100/100
|move|p2a: Grimmsnarl|Misty Terrain|p2a: Grimmsnarl
|-fieldstart|move: Misty Terrain
|move|p1a: Archaludon|Dragon Pulse|p2b: Archaludon
|-damage|p2b: Archaludon|70/100
|move|p2b: Archaludon|Flash Cannon|p1b: Ursaluna
|-damage|p1b: Ursaluna|39/100
|
|upkeep
|turn|3
|
|t:|1755175113
|-terastallize|p2b: Archaludon|Bug
|move|p1a: Archaludon|Electro Shot||[still]
|-prepare|p1a: Archaludon|Electro Shot
|-boost|p1a: Archaludon|spa|1
|move|p1b: Ursaluna|Headlong Rush|p2b: Archaludon
|-resisted|p2b: Archaludon
|-damage|p2b: Archaludon|44/100
|-unboost|p1b: Ursaluna|def|1
|-unboost|p1b: Ursaluna|spd|1
|move|p2b: Archaludon|Aura Sphere|p1a: Archaludon
|-damage|p1a: Archaludon|50/100
|move|p2a: Grimmsnarl|Spirit Break|p1a: Archaludon
|-damage|p1a: Archaludon|26/100
|-unboost|p1a: Archaludon|spa|1
|
|upkeep
|turn|4
|
|t:|1755175126
|move|p2b: Archaludon|Protect|p2b: Archaludon
|-singleturn|p2b: Archaludon|Protect
|move|p1a: Archaludon|Electro Shot|p2a: Grimmsnarl|[from] lockedmove
|-crit|p2a: Grimmsnarl
|-damage|p2a: Grimmsnarl|0 fnt
|faint|p2a: Grimmsnarl
|move|p1b: Ursaluna|Headlong Rush|p2b: Archaludon
|-activate|p2b: Archaludon|move: Protect
|
|-sideend|p1: pokefaqk|move: Tailwind
|upkeep
|
|t:|1755175146
|switch|p2a: Basculegion|Basculegion, L50, M|100/100
|turn|5
|
|t:|1755175151
|switch|p2b: Politoed|Politoed, L50, F|100/100
|-weather|RainDance|[from] ability: Drizzle|[of] p2b: Politoed
|move|p1a: Archaludon|Protect|p1a: Archaludon
|-singleturn|p1a: Archaludon|Protect
|move|p2a: Basculegion|Last Respects|p1a: Archaludon
|-activate|p1a: Archaludon|move: Protect
|move|p1b: Ursaluna|Headlong Rush|p2a: Basculegion
|-damage|p2a: Basculegion|29/100
|-unboost|p1b: Ursaluna|def|1
|-unboost|p1b: Ursaluna|spd|1
|-enditem|p2a: Basculegion|Sitrus Berry|[eat]
|-heal|p2a: Basculegion|53/100|[from] item: Sitrus Berry
|
|-weather|RainDance|[upkeep]
|upkeep
|turn|6
|
|t:|1755175175
|switch|p1b: Yanmega|Yanmega, L50, F|1/100
|move|p1a: Archaludon|Protect|p1a: Archaludon
|-singleturn|p1a: Archaludon|Protect
|move|p2a: Basculegion|Last Respects|p1a: Archaludon
|-activate|p1a: Archaludon|move: Protect
|move|p2b: Politoed|Weather Ball|p1b: Yanmega
|-damage|p1b: Yanmega|0 fnt
|faint|p1b: Yanmega
|
|-weather|RainDance|[upkeep]
|-fieldend|Misty Terrain
|upkeep
|
|t:|1755175178
|switch|p1b: Sneasler|Sneasler, L50, M|100/100
|turn|7
|
|t:|1755175189
|switch|p1a: Ursaluna|Ursaluna, L50, F|39/100
|move|p2a: Basculegion|Flip Turn|p1a: Ursaluna
|-supereffective|p1a: Ursaluna
|-damage|p1a: Ursaluna|0 fnt
|faint|p1a: Ursaluna
|
|t:|1755175193
|switch|p2a: Archaludon|Archaludon, L50, M, tera:Bug|44/100|[from] Flip Turn
|move|p1b: Sneasler|Throat Chop|p2a: Archaludon
|-damage|p2a: Archaludon|22/100
|-start|p2a: Archaludon|Throat Chop|[silent]
|move|p2b: Politoed|Earth Power|p1b: Sneasler
|-supereffective|p1b: Sneasler
|-crit|p1b: Sneasler
|-damage|p1b: Sneasler|4/100
|
|-weather|RainDance|[upkeep]
|upkeep
|
|t:|1755175196
|switch|p1a: Archaludon|Archaludon, L50, M, tera:Electric|26/100
|turn|8
|
|t:|1755175218
|move|p2b: Politoed|Protect|p2b: Politoed
|-singleturn|p2b: Politoed|Protect
|move|p1b: Sneasler|Close Combat|p2a: Archaludon
|-resisted|p2a: Archaludon
|-damage|p2a: Archaludon|0 fnt
|-unboost|p1b: Sneasler|def|1
|-unboost|p1b: Sneasler|spd|1
|faint|p2a: Archaludon
|-enditem|p1b: Sneasler|White Herb
|-clearnegativeboost|p1b: Sneasler|[silent]
|move|p1a: Archaludon|Electro Shot||[still]
|-prepare|p1a: Archaludon|Electro Shot
|-boost|p1a: Archaludon|spa|1
|-anim|p1a: Archaludon|Electro Shot|p2b: Politoed
|-activate|p2b: Politoed|move: Protect
|
|-weather|RainDance|[upkeep]
|-sideend|p2: Bass pro stan|move: Light Screen
|upkeep
|
|t:|1755175223
|switch|p2a: Basculegion|Basculegion, L50, M|53/100
|turn|9
|
|t:|1755175243
|move|p1b: Sneasler|Protect|p1b: Sneasler
|-singleturn|p1b: Sneasler|Protect
|move|p1a: Archaludon|Protect|p1a: Archaludon
|-singleturn|p1a: Archaludon|Protect
|move|p2b: Politoed|Protect||[still]
|-fail|p2b: Politoed
|move|p2a: Basculegion|Last Respects|p1a: Archaludon
|-activate|p1a: Archaludon|move: Protect
|
|-weather|RainDance|[upkeep]
|upkeep
|turn|10
|
|t:|1755175261
|move|p1a: Archaludon|Protect||[still]
|-fail|p1a: Archaludon
|move|p1b: Sneasler|Throat Chop|p2a: Basculegion
|-supereffective|p2a: Basculegion
|-damage|p2a: Basculegion|0 fnt
|faint|p2a: Basculegion
|move|p2b: Politoed|Weather Ball|p1a: Archaludon
|-damage|p1a: Archaludon|0 fnt
|faint|p1a: Archaludon
|
|-weather|RainDance|[upkeep]
|upkeep
|turn|11
|
|t:|1755175267
|move|p1b: Sneasler|Close Combat|p2b: Politoed
|-damage|p2b: Politoed|30/100
|-unboost|p1b: Sneasler|def|1
|-unboost|p1b: Sneasler|spd|1
|move|p2b: Politoed|Weather Ball|p1b: Sneasler
|-damage|p1b: Sneasler|0 fnt
|faint|p1b: Sneasler
|
|win|Bass pro stan
|raw|pokefaqk's rating: 1186 → 1166(-20 for losing)
|raw|Bass pro stan's rating: 1256 → 1276(+20 for winning)
|l|☆pokefaqk
|player|p1|
