|j|☆Hugh r
|j|☆Ly_likes_Ceruledge
|html|Hugh rLy_likes_Ceruledge    
|uhtml|bestof|Game 3 of a best-of-3
|t:|1784984827
|gametype|doubles
|player|p1|Hugh r|koga|
|player|p2|Ly_likes_Ceruledge|n|
|gen|9
|tier|[Gen 9 Champions] VGC 2026 Reg M-B (Bo3)
|rule|Species Clause: Limit one of each Pokémon
|rule|Item Clause: Limit 1 of each item
|clearpoke
|poke|p1|Sneasler, L50, M|
|poke|p1|Delphox, L50, M|
|poke|p1|Whimsicott, L50, M|
|poke|p1|Gardevoir, L50, F|
|poke|p1|Kleavor, L50, M|
|poke|p1|Jolteon, L50, F|
|poke|p2|Slowbro-Galar, L50, M|
|poke|p2|Aerodactyl, L50, F|
|poke|p2|Kingambit, L50, F|
|poke|p2|Garchomp, L50, F|
|poke|p2|Typhlosion-Hisui, L50, F|
|poke|p2|Tinkaton, L50, F|
|teampreview|4
|showteam|p1|Sneasler||WhiteHerb|Unburden|FakeOut,DireClaw,CloseCombat,Protect|Jolly||M|||50|]Delphox||Delphoxite|Blaze|WillOWisp,Psychic,HeatWave,Protect|Timid||M|||50|]Whimsicott||FocusSash|Prankster|Moonblast,Tailwind,Protect,Encore|Timid||M|||50|]Gardevoir||Gardevoirite|Trace|Moonblast,HyperBeam,AuraSphere,Protect|Timid||F|||50|]Kleavor||LifeOrb|SheerForce|RockSlide,Protect,NightSlash,CloseCombat|Adamant||M|||50|]Jolteon||ChoiceScarf|VoltAbsorb|VoltSwitch,Thunderbolt,Electroweb,Detect|Modest||F|||50|
|showteam|p2|Slowbro-Galar||ColburBerry|Regenerator|TrickRoom,Toxic,ShellSideArm,Protect|Relaxed||M|||50|]Aerodactyl||Aerodactylite|RockHead|Tailwind,DualWingbeat,RockSlide,Protect|Adamant||F|||50|]Kingambit||BlackGlasses|SupremeOverlord|IronHead,SuckerPunch,KowtowCleave,Protect|Adamant||F|||50|]Garchomp||LifeOrb|RoughSkin|DragonClaw,RockSlide,Earthquake,Protect|Jolly||F|||50|]Typhlosion-Hisui||ChoiceScarf|Blaze|Eruption,ShadowBall,HeatWave,Protect|Timid||F|||50|]Tinkaton||OccaBerry|MoldBreaker|HelpingHand,FakeOut,GigatonHammer,Protect|Jolly||F|||50|
|inactive|Battle timer is ON: inactive players will automatically lose when time's up. (requested by Hugh r)
|
|t:|1784984844
|teamsize|p1|4
|teamsize|p2|4
|start
|switch|p1a: Kleavor|Kleavor, L50, M|100/100
|switch|p1b: Whimsicott|Whimsicott, L50, M|100/100
|switch|p2a: Slowbro|Slowbro-Galar, L50, M|100/100
|switch|p2b: Aerodactyl|Aerodactyl, L50, F|100/100
|turn|1
|inactive|Ly_likes_Ceruledge has 30 seconds left.
|inactive|Ly_likes_Ceruledge has 20 seconds left.
|
|t:|1784984883
|switch|p1b: Sneasler|Sneasler, L50, M|100/100
|detailschange|p2b: Aerodactyl|Aerodactyl-Mega, L50, F
|-mega|p2b: Aerodactyl|Aerodactyl|Aerodactylite
|move|p2b: Aerodactyl|Dual Wingbeat|p1b: Sneasler
|-supereffective|p1b: Sneasler|1
|-damage|p1b: Sneasler|0 fnt
|faint|p1b: Sneasler
|-hitcount|p1: Sneasler|1
|move|p1a: Kleavor|Rock Slide|p2b: Aerodactyl|[spread] p2a
|-miss|p1a: Kleavor|p2b: Aerodactyl
|-damage|p2a: Slowbro|65/100
|move|p2a: Slowbro|Trick Room|p2a: Slowbro
|-fieldstart|move: Trick Room|[of] p2a: Slowbro
|
|upkeep
|
|t:|1784984895
|switch|p1b: Gardevoir|Gardevoir, L50, F|100/100
|-ability|p1b: Gardevoir|Tough Claws|Trace|[from] ability: Trace|[of] p2b: Aerodactyl
|turn|2
|
|t:|1784984912
|detailschange|p1b: Gardevoir|Gardevoir-Mega, L50, F
|-mega|p1b: Gardevoir|Gardevoir|Gardevoirite
|move|p2a: Slowbro|Shell Side Arm|p1b: Gardevoir|[anim] Shell Side Arm Physical
|-supereffective|p1b: Gardevoir|1
|-damage|p1b: Gardevoir|0 fnt
|-hint|Physical Shell Side Arm
|faint|p1b: Gardevoir
|move|p1a: Kleavor|Rock Slide|p2a: Slowbro|[spread] p2a,p2b
|-supereffective|p2b: Aerodactyl|1
|-damage|p2a: Slowbro|26/100
|-damage|p2b: Aerodactyl|0 fnt
|faint|p2b: Aerodactyl
|
|upkeep
|
|t:|1784984921
|switch|p1b: Whimsicott|Whimsicott, L50, M|100/100
|switch|p2b: Tinkaton|Tinkaton, L50, F|100/100
|-ability|p2b: Tinkaton|Mold Breaker
|turn|3
|
|t:|1784984935
|move|p1b: Whimsicott|Protect|p1b: Whimsicott
|-singleturn|p1b: Whimsicott|Protect
|move|p1a: Kleavor|Protect|p1a: Kleavor
|-singleturn|p1a: Kleavor|Protect
|move|p2b: Tinkaton|Fake Out|p1a: Kleavor
|-activate|p1a: Kleavor|move: Protect
|move|p2a: Slowbro|Shell Side Arm|p1b: Whimsicott|[anim] Shell Side Arm Special
|-activate|p1b: Whimsicott|move: Protect
|
|upkeep
|turn|4
|
|t:|1784984945
|move|p1b: Whimsicott|Encore|p2b: Tinkaton
|-start|p2b: Tinkaton|Encore
|move|p2b: Tinkaton|Fake Out||[still]
|-hint|Fake Out only works on your first turn out.
|-fail|p2b: Tinkaton
|move|p2a: Slowbro|Shell Side Arm|p1b: Whimsicott|[anim] Shell Side Arm Special
|-supereffective|p1b: Whimsicott|2
|-enditem|p1b: Whimsicott|Focus Sash
|-damage|p1b: Whimsicott|1/100
|-hint|Special Shell Side Arm
|move|p1a: Kleavor|Rock Slide|p2b: Tinkaton|[spread] p2a,p2b
|-resisted|p2b: Tinkaton|1
|-damage|p2a: Slowbro|0 fnt
|-damage|p2b: Tinkaton|71/100
|faint|p2a: Slowbro
|
|upkeep
|
|t:|1784984956
|switch|p2a: LeChomp James|Garchomp, L50, F|100/100
|turn|5
|
|t:|1784984967
|move|p1b: Whimsicott|Protect|p1b: Whimsicott
|-singleturn|p1b: Whimsicott|Protect
|-activate|p2b: Tinkaton|move: Struggle
|move|p2b: Tinkaton|Struggle|p1a: Kleavor
|-damage|p1a: Kleavor|85/100
|-damage|p2b: Tinkaton|46/100|[from] recoil
|move|p1a: Kleavor|Close Combat|p2a: LeChomp James
|-damage|p2a: LeChomp James|33/100
|-unboost|p1a: Kleavor|def|1
|-unboost|p1a: Kleavor|spd|1
|-damage|p1a: Kleavor|73/100|[from] ability: Rough Skin|[of] p2a: LeChomp James
|-damage|p1a: Kleavor|63/100|[from] item: Life Orb
|move|p2a: LeChomp James|Rock Slide|p1a: Kleavor|[spread] p1a
|-activate|p1b: Whimsicott|move: Protect
|-supereffective|p1a: Kleavor|1
|-damage|p1a: Kleavor|0 fnt
|faint|p1a: Kleavor
|-damage|p2a: LeChomp James|23/100|[from] item: Life Orb
|
|-fieldend|move: Trick Room
|upkeep
|turn|6
|
|t:|1784984987
|move|p1b: Whimsicott|Moonblast|p2a: LeChomp James
|-supereffective|p2a: LeChomp James|1
|-crit|p2a: LeChomp James
|-damage|p2a: LeChomp James|0 fnt
|faint|p2a: LeChomp James
|-activate|p2b: Tinkaton|move: Struggle
|move|p2b: Tinkaton|Struggle|p1b: Whimsicott
|-damage|p1b: Whimsicott|0 fnt
|faint|p1b: Whimsicott
|-damage|p2b: Tinkaton|21/100|[from] recoil
|
|win|Ly_likes_Ceruledge
|c|☆Ly_likes_Ceruledge|ggs
|c|☆Ly_likes_Ceruledge|can you upload the replays?
