|j|☆Cello L.
|j|☆imrealafdbn
|html|Cello L.imrealafdbn    
|uhtml|bestof|Game 2 of a best-of-3
|t:|1782265760
|gametype|doubles
|player|p1|Cello L.|cynthia-gen4|1148
|player|p2|imrealafdbn|101|1071
|gen|9
|tier|[Gen 9 Champions] VGC 2026 Reg M-B (Bo3)
|rated|
|rule|Species Clause: Limit one of each Pokémon
|rule|Item Clause: Limit 1 of each item
|clearpoke
|poke|p1|Froslass, L50, F|
|poke|p1|Dragonite, L50, M|
|poke|p1|Garchomp, L50, F|
|poke|p1|Basculegion, L50, M|
|poke|p1|Sneasler, L50, M|
|poke|p1|Kingambit, L50, M|
|poke|p2|Charizard, L50, M, shiny|
|poke|p2|Sneasler, L50, F|
|poke|p2|Malamar, L50, F, shiny|
|poke|p2|Toxapex, L50, M, shiny|
|poke|p2|Incineroar, L50, M|
|poke|p2|Ninetales-Alola, L50, M|
|teampreview|4
|showteam|p1|Froslass||Froslassite|CursedBody|Blizzard,ShadowBall,AuroraVeil,Protect|Timid||F|||50|]Dragonite||Dragoninite|Multiscale|DragonPulse,Thunderbolt,Flamethrower,Protect|Modest||M|||50|]Garchomp||LifeOrb|RoughSkin|Earthquake,StompingTantrum,DragonClaw,Protect|Jolly||F|||50|]Basculegion||SitrusBerry|Adaptability|WaveCrash,LastRespects,AquaJet,Protect|Adamant||M|||50|]Sneasler||WhiteHerb|Unburden|CloseCombat,DireClaw,FakeOut,Protect|Jolly||M|||50|]Kingambit||BlackGlasses|Defiant|KowtowCleave,SuckerPunch,IronHead,Protect|Adamant||M|||50|
|showteam|p2|Charizard||CharizarditeY|Blaze|HeatWave,WeatherBall,SolarBeam,Protect|Timid||M|||50|]Sneasler||WhiteHerb|Unburden|DireClaw,CloseCombat,FakeOut,Protect|Jolly||F|||50|]Malamar||Malamarite|Contrary|Superpower,RockSlide,KnockOff,Protect|Adamant||F|||50|]Toxapex||Leftovers|Regenerator|Toxic,Infestation,WideGuard,BanefulBunker|Calm||M|||50|]Incineroar||SitrusBerry|Intimidate|FakeOut,FlareBlitz,PartingShot,ThroatChop|Careful||M|||50|]Ninetales-Alola||FocusSash|SnowWarning|Blizzard,Moonblast,AuroraVeil,Protect|Timid||M|||50|
|
|t:|1782265811
|teamsize|p1|4
|teamsize|p2|4
|start
|switch|p1a: Courage|Garchomp, L50, F|100/100
|switch|p1b: Stairs|Sneasler, L50, M|100/100
|switch|p2a: Sneasler|Sneasler, L50, F|100/100
|switch|p2b: Malamar|Malamar, L50, F, shiny|100/100
|turn|1
|
|t:|1782265827
|move|p1b: Stairs|Protect|p1b: Stairs
|-singleturn|p1b: Stairs|Protect
|move|p2a: Sneasler|Fake Out|p1a: Courage
|-crit|p1a: Courage
|-damage|p1a: Courage|81/100
|-damage|p2a: Sneasler|87/100|[from] ability: Rough Skin|[of] p1a: Courage
|cant|p1a: Courage|flinch
|move|p2b: Malamar|Superpower|p1b: Stairs
|-activate|p1b: Stairs|move: Protect
|
|upkeep
|turn|2
|
|t:|1782265839
|move|p2a: Sneasler|Protect|p2a: Sneasler
|-singleturn|p2a: Sneasler|Protect
|move|p1b: Stairs|Close Combat|p2b: Malamar
|-damage|p2b: Malamar|27/100
|-unboost|p1b: Stairs|def|1
|-unboost|p1b: Stairs|spd|1
|-enditem|p1b: Stairs|White Herb
|-clearnegativeboost|p1b: Stairs|[silent]
|move|p1a: Courage|Stomping Tantrum|p2a: Sneasler
|-activate|p2a: Sneasler|move: Protect
|move|p2b: Malamar|Superpower|p1a: Courage
|-damage|p1a: Courage|47/100
|-boost|p2b: Malamar|atk|1
|-boost|p2b: Malamar|def|1
|-damage|p2b: Malamar|15/100|[from] ability: Rough Skin|[of] p1a: Courage
|
|upkeep
|turn|3
|
|t:|1782265861
|switch|p1a: Knowledge|Basculegion, L50, M|100/100
|move|p1b: Stairs|Dire Claw|p2b: Malamar
|-damage|p2b: Malamar|0 fnt
|faint|p2b: Malamar
|move|p2a: Sneasler|Close Combat|p1b: Stairs
|-resisted|p1b: Stairs|1
|-damage|p1b: Stairs|44/100
|-unboost|p2a: Sneasler|def|1
|-unboost|p2a: Sneasler|spd|1
|-enditem|p2a: Sneasler|White Herb
|-clearnegativeboost|p2a: Sneasler|[silent]
|
|upkeep
|
|t:|1782265869
|switch|p2b: Charizard|Charizard, L50, M, shiny|100/100
|turn|4
|
|t:|1782265894
|detailschange|p2b: Charizard|Charizard-Mega-Y, L50, M, shiny
|-mega|p2b: Charizard|Charizard|Charizardite Y
|-weather|SunnyDay|[from] ability: Drought|[of] p2b: Charizard
|move|p2a: Sneasler|Close Combat|p1b: Stairs
|-resisted|p1b: Stairs|1
|-damage|p1b: Stairs|0 fnt
|-unboost|p2a: Sneasler|def|1
|-unboost|p2a: Sneasler|spd|1
|faint|p1b: Stairs
|move|p2b: Charizard|Solar Beam||[still]
|-prepare|p2b: Charizard|Solar Beam
|-anim|p2b: Charizard|Solar Beam|p1a: Knowledge
|-supereffective|p1a: Knowledge|1
|-damage|p1a: Knowledge|5/100
|-enditem|p1a: Knowledge|Sitrus Berry|[eat]
|-heal|p1a: Knowledge|29/100|[from] item: Sitrus Berry
|move|p1a: Knowledge|Wave Crash|p2a: Sneasler
|-damage|p2a: Sneasler|0 fnt
|faint|p2a: Sneasler
|-damage|p1a: Knowledge|8/100|[from] Recoil
|
|-weather|SunnyDay|[upkeep]
|upkeep
|
|t:|1782265907
|switch|p1b: Serenity|Dragonite, L50, M|100/100
|switch|p2a: Ninetales|Ninetales-Alola, L50, M|100/100
|-weather|Snowscape|[from] ability: Snow Warning|[of] p2a: Ninetales
|turn|5
|
|t:|1782265919
|detailschange|p1b: Serenity|Dragonite-Mega, L50, M
|-mega|p1b: Serenity|Dragonite|Dragoninite
|move|p2b: Charizard|Protect|p2b: Charizard
|-singleturn|p2b: Charizard|Protect
|move|p1a: Knowledge|Aqua Jet|p2a: Ninetales
|-damage|p2a: Ninetales|69/100
|move|p2a: Ninetales|Blizzard|p1b: Serenity|[spread] p1a,p1b
|-resisted|p1a: Knowledge|1
|-supereffective|p1b: Serenity|2
|-damage|p1a: Knowledge|0 fnt
|-damage|p1b: Serenity|42/100
|faint|p1a: Knowledge
|move|p1b: Serenity|Flamethrower|p2a: Ninetales
|-supereffective|p2a: Ninetales|1
|-damage|p2a: Ninetales|0 fnt
|faint|p2a: Ninetales
|
|-weather|Snowscape|[upkeep]
|upkeep
|
|t:|1782265931
|switch|p1a: Courage|Garchomp, L50, F|47/100
|turn|6
|
|t:|1782265938
|move|p2b: Charizard|Weather Ball|p1b: Serenity
|-supereffective|p1b: Serenity|2
|-damage|p1b: Serenity|0 fnt
|faint|p1b: Serenity
|move|p1a: Courage|Dragon Claw|p2b: Charizard
|-damage|p2b: Charizard|32/100
|-damage|p1a: Courage|37/100|[from] item: Life Orb
|
|-weather|Snowscape|[upkeep]
|upkeep
|turn|7
|
|t:|1782265950
|move|p2b: Charizard|Weather Ball|p1a: Courage
|-supereffective|p1a: Courage|2
|-damage|p1a: Courage|0 fnt
|faint|p1a: Courage
|
|win|imrealafdbn
||imrealafdbn is ready for game 3.
||Cello L. is ready for game 3.
|uhtml|next|Next: Game 3 of 3
