|j|☆RiniRin
|j|☆Koraidon goat
|html|RiniRinKoraidon goat    
|uhtml|bestof|Game 2 of a best-of-3
|t:|1786158876
|gametype|doubles
|player|p1|RiniRin|lacey|1400
|player|p2|Koraidon goat|drayden|1352
|gen|9
|tier|[Gen 9 Champions] VGC 2026 Reg M-B (Bo3)
|rated|
|rule|Species Clause: Limit one of each Pokémon
|rule|Item Clause: Limit 1 of each item
|clearpoke
|poke|p1|Charizard, L50, M|
|poke|p1|Garchomp, L50, F|
|poke|p1|Farigiraf, L50, F|
|poke|p1|Mawile, L50, F|
|poke|p1|Basculegion, L50, M|
|poke|p1|Whimsicott, L50, M|
|poke|p2|Arcanine-Hisui, L50, F|
|poke|p2|Staraptor, L50, M|
|poke|p2|Raichu, L50, F|
|poke|p2|Farigiraf, L50, M, shiny|
|poke|p2|Sylveon, L50, M|
|poke|p2|Kingambit, L50, F|
|teampreview|4
|showteam|p1|Charizard||CharizarditeY|Blaze|HeatWave,WeatherBall,Protect,SolarBeam|Modest||M|||50|]Garchomp||ExpertBelt|RoughSkin|EarthPower,DracoMeteor,Protect,PowerGem|Modest||F|||50|]Farigiraf||ColburBerry|ArmorTail|TwinBeam,TrickRoom,Thunderbolt,HelpingHand|Modest||F|||50|]Mawile||Mawilite|HyperCutter|PlayRough,Protect,SuckerPunch,RockSlide|Adamant||F|||50|]Basculegion||SitrusBerry|Adaptability|WaveCrash,LastRespects,AquaJet,Protect|Adamant||M|||50|]Whimsicott||FocusSash|Prankster|Moonblast,WorrySeed,Protect,Tailwind|Timid||M|||50|
|showteam|p2|Arcanine-Hisui||FocusSash|RockHead|FlareBlitz,HeadSmash,ExtremeSpeed,Protect|Jolly||F|||50|]Staraptor||Staraptite|Intimidate|DualWingbeat,CloseCombat,Tailwind,Protect|Adamant||M|||50|]Raichu||RaichuniteY|LightningRod|ZapCannon,FocusBlast,FakeOut,Protect|Timid||F|||50|]Farigiraf||SitrusBerry|ArmorTail|TrickRoom,HelpingHand,Psychic,Protect|Calm||M|||50|]Sylveon||FairyFeather|Pixilate|HyperBeam,HyperVoice,QuickAttack,Detect|Modest||M|||50|]Kingambit||BlackGlasses|Defiant|KowtowCleave,SuckerPunch,SwordsDance,Protect|Adamant||F|||50|
|inactive|Battle timer is ON: inactive players will automatically lose when time's up. (requested by Koraidon goat)
|
|t:|1786158902
|teamsize|p1|4
|teamsize|p2|4
|start
|switch|p1a: Charizard|Charizard, L50, M|100/100
|switch|p1b: Whimsicott|Whimsicott, L50, M|100/100
|switch|p2a: Arcanine|Arcanine-Hisui, L50, F|100/100
|switch|p2b: Raichu|Raichu, L50, F|100/100
|turn|1
|inactive|Koraidon goat has 30 seconds left.
|inactive|Koraidon goat has 20 seconds left.
|inactive|Koraidon goat has 15 seconds left.
|inactive|Koraidon goat has 10 seconds left.
|
|t:|1786158949
|detailschange|p2b: Raichu|Raichu-Mega-Y, L50, F
|-mega|p2b: Raichu|Raichu|Raichunite Y
|move|p1b: Whimsicott|Protect|p1b: Whimsicott
|-singleturn|p1b: Whimsicott|Protect
|move|p1a: Charizard|Protect|p1a: Charizard
|-singleturn|p1a: Charizard|Protect
|move|p2b: Raichu|Focus Blast|p1b: Whimsicott
|-activate|p1b: Whimsicott|move: Protect
|move|p2a: Arcanine|Flare Blitz|p1b: Whimsicott
|-activate|p1b: Whimsicott|move: Protect
|
|upkeep
|turn|2
|inactive|RiniRin has 30 seconds left.
|inactive|Koraidon goat has 30 seconds left.
|inactive|Koraidon goat has 20 seconds left.
|
|t:|1786158993
|switch|p1a: Garchomp|Garchomp, L50, F|100/100
|move|p1b: Whimsicott|Tailwind|p1b: Whimsicott
|-sidestart|p1: RiniRin|move: Tailwind
|move|p2b: Raichu|Focus Blast|p1a: Garchomp
|-damage|p1a: Garchomp|55/100
|move|p2a: Arcanine|Head Smash|p1a: Garchomp
|-resisted|p1a: Garchomp|1
|-damage|p1a: Garchomp|26/100
|-damage|p2a: Arcanine|87/100|[from] ability: Rough Skin|[of] p1a: Garchomp
|
|upkeep
|turn|3
|inactive|Koraidon goat has 30 seconds left.
|inactive|Koraidon goat has 20 seconds left.
|
|t:|1786159031
|switch|p1a: Basculegion|Basculegion, L50, M|100/100
|switch|p2b: Farigiraf|Farigiraf, L50, M, shiny|100/100
|move|p2a: Arcanine|Extreme Speed|p1a: Basculegion
|-immune|p1a: Basculegion
|move|p1b: Whimsicott|Worry Seed||[still]
|cant|p2b: Farigiraf|ability: Armor Tail|Worry Seed|[of] p1b: Whimsicott
|
|upkeep
|turn|4
|
|t:|1786159045
|move|p2b: Farigiraf|Helping Hand|p2a: Arcanine
|-singleturn|p2a: Arcanine|Helping Hand|[of] p2b: Farigiraf
|move|p1b: Whimsicott|Moonblast|p2b: Farigiraf
|-damage|p2b: Farigiraf|70/100
|move|p1a: Basculegion|Wave Crash|p2b: Farigiraf
|-damage|p2b: Farigiraf|4/100
|-enditem|p2b: Farigiraf|Sitrus Berry|[eat]
|-heal|p2b: Farigiraf|29/100|[from] item: Sitrus Berry
|-damage|p1a: Basculegion|75/100|[from] Recoil
|move|p2a: Arcanine|Head Smash|p1a: Basculegion
|-damage|p1a: Basculegion|0 fnt
|faint|p1a: Basculegion
|
|upkeep
|
|t:|1786159058
|switch|p1a: Garchomp|Garchomp, L50, F|26/100
|turn|5
|
|t:|1786159070
|move|p2a: Arcanine|Protect|p2a: Arcanine
|-singleturn|p2a: Arcanine|Protect
|move|p2b: Farigiraf|Protect|p2b: Farigiraf
|-singleturn|p2b: Farigiraf|Protect
|move|p1b: Whimsicott|Moonblast|p2b: Farigiraf
|-activate|p2b: Farigiraf|move: Protect
|move|p1a: Garchomp|Earth Power|p2a: Arcanine
|-activate|p2a: Arcanine|move: Protect
|
|-sideend|p1: RiniRin|move: Tailwind
|upkeep
|turn|6
|inactive|Koraidon goat has 30 seconds left.
|inactive|Koraidon goat has 20 seconds left.
|
|t:|1786159110
|move|p2b: Farigiraf|Helping Hand|p2a: Arcanine
|-singleturn|p2a: Arcanine|Helping Hand|[of] p2b: Farigiraf
|move|p1a: Garchomp|Protect|p1a: Garchomp
|-singleturn|p1a: Garchomp|Protect
|move|p2a: Arcanine|Extreme Speed|p1a: Garchomp
|-activate|p1a: Garchomp|move: Protect
|move|p1b: Whimsicott|Moonblast|p2b: Farigiraf
|-damage|p2b: Farigiraf|0 fnt
|faint|p2b: Farigiraf
|
|upkeep
|
|t:|1786159117
|switch|p2b: Raichu|Raichu-Mega-Y, L50, F|100/100
|turn|7
|
|t:|1786159133
|move|p1b: Whimsicott|Protect|p1b: Whimsicott
|-singleturn|p1b: Whimsicott|Protect
|move|p2b: Raichu|Fake Out|p1b: Whimsicott
|-activate|p1b: Whimsicott|move: Protect
|move|p2a: Arcanine|Extreme Speed|p1a: Garchomp
|-damage|p1a: Garchomp|4/100
|-damage|p2a: Arcanine|75/100|[from] ability: Rough Skin|[of] p1a: Garchomp
|move|p1a: Garchomp|Earth Power|p2a: Arcanine
|-supereffective|p2a: Arcanine|2
|-damage|p2a: Arcanine|0 fnt
|faint|p2a: Arcanine
|
|upkeep
|
|t:|1786159139
|switch|p2a: Sylveon|Sylveon, L50, M|100/100
|turn|8
|
|t:|1786159156
|move|p2b: Raichu|Protect|p2b: Raichu
|-singleturn|p2b: Raichu|Protect
|move|p1b: Whimsicott|Worry Seed|p2b: Raichu
|-activate|p2b: Raichu|move: Protect
|move|p1a: Garchomp|Earth Power|p2b: Raichu
|-activate|p2b: Raichu|move: Protect
|move|p2a: Sylveon|Hyper Voice|p1b: Whimsicott|[spread] p1a,p1b
|-supereffective|p1a: Garchomp|1
|-damage|p1a: Garchomp|0 fnt
|-damage|p1b: Whimsicott|15/100
|faint|p1a: Garchomp
|
|upkeep
|
|t:|1786159159
|switch|p1a: Charizard|Charizard, L50, M|100/100
|turn|9
|
|t:|1786159179
|detailschange|p1a: Charizard|Charizard-Mega-Y, L50, M
|-mega|p1a: Charizard|Charizard|Charizardite Y
|-weather|SunnyDay|[from] ability: Drought|[of] p1a: Charizard
|move|p1b: Whimsicott|Tailwind|p1b: Whimsicott
|-sidestart|p1: RiniRin|move: Tailwind
|move|p1a: Charizard|Weather Ball|p2b: Raichu
|-damage|p2b: Raichu|0 fnt
|faint|p2b: Raichu
|move|p2a: Sylveon|Hyper Voice|p1b: Whimsicott|[spread] p1a,p1b
|-resisted|p1a: Charizard|1
|-damage|p1a: Charizard|76/100
|-damage|p1b: Whimsicott|0 fnt
|faint|p1b: Whimsicott
|
|-weather|SunnyDay|[upkeep]
|upkeep
|turn|10
|
|t:|1786159201
|move|p2a: Sylveon|Detect|p2a: Sylveon
|-singleturn|p2a: Sylveon|Protect
|move|p1a: Charizard|Weather Ball|p2a: Sylveon
|-activate|p2a: Sylveon|move: Protect
|
|-weather|SunnyDay|[upkeep]
|upkeep
|turn|11
|
|t:|1786159217
|move|p1a: Charizard|Weather Ball|p2a: Sylveon
|-damage|p2a: Sylveon|35/100
|move|p2a: Sylveon|Hyper Voice|p1a: Charizard
|-resisted|p1a: Charizard|1
|-damage|p1a: Charizard|49/100
|
|-weather|SunnyDay|[upkeep]
|upkeep
|turn|12
|
|t:|1786159225
|move|p2a: Sylveon|Detect|p2a: Sylveon
|-singleturn|p2a: Sylveon|Protect
|move|p1a: Charizard|Weather Ball|p2a: Sylveon
|-activate|p2a: Sylveon|move: Protect
|
|-weather|SunnyDay|[upkeep]
|-sideend|p1: RiniRin|move: Tailwind
|upkeep
|turn|13
|
|t:|1786159233
|move|p2a: Sylveon|Detect|p2a: Sylveon
|-singleturn|p2a: Sylveon|Protect
|move|p1a: Charizard|Weather Ball|p2a: Sylveon
|-activate|p2a: Sylveon|move: Protect
|
|-weather|none
|upkeep
|turn|14
|
|t:|1786159242
|move|p1a: Charizard|Heat Wave|p2a: Sylveon
|-damage|p2a: Sylveon|0 fnt
|faint|p2a: Sylveon
|
|win|RiniRin
|raw|RiniRin's rating: 1400 → 1417(+17 for winning)
|raw|Koraidon goat's rating: 1352 → 1335(-17 for losing)
