|j|☆Voltage Gaming101
|j|☆Gvanz
|html|Voltage Gaming101Gvanz    
|uhtml|bestof|Game 2 of a best-of-3
|t:|1757175709
|gametype|doubles
|player|p1|Voltage Gaming101|red|1093
|player|p2|Gvanz|266|1122
|gen|9
|tier|[Gen 9] VGC 2025 Reg H (Bo3)
|rated|
|rule|Species Clause: Limit one of each Pokémon
|rule|Item Clause: Limit 1 of each item
|clearpoke
|poke|p1|Tyranitar, L50, F|
|poke|p1|Houndstone, L50, F|
|poke|p1|Gholdengo, L50|
|poke|p1|Garchomp, L50, M|
|poke|p1|Incineroar, L50, F|
|poke|p1|Amoonguss, L50, F|
|poke|p2|Archaludon, L50, F|
|poke|p2|Basculegion, L50, M|
|poke|p2|Pelipper, L50, F|
|poke|p2|Ursaluna, L50, M|
|poke|p2|Sinistcha, L50|
|poke|p2|Incineroar, L50, F|
|teampreview|4
|showteam|p1|Tyranitar||AssaultVest|SandStream|RockSlide,KnockOff,LowKick,TeraBlast|||F|||50|,,,,,Flying]Houndstone||SpellTag|SandRush|LastRespects,ShadowSneak,PlayRough,BodyPress|||F|||50|,,,,,Ghost]Gholdengo||LifeOrb|GoodasGold|MakeItRain,ShadowBall,NastyPlot,Protect||||||50|,,,,,Water]Garchomp||LoadedDice|RoughSkin|ScaleShot,Earthquake,SwordsDance,Protect|||M|||50|,,,,,Fire]Incineroar||SafetyGoggles|Intimidate|FakeOut,KnockOff,FlareBlitz,PartingShot|||F|||50|,,,,,Water]Amoonguss||SitrusBerry|Regenerator|Spore,RagePowder,PollenPuff,Protect|||F|||50|,,,,,Water
|showteam|p2|Archaludon||AssaultVest|Stamina|ElectroShot,DracoMeteor,BodyPress,FlashCannon|||F|||50|,,,,,Bug]Basculegion||ChoiceBand|SwiftSwim|WaveCrash,LastRespects,FlipTurn,AquaJet|||M|||50|,,,,,Water]Pelipper||FocusSash|Drizzle|WeatherBall,Hurricane,Tailwind,Protect|||F|||50|,,,,,Ground]Ursaluna||FlameOrb|Guts|HeadlongRush,Facade,Earthquake,Protect|||M|||50|,,,,,Ghost]Sinistcha||SitrusBerry|Hospitality|MatchaGotcha,TrickRoom,LifeDew,RagePowder||||||50|,,,,,Fairy]Incineroar||SafetyGoggles|Intimidate|KnockOff,PartingShot,FakeOut,HelpingHand|||F|||50|,,,,,Ghost
|inactive|Battle timer is ON: inactive players will automatically lose when time's up. (requested by Voltage Gaming101)
|inactive|Gvanz also wants the timer to be on.
|
|t:|1757175739
|teamsize|p1|4
|teamsize|p2|4
|start
|switch|p1a: Gholdengo|Gholdengo, L50|100/100
|switch|p1b: Amoonguss|Amoonguss, L50, F, shiny|100/100
|switch|p2a: Sinistcha|Sinistcha, L50|100/100
|switch|p2b: Ursaluna|Ursaluna, L50, M|100/100
|turn|1
|
|t:|1757175762
|move|p2b: Ursaluna|Protect|p2b: Ursaluna
|-singleturn|p2b: Ursaluna|Protect
|move|p1a: Gholdengo|Shadow Ball|p2a: Sinistcha
|-supereffective|p2a: Sinistcha
|-damage|p2a: Sinistcha|0 fnt
|faint|p2a: Sinistcha
|-damage|p1a: Gholdengo|91/100|[from] item: Life Orb
|move|p1b: Amoonguss|Spore|p2b: Ursaluna
|-activate|p2b: Ursaluna|move: Protect
|
|-status|p2b: Ursaluna|brn|[from] item: Flame Orb
|upkeep
|
|t:|1757175768
|switch|p2a: Pelipper|Pelipper, L50, F|100/100
|-weather|RainDance|[from] ability: Drizzle|[of] p2a: Pelipper
|turn|2
|
|t:|1757175775
|move|p1b: Amoonguss|Rage Powder|p1b: Amoonguss
|-singleturn|p1b: Amoonguss|move: Rage Powder
|move|p2a: Pelipper|Tailwind|p2a: Pelipper
|-sidestart|p2: Gvanz|move: Tailwind
|move|p1a: Gholdengo|Nasty Plot|p1a: Gholdengo
|-boost|p1a: Gholdengo|spa|2
|move|p2b: Ursaluna|Earthquake|p1a: Gholdengo|[spread] p1a,p1b
|-immune|p2a: Pelipper
|-supereffective|p1a: Gholdengo
|-damage|p1a: Gholdengo|0 fnt
|-damage|p1b: Amoonguss|44/100
|-enditem|p1b: Amoonguss|Sitrus Berry|[eat]
|-heal|p1b: Amoonguss|69/100|[from] item: Sitrus Berry
|faint|p1a: Gholdengo
|
|-weather|RainDance|[upkeep]
|-damage|p2b: Ursaluna|95/100 brn|[from] brn
|upkeep
|
|t:|1757175782
|switch|p1a: Tyranitar|Tyranitar, L50, F, shiny|100/100
|-weather|Sandstorm|[from] ability: Sand Stream|[of] p1a: Tyranitar
|turn|3
|
|t:|1757175794
|switch|p2a: Basculegion|Basculegion, L50, M|100/100
|-terastallize|p1a: Tyranitar|Flying
|move|p2b: Ursaluna|Facade|p1a: Tyranitar
|-damage|p1a: Tyranitar|7/100
|move|p1a: Tyranitar|Low Kick|p2b: Ursaluna
|-supereffective|p2b: Ursaluna
|-damage|p2b: Ursaluna|30/100 brn
|move|p1b: Amoonguss|Spore|p2a: Basculegion
|-status|p2a: Basculegion|slp|[from] move: Spore
|
|-weather|Sandstorm|[upkeep]
|-damage|p2a: Basculegion|94/100 slp|[from] Sandstorm
|-damage|p1a: Tyranitar|1/100|[from] Sandstorm
|-damage|p1b: Amoonguss|63/100|[from] Sandstorm
|-damage|p2b: Ursaluna|25/100 brn|[from] brn
|upkeep
|turn|4
|
|t:|1757175816
|move|p1b: Amoonguss|Rage Powder|p1b: Amoonguss
|-singleturn|p1b: Amoonguss|move: Rage Powder
|cant|p2a: Basculegion|slp
|move|p2b: Ursaluna|Facade|p1b: Amoonguss
|-damage|p1b: Amoonguss|0 fnt
|faint|p1b: Amoonguss
|move|p1a: Tyranitar|Low Kick|p2b: Ursaluna
|-supereffective|p2b: Ursaluna
|-damage|p2b: Ursaluna|0 fnt
|faint|p2b: Ursaluna
|
|-weather|Sandstorm|[upkeep]
|-damage|p2a: Basculegion|88/100 slp|[from] Sandstorm
|-damage|p1a: Tyranitar|0 fnt|[from] Sandstorm
|faint|p1a: Tyranitar
|upkeep
|
|t:|1757175823
|switch|p1b: Garchomp|Garchomp, L50, M, shiny|100/100
|switch|p2b: Pelipper|Pelipper, L50, F|100/100
|-weather|RainDance|[from] ability: Drizzle|[of] p2b: Pelipper
|turn|5
|
|t:|1757175837
|-terastallize|p2a: Basculegion|Water
|cant|p2a: Basculegion|slp
|move|p2b: Pelipper|Weather Ball|p1b: Garchomp
|-damage|p1b: Garchomp|30/100
|move|p1b: Garchomp|Swords Dance|p1b: Garchomp
|-boost|p1b: Garchomp|atk|2
|
|-weather|RainDance|[upkeep]
|-sideend|p2: Gvanz|move: Tailwind
|upkeep
|turn|6
|
|t:|1757175846
|cant|p2a: Basculegion|slp
|move|p1b: Garchomp|Scale Shot|p2b: Pelipper
|-damage|p2b: Pelipper|63/100
|-crit|p2b: Pelipper
|-damage|p2b: Pelipper|7/100
|-damage|p2b: Pelipper|0 fnt
|faint|p2b: Pelipper
|-hitcount|p2: Pelipper|3
|-unboost|p1b: Garchomp|def|1
|-boost|p1b: Garchomp|spe|1
|
|-weather|RainDance|[upkeep]
|upkeep
|turn|7
|
|t:|1757175855
|-curestatus|p2a: Basculegion|slp|[msg]
|move|p2a: Basculegion|Wave Crash|p1b: Garchomp
|-damage|p1b: Garchomp|0 fnt
|-damage|p2a: Basculegion|76/100|[from] ability: Rough Skin|[of] p1b: Garchomp
|faint|p1b: Garchomp
|-damage|p2a: Basculegion|67/100|[from] Recoil
|
|win|Gvanz
||Voltage Gaming101 is ready for game 3.
