|j|☆testdigi
|j|☆Hex000
|html|testdigiHex000    
|uhtml|bestof|Game 1 of a best-of-3
|t:|1785263660
|gametype|doubles
|player|p1|testdigi|169|1084
|player|p2|Hex000|unknown|1000
|gen|9
|tier|[Gen 9 Champions] VGC 2026 Reg M-B (Bo3)
|rated|
|rule|Species Clause: Limit one of each Pokémon
|rule|Item Clause: Limit 1 of each item
|clearpoke
|poke|p1|Tyranitar, L50, M|
|poke|p1|Excadrill, L50, F|
|poke|p1|Gholdengo, L50, shiny|
|poke|p1|Milotic, L50, M, shiny|
|poke|p1|Sinistcha, L50|
|poke|p1|Staraptor, L50, F|
|poke|p2|Palafin, L50, M, shiny|
|poke|p2|Metagross, L50, shiny|
|poke|p2|Ceruledge, L50, F, shiny|
|poke|p2|Meowscarada, L50, M, shiny|
|poke|p2|Dragonite, L50, F, shiny|
|poke|p2|Sableye, L50, F, shiny|
|teampreview|4
|showteam|p1|Tyranitar||Tyranitarite|SandStream|RockSlide,KnockOff,LowKick,Protect|Jolly||M|||50|]Excadrill||FocusSash|SandRush|HighHorsepower,IronHead,RockSlide,Protect|Adamant||F|||50|]Gholdengo||LifeOrb|GoodasGold|ShadowBall,MakeItRain,NastyPlot,Protect|Modest|||||50|]Milotic||SitrusBerry|Competitive|Scald,IceBeam,IcyWind,Protect|Calm||M|||50|]Sinistcha||ColburBerry|Hospitality|MatchaGotcha,ShadowBall,RagePowder,Protect|Bold|||||50|]Staraptor||Staraptite|Intimidate|CloseCombat,BraveBird,Tailwind,Protect|Jolly||F|||50|
|showteam|p2|Palafin||MysticWater|ZerotoHero|WaveCrash,FlipTurn,JetPunch,Protect|Adamant||M|||50|]Metagross||Metagrossite|ClearBody|BodyPress,PsychicFangs,IronHead,Protect|Adamant|||||50|]Ceruledge||Charcoal|FlashFire|BitterBlade,BulkUp,ShadowSneak,Protect|Adamant||F|||50|]Meowscarada||FocusSash|Protean|FlowerTrick,KnockOff,TripleAxel,Protect|Adamant||M|||50|]Dragonite||Dragoninite|Multiscale|Thunder,Hurricane,DracoMeteor,Protect|Modest||F|||50|]Sableye||RoseliBerry|Prankster|FoulPlay,RainDance,Encore,WillOWisp|Careful||F|||50|
|inactive|Battle timer is ON: inactive players will automatically lose when time's up. (requested by Hex000)
|inactive|testdigi has 60 seconds left.
|inactive|testdigi has 30 seconds left.
|
|t:|1785263727
|teamsize|p1|4
|teamsize|p2|4
|start
|switch|p1a: Gholdengo|Gholdengo, L50, shiny|100/100
|switch|p1b: Milotic|Milotic, L50, M, shiny|100/100
|switch|p2a: Metagross|Metagross, L50, shiny|100/100
|switch|p2b: Meowscarada|Meowscarada, L50, M, shiny|100/100
|turn|1
|
|t:|1785263748
|detailschange|p2a: Metagross|Metagross-Mega, L50, shiny
|-mega|p2a: Metagross|Metagross|Metagrossite
|move|p1a: Gholdengo|Protect|p1a: Gholdengo
|-singleturn|p1a: Gholdengo|Protect
|move|p2b: Meowscarada|Knock Off|p1a: Gholdengo
|-start|p2b: Meowscarada|typechange|Dark|[from] ability: Protean
|-activate|p1a: Gholdengo|move: Protect
|move|p2a: Metagross|Body Press|p1b: Milotic
|-damage|p1b: Milotic|69/100
|move|p1b: Milotic|Icy Wind|p2a: Metagross|[spread] p2a,p2b
|-resisted|p2a: Metagross|1
|-damage|p2a: Metagross|95/100
|-damage|p2b: Meowscarada|81/100
|-unboost|p2a: Metagross|spe|1
|-unboost|p2b: Meowscarada|spe|1
|
|upkeep
|turn|2
|inactive|testdigi has 30 seconds left.
|inactive|testdigi has 20 seconds left.
|
|t:|1785263785
|switch|p1a: Excadrill|Excadrill, L50, F|100/100
|move|p2b: Meowscarada|Knock Off|p1a: Excadrill
|-damage|p1a: Excadrill|28/100
|-enditem|p1a: Excadrill|Focus Sash|[from] move: Knock Off|[of] p2b: Meowscarada
|move|p1b: Milotic|Icy Wind|p2b: Meowscarada|[spread] p2a
|-miss|p1b: Milotic|p2b: Meowscarada
|-resisted|p2a: Metagross|1
|-damage|p2a: Metagross|90/100
|-unboost|p2a: Metagross|spe|1
|move|p2a: Metagross|Body Press|p1b: Milotic
|-damage|p1b: Milotic|36/100
|-enditem|p1b: Milotic|Sitrus Berry|[eat]
|-heal|p1b: Milotic|61/100|[from] item: Sitrus Berry
|
|upkeep
|turn|3
|inactive|testdigi has 30 seconds left.
|
|t:|1785263811
|move|p1a: Excadrill|Protect|p1a: Excadrill
|-singleturn|p1a: Excadrill|Protect
|move|p2b: Meowscarada|Flower Trick|p1b: Milotic
|-supereffective|p1b: Milotic|1
|-crit|p1b: Milotic
|-damage|p1b: Milotic|0 fnt
|faint|p1b: Milotic
|move|p2a: Metagross|Body Press|p1a: Excadrill
|-activate|p1a: Excadrill|move: Protect
|
|upkeep
|
|t:|1785263816
|switch|p1b: Tyranitar|Tyranitar, L50, M|100/100
|-weather|Sandstorm|[from] ability: Sand Stream|[of] p1b: Tyranitar
|turn|4
|inactive|testdigi has 30 seconds left.
|
|t:|1785263844
|switch|p2b: Palafin|Palafin, L50, M, shiny|100/100
|detailschange|p1b: Tyranitar|Tyranitar-Mega, L50, M
|-mega|p1b: Tyranitar|Tyranitar|Tyranitarite
|move|p1a: Excadrill|High Horsepower|p2a: Metagross
|-supereffective|p2a: Metagross|1
|-damage|p2a: Metagross|19/100
|move|p1b: Tyranitar|Low Kick|p2b: Palafin
|-damage|p2b: Palafin|57/100
|move|p2a: Metagross|Body Press|p1b: Tyranitar
|-supereffective|p1b: Tyranitar|2
|-damage|p1b: Tyranitar|0 fnt
|faint|p1b: Tyranitar
|
|-weather|Sandstorm|[upkeep]
|-damage|p2b: Palafin|50/100g|[from] Sandstorm
|upkeep
|
|t:|1785263851
|switch|p1b: Gholdengo|Gholdengo, L50, shiny|100/100
|turn|5
|
|t:|1785263873
|move|p2b: Palafin|Jet Punch|p1a: Excadrill
|-supereffective|p1a: Excadrill|1
|-damage|p1a: Excadrill|0 fnt
|faint|p1a: Excadrill
|move|p1b: Gholdengo|Make It Rain|p2b: Palafin|[spread] p2a,p2b
|-resisted|p2a: Metagross|1
|-resisted|p2b: Palafin|1
|-damage|p2a: Metagross|0 fnt
|-damage|p2b: Palafin|1/100
|-unboost|p1b: Gholdengo|spa|2
|faint|p2a: Metagross
|-damage|p1b: Gholdengo|90/100|[from] item: Life Orb
|
|-weather|Sandstorm|[upkeep]
|-damage|p2b: Palafin|0 fnt|[from] Sandstorm
|faint|p2b: Palafin
|upkeep
|-message|testdigi forfeited.
|
|win|Hex000
