|j|☆BaronAaronVGC
|j|☆Jun RH
|html|BaronAaronVGCJun RH    
|uhtml|bestof|Game 1 of a best-of-3
|t:|1756939802
|gametype|doubles
|player|p1|BaronAaronVGC|ghetsis|1110
|player|p2|Jun RH|burglar|1130
|gen|9
|tier|[Gen 9] VGC 2025 Reg H (Bo3)
|rated|
|rule|Species Clause: Limit one of each Pokémon
|rule|Item Clause: Limit 1 of each item
|clearpoke
|poke|p1|Garchomp, L50, M|
|poke|p1|Typhlosion-Hisui, L50, M|
|poke|p1|Torkoal, L50, M|
|poke|p1|Jumpluff, L50, M|
|poke|p1|Kingambit, L50, M|
|poke|p1|Dragonite, L50, M|
|poke|p2|Gholdengo, L50|
|poke|p2|Incineroar, L50, M|
|poke|p2|Amoonguss, L50, M|
|poke|p2|Dragonite, L50, M|
|poke|p2|Garchomp, L50, F|
|poke|p2|Primarina, L50, F|
|teampreview|4
|showteam|p1|Garchomp||LifeOrb|RoughSkin|StompingTantrum,Earthquake,DragonClaw,Protect|||M|||50|,,,,,Fire]Typhlosion-Hisui||ChoiceSpecs|Blaze|Eruption,HeatWave,Overheat,ShadowBall|||M|||50|,,,,,Fire]Torkoal||EjectPack|Drought|Overheat,HelpingHand,BurningJealousy,Protect|||M|||50|,,,,,Flying]Jumpluff||CovertCloak|Chlorophyll|SleepPowder,Tailwind,Encore,LeafStorm|||M|||50|,,,,,Poison]Kingambit||AssaultVest|Defiant|Assurance,IronHead,SuckerPunch,LowKick|||M|||50|,,,,,Flying]Dragonite||LoadedDice|Multiscale|ScaleShot,ExtremeSpeed,IceSpinner,Protect|||M|||50|,,,,,Fairy
|showteam|p2|Gholdengo||LifeOrb|GoodasGold|MakeItRain,ShadowBall,NastyPlot,Protect||||||50|,,,,,Water]Incineroar||SafetyGoggles|Intimidate|KnockOff,FlareBlitz,FakeOut,PartingShot|||M|||50|,,,,,Ghost]Amoonguss||CovertCloak|Regenerator|RagePowder,PollenPuff,Protect,Spore|||M|||50|,,,,,Dark]Dragonite||LoadedDice|Multiscale|ScaleShot,Tailwind,Protect,Haze|||M|||50|,,,,,Fairy]Garchomp||ClearAmulet|RoughSkin|DragonClaw,Earthquake,StompingTantrum,Protect|||F|||50|,,,,,Fire]Primarina||AssaultVest|LiquidVoice|HyperVoice,Moonblast,IcyWind,DazzlingGleam|||F|||50|,,,,,Grass
|
|t:|1756939865
|teamsize|p1|4
|teamsize|p2|4
|start
|switch|p1a: Kingambit|Kingambit, L50, M|100/100
|switch|p1b: Jumpluff|Jumpluff, L50, M|100/100
|switch|p2a: Dragonite|Dragonite, L50, M|100/100
|switch|p2b: Garchomp|Garchomp, L50, F|100/100
|turn|1
|
|t:|1756939901
|move|p2b: Garchomp|Protect|p2b: Garchomp
|-singleturn|p2b: Garchomp|Protect
|move|p1b: Jumpluff|Sleep Powder|p2b: Garchomp
|-activate|p2b: Garchomp|move: Protect
|move|p2a: Dragonite|Scale Shot|p1b: Jumpluff
|-damage|p1b: Jumpluff|82/100
|-damage|p1b: Jumpluff|63/100
|-damage|p1b: Jumpluff|46/100
|-damage|p1b: Jumpluff|26/100
|-crit|p1b: Jumpluff
|-damage|p1b: Jumpluff|1/100
|-hitcount|p1b: Jumpluff|5
|-unboost|p2a: Dragonite|def|1
|-boost|p2a: Dragonite|spe|1
|move|p1a: Kingambit|Iron Head|p2a: Dragonite
|-damage|p2a: Dragonite|62/100
|
|upkeep
|turn|2
|
|t:|1756939943
|-terastallize|p1a: Kingambit|Flying
|move|p1a: Kingambit|Sucker Punch|p2a: Dragonite
|-damage|p2a: Dragonite|0 fnt
|faint|p2a: Dragonite
|move|p1b: Jumpluff|Sleep Powder|p2b: Garchomp|[miss]
|-miss|p1b: Jumpluff|p2b: Garchomp
|move|p2b: Garchomp|Earthquake|p1a: Kingambit|[spread] 
|-immune|p1a: Kingambit
|-immune|p1b: Jumpluff
|
|upkeep
|
|t:|1756939956
|switch|p2a: Gholdengo|Gholdengo, L50|100/100
|turn|3
|
|t:|1756939977
|-terastallize|p2a: Gholdengo|Water
|move|p1b: Jumpluff|Tailwind|p1b: Jumpluff
|-sidestart|p1: BaronAaronVGC|move: Tailwind
|move|p1a: Kingambit|Assurance|p2a: Gholdengo
|-damage|p2a: Gholdengo|62/100
|move|p2b: Garchomp|Dragon Claw|p1b: Jumpluff
|-damage|p1b: Jumpluff|0 fnt
|faint|p1b: Jumpluff
|move|p2a: Gholdengo|Make It Rain|p1a: Kingambit
|-damage|p1a: Kingambit|43/100
|-unboost|p2a: Gholdengo|spa|1
|-damage|p2a: Gholdengo|52/100|[from] item: Life Orb
|
|upkeep
|
|t:|1756939996
|switch|p1b: Garchomp|Garchomp, L50, M|100/100
|turn|4
|
|t:|1756940015
|move|p2b: Garchomp|Protect|p2b: Garchomp
|-singleturn|p2b: Garchomp|Protect
|move|p2a: Gholdengo|Protect|p2a: Gholdengo
|-singleturn|p2a: Gholdengo|Protect
|move|p1b: Garchomp|Earthquake|p2a: Gholdengo|[spread] 
|-activate|p2a: Gholdengo|move: Protect
|-activate|p2b: Garchomp|move: Protect
|-immune|p1a: Kingambit
|move|p1a: Kingambit|Assurance|p2b: Garchomp
|-activate|p2b: Garchomp|move: Protect
|
|upkeep
|turn|5
|
|t:|1756940063
|switch|p2b: Incineroar|Incineroar, L50, M|100/100
|-ability|p2b: Incineroar|Intimidate|boost
|-unboost|p1a: Kingambit|atk|1
|-ability|p1a: Kingambit|Defiant|boost
|-boost|p1a: Kingambit|atk|2
|-unboost|p1b: Garchomp|atk|1
|move|p1b: Garchomp|Earthquake|p2a: Gholdengo|[spread] p2a,p2b
|-immune|p1a: Kingambit
|-supereffective|p2b: Incineroar
|-damage|p2a: Gholdengo|17/100
|-damage|p2b: Incineroar|28/100
|-damage|p1b: Garchomp|91/100|[from] item: Life Orb
|move|p1a: Kingambit|Assurance|p2b: Incineroar
|-resisted|p2b: Incineroar
|-damage|p2b: Incineroar|0 fnt
|faint|p2b: Incineroar
|move|p2a: Gholdengo|Make It Rain|p1a: Kingambit|[spread] p1a,p1b
|-damage|p1a: Kingambit|17/100
|-damage|p1b: Garchomp|48/100
|-unboost|p2a: Gholdengo|spa|1
|-damage|p2a: Gholdengo|7/100|[from] item: Life Orb
|
|upkeep
|
|t:|1756940084
|switch|p2b: Garchomp|Garchomp, L50, F|100/100
|turn|6
|
|t:|1756940093
|move|p2b: Garchomp|Protect|p2b: Garchomp
|-singleturn|p2b: Garchomp|Protect
|move|p2a: Gholdengo|Protect|p2a: Gholdengo
|-singleturn|p2a: Gholdengo|Protect
|move|p1b: Garchomp|Earthquake|p2b: Garchomp|[spread] 
|-activate|p2a: Gholdengo|move: Protect
|-activate|p2b: Garchomp|move: Protect
|-immune|p1a: Kingambit
|move|p1a: Kingambit|Assurance|p2b: Garchomp
|-activate|p2b: Garchomp|move: Protect
|
|-sideend|p1: BaronAaronVGC|move: Tailwind
|upkeep
|turn|7
|
|t:|1756940117
|move|p1a: Kingambit|Sucker Punch||[still]
|-fail|p1a: Kingambit
|move|p2b: Garchomp|Dragon Claw|p1b: Garchomp
|-supereffective|p1b: Garchomp
|-damage|p1b: Garchomp|0 fnt
|-damage|p2b: Garchomp|88/100|[from] ability: Rough Skin|[of] p1b: Garchomp
|faint|p1b: Garchomp
|move|p2a: Gholdengo|Nasty Plot|p2a: Gholdengo
|-boost|p2a: Gholdengo|spa|2
|
|upkeep
|
|t:|1756940129
|switch|p1b: Typhlosion|Typhlosion-Hisui, L50, M|100/100
|turn|8
|
|t:|1756940152
|move|p2a: Gholdengo|Protect|p2a: Gholdengo
|-singleturn|p2a: Gholdengo|Protect
|move|p1a: Kingambit|Sucker Punch|p2b: Garchomp
|-damage|p2b: Garchomp|26/100
|-damage|p1a: Kingambit|5/100|[from] ability: Rough Skin|[of] p2b: Garchomp
|move|p2b: Garchomp|Stomping Tantrum|p1b: Typhlosion
|-supereffective|p1b: Typhlosion
|-damage|p1b: Typhlosion|0 fnt
|faint|p1b: Typhlosion
|
|upkeep
|turn|9
|
|t:|1756940168
|move|p1a: Kingambit|Sucker Punch|p2a: Gholdengo
|-damage|p2a: Gholdengo|0 fnt
|faint|p2a: Gholdengo
|move|p2b: Garchomp|Dragon Claw|p1a: Kingambit
|-damage|p1a: Kingambit|0 fnt
|faint|p1a: Kingambit
|
|win|Jun RH
