|j|☆Agency Tester
|j|☆FunkleVGC
|html|Agency TesterFunkleVGC    
|uhtml|bestof|Game 2 of a best-of-3
|t:|1784163198
|gametype|doubles
|player|p1|Agency Tester|byron|1089
|player|p2|FunkleVGC|fisherman-gen4|1121
|gen|9
|tier|[Gen 9 Champions] VGC 2026 Reg M-B (Bo3)
|rated|
|rule|Species Clause: Limit one of each Pokémon
|rule|Item Clause: Limit 1 of each item
|clearpoke
|poke|p1|Basculegion, L50, M|
|poke|p1|Garchomp, L50, M|
|poke|p1|Rotom-Heat, L50, shiny|
|poke|p1|Hydreigon, L50, M|
|poke|p1|Aerodactyl, L50, M|
|poke|p1|Sceptile, L50, F|
|poke|p2|Gholdengo, L50, shiny|
|poke|p2|Grimmsnarl, L50, M, shiny|
|poke|p2|Incineroar, L50, F, shiny|
|poke|p2|Staraptor, L50, M, shiny|
|poke|p2|Whimsicott, L50, M, shiny|
|poke|p2|Glimmora, L50, M, shiny|
|teampreview|4
|showteam|p1|Basculegion||SitrusBerry|Adaptability|LastRespects,WaveCrash,AquaJet,Protect|Serious||M|||50|]Garchomp||LifeOrb|RoughSkin|RockSlide,Earthquake,DragonClaw,Protect|Jolly||M|||50|]Rotom-Heat||ChoiceScarf|Levitate|Discharge,Overheat,VoltSwitch,Trick|Timid|||||50|]Hydreigon||Leftovers|Levitate|Substitute,DragonPulse,HeatWave,NastyPlot|Timid||M|||50|]Aerodactyl||FocusSash|Unnerve|Tailwind,RockSlide,Protect,DualWingbeat|Jolly||M|||50|]Sceptile||Sceptilite|Overgrow|DragonPulse,GrassKnot,Detect,EarthPower|Timid||F|||50|
|showteam|p2|Gholdengo||LifeOrb|GoodasGold|MakeItRain,ShadowBall,NastyPlot,Protect|Modest|||||50|]Grimmsnarl||LightClay|Prankster|Reflect,LightScreen,PartingShot,SpiritBreak|Careful||M|||50|]Incineroar||SitrusBerry|Intimidate|FakeOut,PartingShot,FlareBlitz,DarkestLariat|Relaxed||F|||50|]Staraptor||Staraptite|Intimidate|CloseCombat,BraveBird,Roost,Protect|Jolly||M|||50|]Whimsicott||OccaBerry|Prankster|Moonblast,Tailwind,Charm,Protect|Calm||M|||50|]Glimmora||FocusSash|ToxicDebris|SludgeBomb,PowerGem,EarthPower,SpikyShield|Modest||M|||50|
|
|t:|1784163219
|teamsize|p1|4
|teamsize|p2|4
|start
|switch|p1a: Aerodactyl|Aerodactyl, L50, M|100/100
|switch|p1b: Garchomp|Garchomp, L50, M|100/100
|switch|p2a: Staraptor|Staraptor, L50, M, shiny|100/100
|switch|p2b: Grimmsnarl|Grimmsnarl, L50, M, shiny|100/100
|-ability|p1a: Aerodactyl|Unnerve
|-ability|p2a: Staraptor|Intimidate|boost
|-unboost|p1a: Aerodactyl|atk|1
|-unboost|p1b: Garchomp|atk|1
|turn|1
|
|t:|1784163236
|detailschange|p2a: Staraptor|Staraptor-Mega, L50, M, shiny
|-mega|p2a: Staraptor|Staraptor|Staraptite
|move|p2b: Grimmsnarl|Reflect|p2b: Grimmsnarl
|-sidestart|p2: FunkleVGC|Reflect
|move|p1a: Aerodactyl|Rock Slide|p2a: Staraptor|[spread] p2a,p2b
|-crit|p2b: Grimmsnarl
|-damage|p2a: Staraptor|88/100
|-damage|p2b: Grimmsnarl|62/100
|move|p2a: Staraptor|Close Combat|p1a: Aerodactyl
|-damage|p1a: Aerodactyl|7/100
|-boost|p2a: Staraptor|def|1
|-boost|p2a: Staraptor|spd|1
|move|p1b: Garchomp|Rock Slide|p2b: Grimmsnarl|[spread] p2a,p2b
|-damage|p2a: Staraptor|80/100
|-damage|p2b: Grimmsnarl|51/100
|-damage|p1b: Garchomp|90/100|[from] item: Life Orb
|
|upkeep
|turn|2
|
|t:|1784163268
|move|p2b: Grimmsnarl|Parting Shot|p2a: Staraptor
|-boost|p2a: Staraptor|atk|1
|-boost|p2a: Staraptor|spa|1
|
|t:|1784163272
|switch|p2b: Whimsicott|Whimsicott, L50, M, shiny|100/100|[from] Parting Shot
|move|p1a: Aerodactyl|Dual Wingbeat|p2a: Staraptor
|-supereffective|p2a: Staraptor|1
|-damage|p2a: Staraptor|68/100
|-supereffective|p2a: Staraptor|1
|-crit|p2a: Staraptor
|-damage|p2a: Staraptor|7/100
|-hitcount|p2a: Staraptor|2
|move|p2a: Staraptor|Close Combat|p1b: Garchomp
|-damage|p1b: Garchomp|0 fnt
|-boost|p2a: Staraptor|def|1
|-boost|p2a: Staraptor|spd|1
|-damage|p2a: Staraptor|0 fnt|[from] ability: Rough Skin|[of] p1b: Garchomp
|faint|p1b: Garchomp
|faint|p2a: Staraptor
|
|upkeep
|
|t:|1784163288
|switch|p2a: Glimmora|Glimmora, L50, M, shiny|100/100
|switch|p1b: Rotom|Rotom-Heat, L50, shiny|100/100
|turn|3
|inactive|Battle timer is ON: inactive players will automatically lose when time's up. (requested by FunkleVGC)
|
|t:|1784163304
|move|p2b: Whimsicott|Tailwind|p2b: Whimsicott
|-sidestart|p2: FunkleVGC|move: Tailwind
|move|p2a: Glimmora|Power Gem|p1b: Rotom
|-supereffective|p1b: Rotom|1
|-damage|p1b: Rotom|0 fnt
|faint|p1b: Rotom
|move|p1a: Aerodactyl|Dual Wingbeat|p2b: Whimsicott
|-supereffective|p2b: Whimsicott|1
|-damage|p2b: Whimsicott|80/100
|-supereffective|p2b: Whimsicott|1
|-damage|p2b: Whimsicott|63/100
|-hitcount|p2b: Whimsicott|2
|
|upkeep
|
|t:|1784163311
|switch|p1b: Basculegion|Basculegion, L50, M|100/100
|turn|4
|
|t:|1784163332
|move|p2a: Glimmora|Power Gem|p1b: Basculegion
|-damage|p1b: Basculegion|48/100
|-enditem|p1b: Basculegion|Sitrus Berry|[eat]
|-heal|p1b: Basculegion|73/100|[from] item: Sitrus Berry
|move|p2b: Whimsicott|Moonblast|p1a: Aerodactyl
|-damage|p1a: Aerodactyl|0 fnt
|faint|p1a: Aerodactyl
|move|p1b: Basculegion|Last Respects|p2a: Glimmora
|-damage|p2a: Glimmora|3/100
|-activate|p2a: Glimmora|ability: Toxic Debris
|-sidestart|p1: Agency Tester|move: Toxic Spikes
|
|upkeep
|turn|5
|inactive|FunkleVGC has 30 seconds left.
|inactive|FunkleVGC has 20 seconds left.
|inactive|FunkleVGC has 15 seconds left.
|
|t:|1784163375
|move|p1b: Basculegion|Aqua Jet|p2a: Glimmora
|-supereffective|p2a: Glimmora|1
|-damage|p2a: Glimmora|0 fnt
|-activate|p2a: Glimmora|ability: Toxic Debris
|-sidestart|p1: Agency Tester|move: Toxic Spikes
|faint|p2a: Glimmora
|move|p2b: Whimsicott|Moonblast|p1b: Basculegion
|-damage|p1b: Basculegion|42/100
|
|upkeep
|
|t:|1784163385
|switch|p2a: Grimmsnarl|Grimmsnarl, L50, M, shiny|51/100
|turn|6
|
|t:|1784163392
|move|p1b: Basculegion|Protect|p1b: Basculegion
|-singleturn|p1b: Basculegion|Protect
|move|p2b: Whimsicott|Moonblast|p1b: Basculegion
|-activate|p1b: Basculegion|move: Protect
|move|p2a: Grimmsnarl|Spirit Break|p1b: Basculegion
|-activate|p1b: Basculegion|move: Protect
|
|-sideend|p2: FunkleVGC|move: Tailwind
|upkeep
|turn|7
|
|t:|1784163409
|move|p2b: Whimsicott|Moonblast|p1b: Basculegion
|-damage|p1b: Basculegion|10/100
|move|p1b: Basculegion|Last Respects|p2b: Whimsicott
|-damage|p2b: Whimsicott|0 fnt
|faint|p2b: Whimsicott
|move|p2a: Grimmsnarl|Spirit Break|p1b: Basculegion
|-damage|p1b: Basculegion|0 fnt
|faint|p1b: Basculegion
|
|win|FunkleVGC
