|j|☆daeba1993
|j|☆nillythekid
|html|daeba1993nillythekid    
|uhtml|bestof|Game 2 of a best-of-3
|t:|1782565921
|gametype|doubles
|player|p1|daeba1993|266|1026
|player|p2|nillythekid|hiker-gen4|1040
|gen|9
|tier|[Gen 9 Champions] VGC 2026 Reg M-B (Bo3)
|rated|
|rule|Species Clause: Limit one of each Pokémon
|rule|Item Clause: Limit 1 of each item
|clearpoke
|poke|p1|Metagross, L50, shiny|
|poke|p1|Milotic, L50, M|
|poke|p1|Ceruledge, L50, F|
|poke|p1|Grimmsnarl, L50, M|
|poke|p1|Whimsicott, L50, M|
|poke|p1|Garchomp, L50, F|
|poke|p2|Sinistcha, L50|
|poke|p2|Incineroar, L50, F|
|poke|p2|Milotic, L50, M|
|poke|p2|Raichu, L50, F|
|poke|p2|Floette-Eternal, L50, F|
|poke|p2|Ceruledge, L50, M|
|teampreview|4
|showteam|p1|Metagross||Metagrossite|ClearBody|Protect,IcePunch,IronHead,StompingTantrum|Jolly|||||50|]Milotic||Leftovers|Competitive|Scald,Coil,Hypnosis,LifeDew|Calm||M|||50|]Ceruledge||ColburBerry|FlashFire|BitterBlade,BulkUp,Protect,ShadowSneak|Impish||F|||50|]Grimmsnarl||LightClay|Prankster|Reflect,LightScreen,PartingShot,SpiritBreak|Impish||M|||50|]Whimsicott||FocusSash|Prankster|Charm,Tailwind,Encore,Moonblast|Timid||M|||50|]Garchomp||LifeOrb|RoughSkin|Earthquake,DragonClaw,Protect,RockSlide|Adamant||F|||50|
|showteam|p2|Sinistcha||KasibBerry|Hospitality|MatchaGotcha,LifeDew,RagePowder,Protect|Relaxed|||||50|]Incineroar||SitrusBerry|Intimidate|FlareBlitz,ThroatChop,FakeOut,PartingShot|Impish||F|||50|]Milotic||Leftovers|Competitive|MuddyWater,Coil,Hypnosis,Protect|Calm||M|||50|]Raichu||RaichuniteY|LightningRod|ZapCannon,FocusBlast,FakeOut,Protect|Timid||F|||50|]Floette-Eternal||Floettite|FlowerVeil|DazzlingGleam,DrainingKiss,CalmMind,Protect|Timid||F|||50|]Ceruledge||ColburBerry|FlashFire|BitterBlade,ShadowSneak,BulkUp,Protect|Adamant||M|||50|
|
|t:|1782565953
|teamsize|p1|4
|teamsize|p2|4
|start
|switch|p1a: Grimmsnarl|Grimmsnarl, L50, M|100/100
|switch|p1b: Metagross|Metagross, L50, shiny|100/100
|switch|p2a: Raichu|Raichu, L50, F|100/100
|switch|p2b: Ceruledge|Ceruledge, L50, M|100/100
|turn|1
|
|t:|1782565971
|detailschange|p2a: Raichu|Raichu-Mega-Y, L50, F
|-mega|p2a: Raichu|Raichu|Raichunite Y
|move|p1b: Metagross|Protect|p1b: Metagross
|-singleturn|p1b: Metagross|Protect
|move|p2a: Raichu|Fake Out|p1b: Metagross
|-activate|p1b: Metagross|move: Protect
|move|p1a: Grimmsnarl|Reflect|p1a: Grimmsnarl
|-sidestart|p1: daeba1993|Reflect
|move|p2b: Ceruledge|Bulk Up|p2b: Ceruledge
|-boost|p2b: Ceruledge|atk|1
|-boost|p2b: Ceruledge|def|1
|
|upkeep
|turn|2
|
|t:|1782566003
|switch|p1b: Garchomp|Garchomp, L50, F|100/100
|move|p1a: Grimmsnarl|Parting Shot|p2b: Ceruledge
|-unboost|p2b: Ceruledge|atk|1
|-unboost|p2b: Ceruledge|spa|1
|
|t:|1782566013
|switch|p1a: Metagross|Metagross, L50, shiny|100/100|[from] Parting Shot
|move|p2a: Raichu|Zap Cannon|p1b: Garchomp
|-immune|p1b: Garchomp
|move|p2b: Ceruledge|Bitter Blade|p1b: Garchomp
|-resisted|p1b: Garchomp|1
|-damage|p1b: Garchomp|82/100
|-damage|p2b: Ceruledge|87/100|[from] ability: Rough Skin|[of] p1b: Garchomp
|
|upkeep
|turn|3
|
|t:|1782566033
|move|p2a: Raichu|Protect|p2a: Raichu
|-singleturn|p2a: Raichu|Protect
|move|p1a: Metagross|Protect|p1a: Metagross
|-singleturn|p1a: Metagross|Protect
|move|p1b: Garchomp|Earthquake|p2b: Ceruledge|[spread] p2b
|-activate|p1a: Metagross|move: Protect
|-activate|p2a: Raichu|move: Protect
|-supereffective|p2b: Ceruledge|1
|-damage|p2b: Ceruledge|4/100
|-damage|p1b: Garchomp|72/100|[from] item: Life Orb
|move|p2b: Ceruledge|Bulk Up|p2b: Ceruledge
|-boost|p2b: Ceruledge|atk|1
|-boost|p2b: Ceruledge|def|1
|
|upkeep
|turn|4
|
|t:|1782566055
|switch|p2a: Sinistcha|Sinistcha, L50|100/100
|-heal|p2b: Ceruledge|29/100|[from] ability: Hospitality|[of] p2a: Sinistcha
|move|p2b: Ceruledge|Protect|p2b: Ceruledge
|-singleturn|p2b: Ceruledge|Protect
|move|p1b: Garchomp|Earthquake|p2b: Ceruledge|[spread] p1a,p2a
|-activate|p2b: Ceruledge|move: Protect
|-supereffective|p1a: Metagross|1
|-resisted|p2a: Sinistcha|1
|-damage|p1a: Metagross|44/100
|-damage|p2a: Sinistcha|75/100
|-damage|p1b: Garchomp|62/100|[from] item: Life Orb
|move|p1a: Metagross|Iron Head|p2b: Ceruledge
|-activate|p2b: Ceruledge|move: Protect
|
|upkeep
|turn|5
|
|t:|1782566081
|move|p2a: Sinistcha|Rage Powder|p2a: Sinistcha
|-singleturn|p2a: Sinistcha|move: Rage Powder
|move|p2b: Ceruledge|Shadow Sneak|p1a: Metagross
|-supereffective|p1a: Metagross|1
|-damage|p1a: Metagross|12/100
|move|p1b: Garchomp|Earthquake|p2b: Ceruledge|[spread] p1a,p2a,p2b
|-supereffective|p1a: Metagross|1
|-resisted|p2a: Sinistcha|1
|-supereffective|p2b: Ceruledge|1
|-damage|p1a: Metagross|0 fnt
|-damage|p2a: Sinistcha|50/100g
|-damage|p2b: Ceruledge|0 fnt
|faint|p1a: Metagross
|faint|p2b: Ceruledge
|-damage|p1b: Garchomp|53/100|[from] item: Life Orb
|
|upkeep
|
|t:|1782566097
|switch|p1a: Grimmsnarl|Grimmsnarl, L50, M|100/100
|switch|p2b: Milotic|Milotic, L50, M|100/100
|turn|6
|
|t:|1782566112
|move|p1a: Grimmsnarl|Light Screen|p1a: Grimmsnarl
|-sidestart|p1: daeba1993|move: Light Screen
|move|p1b: Garchomp|Rock Slide|p2b: Milotic|[spread] p2a,p2b
|-damage|p2a: Sinistcha|28/100
|-damage|p2b: Milotic|78/100
|-damage|p1b: Garchomp|43/100|[from] item: Life Orb
|cant|p2b: Milotic|flinch
|move|p2a: Sinistcha|Matcha Gotcha|p1a: Grimmsnarl|[spread] p1b
|-miss|p2a: Sinistcha|p1a: Grimmsnarl
|-damage|p1b: Garchomp|24/100
|-heal|p2a: Sinistcha|38/100|[from] drain|[of] p1b: Garchomp
|
|-heal|p2b: Milotic|84/100|[from] item: Leftovers
|upkeep
|turn|7
|
|t:|1782566132
|move|p1b: Garchomp|Rock Slide|p2b: Milotic|[spread] p2a,p2b
|-damage|p2a: Sinistcha|11/100
|-damage|p2b: Milotic|59/100
|-damage|p1b: Garchomp|14/100|[from] item: Life Orb
|move|p2b: Milotic|Coil|p2b: Milotic
|-boost|p2b: Milotic|atk|1
|-boost|p2b: Milotic|def|1
|-boost|p2b: Milotic|accuracy|1
|move|p2a: Sinistcha|Life Dew|p2a: Sinistcha|[spread] p2a,p2b
|-heal|p2a: Sinistcha|37/100
|-heal|p2b: Milotic|85/100
|move|p1a: Grimmsnarl|Spirit Break|p2a: Sinistcha
|-damage|p2a: Sinistcha|9/100
|-unboost|p2a: Sinistcha|spa|1
|
|-heal|p2b: Milotic|91/100|[from] item: Leftovers
|upkeep
|turn|8
|-message|daeba1993 forfeited.
|raw|daeba1993's rating: 1026 → 1013(-13 for losing)
|raw|nillythekid's rating: 1040 → 1073(+33 for winning)
|
|win|nillythekid
|l|☆daeba1993
|player|p1|
