|j|☆luxerna
|j|☆Chelicerate1
|html|luxernaChelicerate1    
|uhtml|bestof|Game 1 of a best-of-3
|t:|1785323995
|gametype|doubles
|player|p1|luxerna|dawn-gen4pt|1412
|player|p2|Chelicerate1|ethan|1418
|gen|9
|tier|[Gen 9 Champions] VGC 2026 Reg M-B (Bo3)
|rated|
|rule|Species Clause: Limit one of each Pokémon
|rule|Item Clause: Limit 1 of each item
|clearpoke
|poke|p1|Tyranitar, L50, M|
|poke|p1|Staraptor, L50, F|
|poke|p1|Excadrill, L50, F|
|poke|p1|Gholdengo, L50|
|poke|p1|Milotic, L50, F|
|poke|p1|Sinistcha, L50|
|poke|p2|Grimmsnarl, L50, M|
|poke|p2|Basculegion, L50, M|
|poke|p2|Charizard, L50, F|
|poke|p2|Pelipper, L50, M|
|poke|p2|Venusaur, L50, M|
|poke|p2|Archaludon, L50, M|
|teampreview|4
|showteam|p1|Tyranitar||Tyranitarite|SandStream|RockSlide,KnockOff,HighHorsepower,Protect|Jolly||M|||50|]Staraptor||Staraptite|Intimidate|BraveBird,CloseCombat,Tailwind,Protect|Jolly||F|||50|]Excadrill||FocusSash|SandRush|HighHorsepower,IronHead,RockSlide,Protect|Adamant||F|||50|]Gholdengo||LifeOrb|GoodasGold|MakeItRain,ShadowBall,NastyPlot,Protect|Timid|||||50|]Milotic||SitrusBerry|Competitive|Protect,Scald,IcyWind,IceBeam|Bold||F|||50|]Sinistcha||ColburBerry|Hospitality|MatchaGotcha,RagePowder,ShadowBall,Protect|Bold|||||50|
|showteam|p2|Grimmsnarl||LightClay|Prankster|SpiritBreak,PartingShot,Reflect,LightScreen|Sassy||M|||50|]Basculegion||ChoiceScarf|Adaptability|LastRespects,WaveCrash,AquaJet,FlipTurn|Jolly||M|||50|]Charizard||CharizarditeY|Blaze|Protect,HeatWave,WeatherBall,SolarBeam|Modest||F|||50|]Pelipper||SitrusBerry|Drizzle|Hurricane,WeatherBall,Tailwind,WideGuard|Modest||M|||50|]Venusaur||FocusSash|Chlorophyll|SludgeBomb,SleepPowder,EarthPower,Protect|Modest||M|||50|]Archaludon||Leftovers|Stamina|ElectroShot,DragonPulse,FlashCannon,Protect|Calm||M|||50|
|inactive|Battle timer is ON: inactive players will automatically lose when time's up. (requested by Chelicerate1)
|inactive|Chelicerate1 has 60 seconds left.
|inactive|luxerna has 60 seconds left.
|
|t:|1785324040
|teamsize|p1|4
|teamsize|p2|4
|start
|switch|p1a: Floppavs|Tyranitar, L50, M|100/100
|switch|p1b: Norris|Excadrill, L50, F|100/100
|switch|p2a: Charizard|Charizard, L50, F|100/100
|switch|p2b: Grimmsnarl|Grimmsnarl, L50, M|100/100
|-weather|Sandstorm|[from] ability: Sand Stream|[of] p1a: Floppavs
|turn|1
|l|☆luxerna
|inactive|luxerna disconnected and has a minute to reconnect!
|player|p1|
|inactive|luxerna has 30 seconds left.
|j|☆luxerna
|inactive|luxerna reconnected and has 30 seconds left.
|player|p1|luxerna|dawn-gen4pt|
|inactive|luxerna has 20 seconds left.
|
|t:|1785324078
|switch|p2a: Archaludon|Archaludon, L50, M|100/100
|move|p1b: Norris|Protect|p1b: Norris
|-singleturn|p1b: Norris|Protect
|move|p2b: Grimmsnarl|Reflect|p2b: Grimmsnarl
|-sidestart|p2: Chelicerate1|Reflect
|move|p1a: Floppavs|Rock Slide|p2b: Grimmsnarl|[spread] p2a,p2b
|-resisted|p2a: Archaludon|1
|-damage|p2a: Archaludon|92/100
|-damage|p2b: Grimmsnarl|80/100
|-ability|p2a: Archaludon|Stamina|boost
|-boost|p2a: Archaludon|def|1
|
|-weather|Sandstorm|[upkeep]
|-damage|p2b: Grimmsnarl|74/100|[from] Sandstorm
|-heal|p2a: Archaludon|98/100|[from] item: Leftovers
|upkeep
|turn|2
|
|t:|1785324100
|switch|p1b: Triple T|Gholdengo, L50|100/100
|move|p2b: Grimmsnarl|Parting Shot|p1b: Triple T
|-immune|p1b: Triple T|[from] ability: Good as Gold
|move|p1a: Floppavs|Knock Off|p2a: Archaludon
|-damage|p2a: Archaludon|83/100
|-ability|p2a: Archaludon|Stamina|boost
|-boost|p2a: Archaludon|def|1
|-enditem|p2a: Archaludon|Leftovers|[from] move: Knock Off|[of] p1a: Floppavs
|move|p2a: Archaludon|Electro Shot||[still]
|-prepare|p2a: Archaludon|Electro Shot
|-boost|p2a: Archaludon|spa|1
|
|-weather|Sandstorm|[upkeep]
|-damage|p2b: Grimmsnarl|68/100|[from] Sandstorm
|upkeep
|turn|3
|
|t:|1785324119
|move|p1a: Floppavs|Knock Off|p2b: Grimmsnarl
|-resisted|p2b: Grimmsnarl|2
|-damage|p2b: Grimmsnarl|60/100
|-enditem|p2b: Grimmsnarl|Light Clay|[from] move: Knock Off|[of] p1a: Floppavs
|move|p2a: Archaludon|Electro Shot|p1a: Floppavs|[from] lockedmove
|-damage|p1a: Floppavs|67/100
|move|p1b: Triple T|Nasty Plot|p1b: Triple T
|-boost|p1b: Triple T|spa|2
|move|p2b: Grimmsnarl|Spirit Break|p1b: Triple T
|-resisted|p1b: Triple T|1
|-damage|p1b: Triple T|87/100
|-unboost|p1b: Triple T|spa|1
|
|-weather|Sandstorm|[upkeep]
|-damage|p2b: Grimmsnarl|54/100|[from] Sandstorm
|upkeep
|turn|4
|inactive|luxerna has 30 seconds left.
|
|t:|1785324150
|move|p1a: Floppavs|Protect|p1a: Floppavs
|-singleturn|p1a: Floppavs|Protect
|move|p2b: Grimmsnarl|Light Screen|p2b: Grimmsnarl
|-sidestart|p2: Chelicerate1|move: Light Screen
|move|p2a: Archaludon|Flash Cannon|p1a: Floppavs
|-activate|p1a: Floppavs|move: Protect
|move|p1b: Triple T|Nasty Plot|p1b: Triple T
|-boost|p1b: Triple T|spa|2
|
|-weather|Sandstorm|[upkeep]
|-damage|p2b: Grimmsnarl|48/100|[from] Sandstorm
|upkeep
|turn|5
|
|t:|1785324167
|switch|p1a: Norris|Excadrill, L50, F|100/100
|move|p2a: Archaludon|Flash Cannon|p1a: Norris
|-resisted|p1a: Norris|1
|-damage|p1a: Norris|65/100
|move|p1b: Triple T|Shadow Ball|p2a: Archaludon
|-damage|p2a: Archaludon|2/100
|-ability|p2a: Archaludon|Stamina|boost
|-boost|p2a: Archaludon|def|1
|-damage|p1b: Triple T|77/100|[from] item: Life Orb
|move|p2b: Grimmsnarl|Spirit Break|p1b: Triple T
|-resisted|p1b: Triple T|1
|-damage|p1b: Triple T|64/100
|-unboost|p1b: Triple T|spa|1
|
|-weather|none
|upkeep
|turn|6
|
|t:|1785324181
|move|p2a: Archaludon|Protect|p2a: Archaludon
|-singleturn|p2a: Archaludon|Protect
|move|p1a: Norris|High Horsepower|p2a: Archaludon
|-activate|p2a: Archaludon|move: Protect
|move|p1b: Triple T|Shadow Ball|p2b: Grimmsnarl
|-resisted|p2b: Grimmsnarl|1
|-damage|p2b: Grimmsnarl|20/100y
|-damage|p1b: Triple T|54/100|[from] item: Life Orb
|move|p2b: Grimmsnarl|Spirit Break|p1b: Triple T
|-resisted|p1b: Triple T|1
|-damage|p1b: Triple T|41/100
|-unboost|p1b: Triple T|spa|1
|
|upkeep
|turn|7
|inactive|Chelicerate1 has 30 seconds left.
|
|t:|1785324212
|move|p1a: Norris|High Horsepower|p2a: Archaludon
|-supereffective|p2a: Archaludon|1
|-damage|p2a: Archaludon|0 fnt
|faint|p2a: Archaludon
|move|p1b: Triple T|Make It Rain|p2b: Grimmsnarl
|-supereffective|p2b: Grimmsnarl|1
|-crit|p2b: Grimmsnarl
|-damage|p2b: Grimmsnarl|0 fnt
|-unboost|p1b: Triple T|spa|2
|faint|p2b: Grimmsnarl
|-damage|p1b: Triple T|31/100|[from] item: Life Orb
|
|upkeep
|
|t:|1785324219
|switch|p2a: Pelipper|Pelipper, L50, M|100/100
|switch|p2b: Charizard|Charizard, L50, F|100/100
|-weather|RainDance|[from] ability: Drizzle|[of] p2a: Pelipper
|turn|8
|
|t:|1785324233
|switch|p1b: Miguel SVC|Staraptor, L50, F|100/100
|-ability|p1b: Miguel SVC|Intimidate|boost
|-unboost|p2a: Pelipper|atk|1
|-unboost|p2b: Charizard|atk|1
|move|p2a: Pelipper|Wide Guard|p2a: Pelipper
|-singleturn|p2a: Pelipper|Wide Guard
|move|p1a: Norris|Rock Slide|p2a: Pelipper|[spread] 
|-activate|p2a: Pelipper|move: Wide Guard
|-activate|p2b: Charizard|move: Wide Guard
|move|p2b: Charizard|Weather Ball|p1b: Miguel SVC
|-damage|p1b: Miguel SVC|39/100
|
|-weather|RainDance|[upkeep]
|-sideend|p2: Chelicerate1|Reflect
|-sideend|p2: Chelicerate1|move: Light Screen
|upkeep
|turn|9
|
|t:|1785324247
|move|p2a: Pelipper|Wide Guard|p2a: Pelipper
|-singleturn|p2a: Pelipper|Wide Guard
|move|p1b: Miguel SVC|Brave Bird|p2a: Pelipper
|-damage|p2a: Pelipper|43/100
|-enditem|p2a: Pelipper|Sitrus Berry|[eat]
|-heal|p2a: Pelipper|68/100|[from] item: Sitrus Berry
|-damage|p1b: Miguel SVC|20/100y|[from] Recoil
|move|p1a: Norris|Rock Slide|p2a: Pelipper|[spread] 
|-activate|p2a: Pelipper|move: Wide Guard
|-activate|p2b: Charizard|move: Wide Guard
|move|p2b: Charizard|Weather Ball|p1a: Norris
|-supereffective|p1a: Norris|1
|-damage|p1a: Norris|0 fnt
|faint|p1a: Norris
|
|-weather|RainDance|[upkeep]
|upkeep
|
|t:|1785324252
|switch|p1a: Triple T|Gholdengo, L50|31/100
|turn|10
|
|t:|1785324266
|detailschange|p2b: Charizard|Charizard-Mega-Y, L50, F
|-mega|p2b: Charizard|Charizard|Charizardite Y
|-weather|SunnyDay|[from] ability: Drought|[of] p2b: Charizard
|move|p2a: Pelipper|Wide Guard|p2a: Pelipper
|-singleturn|p2a: Pelipper|Wide Guard
|move|p1b: Miguel SVC|Tailwind|p1b: Miguel SVC
|-sidestart|p1: luxerna|move: Tailwind
|move|p1a: Triple T|Shadow Ball|p2a: Pelipper
|-damage|p2a: Pelipper|0 fnt
|faint|p2a: Pelipper
|-damage|p1a: Triple T|21/100|[from] item: Life Orb
|move|p2b: Charizard|Heat Wave|p1a: Triple T|[spread] p1a,p1b
|-supereffective|p1a: Triple T|1
|-damage|p1a: Triple T|0 fnt
|-damage|p1b: Miguel SVC|0 fnt
|faint|p1a: Triple T
|faint|p1b: Miguel SVC
|
|-weather|SunnyDay|[upkeep]
|upkeep
|
|t:|1785324279
|switch|p1b: Floppavs|Tyranitar, L50, M|67/100
|-weather|Sandstorm|[from] ability: Sand Stream|[of] p1b: Floppavs
|turn|11
|
|t:|1785324284
|detailschange|p1b: Floppavs|Tyranitar-Mega, L50, M
|-mega|p1b: Floppavs|Tyranitar|Tyranitarite
|move|p1b: Floppavs|Rock Slide|p2b: Charizard
|-supereffective|p2b: Charizard|2
|-damage|p2b: Charizard|0 fnt
|faint|p2b: Charizard
|
|win|luxerna
