|j|☆PrawnCD
|j|☆NotDJForSure
|html|PrawnCDNotDJForSure    
|uhtml|bestof|Game 1 of a best-of-3
|t:|1784778284
|gametype|doubles
|player|p1|PrawnCD|musician|
|player|p2|NotDJForSure|zinnia-masters|
|gen|9
|tier|[Gen 9 Champions] VGC 2026 Reg M-B (Bo3)
|rule|Species Clause: Limit one of each Pokémon
|rule|Item Clause: Limit 1 of each item
|clearpoke
|poke|p1|Azumarill, L50, M, shiny|
|poke|p1|Froslass, L50, F|
|poke|p1|Incineroar, L50, F|
|poke|p1|Chandelure, L50, M, shiny|
|poke|p1|Ninetales-Alola, L50, F|
|poke|p1|Clefable, L50, M|
|poke|p2|Empoleon, L50, M|
|poke|p2|Garchomp, L50, F|
|poke|p2|Gyarados, L50, F|
|poke|p2|Farigiraf, L50, F|
|poke|p2|Drampa, L50, M|
|poke|p2|Rotom-Heat, L50, shiny|
|teampreview|4
|showteam|p1|Azumarill||Leftovers|HugePower|PlayRough,Protect,BellyDrum,AquaJet|Adamant||M|||50|]Froslass||Froslassite|SnowCloak|Protect,Blizzard,AuroraVeil,DestinyBond|Timid||F|||50|]Incineroar||SitrusBerry|Intimidate|FakeOut,PartingShot,Taunt,FlareBlitz|Adamant||F|||50|]Chandelure||Chandelurite|Infiltrator|HeatWave,TrickRoom,ClearSmog,Protect|Timid||M|||50|]Ninetales-Alola||Metronome|SnowWarning|AuroraVeil,Blizzard,Moonblast,NastyPlot|Timid||F|||50|]Clefable||ExpertBelt|Unaware|FollowMe,Reflect,AlluringVoice,StealthRock|Calm||M|||50|
|showteam|p2|Empoleon||ExpertBelt|Competitive|HydroPump,VacuumWave,FlashCannon,AirSlash|Modest||M|||50|]Garchomp||Garchompite|RoughSkin|Protect,Earthquake,RockSlide,DracoMeteor|Naive||F|||50|]Gyarados||MysticWater|Intimidate|IcyWind,Waterfall,Hurricane,Protect|Jolly||F|||50|]Farigiraf||SitrusBerry|ArmorTail|TrickRoom,HelpingHand,Psychic,GrassKnot|Quiet||F|||50|]Drampa||Drampanite|CloudNine|Protect,HyperVoice,HeatWave,DragonPulse|Quiet||M|||50|]Rotom-Heat||Leftovers|Levitate|Electroweb,Overheat,WillOWisp,NastyPlot|Timid|||||50|
|c|☆NotDJForSure|glhf
|c|☆NotDJForSure|woah wait
|c|☆PrawnCD|IDK why it keeps doing open team sheet
|c|☆NotDJForSure|uh team sheets ain't supposed to be on
|c|☆NotDJForSure|gentleman's agreement
|c|☆NotDJForSure|i won't touch it if you don't
|c|☆PrawnCD|Sounds good to me
|j| TheShadeOneX
|c|☆PrawnCD|It did open sheet last time for me and charlies match too
|c|☆PrawnCD|typically it asks before the match right?
|c|☆NotDJForSure|yeah like before it starts
|c| TheShadeOneX|yall cant see if I open them sheets can you?
|
|t:|1784778404
|teamsize|p1|4
|teamsize|p2|4
|start
|switch|p1a: 1Billion Bees|Froslass, L50, F|100/100
|switch|p1b: Clefable|Clefable, L50, M|100/100
|switch|p2a: GTA 6|Empoleon, L50, M|100/100
|switch|p2b: Ocarina Remake|Rotom-Heat, L50, shiny|100/100
|turn|1
|c|☆PrawnCD|I dont think so
|c|☆NotDJForSure|doubt it if you already opened it
|
|t:|1784778443
|detailschange|p1a: 1Billion Bees|Froslass-Mega, L50, F
|-mega|p1a: 1Billion Bees|Froslass|Froslassite
|-weather|Snowscape|[from] ability: Snow Warning|[of] p1a: 1Billion Bees
|move|p1a: 1Billion Bees|Aurora Veil|p1a: 1Billion Bees
|-sidestart|p1: PrawnCD|move: Aurora Veil
|move|p2b: Ocarina Remake|Electroweb|p1a: 1Billion Bees|[spread] p1b
|-miss|p2b: Ocarina Remake|p1a: 1Billion Bees
|-damage|p1b: Clefable|92/100
|-unboost|p1b: Clefable|spe|1
|move|p2a: GTA 6|Flash Cannon|p1b: Clefable
|-supereffective|p1b: Clefable|1
|-damage|p1b: Clefable|48/100
|move|p1b: Clefable|Stealth Rock|p2a: GTA 6
|-sidestart|p2: NotDJForSure|move: Stealth Rock
|
|-weather|Snowscape|[upkeep]
|upkeep
|turn|2
|
|t:|1784778529
|switch|p1a: Her|Incineroar, L50, F|100/100
|-ability|p1a: Her|Intimidate|boost
|-unboost|p2a: GTA 6|atk|1
|-ability|p2a: GTA 6|Competitive|boost
|-boost|p2a: GTA 6|spa|2
|-unboost|p2b: Ocarina Remake|atk|1
|move|p2b: Ocarina Remake|Electroweb|p1a: Her|[spread] p1a,p1b
|-damage|p1a: Her|88/100
|-damage|p1b: Clefable|40/100
|-unboost|p1a: Her|spe|1
|-unboost|p1b: Clefable|spe|1
|move|p2a: GTA 6|Flash Cannon|p1b: Clefable
|-supereffective|p1b: Clefable|1
|-damage|p1b: Clefable|0 fnt
|faint|p1b: Clefable
|
|-weather|Snowscape|[upkeep]
|upkeep
|
|t:|1784778543
|switch|p1b: Ninetales|Ninetales-Alola, L50, F|100/100
|turn|3
|j| yunaka1
|
|t:|1784778556
|move|p1a: Her|Fake Out|p2a: GTA 6
|-resisted|p2a: GTA 6|1
|-damage|p2a: GTA 6|91/100
|move|p1b: Ninetales|Blizzard|p2a: GTA 6|[spread] p2a,p2b
|-resisted|p2a: GTA 6|2
|-crit|p2a: GTA 6
|-resisted|p2b: Ocarina Remake|1
|-crit|p2b: Ocarina Remake
|-damage|p2a: GTA 6|80/100
|-damage|p2b: Ocarina Remake|68/100
|move|p2b: Ocarina Remake|Electroweb|p1a: Her|[spread] p1a,p1b
|-damage|p1a: Her|77/100
|-damage|p1b: Ninetales|84/100
|-unboost|p1a: Her|spe|1
|-unboost|p1b: Ninetales|spe|1
|cant|p2a: GTA 6|flinch
|
|-weather|Snowscape|[upkeep]
|-heal|p2b: Ocarina Remake|74/100|[from] item: Leftovers
|upkeep
|turn|4
|
|t:|1784778596
|move|p2b: Ocarina Remake|Electroweb|p1b: Ninetales|[spread] p1a,p1b
|-damage|p1a: Her|66/100
|-damage|p1b: Ninetales|70/100
|-unboost|p1a: Her|spe|1
|-unboost|p1b: Ninetales|spe|1
|move|p1b: Ninetales|Blizzard|p2a: GTA 6|[spread] p2a,p2b
|-resisted|p2a: GTA 6|2
|-resisted|p2b: Ocarina Remake|1
|-damage|p2a: GTA 6|70/100
|-damage|p2b: Ocarina Remake|49/100
|move|p2a: GTA 6|Flash Cannon|p1b: Ninetales
|-supereffective|p1b: Ninetales|2
|-damage|p1b: Ninetales|0 fnt
|faint|p1b: Ninetales
|move|p1a: Her|Flare Blitz|p2a: GTA 6
|-damage|p2a: GTA 6|3/100
|-damage|p1a: Her|46/100|[from] Recoil
|-enditem|p1a: Her|Sitrus Berry|[eat]
|-heal|p1a: Her|70/100|[from] item: Sitrus Berry
|
|-weather|Snowscape|[upkeep]
|-heal|p2b: Ocarina Remake|55/100|[from] item: Leftovers
|upkeep
|
|t:|1784778614
|switch|p1b: 1Billion Bees|Froslass-Mega, L50, F|100/100
|turn|5
|
|t:|1784778629
|move|p2a: GTA 6|Vacuum Wave|p1a: Her
|-supereffective|p1a: Her|1
|-damage|p1a: Her|29/100
|move|p1b: 1Billion Bees|Blizzard|p2a: GTA 6|[spread] p2a,p2b
|-resisted|p2a: GTA 6|2
|-resisted|p2b: Ocarina Remake|1
|-damage|p2a: GTA 6|0 fnt
|-damage|p2b: Ocarina Remake|26/100
|faint|p2a: GTA 6
|move|p2b: Ocarina Remake|Electroweb|p1a: Her|[spread] p1a,p1b
|-damage|p1a: Her|18/100
|-damage|p1b: 1Billion Bees|83/100
|-unboost|p1a: Her|spe|1
|-unboost|p1b: 1Billion Bees|spe|1
|move|p1a: Her|Taunt|p2b: Ocarina Remake
|-start|p2b: Ocarina Remake|move: Taunt
|
|-weather|none
|-heal|p2b: Ocarina Remake|32/100|[from] item: Leftovers
|-sideend|p1: PrawnCD|move: Aurora Veil
|upkeep
|
|t:|1784778647
|switch|p2a: Pikmin 5|Garchomp, L50, F|100/100
|-damage|p2a: Pikmin 5|94/100|[from] Stealth Rock
|turn|6
|
|t:|1784778658
|detailschange|p2a: Pikmin 5|Garchomp-Mega, L50, F
|-mega|p2a: Pikmin 5|Garchomp|Garchompite
|move|p2a: Pikmin 5|Rock Slide|p1a: Her|[spread] p1b
|-miss|p2a: Pikmin 5|p1a: Her
|-supereffective|p1b: 1Billion Bees|1
|-damage|p1b: 1Billion Bees|4/100
|move|p2b: Ocarina Remake|Electroweb|p1b: 1Billion Bees|[spread] p1a,p1b
|-damage|p1a: Her|1/100
|-damage|p1b: 1Billion Bees|0 fnt
|-unboost|p1a: Her|spe|1
|faint|p1b: 1Billion Bees
|move|p1a: Her|Parting Shot|p2a: Pikmin 5
|-unboost|p2a: Pikmin 5|atk|1
|-unboost|p2a: Pikmin 5|spa|1
|
|-heal|p2b: Ocarina Remake|38/100|[from] item: Leftovers
|upkeep
|turn|7
|c|☆PrawnCD|tragic matchup
|c|☆NotDJForSure|good round
|
|t:|1784778684
|move|p2a: Pikmin 5|Earthquake|p1a: Her|[spread] p1a
|-immune|p2b: Ocarina Remake|[from] ability: Levitate
|-supereffective|p1a: Her|1
|-damage|p1a: Her|0 fnt
|faint|p1a: Her
|
|win|NotDJForSure
