|j|☆Ken084
|j|☆Whiteflame20
|html|Ken084Whiteflame20    
|uhtml|bestof|Game 1 of a best-of-3
|t:|1757636628
|gametype|doubles
|player|p1|Ken084|n|
|player|p2|Whiteflame20|hilda-masters3|
|gen|9
|tier|[Gen 9] VGC 2025 Reg H (Bo3)
|rule|Species Clause: Limit one of each Pokémon
|rule|Item Clause: Limit 1 of each item
|clearpoke
|poke|p1|Sinistcha, L50|
|poke|p1|Pelipper, L50, M|
|poke|p1|Archaludon, L50, M|
|poke|p1|Incineroar, L50, M|
|poke|p1|Annihilape, L50, F|
|poke|p1|Maushold, L50|
|poke|p2|Archaludon, L50, F|
|poke|p2|Pelipper, L50, M|
|poke|p2|Basculegion, L50, M|
|poke|p2|Sinistcha, L50|
|poke|p2|Electrode-Hisui, L50|
|poke|p2|Spiritomb, L50, F|
|teampreview|4
|showteam|p1|Sinistcha||RockyHelmet|Hospitality|MatchaGotcha,LifeDew,TrickRoom,RagePowder||||||50|,,,,,Dark]Pelipper||FocusSash|Drizzle|WeatherBall,Hurricane,WideGuard,Protect|||M|||50|,,,,,Grass]Archaludon||AssaultVest|Stamina|ElectroShot,DracoMeteor,BodyPress,FlashCannon|||M|||50|,,,,,Grass]Incineroar||SitrusBerry|Intimidate|FakeOut,WillOWisp,PartingShot,KnockOff|||M|||50|,,,,,Ghost]Annihilape||Leftovers|Defiant|RageFist,DrainPunch,BulkUp,Protect|||F|||50|,,,,,Water]Maushold||SafetyGoggles|FriendGuard|Taunt,Protect,FollowMe,BeatUp||||||50|,,,,,Ghost
|showteam|p2|Archaludon||AssaultVest|Stamina|DragonPulse,FlashCannon,ElectroShot,BodyPress|||F|||50|,,,,,Bug]Pelipper||FocusSash|Drizzle|WeatherBall,Hurricane,Tailwind,Protect|||M|||50|,,,,,Stellar]Basculegion||LifeOrb|SwiftSwim|WaveCrash,LastRespects,AquaJet,Protect|||M|||50|,,,,,Grass]Sinistcha||SitrusBerry|Hospitality|MatchaGotcha,StrengthSap,RagePowder,TrickRoom||||||50|,,,,,Fire]Electrode-Hisui||LoadedDice|Soundproof|BulletSeed,Electroweb,Taunt,ThunderWave||||||50|,,,,,Ghost]Spiritomb||BlackGlasses|Pressure|DarkPulse,Snarl,TrickRoom,Imprison|||F|||50|,,,,,Water
|
|t:|1757636731
|teamsize|p1|4
|teamsize|p2|4
|start
|switch|p1a: Annihilape|Annihilape, L50, F|100/100
|switch|p1b: Maushold|Maushold, L50, shiny|100/100
|switch|p2a: Electrode|Electrode-Hisui, L50|100/100
|switch|p2b: Archaludon|Archaludon, L50, F|100/100
|turn|1
|
|t:|1757636794
|move|p1a: Annihilape|Protect|p1a: Annihilape
|-singleturn|p1a: Annihilape|Protect
|move|p2a: Electrode|Thunder Wave|p1a: Annihilape
|-activate|p1a: Annihilape|move: Protect
|move|p1b: Maushold|Taunt|p2a: Electrode
|-start|p2a: Electrode|move: Taunt
|move|p2b: Archaludon|Body Press|p1b: Maushold
|-supereffective|p1b: Maushold
|-damage|p1b: Maushold|36/100
|
|upkeep
|turn|2
|
|t:|1757636844
|-terastallize|p2b: Archaludon|Bug
|move|p1b: Maushold|Follow Me|p1b: Maushold
|-singleturn|p1b: Maushold|move: Follow Me
|move|p2a: Electrode|Bullet Seed|p1b: Maushold
|-damage|p1b: Maushold|30/100
|-damage|p1b: Maushold|23/100
|-damage|p1b: Maushold|17/100
|-damage|p1b: Maushold|10/100
|-hitcount|p1b: Maushold|4
|move|p1a: Annihilape|Bulk Up|p1a: Annihilape
|-boost|p1a: Annihilape|atk|1
|-boost|p1a: Annihilape|def|1
|move|p2b: Archaludon|Body Press|p1b: Maushold
|-supereffective|p1b: Maushold
|-damage|p1b: Maushold|0 fnt
|faint|p1b: Maushold
|
|upkeep
|
|t:|1757636862
|switch|p1b: Incineroar|Incineroar, L50, M|100/100
|-ability|p1b: Incineroar|Intimidate|boost
|-unboost|p2a: Electrode|atk|1
|-unboost|p2b: Archaludon|atk|1
|turn|3
|
|t:|1757636879
|switch|p2a: Spiritomb|Spiritomb, L50, F|100/100
|-ability|p2a: Spiritomb|Pressure
|move|p1b: Incineroar|Fake Out|p2a: Spiritomb
|-immune|p2a: Spiritomb
|move|p1a: Annihilape|Bulk Up|p1a: Annihilape
|-boost|p1a: Annihilape|atk|1
|-boost|p1a: Annihilape|def|1
|move|p2b: Archaludon|Flash Cannon|p1a: Annihilape
|-damage|p1a: Annihilape|67/100
|
|-heal|p1a: Annihilape|73/100|[from] item: Leftovers
|upkeep
|turn|4
|
|t:|1757636919
|move|p1a: Annihilape|Drain Punch|p2b: Archaludon
|-resisted|p2b: Archaludon
|-damage|p2b: Archaludon|77/100
|-heal|p1a: Annihilape|84/100|[from] drain|[of] p2b: Archaludon
|-ability|p2b: Archaludon|Stamina|boost
|-boost|p2b: Archaludon|def|1
|move|p2b: Archaludon|Dragon Pulse|p1a: Annihilape
|-damage|p1a: Annihilape|49/100
|move|p1b: Incineroar|Knock Off|p2a: Spiritomb
|-damage|p2a: Spiritomb|62/100
|-enditem|p2a: Spiritomb|Black Glasses|[from] move: Knock Off|[of] p1b: Incineroar
|move|p2a: Spiritomb|Trick Room|p2a: Spiritomb
|-fieldstart|move: Trick Room|[of] p2a: Spiritomb
|
|-heal|p1a: Annihilape|55/100|[from] item: Leftovers
|upkeep
|turn|5
|
|t:|1757636938
|move|p1a: Annihilape|Protect|p1a: Annihilape
|-singleturn|p1a: Annihilape|Protect
|move|p2a: Spiritomb|Dark Pulse|p1a: Annihilape
|-activate|p1a: Annihilape|move: Protect
|move|p1b: Incineroar|Parting Shot|p2b: Archaludon
|-unboost|p2b: Archaludon|atk|1
|-unboost|p2b: Archaludon|spa|1
|
|t:|1757636945
|switch|p1b: Archaludon|Archaludon, L50, M|100/100|[from] Parting Shot
|move|p2b: Archaludon|Dragon Pulse|p1a: Annihilape
|-activate|p1a: Annihilape|move: Protect
|
|-heal|p1a: Annihilape|61/100|[from] item: Leftovers
|upkeep
|turn|6
|
|t:|1757636977
|move|p2a: Spiritomb|Dark Pulse|p1a: Annihilape
|-damage|p1a: Annihilape|27/100
|move|p2b: Archaludon|Dragon Pulse|p1a: Annihilape
|-damage|p1a: Annihilape|4/100
|move|p1b: Archaludon|Electro Shot||[still]
|-prepare|p1b: Archaludon|Electro Shot
|-boost|p1b: Archaludon|spa|1
|move|p1a: Annihilape|Rage Fist|p2b: Archaludon
|-damage|p2b: Archaludon|0 fnt
|faint|p2b: Archaludon
|
|-heal|p1a: Annihilape|10/100|[from] item: Leftovers
|upkeep
|j| eleuname0
|
|t:|1757636994
|switch|p2b: Sinistcha|Sinistcha, L50|100/100
|-heal|p2a: Spiritomb|87/100|[from] ability: Hospitality|[of] p2b: Sinistcha
|turn|7
|
|t:|1757637003
|move|p1a: Annihilape|Protect|p1a: Annihilape
|-singleturn|p1a: Annihilape|Protect
|move|p2a: Spiritomb|Snarl|p1b: Archaludon|[spread] p1b
|-activate|p1a: Annihilape|move: Protect
|-damage|p1b: Archaludon|85/100
|-unboost|p1b: Archaludon|spa|1
|-ability|p1b: Archaludon|Stamina|boost
|-boost|p1b: Archaludon|def|1
|move|p2b: Sinistcha|Matcha Gotcha|p1b: Archaludon|[spread] p1b
|-activate|p1a: Annihilape|move: Protect
|-resisted|p1b: Archaludon
|-damage|p1b: Archaludon|81/100
|-ability|p1b: Archaludon|Stamina|boost
|-boost|p1b: Archaludon|def|1
|move|p1b: Archaludon|Electro Shot|p2a: Spiritomb|[from] lockedmove
|-damage|p2a: Spiritomb|37/100
|
|-heal|p1a: Annihilape|16/100|[from] item: Leftovers
|upkeep
|turn|8
|
|t:|1757637060
|switch|p1a: Incineroar|Incineroar, L50, M|100/100
|-ability|p1a: Incineroar|Intimidate|boost
|-unboost|p2a: Spiritomb|atk|1
|-unboost|p2b: Sinistcha|atk|1
|move|p2a: Spiritomb|Dark Pulse|p1a: Incineroar
|-resisted|p1a: Incineroar
|-damage|p1a: Incineroar|87/100
|move|p2b: Sinistcha|Matcha Gotcha|p1a: Incineroar|[spread] p1a,p1b
|-resisted|p1a: Incineroar
|-resisted|p1b: Archaludon
|-damage|p1a: Incineroar|78/100
|-damage|p1b: Archaludon|76/100
|-ability|p1b: Archaludon|Stamina|boost
|-boost|p1b: Archaludon|def|1
|move|p1b: Archaludon|Electro Shot||[still]
|-prepare|p1b: Archaludon|Electro Shot
|-boost|p1b: Archaludon|spa|1
|
|-fieldend|move: Trick Room
|upkeep
|turn|9
|
|t:|1757637094
|move|p1b: Archaludon|Electro Shot|p2a: Spiritomb|[from] lockedmove
|-damage|p2a: Spiritomb|0 fnt
|faint|p2a: Spiritomb
|move|p2b: Sinistcha|Strength Sap|p1a: Incineroar
|-unboost|p1a: Incineroar|atk|1
|move|p1a: Incineroar|Knock Off|p2b: Sinistcha
|-supereffective|p2b: Sinistcha
|-damage|p2b: Sinistcha|57/100
|-enditem|p2b: Sinistcha|Sitrus Berry|[from] move: Knock Off|[of] p1a: Incineroar
|
|upkeep
|
|t:|1757637100
|switch|p2a: Electrode|Electrode-Hisui, L50|100/100
|turn|10
|
|t:|1757637116
|move|p2a: Electrode|Electroweb|p1a: Incineroar|[spread] p1a,p1b
|-resisted|p1b: Archaludon
|-damage|p1a: Incineroar|70/100
|-damage|p1b: Archaludon|71/100
|-unboost|p1a: Incineroar|spe|1
|-unboost|p1b: Archaludon|spe|1
|-ability|p1b: Archaludon|Stamina|boost
|-boost|p1b: Archaludon|def|1
|move|p2b: Sinistcha|Strength Sap|p1a: Incineroar
|-unboost|p1a: Incineroar|atk|1
|-heal|p2b: Sinistcha|100/100
|move|p1b: Archaludon|Body Press|p2a: Electrode
|-damage|p2a: Electrode|8/100
|move|p1a: Incineroar|Parting Shot|p2a: Electrode
|-immune|p2a: Electrode|[from] ability: Soundproof
|
|upkeep
|turn|11
|
|t:|1757637170
|move|p2a: Electrode|Electroweb|p1a: Incineroar|[spread] p1a,p1b
|-resisted|p1b: Archaludon
|-damage|p1a: Incineroar|62/100
|-damage|p1b: Archaludon|67/100
|-unboost|p1a: Incineroar|spe|1
|-unboost|p1b: Archaludon|spe|1
|-ability|p1b: Archaludon|Stamina|boost
|-boost|p1b: Archaludon|def|1
|move|p2b: Sinistcha|Matcha Gotcha|p1b: Archaludon|[spread] p1a,p1b
|-resisted|p1a: Incineroar
|-resisted|p1b: Archaludon
|-damage|p1a: Incineroar|53/100
|-damage|p1b: Archaludon|62/100
|-ability|p1b: Archaludon|Stamina|boost
|-boost|p1b: Archaludon|def|1
|move|p1b: Archaludon|Flash Cannon|p2b: Sinistcha
|-damage|p2b: Sinistcha|42/100
|move|p1a: Incineroar|Knock Off|p2a: Electrode
|-damage|p2a: Electrode|0 fnt
|-enditem|p2a: Electrode|Loaded Dice|[from] move: Knock Off|[of] p1a: Incineroar
|faint|p2a: Electrode
|
|upkeep
|turn|12
|
|t:|1757637192
|move|p2b: Sinistcha|Matcha Gotcha|p1a: Incineroar|[spread] p1a,p1b
|-resisted|p1a: Incineroar
|-resisted|p1b: Archaludon
|-damage|p1a: Incineroar|45/100
|-heal|p2b: Sinistcha|47/100|[from] drain|[of] p1a: Incineroar
|-damage|p1b: Archaludon|58/100
|-heal|p2b: Sinistcha|49/100|[from] drain|[of] p1b: Archaludon
|-enditem|p1a: Incineroar|Sitrus Berry|[eat]
|-heal|p1a: Incineroar|70/100|[from] item: Sitrus Berry
|move|p1b: Archaludon|Draco Meteor|p2b: Sinistcha
|-damage|p2b: Sinistcha|0 fnt
|-unboost|p1b: Archaludon|spa|2
|faint|p2b: Sinistcha
|
|win|Ken084
||Whiteflame20 is ready for game 2.
|inactive|Ken084 has 30 seconds to confirm battle start!
||Ken084 is ready for game 2.
|uhtml|next|Next: Game 2 of 3
|l| eleuname0
