|j|☆theraclod
|j|☆LorGhez
|html|theraclodLorGhez    
|uhtml|bestof|Game 1 of a best-of-3
|t:|1782505560
|gametype|doubles
|player|p1|theraclod|rocketgrunt|1070
|player|p2|LorGhez|2|1124
|gen|9
|tier|[Gen 9 Champions] VGC 2026 Reg M-B (Bo3)
|rated|
|rule|Species Clause: Limit one of each Pokémon
|rule|Item Clause: Limit 1 of each item
|clearpoke
|poke|p1|Pinsir, L50, F, shiny|
|poke|p1|Sneasler, L50, M|
|poke|p1|Kingambit, L50, F, shiny|
|poke|p1|Garchomp, L50, F|
|poke|p1|Rotom-Wash, L50|
|poke|p1|Grimmsnarl, L50, M|
|poke|p2|Sceptile, L50, M|
|poke|p2|Tinkaton, L50, F|
|poke|p2|Rotom-Wash, L50|
|poke|p2|Aerodactyl, L50, F|
|poke|p2|Gyarados, L50, M|
|poke|p2|Kingambit, L50, F|
|teampreview|4
|showteam|p1|Pinsir||Pinsirite|Moxie|Feint,HighHorsepower,ThroatChop,RockSlide|Jolly||F|||50|]Sneasler||WhiteHerb|Unburden|FakeOut,CloseCombat,DireClaw,Coaching|Jolly||M|||50|]Kingambit||Leftovers|Defiant|IronHead,KowtowCleave,SuckerPunch,Protect|Adamant||F|||50|]Garchomp||LumBerry|RoughSkin|Earthquake,DragonClaw,RockSlide,PoisonJab|Jolly||F|||50|]Rotom-Wash||SitrusBerry|Levitate|Electroweb,WillOWisp,HydroPump,VoltSwitch|Modest|||||50|]Grimmsnarl||LightClay|Prankster|Swagger,LightScreen,Reflect,SpiritBreak|Careful||M|||50|
|showteam|p2|Sceptile||Sceptilite|Overgrow|Protect,GrassKnot,DragonPulse,EarthPower|Timid||M|||50|]Tinkaton||FocusSash|MoldBreaker|Protect,FakeOut,GigatonHammer,PlayRough|Adamant||F|||50|]Rotom-Wash||Leftovers|Levitate|WillOWisp,Discharge,HydroPump,LightScreen|Modest|||||50|]Aerodactyl||Aerodactylite|RockHead|Protect,Tailwind,RockSlide,DualWingbeat|Jolly||F|||50|]Gyarados||ExpertBelt|Intimidate|Protect,DragonCheer,Waterfall,TemperFlare|Jolly||M|||50|]Kingambit||ChopleBerry|Defiant|Protect,SuckerPunch,KowtowCleave,LowKick|Adamant||F|||50|
|inactive|Battle timer is ON: inactive players will automatically lose when time's up. (requested by LorGhez)
|inactive|LorGhez has 60 seconds left.
|inactive|LorGhez has 30 seconds left.
|inactive|LorGhez has 20 seconds left.
|inactive|LorGhez has 15 seconds left.
|inactive|LorGhez has 10 seconds left.
|
|t:|1782505657
|teamsize|p1|4
|teamsize|p2|4
|start
|switch|p1a: MACE ATTACK|Kingambit, L50, F, shiny|100/100
|switch|p1b: socky|Rotom-Wash, L50|100/100
|switch|p2a: Tinkaton|Tinkaton, L50, F|100/100
|switch|p2b: Sceptile|Sceptile, L50, M|100/100
|-ability|p2a: Tinkaton|Mold Breaker
|turn|1
|inactive|LorGhez has 30 seconds left.
|
|t:|1782505690
|detailschange|p2b: Sceptile|Sceptile-Mega, L50, M
|-mega|p2b: Sceptile|Sceptile|Sceptilite
|move|p1a: MACE ATTACK|Protect|p1a: MACE ATTACK
|-singleturn|p1a: MACE ATTACK|Protect
|move|p2a: Tinkaton|Fake Out|p1a: MACE ATTACK
|-activate|p1a: MACE ATTACK|move: Protect
|move|p2b: Sceptile|Grass Knot|p1b: socky
|-supereffective|p1b: socky|1
|-damage|p1b: socky|79/100
|move|p1b: socky|Electroweb|p2b: Sceptile|[spread] p2a
|-ability|p2b: Sceptile|Lightning Rod|boost
|-boost|p2b: Sceptile|spa|1
|-damage|p2a: Tinkaton|77/100
|-unboost|p2a: Tinkaton|spe|1
|
|upkeep
|turn|2
|
|t:|1782505715
|switch|p2a: Kingambit|Kingambit, L50, F|100/100
|move|p2b: Sceptile|Earth Power|p1a: MACE ATTACK
|-supereffective|p1a: MACE ATTACK|1
|-damage|p1a: MACE ATTACK|21/100
|move|p1b: socky|Will-O-Wisp|p2b: Sceptile
|-status|p2b: Sceptile|brn
|move|p1a: MACE ATTACK|Kowtow Cleave|p2b: Sceptile
|-damage|p2b: Sceptile|34/100 brn
|
|-heal|p1a: MACE ATTACK|27/100|[from] item: Leftovers
|-damage|p2b: Sceptile|28/100 brn|[from] brn
|upkeep
|turn|3
|
|t:|1782505735
|move|p1a: MACE ATTACK|Protect|p1a: MACE ATTACK
|-singleturn|p1a: MACE ATTACK|Protect
|move|p2b: Sceptile|Grass Knot|p1b: socky
|-supereffective|p1b: socky|1
|-damage|p1b: socky|49/100
|-enditem|p1b: socky|Sitrus Berry|[eat]
|-heal|p1b: socky|73/100|[from] item: Sitrus Berry
|move|p1b: socky|Will-O-Wisp|p2a: Kingambit
|-status|p2a: Kingambit|brn
|move|p2a: Kingambit|Low Kick|p1a: MACE ATTACK
|-activate|p1a: MACE ATTACK|move: Protect
|
|-heal|p1a: MACE ATTACK|33/100|[from] item: Leftovers
|-damage|p2b: Sceptile|22/100 brn|[from] brn
|-damage|p2a: Kingambit|94/100 brn|[from] brn
|upkeep
|turn|4
|inactive|theraclod has 30 seconds left.
|
|t:|1782505761
|switch|p1a: 10 000 bees|Pinsir, L50, F, shiny|100/100
|move|p2b: Sceptile|Grass Knot|p1b: socky
|-supereffective|p1b: socky|1
|-damage|p1b: socky|39/100
|move|p1b: socky|Hydro Pump|p2b: Sceptile
|-resisted|p2b: Sceptile|2
|-damage|p2b: Sceptile|7/100 brn
|move|p2a: Kingambit|Low Kick|p1a: 10 000 bees
|-resisted|p1a: 10 000 bees|1
|-damage|p1a: 10 000 bees|90/100
|
|-damage|p2b: Sceptile|1/100 brn|[from] brn
|-damage|p2a: Kingambit|88/100 brn|[from] brn
|upkeep
|turn|5
|
|t:|1782505781
|switch|p2a: Tinkaton|Tinkaton, L50, F|77/100
|-ability|p2a: Tinkaton|Mold Breaker
|detailschange|p1a: 10 000 bees|Pinsir-Mega, L50, F, shiny
|-mega|p1a: 10 000 bees|Pinsir|Pinsirite
|move|p2b: Sceptile|Protect|p2b: Sceptile
|-singleturn|p2b: Sceptile|Protect
|move|p1a: 10 000 bees|Feint|p2b: Sceptile
|-activate|p2b: Sceptile|move: Feint
|-supereffective|p2b: Sceptile|1
|-damage|p2b: Sceptile|0 fnt
|faint|p2b: Sceptile
|move|p1b: socky|Hydro Pump|p2a: Tinkaton
|-damage|p2a: Tinkaton|19/100
|
|upkeep
|
|t:|1782505795
|switch|p2b: Rotom|Rotom-Wash, L50|100/100
|turn|6
|
|t:|1782505813
|switch|p1a: MACE ATTACK|Kingambit, L50, F, shiny|33/100
|move|p2a: Tinkaton|Fake Out|p1a: MACE ATTACK
|-resisted|p1a: MACE ATTACK|1
|-damage|p1a: MACE ATTACK|29/100
|move|p2b: Rotom|Discharge|p1b: socky|[spread] p2a,p1a,p1b
|-damage|p2a: Tinkaton|0 fnt
|-damage|p1a: MACE ATTACK|1/100
|-damage|p1b: socky|8/100
|faint|p2a: Tinkaton
|move|p1b: socky|Volt Switch|p2b: Rotom
|-damage|p2b: Rotom|64/100
|
|t:|1782505825
|switch|p1b: Bad driver|Sneasler, L50, M|100/100|[from] Volt Switch
|
|-heal|p2b: Rotom|70/100|[from] item: Leftovers
|-heal|p1a: MACE ATTACK|7/100|[from] item: Leftovers
|upkeep
|
|t:|1782505832
|switch|p2a: Kingambit|Kingambit, L50, F|88/100 brn
|turn|7
|
|t:|1782505844
|move|p1a: MACE ATTACK|Protect|p1a: MACE ATTACK
|-singleturn|p1a: MACE ATTACK|Protect
|move|p1b: Bad driver|Fake Out|p2b: Rotom
|-damage|p2b: Rotom|56/100
|move|p2a: Kingambit|Sucker Punch||[still]
|-fail|p2a: Kingambit
|cant|p2b: Rotom|flinch
|
|-heal|p2b: Rotom|61/100|[from] item: Leftovers
|-heal|p1a: MACE ATTACK|13/100|[from] item: Leftovers
|-damage|p2a: Kingambit|82/100 brn|[from] brn
|upkeep
|turn|8
|inactive|LorGhez has 30 seconds left.
|inactive|LorGhez has 20 seconds left.
|inactive|LorGhez has 15 seconds left.
|inactive|LorGhez has 10 seconds left.
|inactive|LorGhez has 5 seconds left.
|
|t:|1782505899
|switch|p1a: 10 000 bees|Pinsir-Mega, L50, F, shiny|90/100
|move|p2a: Kingambit|Protect|p2a: Kingambit
|-singleturn|p2a: Kingambit|Protect
|move|p1b: Bad driver|Close Combat|p2b: Rotom
|-damage|p2b: Rotom|0 fnt
|-unboost|p1b: Bad driver|def|1
|-unboost|p1b: Bad driver|spd|1
|faint|p2b: Rotom
|-enditem|p1b: Bad driver|White Herb
|-clearnegativeboost|p1b: Bad driver|[silent]
|
|-damage|p2a: Kingambit|76/100 brn|[from] brn
|upkeep
|turn|9
|
|t:|1782505916
|move|p2a: Kingambit|Sucker Punch|p1b: Bad driver
|-resisted|p1b: Bad driver|1
|-damage|p1b: Bad driver|82/100
|move|p1b: Bad driver|Close Combat|p2a: Kingambit
|-supereffective|p2a: Kingambit|2
|-enditem|p2a: Kingambit|Chople Berry|[eat]
|-enditem|p2a: Kingambit|Chople Berry|[weaken]
|-damage|p2a: Kingambit|0 fnt
|-unboost|p1b: Bad driver|def|1
|-unboost|p1b: Bad driver|spd|1
|faint|p2a: Kingambit
|
|win|theraclod
||LorGhez is ready for game 2.
||theraclod is ready for game 2.
|uhtml|next|Next: Game 2 of 3
|l|☆theraclod
|player|p1|
