|j|☆ACEDRAGON7353
|j|☆BirchyTheSnakeRat
|html|ACEDRAGON7353BirchyTheSnakeRat    
|uhtml|bestof|Game 1 of a best-of-3
|t:|1757656474
|gametype|doubles
|player|p1|ACEDRAGON7353|102|1021
|player|p2|BirchyTheSnakeRat|265|1083
|gen|9
|tier|[Gen 9] VGC 2025 Reg H (Bo3)
|rated|
|rule|Species Clause: Limit one of each Pokémon
|rule|Item Clause: Limit 1 of each item
|clearpoke
|poke|p1|Indeedee, L50, M|
|poke|p1|Meowscarada, L50, F|
|poke|p1|Maushold, L50|
|poke|p1|Dragonite, L50, F|
|poke|p1|Raichu, L50, M|
|poke|p1|Gholdengo, L50|
|poke|p2|Ninetales-Alola, L50, M|
|poke|p2|Dragonite, L50, M|
|poke|p2|Volcarona, L50, M|
|poke|p2|Rillaboom, L50, F|
|poke|p2|Gholdengo, L50|
|poke|p2|Incineroar, L50, M|
|teampreview|4
|showteam|p1|Indeedee||RockyHelmet|PsychicSurge|PsychicNoise,LastResort,TrickRoom,Encore|||M|||50|,,,,,Psychic]Meowscarada||ChoiceScarf|Overgrow|FlowerTrick,KnockOff,Uturn,Protect|||F|||50|,,,,,Poison]Maushold||SafetyGoggles|FriendGuard|FollowMe,SuperFang,Taunt,Protect||||||50|,,,,,Ghost]Dragonite||FocusSash|InnerFocus|Tailwind,Encore,DragonTail,Facade|||F|||50|,,,,,Dragon]Raichu||AssaultVest|Static|VoltSwitch,FakeOut,Endeavor,Nuzzle|||M|||50|,,,,,Fairy]Gholdengo||MetalCoat|GoodasGold|Protect,MakeItRain,NastyPlot,ShadowBall||||||50|,,,,,Normal
|showteam|p2|Ninetales-Alola||LightClay|SnowWarning|AuroraVeil,Blizzard,Moonblast,HelpingHand|||M|||50|,,,,,Ghost]Dragonite||LoadedDice|Multiscale|ExtremeSpeed,Protect,StompingTantrum,ScaleShot|||M|||50|,,,,,Fairy]Volcarona||SafetyGoggles|FlameBody|QuiverDance,HeatWave,BugBuzz,Protect|||M|||50|,,,,,Dragon]Rillaboom||AssaultVest|GrassySurge|FakeOut,GrassyGlide,WoodHammer,Uturn|||F|||50|,,,,,Fire]Gholdengo||MetalCoat|GoodasGold|MakeItRain,ShadowBall,NastyPlot,Protect||||||50|,,,,,Dragon]Incineroar||SitrusBerry|Intimidate|WillOWisp,KnockOff,FakeOut,PartingShot|||M|||50|,,,,,Grass
|
|t:|1757656517
|teamsize|p1|4
|teamsize|p2|4
|start
|switch|p1a: Indeedee|Indeedee, L50, M|100/100
|switch|p1b: Gholdengo|Gholdengo, L50|100/100
|switch|p2a: Ninetales|Ninetales-Alola, L50, M, shiny|100/100
|switch|p2b: Incineroar|Incineroar, L50, M|100/100
|-weather|Snowscape|[from] ability: Snow Warning|[of] p2a: Ninetales
|-fieldstart|move: Psychic Terrain|[from] ability: Psychic Surge|[of] p1a: Indeedee
|-ability|p2b: Incineroar|Intimidate|boost
|-unboost|p1a: Indeedee|atk|1
|-unboost|p1b: Gholdengo|atk|1
|turn|1
|
|t:|1757656544
|move|p2a: Ninetales|Aurora Veil|p2a: Ninetales
|-sidestart|p2: BirchyTheSnakeRat|move: Aurora Veil
|move|p1b: Gholdengo|Nasty Plot|p1b: Gholdengo
|-boost|p1b: Gholdengo|spa|2
|move|p2b: Incineroar|Knock Off|p1b: Gholdengo
|-supereffective|p1b: Gholdengo
|-damage|p1b: Gholdengo|27/100
|-enditem|p1b: Gholdengo|Metal Coat|[from] move: Knock Off|[of] p2b: Incineroar
|move|p1a: Indeedee|Trick Room|p1a: Indeedee
|-fieldstart|move: Trick Room|[of] p1a: Indeedee
|
|-weather|Snowscape|[upkeep]
|upkeep
|turn|2
|
|t:|1757656566
|switch|p2a: Rillaboom|Rillaboom, L50, F, shiny|100/100
|-fieldstart|move: Grassy Terrain|[from] ability: Grassy Surge|[of] p2a: Rillaboom
|move|p1b: Gholdengo|Protect|p1b: Gholdengo
|-singleturn|p1b: Gholdengo|Protect
|move|p2b: Incineroar|Knock Off|p1b: Gholdengo
|-activate|p1b: Gholdengo|move: Protect
|move|p1a: Indeedee|Encore|p2b: Incineroar
|-start|p2b: Incineroar|Encore
|
|-weather|Snowscape|[upkeep]
|-heal|p1b: Gholdengo|33/100|[from] Grassy Terrain
|upkeep
|turn|3
|
|t:|1757656595
|-terastallize|p1b: Gholdengo|Normal
|move|p2a: Rillaboom|Grassy Glide|p1b: Gholdengo
|-damage|p1b: Gholdengo|0 fnt
|faint|p1b: Gholdengo
|move|p2b: Incineroar|Knock Off|p1a: Indeedee
|-supereffective|p1a: Indeedee
|-damage|p1a: Indeedee|0 fnt
|-damage|p2b: Incineroar|84/100|[from] item: Rocky Helmet|[of] p1a: Indeedee
|-enditem|p1a: Indeedee|Rocky Helmet|[from] move: Knock Off|[of] p2b: Incineroar
|faint|p1a: Indeedee
|
|-weather|Snowscape|[upkeep]
|-heal|p2b: Incineroar|90/100|[from] Grassy Terrain
|upkeep
|
|t:|1757656602
|switch|p1a: Dragonite|Dragonite, L50, F|100/100
|switch|p1b: Meowscarada|Meowscarada, L50, F|100/100
|turn|4
|
|t:|1757656618
|move|p2b: Incineroar|Knock Off|p1a: Dragonite
|-damage|p1a: Dragonite|57/100
|-enditem|p1a: Dragonite|Focus Sash|[from] move: Knock Off|[of] p2b: Incineroar
|move|p2a: Rillaboom|U-turn|p1b: Meowscarada
|-supereffective|p1b: Meowscarada
|-damage|p1b: Meowscarada|0 fnt
|faint|p1b: Meowscarada
|
|t:|1757656624
|switch|p2a: Volcarona|Volcarona, L50, M, shiny|100/100|[from] U-turn
|move|p1a: Dragonite|Tailwind|p1a: Dragonite
|-sidestart|p1: ACEDRAGON7353|move: Tailwind
|
|-weather|Snowscape|[upkeep]
|-heal|p2b: Incineroar|96/100|[from] Grassy Terrain
|upkeep
|turn|5
|
|t:|1757656643
|move|p2b: Incineroar|Knock Off|p1a: Dragonite
|-crit|p1a: Dragonite
|-damage|p1a: Dragonite|14/100
|move|p2a: Volcarona|Heat Wave|p1a: Dragonite
|-resisted|p1a: Dragonite
|-damage|p1a: Dragonite|0 fnt
|faint|p1a: Dragonite
|
|win|BirchyTheSnakeRat
||BirchyTheSnakeRat is ready for game 2.
|l|☆ACEDRAGON7353
|player|p1|
|inactive|ACEDRAGON7353 has 30 seconds to confirm battle start!
||ACEDRAGON7353 is ready for game 2.
|uhtml|next|Next: Game 2 of 3
|l|☆BirchyTheSnakeRat
|player|p2|
