|j|☆sundinza
|j|☆B South
|html|sundinzaB South    
|uhtml|bestof|Game 2 of a best-of-3
|t:|1757634674
|gametype|doubles
|player|p1|sundinza|266|1094
|player|p2|B South|2|1040
|gen|9
|tier|[Gen 9] VGC 2025 Reg H (Bo3)
|rated|
|rule|Species Clause: Limit one of each Pokémon
|rule|Item Clause: Limit 1 of each item
|clearpoke
|poke|p1|Hydreigon, L50, M|
|poke|p1|Primarina, L50, M|
|poke|p1|Incineroar, L50, F|
|poke|p1|Annihilape, L50, M|
|poke|p1|Sneasler, L50, M|
|poke|p1|Porygon2, L50|
|poke|p2|Torkoal, L50, M|
|poke|p2|Indeedee-F, L50, F|
|poke|p2|Jumpluff, L50, F|
|poke|p2|Ursaluna, L50, M|
|poke|p2|Hatterene, L50, F|
|poke|p2|Morgrem, L50, M|
|teampreview|4
|showteam|p1|Hydreigon||CovertCloak|Levitate|Snarl,DragonPulse,Tailwind,HeatWave|||M|||50|,,,,,Fairy]Primarina||LifeOrb|LiquidVoice|HyperVoice,Moonblast,IcyWind,Protect|||M|||50|,,,,,Steel]Incineroar||RockyHelmet|Intimidate|FakeOut,KnockOff,WillOWisp,PartingShot|||F|||50|,,,,,Grass]Annihilape||SitrusBerry|Defiant|DrainPunch,RageFist,BulkUp,Protect|||M|||50|,,,,,Fire]Sneasler||FocusSash|Unburden|CloseCombat,DireClaw,FakeOut,ThroatChop|||M|||50|,,,,,Fire]Porygon2||Eviolite|Trace|FoulPlay,IceBeam,TrickRoom,Recover||||||50|,,,,,Fairy
|showteam|p2|Torkoal||Charcoal|Drought|Eruption,HeatWave,Overheat,Protect|||M|||50|,,,,,Fire]Indeedee-F||MentalHerb|PsychicSurge|TrickRoom,FollowMe,LightScreen,Reflect|||F|||50|,,,,,Grass]Jumpluff||WideLens|Chlorophyll|SleepPowder,Uturn,RagePowder,PollenPuff|||F|||50|,,,,,Grass]Ursaluna||FlameOrb|Guts|HeadlongRush,Facade,Earthquake,Protect|||M|||50|,,,,,Ground]Hatterene||ChoiceSpecs|MagicBounce|ExpandingForce,DazzlingGleam,PsychicNoise,TrickRoom|||F|||50|,,,,,Psychic]Morgrem||Eviolite|Prankster|FoulPlay,LightScreen,Reflect,PartingShot|||M|||50|,,,,,Dark
|inactive|Battle timer is ON: inactive players will automatically lose when time's up. (requested by B South)
|
|t:|1757634697
|teamsize|p1|4
|teamsize|p2|4
|start
|switch|p1a: Hydreigon|Hydreigon, L50, M|100/100
|switch|p1b: Incineroar|Incineroar, L50, F|100/100
|switch|p2a: Per'kele|Indeedee-F, L50, F|100/100
|switch|p2b: Vinushka|Jumpluff, L50, F|100/100
|-fieldstart|move: Psychic Terrain|[from] ability: Psychic Surge|[of] p2a: Per'kele
|-ability|p1b: Incineroar|Intimidate|boost
|-unboost|p2a: Per'kele|atk|1
|-unboost|p2b: Vinushka|atk|1
|turn|1
|
|t:|1757634716
|move|p2b: Vinushka|Rage Powder|p2b: Vinushka
|-singleturn|p2b: Vinushka|move: Rage Powder
|move|p1a: Hydreigon|Heat Wave|p2b: Vinushka|[spread] p2a,p2b
|-supereffective|p2b: Vinushka
|-damage|p2a: Per'kele|76/100
|-damage|p2b: Vinushka|54/100
|move|p1b: Incineroar|Knock Off|p2b: Vinushka
|-damage|p2b: Vinushka|9/100
|-enditem|p2b: Vinushka|Wide Lens|[from] move: Knock Off|[of] p1b: Incineroar
|move|p2a: Per'kele|Trick Room|p2a: Per'kele
|-fieldstart|move: Trick Room|[of] p2a: Per'kele
|
|upkeep
|turn|2
|inactive|sundinza has 30 seconds left.
|
|t:|1757634745
|move|p2a: Per'kele|Follow Me|p2a: Per'kele
|-singleturn|p2a: Per'kele|move: Follow Me
|move|p1b: Incineroar|Knock Off|p2a: Per'kele
|-supereffective|p2a: Per'kele
|-damage|p2a: Per'kele|5/100
|-enditem|p2a: Per'kele|Mental Herb|[from] move: Knock Off|[of] p1b: Incineroar
|move|p1a: Hydreigon|Heat Wave|p2b: Vinushka|[spread] p2a,p2b
|-supereffective|p2b: Vinushka
|-damage|p2a: Per'kele|0 fnt
|-damage|p2b: Vinushka|0 fnt
|faint|p2a: Per'kele
|faint|p2b: Vinushka
|
|upkeep
|
|t:|1757634757
|switch|p2a: Gro'-Goroth|Torkoal, L50, M|100/100
|switch|p2b: Rher|Ursaluna, L50, M|100/100
|-weather|SunnyDay|[from] ability: Drought|[of] p2a: Gro'-Goroth
|turn|3
|
|t:|1757634773
|switch|p1b: Annihilape|Annihilape, L50, M|100/100
|-terastallize|p2a: Gro'-Goroth|Fire
|move|p2a: Gro'-Goroth|Eruption|p1a: Hydreigon|[spread] p1a,p1b
|-resisted|p1a: Hydreigon
|-damage|p1a: Hydreigon|36/100
|-damage|p1b: Annihilape|8/100
|-enditem|p1b: Annihilape|Sitrus Berry|[eat]
|-heal|p1b: Annihilape|33/100|[from] item: Sitrus Berry
|move|p2b: Rher|Facade|p1a: Hydreigon
|-damage|p1a: Hydreigon|0 fnt
|faint|p1a: Hydreigon
|
|-weather|SunnyDay|[upkeep]
|-status|p2b: Rher|brn|[from] item: Flame Orb
|upkeep
|
|t:|1757634791
|switch|p1a: Incineroar|Incineroar, L50, F|100/100
|-ability|p1a: Incineroar|Intimidate|boost
|-unboost|p2a: Gro'-Goroth|atk|1
|-unboost|p2b: Rher|atk|1
|turn|4
|
|t:|1757634805
|move|p1b: Annihilape|Protect|p1b: Annihilape
|-singleturn|p1b: Annihilape|Protect
|move|p2a: Gro'-Goroth|Eruption|p1a: Incineroar|[spread] p1a
|-activate|p1b: Annihilape|move: Protect
|-resisted|p1a: Incineroar
|-damage|p1a: Incineroar|50/100
|move|p2b: Rher|Headlong Rush|p1a: Incineroar
|-supereffective|p1a: Incineroar
|-damage|p1a: Incineroar|0 fnt
|-unboost|p2b: Rher|def|1
|-unboost|p2b: Rher|spd|1
|-damage|p2b: Rher|84/100 brn|[from] item: Rocky Helmet|[of] p1a: Incineroar
|faint|p1a: Incineroar
|
|-weather|SunnyDay|[upkeep]
|-damage|p2b: Rher|78/100 brn|[from] brn
|upkeep
|
|t:|1757634820
|switch|p1a: Primarina|Primarina, L50, M|100/100
|turn|5
|
|t:|1757634829
|move|p1a: Primarina|Protect|p1a: Primarina
|-singleturn|p1a: Primarina|Protect
|move|p2a: Gro'-Goroth|Eruption|p1b: Annihilape|[spread] p1b
|-activate|p1a: Primarina|move: Protect
|-damage|p1b: Annihilape|0 fnt
|faint|p1b: Annihilape
|move|p2b: Rher|Headlong Rush|p1a: Primarina
|-activate|p1a: Primarina|move: Protect
|
|-weather|SunnyDay|[upkeep]
|-damage|p2b: Rher|72/100 brn|[from] brn
|-fieldend|move: Trick Room
|-fieldend|move: Psychic Terrain
|upkeep
|turn|6
|
|t:|1757634850
|move|p1a: Primarina|Hyper Voice|p2b: Rher|[spread] p2a,p2b
|-supereffective|p2a: Gro'-Goroth
|-supereffective|p2b: Rher
|-damage|p2a: Gro'-Goroth|37/100
|-damage|p2b: Rher|16/100 brn
|-damage|p1a: Primarina|91/100|[from] item: Life Orb
|move|p2b: Rher|Facade|p1a: Primarina
|-damage|p1a: Primarina|0 fnt
|faint|p1a: Primarina
|
|win|B South
|inactive|sundinza has 30 seconds to confirm battle start!
|inactive|B South has 30 seconds to confirm battle start!
||B South is ready for game 3.
||sundinza is ready for game 3.
|uhtml|next|Next: Game 3 of 3
|l|☆sundinza
|player|p1|
|l|☆B South
|player|p2|
|j|☆B South
|player|p2|B South|2|
