|j|☆Bread2468
|j|☆gaming from toilet
|html|Bread2468gaming from toilet    
|uhtml|bestof|Game 1 of a best-of-3
|t:|1757651396
|gametype|doubles
|player|p1|Bread2468|170|1233
|player|p2|gaming from toilet|265|1188
|gen|9
|tier|[Gen 9] VGC 2025 Reg H (Bo3)
|rated|
|rule|Species Clause: Limit one of each Pokémon
|rule|Item Clause: Limit 1 of each item
|clearpoke
|poke|p1|Charizard, L50, M|
|poke|p1|Torkoal, L50, F|
|poke|p1|Porygon2, L50|
|poke|p1|Incineroar, L50, F|
|poke|p1|Jumpluff, L50, F|
|poke|p1|Ursaluna, L50, F|
|poke|p2|Dragonite, L50, F|
|poke|p2|Ursaluna-Bloodmoon, L50, M|
|poke|p2|Gholdengo, L50|
|poke|p2|Maushold-Four, L50|
|poke|p2|Annihilape, L50, M|
|poke|p2|Rillaboom, L50, F|
|teampreview|4
|showteam|p1|Charizard||ChoiceSpecs|SolarPower|HeatWave,Overheat,WeatherBall,AirSlash|||M|||50|,,,,,Ghost]Torkoal||EjectPack|Drought|Eruption,Overheat,HelpingHand,Protect|||F|||50|,,,,,Fire]Porygon2||Eviolite|Download|TeraBlast,IceBeam,Recover,TrickRoom||||||50|,,,,,Fighting]Incineroar||SitrusBerry|Intimidate|FlareBlitz,KnockOff,FakeOut,PartingShot|||F|||50|,,,,,Ghost]Jumpluff||CovertCloak|Chlorophyll|SleepPowder,SunnyDay,RagePowder,Tailwind|||F|||50|,,,,,Water]Ursaluna||FlameOrb|Guts|HeadlongRush,Facade,Earthquake,Protect|||F|||50|,,,,,Ghost
|showteam|p2|Dragonite||LoadedDice|Multiscale|ScaleShot,Tailwind,Haze,Protect|||F|||50|,,,,,Fairy]Ursaluna-Bloodmoon||AssaultVest|MindsEye|BloodMoon,EarthPower,HyperVoice,VacuumWave|||M|||50|,,,,,Water]Gholdengo||LifeOrb|GoodasGold|MakeItRain,ShadowBall,NastyPlot,Protect||||||50|,,,,,Dragon]Maushold-Four||FocusSash|FriendGuard|Taunt,FollowMe,BeatUp,Protect||||||50|,,,,,Ghost]Annihilape||SitrusBerry|Defiant|RageFist,DrainPunch,BulkUp,Protect|||M|||50|,,,,,Fire]Rillaboom||MiracleSeed|GrassySurge|WoodHammer,GrassyGlide,HighHorsepower,FakeOut|||F|||50|,,,,,Fire
|inactive|Battle timer is ON: inactive players will automatically lose when time's up. (requested by Bread2468)
|inactive|gaming from toilet also wants the timer to be on.
|inactive|gaming from toilet has 60 seconds left.
|
|t:|1757651439
|teamsize|p1|4
|teamsize|p2|4
|start
|switch|p1a: Torkoal|Torkoal, L50, F|100/100
|switch|p1b: Charizard|Charizard, L50, M|100/100
|switch|p2a: Maushold|Maushold-Four, L50|100/100
|switch|p2b: Annihilape|Annihilape, L50, M|100/100
|-weather|SunnyDay|[from] ability: Drought|[of] p1a: Torkoal
|turn|1
|inactive|gaming from toilet has 30 seconds left.
|
|t:|1757651472
|-terastallize|p2b: Annihilape|Fire
|move|p2a: Maushold|Beat Up|p2b: Annihilape
|-damage|p2b: Annihilape|99/100
|-damage|p2b: Annihilape|97/100
|-damage|p2b: Annihilape|95/100
|-crit|p2b: Annihilape
|-damage|p2b: Annihilape|91/100
|-hitcount|p2b: Annihilape|4
|move|p1b: Charizard|Heat Wave|p2a: Maushold|[spread] p2a,p2b
|-resisted|p2b: Annihilape
|-enditem|p2a: Maushold|Focus Sash
|-damage|p2a: Maushold|1/100
|-damage|p2b: Annihilape|50/100
|-enditem|p2b: Annihilape|Sitrus Berry|[eat]
|-heal|p2b: Annihilape|75/100|[from] item: Sitrus Berry
|move|p2b: Annihilape|Rage Fist|p1b: Charizard
|-damage|p1b: Charizard|0 fnt
|faint|p1b: Charizard
|move|p1a: Torkoal|Overheat|p2b: Annihilape
|-resisted|p2b: Annihilape
|-damage|p2b: Annihilape|44/100
|-unboost|p1a: Torkoal|spa|2
|-enditem|p1a: Torkoal|Eject Pack
|
|t:|1757651480
|switch|p1a: Jumpluff|Jumpluff, L50, F|100/100
|
|-weather|SunnyDay|[upkeep]
|upkeep
|
|t:|1757651481
|switch|p1b: Ursaluna|Ursaluna, L50, F|100/100
|turn|2
|inactive|gaming from toilet has 30 seconds left.
|
|t:|1757651507
|move|p2b: Annihilape|Protect|p2b: Annihilape
|-singleturn|p2b: Annihilape|Protect
|move|p1a: Jumpluff|Tailwind|p1a: Jumpluff
|-sidestart|p1: Bread2468|move: Tailwind
|move|p2a: Maushold|Taunt|p1a: Jumpluff
|-start|p1a: Jumpluff|move: Taunt
|move|p1b: Ursaluna|Earthquake|p2b: Annihilape|[spread] p2a
|-activate|p2b: Annihilape|move: Protect
|-immune|p1a: Jumpluff
|-damage|p2a: Maushold|0 fnt
|faint|p2a: Maushold
|
|-weather|SunnyDay|[upkeep]
|-status|p1b: Ursaluna|brn|[from] item: Flame Orb
|upkeep
|
|t:|1757651528
|switch|p2a: Dragonite|Dragonite, L50, F|100/100
|turn|3
|
|t:|1757651546
|switch|p1a: Torkoal|Torkoal, L50, F|100/100
|move|p1b: Ursaluna|Earthquake|p2a: Dragonite|[spread] p1a,p2b
|-immune|p2a: Dragonite
|-supereffective|p1a: Torkoal
|-supereffective|p2b: Annihilape
|-damage|p1a: Torkoal|0 fnt
|-damage|p2b: Annihilape|0 fnt
|faint|p1a: Torkoal
|faint|p2b: Annihilape
|move|p2a: Dragonite|Tailwind|p2a: Dragonite
|-sidestart|p2: gaming from toilet|move: Tailwind
|
|-weather|SunnyDay|[upkeep]
|-damage|p1b: Ursaluna|95/100 brn|[from] brn
|upkeep
|
|t:|1757651560
|switch|p2b: Ursaluna|Ursaluna-Bloodmoon, L50, M|100/100
|switch|p1a: Jumpluff|Jumpluff, L50, F|100/100
|turn|4
|
|t:|1757651582
|move|p1a: Jumpluff|Sleep Powder|p2a: Dragonite
|-status|p2a: Dragonite|slp|[from] move: Sleep Powder
|cant|p2a: Dragonite|slp
|move|p1b: Ursaluna|Facade|p2b: Ursaluna
|-damage|p2b: Ursaluna|2/100
|move|p2b: Ursaluna|Blood Moon|p1a: Jumpluff
|-damage|p1a: Jumpluff|25/100
|
|-weather|SunnyDay|[upkeep]
|-damage|p1b: Ursaluna|89/100 brn|[from] brn
|upkeep
|turn|5
|inactive|gaming from toilet has 30 seconds left.
|
|t:|1757651611
|move|p1a: Jumpluff|Rage Powder|p1a: Jumpluff
|-singleturn|p1a: Jumpluff|move: Rage Powder
|move|p2b: Ursaluna|Vacuum Wave|p1a: Jumpluff
|-resisted|p1a: Jumpluff
|-damage|p1a: Jumpluff|18/100
|cant|p2a: Dragonite|slp
|move|p1b: Ursaluna|Facade|p2b: Ursaluna
|-damage|p2b: Ursaluna|0 fnt
|faint|p2b: Ursaluna
|
|-weather|none
|-damage|p1b: Ursaluna|83/100 brn|[from] brn
|-sideend|p1: Bread2468|move: Tailwind
|upkeep
|turn|6
|
|t:|1757651633
|-curestatus|p2a: Dragonite|slp|[msg]
|move|p2a: Dragonite|Scale Shot|p1a: Jumpluff
|-damage|p1a: Jumpluff|0 fnt
|faint|p1a: Jumpluff
|-hitcount|p1: Jumpluff|1
|-unboost|p2a: Dragonite|def|1
|-boost|p2a: Dragonite|spe|1
|move|p1b: Ursaluna|Facade|p2a: Dragonite
|-crit|p2a: Dragonite
|-damage|p2a: Dragonite|0 fnt
|faint|p2a: Dragonite
|
|win|Bread2468
|inactive|Bread2468 has 30 seconds to confirm battle start!
|inactive|gaming from toilet has 30 seconds to confirm battle start!
||gaming from toilet is ready for game 2.
||Bread2468 is ready for game 2.
|uhtml|next|Next: Game 2 of 3
