|j|☆B South
|j|☆LEgOtlomy67
|html|B SouthLEgOtlomy67    
|uhtml|bestof|Game 1 of a best-of-3
|t:|1757694961
|gametype|doubles
|player|p1|B South|169|1057
|player|p2|LEgOtlomy67|steven|1116
|gen|9
|tier|[Gen 9] VGC 2025 Reg H (Bo3)
|rated|
|rule|Species Clause: Limit one of each Pokémon
|rule|Item Clause: Limit 1 of each item
|clearpoke
|poke|p1|Pelipper, L50, M|
|poke|p1|Archaludon, L50, F|
|poke|p1|Basculegion, L50, M|
|poke|p1|Barraskewda, L50, M|
|poke|p1|Maushold, L50|
|poke|p1|Annihilape, L50, F|
|poke|p2|Kilowattrel, L50, M|
|poke|p2|Garchomp, L50, F|
|poke|p2|Primarina, L50, M|
|poke|p2|Rillaboom, L50, M|
|poke|p2|Incineroar, L50, M|
|poke|p2|Kingambit, L50, F|
|teampreview|4
|showteam|p1|Pelipper||ChoiceScarf|Drizzle|Tailwind,WeatherBall,Hurricane,WideGuard|||M|||50|,,,,,Stellar]Archaludon||AssaultVest|Stamina|ElectroShot,BodyPress,DracoMeteor,FlashCannon|||F|||50|,,,,,Bug]Basculegion||MysticWater|SwiftSwim|AquaJet,FlipTurn,WaveCrash,LastRespects|||M|||50|,,,,,Water]Barraskewda||ChoiceBand|SwiftSwim|FlipTurn,Liquidation,CloseCombat,AquaJet|||M|||50|,,,,,Fighting]Maushold||SafetyGoggles|FriendGuard|BeatUp,FollowMe,Taunt,Protect||||||50|,,,,,Ghost]Annihilape||Leftovers|Defiant|BulkUp,RageFist,DrainPunch,Protect|||F|||50|,,,,,Grass
|showteam|p2|Kilowattrel||FocusSash|Competitive|Discharge,AirSlash,Tailwind,Protect|||M|||50|,,,,,Ghost]Garchomp||LifeOrb|RoughSkin|Earthquake,DragonClaw,StompingTantrum,Protect|||F|||50|,,,,,Ground]Primarina||ThroatSpray|LiquidVoice|HyperVoice,Moonblast,WaterPledge,Protect|||M|||50|,,,,,Poison]Rillaboom||GrassySeed|GrassySurge|DrumBeating,GrassPledge,FakeOut,GrassyGlide|||M|||50|,,,,,Poison]Incineroar||AssaultVest|Intimidate|FlareBlitz,KnockOff,FakeOut,Uturn|||M|||50|,,,,,Grass]Kingambit||SafetyGoggles|Defiant|KowtowCleave,SuckerPunch,Protect,SwordsDance|||F|||50|,,,,,Dark
|inactive|Battle timer is ON: inactive players will automatically lose when time's up. (requested by LEgOtlomy67)
|inactive|B South has 60 seconds left.
|inactive|LEgOtlomy67 has 60 seconds left.
|
|t:|1757695021
|teamsize|p1|4
|teamsize|p2|4
|start
|switch|p1a: Archaludon|Archaludon, L50, F|100/100
|switch|p1b: Basculegion|Basculegion, L50, M|100/100
|switch|p2a: Primarina|Primarina, L50, M|100/100
|switch|p2b: Rillaboom|Rillaboom, L50, M|100/100
|-fieldstart|move: Grassy Terrain|[from] ability: Grassy Surge|[of] p2b: Rillaboom
|-enditem|p2b: Rillaboom|Grassy Seed
|-boost|p2b: Rillaboom|def|1|[from] item: Grassy Seed
|turn|1
|
|t:|1757695044
|switch|p1a: Peeko|Pelipper, L50, M, shiny|100/100
|-weather|RainDance|[from] ability: Drizzle|[of] p1a: Peeko
|-terastallize|p1b: Basculegion|Water
|move|p2a: Primarina|Protect|p2a: Primarina
|-singleturn|p2a: Primarina|Protect
|move|p1b: Basculegion|Wave Crash|p2a: Primarina
|-activate|p2a: Primarina|move: Protect
|move|p2b: Rillaboom|Drum Beating|p1b: Basculegion
|-supereffective|p1b: Basculegion
|-damage|p1b: Basculegion|3/100
|-unboost|p1b: Basculegion|spe|1
|
|-weather|RainDance|[upkeep]
|-heal|p1b: Basculegion|9/100|[from] Grassy Terrain
|upkeep
|turn|2
|inactive|B South has 30 seconds left.
|inactive|LEgOtlomy67 has 30 seconds left.
|
|t:|1757695070
|switch|p1b: Archaludon|Archaludon, L50, F|100/100
|move|p2b: Rillaboom|Grassy Glide|p1b: Archaludon
|-resisted|p1b: Archaludon
|-damage|p1b: Archaludon|95/100
|-ability|p1b: Archaludon|Stamina|boost
|-boost|p1b: Archaludon|def|1
|move|p1a: Peeko|Hurricane|p2b: Rillaboom
|-supereffective|p2b: Rillaboom
|-damage|p2b: Rillaboom|0 fnt
|faint|p2b: Rillaboom
|move|p2a: Primarina|Hyper Voice|p1b: Archaludon|[spread] p1a,p1b
|-resisted|p1a: Peeko
|-resisted|p1b: Archaludon
|-damage|p1a: Peeko|58/100
|-damage|p1b: Archaludon|80/100
|-ability|p1b: Archaludon|Stamina|boost
|-boost|p1b: Archaludon|def|1
|-enditem|p2a: Primarina|Throat Spray
|-boost|p2a: Primarina|spa|1|[from] item: Throat Spray
|
|-weather|RainDance|[upkeep]
|-heal|p1b: Archaludon|86/100|[from] Grassy Terrain
|upkeep
|inactive|LEgOtlomy67 has 30 seconds left.
|
|t:|1757695096
|switch|p2b: Garchomp|Garchomp, L50, F|100/100
|turn|3
|
|t:|1757695108
|move|p2a: Primarina|Protect|p2a: Primarina
|-singleturn|p2a: Primarina|Protect
|move|p1a: Peeko|Hurricane|p2b: Garchomp
|-damage|p2b: Garchomp|48/100
|move|p2b: Garchomp|Dragon Claw|p1a: Peeko
|-damage|p1a: Peeko|0 fnt
|faint|p1a: Peeko
|-damage|p2b: Garchomp|38/100|[from] item: Life Orb
|move|p1b: Archaludon|Draco Meteor|p2b: Garchomp
|-supereffective|p2b: Garchomp
|-damage|p2b: Garchomp|0 fnt
|-unboost|p1b: Archaludon|spa|2
|faint|p2b: Garchomp
|
|-weather|RainDance|[upkeep]
|-heal|p1b: Archaludon|92/100|[from] Grassy Terrain
|upkeep
|
|t:|1757695130
|switch|p2b: Kilowattrel|Kilowattrel, L50, M|100/100
|switch|p1a: Basculegion|Basculegion, L50, M, tera:Water|9/100
|turn|4
|inactive|B South has 30 seconds left.
|
|t:|1757695160
|move|p2b: Kilowattrel|Protect|p2b: Kilowattrel
|-singleturn|p2b: Kilowattrel|Protect
|move|p1a: Basculegion|Flip Turn|p2b: Kilowattrel
|-activate|p2b: Kilowattrel|move: Protect
|move|p1b: Archaludon|Electro Shot||[still]
|-prepare|p1b: Archaludon|Electro Shot
|-boost|p1b: Archaludon|spa|1
|-anim|p1b: Archaludon|Electro Shot|p2a: Primarina
|-supereffective|p2a: Primarina
|-damage|p2a: Primarina|59/100
|move|p2a: Primarina|Hyper Voice|p1a: Basculegion|[spread] p1a,p1b
|-resisted|p1a: Basculegion
|-resisted|p1b: Archaludon
|-damage|p1a: Basculegion|0 fnt
|-damage|p1b: Archaludon|71/100
|-ability|p1b: Archaludon|Stamina|boost
|-boost|p1b: Archaludon|def|1
|faint|p1a: Basculegion
|
|-weather|RainDance|[upkeep]
|-heal|p1b: Archaludon|77/100|[from] Grassy Terrain
|-heal|p2a: Primarina|65/100|[from] Grassy Terrain
|upkeep
|
|t:|1757695180
|switch|p1a: Maushold|Maushold, L50|100/100
|turn|5
|
|t:|1757695195
|move|p2a: Primarina|Protect|p2a: Primarina
|-singleturn|p2a: Primarina|Protect
|move|p1a: Maushold|Follow Me|p1a: Maushold
|-singleturn|p1a: Maushold|move: Follow Me
|move|p2b: Kilowattrel|Discharge|p1a: Maushold|[spread] p1a,p1b
|-activate|p2a: Primarina|move: Protect
|-resisted|p1b: Archaludon
|-damage|p1a: Maushold|66/100
|-damage|p1b: Archaludon|71/100
|-status|p1a: Maushold|par
|-ability|p1b: Archaludon|Stamina|boost
|-boost|p1b: Archaludon|def|1
|move|p1b: Archaludon|Electro Shot||[still]
|-prepare|p1b: Archaludon|Electro Shot
|-boost|p1b: Archaludon|spa|1
|-anim|p1b: Archaludon|Electro Shot|p2b: Kilowattrel
|-damage|p2b: Kilowattrel|35/100
|
|-weather|none
|-heal|p1b: Archaludon|78/100|[from] Grassy Terrain
|-heal|p2a: Primarina|71/100|[from] Grassy Terrain
|-heal|p1a: Maushold|72/100 par|[from] Grassy Terrain
|-fieldend|move: Grassy Terrain
|upkeep
|turn|6
|inactive|B South has 30 seconds left.
|inactive|LEgOtlomy67 has 30 seconds left.
|
|t:|1757695223
|move|p2b: Kilowattrel|Air Slash|p1a: Maushold
|-damage|p1a: Maushold|31/100 par
|move|p1b: Archaludon|Body Press|p2a: Primarina
|-resisted|p2a: Primarina
|-damage|p2a: Primarina|35/100
|move|p2a: Primarina|Hyper Voice|p1a: Maushold|[spread] p1a,p1b
|-resisted|p1b: Archaludon
|-damage|p1a: Maushold|0 fnt
|-damage|p1b: Archaludon|68/100
|-ability|p1b: Archaludon|Stamina|boost
|-boost|p1b: Archaludon|def|1
|faint|p1a: Maushold
|
|upkeep
|turn|7
|
|t:|1757695237
|-terastallize|p2b: Kilowattrel|Ghost
|move|p2a: Primarina|Protect|p2a: Primarina
|-singleturn|p2a: Primarina|Protect
|move|p2b: Kilowattrel|Discharge|p1b: Archaludon|[spread] p1b
|-activate|p2a: Primarina|move: Protect
|-resisted|p1b: Archaludon
|-damage|p1b: Archaludon|60/100
|-status|p1b: Archaludon|par
|-ability|p1b: Archaludon|Stamina|boost
|-boost|p1b: Archaludon|def|1
|move|p1b: Archaludon|Draco Meteor|p2b: Kilowattrel
|-damage|p2b: Kilowattrel|0 fnt
|-unboost|p1b: Archaludon|spa|2
|faint|p2b: Kilowattrel
|
|upkeep
|turn|8
|
|t:|1757695254
|move|p2a: Primarina|Moonblast|p1b: Archaludon
|-damage|p1b: Archaludon|20/100 par
|move|p1b: Archaludon|Body Press|p2a: Primarina
|-resisted|p2a: Primarina
|-damage|p2a: Primarina|0 fnt
|faint|p2a: Primarina
|
|win|B South
||LEgOtlomy67 is ready for game 2.
|inactive|B South has 30 seconds to confirm battle start!
||B South is ready for game 2.
|uhtml|next|Next: Game 2 of 3
|l|☆LEgOtlomy67
|player|p2|
