|j|☆joethefenix
|j|☆ispoke2soon
|html|joethefenixispoke2soon    
|uhtml|bestof|Game 3 of a best-of-3
|t:|1785596399
|gametype|doubles
|player|p1|joethefenix|102|
|player|p2|ispoke2soon|266|
|gen|9
|tier|[Gen 9 Champions] VGC 2026 Reg M-B (Bo3)
|rule|Species Clause: Limit one of each Pokémon
|rule|Item Clause: Limit 1 of each item
|clearpoke
|poke|p1|Pelipper, L50, M, shiny|
|poke|p1|Swampert, L50, M, shiny|
|poke|p1|Archaludon, L50, M, shiny|
|poke|p1|Charizard, L50, M, shiny|
|poke|p1|Grimmsnarl, L50, M, shiny|
|poke|p1|Venusaur, L50, F, shiny|
|poke|p2|Froslass, L50, F|
|poke|p2|Scovillain, L50, F|
|poke|p2|Lycanroc-Dusk, L50, M, shiny|
|poke|p2|Kingambit, L50, M|
|poke|p2|Sneasler, L50, M|
|poke|p2|Basculegion, L50, M|
|teampreview|4
|showteam|p1|Pelipper||SitrusBerry|Drizzle|WeatherBall,Hurricane,Tailwind,Protect|Modest||M|||50|]Swampert||Swampertite|Torrent|Protect,Earthquake,WaveCrash,IcePunch|Adamant||M|||50|]Archaludon||Leftovers|Stamina|FlashCannon,DragonPulse,ElectroShot,Protect|Calm||M|||50|]Charizard||CharizarditeY|Blaze|Protect,WeatherBall,SolarBeam,HeatWave|Modest||M|||50|]Grimmsnarl||LightClay|Prankster|SpiritBreak,Reflect,LightScreen,PartingShot|Sassy||M|||50|]Venusaur||FocusSash|Chlorophyll|Protect,SludgeBomb,LeafStorm,SleepPowder|Modest||F|||50|
|showteam|p2|Froslass||Froslassite|CursedBody|Blizzard,ShadowBall,AuroraVeil,Protect|Modest||F|||50|]Scovillain||Scovillainite|Moody|Overheat,GigaDrain,RagePowder,Protect|Bold||F|||50|]Lycanroc-Dusk||FocusSash|ToughClaws|RockSlide,CloseCombat,Accelerock,Protect|Adamant||M|||50|]Kingambit||BlackGlasses|Defiant|KowtowCleave,SuckerPunch,SwordsDance,Protect|Adamant||M|||50|]Sneasler||WhiteHerb|Unburden|FakeOut,CloseCombat,GunkShot,Protect|Adamant||M|||50|]Basculegion||SitrusBerry|Adaptability|WaveCrash,LastRespects,AquaJet,Protect|Adamant||M|||50|
|
|t:|1785596432
|teamsize|p1|4
|teamsize|p2|4
|start
|switch|p1a: Brother Grimm|Grimmsnarl, L50, M, shiny|100/100
|switch|p1b: Swamp Thang|Swampert, L50, M, shiny|100/100
|switch|p2a: Kingambit|Kingambit, L50, M|100/100
|switch|p2b: Sneasler|Sneasler, L50, M|100/100
|turn|1
|inactive|Battle timer is ON: inactive players will automatically lose when time's up. (requested by ispoke2soon)
|
|t:|1785596459
|detailschange|p1b: Swamp Thang|Swampert-Mega, L50, M, shiny
|-mega|p1b: Swamp Thang|Swampert|Swampertite
|move|p2b: Sneasler|Fake Out|p1b: Swamp Thang
|-damage|p1b: Swamp Thang|88/100
|move|p1a: Brother Grimm|Reflect|p1a: Brother Grimm
|-sidestart|p1: joethefenix|Reflect
|cant|p1b: Swamp Thang|flinch
|move|p2a: Kingambit|Swords Dance|p2a: Kingambit
|-boost|p2a: Kingambit|atk|2
|
|upkeep
|turn|2
|inactive|ispoke2soon has 30 seconds left.
|
|t:|1785596488
|switch|p1a: Birb Up|Pelipper, L50, M, shiny|100/100
|-weather|RainDance|[from] ability: Drizzle|[of] p1a: Birb Up
|move|p2a: Kingambit|Protect|p2a: Kingambit
|-singleturn|p2a: Kingambit|Protect
|move|p1b: Swamp Thang|Earthquake|p2a: Kingambit|[spread] p2b
|-activate|p2a: Kingambit|move: Protect
|-immune|p1a: Birb Up
|-supereffective|p2b: Sneasler|1
|-damage|p2b: Sneasler|0 fnt
|faint|p2b: Sneasler
|
|-weather|RainDance|[upkeep]
|upkeep
|
|t:|1785596497
|switch|p2b: Froslass|Froslass, L50, F|100/100
|turn|3
|
|t:|1785596513
|switch|p1a: Brother Grimm|Grimmsnarl, L50, M, shiny|100/100
|detailschange|p2b: Froslass|Froslass-Mega, L50, F
|-mega|p2b: Froslass|Froslass|Froslassite
|-weather|Snowscape|[from] ability: Snow Warning|[of] p2b: Froslass
|move|p1b: Swamp Thang|Protect|p1b: Swamp Thang
|-singleturn|p1b: Swamp Thang|Protect
|move|p2b: Froslass|Aurora Veil|p2b: Froslass
|-sidestart|p2: ispoke2soon|move: Aurora Veil
|move|p2a: Kingambit|Kowtow Cleave|p1a: Brother Grimm
|-resisted|p1a: Brother Grimm|2
|-damage|p1a: Brother Grimm|78/100
|
|-weather|Snowscape|[upkeep]
|upkeep
|turn|4
|
|t:|1785596535
|switch|p2b: Lycanroc|Lycanroc-Dusk, L50, M, shiny|100/100
|move|p1a: Brother Grimm|Light Screen|p1a: Brother Grimm
|-sidestart|p1: joethefenix|move: Light Screen
|move|p1b: Swamp Thang|Earthquake|p2a: Kingambit|[spread] p1a,p2a,p2b
|-supereffective|p2a: Kingambit|1
|-supereffective|p2b: Lycanroc|1
|-damage|p1a: Brother Grimm|43/100
|-damage|p2a: Kingambit|53/100
|-enditem|p2b: Lycanroc|Focus Sash
|-damage|p2b: Lycanroc|1/100
|move|p2a: Kingambit|Swords Dance|p2a: Kingambit
|-boost|p2a: Kingambit|atk|2
|
|-weather|Snowscape|[upkeep]
|upkeep
|turn|5
|
|t:|1785596556
|move|p1b: Swamp Thang|Protect|p1b: Swamp Thang
|-singleturn|p1b: Swamp Thang|Protect
|move|p2b: Lycanroc|Accelerock|p1b: Swamp Thang
|-activate|p1b: Swamp Thang|move: Protect
|move|p2a: Kingambit|Sucker Punch||[still]
|-fail|p2a: Kingambit
|move|p1a: Brother Grimm|Spirit Break|p2b: Lycanroc
|-damage|p2b: Lycanroc|0 fnt
|faint|p2b: Lycanroc
|
|-weather|Snowscape|[upkeep]
|upkeep
|
|t:|1785596559
|switch|p2b: Froslass|Froslass-Mega, L50, F|100/100
|turn|6
|inactive|ispoke2soon has 30 seconds left.
|
|t:|1785596591
|move|p2b: Froslass|Protect|p2b: Froslass
|-singleturn|p2b: Froslass|Protect
|move|p1a: Brother Grimm|Parting Shot|p2b: Froslass
|-activate|p2b: Froslass|move: Protect
|move|p1b: Swamp Thang|Earthquake|p2a: Kingambit|[spread] p1a,p2a
|-activate|p2b: Froslass|move: Protect
|-supereffective|p2a: Kingambit|1
|-damage|p1a: Brother Grimm|10/100
|-damage|p2a: Kingambit|6/100
|move|p2a: Kingambit|Kowtow Cleave|p1b: Swamp Thang
|-damage|p1b: Swamp Thang|0 fnt
|faint|p1b: Swamp Thang
|
|-weather|Snowscape|[upkeep]
|upkeep
|
|t:|1785596609
|switch|p1b: Gates MK II|Archaludon, L50, M, shiny|100/100
|turn|7
|inactive|ispoke2soon has 30 seconds left.
|
|t:|1785596643
|move|p1a: Brother Grimm|Parting Shot|p2b: Froslass
|-unboost|p2b: Froslass|atk|1
|-unboost|p2b: Froslass|spa|1
|
|t:|1785596647
|switch|p1a: Birb Up|Pelipper, L50, M, shiny|100/100|[from] Parting Shot
|-weather|RainDance|[from] ability: Drizzle|[of] p1a: Birb Up
|move|p2a: Kingambit|Sucker Punch|p1b: Gates MK II
|-damage|p1b: Gates MK II|22/100
|-ability|p1b: Gates MK II|Stamina|boost
|-boost|p1b: Gates MK II|def|1
|move|p2b: Froslass|Shadow Ball|p1b: Gates MK II
|-damage|p1b: Gates MK II|6/100
|-unboost|p1b: Gates MK II|spd|1
|-ability|p1b: Gates MK II|Stamina|boost
|-boost|p1b: Gates MK II|def|1
|move|p1b: Gates MK II|Electro Shot||[still]
|-prepare|p1b: Gates MK II|Electro Shot
|-boost|p1b: Gates MK II|spa|1
|-anim|p1b: Gates MK II|Electro Shot|p2a: Kingambit
|-damage|p2a: Kingambit|0 fnt
|faint|p2a: Kingambit
|
|-weather|RainDance|[upkeep]
|-heal|p1b: Gates MK II|12/100|[from] item: Leftovers
|-sideend|p2: ispoke2soon|move: Aurora Veil
|upkeep
|turn|8
|
|t:|1785596670
|move|p1b: Gates MK II|Protect|p1b: Gates MK II
|-singleturn|p1b: Gates MK II|Protect
|move|p2b: Froslass|Blizzard|p1a: Birb Up|[spread] p1a
|-activate|p1b: Gates MK II|move: Protect
|-crit|p1a: Birb Up
|-damage|p1a: Birb Up|27/100
|-enditem|p1a: Birb Up|Sitrus Berry|[eat]
|-heal|p1a: Birb Up|51/100|[from] item: Sitrus Berry
|move|p1a: Birb Up|Tailwind|p1a: Birb Up
|-sidestart|p1: joethefenix|move: Tailwind
|
|-weather|RainDance|[upkeep]
|-heal|p1b: Gates MK II|18/100|[from] item: Leftovers
|-sideend|p1: joethefenix|Reflect
|upkeep
|turn|9
|
|t:|1785596686
|move|p1b: Gates MK II|Flash Cannon|p2b: Froslass
|-supereffective|p2b: Froslass|1
|-damage|p2b: Froslass|0 fnt
|faint|p2b: Froslass
|
|win|joethefenix
|c|☆ispoke2soon|ggs
|c|☆joethefenix|ggs
|l|☆ispoke2soon
|player|p2|
