|j|☆Nussloni
|j|☆MidoMidori
|html|NussloniMidoMidori    
|uhtml|bestof|Game 1 of a best-of-3
|t:|1756645630
|gametype|doubles
|player|p1|Nussloni|170|1310
|player|p2|MidoMidori|roxanne-gen6|1275
|gen|9
|tier|[Gen 9] VGC 2025 Reg H (Bo3)
|rated|
|rule|Species Clause: Limit one of each Pokémon
|rule|Item Clause: Limit 1 of each item
|clearpoke
|poke|p1|Sneasler, L50, M|
|poke|p1|Indeedee, L50, M|
|poke|p1|Ursaluna-Bloodmoon, L50, M|
|poke|p1|Gholdengo, L50|
|poke|p1|Incineroar, L50, M|
|poke|p1|Volcarona, L50, M|
|poke|p2|Sneasler, L50, F|
|poke|p2|Indeedee, L50, M|
|poke|p2|Volcarona, L50, F|
|poke|p2|Ursaluna-Bloodmoon, L50, M|
|poke|p2|Annihilape, L50, M|
|poke|p2|Tyranitar, L50, M|
|teampreview|4
|showteam|p1|Sneasler||PsychicSeed|Unburden|DireClaw,CloseCombat,LashOut,Protect|||M|||50|,,,,,Dark]Indeedee||FocusSash|PsychicSurge|ExpandingForce,TrickRoom,Encore,Protect|||M|||50|,,,,,Psychic]Ursaluna-Bloodmoon||LifeOrb|MindsEye|BloodMoon,EarthPower,HyperVoice,Protect|||M|||50|,,,,,Normal]Gholdengo||MetalCoat|GoodasGold|NastyPlot,MakeItRain,ShadowBall,Protect||||||50|,,,,,Fairy]Incineroar||SafetyGoggles|Intimidate|FlareBlitz,KnockOff,PartingShot,FakeOut|||M|||50|,,,,,Ghost]Volcarona||RockyHelmet|FlameBody|Overheat,RagePowder,Tailwind,StruggleBug|||M|||50|,,,,,Fairy
|showteam|p2|Sneasler||PsychicSeed|Unburden|CloseCombat,DireClaw,ThroatChop,Protect|||F|||50|,,,,,Dark]Indeedee||FocusSash|PsychicSurge|ExpandingForce,TeraBlast,TrickRoom,Protect|||M|||50|,,,,,Fighting]Volcarona||SitrusBerry|FlameBody|Overheat,StruggleBug,RagePowder,Tailwind|||F|||50|,,,,,Grass]Ursaluna-Bloodmoon||LifeOrb|MindsEye|BloodMoon,HyperVoice,EarthPower,Protect|||M|||50|,,,,,Normal]Annihilape||SafetyGoggles|Defiant|CloseCombat,RageFist,Taunt,FinalGambit|||M|||50|,,,,,Fairy]Tyranitar||AssaultVest|SandStream|RockSlide,KnockOff,TeraBlast,LowKick|||M|||50|,,,,,Flying
|inactive|Battle timer is ON: inactive players will automatically lose when time's up. (requested by Nussloni)
|
|t:|1756645711
|teamsize|p1|4
|teamsize|p2|4
|start
|switch|p1a: Gholdengo|Gholdengo, L50|100/100
|switch|p1b: Volcarona|Volcarona, L50, M|100/100
|switch|p2a: Volcarona|Volcarona, L50, F|100/100
|switch|p2b: Annihilape|Annihilape, L50, M|100/100
|turn|1
|inactive|MidoMidori has 30 seconds left.
|
|t:|1756645744
|-terastallize|p1a: Gholdengo|Fairy
|move|p2a: Volcarona|Tailwind|p2a: Volcarona
|-sidestart|p2: MidoMidori|move: Tailwind
|move|p2b: Annihilape|Final Gambit|p1b: Volcarona
|-damage|p1b: Volcarona|0 fnt
|faint|p2b: Annihilape
|faint|p1b: Volcarona
|move|p1a: Gholdengo|Nasty Plot|p1a: Gholdengo
|-boost|p1a: Gholdengo|spa|2
|
|upkeep
|
|t:|1756645764
|switch|p1b: Indeedee|Indeedee, L50, M|100/100
|switch|p2b: Sneasler|Sneasler, L50, F|100/100
|-fieldstart|move: Psychic Terrain|[from] ability: Psychic Surge|[of] p1b: Indeedee
|-enditem|p2b: Sneasler|Psychic Seed
|-boost|p2b: Sneasler|spd|1|[from] item: Psychic Seed
|turn|2
|
|t:|1756645787
|-terastallize|p2b: Sneasler|Dark
|move|p2b: Sneasler|Throat Chop|p1b: Indeedee
|-supereffective|p1b: Indeedee
|-enditem|p1b: Indeedee|Focus Sash
|-damage|p1b: Indeedee|1/100
|-start|p1b: Indeedee|Throat Chop|[silent]
|move|p2a: Volcarona|Struggle Bug|p1b: Indeedee|[spread] p1a,p1b
|-resisted|p1a: Gholdengo
|-supereffective|p1b: Indeedee
|-damage|p1a: Gholdengo|91/100
|-damage|p1b: Indeedee|0 fnt
|-unboost|p1a: Gholdengo|spa|1
|faint|p1b: Indeedee
|move|p1a: Gholdengo|Make It Rain|p2b: Sneasler|[spread] p2a,p2b
|-resisted|p2a: Volcarona
|-damage|p2a: Volcarona|60/100
|-damage|p2b: Sneasler|31/100
|-unboost|p1a: Gholdengo|spa|1
|
|upkeep
|
|t:|1756645802
|switch|p1b: Sneasler|Sneasler, L50, M|100/100
|-enditem|p1b: Sneasler|Psychic Seed
|-boost|p1b: Sneasler|spd|1|[from] item: Psychic Seed
|turn|3
|inactive|Nussloni has 30 seconds left.
|
|t:|1756645827
|move|p1a: Gholdengo|Protect|p1a: Gholdengo
|-singleturn|p1a: Gholdengo|Protect
|move|p2a: Volcarona|Rage Powder|p2a: Volcarona
|-singleturn|p2a: Volcarona|move: Rage Powder
|move|p2b: Sneasler|Dire Claw|p1a: Gholdengo
|-activate|p1a: Gholdengo|move: Protect
|move|p1b: Sneasler|Dire Claw|p2a: Volcarona
|-damage|p2a: Volcarona|2/100
|-status|p2a: Volcarona|slp
|-enditem|p2a: Volcarona|Sitrus Berry|[eat]
|-heal|p2a: Volcarona|27/100 slp|[from] item: Sitrus Berry
|
|upkeep
|turn|4
|inactive|Nussloni has 30 seconds left.
|
|t:|1756645859
|move|p1a: Gholdengo|Protect|p1a: Gholdengo
|-singleturn|p1a: Gholdengo|Protect
|cant|p2a: Volcarona|slp
|move|p2b: Sneasler|Dire Claw|p1a: Gholdengo
|-activate|p1a: Gholdengo|move: Protect
|move|p1b: Sneasler|Dire Claw|p2b: Sneasler
|-damage|p2b: Sneasler|0 fnt
|faint|p2b: Sneasler
|
|-sideend|p2: MidoMidori|move: Tailwind
|upkeep
|
|t:|1756645861
|switch|p2b: Tyranitar|Tyranitar, L50, M|100/100
|-weather|Sandstorm|[from] ability: Sand Stream|[of] p2b: Tyranitar
|turn|5
|inactive|Nussloni has 30 seconds left.
|
|t:|1756645886
|cant|p2a: Volcarona|slp
|move|p1b: Sneasler|Dire Claw|p2a: Volcarona
|-damage|p2a: Volcarona|0 fnt
|-status|p1b: Sneasler|brn|[from] ability: Flame Body|[of] p2a: Volcarona
|faint|p2a: Volcarona
|move|p1a: Gholdengo|Make It Rain|p2b: Tyranitar
|-supereffective|p2b: Tyranitar
|-damage|p2b: Tyranitar|37/100
|-unboost|p1a: Gholdengo|spa|1
|move|p2b: Tyranitar|Rock Slide|p1a: Gholdengo|[spread] p1a,p1b
|-resisted|p1b: Sneasler
|-damage|p1a: Gholdengo|59/100
|-damage|p1b: Sneasler|74/100 brn
|
|-weather|Sandstorm|[upkeep]
|-damage|p1b: Sneasler|68/100 brn|[from] Sandstorm
|-damage|p1a: Gholdengo|53/100|[from] Sandstorm
|-damage|p1b: Sneasler|62/100 brn|[from] brn
|upkeep
|turn|6
|
|t:|1756645905
|move|p1b: Sneasler|Close Combat|p2b: Tyranitar
|-supereffective|p2b: Tyranitar
|-damage|p2b: Tyranitar|0 fnt
|-unboost|p1b: Sneasler|def|1
|-unboost|p1b: Sneasler|spd|1
|faint|p2b: Tyranitar
|
|win|Nussloni
||MidoMidori is ready for game 2.
||Nussloni is ready for game 2.
|uhtml|next|Next: Game 2 of 3
|l|☆MidoMidori
|player|p2|
