|j|☆parsley<3
|j|☆Bridaine 31
|html|parsley<3Bridaine 31    
|uhtml|bestof|Game 3 of a best-of-3
|t:|1756282893
|gametype|doubles
|player|p1|parsley<3|lacey|1194
|player|p2|Bridaine 31|alder|1051
|gen|9
|tier|[Gen 9] VGC 2025 Reg H (Bo3)
|rated|
|rule|Species Clause: Limit one of each Pokémon
|rule|Item Clause: Limit 1 of each item
|clearpoke
|poke|p1|Maushold, L50|
|poke|p1|Annihilape, L50, M|
|poke|p1|Gholdengo, L50|
|poke|p1|Ursaluna-Bloodmoon, L50, M|
|poke|p1|Dragonite, L50, F|
|poke|p1|Sneasler, L50, M|
|poke|p2|Frosmoth, L50, F|
|poke|p2|Volcarona, L50, F|
|poke|p2|Ninetales-Alola, L50, F|
|poke|p2|Garchomp, L50, M|
|poke|p2|Incineroar, L50, M|
|poke|p2|Rillaboom, L50, M|
|teampreview|4
|showteam|p1|Maushold||SafetyGoggles|FriendGuard|SuperFang,BeatUp,Protect,FollowMe||||||50|,,,,,Ghost]Annihilape||SitrusBerry|Defiant|RageFist,CloseCombat,Protect,FinalGambit|||M|||50|,,,,,Fire]Gholdengo||LifeOrb|GoodasGold|MakeItRain,ShadowBall,Protect,NastyPlot||||||50|,,,,,Water]Ursaluna-Bloodmoon||AssaultVest|MindsEye|HyperVoice,BloodMoon,EarthPower,VacuumWave|||M|||50|,,,,,Ghost]Dragonite||LoadedDice|Multiscale|ScaleShot,Tailwind,Protect,Haze|||F|||50|,,,,,Fairy]Sneasler||FocusSash|Unburden|DireClaw,CloseCombat,Protect,ThroatChop|||M|||50|,,,,,Stellar
|showteam|p2|Frosmoth||Leftovers|IceScales|QuiverDance,Blizzard,TeraBlast,WideGuard|||F|||50|,,,,,Water]Volcarona||RockyHelmet|FlameBody|RagePowder,HeatWave,WillOWisp,StruggleBug|||F|||50|,,,,,Steel]Ninetales-Alola||LifeOrb|SnowWarning|FreezeDry,IcyWind,Moonblast,AuroraVeil|||F|||50|,,,,,Ghost]Garchomp||ClearAmulet|RoughSkin|StompingTantrum,BreakingSwipe,RockSlide,Protect|||M|||50|,,,,,Fire]Incineroar||SitrusBerry|Intimidate|FakeOut,FlareBlitz,KnockOff,PartingShot|||M|||50|,,,,,Ghost]Rillaboom||AssaultVest|GrassySurge|FakeOut,WoodHammer,GrassyGlide,HighHorsepower|||M|||50|,,,,,Fire
|c|☆Bridaine 31|Do you know a ape counter ?
|
|t:|1756282941
|teamsize|p1|4
|teamsize|p2|4
|start
|switch|p1a: mishold|Maushold, L50|100/100
|switch|p1b: mishape|Annihilape, L50, M|100/100
|switch|p2a: Frosmoth|Frosmoth, L50, F, shiny|100/100
|switch|p2b: Ninetales|Ninetales-Alola, L50, F, shiny|100/100
|-weather|Snowscape|[from] ability: Snow Warning|[of] p2b: Ninetales
|turn|1
|c|☆parsley<3|indeedee male plus psychic seed sneasler is pretty good into it
|c|☆Bridaine 31|Ok
|
|t:|1756282983
|-terastallize|p1b: mishape|Fire
|move|p1a: mishold|Beat Up|p1b: mishape
|-damage|p1b: mishape|99/100
|-damage|p1b: mishape|96/100
|-damage|p1b: mishape|93/100
|-damage|p1b: mishape|91/100
|-hitcount|p1b: mishape|4
|move|p2b: Ninetales|Aurora Veil|p2b: Ninetales
|-sidestart|p2: Bridaine 31|move: Aurora Veil
|move|p1b: mishape|Rage Fist|p2a: Frosmoth
|-damage|p2a: Frosmoth|54/100
|move|p2a: Frosmoth|Quiver Dance|p2a: Frosmoth
|-boost|p2a: Frosmoth|spa|1
|-boost|p2a: Frosmoth|spd|1
|-boost|p2a: Frosmoth|spe|1
|
|-weather|Snowscape|[upkeep]
|-heal|p2a: Frosmoth|60/100|[from] item: Leftovers
|upkeep
|turn|2
|
|t:|1756283006
|-terastallize|p2a: Frosmoth|Water
|move|p1a: mishold|Super Fang|p2a: Frosmoth
|-damage|p2a: Frosmoth|30/100
|move|p2b: Ninetales|Moonblast|p1a: mishold
|-damage|p1a: mishold|36/100
|-damage|p2b: Ninetales|91/100|[from] item: Life Orb
|move|p1b: mishape|Rage Fist|p2a: Frosmoth
|-damage|p2a: Frosmoth|0 fnt
|faint|p2a: Frosmoth
|
|-weather|Snowscape|[upkeep]
|upkeep
|
|t:|1756283018
|switch|p2a: Garchomp|Garchomp, L50, M, shiny|100/100
|turn|3
|
|t:|1756283082
|switch|p1b: mishaluna|Ursaluna-Bloodmoon, L50, M|100/100
|move|p1a: mishold|Protect|p1a: mishold
|-singleturn|p1a: mishold|Protect
|move|p2b: Ninetales|Moonblast|p1a: mishold
|-activate|p1a: mishold|move: Protect
|move|p2a: Garchomp|Stomping Tantrum|p1b: mishaluna
|-damage|p1b: mishaluna|80/100
|
|-weather|Snowscape|[upkeep]
|upkeep
|turn|4
|c|☆parsley<3|-dt garchomp
|
|t:|1756283158
|move|p1a: mishold|Follow Me|p1a: mishold
|-singleturn|p1a: mishold|move: Follow Me
|move|p2b: Ninetales|Icy Wind|p1b: mishaluna|[spread] p1a,p1b
|-supereffective|p1b: mishaluna
|-damage|p1a: mishold|12/100
|-damage|p1b: mishaluna|58/100
|-unboost|p1a: mishold|spe|1
|-unboost|p1b: mishaluna|spe|1
|-damage|p2b: Ninetales|82/100|[from] item: Life Orb
|move|p2a: Garchomp|Rock Slide|p1a: mishold|[spread] p1a,p1b
|-resisted|p1b: mishaluna
|-damage|p1a: mishold|0 fnt
|-damage|p1b: mishaluna|53/100
|faint|p1a: mishold
|cant|p1b: mishaluna|flinch
|
|-weather|Snowscape|[upkeep]
|upkeep
|
|t:|1756283172
|switch|p1a: mishler|Sneasler, L50, M|100/100
|turn|5
|c|☆Bridaine 31|Sry
|c|☆parsley<3|i might actually lose off that
|
|t:|1756283209
|switch|p2b: Incineroar|Incineroar, L50, M, shiny|100/100
|-ability|p2b: Incineroar|Intimidate|boost
|-unboost|p1a: mishler|atk|1
|-unboost|p1b: mishaluna|atk|1
|move|p1a: mishler|Close Combat|p2a: Garchomp
|-damage|p2a: Garchomp|68/100
|-unboost|p1a: mishler|def|1
|-unboost|p1a: mishler|spd|1
|-damage|p1a: mishler|88/100|[from] ability: Rough Skin|[of] p2a: Garchomp
|move|p2a: Garchomp|Stomping Tantrum|p1a: mishler
|-supereffective|p1a: mishler
|-damage|p1a: mishler|0 fnt
|faint|p1a: mishler
|move|p1b: mishaluna|Hyper Voice|p2a: Garchomp|[spread] p2a,p2b
|-damage|p2a: Garchomp|39/100
|-damage|p2b: Incineroar|84/100
|
|-weather|none
|-sideend|p2: Bridaine 31|move: Aurora Veil
|upkeep
|
|t:|1756283226
|switch|p1a: mishape|Annihilape, L50, M, tera:Fire|91/100
|turn|6
|
|t:|1756283252
|move|p1a: mishape|Protect|p1a: mishape
|-singleturn|p1a: mishape|Protect
|move|p2b: Incineroar|Fake Out|p1b: mishaluna
|-damage|p1b: mishaluna|45/100
|move|p2a: Garchomp|Stomping Tantrum|p1a: mishape
|-activate|p1a: mishape|move: Protect
|cant|p1b: mishaluna|flinch
|
|upkeep
|turn|7
|
|t:|1756283262
|move|p1a: mishape|Protect|p1a: mishape
|-singleturn|p1a: mishape|Protect
|move|p2a: Garchomp|Stomping Tantrum|p1a: mishape
|-activate|p1a: mishape|move: Protect
|move|p2b: Incineroar|Knock Off|p1a: mishape
|-activate|p1a: mishape|move: Protect
|move|p1b: mishaluna|Blood Moon|p2a: Garchomp
|-damage|p2a: Garchomp|0 fnt
|faint|p2a: Garchomp
|
|upkeep
|
|t:|1756283265
|switch|p2a: Ninetales|Ninetales-Alola, L50, F, shiny|82/100
|-weather|Snowscape|[from] ability: Snow Warning|[of] p2a: Ninetales
|turn|8
|c|☆parsley<3|okay cool
|
|t:|1756283304
|move|p1b: mishaluna|Vacuum Wave|p2b: Incineroar
|-supereffective|p2b: Incineroar
|-damage|p2b: Incineroar|60/100
|move|p2a: Ninetales|Freeze-Dry|p1b: mishaluna
|-supereffective|p1b: mishaluna
|-damage|p1b: mishaluna|0 fnt
|faint|p1b: mishaluna
|-damage|p2a: Ninetales|72/100|[from] item: Life Orb
|move|p1a: mishape|Close Combat|p2b: Incineroar
|-supereffective|p2b: Incineroar
|-damage|p2b: Incineroar|0 fnt
|-unboost|p1a: mishape|def|1
|-unboost|p1a: mishape|spd|1
|faint|p2b: Incineroar
|
|-weather|Snowscape|[upkeep]
|upkeep
|turn|9
|
|t:|1756283321
|move|p2a: Ninetales|Moonblast|p1a: mishape
|-resisted|p1a: mishape
|-damage|p1a: mishape|56/100
|-unboost|p1a: mishape|spa|1
|-ability|p1a: mishape|Defiant|boost
|-boost|p1a: mishape|atk|2
|-damage|p2a: Ninetales|63/100|[from] item: Life Orb
|move|p1a: mishape|Rage Fist|p2a: Ninetales
|-damage|p2a: Ninetales|0 fnt
|faint|p2a: Ninetales
|
|win|parsley<3
|raw|parsley<3's rating: 1194 → 1209(+15 for winning)
|raw|Bridaine 31's rating: 1051 → 1040(-11 for losing)
