|j|☆klaushima
|j|☆rodjilius
|html|klaushimarodjilius    
|uhtml|bestof|Game 1 of a best-of-3
|t:|1757159939
|gametype|doubles
|player|p1|klaushima|alder|1044
|player|p2|rodjilius|unknown|1143
|gen|9
|tier|[Gen 9] VGC 2025 Reg H (Bo3)
|rated|
|rule|Species Clause: Limit one of each Pokémon
|rule|Item Clause: Limit 1 of each item
|clearpoke
|poke|p1|Electabuzz, L50, M|
|poke|p1|Gholdengo, L50|
|poke|p1|Rillaboom, L50, F|
|poke|p1|Sneasler, L50, M|
|poke|p1|Dragonite, L50, F|
|poke|p1|Volcarona, L50, M|
|poke|p2|Dragapult, L50, F|
|poke|p2|Sneasler, L50, M|
|poke|p2|Indeedee, L50, M|
|poke|p2|Incineroar, L50, M|
|poke|p2|Typhlosion-Hisui, L50, F|
|poke|p2|Whimsicott, L50, F|
|teampreview|4
|showteam|p1|Electabuzz||Eviolite|VitalSpirit|Thunderbolt,Taunt,FollowMe,Protect|||M|||50|,,,,,Dragon]Gholdengo||MetalCoat|GoodasGold|MakeItRain,ShadowBall,NastyPlot,Protect||||||50|,,,,,Water]Rillaboom||AssaultVest|GrassySurge|WoodHammer,GrassyGlide,HighHorsepower,FakeOut|||F|||50|,,,,,Fire]Sneasler||FocusSash|Unburden|CloseCombat,DireClaw,Coaching,FakeOut|||M|||50|,,,,,Ghost]Dragonite||LoadedDice|Multiscale|ScaleShot,Tailwind,Haze,Protect|||F|||50|,,,,,Fairy]Volcarona||Leftovers|FlameBody|Flamethrower,TeraBlast,QuiverDance,Protect|||M|||50|,,,,,Fairy
|showteam|p2|Dragapult||ChoiceBand|ClearBody|DragonDarts,PhantomForce,Uturn,Outrage|||F|||50|,,,,,Dragon]Sneasler||PsychicSeed|Unburden|DireClaw,CloseCombat,Protect,ThroatChop|||M|||50|,,,,,Dark]Indeedee||FocusSash|PsychicSurge|ExpandingForce,Imprison,TeraBlast,TrickRoom|||M|||50|,,,,,Fighting]Incineroar||SafetyGoggles|Intimidate|FakeOut,FlareBlitz,KnockOff,PartingShot|||M|||50|,,,,,Bug]Typhlosion-Hisui||ChoiceSpecs|Blaze|Eruption,HeatWave,ShadowBall,Overheat|||F|||50|,,,,,Fire]Whimsicott||CovertCloak|Prankster|Moonblast,Protect,Tailwind,SunnyDay|||F|||50|,,,,,Steel
|inactive|Battle timer is ON: inactive players will automatically lose when time's up. (requested by klaushima)
|inactive|rodjilius also wants the timer to be on.
|inactive|klaushima has 60 seconds left.
|inactive|klaushima has 30 seconds left.
|inactive|klaushima has 20 seconds left.
|inactive|klaushima has 15 seconds left.
|inactive|klaushima has 10 seconds left.
|
|t:|1757160023
|teamsize|p1|4
|teamsize|p2|4
|start
|switch|p1a: Electabuzz|Electabuzz, L50, M|100/100
|switch|p1b: Gholdengo|Gholdengo, L50|100/100
|switch|p2a: Incineroar|Incineroar, L50, M|100/100
|switch|p2b: Dragapult|Dragapult, L50, F|100/100
|-ability|p2a: Incineroar|Intimidate|boost
|-unboost|p1a: Electabuzz|atk|1
|-unboost|p1b: Gholdengo|atk|1
|turn|1
|inactive|rodjilius has 30 seconds left.
|
|t:|1757160054
|switch|p2b: Whimsicott|Whimsicott, L50, F|100/100
|move|p1b: Gholdengo|Nasty Plot|p1b: Gholdengo
|-boost|p1b: Gholdengo|spa|2
|move|p1a: Electabuzz|Taunt|p2a: Incineroar
|-start|p2a: Incineroar|move: Taunt
|move|p2a: Incineroar|Knock Off|p1a: Electabuzz
|-damage|p1a: Electabuzz|66/100
|-enditem|p1a: Electabuzz|Eviolite|[from] move: Knock Off|[of] p2a: Incineroar
|
|upkeep
|turn|2
|inactive|klaushima has 30 seconds left.
|inactive|klaushima has 20 seconds left.
|
|t:|1757160089
|move|p2b: Whimsicott|Protect|p2b: Whimsicott
|-singleturn|p2b: Whimsicott|Protect
|move|p1a: Electabuzz|Follow Me|p1a: Electabuzz
|-singleturn|p1a: Electabuzz|move: Follow Me
|move|p1b: Gholdengo|Nasty Plot|p1b: Gholdengo
|-boost|p1b: Gholdengo|spa|2
|move|p2a: Incineroar|Flare Blitz|p1a: Electabuzz
|-damage|p1a: Electabuzz|2/100
|-damage|p2a: Incineroar|83/100|[from] Recoil
|
|upkeep
|turn|3
|inactive|klaushima has 30 seconds left.
|inactive|rodjilius has 30 seconds left.
|inactive|rodjilius has 20 seconds left.
|inactive|rodjilius has 15 seconds left.
|inactive|rodjilius has 10 seconds left.
|
|t:|1757160134
|move|p1b: Gholdengo|Protect|p1b: Gholdengo
|-singleturn|p1b: Gholdengo|Protect
|move|p2b: Whimsicott|Sunny Day|p2b: Whimsicott
|-weather|SunnyDay
|move|p1a: Electabuzz|Thunderbolt|p2a: Incineroar
|-damage|p2a: Incineroar|55/100
|move|p2a: Incineroar|Knock Off|p1b: Gholdengo
|-activate|p1b: Gholdengo|move: Protect
|
|-weather|SunnyDay|[upkeep]
|-end|p2a: Incineroar|move: Taunt
|upkeep
|turn|4
|inactive|klaushima has 30 seconds left.
|
|t:|1757160163
|move|p1a: Electabuzz|Follow Me|p1a: Electabuzz
|-singleturn|p1a: Electabuzz|move: Follow Me
|move|p2b: Whimsicott|Moonblast|p1a: Electabuzz
|-damage|p1a: Electabuzz|0 fnt
|faint|p1a: Electabuzz
|move|p1b: Gholdengo|Make It Rain|p2b: Whimsicott|[spread] p2a,p2b
|-resisted|p2a: Incineroar
|-supereffective|p2b: Whimsicott
|-damage|p2a: Incineroar|0 fnt
|-damage|p2b: Whimsicott|0 fnt
|-unboost|p1b: Gholdengo|spa|1
|faint|p2a: Incineroar
|faint|p2b: Whimsicott
|
|-weather|SunnyDay|[upkeep]
|upkeep
|
|t:|1757160180
|switch|p2b: Dragapult|Dragapult, L50, F|100/100
|switch|p1a: Volcarona|Volcarona, L50, M|100/100
|switch|p2a: Typhlosion|Typhlosion-Hisui, L50, F|100/100
|turn|5
|inactive|klaushima has 30 seconds left.
|inactive|klaushima has 20 seconds left.
|inactive|klaushima has 15 seconds left.
|
|t:|1757160222
|-terastallize|p2a: Typhlosion|Fire
|move|p1b: Gholdengo|Protect|p1b: Gholdengo
|-singleturn|p1b: Gholdengo|Protect
|move|p2b: Dragapult|Dragon Darts|p1a: Volcarona
|-damage|p1a: Volcarona|50/100
|-anim|p2b: Dragapult|Dragon Darts|p1a: Volcarona
|-crit|p1a: Volcarona
|-damage|p1a: Volcarona|0 fnt
|faint|p1a: Volcarona
|move|p2a: Typhlosion|Eruption|p1b: Gholdengo
|-activate|p1b: Gholdengo|move: Protect
|
|-weather|SunnyDay|[upkeep]
|upkeep
|
|t:|1757160232
|switch|p1a: Sneasler|Sneasler, L50, M|100/100
|turn|6
|
|t:|1757160248
|move|p1a: Sneasler|Fake Out|p2a: Typhlosion
|-damage|p2a: Typhlosion|81/100
|move|p2b: Dragapult|Dragon Darts|p1a: Sneasler
|-damage|p1a: Sneasler|37/100
|-anim|p2b: Dragapult|Dragon Darts|p1b: Gholdengo
|-resisted|p1b: Gholdengo
|-damage|p1b: Gholdengo|82/100
|cant|p2a: Typhlosion|flinch
|move|p1b: Gholdengo|Make It Rain|p2a: Typhlosion|[spread] p2a,p2b
|-resisted|p2a: Typhlosion
|-damage|p2a: Typhlosion|0 fnt
|-damage|p2b: Dragapult|0 fnt
|-unboost|p1b: Gholdengo|spa|1
|faint|p2a: Typhlosion
|faint|p2b: Dragapult
|
|win|klaushima
|inactive|klaushima has 30 seconds to confirm battle start!
|inactive|rodjilius has 30 seconds to confirm battle start!
||rodjilius is ready for game 2.
||klaushima is ready for game 2.
|uhtml|next|Next: Game 2 of 3
