|badge|p2|silver|gen9ou|30-6
|uhtml|medal-msg|Curious what those medals under the avatar are? PS now has Ladder Seasons! For more information, check out the thread on Smogon.
|j|☆toobadforalt
|j|☆JackRG1
|html|toobadforaltJackRG1    
|uhtml|bestof|Game 3 of a best-of-3
|t:|1757786088
|gametype|doubles
|player|p1|toobadforalt|2|1226
|player|p2|JackRG1|dawn-gen4pt|1268
|gen|9
|tier|[Gen 9] VGC 2025 Reg H (Bo3)
|rated|
|rule|Species Clause: Limit one of each Pokémon
|rule|Item Clause: Limit 1 of each item
|clearpoke
|poke|p1|Dragapult, L50, M|
|poke|p1|Magmar, L50, M|
|poke|p1|Rillaboom, L50, F|
|poke|p1|Kingambit, L50, M|
|poke|p1|Sneasler, L50, M|
|poke|p1|Milotic, L50, M|
|poke|p2|Tyranitar, L50, F|
|poke|p2|Excadrill, L50, F|
|poke|p2|Gastrodon-East, L50, F|
|poke|p2|Grimmsnarl, L50, M|
|poke|p2|Corviknight, L50, F|
|poke|p2|Glimmora, L50, F|
|teampreview|4
|showteam|p1|Dragapult||ChoiceBand|ClearBody|DragonDarts,Uturn,PhantomForce,TeraBlast|||M|||50|,,,,,Ghost]Magmar||Eviolite|VitalSpirit|FollowMe,Overheat,Taunt,WillOWisp|||M|||50|,,,,,Ghost]Rillaboom||AssaultVest|GrassySurge|FakeOut,WoodHammer,GrassyGlide,HighHorsepower|||F|||50|,,,,,Fire]Kingambit||SafetyGoggles|Defiant|SwordsDance,KowtowCleave,SuckerPunch,Protect|||M|||50|,,,,,Flying]Sneasler||FocusSash|Unburden|FakeOut,DireClaw,CloseCombat,Protect|||M|||50|,,,,,Stellar]Milotic||Leftovers|Competitive|Scald,IcyWind,Haze,Protect|||M|||50|,,,,,Grass
|showteam|p2|Tyranitar||AssaultVest|SandStream|RockSlide,KnockOff,TeraBlast,LowKick|||F|||50|,,,,,Flying]Excadrill||FocusSash|SandRush|Earthquake,HighHorsepower,IronHead,Protect|||F|||50|,,,,,Ground]Gastrodon-East||Leftovers|StormDrain|EarthPower,HydroPump,ClearSmog,Protect|||F|||50|,,,,,Poison]Grimmsnarl||LightClay|Prankster|SpiritBreak,Reflect,LightScreen,Taunt|||M|||50|,,,,,Ghost]Corviknight||SafetyGoggles|MirrorArmor|BraveBird,PowerTrip,BulkUp,Roost|||F|||50|,,,,,Ground]Glimmora||ChoiceScarf|ToxicDebris|EnergyBall,PowerGem,EarthPower,SludgeBomb|||F|||50|,,,,,Grass
|inactive|Battle timer is ON: inactive players will automatically lose when time's up. (requested by JackRG1)
|
|t:|1757786107
|teamsize|p1|4
|teamsize|p2|4
|start
|switch|p1a: Dragapult|Dragapult, L50, M|100/100
|switch|p1b: Kingambit|Kingambit, L50, M|100/100
|switch|p2a: Grimmsnarl|Grimmsnarl, L50, M|100/100
|switch|p2b: Corviknight|Corviknight, L50, F|100/100
|turn|1
|inactive|toobadforalt has 30 seconds left.
|
|t:|1757786136
|move|p2a: Grimmsnarl|Reflect|p2a: Grimmsnarl
|-sidestart|p2: JackRG1|Reflect
|move|p1a: Dragapult|U-turn|p2a: Grimmsnarl
|-damage|p2a: Grimmsnarl|74/100
|
|t:|1757786140
|switch|p1a: Sneasler|Sneasler, L50, M|100/100|[from] U-turn
|move|p2b: Corviknight|Bulk Up|p2b: Corviknight
|-boost|p2b: Corviknight|atk|1
|-boost|p2b: Corviknight|def|1
|move|p1b: Kingambit|Swords Dance|p1b: Kingambit
|-boost|p1b: Kingambit|atk|2
|
|upkeep
|turn|2
|inactive|JackRG1 has 30 seconds left.
|
|t:|1757786168
|switch|p2a: Excadrill|Excadrill, L50, F|100/100
|move|p1a: Sneasler|Fake Out|p2b: Corviknight
|-resisted|p2b: Corviknight
|-damage|p2b: Corviknight|98/100
|cant|p2b: Corviknight|flinch
|move|p1b: Kingambit|Swords Dance|p1b: Kingambit
|-boost|p1b: Kingambit|atk|2
|
|upkeep
|turn|3
|inactive|toobadforalt has 30 seconds left.
|
|t:|1757786193
|-terastallize|p1b: Kingambit|Flying
|move|p1a: Sneasler|Close Combat|p2b: Corviknight
|-damage|p2b: Corviknight|77/100
|-unboost|p1a: Sneasler|def|1
|-unboost|p1a: Sneasler|spd|1
|move|p2a: Excadrill|Earthquake|p1a: Sneasler|[spread] p1a
|-immune|p2b: Corviknight
|-immune|p1b: Kingambit
|-supereffective|p1a: Sneasler
|-enditem|p1a: Sneasler|Focus Sash
|-damage|p1a: Sneasler|1/100
|move|p2b: Corviknight|Bulk Up|p2b: Corviknight
|-boost|p2b: Corviknight|atk|1
|-boost|p2b: Corviknight|def|1
|move|p1b: Kingambit|Kowtow Cleave|p2b: Corviknight
|-damage|p2b: Corviknight|40/100
|
|upkeep
|turn|4
|inactive|toobadforalt has 30 seconds left.
|
|t:|1757786222
|move|p1a: Sneasler|Close Combat|p2a: Excadrill
|-supereffective|p2a: Excadrill
|-enditem|p2a: Excadrill|Focus Sash
|-damage|p2a: Excadrill|1/100
|-unboost|p1a: Sneasler|def|1
|-unboost|p1a: Sneasler|spd|1
|move|p2a: Excadrill|Earthquake|p1b: Kingambit|[spread] p1a
|-immune|p2b: Corviknight
|-immune|p1b: Kingambit
|-supereffective|p1a: Sneasler
|-damage|p1a: Sneasler|0 fnt
|faint|p1a: Sneasler
|move|p2b: Corviknight|Roost|p2b: Corviknight
|-heal|p2b: Corviknight|90/100
|-singleturn|p2b: Corviknight|move: Roost
|move|p1b: Kingambit|Kowtow Cleave|p2b: Corviknight
|-damage|p2b: Corviknight|55/100
|
|upkeep
|
|t:|1757786230
|switch|p1a: Dragapult|Dragapult, L50, M|100/100
|turn|5
|
|t:|1757786239
|move|p1a: Dragapult|Dragon Darts|p2a: Excadrill
|-resisted|p2a: Excadrill
|-damage|p2a: Excadrill|0 fnt
|-anim|p1a: Dragapult|Dragon Darts|p2b: Corviknight
|-resisted|p2b: Corviknight
|-damage|p2b: Corviknight|50/100
|faint|p2a: Excadrill
|move|p2b: Corviknight|Bulk Up|p2b: Corviknight
|-boost|p2b: Corviknight|atk|1
|-boost|p2b: Corviknight|def|1
|move|p1b: Kingambit|Kowtow Cleave|p2b: Corviknight
|-damage|p2b: Corviknight|18/100
|
|upkeep
|
|t:|1757786247
|switch|p2a: Tyranitar|Tyranitar, L50, F|100/100
|-weather|Sandstorm|[from] ability: Sand Stream|[of] p2a: Tyranitar
|turn|6
|
|t:|1757786261
|move|p1b: Kingambit|Protect|p1b: Kingambit
|-singleturn|p1b: Kingambit|Protect
|move|p1a: Dragapult|Dragon Darts|p2b: Corviknight
|-resisted|p2b: Corviknight
|-damage|p2b: Corviknight|14/100
|-anim|p1a: Dragapult|Dragon Darts|p2a: Tyranitar
|-damage|p2a: Tyranitar|75/100
|move|p2a: Tyranitar|Rock Slide|p1b: Kingambit|[spread] p1a
|-activate|p1b: Kingambit|move: Protect
|-damage|p1a: Dragapult|54/100
|move|p2b: Corviknight|Roost|p2b: Corviknight
|-heal|p2b: Corviknight|64/100
|-singleturn|p2b: Corviknight|move: Roost
|
|-weather|Sandstorm|[upkeep]
|-damage|p1a: Dragapult|48/100|[from] Sandstorm
|upkeep
|turn|7
|
|t:|1757786278
|move|p1b: Kingambit|Sucker Punch|p2a: Tyranitar
|-resisted|p2a: Tyranitar
|-crit|p2a: Tyranitar
|-damage|p2a: Tyranitar|0 fnt
|faint|p2a: Tyranitar
|move|p1a: Dragapult|Dragon Darts|p2b: Corviknight
|-resisted|p2b: Corviknight
|-damage|p2b: Corviknight|60/100
|-anim|p1a: Dragapult|Dragon Darts|p2b: Corviknight
|-resisted|p2b: Corviknight
|-damage|p2b: Corviknight|56/100
|move|p2b: Corviknight|Power Trip|p1b: Kingambit
|-damage|p1b: Kingambit|32/100
|
|-weather|Sandstorm|[upkeep]
|-damage|p1a: Dragapult|42/100|[from] Sandstorm
|upkeep
|
|t:|1757786282
|switch|p2a: Grimmsnarl|Grimmsnarl, L50, M|74/100
|turn|8
|
|t:|1757786302
|move|p2a: Grimmsnarl|Taunt|p1b: Kingambit
|-start|p1b: Kingambit|move: Taunt
|move|p1a: Dragapult|Dragon Darts|p2b: Corviknight
|-resisted|p2b: Corviknight
|-damage|p2b: Corviknight|52/100
|-anim|p1a: Dragapult|Dragon Darts|p2b: Corviknight
|-resisted|p2b: Corviknight
|-damage|p2b: Corviknight|48/100
|move|p2b: Corviknight|Roost|p2b: Corviknight
|-heal|p2b: Corviknight|98/100
|-singleturn|p2b: Corviknight|move: Roost
|move|p1b: Kingambit|Kowtow Cleave|p2b: Corviknight
|-damage|p2b: Corviknight|68/100
|
|-weather|Sandstorm|[upkeep]
|-damage|p1a: Dragapult|36/100|[from] Sandstorm
|-damage|p2a: Grimmsnarl|68/100|[from] Sandstorm
|-sideend|p2: JackRG1|Reflect
|upkeep
|turn|9
|inactive|toobadforalt has 30 seconds left.
|
|t:|1757786329
|switch|p1a: Rillaboom|Rillaboom, L50, F|100/100
|-fieldstart|move: Grassy Terrain|[from] ability: Grassy Surge|[of] p1a: Rillaboom
|move|p1b: Kingambit|Sucker Punch|p2b: Corviknight
|-damage|p2b: Corviknight|29/100
|move|p2a: Grimmsnarl|Reflect|p2a: Grimmsnarl
|-sidestart|p2: JackRG1|Reflect
|move|p2b: Corviknight|Power Trip|p1b: Kingambit
|-damage|p1b: Kingambit|0 fnt
|faint|p1b: Kingambit
|
|-weather|Sandstorm|[upkeep]
|-damage|p1a: Rillaboom|94/100|[from] Sandstorm
|-damage|p2a: Grimmsnarl|62/100|[from] Sandstorm
|-heal|p1a: Rillaboom|100/100|[from] Grassy Terrain
|-heal|p2a: Grimmsnarl|68/100|[from] Grassy Terrain
|upkeep
|
|t:|1757786335
|switch|p1b: Dragapult|Dragapult, L50, M|36/100
|turn|10
|
|t:|1757786347
|move|p1a: Rillaboom|Fake Out|p2b: Corviknight
|-resisted|p2b: Corviknight
|-damage|p2b: Corviknight|28/100
|move|p1b: Dragapult|Phantom Force||[still]
|-prepare|p1b: Dragapult|Phantom Force
|cant|p2b: Corviknight|flinch
|move|p2a: Grimmsnarl|Spirit Break|p1b: Dragapult|[miss]
|-miss|p2a: Grimmsnarl|p1b: Dragapult
|
|-weather|none
|-heal|p2a: Grimmsnarl|74/100|[from] Grassy Terrain
|upkeep
|turn|11
|
|t:|1757786360
|move|p1a: Rillaboom|Grassy Glide|p2b: Corviknight
|-resisted|p2b: Corviknight
|-damage|p2b: Corviknight|26/100
|move|p1b: Dragapult|Phantom Force|p2b: Corviknight|[from] lockedmove
|-crit|p2b: Corviknight
|-damage|p2b: Corviknight|0 fnt
|faint|p2b: Corviknight
|move|p2a: Grimmsnarl|Spirit Break|p1b: Dragapult
|-supereffective|p1b: Dragapult
|-damage|p1b: Dragapult|0 fnt
|faint|p1b: Dragapult
|
|-heal|p2a: Grimmsnarl|80/100|[from] Grassy Terrain
|upkeep
|turn|12
|-message|JackRG1 forfeited.
|
|win|toobadforalt
|raw|toobadforalt's rating: 1226 → 1254(+28 for winning)
|raw|JackRG1's rating: 1268 → 1240(-28 for losing)
|l|☆JackRG1
|player|p2|
