|j|☆Caloteiros VGC
|j|☆SlimSanity
|html|Caloteiros VGCSlimSanity    
|uhtml|bestof|Game 2 of a best-of-3
|t:|1785813967
|gametype|doubles
|player|p1|Caloteiros VGC|morty|1138
|player|p2|SlimSanity|170|1075
|gen|9
|tier|[Gen 9 Champions] VGC 2026 Reg M-B (Bo3)
|rated|
|rule|Species Clause: Limit one of each Pokémon
|rule|Item Clause: Limit 1 of each item
|clearpoke
|poke|p1|Raichu, L50, M|
|poke|p1|Sinistcha, L50|
|poke|p1|Incineroar, L50, M|
|poke|p1|Sylveon, L50, M|
|poke|p1|Hydreigon, L50, M|
|poke|p1|Metagross, L50|
|poke|p2|Scizor, L50, M|
|poke|p2|Ceruledge, L50, M|
|poke|p2|Whimsicott, L50, M, shiny|
|poke|p2|Gliscor, L50, F, shiny|
|poke|p2|Tsareena, L50, F, shiny|
|poke|p2|Primarina, L50, M, shiny|
|teampreview|4
|showteam|p1|Raichu||RaichuniteY|LightningRod|ZapCannon,FocusBlast,FakeOut,Protect|Timid||M|||50|]Sinistcha||SitrusBerry|Hospitality|MatchaGotcha,RagePowder,TrickRoom,Protect|Bold|||||50|]Incineroar||ShucaBerry|Intimidate|FlareBlitz,DarkestLariat,PartingShot,FakeOut|Careful||M|||50|]Sylveon||FairyFeather|Pixilate|HyperVoice,Moonblast,CalmMind,Protect|Modest||M|||50|]Hydreigon||ChoiceScarf|Levitate|DracoMeteor,DarkPulse,EarthPower,Snarl|Modest||M|||50|]Metagross||Metagrossite|ClearBody|HardPress,BodyPress,PsychicFangs,Protect|Adamant|||||50|
|showteam|p2|Scizor||Scizorite|Technician|BugBite,BulletPunch,SwordsDance,Protect|Adamant||M|||50|]Ceruledge||LifeOrb|FlashFire|BitterBlade,SwordsDance,Poltergeist,Protect|Adamant||M|||50|]Whimsicott||FocusSash|Prankster|Tailwind,Taunt,Encore,Moonblast|Timid||M|||50|]Gliscor||Leftovers|HyperCutter|Tailwind,RockSlide,HighHorsepower,Protect|Careful||F|||50|]Tsareena||MuscleBand|QueenlyMajesty|TropKick,TripleAxel,Uturn,Protect|Adamant||F|||50|]Primarina||MysticWater|LiquidVoice|IceBeam,HyperVoice,Moonblast,Protect|Modest||M|||50|
|inactive|Battle timer is ON: inactive players will automatically lose when time's up. (requested by Caloteiros VGC)
|inactive|SlimSanity also wants the timer to be on.
|
|t:|1785813984
|teamsize|p1|4
|teamsize|p2|4
|start
|switch|p1a: Metagross|Metagross, L50|100/100
|switch|p1b: Incineroar|Incineroar, L50, M|100/100
|switch|p2a: Thighs MCgee|Tsareena, L50, F, shiny|100/100
|switch|p2b: Blue Lobster|Gliscor, L50, F, shiny|100/100
|-ability|p1b: Incineroar|Intimidate|boost
|-unboost|p2a: Thighs MCgee|atk|1
|-fail|p2b: Blue Lobster|unboost|Attack|[from] ability: Hyper Cutter|[of] p2b: Blue Lobster
|turn|1
|
|t:|1785814006
|detailschange|p1a: Metagross|Metagross-Mega, L50
|-mega|p1a: Metagross|Metagross|Metagrossite
|move|p1a: Metagross|Psychic Fangs|p2a: Thighs MCgee
|-damage|p2a: Thighs MCgee|20/100y
|move|p2b: Blue Lobster|Tailwind|p2b: Blue Lobster
|-sidestart|p2: SlimSanity|move: Tailwind
|move|p2a: Thighs MCgee|U-turn|p1b: Incineroar
|-damage|p1b: Incineroar|83/100
|
|t:|1785814015
|switch|p2a: TheGrillMaster|Ceruledge, L50, M|100/100|[from] U-turn
|move|p1b: Incineroar|Parting Shot|p2a: TheGrillMaster
|-unboost|p2a: TheGrillMaster|atk|1
|-unboost|p2a: TheGrillMaster|spa|1
|
|t:|1785814022
|switch|p1b: Sinistcha|Sinistcha, L50|100/100|[from] Parting Shot
|
|upkeep
|turn|2
|
|t:|1785814035
|switch|p1b: Incineroar|Incineroar, L50, M|83/100
|-ability|p1b: Incineroar|Intimidate|boost
|-unboost|p2a: TheGrillMaster|atk|1
|-fail|p2b: Blue Lobster|unboost|Attack|[from] ability: Hyper Cutter|[of] p2b: Blue Lobster
|move|p2a: TheGrillMaster|Swords Dance|p2a: TheGrillMaster
|-boost|p2a: TheGrillMaster|atk|2
|move|p2b: Blue Lobster|High Horsepower|p1a: Metagross
|-supereffective|p1a: Metagross|1
|-damage|p1a: Metagross|56/100
|move|p1a: Metagross|Psychic Fangs|p2a: TheGrillMaster
|-damage|p2a: TheGrillMaster|1/100
|
|upkeep
|turn|3
|inactive|Caloteiros VGC has 30 seconds left.
|
|t:|1785814067
|switch|p1a: Sinistcha|Sinistcha, L50|100/100
|-heal|p1b: Incineroar|100/100|[from] ability: Hospitality|[of] p1a: Sinistcha
|move|p2a: TheGrillMaster|Bitter Blade|p1a: Sinistcha
|-supereffective|p1a: Sinistcha|1
|-damage|p1a: Sinistcha|0 fnt
|-heal|p2a: TheGrillMaster|59/100|[from] drain|[of] p1a: Sinistcha
|faint|p1a: Sinistcha
|-damage|p2a: TheGrillMaster|49/100|[from] item: Life Orb
|move|p2b: Blue Lobster|High Horsepower|p1b: Incineroar
|-supereffective|p1b: Incineroar|1
|-enditem|p1b: Incineroar|Shuca Berry|[eat]
|-enditem|p1b: Incineroar|Shuca Berry|[weaken]
|-damage|p1b: Incineroar|66/100
|move|p1b: Incineroar|Darkest Lariat|p2a: TheGrillMaster
|-supereffective|p2a: TheGrillMaster|1
|-damage|p2a: TheGrillMaster|0 fnt
|faint|p2a: TheGrillMaster
|
|upkeep
|
|t:|1785814083
|switch|p2a: Thighs MCgee|Tsareena, L50, F, shiny|20/100y
|switch|p1a: Sylveon|Sylveon, L50, M|100/100
|turn|4
|
|t:|1785814095
|move|p2b: Blue Lobster|High Horsepower|p1b: Incineroar
|-supereffective|p1b: Incineroar|1
|-damage|p1b: Incineroar|2/100
|move|p2a: Thighs MCgee|Trop Kick|p1b: Incineroar
|-resisted|p1b: Incineroar|1
|-damage|p1b: Incineroar|0 fnt
|faint|p1b: Incineroar
|move|p1a: Sylveon|Calm Mind|p1a: Sylveon
|-boost|p1a: Sylveon|spa|1
|-boost|p1a: Sylveon|spd|1
|
|-sideend|p2: SlimSanity|move: Tailwind
|upkeep
|
|t:|1785814100
|switch|p1b: Metagross|Metagross-Mega, L50|56/100
|turn|5
|
|t:|1785814122
|move|p2a: Thighs MCgee|Protect|p2a: Thighs MCgee
|-singleturn|p2a: Thighs MCgee|Protect
|move|p1b: Metagross|Psychic Fangs|p2b: Blue Lobster
|-crit|p2b: Blue Lobster
|-damage|p2b: Blue Lobster|20/100y
|move|p2b: Blue Lobster|Tailwind|p2b: Blue Lobster
|-sidestart|p2: SlimSanity|move: Tailwind
|move|p1a: Sylveon|Hyper Voice|p2b: Blue Lobster|[spread] p2b
|-activate|p2a: Thighs MCgee|move: Protect
|-damage|p2b: Blue Lobster|0 fnt
|faint|p2b: Blue Lobster
|
|upkeep
|
|t:|1785814130
|switch|p2b: Red Lobster|Scizor, L50, M|100/100
|turn|6
|inactive|Caloteiros VGC has 30 seconds left.
|
|t:|1785814157
|detailschange|p2b: Red Lobster|Scizor-Mega, L50, M
|-mega|p2b: Red Lobster|Scizor|Scizorite
|move|p1b: Metagross|Protect|p1b: Metagross
|-singleturn|p1b: Metagross|Protect
|move|p2b: Red Lobster|Swords Dance|p2b: Red Lobster
|-boost|p2b: Red Lobster|atk|2
|move|p2a: Thighs MCgee|Trop Kick|p1b: Metagross
|-activate|p1b: Metagross|move: Protect
|move|p1a: Sylveon|Hyper Voice|p2a: Thighs MCgee|[spread] p2a,p2b
|-resisted|p2b: Red Lobster|1
|-damage|p2a: Thighs MCgee|0 fnt
|-damage|p2b: Red Lobster|63/100
|faint|p2a: Thighs MCgee
|
|upkeep
|turn|7
|
|t:|1785814174
|move|p1b: Metagross|Protect|p1b: Metagross
|-singleturn|p1b: Metagross|Protect
|move|p2b: Red Lobster|Bug Bite|p1b: Metagross
|-activate|p1b: Metagross|move: Protect
|move|p1a: Sylveon|Hyper Voice|p2b: Red Lobster
|-resisted|p2b: Red Lobster|1
|-damage|p2b: Red Lobster|12/100
|
|upkeep
|turn|8
|
|t:|1785814180
|move|p2b: Red Lobster|Bug Bite|p1b: Metagross
|-damage|p1b: Metagross|0 fnt
|faint|p1b: Metagross
|move|p1a: Sylveon|Hyper Voice|p2b: Red Lobster
|-resisted|p2b: Red Lobster|1
|-damage|p2b: Red Lobster|0 fnt
|faint|p2b: Red Lobster
|
|win|Caloteiros VGC
||SlimSanity is ready for game 3.
||Caloteiros VGC is ready for game 3.
|uhtml|next|Next: Game 3 of 3
