|j|☆squigulousq
|j|☆Just zL
|html|squigulousqJust zL    
|uhtml|bestof|Game 2 of a best-of-3
|t:|1756318753
|gametype|doubles
|player|p1|squigulousq|101|1110
|player|p2|Just zL|cheren|1099
|gen|9
|tier|[Gen 9] VGC 2025 Reg H (Bo3)
|rated|
|rule|Species Clause: Limit one of each Pokémon
|rule|Item Clause: Limit 1 of each item
|clearpoke
|poke|p1|Gholdengo, L50|
|poke|p1|Incineroar, L50, F|
|poke|p1|Amoonguss, L50, M|
|poke|p1|Archaludon, L50, F|
|poke|p1|Pelipper, L50, M|
|poke|p1|Basculegion, L50, M|
|poke|p2|Flamigo, L50, F|
|poke|p2|Clefable, L50, M|
|poke|p2|Gholdengo, L50|
|poke|p2|Incineroar, L50, F|
|poke|p2|Ursaluna-Bloodmoon, L50, M|
|poke|p2|Farigiraf, L50, M|
|teampreview|4
|showteam|p1|Gholdengo||LifeOrb|GoodasGold|MakeItRain,ShadowBall,NastyPlot,Protect||||||50|,,,,,Water]Incineroar||RockyHelmet|Intimidate|Taunt,KnockOff,PartingShot,FakeOut|||F|||50|,,,,,Ghost]Amoonguss||SitrusBerry|Regenerator|PollenPuff,Spore,RagePowder,Protect|||M|||50|,,,,,Water]Archaludon||AssaultVest|Stamina|DragonPulse,FlashCannon,ElectroShot,BodyPress|||F|||50|,,,,,Bug]Pelipper||FocusSash|Drizzle|WeatherBall,Hurricane,Tailwind,Protect|||M|||50|,,,,,Ground]Basculegion||ChoiceBand|SwiftSwim|WaveCrash,LastRespects,FlipTurn,AquaJet|||M|||50|,,,,,Water
|showteam|p2|Flamigo||FocusSash|Scrappy|CloseCombat,DualWingbeat,WideGuard,Detect|||F|||50|,,,,,Stellar]Clefable||SitrusBerry|Unaware|FollowMe,Moonblast,MistyTerrain,Protect|||M|||50|,,,,,Water]Gholdengo||MetalCoat|GoodasGold|MakeItRain,ShadowBall,NastyPlot,Protect||||||50|,,,,,Dragon]Incineroar||AssaultVest|Intimidate|FlareBlitz,KnockOff,FakeOut,Uturn|||F|||50|,,,,,Grass]Ursaluna-Bloodmoon||LifeOrb|MindsEye|HyperVoice,BloodMoon,EarthPower,Protect|||M|||50|,,,,,Normal]Farigiraf||ThroatSpray|ArmorTail|HyperVoice,Psychic,TrickRoom,Protect|||M|||50|,,,,,Water
|inactive|Battle timer is ON: inactive players will automatically lose when time's up. (requested by Just zL)
|inactive|Just zL has 60 seconds left.
|inactive|Just zL has 30 seconds left.
|
|t:|1756318817
|teamsize|p1|4
|teamsize|p2|4
|start
|switch|p1a: Basculegion|Basculegion, L50, M|100/100
|switch|p1b: Pelipper|Pelipper, L50, M|100/100
|switch|p2a: Clefable|Clefable, L50, M|100/100
|switch|p2b: Flamigo|Flamigo, L50, F|100/100
|-weather|RainDance|[from] ability: Drizzle|[of] p1b: Pelipper
|turn|1
|inactive|Just zL has 30 seconds left.
|inactive|Just zL has 20 seconds left.
|
|t:|1756318854
|-terastallize|p2a: Clefable|Water
|move|p2a: Clefable|Follow Me|p2a: Clefable
|-singleturn|p2a: Clefable|move: Follow Me
|move|p1a: Basculegion|Flip Turn|p2a: Clefable
|-resisted|p2a: Clefable
|-crit|p2a: Clefable
|-damage|p2a: Clefable|55/100
|
|t:|1756318864
|switch|p1a: Incineroar|Incineroar, L50, F|100/100|[from] Flip Turn
|-ability|p1a: Incineroar|Intimidate|boost
|-unboost|p2a: Clefable|atk|1
|-fail|p2b: Flamigo|unboost|Attack|[from] ability: Scrappy|[of] p2b: Flamigo
|move|p2b: Flamigo|Close Combat|p1a: Incineroar
|-supereffective|p1a: Incineroar
|-damage|p1a: Incineroar|0 fnt
|-unboost|p2b: Flamigo|def|1
|-unboost|p2b: Flamigo|spd|1
|-damage|p2b: Flamigo|84/100|[from] item: Rocky Helmet|[of] p1a: Incineroar
|faint|p1a: Incineroar
|move|p1b: Pelipper|Tailwind|p1b: Pelipper
|-sidestart|p1: squigulousq|move: Tailwind
|
|-weather|RainDance|[upkeep]
|upkeep
|
|t:|1756318879
|switch|p1a: Gholdengo|Gholdengo, L50|100/100
|turn|2
|inactive|Just zL has 30 seconds left.
|
|t:|1756318910
|switch|p2b: Incineroar|Incineroar, L50, F|100/100
|-ability|p2b: Incineroar|Intimidate|boost
|-unboost|p1a: Gholdengo|atk|1
|-unboost|p1b: Pelipper|atk|1
|move|p2a: Clefable|Protect|p2a: Clefable
|-singleturn|p2a: Clefable|Protect
|move|p1a: Gholdengo|Make It Rain|p2b: Incineroar|[spread] p2b
|-activate|p2a: Clefable|move: Protect
|-resisted|p2b: Incineroar
|-damage|p2b: Incineroar|83/100
|-unboost|p1a: Gholdengo|spa|1
|-damage|p1a: Gholdengo|91/100|[from] item: Life Orb
|move|p1b: Pelipper|Hurricane|p2a: Clefable
|-activate|p2a: Clefable|move: Protect
|
|-weather|RainDance|[upkeep]
|upkeep
|turn|3
|inactive|squigulousq has 30 seconds left.
|inactive|Just zL has 30 seconds left.
|inactive|squigulousq has 20 seconds left.
|
|t:|1756318946
|-terastallize|p1a: Gholdengo|Water
|move|p2a: Clefable|Follow Me|p2a: Clefable
|-singleturn|p2a: Clefable|move: Follow Me
|move|p1a: Gholdengo|Nasty Plot|p1a: Gholdengo
|-boost|p1a: Gholdengo|spa|2
|move|p1b: Pelipper|Hurricane|p2a: Clefable
|-damage|p2a: Clefable|9/100
|-enditem|p2a: Clefable|Sitrus Berry|[eat]
|-heal|p2a: Clefable|34/100|[from] item: Sitrus Berry
|move|p2b: Incineroar|Knock Off|p1a: Gholdengo
|-damage|p1a: Gholdengo|39/100
|-enditem|p1a: Gholdengo|Life Orb|[from] move: Knock Off|[of] p2b: Incineroar
|
|-weather|RainDance|[upkeep]
|upkeep
|turn|4
|
|t:|1756318968
|move|p2a: Clefable|Follow Me|p2a: Clefable
|-singleturn|p2a: Clefable|move: Follow Me
|move|p1a: Gholdengo|Make It Rain|p2a: Clefable|[spread] p2a,p2b
|-resisted|p2a: Clefable
|-resisted|p2b: Incineroar
|-damage|p2a: Clefable|15/100
|-damage|p2b: Incineroar|61/100
|-unboost|p1a: Gholdengo|spa|1
|move|p1b: Pelipper|Weather Ball|p2a: Clefable
|-resisted|p2a: Clefable
|-crit|p2a: Clefable
|-damage|p2a: Clefable|0 fnt
|faint|p2a: Clefable
|move|p2b: Incineroar|U-turn|p1b: Pelipper
|-resisted|p1b: Pelipper
|-damage|p1b: Pelipper|87/100
|
|t:|1756318989
|switch|p2b: Flamigo|Flamigo, L50, F|84/100|[from] U-turn
|
|-weather|RainDance|[upkeep]
|-sideend|p1: squigulousq|move: Tailwind
|upkeep
|inactive|Just zL has 30 seconds left.
|
|t:|1756319022
|switch|p2a: Gholdengo|Gholdengo, L50|100/100
|turn|5
|
|t:|1756319042
|switch|p1b: Basculegion|Basculegion, L50, M|100/100
|move|p2b: Flamigo|Close Combat|p1a: Gholdengo
|-damage|p1a: Gholdengo|0 fnt
|-unboost|p2b: Flamigo|def|1
|-unboost|p2b: Flamigo|spd|1
|faint|p1a: Gholdengo
|move|p2a: Gholdengo|Shadow Ball|p1b: Basculegion
|-supereffective|p1b: Basculegion
|-crit|p1b: Basculegion
|-damage|p1b: Basculegion|0 fnt
|faint|p1b: Basculegion
|
|-weather|none
|upkeep
|-message|squigulousq forfeited.
|
|win|Just zL
|raw|squigulousq's rating: 1110 → 1084(-26 for losing)
|raw|Just zL's rating: 1099 → 1125(+26 for winning)
|l|☆squigulousq
|player|p1|
