|j|☆seeyouatthetip
|j|☆LovelyLuna
|html|seeyouatthetipLovelyLuna    
|uhtml|bestof|Game 1 of a best-of-3
|t:|1756241335
|gametype|doubles
|player|p1|seeyouatthetip|hiker-gen4|1200
|player|p2|LovelyLuna|#lameliarleo|1129
|gen|9
|tier|[Gen 9] VGC 2025 Reg H (Bo3)
|rated|
|rule|Species Clause: Limit one of each Pokémon
|rule|Item Clause: Limit 1 of each item
|clearpoke
|poke|p1|Amoonguss, L50, M|
|poke|p1|Incineroar, L50, M|
|poke|p1|Gholdengo, L50|
|poke|p1|Annihilape, L50, M|
|poke|p1|Kingambit, L50, F|
|poke|p1|Dragonite, L50, M|
|poke|p2|Sneasler, L50, M|
|poke|p2|Indeedee, L50, M|
|poke|p2|Incineroar, L50, F|
|poke|p2|Electabuzz, L50, M|
|poke|p2|Ursaluna-Bloodmoon, L50, M|
|poke|p2|Talonflame, L50, F|
|teampreview|4
|showteam|p1|Amoonguss||SitrusBerry|Regenerator|Spore,RagePowder,SludgeBomb,Protect|||M|||50|,,,,,Fire]Incineroar||SafetyGoggles|Intimidate|FlareBlitz,FakeOut,PartingShot,KnockOff|||M|||50|,,,,,Ghost]Gholdengo||LifeOrb|GoodasGold|MakeItRain,ShadowBall,NastyPlot,Protect||||||50|,,,,,Steel]Annihilape||FocusSash|Defiant|CloseCombat,RageFist,Coaching,FinalGambit|||M|||50|,,,,,Grass]Kingambit||AssaultVest|Defiant|KowtowCleave,SuckerPunch,IronHead,LowKick|||F|||50|,,,,,Dark]Dragonite||LoadedDice|Multiscale|ScaleShot,ExtremeSpeed,Haze,Protect|||M|||50|,,,,,Fairy
|showteam|p2|Sneasler||PsychicSeed|Unburden|DireClaw,ThroatChop,CloseCombat,Protect|||M|||50|,,,,,Dark]Indeedee||FocusSash|PsychicSurge|ExpandingForce,HelpingHand,TrickRoom,Protect|||M|||50|,,,,,Psychic]Incineroar||SafetyGoggles|Intimidate|FakeOut,FlareBlitz,KnockOff,PartingShot|||F|||50|,,,,,Ghost]Electabuzz||Eviolite|VitalSpirit|Electroweb,Taunt,Protect,FollowMe|||M|||50|,,,,,Dragon]Ursaluna-Bloodmoon||LifeOrb|MindsEye|BloodMoon,HyperVoice,EarthPower,Protect|||M|||50|,,,,,Normal]Talonflame||SharpBeak|GaleWings|BraveBird,FlareBlitz,Tailwind,Protect|||F|||50|,,,,,Fairy
|inactive|Battle timer is ON: inactive players will automatically lose when time's up. (requested by LovelyLuna)
|inactive|seeyouatthetip has 60 seconds left.
|inactive|LovelyLuna has 60 seconds left.
|inactive|LovelyLuna has 30 seconds left.
|inactive|LovelyLuna has 20 seconds left.
|inactive|LovelyLuna has 15 seconds left.
|
|t:|1756241414
|teamsize|p1|4
|teamsize|p2|4
|start
|switch|p1a: Gholdengo|Gholdengo, L50|100/100
|switch|p1b: Amoonguss|Amoonguss, L50, M|100/100
|switch|p2a: Sneasler|Sneasler, L50, M|100/100
|switch|p2b: Indeedee|Indeedee, L50, M|100/100
|-fieldstart|move: Psychic Terrain|[from] ability: Psychic Surge|[of] p2b: Indeedee
|-enditem|p2a: Sneasler|Psychic Seed
|-boost|p2a: Sneasler|spd|1|[from] item: Psychic Seed
|turn|1
|inactive|seeyouatthetip has 30 seconds left.
|inactive|LovelyLuna has 30 seconds left.
|inactive|LovelyLuna has 20 seconds left.
|
|t:|1756241452
|move|p1b: Amoonguss|Rage Powder|p1b: Amoonguss
|-singleturn|p1b: Amoonguss|move: Rage Powder
|move|p2a: Sneasler|Close Combat|p1b: Amoonguss
|-resisted|p1b: Amoonguss
|-damage|p1b: Amoonguss|73/100
|-unboost|p2a: Sneasler|def|1
|-unboost|p2a: Sneasler|spd|1
|move|p2b: Indeedee|Expanding Force|p1b: Amoonguss|[spread] p1a,p1b
|-resisted|p1a: Gholdengo
|-supereffective|p1b: Amoonguss
|-damage|p1a: Gholdengo|70/100
|-damage|p1b: Amoonguss|0 fnt
|faint|p1b: Amoonguss
|move|p1a: Gholdengo|Make It Rain|p2a: Sneasler|[spread] p2a,p2b
|-damage|p2a: Sneasler|22/100
|-damage|p2b: Indeedee|11/100
|-unboost|p1a: Gholdengo|spa|1
|-damage|p1a: Gholdengo|60/100|[from] item: Life Orb
|
|upkeep
|
|t:|1756241468
|switch|p1b: Incineroar|Incineroar, L50, M|100/100
|-ability|p1b: Incineroar|Intimidate|boost
|-unboost|p2a: Sneasler|atk|1
|-unboost|p2b: Indeedee|atk|1
|turn|2
|
|t:|1756241484
|-terastallize|p1b: Incineroar|Ghost
|move|p2b: Indeedee|Helping Hand|p2a: Sneasler
|-singleturn|p2a: Sneasler|Helping Hand|[of] p2b: Indeedee
|move|p1a: Gholdengo|Protect|p1a: Gholdengo
|-singleturn|p1a: Gholdengo|Protect
|move|p2a: Sneasler|Close Combat|p1b: Incineroar
|-immune|p1b: Incineroar
|move|p1b: Incineroar|Flare Blitz|p2a: Sneasler
|-damage|p2a: Sneasler|0 fnt
|faint|p2a: Sneasler
|-damage|p1b: Incineroar|95/100|[from] Recoil
|
|upkeep
|
|t:|1756241490
|switch|p2a: Incineroar|Incineroar, L50, F|100/100
|-ability|p2a: Incineroar|Intimidate|boost
|-unboost|p1a: Gholdengo|atk|1
|-unboost|p1b: Incineroar|atk|1
|turn|3
|inactive|seeyouatthetip has 30 seconds left.
|inactive|seeyouatthetip has 20 seconds left.
|
|t:|1756241528
|move|p2b: Indeedee|Expanding Force|p1b: Incineroar|[spread] p1a,p1b
|-resisted|p1a: Gholdengo
|-damage|p1a: Gholdengo|28/100
|-damage|p1b: Incineroar|43/100
|move|p1a: Gholdengo|Nasty Plot|p1a: Gholdengo
|-boost|p1a: Gholdengo|spa|2
|move|p1b: Incineroar|Knock Off|p2b: Indeedee
|-supereffective|p2b: Indeedee
|-crit|p2b: Indeedee
|-damage|p2b: Indeedee|0 fnt
|-enditem|p2b: Indeedee|Focus Sash|[from] move: Knock Off|[of] p1b: Incineroar
|faint|p2b: Indeedee
|move|p2a: Incineroar|Knock Off|p1a: Gholdengo
|-supereffective|p1a: Gholdengo
|-damage|p1a: Gholdengo|0 fnt
|-enditem|p1a: Gholdengo|Life Orb|[from] move: Knock Off|[of] p2a: Incineroar
|faint|p1a: Gholdengo
|
|upkeep
|
|t:|1756241542
|switch|p2b: Ursaluna|Ursaluna-Bloodmoon, L50, M|100/100
|switch|p1a: Dragonite|Dragonite, L50, M|100/100
|turn|4
|
|t:|1756241560
|move|p1a: Dragonite|Protect|p1a: Dragonite
|-singleturn|p1a: Dragonite|Protect
|move|p1b: Incineroar|Knock Off|p2b: Ursaluna
|-damage|p2b: Ursaluna|77/100
|-enditem|p2b: Ursaluna|Life Orb|[from] move: Knock Off|[of] p1b: Incineroar
|move|p2b: Ursaluna|Hyper Voice|p1b: Incineroar|[spread] p1b
|-activate|p1a: Dragonite|move: Protect
|-damage|p1b: Incineroar|3/100
|move|p2a: Incineroar|Knock Off|p1a: Dragonite
|-activate|p1a: Dragonite|move: Protect
|
|upkeep
|turn|5
|inactive|seeyouatthetip has 30 seconds left.
|
|t:|1756241589
|move|p2b: Ursaluna|Protect|p2b: Ursaluna
|-singleturn|p2b: Ursaluna|Protect
|move|p1a: Dragonite|Scale Shot|p2a: Incineroar
|-damage|p2a: Incineroar|86/100
|-damage|p2a: Incineroar|72/100
|-damage|p2a: Incineroar|57/100
|-damage|p2a: Incineroar|44/100
|-damage|p2a: Incineroar|29/100
|-hitcount|p2a: Incineroar|5
|-unboost|p1a: Dragonite|def|1
|-boost|p1a: Dragonite|spe|1
|move|p1b: Incineroar|Flare Blitz|p2a: Incineroar
|-resisted|p2a: Incineroar
|-damage|p2a: Incineroar|12/100
|-damage|p1b: Incineroar|0 fnt|[from] Recoil
|faint|p1b: Incineroar
|move|p2a: Incineroar|Knock Off|p1a: Dragonite
|-damage|p1a: Dragonite|64/100
|-enditem|p1a: Dragonite|Loaded Dice|[from] move: Knock Off|[of] p2a: Incineroar
|
|-fieldend|move: Psychic Terrain
|upkeep
|turn|6
|
|t:|1756241609
|move|p1a: Dragonite|Extreme Speed|p2a: Incineroar
|-damage|p2a: Incineroar|0 fnt
|faint|p2a: Incineroar
|move|p2b: Ursaluna|Blood Moon|p1a: Dragonite
|-damage|p1a: Dragonite|0 fnt
|faint|p1a: Dragonite
|
|win|LovelyLuna
||seeyouatthetip is ready for game 2.
||LovelyLuna is ready for game 2.
|uhtml|next|Next: Game 2 of 3
