|j|☆Stormyparadise
|j|☆mellypoop
|html|Stormyparadisemellypoop    
|uhtml|bestof|Game 2 of a best-of-3
|t:|1782454850
|gametype|doubles
|player|p1|Stormyparadise|iris-gen5bw2|
|player|p2|mellypoop|266|
|gen|9
|tier|[Gen 9 Champions] VGC 2026 Reg M-B (Bo3)
|rule|Species Clause: Limit one of each Pokémon
|rule|Item Clause: Limit 1 of each item
|clearpoke
|poke|p1|Raichu, L50, F, shiny|
|poke|p1|Sylveon, L50, F, shiny|
|poke|p1|Scrafty, L50, F, shiny|
|poke|p1|Greninja, L50, M|
|poke|p1|Incineroar, L50, F, shiny|
|poke|p1|Gengar, L50, F|
|poke|p2|Blaziken, L50, M|
|poke|p2|Ditto, L50|
|poke|p2|Skarmory, L50, M|
|poke|p2|Clefable, L50, M|
|poke|p2|Slowking, L50, M|
|poke|p2|Mr. Rime, L50, M|
|teampreview|4
|showteam|p1|Raichu||RaichuniteY|LightningRod|Protect,FakeOut,ZapCannon,FocusBlast|Hasty||F|||50|]Sylveon||Leftovers|Pixilate|HyperVoice,MysticalFire,Wish,Protect|Calm||F|||50|]Scrafty||Scraftinite|Intimidate|DragonDance,KnockOff,DrainPunch,FakeOut|Jolly||F|||50|]Greninja||LifeOrb|Protean|DarkPulse,SludgeWave,IceBeam,HydroPump|Timid||M|||50|]Incineroar||SitrusBerry|Intimidate|FakeOut,PartingShot,FlareBlitz,DarkestLariat|Impish||F|||50|]Gengar||KasibBerry|CursedBody|DarkPulse,GigaDrain,SludgeBomb,DestinyBond|Timid||F|||50|
|showteam|p2|Blaziken||Blazikenite|SpeedBoost|SwordsDance,FlareBlitz,StoneEdge,KnockOff|Adamant||M|||50|]Ditto||ChoiceScarf|Imposter|Transform|Bold|||||50|]Skarmory||Leftovers|Sturdy|Spikes,BodyPress,IronDefense,Roost|Calm||M|||50|]Clefable||SitrusBerry|Unaware|Moonblast,FollowMe,Protect,LifeDew|Calm||M|||50|]Slowking||ColburBerry|Oblivious|Scald,Amnesia,PowerGem,NastyPlot|Modest||M|||50|]Mr. Rime||FocusSash|ScreenCleaner|RapidSpin,SlackOff,FreezeDry,FutureSight|Calm||M|||50|
|
|t:|1782454917
|teamsize|p1|4
|teamsize|p2|4
|start
|switch|p1a: Spooks|Gengar, L50, F|100/100
|switch|p1b: Luna|Sylveon, L50, F, shiny|100/100
|switch|p2a: Blaziken|Blaziken, L50, M|100/100
|switch|p2b: Clefable|Clefable, L50, M|100/100
|turn|1
|
|t:|1782454937
|move|p2b: Clefable|Follow Me|p2b: Clefable
|-singleturn|p2b: Clefable|move: Follow Me
|move|p1a: Spooks|Sludge Bomb|p2b: Clefable
|-supereffective|p2b: Clefable|1
|-damage|p2b: Clefable|34/100
|-enditem|p2b: Clefable|Sitrus Berry|[eat]
|-heal|p2b: Clefable|59/100|[from] item: Sitrus Berry
|move|p2a: Blaziken|Swords Dance|p2a: Blaziken
|-boost|p2a: Blaziken|atk|2
|move|p1b: Luna|Hyper Voice|p2a: Blaziken|[spread] p2a,p2b
|-damage|p2a: Blaziken|49/100
|-damage|p2b: Clefable|36/100
|
|-ability|p2a: Blaziken|Speed Boost|boost
|-boost|p2a: Blaziken|spe|1
|upkeep
|turn|2
|
|t:|1782454954
|detailschange|p2a: Blaziken|Blaziken-Mega, L50, M
|-mega|p2a: Blaziken|Blaziken|Blazikenite
|move|p2a: Blaziken|Knock Off|p1a: Spooks
|-supereffective|p1a: Spooks|1
|-damage|p1a: Spooks|0 fnt
|-enditem|p1a: Spooks|Kasib Berry|[from] move: Knock Off|[of] p2a: Blaziken
|faint|p1a: Spooks
|move|p1b: Luna|Hyper Voice|p2b: Clefable|[spread] p2a,p2b
|-damage|p2a: Blaziken|8/100
|-damage|p2b: Clefable|17/100
|move|p2b: Clefable|Life Dew|p2b: Clefable|[spread] p2a,p2b
|-heal|p2a: Blaziken|33/100
|-heal|p2b: Clefable|42/100
|
|-ability|p2a: Blaziken|Speed Boost|boost
|-boost|p2a: Blaziken|spe|1
|upkeep
|
|t:|1782454958
|switch|p1a: Cheese|Raichu, L50, F, shiny|100/100
|turn|3
|
|t:|1782454970
|detailschange|p1a: Cheese|Raichu-Mega-Y, L50, F, shiny
|-mega|p1a: Cheese|Raichu|Raichunite Y
|move|p1a: Cheese|Fake Out|p2a: Blaziken
|-damage|p2a: Blaziken|21/100
|move|p2b: Clefable|Follow Me|p2b: Clefable
|-singleturn|p2b: Clefable|move: Follow Me
|cant|p2a: Blaziken|flinch
|move|p1b: Luna|Hyper Voice|p2b: Clefable|[spread] p2a,p2b
|-damage|p2a: Blaziken|0 fnt
|-damage|p2b: Clefable|23/100
|faint|p2a: Blaziken
|
|upkeep
|
|t:|1782454982
|switch|p2a: Skarmory|Skarmory, L50, M|100/100
|turn|4
|
|t:|1782455000
|move|p2b: Clefable|Protect|p2b: Clefable
|-singleturn|p2b: Clefable|Protect
|move|p1a: Cheese|Zap Cannon|p2a: Skarmory
|-supereffective|p2a: Skarmory|1
|-ability|p2a: Skarmory|Sturdy
|-damage|p2a: Skarmory|1/100
|-status|p2a: Skarmory|par
|move|p1b: Luna|Mystical Fire|p2a: Skarmory
|-supereffective|p2a: Skarmory|1
|-damage|p2a: Skarmory|0 fnt
|faint|p2a: Skarmory
|
|upkeep
|
|t:|1782455009
|switch|p2a: Ditto|Ditto, L50|100/100
|-transform|p2a: Ditto|p1b: Luna|[from] ability: Imposter
|turn|5
|
|t:|1782455016
|move|p2b: Clefable|Follow Me|p2b: Clefable
|-singleturn|p2b: Clefable|move: Follow Me
|move|p1a: Cheese|Zap Cannon|p2b: Clefable
|-damage|p2b: Clefable|0 fnt
|faint|p2b: Clefable
|move|p2a: Ditto|Hyper Voice|p1b: Luna|[spread] p1a,p1b
|-damage|p1a: Cheese|55/100
|-damage|p1b: Luna|82/100
|move|p1b: Luna|Mystical Fire|p2a: Ditto
|-damage|p2a: Ditto|87/100
|-unboost|p2a: Ditto|spa|1
|
|-heal|p1b: Luna|88/100|[from] item: Leftovers
|upkeep
|turn|6
|
|t:|1782455026
|move|p1a: Cheese|Zap Cannon|p2a: Ditto
|-damage|p2a: Ditto|38/100
|-status|p2a: Ditto|par
|move|p1b: Luna|Mystical Fire|p2a: Ditto
|-damage|p2a: Ditto|25/100 par
|-unboost|p2a: Ditto|spa|1
|move|p2a: Ditto|Hyper Voice|p1a: Cheese|[spread] p1a,p1b
|-damage|p1a: Cheese|30/100
|-damage|p1b: Luna|79/100
|
|-heal|p1b: Luna|85/100|[from] item: Leftovers
|upkeep
|turn|7
|
|t:|1782455037
|move|p1a: Cheese|Zap Cannon|p2a: Ditto
|-damage|p2a: Ditto|0 fnt
|faint|p2a: Ditto
|
|win|Stormyparadise
|c|☆Stormyparadise|ggs
