|j|☆Ribombees believer
|j|☆lazarett
|html|Ribombees believerlazarett    
|uhtml|bestof|Game 1 of a best-of-3
|t:|1756656294
|gametype|doubles
|player|p1|Ribombees believer|skier|1339
|player|p2|lazarett|riley|1296
|gen|9
|tier|[Gen 9] VGC 2025 Reg H (Bo3)
|rated|
|rule|Species Clause: Limit one of each Pokémon
|rule|Item Clause: Limit 1 of each item
|clearpoke
|poke|p1|Dondozo, L50, M|
|poke|p1|Tatsugiri, L50, F|
|poke|p1|Indeedee, L50, M|
|poke|p1|Dragapult, L50, F|
|poke|p1|Ribombee, L50, M|
|poke|p1|Gholdengo, L50|
|poke|p2|Porygon2, L50|
|poke|p2|Incineroar, L50, F|
|poke|p2|Amoonguss, L50, M|
|poke|p2|Ursaluna, L50, F|
|poke|p2|Gholdengo, L50|
|poke|p2|Kilowattrel, L50, F|
|teampreview|4
|showteam|p1|Dondozo||Leftovers|Unaware|WaveCrash,Earthquake,OrderUp,Protect|||M|||50|,,,,,Grass]Tatsugiri||ChoiceScarf|Commander|MuddyWater,DracoMeteor,DragonPulse,TeraBlast|||F|||50|,,,,,Fairy]Indeedee||FocusSash|PsychicSurge|ExpandingForce,TeraBlast,HyperVoice,Protect|||M|||50|,,,,,Fighting]Dragapult||ChoiceBand|ClearBody|DragonDarts,Outrage,PhantomForce,Uturn|||F|||50|,,,,,Dragon]Ribombee||ChoiceSpecs|ShieldDust|Moonblast,PollenPuff,DazzlingGleam,TeraBlast|||M|||50|,,,,,Ground]Gholdengo||LifeOrb|GoodasGold|MakeItRain,ShadowBall,Thunderbolt,Protect||||||50|,,,,,Water
|showteam|p2|Porygon2||Eviolite|Download|TeraBlast,IceBeam,TrickRoom,Recover||||||50|,,,,,Fighting]Incineroar||SafetyGoggles|Intimidate|KnockOff,FlareBlitz,PartingShot,FakeOut|||F|||50|,,,,,Water]Amoonguss||RockyHelmet|Regenerator|Spore,PollenPuff,RagePowder,Protect|||M|||50|,,,,,Water]Ursaluna||FlameOrb|Guts|Protect,Facade,HeadlongRush,Earthquake|||F|||50|,,,,,Ghost]Gholdengo||LifeOrb|GoodasGold|MakeItRain,ShadowBall,NastyPlot,Protect||||||50|,,,,,Water]Kilowattrel||FocusSash|Competitive|Thunderbolt,AirSlash,Tailwind,Protect|||F|||50|,,,,,Ghost
|inactive|Battle timer is ON: inactive players will automatically lose when time's up. (requested by Ribombees believer)
|inactive|lazarett has 60 seconds left.
|
|t:|1756656352
|teamsize|p1|4
|teamsize|p2|4
|start
|switch|p1a: Indeedee|Indeedee, L50, M|100/100
|switch|p1b: Main Character|Ribombee, L50, M|100/100
|switch|p2a: Kilowattrel|Kilowattrel, L50, F|100/100
|switch|p2b: Gholdengo|Gholdengo, L50|100/100
|-fieldstart|move: Psychic Terrain|[from] ability: Psychic Surge|[of] p1a: Indeedee
|turn|1
|
|t:|1756656375
|-terastallize|p1b: Main Character|Ground
|move|p2a: Kilowattrel|Tailwind|p2a: Kilowattrel
|-sidestart|p2: lazarett|move: Tailwind
|move|p2b: Gholdengo|Make It Rain|p1a: Indeedee|[spread] p1a,p1b
|-crit|p1a: Indeedee
|-enditem|p1a: Indeedee|Focus Sash
|-damage|p1a: Indeedee|1/100
|-damage|p1b: Main Character|0 fnt
|-unboost|p2b: Gholdengo|spa|1
|faint|p1b: Main Character
|-damage|p2b: Gholdengo|91/100|[from] item: Life Orb
|move|p1a: Indeedee|Expanding Force|p2a: Kilowattrel|[spread] p2a,p2b
|-crit|p2a: Kilowattrel
|-resisted|p2b: Gholdengo
|-crit|p2b: Gholdengo
|-enditem|p2a: Kilowattrel|Focus Sash
|-damage|p2a: Kilowattrel|1/100
|-damage|p2b: Gholdengo|45/100
|
|upkeep
|
|t:|1756656389
|switch|p1b: Big Back|Dondozo, L50, M|100/100
|turn|2
|
|t:|1756656403
|switch|p1a: Alaskan Roll|Tatsugiri, L50, F|100/100
|-activate|p1a: Alaskan Roll|ability: Commander|[of] p1b: Big Back
|-boost|p1b: Big Back|atk|2
|-boost|p1b: Big Back|spa|2
|-boost|p1b: Big Back|spe|2
|-boost|p1b: Big Back|def|2
|-boost|p1b: Big Back|spd|2
|move|p2a: Kilowattrel|Thunderbolt|p1b: Big Back
|-supereffective|p1b: Big Back
|-damage|p1b: Big Back|53/100
|-status|p1b: Big Back|par
|move|p2b: Gholdengo|Make It Rain|p1a: Alaskan Roll|[spread] p1b
|-miss|p2b: Gholdengo|p1a: Alaskan Roll
|-resisted|p1b: Big Back
|-damage|p1b: Big Back|38/100 par
|-unboost|p2b: Gholdengo|spa|1
|-damage|p2b: Gholdengo|35/100|[from] item: Life Orb
|move|p1b: Big Back|Order Up|p2a: Kilowattrel
|-damage|p2a: Kilowattrel|0 fnt
|faint|p2a: Kilowattrel
|-boost|p1b: Big Back|atk|1
|
|-heal|p1b: Big Back|44/100 par|[from] item: Leftovers
|upkeep
|
|t:|1756656425
|switch|p2a: Ursaluna|Ursaluna, L50, F|100/100
|turn|3
|
|t:|1756656435
|cant|p1b: Big Back|par
|move|p2b: Gholdengo|Shadow Ball|p1b: Big Back
|-damage|p1b: Big Back|15/100 par
|-unboost|p1b: Big Back|spd|1
|-damage|p2b: Gholdengo|26/100|[from] item: Life Orb
|move|p2a: Ursaluna|Headlong Rush|p1b: Big Back
|-damage|p1b: Big Back|0 fnt
|-unboost|p2a: Ursaluna|def|1
|-unboost|p2a: Ursaluna|spd|1
|faint|p1b: Big Back
|
|-status|p2a: Ursaluna|brn|[from] item: Flame Orb
|upkeep
|
|t:|1756656442
|switch|p1b: Indeedee|Indeedee, L50, M|1/100
|turn|4
|
|t:|1756656453
|move|p1b: Indeedee|Protect|p1b: Indeedee
|-singleturn|p1b: Indeedee|Protect
|move|p2b: Gholdengo|Make It Rain|p1a: Alaskan Roll|[spread] p1a
|-activate|p1b: Indeedee|move: Protect
|-resisted|p1a: Alaskan Roll
|-damage|p1a: Alaskan Roll|80/100
|-unboost|p2b: Gholdengo|spa|1
|-damage|p2b: Gholdengo|16/100|[from] item: Life Orb
|move|p1a: Alaskan Roll|Muddy Water|p2a: Ursaluna|[spread] 
|-miss|p1a: Alaskan Roll|p2a: Ursaluna
|-miss|p1a: Alaskan Roll|p2b: Gholdengo
|move|p2a: Ursaluna|Facade|p1a: Alaskan Roll
|-crit|p1a: Alaskan Roll
|-damage|p1a: Alaskan Roll|0 fnt
|faint|p1a: Alaskan Roll
|
|-damage|p2a: Ursaluna|95/100 brn|[from] brn
|-sideend|p2: lazarett|move: Tailwind
|upkeep
|turn|5
|
|t:|1756656472
|switch|p2a: Incineroar|Incineroar, L50, F|100/100
|-ability|p2a: Incineroar|Intimidate|boost
|-unboost|p1b: Indeedee|atk|1
|move|p1b: Indeedee|Expanding Force|p2b: Gholdengo|[spread] p2b
|-immune|p2a: Incineroar
|-resisted|p2b: Gholdengo
|-damage|p2b: Gholdengo|0 fnt
|faint|p2b: Gholdengo
|
|-fieldend|move: Psychic Terrain
|upkeep
|
|t:|1756656479
|switch|p2b: Ursaluna|Ursaluna, L50, F|95/100 brn
|turn|6
|-message|Ribombees believer forfeited.
|
|win|lazarett
