|j|☆MartinoZERO 7986
|j|☆rafa0145
|html|MartinoZERO 7986rafa0145    
|uhtml|bestof|Game 1 of a best-of-3
|t:|1783598503
|gametype|doubles
|player|p1|MartinoZERO 7986|marlon|1011
|player|p2|rafa0145|101|1127
|gen|9
|tier|[Gen 9 Champions] VGC 2026 Reg M-B (Bo3)
|rated|
|rule|Species Clause: Limit one of each Pokémon
|rule|Item Clause: Limit 1 of each item
|clearpoke
|poke|p1|Charizard, L50, M|
|poke|p1|Vivillon-Marine, L50, F, shiny|
|poke|p1|Clefable, L50, F|
|poke|p1|Volcarona, L50, F|
|poke|p1|Garchomp, L50, M, shiny|
|poke|p1|Sinistcha, L50, shiny|
|poke|p2|Charizard, L50, F|
|poke|p2|Kingambit, L50, M|
|poke|p2|Sylveon, L50, F|
|poke|p2|Garchomp, L50, F|
|poke|p2|Aerodactyl, L50, M|
|poke|p2|Farigiraf, L50, M|
|teampreview|4
|showteam|p1|Charizard||CharizarditeX|Blaze|BellyDrum,BreakingSwipe,FirePunch,Protect|Adamant||M|||50|]Vivillon-Marine||FocusSash|FriendGuard|Tailwind,PollenPuff,RagePowder,Hurricane|Timid||F|||50|]Clefable||SitrusBerry|MagicGuard|FollowMe,HealPulse,Encore,Moonblast|Bold||F|||50|]Volcarona||ChartiBerry|FlameBody|RagePowder,Tailwind,WillOWisp,HeatWave|Bold||F|||50|]Garchomp||RoseliBerry|RoughSkin|StompingTantrum,DragonClaw,PoisonJab,RockSlide|Adamant||M|||50|]Sinistcha||Leftovers|Hospitality|RagePowder,TrickRoom,MatchaGotcha,LifeDew|Calm|||||50|
|showteam|p2|Charizard||CharizarditeY|SolarPower|Protect,HeatWave,SolarBeam,WeatherBall|Modest||F|||50|]Kingambit||FocusSash|Defiant|IronHead,SuckerPunch,KowtowCleave,LowKick|Adamant||M|||50|]Sylveon||FairyFeather|Pixilate|Detect,HyperVoice,HyperBeam,QuickAttack|Modest||F|||50|]Garchomp||LifeOrb|RoughSkin|Protect,DragonClaw,Earthquake,RockSlide|Jolly||F|||50|]Aerodactyl||Aerodactylite|Unnerve|IceFang,RockSlide,Tailwind,DualWingbeat|Jolly||M|||50|]Farigiraf||SitrusBerry|ArmorTail|TrickRoom,Psychic,Thunderbolt,Protect|Bold||M|||50|
|inactive|Battle timer is ON: inactive players will automatically lose when time's up. (requested by MartinoZERO 7986)
|inactive|MartinoZERO 7986 has 60 seconds left.
|inactive|rafa0145 has 60 seconds left.
|j| isthisbelias?
|l| isthisbelias?
|inactive|rafa0145 has 30 seconds left.
|inactive|rafa0145 has 20 seconds left.
|inactive|rafa0145 has 15 seconds left.
|
|t:|1783598583
|teamsize|p1|4
|teamsize|p2|4
|start
|switch|p1a: prisme|Vivillon-Marine, L50, F, shiny|100/100
|switch|p1b: No dragon ?|Charizard, L50, M|100/100
|switch|p2a: Garchomp|Garchomp, L50, F|100/100
|switch|p2b: Farigiraf|Farigiraf, L50, M|100/100
|turn|1
|inactive|MartinoZERO 7986 has 30 seconds left.
|inactive|MartinoZERO 7986 has 20 seconds left.
|inactive|rafa0145 has 30 seconds left.
|
|t:|1783598624
|detailschange|p1b: No dragon ?|Charizard-Mega-X, L50, M
|-mega|p1b: No dragon ?|Charizard|Charizardite X
|move|p2a: Garchomp|Rock Slide|p1a: prisme|[spread] p1a,p1b
|-supereffective|p1a: prisme|2
|-supereffective|p1b: No dragon ?|1
|-enditem|p1a: prisme|Focus Sash
|-damage|p1a: prisme|1/100
|-damage|p1b: No dragon ?|65/100
|-damage|p2a: Garchomp|90/100|[from] item: Life Orb
|move|p1a: prisme|Hurricane|p2a: Garchomp|[miss]
|-miss|p1a: prisme|p2a: Garchomp
|move|p1b: No dragon ?|Belly Drum|p1b: No dragon ?
|-damage|p1b: No dragon ?|15/100
|-setboost|p1b: No dragon ?|atk|6|[from] move: Belly Drum
|move|p2b: Farigiraf|Trick Room|p2b: Farigiraf
|-fieldstart|move: Trick Room|[of] p2b: Farigiraf
|
|upkeep
|turn|2
|inactive|MartinoZERO 7986 has 30 seconds left.
|inactive|MartinoZERO 7986 has 20 seconds left.
|inactive|MartinoZERO 7986 has 15 seconds left.
|
|t:|1783598667
|move|p1b: No dragon ?|Protect|p1b: No dragon ?
|-singleturn|p1b: No dragon ?|Protect
|move|p2b: Farigiraf|Psychic|p1b: No dragon ?
|-activate|p1b: No dragon ?|move: Protect
|move|p1a: prisme|Pollen Puff|p1b: No dragon ?
|-activate|p1b: No dragon ?|move: Protect
|move|p2a: Garchomp|Rock Slide|p1a: prisme|[spread] p1a
|-activate|p1b: No dragon ?|move: Protect
|-supereffective|p1a: prisme|2
|-damage|p1a: prisme|0 fnt
|faint|p1a: prisme
|-damage|p2a: Garchomp|80/100|[from] item: Life Orb
|
|upkeep
|
|t:|1783598683
|switch|p1a: Matchimatcha|Sinistcha, L50, shiny|100/100
|-heal|p1b: No dragon ?|39/100|[from] ability: Hospitality|[of] p1a: Matchimatcha
|turn|3
|
|t:|1783598707
|move|p2b: Farigiraf|Psychic|p1b: No dragon ?
|-damage|p1b: No dragon ?|1/100
|move|p1a: Matchimatcha|Life Dew||[still]|[spread] p1a,p1b
|-fail|p1a: Matchimatcha|heal
|-heal|p1b: No dragon ?|25/100
|move|p1b: No dragon ?|Breaking Swipe|p2b: Farigiraf|[spread] p2a,p2b
|-supereffective|p2a: Garchomp|1
|-damage|p2a: Garchomp|0 fnt
|-damage|p2b: Farigiraf|3/100
|-unboost|p2b: Farigiraf|atk|1
|-damage|p1b: No dragon ?|13/100|[from] ability: Rough Skin|[of] p2a: Garchomp
|-enditem|p2b: Farigiraf|Sitrus Berry|[eat]
|-heal|p2b: Farigiraf|28/100|[from] item: Sitrus Berry
|faint|p2a: Garchomp
|
|upkeep
|
|t:|1783598721
|switch|p2a: Charizard|Charizard, L50, F|100/100
|turn|4
|
|t:|1783598729
|detailschange|p2a: Charizard|Charizard-Mega-Y, L50, F
|-mega|p2a: Charizard|Charizard|Charizardite Y
|-weather|SunnyDay|[from] ability: Drought|[of] p2a: Charizard
|move|p1b: No dragon ?|Protect|p1b: No dragon ?
|-singleturn|p1b: No dragon ?|Protect
|move|p2b: Farigiraf|Psychic|p1b: No dragon ?
|-activate|p1b: No dragon ?|move: Protect
|move|p1a: Matchimatcha|Life Dew||[still]|[spread] p1a,p1b
|-fail|p1a: Matchimatcha|heal
|-heal|p1b: No dragon ?|38/100
|move|p2a: Charizard|Weather Ball|p1a: Matchimatcha
|-supereffective|p1a: Matchimatcha|1
|-damage|p1a: Matchimatcha|0 fnt
|faint|p1a: Matchimatcha
|
|-weather|SunnyDay|[upkeep]
|upkeep
|
|t:|1783598748
|switch|p1a: Hacheur|Garchomp, L50, M, shiny|100/100
|turn|5
|
|t:|1783598759
|move|p2b: Farigiraf|Psychic|p1b: No dragon ?
|-damage|p1b: No dragon ?|0 fnt
|faint|p1b: No dragon ?
|move|p2a: Charizard|Weather Ball|p1a: Hacheur
|-resisted|p1a: Hacheur|1
|-damage|p1a: Hacheur|61/100
|move|p1a: Hacheur|Rock Slide|p2a: Charizard|[spread] p2a,p2b
|-supereffective|p2a: Charizard|2
|-damage|p2a: Charizard|34/100
|-damage|p2b: Farigiraf|13/100
|
|-weather|SunnyDay|[upkeep]
|-fieldend|move: Trick Room
|upkeep
|turn|6
|
|t:|1783598780
|move|p2b: Farigiraf|Protect|p2b: Farigiraf
|-singleturn|p2b: Farigiraf|Protect
|move|p1a: Hacheur|Rock Slide|p2b: Farigiraf|[spread] p2a
|-activate|p2b: Farigiraf|move: Protect
|-supereffective|p2a: Charizard|2
|-damage|p2a: Charizard|0 fnt
|faint|p2a: Charizard
|
|-weather|SunnyDay|[upkeep]
|upkeep
|
|t:|1783598789
|switch|p2a: Aerodactyl|Aerodactyl, L50, M|100/100
|-ability|p2a: Aerodactyl|Unnerve
|turn|7
|
|t:|1783598798
|move|p2a: Aerodactyl|Ice Fang|p1a: Hacheur
|-supereffective|p1a: Hacheur|2
|-crit|p1a: Hacheur
|-damage|p1a: Hacheur|0 fnt
|-damage|p2a: Aerodactyl|87/100|[from] ability: Rough Skin|[of] p1a: Hacheur
|faint|p1a: Hacheur
|
|win|rafa0145
