|j|☆shmuel0204
|j|☆dlight98
|html|shmuel0204dlight98    
|uhtml|bestof|Game 2 of a best-of-3
|t:|1785809228
|gametype|doubles
|player|p1|shmuel0204|guitarist|
|player|p2|dlight98|lyra|
|gen|9
|tier|[Gen 9 Champions] VGC 2026 Reg M-B (Bo3)
|rule|Species Clause: Limit one of each Pokémon
|rule|Item Clause: Limit 1 of each item
|clearpoke
|poke|p1|Metagross, L50, shiny|
|poke|p1|Basculegion, L50, M|
|poke|p1|Pelipper, L50, F|
|poke|p1|Sableye, L50, F|
|poke|p1|Tauros-Paldea-Blaze, L50, M|
|poke|p1|Alcremie, L50, F|
|poke|p2|Dedenne, L50, F|
|poke|p2|Gliscor, L50, F|
|poke|p2|Annihilape, L50, F|
|poke|p2|Alakazam, L50, F|
|poke|p2|Drampa, L50, M|
|poke|p2|Sinistcha, L50|
|teampreview|4
|showteam|p1|Metagross||Metagrossite|ClearBody|BodyPress,Protect,PsychicFangs,MeteorMash|Jolly|||||50|]Basculegion||ChoiceScarf|Adaptability|WaveCrash,AquaJet,LastRespects,FlipTurn|Adamant||M|||50|]Pelipper||SitrusBerry|Drizzle|WideGuard,Tailwind,WeatherBall,Protect|Modest||F|||50|]Sableye||LightClay|Prankster|Quash,RainDance,Reflect,LightScreen|Impish||F|||50|]Tauros-Paldea-Blaze||ExpertBelt|Intimidate|CloseCombat,FlareBlitz,HighHorsepower,BulkUp|Jolly||M|||50|]Alcremie||Leftovers|SweetVeil|Entrainment,Encore,Recover,TriAttack|Calm||F|||50|
|showteam|p2|Dedenne||SitrusBerry|CheekPouch|DazzlingGleam,Electroweb,Nuzzle,Protect|Hasty||F|||50|]Gliscor||PasshoBerry|HyperCutter|Earthquake,ThunderFang,RockSlide,Protect|Jolly||F|||50|]Annihilape||ExpertBelt|Defiant|RageFist,DrainPunch,ThunderPunch,RockSlide|Jolly||F|||50|]Alakazam||LightClay|InnerFocus|ShadowBall,SpeedSwap,Reflect,LightScreen|Timid||F|||50|]Drampa||Drampanite|CloudNine|HyperVoice,Thunderbolt,EarthPower,Protect|Modest||M|||50|]Sinistcha||Leftovers|Hospitality|MatchaGotcha,RagePowder,LifeDew,Protect|Bold|||||50|
|j| Agent_999_999
|
|t:|1785809262
|teamsize|p1|4
|teamsize|p2|4
|start
|switch|p1a: Basculegion|Basculegion, L50, M|100/100
|switch|p1b: Sableye|Sableye, L50, F|100/100
|switch|p2a: Dedenne|Dedenne, L50, F|100/100
|switch|p2b: Annihilape|Annihilape, L50, F|100/100
|turn|1
|
|t:|1785809291
|move|p1b: Sableye|Reflect|p1b: Sableye
|-sidestart|p1: shmuel0204|Reflect
|move|p1a: Basculegion|Flip Turn|p2a: Dedenne
|-damage|p2a: Dedenne|4/100
|-enditem|p2a: Dedenne|Sitrus Berry|[eat]
|-heal|p2a: Dedenne|28/100|[from] item: Sitrus Berry
|-heal|p2a: Dedenne|61/100|[from] ability: Cheek Pouch
|
|t:|1785809301
|switch|p1a: Tauros|Tauros-Paldea-Blaze, L50, M|100/100|[from] Flip Turn
|-ability|p1a: Tauros|Intimidate|boost
|-unboost|p2a: Dedenne|atk|1
|-unboost|p2b: Annihilape|atk|1
|-ability|p2b: Annihilape|Defiant|boost
|-boost|p2b: Annihilape|atk|2
|move|p2a: Dedenne|Electroweb|p1a: Tauros|[spread] p1a,p1b
|-crit|p1b: Sableye
|-damage|p1a: Tauros|76/100
|-damage|p1b: Sableye|65/100
|-unboost|p1a: Tauros|spe|1
|-unboost|p1b: Sableye|spe|1
|move|p2b: Annihilape|Thunder Punch|p1a: Tauros
|-damage|p1a: Tauros|49/100
|
|upkeep
|turn|2
|
|t:|1785809327
|move|p1b: Sableye|Light Screen|p1b: Sableye
|-sidestart|p1: shmuel0204|move: Light Screen
|move|p2a: Dedenne|Dazzling Gleam|p1a: Tauros|[spread] p1a,p1b
|-supereffective|p1b: Sableye|1
|-damage|p1a: Tauros|26/100
|-damage|p1b: Sableye|22/100
|move|p2b: Annihilape|Rock Slide|p1b: Sableye|[spread] p1a,p1b
|-damage|p1a: Tauros|7/100
|-damage|p1b: Sableye|2/100
|cant|p1a: Tauros|flinch
|
|upkeep
|turn|3
|l| Agent_999_999
|
|t:|1785809369
|move|p1b: Sableye|Quash|p2a: Dedenne
|-activate|p2a: Dedenne|move: Quash
|move|p2b: Annihilape|Rock Slide|p1a: Tauros|[spread] p1a,p1b
|-damage|p1a: Tauros|0 fnt
|-damage|p1b: Sableye|0 fnt
|faint|p1a: Tauros
|faint|p1b: Sableye
|move|p2a: Dedenne|Electroweb|p1: Tauros|[notarget]
|-fail|p2a: Dedenne
|
|upkeep
|
|t:|1785809377
|switch|p1a: Metagross|Metagross, L50, shiny|100/100
|switch|p1b: Basculegion|Basculegion, L50, M|100/100
|turn|4
|
|t:|1785809402
|detailschange|p1a: Metagross|Metagross-Mega, L50, shiny
|-mega|p1a: Metagross|Metagross|Metagrossite
|move|p1b: Basculegion|Last Respects|p2b: Annihilape
|-supereffective|p2b: Annihilape|1
|-damage|p2b: Annihilape|0 fnt
|faint|p2b: Annihilape
|move|p1a: Metagross|Psychic Fangs|p2a: Dedenne
|-damage|p2a: Dedenne|0 fnt
|faint|p2a: Dedenne
|
|upkeep
|
|t:|1785809411
|switch|p2a: Drampa|Drampa, L50, M|100/100
|switch|p2b: Sinistcha|Sinistcha, L50|100/100
|-ability|p2a: Drampa|Cloud Nine
|turn|5
|
|t:|1785809448
|detailschange|p2a: Drampa|Drampa-Mega, L50, M
|-mega|p2a: Drampa|Drampa|Drampanite
|move|p2b: Sinistcha|Rage Powder|p2b: Sinistcha
|-singleturn|p2b: Sinistcha|move: Rage Powder
|move|p1b: Basculegion|Last Respects|p2b: Sinistcha
|-supereffective|p2b: Sinistcha|1
|-damage|p2b: Sinistcha|0 fnt
|faint|p2b: Sinistcha
|move|p1a: Metagross|Meteor Mash|p2a: Drampa|[miss]
|-miss|p1a: Metagross|p2a: Drampa
|move|p2a: Drampa|Earth Power|p1a: Metagross
|-supereffective|p1a: Metagross|1
|-damage|p1a: Metagross|41/100
|
|upkeep
|turn|6
|
|t:|1785809469
|move|p1b: Basculegion|Last Respects|p2a: Drampa
|-immune|p2a: Drampa
|move|p1a: Metagross|Body Press|p2a: Drampa
|-supereffective|p2a: Drampa|1
|-damage|p2a: Drampa|41/100
|-ability|p2a: Drampa|Berserk|boost
|-boost|p2a: Drampa|spa|1
|move|p2a: Drampa|Earth Power|p1a: Metagross
|-supereffective|p1a: Metagross|1
|-damage|p1a: Metagross|0 fnt
|faint|p1a: Metagross
|
|upkeep
|turn|7
|
|t:|1785809482
|move|p1b: Basculegion|Last Respects|p2a: Drampa
|-immune|p2a: Drampa
|move|p2a: Drampa|Thunderbolt|p1b: Basculegion
|-supereffective|p1b: Basculegion|1
|-damage|p1b: Basculegion|10/100
|
|upkeep
|turn|8
|c|☆shmuel0204|gg
|
|t:|1785809490
|move|p1b: Basculegion|Last Respects|p2a: Drampa
|-immune|p2a: Drampa
|move|p2a: Drampa|Thunderbolt|p1b: Basculegion
|-supereffective|p1b: Basculegion|1
|-crit|p1b: Basculegion
|-damage|p1b: Basculegion|0 fnt
|faint|p1b: Basculegion
|
|win|dlight98
|c|☆dlight98|gg
||shmuel0204 is ready for game 3.
|inactive|dlight98 has 30 seconds to confirm battle start!
||dlight98 is ready for game 3.
|uhtml|next|Next: Game 3 of 3
