|j|☆chocokoala vgc
|j|☆ronzthebonz
|html|chocokoala vgcronzthebonz    
|uhtml|bestof|Game 1 of a best-of-3
|t:|1784969361
|gametype|doubles
|player|p1|chocokoala vgc|benga|1264
|player|p2|ronzthebonz|2|1335
|gen|9
|tier|[Gen 9 Champions] VGC 2026 Reg M-B (Bo3)
|rated|
|rule|Species Clause: Limit one of each Pokémon
|rule|Item Clause: Limit 1 of each item
|clearpoke
|poke|p1|Scovillain, L50, F|
|poke|p1|Primarina, L50, F|
|poke|p1|Aerodactyl, L50, F|
|poke|p1|Garchomp, L50, F|
|poke|p1|Gholdengo, L50|
|poke|p1|Grimmsnarl, L50, M|
|poke|p2|Snorlax, L50, F|
|poke|p2|Incineroar, L50, F|
|poke|p2|Gengar, L50, M|
|poke|p2|Sableye, L50, M|
|poke|p2|Kingambit, L50, M|
|poke|p2|Palafin, L50, M|
|teampreview|4
|showteam|p1|Scovillain||Scovillainite|Moody|Flamethrower,GigaDrain,Protect,RagePowder|Bold||F|||50|]Primarina||Leftovers|LiquidVoice|HyperVoice,Moonblast,Protect,CalmMind|Modest||F|||50|]Aerodactyl||Aerodactylite|Unnerve|RockSlide,DualWingbeat,Protect,Tailwind|Jolly||F|||50|]Garchomp||SoftSand|RoughSkin|Earthquake,StompingTantrum,Protect,DragonClaw|Jolly||F|||50|]Gholdengo||LifeOrb|GoodasGold|MakeItRain,ShadowBall,Protect,NastyPlot|Modest|||||50|]Grimmsnarl||LightClay|Prankster|LightScreen,Reflect,FakeOut,FoulPlay|Sassy||M|||50|
|showteam|p2|Snorlax||Leftovers|ThickFat|Yawn,Protect,Fissure,DoubleEdge|Sassy||F|||50|]Incineroar||SitrusBerry|Intimidate|FlareBlitz,Protect,FakeOut,PartingShot|Sassy||F|||50|]Gengar||Gengarite|CursedBody|ShadowBall,Disable,PerishSong,Protect|Modest||M|||50|]Sableye||RoseliBerry|Prankster|WillOWisp,Encore,FakeOut,LightScreen|Bold||M|||50|]Kingambit||ChopleBerry|Defiant|LowKick,KowtowCleave,IronHead,SuckerPunch|Brave||M|||50|]Palafin||MysticWater|ZerotoHero|JetPunch,WaveCrash,DrainPunch,Protect|Adamant||M|||50|
|inactive|Battle timer is ON: inactive players will automatically lose when time's up. (requested by chocokoala vgc)
|inactive|chocokoala vgc has 60 seconds left.
|inactive|ronzthebonz has 60 seconds left.
|inactive|ronzthebonz has 30 seconds left.
|inactive|ronzthebonz has 20 seconds left.
|inactive|ronzthebonz has 15 seconds left.
|inactive|ronzthebonz has 10 seconds left.
|inactive|ronzthebonz has 5 seconds left.
|
|t:|1784969449
|teamsize|p1|4
|teamsize|p2|4
|start
|switch|p1a: Grimmsnarl|Grimmsnarl, L50, M|100/100
|switch|p1b: Gholdengo|Gholdengo, L50|100/100
|switch|p2a: Gengar|Gengar, L50, M|100/100
|switch|p2b: Incineroar|Incineroar, L50, F|100/100
|-ability|p2b: Incineroar|Intimidate|boost
|-unboost|p1a: Grimmsnarl|atk|1
|-unboost|p1b: Gholdengo|atk|1
|turn|1
|
|t:|1784969469
|switch|p2a: Kingambit|Kingambit, L50, M|100/100
|move|p1b: Gholdengo|Protect|p1b: Gholdengo
|-singleturn|p1b: Gholdengo|Protect
|move|p1a: Grimmsnarl|Light Screen|p1a: Grimmsnarl
|-sidestart|p1: chocokoala vgc|move: Light Screen
|move|p2b: Incineroar|Flare Blitz|p1b: Gholdengo
|-activate|p1b: Gholdengo|move: Protect
|
|upkeep
|turn|2
|
|t:|1784969482
|switch|p1b: Garchomp|Garchomp, L50, F|100/100
|move|p1a: Grimmsnarl|Reflect|p1a: Grimmsnarl
|-sidestart|p1: chocokoala vgc|Reflect
|move|p2b: Incineroar|Parting Shot|p1b: Garchomp
|-unboost|p1b: Garchomp|atk|1
|-unboost|p1b: Garchomp|spa|1
|
|t:|1784969500
|switch|p2b: Gengar|Gengar, L50, M|100/100|[from] Parting Shot
|move|p2a: Kingambit|Kowtow Cleave|p1b: Garchomp
|-damage|p1b: Garchomp|69/100
|-damage|p2a: Kingambit|87/100|[from] ability: Rough Skin|[of] p1b: Garchomp
|
|upkeep
|turn|3
|
|t:|1784969519
|switch|p2a: Incineroar|Incineroar, L50, F|100/100
|-ability|p2a: Incineroar|Intimidate|boost
|-unboost|p1a: Grimmsnarl|atk|1
|-unboost|p1b: Garchomp|atk|1
|detailschange|p2b: Gengar|Gengar-Mega, L50, M
|-mega|p2b: Gengar|Gengar|Gengarite
|move|p2b: Gengar|Protect|p2b: Gengar
|-singleturn|p2b: Gengar|Protect
|move|p1b: Garchomp|Earthquake|p2b: Gengar|[spread] p1a,p2a
|-activate|p2b: Gengar|move: Protect
|-supereffective|p2a: Incineroar|1
|-damage|p1a: Grimmsnarl|84/100
|-damage|p2a: Incineroar|60/100
|move|p1a: Grimmsnarl|Foul Play|p2b: Gengar
|-activate|p2b: Gengar|move: Protect
|
|upkeep
|turn|4
|
|t:|1784969540
|move|p2a: Incineroar|Fake Out|p1b: Garchomp
|-damage|p1b: Garchomp|62/100
|-damage|p2a: Incineroar|48/100|[from] ability: Rough Skin|[of] p1b: Garchomp
|-enditem|p2a: Incineroar|Sitrus Berry|[eat]
|-heal|p2a: Incineroar|72/100|[from] item: Sitrus Berry
|move|p2b: Gengar|Perish Song|p2b: Gengar
|-start|p1a: Grimmsnarl|perish3|[silent]
|-start|p1b: Garchomp|perish3|[silent]
|-start|p2a: Incineroar|perish3|[silent]
|-start|p2b: Gengar|perish3|[silent]
|-fieldactivate|move: Perish Song
|cant|p1b: Garchomp|flinch
|move|p1a: Grimmsnarl|Foul Play|p2b: Gengar
|-supereffective|p2b: Gengar|1
|-damage|p2b: Gengar|48/100
|
|-start|p2b: Gengar|perish3
|-start|p1b: Garchomp|perish3
|-start|p2a: Incineroar|perish3
|-start|p1a: Grimmsnarl|perish3
|upkeep
|turn|5
|
|t:|1784969561
|move|p2b: Gengar|Protect|p2b: Gengar
|-singleturn|p2b: Gengar|Protect
|move|p2a: Incineroar|Protect|p2a: Incineroar
|-singleturn|p2a: Incineroar|Protect
|move|p1b: Garchomp|Stomping Tantrum|p2a: Incineroar
|-activate|p2a: Incineroar|move: Protect
|move|p1a: Grimmsnarl|Foul Play|p2b: Gengar
|-activate|p2b: Gengar|move: Protect
|
|-start|p2b: Gengar|perish2
|-start|p1b: Garchomp|perish2
|-start|p1a: Grimmsnarl|perish2
|-start|p2a: Incineroar|perish2
|upkeep
|turn|6
|inactive|ronzthebonz has 30 seconds left.
|
|t:|1784969589
|switch|p2b: Snorlax|Snorlax, L50, F|100/100
|move|p1b: Garchomp|Stomping Tantrum|p2b: Snorlax
|-damage|p2b: Snorlax|85/100
|move|p1a: Grimmsnarl|Foul Play|p2a: Incineroar
|-resisted|p2a: Incineroar|1
|-damage|p2a: Incineroar|56/100
|move|p2a: Incineroar|Parting Shot|p1a: Grimmsnarl
|-unboost|p1a: Grimmsnarl|atk|1
|-unboost|p1a: Grimmsnarl|spa|1
|
|t:|1784969600
|switch|p2a: Gengar|Gengar-Mega, L50, M|48/100|[from] Parting Shot
|
|-heal|p2b: Snorlax|91/100|[from] item: Leftovers
|-start|p1b: Garchomp|perish1
|-start|p1a: Grimmsnarl|perish1
|upkeep
|turn|7
|
|t:|1784969613
|move|p2a: Gengar|Protect|p2a: Gengar
|-singleturn|p2a: Gengar|Protect
|move|p2b: Snorlax|Protect|p2b: Snorlax
|-singleturn|p2b: Snorlax|Protect
|move|p1b: Garchomp|Earthquake|p2b: Snorlax|[spread] p1a
|-activate|p2a: Gengar|move: Protect
|-activate|p2b: Snorlax|move: Protect
|-damage|p1a: Grimmsnarl|69/100
|move|p1a: Grimmsnarl|Foul Play|p2b: Snorlax
|-activate|p2b: Snorlax|move: Protect
|
|-heal|p2b: Snorlax|97/100|[from] item: Leftovers
|-start|p1b: Garchomp|perish0
|-start|p1a: Grimmsnarl|perish0
|faint|p1b: Garchomp
|faint|p1a: Grimmsnarl
|upkeep
|
|t:|1784969618
|switch|p1b: Gholdengo|Gholdengo, L50|100/100
|switch|p1a: Aerodactyl|Aerodactyl, L50, F|100/100
|-ability|p1a: Aerodactyl|Unnerve
|turn|8
|
|t:|1784969634
|detailschange|p1a: Aerodactyl|Aerodactyl-Mega, L50, F
|-mega|p1a: Aerodactyl|Aerodactyl|Aerodactylite
|move|p1a: Aerodactyl|Dual Wingbeat|p2a: Gengar
|-crit|p2a: Gengar
|-damage|p2a: Gengar|1/100
|-damage|p2a: Gengar|0 fnt
|faint|p2a: Gengar
|-hitcount|p2: Gengar|2
|move|p1b: Gholdengo|Nasty Plot|p1b: Gholdengo
|-boost|p1b: Gholdengo|spa|2
|move|p2b: Snorlax|Yawn|p1a: Aerodactyl
|-start|p1a: Aerodactyl|move: Yawn|[of] p2b: Snorlax
|
|-heal|p2b: Snorlax|100/100|[from] item: Leftovers
|-sideend|p1: chocokoala vgc|move: Light Screen
|upkeep
|-message|chocokoala vgc forfeited.
|
|win|ronzthebonz
