|j|☆sigyps
|j|☆AntonioCartana
|html|sigypsAntonioCartana    
|uhtml|bestof|Game 1 of a best-of-3
|t:|1756928252
|gametype|doubles
|player|p1|sigyps|birdkeeper|1046
|player|p2|AntonioCartana|bruno|1000
|gen|9
|tier|[Gen 9] VGC 2025 Reg H (Bo3)
|rated|
|rule|Species Clause: Limit one of each Pokémon
|rule|Item Clause: Limit 1 of each item
|clearpoke
|poke|p1|Dragonite, L50, F|
|poke|p1|Kingambit, L50, F|
|poke|p1|Rillaboom, L50, M|
|poke|p1|Primarina, L50, M|
|poke|p1|Magmar, L50, F|
|poke|p1|Sneasler, L50, F|
|poke|p2|Ursaluna, L50, M|
|poke|p2|Indeedee-F, L50, F|
|poke|p2|Torkoal, L50, F|
|poke|p2|Armarouge, L50, M|
|poke|p2|Lilligant-Hisui, L50, F|
|poke|p2|Tauros-Paldea-Aqua, L50, M|
|teampreview|4
|showteam|p1|Dragonite||LumBerry|Multiscale|TeraBlast,DragonDance,StompingTantrum,Protect|||F|||50|,,,,,Flying]Kingambit||SafetyGoggles|Defiant|KowtowCleave,SuckerPunch,Protect,SwordsDance|||F|||50|,,,,,Dark]Rillaboom||AssaultVest|GrassySurge|GrassyGlide,Uturn,WoodHammer,FakeOut|||M|||50|,,,,,Fire]Primarina||ThroatSpray|LiquidVoice|Haze,HyperVoice,Moonblast,Protect|||M|||50|,,,,,Poison]Magmar||Eviolite|VitalSpirit|WillOWisp,HeatWave,Protect,FollowMe|||F|||50|,,,,,Dragon]Sneasler||FocusSash|PoisonTouch|DireClaw,Coaching,CloseCombat,FakeOut|||F|||50|,,,,,Ghost
|showteam|p2|Ursaluna||FlameOrb|Guts|Facade,HeadlongRush,Earthquake,Protect|||M|||50|,,,,,Ghost]Indeedee-F||PsychicSeed|PsychicSurge|Psychic,FollowMe,HelpingHand,TrickRoom|||F|||50|,,,,,Grass]Torkoal||AssaultVest|Drought|Eruption,BodyPress,WeatherBall,StompingTantrum|||F|||50|,,,,,Fire]Armarouge||LifeOrb|FlashFire|ArmorCannon,ExpandingForce,AuraSphere,TrickRoom|||M|||50|,,,,,Bug]Lilligant-Hisui||FocusSash|Chlorophyll|CloseCombat,LeafBlade,SleepPowder,Protect|||F|||50|,,,,,Ghost]Tauros-Paldea-Aqua||MirrorHerb|Intimidate|AquaJet,RagingBull,CloseCombat,Protect|||M|||50|,,,,,Water
|inactive|Battle timer is ON: inactive players will automatically lose when time's up. (requested by AntonioCartana)
|inactive|sigyps has 60 seconds left.
|inactive|AntonioCartana has 60 seconds left.
|inactive|sigyps has 30 seconds left.
|inactive|AntonioCartana has 30 seconds left.
|inactive|AntonioCartana has 20 seconds left.
|
|t:|1756928331
|teamsize|p1|4
|teamsize|p2|4
|start
|switch|p1a: Sneasler|Sneasler, L50, F|100/100
|switch|p1b: Dragonite|Dragonite, L50, F|100/100
|switch|p2a: Lilligant|Lilligant-Hisui, L50, F|100/100
|switch|p2b: Torkoal|Torkoal, L50, F|100/100
|-weather|SunnyDay|[from] ability: Drought|[of] p2b: Torkoal
|turn|1
|inactive|sigyps has 30 seconds left.
|
|t:|1756928357
|switch|p2b: Tauros|Tauros-Paldea-Aqua, L50, M|100/100
|-ability|p2b: Tauros|Intimidate|boost
|-unboost|p1a: Sneasler|atk|1
|-unboost|p1b: Dragonite|atk|1
|-terastallize|p2a: Lilligant|Ghost
|move|p1a: Sneasler|Fake Out|p2b: Tauros
|-damage|p2b: Tauros|90/100
|-status|p2b: Tauros|psn|[from] ability: Poison Touch|[of] p1a: Sneasler
|move|p2a: Lilligant|Sleep Powder|p1a: Sneasler|[miss]
|-miss|p2a: Lilligant|p1a: Sneasler
|move|p1b: Dragonite|Dragon Dance|p1b: Dragonite
|-boost|p1b: Dragonite|atk|1
|-boost|p1b: Dragonite|spe|1
|-enditem|p2b: Tauros|Mirror Herb
|-boost|p2b: Tauros|atk|1|[from] item: Mirror Herb
|-boost|p2b: Tauros|spe|1|[from] item: Mirror Herb
|
|-weather|SunnyDay|[upkeep]
|-damage|p2b: Tauros|78/100 psn|[from] psn
|upkeep
|turn|2
|inactive|AntonioCartana has 30 seconds left.
|inactive|sigyps has 30 seconds left.
|
|t:|1756928395
|switch|p1a: Rillaboom|Rillaboom, L50, M|100/100
|-fieldstart|move: Grassy Terrain|[from] ability: Grassy Surge|[of] p1a: Rillaboom
|move|p2b: Tauros|Protect|p2b: Tauros
|-singleturn|p2b: Tauros|Protect
|move|p2a: Lilligant|Sleep Powder|p1b: Dragonite
|-status|p1b: Dragonite|slp|[from] move: Sleep Powder
|-enditem|p1b: Dragonite|Lum Berry|[eat]
|-curestatus|p1b: Dragonite|slp|[msg]
|move|p1b: Dragonite|Dragon Dance|p1b: Dragonite
|-boost|p1b: Dragonite|atk|1
|-boost|p1b: Dragonite|spe|1
|
|-weather|SunnyDay|[upkeep]
|-heal|p2b: Tauros|84/100 psn|[from] Grassy Terrain
|-damage|p2b: Tauros|72/100 psn|[from] psn
|upkeep
|turn|3
|inactive|sigyps has 30 seconds left.
|
|t:|1756928423
|-terastallize|p1b: Dragonite|Flying
|move|p2a: Lilligant|Sleep Powder|p1b: Dragonite|[miss]
|-miss|p2a: Lilligant|p1b: Dragonite
|move|p2b: Tauros|Close Combat|p1a: Rillaboom
|-crit|p1a: Rillaboom
|-damage|p1a: Rillaboom|0 fnt
|-unboost|p2b: Tauros|def|1
|-unboost|p2b: Tauros|spd|1
|faint|p1a: Rillaboom
|move|p1b: Dragonite|Tera Blast|p2b: Tauros|[anim] Tera Blast Flying
|-supereffective|p2b: Tauros
|-crit|p2b: Tauros
|-damage|p2b: Tauros|0 fnt
|faint|p2b: Tauros
|
|-weather|SunnyDay|[upkeep]
|upkeep
|
|t:|1756928435
|switch|p2b: Torkoal|Torkoal, L50, F|100/100
|switch|p1a: Kingambit|Kingambit, L50, F|100/100
|turn|4
|
|t:|1756928442
|move|p1a: Kingambit|Sucker Punch||[still]
|-fail|p1a: Kingambit
|move|p2a: Lilligant|Sleep Powder|p1b: Dragonite
|-status|p1b: Dragonite|slp|[from] move: Sleep Powder
|cant|p1b: Dragonite|slp
|move|p2b: Torkoal|Body Press|p1a: Kingambit
|-supereffective|p1a: Kingambit
|-damage|p1a: Kingambit|27/100
|
|-weather|SunnyDay|[upkeep]
|-heal|p1a: Kingambit|33/100|[from] Grassy Terrain
|upkeep
|turn|5
|
|t:|1756928455
|move|p2a: Lilligant|Protect|p2a: Lilligant
|-singleturn|p2a: Lilligant|Protect
|move|p1a: Kingambit|Protect|p1a: Kingambit
|-singleturn|p1a: Kingambit|Protect
|cant|p1b: Dragonite|slp
|move|p2b: Torkoal|Weather Ball|p1b: Dragonite
|-damage|p1b: Dragonite|73/100 slp
|
|-weather|none
|-heal|p1a: Kingambit|39/100|[from] Grassy Terrain
|upkeep
|turn|6
|
|t:|1756928479
|switch|p2b: Ursaluna|Ursaluna, L50, M|100/100
|move|p1a: Kingambit|Sucker Punch|p2a: Lilligant
|-supereffective|p2a: Lilligant
|-enditem|p2a: Lilligant|Focus Sash
|-damage|p2a: Lilligant|1/100
|-curestatus|p1b: Dragonite|slp|[msg]
|move|p1b: Dragonite|Stomping Tantrum|p2b: Ursaluna
|-damage|p2b: Ursaluna|41/100
|move|p2a: Lilligant|Close Combat|p1a: Kingambit
|-supereffective|p1a: Kingambit
|-damage|p1a: Kingambit|0 fnt
|-unboost|p2a: Lilligant|def|1
|-unboost|p2a: Lilligant|spd|1
|faint|p1a: Kingambit
|
|-heal|p2a: Lilligant|7/100|[from] Grassy Terrain
|-heal|p2b: Ursaluna|47/100|[from] Grassy Terrain
|-fieldend|move: Grassy Terrain
|-status|p2b: Ursaluna|brn|[from] item: Flame Orb
|upkeep
|
|t:|1756928483
|switch|p1a: Sneasler|Sneasler, L50, F|100/100
|turn|7
|
|t:|1756928495
|move|p2a: Lilligant|Protect|p2a: Lilligant
|-singleturn|p2a: Lilligant|Protect
|move|p1b: Dragonite|Dragon Dance|p1b: Dragonite
|-boost|p1b: Dragonite|atk|1
|-boost|p1b: Dragonite|spe|1
|move|p1a: Sneasler|Dire Claw|p2b: Ursaluna
|-resisted|p2b: Ursaluna
|-damage|p2b: Ursaluna|32/100 brn
|move|p2b: Ursaluna|Earthquake|p1b: Dragonite|[spread] p1a
|-activate|p2a: Lilligant|move: Protect
|-immune|p1b: Dragonite
|-supereffective|p1a: Sneasler
|-enditem|p1a: Sneasler|Focus Sash
|-damage|p1a: Sneasler|1/100
|
|-damage|p2b: Ursaluna|27/100 brn|[from] brn
|upkeep
|turn|8
|
|t:|1756928513
|switch|p2b: Torkoal|Torkoal, L50, F|100/100
|-weather|SunnyDay|[from] ability: Drought|[of] p2b: Torkoal
|move|p2a: Lilligant|Sleep Powder|p1b: Dragonite
|-status|p1b: Dragonite|slp|[from] move: Sleep Powder
|cant|p1b: Dragonite|slp
|move|p1a: Sneasler|Close Combat|p2b: Torkoal
|-damage|p2b: Torkoal|55/100
|-unboost|p1a: Sneasler|def|1
|-unboost|p1a: Sneasler|spd|1
|
|-weather|SunnyDay|[upkeep]
|upkeep
|turn|9
|
|t:|1756928532
|move|p2a: Lilligant|Close Combat|p1a: Sneasler
|-resisted|p1a: Sneasler
|-crit|p1a: Sneasler
|-damage|p1a: Sneasler|0 fnt
|-unboost|p2a: Lilligant|def|1
|-unboost|p2a: Lilligant|spd|1
|faint|p1a: Sneasler
|cant|p1b: Dragonite|slp
|move|p2b: Torkoal|Weather Ball|p1b: Dragonite
|-damage|p1b: Dragonite|18/100 slp
|
|-weather|SunnyDay|[upkeep]
|upkeep
|turn|10
|
|t:|1756928541
|move|p2a: Lilligant|Close Combat|p1b: Dragonite
|-resisted|p1b: Dragonite
|-damage|p1b: Dragonite|0 fnt
|-unboost|p2a: Lilligant|def|1
|-unboost|p2a: Lilligant|spd|1
|faint|p1b: Dragonite
|
|win|AntonioCartana
