|j|☆Dlojoker
|j|☆new mental
|html|Dlojokernew mental    
|uhtml|bestof|Game 1 of a best-of-3
|t:|1783350226
|gametype|doubles
|player|p1|Dlojoker|265|1274
|player|p2|new mental|volkner|1416
|gen|9
|tier|[Gen 9 Champions] VGC 2026 Reg M-B (Bo3)
|rated|
|rule|Species Clause: Limit one of each Pokémon
|rule|Item Clause: Limit 1 of each item
|clearpoke
|poke|p1|Scrafty, L50, F|
|poke|p1|Farigiraf, L50, M|
|poke|p1|Mamoswine, L50, F|
|poke|p1|Torkoal, L50, M|
|poke|p1|Pyroar, L50, F|
|poke|p1|Vileplume, L50, F|
|poke|p2|Aerodactyl, L50, M|
|poke|p2|Garchomp, L50, M|
|poke|p2|Kingambit, L50, F|
|poke|p2|Charizard, L50, M|
|poke|p2|Sylveon, L50, F|
|poke|p2|Farigiraf, L50, F|
|teampreview|4
|showteam|p1|Scrafty||Scraftinite|Intimidate|DrainPunch,KnockOff,IcePunch,FakeOut|Adamant||F|||50|]Farigiraf||SitrusBerry|ArmorTail|HelpingHand,TrickRoom,Psychic,Thunderbolt|Modest||M|||50|]Mamoswine||LifeOrb|Oblivious|Protect,IceShard,HighHorsepower,RockSlide|Jolly||F|||50|]Torkoal||Charcoal|Drought|Protect,HelpingHand,Eruption,WeatherBall|Modest||M|||50|]Pyroar||Pyroarite|Rivalry|Protect,SolarBeam,HeatWave,Overheat|Timid||F|||50|]Vileplume||FocusSash|Chlorophyll|SleepPowder,AfterYou,SolarBeam,SludgeBomb|Modest||F|||50|
|showteam|p2|Aerodactyl||Aerodactylite|Unnerve|IceFang,RockSlide,Tailwind,DualWingbeat|Jolly||M|||50|]Garchomp||LifeOrb|RoughSkin|DragonClaw,StompingTantrum,Earthquake,Protect|Jolly||M|||50|]Kingambit||FocusSash|Defiant|SuckerPunch,KowtowCleave,IronHead,LowKick|Adamant||F|||50|]Charizard||CharizarditeY|SolarPower|Protect,HeatWave,SolarBeam,WeatherBall|Timid||M|||50|]Sylveon||FairyFeather|Pixilate|Protect,HyperVoice,HyperBeam,QuickAttack|Modest||F|||50|]Farigiraf||SitrusBerry|ArmorTail|TrickRoom,Thunderbolt,Psychic,Roar|Bold||F|||50|
|inactive|Battle timer is ON: inactive players will automatically lose when time's up. (requested by new mental)
|inactive|Dlojoker has 60 seconds left.
|inactive|Dlojoker has 30 seconds left.
|inactive|Dlojoker has 20 seconds left.
|inactive|Dlojoker has 15 seconds left.
|
|t:|1783350324
|teamsize|p1|4
|teamsize|p2|4
|start
|switch|p1a: Vileplume|Vileplume, L50, F|100/100
|switch|p1b: Mamoswine|Mamoswine, L50, F|100/100
|switch|p2a: Charizard|Charizard, L50, M|100/100
|switch|p2b: Kingambit|Kingambit, L50, F|100/100
|turn|1
|inactive|Dlojoker has 30 seconds left.
|inactive|new mental has 30 seconds left.
|inactive|new mental has 20 seconds left.
|
|t:|1783350364
|move|p2a: Charizard|Protect|p2a: Charizard
|-singleturn|p2a: Charizard|Protect
|move|p1b: Mamoswine|Rock Slide|p2b: Kingambit|[spread] p2b
|-activate|p2a: Charizard|move: Protect
|-resisted|p2b: Kingambit|1
|-damage|p2b: Kingambit|89/100
|-damage|p1b: Mamoswine|90/100|[from] item: Life Orb
|move|p2b: Kingambit|Iron Head|p1b: Mamoswine
|-supereffective|p1b: Mamoswine|1
|-damage|p1b: Mamoswine|0 fnt
|faint|p1b: Mamoswine
|move|p1a: Vileplume|After You|p1: Mamoswine|[notarget]
|-fail|p1a: Vileplume
|
|upkeep
|
|t:|1783350379
|switch|p1b: Torkoal|Torkoal, L50, M|100/100
|-weather|SunnyDay|[from] ability: Drought|[of] p1b: Torkoal
|turn|2
|
|t:|1783350399
|detailschange|p2a: Charizard|Charizard-Mega-Y, L50, M
|-mega|p2a: Charizard|Charizard|Charizardite Y
|move|p2b: Kingambit|Sucker Punch|p1b: Torkoal
|-damage|p1b: Torkoal|66/100
|move|p1a: Vileplume|Sleep Powder|p2a: Charizard|[miss]
|-miss|p1a: Vileplume|p2a: Charizard
|move|p2a: Charizard|Heat Wave|p1b: Torkoal|[spread] p1a,p1b
|-supereffective|p1a: Vileplume|1
|-resisted|p1b: Torkoal|1
|-enditem|p1a: Vileplume|Focus Sash
|-damage|p1a: Vileplume|1/100
|-damage|p1b: Torkoal|27/100
|move|p1b: Torkoal|Weather Ball|p2b: Kingambit
|-supereffective|p2b: Kingambit|1
|-damage|p2b: Kingambit|0 fnt
|faint|p2b: Kingambit
|
|-weather|SunnyDay|[upkeep]
|upkeep
|
|t:|1783350415
|switch|p2b: Sylveon|Sylveon, L50, F|100/100
|turn|3
|
|t:|1783350432
|switch|p1b: Pyroar|Pyroar, L50, F|100/100
|move|p2b: Sylveon|Quick Attack|p1a: Vileplume
|-resisted|p1a: Vileplume|1
|-damage|p1a: Vileplume|0 fnt
|faint|p1a: Vileplume
|move|p2a: Charizard|Weather Ball|p1b: Pyroar
|-resisted|p1b: Pyroar|1
|-damage|p1b: Pyroar|41/100
|
|-weather|SunnyDay|[upkeep]
|upkeep
|
|t:|1783350437
|switch|p1a: Torkoal|Torkoal, L50, M|27/100
|turn|4
|
|t:|1783350446
|detailschange|p1b: Pyroar|Pyroar-Mega, L50, F
|-mega|p1b: Pyroar|Pyroar|Pyroarite
|move|p1a: Torkoal|Helping Hand|p1b: Pyroar
|-singleturn|p1b: Pyroar|Helping Hand|[of] p1a: Torkoal
|move|p1b: Pyroar|Heat Wave|p2a: Charizard|[spread] p2a,p2b
|-resisted|p2a: Charizard|1
|-damage|p2a: Charizard|42/100
|-damage|p2b: Sylveon|0 fnt
|faint|p2b: Sylveon
|move|p2a: Charizard|Heat Wave|p1a: Torkoal|[spread] p1a,p1b
|-resisted|p1a: Torkoal|1
|-resisted|p1b: Pyroar|1
|-damage|p1a: Torkoal|0 fnt
|-damage|p1b: Pyroar|9/100
|faint|p1a: Torkoal
|
|-weather|SunnyDay|[upkeep]
|upkeep
|
|t:|1783350458
|switch|p2b: Farigiraf|Farigiraf, L50, F|100/100
|turn|5
|
|t:|1783350478
|move|p1b: Pyroar|Overheat|p2b: Farigiraf|[miss]
|-miss|p1b: Pyroar|p2b: Farigiraf
|move|p2a: Charizard|Weather Ball|p1b: Pyroar
|-resisted|p1b: Pyroar|1
|-damage|p1b: Pyroar|0 fnt
|faint|p1b: Pyroar
|
|win|new mental
||Dlojoker is ready for game 2.
||new mental is ready for game 2.
|uhtml|next|Next: Game 2 of 3
