|j|☆bpecina03
|j|☆tang de maracuja
|html|bpecina03tang de maracuja    
|uhtml|bestof|Game 2 of a best-of-3
|t:|1784676708
|gametype|doubles
|player|p1|bpecina03|265|1310
|player|p2|tang de maracuja|morty|1217
|gen|9
|tier|[Gen 9 Champions] VGC 2026 Reg M-B (Bo3)
|rated|
|rule|Species Clause: Limit one of each Pokémon
|rule|Item Clause: Limit 1 of each item
|clearpoke
|poke|p1|Delphox, L50, M|
|poke|p1|Meowscarada, L50, M|
|poke|p1|Kingambit, L50, M|
|poke|p1|Aerodactyl, L50, F|
|poke|p1|Sylveon, L50, F|
|poke|p1|Basculegion, L50, M|
|poke|p2|Sinistcha, L50|
|poke|p2|Gholdengo, L50|
|poke|p2|Incineroar, L50, F|
|poke|p2|Staraptor, L50, F|
|poke|p2|Arcanine-Hisui, L50, F|
|poke|p2|Ninetales-Alola, L50, M|
|teampreview|4
|showteam|p1|Delphox||Delphoxite|Blaze|Protect,Encore,HeatWave,Psychic|Timid||M|||50|]Meowscarada||ChoiceScarf|Protean|TripleAxel,KnockOff,FlowerTrick,Uturn|Adamant||M|||50|]Kingambit||LifeOrb|Defiant|KowtowCleave,IronHead,SuckerPunch,Protect|Adamant||M|||50|]Aerodactyl||Aerodactylite|Unnerve|RockSlide,Tailwind,Protect,DualWingbeat|Jolly||F|||50|]Sylveon||FairyFeather|Pixilate|Protect,HyperVoice,HyperBeam,QuickAttack|Modest||F|||50|]Basculegion||FocusSash|Adaptability|LastRespects,Liquidation,AquaJet,Protect|Jolly||M|||50|
|showteam|p2|Sinistcha||ColburBerry|Hospitality|MatchaGotcha,RagePowder,TrickRoom,StrengthSap|Calm|||||50|]Gholdengo||LifeOrb|GoodasGold|Protect,MakeItRain,ShadowBall,NastyPlot|Modest|||||50|]Incineroar||SitrusBerry|Intimidate|PartingShot,FlareBlitz,DarkestLariat,FakeOut|Careful||F|||50|]Staraptor||Staraptite|Intimidate|Protect,CloseCombat,BraveBird,Roost|Jolly||F|||50|]Arcanine-Hisui||FocusSash|RockHead|Protect,HeadSmash,FlareBlitz,ExtremeSpeed|Jolly||F|||50|]Ninetales-Alola||NeverMeltIce|SnowWarning|Protect,Blizzard,FreezeDry,AuroraVeil|Timid||M|||50|
|inactive|Battle timer is ON: inactive players will automatically lose when time's up. (requested by tang de maracuja)
|
|t:|1784676733
|teamsize|p1|4
|teamsize|p2|4
|start
|switch|p1a: Delphox|Delphox, L50, M|100/100
|switch|p1b: Kingambit|Kingambit, L50, M|100/100
|switch|p2a: Gholdengo|Gholdengo, L50|100/100
|switch|p2b: Arcanine|Arcanine-Hisui, L50, F|100/100
|turn|1
|inactive|tang de maracuja has 30 seconds left.
|inactive|tang de maracuja has 20 seconds left.
|inactive|tang de maracuja has 15 seconds left.
|
|t:|1784676774
|detailschange|p1a: Delphox|Delphox-Mega, L50, M
|-mega|p1a: Delphox|Delphox|Delphoxite
|move|p1b: Kingambit|Sucker Punch|p2b: Arcanine
|-damage|p2b: Arcanine|29/100
|-damage|p1b: Kingambit|90/100|[from] item: Life Orb
|move|p1a: Delphox|Heat Wave|p2a: Gholdengo|[spread] p2a,p2b
|-supereffective|p2a: Gholdengo|1
|-resisted|p2b: Arcanine|2
|-damage|p2a: Gholdengo|19/100
|-damage|p2b: Arcanine|15/100
|move|p2b: Arcanine|Flare Blitz|p1b: Kingambit
|-supereffective|p1b: Kingambit|1
|-damage|p1b: Kingambit|9/100
|move|p2a: Gholdengo|Shadow Ball|p1a: Delphox
|-supereffective|p1a: Delphox|1
|-damage|p1a: Delphox|4/100
|-damage|p2a: Gholdengo|10/100|[from] item: Life Orb
|
|upkeep
|turn|2
|inactive|tang de maracuja has 30 seconds left.
|
|t:|1784676799
|switch|p2a: Sinistcha|Sinistcha, L50|100/100
|-heal|p2b: Arcanine|40/100|[from] ability: Hospitality|[of] p2a: Sinistcha
|move|p1a: Delphox|Protect|p1a: Delphox
|-singleturn|p1a: Delphox|Protect
|move|p2b: Arcanine|Extreme Speed|p1b: Kingambit
|-resisted|p1b: Kingambit|1
|-damage|p1b: Kingambit|0 fnt
|faint|p1b: Kingambit
|
|upkeep
|
|t:|1784676812
|switch|p1b: Meowscarada|Meowscarada, L50, M|100/100
|turn|3
|
|t:|1784676828
|switch|p1a: Basculegion|Basculegion, L50, M|100/100
|move|p2b: Arcanine|Protect|p2b: Arcanine
|-singleturn|p2b: Arcanine|Protect
|move|p1b: Meowscarada|Knock Off|p2a: Sinistcha
|-start|p1b: Meowscarada|typechange|Dark|[from] ability: Protean
|-supereffective|p2a: Sinistcha|1
|-enditem|p2a: Sinistcha|Colbur Berry|[eat]
|-enditem|p2a: Sinistcha|Colbur Berry|[weaken]
|-damage|p2a: Sinistcha|52/100
|move|p2a: Sinistcha|Trick Room|p2a: Sinistcha
|-fieldstart|move: Trick Room|[of] p2a: Sinistcha
|
|upkeep
|turn|4
|
|t:|1784676844
|move|p2b: Arcanine|Extreme Speed|p1b: Meowscarada
|-damage|p1b: Meowscarada|57/100
|move|p1a: Basculegion|Aqua Jet|p2b: Arcanine
|-supereffective|p2b: Arcanine|2
|-damage|p2b: Arcanine|0 fnt
|faint|p2b: Arcanine
|move|p2a: Sinistcha|Matcha Gotcha|p1a: Basculegion|[spread] p1a,p1b
|-supereffective|p1a: Basculegion|1
|-damage|p1a: Basculegion|48/100
|-heal|p2a: Sinistcha|80/100|[from] drain|[of] p1a: Basculegion
|-damage|p1b: Meowscarada|19/100
|-heal|p2a: Sinistcha|97/100|[from] drain|[of] p1b: Meowscarada
|-status|p1b: Meowscarada|brn
|move|p1b: Meowscarada|Knock Off|p2a: Sinistcha
|-supereffective|p2a: Sinistcha|1
|-damage|p2a: Sinistcha|63/100
|
|-damage|p1b: Meowscarada|13/100 brn|[from] brn
|upkeep
|
|t:|1784676851
|switch|p2b: Incineroar|Incineroar, L50, F|100/100
|-ability|p2b: Incineroar|Intimidate|boost
|-unboost|p1a: Basculegion|atk|1
|-unboost|p1b: Meowscarada|atk|1
|turn|5
|-message|bpecina03 forfeited.
|
|win|tang de maracuja
