|j|☆JasonButtholz
|j|☆JakAttack626
|html|JasonButtholzJakAttack626    
|uhtml|bestof|Game 2 of a best-of-3
|t:|1756575528
|gametype|doubles
|player|p1|JasonButtholz|170|1044
|player|p2|JakAttack626|blue|1044
|gen|9
|tier|[Gen 9] VGC 2025 Reg H (Bo3)
|rated|
|rule|Species Clause: Limit one of each Pokémon
|rule|Item Clause: Limit 1 of each item
|clearpoke
|poke|p1|Sneasler, L50, M|
|poke|p1|Reuniclus, L50, M|
|poke|p1|Indeedee-F, L50, F|
|poke|p1|Primarina, L50, M|
|poke|p1|Whimsicott, L50, M|
|poke|p1|Ursaluna, L50, M|
|poke|p2|Annihilape, L50, M|
|poke|p2|Ninetales-Alola, L50, M|
|poke|p2|Garchomp, L50, F|
|poke|p2|Dragonite, L50, M|
|poke|p2|Sneasler, L50, M|
|poke|p2|Incineroar, L50, F|
|teampreview|4
|showteam|p1|Sneasler||PsychicSeed|Unburden|Protect,FakeOut,DireClaw,CloseCombat|||M|||50|,,,,,Stellar]Reuniclus||LifeOrb|MagicGuard|ShadowBall,Protect,ExpandingForce,TeraBlast|||M|||50|,,,,,Fighting]Indeedee-F||SitrusBerry|PsychicSurge|FollowMe,TrickRoom,HelpingHand,Psychic|||F|||50|,,,,,Fairy]Primarina||MysticWater|Torrent|HyperVoice,Moonblast,Protect,Reflect|||M|||50|,,,,,Dragon]Whimsicott||CovertCloak|Prankster|Protect,Tailwind,Moonblast,Taunt|||M|||50|,,,,,Water]Ursaluna||FlameOrb|Guts|Protect,HeadlongRush,Facade,SwordsDance|||M|||50|,,,,,Ghost
|showteam|p2|Annihilape||AssaultVest|Defiant|RageFist,DrainPunch,RockTomb,FinalGambit|||M|||50|,,,,,Fire]Ninetales-Alola||ChoiceSpecs|SnowWarning|Blizzard,Moonblast,FreezeDry,IcyWind|||M|||50|,,,,,Ghost]Garchomp||LifeOrb|RoughSkin|Earthquake,StompingTantrum,DragonClaw,Protect|||F|||50|,,,,,Steel]Dragonite||LoadedDice|Multiscale|ScaleShot,Tailwind,Protect,Haze|||M|||50|,,,,,Fairy]Sneasler||FocusSash|Unburden|CloseCombat,DireClaw,FakeOut,Coaching|||M|||50|,,,,,Ghost]Incineroar||SafetyGoggles|Intimidate|KnockOff,Taunt,FakeOut,PartingShot|||F|||50|,,,,,Fairy
|inactive|Battle timer is ON: inactive players will automatically lose when time's up. (requested by JakAttack626)
|
|t:|1756575579
|teamsize|p1|4
|teamsize|p2|4
|start
|switch|p1a: Sneasler|Sneasler, L50, M|100/100
|switch|p1b: Whimsicott|Whimsicott, L50, M|100/100
|switch|p2a: Annihilape|Annihilape, L50, M, shiny|100/100
|switch|p2b: Sneasler|Sneasler, L50, M, shiny|100/100
|turn|1
|inactive|JakAttack626 has 30 seconds left.
|inactive|JakAttack626 has 20 seconds left.
|inactive|JakAttack626 has 15 seconds left.
|
|t:|1756575622
|-terastallize|p2b: Sneasler|Ghost
|move|p1a: Sneasler|Protect|p1a: Sneasler
|-singleturn|p1a: Sneasler|Protect
|move|p1b: Whimsicott|Tailwind|p1b: Whimsicott
|-sidestart|p1: JasonButtholz|move: Tailwind
|move|p2b: Sneasler|Dire Claw|p1b: Whimsicott
|-supereffective|p1b: Whimsicott
|-damage|p1b: Whimsicott|0 fnt
|faint|p1b: Whimsicott
|move|p2a: Annihilape|Drain Punch|p1a: Sneasler
|-activate|p1a: Sneasler|move: Protect
|
|upkeep
|
|t:|1756575634
|switch|p1b: Indeedee|Indeedee-F, L50, F|100/100
|-fieldstart|move: Psychic Terrain|[from] ability: Psychic Surge|[of] p1b: Indeedee
|-enditem|p1a: Sneasler|Psychic Seed
|-boost|p1a: Sneasler|spd|1|[from] item: Psychic Seed
|turn|2
|inactive|JasonButtholz has 30 seconds left.
|
|t:|1756575668
|switch|p2a: Incineroar|Incineroar, L50, F, shiny|100/100
|-ability|p2a: Incineroar|Intimidate|boost
|-unboost|p1a: Sneasler|atk|1
|-unboost|p1b: Indeedee|atk|1
|move|p1b: Indeedee|Helping Hand|p1a: Sneasler
|-singleturn|p1a: Sneasler|Helping Hand|[of] p1b: Indeedee
|move|p1a: Sneasler|Dire Claw|p2b: Sneasler
|-resisted|p2b: Sneasler
|-damage|p2b: Sneasler|64/100
|move|p2b: Sneasler|Coaching|p2a: Incineroar
|-boost|p2a: Incineroar|atk|1
|-boost|p2a: Incineroar|def|1
|
|upkeep
|turn|3
|inactive|JakAttack626 has 30 seconds left.
|
|t:|1756575694
|switch|p1a: Reuniclus|Reuniclus, L50, M|100/100
|move|p1b: Indeedee|Psychic|p2b: Sneasler
|-damage|p2b: Sneasler|10/100
|move|p2b: Sneasler|Coaching|p2a: Incineroar
|-boost|p2a: Incineroar|atk|1
|-boost|p2a: Incineroar|def|1
|move|p2a: Incineroar|Knock Off|p1b: Indeedee
|-supereffective|p1b: Indeedee
|-damage|p1b: Indeedee|0 fnt
|-enditem|p1b: Indeedee|Sitrus Berry|[from] move: Knock Off|[of] p2a: Incineroar
|faint|p1b: Indeedee
|
|upkeep
|
|t:|1756575705
|switch|p1b: Sneasler|Sneasler, L50, M|100/100
|turn|4
|
|t:|1756575716
|move|p1b: Sneasler|Close Combat|p2a: Incineroar
|-supereffective|p2a: Incineroar
|-damage|p2a: Incineroar|29/100
|-unboost|p1b: Sneasler|def|1
|-unboost|p1b: Sneasler|spd|1
|move|p2b: Sneasler|Coaching|p2a: Incineroar
|-boost|p2a: Incineroar|atk|1
|-boost|p2a: Incineroar|def|1
|move|p1a: Reuniclus|Expanding Force|p2b: Sneasler|[spread] p2b
|-immune|p2a: Incineroar
|-damage|p2b: Sneasler|0 fnt
|faint|p2b: Sneasler
|move|p2a: Incineroar|Knock Off|p1a: Reuniclus
|-supereffective|p1a: Reuniclus
|-damage|p1a: Reuniclus|0 fnt
|-enditem|p1a: Reuniclus|Life Orb|[from] move: Knock Off|[of] p2a: Incineroar
|faint|p1a: Reuniclus
|
|-sideend|p1: JasonButtholz|move: Tailwind
|upkeep
|
|t:|1756575731
|switch|p2b: Dragonite|Dragonite, L50, M, shiny|100/100
|turn|5
|-message|JasonButtholz forfeited.
|
|win|JakAttack626
|l|☆JasonButtholz
|player|p1|
