|j|☆RegiSIXSEVEN
|j|☆Beegoxp
|html|RegiSIXSEVENBeegoxp    
|uhtml|bestof|Game 1 of a best-of-3
|t:|1782313762
|gametype|doubles
|player|p1|RegiSIXSEVEN|steven|1080
|player|p2|Beegoxp|266|1000
|gen|9
|tier|[Gen 9 Champions] VGC 2026 Reg M-B (Bo3)
|rated|
|rule|Species Clause: Limit one of each Pokémon
|rule|Item Clause: Limit 1 of each item
|clearpoke
|poke|p1|Dragalge, L50, M, shiny|
|poke|p1|Kommo-o, L50, F, shiny|
|poke|p1|Rotom-Wash, L50, shiny|
|poke|p1|Tyranitar, L50, M, shiny|
|poke|p1|Serperior, L50, F, shiny|
|poke|p1|Incineroar, L50, F|
|poke|p2|Blastoise, L50, M, shiny|
|poke|p2|Pelipper, L50, F, shiny|
|poke|p2|Archaludon, L50, F, shiny|
|poke|p2|Incineroar, L50, M, shiny|
|poke|p2|Sneasler, L50, M, shiny|
|poke|p2|Rotom-Wash, L50, shiny|
|teampreview|4
|showteam|p1|Dragalge||Dragalgite|Adaptability|SludgeBomb,DracoMeteor,Thunderbolt,FlipTurn|Sassy||M|||50|]Kommo-o||Leftovers|Overcoat|ClangingScales,AuraSphere,ClangorousSoul,Protect|Modest||F|||50|]Rotom-Wash||ChoiceScarf|Levitate|HydroPump,Thunderbolt,VoltSwitch,Electroweb|Modest|||||50|]Tyranitar||Tyranitarite|SandStream|RockSlide,KnockOff,DragonDance,Protect|Jolly||M|||50|]Serperior||MentalHerb|Contrary|LeafStorm,Reflect,LightScreen,Glare|Timid||F|||50|]Incineroar||ShucaBerry|Intimidate|FakeOut,FlareBlitz,ThroatChop,PartingShot|Careful||F|||50|
|showteam|p2|Blastoise||Blastoisinite|Torrent|Earthquake,IceBeam,Protect,WaterSpout|Modest||M|||50|]Pelipper||DampRock|Drizzle|Uturn,IceBeam,Hurricane,WeatherBall|Bold||F|||50|]Archaludon||MentalHerb|Stamina|ElectroShot,Protect,DragonPulse,FlashCannon|Bold||F|||50|]Incineroar||LumBerry|Intimidate|FakeOut,PartingShot,FireBlast,Protect|Sassy||M|||50|]Sneasler||FocusSash|Unburden|CloseCombat,FakeOut,DireClaw,Uturn|Adamant||M|||50|]Rotom-Wash||Leftovers|Levitate|HydroPump,VoltSwitch,Thunderbolt,Protect|Bold|||||50|
|inactive|Battle timer is ON: inactive players will automatically lose when time's up. (requested by RegiSIXSEVEN)
|inactive|RegiSIXSEVEN has 60 seconds left.
|inactive|Beegoxp has 60 seconds left.
|
|t:|1782313812
|teamsize|p1|4
|teamsize|p2|4
|start
|switch|p1a: Dragalge|Dragalge, L50, M, shiny|100/100
|switch|p1b: Incineroar|Incineroar, L50, F|100/100
|switch|p2a: Pelipper|Pelipper, L50, F, shiny|100/100
|switch|p2b: Blastoise|Blastoise, L50, M, shiny|100/100
|-weather|RainDance|[from] ability: Drizzle|[of] p2a: Pelipper
|-ability|p1b: Incineroar|Intimidate|boost
|-unboost|p2a: Pelipper|atk|1
|-unboost|p2b: Blastoise|atk|1
|turn|1
|
|t:|1782313832
|detailschange|p2b: Blastoise|Blastoise-Mega, L50, M, shiny
|-mega|p2b: Blastoise|Blastoise|Blastoisinite
|detailschange|p1a: Dragalge|Dragalge-Mega, L50, M, shiny
|-mega|p1a: Dragalge|Dragalge|Dragalgite
|move|p1b: Incineroar|Fake Out|p2b: Blastoise
|-damage|p2b: Blastoise|89/100
|cant|p2b: Blastoise|flinch
|move|p2a: Pelipper|U-turn|p1a: Dragalge
|-resisted|p1a: Dragalge|1
|-damage|p1a: Dragalge|97/100
|
|t:|1782313844
|switch|p2a: Incineroar|Incineroar, L50, M, shiny|100/100|[from] U-turn
|-ability|p2a: Incineroar|Intimidate|boost
|-unboost|p1a: Dragalge|atk|1
|-unboost|p1b: Incineroar|atk|1
|move|p1a: Dragalge|Thunderbolt|p2a: Incineroar
|-damage|p2a: Incineroar|76/100
|
|-weather|RainDance|[upkeep]
|upkeep
|turn|2
|
|t:|1782313860
|switch|p1b: Serperior|Serperior, L50, F, shiny|100/100
|move|p2a: Incineroar|Fake Out|p1a: Dragalge
|-damage|p1a: Dragalge|86/100
|move|p2b: Blastoise|Water Spout|p1a: Dragalge|[spread] p1a,p1b
|-resisted|p1a: Dragalge|1
|-resisted|p1b: Serperior|1
|-damage|p1a: Dragalge|61/100
|-damage|p1b: Serperior|56/100
|cant|p1a: Dragalge|flinch
|
|-weather|RainDance|[upkeep]
|upkeep
|turn|3
|
|t:|1782313882
|move|p1b: Serperior|Light Screen|p1b: Serperior
|-sidestart|p1: RegiSIXSEVEN|move: Light Screen
|move|p2b: Blastoise|Ice Beam|p1a: Dragalge
|-supereffective|p1a: Dragalge|1
|-damage|p1a: Dragalge|33/100
|move|p2a: Incineroar|Fire Blast|p1b: Serperior
|-supereffective|p1b: Serperior|1
|-damage|p1b: Serperior|36/100
|move|p1a: Dragalge|Thunderbolt|p2b: Blastoise
|-supereffective|p2b: Blastoise|1
|-damage|p2b: Blastoise|33/100
|
|-weather|RainDance|[upkeep]
|upkeep
|turn|4
|
|t:|1782313901
|move|p2b: Blastoise|Protect|p2b: Blastoise
|-singleturn|p2b: Blastoise|Protect
|move|p1b: Serperior|Leaf Storm|p2b: Blastoise
|-activate|p2b: Blastoise|move: Protect
|move|p2a: Incineroar|Fire Blast|p1b: Serperior
|-supereffective|p1b: Serperior|1
|-damage|p1b: Serperior|13/100
|move|p1a: Dragalge|Flip Turn|p2a: Incineroar
|-supereffective|p2a: Incineroar|1
|-damage|p2a: Incineroar|53/100
|
|t:|1782313910
|-heal|p1a: Dragalge|66/100|[from] ability: Regenerator|[silent]
|switch|p1a: Incineroar|Incineroar, L50, F|100/100|[from] Flip Turn
|-ability|p1a: Incineroar|Intimidate|boost
|-unboost|p2a: Incineroar|atk|1
|-unboost|p2b: Blastoise|atk|1
|
|-weather|RainDance|[upkeep]
|upkeep
|turn|5
|
|t:|1782313924
|move|p2b: Blastoise|Protect|p2b: Blastoise
|-singleturn|p2b: Blastoise|Protect
|move|p1a: Incineroar|Fake Out|p2a: Incineroar
|-damage|p2a: Incineroar|43/100
|move|p1b: Serperior|Leaf Storm|p2b: Blastoise
|-activate|p2b: Blastoise|move: Protect
|cant|p2a: Incineroar|flinch
|
|-weather|RainDance|[upkeep]
|upkeep
|turn|6
|
|t:|1782313938
|move|p1b: Serperior|Leaf Storm|p2b: Blastoise
|-supereffective|p2b: Blastoise|1
|-damage|p2b: Blastoise|0 fnt
|-boost|p1b: Serperior|spa|2
|faint|p2b: Blastoise
|move|p1a: Incineroar|Parting Shot|p2a: Incineroar
|-unboost|p2a: Incineroar|atk|1
|-unboost|p2a: Incineroar|spa|1
|
|t:|1782313945
|switch|p1a: Dragalge|Dragalge-Mega, L50, M, shiny|66/100|[from] Parting Shot
|move|p2a: Incineroar|Fire Blast|p1b: Serperior
|-supereffective|p1b: Serperior|1
|-damage|p1b: Serperior|1/100
|
|-weather|RainDance|[upkeep]
|upkeep
|
|t:|1782313950
|switch|p2b: Sneasler|Sneasler, L50, M, shiny|100/100
|turn|7
|inactive|Beegoxp has 30 seconds left.
|
|t:|1782313976
|switch|p1b: Incineroar|Incineroar, L50, F|100/100
|-ability|p1b: Incineroar|Intimidate|boost
|-unboost|p2a: Incineroar|atk|1
|-unboost|p2b: Sneasler|atk|1
|move|p2b: Sneasler|Fake Out|p1b: Incineroar
|-damage|p1b: Incineroar|91/100
|move|p2a: Incineroar|Parting Shot|p1a: Dragalge
|-unboost|p1a: Dragalge|atk|1
|-unboost|p1a: Dragalge|spa|1
|
|t:|1782313986
|switch|p2a: Pelipper|Pelipper, L50, F, shiny|100/100|[from] Parting Shot
|move|p1a: Dragalge|Draco Meteor|p2b: Sneasler
|-damage|p2b: Sneasler|34/100
|-unboost|p1a: Dragalge|spa|2
|
|-weather|RainDance|[upkeep]
|-sideend|p1: RegiSIXSEVEN|move: Light Screen
|upkeep
|turn|8
|
|t:|1782314002
|move|p1b: Incineroar|Fake Out|p2b: Sneasler
|-damage|p2b: Sneasler|15/100
|cant|p2b: Sneasler|flinch
|move|p2a: Pelipper|Weather Ball|p1b: Incineroar
|-supereffective|p1b: Incineroar|1
|-damage|p1b: Incineroar|8/100
|move|p1a: Dragalge|Thunderbolt|p2a: Pelipper
|-supereffective|p2a: Pelipper|2
|-crit|p2a: Pelipper
|-damage|p2a: Pelipper|0 fnt
|faint|p2a: Pelipper
|
|-weather|none
|upkeep
|
|t:|1782314013
|switch|p2a: Incineroar|Incineroar, L50, M, shiny|43/100
|-ability|p2a: Incineroar|Intimidate|boost
|-unboost|p1a: Dragalge|atk|1
|-unboost|p1b: Incineroar|atk|1
|turn|9
|
|t:|1782314022
|switch|p1b: Tyranitar|Tyranitar, L50, M, shiny|100/100
|-weather|Sandstorm|[from] ability: Sand Stream|[of] p1b: Tyranitar
|move|p2a: Incineroar|Fake Out|p1a: Dragalge
|-damage|p1a: Dragalge|55/100
|move|p2b: Sneasler|Dire Claw|p1b: Tyranitar
|-resisted|p1b: Tyranitar|1
|-damage|p1b: Tyranitar|85/100
|cant|p1a: Dragalge|flinch
|
|-weather|Sandstorm|[upkeep]
|-damage|p2b: Sneasler|9/100|[from] Sandstorm
|-damage|p2a: Incineroar|37/100|[from] Sandstorm
|-damage|p1a: Dragalge|50/100y|[from] Sandstorm
|upkeep
|turn|10
|
|t:|1782314037
|switch|p1b: Incineroar|Incineroar, L50, F|8/100
|-ability|p1b: Incineroar|Intimidate|boost
|-unboost|p2a: Incineroar|atk|1
|-unboost|p2b: Sneasler|atk|1
|move|p2b: Sneasler|Close Combat|p1b: Incineroar
|-supereffective|p1b: Incineroar|1
|-damage|p1b: Incineroar|0 fnt
|-unboost|p2b: Sneasler|def|1
|-unboost|p2b: Sneasler|spd|1
|faint|p1b: Incineroar
|move|p2a: Incineroar|Fire Blast|p1a: Dragalge
|-resisted|p1a: Dragalge|1
|-damage|p1a: Dragalge|39/100
|move|p1a: Dragalge|Flip Turn|p2b: Sneasler
|-damage|p2b: Sneasler|0 fnt
|faint|p2b: Sneasler
|
|t:|1782314052
|-heal|p1a: Dragalge|72/100|[from] ability: Regenerator|[silent]
|switch|p1a: Tyranitar|Tyranitar, L50, M, shiny|85/100|[from] Flip Turn
|
|-weather|Sandstorm|[upkeep]
|-damage|p2a: Incineroar|31/100|[from] Sandstorm
|upkeep
|
|t:|1782314054
|switch|p1b: Dragalge|Dragalge-Mega, L50, M, shiny|72/100
|turn|11
|-message|Beegoxp forfeited.
|
|win|RegiSIXSEVEN
