|j|☆yosiel
|j|☆reactorx
|html|yosielreactorx    
|uhtml|bestof|Game 1 of a best-of-3
|t:|1782197900
|gametype|doubles
|player|p1|yosiel|acetrainersnow|1056
|player|p2|reactorx|alder|1156
|gen|9
|tier|[Gen 9 Champions] VGC 2026 Reg M-B (Bo3)
|rated|
|rule|Species Clause: Limit one of each Pokémon
|rule|Item Clause: Limit 1 of each item
|clearpoke
|poke|p1|Milotic, L50, F, shiny|
|poke|p1|Sinistcha-Masterpiece, L50, shiny|
|poke|p1|Archaludon, L50, M, shiny|
|poke|p1|Farigiraf, L50, F, shiny|
|poke|p1|Incineroar, L50, M|
|poke|p1|Floette-Eternal, L50, F|
|poke|p2|Camerupt, L50, M, shiny|
|poke|p2|Farigiraf, L50, M, shiny|
|poke|p2|Skeledirge, L50, M|
|poke|p2|Drampa, L50, M|
|poke|p2|Rotom-Wash, L50|
|poke|p2|Scizor, L50, M, shiny|
|teampreview|4
|showteam|p1|Milotic||Leftovers|Competitive|IceBeam,Protect,MuddyWater,LifeDew|Relaxed||F|||50|]Sinistcha-Masterpiece||SitrusBerry|Hospitality|MatchaGotcha,TrickRoom,Protect,RagePowder|Calm|||||50|]Archaludon||ChopleBerry|Stamina|Protect,AuraSphere,ElectroShot,FlashCannon|Calm||M|||50|]Farigiraf||ColburBerry|ArmorTail|TwinBeam,TrickRoom,RainDance,HelpingHand|Bold||F|||50|]Incineroar||LifeOrb|Intimidate|Facade,PartingShot,FlareBlitz,DarkestLariat|Impish||M|||50|]Floette-Eternal||Floettite|FlowerVeil|Protect,CalmMind,DazzlingGleam,GigaDrain|Relaxed||F|||50|
|showteam|p2|Camerupt||Cameruptite|SolidRock|AncientPower,Protect,HeatWave,EarthPower|Quiet||M|||50|]Farigiraf||ColburBerry|ArmorTail|Gravity,TwinBeam,TrickRoom,SunnyDay|Bold||M|||50|]Skeledirge||KasibBerry|Unaware|TorchSong,Protect,ShadowBall,EarthPower|Sassy||M|||50|]Drampa||Drampanite|SapSipper|HyperVoice,EarthPower,DracoMeteor,Roost|Quiet||M|||50|]Rotom-Wash||ChoiceScarf|Levitate|HydroPump,VoltSwitch,Trick,Thunderbolt|Timid|||||50|]Scizor||MetalCoat|Technician|BulletPunch,SwordsDance,Lunge,KnockOff|Brave||M|||50|
|inactive|Battle timer is ON: inactive players will automatically lose when time's up. (requested by yosiel)
|
|t:|1782197933
|teamsize|p1|4
|teamsize|p2|4
|start
|switch|p1a: Milotic|Milotic, L50, F, shiny|100/100
|switch|p1b: Farigiraf|Farigiraf, L50, F, shiny|100/100
|switch|p2a: Mimu|Farigiraf, L50, M, shiny|100/100
|switch|p2b: Rotom|Rotom-Wash, L50|100/100
|turn|1
|
|t:|1782197951
|switch|p1a: Floette|Floette-Eternal, L50, F|100/100
|move|p2b: Rotom|Trick|p1b: Farigiraf
|-activate|p2b: Rotom|move: Trick|[of] p1b: Farigiraf
|-item|p1b: Farigiraf|Choice Scarf|[from] move: Trick
|-item|p2b: Rotom|Colbur Berry|[from] move: Trick
|move|p1b: Farigiraf|Twin Beam|p2b: Rotom
|-damage|p2b: Rotom|76/100
|-damage|p2b: Rotom|55/100
|-hitcount|p2b: Rotom|2
|move|p2a: Mimu|Trick Room|p2a: Mimu
|-fieldstart|move: Trick Room|[of] p2a: Mimu
|
|upkeep
|turn|2
|inactive|reactorx has 30 seconds left.
|
|t:|1782197982
|detailschange|p1a: Floette|Floette-Mega, L50, F
|-mega|p1a: Floette|Floette|Floettite
|-ability|p1a: Floette|Fairy Aura
|move|p2a: Mimu|Sunny Day|p2a: Mimu
|-weather|SunnyDay
|move|p1a: Floette|Calm Mind|p1a: Floette
|-boost|p1a: Floette|spa|1
|-boost|p1a: Floette|spd|1
|move|p1b: Farigiraf|Twin Beam|p2b: Rotom
|-damage|p2b: Rotom|33/100
|-damage|p2b: Rotom|11/100
|-hitcount|p2b: Rotom|2
|move|p2b: Rotom|Volt Switch|p1a: Floette
|-damage|p1a: Floette|85/100
|
|t:|1782198005
|switch|p2b: Skeledirge|Skeledirge, L50, M|100/100|[from] Volt Switch
|
|-weather|SunnyDay|[upkeep]
|upkeep
|turn|3
|
|t:|1782198012
|switch|p2a: Drampa|Drampa, L50, M|100/100
|switch|p1b: Milotic|Milotic, L50, F, shiny|100/100
|move|p2b: Skeledirge|Torch Song|p1a: Floette
|-damage|p1a: Floette|51/100
|-boost|p2b: Skeledirge|spa|1
|move|p1a: Floette|Dazzling Gleam|p2a: Drampa|[spread] p2a,p2b
|-supereffective|p2a: Drampa|1
|-resisted|p2b: Skeledirge|1
|-damage|p2a: Drampa|0 fnt
|-damage|p2b: Skeledirge|83/100
|faint|p2a: Drampa
|
|-weather|SunnyDay|[upkeep]
|upkeep
|
|t:|1782198032
|switch|p2a: Mimu|Farigiraf, L50, M, shiny|100/100
|turn|4
|
|t:|1782198041
|move|p1a: Floette|Protect|p1a: Floette
|-singleturn|p1a: Floette|Protect
|move|p2b: Skeledirge|Torch Song|p1a: Floette
|-activate|p1a: Floette|move: Protect
|move|p2a: Mimu|Twin Beam|p1b: Milotic
|-damage|p1b: Milotic|89/100
|-damage|p1b: Milotic|80/100
|-hitcount|p1b: Milotic|2
|move|p1b: Milotic|Life Dew|p1b: Milotic|[spread] p1a,p1b
|-heal|p1a: Floette|76/100
|-heal|p1b: Milotic|100/100
|
|-weather|SunnyDay|[upkeep]
|upkeep
|turn|5
|
|t:|1782198064
|move|p2b: Skeledirge|Shadow Ball|p1b: Milotic
|-damage|p1b: Milotic|64/100
|move|p2a: Mimu|Twin Beam|p1b: Milotic
|-damage|p1b: Milotic|53/100
|-damage|p1b: Milotic|42/100
|-hitcount|p1b: Milotic|2
|move|p1b: Milotic|Muddy Water|p2b: Skeledirge|[spread] p2a,p2b
|-supereffective|p2b: Skeledirge|1
|-damage|p2a: Mimu|88/100
|-damage|p2b: Skeledirge|65/100
|-unboost|p2b: Skeledirge|accuracy|1
|move|p1a: Floette|Dazzling Gleam|p2a: Mimu|[spread] p2a,p2b
|-resisted|p2b: Skeledirge|1
|-damage|p2a: Mimu|27/100
|-damage|p2b: Skeledirge|48/100
|
|-weather|SunnyDay|[upkeep]
|-heal|p1b: Milotic|48/100|[from] item: Leftovers
|-fieldend|move: Trick Room
|upkeep
|turn|6
|
|t:|1782198086
|move|p1a: Floette|Dazzling Gleam|p2b: Skeledirge|[spread] p2a,p2b
|-resisted|p2b: Skeledirge|1
|-damage|p2a: Mimu|0 fnt
|-damage|p2b: Skeledirge|30/100
|faint|p2a: Mimu
|move|p1b: Milotic|Life Dew|p1b: Milotic|[spread] p1a,p1b
|-heal|p1a: Floette|100/100
|-heal|p1b: Milotic|73/100
|move|p2b: Skeledirge|Torch Song|p1a: Floette
|-damage|p1a: Floette|51/100
|-boost|p2b: Skeledirge|spa|1
|
|-weather|none
|-heal|p1b: Milotic|79/100|[from] item: Leftovers
|upkeep
|
|t:|1782198093
|switch|p2a: Rotom|Rotom-Wash, L50|11/100
|turn|7
|
|t:|1782198106
|move|p2a: Rotom|Thunderbolt|p1b: Milotic
|-supereffective|p1b: Milotic|1
|-damage|p1b: Milotic|26/100
|move|p1a: Floette|Dazzling Gleam|p2a: Rotom|[spread] p2a,p2b
|-resisted|p2b: Skeledirge|1
|-crit|p2b: Skeledirge
|-damage|p2a: Rotom|0 fnt
|-damage|p2b: Skeledirge|6/100
|faint|p2a: Rotom
|move|p1b: Milotic|Life Dew|p1b: Milotic|[spread] p1a,p1b
|-heal|p1a: Floette|76/100
|-heal|p1b: Milotic|51/100
|move|p2b: Skeledirge|Torch Song|p1a: Floette
|-damage|p1a: Floette|29/100
|-boost|p2b: Skeledirge|spa|1
|
|-heal|p1b: Milotic|57/100|[from] item: Leftovers
|upkeep
|turn|8
|-message|reactorx forfeited.
|
|win|yosiel
||reactorx is ready for game 2.
