|j|☆RamiM50
|j|☆ttvmoxiie
|html|RamiM50ttvmoxiie    
|uhtml|bestof|Game 3 of a best-of-3
|t:|1757842959
|gametype|doubles
|player|p1|RamiM50|dragontamer|1235
|player|p2|ttvmoxiie|steven|1173
|gen|9
|tier|[Gen 9] VGC 2025 Reg H (Bo3)
|rated|
|rule|Species Clause: Limit one of each Pokémon
|rule|Item Clause: Limit 1 of each item
|clearpoke
|poke|p1|Rillaboom, L50, F|
|poke|p1|Primarina, L50, M|
|poke|p1|Incineroar, L50, M|
|poke|p1|Volcarona, L50, F|
|poke|p1|Zoroark-Hisui, L50, M|
|poke|p1|Sinistcha, L50|
|poke|p2|Dragonite, L50, F|
|poke|p2|Gholdengo, L50|
|poke|p2|Rillaboom, L50, F|
|poke|p2|Ursaluna-Bloodmoon, L50, M|
|poke|p2|Annihilape, L50, M|
|poke|p2|Maushold-Four, L50|
|teampreview|4
|showteam|p1|Rillaboom||FocusSash|GrassySurge|DrumBeating,GrassPledge,FakeOut,KnockOff|||F|||50|,,,,,Fire]Primarina||LifeOrb|LiquidVoice|Protect,HyperVoice,WaterPledge,Moonblast|||M|||50|,,,,,Poison]Incineroar||SafetyGoggles|Intimidate|KnockOff,FlareBlitz,FakeOut,PartingShot|||M|||50|,,,,,Ghost]Volcarona||GrassySeed|FlameBody|Protect,QuiverDance,FieryDance,GigaDrain|||F|||50|,,,,,Grass]Zoroark-Hisui||ChoiceSpecs|Illusion|HyperVoice,ShadowBall,TeraBlast,Psychic|||M|||50|,,,,,Fighting]Sinistcha||SitrusBerry|Hospitality|MatchaGotcha,TrickRoom,RagePowder,LifeDew||||||50|,,,,,Fire
|showteam|p2|Dragonite||LoadedDice|Multiscale|Haze,Protect,Tailwind,ScaleShot|||F|||50|,,,,,Fairy]Gholdengo||LifeOrb|GoodasGold|Protect,NastyPlot,MakeItRain,ShadowBall||||||50|,,,,,Water]Rillaboom||MiracleSeed|GrassySurge|GrassyGlide,WoodHammer,FakeOut,HighHorsepower|||F|||50|,,,,,Fire]Ursaluna-Bloodmoon||AssaultVest|MindsEye|BloodMoon,HyperVoice,EarthPower,VacuumWave|||M|||50|,,,,,Water]Annihilape||SitrusBerry|Defiant|RageFist,DrainPunch,BulkUp,Protect|||M|||50|,,,,,Fire]Maushold-Four||FocusSash|FriendGuard|SuperFang,FollowMe,BeatUp,Protect||||||50|,,,,,Ghost
|inactive|Battle timer is ON: inactive players will automatically lose when time's up. (requested by ttvmoxiie)
|
|t:|1757843005
|teamsize|p1|4
|teamsize|p2|4
|start
|switch|p1a: Rillaboom|Rillaboom, L50, F|100/100
|switch|p1b: Incineroar|Incineroar, L50, M|100/100
|switch|p2a: Annihilape|Annihilape, L50, M|100/100
|switch|p2b: Maushold|Maushold-Four, L50|100/100
|-fieldstart|move: Grassy Terrain|[from] ability: Grassy Surge|[of] p1a: Rillaboom
|turn|1
|inactive|RamiM50 has 30 seconds left.
|inactive|ttvmoxiie has 30 seconds left.
|
|t:|1757843040
|move|p1a: Rillaboom|Fake Out|p2b: Maushold
|-crit|p2b: Maushold
|-damage|p2b: Maushold|76/100
|move|p1b: Incineroar|Shadow Ball|p2a: Annihilape
|-supereffective|p2a: Annihilape
|-damage|p2a: Annihilape|19/100
|-enditem|p2a: Annihilape|Sitrus Berry|[eat]
|-heal|p2a: Annihilape|43/100|[from] item: Sitrus Berry
|cant|p2b: Maushold|flinch
|move|p2a: Annihilape|Bulk Up|p2a: Annihilape
|-boost|p2a: Annihilape|atk|1
|-boost|p2a: Annihilape|def|1
|
|-heal|p2b: Maushold|82/100|[from] Grassy Terrain
|-heal|p2a: Annihilape|49/100|[from] Grassy Terrain
|upkeep
|turn|2
|inactive|RamiM50 has 30 seconds left.
|
|t:|1757843074
|-terastallize|p2a: Annihilape|Fire
|move|p2b: Maushold|Follow Me|p2b: Maushold
|-singleturn|p2b: Maushold|move: Follow Me
|move|p1b: Incineroar|Shadow Ball|p2b: Maushold
|-immune|p2b: Maushold
|move|p2a: Annihilape|Rage Fist|p1b: Incineroar
|-immune|p1b: Incineroar
|move|p1a: Rillaboom|Drum Beating|p2b: Maushold
|-damage|p2b: Maushold|15/100
|-unboost|p2b: Maushold|spe|1
|
|-heal|p2a: Annihilape|56/100|[from] Grassy Terrain
|-heal|p2b: Maushold|21/100|[from] Grassy Terrain
|upkeep
|turn|3
|
|t:|1757843096
|move|p2b: Maushold|Follow Me|p2b: Maushold
|-singleturn|p2b: Maushold|move: Follow Me
|move|p1b: Incineroar|Shadow Ball|p2b: Maushold
|-immune|p2b: Maushold
|move|p2a: Annihilape|Rage Fist|p1a: Rillaboom
|-damage|p1a: Rillaboom|39/100
|move|p1a: Rillaboom|Knock Off|p2b: Maushold
|-damage|p2b: Maushold|0 fnt
|-enditem|p2b: Maushold|Focus Sash|[from] move: Knock Off|[of] p1a: Rillaboom
|faint|p2b: Maushold
|
|-heal|p2a: Annihilape|62/100|[from] Grassy Terrain
|-heal|p1a: Rillaboom|45/100|[from] Grassy Terrain
|upkeep
|
|t:|1757843109
|switch|p2b: Dragonite|Dragonite, L50, F|100/100
|turn|4
|
|t:|1757843127
|switch|p1a: Incineroar|Incineroar, L50, M|100/100
|-ability|p1a: Incineroar|Intimidate|boost
|-unboost|p2a: Annihilape|atk|1
|-ability|p2a: Annihilape|Defiant|boost
|-boost|p2a: Annihilape|atk|2
|-unboost|p2b: Dragonite|atk|1
|move|p1b: Incineroar|Shadow Ball|p2a: Annihilape
|-damage|p2a: Annihilape|8/100
|move|p2a: Annihilape|Rage Fist|p1a: Incineroar
|-resisted|p1a: Incineroar
|-damage|p1a: Incineroar|47/100
|move|p2b: Dragonite|Scale Shot|p1b: Incineroar
|-damage|p1b: Incineroar|80/100
|replace|p1b: Zoroark|Zoroark-Hisui, L50, M
|-end|p1b: Zoroark|Illusion
|-damage|p1b: Zoroark|59/100
|-damage|p1b: Zoroark|37/100
|-damage|p1b: Zoroark|16/100
|-damage|p1b: Zoroark|0 fnt
|faint|p1b: Zoroark
|-hitcount|p1: Zoroark|5
|-unboost|p2b: Dragonite|def|1
|-boost|p2b: Dragonite|spe|1
|
|-heal|p2a: Annihilape|14/100|[from] Grassy Terrain
|-heal|p1a: Incineroar|54/100|[from] Grassy Terrain
|upkeep
|inactive|RamiM50 has 30 seconds left.
|inactive|RamiM50 has 20 seconds left.
|inactive|RamiM50 has 15 seconds left.
|
|t:|1757843170
|switch|p1b: Primarina|Primarina, L50, M|100/100
|turn|5
|
|t:|1757843187
|switch|p1b: Rillaboom|Rillaboom, L50, F|45/100
|move|p2a: Annihilape|Protect|p2a: Annihilape
|-singleturn|p2a: Annihilape|Protect
|move|p1a: Incineroar|Fake Out|p2b: Dragonite
|-damage|p2b: Dragonite|93/100
|cant|p2b: Dragonite|flinch
|
|-heal|p2a: Annihilape|20/100|[from] Grassy Terrain
|-heal|p1b: Rillaboom|51/100|[from] Grassy Terrain
|-heal|p1a: Incineroar|60/100|[from] Grassy Terrain
|-fieldend|move: Grassy Terrain
|upkeep
|turn|6
|inactive|RamiM50 has 30 seconds left.
|
|t:|1757843221
|move|p2b: Dragonite|Scale Shot|p1b: Rillaboom
|-damage|p1b: Rillaboom|39/100
|-damage|p1b: Rillaboom|28/100
|-damage|p1b: Rillaboom|16/100
|-damage|p1b: Rillaboom|6/100
|-damage|p1b: Rillaboom|0 fnt
|faint|p1b: Rillaboom
|-hitcount|p1: Rillaboom|5
|-unboost|p2b: Dragonite|def|1
|-boost|p2b: Dragonite|spe|1
|move|p2a: Annihilape|Drain Punch|p1a: Incineroar
|-supereffective|p1a: Incineroar
|-damage|p1a: Incineroar|0 fnt
|-heal|p2a: Annihilape|49/100|[from] drain|[of] p1a: Incineroar
|faint|p1a: Incineroar
|
|upkeep
|
|t:|1757843238
|switch|p1b: Primarina|Primarina, L50, M|100/100
|turn|7
|-message|RamiM50 forfeited.
|
|win|ttvmoxiie
|raw|RamiM50's rating: 1235 → 1206(-29 for losing)
|raw|ttvmoxiie's rating: 1173 → 1202(+29 for winning)
|l|☆RamiM50
|player|p1|
|c|☆ttvmoxiie|gg
