|j|☆iiFWM
|j|☆The median voter
|html|iiFWMThe median voter    
|uhtml|bestof|Game 2 of a best-of-3
|t:|1755027277
|gametype|doubles
|player|p1|iiFWM|cyrus|1340
|player|p2|The median voter|scientist-gen4dp|1317
|gen|9
|tier|[Gen 9] VGC 2025 Reg H (Bo3)
|rated|
|rule|Species Clause: Limit one of each Pokémon
|rule|Item Clause: Limit 1 of each item
|clearpoke
|poke|p1|Sneasler, L50, F|
|poke|p1|Dragapult, L50, F|
|poke|p1|Primarina, L50, M|
|poke|p1|Rillaboom, L50, F|
|poke|p1|Kingambit, L50, F|
|poke|p1|Magmar, L50, M|
|poke|p2|Kommo-o, L50, F|
|poke|p2|Volcarona, L50, M|
|poke|p2|Rillaboom, L50, F|
|poke|p2|Kingambit, L50, F|
|poke|p2|Ninetales-Alola, L50, F|
|poke|p2|Arcanine-Hisui, L50, F|
|teampreview|4
|showteam|p1|Sneasler||FocusSash|PoisonTouch|CloseCombat,DireClaw,FakeOut,Protect|||F|||50|,,,,,Stellar]Dragapult||ChoiceBand|ClearBody|DragonDarts,TeraBlast,PhantomForce,Uturn|||F|||50|,,,,,Ghost]Primarina||SitrusBerry|LiquidVoice|HyperVoice,Moonblast,Haze,Protect|||M|||50|,,,,,Water]Rillaboom||AssaultVest|GrassySurge|WoodHammer,GrassyGlide,HighHorsepower,FakeOut|||F|||50|,,,,,Fire]Kingambit||DreadPlate|Defiant|KowtowCleave,SuckerPunch,SwordsDance,Protect|||F|||50|,,,,,Ghost]Magmar||Eviolite|VitalSpirit|Overheat,WillOWisp,FollowMe,Protect|||M|||50|,,,,,Ghost
|showteam|p2|Kommo-o||GrassySeed|Overcoat|BodyPress,Taunt,Protect,Flamethrower|||F|||50|,,,,,Steel]Volcarona||SitrusBerry|FlameBody|HeatWave,TeraBlast,QuiverDance,Protect|||M|||50|,,,,,Water]Rillaboom||AssaultVest|GrassySurge|FakeOut,GrassyGlide,WoodHammer,HighHorsepower|||F|||50|,,,,,Fire]Kingambit||BlackGlasses|Defiant|KowtowCleave,SuckerPunch,SwordsDance,Protect|||F|||50|,,,,,Dark]Ninetales-Alola||LifeOrb|SnowWarning|Blizzard,Protect,Encore,FreezeDry|||F|||50|,,,,,Ghost]Arcanine-Hisui||FocusSash|Intimidate|RockSlide,FlareBlitz,ExtremeSpeed,Protect|||F|||50|,,,,,Ghost
|inactive|Battle timer is ON: inactive players will automatically lose when time's up. (requested by iiFWM)
|l|☆The median voter
|inactive|The median voter disconnected and has a minute to reconnect!
|player|p2|
|inactive|iiFWM has 60 seconds left.
|j|☆The median voter
|inactive|The median voter reconnected.
|player|p2|The median voter|scientist-gen4dp|
|
|t:|1755027325
|teamsize|p1|4
|teamsize|p2|4
|start
|switch|p1a: Sneasler|Sneasler, L50, F, shiny|100/100
|switch|p1b: Magmar|Magmar, L50, M, shiny|100/100
|switch|p2a: Kingambit|Kingambit, L50, F|100/100
|switch|p2b: Volcarona|Volcarona, L50, M|100/100
|turn|1
|
|t:|1755027344
|-terastallize|p2a: Kingambit|Dark
|move|p1a: Sneasler|Fake Out|p2b: Volcarona
|-damage|p2b: Volcarona|83/100
|-status|p1a: Sneasler|brn|[from] ability: Flame Body|[of] p2b: Volcarona
|cant|p2b: Volcarona|flinch
|move|p1b: Magmar|Will-O-Wisp|p2a: Kingambit
|-status|p2a: Kingambit|brn
|move|p2a: Kingambit|Swords Dance|p2a: Kingambit
|-boost|p2a: Kingambit|atk|2
|
|-damage|p1a: Sneasler|95/100 brn|[from] brn
|-damage|p2a: Kingambit|95/100 brn|[from] brn
|upkeep
|turn|2
|inactive|iiFWM has 30 seconds left.
|
|t:|1755027374
|switch|p1b: Primarina|Primarina, L50, M|100/100
|move|p2b: Volcarona|Protect|p2b: Volcarona
|-singleturn|p2b: Volcarona|Protect
|move|p1a: Sneasler|Close Combat|p2a: Kingambit
|-supereffective|p2a: Kingambit
|-damage|p2a: Kingambit|47/100 brn
|-unboost|p1a: Sneasler|def|1
|-unboost|p1a: Sneasler|spd|1
|move|p2a: Kingambit|Kowtow Cleave|p1b: Primarina
|-resisted|p1b: Primarina
|-damage|p1b: Primarina|62/100
|
|-damage|p1a: Sneasler|89/100 brn|[from] brn
|-damage|p2a: Kingambit|41/100 brn|[from] brn
|upkeep
|turn|3
|
|t:|1755027396
|move|p1a: Sneasler|Close Combat|p2a: Kingambit
|-supereffective|p2a: Kingambit
|-damage|p2a: Kingambit|0 fnt
|-unboost|p1a: Sneasler|def|1
|-unboost|p1a: Sneasler|spd|1
|faint|p2a: Kingambit
|move|p2b: Volcarona|Quiver Dance|p2b: Volcarona
|-boost|p2b: Volcarona|spa|1
|-boost|p2b: Volcarona|spd|1
|-boost|p2b: Volcarona|spe|1
|move|p1b: Primarina|Hyper Voice|p2b: Volcarona
|-supereffective|p2b: Volcarona
|-damage|p2b: Volcarona|36/100
|-enditem|p2b: Volcarona|Sitrus Berry|[eat]
|-heal|p2b: Volcarona|61/100|[from] item: Sitrus Berry
|
|-damage|p1a: Sneasler|83/100 brn|[from] brn
|upkeep
|
|t:|1755027405
|switch|p2a: Rillaboom|Rillaboom, L50, F|100/100
|-fieldstart|move: Grassy Terrain|[from] ability: Grassy Surge|[of] p2a: Rillaboom
|turn|4
|
|t:|1755027415
|switch|p1a: Magmar|Magmar, L50, M, shiny|100/100
|move|p1b: Primarina|Protect|p1b: Primarina
|-singleturn|p1b: Primarina|Protect
|move|p2a: Rillaboom|Fake Out|p1b: Primarina
|-activate|p1b: Primarina|move: Protect
|move|p2b: Volcarona|Quiver Dance|p2b: Volcarona
|-boost|p2b: Volcarona|spa|1
|-boost|p2b: Volcarona|spd|1
|-boost|p2b: Volcarona|spe|1
|
|-heal|p2b: Volcarona|67/100|[from] Grassy Terrain
|-heal|p1b: Primarina|68/100|[from] Grassy Terrain
|upkeep
|turn|5
|inactive|The median voter has 30 seconds left.
|
|t:|1755027440
|move|p1a: Magmar|Follow Me|p1a: Magmar
|-singleturn|p1a: Magmar|move: Follow Me
|move|p2b: Volcarona|Tera Blast|p1a: Magmar
|-damage|p1a: Magmar|56/100
|move|p2a: Rillaboom|High Horsepower|p1a: Magmar
|-supereffective|p1a: Magmar
|-damage|p1a: Magmar|0 fnt
|faint|p1a: Magmar
|move|p1b: Primarina|Haze|p1b: Primarina
|-clearallboost
|
|-heal|p2b: Volcarona|73/100|[from] Grassy Terrain
|-heal|p1b: Primarina|74/100|[from] Grassy Terrain
|upkeep
|
|t:|1755027451
|switch|p1a: Dragapult|Dragapult, L50, F, shiny|100/100
|turn|6
|inactive|iiFWM has 30 seconds left.
|
|t:|1755027477
|switch|p1b: Sneasler|Sneasler, L50, F, shiny|83/100 brn
|-terastallize|p1a: Dragapult|Ghost
|move|p1a: Dragapult|Tera Blast|p2b: Volcarona|[anim] Tera Blast Ghost
|-damage|p2b: Volcarona|0 fnt
|faint|p2b: Volcarona
|move|p2a: Rillaboom|Wood Hammer|p1b: Sneasler
|-resisted|p1b: Sneasler
|-damage|p1b: Sneasler|13/100 brn
|-damage|p2a: Rillaboom|83/100|[from] Recoil
|
|-heal|p1b: Sneasler|19/100 brn|[from] Grassy Terrain
|-heal|p2a: Rillaboom|89/100|[from] Grassy Terrain
|-damage|p1b: Sneasler|13/100 brn|[from] brn
|upkeep
|
|t:|1755027485
|switch|p2b: Ninetales|Ninetales-Alola, L50, F|100/100
|-weather|Snowscape|[from] ability: Snow Warning|[of] p2b: Ninetales
|turn|7
|inactive|iiFWM has 30 seconds left.
|
|t:|1755027520
|move|p1b: Sneasler|Fake Out|p2a: Rillaboom
|-damage|p2a: Rillaboom|83/100
|-status|p2a: Rillaboom|psn|[from] ability: Poison Touch|[of] p1b: Sneasler
|move|p1a: Dragapult|Tera Blast|p2a: Rillaboom|[anim] Tera Blast Ghost
|-damage|p2a: Rillaboom|4/100 psn
|move|p2b: Ninetales|Blizzard|p1b: Sneasler|[spread] p1a,p1b
|-damage|p1a: Dragapult|42/100
|-damage|p1b: Sneasler|0 fnt
|faint|p1b: Sneasler
|-damage|p2b: Ninetales|91/100|[from] item: Life Orb
|cant|p2a: Rillaboom|flinch
|
|-weather|Snowscape|[upkeep]
|-heal|p1a: Dragapult|48/100|[from] Grassy Terrain
|-heal|p2b: Ninetales|97/100|[from] Grassy Terrain
|-heal|p2a: Rillaboom|10/100 psn|[from] Grassy Terrain
|-damage|p2a: Rillaboom|0 fnt|[from] psn
|faint|p2a: Rillaboom
|upkeep
|
|t:|1755027530
|switch|p1b: Primarina|Primarina, L50, M|74/100
|turn|8
|
|t:|1755027538
|move|p1a: Dragapult|Tera Blast|p2b: Ninetales|[anim] Tera Blast Ghost
|-damage|p2b: Ninetales|13/100
|move|p2b: Ninetales|Blizzard|p1a: Dragapult|[spread] p1a,p1b
|-resisted|p1b: Primarina
|-damage|p1a: Dragapult|0 fnt
|-damage|p1b: Primarina|56/100
|faint|p1a: Dragapult
|-damage|p2b: Ninetales|3/100|[from] item: Life Orb
|move|p1b: Primarina|Moonblast|p2b: Ninetales
|-damage|p2b: Ninetales|0 fnt
|faint|p2b: Ninetales
|
|win|iiFWM
|raw|iiFWM's rating: 1340 → 1359(+19 for winning)
|raw|The median voter's rating: 1317 → 1298(-19 for losing)
