|j|☆glueck
|j|☆quain4
|html|glueckquain4    
|uhtml|bestof|Game 2 of a best-of-3
|t:|1756381447
|gametype|doubles
|player|p1|glueck|marley|1000
|player|p2|quain4|169|1124
|gen|9
|tier|[Gen 9] VGC 2025 Reg H (Bo3)
|rated|
|rule|Species Clause: Limit one of each Pokémon
|rule|Item Clause: Limit 1 of each item
|clearpoke
|poke|p1|Charizard, L50, F|
|poke|p1|Torkoal, L50, F|
|poke|p1|Porygon2, L50|
|poke|p1|Incineroar, L50, F|
|poke|p1|Jumpluff, L50, F|
|poke|p1|Ursaluna, L50, F|
|poke|p2|Gothitelle, L50, M|
|poke|p2|Incineroar, L50, F|
|poke|p2|Zoroark-Hisui, L50, M|
|poke|p2|Ursaluna-Bloodmoon, L50, M|
|poke|p2|Amoonguss, L50, M|
|poke|p2|Annihilape, L50, M|
|teampreview|4
|showteam|p1|Charizard||ChoiceSpecs|SolarPower|HeatWave,Overheat,WeatherBall,AirSlash|||F|||50|,,,,,Ghost]Torkoal||EjectPack|Drought|Eruption,Overheat,HelpingHand,Protect|||F|||50|,,,,,Fire]Porygon2||Eviolite|Download|TeraBlast,IceBeam,Recover,TrickRoom||||||50|,,,,,Fighting]Incineroar||SitrusBerry|Intimidate|FlareBlitz,KnockOff,FakeOut,PartingShot|||F|||50|,,,,,Ghost]Jumpluff||CovertCloak|Chlorophyll|SleepPowder,SunnyDay,RagePowder,Tailwind|||F|||50|,,,,,Water]Ursaluna||FlameOrb|Guts|HeadlongRush,Facade,Earthquake,Protect|||F|||50|,,,,,Ghost
|showteam|p2|Gothitelle||SitrusBerry|ShadowTag|Protect,TrickRoom,FakeOut,Psychic|||M|||50|,,,,,Water]Incineroar||AssaultVest|Intimidate|Uturn,FakeOut,FlareBlitz,KnockOff|||F|||50|,,,,,Grass]Zoroark-Hisui||FocusSash|Illusion|Protect,NastyPlot,BitterMalice,HyperVoice|||M|||50|,,,,,Normal]Ursaluna-Bloodmoon||LifeOrb|MindsEye|Protect,EarthPower,BloodMoon,HyperVoice|||M|||50|,,,,,Normal]Amoonguss||RockyHelmet|EffectSpore|Protect,Spore,RagePowder,PollenPuff|||M|||50|,,,,,Water]Annihilape||SafetyGoggles|Defiant|CloseCombat,Protect,FinalGambit,RageFist|||M|||50|,,,,,Fighting
|inactive|Battle timer is ON: inactive players will automatically lose when time's up. (requested by glueck)
|inactive|glueck has 60 seconds left.
|
|t:|1756381495
|teamsize|p1|4
|teamsize|p2|4
|start
|switch|p1a: Porygon2|Porygon2, L50|100/100
|switch|p1b: Ursaluna|Ursaluna, L50, F|100/100
|switch|p2a: Incineroar|Incineroar, L50, F|100/100
|switch|p2b: Annihilape|Annihilape, L50, M|100/100
|-ability|p1a: Porygon2|Download|boost
|-boost|p1a: Porygon2|atk|1
|-ability|p2a: Incineroar|Intimidate|boost
|-unboost|p1a: Porygon2|atk|1
|-unboost|p1b: Ursaluna|atk|1
|turn|1
|inactive|glueck has 30 seconds left.
|inactive|quain4 has 30 seconds left.
|inactive|glueck has 20 seconds left.
|inactive|glueck has 15 seconds left.
|inactive|glueck has 10 seconds left.
|inactive|glueck has 5 seconds left.
|
|t:|1756381550
|move|p2a: Incineroar|Fake Out|p1a: Porygon2
|-damage|p1a: Porygon2|92/100
|move|p2b: Annihilape|Close Combat|p1a: Porygon2
|-supereffective|p1a: Porygon2
|-damage|p1a: Porygon2|19/100
|-unboost|p2b: Annihilape|def|1
|-unboost|p2b: Annihilape|spd|1
|move|p1b: Ursaluna|Headlong Rush|p2a: Incineroar
|-supereffective|p2a: Incineroar
|-damage|p2a: Incineroar|13/100
|-unboost|p1b: Ursaluna|def|1
|-unboost|p1b: Ursaluna|spd|1
|cant|p1a: Porygon2|flinch
|
|-status|p1b: Ursaluna|brn|[from] item: Flame Orb
|upkeep
|turn|2
|inactive|glueck has 30 seconds left.
|inactive|quain4 has 30 seconds left.
|inactive|quain4 has 20 seconds left.
|inactive|quain4 has 15 seconds left.
|
|t:|1756381594
|switch|p2a: Gothitelle|Gothitelle, L50, M|100/100
|-terastallize|p1b: Ursaluna|Ghost
|move|p2b: Annihilape|Close Combat|p1a: Porygon2
|-supereffective|p1a: Porygon2
|-damage|p1a: Porygon2|0 fnt
|-unboost|p2b: Annihilape|def|1
|-unboost|p2b: Annihilape|spd|1
|faint|p1a: Porygon2
|move|p1b: Ursaluna|Earthquake|p2b: Annihilape|[spread] p2a,p2b
|-damage|p2a: Gothitelle|8/100
|-damage|p2b: Annihilape|5/100
|replace|p2a: Zoroark|Zoroark-Hisui, L50, M
|-end|p2a: Zoroark|Illusion
|
|-damage|p1b: Ursaluna|95/100 brn|[from] brn
|upkeep
|
|t:|1756381612
|switch|p1a: Torkoal|Torkoal, L50, F|100/100
|-weather|SunnyDay|[from] ability: Drought|[of] p1a: Torkoal
|turn|3
|inactive|quain4 has 30 seconds left.
|
|t:|1756381640
|switch|p1b: Incineroar|Incineroar, L50, F|100/100
|-ability|p1b: Incineroar|Intimidate|boost
|-unboost|p2a: Zoroark|atk|1
|-unboost|p2b: Annihilape|atk|1
|-ability|p2b: Annihilape|Defiant|boost
|-boost|p2b: Annihilape|atk|2
|move|p2a: Zoroark|Hyper Voice|p1a: Torkoal|[spread] p1a,p1b
|-damage|p1a: Torkoal|53/100
|-damage|p1b: Incineroar|65/100
|move|p2b: Annihilape|Rage Fist|p1b: Incineroar
|-resisted|p1b: Incineroar
|-damage|p1b: Incineroar|31/100
|-enditem|p1b: Incineroar|Sitrus Berry|[eat]
|-heal|p1b: Incineroar|55/100|[from] item: Sitrus Berry
|move|p1a: Torkoal|Eruption|p2a: Zoroark|[spread] p2a,p2b
|-damage|p2a: Zoroark|0 fnt
|-damage|p2b: Annihilape|0 fnt
|faint|p2a: Zoroark
|faint|p2b: Annihilape
|
|-weather|SunnyDay|[upkeep]
|upkeep
|
|t:|1756381644
|switch|p2a: Incineroar|Incineroar, L50, F|13/100
|switch|p2b: Gothitelle|Gothitelle, L50, M|100/100
|-ability|p2a: Incineroar|Intimidate|boost
|-unboost|p1a: Torkoal|atk|1
|-unboost|p1b: Incineroar|atk|1
|-enditem|p1a: Torkoal|Eject Pack
|
|t:|1756381665
|switch|p1a: Ursaluna|Ursaluna, L50, F, tera:Ghost|95/100 brn
|turn|4
|
|t:|1756381689
|move|p1a: Ursaluna|Protect|p1a: Ursaluna
|-singleturn|p1a: Ursaluna|Protect
|move|p2a: Incineroar|Fake Out|p1b: Incineroar
|-damage|p1b: Incineroar|41/100
|cant|p1b: Incineroar|flinch
|move|p2b: Gothitelle|Psychic|p1a: Ursaluna
|-activate|p1a: Ursaluna|move: Protect
|
|-weather|SunnyDay|[upkeep]
|-damage|p1a: Ursaluna|89/100 brn|[from] brn
|upkeep
|turn|5
|inactive|glueck has 30 seconds left.
|
|t:|1756381715
|switch|p1a: Torkoal|Torkoal, L50, F|53/100
|move|p1b: Incineroar|Flare Blitz|p2a: Incineroar
|-resisted|p2a: Incineroar
|-damage|p2a: Incineroar|0 fnt
|faint|p2a: Incineroar
|-damage|p1b: Incineroar|37/100|[from] Recoil
|move|p2b: Gothitelle|Psychic|p1a: Torkoal
|-damage|p1a: Torkoal|9/100
|
|-weather|SunnyDay|[upkeep]
|upkeep
|turn|6
|
|t:|1756381727
|move|p1b: Incineroar|Knock Off|p2b: Gothitelle
|-supereffective|p2b: Gothitelle
|-damage|p2b: Gothitelle|46/100
|-enditem|p2b: Gothitelle|Sitrus Berry|[from] move: Knock Off|[of] p1b: Incineroar
|move|p2b: Gothitelle|Psychic|p1a: Torkoal
|-damage|p1a: Torkoal|0 fnt
|faint|p1a: Torkoal
|
|-weather|SunnyDay|[upkeep]
|upkeep
|
|t:|1756381732
|switch|p1a: Ursaluna|Ursaluna, L50, F, tera:Ghost|89/100 brn
|turn|7
|
|t:|1756381736
|move|p2b: Gothitelle|Protect|p2b: Gothitelle
|-singleturn|p2b: Gothitelle|Protect
|move|p1b: Incineroar|Knock Off|p2b: Gothitelle
|-activate|p2b: Gothitelle|move: Protect
|move|p1a: Ursaluna|Facade|p2b: Gothitelle
|-activate|p2b: Gothitelle|move: Protect
|
|-weather|none
|-damage|p1a: Ursaluna|83/100 brn|[from] brn
|upkeep
|turn|8
|
|t:|1756381741
|move|p1b: Incineroar|Knock Off|p2b: Gothitelle
|-supereffective|p2b: Gothitelle
|-damage|p2b: Gothitelle|12/100
|move|p1a: Ursaluna|Facade|p2b: Gothitelle
|-damage|p2b: Gothitelle|0 fnt
|faint|p2b: Gothitelle
|
|win|glueck
||quain4 is ready for game 3.
|inactive|glueck has 30 seconds to confirm battle start!
||glueck is ready for game 3.
|uhtml|next|Next: Game 3 of 3
|l|☆quain4
|player|p2|
