|j|☆master 792
|j|☆Amphbros4Ever
|html|master 792Amphbros4Ever    
|uhtml|bestof|Game 3 of a best-of-3
|t:|1784169984
|gametype|doubles
|player|p1|master 792|red|1163
|player|p2|Amphbros4Ever|266|1344
|gen|9
|tier|[Gen 9 Champions] VGC 2026 Reg M-B (Bo3)
|rated|
|rule|Species Clause: Limit one of each Pokémon
|rule|Item Clause: Limit 1 of each item
|clearpoke
|poke|p1|Metagross, L50, shiny|
|poke|p1|Incineroar, L50, F|
|poke|p1|Sinistcha, L50, shiny|
|poke|p1|Floette-Eternal, L50, F|
|poke|p1|Politoed, L50, M|
|poke|p1|Maushold, L50|
|poke|p2|Raichu, L50, F|
|poke|p2|Lycanroc-Dusk, L50, F|
|poke|p2|Ninetales-Alola, L50, M|
|poke|p2|Palafin, L50, F|
|poke|p2|Incineroar, L50, F|
|poke|p2|Sinistcha, L50|
|teampreview|4
|showteam|p1|Metagross||Metagrossite|ClearBody|IronDefense,BodyPress,PsychicFangs,Protect|Impish|||||50|]Incineroar||PasshoBerry|Intimidate|FakeOut,FlareBlitz,PartingShot,DarkestLariat|Adamant||F|||50|]Sinistcha||SitrusBerry|Hospitality|MatchaGotcha,TrickRoom,RagePowder,LifeDew|Calm|||||50|]Floette-Eternal||Floettite|FlowerVeil|Moonblast,DazzlingGleam,CalmMind,Protect|Modest||F|||50|]Politoed||Leftovers|Drizzle|WeatherBall,PerishSong,IceBeam,Protect|Bold||M|||50|]Maushold||ChopleBerry|FriendGuard|Taunt,FollowMe,SuperFang,Protect|Careful|||||50|
|showteam|p2|Raichu||RaichuniteY|Static|ZapCannon,FocusBlast,FakeOut,Protect|Timid||F|||50|]Lycanroc-Dusk||FocusSash|ToughClaws|Accelerock,CloseCombat,SwordsDance,Protect|Adamant||F|||50|]Ninetales-Alola||NeverMeltIce|SnowWarning|Blizzard,Encore,FreezeDry,Protect|Timid||M|||50|]Palafin||MysticWater|ZerotoHero|WaveCrash,JetPunch,FlipTurn,Protect|Adamant||F|||50|]Incineroar||SitrusBerry|Intimidate|FlareBlitz,ThroatChop,FakeOut,PartingShot|Careful||F|||50|]Sinistcha||ColburBerry|Hospitality|MatchaGotcha,RagePowder,TrickRoom,Protect|Bold|||||50|
|
|t:|1784170013
|teamsize|p1|4
|teamsize|p2|4
|start
|switch|p1a: Floette|Floette-Eternal, L50, F|100/100
|switch|p1b: Sinistcha|Sinistcha, L50, shiny|100/100
|switch|p2a: Raichu|Raichu, L50, F|100/100
|switch|p2b: Palafin|Palafin, L50, F|100/100
|turn|1
|
|t:|1784170022
|detailschange|p2a: Raichu|Raichu-Mega-Y, L50, F
|-mega|p2a: Raichu|Raichu|Raichunite Y
|detailschange|p1a: Floette|Floette-Mega, L50, F
|-mega|p1a: Floette|Floette|Floettite
|-ability|p1a: Floette|Fairy Aura
|move|p1a: Floette|Protect|p1a: Floette
|-singleturn|p1a: Floette|Protect
|move|p2a: Raichu|Zap Cannon|p1a: Floette
|-activate|p1a: Floette|move: Protect
|move|p2b: Palafin|Flip Turn|p1b: Sinistcha
|-resisted|p1b: Sinistcha|1
|-damage|p1b: Sinistcha|87/100
|
|t:|1784170028
|detailschange|p2b: Palafin|Palafin-Hero, L50, F
|switch|p2b: Incineroar|Incineroar, L50, F|100/100|[from] Flip Turn
|-ability|p2b: Incineroar|Intimidate|boost
|-unboost|p1a: Floette|atk|1
|-unboost|p1b: Sinistcha|atk|1
|move|p1b: Sinistcha|Trick Room|p1b: Sinistcha
|-fieldstart|move: Trick Room|[of] p1b: Sinistcha
|
|upkeep
|turn|2
|
|t:|1784170044
|move|p2b: Incineroar|Fake Out|p1a: Floette
|-damage|p1a: Floette|90/100
|move|p1b: Sinistcha|Rage Powder|p1b: Sinistcha
|-singleturn|p1b: Sinistcha|move: Rage Powder
|cant|p1a: Floette|flinch
|move|p2a: Raichu|Zap Cannon|p1b: Sinistcha
|-resisted|p1b: Sinistcha|1
|-damage|p1b: Sinistcha|56/100
|-status|p1b: Sinistcha|par
|
|upkeep
|turn|3
|
|t:|1784170053
|move|p1b: Sinistcha|Rage Powder|p1b: Sinistcha
|-singleturn|p1b: Sinistcha|move: Rage Powder
|move|p2b: Incineroar|Flare Blitz|p1b: Sinistcha
|-supereffective|p1b: Sinistcha|1
|-damage|p1b: Sinistcha|0 fnt
|faint|p1b: Sinistcha
|-damage|p2b: Incineroar|83/100|[from] Recoil
|move|p1a: Floette|Calm Mind|p1a: Floette
|-boost|p1a: Floette|spa|1
|-boost|p1a: Floette|spd|1
|move|p2a: Raichu|Zap Cannon|p1a: Floette
|-damage|p1a: Floette|60/100
|-status|p1a: Floette|par
|
|upkeep
|
|t:|1784170059
|switch|p1b: Incineroar|Incineroar, L50, F|100/100
|-ability|p1b: Incineroar|Intimidate|boost
|-unboost|p2a: Raichu|atk|1
|-unboost|p2b: Incineroar|atk|1
|turn|4
|
|t:|1784170067
|move|p2a: Raichu|Protect|p2a: Raichu
|-singleturn|p2a: Raichu|Protect
|move|p1b: Incineroar|Fake Out|p2b: Incineroar
|-damage|p2b: Incineroar|72/100
|move|p1a: Floette|Dazzling Gleam|p2a: Raichu|[spread] p2b
|-activate|p2a: Raichu|move: Protect
|-damage|p2b: Incineroar|22/100
|-enditem|p2b: Incineroar|Sitrus Berry|[eat]
|-heal|p2b: Incineroar|47/100|[from] item: Sitrus Berry
|cant|p2b: Incineroar|flinch
|
|upkeep
|turn|5
|
|t:|1784170075
|switch|p2a: Sinistcha|Sinistcha, L50|100/100
|-heal|p2b: Incineroar|72/100|[from] ability: Hospitality|[of] p2a: Sinistcha
|move|p1a: Floette|Dazzling Gleam|p2b: Incineroar|[spread] p2a,p2b
|-damage|p2a: Sinistcha|41/100
|-damage|p2b: Incineroar|26/100
|move|p2b: Incineroar|Flare Blitz|p1a: Floette
|-damage|p1a: Floette|26/100 par
|-damage|p2b: Incineroar|16/100|[from] Recoil
|move|p1b: Incineroar|Darkest Lariat|p2a: Sinistcha
|-supereffective|p2a: Sinistcha|1
|-enditem|p2a: Sinistcha|Colbur Berry|[eat]
|-enditem|p2a: Sinistcha|Colbur Berry|[weaken]
|-damage|p2a: Sinistcha|11/100
|
|-fieldend|move: Trick Room
|upkeep
|turn|6
|
|t:|1784170092
|move|p1b: Incineroar|Parting Shot|p2a: Sinistcha
|-unboost|p2a: Sinistcha|atk|1
|-unboost|p2a: Sinistcha|spa|1
|
|t:|1784170096
|switch|p1b: Maushold|Maushold, L50|100/100|[from] Parting Shot
|move|p2a: Sinistcha|Matcha Gotcha|p1a: Floette|[spread] p1b
|-miss|p2a: Sinistcha|p1a: Floette
|-damage|p1b: Maushold|81/100
|-heal|p2a: Sinistcha|21/100|[from] drain|[of] p1b: Maushold
|-status|p1b: Maushold|brn
|move|p2b: Incineroar|Flare Blitz|p1a: Floette
|-damage|p1a: Floette|1/100 par
|-damage|p2b: Incineroar|8/100|[from] Recoil
|move|p1a: Floette|Dazzling Gleam|p2a: Sinistcha|[spread] p2a,p2b
|-damage|p2a: Sinistcha|0 fnt
|-damage|p2b: Incineroar|0 fnt
|faint|p2a: Sinistcha
|faint|p2b: Incineroar
|
|-damage|p1b: Maushold|75/100 brn|[from] brn
|upkeep
|
|t:|1784170102
|switch|p2a: Raichu|Raichu-Mega-Y, L50, F|100/100
|switch|p2b: Palafin|Palafin-Hero, L50, F|100/100
|-activate|p2b: Palafin|ability: Zero to Hero
|turn|7
|
|t:|1784170111
|move|p1b: Maushold|Protect|p1b: Maushold
|-singleturn|p1b: Maushold|Protect
|move|p1a: Floette|Protect|p1a: Floette
|-singleturn|p1a: Floette|Protect
|move|p2a: Raichu|Fake Out|p1a: Floette
|-activate|p1a: Floette|move: Protect
|move|p2b: Palafin|Wave Crash|p1b: Maushold
|-activate|p1b: Maushold|move: Protect
|
|-damage|p1b: Maushold|69/100 brn|[from] brn
|upkeep
|turn|8
|
|t:|1784170120
|move|p2a: Raichu|Protect|p2a: Raichu
|-singleturn|p2a: Raichu|Protect
|move|p1b: Maushold|Follow Me|p1b: Maushold
|-singleturn|p1b: Maushold|move: Follow Me
|move|p2b: Palafin|Jet Punch|p1b: Maushold
|-damage|p1b: Maushold|12/100 brn
|move|p1a: Floette|Moonblast|p2b: Palafin
|-damage|p2b: Palafin|0 fnt
|faint|p2b: Palafin
|
|-damage|p1b: Maushold|6/100 brn|[from] brn
|upkeep
|turn|9
|
|t:|1784170129
|move|p1b: Maushold|Follow Me|p1b: Maushold
|-singleturn|p1b: Maushold|move: Follow Me
|move|p2a: Raichu|Zap Cannon|p1b: Maushold
|-damage|p1b: Maushold|0 fnt
|faint|p1b: Maushold
|move|p1a: Floette|Moonblast|p2a: Raichu
|-damage|p2a: Raichu|0 fnt
|faint|p2a: Raichu
|
|win|master 792
|raw|master 792's rating: 1163 → 1200(+37 for winning)
|raw|Amphbros4Ever's rating: 1344 → 1314(-30 for losing)
|l|☆Amphbros4Ever
|player|p2|
|c|☆master 792|gg
