|j|☆nutbuster151
|j|☆eklyst
|html|nutbuster151eklyst    
|uhtml|bestof|Game 2 of a best-of-3
|t:|1782986884
|gametype|doubles
|player|p1|nutbuster151|acetrainer|1155
|player|p2|eklyst|pokemaniac|1083
|gen|9
|tier|[Gen 9 Champions] VGC 2026 Reg M-B (Bo3)
|rated|
|rule|Species Clause: Limit one of each Pokémon
|rule|Item Clause: Limit 1 of each item
|clearpoke
|poke|p1|Floette-Eternal, L50, F|
|poke|p1|Charizard, L50, F|
|poke|p1|Whimsicott, L50, F|
|poke|p1|Garchomp, L50, F|
|poke|p1|Basculegion, L50, M|
|poke|p1|Kingambit, L50, M|
|poke|p2|Metagross, L50, shiny|
|poke|p2|Floette-Eternal, L50, F|
|poke|p2|Garchomp, L50, F|
|poke|p2|Aerodactyl, L50, F|
|poke|p2|Sinistcha, L50|
|poke|p2|Incineroar, L50, F|
|teampreview|4
|showteam|p1|Floette-Eternal||Floettite|FlowerVeil|Moonblast,DazzlingGleam,LightofRuin,Protect|Timid||F|||50|]Charizard||CharizarditeY|Blaze|HeatWave,SolarBeam,WeatherBall,Protect|Modest||F|||50|]Whimsicott||FocusSash|Prankster|Moonblast,Tailwind,Encore,Protect|Timid||F|||50|]Garchomp||LifeOrb|RoughSkin|StompingTantrum,Protect,RockSlide,DragonClaw|Adamant||F|||50|]Basculegion||MysticWater|Adaptability|WaveCrash,LastRespects,AquaJet,Protect|Adamant||M|||50|]Kingambit||OccaBerry|Defiant|KowtowCleave,IronHead,SuckerPunch,Protect|Adamant||M|||50|
|showteam|p2|Metagross||Metagrossite|ClearBody|IronHead,BulletPunch,PsychicFangs,Protect|Adamant|||||50|]Floette-Eternal||Floettite|FlowerVeil|Moonblast,DazzlingGleam,CalmMind,Protect|Modest||F|||50|]Garchomp||LifeOrb|RoughSkin|RockSlide,StompingTantrum,DragonClaw,Protect|Jolly||F|||50|]Aerodactyl||FocusSash|Unnerve|RockSlide,DualWingbeat,Tailwind,Protect|Jolly||F|||50|]Sinistcha||KasibBerry|Hospitality|MatchaGotcha,TrickRoom,RagePowder,Protect|Relaxed|||||50|]Incineroar||SitrusBerry|Intimidate|FakeOut,FlareBlitz,ThroatChop,PartingShot|Careful||F|||50|
|inactive|Battle timer is ON: inactive players will automatically lose when time's up. (requested by eklyst)
|inactive|nutbuster151 has 60 seconds left.
|
|t:|1782986916
|teamsize|p1|4
|teamsize|p2|4
|start
|switch|p1a: Whimsicott|Whimsicott, L50, F|100/100
|switch|p1b: Garchomp|Garchomp, L50, F|100/100
|switch|p2a: Floette|Floette-Eternal, L50, F|100/100
|switch|p2b: Sinistcha|Sinistcha, L50|100/100
|turn|1
|
|t:|1782986938
|switch|p1b: Charizard|Charizard, L50, F|100/100
|switch|p2a: Incineroar|Incineroar, L50, F|100/100
|-ability|p2a: Incineroar|Intimidate|boost
|-unboost|p1a: Whimsicott|atk|1
|-unboost|p1b: Charizard|atk|1
|move|p1a: Whimsicott|Tailwind|p1a: Whimsicott
|-sidestart|p1: nutbuster151|move: Tailwind
|move|p2b: Sinistcha|Trick Room|p2b: Sinistcha
|-fieldstart|move: Trick Room|[of] p2b: Sinistcha
|
|upkeep
|turn|2
|inactive|nutbuster151 has 30 seconds left.
|
|t:|1782986963
|switch|p2b: Garchomp|Garchomp, L50, F|100/100
|switch|p1b: Kingambit|Kingambit, L50, M|100/100
|move|p2a: Incineroar|Fake Out|p1b: Kingambit
|-resisted|p1b: Kingambit|1
|-damage|p1b: Kingambit|96/100
|move|p1a: Whimsicott|Encore||[still]
|-fail|p1a: Whimsicott
|
|upkeep
|turn|3
|
|t:|1782986983
|switch|p1b: Charizard|Charizard, L50, F|100/100
|move|p2b: Garchomp|Protect|p2b: Garchomp
|-singleturn|p2b: Garchomp|Protect
|move|p2a: Incineroar|Flare Blitz|p1a: Whimsicott
|-supereffective|p1a: Whimsicott|1
|-enditem|p1a: Whimsicott|Focus Sash
|-damage|p1a: Whimsicott|1/100
|-damage|p2a: Incineroar|77/100|[from] Recoil
|move|p1a: Whimsicott|Moonblast|p2b: Garchomp
|-activate|p2b: Garchomp|move: Protect
|
|upkeep
|turn|4
|
|t:|1782987006
|switch|p1b: Kingambit|Kingambit, L50, M|96/100
|switch|p1a: Garchomp|Garchomp, L50, F|100/100
|move|p2a: Incineroar|Flare Blitz|p1b: Kingambit
|-supereffective|p1b: Kingambit|1
|-enditem|p1b: Kingambit|Occa Berry|[eat]
|-enditem|p1b: Kingambit|Occa Berry|[weaken]
|-damage|p1b: Kingambit|64/100
|-damage|p2a: Incineroar|66/100|[from] Recoil
|move|p2b: Garchomp|Rock Slide|p1b: Kingambit|[spread] p1a
|-miss|p2b: Garchomp|p1b: Kingambit
|-resisted|p1a: Garchomp|1
|-damage|p1a: Garchomp|87/100
|-damage|p2b: Garchomp|90/100|[from] item: Life Orb
|
|-sideend|p1: nutbuster151|move: Tailwind
|upkeep
|turn|5
|
|t:|1782987029
|move|p1b: Kingambit|Protect|p1b: Kingambit
|-singleturn|p1b: Kingambit|Protect
|move|p1a: Garchomp|Protect|p1a: Garchomp
|-singleturn|p1a: Garchomp|Protect
|move|p2b: Garchomp|Protect|p2b: Garchomp
|-singleturn|p2b: Garchomp|Protect
|move|p2a: Incineroar|Parting Shot|p1a: Garchomp
|-activate|p1a: Garchomp|move: Protect
|
|-fieldend|move: Trick Room
|upkeep
|turn|6
|
|t:|1782987047
|switch|p2b: Floette|Floette-Eternal, L50, F|100/100
|switch|p1b: Charizard|Charizard, L50, F|100/100
|move|p1a: Garchomp|Dragon Claw|p2b: Floette
|-immune|p2b: Floette
|move|p2a: Incineroar|Flare Blitz|p1b: Charizard
|-resisted|p1b: Charizard|1
|-crit|p1b: Charizard
|-damage|p1b: Charizard|61/100
|-damage|p2a: Incineroar|56/100|[from] Recoil
|
|upkeep
|turn|7
|inactive|nutbuster151 has 30 seconds left.
|
|t:|1782987077
|switch|p1a: Kingambit|Kingambit, L50, M|64/100
|switch|p2a: Garchomp|Garchomp, L50, F|90/100
|detailschange|p1b: Charizard|Charizard-Mega-Y, L50, F
|-mega|p1b: Charizard|Charizard|Charizardite Y
|-weather|SunnyDay|[from] ability: Drought|[of] p1b: Charizard
|detailschange|p2b: Floette|Floette-Mega, L50, F
|-mega|p2b: Floette|Floette|Floettite
|-ability|p2b: Floette|Fairy Aura
|move|p1b: Charizard|Heat Wave|p2a: Garchomp|[spread] p2a,p2b
|-resisted|p2a: Garchomp|1
|-damage|p2a: Garchomp|53/100
|-damage|p2b: Floette|56/100
|move|p2b: Floette|Dazzling Gleam|p1b: Charizard|[spread] p1a,p1b
|-resisted|p1b: Charizard|1
|-damage|p1a: Kingambit|17/100
|-damage|p1b: Charizard|37/100
|
|-weather|SunnyDay|[upkeep]
|upkeep
|turn|8
|inactive|nutbuster151 has 30 seconds left.
|inactive|nutbuster151 has 20 seconds left.
|
|t:|1782987116
|switch|p1b: Garchomp|Garchomp, L50, F|87/100
|move|p1a: Kingambit|Sucker Punch|p2a: Garchomp
|-damage|p2a: Garchomp|9/100
|-damage|p1a: Kingambit|5/100|[from] ability: Rough Skin|[of] p2a: Garchomp
|move|p2a: Garchomp|Rock Slide|p1b: Garchomp|[spread] p1a
|-miss|p2a: Garchomp|p1b: Garchomp
|-resisted|p1a: Kingambit|1
|-damage|p1a: Kingambit|0 fnt
|faint|p1a: Kingambit
|-damage|p2a: Garchomp|0 fnt|[from] item: Life Orb
|faint|p2a: Garchomp
|move|p2b: Floette|Dazzling Gleam|p1b: Garchomp
|-supereffective|p1b: Garchomp|1
|-damage|p1b: Garchomp|0 fnt
|faint|p1b: Garchomp
|
|-weather|SunnyDay|[upkeep]
|upkeep
|
|t:|1782987139
|switch|p2a: Sinistcha|Sinistcha, L50|100/100
|switch|p1b: Charizard|Charizard-Mega-Y, L50, F|37/100
|switch|p1a: Whimsicott|Whimsicott, L50, F|1/100
|-heal|p2b: Floette|81/100|[from] ability: Hospitality|[of] p2a: Sinistcha
|turn|9
|inactive|nutbuster151 has 30 seconds left.
|
|t:|1782987174
|switch|p2a: Incineroar|Incineroar, L50, F|56/100
|-ability|p2a: Incineroar|Intimidate|boost
|-unboost|p1a: Whimsicott|atk|1
|-unboost|p1b: Charizard|atk|1
|move|p2b: Floette|Protect|p2b: Floette
|-singleturn|p2b: Floette|Protect
|move|p1a: Whimsicott|Moonblast|p2b: Floette
|-activate|p2b: Floette|move: Protect
|move|p1b: Charizard|Heat Wave|p2a: Incineroar|[spread] p2a
|-activate|p2b: Floette|move: Protect
|-resisted|p2a: Incineroar|1
|-crit|p2a: Incineroar
|-damage|p2a: Incineroar|17/100
|-enditem|p2a: Incineroar|Sitrus Berry|[eat]
|-heal|p2a: Incineroar|42/100|[from] item: Sitrus Berry
|
|-weather|SunnyDay|[upkeep]
|upkeep
|turn|10
|
|t:|1782987197
|move|p1a: Whimsicott|Protect|p1a: Whimsicott
|-singleturn|p1a: Whimsicott|Protect
|move|p1b: Charizard|Protect|p1b: Charizard
|-singleturn|p1b: Charizard|Protect
|move|p2a: Incineroar|Fake Out|p1a: Whimsicott
|-activate|p1a: Whimsicott|move: Protect
|move|p2b: Floette|Moonblast|p1b: Charizard
|-activate|p1b: Charizard|move: Protect
|
|-weather|SunnyDay|[upkeep]
|upkeep
|turn|11
|
|t:|1782987215
|move|p1a: Whimsicott|Moonblast|p2b: Floette
|-damage|p2b: Floette|51/100
|move|p1b: Charizard|Heat Wave|p2a: Incineroar|[spread] p2a,p2b
|-resisted|p2a: Incineroar|1
|-damage|p2a: Incineroar|20/100y
|-damage|p2b: Floette|9/100
|move|p2b: Floette|Dazzling Gleam|p1b: Charizard|[spread] p1a,p1b
|-resisted|p1b: Charizard|1
|-damage|p1a: Whimsicott|0 fnt
|-damage|p1b: Charizard|14/100
|faint|p1a: Whimsicott
|move|p2a: Incineroar|Flare Blitz|p1b: Charizard
|-resisted|p1b: Charizard|1
|-damage|p1b: Charizard|0 fnt
|faint|p1b: Charizard
|-damage|p2a: Incineroar|16/100|[from] Recoil
|
|win|eklyst
|raw|nutbuster151's rating: 1155 → 1125(-30 for losing)
|raw|eklyst's rating: 1083 → 1116(+33 for winning)
|l|☆nutbuster151
|player|p1|
