|j|☆washingtongargacha
|j|☆SRareFox
|html|washingtongargachaSRareFox    
|uhtml|bestof|Game 3 of a best-of-3
|t:|1757695784
|gametype|doubles
|player|p1|washingtongargacha|102|1172
|player|p2|SRareFox|170|1171
|gen|9
|tier|[Gen 9] VGC 2025 Reg H (Bo3)
|rated|
|rule|Species Clause: Limit one of each Pokémon
|rule|Item Clause: Limit 1 of each item
|clearpoke
|poke|p1|Talonflame, L50, M|
|poke|p1|Gholdengo, L50|
|poke|p1|Dragonite, L50, M|
|poke|p1|Archaludon, L50, M|
|poke|p1|Tyranitar, L50, F|
|poke|p1|Garchomp, L50, M|
|poke|p2|Indeedee-F, L50, F|
|poke|p2|Gallade, L50, M|
|poke|p2|Hatterene, L50, F|
|poke|p2|Ursaluna, L50, F|
|poke|p2|Torkoal, L50, F|
|poke|p2|Porygon2, L50|
|teampreview|4
|showteam|p1|Talonflame||LifeOrb|GaleWings|Tailwind,DualWingbeat,Taunt,FlareBlitz|||M|||50|,,,,,Ghost]Gholdengo||ChoiceSpecs|GoodasGold|MakeItRain,SteelBeam,ShadowBall,PowerGem||||||50|,,,,,Flying]Dragonite||LoadedDice|Multiscale|ScaleShot,IceSpinner,Haze,Protect|||M|||50|,,,,,Steel]Archaludon||PowerHerb|Sturdy|FlashCannon,ElectroShot,DracoMeteor,Protect|||M|||50|,,,,,Flying]Tyranitar||AssaultVest|SandStream|KnockOff,RockSlide,TeraBlast,LowKick|||F|||50|,,,,,Flying]Garchomp||EarthPlate|RoughSkin|DragonClaw,StompingTantrum,Earthquake,Protect|||M|||50|,,,,,Steel
|showteam|p2|Indeedee-F||SafetyGoggles|PsychicSurge|Psychic,FollowMe,TrickRoom,HelpingHand|||F|||50|,,,,,Water]Gallade||ClearAmulet|Sharpness|PsychoCut,SacredSword,TrickRoom,WideGuard|||M|||50|,,,,,Grass]Hatterene||LifeOrb|MagicBounce|ExpandingForce,DazzlingGleam,TrickRoom,MysticalFire|||F|||50|,,,,,Fire]Ursaluna||FlameOrb|Guts|Facade,HeadlongRush,Earthquake,Protect|||F|||50|,,,,,Ghost]Torkoal||Charcoal|Drought|Eruption,WeatherBall,ClearSmog,Protect|||F|||50|,,,,,Fire]Porygon2||Eviolite|Download|IceBeam,TeraBlast,TrickRoom,Recover||||||50|,,,,,Flying
|inactive|Battle timer is ON: inactive players will automatically lose when time's up. (requested by SRareFox)
|inactive|washingtongargacha has 60 seconds left.
|inactive|SRareFox has 60 seconds left.
|
|t:|1757695822
|teamsize|p1|4
|teamsize|p2|4
|start
|switch|p1a: Gholdengo|Gholdengo, L50|100/100
|switch|p1b: Archaludon|Archaludon, L50, M|100/100
|switch|p2a: Indeedee|Indeedee-F, L50, F|100/100
|switch|p2b: Gallade|Gallade, L50, M|100/100
|-fieldstart|move: Psychic Terrain|[from] ability: Psychic Surge|[of] p2a: Indeedee
|turn|1
|inactive|washingtongargacha has 30 seconds left.
|
|t:|1757695851
|move|p2a: Indeedee|Follow Me|p2a: Indeedee
|-singleturn|p2a: Indeedee|move: Follow Me
|move|p1b: Archaludon|Flash Cannon|p2a: Indeedee
|-damage|p2a: Indeedee|61/100
|move|p1a: Gholdengo|Shadow Ball|p2a: Indeedee
|-immune|p2a: Indeedee
|move|p2b: Gallade|Trick Room|p2b: Gallade
|-fieldstart|move: Trick Room|[of] p2b: Gallade
|
|upkeep
|turn|2
|
|t:|1757695876
|switch|p1a: Tyranitar|Tyranitar, L50, F|100/100
|-weather|Sandstorm|[from] ability: Sand Stream|[of] p1a: Tyranitar
|move|p1b: Archaludon|Protect|p1b: Archaludon
|-singleturn|p1b: Archaludon|Protect
|move|p2a: Indeedee|Follow Me|p2a: Indeedee
|-singleturn|p2a: Indeedee|move: Follow Me
|move|p2b: Gallade|Sacred Sword|p1b: Archaludon
|-activate|p1b: Archaludon|move: Protect
|
|-weather|Sandstorm|[upkeep]
|-damage|p2b: Gallade|95/100|[from] Sandstorm
|upkeep
|turn|3
|inactive|SRareFox has 30 seconds left.
|inactive|washingtongargacha has 30 seconds left.
|inactive|SRareFox has 20 seconds left.
|inactive|SRareFox has 15 seconds left.
|inactive|washingtongargacha has 20 seconds left.
|inactive|SRareFox has 10 seconds left.
|
|t:|1757695925
|switch|p1a: Garchomp|Garchomp, L50, M|100/100
|switch|p1b: Gholdengo|Gholdengo, L50|100/100
|move|p2a: Indeedee|Follow Me|p2a: Indeedee
|-singleturn|p2a: Indeedee|move: Follow Me
|move|p2b: Gallade|Sacred Sword|p1b: Gholdengo
|-immune|p1b: Gholdengo
|
|-weather|Sandstorm|[upkeep]
|-damage|p2b: Gallade|89/100|[from] Sandstorm
|upkeep
|turn|4
|inactive|washingtongargacha has 30 seconds left.
|
|t:|1757695954
|-terastallize|p1b: Gholdengo|Flying
|move|p2b: Gallade|Wide Guard|p2b: Gallade
|-singleturn|p2b: Gallade|Wide Guard
|move|p2a: Indeedee|Psychic|p1a: Garchomp
|-damage|p1a: Garchomp|53/100
|move|p1b: Gholdengo|Make It Rain|p2a: Indeedee|[spread] 
|-activate|p2a: Indeedee|move: Wide Guard
|-activate|p2b: Gallade|move: Wide Guard
|move|p1a: Garchomp|Earthquake|p2a: Indeedee|[spread] 
|-activate|p2a: Indeedee|move: Wide Guard
|-activate|p2b: Gallade|move: Wide Guard
|-immune|p1b: Gholdengo
|
|-weather|Sandstorm|[upkeep]
|-damage|p2b: Gallade|83/100|[from] Sandstorm
|-damage|p1b: Gholdengo|94/100|[from] Sandstorm
|upkeep
|turn|5
|inactive|SRareFox has 30 seconds left.
|inactive|washingtongargacha has 30 seconds left.
|inactive|SRareFox has 20 seconds left.
|inactive|washingtongargacha has 20 seconds left.
|inactive|SRareFox has 15 seconds left.
|inactive|washingtongargacha has 15 seconds left.
|inactive|SRareFox has 10 seconds left.
|
|t:|1757696003
|move|p2b: Gallade|Wide Guard|p2b: Gallade
|-singleturn|p2b: Gallade|Wide Guard
|move|p2a: Indeedee|Psychic|p1a: Garchomp
|-damage|p1a: Garchomp|9/100
|move|p1b: Gholdengo|Make It Rain|p2a: Indeedee|[spread] 
|-activate|p2a: Indeedee|move: Wide Guard
|-activate|p2b: Gallade|move: Wide Guard
|move|p1a: Garchomp|Dragon Claw|p2a: Indeedee
|-damage|p2a: Indeedee|21/100
|
|-weather|Sandstorm|[upkeep]
|-damage|p2b: Gallade|78/100|[from] Sandstorm
|-damage|p1b: Gholdengo|88/100|[from] Sandstorm
|-fieldend|move: Trick Room
|-fieldend|move: Psychic Terrain
|upkeep
|turn|6
|inactive|washingtongargacha has 30 seconds left.
|inactive|SRareFox has 30 seconds left.
|inactive|SRareFox has 20 seconds left.
|inactive|SRareFox has 15 seconds left.
|
|t:|1757696043
|move|p2a: Indeedee|Follow Me|p2a: Indeedee
|-singleturn|p2a: Indeedee|move: Follow Me
|move|p1a: Garchomp|Dragon Claw|p2a: Indeedee
|-damage|p2a: Indeedee|0 fnt
|faint|p2a: Indeedee
|move|p1b: Gholdengo|Make It Rain|p2b: Gallade
|-damage|p2b: Gallade|0 fnt
|-unboost|p1b: Gholdengo|spa|1
|faint|p2b: Gallade
|
|-weather|none
|upkeep
|inactive|SRareFox has 30 seconds left.
|
|t:|1757696078
|switch|p2a: Ursaluna|Ursaluna, L50, F|100/100
|switch|p2b: Torkoal|Torkoal, L50, F|100/100
|-weather|SunnyDay|[from] ability: Drought|[of] p2b: Torkoal
|turn|7
|
|t:|1757696087
|move|p2a: Ursaluna|Protect|p2a: Ursaluna
|-singleturn|p2a: Ursaluna|Protect
|move|p2b: Torkoal|Protect|p2b: Torkoal
|-singleturn|p2b: Torkoal|Protect
|move|p1a: Garchomp|Stomping Tantrum|p2b: Torkoal
|-activate|p2b: Torkoal|move: Protect
|move|p1b: Gholdengo|Make It Rain|p2b: Torkoal|[spread] 
|-activate|p2a: Ursaluna|move: Protect
|-activate|p2b: Torkoal|move: Protect
|
|-weather|SunnyDay|[upkeep]
|-status|p2a: Ursaluna|brn|[from] item: Flame Orb
|upkeep
|turn|8
|
|t:|1757696112
|move|p2b: Torkoal|Protect||[still]
|-fail|p2b: Torkoal
|move|p1a: Garchomp|Stomping Tantrum|p2b: Torkoal
|-supereffective|p2b: Torkoal
|-damage|p2b: Torkoal|32/100
|move|p1b: Gholdengo|Make It Rain|p2b: Torkoal|[spread] p2a,p2b
|-resisted|p2b: Torkoal
|-damage|p2a: Ursaluna|55/100 brn
|-damage|p2b: Torkoal|0 fnt
|-unboost|p1b: Gholdengo|spa|1
|faint|p2b: Torkoal
|move|p2a: Ursaluna|Facade|p1b: Gholdengo
|-damage|p1b: Gholdengo|0 fnt
|faint|p1b: Gholdengo
|
|-weather|SunnyDay|[upkeep]
|-damage|p2a: Ursaluna|49/100 brn|[from] brn
|upkeep
|
|t:|1757696130
|switch|p1b: Archaludon|Archaludon, L50, M|100/100
|turn|9
|
|t:|1757696137
|-terastallize|p2a: Ursaluna|Ghost
|move|p1a: Garchomp|Dragon Claw|p2a: Ursaluna
|-damage|p2a: Ursaluna|15/100 brn
|move|p1b: Archaludon|Flash Cannon|p2a: Ursaluna
|-damage|p2a: Ursaluna|0 fnt
|faint|p2a: Ursaluna
|
|win|washingtongargacha
|raw|washingtongargacha's rating: 1172 → 1197(+25 for winning)
|raw|SRareFox's rating: 1171 → 1146(-25 for losing)
