|j|☆GS Barnabe
|j|‽antopeizYZ
|html|GS BarnabeantopeizYZ    
|uhtml|bestof|Game 1 of a best-of-3
|t:|1785766854
|gametype|doubles
|player|p1|GS Barnabe|102|1248
|player|p2|antopeizYZ|hilda|1196
|gen|9
|tier|[Gen 9 Champions] VGC 2026 Reg M-B (Bo3)
|rated|
|rule|Species Clause: Limit one of each Pokémon
|rule|Item Clause: Limit 1 of each item
|clearpoke
|poke|p1|Clefable, L50, M|
|poke|p1|Tyranitar, L50, F|
|poke|p1|Garchomp, L50, M|
|poke|p1|Gholdengo, L50|
|poke|p1|Rotom-Wash, L50|
|poke|p1|Aerodactyl, L50, F|
|poke|p2|Hatterene, L50, F, shiny|
|poke|p2|Farigiraf, L50, F|
|poke|p2|Camerupt, L50, F|
|poke|p2|Grimmsnarl, L50, M, shiny|
|poke|p2|Crabominable, L50, F|
|poke|p2|Primarina, L50, M|
|teampreview|4
|showteam|p1|Clefable||SitrusBerry|Unaware|Moonblast,LifeDew,FollowMe,Protect|Bold||M|||50|]Tyranitar||ChoiceScarf|SandStream|RockSlide,KnockOff,IcePunch,Superpower|Jolly||F|||50|]Garchomp||Garchompite|SandVeil|DracoMeteor,EarthPower,PowerGem,Protect|Modest||M|||50|]Gholdengo||LifeOrb|GoodasGold|MakeItRain,ShadowBall,NastyPlot,Protect|Modest|||||50|]Rotom-Wash||Leftovers|Levitate|HydroPump,VoltSwitch,WillOWisp,Protect|Calm|||||50|]Aerodactyl||Aerodactylite|RockHead|RockSlide,DualWingbeat,Tailwind,Protect|Jolly||F|||50|
|showteam|p2|Hatterene||LifeOrb|MagicBounce|DazzlingGleam,TrickRoom,Psychic,Protect|Quiet||F|||50|]Farigiraf||SitrusBerry|ArmorTail|TrickRoom,TwinBeam,Protect,HelpingHand|Relaxed||F|||50|]Camerupt||Cameruptite|SolidRock|AncientPower,HeatWave,EarthPower,Protect|Quiet||F|||50|]Grimmsnarl||LightClay|Prankster|SpiritBreak,Reflect,LightScreen,PartingShot|Sassy||M|||50|]Crabominable||Crabominite|HyperCutter|DrainPunch,IceHammer,MachPunch,Protect|Brave||F|||50|]Primarina||Leftovers|LiquidVoice|HyperVoice,EnergyBall,CalmMind,Protect|Relaxed||M|||50|
|inactive|Battle timer is ON: inactive players will automatically lose when time's up. (requested by antopeizYZ)
|j| nl1948
|inactive|GS Barnabe has 60 seconds left.
|inactive|antopeizYZ has 60 seconds left.
|
|t:|1785766898
|teamsize|p1|4
|teamsize|p2|4
|start
|switch|p1a: Garchomp|Garchomp, L50, M|100/100
|switch|p1b: Tyranitar|Tyranitar, L50, F|100/100
|switch|p2a: Hatterene|Hatterene, L50, F, shiny|100/100
|switch|p2b: Grimmsnarl|Grimmsnarl, L50, M, shiny|100/100
|-weather|Sandstorm|[from] ability: Sand Stream|[of] p1b: Tyranitar
|turn|1
|inactive|GS Barnabe has 30 seconds left.
|
|t:|1785766927
|detailschange|p1a: Garchomp|Garchomp-Mega, L50, M
|-mega|p1a: Garchomp|Garchomp|Garchompite
|move|p2a: Hatterene|Protect|p2a: Hatterene
|-singleturn|p2a: Hatterene|Protect
|move|p2b: Grimmsnarl|Reflect|p2b: Grimmsnarl
|-sidestart|p2: antopeizYZ|Reflect
|move|p1b: Tyranitar|Rock Slide|p2b: Grimmsnarl|[spread] p2b
|-activate|p2a: Hatterene|move: Protect
|-damage|p2b: Grimmsnarl|78/100
|move|p1a: Garchomp|Earth Power|p2a: Hatterene
|-activate|p2a: Hatterene|move: Protect
|
|-weather|Sandstorm|[upkeep]
|-damage|p2b: Grimmsnarl|72/100|[from] Sandstorm
|-damage|p2a: Hatterene|93/100|[from] Sandstorm
|upkeep
|turn|2
|l| nl1948
|
|t:|1785766945
|move|p2b: Grimmsnarl|Parting Shot|p1a: Garchomp
|-unboost|p1a: Garchomp|atk|1
|-unboost|p1a: Garchomp|spa|1
|
|t:|1785766949
|switch|p2b: Primarina|Primarina, L50, M|100/100|[from] Parting Shot
|move|p1b: Tyranitar|Rock Slide|p2a: Hatterene|[spread] p2a,p2b
|-damage|p2a: Hatterene|74/100
|-damage|p2b: Primarina|82/100
|move|p1a: Garchomp|Earth Power|p2a: Hatterene
|-crit|p2a: Hatterene
|-damage|p2a: Hatterene|0 fnt
|faint|p2a: Hatterene
|
|-weather|Sandstorm|[upkeep]
|-damage|p2b: Primarina|77/100|[from] Sandstorm
|-heal|p2b: Primarina|82/100|[from] item: Leftovers
|upkeep
|
|t:|1785766961
|switch|p2a: Camerupt|Camerupt, L50, F|100/100
|turn|3
|inactive|GS Barnabe has 30 seconds left.
|
|t:|1785766993
|detailschange|p2a: Camerupt|Camerupt-Mega, L50, F
|-mega|p2a: Camerupt|Camerupt|Cameruptite
|move|p1b: Tyranitar|Rock Slide|p2b: Primarina|[spread] p2a,p2b
|-damage|p2a: Camerupt|79/100
|-damage|p2b: Primarina|64/100
|move|p1a: Garchomp|Earth Power|p2a: Camerupt
|-supereffective|p2a: Camerupt|1
|-damage|p2a: Camerupt|0 fnt
|faint|p2a: Camerupt
|move|p2b: Primarina|Calm Mind|p2b: Primarina
|-boost|p2b: Primarina|spa|1
|-boost|p2b: Primarina|spd|1
|
|-weather|Sandstorm|[upkeep]
|-damage|p2b: Primarina|58/100|[from] Sandstorm
|-heal|p2b: Primarina|64/100|[from] item: Leftovers
|upkeep
|
|t:|1785767006
|switch|p2a: Grimmsnarl|Grimmsnarl, L50, M, shiny|72/100
|turn|4
|
|t:|1785767018
|move|p2a: Grimmsnarl|Light Screen|p2a: Grimmsnarl
|-sidestart|p2: antopeizYZ|move: Light Screen
|move|p1b: Tyranitar|Rock Slide|p2a: Grimmsnarl|[spread] p2a,p2b
|-damage|p2a: Grimmsnarl|50/100y
|-damage|p2b: Primarina|48/100
|move|p1a: Garchomp|Earth Power|p2b: Primarina
|-damage|p2b: Primarina|32/100
|cant|p2b: Primarina|flinch
|
|-weather|Sandstorm|[upkeep]
|-damage|p2b: Primarina|26/100|[from] Sandstorm
|-damage|p2a: Grimmsnarl|44/100|[from] Sandstorm
|-heal|p2b: Primarina|32/100|[from] item: Leftovers
|upkeep
|turn|5
|
|t:|1785767036
|move|p2a: Grimmsnarl|Parting Shot|p1a: Garchomp
|-unboost|p1a: Garchomp|atk|1
|-unboost|p1a: Garchomp|spa|1
|move|p1b: Tyranitar|Rock Slide|p2a: Grimmsnarl|[spread] p2a,p2b
|-damage|p2a: Grimmsnarl|21/100
|-damage|p2b: Primarina|16/100
|move|p1a: Garchomp|Earth Power|p2b: Primarina
|-damage|p2b: Primarina|4/100
|move|p2b: Primarina|Hyper Voice|p1a: Garchomp|[spread] p1a,p1b
|-supereffective|p1b: Tyranitar|1
|-damage|p1a: Garchomp|54/100
|-damage|p1b: Tyranitar|45/100
|
|-weather|none
|-heal|p2b: Primarina|10/100|[from] item: Leftovers
|upkeep
|turn|6
|
|t:|1785767056
|move|p2b: Primarina|Protect|p2b: Primarina
|-singleturn|p2b: Primarina|Protect
|move|p2a: Grimmsnarl|Parting Shot|p1a: Garchomp
|-unboost|p1a: Garchomp|atk|1
|-unboost|p1a: Garchomp|spa|1
|move|p1b: Tyranitar|Rock Slide|p2b: Primarina|[spread] p2a
|-activate|p2b: Primarina|move: Protect
|-damage|p2a: Grimmsnarl|0 fnt
|faint|p2a: Grimmsnarl
|move|p1a: Garchomp|Earth Power|p2b: Primarina
|-activate|p2b: Primarina|move: Protect
|
|-heal|p2b: Primarina|16/100|[from] item: Leftovers
|upkeep
|turn|7
|
|t:|1785767071
|move|p1b: Tyranitar|Rock Slide|p2b: Primarina|[miss]
|-miss|p1b: Tyranitar|p2b: Primarina
|move|p1a: Garchomp|Earth Power|p2b: Primarina
|-damage|p2b: Primarina|9/100
|move|p2b: Primarina|Hyper Voice|p1a: Garchomp|[spread] p1a,p1b
|-supereffective|p1b: Tyranitar|1
|-crit|p1b: Tyranitar
|-damage|p1a: Garchomp|16/100
|-damage|p1b: Tyranitar|0 fnt
|faint|p1b: Tyranitar
|
|-heal|p2b: Primarina|14/100|[from] item: Leftovers
|upkeep
|
|t:|1785767081
|switch|p1b: Gholdengo|Gholdengo, L50|100/100
|turn|8
|
|t:|1785767086
|move|p1a: Garchomp|Earth Power|p2b: Primarina
|-damage|p2b: Primarina|7/100
|move|p1b: Gholdengo|Make It Rain|p2b: Primarina
|-damage|p2b: Primarina|0 fnt
|-unboost|p1b: Gholdengo|spa|2
|faint|p2b: Primarina
|-damage|p1b: Gholdengo|90/100|[from] item: Life Orb
|
|win|GS Barnabe
||antopeizYZ is ready for game 2.
|inactive|GS Barnabe has 30 seconds to confirm battle start!
|l|‽antopeizYZ
|player|p2|
