|j|☆Roamingboob
|j|☆sbhaga34
|html|Roamingboobsbhaga34    
|uhtml|bestof|Game 1 of a best-of-3
|t:|1784681653
|gametype|doubles
|player|p1|Roamingboob|265|1236
|player|p2|sbhaga34|hugh|1305
|gen|9
|tier|[Gen 9 Champions] VGC 2026 Reg M-B (Bo3)
|rated|
|rule|Species Clause: Limit one of each Pokémon
|rule|Item Clause: Limit 1 of each item
|clearpoke
|poke|p1|Meganium, L50, F|
|poke|p1|Aerodactyl, L50, F|
|poke|p1|Farigiraf, L50, M|
|poke|p1|Archaludon, L50, M|
|poke|p1|Sneasler, L50, M|
|poke|p1|Politoed, L50, M|
|poke|p2|Excadrill, L50, F|
|poke|p2|Tyranitar, L50, F|
|poke|p2|Corviknight, L50, M|
|poke|p2|Rotom-Wash, L50|
|poke|p2|Chandelure, L50, M|
|poke|p2|Scovillain, L50, F|
|teampreview|4
|showteam|p1|Meganium||Meganiumite|Overgrow|WeatherBall,Protect,SolarBeam,DazzlingGleam|Modest||F|||50|]Aerodactyl||Aerodactylite|Unnerve|Tailwind,RockSlide,DualWingbeat,Protect|Jolly||F|||50|]Farigiraf||MentalHerb|ArmorTail|TrickRoom,Protect,Psychic,HyperVoice|Quiet||M|||50|]Archaludon||Leftovers|Sturdy|DracoMeteor,FlashCannon,Protect,ElectroShot|Modest||M|||50|]Sneasler||WhiteHerb|Unburden|DireClaw,CloseCombat,Protect,FakeOut|Adamant||M|||50|]Politoed||MysticWater|Drizzle|WeatherBall,Encore,Protect,IceBeam|Modest||M|||50|
|showteam|p2|Excadrill||FocusSash|SandRush|Earthquake,IronHead,SwordsDance,Protect|Adamant||F|||50|]Tyranitar||Tyranitarite|SandStream|RockSlide,KnockOff,LowKick,Protect|Adamant||F|||50|]Corviknight||SharpBeak|MirrorArmor|BraveBird,Tailwind,BulkUp,Roost|Careful||M|||50|]Rotom-Wash||ChoiceScarf|Levitate|VoltSwitch,Thunderbolt,Electroweb,HydroPump|Timid|||||50|]Chandelure||ShucaBerry|FlashFire|HeatWave,ShadowBall,TrickRoom,Protect|Modest||M|||50|]Scovillain||Scovillainite|Chlorophyll|RagePowder,Overheat,GigaDrain,Protect|Calm||F|||50|
|inactive|Battle timer is ON: inactive players will automatically lose when time's up. (requested by Roamingboob)
|j| 10miles
|inactive|Roamingboob has 60 seconds left.
|inactive|sbhaga34 has 60 seconds left.
|inactive|sbhaga34 has 30 seconds left.
|
|t:|1784681730
|teamsize|p1|4
|teamsize|p2|4
|start
|switch|p1a: Aerodactyl|Aerodactyl, L50, F|100/100
|switch|p1b: Archaludon|Archaludon, L50, M|100/100
|switch|p2a: Rotom|Rotom-Wash, L50|100/100
|switch|p2b: Excadrill|Excadrill, L50, F|100/100
|-ability|p1a: Aerodactyl|Unnerve
|turn|1
|inactive|Roamingboob has 30 seconds left.
|inactive|Roamingboob has 20 seconds left.
|inactive|Roamingboob has 15 seconds left.
|
|t:|1784681774
|switch|p2a: Tyranitar|Tyranitar, L50, F|100/100
|-weather|Sandstorm|[from] ability: Sand Stream|[of] p2a: Tyranitar
|move|p1a: Aerodactyl|Protect|p1a: Aerodactyl
|-singleturn|p1a: Aerodactyl|Protect
|move|p2b: Excadrill|Iron Head|p1a: Aerodactyl
|-activate|p1a: Aerodactyl|move: Protect
|move|p1b: Archaludon|Draco Meteor|p2b: Excadrill
|-resisted|p2b: Excadrill|1
|-damage|p2b: Excadrill|57/100
|-unboost|p1b: Archaludon|spa|2
|
|-weather|Sandstorm|[upkeep]
|upkeep
|turn|2
|
|t:|1784681798
|switch|p1b: Sneasler|Sneasler, L50, M|100/100
|detailschange|p2a: Tyranitar|Tyranitar-Mega, L50, F
|-mega|p2a: Tyranitar|Tyranitar|Tyranitarite
|move|p2b: Excadrill|Iron Head|p1a: Aerodactyl
|-supereffective|p1a: Aerodactyl|1
|-damage|p1a: Aerodactyl|0 fnt
|faint|p1a: Aerodactyl
|move|p2a: Tyranitar|Knock Off|p1b: Sneasler
|-resisted|p1b: Sneasler|1
|-damage|p1b: Sneasler|51/100
|-enditem|p1b: Sneasler|White Herb|[from] move: Knock Off|[of] p2a: Tyranitar
|
|-weather|Sandstorm|[upkeep]
|-damage|p1b: Sneasler|45/100|[from] Sandstorm
|upkeep
|
|t:|1784681808
|switch|p1a: Politoed|Politoed, L50, M|100/100
|-weather|RainDance|[from] ability: Drizzle|[of] p1a: Politoed
|turn|3
|
|t:|1784681824
|switch|p2b: Rotom|Rotom-Wash, L50|100/100
|switch|p2a: Chandelure|Chandelure, L50, M|100/100
|move|p1b: Sneasler|Protect|p1b: Sneasler
|-singleturn|p1b: Sneasler|Protect
|move|p1a: Politoed|Weather Ball|p2b: Rotom
|-resisted|p2b: Rotom|1
|-damage|p2b: Rotom|58/100
|
|-weather|RainDance|[upkeep]
|upkeep
|turn|4
|
|t:|1784681843
|move|p1b: Sneasler|Close Combat|p2b: Rotom
|-damage|p2b: Rotom|0 fnt
|-unboost|p1b: Sneasler|def|1
|-unboost|p1b: Sneasler|spd|1
|faint|p2b: Rotom
|move|p2a: Chandelure|Heat Wave|p1a: Politoed|[spread] p1a,p1b
|-resisted|p1a: Politoed|1
|-damage|p1a: Politoed|90/100
|-damage|p1b: Sneasler|0 fnt
|-status|p1a: Politoed|brn
|faint|p1b: Sneasler
|move|p1a: Politoed|Weather Ball|p2a: Chandelure
|-supereffective|p2a: Chandelure|1
|-damage|p2a: Chandelure|0 fnt
|faint|p2a: Chandelure
|
|-weather|RainDance|[upkeep]
|-damage|p1a: Politoed|84/100 brn|[from] brn
|upkeep
|
|t:|1784681851
|switch|p1b: Archaludon|Archaludon, L50, M|100/100
|switch|p2b: Tyranitar|Tyranitar-Mega, L50, F|100/100
|switch|p2a: Excadrill|Excadrill, L50, F|57/100
|-weather|Sandstorm|[from] ability: Sand Stream|[of] p2b: Tyranitar
|turn|5
|
|t:|1784681858
|move|p2a: Excadrill|Protect|p2a: Excadrill
|-singleturn|p2a: Excadrill|Protect
|move|p2b: Tyranitar|Knock Off|p1a: Politoed
|-damage|p1a: Politoed|21/100 brn
|-enditem|p1a: Politoed|Mystic Water|[from] move: Knock Off|[of] p2b: Tyranitar
|move|p1b: Archaludon|Flash Cannon|p2b: Tyranitar
|-supereffective|p2b: Tyranitar|1
|-damage|p2b: Tyranitar|58/100
|move|p1a: Politoed|Ice Beam|p2a: Excadrill
|-activate|p2a: Excadrill|move: Protect
|
|-weather|Sandstorm|[upkeep]
|-damage|p1a: Politoed|15/100 brn|[from] Sandstorm
|-damage|p1a: Politoed|9/100 brn|[from] brn
|upkeep
|turn|6
|
|t:|1784681872
|move|p2a: Excadrill|Swords Dance|p2a: Excadrill
|-boost|p2a: Excadrill|atk|2
|move|p2b: Tyranitar|Knock Off|p1a: Politoed
|-damage|p1a: Politoed|0 fnt
|faint|p1a: Politoed
|move|p1b: Archaludon|Flash Cannon|p2b: Tyranitar
|-supereffective|p2b: Tyranitar|1
|-damage|p2b: Tyranitar|19/100
|
|-weather|Sandstorm|[upkeep]
|upkeep
|turn|7
|
|t:|1784681882
|move|p1b: Archaludon|Protect|p1b: Archaludon
|-singleturn|p1b: Archaludon|Protect
|move|p2a: Excadrill|Swords Dance|p2a: Excadrill
|-boost|p2a: Excadrill|atk|2
|move|p2b: Tyranitar|Knock Off|p1b: Archaludon
|-activate|p1b: Archaludon|move: Protect
|
|-weather|Sandstorm|[upkeep]
|upkeep
|turn|8
|
|t:|1784681891
|move|p2a: Excadrill|Protect|p2a: Excadrill
|-singleturn|p2a: Excadrill|Protect
|move|p2b: Tyranitar|Knock Off|p1b: Archaludon
|-damage|p1b: Archaludon|53/100
|-enditem|p1b: Archaludon|Leftovers|[from] move: Knock Off|[of] p2b: Tyranitar
|move|p1b: Archaludon|Flash Cannon|p2b: Tyranitar
|-supereffective|p2b: Tyranitar|1
|-damage|p2b: Tyranitar|0 fnt
|faint|p2b: Tyranitar
|
|-weather|Sandstorm|[upkeep]
|upkeep
|turn|9
|
|t:|1784681897
|move|p1b: Archaludon|Protect|p1b: Archaludon
|-singleturn|p1b: Archaludon|Protect
|move|p2a: Excadrill|Earthquake|p1b: Archaludon
|-activate|p1b: Archaludon|move: Protect
|
|-weather|none
|upkeep
|turn|10
|
|t:|1784681902
|move|p2a: Excadrill|Earthquake|p1b: Archaludon
|-supereffective|p1b: Archaludon|1
|-damage|p1b: Archaludon|0 fnt
|faint|p1b: Archaludon
|
|win|sbhaga34
