|j|☆Rinyasunmortogodo
|j|☆crimsonkidd
|html|Rinyasunmortogodocrimsonkidd    
|uhtml|bestof|Game 1 of a best-of-3
|t:|1757861851
|gametype|doubles
|player|p1|Rinyasunmortogodo|170|1245
|player|p2|crimsonkidd|lance|1229
|gen|9
|tier|[Gen 9] VGC 2025 Reg H (Bo3)
|rated|
|rule|Species Clause: Limit one of each Pokémon
|rule|Item Clause: Limit 1 of each item
|clearpoke
|poke|p1|Gholdengo, L50|
|poke|p1|Tyranitar, L50, F|
|poke|p1|Garchomp, L50, F|
|poke|p1|Sneasler, L50, M|
|poke|p1|Incineroar, L50, M|
|poke|p1|Corviknight, L50, F|
|poke|p2|Talonflame, L50, F|
|poke|p2|Garchomp, L50, F|
|poke|p2|Tyranitar, L50, F|
|poke|p2|Milotic, L50, F|
|poke|p2|Sinistcha, L50|
|poke|p2|Gholdengo, L50|
|teampreview|4
|showteam|p1|Gholdengo||ChoiceSpecs|GoodasGold|MakeItRain,ShadowBall,Trick,PowerGem||||||50|,,,,,Steel]Tyranitar||AssaultVest|SandStream|RockSlide,KnockOff,TeraBlast,LowKick|||F|||50|,,,,,Flying]Garchomp||LifeOrb|SandVeil|Earthquake,StompingTantrum,DragonClaw,Protect|||F|||50|,,,,,Ground]Sneasler||FocusSash|Unburden|CloseCombat,DireClaw,Coaching,Protect|||M|||50|,,,,,Ghost]Incineroar||SitrusBerry|Intimidate|FakeOut,FlareBlitz,PartingShot,KnockOff|||M|||50|,,,,,Grass]Corviknight||CovertCloak|MirrorArmor|BraveBird,Taunt,Tailwind,Roost|||F|||50|,,,,,Dragon
|showteam|p2|Talonflame||CovertCloak|GaleWings|DualWingbeat,Tailwind,WillOWisp,Taunt|||F|||50|,,,,,Flying]Garchomp||LifeOrb|RoughSkin|Protect,StompingTantrum,Earthquake,DragonClaw|||F|||50|,,,,,Ground]Tyranitar||AssaultVest|SandStream|RockSlide,KnockOff,LowKick,TeraBlast|||F|||50|,,,,,Flying]Milotic||SafetyGoggles|Competitive|Scald,IcyWind,Haze,Protect|||F|||50|,,,,,Poison]Sinistcha||SitrusBerry|Hospitality|MatchaGotcha,TrickRoom,RagePowder,Imprison||||||50|,,,,,Water]Gholdengo||MetalCoat|GoodasGold|MakeItRain,ShadowBall,NastyPlot,Protect||||||50|,,,,,Flying
|inactive|Battle timer is ON: inactive players will automatically lose when time's up. (requested by Rinyasunmortogodo)
|inactive|Rinyasunmortogodo has 60 seconds left.
|inactive|crimsonkidd has 60 seconds left.
|
|t:|1757861931
|teamsize|p1|4
|teamsize|p2|4
|start
|switch|p1a: Garchomp|Garchomp, L50, F|100/100
|switch|p1b: Incineroar|Incineroar, L50, M|100/100
|switch|p2a: Talonflame|Talonflame, L50, F|100/100
|switch|p2b: Milotic|Milotic, L50, F|100/100
|-ability|p1b: Incineroar|Intimidate|boost
|-unboost|p2a: Talonflame|atk|1
|-unboost|p2b: Milotic|atk|1
|-ability|p2b: Milotic|Competitive|boost
|-boost|p2b: Milotic|spa|2
|turn|1
|inactive|crimsonkidd has 30 seconds left.
|inactive|Rinyasunmortogodo has 30 seconds left.
|inactive|crimsonkidd has 20 seconds left.
|
|t:|1757861971
|switch|p1a: Corviknight|Corviknight, L50, F|100/100
|move|p2b: Milotic|Protect|p2b: Milotic
|-singleturn|p2b: Milotic|Protect
|move|p2a: Talonflame|Tailwind|p2a: Talonflame
|-sidestart|p2: crimsonkidd|move: Tailwind
|move|p1b: Incineroar|Knock Off|p2b: Milotic
|-activate|p2b: Milotic|move: Protect
|
|upkeep
|turn|2
|
|t:|1757861989
|move|p2a: Talonflame|Taunt|p1a: Corviknight
|-start|p1a: Corviknight|move: Taunt
|move|p2b: Milotic|Scald|p1b: Incineroar
|-supereffective|p1b: Incineroar
|-damage|p1b: Incineroar|0 fnt
|faint|p1b: Incineroar
|move|p1a: Corviknight|Brave Bird|p2b: Milotic
|-damage|p2b: Milotic|61/100
|-damage|p1a: Corviknight|88/100|[from] Recoil
|
|upkeep
|
|t:|1757862005
|switch|p1b: Tyranitar|Tyranitar, L50, F, shiny|100/100
|-weather|Sandstorm|[from] ability: Sand Stream|[of] p1b: Tyranitar
|turn|3
|inactive|crimsonkidd has 30 seconds left.
|
|t:|1757862031
|-terastallize|p1b: Tyranitar|Flying
|move|p2b: Milotic|Protect|p2b: Milotic
|-singleturn|p2b: Milotic|Protect
|move|p2a: Talonflame|Will-O-Wisp|p1a: Corviknight
|-status|p1a: Corviknight|brn
|move|p1a: Corviknight|Brave Bird|p2b: Milotic
|-activate|p2b: Milotic|move: Protect
|move|p1b: Tyranitar|Rock Slide|p2b: Milotic|[spread] p2a
|-activate|p2b: Milotic|move: Protect
|-supereffective|p2a: Talonflame
|-damage|p2a: Talonflame|0 fnt
|faint|p2a: Talonflame
|
|-weather|Sandstorm|[upkeep]
|-damage|p1b: Tyranitar|94/100|[from] Sandstorm
|-damage|p1a: Corviknight|82/100 brn|[from] brn
|upkeep
|
|t:|1757862045
|switch|p2a: Gholdengo|Gholdengo, L50|100/100
|turn|4
|inactive|crimsonkidd has 30 seconds left.
|
|t:|1757862076
|-terastallize|p2a: Gholdengo|Flying
|move|p2a: Gholdengo|Nasty Plot|p2a: Gholdengo
|-boost|p2a: Gholdengo|spa|2
|move|p2b: Milotic|Icy Wind|p1a: Corviknight|[spread] p1a,p1b
|-supereffective|p1b: Tyranitar
|-damage|p1a: Corviknight|60/100 brn
|-damage|p1b: Tyranitar|65/100
|-unboost|p1b: Tyranitar|spe|1
|move|p1a: Corviknight|Brave Bird|p2b: Milotic
|-damage|p2b: Milotic|41/100
|-damage|p1a: Corviknight|54/100 brn|[from] Recoil
|move|p1b: Tyranitar|Rock Slide|p2b: Milotic|[spread] p2a,p2b
|-supereffective|p2a: Gholdengo
|-damage|p2a: Gholdengo|34/100
|-damage|p2b: Milotic|13/100
|
|-weather|Sandstorm|[upkeep]
|-damage|p2a: Gholdengo|28/100|[from] Sandstorm
|-damage|p1b: Tyranitar|59/100|[from] Sandstorm
|-damage|p1a: Corviknight|48/100 brn|[from] brn
|-end|p1a: Corviknight|move: Taunt
|-sideend|p2: crimsonkidd|move: Tailwind
|upkeep
|turn|5
|inactive|Rinyasunmortogodo has 30 seconds left.
|inactive|crimsonkidd has 30 seconds left.
|inactive|crimsonkidd has 20 seconds left.
|inactive|crimsonkidd has 15 seconds left.
|
|t:|1757862118
|move|p2a: Gholdengo|Make It Rain|p1b: Tyranitar|[spread] p1a,p1b
|-resisted|p1a: Corviknight
|-crit|p1b: Tyranitar
|-damage|p1a: Corviknight|0 fnt
|-damage|p1b: Tyranitar|0 fnt
|-unboost|p2a: Gholdengo|spa|1
|faint|p1a: Corviknight
|faint|p1b: Tyranitar
|move|p2b: Milotic|Scald|p1: Corviknight|[notarget]
|-fail|p2b: Milotic
|
|-weather|Sandstorm|[upkeep]
|-damage|p2a: Gholdengo|23/100|[from] Sandstorm
|upkeep
|-message|Rinyasunmortogodo forfeited.
|
|win|crimsonkidd
|l|☆Rinyasunmortogodo
|player|p1|
||Rinyasunmortogodo is ready for game 2.
||crimsonkidd is ready for game 2.
|uhtml|next|Next: Game 2 of 3
