|j|☆flubberbut
|j|☆CrusaderJCM
|html|flubberbutCrusaderJCM    
|uhtml|bestof|Game 2 of a best-of-3
|t:|1757001996
|gametype|doubles
|player|p1|flubberbut|benga|1282
|player|p2|CrusaderJCM|170|1359
|gen|9
|tier|[Gen 9] VGC 2025 Reg H (Bo3)
|rated|
|rule|Species Clause: Limit one of each Pokémon
|rule|Item Clause: Limit 1 of each item
|clearpoke
|poke|p1|Gholdengo, L50|
|poke|p1|Dragonite, L50, F|
|poke|p1|Talonflame, L50, F|
|poke|p1|Ursaluna-Bloodmoon, L50, M|
|poke|p1|Dondozo, L50, M|
|poke|p1|Tatsugiri, L50, M|
|poke|p2|Farigiraf, L50, F|
|poke|p2|Ursaluna-Bloodmoon, L50, M|
|poke|p2|Incineroar, L50, M|
|poke|p2|Electabuzz, L50, M|
|poke|p2|Salamence, L50, F|
|poke|p2|Sneasler, L50, M|
|teampreview|4
|showteam|p1|Gholdengo||ChoiceSpecs|GoodasGold|MakeItRain,PowerGem,ShadowBall,DazzlingGleam||||||50|,,,,,Steel]Dragonite||ChoiceBand|InnerFocus|ExtremeSpeed,Outrage,LowKick,Earthquake|||F|||50|,,,,,Normal]Talonflame||ClearAmulet|GaleWings|Tailwind,FlareBlitz,BraveBird,WillOWisp|||F|||50|,,,,,Ghost]Ursaluna-Bloodmoon||LifeOrb|MindsEye|HyperVoice,EarthPower,BloodMoon,Protect|||M|||50|,,,,,Normal]Dondozo||SafetyGoggles|Unaware|Protect,WaveCrash,OrderUp,Earthquake|||M|||50|,,,,,Ghost]Tatsugiri||FocusSash|Commander|DracoMeteor,MuddyWater,Protect,MirrorCoat|||M|||50|,,,,,Fairy
|showteam|p2|Farigiraf||ThroatSpray|ArmorTail|HyperVoice,Psychic,TrickRoom,Protect|||F|||50|,,,,,Water]Ursaluna-Bloodmoon||LifeOrb|MindsEye|BloodMoon,EarthPower,HyperVoice,Protect|||M|||50|,,,,,Normal]Incineroar||SafetyGoggles|Intimidate|FakeOut,FlareBlitz,KnockOff,PartingShot|||M|||50|,,,,,Ghost]Electabuzz||Eviolite|VitalSpirit|FollowMe,Thunderbolt,Taunt,Protect|||M|||50|,,,,,Dragon]Salamence||CovertCloak|Intimidate|Tailwind,AirSlash,DracoMeteor,Protect|||F|||50|,,,,,Fairy]Sneasler||FocusSash|Unburden|FakeOut,CloseCombat,DireClaw,Protect|||M|||50|,,,,,Ghost
|inactive|Battle timer is ON: inactive players will automatically lose when time's up. (requested by flubberbut)
|
|t:|1757002015
|teamsize|p1|4
|teamsize|p2|4
|start
|switch|p1a: Talonflame|Talonflame, L50, F, shiny|100/100
|switch|p1b: Ursaluna|Ursaluna-Bloodmoon, L50, M|100/100
|switch|p2a: Salamence|Salamence, L50, F|100/100
|switch|p2b: Sneasler|Sneasler, L50, M|100/100
|-ability|p2a: Salamence|Intimidate|boost
|-fail|p1a: Talonflame|unboost|[from] item: Clear Amulet|[of] p1a: Talonflame
|-unboost|p1b: Ursaluna|atk|1
|turn|1
|
|t:|1757002028
|-terastallize|p1a: Talonflame|Ghost
|move|p1b: Ursaluna|Protect|p1b: Ursaluna
|-singleturn|p1b: Ursaluna|Protect
|move|p2b: Sneasler|Fake Out|p1b: Ursaluna
|-activate|p1b: Ursaluna|move: Protect
|move|p1a: Talonflame|Tailwind|p1a: Talonflame
|-sidestart|p1: flubberbut|move: Tailwind
|move|p2a: Salamence|Tailwind|p2a: Salamence
|-sidestart|p2: CrusaderJCM|move: Tailwind
|
|upkeep
|turn|2
|inactive|CrusaderJCM has 30 seconds left.
|
|t:|1757002059
|move|p1a: Talonflame|Will-O-Wisp|p2b: Sneasler
|-status|p2b: Sneasler|brn
|move|p2b: Sneasler|Close Combat|p1b: Ursaluna
|-supereffective|p1b: Ursaluna
|-damage|p1b: Ursaluna|46/100
|-unboost|p2b: Sneasler|def|1
|-unboost|p2b: Sneasler|spd|1
|move|p2a: Salamence|Air Slash|p1b: Ursaluna
|-damage|p1b: Ursaluna|0 fnt
|faint|p1b: Ursaluna
|
|-damage|p2b: Sneasler|95/100 brn|[from] brn
|upkeep
|
|t:|1757002071
|switch|p1b: Dondozo|Dondozo, L50, M|100/100
|turn|3
|
|t:|1757002086
|switch|p1a: Tatsugiri|Tatsugiri, L50, M, shiny|100/100
|-activate|p1a: Tatsugiri|ability: Commander|[of] p1b: Dondozo
|-boost|p1b: Dondozo|atk|2
|-boost|p1b: Dondozo|spa|2
|-boost|p1b: Dondozo|spe|2
|-boost|p1b: Dondozo|def|2
|-boost|p1b: Dondozo|spd|2
|switch|p2b: Incineroar|Incineroar, L50, M|100/100
|-ability|p2b: Incineroar|Intimidate|boost
|-unboost|p1a: Tatsugiri|atk|1
|-unboost|p1b: Dondozo|atk|1
|move|p1b: Dondozo|Wave Crash|p2a: Salamence
|-resisted|p2a: Salamence
|-damage|p2a: Salamence|46/100
|-damage|p1b: Dondozo|86/100|[from] Recoil
|move|p2a: Salamence|Air Slash|p1a: Tatsugiri|[miss]
|-miss|p2a: Salamence|p1a: Tatsugiri
|
|upkeep
|turn|4
|
|t:|1757002098
|switch|p2a: Sneasler|Sneasler, L50, M|95/100 brn
|move|p2b: Incineroar|Fake Out|p1b: Dondozo
|-damage|p1b: Dondozo|82/100
|cant|p1b: Dondozo|flinch
|
|-damage|p2a: Sneasler|89/100 brn|[from] brn
|-sideend|p1: flubberbut|move: Tailwind
|-sideend|p2: CrusaderJCM|move: Tailwind
|upkeep
|turn|5
|
|t:|1757002109
|switch|p2b: Salamence|Salamence, L50, F|46/100
|-ability|p2b: Salamence|Intimidate|boost
|-unboost|p1a: Tatsugiri|atk|1
|-unboost|p1b: Dondozo|atk|1
|move|p2a: Sneasler|Fake Out|p1b: Dondozo
|-damage|p1b: Dondozo|79/100
|cant|p1b: Dondozo|flinch
|
|-damage|p2a: Sneasler|83/100 brn|[from] brn
|upkeep
|turn|6
|
|t:|1757002120
|switch|p2a: Incineroar|Incineroar, L50, M|100/100
|-ability|p2a: Incineroar|Intimidate|boost
|-unboost|p1a: Tatsugiri|atk|1
|-unboost|p1b: Dondozo|atk|1
|move|p1b: Dondozo|Wave Crash|p2a: Incineroar
|-supereffective|p2a: Incineroar
|-damage|p2a: Incineroar|25/100
|-damage|p1b: Dondozo|58/100|[from] Recoil
|move|p2b: Salamence|Tailwind|p2b: Salamence
|-sidestart|p2: CrusaderJCM|move: Tailwind
|
|upkeep
|turn|7
|
|t:|1757002130
|move|p2b: Salamence|Air Slash|p1b: Dondozo
|-damage|p1b: Dondozo|36/100
|move|p2a: Incineroar|Parting Shot|p1b: Dondozo
|-unboost|p1b: Dondozo|atk|1
|-unboost|p1b: Dondozo|spa|1
|
|t:|1757002135
|switch|p2a: Sneasler|Sneasler, L50, M|83/100 brn|[from] Parting Shot
|move|p1b: Dondozo|Order Up|p2a: Sneasler
|-damage|p2a: Sneasler|60/100 brn
|-boost|p1b: Dondozo|atk|1
|
|-damage|p2a: Sneasler|55/100 brn|[from] brn
|upkeep
|turn|8
|
|t:|1757002149
|switch|p2a: Incineroar|Incineroar, L50, M|25/100
|-ability|p2a: Incineroar|Intimidate|boost
|-unboost|p1a: Tatsugiri|atk|1
|-unboost|p1b: Dondozo|atk|1
|move|p2b: Salamence|Air Slash|p1b: Dondozo
|-damage|p1b: Dondozo|16/100
|move|p1b: Dondozo|Order Up|p2b: Salamence
|-supereffective|p2b: Salamence
|-damage|p2b: Salamence|13/100
|-boost|p1b: Dondozo|atk|1
|
|upkeep
|turn|9
|
|t:|1757002164
|switch|p2a: Sneasler|Sneasler, L50, M|55/100 brn
|move|p2b: Salamence|Protect|p2b: Salamence
|-singleturn|p2b: Salamence|Protect
|move|p1b: Dondozo|Wave Crash|p2b: Salamence
|-activate|p2b: Salamence|move: Protect
|
|-damage|p2a: Sneasler|49/100 brn|[from] brn
|-sideend|p2: CrusaderJCM|move: Tailwind
|upkeep
|turn|10
|
|t:|1757002173
|move|p2a: Sneasler|Fake Out|p1b: Dondozo
|-damage|p1b: Dondozo|14/100
|cant|p1b: Dondozo|flinch
|move|p2b: Salamence|Tailwind|p2b: Salamence
|-sidestart|p2: CrusaderJCM|move: Tailwind
|
|-damage|p2a: Sneasler|43/100 brn|[from] brn
|upkeep
|turn|11
|
|t:|1757002188
|switch|p2a: Incineroar|Incineroar, L50, M|25/100
|-ability|p2a: Incineroar|Intimidate|boost
|-unboost|p1a: Tatsugiri|atk|1
|-unboost|p1b: Dondozo|atk|1
|move|p2b: Salamence|Air Slash|p1b: Dondozo|[miss]
|-miss|p2b: Salamence|p1b: Dondozo
|move|p1b: Dondozo|Earthquake|p2b: Salamence|[spread] p2a
|-miss|p1b: Dondozo|p1a: Tatsugiri
|-immune|p2b: Salamence
|-supereffective|p2a: Incineroar
|-damage|p2a: Incineroar|3/100
|
|upkeep
|turn|12
|
|t:|1757002203
|move|p2b: Salamence|Air Slash|p1b: Dondozo
|-damage|p1b: Dondozo|0 fnt
|faint|p1b: Dondozo
|move|p2a: Incineroar|Parting Shot|p1a: Tatsugiri
|-unboost|p1a: Tatsugiri|atk|1
|-unboost|p1a: Tatsugiri|spa|1
|
|t:|1757002206
|switch|p2a: Sneasler|Sneasler, L50, M|43/100 brn|[from] Parting Shot
|
|-damage|p2a: Sneasler|37/100 brn|[from] brn
|upkeep
|
|t:|1757002209
|switch|p1b: Talonflame|Talonflame, L50, F, shiny, tera:Ghost|100/100
|turn|13
|inactive|flubberbut has 30 seconds left.
|inactive|CrusaderJCM has 30 seconds left.
|
|t:|1757002242
|switch|p2b: Incineroar|Incineroar, L50, M|3/100
|-ability|p2b: Incineroar|Intimidate|boost
|-unboost|p1a: Tatsugiri|atk|0
|-fail|p1b: Talonflame|unboost|[from] item: Clear Amulet|[of] p1b: Talonflame
|move|p1a: Tatsugiri|Protect|p1a: Tatsugiri
|-singleturn|p1a: Tatsugiri|Protect
|move|p1b: Talonflame|Brave Bird|p2b: Incineroar
|-damage|p2b: Incineroar|0 fnt
|faint|p2b: Incineroar
|-damage|p1b: Talonflame|99/100|[from] Recoil
|move|p2a: Sneasler|Dire Claw|p1a: Tatsugiri
|-activate|p1a: Tatsugiri|move: Protect
|
|-damage|p2a: Sneasler|31/100 brn|[from] brn
|-sideend|p2: CrusaderJCM|move: Tailwind
|upkeep
|
|t:|1757002265
|switch|p2b: Ursaluna|Ursaluna-Bloodmoon, L50, M|100/100
|turn|14
|
|t:|1757002284
|switch|p2a: Salamence|Salamence, L50, F|13/100
|-ability|p2a: Salamence|Intimidate|boost
|-unboost|p1a: Tatsugiri|atk|0
|-fail|p1b: Talonflame|unboost|[from] item: Clear Amulet|[of] p1b: Talonflame
|-terastallize|p2b: Ursaluna|Normal
|move|p1b: Talonflame|Brave Bird|p2a: Salamence
|-damage|p2a: Salamence|0 fnt
|faint|p2a: Salamence
|-damage|p1b: Talonflame|95/100|[from] Recoil
|move|p2b: Ursaluna|Hyper Voice|p1a: Tatsugiri|[spread] p1a,p1b
|-damage|p1a: Tatsugiri|6/100
|-damage|p1b: Talonflame|0 fnt
|faint|p1b: Talonflame
|-damage|p2b: Ursaluna|91/100|[from] item: Life Orb
|move|p1a: Tatsugiri|Mirror Coat|p2b: Ursaluna
|-damage|p2b: Ursaluna|0 fnt
|faint|p2b: Ursaluna
|
|upkeep
|
|t:|1757002304
|switch|p2b: Sneasler|Sneasler, L50, M|31/100 brn
|turn|15
|
|t:|1757002314
|move|p1a: Tatsugiri|Protect|p1a: Tatsugiri
|-singleturn|p1a: Tatsugiri|Protect
|move|p2b: Sneasler|Fake Out|p1a: Tatsugiri
|-activate|p1a: Tatsugiri|move: Protect
|
|-damage|p2b: Sneasler|26/100 brn|[from] brn
|upkeep
|turn|16
|
|t:|1757002322
|move|p2b: Sneasler|Close Combat|p1a: Tatsugiri
|-damage|p1a: Tatsugiri|0 fnt
|-unboost|p2b: Sneasler|def|1
|-unboost|p2b: Sneasler|spd|1
|faint|p1a: Tatsugiri
|
|win|CrusaderJCM
||flubberbut is ready for game 3.
||CrusaderJCM is ready for game 3.
|uhtml|next|Next: Game 3 of 3
|l|☆flubberbut
|player|p1|
