|j|☆Nhatpia
|j|☆lightanight
|html|Nhatpialightanight    
|uhtml|bestof|Game 3 of a best-of-3
|t:|1783522559
|gametype|doubles
|player|p1|Nhatpia|swimmerf|
|player|p2|lightanight|266|
|gen|9
|tier|[Gen 9 Champions] VGC 2026 Reg M-B (Bo3)
|rule|Species Clause: Limit one of each Pokémon
|rule|Item Clause: Limit 1 of each item
|clearpoke
|poke|p1|Charizard, L50, M, shiny|
|poke|p1|Aerodactyl, L50, F, shiny|
|poke|p1|Garchomp, L50, M, shiny|
|poke|p1|Sylveon, L50, M, shiny|
|poke|p1|Kingambit, L50, M|
|poke|p1|Farigiraf, L50, F, shiny|
|poke|p2|Metagross, L50|
|poke|p2|Tyranitar, L50, F|
|poke|p2|Excadrill, L50, M|
|poke|p2|Grimmsnarl, L50, M|
|poke|p2|Sneasler, L50, F|
|poke|p2|Sinistcha, L50|
|teampreview|4
|showteam|p1|Charizard||CharizarditeY|Blaze|Protect,HeatWave,WeatherBall,SolarBeam|Modest||M|||50|]Aerodactyl||Aerodactylite|Unnerve|RockSlide,DualWingbeat,Tailwind,IceFang|Jolly||F|||50|]Garchomp||LifeOrb|RoughSkin|StompingTantrum,Protect,Earthquake,DragonClaw|Jolly||M|||50|]Sylveon||FairyFeather|Pixilate|HyperVoice,QuickAttack,HyperBeam,Detect|Modest||M|||50|]Kingambit||FocusSash|Defiant|SuckerPunch,KowtowCleave,LowKick,IronHead|Adamant||M|||50|]Farigiraf||SitrusBerry|ArmorTail|TwinBeam,TrickRoom,Thunderbolt,HelpingHand|Bold||F|||50|
|showteam|p2|Metagross||Metagrossite|ClearBody|IronHead,BrickBreak,IcePunch,Protect|Jolly|||||50|]Tyranitar||Tyranitarite|SandStream|RockSlide,KnockOff,DragonDance,Protect|Jolly||F|||50|]Excadrill||FocusSash|SandRush|Earthquake,IronHead,RockSlide,Protect|Adamant||M|||50|]Grimmsnarl||RoseliBerry|Prankster|FoulPlay,PartingShot,LightScreen,Reflect|Careful||M|||50|]Sneasler||WhiteHerb|Unburden|FakeOut,CloseCombat,DireClaw,Protect|Adamant||F|||50|]Sinistcha||SitrusBerry|Hospitality|MatchaGotcha,Protect,RagePowder,LifeDew|Bold|||||50|
|inactive|Battle timer is ON: inactive players will automatically lose when time's up. (requested by Nhatpia)
|
|t:|1783522588
|teamsize|p1|4
|teamsize|p2|4
|start
|switch|p1a: Kingambit|Kingambit, L50, M|100/100
|switch|p1b: Aerodactyl|Aerodactyl, L50, F, shiny|100/100
|switch|p2a: Sneasler|Sneasler, L50, F|100/100
|switch|p2b: Grimmsnarl|Grimmsnarl, L50, M|100/100
|-ability|p1b: Aerodactyl|Unnerve
|turn|1
|
|t:|1783522609
|detailschange|p1b: Aerodactyl|Aerodactyl-Mega, L50, F, shiny
|-mega|p1b: Aerodactyl|Aerodactyl|Aerodactylite
|move|p1b: Aerodactyl|Dual Wingbeat|p2a: Sneasler
|-supereffective|p2a: Sneasler|1
|-damage|p2a: Sneasler|34/100
|-supereffective|p2a: Sneasler|1
|-damage|p2a: Sneasler|0 fnt
|faint|p2a: Sneasler
|-hitcount|p2: Sneasler|2
|move|p1a: Kingambit|Iron Head|p2b: Grimmsnarl
|-supereffective|p2b: Grimmsnarl|1
|-damage|p2b: Grimmsnarl|7/100
|move|p2b: Grimmsnarl|Foul Play|p1a: Kingambit
|-resisted|p1a: Kingambit|1
|-damage|p1a: Kingambit|74/100
|
|upkeep
|
|t:|1783522615
|switch|p2a: Excadrill|Excadrill, L50, M|100/100
|turn|2
|
|t:|1783522638
|switch|p1a: Farigiraf|Farigiraf, L50, F, shiny|100/100
|move|p2b: Grimmsnarl|Parting Shot||[still]
|cant|p1a: Farigiraf|ability: Armor Tail|Parting Shot|[of] p2b: Grimmsnarl
|move|p1b: Aerodactyl|Tailwind|p1b: Aerodactyl
|-sidestart|p1: Nhatpia|move: Tailwind
|move|p2a: Excadrill|Earthquake|p1a: Farigiraf|[spread] p2b,p1a
|-immune|p1b: Aerodactyl
|-crit|p1a: Farigiraf
|-damage|p2b: Grimmsnarl|0 fnt
|-damage|p1a: Farigiraf|49/100
|-enditem|p1a: Farigiraf|Sitrus Berry|[eat]
|-heal|p1a: Farigiraf|74/100|[from] item: Sitrus Berry
|faint|p2b: Grimmsnarl
|
|upkeep
|
|t:|1783522642
|switch|p2b: Tyranitar|Tyranitar, L50, F|100/100
|-weather|Sandstorm|[from] ability: Sand Stream|[of] p2b: Tyranitar
|turn|3
|inactive|Nhatpia has 30 seconds left.
|
|t:|1783522670
|switch|p1a: Garchomp|Garchomp, L50, M, shiny|100/100
|move|p1b: Aerodactyl|Rock Slide|p2b: Tyranitar|[spread] p2a,p2b
|-resisted|p2a: Excadrill|2
|-damage|p2a: Excadrill|90/100
|-damage|p2b: Tyranitar|77/100
|move|p2a: Excadrill|Rock Slide|p1a: Garchomp|[spread] p1a,p1b
|-resisted|p1a: Garchomp|1
|-supereffective|p1b: Aerodactyl|1
|-damage|p1a: Garchomp|90/100
|-damage|p1b: Aerodactyl|46/100
|move|p2b: Tyranitar|Dragon Dance|p2b: Tyranitar
|-boost|p2b: Tyranitar|atk|1
|-boost|p2b: Tyranitar|spe|1
|
|-weather|Sandstorm|[upkeep]
|upkeep
|turn|4
|
|t:|1783522689
|move|p2a: Excadrill|Protect|p2a: Excadrill
|-singleturn|p2a: Excadrill|Protect
|move|p2b: Tyranitar|Protect|p2b: Tyranitar
|-singleturn|p2b: Tyranitar|Protect
|move|p1b: Aerodactyl|Rock Slide|p2b: Tyranitar|[spread] 
|-activate|p2a: Excadrill|move: Protect
|-activate|p2b: Tyranitar|move: Protect
|move|p1a: Garchomp|Earthquake|p2b: Tyranitar|[spread] 
|-activate|p2a: Excadrill|move: Protect
|-activate|p2b: Tyranitar|move: Protect
|-immune|p1b: Aerodactyl
|
|-weather|Sandstorm|[upkeep]
|upkeep
|turn|5
|
|t:|1783522697
|move|p2a: Excadrill|Protect||[still]
|-fail|p2a: Excadrill
|move|p2b: Tyranitar|Protect||[still]
|-fail|p2b: Tyranitar
|move|p1b: Aerodactyl|Rock Slide|p2b: Tyranitar|[spread] p2a,p2b
|-resisted|p2a: Excadrill|2
|-damage|p2a: Excadrill|81/100
|-damage|p2b: Tyranitar|54/100
|move|p1a: Garchomp|Earthquake|p2b: Tyranitar|[spread] p2a,p2b
|-immune|p1b: Aerodactyl
|-supereffective|p2a: Excadrill|1
|-supereffective|p2b: Tyranitar|1
|-damage|p2a: Excadrill|0 fnt
|-damage|p2b: Tyranitar|0 fnt
|faint|p2a: Excadrill
|faint|p2b: Tyranitar
|-damage|p1a: Garchomp|80/100|[from] item: Life Orb
|
|win|Nhatpia
|l|☆lightanight
|player|p2|
