|j|â˜†Feyette
|j|â˜†thebrosofpokes
|html|Feyettethebrosofpokes    
|uhtml|bestof|Game 1 of a best-of-3
|t:|1783861733
|gametype|doubles
|player|p1|Feyette|#feyette|
|player|p2|thebrosofpokes|#smogonxnpa2024draftee|
|gen|9
|tier|[Gen 9 Champions] VGC 2026 Reg M-B (Bo3)
|rule|Species Clause: Limit one of each PokÃ©mon
|rule|Item Clause: Limit 1 of each item
|clearpoke
|poke|p1|Venusaur, L50, M|
|poke|p1|Charizard, L50, M|
|poke|p1|Pelipper, L50, M|
|poke|p1|Grimmsnarl, L50, M|
|poke|p1|Archaludon, L50, M|
|poke|p1|Basculegion, L50, M|
|poke|p2|Charizard, L50, F|
|poke|p2|Floette-Eternal, L50, F|
|poke|p2|Garchomp, L50, F|
|poke|p2|Kingambit, L50, M|
|poke|p2|Basculegion, L50, M|
|poke|p2|Whimsicott, L50, M|
|teampreview|4
|showteam|p1|Venusaur||Venusaurite|Chlorophyll|GigaDrain,SludgeBomb,EarthPower,SleepPowder|Modest||M|||50|]Charizard||CharizarditeY|Blaze|HeatWave,Hurricane,WeatherBall,Protect|Modest||M|||50|]Pelipper||SitrusBerry|Drizzle|WeatherBall,Hurricane,Protect,Tailwind|Modest||M|||50|]Grimmsnarl||LightClay|Prankster|Reflect,LightScreen,SpiritBreak,PartingShot|Impish||M|||50|]Archaludon||Leftovers|Stamina|ElectroShot,FlashCannon,DragonPulse,Protect|Calm||M|||50|]Basculegion||ChoiceScarf|Adaptability|WaveCrash,FlipTurn,AquaJet,LastRespects|Jolly||M|||50|
|showteam|p2|Charizard||CharizarditeY|Blaze|HeatWave,WeatherBall,SolarBeam,Protect|Modest||F|||50|]Floette-Eternal||Floettite|FlowerVeil|Moonblast,DazzlingGleam,LightofRuin,Protect|Timid||F|||50|]Garchomp||LifeOrb|RoughSkin|Earthquake,DragonClaw,RockSlide,Protect|Jolly||F|||50|]Kingambit||OccaBerry|Defiant|KowtowCleave,SuckerPunch,IronHead,LowKick|Adamant||M|||50|]Basculegion||MysticWater|Adaptability|WaveCrash,LastRespects,AquaJet,Protect|Adamant||M|||50|]Whimsicott||FocusSash|Prankster|Moonblast,Tailwind,Encore,Protect|Timid||M|||50|
|c|â˜†Feyette|gl hf
|c|â˜†thebrosofpokes|glhf
|j| kcric
|j| SCARCITY25
|j| MiiverseVGC
|j| Evil Kuromi
|j| YOASOBI stan
|j| starstruckbunni
|j|+Howkings
|j| marcofiero
|j| Carneyasada
|l| Evil Kuromi
|l| starstruckbunni
|j| xmarsh
|l| xmarsh
|j| FBISurveillanceMan
|l| SCARCITY25
|j| SCARCITY25
|j| scrubalt123
|
|t:|1783861892
|teamsize|p1|4
|teamsize|p2|4
|start
|switch|p1a: Venusaur|Venusaur, L50, M|100/100
|switch|p1b: Grimmsnarl|Grimmsnarl, L50, M|100/100
|switch|p2a: Kingambit|Kingambit, L50, M|100/100
|switch|p2b: Whimsicott|Whimsicott, L50, M|100/100
|turn|1
|j| Vikram chan
|j| RK_pocoyo
|j| aldrichyan
|l| aldrichyan
|j| Gale Strikes
|
|t:|1783861921
|detailschange|p1a: Venusaur|Venusaur-Mega, L50, M
|-mega|p1a: Venusaur|Venusaur|Venusaurite
|move|p1b: Grimmsnarl|Parting Shot|p2b: Whimsicott
|-unboost|p2b: Whimsicott|atk|1
|-unboost|p2b: Whimsicott|spa|1
|j| A Regu1ar Guy
|
|t:|1783861925
|switch|p1b: Archaludon|Archaludon, L50, M|100/100|[from] Parting Shot
|move|p2b: Whimsicott|Moonblast|p1b: Archaludon
|-damage|p1b: Archaludon|79/100
|-ability|p1b: Archaludon|Stamina|boost
|-boost|p1b: Archaludon|def|1
|move|p1a: Venusaur|Sleep Powder|p2a: Kingambit
|-status|p2a: Kingambit|slp|[from] move: Sleep Powder
|cant|p2a: Kingambit|slp
|
|-heal|p1b: Archaludon|85/100|[from] item: Leftovers
|upkeep
|turn|2
|j| Carlos cabal
|j| ido1234567890
|l| marcofiero
|j| aldrichyan
|
|t:|1783861975
|switch|p2b: Garchomp|Garchomp, L50, F|100/100
|move|p1a: Venusaur|Sleep Powder|p2a: Kingambit
|-fail|p2a: Kingambit|slp
|move|p1b: Archaludon|Flash Cannon|p2b: Garchomp
|-damage|p2b: Garchomp|64/100
|cant|p2a: Kingambit|slp
|
|-heal|p1b: Archaludon|91/100|[from] item: Leftovers
|upkeep
|turn|3
|
|t:|1783862010
|switch|p2a: Charizard|Charizard, L50, F|100/100
|move|p1b: Archaludon|Protect|p1b: Archaludon
|-singleturn|p1b: Archaludon|Protect
|move|p2b: Garchomp|Earthquake|p1a: Venusaur|[spread] p1a
|-activate|p1b: Archaludon|move: Protect
|-immune|p2a: Charizard
|-damage|p1a: Venusaur|62/100
|-damage|p2b: Garchomp|54/100|[from] item: Life Orb
|move|p1a: Venusaur|Sleep Powder|p2b: Garchomp|[miss]
|-miss|p1a: Venusaur|p2b: Garchomp
|
|-heal|p1b: Archaludon|97/100|[from] item: Leftovers
|upkeep
|turn|4
|
|t:|1783862049
|switch|p1b: Grimmsnarl|Grimmsnarl, L50, M|100/100
|detailschange|p2a: Charizard|Charizard-Mega-Y, L50, F
|-mega|p2a: Charizard|Charizard|Charizardite Y
|-weather|SunnyDay|[from] ability: Drought|[of] p2a: Charizard
|move|p2b: Garchomp|Earthquake|p1a: Venusaur|[spread] p1a,p1b
|-immune|p2a: Charizard
|-damage|p1a: Venusaur|19/100
|-damage|p1b: Grimmsnarl|59/100
|-damage|p2b: Garchomp|44/100|[from] item: Life Orb
|move|p2a: Charizard|Heat Wave|p1b: Grimmsnarl|[spread] p1a,p1b
|-supereffective|p1a: Venusaur|1
|-damage|p1a: Venusaur|0 fnt
|-damage|p1b: Grimmsnarl|0 fnt
|faint|p1a: Venusaur
|faint|p1b: Grimmsnarl
|
|-weather|SunnyDay|[upkeep]
|upkeep
|
|t:|1783862061
|switch|p1a: Archaludon|Archaludon, L50, M|97/100
|switch|p1b: Pelipper|Pelipper, L50, M|100/100
|-weather|RainDance|[from] ability: Drizzle|[of] p1b: Pelipper
|turn|5
|l| Gale Strikes
|l| Carlos cabal
|
|t:|1783862157
|switch|p2a: Whimsicott|Whimsicott, L50, M|100/100
|move|p2b: Garchomp|Dragon Claw|p1b: Pelipper
|-damage|p1b: Pelipper|38/100
|-enditem|p1b: Pelipper|Sitrus Berry|[eat]
|-heal|p1b: Pelipper|62/100|[from] item: Sitrus Berry
|-damage|p2b: Garchomp|35/100|[from] item: Life Orb
|move|p1a: Archaludon|Electro Shot||[still]
|-prepare|p1a: Archaludon|Electro Shot
|-boost|p1a: Archaludon|spa|1
|-anim|p1a: Archaludon|Electro Shot|p2a: Whimsicott
|-resisted|p2a: Whimsicott|1
|-damage|p2a: Whimsicott|54/100
|move|p1b: Pelipper|Tailwind|p1b: Pelipper
|-sidestart|p1: Feyette|move: Tailwind
|
|-weather|RainDance|[upkeep]
|-heal|p1a: Archaludon|100/100|[from] item: Leftovers
|upkeep
|turn|6
|j| Code
|l| Code
|j| Carlos cabal
|j|+Aldrich
|
|t:|1783862201
|move|p2a: Whimsicott|Tailwind|p2a: Whimsicott
|-sidestart|p2: thebrosofpokes|move: Tailwind
|move|p2b: Garchomp|Earthquake|p1a: Archaludon|[spread] p2a,p1a
|-immune|p1b: Pelipper
|-resisted|p2a: Whimsicott|1
|-supereffective|p1a: Archaludon|1
|-damage|p2a: Whimsicott|16/100
|-damage|p1a: Archaludon|23/100
|-ability|p1a: Archaludon|Stamina|boost
|-boost|p1a: Archaludon|def|1
|-damage|p2b: Garchomp|25/100|[from] item: Life Orb
|move|p1a: Archaludon|Dragon Pulse|p2b: Garchomp
|-supereffective|p2b: Garchomp|1
|-crit|p2b: Garchomp
|-damage|p2b: Garchomp|0 fnt
|faint|p2b: Garchomp
|move|p1b: Pelipper|Hurricane|p2a: Whimsicott
|-supereffective|p2a: Whimsicott|1
|-damage|p2a: Whimsicott|0 fnt
|faint|p2a: Whimsicott
|
|-weather|RainDance|[upkeep]
|-heal|p1a: Archaludon|29/100|[from] item: Leftovers
|upkeep
|
|t:|1783862209
|switch|p2a: Charizard|Charizard-Mega-Y, L50, F|100/100
|switch|p2b: Kingambit|Kingambit, L50, M|100/100 slp
|-weather|SunnyDay|[from] ability: Drought|[of] p2a: Charizard
|turn|7
|j| Gale Strikes
|
|t:|1783862225
|move|p1a: Archaludon|Protect|p1a: Archaludon
|-singleturn|p1a: Archaludon|Protect
|move|p2a: Charizard|Weather Ball|p1a: Archaludon
|-activate|p1a: Archaludon|move: Protect
|move|p1b: Pelipper|Hurricane|p2a: Charizard|[miss]
|-miss|p1b: Pelipper|p2a: Charizard
|-curestatus|p2b: Kingambit|slp|[msg]
|move|p2b: Kingambit|Kowtow Cleave|p1b: Pelipper
|-damage|p1b: Pelipper|17/100
|
|-weather|SunnyDay|[upkeep]
|-heal|p1a: Archaludon|35/100|[from] item: Leftovers
|upkeep
|turn|8
|l| aldrichyan
|
|t:|1783862243
|move|p1a: Archaludon|Protect||[still]
|-fail|p1a: Archaludon
|move|p2b: Kingambit|Sucker Punch|p1b: Pelipper
|-damage|p1b: Pelipper|0 fnt
|faint|p1b: Pelipper
|move|p2a: Charizard|Weather Ball|p1a: Archaludon
|-damage|p1a: Archaludon|0 fnt
|faint|p1a: Archaludon
|
|win|thebrosofpokes
|j| damnwheresheat
||Feyette is ready for game 2.
|inactive|thebrosofpokes has 30 seconds to confirm battle start!
||thebrosofpokes is ready for game 2.
|uhtml|next|Next: Game 2 of 3
|l| YOASOBI stan
|l|+Howkings
|l| damnwheresheat
|j| tzarii
|l| Carlos cabal
|l| Vikram chan
|l| Gale Strikes
|j| Vikram chan
|j| EGAHydreigons
|l| SCARCITY25
|j| logan bicycle
|j| daviduv
|l| A Regu1ar Guy
|l| daviduv
|j| daviduv
|l| daviduv
|j| Daneci
|l| MiiverseVGC
|l| EGAHydreigons
|l| Daneci
|l| Carneyasada
|l| tzarii
|l| logan bicycle
|j| Izzy22x
|l| Vikram chan
|j| CICCIOTT fan
|l|â˜†Feyette
|player|p1|
|l| kcric
