|j|☆almagroalanzarote
|j|☆jompinhans
|html|almagroalanzarotejompinhans    
|uhtml|bestof|Game 3 of a best-of-3
|t:|1784680920
|gametype|doubles
|player|p1|almagroalanzarote|nate|1246
|player|p2|jompinhans|170|1210
|gen|9
|tier|[Gen 9 Champions] VGC 2026 Reg M-B (Bo3)
|rated|
|rule|Species Clause: Limit one of each Pokémon
|rule|Item Clause: Limit 1 of each item
|clearpoke
|poke|p1|Blastoise, L50, M|
|poke|p1|Delphox, L50, M|
|poke|p1|Sneasler, L50, F|
|poke|p1|Incineroar, L50, M|
|poke|p1|Kingambit, L50, M|
|poke|p1|Sinistcha, L50|
|poke|p2|Meganium, L50, M|
|poke|p2|Incineroar, L50, F|
|poke|p2|Aerodactyl, L50, F|
|poke|p2|Metagross, L50|
|poke|p2|Farigiraf, L50, F|
|poke|p2|Basculegion, L50, M|
|teampreview|4
|showteam|p1|Blastoise||Blastoisinite|RainDish|WaterSpout,DarkPulse,ShellSmash,Protect|Modest||M|||50|]Delphox||Delphoxite|Blaze|HeatWave,Psyshock,NastyPlot,Protect|Timid||M|||50|]Sneasler||FocusSash|PoisonTouch|FakeOut,CloseCombat,DireClaw,QuickGuard|Jolly||F|||50|]Incineroar||SitrusBerry|Intimidate|FakeOut,FlareBlitz,PartingShot,HelpingHand|Impish||M|||50|]Kingambit||BlackGlasses|Defiant|KowtowCleave,SuckerPunch,SwordsDance,Protect|Adamant||M|||50|]Sinistcha||OccaBerry|Hospitality|MatchaGotcha,RagePowder,TrickRoom,Protect|Bold|||||50|
|showteam|p2|Meganium||Meganiumite|Overgrow|Protect,DazzlingGleam,WeatherBall,SolarBeam|Modest||M|||50|]Incineroar||ShucaBerry|Intimidate|FakeOut,ThroatChop,PartingShot,FlareBlitz|Careful||F|||50|]Aerodactyl||FocusSash|Unnerve|Protect,Tailwind,Taunt,RockSlide|Jolly||F|||50|]Metagross||Metagrossite|ClearBody|HammerArm,IronHead,PsychicFangs,Protect|Adamant|||||50|]Farigiraf||SitrusBerry|ArmorTail|HelpingHand,Thunderbolt,TrickRoom,TwinBeam|Modest||F|||50|]Basculegion||LifeOrb|Adaptability|Protect,LastRespects,AquaJet,WaveCrash|Adamant||M|||50|
|inactive|Battle timer is ON: inactive players will automatically lose when time's up. (requested by almagroalanzarote)
|inactive|jompinhans has 60 seconds left.
|
|t:|1784680957
|teamsize|p1|4
|teamsize|p2|4
|start
|switch|p1a: Sneasler|Sneasler, L50, F|100/100
|switch|p1b: Kingambit|Kingambit, L50, M|100/100
|switch|p2a: Aerodactyl|Aerodactyl, L50, F|100/100
|switch|p2b: Metagross|Metagross, L50|100/100
|-ability|p2a: Aerodactyl|Unnerve
|turn|1
|
|t:|1784680978
|move|p1a: Sneasler|Fake Out|p2b: Metagross
|-resisted|p2b: Metagross|1
|-damage|p2b: Metagross|93/100
|move|p2a: Aerodactyl|Rock Slide|p1a: Sneasler|[spread] p1a,p1b
|-resisted|p1a: Sneasler|1
|-resisted|p1b: Kingambit|1
|-damage|p1a: Sneasler|78/100
|-damage|p1b: Kingambit|90/100
|cant|p2b: Metagross|flinch
|move|p1b: Kingambit|Swords Dance|p1b: Kingambit
|-boost|p1b: Kingambit|atk|2
|
|upkeep
|turn|2
|inactive|jompinhans has 30 seconds left.
|inactive|jompinhans has 20 seconds left.
|inactive|jompinhans has 15 seconds left.
|inactive|jompinhans has 10 seconds left.
|inactive|jompinhans has 5 seconds left.
|
|t:|1784681032
|switch|p2b: Meganium|Meganium, L50, M|100/100
|move|p2a: Aerodactyl|Protect|p2a: Aerodactyl
|-singleturn|p2a: Aerodactyl|Protect
|move|p1b: Kingambit|Sucker Punch||[still]
|-fail|p1b: Kingambit
|move|p1a: Sneasler|Close Combat|p2a: Aerodactyl
|-activate|p2a: Aerodactyl|move: Protect
|
|upkeep
|turn|3
|inactive|jompinhans has 30 seconds left.
|inactive|jompinhans has 20 seconds left.
|
|t:|1784681068
|switch|p1a: Incineroar|Incineroar, L50, M|100/100
|-ability|p1a: Incineroar|Intimidate|boost
|-unboost|p2a: Aerodactyl|atk|1
|-unboost|p2b: Meganium|atk|1
|detailschange|p2b: Meganium|Meganium-Mega, L50, M
|-mega|p2b: Meganium|Meganium|Meganiumite
|move|p1b: Kingambit|Protect|p1b: Kingambit
|-singleturn|p1b: Kingambit|Protect
|move|p2a: Aerodactyl|Tailwind|p2a: Aerodactyl
|-sidestart|p2: jompinhans|move: Tailwind
|move|p2b: Meganium|Dazzling Gleam|p1b: Kingambit|[spread] p1a
|-activate|p1b: Kingambit|move: Protect
|-damage|p1a: Incineroar|63/100
|
|upkeep
|turn|4
|inactive|jompinhans has 30 seconds left.
|inactive|jompinhans has 20 seconds left.
|inactive|jompinhans has 15 seconds left.
|
|t:|1784681112
|move|p2b: Meganium|Protect|p2b: Meganium
|-singleturn|p2b: Meganium|Protect
|move|p1a: Incineroar|Fake Out|p2b: Meganium
|-activate|p2b: Meganium|move: Protect
|move|p2a: Aerodactyl|Taunt|p1b: Kingambit
|-start|p1b: Kingambit|move: Taunt
|cant|p1b: Kingambit|move: Taunt|Swords Dance
|
|upkeep
|turn|5
|inactive|almagroalanzarote has 30 seconds left.
|
|t:|1784681147
|switch|p1b: Blastoise|Blastoise, L50, M|100/100
|move|p2a: Aerodactyl|Rock Slide|p1b: Blastoise|[spread] p1a,p1b
|-supereffective|p1a: Incineroar|1
|-damage|p1a: Incineroar|37/100
|-damage|p1b: Blastoise|80/100
|move|p2b: Meganium|Weather Ball|p1b: Blastoise
|-resisted|p1b: Blastoise|1
|-damage|p1b: Blastoise|48/100
|move|p1a: Incineroar|Flare Blitz|p2b: Meganium
|-supereffective|p2b: Meganium|1
|-damage|p2b: Meganium|20/100r
|-damage|p1a: Incineroar|14/100|[from] Recoil
|
|upkeep
|turn|6
|
|t:|1784681169
|switch|p1a: Kingambit|Kingambit, L50, M|90/100
|detailschange|p1b: Blastoise|Blastoise-Mega, L50, M
|-mega|p1b: Blastoise|Blastoise|Blastoisinite
|move|p1b: Blastoise|Protect|p1b: Blastoise
|-singleturn|p1b: Blastoise|Protect
|move|p2a: Aerodactyl|Rock Slide|p1b: Blastoise|[spread] p1a
|-activate|p1b: Blastoise|move: Protect
|-resisted|p1a: Kingambit|1
|-damage|p1a: Kingambit|84/100
|move|p2b: Meganium|Solar Beam||[still]
|-prepare|p2b: Meganium|Solar Beam
|-activate|p2b: Meganium|ability: Mega Sol
|-anim|p2b: Meganium|Solar Beam|p1a: Kingambit
|-resisted|p1a: Kingambit|1
|-damage|p1a: Kingambit|45/100
|
|-sideend|p2: jompinhans|move: Tailwind
|upkeep
|turn|7
|inactive|jompinhans has 30 seconds left.
|
|t:|1784681199
|switch|p2b: Incineroar|Incineroar, L50, F|100/100
|-ability|p2b: Incineroar|Intimidate|boost
|-unboost|p1a: Kingambit|atk|1
|-ability|p1a: Kingambit|Defiant|boost
|-boost|p1a: Kingambit|atk|2
|-unboost|p1b: Blastoise|atk|1
|move|p1a: Kingambit|Sucker Punch||[still]
|-fail|p1a: Kingambit
|move|p2a: Aerodactyl|Tailwind|p2a: Aerodactyl
|-sidestart|p2: jompinhans|move: Tailwind
|move|p1b: Blastoise|Shell Smash|p1b: Blastoise
|-unboost|p1b: Blastoise|def|1
|-unboost|p1b: Blastoise|spd|1
|-boost|p1b: Blastoise|atk|2
|-boost|p1b: Blastoise|spa|2
|-boost|p1b: Blastoise|spe|2
|
|upkeep
|turn|8
|inactive|jompinhans has 30 seconds left.
|inactive|jompinhans has 20 seconds left.
|inactive|jompinhans has 15 seconds left.
|
|t:|1784681240
|switch|p1a: Incineroar|Incineroar, L50, M|14/100
|-ability|p1a: Incineroar|Intimidate|boost
|-unboost|p2a: Aerodactyl|atk|1
|-unboost|p2b: Incineroar|atk|1
|move|p1b: Blastoise|Protect|p1b: Blastoise
|-singleturn|p1b: Blastoise|Protect
|move|p2a: Aerodactyl|Rock Slide|p1b: Blastoise|[spread] p1a
|-activate|p1b: Blastoise|move: Protect
|-supereffective|p1a: Incineroar|1
|-damage|p1a: Incineroar|0 fnt
|faint|p1a: Incineroar
|move|p2b: Incineroar|Throat Chop|p1b: Blastoise
|-activate|p1b: Blastoise|move: Protect
|
|upkeep
|
|t:|1784681255
|switch|p1a: Sneasler|Sneasler, L50, F|78/100
|turn|9
|inactive|jompinhans has 30 seconds left.
|inactive|almagroalanzarote has 30 seconds left.
|
|t:|1784681292
|switch|p2b: Meganium|Meganium-Mega, L50, M|20/100r
|move|p2a: Aerodactyl|Protect|p2a: Aerodactyl
|-singleturn|p2a: Aerodactyl|Protect
|move|p1a: Sneasler|Fake Out|p2a: Aerodactyl
|-activate|p2a: Aerodactyl|move: Protect
|move|p1b: Blastoise|Water Spout|p2b: Meganium|[spread] p2b
|-activate|p2a: Aerodactyl|move: Protect
|-resisted|p2b: Meganium|1
|-damage|p2b: Meganium|0 fnt
|faint|p2b: Meganium
|
|upkeep
|
|t:|1784681302
|switch|p2b: Incineroar|Incineroar, L50, F|100/100
|-ability|p2b: Incineroar|Intimidate|boost
|-unboost|p1a: Sneasler|atk|1
|-unboost|p1b: Blastoise|atk|1
|turn|10
|
|t:|1784681313
|switch|p1a: Kingambit|Kingambit, L50, M|45/100
|move|p1b: Blastoise|Protect|p1b: Blastoise
|-singleturn|p1b: Blastoise|Protect
|move|p2a: Aerodactyl|Rock Slide|p1b: Blastoise|[spread] p1a
|-activate|p1b: Blastoise|move: Protect
|-resisted|p1a: Kingambit|1
|-damage|p1a: Kingambit|40/100
|move|p2b: Incineroar|Flare Blitz|p1a: Kingambit
|-supereffective|p1a: Kingambit|1
|-damage|p1a: Kingambit|0 fnt
|faint|p1a: Kingambit
|-damage|p2b: Incineroar|86/100|[from] Recoil
|
|-sideend|p2: jompinhans|move: Tailwind
|upkeep
|
|t:|1784681324
|switch|p1a: Sneasler|Sneasler, L50, F|78/100
|turn|11
|
|t:|1784681343
|switch|p2b: Metagross|Metagross, L50|93/100
|move|p2a: Aerodactyl|Protect|p2a: Aerodactyl
|-singleturn|p2a: Aerodactyl|Protect
|move|p1a: Sneasler|Fake Out|p2a: Aerodactyl
|-activate|p2a: Aerodactyl|move: Protect
|move|p1b: Blastoise|Water Spout|p2b: Metagross|[spread] p2b
|-activate|p2a: Aerodactyl|move: Protect
|-damage|p2b: Metagross|17/100
|
|upkeep
|turn|12
|inactive|jompinhans has 30 seconds left.
|
|t:|1784681368
|move|p1b: Blastoise|Water Spout|p2a: Aerodactyl|[spread] p2a,p2b
|-supereffective|p2a: Aerodactyl|1
|-enditem|p2a: Aerodactyl|Focus Sash
|-damage|p2a: Aerodactyl|1/100
|-damage|p2b: Metagross|0 fnt
|faint|p2b: Metagross
|move|p2a: Aerodactyl|Tailwind|p2a: Aerodactyl
|-sidestart|p2: jompinhans|move: Tailwind
|move|p1a: Sneasler|Close Combat|p2a: Aerodactyl
|-damage|p2a: Aerodactyl|0 fnt
|-unboost|p1a: Sneasler|def|1
|-unboost|p1a: Sneasler|spd|1
|faint|p2a: Aerodactyl
|
|upkeep
|
|t:|1784681374
|switch|p2b: Incineroar|Incineroar, L50, F|86/100
|-ability|p2b: Incineroar|Intimidate|boost
|-unboost|p1a: Sneasler|atk|1
|-unboost|p1b: Blastoise|atk|1
|turn|13
|
|t:|1784681391
|move|p1b: Blastoise|Protect|p1b: Blastoise
|-singleturn|p1b: Blastoise|Protect
|move|p2b: Incineroar|Fake Out|p1b: Blastoise
|-activate|p1b: Blastoise|move: Protect
|move|p1a: Sneasler|Close Combat|p2b: Incineroar
|-supereffective|p2b: Incineroar|1
|-damage|p2b: Incineroar|13/100
|-unboost|p1a: Sneasler|def|1
|-unboost|p1a: Sneasler|spd|1
|
|upkeep
|turn|14
|-message|jompinhans forfeited.
|
|win|almagroalanzarote
|raw|almagroalanzarote's rating: 1246 → 1268(+22 for winning)
|raw|jompinhans's rating: 1210 → 1188(-22 for losing)
|l|☆jompinhans
|player|p2|
