|j|☆Scoseb
|j|☆ChrisJHall13
|html|ScosebChrisJHall13    
|uhtml|bestof|Game 3 of a best-of-3
|t:|1784656087
|gametype|doubles
|player|p1|Scoseb|brycenman|1274
|player|p2|ChrisJHall13|102|1204
|gen|9
|tier|[Gen 9 Champions] VGC 2026 Reg M-B (Bo3)
|rated|
|rule|Species Clause: Limit one of each Pokémon
|rule|Item Clause: Limit 1 of each item
|clearpoke
|poke|p1|Gholdengo, L50|
|poke|p1|Zoroark-Hisui, L50, M|
|poke|p1|Incineroar, L50, F|
|poke|p1|Whimsicott, L50, F|
|poke|p1|Staraptor, L50, M|
|poke|p1|Garchomp, L50, F|
|poke|p2|Incineroar, L50, F|
|poke|p2|Ninetales-Alola, L50, M|
|poke|p2|Gengar, L50, F|
|poke|p2|Dragonite, L50, M|
|poke|p2|Snorlax, L50, M|
|poke|p2|Scrafty, L50, M|
|teampreview|4
|showteam|p1|Gholdengo||LifeOrb|GoodasGold|PowerGem,Protect,MakeItRain,ShadowBall|Modest|||||50|]Zoroark-Hisui||FocusSash|Illusion|Taunt,IcyWind,FakeTears,BitterMalice|Timid||M|||50|]Incineroar||SitrusBerry|Intimidate|FakeOut,PartingShot,FlareBlitz,DarkestLariat|Careful||F|||50|]Whimsicott||FairyFeather|Prankster|Moonblast,Tailwind,Charm,Encore|Modest||F|||50|]Staraptor||Staraptite|Reckless|CloseCombat,Protect,BraveBird,Roost|Jolly||M|||50|]Garchomp||Garchompite|RoughSkin|Protect,Earthquake,DragonClaw,RockSlide|Adamant||F|||50|
|showteam|p2|Incineroar||ShucaBerry|Intimidate|FakeOut,DarkestLariat,Protect,PartingShot|Careful||F|||50|]Ninetales-Alola||FocusSash|SnowWarning|Blizzard,Protect,Encore,Disable|Timid||M|||50|]Gengar||Gengarite|CursedBody|PerishSong,ShadowBall,Protect,SludgeBomb|Modest||F|||50|]Dragonite||LifeOrb|InnerFocus|DragonClaw,ExtremeSpeed,Protect,LowKick|Adamant||M|||50|]Snorlax||Leftovers|ThickFat|Yawn,Fissure,DoubleEdge,Protect|Relaxed||M|||50|]Scrafty||Scraftinite|Intimidate|CloseCombat,KnockOff,FakeOut,Protect|Adamant||M|||50|
|inactive|Battle timer is ON: inactive players will automatically lose when time's up. (requested by Scoseb)
|inactive|ChrisJHall13 has 60 seconds left.
|
|t:|1784656127
|teamsize|p1|4
|teamsize|p2|4
|start
|switch|p1a: Incineroar|Incineroar, L50, F|100/100
|switch|p1b: Gholdengo|Gholdengo, L50|100/100
|switch|p2a: Incineroar|Incineroar, L50, F|100/100
|switch|p2b: Gengar|Gengar, L50, F|100/100
|-ability|p1a: Incineroar|Intimidate|boost
|-unboost|p2a: Incineroar|atk|1
|-unboost|p2b: Gengar|atk|1
|-ability|p2a: Incineroar|Intimidate|boost
|-unboost|p1a: Incineroar|atk|1
|-unboost|p1b: Gholdengo|atk|1
|turn|1
|
|t:|1784656146
|detailschange|p2b: Gengar|Gengar-Mega, L50, F
|-mega|p2b: Gengar|Gengar|Gengarite
|move|p2b: Gengar|Protect|p2b: Gengar
|-singleturn|p2b: Gengar|Protect
|move|p1b: Gholdengo|Protect|p1b: Gholdengo
|-singleturn|p1b: Gholdengo|Protect
|move|p1a: Incineroar|Fake Out|p2a: Incineroar
|-damage|p2a: Incineroar|94/100
|cant|p2a: Incineroar|flinch
|
|upkeep
|turn|2
|
|t:|1784656165
|switch|p2b: Dragonite|Dragonite, L50, M|100/100
|switch|p1b: Gholdengo|Gholdengo, L50|100/100
|move|p1a: Incineroar|Parting Shot|p2b: Dragonite
|-unboost|p2b: Dragonite|atk|1
|-unboost|p2b: Dragonite|spa|1
|
|t:|1784656172
|switch|p1a: Staraptor|Staraptor, L50, M|100/100|[from] Parting Shot
|move|p2a: Incineroar|Darkest Lariat|p1b: Gholdengo
|-supereffective|p1b: Gholdengo|1
|-damage|p1b: Gholdengo|3/100
|replace|p1b: Zoroark|Zoroark-Hisui, L50, M
|-end|p1b: Zoroark|Illusion
|
|upkeep
|turn|3
|
|t:|1784656195
|detailschange|p1a: Staraptor|Staraptor-Mega, L50, M
|-mega|p1a: Staraptor|Staraptor|Staraptite
|move|p2a: Incineroar|Protect|p2a: Incineroar
|-singleturn|p2a: Incineroar|Protect
|move|p1b: Zoroark|Icy Wind|p2a: Incineroar|[spread] p2b
|-activate|p2a: Incineroar|move: Protect
|-supereffective|p2b: Dragonite|2
|-damage|p2b: Dragonite|43/100
|-unboost|p2b: Dragonite|spe|1
|move|p1a: Staraptor|Close Combat|p2b: Dragonite
|-resisted|p2b: Dragonite|1
|-damage|p2b: Dragonite|14/100
|-boost|p1a: Staraptor|def|1
|-boost|p1a: Staraptor|spd|1
|move|p2b: Dragonite|Dragon Claw|p1a: Staraptor
|-damage|p1a: Staraptor|72/100
|-damage|p2b: Dragonite|5/100|[from] item: Life Orb
|
|upkeep
|turn|4
|
|t:|1784656214
|move|p2b: Dragonite|Extreme Speed|p1a: Staraptor
|-damage|p1a: Staraptor|56/100
|-damage|p2b: Dragonite|0 fnt|[from] item: Life Orb
|faint|p2b: Dragonite
|move|p1b: Zoroark|Icy Wind|p2a: Incineroar
|-resisted|p2a: Incineroar|1
|-damage|p2a: Incineroar|87/100
|-unboost|p2a: Incineroar|spe|1
|move|p1a: Staraptor|Close Combat|p2a: Incineroar
|-supereffective|p2a: Incineroar|1
|-damage|p2a: Incineroar|0 fnt
|-boost|p1a: Staraptor|def|1
|-boost|p1a: Staraptor|spd|1
|faint|p2a: Incineroar
|
|upkeep
|
|t:|1784656217
|switch|p2b: Gengar|Gengar-Mega, L50, F|100/100
|switch|p2a: Ninetales|Ninetales-Alola, L50, M|100/100
|-weather|Snowscape|[from] ability: Snow Warning|[of] p2a: Ninetales
|turn|5
|
|t:|1784656233
|switch|p1b: Incineroar|Incineroar, L50, F|100/100
|-ability|p1b: Incineroar|Intimidate|boost
|-unboost|p2a: Ninetales|atk|1
|-unboost|p2b: Gengar|atk|1
|move|p1a: Staraptor|Protect|p1a: Staraptor
|-singleturn|p1a: Staraptor|Protect
|move|p2b: Gengar|Sludge Bomb|p1b: Incineroar
|-damage|p1b: Incineroar|53/100
|move|p2a: Ninetales|Blizzard|p1b: Incineroar|[spread] p1b
|-activate|p1a: Staraptor|move: Protect
|-resisted|p1b: Incineroar|1
|-damage|p1b: Incineroar|39/100
|-enditem|p1b: Incineroar|Sitrus Berry|[eat]
|-heal|p1b: Incineroar|64/100|[from] item: Sitrus Berry
|
|-weather|Snowscape|[upkeep]
|upkeep
|turn|6
|
|t:|1784656258
|move|p2b: Gengar|Protect|p2b: Gengar
|-singleturn|p2b: Gengar|Protect
|move|p2a: Ninetales|Protect|p2a: Ninetales
|-singleturn|p2a: Ninetales|Protect
|move|p1b: Incineroar|Fake Out|p2a: Ninetales
|-activate|p2a: Ninetales|move: Protect
|move|p1a: Staraptor|Brave Bird|p2b: Gengar
|-activate|p2b: Gengar|move: Protect
|
|-weather|Snowscape|[upkeep]
|upkeep
|turn|7
|
|t:|1784656278
|move|p1a: Staraptor|Protect|p1a: Staraptor
|-singleturn|p1a: Staraptor|Protect
|move|p2b: Gengar|Sludge Bomb|p1a: Staraptor
|-activate|p1a: Staraptor|move: Protect
|move|p2a: Ninetales|Encore|p1b: Incineroar
|-start|p1b: Incineroar|Encore
|move|p1b: Incineroar|Fake Out||[still]
|-hint|Fake Out only works on your first turn out.
|-fail|p1b: Incineroar
|
|-weather|Snowscape|[upkeep]
|upkeep
|turn|8
|
|t:|1784656297
|move|p2b: Gengar|Sludge Bomb|p1a: Staraptor
|-damage|p1a: Staraptor|28/100
|-status|p1a: Staraptor|psn
|move|p2a: Ninetales|Disable|p1b: Incineroar
|-start|p1b: Incineroar|Disable|Fake Out
|move|p1a: Staraptor|Close Combat|p2a: Ninetales
|-damage|p2a: Ninetales|46/100
|-boost|p1a: Staraptor|def|1
|-boost|p1a: Staraptor|spd|1
|-activate|p1b: Incineroar|move: Struggle
|move|p1b: Incineroar|Struggle|p2b: Gengar
|-damage|p2b: Gengar|83/100
|-damage|p1b: Incineroar|39/100|[from] recoil
|
|-weather|Snowscape|[upkeep]
|-damage|p1a: Staraptor|15/100 psn|[from] psn
|upkeep
|turn|9
|
|t:|1784656316
|move|p1a: Staraptor|Protect|p1a: Staraptor
|-singleturn|p1a: Staraptor|Protect
|move|p2b: Gengar|Sludge Bomb|p1a: Staraptor
|-activate|p1a: Staraptor|move: Protect
|move|p2a: Ninetales|Blizzard|p1a: Staraptor|[spread] p1b
|-activate|p1a: Staraptor|move: Protect
|-resisted|p1b: Incineroar|1
|-damage|p1b: Incineroar|26/100
|-activate|p1b: Incineroar|move: Struggle
|move|p1b: Incineroar|Struggle|p2b: Gengar
|-damage|p2b: Gengar|65/100
|-damage|p1b: Incineroar|1/100|[from] recoil
|
|-weather|none
|-damage|p1a: Staraptor|3/100 psn|[from] psn
|-end|p1b: Incineroar|Encore
|upkeep
|turn|10
|
|t:|1784656335
|move|p2b: Gengar|Sludge Bomb|p1a: Staraptor
|-damage|p1a: Staraptor|0 fnt
|faint|p1a: Staraptor
|move|p2a: Ninetales|Blizzard|p1b: Incineroar
|-resisted|p1b: Incineroar|1
|-damage|p1b: Incineroar|0 fnt
|faint|p1b: Incineroar
|
|upkeep
|
|t:|1784656342
|switch|p1a: Gholdengo|Gholdengo, L50|3/100
|switch|p1b: Gholdengo|Gholdengo, L50|100/100
|turn|11
|
|t:|1784656359
|move|p2b: Gengar|Shadow Ball|p1b: Gholdengo
|-supereffective|p1b: Gholdengo|1
|-damage|p1b: Gholdengo|1/100
|move|p1a: Gholdengo|Icy Wind|p2b: Gengar|[spread] p2a,p2b
|-resisted|p2a: Ninetales|1
|-damage|p2a: Ninetales|39/100
|-damage|p2b: Gengar|49/100
|-unboost|p2a: Ninetales|spe|1
|-unboost|p2b: Gengar|spe|1
|move|p1b: Gholdengo|Make It Rain|p2a: Ninetales|[spread] p2a,p2b
|-supereffective|p2a: Ninetales|2
|-crit|p2b: Gengar
|-damage|p2a: Ninetales|0 fnt
|-damage|p2b: Gengar|0 fnt
|-unboost|p1b: Gholdengo|spa|2
|faint|p2a: Ninetales
|faint|p2b: Gengar
|-damage|p1b: Gholdengo|0 fnt|[from] item: Life Orb
|faint|p1b: Gholdengo
|
|win|Scoseb
|raw|Scoseb's rating: 1274 → 1294(+20 for winning)
|raw|ChrisJHall13's rating: 1204 → 1184(-20 for losing)
|l|☆ChrisJHall13
|player|p2|
