|j|☆new mental
|j|☆Imanolcho
|html|new mentalImanolcho    
|uhtml|bestof|Game 1 of a best-of-3
|t:|1784642072
|gametype|doubles
|player|p1|new mental|volkner|1219
|player|p2|Imanolcho|265|1168
|gen|9
|tier|[Gen 9 Champions] VGC 2026 Reg M-B (Bo3)
|rated|
|rule|Species Clause: Limit one of each Pokémon
|rule|Item Clause: Limit 1 of each item
|clearpoke
|poke|p1|Aerodactyl, L50, F|
|poke|p1|Garchomp, L50, F|
|poke|p1|Kingambit, L50, M|
|poke|p1|Charizard, L50, F|
|poke|p1|Sylveon, L50, M|
|poke|p1|Farigiraf, L50, F|
|poke|p2|Charizard, L50, M|
|poke|p2|Toxapex, L50, F|
|poke|p2|Incineroar, L50, M|
|poke|p2|Garchomp, L50, M|
|poke|p2|Annihilape, L50, M|
|poke|p2|Venusaur, L50, F|
|teampreview|4
|showteam|p1|Aerodactyl||Aerodactylite|Unnerve|IceFang,RockSlide,Tailwind,DualWingbeat|Jolly||F|||50|]Garchomp||LifeOrb|RoughSkin|DragonClaw,RockSlide,Earthquake,Protect|Jolly||F|||50|]Kingambit||FocusSash|Defiant|SuckerPunch,KowtowCleave,IronHead,LowKick|Adamant||M|||50|]Charizard||CharizarditeY|SolarPower|Protect,WeatherBall,HeatWave,SolarBeam|Modest||F|||50|]Sylveon||FairyFeather|Pixilate|Protect,HyperVoice,HyperBeam,QuickAttack|Modest||M|||50|]Farigiraf||SitrusBerry|ArmorTail|TrickRoom,Thunderbolt,Roar,Psychic|Bold||F|||50|
|showteam|p2|Charizard||CharizarditeY|Blaze|HeatWave,WeatherBall,HelpingHand,Protect|Modest||M|||50|]Toxapex||Leftovers|Regenerator|Toxic,Infestation,BanefulBunker,WideGuard|Bold||F|||50|]Incineroar||SitrusBerry|Intimidate|FlareBlitz,ThroatChop,FakeOut,PartingShot|Lax||M|||50|]Garchomp||ChoiceScarf|RoughSkin|DragonClaw,Earthquake,RockSlide,StompingTantrum|Adamant||M|||50|]Annihilape||FocusSash|Defiant|PhantomForce,CloseCombat,Protect,RockTomb|Jolly||M|||50|]Venusaur||LifeOrb|Chlorophyll|SludgeBomb,EarthPower,SolarBeam,Protect|Modest||F|||50|
|inactive|Battle timer is ON: inactive players will automatically lose when time's up. (requested by new mental)
|
|t:|1784642120
|teamsize|p1|4
|teamsize|p2|4
|start
|switch|p1a: Charizard|Charizard, L50, F|100/100
|switch|p1b: Garchomp|Garchomp, L50, F|100/100
|switch|p2a: Charizard|Charizard, L50, M|100/100
|switch|p2b: Venusaur|Venusaur, L50, F|100/100
|turn|1
|j| reanschawrzer
|inactive|Imanolcho has 30 seconds left.
|
|t:|1784642153
|switch|p2b: Incineroar|Incineroar, L50, M|100/100
|-ability|p2b: Incineroar|Intimidate|boost
|-unboost|p1a: Charizard|atk|1
|-unboost|p1b: Garchomp|atk|1
|detailschange|p2a: Charizard|Charizard-Mega-Y, L50, M
|-mega|p2a: Charizard|Charizard|Charizardite Y
|-weather|SunnyDay|[from] ability: Drought|[of] p2a: Charizard
|detailschange|p1a: Charizard|Charizard-Mega-Y, L50, F
|-mega|p1a: Charizard|Charizard|Charizardite Y
|move|p2a: Charizard|Protect|p2a: Charizard
|-singleturn|p2a: Charizard|Protect
|move|p1b: Garchomp|Rock Slide|p2b: Incineroar|[spread] p2b
|-activate|p2a: Charizard|move: Protect
|-supereffective|p2b: Incineroar|1
|-damage|p2b: Incineroar|74/100
|-damage|p1b: Garchomp|90/100|[from] item: Life Orb
|move|p1a: Charizard|Heat Wave|p2a: Charizard|[spread] p2b
|-activate|p2a: Charizard|move: Protect
|-resisted|p2b: Incineroar|1
|-damage|p2b: Incineroar|46/100
|-enditem|p2b: Incineroar|Sitrus Berry|[eat]
|-heal|p2b: Incineroar|71/100|[from] item: Sitrus Berry
|
|-weather|SunnyDay|[upkeep]
|upkeep
|turn|2
|inactive|Imanolcho has 30 seconds left.
|inactive|Imanolcho has 20 seconds left.
|
|t:|1784642191
|switch|p1b: Aerodactyl|Aerodactyl, L50, F|100/100
|-ability|p1b: Aerodactyl|Unnerve
|move|p2b: Incineroar|Fake Out|p1b: Aerodactyl
|-resisted|p1b: Aerodactyl|1
|-damage|p1b: Aerodactyl|93/100
|move|p2a: Charizard|Heat Wave|p1a: Charizard|[spread] p1a,p1b
|-resisted|p1a: Charizard|1
|-resisted|p1b: Aerodactyl|1
|-damage|p1a: Charizard|72/100
|-damage|p1b: Aerodactyl|51/100
|move|p1a: Charizard|Weather Ball|p2b: Incineroar
|-resisted|p2b: Incineroar|1
|-damage|p2b: Incineroar|28/100
|
|-weather|SunnyDay|[upkeep]
|upkeep
|turn|3
|
|t:|1784642215
|switch|p2b: Venusaur|Venusaur, L50, F|100/100
|move|p2a: Charizard|Protect|p2a: Charizard
|-singleturn|p2a: Charizard|Protect
|move|p1b: Aerodactyl|Tailwind|p1b: Aerodactyl
|-sidestart|p1: new mental|move: Tailwind
|move|p1a: Charizard|Weather Ball|p2b: Venusaur
|-supereffective|p2b: Venusaur|1
|-damage|p2b: Venusaur|0 fnt
|faint|p2b: Venusaur
|
|-weather|SunnyDay|[upkeep]
|upkeep
|
|t:|1784642228
|switch|p2b: Toxapex|Toxapex, L50, F|100/100
|turn|4
|
|t:|1784642241
|switch|p2a: Incineroar|Incineroar, L50, M|28/100
|-ability|p2a: Incineroar|Intimidate|boost
|-unboost|p1a: Charizard|atk|1
|-unboost|p1b: Aerodactyl|atk|1
|move|p1b: Aerodactyl|Dual Wingbeat|p2a: Incineroar
|-damage|p2a: Incineroar|19/100
|-damage|p2a: Incineroar|11/100
|-hitcount|p2a: Incineroar|2
|move|p1a: Charizard|Weather Ball|p2a: Incineroar
|-resisted|p2a: Incineroar|1
|-damage|p2a: Incineroar|0 fnt
|faint|p2a: Incineroar
|move|p2b: Toxapex|Toxic|p1a: Charizard
|-status|p1a: Charizard|tox
|
|-weather|SunnyDay|[upkeep]
|-damage|p1a: Charizard|66/100 tox|[from] psn
|upkeep
|
|t:|1784642259
|switch|p2a: Charizard|Charizard-Mega-Y, L50, M|100/100
|turn|5
|
|t:|1784642264
|switch|p1b: Garchomp|Garchomp, L50, F|90/100
|switch|p1a: Sylveon|Sylveon, L50, M|100/100
|move|p2a: Charizard|Protect|p2a: Charizard
|-singleturn|p2a: Charizard|Protect
|move|p2b: Toxapex|Toxic|p1b: Garchomp
|-status|p1b: Garchomp|tox
|
|-weather|none
|-damage|p1b: Garchomp|84/100 tox|[from] psn
|upkeep
|turn|6
|
|t:|1784642285
|move|p1a: Sylveon|Protect|p1a: Sylveon
|-singleturn|p1a: Sylveon|Protect
|move|p2a: Charizard|Protect||[still]
|-fail|p2a: Charizard
|move|p1b: Garchomp|Earthquake|p2a: Charizard|[spread] p2b
|-activate|p1a: Sylveon|move: Protect
|-immune|p2a: Charizard
|-supereffective|p2b: Toxapex|1
|-damage|p2b: Toxapex|30/100
|-damage|p1b: Garchomp|74/100 tox|[from] item: Life Orb
|move|p2b: Toxapex|Toxic|p1a: Sylveon
|-activate|p1a: Sylveon|move: Protect
|
|-heal|p2b: Toxapex|36/100|[from] item: Leftovers
|-damage|p1b: Garchomp|62/100 tox|[from] psn
|-sideend|p1: new mental|move: Tailwind
|upkeep
|turn|7
|
|t:|1784642306
|move|p1b: Garchomp|Dragon Claw|p2a: Charizard
|-damage|p2a: Charizard|50/100g
|-damage|p1b: Garchomp|52/100 tox|[from] item: Life Orb
|move|p2a: Charizard|Heat Wave|p1b: Garchomp|[spread] p1a,p1b
|-resisted|p1b: Garchomp|1
|-damage|p1a: Sylveon|69/100
|-damage|p1b: Garchomp|28/100 tox
|move|p1a: Sylveon|Hyper Beam|p2a: Charizard
|-resisted|p2a: Charizard|1
|-damage|p2a: Charizard|3/100
|-mustrecharge|p1a: Sylveon
|move|p2b: Toxapex|Toxic|p1a: Sylveon
|-status|p1a: Sylveon|tox
|
|-heal|p2b: Toxapex|42/100|[from] item: Leftovers
|-damage|p1b: Garchomp|10/100 tox|[from] psn
|-damage|p1a: Sylveon|63/100 tox|[from] psn
|upkeep
|turn|8
|
|t:|1784642326
|switch|p1b: Aerodactyl|Aerodactyl, L50, F|51/100
|-ability|p1b: Aerodactyl|Unnerve
|move|p2a: Charizard|Protect|p2a: Charizard
|-singleturn|p2a: Charizard|Protect
|cant|p1a: Sylveon|recharge
|move|p2b: Toxapex|Infestation|p1a: Sylveon
|-resisted|p1a: Sylveon|1
|-damage|p1a: Sylveon|62/100 tox
|-activate|p1a: Sylveon|move: Infestation|[of] p2b: Toxapex
|
|-heal|p2b: Toxapex|47/100|[from] item: Leftovers
|-damage|p1a: Sylveon|49/100 tox|[from] psn
|-damage|p1a: Sylveon|37/100 tox|[from] move: Infestation|[partiallytrapped]
|upkeep
|turn|9
|inactive|Imanolcho has 30 seconds left.
|
|t:|1784642354
|move|p2a: Charizard|Protect|p2a: Charizard
|-singleturn|p2a: Charizard|Protect
|move|p1b: Aerodactyl|Dual Wingbeat|p2a: Charizard
|-activate|p2a: Charizard|move: Protect
|move|p1a: Sylveon|Hyper Voice|p2b: Toxapex|[spread] p2b
|-activate|p2a: Charizard|move: Protect
|-resisted|p2b: Toxapex|1
|-damage|p2b: Toxapex|30/100
|move|p2b: Toxapex|Toxic|p1b: Aerodactyl
|-status|p1b: Aerodactyl|tox
|
|-heal|p2b: Toxapex|36/100|[from] item: Leftovers
|-damage|p1b: Aerodactyl|45/100 tox|[from] psn
|-damage|p1a: Sylveon|18/100 tox|[from] psn
|-damage|p1a: Sylveon|6/100 tox|[from] move: Infestation|[partiallytrapped]
|upkeep
|turn|10
|inactive|Imanolcho has 30 seconds left.
|
|t:|1784642384
|move|p2b: Toxapex|Wide Guard|p2b: Toxapex
|-singleturn|p2b: Toxapex|Wide Guard
|move|p1a: Sylveon|Quick Attack|p2a: Charizard
|-resisted|p2a: Charizard|1
|-damage|p2a: Charizard|0 fnt
|faint|p2a: Charizard
|move|p1b: Aerodactyl|Dual Wingbeat|p2b: Toxapex
|-damage|p2b: Toxapex|26/100
|-damage|p2b: Toxapex|15/100
|-hitcount|p2b: Toxapex|2
|
|-heal|p2b: Toxapex|21/100|[from] item: Leftovers
|-damage|p1b: Aerodactyl|33/100 tox|[from] psn
|-damage|p1a: Sylveon|0 fnt|[from] psn
|faint|p1a: Sylveon
|upkeep
|
|t:|1784642388
|switch|p1a: Charizard|Charizard-Mega-Y, L50, F|66/100 tox
|-weather|SunnyDay|[from] ability: Drought|[of] p1a: Charizard
|turn|11
|
|t:|1784642403
|move|p2b: Toxapex|Baneful Bunker||[still]
|-fail|p2b: Toxapex
|move|p1b: Aerodactyl|Dual Wingbeat|p2b: Toxapex
|-damage|p2b: Toxapex|10/100
|-damage|p2b: Toxapex|0 fnt
|faint|p2b: Toxapex
|-hitcount|p2: Toxapex|2
|
|win|new mental
