|j|☆FlashStatic
|j|☆fancy_0221
|html|FlashStaticfancy_0221    
|uhtml|bestof|Game 2 of a best-of-3
|t:|1784839160
|gametype|doubles
|player|p1|FlashStatic|palmer|
|player|p2|fancy_0221|caitlin|
|gen|9
|tier|[Gen 9 Champions] VGC 2026 Reg M-B (Bo3)
|rule|Species Clause: Limit one of each Pokémon
|rule|Item Clause: Limit 1 of each item
|clearpoke
|poke|p1|Greninja, L50, M, shiny|
|poke|p1|Grimmsnarl, L50, M|
|poke|p1|Metagross, L50, shiny|
|poke|p1|Talonflame, L50, M|
|poke|p1|Maushold, L50|
|poke|p1|Roserade, L50, F, shiny|
|poke|p2|Staraptor, L50, M|
|poke|p2|Typhlosion, L50, M|
|poke|p2|Sinistcha, L50|
|poke|p2|Raichu, L50, M|
|poke|p2|Excadrill, L50, M|
|poke|p2|Snorlax, L50, M|
|teampreview|4
|showteam|p1|Greninja||Greninjite|Protean|DarkPulse,Extrasensory,HydroPump,Surf|Timid||M|||50|]Grimmsnarl||Leftovers|Prankster|Reflect,FakeOut,FoulPlay,Swagger|Careful||M|||50|]Metagross||Metagrossite|ClearBody|BodyPress,PsychicFangs,BulletPunch,Protect|Jolly|||||50|]Talonflame||WhiteHerb|GaleWings|Tailwind,DualWingbeat,FlareBlitz,Acrobatics|Jolly||M|||50|]Maushold||KingsRock|Technician|PopulationBomb,FollowMe,HelpingHand,SuperFang|Jolly|||||50|]Roserade||FocusSash|PoisonPoint|SleepPowder,WeatherBall,EnergyBall,RainDance|Timid||F|||50|
|showteam|p2|Staraptor||Staraptite|Intimidate|BraveBird,CloseCombat,Uturn,Protect|Jolly||M|||50|]Typhlosion||ChoiceScarf|FlashFire|Eruption,Overheat,ShadowBall,Extrasensory|Modest||M|||50|]Sinistcha||SitrusBerry|Hospitality|MatchaGotcha,StrengthSap,Protect,RagePowder|Calm|||||50|]Raichu||FocusSash|LightningRod|FakeOut,Thunderbolt,Nuzzle,Charm|Timid||M|||50|]Excadrill||LifeOrb|MoldBreaker|HighHorsepower,IronHead,RockSlide,RapidSpin|Jolly||M|||50|]Snorlax||Leftovers|ThickFat|BodySlam,Rest,Curse,SleepTalk|Careful||M|||50|
|inactive|Battle timer is ON: inactive players will automatically lose when time's up. (requested by FlashStatic)
|
|t:|1784839200
|teamsize|p1|4
|teamsize|p2|4
|start
|switch|p1a: Talonflame|Talonflame, L50, M|100/100
|switch|p1b: Metagross|Metagross, L50, shiny|100/100
|switch|p2a: Staraptor|Staraptor, L50, M|100/100
|switch|p2b: Raichu|Raichu, L50, M|100/100
|-ability|p2a: Staraptor|Intimidate|boost
|-unboost|p1a: Talonflame|atk|1
|-fail|p1b: Metagross|unboost|[from] ability: Clear Body|[of] p1b: Metagross
|-enditem|p1a: Talonflame|White Herb
|-clearnegativeboost|p1a: Talonflame|[silent]
|turn|1
|inactive|fancy_0221 has 30 seconds left.
|
|t:|1784839231
|switch|p2a: Sinistcha|Sinistcha, L50|100/100
|detailschange|p1b: Metagross|Metagross-Mega, L50, shiny
|-mega|p1b: Metagross|Metagross|Metagrossite
|move|p2b: Raichu|Fake Out|p1a: Talonflame
|-damage|p1a: Talonflame|87/100
|cant|p1a: Talonflame|flinch
|move|p1b: Metagross|Psychic Fangs|p2a: Sinistcha
|-damage|p2a: Sinistcha|43/100
|-enditem|p2a: Sinistcha|Sitrus Berry|[eat]
|-heal|p2a: Sinistcha|68/100|[from] item: Sitrus Berry
|
|upkeep
|turn|2
|
|t:|1784839253
|move|p2a: Sinistcha|Protect|p2a: Sinistcha
|-singleturn|p2a: Sinistcha|Protect
|move|p1a: Talonflame|Tailwind|p1a: Talonflame
|-sidestart|p1: FlashStatic|move: Tailwind
|move|p1b: Metagross|Psychic Fangs|p2b: Raichu
|-enditem|p2b: Raichu|Focus Sash
|-damage|p2b: Raichu|1/100
|move|p2b: Raichu|Thunderbolt|p1a: Talonflame
|-supereffective|p1a: Talonflame|1
|-damage|p1a: Talonflame|0 fnt
|faint|p1a: Talonflame
|
|upkeep
|
|t:|1784839276
|switch|p1a: Grimmsnarl|Grimmsnarl, L50, M|100/100
|turn|3
|inactive|fancy_0221 has 30 seconds left.
|
|t:|1784839306
|move|p1a: Grimmsnarl|Fake Out|p2b: Raichu
|-damage|p2b: Raichu|0 fnt
|faint|p2b: Raichu
|move|p1b: Metagross|Psychic Fangs|p2a: Sinistcha
|-damage|p2a: Sinistcha|9/100
|move|p2a: Sinistcha|Matcha Gotcha|p1a: Grimmsnarl|[spread] p1a,p1b
|-resisted|p1b: Metagross|1
|-damage|p1a: Grimmsnarl|81/100
|-heal|p2a: Sinistcha|20/100y|[from] drain|[of] p1a: Grimmsnarl
|-damage|p1b: Metagross|86/100
|-heal|p2a: Sinistcha|26/100|[from] drain|[of] p1b: Metagross
|-status|p1a: Grimmsnarl|brn
|
|-heal|p1a: Grimmsnarl|87/100 brn|[from] item: Leftovers
|-damage|p1a: Grimmsnarl|81/100 brn|[from] brn
|upkeep
|
|t:|1784839324
|switch|p2b: Staraptor|Staraptor, L50, M|100/100
|-ability|p2b: Staraptor|Intimidate|boost
|-unboost|p1a: Grimmsnarl|atk|1
|-unboost|p1b: Metagross|atk|1
|turn|4
|inactive|fancy_0221 has 30 seconds left.
|
|t:|1784839355
|move|p2b: Staraptor|Protect|p2b: Staraptor
|-singleturn|p2b: Staraptor|Protect
|move|p1b: Metagross|Psychic Fangs|p2b: Staraptor
|-activate|p2b: Staraptor|move: Protect
|move|p1a: Grimmsnarl|Foul Play|p2a: Sinistcha
|-supereffective|p2a: Sinistcha|1
|-damage|p2a: Sinistcha|7/100
|move|p2a: Sinistcha|Strength Sap|p1b: Metagross
|-unboost|p1b: Metagross|atk|1
|-heal|p2a: Sinistcha|80/100
|
|-heal|p1a: Grimmsnarl|87/100 brn|[from] item: Leftovers
|-damage|p1a: Grimmsnarl|81/100 brn|[from] brn
|upkeep
|turn|5
|inactive|fancy_0221 has 30 seconds left.
|
|t:|1784839386
|switch|p1b: Greninja|Greninja, L50, M, shiny|100/100
|switch|p2b: Typhlosion|Typhlosion, L50, M|100/100
|move|p2a: Sinistcha|Protect|p2a: Sinistcha
|-singleturn|p2a: Sinistcha|Protect
|move|p1a: Grimmsnarl|Swagger|p2b: Typhlosion
|-boost|p2b: Typhlosion|atk|2
|-start|p2b: Typhlosion|confusion
|
|-heal|p1a: Grimmsnarl|87/100 brn|[from] item: Leftovers
|-damage|p1a: Grimmsnarl|81/100 brn|[from] brn
|-sideend|p1: FlashStatic|move: Tailwind
|upkeep
|turn|6
|inactive|FlashStatic has 30 seconds left.
|inactive|fancy_0221 has 30 seconds left.
|
|t:|1784839419
|switch|p2b: Staraptor|Staraptor, L50, M|100/100
|-ability|p2b: Staraptor|Intimidate|boost
|-unboost|p1a: Grimmsnarl|atk|1
|-unboost|p1b: Greninja|atk|1
|move|p1a: Grimmsnarl|Swagger|p2a: Sinistcha
|-boost|p2a: Sinistcha|atk|2
|-start|p2a: Sinistcha|confusion
|move|p1b: Greninja|Hydro Pump|p2b: Staraptor
|-start|p1b: Greninja|typechange|Water|[from] ability: Protean
|-damage|p2b: Staraptor|13/100
|-activate|p2a: Sinistcha|confusion
|-damage|p2a: Sinistcha|69/100|[from] confusion
|
|-heal|p1a: Grimmsnarl|87/100 brn|[from] item: Leftovers
|-damage|p1a: Grimmsnarl|81/100 brn|[from] brn
|upkeep
|turn|7
|inactive|FlashStatic has 30 seconds left.
|inactive|fancy_0221 has 30 seconds left.
|
|t:|1784839454
|move|p2b: Staraptor|Protect|p2b: Staraptor
|-singleturn|p2b: Staraptor|Protect
|move|p1a: Grimmsnarl|Reflect|p1a: Grimmsnarl
|-sidestart|p1: FlashStatic|Reflect
|move|p1b: Greninja|Dark Pulse|p2a: Sinistcha
|-supereffective|p2a: Sinistcha|1
|-damage|p2a: Sinistcha|31/100
|cant|p2a: Sinistcha|flinch
|
|-heal|p1a: Grimmsnarl|87/100 brn|[from] item: Leftovers
|-damage|p1a: Grimmsnarl|81/100 brn|[from] brn
|upkeep
|turn|8
|inactive|fancy_0221 has 30 seconds left.
|inactive|fancy_0221 has 20 seconds left.
|
|t:|1784839491
|detailschange|p2b: Staraptor|Staraptor-Mega, L50, M
|-mega|p2b: Staraptor|Staraptor|Staraptite
|-activate|p2a: Sinistcha|confusion
|move|p2a: Sinistcha|Rage Powder|p2a: Sinistcha
|-singleturn|p2a: Sinistcha|move: Rage Powder
|move|p1a: Grimmsnarl|Swagger|p2a: Sinistcha
|-boost|p2a: Sinistcha|atk|2
|move|p1b: Greninja|Dark Pulse|p2a: Sinistcha
|-supereffective|p2a: Sinistcha|1
|-damage|p2a: Sinistcha|0 fnt
|faint|p2a: Sinistcha
|move|p2b: Staraptor|Close Combat|p1b: Greninja
|-damage|p1b: Greninja|27/100
|-boost|p2b: Staraptor|def|1
|-boost|p2b: Staraptor|spd|1
|
|-heal|p1a: Grimmsnarl|87/100 brn|[from] item: Leftovers
|-damage|p1a: Grimmsnarl|81/100 brn|[from] brn
|upkeep
|
|t:|1784839506
|switch|p2a: Typhlosion|Typhlosion, L50, M|100/100
|turn|9
|
|t:|1784839526
|move|p1a: Grimmsnarl|Swagger|p2a: Typhlosion
|-boost|p2a: Typhlosion|atk|2
|-start|p2a: Typhlosion|confusion
|-activate|p2a: Typhlosion|confusion
|move|p2a: Typhlosion|Eruption|p1a: Grimmsnarl|[spread] p1a,p1b
|-resisted|p1b: Greninja|1
|-damage|p1a: Grimmsnarl|37/100 brn
|-damage|p1b: Greninja|0 fnt
|faint|p1b: Greninja
|move|p2b: Staraptor|Close Combat|p1a: Grimmsnarl
|-damage|p1a: Grimmsnarl|0 fnt
|-boost|p2b: Staraptor|def|1
|-boost|p2b: Staraptor|spd|1
|faint|p1a: Grimmsnarl
|
|upkeep
|
|t:|1784839544
|switch|p1a: Metagross|Metagross-Mega, L50, shiny|86/100
|turn|10
|
|t:|1784839553
|move|p1a: Metagross|Bullet Punch|p2a: Typhlosion
|-resisted|p2a: Typhlosion|1
|-damage|p2a: Typhlosion|78/100
|-activate|p2a: Typhlosion|confusion
|-damage|p2a: Typhlosion|59/100|[from] confusion
|move|p2b: Staraptor|Close Combat|p1a: Metagross
|-damage|p1a: Metagross|52/100
|-boost|p2b: Staraptor|def|1
|-boost|p2b: Staraptor|spd|1
|
|upkeep
|turn|11
|
|t:|1784839569
|-activate|p2a: Typhlosion|confusion
|move|p2a: Typhlosion|Eruption|p1a: Metagross
|-supereffective|p1a: Metagross|1
|-damage|p1a: Metagross|0 fnt
|faint|p1a: Metagross
|
|win|fancy_0221
||FlashStatic is ready for game 3.
||fancy_0221 is ready for game 3.
|uhtml|next|Next: Game 3 of 3
