|j|☆nicven
|j|☆grimgarrr
|html|nicvengrimgarrr    
|uhtml|bestof|Game 1 of a best-of-3
|t:|1783878490
|gametype|doubles
|player|p1|nicven|ghetsis|1203
|player|p2|grimgarrr|pryce|1190
|gen|9
|tier|[Gen 9 Champions] VGC 2026 Reg M-B (Bo3)
|rated|
|rule|Species Clause: Limit one of each Pokémon
|rule|Item Clause: Limit 1 of each item
|clearpoke
|poke|p1|Ninetales-Alola, L50, M|
|poke|p1|Farigiraf, L50, F|
|poke|p1|Incineroar, L50, M|
|poke|p1|Mawile, L50, F|
|poke|p1|Basculegion, L50, M|
|poke|p1|Drampa, L50, F|
|poke|p2|Scovillain, L50, M|
|poke|p2|Sableye, L50, M|
|poke|p2|Archaludon, L50, M|
|poke|p2|Pelipper, L50, M|
|poke|p2|Gholdengo, L50|
|poke|p2|Floette-Eternal, L50, F|
|teampreview|4
|showteam|p1|Ninetales-Alola||FocusSash|SnowWarning|Blizzard,FreezeDry,AuroraVeil,Protect|Timid||M|||50|]Farigiraf||ColburBerry|ArmorTail|TrickRoom,HelpingHand,Psychic,Protect|Quiet||F|||50|]Incineroar||Charcoal|Intimidate|FlareBlitz,ThroatChop,PartingShot,FakeOut|Adamant||M|||50|]Mawile||Mawilite|HyperCutter|PlayRough,RockSlide,SuckerPunch,Protect|Adamant||F|||50|]Basculegion||SitrusBerry|Adaptability|WaveCrash,AquaJet,LastRespects,Protect|Adamant||M|||50|]Drampa||Drampanite|CloudNine|EarthPower,HyperVoice,DragonPulse,Protect|Quiet||F|||50|
|showteam|p2|Scovillain||Scovillainite|Moody|LeechSeed,Protect,GigaDrain,RagePowder|Calm||M|||50|]Sableye||MentalHerb|Prankster|Reflect,LightScreen,WillOWisp,Protect|Relaxed||M|||50|]Archaludon||Leftovers|Stamina|ElectroShot,DracoMeteor,FlashCannon,Protect|Modest||M|||50|]Pelipper|||Drizzle|WeatherBall,Hurricane,WideGuard,Tailwind|Modest||M|||50|]Gholdengo||LifeOrb|GoodasGold|MakeItRain,ShadowBall,NastyPlot,Protect|Timid|||||50|]Floette-Eternal||Floettite|FlowerVeil|DrainingKiss,CalmMind,Protect,DazzlingGleam|Timid||F|||50|
|
|t:|1783878556
|teamsize|p1|4
|teamsize|p2|4
|start
|switch|p1a: Farigiraf|Farigiraf, L50, F|100/100
|switch|p1b: Incineroar|Incineroar, L50, M|100/100
|switch|p2a: Sableye|Sableye, L50, M|100/100
|switch|p2b: Floette|Floette-Eternal, L50, F|100/100
|-ability|p1b: Incineroar|Intimidate|boost
|-unboost|p2a: Sableye|atk|1
|-unboost|p2b: Floette|atk|1
|turn|1
|
|t:|1783878587
|detailschange|p2b: Floette|Floette-Mega, L50, F
|-mega|p2b: Floette|Floette|Floettite
|-ability|p2b: Floette|Fairy Aura
|move|p2a: Sableye|Reflect|p2a: Sableye
|-sidestart|p2: grimgarrr|Reflect
|move|p2b: Floette|Dazzling Gleam|p1a: Farigiraf|[spread] p1a,p1b
|-damage|p1a: Farigiraf|58/100
|-damage|p1b: Incineroar|53/100
|move|p1b: Incineroar|Flare Blitz|p2b: Floette
|-damage|p2b: Floette|31/100
|-status|p2b: Floette|brn
|-damage|p1b: Incineroar|37/100|[from] Recoil
|move|p1a: Farigiraf|Trick Room|p1a: Farigiraf
|-fieldstart|move: Trick Room|[of] p1a: Farigiraf
|
|-damage|p2b: Floette|25/100 brn|[from] brn
|upkeep
|turn|2
|
|t:|1783878614
|move|p2b: Floette|Protect|p2b: Floette
|-singleturn|p2b: Floette|Protect
|move|p2a: Sableye|Light Screen|p2a: Sableye
|-sidestart|p2: grimgarrr|move: Light Screen
|move|p1a: Farigiraf|Psychic|p2b: Floette
|-activate|p2b: Floette|move: Protect
|move|p1b: Incineroar|Throat Chop|p2a: Sableye
|-damage|p2a: Sableye|70/100
|-start|p2a: Sableye|Throat Chop|[silent]
|
|-damage|p2b: Floette|19/100 brn|[from] brn
|upkeep
|turn|3
|
|t:|1783878637
|move|p2a: Sableye|Protect|p2a: Sableye
|-singleturn|p2a: Sableye|Protect
|move|p2b: Floette|Protect||[still]
|-fail|p2b: Floette
|move|p1a: Farigiraf|Psychic|p2b: Floette
|-damage|p2b: Floette|0 fnt
|faint|p2b: Floette
|move|p1b: Incineroar|Flare Blitz|p2a: Sableye
|-activate|p2a: Sableye|move: Protect
|
|-end|p2a: Sableye|Throat Chop|[silent]
|upkeep
|
|t:|1783878650
|switch|p2b: Pelipper|Pelipper, L50, M|100/100
|-weather|RainDance|[from] ability: Drizzle|[of] p2b: Pelipper
|turn|4
|
|t:|1783878678
|switch|p2a: Archaludon|Archaludon, L50, M|100/100
|switch|p1a: Drampa|Drampa, L50, F|100/100
|-ability|p1a: Drampa|Cloud Nine
|move|p1b: Incineroar|Parting Shot|p2b: Pelipper
|-unboost|p2b: Pelipper|atk|1
|-unboost|p2b: Pelipper|spa|1
|
|t:|1783878690
|switch|p1b: Mawile|Mawile, L50, F|100/100|[from] Parting Shot
|move|p2b: Pelipper|Weather Ball|p1b: Mawile
|-resisted|p1b: Mawile|1
|-crit|p1b: Mawile
|-damage|p1b: Mawile|80/100
|
|-weather|RainDance|[upkeep]
|upkeep
|turn|5
|
|t:|1783878749
|detailschange|p1b: Mawile|Mawile-Mega, L50, F
|-mega|p1b: Mawile|Mawile|Mawilite
|move|p1a: Drampa|Earth Power|p2a: Archaludon
|-supereffective|p2a: Archaludon|1
|-damage|p2a: Archaludon|43/100
|-ability|p2a: Archaludon|Stamina|boost
|-boost|p2a: Archaludon|def|1
|move|p1b: Mawile|Play Rough|p2b: Pelipper
|-damage|p2b: Pelipper|34/100
|move|p2b: Pelipper|Tailwind|p2b: Pelipper
|-sidestart|p2: grimgarrr|move: Tailwind
|move|p2a: Archaludon|Draco Meteor|p1a: Drampa
|-supereffective|p1a: Drampa|1
|-damage|p1a: Drampa|0 fnt
|-unboost|p2a: Archaludon|spa|2
|faint|p1a: Drampa
|
|-weather|RainDance|[upkeep]
|-heal|p2a: Archaludon|49/100|[from] item: Leftovers
|-sideend|p2: grimgarrr|Reflect
|-fieldend|move: Trick Room
|upkeep
|
|t:|1783878775
|switch|p1a: Farigiraf|Farigiraf, L50, F|58/100
|turn|6
|
|t:|1783878790
|move|p2a: Archaludon|Electro Shot||[still]
|-prepare|p2a: Archaludon|Electro Shot
|-boost|p2a: Archaludon|spa|1
|-anim|p2a: Archaludon|Electro Shot|p1a: Farigiraf
|-damage|p1a: Farigiraf|30/100
|move|p2b: Pelipper|Weather Ball|p1a: Farigiraf
|-damage|p1a: Farigiraf|0 fnt
|faint|p1a: Farigiraf
|move|p1b: Mawile|Play Rough|p2b: Pelipper
|-damage|p2b: Pelipper|0 fnt
|faint|p2b: Pelipper
|
|-weather|RainDance|[upkeep]
|-heal|p2a: Archaludon|55/100|[from] item: Leftovers
|-sideend|p2: grimgarrr|move: Light Screen
|upkeep
|
|t:|1783878804
|switch|p2b: Sableye|Sableye, L50, M|70/100
|switch|p1a: Incineroar|Incineroar, L50, M|37/100
|-ability|p1a: Incineroar|Intimidate|boost
|-unboost|p2a: Archaludon|atk|1
|-unboost|p2b: Sableye|atk|1
|turn|7
|
|t:|1783878823
|move|p1a: Incineroar|Fake Out|p2a: Archaludon
|-resisted|p2a: Archaludon|1
|-damage|p2a: Archaludon|52/100
|-ability|p2a: Archaludon|Stamina|boost
|-boost|p2a: Archaludon|def|1
|move|p2b: Sableye|Will-O-Wisp|p1b: Mawile
|-status|p1b: Mawile|brn
|cant|p2a: Archaludon|flinch
|move|p1b: Mawile|Play Rough|p2b: Sableye
|-supereffective|p2b: Sableye|1
|-damage|p2b: Sableye|0 fnt
|faint|p2b: Sableye
|
|-weather|RainDance|[upkeep]
|-heal|p2a: Archaludon|58/100|[from] item: Leftovers
|-damage|p1b: Mawile|74/100 brn|[from] brn
|upkeep
|turn|8
|
|t:|1783878844
|move|p2a: Archaludon|Electro Shot||[still]
|-prepare|p2a: Archaludon|Electro Shot
|-boost|p2a: Archaludon|spa|1
|-anim|p2a: Archaludon|Electro Shot|p1a: Incineroar
|-damage|p1a: Incineroar|0 fnt
|faint|p1a: Incineroar
|move|p1b: Mawile|Play Rough|p2a: Archaludon
|-damage|p2a: Archaludon|41/100
|-ability|p2a: Archaludon|Stamina|boost
|-boost|p2a: Archaludon|def|1
|
|-weather|none
|-heal|p2a: Archaludon|47/100|[from] item: Leftovers
|-damage|p1b: Mawile|68/100 brn|[from] brn
|-sideend|p2: grimgarrr|move: Tailwind
|upkeep
|turn|9
|-message|nicven forfeited.
|
|win|grimgarrr
||nicven is ready for game 2.
||grimgarrr is ready for game 2.
|uhtml|next|Next: Game 2 of 3
