|j|☆clavicularvgc
|j|☆SleepD2
|html|clavicularvgcSleepD2    
|uhtml|bestof|Game 3 of a best-of-3
|t:|1785779653
|gametype|doubles
|player|p1|clavicularvgc|266|1317
|player|p2|SleepD2|102|1393
|gen|9
|tier|[Gen 9 Champions] VGC 2026 Reg M-B (Bo3)
|rated|
|rule|Species Clause: Limit one of each Pokémon
|rule|Item Clause: Limit 1 of each item
|clearpoke
|poke|p1|Kommo-o, L50, F|
|poke|p1|Incineroar, L50, M|
|poke|p1|Tyranitar, L50, M|
|poke|p1|Gholdengo, L50|
|poke|p1|Scovillain, L50, F|
|poke|p1|Sinistcha, L50|
|poke|p2|Glimmora, L50, M|
|poke|p2|Whimsicott, L50, F|
|poke|p2|Weavile, L50, F|
|poke|p2|Basculegion, L50, M|
|poke|p2|Kommo-o, L50, M|
|poke|p2|Charizard, L50, F|
|teampreview|4
|showteam|p1|Kommo-o||Leftovers|Overcoat|ClangorousSoul,ClangingScales,Protect,AuraSphere|Modest||F|||50|]Incineroar||ShucaBerry|Intimidate|FakeOut,FlareBlitz,PartingShot,ThroatChop|Adamant||M|||50|]Tyranitar||Tyranitarite|SandStream|RockSlide,DragonDance,KnockOff,Protect|Adamant||M|||50|]Gholdengo||SitrusBerry|GoodasGold|NastyPlot,MakeItRain,ShadowBall,Protect|Modest|||||50|]Scovillain||Scovillainite|Chlorophyll|RagePowder,Overheat,GigaDrain,Protect|Modest||F|||50|]Sinistcha||KasibBerry|Hospitality|TrickRoom,LifeDew,RagePowder,MatchaGotcha|Relaxed|||||50|
|showteam|p2|Glimmora||Glimmoranite|ToxicDebris|EarthPower,SludgeBomb,PowerGem,SpikyShield|Modest||M|||50|]Whimsicott||OccaBerry|Prankster|Moonblast,Encore,Tailwind,Protect|Bold||F|||50|]Weavile||FocusSash|Pickpocket|IcicleCrash,KnockOff,Taunt,FakeOut|Adamant||F|||50|]Basculegion||SitrusBerry|Adaptability|LastRespects,WaveCrash,AquaJet,Protect|Adamant||M|||50|]Kommo-o||LifeOrb|Overcoat|ClangingScales,AuraSphere,VacuumWave,Protect|Modest||M|||50|]Charizard||CharizarditeY|Blaze|Protect,WeatherBall,HeatWave,SolarBeam|Modest||F|||50|
|
|t:|1785779678
|teamsize|p1|4
|teamsize|p2|4
|start
|switch|p1a: Incineroar|Incineroar, L50, M|100/100
|switch|p1b: Gholdengo|Gholdengo, L50|100/100
|switch|p2a: Weavile|Weavile, L50, F|100/100
|switch|p2b: Charizard|Charizard, L50, F|100/100
|-ability|p1a: Incineroar|Intimidate|boost
|-unboost|p2a: Weavile|atk|1
|-unboost|p2b: Charizard|atk|1
|turn|1
|inactive|Battle timer is ON: inactive players will automatically lose when time's up. (requested by SleepD2)
|
|t:|1785779689
|switch|p1b: Tyranitar|Tyranitar, L50, M|100/100
|-weather|Sandstorm|[from] ability: Sand Stream|[of] p1b: Tyranitar
|detailschange|p2b: Charizard|Charizard-Mega-Y, L50, F
|-mega|p2b: Charizard|Charizard|Charizardite Y
|-weather|SunnyDay|[from] ability: Drought|[of] p2b: Charizard
|move|p2a: Weavile|Fake Out|p1a: Incineroar
|-damage|p1a: Incineroar|90/100
|move|p2b: Charizard|Heat Wave|p1b: Tyranitar|[spread] p1a,p1b
|-resisted|p1a: Incineroar|1
|-resisted|p1b: Tyranitar|1
|-damage|p1a: Incineroar|61/100
|-damage|p1b: Tyranitar|70/100
|cant|p1a: Incineroar|flinch
|
|-weather|SunnyDay|[upkeep]
|upkeep
|turn|2
|
|t:|1785779710
|switch|p2a: Kommo-o|Kommo-o, L50, M|100/100
|move|p2b: Charizard|Protect|p2b: Charizard
|-singleturn|p2b: Charizard|Protect
|move|p1b: Tyranitar|Protect|p1b: Tyranitar
|-singleturn|p1b: Tyranitar|Protect
|move|p1a: Incineroar|Parting Shot|p2b: Charizard
|-activate|p2b: Charizard|move: Protect
|
|-weather|SunnyDay|[upkeep]
|upkeep
|turn|3
|inactive|clavicularvgc has 30 seconds left.
|
|t:|1785779743
|detailschange|p1b: Tyranitar|Tyranitar-Mega, L50, M
|-mega|p1b: Tyranitar|Tyranitar|Tyranitarite
|-weather|Sandstorm|[from] ability: Sand Stream|[of] p1b: Tyranitar
|move|p2a: Kommo-o|Aura Sphere|p1a: Incineroar
|-supereffective|p1a: Incineroar|1
|-crit|p1a: Incineroar
|-damage|p1a: Incineroar|0 fnt
|faint|p1a: Incineroar
|-damage|p2a: Kommo-o|90/100|[from] item: Life Orb
|move|p2b: Charizard|Solar Beam||[still]
|-prepare|p2b: Charizard|Solar Beam
|move|p1b: Tyranitar|Rock Slide|p2a: Kommo-o|[spread] p2a,p2b
|-resisted|p2a: Kommo-o|1
|-supereffective|p2b: Charizard|2
|-damage|p2a: Kommo-o|71/100
|-damage|p2b: Charizard|0 fnt
|faint|p2b: Charizard
|
|-weather|Sandstorm|[upkeep]
|upkeep
|
|t:|1785779753
|switch|p2b: Weavile|Weavile, L50, F|100/100
|switch|p1a: Gholdengo|Gholdengo, L50|100/100
|turn|4
|
|t:|1785779758
|switch|p1b: Scovillain|Scovillain, L50, F|100/100
|move|p1a: Gholdengo|Protect|p1a: Gholdengo
|-singleturn|p1a: Gholdengo|Protect
|move|p2b: Weavile|Knock Off|p1a: Gholdengo
|-activate|p1a: Gholdengo|move: Protect
|move|p2a: Kommo-o|Aura Sphere|p1b: Scovillain
|-damage|p1b: Scovillain|28/100
|-damage|p2a: Kommo-o|62/100|[from] item: Life Orb
|
|-weather|Sandstorm|[upkeep]
|-damage|p2b: Weavile|93/100|[from] Sandstorm
|-damage|p1b: Scovillain|22/100|[from] Sandstorm
|upkeep
|turn|5
|
|t:|1785779779
|switch|p2b: Basculegion|Basculegion, L50, M|100/100
|move|p1b: Scovillain|Rage Powder|p1b: Scovillain
|-singleturn|p1b: Scovillain|move: Rage Powder
|move|p2a: Kommo-o|Clanging Scales|p1a: Gholdengo|[spread] p1a,p1b
|-resisted|p1a: Gholdengo|1
|-damage|p1a: Gholdengo|72/100
|-damage|p1b: Scovillain|0 fnt
|faint|p1b: Scovillain
|-unboost|p2a: Kommo-o|def|1
|-damage|p2a: Kommo-o|52/100|[from] item: Life Orb
|move|p1a: Gholdengo|Make It Rain|p2b: Basculegion|[spread] p2a,p2b
|-resisted|p2b: Basculegion|1
|-damage|p2a: Kommo-o|0 fnt
|-damage|p2b: Basculegion|71/100
|-unboost|p1a: Gholdengo|spa|2
|faint|p2a: Kommo-o
|
|-weather|Sandstorm|[upkeep]
|-damage|p2b: Basculegion|66/100|[from] Sandstorm
|upkeep
|
|t:|1785779786
|switch|p2a: Weavile|Weavile, L50, F|93/100
|switch|p1b: Tyranitar|Tyranitar-Mega, L50, M|70/100
|turn|6
|l|☆SleepD2
|inactive|SleepD2 disconnected and has a minute to reconnect!
|player|p2|
|inactive|clavicularvgc has 30 seconds left.
|
|t:|1785779812
|move|p2a: Weavile|Fake Out|p1b: Tyranitar
|-resisted|p1b: Tyranitar|1
|-damage|p1b: Tyranitar|64/100
|move|p1a: Gholdengo|Make It Rain|p2a: Weavile|[spread] p2a,p2b
|-supereffective|p2a: Weavile|1
|-resisted|p2b: Basculegion|1
|-damage|p2a: Weavile|18/100
|-damage|p2b: Basculegion|52/100
|-unboost|p1a: Gholdengo|spa|2
|move|p2b: Basculegion|Wave Crash|p1b: Tyranitar
|-supereffective|p1b: Tyranitar|1
|-damage|p1b: Tyranitar|0 fnt
|faint|p1b: Tyranitar
|-damage|p2b: Basculegion|32/100|[from] Recoil
|-enditem|p2b: Basculegion|Sitrus Berry|[eat]
|-heal|p2b: Basculegion|57/100|[from] item: Sitrus Berry
|
|-weather|Sandstorm|[upkeep]
|-damage|p2a: Weavile|12/100|[from] Sandstorm
|-damage|p2b: Basculegion|51/100|[from] Sandstorm
|upkeep
|turn|7
|j|☆SleepD2
|inactive|SleepD2 reconnected and has 55 seconds left.
|player|p2|SleepD2|102|
|
|t:|1785779822
|move|p2a: Weavile|Knock Off|p1a: Gholdengo
|-supereffective|p1a: Gholdengo|1
|-damage|p1a: Gholdengo|0 fnt
|-enditem|p1a: Gholdengo|Sitrus Berry|[from] move: Knock Off|[of] p2a: Weavile
|faint|p1a: Gholdengo
|
|win|SleepD2
|raw|clavicularvgc's rating: 1317 → 1301(-16 for losing)
|raw|SleepD2's rating: 1393 → 1409(+16 for winning)
|l|☆SleepD2
|player|p2|
|j|☆SleepD2
|player|p2|SleepD2|102|
