|j|☆rrrrayito
|j|☆gundot
|html|rrrrayitogundot    
|uhtml|bestof|Game 2 of a best-of-3
|t:|1783551844
|gametype|doubles
|player|p1|rrrrayito|170|1070
|player|p2|gundot|2|1216
|gen|9
|tier|[Gen 9 Champions] VGC 2026 Reg M-B (Bo3)
|rated|
|rule|Species Clause: Limit one of each Pokémon
|rule|Item Clause: Limit 1 of each item
|clearpoke
|poke|p1|Incineroar, L50, F, shiny|
|poke|p1|Rotom-Wash, L50, shiny|
|poke|p1|Aegislash, L50, F, shiny|
|poke|p1|Garchomp, L50, F|
|poke|p1|Floette-Eternal, L50, F, shiny|
|poke|p1|Talonflame, L50, M|
|poke|p2|Charizard, L50, F, shiny|
|poke|p2|Whimsicott, L50, F|
|poke|p2|Farigiraf, L50, F, shiny|
|poke|p2|Garchomp, L50, M|
|poke|p2|Mawile, L50, F, shiny|
|poke|p2|Basculegion, L50, M|
|teampreview|4
|showteam|p1|Incineroar||Leftovers|Intimidate|PartingShot,DarkestLariat,FlareBlitz,FakeOut|Careful||F|||50|]Rotom-Wash||SitrusBerry|Levitate|Protect,WillOWisp,Thunderbolt,HydroPump|Modest|||||50|]Aegislash||SpellTag|StanceChange|IronHead,Poltergeist,ShadowSneak,KingsShield|Adamant||F|||50|]Garchomp||WhiteHerb|RoughSkin|Earthquake,RockSlide,DragonClaw,Protect|Adamant||F|||50|]Floette-Eternal||Floettite|FlowerVeil|Moonblast,CalmMind,DazzlingGleam,Protect|Modest||F|||50|]Talonflame|||GaleWings|Acrobatics,Tailwind,FlareBlitz,Protect|Jolly||M|||50|
|showteam|p2|Charizard||CharizarditeY|SolarPower|HeatWave,WeatherBall,SolarBeam,Protect|Modest||F|||50|]Whimsicott||FocusSash|Prankster|Moonblast,Tailwind,Encore,Protect|Timid||F|||50|]Farigiraf||SitrusBerry|ArmorTail|Psychic,Thunderbolt,TrickRoom,HelpingHand|Modest||F|||50|]Garchomp||LifeOrb|RoughSkin|Earthquake,DragonClaw,RockSlide,Protect|Jolly||M|||50|]Mawile||Mawilite|HyperCutter|PlayRough,RockSlide,SuckerPunch,Protect|Adamant||F|||50|]Basculegion||MysticWater|Adaptability|WaveCrash,AquaJet,LastRespects,Protect|Adamant||M|||50|
|inactive|Battle timer is ON: inactive players will automatically lose when time's up. (requested by gundot)
|inactive|gundot has 60 seconds left.
|
|t:|1783551876
|teamsize|p1|4
|teamsize|p2|4
|start
|switch|p1a: Talonflame|Talonflame, L50, M|100/100
|switch|p1b: Rotom|Rotom-Wash, L50, shiny|100/100
|switch|p2a: Farigiraf|Farigiraf, L50, F, shiny|100/100
|switch|p2b: Basculegion|Basculegion, L50, M|100/100
|turn|1
|inactive|rrrrayito has 30 seconds left.
|
|t:|1783551906
|move|p1a: Talonflame|Protect|p1a: Talonflame
|-singleturn|p1a: Talonflame|Protect
|move|p2b: Basculegion|Protect|p2b: Basculegion
|-singleturn|p2b: Basculegion|Protect
|move|p1b: Rotom|Will-O-Wisp|p2b: Basculegion
|-activate|p2b: Basculegion|move: Protect
|move|p2a: Farigiraf|Trick Room|p2a: Farigiraf
|-fieldstart|move: Trick Room|[of] p2a: Farigiraf
|
|upkeep
|turn|2
|
|t:|1783551919
|switch|p1a: Garchomp|Garchomp, L50, F|100/100
|move|p2a: Farigiraf|Helping Hand|p2b: Basculegion
|-singleturn|p2b: Basculegion|Helping Hand|[of] p2a: Farigiraf
|move|p2b: Basculegion|Wave Crash|p1b: Rotom
|-resisted|p1b: Rotom|1
|-damage|p1b: Rotom|30/100
|-enditem|p1b: Rotom|Sitrus Berry|[eat]
|-heal|p1b: Rotom|55/100|[from] item: Sitrus Berry
|-damage|p2b: Basculegion|82/100|[from] Recoil
|move|p1b: Rotom|Will-O-Wisp|p2b: Basculegion|[miss]
|-miss|p1b: Rotom|p2b: Basculegion
|
|upkeep
|turn|3
|
|t:|1783551938
|move|p2a: Farigiraf|Psychic|p1b: Rotom
|-damage|p1b: Rotom|7/100
|move|p2b: Basculegion|Wave Crash|p1b: Rotom
|-resisted|p1b: Rotom|1
|-crit|p1b: Rotom
|-damage|p1b: Rotom|0 fnt
|faint|p1b: Rotom
|-damage|p2b: Basculegion|80/100|[from] Recoil
|move|p1a: Garchomp|Rock Slide|p2b: Basculegion|[spread] p2a,p2b
|-damage|p2a: Farigiraf|81/100
|-damage|p2b: Basculegion|57/100
|
|upkeep
|
|t:|1783551953
|switch|p1b: Floette|Floette-Eternal, L50, F, shiny|100/100
|turn|4
|
|t:|1783551973
|detailschange|p1b: Floette|Floette-Mega, L50, F, shiny
|-mega|p1b: Floette|Floette|Floettite
|-ability|p1b: Floette|Fairy Aura
|move|p2a: Farigiraf|Helping Hand|p2b: Basculegion
|-singleturn|p2b: Basculegion|Helping Hand|[of] p2a: Farigiraf
|move|p2b: Basculegion|Wave Crash|p1a: Garchomp
|-damage|p1a: Garchomp|0 fnt
|-damage|p2b: Basculegion|45/100|[from] ability: Rough Skin|[of] p1a: Garchomp
|faint|p1a: Garchomp
|-damage|p2b: Basculegion|15/100|[from] Recoil
|move|p1b: Floette|Dazzling Gleam|p2b: Basculegion|[spread] p2a,p2b
|-damage|p2a: Farigiraf|32/100
|-damage|p2b: Basculegion|0 fnt
|-enditem|p2a: Farigiraf|Sitrus Berry|[eat]
|-heal|p2a: Farigiraf|57/100|[from] item: Sitrus Berry
|faint|p2b: Basculegion
|
|upkeep
|
|t:|1783551992
|switch|p2b: Mawile|Mawile, L50, F, shiny|100/100
|switch|p1a: Talonflame|Talonflame, L50, M|100/100
|turn|5
|
|t:|1783552004
|detailschange|p2b: Mawile|Mawile-Mega, L50, F, shiny
|-mega|p2b: Mawile|Mawile|Mawilite
|move|p1b: Floette|Protect|p1b: Floette
|-singleturn|p1b: Floette|Protect
|move|p1a: Talonflame|Protect|p1a: Talonflame
|-singleturn|p1a: Talonflame|Protect
|move|p2b: Mawile|Rock Slide|p1b: Floette|[spread] 
|-activate|p1a: Talonflame|move: Protect
|-activate|p1b: Floette|move: Protect
|move|p2a: Farigiraf|Thunderbolt|p1a: Talonflame
|-activate|p1a: Talonflame|move: Protect
|
|-fieldend|move: Trick Room
|upkeep
|turn|6
|
|t:|1783552025
|move|p1a: Talonflame|Flare Blitz|p2b: Mawile
|-supereffective|p2b: Mawile|1
|-damage|p2b: Mawile|12/100
|-damage|p1a: Talonflame|70/100|[from] Recoil
|move|p1b: Floette|Dazzling Gleam|p2a: Farigiraf|[spread] p2a,p2b
|-resisted|p2b: Mawile|1
|-damage|p2a: Farigiraf|8/100
|-damage|p2b: Mawile|0 fnt
|faint|p2b: Mawile
|move|p2a: Farigiraf|Trick Room|p2a: Farigiraf
|-fieldstart|move: Trick Room|[of] p2a: Farigiraf
|
|upkeep
|
|t:|1783552033
|switch|p2b: Garchomp|Garchomp, L50, M|100/100
|turn|7
|
|t:|1783552046
|move|p2a: Farigiraf|Helping Hand|p2b: Garchomp
|-singleturn|p2b: Garchomp|Helping Hand|[of] p2a: Farigiraf
|move|p1b: Floette|Dazzling Gleam|p2b: Garchomp|[spread] p2a,p2b
|-supereffective|p2b: Garchomp|1
|-damage|p2a: Farigiraf|0 fnt
|-damage|p2b: Garchomp|1/100
|faint|p2a: Farigiraf
|move|p2b: Garchomp|Rock Slide|p1b: Floette|[spread] p1a
|-miss|p2b: Garchomp|p1b: Floette
|-supereffective|p1a: Talonflame|2
|-damage|p1a: Talonflame|0 fnt
|faint|p1a: Talonflame
|-damage|p2b: Garchomp|0 fnt|[from] item: Life Orb
|faint|p2b: Garchomp
|
|win|rrrrayito
|raw|rrrrayito's rating: 1070 → 1111(+41 for winning)
|raw|gundot's rating: 1216 → 1181(-35 for losing)
