|j|☆chefbenboyrd
|j|☆Polite Peony
|html|chefbenboyrdPolite Peony    
|uhtml|bestof|Game 2 of a best-of-3
|t:|1757024846
|gametype|doubles
|player|p1|chefbenboyrd|brawly|1082
|player|p2|Polite Peony|lady|1098
|gen|9
|tier|[Gen 9] VGC 2025 Reg H (Bo3)
|rated|
|rule|Species Clause: Limit one of each Pokémon
|rule|Item Clause: Limit 1 of each item
|clearpoke
|poke|p1|Whimsicott, L50, F|
|poke|p1|Hydreigon, L50, F|
|poke|p1|Incineroar, L50, F|
|poke|p1|Gholdengo, L50|
|poke|p1|Annihilape, L50, M|
|poke|p1|Basculegion, L50, M|
|poke|p2|Gholdengo, L50|
|poke|p2|Whimsicott, L50, F|
|poke|p2|Indeedee, L50, M|
|poke|p2|Archaludon, L50, M|
|poke|p2|Ursaluna-Bloodmoon, L50, M|
|poke|p2|Sneasler, L50, F|
|teampreview|4
|showteam|p1|Whimsicott||FocusSash|Prankster|SunnyDay,Encore,Tailwind,Moonblast|||F|||50|,,,,,Ghost]Hydreigon||ChoiceSpecs|Levitate|HeatWave,DracoMeteor,Snarl,DarkPulse|||F|||50|,,,,,Fire]Incineroar||SafetyGoggles|Intimidate|KnockOff,FakeOut,PartingShot,FlareBlitz|||F|||50|,,,,,Ghost]Gholdengo||LifeOrb|GoodasGold|Protect,MakeItRain,ShadowBall,NastyPlot||||||50|,,,,,Water]Annihilape||SitrusBerry|Defiant|Protect,Taunt,RageFist,DrainPunch|||M|||50|,,,,,Fire]Basculegion||ChoiceScarf|Adaptability|LastRespects,WaveCrash,AquaJet,FlipTurn|||M|||50|,,,,,Water
|showteam|p2|Gholdengo||ChoiceSpecs|GoodasGold|MakeItRain,DazzlingGleam,ShadowBall,Trick||||||50|,,,,,Fairy]Whimsicott||CovertCloak|Prankster|Moonblast,FakeTears,Tailwind,Taunt|||F|||50|,,,,,Water]Indeedee||FocusSash|PsychicSurge|ExpandingForce,Imprison,TeraBlast,TrickRoom|||M|||50|,,,,,Psychic]Archaludon||PowerHerb|Stalwart|Protect,DragonPulse,ElectroShot,Thunderbolt|||M|||50|,,,,,Electric]Ursaluna-Bloodmoon||LifeOrb|MindsEye|Protect,BloodMoon,EarthPower,HyperBeam|||M|||50|,,,,,Normal]Sneasler||PsychicSeed|Unburden|Protect,CloseCombat,DireClaw,ThroatChop|||F|||50|,,,,,Dark
|
|t:|1757024872
|teamsize|p1|4
|teamsize|p2|4
|start
|switch|p1a: Hydreigon|Hydreigon, L50, F|100/100
|switch|p1b: Gholdengo|Gholdengo, L50|100/100
|switch|p2a: Ursaluna|Ursaluna-Bloodmoon, L50, M|100/100
|switch|p2b: Whimsicott|Whimsicott, L50, F|100/100
|turn|1
|
|t:|1757024915
|move|p1b: Gholdengo|Protect|p1b: Gholdengo
|-singleturn|p1b: Gholdengo|Protect
|move|p2b: Whimsicott|Tailwind|p2b: Whimsicott
|-sidestart|p2: Polite Peony|move: Tailwind
|move|p2a: Ursaluna|Blood Moon|p1a: Hydreigon
|-damage|p1a: Hydreigon|0 fnt
|faint|p1a: Hydreigon
|-damage|p2a: Ursaluna|91/100|[from] item: Life Orb
|
|upkeep
|
|t:|1757024927
|switch|p1a: Basculegion|Basculegion, L50, M|100/100
|turn|2
|
|t:|1757024991
|-terastallize|p1a: Basculegion|Water
|-terastallize|p2a: Ursaluna|Normal
|move|p1a: Basculegion|Aqua Jet|p2a: Ursaluna
|-damage|p2a: Ursaluna|66/100
|move|p2b: Whimsicott|Moonblast|p1b: Gholdengo
|-resisted|p1b: Gholdengo
|-damage|p1b: Gholdengo|87/100
|move|p2a: Ursaluna|Hyper Beam|p1a: Basculegion
|-damage|p1a: Basculegion|0 fnt
|-mustrecharge|p2a: Ursaluna
|faint|p1a: Basculegion
|-damage|p2a: Ursaluna|57/100|[from] item: Life Orb
|move|p1b: Gholdengo|Nasty Plot|p1b: Gholdengo
|-boost|p1b: Gholdengo|spa|2
|
|upkeep
|
|t:|1757025006
|switch|p1a: Incineroar|Incineroar, L50, F|100/100
|-ability|p1a: Incineroar|Intimidate|boost
|-unboost|p2a: Ursaluna|atk|1
|-unboost|p2b: Whimsicott|atk|1
|turn|3
|
|t:|1757025020
|move|p2b: Whimsicott|Moonblast|p1b: Gholdengo
|-resisted|p1b: Gholdengo
|-damage|p1b: Gholdengo|73/100
|-unboost|p1b: Gholdengo|spa|1
|cant|p2a: Ursaluna|recharge
|move|p1b: Gholdengo|Make It Rain|p2a: Ursaluna|[spread] p2a,p2b
|-supereffective|p2b: Whimsicott
|-crit|p2b: Whimsicott
|-damage|p2a: Ursaluna|0 fnt
|-damage|p2b: Whimsicott|0 fnt
|-unboost|p1b: Gholdengo|spa|1
|faint|p2a: Ursaluna
|faint|p2b: Whimsicott
|-damage|p1b: Gholdengo|64/100|[from] item: Life Orb
|move|p1a: Incineroar|Knock Off|p2: Ursaluna|[notarget]
|-fail|p1a: Incineroar
|
|upkeep
|
|t:|1757025029
|switch|p2b: Sneasler|Sneasler, L50, F|100/100
|switch|p2a: Archaludon|Archaludon, L50, M, shiny|100/100
|turn|4
|
|t:|1757025059
|move|p1b: Gholdengo|Protect|p1b: Gholdengo
|-singleturn|p1b: Gholdengo|Protect
|move|p2b: Sneasler|Dire Claw|p1a: Incineroar
|-damage|p1a: Incineroar|60/100
|-status|p1a: Incineroar|psn
|move|p2a: Archaludon|Electro Shot||[still]
|-prepare|p2a: Archaludon|Electro Shot
|-boost|p2a: Archaludon|spa|1
|-enditem|p2a: Archaludon|Power Herb
|-anim|p2a: Archaludon|Electro Shot|p1a: Incineroar
|-damage|p1a: Incineroar|0 fnt
|faint|p1a: Incineroar
|
|-sideend|p2: Polite Peony|move: Tailwind
|upkeep
|turn|5
|
|t:|1757025072
|move|p2b: Sneasler|Throat Chop|p1b: Gholdengo
|-supereffective|p1b: Gholdengo
|-damage|p1b: Gholdengo|2/100
|-start|p1b: Gholdengo|Throat Chop|[silent]
|move|p2a: Archaludon|Thunderbolt|p1b: Gholdengo
|-damage|p1b: Gholdengo|0 fnt
|faint|p1b: Gholdengo
|
|win|Polite Peony
||Polite Peony is ready for game 3.
