|j|☆Advertisementish
|j|☆Traindelpivgc
|html|AdvertisementishTraindelpivgc    
|uhtml|bestof|Game 3 of a best-of-3
|t:|1756213830
|gametype|doubles
|player|p1|Advertisementish|n|1166
|player|p2|Traindelpivgc|hilbert-wonderlauncher|1118
|gen|9
|tier|[Gen 9] VGC 2025 Reg H (Bo3)
|rated|
|rule|Species Clause: Limit one of each Pokémon
|rule|Item Clause: Limit 1 of each item
|clearpoke
|poke|p1|Dragonite, L50, F|
|poke|p1|Tatsugiri-Droopy, L50, M|
|poke|p1|Dondozo, L50, M|
|poke|p1|Glimmora, L50, M|
|poke|p1|Gholdengo, L50|
|poke|p1|Talonflame, L50, M|
|poke|p2|Incineroar, L50, M|
|poke|p2|Amoonguss, L50, F|
|poke|p2|Ursaluna-Bloodmoon, L50, M|
|poke|p2|Sneasler, L50, M|
|poke|p2|Gholdengo, L50|
|poke|p2|Dragonite, L50, F|
|teampreview|4
|showteam|p1|Dragonite||ChoiceBand|InnerFocus|IceSpinner,ExtremeSpeed,Earthquake,Outrage|||F|||50|,,,,,Normal]Tatsugiri-Droopy||FocusSash|Commander|MuddyWater,Protect,DracoMeteor,IcyWind|||M|||50|,,,,,Steel]Dondozo||Leftovers|Unaware|Crunch,OrderUp,Protect,BodyPress|||M|||50|,,,,,Grass]Glimmora||AssaultVest|ToxicDebris|EarthPower,PowerGem,MortalSpin,EnergyBall|||M|||50|,,,,,Grass]Gholdengo||ChoiceSpecs|GoodasGold|MakeItRain,ShadowBall,Thunderbolt,PowerGem||||||50|,,,,,Steel]Talonflame||CovertCloak|GaleWings|DualWingbeat,WillOWisp,Taunt,Tailwind|||M|||50|,,,,,Flying
|showteam|p2|Incineroar||SafetyGoggles|Intimidate|FlareBlitz,KnockOff,PartingShot,FakeOut|||M|||50|,,,,,Ghost]Amoonguss||SitrusBerry|Regenerator|Spore,RagePowder,PollenPuff,Protect|||F|||50|,,,,,Psychic]Ursaluna-Bloodmoon||AssaultVest|MindsEye|HyperVoice,BloodMoon,EarthPower,VacuumWave|||M|||50|,,,,,Water]Sneasler||FocusSash|Unburden|CloseCombat,DireClaw,ThroatChop,Protect|||M|||50|,,,,,Stellar]Gholdengo||LifeOrb|GoodasGold|MakeItRain,ShadowBall,NastyPlot,Protect||||||50|,,,,,Water]Dragonite||LoadedDice|Multiscale|ScaleShot,Tailwind,Haze,Protect|||F|||50|,,,,,Fairy
|inactive|Battle timer is ON: inactive players will automatically lose when time's up. (requested by Advertisementish)
|inactive|Traindelpivgc has 60 seconds left.
|
|t:|1756213860
|teamsize|p1|4
|teamsize|p2|4
|start
|switch|p1a: Dragonite|Dragonite, L50, F|100/100
|switch|p1b: Glimmora|Glimmora, L50, M|100/100
|switch|p2a: Amoonguss|Amoonguss, L50, F|100/100
|switch|p2b: Gholdengo|Gholdengo, L50|100/100
|turn|1
|j| CornAria
|
|t:|1756213879
|-terastallize|p1b: Glimmora|Grass
|-terastallize|p2a: Amoonguss|Psychic
|move|p2b: Gholdengo|Protect|p2b: Gholdengo
|-singleturn|p2b: Gholdengo|Protect
|move|p1b: Glimmora|Earth Power|p2b: Gholdengo
|-activate|p2b: Gholdengo|move: Protect
|move|p1a: Dragonite|Ice Spinner|p2a: Amoonguss
|-damage|p2a: Amoonguss|61/100
|move|p2a: Amoonguss|Spore|p1a: Dragonite
|-status|p1a: Dragonite|slp|[from] move: Spore
|
|upkeep
|turn|2
|inactive|Traindelpivgc has 30 seconds left.
|
|t:|1756213911
|switch|p2a: Incineroar|Incineroar, L50, M|100/100
|-ability|p2a: Incineroar|Intimidate|boost
|-fail|p1a: Dragonite|unboost|Attack|[from] ability: Inner Focus|[of] p1a: Dragonite
|-unboost|p1b: Glimmora|atk|1
|move|p2b: Gholdengo|Nasty Plot|p2b: Gholdengo
|-boost|p2b: Gholdengo|spa|2
|move|p1b: Glimmora|Earth Power|p2b: Gholdengo
|-supereffective|p2b: Gholdengo
|-damage|p2b: Gholdengo|41/100
|cant|p1a: Dragonite|slp
|
|upkeep
|turn|3
|inactive|Traindelpivgc has 30 seconds left.
|
|t:|1756213936
|move|p2a: Incineroar|Fake Out|p1b: Glimmora
|-damage|p1b: Glimmora|91/100
|-activate|p1b: Glimmora|ability: Toxic Debris
|-sidestart|p2: Traindelpivgc|move: Toxic Spikes
|move|p2b: Gholdengo|Shadow Ball|p1a: Dragonite
|-damage|p1a: Dragonite|2/100 slp
|-unboost|p1a: Dragonite|spd|1
|-damage|p2b: Gholdengo|31/100|[from] item: Life Orb
|cant|p1b: Glimmora|flinch
|cant|p1a: Dragonite|slp
|
|upkeep
|turn|4
|inactive|Advertisementish has 30 seconds left.
|
|t:|1756213965
|move|p2b: Gholdengo|Make It Rain|p1b: Glimmora|[spread] p1a,p1b
|-damage|p1a: Dragonite|0 fnt
|-damage|p1b: Glimmora|15/100
|-unboost|p2b: Gholdengo|spa|1
|faint|p1a: Dragonite
|-damage|p2b: Gholdengo|21/100|[from] item: Life Orb
|move|p1b: Glimmora|Earth Power|p2b: Gholdengo
|-supereffective|p2b: Gholdengo
|-damage|p2b: Gholdengo|0 fnt
|faint|p2b: Gholdengo
|move|p2a: Incineroar|Knock Off|p1b: Glimmora
|-crit|p1b: Glimmora
|-damage|p1b: Glimmora|0 fnt
|-activate|p1b: Glimmora|ability: Toxic Debris
|-sidestart|p2: Traindelpivgc|move: Toxic Spikes
|-enditem|p1b: Glimmora|Assault Vest|[from] move: Knock Off|[of] p2a: Incineroar
|faint|p1b: Glimmora
|
|upkeep
|
|t:|1756213988
|switch|p2b: Amoonguss|Amoonguss, L50, F, tera:Psychic|94/100
|switch|p1b: Tatsugiri|Tatsugiri-Droopy, L50, M, shiny|100/100
|switch|p1a: Dondozo|Dondozo, L50, M|100/100
|-status|p2b: Amoonguss|tox
|-activate|p1b: Tatsugiri|ability: Commander|[of] p1a: Dondozo
|-boost|p1a: Dondozo|atk|2
|-boost|p1a: Dondozo|spa|2
|-boost|p1a: Dondozo|spe|2
|-boost|p1a: Dondozo|def|2
|-boost|p1a: Dondozo|spd|2
|turn|5
|
|t:|1756214011
|switch|p2a: Sneasler|Sneasler, L50, M|100/100
|-sideend|p2: Traindelpivgc|move: Toxic Spikes|[of] p2a: Sneasler
|move|p1a: Dondozo|Order Up|p2b: Amoonguss
|-damage|p2b: Amoonguss|59/100 tox
|-boost|p1a: Dondozo|def|1
|move|p2b: Amoonguss|Spore|p1a: Dondozo
|-status|p1a: Dondozo|slp|[from] move: Spore
|
|-damage|p2b: Amoonguss|53/100 tox|[from] psn
|upkeep
|turn|6
|l| CornAria
|inactive|Advertisementish has 30 seconds left.
|inactive|Advertisementish has 20 seconds left.
|
|t:|1756214046
|switch|p2b: Incineroar|Incineroar, L50, M|100/100
|-ability|p2b: Incineroar|Intimidate|boost
|-unboost|p1a: Dondozo|atk|1
|-unboost|p1b: Tatsugiri|atk|1
|move|p2a: Sneasler|Close Combat|p1a: Dondozo
|-damage|p1a: Dondozo|87/100 slp
|-unboost|p2a: Sneasler|def|1
|-unboost|p2a: Sneasler|spd|1
|cant|p1a: Dondozo|slp
|
|-heal|p1a: Dondozo|93/100 slp|[from] item: Leftovers
|upkeep
|turn|7
|inactive|Traindelpivgc has 30 seconds left.
|
|t:|1756214074
|move|p2a: Sneasler|Close Combat|p1a: Dondozo
|-damage|p1a: Dondozo|80/100 slp
|-unboost|p2a: Sneasler|def|1
|-unboost|p2a: Sneasler|spd|1
|cant|p1a: Dondozo|slp
|move|p2b: Incineroar|Knock Off|p1a: Dondozo
|-damage|p1a: Dondozo|70/100 slp
|-enditem|p1a: Dondozo|Leftovers|[from] move: Knock Off|[of] p2b: Incineroar
|
|upkeep
|turn|8
|inactive|Advertisementish has 30 seconds left.
|
|t:|1756214107
|move|p2a: Sneasler|Close Combat|p1a: Dondozo
|-damage|p1a: Dondozo|57/100 slp
|-unboost|p2a: Sneasler|def|1
|-unboost|p2a: Sneasler|spd|1
|-curestatus|p1a: Dondozo|slp|[msg]
|move|p1a: Dondozo|Order Up|p2a: Sneasler
|-damage|p2a: Sneasler|52/100
|-boost|p1a: Dondozo|def|1
|move|p2b: Incineroar|Parting Shot|p1a: Dondozo
|-unboost|p1a: Dondozo|atk|1
|-unboost|p1a: Dondozo|spa|1
|
|t:|1756214119
|switch|p2b: Amoonguss|Amoonguss, L50, F, tera:Psychic|86/100 tox|[from] Parting Shot
|
|-damage|p2b: Amoonguss|80/100 tox|[from] psn
|upkeep
|turn|9
|
|t:|1756214130
|move|p1a: Dondozo|Protect|p1a: Dondozo
|-singleturn|p1a: Dondozo|Protect
|move|p2b: Amoonguss|Rage Powder|p2b: Amoonguss
|-singleturn|p2b: Amoonguss|move: Rage Powder
|move|p2a: Sneasler|Dire Claw|p1a: Dondozo
|-activate|p1a: Dondozo|move: Protect
|
|-damage|p2b: Amoonguss|68/100 tox|[from] psn
|upkeep
|turn|10
|
|t:|1756214143
|move|p2b: Amoonguss|Rage Powder|p2b: Amoonguss
|-singleturn|p2b: Amoonguss|move: Rage Powder
|move|p2a: Sneasler|Dire Claw|p1a: Dondozo
|-damage|p1a: Dondozo|48/100
|-status|p1a: Dondozo|par
|move|p1a: Dondozo|Order Up|p2b: Amoonguss
|-damage|p2b: Amoonguss|51/100 tox
|-boost|p1a: Dondozo|def|1
|
|-damage|p2b: Amoonguss|33/100 tox|[from] psn
|upkeep
|-enditem|p2b: Amoonguss|Sitrus Berry|[eat]
|-heal|p2b: Amoonguss|58/100 tox|[from] item: Sitrus Berry
|turn|11
|
|t:|1756214166
|move|p1a: Dondozo|Protect|p1a: Dondozo
|-singleturn|p1a: Dondozo|Protect
|move|p2b: Amoonguss|Rage Powder|p2b: Amoonguss
|-singleturn|p2b: Amoonguss|move: Rage Powder
|move|p2a: Sneasler|Close Combat|p1a: Dondozo
|-activate|p1a: Dondozo|move: Protect
|
|-damage|p2b: Amoonguss|35/100 tox|[from] psn
|upkeep
|turn|12
|
|t:|1756214183
|move|p2a: Sneasler|Close Combat|p1a: Dondozo
|-damage|p1a: Dondozo|37/100 par
|-unboost|p2a: Sneasler|def|1
|-unboost|p2a: Sneasler|spd|1
|move|p1a: Dondozo|Crunch|p2b: Amoonguss
|-supereffective|p2b: Amoonguss
|-damage|p2b: Amoonguss|4/100 tox
|move|p2b: Amoonguss|Pollen Puff|p2a: Sneasler
|-heal|p2a: Sneasler|100/100
|
|-damage|p2b: Amoonguss|0 fnt|[from] psn
|faint|p2b: Amoonguss
|upkeep
|
|t:|1756214195
|switch|p2b: Incineroar|Incineroar, L50, M|100/100
|-ability|p2b: Incineroar|Intimidate|boost
|-unboost|p1a: Dondozo|atk|1
|-unboost|p1b: Tatsugiri|atk|1
|turn|13
|
|t:|1756214206
|cant|p1a: Dondozo|par
|move|p2b: Incineroar|Fake Out|p1a: Dondozo
|-damage|p1a: Dondozo|35/100 par
|move|p2a: Sneasler|Close Combat|p1a: Dondozo
|-damage|p1a: Dondozo|24/100 par
|-unboost|p2a: Sneasler|def|1
|-unboost|p2a: Sneasler|spd|1
|
|upkeep
|turn|14
|
|t:|1756214222
|move|p2a: Sneasler|Close Combat|p1a: Dondozo
|-damage|p1a: Dondozo|15/100 par
|-unboost|p2a: Sneasler|def|1
|-unboost|p2a: Sneasler|spd|1
|move|p2b: Incineroar|Flare Blitz|p1a: Dondozo
|-resisted|p1a: Dondozo
|-damage|p1a: Dondozo|11/100 par
|-damage|p2b: Incineroar|99/100|[from] Recoil
|move|p1a: Dondozo|Body Press|p2b: Incineroar
|-supereffective|p2b: Incineroar
|-damage|p2b: Incineroar|0 fnt
|faint|p2b: Incineroar
|
|upkeep
|turn|15
|
|t:|1756214236
|move|p2a: Sneasler|Close Combat|p1a: Dondozo
|-crit|p1a: Dondozo
|-damage|p1a: Dondozo|0 fnt
|faint|p1a: Dondozo
|
|upkeep
|turn|16
|
|t:|1756214244
|move|p2a: Sneasler|Dire Claw|p1b: Tatsugiri
|-damage|p1b: Tatsugiri|24/100
|move|p1b: Tatsugiri|Muddy Water|p2a: Sneasler
|-enditem|p2a: Sneasler|Focus Sash
|-damage|p2a: Sneasler|1/100
|
|upkeep
|turn|17
|
|t:|1756214252
|move|p2a: Sneasler|Dire Claw|p1b: Tatsugiri
|-damage|p1b: Tatsugiri|0 fnt
|faint|p1b: Tatsugiri
|
|win|Traindelpivgc
|raw|Advertisementish's rating: 1166 → 1138(-28 for losing)
|raw|Traindelpivgc's rating: 1118 → 1146(+28 for winning)
|c|☆Traindelpivgc|let's goo
|c|☆Traindelpivgc|gg
|l|☆Advertisementish
|player|p1|
