|j|☆Squiggs842
|j|☆Schlorp_Corp
|html|Squiggs842Schlorp_Corp    
|uhtml|bestof|Game 2 of a best-of-3
|t:|1782231665
|gametype|doubles
|player|p1|Squiggs842|266|1036
|player|p2|Schlorp_Corp|266|1118
|gen|9
|tier|[Gen 9 Champions] VGC 2026 Reg M-B (Bo3)
|rated|
|rule|Species Clause: Limit one of each Pokémon
|rule|Item Clause: Limit 1 of each item
|clearpoke
|poke|p1|Blaziken, L50, M, shiny|
|poke|p1|Kingambit, L50, M, shiny|
|poke|p1|Basculegion, L50, M, shiny|
|poke|p1|Ninetales-Alola, L50, M, shiny|
|poke|p1|Gengar, L50, F, shiny|
|poke|p1|Incineroar, L50, F, shiny|
|poke|p2|Sceptile, L50, F|
|poke|p2|Heliolisk, L50, M|
|poke|p2|Charizard, L50, M|
|poke|p2|Kingambit, L50, F|
|poke|p2|Araquanid, L50, M|
|poke|p2|Farigiraf, L50, M|
|teampreview|4
|showteam|p1|Blaziken||Blazikenite|SpeedBoost|CloseCombat,RockSlide,FlareBlitz,Detect|Adamant||M|||50|]Kingambit||LifeOrb|Defiant|KowtowCleave,SuckerPunch,Protect,IronHead|Adamant||M|||50|]Basculegion||FocusSash|Adaptability|Liquidation,LastRespects,AquaJet,Protect|Adamant||M|||50|]Ninetales-Alola||NeverMeltIce|SnowWarning|Blizzard,FreezeDry,Encore,Protect|Timid||M|||50|]Gengar||Gengarite|CursedBody|ShadowBall,Disable,PerishSong,Protect|Modest||F|||50|]Incineroar||PasshoBerry|Intimidate|FakeOut,PartingShot,FlareBlitz,Protect|Relaxed||F|||50|
|showteam|p2|Sceptile||Sceptilite|Overgrow|EnergyBall,Protect,EarthPower,DragonPulse|Timid||F|||50|]Heliolisk||ChoiceScarf|SolarPower|Discharge,Thunderbolt,HyperVoice,Electroweb|Timid||M|||50|]Charizard||CharizarditeY|Blaze|HeatWave,WeatherBall,Protect,SolarBeam|Timid||M|||50|]Kingambit||ChopleBerry|Defiant|KowtowCleave,IronHead,SuckerPunch,LowKick|Adamant||F|||50|]Araquanid||MysticWater|WaterBubble|Liquidation,WideGuard,Protect,BugBite|Adamant||M|||50|]Farigiraf||SitrusBerry|ArmorTail|TwinBeam,Protect,TrickRoom,FoulPlay|Bold||M|||50|
|inactive|Battle timer is ON: inactive players will automatically lose when time's up. (requested by Squiggs842)
|inactive|Squiggs842 has 60 seconds left.
|
|t:|1782231718
|teamsize|p1|4
|teamsize|p2|4
|start
|switch|p1a: Gengar|Gengar, L50, F, shiny|100/100
|switch|p1b: Incineroar|Incineroar, L50, F, shiny|100/100
|switch|p2a: Heliolisk|Heliolisk, L50, M|100/100
|switch|p2b: Charizard|Charizard, L50, M|100/100
|-ability|p1b: Incineroar|Intimidate|boost
|-unboost|p2a: Heliolisk|atk|1
|-unboost|p2b: Charizard|atk|1
|turn|1
|
|t:|1782231738
|detailschange|p2b: Charizard|Charizard-Mega-Y, L50, M
|-mega|p2b: Charizard|Charizard|Charizardite Y
|-weather|SunnyDay|[from] ability: Drought|[of] p2b: Charizard
|detailschange|p1a: Gengar|Gengar-Mega, L50, F, shiny
|-mega|p1a: Gengar|Gengar|Gengarite
|move|p1b: Incineroar|Fake Out|p2b: Charizard
|-damage|p2b: Charizard|85/100
|move|p2a: Heliolisk|Electroweb|p1b: Incineroar|[spread] p1a,p1b
|-damage|p1a: Gengar|72/100
|-damage|p1b: Incineroar|72/100
|-unboost|p1a: Gengar|spe|1
|-unboost|p1b: Incineroar|spe|1
|cant|p2b: Charizard|flinch
|move|p1a: Gengar|Perish Song|p1a: Gengar
|-start|p1a: Gengar|perish3|[silent]
|-start|p1b: Incineroar|perish3|[silent]
|-start|p2a: Heliolisk|perish3|[silent]
|-start|p2b: Charizard|perish3|[silent]
|-fieldactivate|move: Perish Song
|
|-weather|SunnyDay|[upkeep]
|-damage|p2a: Heliolisk|87/100|[from] ability: Solar Power|[of] p2a: Heliolisk
|-start|p2a: Heliolisk|perish3
|-start|p2b: Charizard|perish3
|-start|p1a: Gengar|perish3
|-start|p1b: Incineroar|perish3
|upkeep
|turn|2
|inactive|Schlorp_Corp has 30 seconds left.
|
|t:|1782231768
|move|p1a: Gengar|Protect|p1a: Gengar
|-singleturn|p1a: Gengar|Protect
|move|p1b: Incineroar|Protect|p1b: Incineroar
|-singleturn|p1b: Incineroar|Protect
|move|p2a: Heliolisk|Electroweb|p1a: Gengar|[spread] 
|-activate|p1a: Gengar|move: Protect
|-activate|p1b: Incineroar|move: Protect
|move|p2b: Charizard|Heat Wave|p1a: Gengar|[spread] 
|-activate|p1a: Gengar|move: Protect
|-activate|p1b: Incineroar|move: Protect
|
|-weather|SunnyDay|[upkeep]
|-damage|p2a: Heliolisk|75/100|[from] ability: Solar Power|[of] p2a: Heliolisk
|-start|p2a: Heliolisk|perish2
|-start|p2b: Charizard|perish2
|-start|p1a: Gengar|perish2
|-start|p1b: Incineroar|perish2
|upkeep
|turn|3
|
|t:|1782231776
|switch|p1a: Ninetales|Ninetales-Alola, L50, M, shiny|100/100
|-weather|Snowscape|[from] ability: Snow Warning|[of] p1a: Ninetales
|move|p2a: Heliolisk|Electroweb|p1b: Incineroar|[spread] p1a,p1b
|-damage|p1a: Ninetales|80/100
|-damage|p1b: Incineroar|55/100
|-unboost|p1a: Ninetales|spe|1
|-unboost|p1b: Incineroar|spe|1
|move|p2b: Charizard|Heat Wave|p1b: Incineroar|[spread] p1a
|-miss|p2b: Charizard|p1b: Incineroar
|-supereffective|p1a: Ninetales|1
|-damage|p1a: Ninetales|0 fnt
|faint|p1a: Ninetales
|move|p1b: Incineroar|Parting Shot|p2b: Charizard
|-unboost|p2b: Charizard|atk|1
|-unboost|p2b: Charizard|spa|1
|
|t:|1782231782
|switch|p1b: Gengar|Gengar-Mega, L50, F, shiny|72/100|[from] Parting Shot
|
|-weather|Snowscape|[upkeep]
|-start|p2a: Heliolisk|perish1
|-start|p2b: Charizard|perish1
|upkeep
|
|t:|1782231787
|switch|p1a: Basculegion|Basculegion, L50, M, shiny|100/100
|turn|4
|
|t:|1782231805
|switch|p1a: Incineroar|Incineroar, L50, F, shiny|55/100
|-ability|p1a: Incineroar|Intimidate|boost
|-unboost|p2a: Heliolisk|atk|1
|-unboost|p2b: Charizard|atk|1
|move|p1b: Gengar|Protect|p1b: Gengar
|-singleturn|p1b: Gengar|Protect
|move|p2a: Heliolisk|Electroweb|p1b: Gengar|[spread] p1a
|-activate|p1b: Gengar|move: Protect
|-damage|p1a: Incineroar|37/100
|-unboost|p1a: Incineroar|spe|1
|move|p2b: Charizard|Heat Wave|p1b: Gengar|[spread] p1a
|-activate|p1b: Gengar|move: Protect
|-resisted|p1a: Incineroar|1
|-damage|p1a: Incineroar|25/100
|
|-weather|Snowscape|[upkeep]
|-start|p2a: Heliolisk|perish0
|-start|p2b: Charizard|perish0
|faint|p2a: Heliolisk
|faint|p2b: Charizard
|upkeep
|
|t:|1782231821
|switch|p2a: Araquanid|Araquanid, L50, M|100/100
|switch|p2b: Kingambit|Kingambit, L50, F|100/100
|turn|5
|inactive|Schlorp_Corp has 30 seconds left.
|inactive|Schlorp_Corp has 20 seconds left.
|
|t:|1782231857
|move|p1a: Incineroar|Fake Out|p2b: Kingambit
|-resisted|p2b: Kingambit|1
|-damage|p2b: Kingambit|96/100
|move|p1b: Gengar|Perish Song|p1b: Gengar
|-start|p1a: Incineroar|perish3|[silent]
|-start|p1b: Gengar|perish3|[silent]
|-start|p2a: Araquanid|perish3|[silent]
|-start|p2b: Kingambit|perish3|[silent]
|-fieldactivate|move: Perish Song
|cant|p2b: Kingambit|flinch
|move|p2a: Araquanid|Liquidation|p1b: Gengar
|-damage|p1b: Gengar|0 fnt
|faint|p1b: Gengar
|
|-weather|Snowscape|[upkeep]
|-start|p2b: Kingambit|perish3
|-start|p2a: Araquanid|perish3
|-start|p1a: Incineroar|perish3
|upkeep
|
|t:|1782231865
|switch|p1b: Basculegion|Basculegion, L50, M, shiny|100/100
|turn|6
|
|t:|1782231882
|move|p1b: Basculegion|Protect|p1b: Basculegion
|-singleturn|p1b: Basculegion|Protect
|move|p2b: Kingambit|Sucker Punch||[still]
|-fail|p2b: Kingambit
|move|p2a: Araquanid|Liquidation|p1a: Incineroar
|-supereffective|p1a: Incineroar|1
|-enditem|p1a: Incineroar|Passho Berry|[eat]
|-enditem|p1a: Incineroar|Passho Berry|[weaken]
|-damage|p1a: Incineroar|0 fnt
|faint|p1a: Incineroar
|
|-weather|Snowscape|[upkeep]
|-start|p2b: Kingambit|perish2
|-start|p2a: Araquanid|perish2
|upkeep
|turn|7
|
|t:|1782231893
|move|p1b: Basculegion|Aqua Jet|p2b: Kingambit
|-damage|p2b: Kingambit|75/100
|move|p2b: Kingambit|Sucker Punch||[still]
|-fail|p2b: Kingambit
|move|p2a: Araquanid|Liquidation|p1b: Basculegion
|-resisted|p1b: Basculegion|1
|-damage|p1b: Basculegion|54/100
|
|-weather|none
|-start|p2b: Kingambit|perish1
|-start|p2a: Araquanid|perish1
|upkeep
|turn|8
|c|☆Squiggs842|gg
|
|t:|1782231912
|move|p1b: Basculegion|Protect|p1b: Basculegion
|-singleturn|p1b: Basculegion|Protect
|move|p2b: Kingambit|Kowtow Cleave|p1b: Basculegion
|-activate|p1b: Basculegion|move: Protect
|move|p2a: Araquanid|Liquidation|p1b: Basculegion
|-activate|p1b: Basculegion|move: Protect
|
|-start|p2b: Kingambit|perish0
|-start|p2a: Araquanid|perish0
|faint|p2b: Kingambit
|faint|p2a: Araquanid
|
|win|Squiggs842
|raw|Squiggs842's rating: 1036 → 1079(+43 for winning)
|raw|Schlorp_Corp's rating: 1118 → 1087(-31 for losing)
|l|☆Schlorp_Corp
|player|p2|
