|j|☆temporary name 3
|j|☆worldenddominat0r
|html|temporary name 3worldenddominat0r    
|uhtml|bestof|Game 3 of a best-of-3
|t:|1782346740
|gametype|doubles
|player|p1|temporary name 3|2|1120
|player|p2|worldenddominat0r|maid-gen6|1212
|gen|9
|tier|[Gen 9 Champions] VGC 2026 Reg M-B (Bo3)
|rated|
|rule|Species Clause: Limit one of each Pokémon
|rule|Item Clause: Limit 1 of each item
|clearpoke
|poke|p1|Swampert, L50, F|
|poke|p1|Pelipper, L50, F|
|poke|p1|Dragonite, L50, F, shiny|
|poke|p1|Archaludon, L50, M|
|poke|p1|Sinistcha, L50|
|poke|p1|Grimmsnarl, L50, M|
|poke|p2|Staraptor, L50, M|
|poke|p2|Maushold-Four, L50|
|poke|p2|Ninetales-Alola, L50, M|
|poke|p2|Delphox, L50, F|
|poke|p2|Basculegion, L50, M|
|poke|p2|Kingambit, L50, F|
|teampreview|4
|showteam|p1|Swampert||Swampertite|Torrent|FlipTurn,WaveCrash,Earthquake,Protect|Adamant||F|||50|]Pelipper||FocusSash|Drizzle|Hurricane,Tailwind,WeatherBall,WideGuard|Timid||F|||50|]Dragonite||Dragoninite|InnerFocus|Protect,DragonPulse,Roost,Thunderbolt|Modest||F|||50|]Archaludon||Leftovers|Stamina|ElectroShot,FlashCannon,Protect,DracoMeteor|Modest||M|||50|]Sinistcha||SitrusBerry|Hospitality|MatchaGotcha,RagePowder,TrickRoom,Protect|Calm|||||50|]Grimmsnarl||LightClay|Prankster|LightScreen,Reflect,SpiritBreak,PartingShot|Careful||M|||50|
|showteam|p2|Staraptor||Staraptite|Intimidate|CloseCombat,BraveBird,Protect,Tailwind|Adamant||M|||50|]Maushold-Four||FocusSash|FriendGuard|SuperFang,Protect,FollowMe,Encore|Jolly|||||50|]Ninetales-Alola||NeverMeltIce|SnowWarning|Blizzard,FreezeDry,IcyWind,Protect|Timid||M|||50|]Delphox||Delphoxite|Blaze|HeatWave,Psyshock,Protect,Substitute|Timid||F|||50|]Basculegion||ChoiceScarf|Adaptability|WaveCrash,LastRespects,FlipTurn,AquaJet|Jolly||M|||50|]Kingambit||BlackGlasses|Defiant|KowtowCleave,SuckerPunch,IronHead,Protect|Adamant||F|||50|
|inactive|Battle timer is ON: inactive players will automatically lose when time's up. (requested by worldenddominat0r)
|inactive|worldenddominat0r has 60 seconds left.
|inactive|temporary name 3 has 60 seconds left.
|
|t:|1782346796
|teamsize|p1|4
|teamsize|p2|4
|start
|switch|p1a: Swampert|Swampert, L50, F|100/100
|switch|p1b: Grimmsnarl|Grimmsnarl, L50, M|100/100
|switch|p2a: Ninetales|Ninetales-Alola, L50, M|100/100
|switch|p2b: Staraptor|Staraptor, L50, M|100/100
|-weather|Snowscape|[from] ability: Snow Warning|[of] p2a: Ninetales
|-ability|p2b: Staraptor|Intimidate|boost
|-unboost|p1a: Swampert|atk|1
|-unboost|p1b: Grimmsnarl|atk|1
|turn|1
|inactive|worldenddominat0r has 30 seconds left.
|inactive|worldenddominat0r has 20 seconds left.
|inactive|worldenddominat0r has 15 seconds left.
|inactive|worldenddominat0r has 10 seconds left.
|
|t:|1782346846
|detailschange|p2b: Staraptor|Staraptor-Mega, L50, M
|-mega|p2b: Staraptor|Staraptor|Staraptite
|detailschange|p1a: Swampert|Swampert-Mega, L50, F
|-mega|p1a: Swampert|Swampert|Swampertite
|move|p1b: Grimmsnarl|Parting Shot|p2a: Ninetales
|-unboost|p2a: Ninetales|atk|1
|-unboost|p2a: Ninetales|spa|1
|
|t:|1782346853
|switch|p1b: Pelipper|Pelipper, L50, F|100/100|[from] Parting Shot
|-weather|RainDance|[from] ability: Drizzle|[of] p1b: Pelipper
|move|p1a: Swampert|Flip Turn|p2a: Ninetales
|-damage|p2a: Ninetales|38/100
|
|t:|1782346862
|switch|p1a: Grimmsnarl|Grimmsnarl, L50, M|100/100|[from] Flip Turn
|move|p2a: Ninetales|Blizzard|p1a: Grimmsnarl|[spread] p1b
|-miss|p2a: Ninetales|p1a: Grimmsnarl
|-damage|p1b: Pelipper|55/100
|move|p2b: Staraptor|Close Combat|p1b: Pelipper
|-resisted|p1b: Pelipper|1
|-damage|p1b: Pelipper|11/100
|-boost|p2b: Staraptor|def|1
|-boost|p2b: Staraptor|spd|1
|
|-weather|RainDance|[upkeep]
|upkeep
|turn|2
|
|t:|1782346877
|switch|p1b: Swampert|Swampert-Mega, L50, F|100/100
|move|p1a: Grimmsnarl|Reflect|p1a: Grimmsnarl
|-sidestart|p1: temporary name 3|Reflect
|move|p2a: Ninetales|Freeze-Dry|p1b: Swampert
|-supereffective|p1b: Swampert|2
|-damage|p1b: Swampert|23/100
|move|p2b: Staraptor|Close Combat|p1a: Grimmsnarl
|-damage|p1a: Grimmsnarl|51/100
|-boost|p2b: Staraptor|def|1
|-boost|p2b: Staraptor|spd|1
|
|-weather|RainDance|[upkeep]
|upkeep
|turn|3
|inactive|temporary name 3 has 30 seconds left.
|
|t:|1782346907
|move|p2a: Ninetales|Protect|p2a: Ninetales
|-singleturn|p2a: Ninetales|Protect
|move|p1a: Grimmsnarl|Parting Shot|p2a: Ninetales
|-activate|p2a: Ninetales|move: Protect
|move|p1b: Swampert|Flip Turn|p2b: Staraptor
|-damage|p2b: Staraptor|69/100
|
|t:|1782346918
|switch|p1b: Sinistcha|Sinistcha, L50|100/100|[from] Flip Turn
|-heal|p1a: Grimmsnarl|75/100|[from] ability: Hospitality|[of] p1b: Sinistcha
|move|p2b: Staraptor|Close Combat|p1b: Sinistcha
|-immune|p1b: Sinistcha
|
|-weather|RainDance|[upkeep]
|upkeep
|turn|4
|inactive|temporary name 3 has 30 seconds left.
|
|t:|1782346953
|switch|p2a: Basculegion|Basculegion, L50, M|100/100
|move|p1a: Grimmsnarl|Light Screen|p1a: Grimmsnarl
|-sidestart|p1: temporary name 3|move: Light Screen
|move|p2b: Staraptor|Tailwind|p2b: Staraptor
|-sidestart|p2: worldenddominat0r|move: Tailwind
|move|p1b: Sinistcha|Matcha Gotcha|p2a: Basculegion|[spread] p2a
|-miss|p1b: Sinistcha|p2b: Staraptor
|-supereffective|p2a: Basculegion|1
|-damage|p2a: Basculegion|47/100
|
|-weather|RainDance|[upkeep]
|upkeep
|turn|5
|
|t:|1782346976
|move|p2a: Basculegion|Flip Turn|p1b: Sinistcha
|-resisted|p1b: Sinistcha|1
|-damage|p1b: Sinistcha|81/100
|
|t:|1782346980
|switch|p2a: Maushold|Maushold-Four, L50|100/100|[from] Flip Turn
|move|p2b: Staraptor|Brave Bird|p1b: Sinistcha
|-supereffective|p1b: Sinistcha|1
|-damage|p1b: Sinistcha|0 fnt
|faint|p1b: Sinistcha
|-damage|p2b: Staraptor|42/100|[from] Recoil
|move|p1a: Grimmsnarl|Spirit Break|p2b: Staraptor
|-supereffective|p2b: Staraptor|1
|-damage|p2b: Staraptor|20/100y
|-boost|p2b: Staraptor|spa|1
|
|-weather|none
|upkeep
|
|t:|1782346995
|switch|p1b: Swampert|Swampert-Mega, L50, F|23/100
|turn|6
|inactive|worldenddominat0r has 30 seconds left.
|inactive|worldenddominat0r has 20 seconds left.
|inactive|worldenddominat0r has 15 seconds left.
|inactive|worldenddominat0r has 10 seconds left.
|
|t:|1782347041
|move|p2a: Maushold|Follow Me|p2a: Maushold
|-singleturn|p2a: Maushold|move: Follow Me
|move|p1a: Grimmsnarl|Parting Shot|p2a: Maushold
|-unboost|p2a: Maushold|atk|1
|-unboost|p2a: Maushold|spa|1
|
|t:|1782347050
|switch|p1a: Pelipper|Pelipper, L50, F|11/100|[from] Parting Shot
|-weather|RainDance|[from] ability: Drizzle|[of] p1a: Pelipper
|move|p2b: Staraptor|Close Combat|p1a: Pelipper
|-resisted|p1a: Pelipper|1
|-damage|p1a: Pelipper|0 fnt
|-boost|p2b: Staraptor|def|1
|-boost|p2b: Staraptor|spd|1
|faint|p1a: Pelipper
|move|p1b: Swampert|Flip Turn|p2a: Maushold
|-damage|p2a: Maushold|26/100
|
|t:|1782347070
|switch|p1b: Grimmsnarl|Grimmsnarl, L50, M|75/100|[from] Flip Turn
|
|-weather|RainDance|[upkeep]
|upkeep
|
|t:|1782347074
|switch|p1a: Swampert|Swampert-Mega, L50, F|23/100
|turn|7
|
|t:|1782347080
|move|p1a: Swampert|Protect|p1a: Swampert
|-singleturn|p1a: Swampert|Protect
|move|p2a: Maushold|Follow Me|p2a: Maushold
|-singleturn|p2a: Maushold|move: Follow Me
|move|p2b: Staraptor|Close Combat|p1b: Grimmsnarl
|-damage|p1b: Grimmsnarl|24/100
|-boost|p2b: Staraptor|def|1
|-boost|p2b: Staraptor|spd|1
|move|p1b: Grimmsnarl|Spirit Break|p2a: Maushold
|-damage|p2a: Maushold|0 fnt
|faint|p2a: Maushold
|
|-weather|RainDance|[upkeep]
|-sideend|p2: worldenddominat0r|move: Tailwind
|upkeep
|
|t:|1782347086
|switch|p2a: Ninetales|Ninetales-Alola, L50, M|38/100
|-weather|Snowscape|[from] ability: Snow Warning|[of] p2a: Ninetales
|turn|8
|
|t:|1782347105
|move|p2a: Ninetales|Blizzard|p1a: Swampert|[spread] p1a,p1b
|-damage|p1a: Swampert|0 fnt
|-damage|p1b: Grimmsnarl|4/100
|faint|p1a: Swampert
|move|p2b: Staraptor|Close Combat|p1b: Grimmsnarl
|-damage|p1b: Grimmsnarl|0 fnt
|-boost|p2b: Staraptor|def|1
|-boost|p2b: Staraptor|spd|1
|faint|p1b: Grimmsnarl
|
|win|worldenddominat0r
|raw|temporary name 3's rating: 1120 → 1101(-19 for losing)
|raw|worldenddominat0r's rating: 1212 → 1231(+19 for winning)
|l|☆temporary name 3
|player|p1|
|c|☆worldenddominat0r|ggwp
