|j|☆raksbachtesting1
|j|☆Cut gudggdd
|html|raksbachtesting1Cut gudggdd    
|uhtml|bestof|Game 2 of a best-of-3
|t:|1785146801
|gametype|doubles
|player|p1|raksbachtesting1|doubleteam|1000
|player|p2|Cut gudggdd|169|1013
|gen|9
|tier|[Gen 9 Champions] VGC 2026 Reg M-B (Bo3)
|rated|
|rule|Species Clause: Limit one of each Pokémon
|rule|Item Clause: Limit 1 of each item
|clearpoke
|poke|p1|Charizard, L50, F|
|poke|p1|Garchomp, L50, M|
|poke|p1|Incineroar, L50, F|
|poke|p1|Venusaur, L50, M|
|poke|p1|Toxapex, L50, F|
|poke|p1|Sylveon, L50, M|
|poke|p2|Gengar, L50, M|
|poke|p2|Incineroar, L50, M|
|poke|p2|Armarouge, L50, F|
|poke|p2|Torkoal, L50, M|
|poke|p2|Vivillon, L50, M|
|poke|p2|Venusaur, L50, F|
|teampreview|4
|showteam|p1|Charizard||CharizarditeY|SolarPower|WeatherBall,HeatWave,AncientPower,Protect|Modest||F|||50|]Garchomp||ChoiceScarf|RoughSkin|RockSlide,DragonClaw,Earthquake,StompingTantrum|Adamant||M|||50|]Incineroar||SitrusBerry|Intimidate|FlareBlitz,FakeOut,DarkestLariat,PartingShot|Impish||F|||50|]Venusaur||LifeOrb|Chlorophyll|SludgeBomb,LeafStorm,EarthPower,Protect|Modest||M|||50|]Toxapex||Leftovers|Regenerator|Infestation,Toxic,WideGuard,BanefulBunker|Bold||F|||50|]Sylveon||FairyFeather|Pixilate|HyperVoice,QuickAttack,Yawn,Detect|Modest||M|||50|
|showteam|p2|Gengar||Gengarite|CursedBody|ShadowBall,DazzlingGleam,TrickRoom,PerishSong|Quiet||M|||50|]Incineroar||LifeOrb|Intimidate|CloseCombat,DarkestLariat,FakeOut,FlareBlitz|Adamant||M|||50|]Armarouge||Charcoal|FlashFire|ArmorCannon,TrickRoom,CalmMind,DarkPulse|Quiet||F|||50|]Torkoal||HeatRock|Drought|AncientPower,Eruption,SludgeBomb,Protect|Modest||M|||50|]Vivillon||MentalHerb|CompoundEyes|SleepPowder,StunSpore,SolarBeam,RagePowder|Timid||M|||50|]Venusaur||WideLens|Overgrow|SleepPowder,Synthesis,SolarBeam,SludgeWave|Modest||F|||50|
|inactive|Battle timer is ON: inactive players will automatically lose when time's up. (requested by raksbachtesting1)
|
|t:|1785146825
|teamsize|p1|4
|teamsize|p2|4
|start
|switch|p1a: Charizard|Charizard, L50, F|100/100
|switch|p1b: Incineroar|Incineroar, L50, F|100/100
|switch|p2a: Gengar|Gengar, L50, M|100/100
|switch|p2b: Vivillon|Vivillon, L50, M|100/100
|-ability|p1b: Incineroar|Intimidate|boost
|-unboost|p2a: Gengar|atk|1
|-unboost|p2b: Vivillon|atk|1
|turn|1
|
|t:|1785146843
|detailschange|p1a: Charizard|Charizard-Mega-Y, L50, F
|-mega|p1a: Charizard|Charizard|Charizardite Y
|-weather|SunnyDay|[from] ability: Drought|[of] p1a: Charizard
|detailschange|p2a: Gengar|Gengar-Mega, L50, M
|-mega|p2a: Gengar|Gengar|Gengarite
|move|p1b: Incineroar|Fake Out|p2b: Vivillon
|-damage|p2b: Vivillon|81/100
|cant|p2b: Vivillon|flinch
|move|p2a: Gengar|Perish Song|p2a: Gengar
|-start|p1a: Charizard|perish3|[silent]
|-start|p1b: Incineroar|perish3|[silent]
|-start|p2a: Gengar|perish3|[silent]
|-start|p2b: Vivillon|perish3|[silent]
|-fieldactivate|move: Perish Song
|move|p1a: Charizard|Heat Wave|p2b: Vivillon|[spread] p2a,p2b
|-supereffective|p2b: Vivillon|1
|-damage|p2a: Gengar|37/100
|-damage|p2b: Vivillon|0 fnt
|faint|p2b: Vivillon
|
|-weather|SunnyDay|[upkeep]
|-start|p2a: Gengar|perish3
|-start|p1a: Charizard|perish3
|-start|p1b: Incineroar|perish3
|upkeep
|
|t:|1785146866
|switch|p2b: Armarouge|Armarouge, L50, F|100/100
|turn|2
|
|t:|1785146883
|move|p2a: Gengar|Dazzling Gleam|p1b: Incineroar|[spread] p1a,p1b
|-resisted|p1a: Charizard|1
|-damage|p1a: Charizard|88/100
|-damage|p1b: Incineroar|75/100
|move|p1a: Charizard|Ancient Power|p2b: Armarouge
|-supereffective|p2b: Armarouge|1
|-damage|p2b: Armarouge|47/100
|move|p1b: Incineroar|Flare Blitz|p2a: Gengar
|-damage|p2a: Gengar|0 fnt
|faint|p2a: Gengar
|-damage|p1b: Incineroar|65/100|[from] Recoil
|move|p2b: Armarouge|Trick Room|p2b: Armarouge
|-fieldstart|move: Trick Room|[of] p2b: Armarouge
|
|-weather|SunnyDay|[upkeep]
|-start|p1b: Incineroar|perish2
|-start|p1a: Charizard|perish2
|upkeep
|
|t:|1785146900
|switch|p2a: Torkoal|Torkoal, L50, M|100/100
|turn|3
|
|t:|1785146921
|move|p2a: Torkoal|Eruption|p1a: Charizard|[spread] p1a,p1b
|-resisted|p1a: Charizard|1
|-resisted|p1b: Incineroar|1
|-damage|p1a: Charizard|55/100
|-damage|p1b: Incineroar|36/100
|-enditem|p1b: Incineroar|Sitrus Berry|[eat]
|-heal|p1b: Incineroar|61/100|[from] item: Sitrus Berry
|move|p1b: Incineroar|Darkest Lariat|p2b: Armarouge
|-supereffective|p2b: Armarouge|1
|-damage|p2b: Armarouge|0 fnt
|faint|p2b: Armarouge
|move|p1a: Charizard|Ancient Power|p2a: Torkoal
|-supereffective|p2a: Torkoal|1
|-damage|p2a: Torkoal|35/100
|
|-weather|SunnyDay|[upkeep]
|-start|p1b: Incineroar|perish1
|-start|p1a: Charizard|perish1
|upkeep
|turn|4
|
|t:|1785146939
|switch|p1b: Toxapex|Toxapex, L50, F|100/100
|switch|p1a: Garchomp|Garchomp, L50, M|100/100
|move|p2a: Torkoal|Protect||[still]
|-fail|p2a: Torkoal
|
|-weather|SunnyDay|[upkeep]
|upkeep
|turn|5
|
|t:|1785146951
|move|p1b: Toxapex|Wide Guard|p1b: Toxapex
|-singleturn|p1b: Toxapex|Wide Guard
|move|p2a: Torkoal|Eruption|p1a: Garchomp|[spread] 
|-activate|p1a: Garchomp|move: Wide Guard
|-activate|p1b: Toxapex|move: Wide Guard
|move|p1a: Garchomp|Stomping Tantrum|p2a: Torkoal
|-supereffective|p2a: Torkoal|1
|-damage|p2a: Torkoal|0 fnt
|faint|p2a: Torkoal
|
|win|raksbachtesting1
|raw|raksbachtesting1's rating: 1000 → 1041(+41 for winning)
|raw|Cut gudggdd's rating: 1013 → 1001(-12 for losing)
