|j|☆Frenchtoast1215
|j|☆lucky777n
|html|Frenchtoast1215lucky777n    
|uhtml|bestof|Game 2 of a best-of-3
|t:|1784211568
|gametype|doubles
|player|p1|Frenchtoast1215|266|1042
|player|p2|lucky777n|boarder|1208
|gen|9
|tier|[Gen 9 Champions] VGC 2026 Reg M-B (Bo3)
|rated|
|rule|Species Clause: Limit one of each Pokémon
|rule|Item Clause: Limit 1 of each item
|clearpoke
|poke|p1|Scrafty, L50, M|
|poke|p1|Rotom-Heat, L50|
|poke|p1|Empoleon, L50, F|
|poke|p1|Aromatisse, L50, M|
|poke|p1|Gholdengo, L50|
|poke|p1|Dragonite, L50, F|
|poke|p2|Gengar, L50, F|
|poke|p2|Incineroar, L50, F|
|poke|p2|Snorlax, L50, M|
|poke|p2|Ninetales-Alola, L50, M|
|poke|p2|Kingambit, L50, M|
|poke|p2|Sneasler, L50, M|
|teampreview|4
|showteam|p1|Scrafty||Scraftinite|Intimidate|FakeOut,DrainPunch,KnockOff,Coaching|Adamant||M|||50|]Rotom-Heat||PasshoBerry|Levitate|Overheat,Thunderbolt,WillOWisp,Protect|Modest|||||50|]Empoleon||ShellBell|Competitive|HydroPump,FlashCannon,Roost,Protect|Modest||F|||50|]Aromatisse||SitrusBerry|AromaVeil|Moonblast,AfterYou,HelpingHand,Protect|Relaxed||M|||50|]Gholdengo||LifeOrb|GoodasGold|MakeItRain,ShadowBall,NastyPlot,Protect|Modest|||||50|]Dragonite||Leftovers|InnerFocus|DragonClaw,ExtremeSpeed,Tailwind,Protect|Adamant||F|||50|
|showteam|p2|Gengar||Gengarite|CursedBody|ShadowBall,Disable,PerishSong,Protect|Timid||F|||50|]Incineroar||SitrusBerry|Intimidate|FakeOut,FlareBlitz,PartingShot,Protect|Relaxed||F|||50|]Snorlax||Leftovers|ThickFat|Fissure,Encore,Yawn,Protect|Relaxed||M|||50|]Ninetales-Alola||NeverMeltIce|SnowWarning|Blizzard,FreezeDry,Encore,Protect|Timid||M|||50|]Kingambit||BlackGlasses|Defiant|SuckerPunch,KowtowCleave,SwordsDance,Protect|Adamant||M|||50|]Sneasler||WhiteHerb|Unburden|FakeOut,CloseCombat,GunkShot,Protect|Jolly||M|||50|
|inactive|Battle timer is ON: inactive players will automatically lose when time's up. (requested by Frenchtoast1215)
|
|t:|1784211598
|teamsize|p1|4
|teamsize|p2|4
|start
|switch|p1a: Empoleon|Empoleon, L50, F|100/100
|switch|p1b: Dragonite|Dragonite, L50, F|100/100
|switch|p2a: Gengar|Gengar, L50, F|100/100
|switch|p2b: Incineroar|Incineroar, L50, F|100/100
|-ability|p2b: Incineroar|Intimidate|boost
|-unboost|p1a: Empoleon|atk|1
|-ability|p1a: Empoleon|Competitive|boost
|-boost|p1a: Empoleon|spa|2
|-fail|p1b: Dragonite|unboost|Attack|[from] ability: Inner Focus|[of] p1b: Dragonite
|turn|1
|inactive|Frenchtoast1215 has 30 seconds left.
|
|t:|1784211623
|detailschange|p2a: Gengar|Gengar-Mega, L50, F
|-mega|p2a: Gengar|Gengar|Gengarite
|move|p2b: Incineroar|Fake Out|p1a: Empoleon
|-resisted|p1a: Empoleon|1
|-damage|p1a: Empoleon|94/100
|move|p2a: Gengar|Perish Song|p2a: Gengar
|-start|p1a: Empoleon|perish3|[silent]
|-start|p1b: Dragonite|perish3|[silent]
|-start|p2a: Gengar|perish3|[silent]
|-start|p2b: Incineroar|perish3|[silent]
|-fieldactivate|move: Perish Song
|move|p1b: Dragonite|Dragon Claw|p2a: Gengar
|-damage|p2a: Gengar|45/100
|cant|p1a: Empoleon|flinch
|
|-start|p2a: Gengar|perish3
|-start|p1b: Dragonite|perish3
|-start|p1a: Empoleon|perish3
|-start|p2b: Incineroar|perish3
|upkeep
|turn|2
|
|t:|1784211647
|move|p2a: Gengar|Protect|p2a: Gengar
|-singleturn|p2a: Gengar|Protect
|move|p2b: Incineroar|Protect|p2b: Incineroar
|-singleturn|p2b: Incineroar|Protect
|move|p1b: Dragonite|Tailwind|p1b: Dragonite
|-sidestart|p1: Frenchtoast1215|move: Tailwind
|move|p1a: Empoleon|Hydro Pump|p2b: Incineroar
|-activate|p2b: Incineroar|move: Protect
|
|-start|p1b: Dragonite|perish2
|-start|p2a: Gengar|perish2
|-start|p1a: Empoleon|perish2
|-start|p2b: Incineroar|perish2
|upkeep
|turn|3
|
|t:|1784211670
|switch|p2a: Sneasler|Sneasler, L50, M|100/100
|move|p1b: Dragonite|Dragon Claw|p2a: Sneasler
|-damage|p2a: Sneasler|55/100
|move|p1a: Empoleon|Hydro Pump|p2b: Incineroar
|-supereffective|p2b: Incineroar|1
|-damage|p2b: Incineroar|0 fnt
|faint|p2b: Incineroar
|-heal|p1a: Empoleon|100/100|[from] item: Shell Bell|[of] p2: Incineroar
|
|-start|p1b: Dragonite|perish1
|-start|p1a: Empoleon|perish1
|upkeep
|
|t:|1784211677
|switch|p2b: Gengar|Gengar-Mega, L50, F|45/100
|turn|4
|
|t:|1784211694
|move|p2b: Gengar|Protect|p2b: Gengar
|-singleturn|p2b: Gengar|Protect
|move|p2a: Sneasler|Protect|p2a: Sneasler
|-singleturn|p2a: Sneasler|Protect
|move|p1b: Dragonite|Dragon Claw|p2b: Gengar
|-activate|p2b: Gengar|move: Protect
|move|p1a: Empoleon|Hydro Pump|p2a: Sneasler
|-activate|p2a: Sneasler|move: Protect
|
|-start|p1b: Dragonite|perish0
|-start|p1a: Empoleon|perish0
|faint|p1b: Dragonite
|faint|p1a: Empoleon
|upkeep
|
|t:|1784211696
|switch|p1b: Rotom|Rotom-Heat, L50|100/100
|switch|p1a: Scrafty|Scrafty, L50, M|100/100
|-ability|p1a: Scrafty|Intimidate|boost
|-unboost|p2a: Sneasler|atk|1
|-unboost|p2b: Gengar|atk|1
|-enditem|p2a: Sneasler|White Herb
|-clearnegativeboost|p2a: Sneasler|[silent]
|turn|5
|inactive|lucky777n has 30 seconds left.
|inactive|lucky777n has 20 seconds left.
|
|t:|1784211734
|switch|p2b: Kingambit|Kingambit, L50, M|100/100
|detailschange|p1a: Scrafty|Scrafty-Mega, L50, M
|-mega|p1a: Scrafty|Scrafty|Scraftinite
|-ability|p1a: Scrafty|Intimidate|boost
|-unboost|p2a: Sneasler|atk|1
|-unboost|p2b: Kingambit|atk|1
|-ability|p2b: Kingambit|Defiant|boost
|-boost|p2b: Kingambit|atk|2
|move|p2a: Sneasler|Protect||[still]
|-fail|p2a: Sneasler
|move|p1a: Scrafty|Fake Out|p2a: Sneasler
|-damage|p2a: Sneasler|39/100
|move|p1b: Rotom|Thunderbolt|p2b: Kingambit
|-crit|p2b: Kingambit
|-damage|p2b: Kingambit|39/100
|
|-sideend|p1: Frenchtoast1215|move: Tailwind
|upkeep
|turn|6
|inactive|Frenchtoast1215 has 30 seconds left.
|
|t:|1784211760
|move|p2b: Kingambit|Sucker Punch||[still]
|-fail|p2b: Kingambit
|move|p2a: Sneasler|Close Combat|p1a: Scrafty
|-supereffective|p1a: Scrafty|1
|-damage|p1a: Scrafty|44/100
|-unboost|p2a: Sneasler|def|1
|-unboost|p2a: Sneasler|spd|1
|move|p1b: Rotom|Will-O-Wisp|p2a: Sneasler
|-status|p2a: Sneasler|brn
|move|p1a: Scrafty|Drain Punch|p2b: Kingambit
|-supereffective|p2b: Kingambit|2
|-damage|p2b: Kingambit|0 fnt
|-heal|p1a: Scrafty|68/100|[from] drain|[of] p2b: Kingambit
|faint|p2b: Kingambit
|
|-damage|p2a: Sneasler|33/100 brn|[from] brn
|upkeep
|
|t:|1784211768
|switch|p2b: Gengar|Gengar-Mega, L50, F|45/100
|turn|7
|
|t:|1784211791
|move|p2a: Sneasler|Close Combat|p1a: Scrafty
|-supereffective|p1a: Scrafty|1
|-damage|p1a: Scrafty|41/100
|-unboost|p2a: Sneasler|def|1
|-unboost|p2a: Sneasler|spd|1
|move|p2b: Gengar|Shadow Ball|p1a: Scrafty
|-resisted|p1a: Scrafty|1
|-damage|p1a: Scrafty|26/100
|move|p1b: Rotom|Thunderbolt|p2a: Sneasler
|-crit|p2a: Sneasler
|-damage|p2a: Sneasler|0 fnt
|faint|p2a: Sneasler
|move|p1a: Scrafty|Knock Off|p2b: Gengar
|-supereffective|p2b: Gengar|1
|-crit|p2b: Gengar
|-damage|p2b: Gengar|0 fnt
|faint|p2b: Gengar
|
|win|Frenchtoast1215
|raw|Frenchtoast1215's rating: 1042 → 1091(+49 for winning)
|raw|lucky777n's rating: 1208 → 1172(-36 for losing)
|l|☆Frenchtoast1215
|player|p1|
