|j|☆plaidhaxx
|j|☆SpacegliderSteve
|html|plaidhaxxSpacegliderSteve    
|uhtml|bestof|Game 1 of a best-of-3
|t:|1785954740
|gametype|doubles
|player|p1|plaidhaxx|grimsley|
|player|p2|SpacegliderSteve|101|
|gen|9
|tier|[Gen 9 Champions] VGC 2026 Reg M-B (Bo3)
|rule|Species Clause: Limit one of each Pokémon
|rule|Item Clause: Limit 1 of each item
|clearpoke
|poke|p1|Kommo-o, L50, F|
|poke|p1|Excadrill, L50, F|
|poke|p1|Tyranitar, L50, M|
|poke|p1|Grimmsnarl, L50, M|
|poke|p1|Scovillain, L50, M|
|poke|p1|Basculegion, L50, M|
|poke|p2|Raichu, L50, F|
|poke|p2|Staraptor, L50, F|
|poke|p2|Arcanine-Hisui, L50, M|
|poke|p2|Farigiraf, L50, M|
|poke|p2|Sylveon, L50, F|
|poke|p2|Kingambit, L50, M|
|teampreview|4
|showteam|p1|Kommo-o||Leftovers|Overcoat|ClangingScales,ClangorousSoul,AuraSphere,Protect|Modest||F|||50|]Excadrill||LifeOrb|SandRush|HighHorsepower,RockSlide,IronHead,Protect|Adamant||F|||50|]Tyranitar||Tyranitarite|SandStream|DragonDance,RockSlide,KnockOff,Protect|Jolly||M|||50|]Grimmsnarl||LightClay|Prankster|SpiritBreak,LightScreen,Reflect,FakeOut|Impish||M|||50|]Scovillain||Scovillainite|Moody|Protect,RagePowder,Overheat,EnergyBall|Bold||M|||50|]Basculegion||ChoiceScarf|Adaptability|WaveCrash,LastRespects,AquaJet,FlipTurn|Adamant||M|||50|
|showteam|p2|Raichu||RaichuniteY|LightningRod|ZapCannon,FocusBlast,FakeOut,Protect|Timid||F|||50|]Staraptor||Staraptite|Intimidate|CloseCombat,DualWingbeat,Tailwind,Protect|Jolly||F|||50|]Arcanine-Hisui||FocusSash|RockHead|FlareBlitz,HeadSmash,ExtremeSpeed,Protect|Jolly||M|||50|]Farigiraf||SitrusBerry|ArmorTail|Psychic,HelpingHand,TrickRoom,Protect|Calm||M|||50|]Sylveon||FairyFeather|Pixilate|HyperVoice,QuickAttack,HyperBeam,Detect|Modest||F|||50|]Kingambit||LifeOrb|Defiant|KowtowCleave,SuckerPunch,SwordsDance,Protect|Adamant||M|||50|
|
|t:|1785954791
|teamsize|p1|4
|teamsize|p2|4
|start
|switch|p1a: Scovillain|Scovillain, L50, M|100/100
|switch|p1b: Tyranitar|Tyranitar, L50, M|100/100
|switch|p2a: Staraptor|Staraptor, L50, F|100/100
|switch|p2b: Kingambit|Kingambit, L50, M|100/100
|-ability|p2a: Staraptor|Intimidate|boost
|-unboost|p1a: Scovillain|atk|1
|-unboost|p1b: Tyranitar|atk|1
|-weather|Sandstorm|[from] ability: Sand Stream|[of] p1b: Tyranitar
|turn|1
|
|t:|1785954820
|switch|p2b: Arcanine|Arcanine-Hisui, L50, M|100/100
|detailschange|p2a: Staraptor|Staraptor-Mega, L50, F
|-mega|p2a: Staraptor|Staraptor|Staraptite
|detailschange|p1a: Scovillain|Scovillain-Mega, L50, M
|-mega|p1a: Scovillain|Scovillain|Scovillainite
|move|p1a: Scovillain|Rage Powder|p1a: Scovillain
|-singleturn|p1a: Scovillain|move: Rage Powder
|move|p2a: Staraptor|Close Combat|p1a: Scovillain
|-damage|p1a: Scovillain|43/100
|-boost|p2a: Staraptor|def|1
|-boost|p2a: Staraptor|spd|1
|-status|p2a: Staraptor|brn|[from] ability: Spicy Spray|[of] p1a: Scovillain
|move|p1b: Tyranitar|Dragon Dance|p1b: Tyranitar
|-boost|p1b: Tyranitar|atk|1
|-boost|p1b: Tyranitar|spe|1
|
|-weather|Sandstorm|[upkeep]
|-damage|p2a: Staraptor|94/100 brn|[from] Sandstorm
|-damage|p1a: Scovillain|37/100|[from] Sandstorm
|-damage|p2a: Staraptor|88/100 brn|[from] brn
|upkeep
|turn|2
|
|t:|1785954851
|move|p1a: Scovillain|Rage Powder|p1a: Scovillain
|-singleturn|p1a: Scovillain|move: Rage Powder
|move|p1b: Tyranitar|Rock Slide|p2b: Arcanine|[spread] p2a,p2b
|-supereffective|p2b: Arcanine|1
|-damage|p2a: Staraptor|68/100 brn
|-damage|p2b: Arcanine|22/100
|move|p2a: Staraptor|Close Combat|p1a: Scovillain
|-damage|p1a: Scovillain|8/100
|-boost|p2a: Staraptor|def|1
|-boost|p2a: Staraptor|spd|1
|move|p2b: Arcanine|Head Smash|p1a: Scovillain
|-supereffective|p1a: Scovillain|1
|-damage|p1a: Scovillain|0 fnt
|-immune|p2b: Arcanine
|faint|p1a: Scovillain
|
|-weather|Sandstorm|[upkeep]
|-damage|p2a: Staraptor|62/100 brn|[from] Sandstorm
|-damage|p2a: Staraptor|56/100 brn|[from] brn
|upkeep
|
|t:|1785954891
|switch|p1a: Kommo-o|Kommo-o, L50, F|100/100
|turn|3
|
|t:|1785954934
|move|p2b: Arcanine|Extreme Speed|p1a: Kommo-o
|-damage|p1a: Kommo-o|74/100
|move|p1b: Tyranitar|Rock Slide|p2a: Staraptor|[spread] p2a
|-miss|p1b: Tyranitar|p2b: Arcanine
|-damage|p2a: Staraptor|41/100 brn
|cant|p2a: Staraptor|flinch
|move|p1a: Kommo-o|Clangorous Soul|p1a: Kommo-o
|-boost|p1a: Kommo-o|atk|1
|-boost|p1a: Kommo-o|def|1
|-boost|p1a: Kommo-o|spa|1
|-boost|p1a: Kommo-o|spd|1
|-boost|p1a: Kommo-o|spe|1
|-damage|p1a: Kommo-o|41/100
|
|-weather|Sandstorm|[upkeep]
|-damage|p2a: Staraptor|35/100 brn|[from] Sandstorm
|-heal|p1a: Kommo-o|47/100|[from] item: Leftovers
|-damage|p2a: Staraptor|29/100 brn|[from] brn
|upkeep
|turn|4
|
|t:|1785954957
|move|p1a: Kommo-o|Protect|p1a: Kommo-o
|-singleturn|p1a: Kommo-o|Protect
|move|p2b: Arcanine|Extreme Speed|p1a: Kommo-o
|-activate|p1a: Kommo-o|move: Protect
|move|p1b: Tyranitar|Rock Slide|p2b: Arcanine|[spread] p2b
|-miss|p1b: Tyranitar|p2a: Staraptor
|-supereffective|p2b: Arcanine|1
|-damage|p2b: Arcanine|0 fnt
|faint|p2b: Arcanine
|move|p2a: Staraptor|Dual Wingbeat|p1a: Kommo-o
|-activate|p1a: Kommo-o|move: Protect
|
|-weather|Sandstorm|[upkeep]
|-damage|p2a: Staraptor|24/100 brn|[from] Sandstorm
|-heal|p1a: Kommo-o|52/100|[from] item: Leftovers
|-damage|p2a: Staraptor|18/100 brn|[from] brn
|upkeep
|
|t:|1785954979
|switch|p2b: Kingambit|Kingambit, L50, M|100/100
|turn|5
|
|t:|1785955000
|move|p2b: Kingambit|Sucker Punch|p1a: Kommo-o
|-resisted|p1a: Kommo-o|1
|-damage|p1a: Kommo-o|34/100
|-damage|p2b: Kingambit|90/100|[from] item: Life Orb
|move|p1a: Kommo-o|Aura Sphere|p2b: Kingambit
|-supereffective|p2b: Kingambit|2
|-crit|p2b: Kingambit
|-damage|p2b: Kingambit|0 fnt
|faint|p2b: Kingambit
|move|p1b: Tyranitar|Rock Slide|p2a: Staraptor
|-damage|p2a: Staraptor|0 fnt
|faint|p2a: Staraptor
|
|-weather|none
|-heal|p1a: Kommo-o|40/100|[from] item: Leftovers
|upkeep
|
|t:|1785955019
|switch|p2a: Sylveon|Sylveon, L50, F|100/100
|turn|6
|
|t:|1785955029
|move|p1a: Kommo-o|Aura Sphere|p2a: Sylveon
|-resisted|p2a: Sylveon|1
|-damage|p2a: Sylveon|77/100
|move|p1b: Tyranitar|Knock Off|p2a: Sylveon
|-resisted|p2a: Sylveon|1
|-damage|p2a: Sylveon|52/100
|-enditem|p2a: Sylveon|Fairy Feather|[from] move: Knock Off|[of] p1b: Tyranitar
|move|p2a: Sylveon|Hyper Voice|p1b: Tyranitar|[spread] p1a,p1b
|-supereffective|p1a: Kommo-o|2
|-supereffective|p1b: Tyranitar|1
|-damage|p1a: Kommo-o|0 fnt
|-damage|p1b: Tyranitar|27/100
|faint|p1a: Kommo-o
|
|upkeep
|
|t:|1785955043
|switch|p1a: Excadrill|Excadrill, L50, F|100/100
|turn|7
|
|t:|1785955049
|move|p1b: Tyranitar|Rock Slide|p2a: Sylveon
|-damage|p2a: Sylveon|10/100
|move|p1a: Excadrill|Iron Head|p2a: Sylveon
|-supereffective|p2a: Sylveon|1
|-damage|p2a: Sylveon|0 fnt
|faint|p2a: Sylveon
|-damage|p1a: Excadrill|90/100|[from] item: Life Orb
|
|win|plaidhaxx
