|j|☆snekia
|j|☆parkertrainingarc
|html|snekiaparkertrainingarc    
|uhtml|bestof|Game 2 of a best-of-3
|t:|1756769435
|gametype|doubles
|player|p1|snekia|lady|1040
|player|p2|parkertrainingarc|lady|1132
|gen|9
|tier|[Gen 9] VGC 2025 Reg H (Bo3)
|rated|
|rule|Species Clause: Limit one of each Pokémon
|rule|Item Clause: Limit 1 of each item
|clearpoke
|poke|p1|Kommo-o, L50, M|
|poke|p1|Ursaluna-Bloodmoon, L50, M|
|poke|p1|Archaludon, L50, M|
|poke|p1|Ribombee, L50, M|
|poke|p1|Basculegion, L50, M|
|poke|p1|Rillaboom, L50, M|
|poke|p2|Sneasler, L50, F|
|poke|p2|Indeedee, L50, M|
|poke|p2|Volcarona, L50, F|
|poke|p2|Ursaluna-Bloodmoon, L50, M|
|poke|p2|Annihilape, L50, M|
|poke|p2|Tyranitar, L50, M|
|teampreview|4
|showteam|p1|Kommo-o||ThroatSpray|Overcoat|Flamethrower,ClangingScales,ClangorousSoul,Protect|||M|||50|,,,,,Fire]Ursaluna-Bloodmoon||LifeOrb|MindsEye|BloodMoon,HyperVoice,EarthPower,Protect|||M|||50|,,,,,Ghost]Archaludon||PowerHerb|Sturdy|ElectroShot,Thunderbolt,DracoMeteor,Protect|||M|||50|,,,,,Electric]Ribombee||FocusSash|ShieldDust|Moonblast,FakeTears,Tailwind,PollenPuff|||M|||50|,,,,,Fairy]Basculegion||ChoiceScarf|Adaptability|WaveCrash,FlipTurn,TeraBlast,LastRespects|||M|||50|,,,,,Fighting]Rillaboom||AssaultVest|GrassySurge|FakeOut,WoodHammer,GrassyGlide,HighHorsepower|||M|||50|,,,,,Fire
|showteam|p2|Sneasler||PsychicSeed|Unburden|CloseCombat,DireClaw,ThroatChop,Protect|||F|||50|,,,,,Dark]Indeedee||ChoiceScarf|PsychicSurge|ExpandingForce,TeraBlast,Trick,Protect|||M|||50|,,,,,Psychic]Volcarona||SitrusBerry|FlameBody|Overheat,StruggleBug,RagePowder,Tailwind|||F|||50|,,,,,Grass]Ursaluna-Bloodmoon||LifeOrb|MindsEye|BloodMoon,HyperVoice,EarthPower,Protect|||M|||50|,,,,,Normal]Annihilape||SafetyGoggles|Defiant|CloseCombat,RageFist,Taunt,FinalGambit|||M|||50|,,,,,Fairy]Tyranitar||AssaultVest|SandStream|RockSlide,KnockOff,TeraBlast,LowKick|||M|||50|,,,,,Flying
|
|t:|1756769481
|teamsize|p1|4
|teamsize|p2|4
|start
|switch|p1a: Basculegion|Basculegion, L50, M|100/100
|switch|p1b: Rillaboom|Rillaboom, L50, M|100/100
|switch|p2a: Tiara|Tyranitar, L50, M|100/100
|switch|p2b: Aldehydes|Volcarona, L50, F|100/100
|-fieldstart|move: Grassy Terrain|[from] ability: Grassy Surge|[of] p1b: Rillaboom
|-weather|Sandstorm|[from] ability: Sand Stream|[of] p2a: Tiara
|turn|1
|
|t:|1756769507
|-terastallize|p2b: Aldehydes|Grass
|move|p1b: Rillaboom|Fake Out|p2b: Aldehydes
|-damage|p2b: Aldehydes|83/100
|cant|p2b: Aldehydes|flinch
|move|p1a: Basculegion|Wave Crash|p2a: Tiara
|-supereffective|p2a: Tiara
|-damage|p2a: Tiara|0 fnt
|faint|p2a: Tiara
|-damage|p1a: Basculegion|68/100|[from] Recoil
|
|-weather|Sandstorm|[upkeep]
|-damage|p1a: Basculegion|62/100|[from] Sandstorm
|-damage|p2b: Aldehydes|77/100|[from] Sandstorm
|-damage|p1b: Rillaboom|94/100|[from] Sandstorm
|-heal|p1a: Basculegion|68/100|[from] Grassy Terrain
|-heal|p2b: Aldehydes|83/100|[from] Grassy Terrain
|-heal|p1b: Rillaboom|100/100|[from] Grassy Terrain
|upkeep
|
|t:|1756769520
|switch|p2a: Mio Min Mio|Ursaluna-Bloodmoon, L50, M|100/100
|turn|2
|
|t:|1756769551
|-terastallize|p1b: Rillaboom|Fire
|move|p2a: Mio Min Mio|Protect|p2a: Mio Min Mio
|-singleturn|p2a: Mio Min Mio|Protect
|move|p1a: Basculegion|Wave Crash|p2a: Mio Min Mio
|-activate|p2a: Mio Min Mio|move: Protect
|move|p2b: Aldehydes|Tailwind|p2b: Aldehydes
|-sidestart|p2: parkertrainingarc|move: Tailwind
|move|p1b: Rillaboom|Wood Hammer|p2b: Aldehydes
|-resisted|p2b: Aldehydes
|-damage|p2b: Aldehydes|30/100
|-enditem|p2b: Aldehydes|Sitrus Berry|[eat]
|-heal|p2b: Aldehydes|55/100|[from] item: Sitrus Berry
|-damage|p1b: Rillaboom|84/100|[from] Recoil
|
|-weather|Sandstorm|[upkeep]
|-damage|p2b: Aldehydes|49/100|[from] Sandstorm
|-damage|p1a: Basculegion|62/100|[from] Sandstorm
|-damage|p1b: Rillaboom|78/100|[from] Sandstorm
|-heal|p2b: Aldehydes|55/100|[from] Grassy Terrain
|-heal|p1a: Basculegion|68/100|[from] Grassy Terrain
|-heal|p1b: Rillaboom|84/100|[from] Grassy Terrain
|upkeep
|turn|3
|
|t:|1756769575
|move|p2b: Aldehydes|Rage Powder|p2b: Aldehydes
|-singleturn|p2b: Aldehydes|move: Rage Powder
|move|p2a: Mio Min Mio|Hyper Voice|p1a: Basculegion|[spread] p1a,p1b
|-damage|p1a: Basculegion|4/100
|-damage|p1b: Rillaboom|48/100
|-damage|p2a: Mio Min Mio|91/100|[from] item: Life Orb
|move|p1a: Basculegion|Wave Crash|p2b: Aldehydes
|-resisted|p2b: Aldehydes
|-damage|p2b: Aldehydes|3/100
|-status|p1a: Basculegion|brn|[from] ability: Flame Body|[of] p2b: Aldehydes
|-damage|p1a: Basculegion|0 fnt|[from] Recoil
|faint|p1a: Basculegion
|move|p1b: Rillaboom|Wood Hammer|p2b: Aldehydes
|-resisted|p2b: Aldehydes
|-damage|p2b: Aldehydes|0 fnt
|faint|p2b: Aldehydes
|-damage|p1b: Rillaboom|47/100|[from] Recoil
|
|-weather|Sandstorm|[upkeep]
|-damage|p1b: Rillaboom|41/100|[from] Sandstorm
|-heal|p2a: Mio Min Mio|97/100|[from] Grassy Terrain
|-heal|p1b: Rillaboom|47/100|[from] Grassy Terrain
|upkeep
|
|t:|1756769595
|switch|p2b: Meanie|Indeedee, L50, M|100/100
|switch|p1a: Kommo-o|Kommo-o, L50, M|100/100
|-fieldstart|move: Psychic Terrain|[from] ability: Psychic Surge|[of] p2b: Meanie
|turn|4
|
|t:|1756769628
|move|p2b: Meanie|Expanding Force|p1b: Rillaboom|[spread] p1a,p1b
|-supereffective|p1a: Kommo-o
|-damage|p1a: Kommo-o|0 fnt
|-damage|p1b: Rillaboom|5/100
|faint|p1a: Kommo-o
|move|p2a: Mio Min Mio|Earth Power|p1b: Rillaboom
|-supereffective|p1b: Rillaboom
|-damage|p1b: Rillaboom|0 fnt
|faint|p1b: Rillaboom
|-damage|p2a: Mio Min Mio|87/100|[from] item: Life Orb
|
|-weather|Sandstorm|[upkeep]
|-damage|p2b: Meanie|95/100|[from] Sandstorm
|upkeep
|
|t:|1756769654
|switch|p1b: Ursaluna|Ursaluna-Bloodmoon, L50, M|100/100
|turn|5
|
|t:|1756769664
|move|p1b: Ursaluna|Protect|p1b: Ursaluna
|-singleturn|p1b: Ursaluna|Protect
|move|p2b: Meanie|Expanding Force|p1b: Ursaluna
|-activate|p1b: Ursaluna|move: Protect
|move|p2a: Mio Min Mio|Hyper Voice|p1b: Ursaluna
|-activate|p1b: Ursaluna|move: Protect
|
|-weather|none
|-sideend|p2: parkertrainingarc|move: Tailwind
|upkeep
|turn|6
|
|t:|1756769675
|move|p2b: Meanie|Expanding Force|p1b: Ursaluna
|-damage|p1b: Ursaluna|11/100
|move|p2a: Mio Min Mio|Blood Moon|p1b: Ursaluna
|-damage|p1b: Ursaluna|0 fnt
|faint|p1b: Ursaluna
|-damage|p2a: Mio Min Mio|78/100|[from] item: Life Orb
|
|win|parkertrainingarc
|raw|snekia's rating: 1040 → 1028(-12 for losing)
|raw|parkertrainingarc's rating: 1132 → 1151(+19 for winning)
|l|☆parkertrainingarc
|player|p2|
