|j|☆masterhax3
|j|☆swarmhostuser
|html|masterhax3swarmhostuser    
|uhtml|bestof|Game 2 of a best-of-3
|t:|1756902682
|gametype|doubles
|player|p1|masterhax3|scientist-gen4dp|1057
|player|p2|swarmhostuser|2|1017
|gen|9
|tier|[Gen 9] VGC 2025 Reg H (Bo3)
|rated|
|rule|Species Clause: Limit one of each Pokémon
|rule|Item Clause: Limit 1 of each item
|clearpoke
|poke|p1|Vivillon-Pokeball, L50, M|
|poke|p1|Garganacl, L50, F|
|poke|p1|Garchomp, L50, M|
|poke|p1|Gardevoir, L50, F|
|poke|p1|Dondozo, L50, M|
|poke|p1|Ninetales-Alola, L50, F|
|poke|p2|Sneasler, L50, M|
|poke|p2|Kingambit, L50, F|
|poke|p2|Rillaboom, L50, F|
|poke|p2|Dragonite, L50, M|
|poke|p2|Volcarona, L50, F|
|poke|p2|Electabuzz, L50, F|
|teampreview|4
|showteam|p1|Vivillon-Pokeball||FocusSash|CompoundEyes|SleepPowder,Tailwind,Protect,Hurricane|||M|||50|,,,,,Ghost]Garganacl||MarangaBerry|PurifyingSalt|SaltCure,StealthRock,Protect,Recover|||F|||50|,,,,,Flying]Garchomp||LifeOrb|RoughSkin|Earthquake,DragonClaw,RockSlide,Protect|||M|||50|,,,,,Ground]Gardevoir||ChoiceScarf|Telepathy|Trick,Moonblast,Psychic,IcyWind|||F|||50|,,,,,Steel]Dondozo||Leftovers|Unaware|Liquidation,Yawn,Fissure,Protect|||M|||50|,,,,,Poison]Ninetales-Alola||NeverMeltIce|SnowWarning|Blizzard,FreezeDry,Protect,AuroraVeil|||F|||50|,,,,,Ice
|showteam|p2|Sneasler||FocusSash|Unburden|DireClaw,CloseCombat,Coaching,FakeOut|||M|||50|,,,,,Stellar]Kingambit||BlackGlasses|Defiant|KowtowCleave,SwordsDance,SuckerPunch,Protect|||F|||50|,,,,,Dark]Rillaboom||AssaultVest|GrassySurge|FakeOut,WoodHammer,GrassyGlide,HighHorsepower|||F|||50|,,,,,Fire]Dragonite||LoadedDice|Multiscale|ScaleShot,ExtremeSpeed,Haze,Protect|||M|||50|,,,,,Fairy]Volcarona||CovertCloak|FlameBody|HeatWave,TeraBlast,QuiverDance,Protect|||F|||50|,,,,,Fairy]Electabuzz||Eviolite|VitalSpirit|Electroweb,FollowMe,Taunt,Protect|||F|||50|,,,,,Ghost
|inactive|Battle timer is ON: inactive players will automatically lose when time's up. (requested by masterhax3)
|
|t:|1756902738
|teamsize|p1|4
|teamsize|p2|4
|start
|switch|p1a: Ninetales|Ninetales-Alola, L50, F|100/100
|switch|p1b: Garchomp|Garchomp, L50, M|100/100
|switch|p2a: Rillaboom|Rillaboom, L50, F|100/100
|switch|p2b: Electabuzz|Electabuzz, L50, F|100/100
|-weather|Snowscape|[from] ability: Snow Warning|[of] p1a: Ninetales
|-fieldstart|move: Grassy Terrain|[from] ability: Grassy Surge|[of] p2a: Rillaboom
|turn|1
|inactive|swarmhostuser has 30 seconds left.
|inactive|swarmhostuser has 20 seconds left.
|inactive|swarmhostuser has 15 seconds left.
|inactive|swarmhostuser has 10 seconds left.
|
|t:|1756902788
|move|p2b: Electabuzz|Protect|p2b: Electabuzz
|-singleturn|p2b: Electabuzz|Protect
|move|p1a: Ninetales|Aurora Veil|p1a: Ninetales
|-sidestart|p1: masterhax3|move: Aurora Veil
|move|p1b: Garchomp|Dragon Claw|p2a: Rillaboom
|-damage|p2a: Rillaboom|48/100
|-damage|p1b: Garchomp|91/100|[from] item: Life Orb
|move|p2a: Rillaboom|Wood Hammer|p1b: Garchomp
|-damage|p1b: Garchomp|38/100
|-damage|p2a: Rillaboom|36/100|[from] ability: Rough Skin|[of] p1b: Garchomp
|-damage|p2a: Rillaboom|20/100|[from] Recoil
|
|-weather|Snowscape|[upkeep]
|-heal|p1b: Garchomp|44/100|[from] Grassy Terrain
|-heal|p2a: Rillaboom|26/100|[from] Grassy Terrain
|upkeep
|turn|2
|
|t:|1756902809
|move|p2b: Electabuzz|Follow Me|p2b: Electabuzz
|-singleturn|p2b: Electabuzz|move: Follow Me
|move|p1a: Ninetales|Blizzard|p2b: Electabuzz|[spread] p2a,p2b
|-supereffective|p2a: Rillaboom
|-damage|p2a: Rillaboom|0 fnt
|-damage|p2b: Electabuzz|73/100
|faint|p2a: Rillaboom
|move|p1b: Garchomp|Dragon Claw|p2b: Electabuzz
|-damage|p2b: Electabuzz|31/100
|-damage|p1b: Garchomp|34/100|[from] item: Life Orb
|
|-weather|Snowscape|[upkeep]
|-heal|p1b: Garchomp|40/100|[from] Grassy Terrain
|-heal|p2b: Electabuzz|37/100|[from] Grassy Terrain
|upkeep
|
|t:|1756902815
|switch|p2a: Kingambit|Kingambit, L50, F|100/100
|turn|3
|
|t:|1756902836
|switch|p1b: Dondozo|Dondozo, L50, M|100/100
|move|p2b: Electabuzz|Follow Me|p2b: Electabuzz
|-singleturn|p2b: Electabuzz|move: Follow Me
|move|p1a: Ninetales|Blizzard|p2a: Kingambit|[spread] p2a,p2b
|-resisted|p2a: Kingambit
|-damage|p2a: Kingambit|80/100
|-damage|p2b: Electabuzz|6/100
|move|p2a: Kingambit|Kowtow Cleave|p1a: Ninetales
|-resisted|p1a: Ninetales
|-damage|p1a: Ninetales|82/100
|
|-weather|Snowscape|[upkeep]
|-heal|p1a: Ninetales|88/100|[from] Grassy Terrain
|-heal|p2b: Electabuzz|12/100|[from] Grassy Terrain
|-heal|p2a: Kingambit|86/100|[from] Grassy Terrain
|upkeep
|turn|4
|
|t:|1756902850
|move|p1a: Ninetales|Blizzard|p2b: Electabuzz|[spread] p2a,p2b
|-resisted|p2a: Kingambit
|-damage|p2a: Kingambit|68/100
|-damage|p2b: Electabuzz|0 fnt
|-status|p2a: Kingambit|frz
|faint|p2b: Electabuzz
|-curestatus|p2a: Kingambit|frz|[msg]
|move|p2a: Kingambit|Swords Dance|p2a: Kingambit
|-boost|p2a: Kingambit|atk|2
|move|p1b: Dondozo|Yawn|p2a: Kingambit
|-start|p2a: Kingambit|move: Yawn|[of] p1b: Dondozo
|
|-weather|Snowscape|[upkeep]
|-heal|p1a: Ninetales|94/100|[from] Grassy Terrain
|-heal|p2a: Kingambit|74/100|[from] Grassy Terrain
|upkeep
|
|t:|1756902865
|switch|p2b: Sneasler|Sneasler, L50, M|100/100
|turn|5
|c|☆swarmhostuser|gg3
|-message|swarmhostuser forfeited.
|
|win|masterhax3
|raw|masterhax3's rating: 1057 → 1085(+28 for winning)
|raw|swarmhostuser's rating: 1017 → 1006(-11 for losing)
