|j|☆Archias95
|j|☆That1Morpecko
|html|Archias95That1Morpecko    
|uhtml|bestof|Game 1 of a best-of-3
|t:|1782497835
|gametype|doubles
|player|p1|Archias95|169|1000
|player|p2|That1Morpecko|hiker-gen4|1040
|gen|9
|tier|[Gen 9 Champions] VGC 2026 Reg M-B (Bo3)
|rated|
|rule|Species Clause: Limit one of each Pokémon
|rule|Item Clause: Limit 1 of each item
|clearpoke
|poke|p1|Metagross, L50|
|poke|p1|Pelipper, L50, F|
|poke|p1|Grimmsnarl, L50, M|
|poke|p1|Garchomp, L50, M|
|poke|p1|Meowscarada, L50, F|
|poke|p1|Sneasler, L50, F|
|poke|p2|Archaludon, L50, F|
|poke|p2|Pelipper, L50, F|
|poke|p2|Grimmsnarl, L50, M|
|poke|p2|Metagross, L50|
|poke|p2|Sinistcha, L50|
|poke|p2|Swampert, L50, F|
|teampreview|4
|showteam|p1|Metagross||Metagrossite|ClearBody|Earthquake,IcePunch,IronHead,Protect|Jolly|||||50|]Pelipper||FocusSash|Drizzle|Tailwind,Hurricane,Protect,WeatherBall|Bold||F|||50|]Grimmsnarl||BabiriBerry|Prankster|PartingShot,PlayRough,Taunt,FakeOut|Adamant||M|||50|]Garchomp||LifeOrb|RoughSkin|RockSlide,DragonClaw,Earthquake,Protect|Jolly||M|||50|]Meowscarada||MuscleBand|Protean|FlowerTrick,PlayRough,Uturn,KnockOff|Jolly||F|||50|]Sneasler||WhiteHerb|Unburden|CloseCombat,FakeOut,PoisonJab,Uturn|Adamant||F|||50|
|showteam|p2|Archaludon||Leftovers|Stamina|Protect,ElectroShot,FlashCannon,DragonPulse|Modest||F|||50|]Pelipper||SitrusBerry|Drizzle|WideGuard,Tailwind,WeatherBall,Hurricane|Modest||F|||50|]Grimmsnarl||LightClay|Prankster|FoulPlay,PartingShot,LightScreen,Reflect|Calm||M|||50|]Metagross||Metagrossite|ClearBody|IronHead,Protect,BodyPress,PsychicFangs|Jolly|||||50|]Sinistcha||CobaBerry|Hospitality|Protect,TrickRoom,MatchaGotcha,RagePowder|Relaxed|||||50|]Swampert||Swampertite|Damp|Protect,IcePunch,WaveCrash,Earthquake|Adamant||F|||50|
|inactive|Battle timer is ON: inactive players will automatically lose when time's up. (requested by That1Morpecko)
|
|t:|1782497866
|teamsize|p1|4
|teamsize|p2|4
|start
|switch|p1a: Garchomp|Garchomp, L50, M|100/100
|switch|p1b: Grimmsnarl|Grimmsnarl, L50, M|100/100
|switch|p2a: Swampert|Swampert, L50, F|100/100
|switch|p2b: Grimmsnarl|Grimmsnarl, L50, M|100/100
|turn|1
|inactive|That1Morpecko has 30 seconds left.
|inactive|That1Morpecko has 20 seconds left.
|
|t:|1782497903
|detailschange|p2a: Swampert|Swampert-Mega, L50, F
|-mega|p2a: Swampert|Swampert|Swampertite
|move|p1b: Grimmsnarl|Fake Out|p2a: Swampert
|-damage|p2a: Swampert|86/100
|move|p2b: Grimmsnarl|Parting Shot|p1a: Garchomp
|-unboost|p1a: Garchomp|atk|1
|-unboost|p1a: Garchomp|spa|1
|
|t:|1782497907
|switch|p2b: Pelipper|Pelipper, L50, F|100/100|[from] Parting Shot
|-weather|RainDance|[from] ability: Drizzle|[of] p2b: Pelipper
|cant|p2a: Swampert|flinch
|move|p1a: Garchomp|Rock Slide|p2b: Pelipper|[spread] p2b
|-miss|p1a: Garchomp|p2a: Swampert
|-supereffective|p2b: Pelipper|1
|-damage|p2b: Pelipper|64/100
|-damage|p1a: Garchomp|90/100|[from] item: Life Orb
|
|-weather|RainDance|[upkeep]
|upkeep
|turn|2
|
|t:|1782497924
|move|p1a: Garchomp|Protect|p1a: Garchomp
|-singleturn|p1a: Garchomp|Protect
|move|p1b: Grimmsnarl|Parting Shot|p2a: Swampert
|-unboost|p2a: Swampert|atk|1
|-unboost|p2a: Swampert|spa|1
|
|t:|1782497931
|switch|p1b: Meowscarada|Meowscarada, L50, F|100/100|[from] Parting Shot
|move|p2a: Swampert|Ice Punch|p1a: Garchomp
|-activate|p1a: Garchomp|move: Protect
|move|p2b: Pelipper|Tailwind|p2b: Pelipper
|-sidestart|p2: That1Morpecko|move: Tailwind
|
|-weather|RainDance|[upkeep]
|upkeep
|turn|3
|inactive|That1Morpecko has 30 seconds left.
|inactive|That1Morpecko has 20 seconds left.
|
|t:|1782497968
|switch|p2a: Sinistcha|Sinistcha, L50|100/100
|-heal|p2b: Pelipper|88/100|[from] ability: Hospitality|[of] p2a: Sinistcha
|switch|p1a: Grimmsnarl|Grimmsnarl, L50, M|100/100
|move|p2b: Pelipper|Hurricane|p1b: Meowscarada
|-supereffective|p1b: Meowscarada|1
|-damage|p1b: Meowscarada|0 fnt
|faint|p1b: Meowscarada
|
|-weather|RainDance|[upkeep]
|upkeep
|
|t:|1782497982
|switch|p1b: Garchomp|Garchomp, L50, M|90/100
|turn|4
|inactive|That1Morpecko has 30 seconds left.
|
|t:|1782498013
|move|p1a: Grimmsnarl|Parting Shot|p2b: Pelipper
|-unboost|p2b: Pelipper|atk|1
|-unboost|p2b: Pelipper|spa|1
|
|t:|1782498017
|switch|p1a: Sneasler|Sneasler, L50, F|100/100|[from] Parting Shot
|move|p2b: Pelipper|Weather Ball|p1a: Sneasler
|-damage|p1a: Sneasler|47/100
|move|p1b: Garchomp|Rock Slide|p2b: Pelipper|[spread] p2a,p2b
|-supereffective|p2b: Pelipper|1
|-damage|p2a: Sinistcha|77/100
|-damage|p2b: Pelipper|38/100
|-enditem|p2b: Pelipper|Sitrus Berry|[eat]
|-heal|p2b: Pelipper|63/100|[from] item: Sitrus Berry
|-damage|p1b: Garchomp|80/100|[from] item: Life Orb
|move|p2a: Sinistcha|Matcha Gotcha|p1b: Garchomp|[spread] p1a,p1b
|-resisted|p1a: Sneasler|1
|-damage|p1a: Sneasler|31/100
|-heal|p2a: Sinistcha|84/100|[from] drain|[of] p1a: Sneasler
|-damage|p1b: Garchomp|55/100
|-heal|p2a: Sinistcha|97/100|[from] drain|[of] p1b: Garchomp
|-status|p1b: Garchomp|brn
|
|-weather|RainDance|[upkeep]
|-damage|p1b: Garchomp|49/100 brn|[from] brn
|upkeep
|turn|5
|-message|Archias95 forfeited.
|
|win|That1Morpecko
|l|☆Archias95
|player|p1|
|raw|Archias95's rating: 1000 → 1000(+0 for losing)
|raw|That1Morpecko's rating: 1040 → 1070(+30 for winning)
