|j|☆Crystneel
|j|☆Trainer208
|html|CrystneelTrainer208    
|uhtml|bestof|Game 1 of a best-of-3
|t:|1756661073
|gametype|doubles
|player|p1|Crystneel|101|1076
|player|p2|Trainer208|gambler|1000
|gen|9
|tier|[Gen 9] VGC 2025 Reg H (Bo3)
|rated|
|rule|Species Clause: Limit one of each Pokémon
|rule|Item Clause: Limit 1 of each item
|clearpoke
|poke|p1|Volcarona, L50, M|
|poke|p1|Electabuzz, L50, M|
|poke|p1|Sneasler, L50, F|
|poke|p1|Rillaboom, L50, F|
|poke|p1|Dragonite, L50, M|
|poke|p1|Ursaluna-Bloodmoon, L50, M|
|poke|p2|Garganacl, L50, M|
|poke|p2|Scovillain, L50, M|
|poke|p2|Carbink, L50|
|poke|p2|Kommo-o, L50, M|
|poke|p2|Spiritomb, L50, M|
|poke|p2|Charjabug, L50, M|
|teampreview|4
|showteam|p1|Volcarona||Leftovers|FlameBody|FieryDance,QuiverDance,GigaDrain,Protect|||M|||50|,,,,,Water]Electabuzz||Eviolite|Static|FollowMe,Electroweb,VoltSwitch,Taunt|||M|||50|,,,,,Fairy]Sneasler||GrassySeed|Unburden|DireClaw,CloseCombat,ThroatChop,Protect|||F|||50|,,,,,Dark]Rillaboom||AssaultVest|GrassySurge|FakeOut,GrassyGlide,WoodHammer,Uturn|||F|||50|,,,,,Fire]Dragonite||LoadedDice|Multiscale|ExtremeSpeed,ScaleShot,IceSpinner,LowKick|||M|||50|,,,,,Normal]Ursaluna-Bloodmoon||ThroatSpray|MindsEye|BloodMoon,HyperVoice,EarthPower,Protect|||M|||50|,,,,,Poison
|showteam|p2|Garganacl||RockyHelmet|PurifyingSalt|SaltCure,Sandstorm,Recover,WideGuard|||M|||50|,,,,,Ghost]Scovillain||AguavBerry|Moody|Flamethrower,GigaDrain,RagePowder,Protect|||M|||50|,,,,,Grass]Carbink||FistPlate|ClearBody|BodyPress,RockSlide,TrickRoom,Protect||||||50|,,,,,Fighting]Kommo-o||Leftovers|Soundproof|ClangingScales,FlashCannon,Flamethrower,ClangorousSoul|||M|||50|,,,,,Steel]Spiritomb||BlackGlasses|Infiltrator|DarkPulse,SkillSwap,HelpingHand,AllySwitch|||M|||50|,,,,,Dark]Charjabug||Eviolite|Battery|Lunge,WildCharge,Electroweb,Protect|||M|||50|,,,,,Electric
|inactive|Battle timer is ON: inactive players will automatically lose when time's up. (requested by Crystneel)
|
|t:|1756661134
|teamsize|p1|4
|teamsize|p2|4
|start
|switch|p1a: Volcarona|Volcarona, L50, M|100/100
|switch|p1b: Electabuzz|Electabuzz, L50, M|100/100
|switch|p2a: Garganacl|Garganacl, L50, M|100/100
|switch|p2b: Carbink|Carbink, L50, shiny|100/100
|turn|1
|inactive|Crystneel has 30 seconds left.
|inactive|Trainer208 has 30 seconds left.
|
|t:|1756661167
|-terastallize|p1a: Volcarona|Water
|move|p1b: Electabuzz|Follow Me|p1b: Electabuzz
|-singleturn|p1b: Electabuzz|move: Follow Me
|move|p1a: Volcarona|Quiver Dance|p1a: Volcarona
|-boost|p1a: Volcarona|spa|1
|-boost|p1a: Volcarona|spd|1
|-boost|p1a: Volcarona|spe|1
|move|p2a: Garganacl|Sandstorm|p2a: Garganacl
|-weather|Sandstorm
|move|p2b: Carbink|Trick Room|p2b: Carbink
|-fieldstart|move: Trick Room|[of] p2b: Carbink
|
|-weather|Sandstorm|[upkeep]
|-damage|p1b: Electabuzz|95/100|[from] Sandstorm
|-damage|p1a: Volcarona|95/100|[from] Sandstorm
|-heal|p1a: Volcarona|100/100|[from] item: Leftovers
|upkeep
|turn|2
|inactive|Crystneel has 30 seconds left.
|inactive|Trainer208 has 30 seconds left.
|
|t:|1756661200
|move|p1b: Electabuzz|Follow Me|p1b: Electabuzz
|-singleturn|p1b: Electabuzz|move: Follow Me
|move|p2a: Garganacl|Salt Cure|p1b: Electabuzz
|-damage|p1b: Electabuzz|80/100
|-start|p1b: Electabuzz|Salt Cure
|move|p2b: Carbink|Rock Slide|p1a: Volcarona|[spread] p1a,p1b
|-damage|p1a: Volcarona|87/100
|-damage|p1b: Electabuzz|71/100
|cant|p1a: Volcarona|flinch
|
|-weather|Sandstorm|[upkeep]
|-damage|p1b: Electabuzz|65/100|[from] Sandstorm
|-damage|p1a: Volcarona|82/100|[from] Sandstorm
|-heal|p1a: Volcarona|87/100|[from] item: Leftovers
|-damage|p1b: Electabuzz|53/100|[from] Salt Cure
|upkeep
|turn|3
|inactive|Trainer208 has 30 seconds left.
|
|t:|1756661227
|move|p2a: Garganacl|Salt Cure|p1a: Volcarona
|-damage|p1a: Volcarona|70/100
|-start|p1a: Volcarona|Salt Cure
|move|p2b: Carbink|Body Press|p1a: Volcarona
|-crit|p1a: Volcarona
|-damage|p1a: Volcarona|3/100
|-status|p2b: Carbink|brn|[from] ability: Flame Body|[of] p1a: Volcarona
|move|p1b: Electabuzz|Volt Switch|p2b: Carbink
|-crit|p2b: Carbink
|-damage|p2b: Carbink|81/100 brn
|
|t:|1756661248
|switch|p1b: Rillaboom|Rillaboom, L50, F|100/100|[from] Volt Switch
|-fieldstart|move: Grassy Terrain|[from] ability: Grassy Surge|[of] p1b: Rillaboom
|move|p1a: Volcarona|Giga Drain|p2a: Garganacl
|-supereffective|p2a: Garganacl
|-damage|p2a: Garganacl|56/100
|-heal|p1a: Volcarona|27/100|[from] drain|[of] p2a: Garganacl
|
|-weather|Sandstorm|[upkeep]
|-damage|p1b: Rillaboom|95/100|[from] Sandstorm
|-damage|p1a: Volcarona|21/100|[from] Sandstorm
|-heal|p2a: Garganacl|62/100|[from] Grassy Terrain
|-heal|p2b: Carbink|86/100 brn|[from] Grassy Terrain
|-heal|p1b: Rillaboom|100/100|[from] Grassy Terrain
|-heal|p1a: Volcarona|27/100|[from] Grassy Terrain
|-heal|p1a: Volcarona|32/100|[from] item: Leftovers
|-damage|p2b: Carbink|81/100 brn|[from] brn
|-damage|p1a: Volcarona|8/100|[from] Salt Cure
|upkeep
|turn|4
|inactive|Trainer208 has 30 seconds left.
|inactive|Trainer208 has 20 seconds left.
|
|t:|1756661287
|move|p1b: Rillaboom|Fake Out|p2a: Garganacl
|-resisted|p2a: Garganacl
|-damage|p2a: Garganacl|58/100
|-damage|p1b: Rillaboom|84/100|[from] item: Rocky Helmet|[of] p2a: Garganacl
|cant|p2a: Garganacl|flinch
|move|p2b: Carbink|Body Press|p1b: Rillaboom
|-damage|p1b: Rillaboom|65/100
|move|p1a: Volcarona|Giga Drain|p2a: Garganacl
|-supereffective|p2a: Garganacl
|-damage|p2a: Garganacl|17/100
|-heal|p1a: Volcarona|30/100|[from] drain|[of] p2a: Garganacl
|
|-weather|Sandstorm|[upkeep]
|-damage|p1b: Rillaboom|60/100|[from] Sandstorm
|-damage|p1a: Volcarona|24/100|[from] Sandstorm
|-heal|p2a: Garganacl|23/100|[from] Grassy Terrain
|-heal|p2b: Carbink|86/100 brn|[from] Grassy Terrain
|-heal|p1b: Rillaboom|65/100|[from] Grassy Terrain
|-heal|p1a: Volcarona|30/100|[from] Grassy Terrain
|-heal|p1a: Volcarona|36/100|[from] item: Leftovers
|-damage|p2b: Carbink|81/100 brn|[from] brn
|-damage|p1a: Volcarona|11/100|[from] Salt Cure
|upkeep
|turn|5
|inactive|Crystneel has 30 seconds left.
|inactive|Trainer208 has 30 seconds left.
|inactive|Trainer208 has 20 seconds left.
|
|t:|1756661325
|move|p1b: Rillaboom|Grassy Glide|p2a: Garganacl
|-supereffective|p2a: Garganacl
|-damage|p2a: Garganacl|0 fnt
|-damage|p1b: Rillaboom|49/100|[from] item: Rocky Helmet|[of] p2a: Garganacl
|faint|p2a: Garganacl
|move|p2b: Carbink|Rock Slide|p1b: Rillaboom|[spread] p1a,p1b
|-damage|p1a: Volcarona|4/100
|-damage|p1b: Rillaboom|43/100
|move|p1a: Volcarona|Giga Drain|p2b: Carbink
|-supereffective|p2b: Carbink
|-damage|p2b: Carbink|35/100 brn
|-heal|p1a: Volcarona|19/100|[from] drain|[of] p2b: Carbink
|
|-weather|none
|-heal|p2b: Carbink|41/100 brn|[from] Grassy Terrain
|-heal|p1b: Rillaboom|49/100|[from] Grassy Terrain
|-heal|p1a: Volcarona|25/100|[from] Grassy Terrain
|-heal|p1a: Volcarona|31/100|[from] item: Leftovers
|-damage|p2b: Carbink|35/100 brn|[from] brn
|-damage|p1a: Volcarona|6/100|[from] Salt Cure
|-fieldend|move: Trick Room
|upkeep
|
|t:|1756661350
|switch|p2a: Kommo-o|Kommo-o, L50, M|100/100
|turn|6
|inactive|Trainer208 has 30 seconds left.
|
|t:|1756661383
|move|p1a: Volcarona|Fiery Dance|p2a: Kommo-o
|-resisted|p2a: Kommo-o
|-damage|p2a: Kommo-o|71/100
|-boost|p1a: Volcarona|spa|1
|move|p2a: Kommo-o|Clangorous Soul|p2a: Kommo-o
|-boost|p2a: Kommo-o|atk|1
|-boost|p2a: Kommo-o|def|1
|-boost|p2a: Kommo-o|spa|1
|-boost|p2a: Kommo-o|spd|1
|-boost|p2a: Kommo-o|spe|1
|-damage|p2a: Kommo-o|38/100
|move|p1b: Rillaboom|U-turn|p2a: Kommo-o
|-resisted|p2a: Kommo-o
|-damage|p2a: Kommo-o|30/100
|
|t:|1756661396
|switch|p1b: Electabuzz|Electabuzz, L50, M|53/100|[from] U-turn
|move|p2b: Carbink|Rock Slide|p1a: Volcarona|[spread] p1a,p1b
|-damage|p1a: Volcarona|0 fnt
|-damage|p1b: Electabuzz|48/100
|faint|p1a: Volcarona
|
|-heal|p2a: Kommo-o|36/100|[from] Grassy Terrain
|-heal|p2a: Kommo-o|42/100|[from] item: Leftovers
|-heal|p1b: Electabuzz|53/100|[from] Grassy Terrain
|-heal|p2b: Carbink|41/100 brn|[from] Grassy Terrain
|-damage|p2b: Carbink|35/100 brn|[from] brn
|upkeep
|
|t:|1756661402
|switch|p1a: Sneasler|Sneasler, L50, F|100/100
|-enditem|p1a: Sneasler|Grassy Seed
|-boost|p1a: Sneasler|def|1|[from] item: Grassy Seed
|turn|7
|inactive|Trainer208 has 30 seconds left.
|
|t:|1756661436
|switch|p2b: Scovillain|Scovillain, L50, M|100/100
|move|p1b: Electabuzz|Follow Me|p1b: Electabuzz
|-singleturn|p1b: Electabuzz|move: Follow Me
|move|p1a: Sneasler|Dire Claw|p2a: Kommo-o
|-damage|p2a: Kommo-o|11/100
|move|p2a: Kommo-o|Clanging Scales|p1b: Electabuzz|[spread] p1a,p1b
|-damage|p1a: Sneasler|26/100
|-damage|p1b: Electabuzz|20/100
|-unboost|p2a: Kommo-o|def|1
|
|-heal|p1a: Sneasler|32/100|[from] Grassy Terrain
|-heal|p2a: Kommo-o|17/100|[from] Grassy Terrain
|-heal|p2a: Kommo-o|23/100|[from] item: Leftovers
|-heal|p1b: Electabuzz|26/100|[from] Grassy Terrain
|-fieldend|move: Grassy Terrain
|-ability|p2b: Scovillain|Moody|boost
|-boost|p2b: Scovillain|spa|2
|-unboost|p2b: Scovillain|spe|1
|upkeep
|turn|8
|inactive|Crystneel has 30 seconds left.
|inactive|Trainer208 has 30 seconds left.
|inactive|Trainer208 has 20 seconds left.
|
|t:|1756661473
|move|p2b: Scovillain|Protect|p2b: Scovillain
|-singleturn|p2b: Scovillain|Protect
|move|p1b: Electabuzz|Follow Me|p1b: Electabuzz
|-singleturn|p1b: Electabuzz|move: Follow Me
|move|p1a: Sneasler|Dire Claw|p2a: Kommo-o
|-damage|p2a: Kommo-o|0 fnt
|faint|p2a: Kommo-o
|
|-ability|p2b: Scovillain|Moody|boost
|-boost|p2b: Scovillain|def|2
|-unboost|p2b: Scovillain|atk|1
|upkeep
|
|t:|1756661484
|switch|p2a: Carbink|Carbink, L50, shiny|35/100 brn
|turn|9
|
|t:|1756661501
|move|p1a: Sneasler|Dire Claw|p2b: Scovillain
|-supereffective|p2b: Scovillain
|-damage|p2b: Scovillain|40/100
|-status|p2b: Scovillain|par
|move|p1b: Electabuzz|Taunt|p2a: Carbink
|-start|p2a: Carbink|move: Taunt
|move|p2a: Carbink|Body Press|p1b: Electabuzz
|-damage|p1b: Electabuzz|7/100
|cant|p2b: Scovillain|par
|
|-damage|p2a: Carbink|30/100 brn|[from] brn
|-ability|p2b: Scovillain|Moody|boost
|-boost|p2b: Scovillain|spa|2
|-unboost|p2b: Scovillain|def|1
|upkeep
|turn|10
|inactive|Crystneel has 30 seconds left.
|inactive|Trainer208 has 30 seconds left.
|inactive|Trainer208 has 20 seconds left.
|inactive|Trainer208 has 15 seconds left.
|
|t:|1756661542
|-terastallize|p2a: Carbink|Fighting
|move|p1a: Sneasler|Protect|p1a: Sneasler
|-singleturn|p1a: Sneasler|Protect
|move|p2b: Scovillain|Protect|p2b: Scovillain
|-singleturn|p2b: Scovillain|Protect
|move|p1b: Electabuzz|Volt Switch|p2a: Carbink
|-damage|p2a: Carbink|8/100 brn
|
|t:|1756661551
|switch|p1b: Rillaboom|Rillaboom, L50, F|49/100|[from] Volt Switch
|-fieldstart|move: Grassy Terrain|[from] ability: Grassy Surge|[of] p1b: Rillaboom
|move|p2a: Carbink|Body Press|p1a: Sneasler
|-activate|p1a: Sneasler|move: Protect
|
|-heal|p1a: Sneasler|38/100|[from] Grassy Terrain
|-heal|p1b: Rillaboom|55/100|[from] Grassy Terrain
|-heal|p2a: Carbink|14/100 brn|[from] Grassy Terrain
|-heal|p2b: Scovillain|46/100 par|[from] Grassy Terrain
|-damage|p2a: Carbink|8/100 brn|[from] brn
|-ability|p2b: Scovillain|Moody|boost
|-boost|p2b: Scovillain|spe|2
|-unboost|p2b: Scovillain|spa|1
|upkeep
|turn|11
|
|t:|1756661575
|move|p1b: Rillaboom|Grassy Glide|p2a: Carbink
|-damage|p2a: Carbink|0 fnt
|faint|p2a: Carbink
|move|p1a: Sneasler|Dire Claw|p2b: Scovillain
|-supereffective|p2b: Scovillain
|-damage|p2b: Scovillain|0 fnt
|faint|p2b: Scovillain
|
|win|Crystneel
||Trainer208 is ready for game 2.
||Crystneel is ready for game 2.
|uhtml|next|Next: Game 2 of 3
|l|☆Trainer208
|player|p2|
