|j|☆CB15923
|j|☆TapedCrusader
|html|CB15923TapedCrusader    
|uhtml|bestof|Game 2 of a best-of-3
|t:|1757904155
|gametype|doubles
|player|p1|CB15923|ghetsis|1017
|player|p2|TapedCrusader|blue|1054
|gen|9
|tier|[Gen 9] VGC 2025 Reg H (Bo3)
|rated|
|rule|Species Clause: Limit one of each Pokémon
|rule|Item Clause: Limit 1 of each item
|clearpoke
|poke|p1|Tyranitar, L50, F|
|poke|p1|Garchomp, L50, M|
|poke|p1|Kilowattrel, L50, M|
|poke|p1|Arcanine-Hisui, L50, M|
|poke|p1|Rillaboom, L50, F|
|poke|p1|Milotic, L50, M|
|poke|p2|Dragapult, L50, F|
|poke|p2|Sneasler, L50, F|
|poke|p2|Dondozo, L50, M|
|poke|p2|Rillaboom, L50, F|
|poke|p2|Volcarona, L50, F|
|poke|p2|Annihilape, L50, M|
|teampreview|4
|showteam|p1|Tyranitar||AssaultVest|SandStream|KnockOff,RockSlide,LowKick,TeraBlast|||F|||50|,,,,,Flying]Garchomp||ClearAmulet|RoughSkin|DragonClaw,StompingTantrum,IronHead,Protect|||M|||50|,,,,,Steel]Kilowattrel||LifeOrb|WindPower|Thunderbolt,AirSlash,Tailwind,Protect|||M|||50|,,,,,Ghost]Arcanine-Hisui||Leftovers|Intimidate|FlareBlitz,WillOWisp,Howl,Protect|||M|||50|,,,,,Grass]Rillaboom||GrassySeed|GrassySurge|FakeOut,GrassyGlide,WoodHammer,Taunt|||F|||50|,,,,,Fire]Milotic||SafetyGoggles|Competitive|Scald,LifeDew,Haze,HelpingHand|||M|||50|,,,,,Dragon
|showteam|p2|Dragapult||ChoiceBand|ClearBody|DragonDarts,PhantomForce,Uturn,SuckerPunch|||F|||50|,,,,,Dragon]Sneasler||FocusSash|Unburden|DireClaw,CloseCombat,FakeOut,Coaching|||F|||50|,,,,,Ghost]Dondozo||Leftovers|Unaware|WaveCrash,Fissure,Yawn,Protect|||M|||50|,,,,,Electric]Rillaboom||AssaultVest|GrassySurge|FakeOut,GrassyGlide,WoodHammer,HighHorsepower|||F|||50|,,,,,Fire]Volcarona||CovertCloak|FlameBody|HeatWave,TeraBlast,QuiverDance,RagePowder|||F|||50|,,,,,Fairy]Annihilape||SafetyGoggles|Defiant|RageFist,DrainPunch,BulkUp,Protect|||M|||50|,,,,,Flying
|inactive|Battle timer is ON: inactive players will automatically lose when time's up. (requested by TapedCrusader)
|inactive|CB15923 has 60 seconds left.
|
|t:|1757904193
|teamsize|p1|4
|teamsize|p2|4
|start
|switch|p1a: Kilowattrel|Kilowattrel, L50, M, shiny|100/100
|switch|p1b: Rillaboom|Rillaboom, L50, F, shiny|100/100
|switch|p2a: Sneasler|Sneasler, L50, F|100/100
|switch|p2b: Dragapult|Dragapult, L50, F|100/100
|-fieldstart|move: Grassy Terrain|[from] ability: Grassy Surge|[of] p1b: Rillaboom
|-enditem|p1b: Rillaboom|Grassy Seed
|-boost|p1b: Rillaboom|def|1|[from] item: Grassy Seed
|turn|1
|inactive|CB15923 has 30 seconds left.
|
|t:|1757904222
|-terastallize|p2b: Dragapult|Dragon
|move|p1a: Kilowattrel|Protect|p1a: Kilowattrel
|-singleturn|p1a: Kilowattrel|Protect
|move|p2a: Sneasler|Fake Out|p1a: Kilowattrel
|-activate|p1a: Kilowattrel|move: Protect
|move|p1b: Rillaboom|Fake Out|p2a: Sneasler
|-damage|p2a: Sneasler|80/100
|move|p2b: Dragapult|Dragon Darts|p1b: Rillaboom
|-damage|p1b: Rillaboom|66/100
|-anim|p2b: Dragapult|Dragon Darts|p1b: Rillaboom
|-damage|p1b: Rillaboom|33/100
|
|-heal|p2a: Sneasler|86/100|[from] Grassy Terrain
|-heal|p1b: Rillaboom|39/100|[from] Grassy Terrain
|upkeep
|turn|2
|
|t:|1757904242
|move|p2b: Dragapult|Dragon Darts|p1a: Kilowattrel
|-damage|p1a: Kilowattrel|10/100
|-anim|p2b: Dragapult|Dragon Darts|p1b: Rillaboom
|-damage|p1b: Rillaboom|5/100
|move|p2a: Sneasler|Coaching|p2b: Dragapult
|-boost|p2b: Dragapult|atk|1
|-boost|p2b: Dragapult|def|1
|move|p1a: Kilowattrel|Tailwind|p1a: Kilowattrel
|-sidestart|p1: CB15923|move: Tailwind
|-start|p1a: Kilowattrel|Charge|Tailwind|[from] ability: Wind Power
|move|p1b: Rillaboom|Wood Hammer|p2b: Dragapult
|-resisted|p2b: Dragapult
|-damage|p2b: Dragapult|68/100
|-damage|p1b: Rillaboom|0 fnt|[from] Recoil
|faint|p1b: Rillaboom
|
|-heal|p2b: Dragapult|74/100|[from] Grassy Terrain
|-heal|p2a: Sneasler|92/100|[from] Grassy Terrain
|upkeep
|
|t:|1757904265
|switch|p1b: Arcanine|Arcanine-Hisui, L50, M, shiny|100/100
|-ability|p1b: Arcanine|Intimidate|boost
|-unboost|p2a: Sneasler|atk|1
|-fail|p2b: Dragapult|unboost|[from] ability: Clear Body|[of] p2b: Dragapult
|turn|3
|
|t:|1757904281
|move|p1b: Arcanine|Protect|p1b: Arcanine
|-singleturn|p1b: Arcanine|Protect
|move|p1a: Kilowattrel|Thunderbolt|p2b: Dragapult
|-resisted|p2b: Dragapult
|-damage|p2b: Dragapult|4/100
|-damage|p1a: Kilowattrel|0 fnt|[from] item: Life Orb
|faint|p1a: Kilowattrel
|move|p2b: Dragapult|Dragon Darts|p1b: Arcanine
|-activate|p1b: Arcanine|move: Protect
|move|p2a: Sneasler|Coaching|p2b: Dragapult
|-boost|p2b: Dragapult|atk|1
|-boost|p2b: Dragapult|def|1
|
|-heal|p2b: Dragapult|10/100|[from] Grassy Terrain
|-heal|p2a: Sneasler|97/100|[from] Grassy Terrain
|upkeep
|
|t:|1757904291
|switch|p1a: Tyranitar|Tyranitar, L50, F, shiny|100/100
|-weather|Sandstorm|[from] ability: Sand Stream|[of] p1a: Tyranitar
|turn|4
|
|t:|1757904312
|switch|p2a: Dondozo|Dondozo, L50, M|100/100
|-terastallize|p1a: Tyranitar|Flying
|move|p1b: Arcanine|Flare Blitz|p2b: Dragapult
|-resisted|p2b: Dragapult
|-crit|p2b: Dragapult
|-damage|p2b: Dragapult|0 fnt
|faint|p2b: Dragapult
|-damage|p1b: Arcanine|98/100|[from] Recoil
|move|p1a: Tyranitar|Tera Blast|p2a: Dondozo|[anim] Tera Blast Flying
|-damage|p2a: Dondozo|76/100
|
|-weather|Sandstorm|[upkeep]
|-damage|p1a: Tyranitar|94/100|[from] Sandstorm
|-damage|p2a: Dondozo|69/100|[from] Sandstorm
|-heal|p1b: Arcanine|100/100|[from] Grassy Terrain
|-heal|p2a: Dondozo|76/100|[from] Grassy Terrain
|-heal|p2a: Dondozo|82/100|[from] item: Leftovers
|upkeep
|
|t:|1757904328
|switch|p2b: Rillaboom|Rillaboom, L50, F|100/100
|turn|5
|
|t:|1757904339
|move|p2b: Rillaboom|Fake Out|p1b: Arcanine
|-resisted|p1b: Arcanine
|-damage|p1b: Arcanine|93/100
|cant|p1b: Arcanine|flinch
|move|p1a: Tyranitar|Tera Blast|p2b: Rillaboom|[anim] Tera Blast Flying
|-supereffective|p2b: Rillaboom
|-damage|p2b: Rillaboom|24/100
|move|p2a: Dondozo|Yawn|p1a: Tyranitar
|-start|p1a: Tyranitar|move: Yawn|[of] p2a: Dondozo
|
|-weather|Sandstorm|[upkeep]
|-damage|p1a: Tyranitar|88/100|[from] Sandstorm
|-damage|p2b: Rillaboom|18/100|[from] Sandstorm
|-damage|p2a: Dondozo|76/100|[from] Sandstorm
|-heal|p1b: Arcanine|99/100|[from] Grassy Terrain
|-heal|p1b: Arcanine|100/100|[from] item: Leftovers
|-heal|p2b: Rillaboom|24/100|[from] Grassy Terrain
|-heal|p2a: Dondozo|82/100|[from] Grassy Terrain
|-heal|p2a: Dondozo|88/100|[from] item: Leftovers
|-sideend|p1: CB15923|move: Tailwind
|-fieldend|move: Grassy Terrain
|upkeep
|turn|6
|inactive|CB15923 has 30 seconds left.
|inactive|TapedCrusader has 30 seconds left.
|
|t:|1757904368
|move|p1b: Arcanine|Will-O-Wisp|p2a: Dondozo
|-status|p2a: Dondozo|brn
|move|p2b: Rillaboom|Grassy Glide|p1a: Tyranitar
|-resisted|p1a: Tyranitar
|-damage|p1a: Tyranitar|76/100
|move|p1a: Tyranitar|Tera Blast|p2b: Rillaboom|[anim] Tera Blast Flying
|-supereffective|p2b: Rillaboom
|-damage|p2b: Rillaboom|0 fnt
|faint|p2b: Rillaboom
|move|p2a: Dondozo|Wave Crash|p1b: Arcanine
|-supereffective|p1b: Arcanine
|-damage|p1b: Arcanine|12/100
|-damage|p2a: Dondozo|68/100 brn|[from] Recoil
|
|-weather|Sandstorm|[upkeep]
|-damage|p1a: Tyranitar|70/100|[from] Sandstorm
|-damage|p2a: Dondozo|62/100 brn|[from] Sandstorm
|-heal|p1b: Arcanine|18/100|[from] item: Leftovers
|-heal|p2a: Dondozo|68/100 brn|[from] item: Leftovers
|-damage|p2a: Dondozo|62/100 brn|[from] brn
|-end|p1a: Tyranitar|move: Yawn|[silent]
|-status|p1a: Tyranitar|slp
|upkeep
|
|t:|1757904387
|switch|p2b: Sneasler|Sneasler, L50, F|97/100
|turn|7
|
|t:|1757904406
|move|p1b: Arcanine|Protect|p1b: Arcanine
|-singleturn|p1b: Arcanine|Protect
|move|p2b: Sneasler|Coaching|p2a: Dondozo
|-boost|p2a: Dondozo|atk|1
|-boost|p2a: Dondozo|def|1
|cant|p1a: Tyranitar|slp
|move|p2a: Dondozo|Wave Crash|p1b: Arcanine
|-activate|p1b: Arcanine|move: Protect
|
|-weather|Sandstorm|[upkeep]
|-damage|p2b: Sneasler|92/100|[from] Sandstorm
|-damage|p1a: Tyranitar|64/100 slp|[from] Sandstorm
|-damage|p2a: Dondozo|56/100 brn|[from] Sandstorm
|-heal|p1b: Arcanine|24/100|[from] item: Leftovers
|-heal|p2a: Dondozo|62/100 brn|[from] item: Leftovers
|-damage|p2a: Dondozo|56/100 brn|[from] brn
|upkeep
|turn|8
|
|t:|1757904428
|move|p1b: Arcanine|Protect||[still]
|-fail|p1b: Arcanine
|move|p2b: Sneasler|Coaching|p2a: Dondozo
|-boost|p2a: Dondozo|atk|1
|-boost|p2a: Dondozo|def|1
|-curestatus|p1a: Tyranitar|slp|[msg]
|move|p1a: Tyranitar|Knock Off|p2a: Dondozo
|-crit|p2a: Dondozo
|-damage|p2a: Dondozo|3/100 brn
|-enditem|p2a: Dondozo|Leftovers|[from] move: Knock Off|[of] p1a: Tyranitar
|move|p2a: Dondozo|Wave Crash|p1b: Arcanine
|-supereffective|p1b: Arcanine
|-damage|p1b: Arcanine|0 fnt
|faint|p1b: Arcanine
|-damage|p2a: Dondozo|0 fnt|[from] Recoil
|faint|p2a: Dondozo
|
|-weather|none
|upkeep
|turn|9
|
|t:|1757904445
|move|p2b: Sneasler|Dire Claw|p1a: Tyranitar
|-damage|p1a: Tyranitar|29/100
|-status|p1a: Tyranitar|slp
|cant|p1a: Tyranitar|slp
|
|upkeep
|turn|10
|
|t:|1757904453
|move|p2b: Sneasler|Dire Claw|p1a: Tyranitar
|-damage|p1a: Tyranitar|0 fnt
|faint|p1a: Tyranitar
|
|win|TapedCrusader
|raw|CB15923's rating: 1017 → 1006(-11 for losing)
|raw|TapedCrusader's rating: 1054 → 1083(+29 for winning)
|l|☆CB15923
|player|p1|
