|j|☆dreepy_volador1
|j|☆certified urgl
|html|dreepy_volador1certified urgl    
|uhtml|bestof|Game 3 of a best-of-3
|t:|1756550000
|gametype|doubles
|player|p1|dreepy_volador1|102|1268
|player|p2|certified urgl|102|1318
|gen|9
|tier|[Gen 9] VGC 2025 Reg H (Bo3)
|rated|
|rule|Species Clause: Limit one of each Pokémon
|rule|Item Clause: Limit 1 of each item
|clearpoke
|poke|p1|Dragapult, L50, M|
|poke|p1|Whimsicott, L50, M|
|poke|p1|Sneasler, L50, M|
|poke|p1|Indeedee, L50, M|
|poke|p1|Annihilape, L50, M|
|poke|p1|Primarina, L50, M|
|poke|p2|Gholdengo, L50|
|poke|p2|Sneasler, L50, M|
|poke|p2|Rillaboom, L50, M|
|poke|p2|Dragonite, L50, F|
|poke|p2|Ninetales-Alola, L50, F|
|poke|p2|Arcanine-Hisui, L50, M|
|teampreview|4
|showteam|p1|Dragapult||ChoiceSpecs|ClearBody|DracoMeteor,DragonPulse,ShadowBall,Flamethrower|||M|||50|,,,,,Ghost]Whimsicott||CovertCloak|Prankster|Tailwind,Taunt,Moonblast,BeatUp|||M|||50|,,,,,Fire]Sneasler||PsychicSeed|Unburden|DireClaw,CloseCombat,ThroatChop,Protect|||M|||50|,,,,,Dark]Indeedee||FocusSash|PsychicSurge|ExpandingForce,TeraBlast,Imprison,TrickRoom|||M|||50|,,,,,Psychic]Annihilape||SafetyGoggles|Defiant|RageFist,DrainPunch,BulkUp,Protect|||M|||50|,,,,,Fire]Primarina||LifeOrb|LiquidVoice|HyperVoice,Moonblast,Haze,Protect|||M|||50|,,,,,Poison
|showteam|p2|Gholdengo||GrassySeed|GoodasGold|NastyPlot,MakeItRain,ShadowBall,Protect||||||50|,,,,,Water]Sneasler||WhiteHerb|Unburden|CloseCombat,DireClaw,Coaching,Protect|||M|||50|,,,,,Ghost]Rillaboom||AssaultVest|GrassySurge|FakeOut,GrassyGlide,DrumBeating,HighHorsepower|||M|||50|,,,,,Fire]Dragonite||LoadedDice|Multiscale|ScaleShot,StompingTantrum,Tailwind,Protect|||F|||50|,,,,,Ground]Ninetales-Alola||FocusSash|SnowWarning|Blizzard,IcyWind,Encore,AuroraVeil|||F|||50|,,,,,Ghost]Arcanine-Hisui||ClearAmulet|Intimidate|RockSlide,FlareBlitz,ExtremeSpeed,Protect|||M|||50|,,,,,Water
|inactive|Battle timer is ON: inactive players will automatically lose when time's up. (requested by certified urgl)
|inactive|dreepy_volador1 also wants the timer to be on.
|
|t:|1756550029
|teamsize|p1|4
|teamsize|p2|4
|start
|switch|p1a: Sneasler|Sneasler, L50, M|100/100
|switch|p1b: Indeedee|Indeedee, L50, M|100/100
|switch|p2a: Ninetales|Ninetales-Alola, L50, F|100/100
|switch|p2b: Sneasler|Sneasler, L50, M|100/100
|-weather|Snowscape|[from] ability: Snow Warning|[of] p2a: Ninetales
|-fieldstart|move: Psychic Terrain|[from] ability: Psychic Surge|[of] p1b: Indeedee
|-enditem|p1a: Sneasler|Psychic Seed
|-boost|p1a: Sneasler|spd|1|[from] item: Psychic Seed
|turn|1
|inactive|certified urgl has 30 seconds left.
|inactive|certified urgl has 20 seconds left.
|
|t:|1756550068
|-terastallize|p1b: Indeedee|Psychic
|move|p2b: Sneasler|Protect|p2b: Sneasler
|-singleturn|p2b: Sneasler|Protect
|move|p1a: Sneasler|Dire Claw|p2a: Ninetales
|-supereffective|p2a: Ninetales
|-damage|p2a: Ninetales|11/100
|move|p2a: Ninetales|Icy Wind|p1b: Indeedee|[spread] p1a,p1b
|-crit|p1a: Sneasler
|-damage|p1a: Sneasler|69/100
|-damage|p1b: Indeedee|80/100
|-unboost|p1a: Sneasler|spe|1
|-unboost|p1b: Indeedee|spe|1
|move|p1b: Indeedee|Expanding Force|p2a: Ninetales|[spread] p2a
|-activate|p2b: Sneasler|move: Protect
|-damage|p2a: Ninetales|0 fnt
|faint|p2a: Ninetales
|
|-weather|Snowscape|[upkeep]
|upkeep
|
|t:|1756550081
|switch|p2a: Rillaboom|Rillaboom, L50, M|100/100
|-fieldstart|move: Grassy Terrain|[from] ability: Grassy Surge|[of] p2a: Rillaboom
|turn|2
|
|t:|1756550095
|move|p2a: Rillaboom|Fake Out|p1b: Indeedee
|-damage|p1b: Indeedee|54/100
|move|p1a: Sneasler|Dire Claw|p2a: Rillaboom
|-supereffective|p2a: Rillaboom
|-damage|p2a: Rillaboom|4/100
|move|p2b: Sneasler|Close Combat|p1b: Indeedee
|-resisted|p1b: Indeedee
|-damage|p1b: Indeedee|0 fnt
|-unboost|p2b: Sneasler|def|1
|-unboost|p2b: Sneasler|spd|1
|faint|p1b: Indeedee
|-enditem|p2b: Sneasler|White Herb
|-clearnegativeboost|p2b: Sneasler|[silent]
|
|-weather|Snowscape|[upkeep]
|-heal|p1a: Sneasler|75/100|[from] Grassy Terrain
|-heal|p2a: Rillaboom|10/100|[from] Grassy Terrain
|upkeep
|
|t:|1756550110
|switch|p1b: PitufoMoreno|Whimsicott, L50, M, shiny|100/100
|turn|3
|
|t:|1756550120
|move|p1a: Sneasler|Protect|p1a: Sneasler
|-singleturn|p1a: Sneasler|Protect
|move|p1b: PitufoMoreno|Tailwind|p1b: PitufoMoreno
|-sidestart|p1: dreepy_volador1|move: Tailwind
|move|p2b: Sneasler|Dire Claw|p1b: PitufoMoreno
|-supereffective|p1b: PitufoMoreno
|-damage|p1b: PitufoMoreno|0 fnt
|faint|p1b: PitufoMoreno
|move|p2a: Rillaboom|High Horsepower|p1a: Sneasler
|-activate|p1a: Sneasler|move: Protect
|
|-weather|Snowscape|[upkeep]
|-heal|p1a: Sneasler|80/100|[from] Grassy Terrain
|-heal|p2a: Rillaboom|16/100|[from] Grassy Terrain
|upkeep
|
|t:|1756550133
|switch|p1b: Dragapult|Dragapult, L50, M, shiny|100/100
|turn|4
|
|t:|1756550148
|move|p2b: Sneasler|Protect|p2b: Sneasler
|-singleturn|p2b: Sneasler|Protect
|move|p1a: Sneasler|Throat Chop|p2a: Rillaboom
|-damage|p2a: Rillaboom|0 fnt
|faint|p2a: Rillaboom
|move|p1b: Dragapult|Draco Meteor|p2b: Sneasler
|-activate|p2b: Sneasler|move: Protect
|
|-weather|Snowscape|[upkeep]
|-heal|p1a: Sneasler|86/100|[from] Grassy Terrain
|upkeep
|
|t:|1756550156
|switch|p2a: Dragonite|Dragonite, L50, F|100/100
|turn|5
|
|t:|1756550179
|-terastallize|p2a: Dragonite|Ground
|move|p1a: Sneasler|Dire Claw|p2a: Dragonite
|-resisted|p2a: Dragonite
|-damage|p2a: Dragonite|88/100
|move|p1b: Dragapult|Draco Meteor|p2b: Sneasler|[miss]
|-miss|p1b: Dragapult|p2b: Sneasler
|move|p2b: Sneasler|Dire Claw|p1a: Sneasler
|-resisted|p1a: Sneasler
|-damage|p1a: Sneasler|53/100
|move|p2a: Dragonite|Scale Shot|p1b: Dragapult
|-supereffective|p1b: Dragapult
|-damage|p1b: Dragapult|59/100
|-supereffective|p1b: Dragapult
|-damage|p1b: Dragapult|18/100
|-supereffective|p1b: Dragapult
|-damage|p1b: Dragapult|0 fnt
|faint|p1b: Dragapult
|-hitcount|p1: Dragapult|3
|-unboost|p2a: Dragonite|def|1
|-boost|p2a: Dragonite|spe|1
|
|-weather|none
|-heal|p1a: Sneasler|59/100|[from] Grassy Terrain
|-heal|p2a: Dragonite|94/100|[from] Grassy Terrain
|upkeep
|turn|6
|inactive|certified urgl has 30 seconds left.
|
|t:|1756550205
|move|p1a: Sneasler|Close Combat|p2a: Dragonite
|-damage|p2a: Dragonite|0 fnt
|-unboost|p1a: Sneasler|def|1
|-unboost|p1a: Sneasler|spd|1
|faint|p2a: Dragonite
|move|p2b: Sneasler|Dire Claw|p1a: Sneasler
|-resisted|p1a: Sneasler
|-damage|p1a: Sneasler|3/100
|-status|p1a: Sneasler|par
|
|-heal|p1a: Sneasler|9/100 par|[from] Grassy Terrain
|-sideend|p1: dreepy_volador1|move: Tailwind
|-fieldend|move: Grassy Terrain
|upkeep
|turn|7
|c|☆dreepy_volador1|You no fail, ok
|
|t:|1756550218
|move|p2b: Sneasler|Close Combat|p1a: Sneasler
|-resisted|p1a: Sneasler
|-damage|p1a: Sneasler|0 fnt
|-unboost|p2b: Sneasler|def|1
|-unboost|p2b: Sneasler|spd|1
|faint|p1a: Sneasler
|
|win|certified urgl
|raw|dreepy_volador1's rating: 1268 → 1247(-21 for losing)
|raw|certified urgl's rating: 1318 → 1335(+17 for winning)
