|j|☆KLOEEE
|j|☆Gitano D Jaen
|html|KLOEEEGitano D Jaen    
|uhtml|bestof|Game 2 of a best-of-3
|t:|1755724122
|gametype|doubles
|player|p1|KLOEEE|caitlin-masters|1195
|player|p2|Gitano D Jaen|roughneck-gen4|1296
|gen|9
|tier|[Gen 9] VGC 2025 Reg H (Bo3)
|rated|
|rule|Species Clause: Limit one of each Pokémon
|rule|Item Clause: Limit 1 of each item
|clearpoke
|poke|p1|Incineroar, L50, M|
|poke|p1|Ursaluna-Bloodmoon, L50, M|
|poke|p1|Indeedee, L50, M|
|poke|p1|Brambleghast, L50, M|
|poke|p1|Sneasler, L50, M|
|poke|p1|Talonflame, L50, F|
|poke|p2|Electabuzz, L50, F|
|poke|p2|Ursaluna-Bloodmoon, L50, M|
|poke|p2|Tyranitar, L50, M|
|poke|p2|Excadrill, L50, F|
|poke|p2|Tauros-Paldea-Blaze, L50, M|
|poke|p2|Dragapult, L50, M|
|teampreview|4
|showteam|p1|Incineroar||AssaultVest|Intimidate|FlareBlitz,KnockOff,FakeOut,Uturn|||M|||50|,,,,,Grass]Ursaluna-Bloodmoon||LifeOrb|MindsEye|BloodMoon,HyperVoice,EarthPower,Protect|||M|||50|,,,,,Normal]Indeedee||FocusSash|PsychicSurge|ExpandingForce,TrickRoom,Protect,Imprison|||M|||50|,,,,,Psychic]Brambleghast||ExpertBelt|WindRider|Poltergeist,SeedBomb,Pounce,TeraBlast|||M|||50|,,,,,Ground]Sneasler||PsychicSeed|Unburden|DireClaw,CloseCombat,Protect,ThroatChop|||M|||50|,,,,,Stellar]Talonflame||CovertCloak|GaleWings|BraveBird,Tailwind,FlareBlitz,Taunt|||F|||50|,,,,,Grass
|showteam|p2|Electabuzz||Eviolite|VitalSpirit|Electroweb,FollowMe,Taunt,Protect|||F|||50|,,,,,Dragon]Ursaluna-Bloodmoon||LifeOrb|MindsEye|BloodMoon,HyperVoice,EarthPower,Protect|||M|||50|,,,,,Normal]Tyranitar||AssaultVest|SandStream|RockSlide,KnockOff,TeraBlast,LowKick|||M|||50|,,,,,Flying]Excadrill||FocusSash|SandRush|Earthquake,HighHorsepower,IronHead,Protect|||F|||50|,,,,,Ground]Tauros-Paldea-Blaze||SafetyGoggles|Intimidate|WillOWisp,CloseCombat,FlareBlitz,Protect|||M|||50|,,,,,Dark]Dragapult||ChoiceBand|ClearBody|DragonDarts,TeraBlast,PhantomForce,Uturn|||M|||50|,,,,,Ghost
|
|t:|1755724139
|teamsize|p1|4
|teamsize|p2|4
|start
|switch|p1a: Charjabub|Indeedee, L50, M|100/100
|switch|p1b: Did I Win Yet?|Talonflame, L50, F, shiny|100/100
|switch|p2a: Tauros|Tauros-Paldea-Blaze, L50, M|100/100
|switch|p2b: Excadrill|Excadrill, L50, F|100/100
|-fieldstart|move: Psychic Terrain|[from] ability: Psychic Surge|[of] p1a: Charjabub
|-ability|p2a: Tauros|Intimidate|boost
|-unboost|p1a: Charjabub|atk|1
|-unboost|p1b: Did I Win Yet?|atk|1
|turn|1
|inactive|Battle timer is ON: inactive players will automatically lose when time's up. (requested by Gitano D Jaen)
|
|t:|1755724160
|switch|p2a: Tyranitar|Tyranitar, L50, M|100/100
|-weather|Sandstorm|[from] ability: Sand Stream|[of] p2a: Tyranitar
|-terastallize|p1a: Charjabub|Psychic
|move|p1b: Did I Win Yet?|Brave Bird|p2b: Excadrill
|-activate|p2b: Excadrill|move: Psychic Terrain
|move|p2b: Excadrill|High Horsepower|p1a: Charjabub
|-enditem|p1a: Charjabub|Focus Sash
|-damage|p1a: Charjabub|1/100
|move|p1a: Charjabub|Expanding Force|p2b: Excadrill|[spread] p2b
|-immune|p2a: Tyranitar
|-resisted|p2b: Excadrill
|-damage|p2b: Excadrill|52/100
|
|-weather|Sandstorm|[upkeep]
|-damage|p1b: Did I Win Yet?|95/100|[from] Sandstorm
|-damage|p1a: Charjabub|0 fnt|[from] Sandstorm
|faint|p1a: Charjabub
|upkeep
|
|t:|1755724177
|switch|p1a: Do Bears Scream?|Ursaluna-Bloodmoon, L50, M|100/100
|turn|2
|
|t:|1755724196
|move|p2b: Excadrill|Iron Head|p1a: Do Bears Scream?
|-damage|p1a: Do Bears Scream?|63/100
|move|p1b: Did I Win Yet?|Tailwind|p1b: Did I Win Yet?
|-sidestart|p1: KLOEEE|move: Tailwind
|cant|p1a: Do Bears Scream?|flinch
|move|p2a: Tyranitar|Low Kick|p1a: Do Bears Scream?
|-supereffective|p1a: Do Bears Scream?
|-damage|p1a: Do Bears Scream?|0 fnt
|faint|p1a: Do Bears Scream?
|
|-weather|Sandstorm|[upkeep]
|-damage|p1b: Did I Win Yet?|89/100|[from] Sandstorm
|upkeep
|
|t:|1755724204
|switch|p1a: Venus' Claws|Sneasler, L50, M|100/100
|-enditem|p1a: Venus' Claws|Psychic Seed
|-boost|p1a: Venus' Claws|spd|1|[from] item: Psychic Seed
|turn|3
|
|t:|1755724217
|switch|p2a: Tauros|Tauros-Paldea-Blaze, L50, M|100/100
|-ability|p2a: Tauros|Intimidate|boost
|-unboost|p1a: Venus' Claws|atk|1
|-unboost|p1b: Did I Win Yet?|atk|1
|move|p2b: Excadrill|Protect|p2b: Excadrill
|-singleturn|p2b: Excadrill|Protect
|move|p1a: Venus' Claws|Close Combat|p2a: Tauros
|-damage|p2a: Tauros|54/100
|-unboost|p1a: Venus' Claws|def|1
|-unboost|p1a: Venus' Claws|spd|1
|move|p1b: Did I Win Yet?|Flare Blitz|p2b: Excadrill
|-activate|p2b: Excadrill|move: Protect
|
|-weather|Sandstorm|[upkeep]
|-damage|p1a: Venus' Claws|95/100|[from] Sandstorm
|-damage|p1b: Did I Win Yet?|83/100|[from] Sandstorm
|upkeep
|turn|4
|inactive|Gitano D Jaen has 30 seconds left.
|
|t:|1755724249
|switch|p2b: Tyranitar|Tyranitar, L50, M|100/100
|move|p2a: Tauros|Protect|p2a: Tauros
|-singleturn|p2a: Tauros|Protect
|move|p1a: Venus' Claws|Close Combat|p2b: Tyranitar
|-supereffective|p2b: Tyranitar
|-damage|p2b: Tyranitar|0 fnt
|-unboost|p1a: Venus' Claws|def|1
|-unboost|p1a: Venus' Claws|spd|1
|faint|p2b: Tyranitar
|move|p1b: Did I Win Yet?|Brave Bird|p2a: Tauros
|-activate|p2a: Tauros|move: Protect
|
|-weather|Sandstorm|[upkeep]
|-damage|p1a: Venus' Claws|89/100|[from] Sandstorm
|-damage|p1b: Did I Win Yet?|77/100|[from] Sandstorm
|upkeep
|
|t:|1755724256
|switch|p2b: Dragapult|Dragapult, L50, M|100/100
|turn|5
|
|t:|1755724277
|move|p1a: Venus' Claws|Protect|p1a: Venus' Claws
|-singleturn|p1a: Venus' Claws|Protect
|move|p1b: Did I Win Yet?|Brave Bird|p2b: Dragapult
|-damage|p2b: Dragapult|67/100
|-damage|p1b: Did I Win Yet?|65/100|[from] Recoil
|move|p2b: Dragapult|Dragon Darts|p1b: Did I Win Yet?
|-damage|p1b: Did I Win Yet?|6/100
|-anim|p2b: Dragapult|Dragon Darts|p1b: Did I Win Yet?
|-damage|p1b: Did I Win Yet?|0 fnt
|faint|p1b: Did I Win Yet?
|move|p2a: Tauros|Will-O-Wisp|p1a: Venus' Claws
|-activate|p1a: Venus' Claws|move: Protect
|
|-weather|none
|-sideend|p1: KLOEEE|move: Tailwind
|-fieldend|move: Psychic Terrain
|upkeep
|turn|6
|
|t:|1755724296
|move|p1a: Venus' Claws|Throat Chop|p2b: Dragapult
|-supereffective|p2b: Dragapult
|-damage|p2b: Dragapult|7/100
|-start|p2b: Dragapult|Throat Chop|[silent]
|move|p2b: Dragapult|Dragon Darts|p1a: Venus' Claws
|-damage|p1a: Venus' Claws|0 fnt
|faint|p1a: Venus' Claws
|
|win|Gitano D Jaen
|raw|KLOEEE's rating: 1195 → 1177(-18 for losing)
|raw|Gitano D Jaen's rating: 1296 → 1314(+18 for winning)
|l|☆KLOEEE
|player|p1|
