|j|☆lox1sm
|j|☆ButterisBetter
|html|lox1smButterisBetter    
|uhtml|bestof|Game 1 of a best-of-3
|t:|1782401024
|gametype|doubles
|player|p1|lox1sm|veteran|1157
|player|p2|ButterisBetter|ethan|1055
|gen|9
|tier|[Gen 9 Champions] VGC 2026 Reg M-B (Bo3)
|rated|
|rule|Species Clause: Limit one of each Pokémon
|rule|Item Clause: Limit 1 of each item
|clearpoke
|poke|p1|Charizard, L50, F|
|poke|p1|Metagross, L50|
|poke|p1|Aerodactyl, L50, F|
|poke|p1|Garchomp, L50, M|
|poke|p1|Sylveon, L50, F|
|poke|p1|Kingambit, L50, F|
|poke|p2|Raichu, L50, F|
|poke|p2|Whimsicott, L50, M|
|poke|p2|Garchomp, L50, M|
|poke|p2|Archaludon, L50, F|
|poke|p2|Sneasler, L50, M|
|poke|p2|Sinistcha-Masterpiece, L50|
|teampreview|4
|showteam|p1|Charizard||CharizarditeY|Blaze|HeatWave,WeatherBall,SolarBeam,Protect|Modest||F|||50|]Metagross||Metagrossite|ClearBody|IronHead,PsychicFangs,StompingTantrum,Protect|Jolly|||||50|]Aerodactyl||SitrusBerry|Unnerve|RockSlide,IceFang,Tailwind,WideGuard|Jolly||F|||50|]Garchomp||LifeOrb|RoughSkin|DragonClaw,Earthquake,RockSlide,Protect|Jolly||M|||50|]Sylveon||FairyFeather|Pixilate|HyperVoice,HyperBeam,QuickAttack,Protect|Modest||F|||50|]Kingambit||FocusSash|Defiant|KowtowCleave,SuckerPunch,IronHead,LowKick|Adamant||F|||50|
|showteam|p2|Raichu||RaichuniteY|LightningRod|ZapCannon,FocusBlast,FakeOut,Protect|Timid||F|||50|]Whimsicott||FocusSash|Prankster|Moonblast,Tailwind,Encore,FakeTears|Bold||M|||50|]Garchomp||DragonFang|RoughSkin|StompingTantrum,DragonClaw,RockSlide,Protect|Jolly||M|||50|]Archaludon||MetalCoat|Stamina|FlashCannon,DracoMeteor,ElectroShot,Protect|Timid||F|||50|]Sneasler||WhiteHerb|Unburden|DireClaw,CloseCombat,ThroatChop,FakeOut|Adamant||M|||50|]Sinistcha-Masterpiece||Leftovers|Hospitality|MatchaGotcha,StrengthSap,ShadowBall,TrickRoom|Quiet|||||50|
|
|t:|1782401102
|teamsize|p1|4
|teamsize|p2|4
|start
|switch|p1a: Aerodactyl|Aerodactyl, L50, F|100/100
|switch|p1b: Kingambit|Kingambit, L50, F|100/100
|switch|p2a: Raichu|Raichu, L50, F|100/100
|switch|p2b: Whimsicott|Whimsicott, L50, M|100/100
|-ability|p1a: Aerodactyl|Unnerve
|turn|1
|
|t:|1782401127
|detailschange|p2a: Raichu|Raichu-Mega-Y, L50, F
|-mega|p2a: Raichu|Raichu|Raichunite Y
|move|p2b: Whimsicott|Tailwind|p2b: Whimsicott
|-sidestart|p2: ButterisBetter|move: Tailwind
|move|p2a: Raichu|Focus Blast|p1b: Kingambit
|-supereffective|p1b: Kingambit|2
|-enditem|p1b: Kingambit|Focus Sash
|-damage|p1b: Kingambit|1/100
|move|p1a: Aerodactyl|Tailwind|p1a: Aerodactyl
|-sidestart|p1: lox1sm|move: Tailwind
|move|p1b: Kingambit|Kowtow Cleave|p2a: Raichu
|-crit|p2a: Raichu
|-damage|p2a: Raichu|0 fnt
|faint|p2a: Raichu
|
|upkeep
|
|t:|1782401134
|switch|p2a: Archaludon|Archaludon, L50, F|100/100
|turn|2
|
|t:|1782401160
|switch|p1a: Garchomp|Garchomp, L50, M|100/100
|move|p2a: Archaludon|Flash Cannon|p1a: Garchomp
|-damage|p1a: Garchomp|43/100
|move|p2b: Whimsicott|Moonblast|p1b: Kingambit
|-damage|p1b: Kingambit|0 fnt
|faint|p1b: Kingambit
|
|upkeep
|
|t:|1782401180
|switch|p1b: Metagross|Metagross, L50|100/100
|turn|3
|
|t:|1782401193
|switch|p2a: Sneasler|Sneasler, L50, M|100/100
|detailschange|p1b: Metagross|Metagross-Mega, L50
|-mega|p1b: Metagross|Metagross|Metagrossite
|move|p1a: Garchomp|Protect|p1a: Garchomp
|-singleturn|p1a: Garchomp|Protect
|move|p1b: Metagross|Iron Head|p2b: Whimsicott
|-supereffective|p2b: Whimsicott|1
|-enditem|p2b: Whimsicott|Focus Sash
|-damage|p2b: Whimsicott|1/100
|move|p2b: Whimsicott|Moonblast|p1a: Garchomp
|-activate|p1a: Garchomp|move: Protect
|
|upkeep
|turn|4
|
|t:|1782401225
|switch|p1a: Aerodactyl|Aerodactyl, L50, F|100/100
|-ability|p1a: Aerodactyl|Unnerve
|move|p1b: Metagross|Iron Head|p2b: Whimsicott
|-supereffective|p2b: Whimsicott|1
|-damage|p2b: Whimsicott|0 fnt
|faint|p2b: Whimsicott
|move|p2a: Sneasler|Close Combat|p1b: Metagross
|-damage|p1b: Metagross|46/100
|-unboost|p2a: Sneasler|def|1
|-unboost|p2a: Sneasler|spd|1
|-enditem|p2a: Sneasler|White Herb
|-clearnegativeboost|p2a: Sneasler|[silent]
|
|-sideend|p2: ButterisBetter|move: Tailwind
|-sideend|p1: lox1sm|move: Tailwind
|upkeep
|
|t:|1782401229
|switch|p2b: Archaludon|Archaludon, L50, F|100/100
|turn|5
|
|t:|1782401285
|move|p1b: Metagross|Protect|p1b: Metagross
|-singleturn|p1b: Metagross|Protect
|move|p2a: Sneasler|Close Combat|p1a: Aerodactyl
|-damage|p1a: Aerodactyl|15/100
|-unboost|p2a: Sneasler|def|1
|-unboost|p2a: Sneasler|spd|1
|-enditem|p1a: Aerodactyl|Sitrus Berry|[eat]
|-heal|p1a: Aerodactyl|40/100|[from] item: Sitrus Berry
|move|p1a: Aerodactyl|Ice Fang|p2a: Sneasler
|-damage|p2a: Sneasler|59/100
|move|p2b: Archaludon|Electro Shot||[still]
|-prepare|p2b: Archaludon|Electro Shot
|-boost|p2b: Archaludon|spa|1
|
|upkeep
|turn|6
|
|t:|1782401306
|switch|p1a: Garchomp|Garchomp, L50, M|43/100
|move|p2a: Sneasler|Close Combat|p1b: Metagross
|-damage|p1b: Metagross|0 fnt
|-unboost|p2a: Sneasler|def|1
|-unboost|p2a: Sneasler|spd|1
|faint|p1b: Metagross
|move|p2b: Archaludon|Electro Shot|p1a: Garchomp|[from] lockedmove
|-immune|p1a: Garchomp
|
|upkeep
|
|t:|1782401316
|switch|p1b: Aerodactyl|Aerodactyl, L50, F|40/100
|-ability|p1b: Aerodactyl|Unnerve
|turn|7
|
|t:|1782401333
|move|p1a: Garchomp|Protect|p1a: Garchomp
|-singleturn|p1a: Garchomp|Protect
|move|p2a: Sneasler|Close Combat|p1b: Aerodactyl
|-damage|p1b: Aerodactyl|0 fnt
|-unboost|p2a: Sneasler|def|1
|-unboost|p2a: Sneasler|spd|1
|faint|p1b: Aerodactyl
|move|p2b: Archaludon|Flash Cannon|p1a: Garchomp
|-activate|p1a: Garchomp|move: Protect
|
|upkeep
|turn|8
|-message|lox1sm forfeited.
|
|win|ButterisBetter
|l|☆ButterisBetter
|player|p2|
||lox1sm is ready for game 2.
||ButterisBetter is ready for game 2.
|uhtml|next|Next: Game 2 of 3
