|j|☆hami_hiku
|j|☆tizio20
|html|hami_hikutizio20    
|uhtml|bestof|Game 3 of a best-of-3
|t:|1783531068
|gametype|doubles
|player|p1|hami_hiku|265|
|player|p2|tizio20|169|
|gen|9
|tier|[Gen 9 Champions] VGC 2026 Reg M-B (Bo3)
|rule|Species Clause: Limit one of each Pokémon
|rule|Item Clause: Limit 1 of each item
|clearpoke
|poke|p1|Swampert, L50, F|
|poke|p1|Pelipper, L50, M|
|poke|p1|Archaludon, L50, F|
|poke|p1|Farigiraf, L50, F|
|poke|p1|Incineroar, L50, M|
|poke|p1|Mawile, L50, F|
|poke|p2|Froslass, L50, F|
|poke|p2|Sneasler, L50, F|
|poke|p2|Kingambit, L50, M|
|poke|p2|Rotom-Mow, L50|
|poke|p2|Garchomp, L50, F|
|poke|p2|Aerodactyl, L50, M|
|teampreview|4
|showteam|p1|Swampert||Swampertite|Torrent|WaveCrash,Earthquake,IcePunch,Protect|Adamant||F|||50|]Pelipper||FocusSash|Drizzle|WeatherBall,Hurricane,Tailwind,Protect|Timid||M|||50|]Archaludon||Leftovers|Stamina|ElectroShot,FlashCannon,DragonPulse,Protect|Modest||F|||50|]Farigiraf||SitrusBerry|ArmorTail|Psychic,Thunderbolt,TrickRoom,RainDance|Relaxed||F|||50|]Incineroar||ShucaBerry|Intimidate|FlareBlitz,DarkestLariat,PartingShot,FakeOut|Adamant||M|||50|]Mawile||Mawilite|HyperCutter|PlayRough,IronHead,SuckerPunch,Protect|Adamant||F|||50|
|showteam|p2|Froslass||Froslassite|CursedBody|Blizzard,ShadowBall,AuroraVeil,Protect|Timid||F|||50|]Sneasler||WhiteHerb|Unburden|CloseCombat,DireClaw,FakeOut,Protect|Adamant||F|||50|]Kingambit||BlackGlasses|Defiant|KowtowCleave,IronHead,SuckerPunch,Protect|Adamant||M|||50|]Rotom-Mow||Leftovers|Levitate|LeafStorm,Thunderbolt,WillOWisp,Protect|Timid|||||50|]Garchomp||LifeOrb|RoughSkin|DragonClaw,RockSlide,StompingTantrum,Protect|Jolly||F|||50|]Aerodactyl||Aerodactylite|Unnerve|RockSlide,IceFang,DualWingbeat,Tailwind|Jolly||M|||50|
|inactive|Battle timer is ON: inactive players will automatically lose when time's up. (requested by tizio20)
|j| TheFiendishMeep
|inactive|tizio20 has 60 seconds left.
|inactive|hami_hiku has 60 seconds left.
|
|t:|1783531107
|teamsize|p1|4
|teamsize|p2|4
|start
|switch|p1a: Swampert|Swampert, L50, F|100/100
|switch|p1b: Farigiraf|Farigiraf, L50, F|100/100
|switch|p2a: Kingambit|Kingambit, L50, M|100/100
|switch|p2b: Froslass|Froslass, L50, F|100/100
|turn|1
|inactive|hami_hiku has 30 seconds left.
|inactive|hami_hiku has 20 seconds left.
|inactive|hami_hiku has 15 seconds left.
|inactive|hami_hiku has 10 seconds left.
|inactive|hami_hiku has 5 seconds left.
|
|t:|1783531160
|detailschange|p2b: Froslass|Froslass-Mega, L50, F
|-mega|p2b: Froslass|Froslass|Froslassite
|-weather|Snowscape|[from] ability: Snow Warning|[of] p2b: Froslass
|detailschange|p1a: Swampert|Swampert-Mega, L50, F
|-mega|p1a: Swampert|Swampert|Swampertite
|move|p1a: Swampert|Protect|p1a: Swampert
|-singleturn|p1a: Swampert|Protect
|move|p2a: Kingambit|Protect|p2a: Kingambit
|-singleturn|p2a: Kingambit|Protect
|move|p2b: Froslass|Aurora Veil|p2b: Froslass
|-sidestart|p2: tizio20|move: Aurora Veil
|move|p1b: Farigiraf|Rain Dance|p1b: Farigiraf
|-weather|RainDance
|
|-weather|RainDance|[upkeep]
|upkeep
|turn|2
|inactive|hami_hiku has 30 seconds left.
|inactive|tizio20 has 30 seconds left.
|inactive|hami_hiku has 20 seconds left.
|inactive|hami_hiku has 15 seconds left.
|inactive|hami_hiku has 10 seconds left.
|
|t:|1783531208
|switch|p2b: Rotom|Rotom-Mow, L50|100/100
|switch|p1b: Archaludon|Archaludon, L50, F|100/100
|move|p1a: Swampert|Earthquake|p2b: Rotom|[spread] p1b,p2a
|-immune|p2b: Rotom|[from] ability: Levitate
|-supereffective|p1b: Archaludon|1
|-supereffective|p2a: Kingambit|1
|-damage|p1b: Archaludon|36/100
|-damage|p2a: Kingambit|57/100
|-ability|p1b: Archaludon|Stamina|boost
|-boost|p1b: Archaludon|def|1
|move|p2a: Kingambit|Kowtow Cleave|p1b: Archaludon
|-damage|p1b: Archaludon|5/100
|-ability|p1b: Archaludon|Stamina|boost
|-boost|p1b: Archaludon|def|1
|
|-weather|RainDance|[upkeep]
|-heal|p1b: Archaludon|11/100|[from] item: Leftovers
|upkeep
|turn|3
|inactive|hami_hiku has 30 seconds left.
|inactive|hami_hiku has 20 seconds left.
|
|t:|1783531248
|switch|p1a: Farigiraf|Farigiraf, L50, F|100/100
|switch|p2a: Froslass|Froslass-Mega, L50, F|100/100
|-weather|Snowscape|[from] ability: Snow Warning|[of] p2a: Froslass
|move|p2b: Rotom|Leaf Storm|p1a: Farigiraf
|-damage|p1a: Farigiraf|56/100
|-unboost|p2b: Rotom|spa|2
|move|p1b: Archaludon|Electro Shot||[still]
|-prepare|p1b: Archaludon|Electro Shot
|-boost|p1b: Archaludon|spa|1
|
|-weather|Snowscape|[upkeep]
|-heal|p1b: Archaludon|17/100|[from] item: Leftovers
|upkeep
|turn|4
|
|t:|1783531268
|move|p2a: Froslass|Blizzard|p1b: Archaludon|[spread] p1a,p1b
|-damage|p1a: Farigiraf|13/100
|-damage|p1b: Archaludon|0 fnt
|-enditem|p1a: Farigiraf|Sitrus Berry|[eat]
|-heal|p1a: Farigiraf|38/100|[from] item: Sitrus Berry
|faint|p1b: Archaludon
|move|p2b: Rotom|Will-O-Wisp|p1a: Farigiraf
|-status|p1a: Farigiraf|brn
|move|p1a: Farigiraf|Trick Room|p1a: Farigiraf
|-fieldstart|move: Trick Room|[of] p1a: Farigiraf
|
|-weather|Snowscape|[upkeep]
|-damage|p1a: Farigiraf|32/100 brn|[from] brn
|upkeep
|
|t:|1783531279
|switch|p1b: Swampert|Swampert-Mega, L50, F|100/100
|turn|5
|
|t:|1783531289
|switch|p2a: Kingambit|Kingambit, L50, M|57/100
|move|p1a: Farigiraf|Psychic|p2b: Rotom
|-damage|p2b: Rotom|77/100
|move|p1b: Swampert|Ice Punch|p2b: Rotom
|-supereffective|p2b: Rotom|1
|-damage|p2b: Rotom|29/100
|move|p2b: Rotom|Will-O-Wisp|p1b: Swampert
|-status|p1b: Swampert|brn
|
|-weather|Snowscape|[upkeep]
|-heal|p2b: Rotom|35/100|[from] item: Leftovers
|-damage|p1a: Farigiraf|25/100 brn|[from] brn
|-damage|p1b: Swampert|94/100 brn|[from] brn
|-sideend|p2: tizio20|move: Aurora Veil
|upkeep
|turn|6
|
|t:|1783531308
|move|p2a: Kingambit|Kowtow Cleave|p1a: Farigiraf
|-supereffective|p1a: Farigiraf|1
|-damage|p1a: Farigiraf|0 fnt
|faint|p1a: Farigiraf
|move|p1b: Swampert|Ice Punch|p2b: Rotom
|-supereffective|p2b: Rotom|1
|-damage|p2b: Rotom|3/100
|move|p2b: Rotom|Leaf Storm|p1b: Swampert
|-supereffective|p1b: Swampert|2
|-damage|p1b: Swampert|4/100 brn
|-unboost|p2b: Rotom|spa|2
|
|-weather|Snowscape|[upkeep]
|-heal|p2b: Rotom|9/100|[from] item: Leftovers
|-damage|p1b: Swampert|0 fnt|[from] brn
|faint|p1b: Swampert
|upkeep
|-message|hami_hiku forfeited.
|
|win|tizio20
|l|☆hami_hiku
|player|p1|
|c|☆tizio20|gg
|l| TheFiendishMeep
