|j|☆Hemz0 0
|j|☆SupernovaSZ8
|html|Hemz0 0SupernovaSZ8    
|uhtml|bestof|Game 3 of a best-of-3
|t:|1756496101
|gametype|doubles
|player|p1|Hemz0 0|depotagent|1213
|player|p2|SupernovaSZ8|nessa|1237
|gen|9
|tier|[Gen 9] VGC 2025 Reg H (Bo3)
|rated|
|rule|Species Clause: Limit one of each Pokémon
|rule|Item Clause: Limit 1 of each item
|clearpoke
|poke|p1|Pelipper, L50, F|
|poke|p1|Archaludon, L50, M|
|poke|p1|Incineroar, L50, M|
|poke|p1|Sneasler, L50, F|
|poke|p1|Rillaboom, L50, M|
|poke|p1|Gholdengo, L50|
|poke|p2|Gholdengo, L50|
|poke|p2|Ursaluna-Bloodmoon, L50, M|
|poke|p2|Incineroar, L50, M|
|poke|p2|Sneasler, L50, F|
|poke|p2|Whimsicott, L50, F|
|poke|p2|Porygon2, L50|
|teampreview|4
|showteam|p1|Pelipper||ChoiceScarf|Drizzle|WeatherBall,Hurricane,Tailwind,Uturn|||F|||50|,,,,,Ghost]Archaludon||PowerHerb|Sturdy|ElectroShot,DragonPulse,FlashCannon,Protect|||M|||50|,,,,,Electric]Incineroar||SafetyGoggles|Intimidate|Taunt,FakeOut,KnockOff,PartingShot|||M|||50|,,,,,Ghost]Sneasler||GrassySeed|Unburden|CloseCombat,DireClaw,ThroatChop,Protect|||F|||50|,,,,,Dark]Rillaboom||AssaultVest|GrassySurge|WoodHammer,GrassyGlide,FakeOut,HighHorsepower|||M|||50|,,,,,Fire]Gholdengo||MetalCoat|GoodasGold|ShadowBall,MakeItRain,NastyPlot,Protect||||||50|,,,,,Fighting
|showteam|p2|Gholdengo||MetalCoat|GoodasGold|MakeItRain,ShadowBall,NastyPlot,Protect||||||50|,,,,,Dragon]Ursaluna-Bloodmoon||LifeOrb|MindsEye|HyperVoice,EarthPower,BloodMoon,Protect|||M|||50|,,,,,Normal]Incineroar||SafetyGoggles|Intimidate|FlareBlitz,KnockOff,FakeOut,PartingShot|||M|||50|,,,,,Water]Sneasler||WhiteHerb|Unburden|DireClaw,CloseCombat,ThroatChop,Protect|||F|||50|,,,,,Stellar]Whimsicott||FocusSash|Prankster|Moonblast,Tailwind,Encore,Protect|||F|||50|,,,,,Ghost]Porygon2||Eviolite|Download|TeraBlast,IceBeam,TrickRoom,Recover||||||50|,,,,,Ground
|
|t:|1756496138
|teamsize|p1|4
|teamsize|p2|4
|start
|switch|p1a: Sabzi Wala|Rillaboom, L50, M, shiny|100/100
|switch|p1b: Gholdengo|Gholdengo, L50|100/100
|switch|p2a: Ursaluna|Ursaluna-Bloodmoon, L50, M|100/100
|switch|p2b: Sneasler|Sneasler, L50, F|100/100
|-fieldstart|move: Grassy Terrain|[from] ability: Grassy Surge|[of] p1a: Sabzi Wala
|turn|1
|
|t:|1756496157
|-terastallize|p1b: Gholdengo|Fighting
|move|p2b: Sneasler|Dire Claw|p1a: Sabzi Wala
|-supereffective|p1a: Sabzi Wala
|-damage|p1a: Sabzi Wala|28/100
|move|p1b: Gholdengo|Nasty Plot|p1b: Gholdengo
|-boost|p1b: Gholdengo|spa|2
|move|p1a: Sabzi Wala|High Horsepower|p2b: Sneasler
|-supereffective|p2b: Sneasler
|-damage|p2b: Sneasler|17/100
|move|p2a: Ursaluna|Earth Power|p1b: Gholdengo
|-damage|p1b: Gholdengo|43/100
|-damage|p2a: Ursaluna|91/100|[from] item: Life Orb
|
|-heal|p2b: Sneasler|23/100|[from] Grassy Terrain
|-heal|p1b: Gholdengo|49/100|[from] Grassy Terrain
|-heal|p1a: Sabzi Wala|34/100|[from] Grassy Terrain
|-heal|p2a: Ursaluna|97/100|[from] Grassy Terrain
|upkeep
|turn|2
|
|t:|1756496191
|switch|p2a: Gholdengo|Gholdengo, L50|100/100
|move|p2b: Sneasler|Protect|p2b: Sneasler
|-singleturn|p2b: Sneasler|Protect
|move|p1b: Gholdengo|Protect|p1b: Gholdengo
|-singleturn|p1b: Gholdengo|Protect
|move|p1a: Sabzi Wala|Grassy Glide|p2b: Sneasler
|-activate|p2b: Sneasler|move: Protect
|
|-heal|p2b: Sneasler|29/100|[from] Grassy Terrain
|-heal|p1b: Gholdengo|56/100|[from] Grassy Terrain
|-heal|p1a: Sabzi Wala|40/100|[from] Grassy Terrain
|upkeep
|turn|3
|
|t:|1756496216
|move|p2b: Sneasler|Close Combat|p1b: Gholdengo
|-damage|p1b: Gholdengo|0 fnt
|-unboost|p2b: Sneasler|def|1
|-unboost|p2b: Sneasler|spd|1
|faint|p1b: Gholdengo
|-enditem|p2b: Sneasler|White Herb
|-clearnegativeboost|p2b: Sneasler|[silent]
|move|p2a: Gholdengo|Make It Rain|p1a: Sabzi Wala
|-damage|p1a: Sabzi Wala|0 fnt
|-unboost|p2a: Gholdengo|spa|1
|faint|p1a: Sabzi Wala
|
|-heal|p2b: Sneasler|35/100|[from] Grassy Terrain
|upkeep
|
|t:|1756496226
|switch|p1b: Incineroar|Incineroar, L50, M|100/100
|switch|p1a: Sneasler|Sneasler, L50, F|100/100
|-ability|p1b: Incineroar|Intimidate|boost
|-unboost|p2a: Gholdengo|atk|1
|-unboost|p2b: Sneasler|atk|1
|-enditem|p1a: Sneasler|Grassy Seed
|-boost|p1a: Sneasler|def|1|[from] item: Grassy Seed
|turn|4
|
|t:|1756496258
|-terastallize|p2a: Gholdengo|Dragon
|move|p1a: Sneasler|Dire Claw|p2b: Sneasler
|-resisted|p2b: Sneasler
|-damage|p2b: Sneasler|5/100
|-status|p2b: Sneasler|par
|cant|p2b: Sneasler|par
|move|p2a: Gholdengo|Nasty Plot|p2a: Gholdengo
|-boost|p2a: Gholdengo|spa|2
|move|p1b: Incineroar|Knock Off|p2a: Gholdengo
|-damage|p2a: Gholdengo|66/100
|-enditem|p2a: Gholdengo|Metal Coat|[from] move: Knock Off|[of] p1b: Incineroar
|
|-heal|p2b: Sneasler|11/100 par|[from] Grassy Terrain
|-heal|p2a: Gholdengo|72/100|[from] Grassy Terrain
|upkeep
|turn|5
|
|t:|1756496284
|move|p2a: Gholdengo|Protect|p2a: Gholdengo
|-singleturn|p2a: Gholdengo|Protect
|move|p1a: Sneasler|Close Combat|p2a: Gholdengo
|-activate|p2a: Gholdengo|move: Protect
|move|p2b: Sneasler|Close Combat|p1b: Incineroar
|-supereffective|p1b: Incineroar
|-damage|p1b: Incineroar|32/100
|-unboost|p2b: Sneasler|def|1
|-unboost|p2b: Sneasler|spd|1
|move|p1b: Incineroar|Knock Off|p2a: Gholdengo
|-activate|p2a: Gholdengo|move: Protect
|
|-heal|p2b: Sneasler|17/100 par|[from] Grassy Terrain
|-heal|p2a: Gholdengo|78/100|[from] Grassy Terrain
|-heal|p1b: Incineroar|38/100|[from] Grassy Terrain
|-fieldend|move: Grassy Terrain
|upkeep
|turn|6
|
|t:|1756496304
|move|p1a: Sneasler|Close Combat|p2a: Gholdengo
|-damage|p2a: Gholdengo|22/100
|-unboost|p1a: Sneasler|def|1
|-unboost|p1a: Sneasler|spd|1
|cant|p2b: Sneasler|par
|move|p2a: Gholdengo|Make It Rain|p1a: Sneasler|[spread] p1a,p1b
|-resisted|p1b: Incineroar
|-damage|p1a: Sneasler|0 fnt
|-damage|p1b: Incineroar|13/100
|-unboost|p2a: Gholdengo|spa|1
|faint|p1a: Sneasler
|move|p1b: Incineroar|Knock Off|p2a: Gholdengo
|-damage|p2a: Gholdengo|0 fnt
|faint|p2a: Gholdengo
|
|upkeep
|
|t:|1756496318
|switch|p2a: Whimsicott|Whimsicott, L50, F|100/100
|turn|7
|
|t:|1756496322
|move|p2a: Whimsicott|Tailwind|p2a: Whimsicott
|-sidestart|p2: SupernovaSZ8|move: Tailwind
|cant|p2b: Sneasler|par
|move|p1b: Incineroar|Knock Off|p2b: Sneasler
|-resisted|p2b: Sneasler
|-damage|p2b: Sneasler|0 fnt
|faint|p2b: Sneasler
|
|upkeep
|
|t:|1756496327
|switch|p2b: Ursaluna|Ursaluna-Bloodmoon, L50, M|97/100
|turn|8
|
|t:|1756496334
|move|p2a: Whimsicott|Moonblast|p1b: Incineroar
|-damage|p1b: Incineroar|0 fnt
|faint|p1b: Incineroar
|
|win|SupernovaSZ8
|raw|Hemz0 0's rating: 1213 → 1190(-23 for losing)
|raw|SupernovaSZ8's rating: 1237 → 1260(+23 for winning)
|l|☆Hemz0 0
|player|p1|
