|j|☆WASHINGTONGARGACHA
|j|☆monado476
|html|WASHINGTONGARGACHAmonado476    
|uhtml|bestof|Game 2 of a best-of-3
|t:|1756432330
|gametype|doubles
|player|p1|WASHINGTONGARGACHA|265|1096
|player|p2|monado476|volkner|1058
|gen|9
|tier|[Gen 9] VGC 2025 Reg H (Bo3)
|rated|
|rule|Species Clause: Limit one of each Pokémon
|rule|Item Clause: Limit 1 of each item
|clearpoke
|poke|p1|Gholdengo, L50|
|poke|p1|Ursaluna, L50, F|
|poke|p1|Archaludon, L50, M|
|poke|p1|Murkrow, L50, F|
|poke|p1|Farigiraf, L50, F|
|poke|p1|Palafin, L50, F|
|poke|p2|Incineroar, L50, F|
|poke|p2|Whimsicott, L50, F|
|poke|p2|Goodra-Hisui, L50, F|
|poke|p2|Kleavor, L50, F|
|poke|p2|Gholdengo, L50|
|poke|p2|Primarina, L50, M|
|teampreview|4
|showteam|p1|Gholdengo||SitrusBerry|GoodasGold|ShadowBall,MakeItRain,NastyPlot,Protect||||||50|,,,,,Water]Ursaluna||FlameOrb|Guts|Facade,Earthquake,Protect,HeadlongRush|||F|||50|,,,,,Ghost]Archaludon||PowerHerb|Stamina|ElectroShot,FlashCannon,DracoMeteor,Protect|||M|||50|,,,,,Grass]Murkrow||Eviolite|Prankster|Tailwind,RainDance,FoulPlay,Haze|||F|||50|,,,,,Dark]Farigiraf||ThroatSpray|ArmorTail|HyperVoice,TrickRoom,Psychic,Protect|||F|||50|,,,,,Fairy]Palafin||MysticWater|ZerotoHero|FlipTurn,Protect,JetPunch,WaveCrash|||F|||50|,,,,,Water
|showteam|p2|Incineroar||SafetyGoggles|Intimidate|FakeOut,PartingShot,KnockOff,FlareBlitz|||F|||50|,,,,,Grass]Whimsicott||FocusSash|Prankster|Moonblast,Tailwind,Encore,Taunt|||F|||50|,,,,,Ghost]Goodra-Hisui||Leftovers|SapSipper|AcidArmor,BodyPress,Thunderbolt,Protect|||F|||50|,,,,,Flying]Kleavor||LifeOrb|Sharpness|StoneAxe,NightSlash,XScissor,Protect|||F|||50|,,,,,Steel]Gholdengo||MetalCoat|GoodasGold|MakeItRain,ShadowBall,NastyPlot,Protect||||||50|,,,,,Steel]Primarina||CovertCloak|LiquidVoice|Haze,HyperVoice,Moonblast,Protect|||M|||50|,,,,,Poison
|inactive|Battle timer is ON: inactive players will automatically lose when time's up. (requested by monado476)
|
|t:|1756432359
|teamsize|p1|4
|teamsize|p2|4
|start
|switch|p1a: Farigiraf|Farigiraf, L50, F|100/100
|switch|p1b: Palafin|Palafin, L50, F|100/100
|switch|p2a: Primarina|Primarina, L50, M|100/100
|switch|p2b: Goodra|Goodra-Hisui, L50, F|100/100
|turn|1
|
|t:|1756432381
|detailschange|p1b: Palafin|Palafin-Hero, L50, F
|switch|p1b: Ursaluna|Ursaluna, L50, F|100/100
|move|p1a: Farigiraf|Protect|p1a: Farigiraf
|-singleturn|p1a: Farigiraf|Protect
|move|p2a: Primarina|Moonblast|p1b: Ursaluna
|-damage|p1b: Ursaluna|52/100
|move|p2b: Goodra|Acid Armor|p2b: Goodra
|-boost|p2b: Goodra|def|2
|
|-status|p1b: Ursaluna|brn|[from] item: Flame Orb
|upkeep
|turn|2
|
|t:|1756432406
|move|p1b: Ursaluna|Protect|p1b: Ursaluna
|-singleturn|p1b: Ursaluna|Protect
|move|p2a: Primarina|Hyper Voice|p1a: Farigiraf|[spread] p1a
|-activate|p1b: Ursaluna|move: Protect
|-damage|p1a: Farigiraf|71/100
|move|p2b: Goodra|Thunderbolt|p1b: Ursaluna
|-activate|p1b: Ursaluna|move: Protect
|move|p1a: Farigiraf|Trick Room|p1a: Farigiraf
|-fieldstart|move: Trick Room|[of] p1a: Farigiraf
|
|-damage|p1b: Ursaluna|46/100 brn|[from] brn
|upkeep
|turn|3
|inactive|WASHINGTONGARGACHA has 30 seconds left.
|inactive|monado476 has 30 seconds left.
|
|t:|1756432436
|move|p1a: Farigiraf|Protect|p1a: Farigiraf
|-singleturn|p1a: Farigiraf|Protect
|move|p2b: Goodra|Protect|p2b: Goodra
|-singleturn|p2b: Goodra|Protect
|move|p2a: Primarina|Protect|p2a: Primarina
|-singleturn|p2a: Primarina|Protect
|move|p1b: Ursaluna|Earthquake|p2b: Goodra|[spread] 
|-activate|p1a: Farigiraf|move: Protect
|-activate|p2a: Primarina|move: Protect
|-activate|p2b: Goodra|move: Protect
|
|-damage|p1b: Ursaluna|40/100 brn|[from] brn
|upkeep
|turn|4
|
|t:|1756432461
|move|p1a: Farigiraf|Hyper Voice|p2b: Goodra|[spread] p2a,p2b
|-resisted|p2b: Goodra
|-damage|p2a: Primarina|72/100
|-damage|p2b: Goodra|92/100
|-enditem|p1a: Farigiraf|Throat Spray
|-boost|p1a: Farigiraf|spa|1|[from] item: Throat Spray
|move|p1b: Ursaluna|Facade|p2a: Primarina
|-damage|p2a: Primarina|0 fnt
|faint|p2a: Primarina
|move|p2b: Goodra|Body Press|p1a: Farigiraf
|-damage|p1a: Farigiraf|23/100
|
|-heal|p2b: Goodra|98/100|[from] item: Leftovers
|-damage|p1b: Ursaluna|33/100 brn|[from] brn
|upkeep
|
|t:|1756432475
|switch|p2a: Kleavor|Kleavor, L50, F|100/100
|turn|5
|
|t:|1756432493
|move|p1b: Ursaluna|Protect|p1b: Ursaluna
|-singleturn|p1b: Ursaluna|Protect
|move|p2a: Kleavor|Protect|p2a: Kleavor
|-singleturn|p2a: Kleavor|Protect
|move|p1a: Farigiraf|Hyper Voice|p2b: Goodra|[spread] p2b
|-activate|p2a: Kleavor|move: Protect
|-resisted|p2b: Goodra
|-damage|p2b: Goodra|83/100
|move|p2b: Goodra|Body Press|p1a: Farigiraf
|-damage|p1a: Farigiraf|0 fnt
|faint|p1a: Farigiraf
|
|-heal|p2b: Goodra|89/100|[from] item: Leftovers
|-damage|p1b: Ursaluna|27/100 brn|[from] brn
|upkeep
|
|t:|1756432507
|switch|p1a: Palafin|Palafin-Hero, L50, F|100/100
|-activate|p1a: Palafin|ability: Zero to Hero
|turn|6
|
|t:|1756432524
|switch|p2a: Whimsicott|Whimsicott, L50, F|100/100
|-terastallize|p1a: Palafin|Water
|move|p1a: Palafin|Jet Punch|p2a: Whimsicott
|-resisted|p2a: Whimsicott
|-damage|p2a: Whimsicott|54/100
|move|p1b: Ursaluna|Headlong Rush|p2b: Goodra
|-supereffective|p2b: Goodra
|-damage|p2b: Goodra|0 fnt
|-unboost|p1b: Ursaluna|def|1
|-unboost|p1b: Ursaluna|spd|1
|faint|p2b: Goodra
|
|-damage|p1b: Ursaluna|21/100 brn|[from] brn
|-fieldend|move: Trick Room
|upkeep
|
|t:|1756432536
|switch|p2b: Kleavor|Kleavor, L50, F|100/100
|turn|7
|inactive|monado476 has 30 seconds left.
|inactive|monado476 has 20 seconds left.
|inactive|monado476 has 15 seconds left.
|
|t:|1756432580
|-terastallize|p2b: Kleavor|Steel
|move|p1a: Palafin|Jet Punch|p2b: Kleavor
|-damage|p2b: Kleavor|32/100
|move|p2a: Whimsicott|Moonblast|p1a: Palafin
|-damage|p1a: Palafin|62/100
|move|p2b: Kleavor|X-Scissor|p1a: Palafin
|-damage|p1a: Palafin|0 fnt
|faint|p1a: Palafin
|-damage|p2b: Kleavor|22/100|[from] item: Life Orb
|move|p1b: Ursaluna|Facade|p2a: Whimsicott
|-damage|p2a: Whimsicott|0 fnt
|faint|p2a: Whimsicott
|
|-damage|p1b: Ursaluna|15/100 brn|[from] brn
|upkeep
|
|t:|1756432596
|switch|p1a: Archaludon|Archaludon, L50, M|100/100
|turn|8
|
|t:|1756432609
|move|p2b: Kleavor|Protect|p2b: Kleavor
|-singleturn|p2b: Kleavor|Protect
|move|p1a: Archaludon|Electro Shot||[still]
|-prepare|p1a: Archaludon|Electro Shot
|-boost|p1a: Archaludon|spa|1
|-enditem|p1a: Archaludon|Power Herb
|-anim|p1a: Archaludon|Electro Shot|p2b: Kleavor
|-activate|p2b: Kleavor|move: Protect
|move|p1b: Ursaluna|Facade|p2b: Kleavor
|-activate|p2b: Kleavor|move: Protect
|
|-damage|p1b: Ursaluna|9/100 brn|[from] brn
|upkeep
|turn|9
|
|t:|1756432631
|move|p2b: Kleavor|Protect|p2b: Kleavor
|-singleturn|p2b: Kleavor|Protect
|move|p1a: Archaludon|Flash Cannon|p2b: Kleavor
|-activate|p2b: Kleavor|move: Protect
|move|p1b: Ursaluna|Facade|p2b: Kleavor
|-activate|p2b: Kleavor|move: Protect
|
|-damage|p1b: Ursaluna|3/100 brn|[from] brn
|upkeep
|turn|10
|
|t:|1756432646
|move|p1a: Archaludon|Flash Cannon|p2b: Kleavor
|-resisted|p2b: Kleavor
|-damage|p2b: Kleavor|0 fnt
|faint|p2b: Kleavor
|
|win|WASHINGTONGARGACHA
|raw|WASHINGTONGARGACHA's rating: 1096 → 1119(+23 for winning)
|raw|monado476's rating: 1058 → 1041(-17 for losing)
