|j|☆MaxwellBaker
|j|☆onyx_idable
|html|MaxwellBakeronyx_idable    
|uhtml|bestof|Game 1 of a best-of-3
|t:|1784921317
|gametype|doubles
|player|p1|MaxwellBaker|102|1117
|player|p2|onyx_idable|n|1021
|gen|9
|tier|[Gen 9 Champions] VGC 2026 Reg M-B (Bo3)
|rated|
|rule|Species Clause: Limit one of each Pokémon
|rule|Item Clause: Limit 1 of each item
|clearpoke
|poke|p1|Decidueye-Hisui, L50, M|
|poke|p1|Florges, L50, F|
|poke|p1|Raichu, L50, F|
|poke|p1|Incineroar, L50, F|
|poke|p1|Staraptor, L50, F|
|poke|p1|Milotic, L50, M|
|poke|p2|Floette-Eternal, L50, F|
|poke|p2|Glimmora, L50, F|
|poke|p2|Sinistcha, L50|
|poke|p2|Incineroar, L50, M|
|poke|p2|Zoroark-Hisui, L50, M, shiny|
|poke|p2|Sneasler, L50, F|
|teampreview|4
|showteam|p1|Decidueye-Hisui||ScopeLens|Scrappy|TripleArrows,LeafBlade,SuckerPunch,Protect|Jolly||M|||50|]Florges||LifeOrb|FlowerVeil|Moonblast,Psychic,PollenPuff,Protect|Modest||F|||50|]Raichu||RaichuniteY|LightningRod|FakeOut,ZapCannon,FocusBlast,Protect|Timid||F|||50|]Incineroar||SitrusBerry|Intimidate|FakeOut,FlareBlitz,ThroatChop,PartingShot|Careful||F|||50|]Staraptor||Staraptite|Intimidate|BraveBird,CloseCombat,Tailwind,Protect|Jolly||F|||50|]Milotic||Leftovers|Competitive|Scald,IceBeam,Haze,Protect|Bold||M|||50|
|showteam|p2|Floette-Eternal||Floettite|FlowerVeil|Moonblast,DrainingKiss,CalmMind,Protect|Modest||F|||50|]Glimmora||Glimmoranite|ToxicDebris|PowerGem,EarthPower,SludgeBomb,SpikyShield|Timid||F|||50|]Sinistcha||KasibBerry|Hospitality|MatchaGotcha,RagePowder,StrengthSap,TrickRoom|Bold|||||50|]Incineroar||SitrusBerry|Intimidate|FakeOut,PartingShot,FlareBlitz,DarkestLariat|Careful||M|||50|]Zoroark-Hisui||FocusSash|Illusion|HyperVoice,ShadowBall,IcyWind,NastyPlot|Timid||M|||50|]Sneasler||WhiteHerb|Unburden|CloseCombat,DireClaw,FakeOut,QuickGuard|Jolly||F|||50|
|c|☆MaxwellBaker|gl hf
|c|☆onyx_idable|what ?
|
|t:|1784921420
|teamsize|p1|4
|teamsize|p2|4
|start
|switch|p1a: Raichu|Raichu, L50, F|100/100
|switch|p1b: Decidueye|Decidueye-Hisui, L50, M|100/100
|switch|p2a: Incineroar|Incineroar, L50, M|100/100
|switch|p2b: Floette|Floette-Eternal, L50, F|100/100
|-ability|p2a: Incineroar|Intimidate|boost
|-unboost|p1a: Raichu|atk|1
|-fail|p1b: Decidueye|unboost|Attack|[from] ability: Scrappy|[of] p1b: Decidueye
|turn|1
|
|t:|1784921448
|detailschange|p1a: Raichu|Raichu-Mega-Y, L50, F
|-mega|p1a: Raichu|Raichu|Raichunite Y
|move|p1a: Raichu|Fake Out|p2a: Incineroar
|-damage|p2a: Incineroar|95/100
|move|p2b: Floette|Icy Wind|p1b: Decidueye|[spread] p1a,p1b
|-supereffective|p1b: Decidueye|1
|-damage|p1a: Raichu|79/100
|-damage|p1b: Decidueye|68/100
|-unboost|p1a: Raichu|spe|1
|-unboost|p1b: Decidueye|spe|1
|cant|p2a: Incineroar|flinch
|move|p1b: Decidueye|Leaf Blade|p2b: Floette
|-damage|p2b: Floette|20/100y
|replace|p2b: Zoroark|Zoroark-Hisui, L50, M, shiny
|-end|p2b: Zoroark|Illusion
|
|upkeep
|turn|2
|
|t:|1784921500
|switch|p1a: Milotic|Milotic, L50, M|100/100
|switch|p1b: Incineroar|Incineroar, L50, F|100/100
|-ability|p1b: Incineroar|Intimidate|boost
|-unboost|p2a: Incineroar|atk|1
|-unboost|p2b: Zoroark|atk|1
|move|p2b: Zoroark|Hyper Voice|p1a: Milotic|[spread] p1a,p1b
|-damage|p1a: Milotic|76/100
|-damage|p1b: Incineroar|74/100
|move|p2a: Incineroar|Flare Blitz|p1b: Incineroar
|-resisted|p1b: Incineroar|1
|-damage|p1b: Incineroar|60/100
|-damage|p2a: Incineroar|90/100|[from] Recoil
|
|-heal|p1a: Milotic|82/100|[from] item: Leftovers
|upkeep
|turn|3
|
|t:|1784921532
|switch|p2b: Sneasler|Sneasler, L50, F|100/100
|move|p1a: Milotic|Scald|p2a: Incineroar
|-supereffective|p2a: Incineroar|1
|-damage|p2a: Incineroar|48/100
|-enditem|p2a: Incineroar|Sitrus Berry|[eat]
|-heal|p2a: Incineroar|73/100|[from] item: Sitrus Berry
|move|p1b: Incineroar|Throat Chop|p2b: Sneasler
|-resisted|p2b: Sneasler|1
|-damage|p2b: Sneasler|73/100
|-start|p2b: Sneasler|Throat Chop|[silent]
|move|p2a: Incineroar|Parting Shot|p1a: Milotic
|-unboost|p1a: Milotic|atk|1
|-ability|p1a: Milotic|Competitive|boost
|-boost|p1a: Milotic|spa|2
|-unboost|p1a: Milotic|spa|1
|-ability|p1a: Milotic|Competitive|boost
|-boost|p1a: Milotic|spa|2
|
|t:|1784921565
|switch|p2a: Floette|Floette-Eternal, L50, F|20/100y|[from] Parting Shot
|
|-heal|p1a: Milotic|88/100|[from] item: Leftovers
|upkeep
|turn|4
|
|t:|1784921587
|move|p2b: Sneasler|Fake Out|p1a: Milotic
|-damage|p1a: Milotic|76/100
|move|p2a: Floette|Hyper Voice|p1b: Incineroar|[spread] p1a,p1b
|-damage|p1a: Milotic|50/100g
|-damage|p1b: Incineroar|32/100
|-enditem|p1b: Incineroar|Sitrus Berry|[eat]
|-heal|p1b: Incineroar|56/100|[from] item: Sitrus Berry
|cant|p1a: Milotic|flinch
|move|p1b: Incineroar|Flare Blitz|p2a: Floette
|-damage|p2a: Floette|0 fnt
|replace|p2a: Zoroark|Zoroark-Hisui, L50, M, shiny
|-end|p2a: Zoroark|Illusion
|faint|p2a: Zoroark
|-damage|p1b: Incineroar|52/100|[from] Recoil
|
|-heal|p1a: Milotic|56/100|[from] item: Leftovers
|-end|p2b: Sneasler|Throat Chop|[silent]
|upkeep
|
|t:|1784921604
|switch|p2a: Floette|Floette-Eternal, L50, F|100/100
|turn|5
|inactive|Battle timer is ON: inactive players will automatically lose when time's up. (requested by onyx_idable)
|
|t:|1784921657
|move|p2a: Floette|Protect|p2a: Floette
|-singleturn|p2a: Floette|Protect
|move|p1a: Milotic|Protect|p1a: Milotic
|-singleturn|p1a: Milotic|Protect
|move|p2b: Sneasler|Close Combat|p1b: Incineroar
|-supereffective|p1b: Incineroar|1
|-damage|p1b: Incineroar|0 fnt
|-unboost|p2b: Sneasler|def|1
|-unboost|p2b: Sneasler|spd|1
|faint|p1b: Incineroar
|-enditem|p2b: Sneasler|White Herb
|-clearnegativeboost|p2b: Sneasler|[silent]
|
|-heal|p1a: Milotic|62/100|[from] item: Leftovers
|upkeep
|
|t:|1784921670
|switch|p1b: Raichu|Raichu-Mega-Y, L50, F|79/100
|turn|6
|inactive|MaxwellBaker has 30 seconds left.
|inactive|onyx_idable has 30 seconds left.
|inactive|onyx_idable has 20 seconds left.
|inactive|onyx_idable has 15 seconds left.
|
|t:|1784921710
|switch|p2a: Incineroar|Incineroar, L50, M|73/100
|-ability|p2a: Incineroar|Intimidate|boost
|-unboost|p1a: Milotic|atk|1
|-ability|p1a: Milotic|Competitive|boost
|-boost|p1a: Milotic|spa|2
|-unboost|p1b: Raichu|atk|1
|move|p1b: Raichu|Fake Out|p2b: Sneasler
|-damage|p2b: Sneasler|63/100
|cant|p2b: Sneasler|flinch
|move|p1a: Milotic|Scald|p2a: Incineroar
|-supereffective|p2a: Incineroar|1
|-damage|p2a: Incineroar|0 fnt
|faint|p2a: Incineroar
|
|-heal|p1a: Milotic|68/100|[from] item: Leftovers
|upkeep
|
|t:|1784921727
|switch|p2a: Floette|Floette-Eternal, L50, F|100/100
|turn|7
|inactive|MaxwellBaker has 30 seconds left.
|
|t:|1784921761
|move|p2a: Floette|Protect|p2a: Floette
|-singleturn|p2a: Floette|Protect
|move|p2b: Sneasler|Dire Claw|p1b: Raichu
|-damage|p1b: Raichu|17/100
|-status|p1b: Raichu|slp
|cant|p1b: Raichu|slp
|move|p1a: Milotic|Scald|p2b: Sneasler
|-damage|p2b: Sneasler|0 fnt
|faint|p2b: Sneasler
|
|-heal|p1a: Milotic|74/100|[from] item: Leftovers
|upkeep
|turn|8
|
|t:|1784921782
|detailschange|p2a: Floette|Floette-Mega, L50, F
|-mega|p2a: Floette|Floette|Floettite
|-ability|p2a: Floette|Fairy Aura
|-curestatus|p1b: Raichu|slp|[msg]
|move|p1b: Raichu|Zap Cannon|p2a: Floette
|-damage|p2a: Floette|54/100
|-status|p2a: Floette|par
|move|p1a: Milotic|Scald|p2a: Floette
|-damage|p2a: Floette|0 fnt
|faint|p2a: Floette
|
|win|MaxwellBaker
|inactive|MaxwellBaker has 30 seconds to confirm battle start!
|inactive|onyx_idable has 30 seconds to confirm battle start!
