|j|☆trypy
|j|☆sinduhquil
|html|trypysinduhquil    
|uhtml|bestof|Game 1 of a best-of-3
|t:|1784683162
|gametype|doubles
|player|p1|trypy|101|
|player|p2|sinduhquil|flannery|
|gen|9
|tier|[Gen 9 Champions] VGC 2026 Reg M-B (Bo3)
|rule|Species Clause: Limit one of each Pokémon
|rule|Item Clause: Limit 1 of each item
|clearpoke
|poke|p1|Garchomp, L50, M, shiny|
|poke|p1|Aerodactyl, L50, M|
|poke|p1|Slowbro, L50, M, shiny|
|poke|p1|Charizard, L50, M, shiny|
|poke|p1|Sylveon, L50, F, shiny|
|poke|p1|Incineroar, L50, M, shiny|
|poke|p2|Gengar, L50, M, shiny|
|poke|p2|Scrafty, L50, F|
|poke|p2|Rotom-Wash, L50, shiny|
|poke|p2|Samurott, L50, M, shiny|
|poke|p2|Ninetales-Alola, L50, F, shiny|
|poke|p2|Dragonite, L50, M, shiny|
|teampreview|4
|showteam|p1|Garchomp||WhiteHerb|RoughSkin|Earthquake,Protect,RockSlide,DragonClaw|Jolly||M|||50|]Aerodactyl||FocusSash|Unnerve|Tailwind,Protect,RockSlide,Earthquake|Jolly||M|||50|]Slowbro||Leftovers|Regenerator|Protect,Psychic,TrickRoom,Flamethrower|Sassy||M|||50|]Charizard||CharizarditeY|Blaze|HeatWave,SolarBeam,Protect,Roost|Modest||M|||50|]Sylveon||KebiaBerry|Pixilate|ShadowBall,HyperVoice,Protect,HyperBeam|Modest||F|||50|]Incineroar||ChoiceScarf|Intimidate|PartingShot,FlareBlitz,DarkestLariat,FakeOut|Adamant||M|||50|
|showteam|p2|Gengar||Gengarite|CursedBody|Thunderbolt,SludgeBomb,ShadowBall,Protect|Modest||M|||50|]Scrafty||RoseliBerry|Intimidate|FakeOut,CloseCombat,DrainPunch,Protect|Adamant||F|||50|]Rotom-Wash||ChoiceScarf|Levitate|VoltSwitch,HydroPump,Thunderbolt,WillOWisp|Timid|||||50|]Samurott||LifeOrb|Torrent|AquaJet,RainDance,Protect,Liquidation|Adamant||M|||50|]Ninetales-Alola||FocusSash|SnowWarning|Blizzard,AuroraVeil,Snowscape,Protect|Timid||F|||50|]Dragonite||Dragoninite|Multiscale|Tailwind,IcePunch,RockSlide,Protect|Adamant||M|||50|
|j| greatox17
|c| greatox17|GLHF
|
|t:|1784683194
|teamsize|p1|4
|teamsize|p2|4
|start
|switch|p1a: VroomVroom|Aerodactyl, L50, M|100/100
|switch|p1b: Versatile|Garchomp, L50, M, shiny|100/100
|switch|p2a: FloatingOnAir|Dragonite, L50, M, shiny|100/100
|switch|p2b: Saggy Pants|Scrafty, L50, F|100/100
|-ability|p1a: VroomVroom|Unnerve
|-ability|p2b: Saggy Pants|Intimidate|boost
|-unboost|p1a: VroomVroom|atk|1
|-unboost|p1b: Versatile|atk|1
|-enditem|p1b: Versatile|White Herb
|-clearnegativeboost|p1b: Versatile|[silent]
|turn|1
|
|t:|1784683215
|detailschange|p2a: FloatingOnAir|Dragonite-Mega, L50, M, shiny
|-mega|p2a: FloatingOnAir|Dragonite|Dragoninite
|move|p1a: VroomVroom|Protect|p1a: VroomVroom
|-singleturn|p1a: VroomVroom|Protect
|move|p1b: Versatile|Protect|p1b: Versatile
|-singleturn|p1b: Versatile|Protect
|move|p2b: Saggy Pants|Fake Out|p1a: VroomVroom
|-activate|p1a: VroomVroom|move: Protect
|move|p2a: FloatingOnAir|Tailwind|p2a: FloatingOnAir
|-sidestart|p2: sinduhquil|move: Tailwind
|
|upkeep
|turn|2
|
|t:|1784683275
|switch|p1b: Dragon|Slowbro, L50, M, shiny|100/100
|move|p2a: FloatingOnAir|Ice Punch|p1b: Dragon
|-resisted|p1b: Dragon|1
|-damage|p1b: Dragon|88/100
|move|p1a: VroomVroom|Rock Slide|p2b: Saggy Pants|[spread] p2a
|-miss|p1a: VroomVroom|p2b: Saggy Pants
|-supereffective|p2a: FloatingOnAir|1
|-damage|p2a: FloatingOnAir|85/100
|move|p2b: Saggy Pants|Close Combat|p1a: VroomVroom
|-damage|p1a: VroomVroom|9/100
|-unboost|p2b: Saggy Pants|def|1
|-unboost|p2b: Saggy Pants|spd|1
|
|-heal|p1b: Dragon|94/100|[from] item: Leftovers
|upkeep
|turn|3
|
|t:|1784683306
|switch|p2b: Im Beautiful|Ninetales-Alola, L50, F, shiny|100/100
|-weather|Snowscape|[from] ability: Snow Warning|[of] p2b: Im Beautiful
|move|p1a: VroomVroom|Protect|p1a: VroomVroom
|-singleturn|p1a: VroomVroom|Protect
|move|p2a: FloatingOnAir|Rock Slide|p1b: Dragon|[spread] p1b
|-activate|p1a: VroomVroom|move: Protect
|-damage|p1b: Dragon|78/100
|move|p1b: Dragon|Trick Room|p1b: Dragon
|-fieldstart|move: Trick Room|[of] p1b: Dragon
|
|-weather|Snowscape|[upkeep]
|-heal|p1b: Dragon|84/100|[from] item: Leftovers
|upkeep
|turn|4
|
|t:|1784683330
|switch|p2a: Saggy Pants|Scrafty, L50, F|100/100
|-ability|p2a: Saggy Pants|Intimidate|boost
|-unboost|p1a: VroomVroom|atk|1
|-unboost|p1b: Dragon|atk|1
|move|p1b: Dragon|Flamethrower|p2b: Im Beautiful
|-supereffective|p2b: Im Beautiful|1
|-damage|p2b: Im Beautiful|38/100
|move|p1a: VroomVroom|Rock Slide|p2b: Im Beautiful|[spread] p2a,p2b
|-resisted|p2a: Saggy Pants|1
|-supereffective|p2b: Im Beautiful|1
|-damage|p2a: Saggy Pants|94/100
|-damage|p2b: Im Beautiful|12/100
|cant|p2b: Im Beautiful|flinch
|
|-weather|Snowscape|[upkeep]
|-heal|p1b: Dragon|90/100|[from] item: Leftovers
|-sideend|p2: sinduhquil|move: Tailwind
|upkeep
|turn|5
|
|t:|1784683384
|switch|p1a: Versatile|Garchomp, L50, M, shiny|100/100
|move|p1b: Dragon|Protect|p1b: Dragon
|-singleturn|p1b: Dragon|Protect
|move|p2b: Im Beautiful|Protect|p2b: Im Beautiful
|-singleturn|p2b: Im Beautiful|Protect
|move|p2a: Saggy Pants|Fake Out|p1a: Versatile
|-damage|p1a: Versatile|88/100
|-damage|p2a: Saggy Pants|81/100|[from] ability: Rough Skin|[of] p1a: Versatile
|
|-weather|Snowscape|[upkeep]
|-heal|p1b: Dragon|96/100|[from] item: Leftovers
|upkeep
|turn|6
|
|t:|1784683438
|move|p1b: Dragon|Flamethrower|p2b: Im Beautiful
|-supereffective|p2b: Im Beautiful|1
|-damage|p2b: Im Beautiful|0 fnt
|faint|p2b: Im Beautiful
|move|p2a: Saggy Pants|Close Combat|p1a: Versatile
|-damage|p1a: Versatile|40/100
|-unboost|p2a: Saggy Pants|def|1
|-unboost|p2a: Saggy Pants|spd|1
|-damage|p2a: Saggy Pants|69/100|[from] ability: Rough Skin|[of] p1a: Versatile
|move|p1a: Versatile|Dragon Claw|p2a: Saggy Pants
|-damage|p2a: Saggy Pants|11/100
|
|-weather|Snowscape|[upkeep]
|-heal|p1b: Dragon|100/100|[from] item: Leftovers
|upkeep
|
|t:|1784683456
|switch|p2b: FloatingOnAir|Dragonite-Mega, L50, M, shiny|85/100
|turn|7
|
|t:|1784683484
|switch|p2a: Minigolf Hole|Gengar, L50, M, shiny|100/100
|move|p2b: FloatingOnAir|Protect|p2b: FloatingOnAir
|-singleturn|p2b: FloatingOnAir|Protect
|move|p1a: Versatile|Protect|p1a: Versatile
|-singleturn|p1a: Versatile|Protect
|move|p1b: Dragon|Flamethrower|p2a: Minigolf Hole
|-damage|p2a: Minigolf Hole|62/100
|
|-weather|none
|-fieldend|move: Trick Room
|upkeep
|turn|8
|
|t:|1784683520
|switch|p1a: VroomVroom|Aerodactyl, L50, M|9/100
|-ability|p1a: VroomVroom|Unnerve
|move|p2a: Minigolf Hole|Shadow Ball|p1b: Dragon
|-supereffective|p1b: Dragon|1
|-damage|p1b: Dragon|15/100
|move|p2b: FloatingOnAir|Ice Punch|p1a: VroomVroom
|-supereffective|p1a: VroomVroom|1
|-damage|p1a: VroomVroom|0 fnt
|faint|p1a: VroomVroom
|move|p1b: Dragon|Trick Room|p1b: Dragon
|-fieldstart|move: Trick Room|[of] p1b: Dragon
|
|-heal|p1b: Dragon|21/100|[from] item: Leftovers
|upkeep
|
|t:|1784683536
|switch|p1a: Versatile|Garchomp, L50, M, shiny|40/100
|turn|9
|
|t:|1784683561
|move|p1b: Dragon|Protect|p1b: Dragon
|-singleturn|p1b: Dragon|Protect
|move|p2b: FloatingOnAir|Protect|p2b: FloatingOnAir
|-singleturn|p2b: FloatingOnAir|Protect
|move|p1a: Versatile|Rock Slide|p2b: FloatingOnAir|[spread] p2a
|-activate|p2b: FloatingOnAir|move: Protect
|-damage|p2a: Minigolf Hole|25/100
|cant|p2a: Minigolf Hole|flinch
|
|-heal|p1b: Dragon|27/100|[from] item: Leftovers
|upkeep
|turn|10
|
|t:|1784683595
|move|p2a: Minigolf Hole|Protect|p2a: Minigolf Hole
|-singleturn|p2a: Minigolf Hole|Protect
|move|p1b: Dragon|Psychic|p2a: Minigolf Hole
|-activate|p2a: Minigolf Hole|move: Protect
|move|p2b: FloatingOnAir|Ice Punch|p1a: Versatile
|-supereffective|p1a: Versatile|2
|-damage|p1a: Versatile|0 fnt
|-damage|p2b: FloatingOnAir|73/100|[from] ability: Rough Skin|[of] p1a: Versatile
|faint|p1a: Versatile
|
|-heal|p1b: Dragon|33/100|[from] item: Leftovers
|upkeep
|
|t:|1784683608
|switch|p1a: Fake out?|Charizard, L50, M, shiny|100/100
|turn|11
|
|t:|1784683621
|switch|p2a: Saggy Pants|Scrafty, L50, F|11/100
|-ability|p2a: Saggy Pants|Intimidate|boost
|-unboost|p1a: Fake out?|atk|1
|-unboost|p1b: Dragon|atk|1
|detailschange|p1a: Fake out?|Charizard-Mega-Y, L50, M, shiny
|-mega|p1a: Fake out?|Charizard|Charizardite Y
|-weather|SunnyDay|[from] ability: Drought|[of] p1a: Fake out?
|move|p2b: FloatingOnAir|Protect|p2b: FloatingOnAir
|-singleturn|p2b: FloatingOnAir|Protect
|move|p1b: Dragon|Flamethrower|p2a: Saggy Pants
|-damage|p2a: Saggy Pants|0 fnt
|faint|p2a: Saggy Pants
|move|p1a: Fake out?|Heat Wave|p2b: FloatingOnAir
|-activate|p2b: FloatingOnAir|move: Protect
|
|-weather|SunnyDay|[upkeep]
|-heal|p1b: Dragon|39/100|[from] item: Leftovers
|upkeep
|
|t:|1784683637
|switch|p2a: Minigolf Hole|Gengar, L50, M, shiny|25/100
|turn|12
|
|t:|1784683650
|move|p1b: Dragon|Protect|p1b: Dragon
|-singleturn|p1b: Dragon|Protect
|move|p2a: Minigolf Hole|Protect|p2a: Minigolf Hole
|-singleturn|p2a: Minigolf Hole|Protect
|move|p1a: Fake out?|Heat Wave|p2b: FloatingOnAir|[spread] p2b
|-activate|p2a: Minigolf Hole|move: Protect
|-resisted|p2b: FloatingOnAir|1
|-damage|p2b: FloatingOnAir|49/100
|move|p2b: FloatingOnAir|Rock Slide|p1a: Fake out?|[spread] p1a
|-activate|p1b: Dragon|move: Protect
|-supereffective|p1a: Fake out?|2
|-damage|p1a: Fake out?|0 fnt
|faint|p1a: Fake out?
|
|-weather|SunnyDay|[upkeep]
|-heal|p1b: Dragon|45/100|[from] item: Leftovers
|-fieldend|move: Trick Room
|upkeep
|turn|13
|
|t:|1784683674
|move|p2a: Minigolf Hole|Shadow Ball|p1b: Dragon
|-supereffective|p1b: Dragon|1
|-damage|p1b: Dragon|0 fnt
|faint|p1b: Dragon
|
|win|sinduhquil
