|j|☆smalltownkirlia
|j|☆Stutesting
|html|smalltownkirliaStutesting    
|uhtml|bestof|Game 1 of a best-of-3
|t:|1757190720
|gametype|doubles
|player|p1|smalltownkirlia|whitney|1112
|player|p2|Stutesting|170|1148
|gen|9
|tier|[Gen 9] VGC 2025 Reg H (Bo3)
|rated|
|rule|Species Clause: Limit one of each Pokémon
|rule|Item Clause: Limit 1 of each item
|clearpoke
|poke|p1|Dragonite, L50, M|
|poke|p1|Ursaluna-Bloodmoon, L50, M|
|poke|p1|Gholdengo, L50|
|poke|p1|Maushold-Four, L50|
|poke|p1|Annihilape, L50, F|
|poke|p1|Rillaboom, L50, M|
|poke|p2|Amoonguss, L50, F|
|poke|p2|Incineroar, L50, M|
|poke|p2|Ceruledge, L50, M|
|poke|p2|Porygon2, L50|
|poke|p2|Palafin, L50, M|
|poke|p2|Ursaluna, L50, F|
|teampreview|4
|showteam|p1|Dragonite||LoadedDice|Multiscale|ScaleShot,Tailwind,Haze,Protect|||M|||50|,,,,,Steel]Ursaluna-Bloodmoon||AssaultVest|MindsEye|BloodMoon,EarthPower,HyperVoice,VacuumWave|||M|||50|,,,,,Water]Gholdengo||LifeOrb|GoodasGold|MakeItRain,ShadowBall,NastyPlot,Protect||||||50|,,,,,Water]Maushold-Four||FocusSash|FriendGuard|SuperFang,FollowMe,BeatUp,Protect||||||50|,,,,,Ghost]Annihilape||SitrusBerry|Defiant|RageFist,DrainPunch,BulkUp,Protect|||F|||50|,,,,,Fire]Rillaboom||MiracleSeed|GrassySurge|WoodHammer,GrassyGlide,HighHorsepower,FakeOut|||M|||50|,,,,,Fire
|showteam|p2|Amoonguss||SitrusBerry|Regenerator|Spore,RagePowder,PollenPuff,Protect|||F|||50|,,,,,Water]Incineroar||SafetyGoggles|Intimidate|FakeOut,KnockOff,FlareBlitz,PartingShot|||M|||50|,,,,,Grass]Ceruledge||AssaultVest|FlashFire|BitterBlade,ShadowSneak,CloseCombat,TeraBlast|||M|||50|,,,,,Grass]Porygon2||Eviolite|Download|TeraBlast,IceBeam,TrickRoom,Recover||||||50|,,,,,Flying]Palafin||MysticWater|ZerotoHero|JetPunch,WaveCrash,CloseCombat,Protect|||M|||50|,,,,,Water]Ursaluna||FlameOrb|Guts|Facade,HeadlongRush,Earthquake,Protect|||F|||50|,,,,,Poison
|inactive|Battle timer is ON: inactive players will automatically lose when time's up. (requested by Stutesting)
|inactive|smalltownkirlia also wants the timer to be on.
|c|☆Stutesting|Glhf
|c|☆smalltownkirlia|glhf
|inactive|smalltownkirlia has 60 seconds left.
|inactive|Stutesting has 60 seconds left.
|
|t:|1757190777
|teamsize|p1|4
|teamsize|p2|4
|start
|switch|p1a: Annihilape|Annihilape, L50, F|100/100
|switch|p1b: Maushold|Maushold-Four, L50|100/100
|switch|p2a: Porygon2|Porygon2, L50|100/100
|switch|p2b: Ceruledge|Ceruledge, L50, M, shiny|100/100
|-ability|p2a: Porygon2|Download|boost
|-boost|p2a: Porygon2|atk|1
|turn|1
|
|t:|1757190790
|switch|p2b: Ursaluna|Ursaluna, L50, F|100/100
|move|p1b: Maushold|Beat Up|p1a: Annihilape
|-damage|p1a: Annihilape|98/100
|-damage|p1a: Annihilape|96/100
|-damage|p1a: Annihilape|94/100
|-damage|p1a: Annihilape|92/100
|-hitcount|p1a: Annihilape|4
|move|p1a: Annihilape|Rage Fist|p2b: Ursaluna
|-immune|p2b: Ursaluna
|move|p2a: Porygon2|Trick Room|p2a: Porygon2
|-fieldstart|move: Trick Room|[of] p2a: Porygon2
|
|-status|p2b: Ursaluna|brn|[from] item: Flame Orb
|upkeep
|turn|2
|
|t:|1757190813
|switch|p1b: Dragonite|Dragonite, L50, M|100/100
|move|p2b: Ursaluna|Earthquake|p1b: Dragonite|[spread] p2a,p1a
|-immune|p1b: Dragonite
|-damage|p2a: Porygon2|58/100
|-damage|p1a: Annihilape|21/100
|-enditem|p1a: Annihilape|Sitrus Berry|[eat]
|-heal|p1a: Annihilape|46/100|[from] item: Sitrus Berry
|move|p2a: Porygon2|Tera Blast|p1b: Dragonite
|-damage|p1b: Dragonite|83/100
|move|p1a: Annihilape|Drain Punch|p2b: Ursaluna
|-supereffective|p2b: Ursaluna
|-damage|p2b: Ursaluna|50/100 brn
|-heal|p1a: Annihilape|74/100|[from] drain|[of] p2b: Ursaluna
|
|-damage|p2b: Ursaluna|44/100 brn|[from] brn
|upkeep
|turn|3
|inactive|smalltownkirlia has 30 seconds left.
|
|t:|1757190845
|move|p2b: Ursaluna|Headlong Rush|p1a: Annihilape
|-damage|p1a: Annihilape|0 fnt
|-unboost|p2b: Ursaluna|def|1
|-unboost|p2b: Ursaluna|spd|1
|faint|p1a: Annihilape
|move|p2a: Porygon2|Ice Beam|p1b: Dragonite
|-supereffective|p1b: Dragonite
|-damage|p1b: Dragonite|0 fnt
|faint|p1b: Dragonite
|
|-damage|p2b: Ursaluna|38/100 brn|[from] brn
|upkeep
|
|t:|1757190852
|switch|p1b: Maushold|Maushold-Four, L50|100/100
|switch|p1a: Gholdengo|Gholdengo, L50|100/100
|turn|4
|
|t:|1757190869
|move|p2b: Ursaluna|Protect|p2b: Ursaluna
|-singleturn|p2b: Ursaluna|Protect
|move|p1a: Gholdengo|Protect|p1a: Gholdengo
|-singleturn|p1a: Gholdengo|Protect
|move|p1b: Maushold|Protect|p1b: Maushold
|-singleturn|p1b: Maushold|Protect
|move|p2a: Porygon2|Tera Blast|p1b: Maushold
|-activate|p1b: Maushold|move: Protect
|
|-damage|p2b: Ursaluna|32/100 brn|[from] brn
|upkeep
|turn|5
|
|t:|1757190883
|-terastallize|p1a: Gholdengo|Water
|move|p1b: Maushold|Follow Me|p1b: Maushold
|-singleturn|p1b: Maushold|move: Follow Me
|move|p2b: Ursaluna|Headlong Rush|p1b: Maushold
|-enditem|p1b: Maushold|Focus Sash
|-damage|p1b: Maushold|1/100
|-unboost|p2b: Ursaluna|def|1
|-unboost|p2b: Ursaluna|spd|1
|move|p2a: Porygon2|Tera Blast|p1b: Maushold
|-damage|p1b: Maushold|0 fnt
|faint|p1b: Maushold
|move|p1a: Gholdengo|Nasty Plot|p1a: Gholdengo
|-boost|p1a: Gholdengo|spa|2
|
|-damage|p2b: Ursaluna|25/100 brn|[from] brn
|-fieldend|move: Trick Room
|upkeep
|turn|6
|
|t:|1757190900
|move|p2b: Ursaluna|Protect|p2b: Ursaluna
|-singleturn|p2b: Ursaluna|Protect
|move|p1a: Gholdengo|Make It Rain|p2a: Porygon2|[spread] p2a
|-activate|p2b: Ursaluna|move: Protect
|-damage|p2a: Porygon2|0 fnt
|-unboost|p1a: Gholdengo|spa|1
|faint|p2a: Porygon2
|-damage|p1a: Gholdengo|91/100|[from] item: Life Orb
|
|-damage|p2b: Ursaluna|19/100 brn|[from] brn
|upkeep
|
|t:|1757190904
|switch|p2a: Ceruledge|Ceruledge, L50, M, shiny|100/100
|turn|7
|
|t:|1757190922
|move|p1a: Gholdengo|Shadow Ball|p2a: Ceruledge
|-supereffective|p2a: Ceruledge
|-damage|p2a: Ceruledge|0 fnt
|faint|p2a: Ceruledge
|-damage|p1a: Gholdengo|82/100|[from] item: Life Orb
|move|p2b: Ursaluna|Facade|p1a: Gholdengo
|-damage|p1a: Gholdengo|0 fnt
|faint|p1a: Gholdengo
|
|win|Stutesting
