|j|☆WILLIWONKINEITOR
|j|☆WASHINGTONGARGACHA
|html|WILLIWONKINEITORWASHINGTONGARGACHA    
|uhtml|bestof|Game 2 of a best-of-3
|t:|1756645921
|gametype|doubles
|player|p1|WILLIWONKINEITOR|266|1083
|player|p2|WASHINGTONGARGACHA|266|1082
|gen|9
|tier|[Gen 9] VGC 2025 Reg H (Bo3)
|rated|
|rule|Species Clause: Limit one of each Pokémon
|rule|Item Clause: Limit 1 of each item
|clearpoke
|poke|p1|Electabuzz, L50, M|
|poke|p1|Kingambit, L50, F|
|poke|p1|Volcarona, L50, F|
|poke|p1|Dragonite, L50, F|
|poke|p1|Sneasler, L50, F|
|poke|p1|Rillaboom, L50, M|
|poke|p2|Gholdengo, L50|
|poke|p2|Ursaluna, L50, F|
|poke|p2|Archaludon, L50, F|
|poke|p2|Murkrow, L50, M|
|poke|p2|Farigiraf, L50, M|
|poke|p2|Sneasler, L50, M|
|teampreview|4
|showteam|p1|Electabuzz||Eviolite|VitalSpirit|FollowMe,Thunderbolt,Taunt,Protect|||M|||50|,,,,,Ghost]Kingambit||BlackGlasses|Defiant|KowtowCleave,SuckerPunch,SwordsDance,Protect|||F|||50|,,,,,Dark]Volcarona||Leftovers|FlameBody|HeatWave,TeraBlast,QuiverDance,Protect|||F|||50|,,,,,Fairy]Dragonite||LoadedDice|Multiscale|ScaleShot,ExtremeSpeed,Haze,Protect|||F|||50|,,,,,Fairy]Sneasler||FocusSash|Unburden|DireClaw,CloseCombat,Coaching,FakeOut|||F|||50|,,,,,Stellar]Rillaboom||AssaultVest|GrassySurge|FakeOut,WoodHammer,GrassyGlide,HighHorsepower|||M|||50|,,,,,Fire
|showteam|p2|Gholdengo||LifeOrb|GoodasGold|ShadowBall,MakeItRain,NastyPlot,Protect||||||50|,,,,,Water]Ursaluna||FlameOrb|Guts|Facade,Earthquake,Protect,HeadlongRush|||F|||50|,,,,,Ghost]Archaludon||PowerHerb|Sturdy|ElectroShot,FlashCannon,DracoMeteor,Protect|||F|||50|,,,,,Grass]Murkrow||Eviolite|Prankster|Tailwind,RainDance,FoulPlay,Haze|||M|||50|,,,,,Dark]Farigiraf||ThroatSpray|ArmorTail|HyperVoice,TrickRoom,Psychic,Protect|||M|||50|,,,,,Fairy]Sneasler||WhiteHerb|Unburden|DireClaw,CloseCombat,Protect,Acrobatics|||M|||50|,,,,,Flying
|inactive|Battle timer is ON: inactive players will automatically lose when time's up. (requested by WILLIWONKINEITOR)
|
|t:|1756645970
|teamsize|p1|4
|teamsize|p2|4
|start
|switch|p1a: Rillaboom|Rillaboom, L50, M|100/100
|switch|p1b: Volcarona|Volcarona, L50, F|100/100
|switch|p2a: Gholdengo|Gholdengo, L50|100/100
|switch|p2b: Murkrow|Murkrow, L50, M|100/100
|-fieldstart|move: Grassy Terrain|[from] ability: Grassy Surge|[of] p1a: Rillaboom
|turn|1
|inactive|WASHINGTONGARGACHA has 30 seconds left.
|inactive|WASHINGTONGARGACHA has 20 seconds left.
|inactive|WASHINGTONGARGACHA has 15 seconds left.
|
|t:|1756646011
|switch|p2a: Ursaluna|Ursaluna, L50, F|100/100
|move|p1a: Rillaboom|Fake Out|p2b: Murkrow
|-damage|p2b: Murkrow|83/100
|cant|p2b: Murkrow|flinch
|move|p1b: Volcarona|Quiver Dance|p1b: Volcarona
|-boost|p1b: Volcarona|spa|1
|-boost|p1b: Volcarona|spd|1
|-boost|p1b: Volcarona|spe|1
|
|-status|p2a: Ursaluna|brn|[from] item: Flame Orb
|upkeep
|turn|2
|inactive|WILLIWONKINEITOR has 30 seconds left.
|inactive|WASHINGTONGARGACHA has 30 seconds left.
|inactive|WILLIWONKINEITOR has 20 seconds left.
|inactive|WILLIWONKINEITOR has 15 seconds left.
|inactive|WASHINGTONGARGACHA has 20 seconds left.
|
|t:|1756646062
|-terastallize|p1b: Volcarona|Fairy
|move|p2b: Murkrow|Haze|p2b: Murkrow
|-clearallboost
|move|p1b: Volcarona|Tera Blast|p2b: Murkrow|[anim] Tera Blast Fairy
|-supereffective|p2b: Murkrow
|-damage|p2b: Murkrow|11/100
|move|p1a: Rillaboom|Wood Hammer|p2a: Ursaluna
|-supereffective|p2a: Ursaluna
|-damage|p2a: Ursaluna|0 fnt
|faint|p2a: Ursaluna
|-damage|p1a: Rillaboom|64/100|[from] Recoil
|
|-heal|p1a: Rillaboom|70/100|[from] Grassy Terrain
|upkeep
|
|t:|1756646076
|switch|p2a: Gholdengo|Gholdengo, L50|100/100
|turn|3
|
|t:|1756646088
|move|p2b: Murkrow|Tailwind|p2b: Murkrow
|-sidestart|p2: WASHINGTONGARGACHA|move: Tailwind
|move|p2a: Gholdengo|Make It Rain|p1b: Volcarona|[spread] p1a,p1b
|-supereffective|p1b: Volcarona
|-damage|p1a: Rillaboom|24/100
|-damage|p1b: Volcarona|0 fnt
|-unboost|p2a: Gholdengo|spa|1
|faint|p1b: Volcarona
|-damage|p2a: Gholdengo|91/100|[from] item: Life Orb
|move|p1a: Rillaboom|Wood Hammer|p2a: Gholdengo
|-resisted|p2a: Gholdengo
|-damage|p2a: Gholdengo|47/100
|-damage|p1a: Rillaboom|13/100|[from] Recoil
|
|-heal|p2a: Gholdengo|54/100|[from] Grassy Terrain
|-heal|p1a: Rillaboom|18/100|[from] Grassy Terrain
|upkeep
|
|t:|1756646103
|switch|p1b: Kingambit|Kingambit, L50, F|100/100
|turn|4
|inactive|WASHINGTONGARGACHA has 30 seconds left.
|inactive|WASHINGTONGARGACHA has 20 seconds left.
|inactive|WASHINGTONGARGACHA has 15 seconds left.
|inactive|WASHINGTONGARGACHA has 10 seconds left.
|
|t:|1756646150
|move|p2a: Gholdengo|Protect|p2a: Gholdengo
|-singleturn|p2a: Gholdengo|Protect
|move|p1a: Rillaboom|Grassy Glide|p2b: Murkrow
|-resisted|p2b: Murkrow
|-damage|p2b: Murkrow|0 fnt
|faint|p2b: Murkrow
|move|p1b: Kingambit|Kowtow Cleave|p2a: Gholdengo
|-activate|p2a: Gholdengo|move: Protect
|
|-heal|p2a: Gholdengo|60/100|[from] Grassy Terrain
|-heal|p1a: Rillaboom|24/100|[from] Grassy Terrain
|upkeep
|
|t:|1756646160
|switch|p2b: Sneasler|Sneasler, L50, M|100/100
|turn|5
|inactive|WASHINGTONGARGACHA has 30 seconds left.
|
|t:|1756646193
|move|p2a: Gholdengo|Protect|p2a: Gholdengo
|-singleturn|p2a: Gholdengo|Protect
|move|p1b: Kingambit|Sucker Punch||[still]
|-fail|p1b: Kingambit
|move|p2b: Sneasler|Dire Claw|p1a: Rillaboom
|-supereffective|p1a: Rillaboom
|-damage|p1a: Rillaboom|0 fnt
|faint|p1a: Rillaboom
|
|-heal|p2a: Gholdengo|66/100|[from] Grassy Terrain
|-fieldend|move: Grassy Terrain
|upkeep
|
|t:|1756646200
|switch|p1a: Dragonite|Dragonite, L50, F|100/100
|turn|6
|inactive|WASHINGTONGARGACHA has 30 seconds left.
|inactive|WILLIWONKINEITOR has 30 seconds left.
|
|t:|1756646231
|-terastallize|p2b: Sneasler|Flying
|move|p1b: Kingambit|Protect|p1b: Kingambit
|-singleturn|p1b: Kingambit|Protect
|move|p2b: Sneasler|Close Combat|p1b: Kingambit
|-activate|p1b: Kingambit|move: Protect
|move|p2a: Gholdengo|Nasty Plot|p2a: Gholdengo
|-boost|p2a: Gholdengo|spa|2
|move|p1a: Dragonite|Scale Shot|p2b: Sneasler
|-damage|p2b: Sneasler|75/100
|-crit|p2b: Sneasler
|-damage|p2b: Sneasler|36/100
|-damage|p2b: Sneasler|8/100
|-damage|p2b: Sneasler|0 fnt
|faint|p2b: Sneasler
|-hitcount|p2: Sneasler|4
|-unboost|p1a: Dragonite|def|1
|-boost|p1a: Dragonite|spe|1
|
|-sideend|p2: WASHINGTONGARGACHA|move: Tailwind
|upkeep
|turn|7
|inactive|WILLIWONKINEITOR has 30 seconds left.
|
|t:|1756646260
|move|p1b: Kingambit|Sucker Punch|p2a: Gholdengo
|-supereffective|p2a: Gholdengo
|-damage|p2a: Gholdengo|0 fnt
|faint|p2a: Gholdengo
|
|win|WILLIWONKINEITOR
