|j|☆Blu123456789
|j|☆mcgiah
|html|Blu123456789mcgiah    
|uhtml|bestof|Game 1 of a best-of-3
|t:|1757635910
|gametype|doubles
|player|p1|Blu123456789|unknown|1029
|player|p2|mcgiah|gentleman-gen4|1044
|gen|9
|tier|[Gen 9] VGC 2025 Reg H (Bo3)
|rated|
|rule|Species Clause: Limit one of each Pokémon
|rule|Item Clause: Limit 1 of each item
|clearpoke
|poke|p1|Misdreavus, L50, M|
|poke|p1|Gothitelle, L50, M|
|poke|p1|Indeedee-F, L50, F|
|poke|p1|Armarouge, L50, M|
|poke|p1|Amoonguss, L50, M|
|poke|p1|Toxtricity, L50, M|
|poke|p2|Talonflame, L50, F|
|poke|p2|Mismagius, L50, M|
|poke|p2|Rillaboom, L50, F|
|poke|p2|Foongus, L50, F|
|poke|p2|Gastrodon-East, L50, M|
|poke|p2|Excadrill, L50, M|
|teampreview|4
|showteam|p1|Misdreavus||Eviolite|Levitate|HelpingHand,Taunt,Protect,PerishSong|||M|||50|,,,,,Dark]Gothitelle||SitrusBerry|ShadowTag|FakeOut,ExpandingForce,Protect,HealPulse|||M|||50|,,,,,Fairy]Indeedee-F||MentalHerb|PsychicSurge|FollowMe,Protect,TrickRoom,HelpingHand|||F|||50|,,,,,Fairy]Armarouge||PowerHerb|FlashFire|MeteorBeam,ArmorCannon,ExpandingForce,Protect|||M|||50|,,,,,Psychic]Amoonguss||RockyHelmet|Regenerator|SludgeBomb,Spore,PollenPuff,RagePowder|||M|||50|,,,,,Water]Toxtricity||ChoiceSpecs|PunkRock|Boomburst,Overdrive,Protect,VoltSwitch|||M|||50|,,,,,Normal
|showteam|p2|Talonflame||SafetyGoggles|GaleWings|BraveBird,FlareBlitz,Tailwind,Taunt|||F|||50|,,,,,Ghost]Mismagius||FocusSash|Levitate|Taunt,WillOWisp,ShadowBall,Protect|||M|||50|,,,,,Fairy]Rillaboom||AssaultVest|GrassySurge|GrassyGlide,FakeOut,WoodHammer,KnockOff|||F|||50|,,,,,Fire]Foongus||Eviolite|Regenerator|RagePowder,Spore,PollenPuff,Protect|||F|||50|,,,,,Water]Gastrodon-East||Leftovers|StormDrain|EarthPower,IceBeam,Recover,Protect|||M|||50|,,,,,Steel]Excadrill||LifeOrb|MoldBreaker|IronHead,HighHorsepower,RockSlide,Protect|||M|||50|,,,,,Flying
|
|t:|1757635946
|teamsize|p1|4
|teamsize|p2|4
|start
|switch|p1a: Misdreavus|Misdreavus, L50, M, shiny|100/100
|switch|p1b: Toxtricity|Toxtricity, L50, M, shiny|100/100
|switch|p2a: Talonflame|Talonflame, L50, F|100/100
|switch|p2b: Mismagius|Mismagius, L50, M|100/100
|turn|1
|
|t:|1757635987
|move|p2a: Talonflame|Tailwind|p2a: Talonflame
|-sidestart|p2: mcgiah|move: Tailwind
|move|p2b: Mismagius|Shadow Ball|p1b: Toxtricity
|-damage|p1b: Toxtricity|56/100
|move|p1a: Misdreavus|Perish Song|p1a: Misdreavus
|-start|p1a: Misdreavus|perish3|[silent]
|-start|p1b: Toxtricity|perish3|[silent]
|-start|p2a: Talonflame|perish3|[silent]
|-start|p2b: Mismagius|perish3|[silent]
|-fieldactivate|move: Perish Song
|move|p1b: Toxtricity|Volt Switch|p2b: Mismagius
|-damage|p2b: Mismagius|30/100
|
|t:|1757635998
|switch|p1b: Gothitelle|Gothitelle, L50, M, shiny|100/100|[from] Volt Switch
|
|-start|p2a: Talonflame|perish3
|-start|p2b: Mismagius|perish3
|-start|p1a: Misdreavus|perish3
|upkeep
|turn|2
|
|t:|1757636028
|move|p1b: Gothitelle|Protect|p1b: Gothitelle
|-singleturn|p1b: Gothitelle|Protect
|move|p2a: Talonflame|Brave Bird|p1b: Gothitelle
|-activate|p1b: Gothitelle|move: Protect
|move|p2b: Mismagius|Shadow Ball|p1b: Gothitelle
|-activate|p1b: Gothitelle|move: Protect
|move|p1a: Misdreavus|Taunt|p2b: Mismagius
|-start|p2b: Mismagius|move: Taunt
|
|-start|p2a: Talonflame|perish2
|-start|p2b: Mismagius|perish2
|-start|p1a: Misdreavus|perish2
|upkeep
|turn|3
|
|t:|1757636049
|switch|p1a: Amoonguss|Amoonguss, L50, M, shiny|100/100
|move|p2a: Talonflame|Brave Bird|p1b: Gothitelle
|-damage|p1b: Gothitelle|64/100
|-damage|p2a: Talonflame|87/100|[from] Recoil
|move|p2b: Mismagius|Shadow Ball|p1b: Gothitelle
|-supereffective|p1b: Gothitelle
|-damage|p1b: Gothitelle|0 fnt
|faint|p1b: Gothitelle
|
|-start|p2a: Talonflame|perish1
|-start|p2b: Mismagius|perish1
|upkeep
|
|t:|1757636070
|switch|p1b: Toxtricity|Toxtricity, L50, M, shiny|56/100
|turn|4
|
|t:|1757636081
|switch|p1a: Misdreavus|Misdreavus, L50, M, shiny|100/100
|-terastallize|p1b: Toxtricity|Normal
|move|p2a: Talonflame|Flare Blitz|p1b: Toxtricity
|-damage|p1b: Toxtricity|0 fnt
|faint|p1b: Toxtricity
|-damage|p2a: Talonflame|65/100|[from] Recoil
|move|p2b: Mismagius|Shadow Ball|p1a: Misdreavus
|-supereffective|p1a: Misdreavus
|-crit|p1a: Misdreavus
|-damage|p1a: Misdreavus|13/100
|
|-start|p2a: Talonflame|perish0
|-start|p2b: Mismagius|perish0
|-sideend|p2: mcgiah|move: Tailwind
|upkeep
|faint|p2a: Talonflame
|faint|p2b: Mismagius
|
|t:|1757636098
|switch|p2a: Rillaboom|Rillaboom, L50, F|100/100
|switch|p2b: Excadrill|Excadrill, L50, M|100/100
|switch|p1b: Amoonguss|Amoonguss, L50, M, shiny|100/100
|-ability|p2b: Excadrill|Mold Breaker
|-fieldstart|move: Grassy Terrain|[from] ability: Grassy Surge|[of] p2a: Rillaboom
|turn|5
|
|t:|1757636128
|move|p1a: Misdreavus|Helping Hand|p1b: Amoonguss
|-singleturn|p1b: Amoonguss|Helping Hand|[of] p1a: Misdreavus
|move|p2a: Rillaboom|Fake Out|p1b: Amoonguss
|-damage|p1b: Amoonguss|87/100
|-damage|p2a: Rillaboom|84/100|[from] item: Rocky Helmet|[of] p1b: Amoonguss
|move|p2b: Excadrill|Rock Slide|p1a: Misdreavus|[spread] p1b
|-miss|p2b: Excadrill|p1a: Misdreavus
|-damage|p1b: Amoonguss|63/100
|-damage|p2b: Excadrill|91/100|[from] item: Life Orb
|cant|p1b: Amoonguss|flinch
|
|-heal|p2b: Excadrill|97/100|[from] Grassy Terrain
|-heal|p2a: Rillaboom|90/100|[from] Grassy Terrain
|-heal|p1b: Amoonguss|69/100|[from] Grassy Terrain
|upkeep
|turn|6
|
|t:|1757636152
|move|p1a: Misdreavus|Helping Hand|p1b: Amoonguss
|-singleturn|p1b: Amoonguss|Helping Hand|[of] p1a: Misdreavus
|move|p2b: Excadrill|High Horsepower|p1b: Amoonguss
|-damage|p1b: Amoonguss|5/100
|-damage|p2b: Excadrill|80/100|[from] item: Rocky Helmet|[of] p1b: Amoonguss
|-damage|p2b: Excadrill|71/100|[from] item: Life Orb
|move|p2a: Rillaboom|Knock Off|p1b: Amoonguss
|-damage|p1b: Amoonguss|0 fnt
|-damage|p2a: Rillaboom|73/100|[from] item: Rocky Helmet|[of] p1b: Amoonguss
|-enditem|p1b: Amoonguss|Rocky Helmet|[from] move: Knock Off|[of] p2a: Rillaboom
|faint|p1b: Amoonguss
|
|-heal|p2b: Excadrill|77/100|[from] Grassy Terrain
|-heal|p2a: Rillaboom|79/100|[from] Grassy Terrain
|upkeep
|turn|7
|-message|Blu123456789 forfeited.
|
|win|mcgiah
|l|☆Blu123456789
|player|p1|
||Blu123456789 is ready for game 2.
||mcgiah is ready for game 2.
|uhtml|next|Next: Game 2 of 3
|l|☆mcgiah
|player|p2|
