|j|☆chefo
|j|☆hh g fjk
|html|chefohh g fjk    
|uhtml|bestof|Game 1 of a best-of-3
|t:|1784840475
|gametype|doubles
|player|p1|chefo|roxie|1073
|player|p2|hh g fjk|266|1086
|gen|9
|tier|[Gen 9 Champions] VGC 2026 Reg M-B (Bo3)
|rated|
|rule|Species Clause: Limit one of each Pokémon
|rule|Item Clause: Limit 1 of each item
|clearpoke
|poke|p1|Kingambit, L50, M|
|poke|p1|Basculegion, L50, M|
|poke|p1|Garchomp, L50, F|
|poke|p1|Charizard, L50, M|
|poke|p1|Whimsicott, L50, F|
|poke|p1|Floette-Eternal, L50, F|
|poke|p2|Sceptile, L50, M|
|poke|p2|Rotom-Heat, L50|
|poke|p2|Clefable, L50, M|
|poke|p2|Aerodactyl, L50, M|
|poke|p2|Kingambit, L50, F|
|poke|p2|Basculegion, L50, M|
|teampreview|4
|showteam|p1|Kingambit||BlackGlasses|Defiant|SuckerPunch,KowtowCleave,Protect,IronHead|Adamant||M|||50|]Basculegion||MysticWater|Adaptability|LastRespects,AquaJet,WaveCrash,Protect|Adamant||M|||50|]Garchomp||LifeOrb|RoughSkin|DragonClaw,Earthquake,Protect,RockSlide|Jolly||F|||50|]Charizard||CharizarditeY|Blaze|Protect,HeatWave,WeatherBall,SolarBeam|Modest||M|||50|]Whimsicott||FocusSash|Prankster|Tailwind,Moonblast,Protect,Encore|Timid||F|||50|]Floette-Eternal||Floettite|FlowerVeil|DazzlingGleam,Moonblast,Protect,CalmMind|Timid||F|||50|
|showteam|p2|Sceptile||Sceptilite|Overgrow|EnergyBall,EarthPower,DragonPulse,Protect|Timid||M|||50|]Rotom-Heat||ChoiceScarf|Levitate|Overheat,Discharge,Trick,VoltSwitch|Timid|||||50|]Clefable||SitrusBerry|Unaware|Moonblast,HelpingHand,FollowMe,Protect|Bold||M|||50|]Aerodactyl||FocusSash|Unnerve|RockSlide,DualWingbeat,Tailwind,Protect|Jolly||M|||50|]Kingambit||ChopleBerry|Defiant|KowtowCleave,SuckerPunch,IronHead,LowKick|Adamant||F|||50|]Basculegion||LifeOrb|Adaptability|WaveCrash,LastRespects,AquaJet,Protect|Adamant||M|||50|
|inactive|Battle timer is ON: inactive players will automatically lose when time's up. (requested by chefo)
|inactive|hh g fjk has 60 seconds left.
|inactive|hh g fjk has 30 seconds left.
|inactive|hh g fjk has 20 seconds left.
|inactive|hh g fjk has 15 seconds left.
|inactive|hh g fjk has 10 seconds left.
|inactive|hh g fjk has 5 seconds left.
|
|t:|1784840681
|teamsize|p1|4
|teamsize|p2|4
|start
|switch|p1a: Kingambit|Kingambit, L50, M|100/100
|switch|p1b: Basculegion|Basculegion, L50, M|100/100
|switch|p2a: Sceptile|Sceptile, L50, M|100/100
|switch|p2b: Rotom|Rotom-Heat, L50|100/100
|turn|1
|inactive|chefo has 30 seconds left.
|inactive|hh g fjk has 30 seconds left.
|inactive|chefo has 20 seconds left.
|inactive|hh g fjk has 20 seconds left.
|inactive|chefo has 15 seconds left.
|inactive|hh g fjk has 15 seconds left.
|inactive|chefo has 10 seconds left.
|inactive|hh g fjk has 10 seconds left.
|inactive|hh g fjk has 5 seconds left.
|
|t:|1784840736
|switch|p1b: Charizard|Charizard, L50, M|100/100
|switch|p1a: Whimsicott|Whimsicott, L50, F|100/100
|move|p2b: Rotom|Overheat|p1a: Whimsicott
|-supereffective|p1a: Whimsicott|1
|-enditem|p1a: Whimsicott|Focus Sash
|-damage|p1a: Whimsicott|1/100
|-unboost|p2b: Rotom|spa|2
|move|p2a: Sceptile|Energy Ball|p1b: Charizard
|-resisted|p1b: Charizard|2
|-damage|p1b: Charizard|91/100
|
|upkeep
|turn|2
|inactive|chefo has 30 seconds left.
|
|t:|1784840766
|detailschange|p2a: Sceptile|Sceptile-Mega, L50, M
|-mega|p2a: Sceptile|Sceptile|Sceptilite
|detailschange|p1b: Charizard|Charizard-Mega-Y, L50, M
|-mega|p1b: Charizard|Charizard|Charizardite Y
|-weather|SunnyDay|[from] ability: Drought|[of] p1b: Charizard
|move|p2a: Sceptile|Protect|p2a: Sceptile
|-singleturn|p2a: Sceptile|Protect
|move|p1a: Whimsicott|Tailwind|p1a: Whimsicott
|-sidestart|p1: chefo|move: Tailwind
|move|p1b: Charizard|Heat Wave|p2b: Rotom|[spread] p2b
|-activate|p2a: Sceptile|move: Protect
|-resisted|p2b: Rotom|1
|-damage|p2b: Rotom|56/100
|move|p2b: Rotom|Overheat|p1a: Whimsicott
|-supereffective|p1a: Whimsicott|1
|-damage|p1a: Whimsicott|0 fnt
|-unboost|p2b: Rotom|spa|2
|faint|p1a: Whimsicott
|
|-weather|SunnyDay|[upkeep]
|upkeep
|
|t:|1784840783
|switch|p1a: Basculegion|Basculegion, L50, M|100/100
|turn|3
|
|t:|1784840795
|switch|p2b: Clefable|Clefable, L50, M|100/100
|move|p1a: Basculegion|Last Respects|p2b: Clefable
|-damage|p2b: Clefable|7/100
|-enditem|p2b: Clefable|Sitrus Berry|[eat]
|-heal|p2b: Clefable|31/100|[from] item: Sitrus Berry
|move|p1b: Charizard|Weather Ball|p2a: Sceptile
|-damage|p2a: Sceptile|0 fnt
|faint|p2a: Sceptile
|
|-weather|SunnyDay|[upkeep]
|upkeep
|
|t:|1784840811
|switch|p2a: Rotom|Rotom-Heat, L50|56/100
|turn|4
|
|t:|1784840820
|move|p2b: Clefable|Follow Me|p2b: Clefable
|-singleturn|p2b: Clefable|move: Follow Me
|move|p1a: Basculegion|Last Respects|p2b: Clefable
|-damage|p2b: Clefable|0 fnt
|faint|p2b: Clefable
|move|p1b: Charizard|Heat Wave|p2a: Rotom|[miss]
|-miss|p1b: Charizard|p2a: Rotom
|move|p2a: Rotom|Discharge|p1a: Basculegion|[spread] p1a,p1b
|-supereffective|p1a: Basculegion|1
|-supereffective|p1b: Charizard|1
|-damage|p1a: Basculegion|48/100
|-damage|p1b: Charizard|57/100
|
|-weather|SunnyDay|[upkeep]
|upkeep
|
|t:|1784840833
|switch|p2b: Aerodactyl|Aerodactyl, L50, M|100/100
|-ability|p2b: Aerodactyl|Unnerve
|turn|5
|inactive|chefo has 30 seconds left.
|inactive|chefo has 20 seconds left.
|
|t:|1784840869
|move|p2b: Aerodactyl|Protect|p2b: Aerodactyl
|-singleturn|p2b: Aerodactyl|Protect
|move|p1a: Basculegion|Last Respects|p2b: Aerodactyl
|-activate|p2b: Aerodactyl|move: Protect
|move|p1b: Charizard|Weather Ball|p2a: Rotom
|-resisted|p2a: Rotom|1
|-damage|p2a: Rotom|0 fnt
|faint|p2a: Rotom
|
|-weather|SunnyDay|[upkeep]
|-sideend|p1: chefo|move: Tailwind
|upkeep
|turn|6
|inactive|chefo has 30 seconds left.
|
|t:|1784840897
|move|p1b: Charizard|Protect|p1b: Charizard
|-singleturn|p1b: Charizard|Protect
|move|p2b: Aerodactyl|Rock Slide|p1b: Charizard|[spread] p1a
|-activate|p1b: Charizard|move: Protect
|-damage|p1a: Basculegion|21/100
|move|p1a: Basculegion|Last Respects|p2b: Aerodactyl
|-enditem|p2b: Aerodactyl|Focus Sash
|-damage|p2b: Aerodactyl|1/100
|
|-weather|none
|upkeep
|turn|7
|inactive|hh g fjk has 30 seconds left.
|inactive|hh g fjk has 20 seconds left.
|inactive|hh g fjk has 15 seconds left.
|inactive|hh g fjk has 10 seconds left.
|inactive|hh g fjk has 5 seconds left.
|
|t:|1784840952
|move|p1a: Basculegion|Aqua Jet|p2b: Aerodactyl
|-supereffective|p2b: Aerodactyl|1
|-damage|p2b: Aerodactyl|0 fnt
|faint|p2b: Aerodactyl
|
|win|chefo
||chefo is ready for game 2.
|inactive|hh g fjk has 30 seconds to confirm battle start!
