|j|☆TheArchxn
|j|☆Drunk express
|html|TheArchxnDrunk express    
|uhtml|bestof|Game 1 of a best-of-3
|t:|1782561568
|gametype|doubles
|player|p1|TheArchxn|riley|1000
|player|p2|Drunk express|1|1032
|gen|9
|tier|[Gen 9 Champions] VGC 2026 Reg M-B (Bo3)
|rated|
|rule|Species Clause: Limit one of each Pokémon
|rule|Item Clause: Limit 1 of each item
|clearpoke
|poke|p1|Scovillain, L50, F|
|poke|p1|Kommo-o, L50, M|
|poke|p1|Arcanine-Hisui, L50, F|
|poke|p1|Dragonite, L50, F|
|poke|p1|Aegislash, L50, F|
|poke|p1|Grimmsnarl, L50, M|
|poke|p2|Sinistcha, L50|
|poke|p2|Tyranitar, L50, F|
|poke|p2|Grimmsnarl, L50, M|
|poke|p2|Slowking-Galar, L50, M|
|poke|p2|Spiritomb, L50, F|
|poke|p2|Archaludon, L50, F|
|teampreview|4
|showteam|p1|Scovillain||Scovillainite|Moody|Overheat,GigaDrain,LeechSeed,RagePowder|Bold||F|||50|]Kommo-o||Leftovers|Soundproof|ClangingScales,AuraSphere,ClangorousSoul,Protect|Modest||M|||50|]Arcanine-Hisui||ChoiceScarf|RockHead|HeadSmash,FlareBlitz,RockSlide,ExtremeSpeed|Jolly||F|||50|]Dragonite||Dragoninite|Multiscale|Thunderbolt,DragonPulse,Tailwind,Protect|Timid||F|||50|]Aegislash|||StanceChange|IronHead,ShadowSneak,WideGuard,KingsShield|Adamant||F|||50|]Grimmsnarl||LightClay|Prankster|FakeOut,FoulPlay,Reflect,PartingShot|Relaxed||M|||50|
|showteam|p2|Sinistcha||ColburBerry|Hospitality|RagePowder,MatchaGotcha,ShadowBall,Protect|Bold|||||50|]Tyranitar||Tyranitarite|Unnerve|LashOut,RockSlide,Protect,FirePunch|Adamant||F|||50|]Grimmsnarl||LightClay|Prankster|SpiritBreak,PartingShot,LightScreen,Reflect|Careful||M|||50|]Slowking-Galar||SitrusBerry|CuriousMedicine|TrickRoom,SludgeBomb,FireBlast,EerieSpell|Quiet||M|||50|]Spiritomb||BlackGlasses|Infiltrator|AllySwitch,SuckerPunch,ShadowSneak,LashOut|Adamant||F|||50|]Archaludon||FocusSash|Stamina|Protect,AuraSphere,FlashCannon,DracoMeteor|Modest||F|||50|
|
|t:|1782561645
|teamsize|p1|4
|teamsize|p2|4
|start
|switch|p1a: Grimmsnarl|Grimmsnarl, L50, M|100/100
|switch|p1b: Kommo-o|Kommo-o, L50, M|100/100
|switch|p2a: Slowking|Slowking-Galar, L50, M|100/100
|switch|p2b: Tyranitar|Tyranitar, L50, F|100/100
|-ability|p2b: Tyranitar|Unnerve
|-clearboost|p2b: Tyranitar|[from] ability: Curious Medicine|[of] p2a: Slowking
|turn|1
|
|t:|1782561663
|switch|p2b: Spiritomb|Spiritomb, L50, F|100/100
|move|p1a: Grimmsnarl|Fake Out|p2a: Slowking
|-damage|p2a: Slowking|89/100
|move|p1b: Kommo-o|Aura Sphere|p2b: Spiritomb
|-immune|p2b: Spiritomb
|cant|p2a: Slowking|flinch
|
|upkeep
|turn|2
|
|t:|1782561691
|switch|p1b: Aegislash|Aegislash, L50, F|100/100
|switch|p2b: Archaludon|Archaludon, L50, F|100/100
|move|p1a: Grimmsnarl|Parting Shot|p2a: Slowking
|-unboost|p2a: Slowking|atk|1
|-unboost|p2a: Slowking|spa|1
|
|t:|1782561701
|switch|p1a: Kommo-o|Kommo-o, L50, M|100/100|[from] Parting Shot
|move|p2a: Slowking|Eerie Spell|p1b: Aegislash
|-resisted|p1b: Aegislash|1
|-damage|p1b: Aegislash|90/100
|
|upkeep
|turn|3
|
|t:|1782561731
|move|p1a: Kommo-o|Protect|p1a: Kommo-o
|-singleturn|p1a: Kommo-o|Protect
|-formechange|p1b: Aegislash|Aegislash-Blade|
|move|p1b: Aegislash|Shadow Sneak|p2a: Slowking
|-supereffective|p2a: Slowking|1
|-damage|p2a: Slowking|48/100
|-enditem|p2a: Slowking|Sitrus Berry|[eat]
|-heal|p2a: Slowking|72/100|[from] item: Sitrus Berry
|move|p2b: Archaludon|Draco Meteor|p1a: Kommo-o
|-activate|p1a: Kommo-o|move: Protect
|move|p2a: Slowking|Trick Room|p2a: Slowking
|-fieldstart|move: Trick Room|[of] p2a: Slowking
|
|upkeep
|turn|4
|
|t:|1782561747
|switch|p1a: Grimmsnarl|Grimmsnarl, L50, M|100/100
|-formechange|p1b: Aegislash|Aegislash|
|move|p1b: Aegislash|King's Shield|p1b: Aegislash
|-singleturn|p1b: Aegislash|Protect
|move|p2a: Slowking|Fire Blast|p1b: Aegislash
|-activate|p1b: Aegislash|move: Protect
|move|p2b: Archaludon|Flash Cannon|p1a: Grimmsnarl
|-supereffective|p1a: Grimmsnarl|1
|-damage|p1a: Grimmsnarl|9/100
|
|upkeep
|turn|5
|
|t:|1782561777
|move|p1a: Grimmsnarl|Parting Shot|p2b: Archaludon
|-unboost|p2b: Archaludon|atk|1
|-unboost|p2b: Archaludon|spa|1
|
|t:|1782561787
|switch|p1a: Scovillain|Scovillain, L50, F|100/100|[from] Parting Shot
|move|p2a: Slowking|Fire Blast|p1b: Aegislash
|-supereffective|p1b: Aegislash|1
|-damage|p1b: Aegislash|54/100
|-formechange|p1b: Aegislash|Aegislash-Blade|
|move|p1b: Aegislash|Iron Head|p2a: Slowking
|-damage|p2a: Slowking|27/100
|move|p2b: Archaludon|Flash Cannon|p1a: Scovillain
|-resisted|p1a: Scovillain|1
|-damage|p1a: Scovillain|80/100
|
|-ability|p1a: Scovillain|Moody|boost
|-boost|p1a: Scovillain|atk|2
|-unboost|p1a: Scovillain|spa|1
|upkeep
|turn|6
|
|t:|1782561815
|detailschange|p1a: Scovillain|Scovillain-Mega, L50, F
|-mega|p1a: Scovillain|Scovillain|Scovillainite
|move|p1b: Aegislash|Shadow Sneak|p2a: Slowking
|-supereffective|p2a: Slowking|1
|-damage|p2a: Slowking|0 fnt
|faint|p2a: Slowking
|move|p1a: Scovillain|Leech Seed|p2b: Archaludon
|-start|p2b: Archaludon|move: Leech Seed
|move|p2b: Archaludon|Flash Cannon|p1a: Scovillain
|-resisted|p1a: Scovillain|1
|-damage|p1a: Scovillain|65/100
|-status|p2b: Archaludon|brn|[from] ability: Spicy Spray|[of] p1a: Scovillain
|
|-damage|p2b: Archaludon|87/100 brn|[from] Leech Seed|[of] p1a: Scovillain
|-heal|p1a: Scovillain|79/100|[silent]
|-damage|p2b: Archaludon|81/100 brn|[from] brn
|upkeep
|
|t:|1782561822
|switch|p2a: Tyranitar|Tyranitar, L50, F|100/100
|-ability|p2a: Tyranitar|Unnerve
|turn|7
|
|t:|1782561840
|switch|p2b: Spiritomb|Spiritomb, L50, F|100/100
|detailschange|p2a: Tyranitar|Tyranitar-Mega, L50, F
|-mega|p2a: Tyranitar|Tyranitar|Tyranitarite
|-weather|Sandstorm|[from] ability: Sand Stream|[of] p2a: Tyranitar
|move|p1b: Aegislash|Iron Head|p2a: Tyranitar
|-supereffective|p2a: Tyranitar|1
|-damage|p2a: Tyranitar|44/100
|move|p2a: Tyranitar|Rock Slide|p1a: Scovillain|[spread] p1a,p1b
|-supereffective|p1a: Scovillain|1
|-resisted|p1b: Aegislash|1
|-damage|p1a: Scovillain|9/100
|-damage|p1b: Aegislash|19/100
|-status|p2a: Tyranitar|brn|[from] ability: Spicy Spray|[of] p1a: Scovillain
|move|p1a: Scovillain|Giga Drain|p2a: Tyranitar
|-supereffective|p2a: Tyranitar|1
|-damage|p2a: Tyranitar|21/100 brn
|-heal|p1a: Scovillain|23/100|[from] drain|[of] p2a: Tyranitar
|
|-weather|Sandstorm|[upkeep]
|-damage|p2b: Spiritomb|94/100|[from] Sandstorm
|-damage|p1a: Scovillain|18/100|[from] Sandstorm
|-damage|p2a: Tyranitar|15/100 brn|[from] brn
|-fieldend|move: Trick Room
|upkeep
|turn|8
|
|t:|1782561867
|move|p1b: Aegislash|Wide Guard|p1b: Aegislash
|-singleturn|p1b: Aegislash|Wide Guard
|move|p2b: Spiritomb|Ally Switch|p2b: Spiritomb
|swap|p2b: Spiritomb|0|[from] move: Ally Switch
|move|p1a: Scovillain|Giga Drain|p2a: Spiritomb
|-damage|p2a: Spiritomb|70/100
|-heal|p1a: Scovillain|29/100|[from] drain|[of] p2a: Spiritomb
|move|p2b: Tyranitar|Rock Slide|p1a: Scovillain|[spread] 
|-activate|p1a: Scovillain|move: Wide Guard
|-activate|p1b: Aegislash|move: Wide Guard
|
|-weather|Sandstorm|[upkeep]
|-damage|p1a: Scovillain|23/100|[from] Sandstorm
|-damage|p2a: Spiritomb|64/100|[from] Sandstorm
|-damage|p2b: Tyranitar|10/100 brn|[from] brn
|upkeep
|turn|9
|
|t:|1782561909
|move|p2a: Spiritomb|Shadow Sneak|p1b: Aegislash
|-supereffective|p1b: Aegislash|1
|-damage|p1b: Aegislash|0 fnt
|faint|p1b: Aegislash
|move|p1a: Scovillain|Giga Drain|p2b: Tyranitar
|-supereffective|p2b: Tyranitar|1
|-damage|p2b: Tyranitar|0 fnt
|-heal|p1a: Scovillain|29/100|[from] drain|[of] p2b: Tyranitar
|faint|p2b: Tyranitar
|
|-weather|Sandstorm|[upkeep]
|-damage|p1a: Scovillain|23/100|[from] Sandstorm
|-damage|p2a: Spiritomb|59/100|[from] Sandstorm
|upkeep
|
|t:|1782561939
|switch|p2b: Archaludon|Archaludon, L50, F|81/100 brn
|switch|p1b: Grimmsnarl|Grimmsnarl, L50, M|9/100
|turn|10
|
|t:|1782561960
|move|p1b: Grimmsnarl|Parting Shot|p2b: Archaludon
|-unboost|p2b: Archaludon|atk|1
|-unboost|p2b: Archaludon|spa|1
|
|t:|1782561964
|switch|p1b: Kommo-o|Kommo-o, L50, M|100/100|[from] Parting Shot
|move|p2a: Spiritomb|Shadow Sneak|p1b: Kommo-o
|-damage|p1b: Kommo-o|85/100
|move|p2b: Archaludon|Draco Meteor|p1a: Scovillain
|-damage|p1a: Scovillain|0 fnt
|-unboost|p2b: Archaludon|spa|2
|faint|p1a: Scovillain
|
|-weather|Sandstorm|[upkeep]
|-damage|p1b: Kommo-o|79/100|[from] Sandstorm
|-damage|p2a: Spiritomb|53/100|[from] Sandstorm
|-heal|p1b: Kommo-o|85/100|[from] item: Leftovers
|-damage|p2b: Archaludon|75/100 brn|[from] brn
|upkeep
|
|t:|1782561980
|switch|p1a: Grimmsnarl|Grimmsnarl, L50, M|9/100
|turn|11
|
|t:|1782562023
|move|p1a: Grimmsnarl|Fake Out|p2b: Archaludon
|-resisted|p2b: Archaludon|1
|-damage|p2b: Archaludon|71/100 brn
|-ability|p2b: Archaludon|Stamina|boost
|-boost|p2b: Archaludon|def|1
|move|p2a: Spiritomb|Shadow Sneak|p1a: Grimmsnarl
|-resisted|p1a: Grimmsnarl|1
|-damage|p1a: Grimmsnarl|1/100
|move|p1b: Kommo-o|Aura Sphere|p2b: Archaludon
|-supereffective|p2b: Archaludon|1
|-damage|p2b: Archaludon|0 fnt
|faint|p2b: Archaludon
|
|-weather|none
|-heal|p1b: Kommo-o|91/100|[from] item: Leftovers
|upkeep
|turn|12
|-message|Drunk express forfeited.
|
|win|TheArchxn
||Drunk express is ready for game 2.
|inactive|TheArchxn has 30 seconds to confirm battle start!
|inactive|TheArchxn has 20 seconds to confirm battle start!
