|j|☆darkocin
|j|☆Zero_blazeVGC
|html|darkocinZero_blazeVGC    
|uhtml|bestof|Game 3 of a best-of-3
|t:|1756558207
|gametype|doubles
|player|p1|darkocin|1|1163
|player|p2|Zero_blazeVGC|alder|1185
|gen|9
|tier|[Gen 9] VGC 2025 Reg H (Bo3)
|rated|
|rule|Species Clause: Limit one of each Pokémon
|rule|Item Clause: Limit 1 of each item
|clearpoke
|poke|p1|Talonflame, L50, M|
|poke|p1|Gholdengo, L50|
|poke|p1|Dragonite, L50, F|
|poke|p1|Ursaluna-Bloodmoon, L50, M|
|poke|p1|Electabuzz, L50, M|
|poke|p1|Sinistcha, L50|
|poke|p2|Rillaboom, L50, M|
|poke|p2|Dragonite, L50, M|
|poke|p2|Sneasler, L50, F|
|poke|p2|Ninetales-Alola, L50, M|
|poke|p2|Kingambit, L50, F|
|poke|p2|Magmar, L50, M|
|teampreview|4
|showteam|p1|Talonflame||CovertCloak|GaleWings|DualWingbeat,FlareBlitz,WillOWisp,Tailwind|||M|||50|,,,,,Stellar]Gholdengo||MetalCoat|GoodasGold|MakeItRain,ShadowBall,NastyPlot,Protect||||||50|,,,,,Water]Dragonite||LoadedDice|Multiscale|ScaleShot,Tailwind,Haze,Protect|||F|||50|,,,,,Fairy]Ursaluna-Bloodmoon||LifeOrb|MindsEye|BloodMoon,HyperVoice,EarthPower,Protect|||M|||50|,,,,,Normal]Electabuzz||Eviolite|VitalSpirit|Electroweb,FollowMe,Taunt,Protect|||M|||50|,,,,,Ghost]Sinistcha||SitrusBerry|Hospitality|MatchaGotcha,RagePowder,StrengthSap,TrickRoom||||||50|,,,,,Water
|showteam|p2|Rillaboom||AssaultVest|GrassySurge|WoodHammer,GrassyGlide,HighHorsepower,FakeOut|||M|||50|,,,,,Fire]Dragonite||LoadedDice|Multiscale|Protect,ScaleShot,LowKick,Haze|||M|||50|,,,,,Fairy]Sneasler||WhiteHerb|Unburden|Protect,DireClaw,CloseCombat,Coaching|||F|||50|,,,,,Ghost]Ninetales-Alola||ChoiceSpecs|SnowWarning|Blizzard,IcyWind,Moonblast,FreezeDry|||M|||50|,,,,,Ghost]Kingambit||SafetyGoggles|Defiant|Protect,KowtowCleave,SuckerPunch,SwordsDance|||F|||50|,,,,,Dark]Magmar||Eviolite|VitalSpirit|Protect,FollowMe,Overheat,WillOWisp|||M|||50|,,,,,Dragon
|
|t:|1756558245
|teamsize|p1|4
|teamsize|p2|4
|start
|switch|p1a: Dragonite|Dragonite, L50, F|100/100
|switch|p1b: Gholdengo|Gholdengo, L50|100/100
|switch|p2a: 90% = 50%|Dragonite, L50, M, shiny|100/100
|switch|p2b: Noah's BFF|Sneasler, L50, F, shiny|100/100
|turn|1
|inactive|Battle timer is ON: inactive players will automatically lose when time's up. (requested by darkocin)
|
|t:|1756558308
|move|p1a: Dragonite|Protect|p1a: Dragonite
|-singleturn|p1a: Dragonite|Protect
|move|p2b: Noah's BFF|Dire Claw|p1a: Dragonite
|-activate|p1a: Dragonite|move: Protect
|move|p1b: Gholdengo|Nasty Plot|p1b: Gholdengo
|-boost|p1b: Gholdengo|spa|2
|move|p2a: 90% = 50%|Scale Shot|p1b: Gholdengo
|-resisted|p1b: Gholdengo
|-crit|p1b: Gholdengo
|-damage|p1b: Gholdengo|87/100
|-resisted|p1b: Gholdengo
|-damage|p1b: Gholdengo|79/100
|-resisted|p1b: Gholdengo
|-damage|p1b: Gholdengo|72/100
|-resisted|p1b: Gholdengo
|-damage|p1b: Gholdengo|63/100
|-resisted|p1b: Gholdengo
|-damage|p1b: Gholdengo|54/100
|-hitcount|p1b: Gholdengo|5
|-unboost|p2a: 90% = 50%|def|1
|-boost|p2a: 90% = 50%|spe|1
|
|upkeep
|turn|2
|inactive|Zero_blazeVGC has 30 seconds left.
|inactive|Zero_blazeVGC has 20 seconds left.
|inactive|Zero_blazeVGC has 15 seconds left.
|inactive|Zero_blazeVGC has 10 seconds left.
|
|t:|1756558356
|switch|p1a: Ursaluna|Ursaluna-Bloodmoon, L50, M|100/100
|move|p2a: 90% = 50%|Haze|p2a: 90% = 50%
|-clearallboost
|move|p2b: Noah's BFF|Dire Claw|p1a: Ursaluna
|-resisted|p1a: Ursaluna
|-damage|p1a: Ursaluna|84/100
|-status|p1a: Ursaluna|par
|move|p1b: Gholdengo|Make It Rain|p2b: Noah's BFF|[spread] p2a,p2b
|-damage|p2a: 90% = 50%|69/100
|-damage|p2b: Noah's BFF|24/100
|-unboost|p1b: Gholdengo|spa|1
|
|upkeep
|turn|3
|inactive|darkocin has 30 seconds left.
|inactive|Zero_blazeVGC has 30 seconds left.
|inactive|darkocin has 20 seconds left.
|inactive|Zero_blazeVGC has 20 seconds left.
|inactive|Zero_blazeVGC has 15 seconds left.
|
|t:|1756558399
|move|p2b: Noah's BFF|Close Combat|p1a: Ursaluna
|-supereffective|p1a: Ursaluna
|-damage|p1a: Ursaluna|0 fnt
|-unboost|p2b: Noah's BFF|def|1
|-unboost|p2b: Noah's BFF|spd|1
|faint|p1a: Ursaluna
|-enditem|p2b: Noah's BFF|White Herb
|-clearnegativeboost|p2b: Noah's BFF|[silent]
|move|p1b: Gholdengo|Make It Rain|p2b: Noah's BFF|[spread] p2a,p2b
|-damage|p2a: 90% = 50%|29/100
|-damage|p2b: Noah's BFF|0 fnt
|-unboost|p1b: Gholdengo|spa|1
|faint|p2b: Noah's BFF
|move|p2a: 90% = 50%|Scale Shot|p1b: Gholdengo
|-resisted|p1b: Gholdengo
|-damage|p1b: Gholdengo|46/100
|-resisted|p1b: Gholdengo
|-damage|p1b: Gholdengo|38/100
|-resisted|p1b: Gholdengo
|-damage|p1b: Gholdengo|29/100
|-resisted|p1b: Gholdengo
|-damage|p1b: Gholdengo|21/100
|-hitcount|p1b: Gholdengo|4
|-unboost|p2a: 90% = 50%|def|1
|-boost|p2a: 90% = 50%|spe|1
|
|upkeep
|inactive|Zero_blazeVGC has 30 seconds left.
|
|t:|1756558431
|switch|p2b: Monke|Rillaboom, L50, M, shiny|100/100
|switch|p1a: Talonflame|Talonflame, L50, M|100/100
|-fieldstart|move: Grassy Terrain|[from] ability: Grassy Surge|[of] p2b: Monke
|turn|4
|
|t:|1756558455
|move|p2b: Monke|Fake Out|p1a: Talonflame
|-damage|p1a: Talonflame|78/100
|move|p2a: 90% = 50%|Scale Shot|p1a: Talonflame
|-damage|p1a: Talonflame|55/100
|-damage|p1a: Talonflame|31/100
|-damage|p1a: Talonflame|7/100
|-crit|p1a: Talonflame
|-damage|p1a: Talonflame|0 fnt
|faint|p1a: Talonflame
|-hitcount|p1: Talonflame|4
|-unboost|p2a: 90% = 50%|def|1
|-boost|p2a: 90% = 50%|spe|1
|move|p1b: Gholdengo|Make It Rain|p2a: 90% = 50%|[spread] p2a,p2b
|-damage|p2a: 90% = 50%|0 fnt
|-damage|p2b: Monke|81/100
|-unboost|p1b: Gholdengo|spa|1
|faint|p2a: 90% = 50%
|
|-heal|p1b: Gholdengo|27/100|[from] Grassy Terrain
|-heal|p2b: Monke|87/100|[from] Grassy Terrain
|upkeep
|
|t:|1756558471
|switch|p1a: Dragonite|Dragonite, L50, F|100/100
|switch|p2a: Kingambling|Kingambit, L50, F, shiny|100/100
|turn|5
|-message|darkocin forfeited.
|
|win|Zero_blazeVGC
|raw|darkocin's rating: 1163 → 1140(-23 for losing)
|raw|Zero_blazeVGC's rating: 1185 → 1208(+23 for winning)
|l|☆darkocin
|player|p1|
