|j|‽Livnlarge27
|j|☆PuniHina
|html|Livnlarge27PuniHina    
|uhtml|bestof|Game 2 of a best-of-3
|t:|1755558252
|gametype|doubles
|player|p1|Livnlarge27|red|1462
|player|p2|PuniHina|lacey|1329
|gen|9
|tier|[Gen 9] VGC 2025 Reg H (Bo3)
|rated|
|rule|Species Clause: Limit one of each Pokémon
|rule|Item Clause: Limit 1 of each item
|clearpoke
|poke|p1|Blastoise, L50, F|
|poke|p1|Indeedee-F, L50, F|
|poke|p1|Armarouge, L50, F|
|poke|p1|Whimsicott, L50, F|
|poke|p1|Chesnaught, L50, F|
|poke|p1|Dragapult, L50, M|
|poke|p2|Kingambit, L50, F|
|poke|p2|Volcarona, L50, M|
|poke|p2|Annihilape, L50, F|
|poke|p2|Rillaboom, L50, F|
|poke|p2|Electabuzz, L50, M|
|poke|p2|Dragonite, L50, F|
|teampreview|4
|showteam|p1|Blastoise||MysticWater|Torrent|Protect,WaterSpout,HydroPump,ShellSmash|||F|||50|,,,,,Water]Indeedee-F||SafetyGoggles|PsychicSurge|Imprison,FollowMe,HelpingHand,TrickRoom|||F|||50|,,,,,Fairy]Armarouge||LifeOrb|FlashFire|ExpandingForce,ArmorCannon,ClearSmog,AuraSphere|||F|||50|,,,,,Grass]Whimsicott||CovertCloak|Prankster|Tailwind,Moonblast,Encore,Taunt|||F|||50|,,,,,Dark]Chesnaught||Leftovers|Bulletproof|IronDefense,BodyPress,LeechSeed,SpikyShield|||F|||50|,,,,,Fairy]Dragapult||ChoiceBand|ClearBody|DragonDarts,Uturn,PhantomForce,TeraBlast|||M|||50|,,,,,Ghost
|showteam|p2|Kingambit||BlackGlasses|Defiant|KowtowCleave,SuckerPunch,Protect,SwordsDance|||F|||50|,,,,,Dark]Volcarona||CovertCloak|FlameBody|TeraBlast,HeatWave,WillOWisp,QuiverDance|||M|||50|,,,,,Fairy]Annihilape||SafetyGoggles|Defiant|CloseCombat,RageFist,Coaching,FinalGambit|||F|||50|,,,,,Water]Rillaboom||AssaultVest|GrassySurge|WoodHammer,GrassyGlide,FakeOut,KnockOff|||F|||50|,,,,,Fire]Electabuzz||Eviolite|VitalSpirit|Electroweb,HelpingHand,Protect,FollowMe|||M|||50|,,,,,Dragon]Dragonite||LoadedDice|Multiscale|ScaleShot,StompingTantrum,Protect,Haze|||F|||50|,,,,,Ground
|inactive|Battle timer is ON: inactive players will automatically lose when time's up. (requested by Livnlarge27)
|inactive|PuniHina has 60 seconds left.
|
|t:|1755558293
|teamsize|p1|4
|teamsize|p2|4
|start
|switch|p1a: Dragapult|Dragapult, L50, M|100/100
|switch|p1b: Chesnaught|Chesnaught, L50, F|100/100
|switch|p2a: Volcarona|Volcarona, L50, M|100/100
|switch|p2b: Electabuzz|Electabuzz, L50, M|100/100
|turn|1
|
|t:|1755558315
|switch|p1a: Armarouge|Armarouge, L50, F|100/100
|-terastallize|p2a: Volcarona|Fairy
|move|p2b: Electabuzz|Protect|p2b: Electabuzz
|-singleturn|p2b: Electabuzz|Protect
|move|p2a: Volcarona|Quiver Dance|p2a: Volcarona
|-boost|p2a: Volcarona|spa|1
|-boost|p2a: Volcarona|spd|1
|-boost|p2a: Volcarona|spe|1
|move|p1b: Chesnaught|Leech Seed|p2b: Electabuzz
|-activate|p2b: Electabuzz|move: Protect
|
|upkeep
|turn|2
|
|t:|1755558329
|move|p2b: Electabuzz|Follow Me|p2b: Electabuzz
|-singleturn|p2b: Electabuzz|move: Follow Me
|move|p2a: Volcarona|Tera Blast|p1b: Chesnaught|[anim] Tera Blast Fairy
|-supereffective|p1b: Chesnaught
|-damage|p1b: Chesnaught|13/100
|move|p1a: Armarouge|Armor Cannon|p2b: Electabuzz
|-damage|p2b: Electabuzz|22/100
|-unboost|p1a: Armarouge|def|1
|-unboost|p1a: Armarouge|spd|1
|-damage|p1a: Armarouge|91/100|[from] item: Life Orb
|move|p1b: Chesnaught|Body Press|p2b: Electabuzz
|-damage|p2b: Electabuzz|0 fnt
|faint|p2b: Electabuzz
|
|-heal|p1b: Chesnaught|19/100|[from] item: Leftovers
|upkeep
|
|t:|1755558342
|switch|p2b: Rillaboom|Rillaboom, L50, F|100/100
|-fieldstart|move: Grassy Terrain|[from] ability: Grassy Surge|[of] p2b: Rillaboom
|turn|3
|
|t:|1755558362
|switch|p1a: Dragapult|Dragapult, L50, M|100/100
|move|p2a: Volcarona|Tera Blast|p1a: Dragapult|[anim] Tera Blast Fairy
|-supereffective|p1a: Dragapult
|-damage|p1a: Dragapult|0 fnt
|faint|p1a: Dragapult
|move|p2b: Rillaboom|Knock Off|p1b: Chesnaught
|-resisted|p1b: Chesnaught
|-damage|p1b: Chesnaught|8/100
|-enditem|p1b: Chesnaught|Leftovers|[from] move: Knock Off|[of] p2b: Rillaboom
|move|p1b: Chesnaught|Leech Seed|p2a: Volcarona
|-start|p2a: Volcarona|move: Leech Seed
|
|-heal|p1b: Chesnaught|14/100|[from] Grassy Terrain
|-damage|p2a: Volcarona|88/100|[from] Leech Seed|[of] p1b: Chesnaught
|-heal|p1b: Chesnaught|25/100|[silent]
|upkeep
|
|t:|1755558377
|switch|p1a: Armarouge|Armarouge, L50, F|91/100
|turn|4
|
|t:|1755558397
|switch|p1a: Indeedee|Indeedee-F, L50, F|100/100
|-fieldstart|move: Psychic Terrain|[from] ability: Psychic Surge|[of] p1a: Indeedee
|move|p2a: Volcarona|Tera Blast|p1a: Indeedee|[anim] Tera Blast Fairy
|-damage|p1a: Indeedee|45/100
|move|p2b: Rillaboom|Knock Off|p1a: Indeedee
|-supereffective|p1a: Indeedee
|-damage|p1a: Indeedee|0 fnt
|-enditem|p1a: Indeedee|Safety Goggles|[from] move: Knock Off|[of] p2b: Rillaboom
|faint|p1a: Indeedee
|move|p1b: Chesnaught|Iron Defense|p1b: Chesnaught
|-boost|p1b: Chesnaught|def|2
|
|-damage|p2a: Volcarona|76/100|[from] Leech Seed|[of] p1b: Chesnaught
|-heal|p1b: Chesnaught|36/100|[silent]
|upkeep
|
|t:|1755558404
|switch|p1a: Armarouge|Armarouge, L50, F|91/100
|turn|5
|
|t:|1755558420
|-terastallize|p1a: Armarouge|Grass
|move|p1b: Chesnaught|Spiky Shield|p1b: Chesnaught
|-singleturn|p1b: Chesnaught|move: Protect
|move|p2a: Volcarona|Tera Blast|p1b: Chesnaught|[anim] Tera Blast Fairy
|-activate|p1b: Chesnaught|move: Protect
|move|p2b: Rillaboom|Knock Off|p1a: Armarouge
|-damage|p1a: Armarouge|61/100
|-enditem|p1a: Armarouge|Life Orb|[from] move: Knock Off|[of] p2b: Rillaboom
|move|p1a: Armarouge|Expanding Force|p2a: Volcarona|[spread] p2a,p2b
|-damage|p2a: Volcarona|36/100
|-damage|p2b: Rillaboom|56/100
|
|-damage|p2a: Volcarona|24/100|[from] Leech Seed|[of] p1b: Chesnaught
|-heal|p1b: Chesnaught|48/100|[silent]
|upkeep
|turn|6
|
|t:|1755558435
|switch|p2b: Kingambit|Kingambit, L50, F|100/100
|move|p1b: Chesnaught|Spiky Shield||[still]
|-fail|p1b: Chesnaught
|move|p2a: Volcarona|Tera Blast|p1b: Chesnaught|[anim] Tera Blast Fairy
|-supereffective|p1b: Chesnaught
|-damage|p1b: Chesnaught|0 fnt
|faint|p1b: Chesnaught
|move|p1a: Armarouge|Expanding Force|p2b: Kingambit|[spread] p2a
|-immune|p2b: Kingambit
|-damage|p2a: Volcarona|0 fnt
|faint|p2a: Volcarona
|
|upkeep
|
|t:|1755558444
|switch|p2a: Rillaboom|Rillaboom, L50, F|56/100
|-fieldstart|move: Grassy Terrain|[from] ability: Grassy Surge|[of] p2a: Rillaboom
|turn|7
|
|t:|1755558451
|move|p2a: Rillaboom|Fake Out|p1a: Armarouge
|-damage|p1a: Armarouge|49/100
|cant|p1a: Armarouge|flinch
|move|p2b: Kingambit|Swords Dance|p2b: Kingambit
|-boost|p2b: Kingambit|atk|2
|
|-heal|p2a: Rillaboom|61/100|[from] Grassy Terrain
|-heal|p1a: Armarouge|55/100|[from] Grassy Terrain
|upkeep
|turn|8
|
|t:|1755558460
|move|p2b: Kingambit|Sucker Punch|p1a: Armarouge
|-damage|p1a: Armarouge|0 fnt
|faint|p1a: Armarouge
|
|win|PuniHina
|raw|Livnlarge27's rating: 1462 → 1435(-27 for losing)
|raw|PuniHina's rating: 1329 → 1356(+27 for winning)
|l|‽Livnlarge27
|player|p1|
