|j|☆EgoJJ
|j|☆PigsPigsPigsPigs
|html|EgoJJPigsPigsPigsPigs    
|uhtml|bestof|Game 3 of a best-of-3
|t:|1756839414
|gametype|doubles
|player|p1|EgoJJ|brock|1162
|player|p2|PigsPigsPigsPigs|170|1101
|gen|9
|tier|[Gen 9] VGC 2025 Reg H (Bo3)
|rated|
|rule|Species Clause: Limit one of each Pokémon
|rule|Item Clause: Limit 1 of each item
|clearpoke
|poke|p1|Glimmora, L50, M|
|poke|p1|Tatsugiri, L50, F|
|poke|p1|Dondozo, L50, F|
|poke|p1|Rillaboom, L50, F|
|poke|p1|Volcarona, L50, F|
|poke|p1|Sneasler, L50, M|
|poke|p2|Indeedee-F, L50, F|
|poke|p2|Armarouge, L50, M|
|poke|p2|Annihilape, L50, F|
|poke|p2|Ursaluna-Bloodmoon, L50, M|
|poke|p2|Gallade, L50, M|
|poke|p2|Sneasler, L50, F|
|teampreview|4
|showteam|p1|Glimmora||PowerHerb|ToxicDebris|MeteorBeam,SludgeBomb,EarthPower,SpikyShield|||M|||50|,,,,,Grass]Tatsugiri||FocusSash|Commander|DracoMeteor,MuddyWater,Taunt,Protect|||F|||50|,,,,,Stellar]Dondozo||CovertCloak|Unaware|WaveCrash,OrderUp,HeavySlam,Protect|||F|||50|,,,,,Steel]Rillaboom||AssaultVest|GrassySurge|FakeOut,GrassyGlide,WoodHammer,HighHorsepower|||F|||50|,,,,,Fire]Volcarona||SitrusBerry|FlameBody|FieryDance,TeraBlast,WillOWisp,Tailwind|||F|||50|,,,,,Fairy]Sneasler||GrassySeed|Unburden|DireClaw,CloseCombat,Coaching,Protect|||M|||50|,,,,,Stellar
|showteam|p2|Indeedee-F||FocusSash|PsychicSurge|FollowMe,TrickRoom,HelpingHand,Psychic|||F|||50|,,,,,Ghost]Armarouge||LifeOrb|FlashFire|ExpandingForce,ArmorCannon,WideGuard,TrickRoom|||M|||50|,,,,,Grass]Annihilape||SafetyGoggles|Defiant|Taunt,FinalGambit,CloseCombat,RageFist|||F|||50|,,,,,Steel]Ursaluna-Bloodmoon||AssaultVest|MindsEye|HyperVoice,BloodMoon,EarthPower,VacuumWave|||M|||50|,,,,,Water]Gallade||ClearAmulet|Sharpness|PsychoCut,SacredSword,TrickRoom,WideGuard|||M|||50|,,,,,Grass]Sneasler||PsychicSeed|Unburden|DireClaw,CloseCombat,ThroatChop,Protect|||F|||50|,,,,,Dark
|inactive|Battle timer is ON: inactive players will automatically lose when time's up. (requested by EgoJJ)
|inactive|PigsPigsPigsPigs has 60 seconds left.
|inactive|EgoJJ has 60 seconds left.
|
|t:|1756839461
|teamsize|p1|4
|teamsize|p2|4
|start
|switch|p1a: Tatsugiri|Tatsugiri, L50, F|100/100
|switch|p1b: Volcarona|Volcarona, L50, F|100/100
|switch|p2a: Pomni|Indeedee-F, L50, F|100/100
|switch|p2b: Sneasler|Sneasler, L50, F|100/100
|-fieldstart|move: Psychic Terrain|[from] ability: Psychic Surge|[of] p2a: Pomni
|-enditem|p2b: Sneasler|Psychic Seed
|-boost|p2b: Sneasler|spd|1|[from] item: Psychic Seed
|turn|1
|inactive|EgoJJ has 30 seconds left.
|inactive|EgoJJ has 20 seconds left.
|
|t:|1756839496
|move|p2b: Sneasler|Dire Claw|p1a: Tatsugiri
|-damage|p1a: Tatsugiri|21/100
|-status|p1a: Tatsugiri|par
|move|p1b: Volcarona|Tailwind|p1b: Volcarona
|-sidestart|p1: EgoJJ|move: Tailwind
|cant|p1a: Tatsugiri|par
|move|p2a: Pomni|Psychic|p1a: Tatsugiri
|-damage|p1a: Tatsugiri|0 fnt
|faint|p1a: Tatsugiri
|
|upkeep
|
|t:|1756839508
|switch|p1a: Rillaboom|Rillaboom, L50, F|100/100
|-fieldstart|move: Grassy Terrain|[from] ability: Grassy Surge|[of] p1a: Rillaboom
|turn|2
|inactive|EgoJJ has 30 seconds left.
|
|t:|1756839539
|switch|p2a: XDDCC|Gallade, L50, M|100/100
|-terastallize|p1a: Rillaboom|Fire
|move|p2b: Sneasler|Protect|p2b: Sneasler
|-singleturn|p2b: Sneasler|Protect
|move|p1b: Volcarona|Fiery Dance|p2a: XDDCC
|-damage|p2a: XDDCC|64/100
|move|p1a: Rillaboom|Wood Hammer|p2a: XDDCC
|-damage|p2a: XDDCC|0 fnt
|faint|p2a: XDDCC
|-damage|p1a: Rillaboom|83/100|[from] Recoil
|
|-heal|p1a: Rillaboom|88/100|[from] Grassy Terrain
|upkeep
|j| Trestkon
|
|t:|1756839552
|switch|p2a: Pomni|Indeedee-F, L50, F|100/100
|-fieldstart|move: Psychic Terrain|[from] ability: Psychic Surge|[of] p2a: Pomni
|turn|3
|
|t:|1756839571
|move|p2a: Pomni|Helping Hand|p2b: Sneasler
|-singleturn|p2b: Sneasler|Helping Hand|[of] p2a: Pomni
|move|p2b: Sneasler|Dire Claw|p1b: Volcarona
|-damage|p1b: Volcarona|31/100
|-status|p1b: Volcarona|par
|-status|p2b: Sneasler|brn|[from] ability: Flame Body|[of] p1b: Volcarona
|-enditem|p1b: Volcarona|Sitrus Berry|[eat]
|-heal|p1b: Volcarona|56/100 par|[from] item: Sitrus Berry
|move|p1a: Rillaboom|Wood Hammer|p2a: Pomni
|-damage|p2a: Pomni|46/100
|-damage|p1a: Rillaboom|73/100|[from] Recoil
|cant|p1b: Volcarona|par
|
|-damage|p2b: Sneasler|95/100 brn|[from] brn
|upkeep
|turn|4
|inactive|EgoJJ has 30 seconds left.
|inactive|EgoJJ has 20 seconds left.
|inactive|EgoJJ has 15 seconds left.
|inactive|EgoJJ has 10 seconds left.
|inactive|EgoJJ has 5 seconds left.
|
|t:|1756839622
|move|p2b: Sneasler|Dire Claw|p1a: Rillaboom
|-damage|p1a: Rillaboom|55/100
|-status|p1a: Rillaboom|slp
|cant|p1a: Rillaboom|slp
|move|p1b: Volcarona|Fiery Dance|p2a: Pomni
|-damage|p2a: Pomni|12/100
|move|p2a: Pomni|Psychic|p1a: Rillaboom
|-damage|p1a: Rillaboom|26/100 slp
|
|-damage|p2b: Sneasler|89/100 brn|[from] brn
|-sideend|p1: EgoJJ|move: Tailwind
|upkeep
|turn|5
|inactive|EgoJJ has 30 seconds left.
|
|t:|1756839654
|move|p2b: Sneasler|Dire Claw|p1b: Volcarona
|-crit|p1b: Volcarona
|-damage|p1b: Volcarona|22/100 par
|cant|p1a: Rillaboom|slp
|move|p2a: Pomni|Psychic|p1a: Rillaboom
|-damage|p1a: Rillaboom|0 fnt
|faint|p1a: Rillaboom
|move|p1b: Volcarona|Fiery Dance|p2a: Pomni
|-damage|p2a: Pomni|0 fnt
|faint|p2a: Pomni
|
|-damage|p2b: Sneasler|83/100 brn|[from] brn
|upkeep
|
|t:|1756839667
|switch|p1a: Dondozo|Dondozo, L50, F|100/100
|switch|p2a: Cain|Ursaluna-Bloodmoon, L50, M|100/100
|turn|6
|l| Trestkon
|inactive|EgoJJ has 30 seconds left.
|
|t:|1756839695
|-terastallize|p2a: Cain|Water
|move|p2b: Sneasler|Dire Claw|p1b: Volcarona
|-damage|p1b: Volcarona|0 fnt
|faint|p1b: Volcarona
|move|p1a: Dondozo|Wave Crash|p2a: Cain
|-resisted|p2a: Cain
|-damage|p2a: Cain|83/100
|-damage|p1a: Dondozo|95/100|[from] Recoil
|move|p2a: Cain|Blood Moon|p1a: Dondozo
|-damage|p1a: Dondozo|31/100
|
|-damage|p2b: Sneasler|77/100 brn|[from] brn
|upkeep
|turn|7
|inactive|EgoJJ has 30 seconds left.
|
|t:|1756839725
|move|p2b: Sneasler|Dire Claw|p1a: Dondozo
|-damage|p1a: Dondozo|16/100
|move|p1a: Dondozo|Wave Crash|p2a: Cain
|-resisted|p2a: Cain
|-damage|p2a: Cain|66/100
|-damage|p1a: Dondozo|11/100|[from] Recoil
|move|p2a: Cain|Hyper Voice|p1a: Dondozo
|-damage|p1a: Dondozo|0 fnt
|faint|p1a: Dondozo
|
|win|PigsPigsPigsPigs
|raw|EgoJJ's rating: 1162 → 1133(-29 for losing)
|raw|PigsPigsPigsPigs's rating: 1101 → 1130(+29 for winning)
