|j|‽bobsparents
|j|☆dropddead
|html|bobsparentsdropddead    
|uhtml|bestof|Game 2 of a best-of-3
|t:|1784393105
|gametype|doubles
|player|p1|bobsparents|cynthia|1200
|player|p2|dropddead|crasherwake|1138
|gen|9
|tier|[Gen 9 Champions] VGC 2026 Reg M-B (Bo3)
|rated|
|rule|Species Clause: Limit one of each Pokémon
|rule|Item Clause: Limit 1 of each item
|clearpoke
|poke|p1|Kangaskhan, L50, F|
|poke|p1|Farigiraf, L50, M|
|poke|p1|Chandelure, L50, M|
|poke|p1|Avalugg-Hisui, L50, F|
|poke|p1|Decidueye-Hisui, L50, F|
|poke|p1|Kingambit, L50, F|
|poke|p2|Sneasler, L50, M|
|poke|p2|Blastoise, L50, M|
|poke|p2|Kingambit, L50, M|
|poke|p2|Incineroar, L50, M|
|poke|p2|Delphox, L50, F|
|poke|p2|Sinistcha, L50|
|teampreview|4
|showteam|p1|Kangaskhan||Kangaskhanite|Scrappy|DoubleEdge,HammerArm,IcePunch,FakeOut|Brave||F|||50|]Farigiraf||SitrusBerry|ArmorTail|PsychicNoise,Thunderbolt,TrickRoom,Protect|Quiet||M|||50|]Chandelure||FocusSash|FlashFire|HeatWave,ShadowBall,TrickRoom,Protect|Quiet||M|||50|]Avalugg-Hisui||WideLens|Sturdy|RockSlide,MountainGale,BodyPress,WideGuard|Brave||F|||50|]Decidueye-Hisui||LifeOrb|Scrappy|CloseCombat,LeafBlade,BraveBird,Protect|Brave||F|||50|]Kingambit||BlackGlasses|Defiant|KowtowCleave,IronHead,SuckerPunch,SwordsDance|Brave||F|||50|
|showteam|p2|Sneasler||FocusSash|PoisonTouch|PoisonJab,CloseCombat,FakeOut,QuickGuard|Jolly||M|||50|]Blastoise||Blastoisinite|RainDish|DarkPulse,WaterSpout,ShellSmash,Protect|Modest||M|||50|]Kingambit||BlackGlasses|Defiant|KowtowCleave,SuckerPunch,SwordsDance,Protect|Adamant||M|||50|]Incineroar||SitrusBerry|Intimidate|FlareBlitz,HelpingHand,PartingShot,FakeOut|Careful||M|||50|]Delphox||Delphoxite|Blaze|HeatWave,NastyPlot,Psyshock,Protect|Modest||F|||50|]Sinistcha||KasibBerry|Hospitality|MatchaGotcha,RagePowder,TrickRoom,Protect|Bold|||||50|
|inactive|Battle timer is ON: inactive players will automatically lose when time's up. (requested by dropddead)
|inactive|bobsparents has 60 seconds left.
|
|t:|1784393136
|teamsize|p1|4
|teamsize|p2|4
|start
|switch|p1a: Kangaskhan|Kangaskhan, L50, F|100/100
|switch|p1b: Farigiraf|Farigiraf, L50, M|100/100
|switch|p2a: Delphox|Delphox, L50, F|100/100
|switch|p2b: Incineroar|Incineroar, L50, M|100/100
|-ability|p2b: Incineroar|Intimidate|boost
|-fail|p1a: Kangaskhan|unboost|Attack|[from] ability: Scrappy|[of] p1a: Kangaskhan
|-unboost|p1b: Farigiraf|atk|1
|turn|1
|inactive|bobsparents has 30 seconds left.
|inactive|dropddead has 30 seconds left.
|
|t:|1784393171
|switch|p2a: Sinistcha|Sinistcha, L50|100/100
|detailschange|p1a: Kangaskhan|Kangaskhan-Mega, L50, F
|-mega|p1a: Kangaskhan|Kangaskhan|Kangaskhanite
|move|p1a: Kangaskhan|Hammer Arm|p2b: Incineroar
|-supereffective|p2b: Incineroar|1
|-damage|p2b: Incineroar|24/100
|-unboost|p1a: Kangaskhan|spe|1
|-enditem|p2b: Incineroar|Sitrus Berry|[eat]
|-heal|p2b: Incineroar|49/100|[from] item: Sitrus Berry
|-supereffective|p2b: Incineroar|1
|-damage|p2b: Incineroar|31/100
|-unboost|p1a: Kangaskhan|spe|1
|-hitcount|p2b: Incineroar|2
|move|p2b: Incineroar|Parting Shot|p1a: Kangaskhan
|-unboost|p1a: Kangaskhan|atk|1
|-unboost|p1a: Kangaskhan|spa|1
|
|t:|1784393185
|switch|p2b: Kingambit|Kingambit, L50, M|100/100|[from] Parting Shot
|move|p1b: Farigiraf|Trick Room|p1b: Farigiraf
|-fieldstart|move: Trick Room|[of] p1b: Farigiraf
|
|upkeep
|turn|2
|inactive|bobsparents has 30 seconds left.
|inactive|bobsparents has 20 seconds left.
|inactive|bobsparents has 15 seconds left.
|inactive|bobsparents has 10 seconds left.
|
|t:|1784393231
|move|p2a: Sinistcha|Rage Powder|p2a: Sinistcha
|-singleturn|p2a: Sinistcha|move: Rage Powder
|move|p1a: Kangaskhan|Ice Punch|p2a: Sinistcha
|-supereffective|p2a: Sinistcha|1
|-damage|p2a: Sinistcha|67/100
|-supereffective|p2a: Sinistcha|1
|-damage|p2a: Sinistcha|59/100
|-hitcount|p2a: Sinistcha|2
|move|p2b: Kingambit|Kowtow Cleave|p1b: Farigiraf
|-supereffective|p1b: Farigiraf|1
|-damage|p1b: Farigiraf|9/100
|-enditem|p1b: Farigiraf|Sitrus Berry|[eat]
|-heal|p1b: Farigiraf|34/100|[from] item: Sitrus Berry
|move|p1b: Farigiraf|Thunderbolt|p2a: Sinistcha
|-resisted|p2a: Sinistcha|1
|-damage|p2a: Sinistcha|48/100
|
|upkeep
|turn|3
|inactive|bobsparents has 30 seconds left.
|
|t:|1784393260
|switch|p1b: Decidueye|Decidueye-Hisui, L50, F|100/100
|move|p1a: Kangaskhan|Ice Punch|p2a: Sinistcha
|-supereffective|p2a: Sinistcha|1
|-damage|p2a: Sinistcha|14/100
|-supereffective|p2a: Sinistcha|1
|-damage|p2a: Sinistcha|7/100
|-hitcount|p2a: Sinistcha|2
|move|p2b: Kingambit|Kowtow Cleave|p1b: Decidueye
|-resisted|p1b: Decidueye|1
|-damage|p1b: Decidueye|72/100
|move|p2a: Sinistcha|Matcha Gotcha|p1b: Decidueye|[spread] p1a,p1b
|-resisted|p1b: Decidueye|1
|-damage|p1a: Kangaskhan|79/100
|-heal|p2a: Sinistcha|20/100y|[from] drain|[of] p1a: Kangaskhan
|-damage|p1b: Decidueye|62/100
|-heal|p2a: Sinistcha|26/100|[from] drain|[of] p1b: Decidueye
|
|upkeep
|turn|4
|
|t:|1784393285
|switch|p2b: Delphox|Delphox, L50, F|100/100
|switch|p2a: Incineroar|Incineroar, L50, M|31/100
|-ability|p2a: Incineroar|Intimidate|boost
|-unboost|p1a: Kangaskhan|atk|1
|-fail|p1b: Decidueye|unboost|Attack|[from] ability: Scrappy|[of] p1b: Decidueye
|move|p1a: Kangaskhan|Ice Punch|p2a: Incineroar
|-resisted|p2a: Incineroar|1
|-damage|p2a: Incineroar|25/100
|-resisted|p2a: Incineroar|1
|-damage|p2a: Incineroar|24/100
|-hitcount|p2a: Incineroar|2
|move|p1b: Decidueye|Close Combat|p2b: Delphox
|-resisted|p2b: Delphox|1
|-damage|p2b: Delphox|49/100
|-unboost|p1b: Decidueye|def|1
|-unboost|p1b: Decidueye|spd|1
|-damage|p1b: Decidueye|52/100|[from] item: Life Orb
|
|upkeep
|turn|5
|inactive|bobsparents has 30 seconds left.
|inactive|bobsparents has 20 seconds left.
|inactive|bobsparents has 15 seconds left.
|inactive|bobsparents has 10 seconds left.
|inactive|dropddead has 30 seconds left.
|inactive|bobsparents has 5 seconds left.
|
|t:|1784393338
|detailschange|p2b: Delphox|Delphox-Mega, L50, F
|-mega|p2b: Delphox|Delphox|Delphoxite
|move|p2b: Delphox|Protect|p2b: Delphox
|-singleturn|p2b: Delphox|Protect
|move|p1a: Kangaskhan|Ice Punch|p1b: Decidueye
|-supereffective|p1b: Decidueye|1
|-damage|p1b: Decidueye|9/100
|-supereffective|p1b: Decidueye|1
|-damage|p1b: Decidueye|0 fnt
|faint|p1b: Decidueye
|-hitcount|p1: Decidueye|2
|move|p2a: Incineroar|Parting Shot|p1a: Kangaskhan
|-unboost|p1a: Kangaskhan|atk|1
|-unboost|p1a: Kangaskhan|spa|1
|
|t:|1784393351
|switch|p2a: Sinistcha|Sinistcha, L50|26/100|[from] Parting Shot
|-heal|p2b: Delphox|74/100|[from] ability: Hospitality|[of] p2a: Sinistcha
|
|-fieldend|move: Trick Room
|upkeep
|
|t:|1784393356
|switch|p1b: Avalugg|Avalugg-Hisui, L50, F|100/100
|turn|6
|
|t:|1784393372
|switch|p1a: Farigiraf|Farigiraf, L50, M|34/100
|move|p1b: Avalugg|Wide Guard|p1b: Avalugg
|-singleturn|p1b: Avalugg|Wide Guard
|move|p2b: Delphox|Heat Wave|p1a: Farigiraf|[spread] 
|-activate|p1a: Farigiraf|move: Wide Guard
|-activate|p1b: Avalugg|move: Wide Guard
|move|p2a: Sinistcha|Matcha Gotcha|p1a: Farigiraf|[spread] 
|-activate|p1a: Farigiraf|move: Wide Guard
|-activate|p1b: Avalugg|move: Wide Guard
|
|upkeep
|turn|7
|inactive|bobsparents has 30 seconds left.
|inactive|dropddead has 30 seconds left.
|
|t:|1784393404
|switch|p2a: Incineroar|Incineroar, L50, M|24/100
|-ability|p2a: Incineroar|Intimidate|boost
|-unboost|p1a: Farigiraf|atk|1
|-unboost|p1b: Avalugg|atk|1
|move|p1a: Farigiraf|Protect|p1a: Farigiraf
|-singleturn|p1a: Farigiraf|Protect
|move|p1b: Avalugg|Wide Guard|p1b: Avalugg
|-singleturn|p1b: Avalugg|Wide Guard
|move|p2b: Delphox|Heat Wave|p1a: Farigiraf|[spread] 
|-activate|p1a: Farigiraf|move: Wide Guard
|-activate|p1b: Avalugg|move: Wide Guard
|
|upkeep
|turn|8
|inactive|bobsparents has 30 seconds left.
|inactive|bobsparents has 20 seconds left.
|inactive|bobsparents has 15 seconds left.
|
|t:|1784393446
|move|p2a: Incineroar|Helping Hand|p2b: Delphox
|-singleturn|p2b: Delphox|Helping Hand|[of] p2a: Incineroar
|move|p2b: Delphox|Heat Wave|p1b: Avalugg|[spread] p1a,p1b
|-damage|p1a: Farigiraf|0 fnt
|-ability|p1b: Avalugg|Sturdy
|-damage|p1b: Avalugg|1/100
|faint|p1a: Farigiraf
|move|p1b: Avalugg|Rock Slide|p2a: Incineroar|[spread] p2a,p2b
|-supereffective|p2a: Incineroar|1
|-supereffective|p2b: Delphox|1
|-damage|p2a: Incineroar|0 fnt
|-damage|p2b: Delphox|24/100
|faint|p2a: Incineroar
|
|upkeep
|-message|bobsparents forfeited.
|
|win|dropddead
