|j|☆RegiSIXSEVEN
|j|☆Chelicerate1
|html|RegiSIXSEVENChelicerate1    
|uhtml|bestof|Game 3 of a best-of-3
|t:|1784790135
|gametype|doubles
|player|p1|RegiSIXSEVEN|steven|1187
|player|p2|Chelicerate1|ethan|1360
|gen|9
|tier|[Gen 9 Champions] VGC 2026 Reg M-B (Bo3)
|rated|
|rule|Species Clause: Limit one of each Pokémon
|rule|Item Clause: Limit 1 of each item
|clearpoke
|poke|p1|Garchomp, L50, F, shiny|
|poke|p1|Venusaur, L50, M, shiny|
|poke|p1|Incineroar, L50, M, shiny|
|poke|p1|Charizard, L50, M, shiny|
|poke|p1|Toxapex, L50, F, shiny|
|poke|p1|Annihilape, L50, F, shiny|
|poke|p2|Grimmsnarl, L50, M|
|poke|p2|Basculegion, L50, M|
|poke|p2|Charizard, L50, F|
|poke|p2|Pelipper, L50, M|
|poke|p2|Venusaur, L50, M|
|poke|p2|Archaludon, L50, M|
|teampreview|4
|showteam|p1|Garchomp||ChoiceScarf|RoughSkin|Earthquake,DragonClaw,StompingTantrum,RockSlide|Adamant||F|||50|]Venusaur||LifeOrb|Chlorophyll|SolarBeam,SludgeBomb,EarthPower,Protect|Modest||M|||50|]Incineroar||SitrusBerry|Intimidate|FlareBlitz,ThroatChop,FakeOut,PartingShot|Impish||M|||50|]Charizard||CharizarditeY|Blaze|HeatWave,WeatherBall,HelpingHand,Protect|Modest||M|||50|]Toxapex||Leftovers|Regenerator|Infestation,Toxic,WideGuard,BanefulBunker|Bold||F|||50|]Annihilape||FocusSash|Defiant|CloseCombat,PhantomForce,RockTomb,Protect|Jolly||F|||50|
|showteam|p2|Grimmsnarl||LightClay|Prankster|SpiritBreak,PartingShot,Reflect,LightScreen|Sassy||M|||50|]Basculegion||ChoiceScarf|Adaptability|LastRespects,WaveCrash,AquaJet,FlipTurn|Jolly||M|||50|]Charizard||CharizarditeY|Blaze|Protect,HeatWave,WeatherBall,SolarBeam|Modest||F|||50|]Pelipper||SitrusBerry|Drizzle|Hurricane,WeatherBall,Tailwind,WideGuard|Modest||M|||50|]Venusaur||FocusSash|Chlorophyll|SludgeBomb,SleepPowder,EarthPower,Protect|Modest||M|||50|]Archaludon||Leftovers|Stamina|ElectroShot,DragonPulse,FlashCannon,Protect|Calm||M|||50|
|inactive|Battle timer is ON: inactive players will automatically lose when time's up. (requested by RegiSIXSEVEN)
|inactive|Chelicerate1 also wants the timer to be on.
|inactive|Chelicerate1 has 60 seconds left.
|
|t:|1784790175
|teamsize|p1|4
|teamsize|p2|4
|start
|switch|p1a: Garchomp|Garchomp, L50, F, shiny|100/100
|switch|p1b: Venusaur|Venusaur, L50, M, shiny|100/100
|switch|p2a: Charizard|Charizard, L50, F|100/100
|switch|p2b: Venusaur|Venusaur, L50, M|100/100
|turn|1
|
|t:|1784790190
|detailschange|p2a: Charizard|Charizard-Mega-Y, L50, F
|-mega|p2a: Charizard|Charizard|Charizardite Y
|-weather|SunnyDay|[from] ability: Drought|[of] p2a: Charizard
|move|p2b: Venusaur|Sleep Powder|p1a: Garchomp
|-status|p1a: Garchomp|slp|[from] move: Sleep Powder
|move|p1b: Venusaur|Earth Power|p2b: Venusaur
|-damage|p2b: Venusaur|56/100
|-damage|p1b: Venusaur|90/100|[from] item: Life Orb
|cant|p1a: Garchomp|slp
|move|p2a: Charizard|Heat Wave|p1a: Garchomp|[spread] p1a,p1b
|-resisted|p1a: Garchomp|1
|-supereffective|p1b: Venusaur|1
|-damage|p1a: Garchomp|71/100 slp
|-damage|p1b: Venusaur|0 fnt
|faint|p1b: Venusaur
|
|-weather|SunnyDay|[upkeep]
|upkeep
|
|t:|1784790200
|switch|p1b: Charizard|Charizard, L50, M, shiny|100/100
|turn|2
|
|t:|1784790215
|detailschange|p1b: Charizard|Charizard-Mega-Y, L50, M, shiny
|-mega|p1b: Charizard|Charizard|Charizardite Y
|move|p1b: Charizard|Protect|p1b: Charizard
|-singleturn|p1b: Charizard|Protect
|move|p2b: Venusaur|Earth Power|p1a: Garchomp
|-damage|p1a: Garchomp|43/100 slp
|cant|p1a: Garchomp|slp
|move|p2a: Charizard|Weather Ball|p1a: Garchomp
|-resisted|p1a: Garchomp|1
|-damage|p1a: Garchomp|1/100 slp
|
|-weather|SunnyDay|[upkeep]
|upkeep
|turn|3
|
|t:|1784790231
|switch|p2b: Pelipper|Pelipper, L50, M|100/100
|-weather|RainDance|[from] ability: Drizzle|[of] p2b: Pelipper
|switch|p1a: Toxapex|Toxapex, L50, F, shiny|100/100
|move|p2a: Charizard|Weather Ball|p1b: Charizard
|-supereffective|p1b: Charizard|1
|-damage|p1b: Charizard|0 fnt
|faint|p1b: Charizard
|
|-weather|RainDance|[upkeep]
|upkeep
|
|t:|1784790233
|switch|p1b: Garchomp|Garchomp, L50, F, shiny|1/100 slp
|turn|4
|
|t:|1784790244
|move|p2b: Pelipper|Wide Guard|p2b: Pelipper
|-singleturn|p2b: Pelipper|Wide Guard
|-curestatus|p1b: Garchomp|slp|[msg]
|move|p1b: Garchomp|Dragon Claw|p2a: Charizard
|-damage|p2a: Charizard|54/100
|move|p2a: Charizard|Weather Ball|p1b: Garchomp
|-damage|p1b: Garchomp|0 fnt
|faint|p1b: Garchomp
|move|p1a: Toxapex|Toxic|p2a: Charizard
|-status|p2a: Charizard|tox
|
|-weather|RainDance|[upkeep]
|-damage|p2a: Charizard|49/100 tox|[from] psn
|upkeep
|turn|5
|
|t:|1784790253
|move|p2a: Charizard|Weather Ball|p1a: Toxapex
|-resisted|p1a: Toxapex|1
|-damage|p1a: Toxapex|78/100
|move|p2b: Pelipper|Hurricane|p1a: Toxapex
|-damage|p1a: Toxapex|43/100
|-start|p1a: Toxapex|confusion
|-activate|p1a: Toxapex|confusion
|move|p1a: Toxapex|Infestation|p2b: Pelipper
|-resisted|p2b: Pelipper|1
|-damage|p2b: Pelipper|97/100
|-activate|p2b: Pelipper|move: Infestation|[of] p1a: Toxapex
|
|-weather|RainDance|[upkeep]
|-heal|p1a: Toxapex|49/100|[from] item: Leftovers
|-damage|p2a: Charizard|37/100 tox|[from] psn
|-damage|p2b: Pelipper|85/100|[from] move: Infestation|[partiallytrapped]
|upkeep
|turn|6
|
|t:|1784790258
|move|p2a: Charizard|Weather Ball|p1a: Toxapex
|-resisted|p1a: Toxapex|1
|-damage|p1a: Toxapex|28/100
|move|p2b: Pelipper|Hurricane|p1a: Toxapex
|-damage|p1a: Toxapex|0 fnt
|faint|p1a: Toxapex
|
|win|Chelicerate1
|raw|RegiSIXSEVEN's rating: 1187 → 1174(-13 for losing)
|raw|Chelicerate1's rating: 1360 → 1371(+11 for winning)
