|j|☆ThisIsChirsVR
|j|☆VOLBEEEEAAAAT
|html|ThisIsChirsVRVOLBEEEEAAAAT    
|uhtml|bestof|Game 1 of a best-of-3
|t:|1756770823
|gametype|doubles
|player|p1|ThisIsChirsVR|wallace|1000
|player|p2|VOLBEEEEAAAAT|n|1110
|gen|9
|tier|[Gen 9] VGC 2025 Reg H (Bo3)
|rated|
|rule|Species Clause: Limit one of each Pokémon
|rule|Item Clause: Limit 1 of each item
|clearpoke
|poke|p1|Archaludon, L50, F|
|poke|p1|Incineroar, L50, F|
|poke|p1|Annihilape, L50, F|
|poke|p1|Meowscarada, L50, F|
|poke|p1|Amoonguss, L50, F|
|poke|p1|Ursaluna-Bloodmoon, L50, M|
|poke|p2|Volbeat, L50, M|
|poke|p2|Archaludon, L50, F|
|poke|p2|Palafin, L50, F|
|poke|p2|Farigiraf, L50, M|
|poke|p2|Incineroar, L50, M|
|poke|p2|Ursaluna-Bloodmoon, L50, M|
|teampreview|4
|showteam|p1|Archaludon||PowerHerb|Stalwart|ElectroShot,DragonPulse,FlashCannon,Protect|||F|||50|,,,,,Steel]Incineroar||SafetyGoggles|Intimidate|FakeOut,PartingShot,KnockOff,Taunt|||F|||50|,,,,,Grass]Annihilape||ClearAmulet|Defiant|CloseCombat,FinalGambit,RageFist,Protect|||F|||50|,,,,,Fighting]Meowscarada||ChoiceBand|Protean|Uturn,FlowerTrick,PlayRough,TripleAxel|||F|||50|,,,,,Grass]Amoonguss||SitrusBerry|Regenerator|Spore,RagePowder,PollenPuff,Protect|||F|||50|,,,,,Grass]Ursaluna-Bloodmoon||CovertCloak|MindsEye|BloodMoon,EarthPower,Protect,Snarl|||M|||50|,,,,,Ground
|showteam|p2|Volbeat||FocusSash|Prankster|Tailwind,RainDance,Endeavor,Encore|||M|||50|,,,,,Dark]Archaludon||AssaultVest|Stamina|DragonPulse,Snarl,FlashCannon,ElectroShot|||F|||50|,,,,,Grass]Palafin||EjectPack|ZerotoHero|CloseCombat,WaveCrash,JetPunch,Protect|||F|||50|,,,,,Water]Farigiraf||SafetyGoggles|ArmorTail|PsychicNoise,TrickRoom,DazzlingGleam,HelpingHand|||M|||50|,,,,,Fairy]Incineroar||RockyHelmet|Intimidate|KnockOff,FakeOut,PartingShot,FlareBlitz|||M|||50|,,,,,Grass]Ursaluna-Bloodmoon||LifeOrb|MindsEye|HyperVoice,BloodMoon,EarthPower,Protect|||M|||50|,,,,,Ghost
|inactive|Battle timer is ON: inactive players will automatically lose when time's up. (requested by ThisIsChirsVR)
|inactive|ThisIsChirsVR has 60 seconds left.
|inactive|ThisIsChirsVR has 30 seconds left.
|inactive|ThisIsChirsVR has 20 seconds left.
|inactive|ThisIsChirsVR has 15 seconds left.
|inactive|ThisIsChirsVR has 10 seconds left.
|l|☆ThisIsChirsVR
|inactive|ThisIsChirsVR disconnected and has a minute to reconnect!
|player|p1|
|inactive|ThisIsChirsVR has 5 seconds left.
|j|☆ThisIsChirsVR
|inactive|ThisIsChirsVR reconnected and has 5 seconds left.
|player|p1|ThisIsChirsVR|wallace|
|
|t:|1756770942
|teamsize|p1|4
|teamsize|p2|4
|start
|switch|p1a: Archaludon|Archaludon, L50, F|100/100
|switch|p1b: Incineroar|Incineroar, L50, F|100/100
|switch|p2a: Volbeat|Volbeat, L50, M|100/100
|switch|p2b: Palafin|Palafin, L50, F|100/100
|-ability|p1b: Incineroar|Intimidate|boost
|-unboost|p2a: Volbeat|atk|1
|-unboost|p2b: Palafin|atk|1
|-enditem|p2b: Palafin|Eject Pack
|c|☆ThisIsChirsVR|Sorry wifi died
|
|t:|1756770963
|detailschange|p2b: Palafin|Palafin-Hero, L50, F
|switch|p2b: Ursaluna|Ursaluna-Bloodmoon, L50, M|100/100
|turn|1
|inactive|ThisIsChirsVR has 30 seconds left.
|inactive|VOLBEEEEAAAAT has 30 seconds left.
|inactive|ThisIsChirsVR has 20 seconds left.
|inactive|VOLBEEEEAAAAT has 20 seconds left.
|inactive|VOLBEEEEAAAAT has 15 seconds left.
|inactive|ThisIsChirsVR has 15 seconds left.
|inactive|VOLBEEEEAAAAT has 10 seconds left.
|
|t:|1756771017
|move|p1b: Incineroar|Fake Out|p2b: Ursaluna
|-damage|p2b: Ursaluna|92/100
|move|p2a: Volbeat|Tailwind|p2a: Volbeat
|-sidestart|p2: VOLBEEEEAAAAT|move: Tailwind
|cant|p2b: Ursaluna|flinch
|move|p1a: Archaludon|Electro Shot||[still]
|-prepare|p1a: Archaludon|Electro Shot
|-boost|p1a: Archaludon|spa|1
|-enditem|p1a: Archaludon|Power Herb
|-anim|p1a: Archaludon|Electro Shot|p2a: Volbeat
|-damage|p2a: Volbeat|19/100
|
|upkeep
|turn|2
|inactive|ThisIsChirsVR has 30 seconds left.
|inactive|ThisIsChirsVR has 20 seconds left.
|inactive|ThisIsChirsVR has 15 seconds left.
|inactive|ThisIsChirsVR has 10 seconds left.
|inactive|VOLBEEEEAAAAT has 30 seconds left.
|
|t:|1756771065
|move|p1a: Archaludon|Protect|p1a: Archaludon
|-singleturn|p1a: Archaludon|Protect
|move|p2a: Volbeat|Encore|p1b: Incineroar
|-hint|Since gen 7, Dark is immune to Prankster moves.
|-immune|p1b: Incineroar
|move|p2b: Ursaluna|Earth Power|p1a: Archaludon
|-activate|p1a: Archaludon|move: Protect
|move|p1b: Incineroar|Parting Shot|p2b: Ursaluna
|-unboost|p2b: Ursaluna|atk|1
|-unboost|p2b: Ursaluna|spa|1
|
|t:|1756771078
|switch|p1b: Meowscarada|Meowscarada, L50, F|100/100|[from] Parting Shot
|
|upkeep
|turn|3
|
|t:|1756771096
|-terastallize|p2b: Ursaluna|Ghost
|move|p2a: Volbeat|Encore|p1a: Archaludon
|-start|p1a: Archaludon|Encore
|move|p2b: Ursaluna|Blood Moon|p1b: Meowscarada
|-damage|p1b: Meowscarada|0 fnt
|faint|p1b: Meowscarada
|-damage|p2b: Ursaluna|83/100|[from] item: Life Orb
|move|p1a: Archaludon|Protect||[still]
|-fail|p1a: Archaludon
|
|upkeep
|inactive|ThisIsChirsVR has 30 seconds left.
|inactive|ThisIsChirsVR has 20 seconds left.
|
|t:|1756771137
|switch|p1b: Incineroar|Incineroar, L50, F|100/100
|-ability|p1b: Incineroar|Intimidate|boost
|-unboost|p2a: Volbeat|atk|1
|-unboost|p2b: Ursaluna|atk|1
|turn|4
|
|t:|1756771153
|switch|p2a: Palafin|Palafin-Hero, L50, F|100/100
|-activate|p2a: Palafin|ability: Zero to Hero
|move|p1a: Archaludon|Protect|p1a: Archaludon
|-singleturn|p1a: Archaludon|Protect
|move|p2b: Ursaluna|Earth Power|p1b: Incineroar
|-supereffective|p1b: Incineroar
|-damage|p1b: Incineroar|15/100
|-damage|p2b: Ursaluna|73/100|[from] item: Life Orb
|move|p1b: Incineroar|Knock Off|p2a: Palafin
|-damage|p2a: Palafin|73/100
|
|-sideend|p2: VOLBEEEEAAAAT|move: Tailwind
|upkeep
|turn|5
|inactive|VOLBEEEEAAAAT has 30 seconds left.
|inactive|VOLBEEEEAAAAT has 20 seconds left.
|inactive|VOLBEEEEAAAAT has 15 seconds left.
|
|t:|1756771195
|move|p1a: Archaludon|Protect||[still]
|-fail|p1a: Archaludon
|move|p2a: Palafin|Close Combat|p1a: Archaludon
|-supereffective|p1a: Archaludon
|-damage|p1a: Archaludon|12/100
|-unboost|p2a: Palafin|def|1
|-unboost|p2a: Palafin|spd|1
|move|p1b: Incineroar|Parting Shot|p2a: Palafin
|-unboost|p2a: Palafin|atk|1
|-unboost|p2a: Palafin|spa|1
|
|t:|1756771205
|switch|p1b: Annihilape|Annihilape, L50, F|100/100|[from] Parting Shot
|move|p2b: Ursaluna|Earth Power|p1b: Annihilape
|-damage|p1b: Annihilape|49/100
|-damage|p2b: Ursaluna|63/100|[from] item: Life Orb
|
|-end|p1a: Archaludon|Encore
|upkeep
|turn|6
|c|☆ThisIsChirsVR|how did ursaluna outspeed meowscarada?
|inactive|VOLBEEEEAAAAT has 30 seconds left.
|c|☆ThisIsChirsVR|nvm
|
|t:|1756771239
|switch|p2a: Archaludon|Archaludon, L50, F|100/100
|move|p1b: Annihilape|Final Gambit|p2b: Ursaluna
|-immune|p2b: Ursaluna
|move|p1a: Archaludon|Electro Shot||[still]
|-prepare|p1a: Archaludon|Electro Shot
|-boost|p1a: Archaludon|spa|1
|move|p2b: Ursaluna|Hyper Voice|p1a: Archaludon|[spread] p1a,p1b
|-resisted|p1a: Archaludon
|-damage|p1a: Archaludon|0 fnt
|-damage|p1b: Annihilape|13/100
|faint|p1a: Archaludon
|-damage|p2b: Ursaluna|54/100|[from] item: Life Orb
|
|upkeep
|c|☆ThisIsChirsVR|I figured it out
|
|t:|1756771252
|switch|p1a: Incineroar|Incineroar, L50, F|15/100
|-ability|p1a: Incineroar|Intimidate|boost
|-unboost|p2a: Archaludon|atk|1
|-unboost|p2b: Ursaluna|atk|1
|turn|7
|
|t:|1756771273
|move|p1b: Annihilape|Close Combat|p2a: Archaludon
|-supereffective|p2a: Archaludon
|-damage|p2a: Archaludon|13/100
|-unboost|p1b: Annihilape|def|1
|-unboost|p1b: Annihilape|spd|1
|-ability|p2a: Archaludon|Stamina|boost
|-boost|p2a: Archaludon|def|1
|move|p1a: Incineroar|Knock Off|p2b: Ursaluna
|-supereffective|p2b: Ursaluna
|-damage|p2b: Ursaluna|0 fnt
|-enditem|p2b: Ursaluna|Life Orb|[from] move: Knock Off|[of] p1a: Incineroar
|faint|p2b: Ursaluna
|move|p2a: Archaludon|Dragon Pulse|p1b: Annihilape
|-damage|p1b: Annihilape|0 fnt
|faint|p1b: Annihilape
|
|upkeep
|
|t:|1756771286
|switch|p2b: Palafin|Palafin-Hero, L50, F|73/100
|turn|8
|
|t:|1756771302
|move|p2b: Palafin|Wave Crash|p1a: Incineroar
|-supereffective|p1a: Incineroar
|-damage|p1a: Incineroar|0 fnt
|faint|p1a: Incineroar
|-damage|p2b: Palafin|67/100|[from] Recoil
|
|win|VOLBEEEEAAAAT
||VOLBEEEEAAAAT is ready for game 2.
|inactive|ThisIsChirsVR has 30 seconds to confirm battle start!
||ThisIsChirsVR is ready for game 2.
|uhtml|next|Next: Game 2 of 3
|l|☆ThisIsChirsVR
|player|p1|
