|j|☆Pikachu47001
|j|☆Decimi
|html|Pikachu47001Decimi    
|uhtml|bestof|Game 2 of a best-of-3
|t:|1785288493
|gametype|doubles
|player|p1|Pikachu47001|pokemonrangerf|
|player|p2|Decimi|miku-flying|
|gen|9
|tier|[Gen 9 Champions] VGC 2026 Reg M-B (Bo3)
|rule|Species Clause: Limit one of each Pokémon
|rule|Item Clause: Limit 1 of each item
|clearpoke
|poke|p1|Garchomp, L50, M|
|poke|p1|Raichu, L50, M|
|poke|p1|Pikachu, L50, M|
|poke|p1|Floette-Eternal, L50, F|
|poke|p1|Sinistcha, L50|
|poke|p1|Whimsicott, L50, F|
|poke|p2|Delphox, L50, F, shiny|
|poke|p2|Incineroar, L50, M, shiny|
|poke|p2|Sinistcha-Masterpiece, L50, shiny|
|poke|p2|Sableye, L50, M, shiny|
|poke|p2|Archaludon, L50, M, shiny|
|poke|p2|Swampert, L50, M, shiny|
|teampreview|4
|showteam|p1|Garchomp||SitrusBerry|RoughSkin|DragonClaw,RockSlide,Earthquake,Protect|Adamant||M|||50|]Raichu||RaichuniteX|LightningRod|Discharge,DrainPunch,FakeOut,Protect|Naive||M|||50|]Pikachu||LightBall|LightningRod|Discharge,GrassKnot,RisingVoltage,Protect|Timid||M|||50|]Floette-Eternal||Floettite|FlowerVeil|LightofRuin,DrainingKiss,DazzlingGleam,Protect|Timid||F|||50|]Sinistcha||OccaBerry|Hospitality|MatchaGotcha,RagePowder,ShadowBall,LifeDew|Modest|||||50|]Whimsicott||FocusSash|Prankster|Tailwind,Encore,Moonblast,Protect|Modest||F|||50|
|showteam|p2|Delphox||Delphoxite|Blaze|HeatWave,Psychic,Protect,DazzlingGleam|Timid||F|||50|]Incineroar||ExpertBelt|Intimidate|FlareBlitz,DarkestLariat,PartingShot,FakeOut|Adamant||M|||50|]Sinistcha-Masterpiece||SitrusBerry|Hospitality|MatchaGotcha,ShadowBall,LifeDew,RagePowder|Modest|||||50|]Sableye||LightClay|Prankster|SunnyDay,LightScreen,Reflect,RainDance|Calm||M|||50|]Archaludon||Leftovers|Stamina|ElectroShot,FlashCannon,DragonPulse,AuraSphere|Modest||M|||50|]Swampert||Swampertite|Torrent|IcePunch,WaveCrash,Protect,HighHorsepower|Adamant||M|||50|
|inactive|Battle timer is ON: inactive players will automatically lose when time's up. (requested by Decimi)
|inactive|Decimi has 60 seconds left.
|
|t:|1785288530
|teamsize|p1|4
|teamsize|p2|4
|start
|switch|p1a: Raichu|Raichu, L50, M|100/100
|switch|p1b: Pikachu|Pikachu, L50, M|100/100
|switch|p2a: Delphox|Delphox, L50, F, shiny|100/100
|switch|p2b: Sableye|Sableye, L50, M, shiny|100/100
|turn|1
|
|t:|1785288545
|move|p2a: Delphox|Protect|p2a: Delphox
|-singleturn|p2a: Delphox|Protect
|move|p1a: Raichu|Fake Out|p2a: Delphox
|-activate|p2a: Delphox|move: Protect
|move|p2b: Sableye|Light Screen|p2b: Sableye
|-sidestart|p2: Decimi|move: Light Screen
|move|p1b: Pikachu|Discharge|p2b: Sableye|[spread] p2b
|-activate|p2a: Delphox|move: Protect
|-ability|p1a: Raichu|Lightning Rod|boost
|-boost|p1a: Raichu|spa|1
|-damage|p2b: Sableye|75/100
|
|upkeep
|turn|2
|
|t:|1785288566
|detailschange|p1a: Raichu|Raichu-Mega-X, L50, M
|-mega|p1a: Raichu|Raichu|Raichunite X
|-fieldstart|move: Electric Terrain|[from] ability: Electric Surge|[of] p1a: Raichu
|detailschange|p2a: Delphox|Delphox-Mega, L50, F, shiny
|-mega|p2a: Delphox|Delphox|Delphoxite
|move|p2b: Sableye|Sunny Day|p2b: Sableye
|-weather|SunnyDay
|move|p2a: Delphox|Heat Wave|p1b: Pikachu|[spread] p1a,p1b
|-damage|p1a: Raichu|8/100
|-damage|p1b: Pikachu|0 fnt
|faint|p1b: Pikachu
|move|p1a: Raichu|Discharge|p2a: Delphox|[spread] p2a,p2b
|-damage|p2a: Delphox|71/100
|-damage|p2b: Sableye|43/100
|-status|p2b: Sableye|par
|
|-weather|SunnyDay|[upkeep]
|upkeep
|
|t:|1785288579
|switch|p1b: Whimsicott|Whimsicott, L50, F|100/100
|turn|3
|
|t:|1785288594
|switch|p2b: Sinistcha|Sinistcha-Masterpiece, L50, shiny|100/100
|-heal|p2a: Delphox|96/100|[from] ability: Hospitality|[of] p2b: Sinistcha
|move|p1a: Raichu|Protect|p1a: Raichu
|-singleturn|p1a: Raichu|Protect
|move|p1b: Whimsicott|Tailwind|p1b: Whimsicott
|-sidestart|p1: Pikachu47001|move: Tailwind
|move|p2a: Delphox|Heat Wave|p1a: Raichu|[spread] 
|-activate|p1a: Raichu|move: Protect
|-miss|p2a: Delphox|p1b: Whimsicott
|
|-weather|SunnyDay|[upkeep]
|upkeep
|turn|4
|
|t:|1785288613
|move|p2a: Delphox|Protect|p2a: Delphox
|-singleturn|p2a: Delphox|Protect
|move|p1a: Raichu|Discharge|p2b: Sinistcha|[spread] p1b,p2b
|-activate|p2a: Delphox|move: Protect
|-resisted|p1b: Whimsicott|1
|-resisted|p2b: Sinistcha|1
|-damage|p1b: Whimsicott|62/100
|-damage|p2b: Sinistcha|84/100
|-status|p1b: Whimsicott|par
|move|p1b: Whimsicott|Moonblast|p2a: Delphox
|-activate|p2a: Delphox|move: Protect
|move|p2b: Sinistcha|Shadow Ball|p1a: Raichu
|-damage|p1a: Raichu|0 fnt
|faint|p1a: Raichu
|
|-weather|SunnyDay|[upkeep]
|upkeep
|
|t:|1785288628
|switch|p1a: Garchomp|Garchomp, L50, M|100/100
|turn|5
|
|t:|1785288641
|switch|p2a: Incineroar|Incineroar, L50, M, shiny|100/100
|-ability|p2a: Incineroar|Intimidate|boost
|-unboost|p1a: Garchomp|atk|1
|-unboost|p1b: Whimsicott|atk|1
|move|p1a: Garchomp|Rock Slide|p2b: Sinistcha|[spread] p2b
|-miss|p1a: Garchomp|p2a: Incineroar
|-damage|p2b: Sinistcha|73/100
|move|p1b: Whimsicott|Moonblast|p2a: Incineroar
|-damage|p2a: Incineroar|74/100
|move|p2b: Sinistcha|Matcha Gotcha|p1b: Whimsicott|[spread] p1a,p1b
|-resisted|p1b: Whimsicott|1
|-damage|p1a: Garchomp|69/100
|-heal|p2b: Sinistcha|91/100|[from] drain|[of] p1a: Garchomp
|-damage|p1b: Whimsicott|37/100 par
|-heal|p2b: Sinistcha|100/100|[from] drain|[of] p1b: Whimsicott
|-status|p1a: Garchomp|brn
|
|-weather|SunnyDay|[upkeep]
|-damage|p1a: Garchomp|63/100 brn|[from] brn
|upkeep
|turn|6
|inactive|Pikachu47001 has 30 seconds left.
|inactive|Decimi has 30 seconds left.
|
|t:|1785288673
|move|p2a: Incineroar|Fake Out|p1a: Garchomp
|-damage|p1a: Garchomp|50/100g brn
|-damage|p2a: Incineroar|62/100|[from] ability: Rough Skin|[of] p1a: Garchomp
|cant|p1a: Garchomp|flinch
|move|p1b: Whimsicott|Moonblast|p2a: Incineroar
|-damage|p2a: Incineroar|38/100
|move|p2b: Sinistcha|Shadow Ball|p1a: Garchomp
|-damage|p1a: Garchomp|9/100 brn
|-enditem|p1a: Garchomp|Sitrus Berry|[eat]
|-heal|p1a: Garchomp|34/100 brn|[from] item: Sitrus Berry
|
|-weather|none
|-damage|p1a: Garchomp|28/100 brn|[from] brn
|-sideend|p1: Pikachu47001|move: Tailwind
|-fieldend|move: Electric Terrain
|upkeep
|turn|7
|inactive|Decimi has 30 seconds left.
|
|t:|1785288704
|move|p2b: Sinistcha|Rage Powder|p2b: Sinistcha
|-singleturn|p2b: Sinistcha|move: Rage Powder
|move|p1b: Whimsicott|Tailwind|p1b: Whimsicott
|-sidestart|p1: Pikachu47001|move: Tailwind
|move|p1a: Garchomp|Rock Slide|p2b: Sinistcha|[spread] p2a,p2b
|-supereffective|p2a: Incineroar|1
|-damage|p2a: Incineroar|25/100
|-damage|p2b: Sinistcha|93/100
|move|p2a: Incineroar|Darkest Lariat|p1b: Whimsicott
|-resisted|p1b: Whimsicott|1
|-damage|p1b: Whimsicott|4/100 par
|
|-damage|p1a: Garchomp|21/100 brn|[from] brn
|upkeep
|turn|8
|c|☆Decimi|Missclick
|c|☆Pikachu47001|rip
|inactive|Decimi has 30 seconds left.
|
|t:|1785288735
|move|p1a: Garchomp|Rock Slide|p2a: Incineroar|[spread] p2a,p2b
|-supereffective|p2a: Incineroar|1
|-damage|p2a: Incineroar|11/100
|-damage|p2b: Sinistcha|87/100
|cant|p1b: Whimsicott|par
|move|p2b: Sinistcha|Life Dew|p2b: Sinistcha|[spread] p2a,p2b
|-heal|p2a: Incineroar|37/100
|-heal|p2b: Sinistcha|100/100
|move|p2a: Incineroar|Darkest Lariat|p1a: Garchomp
|-damage|p1a: Garchomp|0 fnt
|-damage|p2a: Incineroar|24/100|[from] ability: Rough Skin|[of] p1a: Garchomp
|faint|p1a: Garchomp
|
|-sideend|p2: Decimi|move: Light Screen
|upkeep
|turn|9
|c|☆Pikachu47001|gg
|
|t:|1785288754
|cant|p1b: Whimsicott|par
|move|p2b: Sinistcha|Shadow Ball|p1b: Whimsicott
|-damage|p1b: Whimsicott|0 fnt
|faint|p1b: Whimsicott
|
|win|Decimi
|c|☆Pikachu47001|wow
|c|☆Decimi|gg
|l|☆Decimi
|player|p2|
|l|☆Pikachu47001
|player|p1|
|j|☆Decimi
|player|p2|Decimi|miku-flying|
