|j|☆danicruz.music
|j|☆TeyOnTheRox
|html|danicruz.musicTeyOnTheRox    
|uhtml|bestof|Game 1 of a best-of-3
|t:|1757734542
|gametype|doubles
|player|p1|danicruz.music|whitney|1186
|player|p2|TeyOnTheRox|benga|1129
|gen|9
|tier|[Gen 9] VGC 2025 Reg H (Bo3)
|rated|
|rule|Species Clause: Limit one of each Pokémon
|rule|Item Clause: Limit 1 of each item
|clearpoke
|poke|p1|Dondozo, L50, M|
|poke|p1|Tatsugiri-Droopy, L50, F|
|poke|p1|Pelipper, L50, M|
|poke|p1|Archaludon, L50, F|
|poke|p1|Weezing-Galar, L50, F|
|poke|p1|Dragapult, L50, M|
|poke|p2|Tyranitar, L50, F|
|poke|p2|Excadrill, L50, M|
|poke|p2|Sneasler, L50, F|
|poke|p2|Indeedee, L50, M|
|poke|p2|Corviknight, L50, F|
|poke|p2|Annihilape, L50, M|
|teampreview|4
|showteam|p1|Dondozo||Leftovers|Unaware|WaveCrash,Earthquake,OrderUp,Protect|||M|||50|,,,,,Ground]Tatsugiri-Droopy||AssaultVest|Commander|DragonPulse,DracoMeteor,MuddyWater,IcyWind|||F|||50|,,,,,Fairy]Pelipper||FocusSash|Drizzle|Hurricane,WeatherBall,WideGuard,Tailwind|||M|||50|,,,,,Fire]Archaludon||PowerHerb|Stalwart|ElectroShot,FlashCannon,DracoMeteor,Protect|||F|||50|,,,,,Electric]Weezing-Galar||RockyHelmet|NeutralizingGas|DazzlingGleam,PoisonGas,SludgeBomb,Protect|||F|||50|,,,,,Flying]Dragapult||LifeOrb|ClearBody|DragonDarts,Protect,PhantomForce,TeraBlast|||M|||50|,,,,,Fighting
|showteam|p2|Tyranitar||AssaultVest|SandStream|RockSlide,KnockOff,TeraBlast,LowKick|||F|||50|,,,,,Flying]Excadrill||FocusSash|SandRush|IronHead,HighHorsepower,Earthquake,Protect|||M|||50|,,,,,Stellar]Sneasler||PsychicSeed|Unburden|DireClaw,CloseCombat,ThroatChop,Protect|||F|||50|,,,,,Dark]Indeedee||ChoiceScarf|PsychicSurge|ExpandingForce,TeraBlast,Protect,Trick|||M|||50|,,,,,Psychic]Corviknight||Leftovers|MirrorArmor|BraveBird,BulkUp,Roost,Tailwind|||F|||50|,,,,,Dragon]Annihilape||SafetyGoggles|Defiant|CloseCombat,FinalGambit,RageFist,Taunt|||M|||50|,,,,,Water
|inactive|Battle timer is ON: inactive players will automatically lose when time's up. (requested by danicruz.music)
|inactive|TeyOnTheRox has 60 seconds left.
|inactive|TeyOnTheRox has 30 seconds left.
|
|t:|1757734605
|teamsize|p1|4
|teamsize|p2|4
|start
|switch|p1a: Dondozo|Dondozo, L50, M|100/100
|switch|p1b: Tatsugiri|Tatsugiri-Droopy, L50, F|100/100
|switch|p2a: Lightnin'|Sneasler, L50, F|100/100
|switch|p2b: Cars II|Corviknight, L50, F|100/100
|-activate|p1b: Tatsugiri|ability: Commander|[of] p1a: Dondozo
|-boost|p1a: Dondozo|atk|2
|-boost|p1a: Dondozo|spa|2
|-boost|p1a: Dondozo|spe|2
|-boost|p1a: Dondozo|def|2
|-boost|p1a: Dondozo|spd|2
|turn|1
|inactive|TeyOnTheRox has 30 seconds left.
|
|t:|1757734637
|-terastallize|p1a: Dondozo|Ground
|move|p2a: Lightnin'|Protect|p2a: Lightnin'
|-singleturn|p2a: Lightnin'|Protect
|move|p1a: Dondozo|Earthquake|p2a: Lightnin'|[spread] 
|-miss|p1a: Dondozo|p1b: Tatsugiri
|-activate|p2a: Lightnin'|move: Protect
|-immune|p2b: Cars II
|move|p2b: Cars II|Bulk Up|p2b: Cars II
|-boost|p2b: Cars II|atk|1
|-boost|p2b: Cars II|def|1
|
|upkeep
|turn|2
|inactive|TeyOnTheRox has 30 seconds left.
|
|t:|1757734664
|move|p2a: Lightnin'|Close Combat|p1a: Dondozo
|-damage|p1a: Dondozo|78/100
|-unboost|p2a: Lightnin'|def|1
|-unboost|p2a: Lightnin'|spd|1
|move|p1a: Dondozo|Earthquake|p2b: Cars II|[spread] p2a
|-miss|p1a: Dondozo|p1b: Tatsugiri
|-immune|p2b: Cars II
|-supereffective|p2a: Lightnin'
|-damage|p2a: Lightnin'|0 fnt
|faint|p2a: Lightnin'
|move|p2b: Cars II|Bulk Up|p2b: Cars II
|-boost|p2b: Cars II|atk|1
|-boost|p2b: Cars II|def|1
|
|-heal|p1a: Dondozo|85/100|[from] item: Leftovers
|upkeep
|
|t:|1757734674
|switch|p2a: Cars I|Indeedee, L50, M, shiny|100/100
|-fieldstart|move: Psychic Terrain|[from] ability: Psychic Surge|[of] p2a: Cars I
|turn|3
|
|t:|1757734689
|move|p1a: Dondozo|Protect|p1a: Dondozo
|-singleturn|p1a: Dondozo|Protect
|move|p2a: Cars I|Expanding Force|p1a: Dondozo|[spread] 
|-miss|p2a: Cars I|p1b: Tatsugiri
|-activate|p1a: Dondozo|move: Protect
|move|p2b: Cars II|Tailwind|p2b: Cars II
|-sidestart|p2: TeyOnTheRox|move: Tailwind
|
|-heal|p1a: Dondozo|91/100|[from] item: Leftovers
|upkeep
|turn|4
|
|t:|1757734709
|move|p2a: Cars I|Expanding Force|p1a: Dondozo|[spread] p1a
|-miss|p2a: Cars I|p1b: Tatsugiri
|-damage|p1a: Dondozo|60/100
|move|p2b: Cars II|Brave Bird|p1a: Dondozo
|-damage|p1a: Dondozo|45/100
|-damage|p2b: Cars II|94/100|[from] Recoil
|move|p1a: Dondozo|Earthquake|p2b: Cars II|[spread] p2a
|-miss|p1a: Dondozo|p1b: Tatsugiri
|-immune|p2b: Cars II
|-damage|p2a: Cars I|0 fnt
|faint|p2a: Cars I
|
|-heal|p2b: Cars II|99/100|[from] item: Leftovers
|-heal|p1a: Dondozo|51/100|[from] item: Leftovers
|upkeep
|
|t:|1757734715
|switch|p2a: Cachiiga|Annihilape, L50, M|100/100
|turn|5
|
|t:|1757734730
|move|p1a: Dondozo|Protect|p1a: Dondozo
|-singleturn|p1a: Dondozo|Protect
|move|p2a: Cachiiga|Final Gambit|p1a: Dondozo
|-activate|p1a: Dondozo|move: Protect
|move|p2b: Cars II|Brave Bird|p1b: Tatsugiri|[miss]
|-miss|p2b: Cars II|p1b: Tatsugiri
|
|-heal|p2b: Cars II|100/100|[from] item: Leftovers
|-heal|p1a: Dondozo|57/100|[from] item: Leftovers
|upkeep
|turn|6
|
|t:|1757734744
|move|p2a: Cachiiga|Final Gambit|p1a: Dondozo
|-damage|p1a: Dondozo|0 fnt
|faint|p2a: Cachiiga
|faint|p1a: Dondozo
|move|p2b: Cars II|Brave Bird|p1b: Tatsugiri
|-damage|p1b: Tatsugiri|0 fnt
|faint|p1b: Tatsugiri
|-damage|p2b: Cars II|77/100|[from] Recoil
|
|-heal|p2b: Cars II|83/100|[from] item: Leftovers
|-sideend|p2: TeyOnTheRox|move: Tailwind
|upkeep
|
|t:|1757734749
|switch|p1b: Pelipper|Pelipper, L50, M|100/100
|switch|p1a: Archaludon|Archaludon, L50, F|100/100
|-weather|RainDance|[from] ability: Drizzle|[of] p1b: Pelipper
|turn|7
|
|t:|1757734764
|-terastallize|p2b: Cars II|Dragon
|move|p1a: Archaludon|Electro Shot||[still]
|-prepare|p1a: Archaludon|Electro Shot
|-boost|p1a: Archaludon|spa|1
|-anim|p1a: Archaludon|Electro Shot|p2b: Cars II
|-resisted|p2b: Cars II
|-damage|p2b: Cars II|54/100
|move|p2b: Cars II|Brave Bird|p1b: Pelipper
|-damage|p1b: Pelipper|9/100
|-damage|p2b: Cars II|29/100|[from] Recoil
|move|p1b: Pelipper|Hurricane|p2b: Cars II
|-damage|p2b: Cars II|0 fnt
|faint|p2b: Cars II
|
|win|danicruz.music
