|j|☆pantalonesHat
|j|☆snailboss
|html|pantalonesHatsnailboss    
|uhtml|bestof|Game 1 of a best-of-3
|t:|1757739090
|gametype|doubles
|player|p1|pantalonesHat|swimmer-gen4dp|1087
|player|p2|snailboss|101|1185
|gen|9
|tier|[Gen 9] VGC 2025 Reg H (Bo3)
|rated|
|rule|Species Clause: Limit one of each Pokémon
|rule|Item Clause: Limit 1 of each item
|clearpoke
|poke|p1|Archaludon, L50, M|
|poke|p1|Gholdengo, L50|
|poke|p1|Incineroar, L50, F|
|poke|p1|Overqwil, L50, M|
|poke|p1|Pelipper, L50, F|
|poke|p1|Amoonguss, L50, M|
|poke|p2|Kingambit, L50, F|
|poke|p2|Rillaboom, L50, M|
|poke|p2|Volcarona, L50, M|
|poke|p2|Tauros-Paldea-Aqua, L50, M|
|poke|p2|Electabuzz, L50, F|
|poke|p2|Ninetales-Alola, L50, M|
|teampreview|4
|showteam|p1|Archaludon||AssaultVest|Stamina|BodyPress,DragonPulse,ElectroShot,FlashCannon|||M|||50|,,,,,Grass]Gholdengo||LifeOrb|GoodasGold|MakeItRain,ShadowBall,NastyPlot,Protect||||||50|,,,,,Water]Incineroar||SafetyGoggles|Intimidate|KnockOff,Taunt,PartingShot,FakeOut|||F|||50|,,,,,Fire]Overqwil||ClearAmulet|SwiftSwim|GunkShot,SwordsDance,Liquidation,Protect|||M|||50|,,,,,Water]Pelipper||CovertCloak|Drizzle|WeatherBall,Hurricane,Protect,Tailwind|||F|||50|,,,,,Ground]Amoonguss||MentalHerb|Regenerator|Spore,RagePowder,Protect,ClearSmog|||M|||50|,,,,,Water
|showteam|p2|Kingambit||BlackGlasses|Defiant|SuckerPunch,KowtowCleave,SwordsDance,Protect|||F|||50|,,,,,Fire]Rillaboom||AssaultVest|GrassySurge|FakeOut,GrassyGlide,WoodHammer,HighHorsepower|||M|||50|,,,,,Fire]Volcarona||CovertCloak|FlameBody|QuiverDance,HeatWave,GigaDrain,Protect|||M|||50|,,,,,Grass]Tauros-Paldea-Aqua||GrassySeed|Intimidate|WaveCrash,BodyPress,Protect,AquaJet|||M|||50|,,,,,Fire]Electabuzz||Eviolite|VitalSpirit|HelpingHand,Thunderbolt,Protect,FollowMe|||F|||50|,,,,,Ghost]Ninetales-Alola||FocusSash|SnowWarning|Protect,Encore,FreezeDry,Disable|||M|||50|,,,,,Ghost
|inactive|Battle timer is ON: inactive players will automatically lose when time's up. (requested by snailboss)
|inactive|pantalonesHat has 60 seconds left.
|inactive|pantalonesHat has 30 seconds left.
|
|t:|1757739192
|teamsize|p1|4
|teamsize|p2|4
|start
|switch|p1a: Archaludon|Archaludon, L50, M|100/100
|switch|p1b: Overqwil|Overqwil, L50, M, shiny|100/100
|switch|p2a: Electabuzz|Electabuzz, L50, F|100/100
|switch|p2b: Kingambit|Kingambit, L50, F|100/100
|turn|1
|inactive|pantalonesHat has 30 seconds left.
|
|t:|1757739225
|move|p1b: Overqwil|Protect|p1b: Overqwil
|-singleturn|p1b: Overqwil|Protect
|move|p2a: Electabuzz|Follow Me|p2a: Electabuzz
|-singleturn|p2a: Electabuzz|move: Follow Me
|move|p1a: Archaludon|Body Press|p2a: Electabuzz
|-damage|p2a: Electabuzz|80/100
|move|p2b: Kingambit|Swords Dance|p2b: Kingambit
|-boost|p2b: Kingambit|atk|2
|
|upkeep
|turn|2
|inactive|pantalonesHat has 30 seconds left.
|
|t:|1757739257
|switch|p1a: Amoonguss|Amoonguss, L50, M, shiny|100/100
|move|p2a: Electabuzz|Helping Hand|p2b: Kingambit
|-singleturn|p2b: Kingambit|Helping Hand|[of] p2a: Electabuzz
|move|p2b: Kingambit|Sucker Punch||[still]
|-fail|p2b: Kingambit
|move|p1b: Overqwil|Swords Dance|p1b: Overqwil
|-boost|p1b: Overqwil|atk|2
|
|upkeep
|turn|3
|
|t:|1757739281
|move|p2a: Electabuzz|Follow Me|p2a: Electabuzz
|-singleturn|p2a: Electabuzz|move: Follow Me
|move|p1a: Amoonguss|Rage Powder|p1a: Amoonguss
|-singleturn|p1a: Amoonguss|move: Rage Powder
|move|p1b: Overqwil|Gunk Shot|p2a: Electabuzz
|-crit|p2a: Electabuzz
|-damage|p2a: Electabuzz|0 fnt
|faint|p2a: Electabuzz
|move|p2b: Kingambit|Kowtow Cleave|p1a: Amoonguss
|-damage|p1a: Amoonguss|0 fnt
|faint|p1a: Amoonguss
|
|upkeep
|
|t:|1757739292
|switch|p2a: Volcarona|Volcarona, L50, M|100/100
|switch|p1a: Pelipper|Pelipper, L50, F|100/100
|-weather|RainDance|[from] ability: Drizzle|[of] p1a: Pelipper
|turn|4
|inactive|pantalonesHat has 30 seconds left.
|inactive|snailboss has 30 seconds left.
|
|t:|1757739323
|switch|p2a: Ninetales|Ninetales-Alola, L50, M|100/100
|-weather|Snowscape|[from] ability: Snow Warning|[of] p2a: Ninetales
|move|p2b: Kingambit|Sucker Punch||[still]
|-fail|p2b: Kingambit
|move|p1a: Pelipper|Weather Ball|p2a: Ninetales
|-resisted|p2a: Ninetales
|-damage|p2a: Ninetales|87/100
|move|p1b: Overqwil|Swords Dance|p1b: Overqwil
|-boost|p1b: Overqwil|atk|2
|
|-weather|Snowscape|[upkeep]
|upkeep
|turn|5
|
|t:|1757739344
|move|p1b: Overqwil|Protect|p1b: Overqwil
|-singleturn|p1b: Overqwil|Protect
|move|p2a: Ninetales|Encore|p1b: Overqwil
|-activate|p1b: Overqwil|move: Protect
|move|p1a: Pelipper|Tailwind|p1a: Pelipper
|-sidestart|p1: pantalonesHat|move: Tailwind
|move|p2b: Kingambit|Kowtow Cleave|p1a: Pelipper
|-damage|p1a: Pelipper|0 fnt
|faint|p1a: Pelipper
|
|-weather|Snowscape|[upkeep]
|upkeep
|
|t:|1757739353
|switch|p1a: Archaludon|Archaludon, L50, M|100/100
|turn|6
|
|t:|1757739373
|-terastallize|p2a: Ninetales|Ghost
|move|p2b: Kingambit|Protect|p2b: Kingambit
|-singleturn|p2b: Kingambit|Protect
|move|p1a: Archaludon|Body Press|p2a: Ninetales
|-immune|p2a: Ninetales
|move|p1b: Overqwil|Liquidation|p2b: Kingambit
|-activate|p2b: Kingambit|move: Protect
|move|p2a: Ninetales|Disable|p1a: Archaludon
|-start|p1a: Archaludon|Disable|Body Press
|
|-weather|Snowscape|[upkeep]
|upkeep
|turn|7
|inactive|pantalonesHat has 30 seconds left.
|inactive|snailboss has 30 seconds left.
|inactive|snailboss has 20 seconds left.
|
|t:|1757739410
|move|p2b: Kingambit|Sucker Punch|p1b: Overqwil
|-resisted|p1b: Overqwil
|-damage|p1b: Overqwil|50/100
|move|p1a: Archaludon|Electro Shot||[still]
|-prepare|p1a: Archaludon|Electro Shot
|-boost|p1a: Archaludon|spa|1
|move|p1b: Overqwil|Liquidation|p2b: Kingambit
|-crit|p2b: Kingambit
|-damage|p2b: Kingambit|5/100
|move|p2a: Ninetales|Freeze-Dry|p1b: Overqwil
|-damage|p1b: Overqwil|14/100
|
|-weather|Snowscape|[upkeep]
|upkeep
|turn|8
|
|t:|1757739426
|move|p1b: Overqwil|Protect|p1b: Overqwil
|-singleturn|p1b: Overqwil|Protect
|move|p2a: Ninetales|Protect|p2a: Ninetales
|-singleturn|p2a: Ninetales|Protect
|move|p2b: Kingambit|Protect|p2b: Kingambit
|-singleturn|p2b: Kingambit|Protect
|move|p1a: Archaludon|Electro Shot|p2b: Kingambit|[from] lockedmove
|-activate|p2b: Kingambit|move: Protect
|
|-weather|none
|-sideend|p1: pantalonesHat|move: Tailwind
|upkeep
|turn|9
|inactive|pantalonesHat has 30 seconds left.
|
|t:|1757739453
|move|p2b: Kingambit|Sucker Punch||[still]
|-fail|p2b: Kingambit
|move|p2a: Ninetales|Encore|p1a: Archaludon
|-start|p1a: Archaludon|Encore
|move|p1a: Archaludon|Electro Shot||[still]
|-prepare|p1a: Archaludon|Electro Shot
|-boost|p1a: Archaludon|spa|1
|move|p1b: Overqwil|Swords Dance|p1b: Overqwil
|-boost|p1b: Overqwil|atk|2
|
|upkeep
|turn|10
|
|t:|1757739476
|move|p2b: Kingambit|Sucker Punch|p1a: Archaludon
|-damage|p1a: Archaludon|38/100
|-ability|p1a: Archaludon|Stamina|boost
|-boost|p1a: Archaludon|def|1
|move|p2a: Ninetales|Freeze-Dry|p1a: Archaludon
|-damage|p1a: Archaludon|16/100
|-ability|p1a: Archaludon|Stamina|boost
|-boost|p1a: Archaludon|def|1
|move|p1a: Archaludon|Electro Shot|p2b: Kingambit|[from] lockedmove
|-damage|p2b: Kingambit|0 fnt
|faint|p2b: Kingambit
|move|p1b: Overqwil|Liquidation|p2a: Ninetales
|-damage|p2a: Ninetales|0 fnt
|faint|p2a: Ninetales
|
|-end|p1a: Archaludon|Disable
|upkeep
|
|t:|1757739490
|switch|p2b: Volcarona|Volcarona, L50, M|100/100
|turn|11
|inactive|pantalonesHat has 30 seconds left.
|
|t:|1757739522
|-terastallize|p1b: Overqwil|Water
|move|p2b: Volcarona|Heat Wave|p1a: Archaludon|[spread] p1a,p1b
|-resisted|p1b: Overqwil
|-damage|p1a: Archaludon|0 fnt
|-damage|p1b: Overqwil|0 fnt
|faint|p1a: Archaludon
|faint|p1b: Overqwil
|
|win|snailboss
||pantalonesHat is ready for game 2.
|inactive|snailboss has 30 seconds to confirm battle start!
||snailboss is ready for game 2.
|uhtml|next|Next: Game 2 of 3
