|j|☆yassineVGC
|j|☆Vgc4200
|html|yassineVGCVgc4200    
|uhtml|bestof|Game 1 of a best-of-3
|t:|1757771316
|gametype|doubles
|player|p1|yassineVGC|hilbert|1148
|player|p2|Vgc4200|silver|1070
|gen|9
|tier|[Gen 9] VGC 2025 Reg H (Bo3)
|rated|
|rule|Species Clause: Limit one of each Pokémon
|rule|Item Clause: Limit 1 of each item
|clearpoke
|poke|p1|Dragonite, L50, M|
|poke|p1|Incineroar, L50, M|
|poke|p1|Ursaluna, L50, F|
|poke|p1|Sinistcha, L50|
|poke|p1|Pelipper, L50, F|
|poke|p1|Archaludon, L50, M|
|poke|p2|Pelipper, L50, M|
|poke|p2|Comfey, L50, F|
|poke|p2|Annihilape, L50, M|
|poke|p2|Archaludon, L50, M|
|poke|p2|Electabuzz, L50, M|
|poke|p2|Ursaluna-Bloodmoon, L50, M|
|teampreview|4
|showteam|p1|Dragonite||LoadedDice|Multiscale|Tailwind,ScaleShot,Protect,Haze|||M|||50|,,,,,Fairy]Incineroar||SafetyGoggles|Intimidate|KnockOff,PartingShot,FakeOut,FlareBlitz|||M|||50|,,,,,Ghost]Ursaluna||FlameOrb|Guts|Earthquake,Protect,Facade,HeadlongRush|||F|||50|,,,,,Ghost]Sinistcha||SitrusBerry|Hospitality|TrickRoom,MatchaGotcha,RagePowder,LifeDew||||||50|,,,,,Fairy]Pelipper||FocusSash|Drizzle|Hurricane,Protect,Tailwind,WeatherBall|||F|||50|,,,,,Ghost]Archaludon||AssaultVest|Stamina|ElectroShot,BodyPress,DragonPulse,FlashCannon|||M|||50|,,,,,Bug
|showteam|p2|Pelipper||FocusSash|Drizzle|Hurricane,Uturn,Tailwind,Protect|||M|||50|,,,,,Ghost]Comfey||MentalHerb|Triage|TrickRoom,FloralHealing,DrainingKiss,Protect|||F|||50|,,,,,Steel]Annihilape||WeaknessPolicy|Defiant|DrainPunch,RageFist,BulkUp,Protect|||M|||50|,,,,,Fire]Archaludon||AssaultVest|Stamina|DragonPulse,Snarl,BodyPress,ElectroShot|||M|||50|,,,,,Grass]Electabuzz||Eviolite|VitalSpirit|FollowMe,Electroweb,Taunt,Protect|||M|||50|,,,,,Ghost]Ursaluna-Bloodmoon||ThroatSpray|MindsEye|BloodMoon,HyperVoice,Protect,EarthPower|||M|||50|,,,,,Normal
|inactive|Battle timer is ON: inactive players will automatically lose when time's up. (requested by yassineVGC)
|l|☆yassineVGC
|inactive|yassineVGC disconnected and has a minute to reconnect!
|player|p1|
|j|☆yassineVGC
|inactive|yassineVGC reconnected and has 60 seconds left.
|player|p1|yassineVGC|hilbert|
|inactive|yassineVGC has 30 seconds left.
|inactive|yassineVGC has 20 seconds left.
|inactive|yassineVGC has 15 seconds left.
|inactive|yassineVGC has 10 seconds left.
|inactive|yassineVGC has 5 seconds left.
|
|t:|1757771403
|teamsize|p1|4
|teamsize|p2|4
|start
|switch|p1a: Archaludon|Archaludon, L50, M|100/100
|switch|p1b: Pelipper|Pelipper, L50, F|100/100
|switch|p2a: Electabuzz|Electabuzz, L50, M, shiny|100/100
|switch|p2b: Ursaluna|Ursaluna-Bloodmoon, L50, M|100/100
|-weather|RainDance|[from] ability: Drizzle|[of] p1b: Pelipper
|turn|1
|inactive|yassineVGC has 30 seconds left.
|inactive|Vgc4200 has 30 seconds left.
|inactive|yassineVGC has 20 seconds left.
|inactive|yassineVGC has 15 seconds left.
|
|t:|1757771444
|-terastallize|p1a: Archaludon|Bug
|-terastallize|p2b: Ursaluna|Normal
|move|p2a: Electabuzz|Electroweb|p1b: Pelipper|[spread] p1a,p1b
|-supereffective|p1b: Pelipper
|-damage|p1a: Archaludon|91/100
|-damage|p1b: Pelipper|18/100
|-unboost|p1a: Archaludon|spe|1
|-unboost|p1b: Pelipper|spe|1
|-ability|p1a: Archaludon|Stamina|boost
|-boost|p1a: Archaludon|def|1
|move|p2b: Ursaluna|Blood Moon|p1a: Archaludon
|-damage|p1a: Archaludon|13/100
|-ability|p1a: Archaludon|Stamina|boost
|-boost|p1a: Archaludon|def|1
|move|p1b: Pelipper|Tailwind|p1b: Pelipper
|-sidestart|p1: yassineVGC|move: Tailwind
|move|p1a: Archaludon|Body Press|p2b: Ursaluna
|-supereffective|p2b: Ursaluna
|-damage|p2b: Ursaluna|21/100
|
|-weather|RainDance|[upkeep]
|upkeep
|turn|2
|inactive|yassineVGC has 30 seconds left.
|inactive|yassineVGC has 20 seconds left.
|inactive|yassineVGC has 15 seconds left.
|
|t:|1757771489
|switch|p1b: Sinistcha|Sinistcha, L50|100/100
|-heal|p1a: Archaludon|38/100|[from] ability: Hospitality|[of] p1b: Sinistcha
|move|p1a: Archaludon|Electro Shot||[still]
|-prepare|p1a: Archaludon|Electro Shot
|-boost|p1a: Archaludon|spa|1
|-anim|p1a: Archaludon|Electro Shot|p2b: Ursaluna
|-damage|p2b: Ursaluna|0 fnt
|faint|p2b: Ursaluna
|move|p2a: Electabuzz|Electroweb|p1b: Sinistcha|[spread] p1a,p1b
|-resisted|p1b: Sinistcha
|-damage|p1a: Archaludon|29/100
|-damage|p1b: Sinistcha|94/100
|-unboost|p1a: Archaludon|spe|1
|-unboost|p1b: Sinistcha|spe|1
|-ability|p1a: Archaludon|Stamina|boost
|-boost|p1a: Archaludon|def|1
|
|-weather|RainDance|[upkeep]
|upkeep
|
|t:|1757771502
|switch|p2b: Annihilape|Annihilape, L50, M|100/100
|turn|3
|
|t:|1757771522
|move|p2a: Electabuzz|Follow Me|p2a: Electabuzz
|-singleturn|p2a: Electabuzz|move: Follow Me
|move|p1b: Sinistcha|Rage Powder|p1b: Sinistcha
|-singleturn|p1b: Sinistcha|move: Rage Powder
|move|p2b: Annihilape|Bulk Up|p2b: Annihilape
|-boost|p2b: Annihilape|atk|1
|-boost|p2b: Annihilape|def|1
|move|p1a: Archaludon|Electro Shot||[still]
|-prepare|p1a: Archaludon|Electro Shot
|-boost|p1a: Archaludon|spa|1
|-anim|p1a: Archaludon|Electro Shot|p2a: Electabuzz
|-resisted|p2a: Electabuzz
|-damage|p2a: Electabuzz|68/100
|
|-weather|RainDance|[upkeep]
|upkeep
|turn|4
|inactive|Vgc4200 has 30 seconds left.
|
|t:|1757771548
|move|p2a: Electabuzz|Electroweb|p1b: Sinistcha|[spread] p1a
|-miss|p2a: Electabuzz|p1b: Sinistcha
|-damage|p1a: Archaludon|18/100
|-unboost|p1a: Archaludon|spe|1
|-ability|p1a: Archaludon|Stamina|boost
|-boost|p1a: Archaludon|def|1
|move|p1b: Sinistcha|Life Dew|p1b: Sinistcha|[spread] p1a,p1b
|-heal|p1a: Archaludon|43/100
|-heal|p1b: Sinistcha|100/100
|move|p2b: Annihilape|Rage Fist|p1a: Archaludon
|-damage|p1a: Archaludon|34/100
|-ability|p1a: Archaludon|Stamina|boost
|-boost|p1a: Archaludon|def|1
|move|p1a: Archaludon|Dragon Pulse|p2b: Annihilape
|-damage|p2b: Annihilape|38/100
|
|-weather|RainDance|[upkeep]
|-sideend|p1: yassineVGC|move: Tailwind
|upkeep
|turn|5
|
|t:|1757771570
|move|p2a: Electabuzz|Follow Me|p2a: Electabuzz
|-singleturn|p2a: Electabuzz|move: Follow Me
|move|p2b: Annihilape|Rage Fist|p1b: Sinistcha
|-supereffective|p1b: Sinistcha
|-damage|p1b: Sinistcha|0 fnt
|faint|p1b: Sinistcha
|move|p1a: Archaludon|Dragon Pulse|p2a: Electabuzz
|-damage|p2a: Electabuzz|6/100
|
|-weather|none
|upkeep
|
|t:|1757771581
|switch|p1b: Pelipper|Pelipper, L50, F|18/100
|-weather|RainDance|[from] ability: Drizzle|[of] p1b: Pelipper
|turn|6
|
|t:|1757771590
|move|p1b: Pelipper|Protect|p1b: Pelipper
|-singleturn|p1b: Pelipper|Protect
|move|p2b: Annihilape|Protect|p2b: Annihilape
|-singleturn|p2b: Annihilape|Protect
|move|p2a: Electabuzz|Electroweb|p1a: Archaludon|[spread] p1a
|-activate|p1b: Pelipper|move: Protect
|-damage|p1a: Archaludon|25/100
|-unboost|p1a: Archaludon|spe|1
|-ability|p1a: Archaludon|Stamina|boost
|-boost|p1a: Archaludon|def|1
|move|p1a: Archaludon|Dragon Pulse|p2a: Electabuzz
|-damage|p2a: Electabuzz|0 fnt
|faint|p2a: Electabuzz
|
|-weather|RainDance|[upkeep]
|upkeep
|
|t:|1757771604
|switch|p2a: Comfey|Comfey, L50, F|100/100
|turn|7
|
|t:|1757771619
|move|p2a: Comfey|Floral Healing|p2b: Annihilape
|-heal|p2b: Annihilape|88/100
|move|p1b: Pelipper|Hurricane|p2b: Annihilape
|-supereffective|p2b: Annihilape
|-damage|p2b: Annihilape|18/100
|-enditem|p2b: Annihilape|Weakness Policy
|-boost|p2b: Annihilape|atk|2|[from] item: Weakness Policy
|-boost|p2b: Annihilape|spa|2|[from] item: Weakness Policy
|move|p2b: Annihilape|Rage Fist|p1a: Archaludon
|-damage|p1a: Archaludon|0 fnt
|faint|p1a: Archaludon
|
|-weather|RainDance|[upkeep]
|upkeep
|
|t:|1757771631
|switch|p1a: Ursaluna|Ursaluna, L50, F|100/100
|turn|8
|
|t:|1757771654
|move|p2b: Annihilape|Protect|p2b: Annihilape
|-singleturn|p2b: Annihilape|Protect
|move|p1a: Ursaluna|Protect|p1a: Ursaluna
|-singleturn|p1a: Ursaluna|Protect
|move|p2a: Comfey|Draining Kiss|p1b: Pelipper
|-damage|p1b: Pelipper|0 fnt
|faint|p1b: Pelipper
|
|-weather|RainDance|[upkeep]
|-status|p1a: Ursaluna|brn|[from] item: Flame Orb
|upkeep
|turn|9
|
|t:|1757771666
|move|p2a: Comfey|Floral Healing|p2b: Annihilape
|-heal|p2b: Annihilape|68/100
|move|p2b: Annihilape|Drain Punch|p1a: Ursaluna
|-supereffective|p1a: Ursaluna
|-damage|p1a: Ursaluna|0 fnt
|-heal|p2b: Annihilape|100/100|[from] drain|[of] p1a: Ursaluna
|faint|p1a: Ursaluna
|
|win|Vgc4200
|l|☆Vgc4200
|player|p2|
|raw|yassineVGC's rating: 1148 → 1117(-31 for losing)
|raw|Vgc4200's rating: 1070 → 1106(+36 for winning)
|l|☆yassineVGC
|player|p1|
