|j|☆randomguy1114s
|j|☆GenG Fan
|html|randomguy1114sGenG Fan    
|uhtml|bestof|Game 1 of a best-of-3
|t:|1757203004
|gametype|doubles
|player|p1|randomguy1114s|lillie-masters|1349
|player|p2|GenG Fan|cynthia-gen4|1369
|gen|9
|tier|[Gen 9] VGC 2025 Reg H (Bo3)
|rated|
|rule|Species Clause: Limit one of each Pokémon
|rule|Item Clause: Limit 1 of each item
|clearpoke
|poke|p1|Corviknight, L50, F|
|poke|p1|Annihilape, L50, M|
|poke|p1|Indeedee, L50, M|
|poke|p1|Sneasler, L50, F|
|poke|p1|Tyranitar, L50, M|
|poke|p1|Excadrill, L50, F|
|poke|p2|Hatterene, L50, F|
|poke|p2|Indeedee-F, L50, F|
|poke|p2|Torkoal, L50, M|
|poke|p2|Lilligant-Hisui, L50, F|
|poke|p2|Ursaluna, L50, F|
|poke|p2|Gallade, L50, M|
|teampreview|4
|showteam|p1|Corviknight||Leftovers|MirrorArmor|BraveBird,BulkUp,Roost,Tailwind|||F|||50|,,,,,Dragon]Annihilape||SafetyGoggles|Defiant|CloseCombat,FinalGambit,RageFist,Taunt|||M|||50|,,,,,Water]Indeedee||ChoiceScarf|PsychicSurge|ExpandingForce,TeraBlast,Trick,Protect|||M|||50|,,,,,Psychic]Sneasler||PsychicSeed|Unburden|CloseCombat,DireClaw,ThroatChop,Protect|||F|||50|,,,,,Dark]Tyranitar||AssaultVest|SandStream|RockSlide,KnockOff,TeraBlast,LowKick|||M|||50|,,,,,Flying]Excadrill||FocusSash|SandRush|Earthquake,HighHorsepower,IronHead,Protect|||F|||50|,,,,,Stellar
|showteam|p2|Hatterene||LifeOrb|MagicBounce|ExpandingForce,DazzlingGleam,TrickRoom,Protect|||F|||50|,,,,,Water]Indeedee-F||RockyHelmet|PsychicSurge|Psychic,FollowMe,TrickRoom,HelpingHand|||F|||50|,,,,,Grass]Torkoal||Charcoal|Drought|Eruption,WeatherBall,EarthPower,Protect|||M|||50|,,,,,Fire]Lilligant-Hisui||FocusSash|Chlorophyll|SolarBlade,CloseCombat,SleepPowder,AfterYou|||F|||50|,,,,,Ghost]Ursaluna||FlameOrb|Guts|Facade,HeadlongRush,Earthquake,Protect|||F|||50|,,,,,Ghost]Gallade||ClearAmulet|Sharpness|SacredSword,PsychoCut,TrickRoom,WideGuard|||M|||50|,,,,,Grass
|inactive|Battle timer is ON: inactive players will automatically lose when time's up. (requested by GenG Fan)
|
|t:|1757203049
|teamsize|p1|4
|teamsize|p2|4
|start
|switch|p1a: MONKE|Annihilape, L50, M, shiny|100/100
|switch|p1b: im just sand|Excadrill, L50, F, shiny|100/100
|switch|p2a: Indeedee|Indeedee-F, L50, F|100/100
|switch|p2b: Hatterene|Hatterene, L50, F|100/100
|-fieldstart|move: Psychic Terrain|[from] ability: Psychic Surge|[of] p2a: Indeedee
|turn|1
|inactive|randomguy1114s has 30 seconds left.
|
|t:|1757203074
|-terastallize|p1b: im just sand|Stellar
|-terastallize|p2b: Hatterene|Water
|move|p2a: Indeedee|Follow Me|p2a: Indeedee
|-singleturn|p2a: Indeedee|move: Follow Me
|move|p1a: MONKE|Final Gambit|p2a: Indeedee
|-damage|p2a: Indeedee|0 fnt
|faint|p1a: MONKE
|faint|p2a: Indeedee
|move|p1b: im just sand|Iron Head|p2b: Hatterene
|-resisted|p2b: Hatterene
|-damage|p2b: Hatterene|67/100
|move|p2b: Hatterene|Trick Room|p2b: Hatterene
|-fieldstart|move: Trick Room|[of] p2b: Hatterene
|
|upkeep
|
|t:|1757203097
|switch|p2a: Gallade|Gallade, L50, M|100/100
|switch|p1a: menacetosociety|Sneasler, L50, F, shiny|100/100
|-enditem|p1a: menacetosociety|Psychic Seed
|-boost|p1a: menacetosociety|spd|1|[from] item: Psychic Seed
|turn|2
|inactive|randomguy1114s has 30 seconds left.
|
|t:|1757203129
|move|p1b: im just sand|Protect|p1b: im just sand
|-singleturn|p1b: im just sand|Protect
|move|p1a: menacetosociety|Protect|p1a: menacetosociety
|-singleturn|p1a: menacetosociety|Protect
|move|p2b: Hatterene|Expanding Force|p1b: im just sand|[spread] 
|-activate|p1a: menacetosociety|move: Protect
|-activate|p1b: im just sand|move: Protect
|move|p2a: Gallade|Sacred Sword|p1b: im just sand
|-activate|p1b: im just sand|move: Protect
|
|upkeep
|turn|3
|
|t:|1757203147
|switch|p1a: DINOOOO|Tyranitar, L50, M, shiny|100/100
|-weather|Sandstorm|[from] ability: Sand Stream|[of] p1a: DINOOOO
|move|p2b: Hatterene|Expanding Force|p1a: DINOOOO|[spread] p1b
|-immune|p1a: DINOOOO
|-resisted|p1b: im just sand
|-damage|p1b: im just sand|42/100
|-damage|p2b: Hatterene|58/100|[from] item: Life Orb
|move|p2a: Gallade|Sacred Sword|p1b: im just sand
|-supereffective|p1b: im just sand
|-damage|p1b: im just sand|0 fnt
|faint|p1b: im just sand
|
|-weather|Sandstorm|[upkeep]
|-damage|p2b: Hatterene|52/100|[from] Sandstorm
|-damage|p2a: Gallade|95/100|[from] Sandstorm
|upkeep
|
|t:|1757203161
|switch|p1b: menacetosociety|Sneasler, L50, F, shiny|100/100
|turn|4
|
|t:|1757203174
|move|p1b: menacetosociety|Protect|p1b: menacetosociety
|-singleturn|p1b: menacetosociety|Protect
|move|p2b: Hatterene|Expanding Force|p1a: DINOOOO|[spread] 
|-activate|p1b: menacetosociety|move: Protect
|-immune|p1a: DINOOOO
|move|p2a: Gallade|Sacred Sword|p1a: DINOOOO
|-supereffective|p1a: DINOOOO
|-damage|p1a: DINOOOO|0 fnt
|faint|p1a: DINOOOO
|
|-weather|Sandstorm|[upkeep]
|-damage|p2b: Hatterene|46/100|[from] Sandstorm
|-damage|p2a: Gallade|89/100|[from] Sandstorm
|-damage|p1b: menacetosociety|95/100|[from] Sandstorm
|upkeep
|turn|5
|inactive|randomguy1114s has 30 seconds left.
|
|t:|1757203202
|move|p1b: menacetosociety|Protect||[still]
|-fail|p1b: menacetosociety
|move|p2b: Hatterene|Expanding Force|p1b: menacetosociety
|-supereffective|p1b: menacetosociety
|-damage|p1b: menacetosociety|0 fnt
|faint|p1b: menacetosociety
|-damage|p2b: Hatterene|37/100|[from] item: Life Orb
|
|win|GenG Fan
||GenG Fan is ready for game 2.
