|j|☆lanagram
|j|☆littlepotato13
|html|lanagramlittlepotato13    
|uhtml|bestof|Game 1 of a best-of-3
|t:|1784566875
|gametype|doubles
|player|p1|lanagram|102|1164
|player|p2|littlepotato13|1|1233
|gen|9
|tier|[Gen 9 Champions] VGC 2026 Reg M-B (Bo3)
|rated|
|rule|Species Clause: Limit one of each Pokémon
|rule|Item Clause: Limit 1 of each item
|clearpoke
|poke|p1|Metagross, L50|
|poke|p1|Sinistcha, L50|
|poke|p1|Archaludon, L50, F|
|poke|p1|Sneasler, L50, M|
|poke|p1|Pelipper, L50, M|
|poke|p1|Aerodactyl, L50, F|
|poke|p2|Whimsicott, L50, F|
|poke|p2|Floette-Eternal, L50, F|
|poke|p2|Garchomp, L50, M|
|poke|p2|Charizard, L50, F|
|poke|p2|Basculegion, L50, M|
|poke|p2|Kingambit, L50, M|
|teampreview|4
|showteam|p1|Metagross||Metagrossite|ClearBody|PsychicFangs,StompingTantrum,HardPress,Protect|Jolly|||||50|]Sinistcha||KasibBerry|Hospitality|MatchaGotcha,ShadowBall,RagePowder,TrickRoom|Calm|||||50|]Archaludon||Leftovers|Stamina|ElectroShot,Snarl,FlashCannon,Protect|Modest||F|||50|]Sneasler||FocusSash|Unburden|CloseCombat,PoisonJab,FakeOut,Coaching|Jolly||M|||50|]Pelipper||DampRock|Drizzle|Hurricane,Tailwind,WeatherBall,Protect|Modest||M|||50|]Aerodactyl||Aerodactylite|Unnerve|RockSlide,DualWingbeat,Tailwind,WideGuard|Jolly||F|||50|
|showteam|p2|Whimsicott||FocusSash|Prankster|Protect,Tailwind,Encore,Moonblast|Timid||F|||50|]Floette-Eternal||Floettite|FlowerVeil|Protect,DazzlingGleam,Moonblast,LightofRuin|Modest||F|||50|]Garchomp||LifeOrb|RoughSkin|Protect,RockSlide,DragonClaw,Earthquake|Jolly||M|||50|]Charizard||CharizarditeY|Blaze|Protect,SolarBeam,HeatWave,WeatherBall|Modest||F|||50|]Basculegion||ChoiceScarf|Adaptability|AquaJet,FlipTurn,WaveCrash,LastRespects|Jolly||M|||50|]Kingambit||BlackGlasses|Defiant|Protect,KowtowCleave,SuckerPunch,IronHead|Adamant||M|||50|
|inactive|Battle timer is ON: inactive players will automatically lose when time's up. (requested by littlepotato13)
|inactive|lanagram has 60 seconds left.
|inactive|littlepotato13 has 60 seconds left.
|inactive|lanagram has 30 seconds left.
|inactive|lanagram has 20 seconds left.
|inactive|lanagram has 15 seconds left.
|inactive|lanagram has 10 seconds left.
|inactive|lanagram has 5 seconds left.
|
|t:|1784566965
|teamsize|p1|4
|teamsize|p2|4
|start
|switch|p1a: Aerodactyl|Aerodactyl, L50, F|100/100
|switch|p1b: Sneasler|Sneasler, L50, M|100/100
|switch|p2a: Whimsicott|Whimsicott, L50, F|100/100
|switch|p2b: Garchomp|Garchomp, L50, M|100/100
|-ability|p1a: Aerodactyl|Unnerve
|turn|1
|inactive|lanagram has 30 seconds left.
|
|t:|1784566999
|detailschange|p1a: Aerodactyl|Aerodactyl-Mega, L50, F
|-mega|p1a: Aerodactyl|Aerodactyl|Aerodactylite
|move|p2a: Whimsicott|Protect|p2a: Whimsicott
|-singleturn|p2a: Whimsicott|Protect
|move|p1b: Sneasler|Fake Out|p2b: Garchomp
|-damage|p2b: Garchomp|87/100
|-damage|p1b: Sneasler|87/100|[from] ability: Rough Skin|[of] p2b: Garchomp
|move|p1a: Aerodactyl|Dual Wingbeat|p2a: Whimsicott
|-activate|p2a: Whimsicott|move: Protect
|cant|p2b: Garchomp|flinch
|
|upkeep
|turn|2
|
|t:|1784567022
|switch|p1b: Archaludon|Archaludon, L50, F|100/100
|move|p2a: Whimsicott|Tailwind|p2a: Whimsicott
|-sidestart|p2: littlepotato13|move: Tailwind
|move|p2b: Garchomp|Earthquake|p1a: Aerodactyl|[spread] p2a,p1b
|-immune|p1a: Aerodactyl
|-resisted|p2a: Whimsicott|1
|-supereffective|p1b: Archaludon|1
|-damage|p2a: Whimsicott|61/100
|-damage|p1b: Archaludon|17/100
|-ability|p1b: Archaludon|Stamina|boost
|-boost|p1b: Archaludon|def|1
|-damage|p2b: Garchomp|77/100|[from] item: Life Orb
|move|p1a: Aerodactyl|Dual Wingbeat|p2a: Whimsicott
|-supereffective|p2a: Whimsicott|1
|-damage|p2a: Whimsicott|0 fnt
|faint|p2a: Whimsicott
|-hitcount|p2: Whimsicott|1
|
|-heal|p1b: Archaludon|23/100|[from] item: Leftovers
|upkeep
|
|t:|1784567041
|switch|p2a: Basculegion|Basculegion, L50, M|100/100
|turn|3
|
|t:|1784567059
|move|p1b: Archaludon|Protect|p1b: Archaludon
|-singleturn|p1b: Archaludon|Protect
|move|p2a: Basculegion|Flip Turn|p1a: Aerodactyl
|-supereffective|p1a: Aerodactyl|1
|-damage|p1a: Aerodactyl|6/100
|
|t:|1784567064
|switch|p2a: Floette|Floette-Eternal, L50, F|100/100|[from] Flip Turn
|move|p2b: Garchomp|Dragon Claw|p1b: Archaludon
|-activate|p1b: Archaludon|move: Protect
|move|p1a: Aerodactyl|Tailwind|p1a: Aerodactyl
|-sidestart|p1: lanagram|move: Tailwind
|
|-heal|p1b: Archaludon|29/100|[from] item: Leftovers
|upkeep
|turn|4
|inactive|lanagram has 30 seconds left.
|inactive|littlepotato13 has 30 seconds left.
|inactive|lanagram has 20 seconds left.
|inactive|lanagram has 15 seconds left.
|
|t:|1784567109
|detailschange|p2a: Floette|Floette-Mega, L50, F
|-mega|p2a: Floette|Floette|Floettite
|-ability|p2a: Floette|Fairy Aura
|move|p1b: Archaludon|Protect|p1b: Archaludon
|-singleturn|p1b: Archaludon|Protect
|move|p1a: Aerodactyl|Dual Wingbeat|p2b: Garchomp
|-damage|p2b: Garchomp|46/100
|-damage|p1a: Aerodactyl|0 fnt|[from] ability: Rough Skin|[of] p2b: Garchomp
|faint|p1a: Aerodactyl
|-hitcount|p2b: Garchomp|1
|move|p2b: Garchomp|Dragon Claw|p1b: Archaludon
|-activate|p1b: Archaludon|move: Protect
|move|p2a: Floette|Moonblast|p1b: Archaludon
|-activate|p1b: Archaludon|move: Protect
|
|-heal|p1b: Archaludon|35/100|[from] item: Leftovers
|upkeep
|
|t:|1784567129
|switch|p1a: Sneasler|Sneasler, L50, M|87/100
|turn|5
|inactive|lanagram has 30 seconds left.
|inactive|littlepotato13 has 30 seconds left.
|inactive|lanagram has 20 seconds left.
|inactive|lanagram has 15 seconds left.
|inactive|lanagram has 10 seconds left.
|
|t:|1784567175
|switch|p1b: Pelipper|Pelipper, L50, M|100/100
|-weather|RainDance|[from] ability: Drizzle|[of] p1b: Pelipper
|move|p1a: Sneasler|Fake Out|p2b: Garchomp
|-damage|p2b: Garchomp|31/100
|-damage|p1a: Sneasler|75/100|[from] ability: Rough Skin|[of] p2b: Garchomp
|cant|p2b: Garchomp|flinch
|move|p2a: Floette|Dazzling Gleam|p1b: Pelipper|[spread] p1a,p1b
|-damage|p1a: Sneasler|10/100
|-damage|p1b: Pelipper|35/100
|
|-weather|RainDance|[upkeep]
|-sideend|p2: littlepotato13|move: Tailwind
|upkeep
|turn|6
|
|t:|1784567189
|move|p2b: Garchomp|Protect|p2b: Garchomp
|-singleturn|p2b: Garchomp|Protect
|move|p2a: Floette|Protect|p2a: Floette
|-singleturn|p2a: Floette|Protect
|move|p1a: Sneasler|Poison Jab|p2a: Floette
|-activate|p2a: Floette|move: Protect
|move|p1b: Pelipper|Weather Ball|p2b: Garchomp
|-activate|p2b: Garchomp|move: Protect
|
|-weather|RainDance|[upkeep]
|-sideend|p1: lanagram|move: Tailwind
|upkeep
|turn|7
|
|t:|1784567205
|move|p1a: Sneasler|Poison Jab|p2a: Floette
|-supereffective|p2a: Floette|1
|-damage|p2a: Floette|13/100
|move|p2b: Garchomp|Dragon Claw|p1b: Pelipper
|-damage|p1b: Pelipper|0 fnt
|faint|p1b: Pelipper
|-damage|p2b: Garchomp|21/100|[from] item: Life Orb
|move|p2a: Floette|Dazzling Gleam|p1a: Sneasler
|-damage|p1a: Sneasler|0 fnt
|faint|p1a: Sneasler
|
|-weather|RainDance|[upkeep]
|upkeep
|-message|lanagram forfeited.
|
|win|littlepotato13
|l|☆lanagram
|player|p1|
||littlepotato13 is ready for game 2.
