|j|☆Welwitchia
|j|☆Lemon468881
|html|WelwitchiaLemon468881    
|uhtml|bestof|Game 1 of a best-of-3
|t:|1782722554
|gametype|doubles
|player|p1|Welwitchia|pokemonbreeder-gen4|1065
|player|p2|Lemon468881|102|1107
|gen|9
|tier|[Gen 9 Champions] VGC 2026 Reg M-B (Bo3)
|rated|
|rule|Species Clause: Limit one of each Pokémon
|rule|Item Clause: Limit 1 of each item
|clearpoke
|poke|p1|Banette, L50, F, shiny|
|poke|p1|Umbreon, L50, M|
|poke|p1|Blastoise, L50, F, shiny|
|poke|p1|Charizard, L50, M|
|poke|p1|Hatterene, L50, F, shiny|
|poke|p1|Venusaur, L50, M|
|poke|p2|Staraptor, L50, F|
|poke|p2|Torkoal, L50, M|
|poke|p2|Oranguru, L50, M|
|poke|p2|Grimmsnarl, L50, M|
|poke|p2|Basculegion, L50, M|
|poke|p2|Corviknight, L50, F|
|teampreview|4
|showteam|p1|Banette||Banettite|CursedBody|SkitterSmack,Disable,FoulPlay,DestinyBond|Careful||F|||50|]Umbreon||MentalHerb|InnerFocus|FoulPlay,Swagger,Toxic,Tickle|Calm||M|||50|]Blastoise||MysticWater|RainDish|MuddyWater,FakeOut,IceBeam,AquaJet|Quiet||F|||50|]Charizard||CharizarditeY|Blaze|AirSlash,SolarBeam,HeatWave,RockSlide|Hasty||M|||50|]Hatterene||FairyFeather|MagicBounce|MagicPowder,TrickRoom,DazzlingGleam,LifeDew|Sassy||F|||50|]Venusaur||Leftovers|Chlorophyll|WorrySeed,SweetScent,SleepPowder,AcidSpray|Timid||M|||50|
|showteam|p2|Staraptor||Staraptite|Intimidate|CloseCombat,BraveBird,Tailwind,Protect|Adamant||F|||50|]Torkoal||Charcoal|Drought|Eruption,HeatWave,SolarBeam,Protect|Quiet||M|||50|]Oranguru||ColburBerry|InnerFocus|Instruct,Psychic,TrickRoom,Protect|Bold||M|||50|]Grimmsnarl||FocusSash|Prankster|FoulPlay,LightScreen,Reflect,PartingShot|Impish||M|||50|]Basculegion||ChoiceScarf|Adaptability|LastRespects,FlipTurn,WaveCrash,AquaJet|Adamant||M|||50|]Corviknight||SitrusBerry|MirrorArmor|IronHead,BodyPress,IronDefense,Protect|Careful||F|||50|
|
|t:|1782722587
|teamsize|p1|4
|teamsize|p2|4
|start
|switch|p1a: Banette|Banette, L50, F, shiny|100/100
|switch|p1b: Umbreon|Umbreon, L50, M|100/100
|switch|p2a: Oranguru|Oranguru, L50, M|100/100
|switch|p2b: Torkoal|Torkoal, L50, M|100/100
|-weather|SunnyDay|[from] ability: Drought|[of] p2b: Torkoal
|turn|1
|
|t:|1782722613
|detailschange|p1a: Banette|Banette-Mega, L50, F, shiny
|-mega|p1a: Banette|Banette|Banettite
|move|p2b: Torkoal|Protect|p2b: Torkoal
|-singleturn|p2b: Torkoal|Protect
|move|p1a: Banette|Destiny Bond|p1a: Banette
|-singlemove|p1a: Banette|Destiny Bond
|move|p1b: Umbreon|Toxic|p2a: Oranguru
|-status|p2a: Oranguru|tox
|move|p2a: Oranguru|Trick Room|p2a: Oranguru
|-fieldstart|move: Trick Room|[of] p2a: Oranguru
|
|-weather|SunnyDay|[upkeep]
|-damage|p2a: Oranguru|93/100 tox|[from] psn
|upkeep
|turn|2
|
|t:|1782722637
|move|p2b: Torkoal|Eruption|p1b: Umbreon|[spread] p1a,p1b
|-damage|p1a: Banette|32/100
|-damage|p1b: Umbreon|56/100
|move|p2a: Oranguru|Instruct|p2b: Torkoal
|-singleturn|p2b: Torkoal|move: Instruct|[of] p2a: Oranguru
|move|p2b: Torkoal|Eruption|p1a: Banette|[spread] p1a,p1b
|-damage|p1a: Banette|0 fnt
|-damage|p1b: Umbreon|12/100
|faint|p1a: Banette
|-activate|p1a: Banette|move: Destiny Bond
|faint|p2b: Torkoal
|move|p1b: Umbreon|Toxic|p2a: Oranguru
|-fail|p2a: Oranguru|tox
|
|-weather|SunnyDay|[upkeep]
|-damage|p2a: Oranguru|81/100 tox|[from] psn
|upkeep
|
|t:|1782722654
|switch|p2b: Staraptor|Staraptor, L50, F|100/100
|switch|p1a: Charizard|Charizard, L50, M|100/100
|-ability|p2b: Staraptor|Intimidate|boost
|-unboost|p1a: Charizard|atk|1
|-fail|p1b: Umbreon|unboost|Attack|[from] ability: Inner Focus|[of] p1b: Umbreon
|turn|3
|
|t:|1782722668
|detailschange|p2b: Staraptor|Staraptor-Mega, L50, F
|-mega|p2b: Staraptor|Staraptor|Staraptite
|move|p2b: Staraptor|Protect|p2b: Staraptor
|-singleturn|p2b: Staraptor|Protect
|move|p2a: Oranguru|Psychic|p1a: Charizard
|-damage|p1a: Charizard|60/100
|-unboost|p1a: Charizard|spd|1
|move|p1b: Umbreon|Swagger|p2b: Staraptor
|-activate|p2b: Staraptor|move: Protect
|move|p1a: Charizard|Air Slash|p2b: Staraptor
|-activate|p2b: Staraptor|move: Protect
|
|-weather|SunnyDay|[upkeep]
|-damage|p2a: Oranguru|63/100 tox|[from] psn
|upkeep
|turn|4
|
|t:|1782722689
|move|p2a: Oranguru|Instruct|p2b: Staraptor
|-singleturn|p2b: Staraptor|move: Instruct|[of] p2a: Oranguru
|move|p2b: Staraptor|Protect||[still]
|-fail|p2b: Staraptor
|move|p1b: Umbreon|Swagger|p2b: Staraptor|[miss]
|-miss|p1b: Umbreon|p2b: Staraptor
|move|p2b: Staraptor|Close Combat|p1b: Umbreon
|-supereffective|p1b: Umbreon|1
|-damage|p1b: Umbreon|0 fnt
|-boost|p2b: Staraptor|def|1
|-boost|p2b: Staraptor|spd|1
|faint|p1b: Umbreon
|move|p1a: Charizard|Air Slash|p2b: Staraptor
|-supereffective|p2b: Staraptor|1
|-damage|p2b: Staraptor|52/100
|
|-weather|SunnyDay|[upkeep]
|-damage|p2a: Oranguru|39/100 tox|[from] psn
|upkeep
|
|t:|1782722704
|switch|p1b: Venusaur|Venusaur, L50, M|100/100
|turn|5
|
|t:|1782722713
|move|p2a: Oranguru|Instruct|p2b: Staraptor
|-singleturn|p2b: Staraptor|move: Instruct|[of] p2a: Oranguru
|move|p2b: Staraptor|Close Combat|p1b: Venusaur
|-resisted|p1b: Venusaur|1
|-damage|p1b: Venusaur|63/100
|-boost|p2b: Staraptor|def|1
|-boost|p2b: Staraptor|spd|1
|move|p2b: Staraptor|Brave Bird|p1b: Venusaur
|-supereffective|p1b: Venusaur|1
|-damage|p1b: Venusaur|0 fnt
|faint|p1b: Venusaur
|-damage|p2b: Staraptor|31/100|[from] Recoil
|move|p1a: Charizard|Air Slash|p2b: Staraptor
|-supereffective|p2b: Staraptor|1
|-damage|p2b: Staraptor|0 fnt
|faint|p2b: Staraptor
|
|-weather|none
|-damage|p2a: Oranguru|8/100 tox|[from] psn
|-fieldend|move: Trick Room
|upkeep
|
|t:|1782722733
|switch|p2b: Basculegion|Basculegion, L50, M|100/100
|turn|6
|
|t:|1782722748
|move|p2b: Basculegion|Wave Crash|p1a: Charizard
|-supereffective|p1a: Charizard|1
|-damage|p1a: Charizard|0 fnt
|faint|p1a: Charizard
|-damage|p2b: Basculegion|84/100|[from] Recoil
|
|win|Lemon468881
