|j|☆bruno.185
|j|☆Squint_TT
|html|bruno.185Squint_TT    
|uhtml|bestof|Game 3 of a best-of-3
|t:|1783784073
|gametype|doubles
|player|p1|bruno.185|steven|
|player|p2|Squint_TT|170|
|gen|9
|tier|[Gen 9 Champions] VGC 2026 Reg M-B (Bo3)
|rule|Species Clause: Limit one of each Pokémon
|rule|Item Clause: Limit 1 of each item
|clearpoke
|poke|p1|Pyroar, L50, F, shiny|
|poke|p1|Sableye, L50, M, shiny|
|poke|p1|Swampert, L50, M, shiny|
|poke|p1|Aggron, L50, M, shiny|
|poke|p1|Maushold, L50, shiny|
|poke|p1|Decidueye, L50, F, shiny|
|poke|p2|Eelektross, L50, M|
|poke|p2|Oranguru, L50, F|
|poke|p2|Sylveon, L50, F|
|poke|p2|Drampa, L50, M|
|poke|p2|Kingambit, L50, M|
|poke|p2|Mimikyu, L50, M|
|teampreview|4
|showteam|p1|Pyroar||Pyroarite|Rivalry|FlameCharge,ScorchingSands,HeatWave,HyperVoice|Timid||F|||50|]Sableye||LightClay|Prankster|SunnyDay,LightScreen,Reflect,KnockOff|Impish||M|||50|]Swampert||RindoBerry|Torrent|Protect,RockSlide,WaveCrash,Earthquake|Adamant||M|||50|]Aggron||Leftovers|HeavyMetal|HeavySlam,Protect,RockSlide,StealthRock|Careful||M|||50|]Maushold||KingsRock|Technician|BulletSeed,PopulationBomb,TidyUp,Protect|Jolly|||||50|]Decidueye||ExpertBelt|LongReach|SpiritShackle,ShadowSneak,SolarBeam,Protect|Sassy||F|||50|
|showteam|p2|Eelektross||Eelektrossite|Levitate|Protect,Thunderbolt,Flamethrower,GigaDrain|Quiet||M|||50|]Oranguru||MentalHerb|InnerFocus|Protect,Instruct,TrickRoom,Psychic|Sassy||F|||50|]Sylveon||FairyFeather|Pixilate|HyperVoice,HyperBeam,Protect,QuickAttack|Sassy||F|||50|]Drampa||Drampanite|CloudNine|HyperVoice,EarthPower,Protect,CalmMind|Quiet||M|||50|]Kingambit||ChopleBerry|Defiant|SuckerPunch,IronHead,KowtowCleave,Protect|Brave||M|||50|]Mimikyu||FocusSash|Disguise|TrickRoom,DestinyBond,PlayRough,Copycat|Brave||M|||50|
|c|☆bruno.185|I thought you dtill had a mon left..
|c|☆Squint_TT|LOL
|c|☆Squint_TT|All good
|
|t:|1783784093
|teamsize|p1|4
|teamsize|p2|4
|start
|switch|p1a: Maushold|Maushold, L50, shiny|100/100
|switch|p1b: Sableye|Sableye, L50, M, shiny|100/100
|switch|p2a: Mimikyu|Mimikyu, L50, M|100/100
|switch|p2b: Sylveon|Sylveon, L50, F|100/100
|turn|1
|
|t:|1783784105
|move|p1b: Sableye|Light Screen|p1b: Sableye
|-sidestart|p1: bruno.185|move: Light Screen
|move|p1a: Maushold|Bullet Seed|p2a: Mimikyu
|-activate|p2a: Mimikyu|ability: Disguise
|-damage|p2a: Mimikyu|100/100
|detailschange|p2a: Mimikyu|Mimikyu-Busted, L50, M
|-damage|p2a: Mimikyu|87/100|[from] pokemon: Mimikyu-Busted
|-damage|p2a: Mimikyu|75/100
|-hitcount|p2a: Mimikyu|2
|move|p2b: Sylveon|Hyper Voice|p1b: Sableye|[spread] p1a,p1b
|-supereffective|p1b: Sableye|1
|-damage|p1a: Maushold|62/100
|-damage|p1b: Sableye|21/100
|move|p2a: Mimikyu|Trick Room|p2a: Mimikyu
|-fieldstart|move: Trick Room|[of] p2a: Mimikyu
|
|upkeep
|turn|2
|
|t:|1783784133
|move|p1b: Sableye|Knock Off|p2a: Mimikyu
|-damage|p2a: Mimikyu|41/100
|-enditem|p2a: Mimikyu|Focus Sash|[from] move: Knock Off|[of] p1b: Sableye
|move|p2b: Sylveon|Hyper Voice|p1a: Maushold|[spread] p1a,p1b
|-supereffective|p1b: Sableye|1
|-damage|p1a: Maushold|27/100
|-damage|p1b: Sableye|0 fnt
|faint|p1b: Sableye
|move|p2a: Mimikyu|Copycat|p2a: Mimikyu
|move|p2a: Mimikyu|Hyper Voice|p1a: Maushold|[from] move: Copycat
|-damage|p1a: Maushold|14/100
|move|p1a: Maushold|Population Bomb|p2b: Sylveon
|-damage|p2b: Sylveon|86/100
|-damage|p2b: Sylveon|72/100
|-damage|p2b: Sylveon|58/100
|-damage|p2b: Sylveon|45/100
|-damage|p2b: Sylveon|31/100
|-damage|p2b: Sylveon|17/100
|-damage|p2b: Sylveon|5/100
|-damage|p2b: Sylveon|0 fnt
|faint|p2b: Sylveon
|-hitcount|p2: Sylveon|8
|
|upkeep
|
|t:|1783784159
|switch|p1b: Swampert|Swampert, L50, M, shiny|100/100
|switch|p2b: Drampa|Drampa, L50, M|100/100
|-ability|p2b: Drampa|Cloud Nine
|turn|3
|
|t:|1783784172
|detailschange|p2b: Drampa|Drampa-Mega, L50, M
|-mega|p2b: Drampa|Drampa|Drampanite
|move|p1a: Maushold|Protect|p1a: Maushold
|-singleturn|p1a: Maushold|Protect
|move|p2b: Drampa|Hyper Voice|p1b: Swampert|[spread] p1b
|-activate|p1a: Maushold|move: Protect
|-damage|p1b: Swampert|70/100
|move|p1b: Swampert|Earthquake|p2a: Mimikyu|[spread] p2a,p2b
|-activate|p1a: Maushold|move: Protect
|-crit|p2b: Drampa
|-damage|p2a: Mimikyu|0 fnt
|-damage|p2b: Drampa|49/100
|faint|p2a: Mimikyu
|-ability|p2b: Drampa|Berserk|boost
|-boost|p2b: Drampa|spa|1
|
|upkeep
|
|t:|1783784185
|switch|p2a: Oranguru|Oranguru, L50, F|100/100
|turn|4
|
|t:|1783784197
|move|p2b: Drampa|Hyper Voice|p1b: Swampert|[spread] p1a,p1b
|-damage|p1a: Maushold|0 fnt
|-damage|p1b: Swampert|27/100
|faint|p1a: Maushold
|move|p2a: Oranguru|Instruct|p2b: Drampa
|-singleturn|p2b: Drampa|move: Instruct|[of] p2a: Oranguru
|move|p2b: Drampa|Hyper Voice|p1b: Swampert
|-damage|p1b: Swampert|0 fnt
|faint|p1b: Swampert
|
|upkeep
|
|t:|1783784207
|switch|p1b: Pyroar|Pyroar, L50, F, shiny|100/100
|turn|5
|
|t:|1783784216
|detailschange|p1b: Pyroar|Pyroar-Mega, L50, F, shiny
|-mega|p1b: Pyroar|Pyroar|Pyroarite
|move|p2b: Drampa|Earth Power|p1b: Pyroar
|-supereffective|p1b: Pyroar|1
|-damage|p1b: Pyroar|0 fnt
|faint|p1b: Pyroar
|
|win|Squint_TT
|c|☆Squint_TT|ggs
|c|☆bruno.185|ggs
|c|☆bruno.185|You got the replays?
|c|☆Squint_TT|Yeah I've not left the matched
|c|☆Squint_TT|What do I do with them
|c|☆Squint_TT|matches*
|c|☆bruno.185|They said they want them in the server
|c|☆bruno.185|Ive not left either
|c|☆bruno.185|I can do it if you want
