|j|☆kdan_7
|j|☆JNEST
|html|kdan_7JNEST    
|uhtml|bestof|Game 2 of a best-of-3
|t:|1756420820
|gametype|doubles
|player|p1|kdan_7|shauntal|1282
|player|p2|JNEST|veteran-gen4|1243
|gen|9
|tier|[Gen 9] VGC 2025 Reg H (Bo3)
|rated|
|rule|Species Clause: Limit one of each Pokémon
|rule|Item Clause: Limit 1 of each item
|clearpoke
|poke|p1|Amoonguss, L50, M|
|poke|p1|Sneasler, L50, F|
|poke|p1|Gholdengo, L50|
|poke|p1|Incineroar, L50, M|
|poke|p1|Ursaluna-Bloodmoon, L50, M|
|poke|p1|Dragonite, L50, F|
|poke|p2|Weezing, L50, M|
|poke|p2|Indeedee, L50, M|
|poke|p2|Ursaluna-Bloodmoon, L50, M|
|poke|p2|Annihilape, L50, M|
|poke|p2|Tyranitar, L50, M|
|poke|p2|Corviknight, L50, M|
|teampreview|4
|showteam|p1|Amoonguss||SitrusBerry|Regenerator|RagePowder,Spore,PollenPuff,Protect|||M|||50|,,,,,Psychic]Sneasler||FocusSash|Unburden|Protect,DireClaw,CloseCombat,ThroatChop|||F|||50|,,,,,Stellar]Gholdengo||LifeOrb|GoodasGold|Protect,MakeItRain,ShadowBall,NastyPlot||||||50|,,,,,Water]Incineroar||SafetyGoggles|Intimidate|KnockOff,PartingShot,FlareBlitz,FakeOut|||M|||50|,,,,,Ghost]Ursaluna-Bloodmoon||AssaultVest|MindsEye|BloodMoon,EarthPower,VacuumWave,HyperVoice|||M|||50|,,,,,Water]Dragonite||LoadedDice|Multiscale|ScaleShot,Tailwind,Haze,Protect|||F|||50|,,,,,Fairy
|showteam|p2|Weezing||SitrusBerry|NeutralizingGas|Protect,Taunt,WillOWisp,SludgeBomb|||M|||50|,,,,,Ghost]Indeedee||ChoiceScarf|PsychicSurge|ExpandingForce,TeraBlast,Trick,HyperVoice|||M|||50|,,,,,Fighting]Ursaluna-Bloodmoon||LifeOrb|MindsEye|Protect,HyperVoice,EarthPower,BloodMoon|||M|||50|,,,,,Normal]Annihilape||SafetyGoggles|Defiant|Taunt,RageFist,CloseCombat,FinalGambit|||M|||50|,,,,,Fairy]Tyranitar||AssaultVest|SandStream|RockSlide,KnockOff,TeraBlast,LowKick|||M|||50|,,,,,Flying]Corviknight||Leftovers|MirrorArmor|BraveBird,Tailwind,Roost,BulkUp|||M|||50|,,,,,Dragon
|inactive|Battle timer is ON: inactive players will automatically lose when time's up. (requested by JNEST)
|
|t:|1756420832
|teamsize|p1|4
|teamsize|p2|4
|start
|switch|p1a: Golden Wind|Dragonite, L50, F|100/100
|switch|p1b: Say Cheese|Gholdengo, L50|100/100
|switch|p2a: Tyranitar|Tyranitar, L50, M|100/100
|switch|p2b: Corviknight|Corviknight, L50, M|100/100
|-weather|Sandstorm|[from] ability: Sand Stream|[of] p2a: Tyranitar
|turn|1
|
|t:|1756420845
|-terastallize|p1b: Say Cheese|Water
|-terastallize|p2a: Tyranitar|Flying
|move|p1b: Say Cheese|Nasty Plot|p1b: Say Cheese
|-boost|p1b: Say Cheese|spa|2
|move|p1a: Golden Wind|Tailwind|p1a: Golden Wind
|-sidestart|p1: kdan_7|move: Tailwind
|move|p2a: Tyranitar|Knock Off|p1a: Golden Wind
|-damage|p1a: Golden Wind|68/100
|-enditem|p1a: Golden Wind|Loaded Dice|[from] move: Knock Off|[of] p2a: Tyranitar
|move|p2b: Corviknight|Tailwind|p2b: Corviknight
|-sidestart|p2: JNEST|move: Tailwind
|
|-weather|Sandstorm|[upkeep]
|-damage|p1b: Say Cheese|94/100|[from] Sandstorm
|-damage|p1a: Golden Wind|62/100|[from] Sandstorm
|-damage|p2a: Tyranitar|95/100|[from] Sandstorm
|upkeep
|turn|2
|
|t:|1756420863
|move|p1b: Say Cheese|Shadow Ball|p2a: Tyranitar
|-damage|p2a: Tyranitar|33/100
|-damage|p1b: Say Cheese|85/100|[from] item: Life Orb
|move|p1a: Golden Wind|Scale Shot|p2a: Tyranitar
|-damage|p2a: Tyranitar|19/100
|-damage|p2a: Tyranitar|7/100
|-damage|p2a: Tyranitar|0 fnt
|faint|p2a: Tyranitar
|-hitcount|p2: Tyranitar|3
|-unboost|p1a: Golden Wind|def|1
|-boost|p1a: Golden Wind|spe|1
|move|p2b: Corviknight|Brave Bird|p1b: Say Cheese
|-damage|p1b: Say Cheese|36/100
|-damage|p2b: Corviknight|86/100|[from] Recoil
|
|-weather|Sandstorm|[upkeep]
|-damage|p1a: Golden Wind|56/100|[from] Sandstorm
|-damage|p1b: Say Cheese|30/100|[from] Sandstorm
|-heal|p2b: Corviknight|92/100|[from] item: Leftovers
|upkeep
|
|t:|1756420872
|switch|p2a: Indeedee|Indeedee, L50, M|100/100
|-fieldstart|move: Psychic Terrain|[from] ability: Psychic Surge|[of] p2a: Indeedee
|turn|3
|
|t:|1756420881
|move|p2a: Indeedee|Expanding Force|p1a: Golden Wind|[spread] p1a,p1b
|-damage|p1a: Golden Wind|0 fnt
|-damage|p1b: Say Cheese|0 fnt
|faint|p1a: Golden Wind
|faint|p1b: Say Cheese
|move|p2b: Corviknight|Bulk Up|p2b: Corviknight
|-boost|p2b: Corviknight|atk|1
|-boost|p2b: Corviknight|def|1
|
|-weather|Sandstorm|[upkeep]
|-damage|p2a: Indeedee|95/100|[from] Sandstorm
|-heal|p2b: Corviknight|98/100|[from] item: Leftovers
|upkeep
|
|t:|1756420886
|switch|p1b: Tony|Ursaluna-Bloodmoon, L50, M|100/100
|switch|p1a: 8|Sneasler, L50, F|100/100
|turn|4
|
|t:|1756420896
|move|p1a: 8|Protect|p1a: 8
|-singleturn|p1a: 8|Protect
|move|p2a: Indeedee|Expanding Force|p1a: 8|[spread] p1b
|-activate|p1a: 8|move: Protect
|-damage|p1b: Tony|62/100
|move|p2b: Corviknight|Brave Bird|p1b: Tony
|-damage|p1b: Tony|8/100
|-damage|p2b: Corviknight|80/100|[from] Recoil
|move|p1b: Tony|Blood Moon|p2a: Indeedee
|-damage|p2a: Indeedee|0 fnt
|faint|p2a: Indeedee
|
|-weather|Sandstorm|[upkeep]
|-damage|p1a: 8|95/100|[from] Sandstorm
|-heal|p2b: Corviknight|86/100|[from] item: Leftovers
|-sideend|p1: kdan_7|move: Tailwind
|-sideend|p2: JNEST|move: Tailwind
|upkeep
|
|t:|1756420905
|switch|p2a: Annihilape|Annihilape, L50, M|100/100
|turn|5
|
|t:|1756420916
|move|p1a: 8|Dire Claw|p2a: Annihilape
|-resisted|p2a: Annihilape
|-damage|p2a: Annihilape|79/100
|-status|p2a: Annihilape|par
|move|p2b: Corviknight|Brave Bird|p1a: 8
|-supereffective|p1a: 8
|-damage|p1a: 8|0 fnt
|faint|p1a: 8
|-damage|p2b: Corviknight|61/100|[from] Recoil
|move|p1b: Tony|Hyper Voice|p2a: Annihilape|[spread] p2a,p2b
|-resisted|p2b: Corviknight
|-damage|p2a: Annihilape|42/100 par
|-damage|p2b: Corviknight|44/100
|move|p2a: Annihilape|Close Combat|p1b: Tony
|-supereffective|p1b: Tony
|-damage|p1b: Tony|0 fnt
|-unboost|p2a: Annihilape|def|1
|-unboost|p2a: Annihilape|spd|1
|faint|p1b: Tony
|
|win|JNEST
|raw|kdan_7's rating: 1282 → 1254(-28 for losing)
|raw|JNEST's rating: 1243 → 1271(+28 for winning)
|l|☆kdan_7
|player|p1|
