|j|☆palle synchro
|j|☆RustyTacos27
|html|palle synchroRustyTacos27    
|uhtml|bestof|Game 3 of a best-of-3
|t:|1754224518
|gametype|doubles
|player|p1|palle synchro|volkner|1238
|player|p2|RustyTacos27|102|1149
|gen|9
|tier|[Gen 9] VGC 2025 Reg H (Bo3)
|rated|
|rule|Species Clause: Limit one of each Pokémon
|rule|Item Clause: Limit 1 of each item
|clearpoke
|poke|p1|Whimsicott, L50, F|
|poke|p1|Arcanine-Hisui, L50, M|
|poke|p1|Indeedee, L50, M|
|poke|p1|Sneasler, L50, F|
|poke|p1|Ursaluna-Bloodmoon, L50, M|
|poke|p1|Archaludon, L50, M|
|poke|p2|Grimmsnarl, L50, M|
|poke|p2|Gholdengo, L50|
|poke|p2|Maushold-Four, L50|
|poke|p2|Pelipper, L50, M|
|poke|p2|Dragonite, L50, M|
|poke|p2|Archaludon, L50, F|
|teampreview|4
|showteam|p1|Whimsicott||CovertCloak|Prankster|Moonblast,Taunt,Tailwind,FakeTears|||F|||50|,,,,,Water]Arcanine-Hisui||ClearAmulet|Intimidate|FlareBlitz,RockSlide,HeadSmash,Protect|||M|||50|,,,,,Ghost]Indeedee||FocusSash|PsychicSurge|ExpandingForce,TeraBlast,Imprison,TrickRoom|||M|||50|,,,,,Psychic]Sneasler||PsychicSeed|Unburden|CloseCombat,DireClaw,ThroatChop,Protect|||F|||50|,,,,,Dark]Ursaluna-Bloodmoon||LifeOrb|MindsEye|HyperVoice,BloodMoon,EarthPower,Protect|||M|||50|,,,,,Normal]Archaludon||PowerHerb|Sturdy|ElectroShot,DragonPulse,Thunderbolt,Protect|||M|||50|,,,,,Electric
|showteam|p2|Grimmsnarl||LightClay|Prankster|Reflect,LightScreen,ThunderWave,FoulPlay|||M|||50|,,,,,Ghost]Gholdengo||LifeOrb|GoodasGold|MakeItRain,ShadowBall,NastyPlot,Protect||||||50|,,,,,Water]Maushold-Four||SafetyGoggles|FriendGuard|BeatUp,FollowMe,SuperFang,Protect||||||50|,,,,,Ghost]Pelipper||FocusSash|Drizzle|Hurricane,MuddyWater,Tailwind,Protect|||M|||50|,,,,,Ground]Dragonite||LoadedDice|Multiscale|ScaleShot,ExtremeSpeed,Tailwind,Protect|||M|||50|,,,,,Steel]Archaludon||AssaultVest|Stamina|DragonPulse,ElectroShot,BodyPress,Snarl|||F|||50|,,,,,Bug
|inactive|Battle timer is ON: inactive players will automatically lose when time's up. (requested by palle synchro)
|
|t:|1754224542
|teamsize|p1|4
|teamsize|p2|4
|start
|switch|p1a: Ursaluna|Ursaluna-Bloodmoon, L50, M|100/100
|switch|p1b: Whimsicott|Whimsicott, L50, F|100/100
|switch|p2a: Grimmsnarl|Grimmsnarl, L50, M|100/100
|switch|p2b: Gholdengo|Gholdengo, L50|100/100
|turn|1
|inactive|palle synchro has 30 seconds left.
|
|t:|1754224569
|-terastallize|p1b: Whimsicott|Water
|-terastallize|p2b: Gholdengo|Water
|move|p1b: Whimsicott|Tailwind|p1b: Whimsicott
|-sidestart|p1: palle synchro|move: Tailwind
|move|p2a: Grimmsnarl|Thunder Wave|p1b: Whimsicott
|-status|p1b: Whimsicott|par
|move|p1a: Ursaluna|Earth Power|p2b: Gholdengo
|-damage|p2b: Gholdengo|24/100
|-damage|p1a: Ursaluna|91/100|[from] item: Life Orb
|move|p2b: Gholdengo|Make It Rain|p1a: Ursaluna|[spread] p1a,p1b
|-resisted|p1b: Whimsicott
|-damage|p1a: Ursaluna|18/100
|-damage|p1b: Whimsicott|60/100 par
|-unboost|p2b: Gholdengo|spa|1
|-damage|p2b: Gholdengo|15/100|[from] item: Life Orb
|
|upkeep
|turn|2
|
|t:|1754224590
|switch|p2b: Archaludon|Archaludon, L50, F|100/100
|move|p2a: Grimmsnarl|Light Screen|p2a: Grimmsnarl
|-sidestart|p2: RustyTacos27|move: Light Screen
|move|p1a: Ursaluna|Hyper Voice|p2b: Archaludon|[spread] p2a,p2b
|-resisted|p2b: Archaludon
|-damage|p2a: Grimmsnarl|73/100
|-damage|p2b: Archaludon|85/100
|-ability|p2b: Archaludon|Stamina|boost
|-boost|p2b: Archaludon|def|1
|-damage|p1a: Ursaluna|8/100|[from] item: Life Orb
|move|p1b: Whimsicott|Moonblast|p2a: Grimmsnarl
|-supereffective|p2a: Grimmsnarl
|-damage|p2a: Grimmsnarl|42/100
|
|upkeep
|turn|3
|inactive|RustyTacos27 has 30 seconds left.
|inactive|RustyTacos27 has 20 seconds left.
|
|t:|1754224626
|switch|p2b: Dragonite|Dragonite, L50, M|100/100
|move|p1b: Whimsicott|Fake Tears|p2b: Dragonite
|-unboost|p2b: Dragonite|spd|2
|move|p2a: Grimmsnarl|Reflect|p2a: Grimmsnarl
|-sidestart|p2: RustyTacos27|Reflect
|move|p1a: Ursaluna|Earth Power|p2b: Dragonite
|-immune|p2b: Dragonite
|
|upkeep
|turn|4
|
|t:|1754224643
|move|p2b: Dragonite|Extreme Speed|p1a: Ursaluna
|-damage|p1a: Ursaluna|0 fnt
|faint|p1a: Ursaluna
|cant|p1b: Whimsicott|par
|move|p2a: Grimmsnarl|Foul Play|p1b: Whimsicott
|-damage|p1b: Whimsicott|38/100 par
|
|-sideend|p1: palle synchro|move: Tailwind
|upkeep
|
|t:|1754224651
|switch|p1a: Archaludon|Archaludon, L50, M|100/100
|turn|5
|
|t:|1754224675
|move|p2b: Dragonite|Extreme Speed|p1b: Whimsicott
|-damage|p1b: Whimsicott|2/100 par
|move|p1b: Whimsicott|Tailwind|p1b: Whimsicott
|-sidestart|p1: palle synchro|move: Tailwind
|move|p2a: Grimmsnarl|Thunder Wave|p1a: Archaludon
|-status|p1a: Archaludon|par
|cant|p1a: Archaludon|par
|
|upkeep
|turn|6
|c|☆palle synchro|you are like cancer
|inactive|palle synchro has 30 seconds left.
|inactive|palle synchro has 20 seconds left.
|inactive|RustyTacos27 has 30 seconds left.
|
|t:|1754224712
|move|p1b: Whimsicott|Fake Tears|p2b: Dragonite
|-unboost|p2b: Dragonite|spd|2
|move|p1a: Archaludon|Dragon Pulse|p2b: Dragonite
|-supereffective|p2b: Dragonite
|-damage|p2b: Dragonite|0 fnt
|faint|p2b: Dragonite
|move|p2a: Grimmsnarl|Foul Play|p1b: Whimsicott
|-damage|p1b: Whimsicott|0 fnt
|faint|p1b: Whimsicott
|
|upkeep
|
|t:|1754224727
|switch|p1b: Sneasler|Sneasler, L50, F|100/100
|switch|p2b: Archaludon|Archaludon, L50, F|85/100
|turn|7
|
|t:|1754224738
|move|p2a: Grimmsnarl|Thunder Wave|p1b: Sneasler
|-status|p1b: Sneasler|par
|cant|p1b: Sneasler|par
|move|p2b: Archaludon|Body Press|p1a: Archaludon
|-supereffective|p1a: Archaludon
|-damage|p1a: Archaludon|56/100 par
|move|p1a: Archaludon|Dragon Pulse|p2b: Archaludon
|-damage|p2b: Archaludon|60/100
|-ability|p2b: Archaludon|Stamina|boost
|-boost|p2b: Archaludon|def|1
|
|upkeep
|turn|8
|
|t:|1754224758
|move|p1b: Sneasler|Dire Claw|p2a: Grimmsnarl
|-supereffective|p2a: Grimmsnarl
|-damage|p2a: Grimmsnarl|0 fnt
|faint|p2a: Grimmsnarl
|move|p2b: Archaludon|Body Press|p1b: Sneasler
|-resisted|p1b: Sneasler
|-damage|p1b: Sneasler|74/100 par
|cant|p1a: Archaludon|par
|
|-sideend|p1: palle synchro|move: Tailwind
|upkeep
|
|t:|1754224766
|switch|p2a: Gholdengo|Gholdengo, L50, tera:Water|15/100
|turn|9
|
|t:|1754224783
|move|p1a: Archaludon|Protect|p1a: Archaludon
|-singleturn|p1a: Archaludon|Protect
|move|p2b: Archaludon|Body Press|p1a: Archaludon
|-activate|p1a: Archaludon|move: Protect
|move|p2a: Gholdengo|Make It Rain|p1a: Archaludon|[spread] p1b
|-activate|p1a: Archaludon|move: Protect
|-damage|p1b: Sneasler|0 fnt
|-unboost|p2a: Gholdengo|spa|1
|faint|p1b: Sneasler
|-damage|p2a: Gholdengo|5/100|[from] item: Life Orb
|
|-sideend|p2: RustyTacos27|move: Light Screen
|upkeep
|turn|10
|
|t:|1754224797
|move|p2b: Archaludon|Body Press|p1a: Archaludon
|-supereffective|p1a: Archaludon
|-damage|p1a: Archaludon|0 fnt
|faint|p1a: Archaludon
|
|win|RustyTacos27
|raw|palle synchro's rating: 1238 → 1207(-31 for losing)
|raw|RustyTacos27's rating: 1149 → 1180(+31 for winning)
