|j|☆MAEXLE
|j|☆DrXJ13
|html|MAEXLEDrXJ13    
|uhtml|bestof|Game 2 of a best-of-3
|t:|1756985142
|gametype|doubles
|player|p1|MAEXLE|1|1199
|player|p2|DrXJ13|102|1113
|gen|9
|tier|[Gen 9] VGC 2025 Reg H (Bo3)
|rated|
|rule|Species Clause: Limit one of each Pokémon
|rule|Item Clause: Limit 1 of each item
|clearpoke
|poke|p1|Archaludon, L50, F|
|poke|p1|Pelipper, L50, F|
|poke|p1|Gholdengo, L50|
|poke|p1|Basculegion, L50, M|
|poke|p1|Amoonguss, L50, F|
|poke|p1|Incineroar, L50, F|
|poke|p2|Sinistcha, L50|
|poke|p2|Ursaluna-Bloodmoon, L50, M|
|poke|p2|Incineroar, L50, F|
|poke|p2|Sneasler, L50, M|
|poke|p2|Dragonite, L50, F|
|poke|p2|Corviknight, L50, M|
|teampreview|4
|showteam|p1|Archaludon||AssaultVest|Stamina|DragonPulse,Snarl,ElectroShot,BodyPress|||F|||50|,,,,,Grass]Pelipper||FocusSash|Drizzle|Protect,WideGuard,Hurricane,Tailwind|||F|||50|,,,,,Ghost]Gholdengo||LifeOrb|GoodasGold|Protect,MakeItRain,ShadowBall,NastyPlot||||||50|,,,,,Dragon]Basculegion||ChoiceBand|SwiftSwim|FlipTurn,WaveCrash,AquaJet,LastRespects|||M|||50|,,,,,Grass]Amoonguss||RockyHelmet|Regenerator|Spore,RagePowder,PollenPuff,Protect|||F|||50|,,,,,Water]Incineroar||SafetyGoggles|Intimidate|Taunt,PartingShot,FakeOut,KnockOff|||F|||50|,,,,,Ghost
|showteam|p2|Sinistcha||RockyHelmet|Hospitality|MatchaGotcha,ShadowBall,TrickRoom,RagePowder||||||50|,,,,,Water]Ursaluna-Bloodmoon||Leftovers|MindsEye|HyperVoice,EarthPower,CalmMind,Protect|||M|||50|,,,,,Water]Incineroar||SafetyGoggles|Intimidate|FakeOut,KnockOff,FlareBlitz,PartingShot|||F|||50|,,,,,Ghost]Sneasler||FocusSash|Unburden|Coaching,DireClaw,CloseCombat,Protect|||M|||50|,,,,,Stellar]Dragonite||LoadedDice|Multiscale|ScaleShot,ExtremeSpeed,Haze,Protect|||F|||50|,,,,,Fairy]Corviknight||CovertCloak|MirrorArmor|DualWingbeat,Tailwind,IronHead,Taunt|||M|||50|,,,,,Dragon
|inactive|Battle timer is ON: inactive players will automatically lose when time's up. (requested by DrXJ13)
|inactive|MAEXLE has 60 seconds left.
|
|t:|1756985173
|teamsize|p1|4
|teamsize|p2|4
|start
|switch|p1a: Basculegion|Basculegion, L50, M|100/100
|switch|p1b: Pelipper|Pelipper, L50, F|100/100
|switch|p2a: Tuex|Sneasler, L50, M|100/100
|switch|p2b: Onichan|Dragonite, L50, F|100/100
|-weather|RainDance|[from] ability: Drizzle|[of] p1b: Pelipper
|turn|1
|inactive|MAEXLE has 30 seconds left.
|inactive|MAEXLE has 20 seconds left.
|inactive|MAEXLE has 15 seconds left.
|
|t:|1756985215
|move|p1a: Basculegion|Wave Crash|p2b: Onichan
|-resisted|p2b: Onichan
|-damage|p2b: Onichan|62/100
|-damage|p1a: Basculegion|90/100|[from] Recoil
|move|p2a: Tuex|Coaching|p2b: Onichan
|-boost|p2b: Onichan|atk|1
|-boost|p2b: Onichan|def|1
|move|p2b: Onichan|Scale Shot|p1b: Pelipper
|-damage|p1b: Pelipper|74/100
|-damage|p1b: Pelipper|49/100
|-damage|p1b: Pelipper|23/100
|-damage|p1b: Pelipper|0 fnt
|faint|p1b: Pelipper
|-hitcount|p1: Pelipper|4
|-unboost|p2b: Onichan|def|1
|-boost|p2b: Onichan|spe|1
|
|-weather|RainDance|[upkeep]
|upkeep
|inactive|MAEXLE has 30 seconds left.
|inactive|MAEXLE has 20 seconds left.
|inactive|MAEXLE has 15 seconds left.
|
|t:|1756985256
|switch|p1b: Archaludon|Archaludon, L50, F|100/100
|turn|2
|inactive|MAEXLE has 30 seconds left.
|
|t:|1756985281
|switch|p2a: Té (en) tazas|Sinistcha, L50|100/100
|-heal|p2b: Onichan|87/100|[from] ability: Hospitality|[of] p2a: Té (en) tazas
|move|p2b: Onichan|Protect|p2b: Onichan
|-singleturn|p2b: Onichan|Protect
|move|p1a: Basculegion|Wave Crash|p2a: Té (en) tazas
|-resisted|p2a: Té (en) tazas
|-damage|p2a: Té (en) tazas|38/100
|-damage|p1a: Basculegion|74/100|[from] item: Rocky Helmet|[of] p2a: Té (en) tazas
|-damage|p1a: Basculegion|56/100|[from] Recoil
|move|p1b: Archaludon|Snarl|p2b: Onichan|[spread] 
|-activate|p2b: Onichan|move: Protect
|-miss|p1b: Archaludon|p2a: Té (en) tazas
|
|-weather|RainDance|[upkeep]
|upkeep
|turn|3
|inactive|DrXJ13 has 30 seconds left.
|inactive|DrXJ13 has 20 seconds left.
|inactive|DrXJ13 has 15 seconds left.
|
|t:|1756985326
|-terastallize|p2b: Onichan|Fairy
|move|p2a: Té (en) tazas|Rage Powder|p2a: Té (en) tazas
|-singleturn|p2a: Té (en) tazas|move: Rage Powder
|move|p1a: Basculegion|Wave Crash|p2a: Té (en) tazas
|-resisted|p2a: Té (en) tazas
|-damage|p2a: Té (en) tazas|0 fnt
|-damage|p1a: Basculegion|40/100|[from] item: Rocky Helmet|[of] p2a: Té (en) tazas
|faint|p2a: Té (en) tazas
|-damage|p1a: Basculegion|29/100|[from] Recoil
|move|p2b: Onichan|Scale Shot|p1a: Basculegion
|-damage|p1a: Basculegion|3/100
|-damage|p1a: Basculegion|0 fnt
|faint|p1a: Basculegion
|-hitcount|p1: Basculegion|2
|-unboost|p2b: Onichan|def|1
|-boost|p2b: Onichan|spe|1
|move|p1b: Archaludon|Snarl|p2b: Onichan
|-resisted|p2b: Onichan
|-damage|p2b: Onichan|78/100
|-unboost|p2b: Onichan|spa|1
|
|-weather|RainDance|[upkeep]
|upkeep
|
|t:|1756985348
|switch|p1a: Amoonguss|Amoonguss, L50, F|100/100
|switch|p2a: Tuex|Sneasler, L50, M|100/100
|turn|4
|inactive|MAEXLE has 30 seconds left.
|
|t:|1756985374
|move|p2b: Onichan|Scale Shot|p1a: Amoonguss
|-damage|p1a: Amoonguss|84/100
|-damage|p1a: Amoonguss|66/100
|-damage|p1a: Amoonguss|48/100
|-crit|p1a: Amoonguss
|-damage|p1a: Amoonguss|22/100
|-hitcount|p1a: Amoonguss|4
|-unboost|p2b: Onichan|def|1
|-boost|p2b: Onichan|spe|1
|move|p2a: Tuex|Dire Claw|p1a: Amoonguss
|-damage|p1a: Amoonguss|0 fnt
|-damage|p2a: Tuex|84/100|[from] item: Rocky Helmet|[of] p1a: Amoonguss
|faint|p1a: Amoonguss
|move|p1b: Archaludon|Electro Shot||[still]
|-prepare|p1b: Archaludon|Electro Shot
|-boost|p1b: Archaludon|spa|1
|-anim|p1b: Archaludon|Electro Shot|p2b: Onichan
|-damage|p2b: Onichan|17/100
|
|-weather|RainDance|[upkeep]
|upkeep
|turn|5
|
|t:|1756985397
|-terastallize|p1b: Archaludon|Grass
|move|p2b: Onichan|Haze|p2b: Onichan
|-clearallboost
|move|p2a: Tuex|Close Combat|p1b: Archaludon
|-damage|p1b: Archaludon|62/100
|-unboost|p2a: Tuex|def|1
|-unboost|p2a: Tuex|spd|1
|-ability|p1b: Archaludon|Stamina|boost
|-boost|p1b: Archaludon|def|1
|move|p1b: Archaludon|Electro Shot||[still]
|-prepare|p1b: Archaludon|Electro Shot
|-boost|p1b: Archaludon|spa|1
|-anim|p1b: Archaludon|Electro Shot|p2a: Tuex
|-damage|p2a: Tuex|0 fnt
|faint|p2a: Tuex
|
|-weather|none
|upkeep
|
|t:|1756985401
|switch|p2a: Wellington|Ursaluna-Bloodmoon, L50, M|100/100
|turn|6
|
|t:|1756985417
|move|p2b: Onichan|Haze|p2b: Onichan
|-clearallboost
|move|p1b: Archaludon|Body Press|p2b: Onichan
|-resisted|p2b: Onichan
|-damage|p2b: Onichan|2/100
|move|p2a: Wellington|Hyper Voice|p1b: Archaludon
|-damage|p1b: Archaludon|28/100
|-ability|p1b: Archaludon|Stamina|boost
|-boost|p1b: Archaludon|def|1
|
|upkeep
|turn|7
|
|t:|1756985430
|move|p2b: Onichan|Haze|p2b: Onichan
|-clearallboost
|move|p1b: Archaludon|Body Press|p2b: Onichan
|-resisted|p2b: Onichan
|-damage|p2b: Onichan|0 fnt
|faint|p2b: Onichan
|move|p2a: Wellington|Hyper Voice|p1b: Archaludon
|-damage|p1b: Archaludon|0 fnt
|faint|p1b: Archaludon
|
|win|DrXJ13
|raw|MAEXLE's rating: 1199 → 1168(-31 for losing)
|raw|DrXJ13's rating: 1113 → 1144(+31 for winning)
|l|☆MAEXLE
|player|p1|
