|j|☆Zacharykeith
|j|☆danicruz.music
|html|Zacharykeithdanicruz.music    
|uhtml|bestof|Game 2 of a best-of-3
|t:|1757106966
|gametype|doubles
|player|p1|Zacharykeith|fisherman-gen4|1079
|player|p2|danicruz.music|whitney|1109
|gen|9
|tier|[Gen 9] VGC 2025 Reg H (Bo3)
|rated|
|rule|Species Clause: Limit one of each Pokémon
|rule|Item Clause: Limit 1 of each item
|clearpoke
|poke|p1|Ursaluna, L50, F|
|poke|p1|Porygon2, L50|
|poke|p1|Torkoal, L50, F|
|poke|p1|Jumpluff, L50, M|
|poke|p1|Charizard, L50, F|
|poke|p1|Incineroar, L50, M|
|poke|p2|Dondozo, L50, F|
|poke|p2|Tatsugiri-Stretchy, L50, M|
|poke|p2|Pelipper, L50, F|
|poke|p2|Archaludon, L50, M|
|poke|p2|Weezing-Galar, L50, F|
|poke|p2|Dragapult, L50, F|
|teampreview|4
|showteam|p1|Ursaluna||FlameOrb|Guts|Facade,HeadlongRush,Earthquake,Protect|||F|||50|,,,,,Ghost]Porygon2||Eviolite|Download|TeraBlast,IceBeam,TrickRoom,Recover||||||50|,,,,,Fighting]Torkoal||EjectPack|Drought|Eruption,Overheat,HelpingHand,Protect|||F|||50|,,,,,Fire]Jumpluff||CovertCloak|Chlorophyll|SleepPowder,Tailwind,RagePowder,SunnyDay|||M|||50|,,,,,Water]Charizard||ChoiceSpecs|SolarPower|HeatWave,Overheat,WeatherBall,AirSlash|||F|||50|,,,,,Ghost]Incineroar||SafetyGoggles|Intimidate|FakeOut,KnockOff,PartingShot,FlareBlitz|||M|||50|,,,,,Ghost
|showteam|p2|Dondozo||Leftovers|Unaware|WaveCrash,Earthquake,OrderUp,Protect|||F|||50|,,,,,Ground]Tatsugiri-Stretchy||FocusSash|Commander|DragonPulse,DracoMeteor,MuddyWater,IcyWind|||M|||50|,,,,,Fairy]Pelipper||CovertCloak|Drizzle|Hurricane,WeatherBall,WideGuard,Tailwind|||F|||50|,,,,,Fire]Archaludon||PowerHerb|Stalwart|ElectroShot,FlashCannon,DracoMeteor,Protect|||M|||50|,,,,,Electric]Weezing-Galar||RockyHelmet|NeutralizingGas|DazzlingGleam,StrangeSteam,SludgeBomb,Protect|||F|||50|,,,,,Poison]Dragapult||LifeOrb|ClearBody|DragonDarts,Protect,PhantomForce,DoubleEdge|||F|||50|,,,,,Normal
|inactive|Battle timer is ON: inactive players will automatically lose when time's up. (requested by danicruz.music)
|
|t:|1757106988
|teamsize|p1|4
|teamsize|p2|4
|start
|switch|p1a: Torkoal|Torkoal, L50, F|100/100
|switch|p1b: Jumpluff|Jumpluff, L50, M|100/100
|switch|p2a: Weezing|Weezing-Galar, L50, F|100/100
|switch|p2b: Dragapult|Dragapult, L50, F|100/100
|-ability|p2a: Weezing|Neutralizing Gas
|turn|1
|
|t:|1757107006
|move|p2b: Dragapult|Dragon Darts|p1b: Jumpluff
|-damage|p1b: Jumpluff|60/100
|-anim|p2b: Dragapult|Dragon Darts|p1a: Torkoal
|-damage|p1a: Torkoal|75/100
|-damage|p2b: Dragapult|91/100|[from] item: Life Orb
|move|p1b: Jumpluff|Sunny Day|p1b: Jumpluff
|-weather|SunnyDay
|move|p2a: Weezing|Sludge Bomb|p1b: Jumpluff
|-supereffective|p1b: Jumpluff
|-damage|p1b: Jumpluff|0 fnt
|faint|p1b: Jumpluff
|move|p1a: Torkoal|Overheat|p2b: Dragapult|[miss]
|-miss|p1a: Torkoal|p2b: Dragapult
|
|-weather|SunnyDay|[upkeep]
|upkeep
|
|t:|1757107022
|switch|p1b: Charizard|Charizard, L50, F|100/100
|turn|2
|
|t:|1757107027
|move|p2b: Dragapult|Protect|p2b: Dragapult
|-singleturn|p2b: Dragapult|Protect
|move|p2a: Weezing|Protect|p2a: Weezing
|-singleturn|p2a: Weezing|Protect
|move|p1b: Charizard|Heat Wave|p2b: Dragapult|[spread] 
|-activate|p2a: Weezing|move: Protect
|-activate|p2b: Dragapult|move: Protect
|move|p1a: Torkoal|Overheat|p2a: Weezing
|-activate|p2a: Weezing|move: Protect
|
|-weather|SunnyDay|[upkeep]
|upkeep
|turn|3
|
|t:|1757107048
|move|p2b: Dragapult|Dragon Darts|p1b: Charizard
|-damage|p1b: Charizard|52/100
|-anim|p2b: Dragapult|Dragon Darts|p1a: Torkoal
|-damage|p1a: Torkoal|49/100
|-damage|p2b: Dragapult|81/100|[from] item: Life Orb
|move|p1b: Charizard|Heat Wave|p2b: Dragapult|[spread] p2a,p2b
|-resisted|p2b: Dragapult
|-damage|p2a: Weezing|0 fnt
|-damage|p2b: Dragapult|33/100
|faint|p2a: Weezing
|-end|p2a: Weezing|ability: Neutralizing Gas
|move|p1a: Torkoal|Overheat|p2b: Dragapult
|-resisted|p2b: Dragapult
|-damage|p2b: Dragapult|0 fnt
|-unboost|p1a: Torkoal|spa|2
|faint|p2b: Dragapult
|-enditem|p1a: Torkoal|Eject Pack
|
|t:|1757107062
|switch|p1a: Ursaluna|Ursaluna, L50, F|100/100
|
|-weather|SunnyDay|[upkeep]
|-damage|p1b: Charizard|40/100|[from] ability: Solar Power|[of] p1b: Charizard
|-status|p1a: Ursaluna|brn|[from] item: Flame Orb
|upkeep
|
|t:|1757107065
|switch|p2b: Tatsugiri|Tatsugiri-Stretchy, L50, M|100/100
|switch|p2a: Dondozo|Dondozo, L50, F|100/100
|-activate|p2b: Tatsugiri|ability: Commander|[of] p2a: Dondozo
|-boost|p2a: Dondozo|atk|2
|-boost|p2a: Dondozo|spa|2
|-boost|p2a: Dondozo|spe|2
|-boost|p2a: Dondozo|def|2
|-boost|p2a: Dondozo|spd|2
|turn|4
|
|t:|1757107074
|move|p2a: Dondozo|Protect|p2a: Dondozo
|-singleturn|p2a: Dondozo|Protect
|move|p1b: Charizard|Heat Wave|p2a: Dondozo|[spread] 
|-miss|p1b: Charizard|p2b: Tatsugiri
|-activate|p2a: Dondozo|move: Protect
|move|p1a: Ursaluna|Facade|p2a: Dondozo
|-activate|p2a: Dondozo|move: Protect
|
|-weather|SunnyDay|[upkeep]
|-damage|p1b: Charizard|28/100|[from] ability: Solar Power|[of] p1b: Charizard
|-damage|p1a: Ursaluna|95/100 brn|[from] brn
|upkeep
|turn|5
|
|t:|1757107097
|move|p1b: Charizard|Heat Wave|p2b: Tatsugiri|[spread] p2a
|-miss|p1b: Charizard|p2b: Tatsugiri
|-resisted|p2a: Dondozo
|-damage|p2a: Dondozo|75/100
|move|p2a: Dondozo|Wave Crash|p1a: Ursaluna
|-supereffective|p1a: Ursaluna
|-damage|p1a: Ursaluna|14/100 brn
|-damage|p2a: Dondozo|52/100|[from] Recoil
|move|p1a: Ursaluna|Facade|p2a: Dondozo
|-damage|p2a: Dondozo|13/100
|
|-weather|none
|-heal|p2a: Dondozo|20/100|[from] item: Leftovers
|-damage|p1a: Ursaluna|8/100 brn|[from] brn
|upkeep
|turn|6
|inactive|Zacharykeith has 30 seconds left.
|
|t:|1757107123
|move|p2a: Dondozo|Protect|p2a: Dondozo
|-singleturn|p2a: Dondozo|Protect
|move|p1a: Ursaluna|Protect|p1a: Ursaluna
|-singleturn|p1a: Ursaluna|Protect
|move|p1b: Charizard|Heat Wave|p2a: Dondozo|[spread] 
|-miss|p1b: Charizard|p2b: Tatsugiri
|-activate|p2a: Dondozo|move: Protect
|
|-heal|p2a: Dondozo|26/100|[from] item: Leftovers
|-damage|p1a: Ursaluna|2/100 brn|[from] brn
|upkeep
|turn|7
|inactive|danicruz.music has 30 seconds left.
|
|t:|1757107154
|move|p1b: Charizard|Heat Wave|p2b: Tatsugiri|[spread] 
|-miss|p1b: Charizard|p2b: Tatsugiri
|-miss|p1b: Charizard|p2a: Dondozo
|move|p2a: Dondozo|Wave Crash|p1b: Charizard
|-supereffective|p1b: Charizard
|-damage|p1b: Charizard|0 fnt
|faint|p1b: Charizard
|-damage|p2a: Dondozo|20/100|[from] Recoil
|move|p1a: Ursaluna|Facade|p2b: Tatsugiri|[miss]
|-miss|p1a: Ursaluna|p2b: Tatsugiri
|
|-heal|p2a: Dondozo|27/100|[from] item: Leftovers
|-damage|p1a: Ursaluna|0 fnt|[from] brn
|faint|p1a: Ursaluna
|upkeep
|-message|Zacharykeith forfeited.
|
|win|danicruz.music
|raw|Zacharykeith's rating: 1079 → 1059(-20 for losing)
|raw|danicruz.music's rating: 1109 → 1132(+23 for winning)
