|j|☆beeetch
|j|☆kingambitstan
|html|beeetchkingambitstan    
|uhtml|bestof|Game 3 of a best-of-3
|t:|1784375865
|gametype|doubles
|player|p1|beeetch|169|1110
|player|p2|kingambitstan|rika|1106
|gen|9
|tier|[Gen 9 Champions] VGC 2026 Reg M-B (Bo3)
|rated|
|rule|Species Clause: Limit one of each Pokémon
|rule|Item Clause: Limit 1 of each item
|clearpoke
|poke|p1|Milotic, L50, F|
|poke|p1|Incineroar, L50, M|
|poke|p1|Hydreigon, L50, F|
|poke|p1|Sylveon, L50, M|
|poke|p1|Sneasler, L50, M|
|poke|p1|Aerodactyl, L50, M|
|poke|p2|Incineroar, L50, M|
|poke|p2|Milotic, L50, F|
|poke|p2|Sinistcha-Masterpiece, L50|
|poke|p2|Sylveon, L50, M|
|poke|p2|Metagross, L50|
|poke|p2|Garchomp, L50, M|
|teampreview|4
|showteam|p1|Milotic||Leftovers|Competitive|MuddyWater,Coil,Hypnosis,Protect|Bold||F|||50|]Incineroar||SitrusBerry|Intimidate|FlareBlitz,DarkestLariat,FakeOut,PartingShot|Impish||M|||50|]Hydreigon||ChoiceScarf|Levitate|HeatWave,Snarl,DarkPulse,EarthPower|Modest||F|||50|]Sylveon||FairyFeather|Pixilate|HyperBeam,HyperVoice,QuickAttack,Protect|Modest||M|||50|]Sneasler||WhiteHerb|Unburden|Protect,DireClaw,CloseCombat,FakeOut|Adamant||M|||50|]Aerodactyl||Aerodactylite|Unnerve|Protect,RockSlide,ThunderFang,Tailwind|Jolly||M|||50|
|showteam|p2|Incineroar||SitrusBerry|Intimidate|FlareBlitz,DarkestLariat,FakeOut,PartingShot|Careful||M|||50|]Milotic||Leftovers|Competitive|MuddyWater,Hypnosis,Coil,LifeDew|Bold||F|||50|]Sinistcha-Masterpiece||ColburBerry|Hospitality|MatchaGotcha,RagePowder,TrickRoom,Protect|Bold|||||50|]Sylveon||FairyFeather|Pixilate|HyperVoice,Moonblast,QuickAttack,Protect|Modest||M|||50|]Metagross||Metagrossite|ClearBody|IronHead,PsychicFangs,BrickBreak,Protect|Jolly|||||50|]Garchomp||LifeOrb|RoughSkin|RockSlide,StompingTantrum,DragonClaw,Protect|Jolly||M|||50|
|inactive|Battle timer is ON: inactive players will automatically lose when time's up. (requested by kingambitstan)
|
|t:|1784375883
|teamsize|p1|4
|teamsize|p2|4
|start
|switch|p1a: Hydreigon|Hydreigon, L50, F|100/100
|switch|p1b: Aerodactyl|Aerodactyl, L50, M|100/100
|switch|p2a: Metagross|Metagross, L50|100/100
|switch|p2b: Milotic|Milotic, L50, F|100/100
|-ability|p1b: Aerodactyl|Unnerve
|turn|1
|inactive|kingambitstan has 30 seconds left.
|
|t:|1784375910
|switch|p2a: Sylveon|Sylveon, L50, M|100/100
|detailschange|p1b: Aerodactyl|Aerodactyl-Mega, L50, M
|-mega|p1b: Aerodactyl|Aerodactyl|Aerodactylite
|move|p1a: Hydreigon|Dark Pulse|p2a: Sylveon
|-resisted|p2a: Sylveon|1
|-damage|p2a: Sylveon|83/100
|move|p1b: Aerodactyl|Rock Slide|p2a: Sylveon|[spread] p2a,p2b
|-damage|p2a: Sylveon|54/100
|-damage|p2b: Milotic|76/100
|move|p2b: Milotic|Coil|p2b: Milotic
|-boost|p2b: Milotic|atk|1
|-boost|p2b: Milotic|def|1
|-boost|p2b: Milotic|accuracy|1
|
|-heal|p2b: Milotic|82/100|[from] item: Leftovers
|upkeep
|turn|2
|
|t:|1784375925
|move|p2a: Sylveon|Protect|p2a: Sylveon
|-singleturn|p2a: Sylveon|Protect
|move|p1a: Hydreigon|Dark Pulse|p2b: Milotic
|-damage|p2b: Milotic|49/100
|move|p1b: Aerodactyl|Rock Slide|p2a: Sylveon|[spread] p2b
|-activate|p2a: Sylveon|move: Protect
|-crit|p2b: Milotic
|-damage|p2b: Milotic|14/100
|move|p2b: Milotic|Life Dew|p2b: Milotic|[spread] p2a,p2b
|-heal|p2a: Sylveon|80/100
|-heal|p2b: Milotic|39/100
|
|-heal|p2b: Milotic|45/100|[from] item: Leftovers
|upkeep
|turn|3
|
|t:|1784375946
|switch|p1a: Milotic|Milotic, L50, F|100/100
|switch|p2a: Sinistcha|Sinistcha-Masterpiece, L50|100/100
|-heal|p2b: Milotic|70/100|[from] ability: Hospitality|[of] p2a: Sinistcha
|move|p1b: Aerodactyl|Rock Slide|p2a: Sinistcha|[spread] p2a,p2b
|-crit|p2a: Sinistcha
|-damage|p2a: Sinistcha|73/100
|-damage|p2b: Milotic|56/100
|move|p2b: Milotic|Muddy Water|p1b: Aerodactyl|[spread] p1a,p1b
|-resisted|p1a: Milotic|1
|-supereffective|p1b: Aerodactyl|1
|-damage|p1a: Milotic|92/100
|-damage|p1b: Aerodactyl|47/100
|-unboost|p1a: Milotic|accuracy|1
|-ability|p1a: Milotic|Competitive|boost
|-boost|p1a: Milotic|spa|2
|
|-heal|p2b: Milotic|62/100|[from] item: Leftovers
|-heal|p1a: Milotic|98/100|[from] item: Leftovers
|upkeep
|turn|4
|
|t:|1784375955
|move|p1b: Aerodactyl|Rock Slide|p2a: Sinistcha|[spread] p2a,p2b
|-damage|p2a: Sinistcha|55/100
|-damage|p2b: Milotic|46/100
|move|p2b: Milotic|Hypnosis|p1a: Milotic
|-status|p1a: Milotic|slp|[from] move: Hypnosis
|cant|p1a: Milotic|slp
|move|p2a: Sinistcha|Matcha Gotcha|p1a: Milotic|[spread] p1a,p1b
|-supereffective|p1a: Milotic|1
|-damage|p1a: Milotic|65/100 slp
|-heal|p2a: Sinistcha|74/100|[from] drain|[of] p1a: Milotic
|-damage|p1b: Aerodactyl|19/100
|-heal|p2a: Sinistcha|87/100|[from] drain|[of] p1b: Aerodactyl
|
|-heal|p2b: Milotic|53/100|[from] item: Leftovers
|-heal|p1a: Milotic|71/100 slp|[from] item: Leftovers
|upkeep
|turn|5
|
|t:|1784375976
|move|p1b: Aerodactyl|Thunder Fang|p2b: Milotic
|-supereffective|p2b: Milotic|1
|-damage|p2b: Milotic|23/100
|move|p2b: Milotic|Life Dew|p2b: Milotic|[spread] p2a,p2b
|-heal|p2a: Sinistcha|100/100
|-heal|p2b: Milotic|48/100
|cant|p1a: Milotic|slp
|move|p2a: Sinistcha|Matcha Gotcha|p1a: Milotic|[spread] p1a,p1b
|-supereffective|p1a: Milotic|1
|-damage|p1a: Milotic|35/100 slp
|-damage|p1b: Aerodactyl|0 fnt
|faint|p1b: Aerodactyl
|
|-heal|p2b: Milotic|55/100|[from] item: Leftovers
|-heal|p1a: Milotic|41/100 slp|[from] item: Leftovers
|upkeep
|
|t:|1784375983
|switch|p1b: Sneasler|Sneasler, L50, M|100/100
|turn|6
|
|t:|1784375993
|move|p1b: Sneasler|Fake Out|p2b: Milotic
|-damage|p2b: Milotic|47/100
|cant|p2b: Milotic|flinch
|-curestatus|p1a: Milotic|slp|[msg]
|move|p1a: Milotic|Coil|p1a: Milotic
|-boost|p1a: Milotic|atk|1
|-boost|p1a: Milotic|def|1
|-boost|p1a: Milotic|accuracy|1
|move|p2a: Sinistcha|Matcha Gotcha|p1b: Sneasler|[spread] p1b
|-miss|p2a: Sinistcha|p1a: Milotic
|-resisted|p1b: Sneasler|1
|-damage|p1b: Sneasler|84/100
|
|-heal|p2b: Milotic|53/100|[from] item: Leftovers
|-heal|p1a: Milotic|47/100|[from] item: Leftovers
|upkeep
|turn|7
|
|t:|1784376004
|move|p1b: Sneasler|Close Combat|p2b: Milotic
|-damage|p2b: Milotic|20/100y
|-unboost|p1b: Sneasler|def|1
|-unboost|p1b: Sneasler|spd|1
|-enditem|p1b: Sneasler|White Herb
|-clearnegativeboost|p1b: Sneasler|[silent]
|move|p2b: Milotic|Hypnosis|p1a: Milotic
|-status|p1a: Milotic|slp|[from] move: Hypnosis
|cant|p1a: Milotic|slp
|move|p2a: Sinistcha|Matcha Gotcha|p1b: Sneasler|[spread] p1a,p1b
|-supereffective|p1a: Milotic|1
|-resisted|p1b: Sneasler|1
|-damage|p1a: Milotic|16/100 slp
|-damage|p1b: Sneasler|69/100
|-status|p1b: Sneasler|brn
|
|-heal|p2b: Milotic|27/100|[from] item: Leftovers
|-heal|p1a: Milotic|22/100 slp|[from] item: Leftovers
|-damage|p1b: Sneasler|63/100 brn|[from] brn
|upkeep
|turn|8
|
|t:|1784376015
|move|p1b: Sneasler|Close Combat|p2b: Milotic
|-damage|p2b: Milotic|10/100
|-unboost|p1b: Sneasler|def|1
|-unboost|p1b: Sneasler|spd|1
|move|p2b: Milotic|Life Dew||[still]|[spread] p2a,p2b
|-fail|p2a: Sinistcha|heal
|-heal|p2b: Milotic|35/100
|cant|p1a: Milotic|slp
|move|p2a: Sinistcha|Matcha Gotcha|p1a: Milotic|[spread] p1a,p1b
|-supereffective|p1a: Milotic|1
|-resisted|p1b: Sneasler|1
|-damage|p1a: Milotic|0 fnt
|-damage|p1b: Sneasler|42/100 brn
|faint|p1a: Milotic
|
|-heal|p2b: Milotic|42/100|[from] item: Leftovers
|-damage|p1b: Sneasler|36/100 brn|[from] brn
|upkeep
|-message|beeetch forfeited.
|raw|beeetch's rating: 1110 → 1085(-25 for losing)
|raw|kingambitstan's rating: 1106 → 1131(+25 for winning)
|
|win|kingambitstan
