|j|☆BoloinaBox
|j|☆R3pulse6
|html|BoloinaBoxR3pulse6    
|uhtml|bestof|Game 1 of a best-of-3
|t:|1757795180
|gametype|doubles
|player|p1|BoloinaBox|2|1141
|player|p2|R3pulse6|dawn|1037
|gen|9
|tier|[Gen 9] VGC 2025 Reg H (Bo3)
|rated|
|rule|Species Clause: Limit one of each Pokémon
|rule|Item Clause: Limit 1 of each item
|clearpoke
|poke|p1|Incineroar, L50, M|
|poke|p1|Rillaboom, L50, F|
|poke|p1|Ninetales-Alola, L50, M|
|poke|p1|Frosmoth, L50, F|
|poke|p1|Greninja-*, L50, F|
|poke|p1|Annihilape, L50, M|
|poke|p2|Staraptor, L50, F|
|poke|p2|Incineroar, L50, M|
|poke|p2|Salamence, L50, M|
|poke|p2|Farigiraf, L50, M|
|poke|p2|Whimsicott, L50, F|
|poke|p2|Porygon2, L50|
|teampreview|4
|showteam|p1|Incineroar||SafetyGoggles|Intimidate|FlareBlitz,KnockOff,FakeOut,PartingShot|||M|||50|,,,,,Ghost]Rillaboom||AssaultVest|GrassySurge|WoodHammer,GrassyGlide,Uturn,FakeOut|||F|||50|,,,,,Fire]Ninetales-Alola||CovertCloak|SnowWarning|Moonblast,AuroraVeil,Disable,Encore|||M|||50|,,,,,Fire]Frosmoth||Leftovers|IceScales|Blizzard,TeraBlast,QuiverDance,Protect|||F|||50|,,,,,Water]Greninja||LoadedDice|Torrent|WaterShuriken,DarkPulse,Haze,Protect|||F|||50|,,,,,Ghost]Annihilape||SitrusBerry|Defiant|RageFist,CloseCombat,FinalGambit,Taunt|||M|||50|,,,,,Water
|showteam|p2|Staraptor||LifeOrb|Reckless|Protect,BraveBird,Tailwind,DoubleEdge|||F|||50|,,,,,Steel]Incineroar||SafetyGoggles|Intimidate|FakeOut,Protect,KnockOff,PartingShot|||M|||50|,,,,,Ghost]Salamence||AssaultVest|Intimidate|DracoMeteor,Flamethrower,RockSlide,IronHead|||M|||50|,,,,,Fire]Farigiraf||ThroatSpray|ArmorTail|TrickRoom,Protect,Imprison,HyperVoice|||M|||50|,,,,,Ghost]Whimsicott||CovertCloak|Prankster|Tailwind,Taunt,Protect,Moonblast|||F|||50|,,,,,Grass]Porygon2||Eviolite|Download|Protect,Electroweb,IceBeam,TeraBlast||||||50|,,,,,Fighting
|inactive|Battle timer is ON: inactive players will automatically lose when time's up. (requested by BoloinaBox)
|inactive|R3pulse6 has 60 seconds left.
|
|t:|1757795233
|teamsize|p1|4
|teamsize|p2|4
|start
|switch|p1a: Greninja|Greninja, L50, F|100/100
|switch|p1b: Annihilape|Annihilape, L50, M|100/100
|switch|p2a: Whimsicott|Whimsicott, L50, F|100/100
|switch|p2b: Staraptor|Staraptor, L50, F|100/100
|turn|1
|inactive|BoloinaBox has 30 seconds left.
|inactive|BoloinaBox has 20 seconds left.
|inactive|BoloinaBox has 15 seconds left.
|inactive|BoloinaBox has 10 seconds left.
|
|t:|1757795284
|-terastallize|p1b: Annihilape|Water
|move|p2b: Staraptor|Protect|p2b: Staraptor
|-singleturn|p2b: Staraptor|Protect
|move|p1a: Greninja|Water Shuriken|p1b: Annihilape
|-resisted|p1b: Annihilape
|-damage|p1b: Annihilape|99/100
|-resisted|p1b: Annihilape
|-damage|p1b: Annihilape|96/100
|-resisted|p1b: Annihilape
|-damage|p1b: Annihilape|94/100
|-resisted|p1b: Annihilape
|-damage|p1b: Annihilape|92/100
|-resisted|p1b: Annihilape
|-damage|p1b: Annihilape|89/100
|-hitcount|p1b: Annihilape|5
|move|p2a: Whimsicott|Tailwind|p2a: Whimsicott
|-sidestart|p2: R3pulse6|move: Tailwind
|move|p1b: Annihilape|Rage Fist|p2a: Whimsicott
|-damage|p2a: Whimsicott|0 fnt
|faint|p2a: Whimsicott
|
|upkeep
|
|t:|1757795304
|switch|p2a: Salamence|Salamence, L50, M|100/100
|-ability|p2a: Salamence|Intimidate|boost
|-unboost|p1a: Greninja|atk|1
|-unboost|p1b: Annihilape|atk|1
|-ability|p1b: Annihilape|Defiant|boost
|-boost|p1b: Annihilape|atk|2
|turn|2
|
|t:|1757795327
|move|p2b: Staraptor|Brave Bird|p1b: Annihilape
|-damage|p1b: Annihilape|0 fnt
|faint|p1b: Annihilape
|-damage|p2b: Staraptor|61/100|[from] Recoil
|-damage|p2b: Staraptor|51/100|[from] item: Life Orb
|move|p2a: Salamence|Rock Slide|p1a: Greninja
|-damage|p1a: Greninja|61/100
|move|p1a: Greninja|Dark Pulse|p2b: Staraptor
|-damage|p2b: Staraptor|10/100
|
|upkeep
|
|t:|1757795339
|switch|p1b: Ninetales|Ninetales-Alola, L50, M|100/100
|-weather|Snowscape|[from] ability: Snow Warning|[of] p1b: Ninetales
|turn|3
|
|t:|1757795356
|move|p1a: Greninja|Water Shuriken|p2b: Staraptor
|-damage|p2b: Staraptor|2/100
|-damage|p2b: Staraptor|0 fnt
|faint|p2b: Staraptor
|-hitcount|p2: Staraptor|2
|move|p2a: Salamence|Flamethrower|p1b: Ninetales
|-supereffective|p1b: Ninetales
|-damage|p1b: Ninetales|61/100
|move|p1b: Ninetales|Aurora Veil|p1b: Ninetales
|-sidestart|p1: BoloinaBox|move: Aurora Veil
|
|-weather|Snowscape|[upkeep]
|upkeep
|
|t:|1757795366
|switch|p2b: Incineroar|Incineroar, L50, M|100/100
|-ability|p2b: Incineroar|Intimidate|boost
|-unboost|p1a: Greninja|atk|1
|-unboost|p1b: Ninetales|atk|1
|turn|4
|
|t:|1757795386
|move|p2b: Incineroar|Fake Out|p1a: Greninja
|-damage|p1a: Greninja|49/100
|cant|p1a: Greninja|flinch
|move|p2a: Salamence|Rock Slide|p1b: Ninetales|[spread] p1b
|-miss|p2a: Salamence|p1a: Greninja
|-supereffective|p1b: Ninetales
|-damage|p1b: Ninetales|44/100
|move|p1b: Ninetales|Disable|p2a: Salamence
|-start|p2a: Salamence|Disable|Rock Slide
|
|-weather|Snowscape|[upkeep]
|-sideend|p2: R3pulse6|move: Tailwind
|upkeep
|turn|5
|
|t:|1757795409
|move|p1a: Greninja|Dark Pulse|p2a: Salamence
|-damage|p2a: Salamence|82/100
|move|p1b: Ninetales|Encore|p2b: Incineroar
|-start|p2b: Incineroar|Encore
|move|p2a: Salamence|Draco Meteor|p1a: Greninja|[miss]
|-miss|p2a: Salamence|p1a: Greninja
|move|p2b: Incineroar|Fake Out||[still]
|-hint|Fake Out only works on your first turn out.
|-fail|p2b: Incineroar
|
|-weather|Snowscape|[upkeep]
|upkeep
|turn|6
|
|t:|1757795427
|switch|p1a: Frosmoth|Frosmoth, L50, F|100/100
|move|p2b: Incineroar|Fake Out||[still]
|-hint|Fake Out only works on your first turn out.
|-fail|p2b: Incineroar
|move|p1b: Ninetales|Encore|p2a: Salamence
|-start|p2a: Salamence|Encore
|move|p2a: Salamence|Draco Meteor|p1a: Frosmoth
|-damage|p1a: Frosmoth|83/100
|-unboost|p2a: Salamence|spa|2
|
|-weather|Snowscape|[upkeep]
|-heal|p1a: Frosmoth|88/100|[from] item: Leftovers
|upkeep
|turn|7
|-message|R3pulse6 forfeited.
|
|win|BoloinaBox
|l|☆R3pulse6
|player|p2|
||BoloinaBox is ready for game 2.
||R3pulse6 is ready for game 2.
|uhtml|next|Next: Game 2 of 3
|l|☆BoloinaBox
|player|p1|
