|j|☆Can I pet the dog?
|j|☆Woodbox
|html|Can I pet the dog?Woodbox    
|uhtml|bestof|Game 3 of a best-of-3
|t:|1784291592
|gametype|doubles
|player|p1|Can I pet the dog?|102|1337
|player|p2|Woodbox|266|1362
|gen|9
|tier|[Gen 9 Champions] VGC 2026 Reg M-B (Bo3)
|rated|
|rule|Species Clause: Limit one of each Pokémon
|rule|Item Clause: Limit 1 of each item
|clearpoke
|poke|p1|Swampert, L50, F|
|poke|p1|Grimmsnarl, L50, M|
|poke|p1|Archaludon, L50, F|
|poke|p1|Pelipper, L50, M|
|poke|p1|Venusaur, L50, F|
|poke|p1|Sylveon, L50, F|
|poke|p2|Primarina, L50, M|
|poke|p2|Ninetales-Alola, L50, M|
|poke|p2|Toxapex, L50, M|
|poke|p2|Kingambit, L50, F|
|poke|p2|Charizard, L50, M|
|poke|p2|Scovillain, L50, F|
|teampreview|4
|showteam|p1|Swampert||Swampertite|Torrent|WaveCrash,HighHorsepower,IcePunch,Protect|Adamant||F|||50|]Grimmsnarl||LightClay|Prankster|FoulPlay,Reflect,LightScreen,PartingShot|Careful||M|||50|]Archaludon||Leftovers|Stamina|ElectroShot,DragonPulse,FlashCannon,Protect|Calm||F|||50|]Pelipper||SitrusBerry|Drizzle|WeatherBall,Hurricane,Tailwind,RainDance|Bold||M|||50|]Venusaur||Venusaurite|Overgrow|SludgeBomb,EarthPower,GigaDrain,Protect|Modest||F|||50|]Sylveon||FairyFeather|Pixilate|Protect,HyperVoice,HyperBeam,Yawn|Modest||F|||50|
|showteam|p2|Primarina||SitrusBerry|LiquidVoice|HyperVoice,Moonblast,Protect,CalmMind|Modest||M|||50|]Ninetales-Alola||LightClay|SnowWarning|AuroraVeil,FreezeDry,Blizzard,Protect|Timid||M|||50|]Toxapex||Leftovers|Regenerator|Infestation,BanefulBunker,Toxic,WideGuard|Bold||M|||50|]Kingambit||FocusSash|Defiant|SuckerPunch,SwordsDance,KowtowCleave,LowKick|Adamant||F|||50|]Charizard||CharizarditeY|Blaze|WeatherBall,HeatWave,AncientPower,Protect|Timid||M|||50|]Scovillain||Scovillainite|Moody|Protect,LeechSeed,RagePowder,Overheat|Calm||F|||50|
|inactive|Battle timer is ON: inactive players will automatically lose when time's up. (requested by Woodbox)
|
|t:|1784291646
|teamsize|p1|4
|teamsize|p2|4
|start
|switch|p1a: Swampert|Swampert, L50, F|100/100
|switch|p1b: Archaludon|Archaludon, L50, F|100/100
|switch|p2a: Ninetales|Ninetales-Alola, L50, M|100/100
|switch|p2b: Toxapex|Toxapex, L50, M|100/100
|-weather|Snowscape|[from] ability: Snow Warning|[of] p2a: Ninetales
|turn|1
|inactive|Woodbox has 30 seconds left.
|inactive|Woodbox has 20 seconds left.
|inactive|Woodbox has 15 seconds left.
|inactive|Woodbox has 10 seconds left.
|
|t:|1784291696
|switch|p2a: Kingambit|Kingambit, L50, F|100/100
|move|p1a: Swampert|Protect|p1a: Swampert
|-singleturn|p1a: Swampert|Protect
|move|p1b: Archaludon|Flash Cannon|p2a: Kingambit
|-resisted|p2a: Kingambit|1
|-damage|p2a: Kingambit|81/100
|move|p2b: Toxapex|Infestation|p1b: Archaludon
|-resisted|p1b: Archaludon|1
|-damage|p1b: Archaludon|98/100
|-activate|p1b: Archaludon|move: Infestation|[of] p2b: Toxapex
|-ability|p1b: Archaludon|Stamina|boost
|-boost|p1b: Archaludon|def|1
|
|-weather|Snowscape|[upkeep]
|-heal|p1b: Archaludon|100/100|[from] item: Leftovers
|-damage|p1b: Archaludon|87/100|[from] move: Infestation|[partiallytrapped]
|upkeep
|turn|2
|inactive|Can I pet the dog? has 30 seconds left.
|inactive|Woodbox has 30 seconds left.
|inactive|Can I pet the dog? has 20 seconds left.
|inactive|Woodbox has 20 seconds left.
|inactive|Can I pet the dog? has 15 seconds left.
|inactive|Woodbox has 15 seconds left.
|inactive|Can I pet the dog? has 10 seconds left.
|inactive|Woodbox has 10 seconds left.
|inactive|Woodbox has 5 seconds left.
|
|t:|1784291751
|detailschange|p1a: Swampert|Swampert-Mega, L50, F
|-mega|p1a: Swampert|Swampert|Swampertite
|move|p2a: Kingambit|Sucker Punch|p1a: Swampert
|-damage|p1a: Swampert|64/100
|move|p1a: Swampert|High Horsepower|p2a: Kingambit
|-supereffective|p2a: Kingambit|1
|-damage|p2a: Kingambit|0 fnt
|faint|p2a: Kingambit
|move|p1b: Archaludon|Flash Cannon|p2b: Toxapex
|-resisted|p2b: Toxapex|1
|-damage|p2b: Toxapex|85/100
|move|p2b: Toxapex|Infestation|p1b: Archaludon
|-resisted|p1b: Archaludon|1
|-damage|p1b: Archaludon|86/100
|-ability|p1b: Archaludon|Stamina|boost
|-boost|p1b: Archaludon|def|1
|
|-weather|Snowscape|[upkeep]
|-heal|p1b: Archaludon|92/100|[from] item: Leftovers
|-heal|p2b: Toxapex|91/100|[from] item: Leftovers
|-damage|p1b: Archaludon|80/100|[from] move: Infestation|[partiallytrapped]
|upkeep
|
|t:|1784291760
|switch|p2a: Scovillain|Scovillain, L50, F|100/100
|turn|3
|inactive|Can I pet the dog? has 30 seconds left.
|
|t:|1784291790
|switch|p1a: Pelipper|Pelipper, L50, M|100/100
|-weather|RainDance|[from] ability: Drizzle|[of] p1a: Pelipper
|move|p1b: Archaludon|Protect|p1b: Archaludon
|-singleturn|p1b: Archaludon|Protect
|move|p2a: Scovillain|Protect|p2a: Scovillain
|-singleturn|p2a: Scovillain|Protect
|move|p2b: Toxapex|Toxic|p1a: Pelipper
|-status|p1a: Pelipper|tox
|
|-weather|RainDance|[upkeep]
|-heal|p1b: Archaludon|86/100|[from] item: Leftovers
|-heal|p2b: Toxapex|97/100|[from] item: Leftovers
|-damage|p1a: Pelipper|93/100 tox|[from] psn
|-damage|p1b: Archaludon|74/100|[from] move: Infestation|[partiallytrapped]
|-ability|p2a: Scovillain|Moody|boost
|-boost|p2a: Scovillain|spd|2
|-unboost|p2a: Scovillain|spe|1
|upkeep
|turn|4
|inactive|Can I pet the dog? has 30 seconds left.
|inactive|Woodbox has 30 seconds left.
|inactive|Woodbox has 20 seconds left.
|inactive|Woodbox has 15 seconds left.
|inactive|Woodbox has 10 seconds left.
|
|t:|1784291840
|detailschange|p2a: Scovillain|Scovillain-Mega, L50, F
|-mega|p2a: Scovillain|Scovillain|Scovillainite
|move|p1b: Archaludon|Electro Shot||[still]
|-prepare|p1b: Archaludon|Electro Shot
|-boost|p1b: Archaludon|spa|1
|-anim|p1b: Archaludon|Electro Shot|p2b: Toxapex
|-supereffective|p2b: Toxapex|1
|-damage|p2b: Toxapex|14/100
|move|p1a: Pelipper|Hurricane|p2a: Scovillain
|-supereffective|p2a: Scovillain|1
|-damage|p2a: Scovillain|60/100
|move|p2a: Scovillain|Leech Seed|p1b: Archaludon
|-start|p1b: Archaludon|move: Leech Seed
|move|p2b: Toxapex|Infestation|p1a: Pelipper
|-resisted|p1a: Pelipper|1
|-damage|p1a: Pelipper|92/100 tox
|-activate|p1a: Pelipper|move: Infestation|[of] p2b: Toxapex
|
|-weather|RainDance|[upkeep]
|-heal|p1b: Archaludon|80/100|[from] item: Leftovers
|-heal|p2b: Toxapex|20/100y|[from] item: Leftovers
|-damage|p1b: Archaludon|68/100|[from] Leech Seed|[of] p2a: Scovillain
|-heal|p2a: Scovillain|74/100|[silent]
|-damage|p1a: Pelipper|80/100 tox|[from] psn
|-damage|p1b: Archaludon|55/100|[from] move: Infestation|[partiallytrapped]
|-damage|p1a: Pelipper|68/100 tox|[from] move: Infestation|[partiallytrapped]
|upkeep
|turn|5
|inactive|Can I pet the dog? has 30 seconds left.
|inactive|Woodbox has 30 seconds left.
|inactive|Woodbox has 20 seconds left.
|
|t:|1784291876
|-heal|p2b: Toxapex|53/100|[from] ability: Regenerator|[silent]
|switch|p2b: Ninetales|Ninetales-Alola, L50, M|100/100
|-weather|Snowscape|[from] ability: Snow Warning|[of] p2b: Ninetales
|move|p2a: Scovillain|Rage Powder|p2a: Scovillain
|-singleturn|p2a: Scovillain|move: Rage Powder
|move|p1b: Archaludon|Flash Cannon|p2a: Scovillain
|-resisted|p2a: Scovillain|1
|-damage|p2a: Scovillain|62/100
|-status|p1b: Archaludon|brn|[from] ability: Spicy Spray|[of] p2a: Scovillain
|move|p1a: Pelipper|Hurricane|p2a: Scovillain|[miss]
|-miss|p1a: Pelipper|p2a: Scovillain
|
|-weather|Snowscape|[upkeep]
|-heal|p1b: Archaludon|61/100 brn|[from] item: Leftovers
|-damage|p1b: Archaludon|49/100 brn|[from] Leech Seed|[of] p2a: Scovillain
|-heal|p2a: Scovillain|76/100|[silent]
|-damage|p1a: Pelipper|50/100y tox|[from] psn
|-damage|p1b: Archaludon|43/100 brn|[from] brn
|-end|p1b: Archaludon|Infestation|[partiallytrapped]
|-end|p1a: Pelipper|Infestation|[partiallytrapped]|[silent]
|upkeep
|-enditem|p1a: Pelipper|Sitrus Berry|[eat]
|-heal|p1a: Pelipper|74/100 tox|[from] item: Sitrus Berry
|turn|6
|
|t:|1784291895
|switch|p1a: Venusaur|Venusaur, L50, F|100/100
|move|p2b: Ninetales|Aurora Veil|p2b: Ninetales
|-sidestart|p2: Woodbox|move: Aurora Veil
|move|p1b: Archaludon|Dragon Pulse|p2a: Scovillain
|-damage|p2a: Scovillain|59/100
|move|p2a: Scovillain|Leech Seed|p1a: Venusaur
|-immune|p1a: Venusaur
|
|-weather|Snowscape|[upkeep]
|-heal|p1b: Archaludon|49/100 brn|[from] item: Leftovers
|-damage|p1b: Archaludon|37/100 brn|[from] Leech Seed|[of] p2a: Scovillain
|-heal|p2a: Scovillain|73/100|[silent]
|-damage|p1b: Archaludon|31/100 brn|[from] brn
|upkeep
|turn|7
|
|t:|1784291917
|switch|p1b: Pelipper|Pelipper, L50, M|74/100 tox
|-weather|RainDance|[from] ability: Drizzle|[of] p1b: Pelipper
|move|p2b: Ninetales|Blizzard|p1b: Pelipper|[spread] p1a,p1b
|-supereffective|p1a: Venusaur|1
|-damage|p1a: Venusaur|40/100
|-damage|p1b: Pelipper|42/100 tox
|move|p1a: Venusaur|Sludge Bomb|p2b: Ninetales
|-supereffective|p2b: Ninetales|1
|-damage|p2b: Ninetales|32/100
|-status|p2b: Ninetales|psn
|move|p2a: Scovillain|Overheat|p1b: Pelipper|[miss]
|-miss|p2a: Scovillain|p1b: Pelipper
|
|-weather|RainDance|[upkeep]
|-damage|p2b: Ninetales|20/100y psn|[from] psn
|-damage|p1b: Pelipper|36/100 tox|[from] psn
|upkeep
|turn|8
|
|t:|1784291939
|switch|p2b: Toxapex|Toxapex, L50, M|53/100
|move|p2a: Scovillain|Protect|p2a: Scovillain
|-singleturn|p2a: Scovillain|Protect
|move|p1a: Venusaur|Earth Power|p2b: Toxapex
|-supereffective|p2b: Toxapex|1
|-damage|p2b: Toxapex|25/100
|move|p1b: Pelipper|Tailwind|p1b: Pelipper
|-sidestart|p1: Can I pet the dog?|move: Tailwind
|
|-weather|RainDance|[upkeep]
|-heal|p2b: Toxapex|31/100|[from] item: Leftovers
|-damage|p1b: Pelipper|24/100 tox|[from] psn
|upkeep
|turn|9
|
|t:|1784291957
|switch|p1b: Archaludon|Archaludon, L50, F|31/100 brn
|move|p1a: Venusaur|Sludge Bomb|p2a: Scovillain
|-supereffective|p2a: Scovillain|1
|-damage|p2a: Scovillain|48/100
|-status|p2a: Scovillain|psn
|-status|p1a: Venusaur|brn|[from] ability: Spicy Spray|[of] p2a: Scovillain
|move|p2a: Scovillain|Leech Seed|p1b: Archaludon
|-start|p1b: Archaludon|move: Leech Seed
|move|p2b: Toxapex|Infestation|p1a: Venusaur
|-damage|p1a: Venusaur|37/100 brn
|-activate|p1a: Venusaur|move: Infestation|[of] p2b: Toxapex
|
|-weather|RainDance|[upkeep]
|-heal|p1b: Archaludon|37/100 brn|[from] item: Leftovers
|-heal|p2b: Toxapex|36/100|[from] item: Leftovers
|-damage|p1b: Archaludon|25/100 brn|[from] Leech Seed|[of] p2a: Scovillain
|-heal|p2a: Scovillain|62/100 psn|[silent]
|-damage|p2a: Scovillain|50/100y psn|[from] psn
|-damage|p1b: Archaludon|19/100 brn|[from] brn
|-damage|p1a: Venusaur|31/100 brn|[from] brn
|-damage|p1a: Venusaur|19/100 brn|[from] move: Infestation|[partiallytrapped]
|upkeep
|turn|10
|inactive|Woodbox has 30 seconds left.
|inactive|Can I pet the dog? has 30 seconds left.
|inactive|Woodbox has 20 seconds left.
|
|t:|1784291994
|-heal|p2b: Toxapex|70/100|[from] ability: Regenerator|[silent]
|switch|p2b: Ninetales|Ninetales-Alola, L50, M|20/100y psn
|-weather|Snowscape|[from] ability: Snow Warning|[of] p2b: Ninetales
|move|p2a: Scovillain|Protect|p2a: Scovillain
|-singleturn|p2a: Scovillain|Protect
|move|p1b: Archaludon|Flash Cannon|p2b: Ninetales
|-supereffective|p2b: Ninetales|2
|-damage|p2b: Ninetales|0 fnt
|faint|p2b: Ninetales
|move|p1a: Venusaur|Earth Power|p2a: Scovillain
|-activate|p2a: Scovillain|move: Protect
|
|-weather|Snowscape|[upkeep]
|-heal|p1b: Archaludon|25/100 brn|[from] item: Leftovers
|-damage|p1b: Archaludon|13/100 brn|[from] Leech Seed|[of] p2a: Scovillain
|-heal|p2a: Scovillain|63/100 psn|[silent]
|-damage|p2a: Scovillain|51/100 psn|[from] psn
|-damage|p1b: Archaludon|7/100 brn|[from] brn
|-damage|p1a: Venusaur|13/100 brn|[from] brn
|-end|p1a: Venusaur|Infestation|[partiallytrapped]|[silent]
|upkeep
|
|t:|1784291996
|switch|p2b: Toxapex|Toxapex, L50, M|70/100
|turn|11
|
|t:|1784292012
|switch|p1b: Pelipper|Pelipper, L50, M|24/100 tox
|-weather|RainDance|[from] ability: Drizzle|[of] p1b: Pelipper
|move|p1a: Venusaur|Sludge Bomb|p2a: Scovillain
|-supereffective|p2a: Scovillain|1
|-damage|p2a: Scovillain|27/100 psn
|move|p2a: Scovillain|Overheat|p1a: Venusaur
|-supereffective|p1a: Venusaur|1
|-damage|p1a: Venusaur|0 fnt
|-unboost|p2a: Scovillain|spa|2
|faint|p1a: Venusaur
|move|p2b: Toxapex|Infestation|p1b: Pelipper
|-resisted|p1b: Pelipper|1
|-damage|p1b: Pelipper|22/100 tox
|-activate|p1b: Pelipper|move: Infestation|[of] p2b: Toxapex
|
|-weather|RainDance|[upkeep]
|-heal|p2b: Toxapex|75/100|[from] item: Leftovers
|-damage|p1b: Pelipper|16/100 tox|[from] psn
|-damage|p2a: Scovillain|15/100 psn|[from] psn
|-damage|p1b: Pelipper|4/100 tox|[from] move: Infestation|[partiallytrapped]
|-sideend|p1: Can I pet the dog?|move: Tailwind
|upkeep
|
|t:|1784292025
|switch|p1a: Archaludon|Archaludon, L50, F|7/100 brn
|turn|12
|
|t:|1784292033
|move|p1a: Archaludon|Protect|p1a: Archaludon
|-singleturn|p1a: Archaludon|Protect
|move|p2a: Scovillain|Protect|p2a: Scovillain
|-singleturn|p2a: Scovillain|Protect
|move|p2b: Toxapex|Baneful Bunker|p2b: Toxapex
|-singleturn|p2b: Toxapex|move: Protect
|move|p1b: Pelipper|Tailwind|p1b: Pelipper
|-sidestart|p1: Can I pet the dog?|move: Tailwind
|
|-weather|RainDance|[upkeep]
|-heal|p1a: Archaludon|13/100 brn|[from] item: Leftovers
|-heal|p2b: Toxapex|81/100|[from] item: Leftovers
|-damage|p1b: Pelipper|0 fnt|[from] psn
|faint|p1b: Pelipper
|-damage|p2a: Scovillain|3/100 psn|[from] psn
|-damage|p1a: Archaludon|7/100 brn|[from] brn
|upkeep
|
|t:|1784292035
|switch|p1b: Swampert|Swampert-Mega, L50, F|64/100
|turn|13
|
|t:|1784292050
|move|p1b: Swampert|Protect|p1b: Swampert
|-singleturn|p1b: Swampert|Protect
|move|p2a: Scovillain|Rage Powder|p2a: Scovillain
|-singleturn|p2a: Scovillain|move: Rage Powder
|move|p1a: Archaludon|Electro Shot||[still]
|-prepare|p1a: Archaludon|Electro Shot
|-boost|p1a: Archaludon|spa|1
|-anim|p1a: Archaludon|Electro Shot|p2a: Scovillain
|-resisted|p2a: Scovillain|1
|-damage|p2a: Scovillain|0 fnt
|faint|p2a: Scovillain
|move|p2b: Toxapex|Infestation|p1a: Archaludon
|-resisted|p1a: Archaludon|1
|-damage|p1a: Archaludon|5/100 brn
|-activate|p1a: Archaludon|move: Infestation|[of] p2b: Toxapex
|-ability|p1a: Archaludon|Stamina|boost
|-boost|p1a: Archaludon|def|1
|
|-weather|RainDance|[upkeep]
|-heal|p1a: Archaludon|11/100 brn|[from] item: Leftovers
|-heal|p2b: Toxapex|87/100|[from] item: Leftovers
|-damage|p1a: Archaludon|5/100 brn|[from] brn
|-damage|p1a: Archaludon|0 fnt|[from] move: Infestation|[partiallytrapped]
|faint|p1a: Archaludon
|-sideend|p2: Woodbox|move: Aurora Veil
|upkeep
|turn|14
|
|t:|1784292059
|move|p2b: Toxapex|Baneful Bunker|p2b: Toxapex
|-singleturn|p2b: Toxapex|move: Protect
|move|p1b: Swampert|High Horsepower|p2b: Toxapex
|-activate|p2b: Toxapex|move: Protect
|-status|p1b: Swampert|psn
|
|-weather|RainDance|[upkeep]
|-heal|p2b: Toxapex|92/100|[from] item: Leftovers
|-damage|p1b: Swampert|52/100 psn|[from] psn
|upkeep
|turn|15
|
|t:|1784292064
|move|p1b: Swampert|High Horsepower|p2b: Toxapex
|-supereffective|p2b: Toxapex|1
|-damage|p2b: Toxapex|24/100
|move|p2b: Toxapex|Infestation|p1b: Swampert
|-damage|p1b: Swampert|49/100 psn
|-activate|p1b: Swampert|move: Infestation|[of] p2b: Toxapex
|
|-weather|none
|-heal|p2b: Toxapex|29/100|[from] item: Leftovers
|-damage|p1b: Swampert|37/100 psn|[from] psn
|-damage|p1b: Swampert|25/100 psn|[from] move: Infestation|[partiallytrapped]
|-sideend|p1: Can I pet the dog?|move: Tailwind
|upkeep
|turn|16
|
|t:|1784292076
|move|p2b: Toxapex|Baneful Bunker|p2b: Toxapex
|-singleturn|p2b: Toxapex|move: Protect
|move|p1b: Swampert|High Horsepower|p2b: Toxapex
|-activate|p2b: Toxapex|move: Protect
|
|-heal|p2b: Toxapex|35/100|[from] item: Leftovers
|-damage|p1b: Swampert|12/100 psn|[from] psn
|-damage|p1b: Swampert|1/100 psn|[from] move: Infestation|[partiallytrapped]
|upkeep
|turn|17
|
|t:|1784292079
|move|p2b: Toxapex|Baneful Bunker||[still]
|-fail|p2b: Toxapex
|move|p1b: Swampert|High Horsepower|p2b: Toxapex
|-supereffective|p2b: Toxapex|1
|-damage|p2b: Toxapex|0 fnt
|faint|p2b: Toxapex
|
|win|Can I pet the dog?
|raw|Can I pet the dog?'s rating: 1337 → 1358(+21 for winning)
|raw|Woodbox's rating: 1362 → 1341(-21 for losing)
|l|☆Woodbox
|player|p2|
|j|☆Woodbox
|player|p2|Woodbox|266|
|l|☆Can I pet the dog?
|player|p1|
