|j|☆jgvs2710
|j|☆master 792
|html|jgvs2710master 792    
|uhtml|bestof|Game 2 of a best-of-3
|t:|1783741369
|gametype|doubles
|player|p1|jgvs2710|lucas|1062
|player|p2|master 792|red|1000
|gen|9
|tier|[Gen 9 Champions] VGC 2026 Reg M-B (Bo3)
|rated|
|rule|Species Clause: Limit one of each Pokémon
|rule|Item Clause: Limit 1 of each item
|clearpoke
|poke|p1|Basculegion, L50, M|
|poke|p1|Garchomp, L50, M|
|poke|p1|Pyroar, L50, F|
|poke|p1|Torkoal, L50, M|
|poke|p1|Venusaur, L50, M|
|poke|p1|Aerodactyl, L50, M|
|poke|p2|Blastoise, L50, M|
|poke|p2|Incineroar, L50, F|
|poke|p2|Kingambit, L50, M|
|poke|p2|Sneasler, L50, F|
|poke|p2|Sinistcha, L50|
|poke|p2|Delphox, L50, M|
|teampreview|4
|showteam|p1|Basculegion||MuscleBand|Adaptability|AquaJet,LastRespects,WaveCrash,Protect|Adamant||M|||50|]Garchomp||LifeOrb|RoughSkin|DragonClaw,StompingTantrum,RockSlide,Protect|Jolly||M|||50|]Pyroar||Pyroarite|Unnerve|HeatWave,Overheat,Protect,SolarBeam|Timid||F|||50|]Torkoal||HeatRock|Drought|HeatWave,Yawn,Protect,HelpingHand|Relaxed||M|||50|]Venusaur||FocusSash|Chlorophyll|Protect,LeafStorm,SludgeBomb,SleepPowder|Modest||M|||50|]Aerodactyl||Aerodactylite|Unnerve|Tailwind,IceFang,RockSlide,DualWingbeat|Jolly||M|||50|
|showteam|p2|Blastoise||Blastoisinite|RainDish|ShellSmash,WaterSpout,DarkPulse,Protect|Modest||M|||50|]Incineroar||SitrusBerry|Intimidate|FlareBlitz,FakeOut,PartingShot,HelpingHand|Impish||F|||50|]Kingambit||BlackGlasses|Defiant|KowtowCleave,Protect,SwordsDance,SuckerPunch|Adamant||M|||50|]Sneasler||FocusSash|PoisonTouch|DireClaw,CloseCombat,FakeOut,QuickGuard|Jolly||F|||50|]Sinistcha||OccaBerry|Hospitality|MatchaGotcha,Protect,TrickRoom,RagePowder|Bold|||||50|]Delphox||Delphoxite|Blaze|HeatWave,Psyshock,NastyPlot,Protect|Timid||M|||50|
|
|t:|1783741426
|teamsize|p1|4
|teamsize|p2|4
|start
|switch|p1a: Torkoal|Torkoal, L50, M|100/100
|switch|p1b: Pyroar|Pyroar, L50, F|100/100
|switch|p2a: Delphox|Delphox, L50, M|100/100
|switch|p2b: Incineroar|Incineroar, L50, F|100/100
|-ability|p1b: Pyroar|Unnerve
|-ability|p2b: Incineroar|Intimidate|boost
|-unboost|p1a: Torkoal|atk|1
|-unboost|p1b: Pyroar|atk|1
|-weather|SunnyDay|[from] ability: Drought|[of] p1a: Torkoal
|turn|1
|
|t:|1783741439
|detailschange|p2a: Delphox|Delphox-Mega, L50, M
|-mega|p2a: Delphox|Delphox|Delphoxite
|move|p1b: Pyroar|Protect|p1b: Pyroar
|-singleturn|p1b: Pyroar|Protect
|move|p1a: Torkoal|Protect|p1a: Torkoal
|-singleturn|p1a: Torkoal|Protect
|move|p2b: Incineroar|Fake Out|p1a: Torkoal
|-activate|p1a: Torkoal|move: Protect
|move|p2a: Delphox|Nasty Plot|p2a: Delphox
|-boost|p2a: Delphox|spa|2
|
|-weather|SunnyDay|[upkeep]
|upkeep
|turn|2
|
|t:|1783741455
|detailschange|p1b: Pyroar|Pyroar-Mega, L50, F
|-mega|p1b: Pyroar|Pyroar|Pyroarite
|move|p2b: Incineroar|Helping Hand|p2a: Delphox
|-singleturn|p2a: Delphox|Helping Hand|[of] p2b: Incineroar
|move|p1a: Torkoal|Helping Hand|p1b: Pyroar
|-singleturn|p1b: Pyroar|Helping Hand|[of] p1a: Torkoal
|move|p2a: Delphox|Heat Wave|p1a: Torkoal|[spread] p1a,p1b
|-resisted|p1a: Torkoal|1
|-resisted|p1b: Pyroar|1
|-damage|p1a: Torkoal|6/100
|-damage|p1b: Pyroar|0 fnt
|faint|p1b: Pyroar
|
|-weather|SunnyDay|[upkeep]
|upkeep
|
|t:|1783741465
|switch|p1b: Venusaur|Venusaur, L50, M|100/100
|turn|3
|
|t:|1783741475
|switch|p2b: Sneasler|Sneasler, L50, F|100/100
|move|p2a: Delphox|Protect|p2a: Delphox
|-singleturn|p2a: Delphox|Protect
|move|p1b: Venusaur|Sleep Powder|p2a: Delphox
|-activate|p2a: Delphox|move: Protect
|move|p1a: Torkoal|Yawn|p2b: Sneasler
|-start|p2b: Sneasler|move: Yawn|[of] p1a: Torkoal
|
|-weather|SunnyDay|[upkeep]
|upkeep
|turn|4
|
|t:|1783741486
|move|p1b: Venusaur|Protect|p1b: Venusaur
|-singleturn|p1b: Venusaur|Protect
|move|p2b: Sneasler|Fake Out|p1b: Venusaur
|-activate|p1b: Venusaur|move: Protect
|move|p2a: Delphox|Heat Wave|p1b: Venusaur|[spread] p1a
|-activate|p1b: Venusaur|move: Protect
|-resisted|p1a: Torkoal|1
|-damage|p1a: Torkoal|0 fnt
|faint|p1a: Torkoal
|
|-weather|SunnyDay|[upkeep]
|-end|p2b: Sneasler|move: Yawn|[silent]
|-status|p2b: Sneasler|slp
|upkeep
|
|t:|1783741491
|switch|p1a: Garchomp|Garchomp, L50, M|100/100
|turn|5
|
|t:|1783741497
|switch|p2b: Incineroar|Incineroar, L50, F|100/100
|-ability|p2b: Incineroar|Intimidate|boost
|-unboost|p1a: Garchomp|atk|1
|-unboost|p1b: Venusaur|atk|1
|move|p2a: Delphox|Protect|p2a: Delphox
|-singleturn|p2a: Delphox|Protect
|move|p1b: Venusaur|Sleep Powder|p2a: Delphox
|-activate|p2a: Delphox|move: Protect
|move|p1a: Garchomp|Stomping Tantrum|p2b: Incineroar
|-supereffective|p2b: Incineroar|1
|-damage|p2b: Incineroar|46/100
|-enditem|p2b: Incineroar|Sitrus Berry|[eat]
|-heal|p2b: Incineroar|70/100|[from] item: Sitrus Berry
|-damage|p1a: Garchomp|90/100|[from] item: Life Orb
|
|-weather|SunnyDay|[upkeep]
|upkeep
|turn|6
|-message|jgvs2710 forfeited.
|
|win|master 792
|l|☆jgvs2710
|player|p1|
||jgvs2710 is ready for game 3.
||master 792 is ready for game 3.
|uhtml|next|Next: Game 3 of 3
