|j|☆GetaJobApplication
|j|☆Orion11Vgc
|html|GetaJobApplicationOrion11Vgc    
|uhtml|bestof|Game 2 of a best-of-3
|t:|1782241928
|gametype|doubles
|player|p1|GetaJobApplication|cynthia|1161
|player|p2|Orion11Vgc|lucas|1159
|gen|9
|tier|[Gen 9 Champions] VGC 2026 Reg M-B (Bo3)
|rated|
|rule|Species Clause: Limit one of each Pokémon
|rule|Item Clause: Limit 1 of each item
|clearpoke
|poke|p1|Maushold-Four, L50|
|poke|p1|Pelipper, L50, M|
|poke|p1|Farigiraf, L50, F, shiny|
|poke|p1|Archaludon, L50, F|
|poke|p1|Swampert, L50, F|
|poke|p1|Mawile, L50, M|
|poke|p2|Raichu, L50, M|
|poke|p2|Floette-Eternal, L50, F|
|poke|p2|Incineroar, L50, M|
|poke|p2|Sinistcha, L50|
|poke|p2|Milotic, L50, M|
|poke|p2|Ceruledge, L50, F|
|teampreview|4
|showteam|p1|Maushold-Four||ChopleBerry|FriendGuard|FollowMe,Protect,RainDance,SuperFang|Timid|||||50|]Pelipper||FocusSash|Drizzle|Tailwind,Hurricane,Protect,WeatherBall|Modest||M|||50|]Farigiraf||SitrusBerry|ArmorTail|Psychic,TrickRoom,Protect,Thunderbolt|Modest||F|||50|]Archaludon||Leftovers|Stamina|FlashCannon,DragonPulse,ElectroShot,Protect|Modest||F|||50|]Swampert||Swampertite|Torrent|IcePunch,WaveCrash,HighHorsepower,Protect|Adamant||F|||50|]Mawile||Mawilite|HyperCutter|SuckerPunch,IronHead,PlayRough,Protect|Adamant||M|||50|
|showteam|p2|Raichu||RaichuniteY|LightningRod|ZapCannon,FocusBlast,FakeOut,Protect|Timid||M|||50|]Floette-Eternal||Floettite|FlowerVeil|DazzlingGleam,DrainingKiss,CalmMind,Protect|Timid||F|||50|]Incineroar||SitrusBerry|Intimidate|FakeOut,FlareBlitz,ThroatChop,PartingShot|Impish||M|||50|]Sinistcha||KasibBerry|Hospitality|MatchaGotcha,RagePowder,LifeDew,Protect|Relaxed|||||50|]Milotic||Leftovers|Competitive|MuddyWater,Coil,Hypnosis,Protect|Calm||M|||50|]Ceruledge||ColburBerry|FlashFire|BitterBlade,ShadowSneak,BulkUp,Protect|Adamant||F|||50|
|inactive|Battle timer is ON: inactive players will automatically lose when time's up. (requested by Orion11Vgc)
|c|☆Orion11Vgc|wow 3 crit
|c|☆GetaJobApplication|nothing without my haz
|c|☆GetaJobApplication|x
|c|☆Orion11Vgc|AHAHAHAHAHAH
|inactive|GetaJobApplication has 60 seconds left.
|
|t:|1782241974
|teamsize|p1|4
|teamsize|p2|4
|start
|switch|p1a: Swampert|Swampert, L50, F|100/100
|switch|p1b: Pelipper|Pelipper, L50, M|100/100
|switch|p2a: Milotic|Milotic, L50, M|100/100
|switch|p2b: Incineroar|Incineroar, L50, M|100/100
|-weather|RainDance|[from] ability: Drizzle|[of] p1b: Pelipper
|-ability|p2b: Incineroar|Intimidate|boost
|-unboost|p1a: Swampert|atk|1
|-unboost|p1b: Pelipper|atk|1
|turn|1
|
|t:|1782241999
|switch|p2b: Sinistcha|Sinistcha, L50|100/100
|detailschange|p1a: Swampert|Swampert-Mega, L50, F
|-mega|p1a: Swampert|Swampert|Swampertite
|move|p1a: Swampert|Wave Crash|p2b: Sinistcha
|-resisted|p2b: Sinistcha|1
|-damage|p2b: Sinistcha|69/100
|-damage|p1a: Swampert|89/100|[from] Recoil
|move|p1b: Pelipper|Hurricane|p2b: Sinistcha
|-supereffective|p2b: Sinistcha|1
|-damage|p2b: Sinistcha|0 fnt
|faint|p2b: Sinistcha
|move|p2a: Milotic|Coil|p2a: Milotic
|-boost|p2a: Milotic|atk|1
|-boost|p2a: Milotic|def|1
|-boost|p2a: Milotic|accuracy|1
|
|-weather|RainDance|[upkeep]
|upkeep
|
|t:|1782242021
|switch|p2b: Incineroar|Incineroar, L50, M|100/100
|-ability|p2b: Incineroar|Intimidate|boost
|-unboost|p1a: Swampert|atk|1
|-unboost|p1b: Pelipper|atk|1
|turn|2
|
|t:|1782242028
|switch|p1a: Farigiraf|Farigiraf, L50, F, shiny|100/100
|move|p2b: Incineroar|Fake Out||[still]
|cant|p1a: Farigiraf|ability: Armor Tail|Fake Out|[of] p2b: Incineroar
|move|p1b: Pelipper|Weather Ball|p2b: Incineroar
|-supereffective|p2b: Incineroar|1
|-damage|p2b: Incineroar|0 fnt
|faint|p2b: Incineroar
|move|p2a: Milotic|Hypnosis|p1a: Farigiraf
|-status|p1a: Farigiraf|slp|[from] move: Hypnosis
|
|-weather|RainDance|[upkeep]
|upkeep
|c|☆Orion11Vgc|im stupid
|c|☆Orion11Vgc|good moves
|inactive|Orion11Vgc has 30 seconds left.
|
|t:|1782242055
|switch|p2b: Raichu|Raichu, L50, M|100/100
|turn|3
|c|☆GetaJobApplication|yeah gotta prove im not a hax murchent
|
|t:|1782242074
|detailschange|p2b: Raichu|Raichu-Mega-Y, L50, M
|-mega|p2b: Raichu|Raichu|Raichunite Y
|move|p2b: Raichu|Zap Cannon|p1a: Farigiraf
|-damage|p1a: Farigiraf|43/100 slp
|-enditem|p1a: Farigiraf|Sitrus Berry|[eat]
|-heal|p1a: Farigiraf|68/100 slp|[from] item: Sitrus Berry
|move|p1b: Pelipper|Tailwind|p1b: Pelipper
|-sidestart|p1: GetaJobApplication|move: Tailwind
|cant|p1a: Farigiraf|slp
|move|p2a: Milotic|Coil|p2a: Milotic
|-boost|p2a: Milotic|atk|1
|-boost|p2a: Milotic|def|1
|-boost|p2a: Milotic|accuracy|1
|
|-weather|RainDance|[upkeep]
|upkeep
|turn|4
|c|☆Orion11Vgc|yeah i know
|inactive|Orion11Vgc has 30 seconds left.
|
|t:|1782242102
|move|p1b: Pelipper|Hurricane|p2b: Raichu
|-resisted|p2b: Raichu|1
|-damage|p2b: Raichu|64/100
|move|p2b: Raichu|Zap Cannon|p1b: Pelipper
|-supereffective|p1b: Pelipper|2
|-enditem|p1b: Pelipper|Focus Sash
|-damage|p1b: Pelipper|1/100
|-status|p1b: Pelipper|par
|cant|p1a: Farigiraf|slp
|move|p2a: Milotic|Muddy Water|p1b: Pelipper|[spread] p1a,p1b
|-resisted|p1b: Pelipper|1
|-damage|p1a: Farigiraf|35/100 slp
|-damage|p1b: Pelipper|0 fnt
|faint|p1b: Pelipper
|
|-weather|RainDance|[upkeep]
|upkeep
|
|t:|1782242123
|switch|p1b: Swampert|Swampert-Mega, L50, F|89/100
|turn|5
|
|t:|1782242141
|move|p1b: Swampert|Protect|p1b: Swampert
|-singleturn|p1b: Swampert|Protect
|move|p2b: Raichu|Zap Cannon|p1a: Farigiraf
|-damage|p1a: Farigiraf|0 fnt
|faint|p1a: Farigiraf
|move|p2a: Milotic|Hypnosis|p1b: Swampert
|-activate|p1b: Swampert|move: Protect
|
|-weather|none
|upkeep
|
|t:|1782242145
|switch|p1a: Archaludon|Archaludon, L50, F|100/100
|turn|6
|
|t:|1782242161
|move|p2b: Raichu|Protect|p2b: Raichu
|-singleturn|p2b: Raichu|Protect
|move|p1b: Swampert|High Horsepower|p2b: Raichu
|-activate|p2b: Raichu|move: Protect
|move|p1a: Archaludon|Electro Shot||[still]
|-prepare|p1a: Archaludon|Electro Shot
|-boost|p1a: Archaludon|spa|1
|move|p2a: Milotic|Hypnosis|p1b: Swampert
|-status|p1b: Swampert|slp|[from] move: Hypnosis
|
|-sideend|p1: GetaJobApplication|move: Tailwind
|upkeep
|turn|7
|
|t:|1782242177
|move|p2a: Milotic|Protect|p2a: Milotic
|-singleturn|p2a: Milotic|Protect
|move|p2b: Raichu|Focus Blast|p1a: Archaludon
|-supereffective|p1a: Archaludon|1
|-damage|p1a: Archaludon|21/100
|-ability|p1a: Archaludon|Stamina|boost
|-boost|p1a: Archaludon|def|1
|cant|p1b: Swampert|slp
|move|p1a: Archaludon|Electro Shot|p2a: Milotic|[from] lockedmove
|-activate|p2a: Milotic|move: Protect
|
|-heal|p1a: Archaludon|27/100|[from] item: Leftovers
|upkeep
|turn|8
|
|t:|1782242196
|move|p2b: Raichu|Protect|p2b: Raichu
|-singleturn|p2b: Raichu|Protect
|move|p1a: Archaludon|Protect|p1a: Archaludon
|-singleturn|p1a: Archaludon|Protect
|cant|p1b: Swampert|slp
|move|p2a: Milotic|Muddy Water|p1a: Archaludon|[spread] p1b
|-activate|p1a: Archaludon|move: Protect
|-damage|p1b: Swampert|67/100 slp
|
|-heal|p1a: Archaludon|33/100|[from] item: Leftovers
|upkeep
|turn|9
|
|t:|1782242212
|move|p1a: Archaludon|Protect||[still]
|-fail|p1a: Archaludon
|move|p2b: Raichu|Focus Blast|p1a: Archaludon
|-supereffective|p1a: Archaludon|1
|-damage|p1a: Archaludon|0 fnt
|faint|p1a: Archaludon
|-curestatus|p1b: Swampert|slp|[msg]
|move|p1b: Swampert|High Horsepower|p2b: Raichu
|-supereffective|p2b: Raichu|1
|-damage|p2b: Raichu|0 fnt
|faint|p2b: Raichu
|move|p2a: Milotic|Coil|p2a: Milotic
|-boost|p2a: Milotic|atk|1
|-boost|p2a: Milotic|def|1
|-boost|p2a: Milotic|accuracy|1
|
|upkeep
|turn|10
|
|t:|1782242229
|move|p1b: Swampert|High Horsepower|p2a: Milotic
|-damage|p2a: Milotic|77/100
|move|p2a: Milotic|Hypnosis|p1b: Swampert
|-status|p1b: Swampert|slp|[from] move: Hypnosis
|
|-heal|p2a: Milotic|83/100|[from] item: Leftovers
|upkeep
|turn|11
|-message|GetaJobApplication forfeited.
|
|win|Orion11Vgc
||GetaJobApplication is ready for game 3.
||Orion11Vgc is ready for game 3.
|uhtml|next|Next: Game 3 of 3
|l|☆Orion11Vgc
|player|p2|
