|j|☆tmjp01
|j|☆x5414
|html|tmjp01x5414    
|uhtml|bestof|Game 1 of a best-of-3
|t:|1782498956
|gametype|doubles
|player|p1|tmjp01|102|1263
|player|p2|x5414|266|1167
|gen|9
|tier|[Gen 9 Champions] VGC 2026 Reg M-B (Bo3)
|rated|
|rule|Species Clause: Limit one of each Pokémon
|rule|Item Clause: Limit 1 of each item
|clearpoke
|poke|p1|Corviknight, L50, M|
|poke|p1|Tyranitar, L50, M|
|poke|p1|Hydreigon, L50, M|
|poke|p1|Froslass, L50, F|
|poke|p1|Garchomp, L50, M|
|poke|p1|Arcanine-Hisui, L50, F|
|poke|p2|Grimmsnarl, L50, M|
|poke|p2|Incineroar, L50, M|
|poke|p2|Whimsicott, L50, F|
|poke|p2|Scizor, L50, M|
|poke|p2|Sinistcha, L50|
|poke|p2|Staraptor, L50, M|
|teampreview|4
|showteam|p1|Corviknight||OccaBerry|MirrorArmor|BraveBird,Protect,IronHead,Tailwind|Adamant||M|||50|]Tyranitar||Tyranitarite|SandStream|Protect,KnockOff,RockSlide,DragonDance|Adamant||M|||50|]Hydreigon||ChoiceScarf|Levitate|DarkPulse,DracoMeteor,EarthPower,ZenHeadbutt|Timid||M|||50|]Froslass||Froslassite|CursedBody|Blizzard,Protect,ShadowBall,WeatherBall|Timid||F|||50|]Garchomp||LifeOrb|RoughSkin|Protect,DragonClaw,RockSlide,Earthquake|Jolly||M|||50|]Arcanine-Hisui||FocusSash|RockHead|Protect,HeadSmash,ExtremeSpeed,FlareBlitz|Adamant||F|||50|
|showteam|p2|Grimmsnarl||LightClay|Prankster|LightScreen,Reflect,PartingShot,SpiritBreak|Careful||M|||50|]Incineroar||SitrusBerry|Intimidate|FakeOut,FlareBlitz,DarkestLariat,PartingShot|Relaxed||M|||50|]Whimsicott||FocusSash|Prankster|Protect,Moonblast,Tailwind,Charm|Bold||F|||50|]Scizor||Leftovers|Technician|Curse,Protect,BugBite,BulletPunch|Adamant||M|||50|]Sinistcha||OccaBerry|Hospitality|MatchaGotcha,RagePowder,TrickRoom,LifeDew|Sassy|||||50|]Staraptor||Staraptite|Intimidate|BraveBird,CloseCombat,Roost,Protect|Jolly||M|||50|
|inactive|Battle timer is ON: inactive players will automatically lose when time's up. (requested by x5414)
|
|t:|1782498989
|teamsize|p1|4
|teamsize|p2|4
|start
|switch|p1a: Corviknight|Corviknight, L50, M|100/100
|switch|p1b: Arcanine|Arcanine-Hisui, L50, F|100/100
|switch|p2a: Staraptor|Staraptor, L50, M|100/100
|switch|p2b: Grimmsnarl|Grimmsnarl, L50, M|100/100
|-ability|p2a: Staraptor|Intimidate|boost
|-ability|p1a: Corviknight|Mirror Armor
|-unboost|p2a: Staraptor|atk|1
|-unboost|p1b: Arcanine|atk|1
|turn|1
|inactive|x5414 has 30 seconds left.
|
|t:|1782499015
|detailschange|p2a: Staraptor|Staraptor-Mega, L50, M
|-mega|p2a: Staraptor|Staraptor|Staraptite
|move|p2b: Grimmsnarl|Reflect|p2b: Grimmsnarl
|-sidestart|p2: x5414|Reflect
|move|p2a: Staraptor|Close Combat|p1b: Arcanine
|-supereffective|p1b: Arcanine|1
|-damage|p1b: Arcanine|12/100
|-boost|p2a: Staraptor|def|1
|-boost|p2a: Staraptor|spd|1
|move|p1b: Arcanine|Head Smash|p2a: Staraptor
|-damage|p2a: Staraptor|77/100
|move|p1a: Corviknight|Tailwind|p1a: Corviknight
|-sidestart|p1: tmjp01|move: Tailwind
|
|upkeep
|turn|2
|
|t:|1782499039
|move|p2b: Grimmsnarl|Light Screen|p2b: Grimmsnarl
|-sidestart|p2: x5414|move: Light Screen
|move|p1b: Arcanine|Flare Blitz|p2a: Staraptor
|-damage|p2a: Staraptor|61/100
|move|p1a: Corviknight|Brave Bird|p2a: Staraptor
|-supereffective|p2a: Staraptor|1
|-damage|p2a: Staraptor|25/100
|-damage|p1a: Corviknight|88/100|[from] Recoil
|move|p2a: Staraptor|Close Combat|p1b: Arcanine
|-supereffective|p1b: Arcanine|1
|-damage|p1b: Arcanine|0 fnt
|-boost|p2a: Staraptor|def|1
|-boost|p2a: Staraptor|spd|1
|faint|p1b: Arcanine
|
|upkeep
|
|t:|1782499047
|switch|p1b: Froslass|Froslass, L50, F|100/100
|turn|3
|inactive|tmjp01 has 30 seconds left.
|
|t:|1782499081
|detailschange|p1b: Froslass|Froslass-Mega, L50, F
|-mega|p1b: Froslass|Froslass|Froslassite
|-weather|Snowscape|[from] ability: Snow Warning|[of] p1b: Froslass
|move|p2a: Staraptor|Protect|p2a: Staraptor
|-singleturn|p2a: Staraptor|Protect
|move|p1b: Froslass|Blizzard|p2b: Grimmsnarl|[spread] p2b
|-activate|p2a: Staraptor|move: Protect
|-damage|p2b: Grimmsnarl|76/100
|move|p1a: Corviknight|Brave Bird|p2a: Staraptor
|-activate|p2a: Staraptor|move: Protect
|move|p2b: Grimmsnarl|Spirit Break|p1b: Froslass
|-damage|p1b: Froslass|64/100
|-unboost|p1b: Froslass|spa|1
|
|-weather|Snowscape|[upkeep]
|upkeep
|turn|4
|
|t:|1782499094
|move|p2b: Grimmsnarl|Parting Shot|p1b: Froslass
|-unboost|p1b: Froslass|atk|1
|-unboost|p1b: Froslass|spa|1
|
|t:|1782499097
|switch|p2b: Sinistcha|Sinistcha, L50|100/100|[from] Parting Shot
|-heal|p2a: Staraptor|50/100g|[from] ability: Hospitality|[of] p2b: Sinistcha
|move|p1b: Froslass|Blizzard|p2a: Staraptor|[spread] p2a,p2b
|-supereffective|p2a: Staraptor|1
|-supereffective|p2b: Sinistcha|1
|-damage|p2a: Staraptor|33/100
|-damage|p2b: Sinistcha|70/100
|move|p1a: Corviknight|Brave Bird|p2a: Staraptor
|-supereffective|p2a: Staraptor|1
|-damage|p2a: Staraptor|8/100
|-damage|p1a: Corviknight|80/100|[from] Recoil
|move|p2a: Staraptor|Roost|p2a: Staraptor
|-heal|p2a: Staraptor|58/100
|-singleturn|p2a: Staraptor|move: Roost
|
|-weather|Snowscape|[upkeep]
|-sideend|p1: tmjp01|move: Tailwind
|upkeep
|turn|5
|
|t:|1782499122
|switch|p1b: Garchomp|Garchomp, L50, M|100/100
|move|p2a: Staraptor|Close Combat|p1a: Corviknight
|-damage|p1a: Corviknight|46/100
|-boost|p2a: Staraptor|def|1
|-boost|p2a: Staraptor|spd|1
|move|p1a: Corviknight|Brave Bird|p2b: Sinistcha
|-supereffective|p2b: Sinistcha|1
|-damage|p2b: Sinistcha|18/100
|-damage|p1a: Corviknight|32/100|[from] Recoil
|move|p2b: Sinistcha|Life Dew|p2b: Sinistcha|[spread] p2a,p2b
|-heal|p2a: Staraptor|83/100
|-heal|p2b: Sinistcha|43/100
|
|-weather|Snowscape|[upkeep]
|upkeep
|turn|6
|inactive|tmjp01 has 30 seconds left.
|
|t:|1782499156
|move|p2a: Staraptor|Close Combat|p1a: Corviknight
|-damage|p1a: Corviknight|0 fnt
|-boost|p2a: Staraptor|def|1
|-boost|p2a: Staraptor|spd|1
|faint|p1a: Corviknight
|move|p1b: Garchomp|Dragon Claw|p2b: Sinistcha
|-damage|p2b: Sinistcha|10/100
|-damage|p1b: Garchomp|90/100|[from] item: Life Orb
|move|p2b: Sinistcha|Matcha Gotcha|p1b: Garchomp
|-damage|p1b: Garchomp|51/100
|-heal|p2b: Sinistcha|29/100|[from] drain|[of] p1b: Garchomp
|
|-weather|Snowscape|[upkeep]
|upkeep
|
|t:|1782499159
|switch|p1a: Froslass|Froslass-Mega, L50, F|64/100
|turn|7
|
|t:|1782499172
|move|p1a: Froslass|Blizzard|p2b: Sinistcha|[spread] p2a,p2b
|-supereffective|p2a: Staraptor|1
|-supereffective|p2b: Sinistcha|1
|-damage|p2a: Staraptor|60/100
|-damage|p2b: Sinistcha|0 fnt
|faint|p2b: Sinistcha
|move|p2a: Staraptor|Brave Bird|p1a: Froslass
|-damage|p1a: Froslass|19/100
|-damage|p2a: Staraptor|48/100|[from] Recoil
|move|p1b: Garchomp|Rock Slide|p2a: Staraptor
|-damage|p2a: Staraptor|41/100
|-damage|p1b: Garchomp|42/100|[from] item: Life Orb
|
|-weather|none
|upkeep
|
|t:|1782499176
|switch|p2b: Grimmsnarl|Grimmsnarl, L50, M|76/100
|turn|8
|
|t:|1782499185
|move|p1a: Froslass|Blizzard|p2a: Staraptor|[spread] p2a,p2b
|-supereffective|p2a: Staraptor|1
|-damage|p2a: Staraptor|18/100
|-damage|p2b: Grimmsnarl|53/100
|move|p2a: Staraptor|Brave Bird|p1a: Froslass
|-damage|p1a: Froslass|0 fnt
|faint|p1a: Froslass
|-damage|p2a: Staraptor|13/100|[from] Recoil
|move|p1b: Garchomp|Rock Slide|p2a: Staraptor|[spread] p2a,p2b
|-damage|p2a: Staraptor|8/100
|-damage|p2b: Grimmsnarl|32/100
|-damage|p1b: Garchomp|32/100|[from] item: Life Orb
|move|p2b: Grimmsnarl|Spirit Break|p1b: Garchomp
|-supereffective|p1b: Garchomp|1
|-damage|p1b: Garchomp|0 fnt
|-damage|p2b: Grimmsnarl|19/100|[from] ability: Rough Skin|[of] p1b: Garchomp
|faint|p1b: Garchomp
|
|win|x5414
||x5414 is ready for game 2.
||tmjp01 is ready for game 2.
|uhtml|next|Next: Game 2 of 3
