|j|☆lettitripppp
|j|☆BeckVGC
|html|lettitrippppBeckVGC    
|uhtml|bestof|Game 1 of a best-of-3
|t:|1785786247
|gametype|doubles
|player|p1|lettitripppp|lucas|1279
|player|p2|BeckVGC|roughneck-gen4|1141
|gen|9
|tier|[Gen 9 Champions] VGC 2026 Reg M-B (Bo3)
|rated|
|rule|Species Clause: Limit one of each Pokémon
|rule|Item Clause: Limit 1 of each item
|clearpoke
|poke|p1|Charizard, L50, M|
|poke|p1|Floette-Eternal, L50, F|
|poke|p1|Basculegion, L50, M|
|poke|p1|Whimsicott, L50, F, shiny|
|poke|p1|Garchomp, L50, M|
|poke|p1|Kingambit, L50, M, shiny|
|poke|p2|Ninetales-Alola, L50, F|
|poke|p2|Kingambit, L50, M|
|poke|p2|Glimmora, L50, F|
|poke|p2|Kommo-o, L50, M|
|poke|p2|Whimsicott, L50, F|
|poke|p2|Basculegion, L50, M|
|teampreview|4
|showteam|p1|Charizard||CharizarditeY|Blaze|WeatherBall,SolarBeam,HeatWave,Protect|Modest||M|||50|]Floette-Eternal||Floettite|Symbiosis|DazzlingGleam,LightofRuin,Moonblast,Protect|Modest||F|||50|]Basculegion||MysticWater|Adaptability|LastRespects,WaveCrash,AquaJet,Protect|Adamant||M|||50|]Whimsicott||FocusSash|Prankster|Moonblast,Tailwind,Encore,Protect|Timid||F|||50|]Garchomp||LifeOrb|RoughSkin|StompingTantrum,DragonClaw,RockSlide,Protect|Jolly||M|||50|]Kingambit||ChopleBerry|Defiant|KowtowCleave,SuckerPunch,IronHead,LowKick|Adamant||M|||50|
|showteam|p2|Ninetales-Alola||NeverMeltIce|SnowWarning|Protect,Blizzard,FreezeDry,HelpingHand|Timid||F|||50|]Kingambit||ChopleBerry|Defiant|Protect,KowtowCleave,LowKick,SuckerPunch|Adamant||M|||50|]Glimmora||Glimmoranite|ToxicDebris|PowerGem,SludgeBomb,EarthPower,SpikyShield|Modest||F|||50|]Kommo-o||LifeOrb|Soundproof|AuraSphere,ClangingScales,VacuumWave,Protect|Modest||M|||50|]Whimsicott||FocusSash|Prankster|Protect,Moonblast,Tailwind,Encore|Timid||F|||50|]Basculegion||ChoiceScarf|Adaptability|WaveCrash,LastRespects,FlipTurn,AquaJet|Jolly||M|||50|
|inactive|Battle timer is ON: inactive players will automatically lose when time's up. (requested by BeckVGC)
|inactive|lettitripppp also wants the timer to be on.
|inactive|BeckVGC has 60 seconds left.
|inactive|BeckVGC has 30 seconds left.
|
|t:|1785786313
|teamsize|p1|4
|teamsize|p2|4
|start
|switch|p1a: GHOSTWAVE|Basculegion, L50, M|100/100
|switch|p1b: LETS GO AGAIN|Whimsicott, L50, F, shiny|100/100
|switch|p2a: Whimsicott|Whimsicott, L50, F|100/100
|switch|p2b: Glimmora|Glimmora, L50, F|100/100
|turn|1
|inactive|BeckVGC has 30 seconds left.
|
|t:|1785786342
|switch|p2b: Kommo-o|Kommo-o, L50, M|100/100
|move|p2a: Whimsicott|Tailwind|p2a: Whimsicott
|-sidestart|p2: BeckVGC|move: Tailwind
|move|p1b: LETS GO AGAIN|Moonblast|p2a: Whimsicott
|-damage|p2a: Whimsicott|43/100
|-unboost|p2a: Whimsicott|spa|1
|move|p1a: GHOSTWAVE|Wave Crash|p2a: Whimsicott
|-resisted|p2a: Whimsicott|1
|-damage|p2a: Whimsicott|0 fnt
|faint|p2a: Whimsicott
|-damage|p1a: GHOSTWAVE|90/100|[from] Recoil
|
|upkeep
|
|t:|1785786366
|switch|p2a: Ninetales|Ninetales-Alola, L50, F|100/100
|-weather|Snowscape|[from] ability: Snow Warning|[of] p2a: Ninetales
|turn|2
|
|t:|1785786376
|move|p1a: GHOSTWAVE|Protect|p1a: GHOSTWAVE
|-singleturn|p1a: GHOSTWAVE|Protect
|move|p2b: Kommo-o|Vacuum Wave|p1b: LETS GO AGAIN
|-resisted|p1b: LETS GO AGAIN|1
|-damage|p1b: LETS GO AGAIN|80/100
|-damage|p2b: Kommo-o|90/100|[from] item: Life Orb
|move|p1b: LETS GO AGAIN|Tailwind|p1b: LETS GO AGAIN
|-sidestart|p1: lettitripppp|move: Tailwind
|move|p2a: Ninetales|Blizzard|p1b: LETS GO AGAIN|[spread] p1b
|-activate|p1a: GHOSTWAVE|move: Protect
|-supereffective|p1b: LETS GO AGAIN|1
|-damage|p1b: LETS GO AGAIN|0 fnt
|faint|p1b: LETS GO AGAIN
|
|-weather|Snowscape|[upkeep]
|upkeep
|
|t:|1785786389
|switch|p1b: CRUSH SHARK|Garchomp, L50, M|100/100
|turn|3
|
|t:|1785786411
|move|p1b: CRUSH SHARK|Protect|p1b: CRUSH SHARK
|-singleturn|p1b: CRUSH SHARK|Protect
|move|p2a: Ninetales|Blizzard|p1a: GHOSTWAVE|[spread] p1a
|-activate|p1b: CRUSH SHARK|move: Protect
|-resisted|p1a: GHOSTWAVE|1
|-damage|p1a: GHOSTWAVE|72/100
|move|p2b: Kommo-o|Clanging Scales|p1a: GHOSTWAVE|[spread] p1a
|-activate|p1b: CRUSH SHARK|move: Protect
|-damage|p1a: GHOSTWAVE|16/100
|-unboost|p2b: Kommo-o|def|1
|-damage|p2b: Kommo-o|80/100|[from] item: Life Orb
|move|p1a: GHOSTWAVE|Wave Crash|p2a: Ninetales
|-damage|p2a: Ninetales|18/100
|-damage|p1a: GHOSTWAVE|0 fnt|[from] Recoil
|faint|p1a: GHOSTWAVE
|
|-weather|Snowscape|[upkeep]
|upkeep
|
|t:|1785786427
|switch|p1a: GENERAL BLADUS|Kingambit, L50, M, shiny|100/100
|turn|4
|
|t:|1785786437
|move|p2b: Kommo-o|Vacuum Wave|p1a: GENERAL BLADUS
|-supereffective|p1a: GENERAL BLADUS|2
|-enditem|p1a: GENERAL BLADUS|Chople Berry|[eat]
|-enditem|p1a: GENERAL BLADUS|Chople Berry|[weaken]
|-damage|p1a: GENERAL BLADUS|48/100
|-damage|p2b: Kommo-o|70/100|[from] item: Life Orb
|move|p1a: GENERAL BLADUS|Sucker Punch|p2a: Ninetales
|-resisted|p2a: Ninetales|1
|-damage|p2a: Ninetales|0 fnt
|faint|p2a: Ninetales
|move|p1b: CRUSH SHARK|Dragon Claw|p2b: Kommo-o
|-supereffective|p2b: Kommo-o|1
|-damage|p2b: Kommo-o|0 fnt
|faint|p2b: Kommo-o
|-damage|p1b: CRUSH SHARK|90/100|[from] item: Life Orb
|
|-weather|Snowscape|[upkeep]
|-sideend|p2: BeckVGC|move: Tailwind
|upkeep
|
|t:|1785786449
|switch|p2a: Glimmora|Glimmora, L50, F|100/100
|turn|5
|
|t:|1785786454
|move|p1b: CRUSH SHARK|Protect|p1b: CRUSH SHARK
|-singleturn|p1b: CRUSH SHARK|Protect
|move|p2a: Glimmora|Spiky Shield|p2a: Glimmora
|-singleturn|p2a: Glimmora|move: Protect
|move|p1a: GENERAL BLADUS|Iron Head|p2a: Glimmora
|-activate|p2a: Glimmora|move: Protect
|-damage|p1a: GENERAL BLADUS|35/100|[from] Spiky Shield|[of] p2a: Glimmora
|
|-weather|Snowscape|[upkeep]
|-sideend|p1: lettitripppp|move: Tailwind
|upkeep
|turn|6
|c|☆lettitripppp|gg
|
|t:|1785786463
|detailschange|p2a: Glimmora|Glimmora-Mega, L50, F
|-mega|p2a: Glimmora|Glimmora|Glimmoranite
|move|p1a: GENERAL BLADUS|Sucker Punch|p2a: Glimmora
|-damage|p2a: Glimmora|54/100
|move|p1b: CRUSH SHARK|Stomping Tantrum|p2a: Glimmora
|-supereffective|p2a: Glimmora|2
|-damage|p2a: Glimmora|0 fnt
|faint|p2a: Glimmora
|-damage|p1b: CRUSH SHARK|80/100|[from] item: Life Orb
|
|win|lettitripppp
||lettitripppp is ready for game 2.
|inactive|BeckVGC has 30 seconds to confirm battle start!
|l|☆BeckVGC
|player|p2|
|inactive|BeckVGC has 20 seconds to confirm battle start!
|inactive|BeckVGC has 10 seconds to confirm battle start!
