|j|☆2BStellar
|j|☆TPShame
|html|2BStellarTPShame    
|uhtml|bestof|Game 1 of a best-of-3
|t:|1785950259
|gametype|doubles
|player|p1|2BStellar|hilbert-wonderlauncher|
|player|p2|TPShame|giovanni|
|gen|9
|tier|[Gen 9 Champions] VGC 2026 Reg M-B (Bo3)
|rule|Species Clause: Limit one of each Pokémon
|rule|Item Clause: Limit 1 of each item
|clearpoke
|poke|p1|Sylveon, L50, F, shiny|
|poke|p1|Garchomp, L50, M, shiny|
|poke|p1|Kingambit, L50, M, shiny|
|poke|p1|Charizard, L50, M, shiny|
|poke|p1|Aerodactyl, L50, M, shiny|
|poke|p1|Farigiraf, L50, F, shiny|
|poke|p2|Staraptor, L50, M|
|poke|p2|Milotic, L50, F, shiny|
|poke|p2|Tyranitar, L50, M, shiny|
|poke|p2|Gholdengo, L50|
|poke|p2|Excadrill, L50, M, shiny|
|poke|p2|Sinistcha, L50|
|teampreview|4
|showteam|p1|Sylveon||FairyFeather|Pixilate|Detect,HyperVoice,QuickAttack,HyperBeam|Modest||F|||50|]Garchomp||ChoiceScarf|RoughSkin|StompingTantrum,Earthquake,DragonClaw,StoneEdge|Adamant||M|||50|]Kingambit||LifeOrb|Defiant|SuckerPunch,KowtowCleave,IronHead,BrickBreak|Adamant||M|||50|]Charizard||CharizarditeY|Blaze|Protect,HeatWave,SolarBeam,WeatherBall|Modest||M|||50|]Aerodactyl||Aerodactylite|RockHead|Tailwind,RockSlide,WideGuard,DualWingbeat|Jolly||M|||50|]Farigiraf||SitrusBerry|ArmorTail|Protect,Thunderbolt,TwinBeam,TrickRoom|Bold||F|||50|
|showteam|p2|Staraptor||Staraptite|Intimidate|BraveBird,CloseCombat,Tailwind,Protect|Jolly||M|||50|]Milotic||SitrusBerry|Competitive|Scald,IceBeam,IcyWind,Protect|Modest||F|||50|]Tyranitar||Tyranitarite|SandStream|RockSlide,KnockOff,LowKick,Protect|Adamant||M|||50|]Gholdengo||LifeOrb|GoodasGold|ShadowBall,MakeItRain,NastyPlot,Protect|Modest|||||50|]Excadrill||FocusSash|SandRush|HighHorsepower,IronHead,RockSlide,Protect|Adamant||M|||50|]Sinistcha||ColburBerry|Hospitality|MatchaGotcha,RagePowder,TrickRoom,Protect|Bold|||||50|
|c|☆2BStellar|glhf
|c|☆TPShame|glhf:)
|
|t:|1785950344
|teamsize|p1|4
|teamsize|p2|4
|start
|switch|p1a: giraf|Farigiraf, L50, F, shiny|100/100
|switch|p1b: e4e5f4|Kingambit, L50, M, shiny|100/100
|switch|p2a: Tyranitar|Tyranitar, L50, M, shiny|100/100
|switch|p2b: Excadrill|Excadrill, L50, M, shiny|100/100
|-weather|Sandstorm|[from] ability: Sand Stream|[of] p2a: Tyranitar
|turn|1
|
|t:|1785950391
|switch|p2b: Sinistcha|Sinistcha, L50|100/100
|switch|p1b: WHEEEE|Sylveon, L50, F, shiny|100/100
|move|p2a: Tyranitar|Low Kick|p1b: WHEEEE
|-resisted|p1b: WHEEEE|1
|-damage|p1b: WHEEEE|93/100
|move|p1a: giraf|Trick Room|p1a: giraf
|-fieldstart|move: Trick Room|[of] p1a: giraf
|
|-weather|Sandstorm|[upkeep]
|-damage|p1a: giraf|94/100|[from] Sandstorm
|-damage|p1b: WHEEEE|87/100|[from] Sandstorm
|-damage|p2b: Sinistcha|93/100|[from] Sandstorm
|upkeep
|turn|2
|
|t:|1785950429
|move|p2a: Tyranitar|Protect|p2a: Tyranitar
|-singleturn|p2a: Tyranitar|Protect
|move|p1b: WHEEEE|Hyper Voice|p2b: Sinistcha|[spread] p2b
|-activate|p2a: Tyranitar|move: Protect
|-damage|p2b: Sinistcha|56/100
|move|p1a: giraf|Trick Room|p1a: giraf
|-fieldend|move: Trick Room
|move|p2b: Sinistcha|Trick Room|p2b: Sinistcha
|-fieldstart|move: Trick Room|[of] p2b: Sinistcha
|
|-weather|Sandstorm|[upkeep]
|-damage|p1a: giraf|88/100|[from] Sandstorm
|-damage|p1b: WHEEEE|82/100|[from] Sandstorm
|-damage|p2b: Sinistcha|50/100g|[from] Sandstorm
|upkeep
|turn|3
|
|t:|1785950451
|switch|p1a: e4e5f4|Kingambit, L50, M, shiny|100/100
|move|p1b: WHEEEE|Hyper Voice|p2b: Sinistcha|[spread] p2a,p2b
|-supereffective|p2a: Tyranitar|1
|-damage|p2a: Tyranitar|52/100
|-damage|p2b: Sinistcha|10/100
|move|p2b: Sinistcha|Matcha Gotcha|p1b: WHEEEE|[spread] 
|-miss|p2b: Sinistcha|p1a: e4e5f4
|-miss|p2b: Sinistcha|p1b: WHEEEE
|move|p2a: Tyranitar|Knock Off|p1a: e4e5f4
|-resisted|p1a: e4e5f4|1
|-damage|p1a: e4e5f4|79/100
|-enditem|p1a: e4e5f4|Life Orb|[from] move: Knock Off|[of] p2a: Tyranitar
|
|-weather|Sandstorm|[upkeep]
|-damage|p1b: WHEEEE|76/100|[from] Sandstorm
|-damage|p2b: Sinistcha|3/100|[from] Sandstorm
|upkeep
|turn|4
|
|t:|1785950491
|switch|p2b: Milotic|Milotic, L50, F, shiny|100/100
|move|p2a: Tyranitar|Protect|p2a: Tyranitar
|-singleturn|p2a: Tyranitar|Protect
|move|p1b: WHEEEE|Hyper Voice|p2a: Tyranitar|[spread] p2b
|-activate|p2a: Tyranitar|move: Protect
|-damage|p2b: Milotic|68/100
|move|p1a: e4e5f4|Brick Break|p2a: Tyranitar
|-activate|p2a: Tyranitar|move: Protect
|
|-weather|Sandstorm|[upkeep]
|-damage|p1b: WHEEEE|70/100|[from] Sandstorm
|-damage|p2b: Milotic|62/100|[from] Sandstorm
|upkeep
|turn|5
|
|t:|1785950511
|switch|p2a: Sinistcha|Sinistcha, L50|3/100
|-heal|p2b: Milotic|87/100|[from] ability: Hospitality|[of] p2a: Sinistcha
|move|p1b: WHEEEE|Hyper Voice|p2b: Milotic|[spread] p2a,p2b
|-damage|p2a: Sinistcha|0 fnt
|-damage|p2b: Milotic|57/100
|faint|p2a: Sinistcha
|move|p1a: e4e5f4|Brick Break|p2b: Milotic
|-damage|p2b: Milotic|30/100
|-enditem|p2b: Milotic|Sitrus Berry|[eat]
|-heal|p2b: Milotic|55/100|[from] item: Sitrus Berry
|move|p2b: Milotic|Scald|p1a: e4e5f4
|-damage|p1a: e4e5f4|43/100
|
|-weather|none
|upkeep
|
|t:|1785950525
|switch|p2a: Excadrill|Excadrill, L50, M, shiny|100/100
|turn|6
|
|t:|1785950565
|switch|p1b: giraf|Farigiraf, L50, F, shiny|88/100
|move|p2a: Excadrill|Protect|p2a: Excadrill
|-singleturn|p2a: Excadrill|Protect
|move|p1a: e4e5f4|Brick Break|p2a: Excadrill
|-activate|p2a: Excadrill|move: Protect
|move|p2b: Milotic|Scald|p1a: e4e5f4
|-damage|p1a: e4e5f4|8/100
|
|-fieldend|move: Trick Room
|upkeep
|turn|7
|
|t:|1785950603
|move|p1a: e4e5f4|Sucker Punch|p2a: Excadrill
|-damage|p2a: Excadrill|45/100
|move|p2a: Excadrill|Rock Slide|p1b: giraf|[spread] p1a,p1b
|-resisted|p1a: e4e5f4|1
|-damage|p1a: e4e5f4|1/100
|-damage|p1b: giraf|71/100
|move|p2b: Milotic|Scald|p1b: giraf
|-damage|p1b: giraf|44/100
|-enditem|p1b: giraf|Sitrus Berry|[eat]
|-heal|p1b: giraf|68/100|[from] item: Sitrus Berry
|move|p1b: giraf|Trick Room|p1b: giraf
|-fieldstart|move: Trick Room|[of] p1b: giraf
|
|upkeep
|turn|8
|
|t:|1785950634
|move|p2a: Excadrill|Protect|p2a: Excadrill
|-singleturn|p2a: Excadrill|Protect
|move|p1b: giraf|Thunderbolt|p2b: Milotic
|-supereffective|p2b: Milotic|1
|-damage|p2b: Milotic|24/100
|move|p1a: e4e5f4|Brick Break|p2b: Milotic
|-damage|p2b: Milotic|0 fnt
|faint|p2b: Milotic
|
|upkeep
|
|t:|1785950638
|switch|p2b: Tyranitar|Tyranitar, L50, M, shiny|52/100
|-weather|Sandstorm|[from] ability: Sand Stream|[of] p2b: Tyranitar
|turn|9
|
|t:|1785950664
|detailschange|p2b: Tyranitar|Tyranitar-Mega, L50, M, shiny
|-mega|p2b: Tyranitar|Tyranitar|Tyranitarite
|move|p1b: giraf|Protect|p1b: giraf
|-singleturn|p1b: giraf|Protect
|move|p1a: e4e5f4|Kowtow Cleave|p2a: Excadrill
|-damage|p2a: Excadrill|0 fnt
|faint|p2a: Excadrill
|move|p2b: Tyranitar|Rock Slide|p1b: giraf|[spread] 
|-activate|p1b: giraf|move: Protect
|-miss|p2b: Tyranitar|p1a: e4e5f4
|
|-weather|Sandstorm|[upkeep]
|-damage|p1b: giraf|63/100|[from] Sandstorm
|upkeep
|turn|10
|-message|TPShame forfeited.
|
|win|2BStellar
||2BStellar is ready for game 2.
|l|☆TPShame
|player|p2|
|j|☆TPShame
|player|p2|TPShame|giovanni|
|inactive|TPShame has 30 seconds to confirm battle start!
||TPShame is ready for game 2.
|uhtml|next|Next: Game 2 of 3
|l|☆TPShame
|player|p2|
