|j|☆bathoven
|j|☆lolgz
|html|bathovenlolgz    
|uhtml|bestof|Game 1 of a best-of-3
|t:|1782434090
|gametype|doubles
|player|p1|bathoven|pokemaniac|1066
|player|p2|lolgz|dawn|1118
|gen|9
|tier|[Gen 9 Champions] VGC 2026 Reg M-B (Bo3)
|rated|
|rule|Species Clause: Limit one of each Pokémon
|rule|Item Clause: Limit 1 of each item
|clearpoke
|poke|p1|Hawlucha, L50, F|
|poke|p1|Excadrill, L50, M|
|poke|p1|Houndstone, L50, M|
|poke|p1|Whimsicott, L50, F|
|poke|p1|Mr. Rime, L50, F|
|poke|p1|Machamp, L50, M|
|poke|p2|Torkoal, L50, M|
|poke|p2|Vileplume, L50, F|
|poke|p2|Farigiraf, L50, F|
|poke|p2|Scrafty, L50, M|
|poke|p2|Gallade, L50, M|
|poke|p2|Mawile, L50, F|
|teampreview|4
|showteam|p1|Hawlucha||Hawluchanite|Limber|Entrainment,Taunt,QuickGuard,Protect|Timid||F|||50|]Excadrill||FocusSash|SandRush|Fissure,HornDrill,Protect,Sandstorm|Jolly||M|||50|]Houndstone||LifeOrb|SandRush|LastRespects,ShadowSneak,Disable,Protect|Adamant||M|||50|]Whimsicott||MentalHerb|Prankster|Tailwind,Encore,Protect,Moonblast|Bold||F|||50|]Mr. Rime||SitrusBerry|TangledFeet|SheerCold,RolePlay,FakeOut,Protect|Jolly||F|||50|]Machamp||Leftovers|NoGuard|QuickGuard,WideGuard,BulletPunch,DynamicPunch|Adamant||M|||50|
|showteam|p2|Torkoal||Charcoal|Drought|Eruption,WeatherBall,EarthPower,Protect|Quiet||M|||50|]Vileplume||FocusSash|Chlorophyll|EnergyBall,SludgeBomb,SleepPowder,AfterYou|Timid||F|||50|]Farigiraf||SitrusBerry|ArmorTail|TrickRoom,Thunderbolt,Psychic,HelpingHand|Bold||F|||50|]Scrafty||Scraftinite|Intimidate|FakeOut,CloseCombat,KnockOff,RockSlide|Brave||M|||50|]Gallade||IronBall|Sharpness|SacredSword,PsychoCut,WideGuard,TrickRoom|Brave||M|||50|]Mawile||Mawilite|Intimidate|SuckerPunch,PlayRough,SwordsDance,Protect|Brave||F|||50|
|inactive|Battle timer is ON: inactive players will automatically lose when time's up. (requested by lolgz)
|c|☆bathoven|Gl hf
|
|t:|1782434113
|teamsize|p1|4
|teamsize|p2|4
|start
|switch|p1a: Hawlucha|Hawlucha, L50, F|100/100
|switch|p1b: Excadrill|Excadrill, L50, M|100/100
|switch|p2a: Vileplume|Vileplume, L50, F|100/100
|switch|p2b: Torkoal|Torkoal, L50, M|100/100
|-weather|SunnyDay|[from] ability: Drought|[of] p2b: Torkoal
|turn|1
|
|t:|1782434129
|detailschange|p1a: Hawlucha|Hawlucha-Mega, L50, F
|-mega|p1a: Hawlucha|Hawlucha|Hawluchanite
|move|p2a: Vileplume|Sleep Powder|p1a: Hawlucha
|-status|p1a: Hawlucha|slp|[from] move: Sleep Powder
|cant|p1a: Hawlucha|slp
|move|p1b: Excadrill|Horn Drill|p2b: Torkoal
|-damage|p2b: Torkoal|0 fnt
|faint|p2b: Torkoal
|-ohko
|
|-weather|SunnyDay|[upkeep]
|upkeep
|
|t:|1782434140
|switch|p2b: Mawile|Mawile, L50, F|100/100
|-ability|p2b: Mawile|Intimidate|boost
|-unboost|p1a: Hawlucha|atk|1
|-unboost|p1b: Excadrill|atk|1
|turn|2
|
|t:|1782434162
|detailschange|p2b: Mawile|Mawile-Mega, L50, F
|-mega|p2b: Mawile|Mawile|Mawilite
|move|p2a: Vileplume|Sleep Powder|p1b: Excadrill
|-status|p1b: Excadrill|slp|[from] move: Sleep Powder
|cant|p1a: Hawlucha|slp
|cant|p1b: Excadrill|slp
|move|p2b: Mawile|Play Rough|p1a: Hawlucha
|-supereffective|p1a: Hawlucha|1
|-damage|p1a: Hawlucha|0 fnt
|faint|p1a: Hawlucha
|
|-weather|SunnyDay|[upkeep]
|upkeep
|
|t:|1782434174
|switch|p1a: Houndstone|Houndstone, L50, M|100/100
|turn|3
|
|t:|1782434195
|move|p1a: Houndstone|Protect|p1a: Houndstone
|-singleturn|p1a: Houndstone|Protect
|move|p2a: Vileplume|Sleep Powder|p1a: Houndstone
|-activate|p1a: Houndstone|move: Protect
|-curestatus|p1b: Excadrill|slp|[msg]
|move|p1b: Excadrill|Sandstorm|p1b: Excadrill
|-weather|Sandstorm
|move|p2b: Mawile|Play Rough|p1b: Excadrill
|-resisted|p1b: Excadrill|1
|-damage|p1b: Excadrill|45/100
|
|-weather|Sandstorm|[upkeep]
|-damage|p2a: Vileplume|94/100|[from] Sandstorm
|upkeep
|turn|4
|
|t:|1782434218
|move|p2b: Mawile|Sucker Punch|p1b: Excadrill
|-damage|p1b: Excadrill|0 fnt
|faint|p1b: Excadrill
|move|p1a: Houndstone|Disable|p2a: Vileplume
|-start|p2a: Vileplume|Disable|Sleep Powder
|cant|p2a: Vileplume|Disable|Sleep Powder
|
|-weather|Sandstorm|[upkeep]
|-damage|p2a: Vileplume|88/100|[from] Sandstorm
|upkeep
|
|t:|1782434221
|switch|p1b: Machamp|Machamp, L50, M|100/100
|turn|5
|
|t:|1782434239
|move|p1a: Houndstone|Last Respects|p2b: Mawile
|-damage|p2b: Mawile|8/100
|-damage|p1a: Houndstone|90/100|[from] item: Life Orb
|move|p2a: Vileplume|Energy Ball|p1b: Machamp
|-damage|p1b: Machamp|57/100
|move|p1b: Machamp|Dynamic Punch|p2b: Mawile
|-damage|p2b: Mawile|0 fnt
|faint|p2b: Mawile
|
|-weather|Sandstorm|[upkeep]
|-damage|p2a: Vileplume|82/100|[from] Sandstorm
|-damage|p1b: Machamp|51/100|[from] Sandstorm
|-heal|p1b: Machamp|57/100|[from] item: Leftovers
|upkeep
|
|t:|1782434241
|switch|p2b: Farigiraf|Farigiraf, L50, F|100/100
|turn|6
|
|t:|1782434265
|move|p1a: Houndstone|Last Respects|p2a: Vileplume
|-damage|p2a: Vileplume|0 fnt
|faint|p2a: Vileplume
|-damage|p1a: Houndstone|81/100|[from] item: Life Orb
|move|p1b: Machamp|Dynamic Punch|p2b: Farigiraf
|-damage|p2b: Farigiraf|52/100
|-start|p2b: Farigiraf|confusion
|-activate|p2b: Farigiraf|confusion
|-damage|p2b: Farigiraf|46/100|[from] confusion
|-enditem|p2b: Farigiraf|Sitrus Berry|[eat]
|-heal|p2b: Farigiraf|70/100|[from] item: Sitrus Berry
|
|-weather|Sandstorm|[upkeep]
|-damage|p2b: Farigiraf|64/100|[from] Sandstorm
|-damage|p1b: Machamp|51/100|[from] Sandstorm
|-heal|p1b: Machamp|57/100|[from] item: Leftovers
|upkeep
|turn|7
|inactive|lolgz has 30 seconds left.
|c|☆bathoven|Gg
|
|t:|1782434298
|move|p1a: Houndstone|Disable||[still]
|-fail|p1a: Houndstone
|-activate|p2b: Farigiraf|confusion
|move|p2b: Farigiraf|Psychic|p1b: Machamp
|-supereffective|p1b: Machamp|1
|-damage|p1b: Machamp|0 fnt
|faint|p1b: Machamp
|
|-weather|none
|upkeep
|turn|8
|
|t:|1782434309
|move|p1a: Houndstone|Disable|p2b: Farigiraf
|-start|p2b: Farigiraf|Disable|Psychic
|cant|p2b: Farigiraf|Disable|Psychic
|
|upkeep
|turn|9
|
|t:|1782434323
|move|p1a: Houndstone|Last Respects|p2b: Farigiraf
|-immune|p2b: Farigiraf
|-activate|p2b: Farigiraf|confusion
|-damage|p2b: Farigiraf|59/100|[from] confusion
|
|upkeep
|turn|10
|
|t:|1782434327
|move|p1a: Houndstone|Last Respects|p2b: Farigiraf
|-immune|p2b: Farigiraf
|-end|p2b: Farigiraf|confusion
|move|p2b: Farigiraf|Thunderbolt|p1a: Houndstone
|-damage|p1a: Houndstone|54/100
|
|upkeep
|turn|11
|inactive|lolgz has 30 seconds left.
|-message|bathoven forfeited.
|
|win|lolgz
