|j|☆claudiusmaximus125
|j|☆Aircross360
|html|claudiusmaximus125Aircross360    
|uhtml|bestof|Game 3 of a best-of-3
|t:|1756463933
|gametype|doubles
|player|p1|claudiusmaximus125|ghetsis-gen5bw|1123
|player|p2|Aircross360|170|1063
|gen|9
|tier|[Gen 9] VGC 2025 Reg H (Bo3)
|rated|
|rule|Species Clause: Limit one of each Pokémon
|rule|Item Clause: Limit 1 of each item
|clearpoke
|poke|p1|Sneasler, L50, M|
|poke|p1|Incineroar, L50, F|
|poke|p1|Dragonite, L50, F|
|poke|p1|Gholdengo, L50|
|poke|p1|Amoonguss, L50, M|
|poke|p1|Ursaluna-Bloodmoon, L50, M|
|poke|p2|Gholdengo, L50|
|poke|p2|Dragonite, L50, F|
|poke|p2|Sneasler, L50, M|
|poke|p2|Incineroar, L50, M|
|poke|p2|Ursaluna-Bloodmoon, L50, M|
|poke|p2|Whimsicott, L50, F|
|teampreview|4
|showteam|p1|Sneasler||FocusSash|Unburden|DireClaw,CloseCombat,ThroatChop,Protect|||M|||50|,,,,,Stellar]Incineroar||SafetyGoggles|Intimidate|KnockOff,FlareBlitz,PartingShot,FakeOut|||F|||50|,,,,,Ghost]Dragonite||LoadedDice|Multiscale|ScaleShot,TeraBlast,Tailwind,Protect|||F|||50|,,,,,Flying]Gholdengo||ChoiceScarf|GoodasGold|MakeItRain,ShadowBall,TeraBlast,Trick||||||50|,,,,,Fairy]Amoonguss||SitrusBerry|Regenerator|Spore,RagePowder,PollenPuff,Protect|||M|||50|,,,,,Water]Ursaluna-Bloodmoon||LifeOrb|MindsEye|BloodMoon,EarthPower,HyperVoice,Protect|||M|||50|,,,,,Ghost
|showteam|p2|Gholdengo||LifeOrb|GoodasGold|MakeItRain,ShadowBall,NastyPlot,Protect||||||50|,,,,,Water]Dragonite||LoadedDice|Multiscale|ScaleShot,ExtremeSpeed,IceSpinner,Protect|||F|||50|,,,,,Fairy]Sneasler||FocusSash|Unburden|DireClaw,CloseCombat,ThroatChop,Protect|||M|||50|,,,,,Stellar]Incineroar||SafetyGoggles|Intimidate|FakeOut,KnockOff,PartingShot,FlareBlitz|||M|||50|,,,,,Ghost]Ursaluna-Bloodmoon||AssaultVest|MindsEye|BloodMoon,HyperVoice,EarthPower,VacuumWave|||M|||50|,,,,,Water]Whimsicott||CovertCloak|Prankster|Tailwind,Moonblast,Encore,LightScreen|||F|||50|,,,,,Water
|inactive|Battle timer is ON: inactive players will automatically lose when time's up. (requested by claudiusmaximus125)
|
|t:|1756464017
|teamsize|p1|4
|teamsize|p2|4
|start
|switch|p1a: Incineroar|Incineroar, L50, F, shiny|100/100
|switch|p1b: Ursaluna|Ursaluna-Bloodmoon, L50, M|100/100
|switch|p2a: Ursaluna|Ursaluna-Bloodmoon, L50, M|100/100
|switch|p2b: Whimsicott|Whimsicott, L50, F|100/100
|-ability|p1a: Incineroar|Intimidate|boost
|-unboost|p2a: Ursaluna|atk|1
|-unboost|p2b: Whimsicott|atk|1
|turn|1
|inactive|Aircross360 has 30 seconds left.
|
|t:|1756464044
|move|p1a: Incineroar|Fake Out|p2a: Ursaluna
|-damage|p2a: Ursaluna|92/100
|move|p2b: Whimsicott|Light Screen|p2b: Whimsicott
|-sidestart|p2: Aircross360|move: Light Screen
|move|p1b: Ursaluna|Blood Moon|p2b: Whimsicott
|-damage|p2b: Whimsicott|1/100
|-damage|p1b: Ursaluna|91/100|[from] item: Life Orb
|cant|p2a: Ursaluna|flinch
|
|upkeep
|turn|2
|inactive|claudiusmaximus125 has 30 seconds left.
|inactive|Aircross360 has 30 seconds left.
|inactive|claudiusmaximus125 has 20 seconds left.
|inactive|Aircross360 has 20 seconds left.
|inactive|claudiusmaximus125 has 15 seconds left.
|inactive|claudiusmaximus125 has 10 seconds left.
|
|t:|1756464094
|move|p1b: Ursaluna|Protect|p1b: Ursaluna
|-singleturn|p1b: Ursaluna|Protect
|move|p2b: Whimsicott|Tailwind|p2b: Whimsicott
|-sidestart|p2: Aircross360|move: Tailwind
|move|p2a: Ursaluna|Hyper Voice|p1a: Incineroar|[spread] p1a
|-activate|p1b: Ursaluna|move: Protect
|-damage|p1a: Incineroar|69/100
|move|p1a: Incineroar|Knock Off|p2b: Whimsicott
|-resisted|p2b: Whimsicott
|-damage|p2b: Whimsicott|0 fnt
|-enditem|p2b: Whimsicott|Covert Cloak|[from] move: Knock Off|[of] p1a: Incineroar
|faint|p2b: Whimsicott
|
|upkeep
|
|t:|1756464110
|switch|p2b: Dragonite|Dragonite, L50, F|100/100
|turn|3
|inactive|Aircross360 has 30 seconds left.
|
|t:|1756464138
|switch|p1b: Sneasler|Sneasler, L50, M|100/100
|move|p2b: Dragonite|Scale Shot|p1a: Incineroar
|-damage|p1a: Incineroar|57/100
|-damage|p1a: Incineroar|47/100
|-damage|p1a: Incineroar|36/100
|-damage|p1a: Incineroar|25/100
|-hitcount|p1a: Incineroar|4
|-unboost|p2b: Dragonite|def|1
|-boost|p2b: Dragonite|spe|1
|move|p2a: Ursaluna|Hyper Voice|p1b: Sneasler|[spread] p1a,p1b
|-damage|p1a: Incineroar|0 fnt
|-damage|p1b: Sneasler|49/100
|faint|p1a: Incineroar
|
|upkeep
|inactive|claudiusmaximus125 has 30 seconds left.
|inactive|claudiusmaximus125 has 20 seconds left.
|
|t:|1756464175
|switch|p1a: Dragonite|Dragonite, L50, F|100/100
|turn|4
|inactive|Aircross360 has 30 seconds left.
|inactive|Aircross360 has 20 seconds left.
|inactive|Aircross360 has 15 seconds left.
|
|t:|1756464218
|-terastallize|p2b: Dragonite|Fairy
|-terastallize|p1a: Dragonite|Flying
|move|p1b: Sneasler|Protect|p1b: Sneasler
|-singleturn|p1b: Sneasler|Protect
|move|p2b: Dragonite|Extreme Speed|p1b: Sneasler
|-activate|p1b: Sneasler|move: Protect
|move|p2a: Ursaluna|Blood Moon|p1a: Dragonite
|-damage|p1a: Dragonite|57/100
|move|p1a: Dragonite|Tailwind|p1a: Dragonite
|-sidestart|p1: claudiusmaximus125|move: Tailwind
|
|upkeep
|turn|5
|inactive|claudiusmaximus125 has 30 seconds left.
|
|t:|1756464250
|move|p1a: Dragonite|Protect|p1a: Dragonite
|-singleturn|p1a: Dragonite|Protect
|move|p2b: Dragonite|Extreme Speed|p1b: Sneasler
|-damage|p1b: Sneasler|0 fnt
|faint|p1b: Sneasler
|move|p2a: Ursaluna|Hyper Voice|p1a: Dragonite
|-activate|p1a: Dragonite|move: Protect
|
|-sideend|p2: Aircross360|move: Light Screen
|-sideend|p2: Aircross360|move: Tailwind
|upkeep
|
|t:|1756464259
|switch|p1b: Ursaluna|Ursaluna-Bloodmoon, L50, M|91/100
|turn|6
|inactive|Aircross360 has 30 seconds left.
|inactive|Aircross360 has 20 seconds left.
|inactive|Aircross360 has 15 seconds left.
|
|t:|1756464302
|move|p1a: Dragonite|Scale Shot|p2a: Ursaluna
|-damage|p2a: Ursaluna|80/100
|-damage|p2a: Ursaluna|67/100
|-damage|p2a: Ursaluna|56/100
|-damage|p2a: Ursaluna|44/100
|-hitcount|p2a: Ursaluna|4
|-unboost|p1a: Dragonite|def|1
|-boost|p1a: Dragonite|spe|1
|move|p2b: Dragonite|Scale Shot|p1a: Dragonite
|-damage|p1a: Dragonite|30/100
|-damage|p1a: Dragonite|6/100
|-damage|p1a: Dragonite|0 fnt
|faint|p1a: Dragonite
|-hitcount|p1: Dragonite|3
|-unboost|p2b: Dragonite|def|1
|-boost|p2b: Dragonite|spe|1
|move|p1b: Ursaluna|Blood Moon|p2b: Dragonite
|-damage|p2b: Dragonite|45/100
|-damage|p1b: Ursaluna|81/100|[from] item: Life Orb
|move|p2a: Ursaluna|Blood Moon|p1b: Ursaluna
|-damage|p1b: Ursaluna|0 fnt
|faint|p1b: Ursaluna
|
|win|Aircross360
|raw|claudiusmaximus125's rating: 1123 → 1094(-29 for losing)
|raw|Aircross360's rating: 1063 → 1099(+36 for winning)
|l|☆claudiusmaximus125
|player|p1|
