|j|☆Turtlenator6
|j|☆Govek314
|html|Turtlenator6Govek314    
|uhtml|bestof|Game 3 of a best-of-3
|t:|1757632593
|gametype|doubles
|player|p1|Turtlenator6|grimsley|
|player|p2|Govek314|2|
|gen|9
|tier|[Gen 9] VGC 2025 Reg H (Bo3)
|rule|Species Clause: Limit one of each Pokémon
|rule|Item Clause: Limit 1 of each item
|clearpoke
|poke|p1|Archaludon, L50, M|
|poke|p1|Pelipper, L50, M|
|poke|p1|Basculegion, L50, M|
|poke|p1|Decidueye-Hisui, L50, M|
|poke|p1|Sinistcha-Masterpiece, L50|
|poke|p1|Ursaluna, L50, M|
|poke|p2|Volcarona, L50, F|
|poke|p2|Tyranitar, L50, F|
|poke|p2|Excadrill, L50, M|
|poke|p2|Basculegion, L50, M|
|poke|p2|Indeedee-F, L50, F|
|poke|p2|Kommo-o, L50, M|
|teampreview|4
|showteam|p1|Archaludon||AssaultVest|Stamina|FlashCannon,BodyPress,ElectroShot,Snarl|||M|||50|,,,,,Grass]Pelipper||FocusSash|Drizzle|WeatherBall,Hurricane,Tailwind,WideGuard|||M|||50|,,,,,Ghost]Basculegion||LifeOrb|SwiftSwim|WaveCrash,LastRespects,AquaJet,Protect|||M|||50|,,,,,Stellar]Decidueye-Hisui||CovertCloak|Scrappy|TripleArrows,Trailblaze,Haze,Protect|||M|||50|,,,,,Fighting]Sinistcha-Masterpiece||Leftovers|Hospitality|MatchaGotcha,RagePowder,LifeDew,TrickRoom||||||50|,,,,,Dark]Ursaluna||FlameOrb|Guts|HeadlongRush,Facade,Earthquake,Protect|||M|||50|,,,,,Normal
|showteam|p2|Volcarona||Leftovers|FlameBody|Flamethrower,GigaDrain,QuiverDance,Protect|||F|||50|,,,,,Dragon]Tyranitar||AssaultVest|SandStream|RockSlide,KnockOff,LowKick,TeraBlast|||F|||50|,,,,,Flying]Excadrill||FocusSash|SandRush|IronHead,HighHorsepower,TeraBlast,Protect|||M|||50|,,,,,Grass]Basculegion||ChoiceScarf|Adaptability|WaveCrash,LastRespects,FlipTurn,TeraBlast|||M|||50|,,,,,Fairy]Indeedee-F||PsychicSeed|PsychicSurge|TrickRoom,Psychic,FollowMe,HelpingHand|||F|||50|,,,,,Grass]Kommo-o||ThroatSpray|Overcoat|ClangingScales,ClangorousSoul,AuraSphere,Protect|||M|||50|,,,,,Steel
|
|t:|1757632623
|teamsize|p1|4
|teamsize|p2|4
|start
|switch|p1a: Trump Tower|Archaludon, L50, M, shiny|100/100
|switch|p1b: Vanoss|Decidueye-Hisui, L50, M, shiny|100/100
|switch|p2a: Indeedee|Indeedee-F, L50, F|100/100
|switch|p2b: Kommo-o|Kommo-o, L50, M, shiny|100/100
|-fieldstart|move: Psychic Terrain|[from] ability: Psychic Surge|[of] p2a: Indeedee
|-enditem|p2a: Indeedee|Psychic Seed
|-boost|p2a: Indeedee|spd|1|[from] item: Psychic Seed
|turn|1
|
|t:|1757632663
|-terastallize|p1a: Trump Tower|Grass
|move|p2a: Indeedee|Follow Me|p2a: Indeedee
|-singleturn|p2a: Indeedee|move: Follow Me
|move|p2b: Kommo-o|Clangorous Soul|p2b: Kommo-o
|-boost|p2b: Kommo-o|atk|1
|-boost|p2b: Kommo-o|def|1
|-boost|p2b: Kommo-o|spa|1
|-boost|p2b: Kommo-o|spd|1
|-boost|p2b: Kommo-o|spe|1
|-damage|p2b: Kommo-o|68/100
|-enditem|p2b: Kommo-o|Throat Spray
|-boost|p2b: Kommo-o|spa|1|[from] item: Throat Spray
|move|p1a: Trump Tower|Flash Cannon|p2a: Indeedee
|-damage|p2a: Indeedee|75/100
|move|p1b: Vanoss|Haze|p1b: Vanoss
|-clearallboost
|
|upkeep
|turn|2
|
|t:|1757632696
|switch|p1b: Florida Man|Pelipper, L50, M, shiny|100/100
|-weather|RainDance|[from] ability: Drizzle|[of] p1b: Florida Man
|move|p2b: Kommo-o|Clanging Scales|p1b: Florida Man|[spread] p1a,p1b
|-damage|p1a: Trump Tower|74/100
|-damage|p1b: Florida Man|34/100
|-ability|p1a: Trump Tower|Stamina|boost
|-boost|p1a: Trump Tower|def|1
|-unboost|p2b: Kommo-o|def|1
|move|p1a: Trump Tower|Electro Shot||[still]
|-prepare|p1a: Trump Tower|Electro Shot
|-boost|p1a: Trump Tower|spa|1
|-anim|p1a: Trump Tower|Electro Shot|p2b: Kommo-o
|-resisted|p2b: Kommo-o
|-damage|p2b: Kommo-o|37/100
|move|p2a: Indeedee|Psychic|p1b: Florida Man
|-damage|p1b: Florida Man|0 fnt
|faint|p1b: Florida Man
|
|-weather|RainDance|[upkeep]
|upkeep
|
|t:|1757632714
|switch|p1b: Slayer|Basculegion, L50, M|100/100
|turn|3
|
|t:|1757632749
|move|p2a: Indeedee|Follow Me|p2a: Indeedee
|-singleturn|p2a: Indeedee|move: Follow Me
|move|p1b: Slayer|Wave Crash|p2a: Indeedee
|-damage|p2a: Indeedee|0 fnt
|faint|p2a: Indeedee
|-damage|p1b: Slayer|79/100|[from] Recoil
|-damage|p1b: Slayer|69/100|[from] item: Life Orb
|move|p2b: Kommo-o|Clanging Scales|p1a: Trump Tower|[spread] p1a,p1b
|-damage|p1a: Trump Tower|44/100
|-damage|p1b: Slayer|26/100
|-ability|p1a: Trump Tower|Stamina|boost
|-boost|p1a: Trump Tower|def|1
|-unboost|p2b: Kommo-o|def|1
|move|p1a: Trump Tower|Body Press|p2b: Kommo-o
|-damage|p2b: Kommo-o|0 fnt
|faint|p2b: Kommo-o
|
|-weather|RainDance|[upkeep]
|upkeep
|
|t:|1757632766
|switch|p2b: Excadrill|Excadrill, L50, M, shiny|100/100
|switch|p2a: Tyranitar|Tyranitar, L50, F, shiny|100/100
|-weather|Sandstorm|[from] ability: Sand Stream|[of] p2a: Tyranitar
|turn|4
|
|t:|1757632803
|-terastallize|p2a: Tyranitar|Flying
|move|p1b: Slayer|Protect|p1b: Slayer
|-singleturn|p1b: Slayer|Protect
|move|p2b: Excadrill|High Horsepower|p1b: Slayer
|-activate|p1b: Slayer|move: Protect
|move|p1a: Trump Tower|Body Press|p2b: Excadrill
|-supereffective|p2b: Excadrill
|-enditem|p2b: Excadrill|Focus Sash
|-damage|p2b: Excadrill|1/100
|move|p2a: Tyranitar|Tera Blast|p1a: Trump Tower|[anim] Tera Blast Flying
|-supereffective|p1a: Trump Tower
|-damage|p1a: Trump Tower|12/100
|-ability|p1a: Trump Tower|Stamina|boost
|-boost|p1a: Trump Tower|def|1
|
|-weather|Sandstorm|[upkeep]
|-damage|p1b: Slayer|20/100|[from] Sandstorm
|-damage|p1a: Trump Tower|6/100|[from] Sandstorm
|-damage|p2a: Tyranitar|95/100|[from] Sandstorm
|upkeep
|turn|5
|
|t:|1757632827
|switch|p1b: Vanoss|Decidueye-Hisui, L50, M, shiny|100/100
|move|p2b: Excadrill|Protect|p2b: Excadrill
|-singleturn|p2b: Excadrill|Protect
|move|p1a: Trump Tower|Flash Cannon|p2a: Tyranitar
|-damage|p2a: Tyranitar|62/100
|move|p2a: Tyranitar|Tera Blast|p1b: Vanoss|[anim] Tera Blast Flying
|-supereffective|p1b: Vanoss
|-damage|p1b: Vanoss|0 fnt
|faint|p1b: Vanoss
|
|-weather|Sandstorm|[upkeep]
|-damage|p1a: Trump Tower|0 fnt|[from] Sandstorm
|-damage|p2a: Tyranitar|56/100|[from] Sandstorm
|faint|p1a: Trump Tower
|-fieldend|move: Psychic Terrain
|upkeep
|
|t:|1757632842
|switch|p1a: Slayer|Basculegion, L50, M|20/100
|turn|6
|
|t:|1757632852
|move|p1a: Slayer|Aqua Jet|p2b: Excadrill
|-supereffective|p2b: Excadrill
|-damage|p2b: Excadrill|0 fnt
|faint|p2b: Excadrill
|-damage|p1a: Slayer|10/100|[from] item: Life Orb
|move|p2a: Tyranitar|Knock Off|p1a: Slayer
|-supereffective|p1a: Slayer
|-damage|p1a: Slayer|0 fnt
|-enditem|p1a: Slayer|Life Orb|[from] move: Knock Off|[of] p2a: Tyranitar
|faint|p1a: Slayer
|
|win|Govek314
|l|☆Turtlenator6
|player|p1|
