|j|☆aletito
|j|☆lukanuevo
|html|aletitolukanuevo    
|uhtml|bestof|Game 2 of a best-of-3
|t:|1785371743
|gametype|doubles
|player|p1|aletito|drayden|1279
|player|p2|lukanuevo|colress|1226
|gen|9
|tier|[Gen 9 Champions] VGC 2026 Reg M-B (Bo3)
|rated|
|rule|Species Clause: Limit one of each Pokémon
|rule|Item Clause: Limit 1 of each item
|clearpoke
|poke|p1|Staraptor, L50, M|
|poke|p1|Garchomp, L50, M|
|poke|p1|Whimsicott, L50, M|
|poke|p1|Delphox, L50, M|
|poke|p1|Glimmora, L50, M|
|poke|p1|Kingambit, L50, M|
|poke|p2|Charizard, L50, F|
|poke|p2|Kingambit, L50, M|
|poke|p2|Sylveon, L50, F|
|poke|p2|Garchomp, L50, M|
|poke|p2|Aerodactyl, L50, M|
|poke|p2|Farigiraf, L50, M|
|teampreview|4
|showteam|p1|Staraptor||Staraptite|Intimidate|Protect,Roost,CloseCombat,BraveBird|Jolly||M|||50|]Garchomp||LifeOrb|RoughSkin|Protect,RockSlide,Earthquake,DragonClaw|Jolly||M|||50|]Whimsicott||OccaBerry|Prankster|Moonblast,Tailwind,Charm,LightScreen|Timid||M|||50|]Delphox||Delphoxite|Magician|Protect,Psychic,HeatWave,Substitute|Timid||M|||50|]Glimmora||FocusSash|ToxicDebris|SpikyShield,SludgeBomb,EarthPower,PowerGem|Timid||M|||50|]Kingambit||ChopleBerry|Defiant|SuckerPunch,LowKick,IronHead,KowtowCleave|Adamant||M|||50|
|showteam|p2|Charizard||CharizarditeY|Blaze|HeatWave,WeatherBall,SolarBeam,Protect|Modest||F|||50|]Kingambit||FocusSash|Defiant|KowtowCleave,IronHead,LowKick,SuckerPunch|Adamant||M|||50|]Sylveon||FairyFeather|Pixilate|HyperVoice,HyperBeam,QuickAttack,Detect|Modest||F|||50|]Garchomp||LifeOrb|RoughSkin|DragonClaw,Earthquake,RockSlide,Protect|Jolly||M|||50|]Aerodactyl||Aerodactylite|Unnerve|DualWingbeat,RockSlide,IceFang,Tailwind|Jolly||M|||50|]Farigiraf||SitrusBerry|ArmorTail|Psychic,Thunderbolt,TrickRoom,Protect|Bold||M|||50|
|
|t:|1785371796
|teamsize|p1|4
|teamsize|p2|4
|start
|switch|p1a: Whimsicott|Whimsicott, L50, M|100/100
|switch|p1b: Glimmora|Glimmora, L50, M|100/100
|switch|p2a: Kingambit|Kingambit, L50, M|100/100
|switch|p2b: Aerodactyl|Aerodactyl, L50, M|100/100
|-ability|p2b: Aerodactyl|Unnerve
|turn|1
|
|t:|1785371836
|detailschange|p2b: Aerodactyl|Aerodactyl-Mega, L50, M
|-mega|p2b: Aerodactyl|Aerodactyl|Aerodactylite
|move|p1a: Whimsicott|Tailwind|p1a: Whimsicott
|-sidestart|p1: aletito|move: Tailwind
|move|p1b: Glimmora|Power Gem|p2b: Aerodactyl
|-supereffective|p2b: Aerodactyl|1
|-damage|p2b: Aerodactyl|5/100
|move|p2b: Aerodactyl|Tailwind|p2b: Aerodactyl
|-sidestart|p2: lukanuevo|move: Tailwind
|move|p2a: Kingambit|Iron Head|p1a: Whimsicott
|-supereffective|p1a: Whimsicott|1
|-damage|p1a: Whimsicott|0 fnt
|faint|p1a: Whimsicott
|
|upkeep
|
|t:|1785371859
|switch|p1a: Kingambit|Kingambit, L50, M|100/100
|turn|2
|
|t:|1785371920
|switch|p2b: Farigiraf|Farigiraf, L50, M|100/100
|move|p1b: Glimmora|Earth Power|p2a: Kingambit
|-supereffective|p2a: Kingambit|1
|-damage|p2a: Kingambit|36/100
|move|p2a: Kingambit|Low Kick|p1a: Kingambit
|-supereffective|p1a: Kingambit|2
|-enditem|p1a: Kingambit|Chople Berry|[eat]
|-enditem|p1a: Kingambit|Chople Berry|[weaken]
|-damage|p1a: Kingambit|39/100
|move|p1a: Kingambit|Low Kick|p2a: Kingambit
|-supereffective|p2a: Kingambit|2
|-damage|p2a: Kingambit|0 fnt
|faint|p2a: Kingambit
|
|upkeep
|
|t:|1785371942
|switch|p2a: Sylveon|Sylveon, L50, F|100/100
|turn|3
|
|t:|1785371997
|move|p1b: Glimmora|Power Gem|p2b: Farigiraf
|-damage|p2b: Farigiraf|61/100
|move|p2a: Sylveon|Hyper Voice|p1a: Kingambit|[spread] p1a,p1b
|-resisted|p1b: Glimmora|1
|-damage|p1a: Kingambit|1/100
|-damage|p1b: Glimmora|69/100
|move|p2b: Farigiraf|Psychic|p1b: Glimmora
|-supereffective|p1b: Glimmora|1
|-damage|p1b: Glimmora|0 fnt
|faint|p1b: Glimmora
|move|p1a: Kingambit|Kowtow Cleave|p2b: Farigiraf
|-supereffective|p2b: Farigiraf|1
|-damage|p2b: Farigiraf|0 fnt
|faint|p2b: Farigiraf
|
|upkeep
|
|t:|1785372007
|switch|p1b: Staraptor|Staraptor, L50, M|100/100
|switch|p2b: Aerodactyl|Aerodactyl-Mega, L50, M|5/100
|-ability|p1b: Staraptor|Intimidate|boost
|-unboost|p2a: Sylveon|atk|1
|-unboost|p2b: Aerodactyl|atk|1
|turn|4
|
|t:|1785372046
|detailschange|p1b: Staraptor|Staraptor-Mega, L50, M
|-mega|p1b: Staraptor|Staraptor|Staraptite
|move|p2a: Sylveon|Quick Attack|p1a: Kingambit
|-damage|p1a: Kingambit|0 fnt
|faint|p1a: Kingambit
|move|p2b: Aerodactyl|Dual Wingbeat|p1b: Staraptor
|-supereffective|p1b: Staraptor|1
|-damage|p1b: Staraptor|68/100
|-supereffective|p1b: Staraptor|1
|-damage|p1b: Staraptor|35/100
|-hitcount|p1b: Staraptor|2
|move|p1b: Staraptor|Close Combat|p2a: Sylveon
|-resisted|p2a: Sylveon|1
|-damage|p2a: Sylveon|68/100
|-boost|p1b: Staraptor|def|1
|-boost|p1b: Staraptor|spd|1
|
|-sideend|p1: aletito|move: Tailwind
|-sideend|p2: lukanuevo|move: Tailwind
|upkeep
|turn|5
|
|t:|1785372065
|move|p2a: Sylveon|Quick Attack|p1b: Staraptor
|-supereffective|p1b: Staraptor|1
|-crit|p1b: Staraptor
|-damage|p1b: Staraptor|0 fnt
|faint|p1b: Staraptor
|
|win|lukanuevo
