|j|☆spiritnekovgc
|j|☆Aizenmack
|html|spiritnekovgcAizenmack    
|uhtml|bestof|Game 3 of a best-of-3
|t:|1757207524
|gametype|doubles
|player|p1|spiritnekovgc|psychic-gen4|1101
|player|p2|Aizenmack|veteran|1094
|gen|9
|tier|[Gen 9] VGC 2025 Reg H (Bo3)
|rated|
|rule|Species Clause: Limit one of each Pokémon
|rule|Item Clause: Limit 1 of each item
|clearpoke
|poke|p1|Sneasler, L50, F|
|poke|p1|Indeedee, L50, M|
|poke|p1|Talonflame, L50, M|
|poke|p1|Ursaluna-Bloodmoon, L50, M|
|poke|p1|Incineroar, L50, M|
|poke|p1|Primarina, L50, M|
|poke|p2|Amoonguss, L50, M|
|poke|p2|Incineroar, L50, M|
|poke|p2|Archaludon, L50, M|
|poke|p2|Pelipper, L50, M|
|poke|p2|Basculegion, L50, M|
|poke|p2|Maushold-Four, L50|
|teampreview|4
|showteam|p1|Sneasler||PsychicSeed|Unburden|CloseCombat,DireClaw,ThroatChop,Protect|||F|||50|,,,,,Dark]Indeedee||FocusSash|PsychicSurge|ExpandingForce,TrickRoom,HelpingHand,Protect|||M|||50|,,,,,Psychic]Talonflame||CovertCloak|GaleWings|FlareBlitz,DualWingbeat,WillOWisp,Tailwind|||M|||50|,,,,,Flying]Ursaluna-Bloodmoon||LifeOrb|MindsEye|BloodMoon,HyperVoice,EarthPower,Protect|||M|||50|,,,,,Normal]Incineroar||SafetyGoggles|Intimidate|FlareBlitz,KnockOff,PartingShot,FakeOut|||M|||50|,,,,,Ghost]Primarina||SitrusBerry|LiquidVoice|HyperVoice,Moonblast,Haze,Protect|||M|||50|,,,,,Poison
|showteam|p2|Amoonguss||SitrusBerry|Regenerator|Spore,RagePowder,PollenPuff,Protect|||M|||50|,,,,,Fairy]Incineroar||SafetyGoggles|Intimidate|FakeOut,KnockOff,PartingShot,FlareBlitz|||M|||50|,,,,,Ghost]Archaludon||AssaultVest|Stamina|BodyPress,FlashCannon,ElectroShot,DragonPulse|||M|||50|,,,,,Electric]Pelipper||FocusSash|Drizzle|Hurricane,Tailwind,Protect,WeatherBall|||M|||50|,,,,,Water]Basculegion||ChoiceBand|SwiftSwim|LastRespects,WaveCrash,AquaJet,FlipTurn|||M|||50|,,,,,Water]Maushold-Four||WideLens|FriendGuard|Protect,PopulationBomb,SuperFang,Taunt||||||50|,,,,,Ghost
|inactive|Battle timer is ON: inactive players will automatically lose when time's up. (requested by spiritnekovgc)
|c|☆spiritnekovgc|i cant get this stupid cat to work
|inactive|spiritnekovgc has 60 seconds left.
|inactive|Aizenmack has 60 seconds left.
|
|t:|1757207579
|teamsize|p1|4
|teamsize|p2|4
|start
|switch|p1a: Back To Me|Incineroar, L50, M|100/100
|switch|p1b: Maple|Ursaluna-Bloodmoon, L50, M|100/100
|switch|p2a: Incineroar|Incineroar, L50, M|100/100
|switch|p2b: Archaludon|Archaludon, L50, M|100/100
|-ability|p1a: Back To Me|Intimidate|boost
|-unboost|p2a: Incineroar|atk|1
|-unboost|p2b: Archaludon|atk|1
|-ability|p2a: Incineroar|Intimidate|boost
|-unboost|p1a: Back To Me|atk|1
|-unboost|p1b: Maple|atk|1
|turn|1
|inactive|Aizenmack has 30 seconds left.
|
|t:|1757207610
|move|p1a: Back To Me|Fake Out|p2b: Archaludon
|-resisted|p2b: Archaludon
|-damage|p2b: Archaludon|97/100
|-ability|p2b: Archaludon|Stamina|boost
|-boost|p2b: Archaludon|def|1
|move|p2a: Incineroar|Fake Out|p1b: Maple
|-damage|p1b: Maple|95/100
|cant|p2b: Archaludon|flinch
|cant|p1b: Maple|flinch
|
|upkeep
|turn|2
|
|t:|1757207633
|switch|p1b: Shrike|Talonflame, L50, M, shiny|100/100
|move|p1a: Back To Me|Knock Off|p2b: Archaludon
|-damage|p2b: Archaludon|81/100
|-ability|p2b: Archaludon|Stamina|boost
|-boost|p2b: Archaludon|def|1
|-enditem|p2b: Archaludon|Assault Vest|[from] move: Knock Off|[of] p1a: Back To Me
|move|p2b: Archaludon|Body Press|p1a: Back To Me
|-supereffective|p1a: Back To Me
|-damage|p1a: Back To Me|3/100
|move|p2a: Incineroar|Parting Shot|p1b: Shrike
|-unboost|p1b: Shrike|atk|1
|-unboost|p1b: Shrike|spa|1
|
|t:|1757207647
|switch|p2a: Maushold|Maushold-Four, L50, shiny|100/100|[from] Parting Shot
|
|upkeep
|turn|3
|inactive|Aizenmack has 30 seconds left.
|
|t:|1757207674
|move|p1b: Shrike|Tailwind|p1b: Shrike
|-sidestart|p1: spiritnekovgc|move: Tailwind
|move|p1a: Back To Me|Knock Off|p2a: Maushold
|-damage|p2a: Maushold|70/100
|-enditem|p2a: Maushold|Wide Lens|[from] move: Knock Off|[of] p1a: Back To Me
|move|p2a: Maushold|Population Bomb|p1a: Back To Me
|-damage|p1a: Back To Me|0 fnt
|faint|p1a: Back To Me
|-hitcount|p1: Back To Me|1
|move|p2b: Archaludon|Dragon Pulse|p1b: Shrike
|-crit|p1b: Shrike
|-damage|p1b: Shrike|0 fnt
|faint|p1b: Shrike
|
|upkeep
|
|t:|1757207684
|switch|p1b: Maple|Ursaluna-Bloodmoon, L50, M|95/100
|switch|p1a: Alfred|Indeedee, L50, M|100/100
|-fieldstart|move: Psychic Terrain|[from] ability: Psychic Surge|[of] p1a: Alfred
|turn|4
|j| hahayes12345
|inactive|spiritnekovgc has 30 seconds left.
|inactive|Aizenmack has 30 seconds left.
|
|t:|1757207713
|move|p1a: Alfred|Expanding Force|p2b: Archaludon|[spread] p2a,p2b
|-resisted|p2b: Archaludon
|-damage|p2a: Maushold|20/100
|-damage|p2b: Archaludon|54/100
|-ability|p2b: Archaludon|Stamina|boost
|-boost|p2b: Archaludon|def|1
|move|p1b: Maple|Earth Power|p2b: Archaludon
|-supereffective|p2b: Archaludon
|-damage|p2b: Archaludon|0 fnt
|faint|p2b: Archaludon
|-damage|p1b: Maple|85/100|[from] item: Life Orb
|move|p2a: Maushold|Super Fang|p1b: Maple
|-damage|p1b: Maple|43/100
|
|upkeep
|
|t:|1757207736
|switch|p2b: Incineroar|Incineroar, L50, M|100/100
|-ability|p2b: Incineroar|Intimidate|boost
|-unboost|p1a: Alfred|atk|1
|-unboost|p1b: Maple|atk|1
|turn|5
|
|t:|1757207753
|-terastallize|p2b: Incineroar|Ghost
|move|p1a: Alfred|Expanding Force|p2a: Maushold|[spread] p2a,p2b
|-damage|p2a: Maushold|0 fnt
|-damage|p2b: Incineroar|75/100
|faint|p2a: Maushold
|move|p1b: Maple|Earth Power|p2b: Incineroar
|-damage|p2b: Incineroar|32/100
|-damage|p1b: Maple|33/100|[from] item: Life Orb
|move|p2b: Incineroar|Flare Blitz|p1b: Maple
|-damage|p1b: Maple|0 fnt
|faint|p1b: Maple
|-damage|p2b: Incineroar|22/100|[from] Recoil
|
|upkeep
|
|t:|1757207767
|switch|p2a: Basculegion|Basculegion, L50, M, shiny|100/100
|turn|6
|
|t:|1757207776
|-terastallize|p1a: Alfred|Psychic
|move|p1a: Alfred|Expanding Force|p2a: Basculegion|[spread] p2a,p2b
|-damage|p2a: Basculegion|18/100
|-damage|p2b: Incineroar|0 fnt
|faint|p2b: Incineroar
|move|p2a: Basculegion|Last Respects|p1a: Alfred
|-supereffective|p1a: Alfred
|-enditem|p1a: Alfred|Focus Sash
|-damage|p1a: Alfred|1/100
|
|-sideend|p1: spiritnekovgc|move: Tailwind
|upkeep
|turn|7
|
|t:|1757207788
|move|p1a: Alfred|Expanding Force|p2a: Basculegion
|-damage|p2a: Basculegion|0 fnt
|faint|p2a: Basculegion
|
|win|spiritnekovgc
|raw|spiritnekovgc's rating: 1101 → 1125(+24 for winning)
|raw|Aizenmack's rating: 1094 → 1070(-24 for losing)
|c|☆spiritnekovgc|clutch
