|j|☆VenuDaAscoInRain
|j|☆ReactorX
|html|VenuDaAscoInRainReactorX    
|uhtml|bestof|Game 2 of a best-of-3
|t:|1783067057
|gametype|doubles
|player|p1|VenuDaAscoInRain|li|1160
|player|p2|ReactorX|alder|1146
|gen|9
|tier|[Gen 9 Champions] VGC 2026 Reg M-B (Bo3)
|rated|
|rule|Species Clause: Limit one of each Pokémon
|rule|Item Clause: Limit 1 of each item
|clearpoke
|poke|p1|Pelipper, L50, M, shiny|
|poke|p1|Swampert, L50, M|
|poke|p1|Archaludon, L50, M, shiny|
|poke|p1|Grimmsnarl, L50, M, shiny|
|poke|p1|Venusaur, L50, M, shiny|
|poke|p1|Sneasler, L50, M, shiny|
|poke|p2|Camerupt, L50, F, shiny|
|poke|p2|Farigiraf, L50, F, shiny|
|poke|p2|Incineroar, L50, M|
|poke|p2|Sylveon, L50, F|
|poke|p2|Rotom-Wash, L50|
|poke|p2|Mawile, L50, F|
|teampreview|4
|showteam|p1|Pelipper||FocusSash|Drizzle|WeatherBall,Hurricane,Tailwind,Protect|Modest||M|||50|]Swampert||Swampertite|Torrent|WaveCrash,IcePunch,HighHorsepower,Protect|Adamant||M|||50|]Archaludon||Leftovers|Stamina|ElectroShot,FlashCannon,DragonPulse,Protect|Modest||M|||50|]Grimmsnarl||RoseliBerry|Prankster|SpiritBreak,PartingShot,Reflect,LightScreen|Careful||M|||50|]Venusaur||Venusaurite|Chlorophyll|SludgeBomb,GigaDrain,EarthPower,SleepPowder|Modest||M|||50|]Sneasler||WhiteHerb|Unburden|DireClaw,CloseCombat,FakeOut,RockTomb|Jolly||M|||50|
|showteam|p2|Camerupt||Cameruptite|SolidRock|AncientPower,Protect,HeatWave,EarthPower|Quiet||F|||50|]Farigiraf||ColburBerry|ArmorTail|Imprison,TwinBeam,TrickRoom,Protect|Bold||F|||50|]Incineroar||PasshoBerry|Intimidate|PartingShot,FakeOut,ThroatChop,FlareBlitz|Sassy||M|||50|]Sylveon||FairyFeather|Pixilate|HyperBeam,HyperVoice,QuickAttack,Protect|Quiet||F|||50|]Rotom-Wash||ChoiceScarf|Levitate|HydroPump,VoltSwitch,Electroweb,Trick|Modest|||||50|]Mawile||Mawilite|HyperCutter|IronHead,PlayRough,SwordsDance,FireFang|Brave||F|||50|
|inactive|Battle timer is ON: inactive players will automatically lose when time's up. (requested by VenuDaAscoInRain)
|
|t:|1783067082
|teamsize|p1|4
|teamsize|p2|4
|start
|switch|p1a: Venusaur|Venusaur, L50, M, shiny|100/100
|switch|p1b: Archaludon|Archaludon, L50, M, shiny|100/100
|switch|p2a: Mimu|Farigiraf, L50, F, shiny|100/100
|switch|p2b: Disrupt|Incineroar, L50, M|100/100
|-ability|p2b: Disrupt|Intimidate|boost
|-unboost|p1a: Venusaur|atk|1
|-unboost|p1b: Archaludon|atk|1
|turn|1
|inactive|VenuDaAscoInRain has 30 seconds left.
|inactive|ReactorX has 30 seconds left.
|
|t:|1783067111
|detailschange|p1a: Venusaur|Venusaur-Mega, L50, M, shiny
|-mega|p1a: Venusaur|Venusaur|Venusaurite
|move|p2b: Disrupt|Fake Out|p1a: Venusaur
|-damage|p1a: Venusaur|90/100
|move|p1b: Archaludon|Dragon Pulse|p2b: Disrupt
|-damage|p2b: Disrupt|67/100
|cant|p1a: Venusaur|flinch
|move|p2a: Mimu|Trick Room|p2a: Mimu
|-fieldstart|move: Trick Room|[of] p2a: Mimu
|
|upkeep
|turn|2
|
|t:|1783067129
|move|p2b: Disrupt|Parting Shot|p1a: Venusaur
|-unboost|p1a: Venusaur|atk|1
|-unboost|p1a: Venusaur|spa|1
|
|t:|1783067136
|switch|p2b: Yellowstone|Camerupt, L50, F, shiny|100/100|[from] Parting Shot
|move|p2a: Mimu|Imprison|p2a: Mimu
|-start|p2a: Mimu|move: Imprison
|move|p1a: Venusaur|Sleep Powder|p2b: Yellowstone
|-status|p2b: Yellowstone|slp|[from] move: Sleep Powder
|move|p1b: Archaludon|Dragon Pulse|p2b: Yellowstone
|-damage|p2b: Yellowstone|44/100 slp
|
|upkeep
|turn|3
|
|t:|1783067150
|switch|p1a: Pelipper|Pelipper, L50, M, shiny|100/100
|-weather|RainDance|[from] ability: Drizzle|[of] p1a: Pelipper
|detailschange|p2b: Yellowstone|Camerupt-Mega, L50, F, shiny
|-mega|p2b: Yellowstone|Camerupt|Cameruptite
|cant|p2b: Yellowstone|slp
|move|p2a: Mimu|Twin Beam|p1a: Pelipper
|-damage|p1a: Pelipper|75/100
|-damage|p1a: Pelipper|46/100
|-hitcount|p1a: Pelipper|2
|move|p1b: Archaludon|Dragon Pulse|p2b: Yellowstone
|-damage|p2b: Yellowstone|4/100 slp
|
|-weather|RainDance|[upkeep]
|upkeep
|turn|4
|
|t:|1783067167
|switch|p1a: Grimmsnarl|Grimmsnarl, L50, M, shiny|100/100
|-curestatus|p2b: Yellowstone|slp|[msg]
|move|p2b: Yellowstone|Earth Power|p1b: Archaludon
|-supereffective|p1b: Archaludon|1
|-damage|p1b: Archaludon|0 fnt
|faint|p1b: Archaludon
|move|p2a: Mimu|Twin Beam|p1a: Grimmsnarl
|-immune|p1a: Grimmsnarl
|
|-weather|RainDance|[upkeep]
|upkeep
|
|t:|1783067171
|switch|p1b: Venusaur|Venusaur-Mega, L50, M, shiny|90/100
|turn|5
|
|t:|1783067177
|move|p2b: Yellowstone|Heat Wave|p1a: Grimmsnarl|[spread] p1a,p1b
|-supereffective|p1b: Venusaur|1
|-damage|p1a: Grimmsnarl|76/100
|-damage|p1b: Venusaur|67/100
|move|p1a: Grimmsnarl|Spirit Break|p2b: Yellowstone
|-resisted|p2b: Yellowstone|1
|-damage|p2b: Yellowstone|0 fnt
|faint|p2b: Yellowstone
|move|p2a: Mimu|Twin Beam|p1b: Venusaur
|-supereffective|p1b: Venusaur|1
|-damage|p1b: Venusaur|41/100
|-supereffective|p1b: Venusaur|1
|-damage|p1b: Venusaur|14/100
|-hitcount|p1b: Venusaur|2
|move|p1b: Venusaur|Sleep Powder|p2a: Mimu|[miss]
|-miss|p1b: Venusaur|p2a: Mimu
|
|-weather|RainDance|[upkeep]
|-fieldend|move: Trick Room
|upkeep
|
|t:|1783067196
|switch|p2b: Sylveon|Sylveon, L50, F|100/100
|turn|6
|
|t:|1783067206
|move|p1b: Venusaur|Sleep Powder|p2a: Mimu|[miss]
|-miss|p1b: Venusaur|p2a: Mimu
|move|p1a: Grimmsnarl|Spirit Break|p2b: Sylveon
|-damage|p2b: Sylveon|61/100
|-unboost|p2b: Sylveon|spa|1
|move|p2a: Mimu|Twin Beam|p1b: Venusaur
|-supereffective|p1b: Venusaur|1
|-damage|p1b: Venusaur|0 fnt
|faint|p1b: Venusaur
|-hitcount|p1: Venusaur|1
|move|p2b: Sylveon|Hyper Voice|p1a: Grimmsnarl
|-supereffective|p1a: Grimmsnarl|1
|-enditem|p1a: Grimmsnarl|Roseli Berry|[eat]
|-enditem|p1a: Grimmsnarl|Roseli Berry|[weaken]
|-damage|p1a: Grimmsnarl|41/100
|
|-weather|RainDance|[upkeep]
|upkeep
|
|t:|1783067209
|switch|p1b: Pelipper|Pelipper, L50, M, shiny|46/100
|turn|7
|-message|VenuDaAscoInRain forfeited.
|
|win|ReactorX
