|j|☆darthnius
|j|☆robby w
|html|darthniusrobby w    
|uhtml|bestof|Game 1 of a best-of-3
|t:|1756566247
|gametype|doubles
|player|p1|darthnius|volkner|1315
|player|p2|robby w|pokekid|1328
|gen|9
|tier|[Gen 9] VGC 2025 Reg H (Bo3)
|rated|
|rule|Species Clause: Limit one of each Pokémon
|rule|Item Clause: Limit 1 of each item
|clearpoke
|poke|p1|Indeedee, L50, M|
|poke|p1|Incineroar, L50, M|
|poke|p1|Sneasler, L50, M|
|poke|p1|Electabuzz, L50, M|
|poke|p1|Ursaluna-Bloodmoon, L50, M|
|poke|p1|Dragonite, L50, M|
|poke|p2|Dondozo, L50, M|
|poke|p2|Tatsugiri, L50, F|
|poke|p2|Sneasler, L50, F|
|poke|p2|Indeedee, L50, M|
|poke|p2|Ursaluna-Bloodmoon, L50, M|
|poke|p2|Electabuzz, L50, F|
|teampreview|4
|showteam|p1|Indeedee||ChoiceScarf|PsychicSurge|ExpandingForce,TeraBlast,Trick,Protect|||M|||50|,,,,,Psychic]Incineroar||SafetyGoggles|Intimidate|FakeOut,FlareBlitz,KnockOff,PartingShot|||M|||50|,,,,,Ghost]Sneasler||PsychicSeed|Unburden|Protect,DireClaw,CloseCombat,ThroatChop|||M|||50|,,,,,Dark]Electabuzz||Eviolite|VitalSpirit|Protect,FollowMe,Electroweb,Taunt|||M|||50|,,,,,Dragon]Ursaluna-Bloodmoon||LifeOrb|MindsEye|Protect,HyperVoice,EarthPower,BloodMoon|||M|||50|,,,,,Normal]Dragonite||LoadedDice|Multiscale|Protect,ScaleShot,Tailwind,Haze|||M|||50|,,,,,Steel
|showteam|p2|Dondozo||Leftovers|Unaware|Protect,WaveCrash,Earthquake,OrderUp|||M|||50|,,,,,Grass]Tatsugiri||ChoiceScarf|Commander|DragonPulse,IcyWind,DracoMeteor,MuddyWater|||F|||50|,,,,,Stellar]Sneasler||PsychicSeed|Unburden|DireClaw,CloseCombat,Protect,ThroatChop|||F|||50|,,,,,Dark]Indeedee||FocusSash|PsychicSurge|DazzlingGleam,TrickRoom,ExpandingForce,Protect|||M|||50|,,,,,Fairy]Ursaluna-Bloodmoon||LifeOrb|MindsEye|BloodMoon,Protect,HyperVoice,EarthPower|||M|||50|,,,,,Normal]Electabuzz||Eviolite|VitalSpirit|Electroweb,Protect,FollowMe,Taunt|||F|||50|,,,,,Ghost
|inactive|Battle timer is ON: inactive players will automatically lose when time's up. (requested by robby w)
|inactive|darthnius has 60 seconds left.
|
|t:|1756566306
|teamsize|p1|4
|teamsize|p2|4
|start
|switch|p1a: Sneasler|Sneasler, L50, M|100/100
|switch|p1b: Dragonite|Dragonite, L50, M|100/100
|switch|p2a: Dondozo|Dondozo, L50, M, shiny|100/100
|switch|p2b: Sneasler|Sneasler, L50, F|100/100
|turn|1
|inactive|robby w has 30 seconds left.
|inactive|robby w has 20 seconds left.
|inactive|robby w has 15 seconds left.
|inactive|robby w has 10 seconds left.
|
|t:|1756566353
|switch|p2b: Tatsugiri|Tatsugiri, L50, F|100/100
|-activate|p2b: Tatsugiri|ability: Commander|[of] p2a: Dondozo
|-boost|p2a: Dondozo|atk|2
|-boost|p2a: Dondozo|spa|2
|-boost|p2a: Dondozo|spe|2
|-boost|p2a: Dondozo|def|2
|-boost|p2a: Dondozo|spd|2
|move|p2a: Dondozo|Order Up|p1b: Dragonite
|-supereffective|p1b: Dragonite
|-damage|p1b: Dragonite|41/100
|-boost|p2a: Dondozo|atk|1
|move|p1a: Sneasler|Dire Claw|p2a: Dondozo
|-damage|p2a: Dondozo|85/100
|-status|p2a: Dondozo|slp
|move|p1b: Dragonite|Scale Shot|p2b: Tatsugiri|[miss]
|-miss|p1b: Dragonite|p2b: Tatsugiri
|
|-heal|p2a: Dondozo|91/100 slp|[from] item: Leftovers
|upkeep
|turn|2
|inactive|darthnius has 30 seconds left.
|
|t:|1756566382
|cant|p2a: Dondozo|slp
|move|p1a: Sneasler|Dire Claw|p2a: Dondozo
|-damage|p2a: Dondozo|74/100 slp
|move|p1b: Dragonite|Haze|p1b: Dragonite
|-clearallboost
|
|-heal|p2a: Dondozo|81/100 slp|[from] item: Leftovers
|upkeep
|turn|3
|
|t:|1756566405
|cant|p2a: Dondozo|slp
|move|p1a: Sneasler|Dire Claw|p2a: Dondozo
|-crit|p2a: Dondozo
|-damage|p2a: Dondozo|34/100 slp
|move|p1b: Dragonite|Tailwind|p1b: Dragonite
|-sidestart|p1: darthnius|move: Tailwind
|
|-heal|p2a: Dondozo|40/100 slp|[from] item: Leftovers
|upkeep
|turn|4
|
|t:|1756566421
|move|p1a: Sneasler|Dire Claw|p2a: Dondozo
|-damage|p2a: Dondozo|5/100 slp
|move|p1b: Dragonite|Scale Shot|p2a: Dondozo
|-damage|p2a: Dondozo|0 fnt
|faint|p2a: Dondozo
|-hitcount|p2: Dondozo|1
|-unboost|p1b: Dragonite|def|1
|-boost|p1b: Dragonite|spe|1
|
|upkeep
|
|t:|1756566434
|switch|p2a: Indeedee|Indeedee, L50, M|100/100
|-fieldstart|move: Psychic Terrain|[from] ability: Psychic Surge|[of] p2a: Indeedee
|-enditem|p1a: Sneasler|Psychic Seed
|-boost|p1a: Sneasler|spd|1|[from] item: Psychic Seed
|turn|5
|
|t:|1756566459
|-terastallize|p1a: Sneasler|Dark
|-terastallize|p2a: Indeedee|Fairy
|move|p1a: Sneasler|Dire Claw|p2b: Tatsugiri
|-damage|p2b: Tatsugiri|10/100
|move|p1b: Dragonite|Scale Shot|p2a: Indeedee
|-immune|p2a: Indeedee
|move|p2b: Tatsugiri|Icy Wind|p1a: Sneasler|[spread] p1a,p1b
|-supereffective|p1b: Dragonite
|-damage|p1a: Sneasler|86/100
|-damage|p1b: Dragonite|0 fnt
|-unboost|p1a: Sneasler|spe|1
|faint|p1b: Dragonite
|move|p2a: Indeedee|Dazzling Gleam|p1a: Sneasler
|-supereffective|p1a: Sneasler
|-damage|p1a: Sneasler|20/100
|
|upkeep
|
|t:|1756566472
|switch|p1b: Indeedee|Indeedee, L50, M|100/100
|turn|6
|inactive|darthnius has 30 seconds left.
|inactive|darthnius has 20 seconds left.
|
|t:|1756566511
|move|p2a: Indeedee|Protect|p2a: Indeedee
|-singleturn|p2a: Indeedee|Protect
|move|p1a: Sneasler|Dire Claw|p2a: Indeedee
|-activate|p2a: Indeedee|move: Protect
|move|p1b: Indeedee|Expanding Force|p2a: Indeedee|[spread] p2b
|-activate|p2a: Indeedee|move: Protect
|-damage|p2b: Tatsugiri|0 fnt
|faint|p2b: Tatsugiri
|
|-sideend|p1: darthnius|move: Tailwind
|upkeep
|
|t:|1756566521
|switch|p2b: Sneasler|Sneasler, L50, F|100/100
|-enditem|p2b: Sneasler|Psychic Seed
|-boost|p2b: Sneasler|spd|1|[from] item: Psychic Seed
|turn|7
|
|t:|1756566539
|move|p2b: Sneasler|Throat Chop|p1b: Indeedee
|-supereffective|p1b: Indeedee
|-damage|p1b: Indeedee|0 fnt
|faint|p1b: Indeedee
|move|p1a: Sneasler|Dire Claw|p2a: Indeedee
|-supereffective|p2a: Indeedee
|-enditem|p2a: Indeedee|Focus Sash
|-damage|p2a: Indeedee|1/100
|-status|p2a: Indeedee|par
|cant|p2a: Indeedee|par
|
|upkeep
|
|t:|1756566550
|switch|p1b: Incineroar|Incineroar, L50, M|100/100
|-ability|p1b: Incineroar|Intimidate|boost
|-unboost|p2a: Indeedee|atk|1
|-unboost|p2b: Sneasler|atk|1
|turn|8
|
|t:|1756566568
|move|p2b: Sneasler|Close Combat|p1b: Incineroar
|-supereffective|p1b: Incineroar
|-damage|p1b: Incineroar|4/100
|-unboost|p2b: Sneasler|def|1
|-unboost|p2b: Sneasler|spd|1
|move|p1a: Sneasler|Dire Claw|p2b: Sneasler
|-resisted|p2b: Sneasler
|-damage|p2b: Sneasler|36/100
|move|p1b: Incineroar|Flare Blitz|p2b: Sneasler
|-damage|p2b: Sneasler|0 fnt
|faint|p2b: Sneasler
|-damage|p1b: Incineroar|0 fnt|[from] Recoil
|faint|p1b: Incineroar
|cant|p2a: Indeedee|par
|
|upkeep
|turn|9
|
|t:|1756566586
|move|p1a: Sneasler|Dire Claw|p2a: Indeedee
|-supereffective|p2a: Indeedee
|-damage|p2a: Indeedee|0 fnt
|faint|p2a: Indeedee
|
|win|darthnius
||robby w is ready for game 2.
||darthnius is ready for game 2.
|uhtml|next|Next: Game 2 of 3
