|j|â˜†ShabazXVGC
|j|â˜†SovereignSyl
|html|ShabazXVGCSovereignSyl    
|uhtml|bestof|Game 1 of a best-of-3
|t:|1756914941
|gametype|doubles
|player|p1|ShabazXVGC|marlon|1168
|player|p2|SovereignSyl|amelia-shuffle|1062
|gen|9
|tier|[Gen 9] VGC 2025 Reg H (Bo3)
|rated|
|rule|Species Clause: Limit one of each PokÃ©mon
|rule|Item Clause: Limit 1 of each item
|clearpoke
|poke|p1|Rillaboom, L50, M|
|poke|p1|Incineroar, L50, M|
|poke|p1|Weezing-Galar, L50, F|
|poke|p1|Dragapult, L50, M|
|poke|p1|Kingambit, L50, M|
|poke|p1|Porygon2, L50|
|poke|p2|Indeedee-F, L50, F|
|poke|p2|Armarouge, L50, M|
|poke|p2|Hatterene, L50, F|
|poke|p2|Torkoal, L50, M|
|poke|p2|Gallade, L50, M|
|poke|p2|Ursaluna, L50, M|
|teampreview|4
|showteam|p1|Rillaboom||GrassySeed|GrassySurge|FakeOut,HighHorsepower,GrassyGlide,WoodHammer|||M|||50|,,,,,Fire]Incineroar||AssaultVest|Intimidate|FlareBlitz,KnockOff,Uturn,FakeOut|||M|||50|,,,,,Ghost]Weezing-Galar||SitrusBerry|NeutralizingGas|Protect,PoisonGas,SludgeBomb,DazzlingGleam|||F|||50|,,,,,Water]Dragapult||LifeOrb|ClearBody|DragonDarts,PhantomForce,Uturn,Protect|||M|||50|,,,,,Dragon]Kingambit||SafetyGoggles|Defiant|SuckerPunch,KowtowCleave,Protect,SwordsDance|||M|||50|,,,,,Dragon]Porygon2||Eviolite|Download|TeraBlast,IceBeam,TrickRoom,Recover||||||50|,,,,,Poison
|showteam|p2|Indeedee-F||SafetyGoggles|PsychicSurge|AlluringVoice,FollowMe,HelpingHand,TrickRoom|||F|||50|,,,,,Dragon]Armarouge||PowerHerb|FlashFire|ArmorCannon,ExpandingForce,MeteorBeam,Protect|||M|||50|,,,,,Grass]Hatterene||LifeOrb|MagicBounce|ExpandingForce,DazzlingGleam,TrickRoom,Protect|||F|||50|,,,,,Fire]Torkoal||AssaultVest|Drought|Eruption,WeatherBall,EarthPower,ClearSmog|||M|||50|,,,,,Fire]Gallade||ClearAmulet|Sharpness|PsychoCut,SacredSword,WideGuard,TrickRoom|||M|||50|,,,,,Grass]Ursaluna||FlameOrb|Guts|Facade,HeadlongRush,Substitute,Protect|||M|||50|,,,,,Dragon
|inactive|Battle timer is ON: inactive players will automatically lose when time's up. (requested by ShabazXVGC)
|
|t:|1756915024
|teamsize|p1|4
|teamsize|p2|4
|start
|switch|p1a: Caesar|Weezing-Galar, L50, F|100/100
|switch|p1b: Ace|Incineroar, L50, M|100/100
|switch|p2a: Calliope|Hatterene, L50, F|100/100
|switch|p2b: Thanatos|Gallade, L50, M|100/100
|-ability|p1a: Caesar|Neutralizing Gas
|turn|1
|c|â˜†SovereignSyl|oh one piece, hell yeah
|inactive|ShabazXVGC has 30 seconds left.
|inactive|SovereignSyl has 30 seconds left.
|inactive|ShabazXVGC has 20 seconds left.
|inactive|SovereignSyl has 20 seconds left.
|inactive|ShabazXVGC has 15 seconds left.
|inactive|SovereignSyl has 15 seconds left.
|inactive|SovereignSyl has 10 seconds left.
|inactive|SovereignSyl has 5 seconds left.
|
|t:|1756915074
|-terastallize|p1a: Caesar|Water
|move|p1b: Ace|Flare Blitz|p2b: Thanatos
|-damage|p2b: Thanatos|15/100
|-damage|p1b: Ace|75/100|[from] Recoil
|move|p2b: Thanatos|Sacred Sword|p1b: Ace
|-supereffective|p1b: Ace
|-damage|p1b: Ace|0 fnt
|faint|p1b: Ace
|move|p1a: Caesar|Dazzling Gleam|p2a: Calliope|[spread] p2a,p2b
|-supereffective|p2b: Thanatos
|-damage|p2a: Calliope|79/100
|-damage|p2b: Thanatos|0 fnt
|faint|p2b: Thanatos
|move|p2a: Calliope|Trick Room|p2a: Calliope
|-fieldstart|move: Trick Room|[of] p2a: Calliope
|
|upkeep
|c|â˜†ShabazXVGC|It is real!!!!!!
|c|â˜†SovereignSyl|IT'S REALLLLL
|inactive|SovereignSyl has 30 seconds left.
|
|t:|1756915102
|switch|p2b: Cerberus|Ursaluna, L50, M, shiny|100/100
|switch|p1b: Mihawk|Kingambit, L50, M|100/100
|turn|2
|
|t:|1756915126
|switch|p1b: Liberation|Rillaboom, L50, M, shiny|100/100
|-terastallize|p2a: Calliope|Fire
|move|p2a: Calliope|Dazzling Gleam|p1b: Liberation|[spread] p1a,p1b
|-damage|p1a: Caesar|42/100
|-damage|p1b: Liberation|44/100
|-enditem|p1a: Caesar|Sitrus Berry|[eat]
|-heal|p1a: Caesar|67/100|[from] item: Sitrus Berry
|-damage|p2a: Calliope|69/100|[from] item: Life Orb
|move|p2b: Cerberus|Facade|p1a: Caesar
|-damage|p1a: Caesar|33/100
|move|p1a: Caesar|Dazzling Gleam|p2b: Cerberus|[spread] p2a,p2b
|-resisted|p2a: Calliope
|-damage|p2a: Calliope|59/100
|-damage|p2b: Cerberus|84/100
|
|-status|p2b: Cerberus|brn|[from] item: Flame Orb
|upkeep
|turn|3
|
|t:|1756915145
|move|p1a: Caesar|Protect|p1a: Caesar
|-singleturn|p1a: Caesar|Protect
|move|p1b: Liberation|Fake Out|p2a: Calliope
|-damage|p2a: Calliope|45/100
|cant|p2a: Calliope|flinch
|move|p2b: Cerberus|Facade|p1a: Caesar
|-activate|p1a: Caesar|move: Protect
|
|-damage|p2b: Cerberus|78/100 brn|[from] brn
|upkeep
|turn|4
|c|â˜†SovereignSyl|OH CAUSE THE DRUMS OF LIBERATION
|c|â˜†SovereignSyl|CLEVER
|
|t:|1756915166
|switch|p1b: Mihawk|Kingambit, L50, M|100/100
|move|p2a: Calliope|Dazzling Gleam|p1b: Mihawk|[spread] p1a,p1b
|-damage|p1a: Caesar|0 fnt
|-damage|p1b: Mihawk|57/100
|faint|p1a: Caesar
|-end|p1a: Caesar|ability: Neutralizing Gas
|-damage|p2a: Calliope|35/100|[from] item: Life Orb
|move|p2b: Cerberus|Facade|p1b: Mihawk
|-resisted|p1b: Mihawk
|-damage|p1b: Mihawk|12/100
|
|-damage|p2b: Cerberus|72/100 brn|[from] brn
|upkeep
|
|t:|1756915172
|switch|p1a: Liberation|Rillaboom, L50, M, shiny|44/100
|-fieldstart|move: Grassy Terrain|[from] ability: Grassy Surge|[of] p1a: Liberation
|-enditem|p1a: Liberation|Grassy Seed
|-boost|p1a: Liberation|def|1|[from] item: Grassy Seed
|turn|5
|c|â˜†ShabazXVGC|Yessir
|inactive|SovereignSyl has 30 seconds left.
|inactive|ShabazXVGC has 30 seconds left.
|
|t:|1756915210
|switch|p2a: Eris|Indeedee-F, L50, F|100/100
|-fieldstart|move: Psychic Terrain|[from] ability: Psychic Surge|[of] p2a: Eris
|move|p1b: Mihawk|Protect|p1b: Mihawk
|-singleturn|p1b: Mihawk|Protect
|move|p2b: Cerberus|Facade|p1a: Liberation
|-damage|p1a: Liberation|0 fnt
|faint|p1a: Liberation
|
|-damage|p2b: Cerberus|66/100 brn|[from] brn
|-fieldend|move: Trick Room
|upkeep
|turn|6
|
|t:|1756915227
|move|p2a: Eris|Follow Me|p2a: Eris
|-singleturn|p2a: Eris|move: Follow Me
|move|p1b: Mihawk|Kowtow Cleave|p2a: Eris
|-supereffective|p2a: Eris
|-damage|p2a: Eris|0 fnt
|faint|p2a: Eris
|move|p2b: Cerberus|Facade|p1b: Mihawk
|-resisted|p1b: Mihawk
|-damage|p1b: Mihawk|0 fnt
|faint|p1b: Mihawk
|
|win|SovereignSyl
||SovereignSyl is ready for game 2.
|inactive|ShabazXVGC has 30 seconds to confirm battle start!
||ShabazXVGC is ready for game 2.
|uhtml|next|Next: Game 2 of 3
|l|â˜†SovereignSyl
|player|p2|
