|j|☆mumu2
|j|☆FIR patu.
|html|mumu2FIR patu.    
|uhtml|bestof|Game 1 of a best-of-3
|t:|1785284655
|gametype|doubles
|player|p1|mumu2|cyclistf|
|player|p2|FIR patu.|ingo|
|gen|9
|tier|[Gen 9 Champions] VGC 2026 Reg M-B (Bo3)
|rule|Species Clause: Limit one of each Pokémon
|rule|Item Clause: Limit 1 of each item
|clearpoke
|poke|p1|Tyranitar, L50, M|
|poke|p1|Excadrill, L50, M|
|poke|p1|Hydreigon, L50, F|
|poke|p1|Scrafty, L50, F|
|poke|p1|Corviknight, L50, F|
|poke|p1|Rotom-Wash, L50|
|poke|p2|Starmie, L50, shiny|
|poke|p2|Talonflame, L50, M|
|poke|p2|Maushold, L50|
|poke|p2|Tsareena, L50, F|
|poke|p2|Hydreigon, L50, M, shiny|
|poke|p2|Lopunny, L50, M|
|teampreview|4
|showteam|p1|Tyranitar||Tyranitarite|SandStream|RockSlide,KnockOff,Earthquake,Protect|Adamant||M|||50|]Excadrill||LifeOrb|SandRush|Earthquake,IronHead,RockSlide,Protect|Adamant||M|||50|]Hydreigon||ChoiceScarf|Levitate|DracoMeteor,DarkPulse,EarthPower,HeatWave|Timid||F|||50|]Scrafty||Scraftinite|Intimidate|FakeOut,FirePunch,Crunch,CloseCombat|Adamant||F|||50|]Corviknight||Leftovers|MirrorArmor|BraveBird,Tailwind,BulkUp,Protect|Careful||F|||50|]Rotom-Wash||SitrusBerry|Levitate|Discharge,HydroPump,VoltSwitch,WillOWisp|Modest|||||50|
|showteam|p2|Starmie||Starminite|NaturalCure|PsychoCut,AquaJet,Liquidation,Protect|Jolly|||||50|]Talonflame||FocusSash|GaleWings|BraveBird,FlareBlitz,Tailwind,Protect|Jolly||M|||50|]Maushold||SitrusBerry|FriendGuard|SuperFang,HelpingHand,FollowMe,Protect|Impish|||||50|]Tsareena||LifeOrb|QueenlyMajesty|TropKick,PlayRough,Uturn,Protect|Jolly||F|||50|]Hydreigon||ChoiceScarf|Levitate|DragonPulse,DarkPulse,EarthPower,HeatWave|Modest||M|||50|]Lopunny||Lopunnite|Limber|FakeOut,CloseCombat,TripleAxel,Protect|Jolly||M|||50|
|j| FIR Zants
|
|t:|1785284778
|teamsize|p1|4
|teamsize|p2|4
|start
|switch|p1a: Scrafty|Scrafty, L50, F|100/100
|switch|p1b: Corviknight|Corviknight, L50, F|100/100
|switch|p2a: Lopunny|Lopunny, L50, M|100/100
|switch|p2b: Tsareena|Tsareena, L50, F|100/100
|-ability|p1a: Scrafty|Intimidate|boost
|-unboost|p2a: Lopunny|atk|1
|-unboost|p2b: Tsareena|atk|1
|turn|1
|
|t:|1785284874
|switch|p1a: Excadrill|Excadrill, L50, M|100/100
|detailschange|p2a: Lopunny|Lopunny-Mega, L50, M
|-mega|p2a: Lopunny|Lopunny|Lopunnite
|move|p2a: Lopunny|Close Combat|p1a: Excadrill
|-supereffective|p1a: Excadrill|1
|-damage|p1a: Excadrill|0 fnt
|-unboost|p2a: Lopunny|def|1
|-unboost|p2a: Lopunny|spd|1
|faint|p1a: Excadrill
|move|p2b: Tsareena|Play Rough|p1b: Corviknight|[miss]
|-miss|p2b: Tsareena|p1b: Corviknight
|move|p1b: Corviknight|Bulk Up|p1b: Corviknight
|-boost|p1b: Corviknight|atk|1
|-boost|p1b: Corviknight|def|1
|
|upkeep
|
|t:|1785284931
|switch|p1a: Scrafty|Scrafty, L50, F|100/100
|-ability|p1a: Scrafty|Intimidate|boost
|-fail|p2a: Lopunny|unboost|Attack|[from] ability: Scrappy|[of] p2a: Lopunny
|-unboost|p2b: Tsareena|atk|1
|turn|2
|
|t:|1785285008
|switch|p2a: Maushold|Maushold, L50|100/100
|detailschange|p1a: Scrafty|Scrafty-Mega, L50, F
|-mega|p1a: Scrafty|Scrafty|Scraftinite
|-ability|p1a: Scrafty|Intimidate|boost
|-unboost|p2a: Maushold|atk|1
|-unboost|p2b: Tsareena|atk|1
|move|p2b: Tsareena|Play Rough|p1a: Scrafty
|-supereffective|p1a: Scrafty|2
|-damage|p1a: Scrafty|54/100
|-damage|p2b: Tsareena|90/100|[from] item: Life Orb
|move|p1a: Scrafty|Close Combat|p2b: Tsareena
|-damage|p2b: Tsareena|33/100
|-unboost|p1a: Scrafty|def|1
|-unboost|p1a: Scrafty|spd|1
|move|p1b: Corviknight|Brave Bird|p2a: Maushold
|-damage|p2a: Maushold|41/100
|-enditem|p2a: Maushold|Sitrus Berry|[eat]
|-heal|p2a: Maushold|66/100|[from] item: Sitrus Berry
|-damage|p1b: Corviknight|82/100|[from] Recoil
|
|-heal|p1b: Corviknight|88/100|[from] item: Leftovers
|upkeep
|turn|3
|
|t:|1785285108
|move|p2a: Maushold|Protect|p2a: Maushold
|-singleturn|p2a: Maushold|Protect
|move|p1b: Corviknight|Protect|p1b: Corviknight
|-singleturn|p1b: Corviknight|Protect
|move|p2b: Tsareena|U-turn|p1a: Scrafty
|-damage|p1a: Scrafty|41/100
|-damage|p2b: Tsareena|24/100|[from] item: Life Orb
|
|t:|1785285121
|switch|p2b: Hydreigon|Hydreigon, L50, M, shiny|100/100|[from] U-turn
|move|p1a: Scrafty|Close Combat|p2a: Maushold
|-activate|p2a: Maushold|move: Protect
|
|-heal|p1b: Corviknight|94/100|[from] item: Leftovers
|upkeep
|turn|4
|
|t:|1785285204
|switch|p1a: Hydreigon|Hydreigon, L50, F|100/100
|move|p2a: Maushold|Helping Hand|p2b: Hydreigon
|-singleturn|p2b: Hydreigon|Helping Hand|[of] p2a: Maushold
|move|p2b: Hydreigon|Heat Wave|p1b: Corviknight|[spread] p1a,p1b
|-resisted|p1a: Hydreigon|1
|-supereffective|p1b: Corviknight|1
|-damage|p1a: Hydreigon|80/100
|-damage|p1b: Corviknight|40/100
|move|p1b: Corviknight|Brave Bird|p2a: Maushold
|-damage|p2a: Maushold|11/100
|-damage|p1b: Corviknight|24/100|[from] Recoil
|
|-heal|p1b: Corviknight|30/100|[from] item: Leftovers
|upkeep
|turn|5
|
|t:|1785285281
|switch|p1a: Scrafty|Scrafty-Mega, L50, F|41/100
|-ability|p1a: Scrafty|Intimidate|boost
|-unboost|p2a: Maushold|atk|1
|-unboost|p2b: Hydreigon|atk|1
|move|p1b: Corviknight|Protect|p1b: Corviknight
|-singleturn|p1b: Corviknight|Protect
|move|p2a: Maushold|Follow Me|p2a: Maushold
|-singleturn|p2a: Maushold|move: Follow Me
|move|p2b: Hydreigon|Heat Wave|p1b: Corviknight|[spread] p1a
|-activate|p1b: Corviknight|move: Protect
|-damage|p1a: Scrafty|20/100y
|
|-heal|p1b: Corviknight|36/100|[from] item: Leftovers
|upkeep
|turn|6
|
|t:|1785285325
|switch|p2a: Tsareena|Tsareena, L50, F|24/100
|move|p1a: Scrafty|Fake Out||[still]
|cant|p2a: Tsareena|ability: Queenly Majesty|Fake Out|[of] p1a: Scrafty
|move|p2b: Hydreigon|Heat Wave|p1b: Corviknight|[spread] p1a,p1b
|-supereffective|p1b: Corviknight|1
|-damage|p1a: Scrafty|0 fnt
|-damage|p1b: Corviknight|0 fnt
|faint|p1a: Scrafty
|faint|p1b: Corviknight
|
|upkeep
|
|t:|1785285330
|switch|p1a: Hydreigon|Hydreigon, L50, F|80/100
|turn|7
|
|t:|1785285348
|switch|p2b: Maushold|Maushold, L50|11/100
|move|p1a: Hydreigon|Draco Meteor|p2b: Maushold
|-damage|p2b: Maushold|0 fnt
|-unboost|p1a: Hydreigon|spa|2
|faint|p2b: Maushold
|move|p2a: Tsareena|Play Rough|p1a: Hydreigon|[miss]
|-miss|p2a: Tsareena|p1a: Hydreigon
|
|upkeep
|
|t:|1785285357
|switch|p2b: Lopunny|Lopunny-Mega, L50, M|100/100
|turn|8
|
|t:|1785285364
|move|p2b: Lopunny|Fake Out|p1a: Hydreigon
|-damage|p1a: Hydreigon|60/100
|cant|p1a: Hydreigon|flinch
|move|p2a: Tsareena|Play Rough|p1a: Hydreigon
|-supereffective|p1a: Hydreigon|2
|-damage|p1a: Hydreigon|0 fnt
|faint|p1a: Hydreigon
|-damage|p2a: Tsareena|14/100|[from] item: Life Orb
|
|win|FIR patu.
||mumu2 is ready for game 2.
|inactive|FIR patu. has 30 seconds to confirm battle start!
||FIR patu. is ready for game 2.
|uhtml|next|Next: Game 2 of 3
