|j|☆lucasmalt
|j|☆UchitaWyrm
|html|lucasmaltUchitaWyrm    
|uhtml|bestof|Game 2 of a best-of-3
|t:|1785146791
|gametype|doubles
|player|p1|lucasmalt|101|1353
|player|p2|UchitaWyrm|giovanni|1249
|gen|9
|tier|[Gen 9 Champions] VGC 2026 Reg M-B (Bo3)
|rated|
|rule|Species Clause: Limit one of each Pokémon
|rule|Item Clause: Limit 1 of each item
|clearpoke
|poke|p1|Blaziken, L50, M, shiny|
|poke|p1|Incineroar, L50, M, shiny|
|poke|p1|Sinistcha, L50|
|poke|p1|Milotic, L50, M, shiny|
|poke|p1|Hydreigon, L50, M|
|poke|p1|Gardevoir, L50, M, shiny|
|poke|p2|Froslass, L50, F|
|poke|p2|Gholdengo, L50|
|poke|p2|Dragonite, L50, M|
|poke|p2|Kingambit, L50, F|
|poke|p2|Sneasler, L50, F|
|poke|p2|Rotom-Mow, L50|
|teampreview|4
|showteam|p1|Blaziken||Blazikenite|SpeedBoost|FlareBlitz,CloseCombat,RockSlide,Detect|Adamant||M|||50|]Incineroar||SitrusBerry|Intimidate|FakeOut,FlareBlitz,DarkestLariat,PartingShot|Careful||M|||50|]Sinistcha||KasibBerry|Hospitality|MatchaGotcha,RagePowder,TrickRoom,Protect|Bold|||||50|]Milotic||Leftovers|Competitive|MuddyWater,Coil,Hypnosis,Recover|Calm||M|||50|]Hydreigon||ChoiceScarf|Levitate|Snarl,DracoMeteor,DarkPulse,EarthPower|Modest||M|||50|]Gardevoir||Gardevoirite|Trace|HyperVoice,Psyshock,TrickRoom,Protect|Modest||M|||50|
|showteam|p2|Froslass||Froslassite|CursedBody|Blizzard,ShadowBall,AuroraVeil,Protect|Modest||F|||50|]Gholdengo||FocusSash|GoodasGold|MakeItRain,ShadowBall,PowerGem,NastyPlot|Timid|||||50|]Dragonite||LumBerry|Multiscale|Protect,Tailwind,LowKick,DragonClaw|Adamant||M|||50|]Kingambit||LifeOrb|Defiant|Protect,SwordsDance,SuckerPunch,KowtowCleave|Adamant||F|||50|]Sneasler||WhiteHerb|Unburden|FakeOut,Protect,GunkShot,CloseCombat|Adamant||F|||50|]Rotom-Mow||ChoiceScarf|Levitate|LeafStorm,VoltSwitch,Electroweb,Trick|Timid|||||50|
|
|t:|1785146817
|teamsize|p1|4
|teamsize|p2|4
|start
|switch|p1a: Blaziken|Blaziken, L50, M, shiny|100/100
|switch|p1b: Milotic|Milotic, L50, M, shiny|100/100
|switch|p2a: Froslass|Froslass, L50, F|100/100
|switch|p2b: Sneasler|Sneasler, L50, F|100/100
|turn|1
|
|t:|1785146839
|detailschange|p2a: Froslass|Froslass-Mega, L50, F
|-mega|p2a: Froslass|Froslass|Froslassite
|-weather|Snowscape|[from] ability: Snow Warning|[of] p2a: Froslass
|detailschange|p1a: Blaziken|Blaziken-Mega, L50, M, shiny
|-mega|p1a: Blaziken|Blaziken|Blazikenite
|move|p2b: Sneasler|Fake Out|p1b: Milotic
|-damage|p1b: Milotic|87/100
|move|p2a: Froslass|Aurora Veil|p2a: Froslass
|-sidestart|p2: UchitaWyrm|move: Aurora Veil
|move|p1a: Blaziken|Flare Blitz|p2b: Sneasler
|-damage|p2b: Sneasler|14/100
|-damage|p1a: Blaziken|73/100|[from] Recoil
|cant|p1b: Milotic|flinch
|
|-weather|Snowscape|[upkeep]
|-heal|p1b: Milotic|93/100|[from] item: Leftovers
|-ability|p1a: Blaziken|Speed Boost|boost
|-boost|p1a: Blaziken|spe|1
|upkeep
|turn|2
|
|t:|1785146875
|move|p1a: Blaziken|Flare Blitz|p2b: Sneasler
|-damage|p2b: Sneasler|0 fnt
|faint|p2b: Sneasler
|-damage|p1a: Blaziken|68/100|[from] Recoil
|move|p2a: Froslass|Shadow Ball|p1b: Milotic
|-damage|p1b: Milotic|60/100
|move|p1b: Milotic|Coil|p1b: Milotic
|-boost|p1b: Milotic|atk|1
|-boost|p1b: Milotic|def|1
|-boost|p1b: Milotic|accuracy|1
|
|-weather|Snowscape|[upkeep]
|-heal|p1b: Milotic|66/100|[from] item: Leftovers
|-ability|p1a: Blaziken|Speed Boost|boost
|-boost|p1a: Blaziken|spe|1
|upkeep
|
|t:|1785146881
|switch|p2b: Dragonite|Dragonite, L50, M|100/100
|turn|3
|
|t:|1785146892
|move|p1a: Blaziken|Rock Slide|p2b: Dragonite|[spread] p2a
|-miss|p1a: Blaziken|p2b: Dragonite
|-supereffective|p2a: Froslass|1
|-damage|p2a: Froslass|61/100
|move|p2a: Froslass|Blizzard|p1b: Milotic|[spread] p1a,p1b
|-resisted|p1a: Blaziken|1
|-resisted|p1b: Milotic|1
|-damage|p1a: Blaziken|36/100
|-damage|p1b: Milotic|51/100
|move|p1b: Milotic|Recover|p1b: Milotic
|-heal|p1b: Milotic|100/100
|move|p2b: Dragonite|Tailwind|p2b: Dragonite
|-sidestart|p2: UchitaWyrm|move: Tailwind
|
|-weather|Snowscape|[upkeep]
|-ability|p1a: Blaziken|Speed Boost|boost
|-boost|p1a: Blaziken|spe|1
|upkeep
|turn|4
|
|t:|1785146906
|move|p1a: Blaziken|Detect|p1a: Blaziken
|-singleturn|p1a: Blaziken|Protect
|move|p2a: Froslass|Shadow Ball|p1b: Milotic
|-damage|p1b: Milotic|68/100
|-unboost|p1b: Milotic|spd|1
|-ability|p1b: Milotic|Competitive|boost
|-boost|p1b: Milotic|spa|2
|move|p2b: Dragonite|Dragon Claw|p1b: Milotic
|-damage|p1b: Milotic|42/100
|move|p1b: Milotic|Hypnosis|p2a: Froslass
|-status|p2a: Froslass|slp|[from] move: Hypnosis
|
|-weather|Snowscape|[upkeep]
|-heal|p1b: Milotic|48/100|[from] item: Leftovers
|-ability|p1a: Blaziken|Speed Boost|boost
|-boost|p1a: Blaziken|spe|1
|upkeep
|turn|5
|-message|UchitaWyrm forfeited.
|
|win|lucasmalt
|raw|lucasmalt's rating: 1353 → 1367(+14 for winning)
|raw|UchitaWyrm's rating: 1249 → 1231(-18 for losing)
|l|☆UchitaWyrm
|player|p2|
