|j|☆Genn22Vgc
|j|☆StarDoor01
|html|Genn22VgcStarDoor01    
|uhtml|bestof|Game 1 of a best-of-3
|t:|1785226348
|gametype|doubles
|player|p1|Genn22Vgc|1|1191
|player|p2|StarDoor01|2|1165
|gen|9
|tier|[Gen 9 Champions] VGC 2026 Reg M-B (Bo3)
|rated|
|rule|Species Clause: Limit one of each Pokémon
|rule|Item Clause: Limit 1 of each item
|clearpoke
|poke|p1|Medicham, L50, M|
|poke|p1|Farigiraf, L50, M|
|poke|p1|Basculegion, L50, M|
|poke|p1|Kingambit, L50, M|
|poke|p1|Talonflame, L50, F|
|poke|p1|Floette-Eternal, L50, F|
|poke|p2|Scovillain, L50, F|
|poke|p2|Sylveon, L50, M|
|poke|p2|Kingambit, L50, M|
|poke|p2|Lycanroc-Dusk, L50, M|
|poke|p2|Basculegion, L50, M|
|poke|p2|Metagross, L50|
|teampreview|4
|showteam|p1|Medicham||Medichamite|PurePower|CloseCombat,PsychoCut,FakeOut,RockSlide|Adamant||M|||50|]Farigiraf||ColburBerry|ArmorTail|Thunderbolt,TwinBeam,HelpingHand,TrickRoom|Bold||M|||50|]Basculegion||MysticWater|Adaptability|LastRespects,WaveCrash,AquaJet,Protect|Adamant||M|||50|]Kingambit||FocusSash|Defiant|LowKick,IronHead,KowtowCleave,SuckerPunch|Adamant||M|||50|]Talonflame||SharpBeak|GaleWings|DualWingbeat,Tailwind,FlareBlitz,Taunt|Jolly||F|||50|]Floette-Eternal||Floettite|FlowerVeil|LightofRuin,Moonblast,DazzlingGleam,Protect|Modest||F|||50|
|showteam|p2|Scovillain||Scovillainite|Moody|GigaDrain,Overheat,RagePowder,Protect|Bold||F|||50|]Sylveon||FairyFeather|Pixilate|HyperVoice,HyperBeam,QuickAttack,Detect|Modest||M|||50|]Kingambit||BlackGlasses|Defiant|KowtowCleave,SuckerPunch,SwordsDance,Protect|Adamant||M|||50|]Lycanroc-Dusk||FocusSash|ToughClaws|CloseCombat,Accelerock,RockSlide,Protect|Adamant||M|||50|]Basculegion||SitrusBerry|Adaptability|WaveCrash,LastRespects,AquaJet,Protect|Adamant||M|||50|]Metagross||Metagrossite|ClearBody|IronHead,PsychicFangs,IcePunch,Protect|Jolly|||||50|
|
|t:|1785226394
|teamsize|p1|4
|teamsize|p2|4
|start
|switch|p1a: Talonflame|Talonflame, L50, F|100/100
|switch|p1b: Basculegion|Basculegion, L50, M|100/100
|switch|p2a: Scovillain|Scovillain, L50, F|100/100
|switch|p2b: Basculegion|Basculegion, L50, M|100/100
|turn|1
|
|t:|1785226430
|switch|p1b: Floette|Floette-Eternal, L50, F|100/100
|move|p2b: Basculegion|Protect|p2b: Basculegion
|-singleturn|p2b: Basculegion|Protect
|move|p2a: Scovillain|Protect|p2a: Scovillain
|-singleturn|p2a: Scovillain|Protect
|move|p1a: Talonflame|Tailwind|p1a: Talonflame
|-sidestart|p1: Genn22Vgc|move: Tailwind
|
|-ability|p2a: Scovillain|Moody|boost
|-boost|p2a: Scovillain|spd|2
|-unboost|p2a: Scovillain|atk|1
|upkeep
|turn|2
|
|t:|1785226499
|switch|p2b: Kingambit|Kingambit, L50, M|100/100
|detailschange|p1b: Floette|Floette-Mega, L50, F
|-mega|p1b: Floette|Floette|Floettite
|-ability|p1b: Floette|Fairy Aura
|detailschange|p2a: Scovillain|Scovillain-Mega, L50, F
|-mega|p2a: Scovillain|Scovillain|Scovillainite
|move|p1a: Talonflame|Flare Blitz|p2a: Scovillain
|-damage|p2a: Scovillain|56/100
|-immune|p1a: Talonflame
|-damage|p1a: Talonflame|84/100|[from] Recoil
|move|p1b: Floette|Light of Ruin|p2a: Scovillain
|-resisted|p2a: Scovillain|1
|-damage|p2a: Scovillain|25/100
|-status|p1b: Floette|brn|[from] ability: Spicy Spray|[of] p2a: Scovillain
|-damage|p1b: Floette|82/100 brn|[from] Recoil
|move|p2a: Scovillain|Giga Drain|p1b: Floette
|-damage|p1b: Floette|53/100 brn
|-heal|p2a: Scovillain|38/100|[from] drain|[of] p1b: Floette
|
|-damage|p1b: Floette|48/100 brn|[from] brn
|upkeep
|turn|3
|j| lol1784
|
|t:|1785226541
|move|p2a: Scovillain|Rage Powder|p2a: Scovillain
|-singleturn|p2a: Scovillain|move: Rage Powder
|move|p1a: Talonflame|Flare Blitz|p2a: Scovillain
|-damage|p2a: Scovillain|0 fnt
|-immune|p1a: Talonflame
|faint|p2a: Scovillain
|-damage|p1a: Talonflame|71/100|[from] Recoil
|move|p1b: Floette|Light of Ruin|p2b: Kingambit
|-damage|p2b: Kingambit|0 fnt
|faint|p2b: Kingambit
|-damage|p1b: Floette|0 fnt|[from] Recoil
|faint|p1b: Floette
|
|upkeep
|
|t:|1785226556
|switch|p1b: Kingambit|Kingambit, L50, M|100/100
|switch|p2a: Basculegion|Basculegion, L50, M|100/100
|switch|p2b: Sylveon|Sylveon, L50, M|100/100
|turn|4
|
|t:|1785226602
|switch|p1a: Basculegion|Basculegion, L50, M|100/100
|move|p2a: Basculegion|Protect|p2a: Basculegion
|-singleturn|p2a: Basculegion|Protect
|move|p1b: Kingambit|Iron Head|p2b: Sylveon
|-supereffective|p2b: Sylveon|1
|-damage|p2b: Sylveon|0 fnt
|faint|p2b: Sylveon
|
|-sideend|p1: Genn22Vgc|move: Tailwind
|upkeep
|turn|5
|-message|StarDoor01 forfeited.
|
|win|Genn22Vgc
|l|☆StarDoor01
|player|p2|
||StarDoor01 is ready for game 2.
|j|☆StarDoor01
|player|p2|StarDoor01|2|
||Genn22Vgc is ready for game 2.
|uhtml|next|Next: Game 2 of 3
