|j|☆master 792
|j|☆Amphbros4Ever
|html|master 792Amphbros4Ever    
|uhtml|bestof|Game 2 of a best-of-3
|t:|1784169811
|gametype|doubles
|player|p1|master 792|red|1163
|player|p2|Amphbros4Ever|266|1344
|gen|9
|tier|[Gen 9 Champions] VGC 2026 Reg M-B (Bo3)
|rated|
|rule|Species Clause: Limit one of each Pokémon
|rule|Item Clause: Limit 1 of each item
|clearpoke
|poke|p1|Metagross, L50, shiny|
|poke|p1|Incineroar, L50, F|
|poke|p1|Sinistcha, L50, shiny|
|poke|p1|Floette-Eternal, L50, F|
|poke|p1|Politoed, L50, F|
|poke|p1|Maushold, L50|
|poke|p2|Raichu, L50, F|
|poke|p2|Lycanroc-Dusk, L50, F|
|poke|p2|Ninetales-Alola, L50, M|
|poke|p2|Palafin, L50, F|
|poke|p2|Incineroar, L50, M|
|poke|p2|Sinistcha, L50|
|teampreview|4
|showteam|p1|Metagross||Metagrossite|ClearBody|IronDefense,BodyPress,PsychicFangs,Protect|Impish|||||50|]Incineroar||PasshoBerry|Intimidate|FakeOut,FlareBlitz,PartingShot,DarkestLariat|Adamant||F|||50|]Sinistcha||SitrusBerry|Hospitality|MatchaGotcha,TrickRoom,RagePowder,LifeDew|Calm|||||50|]Floette-Eternal||Floettite|FlowerVeil|Moonblast,DazzlingGleam,CalmMind,Protect|Modest||F|||50|]Politoed||Leftovers|Drizzle|WeatherBall,PerishSong,IceBeam,Protect|Bold||F|||50|]Maushold||ChopleBerry|FriendGuard|Taunt,FollowMe,SuperFang,Protect|Careful|||||50|
|showteam|p2|Raichu||RaichuniteY|Static|ZapCannon,FocusBlast,FakeOut,Protect|Timid||F|||50|]Lycanroc-Dusk||FocusSash|ToughClaws|Accelerock,CloseCombat,SwordsDance,Protect|Adamant||F|||50|]Ninetales-Alola||NeverMeltIce|SnowWarning|Blizzard,Encore,FreezeDry,Protect|Timid||M|||50|]Palafin||MysticWater|ZerotoHero|WaveCrash,JetPunch,FlipTurn,Protect|Adamant||F|||50|]Incineroar||SitrusBerry|Intimidate|FlareBlitz,ThroatChop,FakeOut,PartingShot|Careful||M|||50|]Sinistcha||ColburBerry|Hospitality|MatchaGotcha,RagePowder,TrickRoom,Protect|Bold|||||50|
|inactive|Battle timer is ON: inactive players will automatically lose when time's up. (requested by master 792)
|
|t:|1784169838
|teamsize|p1|4
|teamsize|p2|4
|start
|switch|p1a: Metagross|Metagross, L50, shiny|100/100
|switch|p1b: Maushold|Maushold, L50|100/100
|switch|p2a: Raichu|Raichu, L50, F|100/100
|switch|p2b: Palafin|Palafin, L50, F|100/100
|turn|1
|
|t:|1784169843
|detailschange|p2b: Palafin|Palafin-Hero, L50, F
|switch|p2b: Incineroar|Incineroar, L50, M|100/100
|-ability|p2b: Incineroar|Intimidate|boost
|-fail|p1a: Metagross|unboost|[from] ability: Clear Body|[of] p1a: Metagross
|-unboost|p1b: Maushold|atk|1
|detailschange|p2a: Raichu|Raichu-Mega-Y, L50, F
|-mega|p2a: Raichu|Raichu|Raichunite Y
|move|p1b: Maushold|Protect|p1b: Maushold
|-singleturn|p1b: Maushold|Protect
|move|p1a: Metagross|Protect|p1a: Metagross
|-singleturn|p1a: Metagross|Protect
|move|p2a: Raichu|Fake Out|p1a: Metagross
|-activate|p1a: Metagross|move: Protect
|
|upkeep
|turn|2
|
|t:|1784169853
|detailschange|p1a: Metagross|Metagross-Mega, L50, shiny
|-mega|p1a: Metagross|Metagross|Metagrossite
|move|p2b: Incineroar|Fake Out|p1a: Metagross
|-resisted|p1a: Metagross|1
|-damage|p1a: Metagross|97/100
|move|p1b: Maushold|Follow Me|p1b: Maushold
|-singleturn|p1b: Maushold|move: Follow Me
|move|p2a: Raichu|Zap Cannon|p1b: Maushold
|-damage|p1b: Maushold|33/100
|-status|p1b: Maushold|par
|cant|p1a: Metagross|flinch
|
|upkeep
|turn|3
|
|t:|1784169872
|move|p1b: Maushold|Follow Me|p1b: Maushold
|-singleturn|p1b: Maushold|move: Follow Me
|move|p2a: Raichu|Zap Cannon|p1b: Maushold
|-damage|p1b: Maushold|0 fnt
|faint|p1b: Maushold
|move|p1a: Metagross|Iron Defense|p1a: Metagross
|-boost|p1a: Metagross|def|2
|move|p2b: Incineroar|Parting Shot|p1a: Metagross
|-unboost|p1a: Metagross|atk|1
|-unboost|p1a: Metagross|spa|1
|
|t:|1784169876
|switch|p2b: Palafin|Palafin-Hero, L50, F|100/100|[from] Parting Shot
|-activate|p2b: Palafin|ability: Zero to Hero
|
|upkeep
|
|t:|1784169879
|switch|p1b: Sinistcha|Sinistcha, L50, shiny|100/100
|-heal|p1a: Metagross|100/100|[from] ability: Hospitality|[of] p1b: Sinistcha
|turn|4
|
|t:|1784169890
|switch|p2b: Incineroar|Incineroar, L50, M|100/100
|-ability|p2b: Incineroar|Intimidate|boost
|-unboost|p1a: Metagross|atk|1
|-unboost|p1b: Sinistcha|atk|1
|move|p2a: Raichu|Protect|p2a: Raichu
|-singleturn|p2a: Raichu|Protect
|move|p1b: Sinistcha|Rage Powder|p1b: Sinistcha
|-singleturn|p1b: Sinistcha|move: Rage Powder
|move|p1a: Metagross|Body Press|p2a: Raichu
|-activate|p2a: Raichu|move: Protect
|
|upkeep
|turn|5
|
|t:|1784169912
|move|p1a: Metagross|Protect|p1a: Metagross
|-singleturn|p1a: Metagross|Protect
|move|p2a: Raichu|Zap Cannon|p1a: Metagross
|-activate|p1a: Metagross|move: Protect
|move|p2b: Incineroar|Flare Blitz|p1b: Sinistcha
|-supereffective|p1b: Sinistcha|1
|-damage|p1b: Sinistcha|19/100
|-enditem|p1b: Sinistcha|Sitrus Berry|[eat]
|-heal|p1b: Sinistcha|43/100|[from] item: Sitrus Berry
|-damage|p2b: Incineroar|76/100|[from] Recoil
|move|p1b: Sinistcha|Trick Room|p1b: Sinistcha
|-fieldstart|move: Trick Room|[of] p1b: Sinistcha
|
|upkeep
|turn|6
|
|t:|1784169927
|move|p2a: Raichu|Protect|p2a: Raichu
|-singleturn|p2a: Raichu|Protect
|move|p1b: Sinistcha|Rage Powder|p1b: Sinistcha
|-singleturn|p1b: Sinistcha|move: Rage Powder
|move|p2b: Incineroar|Flare Blitz|p1b: Sinistcha
|-supereffective|p1b: Sinistcha|1
|-damage|p1b: Sinistcha|0 fnt
|faint|p1b: Sinistcha
|-damage|p2b: Incineroar|63/100|[from] Recoil
|move|p1a: Metagross|Body Press|p2b: Incineroar
|-supereffective|p2b: Incineroar|1
|-damage|p2b: Incineroar|0 fnt
|faint|p2b: Incineroar
|
|upkeep
|
|t:|1784169934
|switch|p2b: Palafin|Palafin-Hero, L50, F|100/100
|switch|p1b: Incineroar|Incineroar, L50, F|100/100
|-ability|p1b: Incineroar|Intimidate|boost
|-unboost|p2a: Raichu|atk|1
|-unboost|p2b: Palafin|atk|1
|turn|7
|
|t:|1784169941
|switch|p2a: Lycanroc|Lycanroc-Dusk, L50, F|100/100
|move|p1b: Incineroar|Fake Out|p2b: Palafin
|-damage|p2b: Palafin|88/100
|cant|p2b: Palafin|flinch
|move|p1a: Metagross|Body Press|p2a: Lycanroc
|-supereffective|p2a: Lycanroc|1
|-enditem|p2a: Lycanroc|Focus Sash
|-damage|p2a: Lycanroc|1/100
|
|upkeep
|turn|8
|
|t:|1784169954
|move|p2b: Palafin|Protect|p2b: Palafin
|-singleturn|p2b: Palafin|Protect
|move|p2a: Lycanroc|Accelerock|p1b: Incineroar
|-supereffective|p1b: Incineroar|1
|-damage|p1b: Incineroar|52/100
|move|p1b: Incineroar|Darkest Lariat|p2a: Lycanroc
|-damage|p2a: Lycanroc|0 fnt
|faint|p2a: Lycanroc
|move|p1a: Metagross|Body Press|p2b: Palafin
|-activate|p2b: Palafin|move: Protect
|
|upkeep
|
|t:|1784169960
|switch|p2a: Raichu|Raichu-Mega-Y, L50, F|100/100
|turn|9
|
|t:|1784169969
|move|p2a: Raichu|Fake Out|p1a: Metagross
|-resisted|p1a: Metagross|1
|-damage|p1a: Metagross|98/100
|move|p1b: Incineroar|Flare Blitz|p2a: Raichu
|-damage|p2a: Raichu|18/100
|-damage|p1b: Incineroar|30/100|[from] Recoil
|move|p2b: Palafin|Wave Crash|p1b: Incineroar
|-supereffective|p1b: Incineroar|1
|-enditem|p1b: Incineroar|Passho Berry|[eat]
|-enditem|p1b: Incineroar|Passho Berry|[weaken]
|-damage|p1b: Incineroar|0 fnt
|faint|p1b: Incineroar
|-damage|p2b: Palafin|78/100|[from] Recoil
|cant|p1a: Metagross|flinch
|
|-fieldend|move: Trick Room
|upkeep
|turn|10
|
|t:|1784169975
|move|p2a: Raichu|Zap Cannon|p1a: Metagross
|-damage|p1a: Metagross|55/100
|-status|p1a: Metagross|par
|move|p2b: Palafin|Wave Crash|p1a: Metagross
|-damage|p1a: Metagross|36/100 par
|-damage|p2b: Palafin|72/100|[from] Recoil
|move|p1a: Metagross|Body Press|p2b: Palafin
|-damage|p2b: Palafin|0 fnt
|faint|p2b: Palafin
|
|upkeep
|turn|11
|
|t:|1784169981
|move|p2a: Raichu|Zap Cannon|p1a: Metagross
|-damage|p1a: Metagross|0 fnt
|faint|p1a: Metagross
|
|win|Amphbros4Ever
||Amphbros4Ever is ready for game 3.
||master 792 is ready for game 3.
|uhtml|next|Next: Game 3 of 3
