|j|☆snailboss
|j|☆ineverfinishedOR
|html|snailbossineverfinishedOR    
|uhtml|bestof|Game 1 of a best-of-3
|t:|1756752063
|gametype|doubles
|player|p1|snailboss|265|1117
|player|p2|ineverfinishedOR|266|1169
|gen|9
|tier|[Gen 9] VGC 2025 Reg H (Bo3)
|rated|
|rule|Species Clause: Limit one of each Pokémon
|rule|Item Clause: Limit 1 of each item
|clearpoke
|poke|p1|Zoroark-Hisui, L50, M|
|poke|p1|Tyranitar, L50, M|
|poke|p1|Excadrill, L50, F|
|poke|p1|Indeedee-F, L50, F|
|poke|p1|Gallade, L50, M|
|poke|p1|Noivern, L50, M|
|poke|p2|Indeedee-F, L50, F|
|poke|p2|Delphox, L50, M|
|poke|p2|Sneasler, L50, M|
|poke|p2|Incineroar, L50, M|
|poke|p2|Murkrow, L50, M|
|poke|p2|Kilowattrel, L50, F|
|teampreview|4
|showteam|p1|Zoroark-Hisui||ChoiceSpecs|Illusion|HyperVoice,Flamethrower,ShadowBall,HyperBeam|||M|||50|,,,,,Normal]Tyranitar||AssaultVest|SandStream|RockSlide,KnockOff,LowKick,TeraBlast|||M|||50|,,,,,Flying]Excadrill||FocusSash|SandRush|IronHead,Protect,SwordsDance,Earthquake|||F|||50|,,,,,Ground]Indeedee-F||SafetyGoggles|PsychicSurge|TrickRoom,FollowMe,Psychic,HelpingHand|||F|||50|,,,,,Water]Gallade||ClearAmulet|Sharpness|PsychoCut,TrickRoom,WideGuard,SacredSword|||M|||50|,,,,,Grass]Noivern||CovertCloak|Telepathy|SuperFang,Tailwind,Taunt,DracoMeteor|||M|||50|,,,,,Fairy
|showteam|p2|Indeedee-F||RockyHelmet|PsychicSurge|FollowMe,HelpingHand,Imprison,TrickRoom|||F|||50|,,,,,Fairy]Delphox||LifeOrb|Blaze|Protect,NastyPlot,HeatWave,ExpandingForce|||M|||50|,,,,,Psychic]Sneasler||PsychicSeed|Unburden|Protect,CloseCombat,DireClaw,ThroatChop|||M|||50|,,,,,Dark]Incineroar||SafetyGoggles|Intimidate|FakeOut,WillOWisp,FlareBlitz,PartingShot|||M|||50|,,,,,Ghost]Murkrow||Eviolite|Prankster|FoulPlay,SunnyDay,Haze,Tailwind|||M|||50|,,,,,Ghost]Kilowattrel||FocusSash|Competitive|Protect,Electroweb,VoltSwitch,AirSlash|||F|||50|,,,,,Ghost
|inactive|Battle timer is ON: inactive players will automatically lose when time's up. (requested by snailboss)
|
|t:|1756752149
|teamsize|p1|4
|teamsize|p2|4
|start
|switch|p1a: Butter|Indeedee-F, L50, F|100/100
|switch|p1b: Alice|Tyranitar, L50, M|100/100
|switch|p2a: Incineroar|Incineroar, L50, M|100/100
|switch|p2b: Sneasler|Sneasler, L50, M|100/100
|-weather|Sandstorm|[from] ability: Sand Stream|[of] p1b: Alice
|-fieldstart|move: Psychic Terrain|[from] ability: Psychic Surge|[of] p1a: Butter
|-enditem|p2b: Sneasler|Psychic Seed
|-boost|p2b: Sneasler|spd|1|[from] item: Psychic Seed
|-ability|p2a: Incineroar|Intimidate|boost
|-unboost|p1a: Butter|atk|1
|-unboost|p1b: Alice|atk|1
|turn|1
|inactive|ineverfinishedOR has 30 seconds left.
|
|t:|1756752176
|switch|p1b: Alistair|Gallade, L50, M|100/100
|move|p2b: Sneasler|Protect|p2b: Sneasler
|-singleturn|p2b: Sneasler|Protect
|move|p1a: Butter|Psychic|p2b: Sneasler
|-activate|p2b: Sneasler|move: Protect
|move|p2a: Incineroar|Parting Shot|p1b: Alistair
|-fail|p1b: Alistair|unboost|[from] item: Clear Amulet|[of] p1b: Alistair
|
|-weather|Sandstorm|[upkeep]
|-damage|p2b: Sneasler|95/100|[from] Sandstorm
|-damage|p1b: Alistair|95/100|[from] Sandstorm
|upkeep
|turn|2
|
|t:|1756752198
|-terastallize|p2b: Sneasler|Dark
|move|p2b: Sneasler|Dire Claw|p1b: Alistair
|-damage|p1b: Alistair|30/100
|move|p2a: Incineroar|Flare Blitz|p1b: Alistair
|-damage|p1b: Alistair|0 fnt
|faint|p1b: Alistair
|-damage|p2a: Incineroar|92/100|[from] Recoil
|move|p1a: Butter|Trick Room|p1a: Butter
|-fieldstart|move: Trick Room|[of] p1a: Butter
|
|-weather|Sandstorm|[upkeep]
|-damage|p2b: Sneasler|89/100|[from] Sandstorm
|upkeep
|
|t:|1756752208
|switch|p1b: Alice|Tyranitar, L50, M|100/100
|turn|3
|
|t:|1756752227
|-terastallize|p1b: Alice|Flying
|move|p1a: Butter|Helping Hand|p1b: Alice
|-singleturn|p1b: Alice|Helping Hand|[of] p1a: Butter
|move|p2b: Sneasler|Protect|p2b: Sneasler
|-singleturn|p2b: Sneasler|Protect
|move|p2a: Incineroar|Parting Shot|p1b: Alice
|-unboost|p1b: Alice|atk|1
|-unboost|p1b: Alice|spa|1
|
|t:|1756752235
|switch|p2a: Indeedee|Indeedee-F, L50, F|100/100|[from] Parting Shot
|move|p1b: Alice|Rock Slide|p2a: Indeedee|[spread] p2a
|-activate|p2b: Sneasler|move: Protect
|-damage|p2a: Indeedee|68/100
|
|-weather|Sandstorm|[upkeep]
|-damage|p2a: Indeedee|62/100|[from] Sandstorm
|-damage|p1b: Alice|95/100|[from] Sandstorm
|-damage|p2b: Sneasler|83/100|[from] Sandstorm
|upkeep
|turn|4
|inactive|ineverfinishedOR has 30 seconds left.
|
|t:|1756752268
|switch|p1b: Dr. Drills|Excadrill, L50, F|100/100
|move|p2a: Indeedee|Follow Me|p2a: Indeedee
|-singleturn|p2a: Indeedee|move: Follow Me
|move|p2b: Sneasler|Dire Claw|p1a: Butter
|-damage|p1a: Butter|55/100
|-status|p1a: Butter|psn
|move|p1a: Butter|Trick Room|p1a: Butter
|-fieldend|move: Trick Room
|
|-weather|Sandstorm|[upkeep]
|-damage|p2b: Sneasler|77/100|[from] Sandstorm
|-damage|p2a: Indeedee|56/100|[from] Sandstorm
|-damage|p1a: Butter|42/100 psn|[from] psn
|upkeep
|turn|5
|inactive|ineverfinishedOR has 30 seconds left.
|inactive|ineverfinishedOR has 20 seconds left.
|inactive|ineverfinishedOR has 15 seconds left.
|
|t:|1756752309
|switch|p2a: Incineroar|Incineroar, L50, M|92/100
|-ability|p2a: Incineroar|Intimidate|boost
|-unboost|p1a: Butter|atk|1
|-unboost|p1b: Dr. Drills|atk|1
|move|p1a: Butter|Follow Me|p1a: Butter
|-singleturn|p1a: Butter|move: Follow Me
|move|p2b: Sneasler|Dire Claw|p1a: Butter
|-damage|p1a: Butter|0 fnt
|faint|p1a: Butter
|move|p1b: Dr. Drills|Swords Dance|p1b: Dr. Drills
|-boost|p1b: Dr. Drills|atk|2
|
|-weather|none
|-fieldend|move: Psychic Terrain
|upkeep
|
|t:|1756752318
|switch|p1a: Alice|Tyranitar, L50, M, tera:Flying|95/100
|-weather|Sandstorm|[from] ability: Sand Stream|[of] p1a: Alice
|turn|6
|
|t:|1756752335
|move|p1b: Dr. Drills|Protect|p1b: Dr. Drills
|-singleturn|p1b: Dr. Drills|Protect
|move|p2a: Incineroar|Fake Out|p1b: Dr. Drills
|-activate|p1b: Dr. Drills|move: Protect
|move|p2b: Sneasler|Dire Claw|p1a: Alice
|-damage|p1a: Alice|55/100
|move|p1a: Alice|Rock Slide|p2b: Sneasler|[spread] p2b
|-miss|p1a: Alice|p2a: Incineroar
|-damage|p2b: Sneasler|28/100
|
|-weather|Sandstorm|[upkeep]
|-damage|p2b: Sneasler|22/100|[from] Sandstorm
|-damage|p1a: Alice|49/100|[from] Sandstorm
|upkeep
|turn|7
|
|t:|1756752350
|switch|p2a: Indeedee|Indeedee-F, L50, F|56/100
|-fieldstart|move: Psychic Terrain|[from] ability: Psychic Surge|[of] p2a: Indeedee
|move|p2b: Sneasler|Protect|p2b: Sneasler
|-singleturn|p2b: Sneasler|Protect
|move|p1b: Dr. Drills|Earthquake|p2b: Sneasler|[spread] p2a
|-activate|p2b: Sneasler|move: Protect
|-immune|p1a: Alice
|-damage|p2a: Indeedee|0 fnt
|faint|p2a: Indeedee
|move|p1a: Alice|Tera Blast|p2b: Sneasler|[anim] Tera Blast Flying
|-activate|p2b: Sneasler|move: Protect
|
|-weather|Sandstorm|[upkeep]
|-damage|p2b: Sneasler|17/100|[from] Sandstorm
|-damage|p1a: Alice|43/100|[from] Sandstorm
|upkeep
|
|t:|1756752359
|switch|p2a: Incineroar|Incineroar, L50, M|92/100
|-ability|p2a: Incineroar|Intimidate|boost
|-unboost|p1a: Alice|atk|1
|-unboost|p1b: Dr. Drills|atk|1
|turn|8
|
|t:|1756752370
|move|p1b: Dr. Drills|Protect|p1b: Dr. Drills
|-singleturn|p1b: Dr. Drills|Protect
|move|p2a: Incineroar|Fake Out|p1b: Dr. Drills
|-activate|p1b: Dr. Drills|move: Psychic Terrain
|move|p2b: Sneasler|Dire Claw|p1a: Alice
|-damage|p1a: Alice|0 fnt
|faint|p1a: Alice
|
|-weather|Sandstorm|[upkeep]
|-damage|p2b: Sneasler|11/100|[from] Sandstorm
|upkeep
|turn|9
|
|t:|1756752384
|move|p2b: Sneasler|Close Combat|p1b: Dr. Drills
|-supereffective|p1b: Dr. Drills
|-enditem|p1b: Dr. Drills|Focus Sash
|-damage|p1b: Dr. Drills|1/100
|-unboost|p2b: Sneasler|def|1
|-unboost|p2b: Sneasler|spd|1
|move|p1b: Dr. Drills|Earthquake|p2a: Incineroar|[spread] p2a,p2b
|-supereffective|p2a: Incineroar
|-damage|p2a: Incineroar|32/100
|-damage|p2b: Sneasler|0 fnt
|faint|p2b: Sneasler
|move|p2a: Incineroar|Flare Blitz|p1b: Dr. Drills
|-supereffective|p1b: Dr. Drills
|-damage|p1b: Dr. Drills|0 fnt
|faint|p1b: Dr. Drills
|-damage|p2a: Incineroar|31/100|[from] Recoil
|
|win|ineverfinishedOR
||ineverfinishedOR is ready for game 2.
