|j|☆PursatiEvol
|j|☆Yoters
|html|PursatiEvolYoters    
|uhtml|bestof|Game 2 of a best-of-3
|t:|1756356570
|gametype|doubles
|player|p1|PursatiEvol|1|1086
|player|p2|Yoters|veteranf|1063
|gen|9
|tier|[Gen 9] VGC 2025 Reg H (Bo3)
|rated|
|rule|Species Clause: Limit one of each Pokémon
|rule|Item Clause: Limit 1 of each item
|clearpoke
|poke|p1|Sneasler, L50, M|
|poke|p1|Dragapult, L50, M|
|poke|p1|Primarina, L50, F|
|poke|p1|Rillaboom, L50, M|
|poke|p1|Kingambit, L50, M|
|poke|p1|Magmar, L50, M|
|poke|p2|Torkoal, L50, F|
|poke|p2|Lilligant-Hisui, L50, F|
|poke|p2|Golem-Alola, L50, F|
|poke|p2|Gliscor, L50, M|
|poke|p2|Dragapult, L50, M|
|poke|p2|Gholdengo, L50|
|teampreview|4
|showteam|p1|Sneasler||FocusSash|PoisonTouch|CloseCombat,DireClaw,FakeOut,Protect|||M|||50|,,,,,Stellar]Dragapult||ChoiceBand|ClearBody|DragonDarts,TeraBlast,PhantomForce,Uturn|||M|||50|,,,,,Ghost]Primarina||SitrusBerry|LiquidVoice|HyperVoice,Moonblast,Haze,Protect|||F|||50|,,,,,Water]Rillaboom||AssaultVest|GrassySurge|WoodHammer,GrassyGlide,HighHorsepower,FakeOut|||M|||50|,,,,,Fire]Kingambit||BlackGlasses|Defiant|KowtowCleave,SuckerPunch,SwordsDance,Protect|||M|||50|,,,,,Ghost]Magmar||Eviolite|VitalSpirit|Overheat,WillOWisp,FollowMe,Protect|||M|||50|,,,,,Ghost
|showteam|p2|Torkoal||EjectPack|Drought|Overheat,SolarBeam,EarthPower,Protect|||F|||50|,,,,,Grass]Lilligant-Hisui||FocusSash|Chlorophyll|SolarBlade,TripleAxel,AfterYou,Protect|||F|||50|,,,,,Fire]Golem-Alola||ClearAmulet|Galvanize|Explosion,DoubleEdge,Protect,WideGuard|||F|||50|,,,,,Electric]Gliscor||ToxicOrb|PoisonHeal|KnockOff,HighHorsepower,Protect,SunnyDay|||M|||50|,,,,,Water]Dragapult||ChoiceBand|ClearBody|DragonDarts,PsychicFangs,SuckerPunch,Uturn|||M|||50|,,,,,Dark]Gholdengo||ChoiceScarf|GoodasGold|MakeItRain,ShadowBall,Thunderbolt,Trick||||||50|,,,,,Water
|
|t:|1756356602
|teamsize|p1|4
|teamsize|p2|4
|start
|switch|p1a: Magmar|Magmar, L50, M|100/100
|switch|p1b: Primarina|Primarina, L50, F|100/100
|switch|p2a: Gholdengo|Gholdengo, L50|100/100
|switch|p2b: Torkoal|Torkoal, L50, F|100/100
|-weather|SunnyDay|[from] ability: Drought|[of] p2b: Torkoal
|turn|1
|
|t:|1756356629
|switch|p2a: Golem|Golem-Alola, L50, F, shiny|100/100
|move|p1a: Magmar|Protect|p1a: Magmar
|-singleturn|p1a: Magmar|Protect
|move|p1b: Primarina|Protect|p1b: Primarina
|-singleturn|p1b: Primarina|Protect
|move|p2b: Torkoal|Earth Power|p1a: Magmar
|-activate|p1a: Magmar|move: Protect
|
|-weather|SunnyDay|[upkeep]
|upkeep
|turn|2
|
|t:|1756356654
|switch|p1b: Dragapult|Dragapult, L50, M|100/100
|-terastallize|p2a: Golem|Electric
|move|p2b: Torkoal|Protect|p2b: Torkoal
|-singleturn|p2b: Torkoal|Protect
|move|p1a: Magmar|Will-O-Wisp|p2a: Golem
|-status|p2a: Golem|brn
|move|p2a: Golem|Explosion|p1b: Dragapult|[spread] p1a,p1b
|-activate|p2b: Torkoal|move: Protect
|-resisted|p1b: Dragapult
|-damage|p1a: Magmar|30/100
|-damage|p1b: Dragapult|40/100
|faint|p2a: Golem
|
|-weather|SunnyDay|[upkeep]
|upkeep
|
|t:|1756356673
|switch|p2a: Gholdengo|Gholdengo, L50|100/100
|turn|3
|
|t:|1756356696
|switch|p1b: Primarina|Primarina, L50, F|100/100
|move|p1a: Magmar|Protect|p1a: Magmar
|-singleturn|p1a: Magmar|Protect
|move|p2a: Gholdengo|Make It Rain|p1b: Primarina|[spread] p1b
|-activate|p1a: Magmar|move: Protect
|-damage|p1b: Primarina|53/100
|-unboost|p2a: Gholdengo|spa|1
|move|p2b: Torkoal|Earth Power|p1a: Magmar
|-activate|p1a: Magmar|move: Protect
|
|-weather|SunnyDay|[upkeep]
|upkeep
|turn|4
|
|t:|1756356721
|switch|p2a: Gliscor|Gliscor, L50, M|100/100
|move|p1a: Magmar|Overheat|p2a: Gliscor
|-damage|p2a: Gliscor|16/100
|-unboost|p1a: Magmar|spa|2
|move|p1b: Primarina|Hyper Voice|p2b: Torkoal|[spread] p2a,p2b
|-supereffective|p2a: Gliscor
|-supereffective|p2b: Torkoal
|-crit|p2b: Torkoal
|-damage|p2a: Gliscor|0 fnt
|-damage|p2b: Torkoal|38/100
|faint|p2a: Gliscor
|move|p2b: Torkoal|Solar Beam||[still]
|-prepare|p2b: Torkoal|Solar Beam
|-anim|p2b: Torkoal|Solar Beam|p1b: Primarina
|-supereffective|p1b: Primarina
|-damage|p1b: Primarina|0 fnt
|faint|p1b: Primarina
|
|-weather|SunnyDay|[upkeep]
|upkeep
|
|t:|1756356741
|switch|p2a: Gholdengo|Gholdengo, L50|100/100
|switch|p1b: Kingambit|Kingambit, L50, M|100/100
|turn|5
|
|t:|1756356765
|move|p1a: Magmar|Protect|p1a: Magmar
|-singleturn|p1a: Magmar|Protect
|move|p1b: Kingambit|Protect|p1b: Kingambit
|-singleturn|p1b: Kingambit|Protect
|move|p2a: Gholdengo|Trick|p1b: Kingambit
|-activate|p1b: Kingambit|move: Protect
|move|p2b: Torkoal|Earth Power|p1a: Magmar
|-activate|p1a: Magmar|move: Protect
|
|-weather|none
|upkeep
|turn|6
|
|t:|1756356794
|move|p2a: Gholdengo|Trick|p1b: Kingambit
|-activate|p2a: Gholdengo|move: Trick|[of] p1b: Kingambit
|-item|p1b: Kingambit|Choice Scarf|[from] move: Trick
|-item|p2a: Gholdengo|Black Glasses|[from] move: Trick
|move|p1a: Magmar|Overheat|p2a: Gholdengo
|-supereffective|p2a: Gholdengo
|-damage|p2a: Gholdengo|38/100
|-unboost|p1a: Magmar|spa|2
|move|p1b: Kingambit|Kowtow Cleave|p2a: Gholdengo
|-supereffective|p2a: Gholdengo
|-damage|p2a: Gholdengo|0 fnt
|faint|p2a: Gholdengo
|move|p2b: Torkoal|Earth Power|p1a: Magmar
|-supereffective|p1a: Magmar
|-damage|p1a: Magmar|0 fnt
|faint|p1a: Magmar
|
|upkeep
|
|t:|1756356805
|switch|p1a: Dragapult|Dragapult, L50, M|40/100
|turn|7
|-message|Yoters forfeited.
|
|win|PursatiEvol
|raw|PursatiEvol's rating: 1086 → 1111(+25 for winning)
|raw|Yoters's rating: 1063 → 1045(-18 for losing)
|l|☆Yoters
|player|p2|
