|j|☆DaVVinc1
|j|☆Lugiabirb
|html|DaVVinc1Lugiabirb    
|uhtml|bestof|Game 1 of a best-of-3
|t:|1783289116
|gametype|doubles
|player|p1|DaVVinc1|1|
|player|p2|Lugiabirb|leon|
|gen|9
|tier|[Gen 9 Champions] VGC 2026 Reg M-B (Bo3)
|rule|Species Clause: Limit one of each Pokémon
|rule|Item Clause: Limit 1 of each item
|clearpoke
|poke|p1|Tinkaton, L50, F|
|poke|p1|Skarmory, L50, M|
|poke|p1|Starmie, L50|
|poke|p1|Conkeldurr, L50, F|
|poke|p1|Wyrdeer, L50, M|
|poke|p1|Golurk, L50|
|poke|p2|Gengar, L50, M|
|poke|p2|Delphox, L50, M|
|poke|p2|Meowscarada, L50, F|
|poke|p2|Kommo-o, L50, F|
|poke|p2|Mimikyu, L50, M|
|poke|p2|Slowbro-Galar, L50, F|
|teampreview|4
|showteam|p1|Tinkaton||SitrusBerry|MoldBreaker|FakeOut,Encore,GigatonHammer,KnockOff|Jolly||F|||50|]Skarmory||Skarmorite|Sturdy|Tailwind,BraveBird,Protect,DrillRun|Adamant||M|||50|]Starmie||Starminite|NaturalCure|ZenHeadbutt,AquaJet,FlipTurn,Liquidation|Adamant|||||50|]Conkeldurr||PayapaBerry|SheerForce|CloseCombat,RockSlide,ThunderPunch,KnockOff|Adamant||F|||50|]Wyrdeer||Leftovers|SapSipper|TrickRoom,PsyshieldBash,Protect,EarthPower|Sassy||M|||50|]Golurk||LifeOrb|NoGuard|Earthquake,HeadlongRush,Poltergeist,Protect|Adamant|||||50|
|showteam|p2|Gengar||Gengarite|CursedBody|ShadowBall,PerishSong,Disable,Protect|Timid||M|||50|]Delphox||Delphoxite|Blaze|HeatWave,Psychic,Encore,Protect|Timid||M|||50|]Meowscarada||ExpertBelt|Protean|FlowerTrick,KnockOff,TripleAxel,LowKick|Jolly||F|||50|]Kommo-o||Leftovers|Soundproof|ClangingScales,ClangorousSoul,Flamethrower,Protect|Modest||F|||50|]Mimikyu||SitrusBerry|Disguise|Curse,TrickRoom,ShadowSneak,WillOWisp|Impish||M|||50|]Slowbro-Galar||LifeOrb|QuickDraw|NastyPlot,IceBeam,Flamethrower,Psychic|Quiet||F|||50|
|j| iamresh
|c|☆Lugiabirb|!randpoke
|c|☆Lugiabirb|/raw UU  Gardevoir  SynchronizeTraceTelepathyHP68 Atk65 Def65 SpA125 SpD115 Spe80 BST518 
|c|☆Lugiabirb|/raw Dex#: 282 |  Gen: 3 |  Height: 1.6 m |  Weight: 48.4 kg (60 BP) |  Dex Colour: White |  Egg Group(s): Human-Like, Amorphous |  Pre-Evolution: Kirlia |  Does Not Evolve

|c|☆DaVVinc1|!randpoke
|c|☆DaVVinc1|/raw UU  Salazzle  CorrosionObliviousHP68 Atk64 Def60 SpA111 SpD60 Spe117 BST480 
|c|☆DaVVinc1|/raw Dex#: 758 |  Gen: 7 |  Height: 1.2 m |  Weight: 22.2 kg (40 BP) |  Dex Colour: Black |  Egg Group(s): Monster, Dragon |  Pre-Evolution: Salandit |  Does Not Evolve

|c|☆DaVVinc1|glhf
|j| NFE is a real tier
|c| NFE is a real tier|wow both of those mons are in my cube
|c| NFE is a real tier|did hops have anything interesting to say
|c| NFE is a real tier|also can you tell hops to come back
|c|☆Lugiabirb|we're talking edl
|
|t:|1783289207
|teamsize|p1|4
|teamsize|p2|4
|start
|switch|p1a: Tinkaton|Tinkaton, L50, F|100/100
|switch|p1b: Starmie|Starmie, L50|100/100
|switch|p2a: Meowscarada|Meowscarada, L50, F|100/100
|switch|p2b: Slowbro|Slowbro-Galar, L50, F|100/100
|-ability|p1a: Tinkaton|Mold Breaker
|turn|1
|c| iamresh|he didnt know we're both out
|c| iamresh|(loog isn't)
|j| Skyhops
|-activate|p2b: Slowbro|ability: Quick Draw
|
|t:|1783289246
|switch|p2a: Mimikyu|Mimikyu, L50, M|100/100
|detailschange|p1b: Starmie|Starmie-Mega, L50
|-mega|p1b: Starmie|Starmie|Starminite
|move|p1a: Tinkaton|Fake Out|p2a: Mimikyu
|-immune|p2a: Mimikyu
|move|p2b: Slowbro|Flamethrower|p1a: Tinkaton
|-supereffective|p1a: Tinkaton|1
|-damage|p1a: Tinkaton|30/100
|-enditem|p1a: Tinkaton|Sitrus Berry|[eat]
|-heal|p1a: Tinkaton|55/100|[from] item: Sitrus Berry
|-damage|p2b: Slowbro|90/100|[from] item: Life Orb
|move|p1b: Starmie|Liquidation|p2a: Mimikyu
|-activate|p2a: Mimikyu|ability: Disguise
|-damage|p2a: Mimikyu|100/100
|detailschange|p2a: Mimikyu|Mimikyu-Busted, L50, M
|-damage|p2a: Mimikyu|87/100|[from] pokemon: Mimikyu-Busted
|
|upkeep
|turn|2
|
|t:|1783289349
|switch|p2b: Meowscarada|Meowscarada, L50, F|100/100
|move|p1b: Starmie|Liquidation|p2a: Mimikyu
|-damage|p2a: Mimikyu|1/100
|-enditem|p2a: Mimikyu|Sitrus Berry|[eat]
|-heal|p2a: Mimikyu|26/100|[from] item: Sitrus Berry
|move|p1a: Tinkaton|Knock Off|p2b: Meowscarada
|-resisted|p2b: Meowscarada|1
|-damage|p2b: Meowscarada|86/100
|-enditem|p2b: Meowscarada|Expert Belt|[from] move: Knock Off|[of] p1a: Tinkaton
|move|p2a: Mimikyu|Will-O-Wisp|p1b: Starmie
|-status|p1b: Starmie|brn
|
|-damage|p1b: Starmie|93/100 brn|[from] brn
|upkeep
|turn|3
|c|☆DaVVinc1|that's a nasty live
|c| iamresh|25% roll for us to live too
|
|t:|1783289417
|move|p1b: Starmie|Aqua Jet|p2a: Mimikyu
|-damage|p2a: Mimikyu|7/100
|move|p2a: Mimikyu|Shadow Sneak|p1b: Starmie
|-supereffective|p1b: Starmie|1
|-damage|p1b: Starmie|59/100 brn
|move|p2b: Meowscarada|Knock Off|p1b: Starmie
|-start|p2b: Meowscarada|typechange|Dark|[from] ability: Protean
|-supereffective|p1b: Starmie|1
|-damage|p1b: Starmie|0 fnt
|faint|p1b: Starmie
|move|p1a: Tinkaton|Gigaton Hammer|p2b: Meowscarada
|-crit|p2b: Meowscarada
|-damage|p2b: Meowscarada|0 fnt
|faint|p2b: Meowscarada
|
|upkeep
|c| iamresh|haxed...
|
|t:|1783289451
|switch|p2b: Delphox|Delphox, L50, M|100/100
|switch|p1b: Golurk|Golurk, L50|100/100
|turn|4
|
|t:|1783289547
|detailschange|p2b: Delphox|Delphox-Mega, L50, M
|-mega|p2b: Delphox|Delphox|Delphoxite
|move|p2b: Delphox|Protect|p2b: Delphox
|-singleturn|p2b: Delphox|Protect
|move|p2a: Mimikyu|Shadow Sneak|p1b: Golurk
|-supereffective|p1b: Golurk|1
|-damage|p1b: Golurk|69/100
|move|p1a: Tinkaton|Knock Off|p2a: Mimikyu
|-damage|p2a: Mimikyu|0 fnt
|faint|p2a: Mimikyu
|move|p1b: Golurk|Earthquake|p2b: Delphox|[spread] p1a
|-activate|p2b: Delphox|move: Protect
|-supereffective|p1a: Tinkaton|1
|-damage|p1a: Tinkaton|0 fnt
|faint|p1a: Tinkaton
|-damage|p1b: Golurk|59/100|[from] item: Life Orb
|
|upkeep
|
|t:|1783289561
|switch|p1a: Wyrdeer|Wyrdeer, L50, M|100/100
|switch|p2a: Slowbro|Slowbro-Galar, L50, F|90/100
|turn|5
|c|☆DaVVinc1|I'm stupid
|c| iamresh|"huh?" x2 in call that turn
|
|t:|1783289637
|move|p2b: Delphox|Encore|p1b: Golurk
|-start|p1b: Golurk|Encore
|move|p1a: Wyrdeer|Earth Power|p2a: Slowbro
|-supereffective|p2a: Slowbro|1
|-damage|p2a: Slowbro|34/100
|move|p1b: Golurk|Earthquake|p2a: Slowbro|[spread] p1a,p2a
|-immune|p2b: Delphox|[from] ability: Levitate
|-supereffective|p2a: Slowbro|1
|-damage|p1a: Wyrdeer|46/100
|-damage|p2a: Slowbro|0 fnt
|faint|p2a: Slowbro
|-damage|p1b: Golurk|50/100y|[from] item: Life Orb
|
|-heal|p1a: Wyrdeer|52/100|[from] item: Leftovers
|upkeep
|turn|6
|c| NFE is a real tier|it was calculated
|
|t:|1783289650
|move|p1a: Wyrdeer|Protect|p1a: Wyrdeer
|-singleturn|p1a: Wyrdeer|Protect
|move|p2b: Delphox|Heat Wave|p1b: Golurk|[spread] p1b
|-activate|p1a: Wyrdeer|move: Protect
|-damage|p1b: Golurk|5/100
|-status|p1b: Golurk|brn
|move|p1b: Golurk|Earthquake|p2b: Delphox|[spread] 
|-activate|p1a: Wyrdeer|move: Protect
|-immune|p2b: Delphox|[from] ability: Levitate
|
|-heal|p1a: Wyrdeer|58/100|[from] item: Leftovers
|-damage|p1b: Golurk|0 fnt|[from] brn
|faint|p1b: Golurk
|upkeep
|turn|7
|
|t:|1783289659
|move|p2b: Delphox|Heat Wave|p1a: Wyrdeer
|-damage|p1a: Wyrdeer|7/100
|-status|p1a: Wyrdeer|brn
|move|p1a: Wyrdeer|Psyshield Bash|p2b: Delphox
|-resisted|p2b: Delphox|1
|-crit|p2b: Delphox
|-damage|p2b: Delphox|83/100
|-boost|p1a: Wyrdeer|def|1
|
|-heal|p1a: Wyrdeer|13/100 brn|[from] item: Leftovers
|-damage|p1a: Wyrdeer|7/100 brn|[from] brn
|upkeep
|turn|8
|
|t:|1783289666
|move|p2b: Delphox|Psychic|p1a: Wyrdeer
|-resisted|p1a: Wyrdeer|1
|-damage|p1a: Wyrdeer|0 fnt
|faint|p1a: Wyrdeer
|
|win|Lugiabirb
||DaVVinc1 is ready for game 2.
||Lugiabirb is ready for game 2.
|uhtml|next|Next: Game 2 of 3
