|j|☆NicoViBrittania
|j|☆i saw carcosa
|html|NicoViBrittaniai saw carcosa    
|uhtml|bestof|Game 2 of a best-of-3
|t:|1755737002
|gametype|doubles
|player|p1|NicoViBrittania|170|1261
|player|p2|i saw carcosa|pokemonbreederf|1238
|gen|9
|tier|[Gen 9] VGC 2025 Reg H (Bo3)
|rated|
|rule|Species Clause: Limit one of each Pokémon
|rule|Item Clause: Limit 1 of each item
|clearpoke
|poke|p1|Indeedee, L50, M|
|poke|p1|Sneasler, L50, F|
|poke|p1|Sinistcha, L50|
|poke|p1|Primarina, L50, F|
|poke|p1|Ursaluna, L50, F|
|poke|p1|Incineroar, L50, F|
|poke|p2|Pelipper, L50, M|
|poke|p2|Palafin, L50, M|
|poke|p2|Hydreigon, L50, M|
|poke|p2|Gholdengo, L50|
|poke|p2|Incineroar, L50, M|
|poke|p2|Amoonguss, L50, M|
|teampreview|4
|showteam|p1|Indeedee||SafetyGoggles|PsychicSurge|ExpandingForce,TeraBlast,TrickRoom,ShadowBall|||M|||50|,,,,,Fighting]Sneasler||PsychicSeed|Unburden|CloseCombat,Acrobatics,DireClaw,Protect|||F|||50|,,,,,Flying]Sinistcha||MentalHerb|Hospitality|RagePowder,TrickRoom,LifeDew,MatchaGotcha||||||50|,,,,,Normal]Primarina||ThroatSpray|LiquidVoice|Moonblast,IceBeam,HyperVoice,TeraBlast|||F|||50|,,,,,Ground]Ursaluna||FlameOrb|Guts|Facade,HeadlongRush,Protect,ThroatChop|||F|||50|,,,,,Ghost]Incineroar||SitrusBerry|Intimidate|FlareBlitz,KnockOff,PartingShot,Taunt|||F|||50|,,,,,Ghost
|showteam|p2|Pelipper||FocusSash|Drizzle|Hurricane,WeatherBall,Tailwind,Protect|||M|||50|,,,,,Grass]Palafin||MysticWater|ZerotoHero|WaveCrash,JetPunch,Haze,Protect|||M|||50|,,,,,Water]Hydreigon||ChoiceSpecs|Levitate|DracoMeteor,EarthPower,DarkPulse,Snarl|||M|||50|,,,,,Ghost]Gholdengo||LifeOrb|GoodasGold|MakeItRain,ShadowBall,NastyPlot,Protect||||||50|,,,,,Water]Incineroar||AssaultVest|Intimidate|FakeOut,FlareBlitz,KnockOff,Uturn|||M|||50|,,,,,Grass]Amoonguss||SitrusBerry|Regenerator|PollenPuff,Spore,RagePowder,Protect|||M|||50|,,,,,Fairy
|
|t:|1755737024
|teamsize|p1|4
|teamsize|p2|4
|start
|switch|p1a: Primarina|Primarina, L50, F|100/100
|switch|p1b: Indeedee|Indeedee, L50, M|100/100
|switch|p2a: Incineroar|Incineroar, L50, M|100/100
|switch|p2b: Amoonguss|Amoonguss, L50, M|100/100
|-fieldstart|move: Psychic Terrain|[from] ability: Psychic Surge|[of] p1b: Indeedee
|-ability|p2a: Incineroar|Intimidate|boost
|-unboost|p1a: Primarina|atk|1
|-unboost|p1b: Indeedee|atk|1
|turn|1
|
|t:|1755737046
|-terastallize|p1b: Indeedee|Fighting
|-terastallize|p2b: Amoonguss|Fairy
|move|p1b: Indeedee|Expanding Force|p2b: Amoonguss|[spread] p2b
|-immune|p2a: Incineroar
|-crit|p2b: Amoonguss
|-damage|p2b: Amoonguss|26/100
|-enditem|p2b: Amoonguss|Sitrus Berry|[eat]
|-heal|p2b: Amoonguss|51/100|[from] item: Sitrus Berry
|move|p2a: Incineroar|Knock Off|p1a: Primarina
|-resisted|p1a: Primarina
|-damage|p1a: Primarina|74/100
|-enditem|p1a: Primarina|Throat Spray|[from] move: Knock Off|[of] p2a: Incineroar
|move|p1a: Primarina|Hyper Voice|p2a: Incineroar|[spread] p2a,p2b
|-supereffective|p2a: Incineroar
|-crit|p2a: Incineroar
|-damage|p2a: Incineroar|28/100
|-damage|p2b: Amoonguss|15/100
|move|p2b: Amoonguss|Spore|p1a: Primarina
|-status|p1a: Primarina|slp|[from] move: Spore
|
|upkeep
|turn|2
|
|t:|1755737079
|switch|p2a: Gholdengo|Gholdengo, L50|100/100
|switch|p2b: Hydreigon|Hydreigon, L50, M|100/100
|move|p1b: Indeedee|Tera Blast|p2a: Gholdengo|[anim] Tera Blast Fighting
|-immune|p2a: Gholdengo
|cant|p1a: Primarina|slp
|
|upkeep
|turn|3
|
|t:|1755737103
|move|p2b: Hydreigon|Snarl|p1b: Indeedee|[spread] p1a,p1b
|-resisted|p1a: Primarina
|-resisted|p1b: Indeedee
|-damage|p1a: Primarina|61/100 slp
|-damage|p1b: Indeedee|83/100
|-unboost|p1a: Primarina|spa|1
|-unboost|p1b: Indeedee|spa|1
|move|p2a: Gholdengo|Nasty Plot|p2a: Gholdengo
|-boost|p2a: Gholdengo|spa|2
|move|p1b: Indeedee|Shadow Ball|p2a: Gholdengo
|-supereffective|p2a: Gholdengo
|-damage|p2a: Gholdengo|64/100
|-unboost|p2a: Gholdengo|spd|1
|cant|p1a: Primarina|slp
|
|upkeep
|turn|4
|
|t:|1755737133
|switch|p2b: Amoonguss|Amoonguss, L50, M, tera:Fairy|48/100
|move|p2a: Gholdengo|Make It Rain|p1b: Indeedee|[spread] p1a,p1b
|-damage|p1a: Primarina|0 fnt
|-damage|p1b: Indeedee|0 fnt
|-unboost|p2a: Gholdengo|spa|1
|faint|p1a: Primarina
|faint|p1b: Indeedee
|-damage|p2a: Gholdengo|54/100|[from] item: Life Orb
|
|upkeep
|
|t:|1755737144
|switch|p1b: Incineroar|Incineroar, L50, F|100/100
|switch|p1a: Ursaluna|Ursaluna, L50, F|100/100
|-ability|p1b: Incineroar|Intimidate|boost
|-unboost|p2a: Gholdengo|atk|1
|-unboost|p2b: Amoonguss|atk|1
|turn|5
|
|t:|1755737157
|switch|p2b: Incineroar|Incineroar, L50, M|28/100
|-ability|p2b: Incineroar|Intimidate|boost
|-unboost|p1a: Ursaluna|atk|1
|-unboost|p1b: Incineroar|atk|1
|move|p2a: Gholdengo|Protect|p2a: Gholdengo
|-singleturn|p2a: Gholdengo|Protect
|move|p1b: Incineroar|Knock Off|p2a: Gholdengo
|-activate|p2a: Gholdengo|move: Protect
|move|p1a: Ursaluna|Facade|p2b: Incineroar
|-damage|p2b: Incineroar|1/100
|
|-fieldend|move: Psychic Terrain
|-status|p1a: Ursaluna|brn|[from] item: Flame Orb
|upkeep
|turn|6
|
|t:|1755737179
|move|p2b: Incineroar|Fake Out|p1b: Incineroar
|-damage|p1b: Incineroar|88/100
|move|p2a: Gholdengo|Make It Rain|p1a: Ursaluna|[spread] p1a,p1b
|-resisted|p1b: Incineroar
|-damage|p1a: Ursaluna|18/100 brn
|-damage|p1b: Incineroar|45/100
|-unboost|p2a: Gholdengo|spa|1
|-enditem|p1b: Incineroar|Sitrus Berry|[eat]
|-heal|p1b: Incineroar|70/100|[from] item: Sitrus Berry
|-damage|p2a: Gholdengo|45/100|[from] item: Life Orb
|cant|p1b: Incineroar|flinch
|move|p1a: Ursaluna|Throat Chop|p2a: Gholdengo
|-supereffective|p2a: Gholdengo
|-damage|p2a: Gholdengo|0 fnt
|faint|p2a: Gholdengo
|
|-damage|p1a: Ursaluna|12/100 brn|[from] brn
|upkeep
|
|t:|1755737194
|switch|p2a: Amoonguss|Amoonguss, L50, M, tera:Fairy|81/100
|turn|7
|
|t:|1755737206
|move|p1a: Ursaluna|Protect|p1a: Ursaluna
|-singleturn|p1a: Ursaluna|Protect
|move|p2a: Amoonguss|Protect|p2a: Amoonguss
|-singleturn|p2a: Amoonguss|Protect
|move|p2b: Incineroar|Flare Blitz|p1a: Ursaluna
|-activate|p1a: Ursaluna|move: Protect
|move|p1b: Incineroar|Flare Blitz|p2a: Amoonguss
|-activate|p2a: Amoonguss|move: Protect
|
|-damage|p1a: Ursaluna|6/100 brn|[from] brn
|upkeep
|turn|8
|
|t:|1755737225
|move|p2b: Incineroar|Flare Blitz|p1a: Ursaluna
|-damage|p1a: Ursaluna|0 fnt
|faint|p1a: Ursaluna
|-damage|p2b: Incineroar|0 fnt|[from] Recoil
|faint|p2b: Incineroar
|move|p1b: Incineroar|Flare Blitz|p2a: Amoonguss
|-damage|p2a: Amoonguss|45/100
|-damage|p1b: Incineroar|57/100|[from] Recoil
|move|p2a: Amoonguss|Spore|p1b: Incineroar
|-status|p1b: Incineroar|slp|[from] move: Spore
|
|upkeep
|-message|NicoViBrittania forfeited.
|
|win|i saw carcosa
|raw|NicoViBrittania's rating: 1261 → 1234(-27 for losing)
|raw|i saw carcosa's rating: 1238 → 1265(+27 for winning)
|l|☆NicoViBrittania
|player|p1|
