|j|☆huhvin
|j|☆Cetoo
|html|huhvinCetoo    
|uhtml|bestof|Game 1 of a best-of-3
|t:|1783990950
|gametype|doubles
|player|p1|huhvin|266|
|player|p2|Cetoo|bugcatcher-gen4dp|
|gen|9
|tier|[Gen 9 Champions] VGC 2026 Reg M-B (Bo3)
|rule|Species Clause: Limit one of each Pokémon
|rule|Item Clause: Limit 1 of each item
|clearpoke
|poke|p1|Sylveon, L50, M|
|poke|p1|Incineroar, L50, F|
|poke|p1|Torkoal, L50, M|
|poke|p1|Scizor, L50, F|
|poke|p1|Typhlosion-Hisui, L50, M|
|poke|p1|Annihilape, L50, M|
|poke|p2|Metagross, L50, shiny|
|poke|p2|Kingambit, L50, F, shiny|
|poke|p2|Gholdengo, L50|
|poke|p2|Dragapult, L50, F|
|poke|p2|Rotom-Wash, L50, shiny|
|poke|p2|Clefable, L50, F, shiny|
|teampreview|4
|showteam|p1|Sylveon||FairyFeather|Pixilate|HelpingHand,HyperVoice,WeatherBall,LightScreen|Modest||M|||50|]Incineroar||Charcoal|Intimidate|FakeOut,PartingShot,Earthquake,BlazeKick|Adamant||F|||50|]Torkoal||HeatRock|Drought|Eruption,SolarBeam,HeatWave,Earthquake|Quiet||M|||50|]Scizor||Scizorite|Technician|BulletPunch,Tailwind,KnockOff,Uturn|Adamant||F|||50|]Typhlosion-Hisui||ChoiceScarf|Blaze|Eruption,ShadowBall,HeatWave,InfernalParade|Timid||M|||50|]Annihilape||ChestoBerry|Defiant|RageFist,Rest,DrainPunch,BulkUp|Adamant||M|||50|
|showteam|p2|Metagross||Metagrossite|ClearBody|Protect,IronHead,PsychicFangs,StompingTantrum|Jolly|||||50|]Kingambit||ChopleBerry|SupremeOverlord|Protect,KowtowCleave,SuckerPunch,IronHead|Adamant||F|||50|]Gholdengo||LifeOrb|GoodasGold|Protect,MakeItRain,ShadowBall,NastyPlot|Timid|||||50|]Dragapult||FocusSash|ClearBody|Protect,DragonDarts,PhantomForce,WillOWisp|Jolly||F|||50|]Rotom-Wash||Leftovers|Levitate|Protect,HydroPump,Thunderbolt,WillOWisp|Calm|||||50|]Clefable||SitrusBerry|Unaware|FollowMe,Moonblast,Protect,HelpingHand|Calm||F|||50|
|j| NiL312
|j| Backwards_Aerial
|
|t:|1783990979
|teamsize|p1|4
|teamsize|p2|4
|start
|switch|p1a: Scizor|Scizor, L50, F|100/100
|switch|p1b: Sylveon|Sylveon, L50, M|100/100
|switch|p2a: Rotom|Rotom-Wash, L50, shiny|100/100
|switch|p2b: Clefable|Clefable, L50, F, shiny|100/100
|turn|1
|
|t:|1783991003
|detailschange|p1a: Scizor|Scizor-Mega, L50, F
|-mega|p1a: Scizor|Scizor|Scizorite
|move|p2b: Clefable|Follow Me|p2b: Clefable
|-singleturn|p2b: Clefable|move: Follow Me
|move|p2a: Rotom|Will-O-Wisp|p1a: Scizor
|-status|p1a: Scizor|brn
|move|p1a: Scizor|Tailwind|p1a: Scizor
|-sidestart|p1: huhvin|move: Tailwind
|move|p1b: Sylveon|Hyper Voice|p2b: Clefable|[spread] p2a,p2b
|-damage|p2a: Rotom|59/100
|-damage|p2b: Clefable|63/100
|
|-heal|p2a: Rotom|64/100|[from] item: Leftovers
|-damage|p1a: Scizor|93/100 brn|[from] brn
|upkeep
|turn|2
|
|t:|1783991038
|move|p2b: Clefable|Follow Me|p2b: Clefable
|-singleturn|p2b: Clefable|move: Follow Me
|move|p1a: Scizor|U-turn|p2b: Clefable
|-resisted|p2b: Clefable|1
|-damage|p2b: Clefable|50/100g
|
|t:|1783991045
|switch|p1a: Torkoal|Torkoal, L50, M|100/100|[from] U-turn
|-weather|SunnyDay|[from] ability: Drought|[of] p1a: Torkoal
|move|p1b: Sylveon|Light Screen|p1b: Sylveon
|-sidestart|p1: huhvin|move: Light Screen
|move|p2a: Rotom|Thunderbolt|p1b: Sylveon
|-damage|p1b: Sylveon|85/100
|
|-weather|SunnyDay|[upkeep]
|-heal|p2a: Rotom|70/100|[from] item: Leftovers
|upkeep
|turn|3
|
|t:|1783991066
|move|p1b: Sylveon|Helping Hand|p1a: Torkoal
|-singleturn|p1a: Torkoal|Helping Hand|[of] p1b: Sylveon
|move|p2a: Rotom|Protect|p2a: Rotom
|-singleturn|p2a: Rotom|Protect
|move|p2b: Clefable|Protect|p2b: Clefable
|-singleturn|p2b: Clefable|Protect
|move|p1a: Torkoal|Eruption|p2a: Rotom|[spread] 
|-activate|p2a: Rotom|move: Protect
|-activate|p2b: Clefable|move: Protect
|
|-weather|SunnyDay|[upkeep]
|-heal|p2a: Rotom|76/100|[from] item: Leftovers
|upkeep
|turn|4
|
|t:|1783991087
|move|p2b: Clefable|Helping Hand|p2a: Rotom
|-singleturn|p2a: Rotom|Helping Hand|[of] p2b: Clefable
|move|p1b: Sylveon|Hyper Voice|p2b: Clefable|[spread] p2a,p2b
|-damage|p2a: Rotom|37/100
|-damage|p2b: Clefable|14/100
|-enditem|p2b: Clefable|Sitrus Berry|[eat]
|-heal|p2b: Clefable|39/100|[from] item: Sitrus Berry
|move|p2a: Rotom|Hydro Pump|p1a: Torkoal
|-supereffective|p1a: Torkoal|1
|-damage|p1a: Torkoal|45/100
|move|p1a: Torkoal|Eruption|p2b: Clefable|[spread] p2a,p2b
|-resisted|p2a: Rotom|1
|-damage|p2a: Rotom|26/100
|-damage|p2b: Clefable|16/100
|
|-weather|SunnyDay|[upkeep]
|-heal|p2a: Rotom|31/100|[from] item: Leftovers
|-sideend|p1: huhvin|move: Tailwind
|upkeep
|turn|5
|
|t:|1783991112
|move|p2b: Clefable|Follow Me|p2b: Clefable
|-singleturn|p2b: Clefable|move: Follow Me
|move|p2a: Rotom|Hydro Pump|p1a: Torkoal|[miss]
|-miss|p2a: Rotom|p1a: Torkoal
|move|p1b: Sylveon|Hyper Voice|p2a: Rotom|[spread] p2a,p2b
|-damage|p2a: Rotom|0 fnt
|-damage|p2b: Clefable|0 fnt
|faint|p2a: Rotom
|faint|p2b: Clefable
|move|p1a: Torkoal|Solar Beam||[still]
|-prepare|p1a: Torkoal|Solar Beam
|-anim|p1a: Torkoal|Solar Beam|p2: Rotom|[notarget]
|-fail|p1a: Torkoal
|
|-weather|SunnyDay|[upkeep]
|upkeep
|
|t:|1783991122
|switch|p2a: Metagross|Metagross, L50, shiny|100/100
|switch|p2b: Dragapult|Dragapult, L50, F|100/100
|turn|6
|
|t:|1783991155
|switch|p1a: Scizor|Scizor-Mega, L50, F|93/100 brn
|detailschange|p2a: Metagross|Metagross-Mega, L50, shiny
|-mega|p2a: Metagross|Metagross|Metagrossite
|move|p2b: Dragapult|Phantom Force||[still]
|-prepare|p2b: Dragapult|Phantom Force
|move|p2a: Metagross|Stomping Tantrum|p1a: Scizor
|-damage|p1a: Scizor|66/100 brn
|move|p1b: Sylveon|Weather Ball|p2a: Metagross
|-supereffective|p2a: Metagross|1
|-damage|p2a: Metagross|0 fnt
|faint|p2a: Metagross
|
|-weather|SunnyDay|[upkeep]
|-damage|p1a: Scizor|60/100 brn|[from] brn
|-sideend|p1: huhvin|move: Light Screen
|upkeep
|turn|7
|
|t:|1783991183
|move|p2b: Dragapult|Phantom Force|p1b: Sylveon|[from] lockedmove
|-damage|p1b: Sylveon|42/100
|move|p1a: Scizor|Knock Off|p2b: Dragapult
|-supereffective|p2b: Dragapult|1
|-damage|p2b: Dragapult|55/100
|-enditem|p2b: Dragapult|Focus Sash|[from] move: Knock Off|[of] p1a: Scizor
|move|p1b: Sylveon|Hyper Voice|p2b: Dragapult
|-supereffective|p2b: Dragapult|1
|-damage|p2b: Dragapult|0 fnt
|faint|p2b: Dragapult
|
|win|huhvin
||Cetoo is ready for game 2.
|inactive|huhvin has 30 seconds to confirm battle start!
