|j|☆gunkqing
|j|☆jonen
|html|gunkqingjonen    
|uhtml|bestof|Game 3 of a best-of-3
|t:|1756304750
|gametype|doubles
|player|p1|gunkqing|striker|
|player|p2|jonen|hiker-gen4|
|gen|9
|tier|[Gen 9] VGC 2025 Reg H (Bo3)
|rule|Species Clause: Limit one of each Pokémon
|rule|Item Clause: Limit 1 of each item
|clearpoke
|poke|p1|Charizard, L50, M|
|poke|p1|Jumpluff, L50, F|
|poke|p1|Torkoal, L50, F|
|poke|p1|Ursaluna, L50, M|
|poke|p1|Incineroar, L50, M|
|poke|p1|Duskull, L50, M|
|poke|p2|Garchomp, L50, M|
|poke|p2|Weezing-Galar, L50, M|
|poke|p2|Archaludon, L50, M|
|poke|p2|Gholdengo, L50|
|poke|p2|Talonflame, L50, F|
|poke|p2|Annihilape, L50, M|
|teampreview|4
|showteam|p1|Charizard||ChoiceSpecs|SolarPower|HeatWave,Overheat,WeatherBall,DragonPulse|||M|||50|,,,,,Ghost]Jumpluff||CovertCloak|Chlorophyll|SleepPowder,Tailwind,RagePowder,SunnyDay|||F|||50|,,,,,Water]Torkoal||EjectPack|Drought|Overheat,Eruption,ClearSmog,Protect|||F|||50|,,,,,Fire]Ursaluna||FlameOrb|Guts|Facade,HeadlongRush,Earthquake,Protect|||M|||50|,,,,,Ghost]Incineroar||AssaultVest|Intimidate|FakeOut,FlareBlitz,KnockOff,Uturn|||M|||50|,,,,,Ghost]Duskull||Eviolite|Levitate|NightShade,TrickRoom,Haze,PainSplit|||M|||50|,,,,,Steel
|showteam|p2|Garchomp||LifeOrb|RoughSkin|DragonClaw,Earthquake,StompingTantrum,Protect|||M|||50|,,,,,Ground]Weezing-Galar||FocusSash|NeutralizingGas|Protect,SludgeBomb,Taunt,StrangeSteam|||M|||50|,,,,,Flying]Archaludon||PowerHerb|Sturdy|ElectroShot,Thunderbolt,DracoMeteor,Protect|||M|||50|,,,,,Electric]Gholdengo||ChoiceSpecs|GoodasGold|ShadowBall,DazzlingGleam,PowerGem,MakeItRain||||||50|,,,,,Fairy]Talonflame||CovertCloak|GaleWings|Tailwind,DualWingbeat,WillOWisp,FlareBlitz|||F|||50|,,,,,Fairy]Annihilape||AssaultVest|Defiant|CloseCombat,RageFist,FinalGambit,IcePunch|||M|||50|,,,,,Grass
|inactive|Battle timer is ON: inactive players will automatically lose when time's up. (requested by gunkqing)
|inactive|jonen has 60 seconds left.
|
|t:|1756304796
|teamsize|p1|4
|teamsize|p2|4
|start
|switch|p1a: Incineroar|Incineroar, L50, M|100/100
|switch|p1b: Duskull|Duskull, L50, M|100/100
|switch|p2a: Talonflame|Talonflame, L50, F|100/100
|switch|p2b: Annihilape|Annihilape, L50, M|100/100
|-ability|p1a: Incineroar|Intimidate|boost
|-unboost|p2a: Talonflame|atk|1
|-unboost|p2b: Annihilape|atk|1
|-ability|p2b: Annihilape|Defiant|boost
|-boost|p2b: Annihilape|atk|2
|turn|1
|inactive|gunkqing has 30 seconds left.
|inactive|jonen has 30 seconds left.
|
|t:|1756304828
|move|p2a: Talonflame|Flare Blitz|p2b: Annihilape
|-damage|p2b: Annihilape|65/100
|-damage|p2a: Talonflame|85/100|[from] Recoil
|move|p2b: Annihilape|Rage Fist|p1b: Duskull
|-supereffective|p1b: Duskull
|-crit|p1b: Duskull
|-damage|p1b: Duskull|0 fnt
|faint|p1b: Duskull
|move|p1a: Incineroar|U-turn|p2b: Annihilape
|-resisted|p2b: Annihilape
|-damage|p2b: Annihilape|59/100
|inactive|gunkqing has 30 seconds left.
|
|t:|1756304856
|switch|p1a: Ursaluna|Ursaluna, L50, M|100/100|[from] U-turn
|
|-status|p1a: Ursaluna|brn|[from] item: Flame Orb
|upkeep
|
|t:|1756304866
|switch|p1b: Torkoal|Torkoal, L50, F|100/100
|-weather|SunnyDay|[from] ability: Drought|[of] p1b: Torkoal
|turn|2
|
|t:|1756304882
|move|p2a: Talonflame|Flare Blitz|p1a: Ursaluna
|-damage|p1a: Ursaluna|60/100 brn
|-damage|p2a: Talonflame|66/100|[from] Recoil
|move|p2b: Annihilape|Close Combat|p1b: Torkoal
|-damage|p1b: Torkoal|41/100
|-unboost|p2b: Annihilape|def|1
|-unboost|p2b: Annihilape|spd|1
|move|p1a: Ursaluna|Facade|p2a: Talonflame
|-damage|p2a: Talonflame|0 fnt
|faint|p2a: Talonflame
|move|p1b: Torkoal|Overheat|p2b: Annihilape
|-damage|p2b: Annihilape|0 fnt
|-unboost|p1b: Torkoal|spa|2
|faint|p2b: Annihilape
|-enditem|p1b: Torkoal|Eject Pack
|
|t:|1756304887
|switch|p1b: Incineroar|Incineroar, L50, M|100/100
|
|-weather|SunnyDay|[upkeep]
|-damage|p1a: Ursaluna|54/100 brn|[from] brn
|upkeep
|
|t:|1756304893
|switch|p2a: Archaludon|Archaludon, L50, M|100/100
|switch|p2b: Garchomp|Garchomp, L50, M|100/100
|turn|3
|inactive|jonen has 30 seconds left.
|inactive|jonen has 20 seconds left.
|inactive|jonen has 15 seconds left.
|
|t:|1756304937
|switch|p1b: Torkoal|Torkoal, L50, F|41/100
|move|p2b: Garchomp|Protect|p2b: Garchomp
|-singleturn|p2b: Garchomp|Protect
|move|p2a: Archaludon|Protect|p2a: Archaludon
|-singleturn|p2a: Archaludon|Protect
|move|p1a: Ursaluna|Earthquake|p2a: Archaludon|[spread] p1b
|-activate|p2a: Archaludon|move: Protect
|-activate|p2b: Garchomp|move: Protect
|-supereffective|p1b: Torkoal
|-damage|p1b: Torkoal|0 fnt
|faint|p1b: Torkoal
|
|-weather|SunnyDay|[upkeep]
|-damage|p1a: Ursaluna|48/100 brn|[from] brn
|upkeep
|
|t:|1756304943
|switch|p1b: Incineroar|Incineroar, L50, M|100/100
|-ability|p1b: Incineroar|Intimidate|boost
|-unboost|p2a: Archaludon|atk|1
|-unboost|p2b: Garchomp|atk|1
|turn|4
|inactive|jonen has 30 seconds left.
|inactive|jonen has 20 seconds left.
|inactive|jonen has 15 seconds left.
|
|t:|1756304984
|move|p1b: Incineroar|Fake Out|p2a: Archaludon
|-resisted|p2a: Archaludon
|-damage|p2a: Archaludon|95/100
|move|p2b: Garchomp|Dragon Claw|p1a: Ursaluna
|-damage|p1a: Ursaluna|17/100 brn
|-damage|p2b: Garchomp|91/100|[from] item: Life Orb
|cant|p2a: Archaludon|flinch
|move|p1a: Ursaluna|Earthquake|p2b: Garchomp|[spread] p1b,p2a,p2b
|-supereffective|p1b: Incineroar
|-supereffective|p2a: Archaludon
|-crit|p2b: Garchomp
|-damage|p1b: Incineroar|0 fnt
|-damage|p2a: Archaludon|0 fnt
|-damage|p2b: Garchomp|1/100
|faint|p1b: Incineroar
|faint|p2a: Archaludon
|
|-weather|SunnyDay|[upkeep]
|-damage|p1a: Ursaluna|11/100 brn|[from] brn
|upkeep
|turn|5
|c|☆jonen|jesus
|inactive|jonen has 30 seconds left.
|
|t:|1756305012
|move|p2b: Garchomp|Dragon Claw|p1a: Ursaluna
|-damage|p1a: Ursaluna|0 fnt
|faint|p1a: Ursaluna
|-damage|p2b: Garchomp|0 fnt|[from] item: Life Orb
|faint|p2b: Garchomp
|
|win|jonen
|c|☆gunkqing|ggs hahah
|c|☆jonen|gg hele goeie game
|c|☆gunkqing|annihilape selftarget niet verwacht haha
|c|☆jonen|Ye was een cook
