|j|â˜†FocusRanja
|j|â˜†Pelosis
|html|FocusRanjaPelosis    
|uhtml|bestof|Game 1 of a best-of-3
|t:|1784040302
|gametype|doubles
|player|p1|FocusRanja|2|1058
|player|p2|Pelosis|2|1091
|gen|9
|tier|[Gen 9 Champions] VGC 2026 Reg M-B (Bo3)
|rated|
|rule|Species Clause: Limit one of each PokÃ©mon
|rule|Item Clause: Limit 1 of each item
|clearpoke
|poke|p1|Sinistcha, L50|
|poke|p1|Farigiraf, L50, F|
|poke|p1|Mawile, L50, F, shiny|
|poke|p1|Torkoal, L50, M|
|poke|p1|Scrafty, L50, M|
|poke|p1|Lycanroc-Dusk, L50, M|
|poke|p2|Mawile, L50, F|
|poke|p2|Farigiraf, L50, F|
|poke|p2|Incineroar, L50, F|
|poke|p2|Torkoal, L50, M|
|poke|p2|Venusaur, L50, F|
|poke|p2|Scrafty, L50, M|
|teampreview|4
|showteam|p1|Sinistcha||SitrusBerry|Hospitality|MatchaGotcha,RagePowder,TrickRoom,ShadowBall|Relaxed|||||50|]Farigiraf||ColburBerry|ArmorTail|Psychic,TrickRoom,Thunderbolt,HelpingHand|Relaxed||F|||50|]Mawile||Mawilite|Intimidate|PlayRough,IronHead,SuckerPunch,Protect|Brave||F|||50|]Torkoal||Charcoal|Drought|Eruption,WeatherBall,SolarBeam,Protect|Quiet||M|||50|]Scrafty||Scraftinite|Intimidate|BulkUp,BrickBreak,KnockOff,FakeOut|Brave||M|||50|]Lycanroc-Dusk||FocusSash|ToughClaws|Accelerock,RockSlide,CloseCombat,Protect|Adamant||M|||50|
|showteam|p2|Mawile||Mawilite|HyperCutter|Protect,PlayRough,SwordsDance,SuckerPunch|Brave||F|||50|]Farigiraf||SitrusBerry|ArmorTail|TrickRoom,TwinBeam,Thunderbolt,HelpingHand|Quiet||F|||50|]Incineroar||WhiteHerb|Intimidate|FakeOut,CloseCombat,FlareBlitz,ThroatChop|Brave||F|||50|]Torkoal||Charcoal|Drought|Protect,Eruption,HeatWave,WeatherBall|Quiet||M|||50|]Venusaur||FocusSash|Chlorophyll|SleepPowder,EarthPower,EnergyBall,SludgeBomb|Modest||F|||50|]Scrafty||Scraftinite|Intimidate|FakeOut,CloseCombat,KnockOff,IcePunch|Brave||M|||50|
|inactive|Battle timer is ON: inactive players will automatically lose when time's up. (requested by Pelosis)
|inactive|FocusRanja has 60 seconds left.
|inactive|Pelosis has 60 seconds left.
|
|t:|1784040364
|teamsize|p1|4
|teamsize|p2|4
|start
|switch|p1a: Scrafty|Scrafty, L50, M|100/100
|switch|p1b: Lycanroc|Lycanroc-Dusk, L50, M|100/100
|switch|p2a: Torkoal|Torkoal, L50, M|100/100
|switch|p2b: Venusaur|Venusaur, L50, F|100/100
|-ability|p1a: Scrafty|Intimidate|boost
|-unboost|p2a: Torkoal|atk|1
|-unboost|p2b: Venusaur|atk|1
|-weather|SunnyDay|[from] ability: Drought|[of] p2a: Torkoal
|turn|1
|inactive|FocusRanja has 30 seconds left.
|inactive|Pelosis has 30 seconds left.
|
|t:|1784040402
|switch|p2b: Incineroar|Incineroar, L50, F|100/100
|-ability|p2b: Incineroar|Intimidate|boost
|-unboost|p1a: Scrafty|atk|1
|-unboost|p1b: Lycanroc|atk|1
|move|p1a: Scrafty|Fake Out|p2b: Incineroar
|-crit|p2b: Incineroar
|-damage|p2b: Incineroar|82/100
|move|p1b: Lycanroc|Rock Slide|p2a: Torkoal|[spread] p2a,p2b
|-supereffective|p2a: Torkoal|1
|-supereffective|p2b: Incineroar|1
|-damage|p2a: Torkoal|71/100
|-damage|p2b: Incineroar|47/100
|cant|p2a: Torkoal|flinch
|
|-weather|SunnyDay|[upkeep]
|upkeep
|turn|2
|inactive|FocusRanja has 30 seconds left.
|inactive|Pelosis has 30 seconds left.
|inactive|Pelosis has 20 seconds left.
|
|t:|1784040444
|switch|p1a: Farigiraf|Farigiraf, L50, F|100/100
|move|p2b: Incineroar|Fake Out||[still]
|cant|p1a: Farigiraf|ability: Armor Tail|Fake Out|[of] p2b: Incineroar
|move|p1b: Lycanroc|Rock Slide|p2a: Torkoal|[spread] p2a,p2b
|-supereffective|p2a: Torkoal|1
|-supereffective|p2b: Incineroar|1
|-damage|p2a: Torkoal|41/100
|-damage|p2b: Incineroar|7/100
|cant|p2a: Torkoal|flinch
|
|-weather|SunnyDay|[upkeep]
|upkeep
|turn|3
|c|â˜†Pelosis|omg bro too much hax
|
|t:|1784040468
|switch|p2b: Mawile|Mawile, L50, F|100/100
|move|p1a: Farigiraf|Helping Hand|p1b: Lycanroc
|-singleturn|p1b: Lycanroc|Helping Hand|[of] p1a: Farigiraf
|move|p1b: Lycanroc|Rock Slide|p2a: Torkoal|[spread] p2a,p2b
|-supereffective|p2a: Torkoal|1
|-resisted|p2b: Mawile|1
|-damage|p2a: Torkoal|0 fnt
|-damage|p2b: Mawile|78/100
|faint|p2a: Torkoal
|
|-weather|SunnyDay|[upkeep]
|upkeep
|
|t:|1784040477
|switch|p2a: Venusaur|Venusaur, L50, F|100/100
|turn|4
|
|t:|1784040490
|move|p2a: Venusaur|Sleep Powder|p1a: Farigiraf
|-status|p1a: Farigiraf|slp|[from] move: Sleep Powder
|move|p1b: Lycanroc|Close Combat|p2b: Mawile
|-damage|p2b: Mawile|31/100
|-unboost|p1b: Lycanroc|def|1
|-unboost|p1b: Lycanroc|spd|1
|cant|p1a: Farigiraf|slp
|move|p2b: Mawile|Swords Dance|p2b: Mawile
|-boost|p2b: Mawile|atk|2
|
|-weather|SunnyDay|[upkeep]
|upkeep
|turn|5
|
|t:|1784040507
|-curestatus|p1a: Farigiraf|slp|[msg]
|move|p1a: Farigiraf|Helping Hand|p1b: Lycanroc
|-singleturn|p1b: Lycanroc|Helping Hand|[of] p1a: Farigiraf
|move|p2b: Mawile|Protect|p2b: Mawile
|-singleturn|p2b: Mawile|Protect
|move|p2a: Venusaur|Energy Ball|p1b: Lycanroc
|-supereffective|p1b: Lycanroc|1
|-enditem|p1b: Lycanroc|Focus Sash
|-damage|p1b: Lycanroc|1/100
|move|p1b: Lycanroc|Rock Slide|p2b: Mawile|[spread] p2a
|-activate|p2b: Mawile|move: Protect
|-damage|p2a: Venusaur|63/100
|
|-weather|none
|upkeep
|turn|6
|inactive|Pelosis has 30 seconds left.
|
|t:|1784040535
|move|p1a: Farigiraf|Helping Hand|p1b: Lycanroc
|-singleturn|p1b: Lycanroc|Helping Hand|[of] p1a: Farigiraf
|move|p2b: Mawile|Protect||[still]
|-fail|p2b: Mawile
|move|p1b: Lycanroc|Rock Slide|p2a: Venusaur|[spread] p2a
|-miss|p1b: Lycanroc|p2b: Mawile
|-damage|p2a: Venusaur|24/100
|move|p2a: Venusaur|Sleep Powder|p1a: Farigiraf
|-status|p1a: Farigiraf|slp|[from] move: Sleep Powder
|
|upkeep
|turn|7
|
|t:|1784040556
|switch|p2a: Incineroar|Incineroar, L50, F|7/100
|-ability|p2a: Incineroar|Intimidate|boost
|-unboost|p1a: Farigiraf|atk|1
|-unboost|p1b: Lycanroc|atk|1
|detailschange|p2b: Mawile|Mawile-Mega, L50, F
|-mega|p2b: Mawile|Mawile|Mawilite
|move|p1b: Lycanroc|Rock Slide|p2a: Incineroar|[spread] p2a,p2b
|-supereffective|p2a: Incineroar|1
|-resisted|p2b: Mawile|1
|-damage|p2a: Incineroar|0 fnt
|-damage|p2b: Mawile|24/100
|faint|p2a: Incineroar
|cant|p2b: Mawile|flinch
|cant|p1a: Farigiraf|slp
|
|upkeep
|c|â˜†Pelosis|again
|c|â˜†Pelosis|xd
|
|t:|1784040568
|switch|p2a: Venusaur|Venusaur, L50, F|24/100
|turn|8
|
|t:|1784040579
|switch|p1b: Scrafty|Scrafty, L50, M|100/100
|-ability|p1b: Scrafty|Intimidate|boost
|-unboost|p2a: Venusaur|atk|1
|-unboost|p2b: Mawile|atk|1
|move|p2a: Venusaur|Energy Ball|p1b: Scrafty
|-damage|p1b: Scrafty|59/100
|move|p2b: Mawile|Play Rough|p1a: Farigiraf
|-damage|p1a: Farigiraf|0 fnt
|faint|p1a: Farigiraf
|
|upkeep
|
|t:|1784040591
|switch|p1a: Lycanroc|Lycanroc-Dusk, L50, M|1/100
|turn|9
|
|t:|1784040609
|detailschange|p1b: Scrafty|Scrafty-Mega, L50, M
|-mega|p1b: Scrafty|Scrafty|Scraftinite
|-ability|p1b: Scrafty|Intimidate|boost
|-unboost|p2a: Venusaur|atk|1
|-unboost|p2b: Mawile|atk|1
|move|p2b: Mawile|Protect|p2b: Mawile
|-singleturn|p2b: Mawile|Protect
|move|p1b: Scrafty|Fake Out|p2b: Mawile
|-activate|p2b: Mawile|move: Protect
|move|p1a: Lycanroc|Rock Slide|p2b: Mawile|[spread] p2a
|-activate|p2b: Mawile|move: Protect
|-damage|p2a: Venusaur|0 fnt
|faint|p2a: Venusaur
|
|upkeep
|turn|10
|
|t:|1784040629
|move|p1a: Lycanroc|Close Combat|p2b: Mawile
|-damage|p2b: Mawile|0 fnt
|-unboost|p1a: Lycanroc|def|1
|-unboost|p1a: Lycanroc|spd|1
|faint|p2b: Mawile
|
|win|FocusRanja
||Pelosis is ready for game 2.
|inactive|FocusRanja has 30 seconds to confirm battle start!
|l|â˜†FocusRanja
|player|p1|
||FocusRanja is ready for game 2.
|uhtml|next|Next: Game 2 of 3
