|j|☆angusgrind13
|j|☆superdans
|html|angusgrind13superdans    
|uhtml|bestof|Game 2 of a best-of-3
|t:|1785137136
|gametype|doubles
|player|p1|angusgrind13|pokemonranger-gen4|1181
|player|p2|superdans|170|1090
|gen|9
|tier|[Gen 9 Champions] VGC 2026 Reg M-B (Bo3)
|rated|
|rule|Species Clause: Limit one of each Pokémon
|rule|Item Clause: Limit 1 of each item
|clearpoke
|poke|p1|Primarina, L50, F|
|poke|p1|Kingambit, L50, M|
|poke|p1|Froslass, L50, F|
|poke|p1|Sneasler, L50, F|
|poke|p1|Lycanroc-Dusk, L50, F|
|poke|p1|Dragonite, L50, M|
|poke|p2|Charizard, L50, M|
|poke|p2|Garchomp, L50, F|
|poke|p2|Whimsicott, L50, M|
|poke|p2|Kingambit, L50, F|
|poke|p2|Farigiraf, L50, M|
|poke|p2|Milotic, L50, M|
|teampreview|4
|showteam|p1|Primarina||LifeOrb|LiquidVoice|HyperVoice,Moonblast,Haze,Protect|Modest||F|||50|]Kingambit||BlackGlasses|Defiant|KowtowCleave,SuckerPunch,SwordsDance,Protect|Adamant||M|||50|]Froslass||Froslassite|CursedBody|Blizzard,ShadowBall,AuroraVeil,Protect|Timid||F|||50|]Sneasler||WhiteHerb|Unburden|GunkShot,CloseCombat,FakeOut,Protect|Adamant||F|||50|]Lycanroc-Dusk||FocusSash|ToughClaws|RockSlide,Accelerock,CloseCombat,Protect|Adamant||F|||50|]Dragonite||Dragoninite|Multiscale|DragonPulse,Flamethrower,Tailwind,Protect|Modest||M|||50|
|showteam|p2|Charizard||CharizarditeY|Blaze|HeatWave,SolarBeam,Overheat,Protect|Timid||M|||50|]Garchomp||LifeOrb|RoughSkin|Earthquake,DragonClaw,RockSlide,Protect|Jolly||F|||50|]Whimsicott||FocusSash|Prankster|Tailwind,SunnyDay,Encore,EnergyBall|Timid||M|||50|]Kingambit||ChopleBerry|Defiant|KowtowCleave,IronHead,SuckerPunch,BrickBreak|Adamant||F|||50|]Farigiraf||SitrusBerry|ArmorTail|Psychic,TrickRoom,Imprison,HelpingHand|Sassy||M|||50|]Milotic||Leftovers|Competitive|Scald,IcyWind,Haze,Protect|Bold||M|||50|
|
|t:|1785137167
|teamsize|p1|4
|teamsize|p2|4
|start
|switch|p1a: Froslass|Froslass, L50, F|100/100
|switch|p1b: Sneasler|Sneasler, L50, F|100/100
|switch|p2a: Charizard|Charizard, L50, M|100/100
|switch|p2b: Whimsicott|Whimsicott, L50, M|100/100
|turn|1
|
|t:|1785137198
|move|p1a: Froslass|Protect|p1a: Froslass
|-singleturn|p1a: Froslass|Protect
|move|p2a: Charizard|Protect|p2a: Charizard
|-singleturn|p2a: Charizard|Protect
|move|p1b: Sneasler|Fake Out|p2b: Whimsicott
|-damage|p2b: Whimsicott|81/100
|cant|p2b: Whimsicott|flinch
|
|upkeep
|turn|2
|
|t:|1785137212
|switch|p1a: Primarina|Primarina, L50, F|100/100
|detailschange|p2a: Charizard|Charizard-Mega-Y, L50, M
|-mega|p2a: Charizard|Charizard|Charizardite Y
|-weather|SunnyDay|[from] ability: Drought|[of] p2a: Charizard
|move|p2b: Whimsicott|Tailwind|p2b: Whimsicott
|-sidestart|p2: superdans|move: Tailwind
|move|p2a: Charizard|Heat Wave|p1b: Sneasler|[spread] p1a,p1b
|-resisted|p1a: Primarina|1
|-damage|p1a: Primarina|69/100
|-damage|p1b: Sneasler|28/100
|move|p1b: Sneasler|Gunk Shot|p2b: Whimsicott
|-supereffective|p2b: Whimsicott|2
|-damage|p2b: Whimsicott|0 fnt
|faint|p2b: Whimsicott
|
|-weather|SunnyDay|[upkeep]
|upkeep
|
|t:|1785137231
|switch|p2b: Garchomp|Garchomp, L50, F|100/100
|turn|3
|
|t:|1785137239
|move|p2b: Garchomp|Earthquake|p1b: Sneasler|[spread] p1a,p1b
|-immune|p2a: Charizard
|-supereffective|p1b: Sneasler|1
|-damage|p1a: Primarina|0 fnt
|-damage|p1b: Sneasler|0 fnt
|faint|p1a: Primarina
|faint|p1b: Sneasler
|-damage|p2b: Garchomp|90/100|[from] item: Life Orb
|move|p2a: Charizard|Solar Beam||[still]
|-prepare|p2a: Charizard|Solar Beam
|-anim|p2a: Charizard|Solar Beam|p1: Primarina|[notarget]
|-fail|p2a: Charizard
|
|-weather|SunnyDay|[upkeep]
|upkeep
|
|t:|1785137245
|switch|p1b: Froslass|Froslass, L50, F|100/100
|switch|p1a: Kingambit|Kingambit, L50, M|100/100
|turn|4
|
|t:|1785137265
|switch|p2a: Milotic|Milotic, L50, M|100/100
|move|p1b: Froslass|Protect|p1b: Froslass
|-singleturn|p1b: Froslass|Protect
|move|p1a: Kingambit|Sucker Punch|p2b: Garchomp
|-damage|p2b: Garchomp|36/100
|-damage|p1a: Kingambit|87/100|[from] ability: Rough Skin|[of] p2b: Garchomp
|move|p2b: Garchomp|Earthquake|p1a: Kingambit|[spread] p2a,p1a
|-activate|p1b: Froslass|move: Protect
|-supereffective|p1a: Kingambit|1
|-damage|p2a: Milotic|59/100
|-damage|p1a: Kingambit|14/100
|-damage|p2b: Garchomp|27/100|[from] item: Life Orb
|
|-weather|SunnyDay|[upkeep]
|-heal|p2a: Milotic|65/100|[from] item: Leftovers
|upkeep
|turn|5
|
|t:|1785137295
|move|p1b: Froslass|Protect|p1b: Froslass
|-singleturn|p1b: Froslass|Protect
|move|p1a: Kingambit|Sucker Punch|p2a: Milotic
|-damage|p2a: Milotic|20/100y
|move|p2b: Garchomp|Rock Slide|p1b: Froslass|[spread] p1a
|-activate|p1b: Froslass|move: Protect
|-resisted|p1a: Kingambit|1
|-damage|p1a: Kingambit|5/100
|-damage|p2b: Garchomp|17/100|[from] item: Life Orb
|move|p2a: Milotic|Scald|p1a: Kingambit
|-damage|p1a: Kingambit|0 fnt
|faint|p1a: Kingambit
|
|-weather|SunnyDay|[upkeep]
|-heal|p2a: Milotic|26/100|[from] item: Leftovers
|-sideend|p2: superdans|move: Tailwind
|upkeep
|turn|6
|
|t:|1785137319
|move|p1b: Froslass|Blizzard|p2b: Garchomp|[spread] p2b
|-miss|p1b: Froslass|p2a: Milotic
|-supereffective|p2b: Garchomp|2
|-crit|p2b: Garchomp
|-damage|p2b: Garchomp|0 fnt
|faint|p2b: Garchomp
|move|p2a: Milotic|Scald|p1b: Froslass
|-damage|p1b: Froslass|77/100
|
|-weather|none
|-heal|p2a: Milotic|32/100|[from] item: Leftovers
|upkeep
|
|t:|1785137329
|switch|p2b: Charizard|Charizard-Mega-Y, L50, M|100/100
|-weather|SunnyDay|[from] ability: Drought|[of] p2b: Charizard
|turn|7
|
|t:|1785137344
|detailschange|p1b: Froslass|Froslass-Mega, L50, F
|-mega|p1b: Froslass|Froslass|Froslassite
|-weather|Snowscape|[from] ability: Snow Warning|[of] p1b: Froslass
|move|p1b: Froslass|Blizzard|p2b: Charizard|[spread] p2a,p2b
|-resisted|p2a: Milotic|1
|-damage|p2a: Milotic|16/100
|-damage|p2b: Charizard|59/100
|move|p2b: Charizard|Overheat|p1b: Froslass
|-supereffective|p1b: Froslass|1
|-damage|p1b: Froslass|0 fnt
|-unboost|p2b: Charizard|spa|2
|faint|p1b: Froslass
|
|win|superdans
|inactive|angusgrind13 has 30 seconds to confirm battle start!
|inactive|superdans has 30 seconds to confirm battle start!
||superdans is ready for game 3.
