|j|☆Jun RH
|j|☆PablixXHD
|html|Jun RHPablixXHD    
|uhtml|bestof|Game 2 of a best-of-3
|t:|1757002393
|gametype|doubles
|player|p1|Jun RH|burglar|
|player|p2|PablixXHD|101|
|gen|9
|tier|[Gen 9] VGC 2025 Reg H (Bo3)
|rule|Species Clause: Limit one of each Pokémon
|rule|Item Clause: Limit 1 of each item
|clearpoke
|poke|p1|Gholdengo, L50|
|poke|p1|Incineroar, L50, F|
|poke|p1|Amoonguss, L50, M|
|poke|p1|Dragonite, L50, F|
|poke|p1|Garchomp, L50, F|
|poke|p1|Primarina, L50, F|
|poke|p2|Volcarona, L50, M|
|poke|p2|Kingambit, L50, M|
|poke|p2|Dragonite, L50, F|
|poke|p2|Sneasler, L50, F|
|poke|p2|Rillaboom, L50, F|
|poke|p2|Electabuzz, L50, F|
|teampreview|4
|showteam|p1|Gholdengo||LifeOrb|GoodasGold|MakeItRain,ShadowBall,NastyPlot,Protect||||||50|,,,,,Water]Incineroar||SafetyGoggles|Intimidate|KnockOff,FlareBlitz,FakeOut,PartingShot|||F|||50|,,,,,Ghost]Amoonguss||CovertCloak|Regenerator|RagePowder,PollenPuff,Protect,Spore|||M|||50|,,,,,Dark]Dragonite||LoadedDice|Multiscale|ScaleShot,Tailwind,Protect,Haze|||F|||50|,,,,,Fairy]Garchomp||ClearAmulet|RoughSkin|DragonClaw,Earthquake,StompingTantrum,Protect|||F|||50|,,,,,Fire]Primarina||AssaultVest|LiquidVoice|HyperVoice,Moonblast,IcyWind,DazzlingGleam|||F|||50|,,,,,Grass
|showteam|p2|Volcarona||Leftovers|FlameBody|HeatWave,TeraBlast,QuiverDance,Protect|||M|||50|,,,,,Fairy]Kingambit||BlackGlasses|Defiant|KowtowCleave,SuckerPunch,IronHead,Assurance|||M|||50|,,,,,Dark]Dragonite||LoadedDice|Multiscale|ScaleShot,ExtremeSpeed,Haze,Protect|||F|||50|,,,,,Normal]Sneasler||FocusSash|PoisonTouch|CloseCombat,DireClaw,FakeOut,Coaching|||F|||50|,,,,,Stellar]Rillaboom||AssaultVest|GrassySurge|WoodHammer,GrassyGlide,HighHorsepower,FakeOut|||F|||50|,,,,,Fire]Electabuzz||Eviolite|VitalSpirit|Thunderbolt,Taunt,FollowMe,Protect|||F|||50|,,,,,Ghost
|l|☆Jun RH
|player|p1|
|j|☆Jun RH
|player|p1|Jun RH|burglar|
|
|t:|1757002437
|teamsize|p1|4
|teamsize|p2|4
|start
|switch|p1a: Amoonguss|Amoonguss, L50, M|100/100
|switch|p1b: Garchomp|Garchomp, L50, F|100/100
|switch|p2a: Volcarona|Volcarona, L50, M|100/100
|switch|p2b: Sneasler|Sneasler, L50, F|100/100
|turn|1
|
|t:|1757002496
|switch|p2a: Rillaboom|Rillaboom, L50, F|100/100
|-fieldstart|move: Grassy Terrain|[from] ability: Grassy Surge|[of] p2a: Rillaboom
|move|p2b: Sneasler|Fake Out|p1b: Garchomp
|-damage|p1b: Garchomp|85/100
|-damage|p2b: Sneasler|88/100|[from] ability: Rough Skin|[of] p1b: Garchomp
|cant|p1b: Garchomp|flinch
|move|p1a: Amoonguss|Spore|p2a: Rillaboom
|-immune|p2a: Rillaboom
|
|-heal|p2b: Sneasler|94/100|[from] Grassy Terrain
|-heal|p1b: Garchomp|91/100|[from] Grassy Terrain
|upkeep
|turn|2
|
|t:|1757002536
|move|p1b: Garchomp|Protect|p1b: Garchomp
|-singleturn|p1b: Garchomp|Protect
|move|p2a: Rillaboom|Fake Out|p1a: Amoonguss
|-damage|p1a: Amoonguss|89/100
|move|p2b: Sneasler|Close Combat|p1b: Garchomp
|-activate|p1b: Garchomp|move: Protect
|move|p1a: Amoonguss|Spore|p2b: Sneasler
|-status|p2b: Sneasler|slp|[from] move: Spore
|
|-heal|p2b: Sneasler|99/100 slp|[from] Grassy Terrain
|-heal|p1b: Garchomp|97/100|[from] Grassy Terrain
|-heal|p1a: Amoonguss|95/100|[from] Grassy Terrain
|upkeep
|turn|3
|c|☆PablixXHD|se me fue la cover xddd
|
|t:|1757002569
|move|p2a: Rillaboom|Grassy Glide|p1b: Garchomp
|-damage|p1b: Garchomp|57/100
|-damage|p2a: Rillaboom|88/100|[from] ability: Rough Skin|[of] p1b: Garchomp
|cant|p2b: Sneasler|slp
|move|p1b: Garchomp|Stomping Tantrum|p2b: Sneasler
|-supereffective|p2b: Sneasler
|-damage|p2b: Sneasler|0 fnt
|faint|p2b: Sneasler
|move|p1a: Amoonguss|Pollen Puff|p2a: Rillaboom
|-supereffective|p2a: Rillaboom
|-damage|p2a: Rillaboom|60/100
|
|-heal|p1b: Garchomp|63/100|[from] Grassy Terrain
|-heal|p2a: Rillaboom|66/100|[from] Grassy Terrain
|-heal|p1a: Amoonguss|100/100|[from] Grassy Terrain
|upkeep
|
|t:|1757002580
|switch|p2b: Volcarona|Volcarona, L50, M|100/100
|turn|4
|
|t:|1757002598
|switch|p1b: Dragonite|Dragonite, L50, F|100/100
|-terastallize|p2b: Volcarona|Fairy
|move|p2b: Volcarona|Heat Wave|p1a: Amoonguss|[spread] p1a,p1b
|-supereffective|p1a: Amoonguss
|-resisted|p1b: Dragonite
|-damage|p1a: Amoonguss|37/100
|-damage|p1b: Dragonite|92/100
|move|p2a: Rillaboom|Wood Hammer|p1a: Amoonguss
|-resisted|p1a: Amoonguss
|-damage|p1a: Amoonguss|21/100
|-damage|p2a: Rillaboom|60/100|[from] Recoil
|move|p1a: Amoonguss|Spore|p2b: Volcarona
|-status|p2b: Volcarona|slp|[from] move: Spore
|
|-heal|p2a: Rillaboom|66/100|[from] Grassy Terrain
|-heal|p1a: Amoonguss|27/100|[from] Grassy Terrain
|upkeep
|turn|5
|
|t:|1757002629
|cant|p2b: Volcarona|slp
|move|p1b: Dragonite|Scale Shot|p2a: Rillaboom
|-damage|p2a: Rillaboom|53/100
|-damage|p2a: Rillaboom|39/100
|-damage|p2a: Rillaboom|26/100
|-damage|p2a: Rillaboom|12/100
|-damage|p2a: Rillaboom|0 fnt
|faint|p2a: Rillaboom
|-hitcount|p2: Rillaboom|5
|-unboost|p1b: Dragonite|def|1
|-boost|p1b: Dragonite|spe|1
|move|p1a: Amoonguss|Pollen Puff|p1b: Dragonite
|-heal|p1b: Dragonite|100/100
|
|-heal|p1a: Amoonguss|33/100|[from] Grassy Terrain
|-fieldend|move: Grassy Terrain
|upkeep
|
|t:|1757002633
|switch|p2a: Dragonite|Dragonite, L50, F|100/100
|turn|6
|
|t:|1757002681
|move|p2a: Dragonite|Protect|p2a: Dragonite
|-singleturn|p2a: Dragonite|Protect
|move|p1a: Amoonguss|Rage Powder|p1a: Amoonguss
|-singleturn|p1a: Amoonguss|move: Rage Powder
|move|p1b: Dragonite|Scale Shot|p2a: Dragonite
|-activate|p2a: Dragonite|move: Protect
|cant|p2b: Volcarona|slp
|
|upkeep
|turn|7
|
|t:|1757002704
|-terastallize|p1b: Dragonite|Fairy
|move|p2a: Dragonite|Protect||[still]
|-fail|p2a: Dragonite
|move|p1a: Amoonguss|Rage Powder|p1a: Amoonguss
|-singleturn|p1a: Amoonguss|move: Rage Powder
|move|p1b: Dragonite|Scale Shot|p2a: Dragonite
|-supereffective|p2a: Dragonite
|-damage|p2a: Dragonite|84/100
|-supereffective|p2a: Dragonite
|-damage|p2a: Dragonite|56/100
|-supereffective|p2a: Dragonite
|-damage|p2a: Dragonite|23/100
|-supereffective|p2a: Dragonite
|-damage|p2a: Dragonite|0 fnt
|faint|p2a: Dragonite
|-hitcount|p2: Dragonite|4
|-unboost|p1b: Dragonite|def|1
|-boost|p1b: Dragonite|spe|1
|-curestatus|p2b: Volcarona|slp|[msg]
|move|p2b: Volcarona|Heat Wave|p1b: Dragonite|[spread] p1a,p1b
|-supereffective|p1a: Amoonguss
|-damage|p1a: Amoonguss|0 fnt
|-damage|p1b: Dragonite|84/100
|faint|p1a: Amoonguss
|
|upkeep
|l|☆Jun RH
|player|p1|
|j|☆Jun RH
|player|p1|Jun RH|burglar|
|
|t:|1757002723
|switch|p1a: Primarina|Primarina, L50, F|100/100
|turn|8
|-message|PablixXHD forfeited.
|
|win|Jun RH
||PablixXHD is ready for game 3.
||Jun RH is ready for game 3.
|uhtml|next|Next: Game 3 of 3
|l|☆Jun RH
|player|p1|
