|j|☆bphind722
|j|☆kolten
|html|bphind722kolten    
|uhtml|bestof|Game 2 of a best-of-3
|t:|1785712082
|gametype|doubles
|player|p1|bphind722|169|
|player|p2|kolten|170|
|gen|9
|tier|[Gen 9 Champions] VGC 2026 Reg M-B (Bo3)
|rule|Species Clause: Limit one of each Pokémon
|rule|Item Clause: Limit 1 of each item
|clearpoke
|poke|p1|Charizard, L50, M, shiny|
|poke|p1|Milotic, L50, F, shiny|
|poke|p1|Tinkaton, L50, F|
|poke|p1|Venusaur, L50, F|
|poke|p1|Talonflame, L50, M, shiny|
|poke|p1|Greninja, L50, F|
|poke|p2|Farigiraf, L50, F|
|poke|p2|Torkoal, L50, M|
|poke|p2|Scovillain, L50, M|
|poke|p2|Araquanid, L50, F|
|poke|p2|Dragonite, L50, F|
|poke|p2|Alakazam, L50, M|
|teampreview|4
|showteam|p1|Charizard||CharizarditeY|Blaze|HeatWave,SolarBeam,Protect,Overheat|Modest||M|||50|]Milotic||Leftovers|Competitive|Scald,Recover,Protect,IceBeam|Bold||F|||50|]Tinkaton||OccaBerry|MoldBreaker|FakeOut,KnockOff,GigatonHammer,Encore|Adamant||F|||50|]Venusaur||WideLens|Chlorophyll|SludgeBomb,EarthPower,SleepPowder,Protect|Modest||F|||50|]Talonflame||FocusSash|GaleWings|Tailwind,Taunt,BraveBird,FlareBlitz|Adamant||M|||50|]Greninja||LifeOrb|Torrent|GunkShot,DarkPulse,IceBeam,Taunt|Naughty||F|||50|
|showteam|p2|Farigiraf||SitrusBerry|ArmorTail|ExpandingForce,PsychicTerrain,AllySwitch,TrickRoom|Sassy||F|||50|]Torkoal||Charcoal|Drought|Eruption,AncientPower,HeatWave,SolarBeam|Quiet||M|||50|]Scovillain||Scovillainite|Moody|RagePowder,LeechSeed,Flamethrower,Protect|Calm||M|||50|]Araquanid||MysticWater|WaterBubble|Liquidation,WideGuard,LeechLife,Protect|Adamant||F|||50|]Dragonite||LifeOrb|InnerFocus|ExtremeSpeed,DragonClaw,Protect,AerialAce|Jolly||F|||50|]Alakazam||Alakazite|InnerFocus|ExpandingForce,Protect,DazzlingGleam,Psychic|Modest||M|||50|
|inactive|Battle timer is ON: inactive players will automatically lose when time's up. (requested by bphind722)
|j| NewTrainaOnDaBlock
|inactive|bphind722 has 60 seconds left.
|inactive|kolten has 60 seconds left.
|inactiveoff|Battle timer is now OFF.
|
|t:|1785712132
|teamsize|p1|4
|teamsize|p2|4
|start
|switch|p1a: Venusaur|Venusaur, L50, F|100/100
|switch|p1b: Charizard|Charizard, L50, M, shiny|100/100
|switch|p2a: Farigiraf|Farigiraf, L50, F|100/100
|switch|p2b: Scovillain|Scovillain, L50, M|100/100
|turn|1
|
|t:|1785712172
|detailschange|p1b: Charizard|Charizard-Mega-Y, L50, M, shiny
|-mega|p1b: Charizard|Charizard|Charizardite Y
|-weather|SunnyDay|[from] ability: Drought|[of] p1b: Charizard
|move|p2b: Scovillain|Protect|p2b: Scovillain
|-singleturn|p2b: Scovillain|Protect
|move|p1a: Venusaur|Sleep Powder|p2a: Farigiraf|[miss]
|-miss|p1a: Venusaur|p2a: Farigiraf
|move|p1b: Charizard|Heat Wave|p2b: Scovillain|[spread] p2a
|-activate|p2b: Scovillain|move: Protect
|-damage|p2a: Farigiraf|48/100
|-enditem|p2a: Farigiraf|Sitrus Berry|[eat]
|-heal|p2a: Farigiraf|72/100|[from] item: Sitrus Berry
|move|p2a: Farigiraf|Trick Room|p2a: Farigiraf
|-fieldstart|move: Trick Room|[of] p2a: Farigiraf
|
|-weather|SunnyDay|[upkeep]
|-ability|p2b: Scovillain|Moody|boost
|-boost|p2b: Scovillain|atk|2
|-unboost|p2b: Scovillain|spe|1
|upkeep
|turn|2
|
|t:|1785712222
|detailschange|p2b: Scovillain|Scovillain-Mega, L50, M
|-mega|p2b: Scovillain|Scovillain|Scovillainite
|move|p1a: Venusaur|Protect|p1a: Venusaur
|-singleturn|p1a: Venusaur|Protect
|move|p2b: Scovillain|Flamethrower|p1b: Charizard
|-resisted|p1b: Charizard|1
|-damage|p1b: Charizard|66/100
|move|p2a: Farigiraf|Expanding Force|p1a: Venusaur
|-activate|p1a: Venusaur|move: Protect
|move|p1b: Charizard|Overheat|p2a: Farigiraf
|-damage|p2a: Farigiraf|0 fnt
|-unboost|p1b: Charizard|spa|2
|faint|p2a: Farigiraf
|
|-weather|SunnyDay|[upkeep]
|upkeep
|
|t:|1785712237
|switch|p2a: Araquanid|Araquanid, L50, F|100/100
|turn|3
|
|t:|1785712247
|move|p1b: Charizard|Protect|p1b: Charizard
|-singleturn|p1b: Charizard|Protect
|move|p2a: Araquanid|Liquidation|p1b: Charizard
|-activate|p1b: Charizard|move: Protect
|move|p2b: Scovillain|Leech Seed|p1a: Venusaur
|-immune|p1a: Venusaur
|move|p1a: Venusaur|Sludge Bomb|p2b: Scovillain
|-supereffective|p2b: Scovillain|1
|-damage|p2b: Scovillain|25/100
|-status|p1a: Venusaur|brn|[from] ability: Spicy Spray|[of] p2b: Scovillain
|
|-weather|SunnyDay|[upkeep]
|-damage|p1a: Venusaur|93/100 brn|[from] brn
|upkeep
|turn|4
|
|t:|1785712271
|switch|p1b: Greninja|Greninja, L50, F|100/100
|move|p2a: Araquanid|Liquidation|p1b: Greninja
|-resisted|p1b: Greninja|1
|-damage|p1b: Greninja|68/100
|move|p2b: Scovillain|Leech Seed|p1b: Greninja
|-start|p1b: Greninja|move: Leech Seed
|move|p1a: Venusaur|Sludge Bomb|p2b: Scovillain
|-supereffective|p2b: Scovillain|1
|-damage|p2b: Scovillain|0 fnt
|faint|p2b: Scovillain
|
|-weather|SunnyDay|[upkeep]
|-damage|p1a: Venusaur|87/100 brn|[from] brn
|upkeep
|
|t:|1785712283
|switch|p2b: Torkoal|Torkoal, L50, M|100/100
|turn|5
|
|t:|1785712306
|move|p2b: Torkoal|Eruption|p1a: Venusaur|[spread] p1a,p1b
|-supereffective|p1a: Venusaur|1
|-resisted|p1b: Greninja|1
|-damage|p1a: Venusaur|0 fnt
|-damage|p1b: Greninja|0 fnt
|faint|p1a: Venusaur
|faint|p1b: Greninja
|move|p2a: Araquanid|Leech Life|p1: Venusaur|[notarget]
|-fail|p2a: Araquanid
|
|-weather|none
|-fieldend|move: Trick Room
|upkeep
|
|t:|1785712315
|switch|p1b: Charizard|Charizard-Mega-Y, L50, M, shiny|66/100
|switch|p1a: Tinkaton|Tinkaton, L50, F|100/100
|-weather|SunnyDay|[from] ability: Drought|[of] p1b: Charizard
|-ability|p1a: Tinkaton|Mold Breaker
|turn|6
|
|t:|1785712361
|move|p1a: Tinkaton|Fake Out|p2b: Torkoal
|-damage|p2b: Torkoal|90/100
|move|p2a: Araquanid|Wide Guard|p2a: Araquanid
|-singleturn|p2a: Araquanid|Wide Guard
|move|p1b: Charizard|Solar Beam||[still]
|-prepare|p1b: Charizard|Solar Beam
|-anim|p1b: Charizard|Solar Beam|p2a: Araquanid
|-damage|p2a: Araquanid|57/100
|cant|p2b: Torkoal|flinch
|
|-weather|SunnyDay|[upkeep]
|upkeep
|turn|7
|
|t:|1785712398
|move|p2a: Araquanid|Wide Guard|p2a: Araquanid
|-singleturn|p2a: Araquanid|Wide Guard
|move|p1b: Charizard|Solar Beam||[still]
|-prepare|p1b: Charizard|Solar Beam
|-anim|p1b: Charizard|Solar Beam|p2a: Araquanid
|-damage|p2a: Araquanid|14/100
|move|p1a: Tinkaton|Knock Off|p2b: Torkoal
|-damage|p2b: Torkoal|71/100
|-enditem|p2b: Torkoal|Charcoal|[from] move: Knock Off|[of] p1a: Tinkaton
|move|p2b: Torkoal|Ancient Power|p1b: Charizard
|-supereffective|p1b: Charizard|2
|-damage|p1b: Charizard|0 fnt
|faint|p1b: Charizard
|
|-weather|SunnyDay|[upkeep]
|upkeep
|turn|8
|
|t:|1785712431
|move|p1a: Tinkaton|Knock Off|p2a: Araquanid
|-damage|p2a: Araquanid|0 fnt
|-enditem|p2a: Araquanid|Mystic Water|[from] move: Knock Off|[of] p1a: Tinkaton
|faint|p2a: Araquanid
|move|p2b: Torkoal|Heat Wave|p1a: Tinkaton
|-supereffective|p1a: Tinkaton|1
|-crit|p1a: Tinkaton
|-enditem|p1a: Tinkaton|Occa Berry|[eat]
|-enditem|p1a: Tinkaton|Occa Berry|[weaken]
|-damage|p1a: Tinkaton|23/100
|
|-weather|SunnyDay|[upkeep]
|upkeep
|turn|9
|
|t:|1785712443
|move|p1a: Tinkaton|Gigaton Hammer|p2b: Torkoal
|-resisted|p2b: Torkoal|1
|-damage|p2b: Torkoal|48/100
|move|p2b: Torkoal|Heat Wave|p1a: Tinkaton
|-supereffective|p1a: Tinkaton|1
|-damage|p1a: Tinkaton|0 fnt
|faint|p1a: Tinkaton
|
|win|kolten
|inactive|bphind722 has 30 seconds to confirm battle start!
|inactive|kolten has 30 seconds to confirm battle start!
||bphind722 is ready for game 3.
|inactive|kolten has 20 seconds to confirm battle start!
|inactive|kolten has 10 seconds to confirm battle start!
||kolten is ready for game 3.
|uhtml|next|Next: Game 3 of 3
|l|☆kolten
|player|p2|
|l| NewTrainaOnDaBlock
|l|☆bphind722
|player|p1|
|j|☆bphind722
|player|p1|bphind722|169|
|l|☆bphind722
|player|p1|
|j|☆bphind722
|player|p1|bphind722|169|
