|j|☆snodlop
|j|☆1TarsierFan
|html|snodlop1TarsierFan    
|uhtml|bestof|Game 2 of a best-of-3
|t:|1782406636
|gametype|doubles
|player|p1|snodlop|lebanne|1231
|player|p2|1TarsierFan|pokemaniac|1231
|gen|9
|tier|[Gen 9 Champions] VGC 2026 Reg M-B (Bo3)
|rated|
|rule|Species Clause: Limit one of each Pokémon
|rule|Item Clause: Limit 1 of each item
|clearpoke
|poke|p1|Pelipper, L50, M|
|poke|p1|Archaludon, L50, M|
|poke|p1|Meganium, L50, M|
|poke|p1|Incineroar, L50, M|
|poke|p1|Dragonite, L50, M|
|poke|p1|Basculegion, L50, M|
|poke|p2|Blaziken, L50, M|
|poke|p2|Aerodactyl, L50, M|
|poke|p2|Basculegion, L50, M|
|poke|p2|Kingambit, L50, M|
|poke|p2|Sylveon, L50, M|
|poke|p2|Sinistcha, L50|
|teampreview|4
|showteam|p1|Pelipper||FocusSash|Drizzle|Tailwind,WideGuard,Hurricane,WeatherBall|Modest||M|||50|]Archaludon||Leftovers|Stamina|ElectroShot,DracoMeteor,Snarl,Protect|Bold||M|||50|]Meganium||Meganiumite|Overgrow|SolarBeam,WeatherBall,Synthesis,DazzlingGleam|Modest||M|||50|]Incineroar||SitrusBerry|Intimidate|FakeOut,PartingShot,FlareBlitz,DarkestLariat|Careful||M|||50|]Dragonite||Dragoninite|Multiscale|Hurricane,DracoMeteor,WeatherBall,Protect|Modest||M|||50|]Basculegion||ChoiceScarf|SwiftSwim|LastRespects,Liquidation,FlipTurn,PsychicFangs|Jolly||M|||50|
|showteam|p2|Blaziken||Blazikenite|SpeedBoost|FlareBlitz,RockSlide,CloseCombat,Detect|Adamant||M|||50|]Aerodactyl||Aerodactylite|Unnerve|RockSlide,IceFang,DualWingbeat,Tailwind|Jolly||M|||50|]Basculegion||LifeOrb|Adaptability|WaveCrash,AquaJet,LastRespects,Protect|Adamant||M|||50|]Kingambit||FocusSash|Defiant|KowtowCleave,SuckerPunch,IronHead,LowKick|Adamant||M|||50|]Sylveon||FairyFeather|Pixilate|HyperBeam,HyperVoice,Detect,QuickAttack|Modest||M|||50|]Sinistcha||KasibBerry|Hospitality|MatchaGotcha,RagePowder,TrickRoom,Protect|Bold|||||50|
|
|t:|1782406686
|teamsize|p1|4
|teamsize|p2|4
|start
|switch|p1a: Meganium|Meganium, L50, M|100/100
|switch|p1b: Basculegion|Basculegion, L50, M|100/100
|switch|p2a: Aerodactyl|Aerodactyl, L50, M|100/100
|switch|p2b: Sinistcha|Sinistcha, L50|100/100
|-ability|p2a: Aerodactyl|Unnerve
|turn|1
|
|t:|1782406726
|detailschange|p2a: Aerodactyl|Aerodactyl-Mega, L50, M
|-mega|p2a: Aerodactyl|Aerodactyl|Aerodactylite
|detailschange|p1a: Meganium|Meganium-Mega, L50, M
|-mega|p1a: Meganium|Meganium|Meganiumite
|move|p2b: Sinistcha|Rage Powder|p2b: Sinistcha
|-singleturn|p2b: Sinistcha|move: Rage Powder
|move|p2a: Aerodactyl|Dual Wingbeat|p1a: Meganium|[miss]
|-miss|p2a: Aerodactyl|p1a: Meganium
|move|p1b: Basculegion|Flip Turn|p2b: Sinistcha
|-resisted|p2b: Sinistcha|1
|-damage|p2b: Sinistcha|88/100
|
|t:|1782406735
|switch|p1b: Incineroar|Incineroar, L50, M|100/100|[from] Flip Turn
|-ability|p1b: Incineroar|Intimidate|boost
|-unboost|p2a: Aerodactyl|atk|1
|-unboost|p2b: Sinistcha|atk|1
|move|p1a: Meganium|Weather Ball|p2b: Sinistcha
|-supereffective|p2b: Sinistcha|1
|-damage|p2b: Sinistcha|0 fnt
|faint|p2b: Sinistcha
|
|upkeep
|
|t:|1782406746
|switch|p2b: Kingambit|Kingambit, L50, M|100/100
|turn|2
|
|t:|1782406764
|switch|p2b: Sylveon|Sylveon, L50, M|100/100
|move|p1b: Incineroar|Fake Out|p2b: Sylveon
|-damage|p2b: Sylveon|87/100
|move|p2a: Aerodactyl|Tailwind|p2a: Aerodactyl
|-sidestart|p2: 1TarsierFan|move: Tailwind
|move|p1a: Meganium|Weather Ball|p2b: Sylveon
|-damage|p2b: Sylveon|35/100
|
|upkeep
|turn|3
|
|t:|1782406777
|move|p2a: Aerodactyl|Dual Wingbeat|p1a: Meganium
|-supereffective|p1a: Meganium|1
|-damage|p1a: Meganium|64/100
|-supereffective|p1a: Meganium|1
|-damage|p1a: Meganium|28/100
|-hitcount|p1a: Meganium|2
|move|p2b: Sylveon|Hyper Voice|p1a: Meganium|[spread] p1a,p1b
|-damage|p1a: Meganium|0 fnt
|-damage|p1b: Incineroar|64/100
|faint|p1a: Meganium
|move|p1b: Incineroar|Flare Blitz|p2b: Sylveon
|-damage|p2b: Sylveon|0 fnt
|faint|p2b: Sylveon
|-damage|p1b: Incineroar|53/100|[from] Recoil
|
|upkeep
|
|t:|1782406792
|switch|p1a: Basculegion|Basculegion, L50, M|100/100
|switch|p2b: Kingambit|Kingambit, L50, M|100/100
|turn|4
|
|t:|1782406805
|switch|p1a: Pelipper|Pelipper, L50, M|100/100
|-weather|RainDance|[from] ability: Drizzle|[of] p1a: Pelipper
|move|p2b: Kingambit|Sucker Punch||[still]
|-fail|p2b: Kingambit
|move|p2a: Aerodactyl|Rock Slide|p1b: Incineroar|[spread] p1a,p1b
|-supereffective|p1a: Pelipper|1
|-supereffective|p1b: Incineroar|1
|-damage|p1a: Pelipper|54/100
|-damage|p1b: Incineroar|23/100
|-enditem|p1b: Incineroar|Sitrus Berry|[eat]
|-heal|p1b: Incineroar|48/100|[from] item: Sitrus Berry
|move|p1b: Incineroar|Parting Shot|p2a: Aerodactyl
|-unboost|p2a: Aerodactyl|atk|1
|-unboost|p2a: Aerodactyl|spa|1
|
|t:|1782406818
|switch|p1b: Basculegion|Basculegion, L50, M|100/100|[from] Parting Shot
|
|-weather|RainDance|[upkeep]
|upkeep
|turn|5
|
|t:|1782406834
|switch|p1b: Incineroar|Incineroar, L50, M|48/100
|-ability|p1b: Incineroar|Intimidate|boost
|-unboost|p2a: Aerodactyl|atk|1
|-unboost|p2b: Kingambit|atk|1
|-ability|p2b: Kingambit|Defiant|boost
|-boost|p2b: Kingambit|atk|2
|move|p2b: Kingambit|Sucker Punch||[still]
|-fail|p2b: Kingambit
|move|p2a: Aerodactyl|Ice Fang|p1a: Pelipper
|-damage|p1a: Pelipper|41/100
|move|p1a: Pelipper|Weather Ball|p2a: Aerodactyl
|-supereffective|p2a: Aerodactyl|1
|-damage|p2a: Aerodactyl|0 fnt
|faint|p2a: Aerodactyl
|
|-weather|RainDance|[upkeep]
|-sideend|p2: 1TarsierFan|move: Tailwind
|upkeep
|turn|6
|
|t:|1782406852
|move|p1b: Incineroar|Fake Out|p2b: Kingambit
|-resisted|p2b: Kingambit|1
|-damage|p2b: Kingambit|95/100
|move|p1a: Pelipper|Weather Ball|p2b: Kingambit
|-damage|p2b: Kingambit|13/100
|cant|p2b: Kingambit|flinch
|
|-weather|RainDance|[upkeep]
|upkeep
|turn|7
|-message|1TarsierFan forfeited.
|
|win|snodlop
|raw|snodlop's rating: 1231 → 1256(+25 for winning)
|raw|1TarsierFan's rating: 1231 → 1206(-25 for losing)
