|j|☆Northgdh
|j|☆Matiublanco
|html|NorthgdhMatiublanco    
|uhtml|bestof|Game 2 of a best-of-3
|t:|1783869092
|gametype|doubles
|player|p1|Northgdh|102|1180
|player|p2|Matiublanco|170|1116
|gen|9
|tier|[Gen 9 Champions] VGC 2026 Reg M-B (Bo3)
|rated|
|rule|Species Clause: Limit one of each Pokémon
|rule|Item Clause: Limit 1 of each item
|clearpoke
|poke|p1|Sneasler, L50, F|
|poke|p1|Incineroar, L50, F, shiny|
|poke|p1|Kingambit, L50, M, shiny|
|poke|p1|Blastoise, L50, F, shiny|
|poke|p1|Delphox, L50, M, shiny|
|poke|p1|Sinistcha, L50|
|poke|p2|Tyranitar, L50, M|
|poke|p2|Excadrill, L50, F|
|poke|p2|Sinistcha, L50|
|poke|p2|Gholdengo, L50|
|poke|p2|Milotic, L50, F|
|poke|p2|Staraptor, L50, M|
|teampreview|4
|showteam|p1|Sneasler||FocusSash|PoisonTouch|CloseCombat,PoisonJab,FakeOut,QuickGuard|Jolly||F|||50|]Incineroar||SitrusBerry|Intimidate|FlareBlitz,FakeOut,HelpingHand,PartingShot|Impish||F|||50|]Kingambit||BlackGlasses|Defiant|KowtowCleave,SuckerPunch,SwordsDance,Protect|Adamant||M|||50|]Blastoise||Blastoisinite|RainDish|WaterSpout,DarkPulse,ShellSmash,Protect|Modest||F|||50|]Delphox||Delphoxite|Blaze|HeatWave,Psychic,NastyPlot,Protect|Timid||M|||50|]Sinistcha||KasibBerry|Hospitality|MatchaGotcha,RagePowder,LifeDew,Protect|Bold|||||50|
|showteam|p2|Tyranitar||Tyranitarite|SandStream|Protect,RockSlide,KnockOff,LowKick|Adamant||M|||50|]Excadrill||FocusSash|SandRush|Protect,HighHorsepower,RockSlide,IronHead|Adamant||F|||50|]Sinistcha||SitrusBerry|Hospitality|Protect,RagePowder,MatchaGotcha,TrickRoom|Bold|||||50|]Gholdengo||LifeOrb|GoodasGold|Protect,MakeItRain,ShadowBall,NastyPlot|Modest|||||50|]Milotic||Leftovers|Competitive|Protect,Scald,IceBeam,IcyWind|Modest||F|||50|]Staraptor||Staraptite|Intimidate|Protect,CloseCombat,BraveBird,Tailwind|Jolly||M|||50|
|inactive|Battle timer is ON: inactive players will automatically lose when time's up. (requested by Northgdh)
|
|t:|1783869117
|teamsize|p1|4
|teamsize|p2|4
|start
|switch|p1a: purple|Delphox, L50, M, shiny|100/100
|switch|p1b: honeybee|Sneasler, L50, F|100/100
|switch|p2a: Sinistcha|Sinistcha, L50|100/100
|switch|p2b: Staraptor|Staraptor, L50, M|100/100
|-ability|p2b: Staraptor|Intimidate|boost
|-unboost|p1a: purple|atk|1
|-unboost|p1b: honeybee|atk|1
|turn|1
|inactive|Matiublanco has 30 seconds left.
|inactive|Matiublanco has 20 seconds left.
|inactive|Matiublanco has 15 seconds left.
|
|t:|1783869160
|switch|p2a: Milotic|Milotic, L50, F|100/100
|detailschange|p1a: purple|Delphox-Mega, L50, M, shiny
|-mega|p1a: purple|Delphox|Delphoxite
|detailschange|p2b: Staraptor|Staraptor-Mega, L50, M
|-mega|p2b: Staraptor|Staraptor|Staraptite
|move|p1b: honeybee|Fake Out|p2b: Staraptor
|-damage|p2b: Staraptor|88/100
|move|p1a: purple|Nasty Plot|p1a: purple
|-boost|p1a: purple|spa|2
|cant|p2b: Staraptor|flinch
|
|upkeep
|turn|2
|inactive|Matiublanco has 30 seconds left.
|
|t:|1783869189
|move|p2b: Staraptor|Protect|p2b: Staraptor
|-singleturn|p2b: Staraptor|Protect
|move|p1a: purple|Psychic|p2b: Staraptor
|-activate|p2b: Staraptor|move: Protect
|move|p1b: honeybee|Poison Jab|p2a: Milotic
|-damage|p2a: Milotic|77/100
|-status|p2a: Milotic|psn
|move|p2a: Milotic|Scald|p1a: purple
|-supereffective|p1a: purple|1
|-damage|p1a: purple|47/100
|
|-heal|p2a: Milotic|83/100 psn|[from] item: Leftovers
|-damage|p2a: Milotic|71/100 psn|[from] psn
|upkeep
|turn|3
|inactive|Matiublanco has 30 seconds left.
|inactive|Matiublanco has 20 seconds left.
|
|t:|1783869226
|switch|p1b: the cure|Sinistcha, L50|100/100
|-heal|p1a: purple|71/100|[from] ability: Hospitality|[of] p1b: the cure
|switch|p2b: Tyranitar|Tyranitar, L50, M|100/100
|-weather|Sandstorm|[from] ability: Sand Stream|[of] p2b: Tyranitar
|move|p1a: purple|Psychic|p2b: Tyranitar
|-immune|p2b: Tyranitar
|move|p2a: Milotic|Scald|p1a: purple
|-supereffective|p1a: purple|1
|-damage|p1a: purple|21/100
|
|-weather|Sandstorm|[upkeep]
|-damage|p1a: purple|15/100|[from] Sandstorm
|-damage|p2a: Milotic|65/100 psn|[from] Sandstorm
|-damage|p1b: the cure|94/100|[from] Sandstorm
|-heal|p2a: Milotic|71/100 psn|[from] item: Leftovers
|-damage|p2a: Milotic|58/100 psn|[from] psn
|upkeep
|turn|4
|inactive|Matiublanco has 30 seconds left.
|c|☆Northgdh|Omg it was Ttar in the back again
|
|t:|1783869254
|switch|p1a: stupid song|Incineroar, L50, F, shiny|100/100
|-ability|p1a: stupid song|Intimidate|boost
|-unboost|p2a: Milotic|atk|1
|-ability|p2a: Milotic|Competitive|boost
|-boost|p2a: Milotic|spa|2
|-unboost|p2b: Tyranitar|atk|1
|move|p2a: Milotic|Scald|p1a: stupid song
|-supereffective|p1a: stupid song|1
|-damage|p1a: stupid song|0 fnt
|faint|p1a: stupid song
|move|p1b: the cure|Matcha Gotcha|p2a: Milotic|[spread] p2a,p2b
|-supereffective|p2a: Milotic|1
|-supereffective|p2b: Tyranitar|1
|-damage|p2a: Milotic|20/100y psn
|-heal|p1b: the cure|100/100|[from] drain|[of] p2a: Milotic
|-damage|p2b: Tyranitar|72/100
|move|p2b: Tyranitar|Knock Off|p1b: the cure
|-supereffective|p1b: the cure|1
|-damage|p1b: the cure|46/100
|-enditem|p1b: the cure|Kasib Berry|[from] move: Knock Off|[of] p2b: Tyranitar
|
|-weather|Sandstorm|[upkeep]
|-damage|p2a: Milotic|14/100 psn|[from] Sandstorm
|-damage|p1b: the cure|40/100|[from] Sandstorm
|-heal|p2a: Milotic|20/100y psn|[from] item: Leftovers
|-damage|p2a: Milotic|7/100 psn|[from] psn
|upkeep
|c|☆Northgdh|you maniac
|
|t:|1783869262
|switch|p1a: honeybee|Sneasler, L50, F|100/100
|turn|5
|
|t:|1783869288
|move|p2b: Tyranitar|Protect|p2b: Tyranitar
|-singleturn|p2b: Tyranitar|Protect
|move|p1a: honeybee|Poison Jab|p2a: Milotic
|-damage|p2a: Milotic|0 fnt
|faint|p2a: Milotic
|move|p1b: the cure|Matcha Gotcha|p2b: Tyranitar
|-activate|p2b: Tyranitar|move: Protect
|
|-weather|Sandstorm|[upkeep]
|-damage|p1a: honeybee|94/100|[from] Sandstorm
|-damage|p1b: the cure|34/100|[from] Sandstorm
|upkeep
|inactive|Matiublanco has 30 seconds left.
|
|t:|1783869316
|switch|p2a: Staraptor|Staraptor-Mega, L50, M|88/100
|turn|6
|
|t:|1783869332
|switch|p2b: Sinistcha|Sinistcha, L50|100/100
|-heal|p2a: Staraptor|100/100|[from] ability: Hospitality|[of] p2b: Sinistcha
|move|p1b: the cure|Rage Powder|p1b: the cure
|-singleturn|p1b: the cure|move: Rage Powder
|move|p1a: honeybee|Poison Jab|p2a: Staraptor
|-damage|p2a: Staraptor|51/100
|-status|p2a: Staraptor|psn
|move|p2a: Staraptor|Brave Bird|p1b: the cure
|-supereffective|p1b: the cure|1
|-damage|p1b: the cure|0 fnt
|faint|p1b: the cure
|-damage|p2a: Staraptor|38/100 psn|[from] Recoil
|
|-weather|Sandstorm|[upkeep]
|-damage|p1a: honeybee|88/100|[from] Sandstorm
|-damage|p2a: Staraptor|32/100 psn|[from] Sandstorm
|-damage|p2b: Sinistcha|93/100|[from] Sandstorm
|-damage|p2a: Staraptor|20/100y psn|[from] psn
|upkeep
|
|t:|1783869335
|switch|p1b: purple|Delphox-Mega, L50, M, shiny|15/100
|turn|7
|inactive|Matiublanco has 30 seconds left.
|
|t:|1783869362
|move|p2b: Sinistcha|Rage Powder|p2b: Sinistcha
|-singleturn|p2b: Sinistcha|move: Rage Powder
|move|p1b: purple|Heat Wave|p2a: Staraptor|[spread] p2a,p2b
|-supereffective|p2b: Sinistcha|1
|-damage|p2a: Staraptor|0 fnt
|-damage|p2b: Sinistcha|26/100
|-enditem|p2b: Sinistcha|Sitrus Berry|[eat]
|-heal|p2b: Sinistcha|51/100|[from] item: Sitrus Berry
|faint|p2a: Staraptor
|move|p1a: honeybee|Poison Jab|p2b: Sinistcha
|-damage|p2b: Sinistcha|12/100
|-status|p2b: Sinistcha|psn
|
|-weather|none
|-damage|p2b: Sinistcha|0 fnt|[from] psn
|faint|p2b: Sinistcha
|upkeep
|c|☆Northgdh|Idk
|c|☆Northgdh|i feel like double protect is the play there
|-message|Matiublanco forfeited.
|
|win|Northgdh
|raw|Northgdh's rating: 1180 → 1200(+20 for winning)
|raw|Matiublanco's rating: 1116 → 1096(-20 for losing)
|l|☆Matiublanco
|player|p2|
