|j|☆TeyVgc
|j|☆chaoskiwi
|html|TeyVgcchaoskiwi    
|uhtml|bestof|Game 2 of a best-of-3
|t:|1784091463
|gametype|doubles
|player|p1|TeyVgc|rood|1228
|player|p2|chaoskiwi|volkner|1235
|gen|9
|tier|[Gen 9 Champions] VGC 2026 Reg M-B (Bo3)
|rated|
|rule|Species Clause: Limit one of each Pokémon
|rule|Item Clause: Limit 1 of each item
|clearpoke
|poke|p1|Raichu, L50, F|
|poke|p1|Sinistcha, L50|
|poke|p1|Ceruledge, L50, F|
|poke|p1|Milotic, L50, M|
|poke|p1|Incineroar, L50, M|
|poke|p1|Floette-Eternal, L50, F|
|poke|p2|Swampert, L50, M|
|poke|p2|Pelipper, L50, F|
|poke|p2|Sinistcha, L50|
|poke|p2|Milotic, L50, F|
|poke|p2|Kingambit, L50, F|
|poke|p2|Garchomp, L50, M|
|teampreview|4
|showteam|p1|Raichu||RaichuniteY|LightningRod|ZapCannon,FocusBlast,FakeOut,Protect|Timid||F|||50|]Sinistcha||KasibBerry|Hospitality|MatchaGotcha,Protect,RagePowder,TrickRoom|Relaxed|||||50|]Ceruledge||ColburBerry|FlashFire|BitterBlade,ShadowSneak,BulkUp,Protect|Adamant||F|||50|]Milotic||Leftovers|Competitive|MuddyWater,Coil,Hypnosis,Recover|Calm||M|||50|]Incineroar||SitrusBerry|Intimidate|FlareBlitz,ThroatChop,FakeOut,PartingShot|Impish||M|||50|]Floette-Eternal||Floettite|FlowerVeil|CalmMind,Protect,Moonblast,DazzlingGleam|Modest||F|||50|
|showteam|p2|Swampert||Swampertite|Torrent|WaveCrash,HighHorsepower,IcePunch,Protect|Adamant||M|||50|]Pelipper||FocusSash|Drizzle|WeatherBall,Hurricane,WideGuard,Protect|Modest||F|||50|]Sinistcha||SitrusBerry|Hospitality|MatchaGotcha,LifeDew,RagePowder,Imprison|Bold|||||50|]Milotic||Leftovers|Competitive|MuddyWater,Hypnosis,Coil,Protect|Calm||F|||50|]Kingambit||ChopleBerry|Defiant|KowtowCleave,SuckerPunch,IronHead,Protect|Brave||F|||50|]Garchomp||LifeOrb|RoughSkin|RockSlide,Earthquake,DragonClaw,Protect|Jolly||M|||50|
|inactive|Battle timer is ON: inactive players will automatically lose when time's up. (requested by chaoskiwi)
|inactive|TeyVgc has 60 seconds left.
|inactive|TeyVgc has 30 seconds left.
|
|t:|1784091528
|teamsize|p1|4
|teamsize|p2|4
|start
|switch|p1a: Ceruledge|Ceruledge, L50, F|100/100
|switch|p1b: Raichu|Raichu, L50, F|100/100
|switch|p2a: Milotic|Milotic, L50, F|100/100
|switch|p2b: Sinistcha|Sinistcha, L50|100/100
|turn|1
|inactive|TeyVgc has 30 seconds left.
|inactive|chaoskiwi has 30 seconds left.
|inactive|chaoskiwi has 20 seconds left.
|inactive|chaoskiwi has 15 seconds left.
|inactive|chaoskiwi has 10 seconds left.
|
|t:|1784091574
|detailschange|p1b: Raichu|Raichu-Mega-Y, L50, F
|-mega|p1b: Raichu|Raichu|Raichunite Y
|move|p1b: Raichu|Fake Out|p2a: Milotic
|-damage|p2a: Milotic|91/100
|move|p2b: Sinistcha|Rage Powder|p2b: Sinistcha
|-singleturn|p2b: Sinistcha|move: Rage Powder
|move|p1a: Ceruledge|Bulk Up|p1a: Ceruledge
|-boost|p1a: Ceruledge|atk|1
|-boost|p1a: Ceruledge|def|1
|cant|p2a: Milotic|flinch
|
|-heal|p2a: Milotic|97/100|[from] item: Leftovers
|upkeep
|turn|2
|inactive|TeyVgc has 30 seconds left.
|inactive|chaoskiwi has 30 seconds left.
|inactive|TeyVgc has 20 seconds left.
|
|t:|1784091612
|move|p2b: Sinistcha|Rage Powder|p2b: Sinistcha
|-singleturn|p2b: Sinistcha|move: Rage Powder
|move|p1b: Raichu|Zap Cannon|p2b: Sinistcha
|-resisted|p2b: Sinistcha|1
|-damage|p2b: Sinistcha|69/100
|-status|p2b: Sinistcha|par
|move|p1a: Ceruledge|Bitter Blade|p2b: Sinistcha
|-supereffective|p2b: Sinistcha|1
|-damage|p2b: Sinistcha|0 fnt
|faint|p2b: Sinistcha
|move|p2a: Milotic|Muddy Water|p1b: Raichu|[spread] p1a,p1b
|-supereffective|p1a: Ceruledge|1
|-damage|p1a: Ceruledge|53/100
|-damage|p1b: Raichu|70/100
|-unboost|p1b: Raichu|accuracy|1
|
|-heal|p2a: Milotic|100/100|[from] item: Leftovers
|upkeep
|
|t:|1784091627
|switch|p2b: Swampert|Swampert, L50, M|100/100
|turn|3
|
|t:|1784091644
|switch|p1b: Sinistcha|Sinistcha, L50|100/100
|-heal|p1a: Ceruledge|78/100|[from] ability: Hospitality|[of] p1b: Sinistcha
|detailschange|p2b: Swampert|Swampert-Mega, L50, M
|-mega|p2b: Swampert|Swampert|Swampertite
|move|p1a: Ceruledge|Bitter Blade|p2b: Swampert
|-resisted|p2b: Swampert|1
|-damage|p2b: Swampert|66/100
|-heal|p1a: Ceruledge|95/100|[from] drain|[of] p2b: Swampert
|move|p2a: Milotic|Coil|p2a: Milotic
|-boost|p2a: Milotic|atk|1
|-boost|p2a: Milotic|def|1
|-boost|p2a: Milotic|accuracy|1
|move|p2b: Swampert|Wave Crash|p1a: Ceruledge
|-supereffective|p1a: Ceruledge|1
|-damage|p1a: Ceruledge|0 fnt
|faint|p1a: Ceruledge
|-damage|p2b: Swampert|33/100|[from] Recoil
|
|upkeep
|
|t:|1784091659
|switch|p1a: Raichu|Raichu-Mega-Y, L50, F|70/100
|turn|4
|inactive|chaoskiwi has 30 seconds left.
|
|t:|1784091691
|move|p1a: Raichu|Protect|p1a: Raichu
|-singleturn|p1a: Raichu|Protect
|move|p2a: Milotic|Hypnosis|p1b: Sinistcha
|-status|p1b: Sinistcha|slp|[from] move: Hypnosis
|move|p2b: Swampert|High Horsepower|p1a: Raichu
|-activate|p1a: Raichu|move: Protect
|cant|p1b: Sinistcha|slp
|
|upkeep
|turn|5
|
|t:|1784091704
|switch|p1a: Milotic|Milotic, L50, M|100/100
|move|p2a: Milotic|Muddy Water|p1a: Milotic|[spread] p1a,p1b
|-resisted|p1a: Milotic|1
|-resisted|p1b: Sinistcha|1
|-damage|p1a: Milotic|92/100
|-damage|p1b: Sinistcha|89/100 slp
|move|p2b: Swampert|Ice Punch|p1b: Sinistcha
|-supereffective|p1b: Sinistcha|1
|-damage|p1b: Sinistcha|37/100 slp
|cant|p1b: Sinistcha|slp
|
|-heal|p1a: Milotic|98/100|[from] item: Leftovers
|upkeep
|turn|6
|
|t:|1784091719
|-curestatus|p1b: Sinistcha|slp|[msg]
|move|p1b: Sinistcha|Protect|p1b: Sinistcha
|-singleturn|p1b: Sinistcha|Protect
|move|p1a: Milotic|Coil|p1a: Milotic
|-boost|p1a: Milotic|atk|1
|-boost|p1a: Milotic|def|1
|-boost|p1a: Milotic|accuracy|1
|move|p2a: Milotic|Hypnosis|p1a: Milotic
|-status|p1a: Milotic|slp|[from] move: Hypnosis
|move|p2b: Swampert|Ice Punch|p1b: Sinistcha
|-activate|p1b: Sinistcha|move: Protect
|
|-heal|p1a: Milotic|100/100 slp|[from] item: Leftovers
|upkeep
|turn|7
|
|t:|1784091739
|cant|p1a: Milotic|slp
|move|p2a: Milotic|Coil|p2a: Milotic
|-boost|p2a: Milotic|atk|1
|-boost|p2a: Milotic|def|1
|-boost|p2a: Milotic|accuracy|1
|move|p2b: Swampert|Ice Punch|p1b: Sinistcha
|-supereffective|p1b: Sinistcha|1
|-damage|p1b: Sinistcha|0 fnt
|faint|p1b: Sinistcha
|
|upkeep
|
|t:|1784091745
|switch|p1b: Raichu|Raichu-Mega-Y, L50, F|70/100
|turn|8
|
|t:|1784091763
|move|p1b: Raichu|Protect|p1b: Raichu
|-singleturn|p1b: Raichu|Protect
|cant|p1a: Milotic|slp
|move|p2a: Milotic|Muddy Water|p1a: Milotic|[spread] p1a
|-activate|p1b: Raichu|move: Protect
|-resisted|p1a: Milotic|1
|-damage|p1a: Milotic|93/100 slp
|move|p2b: Swampert|High Horsepower|p1b: Raichu
|-activate|p1b: Raichu|move: Protect
|
|-heal|p1a: Milotic|99/100 slp|[from] item: Leftovers
|upkeep
|turn|9
|
|t:|1784091786
|move|p1b: Raichu|Zap Cannon|p2a: Milotic
|-supereffective|p2a: Milotic|1
|-damage|p2a: Milotic|18/100
|-status|p2a: Milotic|par
|-curestatus|p1a: Milotic|slp|[msg]
|move|p1a: Milotic|Muddy Water|p2b: Swampert|[spread] p2a,p2b
|-resisted|p2a: Milotic|1
|-damage|p2a: Milotic|11/100 par
|-damage|p2b: Swampert|14/100
|move|p2b: Swampert|High Horsepower|p1b: Raichu
|-supereffective|p1b: Raichu|1
|-damage|p1b: Raichu|0 fnt
|faint|p1b: Raichu
|move|p2a: Milotic|Hypnosis|p1a: Milotic
|-status|p1a: Milotic|slp|[from] move: Hypnosis
|
|-heal|p1a: Milotic|100/100 slp|[from] item: Leftovers
|-heal|p2a: Milotic|17/100 par|[from] item: Leftovers
|upkeep
|turn|10
|
|t:|1784091801
|cant|p1a: Milotic|slp
|move|p2b: Swampert|High Horsepower|p1a: Milotic
|-damage|p1a: Milotic|65/100 slp
|move|p2a: Milotic|Muddy Water|p1a: Milotic
|-resisted|p1a: Milotic|1
|-damage|p1a: Milotic|55/100 slp
|
|-heal|p1a: Milotic|61/100 slp|[from] item: Leftovers
|-heal|p2a: Milotic|23/100 par|[from] item: Leftovers
|upkeep
|turn|11
|
|t:|1784091814
|cant|p1a: Milotic|slp
|move|p2b: Swampert|High Horsepower|p1a: Milotic
|-damage|p1a: Milotic|29/100 slp
|move|p2a: Milotic|Muddy Water|p1a: Milotic
|-resisted|p1a: Milotic|1
|-damage|p1a: Milotic|19/100 slp
|
|-heal|p1a: Milotic|25/100 slp|[from] item: Leftovers
|-heal|p2a: Milotic|29/100 par|[from] item: Leftovers
|upkeep
|turn|12
|
|t:|1784091820
|-curestatus|p1a: Milotic|slp|[msg]
|move|p1a: Milotic|Recover|p1a: Milotic
|-heal|p1a: Milotic|75/100
|move|p2b: Swampert|High Horsepower|p1a: Milotic
|-damage|p1a: Milotic|41/100
|move|p2a: Milotic|Muddy Water|p1a: Milotic
|-resisted|p1a: Milotic|1
|-damage|p1a: Milotic|32/100
|
|-heal|p1a: Milotic|38/100|[from] item: Leftovers
|-heal|p2a: Milotic|35/100 par|[from] item: Leftovers
|upkeep
|turn|13
|
|t:|1784091830
|move|p1a: Milotic|Muddy Water|p2b: Swampert|[spread] p2a,p2b
|-resisted|p2a: Milotic|1
|-damage|p2a: Milotic|27/100 par
|-damage|p2b: Swampert|0 fnt
|faint|p2b: Swampert
|move|p2a: Milotic|Hypnosis|p1a: Milotic
|-status|p1a: Milotic|slp|[from] move: Hypnosis
|
|-heal|p1a: Milotic|44/100 slp|[from] item: Leftovers
|-heal|p2a: Milotic|33/100 par|[from] item: Leftovers
|upkeep
|
|t:|1784091832
|switch|p2b: Pelipper|Pelipper, L50, F|100/100
|-weather|RainDance|[from] ability: Drizzle|[of] p2b: Pelipper
|turn|14
|
|t:|1784091837
|move|p2b: Pelipper|Hurricane|p1a: Milotic
|-damage|p1a: Milotic|10/100 slp
|cant|p1a: Milotic|slp
|move|p2a: Milotic|Muddy Water|p1a: Milotic
|-resisted|p1a: Milotic|1
|-damage|p1a: Milotic|0 fnt
|faint|p1a: Milotic
|
|win|chaoskiwi
