|j|☆monkeychese
|j|☆new mental
|html|monkeychesenew mental    
|uhtml|bestof|Game 1 of a best-of-3
|t:|1784829288
|gametype|doubles
|player|p1|monkeychese|nate|1157
|player|p2|new mental|volkner|1257
|gen|9
|tier|[Gen 9 Champions] VGC 2026 Reg M-B (Bo3)
|rated|
|rule|Species Clause: Limit one of each Pokémon
|rule|Item Clause: Limit 1 of each item
|clearpoke
|poke|p1|Banette, L50, M|
|poke|p1|Venusaur, L50, F|
|poke|p1|Incineroar, L50, M|
|poke|p1|Rotom-Wash, L50|
|poke|p1|Garchomp, L50, M|
|poke|p1|Whimsicott, L50, M|
|poke|p2|Charizard, L50, M|
|poke|p2|Garchomp, L50, M|
|poke|p2|Incineroar, L50, M|
|poke|p2|Venusaur, L50, M|
|poke|p2|Toxapex, L50, F|
|poke|p2|Sylveon, L50, F|
|teampreview|4
|showteam|p1|Banette||Banettite|Insomnia|Poltergeist,WillOWisp,Protect,Disable|Adamant||M|||50|]Venusaur||Venusaurite|Overgrow|GigaDrain,SludgeBomb,LeechSeed,Protect|Modest||F|||50|]Incineroar||SitrusBerry|Intimidate|DarkestLariat,HelpingHand,PartingShot,FakeOut|Impish||M|||50|]Rotom-Wash||ChoiceScarf|Levitate|Thunderbolt,VoltSwitch,HydroPump,Electroweb|Timid|||||50|]Garchomp||LifeOrb|RoughSkin|Earthquake,DragonClaw,RockSlide,Protect|Jolly||M|||50|]Whimsicott||FocusSash|Prankster|Moonblast,Encore,Tailwind,Protect|Timid||M|||50|
|showteam|p2|Charizard||CharizarditeY|SolarPower|WeatherBall,HeatWave,AncientPower,Protect|Modest||M|||50|]Garchomp||ChoiceScarf|RoughSkin|RockSlide,DragonClaw,Earthquake,StompingTantrum|Adamant||M|||50|]Incineroar||SitrusBerry|Intimidate|FlareBlitz,FakeOut,DarkestLariat,PartingShot|Impish||M|||50|]Venusaur||LifeOrb|Chlorophyll|SludgeBomb,LeafStorm,EarthPower,Protect|Modest||M|||50|]Toxapex||Leftovers|Regenerator|Infestation,Toxic,WideGuard,BanefulBunker|Bold||F|||50|]Sylveon||FairyFeather|Pixilate|HyperVoice,QuickAttack,Yawn,Detect|Modest||F|||50|
|inactive|Battle timer is ON: inactive players will automatically lose when time's up. (requested by new mental)
|
|t:|1784829322
|teamsize|p1|4
|teamsize|p2|4
|start
|switch|p1a: Banette|Banette, L50, M|100/100
|switch|p1b: Rotom|Rotom-Wash, L50|100/100
|switch|p2a: Charizard|Charizard, L50, M|100/100
|switch|p2b: Toxapex|Toxapex, L50, F|100/100
|turn|1
|
|t:|1784829338
|detailschange|p2a: Charizard|Charizard-Mega-Y, L50, M
|-mega|p2a: Charizard|Charizard|Charizardite Y
|-weather|SunnyDay|[from] ability: Drought|[of] p2a: Charizard
|detailschange|p1a: Banette|Banette-Mega, L50, M
|-mega|p1a: Banette|Banette|Banettite
|move|p1b: Rotom|Volt Switch|p2b: Toxapex
|-supereffective|p2b: Toxapex|1
|-damage|p2b: Toxapex|50/100g
|inactive|monkeychese has 30 seconds left.
|inactive|monkeychese has 20 seconds left.
|inactive|monkeychese has 15 seconds left.
|inactive|monkeychese has 10 seconds left.
|inactive|monkeychese has 5 seconds left.
|
|t:|1784829393
|switch|p1b: Garchomp|Garchomp, L50, M|100/100|[from] Volt Switch
|move|p2a: Charizard|Heat Wave|p1b: Garchomp|[spread] p1a
|-miss|p2a: Charizard|p1b: Garchomp
|-damage|p1a: Banette|40/100
|move|p1a: Banette|Poltergeist|p2b: Toxapex
|-activate|p2b: Toxapex|move: Poltergeist|Leftovers
|-damage|p2b: Toxapex|3/100
|move|p2b: Toxapex|Toxic|p1b: Garchomp
|-status|p1b: Garchomp|tox
|
|-weather|SunnyDay|[upkeep]
|-heal|p2b: Toxapex|9/100|[from] item: Leftovers
|-damage|p1b: Garchomp|94/100 tox|[from] psn
|upkeep
|turn|2
|
|t:|1784829415
|-heal|p2b: Toxapex|42/100|[from] ability: Regenerator|[silent]
|switch|p2b: Incineroar|Incineroar, L50, M|100/100
|-ability|p2b: Incineroar|Intimidate|boost
|-unboost|p1a: Banette|atk|1
|-unboost|p1b: Garchomp|atk|1
|move|p1a: Banette|Disable|p2a: Charizard
|-start|p2a: Charizard|Disable|Heat Wave
|move|p1b: Garchomp|Rock Slide|p2b: Incineroar|[spread] p2a,p2b
|-supereffective|p2a: Charizard|2
|-supereffective|p2b: Incineroar|1
|-crit|p2b: Incineroar
|-damage|p2a: Charizard|35/100
|-damage|p2b: Incineroar|44/100
|-enditem|p2b: Incineroar|Sitrus Berry|[eat]
|-heal|p2b: Incineroar|69/100|[from] item: Sitrus Berry
|-damage|p1b: Garchomp|84/100 tox|[from] item: Life Orb
|cant|p2a: Charizard|Disable|Heat Wave
|
|-weather|SunnyDay|[upkeep]
|-damage|p1b: Garchomp|72/100 tox|[from] psn
|upkeep
|turn|3
|
|t:|1784829436
|switch|p2a: Toxapex|Toxapex, L50, F|42/100
|switch|p1a: Incineroar|Incineroar, L50, M|100/100
|-ability|p1a: Incineroar|Intimidate|boost
|-unboost|p2a: Toxapex|atk|1
|-unboost|p2b: Incineroar|atk|1
|move|p1b: Garchomp|Protect|p1b: Garchomp
|-singleturn|p1b: Garchomp|Protect
|move|p2b: Incineroar|Fake Out|p1b: Garchomp
|-activate|p1b: Garchomp|move: Protect
|
|-weather|SunnyDay|[upkeep]
|-heal|p2a: Toxapex|48/100|[from] item: Leftovers
|-damage|p1b: Garchomp|54/100 tox|[from] psn
|upkeep
|turn|4
|
|t:|1784829456
|-heal|p2a: Toxapex|81/100|[from] ability: Regenerator|[silent]
|switch|p2a: Charizard|Charizard-Mega-Y, L50, M|35/100
|move|p1a: Incineroar|Helping Hand|p1b: Garchomp
|-singleturn|p1b: Garchomp|Helping Hand|[of] p1a: Incineroar
|move|p1b: Garchomp|Earthquake|p2b: Incineroar|[spread] p1a,p2b
|-immune|p2a: Charizard
|-supereffective|p1a: Incineroar|1
|-supereffective|p2b: Incineroar|1
|-damage|p1a: Incineroar|24/100
|-damage|p2b: Incineroar|0 fnt
|-enditem|p1a: Incineroar|Sitrus Berry|[eat]
|-heal|p1a: Incineroar|49/100|[from] item: Sitrus Berry
|faint|p2b: Incineroar
|-damage|p1b: Garchomp|44/100 tox|[from] item: Life Orb
|
|-weather|SunnyDay|[upkeep]
|-damage|p1b: Garchomp|21/100 tox|[from] psn
|upkeep
|
|t:|1784829464
|switch|p2b: Sylveon|Sylveon, L50, F|100/100
|turn|5
|
|t:|1784829473
|move|p1a: Incineroar|Helping Hand|p1b: Garchomp
|-singleturn|p1b: Garchomp|Helping Hand|[of] p1a: Incineroar
|move|p2a: Charizard|Protect|p2a: Charizard
|-singleturn|p2a: Charizard|Protect
|move|p1b: Garchomp|Rock Slide|p2a: Charizard|[spread] p2b
|-activate|p2a: Charizard|move: Protect
|-damage|p2b: Sylveon|76/100
|-damage|p1b: Garchomp|11/100 tox|[from] item: Life Orb
|cant|p2b: Sylveon|flinch
|
|-weather|none
|-damage|p1b: Garchomp|0 fnt|[from] psn
|faint|p1b: Garchomp
|upkeep
|
|t:|1784829481
|switch|p1b: Rotom|Rotom-Wash, L50|100/100
|turn|6
|
|t:|1784829487
|switch|p2a: Toxapex|Toxapex, L50, F|81/100
|move|p1b: Rotom|Thunderbolt|p2a: Toxapex
|-supereffective|p2a: Toxapex|1
|-damage|p2a: Toxapex|19/100
|move|p1a: Incineroar|Parting Shot|p2b: Sylveon
|-unboost|p2b: Sylveon|atk|1
|-unboost|p2b: Sylveon|spa|1
|
|t:|1784829495
|switch|p1a: Banette|Banette-Mega, L50, M|40/100|[from] Parting Shot
|move|p2b: Sylveon|Hyper Voice|p1a: Banette|[spread] p1a,p1b
|-damage|p1a: Banette|7/100
|-damage|p1b: Rotom|57/100
|
|-heal|p2a: Toxapex|24/100|[from] item: Leftovers
|upkeep
|turn|7
|
|t:|1784829507
|-heal|p2a: Toxapex|57/100|[from] ability: Regenerator|[silent]
|switch|p2a: Charizard|Charizard-Mega-Y, L50, M|35/100
|-weather|SunnyDay|[from] ability: Drought|[of] p2a: Charizard
|move|p1a: Banette|Disable|p2b: Sylveon
|-start|p2b: Sylveon|Disable|Hyper Voice
|move|p2b: Sylveon|Quick Attack|p1a: Banette
|-damage|p1a: Banette|0 fnt
|faint|p1a: Banette
|move|p1b: Rotom|Thunderbolt|p2a: Charizard
|-supereffective|p2a: Charizard|1
|-damage|p2a: Charizard|0 fnt
|faint|p2a: Charizard
|
|-weather|SunnyDay|[upkeep]
|upkeep
|inactive|monkeychese has 30 seconds left.
|inactive|monkeychese has 20 seconds left.
|
|t:|1784829547
|switch|p2a: Toxapex|Toxapex, L50, F|57/100
|switch|p1a: Incineroar|Incineroar, L50, M|49/100
|-ability|p1a: Incineroar|Intimidate|boost
|-unboost|p2a: Toxapex|atk|1
|-unboost|p2b: Sylveon|atk|1
|turn|8
|
|t:|1784829558
|move|p2a: Toxapex|Baneful Bunker|p2a: Toxapex
|-singleturn|p2a: Toxapex|move: Protect
|move|p1a: Incineroar|Fake Out|p2b: Sylveon
|-damage|p2b: Sylveon|65/100
|move|p1b: Rotom|Thunderbolt|p2b: Sylveon
|-damage|p2b: Sylveon|32/100
|cant|p2b: Sylveon|flinch
|
|-weather|SunnyDay|[upkeep]
|-heal|p2a: Toxapex|63/100|[from] item: Leftovers
|upkeep
|turn|9
|
|t:|1784829575
|move|p1a: Incineroar|Helping Hand|p1b: Rotom
|-singleturn|p1b: Rotom|Helping Hand|[of] p1a: Incineroar
|move|p1b: Rotom|Thunderbolt|p2a: Toxapex
|-supereffective|p2a: Toxapex|1
|-damage|p2a: Toxapex|0 fnt
|faint|p2a: Toxapex
|move|p2b: Sylveon|Yawn|p1a: Incineroar
|-start|p1a: Incineroar|move: Yawn|[of] p2b: Sylveon
|
|-weather|SunnyDay|[upkeep]
|upkeep
|turn|10
|
|t:|1784829581
|move|p1a: Incineroar|Helping Hand|p1b: Rotom
|-singleturn|p1b: Rotom|Helping Hand|[of] p1a: Incineroar
|move|p1b: Rotom|Thunderbolt|p2b: Sylveon
|-damage|p2b: Sylveon|0 fnt
|faint|p2b: Sylveon
|
|win|monkeychese
