|j|☆NoitUK_VGC
|j|☆cocobennyy
|html|NoitUK_VGCcocobennyy    
|uhtml|bestof|Game 2 of a best-of-3
|t:|1784877632
|gametype|doubles
|player|p1|NoitUK_VGC|266|1097
|player|p2|cocobennyy|medium|1197
|gen|9
|tier|[Gen 9 Champions] VGC 2026 Reg M-B (Bo3)
|rated|
|rule|Species Clause: Limit one of each Pokémon
|rule|Item Clause: Limit 1 of each item
|clearpoke
|poke|p1|Gengar, L50, F|
|poke|p1|Ninetales-Alola, L50, M|
|poke|p1|Incineroar, L50, F|
|poke|p1|Kingambit, L50, F|
|poke|p1|Staraptor, L50, M|
|poke|p1|Garchomp, L50, F|
|poke|p2|Charizard, L50, M|
|poke|p2|Mimikyu, L50, F|
|poke|p2|Politoed, L50, M|
|poke|p2|Venusaur, L50, F|
|poke|p2|Archaludon, L50, M|
|poke|p2|Sableye, L50, M|
|teampreview|4
|showteam|p1|Gengar||Gengarite|CursedBody|ShadowBall,SludgeBomb,Protect,PerishSong|Timid||F|||50|]Ninetales-Alola||NeverMeltIce|SnowWarning|Blizzard,Encore,Protect,Disable|Timid||M|||50|]Incineroar||SitrusBerry|Intimidate|FlareBlitz,PartingShot,Protect,FakeOut|Relaxed||F|||50|]Kingambit||BlackGlasses|Defiant|KowtowCleave,SuckerPunch,Protect,LowKick|Adamant||F|||50|]Staraptor||ChoiceScarf|Intimidate|FinalGambit,CloseCombat,BraveBird,Uturn|Jolly||M|||50|]Garchomp||LifeOrb|RoughSkin|Protect,RockSlide,StompingTantrum,DragonClaw|Adamant||F|||50|
|showteam|p2|Charizard||CharizarditeY|Blaze|Protect,HeatWave,WeatherBall,SolarBeam|Modest||M|||50|]Mimikyu||LifeOrb|Disguise|Protect,PlayRough,ShadowClaw,TrickRoom|Adamant||F|||50|]Politoed||SitrusBerry|Drizzle|Protect,PerishSong,IceBeam,WeatherBall|Calm||M|||50|]Venusaur||Venusaurite|Chlorophyll|Protect,SludgeBomb,GigaDrain,EarthPower|Modest||F|||50|]Archaludon||Leftovers|Stamina|Protect,ElectroShot,FlashCannon,DragonPulse|Timid||M|||50|]Sableye||LightClay|Prankster|Quash,RainDance,LightScreen,Reflect|Careful||M|||50|
|inactive|Battle timer is ON: inactive players will automatically lose when time's up. (requested by NoitUK_VGC)
|inactive|cocobennyy has 60 seconds left.
|
|t:|1784877680
|teamsize|p1|4
|teamsize|p2|4
|start
|switch|p1a: Gengar|Gengar, L50, F|100/100
|switch|p1b: Staraptor|Staraptor, L50, M|100/100
|switch|p2a: Sableye|Sableye, L50, M|100/100
|switch|p2b: Mimikyu|Mimikyu, L50, F|100/100
|-ability|p1b: Staraptor|Intimidate|boost
|-unboost|p2a: Sableye|atk|1
|-unboost|p2b: Mimikyu|atk|1
|turn|1
|inactive|NoitUK_VGC has 30 seconds left.
|inactive|NoitUK_VGC has 20 seconds left.
|inactive|NoitUK_VGC has 15 seconds left.
|inactive|NoitUK_VGC has 10 seconds left.
|inactive|NoitUK_VGC has 5 seconds left.
|
|t:|1784877730
|detailschange|p1a: Gengar|Gengar-Mega, L50, F
|-mega|p1a: Gengar|Gengar|Gengarite
|move|p2a: Sableye|Quash|p1a: Gengar
|-activate|p1a: Gengar|move: Quash
|move|p1b: Staraptor|U-turn|p2b: Mimikyu
|-activate|p2b: Mimikyu|ability: Disguise
|-damage|p2b: Mimikyu|100/100
|detailschange|p2b: Mimikyu|Mimikyu-Busted, L50, F
|-damage|p2b: Mimikyu|87/100|[from] pokemon: Mimikyu-Busted
|
|t:|1784877742
|switch|p1b: Ninetales|Ninetales-Alola, L50, M|100/100|[from] U-turn
|-weather|Snowscape|[from] ability: Snow Warning|[of] p1b: Ninetales
|move|p2b: Mimikyu|Shadow Claw|p1a: Gengar
|-supereffective|p1a: Gengar|1
|-damage|p1a: Gengar|36/100
|-damage|p2b: Mimikyu|77/100|[from] item: Life Orb
|move|p1a: Gengar|Perish Song|p1a: Gengar
|-start|p1a: Gengar|perish3|[silent]
|-start|p1b: Ninetales|perish3|[silent]
|-start|p2a: Sableye|perish3|[silent]
|-start|p2b: Mimikyu|perish3|[silent]
|-fieldactivate|move: Perish Song
|
|-weather|Snowscape|[upkeep]
|-start|p1a: Gengar|perish3
|-start|p1b: Ninetales|perish3
|-start|p2b: Mimikyu|perish3
|-start|p2a: Sableye|perish3
|upkeep
|turn|2
|inactive|cocobennyy has 30 seconds left.
|inactive|NoitUK_VGC has 30 seconds left.
|inactive|cocobennyy has 20 seconds left.
|inactive|cocobennyy has 15 seconds left.
|inactive|cocobennyy has 10 seconds left.
|inactive|cocobennyy has 5 seconds left.
|
|t:|1784877793
|switch|p2b: Archaludon|Archaludon, L50, M|100/100
|move|p1a: Gengar|Protect|p1a: Gengar
|-singleturn|p1a: Gengar|Protect
|move|p2a: Sableye|Light Screen|p2a: Sableye
|-sidestart|p2: cocobennyy|move: Light Screen
|move|p1b: Ninetales|Encore|p2a: Sableye
|-start|p2a: Sableye|Encore
|
|-weather|Snowscape|[upkeep]
|-start|p1a: Gengar|perish2
|-start|p1b: Ninetales|perish2
|-start|p2a: Sableye|perish2
|upkeep
|turn|3
|inactive|NoitUK_VGC has 30 seconds left.
|inactive|cocobennyy has 30 seconds left.
|inactive|cocobennyy has 20 seconds left.
|
|t:|1784877832
|switch|p1a: Garchomp|Garchomp, L50, F|100/100
|switch|p2a: Mimikyu|Mimikyu-Busted, L50, F|77/100
|move|p1b: Ninetales|Protect|p1b: Ninetales
|-singleturn|p1b: Ninetales|Protect
|move|p2b: Archaludon|Flash Cannon|p1b: Ninetales
|-activate|p1b: Ninetales|move: Protect
|
|-weather|Snowscape|[upkeep]
|-start|p1b: Ninetales|perish1
|upkeep
|turn|4
|inactive|cocobennyy has 30 seconds left.
|inactive|cocobennyy has 20 seconds left.
|inactive|cocobennyy has 15 seconds left.
|
|t:|1784877872
|switch|p1b: Staraptor|Staraptor, L50, M|100/100
|-ability|p1b: Staraptor|Intimidate|boost
|-unboost|p2a: Mimikyu|atk|1
|-unboost|p2b: Archaludon|atk|1
|switch|p2b: Sableye|Sableye, L50, M|100/100
|move|p1a: Garchomp|Stomping Tantrum|p2b: Sableye
|-crit|p2b: Sableye
|-damage|p2b: Sableye|0 fnt
|faint|p2b: Sableye
|-damage|p1a: Garchomp|90/100|[from] item: Life Orb
|move|p2a: Mimikyu|Trick Room|p2a: Mimikyu
|-fieldstart|move: Trick Room|[of] p2a: Mimikyu
|
|-weather|Snowscape|[upkeep]
|upkeep
|
|t:|1784877893
|switch|p2b: Archaludon|Archaludon, L50, M|100/100
|turn|5
|
|t:|1784877914
|switch|p1a: Ninetales|Ninetales-Alola, L50, M|100/100
|move|p2a: Mimikyu|Play Rough|p1b: Staraptor
|-crit|p1b: Staraptor
|-damage|p1b: Staraptor|0 fnt
|faint|p1b: Staraptor
|-damage|p2a: Mimikyu|67/100|[from] item: Life Orb
|move|p2b: Archaludon|Dragon Pulse|p1a: Ninetales
|-immune|p1a: Ninetales
|
|-weather|none
|upkeep
|j| the crimson wooper
|l| the crimson wooper
|
|t:|1784877929
|switch|p1b: Garchomp|Garchomp, L50, F|90/100
|turn|6
|inactive|cocobennyy has 30 seconds left.
|
|t:|1784877962
|move|p2a: Mimikyu|Play Rough|p1b: Garchomp
|-supereffective|p1b: Garchomp|1
|-damage|p1b: Garchomp|28/100
|-unboost|p1b: Garchomp|atk|1
|-damage|p2a: Mimikyu|55/100|[from] ability: Rough Skin|[of] p1b: Garchomp
|-damage|p2a: Mimikyu|45/100|[from] item: Life Orb
|move|p2b: Archaludon|Dragon Pulse|p1b: Garchomp
|-supereffective|p1b: Garchomp|1
|-damage|p1b: Garchomp|0 fnt
|faint|p1b: Garchomp
|move|p1a: Ninetales|Blizzard|p2a: Mimikyu|[spread] p2a
|-miss|p1a: Ninetales|p2b: Archaludon
|-damage|p2a: Mimikyu|26/100
|
|upkeep
|
|t:|1784877976
|switch|p1b: Gengar|Gengar-Mega, L50, F|36/100
|turn|7
|
|t:|1784877992
|move|p2a: Mimikyu|Shadow Claw|p1b: Gengar
|-supereffective|p1b: Gengar|1
|-damage|p1b: Gengar|0 fnt
|faint|p1b: Gengar
|-damage|p2a: Mimikyu|16/100|[from] item: Life Orb
|move|p2b: Archaludon|Flash Cannon|p1a: Ninetales
|-supereffective|p1a: Ninetales|2
|-damage|p1a: Ninetales|0 fnt
|faint|p1a: Ninetales
|
|win|cocobennyy
||NoitUK_VGC is ready for game 3.
|inactive|cocobennyy has 30 seconds to confirm battle start!
||cocobennyy is ready for game 3.
|uhtml|next|Next: Game 3 of 3
