|badge|p2|bronze|gen9ou|100-6
|uhtml|medal-msg|Curious what those medals under the avatar are? PS now has Ladder Seasons! For more information, check out the thread on Smogon.
|j|☆Centiskorch18
|j|☆JackRG1
|html|Centiskorch18JackRG1    
|uhtml|bestof|Game 1 of a best-of-3
|t:|1757636767
|gametype|doubles
|player|p1|Centiskorch18|caitlin|1230
|player|p2|JackRG1|dawn-gen4pt|1272
|gen|9
|tier|[Gen 9] VGC 2025 Reg H (Bo3)
|rated|
|rule|Species Clause: Limit one of each Pokémon
|rule|Item Clause: Limit 1 of each item
|clearpoke
|poke|p1|Dragapult, L50, F|
|poke|p1|Sneasler, L50, M|
|poke|p1|Magmar, L50, F|
|poke|p1|Azumarill, L50, M|
|poke|p1|Rillaboom, L50, F|
|poke|p1|Ninetales-Alola, L50, M|
|poke|p2|Tyranitar, L50, M|
|poke|p2|Excadrill, L50, F|
|poke|p2|Milotic, L50, M|
|poke|p2|Reuniclus, L50, M|
|poke|p2|Indeedee-F, L50, F|
|poke|p2|Volcarona, L50, M|
|teampreview|4
|showteam|p1|Dragapult||LifeOrb|ClearBody|TeraBlast,DragonDarts,SuckerPunch,Protect|||F|||50|,,,,,Ghost]Sneasler||FocusSash|PoisonTouch|CloseCombat,DireClaw,FakeOut,Protect|||M|||50|,,,,,Stellar]Magmar||Eviolite|VitalSpirit|Overheat,FollowMe,ClearSmog,Protect|||F|||50|,,,,,Ghost]Azumarill||SitrusBerry|HugePower|AquaJet,PlayRough,BellyDrum,Protect|||M|||50|,,,,,Poison]Rillaboom||AssaultVest|GrassySurge|WoodHammer,GrassyGlide,FakeOut,HighHorsepower|||F|||50|,,,,,Fire]Ninetales-Alola||ChoiceSpecs|SnowWarning|Blizzard,Moonblast,IcyWind,FreezeDry|||M|||50|,,,,,Ghost
|showteam|p2|Tyranitar||AssaultVest|SandStream|RockSlide,KnockOff,LowKick,TeraBlast|||M|||50|,,,,,Flying]Excadrill||FocusSash|SandRush|Earthquake,HighHorsepower,IronHead,Protect|||F|||50|,,,,,Stellar]Milotic||CovertCloak|Competitive|Scald,IcyWind,Haze,Protect|||M|||50|,,,,,Grass]Reuniclus||LifeOrb|MagicGuard|ExpandingForce,TrickRoom,Protect,TeraBlast|||M|||50|,,,,,Fighting]Indeedee-F||SafetyGoggles|PsychicSurge|TrickRoom,Protect,Psychic,FollowMe|||F|||50|,,,,,Fairy]Volcarona||Leftovers|FlameBody|Protect,HeatWave,QuiverDance,GigaDrain|||M|||50|,,,,,Grass
|inactive|Battle timer is ON: inactive players will automatically lose when time's up. (requested by JackRG1)
|inactive|Centiskorch18 also wants the timer to be on.
|c|☆Centiskorch18|glhf
|inactive|Centiskorch18 has 60 seconds left.
|
|t:|1757636818
|teamsize|p1|4
|teamsize|p2|4
|start
|switch|p1a: Azumarill|Azumarill, L50, M|100/100
|switch|p1b: Sneasler|Sneasler, L50, M|100/100
|switch|p2a: Tyranitar|Tyranitar, L50, M|100/100
|switch|p2b: Volcarona|Volcarona, L50, M|100/100
|-weather|Sandstorm|[from] ability: Sand Stream|[of] p2a: Tyranitar
|turn|1
|inactive|JackRG1 has 30 seconds left.
|
|t:|1757636845
|-terastallize|p2a: Tyranitar|Flying
|move|p1b: Sneasler|Fake Out|p2b: Volcarona
|-damage|p2b: Volcarona|82/100
|-status|p2b: Volcarona|psn|[from] ability: Poison Touch|[of] p1b: Sneasler
|cant|p2b: Volcarona|flinch
|move|p2a: Tyranitar|Tera Blast|p1b: Sneasler|[anim] Tera Blast Flying
|-supereffective|p1b: Sneasler
|-enditem|p1b: Sneasler|Focus Sash
|-damage|p1b: Sneasler|1/100
|move|p1a: Azumarill|Belly Drum|p1a: Azumarill
|-damage|p1a: Azumarill|50/100
|-setboost|p1a: Azumarill|atk|6|[from] move: Belly Drum
|-enditem|p1a: Azumarill|Sitrus Berry|[eat]
|-heal|p1a: Azumarill|75/100|[from] item: Sitrus Berry
|
|-weather|Sandstorm|[upkeep]
|-damage|p1b: Sneasler|0 fnt|[from] Sandstorm
|-damage|p2b: Volcarona|75/100 psn|[from] Sandstorm
|-damage|p2a: Tyranitar|95/100|[from] Sandstorm
|-damage|p1a: Azumarill|70/100|[from] Sandstorm
|faint|p1b: Sneasler
|-heal|p2b: Volcarona|82/100 psn|[from] item: Leftovers
|-damage|p2b: Volcarona|69/100 psn|[from] psn
|upkeep
|
|t:|1757636856
|switch|p1b: Magmar|Magmar, L50, F|100/100
|turn|2
|
|t:|1757636877
|switch|p2a: Indeedee|Indeedee-F, L50, F|100/100
|-fieldstart|move: Psychic Terrain|[from] ability: Psychic Surge|[of] p2a: Indeedee
|-terastallize|p1b: Magmar|Ghost
|move|p1a: Azumarill|Protect|p1a: Azumarill
|-singleturn|p1a: Azumarill|Protect
|move|p2b: Volcarona|Giga Drain|p1a: Azumarill
|-activate|p1a: Azumarill|move: Protect
|move|p1b: Magmar|Overheat|p2a: Indeedee
|-damage|p2a: Indeedee|55/100
|-unboost|p1b: Magmar|spa|2
|
|-weather|Sandstorm|[upkeep]
|-damage|p2b: Volcarona|63/100 psn|[from] Sandstorm
|-damage|p1b: Magmar|95/100|[from] Sandstorm
|-damage|p1a: Azumarill|64/100|[from] Sandstorm
|-heal|p2b: Volcarona|69/100 psn|[from] item: Leftovers
|-damage|p2b: Volcarona|57/100 psn|[from] psn
|upkeep
|turn|3
|
|t:|1757636891
|move|p1b: Magmar|Follow Me|p1b: Magmar
|-singleturn|p1b: Magmar|move: Follow Me
|move|p2b: Volcarona|Giga Drain|p1b: Magmar
|-damage|p1b: Magmar|81/100
|-heal|p2b: Volcarona|64/100 psn|[from] drain|[of] p1b: Magmar
|move|p2a: Indeedee|Psychic|p1b: Magmar
|-damage|p1b: Magmar|55/100
|move|p1a: Azumarill|Play Rough|p2a: Indeedee
|-damage|p2a: Indeedee|0 fnt
|faint|p2a: Indeedee
|
|-weather|Sandstorm|[upkeep]
|-damage|p2b: Volcarona|58/100 psn|[from] Sandstorm
|-damage|p1b: Magmar|49/100|[from] Sandstorm
|-damage|p1a: Azumarill|58/100|[from] Sandstorm
|-heal|p2b: Volcarona|64/100 psn|[from] item: Leftovers
|-damage|p2b: Volcarona|52/100 psn|[from] psn
|upkeep
|
|t:|1757636897
|switch|p2a: Reuniclus|Reuniclus, L50, M|100/100
|turn|4
|
|t:|1757636906
|switch|p1b: Rillaboom|Rillaboom, L50, F|100/100
|-fieldstart|move: Grassy Terrain|[from] ability: Grassy Surge|[of] p1b: Rillaboom
|move|p1a: Azumarill|Aqua Jet|p2b: Volcarona
|-supereffective|p2b: Volcarona
|-damage|p2b: Volcarona|0 fnt
|-status|p1a: Azumarill|brn|[from] ability: Flame Body|[of] p2b: Volcarona
|faint|p2b: Volcarona
|move|p2a: Reuniclus|Trick Room|p2a: Reuniclus
|-fieldstart|move: Trick Room|[of] p2a: Reuniclus
|
|-weather|Sandstorm|[upkeep]
|-damage|p1a: Azumarill|52/100 brn|[from] Sandstorm
|-damage|p1b: Rillaboom|94/100|[from] Sandstorm
|-heal|p1a: Azumarill|58/100 brn|[from] Grassy Terrain
|-heal|p1b: Rillaboom|100/100|[from] Grassy Terrain
|-damage|p1a: Azumarill|52/100 brn|[from] brn
|upkeep
|
|t:|1757636912
|switch|p2b: Tyranitar|Tyranitar, L50, M, tera:Flying|95/100
|turn|5
|
|t:|1757636925
|move|p1b: Rillaboom|Fake Out|p2a: Reuniclus
|-crit|p2a: Reuniclus
|-damage|p2a: Reuniclus|82/100
|cant|p2a: Reuniclus|flinch
|move|p1a: Azumarill|Play Rough|p2b: Tyranitar
|-damage|p2b: Tyranitar|12/100
|move|p2b: Tyranitar|Tera Blast|p1a: Azumarill|[anim] Tera Blast Flying
|-damage|p1a: Azumarill|4/100 brn
|
|-weather|none
|-heal|p2a: Reuniclus|88/100|[from] Grassy Terrain
|-heal|p1a: Azumarill|10/100 brn|[from] Grassy Terrain
|-damage|p1a: Azumarill|4/100 brn|[from] brn
|upkeep
|turn|6
|-message|JackRG1 forfeited.
|
|win|Centiskorch18
|l|☆JackRG1
|player|p2|
||Centiskorch18 is ready for game 2.
||JackRG1 is ready for game 2.
|uhtml|next|Next: Game 2 of 3
|j| camala64
|l| camala64
