|j|☆WhiteBookVGC
|j|☆noexperiencesorry
|html|WhiteBookVGCnoexperiencesorry    
|uhtml|bestof|Game 2 of a best-of-3
|t:|1756756797
|gametype|doubles
|player|p1|WhiteBookVGC|lyra|1077
|player|p2|noexperiencesorry|170|1111
|gen|9
|tier|[Gen 9] VGC 2025 Reg H (Bo3)
|rated|
|rule|Species Clause: Limit one of each Pokémon
|rule|Item Clause: Limit 1 of each item
|clearpoke
|poke|p1|Archaludon, L50, F|
|poke|p1|Incineroar, L50, M|
|poke|p1|Pelipper, L50, F|
|poke|p1|Amoonguss, L50, M|
|poke|p1|Basculegion, L50, M|
|poke|p1|Gholdengo, L50|
|poke|p2|Whimsicott, L50, F|
|poke|p2|Dragonite, L50, M|
|poke|p2|Rillaboom, L50, M|
|poke|p2|Ursaluna-Bloodmoon, L50, M|
|poke|p2|Electabuzz, L50, F|
|poke|p2|Volcarona, L50, M|
|teampreview|4
|showteam|p1|Archaludon||AssaultVest|Stamina|DragonPulse,FlashCannon,ElectroShot,BodyPress|||F|||50|,,,,,Fairy]Incineroar||SafetyGoggles|Intimidate|KnockOff,FlareBlitz,PartingShot,FakeOut|||M|||50|,,,,,Ghost]Pelipper||FocusSash|Drizzle|MuddyWater,Hurricane,Tailwind,Protect|||F|||50|,,,,,Grass]Amoonguss||SitrusBerry|Regenerator|Spore,RagePowder,PollenPuff,Protect|||M|||50|,,,,,Water]Basculegion||ChoiceScarf|Adaptability|AquaJet,WaveCrash,LastRespects,FlipTurn|||M|||50|,,,,,Water]Gholdengo||LifeOrb|GoodasGold|MakeItRain,ShadowBall,NastyPlot,Protect||||||50|,,,,,Dragon
|showteam|p2|Whimsicott||CovertCloak|Prankster|Moonblast,Encore,Tailwind,SunnyDay|||F|||50|,,,,,Ghost]Dragonite||LoadedDice|Multiscale|ScaleShot,ExtremeSpeed,Haze,Protect|||M|||50|,,,,,Fairy]Rillaboom||AssaultVest|GrassySurge|FakeOut,GrassyGlide,WoodHammer,Uturn|||M|||50|,,,,,Fire]Ursaluna-Bloodmoon||LifeOrb|MindsEye|Protect,HyperVoice,EarthPower,BloodMoon|||M|||50|,,,,,Normal]Electabuzz||Eviolite|VitalSpirit|Electroweb,Taunt,Protect,FollowMe|||F|||50|,,,,,Ghost]Volcarona||Leftovers|FlameBody|HeatWave,TeraBlast,QuiverDance,Protect|||M|||50|,,,,,Fairy
|inactive|Battle timer is ON: inactive players will automatically lose when time's up. (requested by noexperiencesorry)
|
|t:|1756756878
|teamsize|p1|4
|teamsize|p2|4
|start
|switch|p1a: Incineroar|Incineroar, L50, M, shiny|100/100
|switch|p1b: Basculegion|Basculegion, L50, M, shiny|100/100
|switch|p2a: Whimsicott|Whimsicott, L50, F|100/100
|switch|p2b: Ursaluna|Ursaluna-Bloodmoon, L50, M|100/100
|-ability|p1a: Incineroar|Intimidate|boost
|-unboost|p2a: Whimsicott|atk|1
|-unboost|p2b: Ursaluna|atk|1
|turn|1
|
|t:|1756756903
|move|p2b: Ursaluna|Protect|p2b: Ursaluna
|-singleturn|p2b: Ursaluna|Protect
|move|p1a: Incineroar|Fake Out|p2b: Ursaluna
|-activate|p2b: Ursaluna|move: Protect
|move|p2a: Whimsicott|Tailwind|p2a: Whimsicott
|-sidestart|p2: noexperiencesorry|move: Tailwind
|move|p1b: Basculegion|Flip Turn|p2a: Whimsicott
|-resisted|p2a: Whimsicott
|-damage|p2a: Whimsicott|69/100
|
|t:|1756756924
|switch|p1b: Pelipper|Pelipper, L50, F, shiny|100/100|[from] Flip Turn
|-weather|RainDance|[from] ability: Drizzle|[of] p1b: Pelipper
|
|-weather|RainDance|[upkeep]
|upkeep
|turn|2
|
|t:|1756756939
|move|p2a: Whimsicott|Moonblast|p1b: Pelipper
|-crit|p1b: Pelipper
|-damage|p1b: Pelipper|7/100
|-unboost|p1b: Pelipper|spa|1
|move|p2b: Ursaluna|Hyper Voice|p1b: Pelipper|[spread] p1a,p1b
|-crit|p1b: Pelipper
|-damage|p1a: Incineroar|67/100
|-damage|p1b: Pelipper|0 fnt
|faint|p1b: Pelipper
|-damage|p2b: Ursaluna|91/100|[from] item: Life Orb
|move|p1a: Incineroar|Knock Off|p2b: Ursaluna
|-damage|p2b: Ursaluna|62/100
|-enditem|p2b: Ursaluna|Life Orb|[from] move: Knock Off|[of] p1a: Incineroar
|
|-weather|RainDance|[upkeep]
|upkeep
|
|t:|1756756952
|switch|p1b: Archaludon|Archaludon, L50, F, shiny|100/100
|turn|3
|inactive|WhiteBookVGC has 30 seconds left.
|inactive|WhiteBookVGC has 20 seconds left.
|inactive|WhiteBookVGC has 15 seconds left.
|inactive|WhiteBookVGC has 10 seconds left.
|
|t:|1756756997
|-terastallize|p1a: Incineroar|Ghost
|move|p2a: Whimsicott|Sunny Day|p2a: Whimsicott
|-weather|SunnyDay
|move|p2b: Ursaluna|Earth Power|p1a: Incineroar
|-damage|p1a: Incineroar|29/100
|move|p1b: Archaludon|Body Press|p2b: Ursaluna
|-supereffective|p2b: Ursaluna
|-damage|p2b: Ursaluna|26/100
|move|p1a: Incineroar|Flare Blitz|p2a: Whimsicott
|-supereffective|p2a: Whimsicott
|-damage|p2a: Whimsicott|0 fnt
|faint|p2a: Whimsicott
|-damage|p1a: Incineroar|13/100|[from] Recoil
|
|-weather|SunnyDay|[upkeep]
|upkeep
|inactive|noexperiencesorry has 30 seconds left.
|
|t:|1756757028
|switch|p2a: Volcarona|Volcarona, L50, M|100/100
|turn|4
|
|t:|1756757045
|move|p2a: Volcarona|Quiver Dance|p2a: Volcarona
|-boost|p2a: Volcarona|spa|1
|-boost|p2a: Volcarona|spd|1
|-boost|p2a: Volcarona|spe|1
|move|p2b: Ursaluna|Blood Moon|p1a: Incineroar
|-damage|p1a: Incineroar|0 fnt
|faint|p1a: Incineroar
|move|p1b: Archaludon|Body Press|p2b: Ursaluna
|-supereffective|p2b: Ursaluna
|-damage|p2b: Ursaluna|0 fnt
|faint|p2b: Ursaluna
|
|-weather|SunnyDay|[upkeep]
|-sideend|p2: noexperiencesorry|move: Tailwind
|upkeep
|inactive|noexperiencesorry has 30 seconds left.
|inactive|noexperiencesorry has 20 seconds left.
|inactive|noexperiencesorry has 15 seconds left.
|
|t:|1756757088
|switch|p2b: Electabuzz|Electabuzz, L50, F|100/100
|switch|p1a: Basculegion|Basculegion, L50, M, shiny|100/100
|turn|5
|inactive|WhiteBookVGC has 30 seconds left.
|inactive|WhiteBookVGC has 20 seconds left.
|inactive|WhiteBookVGC has 15 seconds left.
|
|t:|1756757129
|-terastallize|p2a: Volcarona|Fairy
|move|p2b: Electabuzz|Follow Me|p2b: Electabuzz
|-singleturn|p2b: Electabuzz|move: Follow Me
|move|p2a: Volcarona|Tera Blast|p1a: Basculegion|[anim] Tera Blast Fairy
|-damage|p1a: Basculegion|31/100
|move|p1a: Basculegion|Last Respects|p2b: Electabuzz
|-damage|p2b: Electabuzz|7/100
|move|p1b: Archaludon|Dragon Pulse|p2b: Electabuzz
|-damage|p2b: Electabuzz|0 fnt
|faint|p2b: Electabuzz
|
|-weather|SunnyDay|[upkeep]
|upkeep
|turn|6
|
|t:|1756757144
|move|p2a: Volcarona|Heat Wave|p1b: Archaludon|[spread] p1a
|-miss|p2a: Volcarona|p1b: Archaludon
|-resisted|p1a: Basculegion
|-damage|p1a: Basculegion|0 fnt
|faint|p1a: Basculegion
|move|p1b: Archaludon|Flash Cannon|p2a: Volcarona
|-supereffective|p2a: Volcarona
|-damage|p2a: Volcarona|59/100
|
|-weather|SunnyDay|[upkeep]
|-heal|p2a: Volcarona|64/100|[from] item: Leftovers
|upkeep
|turn|7
|
|t:|1756757154
|move|p2a: Volcarona|Heat Wave|p1b: Archaludon
|-damage|p1b: Archaludon|27/100
|-ability|p1b: Archaludon|Stamina|boost
|-boost|p1b: Archaludon|def|1
|move|p1b: Archaludon|Flash Cannon|p2a: Volcarona
|-supereffective|p2a: Volcarona
|-damage|p2a: Volcarona|20/100
|
|-weather|none
|-heal|p2a: Volcarona|26/100|[from] item: Leftovers
|upkeep
|turn|8
|
|t:|1756757165
|move|p2a: Volcarona|Tera Blast|p1b: Archaludon|[anim] Tera Blast Fairy
|-damage|p1b: Archaludon|0 fnt
|faint|p1b: Archaludon
|
|win|noexperiencesorry
||noexperiencesorry is ready for game 3.
||WhiteBookVGC is ready for game 3.
|uhtml|next|Next: Game 3 of 3
|l|☆noexperiencesorry
|player|p2|
