|j|☆monsoonisbest
|j|☆reyimo45
|html|monsoonisbestreyimo45    
|uhtml|bestof|Game 1 of a best-of-3
|t:|1784203802
|gametype|doubles
|player|p1|monsoonisbest|101|1195
|player|p2|reyimo45|102|1135
|gen|9
|tier|[Gen 9 Champions] VGC 2026 Reg M-B (Bo3)
|rated|
|rule|Species Clause: Limit one of each Pokémon
|rule|Item Clause: Limit 1 of each item
|clearpoke
|poke|p1|Gengar, L50, M|
|poke|p1|Incineroar, L50, M|
|poke|p1|Politoed, L50, M, shiny|
|poke|p1|Archaludon, L50, M|
|poke|p1|Vivillon, L50, M|
|poke|p1|Swampert, L50, F|
|poke|p2|Swampert, L50, M|
|poke|p2|Archaludon, L50, F|
|poke|p2|Sableye, L50, F|
|poke|p2|Pelipper, L50, F|
|poke|p2|Sneasler, L50, F|
|poke|p2|Sinistcha, L50|
|teampreview|4
|showteam|p1|Gengar||Gengarite|CursedBody|ShadowBall,SludgeBomb,PerishSong,Protect|Timid||M|||50|]Incineroar||PasshoBerry|Intimidate|PartingShot,DarkestLariat,Protect,FakeOut|Sassy||M|||50|]Politoed||SitrusBerry|Drizzle|WeatherBall,PerishSong,Encore,Protect|Calm||M|||50|]Archaludon||Leftovers|Stamina|DragonPulse,FlashCannon,ElectroShot,Protect|Bold||M|||50|]Vivillon||FocusSash|CompoundEyes|Hurricane,SleepPowder,RagePowder,Protect|Timid||M|||50|]Swampert||Swampertite|Torrent|WaveCrash,IcePunch,Earthquake,Protect|Adamant||F|||50|
|showteam|p2|Swampert||Swampertite|Torrent|Earthquake,WaveCrash,IcePunch,Protect|Adamant||M|||50|]Archaludon||Leftovers|Stamina|Protect,ElectroShot,DragonPulse,FlashCannon|Calm||F|||50|]Sableye||LightClay|Prankster|RainDance,WillOWisp,Reflect,LightScreen|Relaxed||F|||50|]Pelipper||FocusSash|Drizzle|Protect,WeatherBall,Hurricane,Tailwind|Modest||F|||50|]Sneasler||WhiteHerb|Unburden|FakeOut,CloseCombat,Protect,DireClaw|Adamant||F|||50|]Sinistcha||SitrusBerry|Hospitality|RagePowder,MatchaGotcha,LifeDew,Protect|Calm|||||50|
|
|t:|1784203857
|teamsize|p1|4
|teamsize|p2|4
|start
|switch|p1a: Incineroar|Incineroar, L50, M|100/100
|switch|p1b: Gengar|Gengar, L50, M|100/100
|switch|p2a: Swampert|Swampert, L50, M|100/100
|switch|p2b: Pelipper|Pelipper, L50, F|100/100
|-weather|RainDance|[from] ability: Drizzle|[of] p2b: Pelipper
|-ability|p1a: Incineroar|Intimidate|boost
|-unboost|p2a: Swampert|atk|1
|-unboost|p2b: Pelipper|atk|1
|turn|1
|
|t:|1784203895
|detailschange|p1b: Gengar|Gengar-Mega, L50, M
|-mega|p1b: Gengar|Gengar|Gengarite
|detailschange|p2a: Swampert|Swampert-Mega, L50, M
|-mega|p2a: Swampert|Swampert|Swampertite
|move|p1a: Incineroar|Fake Out|p2a: Swampert
|-damage|p2a: Swampert|89/100
|cant|p2a: Swampert|flinch
|move|p1b: Gengar|Perish Song|p1b: Gengar
|-start|p1a: Incineroar|perish3|[silent]
|-start|p1b: Gengar|perish3|[silent]
|-start|p2a: Swampert|perish3|[silent]
|-start|p2b: Pelipper|perish3|[silent]
|-fieldactivate|move: Perish Song
|move|p2b: Pelipper|Weather Ball|p1a: Incineroar
|-supereffective|p1a: Incineroar|1
|-enditem|p1a: Incineroar|Passho Berry|[eat]
|-enditem|p1a: Incineroar|Passho Berry|[weaken]
|-damage|p1a: Incineroar|52/100
|
|-weather|RainDance|[upkeep]
|-start|p2a: Swampert|perish3
|-start|p1b: Gengar|perish3
|-start|p2b: Pelipper|perish3
|-start|p1a: Incineroar|perish3
|upkeep
|turn|2
|inactive|Battle timer is ON: inactive players will automatically lose when time's up. (requested by reyimo45)
|
|t:|1784203918
|move|p1b: Gengar|Protect|p1b: Gengar
|-singleturn|p1b: Gengar|Protect
|move|p1a: Incineroar|Protect|p1a: Incineroar
|-singleturn|p1a: Incineroar|Protect
|move|p2a: Swampert|Earthquake|p1b: Gengar|[spread] 
|-activate|p1a: Incineroar|move: Protect
|-activate|p1b: Gengar|move: Protect
|-immune|p2b: Pelipper
|move|p2b: Pelipper|Weather Ball|p1b: Gengar
|-activate|p1b: Gengar|move: Protect
|
|-weather|RainDance|[upkeep]
|-start|p2a: Swampert|perish2
|-start|p1b: Gengar|perish2
|-start|p2b: Pelipper|perish2
|-start|p1a: Incineroar|perish2
|upkeep
|turn|3
|inactive|reyimo45 has 30 seconds left.
|
|t:|1784203951
|switch|p1b: Vivillon|Vivillon, L50, M|100/100
|move|p2a: Swampert|Earthquake|p1a: Incineroar|[spread] p1a
|-immune|p2b: Pelipper
|-immune|p1b: Vivillon
|-supereffective|p1a: Incineroar|1
|-damage|p1a: Incineroar|0 fnt
|faint|p1a: Incineroar
|move|p2b: Pelipper|Weather Ball|p1b: Vivillon
|-enditem|p1b: Vivillon|Focus Sash
|-damage|p1b: Vivillon|1/100
|
|-weather|RainDance|[upkeep]
|-start|p2a: Swampert|perish1
|-start|p2b: Pelipper|perish1
|upkeep
|inactive|monsoonisbest has 30 seconds left.
|
|t:|1784203978
|switch|p1a: Gengar|Gengar-Mega, L50, M|100/100
|turn|4
|
|t:|1784203996
|move|p1a: Gengar|Protect|p1a: Gengar
|-singleturn|p1a: Gengar|Protect
|move|p1b: Vivillon|Protect|p1b: Vivillon
|-singleturn|p1b: Vivillon|Protect
|move|p2a: Swampert|Earthquake|p1a: Gengar|[spread] 
|-activate|p1a: Gengar|move: Protect
|-activate|p1b: Vivillon|move: Protect
|-immune|p2b: Pelipper
|move|p2b: Pelipper|Tailwind|p2b: Pelipper
|-sidestart|p2: reyimo45|move: Tailwind
|
|-weather|RainDance|[upkeep]
|-start|p2a: Swampert|perish0
|-start|p2b: Pelipper|perish0
|faint|p2a: Swampert
|faint|p2b: Pelipper
|upkeep
|
|t:|1784204004
|switch|p2a: Sableye|Sableye, L50, F|100/100
|switch|p2b: Archaludon|Archaludon, L50, F|100/100
|turn|5
|inactive|reyimo45 has 30 seconds left.
|
|t:|1784204031
|move|p2a: Sableye|Will-O-Wisp|p1b: Vivillon
|-status|p1b: Vivillon|brn
|move|p2b: Archaludon|Electro Shot||[still]
|-prepare|p2b: Archaludon|Electro Shot
|-boost|p2b: Archaludon|spa|1
|-anim|p2b: Archaludon|Electro Shot|p1a: Gengar
|-damage|p1a: Gengar|38/100
|move|p1a: Gengar|Perish Song|p1a: Gengar
|-start|p1a: Gengar|perish3|[silent]
|-start|p1b: Vivillon|perish3|[silent]
|-start|p2a: Sableye|perish3|[silent]
|-start|p2b: Archaludon|perish3|[silent]
|-fieldactivate|move: Perish Song
|move|p1b: Vivillon|Sleep Powder|p2b: Archaludon
|-status|p2b: Archaludon|slp|[from] move: Sleep Powder
|
|-weather|none
|-damage|p1b: Vivillon|0 fnt|[from] brn
|faint|p1b: Vivillon
|-start|p2b: Archaludon|perish3
|-start|p1a: Gengar|perish3
|-start|p2a: Sableye|perish3
|upkeep
|
|t:|1784204043
|switch|p1b: Politoed|Politoed, L50, M, shiny|100/100
|-weather|RainDance|[from] ability: Drizzle|[of] p1b: Politoed
|turn|6
|
|t:|1784204067
|move|p2a: Sableye|Light Screen|p2a: Sableye
|-sidestart|p2: reyimo45|move: Light Screen
|cant|p2b: Archaludon|slp
|move|p1a: Gengar|Shadow Ball|p2a: Sableye
|-damage|p2a: Sableye|61/100
|move|p1b: Politoed|Weather Ball|p2a: Sableye
|-damage|p2a: Sableye|15/100
|
|-weather|RainDance|[upkeep]
|-start|p2b: Archaludon|perish2
|-start|p1a: Gengar|perish2
|-start|p2a: Sableye|perish2
|upkeep
|turn|7
|
|t:|1784204090
|move|p2a: Sableye|Will-O-Wisp|p1b: Politoed|[miss]
|-miss|p2a: Sableye|p1b: Politoed
|cant|p2b: Archaludon|slp
|move|p1a: Gengar|Shadow Ball|p2a: Sableye
|-damage|p2a: Sableye|0 fnt
|faint|p2a: Sableye
|move|p1b: Politoed|Weather Ball|p1a: Gengar
|-damage|p1a: Gengar|0 fnt
|faint|p1a: Gengar
|
|-weather|RainDance|[upkeep]
|-start|p2b: Archaludon|perish1
|-sideend|p2: reyimo45|move: Tailwind
|upkeep
|turn|8
|
|t:|1784204101
|move|p1b: Politoed|Protect|p1b: Politoed
|-singleturn|p1b: Politoed|Protect
|-curestatus|p2b: Archaludon|slp|[msg]
|move|p2b: Archaludon|Electro Shot||[still]
|-prepare|p2b: Archaludon|Electro Shot
|-boost|p2b: Archaludon|spa|1
|-anim|p2b: Archaludon|Electro Shot|p1b: Politoed
|-activate|p1b: Politoed|move: Protect
|
|-weather|RainDance|[upkeep]
|-start|p2b: Archaludon|perish0
|faint|p2b: Archaludon
|
|win|monsoonisbest
