|j|☆HolgerD
|j|☆bluntmaster9000
|html|HolgerDbluntmaster9000    
|uhtml|bestof|Game 2 of a best-of-3
|t:|1757178268
|gametype|doubles
|player|p1|HolgerD|1|1380
|player|p2|bluntmaster9000|1|1286
|gen|9
|tier|[Gen 9] VGC 2025 Reg H (Bo3)
|rated|
|rule|Species Clause: Limit one of each Pokémon
|rule|Item Clause: Limit 1 of each item
|clearpoke
|poke|p1|Maushold, L50|
|poke|p1|Pelipper, L50, M|
|poke|p1|Archaludon, L50, M|
|poke|p1|Ursaluna, L50, F|
|poke|p1|Sinistcha, L50|
|poke|p1|Basculegion, L50, M|
|poke|p2|Charizard, L50, M|
|poke|p2|Porygon2, L50|
|poke|p2|Torkoal, L50, F|
|poke|p2|Jumpluff, L50, M|
|poke|p2|Ursaluna, L50, F|
|poke|p2|Annihilape, L50, F|
|teampreview|4
|showteam|p1|Maushold||WideLens|Technician|PopulationBomb,FollowMe,Taunt,Protect||||||50|,,,,,Ghost]Pelipper||FocusSash|Drizzle|Hurricane,MuddyWater,Tailwind,Protect|||M|||50|,,,,,Ghost]Archaludon||AssaultVest|Stamina|DragonPulse,ElectroShot,BodyPress,FlashCannon|||M|||50|,,,,,Bug]Ursaluna||FlameOrb|Guts|Facade,HeadlongRush,Earthquake,Protect|||F|||50|,,,,,Ghost]Sinistcha||SitrusBerry|Hospitality|MatchaGotcha,LifeDew,RagePowder,TrickRoom||||||50|,,,,,Dark]Basculegion||ChoiceBand|SwiftSwim|AquaJet,FlipTurn,LastRespects,WaveCrash|||M|||50|,,,,,Water
|showteam|p2|Charizard||ChoiceSpecs|SolarPower|HeatWave,Overheat,WeatherBall,AirSlash|||M|||50|,,,,,Ghost]Porygon2||Eviolite|Download|IceBeam,TeraBlast,TrickRoom,Recover||||||50|,,,,,Fighting]Torkoal||EjectPack|Drought|Eruption,Overheat,HelpingHand,Protect|||F|||50|,,,,,Fire]Jumpluff||CovertCloak|Chlorophyll|SleepPowder,SunnyDay,BulletSeed,Tailwind|||M|||50|,,,,,Water]Ursaluna||FlameOrb|Guts|HeadlongRush,Facade,Earthquake,Protect|||F|||50|,,,,,Ghost]Annihilape||SafetyGoggles|Defiant|RageFist,CloseCombat,Protect,Taunt|||F|||50|,,,,,Fire
|inactive|Battle timer is ON: inactive players will automatically lose when time's up. (requested by bluntmaster9000)
|inactive|bluntmaster9000 has 60 seconds left.
|
|t:|1757178304
|teamsize|p1|4
|teamsize|p2|4
|start
|switch|p1a: Maushold|Maushold, L50|100/100
|switch|p1b: Ursaluna|Ursaluna, L50, F|100/100
|switch|p2a: Jumpluff|Jumpluff, L50, M, shiny|100/100
|switch|p2b: Porygon2|Porygon2, L50, shiny|100/100
|-ability|p2b: Porygon2|Download|boost
|-boost|p2b: Porygon2|spa|1
|turn|1
|inactive|HolgerD has 30 seconds left.
|inactive|bluntmaster9000 has 30 seconds left.
|inactive|HolgerD has 20 seconds left.
|inactive|HolgerD has 15 seconds left.
|inactive|HolgerD has 10 seconds left.
|inactive|bluntmaster9000 has 20 seconds left.
|
|t:|1757178357
|move|p1a: Maushold|Population Bomb|p2a: Jumpluff
|-damage|p2a: Jumpluff|87/100
|-damage|p2a: Jumpluff|73/100
|-damage|p2a: Jumpluff|59/100
|-crit|p2a: Jumpluff
|-damage|p2a: Jumpluff|37/100
|-damage|p2a: Jumpluff|24/100
|-damage|p2a: Jumpluff|9/100
|-damage|p2a: Jumpluff|0 fnt
|faint|p2a: Jumpluff
|-hitcount|p2: Jumpluff|7
|move|p1b: Ursaluna|Facade|p2b: Porygon2
|-crit|p2b: Porygon2
|-damage|p2b: Porygon2|66/100
|move|p2b: Porygon2|Trick Room|p2b: Porygon2
|-fieldstart|move: Trick Room|[of] p2b: Porygon2
|
|-status|p1b: Ursaluna|brn|[from] item: Flame Orb
|upkeep
|
|t:|1757178374
|switch|p2a: Torkoal|Torkoal, L50, F, shiny|100/100
|-weather|SunnyDay|[from] ability: Drought|[of] p2a: Torkoal
|turn|2
|inactive|bluntmaster9000 has 30 seconds left.
|inactive|bluntmaster9000 has 20 seconds left.
|
|t:|1757178411
|switch|p1a: Pelipper|Pelipper, L50, M|100/100
|-weather|RainDance|[from] ability: Drizzle|[of] p1a: Pelipper
|-terastallize|p1b: Ursaluna|Ghost
|move|p2a: Torkoal|Overheat|p1a: Pelipper
|-resisted|p1a: Pelipper
|-damage|p1a: Pelipper|79/100
|-unboost|p2a: Torkoal|spa|2
|-enditem|p2a: Torkoal|Eject Pack
|
|t:|1757178420
|switch|p2a: Charizard|Charizard, L50, M, shiny|100/100
|move|p2b: Porygon2|Ice Beam|p1a: Pelipper
|-damage|p1a: Pelipper|0 fnt
|faint|p1a: Pelipper
|move|p1b: Ursaluna|Earthquake|p2a: Charizard|[spread] p2b
|-immune|p2a: Charizard
|-damage|p2b: Porygon2|23/100
|
|-weather|RainDance|[upkeep]
|-damage|p1b: Ursaluna|95/100 brn|[from] brn
|upkeep
|
|t:|1757178436
|switch|p1a: Maushold|Maushold, L50|100/100
|turn|3
|inactive|bluntmaster9000 has 30 seconds left.
|
|t:|1757178464
|move|p1b: Ursaluna|Protect|p1b: Ursaluna
|-singleturn|p1b: Ursaluna|Protect
|move|p1a: Maushold|Protect|p1a: Maushold
|-singleturn|p1a: Maushold|Protect
|move|p2b: Porygon2|Ice Beam|p1b: Ursaluna
|-activate|p1b: Ursaluna|move: Protect
|move|p2a: Charizard|Weather Ball|p1b: Ursaluna
|-activate|p1b: Ursaluna|move: Protect
|
|-weather|RainDance|[upkeep]
|-damage|p1b: Ursaluna|89/100 brn|[from] brn
|upkeep
|turn|4
|inactive|HolgerD has 30 seconds left.
|inactive|bluntmaster9000 has 30 seconds left.
|
|t:|1757178496
|move|p2b: Porygon2|Ice Beam|p1b: Ursaluna
|-damage|p1b: Ursaluna|53/100 brn
|move|p1b: Ursaluna|Facade|p2b: Porygon2
|-damage|p2b: Porygon2|0 fnt
|faint|p2b: Porygon2
|move|p2a: Charizard|Weather Ball|p1b: Ursaluna
|-damage|p1b: Ursaluna|0 fnt
|faint|p1b: Ursaluna
|move|p1a: Maushold|Population Bomb|p2a: Charizard
|-damage|p2a: Charizard|85/100
|-damage|p2a: Charizard|69/100
|-crit|p2a: Charizard
|-damage|p2a: Charizard|44/100
|-damage|p2a: Charizard|29/100
|-damage|p2a: Charizard|13/100
|-damage|p2a: Charizard|0 fnt
|faint|p2a: Charizard
|-hitcount|p2: Charizard|6
|
|-weather|RainDance|[upkeep]
|upkeep
|
|t:|1757178518
|switch|p1b: Basculegion|Basculegion, L50, M|100/100
|switch|p2a: Torkoal|Torkoal, L50, F, shiny|100/100
|-weather|SunnyDay|[from] ability: Drought|[of] p2a: Torkoal
|turn|5
|
|t:|1757178536
|-terastallize|p2a: Torkoal|Fire
|move|p1a: Maushold|Protect|p1a: Maushold
|-singleturn|p1a: Maushold|Protect
|move|p1b: Basculegion|Aqua Jet|p2a: Torkoal
|-supereffective|p2a: Torkoal
|-damage|p2a: Torkoal|79/100
|move|p2a: Torkoal|Eruption|p1b: Basculegion|[spread] p1b
|-activate|p1a: Maushold|move: Protect
|-resisted|p1b: Basculegion
|-damage|p1b: Basculegion|63/100
|
|-weather|SunnyDay|[upkeep]
|-fieldend|move: Trick Room
|upkeep
|turn|6
|
|t:|1757178550
|move|p1b: Basculegion|Aqua Jet|p2a: Torkoal
|-supereffective|p2a: Torkoal
|-damage|p2a: Torkoal|55/100
|move|p1a: Maushold|Population Bomb|p2a: Torkoal
|-crit|p2a: Torkoal
|-damage|p2a: Torkoal|42/100
|-damage|p2a: Torkoal|33/100
|-damage|p2a: Torkoal|24/100
|-damage|p2a: Torkoal|15/100
|-damage|p2a: Torkoal|7/100
|-damage|p2a: Torkoal|0 fnt
|faint|p2a: Torkoal
|-hitcount|p2: Torkoal|6
|
|win|HolgerD
|raw|HolgerD's rating: 1380 → 1395(+15 for winning)
|raw|bluntmaster9000's rating: 1286 → 1268(-18 for losing)
|l|☆bluntmaster9000
|player|p2|
