|j|☆adandelionbreath
|j|☆papoilo
|html|adandelionbreathpapoilo    
|uhtml|bestof|Game 2 of a best-of-3
|t:|1785965302
|gametype|doubles
|player|p1|adandelionbreath|265|1144
|player|p2|papoilo|fisherman-gen4|1304
|gen|9
|tier|[Gen 9 Champions] VGC 2026 Reg M-B (Bo3)
|rated|
|rule|Species Clause: Limit one of each Pokémon
|rule|Item Clause: Limit 1 of each item
|clearpoke
|poke|p1|Floette-Eternal, L50, F|
|poke|p1|Excadrill, L50, M|
|poke|p1|Tyranitar, L50, F|
|poke|p1|Sneasler, L50, F|
|poke|p1|Basculegion, L50, M|
|poke|p1|Whimsicott, L50, M|
|poke|p2|Kingambit, L50, M|
|poke|p2|Whimsicott, L50, M|
|poke|p2|Basculegion, L50, M|
|poke|p2|Garchomp, L50, F|
|poke|p2|Charizard, L50, M|
|poke|p2|Floette-Eternal, L50, F|
|teampreview|4
|showteam|p1|Floette-Eternal||Floettite|FlowerVeil|Moonblast,DazzlingGleam,LightofRuin,Protect|Modest||F|||50|]Excadrill||LifeOrb|SandRush|HighHorsepower,IronHead,RockSlide,Protect|Adamant||M|||50|]Tyranitar||ChoiceScarf|SandStream|RockSlide,KnockOff,LowKick,IcePunch|Jolly||F|||50|]Sneasler||WhiteHerb|Unburden|CloseCombat,GunkShot,FakeOut,Protect|Adamant||F|||50|]Basculegion||MysticWater|Adaptability|AquaJet,WaveCrash,LastRespects,Protect|Adamant||M|||50|]Whimsicott||FocusSash|Prankster|Moonblast,Encore,Tailwind,Protect|Timid||M|||50|
|showteam|p2|Kingambit||ChopleBerry|Defiant|KowtowCleave,LowKick,SuckerPunch,Protect|Adamant||M|||50|]Whimsicott||FocusSash|Prankster|Moonblast,Tailwind,Encore,Protect|Timid||M|||50|]Basculegion||MysticWater|Adaptability|WaveCrash,LastRespects,AquaJet,Protect|Adamant||M|||50|]Garchomp||LifeOrb|RoughSkin|DragonClaw,RockSlide,Earthquake,Protect|Jolly||F|||50|]Charizard||CharizarditeY|Blaze|WeatherBall,HeatWave,SolarBeam,Protect|Modest||M|||50|]Floette-Eternal||Floettite|FlowerVeil|Moonblast,DazzlingGleam,LightofRuin,Protect|Timid||F|||50|
|inactive|Battle timer is ON: inactive players will automatically lose when time's up. (requested by adandelionbreath)
|inactive|adandelionbreath has 60 seconds left.
|inactive|papoilo has 60 seconds left.
|
|t:|1785965344
|teamsize|p1|4
|teamsize|p2|4
|start
|switch|p1a: Tyranitar|Tyranitar, L50, F|100/100
|switch|p1b: Excadrill|Excadrill, L50, M|100/100
|switch|p2a: Basculegion|Basculegion, L50, M|100/100
|switch|p2b: Garchomp|Garchomp, L50, F|100/100
|-weather|Sandstorm|[from] ability: Sand Stream|[of] p1a: Tyranitar
|turn|1
|inactive|adandelionbreath has 30 seconds left.
|inactive|papoilo has 30 seconds left.
|
|t:|1785965382
|switch|p1a: Whimsicott|Whimsicott, L50, M|100/100
|move|p1b: Excadrill|Protect|p1b: Excadrill
|-singleturn|p1b: Excadrill|Protect
|move|p2a: Basculegion|Protect|p2a: Basculegion
|-singleturn|p2a: Basculegion|Protect
|move|p2b: Garchomp|Earthquake|p1a: Whimsicott|[spread] p1a
|-activate|p2a: Basculegion|move: Protect
|-activate|p1b: Excadrill|move: Protect
|-resisted|p1a: Whimsicott|1
|-damage|p1a: Whimsicott|62/100
|-damage|p2b: Garchomp|90/100|[from] item: Life Orb
|
|-weather|Sandstorm|[upkeep]
|-damage|p1a: Whimsicott|56/100|[from] Sandstorm
|-damage|p2a: Basculegion|94/100|[from] Sandstorm
|upkeep
|turn|2
|inactive|adandelionbreath has 30 seconds left.
|inactive|papoilo has 30 seconds left.
|
|t:|1785965411
|switch|p2a: Whimsicott|Whimsicott, L50, M|100/100
|move|p2b: Garchomp|Protect|p2b: Garchomp
|-singleturn|p2b: Garchomp|Protect
|move|p1b: Excadrill|Rock Slide|p2a: Whimsicott|[spread] 
|-activate|p2b: Garchomp|move: Protect
|-miss|p1b: Excadrill|p2a: Whimsicott
|move|p1a: Whimsicott|Moonblast|p2b: Garchomp
|-activate|p2b: Garchomp|move: Protect
|
|-weather|Sandstorm|[upkeep]
|-damage|p2a: Whimsicott|94/100|[from] Sandstorm
|-damage|p1a: Whimsicott|51/100|[from] Sandstorm
|upkeep
|turn|3
|
|t:|1785965431
|switch|p2b: Basculegion|Basculegion, L50, M|94/100
|move|p2a: Whimsicott|Tailwind|p2a: Whimsicott
|-sidestart|p2: papoilo|move: Tailwind
|move|p1a: Whimsicott|Encore||[still]
|-fail|p1a: Whimsicott
|move|p1b: Excadrill|Iron Head|p2a: Whimsicott
|-supereffective|p2a: Whimsicott|1
|-damage|p2a: Whimsicott|0 fnt
|faint|p2a: Whimsicott
|-damage|p1b: Excadrill|90/100|[from] item: Life Orb
|
|-weather|Sandstorm|[upkeep]
|-damage|p2b: Basculegion|88/100|[from] Sandstorm
|-damage|p1a: Whimsicott|45/100|[from] Sandstorm
|upkeep
|
|t:|1785965450
|switch|p2a: Garchomp|Garchomp, L50, F|90/100
|turn|4
|inactive|papoilo has 30 seconds left.
|
|t:|1785965480
|switch|p2a: Charizard|Charizard, L50, M|100/100
|move|p1a: Whimsicott|Protect|p1a: Whimsicott
|-singleturn|p1a: Whimsicott|Protect
|move|p1b: Excadrill|Protect|p1b: Excadrill
|-singleturn|p1b: Excadrill|Protect
|move|p2b: Basculegion|Wave Crash|p1b: Excadrill
|-activate|p1b: Excadrill|move: Protect
|
|-weather|Sandstorm|[upkeep]
|-damage|p2a: Charizard|93/100|[from] Sandstorm
|-damage|p2b: Basculegion|82/100|[from] Sandstorm
|-damage|p1a: Whimsicott|39/100|[from] Sandstorm
|upkeep
|turn|5
|inactive|adandelionbreath has 30 seconds left.
|
|t:|1785965507
|move|p1a: Whimsicott|Tailwind|p1a: Whimsicott
|-sidestart|p1: adandelionbreath|move: Tailwind
|move|p1b: Excadrill|Rock Slide|p2b: Basculegion|[spread] p2a,p2b
|-supereffective|p2a: Charizard|2
|-damage|p2a: Charizard|0 fnt
|-damage|p2b: Basculegion|47/100
|faint|p2a: Charizard
|-damage|p1b: Excadrill|80/100|[from] item: Life Orb
|move|p2b: Basculegion|Wave Crash|p1b: Excadrill
|-supereffective|p1b: Excadrill|1
|-crit|p1b: Excadrill
|-damage|p1b: Excadrill|0 fnt
|faint|p1b: Excadrill
|-damage|p2b: Basculegion|21/100|[from] Recoil
|
|-weather|none
|upkeep
|
|t:|1785965521
|switch|p2a: Garchomp|Garchomp, L50, F|90/100
|switch|p1b: Floette|Floette-Eternal, L50, F|100/100
|turn|6
|
|t:|1785965546
|detailschange|p1b: Floette|Floette-Mega, L50, F
|-mega|p1b: Floette|Floette|Floettite
|-ability|p1b: Floette|Fairy Aura
|move|p1a: Whimsicott|Protect|p1a: Whimsicott
|-singleturn|p1a: Whimsicott|Protect
|move|p1b: Floette|Protect|p1b: Floette
|-singleturn|p1b: Floette|Protect
|move|p2b: Basculegion|Aqua Jet|p1a: Whimsicott
|-activate|p1a: Whimsicott|move: Protect
|move|p2a: Garchomp|Earthquake|p1a: Whimsicott|[spread] p2b
|-activate|p1a: Whimsicott|move: Protect
|-activate|p1b: Floette|move: Protect
|-damage|p2b: Basculegion|0 fnt
|faint|p2b: Basculegion
|-damage|p2a: Garchomp|80/100|[from] item: Life Orb
|
|-sideend|p2: papoilo|move: Tailwind
|upkeep
|turn|7
|
|t:|1785965570
|move|p1a: Whimsicott|Encore|p2a: Garchomp
|-start|p2a: Garchomp|Encore
|move|p1b: Floette|Light of Ruin|p2a: Garchomp|[miss]
|-miss|p1b: Floette|p2a: Garchomp
|move|p2a: Garchomp|Earthquake|p1b: Floette|[spread] p1a,p1b
|-resisted|p1a: Whimsicott|1
|-damage|p1a: Whimsicott|3/100
|-damage|p1b: Floette|39/100
|-damage|p2a: Garchomp|70/100|[from] item: Life Orb
|
|upkeep
|turn|8
|
|t:|1785965579
|move|p1a: Whimsicott|Moonblast|p2a: Garchomp
|-supereffective|p2a: Garchomp|1
|-damage|p2a: Garchomp|0 fnt
|faint|p2a: Garchomp
|
|win|adandelionbreath
|raw|adandelionbreath's rating: 1144 → 1180(+36 for winning)
|raw|papoilo's rating: 1304 → 1275(-29 for losing)
|l|☆adandelionbreath
|player|p1|
