|j|☆erickpoux
|j|☆Lkizzz
|html|erickpouxLkizzz    
|uhtml|bestof|Game 3 of a best-of-3
|t:|1756164810
|gametype|doubles
|player|p1|erickpoux|nate|1112
|player|p2|Lkizzz|swimmer-gen4dp|1108
|gen|9
|tier|[Gen 9] VGC 2025 Reg H (Bo3)
|rated|
|rule|Species Clause: Limit one of each Pokémon
|rule|Item Clause: Limit 1 of each item
|clearpoke
|poke|p1|Volcarona, L50, F|
|poke|p1|Rillaboom, L50, M|
|poke|p1|Electabuzz, L50, M|
|poke|p1|Dragonite, L50, M|
|poke|p1|Ursaluna-Bloodmoon, L50, M|
|poke|p1|Whimsicott, L50, M|
|poke|p2|Porygon2, L50|
|poke|p2|Ursaluna, L50, F|
|poke|p2|Amoonguss, L50, F|
|poke|p2|Incineroar, L50, F|
|poke|p2|Basculegion, L50, M|
|poke|p2|Dragonite, L50, F|
|teampreview|4
|showteam|p1|Volcarona||CovertCloak|FlameBody|GigaDrain,HeatWave,QuiverDance,Protect|||F|||50|,,,,,Grass]Rillaboom||MiracleSeed|GrassySurge|WoodHammer,GrassyGlide,Uturn,FakeOut|||M|||50|,,,,,Grass]Electabuzz||Eviolite|VitalSpirit|FollowMe,Protect,Electroweb,Taunt|||M|||50|,,,,,Ghost]Dragonite||LoadedDice|Multiscale|ScaleShot,Tailwind,Haze,Protect|||M|||50|,,,,,Fairy]Ursaluna-Bloodmoon||LifeOrb|MindsEye|BloodMoon,EarthPower,HyperVoice,Protect|||M|||50|,,,,,Normal]Whimsicott||FocusSash|Prankster|Tailwind,Taunt,Moonblast,FakeTears|||M|||50|,,,,,Ghost
|showteam|p2|Porygon2||Eviolite|Download|TrickRoom,Recover,TeraBlast,IceBeam||||||50|,,,,,Flying]Ursaluna||FlameOrb|Guts|Protect,Facade,HeadlongRush,Earthquake|||F|||50|,,,,,Ghost]Amoonguss||RockyHelmet|Regenerator|Protect,Spore,RagePowder,PollenPuff|||F|||50|,,,,,Water]Incineroar||SafetyGoggles|Intimidate|FakeOut,KnockOff,FlareBlitz,PartingShot|||F|||50|,,,,,Ghost]Basculegion||ChoiceScarf|Adaptability|WaveCrash,AquaJet,LastRespects,FlipTurn|||M|||50|,,,,,Water]Dragonite||LoadedDice|Multiscale|Protect,ScaleShot,Haze,Tailwind|||F|||50|,,,,,Fairy
|
|t:|1756164827
|teamsize|p1|4
|teamsize|p2|4
|start
|switch|p1a: Electabuzz|Electabuzz, L50, M|100/100
|switch|p1b: Ursaluna|Ursaluna-Bloodmoon, L50, M|100/100
|switch|p2a: Big G|Incineroar, L50, F|100/100
|switch|p2b: Porygon2|Porygon2, L50, shiny|100/100
|-ability|p2a: Big G|Intimidate|boost
|-unboost|p1a: Electabuzz|atk|1
|-unboost|p1b: Ursaluna|atk|1
|-ability|p2b: Porygon2|Download|boost
|-boost|p2b: Porygon2|spa|1
|turn|1
|inactive|Battle timer is ON: inactive players will automatically lose when time's up. (requested by erickpoux)
|
|t:|1756164853
|-terastallize|p1a: Electabuzz|Ghost
|move|p1b: Ursaluna|Protect|p1b: Ursaluna
|-singleturn|p1b: Ursaluna|Protect
|move|p1a: Electabuzz|Taunt|p2b: Porygon2
|-start|p2b: Porygon2|move: Taunt
|move|p2a: Big G|Knock Off|p1a: Electabuzz
|-supereffective|p1a: Electabuzz
|-damage|p1a: Electabuzz|41/100
|-enditem|p1a: Electabuzz|Eviolite|[from] move: Knock Off|[of] p2a: Big G
|cant|p2b: Porygon2|move: Taunt|Trick Room
|
|upkeep
|turn|2
|
|t:|1756164872
|switch|p2a: Basculegion|Basculegion, L50, M|100/100
|move|p1a: Electabuzz|Electroweb|p2b: Porygon2|[spread] p2a,p2b
|-supereffective|p2a: Basculegion
|-damage|p2a: Basculegion|67/100
|-damage|p2b: Porygon2|92/100
|-unboost|p2a: Basculegion|spe|1
|-unboost|p2b: Porygon2|spe|1
|move|p1b: Ursaluna|Blood Moon|p2b: Porygon2
|-damage|p2b: Porygon2|35/100
|-damage|p1b: Ursaluna|91/100|[from] item: Life Orb
|move|p2b: Porygon2|Ice Beam|p1b: Ursaluna
|-supereffective|p1b: Ursaluna
|-damage|p1b: Ursaluna|0 fnt
|faint|p1b: Ursaluna
|
|upkeep
|
|t:|1756164883
|switch|p1b: Rillaboom|Rillaboom, L50, M|100/100
|-fieldstart|move: Grassy Terrain|[from] ability: Grassy Surge|[of] p1b: Rillaboom
|turn|3
|
|t:|1756164901
|switch|p2b: Big G|Incineroar, L50, F|100/100
|-ability|p2b: Big G|Intimidate|boost
|-unboost|p1a: Electabuzz|atk|1
|-unboost|p1b: Rillaboom|atk|1
|move|p1b: Rillaboom|Wood Hammer|p2b: Big G
|-resisted|p2b: Big G
|-damage|p2b: Big G|71/100
|-damage|p1b: Rillaboom|89/100|[from] Recoil
|move|p2a: Basculegion|Flip Turn|p1a: Electabuzz
|-damage|p1a: Electabuzz|0 fnt
|faint|p1a: Electabuzz
|
|t:|1756164914
|switch|p2a: Porygon2|Porygon2, L50, shiny|35/100|[from] Flip Turn
|-ability|p2a: Porygon2|Download|boost
|-boost|p2a: Porygon2|spa|1
|
|-heal|p1b: Rillaboom|95/100|[from] Grassy Terrain
|-heal|p2b: Big G|77/100|[from] Grassy Terrain
|-heal|p2a: Porygon2|41/100|[from] Grassy Terrain
|upkeep
|
|t:|1756164921
|switch|p1a: Volcarona|Volcarona, L50, F|100/100
|turn|4
|inactive|erickpoux has 30 seconds left.
|
|t:|1756164947
|-terastallize|p2a: Porygon2|Flying
|move|p2b: Big G|Fake Out|p1b: Rillaboom
|-damage|p1b: Rillaboom|83/100
|cant|p1b: Rillaboom|flinch
|move|p1a: Volcarona|Heat Wave|p2a: Porygon2|[spread] p2a,p2b
|-resisted|p2b: Big G
|-damage|p2a: Porygon2|18/100
|-damage|p2b: Big G|56/100
|move|p2a: Porygon2|Trick Room|p2a: Porygon2
|-fieldstart|move: Trick Room|[of] p2a: Porygon2
|
|-heal|p2b: Big G|62/100|[from] Grassy Terrain
|-heal|p1b: Rillaboom|89/100|[from] Grassy Terrain
|upkeep
|turn|5
|inactive|erickpoux has 30 seconds left.
|inactive|erickpoux has 20 seconds left.
|
|t:|1756164982
|move|p1b: Rillaboom|Grassy Glide|p2a: Porygon2
|-resisted|p2a: Porygon2
|-damage|p2a: Porygon2|8/100
|move|p2a: Porygon2|Recover|p2a: Porygon2
|-heal|p2a: Porygon2|58/100
|move|p1a: Volcarona|Giga Drain|p2b: Big G
|-resisted|p2b: Big G
|-damage|p2b: Big G|44/100
|move|p2b: Big G|Flare Blitz|p1b: Rillaboom
|-supereffective|p1b: Rillaboom
|-damage|p1b: Rillaboom|0 fnt
|faint|p1b: Rillaboom
|-damage|p2b: Big G|19/100|[from] Recoil
|
|-heal|p2b: Big G|25/100|[from] Grassy Terrain
|upkeep
|turn|6
|
|t:|1756164998
|move|p1a: Volcarona|Protect|p1a: Volcarona
|-singleturn|p1a: Volcarona|Protect
|move|p2a: Porygon2|Tera Blast|p1a: Volcarona|[anim] Tera Blast Flying
|-activate|p1a: Volcarona|move: Protect
|move|p2b: Big G|Parting Shot|p1a: Volcarona
|-activate|p1a: Volcarona|move: Protect
|
|-heal|p2b: Big G|31/100|[from] Grassy Terrain
|upkeep
|turn|7
|
|t:|1756165011
|move|p2a: Porygon2|Tera Blast|p1a: Volcarona|[anim] Tera Blast Flying
|-supereffective|p1a: Volcarona
|-damage|p1a: Volcarona|2/100
|move|p1a: Volcarona|Quiver Dance|p1a: Volcarona
|-boost|p1a: Volcarona|spa|1
|-boost|p1a: Volcarona|spd|1
|-boost|p1a: Volcarona|spe|1
|move|p2b: Big G|Parting Shot|p1a: Volcarona
|-unboost|p1a: Volcarona|atk|1
|-unboost|p1a: Volcarona|spa|1
|
|t:|1756165017
|switch|p2b: Ursaluna|Ursaluna, L50, F|100/100|[from] Parting Shot
|
|-heal|p1a: Volcarona|8/100|[from] Grassy Terrain
|-fieldend|move: Grassy Terrain
|-status|p2b: Ursaluna|brn|[from] item: Flame Orb
|upkeep
|turn|8
|
|t:|1756165024
|move|p1a: Volcarona|Protect|p1a: Volcarona
|-singleturn|p1a: Volcarona|Protect
|move|p2a: Porygon2|Recover|p2a: Porygon2
|-heal|p2a: Porygon2|100/100
|move|p2b: Ursaluna|Facade|p1a: Volcarona
|-activate|p1a: Volcarona|move: Protect
|
|-damage|p2b: Ursaluna|94/100 brn|[from] brn
|-fieldend|move: Trick Room
|upkeep
|turn|9
|
|t:|1756165034
|move|p2b: Ursaluna|Protect|p2b: Ursaluna
|-singleturn|p2b: Ursaluna|Protect
|move|p1a: Volcarona|Heat Wave|p2a: Porygon2|[spread] p2a
|-activate|p2b: Ursaluna|move: Protect
|-damage|p2a: Porygon2|75/100
|move|p2a: Porygon2|Trick Room|p2a: Porygon2
|-fieldstart|move: Trick Room|[of] p2a: Porygon2
|
|-damage|p2b: Ursaluna|88/100 brn|[from] brn
|upkeep
|turn|10
|
|t:|1756165044
|move|p2a: Porygon2|Tera Blast|p1a: Volcarona|[anim] Tera Blast Flying
|-supereffective|p1a: Volcarona
|-damage|p1a: Volcarona|0 fnt
|faint|p1a: Volcarona
|
|win|Lkizzz
|raw|erickpoux's rating: 1112 → 1087(-25 for losing)
|raw|Lkizzz's rating: 1108 → 1133(+25 for winning)
|l|☆Lkizzz
|player|p2|
