|j|☆SeeYouInSf
|j|☆JammVGC
|html|SeeYouInSfJammVGC    
|uhtml|bestof|Game 3 of a best-of-3
|t:|1754419160
|gametype|doubles
|player|p1|SeeYouInSf|unknown|1168
|player|p2|JammVGC|marshal|1241
|gen|9
|tier|[Gen 9] VGC 2025 Reg H (Bo3)
|rated|
|rule|Species Clause: Limit one of each Pokémon
|rule|Item Clause: Limit 1 of each item
|clearpoke
|poke|p1|Lilligant-Hisui, L50, F|
|poke|p1|Hatterene, L50, F|
|poke|p1|Ursaluna, L50, F|
|poke|p1|Indeedee-F, L50, F|
|poke|p1|Torkoal, L50, M|
|poke|p1|Gallade, L50, M|
|poke|p2|Sneasler, L50, F|
|poke|p2|Indeedee, L50, M|
|poke|p2|Whimsicott, L50, F|
|poke|p2|Archaludon, L50, M|
|poke|p2|Delphox, L50, F|
|poke|p2|Garchomp, L50, M|
|teampreview|4
|showteam|p1|Lilligant-Hisui||FocusSash|Chlorophyll|TripleAxel,AfterYou,CloseCombat,SleepPowder|||F|||50|,,,,,Ghost]Hatterene||CovertCloak|MagicBounce|DazzlingGleam,ExpandingForce,TrickRoom,MysticalFire|||F|||50|,,,,,Fire]Ursaluna||FlameOrb|Guts|Facade,HeadlongRush,Earthquake,Protect|||F|||50|,,,,,Ghost]Indeedee-F||PsychicSeed|PsychicSurge|Psychic,TrickRoom,HelpingHand,FollowMe|||F|||50|,,,,,Dragon]Torkoal||FlamePlate|Drought|Eruption,WeatherBall,HeatWave,Protect|||M|||50|,,,,,Fire]Gallade||ClearAmulet|Sharpness|PsychoCut,SacredSword,TrickRoom,WideGuard|||M|||50|,,,,,Grass
|showteam|p2|Sneasler||PsychicSeed|Unburden|Protect,DireClaw,CloseCombat,ThroatChop|||F|||50|,,,,,Dark]Indeedee||FocusSash|PsychicSurge|TeraBlast,Imprison,ExpandingForce,TrickRoom|||M|||50|,,,,,Psychic]Whimsicott||CovertCloak|Prankster|Moonblast,Tailwind,SunnyDay,Encore|||F|||50|,,,,,Ghost]Archaludon||PowerHerb|Sturdy|ElectroShot,DragonPulse,FlashCannon,Protect|||M|||50|,,,,,Bug]Delphox||LifeOrb|Blaze|ExpandingForce,HeatWave,TeraBlast,Protect|||F|||50|,,,,,Fighting]Garchomp||ClearAmulet|RoughSkin|Earthquake,StompingTantrum,DragonClaw,Protect|||M|||50|,,,,,Fire
|inactive|Battle timer is ON: inactive players will automatically lose when time's up. (requested by SeeYouInSf)
|inactive|SeeYouInSf has 60 seconds left.
|
|t:|1754419200
|teamsize|p1|4
|teamsize|p2|4
|start
|switch|p1a: Hatterene|Hatterene, L50, F|100/100
|switch|p1b: Indeedee|Indeedee-F, L50, F|100/100
|switch|p2a: Indeedee|Indeedee, L50, M|100/100
|switch|p2b: Sneasler|Sneasler, L50, F|100/100
|-fieldstart|move: Psychic Terrain|[from] ability: Psychic Surge|[of] p2a: Indeedee
|-enditem|p2b: Sneasler|Psychic Seed
|-boost|p2b: Sneasler|spd|1|[from] item: Psychic Seed
|-enditem|p1b: Indeedee|Psychic Seed
|-boost|p1b: Indeedee|spd|1|[from] item: Psychic Seed
|turn|1
|
|t:|1754419222
|move|p2b: Sneasler|Protect|p2b: Sneasler
|-singleturn|p2b: Sneasler|Protect
|move|p1b: Indeedee|Follow Me|p1b: Indeedee
|-singleturn|p1b: Indeedee|move: Follow Me
|move|p2a: Indeedee|Imprison|p2a: Indeedee
|-start|p2a: Indeedee|move: Imprison
|move|p1a: Hatterene|Dazzling Gleam|p2a: Indeedee|[spread] p2a
|-activate|p2b: Sneasler|move: Protect
|-damage|p2a: Indeedee|54/100
|
|upkeep
|turn|2
|
|t:|1754419237
|move|p1b: Indeedee|Follow Me|p1b: Indeedee
|-singleturn|p1b: Indeedee|move: Follow Me
|move|p2b: Sneasler|Dire Claw|p1b: Indeedee
|-crit|p1b: Indeedee
|-damage|p1b: Indeedee|34/100
|move|p2a: Indeedee|Expanding Force|p1b: Indeedee|[spread] p1a,p1b
|-resisted|p1a: Hatterene
|-resisted|p1b: Indeedee
|-damage|p1a: Hatterene|71/100
|-damage|p1b: Indeedee|17/100
|move|p1a: Hatterene|Dazzling Gleam|p2b: Sneasler|[spread] p2a,p2b
|-damage|p2a: Indeedee|5/100
|-damage|p2b: Sneasler|70/100
|
|upkeep
|turn|3
|
|t:|1754419253
|move|p1b: Indeedee|Follow Me|p1b: Indeedee
|-singleturn|p1b: Indeedee|move: Follow Me
|move|p2b: Sneasler|Dire Claw|p1b: Indeedee
|-damage|p1b: Indeedee|0 fnt
|faint|p1b: Indeedee
|move|p2a: Indeedee|Tera Blast|p1a: Hatterene
|-damage|p1a: Hatterene|30/100
|move|p1a: Hatterene|Dazzling Gleam|p2b: Sneasler|[spread] p2a,p2b
|-crit|p2b: Sneasler
|-damage|p2a: Indeedee|0 fnt
|-damage|p2b: Sneasler|0 fnt
|faint|p2a: Indeedee
|faint|p2b: Sneasler
|
|upkeep
|
|t:|1754419273
|switch|p2b: Whimsicott|Whimsicott, L50, F|100/100
|switch|p2a: Delphox|Delphox, L50, F|100/100
|switch|p1b: Gallade|Gallade, L50, M|100/100
|turn|4
|inactive|SeeYouInSf has 30 seconds left.
|inactive|JammVGC has 30 seconds left.
|inactive|SeeYouInSf has 20 seconds left.
|inactive|SeeYouInSf has 15 seconds left.
|inactive|SeeYouInSf has 10 seconds left.
|inactive|SeeYouInSf has 5 seconds left.
|
|t:|1754419327
|move|p2b: Whimsicott|Moonblast|p1a: Hatterene
|-damage|p1a: Hatterene|0 fnt
|faint|p1a: Hatterene
|move|p2a: Delphox|Expanding Force|p1b: Gallade
|-damage|p1b: Gallade|8/100
|-damage|p2a: Delphox|90/100|[from] item: Life Orb
|move|p1b: Gallade|Psycho Cut|p2b: Whimsicott
|-damage|p2b: Whimsicott|0 fnt
|faint|p2b: Whimsicott
|
|upkeep
|
|t:|1754419337
|switch|p1a: Ursaluna|Ursaluna, L50, F|100/100
|turn|5
|inactive|SeeYouInSf has 30 seconds left.
|
|t:|1754419365
|-terastallize|p2a: Delphox|Fighting
|move|p1b: Gallade|Wide Guard|p1b: Gallade
|-singleturn|p1b: Gallade|Wide Guard
|move|p2a: Delphox|Tera Blast|p1b: Gallade|[anim] Tera Blast Fighting
|-resisted|p1b: Gallade
|-damage|p1b: Gallade|0 fnt
|faint|p1b: Gallade
|-damage|p2a: Delphox|80/100|[from] item: Life Orb
|move|p1a: Ursaluna|Headlong Rush|p2a: Delphox
|-damage|p2a: Delphox|0 fnt
|-unboost|p1a: Ursaluna|def|1
|-unboost|p1a: Ursaluna|spd|1
|faint|p2a: Delphox
|
|win|SeeYouInSf
|raw|SeeYouInSf's rating: 1168 → 1198(+30 for winning)
|raw|JammVGC's rating: 1241 → 1211(-30 for losing)
|c|☆SeeYouInSf|ggs
|l|☆JammVGC
|player|p2|
