|j|☆lettitripppp
|j|☆throat chop user
|html|lettitrippppthroat chop user    
|uhtml|bestof|Game 2 of a best-of-3
|t:|1783885802
|gametype|doubles
|player|p1|lettitripppp|lucas|1222
|player|p2|throat chop user|may|1361
|gen|9
|tier|[Gen 9 Champions] VGC 2026 Reg M-B (Bo3)
|rated|
|rule|Species Clause: Limit one of each Pokémon
|rule|Item Clause: Limit 1 of each item
|clearpoke
|poke|p1|Charizard, L50, M|
|poke|p1|Floette-Eternal, L50, F|
|poke|p1|Basculegion, L50, M|
|poke|p1|Whimsicott, L50, M, shiny|
|poke|p1|Garchomp, L50, M, shiny|
|poke|p1|Kingambit, L50, M, shiny|
|poke|p2|Aerodactyl, L50, F|
|poke|p2|Incineroar, L50, F|
|poke|p2|Garchomp, L50, M|
|poke|p2|Charizard, L50, F|
|poke|p2|Kingambit, L50, F|
|poke|p2|Sylveon, L50, M|
|teampreview|4
|showteam|p1|Charizard||CharizarditeY|Blaze|WeatherBall,SolarBeam,HeatWave,Protect|Modest||M|||50|]Floette-Eternal||Floettite|FlowerVeil|DazzlingGleam,LightofRuin,Moonblast,Protect|Modest||F|||50|]Basculegion||MysticWater|Adaptability|LastRespects,WaveCrash,AquaJet,Protect|Adamant||M|||50|]Whimsicott||FocusSash|Prankster|Moonblast,Tailwind,Encore,Protect|Timid||M|||50|]Garchomp||LifeOrb|RoughSkin|DragonClaw,Earthquake,RockSlide,Protect|Jolly||M|||50|]Kingambit||ChopleBerry|Defiant|KowtowCleave,SuckerPunch,IronHead,LowKick|Adamant||M|||50|
|showteam|p2|Aerodactyl||Aerodactylite|Unnerve|Tailwind,RockSlide,IceFang,WideGuard|Jolly||F|||50|]Incineroar||SitrusBerry|Intimidate|FakeOut,FlareBlitz,DarkestLariat,PartingShot|Impish||F|||50|]Garchomp||LifeOrb|RoughSkin|Earthquake,DragonClaw,RockSlide,Protect|Jolly||M|||50|]Charizard||CharizarditeY|Blaze|HeatWave,WeatherBall,SolarBeam,Protect|Modest||F|||50|]Kingambit||FocusSash|Defiant|KowtowCleave,SuckerPunch,IronHead,Protect|Adamant||F|||50|]Sylveon||FairyFeather|Pixilate|HyperVoice,HyperBeam,QuickAttack,Detect|Modest||M|||50|
|inactive|Battle timer is ON: inactive players will automatically lose when time's up. (requested by lettitripppp)
|
|t:|1783885822
|teamsize|p1|4
|teamsize|p2|4
|start
|switch|p1a: RUINOUS LIGHT|Floette-Eternal, L50, F|100/100
|switch|p1b: LETS GO GO|Whimsicott, L50, M, shiny|100/100
|switch|p2a: Charizard|Charizard, L50, F|100/100
|switch|p2b: Incineroar|Incineroar, L50, F|100/100
|-ability|p2b: Incineroar|Intimidate|boost
|-unboost|p1a: RUINOUS LIGHT|atk|1
|-block|p1b: LETS GO GO|ability: Flower Veil|[of] p1a: RUINOUS LIGHT
|turn|1
|
|t:|1783885827
|detailschange|p2a: Charizard|Charizard-Mega-Y, L50, F
|-mega|p2a: Charizard|Charizard|Charizardite Y
|-weather|SunnyDay|[from] ability: Drought|[of] p2a: Charizard
|move|p1b: LETS GO GO|Protect|p1b: LETS GO GO
|-singleturn|p1b: LETS GO GO|Protect
|move|p1a: RUINOUS LIGHT|Protect|p1a: RUINOUS LIGHT
|-singleturn|p1a: RUINOUS LIGHT|Protect
|move|p2a: Charizard|Heat Wave|p1b: LETS GO GO|[spread] 
|-activate|p1a: RUINOUS LIGHT|move: Protect
|-activate|p1b: LETS GO GO|move: Protect
|move|p2b: Incineroar|Parting Shot|p1a: RUINOUS LIGHT
|-activate|p1a: RUINOUS LIGHT|move: Protect
|
|-weather|SunnyDay|[upkeep]
|upkeep
|turn|2
|inactive|throat chop user has 30 seconds left.
|
|t:|1783885856
|detailschange|p1a: RUINOUS LIGHT|Floette-Mega, L50, F
|-mega|p1a: RUINOUS LIGHT|Floette|Floettite
|-ability|p1a: RUINOUS LIGHT|Fairy Aura
|move|p1b: LETS GO GO|Moonblast|p2b: Incineroar
|-damage|p2b: Incineroar|68/100
|move|p1a: RUINOUS LIGHT|Moonblast|p2b: Incineroar
|-damage|p2b: Incineroar|0 fnt
|faint|p2b: Incineroar
|move|p2a: Charizard|Heat Wave|p1a: RUINOUS LIGHT|[spread] p1a,p1b
|-supereffective|p1b: LETS GO GO|1
|-damage|p1a: RUINOUS LIGHT|44/100
|-enditem|p1b: LETS GO GO|Focus Sash
|-damage|p1b: LETS GO GO|1/100
|
|-weather|SunnyDay|[upkeep]
|upkeep
|
|t:|1783885863
|switch|p2b: Sylveon|Sylveon, L50, M|100/100
|turn|3
|
|t:|1783885878
|move|p2b: Sylveon|Quick Attack|p1b: LETS GO GO
|-damage|p1b: LETS GO GO|0 fnt
|faint|p1b: LETS GO GO
|move|p1a: RUINOUS LIGHT|Light of Ruin|p2a: Charizard
|-resisted|p2a: Charizard|1
|-damage|p2a: Charizard|50/100g
|-damage|p1a: RUINOUS LIGHT|14/100|[from] Recoil
|move|p2a: Charizard|Heat Wave|p1a: RUINOUS LIGHT
|-damage|p1a: RUINOUS LIGHT|0 fnt
|faint|p1a: RUINOUS LIGHT
|
|-weather|SunnyDay|[upkeep]
|upkeep
|
|t:|1783885886
|switch|p1b: CRUSH SHARK|Garchomp, L50, M, shiny|100/100
|switch|p1a: GENERAL BLADUS|Kingambit, L50, M, shiny|100/100
|turn|4
|
|t:|1783885903
|switch|p2a: Kingambit|Kingambit, L50, F|100/100
|move|p1b: CRUSH SHARK|Rock Slide|p2a: Kingambit|[spread] p2a,p2b
|-resisted|p2a: Kingambit|1
|-damage|p2a: Kingambit|89/100
|-damage|p2b: Sylveon|68/100
|-damage|p1b: CRUSH SHARK|90/100|[from] item: Life Orb
|move|p2b: Sylveon|Hyper Voice|p1a: GENERAL BLADUS|[spread] p1a,p1b
|-supereffective|p1b: CRUSH SHARK|1
|-damage|p1a: GENERAL BLADUS|52/100
|-damage|p1b: CRUSH SHARK|0 fnt
|faint|p1b: CRUSH SHARK
|move|p1a: GENERAL BLADUS|Iron Head|p2b: Sylveon
|-supereffective|p2b: Sylveon|1
|-damage|p2b: Sylveon|0 fnt
|faint|p2b: Sylveon
|
|-weather|SunnyDay|[upkeep]
|upkeep
|
|t:|1783885915
|switch|p2b: Charizard|Charizard-Mega-Y, L50, F|50/100g
|turn|5
|
|t:|1783885920
|move|p2b: Charizard|Weather Ball|p1a: GENERAL BLADUS
|-supereffective|p1a: GENERAL BLADUS|1
|-damage|p1a: GENERAL BLADUS|0 fnt
|faint|p1a: GENERAL BLADUS
|
|win|throat chop user
