|j|☆Scheederderechte
|j|☆Keeper08
|html|ScheederderechteKeeper08    
|uhtml|bestof|Game 1 of a best-of-3
|t:|1757858964
|gametype|doubles
|player|p1|Scheederderechte|2|1151
|player|p2|Keeper08|lance|1125
|gen|9
|tier|[Gen 9] VGC 2025 Reg H (Bo3)
|rated|
|rule|Species Clause: Limit one of each Pokémon
|rule|Item Clause: Limit 1 of each item
|clearpoke
|poke|p1|Sylveon, L50, M|
|poke|p1|Incineroar, L50, F|
|poke|p1|Sneasler, L50, F|
|poke|p1|Rillaboom, L50, F|
|poke|p1|Dragonite, L50, M|
|poke|p1|Gholdengo, L50|
|poke|p2|Hydreigon, L50, F|
|poke|p2|Rillaboom, L50, M|
|poke|p2|Volcarona, L50, M|
|poke|p2|Klefki, L50, F|
|poke|p2|Archaludon, L50, F|
|poke|p2|Empoleon, L50, F|
|teampreview|4
|showteam|p1|Sylveon||Leftovers|Pixilate|HyperVoice,CalmMind,TeraBlast,Protect|||M|||50|,,,,,Fire]Incineroar||SafetyGoggles|Intimidate|FakeOut,FlareBlitz,KnockOff,PartingShot|||F|||50|,,,,,Ghost]Sneasler||GrassySeed|Unburden|CloseCombat,DireClaw,ThroatChop,Protect|||F|||50|,,,,,Dark]Rillaboom||AssaultVest|GrassySurge|FakeOut,GrassyGlide,Uturn,HighHorsepower|||F|||50|,,,,,Fire]Dragonite||LoadedDice|InnerFocus|Protect,ScaleShot,Tailwind,Haze|||M|||50|,,,,,Fairy]Gholdengo||LifeOrb|GoodasGold|MakeItRain,ShadowBall,NastyPlot,Protect||||||50|,,,,,Water
|showteam|p2|Hydreigon||CovertCloak|Levitate|DracoMeteor,Snarl,Tailwind,DarkPulse|||F|||50|,,,,,Poison]Rillaboom||AssaultVest|GrassySurge|FakeOut,WoodHammer,GrassyGlide,HighHorsepower|||M|||50|,,,,,Ground]Volcarona||SitrusBerry|FlameBody|HeatWave,BugBuzz,QuiverDance,Protect|||M|||50|,,,,,Water]Klefki||LightClay|Prankster|Reflect,LightScreen,DazzlingGleam,ThunderWave|||F|||50|,,,,,Water]Archaludon||Leftovers|Stamina|DracoMeteor,FlashCannon,ElectroShot,BodyPress|||F|||50|,,,,,Fairy]Empoleon||WideLens|Competitive|HydroPump,FlashCannon,IceBeam,IcyWind|||F|||50|,,,,,Flying
|inactive|Battle timer is ON: inactive players will automatically lose when time's up. (requested by Keeper08)
|inactive|Scheederderechte has 60 seconds left.
|inactive|Keeper08 has 60 seconds left.
|
|t:|1757859018
|teamsize|p1|4
|teamsize|p2|4
|start
|switch|p1a: Dragonite|Dragonite, L50, M|100/100
|switch|p1b: Incineroar|Incineroar, L50, F|100/100
|switch|p2a: Klefki|Klefki, L50, F|100/100
|switch|p2b: Volcarona|Volcarona, L50, M, shiny|100/100
|-ability|p1b: Incineroar|Intimidate|boost
|-unboost|p2a: Klefki|atk|1
|-unboost|p2b: Volcarona|atk|1
|turn|1
|
|t:|1757859040
|-terastallize|p1a: Dragonite|Fairy
|move|p1b: Incineroar|Fake Out|p2a: Klefki
|-resisted|p2a: Klefki
|-damage|p2a: Klefki|95/100
|cant|p2a: Klefki|flinch
|move|p2b: Volcarona|Bug Buzz|p1b: Incineroar
|-damage|p1b: Incineroar|60/100
|move|p1a: Dragonite|Scale Shot|p2b: Volcarona
|-damage|p2b: Volcarona|81/100
|-damage|p2b: Volcarona|62/100
|-damage|p2b: Volcarona|44/100
|-enditem|p2b: Volcarona|Sitrus Berry|[eat]
|-heal|p2b: Volcarona|69/100|[from] item: Sitrus Berry
|-damage|p2b: Volcarona|52/100
|-damage|p2b: Volcarona|32/100
|-hitcount|p2b: Volcarona|5
|-unboost|p1a: Dragonite|def|1
|-boost|p1a: Dragonite|spe|1
|
|upkeep
|turn|2
|inactive|Scheederderechte has 30 seconds left.
|
|t:|1757859068
|switch|p2b: Archaludon|Archaludon, L50, F, shiny|100/100
|move|p2a: Klefki|Reflect|p2a: Klefki
|-sidestart|p2: Keeper08|Reflect
|move|p1a: Dragonite|Tailwind|p1a: Dragonite
|-sidestart|p1: Scheederderechte|move: Tailwind
|move|p1b: Incineroar|Flare Blitz|p2a: Klefki
|-supereffective|p2a: Klefki
|-damage|p2a: Klefki|36/100
|-damage|p1b: Incineroar|44/100|[from] Recoil
|
|upkeep
|turn|3
|
|t:|1757859092
|-terastallize|p2b: Archaludon|Fairy
|move|p1a: Dragonite|Protect|p1a: Dragonite
|-singleturn|p1a: Dragonite|Protect
|move|p2a: Klefki|Thunder Wave|p1a: Dragonite
|-activate|p1a: Dragonite|move: Protect
|move|p1b: Incineroar|Parting Shot|p2b: Archaludon
|-unboost|p2b: Archaludon|atk|1
|-unboost|p2b: Archaludon|spa|1
|
|t:|1757859105
|switch|p1b: Sylveon|Sylveon, L50, M|100/100|[from] Parting Shot
|move|p2b: Archaludon|Body Press|p1b: Sylveon
|-resisted|p1b: Sylveon
|-crit|p1b: Sylveon
|-damage|p1b: Sylveon|83/100
|
|-heal|p1b: Sylveon|89/100|[from] item: Leftovers
|upkeep
|turn|4
|
|t:|1757859129
|switch|p1a: Incineroar|Incineroar, L50, F|44/100
|-ability|p1a: Incineroar|Intimidate|boost
|-unboost|p2a: Klefki|atk|1
|-unboost|p2b: Archaludon|atk|1
|move|p2a: Klefki|Light Screen|p2a: Klefki
|-sidestart|p2: Keeper08|move: Light Screen
|move|p1b: Sylveon|Calm Mind|p1b: Sylveon
|-boost|p1b: Sylveon|spa|1
|-boost|p1b: Sylveon|spd|1
|move|p2b: Archaludon|Flash Cannon|p1a: Incineroar
|-resisted|p1a: Incineroar
|-damage|p1a: Incineroar|33/100
|
|-heal|p1b: Sylveon|95/100|[from] item: Leftovers
|upkeep
|turn|5
|
|t:|1757859146
|move|p1a: Incineroar|Fake Out|p2a: Klefki
|-resisted|p2a: Klefki
|-damage|p2a: Klefki|33/100
|cant|p2a: Klefki|flinch
|move|p1b: Sylveon|Calm Mind|p1b: Sylveon
|-boost|p1b: Sylveon|spa|1
|-boost|p1b: Sylveon|spd|1
|move|p2b: Archaludon|Flash Cannon|p1b: Sylveon
|-supereffective|p1b: Sylveon
|-damage|p1b: Sylveon|75/100
|
|-heal|p1b: Sylveon|82/100|[from] item: Leftovers
|-sideend|p1: Scheederderechte|move: Tailwind
|upkeep
|turn|6
|
|t:|1757859168
|switch|p2b: Volcarona|Volcarona, L50, M, shiny|32/100
|move|p2a: Klefki|Thunder Wave|p1b: Sylveon
|-status|p1b: Sylveon|par
|move|p1a: Incineroar|Parting Shot|p2b: Volcarona
|-unboost|p2b: Volcarona|atk|1
|-unboost|p2b: Volcarona|spa|1
|
|t:|1757859177
|switch|p1a: Rillaboom|Rillaboom, L50, F|100/100|[from] Parting Shot
|-fieldstart|move: Grassy Terrain|[from] ability: Grassy Surge|[of] p1a: Rillaboom
|cant|p1b: Sylveon|par
|
|-heal|p2b: Volcarona|38/100|[from] Grassy Terrain
|-heal|p2a: Klefki|38/100|[from] Grassy Terrain
|-heal|p1b: Sylveon|88/100 par|[from] Grassy Terrain
|-heal|p1b: Sylveon|94/100 par|[from] item: Leftovers
|upkeep
|turn|7
|
|t:|1757859200
|switch|p2b: Archaludon|Archaludon, L50, F, shiny, tera:Fairy|100/100
|move|p1a: Rillaboom|Fake Out|p2b: Archaludon
|-damage|p2b: Archaludon|93/100
|-ability|p2b: Archaludon|Stamina|boost
|-boost|p2b: Archaludon|def|1
|move|p2a: Klefki|Thunder Wave|p1a: Rillaboom
|-status|p1a: Rillaboom|par
|move|p1b: Sylveon|Hyper Voice|p2b: Archaludon|[spread] p2a,p2b
|-resisted|p2a: Klefki
|-damage|p2a: Klefki|9/100
|-damage|p2b: Archaludon|32/100
|-ability|p2b: Archaludon|Stamina|boost
|-boost|p2b: Archaludon|def|1
|
|-heal|p2b: Archaludon|38/100|[from] Grassy Terrain
|-heal|p2b: Archaludon|44/100|[from] item: Leftovers
|-heal|p2a: Klefki|15/100|[from] Grassy Terrain
|-heal|p1b: Sylveon|99/100 par|[from] Grassy Terrain
|-heal|p1b: Sylveon|100/100 par|[from] item: Leftovers
|upkeep
|turn|8
|
|t:|1757859218
|move|p2b: Archaludon|Flash Cannon|p1b: Sylveon
|-supereffective|p1b: Sylveon
|-damage|p1b: Sylveon|70/100 par
|move|p2a: Klefki|Dazzling Gleam|p1a: Rillaboom|[spread] p1a,p1b
|-damage|p1a: Rillaboom|87/100 par
|-damage|p1b: Sylveon|64/100 par
|move|p1a: Rillaboom|U-turn|p2a: Klefki
|-resisted|p2a: Klefki
|-damage|p2a: Klefki|11/100
|
|t:|1757859227
|switch|p1a: Incineroar|Incineroar, L50, F|33/100|[from] U-turn
|-ability|p1a: Incineroar|Intimidate|boost
|-unboost|p2a: Klefki|atk|1
|-unboost|p2b: Archaludon|atk|1
|move|p1b: Sylveon|Hyper Voice|p2b: Archaludon|[spread] p2a,p2b
|-resisted|p2a: Klefki
|-damage|p2a: Klefki|0 fnt
|-damage|p2b: Archaludon|0 fnt
|faint|p2a: Klefki
|faint|p2b: Archaludon
|
|-heal|p1a: Incineroar|39/100|[from] Grassy Terrain
|-heal|p1b: Sylveon|70/100 par|[from] Grassy Terrain
|-heal|p1b: Sylveon|76/100 par|[from] item: Leftovers
|upkeep
|
|t:|1757859234
|switch|p2b: Volcarona|Volcarona, L50, M, shiny|38/100
|switch|p2a: Empoleon|Empoleon, L50, F|100/100
|turn|9
|
|t:|1757859252
|move|p1a: Incineroar|Fake Out|p2a: Empoleon
|-resisted|p2a: Empoleon
|-damage|p2a: Empoleon|97/100
|move|p2b: Volcarona|Quiver Dance|p2b: Volcarona
|-boost|p2b: Volcarona|spa|1
|-boost|p2b: Volcarona|spd|1
|-boost|p2b: Volcarona|spe|1
|cant|p2a: Empoleon|flinch
|move|p1b: Sylveon|Hyper Voice|p2b: Volcarona|[spread] p2a,p2b
|-resisted|p2a: Empoleon
|-resisted|p2b: Volcarona
|-damage|p2a: Empoleon|75/100
|-damage|p2b: Volcarona|22/100
|
|-heal|p2b: Volcarona|28/100|[from] Grassy Terrain
|-heal|p1a: Incineroar|45/100|[from] Grassy Terrain
|-heal|p2a: Empoleon|80/100|[from] Grassy Terrain
|-heal|p1b: Sylveon|82/100 par|[from] Grassy Terrain
|-heal|p1b: Sylveon|88/100 par|[from] item: Leftovers
|-sideend|p2: Keeper08|Reflect
|upkeep
|turn|10
|
|t:|1757859273
|move|p2b: Volcarona|Quiver Dance|p2b: Volcarona
|-boost|p2b: Volcarona|spa|1
|-boost|p2b: Volcarona|spd|1
|-boost|p2b: Volcarona|spe|1
|move|p2a: Empoleon|Hydro Pump|p1a: Incineroar
|-supereffective|p1a: Incineroar
|-damage|p1a: Incineroar|0 fnt
|faint|p1a: Incineroar
|move|p1b: Sylveon|Calm Mind|p1b: Sylveon
|-boost|p1b: Sylveon|spa|1
|-boost|p1b: Sylveon|spd|1
|
|-heal|p2b: Volcarona|34/100|[from] Grassy Terrain
|-heal|p2a: Empoleon|86/100|[from] Grassy Terrain
|-heal|p1b: Sylveon|94/100 par|[from] Grassy Terrain
|-heal|p1b: Sylveon|100/100 par|[from] item: Leftovers
|-fieldend|move: Grassy Terrain
|upkeep
|
|t:|1757859287
|switch|p1a: Dragonite|Dragonite, L50, M, tera:Fairy|100/100
|turn|11
|
|t:|1757859299
|move|p2b: Volcarona|Bug Buzz|p1b: Sylveon
|-resisted|p1b: Sylveon
|-damage|p1b: Sylveon|86/100 par
|move|p1a: Dragonite|Scale Shot|p2b: Volcarona
|-damage|p2b: Volcarona|14/100
|-damage|p2b: Volcarona|0 fnt
|faint|p2b: Volcarona
|-hitcount|p2: Volcarona|2
|-unboost|p1a: Dragonite|def|1
|-boost|p1a: Dragonite|spe|1
|move|p2a: Empoleon|Ice Beam|p1a: Dragonite
|-damage|p1a: Dragonite|73/100
|move|p1b: Sylveon|Calm Mind|p1b: Sylveon
|-boost|p1b: Sylveon|spa|1
|-boost|p1b: Sylveon|spd|1
|
|-heal|p1b: Sylveon|92/100 par|[from] item: Leftovers
|-sideend|p2: Keeper08|move: Light Screen
|upkeep
|turn|12
|-message|Keeper08 forfeited.
|
|win|Scheederderechte
|l|☆Keeper08
|player|p2|
||Keeper08 is ready for game 2.
|l|☆Scheederderechte
|player|p1|
|inactive|Scheederderechte has 30 seconds to confirm battle start!
|inactive|Scheederderechte has 20 seconds to confirm battle start!
|inactive|Scheederderechte has 10 seconds to confirm battle start!
|inactive|Scheederderechte has 0 seconds to confirm battle start!
|uhtml|next|Next: Game 2 of 3
