|j|☆Staryu360
|j|☆k1ngm3
|html|Staryu360k1ngm3    
|uhtml|bestof|Game 2 of a best-of-3
|t:|1783632083
|gametype|doubles
|player|p1|Staryu360|170|1114
|player|p2|k1ngm3|dragontamer|1107
|gen|9
|tier|[Gen 9 Champions] VGC 2026 Reg M-B (Bo3)
|rated|
|rule|Species Clause: Limit one of each Pokémon
|rule|Item Clause: Limit 1 of each item
|clearpoke
|poke|p1|Incineroar, L50, F|
|poke|p1|Aerodactyl, L50, M|
|poke|p1|Floette-Eternal, L50, F|
|poke|p1|Sinistcha, L50|
|poke|p1|Toxicroak, L50, F|
|poke|p1|Swampert, L50, M|
|poke|p2|Tsareena, L50, F|
|poke|p2|Venusaur, L50, F|
|poke|p2|Charizard, L50, F|
|poke|p2|Milotic, L50, M|
|poke|p2|Gholdengo, L50|
|poke|p2|Snorlax, L50, M|
|teampreview|4
|showteam|p1|Incineroar||SitrusBerry|Intimidate|FakeOut,FlareBlitz,ThroatChop,PartingShot|Careful||F|||50|]Aerodactyl||Aerodactylite|Unnerve|DualWingbeat,Tailwind,Protect,RockSlide|Jolly||M|||50|]Floette-Eternal||Floettite|FlowerVeil|Moonblast,DazzlingGleam,CalmMind,Protect|Modest||F|||50|]Sinistcha||ColburBerry|Hospitality|RagePowder,Protect,MatchaGotcha,TrickRoom|Calm|||||50|]Toxicroak||FocusSash|DrySkin|FakeOut,CloseCombat,PoisonJab,SuckerPunch|Adamant||F|||50|]Swampert||LifeOrb|Torrent|Protect,Surf,EarthPower,IceBeam|Modest||M|||50|
|showteam|p2|Tsareena||LifeOrb|QueenlyMajesty|HighJumpKick,TropKick,TripleAxel,GrassyTerrain|Jolly||F|||50|]Venusaur||Venusaurite|Chlorophyll|SleepPowder,EarthPower,SludgeBomb,GigaDrain|Modest||F|||50|]Charizard||CharizarditeY|Blaze|WeatherBall,HeatWave,Earthquake,SolarBeam|Hasty||F|||50|]Milotic||Leftovers|Competitive|Hypnosis,Coil,MuddyWater,IcyWind|Calm||M|||50|]Gholdengo|||GoodasGold|MakeItRain,NastyPlot,ShadowBall,Protect|Timid|||||50|]Snorlax||BlackBelt|ThickFat|BrickBreak,Encore,LastResort,Earthquake|Adamant||M|||50|
|
|t:|1783632094
|teamsize|p1|4
|teamsize|p2|4
|start
|switch|p1a: Toxicroak|Toxicroak, L50, F|100/100
|switch|p1b: Aerodactyl|Aerodactyl, L50, M|100/100
|switch|p2a: Gholdengo|Gholdengo, L50|100/100
|switch|p2b: Milotic|Milotic, L50, M|100/100
|-ability|p1b: Aerodactyl|Unnerve
|turn|1
|
|t:|1783632114
|switch|p1b: Swampert|Swampert, L50, M|100/100
|move|p2a: Gholdengo|Protect|p2a: Gholdengo
|-singleturn|p2a: Gholdengo|Protect
|move|p1a: Toxicroak|Sucker Punch||[still]
|-fail|p1a: Toxicroak
|move|p2b: Milotic|Icy Wind|p1a: Toxicroak|[spread] p1a,p1b
|-damage|p1a: Toxicroak|84/100
|-damage|p1b: Swampert|87/100
|-unboost|p1a: Toxicroak|spe|1
|-unboost|p1b: Swampert|spe|1
|
|upkeep
|turn|2
|
|t:|1783632136
|move|p2a: Gholdengo|Nasty Plot|p2a: Gholdengo
|-boost|p2a: Gholdengo|spa|2
|move|p2b: Milotic|Hypnosis|p1a: Toxicroak|[miss]
|-miss|p2b: Milotic|p1a: Toxicroak
|move|p1a: Toxicroak|Poison Jab|p2a: Gholdengo
|-immune|p2a: Gholdengo
|move|p1b: Swampert|Earth Power|p2a: Gholdengo
|-supereffective|p2a: Gholdengo|1
|-damage|p2a: Gholdengo|0 fnt
|faint|p2a: Gholdengo
|-damage|p1b: Swampert|78/100|[from] item: Life Orb
|
|upkeep
|
|t:|1783632149
|switch|p2a: Snorlax|Snorlax, L50, M|100/100
|turn|3
|
|t:|1783632179
|move|p2b: Milotic|Coil|p2b: Milotic
|-boost|p2b: Milotic|atk|1
|-boost|p2b: Milotic|def|1
|-boost|p2b: Milotic|accuracy|1
|move|p1a: Toxicroak|Close Combat|p2a: Snorlax
|-supereffective|p2a: Snorlax|1
|-damage|p2a: Snorlax|0 fnt
|-unboost|p1a: Toxicroak|def|1
|-unboost|p1a: Toxicroak|spd|1
|faint|p2a: Snorlax
|move|p1b: Swampert|Surf|p2b: Milotic|[spread] p2b
|-heal|p1a: Toxicroak|100/100|[from] ability: Dry Skin|[of] p1b: Swampert
|-resisted|p2b: Milotic|1
|-damage|p2b: Milotic|87/100
|-damage|p1b: Swampert|68/100|[from] item: Life Orb
|
|-heal|p2b: Milotic|93/100|[from] item: Leftovers
|upkeep
|
|t:|1783632195
|switch|p2a: Charizard|Charizard, L50, F|100/100
|turn|4
|
|t:|1783632217
|switch|p1a: Incineroar|Incineroar, L50, F|100/100
|-ability|p1a: Incineroar|Intimidate|boost
|-unboost|p2a: Charizard|atk|1
|-unboost|p2b: Milotic|atk|1
|-ability|p2b: Milotic|Competitive|boost
|-boost|p2b: Milotic|spa|2
|detailschange|p2a: Charizard|Charizard-Mega-Y, L50, F
|-mega|p2a: Charizard|Charizard|Charizardite Y
|-weather|SunnyDay|[from] ability: Drought|[of] p2a: Charizard
|move|p2a: Charizard|Heat Wave|p1a: Incineroar|[spread] p1a,p1b
|-resisted|p1a: Incineroar|1
|-resisted|p1b: Swampert|1
|-damage|p1a: Incineroar|77/100
|-damage|p1b: Swampert|40/100
|move|p2b: Milotic|Hypnosis|p1b: Swampert|[miss]
|-miss|p2b: Milotic|p1b: Swampert
|move|p1b: Swampert|Earth Power|p2b: Milotic
|-damage|p2b: Milotic|59/100
|-unboost|p2b: Milotic|spd|1
|-ability|p2b: Milotic|Competitive|boost
|-boost|p2b: Milotic|spa|2
|-damage|p1b: Swampert|30/100|[from] item: Life Orb
|
|-weather|SunnyDay|[upkeep]
|-heal|p2b: Milotic|65/100|[from] item: Leftovers
|upkeep
|turn|5
|
|t:|1783632248
|move|p1a: Incineroar|Fake Out|p2a: Charizard
|-damage|p2a: Charizard|81/100
|cant|p2a: Charizard|flinch
|move|p2b: Milotic|Muddy Water|p1b: Swampert|[spread] p1a,p1b
|-supereffective|p1a: Incineroar|1
|-damage|p1a: Incineroar|10/100
|-damage|p1b: Swampert|0 fnt
|-enditem|p1a: Incineroar|Sitrus Berry|[eat]
|-heal|p1a: Incineroar|35/100|[from] item: Sitrus Berry
|faint|p1b: Swampert
|
|-weather|SunnyDay|[upkeep]
|-heal|p2b: Milotic|71/100|[from] item: Leftovers
|upkeep
|
|t:|1783632256
|switch|p1b: Aerodactyl|Aerodactyl, L50, M|100/100
|-ability|p1b: Aerodactyl|Unnerve
|turn|6
|
|t:|1783632286
|move|p1b: Aerodactyl|Protect|p1b: Aerodactyl
|-singleturn|p1b: Aerodactyl|Protect
|move|p2a: Charizard|Heat Wave|p1a: Incineroar|[spread] 
|-activate|p1b: Aerodactyl|move: Protect
|-miss|p2a: Charizard|p1a: Incineroar
|move|p2b: Milotic|Muddy Water|p1a: Incineroar|[spread] p1a
|-activate|p1b: Aerodactyl|move: Protect
|-supereffective|p1a: Incineroar|1
|-damage|p1a: Incineroar|0 fnt
|faint|p1a: Incineroar
|
|-weather|SunnyDay|[upkeep]
|-heal|p2b: Milotic|77/100|[from] item: Leftovers
|upkeep
|
|t:|1783632294
|switch|p1a: Toxicroak|Toxicroak, L50, F|100/100
|turn|7
|
|t:|1783632322
|detailschange|p1b: Aerodactyl|Aerodactyl-Mega, L50, M
|-mega|p1b: Aerodactyl|Aerodactyl|Aerodactylite
|move|p1a: Toxicroak|Fake Out|p2b: Milotic
|-damage|p2b: Milotic|69/100
|move|p1b: Aerodactyl|Rock Slide|p2b: Milotic|[spread] p2a,p2b
|-supereffective|p2a: Charizard|2
|-damage|p2a: Charizard|0 fnt
|-damage|p2b: Milotic|52/100
|faint|p2a: Charizard
|cant|p2b: Milotic|flinch
|
|-weather|SunnyDay|[upkeep]
|-damage|p1a: Toxicroak|87/100|[from] ability: Dry Skin|[of] p1a: Toxicroak
|-heal|p2b: Milotic|58/100|[from] item: Leftovers
|upkeep
|turn|8
|
|t:|1783632336
|move|p1b: Aerodactyl|Dual Wingbeat|p2b: Milotic
|-damage|p2b: Milotic|41/100
|-damage|p2b: Milotic|25/100
|-hitcount|p2b: Milotic|2
|move|p1a: Toxicroak|Close Combat|p2b: Milotic
|-damage|p2b: Milotic|0 fnt
|-unboost|p1a: Toxicroak|def|1
|-unboost|p1a: Toxicroak|spd|1
|faint|p2b: Milotic
|
|win|Staryu360
|raw|Staryu360's rating: 1114 → 1138(+24 for winning)
|raw|k1ngm3's rating: 1107 → 1083(-24 for losing)
