|j|☆Someoneofficial
|j|☆reuniclusglazr
|html|Someoneofficialreuniclusglazr    
|uhtml|bestof|Game 2 of a best-of-3
|t:|1784923845
|gametype|doubles
|player|p1|Someoneofficial|170|
|player|p2|reuniclusglazr|flannery|
|gen|9
|tier|[Gen 9 Champions] VGC 2026 Reg M-B (Bo3)
|rule|Species Clause: Limit one of each Pokémon
|rule|Item Clause: Limit 1 of each item
|clearpoke
|poke|p1|Charizard, L50, F, shiny|
|poke|p1|Raichu, L50, F, shiny|
|poke|p1|Sinistcha, L50, shiny|
|poke|p1|Vivillon-Fancy, L50, F|
|poke|p1|Basculegion, L50, M|
|poke|p1|Sneasler, L50, M, shiny|
|poke|p2|Incineroar, L50, F|
|poke|p2|Hawlucha, L50, M|
|poke|p2|Sinistcha, L50|
|poke|p2|Froslass, L50, F|
|poke|p2|Beartic, L50, M|
|poke|p2|Snorlax, L50, F|
|teampreview|4
|showteam|p1|Charizard||CharizarditeX|Blaze|BreakingSwipe,DragonDance,FlareBlitz,Protect|Adamant||F|||50|]Raichu||RaichuniteY|LightningRod|FakeOut,Protect,FocusBlast,ZapCannon|Timid||F|||50|]Sinistcha||ColburBerry|Hospitality|RagePowder,MatchaGotcha,TrickRoom,Imprison|Bold|||||50|]Vivillon-Fancy||FocusSash|CompoundEyes|Protect,Tailwind,SleepPowder,SunnyDay|Timid||F|||50|]Basculegion||ChoiceScarf|Adaptability|LastRespects,WaveCrash,AquaJet,FlipTurn|Jolly||M|||50|]Sneasler||WhiteHerb|Unburden|Protect,FakeOut,CloseCombat,DireClaw|Adamant||M|||50|
|showteam|p2|Incineroar||SitrusBerry|Intimidate|FakeOut,PartingShot,FlareBlitz,DarkestLariat|Adamant||F|||50|]Hawlucha||Hawluchanite|MoldBreaker|Entrainment,Detect,Coaching,FlyingPress|Jolly||M|||50|]Sinistcha||FocusSash|Hospitality|RagePowder,MatchaGotcha,StrengthSap,TrickRoom|Bold|||||50|]Froslass||Froslassite|SnowCloak|NastyPlot,Blizzard,AuroraVeil,WillOWisp|Modest||F|||50|]Beartic||LifeOrb|SlushRush|IcicleCrash,HeavySlam,BrickBreak,Protect|Jolly||M|||50|]Snorlax||Leftovers|ThickFat|Fissure,SmackDown,Stockpile,Protect|Relaxed||F|||50|
|j| guxueprimalblade
|j| hakoryu
|j| HEROBREIN9
|
|t:|1784923876
|teamsize|p1|4
|teamsize|p2|4
|start
|switch|p1a: Sneasler|Sneasler, L50, M, shiny|100/100
|switch|p1b: Chonka chi|Raichu, L50, F, shiny|100/100
|switch|p2a: Ouhh Shi|Froslass, L50, F|100/100
|switch|p2b: 7/11|Beartic, L50, M|100/100
|turn|1
|
|t:|1784923904
|detailschange|p2a: Ouhh Shi|Froslass-Mega, L50, F
|-mega|p2a: Ouhh Shi|Froslass|Froslassite
|-weather|Snowscape|[from] ability: Snow Warning|[of] p2a: Ouhh Shi
|detailschange|p1b: Chonka chi|Raichu-Mega-Y, L50, F, shiny
|-mega|p1b: Chonka chi|Raichu|Raichunite Y
|move|p1a: Sneasler|Fake Out|p2b: 7/11
|-damage|p2b: 7/11|86/100
|cant|p2b: 7/11|flinch
|move|p1b: Chonka chi|Zap Cannon|p2b: 7/11
|-damage|p2b: 7/11|2/100
|-status|p2b: 7/11|par
|move|p2a: Ouhh Shi|Blizzard|p1a: Sneasler|[spread] p1a,p1b
|-damage|p1a: Sneasler|36/100
|-damage|p1b: Chonka chi|37/100
|
|-weather|Snowscape|[upkeep]
|upkeep
|turn|2
|
|t:|1784923925
|move|p1b: Chonka chi|Protect|p1b: Chonka chi
|-singleturn|p1b: Chonka chi|Protect
|move|p1a: Sneasler|Protect|p1a: Sneasler
|-singleturn|p1a: Sneasler|Protect
|move|p2b: 7/11|Protect|p2b: 7/11
|-singleturn|p2b: 7/11|Protect
|move|p2a: Ouhh Shi|Blizzard|p1a: Sneasler|[spread] 
|-activate|p1a: Sneasler|move: Protect
|-activate|p1b: Chonka chi|move: Protect
|
|-weather|Snowscape|[upkeep]
|upkeep
|turn|3
|
|t:|1784923940
|move|p1b: Chonka chi|Zap Cannon|p2a: Ouhh Shi
|-damage|p2a: Ouhh Shi|24/100
|-status|p2a: Ouhh Shi|par
|move|p1a: Sneasler|Dire Claw|p2a: Ouhh Shi
|-resisted|p2a: Ouhh Shi|1
|-crit|p2a: Ouhh Shi
|-damage|p2a: Ouhh Shi|0 fnt
|faint|p2a: Ouhh Shi
|move|p2b: 7/11|Icicle Crash|p1a: Sneasler
|-damage|p1a: Sneasler|0 fnt
|faint|p1a: Sneasler
|-damage|p2b: 7/11|0 fnt|[from] item: Life Orb
|faint|p2b: 7/11
|
|-weather|Snowscape|[upkeep]
|upkeep
|c| HEROBREIN9|shields up -reinhardt
|c|☆reuniclusglazr|ur joking
|
|t:|1784923954
|switch|p2a: Nachos|Incineroar, L50, F|100/100
|switch|p1a: Vivillon|Vivillon-Fancy, L50, F|100/100
|switch|p2b: Hawk Tuah|Hawlucha, L50, M|100/100
|-ability|p2b: Hawk Tuah|Mold Breaker
|-ability|p2a: Nachos|Intimidate|boost
|-unboost|p1a: Vivillon|atk|1
|-unboost|p1b: Chonka chi|atk|1
|turn|4
|
|t:|1784923966
|move|p2b: Hawk Tuah|Detect|p2b: Hawk Tuah
|-singleturn|p2b: Hawk Tuah|Protect
|move|p1b: Chonka chi|Protect|p1b: Chonka chi
|-singleturn|p1b: Chonka chi|Protect
|move|p1a: Vivillon|Protect|p1a: Vivillon
|-singleturn|p1a: Vivillon|Protect
|move|p2a: Nachos|Fake Out|p1b: Chonka chi
|-activate|p1b: Chonka chi|move: Protect
|
|-weather|Snowscape|[upkeep]
|upkeep
|turn|5
|c| hakoryu|its over
|
|t:|1784923983
|switch|p1b: Basculegion|Basculegion, L50, M|100/100
|move|p2b: Hawk Tuah|Flying Press|p1b: Basculegion
|-immune|p1b: Basculegion
|move|p1a: Vivillon|Sleep Powder|p2b: Hawk Tuah
|-status|p2b: Hawk Tuah|slp|[from] move: Sleep Powder
|move|p2a: Nachos|Flare Blitz|p1a: Vivillon
|-supereffective|p1a: Vivillon|1
|-enditem|p1a: Vivillon|Focus Sash
|-damage|p1a: Vivillon|1/100
|-damage|p2a: Nachos|64/100|[from] Recoil
|
|-weather|none
|upkeep
|turn|6
|c| HEROBREIN9|gg
|c| hakoryu|nahh
|c| hakoryu|oh fu ck
|
|t:|1784923999
|cant|p2b: Hawk Tuah|slp
|move|p1b: Basculegion|Wave Crash|p2b: Hawk Tuah
|-damage|p2b: Hawk Tuah|0 fnt
|faint|p2b: Hawk Tuah
|-damage|p1b: Basculegion|74/100|[from] Recoil
|move|p1a: Vivillon|Tailwind|p1a: Vivillon
|-sidestart|p1: Someoneofficial|move: Tailwind
|move|p2a: Nachos|Darkest Lariat|p1b: Basculegion
|-supereffective|p1b: Basculegion|1
|-damage|p1b: Basculegion|0 fnt
|faint|p1b: Basculegion
|
|upkeep
|
|t:|1784924005
|switch|p1b: Chonka chi|Raichu-Mega-Y, L50, F, shiny|37/100
|turn|7
|
|t:|1784924013
|move|p1b: Chonka chi|Focus Blast|p2a: Nachos
|-supereffective|p2a: Nachos|1
|-damage|p2a: Nachos|0 fnt
|faint|p2a: Nachos
|
|win|Someoneofficial
|c|☆reuniclusglazr|ggs
|c|☆Someoneofficial|Ggs
|l| HEROBREIN9
|c| hakoryu|am i fighting u now then
|l| guxueprimalblade
