|j|☆MrGreen3432
|j|☆Slowjow
|html|MrGreen3432Slowjow    
|uhtml|bestof|Game 1 of a best-of-3
|t:|1757795509
|gametype|doubles
|player|p1|MrGreen3432|101|1207
|player|p2|Slowjow|102|1188
|gen|9
|tier|[Gen 9] VGC 2025 Reg H (Bo3)
|rated|
|rule|Species Clause: Limit one of each Pokémon
|rule|Item Clause: Limit 1 of each item
|clearpoke
|poke|p1|Garchomp, L50, F|
|poke|p1|Archaludon, L50, F|
|poke|p1|Misdreavus, L50, F|
|poke|p1|Gothitelle, L50, F|
|poke|p1|Amoonguss, L50, M|
|poke|p1|Incineroar, L50, F|
|poke|p2|Gliscor, L50, F|
|poke|p2|Electabuzz, L50, M|
|poke|p2|Tauros-Paldea-Blaze, L50, M|
|poke|p2|Gastrodon, L50, M|
|poke|p2|Kingambit, L50, F|
|poke|p2|Ninetales-Alola, L50, M|
|teampreview|4
|showteam|p1|Garchomp||LifeOrb|RoughSkin|Protect,Earthquake,StompingTantrum,DragonClaw|||F|||50|,,,,,Stellar]Archaludon||PowerHerb|Sturdy|Protect,ElectroShot,FlashCannon,DragonPulse|||F|||50|,,,,,Electric]Misdreavus||Eviolite|Levitate|Protect,PerishSong,WillOWisp,ShadowBall|||F|||50|,,,,,Steel]Gothitelle||SitrusBerry|ShadowTag|Protect,FakeOut,TrickRoom,Psychic|||F|||50|,,,,,Dark]Amoonguss||EjectButton|Regenerator|Protect,RagePowder,Spore,PollenPuff|||M|||50|,,,,,Fairy]Incineroar||SafetyGoggles|Intimidate|Protect,FakeOut,PartingShot,KnockOff|||F|||50|,,,,,Ghost
|showteam|p2|Gliscor||ToxicOrb|PoisonHeal|HighHorsepower,DualWingbeat,SwordsDance,Protect|||F|||50|,,,,,Water]Electabuzz||Eviolite|VitalSpirit|Electroweb,Taunt,FollowMe,Protect|||M|||50|,,,,,Ghost]Tauros-Paldea-Blaze||MirrorHerb|Intimidate|RagingBull,CloseCombat,WillOWisp,Protect|||M|||50|,,,,,Grass]Gastrodon||Leftovers|StormDrain|MuddyWater,ClearSmog,Yawn,Protect|||M|||50|,,,,,Fire]Kingambit||BlackGlasses|Defiant|KowtowCleave,SuckerPunch,SwordsDance,Protect|||F|||50|,,,,,Dark]Ninetales-Alola||LightClay|SnowWarning|AuroraVeil,FreezeDry,Encore,Protect|||M|||50|,,,,,Water
|inactive|Battle timer is ON: inactive players will automatically lose when time's up. (requested by MrGreen3432)
|inactive|MrGreen3432 has 60 seconds left.
|inactive|Slowjow has 60 seconds left.
|inactive|MrGreen3432 has 30 seconds left.
|inactive|Slowjow has 30 seconds left.
|inactive|MrGreen3432 has 20 seconds left.
|inactive|MrGreen3432 has 15 seconds left.
|
|t:|1757795592
|teamsize|p1|4
|teamsize|p2|4
|start
|switch|p1a: Misdreavus|Misdreavus, L50, F|100/100
|switch|p1b: Amoonguss|Amoonguss, L50, M|100/100
|switch|p2a: Ninetales|Ninetales-Alola, L50, M|100/100
|switch|p2b: Kingambit|Kingambit, L50, F|100/100
|-weather|Snowscape|[from] ability: Snow Warning|[of] p2a: Ninetales
|turn|1
|inactive|MrGreen3432 has 30 seconds left.
|inactive|Slowjow has 30 seconds left.
|inactive|MrGreen3432 has 20 seconds left.
|inactive|Slowjow has 20 seconds left.
|inactive|MrGreen3432 has 15 seconds left.
|inactive|Slowjow has 15 seconds left.
|
|t:|1757795635
|-terastallize|p1a: Misdreavus|Steel
|move|p2a: Ninetales|Aurora Veil|p2a: Ninetales
|-sidestart|p2: Slowjow|move: Aurora Veil
|move|p1a: Misdreavus|Will-O-Wisp|p2b: Kingambit
|-status|p2b: Kingambit|brn
|move|p2b: Kingambit|Kowtow Cleave|p1a: Misdreavus
|-damage|p1a: Misdreavus|71/100
|move|p1b: Amoonguss|Spore|p2a: Ninetales
|-status|p2a: Ninetales|slp|[from] move: Spore
|
|-weather|Snowscape|[upkeep]
|-damage|p2b: Kingambit|95/100 brn|[from] brn
|upkeep
|turn|2
|inactive|MrGreen3432 has 30 seconds left.
|
|t:|1757795663
|switch|p1b: Gothitelle|Gothitelle, L50, F|100/100
|cant|p2a: Ninetales|slp
|move|p1a: Misdreavus|Perish Song|p1a: Misdreavus
|-start|p1a: Misdreavus|perish3|[silent]
|-start|p1b: Gothitelle|perish3|[silent]
|-start|p2a: Ninetales|perish3|[silent]
|-start|p2b: Kingambit|perish3|[silent]
|-fieldactivate|move: Perish Song
|move|p2b: Kingambit|Swords Dance|p2b: Kingambit
|-boost|p2b: Kingambit|atk|2
|
|-weather|Snowscape|[upkeep]
|-damage|p2b: Kingambit|89/100 brn|[from] brn
|-start|p2a: Ninetales|perish3
|-start|p1a: Misdreavus|perish3
|-start|p2b: Kingambit|perish3
|-start|p1b: Gothitelle|perish3
|upkeep
|turn|3
|inactive|Slowjow has 30 seconds left.
|
|t:|1757795692
|switch|p1a: Amoonguss|Amoonguss, L50, M|100/100
|move|p2b: Kingambit|Protect|p2b: Kingambit
|-singleturn|p2b: Kingambit|Protect
|move|p1b: Gothitelle|Fake Out|p2b: Kingambit
|-activate|p2b: Kingambit|move: Protect
|-curestatus|p2a: Ninetales|slp|[msg]
|move|p2a: Ninetales|Freeze-Dry|p1a: Amoonguss
|-supereffective|p1a: Amoonguss
|-damage|p1a: Amoonguss|65/100
|-enditem|p1a: Amoonguss|Eject Button
|
|t:|1757795705
|switch|p1a: Misdreavus|Misdreavus, L50, F, tera:Steel|71/100
|
|-weather|Snowscape|[upkeep]
|-damage|p2b: Kingambit|83/100 brn|[from] brn
|-start|p2a: Ninetales|perish2
|-start|p2b: Kingambit|perish2
|-start|p1b: Gothitelle|perish2
|upkeep
|turn|4
|inactive|MrGreen3432 has 30 seconds left.
|
|t:|1757795739
|move|p1b: Gothitelle|Protect|p1b: Gothitelle
|-singleturn|p1b: Gothitelle|Protect
|move|p2a: Ninetales|Encore|p1b: Gothitelle
|-activate|p1b: Gothitelle|move: Protect
|move|p1a: Misdreavus|Will-O-Wisp|p2a: Ninetales
|-status|p2a: Ninetales|brn
|move|p2b: Kingambit|Swords Dance|p2b: Kingambit
|-boost|p2b: Kingambit|atk|2
|
|-weather|Snowscape|[upkeep]
|-damage|p2a: Ninetales|94/100 brn|[from] brn
|-damage|p2b: Kingambit|77/100 brn|[from] brn
|-start|p2a: Ninetales|perish1
|-start|p2b: Kingambit|perish1
|-start|p1b: Gothitelle|perish1
|upkeep
|turn|5
|
|t:|1757795761
|switch|p1b: Amoonguss|Amoonguss, L50, M|98/100
|move|p1a: Misdreavus|Protect|p1a: Misdreavus
|-singleturn|p1a: Misdreavus|Protect
|move|p2a: Ninetales|Freeze-Dry|p1b: Amoonguss
|-supereffective|p1b: Amoonguss
|-damage|p1b: Amoonguss|59/100
|move|p2b: Kingambit|Kowtow Cleave|p1b: Amoonguss
|-damage|p1b: Amoonguss|0 fnt
|faint|p1b: Amoonguss
|
|-weather|none
|-damage|p2a: Ninetales|88/100 brn|[from] brn
|-damage|p2b: Kingambit|72/100 brn|[from] brn
|-start|p2a: Ninetales|perish0
|-start|p2b: Kingambit|perish0
|faint|p2a: Ninetales
|faint|p2b: Kingambit
|upkeep
|
|t:|1757795781
|switch|p2a: Tauros|Tauros-Paldea-Blaze, L50, M|100/100
|switch|p2b: Gliscor|Gliscor, L50, F|100/100
|switch|p1b: Gothitelle|Gothitelle, L50, F|100/100
|-ability|p2a: Tauros|Intimidate|boost
|-unboost|p1a: Misdreavus|atk|1
|-unboost|p1b: Gothitelle|atk|1
|turn|6
|
|t:|1757795801
|move|p1b: Gothitelle|Fake Out|p2a: Tauros
|-damage|p2a: Tauros|97/100
|cant|p2a: Tauros|flinch
|move|p2b: Gliscor|High Horsepower|p1a: Misdreavus
|-immune|p1a: Misdreavus|[from] ability: Levitate
|move|p1a: Misdreavus|Perish Song|p1a: Misdreavus
|-start|p1a: Misdreavus|perish3|[silent]
|-start|p1b: Gothitelle|perish3|[silent]
|-start|p2a: Tauros|perish3|[silent]
|-start|p2b: Gliscor|perish3|[silent]
|-fieldactivate|move: Perish Song
|
|-start|p2a: Tauros|perish3
|-start|p2b: Gliscor|perish3
|-start|p1a: Misdreavus|perish3
|-start|p1b: Gothitelle|perish3
|-status|p2b: Gliscor|tox|[from] item: Toxic Orb
|upkeep
|turn|7
|
|t:|1757795823
|move|p1a: Misdreavus|Protect|p1a: Misdreavus
|-singleturn|p1a: Misdreavus|Protect
|move|p1b: Gothitelle|Protect|p1b: Gothitelle
|-singleturn|p1b: Gothitelle|Protect
|move|p2a: Tauros|Raging Bull|p1a: Misdreavus
|-activate|p1a: Misdreavus|move: Protect
|move|p2b: Gliscor|Swords Dance|p2b: Gliscor
|-boost|p2b: Gliscor|atk|2
|
|-start|p2a: Tauros|perish2
|-start|p2b: Gliscor|perish2
|-start|p1a: Misdreavus|perish2
|-start|p1b: Gothitelle|perish2
|upkeep
|turn|8
|inactive|Slowjow has 30 seconds left.
|
|t:|1757795853
|move|p2a: Tauros|Close Combat|p1a: Misdreavus
|-supereffective|p1a: Misdreavus
|-damage|p1a: Misdreavus|0 fnt
|-unboost|p2a: Tauros|def|1
|-unboost|p2a: Tauros|spd|1
|faint|p1a: Misdreavus
|move|p2b: Gliscor|High Horsepower|p1b: Gothitelle
|-crit|p1b: Gothitelle
|-damage|p1b: Gothitelle|0 fnt
|faint|p1b: Gothitelle
|
|-start|p2a: Tauros|perish1
|-start|p2b: Gliscor|perish1
|-sideend|p2: Slowjow|move: Aurora Veil
|upkeep
|
|t:|1757795862
|switch|p1b: Garchomp|Garchomp, L50, F|100/100
|turn|9
|
|t:|1757795874
|move|p1b: Garchomp|Protect|p1b: Garchomp
|-singleturn|p1b: Garchomp|Protect
|move|p2a: Tauros|Close Combat|p1b: Garchomp
|-activate|p1b: Garchomp|move: Protect
|move|p2b: Gliscor|High Horsepower|p1b: Garchomp
|-activate|p1b: Garchomp|move: Protect
|
|-start|p2a: Tauros|perish0
|-start|p2b: Gliscor|perish0
|faint|p2a: Tauros
|faint|p2b: Gliscor
|
|win|MrGreen3432
|inactive|MrGreen3432 has 30 seconds to confirm battle start!
|inactive|Slowjow has 30 seconds to confirm battle start!
|l|☆MrGreen3432
|player|p1|
||MrGreen3432 is ready for game 2.
|inactive|Slowjow has 20 seconds to confirm battle start!
||Slowjow is ready for game 2.
|uhtml|next|Next: Game 2 of 3
