|j|☆fuggdafogg
|j|☆Arnauz10
|html|fuggdafoggArnauz10    
|uhtml|bestof|Game 1 of a best-of-3
|t:|1756549788
|gametype|doubles
|player|p1|fuggdafogg|gordie|1268
|player|p2|Arnauz10|ghetsis|1190
|gen|9
|tier|[Gen 9] VGC 2025 Reg H (Bo3)
|rated|
|rule|Species Clause: Limit one of each Pokémon
|rule|Item Clause: Limit 1 of each item
|clearpoke
|poke|p1|Kingambit, L50, F|
|poke|p1|Sneasler, L50, M|
|poke|p1|Basculegion, L50, M|
|poke|p1|Rillaboom, L50, M|
|poke|p1|Volcarona, L50, F|
|poke|p1|Electabuzz, L50, F|
|poke|p2|Annihilape, L50, M|
|poke|p2|Dragonite, L50, F|
|poke|p2|Gholdengo, L50|
|poke|p2|Porygon2, L50|
|poke|p2|Ursaluna, L50, F|
|poke|p2|Incineroar, L50, F|
|teampreview|4
|showteam|p1|Kingambit||SafetyGoggles|Defiant|Protect,KowtowCleave,SuckerPunch,SwordsDance|||F|||50|,,,,,Dark]Sneasler||FocusSash|PoisonTouch|Protect,DireClaw,CloseCombat,FakeOut|||M|||50|,,,,,Stellar]Basculegion||ChoiceScarf|Adaptability|FlipTurn,WaveCrash,LastRespects,AquaJet|||M|||50|,,,,,Water]Rillaboom||AssaultVest|GrassySurge|WoodHammer,GrassyGlide,HighHorsepower,FakeOut|||M|||50|,,,,,Fire]Volcarona||SitrusBerry|FlameBody|HeatWave,TeraBlast,QuiverDance,Protect|||F|||50|,,,,,Fairy]Electabuzz||Eviolite|VitalSpirit|FollowMe,Protect,Thunderbolt,Taunt|||F|||50|,,,,,Ghost
|showteam|p2|Annihilape||FocusSash|Defiant|RageFist,CloseCombat,Coaching,Taunt|||M|||50|,,,,,Stellar]Dragonite||LoadedDice|Multiscale|ScaleShot,Haze,Tailwind,Protect|||F|||50|,,,,,Fairy]Gholdengo||LifeOrb|GoodasGold|ShadowBall,MakeItRain,NastyPlot,Protect||||||50|,,,,,Water]Porygon2||Eviolite|Download|IceBeam,TeraBlast,Recover,TrickRoom||||||50|,,,,,Fighting]Ursaluna||FlameOrb|Guts|Facade,Earthquake,HeadlongRush,Protect|||F|||50|,,,,,Ghost]Incineroar||SafetyGoggles|Intimidate|FakeOut,KnockOff,FlareBlitz,PartingShot|||F|||50|,,,,,Ghost
|inactive|Battle timer is ON: inactive players will automatically lose when time's up. (requested by fuggdafogg)
|inactive|Arnauz10 has 60 seconds left.
|inactive|Arnauz10 has 30 seconds left.
|inactive|Arnauz10 has 20 seconds left.
|inactive|Arnauz10 has 15 seconds left.
|inactive|Arnauz10 has 10 seconds left.
|inactive|Arnauz10 has 5 seconds left.
|
|t:|1756549902
|teamsize|p1|4
|teamsize|p2|4
|start
|switch|p1a: Volcarona|Volcarona, L50, F|100/100
|switch|p1b: Electabuzz|Electabuzz, L50, F|100/100
|switch|p2a: Annihilape|Annihilape, L50, M|100/100
|switch|p2b: Dragonite|Dragonite, L50, F|100/100
|turn|1
|inactive|Arnauz10 has 30 seconds left.
|inactive|Arnauz10 has 20 seconds left.
|inactive|Arnauz10 has 15 seconds left.
|inactive|Arnauz10 has 10 seconds left.
|inactive|Arnauz10 has 5 seconds left.
|
|t:|1756549952
|-terastallize|p1a: Volcarona|Fairy
|move|p2a: Annihilape|Taunt|p1b: Electabuzz
|-start|p1b: Electabuzz|move: Taunt
|move|p1a: Volcarona|Quiver Dance|p1a: Volcarona
|-boost|p1a: Volcarona|spa|1
|-boost|p1a: Volcarona|spd|1
|-boost|p1a: Volcarona|spe|1
|cant|p1b: Electabuzz|move: Taunt|Taunt
|move|p2b: Dragonite|Tailwind|p2b: Dragonite
|-sidestart|p2: Arnauz10|move: Tailwind
|
|upkeep
|turn|2
|inactive|Arnauz10 has 30 seconds left.
|inactive|fuggdafogg has 30 seconds left.
|inactive|Arnauz10 has 20 seconds left.
|inactive|Arnauz10 has 15 seconds left.
|inactive|Arnauz10 has 10 seconds left.
|
|t:|1756549999
|-terastallize|p2b: Dragonite|Fairy
|move|p2a: Annihilape|Taunt|p1a: Volcarona
|-start|p1a: Volcarona|move: Taunt
|move|p2b: Dragonite|Haze|p2b: Dragonite
|-clearallboost
|move|p1a: Volcarona|Tera Blast|p2b: Dragonite|[anim] Tera Blast Fairy
|-crit|p2b: Dragonite
|-damage|p2b: Dragonite|71/100
|move|p1b: Electabuzz|Thunderbolt|p2b: Dragonite
|-damage|p2b: Dragonite|39/100
|-status|p2b: Dragonite|par
|
|upkeep
|turn|3
|inactive|fuggdafogg has 30 seconds left.
|inactive|Arnauz10 has 30 seconds left.
|inactive|fuggdafogg has 20 seconds left.
|inactive|fuggdafogg has 15 seconds left.
|
|t:|1756550041
|switch|p2a: Gholdengo|Gholdengo, L50|100/100
|move|p1a: Volcarona|Tera Blast|p2b: Dragonite|[anim] Tera Blast Fairy
|-damage|p2b: Dragonite|0 fnt
|faint|p2b: Dragonite
|move|p1b: Electabuzz|Thunderbolt|p2a: Gholdengo
|-damage|p2a: Gholdengo|72/100
|
|-end|p1b: Electabuzz|move: Taunt
|upkeep
|
|t:|1756550050
|switch|p2b: Annihilape|Annihilape, L50, M|100/100
|turn|4
|
|t:|1756550071
|move|p1b: Electabuzz|Protect|p1b: Electabuzz
|-singleturn|p1b: Electabuzz|Protect
|move|p2b: Annihilape|Taunt|p1b: Electabuzz
|-activate|p1b: Electabuzz|move: Protect
|move|p2a: Gholdengo|Make It Rain|p1a: Volcarona|[spread] p1a
|-activate|p1b: Electabuzz|move: Protect
|-supereffective|p1a: Volcarona
|-damage|p1a: Volcarona|0 fnt
|-unboost|p2a: Gholdengo|spa|1
|faint|p1a: Volcarona
|-damage|p2a: Gholdengo|62/100|[from] item: Life Orb
|
|-sideend|p2: Arnauz10|move: Tailwind
|upkeep
|
|t:|1756550077
|switch|p1a: Kingambit|Kingambit, L50, F|100/100
|turn|5
|inactive|Arnauz10 has 30 seconds left.
|
|t:|1756550106
|switch|p2a: Porygon2|Porygon2, L50|100/100
|-ability|p2a: Porygon2|Download|boost
|-boost|p2a: Porygon2|spa|1
|move|p1b: Electabuzz|Follow Me|p1b: Electabuzz
|-singleturn|p1b: Electabuzz|move: Follow Me
|move|p2b: Annihilape|Taunt|p1b: Electabuzz
|-start|p1b: Electabuzz|move: Taunt
|move|p1a: Kingambit|Kowtow Cleave|p2b: Annihilape
|-damage|p2b: Annihilape|48/100
|
|upkeep
|turn|6
|inactive|Arnauz10 has 30 seconds left.
|inactive|Arnauz10 has 20 seconds left.
|inactive|Arnauz10 has 15 seconds left.
|inactive|Arnauz10 has 10 seconds left.
|
|t:|1756550151
|move|p1a: Kingambit|Protect|p1a: Kingambit
|-singleturn|p1a: Kingambit|Protect
|move|p2b: Annihilape|Close Combat|p1a: Kingambit
|-activate|p1a: Kingambit|move: Protect
|move|p1b: Electabuzz|Thunderbolt|p2b: Annihilape
|-damage|p2b: Annihilape|20/100
|move|p2a: Porygon2|Tera Blast|p1a: Kingambit
|-activate|p1a: Kingambit|move: Protect
|
|upkeep
|turn|7
|
|t:|1756550166
|switch|p1b: Sneasler|Sneasler, L50, M|100/100
|move|p1a: Kingambit|Sucker Punch||[still]
|-fail|p1a: Kingambit
|move|p2b: Annihilape|Taunt|p1a: Kingambit
|-start|p1a: Kingambit|move: Taunt
|move|p2a: Porygon2|Ice Beam|p1a: Kingambit
|-resisted|p1a: Kingambit
|-damage|p1a: Kingambit|81/100
|
|upkeep
|turn|8
|inactive|Arnauz10 has 30 seconds left.
|
|t:|1756550199
|switch|p2b: Gholdengo|Gholdengo, L50|62/100
|move|p1b: Sneasler|Dire Claw|p2b: Gholdengo
|-immune|p2b: Gholdengo
|move|p1a: Kingambit|Kowtow Cleave|p2b: Gholdengo
|-supereffective|p2b: Gholdengo
|-damage|p2b: Gholdengo|0 fnt
|faint|p2b: Gholdengo
|move|p2a: Porygon2|Trick Room|p2a: Porygon2
|-fieldstart|move: Trick Room|[of] p2a: Porygon2
|
|upkeep
|
|t:|1756550208
|switch|p2b: Annihilape|Annihilape, L50, M|20/100
|turn|9
|
|t:|1756550216
|move|p1a: Kingambit|Kowtow Cleave|p2b: Annihilape
|-damage|p2b: Annihilape|0 fnt
|faint|p2b: Annihilape
|move|p2a: Porygon2|Tera Blast|p1a: Kingambit
|-resisted|p1a: Kingambit
|-damage|p1a: Kingambit|57/100
|move|p1b: Sneasler|Close Combat|p2a: Porygon2
|-supereffective|p2a: Porygon2
|-damage|p2a: Porygon2|12/100
|-unboost|p1b: Sneasler|def|1
|-unboost|p1b: Sneasler|spd|1
|
|upkeep
|turn|10
|-message|Arnauz10 forfeited.
|
|win|fuggdafogg
