|j|☆iflamercenar
|j|☆rdw39
|html|iflamercenarrdw39    
|uhtml|bestof|Game 1 of a best-of-3
|t:|1756812487
|gametype|doubles
|player|p1|iflamercenar|acetrainer-gen4dp|1203
|player|p2|rdw39|170|1073
|gen|9
|tier|[Gen 9] VGC 2025 Reg H (Bo3)
|rated|
|rule|Species Clause: Limit one of each Pokémon
|rule|Item Clause: Limit 1 of each item
|clearpoke
|poke|p1|Sneasler, L50, F|
|poke|p1|Volcarona, L50, M|
|poke|p1|Dragonite, L50, F|
|poke|p1|Rillaboom, L50, F|
|poke|p1|Gholdengo, L50|
|poke|p1|Magmar, L50, F|
|poke|p2|Sneasler, L50, M|
|poke|p2|Indeedee, L50, M|
|poke|p2|Ursaluna-Bloodmoon, L50, M|
|poke|p2|Electabuzz, L50, M|
|poke|p2|Incineroar, L50, F|
|poke|p2|Talonflame, L50, M|
|teampreview|4
|showteam|p1|Sneasler||GrassySeed|Unburden|DireClaw,CloseCombat,ThroatChop,Protect|||F|||50|,,,,,Dark]Volcarona||Leftovers|FlameBody|HeatWave,QuiverDance,TeraBlast,Protect|||M|||50|,,,,,Fairy]Dragonite||LoadedDice|Multiscale|ScaleShot,ExtremeSpeed,Haze,Protect|||F|||50|,,,,,Steel]Rillaboom||AssaultVest|GrassySurge|WoodHammer,GrassyGlide,HighHorsepower,FakeOut|||F|||50|,,,,,Fire]Gholdengo||SitrusBerry|GoodasGold|MakeItRain,ShadowBall,NastyPlot,Protect||||||50|,,,,,Water]Magmar||Eviolite|VitalSpirit|Overheat,FollowMe,Taunt,Protect|||F|||50|,,,,,Ghost
|showteam|p2|Sneasler||PsychicSeed|Unburden|CloseCombat,DireClaw,ThroatChop,Protect|||M|||50|,,,,,Dark]Indeedee||FocusSash|PsychicSurge|ExpandingForce,TrickRoom,HelpingHand,Protect|||M|||50|,,,,,Psychic]Ursaluna-Bloodmoon||LifeOrb|MindsEye|BloodMoon,HyperVoice,EarthPower,Protect|||M|||50|,,,,,Normal]Electabuzz||Eviolite|VitalSpirit|Electroweb,FollowMe,Taunt,Protect|||M|||50|,,,,,Dragon]Incineroar||SafetyGoggles|Intimidate|FlareBlitz,KnockOff,PartingShot,FakeOut|||F|||50|,,,,,Ghost]Talonflame||CovertCloak|GaleWings|FlareBlitz,DualWingbeat,WillOWisp,Tailwind|||M|||50|,,,,,Fairy
|inactive|Battle timer is ON: inactive players will automatically lose when time's up. (requested by iflamercenar)
|
|t:|1756812523
|teamsize|p1|4
|teamsize|p2|4
|start
|switch|p1a: Volcarona|Volcarona, L50, M|100/100
|switch|p1b: Magmar|Magmar, L50, F, shiny|100/100
|switch|p2a: Electabuzz|Electabuzz, L50, M|100/100
|switch|p2b: Ursaluna|Ursaluna-Bloodmoon, L50, M|100/100
|turn|1
|inactive|rdw39 has 30 seconds left.
|
|t:|1756812558
|-terastallize|p2b: Ursaluna|Normal
|move|p1a: Volcarona|Protect|p1a: Volcarona
|-singleturn|p1a: Volcarona|Protect
|move|p2a: Electabuzz|Electroweb|p1b: Magmar|[spread] p1b
|-activate|p1a: Volcarona|move: Protect
|-damage|p1b: Magmar|89/100
|-unboost|p1b: Magmar|spe|1
|move|p2b: Ursaluna|Blood Moon|p1a: Volcarona
|-activate|p1a: Volcarona|move: Protect
|move|p1b: Magmar|Taunt|p2a: Electabuzz
|-start|p2a: Electabuzz|move: Taunt
|
|upkeep
|turn|2
|
|t:|1756812578
|move|p1b: Magmar|Follow Me|p1b: Magmar
|-singleturn|p1b: Magmar|move: Follow Me
|move|p2a: Electabuzz|Electroweb|p1a: Volcarona|[spread] p1a,p1b
|-damage|p1a: Volcarona|87/100
|-damage|p1b: Magmar|77/100
|-unboost|p1a: Volcarona|spe|1
|-unboost|p1b: Magmar|spe|1
|move|p2b: Ursaluna|Hyper Voice|p1b: Magmar|[spread] p1a,p1b
|-damage|p1a: Volcarona|24/100
|-damage|p1b: Magmar|20/100
|-damage|p2b: Ursaluna|91/100|[from] item: Life Orb
|move|p1a: Volcarona|Quiver Dance|p1a: Volcarona
|-boost|p1a: Volcarona|spa|1
|-boost|p1a: Volcarona|spd|1
|-boost|p1a: Volcarona|spe|1
|
|-heal|p1a: Volcarona|30/100|[from] item: Leftovers
|upkeep
|turn|3
|inactive|iflamercenar has 30 seconds left.
|
|t:|1756812608
|move|p1a: Volcarona|Protect|p1a: Volcarona
|-singleturn|p1a: Volcarona|Protect
|move|p2a: Electabuzz|Electroweb|p1b: Magmar|[spread] p1b
|-activate|p1a: Volcarona|move: Protect
|-damage|p1b: Magmar|9/100
|-unboost|p1b: Magmar|spe|1
|move|p2b: Ursaluna|Hyper Voice|p1a: Volcarona|[spread] p1b
|-activate|p1a: Volcarona|move: Protect
|-damage|p1b: Magmar|0 fnt
|faint|p1b: Magmar
|-damage|p2b: Ursaluna|81/100|[from] item: Life Orb
|
|-heal|p1a: Volcarona|36/100|[from] item: Leftovers
|upkeep
|
|t:|1756812623
|switch|p1b: Rillaboom|Rillaboom, L50, F|100/100
|-fieldstart|move: Grassy Terrain|[from] ability: Grassy Surge|[of] p1b: Rillaboom
|turn|4
|inactive|rdw39 has 30 seconds left.
|inactive|rdw39 has 20 seconds left.
|
|t:|1756812663
|move|p2b: Ursaluna|Protect|p2b: Ursaluna
|-singleturn|p2b: Ursaluna|Protect
|move|p1b: Rillaboom|Fake Out|p2a: Electabuzz
|-damage|p2a: Electabuzz|85/100
|cant|p2a: Electabuzz|flinch
|move|p1a: Volcarona|Quiver Dance|p1a: Volcarona
|-boost|p1a: Volcarona|spa|1
|-boost|p1a: Volcarona|spd|1
|-boost|p1a: Volcarona|spe|1
|
|-heal|p1a: Volcarona|43/100|[from] Grassy Terrain
|-heal|p1a: Volcarona|49/100|[from] item: Leftovers
|-heal|p2a: Electabuzz|90/100|[from] Grassy Terrain
|-heal|p2b: Ursaluna|87/100|[from] Grassy Terrain
|-end|p2a: Electabuzz|move: Taunt
|upkeep
|turn|5
|
|t:|1756812688
|move|p1a: Volcarona|Protect|p1a: Volcarona
|-singleturn|p1a: Volcarona|Protect
|move|p2a: Electabuzz|Follow Me|p2a: Electabuzz
|-singleturn|p2a: Electabuzz|move: Follow Me
|move|p1b: Rillaboom|Wood Hammer|p2a: Electabuzz
|-damage|p2a: Electabuzz|11/100
|-damage|p1b: Rillaboom|79/100|[from] Recoil
|move|p2b: Ursaluna|Hyper Voice|p1a: Volcarona|[spread] p1b
|-activate|p1a: Volcarona|move: Protect
|-damage|p1b: Rillaboom|26/100
|-damage|p2b: Ursaluna|78/100|[from] item: Life Orb
|
|-heal|p1a: Volcarona|55/100|[from] Grassy Terrain
|-heal|p1a: Volcarona|61/100|[from] item: Leftovers
|-heal|p2a: Electabuzz|17/100|[from] Grassy Terrain
|-heal|p1b: Rillaboom|32/100|[from] Grassy Terrain
|-heal|p2b: Ursaluna|84/100|[from] Grassy Terrain
|upkeep
|turn|6
|
|t:|1756812713
|move|p2b: Ursaluna|Protect|p2b: Ursaluna
|-singleturn|p2b: Ursaluna|Protect
|move|p1a: Volcarona|Heat Wave|p2a: Electabuzz|[spread] p2a
|-activate|p2b: Ursaluna|move: Protect
|-damage|p2a: Electabuzz|0 fnt
|faint|p2a: Electabuzz
|move|p1b: Rillaboom|Wood Hammer|p2b: Ursaluna
|-activate|p2b: Ursaluna|move: Protect
|
|-heal|p1a: Volcarona|68/100|[from] Grassy Terrain
|-heal|p1a: Volcarona|74/100|[from] item: Leftovers
|-heal|p1b: Rillaboom|39/100|[from] Grassy Terrain
|-heal|p2b: Ursaluna|89/100|[from] Grassy Terrain
|upkeep
|
|t:|1756812737
|switch|p2a: Indeedee|Indeedee, L50, M|100/100
|-fieldstart|move: Psychic Terrain|[from] ability: Psychic Surge|[of] p2a: Indeedee
|turn|7
|
|t:|1756812752
|switch|p1b: Dragonite|Dragonite, L50, F|100/100
|move|p1a: Volcarona|Protect|p1a: Volcarona
|-singleturn|p1a: Volcarona|Protect
|move|p2a: Indeedee|Expanding Force|p1a: Volcarona|[spread] p1b
|-activate|p1a: Volcarona|move: Protect
|-damage|p1b: Dragonite|72/100
|move|p2b: Ursaluna|Blood Moon|p1a: Volcarona
|-activate|p1a: Volcarona|move: Protect
|
|-heal|p1a: Volcarona|80/100|[from] item: Leftovers
|upkeep
|turn|8
|
|t:|1756812774
|move|p1a: Volcarona|Heat Wave|p2a: Indeedee|[spread] p2a,p2b
|-damage|p2a: Indeedee|3/100
|-damage|p2b: Ursaluna|0 fnt
|faint|p2b: Ursaluna
|move|p2a: Indeedee|Expanding Force|p1a: Volcarona|[spread] p1a,p1b
|-damage|p1a: Volcarona|58/100
|-damage|p1b: Dragonite|16/100
|move|p1b: Dragonite|Scale Shot|p2a: Indeedee
|-damage|p2a: Indeedee|0 fnt
|faint|p2a: Indeedee
|-hitcount|p2: Indeedee|1
|-unboost|p1b: Dragonite|def|1
|-boost|p1b: Dragonite|spe|1
|
|-heal|p1a: Volcarona|64/100|[from] item: Leftovers
|upkeep
|-message|rdw39 forfeited.
|
|win|iflamercenar
||iflamercenar is ready for game 2.
||rdw39 is ready for game 2.
|uhtml|next|Next: Game 2 of 3
