|j|☆leonsunp
|j|☆i saw carcosa
|html|leonsunpi saw carcosa    
|uhtml|bestof|Game 2 of a best-of-3
|t:|1757178280
|gametype|doubles
|player|p1|leonsunp|colress|1304
|player|p2|i saw carcosa|pokemonbreederf|1351
|gen|9
|tier|[Gen 9] VGC 2025 Reg H (Bo3)
|rated|
|rule|Species Clause: Limit one of each Pokémon
|rule|Item Clause: Limit 1 of each item
|clearpoke
|poke|p1|Sneasler, L50, F|
|poke|p1|Indeedee, L50, M|
|poke|p1|Volcarona, L50, F|
|poke|p1|Ursaluna-Bloodmoon, L50, M|
|poke|p1|Annihilape, L50, F|
|poke|p1|Tyranitar, L50, M|
|poke|p2|Sneasler, L50, M|
|poke|p2|Ursaluna-Bloodmoon, L50, M|
|poke|p2|Dragonite, L50, F|
|poke|p2|Gholdengo, L50|
|poke|p2|Amoonguss, L50, M|
|poke|p2|Incineroar, L50, F|
|teampreview|4
|showteam|p1|Sneasler||PsychicSeed|Unburden|CloseCombat,DireClaw,ThroatChop,Protect|||F|||50|,,,,,Dark]Indeedee||ChoiceScarf|PsychicSurge|ExpandingForce,TeraBlast,Trick,Protect|||M|||50|,,,,,Psychic]Volcarona||SitrusBerry|FlameBody|Overheat,StruggleBug,RagePowder,Tailwind|||F|||50|,,,,,Grass]Ursaluna-Bloodmoon||LifeOrb|MindsEye|BloodMoon,HyperVoice,EarthPower,Protect|||M|||50|,,,,,Normal]Annihilape||SafetyGoggles|Defiant|CloseCombat,RageFist,Taunt,FinalGambit|||F|||50|,,,,,Fairy]Tyranitar||AssaultVest|SandStream|RockSlide,KnockOff,TeraBlast,LowKick|||M|||50|,,,,,Flying
|showteam|p2|Sneasler||FocusSash|Unburden|DireClaw,CloseCombat,FakeOut,Protect|||M|||50|,,,,,Stellar]Ursaluna-Bloodmoon||AssaultVest|MindsEye|BloodMoon,VacuumWave,EarthPower,HyperVoice|||M|||50|,,,,,Water]Dragonite||LoadedDice|Multiscale|ScaleShot,Tailwind,Haze,Protect|||F|||50|,,,,,Fairy]Gholdengo||LifeOrb|GoodasGold|MakeItRain,ShadowBall,NastyPlot,Protect||||||50|,,,,,Water]Amoonguss||SitrusBerry|Regenerator|PollenPuff,Protect,RagePowder,Spore|||M|||50|,,,,,Water]Incineroar||SafetyGoggles|Intimidate|KnockOff,FlareBlitz,PartingShot,FakeOut|||F|||50|,,,,,Ghost
|inactive|Battle timer is ON: inactive players will automatically lose when time's up. (requested by leonsunp)
|inactive|leonsunp has 60 seconds left.
|inactive|i saw carcosa has 60 seconds left.
|
|t:|1757178328
|teamsize|p1|4
|teamsize|p2|4
|start
|switch|p1a: Annihilape|Annihilape, L50, F|100/100
|switch|p1b: Indeedee|Indeedee, L50, M|100/100
|switch|p2a: Dragonite|Dragonite, L50, F|100/100
|switch|p2b: Sneasler|Sneasler, L50, M|100/100
|-fieldstart|move: Psychic Terrain|[from] ability: Psychic Surge|[of] p1b: Indeedee
|turn|1
|
|t:|1757178346
|switch|p2a: Gholdengo|Gholdengo, L50|100/100
|move|p1b: Indeedee|Expanding Force|p2b: Sneasler|[spread] p2a,p2b
|-resisted|p2a: Gholdengo
|-supereffective|p2b: Sneasler
|-damage|p2a: Gholdengo|72/100
|-enditem|p2b: Sneasler|Focus Sash
|-damage|p2b: Sneasler|1/100
|move|p2b: Sneasler|Dire Claw|p1b: Indeedee
|-damage|p1b: Indeedee|17/100
|-status|p1b: Indeedee|psn
|move|p1a: Annihilape|Taunt|p2a: Gholdengo
|-immune|p2a: Gholdengo|[from] ability: Good as Gold
|
|-damage|p1b: Indeedee|4/100 psn|[from] psn
|upkeep
|turn|2
|inactive|i saw carcosa has 30 seconds left.
|
|t:|1757178375
|move|p2b: Sneasler|Protect|p2b: Sneasler
|-singleturn|p2b: Sneasler|Protect
|move|p2a: Gholdengo|Protect|p2a: Gholdengo
|-singleturn|p2a: Gholdengo|Protect
|move|p1b: Indeedee|Expanding Force|p2b: Sneasler|[spread] 
|-activate|p2a: Gholdengo|move: Protect
|-activate|p2b: Sneasler|move: Protect
|move|p1a: Annihilape|Rage Fist|p2a: Gholdengo
|-activate|p2a: Gholdengo|move: Protect
|
|-damage|p1b: Indeedee|0 fnt|[from] psn
|faint|p1b: Indeedee
|upkeep
|
|t:|1757178393
|switch|p1b: Volcarona|Volcarona, L50, F|100/100
|turn|3
|
|t:|1757178407
|switch|p2a: Ursaluna|Ursaluna-Bloodmoon, L50, M|100/100
|move|p2b: Sneasler|Dire Claw|p1b: Volcarona
|-damage|p1b: Volcarona|48/100
|-status|p1b: Volcarona|slp
|-enditem|p1b: Volcarona|Sitrus Berry|[eat]
|-heal|p1b: Volcarona|73/100 slp|[from] item: Sitrus Berry
|cant|p1b: Volcarona|slp
|move|p1a: Annihilape|Rage Fist|p2a: Ursaluna
|-immune|p2a: Ursaluna
|
|upkeep
|turn|4
|inactive|leonsunp has 30 seconds left.
|
|t:|1757178434
|move|p2b: Sneasler|Dire Claw|p1a: Annihilape
|-resisted|p1a: Annihilape
|-damage|p1a: Annihilape|79/100
|-status|p1a: Annihilape|psn
|-curestatus|p1b: Volcarona|slp|[msg]
|move|p1b: Volcarona|Tailwind|p1b: Volcarona
|-sidestart|p1: leonsunp|move: Tailwind
|move|p1a: Annihilape|Final Gambit|p2a: Ursaluna
|-damage|p2a: Ursaluna|21/100
|faint|p1a: Annihilape
|move|p2a: Ursaluna|Blood Moon|p1b: Volcarona
|-damage|p1b: Volcarona|2/100
|
|upkeep
|
|t:|1757178448
|switch|p1a: Ursaluna|Ursaluna-Bloodmoon, L50, M|100/100
|turn|5
|
|t:|1757178458
|switch|p2a: Gholdengo|Gholdengo, L50|72/100
|move|p2b: Sneasler|Protect|p2b: Sneasler
|-singleturn|p2b: Sneasler|Protect
|move|p1b: Volcarona|Struggle Bug|p2a: Gholdengo|[spread] p2a
|-activate|p2b: Sneasler|move: Protect
|-resisted|p2a: Gholdengo
|-damage|p2a: Gholdengo|68/100
|-unboost|p2a: Gholdengo|spa|1
|move|p1a: Ursaluna|Hyper Voice|p2b: Sneasler|[spread] p2a
|-activate|p2b: Sneasler|move: Protect
|-resisted|p2a: Gholdengo
|-crit|p2a: Gholdengo
|-damage|p2a: Gholdengo|24/100
|-damage|p1a: Ursaluna|91/100|[from] item: Life Orb
|
|-fieldend|move: Psychic Terrain
|upkeep
|turn|6
|
|t:|1757178476
|switch|p2b: Dragonite|Dragonite, L50, F|100/100
|move|p1b: Volcarona|Struggle Bug|p2b: Dragonite|[spread] p2a,p2b
|-resisted|p2a: Gholdengo
|-resisted|p2b: Dragonite
|-damage|p2a: Gholdengo|19/100
|-damage|p2b: Dragonite|96/100
|-unboost|p2a: Gholdengo|spa|1
|-unboost|p2b: Dragonite|spa|1
|move|p1a: Ursaluna|Hyper Voice|p2b: Dragonite|[spread] p2a,p2b
|-resisted|p2a: Gholdengo
|-damage|p2a: Gholdengo|0 fnt
|-damage|p2b: Dragonite|37/100
|faint|p2a: Gholdengo
|-damage|p1a: Ursaluna|81/100|[from] item: Life Orb
|
|upkeep
|
|t:|1757178482
|switch|p2a: Ursaluna|Ursaluna-Bloodmoon, L50, M|21/100
|turn|7
|
|t:|1757178500
|move|p2b: Dragonite|Protect|p2b: Dragonite
|-singleturn|p2b: Dragonite|Protect
|move|p2a: Ursaluna|Vacuum Wave|p1b: Volcarona
|-resisted|p1b: Volcarona
|-damage|p1b: Volcarona|0 fnt
|faint|p1b: Volcarona
|move|p1a: Ursaluna|Hyper Voice|p2a: Ursaluna|[spread] p2a
|-activate|p2b: Dragonite|move: Protect
|-crit|p2a: Ursaluna
|-damage|p2a: Ursaluna|0 fnt
|faint|p2a: Ursaluna
|-damage|p1a: Ursaluna|72/100|[from] item: Life Orb
|
|-sideend|p1: leonsunp|move: Tailwind
|upkeep
|
|t:|1757178505
|switch|p2a: Sneasler|Sneasler, L50, M|1/100
|turn|8
|
|t:|1757178514
|-terastallize|p2a: Sneasler|Stellar
|move|p2a: Sneasler|Fake Out|p1a: Ursaluna
|-damage|p1a: Ursaluna|59/100
|move|p2b: Dragonite|Scale Shot|p1a: Ursaluna
|-damage|p1a: Ursaluna|48/100
|-damage|p1a: Ursaluna|36/100
|-damage|p1a: Ursaluna|25/100
|-damage|p1a: Ursaluna|12/100
|-hitcount|p1a: Ursaluna|4
|-unboost|p2b: Dragonite|def|1
|-boost|p2b: Dragonite|spe|1
|cant|p1a: Ursaluna|flinch
|
|upkeep
|turn|9
|
|t:|1757178527
|move|p2b: Dragonite|Tailwind|p2b: Dragonite
|-sidestart|p2: i saw carcosa|move: Tailwind
|move|p2a: Sneasler|Close Combat|p1a: Ursaluna
|-supereffective|p1a: Ursaluna
|-damage|p1a: Ursaluna|0 fnt
|-unboost|p2a: Sneasler|def|1
|-unboost|p2a: Sneasler|spd|1
|faint|p1a: Ursaluna
|
|win|i saw carcosa
||i saw carcosa is ready for game 3.
||leonsunp is ready for game 3.
|uhtml|next|Next: Game 3 of 3
