|j|☆PsychedelicDawgII
|j|☆applejuice1738
|html|PsychedelicDawgIIapplejuice1738    
|uhtml|bestof|Game 2 of a best-of-3
|t:|1783897841
|gametype|doubles
|player|p1|PsychedelicDawgII|clerk|
|player|p2|applejuice1738|101|
|gen|9
|tier|[Gen 9 Champions] VGC 2026 Reg M-B (Bo3)
|rule|Species Clause: Limit one of each Pokémon
|rule|Item Clause: Limit 1 of each item
|clearpoke
|poke|p1|Dragapult, L50, M|
|poke|p1|Pinsir, L50, F|
|poke|p1|Volcarona, L50, M|
|poke|p1|Grimmsnarl, L50, M|
|poke|p1|Gliscor, L50, M|
|poke|p1|Tyranitar, L50, F|
|poke|p2|Torterra, L50, M|
|poke|p2|Metagross, L50, shiny|
|poke|p2|Gardevoir, L50, F, shiny|
|poke|p2|Rotom-Heat, L50, shiny|
|poke|p2|Spiritomb, L50, M|
|poke|p2|Goodra-Hisui, L50, F, shiny|
|teampreview|4
|showteam|p1|Dragapult||WhiteHerb|Infiltrator|Protect,ShadowBall,DracoMeteor,Uturn|Timid||M|||50|]Pinsir||Pinsirite|HyperCutter|Protect,BodySlam,CloseCombat,Feint|Jolly||F|||50|]Volcarona||LifeOrb|FlameBody|Protect,QuiverDance,HeatWave,GigaDrain|Modest||M|||50|]Grimmsnarl||LightClay|Prankster|FakeOut,Reflect,Taunt,SuckerPunch|Adamant||M|||50|]Gliscor||BrightPowder|SandVeil|SwordsDance,Earthquake,DualWingbeat,Substitute|Jolly||M|||50|]Tyranitar||Tyranitarite|SandStream|Protect,RockSlide,KnockOff,Earthquake|Adamant||F|||50|
|showteam|p2|Torterra||ExpertBelt|ShellArmor|WoodHammer,Earthquake,ShellSmash,Protect|Adamant||M|||50|]Metagross||ChoiceScarf|ClearBody|CosmicPower,IcePunch,MeteorMash,ZenHeadbutt|Adamant|||||50|]Gardevoir||Gardevoirite|Trace|TrickRoom,HyperVoice,FocusBlast,Protect|Quiet||F|||50|]Rotom-Heat||LifeOrb|Levitate|Overheat,Thunderbolt,WillOWisp,FoulPlay|Timid|||||50|]Spiritomb||MentalHerb|Infiltrator|TrickRoom,HelpingHand,ShadowBall,IcyWind|Relaxed||M|||50|]Goodra-Hisui||Leftovers|ShellArmor|BodyPress,LifeDew,Shelter,DracoMeteor|Bold||F|||50|
|j| PJG4487
|j| NewTrainaOnDaBlock
|
|t:|1783897980
|teamsize|p1|4
|teamsize|p2|4
|start
|switch|p1a: The Greek|Grimmsnarl, L50, M|100/100
|switch|p1b: Lockheed|Dragapult, L50, M|100/100
|switch|p2a: GOAT|Torterra, L50, M|100/100
|switch|p2b: Ghost Pizza|Spiritomb, L50, M|100/100
|turn|1
|
|t:|1783898018
|move|p2a: GOAT|Protect|p2a: GOAT
|-singleturn|p2a: GOAT|Protect
|move|p1a: The Greek|Fake Out|p2a: GOAT
|-activate|p2a: GOAT|move: Protect
|move|p1b: Lockheed|Draco Meteor|p2b: Ghost Pizza|[miss]
|-miss|p1b: Lockheed|p2b: Ghost Pizza
|move|p2b: Ghost Pizza|Trick Room|p2b: Ghost Pizza
|-fieldstart|move: Trick Room|[of] p2b: Ghost Pizza
|
|upkeep
|turn|2
|
|t:|1783898041
|move|p1b: Lockheed|Protect|p1b: Lockheed
|-singleturn|p1b: Lockheed|Protect
|move|p1a: The Greek|Reflect|p1a: The Greek
|-sidestart|p1: PsychedelicDawgII|Reflect
|move|p2b: Ghost Pizza|Shadow Ball|p1b: Lockheed
|-activate|p1b: Lockheed|move: Protect
|move|p2a: GOAT|Wood Hammer|p1a: The Greek
|-damage|p1a: The Greek|48/100
|-damage|p2a: GOAT|83/100|[from] Recoil
|
|upkeep
|turn|3
|
|t:|1783898063
|move|p1a: The Greek|Taunt|p2b: Ghost Pizza
|-hint|Since gen 7, Dark is immune to Prankster moves.
|-immune|p2b: Ghost Pizza
|move|p2b: Ghost Pizza|Shadow Ball|p1b: Lockheed
|-supereffective|p1b: Lockheed|1
|-damage|p1b: Lockheed|15/100
|move|p2a: GOAT|Wood Hammer|p1a: The Greek
|-damage|p1a: The Greek|0 fnt
|faint|p1a: The Greek
|-damage|p2a: GOAT|67/100|[from] Recoil
|move|p1b: Lockheed|Draco Meteor|p2a: GOAT
|-damage|p2a: GOAT|15/100
|-unboost|p1b: Lockheed|spa|2
|-enditem|p1b: Lockheed|White Herb
|-clearnegativeboost|p1b: Lockheed|[silent]
|
|upkeep
|
|t:|1783898085
|switch|p1a: Suzie|Pinsir, L50, F|100/100
|turn|4
|
|t:|1783898096
|detailschange|p1a: Suzie|Pinsir-Mega, L50, F
|-mega|p1a: Suzie|Pinsir|Pinsirite
|move|p2a: GOAT|Protect|p2a: GOAT
|-singleturn|p2a: GOAT|Protect
|move|p1b: Lockheed|Protect|p1b: Lockheed
|-singleturn|p1b: Lockheed|Protect
|move|p1a: Suzie|Feint|p2a: GOAT
|-activate|p2a: GOAT|move: Feint
|-supereffective|p2a: GOAT|1
|-damage|p2a: GOAT|0 fnt
|faint|p2a: GOAT
|move|p2b: Ghost Pizza|Shadow Ball|p1b: Lockheed
|-activate|p1b: Lockheed|move: Protect
|
|upkeep
|
|t:|1783898124
|switch|p2a: BADDIE ALERT|Gardevoir, L50, F, shiny|100/100
|-ability|p2a: BADDIE ALERT|Infiltrator|Trace|[from] ability: Trace|[of] p1b: Lockheed
|turn|5
|
|t:|1783898142
|detailschange|p2a: BADDIE ALERT|Gardevoir-Mega, L50, F, shiny
|-mega|p2a: BADDIE ALERT|Gardevoir|Gardevoirite
|move|p2b: Ghost Pizza|Shadow Ball|p1b: Lockheed
|-supereffective|p1b: Lockheed|1
|-damage|p1b: Lockheed|0 fnt
|faint|p1b: Lockheed
|move|p2a: BADDIE ALERT|Hyper Voice|p1a: Suzie
|-damage|p1a: Suzie|3/100
|move|p1a: Suzie|Body Slam|p2a: BADDIE ALERT
|-damage|p2a: BADDIE ALERT|13/100
|
|-fieldend|move: Trick Room
|upkeep
|
|t:|1783898153
|switch|p1b: Corona|Volcarona, L50, M|100/100
|turn|6
|
|t:|1783898173
|move|p1a: Suzie|Feint|p2a: BADDIE ALERT
|-damage|p2a: BADDIE ALERT|0 fnt
|faint|p2a: BADDIE ALERT
|move|p1b: Corona|Quiver Dance|p1b: Corona
|-boost|p1b: Corona|spa|1
|-boost|p1b: Corona|spd|1
|-boost|p1b: Corona|spe|1
|move|p2b: Ghost Pizza|Icy Wind|p1b: Corona|[spread] p1a,p1b
|-supereffective|p1a: Suzie|1
|-resisted|p1b: Corona|1
|-damage|p1a: Suzie|0 fnt
|-damage|p1b: Corona|97/100
|-unboost|p1b: Corona|spe|1
|faint|p1a: Suzie
|
|upkeep
|
|t:|1783898184
|switch|p2a: Goopy Goop|Goodra-Hisui, L50, F, shiny|100/100
|turn|7
|
|t:|1783898199
|move|p1b: Corona|Heat Wave|p2b: Ghost Pizza|[spread] p2a
|-miss|p1b: Corona|p2b: Ghost Pizza
|-damage|p2a: Goopy Goop|62/100
|-damage|p1b: Corona|87/100|[from] item: Life Orb
|move|p2a: Goopy Goop|Shelter|p2a: Goopy Goop
|-boost|p2a: Goopy Goop|def|2
|move|p2b: Ghost Pizza|Trick Room|p2b: Ghost Pizza
|-fieldstart|move: Trick Room|[of] p2b: Ghost Pizza
|
|-heal|p2a: Goopy Goop|68/100|[from] item: Leftovers
|upkeep
|turn|8
|
|t:|1783898211
|move|p2b: Ghost Pizza|Helping Hand|p2a: Goopy Goop
|-singleturn|p2a: Goopy Goop|Helping Hand|[of] p2b: Ghost Pizza
|move|p2a: Goopy Goop|Body Press|p1b: Corona
|-resisted|p1b: Corona|1
|-damage|p1b: Corona|66/100
|move|p1b: Corona|Heat Wave|p2b: Ghost Pizza|[spread] p2a,p2b
|-damage|p2a: Goopy Goop|28/100
|-damage|p2b: Ghost Pizza|30/100
|-damage|p1b: Corona|56/100|[from] item: Life Orb
|
|-heal|p2a: Goopy Goop|34/100|[from] item: Leftovers
|upkeep
|turn|9
|
|t:|1783898234
|move|p2b: Ghost Pizza|Shadow Ball|p1b: Corona
|-damage|p1b: Corona|39/100
|move|p2a: Goopy Goop|Body Press|p1b: Corona
|-resisted|p1b: Corona|1
|-damage|p1b: Corona|25/100
|move|p1b: Corona|Heat Wave|p2b: Ghost Pizza|[spread] p2a,p2b
|-damage|p2a: Goopy Goop|0 fnt
|-damage|p2b: Ghost Pizza|0 fnt
|faint|p2a: Goopy Goop
|faint|p2b: Ghost Pizza
|-damage|p1b: Corona|15/100|[from] item: Life Orb
|
|win|PsychedelicDawgII
