|j|☆3rdPlaceTennis
|j|☆BuffBuneary
|html|3rdPlaceTennisBuffBuneary    
|uhtml|bestof|Game 1 of a best-of-3
|t:|1756777684
|gametype|doubles
|player|p1|3rdPlaceTennis|bugcatcher-gen4dp|1182
|player|p2|BuffBuneary|shauntal|1196
|gen|9
|tier|[Gen 9] VGC 2025 Reg H (Bo3)
|rated|
|rule|Species Clause: Limit one of each Pokémon
|rule|Item Clause: Limit 1 of each item
|clearpoke
|poke|p1|Dragonite, L50, F|
|poke|p1|Ribombee, L50, F|
|poke|p1|Archaludon, L50, F|
|poke|p1|Mimikyu, L50, F|
|poke|p1|Incineroar, L50, F|
|poke|p1|Typhlosion-Hisui, L50, F|
|poke|p2|Annihilape, L50, M|
|poke|p2|Ninetales-Alola, L50, F|
|poke|p2|Talonflame, L50, M|
|poke|p2|Garchomp, L50, M|
|poke|p2|Vivillon-Ocean, L50, F|
|poke|p2|Gholdengo, L50|
|teampreview|4
|showteam|p1|Dragonite||LoadedDice|Multiscale|ScaleShot,LowKick,ExtremeSpeed,Protect|||F|||50|,,,,,Fairy]Ribombee||FocusSash|ShieldDust|Moonblast,Tailwind,FakeTears,Protect|||F|||50|,,,,,Fairy]Archaludon||PowerHerb|Sturdy|ElectroShot,DracoMeteor,Thunderbolt,Protect|||F|||50|,,,,,Electric]Mimikyu||LifeOrb|Disguise|WoodHammer,ShadowSneak,PlayRough,TrickRoom|||F|||50|,,,,,Grass]Incineroar||AssaultVest|Intimidate|FlareBlitz,KnockOff,Uturn,FakeOut|||F|||50|,,,,,Bug]Typhlosion-Hisui||ChoiceSpecs|Blaze|Eruption,Overheat,ShadowBall,HeatWave|||F|||50|,,,,,Fire
|showteam|p2|Annihilape||SafetyGoggles|Defiant|RageFist,DrainPunch,BulkUp,Protect|||M|||50|,,,,,Water]Ninetales-Alola||CovertCloak|SnowWarning|Blizzard,FreezeDry,AuroraVeil,Protect|||F|||50|,,,,,Ice]Talonflame||SharpBeak|GaleWings|DualWingbeat,Tailwind,WillOWisp,Protect|||M|||50|,,,,,Ghost]Garchomp||LifeOrb|RoughSkin|Earthquake,StompingTantrum,DragonClaw,Protect|||M|||50|,,,,,Steel]Vivillon-Ocean||FocusSash|CompoundEyes|SleepPowder,Hurricane,RagePowder,Protect|||F|||50|,,,,,Ghost]Gholdengo||IronPlate|GoodasGold|MakeItRain,ShadowBall,NastyPlot,Protect||||||50|,,,,,Steel
|inactive|Battle timer is ON: inactive players will automatically lose when time's up. (requested by BuffBuneary)
|
|t:|1756777761
|teamsize|p1|4
|teamsize|p2|4
|start
|switch|p1a: Ribombee|Ribombee, L50, F, shiny|100/100
|switch|p1b: Typhlosion|Typhlosion-Hisui, L50, F, shiny|100/100
|switch|p2a: Talonflame|Talonflame, L50, M|100/100
|switch|p2b: Garchomp|Garchomp, L50, M|100/100
|turn|1
|inactive|BuffBuneary has 30 seconds left.
|
|t:|1756777787
|switch|p1b: Dragonite|Dragonite, L50, F, shiny|100/100
|move|p2a: Talonflame|Dual Wingbeat|p1a: Ribombee
|-supereffective|p1a: Ribombee
|-damage|p1a: Ribombee|32/100
|-supereffective|p1a: Ribombee
|-damage|p1a: Ribombee|0 fnt
|faint|p1a: Ribombee
|-hitcount|p1: Ribombee|2
|move|p2b: Garchomp|Earthquake|p1b: Dragonite|[spread] 
|-immune|p2a: Talonflame
|-immune|p1b: Dragonite
|
|upkeep
|
|t:|1756777797
|switch|p1a: Archaludon|Archaludon, L50, F, shiny|100/100
|turn|2
|
|t:|1756777813
|switch|p2b: Ninetales|Ninetales-Alola, L50, F, shiny|100/100
|-weather|Snowscape|[from] ability: Snow Warning|[of] p2b: Ninetales
|move|p2a: Talonflame|Will-O-Wisp|p1b: Dragonite
|-status|p1b: Dragonite|brn
|move|p1a: Archaludon|Electro Shot||[still]
|-prepare|p1a: Archaludon|Electro Shot
|-boost|p1a: Archaludon|spa|1
|-enditem|p1a: Archaludon|Power Herb
|-anim|p1a: Archaludon|Electro Shot|p2a: Talonflame
|-supereffective|p2a: Talonflame
|-damage|p2a: Talonflame|0 fnt
|faint|p2a: Talonflame
|move|p1b: Dragonite|Scale Shot|p2b: Ninetales
|-immune|p2b: Ninetales
|
|-weather|Snowscape|[upkeep]
|-damage|p1b: Dragonite|95/100 brn|[from] brn
|upkeep
|
|t:|1756777830
|switch|p2a: Garchomp|Garchomp, L50, M|100/100
|turn|3
|
|t:|1756777842
|-terastallize|p2b: Ninetales|Ice
|-terastallize|p1b: Dragonite|Fairy
|move|p1a: Archaludon|Protect|p1a: Archaludon
|-singleturn|p1a: Archaludon|Protect
|move|p2b: Ninetales|Blizzard|p1b: Dragonite|[spread] p1b
|-activate|p1a: Archaludon|move: Protect
|-damage|p1b: Dragonite|51/100 brn
|move|p2a: Garchomp|Stomping Tantrum|p1a: Archaludon
|-activate|p1a: Archaludon|move: Protect
|move|p1b: Dragonite|Scale Shot|p2a: Garchomp
|-supereffective|p2a: Garchomp
|-damage|p2a: Garchomp|86/100
|-supereffective|p2a: Garchomp
|-damage|p2a: Garchomp|69/100
|-supereffective|p2a: Garchomp
|-damage|p2a: Garchomp|56/100
|-supereffective|p2a: Garchomp
|-damage|p2a: Garchomp|39/100
|-hitcount|p2a: Garchomp|4
|-unboost|p1b: Dragonite|def|1
|-boost|p1b: Dragonite|spe|1
|
|-weather|Snowscape|[upkeep]
|-damage|p1b: Dragonite|45/100 brn|[from] brn
|upkeep
|turn|4
|inactive|BuffBuneary has 30 seconds left.
|
|t:|1756777872
|move|p1b: Dragonite|Protect|p1b: Dragonite
|-singleturn|p1b: Dragonite|Protect
|move|p2a: Garchomp|Protect|p2a: Garchomp
|-singleturn|p2a: Garchomp|Protect
|move|p2b: Ninetales|Blizzard|p1a: Archaludon|[spread] p1a
|-activate|p1b: Dragonite|move: Protect
|-damage|p1a: Archaludon|36/100
|move|p1a: Archaludon|Thunderbolt|p2b: Ninetales
|-damage|p2b: Ninetales|47/100
|
|-weather|Snowscape|[upkeep]
|-damage|p1b: Dragonite|39/100 brn|[from] brn
|upkeep
|turn|5
|
|t:|1756777891
|move|p1b: Dragonite|Scale Shot|p2a: Garchomp
|-supereffective|p2a: Garchomp
|-damage|p2a: Garchomp|25/100
|-supereffective|p2a: Garchomp
|-damage|p2a: Garchomp|11/100
|-supereffective|p2a: Garchomp
|-damage|p2a: Garchomp|0 fnt
|faint|p2a: Garchomp
|-hitcount|p2: Garchomp|3
|-unboost|p1b: Dragonite|def|1
|-boost|p1b: Dragonite|spe|1
|move|p2b: Ninetales|Blizzard|p1b: Dragonite|[spread] p1a,p1b
|-damage|p1a: Archaludon|0 fnt
|-damage|p1b: Dragonite|0 fnt
|faint|p1a: Archaludon
|faint|p1b: Dragonite
|
|-weather|Snowscape|[upkeep]
|upkeep
|
|t:|1756777905
|switch|p2a: Vivillon|Vivillon-Ocean, L50, F|100/100
|switch|p1a: Typhlosion|Typhlosion-Hisui, L50, F, shiny|100/100
|turn|6
|
|t:|1756777923
|move|p2b: Ninetales|Protect|p2b: Ninetales
|-singleturn|p2b: Ninetales|Protect
|move|p1a: Typhlosion|Eruption|p2b: Ninetales|[spread] p2a
|-activate|p2b: Ninetales|move: Protect
|-supereffective|p2a: Vivillon
|-enditem|p2a: Vivillon|Focus Sash
|-damage|p2a: Vivillon|1/100
|move|p2a: Vivillon|Sleep Powder|p1a: Typhlosion
|-status|p1a: Typhlosion|slp|[from] move: Sleep Powder
|
|-weather|none
|upkeep
|turn|7
|
|t:|1756777938
|move|p2b: Ninetales|Freeze-Dry|p1a: Typhlosion
|-resisted|p1a: Typhlosion
|-damage|p1a: Typhlosion|75/100 slp
|cant|p1a: Typhlosion|slp
|move|p2a: Vivillon|Hurricane|p1a: Typhlosion
|-damage|p1a: Typhlosion|11/100 slp
|
|upkeep
|turn|8
|
|t:|1756777958
|move|p2b: Ninetales|Freeze-Dry|p1a: Typhlosion
|-resisted|p1a: Typhlosion
|-damage|p1a: Typhlosion|0 fnt
|faint|p1a: Typhlosion
|
|win|BuffBuneary
