|j|☆saboyita
|j|☆Lego Darth Malgus
|html|saboyitaLego Darth Malgus    
|uhtml|bestof|Game 1 of a best-of-3
|t:|1756495914
|gametype|doubles
|player|p1|saboyita|grimsley|1087
|player|p2|Lego Darth Malgus|170|1182
|gen|9
|tier|[Gen 9] VGC 2025 Reg H (Bo3)
|rated|
|rule|Species Clause: Limit one of each Pokémon
|rule|Item Clause: Limit 1 of each item
|clearpoke
|poke|p1|Amoonguss, L50, M|
|poke|p1|Hydreigon, L50, F|
|poke|p1|Whimsicott, L50, M|
|poke|p1|Maushold-Four, L50|
|poke|p1|Annihilape, L50, F|
|poke|p1|Ursaluna-Bloodmoon, L50, M|
|poke|p2|Kommo-o, L50, F|
|poke|p2|Tyranitar, L50, M|
|poke|p2|Excadrill, L50, F|
|poke|p2|Samurott-Hisui, L50, F|
|poke|p2|Rillaboom, L50, M|
|poke|p2|Volcarona, L50, F|
|teampreview|4
|showteam|p1|Amoonguss||MentalHerb|Regenerator|ClearSmog,Spore,RagePowder,Protect|||M|||50|,,,,,Water]Hydreigon||ChoiceSpecs|Levitate|Snarl,HeatWave,DarkPulse,DracoMeteor|||F|||50|,,,,,Ghost]Whimsicott||CovertCloak|Prankster|BeatUp,Encore,HelpingHand,Tailwind|||M|||50|,,,,,Dark]Maushold-Four||WideLens|Technician|PopulationBomb,Taunt,FollowMe,Protect||||||50|,,,,,Ghost]Annihilape||Leftovers|Defiant|RageFist,CloseCombat,FinalGambit,Protect|||F|||50|,,,,,Fire]Ursaluna-Bloodmoon||LifeOrb|MindsEye|HyperVoice,EarthPower,BloodMoon,Protect|||M|||50|,,,,,Water
|showteam|p2|Kommo-o||GrassySeed|Overcoat|BodyPress,IronDefense,Protect,DragonPulse|||F|||50|,,,,,Fairy]Tyranitar||ChoiceScarf|SandStream|RockSlide,KnockOff,TeraBlast,LowKick|||M|||50|,,,,,Flying]Excadrill||FocusSash|SandRush|HighHorsepower,IronHead,RockSlide,Protect|||F|||50|,,,,,Ghost]Samurott-Hisui||AssaultVest|Sharpness|NightSlash,RazorShell,SacredSword,SuckerPunch|||F|||50|,,,,,Ghost]Rillaboom||MiracleSeed|GrassySurge|FakeOut,DrumBeating,GrassyGlide,Taunt|||M|||50|,,,,,Water]Volcarona||SitrusBerry|FlameBody|QuiverDance,HeatWave,TeraBlast,Protect|||F|||50|,,,,,Fairy
|inactive|Battle timer is ON: inactive players will automatically lose when time's up. (requested by saboyita)
|inactive|Lego Darth Malgus also wants the timer to be on.
|inactive|saboyita has 60 seconds left.
|inactive|Lego Darth Malgus has 60 seconds left.
|
|t:|1756495955
|teamsize|p1|4
|teamsize|p2|4
|start
|switch|p1a: Whimsicott|Whimsicott, L50, M|100/100
|switch|p1b: Annihilape|Annihilape, L50, F|100/100
|switch|p2a: Excadrill|Excadrill, L50, F, shiny|100/100
|switch|p2b: Tyranitar|Tyranitar, L50, M|100/100
|-weather|Sandstorm|[from] ability: Sand Stream|[of] p2b: Tyranitar
|turn|1
|inactive|saboyita has 30 seconds left.
|inactive|saboyita has 20 seconds left.
|
|t:|1756495992
|-terastallize|p2b: Tyranitar|Flying
|move|p1b: Annihilape|Protect|p1b: Annihilape
|-singleturn|p1b: Annihilape|Protect
|move|p1a: Whimsicott|Tailwind|p1a: Whimsicott
|-sidestart|p1: saboyita|move: Tailwind
|move|p2a: Excadrill|Iron Head|p1a: Whimsicott
|-supereffective|p1a: Whimsicott
|-crit|p1a: Whimsicott
|-damage|p1a: Whimsicott|0 fnt
|faint|p1a: Whimsicott
|move|p2b: Tyranitar|Tera Blast|p1b: Annihilape|[anim] Tera Blast Flying
|-activate|p1b: Annihilape|move: Protect
|
|-weather|Sandstorm|[upkeep]
|-damage|p1b: Annihilape|94/100|[from] Sandstorm
|-damage|p2b: Tyranitar|95/100|[from] Sandstorm
|-heal|p1b: Annihilape|100/100|[from] item: Leftovers
|upkeep
|inactive|saboyita has 30 seconds left.
|
|t:|1756496017
|switch|p1a: Maushold|Maushold-Four, L50|100/100
|turn|2
|
|t:|1756496033
|switch|p2b: Volcarona|Volcarona, L50, F, shiny|100/100
|move|p1a: Maushold|Population Bomb|p2b: Volcarona
|-damage|p2b: Volcarona|87/100
|-damage|p2b: Volcarona|75/100
|-status|p1a: Maushold|brn|[from] ability: Flame Body|[of] p2b: Volcarona
|-damage|p2b: Volcarona|70/100
|-damage|p2b: Volcarona|63/100
|-damage|p2b: Volcarona|57/100
|-crit|p2b: Volcarona
|-damage|p2b: Volcarona|47/100
|-enditem|p2b: Volcarona|Sitrus Berry|[eat]
|-heal|p2b: Volcarona|72/100|[from] item: Sitrus Berry
|-damage|p2b: Volcarona|66/100
|-damage|p2b: Volcarona|60/100
|-damage|p2b: Volcarona|54/100
|-damage|p2b: Volcarona|47/100
|-hitcount|p2b: Volcarona|10
|move|p2a: Excadrill|High Horsepower|p1b: Annihilape
|-damage|p1b: Annihilape|47/100
|move|p1b: Annihilape|Rage Fist|p2b: Volcarona
|-damage|p2b: Volcarona|0 fnt
|faint|p2b: Volcarona
|
|-weather|Sandstorm|[upkeep]
|-damage|p1a: Maushold|94/100 brn|[from] Sandstorm
|-damage|p1b: Annihilape|40/100|[from] Sandstorm
|-heal|p1b: Annihilape|47/100|[from] item: Leftovers
|-damage|p1a: Maushold|88/100 brn|[from] brn
|upkeep
|
|t:|1756496044
|switch|p2b: Samurott|Samurott-Hisui, L50, F, shiny|100/100
|turn|3
|
|t:|1756496065
|move|p1a: Maushold|Population Bomb|p2b: Samurott
|-damage|p2b: Samurott|94/100
|-damage|p2b: Samurott|87/100
|-damage|p2b: Samurott|79/100
|-damage|p2b: Samurott|71/100
|-damage|p2b: Samurott|64/100
|-crit|p2b: Samurott
|-damage|p2b: Samurott|53/100
|-damage|p2b: Samurott|45/100
|-damage|p2b: Samurott|38/100
|-crit|p2b: Samurott
|-damage|p2b: Samurott|28/100
|-damage|p2b: Samurott|20/100
|-hitcount|p2b: Samurott|10
|move|p2a: Excadrill|High Horsepower|p1b: Annihilape
|-damage|p1b: Annihilape|0 fnt
|faint|p1b: Annihilape
|move|p2b: Samurott|Sacred Sword|p1a: Maushold
|-supereffective|p1a: Maushold
|-damage|p1a: Maushold|0 fnt
|faint|p1a: Maushold
|
|-weather|Sandstorm|[upkeep]
|-damage|p2b: Samurott|14/100|[from] Sandstorm
|upkeep
|
|t:|1756496069
|switch|p1b: Ursaluna|Ursaluna-Bloodmoon, L50, M|100/100
|turn|4
|
|t:|1756496081
|switch|p2b: Tyranitar|Tyranitar, L50, M, tera:Flying|95/100
|move|p2a: Excadrill|Protect|p2a: Excadrill
|-singleturn|p2a: Excadrill|Protect
|move|p1b: Ursaluna|Hyper Voice|p2a: Excadrill|[spread] p2b
|-activate|p2a: Excadrill|move: Protect
|-damage|p2b: Tyranitar|41/100
|-damage|p1b: Ursaluna|91/100|[from] item: Life Orb
|
|-weather|Sandstorm|[upkeep]
|-damage|p2b: Tyranitar|35/100|[from] Sandstorm
|-sideend|p1: saboyita|move: Tailwind
|upkeep
|turn|5
|inactive|saboyita has 30 seconds left.
|
|t:|1756496109
|-terastallize|p1b: Ursaluna|Water
|move|p2a: Excadrill|High Horsepower|p1b: Ursaluna
|-damage|p1b: Ursaluna|50/100
|move|p2b: Tyranitar|Knock Off|p1b: Ursaluna
|-damage|p1b: Ursaluna|13/100
|-enditem|p1b: Ursaluna|Life Orb|[from] move: Knock Off|[of] p2b: Tyranitar
|move|p1b: Ursaluna|Hyper Voice|p2a: Excadrill|[spread] p2a,p2b
|-resisted|p2a: Excadrill
|-damage|p2a: Excadrill|73/100
|-damage|p2b: Tyranitar|0 fnt
|faint|p2b: Tyranitar
|
|-weather|none
|upkeep
|
|t:|1756496113
|switch|p2b: Samurott|Samurott-Hisui, L50, F, shiny|14/100
|turn|6
|
|t:|1756496119
|move|p2b: Samurott|Sucker Punch|p1b: Ursaluna
|-damage|p1b: Ursaluna|0 fnt
|faint|p1b: Ursaluna
|
|win|Lego Darth Malgus
