|j|☆SuprEpcGuy
|j|☆Milesymiles
|html|SuprEpcGuyMilesymiles    
|uhtml|bestof|Game 1 of a best-of-3
|t:|1784573128
|gametype|doubles
|player|p1|SuprEpcGuy|shauntal|1123
|player|p2|Milesymiles|veteran|1227
|gen|9
|tier|[Gen 9 Champions] VGC 2026 Reg M-B (Bo3)
|rated|
|rule|Species Clause: Limit one of each Pokémon
|rule|Item Clause: Limit 1 of each item
|clearpoke
|poke|p1|Zoroark-Hisui, L50, F|
|poke|p1|Torkoal, L50, F|
|poke|p1|Farigiraf, L50, F|
|poke|p1|Pyroar, L50, F|
|poke|p1|Kangaskhan, L50, F|
|poke|p1|Aerodactyl, L50, M|
|poke|p2|Chandelure, L50, M|
|poke|p2|Staraptor, L50, M|
|poke|p2|Vanilluxe, L50, M, shiny|
|poke|p2|Grimmsnarl, L50, M|
|poke|p2|Excadrill, L50, F|
|poke|p2|Rotom-Wash, L50, shiny|
|teampreview|4
|showteam|p1|Zoroark-Hisui||ChoiceScarf|Illusion|IcyWind,BitterMalice,Flamethrower,Taunt|Timid||F|||50|]Torkoal||Charcoal|Drought|Eruption,WeatherBall,EarthPower,Protect|Quiet||F|||50|]Farigiraf||ColburBerry|ArmorTail|Psychic,Thunderbolt,TrickRoom,HelpingHand|Quiet||F|||50|]Pyroar||Pyroarite|Rivalry|HeatWave,Overheat,Snarl,Protect|Timid||F|||50|]Kangaskhan||SilkScarf|Scrappy|FakeOut,LastResort|Adamant||F|||50|]Aerodactyl||Aerodactylite|RockHead|RockSlide,DualWingbeat,Tailwind,Protect|Jolly||M|||50|
|showteam|p2|Chandelure||FocusSash|FlashFire|HeatWave,ShadowBall,TrickRoom,Protect|Modest||M|||50|]Staraptor||Staraptite|Intimidate|Tailwind,Roost,CloseCombat,BraveBird|Adamant||M|||50|]Vanilluxe||LightClay|SnowWarning|FreezeDry,Blizzard,AuroraVeil,Protect|Calm||M|||50|]Grimmsnarl||RoseliBerry|Prankster|FakeOut,PartingShot,SpiritBreak,LightScreen|Adamant||M|||50|]Excadrill||Excadrite|SandRush|Earthquake,IronHead,Protect,RockSlide|Jolly||F|||50|]Rotom-Wash||Magnet|Levitate|Thunderbolt,Electroweb,WillOWisp,HydroPump|Modest|||||50|
|inactive|Battle timer is ON: inactive players will automatically lose when time's up. (requested by SuprEpcGuy)
|inactive|SuprEpcGuy has 60 seconds left.
|inactive|Milesymiles has 60 seconds left.
|
|t:|1784573185
|teamsize|p1|4
|teamsize|p2|4
|start
|switch|p1a: Farigiraf|Farigiraf, L50, F|100/100
|switch|p1b: Kangaskhan|Kangaskhan, L50, F|100/100
|switch|p2a: Rotom|Rotom-Wash, L50, shiny|100/100
|switch|p2b: Chandelure|Chandelure, L50, M|100/100
|turn|1
|inactive|SuprEpcGuy has 30 seconds left.
|
|t:|1784573211
|move|p2b: Chandelure|Protect|p2b: Chandelure
|-singleturn|p2b: Chandelure|Protect
|move|p1b: Kangaskhan|Fake Out|p2a: Rotom
|-crit|p2a: Rotom
|-damage|p2a: Rotom|61/100
|cant|p2a: Rotom|flinch
|move|p1a: Farigiraf|Psychic|p2b: Chandelure
|-activate|p2b: Chandelure|move: Protect
|
|upkeep
|turn|2
|inactive|SuprEpcGuy has 30 seconds left.
|inactive|Milesymiles has 30 seconds left.
|inactive|SuprEpcGuy has 20 seconds left.
|
|t:|1784573246
|switch|p1b: Majesty|Pyroar, L50, F|100/100
|move|p2a: Rotom|Will-O-Wisp|p1b: Majesty|[miss]
|-miss|p2a: Rotom|p1b: Majesty
|move|p2b: Chandelure|Heat Wave|p1b: Majesty|[spread] p1b
|-miss|p2b: Chandelure|p1a: Farigiraf
|-resisted|p1b: Majesty|1
|-damage|p1b: Majesty|72/100
|move|p1a: Farigiraf|Psychic|p2a: Rotom
|-crit|p2a: Rotom
|-damage|p2a: Rotom|1/100
|
|upkeep
|turn|3
|
|t:|1784573266
|detailschange|p1b: Majesty|Pyroar-Mega, L50, F
|-mega|p1b: Majesty|Pyroar|Pyroarite
|move|p1b: Majesty|Snarl|p2a: Rotom|[spread] p2a,p2b
|-supereffective|p2b: Chandelure|1
|-damage|p2a: Rotom|0 fnt
|-damage|p2b: Chandelure|67/100
|-unboost|p2b: Chandelure|spa|1
|faint|p2a: Rotom
|move|p2b: Chandelure|Heat Wave|p1a: Farigiraf|[spread] p1a,p1b
|-resisted|p1b: Majesty|1
|-damage|p1a: Farigiraf|81/100
|-damage|p1b: Majesty|56/100
|move|p1a: Farigiraf|Trick Room|p1a: Farigiraf
|-fieldstart|move: Trick Room|[of] p1a: Farigiraf
|
|upkeep
|
|t:|1784573273
|switch|p2a: Staraptor|Staraptor, L50, M|100/100
|-ability|p2a: Staraptor|Intimidate|boost
|-unboost|p1a: Farigiraf|atk|1
|-unboost|p1b: Majesty|atk|1
|turn|4
|inactive|SuprEpcGuy has 30 seconds left.
|inactive|Milesymiles has 30 seconds left.
|
|t:|1784573307
|detailschange|p2a: Staraptor|Staraptor-Mega, L50, M
|-mega|p2a: Staraptor|Staraptor|Staraptite
|move|p1b: Majesty|Protect|p1b: Majesty
|-singleturn|p1b: Majesty|Protect
|move|p1a: Farigiraf|Thunderbolt|p2a: Staraptor
|-supereffective|p2a: Staraptor|1
|-damage|p2a: Staraptor|55/100
|-status|p2a: Staraptor|par
|move|p2a: Staraptor|Close Combat|p1a: Farigiraf
|-damage|p1a: Farigiraf|7/100
|-boost|p2a: Staraptor|def|1
|-boost|p2a: Staraptor|spd|1
|move|p2b: Chandelure|Heat Wave|p1b: Majesty|[spread] p1a
|-activate|p1b: Majesty|move: Protect
|-damage|p1a: Farigiraf|0 fnt
|faint|p1a: Farigiraf
|
|upkeep
|
|t:|1784573320
|switch|p1a: Kangaskhan|Kangaskhan, L50, F|100/100
|turn|5
|
|t:|1784573337
|move|p1a: Kangaskhan|Fake Out|p2a: Staraptor
|-damage|p2a: Staraptor|42/100 par
|cant|p2a: Staraptor|flinch
|move|p2b: Chandelure|Heat Wave|p1b: Majesty|[spread] p1a,p1b
|-resisted|p1b: Majesty|1
|-damage|p1a: Kangaskhan|73/100
|-damage|p1b: Majesty|41/100
|move|p1b: Majesty|Snarl|p2a: Staraptor|[spread] p2a,p2b
|-resisted|p2a: Staraptor|1
|-supereffective|p2b: Chandelure|1
|-damage|p2a: Staraptor|38/100 par
|-damage|p2b: Chandelure|34/100
|-boost|p2a: Staraptor|spa|1
|-unboost|p2b: Chandelure|spa|1
|
|upkeep
|turn|6
|
|t:|1784573353
|move|p2a: Staraptor|Close Combat|p1a: Kangaskhan
|-supereffective|p1a: Kangaskhan|1
|-damage|p1a: Kangaskhan|0 fnt
|-boost|p2a: Staraptor|def|1
|-boost|p2a: Staraptor|spd|1
|faint|p1a: Kangaskhan
|move|p2b: Chandelure|Heat Wave|p1b: Majesty|[miss]
|-miss|p2b: Chandelure|p1b: Majesty
|move|p1b: Majesty|Snarl|p2b: Chandelure|[spread] p2b
|-miss|p1b: Majesty|p2a: Staraptor
|-supereffective|p2b: Chandelure|1
|-damage|p2b: Chandelure|0 fnt
|faint|p2b: Chandelure
|
|upkeep
|
|t:|1784573366
|switch|p2b: Grimmsnarl|Grimmsnarl, L50, M|100/100
|switch|p1a: Mortar|Torkoal, L50, F|100/100
|-weather|SunnyDay|[from] ability: Drought|[of] p1a: Mortar
|turn|7
|
|t:|1784573381
|move|p1a: Mortar|Protect|p1a: Mortar
|-singleturn|p1a: Mortar|Protect
|move|p1b: Majesty|Protect|p1b: Majesty
|-singleturn|p1b: Majesty|Protect
|move|p2b: Grimmsnarl|Fake Out|p1a: Mortar
|-activate|p1a: Mortar|move: Protect
|move|p2a: Staraptor|Close Combat|p1b: Majesty
|-activate|p1b: Majesty|move: Protect
|
|-weather|SunnyDay|[upkeep]
|-fieldend|move: Trick Room
|upkeep
|turn|8
|
|t:|1784573398
|move|p2b: Grimmsnarl|Light Screen|p2b: Grimmsnarl
|-sidestart|p2: Milesymiles|move: Light Screen
|move|p1b: Majesty|Heat Wave|p2b: Grimmsnarl|[spread] p2a,p2b
|-damage|p2a: Staraptor|11/100 par
|-damage|p2b: Grimmsnarl|42/100
|-status|p2b: Grimmsnarl|brn
|move|p2a: Staraptor|Close Combat|p1a: Mortar
|-damage|p1a: Mortar|44/100
|-boost|p2a: Staraptor|def|1
|-boost|p2a: Staraptor|spd|1
|move|p1a: Mortar|Eruption|p2b: Grimmsnarl|[spread] p2a,p2b
|-damage|p2a: Staraptor|1/100 par
|-damage|p2b: Grimmsnarl|12/100 brn
|
|-weather|SunnyDay|[upkeep]
|-damage|p2b: Grimmsnarl|6/100 brn|[from] brn
|upkeep
|turn|9
|
|t:|1784573414
|move|p1b: Majesty|Heat Wave|p2b: Grimmsnarl|[spread] p2a,p2b
|-damage|p2a: Staraptor|0 fnt
|-damage|p2b: Grimmsnarl|0 fnt
|faint|p2a: Staraptor
|faint|p2b: Grimmsnarl
|
|win|SuprEpcGuy
