|j|☆limestone7276
|j|☆boooobthebuilder
|html|limestone7276boooobthebuilder    
|uhtml|bestof|Game 1 of a best-of-3
|t:|1756572179
|gametype|doubles
|player|p1|limestone7276|170|1072
|player|p2|boooobthebuilder|266|1017
|gen|9
|tier|[Gen 9] VGC 2025 Reg H (Bo3)
|rated|
|rule|Species Clause: Limit one of each Pokémon
|rule|Item Clause: Limit 1 of each item
|clearpoke
|poke|p1|Porygon-Z, L50|
|poke|p1|Palafin, L50, F|
|poke|p1|Ninetales-Alola, L50, F|
|poke|p1|Volcarona, L50, F|
|poke|p1|Rillaboom, L50, F|
|poke|p1|Ursaluna, L50, F|
|poke|p2|Ursaluna-Bloodmoon, L50, M|
|poke|p2|Smeargle, L50, M|
|poke|p2|Garchomp, L50, F|
|poke|p2|Pelipper, L50, M|
|poke|p2|Archaludon, L50, M|
|poke|p2|Excadrill, L50, M|
|teampreview|4
|showteam|p1|Porygon-Z||LifeOrb|Adaptability|ShadowBall,HyperBeam,Protect,TriAttack||||||50|,,,,,Normal]Palafin||MysticWater|ZerotoHero|FlipTurn,CloseCombat,JetPunch,WaveCrash|||F|||50|,,,,,Water]Ninetales-Alola||FocusSash|SnowWarning|AuroraVeil,Blizzard,DazzlingGleam,Protect|||F|||50|,,,,,Water]Volcarona||RockyHelmet|FlameBody|FieryDance,Protect,RagePowder,Tailwind|||F|||50|,,,,,Grass]Rillaboom||AssaultVest|GrassySurge|FakeOut,GrassyGlide,Uturn,WoodHammer|||F|||50|,,,,,Fire]Ursaluna||FlameOrb|Guts|Earthquake,Facade,HeadlongRush,Protect|||F|||50|,,,,,Ghost
|showteam|p2|Ursaluna-Bloodmoon||LifeOrb|MindsEye|Protect,BloodMoon,EarthPower,HyperVoice|||M|||50|,,,,,Normal]Smeargle||FocusSash|Moody|HelpingHand,SpikyShield,Decorate,Spore|||M|||50|,,,,,Grass]Garchomp||RockyHelmet|RoughSkin|Protect,DragonClaw,Earthquake,StompingTantrum|||F|||50|,,,,,Fairy]Pelipper||CovertCloak|Drizzle|Protect,Hurricane,Tailwind,WeatherBall|||M|||50|,,,,,Stellar]Archaludon||AssaultVest|Stamina|DracoMeteor,ElectroShot,FlashCannon,BodyPress|||M|||50|,,,,,Steel]Excadrill||SafetyGoggles|MoldBreaker|Protect,DrillRun,Earthquake,IronHead|||M|||50|,,,,,Flying
|inactive|Battle timer is ON: inactive players will automatically lose when time's up. (requested by boooobthebuilder)
|
|t:|1756572210
|teamsize|p1|4
|teamsize|p2|4
|start
|switch|p1a: Palafin|Palafin, L50, F|100/100
|switch|p1b: Rillaboom|Rillaboom, L50, F|100/100
|switch|p2a: Pelipper|Pelipper, L50, M|100/100
|switch|p2b: Ursaluna|Ursaluna-Bloodmoon, L50, M|100/100
|-weather|RainDance|[from] ability: Drizzle|[of] p2a: Pelipper
|-fieldstart|move: Grassy Terrain|[from] ability: Grassy Surge|[of] p1b: Rillaboom
|turn|1
|
|t:|1756572229
|move|p2b: Ursaluna|Protect|p2b: Ursaluna
|-singleturn|p2b: Ursaluna|Protect
|move|p1b: Rillaboom|Fake Out|p2b: Ursaluna
|-activate|p2b: Ursaluna|move: Protect
|move|p1a: Palafin|Flip Turn|p2a: Pelipper
|-resisted|p2a: Pelipper
|-damage|p2a: Pelipper|73/100
|
|t:|1756572237
|detailschange|p1a: Palafin|Palafin-Hero, L50, F
|switch|p1a: Ninetales|Ninetales-Alola, L50, F|100/100|[from] Flip Turn
|-weather|Snowscape|[from] ability: Snow Warning|[of] p1a: Ninetales
|move|p2a: Pelipper|Tailwind|p2a: Pelipper
|-sidestart|p2: boooobthebuilder|move: Tailwind
|
|-weather|Snowscape|[upkeep]
|upkeep
|turn|2
|
|t:|1756572257
|switch|p2a: Smeargle|Smeargle, L50, M|100/100
|-terastallize|p2b: Ursaluna|Normal
|move|p1b: Rillaboom|Grassy Glide|p2b: Ursaluna
|-damage|p2b: Ursaluna|75/100
|move|p1a: Ninetales|Aurora Veil|p1a: Ninetales
|-sidestart|p1: limestone7276|move: Aurora Veil
|move|p2b: Ursaluna|Hyper Voice|p1b: Rillaboom|[spread] p1a,p1b
|-damage|p1a: Ninetales|40/100
|-damage|p1b: Rillaboom|65/100
|-damage|p2b: Ursaluna|65/100|[from] item: Life Orb
|
|-weather|Snowscape|[upkeep]
|-heal|p1a: Ninetales|46/100|[from] Grassy Terrain
|-heal|p2b: Ursaluna|71/100|[from] Grassy Terrain
|-heal|p1b: Rillaboom|71/100|[from] Grassy Terrain
|-ability|p2a: Smeargle|Moody|boost
|-boost|p2a: Smeargle|spa|2
|-unboost|p2a: Smeargle|atk|1
|upkeep
|turn|3
|inactive|limestone7276 has 30 seconds left.
|
|t:|1756572283
|switch|p2a: Pelipper|Pelipper, L50, M|73/100
|-weather|RainDance|[from] ability: Drizzle|[of] p2a: Pelipper
|move|p1a: Ninetales|Blizzard|p2a: Pelipper|[spread] p2b
|-miss|p1a: Ninetales|p2a: Pelipper
|-damage|p2b: Ursaluna|37/100
|move|p2b: Ursaluna|Hyper Voice|p1a: Ninetales|[spread] p1a,p1b
|-damage|p1a: Ninetales|0 fnt
|-damage|p1b: Rillaboom|36/100
|faint|p1a: Ninetales
|-damage|p2b: Ursaluna|27/100|[from] item: Life Orb
|move|p1b: Rillaboom|U-turn|p2a: Pelipper
|-resisted|p2a: Pelipper
|-damage|p2a: Pelipper|58/100
|
|t:|1756572293
|switch|p1b: Palafin|Palafin-Hero, L50, F|100/100|[from] U-turn
|-activate|p1b: Palafin|ability: Zero to Hero
|
|-weather|RainDance|[upkeep]
|-heal|p2b: Ursaluna|33/100|[from] Grassy Terrain
|upkeep
|
|t:|1756572295
|switch|p1a: Rillaboom|Rillaboom, L50, F|36/100
|turn|4
|
|t:|1756572313
|move|p2a: Pelipper|Protect|p2a: Pelipper
|-singleturn|p2a: Pelipper|Protect
|move|p2b: Ursaluna|Protect|p2b: Ursaluna
|-singleturn|p2b: Ursaluna|Protect
|move|p1b: Palafin|Jet Punch|p2b: Ursaluna
|-activate|p2b: Ursaluna|move: Protect
|move|p1a: Rillaboom|Wood Hammer|p2a: Pelipper
|-activate|p2a: Pelipper|move: Protect
|
|-weather|RainDance|[upkeep]
|-heal|p2b: Ursaluna|39/100|[from] Grassy Terrain
|-heal|p1a: Rillaboom|43/100|[from] Grassy Terrain
|-sideend|p2: boooobthebuilder|move: Tailwind
|upkeep
|turn|5
|
|t:|1756572326
|move|p1b: Palafin|Jet Punch|p2b: Ursaluna
|-damage|p2b: Ursaluna|0 fnt
|faint|p2b: Ursaluna
|move|p1a: Rillaboom|Grassy Glide|p2a: Pelipper
|-damage|p2a: Pelipper|4/100
|move|p2a: Pelipper|Tailwind|p2a: Pelipper
|-sidestart|p2: boooobthebuilder|move: Tailwind
|
|-weather|RainDance|[upkeep]
|-heal|p1a: Rillaboom|49/100|[from] Grassy Terrain
|-fieldend|move: Grassy Terrain
|upkeep
|
|t:|1756572329
|switch|p2b: Archaludon|Archaludon, L50, M|100/100
|turn|6
|inactive|limestone7276 has 30 seconds left.
|
|t:|1756572358
|move|p2b: Archaludon|Electro Shot||[still]
|-prepare|p2b: Archaludon|Electro Shot
|-boost|p2b: Archaludon|spa|1
|-anim|p2b: Archaludon|Electro Shot|p1b: Palafin
|-supereffective|p1b: Palafin
|-damage|p1b: Palafin|0 fnt
|faint|p1b: Palafin
|move|p2a: Pelipper|Hurricane|p1a: Rillaboom
|-supereffective|p1a: Rillaboom
|-damage|p1a: Rillaboom|0 fnt
|faint|p1a: Rillaboom
|
|-weather|RainDance|[upkeep]
|-sideend|p1: limestone7276|move: Aurora Veil
|upkeep
|
|t:|1756572362
|switch|p1b: Porygon-Z|Porygon-Z, L50|100/100
|turn|7
|-message|limestone7276 forfeited.
|
|win|boooobthebuilder
|l|☆limestone7276
|player|p1|
||boooobthebuilder is ready for game 2.
||limestone7276 is ready for game 2.
|uhtml|next|Next: Game 2 of 3
|j|☆limestone7276
|player|p1|limestone7276|170|
