|j|☆Bread248
|j|☆SapphireKat
|html|Bread248SapphireKat    
|uhtml|bestof|Game 2 of a best-of-3
|t:|1756525304
|gametype|doubles
|player|p1|Bread248|169|
|player|p2|SapphireKat|delinquentf-gen9|
|gen|9
|tier|[Gen 9] VGC 2025 Reg H (Bo3)
|rule|Species Clause: Limit one of each Pokémon
|rule|Item Clause: Limit 1 of each item
|clearpoke
|poke|p1|Gholdengo, L50|
|poke|p1|Sneasler, L50, M|
|poke|p1|Incineroar, L50, F|
|poke|p1|Amoonguss, L50, M|
|poke|p1|Dragonite, L50, F|
|poke|p1|Ursaluna-Bloodmoon, L50, M|
|poke|p2|Archaludon, L50, F|
|poke|p2|Pelipper, L50, F|
|poke|p2|Basculegion, L50, M|
|poke|p2|Rillaboom, L50, M|
|poke|p2|Sneasler, L50, F|
|poke|p2|Kingambit, L50, F|
|teampreview|4
|showteam|p1|Gholdengo||LifeOrb|GoodasGold|MakeItRain,ShadowBall,NastyPlot,Protect||||||50|,,,,,Steel]Sneasler||FocusSash|PoisonTouch|ThroatChop,CloseCombat,DireClaw,Protect|||M|||50|,,,,,Stellar]Incineroar||SafetyGoggles|Intimidate|FakeOut,FlareBlitz,KnockOff,PartingShot|||F|||50|,,,,,Ghost]Amoonguss||SitrusBerry|Regenerator|Spore,RagePowder,SludgeBomb,Protect|||M|||50|,,,,,Psychic]Dragonite||LoadedDice|Multiscale|ScaleShot,Haze,Tailwind,Protect|||F|||50|,,,,,Fairy]Ursaluna-Bloodmoon||AssaultVest|MindsEye|HyperVoice,BloodMoon,EarthPower,VacuumWave|||M|||50|,,,,,Water
|showteam|p2|Archaludon||AssaultVest|Stamina|BodyPress,DracoMeteor,ElectroShot,FlashCannon|||F|||50|,,,,,Bug]Pelipper||FocusSash|Drizzle|Tailwind,WeatherBall,WideGuard,Hurricane|||F|||50|,,,,,Ghost]Basculegion||ChoiceBand|SwiftSwim|PhantomForce,FlipTurn,LastRespects,WaveCrash|||M|||50|,,,,,Grass]Rillaboom||LoadedDice|GrassySurge|FakeOut,BulletSeed,GrassyGlide,WoodHammer|||M|||50|,,,,,Fire]Sneasler||GrassySeed|Unburden|FakeOut,DireClaw,CloseCombat,Taunt|||F|||50|,,,,,Stellar]Kingambit||BlackGlasses|Defiant|KowtowCleave,SuckerPunch,Protect,QuickGuard|||F|||50|,,,,,Ghost
|inactive|Battle timer is ON: inactive players will automatically lose when time's up. (requested by Bread248)
|inactive|Bread248 has 60 seconds left.
|inactive|SapphireKat has 60 seconds left.
|
|t:|1756525340
|teamsize|p1|4
|teamsize|p2|4
|start
|switch|p1a: Sneasler|Sneasler, L50, M|100/100
|switch|p1b: Ursaluna|Ursaluna-Bloodmoon, L50, M|100/100
|switch|p2a: Basculegion|Basculegion, L50, M, shiny|100/100
|switch|p2b: Pelipper|Pelipper, L50, F|100/100
|-weather|RainDance|[from] ability: Drizzle|[of] p2b: Pelipper
|turn|1
|inactive|SapphireKat has 30 seconds left.
|inactive|SapphireKat has 20 seconds left.
|
|t:|1756525378
|-terastallize|p1b: Ursaluna|Water
|move|p2a: Basculegion|Wave Crash|p1a: Sneasler
|-crit|p1a: Sneasler
|-enditem|p1a: Sneasler|Focus Sash
|-damage|p1a: Sneasler|1/100
|-damage|p2a: Basculegion|74/100|[from] Recoil
|move|p1a: Sneasler|Close Combat|p2a: Basculegion
|-immune|p2a: Basculegion
|move|p2b: Pelipper|Weather Ball|p1a: Sneasler
|-damage|p1a: Sneasler|0 fnt
|faint|p1a: Sneasler
|move|p1b: Ursaluna|Blood Moon|p2b: Pelipper
|-enditem|p2b: Pelipper|Focus Sash
|-damage|p2b: Pelipper|1/100
|
|-weather|RainDance|[upkeep]
|upkeep
|
|t:|1756525395
|switch|p1a: Amoonguss|Amoonguss, L50, M|100/100
|turn|2
|
|t:|1756525413
|move|p1b: Ursaluna|Vacuum Wave|p2b: Pelipper
|-resisted|p2b: Pelipper
|-damage|p2b: Pelipper|0 fnt
|faint|p2b: Pelipper
|move|p2a: Basculegion|Wave Crash|p1a: Amoonguss
|-resisted|p1a: Amoonguss
|-damage|p1a: Amoonguss|47/100
|-enditem|p1a: Amoonguss|Sitrus Berry|[eat]
|-heal|p1a: Amoonguss|72/100|[from] item: Sitrus Berry
|-damage|p2a: Basculegion|55/100|[from] Recoil
|move|p1a: Amoonguss|Sludge Bomb|p2a: Basculegion
|-resisted|p2a: Basculegion
|-damage|p2a: Basculegion|39/100
|-status|p2a: Basculegion|psn
|
|-weather|RainDance|[upkeep]
|-damage|p2a: Basculegion|27/100 psn|[from] psn
|upkeep
|
|t:|1756525433
|switch|p2b: Rillaboom|Rillaboom, L50, M|100/100
|-fieldstart|move: Grassy Terrain|[from] ability: Grassy Surge|[of] p2b: Rillaboom
|turn|3
|
|t:|1756525458
|move|p2b: Rillaboom|Fake Out|p1b: Ursaluna
|-damage|p1b: Ursaluna|88/100
|cant|p1b: Ursaluna|flinch
|move|p2a: Basculegion|Wave Crash|p1a: Amoonguss
|-resisted|p1a: Amoonguss
|-damage|p1a: Amoonguss|20/100
|-damage|p2a: Basculegion|8/100 psn|[from] Recoil
|move|p1a: Amoonguss|Sludge Bomb|p2b: Rillaboom
|-supereffective|p2b: Rillaboom
|-damage|p2b: Rillaboom|30/100
|-status|p2b: Rillaboom|psn
|
|-weather|RainDance|[upkeep]
|-heal|p2a: Basculegion|14/100 psn|[from] Grassy Terrain
|-heal|p2b: Rillaboom|36/100 psn|[from] Grassy Terrain
|-heal|p1b: Ursaluna|94/100|[from] Grassy Terrain
|-heal|p1a: Amoonguss|26/100|[from] Grassy Terrain
|-damage|p2a: Basculegion|2/100 psn|[from] psn
|-damage|p2b: Rillaboom|24/100 psn|[from] psn
|upkeep
|turn|4
|inactive|SapphireKat has 30 seconds left.
|
|t:|1756525489
|move|p1b: Ursaluna|Vacuum Wave|p2a: Basculegion
|-damage|p2a: Basculegion|0 fnt
|faint|p2a: Basculegion
|move|p2b: Rillaboom|Wood Hammer|p1b: Ursaluna
|-supereffective|p1b: Ursaluna
|-damage|p1b: Ursaluna|0 fnt
|faint|p1b: Ursaluna
|-damage|p2b: Rillaboom|0 fnt|[from] Recoil
|faint|p2b: Rillaboom
|move|p1a: Amoonguss|Sludge Bomb|p2: Basculegion|[notarget]
|-fail|p1a: Amoonguss
|
|-weather|RainDance|[upkeep]
|-heal|p1a: Amoonguss|32/100|[from] Grassy Terrain
|upkeep
|
|t:|1756525504
|switch|p2b: Sneasler|Sneasler, L50, F|100/100
|switch|p1b: Gholdengo|Gholdengo, L50|100/100
|-enditem|p2b: Sneasler|Grassy Seed
|-boost|p2b: Sneasler|def|1|[from] item: Grassy Seed
|turn|5
|
|t:|1756525519
|move|p1a: Amoonguss|Rage Powder|p1a: Amoonguss
|-singleturn|p1a: Amoonguss|move: Rage Powder
|move|p2b: Sneasler|Dire Claw|p1a: Amoonguss
|-damage|p1a: Amoonguss|1/100
|-status|p1a: Amoonguss|par
|move|p1b: Gholdengo|Make It Rain|p2b: Sneasler
|-damage|p2b: Sneasler|0 fnt
|-unboost|p1b: Gholdengo|spa|1
|faint|p2b: Sneasler
|-damage|p1b: Gholdengo|91/100|[from] item: Life Orb
|
|win|Bread248
|l|☆SapphireKat
|player|p2|
|l|☆Bread248
|player|p1|
