|j|☆Gyaradostyranitar
|j|‽snailboss
|html|Gyaradostyranitarsnailboss    
|uhtml|bestof|Game 1 of a best-of-3
|t:|1756841536
|gametype|doubles
|player|p1|Gyaradostyranitar|adaman|1239
|player|p2|snailboss|102|1219
|gen|9
|tier|[Gen 9] VGC 2025 Reg H (Bo3)
|rated|
|rule|Species Clause: Limit one of each Pokémon
|rule|Item Clause: Limit 1 of each item
|clearpoke
|poke|p1|Amoonguss, L50, M|
|poke|p1|Ursaluna, L50, F|
|poke|p1|Hydreigon, L50, M|
|poke|p1|Incineroar, L50, F|
|poke|p1|Porygon2, L50|
|poke|p1|Gholdengo, L50|
|poke|p2|Zoroark-Hisui, L50, M|
|poke|p2|Tyranitar, L50, M|
|poke|p2|Excadrill, L50, M|
|poke|p2|Indeedee-F, L50, F|
|poke|p2|Gallade, L50, M|
|poke|p2|Noivern, L50, F|
|teampreview|4
|showteam|p1|Amoonguss||RockyHelmet|Regenerator|PollenPuff,Spore,RagePowder,Protect|||M|||50|,,,,,Water]Ursaluna||FlameOrb|Guts|Facade,HeadlongRush,Earthquake,Protect|||F|||50|,,,,,Ghost]Hydreigon||SafetyGoggles|Levitate|DracoMeteor,Protect,Tailwind,Snarl|||M|||50|,,,,,Ghost]Incineroar||SitrusBerry|Intimidate|FlareBlitz,KnockOff,PartingShot,FakeOut|||F|||50|,,,,,Ghost]Porygon2||Eviolite|Download|TeraBlast,IceBeam,Recover,TrickRoom||||||50|,,,,,Fighting]Gholdengo||MetalCoat|GoodasGold|MakeItRain,ShadowBall,NastyPlot,Protect||||||50|,,,,,Water
|showteam|p2|Zoroark-Hisui||ChoiceSpecs|Illusion|HyperVoice,Flamethrower,ShadowBall,HyperBeam|||M|||50|,,,,,Normal]Tyranitar||AssaultVest|SandStream|RockSlide,KnockOff,LowKick,TeraBlast|||M|||50|,,,,,Flying]Excadrill||FocusSash|SandRush|IronHead,Protect,SwordsDance,Earthquake|||M|||50|,,,,,Ground]Indeedee-F||SafetyGoggles|PsychicSurge|TrickRoom,FollowMe,Psychic,HelpingHand|||F|||50|,,,,,Water]Gallade||ClearAmulet|Sharpness|PsychoCut,TrickRoom,WideGuard,SacredSword|||M|||50|,,,,,Grass]Noivern||CovertCloak|Telepathy|SuperFang,Tailwind,Taunt,DracoMeteor|||F|||50|,,,,,Fairy
|inactive|Battle timer is ON: inactive players will automatically lose when time's up. (requested by Gyaradostyranitar)
|inactive|Gyaradostyranitar has 60 seconds left.
|
|t:|1756841579
|teamsize|p1|4
|teamsize|p2|4
|start
|switch|p1a: Hydreigon|Hydreigon, L50, M|100/100
|switch|p1b: Ursaluna|Ursaluna, L50, F|100/100
|switch|p2a: Noivern|Noivern, L50, F|100/100
|switch|p2b: Excadrill|Excadrill, L50, M|100/100
|turn|1
|inactive|Gyaradostyranitar has 30 seconds left.
|
|t:|1756841606
|move|p2a: Noivern|Draco Meteor|p1a: Hydreigon
|-supereffective|p1a: Hydreigon
|-damage|p1a: Hydreigon|6/100
|-unboost|p2a: Noivern|spa|2
|move|p2b: Excadrill|Shadow Ball|p1a: Hydreigon
|-resisted|p1a: Hydreigon
|-damage|p1a: Hydreigon|0 fnt
|faint|p1a: Hydreigon
|move|p1b: Ursaluna|Earthquake|p2b: Excadrill|[spread] p2b
|-immune|p2a: Noivern
|-damage|p2b: Excadrill|17/100
|replace|p2b: Zoroark|Zoroark-Hisui, L50, M
|-end|p2b: Zoroark|Illusion
|
|-status|p1b: Ursaluna|brn|[from] item: Flame Orb
|upkeep
|
|t:|1756841620
|switch|p1a: Incineroar|Incineroar, L50, F|100/100
|-ability|p1a: Incineroar|Intimidate|boost
|-unboost|p2a: Noivern|atk|1
|-unboost|p2b: Zoroark|atk|1
|turn|2
|inactive|snailboss has 30 seconds left.
|
|t:|1756841647
|switch|p2b: Excadrill|Excadrill, L50, M|100/100
|move|p2a: Noivern|Super Fang|p1b: Ursaluna
|-damage|p1b: Ursaluna|51/100 brn
|move|p1b: Ursaluna|Facade|p2b: Excadrill
|-resisted|p2b: Excadrill
|-damage|p2b: Excadrill|8/100
|move|p1a: Incineroar|Parting Shot|p2b: Excadrill
|-unboost|p2b: Excadrill|atk|1
|-unboost|p2b: Excadrill|spa|1
|
|t:|1756841652
|switch|p1a: Gholdengo|Gholdengo, L50|100/100|[from] Parting Shot
|
|-damage|p1b: Ursaluna|45/100 brn|[from] brn
|upkeep
|turn|3
|
|t:|1756841676
|-terastallize|p1a: Gholdengo|Water
|move|p2a: Noivern|Tailwind|p2a: Noivern
|-sidestart|p2: snailboss|move: Tailwind
|move|p2b: Excadrill|Earthquake|p1b: Ursaluna|[spread] p1a,p1b
|-activate|p2a: Noivern|ability: Telepathy
|-damage|p1a: Gholdengo|72/100
|-damage|p1b: Ursaluna|20/100 brn
|move|p1a: Gholdengo|Make It Rain|p2b: Excadrill|[spread] p2a,p2b
|-resisted|p2b: Excadrill
|-damage|p2a: Noivern|38/100
|-damage|p2b: Excadrill|0 fnt
|-unboost|p1a: Gholdengo|spa|1
|faint|p2b: Excadrill
|move|p1b: Ursaluna|Facade|p2a: Noivern
|-damage|p2a: Noivern|0 fnt
|faint|p2a: Noivern
|
|-damage|p1b: Ursaluna|14/100 brn|[from] brn
|upkeep
|
|t:|1756841684
|switch|p2a: Tyranitar|Tyranitar, L50, M|100/100
|switch|p2b: Zoroark|Zoroark-Hisui, L50, M|17/100
|-weather|Sandstorm|[from] ability: Sand Stream|[of] p2a: Tyranitar
|turn|4
|
|t:|1756841706
|switch|p1b: Incineroar|Incineroar, L50, F|100/100
|-ability|p1b: Incineroar|Intimidate|boost
|-unboost|p2a: Tyranitar|atk|1
|-unboost|p2b: Zoroark|atk|1
|-terastallize|p2a: Tyranitar|Flying
|move|p1a: Gholdengo|Protect|p1a: Gholdengo
|-singleturn|p1a: Gholdengo|Protect
|move|p2b: Zoroark|Hyper Voice|p1b: Incineroar|[spread] p1b
|-activate|p1a: Gholdengo|move: Protect
|-damage|p1b: Incineroar|59/100
|move|p2a: Tyranitar|Knock Off|p1a: Gholdengo
|-activate|p1a: Gholdengo|move: Protect
|
|-weather|Sandstorm|[upkeep]
|-damage|p2b: Zoroark|11/100|[from] Sandstorm
|-damage|p2a: Tyranitar|95/100|[from] Sandstorm
|-damage|p1a: Gholdengo|66/100|[from] Sandstorm
|-damage|p1b: Incineroar|53/100|[from] Sandstorm
|upkeep
|turn|5
|
|t:|1756841726
|move|p1b: Incineroar|Fake Out|p2a: Tyranitar
|-damage|p2a: Tyranitar|86/100
|move|p2b: Zoroark|Hyper Voice|p1a: Gholdengo|[spread] p1a,p1b
|-damage|p1a: Gholdengo|12/100
|-damage|p1b: Incineroar|16/100
|-enditem|p1b: Incineroar|Sitrus Berry|[eat]
|-heal|p1b: Incineroar|41/100|[from] item: Sitrus Berry
|cant|p2a: Tyranitar|flinch
|move|p1a: Gholdengo|Make It Rain|p2a: Tyranitar|[spread] p2a,p2b
|-damage|p2a: Tyranitar|58/100
|-damage|p2b: Zoroark|0 fnt
|-unboost|p1a: Gholdengo|spa|1
|faint|p2b: Zoroark
|
|-weather|Sandstorm|[upkeep]
|-damage|p2a: Tyranitar|52/100|[from] Sandstorm
|-damage|p1a: Gholdengo|6/100|[from] Sandstorm
|-damage|p1b: Incineroar|35/100|[from] Sandstorm
|upkeep
|turn|6
|inactive|snailboss has 30 seconds left.
|inactive|snailboss has 20 seconds left.
|inactive|snailboss has 15 seconds left.
|
|t:|1756841769
|move|p2a: Tyranitar|Rock Slide|p1a: Gholdengo|[spread] p1b
|-miss|p2a: Tyranitar|p1a: Gholdengo
|-supereffective|p1b: Incineroar
|-damage|p1b: Incineroar|0 fnt
|faint|p1b: Incineroar
|move|p1a: Gholdengo|Shadow Ball|p2a: Tyranitar
|-damage|p2a: Tyranitar|37/100
|-unboost|p2a: Tyranitar|spd|1
|
|-weather|Sandstorm|[upkeep]
|-damage|p2a: Tyranitar|31/100|[from] Sandstorm
|-damage|p1a: Gholdengo|0 fnt|[from] Sandstorm
|faint|p1a: Gholdengo
|-sideend|p2: snailboss|move: Tailwind
|upkeep
|
|t:|1756841773
|switch|p1b: Ursaluna|Ursaluna, L50, F|14/100 brn
|turn|7
|
|t:|1756841781
|move|p2a: Tyranitar|Low Kick|p1b: Ursaluna
|-supereffective|p1b: Ursaluna
|-damage|p1b: Ursaluna|0 fnt
|faint|p1b: Ursaluna
|
|win|snailboss
||Gyaradostyranitar is ready for game 2.
