|j|☆candy berlin
|j|☆Jakobtc
|html|candy berlinJakobtc    
|uhtml|bestof|Game 3 of a best-of-3
|t:|1756835441
|gametype|doubles
|player|p1|candy berlin|rika|1147
|player|p2|Jakobtc|riley|1142
|gen|9
|tier|[Gen 9] VGC 2025 Reg H (Bo3)
|rated|
|rule|Species Clause: Limit one of each Pokémon
|rule|Item Clause: Limit 1 of each item
|clearpoke
|poke|p1|Sneasler, L50, F|
|poke|p1|Indeedee, L50, M|
|poke|p1|Volcarona, L50, F|
|poke|p1|Ursaluna-Bloodmoon, L50, M|
|poke|p1|Dragapult, L50, F|
|poke|p1|Kingambit, L50, F|
|poke|p2|Gholdengo, L50|
|poke|p2|Incineroar, L50, M|
|poke|p2|Porygon2, L50|
|poke|p2|Ursaluna, L50, F|
|poke|p2|Kilowattrel, L50, M|
|poke|p2|Amoonguss, L50, F|
|teampreview|4
|showteam|p1|Sneasler||PsychicSeed|Unburden|CloseCombat,DireClaw,ThroatChop,Protect|||F|||50|,,,,,Dark]Indeedee||ChoiceScarf|PsychicSurge|ExpandingForce,TeraBlast,Trick,Protect|||M|||50|,,,,,Psychic]Volcarona||SitrusBerry|FlameBody|Overheat,StruggleBug,RagePowder,Tailwind|||F|||50|,,,,,Grass]Ursaluna-Bloodmoon||LifeOrb|MindsEye|BloodMoon,HyperVoice,EarthPower,Protect|||M|||50|,,,,,Normal]Dragapult||ChoiceBand|ClearBody|DragonDarts,PhantomForce,Outrage,Uturn|||F|||50|,,,,,Dragon]Kingambit||SafetyGoggles|Defiant|KowtowCleave,SuckerPunch,SwordsDance,Protect|||F|||50|,,,,,Dark
|showteam|p2|Gholdengo||LifeOrb|GoodasGold|MakeItRain,ShadowBall,NastyPlot,Protect||||||50|,,,,,Water]Incineroar||SafetyGoggles|Intimidate|FakeOut,FlareBlitz,KnockOff,PartingShot|||M|||50|,,,,,Bug]Porygon2||Eviolite|Download|TeraBlast,IceBeam,TrickRoom,Recover||||||50|,,,,,Fighting]Ursaluna||FlameOrb|Guts|Facade,HeadlongRush,Earthquake,Protect|||F|||50|,,,,,Ghost]Kilowattrel||FocusSash|Competitive|AirSlash,Thunderbolt,Tailwind,Protect|||M|||50|,,,,,Ghost]Amoonguss||SitrusBerry|Regenerator|Spore,RagePowder,PollenPuff,Protect|||F|||50|,,,,,Water
|inactive|Battle timer is ON: inactive players will automatically lose when time's up. (requested by Jakobtc)
|
|t:|1756835486
|teamsize|p1|4
|teamsize|p2|4
|start
|switch|p1a: Ursaluna|Ursaluna-Bloodmoon, L50, M|100/100
|switch|p1b: Dragapult|Dragapult, L50, F|100/100
|switch|p2a: Kilowattrel|Kilowattrel, L50, M|100/100
|switch|p2b: Porygon2|Porygon2, L50, shiny|100/100
|-ability|p2b: Porygon2|Download|boost
|-boost|p2b: Porygon2|spa|1
|turn|1
|inactive|candy berlin has 30 seconds left.
|
|t:|1756835519
|-terastallize|p2b: Porygon2|Fighting
|move|p1b: Dragapult|Dragon Darts|p2b: Porygon2
|-damage|p2b: Porygon2|78/100
|-anim|p1b: Dragapult|Dragon Darts|p2a: Kilowattrel
|-damage|p2a: Kilowattrel|34/100
|move|p2a: Kilowattrel|Tailwind|p2a: Kilowattrel
|-sidestart|p2: Jakobtc|move: Tailwind
|move|p2b: Porygon2|Tera Blast|p1a: Ursaluna|[anim] Tera Blast Fighting
|-supereffective|p1a: Ursaluna
|-damage|p1a: Ursaluna|0 fnt
|faint|p1a: Ursaluna
|
|upkeep
|
|t:|1756835531
|switch|p1a: Volcarona|Volcarona, L50, F|100/100
|turn|2
|
|t:|1756835539
|move|p2a: Kilowattrel|Air Slash|p1a: Volcarona
|-supereffective|p1a: Volcarona
|-damage|p1a: Volcarona|40/100
|-enditem|p1a: Volcarona|Sitrus Berry|[eat]
|-heal|p1a: Volcarona|65/100|[from] item: Sitrus Berry
|move|p1b: Dragapult|Dragon Darts|p2a: Kilowattrel
|-damage|p2a: Kilowattrel|0 fnt
|-anim|p1b: Dragapult|Dragon Darts|p2b: Porygon2
|-damage|p2b: Porygon2|56/100
|faint|p2a: Kilowattrel
|move|p2b: Porygon2|Ice Beam|p1b: Dragapult
|-supereffective|p1b: Dragapult
|-damage|p1b: Dragapult|0 fnt
|faint|p1b: Dragapult
|move|p1a: Volcarona|Struggle Bug|p2b: Porygon2
|-resisted|p2b: Porygon2
|-damage|p2b: Porygon2|48/100
|-unboost|p2b: Porygon2|spa|1
|
|upkeep
|
|t:|1756835557
|switch|p1b: Kingambit|Kingambit, L50, F|100/100
|switch|p2a: Ursaluna|Ursaluna, L50, F|100/100
|turn|3
|inactive|candy berlin has 30 seconds left.
|
|t:|1756835587
|move|p2a: Ursaluna|Protect|p2a: Ursaluna
|-singleturn|p2a: Ursaluna|Protect
|move|p1b: Kingambit|Protect|p1b: Kingambit
|-singleturn|p1b: Kingambit|Protect
|move|p2b: Porygon2|Tera Blast|p1b: Kingambit|[anim] Tera Blast Fighting
|-activate|p1b: Kingambit|move: Protect
|move|p1a: Volcarona|Tailwind|p1a: Volcarona
|-sidestart|p1: candy berlin|move: Tailwind
|
|-status|p2a: Ursaluna|brn|[from] item: Flame Orb
|upkeep
|turn|4
|inactive|candy berlin has 30 seconds left.
|
|t:|1756835614
|-terastallize|p1b: Kingambit|Dark
|move|p1a: Volcarona|Rage Powder|p1a: Volcarona
|-singleturn|p1a: Volcarona|move: Rage Powder
|move|p2a: Ursaluna|Facade|p1a: Volcarona
|-damage|p1a: Volcarona|0 fnt
|faint|p1a: Volcarona
|move|p1b: Kingambit|Swords Dance|p1b: Kingambit
|-boost|p1b: Kingambit|atk|2
|move|p2b: Porygon2|Trick Room|p2b: Porygon2
|-fieldstart|move: Trick Room|[of] p2b: Porygon2
|
|-damage|p2a: Ursaluna|95/100 brn|[from] brn
|-sideend|p2: Jakobtc|move: Tailwind
|upkeep
|turn|5
|
|t:|1756835629
|move|p1b: Kingambit|Sucker Punch|p2b: Porygon2
|-resisted|p2b: Porygon2
|-damage|p2b: Porygon2|14/100
|move|p2a: Ursaluna|Facade|p1b: Kingambit
|-damage|p1b: Kingambit|16/100
|move|p2b: Porygon2|Tera Blast|p1b: Kingambit|[anim] Tera Blast Fighting
|-supereffective|p1b: Kingambit
|-damage|p1b: Kingambit|0 fnt
|faint|p1b: Kingambit
|
|win|Jakobtc
|raw|candy berlin's rating: 1147 → 1122(-25 for losing)
|raw|Jakobtc's rating: 1142 → 1167(+25 for winning)
|c|☆Jakobtc|gg
|c|☆candy berlin|gg
|l|☆candy berlin
|player|p1|
