|j|☆Reckzz
|j|☆Oscarm92
|html|ReckzzOscarm92    
|uhtml|bestof|Game 2 of a best-of-3
|t:|1784700067
|gametype|doubles
|player|p1|Reckzz|101|1253
|player|p2|Oscarm92|169|1252
|gen|9
|tier|[Gen 9 Champions] VGC 2026 Reg M-B (Bo3)
|rated|
|rule|Species Clause: Limit one of each Pokémon
|rule|Item Clause: Limit 1 of each item
|clearpoke
|poke|p1|Tyranitar, L50, M|
|poke|p1|Excadrill, L50, M|
|poke|p1|Milotic, L50, F|
|poke|p1|Sinistcha, L50|
|poke|p1|Staraptor, L50, M|
|poke|p1|Gholdengo, L50|
|poke|p2|Charizard, L50, M, shiny|
|poke|p2|Aerodactyl, L50, M|
|poke|p2|Garchomp, L50, M, shiny|
|poke|p2|Kingambit, L50, M|
|poke|p2|Sylveon, L50, F|
|poke|p2|Farigiraf, L50, M|
|teampreview|4
|showteam|p1|Tyranitar||Tyranitarite|SandStream|KnockOff,RockSlide,HighHorsepower,Protect|Jolly||M|||50|]Excadrill||FocusSash|SandRush|Earthquake,IronHead,RockSlide,Protect|Adamant||M|||50|]Milotic||SitrusBerry|Competitive|Scald,IcyWind,Haze,Protect|Calm||F|||50|]Sinistcha||ColburBerry|Hospitality|MatchaGotcha,ShadowBall,Protect,RagePowder|Bold|||||50|]Staraptor||Staraptite|Intimidate|CloseCombat,BraveBird,Tailwind,Protect|Jolly||M|||50|]Gholdengo||LifeOrb|GoodasGold|MakeItRain,ShadowBall,NastyPlot,Protect|Modest|||||50|
|showteam|p2|Charizard||CharizarditeY|Blaze|HeatWave,WeatherBall,SolarBeam,Protect|Modest||M|||50|]Aerodactyl||Aerodactylite|Unnerve|IceFang,RockSlide,Tailwind,DualWingbeat|Jolly||M|||50|]Garchomp||LifeOrb|RoughSkin|DragonClaw,StompingTantrum,Earthquake,Protect|Jolly||M|||50|]Kingambit||FocusSash|Defiant|SuckerPunch,KowtowCleave,IronHead,LowKick|Adamant||M|||50|]Sylveon||FairyFeather|Pixilate|QuickAttack,HyperVoice,HyperBeam,Protect|Modest||F|||50|]Farigiraf||SitrusBerry|ArmorTail|TrickRoom,Thunderbolt,PsychicFangs,Psychic|Bold||M|||50|
|
|t:|1784700099
|teamsize|p1|4
|teamsize|p2|4
|start
|switch|p1a: Milotic|Milotic, L50, F|100/100
|switch|p1b: Tyranitar|Tyranitar, L50, M|100/100
|switch|p2a: Charizard|Charizard, L50, M, shiny|100/100
|switch|p2b: Kingambit|Kingambit, L50, M|100/100
|-weather|Sandstorm|[from] ability: Sand Stream|[of] p1b: Tyranitar
|turn|1
|
|t:|1784700125
|move|p2a: Charizard|Protect|p2a: Charizard
|-singleturn|p2a: Charizard|Protect
|move|p1b: Tyranitar|Protect|p1b: Tyranitar
|-singleturn|p1b: Tyranitar|Protect
|move|p1a: Milotic|Icy Wind|p2b: Kingambit|[spread] p2b
|-activate|p2a: Charizard|move: Protect
|-resisted|p2b: Kingambit|1
|-damage|p2b: Kingambit|94/100
|-unboost|p2b: Kingambit|spe|1
|-ability|p2b: Kingambit|Defiant|boost
|-boost|p2b: Kingambit|atk|2
|move|p2b: Kingambit|Low Kick|p1b: Tyranitar
|-activate|p1b: Tyranitar|move: Protect
|
|-weather|Sandstorm|[upkeep]
|-damage|p2a: Charizard|93/100|[from] Sandstorm
|-damage|p1a: Milotic|94/100|[from] Sandstorm
|upkeep
|turn|2
|l|☆Reckzz
|player|p1|
|j|☆Reckzz
|player|p1|Reckzz|101|
|inactive|Battle timer is ON: inactive players will automatically lose when time's up. (requested by Reckzz)
|
|t:|1784700218
|switch|p2a: Sylveon|Sylveon, L50, F|100/100
|switch|p1b: Sinistcha|Sinistcha, L50|100/100
|-heal|p1a: Milotic|100/100|[from] ability: Hospitality|[of] p1b: Sinistcha
|move|p1a: Milotic|Scald|p2a: Sylveon
|-damage|p2a: Sylveon|75/100
|move|p2b: Kingambit|Iron Head|p1b: Sinistcha
|-damage|p1b: Sinistcha|18/100
|
|-weather|Sandstorm|[upkeep]
|-damage|p1a: Milotic|94/100|[from] Sandstorm
|-damage|p2a: Sylveon|69/100|[from] Sandstorm
|-damage|p1b: Sinistcha|13/100|[from] Sandstorm
|upkeep
|turn|3
|inactive|Oscarm92 has 30 seconds left.
|
|t:|1784700244
|move|p1a: Milotic|Haze|p1a: Milotic
|-clearallboost
|move|p2b: Kingambit|Kowtow Cleave|p1a: Milotic
|-damage|p1a: Milotic|43/100
|-enditem|p1a: Milotic|Sitrus Berry|[eat]
|-heal|p1a: Milotic|68/100|[from] item: Sitrus Berry
|move|p2a: Sylveon|Hyper Voice|p1b: Sinistcha|[spread] p1a,p1b
|-damage|p1a: Milotic|36/100
|-damage|p1b: Sinistcha|0 fnt
|faint|p1b: Sinistcha
|
|-weather|Sandstorm|[upkeep]
|-damage|p1a: Milotic|30/100|[from] Sandstorm
|-damage|p2a: Sylveon|63/100|[from] Sandstorm
|upkeep
|
|t:|1784700256
|switch|p1b: Excadrill|Excadrill, L50, M|100/100
|turn|4
|inactive|Oscarm92 has 30 seconds left.
|
|t:|1784700289
|switch|p2a: Garchomp|Garchomp, L50, M, shiny|100/100
|move|p1a: Milotic|Protect|p1a: Milotic
|-singleturn|p1a: Milotic|Protect
|move|p2b: Kingambit|Sucker Punch|p1b: Excadrill
|-damage|p1b: Excadrill|38/100
|move|p1b: Excadrill|Earthquake|p2b: Kingambit|[spread] p2a,p2b
|-activate|p1a: Milotic|move: Protect
|-supereffective|p2b: Kingambit|1
|-damage|p2a: Garchomp|60/100
|-damage|p2b: Kingambit|16/100
|
|-weather|Sandstorm|[upkeep]
|-damage|p1a: Milotic|24/100|[from] Sandstorm
|upkeep
|turn|5
|inactive|Reckzz has 30 seconds left.
|
|t:|1784700323
|move|p1b: Excadrill|Protect|p1b: Excadrill
|-singleturn|p1b: Excadrill|Protect
|move|p2b: Kingambit|Sucker Punch||[still]
|-fail|p2b: Kingambit
|move|p2a: Garchomp|Stomping Tantrum|p1a: Milotic
|-damage|p1a: Milotic|0 fnt
|faint|p1a: Milotic
|-damage|p2a: Garchomp|50/100g|[from] item: Life Orb
|
|-weather|none
|upkeep
|
|t:|1784700334
|switch|p1a: Tyranitar|Tyranitar, L50, M|100/100
|-weather|Sandstorm|[from] ability: Sand Stream|[of] p1a: Tyranitar
|turn|6
|
|t:|1784700353
|move|p1a: Tyranitar|Protect|p1a: Tyranitar
|-singleturn|p1a: Tyranitar|Protect
|move|p2b: Kingambit|Sucker Punch|p1b: Excadrill
|-damage|p1b: Excadrill|0 fnt
|faint|p1b: Excadrill
|move|p2a: Garchomp|Stomping Tantrum|p1a: Tyranitar
|-activate|p1a: Tyranitar|move: Protect
|
|-weather|Sandstorm|[upkeep]
|upkeep
|turn|7
|-message|Reckzz forfeited.
|
|win|Oscarm92
|raw|Reckzz's rating: 1253 → 1228(-25 for losing)
|raw|Oscarm92's rating: 1252 → 1277(+25 for winning)
|l|☆Reckzz
|player|p1|
