|j|☆Mvine11
|j|☆okester
|html|Mvine11okester    
|uhtml|bestof|Game 1 of a best-of-3
|t:|1784340789
|gametype|doubles
|player|p1|Mvine11|101|
|player|p2|okester|265|
|gen|9
|tier|[Gen 9 Champions] VGC 2026 Reg M-B (Bo3)
|rule|Species Clause: Limit one of each Pokémon
|rule|Item Clause: Limit 1 of each item
|clearpoke
|poke|p1|Vivillon-Polar, L50, F|
|poke|p1|Raichu, L50, M|
|poke|p1|Decidueye-Hisui, L50, F|
|poke|p1|Primarina, L50, F|
|poke|p1|Sneasler, L50, M|
|poke|p1|Arcanine-Hisui, L50, M|
|poke|p2|Dragonite, L50, F, shiny|
|poke|p2|Gholdengo, L50|
|poke|p2|Talonflame, L50, F|
|poke|p2|Medicham, L50, M|
|poke|p2|Umbreon, L50, M|
|poke|p2|Azumarill, L50, M|
|teampreview|4
|showteam|p1|Vivillon-Polar||FocusSash|FriendGuard|Protect,Hurricane,Tailwind,RagePowder|Timid||F|||50|]Raichu||RaichuniteY|Static|Protect,ZapCannon,FakeOut,FocusBlast|Timid||M|||50|]Decidueye-Hisui||LifeOrb|Scrappy|TripleArrows,Protect,SuckerPunch,LeafBlade|Adamant||F|||50|]Primarina||Leftovers|LiquidVoice|Protect,Moonblast,CalmMind,HyperVoice|Modest||F|||50|]Sneasler||WhiteHerb|Unburden|CloseCombat,DireClaw,FakeOut,Protect|Jolly||M|||50|]Arcanine-Hisui||Charcoal|RockHead|FlareBlitz,RockSlide,HeadSmash,WillOWisp|Jolly||M|||50|
|showteam|p2|Dragonite||Dragoninite|Multiscale|DracoMeteor,AirSlash,IceBeam,ExtremeSpeed|Modest||F|||50|]Gholdengo||LifeOrb|GoodasGold|MakeItRain,ShadowBall,Thunderbolt,NastyPlot|Modest|||||50|]Talonflame||SharpBeak|GaleWings|Tailwind,Protect,FlareBlitz,BraveBird|Jolly||F|||50|]Medicham||Medichamite|PurePower|FakeOut,CloseCombat,PoisonJab,RockSlide|Brave||M|||50|]Umbreon||FocusSash|InnerFocus|Snarl,Taunt,FoulPlay,Moonlight|Bold||M|||50|]Azumarill||SitrusBerry|HugePower|PlayRough,AquaJet,Protect,GrassKnot|Adamant||M|||50|
|
|t:|1784340854
|teamsize|p1|4
|teamsize|p2|4
|start
|switch|p1a: Arcanine|Arcanine-Hisui, L50, M|100/100
|switch|p1b: Raichu|Raichu, L50, M|100/100
|switch|p2a: Talonflame|Talonflame, L50, F|100/100
|switch|p2b: Gholdengo|Gholdengo, L50|100/100
|turn|1
|
|t:|1784340876
|detailschange|p1b: Raichu|Raichu-Mega-Y, L50, M
|-mega|p1b: Raichu|Raichu|Raichunite Y
|move|p1b: Raichu|Fake Out|p2a: Talonflame
|-damage|p2a: Talonflame|87/100
|cant|p2a: Talonflame|flinch
|move|p1a: Arcanine|Flare Blitz|p2b: Gholdengo
|-supereffective|p2b: Gholdengo|1
|-damage|p2b: Gholdengo|0 fnt
|faint|p2b: Gholdengo
|
|upkeep
|
|t:|1784340887
|switch|p2b: Medicham|Medicham, L50, M|100/100
|turn|2
|
|t:|1784340911
|move|p2b: Medicham|Fake Out|p1b: Raichu
|-damage|p1b: Raichu|64/100
|cant|p1b: Raichu|flinch
|move|p2a: Talonflame|Tailwind|p2a: Talonflame
|-sidestart|p2: okester|move: Tailwind
|move|p1a: Arcanine|Head Smash|p2a: Talonflame
|-supereffective|p2a: Talonflame|2
|-damage|p2a: Talonflame|0 fnt
|faint|p2a: Talonflame
|
|upkeep
|
|t:|1784340920
|switch|p2a: Dragonite|Dragonite, L50, F, shiny|100/100
|turn|3
|
|t:|1784340943
|switch|p1a: Primarina|Primarina, L50, F|100/100
|move|p1b: Raichu|Protect|p1b: Raichu
|-singleturn|p1b: Raichu|Protect
|move|p2a: Dragonite|Ice Beam|p1b: Raichu
|-activate|p1b: Raichu|move: Protect
|move|p2b: Medicham|Rock Slide|p1b: Raichu|[spread] p1a
|-activate|p1b: Raichu|move: Protect
|-damage|p1a: Primarina|67/100
|
|-heal|p1a: Primarina|73/100|[from] item: Leftovers
|upkeep
|turn|4
|
|t:|1784340974
|switch|p1b: Arcanine|Arcanine-Hisui, L50, M|100/100
|detailschange|p2a: Dragonite|Dragonite-Mega, L50, F, shiny
|-mega|p2a: Dragonite|Dragonite|Dragoninite
|move|p2a: Dragonite|Ice Beam|p1b: Arcanine
|-resisted|p1b: Arcanine|1
|-damage|p1b: Arcanine|76/100
|move|p2b: Medicham|Poison Jab|p1a: Primarina
|-supereffective|p1a: Primarina|1
|-damage|p1a: Primarina|0 fnt
|faint|p1a: Primarina
|
|upkeep
|
|t:|1784340984
|switch|p1a: Raichu|Raichu-Mega-Y, L50, M|64/100
|turn|5
|
|t:|1784341007
|move|p1a: Raichu|Fake Out|p2a: Dragonite
|-damage|p2a: Dragonite|95/100
|cant|p2a: Dragonite|flinch
|move|p2b: Medicham|Rock Slide|p1b: Arcanine|[spread] p1a,p1b
|-supereffective|p1b: Arcanine|1
|-crit|p1b: Arcanine
|-damage|p1a: Raichu|14/100
|-damage|p1b: Arcanine|0 fnt
|faint|p1b: Arcanine
|
|-sideend|p2: okester|move: Tailwind
|upkeep
|
|t:|1784341016
|switch|p1b: Decidueye|Decidueye-Hisui, L50, F|100/100
|turn|6
|
|t:|1784341070
|move|p2a: Dragonite|Extreme Speed|p1a: Raichu
|-damage|p1a: Raichu|0 fnt
|faint|p1a: Raichu
|move|p1b: Decidueye|Leaf Blade|p2b: Medicham
|-damage|p2b: Medicham|14/100
|-damage|p1b: Decidueye|90/100|[from] item: Life Orb
|move|p2b: Medicham|Poison Jab|p1b: Decidueye
|-supereffective|p1b: Decidueye|1
|-crit|p1b: Decidueye
|-damage|p1b: Decidueye|0 fnt
|faint|p1b: Decidueye
|
|win|okester
|inactive|Mvine11 has 30 seconds to confirm battle start!
|inactive|okester has 30 seconds to confirm battle start!
||okester is ready for game 2.
||Mvine11 is ready for game 2.
|uhtml|next|Next: Game 2 of 3
|l|☆okester
|player|p2|
