|j|☆Squ1dge_
|j|☆marillrag1
|html|Squ1dge_marillrag1    
|uhtml|bestof|Game 1 of a best-of-3
|t:|1785394134
|gametype|doubles
|player|p1|Squ1dge_|101|1320
|player|p2|marillrag1|1|1236
|gen|9
|tier|[Gen 9 Champions] VGC 2026 Reg M-B (Bo3)
|rated|
|rule|Species Clause: Limit one of each Pokémon
|rule|Item Clause: Limit 1 of each item
|clearpoke
|poke|p1|Kingambit, L50, F|
|poke|p1|Dragonite, L50, F|
|poke|p1|Basculegion, L50, M|
|poke|p1|Froslass, L50, F|
|poke|p1|Sneasler, L50, M|
|poke|p1|Incineroar, L50, F|
|poke|p2|Scovillain, L50, M|
|poke|p2|Aerodactyl, L50, M|
|poke|p2|Sylveon, L50, M|
|poke|p2|Kingambit, L50, M|
|poke|p2|Farigiraf, L50, M|
|poke|p2|Basculegion, L50, M|
|teampreview|4
|showteam|p1|Kingambit||ChopleBerry|Defiant|KowtowCleave,SuckerPunch,IronHead,LowKick|Adamant||F|||50|]Dragonite||Dragoninite|InnerFocus|Protect,Tailwind,DragonPulse,HeatWave|Modest||F|||50|]Basculegion||MysticWater|Adaptability|LastRespects,Protect,WaveCrash,AquaJet|Adamant||M|||50|]Froslass||Froslassite|CursedBody|ShadowBall,AuroraVeil,Blizzard,Protect|Modest||F|||50|]Sneasler||FocusSash|PoisonTouch|Protect,PoisonJab,FakeOut,CloseCombat|Jolly||M|||50|]Incineroar||SitrusBerry|Intimidate|PartingShot,FlareBlitz,DarkestLariat,FakeOut|Impish||F|||50|
|showteam|p2|Scovillain||Scovillainite|Moody|Overheat,LeechSeed,RagePowder,Protect|Calm||M|||50|]Aerodactyl||Aerodactylite|Unnerve|RockSlide,DualWingbeat,WideGuard,Tailwind|Jolly||M|||50|]Sylveon||FairyFeather|Pixilate|Detect,HyperVoice,HyperBeam,QuickAttack|Modest||M|||50|]Kingambit||LifeOrb|Defiant|Protect,KowtowCleave,SwordsDance,SuckerPunch|Adamant||M|||50|]Farigiraf||SitrusBerry|ArmorTail|Protect,Psychic,Thunderbolt,TrickRoom|Calm||M|||50|]Basculegion||ChoiceScarf|Adaptability|AquaJet,LastRespects,WaveCrash,FlipTurn|Jolly||M|||50|
|inactive|Battle timer is ON: inactive players will automatically lose when time's up. (requested by Squ1dge_)
|
|t:|1785394202
|teamsize|p1|4
|teamsize|p2|4
|start
|switch|p1a: Dragonite|Dragonite, L50, F|100/100
|switch|p1b: Sneasler|Sneasler, L50, M|100/100
|switch|p2a: Scovillain|Scovillain, L50, M|100/100
|switch|p2b: Aerodactyl|Aerodactyl, L50, M|100/100
|-ability|p2b: Aerodactyl|Unnerve
|turn|1
|
|t:|1785394227
|detailschange|p1a: Dragonite|Dragonite-Mega, L50, F
|-mega|p1a: Dragonite|Dragonite|Dragoninite
|move|p2a: Scovillain|Protect|p2a: Scovillain
|-singleturn|p2a: Scovillain|Protect
|move|p1b: Sneasler|Fake Out|p2b: Aerodactyl
|-resisted|p2b: Aerodactyl|1
|-damage|p2b: Aerodactyl|89/100
|-status|p2b: Aerodactyl|psn|[from] ability: Poison Touch|[of] p1b: Sneasler
|cant|p2b: Aerodactyl|flinch
|move|p1a: Dragonite|Tailwind|p1a: Dragonite
|-sidestart|p1: Squ1dge_|move: Tailwind
|
|-damage|p2b: Aerodactyl|76/100 psn|[from] psn
|-ability|p2a: Scovillain|Moody|boost
|-boost|p2a: Scovillain|spe|2
|-unboost|p2a: Scovillain|spd|1
|upkeep
|turn|2
|inactive|marillrag1 has 30 seconds left.
|
|t:|1785394257
|detailschange|p2a: Scovillain|Scovillain-Mega, L50, M
|-mega|p2a: Scovillain|Scovillain|Scovillainite
|move|p1b: Sneasler|Poison Jab|p2a: Scovillain
|-supereffective|p2a: Scovillain|1
|-damage|p2a: Scovillain|12/100
|-status|p2a: Scovillain|psn
|-status|p1b: Sneasler|brn|[from] ability: Spicy Spray|[of] p2a: Scovillain
|move|p1a: Dragonite|Dragon Pulse|p2a: Scovillain
|-damage|p2a: Scovillain|0 fnt
|-status|p1a: Dragonite|brn|[from] ability: Spicy Spray|[of] p2a: Scovillain
|faint|p2a: Scovillain
|move|p2b: Aerodactyl|Dual Wingbeat|p1b: Sneasler
|-supereffective|p1b: Sneasler|1
|-damage|p1b: Sneasler|45/100 brn
|-supereffective|p1b: Sneasler|1
|-damage|p1b: Sneasler|0 fnt
|faint|p1b: Sneasler
|-hitcount|p1: Sneasler|2
|
|-damage|p2b: Aerodactyl|64/100 psn|[from] psn
|-damage|p1a: Dragonite|94/100 brn|[from] brn
|upkeep
|
|t:|1785394280
|switch|p1b: Basculegion|Basculegion, L50, M|100/100
|switch|p2a: Sylveon|Sylveon, L50, M|100/100
|turn|3
|
|t:|1785394298
|move|p1a: Dragonite|Protect|p1a: Dragonite
|-singleturn|p1a: Dragonite|Protect
|move|p1b: Basculegion|Last Respects|p2a: Sylveon
|-damage|p2a: Sylveon|31/100
|move|p2b: Aerodactyl|Tailwind|p2b: Aerodactyl
|-sidestart|p2: marillrag1|move: Tailwind
|move|p2a: Sylveon|Hyper Voice|p1b: Basculegion|[spread] p1b
|-activate|p1a: Dragonite|move: Protect
|-damage|p1b: Basculegion|57/100
|
|-damage|p2b: Aerodactyl|52/100 psn|[from] psn
|-damage|p1a: Dragonite|88/100 brn|[from] brn
|upkeep
|turn|4
|
|t:|1785394319
|move|p2a: Sylveon|Detect|p2a: Sylveon
|-singleturn|p2a: Sylveon|Protect
|move|p2b: Aerodactyl|Dual Wingbeat|p1b: Basculegion
|-damage|p1b: Basculegion|41/100
|-damage|p1b: Basculegion|24/100
|-hitcount|p1b: Basculegion|2
|move|p1a: Dragonite|Dragon Pulse|p2b: Aerodactyl
|-damage|p2b: Aerodactyl|0 fnt
|faint|p2b: Aerodactyl
|move|p1b: Basculegion|Last Respects|p2a: Sylveon
|-activate|p2a: Sylveon|move: Protect
|
|-damage|p1a: Dragonite|82/100 brn|[from] brn
|-sideend|p1: Squ1dge_|move: Tailwind
|upkeep
|
|t:|1785394325
|switch|p2b: Kingambit|Kingambit, L50, M|100/100
|turn|5
|inactive|Squ1dge_ has 30 seconds left.
|
|t:|1785394359
|switch|p1b: Kingambit|Kingambit, L50, F|100/100
|move|p1a: Dragonite|Protect|p1a: Dragonite
|-singleturn|p1a: Dragonite|Protect
|move|p2b: Kingambit|Swords Dance|p2b: Kingambit
|-boost|p2b: Kingambit|atk|2
|move|p2a: Sylveon|Hyper Voice|p1b: Kingambit|[spread] p1b
|-activate|p1a: Dragonite|move: Protect
|-damage|p1b: Kingambit|55/100
|
|-damage|p1a: Dragonite|76/100 brn|[from] brn
|upkeep
|turn|6
|inactive|Squ1dge_ has 30 seconds left.
|
|t:|1785394384
|move|p1a: Dragonite|Protect|p1a: Dragonite
|-singleturn|p1a: Dragonite|Protect
|move|p2b: Kingambit|Kowtow Cleave|p1b: Kingambit
|-resisted|p1b: Kingambit|1
|-damage|p1b: Kingambit|11/100
|-damage|p2b: Kingambit|90/100|[from] item: Life Orb
|move|p2a: Sylveon|Hyper Voice|p1a: Dragonite|[spread] p1b
|-activate|p1a: Dragonite|move: Protect
|-damage|p1b: Kingambit|0 fnt
|faint|p1b: Kingambit
|
|-damage|p1a: Dragonite|70/100 brn|[from] brn
|-sideend|p2: marillrag1|move: Tailwind
|upkeep
|
|t:|1785394390
|switch|p1b: Basculegion|Basculegion, L50, M|24/100
|turn|7
|-message|Squ1dge_ forfeited.
|
|win|marillrag1
||Squ1dge_ is ready for game 2.
||marillrag1 is ready for game 2.
|uhtml|next|Next: Game 2 of 3
|l|☆Squ1dge_
|player|p1|
|l|☆marillrag1
|player|p2|
|j|☆marillrag1
|player|p2|marillrag1|1|
