|j|‚ėÜclearmomdotcom2
|j|‚ėÜRegionalModeSlow
|html|clearmomdotcom2RegionalModeSlow    
|uhtml|bestof|Game 2 of a best-of-3
|t:|1756355097
|gametype|doubles
|player|p1|clearmomdotcom2|waitress|1180
|player|p2|RegionalModeSlow|steven|1183
|gen|9
|tier|[Gen 9] VGC 2025 Reg H (Bo3)
|rated|
|rule|Species Clause: Limit one of each Pok√©mon
|rule|Item Clause: Limit 1 of each item
|clearpoke
|poke|p1|Indeedee, L50, M|
|poke|p1|Sneasler, L50, M|
|poke|p1|Torkoal, L50, M|
|poke|p1|Exeggutor, L50, F|
|poke|p1|Weezing-Galar, L50, M|
|poke|p1|Arcanine-Hisui, L50, M|
|poke|p2|Noivern, L50, M|
|poke|p2|Weezing-Galar, L50, M|
|poke|p2|Gholdengo, L50|
|poke|p2|Garchomp, L50, F|
|poke|p2|Annihilape, L50, M|
|poke|p2|Incineroar, L50, F|
|teampreview|4
|showteam|p1|Indeedee||FocusSash|PsychicSurge|ExpandingForce,TeraBlast,Protect,TrickRoom|||M|||50|,,,,,Fighting]Sneasler||PsychicSeed|Unburden|ThroatChop,CloseCombat,DireClaw,Protect|||M|||50|,,,,,Dark]Torkoal||EjectPack|Drought|Eruption,Overheat,Protect,HelpingHand|||M|||50|,,,,,Fire]Exeggutor||LifeOrb|Chlorophyll|ExpandingForce,SleepPowder,Protect,EnergyBall|||F|||50|,,,,,Psychic]Weezing-Galar||ChoiceSpecs|NeutralizingGas|SludgeBomb,Flamethrower,DazzlingGleam,StrangeSteam|||M|||50|,,,,,Fire]Arcanine-Hisui||ChoiceBand|Intimidate|RockSlide,RockBlast,FlareBlitz,ExtremeSpeed|||M|||50|,,,,,Water
|showteam|p2|Noivern||CovertCloak|Telepathy|AirSlash,SuperFang,Tailwind,Taunt|||M|||50|,,,,,Steel]Weezing-Galar||ChoiceSpecs|NeutralizingGas|DazzlingGleam,SludgeBomb,StrangeSteam,Flamethrower|||M|||50|,,,,,Flying]Gholdengo||MetalCoat|GoodasGold|MakeItRain,ShadowBall,NastyPlot,Protect||||||50|,,,,,Flying]Garchomp||LifeOrb|RoughSkin|DragonClaw,Earthquake,StompingTantrum,Protect|||F|||50|,,,,,Ground]Annihilape||SafetyGoggles|Defiant|CloseCombat,ShadowClaw,FinalGambit,Taunt|||M|||50|,,,,,Stellar]Incineroar||AssaultVest|Intimidate|FlareBlitz,KnockOff,FakeOut,Uturn|||F|||50|,,,,,Bug
|inactive|Battle timer is ON: inactive players will automatically lose when time's up. (requested by clearmomdotcom2)
|inactive|clearmomdotcom2 has 60 seconds left.
|
|t:|1756355142
|teamsize|p1|4
|teamsize|p2|4
|start
|switch|p1a: Weezing|Weezing-Galar, L50, M|100/100
|switch|p1b: Arcanine|Arcanine-Hisui, L50, M|100/100
|switch|p2a: Ozzy|Noivern, L50, M|100/100
|switch|p2b: PurpleūüíúHaze|Weezing-Galar, L50, M|100/100
|-ability|p2b: PurpleūüíúHaze|Neutralizing Gas
|-ability|p1a: Weezing|Neutralizing Gas
|turn|1
|
|t:|1756355156
|move|p2a: Ozzy|Tailwind|p2a: Ozzy
|-sidestart|p2: RegionalModeSlow|move: Tailwind
|move|p2b: PurpleūüíúHaze|Dazzling Gleam|p1b: Arcanine|[spread] p1a,p1b
|-resisted|p1a: Weezing
|-resisted|p1b: Arcanine
|-damage|p1a: Weezing|72/100
|-damage|p1b: Arcanine|75/100
|move|p1b: Arcanine|Rock Slide|p2a: Ozzy|[spread] p2a,p2b
|-supereffective|p2a: Ozzy
|-damage|p2a: Ozzy|14/100
|-damage|p2b: PurpleūüíúHaze|60/100
|move|p1a: Weezing|Dazzling Gleam|p2a: Ozzy|[spread] p2a,p2b
|-supereffective|p2a: Ozzy
|-resisted|p2b: PurpleūüíúHaze
|-damage|p2a: Ozzy|0 fnt
|-damage|p2b: PurpleūüíúHaze|36/100
|faint|p2a: Ozzy
|
|upkeep
|
|t:|1756355161
|switch|p2a: Bl√•haj|Garchomp, L50, F|100/100
|turn|2
|inactive|clearmomdotcom2 has 30 seconds left.
|inactive|clearmomdotcom2 has 20 seconds left.
|
|t:|1756355200
|-terastallize|p2b: PurpleūüíúHaze|Flying
|move|p2a: Bl√•haj|Earthquake|p1b: Arcanine|[spread] p1a,p1b
|-immune|p2b: PurpleūüíúHaze
|-supereffective|p1a: Weezing
|-supereffective|p1b: Arcanine
|-damage|p1a: Weezing|0 fnt
|-damage|p1b: Arcanine|0 fnt
|faint|p1a: Weezing
|faint|p1b: Arcanine
|-damage|p2a: Bl√•haj|91/100|[from] item: Life Orb
|move|p2b: PurpleūüíúHaze|Dazzling Gleam|p1: Weezing|[notarget]
|-fail|p2b: PurpleūüíúHaze
|
|upkeep
|
|t:|1756355206
|switch|p1b: Sneasler|Sneasler, L50, M|100/100
|switch|p1a: Indeedee|Indeedee, L50, M|100/100
|turn|3
|
|t:|1756355217
|move|p1b: Sneasler|Protect|p1b: Sneasler
|-singleturn|p1b: Sneasler|Protect
|move|p1a: Indeedee|Protect|p1a: Indeedee
|-singleturn|p1a: Indeedee|Protect
|move|p2a: Bl√•haj|Earthquake|p1b: Sneasler|[spread] 
|-activate|p1a: Indeedee|move: Protect
|-activate|p1b: Sneasler|move: Protect
|-immune|p2b: PurpleūüíúHaze
|move|p2b: PurpleūüíúHaze|Dazzling Gleam|p1a: Indeedee|[spread] 
|-activate|p1a: Indeedee|move: Protect
|-activate|p1b: Sneasler|move: Protect
|
|upkeep
|turn|4
|
|t:|1756355223
|move|p1b: Sneasler|Protect||[still]
|-fail|p1b: Sneasler
|move|p1a: Indeedee|Protect|p1a: Indeedee
|-singleturn|p1a: Indeedee|Protect
|move|p2a: Bl√•haj|Earthquake|p1a: Indeedee|[spread] p1b
|-activate|p1a: Indeedee|move: Protect
|-immune|p2b: PurpleūüíúHaze
|-supereffective|p1b: Sneasler
|-damage|p1b: Sneasler|0 fnt
|faint|p1b: Sneasler
|-damage|p2a: Bl√•haj|81/100|[from] item: Life Orb
|move|p2b: PurpleūüíúHaze|Dazzling Gleam|p1a: Indeedee
|-activate|p1a: Indeedee|move: Protect
|
|-sideend|p2: RegionalModeSlow|move: Tailwind
|upkeep
|turn|5
|-message|clearmomdotcom2 forfeited.
|
|win|RegionalModeSlow
|raw|clearmomdotcom2's rating: 1180 → 1155(-25 for losing)
|raw|RegionalModeSlow's rating: 1183 → 1208(+25 for winning)
|l|‚ėÜclearmomdotcom2
|player|p1|
