|j|☆washingtongargacha
|j|☆anlerz
|html|washingtongargachaanlerz    
|uhtml|bestof|Game 1 of a best-of-3
|t:|1757692625
|gametype|doubles
|player|p1|washingtongargacha|102|1172
|player|p2|anlerz|giovanni|1205
|gen|9
|tier|[Gen 9] VGC 2025 Reg H (Bo3)
|rated|
|rule|Species Clause: Limit one of each Pokémon
|rule|Item Clause: Limit 1 of each item
|clearpoke
|poke|p1|Talonflame, L50, M|
|poke|p1|Gholdengo, L50|
|poke|p1|Dragonite, L50, M|
|poke|p1|Archaludon, L50, F|
|poke|p1|Tyranitar, L50, M|
|poke|p1|Garchomp, L50, M|
|poke|p2|Dragapult, L50, M|
|poke|p2|Rillaboom, L50, M|
|poke|p2|Volcarona, L50, M|
|poke|p2|Electabuzz, L50, M|
|poke|p2|Dondozo, L50, M|
|poke|p2|Sneasler, L50, F|
|teampreview|4
|showteam|p1|Talonflame||LifeOrb|GaleWings|Tailwind,DualWingbeat,Taunt,FlareBlitz|||M|||50|,,,,,Ghost]Gholdengo||ChoiceSpecs|GoodasGold|MakeItRain,SteelBeam,ShadowBall,PowerGem||||||50|,,,,,Flying]Dragonite||LoadedDice|Multiscale|ScaleShot,IceSpinner,Haze,Protect|||M|||50|,,,,,Steel]Archaludon||PowerHerb|Sturdy|FlashCannon,ElectroShot,DracoMeteor,Protect|||F|||50|,,,,,Flying]Tyranitar||AssaultVest|SandStream|KnockOff,RockSlide,TeraBlast,LowKick|||M|||50|,,,,,Flying]Garchomp||EarthPlate|RoughSkin|DragonClaw,StompingTantrum,Earthquake,Protect|||M|||50|,,,,,Steel
|showteam|p2|Dragapult||LifeOrb|ClearBody|DragonDarts,PhantomForce,Uturn,Protect|||M|||50|,,,,,Water]Rillaboom||AssaultVest|GrassySurge|WoodHammer,HighHorsepower,GrassyGlide,FakeOut|||M|||50|,,,,,Fire]Volcarona||CovertCloak|FlameBody|HeatWave,TeraBlast,QuiverDance,Protect|||M|||50|,,,,,Fairy]Electabuzz||Eviolite|VitalSpirit|Thunderbolt,FollowMe,Taunt,Protect|||M|||50|,,,,,Ghost]Dondozo||Leftovers|Unaware|WaveCrash,Fissure,Yawn,Protect|||M|||50|,,,,,Poison]Sneasler||FocusSash|Unburden|DireClaw,CloseCombat,FakeOut,Protect|||F|||50|,,,,,Dark
|inactive|Battle timer is ON: inactive players will automatically lose when time's up. (requested by anlerz)
|inactive|washingtongargacha has 60 seconds left.
|inactive|anlerz has 60 seconds left.
|
|t:|1757692684
|teamsize|p1|4
|teamsize|p2|4
|start
|switch|p1a: Talonflame|Talonflame, L50, M|100/100
|switch|p1b: Tyranitar|Tyranitar, L50, M|100/100
|switch|p2a: Sneasler|Sneasler, L50, F|100/100
|switch|p2b: Rillaboom|Rillaboom, L50, M|100/100
|-fieldstart|move: Grassy Terrain|[from] ability: Grassy Surge|[of] p2b: Rillaboom
|-weather|Sandstorm|[from] ability: Sand Stream|[of] p1b: Tyranitar
|turn|1
|
|t:|1757692707
|-terastallize|p1b: Tyranitar|Flying
|move|p1a: Talonflame|Tailwind|p1a: Talonflame
|-sidestart|p1: washingtongargacha|move: Tailwind
|move|p1b: Tyranitar|Tera Blast|p2b: Rillaboom|[anim] Tera Blast Flying
|-supereffective|p2b: Rillaboom
|-damage|p2b: Rillaboom|24/100
|move|p2a: Sneasler|Close Combat|p1b: Tyranitar
|-resisted|p1b: Tyranitar
|-damage|p1b: Tyranitar|76/100
|-unboost|p2a: Sneasler|def|1
|-unboost|p2a: Sneasler|spd|1
|move|p2b: Rillaboom|High Horsepower|p1a: Talonflame
|-immune|p1a: Talonflame
|
|-weather|Sandstorm|[upkeep]
|-damage|p1a: Talonflame|94/100|[from] Sandstorm
|-damage|p1b: Tyranitar|70/100|[from] Sandstorm
|-damage|p2a: Sneasler|95/100|[from] Sandstorm
|-damage|p2b: Rillaboom|18/100|[from] Sandstorm
|-heal|p2a: Sneasler|100/100|[from] Grassy Terrain
|-heal|p2b: Rillaboom|24/100|[from] Grassy Terrain
|upkeep
|turn|2
|inactive|anlerz has 30 seconds left.
|
|t:|1757692738
|move|p2a: Sneasler|Protect|p2a: Sneasler
|-singleturn|p2a: Sneasler|Protect
|move|p2b: Rillaboom|Grassy Glide|p1a: Talonflame
|-resisted|p1a: Talonflame
|-crit|p1a: Talonflame
|-damage|p1a: Talonflame|77/100
|move|p1a: Talonflame|Dual Wingbeat|p2a: Sneasler
|-activate|p2a: Sneasler|move: Protect
|move|p1b: Tyranitar|Tera Blast|p2b: Rillaboom|[anim] Tera Blast Flying
|-supereffective|p2b: Rillaboom
|-damage|p2b: Rillaboom|0 fnt
|faint|p2b: Rillaboom
|
|-weather|Sandstorm|[upkeep]
|-damage|p1a: Talonflame|71/100|[from] Sandstorm
|-damage|p1b: Tyranitar|64/100|[from] Sandstorm
|-damage|p2a: Sneasler|95/100|[from] Sandstorm
|-heal|p2a: Sneasler|100/100|[from] Grassy Terrain
|upkeep
|
|t:|1757692751
|switch|p2b: Dondozo|Dondozo, L50, M|100/100
|turn|3
|
|t:|1757692768
|move|p1a: Talonflame|Dual Wingbeat|p2a: Sneasler
|-supereffective|p2a: Sneasler
|-damage|p2a: Sneasler|25/100
|-supereffective|p2a: Sneasler
|-damage|p2a: Sneasler|0 fnt
|faint|p2a: Sneasler
|-hitcount|p2: Sneasler|2
|-damage|p1a: Talonflame|61/100|[from] item: Life Orb
|move|p1b: Tyranitar|Tera Blast|p2b: Dondozo|[anim] Tera Blast Flying
|-damage|p2b: Dondozo|76/100
|move|p2b: Dondozo|Wave Crash|p1a: Talonflame
|-supereffective|p1a: Talonflame
|-damage|p1a: Talonflame|0 fnt
|faint|p1a: Talonflame
|-damage|p2b: Dondozo|62/100|[from] Recoil
|
|-weather|Sandstorm|[upkeep]
|-damage|p1b: Tyranitar|59/100|[from] Sandstorm
|-damage|p2b: Dondozo|55/100|[from] Sandstorm
|-heal|p2b: Dondozo|62/100|[from] Grassy Terrain
|-heal|p2b: Dondozo|68/100|[from] item: Leftovers
|upkeep
|inactive|anlerz has 30 seconds left.
|
|t:|1757692798
|switch|p1a: Garchomp|Garchomp, L50, M|100/100
|switch|p2a: Dragapult|Dragapult, L50, M|100/100
|turn|4
|
|t:|1757692819
|move|p2a: Dragapult|Protect|p2a: Dragapult
|-singleturn|p2a: Dragapult|Protect
|move|p1a: Garchomp|Earthquake|p2b: Dondozo|[spread] p2b
|-activate|p2a: Dragapult|move: Protect
|-immune|p1b: Tyranitar
|-damage|p2b: Dondozo|53/100
|move|p1b: Tyranitar|Tera Blast|p2a: Dragapult|[anim] Tera Blast Flying
|-activate|p2a: Dragapult|move: Protect
|move|p2b: Dondozo|Yawn|p1a: Garchomp
|-start|p1a: Garchomp|move: Yawn|[of] p2b: Dondozo
|
|-weather|Sandstorm|[upkeep]
|-damage|p1b: Tyranitar|53/100|[from] Sandstorm
|-damage|p2a: Dragapult|94/100|[from] Sandstorm
|-damage|p2b: Dondozo|47/100|[from] Sandstorm
|-heal|p2a: Dragapult|100/100|[from] Grassy Terrain
|-heal|p2b: Dondozo|53/100|[from] Grassy Terrain
|-heal|p2b: Dondozo|60/100|[from] item: Leftovers
|-sideend|p1: washingtongargacha|move: Tailwind
|upkeep
|turn|5
|
|t:|1757692843
|move|p2b: Dondozo|Protect|p2b: Dondozo
|-singleturn|p2b: Dondozo|Protect
|move|p2a: Dragapult|Phantom Force||[still]
|-prepare|p2a: Dragapult|Phantom Force
|move|p1a: Garchomp|Dragon Claw|p2a: Dragapult|[miss]
|-miss|p1a: Garchomp|p2a: Dragapult
|move|p1b: Tyranitar|Knock Off|p2a: Dragapult|[miss]
|-miss|p1b: Tyranitar|p2a: Dragapult
|
|-weather|none
|-heal|p2b: Dondozo|66/100|[from] Grassy Terrain
|-heal|p2b: Dondozo|72/100|[from] item: Leftovers
|-end|p1a: Garchomp|move: Yawn|[silent]
|-status|p1a: Garchomp|slp
|-fieldend|move: Grassy Terrain
|upkeep
|turn|6
|inactive|washingtongargacha has 30 seconds left.
|
|t:|1757692871
|move|p2a: Dragapult|Phantom Force|p1b: Tyranitar|[from] lockedmove
|-damage|p1b: Tyranitar|4/100
|-damage|p2a: Dragapult|91/100|[from] item: Life Orb
|cant|p1a: Garchomp|slp
|move|p1b: Tyranitar|Knock Off|p2a: Dragapult
|-supereffective|p2a: Dragapult
|-damage|p2a: Dragapult|0 fnt
|-enditem|p2a: Dragapult|Life Orb|[from] move: Knock Off|[of] p1b: Tyranitar
|faint|p2a: Dragapult
|move|p2b: Dondozo|Wave Crash|p1b: Tyranitar
|-damage|p1b: Tyranitar|0 fnt
|faint|p1b: Tyranitar
|-damage|p2b: Dondozo|71/100|[from] Recoil
|
|-heal|p2b: Dondozo|78/100|[from] item: Leftovers
|upkeep
|-message|anlerz forfeited.
|
|win|washingtongargacha
