|j|☆scafato92
|j|☆blackstormgames
|html|scafato92blackstormgames    
|uhtml|bestof|Game 1 of a best-of-3
|t:|1782414091
|gametype|doubles
|player|p1|scafato92|102|1249
|player|p2|blackstormgames|lance|1265
|gen|9
|tier|[Gen 9 Champions] VGC 2026 Reg M-B (Bo3)
|rated|
|rule|Species Clause: Limit one of each Pokémon
|rule|Item Clause: Limit 1 of each item
|clearpoke
|poke|p1|Grimmsnarl, L50, M|
|poke|p1|Swampert, L50, M|
|poke|p1|Pelipper, L50, M|
|poke|p1|Archaludon, L50, M|
|poke|p1|Sinistcha, L50|
|poke|p1|Metagross, L50|
|poke|p2|Blaziken, L50, F|
|poke|p2|Aerodactyl, L50, M|
|poke|p2|Kingambit, L50, F|
|poke|p2|Basculegion, L50, M|
|poke|p2|Sylveon, L50, M|
|poke|p2|Torkoal, L50, F|
|teampreview|4
|showteam|p1|Grimmsnarl||LightClay|Prankster|FoulPlay,PartingShot,Reflect,LightScreen|Calm||M|||50|]Swampert||Swampertite|Damp|WaveCrash,Earthquake,IcePunch,Protect|Adamant||M|||50|]Pelipper||SitrusBerry|Drizzle|Hurricane,WeatherBall,Tailwind,WideGuard|Modest||M|||50|]Archaludon||Leftovers|Stamina|ElectroShot,DragonPulse,FlashCannon,Protect|Modest||M|||50|]Sinistcha||CobaBerry|Hospitality|MatchaGotcha,RagePowder,TrickRoom,Protect|Relaxed|||||50|]Metagross||Metagrossite|ClearBody|IronHead,PsychicFangs,BodyPress,Protect|Jolly|||||50|
|showteam|p2|Blaziken||Blazikenite|SpeedBoost|FlareBlitz,CloseCombat,RockSlide,Protect|Adamant||F|||50|]Aerodactyl||Aerodactylite|Unnerve|RockSlide,DualWingbeat,IceFang,Tailwind|Jolly||M|||50|]Kingambit||LifeOrb|Defiant|KowtowCleave,SuckerPunch,IronHead,Protect|Adamant||F|||50|]Basculegion||FocusSash|Adaptability|Liquidation,AquaJet,LastRespects,Protect|Adamant||M|||50|]Sylveon||FairyFeather|Pixilate|HyperVoice,HyperBeam,QuickAttack,Detect|Modest||M|||50|]Torkoal||Leftovers|Drought|Eruption,Yawn,WeatherBall,Protect|Quiet||F|||50|
|inactive|Battle timer is ON: inactive players will automatically lose when time's up. (requested by scafato92)
|
|t:|1782414117
|teamsize|p1|4
|teamsize|p2|4
|start
|switch|p1a: Swampert|Swampert, L50, M|100/100
|switch|p1b: Grimmsnarl|Grimmsnarl, L50, M|100/100
|switch|p2a: Blaziken|Blaziken, L50, F|100/100
|switch|p2b: Sylveon|Sylveon, L50, M|100/100
|turn|1
|
|t:|1782414141
|detailschange|p2a: Blaziken|Blaziken-Mega, L50, F
|-mega|p2a: Blaziken|Blaziken|Blazikenite
|detailschange|p1a: Swampert|Swampert-Mega, L50, M
|-mega|p1a: Swampert|Swampert|Swampertite
|move|p2a: Blaziken|Protect|p2a: Blaziken
|-singleturn|p2a: Blaziken|Protect
|move|p1b: Grimmsnarl|Parting Shot|p2b: Sylveon
|-unboost|p2b: Sylveon|atk|1
|-unboost|p2b: Sylveon|spa|1
|
|t:|1782414150
|switch|p1b: Pelipper|Pelipper, L50, M|100/100|[from] Parting Shot
|-weather|RainDance|[from] ability: Drizzle|[of] p1b: Pelipper
|move|p1a: Swampert|Wave Crash|p2b: Sylveon
|-damage|p2b: Sylveon|0 fnt
|faint|p2b: Sylveon
|-damage|p1a: Swampert|69/100|[from] Recoil
|
|-weather|RainDance|[upkeep]
|-ability|p2a: Blaziken|Speed Boost|boost
|-boost|p2a: Blaziken|spe|1
|upkeep
|
|t:|1782414162
|switch|p2b: Torkoal|Torkoal, L50, F|100/100
|-weather|SunnyDay|[from] ability: Drought|[of] p2b: Torkoal
|turn|2
|
|t:|1782414177
|switch|p1b: Grimmsnarl|Grimmsnarl, L50, M|100/100
|move|p1a: Swampert|Protect|p1a: Swampert
|-singleturn|p1a: Swampert|Protect
|move|p2a: Blaziken|Close Combat|p1a: Swampert
|-activate|p1a: Swampert|move: Protect
|move|p2b: Torkoal|Yawn|p1b: Grimmsnarl
|-start|p1b: Grimmsnarl|move: Yawn|[of] p2b: Torkoal
|
|-weather|SunnyDay|[upkeep]
|-ability|p2a: Blaziken|Speed Boost|boost
|-boost|p2a: Blaziken|spe|1
|upkeep
|turn|3
|
|t:|1782414197
|switch|p2b: Basculegion|Basculegion, L50, M|100/100
|move|p2a: Blaziken|Protect|p2a: Blaziken
|-singleturn|p2a: Blaziken|Protect
|move|p1b: Grimmsnarl|Parting Shot|p2a: Blaziken
|-activate|p2a: Blaziken|move: Protect
|move|p1a: Swampert|Earthquake|p2b: Basculegion|[spread] p1b,p2b
|-activate|p2a: Blaziken|move: Protect
|-damage|p1b: Grimmsnarl|55/100
|-damage|p2b: Basculegion|40/100
|
|-weather|SunnyDay|[upkeep]
|-end|p1b: Grimmsnarl|move: Yawn|[silent]
|-status|p1b: Grimmsnarl|slp
|-ability|p2a: Blaziken|Speed Boost|boost
|-boost|p2a: Blaziken|spe|1
|upkeep
|turn|4
|
|t:|1782414215
|switch|p2b: Torkoal|Torkoal, L50, F|100/100
|switch|p1b: Pelipper|Pelipper, L50, M|100/100
|-weather|RainDance|[from] ability: Drizzle|[of] p1b: Pelipper
|move|p2a: Blaziken|Close Combat|p1a: Swampert
|-damage|p1a: Swampert|0 fnt
|-unboost|p2a: Blaziken|def|1
|-unboost|p2a: Blaziken|spd|1
|faint|p1a: Swampert
|
|-weather|RainDance|[upkeep]
|-ability|p2a: Blaziken|Speed Boost|boost
|-boost|p2a: Blaziken|spe|1
|upkeep
|
|t:|1782414232
|switch|p1a: Archaludon|Archaludon, L50, M|100/100
|turn|5
|
|t:|1782414237
|switch|p2b: Basculegion|Basculegion, L50, M|40/100
|move|p2a: Blaziken|Protect|p2a: Blaziken
|-singleturn|p2a: Blaziken|Protect
|move|p1a: Archaludon|Electro Shot||[still]
|-prepare|p1a: Archaludon|Electro Shot
|-boost|p1a: Archaludon|spa|1
|-anim|p1a: Archaludon|Electro Shot|p2b: Basculegion
|-supereffective|p2b: Basculegion|1
|-damage|p2b: Basculegion|0 fnt
|faint|p2b: Basculegion
|move|p1b: Pelipper|Hurricane|p2a: Blaziken
|-activate|p2a: Blaziken|move: Protect
|
|-weather|RainDance|[upkeep]
|-ability|p2a: Blaziken|Speed Boost|boost
|-boost|p2a: Blaziken|spe|1
|upkeep
|
|t:|1782414251
|switch|p2b: Torkoal|Torkoal, L50, F|100/100
|-weather|SunnyDay|[from] ability: Drought|[of] p2b: Torkoal
|turn|6
|
|t:|1782414263
|switch|p1b: Grimmsnarl|Grimmsnarl, L50, M|55/100 slp
|move|p1a: Archaludon|Protect|p1a: Archaludon
|-singleturn|p1a: Archaludon|Protect
|move|p2a: Blaziken|Close Combat|p1a: Archaludon
|-activate|p1a: Archaludon|move: Protect
|move|p2b: Torkoal|Eruption|p1a: Archaludon|[spread] p1b
|-activate|p1a: Archaludon|move: Protect
|-damage|p1b: Grimmsnarl|1/100 slp
|
|-weather|SunnyDay|[upkeep]
|-ability|p2a: Blaziken|Speed Boost|boost
|-boost|p2a: Blaziken|spe|1
|upkeep
|turn|7
|
|t:|1782414281
|switch|p1b: Pelipper|Pelipper, L50, M|100/100
|-weather|RainDance|[from] ability: Drizzle|[of] p1b: Pelipper
|move|p2a: Blaziken|Close Combat|p1a: Archaludon
|-supereffective|p1a: Archaludon|1
|-damage|p1a: Archaludon|0 fnt
|-unboost|p2a: Blaziken|def|1
|-unboost|p2a: Blaziken|spd|1
|faint|p1a: Archaludon
|move|p2b: Torkoal|Yawn|p1b: Pelipper
|-start|p1b: Pelipper|move: Yawn|[of] p2b: Torkoal
|
|-weather|RainDance|[upkeep]
|upkeep
|
|t:|1782414294
|switch|p1a: Grimmsnarl|Grimmsnarl, L50, M|1/100 slp
|turn|8
|
|t:|1782414311
|move|p2a: Blaziken|Protect|p2a: Blaziken
|-singleturn|p2a: Blaziken|Protect
|move|p2b: Torkoal|Protect|p2b: Torkoal
|-singleturn|p2b: Torkoal|Protect
|move|p1b: Pelipper|Weather Ball|p2b: Torkoal
|-activate|p2b: Torkoal|move: Protect
|cant|p1a: Grimmsnarl|slp
|
|-weather|RainDance|[upkeep]
|-end|p1b: Pelipper|move: Yawn|[silent]
|-status|p1b: Pelipper|slp
|upkeep
|turn|9
|
|t:|1782414329
|-curestatus|p1a: Grimmsnarl|slp|[msg]
|move|p1a: Grimmsnarl|Reflect|p1a: Grimmsnarl
|-sidestart|p1: scafato92|Reflect
|move|p2a: Blaziken|Rock Slide|p1a: Grimmsnarl|[spread] p1a,p1b
|-crit|p1a: Grimmsnarl
|-supereffective|p1b: Pelipper|1
|-damage|p1a: Grimmsnarl|0 fnt
|-damage|p1b: Pelipper|64/100 slp
|faint|p1a: Grimmsnarl
|cant|p1b: Pelipper|slp
|move|p2b: Torkoal|Weather Ball|p1b: Pelipper
|-resisted|p1b: Pelipper|1
|-damage|p1b: Pelipper|40/100 slp
|-enditem|p1b: Pelipper|Sitrus Berry|[eat]
|-heal|p1b: Pelipper|65/100 slp|[from] item: Sitrus Berry
|
|-weather|RainDance|[upkeep]
|upkeep
|turn|10
|
|t:|1782414349
|move|p2a: Blaziken|Rock Slide|p1b: Pelipper
|-supereffective|p1b: Pelipper|1
|-damage|p1b: Pelipper|13/100 slp
|-curestatus|p1b: Pelipper|slp|[msg]
|cant|p1b: Pelipper|flinch
|move|p2b: Torkoal|Yawn|p1b: Pelipper
|-start|p1b: Pelipper|move: Yawn|[of] p2b: Torkoal
|
|-weather|RainDance|[upkeep]
|upkeep
|turn|11
|-message|scafato92 forfeited.
|
|win|blackstormgames
|l|☆scafato92
|player|p1|
||blackstormgames is ready for game 2.
||scafato92 is ready for game 2.
|uhtml|next|Next: Game 2 of 3
