|j|☆whatdoesalt+f4do
|j|☆testingqueen001
|html|whatdoesalt+f4dotestingqueen001    
|uhtml|bestof|Game 2 of a best-of-3
|t:|1786144341
|gametype|doubles
|player|p1|whatdoesalt+f4do|170|1178
|player|p2|testingqueen001|fantina|1124
|gen|9
|tier|[Gen 9 Champions] VGC 2026 Reg M-B (Bo3)
|rated|
|rule|Species Clause: Limit one of each Pokémon
|rule|Item Clause: Limit 1 of each item
|clearpoke
|poke|p1|Milotic, L50, M, shiny|
|poke|p1|Delphox, L50, F, shiny|
|poke|p1|Staraptor, L50, M, shiny|
|poke|p1|Whimsicott, L50, M, shiny|
|poke|p1|Tsareena, L50, F, shiny|
|poke|p1|Maushold-Four, L50, shiny|
|poke|p2|Dragonite, L50, M|
|poke|p2|Metagross, L50|
|poke|p2|Whimsicott, L50, F|
|poke|p2|Farigiraf, L50, M|
|poke|p2|Sneasler, L50, M|
|poke|p2|Primarina, L50, M|
|teampreview|4
|showteam|p1|Milotic||Leftovers|Competitive|IcyWind,Scald,LifeDew,Protect|Bold||M|||50|]Delphox||Delphoxite|Blaze|HeatWave,Psychic,Substitute,Protect|Modest||F|||50|]Staraptor||Staraptite|Intimidate|Roost,Protect,BraveBird,CloseCombat|Adamant||M|||50|]Whimsicott||FairyFeather|Prankster|Moonblast,Tailwind,Charm,LightScreen|Modest||M|||50|]Tsareena||FocusSash|QueenlyMajesty|TropKick,TripleAxel,KnockOff,Protect|Adamant||F|||50|]Maushold-Four||SitrusBerry|FriendGuard|SuperFang,FollowMe,Taunt,HelpingHand|Impish|||||50|
|showteam|p2|Dragonite||Dragoninite|Multiscale|DragonPulse,HeatWave,Thunderbolt,Roost|Modest||M|||50|]Metagross||Metagrossite|ClearBody|IronHead,PsychicFangs,BodyPress,Protect|Jolly|||||50|]Whimsicott||FocusSash|Prankster|Moonblast,Tailwind,Encore,Protect|Timid||F|||50|]Farigiraf||SitrusBerry|ArmorTail|TwinBeam,TrickRoom,HelpingHand,Protect|Quiet||M|||50|]Sneasler||WhiteHerb|Unburden|CloseCombat,DireClaw,FakeOut,Coaching|Jolly||M|||50|]Primarina||LifeOrb|LiquidVoice|HyperVoice,Moonblast,Protect,CalmMind|Modest||M|||50|
|inactive|Battle timer is ON: inactive players will automatically lose when time's up. (requested by whatdoesalt+f4do)
|inactive|testingqueen001 also wants the timer to be on.
|
|t:|1786144368
|teamsize|p1|4
|teamsize|p2|4
|start
|switch|p1a: Tsareena|Tsareena, L50, F, shiny|100/100
|switch|p1b: Delphox|Delphox, L50, F, shiny|100/100
|switch|p2a: Farigiraf|Farigiraf, L50, M|100/100
|switch|p2b: Primarina|Primarina, L50, M|100/100
|turn|1
|
|t:|1786144383
|move|p2b: Primarina|Protect|p2b: Primarina
|-singleturn|p2b: Primarina|Protect
|move|p1b: Delphox|Substitute|p1b: Delphox
|-start|p1b: Delphox|Substitute
|-damage|p1b: Delphox|75/100
|move|p1a: Tsareena|Trop Kick|p2b: Primarina
|-activate|p2b: Primarina|move: Protect
|move|p2a: Farigiraf|Trick Room|p2a: Farigiraf
|-fieldstart|move: Trick Room|[of] p2a: Farigiraf
|
|upkeep
|turn|2
|
|t:|1786144408
|detailschange|p1b: Delphox|Delphox-Mega, L50, F, shiny
|-mega|p1b: Delphox|Delphox|Delphoxite
|move|p2a: Farigiraf|Twin Beam|p1a: Tsareena
|-damage|p1a: Tsareena|81/100
|-damage|p1a: Tsareena|58/100
|-hitcount|p1a: Tsareena|2
|move|p2b: Primarina|Moonblast|p1a: Tsareena
|-damage|p1a: Tsareena|0 fnt
|faint|p1a: Tsareena
|-damage|p2b: Primarina|90/100|[from] item: Life Orb
|move|p1b: Delphox|Heat Wave|p2b: Primarina|[spread] p2a,p2b
|-resisted|p2b: Primarina|1
|-damage|p2a: Farigiraf|61/100
|-damage|p2b: Primarina|68/100
|
|upkeep
|
|t:|1786144423
|switch|p1a: Milotic|Milotic, L50, M, shiny|100/100
|turn|3
|
|t:|1786144434
|move|p2a: Farigiraf|Protect|p2a: Farigiraf
|-singleturn|p2a: Farigiraf|Protect
|move|p2b: Primarina|Calm Mind|p2b: Primarina
|-boost|p2b: Primarina|spa|1
|-boost|p2b: Primarina|spd|1
|move|p1a: Milotic|Scald|p2b: Primarina
|-resisted|p2b: Primarina|1
|-damage|p2b: Primarina|60/100
|move|p1b: Delphox|Heat Wave|p2b: Primarina|[spread] p2b
|-activate|p2a: Farigiraf|move: Protect
|-resisted|p2b: Primarina|1
|-damage|p2b: Primarina|45/100
|
|upkeep
|turn|4
|inactive|whatdoesalt+f4do has 30 seconds left.
|inactive|whatdoesalt+f4do has 20 seconds left.
|inactive|whatdoesalt+f4do has 15 seconds left.
|
|t:|1786144476
|move|p2a: Farigiraf|Helping Hand|p2b: Primarina
|-singleturn|p2b: Primarina|Helping Hand|[of] p2a: Farigiraf
|move|p2b: Primarina|Moonblast|p1a: Milotic
|-damage|p1a: Milotic|0 fnt
|faint|p1a: Milotic
|-damage|p2b: Primarina|36/100|[from] item: Life Orb
|move|p1b: Delphox|Heat Wave|p2b: Primarina|[spread] p2a
|-miss|p1b: Delphox|p2b: Primarina
|-damage|p2a: Farigiraf|18/100
|-status|p2a: Farigiraf|brn
|-enditem|p2a: Farigiraf|Sitrus Berry|[eat]
|-heal|p2a: Farigiraf|43/100 brn|[from] item: Sitrus Berry
|
|-damage|p2a: Farigiraf|37/100 brn|[from] brn
|upkeep
|
|t:|1786144492
|switch|p1a: Whimsicott|Whimsicott, L50, M, shiny|100/100
|turn|5
|
|t:|1786144503
|move|p2a: Farigiraf|Helping Hand|p2b: Primarina
|-singleturn|p2b: Primarina|Helping Hand|[of] p2a: Farigiraf
|move|p1a: Whimsicott|Light Screen|p1a: Whimsicott
|-sidestart|p1: whatdoesalt+f4do|move: Light Screen
|move|p2b: Primarina|Hyper Voice|p1b: Delphox|[spread] p1a,p1b
|-resisted|p1a: Whimsicott|1
|-supereffective|p1b: Delphox|1
|-damage|p1a: Whimsicott|64/100
|-damage|p1b: Delphox|0 fnt
|faint|p1b: Delphox
|-damage|p2b: Primarina|26/100|[from] item: Life Orb
|
|-damage|p2a: Farigiraf|30/100 brn|[from] brn
|-fieldend|move: Trick Room
|upkeep
|turn|6
|
|t:|1786144518
|move|p1a: Whimsicott|Moonblast|p2a: Farigiraf
|-damage|p2a: Farigiraf|0 fnt
|faint|p2a: Farigiraf
|move|p2b: Primarina|Moonblast|p1a: Whimsicott
|-damage|p1a: Whimsicott|0 fnt
|faint|p1a: Whimsicott
|-damage|p2b: Primarina|17/100|[from] item: Life Orb
|
|win|testingqueen001
|raw|whatdoesalt+f4do's rating: 1178 → 1149(-29 for losing)
|raw|testingqueen001's rating: 1124 → 1153(+29 for winning)
|l|☆whatdoesalt+f4do
|player|p1|
