|j|☆ur1ryanpowney
|j|☆MegaMetaBestMeta
|html|ur1ryanpowneyMegaMetaBestMeta    
|uhtml|bestof|Game 3 of a best-of-3
|t:|1756233707
|gametype|doubles
|player|p1|ur1ryanpowney|nate|1205
|player|p2|MegaMetaBestMeta|1|1099
|gen|9
|tier|[Gen 9] VGC 2025 Reg H (Bo3)
|rated|
|rule|Species Clause: Limit one of each Pokémon
|rule|Item Clause: Limit 1 of each item
|clearpoke
|poke|p1|Ursaluna, L50, M|
|poke|p1|Kommo-o, L50, M|
|poke|p1|Indeedee-F, L50, F|
|poke|p1|Incineroar, L50, M|
|poke|p1|Braviary-Hisui, L50, M|
|poke|p1|Amoonguss, L50, M|
|poke|p2|Politoed, L50, F|
|poke|p2|Gothitelle, L50, F|
|poke|p2|Incineroar, L50, M|
|poke|p2|Amoonguss, L50, F|
|poke|p2|Kingdra, L50, F|
|poke|p2|Archaludon, L50, F|
|teampreview|4
|showteam|p1|Ursaluna||FlameOrb|Guts|Facade,Earthquake,Protect,HeadlongRush|||M|||50|,,,,,Normal]Kommo-o||ThroatSpray|Overcoat|ClangorousSoul,ClangingScales,Protect,Flamethrower|||M|||50|,,,,,Fire]Indeedee-F||MentalHerb|PsychicSurge|DazzlingGleam,FollowMe,TrickRoom,HelpingHand|||F|||50|,,,,,Fairy]Incineroar||SafetyGoggles|Intimidate|FakeOut,KnockOff,PartingShot,FlareBlitz|||M|||50|,,,,,Grass]Braviary-Hisui||LifeOrb|TintedLens|ExpandingForce,Protect,TeraBlast,EsperWing|||M|||50|,,,,,Fighting]Amoonguss||RoomService|Regenerator|Spore,PollenPuff,RagePowder,ClearSmog|||M|||50|,,,,,Water
|showteam|p2|Politoed||Leftovers|Drizzle|Protect,WeatherBall,PerishSong,Encore|||F|||50|,,,,,Grass]Gothitelle||SitrusBerry|ShadowTag|Protect,Psychic,FakeOut,TrickRoom|||F|||50|,,,,,Dark]Incineroar||SafetyGoggles|Intimidate|Protect,KnockOff,FakeOut,PartingShot|||M|||50|,,,,,Ghost]Amoonguss||EjectButton|Regenerator|Protect,RagePowder,PollenPuff,Spore|||F|||50|,,,,,Fairy]Kingdra||LifeOrb|SwiftSwim|Protect,WeatherBall,DracoMeteor,MuddyWater|||F|||50|,,,,,Stellar]Archaludon||PowerHerb|Sturdy|Protect,ElectroShot,DragonPulse,FlashCannon|||F|||50|,,,,,Electric
|inactive|Battle timer is ON: inactive players will automatically lose when time's up. (requested by MegaMetaBestMeta)
|
|t:|1756233803
|teamsize|p1|4
|teamsize|p2|4
|start
|switch|p1a: Indeedee|Indeedee-F, L50, F|100/100
|switch|p1b: Braviary|Braviary-Hisui, L50, M|100/100
|switch|p2a: Kingdra|Kingdra, L50, F|100/100
|switch|p2b: Incineroar|Incineroar, L50, M|100/100
|-fieldstart|move: Psychic Terrain|[from] ability: Psychic Surge|[of] p1a: Indeedee
|-ability|p2b: Incineroar|Intimidate|boost
|-unboost|p1a: Indeedee|atk|1
|-unboost|p1b: Braviary|atk|1
|turn|1
|inactive|ur1ryanpowney has 30 seconds left.
|inactive|MegaMetaBestMeta has 30 seconds left.
|inactive|ur1ryanpowney has 20 seconds left.
|inactive|ur1ryanpowney has 15 seconds left.
|inactive|ur1ryanpowney has 10 seconds left.
|inactive|ur1ryanpowney has 5 seconds left.
|
|t:|1756233853
|switch|p2b: Politoed|Politoed, L50, F|100/100
|-weather|RainDance|[from] ability: Drizzle|[of] p2b: Politoed
|-terastallize|p1b: Braviary|Fighting
|move|p2a: Kingdra|Weather Ball|p1a: Indeedee
|-damage|p1a: Indeedee|11/100
|-damage|p2a: Kingdra|91/100|[from] item: Life Orb
|move|p1b: Braviary|Tera Blast|p2b: Politoed|[anim] Tera Blast Fighting
|-damage|p2b: Politoed|56/100
|-damage|p1b: Braviary|91/100|[from] item: Life Orb
|move|p1a: Indeedee|Trick Room|p1a: Indeedee
|-fieldstart|move: Trick Room|[of] p1a: Indeedee
|
|-weather|RainDance|[upkeep]
|-heal|p2b: Politoed|62/100|[from] item: Leftovers
|upkeep
|turn|2
|inactive|MegaMetaBestMeta has 30 seconds left.
|
|t:|1756233880
|switch|p2a: Incineroar|Incineroar, L50, M|100/100
|-ability|p2a: Incineroar|Intimidate|boost
|-unboost|p1a: Indeedee|atk|1
|-unboost|p1b: Braviary|atk|1
|move|p2b: Politoed|Protect|p2b: Politoed
|-singleturn|p2b: Politoed|Protect
|move|p1a: Indeedee|Follow Me|p1a: Indeedee
|-singleturn|p1a: Indeedee|move: Follow Me
|move|p1b: Braviary|Expanding Force|p2a: Incineroar|[spread] 
|-activate|p2b: Politoed|move: Protect
|-immune|p2a: Incineroar
|
|-weather|RainDance|[upkeep]
|-heal|p2b: Politoed|69/100|[from] item: Leftovers
|upkeep
|turn|3
|inactive|ur1ryanpowney has 30 seconds left.
|inactive|ur1ryanpowney has 20 seconds left.
|inactive|ur1ryanpowney has 15 seconds left.
|
|t:|1756233921
|move|p1a: Indeedee|Follow Me|p1a: Indeedee
|-singleturn|p1a: Indeedee|move: Follow Me
|move|p2a: Incineroar|Knock Off|p1a: Indeedee
|-supereffective|p1a: Indeedee
|-damage|p1a: Indeedee|0 fnt
|-enditem|p1a: Indeedee|Mental Herb|[from] move: Knock Off|[of] p2a: Incineroar
|faint|p1a: Indeedee
|move|p2b: Politoed|Weather Ball|p1b: Braviary
|-damage|p1b: Braviary|24/100
|move|p1b: Braviary|Tera Blast|p2a: Incineroar|[anim] Tera Blast Fighting
|-supereffective|p2a: Incineroar
|-damage|p2a: Incineroar|26/100
|-damage|p1b: Braviary|14/100|[from] item: Life Orb
|
|-weather|RainDance|[upkeep]
|-heal|p2b: Politoed|75/100|[from] item: Leftovers
|upkeep
|
|t:|1756233946
|switch|p1a: Amoonguss|Amoonguss, L50, M, shiny|100/100
|-enditem|p1a: Amoonguss|Room Service
|-unboost|p1a: Amoonguss|spe|1|[from] item: Room Service
|turn|4
|inactive|MegaMetaBestMeta has 30 seconds left.
|inactive|ur1ryanpowney has 30 seconds left.
|inactive|MegaMetaBestMeta has 20 seconds left.
|inactive|MegaMetaBestMeta has 15 seconds left.
|inactive|MegaMetaBestMeta has 10 seconds left.
|
|t:|1756233992
|switch|p2a: Amoonguss|Amoonguss, L50, F|100/100
|move|p2b: Politoed|Protect|p2b: Politoed
|-singleturn|p2b: Politoed|Protect
|move|p1a: Amoonguss|Spore|p2b: Politoed
|-activate|p2b: Politoed|move: Protect
|move|p1b: Braviary|Tera Blast|p2a: Amoonguss|[anim] Tera Blast Fighting
|-resisted|p2a: Amoonguss
|-damage|p2a: Amoonguss|50/100
|-enditem|p2a: Amoonguss|Eject Button
|-damage|p1b: Braviary|5/100|[from] item: Life Orb
|
|t:|1756234011
|switch|p2a: Incineroar|Incineroar, L50, M|26/100
|-ability|p2a: Incineroar|Intimidate|boost
|-unboost|p1a: Amoonguss|atk|1
|-unboost|p1b: Braviary|atk|1
|
|-weather|RainDance|[upkeep]
|-heal|p2b: Politoed|81/100|[from] item: Leftovers
|upkeep
|turn|5
|inactive|MegaMetaBestMeta has 30 seconds left.
|
|t:|1756234038
|switch|p2b: Kingdra|Kingdra, L50, F|91/100
|move|p1a: Amoonguss|Pollen Puff|p1b: Braviary
|-heal|p1b: Braviary|55/100
|move|p2a: Incineroar|Knock Off|p1b: Braviary
|-resisted|p1b: Braviary
|-damage|p1b: Braviary|32/100
|-enditem|p1b: Braviary|Life Orb|[from] move: Knock Off|[of] p2a: Incineroar
|move|p1b: Braviary|Tera Blast|p2a: Incineroar|[anim] Tera Blast Fighting
|-supereffective|p2a: Incineroar
|-damage|p2a: Incineroar|0 fnt
|faint|p2a: Incineroar
|
|-weather|none
|-fieldend|move: Trick Room
|-fieldend|move: Psychic Terrain
|upkeep
|
|t:|1756234052
|switch|p2a: Politoed|Politoed, L50, F|81/100
|-weather|RainDance|[from] ability: Drizzle|[of] p2a: Politoed
|turn|6
|inactive|MegaMetaBestMeta has 30 seconds left.
|
|t:|1756234081
|move|p1b: Braviary|Protect|p1b: Braviary
|-singleturn|p1b: Braviary|Protect
|move|p2b: Kingdra|Muddy Water|p1b: Braviary|[spread] p1a
|-activate|p1b: Braviary|move: Protect
|-resisted|p1a: Amoonguss
|-damage|p1a: Amoonguss|76/100
|-damage|p2b: Kingdra|81/100|[from] item: Life Orb
|move|p2a: Politoed|Encore|p1a: Amoonguss
|-start|p1a: Amoonguss|Encore
|move|p1a: Amoonguss|Pollen Puff|p2a: Politoed
|-damage|p2a: Politoed|65/100
|
|-weather|RainDance|[upkeep]
|-heal|p2a: Politoed|72/100|[from] item: Leftovers
|upkeep
|turn|7
|inactive|MegaMetaBestMeta has 30 seconds left.
|
|t:|1756234108
|switch|p2a: Amoonguss|Amoonguss, L50, F|84/100
|switch|p1a: Kommo-o|Kommo-o, L50, M|100/100
|move|p2b: Kingdra|Muddy Water|p1b: Braviary|[spread] p1a,p1b
|-resisted|p1a: Kommo-o
|-damage|p1a: Kommo-o|73/100
|-damage|p1b: Braviary|0 fnt
|-unboost|p1a: Kommo-o|accuracy|1
|faint|p1b: Braviary
|-damage|p2b: Kingdra|71/100|[from] item: Life Orb
|
|-weather|RainDance|[upkeep]
|upkeep
|
|t:|1756234119
|switch|p1b: Amoonguss|Amoonguss, L50, M, shiny|100/100
|turn|8
|inactive|MegaMetaBestMeta has 30 seconds left.
|
|t:|1756234144
|move|p2b: Kingdra|Protect|p2b: Kingdra
|-singleturn|p2b: Kingdra|Protect
|move|p1b: Amoonguss|Rage Powder|p1b: Amoonguss
|-singleturn|p1b: Amoonguss|move: Rage Powder
|move|p1a: Kommo-o|Clangorous Soul|p1a: Kommo-o
|-boost|p1a: Kommo-o|atk|1
|-boost|p1a: Kommo-o|def|1
|-boost|p1a: Kommo-o|spa|1
|-boost|p1a: Kommo-o|spd|1
|-boost|p1a: Kommo-o|spe|1
|-damage|p1a: Kommo-o|40/100
|-enditem|p1a: Kommo-o|Throat Spray
|-boost|p1a: Kommo-o|spa|1|[from] item: Throat Spray
|move|p2a: Amoonguss|Spore|p1a: Kommo-o
|-immune|p1a: Kommo-o|[from] ability: Overcoat
|
|-weather|RainDance|[upkeep]
|upkeep
|turn|9
|inactive|ur1ryanpowney has 30 seconds left.
|inactive|MegaMetaBestMeta has 30 seconds left.
|inactive|MegaMetaBestMeta has 20 seconds left.
|
|t:|1756234183
|-terastallize|p2b: Kingdra|Stellar
|move|p1b: Amoonguss|Rage Powder|p1b: Amoonguss
|-singleturn|p1b: Amoonguss|move: Rage Powder
|move|p2b: Kingdra|Muddy Water|p1a: Kommo-o|[spread] p1a
|-miss|p2b: Kingdra|p1b: Amoonguss
|-resisted|p1a: Kommo-o
|-damage|p1a: Kommo-o|16/100
|-damage|p2b: Kingdra|61/100|[from] item: Life Orb
|move|p1a: Kommo-o|Clanging Scales|p2a: Amoonguss|[spread] p2a
|-miss|p1a: Kommo-o|p2b: Kingdra
|-damage|p2a: Amoonguss|21/100
|-unboost|p1a: Kommo-o|def|1
|move|p2a: Amoonguss|Pollen Puff|p1a: Kommo-o
|-resisted|p1a: Kommo-o
|-damage|p1a: Kommo-o|11/100
|
|-weather|RainDance|[upkeep]
|upkeep
|turn|10
|inactive|MegaMetaBestMeta has 30 seconds left.
|inactive|MegaMetaBestMeta has 20 seconds left.
|inactive|MegaMetaBestMeta has 15 seconds left.
|
|t:|1756234225
|move|p2b: Kingdra|Protect|p2b: Kingdra
|-singleturn|p2b: Kingdra|Protect
|move|p1a: Kommo-o|Protect|p1a: Kommo-o
|-singleturn|p1a: Kommo-o|Protect
|move|p1b: Amoonguss|Spore|p2b: Kingdra
|-activate|p2b: Kingdra|move: Protect
|move|p2a: Amoonguss|Pollen Puff|p1b: Amoonguss
|-damage|p1b: Amoonguss|87/100
|
|-weather|none
|upkeep
|turn|11
|inactive|ur1ryanpowney has 30 seconds left.
|
|t:|1756234259
|switch|p2a: Politoed|Politoed, L50, F|72/100
|-weather|RainDance|[from] ability: Drizzle|[of] p2a: Politoed
|move|p2b: Kingdra|Muddy Water|p1a: Kommo-o|[spread] p1a,p1b
|-resisted|p1a: Kommo-o
|-resisted|p1b: Amoonguss
|-damage|p1a: Kommo-o|0 fnt
|-damage|p1b: Amoonguss|64/100
|faint|p1a: Kommo-o
|-damage|p2b: Kingdra|51/100|[from] item: Life Orb
|move|p1b: Amoonguss|Pollen Puff|p1: Kommo-o|[notarget]
|-fail|p1b: Amoonguss
|
|-weather|RainDance|[upkeep]
|-heal|p2a: Politoed|78/100|[from] item: Leftovers
|upkeep
|turn|12
|c|☆ur1ryanpowney|gg wp
|
|t:|1756234277
|switch|p2b: Amoonguss|Amoonguss, L50, F|54/100
|move|p1b: Amoonguss|Rage Powder|p1b: Amoonguss
|-singleturn|p1b: Amoonguss|move: Rage Powder
|move|p2a: Politoed|Perish Song|p2a: Politoed
|-start|p1b: Amoonguss|perish3|[silent]
|-start|p2a: Politoed|perish3|[silent]
|-start|p2b: Amoonguss|perish3|[silent]
|-fieldactivate|move: Perish Song
|
|-weather|RainDance|[upkeep]
|-heal|p2a: Politoed|84/100|[from] item: Leftovers
|-start|p2a: Politoed|perish3
|-start|p1b: Amoonguss|perish3
|-start|p2b: Amoonguss|perish3
|upkeep
|turn|13
|c|☆MegaMetaBestMeta|gg
|
|t:|1756234299
|switch|p2b: Kingdra|Kingdra, L50, F, tera:Stellar|51/100
|move|p2a: Politoed|Encore|p1b: Amoonguss
|-start|p1b: Amoonguss|Encore
|move|p1b: Amoonguss|Rage Powder|p1b: Amoonguss
|-singleturn|p1b: Amoonguss|move: Rage Powder
|
|-weather|RainDance|[upkeep]
|-heal|p2a: Politoed|90/100|[from] item: Leftovers
|-start|p2a: Politoed|perish2
|-start|p1b: Amoonguss|perish2
|upkeep
|turn|14
|-message|ur1ryanpowney forfeited.
|
|win|MegaMetaBestMeta
|raw|ur1ryanpowney's rating: 1205 → 1173(-32 for losing)
|raw|MegaMetaBestMeta's rating: 1099 → 1132(+33 for winning)
|l|☆ur1ryanpowney
|player|p1|
|j|☆ur1ryanpowney
|player|p1|ur1ryanpowney|nate|
|l|☆MegaMetaBestMeta
|player|p2|
