|j|☆palle synchro
|j|☆s!dd_1
|html|palle synchros!dd_1    
|uhtml|bestof|Game 1 of a best-of-3
|t:|1784989763
|gametype|doubles
|player|p1|palle synchro|volkner|1426
|player|p2|s!dd_1|flannery-gen6|1499
|gen|9
|tier|[Gen 9 Champions] VGC 2026 Reg M-B (Bo3)
|rated|
|rule|Species Clause: Limit one of each Pokémon
|rule|Item Clause: Limit 1 of each item
|clearpoke
|poke|p1|Charizard, L50, M|
|poke|p1|Venusaur, L50, M|
|poke|p1|Grimmsnarl, L50, M|
|poke|p1|Archaludon, L50, M|
|poke|p1|Pelipper, L50, M|
|poke|p1|Swampert, L50, F|
|poke|p2|Raichu, L50, M|
|poke|p2|Mamoswine, L50, F|
|poke|p2|Maushold, L50|
|poke|p2|Sylveon, L50, M|
|poke|p2|Arcanine-Hisui, L50, F|
|poke|p2|Meowscarada, L50, M|
|teampreview|4
|showteam|p1|Charizard||CharizarditeY|Blaze|HeatWave,WeatherBall,Hurricane,Protect|Modest||M|||50|]Venusaur||FocusSash|Chlorophyll|EnergyBall,SludgeBomb,EarthPower,SleepPowder|Modest||M|||50|]Grimmsnarl||LightClay|Prankster|SpiritBreak,PartingShot,Reflect,LightScreen|Careful||M|||50|]Archaludon||Leftovers|Stamina|ElectroShot,DragonPulse,FlashCannon,Protect|Modest||M|||50|]Pelipper||SitrusBerry|Drizzle|WeatherBall,Hurricane,Tailwind,Protect|Modest||M|||50|]Swampert||Swampertite|Torrent|WaveCrash,HighHorsepower,IcePunch,Protect|Adamant||F|||50|
|showteam|p2|Raichu||RaichuniteY|LightningRod|ZapCannon,FocusBlast,FakeOut,Protect|Timid||M|||50|]Mamoswine||LifeOrb|Oblivious|HighHorsepower,IcicleCrash,IceShard,Protect|Adamant||F|||50|]Maushold||FocusSash|FriendGuard|SuperFang,AfterYou,FollowMe,Protect|Timid|||||50|]Sylveon||FairyFeather|Pixilate|HyperVoice,HyperBeam,CalmMind,Detect|Modest||M|||50|]Arcanine-Hisui||WhiteHerb|Intimidate|FlareBlitz,RockSlide,ExtremeSpeed,Protect|Adamant||F|||50|]Meowscarada||ChoiceScarf|Protean|FlowerTrick,KnockOff,TripleAxel,AerialAce|Jolly||M|||50|
|inactive|Battle timer is ON: inactive players will automatically lose when time's up. (requested by s!dd_1)
|inactive|s!dd_1 has 60 seconds left.
|
|t:|1784989795
|teamsize|p1|4
|teamsize|p2|4
|start
|switch|p1a: Swampert|Swampert, L50, F|100/100
|switch|p1b: Grimmsnarl|Grimmsnarl, L50, M|100/100
|switch|p2a: Grabbitz|Raichu, L50, M|100/100
|switch|p2b: Panic!|Mamoswine, L50, F|100/100
|turn|1
|
|t:|1784989816
|switch|p2b: The Score|Meowscarada, L50, M|100/100
|detailschange|p2a: Grabbitz|Raichu-Mega-Y, L50, M
|-mega|p2a: Grabbitz|Raichu|Raichunite Y
|detailschange|p1a: Swampert|Swampert-Mega, L50, F
|-mega|p1a: Swampert|Swampert|Swampertite
|move|p2a: Grabbitz|Fake Out|p1a: Swampert
|-crit|p1a: Swampert
|-damage|p1a: Swampert|87/100
|move|p1b: Grimmsnarl|Parting Shot|p2b: The Score
|-hint|Since gen 7, Dark is immune to Prankster moves.
|-immune|p2b: The Score
|cant|p1a: Swampert|flinch
|
|upkeep
|turn|2
|
|t:|1784989836
|move|p1a: Swampert|Protect|p1a: Swampert
|-singleturn|p1a: Swampert|Protect
|move|p2b: The Score|Flower Trick|p1a: Swampert
|-start|p2b: The Score|typechange|Grass|[from] ability: Protean
|-activate|p1a: Swampert|move: Protect
|move|p2a: Grabbitz|Zap Cannon|p1b: Grimmsnarl
|-damage|p1b: Grimmsnarl|41/100
|-status|p1b: Grimmsnarl|par
|move|p1b: Grimmsnarl|Spirit Break|p2b: The Score
|-damage|p2b: The Score|50/100g
|-unboost|p2b: The Score|spa|1
|
|upkeep
|turn|3
|
|t:|1784989856
|switch|p1a: Archaludon|Archaludon, L50, M|100/100
|move|p1b: Grimmsnarl|Light Screen|p1b: Grimmsnarl
|-sidestart|p1: palle synchro|move: Light Screen
|move|p2b: The Score|Flower Trick|p1a: Archaludon
|-resisted|p1a: Archaludon|2
|-crit|p1a: Archaludon
|-damage|p1a: Archaludon|90/100
|-ability|p1a: Archaludon|Stamina|boost
|-boost|p1a: Archaludon|def|1
|move|p2a: Grabbitz|Zap Cannon|p1b: Grimmsnarl
|-damage|p1b: Grimmsnarl|7/100 par
|
|-heal|p1a: Archaludon|96/100|[from] item: Leftovers
|upkeep
|turn|4
|
|t:|1784989877
|switch|p2b: Maushold|Maushold, L50|100/100
|move|p1b: Grimmsnarl|Parting Shot|p2a: Grabbitz
|-unboost|p2a: Grabbitz|atk|1
|-unboost|p2a: Grabbitz|spa|1
|
|t:|1784989883
|switch|p1b: Swampert|Swampert-Mega, L50, F|87/100|[from] Parting Shot
|move|p2a: Grabbitz|Focus Blast|p1a: Archaludon
|-supereffective|p1a: Archaludon|1
|-damage|p1a: Archaludon|57/100
|-ability|p1a: Archaludon|Stamina|boost
|-boost|p1a: Archaludon|def|1
|move|p1a: Archaludon|Flash Cannon|p2b: Maushold
|-damage|p2b: Maushold|53/100
|
|-heal|p1a: Archaludon|64/100|[from] item: Leftovers
|upkeep
|turn|5
|
|t:|1784989906
|move|p1a: Archaludon|Protect|p1a: Archaludon
|-singleturn|p1a: Archaludon|Protect
|move|p2b: Maushold|Follow Me|p2b: Maushold
|-singleturn|p2b: Maushold|move: Follow Me
|move|p2a: Grabbitz|Zap Cannon|p1a: Archaludon
|-activate|p1a: Archaludon|move: Protect
|move|p1b: Swampert|High Horsepower|p2b: Maushold
|-damage|p2b: Maushold|0 fnt
|faint|p2b: Maushold
|
|-heal|p1a: Archaludon|70/100|[from] item: Leftovers
|upkeep
|
|t:|1784989915
|switch|p2b: The Score|Meowscarada, L50, M|50/100g
|turn|6
|
|t:|1784989930
|switch|p1b: Grimmsnarl|Grimmsnarl, L50, M|7/100 par
|move|p2b: The Score|Flower Trick|p1b: Grimmsnarl
|-start|p2b: The Score|typechange|Grass|[from] ability: Protean
|-crit|p1b: Grimmsnarl
|-damage|p1b: Grimmsnarl|0 fnt
|faint|p1b: Grimmsnarl
|move|p2a: Grabbitz|Focus Blast|p1a: Archaludon
|-supereffective|p1a: Archaludon|1
|-damage|p1a: Archaludon|31/100
|-ability|p1a: Archaludon|Stamina|boost
|-boost|p1a: Archaludon|def|1
|move|p1a: Archaludon|Flash Cannon|p2b: The Score
|-damage|p2b: The Score|0 fnt
|faint|p2b: The Score
|
|-heal|p1a: Archaludon|37/100|[from] item: Leftovers
|upkeep
|-message|s!dd_1 forfeited.
|
|win|palle synchro
