|j|☆endertytar
|j|☆MobiusVGC
|html|endertytarMobiusVGC    
|uhtml|bestof|Game 1 of a best-of-3
|t:|1756222638
|gametype|doubles
|player|p1|endertytar|hugh|1236
|player|p2|MobiusVGC|gentleman-gen4dp|1169
|gen|9
|tier|[Gen 9] VGC 2025 Reg H (Bo3)
|rated|
|rule|Species Clause: Limit one of each Pokémon
|rule|Item Clause: Limit 1 of each item
|clearpoke
|poke|p1|Tyranitar, L50, M|
|poke|p1|Dondozo, L50, M|
|poke|p1|Sneasler, L50, F|
|poke|p1|Gholdengo, L50|
|poke|p1|Indeedee, L50, M|
|poke|p1|Volcarona, L50, F|
|poke|p2|Sneasler, L50, M|
|poke|p2|Dragapult, L50, M|
|poke|p2|Primarina, L50, M|
|poke|p2|Rillaboom, L50, F|
|poke|p2|Kingambit, L50, M|
|poke|p2|Magmar, L50, F|
|teampreview|4
|showteam|p1|Tyranitar||ClearAmulet|SandStream|Protect,DragonDance,RockSlide,KnockOff|||M|||50|,,,,,Ghost]Dondozo||Leftovers|Unaware|Protect,Yawn,Liquidation,Substitute|||M|||50|,,,,,Grass]Sneasler||PsychicSeed|Unburden|CloseCombat,DireClaw,Coaching,Protect|||F|||50|,,,,,Dark]Gholdengo||MetalCoat|GoodasGold|Protect,NastyPlot,ShadowBall,MakeItRain||||||50|,,,,,Steel]Indeedee||ChoiceScarf|PsychicSurge|Trick,ExpandingForce,TrickRoom,Protect|||M|||50|,,,,,Psychic]Volcarona||SitrusBerry|FlameBody|Tailwind,FieryDance,StruggleBug,RagePowder|||F|||50|,,,,,Grass
|showteam|p2|Sneasler||FocusSash|PoisonTouch|CloseCombat,DireClaw,FakeOut,Protect|||M|||50|,,,,,Stellar]Dragapult||ChoiceBand|ClearBody|DragonDarts,TeraBlast,PhantomForce,Uturn|||M|||50|,,,,,Ghost]Primarina||SitrusBerry|LiquidVoice|HyperVoice,Moonblast,Haze,Protect|||M|||50|,,,,,Water]Rillaboom||AssaultVest|GrassySurge|WoodHammer,GrassyGlide,HighHorsepower,FakeOut|||F|||50|,,,,,Fire]Kingambit||BlackGlasses|Defiant|KowtowCleave,SuckerPunch,SwordsDance,Protect|||M|||50|,,,,,Ghost]Magmar||Eviolite|VitalSpirit|Overheat,WillOWisp,FollowMe,Protect|||F|||50|,,,,,Ghost
|
|t:|1756222703
|teamsize|p1|4
|teamsize|p2|4
|start
|switch|p1a: Volcarona|Volcarona, L50, F|100/100
|switch|p1b: Sneasler|Sneasler, L50, F|100/100
|switch|p2a: Dragapult|Dragapult, L50, M|100/100
|switch|p2b: Sneasler|Sneasler, L50, M|100/100
|turn|1
|inactive|Battle timer is ON: inactive players will automatically lose when time's up. (requested by endertytar)
|
|t:|1756222724
|move|p2a: Dragapult|Phantom Force||[still]
|-prepare|p2a: Dragapult|Phantom Force
|move|p1b: Sneasler|Dire Claw|p2a: Dragapult|[miss]
|-miss|p1b: Sneasler|p2a: Dragapult
|move|p2b: Sneasler|Dire Claw|p1a: Volcarona
|-damage|p1a: Volcarona|54/100
|-status|p2b: Sneasler|brn|[from] ability: Flame Body|[of] p1a: Volcarona
|-status|p1a: Volcarona|psn|[from] ability: Poison Touch|[of] p2b: Sneasler
|move|p1a: Volcarona|Tailwind|p1a: Volcarona
|-sidestart|p1: endertytar|move: Tailwind
|
|-damage|p1a: Volcarona|41/100 psn|[from] psn
|-damage|p2b: Sneasler|95/100 brn|[from] brn
|upkeep
|-enditem|p1a: Volcarona|Sitrus Berry|[eat]
|-heal|p1a: Volcarona|66/100 psn|[from] item: Sitrus Berry
|turn|2
|
|t:|1756222743
|switch|p1a: Tyranitar|Tyranitar, L50, M|100/100
|-weather|Sandstorm|[from] ability: Sand Stream|[of] p1a: Tyranitar
|move|p1b: Sneasler|Coaching|p1a: Tyranitar
|-boost|p1a: Tyranitar|atk|1
|-boost|p1a: Tyranitar|def|1
|move|p2a: Dragapult|Phantom Force|p1a: Tyranitar|[from] lockedmove
|-resisted|p1a: Tyranitar
|-crit|p1a: Tyranitar
|-damage|p1a: Tyranitar|51/100
|move|p2b: Sneasler|Dire Claw|p1b: Sneasler
|-resisted|p1b: Sneasler
|-crit|p1b: Sneasler
|-damage|p1b: Sneasler|75/100
|
|-weather|Sandstorm|[upkeep]
|-damage|p1b: Sneasler|69/100|[from] Sandstorm
|-damage|p2a: Dragapult|94/100|[from] Sandstorm
|-damage|p2b: Sneasler|89/100 brn|[from] Sandstorm
|-damage|p2b: Sneasler|83/100 brn|[from] brn
|upkeep
|turn|3
|inactive|endertytar has 30 seconds left.
|
|t:|1756222772
|switch|p2a: Kingambit|Kingambit, L50, M|100/100
|-terastallize|p1a: Tyranitar|Ghost
|move|p1b: Sneasler|Coaching|p1a: Tyranitar
|-boost|p1a: Tyranitar|atk|1
|-boost|p1a: Tyranitar|def|1
|move|p1a: Tyranitar|Knock Off|p2a: Kingambit
|-resisted|p2a: Kingambit
|-damage|p2a: Kingambit|58/100
|-enditem|p2a: Kingambit|Black Glasses|[from] move: Knock Off|[of] p1a: Tyranitar
|move|p2b: Sneasler|Close Combat|p1a: Tyranitar
|-immune|p1a: Tyranitar
|
|-weather|Sandstorm|[upkeep]
|-damage|p1b: Sneasler|63/100|[from] Sandstorm
|-damage|p1a: Tyranitar|45/100|[from] Sandstorm
|-damage|p2b: Sneasler|77/100 brn|[from] Sandstorm
|-damage|p2b: Sneasler|71/100 brn|[from] brn
|upkeep
|turn|4
|
|t:|1756222793
|move|p2a: Kingambit|Protect|p2a: Kingambit
|-singleturn|p2a: Kingambit|Protect
|move|p1b: Sneasler|Close Combat|p2a: Kingambit
|-activate|p2a: Kingambit|move: Protect
|move|p1a: Tyranitar|Knock Off|p2a: Kingambit
|-activate|p2a: Kingambit|move: Protect
|move|p2b: Sneasler|Dire Claw|p1a: Tyranitar
|-resisted|p1a: Tyranitar
|-crit|p1a: Tyranitar
|-damage|p1a: Tyranitar|29/100
|
|-weather|Sandstorm|[upkeep]
|-damage|p1b: Sneasler|58/100|[from] Sandstorm
|-damage|p1a: Tyranitar|23/100|[from] Sandstorm
|-damage|p2b: Sneasler|66/100 brn|[from] Sandstorm
|-damage|p2b: Sneasler|60/100 brn|[from] brn
|-sideend|p1: endertytar|move: Tailwind
|upkeep
|turn|5
|
|t:|1756222811
|move|p2a: Kingambit|Sucker Punch||[still]
|-fail|p2a: Kingambit
|move|p2b: Sneasler|Dire Claw|p1b: Sneasler
|-resisted|p1b: Sneasler
|-damage|p1b: Sneasler|38/100
|move|p1b: Sneasler|Close Combat|p2a: Kingambit
|-supereffective|p2a: Kingambit
|-damage|p2a: Kingambit|0 fnt
|-unboost|p1b: Sneasler|def|1
|-unboost|p1b: Sneasler|spd|1
|faint|p2a: Kingambit
|move|p1a: Tyranitar|Dragon Dance|p1a: Tyranitar
|-boost|p1a: Tyranitar|atk|1
|-boost|p1a: Tyranitar|spe|1
|
|-weather|Sandstorm|[upkeep]
|-damage|p1b: Sneasler|33/100|[from] Sandstorm
|-damage|p2b: Sneasler|54/100 brn|[from] Sandstorm
|-damage|p1a: Tyranitar|17/100|[from] Sandstorm
|-damage|p2b: Sneasler|48/100 brn|[from] brn
|upkeep
|
|t:|1756222822
|switch|p2a: Dragapult|Dragapult, L50, M|94/100
|turn|6
|
|t:|1756222838
|switch|p2b: Magmar|Magmar, L50, F|100/100
|move|p2a: Dragapult|Dragon Darts|p1b: Sneasler
|-damage|p1b: Sneasler|0 fnt
|-anim|p2a: Dragapult|Dragon Darts|p1a: Tyranitar
|-damage|p1a: Tyranitar|0 fnt
|faint|p1b: Sneasler
|faint|p1a: Tyranitar
|
|-weather|none
|upkeep
|
|t:|1756222846
|switch|p1b: Volcarona|Volcarona, L50, F|66/100 psn
|switch|p1a: Gholdengo|Gholdengo, L50|100/100
|turn|7
|
|t:|1756222854
|move|p2b: Magmar|Protect|p2b: Magmar
|-singleturn|p2b: Magmar|Protect
|move|p2a: Dragapult|Dragon Darts|p1b: Volcarona
|-damage|p1b: Volcarona|22/100 psn
|-anim|p2a: Dragapult|Dragon Darts|p1a: Gholdengo
|-resisted|p1a: Gholdengo
|-damage|p1a: Gholdengo|83/100
|move|p1b: Volcarona|Tailwind|p1b: Volcarona
|-sidestart|p1: endertytar|move: Tailwind
|move|p1a: Gholdengo|Nasty Plot|p1a: Gholdengo
|-boost|p1a: Gholdengo|spa|2
|
|-damage|p1b: Volcarona|9/100 psn|[from] psn
|upkeep
|turn|8
|
|t:|1756222876
|switch|p2b: Sneasler|Sneasler, L50, M|48/100 brn
|move|p1b: Volcarona|Struggle Bug|p2a: Dragapult|[spread] p2a,p2b
|-resisted|p2a: Dragapult
|-resisted|p2b: Sneasler
|-damage|p2a: Dragapult|83/100
|-damage|p2b: Sneasler|42/100 brn
|-unboost|p2b: Sneasler|spa|1
|move|p1a: Gholdengo|Make It Rain|p2b: Sneasler|[spread] p2a,p2b
|-damage|p2a: Dragapult|0 fnt
|-damage|p2b: Sneasler|0 fnt
|-unboost|p1a: Gholdengo|spa|1
|faint|p2a: Dragapult
|faint|p2b: Sneasler
|
|-damage|p1b: Volcarona|0 fnt|[from] psn
|faint|p1b: Volcarona
|upkeep
|
|t:|1756222887
|switch|p2a: Magmar|Magmar, L50, F|100/100
|turn|9
|
|t:|1756222894
|move|p1a: Gholdengo|Shadow Ball|p2a: Magmar
|-damage|p2a: Magmar|44/100
|move|p2a: Magmar|Overheat|p1a: Gholdengo
|-supereffective|p1a: Gholdengo
|-damage|p1a: Gholdengo|0 fnt
|-unboost|p2a: Magmar|spa|2
|faint|p1a: Gholdengo
|
|win|MobiusVGC
||endertytar is ready for game 2.
||MobiusVGC is ready for game 2.
|uhtml|next|Next: Game 2 of 3
