|j|☆NandoGTG
|j|☆Craser13
|html|NandoGTGCraser13    
|uhtml|bestof|Game 2 of a best-of-3
|t:|1784916239
|gametype|doubles
|player|p1|NandoGTG|cheren|
|player|p2|Craser13|alder|
|gen|9
|tier|[Gen 9 Champions] VGC 2026 Reg M-B (Bo3)
|rule|Species Clause: Limit one of each Pokémon
|rule|Item Clause: Limit 1 of each item
|clearpoke
|poke|p1|Charizard, L50, M|
|poke|p1|Hydreigon, L50, M|
|poke|p1|Incineroar, L50, M|
|poke|p1|Toxapex, L50, F|
|poke|p1|Floette-Eternal, L50, F|
|poke|p1|Venusaur, L50, M|
|poke|p2|Charizard, L50, F|
|poke|p2|Venusaur, L50, F|
|poke|p2|Archaludon, L50, M|
|poke|p2|Grimmsnarl, L50, M|
|poke|p2|Pelipper, L50, F|
|poke|p2|Basculegion, L50, M|
|teampreview|4
|showteam|p1|Charizard||CharizarditeY|Blaze|HeatWave,WeatherBall,SolarBeam,Protect|Modest||M|||50|]Hydreigon||ChoiceScarf|Levitate|DarkPulse,DracoMeteor,Snarl,EarthPower|Modest||M|||50|]Incineroar||SitrusBerry|Intimidate|FlareBlitz,ThroatChop,FakeOut,PartingShot|Impish||M|||50|]Toxapex||Leftovers|Regenerator|Infestation,Toxic,WideGuard,BanefulBunker|Bold||F|||50|]Floette-Eternal||Floettite|FlowerVeil|DazzlingGleam,Moonblast,LightofRuin,Protect|Timid||F|||50|]Venusaur||FocusSash|Chlorophyll|SludgeBomb,EarthPower,SleepPowder,Protect|Modest||M|||50|
|showteam|p2|Charizard||CharizarditeY|Blaze|WeatherBall,SolarBeam,HeatWave,Protect|Modest||F|||50|]Venusaur||FocusSash|Chlorophyll|SludgeBomb,EarthPower,SleepPowder,LeafStorm|Modest||F|||50|]Archaludon||Leftovers|Stamina|DragonPulse,FlashCannon,ElectroShot,Protect|Modest||M|||50|]Grimmsnarl||LightClay|Prankster|SpiritBreak,Reflect,LightScreen,PartingShot|Sassy||M|||50|]Pelipper||SitrusBerry|Drizzle|WeatherBall,Hurricane,Tailwind,WideGuard|Modest||F|||50|]Basculegion||ChoiceScarf|SwiftSwim|WaveCrash,LastRespects,AquaJet,FlipTurn|Jolly||M|||50|
|inactive|Battle timer is ON: inactive players will automatically lose when time's up. (requested by NandoGTG)
|inactive|Craser13 has 60 seconds left.
|
|t:|1784916292
|teamsize|p1|4
|teamsize|p2|4
|start
|switch|p1a: Charizard|Charizard, L50, M|100/100
|switch|p1b: Venusaur|Venusaur, L50, M|100/100
|switch|p2a: Basculegion|Basculegion, L50, M|100/100
|switch|p2b: Pelipper|Pelipper, L50, F|100/100
|-weather|RainDance|[from] ability: Drizzle|[of] p2b: Pelipper
|turn|1
|
|t:|1784916311
|switch|p2b: Charizard|Charizard, L50, F|100/100
|detailschange|p1a: Charizard|Charizard-Mega-Y, L50, M
|-mega|p1a: Charizard|Charizard|Charizardite Y
|-weather|SunnyDay|[from] ability: Drought|[of] p1a: Charizard
|move|p1b: Venusaur|Sleep Powder|p2b: Charizard
|-status|p2b: Charizard|slp|[from] move: Sleep Powder
|move|p2a: Basculegion|Flip Turn|p1a: Charizard
|-supereffective|p1a: Charizard|1
|-damage|p1a: Charizard|75/100
|
|t:|1784916321
|switch|p2a: Pelipper|Pelipper, L50, F|100/100|[from] Flip Turn
|-weather|RainDance|[from] ability: Drizzle|[of] p2a: Pelipper
|move|p1a: Charizard|Solar Beam||[still]
|-prepare|p1a: Charizard|Solar Beam
|
|-weather|RainDance|[upkeep]
|upkeep
|turn|2
|
|t:|1784916343
|switch|p2b: Archaludon|Archaludon, L50, M|100/100
|move|p1a: Charizard|Solar Beam|p2a: Pelipper|[from] lockedmove
|-damage|p2a: Pelipper|72/100
|move|p1b: Venusaur|Sleep Powder|p2a: Pelipper
|-status|p2a: Pelipper|slp|[from] move: Sleep Powder
|cant|p2a: Pelipper|slp
|
|-weather|RainDance|[upkeep]
|upkeep
|turn|3
|
|t:|1784916364
|switch|p1a: Hydreigon|Hydreigon, L50, M|100/100
|move|p1b: Venusaur|Sleep Powder|p2b: Archaludon
|-status|p2b: Archaludon|slp|[from] move: Sleep Powder
|cant|p2b: Archaludon|slp
|-curestatus|p2a: Pelipper|slp|[msg]
|move|p2a: Pelipper|Tailwind|p2a: Pelipper
|-sidestart|p2: Craser13|move: Tailwind
|
|-weather|RainDance|[upkeep]
|upkeep
|turn|4
|
|t:|1784916386
|switch|p1b: Toxapex|Toxapex, L50, F|100/100
|move|p1a: Hydreigon|Snarl|p2b: Archaludon|[spread] p2a,p2b
|-crit|p2b: Archaludon
|-damage|p2a: Pelipper|46/100
|-damage|p2b: Archaludon|66/100 slp
|-unboost|p2a: Pelipper|spa|1
|-unboost|p2b: Archaludon|spa|1
|-ability|p2b: Archaludon|Stamina|boost
|-boost|p2b: Archaludon|def|1
|-enditem|p2a: Pelipper|Sitrus Berry|[eat]
|-heal|p2a: Pelipper|71/100|[from] item: Sitrus Berry
|cant|p2b: Archaludon|slp
|move|p2a: Pelipper|Hurricane|p1b: Toxapex
|-damage|p1b: Toxapex|80/100
|
|-weather|RainDance|[upkeep]
|-heal|p2b: Archaludon|72/100 slp|[from] item: Leftovers
|-heal|p1b: Toxapex|85/100|[from] item: Leftovers
|upkeep
|turn|5
|
|t:|1784916411
|switch|p1a: Charizard|Charizard-Mega-Y, L50, M|75/100
|-weather|SunnyDay|[from] ability: Drought|[of] p1a: Charizard
|-curestatus|p2b: Archaludon|slp|[msg]
|move|p2b: Archaludon|Dragon Pulse|p1a: Charizard
|-damage|p1a: Charizard|53/100
|move|p2a: Pelipper|Tailwind||[still]
|-fail|p2a: Pelipper
|move|p1b: Toxapex|Toxic|p2a: Pelipper
|-status|p2a: Pelipper|tox
|
|-weather|SunnyDay|[upkeep]
|-heal|p2b: Archaludon|78/100|[from] item: Leftovers
|-heal|p1b: Toxapex|91/100|[from] item: Leftovers
|-damage|p2a: Pelipper|65/100 tox|[from] psn
|upkeep
|turn|6
|inactive|NandoGTG has 30 seconds left.
|inactive|Craser13 has 30 seconds left.
|inactive|Craser13 has 20 seconds left.
|inactive|Craser13 has 15 seconds left.
|
|t:|1784916451
|switch|p2a: Charizard|Charizard, L50, F|100/100 slp
|move|p2b: Archaludon|Protect|p2b: Archaludon
|-singleturn|p2b: Archaludon|Protect
|move|p1a: Charizard|Weather Ball|p2b: Archaludon
|-activate|p2b: Archaludon|move: Protect
|move|p1b: Toxapex|Infestation|p2a: Charizard
|-resisted|p2a: Charizard|2
|-damage|p2a: Charizard|99/100 slp
|-activate|p2a: Charizard|move: Infestation|[of] p1b: Toxapex
|
|-weather|SunnyDay|[upkeep]
|-heal|p2b: Archaludon|84/100|[from] item: Leftovers
|-heal|p1b: Toxapex|97/100|[from] item: Leftovers
|-damage|p2a: Charizard|87/100 slp|[from] move: Infestation|[partiallytrapped]
|-sideend|p2: Craser13|move: Tailwind
|upkeep
|turn|7
|inactive|Craser13 has 30 seconds left.
|inactive|NandoGTG has 30 seconds left.
|inactive|Craser13 has 20 seconds left.
|inactive|Craser13 has 15 seconds left.
|inactive|Craser13 has 10 seconds left.
|
|t:|1784916497
|detailschange|p2a: Charizard|Charizard-Mega-Y, L50, F
|-mega|p2a: Charizard|Charizard|Charizardite Y
|cant|p2a: Charizard|slp
|move|p1a: Charizard|Weather Ball|p2b: Archaludon
|-damage|p2b: Archaludon|0 fnt
|faint|p2b: Archaludon
|move|p1b: Toxapex|Infestation|p2a: Charizard
|-resisted|p2a: Charizard|2
|-damage|p2a: Charizard|86/100 slp
|
|-weather|SunnyDay|[upkeep]
|-heal|p1b: Toxapex|100/100|[from] item: Leftovers
|-damage|p2a: Charizard|74/100 slp|[from] move: Infestation|[partiallytrapped]
|upkeep
|
|t:|1784916512
|switch|p2b: Basculegion|Basculegion, L50, M|100/100
|turn|8
|
|t:|1784916535
|switch|p1a: Venusaur|Venusaur, L50, M|100/100
|move|p2b: Basculegion|Last Respects|p1a: Venusaur
|-damage|p1a: Venusaur|42/100
|-curestatus|p2a: Charizard|slp|[msg]
|move|p2a: Charizard|Solar Beam||[still]
|-prepare|p2a: Charizard|Solar Beam
|-anim|p2a: Charizard|Solar Beam|p1b: Toxapex
|-damage|p1b: Toxapex|68/100
|move|p1b: Toxapex|Toxic|p2b: Basculegion
|-status|p2b: Basculegion|tox
|
|-weather|SunnyDay|[upkeep]
|-heal|p1b: Toxapex|73/100|[from] item: Leftovers
|-damage|p2b: Basculegion|93/100 tox|[from] psn
|-damage|p2a: Charizard|62/100|[from] move: Infestation|[partiallytrapped]
|upkeep
|turn|9
|
|t:|1784916558
|-heal|p1b: Toxapex|100/100|[from] ability: Regenerator|[silent]
|switch|p1b: Hydreigon|Hydreigon, L50, M|100/100
|move|p1a: Venusaur|Sleep Powder|p2a: Charizard
|-status|p2a: Charizard|slp|[from] move: Sleep Powder
|move|p2b: Basculegion|Last Respects|p1a: Venusaur
|-damage|p1a: Venusaur|0 fnt
|faint|p1a: Venusaur
|cant|p2a: Charizard|slp
|
|-weather|none
|-damage|p2b: Basculegion|81/100 tox|[from] psn
|-end|p2a: Charizard|Infestation|[partiallytrapped]|[silent]
|upkeep
|
|t:|1784916571
|switch|p1a: Toxapex|Toxapex, L50, F|100/100
|turn|10
|
|t:|1784916580
|move|p1b: Hydreigon|Dark Pulse|p2b: Basculegion
|-supereffective|p2b: Basculegion|1
|-damage|p2b: Basculegion|0 fnt
|faint|p2b: Basculegion
|cant|p2a: Charizard|slp
|move|p1a: Toxapex|Infestation|p2a: Charizard
|-resisted|p2a: Charizard|2
|-damage|p2a: Charizard|62/100 slp
|-activate|p2a: Charizard|move: Infestation|[of] p1a: Toxapex
|
|-damage|p2a: Charizard|50/100g slp|[from] move: Infestation|[partiallytrapped]
|upkeep
|
|t:|1784916587
|switch|p2b: Pelipper|Pelipper, L50, F|65/100 tox
|-weather|RainDance|[from] ability: Drizzle|[of] p2b: Pelipper
|turn|11
|
|t:|1784916599
|move|p1b: Hydreigon|Dark Pulse|p2a: Charizard
|-damage|p2a: Charizard|15/100 slp
|-curestatus|p2a: Charizard|slp|[msg]
|move|p2a: Charizard|Weather Ball|p1a: Toxapex
|-resisted|p1a: Toxapex|1
|-damage|p1a: Toxapex|77/100
|move|p2b: Pelipper|Hurricane|p1b: Hydreigon
|-damage|p1b: Hydreigon|54/100
|move|p1a: Toxapex|Infestation|p2b: Pelipper
|-resisted|p2b: Pelipper|1
|-crit|p2b: Pelipper
|-damage|p2b: Pelipper|62/100 tox
|-activate|p2b: Pelipper|move: Infestation|[of] p1a: Toxapex
|
|-weather|RainDance|[upkeep]
|-heal|p1a: Toxapex|82/100|[from] item: Leftovers
|-damage|p2b: Pelipper|56/100 tox|[from] psn
|-damage|p2a: Charizard|3/100|[from] move: Infestation|[partiallytrapped]
|-damage|p2b: Pelipper|44/100 tox|[from] move: Infestation|[partiallytrapped]
|upkeep
|turn|12
|
|t:|1784916624
|move|p1a: Toxapex|Baneful Bunker|p1a: Toxapex
|-singleturn|p1a: Toxapex|move: Protect
|move|p1b: Hydreigon|Dark Pulse|p2b: Pelipper
|-damage|p2b: Pelipper|0 fnt
|faint|p2b: Pelipper
|move|p2a: Charizard|Weather Ball|p1a: Toxapex
|-activate|p1a: Toxapex|move: Protect
|
|-weather|RainDance|[upkeep]
|-heal|p1a: Toxapex|88/100|[from] item: Leftovers
|-damage|p2a: Charizard|0 fnt|[from] move: Infestation|[partiallytrapped]
|faint|p2a: Charizard
|
|win|NandoGTG
|l|☆Craser13
|player|p2|
