|j|☆Mr. Murtzee
|j|☆what ze fucc
|html|Mr. Murtzeewhat ze fucc    
|uhtml|bestof|Game 2 of a best-of-3
|t:|1785111006
|gametype|doubles
|player|p1|Mr. Murtzee|gentleman|1046
|player|p2|what ze fucc|266|1000
|gen|9
|tier|[Gen 9 Champions] VGC 2026 Reg M-B (Bo3)
|rated|
|rule|Species Clause: Limit one of each Pokémon
|rule|Item Clause: Limit 1 of each item
|clearpoke
|poke|p1|Swampert, L50, M|
|poke|p1|Pelipper, L50, M|
|poke|p1|Heracross, L50, M|
|poke|p1|Slowking, L50, M|
|poke|p1|Emolga, L50, M|
|poke|p1|Politoed, L50, M|
|poke|p2|Whimsicott, L50, M|
|poke|p2|Politoed, L50, M|
|poke|p2|Staraptor, L50, M|
|poke|p2|Garchomp, L50, M|
|poke|p2|Charizard, L50, M|
|poke|p2|Gholdengo, L50|
|teampreview|4
|showteam|p1|Swampert||Swampertite|Torrent|WaveCrash,Earthquake,IcePunch,Protect|Jolly||M|||50|]Pelipper||FocusSash|Drizzle|WeatherBall,Hurricane,Tailwind,Protect|Timid||M|||50|]Heracross||WhiteHerb|Moxie|Lunge,CloseCombat,KnockOff,Protect|Jolly||M|||50|]Slowking||Leftovers|Regenerator|WeatherBall,HealPulse,Reflect,Protect|Modest||M|||50|]Emolga||Magnet|Static|Thunder,VoltSwitch,LightScreen,Protect|Timid||M|||50|]Politoed||SitrusBerry|Drizzle|WeatherBall,RainDance,PerishSong,Protect|Timid||M|||50|
|showteam|p2|Whimsicott||FocusSash|Prankster|Charm,Encore,HelpingHand,Tailwind|Careful||M|||50|]Politoed||SitrusBerry|Drizzle|IceBeam,PerishSong,Protect,WeatherBall|Calm||M|||50|]Staraptor||Staraptite|Intimidate|BraveBird,CloseCombat,Protect,Roost|Adamant||M|||50|]Garchomp||ExpertBelt|RoughSkin|DragonClaw,Earthquake,IronHead,SwordsDance|Jolly||M|||50|]Charizard||CharizarditeY|Blaze|Flamethrower,Protect,ScorchingSands,SolarBeam|Timid||M|||50|]Gholdengo||Leftovers|GoodasGold|DazzlingGleam,MakeItRain,NastyPlot,ShadowBall|Modest|||||50|
|inactive|Battle timer is ON: inactive players will automatically lose when time's up. (requested by Mr. Murtzee)
|
|t:|1785111028
|teamsize|p1|4
|teamsize|p2|4
|start
|switch|p1a: Slowking|Slowking, L50, M|100/100
|switch|p1b: Emolga|Emolga, L50, M|100/100
|switch|p2a: Whimsicott|Whimsicott, L50, M|100/100
|switch|p2b: Staraptor|Staraptor, L50, M|100/100
|-ability|p2b: Staraptor|Intimidate|boost
|-unboost|p1a: Slowking|atk|1
|-unboost|p1b: Emolga|atk|1
|turn|1
|
|t:|1785111053
|switch|p2b: Garchomp|Garchomp, L50, M|100/100
|move|p2a: Whimsicott|Tailwind|p2a: Whimsicott
|-sidestart|p2: what ze fucc|move: Tailwind
|move|p1b: Emolga|Thunder|p2b: Garchomp
|-immune|p2b: Garchomp
|move|p1a: Slowking|Reflect|p1a: Slowking
|-sidestart|p1: Mr. Murtzee|Reflect
|
|upkeep
|turn|2
|inactive|Mr. Murtzee has 30 seconds left.
|inactive|Mr. Murtzee has 20 seconds left.
|inactive|Mr. Murtzee has 15 seconds left.
|
|t:|1785111093
|switch|p2a: Gholdengo|Gholdengo, L50|100/100
|move|p2b: Garchomp|Swords Dance|p2b: Garchomp
|-boost|p2b: Garchomp|atk|2
|move|p1b: Emolga|Volt Switch|p2a: Gholdengo
|-damage|p2a: Gholdengo|59/100
|
|t:|1785111102
|switch|p1b: Pelipper|Pelipper, L50, M|100/100|[from] Volt Switch
|-weather|RainDance|[from] ability: Drizzle|[of] p1b: Pelipper
|move|p1a: Slowking|Weather Ball|p2b: Garchomp
|-damage|p2b: Garchomp|36/100
|
|-weather|RainDance|[upkeep]
|-heal|p2a: Gholdengo|65/100|[from] item: Leftovers
|upkeep
|turn|3
|
|t:|1785111121
|move|p2b: Garchomp|Dragon Claw|p1b: Pelipper
|-damage|p1b: Pelipper|33/100
|move|p2a: Gholdengo|Dazzling Gleam|p1a: Slowking|[spread] p1a,p1b
|-damage|p1a: Slowking|80/100
|-damage|p1b: Pelipper|0 fnt
|faint|p1b: Pelipper
|move|p1a: Slowking|Weather Ball|p2b: Garchomp
|-damage|p2b: Garchomp|0 fnt
|faint|p2b: Garchomp
|
|-weather|RainDance|[upkeep]
|-heal|p2a: Gholdengo|71/100|[from] item: Leftovers
|-heal|p1a: Slowking|86/100|[from] item: Leftovers
|upkeep
|
|t:|1785111136
|switch|p2b: Whimsicott|Whimsicott, L50, M|100/100
|switch|p1b: Swampert|Swampert, L50, M|100/100
|turn|4
|
|t:|1785111154
|switch|p2a: Staraptor|Staraptor, L50, M|100/100
|-ability|p2a: Staraptor|Intimidate|boost
|-unboost|p1a: Slowking|atk|1
|-unboost|p1b: Swampert|atk|1
|detailschange|p1b: Swampert|Swampert-Mega, L50, M
|-mega|p1b: Swampert|Swampert|Swampertite
|move|p2b: Whimsicott|Charm|p1b: Swampert
|-unboost|p1b: Swampert|atk|2
|move|p1b: Swampert|Earthquake|p2b: Whimsicott|[spread] p1a,p2b
|-immune|p2a: Staraptor
|-resisted|p2b: Whimsicott|1
|-damage|p1a: Slowking|77/100
|-damage|p2b: Whimsicott|89/100
|move|p1a: Slowking|Weather Ball|p2b: Whimsicott
|-resisted|p2b: Whimsicott|1
|-damage|p2b: Whimsicott|61/100
|
|-weather|RainDance|[upkeep]
|-heal|p1a: Slowking|83/100|[from] item: Leftovers
|-sideend|p2: what ze fucc|move: Tailwind
|upkeep
|turn|5
|inactive|Mr. Murtzee has 30 seconds left.
|inactive|Mr. Murtzee has 20 seconds left.
|
|t:|1785111189
|-heal|p1a: Slowking|100/100|[from] ability: Regenerator|[silent]
|switch|p1a: Emolga|Emolga, L50, M|100/100
|detailschange|p2a: Staraptor|Staraptor-Mega, L50, M
|-mega|p2a: Staraptor|Staraptor|Staraptite
|move|p2b: Whimsicott|Encore|p1b: Swampert
|-start|p1b: Swampert|Encore
|move|p1b: Swampert|Earthquake|p2a: Staraptor|[spread] p2b
|-immune|p1a: Emolga
|-immune|p2a: Staraptor
|-resisted|p2b: Whimsicott|1
|-damage|p2b: Whimsicott|50/100g
|move|p2a: Staraptor|Close Combat|p1b: Swampert
|-damage|p1b: Swampert|58/100
|-boost|p2a: Staraptor|def|1
|-boost|p2a: Staraptor|spd|1
|
|-weather|RainDance|[upkeep]
|-sideend|p1: Mr. Murtzee|Reflect
|upkeep
|turn|6
|inactive|what ze fucc has 30 seconds left.
|
|t:|1785111219
|switch|p1b: Slowking|Slowking, L50, M|100/100
|move|p2a: Staraptor|Protect|p2a: Staraptor
|-singleturn|p2a: Staraptor|Protect
|move|p2b: Whimsicott|Tailwind|p2b: Whimsicott
|-sidestart|p2: what ze fucc|move: Tailwind
|move|p1a: Emolga|Thunder|p2a: Staraptor
|-activate|p2a: Staraptor|move: Protect
|
|-weather|none
|upkeep
|turn|7
|
|t:|1785111239
|move|p2b: Whimsicott|Charm|p2a: Staraptor
|-boost|p2a: Staraptor|atk|2
|move|p2a: Staraptor|Close Combat|p1a: Emolga
|-resisted|p1a: Emolga|1
|-damage|p1a: Emolga|0 fnt
|-boost|p2a: Staraptor|def|1
|-boost|p2a: Staraptor|spd|1
|faint|p1a: Emolga
|move|p1b: Slowking|Reflect|p1b: Slowking
|-sidestart|p1: Mr. Murtzee|Reflect
|
|upkeep
|j| guccirain2006
|
|t:|1785111249
|switch|p1a: Swampert|Swampert-Mega, L50, M|58/100
|turn|8
|
|t:|1785111264
|move|p2b: Whimsicott|Charm|p2a: Staraptor
|-boost|p2a: Staraptor|atk|2
|move|p2a: Staraptor|Close Combat|p1a: Swampert
|-damage|p1a: Swampert|0 fnt
|-boost|p2a: Staraptor|def|1
|-boost|p2a: Staraptor|spd|1
|faint|p1a: Swampert
|move|p1b: Slowking|Heal Pulse|p1: Swampert|[notarget]
|-fail|p1b: Slowking
|
|upkeep
|turn|9
|-message|Mr. Murtzee forfeited.
|
|win|what ze fucc
|raw|Mr. Murtzee's rating: 1046 → 1027(-19 for losing)
|raw|what ze fucc's rating: 1000 → 1045(+45 for winning)
