|j|☆Imnotgcb
|j|☆lettitripppp
|html|Imnotgcblettitripppp    
|uhtml|bestof|Game 2 of a best-of-3
|t:|1783116074
|gametype|doubles
|player|p1|Imnotgcb|169|1046
|player|p2|lettitripppp|lucas|1148
|gen|9
|tier|[Gen 9 Champions] VGC 2026 Reg M-B (Bo3)
|rated|
|rule|Species Clause: Limit one of each Pokémon
|rule|Item Clause: Limit 1 of each item
|clearpoke
|poke|p1|Pyroar, L50, M|
|poke|p1|Ninetales, L50, M|
|poke|p1|Leafeon, L50, M|
|poke|p1|Venusaur, L50, F|
|poke|p1|Sneasler, L50, M|
|poke|p1|Torkoal, L50, F|
|poke|p2|Charizard, L50, F|
|poke|p2|Floette-Eternal, L50, F|
|poke|p2|Basculegion, L50, M, shiny|
|poke|p2|Garchomp, L50, F|
|poke|p2|Whimsicott, L50, F, shiny|
|poke|p2|Kingambit, L50, F|
|teampreview|4
|showteam|p1|Pyroar||Pyroarite|Unnerve|HeatWave,Taunt,Protect,SolarBeam|Timid||M|||50|]Ninetales||HeatRock|Drought|WillOWisp,SunnyDay,SolarBeam,Encore|Timid||M|||50|]Leafeon||LifeOrb|Chlorophyll|LeafBlade,SolarBlade,Protect,KnockOff|Adamant||M|||50|]Venusaur||Leftovers|Chlorophyll|SleepPowder,GigaDrain,Protect,SludgeBomb|Timid||F|||50|]Sneasler||FocusSash|Unburden|FakeOut,RockSlide,CloseCombat,DireClaw|Jolly||M|||50|]Torkoal||Charcoal|Drought|Eruption,HeatWave,Protect,StealthRock|Modest||F|||50|
|showteam|p2|Charizard||CharizarditeY|Blaze|WeatherBall,SolarBeam,HeatWave,Protect|Modest||F|||50|]Floette-Eternal||Floettite|FlowerVeil|DazzlingGleam,LightofRuin,Moonblast,Protect|Timid||F|||50|]Basculegion||MysticWater|Adaptability|LastRespects,WaveCrash,AquaJet,Protect|Adamant||M|||50|]Garchomp||LifeOrb|RoughSkin|DragonClaw,Earthquake,RockSlide,Protect|Jolly||F|||50|]Whimsicott||FocusSash|Prankster|Moonblast,Tailwind,Encore,Protect|Timid||F|||50|]Kingambit||OccaBerry|Defiant|KowtowCleave,SuckerPunch,IronHead,LowKick|Adamant||F|||50|
|inactive|Battle timer is ON: inactive players will automatically lose when time's up. (requested by lettitripppp)
|inactive|Imnotgcb has 60 seconds left.
|
|t:|1783116119
|teamsize|p1|4
|teamsize|p2|4
|start
|switch|p1a: Venusaur|Venusaur, L50, F|100/100
|switch|p1b: Sneasler|Sneasler, L50, M|100/100
|switch|p2a: GHOSTWAVE|Basculegion, L50, M, shiny|100/100
|switch|p2b: LETS GO GO|Whimsicott, L50, F, shiny|100/100
|turn|1
|
|t:|1783116136
|move|p2b: LETS GO GO|Protect|p2b: LETS GO GO
|-singleturn|p2b: LETS GO GO|Protect
|move|p2a: GHOSTWAVE|Protect|p2a: GHOSTWAVE
|-singleturn|p2a: GHOSTWAVE|Protect
|move|p1b: Sneasler|Fake Out|p2b: LETS GO GO
|-activate|p2b: LETS GO GO|move: Protect
|move|p1a: Venusaur|Giga Drain|p2a: GHOSTWAVE
|-activate|p2a: GHOSTWAVE|move: Protect
|
|upkeep
|turn|2
|
|t:|1783116149
|move|p2b: LETS GO GO|Tailwind|p2b: LETS GO GO
|-sidestart|p2: lettitripppp|move: Tailwind
|move|p2a: GHOSTWAVE|Wave Crash|p1a: Venusaur
|-resisted|p1a: Venusaur|1
|-damage|p1a: Venusaur|56/100
|-damage|p2a: GHOSTWAVE|89/100|[from] Recoil
|move|p1b: Sneasler|Dire Claw|p2b: LETS GO GO
|-supereffective|p2b: LETS GO GO|2
|-enditem|p2b: LETS GO GO|Focus Sash
|-damage|p2b: LETS GO GO|1/100
|move|p1a: Venusaur|Giga Drain|p2a: GHOSTWAVE
|-supereffective|p2a: GHOSTWAVE|1
|-damage|p2a: GHOSTWAVE|25/100
|-heal|p1a: Venusaur|98/100|[from] drain|[of] p2a: GHOSTWAVE
|
|-heal|p1a: Venusaur|100/100|[from] item: Leftovers
|upkeep
|turn|3
|
|t:|1783116173
|move|p2b: LETS GO GO|Moonblast|p1b: Sneasler
|-damage|p1b: Sneasler|61/100
|move|p2a: GHOSTWAVE|Wave Crash|p1b: Sneasler
|-damage|p1b: Sneasler|0 fnt
|faint|p1b: Sneasler
|-damage|p2a: GHOSTWAVE|10/100|[from] Recoil
|move|p1a: Venusaur|Giga Drain|p2a: GHOSTWAVE
|-supereffective|p2a: GHOSTWAVE|1
|-crit|p2a: GHOSTWAVE
|-damage|p2a: GHOSTWAVE|0 fnt
|faint|p2a: GHOSTWAVE
|
|upkeep
|
|t:|1783116186
|switch|p1b: Pyroar|Pyroar, L50, M|100/100
|switch|p2a: CRUSH SHARK|Garchomp, L50, F|100/100
|-ability|p1b: Pyroar|Unnerve
|turn|4
|
|t:|1783116197
|switch|p2b: AGNI|Charizard, L50, F|100/100
|detailschange|p1b: Pyroar|Pyroar-Mega, L50, M
|-mega|p1b: Pyroar|Pyroar|Pyroarite
|move|p2a: CRUSH SHARK|Protect|p2a: CRUSH SHARK
|-singleturn|p2a: CRUSH SHARK|Protect
|move|p1b: Pyroar|Protect|p1b: Pyroar
|-singleturn|p1b: Pyroar|Protect
|move|p1a: Venusaur|Sludge Bomb|p2b: AGNI
|-damage|p2b: AGNI|60/100
|
|upkeep
|turn|5
|inactive|Imnotgcb has 30 seconds left.
|
|t:|1783116228
|switch|p1b: Leafeon|Leafeon, L50, M|100/100
|move|p1a: Venusaur|Protect|p1a: Venusaur
|-singleturn|p1a: Venusaur|Protect
|move|p2a: CRUSH SHARK|Earthquake|p1a: Venusaur|[spread] p1b
|-activate|p1a: Venusaur|move: Protect
|-immune|p2b: AGNI
|-resisted|p1b: Leafeon|1
|-damage|p1b: Leafeon|72/100
|-damage|p2a: CRUSH SHARK|90/100|[from] item: Life Orb
|move|p2b: AGNI|Heat Wave|p1a: Venusaur|[spread] p1b
|-activate|p1a: Venusaur|move: Protect
|-supereffective|p1b: Leafeon|1
|-damage|p1b: Leafeon|0 fnt
|faint|p1b: Leafeon
|
|-sideend|p2: lettitripppp|move: Tailwind
|upkeep
|
|t:|1783116246
|switch|p1b: Pyroar|Pyroar-Mega, L50, M|100/100
|turn|6
|
|t:|1783116251
|move|p2a: CRUSH SHARK|Protect|p2a: CRUSH SHARK
|-singleturn|p2a: CRUSH SHARK|Protect
|move|p1b: Pyroar|Heat Wave|p2b: AGNI|[spread] p2b
|-activate|p2a: CRUSH SHARK|move: Protect
|-resisted|p2b: AGNI|1
|-damage|p2b: AGNI|28/100
|move|p1a: Venusaur|Giga Drain|p2a: CRUSH SHARK
|-activate|p2a: CRUSH SHARK|move: Protect
|move|p2b: AGNI|Heat Wave|p1a: Venusaur|[spread] p1b
|-miss|p2b: AGNI|p1a: Venusaur
|-resisted|p1b: Pyroar|1
|-damage|p1b: Pyroar|69/100
|
|upkeep
|turn|7
|
|t:|1783116270
|move|p1b: Pyroar|Heat Wave|p2a: CRUSH SHARK|[spread] p2a,p2b
|-resisted|p2a: CRUSH SHARK|1
|-resisted|p2b: AGNI|1
|-damage|p2a: CRUSH SHARK|60/100
|-damage|p2b: AGNI|0 fnt
|faint|p2b: AGNI
|move|p2a: CRUSH SHARK|Earthquake|p1a: Venusaur|[spread] p1a,p1b
|-supereffective|p1b: Pyroar|1
|-damage|p1a: Venusaur|48/100
|-damage|p1b: Pyroar|0 fnt
|faint|p1b: Pyroar
|-damage|p2a: CRUSH SHARK|51/100|[from] item: Life Orb
|move|p1a: Venusaur|Giga Drain|p2a: CRUSH SHARK
|-damage|p2a: CRUSH SHARK|18/100
|-heal|p1a: Venusaur|66/100|[from] drain|[of] p2a: CRUSH SHARK
|
|-heal|p1a: Venusaur|73/100|[from] item: Leftovers
|upkeep
|
|t:|1783116277
|switch|p2b: LETS GO GO|Whimsicott, L50, F, shiny|1/100
|turn|8
|
|t:|1783116292
|move|p2a: CRUSH SHARK|Protect|p2a: CRUSH SHARK
|-singleturn|p2a: CRUSH SHARK|Protect
|move|p2b: LETS GO GO|Moonblast|p1a: Venusaur
|-resisted|p1a: Venusaur|1
|-damage|p1a: Venusaur|55/100
|move|p1a: Venusaur|Giga Drain|p2b: LETS GO GO
|-resisted|p2b: LETS GO GO|1
|-damage|p2b: LETS GO GO|0 fnt
|-heal|p1a: Venusaur|56/100|[from] drain|[of] p2b: LETS GO GO
|faint|p2b: LETS GO GO
|
|-heal|p1a: Venusaur|62/100|[from] item: Leftovers
|upkeep
|turn|9
|
|t:|1783116306
|move|p2a: CRUSH SHARK|Earthquake|p1a: Venusaur
|-damage|p1a: Venusaur|0 fnt
|faint|p1a: Venusaur
|-damage|p2a: CRUSH SHARK|8/100|[from] item: Life Orb
|
|win|lettitripppp
|c|☆lettitripppp|GG
||lettitripppp is ready for game 3.
|l|☆Imnotgcb
|player|p1|
