|j|☆3-4 worlds
|j|☆Suedanim
|html|3-4 worldsSuedanim    
|uhtml|bestof|Game 1 of a best-of-3
|t:|1785200301
|gametype|doubles
|player|p1|3-4 worlds|emma|1158
|player|p2|Suedanim|unknown|1067
|gen|9
|tier|[Gen 9 Champions] VGC 2026 Reg M-B (Bo3)
|rated|
|rule|Species Clause: Limit one of each Pokémon
|rule|Item Clause: Limit 1 of each item
|clearpoke
|poke|p1|Charizard, L50, M|
|poke|p1|Glimmora, L50, M|
|poke|p1|Ninetales-Alola, L50, M|
|poke|p1|Sylveon, L50, M|
|poke|p1|Kingambit, L50, F|
|poke|p1|Whimsicott, L50, M|
|poke|p2|Dragalge, L50, F|
|poke|p2|Incineroar, L50, M|
|poke|p2|Sinistcha, L50|
|poke|p2|Grimmsnarl, L50, M|
|poke|p2|Tinkaton, L50, F|
|poke|p2|Conkeldurr, L50, M|
|teampreview|4
|showteam|p1|Charizard||CharizarditeY|Blaze|HeatWave,WeatherBall,SolarBeam,Protect|Modest||M|||50|]Glimmora||Glimmoranite|ToxicDebris|SludgeBomb,PowerGem,EarthPower,SpikyShield|Modest||M|||50|]Ninetales-Alola||NeverMeltIce|SnowWarning|Blizzard,FreezeDry,Disable,Protect|Timid||M|||50|]Sylveon||FairyFeather|Pixilate|HyperVoice,HyperBeam,QuickAttack,Detect|Modest||M|||50|]Kingambit||BlackGlasses|Defiant|KowtowCleave,IronHead,SuckerPunch,Protect|Adamant||F|||50|]Whimsicott||FocusSash|Prankster|Moonblast,Tailwind,Encore,Protect|Timid||M|||50|
|showteam|p2|Dragalge||Dragalgite|PoisonPoint|DracoMeteor,FlipTurn,Protect,Toxic|Bold||F|||50|]Incineroar||SitrusBerry|Intimidate|FakeOut,PartingShot,FlareBlitz,ThroatChop|Adamant||M|||50|]Sinistcha||MiracleSeed|Hospitality|MatchaGotcha,RagePowder,Protect,TrickRoom|Quiet|||||50|]Grimmsnarl||LightClay|Prankster|SpiritBreak,PartingShot,FakeOut,LightScreen|Serious||M|||50|]Tinkaton||MetalCoat|MoldBreaker|FakeOut,GigatonHammer,Protect,StealthRock|Jolly||F|||50|]Conkeldurr||BlackBelt|IronFist|DrainPunch,MachPunch,WideGuard,IcePunch|Adamant||M|||50|
|inactive|Battle timer is ON: inactive players will automatically lose when time's up. (requested by 3-4 worlds)
|
|t:|1785200328
|teamsize|p1|4
|teamsize|p2|4
|start
|switch|p1a: Ninetales|Ninetales-Alola, L50, M|100/100
|switch|p1b: Glimmora|Glimmora, L50, M|100/100
|switch|p2a: Dragalge|Dragalge, L50, F|100/100
|switch|p2b: Grimmsnarl|Grimmsnarl, L50, M|100/100
|-weather|Snowscape|[from] ability: Snow Warning|[of] p1a: Ninetales
|turn|1
|
|t:|1785200342
|detailschange|p1b: Glimmora|Glimmora-Mega, L50, M
|-mega|p1b: Glimmora|Glimmora|Glimmoranite
|detailschange|p2a: Dragalge|Dragalge-Mega, L50, F
|-mega|p2a: Dragalge|Dragalge|Dragalgite
|move|p2b: Grimmsnarl|Fake Out|p1a: Ninetales
|-damage|p1a: Ninetales|89/100
|cant|p1a: Ninetales|flinch
|move|p1b: Glimmora|Sludge Bomb|p2b: Grimmsnarl
|-supereffective|p2b: Grimmsnarl|1
|-damage|p2b: Grimmsnarl|0 fnt
|faint|p2b: Grimmsnarl
|move|p2a: Dragalge|Toxic|p1a: Ninetales
|-status|p1a: Ninetales|tox
|
|-weather|Snowscape|[upkeep]
|-damage|p1a: Ninetales|83/100 tox|[from] psn
|upkeep
|
|t:|1785200353
|switch|p2b: Conkeldurr|Conkeldurr, L50, M|100/100
|turn|2
|
|t:|1785200364
|move|p1a: Ninetales|Blizzard|p2a: Dragalge|[spread] p2a,p2b
|-supereffective|p2a: Dragalge|1
|-damage|p2a: Dragalge|50/100y
|-damage|p2b: Conkeldurr|58/100
|-status|p2b: Conkeldurr|frz
|move|p1b: Glimmora|Earth Power|p2b: Conkeldurr
|-damage|p2b: Conkeldurr|13/100 frz
|cant|p2b: Conkeldurr|frz
|move|p2a: Dragalge|Draco Meteor|p1b: Glimmora|[miss]
|-miss|p2a: Dragalge|p1b: Glimmora
|
|-weather|Snowscape|[upkeep]
|-damage|p1a: Ninetales|71/100 tox|[from] psn
|upkeep
|turn|3
|
|t:|1785200378
|switch|p2b: Sinistcha|Sinistcha, L50|100/100
|-heal|p2a: Dragalge|75/100|[from] ability: Hospitality|[of] p2b: Sinistcha
|move|p2a: Dragalge|Protect|p2a: Dragalge
|-singleturn|p2a: Dragalge|Protect
|move|p1a: Ninetales|Blizzard|p2b: Sinistcha|[spread] p2b
|-activate|p2a: Dragalge|move: Protect
|-supereffective|p2b: Sinistcha|1
|-damage|p2b: Sinistcha|7/100
|move|p1b: Glimmora|Power Gem|p2a: Dragalge
|-activate|p2a: Dragalge|move: Protect
|
|-weather|Snowscape|[upkeep]
|-damage|p1a: Ninetales|54/100 tox|[from] psn
|upkeep
|turn|4
|
|t:|1785200391
|-heal|p2a: Dragalge|100/100|[from] ability: Regenerator|[silent]
|switch|p2a: Conkeldurr|Conkeldurr, L50, M|13/100 frz
|move|p1a: Ninetales|Blizzard|p2b: Sinistcha|[spread] p2a,p2b
|-supereffective|p2b: Sinistcha|1
|-damage|p2a: Conkeldurr|0 fnt
|-damage|p2b: Sinistcha|0 fnt
|faint|p2a: Conkeldurr
|faint|p2b: Sinistcha
|move|p1b: Glimmora|Power Gem|p2: Conkeldurr|[notarget]
|-fail|p1b: Glimmora
|
|-weather|Snowscape|[upkeep]
|-damage|p1a: Ninetales|30/100 tox|[from] psn
|upkeep
|
|t:|1785200395
|switch|p2b: Dragalge|Dragalge-Mega, L50, F|100/100
|turn|5
|-message|Suedanim forfeited.
|
|win|3-4 worlds
|l|☆Suedanim
|player|p2|
||Suedanim is ready for game 2.
||3-4 worlds is ready for game 2.
|uhtml|next|Next: Game 2 of 3
