|j|☆void25o
|j|☆jomivgc
|html|void25ojomivgc    
|uhtml|bestof|Game 1 of a best-of-3
|t:|1784240653
|gametype|doubles
|player|p1|void25o|raihan-masters|1148
|player|p2|jomivgc|falkner-gen2|1234
|gen|9
|tier|[Gen 9 Champions] VGC 2026 Reg M-B (Bo3)
|rated|
|rule|Species Clause: Limit one of each Pokémon
|rule|Item Clause: Limit 1 of each item
|clearpoke
|poke|p1|Metagross, L50, shiny|
|poke|p1|Garchomp, L50, F|
|poke|p1|Gardevoir, L50, F, shiny|
|poke|p1|Talonflame, L50, F|
|poke|p1|Sneasler, L50, M|
|poke|p1|Meowscarada, L50, M|
|poke|p2|Charizard, L50, F|
|poke|p2|Pelipper, L50, F|
|poke|p2|Archaludon, L50, M|
|poke|p2|Grimmsnarl, L50, M|
|poke|p2|Basculegion, L50, M|
|poke|p2|Venusaur, L50, M|
|teampreview|4
|showteam|p1|Metagross||Metagrossite|ClearBody|MeteorMash,PsychicFangs,Protect,BulletPunch|Jolly|||||50|]Garchomp||ChoiceScarf|RoughSkin|Earthquake,RockSlide,DragonClaw,StompingTantrum|Adamant||F|||50|]Gardevoir||Gardevoirite|Telepathy|HyperVoice,Psychic,Protect,CalmMind|Timid||F|||50|]Talonflame||FocusSash|GaleWings|DualWingbeat,Tailwind,Protect,FlareBlitz|Jolly||F|||50|]Sneasler||WhiteHerb|Unburden|CloseCombat,DireClaw,FakeOut,Protect|Adamant||M|||50|]Meowscarada||LifeOrb|Overgrow|SuckerPunch,KnockOff,FlowerTrick,Protect|Jolly||M|||50|
|showteam|p2|Charizard||CharizarditeY|Blaze|Protect,HeatWave,SolarBeam,WeatherBall|Modest||F|||50|]Pelipper||SitrusBerry|Drizzle|Hurricane,WeatherBall,Tailwind,WideGuard|Modest||F|||50|]Archaludon||Leftovers|Stamina|ElectroShot,FlashCannon,Protect,DragonPulse|Calm||M|||50|]Grimmsnarl||LightClay|Prankster|LightScreen,PartingShot,Reflect,SpiritBreak|Careful||M|||50|]Basculegion||ChoiceScarf|Adaptability|LastRespects,AquaJet,WaveCrash,FlipTurn|Adamant||M|||50|]Venusaur||FocusSash|Chlorophyll|SludgeBomb,Protect,EarthPower,SleepPowder|Modest||M|||50|
|inactive|Battle timer is ON: inactive players will automatically lose when time's up. (requested by jomivgc)
|inactive|void25o has 60 seconds left.
|inactive|jomivgc has 60 seconds left.
|
|t:|1784240711
|teamsize|p1|4
|teamsize|p2|4
|start
|switch|p1a: Garchomp|Garchomp, L50, F|100/100
|switch|p1b: Meowscarada|Meowscarada, L50, M|100/100
|switch|p2a: Charizard|Charizard, L50, F|100/100
|switch|p2b: Venusaur|Venusaur, L50, M|100/100
|turn|1
|inactive|void25o has 30 seconds left.
|inactive|jomivgc has 30 seconds left.
|inactive|jomivgc has 20 seconds left.
|
|t:|1784240750
|detailschange|p2a: Charizard|Charizard-Mega-Y, L50, F
|-mega|p2a: Charizard|Charizard|Charizardite Y
|-weather|SunnyDay|[from] ability: Drought|[of] p2a: Charizard
|move|p2a: Charizard|Protect|p2a: Charizard
|-singleturn|p2a: Charizard|Protect
|move|p1b: Meowscarada|Sucker Punch||[still]
|-fail|p1b: Meowscarada
|move|p2b: Venusaur|Sleep Powder|p1a: Garchomp
|-status|p1a: Garchomp|slp|[from] move: Sleep Powder
|cant|p1a: Garchomp|slp
|
|-weather|SunnyDay|[upkeep]
|upkeep
|turn|2
|
|t:|1784240770
|move|p1b: Meowscarada|Protect|p1b: Meowscarada
|-singleturn|p1b: Meowscarada|Protect
|move|p2b: Venusaur|Sludge Bomb|p1b: Meowscarada
|-activate|p1b: Meowscarada|move: Protect
|-curestatus|p1a: Garchomp|slp|[msg]
|move|p1a: Garchomp|Rock Slide|p2b: Venusaur|[spread] p2a,p2b
|-supereffective|p2a: Charizard|2
|-damage|p2a: Charizard|16/100
|-damage|p2b: Venusaur|69/100
|move|p2a: Charizard|Heat Wave|p1a: Garchomp|[spread] p1a
|-activate|p1b: Meowscarada|move: Protect
|-resisted|p1a: Garchomp|1
|-damage|p1a: Garchomp|62/100
|
|-weather|SunnyDay|[upkeep]
|upkeep
|turn|3
|inactive|jomivgc has 30 seconds left.
|
|t:|1784240799
|switch|p2a: Archaludon|Archaludon, L50, M|100/100
|move|p1b: Meowscarada|Sucker Punch||[still]
|-fail|p1b: Meowscarada
|move|p2b: Venusaur|Sleep Powder|p1a: Garchomp|[miss]
|-miss|p2b: Venusaur|p1a: Garchomp
|move|p1a: Garchomp|Rock Slide|p2a: Archaludon|[spread] p2a,p2b
|-resisted|p2a: Archaludon|1
|-damage|p2a: Archaludon|91/100
|-damage|p2b: Venusaur|41/100
|-ability|p2a: Archaludon|Stamina|boost
|-boost|p2a: Archaludon|def|1
|
|-weather|SunnyDay|[upkeep]
|-heal|p2a: Archaludon|97/100|[from] item: Leftovers
|upkeep
|turn|4
|inactive|jomivgc has 30 seconds left.
|inactive|jomivgc has 20 seconds left.
|inactive|jomivgc has 15 seconds left.
|
|t:|1784240842
|move|p2b: Venusaur|Sleep Powder|p1a: Garchomp|[miss]
|-miss|p2b: Venusaur|p1a: Garchomp
|move|p1a: Garchomp|Rock Slide|p2a: Archaludon|[spread] p2a,p2b
|-resisted|p2a: Archaludon|1
|-damage|p2a: Archaludon|92/100
|-damage|p2b: Venusaur|13/100
|-ability|p2a: Archaludon|Stamina|boost
|-boost|p2a: Archaludon|def|1
|move|p1b: Meowscarada|Knock Off|p2b: Venusaur
|-damage|p2b: Venusaur|0 fnt
|-enditem|p2b: Venusaur|Focus Sash|[from] move: Knock Off|[of] p1b: Meowscarada
|faint|p2b: Venusaur
|-damage|p1b: Meowscarada|90/100|[from] item: Life Orb
|move|p2a: Archaludon|Dragon Pulse|p1b: Meowscarada
|-damage|p1b: Meowscarada|37/100
|
|-weather|SunnyDay|[upkeep]
|-heal|p2a: Archaludon|98/100|[from] item: Leftovers
|upkeep
|
|t:|1784240858
|switch|p2b: Pelipper|Pelipper, L50, F|100/100
|-weather|RainDance|[from] ability: Drizzle|[of] p2b: Pelipper
|turn|5
|
|t:|1784240872
|switch|p1a: Metagross|Metagross, L50, shiny|100/100
|move|p1b: Meowscarada|Flower Trick|p2b: Pelipper
|-crit|p2b: Pelipper
|-damage|p2b: Pelipper|34/100
|-enditem|p2b: Pelipper|Sitrus Berry|[eat]
|-heal|p2b: Pelipper|59/100|[from] item: Sitrus Berry
|-damage|p1b: Meowscarada|27/100|[from] item: Life Orb
|move|p2a: Archaludon|Electro Shot||[still]
|-prepare|p2a: Archaludon|Electro Shot
|-boost|p2a: Archaludon|spa|1
|-anim|p2a: Archaludon|Electro Shot|p1b: Meowscarada
|-resisted|p1b: Meowscarada|1
|-damage|p1b: Meowscarada|0 fnt
|faint|p1b: Meowscarada
|move|p2b: Pelipper|Tailwind|p2b: Pelipper
|-sidestart|p2: jomivgc|move: Tailwind
|
|-weather|RainDance|[upkeep]
|-heal|p2a: Archaludon|100/100|[from] item: Leftovers
|upkeep
|
|t:|1784240890
|switch|p1b: Garchomp|Garchomp, L50, F|62/100
|turn|6
|
|t:|1784240909
|detailschange|p1a: Metagross|Metagross-Mega, L50, shiny
|-mega|p1a: Metagross|Metagross|Metagrossite
|move|p1b: Garchomp|Stomping Tantrum|p2a: Archaludon
|-supereffective|p2a: Archaludon|1
|-damage|p2a: Archaludon|68/100
|-ability|p2a: Archaludon|Stamina|boost
|-boost|p2a: Archaludon|def|1
|move|p2a: Archaludon|Electro Shot||[still]
|-prepare|p2a: Archaludon|Electro Shot
|-boost|p2a: Archaludon|spa|1
|-anim|p2a: Archaludon|Electro Shot|p1b: Garchomp
|-immune|p1b: Garchomp
|move|p2b: Pelipper|Weather Ball|p1b: Garchomp
|-damage|p1b: Garchomp|0 fnt
|faint|p1b: Garchomp
|move|p1a: Metagross|Psychic Fangs|p2b: Pelipper
|-damage|p2b: Pelipper|0 fnt
|faint|p2b: Pelipper
|
|-weather|RainDance|[upkeep]
|-heal|p2a: Archaludon|74/100|[from] item: Leftovers
|upkeep
|
|t:|1784240928
|switch|p1b: Sneasler|Sneasler, L50, M|100/100
|switch|p2b: Charizard|Charizard-Mega-Y, L50, F|16/100
|-weather|SunnyDay|[from] ability: Drought|[of] p2b: Charizard
|turn|7
|
|t:|1784240943
|move|p2b: Charizard|Protect|p2b: Charizard
|-singleturn|p2b: Charizard|Protect
|move|p2a: Archaludon|Protect|p2a: Archaludon
|-singleturn|p2a: Archaludon|Protect
|move|p1b: Sneasler|Fake Out|p2b: Charizard
|-activate|p2b: Charizard|move: Protect
|move|p1a: Metagross|Bullet Punch|p2b: Charizard
|-activate|p2b: Charizard|move: Protect
|
|-weather|SunnyDay|[upkeep]
|-heal|p2a: Archaludon|80/100|[from] item: Leftovers
|upkeep
|turn|8
|inactive|jomivgc has 30 seconds left.
|
|t:|1784240969
|move|p1b: Sneasler|Protect|p1b: Sneasler
|-singleturn|p1b: Sneasler|Protect
|move|p1a: Metagross|Bullet Punch|p2b: Charizard
|-resisted|p2b: Charizard|1
|-damage|p2b: Charizard|0 fnt
|faint|p2b: Charizard
|move|p2a: Archaludon|Dragon Pulse|p1b: Sneasler
|-activate|p1b: Sneasler|move: Protect
|
|-weather|SunnyDay|[upkeep]
|-heal|p2a: Archaludon|86/100|[from] item: Leftovers
|-sideend|p2: jomivgc|move: Tailwind
|upkeep
|turn|9
|
|t:|1784240986
|move|p1a: Metagross|Protect|p1a: Metagross
|-singleturn|p1a: Metagross|Protect
|move|p2a: Archaludon|Protect|p2a: Archaludon
|-singleturn|p2a: Archaludon|Protect
|move|p1b: Sneasler|Close Combat|p2a: Archaludon
|-activate|p2a: Archaludon|move: Protect
|
|-weather|SunnyDay|[upkeep]
|-heal|p2a: Archaludon|92/100|[from] item: Leftovers
|upkeep
|turn|10
|
|t:|1784241002
|move|p1a: Metagross|Protect||[still]
|-fail|p1a: Metagross
|move|p1b: Sneasler|Close Combat|p2a: Archaludon
|-supereffective|p2a: Archaludon|1
|-damage|p2a: Archaludon|55/100
|-unboost|p1b: Sneasler|def|1
|-unboost|p1b: Sneasler|spd|1
|-ability|p2a: Archaludon|Stamina|boost
|-boost|p2a: Archaludon|def|1
|-enditem|p1b: Sneasler|White Herb
|-clearnegativeboost|p1b: Sneasler|[silent]
|move|p2a: Archaludon|Dragon Pulse|p1b: Sneasler
|-damage|p1b: Sneasler|10/100
|
|-weather|SunnyDay|[upkeep]
|-heal|p2a: Archaludon|61/100|[from] item: Leftovers
|upkeep
|turn|11
|
|t:|1784241018
|move|p2a: Archaludon|Protect|p2a: Archaludon
|-singleturn|p2a: Archaludon|Protect
|move|p1b: Sneasler|Close Combat|p2a: Archaludon
|-activate|p2a: Archaludon|move: Protect
|move|p1a: Metagross|Meteor Mash|p2a: Archaludon
|-activate|p2a: Archaludon|move: Protect
|
|-weather|none
|-heal|p2a: Archaludon|67/100|[from] item: Leftovers
|upkeep
|turn|12
|
|t:|1784241041
|move|p1b: Sneasler|Close Combat|p2a: Archaludon
|-supereffective|p2a: Archaludon|1
|-damage|p2a: Archaludon|30/100
|-unboost|p1b: Sneasler|def|1
|-unboost|p1b: Sneasler|spd|1
|-ability|p2a: Archaludon|Stamina|boost
|-boost|p2a: Archaludon|def|1
|move|p1a: Metagross|Meteor Mash|p2a: Archaludon
|-resisted|p2a: Archaludon|1
|-damage|p2a: Archaludon|23/100
|-ability|p2a: Archaludon|Stamina|boost
|-boost|p2a: Archaludon|def|1
|move|p2a: Archaludon|Flash Cannon|p1a: Metagross
|-resisted|p1a: Metagross|1
|-damage|p1a: Metagross|63/100
|
|-heal|p2a: Archaludon|29/100|[from] item: Leftovers
|upkeep
|turn|13
|
|t:|1784241054
|move|p2a: Archaludon|Protect|p2a: Archaludon
|-singleturn|p2a: Archaludon|Protect
|move|p1b: Sneasler|Close Combat|p2a: Archaludon
|-activate|p2a: Archaludon|move: Protect
|move|p1a: Metagross|Meteor Mash|p2a: Archaludon
|-activate|p2a: Archaludon|move: Protect
|
|-heal|p2a: Archaludon|36/100|[from] item: Leftovers
|upkeep
|turn|14
|
|t:|1784241066
|move|p1b: Sneasler|Close Combat|p2a: Archaludon
|-supereffective|p2a: Archaludon|1
|-damage|p2a: Archaludon|10/100
|-unboost|p1b: Sneasler|def|1
|-unboost|p1b: Sneasler|spd|1
|move|p1a: Metagross|Meteor Mash|p2a: Archaludon
|-resisted|p2a: Archaludon|1
|-damage|p2a: Archaludon|5/100
|move|p2a: Archaludon|Dragon Pulse|p1b: Sneasler
|-damage|p1b: Sneasler|0 fnt
|faint|p1b: Sneasler
|
|-heal|p2a: Archaludon|11/100|[from] item: Leftovers
|upkeep
|turn|15
|
|t:|1784241078
|move|p2a: Archaludon|Protect|p2a: Archaludon
|-singleturn|p2a: Archaludon|Protect
|move|p1a: Metagross|Meteor Mash|p2a: Archaludon
|-activate|p2a: Archaludon|move: Protect
|
|-heal|p2a: Archaludon|17/100|[from] item: Leftovers
|upkeep
|turn|16
|
|t:|1784241091
|move|p1a: Metagross|Meteor Mash|p2a: Archaludon
|-resisted|p2a: Archaludon|1
|-damage|p2a: Archaludon|11/100
|move|p2a: Archaludon|Dragon Pulse|p1a: Metagross
|-resisted|p1a: Metagross|1
|-damage|p1a: Metagross|25/100
|
|-heal|p2a: Archaludon|17/100|[from] item: Leftovers
|upkeep
|turn|17
|
|t:|1784241099
|move|p2a: Archaludon|Protect|p2a: Archaludon
|-singleturn|p2a: Archaludon|Protect
|move|p1a: Metagross|Meteor Mash|p2a: Archaludon
|-activate|p2a: Archaludon|move: Protect
|
|-heal|p2a: Archaludon|23/100|[from] item: Leftovers
|upkeep
|turn|18
|
|t:|1784241105
|move|p1a: Metagross|Psychic Fangs|p2a: Archaludon
|-resisted|p2a: Archaludon|1
|-damage|p2a: Archaludon|18/100
|move|p2a: Archaludon|Dragon Pulse|p1a: Metagross
|-resisted|p1a: Metagross|1
|-damage|p1a: Metagross|0 fnt
|faint|p1a: Metagross
|
|win|jomivgc
||void25o is ready for game 2.
