|j|☆Ribombees believer
|j|☆Le P VGC
|html|Ribombees believerLe P VGC    
|uhtml|bestof|Game 1 of a best-of-3
|t:|1756658662
|gametype|doubles
|player|p1|Ribombees believer|skier|1333
|player|p2|Le P VGC|lucian|1373
|gen|9
|tier|[Gen 9] VGC 2025 Reg H (Bo3)
|rated|
|rule|Species Clause: Limit one of each Pokémon
|rule|Item Clause: Limit 1 of each item
|clearpoke
|poke|p1|Dondozo, L50, M|
|poke|p1|Tatsugiri, L50, M|
|poke|p1|Indeedee, L50, M|
|poke|p1|Dragapult, L50, M|
|poke|p1|Ribombee, L50, M|
|poke|p1|Gholdengo, L50|
|poke|p2|Ursaluna, L50, F|
|poke|p2|Incineroar, L50, M|
|poke|p2|Jumpluff, L50, M|
|poke|p2|Torkoal, L50, F|
|poke|p2|Charizard, L50, F|
|poke|p2|Porygon2, L50|
|teampreview|4
|showteam|p1|Dondozo||Leftovers|Unaware|WaveCrash,Earthquake,OrderUp,Protect|||M|||50|,,,,,Grass]Tatsugiri||ChoiceScarf|Commander|MuddyWater,DracoMeteor,DragonPulse,TeraBlast|||M|||50|,,,,,Fairy]Indeedee||FocusSash|PsychicSurge|ExpandingForce,TeraBlast,HyperVoice,Protect|||M|||50|,,,,,Fighting]Dragapult||ChoiceBand|ClearBody|DragonDarts,Outrage,PhantomForce,Uturn|||M|||50|,,,,,Dragon]Ribombee||ChoiceSpecs|ShieldDust|Moonblast,PollenPuff,DazzlingGleam,TeraBlast|||M|||50|,,,,,Ground]Gholdengo||LifeOrb|GoodasGold|MakeItRain,ShadowBall,Thunderbolt,Protect||||||50|,,,,,Water
|showteam|p2|Ursaluna||FlameOrb|Guts|Earthquake,Facade,HeadlongRush,Protect|||F|||50|,,,,,Ghost]Incineroar||SafetyGoggles|Intimidate|FakeOut,FlareBlitz,KnockOff,PartingShot|||M|||50|,,,,,Ghost]Jumpluff||CovertCloak|Chlorophyll|SleepPowder,Tailwind,RagePowder,SunnyDay|||M|||50|,,,,,Water]Torkoal||EjectPack|Drought|Eruption,Overheat,Protect,HelpingHand|||F|||50|,,,,,Fire]Charizard||ChoiceSpecs|SolarPower|HeatWave,AirSlash,WeatherBall,Overheat|||F|||50|,,,,,Ghost]Porygon2||Eviolite|Download|TeraBlast,TrickRoom,Recover,IceBeam||||||50|,,,,,Fighting
|inactive|Battle timer is ON: inactive players will automatically lose when time's up. (requested by Ribombees believer)
|inactive|Le P VGC has 60 seconds left.
|
|t:|1756658702
|teamsize|p1|4
|teamsize|p2|4
|start
|switch|p1a: Gholdengo|Gholdengo, L50|100/100
|switch|p1b: Indeedee|Indeedee, L50, M|100/100
|switch|p2a: Jumpluff|Jumpluff, L50, M|100/100
|switch|p2b: Torkoal|Torkoal, L50, F|100/100
|-fieldstart|move: Psychic Terrain|[from] ability: Psychic Surge|[of] p1b: Indeedee
|-weather|SunnyDay|[from] ability: Drought|[of] p2b: Torkoal
|turn|1
|
|t:|1756658720
|move|p2a: Jumpluff|Tailwind|p2a: Jumpluff
|-sidestart|p2: Le P VGC|move: Tailwind
|move|p1b: Indeedee|Expanding Force|p2a: Jumpluff|[spread] p2a,p2b
|-crit|p2b: Torkoal
|-damage|p2a: Jumpluff|40/100
|-damage|p2b: Torkoal|0 fnt
|faint|p2b: Torkoal
|move|p1a: Gholdengo|Make It Rain|p2a: Jumpluff
|-damage|p2a: Jumpluff|0 fnt
|-unboost|p1a: Gholdengo|spa|1
|faint|p2a: Jumpluff
|-damage|p1a: Gholdengo|91/100|[from] item: Life Orb
|
|-weather|SunnyDay|[upkeep]
|upkeep
|
|t:|1756658728
|switch|p2a: Incineroar|Incineroar, L50, M|100/100
|switch|p2b: Charizard|Charizard, L50, F|100/100
|-ability|p2a: Incineroar|Intimidate|boost
|-unboost|p1a: Gholdengo|atk|1
|-unboost|p1b: Indeedee|atk|1
|turn|2
|
|t:|1756658738
|switch|p1b: Alaskan Roll|Tatsugiri, L50, M|100/100
|switch|p1a: Big Back|Dondozo, L50, M|100/100
|-activate|p1b: Alaskan Roll|ability: Commander|[of] p1a: Big Back
|-boost|p1a: Big Back|atk|2
|-boost|p1a: Big Back|spa|2
|-boost|p1a: Big Back|spe|2
|-boost|p1a: Big Back|def|2
|-boost|p1a: Big Back|spd|2
|move|p2b: Charizard|Heat Wave|p1b: Alaskan Roll|[spread] p1a
|-miss|p2b: Charizard|p1b: Alaskan Roll
|-resisted|p1a: Big Back
|-damage|p1a: Big Back|72/100
|move|p2a: Incineroar|Knock Off|p1b: Alaskan Roll|[miss]
|-miss|p2a: Incineroar|p1b: Alaskan Roll
|
|-weather|SunnyDay|[upkeep]
|-damage|p2b: Charizard|88/100|[from] ability: Solar Power|[of] p2b: Charizard
|-heal|p1a: Big Back|78/100|[from] item: Leftovers
|upkeep
|turn|3
|
|t:|1756658756
|-terastallize|p2b: Charizard|Ghost
|move|p1a: Big Back|Protect|p1a: Big Back
|-singleturn|p1a: Big Back|Protect
|move|p2b: Charizard|Heat Wave|p1a: Big Back|[spread] 
|-miss|p2b: Charizard|p1b: Alaskan Roll
|-activate|p1a: Big Back|move: Protect
|move|p2a: Incineroar|Parting Shot|p1a: Big Back
|-activate|p1a: Big Back|move: Protect
|
|-weather|SunnyDay|[upkeep]
|-damage|p2b: Charizard|76/100|[from] ability: Solar Power|[of] p2b: Charizard
|-heal|p1a: Big Back|84/100|[from] item: Leftovers
|upkeep
|turn|4
|
|t:|1756658769
|move|p2b: Charizard|Heat Wave|p1b: Alaskan Roll|[spread] p1a
|-miss|p2b: Charizard|p1b: Alaskan Roll
|-resisted|p1a: Big Back
|-damage|p1a: Big Back|52/100
|move|p1a: Big Back|Earthquake|p2a: Incineroar|[spread] p2a,p2b
|-miss|p1a: Big Back|p1b: Alaskan Roll
|-supereffective|p2a: Incineroar
|-damage|p2a: Incineroar|31/100
|-damage|p2b: Charizard|19/100
|move|p2a: Incineroar|Parting Shot|p1a: Big Back
|-unboost|p1a: Big Back|atk|1
|-unboost|p1a: Big Back|spa|1
|
|-weather|SunnyDay|[upkeep]
|-damage|p2b: Charizard|6/100|[from] ability: Solar Power|[of] p2b: Charizard
|-heal|p1a: Big Back|58/100|[from] item: Leftovers
|-sideend|p2: Le P VGC|move: Tailwind
|upkeep
|turn|5
|-message|Le P VGC forfeited.
|
|win|Ribombees believer
|l|☆Le P VGC
|player|p2|
||Le P VGC is ready for game 2.
