|j|☆marcusquinn
|j|☆PTP_VGC
|html|marcusquinnPTP_VGC    
|uhtml|bestof|Game 2 of a best-of-3
|t:|1756095782
|gametype|doubles
|player|p1|marcusquinn|hilbert-wonderlauncher|1371
|player|p2|PTP_VGC|birdkeeper|1389
|gen|9
|tier|[Gen 9] VGC 2025 Reg H (Bo3)
|rated|
|rule|Species Clause: Limit one of each Pokémon
|rule|Item Clause: Limit 1 of each item
|clearpoke
|poke|p1|Archaludon, L50, M|
|poke|p1|Porygon2, L50|
|poke|p1|Incineroar, L50, F|
|poke|p1|Ursaluna, L50, F|
|poke|p1|Sneasler, L50, F|
|poke|p1|Dragonite, L50, M|
|poke|p2|Arcanine-Hisui, L50, F|
|poke|p2|Weezing, L50, F|
|poke|p2|Porygon2, L50|
|poke|p2|Weavile, L50, M|
|poke|p2|Pawmot, L50, M|
|poke|p2|Toedscruel, L50, F|
|teampreview|4
|showteam|p1|Archaludon||PowerHerb|Sturdy|Protect,ElectroShot,DracoMeteor,FlashCannon|||M|||50|,,,,,Electric]Porygon2||Eviolite|Download|TeraBlast,IceBeam,Recover,TrickRoom||||||50|,,,,,Fighting]Incineroar||SitrusBerry|Intimidate|FlareBlitz,KnockOff,FakeOut,PartingShot|||F|||50|,,,,,Ghost]Ursaluna||FlameOrb|Guts|HeadlongRush,Facade,Earthquake,Protect|||F|||50|,,,,,Ghost]Sneasler||FocusSash|Unburden|Protect,CloseCombat,DireClaw,ThroatChop|||F|||50|,,,,,Stellar]Dragonite||LoadedDice|Multiscale|ScaleShot,Tailwind,Haze,Protect|||M|||50|,,,,,Steel
|showteam|p2|Arcanine-Hisui||AbilityShield|Intimidate|FlareBlitz,RockSlide,ExtremeSpeed,Protect|||F|||50|,,,,,Ghost]Weezing||SitrusBerry|NeutralizingGas|SludgeBomb,WillOWisp,Taunt,Protect|||F|||50|,,,,,Grass]Porygon2||Eviolite|Download|TeraBlast,IceBeam,Recover,TrickRoom||||||50|,,,,,Water]Weavile||WideLens|Pressure|KnockOff,TripleAxel,FakeOut,Protect|||M|||50|,,,,,Stellar]Pawmot||FocusSash|NaturalCure|DoubleShock,CloseCombat,RevivalBlessing,Protect|||M|||50|,,,,,Stellar]Toedscruel||LifeOrb|MyceliumMight|EarthPower,EnergyBall,Spore,RagePowder|||F|||50|,,,,,Water
|inactive|Battle timer is ON: inactive players will automatically lose when time's up. (requested by marcusquinn)
|
|t:|1756095810
|teamsize|p1|4
|teamsize|p2|4
|start
|switch|p1a: Porygon2|Porygon2, L50, shiny|100/100
|switch|p1b: Incineroar|Incineroar, L50, F, shiny|100/100
|switch|p2a: Speedwalker|Weavile, L50, M|100/100
|switch|p2b: Adr. & Adr.|Weezing, L50, F|100/100
|-ability|p2b: Adr. & Adr.|Neutralizing Gas
|turn|1
|inactive|marcusquinn has 30 seconds left.
|
|t:|1756095842
|move|p2a: Speedwalker|Fake Out|p1b: Incineroar
|-damage|p1b: Incineroar|88/100
|cant|p1b: Incineroar|flinch
|move|p2b: Adr. & Adr.|Taunt|p1a: Porygon2
|-start|p1a: Porygon2|move: Taunt
|move|p1a: Porygon2|Tera Blast|p2b: Adr. & Adr.
|-damage|p2b: Adr. & Adr.|59/100
|
|upkeep
|turn|2
|inactive|marcusquinn has 30 seconds left.
|
|t:|1756095869
|move|p2a: Speedwalker|Knock Off|p1a: Porygon2
|-damage|p1a: Porygon2|69/100
|-enditem|p1a: Porygon2|Eviolite|[from] move: Knock Off|[of] p2a: Speedwalker
|move|p1b: Incineroar|Knock Off|p2b: Adr. & Adr.
|-damage|p2b: Adr. & Adr.|20/100
|-enditem|p2b: Adr. & Adr.|Sitrus Berry|[from] move: Knock Off|[of] p1b: Incineroar
|move|p2b: Adr. & Adr.|Sludge Bomb|p1a: Porygon2
|-damage|p1a: Porygon2|41/100
|move|p1a: Porygon2|Tera Blast|p2b: Adr. & Adr.
|-damage|p2b: Adr. & Adr.|0 fnt
|faint|p2b: Adr. & Adr.
|-end|p2b: Adr. & Adr.|ability: Neutralizing Gas
|-ability|p2a: Speedwalker|Pressure
|-ability|p1b: Incineroar|Intimidate|boost
|-unboost|p2a: Speedwalker|atk|1
|-ability|p1a: Porygon2|Download|boost
|-boost|p1a: Porygon2|atk|1
|
|upkeep
|inactive|PTP_VGC has 30 seconds left.
|inactive|PTP_VGC has 20 seconds left.
|
|t:|1756095905
|switch|p2b: gbombsz|Toedscruel, L50, F|100/100
|turn|3
|inactive|marcusquinn has 30 seconds left.
|
|t:|1756095934
|-terastallize|p2b: gbombsz|Water
|move|p2a: Speedwalker|Knock Off|p1b: Incineroar
|-resisted|p1b: Incineroar
|-damage|p1b: Incineroar|72/100
|-enditem|p1b: Incineroar|Sitrus Berry|[from] move: Knock Off|[of] p2a: Speedwalker
|move|p2b: gbombsz|Earth Power|p1b: Incineroar
|-supereffective|p1b: Incineroar
|-damage|p1b: Incineroar|0 fnt
|faint|p1b: Incineroar
|-damage|p2b: gbombsz|91/100|[from] item: Life Orb
|move|p1a: Porygon2|Tera Blast|p2b: gbombsz
|-damage|p2b: gbombsz|52/100
|
|-end|p1a: Porygon2|move: Taunt
|upkeep
|
|t:|1756095954
|switch|p1b: Sneasler|Sneasler, L50, F|100/100
|turn|4
|
|t:|1756095970
|switch|p2a: Back Pocket|Pawmot, L50, M|100/100
|-terastallize|p1a: Porygon2|Fighting
|move|p1b: Sneasler|Close Combat|p2b: gbombsz
|-damage|p2b: gbombsz|0 fnt
|-unboost|p1b: Sneasler|def|1
|-unboost|p1b: Sneasler|spd|1
|faint|p2b: gbombsz
|move|p1a: Porygon2|Tera Blast|p2a: Back Pocket|[anim] Tera Blast Fighting
|-damage|p2a: Back Pocket|35/100
|
|upkeep
|
|t:|1756095976
|switch|p2b: Speedwalker|Weavile, L50, M|100/100
|-ability|p2b: Speedwalker|Pressure
|turn|5
|inactive|marcusquinn has 30 seconds left.
|
|t:|1756096004
|move|p2b: Speedwalker|Triple Axel|p1b: Sneasler
|-damage|p1b: Sneasler|73/100
|-damage|p1b: Sneasler|17/100
|-damage|p1b: Sneasler|0 fnt
|faint|p1b: Sneasler
|-hitcount|p1: Sneasler|3
|move|p2a: Back Pocket|Close Combat|p1a: Porygon2
|-damage|p1a: Porygon2|0 fnt
|-unboost|p2a: Back Pocket|def|1
|-unboost|p2a: Back Pocket|spd|1
|faint|p1a: Porygon2
|
|upkeep
|
|t:|1756096022
|switch|p1b: Ursaluna|Ursaluna, L50, F|100/100
|turn|6
|
|t:|1756096040
|move|p2b: Speedwalker|Knock Off|p1b: Ursaluna
|-damage|p1b: Ursaluna|66/100
|-enditem|p1b: Ursaluna|Flame Orb|[from] move: Knock Off|[of] p2b: Speedwalker
|move|p2a: Back Pocket|Close Combat|p1b: Ursaluna
|-supereffective|p1b: Ursaluna
|-crit|p1b: Ursaluna
|-damage|p1b: Ursaluna|0 fnt
|-unboost|p2a: Back Pocket|def|1
|-unboost|p2a: Back Pocket|spd|1
|faint|p1b: Ursaluna
|
|win|PTP_VGC
|raw|marcusquinn's rating: 1371 → 1352(-19 for losing)
|raw|PTP_VGC's rating: 1389 → 1408(+19 for winning)
|l|☆PTP_VGC
|player|p2|
