|j|☆C.blaze
|j|☆lettitripppp
|html|C.blazelettitripppp    
|uhtml|bestof|Game 2 of a best-of-3
|t:|1783114941
|gametype|doubles
|player|p1|C.blaze|2|1101
|player|p2|lettitripppp|lucas|1211
|gen|9
|tier|[Gen 9 Champions] VGC 2026 Reg M-B (Bo3)
|rated|
|rule|Species Clause: Limit one of each Pokémon
|rule|Item Clause: Limit 1 of each item
|clearpoke
|poke|p1|Mawile, L50, F|
|poke|p1|Hydreigon, L50, M|
|poke|p1|Oranguru, L50, M|
|poke|p1|Rotom-Wash, L50|
|poke|p1|Sylveon, L50, M|
|poke|p1|Talonflame, L50, M|
|poke|p2|Charizard, L50, F|
|poke|p2|Floette-Eternal, L50, F|
|poke|p2|Basculegion, L50, M, shiny|
|poke|p2|Garchomp, L50, M|
|poke|p2|Whimsicott, L50, M, shiny|
|poke|p2|Kingambit, L50, F|
|teampreview|4
|showteam|p1|Mawile||Mawilite|Intimidate|PlayRough,IronHead,Protect,RockSlide|Brave||F|||50|]Hydreigon||HabanBerry|Levitate|DracoMeteor,DarkPulse,Protect,Snarl|Timid||M|||50|]Oranguru||MentalHerb|InnerFocus|Psychic,Encore,Instruct,TrickRoom|Sassy||M|||50|]Rotom-Wash||SitrusBerry|Levitate|Thunderbolt,HydroPump,Electroweb,WillOWisp|Timid|||||50|]Sylveon||FairyFeather|Pixilate|HyperVoice,HyperBeam,Protect,MysticalFire|Modest||M|||50|]Talonflame||SharpBeak|GaleWings|DualWingbeat,FlareBlitz,Protect,Tailwind|Jolly||M|||50|
|showteam|p2|Charizard||CharizarditeY|Blaze|WeatherBall,SolarBeam,HeatWave,Protect|Modest||F|||50|]Floette-Eternal||Floettite|FlowerVeil|DazzlingGleam,LightofRuin,Moonblast,Protect|Timid||F|||50|]Basculegion||MysticWater|Adaptability|LastRespects,WaveCrash,AquaJet,Protect|Adamant||M|||50|]Garchomp||LifeOrb|RoughSkin|DragonClaw,Earthquake,RockSlide,Protect|Jolly||M|||50|]Whimsicott||FocusSash|Prankster|Moonblast,Tailwind,Encore,Protect|Timid||M|||50|]Kingambit||OccaBerry|Defiant|KowtowCleave,SuckerPunch,IronHead,LowKick|Adamant||F|||50|
|inactive|Battle timer is ON: inactive players will automatically lose when time's up. (requested by lettitripppp)
|inactive|lettitripppp has 60 seconds left.
|
|t:|1783114981
|teamsize|p1|4
|teamsize|p2|4
|start
|switch|p1a: Talonflame|Talonflame, L50, M|100/100
|switch|p1b: Sylveon|Sylveon, L50, M|100/100
|switch|p2a: AGNI|Charizard, L50, F|100/100
|switch|p2b: LETS GO GO|Whimsicott, L50, M, shiny|100/100
|turn|1
|
|t:|1783114998
|detailschange|p2a: AGNI|Charizard-Mega-Y, L50, F
|-mega|p2a: AGNI|Charizard|Charizardite Y
|-weather|SunnyDay|[from] ability: Drought|[of] p2a: AGNI
|move|p1a: Talonflame|Tailwind|p1a: Talonflame
|-sidestart|p1: C.blaze|move: Tailwind
|move|p2b: LETS GO GO|Tailwind|p2b: LETS GO GO
|-sidestart|p2: lettitripppp|move: Tailwind
|move|p2a: AGNI|Heat Wave|p1a: Talonflame|[spread] p1b
|-miss|p2a: AGNI|p1a: Talonflame
|-damage|p1b: Sylveon|52/100
|move|p1b: Sylveon|Hyper Voice|p2a: AGNI|[spread] p2a,p2b
|-resisted|p2a: AGNI|1
|-damage|p2a: AGNI|76/100
|-damage|p2b: LETS GO GO|32/100
|
|-weather|SunnyDay|[upkeep]
|upkeep
|turn|2
|
|t:|1783115019
|switch|p1b: Hydreigon|Hydreigon, L50, M|100/100
|move|p1a: Talonflame|Dual Wingbeat|p2b: LETS GO GO
|-supereffective|p2b: LETS GO GO|1
|-damage|p2b: LETS GO GO|0 fnt
|faint|p2b: LETS GO GO
|-hitcount|p2: LETS GO GO|1
|move|p2a: AGNI|Heat Wave|p1a: Talonflame|[spread] p1a
|-miss|p2a: AGNI|p1b: Hydreigon
|-resisted|p1a: Talonflame|1
|-damage|p1a: Talonflame|53/100
|
|-weather|SunnyDay|[upkeep]
|upkeep
|
|t:|1783115027
|switch|p2b: GENERAL BLADUS|Kingambit, L50, F|100/100
|turn|3
|inactive|C.blaze has 30 seconds left.
|inactive|C.blaze has 20 seconds left.
|
|t:|1783115063
|move|p1a: Talonflame|Protect|p1a: Talonflame
|-singleturn|p1a: Talonflame|Protect
|move|p1b: Hydreigon|Draco Meteor|p2a: AGNI
|-damage|p2a: AGNI|18/100
|-unboost|p1b: Hydreigon|spa|2
|move|p2a: AGNI|Weather Ball|p1b: Hydreigon
|-resisted|p1b: Hydreigon|1
|-damage|p1b: Hydreigon|51/100
|move|p2b: GENERAL BLADUS|Low Kick|p1b: Hydreigon
|-supereffective|p1b: Hydreigon|1
|-damage|p1b: Hydreigon|0 fnt
|faint|p1b: Hydreigon
|
|-weather|SunnyDay|[upkeep]
|upkeep
|
|t:|1783115069
|switch|p1b: Rotom|Rotom-Wash, L50|100/100
|turn|4
|
|t:|1783115077
|move|p2b: GENERAL BLADUS|Sucker Punch|p1a: Talonflame
|-damage|p1a: Talonflame|0 fnt
|faint|p1a: Talonflame
|move|p1b: Rotom|Will-O-Wisp|p2b: GENERAL BLADUS
|-status|p2b: GENERAL BLADUS|brn
|move|p2a: AGNI|Solar Beam||[still]
|-prepare|p2a: AGNI|Solar Beam
|-anim|p2a: AGNI|Solar Beam|p1b: Rotom
|-supereffective|p1b: Rotom|1
|-damage|p1b: Rotom|0 fnt
|faint|p1b: Rotom
|
|-weather|SunnyDay|[upkeep]
|-damage|p2b: GENERAL BLADUS|94/100 brn|[from] brn
|-sideend|p1: C.blaze|move: Tailwind
|-sideend|p2: lettitripppp|move: Tailwind
|upkeep
|
|t:|1783115082
|switch|p1b: Sylveon|Sylveon, L50, M|52/100
|turn|5
|
|t:|1783115091
|move|p2a: AGNI|Weather Ball|p1b: Sylveon
|-crit|p1b: Sylveon
|-damage|p1b: Sylveon|0 fnt
|faint|p1b: Sylveon
|
|win|lettitripppp
