|j|☆ToastedArt
|j|☆bbtrickzfanboy
|html|ToastedArtbbtrickzfanboy    
|uhtml|bestof|Game 3 of a best-of-3
|t:|1785001021
|gametype|doubles
|player|p1|ToastedArt|artist|1047
|player|p2|bbtrickzfanboy|2|1040
|gen|9
|tier|[Gen 9 Champions] VGC 2026 Reg M-B (Bo3)
|rated|
|rule|Species Clause: Limit one of each Pokémon
|rule|Item Clause: Limit 1 of each item
|clearpoke
|poke|p1|Falinks, L50, shiny|
|poke|p1|Incineroar, L50, F|
|poke|p1|Basculegion, L50, M|
|poke|p1|Sneasler, L50, M|
|poke|p1|Kingambit, L50, M|
|poke|p1|Vanilluxe, L50, M, shiny|
|poke|p2|Garchomp, L50, M|
|poke|p2|Venusaur, L50, F|
|poke|p2|Incineroar, L50, F|
|poke|p2|Charizard, L50, F|
|poke|p2|Toxapex, L50, M|
|poke|p2|Annihilape, L50, F|
|teampreview|4
|showteam|p1|Falinks||Falinksite|Defiant|NoRetreat,CloseCombat,RockSlide,Protect|Adamant|||||50|]Incineroar||PasshoBerry|Intimidate|FakeOut,FlareBlitz,ThroatChop,PartingShot|Impish||F|||50|]Basculegion||SitrusBerry|Adaptability|WaveCrash,LastRespects,AquaJet,Protect|Adamant||M|||50|]Sneasler||FocusSash|PoisonTouch|PoisonJab,CloseCombat,FakeOut,Coaching|Jolly||M|||50|]Kingambit||LifeOrb|Defiant|KowtowCleave,SuckerPunch,SwordsDance,Protect|Adamant||M|||50|]Vanilluxe||ChoiceScarf|SnowWarning|Blizzard,FreezeDry,IcyWind,Taunt|Modest||M|||50|
|showteam|p2|Garchomp||ChoiceScarf|RoughSkin|Earthquake,RockSlide,DragonClaw,StompingTantrum|Adamant||M|||50|]Venusaur||LifeOrb|Chlorophyll|SludgeBomb,SolarBeam,EarthPower,Protect|Modest||F|||50|]Incineroar||SitrusBerry|Intimidate|FakeOut,FlareBlitz,ThroatChop,PartingShot|Impish||F|||50|]Charizard||CharizarditeY|Blaze|HeatWave,WeatherBall,Protect,HelpingHand|Modest||F|||50|]Toxapex||Leftovers|Regenerator|Infestation,Toxic,WideGuard,BanefulBunker|Impish||M|||50|]Annihilape||FocusSash|Defiant|CloseCombat,PhantomForce,RockTomb,Protect|Jolly||F|||50|
|inactive|Battle timer is ON: inactive players will automatically lose when time's up. (requested by ToastedArt)
|inactive|ToastedArt has 60 seconds left.
|inactive|bbtrickzfanboy has 60 seconds left.
|inactive|ToastedArt has 30 seconds left.
|inactive|bbtrickzfanboy has 30 seconds left.
|
|t:|1785001092
|teamsize|p1|4
|teamsize|p2|4
|start
|switch|p1a: Sneasler|Sneasler, L50, M|100/100
|switch|p1b: Falinks|Falinks, L50, shiny|100/100
|switch|p2a: Garchomp|Garchomp, L50, M|100/100
|switch|p2b: Venusaur|Venusaur, L50, F|100/100
|turn|1
|inactive|bbtrickzfanboy has 30 seconds left.
|
|t:|1785001124
|detailschange|p1b: Falinks|Falinks-Mega, L50, shiny
|-mega|p1b: Falinks|Falinks|Falinksite
|move|p1a: Sneasler|Fake Out|p2b: Venusaur
|-damage|p2b: Venusaur|83/100
|move|p2a: Garchomp|Earthquake|p1b: Falinks|[spread] p2b,p1a,p1b
|-supereffective|p1a: Sneasler|1
|-damage|p2b: Venusaur|39/100
|-enditem|p1a: Sneasler|Focus Sash
|-damage|p1a: Sneasler|1/100
|-damage|p1b: Falinks|60/100
|move|p1b: Falinks|No Retreat|p1b: Falinks
|-boost|p1b: Falinks|atk|1
|-boost|p1b: Falinks|def|1
|-boost|p1b: Falinks|spa|1
|-boost|p1b: Falinks|spd|1
|-boost|p1b: Falinks|spe|1
|-start|p1b: Falinks|move: No Retreat
|cant|p2b: Venusaur|flinch
|
|upkeep
|turn|2
|inactive|ToastedArt has 30 seconds left.
|
|t:|1785001156
|switch|p1a: Incineroar|Incineroar, L50, F|100/100
|-ability|p1a: Incineroar|Intimidate|boost
|-unboost|p2a: Garchomp|atk|1
|-unboost|p2b: Venusaur|atk|1
|move|p1b: Falinks|Protect|p1b: Falinks
|-singleturn|p1b: Falinks|Protect
|move|p2b: Venusaur|Protect|p2b: Venusaur
|-singleturn|p2b: Venusaur|Protect
|move|p2a: Garchomp|Earthquake|p1a: Incineroar|[spread] p1a
|-activate|p2b: Venusaur|move: Protect
|-activate|p1b: Falinks|move: Protect
|-supereffective|p1a: Incineroar|1
|-damage|p1a: Incineroar|66/100
|
|upkeep
|turn|3
|
|t:|1785001170
|switch|p2a: Toxapex|Toxapex, L50, M|100/100
|switch|p2b: Charizard|Charizard, L50, F|100/100
|move|p1b: Falinks|Rock Slide|p2a: Toxapex|[spread] 
|-miss|p1b: Falinks|p2a: Toxapex
|-miss|p1b: Falinks|p2b: Charizard
|move|p1a: Incineroar|Parting Shot|p2b: Charizard
|-unboost|p2b: Charizard|atk|1
|-unboost|p2b: Charizard|spa|1
|
|t:|1785001180
|switch|p1a: Sneasler|Sneasler, L50, M|1/100|[from] Parting Shot
|
|upkeep
|turn|4
|
|t:|1785001187
|switch|p2b: Garchomp|Garchomp, L50, M|100/100
|move|p1b: Falinks|Rock Slide|p2b: Garchomp|[spread] p2a,p2b
|-resisted|p2b: Garchomp|1
|-damage|p2a: Toxapex|80/100
|-damage|p2b: Garchomp|86/100
|move|p1a: Sneasler|Coaching|p1b: Falinks
|-boost|p1b: Falinks|atk|1
|-boost|p1b: Falinks|def|1
|move|p2a: Toxapex|Toxic|p1b: Falinks
|-status|p1b: Falinks|tox
|
|-heal|p2a: Toxapex|85/100|[from] item: Leftovers
|-damage|p1b: Falinks|54/100 tox|[from] psn
|upkeep
|turn|5
|inactive|bbtrickzfanboy has 30 seconds left.
|
|t:|1785001216
|move|p1b: Falinks|Protect|p1b: Falinks
|-singleturn|p1b: Falinks|Protect
|move|p2b: Garchomp|Rock Slide|p1a: Sneasler|[spread] p1a
|-activate|p1b: Falinks|move: Protect
|-resisted|p1a: Sneasler|1
|-damage|p1a: Sneasler|0 fnt
|faint|p1a: Sneasler
|move|p2a: Toxapex|Infestation|p1b: Falinks
|-activate|p1b: Falinks|move: Protect
|
|-heal|p2a: Toxapex|91/100|[from] item: Leftovers
|-damage|p1b: Falinks|41/100 tox|[from] psn
|upkeep
|
|t:|1785001222
|switch|p1a: Incineroar|Incineroar, L50, F|66/100
|-ability|p1a: Incineroar|Intimidate|boost
|-unboost|p2a: Toxapex|atk|1
|-unboost|p2b: Garchomp|atk|1
|turn|6
|
|t:|1785001231
|move|p1a: Incineroar|Fake Out|p2a: Toxapex
|-damage|p2a: Toxapex|84/100
|move|p2b: Garchomp|Rock Slide|p1a: Incineroar|[spread] p1a,p1b
|-supereffective|p1a: Incineroar|1
|-crit|p1a: Incineroar
|-resisted|p1b: Falinks|1
|-damage|p1a: Incineroar|23/100
|-damage|p1b: Falinks|38/100 tox
|cant|p1b: Falinks|flinch
|cant|p2a: Toxapex|flinch
|
|-heal|p2a: Toxapex|90/100|[from] item: Leftovers
|-damage|p1b: Falinks|19/100 tox|[from] psn
|upkeep
|turn|7
|-message|ToastedArt forfeited.
|raw|ToastedArt's rating: 1047 → 1030(-17 for losing)
|raw|bbtrickzfanboy's rating: 1040 → 1075(+35 for winning)
|
|win|bbtrickzfanboy
