|j|☆Nychimuraa
|j|☆Catzuki
|html|NychimuraaCatzuki    
|uhtml|bestof|Game 2 of a best-of-3
|t:|1785894080
|gametype|doubles
|player|p1|Nychimuraa|fisherman|1000
|player|p2|Catzuki|101|1032
|gen|9
|tier|[Gen 9 Champions] VGC 2026 Reg M-B (Bo3)
|rated|
|rule|Species Clause: Limit one of each Pokémon
|rule|Item Clause: Limit 1 of each item
|clearpoke
|poke|p1|Alcremie, L50, F|
|poke|p1|Rotom-Frost, L50|
|poke|p1|Houndstone, L50, F|
|poke|p1|Ninetales-Alola, L50, M|
|poke|p1|Volcarona, L50, F|
|poke|p1|Dragapult, L50, F|
|poke|p2|Grimmsnarl, L50, M|
|poke|p2|Hydreigon, L50, M|
|poke|p2|Toxapex, L50, F|
|poke|p2|Incineroar, L50, F|
|poke|p2|Charizard, L50, M|
|poke|p2|Venusaur, L50, F|
|teampreview|4
|showteam|p1|Alcremie||KebiaBerry|AromaVeil|AlluringVoice,Protect,Recover,Decorate|Calm||F|||50|]Rotom-Frost||OccaBerry|Levitate|Blizzard,Protect,Thunderbolt,VoltSwitch|Timid|||||50|]Houndstone||Leftovers|Fluffy|LastRespects,PlayRough,ShadowSneak,Protect|Brave||F|||50|]Ninetales-Alola||NeverMeltIce|SnowWarning|Blizzard,FreezeDry,Protect,Moonblast|Quiet||M|||50|]Volcarona||ChoiceScarf|FlameBody|BugBuzz,FireBlast,QuiverDance,Protect|Modest||F|||50|]Dragapult||LifeOrb|Infiltrator|DragonDarts,Uturn,Protect,PhantomForce|Jolly||F|||50|
|showteam|p2|Grimmsnarl||RoseliBerry|Prankster|PowerSwap,PartingShot,FakeTears,ScaryFace|Calm||M|||50|]Hydreigon||LifeOrb|Levitate|Protect,DracoMeteor,DarkPulse,FlashCannon|Modest||M|||50|]Toxapex||Leftovers|Regenerator|Infestation,Toxic,WideGuard,BanefulBunker|Bold||F|||50|]Incineroar||SitrusBerry|Intimidate|FlareBlitz,ThroatChop,FakeOut,PartingShot|Impish||F|||50|]Charizard||CharizarditeY|Blaze|HeatWave,Overheat,Hurricane,Protect|Modest||M|||50|]Venusaur||FocusSash|Chlorophyll|LeafStorm,SludgeBomb,EarthPower,Protect|Modest||F|||50|
|inactive|Battle timer is ON: inactive players will automatically lose when time's up. (requested by Catzuki)
|
|t:|1785894103
|teamsize|p1|4
|teamsize|p2|4
|start
|switch|p1a: Volcarona|Volcarona, L50, F|100/100
|switch|p1b: Cachoroo|Houndstone, L50, F|100/100
|switch|p2a: Grimmsnarl|Grimmsnarl, L50, M|100/100
|switch|p2b: Hydreigon|Hydreigon, L50, M|100/100
|turn|1
|inactive|Nychimuraa has 30 seconds left.
|
|t:|1785894137
|switch|p1b: Geladeira|Rotom-Frost, L50|100/100
|move|p2b: Hydreigon|Protect|p2b: Hydreigon
|-singleturn|p2b: Hydreigon|Protect
|move|p2a: Grimmsnarl|Scary Face|p1a: Volcarona
|-unboost|p1a: Volcarona|spe|2
|move|p1a: Volcarona|Bug Buzz|p2b: Hydreigon
|-activate|p2b: Hydreigon|move: Protect
|
|upkeep
|turn|2
|
|t:|1785894161
|switch|p2b: Incineroar|Incineroar, L50, F|100/100
|-ability|p2b: Incineroar|Intimidate|boost
|-unboost|p1a: Volcarona|atk|1
|-unboost|p1b: Geladeira|atk|1
|move|p2a: Grimmsnarl|Parting Shot|p1b: Geladeira
|-unboost|p1b: Geladeira|atk|1
|-unboost|p1b: Geladeira|spa|1
|
|t:|1785894168
|switch|p2a: Charizard|Charizard, L50, M|100/100|[from] Parting Shot
|move|p1b: Geladeira|Blizzard|p2b: Incineroar|[spread] 
|-miss|p1b: Geladeira|p2a: Charizard
|-miss|p1b: Geladeira|p2b: Incineroar
|move|p1a: Volcarona|Bug Buzz|p2b: Incineroar
|-damage|p2b: Incineroar|53/100
|
|upkeep
|turn|3
|
|t:|1785894190
|detailschange|p2a: Charizard|Charizard-Mega-Y, L50, M
|-mega|p2a: Charizard|Charizard|Charizardite Y
|-weather|SunnyDay|[from] ability: Drought|[of] p2a: Charizard
|move|p2b: Incineroar|Fake Out|p1b: Geladeira
|-damage|p1b: Geladeira|85/100
|cant|p1b: Geladeira|flinch
|move|p2a: Charizard|Heat Wave|p1a: Volcarona|[spread] p1b
|-miss|p2a: Charizard|p1a: Volcarona
|-supereffective|p1b: Geladeira|1
|-enditem|p1b: Geladeira|Occa Berry|[eat]
|-enditem|p1b: Geladeira|Occa Berry|[weaken]
|-damage|p1b: Geladeira|0 fnt
|faint|p1b: Geladeira
|move|p1a: Volcarona|Bug Buzz|p2b: Incineroar
|-damage|p2b: Incineroar|7/100
|-enditem|p2b: Incineroar|Sitrus Berry|[eat]
|-heal|p2b: Incineroar|32/100|[from] item: Sitrus Berry
|
|-weather|SunnyDay|[upkeep]
|upkeep
|
|t:|1785894208
|switch|p1b: Dragapult|Dragapult, L50, F|100/100
|turn|4
|
|t:|1785894222
|move|p1b: Dragapult|Dragon Darts|p2b: Incineroar
|-damage|p2b: Incineroar|8/100
|-anim|p1b: Dragapult|Dragon Darts|p2a: Charizard
|-damage|p2a: Charizard|69/100
|-damage|p1b: Dragapult|90/100|[from] item: Life Orb
|move|p2a: Charizard|Heat Wave|p1b: Dragapult|[spread] p1a,p1b
|-resisted|p1b: Dragapult|1
|-damage|p1a: Volcarona|32/100
|-damage|p1b: Dragapult|46/100
|-status|p1b: Dragapult|brn
|move|p1a: Volcarona|Bug Buzz|p2a: Charizard
|-resisted|p2a: Charizard|2
|-damage|p2a: Charizard|58/100
|move|p2b: Incineroar|Throat Chop|p1b: Dragapult
|-supereffective|p1b: Dragapult|1
|-damage|p1b: Dragapult|0 fnt
|faint|p1b: Dragapult
|
|-weather|SunnyDay|[upkeep]
|upkeep
|
|t:|1785894238
|switch|p1b: Cachoroo|Houndstone, L50, F|100/100
|turn|5
|
|t:|1785894247
|move|p2a: Charizard|Heat Wave|p1b: Cachoroo|[spread] p1a,p1b
|-damage|p1a: Volcarona|0 fnt
|-damage|p1b: Cachoroo|0 fnt
|faint|p1a: Volcarona
|faint|p1b: Cachoroo
|
|win|Catzuki
|raw|Nychimuraa's rating: 1000 → 1000(+0 for losing)
|raw|Catzuki's rating: 1032 → 1064(+32 for winning)
