|j|☆LorGhez
|j|☆bhs24
|html|LorGhezbhs24    
|uhtml|bestof|Game 1 of a best-of-3
|t:|1782756715
|gametype|doubles
|player|p1|LorGhez|169|1125
|player|p2|bhs24|lucas-gen4pt|1069
|gen|9
|tier|[Gen 9 Champions] VGC 2026 Reg M-B (Bo3)
|rated|
|rule|Species Clause: Limit one of each Pokémon
|rule|Item Clause: Limit 1 of each item
|clearpoke
|poke|p1|Sceptile, L50, M|
|poke|p1|Sylveon, L50, F|
|poke|p1|Rotom-Wash, L50|
|poke|p1|Aerodactyl, L50, F|
|poke|p1|Incineroar, L50, F|
|poke|p1|Kingambit, L50, F|
|poke|p2|Raichu, L50, F|
|poke|p2|Sinistcha, L50|
|poke|p2|Aerodactyl, L50, M|
|poke|p2|Annihilape, L50, F|
|poke|p2|Maushold, L50|
|poke|p2|Aggron, L50, F|
|teampreview|4
|showteam|p1|Sceptile||Sceptilite|Overgrow|Protect,LeafStorm,DragonPulse,EarthPower|Timid||M|||50|]Sylveon||FairyFeather|Pixilate|Protect,HyperBeam,HyperVoice,QuickAttack|Modest||F|||50|]Rotom-Wash||Leftovers|Levitate|WillOWisp,Discharge,HydroPump,LightScreen|Modest|||||50|]Aerodactyl||Aerodactylite|Unnerve|Protect,Tailwind,RockSlide,IceFang|Jolly||F|||50|]Incineroar||SitrusBerry|Intimidate|FakeOut,PartingShot,ThroatChop,FlareBlitz|Careful||F|||50|]Kingambit||BlackGlasses|Defiant|Protect,SuckerPunch,KowtowCleave,IronHead|Adamant||F|||50|
|showteam|p2|Raichu||RaichuniteY|Static|ZapCannon,FocusBlast,FakeOut,Protect|Hasty||F|||50|]Sinistcha||SitrusBerry|Hospitality|MatchaGotcha,TrickRoom,RagePowder,StrengthSap|Relaxed|||||50|]Aerodactyl||FocusSash|Unnerve|Tailwind,RockSlide,WideGuard,DualWingbeat|Jolly||M|||50|]Annihilape||LifeOrb|Defiant|BulkUp,DrainPunch,RageFist,IcePunch|Adamant||F|||50|]Maushold||ChopleBerry|FriendGuard|BeatUp,FollowMe,SuperFang,Taunt|Bold|||||50|]Aggron||Aggronite|HeavyMetal|BodyPress,HeavySlam,Curse,RockSlide|Impish||F|||50|
|inactive|Battle timer is ON: inactive players will automatically lose when time's up. (requested by bhs24)
|inactive|LorGhez has 60 seconds left.
|inactive|bhs24 has 60 seconds left.
|inactive|LorGhez has 30 seconds left.
|inactive|bhs24 has 30 seconds left.
|inactive|LorGhez has 20 seconds left.
|inactive|bhs24 has 20 seconds left.
|inactive|LorGhez has 15 seconds left.
|inactive|bhs24 has 15 seconds left.
|inactive|LorGhez has 10 seconds left.
|inactive|bhs24 has 10 seconds left.
|inactive|LorGhez has 5 seconds left.
|
|t:|1782756802
|teamsize|p1|4
|teamsize|p2|4
|start
|switch|p1a: Aerodactyl|Aerodactyl, L50, F|100/100
|switch|p1b: Incineroar|Incineroar, L50, F|100/100
|switch|p2a: Aggron|Aggron, L50, F|100/100
|switch|p2b: Aerodactyl|Aerodactyl, L50, M|100/100
|-ability|p1a: Aerodactyl|Unnerve
|-ability|p2b: Aerodactyl|Unnerve
|-ability|p1b: Incineroar|Intimidate|boost
|-unboost|p2a: Aggron|atk|1
|-unboost|p2b: Aerodactyl|atk|1
|turn|1
|inactive|LorGhez has 30 seconds left.
|inactive|bhs24 has 30 seconds left.
|
|t:|1782756832
|detailschange|p2a: Aggron|Aggron-Mega, L50, F
|-mega|p2a: Aggron|Aggron|Aggronite
|move|p2b: Aerodactyl|Wide Guard|p2b: Aerodactyl
|-singleturn|p2b: Aerodactyl|Wide Guard
|move|p1b: Incineroar|Fake Out|p2b: Aerodactyl
|-resisted|p2b: Aerodactyl|1
|-damage|p2b: Aerodactyl|91/100
|move|p1a: Aerodactyl|Tailwind|p1a: Aerodactyl
|-sidestart|p1: LorGhez|move: Tailwind
|move|p2a: Aggron|Curse|p2a: Aggron
|-unboost|p2a: Aggron|spe|1
|-boost|p2a: Aggron|atk|1
|-boost|p2a: Aggron|def|1
|
|upkeep
|turn|2
|inactive|LorGhez has 30 seconds left.
|
|t:|1782756862
|move|p1a: Aerodactyl|Ice Fang|p2b: Aerodactyl
|-supereffective|p2b: Aerodactyl|1
|-damage|p2b: Aerodactyl|25/100
|move|p2b: Aerodactyl|Rock Slide|p1a: Aerodactyl|[spread] p1a,p1b
|-supereffective|p1a: Aerodactyl|1
|-supereffective|p1b: Incineroar|1
|-damage|p1a: Aerodactyl|49/100
|-damage|p1b: Incineroar|69/100
|cant|p1b: Incineroar|flinch
|move|p2a: Aggron|Curse|p2a: Aggron
|-unboost|p2a: Aggron|spe|1
|-boost|p2a: Aggron|atk|1
|-boost|p2a: Aggron|def|1
|
|upkeep
|turn|3
|inactive|LorGhez has 30 seconds left.
|inactive|LorGhez has 20 seconds left.
|inactive|LorGhez has 15 seconds left.
|inactive|LorGhez has 10 seconds left.
|inactive|LorGhez has 5 seconds left.
|
|t:|1782756914
|move|p2b: Aerodactyl|Wide Guard|p2b: Aerodactyl
|-singleturn|p2b: Aerodactyl|Wide Guard
|move|p1a: Aerodactyl|Ice Fang|p2b: Aerodactyl
|-supereffective|p2b: Aerodactyl|1
|-damage|p2b: Aerodactyl|0 fnt
|faint|p2b: Aerodactyl
|move|p1b: Incineroar|Flare Blitz|p2a: Aggron
|-supereffective|p2a: Aggron|1
|-damage|p2a: Aggron|81/100
|-damage|p1b: Incineroar|64/100|[from] Recoil
|move|p2a: Aggron|Curse|p2a: Aggron
|-unboost|p2a: Aggron|spe|1
|-boost|p2a: Aggron|atk|1
|-boost|p2a: Aggron|def|1
|
|upkeep
|
|t:|1782756935
|switch|p2b: Sinistcha|Sinistcha, L50|100/100
|-heal|p2a: Aggron|100/100|[from] ability: Hospitality|[of] p2b: Sinistcha
|turn|4
|
|t:|1782756950
|switch|p2b: Annihilape|Annihilape, L50, F|100/100
|move|p1a: Aerodactyl|Ice Fang|p2b: Annihilape
|-damage|p2b: Annihilape|77/100
|move|p1b: Incineroar|Throat Chop|p2b: Annihilape
|-damage|p2b: Annihilape|36/100
|-start|p2b: Annihilape|Throat Chop|[silent]
|move|p2a: Aggron|Rock Slide|p1a: Aerodactyl|[spread] 
|-miss|p2a: Aggron|p1a: Aerodactyl
|-miss|p2a: Aggron|p1b: Incineroar
|
|-sideend|p1: LorGhez|move: Tailwind
|upkeep
|turn|5
|inactive|bhs24 has 30 seconds left.
|inactive|bhs24 has 20 seconds left.
|inactive|bhs24 has 15 seconds left.
|inactive|bhs24 has 10 seconds left.
|
|t:|1782756997
|move|p1a: Aerodactyl|Ice Fang|p2b: Annihilape
|-damage|p2b: Annihilape|13/100
|-status|p2b: Annihilape|frz
|cant|p2b: Annihilape|frz
|move|p1b: Incineroar|Throat Chop|p2b: Annihilape
|-damage|p2b: Annihilape|0 fnt
|faint|p2b: Annihilape
|move|p2a: Aggron|Rock Slide|p1b: Incineroar|[spread] p1a,p1b
|-supereffective|p1a: Aerodactyl|1
|-supereffective|p1b: Incineroar|1
|-damage|p1a: Aerodactyl|0 fnt
|-damage|p1b: Incineroar|0 fnt
|faint|p1a: Aerodactyl
|faint|p1b: Incineroar
|
|upkeep
|
|t:|1782757012
|switch|p1a: Sylveon|Sylveon, L50, F|100/100
|switch|p2b: Sinistcha|Sinistcha, L50|100/100
|switch|p1b: Sceptile|Sceptile, L50, M|100/100
|turn|6
|inactive|LorGhez has 30 seconds left.
|inactive|LorGhez has 20 seconds left.
|
|t:|1782757049
|detailschange|p1b: Sceptile|Sceptile-Mega, L50, M
|-mega|p1b: Sceptile|Sceptile|Sceptilite
|move|p1b: Sceptile|Earth Power|p2a: Aggron
|-supereffective|p2a: Aggron|1
|-damage|p2a: Aggron|36/100
|move|p1a: Sylveon|Hyper Beam|p2a: Aggron
|-resisted|p2a: Aggron|1
|-damage|p2a: Aggron|0 fnt
|-mustrecharge|p1a: Sylveon
|faint|p2a: Aggron
|move|p2b: Sinistcha|Trick Room|p2b: Sinistcha
|-fieldstart|move: Trick Room|[of] p2b: Sinistcha
|
|upkeep
|turn|7
|
|t:|1782757071
|cant|p1a: Sylveon|recharge
|move|p2b: Sinistcha|Matcha Gotcha|p1a: Sylveon|[spread] p1a,p1b
|-resisted|p1b: Sceptile|2
|-damage|p1a: Sylveon|82/100
|-damage|p1b: Sceptile|93/100
|move|p1b: Sceptile|Earth Power|p2b: Sinistcha
|-resisted|p2b: Sinistcha|1
|-damage|p2b: Sinistcha|84/100
|
|upkeep
|turn|8
|
|t:|1782757083
|move|p1a: Sylveon|Hyper Voice|p2b: Sinistcha
|-damage|p2b: Sinistcha|16/100
|-enditem|p2b: Sinistcha|Sitrus Berry|[eat]
|-heal|p2b: Sinistcha|41/100|[from] item: Sitrus Berry
|move|p2b: Sinistcha|Matcha Gotcha|p1b: Sceptile|[spread] p1a,p1b
|-resisted|p1b: Sceptile|2
|-damage|p1a: Sylveon|65/100
|-heal|p2b: Sinistcha|50/100g|[from] drain|[of] p1a: Sylveon
|-damage|p1b: Sceptile|86/100
|-heal|p2b: Sinistcha|53/100|[from] drain|[of] p1b: Sceptile
|-status|p1a: Sylveon|brn
|move|p1b: Sceptile|Earth Power|p2b: Sinistcha
|-resisted|p2b: Sinistcha|1
|-damage|p2b: Sinistcha|38/100
|
|-damage|p1a: Sylveon|59/100 brn|[from] brn
|upkeep
|turn|9
|
|t:|1782757105
|move|p1a: Sylveon|Hyper Voice|p2b: Sinistcha
|-damage|p2b: Sinistcha|0 fnt
|faint|p2b: Sinistcha
|
|win|LorGhez
||bhs24 is ready for game 2.
||LorGhez is ready for game 2.
|uhtml|next|Next: Game 2 of 3
|l|☆bhs24
|player|p2|
