|j|☆psychic system
|j|☆Er Yayo
|html|psychic systemEr Yayo    
|uhtml|bestof|Game 2 of a best-of-3
|t:|1756834444
|gametype|doubles
|player|p1|psychic system|lucas|1050
|player|p2|Er Yayo|170|1158
|gen|9
|tier|[Gen 9] VGC 2025 Reg H (Bo3)
|rated|
|rule|Species Clause: Limit one of each Pokémon
|rule|Item Clause: Limit 1 of each item
|clearpoke
|poke|p1|Milotic, L50, M|
|poke|p1|Florges, L50, F|
|poke|p1|Amoonguss, L50, F|
|poke|p1|Kingambit, L50, M|
|poke|p1|Typhlosion-Hisui, L50, M|
|poke|p1|Kilowattrel, L50, M|
|poke|p2|Porygon2, L50|
|poke|p2|Charizard, L50, M|
|poke|p2|Jumpluff, L50, M|
|poke|p2|Torkoal, L50, M|
|poke|p2|Ursaluna, L50, M|
|poke|p2|Incineroar, L50, F|
|teampreview|4
|showteam|p1|Milotic||AssaultVest|Competitive|Scald,MuddyWater,IcyWind,MirrorCoat|||M|||50|,,,,,Grass]Florges||Leftovers|FlowerVeil|CalmMind,Moonblast,SkillSwap,Protect|||F|||50|,,,,,Poison]Amoonguss||SitrusBerry|Regenerator|ClearSmog,Spore,PollenPuff,RagePowder|||F|||50|,,,,,Water]Kingambit||BlackGlasses|Defiant|Protect,KowtowCleave,SuckerPunch,SwordsDance|||M|||50|,,,,,Dark]Typhlosion-Hisui||ChoiceScarf|Blaze|Eruption,HeatWave,ShadowBall,FocusBlast|||M|||50|,,,,,Fire]Kilowattrel||FocusSash|WindPower|Thunderbolt,AirSlash,Tailwind,Protect|||M|||50|,,,,,Ghost
|showteam|p2|Porygon2||Eviolite|Download|TeraBlast,IceBeam,TrickRoom,Recover||||||50|,,,,,Fighting]Charizard||ChoiceSpecs|SolarPower|HeatWave,Overheat,WeatherBall,AirSlash|||M|||50|,,,,,Ghost]Jumpluff||CovertCloak|Chlorophyll|Tailwind,SleepPowder,SunnyDay,RagePowder|||M|||50|,,,,,Dark]Torkoal||EjectPack|Drought|Eruption,Overheat,HelpingHand,Protect|||M|||50|,,,,,Fire]Ursaluna||FlameOrb|Guts|Facade,HeadlongRush,Earthquake,Protect|||M|||50|,,,,,Ghost]Incineroar||SitrusBerry|Intimidate|FlareBlitz,KnockOff,PartingShot,FakeOut|||F|||50|,,,,,Ghost
|inactive|Battle timer is ON: inactive players will automatically lose when time's up. (requested by psychic system)
|
|t:|1756834474
|teamsize|p1|4
|teamsize|p2|4
|start
|switch|p1a: Amoonguss|Amoonguss, L50, F|100/100
|switch|p1b: Kilowattrel|Kilowattrel, L50, M|100/100
|switch|p2a: Jumpluff|Jumpluff, L50, M|100/100
|switch|p2b: Torkoal|Torkoal, L50, M|100/100
|-weather|SunnyDay|[from] ability: Drought|[of] p2b: Torkoal
|turn|1
|inactive|psychic system has 30 seconds left.
|
|t:|1756834504
|-terastallize|p1a: Amoonguss|Water
|move|p2b: Torkoal|Protect|p2b: Torkoal
|-singleturn|p2b: Torkoal|Protect
|move|p2a: Jumpluff|Sleep Powder|p1b: Kilowattrel
|-status|p1b: Kilowattrel|slp|[from] move: Sleep Powder
|cant|p1b: Kilowattrel|slp
|move|p1a: Amoonguss|Spore|p2b: Torkoal
|-activate|p2b: Torkoal|move: Protect
|
|-weather|SunnyDay|[upkeep]
|upkeep
|turn|2
|
|t:|1756834523
|move|p2a: Jumpluff|Tailwind|p2a: Jumpluff
|-sidestart|p2: Er Yayo|move: Tailwind
|cant|p1b: Kilowattrel|slp
|move|p2b: Torkoal|Overheat|p1b: Kilowattrel
|-enditem|p1b: Kilowattrel|Focus Sash
|-damage|p1b: Kilowattrel|1/100 slp
|-unboost|p2b: Torkoal|spa|2
|-enditem|p2b: Torkoal|Eject Pack
|
|t:|1756834536
|switch|p2b: Ursaluna|Ursaluna, L50, M|100/100
|move|p1a: Amoonguss|Spore|p2b: Ursaluna
|-status|p2b: Ursaluna|slp|[from] move: Spore
|
|-weather|SunnyDay|[upkeep]
|upkeep
|turn|3
|
|t:|1756834561
|move|p2a: Jumpluff|Sleep Powder|p1a: Amoonguss|[miss]
|-miss|p2a: Jumpluff|p1a: Amoonguss
|cant|p1b: Kilowattrel|slp
|cant|p2b: Ursaluna|slp
|move|p1a: Amoonguss|Spore|p2a: Jumpluff
|-immune|p2a: Jumpluff
|
|-weather|SunnyDay|[upkeep]
|upkeep
|turn|4
|
|t:|1756834576
|move|p2a: Jumpluff|Sleep Powder|p1a: Amoonguss
|-status|p1a: Amoonguss|slp|[from] move: Sleep Powder
|-curestatus|p1b: Kilowattrel|slp|[msg]
|move|p1b: Kilowattrel|Air Slash|p2a: Jumpluff
|-supereffective|p2a: Jumpluff
|-damage|p2a: Jumpluff|27/100
|cant|p2b: Ursaluna|slp
|cant|p1a: Amoonguss|slp
|
|-weather|SunnyDay|[upkeep]
|upkeep
|turn|5
|
|t:|1756834598
|switch|p2a: Torkoal|Torkoal, L50, M|100/100
|move|p1b: Kilowattrel|Protect|p1b: Kilowattrel
|-singleturn|p1b: Kilowattrel|Protect
|cant|p2b: Ursaluna|slp
|cant|p1a: Amoonguss|slp
|
|-weather|none
|-sideend|p2: Er Yayo|move: Tailwind
|upkeep
|turn|6
|inactive|psychic system has 30 seconds left.
|inactive|psychic system has 20 seconds left.
|
|t:|1756834636
|-curestatus|p2b: Ursaluna|slp|[msg]
|move|p2b: Ursaluna|Protect|p2b: Ursaluna
|-singleturn|p2b: Ursaluna|Protect
|move|p1b: Kilowattrel|Thunderbolt|p2a: Torkoal
|-damage|p2a: Torkoal|41/100
|-curestatus|p1a: Amoonguss|slp|[msg]
|move|p1a: Amoonguss|Spore|p2b: Ursaluna
|-activate|p2b: Ursaluna|move: Protect
|move|p2a: Torkoal|Overheat|p1b: Kilowattrel
|-damage|p1b: Kilowattrel|0 fnt
|-unboost|p2a: Torkoal|spa|2
|faint|p1b: Kilowattrel
|
|-status|p2b: Ursaluna|brn|[from] item: Flame Orb
|upkeep
|inactive|psychic system has 30 seconds left.
|
|t:|1756834662
|switch|p1b: Typhlosion|Typhlosion-Hisui, L50, M|100/100
|turn|7
|inactive|psychic system has 30 seconds left.
|
|t:|1756834689
|move|p2a: Torkoal|Protect|p2a: Torkoal
|-singleturn|p2a: Torkoal|Protect
|move|p1a: Amoonguss|Rage Powder|p1a: Amoonguss
|-singleturn|p1a: Amoonguss|move: Rage Powder
|move|p1b: Typhlosion|Eruption|p2a: Torkoal|[spread] p2b
|-activate|p2a: Torkoal|move: Protect
|-damage|p2b: Ursaluna|45/100 brn
|move|p2b: Ursaluna|Earthquake|p1a: Amoonguss|[spread] p1a,p1b
|-activate|p2a: Torkoal|move: Protect
|-supereffective|p1b: Typhlosion
|-damage|p1a: Amoonguss|48/100
|-damage|p1b: Typhlosion|0 fnt
|-enditem|p1a: Amoonguss|Sitrus Berry|[eat]
|-heal|p1a: Amoonguss|72/100|[from] item: Sitrus Berry
|faint|p1b: Typhlosion
|
|-damage|p2b: Ursaluna|40/100 brn|[from] brn
|upkeep
|
|t:|1756834705
|switch|p1b: Kingambit|Kingambit, L50, M|100/100
|turn|8
|
|t:|1756834717
|switch|p2a: Jumpluff|Jumpluff, L50, M|27/100
|move|p2b: Ursaluna|Protect|p2b: Ursaluna
|-singleturn|p2b: Ursaluna|Protect
|move|p1a: Amoonguss|Rage Powder|p1a: Amoonguss
|-singleturn|p1a: Amoonguss|move: Rage Powder
|move|p1b: Kingambit|Kowtow Cleave|p2a: Jumpluff
|-damage|p2a: Jumpluff|0 fnt
|faint|p2a: Jumpluff
|
|-damage|p2b: Ursaluna|34/100 brn|[from] brn
|upkeep
|
|t:|1756834728
|switch|p2a: Charizard|Charizard, L50, M|100/100
|turn|9
|
|t:|1756834746
|switch|p2b: Torkoal|Torkoal, L50, M|41/100
|-weather|SunnyDay|[from] ability: Drought|[of] p2b: Torkoal
|move|p1b: Kingambit|Sucker Punch|p2a: Charizard
|-damage|p2a: Charizard|30/100
|move|p2a: Charizard|Heat Wave|p1b: Kingambit|[spread] p1a,p1b
|-resisted|p1a: Amoonguss
|-supereffective|p1b: Kingambit
|-crit|p1b: Kingambit
|-damage|p1a: Amoonguss|17/100
|-damage|p1b: Kingambit|0 fnt
|faint|p1b: Kingambit
|move|p1a: Amoonguss|Spore|p2a: Charizard
|-status|p2a: Charizard|slp|[from] move: Spore
|
|-weather|SunnyDay|[upkeep]
|-damage|p2a: Charizard|17/100 slp|[from] ability: Solar Power|[of] p2a: Charizard
|upkeep
|turn|10
|-message|psychic system forfeited.
|
|win|Er Yayo
||Er Yayo is ready for game 3.
||psychic system is ready for game 3.
|uhtml|next|Next: Game 3 of 3
|l|☆Er Yayo
|player|p2|
