|j|☆Lord Of Bulky
|j|☆Pokemonkey25
|html|Lord Of BulkyPokemonkey25    
|uhtml|bestof|Game 1 of a best-of-3
|t:|1784478468
|gametype|doubles
|player|p1|Lord Of Bulky|alder|1170
|player|p2|Pokemonkey25|swimmerf|1104
|gen|9
|tier|[Gen 9 Champions] VGC 2026 Reg M-B (Bo3)
|rated|
|rule|Species Clause: Limit one of each Pokémon
|rule|Item Clause: Limit 1 of each item
|clearpoke
|poke|p1|Politoed, L50, F|
|poke|p1|Swampert, L50, M, shiny|
|poke|p1|Incineroar, L50, F|
|poke|p1|Archaludon, L50, F, shiny|
|poke|p1|Gengar, L50, F, shiny|
|poke|p1|Vivillon-Fancy, L50, F, shiny|
|poke|p2|Lucario, L50, F, shiny|
|poke|p2|Sinistcha, L50|
|poke|p2|Pelipper, L50, M|
|poke|p2|Swampert, L50, M|
|poke|p2|Grimmsnarl, L50, M|
|poke|p2|Maushold-Four, L50|
|teampreview|4
|showteam|p1|Politoed||SitrusBerry|Drizzle|WeatherBall,PerishSong,Encore,Protect|Calm||F|||50|]Swampert||Swampertite|Damp|WaveCrash,Earthquake,Protect,IcePunch|Adamant||M|||50|]Incineroar||PasshoBerry|Intimidate|ThroatChop,PartingShot,FakeOut,Protect|Sassy||F|||50|]Archaludon||Leftovers|Stamina|DragonPulse,FlashCannon,ElectroShot,Protect|Bold||F|||50|]Gengar||Gengarite|CursedBody|ShadowBall,PerishSong,SludgeBomb,Protect|Timid||F|||50|]Vivillon-Fancy||FocusSash|CompoundEyes|SleepPowder,Protect,RagePowder,Hurricane|Timid||F|||50|
|showteam|p2|Lucario||Lucarionite|Justified|BulkUp,Detect,DrainPunch,BulletPunch|Careful||F|||50|]Sinistcha||BrightPowder|Hospitality|RagePowder,MatchaGotcha,StrengthSap,Protect|Bold|||||50|]Pelipper||LifeOrb|Drizzle|WideGuard,MuddyWater,Hurricane,Tailwind|Modest||M|||50|]Swampert||Swampertite|Torrent|IcePunch,WaveCrash,Earthquake,Protect|Adamant||M|||50|]Grimmsnarl||LightClay|Prankster|LightScreen,Reflect,Taunt,PartingShot|Careful||M|||50|]Maushold-Four||MentalHerb|FriendGuard|FollowMe,BeatUp,SuperFang,Protect|Impish|||||50|
|inactive|Battle timer is ON: inactive players will automatically lose when time's up. (requested by Pokemonkey25)
|
|t:|1784478499
|teamsize|p1|4
|teamsize|p2|4
|start
|switch|p1a: Gengar|Gengar, L50, F, shiny|100/100
|switch|p1b: Incineroar|Incineroar, L50, F|100/100
|switch|p2a: Big Fat Goalie|Grimmsnarl, L50, M|100/100
|switch|p2b: Maushold|Maushold-Four, L50|100/100
|-ability|p1b: Incineroar|Intimidate|boost
|-unboost|p2a: Big Fat Goalie|atk|1
|-unboost|p2b: Maushold|atk|1
|turn|1
|inactive|Pokemonkey25 has 30 seconds left.
|
|t:|1784478524
|detailschange|p1a: Gengar|Gengar-Mega, L50, F, shiny
|-mega|p1a: Gengar|Gengar|Gengarite
|move|p1b: Incineroar|Fake Out|p2a: Big Fat Goalie
|-damage|p2a: Big Fat Goalie|93/100
|cant|p2a: Big Fat Goalie|flinch
|move|p1a: Gengar|Perish Song|p1a: Gengar
|-start|p1a: Gengar|perish3|[silent]
|-start|p1b: Incineroar|perish3|[silent]
|-start|p2a: Big Fat Goalie|perish3|[silent]
|-start|p2b: Maushold|perish3|[silent]
|-fieldactivate|move: Perish Song
|move|p2b: Maushold|Super Fang|p1b: Incineroar
|-damage|p1b: Incineroar|50/100g
|
|-start|p1a: Gengar|perish3
|-start|p2b: Maushold|perish3
|-start|p2a: Big Fat Goalie|perish3
|-start|p1b: Incineroar|perish3
|upkeep
|turn|2
|inactive|Pokemonkey25 has 30 seconds left.
|inactive|Pokemonkey25 has 20 seconds left.
|inactive|Pokemonkey25 has 15 seconds left.
|inactive|Pokemonkey25 has 10 seconds left.
|
|t:|1784478572
|move|p1a: Gengar|Protect|p1a: Gengar
|-singleturn|p1a: Gengar|Protect
|move|p1b: Incineroar|Protect|p1b: Incineroar
|-singleturn|p1b: Incineroar|Protect
|move|p2a: Big Fat Goalie|Parting Shot|p1a: Gengar
|-activate|p1a: Gengar|move: Protect
|move|p2b: Maushold|Beat Up|p2a: Big Fat Goalie
|-resisted|p2a: Big Fat Goalie|2
|-damage|p2a: Big Fat Goalie|92/100
|-resisted|p2a: Big Fat Goalie|2
|-damage|p2a: Big Fat Goalie|92/100
|-resisted|p2a: Big Fat Goalie|2
|-damage|p2a: Big Fat Goalie|91/100
|-resisted|p2a: Big Fat Goalie|2
|-damage|p2a: Big Fat Goalie|91/100
|-hitcount|p2a: Big Fat Goalie|4
|
|-start|p1a: Gengar|perish2
|-start|p2b: Maushold|perish2
|-start|p2a: Big Fat Goalie|perish2
|-start|p1b: Incineroar|perish2
|upkeep
|turn|3
|inactive|Lord Of Bulky has 30 seconds left.
|inactive|Lord Of Bulky has 20 seconds left.
|
|t:|1784478608
|switch|p1a: Vivillon|Vivillon-Fancy, L50, F, shiny|100/100
|move|p2a: Big Fat Goalie|Parting Shot|p1a: Vivillon
|-unboost|p1a: Vivillon|atk|1
|-unboost|p1a: Vivillon|spa|1
|
|t:|1784478614
|switch|p2a: Lucario|Lucario, L50, F, shiny|100/100|[from] Parting Shot
|move|p2b: Maushold|Beat Up|p2a: Lucario
|-resisted|p2a: Lucario|1
|-damage|p2a: Lucario|99/100
|-ability|p2a: Lucario|Justified|boost
|-boost|p2a: Lucario|atk|1
|-resisted|p2a: Lucario|1
|-damage|p2a: Lucario|98/100
|-ability|p2a: Lucario|Justified|boost
|-boost|p2a: Lucario|atk|1
|-resisted|p2a: Lucario|1
|-damage|p2a: Lucario|97/100
|-ability|p2a: Lucario|Justified|boost
|-boost|p2a: Lucario|atk|1
|-resisted|p2a: Lucario|1
|-damage|p2a: Lucario|96/100
|-ability|p2a: Lucario|Justified|boost
|-boost|p2a: Lucario|atk|1
|-hitcount|p2a: Lucario|4
|move|p1b: Incineroar|Parting Shot|p2a: Lucario
|-unboost|p2a: Lucario|atk|1
|-unboost|p2a: Lucario|spa|1
|
|t:|1784478632
|switch|p1b: Gengar|Gengar-Mega, L50, F, shiny|100/100|[from] Parting Shot
|
|-start|p2b: Maushold|perish1
|upkeep
|turn|4
|inactive|Pokemonkey25 has 30 seconds left.
|
|t:|1784478662
|detailschange|p2a: Lucario|Lucario-Mega, L50, F, shiny
|-mega|p2a: Lucario|Lucario|Lucarionite
|move|p1b: Gengar|Protect|p1b: Gengar
|-singleturn|p1b: Gengar|Protect
|move|p2b: Maushold|Follow Me|p2b: Maushold
|-singleturn|p2b: Maushold|move: Follow Me
|move|p2a: Lucario|Bullet Punch|p1b: Gengar
|-activate|p1b: Gengar|move: Protect
|move|p1a: Vivillon|Sleep Powder|p2b: Maushold
|-status|p2b: Maushold|slp|[from] move: Sleep Powder
|
|-start|p2b: Maushold|perish0
|faint|p2b: Maushold
|upkeep
|
|t:|1784478676
|switch|p2b: Rachel Greep|Sinistcha, L50|100/100
|-heal|p2a: Lucario|100/100|[from] ability: Hospitality|[of] p2b: Rachel Greep
|turn|5
|
|t:|1784478686
|move|p1a: Vivillon|Rage Powder|p1a: Vivillon
|-singleturn|p1a: Vivillon|move: Rage Powder
|move|p2b: Rachel Greep|Rage Powder|p2b: Rachel Greep
|-singleturn|p2b: Rachel Greep|move: Rage Powder
|move|p2a: Lucario|Bullet Punch|p1a: Vivillon
|-crit|p1a: Vivillon
|-enditem|p1a: Vivillon|Focus Sash
|-damage|p1a: Vivillon|1/100
|move|p1b: Gengar|Perish Song|p1b: Gengar
|-start|p1a: Vivillon|perish3|[silent]
|-start|p1b: Gengar|perish3|[silent]
|-start|p2a: Lucario|perish3|[silent]
|-start|p2b: Rachel Greep|perish3|[silent]
|-fieldactivate|move: Perish Song
|
|-start|p1b: Gengar|perish3
|-start|p1a: Vivillon|perish3
|-start|p2a: Lucario|perish3
|-start|p2b: Rachel Greep|perish3
|upkeep
|turn|6
|
|t:|1784478706
|move|p1a: Vivillon|Rage Powder|p1a: Vivillon
|-singleturn|p1a: Vivillon|move: Rage Powder
|move|p2b: Rachel Greep|Rage Powder|p2b: Rachel Greep
|-singleturn|p2b: Rachel Greep|move: Rage Powder
|move|p1b: Gengar|Sludge Bomb|p2b: Rachel Greep
|-damage|p2b: Rachel Greep|56/100
|move|p2a: Lucario|Bulk Up|p2a: Lucario
|-boost|p2a: Lucario|atk|1
|-boost|p2a: Lucario|def|1
|
|-start|p1b: Gengar|perish2
|-start|p1a: Vivillon|perish2
|-start|p2a: Lucario|perish2
|-start|p2b: Rachel Greep|perish2
|upkeep
|turn|7
|inactive|Pokemonkey25 has 30 seconds left.
|
|t:|1784478734
|move|p1b: Gengar|Protect|p1b: Gengar
|-singleturn|p1b: Gengar|Protect
|move|p1a: Vivillon|Protect|p1a: Vivillon
|-singleturn|p1a: Vivillon|Protect
|move|p2a: Lucario|Bullet Punch|p1b: Gengar
|-activate|p1b: Gengar|move: Protect
|move|p2b: Rachel Greep|Matcha Gotcha|p1a: Vivillon|[spread] 
|-activate|p1a: Vivillon|move: Protect
|-activate|p1b: Gengar|move: Protect
|
|-start|p1b: Gengar|perish1
|-start|p1a: Vivillon|perish1
|-start|p2a: Lucario|perish1
|-start|p2b: Rachel Greep|perish1
|upkeep
|turn|8
|
|t:|1784478757
|switch|p1b: Incineroar|Incineroar, L50, F|50/100g
|-ability|p1b: Incineroar|Intimidate|boost
|-unboost|p2a: Lucario|atk|1
|-unboost|p2b: Rachel Greep|atk|1
|move|p1a: Vivillon|Rage Powder|p1a: Vivillon
|-singleturn|p1a: Vivillon|move: Rage Powder
|move|p2a: Lucario|Bullet Punch|p1a: Vivillon
|-damage|p1a: Vivillon|0 fnt
|faint|p1a: Vivillon
|move|p2b: Rachel Greep|Matcha Gotcha|p1b: Incineroar
|-resisted|p1b: Incineroar|1
|-damage|p1b: Incineroar|38/100
|-heal|p2b: Rachel Greep|63/100|[from] drain|[of] p1b: Incineroar
|
|-start|p2a: Lucario|perish0
|-start|p2b: Rachel Greep|perish0
|upkeep
|faint|p2a: Lucario
|faint|p2b: Rachel Greep
|-message|Pokemonkey25 forfeited.
|
|win|Lord Of Bulky
|l|☆Pokemonkey25
|player|p2|
