|j|☆Negapmahs
|j|☆bb23
|html|Negapmahsbb23    
|uhtml|bestof|Game 1 of a best-of-3
|t:|1757805205
|gametype|doubles
|player|p1|Negapmahs|veteranf|
|player|p2|bb23|cyclist-gen4|
|gen|9
|tier|[Gen 9] VGC 2025 Reg H (Bo3)
|rule|Species Clause: Limit one of each Pokémon
|rule|Item Clause: Limit 1 of each item
|clearpoke
|poke|p1|Vivillon-Fancy, L50, F|
|poke|p1|Garchomp, L50, M|
|poke|p1|Primarina, L50, F|
|poke|p1|Incineroar, L50, F|
|poke|p1|Gholdengo, L50|
|poke|p1|Porygon2, L50|
|poke|p2|Armarouge, L50, F|
|poke|p2|Indeedee-F, L50, F|
|poke|p2|Hatterene, L50, F|
|poke|p2|Ursaluna, L50, M|
|poke|p2|Torkoal, L50, M|
|poke|p2|Lilligant-Hisui, L50, F|
|teampreview|4
|showteam|p1|Vivillon-Fancy||FocusSash|CompoundEyes|Hurricane,SleepPowder,RagePowder,Protect|||F|||50|,,,,,Ghost]Garchomp||LifeOrb|RoughSkin|Earthquake,DragonClaw,StompingTantrum,Protect|||M|||50|,,,,,Water]Primarina||SitrusBerry|LiquidVoice|HyperVoice,Moonblast,Haze,Protect|||F|||50|,,,,,Grass]Incineroar||SafetyGoggles|Intimidate|FakeOut,FlareBlitz,PartingShot,KnockOff|||F|||50|,,,,,Ghost]Gholdengo||MetalCoat|GoodasGold|MakeItRain,ShadowBall,NastyPlot,Protect||||||50|,,,,,Dragon]Porygon2||Eviolite|Download|TeraBlast,IceBeam,Recover,TrickRoom||||||50|,,,,,Fighting
|showteam|p2|Armarouge||MindPlate|FlashFire|ExpandingForce,ArmorCannon,TrickRoom,Protect|||F|||50|,,,,,Dark]Indeedee-F||FocusSash|PsychicSurge|TrickRoom,HelpingHand,FollowMe,Psyshock|||F|||50|,,,,,Grass]Hatterene||CovertCloak|MagicBounce|DazzlingGleam,ExpandingForce,TrickRoom,Protect|||F|||50|,,,,,Steel]Ursaluna||FlameOrb|Guts|Facade,HeadlongRush,IcePunch,Protect|||M|||50|,,,,,Grass]Torkoal||Charcoal|Drought|Eruption,SolarBeam,HeatWave,Protect|||M|||50|,,,,,Grass]Lilligant-Hisui||WideLens|Chlorophyll|LeafBlade,CloseCombat,AfterYou,SleepPowder|||F|||50|,,,,,Steel
|j| Oreoking56
|
|t:|1757805232
|teamsize|p1|4
|teamsize|p2|4
|start
|switch|p1a: Makoto|Gholdengo, L50|100/100
|switch|p1b: Mitsuru|Primarina, L50, F|100/100
|switch|p2a: Indeedee|Indeedee-F, L50, F|100/100
|switch|p2b: Armarouge|Armarouge, L50, F|100/100
|-fieldstart|move: Psychic Terrain|[from] ability: Psychic Surge|[of] p2a: Indeedee
|turn|1
|
|t:|1757805259
|-terastallize|p1a: Makoto|Dragon
|-terastallize|p2b: Armarouge|Dark
|move|p2a: Indeedee|Follow Me|p2a: Indeedee
|-singleturn|p2a: Indeedee|move: Follow Me
|move|p1a: Makoto|Nasty Plot|p1a: Makoto
|-boost|p1a: Makoto|spa|2
|move|p1b: Mitsuru|Hyper Voice|p2a: Indeedee|[spread] p2a,p2b
|-damage|p2a: Indeedee|75/100
|-damage|p2b: Armarouge|61/100
|move|p2b: Armarouge|Trick Room|p2b: Armarouge
|-fieldstart|move: Trick Room|[of] p2b: Armarouge
|
|upkeep
|turn|2
|
|t:|1757805291
|move|p2a: Indeedee|Helping Hand|p2b: Armarouge
|-singleturn|p2b: Armarouge|Helping Hand|[of] p2a: Indeedee
|move|p2b: Armarouge|Expanding Force|p1a: Makoto|[spread] p1a,p1b
|-damage|p1a: Makoto|0 fnt
|-damage|p1b: Mitsuru|9/100
|-enditem|p1b: Mitsuru|Sitrus Berry|[eat]
|-heal|p1b: Mitsuru|33/100|[from] item: Sitrus Berry
|faint|p1a: Makoto
|move|p1b: Mitsuru|Moonblast|p2a: Indeedee
|-damage|p2a: Indeedee|42/100
|
|upkeep
|
|t:|1757805300
|switch|p1a: Aigis|Porygon2, L50, shiny|100/100
|-ability|p1a: Aigis|Download|boost
|-boost|p1a: Aigis|atk|1
|turn|3
|
|t:|1757805311
|move|p2a: Indeedee|Follow Me|p2a: Indeedee
|-singleturn|p2a: Indeedee|move: Follow Me
|move|p2b: Armarouge|Expanding Force|p1b: Mitsuru|[spread] p1a,p1b
|-damage|p1a: Aigis|53/100
|-damage|p1b: Mitsuru|0 fnt
|faint|p1b: Mitsuru
|move|p1a: Aigis|Tera Blast|p2a: Indeedee
|-damage|p2a: Indeedee|15/100
|
|upkeep
|
|t:|1757805313
|switch|p1b: Akihiko|Incineroar, L50, F|100/100
|-ability|p1b: Akihiko|Intimidate|boost
|-unboost|p2a: Indeedee|atk|1
|-unboost|p2b: Armarouge|atk|1
|turn|4
|
|t:|1757805330
|move|p2a: Indeedee|Follow Me|p2a: Indeedee
|-singleturn|p2a: Indeedee|move: Follow Me
|move|p2b: Armarouge|Expanding Force|p1a: Aigis|[spread] p1a
|-immune|p1b: Akihiko
|-damage|p1a: Aigis|9/100
|move|p1b: Akihiko|Flare Blitz|p2a: Indeedee
|-damage|p2a: Indeedee|0 fnt
|faint|p2a: Indeedee
|-damage|p1b: Akihiko|96/100|[from] Recoil
|move|p1a: Aigis|Trick Room|p1a: Aigis
|-fieldend|move: Trick Room
|
|upkeep
|
|t:|1757805341
|switch|p2a: Ursaluna|Ursaluna, L50, M|100/100
|turn|5
|
|t:|1757805353
|move|p1b: Akihiko|Knock Off|p2a: Ursaluna
|-damage|p2a: Ursaluna|71/100
|-enditem|p2a: Ursaluna|Flame Orb|[from] move: Knock Off|[of] p1b: Akihiko
|move|p1a: Aigis|Ice Beam|p2a: Ursaluna
|-supereffective|p2a: Ursaluna
|-damage|p2a: Ursaluna|25/100
|move|p2a: Ursaluna|Headlong Rush|p1b: Akihiko
|-supereffective|p1b: Akihiko
|-damage|p1b: Akihiko|0 fnt
|-unboost|p2a: Ursaluna|def|1
|-unboost|p2a: Ursaluna|spd|1
|faint|p1b: Akihiko
|move|p2b: Armarouge|Trick Room|p2b: Armarouge
|-fieldstart|move: Trick Room|[of] p2b: Armarouge
|
|-fieldend|move: Psychic Terrain
|upkeep
|turn|6
|
|t:|1757805372
|move|p2a: Ursaluna|Facade|p1a: Aigis
|-damage|p1a: Aigis|0 fnt
|faint|p1a: Aigis
|
|win|bb23
|c|☆Negapmahs|gg
||Negapmahs is ready for game 2.
|inactive|bb23 has 30 seconds to confirm battle start!
|c|☆bb23|Gg
||bb23 is ready for game 2.
|uhtml|next|Next: Game 2 of 3
|l| Oreoking56
|l|☆bb23
|player|p2|
