|j|☆okkoso
|j|☆heet12354
|html|okkosoheet12354    
|uhtml|bestof|Game 2 of a best-of-3
|t:|1757256904
|gametype|doubles
|player|p1|okkoso|waiter-gen4dp|1055
|player|p2|heet12354|ghetsis|1050
|gen|9
|tier|[Gen 9] VGC 2025 Reg H (Bo3)
|rated|
|rule|Species Clause: Limit one of each Pokémon
|rule|Item Clause: Limit 1 of each item
|clearpoke
|poke|p1|Gholdengo, L50|
|poke|p1|Incineroar, L50, F|
|poke|p1|Amoonguss, L50, M|
|poke|p1|Archaludon, L50, F|
|poke|p1|Pelipper, L50, F|
|poke|p1|Basculegion, L50, M|
|poke|p2|Sneasler, L50, F|
|poke|p2|Delphox, L50, F|
|poke|p2|Basculegion, L50, M|
|poke|p2|Whimsicott, L50, M|
|poke|p2|Indeedee, L50, M|
|poke|p2|Maushold, L50|
|teampreview|4
|showteam|p1|Gholdengo||LifeOrb|GoodasGold|MakeItRain,ShadowBall,NastyPlot,Protect||||||50|,,,,,Water]Incineroar||RockyHelmet|Intimidate|Taunt,KnockOff,PartingShot,FakeOut|||F|||50|,,,,,Ghost]Amoonguss||SitrusBerry|Regenerator|PollenPuff,Spore,RagePowder,Protect|||M|||50|,,,,,Water]Archaludon||AssaultVest|Stamina|DragonPulse,FlashCannon,ElectroShot,BodyPress|||F|||50|,,,,,Bug]Pelipper||FocusSash|Drizzle|WeatherBall,Hurricane,Tailwind,Protect|||F|||50|,,,,,Ground]Basculegion||ChoiceBand|SwiftSwim|WaveCrash,LastRespects,FlipTurn,AquaJet|||M|||50|,,,,,Water
|showteam|p2|Sneasler||PsychicSeed|Unburden|DireClaw,CloseCombat,ThroatChop,Protect|||F|||50|,,,,,Dark]Delphox||LifeOrb|Blaze|ExpandingForce,HeatWave,DazzlingGleam,Protect|||F|||50|,,,,,Fairy]Basculegion||ChoiceScarf|Adaptability|WaveCrash,LastRespects,FlipTurn,TeraBlast|||M|||50|,,,,,Grass]Whimsicott||CovertCloak|Prankster|Tailwind,Moonblast,HelpingHand,SunnyDay|||M|||50|,,,,,Water]Indeedee||FocusSash|PsychicSurge|ExpandingForce,TeraBlast,Imprison,TrickRoom|||M|||50|,,,,,Fighting]Maushold||WideLens|Technician|PopulationBomb,Taunt,FollowMe,Protect||||||50|,,,,,Ghost
|inactive|Battle timer is ON: inactive players will automatically lose when time's up. (requested by heet12354)
|
|t:|1757256924
|teamsize|p1|4
|teamsize|p2|4
|start
|switch|p1a: Incineroar|Incineroar, L50, F|100/100
|switch|p1b: Pelipper|Pelipper, L50, F|100/100
|switch|p2a: Aerials|Whimsicott, L50, M|100/100
|switch|p2b: Psycho|Delphox, L50, F|100/100
|-weather|RainDance|[from] ability: Drizzle|[of] p1b: Pelipper
|-ability|p1a: Incineroar|Intimidate|boost
|-unboost|p2a: Aerials|atk|1
|-unboost|p2b: Psycho|atk|1
|turn|1
|
|t:|1757256943
|-terastallize|p2b: Psycho|Fairy
|move|p1a: Incineroar|Fake Out|p2b: Psycho
|-damage|p2b: Psycho|82/100
|move|p2a: Aerials|Sunny Day|p2a: Aerials
|-weather|SunnyDay
|cant|p2b: Psycho|flinch
|move|p1b: Pelipper|Hurricane|p2a: Aerials
|-supereffective|p2a: Aerials
|-damage|p2a: Aerials|0 fnt
|faint|p2a: Aerials
|
|-weather|SunnyDay|[upkeep]
|upkeep
|
|t:|1757256953
|switch|p2a: Prison Song|Indeedee, L50, M|100/100
|-fieldstart|move: Psychic Terrain|[from] ability: Psychic Surge|[of] p2a: Prison Song
|turn|2
|
|t:|1757256976
|-terastallize|p1b: Pelipper|Ground
|move|p2b: Psycho|Heat Wave|p1b: Pelipper|[spread] p1a,p1b
|-resisted|p1a: Incineroar
|-damage|p1a: Incineroar|68/100
|-enditem|p1b: Pelipper|Focus Sash
|-damage|p1b: Pelipper|1/100
|-damage|p2b: Psycho|72/100|[from] item: Life Orb
|move|p2a: Prison Song|Expanding Force|p1a: Incineroar|[spread] p1b
|-immune|p1a: Incineroar
|-damage|p1b: Pelipper|0 fnt
|faint|p1b: Pelipper
|move|p1a: Incineroar|Knock Off|p2a: Prison Song
|-supereffective|p2a: Prison Song
|-enditem|p2a: Prison Song|Focus Sash
|-damage|p2a: Prison Song|1/100
|
|-weather|SunnyDay|[upkeep]
|upkeep
|
|t:|1757256989
|switch|p1b: Archaludon|Archaludon, L50, F|100/100
|turn|3
|
|t:|1757256999
|switch|p2a: Toxicity|Sneasler, L50, F|100/100
|-enditem|p2a: Toxicity|Psychic Seed
|-boost|p2a: Toxicity|spd|1|[from] item: Psychic Seed
|move|p2b: Psycho|Heat Wave|p1a: Incineroar|[spread] p1a,p1b
|-resisted|p1a: Incineroar
|-damage|p1a: Incineroar|36/100
|-damage|p1b: Archaludon|55/100
|-status|p1b: Archaludon|brn
|-ability|p1b: Archaludon|Stamina|boost
|-boost|p1b: Archaludon|def|1
|-damage|p2b: Psycho|62/100|[from] item: Life Orb
|move|p1b: Archaludon|Flash Cannon|p2b: Psycho
|-supereffective|p2b: Psycho
|-damage|p2b: Psycho|0 fnt
|faint|p2b: Psycho
|move|p1a: Incineroar|Knock Off|p2a: Toxicity
|-resisted|p2a: Toxicity
|-damage|p2a: Toxicity|75/100
|
|-weather|SunnyDay|[upkeep]
|-damage|p1b: Archaludon|49/100 brn|[from] brn
|upkeep
|
|t:|1757257017
|switch|p2b: Prison Song|Indeedee, L50, M|1/100
|turn|4
|inactive|okkoso has 30 seconds left.
|inactive|okkoso has 20 seconds left.
|
|t:|1757257052
|move|p2a: Toxicity|Close Combat|p1b: Archaludon
|-supereffective|p1b: Archaludon
|-damage|p1b: Archaludon|0 fnt
|-unboost|p2a: Toxicity|def|1
|-unboost|p2a: Toxicity|spd|1
|faint|p1b: Archaludon
|move|p2b: Prison Song|Tera Blast|p1a: Incineroar
|-damage|p1a: Incineroar|1/100
|move|p1a: Incineroar|Knock Off|p2b: Prison Song
|-supereffective|p2b: Prison Song
|-damage|p2b: Prison Song|0 fnt
|faint|p2b: Prison Song
|
|-weather|SunnyDay|[upkeep]
|upkeep
|
|t:|1757257064
|switch|p1b: Gholdengo|Gholdengo, L50|100/100
|turn|5
|
|t:|1757257072
|move|p2a: Toxicity|Close Combat|p1b: Gholdengo
|-immune|p1b: Gholdengo
|move|p1b: Gholdengo|Make It Rain|p2a: Toxicity
|-damage|p2a: Toxicity|0 fnt
|-unboost|p1b: Gholdengo|spa|1
|faint|p2a: Toxicity
|-damage|p1b: Gholdengo|91/100|[from] item: Life Orb
|
|win|okkoso
|raw|okkoso's rating: 1055 → 1086(+31 for winning)
|raw|heet12354's rating: 1050 → 1033(-17 for losing)
|l|☆heet12354
|player|p2|
