|j|☆lolgz
|j|☆nuzzum
|html|lolgznuzzum    
|uhtml|bestof|Game 1 of a best-of-3
|t:|1782426680
|gametype|doubles
|player|p1|lolgz|dawn|1078
|player|p2|nuzzum|veteran|1115
|gen|9
|tier|[Gen 9 Champions] VGC 2026 Reg M-B (Bo3)
|rated|
|rule|Species Clause: Limit one of each Pokémon
|rule|Item Clause: Limit 1 of each item
|clearpoke
|poke|p1|Mawile, L50, F|
|poke|p1|Sneasler, L50, F|
|poke|p1|Farigiraf, L50, M|
|poke|p1|Ampharos, L50, M|
|poke|p1|Vileplume, L50, F|
|poke|p1|Torkoal, L50, F|
|poke|p2|Raichu, L50, F|
|poke|p2|Archaludon, L50, F|
|poke|p2|Pelipper, L50, M|
|poke|p2|Swampert, L50, F|
|poke|p2|Meowscarada, L50, M|
|poke|p2|Scizor, L50, F|
|teampreview|4
|showteam|p1|Mawile||Mawilite|HyperCutter|PlayRough,SuckerPunch,SwordsDance,Protect|Serious||F|||50|]Sneasler||IronBall|PoisonTouch|FakeOut,DireClaw,CloseCombat,RockTomb|Brave||F|||50|]Farigiraf||SitrusBerry|ArmorTail|TrickRoom,Thunderbolt,Psychic,HelpingHand|Bold||M|||50|]Ampharos||Ampharosite|Static|Thunderbolt,DragonPulse,Protect,FocusBlast|Brave||M|||50|]Vileplume||FocusSash|Chlorophyll|SleepPowder,SludgeBomb,EnergyBall,AfterYou|Timid||F|||50|]Torkoal||Charcoal|Drought|Eruption,WeatherBall,EarthPower,Protect|Quiet||F|||50|
|showteam|p2|Raichu||RaichuniteX|Static|RisingVoltage,VoltSwitch,FakeOut,AlluringVoice|Modest||F|||50|]Archaludon||WhiteHerb|Stamina|ElectroShot,DracoMeteor,FlashCannon,AuraSphere|Modest||F|||50|]Pelipper||DampRock|Drizzle|Hurricane,HydroPump,Roost,Tailwind|Relaxed||M|||50|]Swampert||Swampertite|Torrent|WaveCrash,HighHorsepower,IcePunch,Protect|Adamant||F|||50|]Meowscarada||ChoiceScarf|Protean|KnockOff,FlowerTrick,TripleAxel,Uturn|Jolly||M|||50|]Scizor||LifeOrb|Technician|DualWingbeat,BulletPunch,CloseCombat,Protect|Adamant||F|||50|
|inactive|Battle timer is ON: inactive players will automatically lose when time's up. (requested by lolgz)
|
|t:|1782426693
|teamsize|p1|4
|teamsize|p2|4
|start
|switch|p1a: Farigiraf|Farigiraf, L50, M|100/100
|switch|p1b: Sneasler|Sneasler, L50, F|100/100
|switch|p2a: Raichu|Raichu, L50, F|100/100
|switch|p2b: Archaludon|Archaludon, L50, F|100/100
|turn|1
|inactive|nuzzum has 30 seconds left.
|
|t:|1782426723
|switch|p2b: Pelipper|Pelipper, L50, M|100/100
|-weather|RainDance|[from] ability: Drizzle|[of] p2b: Pelipper
|move|p2a: Raichu|Fake Out||[still]
|cant|p1a: Farigiraf|ability: Armor Tail|Fake Out|[of] p2a: Raichu
|move|p1b: Sneasler|Fake Out|p2a: Raichu
|-damage|p2a: Raichu|67/100
|-status|p1b: Sneasler|par|[from] ability: Static|[of] p2a: Raichu
|move|p1a: Farigiraf|Trick Room|p1a: Farigiraf
|-fieldstart|move: Trick Room|[of] p1a: Farigiraf
|
|-weather|RainDance|[upkeep]
|upkeep
|turn|2
|
|t:|1782426746
|detailschange|p2a: Raichu|Raichu-Mega-X, L50, F
|-mega|p2a: Raichu|Raichu|Raichunite X
|-fieldstart|move: Electric Terrain|[from] ability: Electric Surge|[of] p2a: Raichu
|move|p1b: Sneasler|Dire Claw|p2a: Raichu
|-damage|p2a: Raichu|2/100
|-status|p2a: Raichu|psn
|move|p2b: Pelipper|Hydro Pump|p1a: Farigiraf
|-damage|p1a: Farigiraf|44/100
|-enditem|p1a: Farigiraf|Sitrus Berry|[eat]
|-heal|p1a: Farigiraf|68/100|[from] item: Sitrus Berry
|move|p1a: Farigiraf|Thunderbolt|p2b: Pelipper
|-supereffective|p2b: Pelipper|2
|-damage|p2b: Pelipper|0 fnt
|faint|p2b: Pelipper
|move|p2a: Raichu|Rising Voltage|p1b: Sneasler
|-hint|Rising Voltage's BP doubled on grounded target.
|-damage|p1b: Sneasler|11/100 par
|
|-weather|RainDance|[upkeep]
|-damage|p2a: Raichu|0 fnt|[from] psn
|faint|p2a: Raichu
|upkeep
|
|t:|1782426765
|switch|p2b: Swampert|Swampert, L50, F|100/100
|switch|p2a: Archaludon|Archaludon, L50, F|100/100
|turn|3
|
|t:|1782426774
|switch|p1a: Torkoal|Torkoal, L50, F|100/100
|-weather|SunnyDay|[from] ability: Drought|[of] p1a: Torkoal
|cant|p1b: Sneasler|par
|move|p2b: Swampert|High Horsepower|p1b: Sneasler
|-supereffective|p1b: Sneasler|1
|-damage|p1b: Sneasler|0 fnt
|faint|p1b: Sneasler
|move|p2a: Archaludon|Electro Shot||[still]
|-prepare|p2a: Archaludon|Electro Shot
|-boost|p2a: Archaludon|spa|1
|
|-weather|SunnyDay|[upkeep]
|upkeep
|
|t:|1782426780
|switch|p1b: Ampharos|Ampharos, L50, M|100/100
|turn|4
|
|t:|1782426791
|detailschange|p1b: Ampharos|Ampharos-Mega, L50, M
|-mega|p1b: Ampharos|Ampharos|Ampharosite
|-ability|p1b: Ampharos|Mold Breaker
|move|p1a: Torkoal|Eruption|p2a: Archaludon|[spread] p2a,p2b
|-resisted|p2b: Swampert|1
|-damage|p2a: Archaludon|0 fnt
|-damage|p2b: Swampert|57/100
|faint|p2a: Archaludon
|move|p1b: Ampharos|Dragon Pulse|p2b: Swampert
|-damage|p2b: Swampert|5/100
|move|p2b: Swampert|High Horsepower|p1b: Ampharos
|-supereffective|p1b: Ampharos|1
|-crit|p1b: Ampharos
|-damage|p1b: Ampharos|0 fnt
|faint|p1b: Ampharos
|
|-weather|SunnyDay|[upkeep]
|upkeep
|
|t:|1782426797
|switch|p1b: Farigiraf|Farigiraf, L50, M|68/100
|turn|5
|
|t:|1782426807
|move|p2b: Swampert|Protect|p2b: Swampert
|-singleturn|p2b: Swampert|Protect
|move|p1a: Torkoal|Eruption|p2b: Swampert
|-activate|p2b: Swampert|move: Protect
|move|p1b: Farigiraf|Psychic|p2b: Swampert
|-activate|p2b: Swampert|move: Protect
|
|-weather|SunnyDay|[upkeep]
|-fieldend|move: Trick Room
|upkeep
|turn|6
|
|t:|1782426819
|move|p2b: Swampert|High Horsepower|p1a: Torkoal
|-supereffective|p1a: Torkoal|1
|-crit|p1a: Torkoal
|-damage|p1a: Torkoal|0 fnt
|faint|p1a: Torkoal
|move|p1b: Farigiraf|Psychic|p2b: Swampert
|-damage|p2b: Swampert|0 fnt
|faint|p2b: Swampert
|
|win|lolgz
