|j|☆FireFerret12
|j|☆roman_legend
|html|FireFerret12roman_legend    
|uhtml|bestof|Game 2 of a best-of-3
|t:|1756665218
|gametype|doubles
|player|p1|FireFerret12|nate|1117
|player|p2|roman_legend|169|1066
|gen|9
|tier|[Gen 9] VGC 2025 Reg H (Bo3)
|rated|
|rule|Species Clause: Limit one of each Pokémon
|rule|Item Clause: Limit 1 of each item
|clearpoke
|poke|p1|Incineroar, L50, M|
|poke|p1|Gholdengo, L50|
|poke|p1|Rillaboom, L50, F|
|poke|p1|Farigiraf, L50, F|
|poke|p1|Dragonite, L50, M|
|poke|p1|Primarina, L50, F|
|poke|p2|Gholdengo, L50|
|poke|p2|Sneasler, L50, M|
|poke|p2|Rillaboom, L50, F|
|poke|p2|Dragonite, L50, F|
|poke|p2|Ninetales-Alola, L50, M|
|poke|p2|Arcanine-Hisui, L50, M|
|teampreview|4
|showteam|p1|Incineroar||AssaultVest|Intimidate|FakeOut,FlareBlitz,KnockOff,Uturn|||M|||50|,,,,,Grass]Gholdengo||GrassySeed|GoodasGold|MakeItRain,ShadowBall,NastyPlot,Protect||||||50|,,,,,Water]Rillaboom||MiracleSeed|GrassySurge|FakeOut,GrassyGlide,WoodHammer,Uturn|||F|||50|,,,,,Fire]Farigiraf||ThroatSpray|ArmorTail|Psychic,HyperVoice,TrickRoom,Protect|||F|||50|,,,,,Water]Dragonite||LoadedDice|Multiscale|ExtremeSpeed,ScaleShot,Tailwind,Protect|||M|||50|,,,,,Steel]Primarina||ChoiceSpecs|LiquidVoice|Moonblast,HyperVoice,IcyWind,FlipTurn|||F|||50|,,,,,Poison
|showteam|p2|Gholdengo||GrassySeed|GoodasGold|NastyPlot,MakeItRain,ShadowBall,Protect||||||50|,,,,,Water]Sneasler||WhiteHerb|Unburden|CloseCombat,DireClaw,Coaching,Protect|||M|||50|,,,,,Ghost]Rillaboom||AssaultVest|GrassySurge|FakeOut,GrassyGlide,DrumBeating,HighHorsepower|||F|||50|,,,,,Fire]Dragonite||LoadedDice|Multiscale|ScaleShot,StompingTantrum,Tailwind,Protect|||F|||50|,,,,,Ground]Ninetales-Alola||FocusSash|SnowWarning|Blizzard,IcyWind,Encore,AuroraVeil|||M|||50|,,,,,Ghost]Arcanine-Hisui||ClearAmulet|Intimidate|RockSlide,FlareBlitz,ExtremeSpeed,Protect|||M|||50|,,,,,Water
|
|t:|1756665240
|teamsize|p1|4
|teamsize|p2|4
|start
|switch|p1a: Farigiraf|Farigiraf, L50, F|100/100
|switch|p1b: Incineroar|Incineroar, L50, M|100/100
|switch|p2a: Gholdengo|Gholdengo, L50, shiny|100/100
|switch|p2b: Ninetales|Ninetales-Alola, L50, M|100/100
|-weather|Snowscape|[from] ability: Snow Warning|[of] p2b: Ninetales
|-ability|p1b: Incineroar|Intimidate|boost
|-unboost|p2a: Gholdengo|atk|1
|-unboost|p2b: Ninetales|atk|1
|turn|1
|
|t:|1756665272
|-terastallize|p2a: Gholdengo|Water
|move|p2b: Ninetales|Aurora Veil|p2b: Ninetales
|-sidestart|p2: roman_legend|move: Aurora Veil
|move|p2a: Gholdengo|Nasty Plot|p2a: Gholdengo
|-boost|p2a: Gholdengo|spa|2
|move|p1b: Incineroar|Knock Off|p2a: Gholdengo
|-damage|p2a: Gholdengo|78/100
|-enditem|p2a: Gholdengo|Grassy Seed|[from] move: Knock Off|[of] p1b: Incineroar
|move|p1a: Farigiraf|Trick Room|p1a: Farigiraf
|-fieldstart|move: Trick Room|[of] p1a: Farigiraf
|
|-weather|Snowscape|[upkeep]
|upkeep
|turn|2
|
|t:|1756665295
|switch|p2b: Arcanine|Arcanine-Hisui, L50, M, shiny|100/100
|-ability|p2b: Arcanine|Intimidate|boost
|-unboost|p1a: Farigiraf|atk|1
|-unboost|p1b: Incineroar|atk|1
|move|p1b: Incineroar|Flare Blitz|p2b: Arcanine
|-resisted|p2b: Arcanine
|-damage|p2b: Arcanine|94/100
|-damage|p1b: Incineroar|99/100|[from] Recoil
|move|p1a: Farigiraf|Hyper Voice|p2a: Gholdengo|[spread] p2a,p2b
|-resisted|p2b: Arcanine
|-damage|p2a: Gholdengo|59/100
|-damage|p2b: Arcanine|82/100
|-enditem|p1a: Farigiraf|Throat Spray
|-boost|p1a: Farigiraf|spa|1|[from] item: Throat Spray
|move|p2a: Gholdengo|Nasty Plot|p2a: Gholdengo
|-boost|p2a: Gholdengo|spa|2
|
|-weather|Snowscape|[upkeep]
|upkeep
|turn|3
|
|t:|1756665315
|move|p1b: Incineroar|U-turn|p2a: Gholdengo
|-damage|p2a: Gholdengo|52/100
|
|t:|1756665325
|switch|p1b: Rillaboom|Rillaboom, L50, F|100/100|[from] U-turn
|-fieldstart|move: Grassy Terrain|[from] ability: Grassy Surge|[of] p1b: Rillaboom
|move|p1a: Farigiraf|Psychic|p2a: Gholdengo
|-damage|p2a: Gholdengo|14/100
|move|p2a: Gholdengo|Make It Rain|p1a: Farigiraf|[spread] p1a,p1b
|-damage|p1a: Farigiraf|0 fnt
|-damage|p1b: Rillaboom|0 fnt
|-unboost|p2a: Gholdengo|spa|1
|faint|p1a: Farigiraf
|faint|p1b: Rillaboom
|move|p2b: Arcanine|Rock Slide|p1: Farigiraf|[notarget]
|-fail|p2b: Arcanine
|
|-weather|Snowscape|[upkeep]
|-heal|p2a: Gholdengo|20/100|[from] Grassy Terrain
|-heal|p2b: Arcanine|88/100|[from] Grassy Terrain
|upkeep
|
|t:|1756665327
|switch|p1a: Gholdengo|Gholdengo, L50|100/100
|switch|p1b: Incineroar|Incineroar, L50, M|99/100
|-ability|p1b: Incineroar|Intimidate|boost
|-unboost|p2a: Gholdengo|atk|1
|-fail|p2b: Arcanine|unboost|[from] item: Clear Amulet|[of] p2b: Arcanine
|-enditem|p1a: Gholdengo|Grassy Seed
|-boost|p1a: Gholdengo|def|1|[from] item: Grassy Seed
|turn|4
|
|t:|1756665362
|-terastallize|p1a: Gholdengo|Water
|move|p2a: Gholdengo|Protect|p2a: Gholdengo
|-singleturn|p2a: Gholdengo|Protect
|move|p1b: Incineroar|Knock Off|p2b: Arcanine
|-damage|p2b: Arcanine|55/100
|-enditem|p2b: Arcanine|Clear Amulet|[from] move: Knock Off|[of] p1b: Incineroar
|move|p1a: Gholdengo|Shadow Ball|p2a: Gholdengo
|-activate|p2a: Gholdengo|move: Protect
|move|p2b: Arcanine|Flare Blitz|p1a: Gholdengo
|-resisted|p1a: Gholdengo
|-damage|p1a: Gholdengo|81/100
|-damage|p2b: Arcanine|48/100|[from] Recoil
|
|-weather|Snowscape|[upkeep]
|-heal|p1b: Incineroar|100/100|[from] Grassy Terrain
|-heal|p2a: Gholdengo|26/100|[from] Grassy Terrain
|-heal|p1a: Gholdengo|87/100|[from] Grassy Terrain
|-heal|p2b: Arcanine|54/100|[from] Grassy Terrain
|upkeep
|turn|5
|
|t:|1756665385
|move|p1b: Incineroar|Flare Blitz|p2a: Gholdengo
|-resisted|p2a: Gholdengo
|-damage|p2a: Gholdengo|11/100
|-damage|p1b: Incineroar|96/100|[from] Recoil
|move|p2a: Gholdengo|Make It Rain|p1b: Incineroar|[spread] p1a,p1b
|-resisted|p1a: Gholdengo
|-resisted|p1b: Incineroar
|-damage|p1a: Gholdengo|22/100
|-damage|p1b: Incineroar|68/100
|-unboost|p2a: Gholdengo|spa|1
|move|p1a: Gholdengo|Shadow Ball|p2a: Gholdengo
|-damage|p2a: Gholdengo|0 fnt
|faint|p2a: Gholdengo
|move|p2b: Arcanine|Rock Slide|p1b: Incineroar|[spread] p1a,p1b
|-supereffective|p1b: Incineroar
|-damage|p1a: Gholdengo|4/100
|-damage|p1b: Incineroar|20/100
|
|-weather|none
|-heal|p1b: Incineroar|26/100|[from] Grassy Terrain
|-heal|p1a: Gholdengo|11/100|[from] Grassy Terrain
|-heal|p2b: Arcanine|60/100|[from] Grassy Terrain
|-sideend|p2: roman_legend|move: Aurora Veil
|-fieldend|move: Trick Room
|upkeep
|
|t:|1756665398
|switch|p2a: Rillaboom|Rillaboom, L50, F|100/100
|turn|6
|
|t:|1756665402
|move|p1a: Gholdengo|Protect|p1a: Gholdengo
|-singleturn|p1a: Gholdengo|Protect
|move|p2a: Rillaboom|Grassy Glide|p1a: Gholdengo
|-activate|p1a: Gholdengo|move: Protect
|move|p2b: Arcanine|Rock Slide|p1b: Incineroar|[spread] p1b
|-activate|p1a: Gholdengo|move: Protect
|-supereffective|p1b: Incineroar
|-crit|p1b: Incineroar
|-damage|p1b: Incineroar|0 fnt
|faint|p1b: Incineroar
|
|-heal|p2b: Arcanine|65/100|[from] Grassy Terrain
|-heal|p1a: Gholdengo|17/100|[from] Grassy Terrain
|upkeep
|turn|7
|-message|FireFerret12 forfeited.
|
|win|roman_legend
|l|☆FireFerret12
|player|p1|
||FireFerret12 is ready for game 3.
||roman_legend is ready for game 3.
|uhtml|next|Next: Game 3 of 3
