|j|☆LovelyLuna
|j|☆Fairy Juice Jay
|html|LovelyLunaFairy Juice Jay    
|uhtml|bestof|Game 1 of a best-of-3
|t:|1757729073
|gametype|doubles
|player|p1|LovelyLuna|#lameliarleo|
|player|p2|Fairy Juice Jay|burgh-masters|
|gen|9
|tier|[Gen 9] VGC 2025 Reg H (Bo3)
|rule|Species Clause: Limit one of each Pokémon
|rule|Item Clause: Limit 1 of each item
|clearpoke
|poke|p1|Sneasel-Hisui, L50, M|
|poke|p1|Baxcalibur, L50, M|
|poke|p1|Vivillon, L50, M|
|poke|p1|Typhlosion-Hisui, L50, F|
|poke|p1|Ninetales, L50, F|
|poke|p1|Venusaur, L50, F|
|poke|p2|Serperior, L50, M|
|poke|p2|Illumise, L50, F|
|poke|p2|Metagross, L50|
|poke|p2|Primarina, L50, M|
|poke|p2|Kommo-o, L50, F|
|poke|p2|Arcanine-Hisui, L50, F|
|teampreview|4
|showteam|p1|Sneasel-Hisui||Eviolite|InnerFocus|FakeOut,CloseCombat,GunkShot,Taunt|||M|||50|,,,,,Dark]Baxcalibur||LoadedDice|ThermalExchange|IcicleSpear,ScaleShot,SwordsDance,Protect|||M|||50|,,,,,Fairy]Vivillon||FocusSash|CompoundEyes|Hurricane,SleepPowder,RagePowder,Protect|||M|||50|,,,,,Ghost]Typhlosion-Hisui||ChoiceSpecs|Blaze|Eruption,ShadowBall,HeatWave,FocusBlast|||F|||50|,,,,,Fire]Ninetales||EjectPack|Drought|Overheat,WillOWisp,Encore,Protect|||F|||50|,,,,,Grass]Venusaur||LifeOrb|Chlorophyll|EnergyBall,SludgeBomb,WeatherBall,Protect|||F|||50|,,,,,Fire
|showteam|p2|Serperior||WideLens|Contrary|LeafStorm,TeraBlast,LeechSeed,Protect|||M|||50|,,,,,Fire]Illumise||CovertCloak|Prankster|Uturn,Encore,FakeTears,Tailwind|||F|||50|,,,,,Dark]Metagross||AssaultVest|ClearBody|HeavySlam,PsychicFangs,StompingTantrum,BulletPunch||||||50|,,,,,Water]Primarina||Leftovers|LiquidVoice|HyperVoice,Moonblast,CalmMind,Protect|||M|||50|,,,,,Poison]Kommo-o||ThroatSpray|Overcoat|ClangingScales,Flamethrower,ClangorousSoul,Protect|||F|||50|,,,,,Fire]Arcanine-Hisui||SafetyGoggles|Intimidate|FlareBlitz,RockSlide,WillOWisp,Protect|||F|||50|,,,,,Grass
|inactive|Battle timer is ON: inactive players will automatically lose when time's up. (requested by Fairy Juice Jay)
|inactive|LovelyLuna also wants the timer to be on.
|c|☆Fairy Juice Jay|Hi again
|c|☆LovelyLuna|hi
|inactive|LovelyLuna has 60 seconds left.
|inactive|LovelyLuna has 30 seconds left.
|
|t:|1757729142
|teamsize|p1|4
|teamsize|p2|4
|start
|switch|p1a: Baxcalibur|Baxcalibur, L50, M|100/100
|switch|p1b: Vivillon|Vivillon, L50, M|100/100
|switch|p2a: Theodora|Illumise, L50, F|100/100
|switch|p2b: Arcanine|Arcanine-Hisui, L50, F|100/100
|-ability|p2b: Arcanine|Intimidate|boost
|-unboost|p1a: Baxcalibur|atk|1
|-unboost|p1b: Vivillon|atk|1
|turn|1
|
|t:|1757729149
|-terastallize|p1a: Baxcalibur|Fairy
|move|p2a: Theodora|Tailwind|p2a: Theodora
|-sidestart|p2: Fairy Juice Jay|move: Tailwind
|move|p2b: Arcanine|Rock Slide|p1b: Vivillon|[spread] p1a,p1b
|-supereffective|p1b: Vivillon
|-damage|p1a: Baxcalibur|71/100
|-enditem|p1b: Vivillon|Focus Sash
|-damage|p1b: Vivillon|1/100
|cant|p1b: Vivillon|flinch
|move|p1a: Baxcalibur|Swords Dance|p1a: Baxcalibur
|-boost|p1a: Baxcalibur|atk|2
|
|upkeep
|turn|2
|
|t:|1757729173
|move|p1b: Vivillon|Protect|p1b: Vivillon
|-singleturn|p1b: Vivillon|Protect
|move|p1a: Baxcalibur|Protect|p1a: Baxcalibur
|-singleturn|p1a: Baxcalibur|Protect
|move|p2b: Arcanine|Rock Slide|p1a: Baxcalibur|[spread] 
|-activate|p1a: Baxcalibur|move: Protect
|-activate|p1b: Vivillon|move: Protect
|move|p2a: Theodora|U-turn|p1a: Baxcalibur
|-activate|p1a: Baxcalibur|move: Protect
|
|upkeep
|turn|3
|
|t:|1757729195
|move|p1b: Vivillon|Rage Powder|p1b: Vivillon
|-singleturn|p1b: Vivillon|move: Rage Powder
|move|p2a: Theodora|Encore|p1b: Vivillon
|-start|p1b: Vivillon|Encore
|move|p2b: Arcanine|Rock Slide|p1a: Baxcalibur|[spread] p1a,p1b
|-supereffective|p1b: Vivillon
|-damage|p1a: Baxcalibur|45/100
|-damage|p1b: Vivillon|0 fnt
|faint|p1b: Vivillon
|move|p1a: Baxcalibur|Scale Shot|p2b: Arcanine
|-damage|p2b: Arcanine|79/100
|-damage|p2b: Arcanine|58/100
|-damage|p2b: Arcanine|35/100
|-damage|p2b: Arcanine|12/100
|-hitcount|p2b: Arcanine|4
|-unboost|p1a: Baxcalibur|def|1
|-boost|p1a: Baxcalibur|spe|1
|
|upkeep
|
|t:|1757729213
|switch|p1b: Sneasel|Sneasel-Hisui, L50, M|100/100
|turn|4
|
|t:|1757729220
|move|p2b: Arcanine|Protect|p2b: Arcanine
|-singleturn|p2b: Arcanine|Protect
|move|p1b: Sneasel|Fake Out|p2b: Arcanine
|-activate|p2b: Arcanine|move: Protect
|move|p2a: Theodora|Encore|p1b: Sneasel
|-start|p1b: Sneasel|Encore
|move|p1a: Baxcalibur|Icicle Spear|p2a: Theodora
|-damage|p2a: Theodora|74/100
|-damage|p2a: Theodora|49/100
|-damage|p2a: Theodora|24/100
|-damage|p2a: Theodora|0 fnt
|faint|p2a: Theodora
|-hitcount|p2: Theodora|4
|
|-sideend|p2: Fairy Juice Jay|move: Tailwind
|upkeep
|
|t:|1757729238
|switch|p2a: Primarina|Primarina, L50, M|100/100
|turn|5
|
|t:|1757729254
|switch|p1b: Typhlosion|Typhlosion-Hisui, L50, F|100/100
|move|p1a: Baxcalibur|Protect|p1a: Baxcalibur
|-singleturn|p1a: Baxcalibur|Protect
|move|p2b: Arcanine|Flare Blitz|p1b: Typhlosion
|-resisted|p1b: Typhlosion
|-damage|p1b: Typhlosion|58/100
|-damage|p2b: Arcanine|0 fnt|[from] Recoil
|faint|p2b: Arcanine
|move|p2a: Primarina|Moonblast|p1a: Baxcalibur
|-activate|p1a: Baxcalibur|move: Protect
|
|upkeep
|
|t:|1757729264
|switch|p2b: Kommo-o|Kommo-o, L50, F|100/100
|turn|6
|
|t:|1757729279
|-terastallize|p2b: Kommo-o|Fire
|move|p1a: Baxcalibur|Icicle Spear|p2a: Primarina
|-resisted|p2a: Primarina
|-damage|p2a: Primarina|88/100
|-resisted|p2a: Primarina
|-damage|p2a: Primarina|73/100
|-resisted|p2a: Primarina
|-damage|p2a: Primarina|59/100
|-resisted|p2a: Primarina
|-damage|p2a: Primarina|45/100
|-resisted|p2a: Primarina
|-damage|p2a: Primarina|32/100
|-hitcount|p2a: Primarina|5
|move|p1b: Typhlosion|Shadow Ball|p2a: Primarina
|-damage|p2a: Primarina|0 fnt
|faint|p2a: Primarina
|move|p2b: Kommo-o|Flamethrower|p1a: Baxcalibur
|-damage|p1a: Baxcalibur|9/100
|-ability|p1a: Baxcalibur|Thermal Exchange|boost
|-boost|p1a: Baxcalibur|atk|1
|
|upkeep
|turn|7
|-message|Fairy Juice Jay forfeited.
|
|win|LovelyLuna
||Fairy Juice Jay is ready for game 2.
||LovelyLuna is ready for game 2.
|uhtml|next|Next: Game 2 of 3
|j| sheepie_sheep
|l| sheepie_sheep
