|j|☆forzalupi1912
|j|☆JakAttack101
|html|forzalupi1912JakAttack101    
|uhtml|bestof|Game 1 of a best-of-3
|t:|1756414727
|gametype|doubles
|player|p1|forzalupi1912|102|1094
|player|p2|JakAttack101|blaine|1071
|gen|9
|tier|[Gen 9] VGC 2025 Reg H (Bo3)
|rated|
|rule|Species Clause: Limit one of each Pokémon
|rule|Item Clause: Limit 1 of each item
|clearpoke
|poke|p1|Incineroar, L50, F|
|poke|p1|Amoonguss, L50, M|
|poke|p1|Ursaluna-Bloodmoon, L50, M|
|poke|p1|Dragonite, L50, F|
|poke|p1|Sneasler, L50, F|
|poke|p1|Gholdengo, L50|
|poke|p2|Annihilape, L50, M|
|poke|p2|Ninetales-Alola, L50, M|
|poke|p2|Garchomp, L50, F|
|poke|p2|Dragonite, L50, M|
|poke|p2|Sneasler, L50, M|
|poke|p2|Incineroar, L50, F|
|teampreview|4
|showteam|p1|Incineroar||SafetyGoggles|Intimidate|FlareBlitz,KnockOff,FakeOut,PartingShot|||F|||50|,,,,,Ghost]Amoonguss||SitrusBerry|Regenerator|PollenPuff,Spore,RagePowder,Protect|||M|||50|,,,,,Psychic]Ursaluna-Bloodmoon||AssaultVest|MindsEye|HyperVoice,BloodMoon,EarthPower,VacuumWave|||M|||50|,,,,,Water]Dragonite||LoadedDice|Multiscale|ScaleShot,Tailwind,Haze,Protect|||F|||50|,,,,,Fairy]Sneasler||FocusSash|Unburden|CloseCombat,DireClaw,ThroatChop,Protect|||F|||50|,,,,,Stellar]Gholdengo||LifeOrb|GoodasGold|MakeItRain,ShadowBall,NastyPlot,Protect||||||50|,,,,,Water
|showteam|p2|Annihilape||AssaultVest|Defiant|RageFist,DrainPunch,RockTomb,FinalGambit|||M|||50|,,,,,Fire]Ninetales-Alola||ChoiceSpecs|SnowWarning|Blizzard,Moonblast,FreezeDry,IcyWind|||M|||50|,,,,,Ghost]Garchomp||LifeOrb|RoughSkin|Earthquake,StompingTantrum,DragonClaw,Protect|||F|||50|,,,,,Steel]Dragonite||LoadedDice|Multiscale|ScaleShot,Tailwind,Protect,Haze|||M|||50|,,,,,Fairy]Sneasler||FocusSash|Unburden|CloseCombat,DireClaw,FakeOut,Coaching|||M|||50|,,,,,Ghost]Incineroar||SafetyGoggles|Intimidate|KnockOff,Taunt,FakeOut,PartingShot|||F|||50|,,,,,Fairy
|inactive|Battle timer is ON: inactive players will automatically lose when time's up. (requested by forzalupi1912)
|inactive|forzalupi1912 has 60 seconds left.
|inactive|JakAttack101 has 60 seconds left.
|
|t:|1756414768
|teamsize|p1|4
|teamsize|p2|4
|start
|switch|p1a: Dragonite|Dragonite, L50, F|100/100
|switch|p1b: Sneasler|Sneasler, L50, F|100/100
|switch|p2a: Annihilape|Annihilape, L50, M, shiny|100/100
|switch|p2b: Ninetales|Ninetales-Alola, L50, M, shiny|100/100
|-weather|Snowscape|[from] ability: Snow Warning|[of] p2b: Ninetales
|turn|1
|inactive|JakAttack101 has 30 seconds left.
|
|t:|1756414798
|move|p1b: Sneasler|Dire Claw|p2b: Ninetales
|-supereffective|p2b: Ninetales
|-damage|p2b: Ninetales|12/100
|move|p2b: Ninetales|Blizzard|p1a: Dragonite|[spread] p1a,p1b
|-supereffective|p1a: Dragonite
|-damage|p1a: Dragonite|0 fnt
|-damage|p1b: Sneasler|36/100
|faint|p1a: Dragonite
|move|p2a: Annihilape|Rage Fist|p1b: Sneasler
|-damage|p1b: Sneasler|2/100
|
|-weather|Snowscape|[upkeep]
|upkeep
|
|t:|1756414810
|switch|p1a: Ursaluna|Ursaluna-Bloodmoon, L50, M|100/100
|turn|2
|inactive|forzalupi1912 has 30 seconds left.
|inactive|forzalupi1912 has 20 seconds left.
|
|t:|1756414849
|-terastallize|p1a: Ursaluna|Water
|move|p1b: Sneasler|Dire Claw|p2b: Ninetales
|-supereffective|p2b: Ninetales
|-damage|p2b: Ninetales|0 fnt
|faint|p2b: Ninetales
|move|p2a: Annihilape|Drain Punch|p1a: Ursaluna
|-damage|p1a: Ursaluna|75/100
|move|p1a: Ursaluna|Blood Moon|p2a: Annihilape
|-damage|p2a: Annihilape|57/100
|
|-weather|Snowscape|[upkeep]
|upkeep
|inactive|JakAttack101 has 30 seconds left.
|
|t:|1756414879
|switch|p2b: Dragonite|Dragonite, L50, M, shiny|100/100
|turn|3
|
|t:|1756414891
|move|p1b: Sneasler|Dire Claw|p2a: Annihilape
|-resisted|p2a: Annihilape
|-damage|p2a: Annihilape|33/100
|-status|p2a: Annihilape|slp
|cant|p2a: Annihilape|slp
|move|p2b: Dragonite|Scale Shot|p1b: Sneasler|[miss]
|-miss|p2b: Dragonite|p1b: Sneasler
|move|p1a: Ursaluna|Hyper Voice|p2b: Dragonite|[spread] p2a,p2b
|-damage|p2a: Annihilape|10/100 slp
|-damage|p2b: Dragonite|83/100
|
|-weather|Snowscape|[upkeep]
|upkeep
|turn|4
|c|☆JakAttack101|LOL
|inactive|forzalupi1912 has 30 seconds left.
|c|☆forzalupi1912|Wow, I'm sorry
|inactive|forzalupi1912 has 20 seconds left.
|c|☆JakAttack101|nah youre good homie
|inactive|forzalupi1912 has 15 seconds left.
|inactive|forzalupi1912 has 10 seconds left.
|inactive|forzalupi1912 has 5 seconds left.
|
|t:|1756414944
|move|p1a: Ursaluna|Vacuum Wave|p2a: Annihilape
|-damage|p2a: Annihilape|1/100 slp
|move|p1b: Sneasler|Dire Claw|p2b: Dragonite
|-damage|p2b: Dragonite|36/100
|-status|p2b: Dragonite|psn
|cant|p2a: Annihilape|slp
|move|p2b: Dragonite|Scale Shot|p1b: Sneasler
|-damage|p1b: Sneasler|0 fnt
|faint|p1b: Sneasler
|-hitcount|p1: Sneasler|1
|-unboost|p2b: Dragonite|def|1
|-boost|p2b: Dragonite|spe|1
|
|-weather|Snowscape|[upkeep]
|-damage|p2b: Dragonite|24/100 psn|[from] psn
|upkeep
|
|t:|1756414961
|switch|p1b: Incineroar|Incineroar, L50, F|100/100
|-ability|p1b: Incineroar|Intimidate|boost
|-unboost|p2a: Annihilape|atk|1
|-ability|p2a: Annihilape|Defiant|boost
|-boost|p2a: Annihilape|atk|2
|-unboost|p2b: Dragonite|atk|1
|turn|5
|inactive|JakAttack101 has 30 seconds left.
|
|t:|1756414995
|move|p1b: Incineroar|Fake Out|p2b: Dragonite
|-damage|p2b: Dragonite|5/100 psn
|move|p1a: Ursaluna|Vacuum Wave|p2a: Annihilape
|-damage|p2a: Annihilape|0 fnt
|faint|p2a: Annihilape
|cant|p2b: Dragonite|flinch
|
|-weather|none
|-damage|p2b: Dragonite|0 fnt|[from] psn
|faint|p2b: Dragonite
|upkeep
|
|t:|1756415007
|switch|p2b: Garchomp|Garchomp, L50, F|100/100
|turn|6
|
|t:|1756415017
|move|p2b: Garchomp|Earthquake|p1b: Incineroar|[spread] p1a,p1b
|-supereffective|p1b: Incineroar
|-damage|p1a: Ursaluna|38/100
|-damage|p1b: Incineroar|0 fnt
|faint|p1b: Incineroar
|-damage|p2b: Garchomp|91/100|[from] item: Life Orb
|move|p1a: Ursaluna|Blood Moon|p2b: Garchomp
|-damage|p2b: Garchomp|10/100
|
|upkeep
|turn|7
|
|t:|1756415036
|move|p1a: Ursaluna|Vacuum Wave|p2b: Garchomp
|-damage|p2b: Garchomp|0 fnt
|faint|p2b: Garchomp
|
|win|forzalupi1912
||JakAttack101 is ready for game 2.
||forzalupi1912 is ready for game 2.
|uhtml|next|Next: Game 2 of 3
