|j|☆komportor
|j|☆lockerft
|html|komportorlockerft    
|uhtml|bestof|Game 2 of a best-of-3
|t:|1783788341
|gametype|doubles
|player|p1|komportor|101|
|player|p2|lockerft|1|
|gen|9
|tier|[Gen 9 Champions] VGC 2026 Reg M-B (Bo3)
|rule|Species Clause: Limit one of each Pokémon
|rule|Item Clause: Limit 1 of each item
|clearpoke
|poke|p1|Tsareena, L50, F|
|poke|p1|Rotom-Wash, L50|
|poke|p1|Barbaracle, L50, F|
|poke|p1|Glaceon, L50, M|
|poke|p1|Froslass, L50, F|
|poke|p1|Mimikyu, L50, F|
|poke|p2|Rotom-Wash, L50, shiny|
|poke|p2|Swampert, L50, M|
|poke|p2|Basculegion, L50, M|
|poke|p2|Eelektross, L50, F|
|poke|p2|Archaludon, L50, F|
|poke|p2|Pelipper, L50, F|
|teampreview|4
|showteam|p1|Tsareena||FocusSash|QueenlyMajesty|KnockOff,Protect,TropKick,LowKick|Adamant||F|||50|]Rotom-Wash||Leftovers|Levitate|WillOWisp,HydroPump,Thunderbolt,Protect|Timid|||||50|]Barbaracle||Barbaracite|ToughClaws|CloseCombat,RockSlide,NightSlash,Protect|Adamant||F|||50|]Glaceon||NeverMeltIce|IceBody|Blizzard,FreezeDry,Protect,AlluringVoice|Calm||M|||50|]Froslass||Froslassite|CursedBody|AuroraVeil,Blizzard,ShadowBall,Protect|Calm||F|||50|]Mimikyu||LifeOrb|Disguise|SwordsDance,DrainPunch,PlayRough,ShadowSneak|Jolly||F|||50|
|showteam|p2|Rotom-Wash||SitrusBerry|Levitate|Thunderbolt,HydroPump,Protect,WillOWisp|Timid|||||50|]Swampert||Swampertite|Torrent|Liquidation,HighHorsepower,Protect,IcePunch|Adamant||M|||50|]Basculegion||LifeOrb|SwiftSwim|Liquidation,LastRespects,AquaJet,PsychicFangs|Adamant||M|||50|]Eelektross||Eelektrossite|Levitate|Thunder,GigaDrain,DragonPulse,Protect|Timid||F|||50|]Archaludon||Leftovers|Stamina|FlashCannon,DracoMeteor,ElectroShot,DarkPulse|Modest||F|||50|]Pelipper||DampRock|Drizzle|WeatherBall,Hurricane,Tailwind,Protect|Bold||F|||50|
|
|t:|1783788364
|teamsize|p1|4
|teamsize|p2|4
|start
|switch|p1a: Froslass|Froslass, L50, F|100/100
|switch|p1b: Glaceon|Glaceon, L50, M|100/100
|switch|p2a: Archaludon|Archaludon, L50, F|100/100
|switch|p2b: Eelektross|Eelektross, L50, F|100/100
|turn|1
|
|t:|1783788392
|detailschange|p1a: Froslass|Froslass-Mega, L50, F
|-mega|p1a: Froslass|Froslass|Froslassite
|-weather|Snowscape|[from] ability: Snow Warning|[of] p1a: Froslass
|detailschange|p2b: Eelektross|Eelektross-Mega, L50, F
|-mega|p2b: Eelektross|Eelektross|Eelektrossite
|move|p1a: Froslass|Protect|p1a: Froslass
|-singleturn|p1a: Froslass|Protect
|move|p2b: Eelektross|Thunder|p1b: Glaceon
|-damage|p1b: Glaceon|47/100
|move|p2a: Archaludon|Dark Pulse|p1a: Froslass
|-activate|p1a: Froslass|move: Protect
|move|p1b: Glaceon|Blizzard|p2b: Eelektross|[spread] p2a,p2b
|-damage|p2a: Archaludon|46/100
|-damage|p2b: Eelektross|37/100
|-ability|p2a: Archaludon|Stamina|boost
|-boost|p2a: Archaludon|def|1
|
|-weather|Snowscape|[upkeep]
|-heal|p1b: Glaceon|53/100|[from] ability: Ice Body
|-heal|p2a: Archaludon|52/100|[from] item: Leftovers
|upkeep
|turn|2
|
|t:|1783788414
|move|p1a: Froslass|Blizzard|p2b: Eelektross|[spread] p2a,p2b
|-damage|p2a: Archaludon|5/100
|-damage|p2b: Eelektross|0 fnt
|-ability|p2a: Archaludon|Stamina|boost
|-boost|p2a: Archaludon|def|1
|faint|p2b: Eelektross
|move|p2a: Archaludon|Dark Pulse|p1a: Froslass
|-supereffective|p1a: Froslass|1
|-damage|p1a: Froslass|44/100
|move|p1b: Glaceon|Blizzard|p2a: Archaludon
|-damage|p2a: Archaludon|0 fnt
|faint|p2a: Archaludon
|
|-weather|Snowscape|[upkeep]
|-heal|p1b: Glaceon|59/100|[from] ability: Ice Body
|upkeep
|
|t:|1783788423
|switch|p2b: Rotom|Rotom-Wash, L50, shiny|100/100
|switch|p2a: Pelipper|Pelipper, L50, F|100/100
|-weather|RainDance|[from] ability: Drizzle|[of] p2a: Pelipper
|turn|3
|
|t:|1783788437
|move|p1a: Froslass|Protect|p1a: Froslass
|-singleturn|p1a: Froslass|Protect
|move|p2b: Rotom|Thunderbolt|p1a: Froslass
|-activate|p1a: Froslass|move: Protect
|move|p2a: Pelipper|Hurricane|p1b: Glaceon
|-damage|p1b: Glaceon|25/100
|move|p1b: Glaceon|Freeze-Dry|p2a: Pelipper
|-supereffective|p2a: Pelipper|2
|-damage|p2a: Pelipper|0 fnt
|faint|p2a: Pelipper
|
|-weather|RainDance|[upkeep]
|upkeep
|turn|4
|c|☆lockerft|Gg
|
|t:|1783788453
|switch|p1a: Tsareena|Tsareena, L50, F|100/100
|move|p1b: Glaceon|Protect|p1b: Glaceon
|-singleturn|p1b: Glaceon|Protect
|move|p2b: Rotom|Thunderbolt|p1b: Glaceon
|-activate|p1b: Glaceon|move: Protect
|
|-weather|RainDance|[upkeep]
|upkeep
|turn|5
|
|t:|1783788468
|switch|p1b: Froslass|Froslass-Mega, L50, F|44/100
|-weather|Snowscape|[from] ability: Snow Warning|[of] p1b: Froslass
|move|p2b: Rotom|Will-O-Wisp|p1a: Tsareena
|-status|p1a: Tsareena|brn
|move|p1a: Tsareena|Knock Off|p2b: Rotom
|-damage|p2b: Rotom|78/100
|-enditem|p2b: Rotom|Sitrus Berry|[from] move: Knock Off|[of] p1a: Tsareena
|
|-weather|Snowscape|[upkeep]
|-damage|p1a: Tsareena|93/100 brn|[from] brn
|upkeep
|turn|6
|
|t:|1783788482
|move|p1b: Froslass|Blizzard|p2b: Rotom
|-resisted|p2b: Rotom|1
|-damage|p2b: Rotom|40/100
|move|p2b: Rotom|Hydro Pump|p1b: Froslass
|-damage|p1b: Froslass|0 fnt
|faint|p1b: Froslass
|move|p1a: Tsareena|Trop Kick|p2b: Rotom
|-supereffective|p2b: Rotom|1
|-damage|p2b: Rotom|0 fnt
|faint|p2b: Rotom
|
|win|komportor
|c|☆komportor|gg
|l|☆lockerft
|player|p2|
