|j|â˜†PumitaNike
|j|â˜†SceptileFan7a0
|html|PumitaNikeSceptileFan7a0    
|uhtml|bestof|Game 2 of a best-of-3
|t:|1757827702
|gametype|doubles
|player|p1|PumitaNike|1|
|player|p2|SceptileFan7a0|steven|
|gen|9
|tier|[Gen 9] VGC 2025 Reg H (Bo3)
|rule|Species Clause: Limit one of each PokÃ©mon
|rule|Item Clause: Limit 1 of each item
|clearpoke
|poke|p1|Porygon2, L50|
|poke|p1|Ursaluna, L50, F|
|poke|p1|Amoonguss, L50, F|
|poke|p1|Gholdengo, L50|
|poke|p1|Incineroar, L50, M|
|poke|p1|Dragonite, L50, F|
|poke|p2|Archaludon, L50, M|
|poke|p2|Annihilape, L50, M|
|poke|p2|Grimmsnarl, L50, M|
|poke|p2|Maushold-Four, L50|
|poke|p2|Pelipper, L50, F|
|poke|p2|Sinistcha, L50|
|teampreview|4
|showteam|p1|Porygon2||Eviolite|Download|TeraBlast,IceBeam,Recover,TrickRoom||||||50|,,,,,Fighting]Ursaluna||FlameOrb|Guts|Facade,Protect,HeadlongRush,Earthquake|||F|||50|,,,,,Ghost]Amoonguss||RockyHelmet|Regenerator|PollenPuff,RagePowder,Spore,SludgeBomb|||F|||50|,,,,,Water]Gholdengo||LifeOrb|GoodasGold|NastyPlot,ShadowBall,MakeItRain,Protect||||||50|,,,,,Water]Incineroar||SitrusBerry|Intimidate|FakeOut,KnockOff,FlareBlitz,PartingShot|||M|||50|,,,,,Ghost]Dragonite||LoadedDice|Multiscale|ScaleShot,Tailwind,Haze,Protect|||F|||50|,,,,,Fairy
|showteam|p2|Archaludon||AssaultVest|Stamina|ElectroShot,DracoMeteor,Snarl,BodyPress|||M|||50|,,,,,Grass]Annihilape||Leftovers|Defiant|RageFist,DrainPunch,BulkUp,Protect|||M|||50|,,,,,Fire]Grimmsnarl||LightClay|Prankster|Reflect,LightScreen,ThunderWave,SpiritBreak|||M|||50|,,,,,Steel]Maushold-Four||SafetyGoggles|FriendGuard|BeatUp,Taunt,FollowMe,Protect||||||50|,,,,,Ghost]Pelipper||FocusSash|Drizzle|Hurricane,WeatherBall,Tailwind,Protect|||F|||50|,,,,,Stellar]Sinistcha||SitrusBerry|Hospitality|LifeDew,RagePowder,StrengthSap,MatchaGotcha||||||50|,,,,,Water
|c|â˜†SceptileFan7a0|la taza bien usada es rompepija
|c|â˜†SceptileFan7a0|lamentablemente me acordÃ© de como usarla recien ahora lpm
|c|â˜†SceptileFan7a0|bancame un segun
|
|t:|1757827822
|teamsize|p1|4
|teamsize|p2|4
|start
|switch|p1a: Gholdengo|Gholdengo, L50|100/100
|switch|p1b: Dragonite|Dragonite, L50, F|100/100
|switch|p2a: Archaludon|Archaludon, L50, M|100/100
|switch|p2b: Familiero|Maushold-Four, L50|100/100
|turn|1
|c|â˜†PumitaNike|La taza es de los pocos pokes que me rompen elorto y cuando la uso yo no me funca
|c|â˜†SceptileFan7a0|jajjj me pasa lo mismo pero con archaludon
|
|t:|1757827888
|switch|p1a: Ursaluna|Ursaluna, L50, F|100/100
|move|p2b: Familiero|Protect|p2b: Familiero
|-singleturn|p2b: Familiero|Protect
|move|p1b: Dragonite|Tailwind|p1b: Dragonite
|-sidestart|p1: PumitaNike|move: Tailwind
|move|p2a: Archaludon|Draco Meteor|p1b: Dragonite
|-supereffective|p1b: Dragonite
|-damage|p1b: Dragonite|32/100
|-unboost|p2a: Archaludon|spa|2
|
|-status|p1a: Ursaluna|brn|[from] item: Flame Orb
|upkeep
|turn|2
|c|â˜†SceptileFan7a0|che me vas a tener q aguantar xq me estÃ¡ hablando mi vieja
|c|â˜†SceptileFan7a0|y no puedo concentrarme
|c|â˜†SceptileFan7a0|jaasjaj
|c|â˜†PumitaNike|Entendible
|
|t:|1757828014
|switch|p1b: Amoonguss|Amoonguss, L50, F|100/100
|switch|p2b: Annihilape|Annihilape, L50, M|100/100
|switch|p2a: Pelipper|Pelipper, L50, F|100/100
|-weather|RainDance|[from] ability: Drizzle|[of] p2a: Pelipper
|move|p1a: Ursaluna|Facade|p2b: Annihilape
|-immune|p2b: Annihilape
|
|-weather|RainDance|[upkeep]
|-damage|p1a: Ursaluna|95/100 brn|[from] brn
|upkeep
|turn|3
|
|t:|1757828072
|move|p1a: Ursaluna|Protect|p1a: Ursaluna
|-singleturn|p1a: Ursaluna|Protect
|move|p2b: Annihilape|Protect|p2b: Annihilape
|-singleturn|p2b: Annihilape|Protect
|move|p2a: Pelipper|Hurricane|p1b: Amoonguss
|-supereffective|p1b: Amoonguss
|-damage|p1b: Amoonguss|13/100
|move|p1b: Amoonguss|Spore|p2a: Pelipper
|-status|p2a: Pelipper|slp|[from] move: Spore
|
|-weather|RainDance|[upkeep]
|-damage|p1a: Ursaluna|89/100 brn|[from] brn
|upkeep
|turn|4
|c|â˜†SceptileFan7a0|ayyyy bien clavado el spore
|
|t:|1757828114
|switch|p2b: Familiero|Maushold-Four, L50|100/100
|switch|p1b: Dragonite|Dragonite, L50, F|32/100
|move|p1a: Ursaluna|Headlong Rush|p2b: Familiero
|-damage|p2b: Familiero|0 fnt
|-unboost|p1a: Ursaluna|def|1
|-unboost|p1a: Ursaluna|spd|1
|faint|p2b: Familiero
|cant|p2a: Pelipper|slp
|
|-weather|RainDance|[upkeep]
|-damage|p1a: Ursaluna|83/100 brn|[from] brn
|-sideend|p1: PumitaNike|move: Tailwind
|upkeep
|
|t:|1757828130
|switch|p2b: Archaludon|Archaludon, L50, M|100/100
|turn|5
|
|t:|1757828163
|-terastallize|p2b: Archaludon|Grass
|move|p1b: Dragonite|Scale Shot|p2a: Pelipper
|-damage|p2a: Pelipper|80/100 slp
|-damage|p2a: Pelipper|58/100 slp
|-damage|p2a: Pelipper|37/100 slp
|-damage|p2a: Pelipper|15/100 slp
|-hitcount|p2a: Pelipper|4
|-unboost|p1b: Dragonite|def|1
|-boost|p1b: Dragonite|spe|1
|cant|p2a: Pelipper|slp
|move|p2b: Archaludon|Electro Shot||[still]
|-prepare|p2b: Archaludon|Electro Shot
|-boost|p2b: Archaludon|spa|1
|-anim|p2b: Archaludon|Electro Shot|p1b: Dragonite
|-damage|p1b: Dragonite|0 fnt
|faint|p1b: Dragonite
|move|p1a: Ursaluna|Facade|p2a: Pelipper
|-damage|p2a: Pelipper|0 fnt
|faint|p2a: Pelipper
|
|-weather|RainDance|[upkeep]
|-damage|p1a: Ursaluna|77/100 brn|[from] brn
|upkeep
|
|t:|1757828189
|switch|p1b: Amoonguss|Amoonguss, L50, F|46/100
|switch|p2a: Annihilape|Annihilape, L50, M|100/100
|turn|6
|
|t:|1757828232
|switch|p1b: Gholdengo|Gholdengo, L50|100/100
|move|p1a: Ursaluna|Protect|p1a: Ursaluna
|-singleturn|p1a: Ursaluna|Protect
|move|p2a: Annihilape|Rage Fist|p1b: Gholdengo
|-supereffective|p1b: Gholdengo
|-damage|p1b: Gholdengo|56/100
|move|p2b: Archaludon|Electro Shot||[still]
|-prepare|p2b: Archaludon|Electro Shot
|-boost|p2b: Archaludon|spa|1
|-anim|p2b: Archaludon|Electro Shot|p1b: Gholdengo
|-crit|p1b: Gholdengo
|-damage|p1b: Gholdengo|0 fnt
|faint|p1b: Gholdengo
|
|-weather|none
|-damage|p1a: Ursaluna|71/100 brn|[from] brn
|upkeep
|
|t:|1757828251
|switch|p1b: Amoonguss|Amoonguss, L50, F|79/100
|turn|7
|
|t:|1757828268
|move|p2a: Annihilape|Rage Fist|p1a: Ursaluna
|-immune|p1a: Ursaluna
|move|p2b: Archaludon|Electro Shot||[still]
|-prepare|p2b: Archaludon|Electro Shot
|-boost|p2b: Archaludon|spa|1
|move|p1a: Ursaluna|Headlong Rush|p2a: Annihilape
|-damage|p2a: Annihilape|0 fnt
|-unboost|p1a: Ursaluna|def|1
|-unboost|p1a: Ursaluna|spd|1
|faint|p2a: Annihilape
|move|p1b: Amoonguss|Pollen Puff|p1a: Ursaluna
|-heal|p1a: Ursaluna|100/100 brn
|
|-damage|p1a: Ursaluna|95/100 brn|[from] brn
|upkeep
|turn|8
|
|t:|1757828292
|move|p1b: Amoonguss|Rage Powder|p1b: Amoonguss
|-singleturn|p1b: Amoonguss|move: Rage Powder
|move|p2b: Archaludon|Electro Shot|p1a: Ursaluna|[from] lockedmove
|-immune|p1a: Ursaluna
|move|p1a: Ursaluna|Facade|p2b: Archaludon
|-damage|p2b: Archaludon|14/100
|-ability|p2b: Archaludon|Stamina|boost
|-boost|p2b: Archaludon|def|1
|
|-damage|p1a: Ursaluna|89/100 brn|[from] brn
|upkeep
|turn|9
|
|t:|1757828311
|move|p1b: Amoonguss|Rage Powder|p1b: Amoonguss
|-singleturn|p1b: Amoonguss|move: Rage Powder
|move|p2b: Archaludon|Draco Meteor|p1b: Amoonguss
|-damage|p1b: Amoonguss|0 fnt
|-unboost|p2b: Archaludon|spa|2
|faint|p1b: Amoonguss
|move|p1a: Ursaluna|Facade|p2b: Archaludon
|-damage|p2b: Archaludon|0 fnt
|faint|p2b: Archaludon
|
|win|PumitaNike
|inactive|PumitaNike has 30 seconds to confirm battle start!
|inactive|SceptileFan7a0 has 30 seconds to confirm battle start!
||SceptileFan7a0 is ready for game 3.
||PumitaNike is ready for game 3.
|uhtml|next|Next: Game 3 of 3
|l|â˜†SceptileFan7a0
|player|p2|
