|j|☆shungzapanta
|j|☆TheBallistic1
|html|shungzapantaTheBallistic1    
|uhtml|bestof|Game 1 of a best-of-3
|t:|1782473332
|gametype|doubles
|player|p1|shungzapanta|red|1048
|player|p2|TheBallistic1|colress|1040
|gen|9
|tier|[Gen 9 Champions] VGC 2026 Reg M-B (Bo3)
|rated|
|rule|Species Clause: Limit one of each Pokémon
|rule|Item Clause: Limit 1 of each item
|clearpoke
|poke|p1|Raichu, L50, M, shiny|
|poke|p1|Basculegion, L50, M, shiny|
|poke|p1|Whimsicott, L50, F, shiny|
|poke|p1|Garchomp, L50, F, shiny|
|poke|p1|Floette-Eternal, L50, F, shiny|
|poke|p1|Gholdengo, L50, shiny|
|poke|p2|Floette-Eternal, L50, F|
|poke|p2|Charizard, L50, M|
|poke|p2|Kingambit, L50, F|
|poke|p2|Whimsicott, L50, F|
|poke|p2|Basculegion, L50, M|
|poke|p2|Garchomp, L50, F|
|teampreview|4
|showteam|p1|Raichu||RaichuniteY|LightningRod|Protect,ZapCannon,FocusBlast,FakeOut|Modest||M|||50|]Basculegion||MysticWater|Adaptability|Protect,WaveCrash,LastRespects,AquaJet|Adamant||M|||50|]Whimsicott||FocusSash|Prankster|Protect,Moonblast,Tailwind,Encore|Timid||F|||50|]Garchomp||SitrusBerry|RoughSkin|RockSlide,StompingTantrum,DragonClaw,Protect|Jolly||F|||50|]Floette-Eternal||Floettite|FlowerVeil|Protect,Moonblast,LightofRuin,DazzlingGleam|Modest||F|||50|]Gholdengo||LifeOrb|GoodasGold|Protect,MakeItRain,ShadowBall,NastyPlot|Modest|||||50|
|showteam|p2|Floette-Eternal||Floettite|FlowerVeil|Moonblast,DazzlingGleam,CalmMind,Protect|Timid||F|||50|]Charizard||CharizarditeY|Blaze|SolarBeam,HeatWave,WeatherBall,Protect|Modest||M|||50|]Kingambit||BlackGlasses|Defiant|IronHead,KowtowCleave,SuckerPunch,Protect|Adamant||F|||50|]Whimsicott||FocusSash|Prankster|Moonblast,Encore,Tailwind,Protect|Timid||F|||50|]Basculegion||MysticWater|Adaptability|WaveCrash,LastRespects,AquaJet,Protect|Adamant||M|||50|]Garchomp||LifeOrb|RoughSkin|Earthquake,DragonClaw,RockSlide,Protect|Jolly||F|||50|
|inactive|Battle timer is ON: inactive players will automatically lose when time's up. (requested by shungzapanta)
|
|t:|1782473358
|teamsize|p1|4
|teamsize|p2|4
|start
|switch|p1a: Floette|Floette-Eternal, L50, F, shiny|100/100
|switch|p1b: Whimsicott|Whimsicott, L50, F, shiny|100/100
|switch|p2a: Whimsicott|Whimsicott, L50, F|100/100
|switch|p2b: Basculegion|Basculegion, L50, M|100/100
|turn|1
|
|t:|1782473377
|switch|p1a: Raichu|Raichu, L50, M, shiny|100/100
|move|p2a: Whimsicott|Tailwind|p2a: Whimsicott
|-sidestart|p2: TheBallistic1|move: Tailwind
|move|p2b: Basculegion|Wave Crash|p1a: Raichu
|-damage|p1a: Raichu|0 fnt
|faint|p1a: Raichu
|-damage|p2b: Basculegion|75/100|[from] Recoil
|move|p1b: Whimsicott|Moonblast|p2b: Basculegion
|-damage|p2b: Basculegion|36/100
|
|upkeep
|
|t:|1782473384
|switch|p1a: Basculegion|Basculegion, L50, M, shiny|100/100
|turn|2
|
|t:|1782473396
|move|p1a: Basculegion|Protect|p1a: Basculegion
|-singleturn|p1a: Basculegion|Protect
|move|p1b: Whimsicott|Encore|p2a: Whimsicott
|-start|p2a: Whimsicott|Encore
|move|p2a: Whimsicott|Tailwind||[still]
|-fail|p2a: Whimsicott
|move|p2b: Basculegion|Last Respects|p1a: Basculegion
|-activate|p1a: Basculegion|move: Protect
|
|upkeep
|turn|3
|inactive|shungzapanta has 30 seconds left.
|inactive|shungzapanta has 20 seconds left.
|
|t:|1782473431
|switch|p2a: Kingambit|Kingambit, L50, F|100/100
|move|p1b: Whimsicott|Tailwind|p1b: Whimsicott
|-sidestart|p1: shungzapanta|move: Tailwind
|move|p1a: Basculegion|Last Respects|p2b: Basculegion
|-supereffective|p2b: Basculegion|1
|-damage|p2b: Basculegion|0 fnt
|faint|p2b: Basculegion
|
|upkeep
|
|t:|1782473447
|switch|p2b: Floette|Floette-Eternal, L50, F|100/100
|turn|4
|
|t:|1782473453
|detailschange|p2b: Floette|Floette-Mega, L50, F
|-mega|p2b: Floette|Floette|Floettite
|-ability|p2b: Floette|Fairy Aura
|move|p1b: Whimsicott|Protect|p1b: Whimsicott
|-singleturn|p1b: Whimsicott|Protect
|move|p1a: Basculegion|Protect|p1a: Basculegion
|-singleturn|p1a: Basculegion|Protect
|move|p2b: Floette|Dazzling Gleam|p1a: Basculegion|[spread] 
|-activate|p1a: Basculegion|move: Protect
|-activate|p1b: Whimsicott|move: Protect
|move|p2a: Kingambit|Kowtow Cleave|p1a: Basculegion
|-activate|p1a: Basculegion|move: Protect
|
|-sideend|p2: TheBallistic1|move: Tailwind
|upkeep
|turn|5
|inactive|shungzapanta has 30 seconds left.
|
|t:|1782473483
|move|p2b: Floette|Protect|p2b: Floette
|-singleturn|p2b: Floette|Protect
|move|p1b: Whimsicott|Moonblast|p2b: Floette
|-activate|p2b: Floette|move: Protect
|move|p1a: Basculegion|Wave Crash|p2b: Floette
|-activate|p2b: Floette|move: Protect
|move|p2a: Kingambit|Kowtow Cleave|p1a: Basculegion
|-supereffective|p1a: Basculegion|1
|-damage|p1a: Basculegion|0 fnt
|faint|p1a: Basculegion
|
|upkeep
|
|t:|1782473489
|switch|p1a: Floette|Floette-Eternal, L50, F, shiny|100/100
|turn|6
|
|t:|1782473506
|detailschange|p1a: Floette|Floette-Mega, L50, F, shiny
|-mega|p1a: Floette|Floette|Floettite
|-ability|p1a: Floette|Fairy Aura
|move|p1b: Whimsicott|Encore|p2b: Floette
|-start|p2b: Floette|Encore
|move|p2b: Floette|Protect||[still]
|-fail|p2b: Floette
|move|p1a: Floette|Light of Ruin|p2a: Kingambit
|-damage|p2a: Kingambit|0 fnt
|faint|p2a: Kingambit
|-damage|p1a: Floette|31/100|[from] Recoil
|
|-sideend|p1: shungzapanta|move: Tailwind
|upkeep
|
|t:|1782473519
|switch|p2a: Whimsicott|Whimsicott, L50, F|100/100
|turn|7
|
|t:|1782473543
|move|p2b: Floette|Protect|p2b: Floette
|-singleturn|p2b: Floette|Protect
|move|p2a: Whimsicott|Encore|p1a: Floette
|-start|p1a: Floette|Encore
|move|p1b: Whimsicott|Moonblast|p2a: Whimsicott
|-damage|p2a: Whimsicott|23/100
|move|p1a: Floette|Light of Ruin|p2a: Whimsicott|[miss]
|-miss|p1a: Floette|p2a: Whimsicott
|
|upkeep
|turn|8
|
|t:|1782473560
|move|p2b: Floette|Protect||[still]
|-fail|p2b: Floette
|move|p1b: Whimsicott|Tailwind|p1b: Whimsicott
|-sidestart|p1: shungzapanta|move: Tailwind
|move|p1a: Floette|Light of Ruin|p2a: Whimsicott
|-damage|p2a: Whimsicott|0 fnt
|faint|p2a: Whimsicott
|-damage|p1a: Floette|20/100y|[from] Recoil
|
|-end|p2b: Floette|Encore
|upkeep
|turn|9
|inactive|shungzapanta has 30 seconds left.
|inactive|shungzapanta has 20 seconds left.
|inactive|shungzapanta has 15 seconds left.
|inactive|shungzapanta has 10 seconds left.
|inactive|shungzapanta has 5 seconds left.
|
|t:|1782473611
|move|p1b: Whimsicott|Encore|p2b: Floette
|-start|p2b: Floette|Encore
|move|p2b: Floette|Protect|p2b: Floette
|-singleturn|p2b: Floette|Protect
|move|p1a: Floette|Light of Ruin|p2b: Floette
|-activate|p2b: Floette|move: Protect
|
|-end|p1a: Floette|Encore
|upkeep
|turn|10
|
|t:|1782473621
|move|p2b: Floette|Protect||[still]
|-fail|p2b: Floette
|move|p1b: Whimsicott|Moonblast|p2b: Floette
|-damage|p2b: Floette|61/100
|move|p1a: Floette|Light of Ruin|p2b: Floette
|-damage|p2b: Floette|0 fnt
|faint|p2b: Floette
|-damage|p1a: Floette|0 fnt|[from] Recoil
|faint|p1a: Floette
|
|win|shungzapanta
