|j|☆Jaylek
|j|☆flight30flight4
|html|Jaylekflight30flight4    
|uhtml|bestof|Game 1 of a best-of-3
|t:|1757910071
|gametype|doubles
|player|p1|Jaylek|aaron|1283
|player|p2|flight30flight4|169|1228
|gen|9
|tier|[Gen 9] VGC 2025 Reg H (Bo3)
|rated|
|rule|Species Clause: Limit one of each Pokémon
|rule|Item Clause: Limit 1 of each item
|clearpoke
|poke|p1|Basculegion, L50, M|
|poke|p1|Volcarona, L50, M|
|poke|p1|Ursaluna-Bloodmoon, L50, M|
|poke|p1|Rillaboom, L50, M|
|poke|p1|Hitmontop, L50, M|
|poke|p1|Sneasler, L50, F|
|poke|p2|Ursaluna-Bloodmoon, L50, M|
|poke|p2|Rillaboom, L50, M|
|poke|p2|Porygon2, L50|
|poke|p2|Sneasler, L50, F|
|poke|p2|Pelipper, L50, F|
|poke|p2|Archaludon, L50, M|
|teampreview|4
|showteam|p1|Basculegion||ChoiceScarf|Adaptability|WaveCrash,LastRespects,TeraBlast,FlipTurn|||M|||50|,,,,,Fairy]Volcarona||CovertCloak|FlameBody|HeatWave,TeraBlast,Protect,QuiverDance|||M|||50|,,,,,Fairy]Ursaluna-Bloodmoon||LifeOrb|MindsEye|BloodMoon,EarthPower,HyperVoice,Protect|||M|||50|,,,,,Ghost]Rillaboom||AssaultVest|GrassySurge|WoodHammer,HighHorsepower,GrassyGlide,FakeOut|||M|||50|,,,,,Dragon]Hitmontop||ClearAmulet|Intimidate|CloseCombat,WideGuard,Feint,FakeOut|||M|||50|,,,,,Dark]Sneasler||GrassySeed|Unburden|DireClaw,CloseCombat,Acrobatics,FakeOut|||F|||50|,,,,,Dark
|showteam|p2|Ursaluna-Bloodmoon||AssaultVest|MindsEye|BloodMoon,EarthPower,HyperVoice,VacuumWave|||M|||50|,,,,,Grass]Rillaboom||LoadedDice|GrassySurge|GrassyGlide,BulletSeed,Uturn,FakeOut|||M|||50|,,,,,Fire]Porygon2||Eviolite|Download|TeraBlast,IceBeam,Recover,TrickRoom||||||50|,,,,,Ghost]Sneasler||GrassySeed|Unburden|DireClaw,CloseCombat,Protect,Acrobatics|||F|||50|,,,,,Flying]Pelipper||FocusSash|Drizzle|WeatherBall,Hurricane,Tailwind,Protect|||F|||50|,,,,,Ghost]Archaludon||PowerHerb|Stamina|ElectroShot,BodyPress,DragonPulse,Protect|||M|||50|,,,,,Bug
|inactive|Battle timer is ON: inactive players will automatically lose when time's up. (requested by Jaylek)
|inactive|flight30flight4 has 60 seconds left.
|
|t:|1757910142
|teamsize|p1|4
|teamsize|p2|4
|start
|switch|p1a: Ursaluna|Ursaluna-Bloodmoon, L50, M|100/100
|switch|p1b: Rillaboom|Rillaboom, L50, M|100/100
|switch|p2a: Pelipper|Pelipper, L50, F|100/100
|switch|p2b: Rillaboom|Rillaboom, L50, M|100/100
|-weather|RainDance|[from] ability: Drizzle|[of] p2a: Pelipper
|-fieldstart|move: Grassy Terrain|[from] ability: Grassy Surge|[of] p2b: Rillaboom
|turn|1
|inactive|Jaylek has 30 seconds left.
|inactive|Jaylek has 20 seconds left.
|
|t:|1757910178
|-terastallize|p2a: Pelipper|Ghost
|-terastallize|p1a: Ursaluna|Ghost
|move|p1b: Rillaboom|Fake Out|p2a: Pelipper
|-immune|p2a: Pelipper
|move|p2a: Pelipper|Tailwind|p2a: Pelipper
|-sidestart|p2: flight30flight4|move: Tailwind
|move|p2b: Rillaboom|Bullet Seed|p1a: Ursaluna
|-damage|p1a: Ursaluna|88/100
|-damage|p1a: Ursaluna|76/100
|-damage|p1a: Ursaluna|63/100
|-damage|p1a: Ursaluna|50/100
|-damage|p1a: Ursaluna|37/100
|-hitcount|p1a: Ursaluna|5
|move|p1a: Ursaluna|Hyper Voice|p2b: Rillaboom|[spread] p2a,p2b
|-damage|p2a: Pelipper|12/100
|-damage|p2b: Rillaboom|30/100
|-damage|p1a: Ursaluna|27/100|[from] item: Life Orb
|
|-weather|RainDance|[upkeep]
|-heal|p2a: Pelipper|17/100|[from] Grassy Terrain
|-heal|p2b: Rillaboom|36/100|[from] Grassy Terrain
|-heal|p1a: Ursaluna|33/100|[from] Grassy Terrain
|upkeep
|turn|2
|inactive|flight30flight4 has 30 seconds left.
|inactive|Jaylek has 30 seconds left.
|inactive|flight30flight4 has 20 seconds left.
|inactive|flight30flight4 has 15 seconds left.
|
|t:|1757910221
|switch|p1a: Sneasler|Sneasler, L50, F|100/100
|-enditem|p1a: Sneasler|Grassy Seed
|-boost|p1a: Sneasler|def|1|[from] item: Grassy Seed
|move|p1b: Rillaboom|Grassy Glide|p2a: Pelipper
|-damage|p2a: Pelipper|0 fnt
|faint|p2a: Pelipper
|move|p2b: Rillaboom|U-turn|p1b: Rillaboom
|-supereffective|p1b: Rillaboom
|-damage|p1b: Rillaboom|49/100
|
|t:|1757910230
|switch|p2b: Archaludon|Archaludon, L50, M|100/100|[from] U-turn
|
|-weather|RainDance|[upkeep]
|-heal|p1b: Rillaboom|55/100|[from] Grassy Terrain
|upkeep
|
|t:|1757910233
|switch|p2a: Rillaboom|Rillaboom, L50, M|36/100
|turn|3
|inactive|flight30flight4 has 30 seconds left.
|inactive|Jaylek has 30 seconds left.
|
|t:|1757910271
|switch|p1a: Ursaluna|Ursaluna-Bloodmoon, L50, M, tera:Ghost|33/100
|move|p2b: Archaludon|Protect|p2b: Archaludon
|-singleturn|p2b: Archaludon|Protect
|move|p2a: Rillaboom|U-turn|p1b: Rillaboom
|-supereffective|p1b: Rillaboom
|-damage|p1b: Rillaboom|9/100
|
|t:|1757910279
|switch|p2a: Porygon2|Porygon2, L50|100/100|[from] U-turn
|-ability|p2a: Porygon2|Download|boost
|-boost|p2a: Porygon2|spa|1
|move|p1b: Rillaboom|Wood Hammer|p2a: Porygon2
|-damage|p2a: Porygon2|44/100
|-damage|p1b: Rillaboom|0 fnt|[from] Recoil
|faint|p1b: Rillaboom
|
|-weather|RainDance|[upkeep]
|-heal|p2a: Porygon2|50/100|[from] Grassy Terrain
|-heal|p1a: Ursaluna|39/100|[from] Grassy Terrain
|upkeep
|
|t:|1757910286
|switch|p1b: Sneasler|Sneasler, L50, F|100/100
|turn|4
|
|t:|1757910315
|move|p1b: Sneasler|Fake Out|p2b: Archaludon
|-resisted|p2b: Archaludon
|-damage|p2b: Archaludon|96/100
|-ability|p2b: Archaludon|Stamina|boost
|-boost|p2b: Archaludon|def|1
|cant|p2b: Archaludon|flinch
|move|p1a: Ursaluna|Earth Power|p2b: Archaludon
|-supereffective|p2b: Archaludon
|-crit|p2b: Archaludon
|-damage|p2b: Archaludon|0 fnt
|faint|p2b: Archaludon
|-damage|p1a: Ursaluna|29/100|[from] item: Life Orb
|move|p2a: Porygon2|Trick Room|p2a: Porygon2
|-fieldstart|move: Trick Room|[of] p2a: Porygon2
|
|-weather|RainDance|[upkeep]
|-heal|p1a: Ursaluna|35/100|[from] Grassy Terrain
|-heal|p2a: Porygon2|57/100|[from] Grassy Terrain
|-sideend|p2: flight30flight4|move: Tailwind
|upkeep
|
|t:|1757910318
|switch|p2b: Rillaboom|Rillaboom, L50, M|36/100
|turn|5
|
|t:|1757910334
|move|p1a: Ursaluna|Protect|p1a: Ursaluna
|-singleturn|p1a: Ursaluna|Protect
|move|p2b: Rillaboom|Fake Out|p1b: Sneasler
|-damage|p1b: Sneasler|73/100
|move|p2a: Porygon2|Ice Beam|p1a: Ursaluna
|-activate|p1a: Ursaluna|move: Protect
|cant|p1b: Sneasler|flinch
|
|-weather|none
|-heal|p1a: Ursaluna|41/100|[from] Grassy Terrain
|-heal|p2a: Porygon2|63/100|[from] Grassy Terrain
|-heal|p2b: Rillaboom|42/100|[from] Grassy Terrain
|-heal|p1b: Sneasler|79/100|[from] Grassy Terrain
|-fieldend|move: Grassy Terrain
|upkeep
|turn|6
|
|t:|1757910355
|move|p1a: Ursaluna|Hyper Voice|p2a: Porygon2|[spread] p2a,p2b
|-damage|p2a: Porygon2|32/100
|-damage|p2b: Rillaboom|0 fnt
|faint|p2b: Rillaboom
|-damage|p1a: Ursaluna|31/100|[from] item: Life Orb
|move|p2a: Porygon2|Ice Beam|p1a: Ursaluna
|-damage|p1a: Ursaluna|0 fnt
|faint|p1a: Ursaluna
|move|p1b: Sneasler|Close Combat|p2a: Porygon2
|-supereffective|p2a: Porygon2
|-damage|p2a: Porygon2|0 fnt
|-unboost|p1b: Sneasler|def|1
|-unboost|p1b: Sneasler|spd|1
|faint|p2a: Porygon2
|
|win|Jaylek
||flight30flight4 is ready for game 2.
|l|☆flight30flight4
|player|p2|
||Jaylek is ready for game 2.
|uhtml|next|Next: Game 2 of 3
