|j|☆new mental
|j|☆josedawp
|html|new mentaljosedawp    
|uhtml|bestof|Game 1 of a best-of-3
|t:|1783256968
|gametype|doubles
|player|p1|new mental|volkner|1164
|player|p2|josedawp|hilbert|1196
|gen|9
|tier|[Gen 9 Champions] VGC 2026 Reg M-B (Bo3)
|rated|
|rule|Species Clause: Limit one of each Pokémon
|rule|Item Clause: Limit 1 of each item
|clearpoke
|poke|p1|Aerodactyl, L50, F|
|poke|p1|Garchomp, L50, F|
|poke|p1|Kingambit, L50, F|
|poke|p1|Charizard, L50, M|
|poke|p1|Sylveon, L50, F|
|poke|p1|Farigiraf, L50, F|
|poke|p2|Whimsicott, L50, F|
|poke|p2|Gholdengo, L50|
|poke|p2|Garchomp, L50, M, shiny|
|poke|p2|Delphox, L50, M|
|poke|p2|Clefable, L50, M|
|poke|p2|Staraptor, L50, F|
|teampreview|4
|showteam|p1|Aerodactyl||Aerodactylite|Unnerve|IceFang,RockSlide,Tailwind,DualWingbeat|Jolly||F|||50|]Garchomp||LifeOrb|RoughSkin|DragonClaw,StompingTantrum,Earthquake,Protect|Jolly||F|||50|]Kingambit||FocusSash|Defiant|SuckerPunch,KowtowCleave,IronHead,LowKick|Adamant||F|||50|]Charizard||CharizarditeY|SolarPower|Protect,HeatWave,SolarBeam,WeatherBall|Timid||M|||50|]Sylveon||FairyFeather|Pixilate|Protect,HyperVoice,HyperBeam,QuickAttack|Modest||F|||50|]Farigiraf||SitrusBerry|ArmorTail|TrickRoom,Thunderbolt,Psychic,Roar|Bold||F|||50|
|showteam|p2|Whimsicott||FocusSash|Prankster|Tailwind,FakeTears,Moonblast,Charm|Timid||F|||50|]Gholdengo||SpellTag|GoodasGold|MakeItRain,ShadowBall,NastyPlot,Protect|Modest|||||50|]Garchomp||LifeOrb|RoughSkin|DragonClaw,Earthquake,RockSlide,Protect|Jolly||M|||50|]Delphox||Delphoxite|Blaze|HeatWave,Psychic,Substitute,Protect|Modest||M|||50|]Clefable||SitrusBerry|Unaware|FollowMe,Moonblast,Protect,Encore|Bold||M|||50|]Staraptor||Staraptite|Intimidate|CloseCombat,BraveBird,Protect,Roost|Adamant||F|||50|
|inactive|Battle timer is ON: inactive players will automatically lose when time's up. (requested by new mental)
|
|t:|1783256984
|teamsize|p1|4
|teamsize|p2|4
|start
|switch|p1a: Sylveon|Sylveon, L50, F|100/100
|switch|p1b: Farigiraf|Farigiraf, L50, F|100/100
|switch|p2a: Delphox|Delphox, L50, M|100/100
|switch|p2b: Emutronco|Whimsicott, L50, F|100/100
|turn|1
|inactive|josedawp has 30 seconds left.
|
|t:|1783257010
|switch|p2b: FelinexA9|Gholdengo, L50|100/100
|detailschange|p2a: Delphox|Delphox-Mega, L50, M
|-mega|p2a: Delphox|Delphox|Delphoxite
|move|p2a: Delphox|Heat Wave|p1a: Sylveon|[spread] p1a
|-miss|p2a: Delphox|p1b: Farigiraf
|-damage|p1a: Sylveon|63/100
|-status|p1a: Sylveon|brn
|move|p1a: Sylveon|Hyper Voice|p2a: Delphox|[spread] p2a,p2b
|-resisted|p2a: Delphox|1
|-resisted|p2b: FelinexA9|1
|-damage|p2a: Delphox|79/100
|-damage|p2b: FelinexA9|74/100
|move|p1b: Farigiraf|Trick Room|p1b: Farigiraf
|-fieldstart|move: Trick Room|[of] p1b: Farigiraf
|
|-damage|p1a: Sylveon|56/100 brn|[from] brn
|upkeep
|turn|2
|inactive|josedawp has 30 seconds left.
|
|t:|1783257037
|move|p1b: Farigiraf|Psychic|p2b: FelinexA9
|-resisted|p2b: FelinexA9|1
|-damage|p2b: FelinexA9|54/100
|move|p1a: Sylveon|Hyper Voice|p2b: FelinexA9|[spread] p2a,p2b
|-resisted|p2a: Delphox|1
|-resisted|p2b: FelinexA9|1
|-damage|p2a: Delphox|58/100
|-damage|p2b: FelinexA9|26/100
|move|p2b: FelinexA9|Nasty Plot|p2b: FelinexA9
|-boost|p2b: FelinexA9|spa|2
|move|p2a: Delphox|Substitute|p2a: Delphox
|-start|p2a: Delphox|Substitute
|-damage|p2a: Delphox|33/100
|
|-damage|p1a: Sylveon|50/100g brn|[from] brn
|upkeep
|turn|3
|
|t:|1783257047
|move|p2b: FelinexA9|Protect|p2b: FelinexA9
|-singleturn|p2b: FelinexA9|Protect
|move|p2a: Delphox|Protect|p2a: Delphox
|-singleturn|p2a: Delphox|Protect
|move|p1b: Farigiraf|Psychic|p2b: FelinexA9
|-activate|p2b: FelinexA9|move: Protect
|move|p1a: Sylveon|Hyper Voice|p2b: FelinexA9|[spread] 
|-activate|p2a: Delphox|move: Protect
|-activate|p2b: FelinexA9|move: Protect
|
|-damage|p1a: Sylveon|44/100 brn|[from] brn
|upkeep
|turn|4
|
|t:|1783257061
|move|p1b: Farigiraf|Psychic|p2b: FelinexA9
|-resisted|p2b: FelinexA9|1
|-damage|p2b: FelinexA9|5/100
|-unboost|p2b: FelinexA9|spd|1
|move|p1a: Sylveon|Hyper Voice|p2b: FelinexA9|[spread] p2a,p2b
|-resisted|p2a: Delphox|1
|-resisted|p2b: FelinexA9|1
|-damage|p2a: Delphox|11/100
|-damage|p2b: FelinexA9|0 fnt
|faint|p2b: FelinexA9
|move|p2a: Delphox|Heat Wave|p1b: Farigiraf|[spread] p1a,p1b
|-crit|p1b: Farigiraf
|-damage|p1a: Sylveon|6/100 brn
|-damage|p1b: Farigiraf|40/100
|-enditem|p1b: Farigiraf|Sitrus Berry|[eat]
|-heal|p1b: Farigiraf|65/100|[from] item: Sitrus Berry
|
|-damage|p1a: Sylveon|0 fnt|[from] brn
|faint|p1a: Sylveon
|upkeep
|
|t:|1783257076
|switch|p1a: Charizard|Charizard, L50, M|100/100
|switch|p2b: Clefable|Clefable, L50, M|100/100
|turn|5
|
|t:|1783257088
|detailschange|p1a: Charizard|Charizard-Mega-Y, L50, M
|-mega|p1a: Charizard|Charizard|Charizardite Y
|-weather|SunnyDay|[from] ability: Drought|[of] p1a: Charizard
|move|p2b: Clefable|Follow Me|p2b: Clefable
|-singleturn|p2b: Clefable|move: Follow Me
|move|p1b: Farigiraf|Psychic|p2b: Clefable
|-damage|p2b: Clefable|72/100
|move|p1a: Charizard|Heat Wave|p2a: Delphox|[spread] p2a,p2b
|-resisted|p2a: Delphox|1
|-end|p2a: Delphox|Substitute
|-damage|p2b: Clefable|26/100
|-enditem|p2b: Clefable|Sitrus Berry|[eat]
|-heal|p2b: Clefable|51/100|[from] item: Sitrus Berry
|move|p2a: Delphox|Psychic|p1a: Charizard
|-damage|p1a: Charizard|49/100
|
|-weather|SunnyDay|[upkeep]
|-fieldend|move: Trick Room
|upkeep
|turn|6
|
|t:|1783257107
|move|p1a: Charizard|Protect|p1a: Charizard
|-singleturn|p1a: Charizard|Protect
|move|p2b: Clefable|Follow Me|p2b: Clefable
|-singleturn|p2b: Clefable|move: Follow Me
|move|p2a: Delphox|Heat Wave|p1a: Charizard|[spread] p1b
|-activate|p1a: Charizard|move: Protect
|-damage|p1b: Farigiraf|0 fnt
|faint|p1b: Farigiraf
|
|-weather|SunnyDay|[upkeep]
|upkeep
|
|t:|1783257114
|switch|p1b: Kingambit|Kingambit, L50, F|100/100
|turn|7
|
|t:|1783257123
|move|p2b: Clefable|Follow Me|p2b: Clefable
|-singleturn|p2b: Clefable|move: Follow Me
|move|p1b: Kingambit|Sucker Punch||[still]
|-fail|p1b: Kingambit
|move|p2a: Delphox|Heat Wave|p1a: Charizard|[spread] p1a
|-miss|p2a: Delphox|p1b: Kingambit
|-resisted|p1a: Charizard|1
|-damage|p1a: Charizard|20/100y
|move|p1a: Charizard|Weather Ball|p2b: Clefable
|-damage|p2b: Clefable|0 fnt
|faint|p2b: Clefable
|
|-weather|SunnyDay|[upkeep]
|upkeep
|
|t:|1783257131
|switch|p2b: Emutronco|Whimsicott, L50, F|100/100
|turn|8
|
|t:|1783257145
|move|p2a: Delphox|Protect|p2a: Delphox
|-singleturn|p2a: Delphox|Protect
|move|p1b: Kingambit|Sucker Punch||[still]
|-fail|p1b: Kingambit
|move|p2b: Emutronco|Moonblast|p1a: Charizard
|-resisted|p1a: Charizard|1
|-damage|p1a: Charizard|4/100
|move|p1a: Charizard|Heat Wave|p2a: Delphox|[spread] p2b
|-activate|p2a: Delphox|move: Protect
|-supereffective|p2b: Emutronco|1
|-enditem|p2b: Emutronco|Focus Sash
|-damage|p2b: Emutronco|1/100
|
|-weather|SunnyDay|[upkeep]
|upkeep
|turn|9
|inactive|josedawp has 30 seconds left.
|
|t:|1783257176
|move|p2a: Delphox|Protect||[still]
|-fail|p2a: Delphox
|move|p1b: Kingambit|Sucker Punch|p2b: Emutronco
|-resisted|p2b: Emutronco|1
|-damage|p2b: Emutronco|0 fnt
|faint|p2b: Emutronco
|move|p1a: Charizard|Weather Ball|p2a: Delphox
|-resisted|p2a: Delphox|1
|-damage|p2a: Delphox|0 fnt
|faint|p2a: Delphox
|
|win|new mental
||josedawp is ready for game 2.
||new mental is ready for game 2.
|uhtml|next|Next: Game 2 of 3
|l|☆josedawp
|player|p2|
