|j|☆A Regu1ar Guy
|j|☆dialghite
|html|A Regu1ar Guydialghite    
|uhtml|bestof|Game 2 of a best-of-3
|t:|1756673161
|gametype|doubles
|player|p1|A Regu1ar Guy|elesa|1385
|player|p2|dialghite|volkner|1497
|gen|9
|tier|[Gen 9] VGC 2025 Reg H (Bo3)
|rated|
|rule|Species Clause: Limit one of each Pokémon
|rule|Item Clause: Limit 1 of each item
|clearpoke
|poke|p1|Volcarona, L50, F|
|poke|p1|Rillaboom, L50, M|
|poke|p1|Electabuzz, L50, F|
|poke|p1|Tauros-Paldea-Aqua, L50, M|
|poke|p1|Dragonite, L50, M|
|poke|p1|Kingambit, L50, M|
|poke|p2|Indeedee, L50, M|
|poke|p2|Sneasler, L50, F|
|poke|p2|Tyranitar, L50, M|
|poke|p2|Excadrill, L50, F|
|poke|p2|Corviknight, L50, M|
|poke|p2|Annihilape, L50, M|
|teampreview|4
|showteam|p1|Volcarona||GrassySeed|FlameBody|HeatWave,GigaDrain,QuiverDance,Protect|||F|||50|,,,,,Grass]Rillaboom||AssaultVest|GrassySurge|FakeOut,WoodHammer,GrassyGlide,HighHorsepower|||M|||50|,,,,,Fire]Electabuzz||Eviolite|VitalSpirit|Thunderbolt,FollowMe,Taunt,Protect|||F|||50|,,,,,Ghost]Tauros-Paldea-Aqua||MirrorHerb|Intimidate|WaveCrash,AquaJet,CloseCombat,Protect|||M|||50|,,,,,Water]Dragonite||LoadedDice|Multiscale|ScaleShot,ExtremeSpeed,Haze,Protect|||M|||50|,,,,,Fairy]Kingambit||BlackGlasses|Defiant|KowtowCleave,SuckerPunch,SwordsDance,Protect|||M|||50|,,,,,Dark
|showteam|p2|Indeedee||ChoiceScarf|PsychicSurge|ExpandingForce,TeraBlast,Trick,Protect|||M|||50|,,,,,Psychic]Sneasler||PsychicSeed|Unburden|CloseCombat,DireClaw,ThroatChop,Protect|||F|||50|,,,,,Dark]Tyranitar||AssaultVest|SandStream|RockSlide,KnockOff,TeraBlast,LowKick|||M|||50|,,,,,Flying]Excadrill||FocusSash|SandRush|Earthquake,IronHead,HighHorsepower,Protect|||F|||50|,,,,,Ground]Corviknight||Leftovers|MirrorArmor|BraveBird,Tailwind,Roost,BulkUp|||M|||50|,,,,,Dragon]Annihilape||SafetyGoggles|Defiant|CloseCombat,RageFist,FinalGambit,Taunt|||M|||50|,,,,,Water
|inactive|Battle timer is ON: inactive players will automatically lose when time's up. (requested by dialghite)
|
|t:|1756673192
|teamsize|p1|4
|teamsize|p2|4
|start
|switch|p1a: Volcarona|Volcarona, L50, F, shiny|100/100
|switch|p1b: Electabuzz|Electabuzz, L50, F|100/100
|switch|p2a: Tyranitar|Tyranitar, L50, M|100/100
|switch|p2b: Excadrill|Excadrill, L50, F|100/100
|-weather|Sandstorm|[from] ability: Sand Stream|[of] p2a: Tyranitar
|turn|1
|inactive|dialghite has 30 seconds left.
|
|t:|1756673219
|switch|p1b: Rillaboom|Rillaboom, L50, M|100/100
|-fieldstart|move: Grassy Terrain|[from] ability: Grassy Surge|[of] p1b: Rillaboom
|-enditem|p1a: Volcarona|Grassy Seed
|-boost|p1a: Volcarona|def|1|[from] item: Grassy Seed
|-terastallize|p1a: Volcarona|Grass
|-terastallize|p2a: Tyranitar|Flying
|move|p2b: Excadrill|Earthquake|p1b: Rillaboom|[spread] p1a,p1b
|-immune|p2a: Tyranitar
|-resisted|p1a: Volcarona
|-resisted|p1b: Rillaboom
|-damage|p1a: Volcarona|92/100
|-damage|p1b: Rillaboom|90/100
|move|p1a: Volcarona|Quiver Dance|p1a: Volcarona
|-boost|p1a: Volcarona|spa|1
|-boost|p1a: Volcarona|spd|1
|-boost|p1a: Volcarona|spe|1
|move|p2a: Tyranitar|Tera Blast|p1b: Rillaboom|[anim] Tera Blast Flying
|-supereffective|p1b: Rillaboom
|-damage|p1b: Rillaboom|11/100
|
|-weather|Sandstorm|[upkeep]
|-damage|p1a: Volcarona|85/100|[from] Sandstorm
|-damage|p1b: Rillaboom|5/100|[from] Sandstorm
|-damage|p2a: Tyranitar|94/100|[from] Sandstorm
|-heal|p1a: Volcarona|92/100|[from] Grassy Terrain
|-heal|p1b: Rillaboom|11/100|[from] Grassy Terrain
|upkeep
|turn|2
|
|t:|1756673243
|move|p1b: Rillaboom|Fake Out|p2a: Tyranitar
|-damage|p2a: Tyranitar|84/100
|move|p2b: Excadrill|Iron Head|p1b: Rillaboom
|-damage|p1b: Rillaboom|0 fnt
|faint|p1b: Rillaboom
|move|p1a: Volcarona|Quiver Dance|p1a: Volcarona
|-boost|p1a: Volcarona|spa|1
|-boost|p1a: Volcarona|spd|1
|-boost|p1a: Volcarona|spe|1
|cant|p2a: Tyranitar|flinch
|
|-weather|Sandstorm|[upkeep]
|-damage|p1a: Volcarona|85/100|[from] Sandstorm
|-damage|p2a: Tyranitar|78/100|[from] Sandstorm
|-heal|p1a: Volcarona|92/100|[from] Grassy Terrain
|upkeep
|
|t:|1756673246
|switch|p1b: Dragonite|Dragonite, L50, M|100/100
|turn|3
|
|t:|1756673269
|move|p2b: Excadrill|Protect|p2b: Excadrill
|-singleturn|p2b: Excadrill|Protect
|move|p1a: Volcarona|Heat Wave|p2b: Excadrill|[spread] p2a
|-activate|p2b: Excadrill|move: Protect
|-damage|p2a: Tyranitar|33/100
|move|p1b: Dragonite|Scale Shot|p2a: Tyranitar
|-damage|p2a: Tyranitar|22/100
|-damage|p2a: Tyranitar|13/100
|-damage|p2a: Tyranitar|2/100
|-damage|p2a: Tyranitar|0 fnt
|faint|p2a: Tyranitar
|-hitcount|p2: Tyranitar|4
|-unboost|p1b: Dragonite|def|1
|-boost|p1b: Dragonite|spe|1
|
|-weather|Sandstorm|[upkeep]
|-damage|p1a: Volcarona|85/100|[from] Sandstorm
|-damage|p1b: Dragonite|95/100|[from] Sandstorm
|-heal|p1a: Volcarona|92/100|[from] Grassy Terrain
|upkeep
|
|t:|1756673285
|switch|p2a: Annihilape|Annihilape, L50, M|100/100
|turn|4
|
|t:|1756673295
|move|p1b: Dragonite|Extreme Speed|p2b: Excadrill
|-resisted|p2b: Excadrill
|-damage|p2b: Excadrill|81/100
|move|p2b: Excadrill|Iron Head|p1a: Volcarona
|-damage|p1a: Volcarona|56/100
|move|p1a: Volcarona|Heat Wave|p2a: Annihilape|[spread] p2a,p2b
|-supereffective|p2b: Excadrill
|-damage|p2a: Annihilape|39/100
|-damage|p2b: Excadrill|0 fnt
|faint|p2b: Excadrill
|move|p2a: Annihilape|Rage Fist|p1a: Volcarona
|-damage|p1a: Volcarona|24/100
|-status|p2a: Annihilape|brn|[from] ability: Flame Body|[of] p1a: Volcarona
|
|-weather|Sandstorm|[upkeep]
|-damage|p1a: Volcarona|18/100|[from] Sandstorm
|-damage|p1b: Dragonite|89/100|[from] Sandstorm
|-heal|p1a: Volcarona|24/100|[from] Grassy Terrain
|-heal|p2a: Annihilape|45/100 brn|[from] Grassy Terrain
|-damage|p2a: Annihilape|39/100 brn|[from] brn
|upkeep
|
|t:|1756673306
|switch|p2b: Sneasler|Sneasler, L50, F|100/100
|turn|5
|-message|dialghite forfeited.
|
|win|A Regu1ar Guy
|raw|A Regu1ar Guy's rating: 1385 → 1411(+26 for winning)
|raw|dialghite's rating: 1497 → 1471(-26 for losing)
