|j|☆Gancelot
|j|☆Zoro92
|html|GancelotZoro92    
|uhtml|bestof|Game 2 of a best-of-3
|t:|1783383275
|gametype|doubles
|player|p1|Gancelot|morty|1118
|player|p2|Zoro92|giovanni|1241
|gen|9
|tier|[Gen 9 Champions] VGC 2026 Reg M-B (Bo3)
|rated|
|rule|Species Clause: Limit one of each Pokémon
|rule|Item Clause: Limit 1 of each item
|clearpoke
|poke|p1|Staraptor, L50, M, shiny|
|poke|p1|Incineroar, L50, M, shiny|
|poke|p1|Sinistcha, L50, shiny|
|poke|p1|Maushold, L50, shiny|
|poke|p1|Delphox, L50, F, shiny|
|poke|p1|Toxapex, L50, M, shiny|
|poke|p2|Charizard, L50, F|
|poke|p2|Aerodactyl, L50, M|
|poke|p2|Kingambit, L50, F|
|poke|p2|Sylveon, L50, M|
|poke|p2|Farigiraf, L50, M|
|poke|p2|Garchomp, L50, F|
|teampreview|4
|showteam|p1|Staraptor||Staraptite|Intimidate|CloseCombat,BraveBird,Roost,Protect|Jolly||M|||50|]Incineroar||SitrusBerry|Intimidate|FlareBlitz,DarkestLariat,FakeOut,PartingShot|Impish||M|||50|]Sinistcha||KasibBerry|Hospitality|MatchaGotcha,LifeDew,RagePowder,Protect|Bold|||||50|]Maushold||FocusSash|FriendGuard|Feint,FollowMe,Charm,Protect|Jolly|||||50|]Delphox||Delphoxite|Blaze|HeatWave,Psyshock,NastyPlot,Protect|Timid||F|||50|]Toxapex||Leftovers|Regenerator|Toxic,Infestation,WideGuard,BanefulBunker|Bold||M|||50|
|showteam|p2|Charizard||CharizarditeY|SolarPower|WeatherBall,HeatWave,SolarBeam,Protect|Modest||F|||50|]Aerodactyl||Aerodactylite|Unnerve|DualWingbeat,RockSlide,IceFang,Tailwind|Jolly||M|||50|]Kingambit||FocusSash|Defiant|LowKick,KowtowCleave,SuckerPunch,IronHead|Adamant||F|||50|]Sylveon||FairyFeather|Pixilate|Protect,HyperBeam,HyperVoice,QuickAttack|Modest||M|||50|]Farigiraf||SitrusBerry|ArmorTail|Thunderbolt,TwinBeam,TrickRoom,Roar|Bold||M|||50|]Garchomp||LifeOrb|RoughSkin|DragonClaw,Earthquake,StompingTantrum,Protect|Jolly||F|||50|
|inactive|Battle timer is ON: inactive players will automatically lose when time's up. (requested by Gancelot)
|inactive|Zoro92 has 60 seconds left.
|
|t:|1783383310
|teamsize|p1|4
|teamsize|p2|4
|start
|switch|p1a: Delphox|Delphox, L50, F, shiny|100/100
|switch|p1b: Maushold|Maushold, L50, shiny|100/100
|switch|p2a: Aerodactyl|Aerodactyl, L50, M|100/100
|switch|p2b: Kingambit|Kingambit, L50, F|100/100
|-ability|p2a: Aerodactyl|Unnerve
|turn|1
|
|t:|1783383326
|detailschange|p2a: Aerodactyl|Aerodactyl-Mega, L50, M
|-mega|p2a: Aerodactyl|Aerodactyl|Aerodactylite
|detailschange|p1a: Delphox|Delphox-Mega, L50, F, shiny
|-mega|p1a: Delphox|Delphox|Delphoxite
|move|p1b: Maushold|Feint|p2b: Kingambit
|-resisted|p2b: Kingambit|1
|-damage|p2b: Kingambit|96/100
|move|p2a: Aerodactyl|Rock Slide|p1a: Delphox|[spread] p1a,p1b
|-supereffective|p1a: Delphox|1
|-damage|p1a: Delphox|42/100
|-damage|p1b: Maushold|63/100
|move|p1a: Delphox|Heat Wave|p2a: Aerodactyl|[spread] p2a,p2b
|-resisted|p2a: Aerodactyl|1
|-supereffective|p2b: Kingambit|1
|-damage|p2a: Aerodactyl|80/100
|-damage|p2b: Kingambit|0 fnt
|faint|p2b: Kingambit
|
|upkeep
|
|t:|1783383341
|switch|p2b: Sylveon|Sylveon, L50, M|100/100
|turn|2
|
|t:|1783383356
|switch|p1a: Toxapex|Toxapex, L50, M, shiny|100/100
|move|p1b: Maushold|Protect|p1b: Maushold
|-singleturn|p1b: Maushold|Protect
|move|p2a: Aerodactyl|Rock Slide|p1a: Toxapex|[spread] p1a
|-activate|p1b: Maushold|move: Protect
|-damage|p1a: Toxapex|85/100
|move|p2b: Sylveon|Hyper Beam|p1b: Maushold
|-activate|p1b: Maushold|move: Protect
|
|-heal|p1a: Toxapex|91/100|[from] item: Leftovers
|upkeep
|turn|3
|inactive|Zoro92 has 30 seconds left.
|
|t:|1783383384
|switch|p2a: Farigiraf|Farigiraf, L50, M|100/100
|move|p2b: Sylveon|Protect|p2b: Sylveon
|-singleturn|p2b: Sylveon|Protect
|move|p1b: Maushold|Charm|p2a: Farigiraf
|-unboost|p2a: Farigiraf|atk|2
|move|p1a: Toxapex|Toxic|p2b: Sylveon
|-activate|p2b: Sylveon|move: Protect
|
|-heal|p1a: Toxapex|97/100|[from] item: Leftovers
|upkeep
|turn|4
|
|t:|1783383400
|move|p1b: Maushold|Follow Me|p1b: Maushold
|-singleturn|p1b: Maushold|move: Follow Me
|move|p2b: Sylveon|Hyper Voice|p1a: Toxapex|[spread] p1a,p1b
|-resisted|p1a: Toxapex|1
|-damage|p1a: Toxapex|84/100
|-damage|p1b: Maushold|0 fnt
|faint|p1b: Maushold
|move|p2a: Farigiraf|Twin Beam|p1a: Toxapex
|-supereffective|p1a: Toxapex|1
|-damage|p1a: Toxapex|60/100
|-supereffective|p1a: Toxapex|1
|-damage|p1a: Toxapex|36/100
|-hitcount|p1a: Toxapex|2
|move|p1a: Toxapex|Toxic|p2a: Farigiraf
|-status|p2a: Farigiraf|tox
|
|-heal|p1a: Toxapex|42/100|[from] item: Leftovers
|-damage|p2a: Farigiraf|93/100 tox|[from] psn
|upkeep
|
|t:|1783383409
|switch|p1b: Delphox|Delphox-Mega, L50, F, shiny|42/100
|turn|5
|inactive|Zoro92 has 30 seconds left.
|
|t:|1783383438
|-heal|p1a: Toxapex|75/100|[from] ability: Regenerator|[silent]
|switch|p1a: Incineroar|Incineroar, L50, M, shiny|100/100
|-ability|p1a: Incineroar|Intimidate|boost
|-unboost|p2a: Farigiraf|atk|1
|-unboost|p2b: Sylveon|atk|1
|move|p1b: Delphox|Heat Wave|p2b: Sylveon|[spread] p2a,p2b
|-damage|p2a: Farigiraf|54/100 tox
|-damage|p2b: Sylveon|65/100
|move|p2b: Sylveon|Hyper Voice|p1a: Incineroar|[spread] p1a,p1b
|-resisted|p1b: Delphox|1
|-damage|p1a: Incineroar|54/100
|-damage|p1b: Delphox|20/100y
|move|p2a: Farigiraf|Twin Beam|p1a: Incineroar
|-immune|p1a: Incineroar
|
|-damage|p2a: Farigiraf|42/100 tox|[from] psn
|upkeep
|-enditem|p2a: Farigiraf|Sitrus Berry|[eat]
|-heal|p2a: Farigiraf|67/100 tox|[from] item: Sitrus Berry
|turn|6
|inactive|Gancelot has 30 seconds left.
|inactive|Gancelot has 20 seconds left.
|
|t:|1783383474
|move|p1b: Delphox|Heat Wave|p2b: Sylveon|[spread] p2a,p2b
|-damage|p2a: Farigiraf|29/100 tox
|-damage|p2b: Sylveon|31/100
|move|p2b: Sylveon|Hyper Voice|p1a: Incineroar|[spread] p1a,p1b
|-resisted|p1b: Delphox|1
|-damage|p1a: Incineroar|13/100
|-damage|p1b: Delphox|0 fnt
|-enditem|p1a: Incineroar|Sitrus Berry|[eat]
|-heal|p1a: Incineroar|38/100|[from] item: Sitrus Berry
|faint|p1b: Delphox
|move|p1a: Incineroar|Darkest Lariat|p2a: Farigiraf
|-supereffective|p2a: Farigiraf|1
|-damage|p2a: Farigiraf|0 fnt
|faint|p2a: Farigiraf
|
|upkeep
|
|t:|1783383487
|switch|p1b: Toxapex|Toxapex, L50, M, shiny|75/100
|switch|p2a: Aerodactyl|Aerodactyl-Mega, L50, M|80/100
|turn|7
|
|t:|1783383503
|move|p2a: Aerodactyl|Dual Wingbeat|p1a: Incineroar
|-damage|p1a: Incineroar|19/100
|-damage|p1a: Incineroar|1/100
|-hitcount|p1a: Incineroar|2
|move|p2b: Sylveon|Hyper Beam|p1b: Toxapex
|-resisted|p1b: Toxapex|1
|-damage|p1b: Toxapex|35/100
|-mustrecharge|p2b: Sylveon
|move|p1a: Incineroar|Flare Blitz|p2b: Sylveon
|-damage|p2b: Sylveon|0 fnt
|faint|p2b: Sylveon
|-damage|p1a: Incineroar|0 fnt|[from] Recoil
|faint|p1a: Incineroar
|move|p1b: Toxapex|Toxic|p2a: Aerodactyl
|-status|p2a: Aerodactyl|tox
|
|-heal|p1b: Toxapex|41/100|[from] item: Leftovers
|-damage|p2a: Aerodactyl|74/100 tox|[from] psn
|upkeep
|turn|8
|
|t:|1783383521
|move|p1b: Toxapex|Baneful Bunker|p1b: Toxapex
|-singleturn|p1b: Toxapex|move: Protect
|move|p2a: Aerodactyl|Dual Wingbeat|p1b: Toxapex
|-activate|p1b: Toxapex|move: Protect
|
|-heal|p1b: Toxapex|47/100|[from] item: Leftovers
|-damage|p2a: Aerodactyl|61/100 tox|[from] psn
|upkeep
|turn|9
|
|t:|1783383530
|move|p2a: Aerodactyl|Dual Wingbeat|p1b: Toxapex
|-damage|p1b: Toxapex|27/100
|-damage|p1b: Toxapex|9/100
|-hitcount|p1b: Toxapex|2
|move|p1b: Toxapex|Infestation|p2a: Aerodactyl
|-resisted|p2a: Aerodactyl|1
|-damage|p2a: Aerodactyl|59/100 tox
|-activate|p2a: Aerodactyl|move: Infestation|[of] p1b: Toxapex
|
|-heal|p1b: Toxapex|15/100|[from] item: Leftovers
|-damage|p2a: Aerodactyl|41/100 tox|[from] psn
|-damage|p2a: Aerodactyl|28/100 tox|[from] move: Infestation|[partiallytrapped]
|upkeep
|turn|10
|
|t:|1783383541
|move|p1b: Toxapex|Baneful Bunker|p1b: Toxapex
|-singleturn|p1b: Toxapex|move: Protect
|move|p2a: Aerodactyl|Dual Wingbeat|p1b: Toxapex
|-activate|p1b: Toxapex|move: Protect
|
|-heal|p1b: Toxapex|21/100|[from] item: Leftovers
|-damage|p2a: Aerodactyl|3/100 tox|[from] psn
|-damage|p2a: Aerodactyl|0 fnt|[from] move: Infestation|[partiallytrapped]
|faint|p2a: Aerodactyl
|
|win|Gancelot
||Gancelot is ready for game 3.
||Zoro92 is ready for game 3.
|uhtml|next|Next: Game 3 of 3
