|j|☆Cristante terabug
|j|☆livelaughlotad1
|html|Cristante terabuglivelaughlotad1    
|uhtml|bestof|Game 1 of a best-of-3
|t:|1757019390
|gametype|doubles
|player|p1|Cristante terabug|kieran-champion|1255
|player|p2|livelaughlotad1|acetrainerf|1146
|gen|9
|tier|[Gen 9] VGC 2025 Reg H (Bo3)
|rated|
|rule|Species Clause: Limit one of each Pokémon
|rule|Item Clause: Limit 1 of each item
|clearpoke
|poke|p1|Incineroar, L50, M|
|poke|p1|Pelipper, L50, M|
|poke|p1|Archaludon, L50, M|
|poke|p1|Dragonite, L50, M|
|poke|p1|Sinistcha, L50|
|poke|p1|Ursaluna, L50, M|
|poke|p2|Kilowattrel, L50, F|
|poke|p2|Annihilape, L50, M|
|poke|p2|Ursaluna, L50, M|
|poke|p2|Amoonguss, L50, M|
|poke|p2|Farigiraf, L50, F|
|poke|p2|Incineroar, L50, M|
|teampreview|4
|showteam|p1|Incineroar||SafetyGoggles|Intimidate|FakeOut,PartingShot,KnockOff,Taunt|||M|||50|,,,,,Ghost]Pelipper||FocusSash|Drizzle|Hurricane,MuddyWater,Tailwind,Protect|||M|||50|,,,,,Ghost]Archaludon||AssaultVest|Stamina|ElectroShot,Snarl,FlashCannon,BodyPress|||M|||50|,,,,,Fighting]Dragonite||LoadedDice|Multiscale|ScaleShot,Tailwind,Haze,Protect|||M|||50|,,,,,Fairy]Sinistcha||SitrusBerry|Hospitality|MatchaGotcha,RagePowder,LifeDew,TrickRoom||||||50|,,,,,Dark]Ursaluna||FlameOrb|Guts|Earthquake,Facade,HeadlongRush,Protect|||M|||50|,,,,,Ghost
|showteam|p2|Kilowattrel||FocusSash|Competitive|Discharge,AirSlash,Tailwind,Protect|||F|||50|,,,,,Ghost]Annihilape||SitrusBerry|Defiant|RageFist,DrainPunch,CloseCombat,Protect|||M|||50|,,,,,Grass]Ursaluna||FlameOrb|Guts|Facade,Earthquake,HeadlongRush,Protect|||M|||50|,,,,,Ghost]Amoonguss||EjectButton|Regenerator|Spore,SludgeBomb,RagePowder,Protect|||M|||50|,,,,,Water]Farigiraf||ThroatSpray|ArmorTail|HyperVoice,Psychic,TrickRoom,Protect|||F|||50|,,,,,Fairy]Incineroar||SafetyGoggles|Intimidate|FakeOut,KnockOff,FlareBlitz,PartingShot|||M|||50|,,,,,Grass
|inactive|Battle timer is ON: inactive players will automatically lose when time's up. (requested by Cristante terabug)
|
|t:|1757019421
|teamsize|p1|4
|teamsize|p2|4
|start
|switch|p1a: Paolo|Dragonite, L50, M|100/100
|switch|p1b: Olmo|Ursaluna, L50, M|100/100
|switch|p2a: Annihilape|Annihilape, L50, M|100/100
|switch|p2b: Amoonguss|Amoonguss, L50, M|100/100
|turn|1
|inactive|Cristante terabug has 30 seconds left.
|
|t:|1757019446
|move|p1a: Paolo|Protect|p1a: Paolo
|-singleturn|p1a: Paolo|Protect
|move|p1b: Olmo|Protect|p1b: Olmo
|-singleturn|p1b: Olmo|Protect
|move|p2a: Annihilape|Drain Punch|p1b: Olmo
|-activate|p1b: Olmo|move: Protect
|move|p2b: Amoonguss|Spore|p1a: Paolo
|-activate|p1a: Paolo|move: Protect
|
|-status|p1b: Olmo|brn|[from] item: Flame Orb
|upkeep
|turn|2
|inactive|livelaughlotad1 has 30 seconds left.
|
|t:|1757019473
|-terastallize|p1b: Olmo|Ghost
|move|p2a: Annihilape|Protect|p2a: Annihilape
|-singleturn|p2a: Annihilape|Protect
|move|p1a: Paolo|Tailwind|p1a: Paolo
|-sidestart|p1: Cristante terabug|move: Tailwind
|move|p1b: Olmo|Facade|p2b: Amoonguss
|-damage|p2b: Amoonguss|7/100
|-enditem|p2b: Amoonguss|Eject Button
|
|t:|1757019484
|switch|p2b: Kilowattrel|Kilowattrel, L50, F|100/100
|
|-damage|p1b: Olmo|94/100 brn|[from] brn
|upkeep
|turn|3
|
|t:|1757019512
|-terastallize|p2a: Annihilape|Grass
|move|p1b: Olmo|Protect|p1b: Olmo
|-singleturn|p1b: Olmo|Protect
|move|p1a: Paolo|Scale Shot|p2b: Kilowattrel
|-damage|p2b: Kilowattrel|76/100
|-damage|p2b: Kilowattrel|53/100
|-damage|p2b: Kilowattrel|29/100
|-damage|p2b: Kilowattrel|4/100
|-hitcount|p2b: Kilowattrel|4
|-unboost|p1a: Paolo|def|1
|-boost|p1a: Paolo|spe|1
|move|p2b: Kilowattrel|Tailwind|p2b: Kilowattrel
|-sidestart|p2: livelaughlotad1|move: Tailwind
|move|p2a: Annihilape|Rage Fist|p1b: Olmo
|-activate|p1b: Olmo|move: Protect
|
|-damage|p1b: Olmo|88/100 brn|[from] brn
|upkeep
|turn|4
|inactive|livelaughlotad1 has 30 seconds left.
|
|t:|1757019544
|move|p1a: Paolo|Scale Shot|p2b: Kilowattrel
|-damage|p2b: Kilowattrel|0 fnt
|faint|p2b: Kilowattrel
|-hitcount|p2: Kilowattrel|1
|-unboost|p1a: Paolo|def|1
|-boost|p1a: Paolo|spe|1
|move|p2a: Annihilape|Rage Fist|p1b: Olmo
|-supereffective|p1b: Olmo
|-damage|p1b: Olmo|48/100 brn
|move|p1b: Olmo|Facade|p2a: Annihilape
|-damage|p2a: Annihilape|0 fnt
|faint|p2a: Annihilape
|
|-damage|p1b: Olmo|42/100 brn|[from] brn
|upkeep
|
|t:|1757019554
|switch|p2b: Ursaluna|Ursaluna, L50, M|100/100
|switch|p2a: Amoonguss|Amoonguss, L50, M|40/100
|turn|5
|
|t:|1757019583
|move|p2a: Amoonguss|Rage Powder|p2a: Amoonguss
|-singleturn|p2a: Amoonguss|move: Rage Powder
|move|p1a: Paolo|Scale Shot|p2a: Amoonguss
|-damage|p2a: Amoonguss|30/100
|-damage|p2a: Amoonguss|20/100
|-damage|p2a: Amoonguss|9/100
|-damage|p2a: Amoonguss|0 fnt
|faint|p2a: Amoonguss
|-hitcount|p2: Amoonguss|4
|-unboost|p1a: Paolo|def|1
|-boost|p1a: Paolo|spe|1
|move|p1b: Olmo|Earthquake|p2b: Ursaluna|[spread] p2b
|-immune|p1a: Paolo
|-damage|p2b: Ursaluna|44/100
|move|p2b: Ursaluna|Headlong Rush|p1b: Olmo
|-damage|p1b: Olmo|0 fnt
|-unboost|p2b: Ursaluna|def|1
|-unboost|p2b: Ursaluna|spd|1
|faint|p1b: Olmo
|
|-sideend|p1: Cristante terabug|move: Tailwind
|-status|p2b: Ursaluna|brn|[from] item: Flame Orb
|upkeep
|
|t:|1757019598
|switch|p1b: De Marinis|Incineroar, L50, M|100/100
|-ability|p1b: De Marinis|Intimidate|boost
|-unboost|p2b: Ursaluna|atk|1
|turn|6
|-message|livelaughlotad1 forfeited.
|
|win|Cristante terabug
