|j|☆Dawsonschris
|j|☆Arkhept
|html|DawsonschrisArkhept    
|uhtml|bestof|Game 1 of a best-of-3
|t:|1757257285
|gametype|doubles
|player|p1|Dawsonschris|artist-gen4|1155
|player|p2|Arkhept|misty|1121
|gen|9
|tier|[Gen 9] VGC 2025 Reg H (Bo3)
|rated|
|rule|Species Clause: Limit one of each Pokémon
|rule|Item Clause: Limit 1 of each item
|clearpoke
|poke|p1|Ursaluna-Bloodmoon, L50, M|
|poke|p1|Electabuzz, L50, F|
|poke|p1|Sneasler, L50, F|
|poke|p1|Indeedee, L50, M|
|poke|p1|Whimsicott, L50, F|
|poke|p1|Typhlosion-Hisui, L50, M|
|poke|p2|Farigiraf, L50, M|
|poke|p2|Ribombee, L50, M|
|poke|p2|Dragonite, L50, F|
|poke|p2|Hydrapple, L50, M|
|poke|p2|Volcarona, L50, F|
|poke|p2|Ursaluna-Bloodmoon, L50, M|
|teampreview|4
|showteam|p1|Ursaluna-Bloodmoon||LifeOrb|MindsEye|Protect,BloodMoon,EarthPower,HyperVoice|||M|||50|,,,,,Normal]Electabuzz||Eviolite|VitalSpirit|FollowMe,Taunt,Electroweb,Protect|||F|||50|,,,,,Dragon]Sneasler||PsychicSeed|Unburden|ThroatChop,DireClaw,CloseCombat,Protect|||F|||50|,,,,,Dark]Indeedee||FocusSash|PsychicSurge|ExpandingForce,TrickRoom,HelpingHand,Protect|||M|||50|,,,,,Psychic]Whimsicott||CovertCloak|Prankster|Tailwind,Moonblast,Encore,SunnyDay|||F|||50|,,,,,Ghost]Typhlosion-Hisui||ChoiceSpecs|Blaze|Eruption,HeatWave,ShadowBall,Overheat|||M|||50|,,,,,Fire
|showteam|p2|Farigiraf||ThroatSpray|ArmorTail|HyperVoice,PsychicNoise,TrickRoom,TeraBlast|||M|||50|,,,,,Fire]Ribombee||FocusSash|ShieldDust|Tailwind,FakeTears,Moonblast,Protect|||M|||50|,,,,,Fairy]Dragonite||LoadedDice|Multiscale|ScaleShot,IceSpinner,ExtremeSpeed,Protect|||F|||50|,,,,,Fairy]Hydrapple||AssaultVest|Regenerator|GigaDrain,FickleBeam,EarthPower,LeafStorm|||M|||50|,,,,,Fire]Volcarona||CovertCloak|FlameBody|FieryDance,StruggleBug,RagePowder,WillOWisp|||F|||50|,,,,,Dragon]Ursaluna-Bloodmoon||LifeOrb|MindsEye|HyperVoice,BloodMoon,Protect,EarthPower|||M|||50|,,,,,Normal
|inactive|Battle timer is ON: inactive players will automatically lose when time's up. (requested by Dawsonschris)
|inactive|Arkhept has 60 seconds left.
|
|t:|1757257336
|teamsize|p1|4
|teamsize|p2|4
|start
|switch|p1a: Electabuzz|Electabuzz, L50, F|100/100
|switch|p1b: Ursaluna|Ursaluna-Bloodmoon, L50, M|100/100
|switch|p2a: Volcarona|Volcarona, L50, F|100/100
|switch|p2b: Ursaluna|Ursaluna-Bloodmoon, L50, M|100/100
|turn|1
|
|t:|1757257355
|move|p1b: Ursaluna|Protect|p1b: Ursaluna
|-singleturn|p1b: Ursaluna|Protect
|move|p1a: Electabuzz|Taunt|p2a: Volcarona
|-start|p2a: Volcarona|move: Taunt
|move|p2a: Volcarona|Struggle Bug|p1a: Electabuzz|[spread] p1a
|-activate|p1b: Ursaluna|move: Protect
|-damage|p1a: Electabuzz|85/100
|-unboost|p1a: Electabuzz|spa|1
|move|p2b: Ursaluna|Hyper Voice|p1a: Electabuzz|[spread] p1a
|-activate|p1b: Ursaluna|move: Protect
|-damage|p1a: Electabuzz|43/100
|-damage|p2b: Ursaluna|91/100|[from] item: Life Orb
|
|upkeep
|turn|2
|
|t:|1757257380
|-terastallize|p1b: Ursaluna|Normal
|move|p1a: Electabuzz|Follow Me|p1a: Electabuzz
|-singleturn|p1a: Electabuzz|move: Follow Me
|move|p2a: Volcarona|Struggle Bug|p1b: Ursaluna|[spread] p1a,p1b
|-damage|p1a: Electabuzz|29/100
|-damage|p1b: Ursaluna|77/100
|-unboost|p1a: Electabuzz|spa|1
|-unboost|p1b: Ursaluna|spa|1
|move|p2b: Ursaluna|Hyper Voice|p1b: Ursaluna|[spread] p1a,p1b
|-damage|p1a: Electabuzz|0 fnt
|-damage|p1b: Ursaluna|14/100
|faint|p1a: Electabuzz
|-damage|p2b: Ursaluna|81/100|[from] item: Life Orb
|move|p1b: Ursaluna|Blood Moon|p2a: Volcarona
|-crit|p2a: Volcarona
|-damage|p2a: Volcarona|0 fnt
|faint|p2a: Volcarona
|-damage|p1b: Ursaluna|5/100|[from] item: Life Orb
|
|upkeep
|
|t:|1757257403
|switch|p1a: Indeedee|Indeedee, L50, M|100/100
|switch|p2a: Farigiraf|Farigiraf, L50, M|100/100
|-fieldstart|move: Psychic Terrain|[from] ability: Psychic Surge|[of] p1a: Indeedee
|turn|3
|
|t:|1757257416
|move|p1a: Indeedee|Expanding Force|p2a: Farigiraf|[spread] p2a,p2b
|-resisted|p2a: Farigiraf
|-damage|p2a: Farigiraf|74/100
|-damage|p2b: Ursaluna|16/100
|move|p2b: Ursaluna|Hyper Voice|p1b: Ursaluna|[spread] p1a,p1b
|-damage|p1a: Indeedee|40/100
|-damage|p1b: Ursaluna|0 fnt
|faint|p1b: Ursaluna
|-damage|p2b: Ursaluna|6/100|[from] item: Life Orb
|move|p2a: Farigiraf|Trick Room|p2a: Farigiraf
|-fieldstart|move: Trick Room|[of] p2a: Farigiraf
|
|upkeep
|
|t:|1757257426
|switch|p1b: Sneasler|Sneasler, L50, F|100/100
|-enditem|p1b: Sneasler|Psychic Seed
|-boost|p1b: Sneasler|spd|1|[from] item: Psychic Seed
|turn|4
|
|t:|1757257436
|move|p1b: Sneasler|Protect|p1b: Sneasler
|-singleturn|p1b: Sneasler|Protect
|move|p2a: Farigiraf|Hyper Voice|p1b: Sneasler|[spread] p1a
|-activate|p1b: Sneasler|move: Protect
|-damage|p1a: Indeedee|2/100
|-enditem|p2a: Farigiraf|Throat Spray
|-boost|p2a: Farigiraf|spa|1|[from] item: Throat Spray
|move|p2b: Ursaluna|Hyper Voice|p1a: Indeedee|[spread] p1a
|-activate|p1b: Sneasler|move: Protect
|-damage|p1a: Indeedee|0 fnt
|faint|p1a: Indeedee
|-damage|p2b: Ursaluna|0 fnt|[from] item: Life Orb
|faint|p2b: Ursaluna
|
|upkeep
|
|t:|1757257439
|switch|p2b: Hydrapple|Hydrapple, L50, M|100/100
|turn|5
|
|t:|1757257455
|move|p2b: Hydrapple|Fickle Beam|p1b: Sneasler
|-damage|p1b: Sneasler|64/100
|move|p2a: Farigiraf|Psychic Noise|p1b: Sneasler
|-supereffective|p1b: Sneasler
|-damage|p1b: Sneasler|0 fnt
|faint|p1b: Sneasler
|
|win|Arkhept
||Arkhept is ready for game 2.
|inactive|Dawsonschris has 30 seconds to confirm battle start!
