|j|☆mango-io-m4
|j|☆lettitripppp
|html|mango-io-m4lettitripppp    
|uhtml|bestof|Game 1 of a best-of-3
|t:|1784758253
|gametype|doubles
|player|p1|mango-io-m4|linebacker|1180
|player|p2|lettitripppp|lucas|1222
|gen|9
|tier|[Gen 9 Champions] VGC 2026 Reg M-B (Bo3)
|rated|
|rule|Species Clause: Limit one of each Pokémon
|rule|Item Clause: Limit 1 of each item
|clearpoke
|poke|p1|Swampert, L50, M|
|poke|p1|Pelipper, L50, M|
|poke|p1|Incineroar, L50, F|
|poke|p1|Archaludon, L50, M|
|poke|p1|Grimmsnarl, L50, M|
|poke|p1|Sinistcha-Masterpiece, L50|
|poke|p2|Charizard, L50, M, shiny|
|poke|p2|Basculegion, L50, M, shiny|
|poke|p2|Pelipper, L50, F|
|poke|p2|Venusaur, L50, M|
|poke|p2|Archaludon, L50, F|
|poke|p2|Grimmsnarl, L50, M, shiny|
|teampreview|4
|showteam|p1|Swampert||Swampertite|Torrent|WaveCrash,IcePunch,HighHorsepower,Protect|Adamant||M|||50|]Pelipper||ExpertBelt|Drizzle|Tailwind,Hurricane,WeatherBall,Protect|Bold||M|||50|]Incineroar||PasshoBerry|Intimidate|FakeOut,PartingShot,Snarl,BurningJealousy|Calm||F|||50|]Archaludon||Leftovers|Stamina|ElectroShot,FlashCannon,Protect,DracoMeteor|Calm||M|||50|]Grimmsnarl||LightClay|Prankster|FakeOut,SpiritBreak,LightScreen,Reflect|Careful||M|||50|]Sinistcha-Masterpiece||SitrusBerry|Hospitality|MatchaGotcha,RagePowder,StrengthSap,Protect|Bold|||||50|
|showteam|p2|Charizard||CharizarditeY|Blaze|WeatherBall,SolarBeam,HeatWave,Protect|Modest||M|||50|]Basculegion||ChoiceScarf|Adaptability|LastRespects,WaveCrash,FlipTurn,AquaJet|Jolly||M|||50|]Pelipper||SitrusBerry|Drizzle|WeatherBall,WideGuard,Hurricane,Tailwind|Modest||F|||50|]Venusaur||FocusSash|Chlorophyll|SleepPowder,SludgeBomb,EarthPower,Protect|Modest||M|||50|]Archaludon||Leftovers|Stamina|FlashCannon,DragonPulse,ElectroShot,Protect|Calm||F|||50|]Grimmsnarl||LightClay|Prankster|PartingShot,LightScreen,SpiritBreak,Reflect|Relaxed||M|||50|
|inactive|Battle timer is ON: inactive players will automatically lose when time's up. (requested by lettitripppp)
|inactive|mango-io-m4 has 60 seconds left.
|inactive|lettitripppp has 60 seconds left.
|
|t:|1784758302
|teamsize|p1|4
|teamsize|p2|4
|start
|switch|p1a: Swampert|Swampert, L50, M|100/100
|switch|p1b: Grimmsnarl|Grimmsnarl, L50, M|100/100
|switch|p2a: AGNI|Charizard, L50, M, shiny|100/100
|switch|p2b: GO JOHAN|Grimmsnarl, L50, M, shiny|100/100
|turn|1
|inactive|mango-io-m4 has 30 seconds left.
|
|t:|1784758336
|detailschange|p2a: AGNI|Charizard-Mega-Y, L50, M, shiny
|-mega|p2a: AGNI|Charizard|Charizardite Y
|-weather|SunnyDay|[from] ability: Drought|[of] p2a: AGNI
|detailschange|p1a: Swampert|Swampert-Mega, L50, M
|-mega|p1a: Swampert|Swampert|Swampertite
|move|p1b: Grimmsnarl|Fake Out|p2b: GO JOHAN
|-damage|p2b: GO JOHAN|89/100
|cant|p2b: GO JOHAN|flinch
|move|p2a: AGNI|Solar Beam||[still]
|-prepare|p2a: AGNI|Solar Beam
|-anim|p2a: AGNI|Solar Beam|p1a: Swampert
|-supereffective|p1a: Swampert|2
|-damage|p1a: Swampert|0 fnt
|faint|p1a: Swampert
|
|-weather|SunnyDay|[upkeep]
|upkeep
|
|t:|1784758352
|switch|p1a: Pelipper|Pelipper, L50, M|100/100
|-weather|RainDance|[from] ability: Drizzle|[of] p1a: Pelipper
|turn|2
|
|t:|1784758362
|switch|p2a: GHOSTWAVE|Basculegion, L50, M, shiny|100/100
|move|p1b: Grimmsnarl|Light Screen|p1b: Grimmsnarl
|-sidestart|p1: mango-io-m4|move: Light Screen
|move|p2b: GO JOHAN|Light Screen|p2b: GO JOHAN
|-sidestart|p2: lettitripppp|move: Light Screen
|move|p1a: Pelipper|Weather Ball|p2a: GHOSTWAVE
|-resisted|p2a: GHOSTWAVE|1
|-damage|p2a: GHOSTWAVE|81/100
|
|-weather|RainDance|[upkeep]
|upkeep
|turn|3
|
|t:|1784758373
|move|p1b: Grimmsnarl|Reflect|p1b: Grimmsnarl
|-sidestart|p1: mango-io-m4|Reflect
|move|p2b: GO JOHAN|Reflect|p2b: GO JOHAN
|-sidestart|p2: lettitripppp|Reflect
|move|p2a: GHOSTWAVE|Flip Turn|p1b: Grimmsnarl
|-damage|p1b: Grimmsnarl|60/100
|
|t:|1784758380
|switch|p2a: AGNI|Charizard-Mega-Y, L50, M, shiny|100/100|[from] Flip Turn
|-weather|SunnyDay|[from] ability: Drought|[of] p2a: AGNI
|move|p1a: Pelipper|Tailwind|p1a: Pelipper
|-sidestart|p1: mango-io-m4|move: Tailwind
|
|-weather|SunnyDay|[upkeep]
|upkeep
|turn|4
|inactive|mango-io-m4 has 30 seconds left.
|
|t:|1784758407
|switch|p2b: SOFT-SLEEP|Venusaur, L50, M|100/100
|move|p1a: Pelipper|Hurricane|p2a: AGNI|[miss]
|-miss|p1a: Pelipper|p2a: AGNI
|move|p1b: Grimmsnarl|Spirit Break|p2a: AGNI
|-resisted|p2a: AGNI|1
|-damage|p2a: AGNI|88/100
|-unboost|p2a: AGNI|spa|1
|move|p2a: AGNI|Weather Ball|p1b: Grimmsnarl
|-damage|p1b: Grimmsnarl|29/100
|
|-weather|SunnyDay|[upkeep]
|upkeep
|turn|5
|
|t:|1784758425
|switch|p2a: GO JOHAN|Grimmsnarl, L50, M, shiny|89/100
|move|p2b: SOFT-SLEEP|Sludge Bomb|p1b: Grimmsnarl
|-supereffective|p1b: Grimmsnarl|1
|-damage|p1b: Grimmsnarl|0 fnt
|faint|p1b: Grimmsnarl
|move|p1a: Pelipper|Hurricane|p2b: SOFT-SLEEP
|-supereffective|p2b: SOFT-SLEEP|1
|-damage|p2b: SOFT-SLEEP|31/100
|-start|p2b: SOFT-SLEEP|confusion
|
|-weather|SunnyDay|[upkeep]
|upkeep
|
|t:|1784758429
|switch|p1b: Archaludon|Archaludon, L50, M|100/100
|turn|6
|inactive|lettitripppp has 30 seconds left.
|
|t:|1784758457
|switch|p2b: GHOSTWAVE|Basculegion, L50, M, shiny|81/100
|move|p2a: GO JOHAN|Parting Shot|p1b: Archaludon
|-unboost|p1b: Archaludon|atk|1
|-unboost|p1b: Archaludon|spa|1
|
|t:|1784758465
|switch|p2a: SOFT-SLEEP|Venusaur, L50, M|31/100|[from] Parting Shot
|move|p1b: Archaludon|Flash Cannon|p2a: SOFT-SLEEP
|-damage|p2a: SOFT-SLEEP|13/100
|move|p1a: Pelipper|Hurricane|p2b: GHOSTWAVE|[miss]
|-miss|p1a: Pelipper|p2b: GHOSTWAVE
|
|-weather|SunnyDay|[upkeep]
|-sideend|p1: mango-io-m4|move: Tailwind
|upkeep
|turn|7
|inactive|mango-io-m4 has 30 seconds left.
|
|t:|1784758500
|switch|p2b: GO JOHAN|Grimmsnarl, L50, M, shiny|89/100
|move|p2a: SOFT-SLEEP|Sleep Powder|p1a: Pelipper
|-status|p1a: Pelipper|slp|[from] move: Sleep Powder
|move|p1b: Archaludon|Electro Shot||[still]
|-prepare|p1b: Archaludon|Electro Shot
|-boost|p1b: Archaludon|spa|1
|cant|p1a: Pelipper|slp
|
|-weather|none
|upkeep
|turn|8
|
|t:|1784758512
|switch|p2a: AGNI|Charizard-Mega-Y, L50, M, shiny|88/100
|-weather|SunnyDay|[from] ability: Drought|[of] p2a: AGNI
|move|p2b: GO JOHAN|Parting Shot|p1b: Archaludon
|-unboost|p1b: Archaludon|atk|1
|-unboost|p1b: Archaludon|spa|1
|
|t:|1784758519
|switch|p2b: SOFT-SLEEP|Venusaur, L50, M|13/100|[from] Parting Shot
|move|p1b: Archaludon|Electro Shot|p2b: SOFT-SLEEP|[from] lockedmove
|-resisted|p2b: SOFT-SLEEP|1
|-damage|p2b: SOFT-SLEEP|4/100
|cant|p1a: Pelipper|slp
|
|-weather|SunnyDay|[upkeep]
|upkeep
|turn|9
|
|t:|1784758531
|move|p2b: SOFT-SLEEP|Sludge Bomb|p1a: Pelipper
|-damage|p1a: Pelipper|67/100 slp
|move|p2a: AGNI|Solar Beam||[still]
|-prepare|p2a: AGNI|Solar Beam
|-anim|p2a: AGNI|Solar Beam|p1a: Pelipper
|-damage|p1a: Pelipper|35/100 slp
|move|p1b: Archaludon|Draco Meteor|p2a: AGNI|[miss]
|-miss|p1b: Archaludon|p2a: AGNI
|-curestatus|p1a: Pelipper|slp|[msg]
|move|p1a: Pelipper|Hurricane|p2b: SOFT-SLEEP|[miss]
|-miss|p1a: Pelipper|p2b: SOFT-SLEEP
|
|-weather|SunnyDay|[upkeep]
|-sideend|p1: mango-io-m4|move: Light Screen
|-sideend|p2: lettitripppp|move: Light Screen
|upkeep
|turn|10
|
|t:|1784758547
|move|p2b: SOFT-SLEEP|Sleep Powder|p1b: Archaludon
|-status|p1b: Archaludon|slp|[from] move: Sleep Powder
|move|p2a: AGNI|Solar Beam||[still]
|-prepare|p2a: AGNI|Solar Beam
|-anim|p2a: AGNI|Solar Beam|p1a: Pelipper
|-damage|p1a: Pelipper|0 fnt
|faint|p1a: Pelipper
|cant|p1b: Archaludon|slp
|
|-weather|SunnyDay|[upkeep]
|-sideend|p2: lettitripppp|Reflect
|-sideend|p1: mango-io-m4|Reflect
|upkeep
|turn|11
|
|t:|1784758556
|move|p2b: SOFT-SLEEP|Earth Power|p1b: Archaludon
|-supereffective|p1b: Archaludon|1
|-damage|p1b: Archaludon|50/100y slp
|-ability|p1b: Archaludon|Stamina|boost
|-boost|p1b: Archaludon|def|1
|move|p2a: AGNI|Weather Ball|p1b: Archaludon
|-damage|p1b: Archaludon|0 fnt
|faint|p1b: Archaludon
|
|win|lettitripppp
||mango-io-m4 is ready for game 2.
