|j|☆gmars69
|j|☆i love all turtles
|html|gmars69i love all turtles    
|uhtml|bestof|Game 1 of a best-of-3
|t:|1785751285
|gametype|doubles
|player|p1|gmars69|266|1061
|player|p2|i love all turtles|volkner|1000
|gen|9
|tier|[Gen 9 Champions] VGC 2026 Reg M-B (Bo3)
|rated|
|rule|Species Clause: Limit one of each Pokémon
|rule|Item Clause: Limit 1 of each item
|clearpoke
|poke|p1|Camerupt, L50, M|
|poke|p1|Torkoal, L50, F|
|poke|p1|Cofagrigus, L50, F|
|poke|p1|Farigiraf, L50, F|
|poke|p1|Sylveon, L50, F|
|poke|p1|Sableye, L50, M|
|poke|p2|Froslass, L50, F|
|poke|p2|Basculegion, L50, M|
|poke|p2|Kingambit, L50, F|
|poke|p2|Sneasler, L50, F|
|poke|p2|Lycanroc-Dusk, L50, M|
|poke|p2|Scovillain, L50, M, shiny|
|teampreview|4
|showteam|p1|Camerupt||Cameruptite|SolidRock|Protect,HeatWave,EarthPower,AncientPower|Quiet||M|||50|]Torkoal||Charcoal|Drought|Protect,Eruption,HeatWave,SolarBeam|Quiet||F|||50|]Cofagrigus||Leftovers|Mummy|Protect,TrickRoom,WillOWisp,Hex|Relaxed||F|||50|]Farigiraf||SitrusBerry|ArmorTail|Protect,TrickRoom,Thunderbolt,LightScreen|Sassy||F|||50|]Sylveon||FairyFeather|Pixilate|Protect,HyperVoice,CalmMind,Yawn|Quiet||F|||50|]Sableye||LightClay|Prankster|SunnyDay,Reflect,Swagger,Disable|Bold||M|||50|
|showteam|p2|Froslass||Froslassite|CursedBody|Blizzard,ShadowBall,AuroraVeil,Protect|Timid||F|||50|]Basculegion||SitrusBerry|Adaptability|WaveCrash,LastRespects,AquaJet,Protect|Adamant||M|||50|]Kingambit||LifeOrb|Defiant|KowtowCleave,SuckerPunch,SwordsDance,Protect|Adamant||F|||50|]Sneasler||WhiteHerb|Unburden|CloseCombat,GunkShot,Protect,FakeOut|Adamant||F|||50|]Lycanroc-Dusk||FocusSash|ToughClaws|CloseCombat,Accelerock,RockSlide,Protect|Adamant||M|||50|]Scovillain||Scovillainite|Moody|GigaDrain,Overheat,RagePowder,Protect|Bold||M|||50|
|inactive|Battle timer is ON: inactive players will automatically lose when time's up. (requested by i love all turtles)
|inactive|i love all turtles has 60 seconds left.
|
|t:|1785751341
|teamsize|p1|4
|teamsize|p2|4
|start
|switch|p1a: Torkoal|Torkoal, L50, F|100/100
|switch|p1b: Cofagrigus|Cofagrigus, L50, F|100/100
|switch|p2a: Kingambit|Kingambit, L50, F|100/100
|switch|p2b: Basculegion|Basculegion, L50, M|100/100
|-weather|SunnyDay|[from] ability: Drought|[of] p1a: Torkoal
|turn|1
|
|t:|1785751359
|move|p1b: Cofagrigus|Protect|p1b: Cofagrigus
|-singleturn|p1b: Cofagrigus|Protect
|move|p2b: Basculegion|Wave Crash|p1a: Torkoal
|-supereffective|p1a: Torkoal|1
|-damage|p1a: Torkoal|43/100
|-damage|p2b: Basculegion|84/100|[from] Recoil
|move|p2a: Kingambit|Kowtow Cleave|p1b: Cofagrigus
|-activate|p1b: Cofagrigus|move: Protect
|move|p1a: Torkoal|Eruption|p2a: Kingambit|[spread] p2a,p2b
|-supereffective|p2a: Kingambit|1
|-resisted|p2b: Basculegion|1
|-damage|p2a: Kingambit|33/100
|-damage|p2b: Basculegion|67/100
|
|-weather|SunnyDay|[upkeep]
|upkeep
|turn|2
|
|t:|1785751372
|move|p1a: Torkoal|Protect|p1a: Torkoal
|-singleturn|p1a: Torkoal|Protect
|move|p2b: Basculegion|Wave Crash|p1a: Torkoal
|-activate|p1a: Torkoal|move: Protect
|move|p2a: Kingambit|Kowtow Cleave|p1b: Cofagrigus
|-supereffective|p1b: Cofagrigus|1
|-damage|p1b: Cofagrigus|19/100
|-activate|p1b: Cofagrigus|ability: Mummy|p2a: Kingambit|[ability] Defiant
|-damage|p2a: Kingambit|23/100|[from] item: Life Orb
|move|p1b: Cofagrigus|Trick Room|p1b: Cofagrigus
|-fieldstart|move: Trick Room|[of] p1b: Cofagrigus
|
|-weather|SunnyDay|[upkeep]
|-heal|p1b: Cofagrigus|25/100|[from] item: Leftovers
|upkeep
|turn|3
|
|t:|1785751391
|move|p2a: Kingambit|Sucker Punch|p1a: Torkoal
|-damage|p1a: Torkoal|3/100
|-damage|p2a: Kingambit|14/100|[from] item: Life Orb
|move|p2b: Basculegion|Aqua Jet|p1a: Torkoal
|-supereffective|p1a: Torkoal|1
|-damage|p1a: Torkoal|0 fnt
|faint|p1a: Torkoal
|move|p1b: Cofagrigus|Hex|p2b: Basculegion
|-supereffective|p2b: Basculegion|1
|-damage|p2b: Basculegion|27/100
|-enditem|p2b: Basculegion|Sitrus Berry|[eat]
|-heal|p2b: Basculegion|52/100|[from] item: Sitrus Berry
|
|-weather|SunnyDay|[upkeep]
|-heal|p1b: Cofagrigus|31/100|[from] item: Leftovers
|upkeep
|
|t:|1785751399
|switch|p1a: Camerupt|Camerupt, L50, M|100/100
|turn|4
|
|t:|1785751410
|detailschange|p1a: Camerupt|Camerupt-Mega, L50, M
|-mega|p1a: Camerupt|Camerupt|Cameruptite
|move|p1b: Cofagrigus|Protect|p1b: Cofagrigus
|-singleturn|p1b: Cofagrigus|Protect
|move|p2a: Kingambit|Protect|p2a: Kingambit
|-singleturn|p2a: Kingambit|Protect
|move|p2b: Basculegion|Protect|p2b: Basculegion
|-singleturn|p2b: Basculegion|Protect
|move|p1a: Camerupt|Heat Wave|p2b: Basculegion|[spread] 
|-activate|p2a: Kingambit|move: Protect
|-activate|p2b: Basculegion|move: Protect
|
|-weather|SunnyDay|[upkeep]
|-heal|p1b: Cofagrigus|37/100|[from] item: Leftovers
|upkeep
|turn|5
|
|t:|1785751425
|move|p2a: Kingambit|Sucker Punch|p1a: Camerupt
|-damage|p1a: Camerupt|46/100
|-damage|p2a: Kingambit|4/100|[from] item: Life Orb
|move|p2b: Basculegion|Aqua Jet|p1a: Camerupt
|-supereffective|p1a: Camerupt|2
|-damage|p1a: Camerupt|0 fnt
|faint|p1a: Camerupt
|move|p1b: Cofagrigus|Will-O-Wisp|p2b: Basculegion
|-status|p2b: Basculegion|brn
|
|-weather|none
|-heal|p1b: Cofagrigus|43/100|[from] item: Leftovers
|-damage|p2b: Basculegion|46/100 brn|[from] brn
|upkeep
|
|t:|1785751431
|switch|p1a: Sableye|Sableye, L50, M|100/100
|turn|6
|
|t:|1785751446
|move|p1b: Cofagrigus|Protect|p1b: Cofagrigus
|-singleturn|p1b: Cofagrigus|Protect
|move|p1a: Sableye|Reflect|p1a: Sableye
|-sidestart|p1: gmars69|Reflect
|move|p2a: Kingambit|Kowtow Cleave|p1a: Sableye
|-damage|p1a: Sableye|59/100
|-damage|p2a: Kingambit|0 fnt|[from] item: Life Orb
|faint|p2a: Kingambit
|move|p2b: Basculegion|Wave Crash|p1a: Sableye
|-damage|p1a: Sableye|32/100
|-damage|p2b: Basculegion|40/100 brn|[from] Recoil
|
|-heal|p1b: Cofagrigus|49/100|[from] item: Leftovers
|-damage|p2b: Basculegion|34/100 brn|[from] brn
|-fieldend|move: Trick Room
|upkeep
|
|t:|1785751454
|switch|p2a: Froslass|Froslass, L50, F|100/100
|turn|7
|-message|gmars69 forfeited.
|
|win|i love all turtles
