|j|☆Br1_lore
|j|☆rohit1907
|html|Br1_lorerohit1907    
|uhtml|bestof|Game 1 of a best-of-3
|t:|1785343070
|gametype|doubles
|player|p1|Br1_lore|265|1096
|player|p2|rohit1907|1|1000
|gen|9
|tier|[Gen 9 Champions] VGC 2026 Reg M-B (Bo3)
|rated|
|rule|Species Clause: Limit one of each Pokémon
|rule|Item Clause: Limit 1 of each item
|clearpoke
|poke|p1|Metagross, L50|
|poke|p1|Volcarona, L50, M|
|poke|p1|Sneasler, L50, F|
|poke|p1|Garchomp, L50, M|
|poke|p1|Sylveon, L50, M|
|poke|p1|Kingambit, L50, F|
|poke|p2|Overqwil, L50, M|
|poke|p2|Audino, L50, F|
|poke|p2|Whimsicott, L50, F|
|poke|p2|Malamar, L50, M|
|poke|p2|Palafin, L50, M|
|poke|p2|Delphox, L50, M|
|teampreview|4
|showteam|p1|Metagross||Metagrossite|ClearBody|IronHead,PsychicFangs,BodyPress,Protect|Jolly|||||50|]Volcarona||ChartiBerry|Swarm|FieryDance,QuiverDance,BugBuzz,GigaDrain|Timid||M|||50|]Sneasler||WhiteHerb|Unburden|CloseCombat,DireClaw,FakeOut,Protect|Adamant||F|||50|]Garchomp||LifeOrb|RoughSkin|DragonClaw,Earthquake,RockSlide,Protect|Jolly||M|||50|]Sylveon||FairyFeather|Pixilate|HyperBeam,HyperVoice,QuickAttack,Detect|Modest||M|||50|]Kingambit||FocusSash|Defiant|KowtowCleave,IronHead,SuckerPunch,Protect|Adamant||F|||50|
|showteam|p2|Overqwil||Leftovers|PoisonPoint|Minimize,Stockpile,BarbBarrage,Protect|Sassy||M|||50|]Audino||FocusSash|Healer|SimpleBeam,TrickRoom,Yawn,HelpingHand|Sassy||F|||50|]Whimsicott||CobaBerry|Prankster|Encore,Memento,Tailwind,Taunt|Bold||F|||50|]Malamar||Malamarite|Contrary|Superpower,StoredPower,PsychUp,Protect|Adamant||M|||50|]Palafin||LifeOrb|ZerotoHero|BulkUp,JetPunch,Liquidation,FlipTurn|Jolly||M|||50|]Delphox||Delphoxite|Magician|PsychUp,HeatWave,StoredPower,Protect|Timid||M|||50|
|
|t:|1785343109
|teamsize|p1|4
|teamsize|p2|4
|start
|switch|p1a: Sneasler|Sneasler, L50, F|100/100
|switch|p1b: Garchomp|Garchomp, L50, M|100/100
|switch|p2a: Audino|Audino, L50, F|100/100
|switch|p2b: Palafin|Palafin, L50, M|100/100
|turn|1
|
|t:|1785343131
|move|p1a: Sneasler|Fake Out|p2a: Audino
|-damage|p2a: Audino|87/100
|move|p1b: Garchomp|Rock Slide|p2a: Audino|[spread] p2a,p2b
|-crit|p2a: Audino
|-damage|p2a: Audino|53/100
|-damage|p2b: Palafin|68/100
|-damage|p1b: Garchomp|90/100|[from] item: Life Orb
|move|p2b: Palafin|Flip Turn|p1b: Garchomp
|-damage|p1b: Garchomp|61/100
|-damage|p2b: Palafin|55/100|[from] ability: Rough Skin|[of] p1b: Garchomp
|-damage|p2b: Palafin|46/100|[from] item: Life Orb
|
|t:|1785343147
|detailschange|p2b: Palafin|Palafin-Hero, L50, M
|switch|p2b: Overqwil|Overqwil, L50, M|100/100|[from] Flip Turn
|cant|p2a: Audino|flinch
|
|upkeep
|turn|2
|
|t:|1785343162
|move|p2b: Overqwil|Protect|p2b: Overqwil
|-singleturn|p2b: Overqwil|Protect
|move|p1a: Sneasler|Close Combat|p2a: Audino
|-supereffective|p2a: Audino|1
|-damage|p2a: Audino|0 fnt
|-unboost|p1a: Sneasler|def|1
|-unboost|p1a: Sneasler|spd|1
|faint|p2a: Audino
|-enditem|p1a: Sneasler|White Herb
|-clearnegativeboost|p1a: Sneasler|[silent]
|move|p1b: Garchomp|Rock Slide|p2b: Overqwil
|-activate|p2b: Overqwil|move: Protect
|
|upkeep
|
|t:|1785343177
|switch|p2a: Palafin|Palafin-Hero, L50, M|46/100
|-activate|p2a: Palafin|ability: Zero to Hero
|turn|3
|
|t:|1785343188
|move|p1a: Sneasler|Protect|p1a: Sneasler
|-singleturn|p1a: Sneasler|Protect
|move|p2a: Palafin|Jet Punch|p1b: Garchomp
|-damage|p1b: Garchomp|13/100
|-damage|p2a: Palafin|33/100|[from] ability: Rough Skin|[of] p1b: Garchomp
|-damage|p2a: Palafin|24/100|[from] item: Life Orb
|move|p1b: Garchomp|Earthquake|p2b: Overqwil|[spread] p2a,p2b
|-activate|p1a: Sneasler|move: Protect
|-supereffective|p2b: Overqwil|1
|-damage|p2a: Palafin|0 fnt
|-damage|p2b: Overqwil|6/100
|faint|p2a: Palafin
|-damage|p1b: Garchomp|4/100|[from] item: Life Orb
|move|p2b: Overqwil|Minimize|p2b: Overqwil
|-boost|p2b: Overqwil|evasion|2
|
|-heal|p2b: Overqwil|13/100|[from] item: Leftovers
|upkeep
|
|t:|1785343208
|switch|p2a: Malamar|Malamar, L50, M|100/100
|turn|4
|
|t:|1785343226
|move|p2a: Malamar|Protect|p2a: Malamar
|-singleturn|p2a: Malamar|Protect
|move|p1a: Sneasler|Dire Claw|p2a: Malamar
|-activate|p2a: Malamar|move: Protect
|move|p1b: Garchomp|Rock Slide|p2b: Overqwil|[spread] 
|-activate|p2a: Malamar|move: Protect
|-miss|p1b: Garchomp|p2b: Overqwil
|move|p2b: Overqwil|Minimize|p2b: Overqwil
|-boost|p2b: Overqwil|evasion|2
|
|-heal|p2b: Overqwil|19/100|[from] item: Leftovers
|upkeep
|turn|5
|
|t:|1785343247
|detailschange|p2a: Malamar|Malamar-Mega, L50, M
|-mega|p2a: Malamar|Malamar|Malamarite
|move|p1a: Sneasler|Dire Claw|p2a: Malamar
|-damage|p2a: Malamar|51/100
|-status|p2a: Malamar|par
|move|p1b: Garchomp|Rock Slide|p2b: Overqwil|[spread] p2a
|-miss|p1b: Garchomp|p2b: Overqwil
|-damage|p2a: Malamar|22/100 par
|-damage|p1b: Garchomp|0 fnt|[from] item: Life Orb
|faint|p1b: Garchomp
|move|p2b: Overqwil|Minimize|p2b: Overqwil
|-boost|p2b: Overqwil|evasion|2
|move|p2a: Malamar|Superpower|p1a: Sneasler
|-resisted|p1a: Sneasler|1
|-damage|p1a: Sneasler|74/100
|-boost|p2a: Malamar|atk|1
|-boost|p2a: Malamar|def|1
|
|-heal|p2b: Overqwil|25/100|[from] item: Leftovers
|upkeep
|
|t:|1785343265
|switch|p1b: Metagross|Metagross, L50|100/100
|turn|6
|
|t:|1785343282
|detailschange|p1b: Metagross|Metagross-Mega, L50
|-mega|p1b: Metagross|Metagross|Metagrossite
|move|p1a: Sneasler|Dire Claw|p2a: Malamar
|-damage|p2a: Malamar|0 fnt
|faint|p2a: Malamar
|move|p1b: Metagross|Iron Head|p2b: Overqwil
|-damage|p2b: Overqwil|0 fnt
|faint|p2b: Overqwil
|
|win|Br1_lore
||Br1_lore is ready for game 2.
|inactive|rohit1907 has 30 seconds to confirm battle start!
|raw|Br1_lore's rating: 1096 → 1115(+19 for winning)
|raw|rohit1907's rating: 1000 → 1000(+0 for losing)
|l|☆rohit1907
|player|p2|
