|j|☆Zane1571
|j|☆electrictopi
|html|Zane1571electrictopi    
|uhtml|bestof|Game 2 of a best-of-3
|t:|1757834185
|gametype|doubles
|player|p1|Zane1571|red|1094
|player|p2|electrictopi|n|1161
|gen|9
|tier|[Gen 9] VGC 2025 Reg H (Bo3)
|rated|
|rule|Species Clause: Limit one of each Pokémon
|rule|Item Clause: Limit 1 of each item
|clearpoke
|poke|p1|Pelipper, L50, M|
|poke|p1|Archaludon, L50, F|
|poke|p1|Sneasler, L50, F|
|poke|p1|Basculegion, L50, M|
|poke|p1|Kingambit, L50, M|
|poke|p1|Amoonguss, L50, F|
|poke|p2|Talonflame, L50, F|
|poke|p2|Sneasler, L50, M|
|poke|p2|Indeedee, L50, M|
|poke|p2|Ursaluna-Bloodmoon, L50, M|
|poke|p2|Sinistcha-Masterpiece, L50|
|poke|p2|Samurott-Hisui, L50, F|
|teampreview|4
|showteam|p1|Pelipper||CovertCloak|Drizzle|Tailwind,WeatherBall,Hurricane,WideGuard|||M|||50|,,,,,Ground]Archaludon||AssaultVest|Stalwart|ElectroShot,Snarl,FlashCannon,DragonPulse|||F|||50|,,,,,Electric]Sneasler||FocusSash|Unburden|CloseCombat,DireClaw,ThroatChop,FakeOut|||F|||50|,,,,,Dark]Basculegion||ChoiceBand|SwiftSwim|WaveCrash,LastRespects,AquaJet,FlipTurn|||M|||50|,,,,,Ghost]Kingambit||BlackGlasses|Defiant|Protect,KowtowCleave,SuckerPunch,LowKick|||M|||50|,,,,,Dark]Amoonguss||RockyHelmet|Regenerator|Spore,RagePowder,SludgeBomb,Protect|||F|||50|,,,,,Dark
|showteam|p2|Talonflame||CovertCloak|GaleWings|FlareBlitz,DualWingbeat,Tailwind,WillOWisp|||F|||50|,,,,,Fairy]Sneasler||PsychicSeed|Unburden|Protect,ThroatChop,DireClaw,CloseCombat|||M|||50|,,,,,Dark]Indeedee||ChoiceScarf|PsychicSurge|ExpandingForce,DazzlingGleam,TrickRoom,Encore|||M|||50|,,,,,Psychic]Ursaluna-Bloodmoon||FocusSash|MindsEye|Protect,EarthPower,BloodMoon,HyperVoice|||M|||50|,,,,,Normal]Sinistcha-Masterpiece||SitrusBerry|Hospitality|RagePowder,MatchaGotcha,LifeDew,TrickRoom||||||50|,,,,,Water]Samurott-Hisui||LifeOrb|Sharpness|AquaCutter,SacredSword,ThroatChop,Protect|||F|||50|,,,,,Water
|inactive|Battle timer is ON: inactive players will automatically lose when time's up. (requested by Zane1571)
|
|t:|1757834215
|teamsize|p1|4
|teamsize|p2|4
|start
|switch|p1a: Amoonguss|Amoonguss, L50, F|100/100
|switch|p1b: Sneasler|Sneasler, L50, F, shiny|100/100
|switch|p2a: Ursaluna|Ursaluna-Bloodmoon, L50, M|100/100
|switch|p2b: Sinistcha|Sinistcha-Masterpiece, L50|100/100
|turn|1
|
|t:|1757834234
|switch|p1a: Kingambit|Kingambit, L50, M|100/100
|move|p2a: Ursaluna|Protect|p2a: Ursaluna
|-singleturn|p2a: Ursaluna|Protect
|move|p1b: Sneasler|Fake Out|p2a: Ursaluna
|-activate|p2a: Ursaluna|move: Protect
|move|p2b: Sinistcha|Rage Powder|p2b: Sinistcha
|-singleturn|p2b: Sinistcha|move: Rage Powder
|
|upkeep
|turn|2
|
|t:|1757834252
|move|p2b: Sinistcha|Rage Powder|p2b: Sinistcha
|-singleturn|p2b: Sinistcha|move: Rage Powder
|move|p1a: Kingambit|Sucker Punch||[still]
|-fail|p1a: Kingambit
|move|p1b: Sneasler|Dire Claw|p2b: Sinistcha
|-damage|p2b: Sinistcha|64/100
|move|p2a: Ursaluna|Earth Power|p1a: Kingambit
|-supereffective|p1a: Kingambit
|-damage|p1a: Kingambit|13/100
|
|upkeep
|turn|3
|
|t:|1757834268
|switch|p1a: Amoonguss|Amoonguss, L50, F|100/100
|-terastallize|p2a: Ursaluna|Normal
|move|p2b: Sinistcha|Rage Powder|p2b: Sinistcha
|-singleturn|p2b: Sinistcha|move: Rage Powder
|move|p1b: Sneasler|Throat Chop|p2b: Sinistcha
|-supereffective|p2b: Sinistcha
|-damage|p2b: Sinistcha|9/100
|-start|p2b: Sinistcha|Throat Chop|[silent]
|-enditem|p2b: Sinistcha|Sitrus Berry|[eat]
|-heal|p2b: Sinistcha|34/100|[from] item: Sitrus Berry
|move|p2a: Ursaluna|Hyper Voice|p1b: Sneasler|[spread] p1a,p1b
|-damage|p1a: Amoonguss|53/100
|-damage|p1b: Sneasler|35/100
|
|upkeep
|turn|4
|
|t:|1757834291
|move|p2b: Sinistcha|Rage Powder|p2b: Sinistcha
|-singleturn|p2b: Sinistcha|move: Rage Powder
|move|p1b: Sneasler|Throat Chop|p2b: Sinistcha
|-supereffective|p2b: Sinistcha
|-damage|p2b: Sinistcha|0 fnt
|faint|p2b: Sinistcha
|move|p2a: Ursaluna|Blood Moon|p1a: Amoonguss
|-damage|p1a: Amoonguss|0 fnt
|faint|p1a: Amoonguss
|
|upkeep
|
|t:|1757834304
|switch|p2b: Indeedee|Indeedee, L50, M, shiny|100/100
|switch|p1a: Kingambit|Kingambit, L50, M|13/100
|-fieldstart|move: Psychic Terrain|[from] ability: Psychic Surge|[of] p2b: Indeedee
|turn|5
|
|t:|1757834317
|-terastallize|p1b: Sneasler|Dark
|move|p1a: Kingambit|Protect|p1a: Kingambit
|-singleturn|p1a: Kingambit|Protect
|move|p2b: Indeedee|Expanding Force|p1a: Kingambit|[spread] 
|-activate|p1a: Kingambit|move: Protect
|-immune|p1b: Sneasler
|move|p1b: Sneasler|Close Combat|p2a: Ursaluna
|-supereffective|p2a: Ursaluna
|-crit|p2a: Ursaluna
|-enditem|p2a: Ursaluna|Focus Sash
|-damage|p2a: Ursaluna|1/100
|-unboost|p1b: Sneasler|def|1
|-unboost|p1b: Sneasler|spd|1
|move|p2a: Ursaluna|Hyper Voice|p1b: Sneasler|[spread] p1b
|-activate|p1a: Kingambit|move: Protect
|-damage|p1b: Sneasler|0 fnt
|faint|p1b: Sneasler
|
|upkeep
|
|t:|1757834331
|switch|p1b: Basculegion|Basculegion, L50, M, shiny|100/100
|turn|6
|
|t:|1757834349
|move|p2a: Ursaluna|Protect|p2a: Ursaluna
|-singleturn|p2a: Ursaluna|Protect
|move|p2b: Indeedee|Expanding Force|p1a: Kingambit|[spread] p1b
|-immune|p1a: Kingambit
|-damage|p1b: Basculegion|32/100
|move|p1b: Basculegion|Wave Crash|p2a: Ursaluna
|-activate|p2a: Ursaluna|move: Protect
|move|p1a: Kingambit|Kowtow Cleave|p2b: Indeedee
|-supereffective|p2b: Indeedee
|-damage|p2b: Indeedee|0 fnt
|faint|p2b: Indeedee
|
|upkeep
|
|t:|1757834351
|switch|p2b: Sneasler|Sneasler, L50, M|100/100
|-enditem|p2b: Sneasler|Psychic Seed
|-boost|p2b: Sneasler|spd|1|[from] item: Psychic Seed
|turn|7
|
|t:|1757834368
|move|p2b: Sneasler|Throat Chop|p1b: Basculegion
|-supereffective|p1b: Basculegion
|-damage|p1b: Basculegion|0 fnt
|faint|p1b: Basculegion
|move|p2a: Ursaluna|Earth Power|p1a: Kingambit
|-supereffective|p1a: Kingambit
|-damage|p1a: Kingambit|0 fnt
|faint|p1a: Kingambit
|
|win|electrictopi
|l|☆Zane1571
|player|p1|
||electrictopi is ready for game 3.
||Zane1571 is ready for game 3.
|uhtml|next|Next: Game 3 of 3
