|j|☆jokkkjoo
|j|☆drg4588
|html|jokkkjoodrg4588    
|uhtml|bestof|Game 1 of a best-of-3
|t:|1786069147
|gametype|doubles
|player|p1|jokkkjoo|265|1088
|player|p2|drg4588|169|1000
|gen|9
|tier|[Gen 9 Champions] VGC 2026 Reg M-B (Bo3)
|rated|
|rule|Species Clause: Limit one of each Pokémon
|rule|Item Clause: Limit 1 of each item
|clearpoke
|poke|p1|Mawile, L50, F|
|poke|p1|Farigiraf, L50, M|
|poke|p1|Hydreigon, L50, F|
|poke|p1|Incineroar, L50, F|
|poke|p1|Sinistcha, L50|
|poke|p1|Rhyperior, L50, F|
|poke|p2|Aerodactyl, L50, F|
|poke|p2|Kingambit, L50, F|
|poke|p2|Sylveon, L50, M|
|poke|p2|Charizard, L50, F|
|poke|p2|Garchomp, L50, F|
|poke|p2|Farigiraf, L50, F|
|teampreview|4
|showteam|p1|Mawile||Mawilite|HyperCutter|PlayRough,IronHead,SuckerPunch,Protect|Brave||F|||50|]Farigiraf||SitrusBerry|ArmorTail|TrickRoom,RainDance,Psychic,Thunderbolt|Relaxed||M|||50|]Hydreigon||LifeOrb|Levitate|DracoMeteor,Snarl,EarthPower,Protect|Modest||F|||50|]Incineroar||PasshoBerry|Intimidate|FakeOut,PartingShot,WillOWisp,FlareBlitz|Careful||F|||50|]Sinistcha||Leftovers|Hospitality|MatchaGotcha,RagePowder,TrickRoom,LifeDew|Relaxed|||||50|]Rhyperior||MuscleBand|SolidRock|RockSlide,Earthquake,IcePunch,Protect|Brave||F|||50|
|showteam|p2|Aerodactyl||Aerodactylite|RockHead|RockSlide,DualWingbeat,IceFang,Tailwind|Jolly||F|||50|]Kingambit||FocusSash|Defiant|KowtowCleave,IronHead,SuckerPunch,LowKick|Adamant||F|||50|]Sylveon||FairyFeather|Pixilate|HyperVoice,QuickAttack,HyperBeam,Detect|Modest||M|||50|]Charizard||CharizarditeY|Blaze|HeatWave,WeatherBall,SolarBeam,Protect|Modest||F|||50|]Garchomp||LifeOrb|RoughSkin|DragonClaw,Earthquake,StompingTantrum,Protect|Jolly||F|||50|]Farigiraf||SitrusBerry|ArmorTail|Psychic,Thunderbolt,TrickRoom,HelpingHand|Relaxed||F|||50|
|inactive|Battle timer is ON: inactive players will automatically lose when time's up. (requested by drg4588)
|inactive|drg4588 has 60 seconds left.
|inactive|drg4588 has 30 seconds left.
|inactive|drg4588 has 20 seconds left.
|inactive|drg4588 has 15 seconds left.
|inactive|jokkkjoo has 30 seconds left.
|inactive|drg4588 has 10 seconds left.
|inactive|jokkkjoo has 20 seconds left.
|
|t:|1786069348
|teamsize|p1|4
|teamsize|p2|4
|start
|switch|p1a: Farigiraf|Farigiraf, L50, M|100/100
|switch|p1b: Rhyperior|Rhyperior, L50, F|100/100
|switch|p2a: Garchomp|Garchomp, L50, F|100/100
|switch|p2b: Aerodactyl|Aerodactyl, L50, F|100/100
|turn|1
|inactive|jokkkjoo has 30 seconds left.
|inactive|drg4588 has 30 seconds left.
|inactive|jokkkjoo has 20 seconds left.
|inactive|drg4588 has 20 seconds left.
|inactive|jokkkjoo has 15 seconds left.
|inactive|drg4588 has 15 seconds left.
|inactive|jokkkjoo has 10 seconds left.
|inactive|drg4588 has 10 seconds left.
|inactive|jokkkjoo has 5 seconds left.
|inactive|drg4588 has 5 seconds left.
|
|t:|1786069403
|switch|p1a: Hydreigon|Hydreigon, L50, F|100/100
|move|p2b: Aerodactyl|Rock Slide|p1a: Hydreigon|[spread] p1a,p1b
|-resisted|p1b: Rhyperior|1
|-damage|p1a: Hydreigon|71/100
|-damage|p1b: Rhyperior|92/100
|move|p2a: Garchomp|Dragon Claw|p1b: Rhyperior
|-damage|p1b: Rhyperior|58/100
|-damage|p2a: Garchomp|90/100|[from] item: Life Orb
|cant|p1b: Rhyperior|flinch
|
|upkeep
|turn|2
|inactive|jokkkjoo has 30 seconds left.
|inactive|drg4588 has 30 seconds left.
|
|t:|1786069437
|detailschange|p2b: Aerodactyl|Aerodactyl-Mega, L50, F
|-mega|p2b: Aerodactyl|Aerodactyl|Aerodactylite
|move|p2a: Garchomp|Protect|p2a: Garchomp
|-singleturn|p2a: Garchomp|Protect
|move|p1a: Hydreigon|Protect|p1a: Hydreigon
|-singleturn|p1a: Hydreigon|Protect
|move|p2b: Aerodactyl|Ice Fang|p1a: Hydreigon
|-activate|p1a: Hydreigon|move: Protect
|move|p1b: Rhyperior|Ice Punch|p2a: Garchomp
|-activate|p2a: Garchomp|move: Protect
|
|upkeep
|turn|3
|inactive|jokkkjoo has 30 seconds left.
|inactive|drg4588 has 30 seconds left.
|inactive|jokkkjoo has 20 seconds left.
|inactive|drg4588 has 20 seconds left.
|inactive|jokkkjoo has 15 seconds left.
|inactive|drg4588 has 15 seconds left.
|inactive|jokkkjoo has 10 seconds left.
|inactive|drg4588 has 10 seconds left.
|inactive|jokkkjoo has 5 seconds left.
|inactive|drg4588 has 5 seconds left.
|
|t:|1786069490
|switch|p1a: Farigiraf|Farigiraf, L50, M|100/100
|move|p2b: Aerodactyl|Ice Fang|p1b: Rhyperior
|-supereffective|p1b: Rhyperior|1
|-crit|p1b: Rhyperior
|-damage|p1b: Rhyperior|12/100
|move|p2a: Garchomp|Dragon Claw|p1a: Farigiraf
|-damage|p1a: Farigiraf|58/100
|-damage|p2a: Garchomp|80/100|[from] item: Life Orb
|move|p1b: Rhyperior|Ice Punch|p2a: Garchomp
|-supereffective|p2a: Garchomp|2
|-damage|p2a: Garchomp|0 fnt
|-damage|p1b: Rhyperior|0 fnt|[from] ability: Rough Skin|[of] p2a: Garchomp
|faint|p2a: Garchomp
|faint|p1b: Rhyperior
|
|upkeep
|
|t:|1786069513
|switch|p2a: Sylveon|Sylveon, L50, M|100/100
|switch|p1b: Mawile|Mawile, L50, F|100/100
|turn|4
|
|t:|1786069540
|detailschange|p1b: Mawile|Mawile-Mega, L50, F
|-mega|p1b: Mawile|Mawile|Mawilite
|move|p2a: Sylveon|Detect|p2a: Sylveon
|-singleturn|p2a: Sylveon|Protect
|move|p2b: Aerodactyl|Rock Slide|p1a: Farigiraf|[spread] p1a,p1b
|-resisted|p1b: Mawile|1
|-damage|p1a: Farigiraf|34/100
|-damage|p1b: Mawile|87/100
|-enditem|p1a: Farigiraf|Sitrus Berry|[eat]
|-heal|p1a: Farigiraf|59/100|[from] item: Sitrus Berry
|move|p1b: Mawile|Iron Head|p2a: Sylveon
|-activate|p2a: Sylveon|move: Protect
|move|p1a: Farigiraf|Trick Room|p1a: Farigiraf
|-fieldstart|move: Trick Room|[of] p1a: Farigiraf
|
|upkeep
|turn|5
|inactive|drg4588 has 30 seconds left.
|inactive|jokkkjoo has 30 seconds left.
|inactive|drg4588 has 20 seconds left.
|inactive|drg4588 has 15 seconds left.
|inactive|jokkkjoo has 20 seconds left.
|inactive|drg4588 has 10 seconds left.
|inactive|drg4588 has 5 seconds left.
|
|t:|1786069594
|switch|p1b: Hydreigon|Hydreigon, L50, F|71/100
|switch|p2a: Farigiraf|Farigiraf, L50, F|100/100
|move|p1a: Farigiraf|Thunderbolt|p2b: Aerodactyl
|-supereffective|p2b: Aerodactyl|1
|-damage|p2b: Aerodactyl|49/100
|move|p2b: Aerodactyl|Ice Fang|p1a: Farigiraf
|-damage|p1a: Farigiraf|36/100
|-status|p1a: Farigiraf|frz
|
|upkeep
|turn|6
|inactive|jokkkjoo has 30 seconds left.
|inactive|drg4588 has 30 seconds left.
|inactive|jokkkjoo has 20 seconds left.
|inactive|drg4588 has 20 seconds left.
|inactive|jokkkjoo has 15 seconds left.
|inactive|drg4588 has 15 seconds left.
|inactive|jokkkjoo has 10 seconds left.
|inactive|drg4588 has 10 seconds left.
|inactive|jokkkjoo has 5 seconds left.
|
|t:|1786069644
|switch|p1a: Mawile|Mawile-Mega, L50, F|87/100
|move|p2a: Farigiraf|Helping Hand|p2b: Aerodactyl
|-singleturn|p2b: Aerodactyl|Helping Hand|[of] p2a: Farigiraf
|move|p1b: Hydreigon|Draco Meteor|p2a: Farigiraf
|-damage|p2a: Farigiraf|8/100
|-unboost|p1b: Hydreigon|spa|2
|-enditem|p2a: Farigiraf|Sitrus Berry|[eat]
|-heal|p2a: Farigiraf|33/100|[from] item: Sitrus Berry
|-damage|p1b: Hydreigon|61/100|[from] item: Life Orb
|move|p2b: Aerodactyl|Dual Wingbeat|p1a: Mawile
|-resisted|p1a: Mawile|1
|-damage|p1a: Mawile|71/100
|-resisted|p1a: Mawile|1
|-damage|p1a: Mawile|54/100
|-hitcount|p1a: Mawile|2
|
|upkeep
|turn|7
|inactive|jokkkjoo has 30 seconds left.
|inactive|drg4588 has 30 seconds left.
|inactive|drg4588 has 20 seconds left.
|
|t:|1786069681
|switch|p2b: Sylveon|Sylveon, L50, M|100/100
|move|p1b: Hydreigon|Protect|p1b: Hydreigon
|-singleturn|p1b: Hydreigon|Protect
|move|p1a: Mawile|Iron Head|p2b: Sylveon
|-supereffective|p2b: Sylveon|1
|-damage|p2b: Sylveon|0 fnt
|faint|p2b: Sylveon
|move|p2a: Farigiraf|Thunderbolt|p1a: Mawile
|-damage|p1a: Mawile|27/100
|
|upkeep
|
|t:|1786069691
|switch|p2b: Aerodactyl|Aerodactyl-Mega, L50, F|49/100
|turn|8
|inactive|drg4588 has 30 seconds left.
|inactive|drg4588 has 20 seconds left.
|inactive|drg4588 has 15 seconds left.
|inactive|drg4588 has 10 seconds left.
|
|t:|1786069738
|move|p1a: Mawile|Protect|p1a: Mawile
|-singleturn|p1a: Mawile|Protect
|move|p2a: Farigiraf|Thunderbolt|p1a: Mawile
|-activate|p1a: Mawile|move: Protect
|move|p1b: Hydreigon|Snarl|p2b: Aerodactyl|[spread] p2a,p2b
|-supereffective|p2a: Farigiraf|1
|-damage|p2a: Farigiraf|8/100
|-damage|p2b: Aerodactyl|30/100
|-unboost|p2a: Farigiraf|spa|1
|-unboost|p2b: Aerodactyl|spa|1
|-damage|p1b: Hydreigon|51/100|[from] item: Life Orb
|move|p2b: Aerodactyl|Ice Fang|p1b: Hydreigon
|-supereffective|p1b: Hydreigon|1
|-damage|p1b: Hydreigon|0 fnt
|faint|p1b: Hydreigon
|
|-fieldend|move: Trick Room
|upkeep
|
|t:|1786069756
|switch|p1b: Farigiraf|Farigiraf, L50, M|36/100 frz
|turn|9
|inactive|jokkkjoo has 30 seconds left.
|inactive|jokkkjoo has 20 seconds left.
|inactive|jokkkjoo has 15 seconds left.
|inactive|jokkkjoo has 10 seconds left.
|
|t:|1786069802
|move|p1a: Mawile|Protect||[still]
|-fail|p1a: Mawile
|move|p2b: Aerodactyl|Ice Fang|p1b: Farigiraf
|-damage|p1b: Farigiraf|13/100 frz
|move|p2a: Farigiraf|Thunderbolt|p1a: Mawile
|-damage|p1a: Mawile|10/100
|cant|p1b: Farigiraf|frz
|
|upkeep
|turn|10
|inactive|drg4588 has 30 seconds left.
|inactive|drg4588 has 20 seconds left.
|inactive|drg4588 has 15 seconds left.
|
|t:|1786069828
|move|p2a: Farigiraf|Helping Hand|p2b: Aerodactyl
|-singleturn|p2b: Aerodactyl|Helping Hand|[of] p2a: Farigiraf
|move|p1a: Mawile|Sucker Punch||[still]
|cant|p2a: Farigiraf|ability: Armor Tail|Sucker Punch|[of] p1a: Mawile
|move|p2b: Aerodactyl|Dual Wingbeat|p1a: Mawile
|-resisted|p1a: Mawile|1
|-damage|p1a: Mawile|0 fnt
|faint|p1a: Mawile
|-hitcount|p1: Mawile|1
|cant|p1b: Farigiraf|frz
|
|upkeep
|turn|11
|inactive|drg4588 has 15 seconds left this turn.
|inactive|drg4588 has 10 seconds left.
|inactive|drg4588 has 5 seconds left.
|-message|drg4588 lost due to inactivity.
|
|win|jokkkjoo
||drg4588 is ready for game 2.
|l|☆jokkkjoo
|player|p1|
|inactive|jokkkjoo has 30 seconds to confirm battle start!
|inactive|jokkkjoo has 20 seconds to confirm battle start!
