|j|☆BigWy2000
|j|☆KodeBeast0526
|html|BigWy2000KodeBeast0526    
|uhtml|bestof|Game 2 of a best-of-3
|t:|1783488915
|gametype|doubles
|player|p1|BigWy2000|1|1096
|player|p2|KodeBeast0526|hiker|1165
|gen|9
|tier|[Gen 9 Champions] VGC 2026 Reg M-B (Bo3)
|rated|
|rule|Species Clause: Limit one of each Pokémon
|rule|Item Clause: Limit 1 of each item
|clearpoke
|poke|p1|Charizard, L50, F|
|poke|p1|Garchomp, L50, F|
|poke|p1|Rotom-Wash, L50|
|poke|p1|Torkoal, L50, F|
|poke|p1|Venusaur, L50, M|
|poke|p1|Milotic, L50, F|
|poke|p2|Gengar, L50, F|
|poke|p2|Swampert, L50, F|
|poke|p2|Incineroar, L50, M|
|poke|p2|Politoed, L50, F|
|poke|p2|Archaludon, L50, M|
|poke|p2|Vivillon-Ocean, L50, M|
|teampreview|4
|showteam|p1|Charizard||CharizarditeY|Blaze|HeatWave,Overheat,SolarBeam,Protect|Timid||F|||50|]Garchomp||ChoiceScarf|RoughSkin|Earthquake,RockSlide,DragonClaw,IronHead|Jolly||F|||50|]Rotom-Wash||Magnet|Levitate|Thunderbolt,HydroPump,WillOWisp,Protect|Calm|||||50|]Torkoal||Charcoal|Drought|Eruption,HeatWave,Protect,EarthPower|Modest||F|||50|]Venusaur||FocusSash|Chlorophyll|SleepPowder,SludgeBomb,GigaDrain,Protect|Modest||M|||50|]Milotic||Leftovers|Competitive|Hypnosis,Scald,Recover,Coil|Bold||F|||50|
|showteam|p2|Gengar||Gengarite|CursedBody|ShadowBall,PerishSong,SludgeBomb,Protect|Timid||F|||50|]Swampert||Swampertite|Torrent|WaveCrash,Earthquake,IcePunch,Protect|Adamant||F|||50|]Incineroar||PasshoBerry|Intimidate|ThroatChop,PartingShot,FakeOut,Protect|Sassy||M|||50|]Politoed||SitrusBerry|Drizzle|WeatherBall,PerishSong,Encore,Protect|Calm||F|||50|]Archaludon||Leftovers|Stamina|DragonPulse,FlashCannon,ElectroShot,Protect|Bold||M|||50|]Vivillon-Ocean||FocusSash|CompoundEyes|Hurricane,SleepPowder,RagePowder,Protect|Timid||M|||50|
|
|t:|1783488951
|teamsize|p1|4
|teamsize|p2|4
|start
|switch|p1a: Garchomp|Garchomp, L50, F|100/100
|switch|p1b: Torkoal|Torkoal, L50, F|100/100
|switch|p2a: Incineroar|Incineroar, L50, M|100/100
|switch|p2b: Gengar|Gengar, L50, F|100/100
|-ability|p2a: Incineroar|Intimidate|boost
|-unboost|p1a: Garchomp|atk|1
|-unboost|p1b: Torkoal|atk|1
|-weather|SunnyDay|[from] ability: Drought|[of] p1b: Torkoal
|turn|1
|
|t:|1783488965
|switch|p2b: Politoed|Politoed, L50, F|100/100
|-weather|RainDance|[from] ability: Drizzle|[of] p2b: Politoed
|move|p2a: Incineroar|Fake Out|p1a: Garchomp
|-damage|p1a: Garchomp|90/100
|-damage|p2a: Incineroar|87/100|[from] ability: Rough Skin|[of] p1a: Garchomp
|cant|p1a: Garchomp|flinch
|move|p1b: Torkoal|Eruption|p2a: Incineroar|[spread] p2a,p2b
|-resisted|p2a: Incineroar|1
|-resisted|p2b: Politoed|1
|-damage|p2a: Incineroar|77/100
|-damage|p2b: Politoed|89/100
|
|-weather|RainDance|[upkeep]
|upkeep
|turn|2
|
|t:|1783488982
|switch|p1a: Charizard|Charizard, L50, F|100/100
|switch|p1b: Venusaur|Venusaur, L50, M|100/100
|move|p2b: Politoed|Weather Ball|p1b: Venusaur
|-resisted|p1b: Venusaur|1
|-damage|p1b: Venusaur|73/100
|move|p2a: Incineroar|Parting Shot|p1a: Charizard
|-unboost|p1a: Charizard|atk|1
|-unboost|p1a: Charizard|spa|1
|
|t:|1783488995
|switch|p2a: Gengar|Gengar, L50, F|100/100|[from] Parting Shot
|
|-weather|RainDance|[upkeep]
|upkeep
|turn|3
|
|t:|1783489010
|switch|p2b: Archaludon|Archaludon, L50, M|100/100
|detailschange|p1a: Charizard|Charizard-Mega-Y, L50, F
|-mega|p1a: Charizard|Charizard|Charizardite Y
|-weather|SunnyDay|[from] ability: Drought|[of] p1a: Charizard
|detailschange|p2a: Gengar|Gengar-Mega, L50, F
|-mega|p2a: Gengar|Gengar|Gengarite
|move|p1b: Venusaur|Giga Drain|p2b: Archaludon
|-resisted|p2b: Archaludon|2
|-damage|p2b: Archaludon|90/100
|-heal|p1b: Venusaur|79/100|[from] drain|[of] p2b: Archaludon
|-ability|p2b: Archaludon|Stamina|boost
|-boost|p2b: Archaludon|def|1
|move|p2a: Gengar|Perish Song|p2a: Gengar
|-start|p1a: Charizard|perish3|[silent]
|-start|p1b: Venusaur|perish3|[silent]
|-start|p2a: Gengar|perish3|[silent]
|-start|p2b: Archaludon|perish3|[silent]
|-fieldactivate|move: Perish Song
|move|p1a: Charizard|Heat Wave|p2b: Archaludon|[spread] 
|-miss|p1a: Charizard|p2a: Gengar
|-miss|p1a: Charizard|p2b: Archaludon
|
|-weather|SunnyDay|[upkeep]
|-heal|p2b: Archaludon|96/100|[from] item: Leftovers
|-start|p1b: Venusaur|perish3
|-start|p2a: Gengar|perish3
|-start|p1a: Charizard|perish3
|-start|p2b: Archaludon|perish3
|upkeep
|turn|4
|
|t:|1783489034
|move|p2a: Gengar|Protect|p2a: Gengar
|-singleturn|p2a: Gengar|Protect
|move|p2b: Archaludon|Protect|p2b: Archaludon
|-singleturn|p2b: Archaludon|Protect
|move|p1b: Venusaur|Sleep Powder|p2b: Archaludon
|-activate|p2b: Archaludon|move: Protect
|move|p1a: Charizard|Heat Wave|p2b: Archaludon|[spread] 
|-activate|p2a: Gengar|move: Protect
|-activate|p2b: Archaludon|move: Protect
|
|-weather|SunnyDay|[upkeep]
|-heal|p2b: Archaludon|100/100|[from] item: Leftovers
|-start|p1b: Venusaur|perish2
|-start|p2a: Gengar|perish2
|-start|p1a: Charizard|perish2
|-start|p2b: Archaludon|perish2
|upkeep
|turn|5
|
|t:|1783489064
|switch|p2b: Incineroar|Incineroar, L50, M|77/100
|-ability|p2b: Incineroar|Intimidate|boost
|-unboost|p1a: Charizard|atk|1
|-unboost|p1b: Venusaur|atk|1
|move|p1b: Venusaur|Sleep Powder|p2b: Incineroar|[miss]
|-miss|p1b: Venusaur|p2b: Incineroar
|move|p2a: Gengar|Sludge Bomb|p1b: Venusaur
|-damage|p1b: Venusaur|27/100
|move|p1a: Charizard|Heat Wave|p2b: Incineroar|[spread] p2a,p2b
|-resisted|p2b: Incineroar|1
|-damage|p2a: Gengar|54/100
|-damage|p2b: Incineroar|61/100
|
|-weather|SunnyDay|[upkeep]
|-start|p1b: Venusaur|perish1
|-start|p2a: Gengar|perish1
|-start|p1a: Charizard|perish1
|upkeep
|turn|6
|
|t:|1783489094
|switch|p2a: Politoed|Politoed, L50, F|89/100
|-weather|RainDance|[from] ability: Drizzle|[of] p2a: Politoed
|move|p2b: Incineroar|Protect|p2b: Incineroar
|-singleturn|p2b: Incineroar|Protect
|move|p1a: Charizard|Heat Wave|p2a: Politoed|[spread] p2a
|-activate|p2b: Incineroar|move: Protect
|-resisted|p2a: Politoed|1
|-damage|p2a: Politoed|84/100
|move|p1b: Venusaur|Giga Drain|p2a: Politoed
|-supereffective|p2a: Politoed|1
|-damage|p2a: Politoed|28/100
|-heal|p1b: Venusaur|62/100|[from] drain|[of] p2a: Politoed
|-enditem|p2a: Politoed|Sitrus Berry|[eat]
|-heal|p2a: Politoed|53/100|[from] item: Sitrus Berry
|
|-weather|RainDance|[upkeep]
|-start|p1a: Charizard|perish0
|-start|p1b: Venusaur|perish0
|faint|p1a: Charizard
|faint|p1b: Venusaur
|upkeep
|
|t:|1783489111
|switch|p1a: Garchomp|Garchomp, L50, F|90/100
|switch|p1b: Torkoal|Torkoal, L50, F|100/100
|-weather|SunnyDay|[from] ability: Drought|[of] p1b: Torkoal
|turn|7
|
|t:|1783489128
|switch|p2b: Archaludon|Archaludon, L50, M|100/100
|move|p2a: Politoed|Protect|p2a: Politoed
|-singleturn|p2a: Politoed|Protect
|move|p1a: Garchomp|Rock Slide|p2a: Politoed|[spread] p2b
|-activate|p2a: Politoed|move: Protect
|-resisted|p2b: Archaludon|1
|-damage|p2b: Archaludon|93/100
|-ability|p2b: Archaludon|Stamina|boost
|-boost|p2b: Archaludon|def|1
|move|p1b: Torkoal|Eruption|p2a: Politoed|[spread] p2b
|-activate|p2a: Politoed|move: Protect
|-damage|p2b: Archaludon|7/100
|-ability|p2b: Archaludon|Stamina|boost
|-boost|p2b: Archaludon|def|1
|
|-weather|SunnyDay|[upkeep]
|-heal|p2b: Archaludon|13/100|[from] item: Leftovers
|upkeep
|turn|8
|
|t:|1783489146
|switch|p2a: Incineroar|Incineroar, L50, M|61/100
|-ability|p2a: Incineroar|Intimidate|boost
|-unboost|p1a: Garchomp|atk|1
|-unboost|p1b: Torkoal|atk|1
|move|p2b: Archaludon|Protect|p2b: Archaludon
|-singleturn|p2b: Archaludon|Protect
|move|p1a: Garchomp|Rock Slide|p2a: Incineroar|[spread] p2a
|-activate|p2b: Archaludon|move: Protect
|-supereffective|p2a: Incineroar|1
|-damage|p2a: Incineroar|39/100
|move|p1b: Torkoal|Heat Wave|p2b: Archaludon|[spread] p2a
|-activate|p2b: Archaludon|move: Protect
|-resisted|p2a: Incineroar|1
|-damage|p2a: Incineroar|20/100y
|
|-weather|SunnyDay|[upkeep]
|-heal|p2b: Archaludon|19/100|[from] item: Leftovers
|upkeep
|turn|9
|
|t:|1783489163
|move|p2a: Incineroar|Fake Out|p1a: Garchomp
|-damage|p1a: Garchomp|78/100
|-damage|p2a: Incineroar|7/100|[from] ability: Rough Skin|[of] p1a: Garchomp
|cant|p1a: Garchomp|flinch
|move|p2b: Archaludon|Dragon Pulse|p1a: Garchomp
|-supereffective|p1a: Garchomp|1
|-damage|p1a: Garchomp|5/100
|move|p1b: Torkoal|Earth Power|p2b: Archaludon
|-supereffective|p2b: Archaludon|1
|-damage|p2b: Archaludon|0 fnt
|faint|p2b: Archaludon
|
|-weather|SunnyDay|[upkeep]
|upkeep
|
|t:|1783489173
|switch|p2b: Politoed|Politoed, L50, F|53/100
|-weather|RainDance|[from] ability: Drizzle|[of] p2b: Politoed
|turn|10
|
|t:|1783489188
|move|p1a: Garchomp|Rock Slide|p2b: Politoed|[spread] p2a
|-miss|p1a: Garchomp|p2b: Politoed
|-supereffective|p2a: Incineroar|1
|-damage|p2a: Incineroar|0 fnt
|faint|p2a: Incineroar
|move|p2b: Politoed|Weather Ball|p1a: Garchomp
|-damage|p1a: Garchomp|0 fnt
|faint|p1a: Garchomp
|move|p1b: Torkoal|Earth Power|p2b: Politoed
|-damage|p2b: Politoed|31/100
|
|-weather|RainDance|[upkeep]
|upkeep
|
|t:|1783489190
|switch|p2a: Gengar|Gengar-Mega, L50, F|54/100
|turn|11
|-message|BigWy2000 forfeited.
|
|win|KodeBeast0526
|raw|BigWy2000's rating: 1096 → 1076(-20 for losing)
|raw|KodeBeast0526's rating: 1165 → 1185(+20 for winning)
|l|☆BigWy2000
|player|p1|
