|j|☆MikeShinobu
|j|☆Sese04
|html|MikeShinobuSese04    
|uhtml|bestof|Game 1 of a best-of-3
|t:|1783181933
|gametype|doubles
|player|p1|MikeShinobu|ethan|1152
|player|p2|Sese04|2|1166
|gen|9
|tier|[Gen 9 Champions] VGC 2026 Reg M-B (Bo3)
|rated|
|rule|Species Clause: Limit one of each Pokémon
|rule|Item Clause: Limit 1 of each item
|clearpoke
|poke|p1|Corviknight, L50, F|
|poke|p1|Garchomp, L50, M|
|poke|p1|Basculegion-F, L50, F|
|poke|p1|Staraptor, L50, F|
|poke|p1|Whimsicott, L50, M|
|poke|p1|Meowstic, L50, M|
|poke|p2|Metagross, L50|
|poke|p2|Sinistcha, L50|
|poke|p2|Scrafty, L50, M|
|poke|p2|Sylveon, L50, F|
|poke|p2|Aerodactyl, L50, F|
|poke|p2|Torkoal, L50, M|
|teampreview|4
|showteam|p1|Corviknight||OccaBerry|Unnerve|IronDefense,BodyPress,Roost,IronHead|Impish||F|||50|]Garchomp||YacheBerry|RoughSkin|Earthquake,DragonClaw,StompingTantrum,Protect|Jolly||M|||50|]Basculegion-F||ChoiceScarf|Adaptability|FlipTurn,ShadowBall,HydroPump,MuddyWater|Rash||F|||50|]Staraptor||Staraptite|Intimidate|CloseCombat,BraveBird,Roost,Protect|Jolly||F|||50|]Whimsicott||FocusSash|Prankster|Charm,Moonblast,Tailwind,Encore|Bold||M|||50|]Meowstic||Meowsticite|Prankster|FakeOut,SkillSwap,RainDance,Protect|Bold||M|||50|
|showteam|p2|Metagross||Metagrossite|ClearBody|BulletPunch,PsychicFangs,Protect,StompingTantrum|Adamant|||||50|]Sinistcha||SitrusBerry|Hospitality|MatchaGotcha,RagePowder,Protect,TrickRoom|Bold|||||50|]Scrafty||Scraftinite|Intimidate|DrainPunch,FakeOut,Detect,KnockOff|Adamant||M|||50|]Sylveon||FairyFeather|Pixilate|QuickAttack,HyperVoice,HyperBeam,Detect|Modest||F|||50|]Aerodactyl||FocusSash|Unnerve|Tailwind,RockSlide,DualWingbeat,WideGuard|Jolly||F|||50|]Torkoal||LifeOrb|Drought|SolarBeam,HeatWave,Yawn,Protect|Modest||M|||50|
|inactive|Battle timer is ON: inactive players will automatically lose when time's up. (requested by MikeShinobu)
|inactive|Sese04 has 60 seconds left.
|
|t:|1783181970
|teamsize|p1|4
|teamsize|p2|4
|start
|switch|p1a: Meowstic|Meowstic, L50, M|100/100
|switch|p1b: Basculegion|Basculegion-F, L50, F|100/100
|switch|p2a: Scrafty|Scrafty, L50, M|100/100
|switch|p2b: Torkoal|Torkoal, L50, M|100/100
|-ability|p2a: Scrafty|Intimidate|boost
|-unboost|p1a: Meowstic|atk|1
|-unboost|p1b: Basculegion|atk|1
|-weather|SunnyDay|[from] ability: Drought|[of] p2b: Torkoal
|turn|1
|
|t:|1783181982
|move|p2a: Scrafty|Fake Out|p1a: Meowstic
|-damage|p1a: Meowstic|90/100
|cant|p1a: Meowstic|flinch
|move|p1b: Basculegion|Flip Turn|p2a: Scrafty
|-damage|p2a: Scrafty|91/100
|
|t:|1783181991
|switch|p1b: Staraptor|Staraptor, L50, F|100/100|[from] Flip Turn
|-ability|p1b: Staraptor|Intimidate|boost
|-unboost|p2a: Scrafty|atk|1
|-unboost|p2b: Torkoal|atk|1
|move|p2b: Torkoal|Solar Beam||[still]
|-prepare|p2b: Torkoal|Solar Beam
|-anim|p2b: Torkoal|Solar Beam|p1b: Staraptor
|-resisted|p1b: Staraptor|1
|-damage|p1b: Staraptor|75/100
|-damage|p2b: Torkoal|90/100|[from] item: Life Orb
|
|-weather|SunnyDay|[upkeep]
|upkeep
|turn|2
|
|t:|1783182008
|detailschange|p1b: Staraptor|Staraptor-Mega, L50, F
|-mega|p1b: Staraptor|Staraptor|Staraptite
|move|p2a: Scrafty|Detect|p2a: Scrafty
|-singleturn|p2a: Scrafty|Protect
|move|p1a: Meowstic|Rain Dance|p1a: Meowstic
|-weather|RainDance
|move|p1b: Staraptor|Close Combat|p2a: Scrafty
|-activate|p2a: Scrafty|move: Protect
|move|p2b: Torkoal|Yawn|p1b: Staraptor
|-start|p1b: Staraptor|move: Yawn|[of] p2b: Torkoal
|
|-weather|RainDance|[upkeep]
|upkeep
|turn|3
|
|t:|1783182030
|switch|p1b: Basculegion|Basculegion-F, L50, F|100/100
|switch|p2a: Sinistcha|Sinistcha, L50|100/100
|-heal|p2b: Torkoal|100/100|[from] ability: Hospitality|[of] p2a: Sinistcha
|move|p1a: Meowstic|Protect|p1a: Meowstic
|-singleturn|p1a: Meowstic|Protect
|move|p2b: Torkoal|Yawn|p1a: Meowstic
|-activate|p1a: Meowstic|move: Protect
|
|-weather|RainDance|[upkeep]
|upkeep
|turn|4
|
|t:|1783182053
|switch|p1a: Staraptor|Staraptor-Mega, L50, F|75/100
|switch|p2b: Scrafty|Scrafty, L50, M|91/100
|-ability|p2b: Scrafty|Intimidate|boost
|-boost|p1a: Staraptor|atk|1
|-unboost|p1b: Basculegion|atk|1
|move|p1b: Basculegion|Muddy Water|p2a: Sinistcha|[spread] p2b
|-miss|p1b: Basculegion|p2a: Sinistcha
|-damage|p2b: Scrafty|38/100
|-unboost|p2b: Scrafty|accuracy|1
|move|p2a: Sinistcha|Trick Room|p2a: Sinistcha
|-fieldstart|move: Trick Room|[of] p2a: Sinistcha
|
|-weather|RainDance|[upkeep]
|upkeep
|turn|5
|inactive|MikeShinobu has 30 seconds left.
|inactive|MikeShinobu has 20 seconds left.
|
|t:|1783182092
|switch|p2b: Torkoal|Torkoal, L50, M|100/100
|-weather|SunnyDay|[from] ability: Drought|[of] p2b: Torkoal
|move|p2a: Sinistcha|Matcha Gotcha|p1b: Basculegion|[spread] p1a,p1b
|-resisted|p1a: Staraptor|1
|-supereffective|p1b: Basculegion|1
|-damage|p1a: Staraptor|64/100
|-damage|p1b: Basculegion|40/100
|-status|p1a: Staraptor|brn
|move|p1a: Staraptor|Brave Bird|p2a: Sinistcha
|-supereffective|p2a: Sinistcha|1
|-damage|p2a: Sinistcha|37/100
|-enditem|p2a: Sinistcha|Sitrus Berry|[eat]
|-heal|p2a: Sinistcha|62/100|[from] item: Sitrus Berry
|-damage|p1a: Staraptor|44/100 brn|[from] Recoil
|move|p1b: Basculegion|Muddy Water|p2a: Sinistcha|[spread] p2a
|-miss|p1b: Basculegion|p2b: Torkoal
|-resisted|p2a: Sinistcha|1
|-damage|p2a: Sinistcha|50/100g
|
|-weather|SunnyDay|[upkeep]
|-damage|p1a: Staraptor|38/100 brn|[from] brn
|upkeep
|turn|6
|inactive|Sese04 has 30 seconds left.
|
|t:|1783182119
|move|p1a: Staraptor|Protect|p1a: Staraptor
|-singleturn|p1a: Staraptor|Protect
|move|p2b: Torkoal|Heat Wave|p1b: Basculegion|[spread] p1b
|-activate|p1a: Staraptor|move: Protect
|-resisted|p1b: Basculegion|1
|-damage|p1b: Basculegion|4/100
|-damage|p2b: Torkoal|90/100|[from] item: Life Orb
|move|p2a: Sinistcha|Matcha Gotcha|p1a: Staraptor|[spread] p1b
|-activate|p1a: Staraptor|move: Protect
|-supereffective|p1b: Basculegion|1
|-damage|p1b: Basculegion|0 fnt
|-heal|p2a: Sinistcha|52/100|[from] drain|[of] p1b: Basculegion
|faint|p1b: Basculegion
|
|-weather|SunnyDay|[upkeep]
|-damage|p1a: Staraptor|32/100 brn|[from] brn
|upkeep
|
|t:|1783182129
|switch|p1b: Meowstic|Meowstic, L50, M|90/100
|turn|7
|
|t:|1783182137
|switch|p2b: Sylveon|Sylveon, L50, F|100/100
|move|p1b: Meowstic|Rain Dance|p1b: Meowstic
|-weather|RainDance
|move|p2a: Sinistcha|Matcha Gotcha|p1a: Staraptor|[spread] p1a,p1b
|-resisted|p1a: Staraptor|1
|-damage|p1a: Staraptor|21/100 brn
|-heal|p2a: Sinistcha|58/100|[from] drain|[of] p1a: Staraptor
|-damage|p1b: Meowstic|60/100
|-heal|p2a: Sinistcha|74/100|[from] drain|[of] p1b: Meowstic
|move|p1a: Staraptor|Roost|p1a: Staraptor
|-heal|p1a: Staraptor|71/100 brn
|-singleturn|p1a: Staraptor|move: Roost
|
|-weather|RainDance|[upkeep]
|-damage|p1a: Staraptor|65/100 brn|[from] brn
|upkeep
|turn|8
|
|t:|1783182149
|switch|p1b: Whimsicott|Whimsicott, L50, M|100/100
|move|p1a: Staraptor|Protect|p1a: Staraptor
|-singleturn|p1a: Staraptor|Protect
|move|p2b: Sylveon|Hyper Voice|p1b: Whimsicott|[spread] p1b
|-activate|p1a: Staraptor|move: Protect
|-damage|p1b: Whimsicott|31/100
|move|p2a: Sinistcha|Matcha Gotcha|p1a: Staraptor|[spread] p1b
|-activate|p1a: Staraptor|move: Protect
|-resisted|p1b: Whimsicott|1
|-damage|p1b: Whimsicott|14/100
|-heal|p2a: Sinistcha|82/100|[from] drain|[of] p1b: Whimsicott
|
|-weather|RainDance|[upkeep]
|-damage|p1a: Staraptor|58/100 brn|[from] brn
|-fieldend|move: Trick Room
|upkeep
|turn|9
|
|t:|1783182165
|move|p1b: Whimsicott|Charm|p1a: Staraptor
|-boost|p1a: Staraptor|atk|2
|move|p1a: Staraptor|Brave Bird|p2a: Sinistcha
|-supereffective|p2a: Sinistcha|1
|-damage|p2a: Sinistcha|0 fnt
|faint|p2a: Sinistcha
|-damage|p1a: Staraptor|33/100 brn|[from] Recoil
|move|p2b: Sylveon|Hyper Voice|p1a: Staraptor|[spread] p1a,p1b
|-supereffective|p1a: Staraptor|1
|-damage|p1a: Staraptor|0 fnt
|-damage|p1b: Whimsicott|0 fnt
|faint|p1a: Staraptor
|faint|p1b: Whimsicott
|
|-weather|RainDance|[upkeep]
|upkeep
|-message|MikeShinobu forfeited.
|
|win|Sese04
