|j|☆HarigeHenk
|j|☆Gray_Gak
|html|HarigeHenkGray_Gak    
|uhtml|bestof|Game 1 of a best-of-3
|t:|1757698668
|gametype|doubles
|player|p1|HarigeHenk|170|1122
|player|p2|Gray_Gak|flannery|1171
|gen|9
|tier|[Gen 9] VGC 2025 Reg H (Bo3)
|rated|
|rule|Species Clause: Limit one of each Pokémon
|rule|Item Clause: Limit 1 of each item
|clearpoke
|poke|p1|Kommo-o, L50, F|
|poke|p1|Drifblim, L50, F|
|poke|p1|Hydreigon, L50, M|
|poke|p1|Toxtricity, L50, M|
|poke|p1|Volcarona, L50, M|
|poke|p1|Indeedee, L50, M|
|poke|p2|Wyrdeer, L50, F|
|poke|p2|Indeedee-F, L50, F|
|poke|p2|Annihilape, L50, F|
|poke|p2|Torkoal, L50, F|
|poke|p2|Delphox, L50, F|
|poke|p2|Kingambit, L50, F|
|teampreview|4
|showteam|p1|Kommo-o||Leftovers|Soundproof|BodyPress,Flamethrower,IronDefense,Protect|||F|||50|,,,,,Fire]Drifblim||PsychicSeed|Unburden|Acrobatics,WillOWisp,StrengthSap,Tailwind|||F|||50|,,,,,Grass]Hydreigon||AssaultVest|Levitate|DarkPulse,DracoMeteor,EarthPower,Snarl|||M|||50|,,,,,Ghost]Toxtricity||ChoiceSpecs|PunkRock|Overdrive,SludgeBomb,Boomburst,VoltSwitch|||M|||50|,,,,,Normal]Volcarona||LifeOrb|FlameBody|BugBuzz,HeatWave,TeraBlast,Protect|||M|||50|,,,,,Fairy]Indeedee||FocusSash|PsychicSurge|ExpandingForce,TeraBlast,Imprison,TrickRoom|||M|||50|,,,,,Ground
|showteam|p2|Wyrdeer||LifeOrb|Intimidate|Protect,TrickRoom,ExpandingForce,EarthPower|||F|||50|,,,,,Ground]Indeedee-F||RockyHelmet|PsychicSurge|Imprison,FollowMe,TrickRoom,Psychic|||F|||50|,,,,,Grass]Annihilape||SafetyGoggles|Defiant|DrainPunch,ThroatChop,RageFist,Protect|||F|||50|,,,,,Fire]Torkoal||Charcoal|Drought|Eruption,HelpingHand,Protect,WeatherBall|||F|||50|,,,,,Grass]Delphox||ChoiceScarf|Blaze|HeatWave,ExpandingForce,DazzlingGleam,Flamethrower|||F|||50|,,,,,Fairy]Kingambit||AssaultVest|Defiant|KowtowCleave,SuckerPunch,PoisonJab,LowKick|||F|||50|,,,,,Flying
|
|t:|1757698729
|teamsize|p1|4
|teamsize|p2|4
|start
|switch|p1a: Indeedee|Indeedee, L50, M|100/100
|switch|p1b: Drifblim|Drifblim, L50, F|100/100
|switch|p2a: Delphox|Delphox, L50, F|100/100
|switch|p2b: Indeedee|Indeedee-F, L50, F|100/100
|-fieldstart|move: Psychic Terrain|[from] ability: Psychic Surge|[of] p1a: Indeedee
|-enditem|p1b: Drifblim|Psychic Seed
|-boost|p1b: Drifblim|spd|1|[from] item: Psychic Seed
|turn|1
|
|t:|1757698749
|move|p1b: Drifblim|Tailwind|p1b: Drifblim
|-sidestart|p1: HarigeHenk|move: Tailwind
|move|p1a: Indeedee|Expanding Force|p2a: Delphox|[spread] p2a,p2b
|-resisted|p2a: Delphox
|-resisted|p2b: Indeedee
|-damage|p2a: Delphox|68/100
|-damage|p2b: Indeedee|73/100
|move|p2a: Delphox|Expanding Force|p1b: Drifblim|[spread] p1a,p1b
|-resisted|p1a: Indeedee
|-damage|p1a: Indeedee|62/100
|-damage|p1b: Drifblim|44/100
|move|p2b: Indeedee|Psychic|p1a: Indeedee
|-resisted|p1a: Indeedee
|-damage|p1a: Indeedee|34/100
|
|upkeep
|turn|2
|
|t:|1757698768
|switch|p2a: Wyrdeer|Wyrdeer, L50, F|100/100
|-ability|p2a: Wyrdeer|Intimidate|boost
|-unboost|p1a: Indeedee|atk|1
|-unboost|p1b: Drifblim|atk|1
|move|p1b: Drifblim|Acrobatics|p2b: Indeedee
|-damage|p2b: Indeedee|43/100
|-damage|p1b: Drifblim|28/100|[from] item: Rocky Helmet|[of] p2b: Indeedee
|move|p1a: Indeedee|Expanding Force|p2a: Wyrdeer|[spread] p2a,p2b
|-resisted|p2a: Wyrdeer
|-resisted|p2b: Indeedee
|-crit|p2b: Indeedee
|-damage|p2a: Wyrdeer|72/100
|-damage|p2b: Indeedee|3/100
|move|p2b: Indeedee|Psychic|p1a: Indeedee
|-resisted|p1a: Indeedee
|-damage|p1a: Indeedee|7/100
|
|upkeep
|turn|3
|
|t:|1757698787
|switch|p2b: Delphox|Delphox, L50, F|68/100
|move|p1b: Drifblim|Acrobatics|p2a: Wyrdeer
|-damage|p2a: Wyrdeer|40/100
|move|p1a: Indeedee|Expanding Force|p2a: Wyrdeer|[spread] p2a,p2b
|-resisted|p2a: Wyrdeer
|-resisted|p2b: Delphox
|-damage|p2a: Wyrdeer|12/100
|-damage|p2b: Delphox|36/100
|move|p2a: Wyrdeer|Trick Room|p2a: Wyrdeer
|-fieldstart|move: Trick Room|[of] p2a: Wyrdeer
|
|upkeep
|turn|4
|
|t:|1757698808
|switch|p1b: Hydreigon|Hydreigon, L50, M|100/100
|move|p2a: Wyrdeer|Expanding Force|p1b: Hydreigon|[spread] p1a
|-immune|p1b: Hydreigon
|-resisted|p1a: Indeedee
|-damage|p1a: Indeedee|0 fnt
|faint|p1a: Indeedee
|-damage|p2a: Wyrdeer|2/100|[from] item: Life Orb
|move|p2b: Delphox|Dazzling Gleam|p1b: Hydreigon
|-supereffective|p1b: Hydreigon
|-damage|p1b: Hydreigon|17/100
|
|-sideend|p1: HarigeHenk|move: Tailwind
|upkeep
|
|t:|1757698824
|switch|p1a: Toxtricity|Toxtricity, L50, M|100/100
|turn|5
|
|t:|1757698848
|move|p2a: Wyrdeer|Earth Power|p1a: Toxtricity
|-supereffective|p1a: Toxtricity
|-damage|p1a: Toxtricity|0 fnt
|faint|p1a: Toxtricity
|-damage|p2a: Wyrdeer|0 fnt|[from] item: Life Orb
|faint|p2a: Wyrdeer
|move|p1b: Hydreigon|Snarl|p2b: Delphox
|-supereffective|p2b: Delphox
|-damage|p2b: Delphox|0 fnt
|faint|p2b: Delphox
|
|-fieldend|move: Psychic Terrain
|upkeep
|
|t:|1757698858
|switch|p2a: Annihilape|Annihilape, L50, F|100/100
|switch|p1a: Drifblim|Drifblim, L50, F|28/100
|switch|p2b: Indeedee|Indeedee-F, L50, F|3/100
|-fieldstart|move: Psychic Terrain|[from] ability: Psychic Surge|[of] p2b: Indeedee
|turn|6
|
|t:|1757698872
|move|p2b: Indeedee|Psychic|p1a: Drifblim
|-damage|p1a: Drifblim|0 fnt
|faint|p1a: Drifblim
|move|p2a: Annihilape|Rage Fist|p1b: Hydreigon
|-resisted|p1b: Hydreigon
|-damage|p1b: Hydreigon|3/100
|move|p1b: Hydreigon|Snarl|p2a: Annihilape|[spread] p2a,p2b
|-supereffective|p2b: Indeedee
|-damage|p2a: Annihilape|82/100
|-damage|p2b: Indeedee|0 fnt
|-unboost|p2a: Annihilape|spa|1
|-ability|p2a: Annihilape|Defiant|boost
|-boost|p2a: Annihilape|atk|2
|faint|p2b: Indeedee
|
|upkeep
|turn|7
|
|t:|1757698885
|move|p2a: Annihilape|Rage Fist|p1b: Hydreigon
|-resisted|p1b: Hydreigon
|-damage|p1b: Hydreigon|0 fnt
|faint|p1b: Hydreigon
|
|win|Gray_Gak
||Gray_Gak is ready for game 2.
||HarigeHenk is ready for game 2.
|uhtml|next|Next: Game 2 of 3
|l|☆HarigeHenk
|player|p1|
