|j|☆dmac55
|j|☆Gurrasnurra5
|html|dmac55Gurrasnurra5    
|uhtml|bestof|Game 2 of a best-of-3
|t:|1785690489
|gametype|doubles
|player|p1|dmac55|265|1281
|player|p2|Gurrasnurra5|170|1333
|gen|9
|tier|[Gen 9 Champions] VGC 2026 Reg M-B (Bo3)
|rated|
|rule|Species Clause: Limit one of each Pokémon
|rule|Item Clause: Limit 1 of each item
|clearpoke
|poke|p1|Vanilluxe, L50, M|
|poke|p1|Kingambit, L50, F|
|poke|p1|Raichu, L50, F|
|poke|p1|Basculegion, L50, M|
|poke|p1|Volcarona, L50, F|
|poke|p1|Garchomp, L50, F|
|poke|p2|Sinistcha, L50, shiny|
|poke|p2|Garchomp, L50, M, shiny|
|poke|p2|Sneasler, L50, M, shiny|
|poke|p2|Floette-Eternal, L50, F|
|poke|p2|Incineroar, L50, F, shiny|
|poke|p2|Kingambit, L50, M, shiny|
|teampreview|4
|showteam|p1|Vanilluxe||NeverMeltIce|SnowWarning|Blizzard,FreezeDry,IceShard,Protect|Modest||M|||50|]Kingambit||BlackGlasses|Defiant|KowtowCleave,SuckerPunch,IronHead,Protect|Adamant||F|||50|]Raichu||RaichuniteY|LightningRod|FakeOut,ZapCannon,FocusBlast,Protect|Timid||F|||50|]Basculegion||ChoiceScarf|Adaptability|LastRespects,WaveCrash,AquaJet,FlipTurn|Jolly||M|||50|]Volcarona||SitrusBerry|FlameBody|Tailwind,RagePowder,HeatWave,Protect|Bold||F|||50|]Garchomp||LifeOrb|RoughSkin|DragonClaw,StompingTantrum,RockSlide,Protect|Jolly||F|||50|
|showteam|p2|Sinistcha||SitrusBerry|Hospitality|MatchaGotcha,TrickRoom,RagePowder,Protect|Bold|||||50|]Garchomp||Garchompite|RoughSkin|StompingTantrum,Earthquake,RockSlide,Protect|Adamant||M|||50|]Sneasler||FocusSash|Unburden|CloseCombat,DireClaw,FakeOut,Coaching|Jolly||M|||50|]Floette-Eternal||Floettite|FlowerVeil|DazzlingGleam,DrainingKiss,CalmMind,Protect|Timid||F|||50|]Incineroar||Leftovers|Intimidate|FakeOut,FlareBlitz,PartingShot,HelpingHand|Sassy||F|||50|]Kingambit||ChopleBerry|Defiant|KowtowCleave,SuckerPunch,IronHead,Protect|Adamant||M|||50|
|inactive|Battle timer is ON: inactive players will automatically lose when time's up. (requested by dmac55)
|
|t:|1785690538
|teamsize|p1|4
|teamsize|p2|4
|start
|switch|p1a: Garchomp|Garchomp, L50, F|100/100
|switch|p1b: Kingambit|Kingambit, L50, F|100/100
|switch|p2a: Sinistcha|Sinistcha, L50, shiny|100/100
|switch|p2b: Garchomp|Garchomp, L50, M, shiny|100/100
|turn|1
|inactive|dmac55 has 30 seconds left.
|inactive|dmac55 has 20 seconds left.
|
|t:|1785690573
|switch|p1a: Vanilluxe|Vanilluxe, L50, M|100/100
|-weather|Snowscape|[from] ability: Snow Warning|[of] p1a: Vanilluxe
|detailschange|p2b: Garchomp|Garchomp-Mega, L50, M, shiny
|-mega|p2b: Garchomp|Garchomp|Garchompite
|move|p2b: Garchomp|Stomping Tantrum|p1b: Kingambit
|-supereffective|p1b: Kingambit|1
|-damage|p1b: Kingambit|24/100
|move|p1b: Kingambit|Kowtow Cleave|p2a: Sinistcha
|-supereffective|p2a: Sinistcha|1
|-damage|p2a: Sinistcha|14/100
|-enditem|p2a: Sinistcha|Sitrus Berry|[eat]
|-heal|p2a: Sinistcha|39/100|[from] item: Sitrus Berry
|move|p2a: Sinistcha|Trick Room|p2a: Sinistcha
|-fieldstart|move: Trick Room|[of] p2a: Sinistcha
|
|-weather|Snowscape|[upkeep]
|upkeep
|turn|2
|inactive|dmac55 has 30 seconds left.
|inactive|Gurrasnurra5 has 30 seconds left.
|inactive|dmac55 has 20 seconds left.
|
|t:|1785690612
|switch|p2a: Kingambit|Kingambit, L50, M, shiny|100/100
|switch|p2b: Incineroar|Incineroar, L50, F, shiny|100/100
|-ability|p2b: Incineroar|Intimidate|boost
|-unboost|p1a: Vanilluxe|atk|1
|-unboost|p1b: Kingambit|atk|1
|-ability|p1b: Kingambit|Defiant|boost
|-boost|p1b: Kingambit|atk|2
|move|p1b: Kingambit|Kowtow Cleave|p2b: Incineroar
|-resisted|p2b: Incineroar|1
|-damage|p2b: Incineroar|62/100
|move|p1a: Vanilluxe|Blizzard|p2a: Kingambit|[spread] p2a,p2b
|-resisted|p2a: Kingambit|1
|-resisted|p2b: Incineroar|1
|-crit|p2b: Incineroar
|-damage|p2a: Kingambit|76/100
|-damage|p2b: Incineroar|32/100
|
|-weather|Snowscape|[upkeep]
|-heal|p2b: Incineroar|38/100|[from] item: Leftovers
|upkeep
|turn|3
|
|t:|1785690637
|move|p1b: Kingambit|Protect|p1b: Kingambit
|-singleturn|p1b: Kingambit|Protect
|move|p1a: Vanilluxe|Protect|p1a: Vanilluxe
|-singleturn|p1a: Vanilluxe|Protect
|move|p2b: Incineroar|Fake Out|p1b: Kingambit
|-activate|p1b: Kingambit|move: Protect
|move|p2a: Kingambit|Iron Head|p1a: Vanilluxe
|-activate|p1a: Vanilluxe|move: Protect
|
|-weather|Snowscape|[upkeep]
|-heal|p2b: Incineroar|44/100|[from] item: Leftovers
|upkeep
|turn|4
|inactive|dmac55 has 30 seconds left.
|inactive|dmac55 has 20 seconds left.
|inactive|dmac55 has 15 seconds left.
|
|t:|1785690678
|switch|p1a: Garchomp|Garchomp, L50, F|100/100
|move|p1b: Kingambit|Sucker Punch|p2b: Incineroar
|-resisted|p2b: Incineroar|1
|-damage|p2b: Incineroar|9/100
|move|p2a: Kingambit|Iron Head|p1a: Garchomp
|-damage|p1a: Garchomp|49/100
|-damage|p2a: Kingambit|64/100|[from] ability: Rough Skin|[of] p1a: Garchomp
|move|p2b: Incineroar|Flare Blitz|p1a: Garchomp
|-resisted|p1a: Garchomp|1
|-damage|p1a: Garchomp|25/100
|-damage|p2b: Incineroar|0 fnt|[from] ability: Rough Skin|[of] p1a: Garchomp
|faint|p2b: Incineroar
|
|-weather|Snowscape|[upkeep]
|upkeep
|
|t:|1785690686
|switch|p2b: Sinistcha|Sinistcha, L50, shiny|39/100
|-heal|p2a: Kingambit|88/100|[from] ability: Hospitality|[of] p2b: Sinistcha
|turn|5
|inactive|dmac55 has 30 seconds left.
|
|t:|1785690719
|switch|p1b: Raichu|Raichu, L50, F|100/100
|move|p1a: Garchomp|Protect|p1a: Garchomp
|-singleturn|p1a: Garchomp|Protect
|move|p2a: Kingambit|Sucker Punch||[still]
|-fail|p2a: Kingambit
|move|p2b: Sinistcha|Matcha Gotcha|p1b: Raichu|[spread] p1b
|-activate|p1a: Garchomp|move: Protect
|-damage|p1b: Raichu|70/100
|-heal|p2b: Sinistcha|53/100|[from] drain|[of] p1b: Raichu
|
|-weather|none
|-fieldend|move: Trick Room
|upkeep
|turn|6
|inactive|dmac55 has 30 seconds left.
|inactive|dmac55 has 20 seconds left.
|inactive|dmac55 has 15 seconds left.
|
|t:|1785690762
|switch|p1a: Vanilluxe|Vanilluxe, L50, M|100/100
|-weather|Snowscape|[from] ability: Snow Warning|[of] p1a: Vanilluxe
|detailschange|p1b: Raichu|Raichu-Mega-Y, L50, F
|-mega|p1b: Raichu|Raichu|Raichunite Y
|move|p2a: Kingambit|Protect|p2a: Kingambit
|-singleturn|p2a: Kingambit|Protect
|move|p1b: Raichu|Zap Cannon|p2b: Sinistcha
|-resisted|p2b: Sinistcha|1
|-damage|p2b: Sinistcha|17/100
|-status|p2b: Sinistcha|par
|move|p2b: Sinistcha|Trick Room|p2b: Sinistcha
|-fieldstart|move: Trick Room|[of] p2b: Sinistcha
|
|-weather|Snowscape|[upkeep]
|upkeep
|turn|7
|inactive|dmac55 has 30 seconds left.
|inactive|dmac55 has 20 seconds left.
|inactive|dmac55 has 15 seconds left.
|
|t:|1785690804
|move|p2b: Sinistcha|Matcha Gotcha|p1b: Raichu|[spread] p1a,p1b
|-damage|p1a: Vanilluxe|74/100
|-heal|p2b: Sinistcha|30/100 par|[from] drain|[of] p1a: Vanilluxe
|-damage|p1b: Raichu|38/100
|-heal|p2b: Sinistcha|46/100 par|[from] drain|[of] p1b: Raichu
|move|p2a: Kingambit|Kowtow Cleave|p1b: Raichu
|-damage|p1b: Raichu|0 fnt
|faint|p1b: Raichu
|move|p1a: Vanilluxe|Blizzard|p2b: Sinistcha|[spread] p2a,p2b
|-resisted|p2a: Kingambit|1
|-supereffective|p2b: Sinistcha|1
|-damage|p2a: Kingambit|62/100
|-damage|p2b: Sinistcha|0 fnt
|faint|p2b: Sinistcha
|
|-weather|Snowscape|[upkeep]
|upkeep
|
|t:|1785690824
|switch|p2b: Garchomp|Garchomp-Mega, L50, M, shiny|100/100
|switch|p1b: Kingambit|Kingambit, L50, F|24/100
|turn|8
|
|t:|1785690845
|move|p2a: Kingambit|Iron Head|p1a: Vanilluxe
|-supereffective|p1a: Vanilluxe|1
|-damage|p1a: Vanilluxe|0 fnt
|faint|p1a: Vanilluxe
|move|p1b: Kingambit|Kowtow Cleave|p2a: Kingambit
|-resisted|p2a: Kingambit|1
|-damage|p2a: Kingambit|40/100
|move|p2b: Garchomp|Stomping Tantrum|p1b: Kingambit
|-supereffective|p1b: Kingambit|1
|-damage|p1b: Kingambit|0 fnt
|faint|p1b: Kingambit
|
|-weather|Snowscape|[upkeep]
|upkeep
|
|t:|1785690857
|switch|p1b: Garchomp|Garchomp, L50, F|25/100
|turn|9
|
|t:|1785690865
|move|p2a: Kingambit|Kowtow Cleave|p1b: Garchomp
|-damage|p1b: Garchomp|0 fnt
|-damage|p2a: Kingambit|28/100|[from] ability: Rough Skin|[of] p1b: Garchomp
|faint|p1b: Garchomp
|
|win|Gurrasnurra5
||Gurrasnurra5 is ready for game 3.
|j| Biff6
