|j|☆curiousgengar
|j|☆PizzaSanwitch
|html|curiousgengarPizzaSanwitch    
|uhtml|bestof|Game 3 of a best-of-3
|t:|1786140108
|gametype|doubles
|player|p1|curiousgengar|265|1045
|player|p2|PizzaSanwitch|266|1149
|gen|9
|tier|[Gen 9 Champions] VGC 2026 Reg M-B (Bo3)
|rated|
|rule|Species Clause: Limit one of each Pokémon
|rule|Item Clause: Limit 1 of each item
|clearpoke
|poke|p1|Tyranitar, L50, M|
|poke|p1|Farigiraf, L50, F|
|poke|p1|Sinistcha, L50|
|poke|p1|Scovillain, L50, F|
|poke|p1|Kangaskhan, L50, F|
|poke|p1|Alakazam, L50, F|
|poke|p2|Pelipper, L50, F|
|poke|p2|Archaludon, L50, M|
|poke|p2|Basculegion, L50, M|
|poke|p2|Grimmsnarl, L50, M|
|poke|p2|Charizard, L50, F|
|poke|p2|Metagross, L50|
|teampreview|4
|showteam|p1|Tyranitar||Tyranitarite|SandStream|DragonDance,KnockOff,RockSlide,Protect|Adamant||M|||50|]Farigiraf||SitrusBerry|CudChew|Imprison,TrickRoom,Protect,TwinBeam|Bold||F|||50|]Sinistcha||Leftovers|Hospitality|MatchaGotcha,RagePowder,Curse,StrengthSap|Bold|||||50|]Scovillain||Scovillainite|Moody|Protect,LeechSeed,RagePowder,Flamethrower|Calm||F|||50|]Kangaskhan||SilkScarf|Scrappy|FakeOut,LastResort|Jolly||F|||50|]Alakazam||FocusSash|InnerFocus|LightScreen,Taunt,Encore,Psychic|Timid||F|||50|
|showteam|p2|Pelipper||SitrusBerry|Drizzle|WeatherBall,Hurricane,Tailwind,Protect|Modest||F|||50|]Archaludon||Leftovers|Stamina|ElectroShot,FlashCannon,DragonPulse,Protect|Modest||M|||50|]Basculegion||ChoiceScarf|Adaptability|WaveCrash,LastRespects,AquaJet,FlipTurn|Jolly||M|||50|]Grimmsnarl||LightClay|Prankster|SpiritBreak,Reflect,LightScreen,PartingShot|Sassy||M|||50|]Charizard||CharizarditeY|SolarPower|HeatWave,WeatherBall,Hurricane,Protect|Modest||F|||50|]Metagross||Metagrossite|ClearBody|HardPress,PsychicFangs,BodyPress,Protect|Adamant|||||50|
|inactive|Battle timer is ON: inactive players will automatically lose when time's up. (requested by PizzaSanwitch)
|
|t:|1786140165
|teamsize|p1|4
|teamsize|p2|4
|start
|switch|p1a: Scovillain|Scovillain, L50, F|100/100
|switch|p1b: Tyranitar|Tyranitar, L50, M|100/100
|switch|p2a: Grimmsnarl|Grimmsnarl, L50, M|100/100
|switch|p2b: Metagross|Metagross, L50|100/100
|-weather|Sandstorm|[from] ability: Sand Stream|[of] p1b: Tyranitar
|turn|1
|inactive|curiousgengar has 30 seconds left.
|
|t:|1786140199
|switch|p2b: Archaludon|Archaludon, L50, M|100/100
|move|p1b: Tyranitar|Protect|p1b: Tyranitar
|-singleturn|p1b: Tyranitar|Protect
|move|p2a: Grimmsnarl|Reflect|p2a: Grimmsnarl
|-sidestart|p2: PizzaSanwitch|Reflect
|move|p1a: Scovillain|Flamethrower|p2b: Archaludon
|-damage|p2b: Archaludon|64/100
|-ability|p2b: Archaludon|Stamina|boost
|-boost|p2b: Archaludon|def|1
|
|-weather|Sandstorm|[upkeep]
|-damage|p1a: Scovillain|94/100|[from] Sandstorm
|-damage|p2a: Grimmsnarl|94/100|[from] Sandstorm
|-heal|p2b: Archaludon|71/100|[from] item: Leftovers
|-ability|p1a: Scovillain|Moody|boost
|-boost|p1a: Scovillain|def|2
|-unboost|p1a: Scovillain|spa|1
|upkeep
|turn|2
|inactive|curiousgengar has 30 seconds left.
|inactive|PizzaSanwitch has 30 seconds left.
|inactive|PizzaSanwitch has 20 seconds left.
|
|t:|1786140237
|switch|p1b: Sinistcha|Sinistcha, L50|100/100
|-heal|p1a: Scovillain|100/100|[from] ability: Hospitality|[of] p1b: Sinistcha
|move|p2a: Grimmsnarl|Parting Shot|p1a: Scovillain
|-unboost|p1a: Scovillain|atk|1
|-unboost|p1a: Scovillain|spa|1
|
|t:|1786140243
|switch|p2a: Pelipper|Pelipper, L50, F|100/100|[from] Parting Shot
|-weather|RainDance|[from] ability: Drizzle|[of] p2a: Pelipper
|move|p2b: Archaludon|Electro Shot||[still]
|-prepare|p2b: Archaludon|Electro Shot
|-boost|p2b: Archaludon|spa|1
|-anim|p2b: Archaludon|Electro Shot|p1b: Sinistcha
|-resisted|p1b: Sinistcha|1
|-damage|p1b: Sinistcha|60/100
|move|p1a: Scovillain|Leech Seed|p2b: Archaludon
|-start|p2b: Archaludon|move: Leech Seed
|
|-weather|RainDance|[upkeep]
|-heal|p2b: Archaludon|77/100|[from] item: Leftovers
|-heal|p1b: Sinistcha|66/100|[from] item: Leftovers
|-damage|p2b: Archaludon|64/100|[from] Leech Seed|[of] p1a: Scovillain
|-ability|p1a: Scovillain|Moody|boost
|-boost|p1a: Scovillain|spd|2
|-unboost|p1a: Scovillain|atk|1
|upkeep
|turn|3
|inactive|PizzaSanwitch has 30 seconds left.
|
|t:|1786140276
|switch|p2b: Grimmsnarl|Grimmsnarl, L50, M|94/100
|switch|p1b: Tyranitar|Tyranitar, L50, M|100/100
|-weather|Sandstorm|[from] ability: Sand Stream|[of] p1b: Tyranitar
|move|p1a: Scovillain|Leech Seed|p2a: Pelipper
|-start|p2a: Pelipper|move: Leech Seed
|move|p2a: Pelipper|Tailwind|p2a: Pelipper
|-sidestart|p2: PizzaSanwitch|move: Tailwind
|
|-weather|Sandstorm|[upkeep]
|-damage|p2a: Pelipper|93/100|[from] Sandstorm
|-damage|p2b: Grimmsnarl|88/100|[from] Sandstorm
|-damage|p1a: Scovillain|94/100|[from] Sandstorm
|-damage|p2a: Pelipper|81/100|[from] Leech Seed|[of] p1a: Scovillain
|-heal|p1a: Scovillain|100/100|[silent]
|-ability|p1a: Scovillain|Moody|boost
|-boost|p1a: Scovillain|def|2
|-unboost|p1a: Scovillain|atk|1
|upkeep
|turn|4
|inactive|PizzaSanwitch has 30 seconds left.
|
|t:|1786140306
|switch|p2a: Archaludon|Archaludon, L50, M|64/100
|move|p2b: Grimmsnarl|Light Screen|p2b: Grimmsnarl
|-sidestart|p2: PizzaSanwitch|move: Light Screen
|move|p1b: Tyranitar|Rock Slide|p2b: Grimmsnarl|[spread] p2a,p2b
|-resisted|p2a: Archaludon|1
|-damage|p2a: Archaludon|57/100
|-damage|p2b: Grimmsnarl|63/100
|-ability|p2a: Archaludon|Stamina|boost
|-boost|p2a: Archaludon|def|1
|move|p1a: Scovillain|Flamethrower|p2b: Grimmsnarl
|-damage|p2b: Grimmsnarl|54/100
|
|-weather|Sandstorm|[upkeep]
|-damage|p2b: Grimmsnarl|48/100|[from] Sandstorm
|-damage|p1a: Scovillain|94/100|[from] Sandstorm
|-heal|p2a: Archaludon|63/100|[from] item: Leftovers
|-ability|p1a: Scovillain|Moody|boost
|-boost|p1a: Scovillain|atk|2
|-unboost|p1a: Scovillain|spe|1
|upkeep
|turn|5
|inactive|PizzaSanwitch has 30 seconds left.
|
|t:|1786140340
|move|p1a: Scovillain|Rage Powder|p1a: Scovillain
|-singleturn|p1a: Scovillain|move: Rage Powder
|move|p2b: Grimmsnarl|Parting Shot|p1a: Scovillain
|-unboost|p1a: Scovillain|atk|1
|-unboost|p1a: Scovillain|spa|1
|
|t:|1786140345
|switch|p2b: Pelipper|Pelipper, L50, F|81/100|[from] Parting Shot
|-weather|RainDance|[from] ability: Drizzle|[of] p2b: Pelipper
|move|p2a: Archaludon|Electro Shot||[still]
|-prepare|p2a: Archaludon|Electro Shot
|-boost|p2a: Archaludon|spa|1
|-anim|p2a: Archaludon|Electro Shot|p1a: Scovillain
|-resisted|p1a: Scovillain|1
|-damage|p1a: Scovillain|78/100
|move|p1b: Tyranitar|Dragon Dance|p1b: Tyranitar
|-boost|p1b: Tyranitar|atk|1
|-boost|p1b: Tyranitar|spe|1
|
|-weather|RainDance|[upkeep]
|-heal|p2a: Archaludon|70/100|[from] item: Leftovers
|-ability|p1a: Scovillain|Moody|boost
|-boost|p1a: Scovillain|spe|2
|-unboost|p1a: Scovillain|def|1
|upkeep
|turn|6
|inactive|PizzaSanwitch has 30 seconds left.
|inactive|PizzaSanwitch has 20 seconds left.
|inactive|PizzaSanwitch has 15 seconds left.
|
|t:|1786140385
|switch|p2b: Grimmsnarl|Grimmsnarl, L50, M|48/100
|move|p1b: Tyranitar|Protect|p1b: Tyranitar
|-singleturn|p1b: Tyranitar|Protect
|move|p1a: Scovillain|Protect|p1a: Scovillain
|-singleturn|p1a: Scovillain|Protect
|move|p2a: Archaludon|Dragon Pulse|p1a: Scovillain
|-activate|p1a: Scovillain|move: Protect
|
|-weather|RainDance|[upkeep]
|-heal|p2a: Archaludon|76/100|[from] item: Leftovers
|-sideend|p2: PizzaSanwitch|move: Tailwind
|-ability|p1a: Scovillain|Moody|boost
|-boost|p1a: Scovillain|spd|2
|-unboost|p1a: Scovillain|spe|1
|upkeep
|turn|7
|inactive|curiousgengar has 30 seconds left.
|inactive|curiousgengar has 20 seconds left.
|
|t:|1786140425
|move|p1a: Scovillain|Rage Powder|p1a: Scovillain
|-singleturn|p1a: Scovillain|move: Rage Powder
|move|p1b: Tyranitar|Knock Off|p2a: Archaludon
|-damage|p2a: Archaludon|50/100g
|-ability|p2a: Archaludon|Stamina|boost
|-boost|p2a: Archaludon|def|1
|-enditem|p2a: Archaludon|Leftovers|[from] move: Knock Off|[of] p1b: Tyranitar
|move|p2a: Archaludon|Dragon Pulse|p1a: Scovillain
|-damage|p1a: Scovillain|57/100
|move|p2b: Grimmsnarl|Spirit Break|p1a: Scovillain
|-resisted|p1a: Scovillain|1
|-damage|p1a: Scovillain|47/100
|-unboost|p1a: Scovillain|spa|1
|
|-weather|RainDance|[upkeep]
|-ability|p1a: Scovillain|Moody|boost
|-boost|p1a: Scovillain|atk|2
|-unboost|p1a: Scovillain|spe|1
|upkeep
|turn|8
|inactive|PizzaSanwitch has 30 seconds left.
|inactive|PizzaSanwitch has 20 seconds left.
|
|t:|1786140462
|switch|p1b: Sinistcha|Sinistcha, L50|66/100
|-heal|p1a: Scovillain|72/100|[from] ability: Hospitality|[of] p1b: Sinistcha
|move|p2b: Grimmsnarl|Parting Shot|p1a: Scovillain
|-unboost|p1a: Scovillain|atk|1
|-unboost|p1a: Scovillain|spa|1
|
|t:|1786140471
|switch|p2b: Metagross|Metagross, L50|100/100|[from] Parting Shot
|move|p2a: Archaludon|Electro Shot||[still]
|-prepare|p2a: Archaludon|Electro Shot
|-boost|p2a: Archaludon|spa|1
|-anim|p2a: Archaludon|Electro Shot|p1b: Sinistcha
|-resisted|p1b: Sinistcha|1
|-damage|p1b: Sinistcha|20/100y
|move|p1a: Scovillain|Leech Seed|p2a: Archaludon|[miss]
|-miss|p1a: Scovillain|p2a: Archaludon
|
|-weather|RainDance|[upkeep]
|-heal|p1b: Sinistcha|26/100|[from] item: Leftovers
|-sideend|p2: PizzaSanwitch|Reflect
|-ability|p1a: Scovillain|Moody|boost
|-boost|p1a: Scovillain|spe|2
|-unboost|p1a: Scovillain|spd|1
|upkeep
|turn|9
|inactive|curiousgengar has 30 seconds left.
|inactive|PizzaSanwitch has 30 seconds left.
|inactive|PizzaSanwitch has 20 seconds left.
|
|t:|1786140508
|switch|p1b: Kangaskhan|Kangaskhan, L50, F|100/100
|detailschange|p2b: Metagross|Metagross-Mega, L50
|-mega|p2b: Metagross|Metagross|Metagrossite
|move|p1a: Scovillain|Leech Seed|p2b: Metagross
|-start|p2b: Metagross|move: Leech Seed
|move|p2b: Metagross|Psychic Fangs|p1a: Scovillain
|-damage|p1a: Scovillain|35/100
|move|p2a: Archaludon|Dragon Pulse|p1b: Kangaskhan
|-damage|p1b: Kangaskhan|10/100
|
|-weather|none
|-damage|p2b: Metagross|87/100|[from] Leech Seed|[of] p1a: Scovillain
|-heal|p1a: Scovillain|47/100|[silent]
|-ability|p1a: Scovillain|Moody|boost
|-boost|p1a: Scovillain|spd|2
|-unboost|p1a: Scovillain|def|1
|upkeep
|turn|10
|inactive|curiousgengar has 30 seconds left.
|
|t:|1786140533
|switch|p1b: Sinistcha|Sinistcha, L50|26/100
|-heal|p1a: Scovillain|72/100|[from] ability: Hospitality|[of] p1b: Sinistcha
|switch|p2b: Grimmsnarl|Grimmsnarl, L50, M|48/100
|detailschange|p1a: Scovillain|Scovillain-Mega, L50, F
|-mega|p1a: Scovillain|Scovillain|Scovillainite
|move|p2a: Archaludon|Protect|p2a: Archaludon
|-singleturn|p2a: Archaludon|Protect
|move|p1a: Scovillain|Rage Powder|p1a: Scovillain
|-singleturn|p1a: Scovillain|move: Rage Powder
|
|-heal|p1b: Sinistcha|33/100|[from] item: Leftovers
|upkeep
|turn|11
|inactive|PizzaSanwitch has 30 seconds left.
|inactive|PizzaSanwitch has 20 seconds left.
|
|t:|1786140570
|switch|p1b: Kangaskhan|Kangaskhan, L50, F|10/100
|switch|p2b: Pelipper|Pelipper, L50, F|81/100
|-weather|RainDance|[from] ability: Drizzle|[of] p2b: Pelipper
|move|p1a: Scovillain|Leech Seed|p2a: Archaludon
|-start|p2a: Archaludon|move: Leech Seed
|move|p2a: Archaludon|Electro Shot||[still]
|-prepare|p2a: Archaludon|Electro Shot
|-boost|p2a: Archaludon|spa|1
|-anim|p2a: Archaludon|Electro Shot|p1b: Kangaskhan
|-damage|p1b: Kangaskhan|0 fnt
|faint|p1b: Kangaskhan
|
|-weather|RainDance|[upkeep]
|-damage|p2a: Archaludon|38/100|[from] Leech Seed|[of] p1a: Scovillain
|-heal|p1a: Scovillain|86/100|[silent]
|-sideend|p2: PizzaSanwitch|move: Light Screen
|upkeep
|c|☆curiousgengar|intense match
|
|t:|1786140578
|switch|p1b: Tyranitar|Tyranitar, L50, M|100/100
|-weather|Sandstorm|[from] ability: Sand Stream|[of] p1b: Tyranitar
|turn|12
|inactive|curiousgengar has 30 seconds left.
|inactive|curiousgengar has 20 seconds left.
|
|t:|1786140620
|switch|p2b: Metagross|Metagross-Mega, L50|87/100
|move|p1a: Scovillain|Rage Powder|p1a: Scovillain
|-singleturn|p1a: Scovillain|move: Rage Powder
|move|p1b: Tyranitar|Dragon Dance|p1b: Tyranitar
|-boost|p1b: Tyranitar|atk|1
|-boost|p1b: Tyranitar|spe|1
|move|p2a: Archaludon|Flash Cannon|p1a: Scovillain
|-resisted|p1a: Scovillain|1
|-damage|p1a: Scovillain|76/100
|-status|p2a: Archaludon|brn|[from] ability: Spicy Spray|[of] p1a: Scovillain
|
|-weather|Sandstorm|[upkeep]
|-damage|p1a: Scovillain|70/100|[from] Sandstorm
|-damage|p2a: Archaludon|26/100 brn|[from] Leech Seed|[of] p1a: Scovillain
|-heal|p1a: Scovillain|84/100|[silent]
|-damage|p2a: Archaludon|20/100y brn|[from] brn
|upkeep
|turn|13
|-message|PizzaSanwitch forfeited.
|
|win|curiousgengar
|raw|curiousgengar's rating: 1045 → 1088(+43 for winning)
|raw|PizzaSanwitch's rating: 1149 → 1117(-32 for losing)
|c|☆PizzaSanwitch|ggs
|c|☆curiousgengar|gg
|c|☆curiousgengar|i realized you coudln't get rid of scovillain
|c|☆curiousgengar|and you would lose after game 2
|c|☆curiousgengar|but damn
|c|☆curiousgengar|no spa boost is wild
|c|☆PizzaSanwitch|i mean not with those def boost
|c|☆curiousgengar|yeah that was pretty unfortunate as well
|c|☆curiousgengar|210 def and 525 spd is crazy
|c|☆PizzaSanwitch|yeah but it was mb not realizing scovillain was going to be a problem
|c|☆PizzaSanwitch|not rng
