|j|☆Patata303
|j|☆tedidn
|html|Patata303tedidn    
|uhtml|bestof|Game 3 of a best-of-3
|t:|1756694590
|gametype|doubles
|player|p1|Patata303|silver|1209
|player|p2|tedidn|marshal|1297
|gen|9
|tier|[Gen 9] VGC 2025 Reg H (Bo3)
|rated|
|rule|Species Clause: Limit one of each Pokémon
|rule|Item Clause: Limit 1 of each item
|clearpoke
|poke|p1|Indeedee, L50, M|
|poke|p1|Drifblim, L50, M|
|poke|p1|Volcarona, L50, F|
|poke|p1|Kommo-o, L50, M|
|poke|p1|Toxtricity, L50, M|
|poke|p1|Hydreigon, L50, M|
|poke|p2|Dragonite, L50, F|
|poke|p2|Ursaluna, L50, F|
|poke|p2|Gholdengo, L50|
|poke|p2|Porygon2, L50|
|poke|p2|Volcarona, L50, M|
|poke|p2|Grimmsnarl, L50, M|
|teampreview|4
|showteam|p1|Indeedee||FocusSash|PsychicSurge|ExpandingForce,TeraBlast,Imprison,TrickRoom|||M|||50|,,,,,Ground]Drifblim||PsychicSeed|Unburden|Acrobatics,WillOWisp,StrengthSap,Tailwind|||M|||50|,,,,,Grass]Volcarona||LifeOrb|FlameBody|BugBuzz,HeatWave,TeraBlast,Protect|||F|||50|,,,,,Fairy]Kommo-o||Leftovers|Soundproof|BodyPress,Flamethrower,IronDefense,Protect|||M|||50|,,,,,Fire]Toxtricity||ChoiceSpecs|PunkRock|Overdrive,SludgeBomb,Boomburst,VoltSwitch|||M|||50|,,,,,Normal]Hydreigon||AssaultVest|Levitate|DarkPulse,DracoMeteor,EarthPower,Snarl|||M|||50|,,,,,Ghost
|showteam|p2|Dragonite||LoadedDice|InnerFocus|ScaleShot,Tailwind,Haze,Protect|||F|||50|,,,,,Fairy]Ursaluna||FlameOrb|Guts|HeadlongRush,Earthquake,Facade,Protect|||F|||50|,,,,,Grass]Gholdengo||LifeOrb|GoodasGold|MakeItRain,ShadowBall,NastyPlot,Protect||||||50|,,,,,Dragon]Porygon2||Eviolite|Download|TeraBlast,Recover,IceBeam,TrickRoom||||||50|,,,,,Fighting]Volcarona||SafetyGoggles|FlameBody|Overheat,Tailwind,StruggleBug,RagePowder|||M|||50|,,,,,Fairy]Grimmsnarl||LightClay|Prankster|FoulPlay,ThunderWave,Reflect,LightScreen|||M|||50|,,,,,Ghost
|inactive|Battle timer is ON: inactive players will automatically lose when time's up. (requested by tedidn)
|inactive|tedidn has 60 seconds left.
|
|t:|1756694624
|teamsize|p1|4
|teamsize|p2|4
|start
|switch|p1a: Kommo-o|Kommo-o, L50, M|100/100
|switch|p1b: Toxtricity|Toxtricity, L50, M|100/100
|switch|p2a: Douglass|Dragonite, L50, F|100/100
|switch|p2b: Sinatra|Volcarona, L50, M|100/100
|turn|1
|
|t:|1756694642
|move|p2b: Sinatra|Struggle Bug|p1b: Toxtricity|[spread] p1a,p1b
|-resisted|p1a: Kommo-o
|-resisted|p1b: Toxtricity
|-damage|p1a: Kommo-o|94/100
|-damage|p1b: Toxtricity|89/100
|-unboost|p1a: Kommo-o|spa|1
|-unboost|p1b: Toxtricity|spa|1
|move|p1b: Toxtricity|Boomburst|p2b: Sinatra|[spread] p2a,p2b
|-immune|p1a: Kommo-o|[from] ability: Soundproof
|-damage|p2a: Douglass|57/100
|-damage|p2b: Sinatra|60/100
|move|p2a: Douglass|Scale Shot|p1b: Toxtricity
|-damage|p1b: Toxtricity|68/100
|-damage|p1b: Toxtricity|47/100
|-damage|p1b: Toxtricity|25/100
|-damage|p1b: Toxtricity|2/100
|-damage|p1b: Toxtricity|0 fnt
|faint|p1b: Toxtricity
|-hitcount|p1: Toxtricity|5
|-unboost|p2a: Douglass|def|1
|-boost|p2a: Douglass|spe|1
|move|p1a: Kommo-o|Iron Defense|p1a: Kommo-o
|-boost|p1a: Kommo-o|def|2
|
|-heal|p1a: Kommo-o|99/100|[from] item: Leftovers
|upkeep
|
|t:|1756694650
|switch|p1b: Indeedee|Indeedee, L50, M|100/100
|-fieldstart|move: Psychic Terrain|[from] ability: Psychic Surge|[of] p1b: Indeedee
|turn|2
|
|t:|1756694670
|move|p2b: Sinatra|Rage Powder|p2b: Sinatra
|-singleturn|p2b: Sinatra|move: Rage Powder
|move|p2a: Douglass|Scale Shot|p1b: Indeedee
|-damage|p1b: Indeedee|69/100
|-damage|p1b: Indeedee|38/100
|-damage|p1b: Indeedee|6/100
|-damage|p1b: Indeedee|0 fnt
|faint|p1b: Indeedee
|-hitcount|p1: Indeedee|4
|-unboost|p2a: Douglass|def|1
|-boost|p2a: Douglass|spe|1
|move|p1a: Kommo-o|Body Press|p2b: Sinatra
|-resisted|p2b: Sinatra
|-damage|p2b: Sinatra|10/100
|
|-heal|p1a: Kommo-o|100/100|[from] item: Leftovers
|upkeep
|
|t:|1756694673
|switch|p1b: Hydreigon|Hydreigon, L50, M|100/100
|turn|3
|inactive|Patata303 has 30 seconds left.
|inactive|tedidn has 30 seconds left.
|
|t:|1756694707
|-terastallize|p1b: Hydreigon|Ghost
|move|p2a: Douglass|Tailwind|p2a: Douglass
|-sidestart|p2: tedidn|move: Tailwind
|move|p2b: Sinatra|Struggle Bug|p1a: Kommo-o|[spread] p1a,p1b
|-resisted|p1a: Kommo-o
|-resisted|p1b: Hydreigon
|-damage|p1a: Kommo-o|94/100
|-damage|p1b: Hydreigon|95/100
|-unboost|p1a: Kommo-o|spa|1
|-unboost|p1b: Hydreigon|spa|1
|move|p1b: Hydreigon|Dark Pulse|p2a: Douglass
|-damage|p2a: Douglass|28/100
|move|p1a: Kommo-o|Iron Defense|p1a: Kommo-o
|-boost|p1a: Kommo-o|def|2
|
|-heal|p1a: Kommo-o|99/100|[from] item: Leftovers
|upkeep
|turn|4
|
|t:|1756694727
|move|p2a: Douglass|Haze|p2a: Douglass
|-clearallboost
|move|p2b: Sinatra|Overheat|p1b: Hydreigon
|-damage|p1b: Hydreigon|52/100
|-unboost|p2b: Sinatra|spa|2
|move|p1b: Hydreigon|Dark Pulse|p2a: Douglass
|-damage|p2a: Douglass|0 fnt
|faint|p2a: Douglass
|move|p1a: Kommo-o|Body Press|p2b: Sinatra
|-resisted|p2b: Sinatra
|-damage|p2b: Sinatra|0 fnt
|-status|p1a: Kommo-o|brn|[from] ability: Flame Body|[of] p2b: Sinatra
|faint|p2b: Sinatra
|
|-heal|p1a: Kommo-o|100/100 brn|[from] item: Leftovers
|-damage|p1a: Kommo-o|94/100 brn|[from] brn
|upkeep
|
|t:|1756694735
|switch|p2b: Daquavion|Porygon2, L50|100/100
|switch|p2a: Freddy|Ursaluna, L50, F|100/100
|-ability|p2b: Daquavion|Download|boost
|-boost|p2b: Daquavion|spa|1
|turn|5
|inactive|tedidn has 30 seconds left.
|
|t:|1756694760
|-terastallize|p2b: Daquavion|Fighting
|move|p2b: Daquavion|Ice Beam|p1b: Hydreigon
|-damage|p1b: Hydreigon|25/100
|move|p2a: Freddy|Headlong Rush|p1a: Kommo-o
|-damage|p1a: Kommo-o|47/100 brn
|-unboost|p2a: Freddy|def|1
|-unboost|p2a: Freddy|spd|1
|move|p1b: Hydreigon|Snarl|p2a: Freddy|[spread] p2a,p2b
|-resisted|p2b: Daquavion
|-damage|p2a: Freddy|70/100
|-damage|p2b: Daquavion|94/100
|-unboost|p2a: Freddy|spa|1
|-unboost|p2b: Daquavion|spa|1
|move|p1a: Kommo-o|Iron Defense|p1a: Kommo-o
|-boost|p1a: Kommo-o|def|2
|
|-heal|p1a: Kommo-o|53/100 brn|[from] item: Leftovers
|-damage|p1a: Kommo-o|47/100 brn|[from] brn
|-status|p2a: Freddy|brn|[from] item: Flame Orb
|upkeep
|turn|6
|inactive|Patata303 has 30 seconds left.
|inactive|Patata303 has 20 seconds left.
|
|t:|1756694798
|move|p2a: Freddy|Protect|p2a: Freddy
|-singleturn|p2a: Freddy|Protect
|move|p1b: Hydreigon|Draco Meteor|p2b: Daquavion
|-damage|p2b: Daquavion|51/100
|-unboost|p1b: Hydreigon|spa|2
|move|p1a: Kommo-o|Body Press|p2b: Daquavion
|-damage|p2b: Daquavion|27/100
|move|p2b: Daquavion|Trick Room|p2b: Daquavion
|-fieldstart|move: Trick Room|[of] p2b: Daquavion
|
|-heal|p1a: Kommo-o|53/100 brn|[from] item: Leftovers
|-damage|p1a: Kommo-o|47/100 brn|[from] brn
|-damage|p2a: Freddy|64/100 brn|[from] brn
|-sideend|p2: tedidn|move: Tailwind
|-fieldend|move: Psychic Terrain
|upkeep
|turn|7
|
|t:|1756694815
|move|p2a: Freddy|Headlong Rush|p1a: Kommo-o
|-damage|p1a: Kommo-o|7/100 brn
|-unboost|p2a: Freddy|def|1
|-unboost|p2a: Freddy|spd|1
|move|p2b: Daquavion|Recover|p2b: Daquavion
|-heal|p2b: Daquavion|77/100
|move|p1a: Kommo-o|Body Press|p2a: Freddy
|-supereffective|p2a: Freddy
|-damage|p2a: Freddy|0 fnt
|faint|p2a: Freddy
|move|p1b: Hydreigon|Draco Meteor|p2b: Daquavion
|-damage|p2b: Daquavion|57/100
|-unboost|p1b: Hydreigon|spa|2
|
|-heal|p1a: Kommo-o|13/100 brn|[from] item: Leftovers
|-damage|p1a: Kommo-o|7/100 brn|[from] brn
|upkeep
|turn|8
|inactive|Patata303 has 30 seconds left.
|
|t:|1756694844
|move|p2b: Daquavion|Ice Beam|p1a: Kommo-o
|-supereffective|p1a: Kommo-o
|-damage|p1a: Kommo-o|0 fnt
|faint|p1a: Kommo-o
|move|p1b: Hydreigon|Draco Meteor|p2b: Daquavion
|-damage|p2b: Daquavion|44/100
|-unboost|p1b: Hydreigon|spa|2
|
|upkeep
|turn|9
|
|t:|1756694849
|move|p2b: Daquavion|Recover|p2b: Daquavion
|-heal|p2b: Daquavion|94/100
|move|p1b: Hydreigon|Draco Meteor|p2b: Daquavion
|-crit|p2b: Daquavion
|-damage|p2b: Daquavion|33/100
|
|upkeep
|turn|10
|
|t:|1756694854
|move|p2b: Daquavion|Recover|p2b: Daquavion
|-heal|p2b: Daquavion|83/100
|move|p1b: Hydreigon|Draco Meteor|p2b: Daquavion|[miss]
|-miss|p1b: Hydreigon|p2b: Daquavion
|
|-fieldend|move: Trick Room
|upkeep
|turn|11
|
|t:|1756694858
|move|p1b: Hydreigon|Dark Pulse|p2b: Daquavion
|-resisted|p2b: Daquavion
|-damage|p2b: Daquavion|80/100
|move|p2b: Daquavion|Ice Beam|p1b: Hydreigon
|-damage|p1b: Hydreigon|7/100
|
|upkeep
|turn|12
|-message|Patata303 forfeited.
|
|win|tedidn
|raw|Patata303's rating: 1209 → 1190(-19 for losing)
|raw|tedidn's rating: 1297 → 1316(+19 for winning)
|l|☆Patata303
|player|p1|
