|j|☆ucsghhjfjdy
|j|☆ToastedArt
|html|ucsghhjfjdyToastedArt    
|uhtml|bestof|Game 1 of a best-of-3
|t:|1784561511
|gametype|doubles
|player|p1|ucsghhjfjdy|266|1150
|player|p2|ToastedArt|iris|1080
|gen|9
|tier|[Gen 9 Champions] VGC 2026 Reg M-B (Bo3)
|rated|
|rule|Species Clause: Limit one of each Pokémon
|rule|Item Clause: Limit 1 of each item
|clearpoke
|poke|p1|Aerodactyl, L50, F|
|poke|p1|Charizard, L50, M|
|poke|p1|Kingambit, L50, M|
|poke|p1|Farigiraf, L50, F|
|poke|p1|Sylveon, L50, M|
|poke|p1|Garchomp, L50, M|
|poke|p2|Falinks, L50, shiny|
|poke|p2|Incineroar, L50, F|
|poke|p2|Basculegion, L50, M|
|poke|p2|Sneasler, L50, F|
|poke|p2|Vanilluxe, L50, M, shiny|
|poke|p2|Dragonite, L50, F|
|teampreview|4
|showteam|p1|Aerodactyl||Aerodactylite|Unnerve|RockSlide,Tailwind,IceFang,DualWingbeat|Jolly||F|||50|]Charizard||CharizarditeY|Blaze|HeatWave,Protect,WeatherBall,SolarBeam|Modest||M|||50|]Kingambit||FocusSash|Defiant|KowtowCleave,SuckerPunch,IronHead,LowKick|Adamant||M|||50|]Farigiraf||SitrusBerry|ArmorTail|TrickRoom,PsychicFangs,Thunderbolt,SunnyDay|Relaxed||F|||50|]Sylveon||FairyFeather|Pixilate|HyperVoice,HyperBeam,QuickAttack,Protect|Modest||M|||50|]Garchomp||LifeOrb|RoughSkin|Earthquake,StompingTantrum,DragonClaw,Protect|Jolly||M|||50|
|showteam|p2|Falinks||Falinksite|Defiant|NoRetreat,CloseCombat,RockSlide,Protect|Adamant|||||50|]Incineroar||PasshoBerry|Intimidate|FlareBlitz,ThroatChop,FakeOut,PartingShot|Impish||F|||50|]Basculegion||SitrusBerry|Adaptability|WaveCrash,LastRespects,AquaJet,Protect|Adamant||M|||50|]Sneasler||FocusSash|PoisonTouch|PoisonJab,CloseCombat,FakeOut,Coaching|Jolly||F|||50|]Vanilluxe||ChoiceScarf|SnowWarning|Blizzard,FreezeDry,IcyWind,SheerCold|Modest||M|||50|]Dragonite||LifeOrb|InnerFocus|DragonClaw,ExtremeSpeed,ThunderPunch,Tailwind|Adamant||F|||50|
|inactive|Battle timer is ON: inactive players will automatically lose when time's up. (requested by ToastedArt)
|inactive|ucsghhjfjdy has 60 seconds left.
|inactive|ToastedArt has 60 seconds left.
|inactive|ucsghhjfjdy has 30 seconds left.
|inactive|ToastedArt has 30 seconds left.
|inactive|ucsghhjfjdy has 20 seconds left.
|inactive|ucsghhjfjdy has 15 seconds left.
|inactive|ucsghhjfjdy has 10 seconds left.
|inactive|ucsghhjfjdy has 5 seconds left.
|
|t:|1784561601
|teamsize|p1|4
|teamsize|p2|4
|start
|switch|p1a: Aerodactyl|Aerodactyl, L50, F|100/100
|switch|p1b: Charizard|Charizard, L50, M|100/100
|switch|p2a: Incineroar|Incineroar, L50, F|100/100
|switch|p2b: Sneasler|Sneasler, L50, F|100/100
|-ability|p1a: Aerodactyl|Unnerve
|-ability|p2a: Incineroar|Intimidate|boost
|-unboost|p1a: Aerodactyl|atk|1
|-unboost|p1b: Charizard|atk|1
|turn|1
|l|☆ucsghhjfjdy
|inactive|ucsghhjfjdy disconnected and has a minute to reconnect!
|player|p1|
|inactive|ucsghhjfjdy has 30 seconds left.
|inactive|ToastedArt has 30 seconds left.
|inactive|ucsghhjfjdy has 20 seconds left.
|inactive|ToastedArt has 20 seconds left.
|inactive|ucsghhjfjdy has 15 seconds left.
|inactive|ucsghhjfjdy has 10 seconds left.
|j|☆ucsghhjfjdy
|inactive|ucsghhjfjdy reconnected and has 10 seconds left.
|player|p1|ucsghhjfjdy|266|
|inactive|ucsghhjfjdy has 5 seconds left.
|
|t:|1784561656
|move|p2a: Incineroar|Fake Out|p1a: Aerodactyl
|-resisted|p1a: Aerodactyl|1
|-damage|p1a: Aerodactyl|92/100
|cant|p1a: Aerodactyl|flinch
|move|p2b: Sneasler|Coaching|p2a: Incineroar
|-boost|p2a: Incineroar|atk|1
|-boost|p2a: Incineroar|def|1
|move|p1b: Charizard|Heat Wave|p2b: Sneasler|[spread] p2a,p2b
|-resisted|p2a: Incineroar|1
|-crit|p2a: Incineroar
|-damage|p2a: Incineroar|76/100
|-damage|p2b: Sneasler|60/100
|
|upkeep
|turn|2
|inactive|ucsghhjfjdy has 30 seconds left.
|inactive|ToastedArt has 30 seconds left.
|l|☆ucsghhjfjdy
|inactive|ucsghhjfjdy disconnected and has a minute to reconnect!
|player|p1|
|inactive|ucsghhjfjdy has 20 seconds left.
|inactive|ucsghhjfjdy has 15 seconds left.
|j|☆ucsghhjfjdy
|inactive|ucsghhjfjdy reconnected and has 15 seconds left.
|player|p1|ucsghhjfjdy|266|
|inactive|ucsghhjfjdy has 10 seconds left.
|
|t:|1784561704
|detailschange|p1b: Charizard|Charizard-Mega-Y, L50, M
|-mega|p1b: Charizard|Charizard|Charizardite Y
|-weather|SunnyDay|[from] ability: Drought|[of] p1b: Charizard
|move|p1a: Aerodactyl|Tailwind|p1a: Aerodactyl
|-sidestart|p1: ucsghhjfjdy|move: Tailwind
|move|p1b: Charizard|Heat Wave|p2b: Sneasler|[spread] p2a
|-miss|p1b: Charizard|p2b: Sneasler
|-resisted|p2a: Incineroar|1
|-damage|p2a: Incineroar|45/100
|move|p2b: Sneasler|Close Combat|p1a: Aerodactyl
|-damage|p1a: Aerodactyl|10/100
|-unboost|p2b: Sneasler|def|1
|-unboost|p2b: Sneasler|spd|1
|move|p2a: Incineroar|Parting Shot|p1b: Charizard
|-unboost|p1b: Charizard|atk|1
|-unboost|p1b: Charizard|spa|1
|
|t:|1784561725
|switch|p2a: Falinks|Falinks, L50, shiny|100/100|[from] Parting Shot
|
|-weather|SunnyDay|[upkeep]
|upkeep
|turn|3
|inactive|ucsghhjfjdy has 30 seconds left.
|
|t:|1784561758
|switch|p1b: Kingambit|Kingambit, L50, M|100/100
|detailschange|p2a: Falinks|Falinks-Mega, L50, shiny
|-mega|p2a: Falinks|Falinks|Falinksite
|move|p2a: Falinks|Protect|p2a: Falinks
|-singleturn|p2a: Falinks|Protect
|move|p1a: Aerodactyl|Dual Wingbeat|p2b: Sneasler
|-supereffective|p2b: Sneasler|1
|-damage|p2b: Sneasler|6/100
|-supereffective|p2b: Sneasler|1
|-damage|p2b: Sneasler|0 fnt
|faint|p2b: Sneasler
|-hitcount|p2: Sneasler|2
|
|-weather|SunnyDay|[upkeep]
|upkeep
|
|t:|1784561776
|switch|p2b: Vanilluxe|Vanilluxe, L50, M, shiny|100/100
|-weather|Snowscape|[from] ability: Snow Warning|[of] p2b: Vanilluxe
|turn|4
|
|t:|1784561795
|switch|p1a: Charizard|Charizard-Mega-Y, L50, M|100/100
|-weather|SunnyDay|[from] ability: Drought|[of] p1a: Charizard
|move|p1b: Kingambit|Iron Head|p2b: Vanilluxe
|-supereffective|p2b: Vanilluxe|1
|-damage|p2b: Vanilluxe|0 fnt
|faint|p2b: Vanilluxe
|move|p2a: Falinks|No Retreat|p2a: Falinks
|-boost|p2a: Falinks|atk|1
|-boost|p2a: Falinks|def|1
|-boost|p2a: Falinks|spa|1
|-boost|p2a: Falinks|spd|1
|-boost|p2a: Falinks|spe|1
|-start|p2a: Falinks|move: No Retreat
|
|-weather|SunnyDay|[upkeep]
|upkeep
|
|t:|1784561806
|switch|p2b: Incineroar|Incineroar, L50, F|45/100
|-ability|p2b: Incineroar|Intimidate|boost
|-unboost|p1a: Charizard|atk|1
|-unboost|p1b: Kingambit|atk|1
|-ability|p1b: Kingambit|Defiant|boost
|-boost|p1b: Kingambit|atk|2
|turn|5
|
|t:|1784561822
|switch|p1b: Farigiraf|Farigiraf, L50, F|100/100
|move|p2a: Falinks|Protect|p2a: Falinks
|-singleturn|p2a: Falinks|Protect
|move|p2b: Incineroar|Fake Out||[still]
|cant|p1b: Farigiraf|ability: Armor Tail|Fake Out|[of] p2b: Incineroar
|move|p1a: Charizard|Heat Wave|p2b: Incineroar|[spread] p2b
|-activate|p2a: Falinks|move: Protect
|-resisted|p2b: Incineroar|1
|-damage|p2b: Incineroar|17/100
|
|-weather|SunnyDay|[upkeep]
|-sideend|p1: ucsghhjfjdy|move: Tailwind
|upkeep
|turn|6
|
|t:|1784561838
|move|p2a: Falinks|Rock Slide|p1a: Charizard|[spread] p1a,p1b
|-supereffective|p1a: Charizard|2
|-damage|p1a: Charizard|0 fnt
|-damage|p1b: Farigiraf|74/100
|faint|p1a: Charizard
|move|p2b: Incineroar|Throat Chop|p1b: Farigiraf
|-supereffective|p1b: Farigiraf|1
|-damage|p1b: Farigiraf|27/100
|-start|p1b: Farigiraf|Throat Chop|[silent]
|-enditem|p1b: Farigiraf|Sitrus Berry|[eat]
|-heal|p1b: Farigiraf|52/100|[from] item: Sitrus Berry
|cant|p1b: Farigiraf|flinch
|
|-weather|SunnyDay|[upkeep]
|upkeep
|
|t:|1784561853
|switch|p1a: Aerodactyl|Aerodactyl, L50, F|10/100
|-ability|p1a: Aerodactyl|Unnerve
|turn|7
|j| StewartTheSoup
|l| StewartTheSoup
|
|t:|1784561871
|move|p2a: Falinks|Rock Slide|p1b: Farigiraf|[spread] p1a,p1b
|-supereffective|p1a: Aerodactyl|1
|-damage|p1a: Aerodactyl|0 fnt
|-damage|p1b: Farigiraf|30/100
|faint|p1a: Aerodactyl
|move|p2b: Incineroar|Throat Chop|p1b: Farigiraf
|-supereffective|p1b: Farigiraf|1
|-damage|p1b: Farigiraf|0 fnt
|faint|p1b: Farigiraf
|
|-weather|SunnyDay|[upkeep]
|upkeep
|
|t:|1784561879
|switch|p1b: Kingambit|Kingambit, L50, M|100/100
|turn|8
|
|t:|1784561884
|move|p2a: Falinks|Close Combat|p1b: Kingambit
|-supereffective|p1b: Kingambit|2
|-enditem|p1b: Kingambit|Focus Sash
|-damage|p1b: Kingambit|1/100
|-unboost|p2a: Falinks|def|1
|-unboost|p2a: Falinks|spd|1
|move|p1b: Kingambit|Kowtow Cleave|p2b: Incineroar
|-resisted|p2b: Incineroar|1
|-damage|p2b: Incineroar|0 fnt
|faint|p2b: Incineroar
|
|-weather|none
|upkeep
|turn|9
|
|t:|1784561891
|move|p2a: Falinks|Close Combat|p1b: Kingambit
|-supereffective|p1b: Kingambit|2
|-damage|p1b: Kingambit|0 fnt
|-unboost|p2a: Falinks|def|1
|-unboost|p2a: Falinks|spd|1
|faint|p1b: Kingambit
|
|win|ToastedArt
