|j|☆SabinoRaw
|j|☆hihowareyabro
|html|SabinoRawhihowareyabro    
|uhtml|bestof|Game 1 of a best-of-3
|t:|1786193716
|gametype|doubles
|player|p1|SabinoRaw|noland-gen3|1232
|player|p2|hihowareyabro|byron|1222
|gen|9
|tier|[Gen 9 Champions] VGC 2026 Reg M-B (Bo3)
|rated|
|rule|Species Clause: Limit one of each Pokémon
|rule|Item Clause: Limit 1 of each item
|clearpoke
|poke|p1|Swampert, L50, M|
|poke|p1|Floette-Eternal, L50, F|
|poke|p1|Pelipper, L50, M|
|poke|p1|Grimmsnarl, L50, M|
|poke|p1|Sinistcha, L50|
|poke|p1|Archaludon, L50, M|
|poke|p2|Blastoise, L50, M|
|poke|p2|Whimsicott, L50, M|
|poke|p2|Maushold-Four, L50|
|poke|p2|Sneasler, L50, M|
|poke|p2|Incineroar, L50, M|
|poke|p2|Sinistcha, L50|
|teampreview|4
|showteam|p1|Swampert||Swampertite|Torrent|WaveCrash,Earthquake,IcePunch,Protect|Adamant||M|||50|]Floette-Eternal||Floettite|FlowerVeil|Moonblast,DazzlingGleam,CalmMind,Protect|Modest||F|||50|]Pelipper||SitrusBerry|Drizzle|Hurricane,WeatherBall,Tailwind,WideGuard|Modest||M|||50|]Grimmsnarl||LightClay|Prankster|LightScreen,Reflect,FoulPlay,PartingShot|Calm||M|||50|]Sinistcha||CobaBerry|Hospitality|MatchaGotcha,LifeDew,TrickRoom,RagePowder|Relaxed|||||50|]Archaludon||Leftovers|Stamina|ElectroShot,DragonPulse,FlashCannon,Protect|Modest||M|||50|
|showteam|p2|Blastoise||Blastoisinite|Torrent|Protect,WaterSpout,DarkPulse,ShellSmash|Modest||M|||50|]Whimsicott||FocusSash|Prankster|Tailwind,Encore,LightScreen,StunSpore|Bold||M|||50|]Maushold-Four||WideLens|Technician|Protect,PopulationBomb,FollowMe,HelpingHand|Jolly|||||50|]Sneasler||WhiteHerb|Unburden|DireClaw,CloseCombat,Protect,FakeOut|Adamant||M|||50|]Incineroar||ChopleBerry|Intimidate|DarkestLariat,FlareBlitz,Protect,FakeOut|Brave||M|||50|]Sinistcha||BrightPowder|Hospitality|MatchaGotcha,TrickRoom,RagePowder,ShadowBall|Relaxed|||||50|
|
|t:|1786193740
|teamsize|p1|4
|teamsize|p2|4
|start
|switch|p1a: Archaludon|Archaludon, L50, M|100/100
|switch|p1b: Swampert|Swampert, L50, M|100/100
|switch|p2a: Blastoise|Blastoise, L50, M|100/100
|switch|p2b: Sinistcha|Sinistcha, L50|100/100
|turn|1
|
|t:|1786193774
|switch|p1b: Pelipper|Pelipper, L50, M|100/100
|-weather|RainDance|[from] ability: Drizzle|[of] p1b: Pelipper
|detailschange|p2a: Blastoise|Blastoise-Mega, L50, M
|-mega|p2a: Blastoise|Blastoise|Blastoisinite
|move|p2b: Sinistcha|Rage Powder|p2b: Sinistcha
|-singleturn|p2b: Sinistcha|move: Rage Powder
|move|p1a: Archaludon|Electro Shot||[still]
|-prepare|p1a: Archaludon|Electro Shot
|-boost|p1a: Archaludon|spa|1
|-anim|p1a: Archaludon|Electro Shot|p2b: Sinistcha
|-resisted|p2b: Sinistcha|1
|-damage|p2b: Sinistcha|65/100
|move|p2a: Blastoise|Shell Smash|p2a: Blastoise
|-unboost|p2a: Blastoise|def|1
|-unboost|p2a: Blastoise|spd|1
|-boost|p2a: Blastoise|atk|2
|-boost|p2a: Blastoise|spa|2
|-boost|p2a: Blastoise|spe|2
|
|-weather|RainDance|[upkeep]
|upkeep
|turn|2
|
|t:|1786193820
|switch|p2b: Maushold|Maushold-Four, L50|100/100
|move|p2a: Blastoise|Protect|p2a: Blastoise
|-singleturn|p2a: Blastoise|Protect
|move|p1b: Pelipper|Wide Guard|p1b: Pelipper
|-singleturn|p1b: Pelipper|Wide Guard
|move|p1a: Archaludon|Electro Shot||[still]
|-prepare|p1a: Archaludon|Electro Shot
|-boost|p1a: Archaludon|spa|1
|-anim|p1a: Archaludon|Electro Shot|p2a: Blastoise
|-activate|p2a: Blastoise|move: Protect
|
|-weather|RainDance|[upkeep]
|upkeep
|turn|3
|
|t:|1786193842
|switch|p1a: Sinistcha|Sinistcha, L50|100/100
|move|p2b: Maushold|Helping Hand|p2a: Blastoise
|-singleturn|p2a: Blastoise|Helping Hand|[of] p2b: Maushold
|move|p2a: Blastoise|Dark Pulse|p1a: Sinistcha
|-supereffective|p1a: Sinistcha|1
|-crit|p1a: Sinistcha
|-damage|p1a: Sinistcha|0 fnt
|faint|p1a: Sinistcha
|move|p1b: Pelipper|Hurricane|p2a: Blastoise
|-damage|p2a: Blastoise|44/100
|
|-weather|RainDance|[upkeep]
|upkeep
|
|t:|1786193854
|switch|p1a: Swampert|Swampert, L50, M|100/100
|turn|4
|
|t:|1786193864
|detailschange|p1a: Swampert|Swampert-Mega, L50, M
|-mega|p1a: Swampert|Swampert|Swampertite
|move|p2b: Maushold|Follow Me|p2b: Maushold
|-singleturn|p2b: Maushold|move: Follow Me
|move|p1a: Swampert|Earthquake|p2b: Maushold|[spread] p2a,p2b
|-immune|p1b: Pelipper
|-damage|p2a: Blastoise|0 fnt
|-damage|p2b: Maushold|23/100
|faint|p2a: Blastoise
|move|p1b: Pelipper|Hurricane|p2b: Maushold
|-damage|p2b: Maushold|0 fnt
|faint|p2b: Maushold
|
|-weather|RainDance|[upkeep]
|upkeep
|
|t:|1786193874
|switch|p2b: Sneasler|Sneasler, L50, M|100/100
|switch|p2a: Sinistcha|Sinistcha, L50|65/100
|turn|5
|
|t:|1786193890
|move|p2b: Sneasler|Protect|p2b: Sneasler
|-singleturn|p2b: Sneasler|Protect
|move|p1a: Swampert|Earthquake|p2a: Sinistcha|[spread] p2a
|-activate|p2b: Sneasler|move: Protect
|-immune|p1b: Pelipper
|-resisted|p2a: Sinistcha|1
|-damage|p2a: Sinistcha|48/100
|move|p1b: Pelipper|Hurricane|p2b: Sneasler
|-activate|p2b: Sneasler|move: Protect
|move|p2a: Sinistcha|Matcha Gotcha|p1a: Swampert|[spread] p1a,p1b
|-supereffective|p1a: Swampert|2
|-damage|p1a: Swampert|9/100
|-heal|p2a: Sinistcha|93/100|[from] drain|[of] p1a: Swampert
|-damage|p1b: Pelipper|72/100
|-heal|p2a: Sinistcha|100/100|[from] drain|[of] p1b: Pelipper
|
|-weather|none
|upkeep
|turn|6
|
|t:|1786193917
|switch|p1b: Archaludon|Archaludon, L50, M|100/100
|move|p1a: Swampert|Protect|p1a: Swampert
|-singleturn|p1a: Swampert|Protect
|move|p2b: Sneasler|Dire Claw|p1b: Archaludon
|-immune|p1b: Archaludon
|move|p2a: Sinistcha|Matcha Gotcha|p1b: Archaludon|[spread] p1b
|-activate|p1a: Swampert|move: Protect
|-resisted|p1b: Archaludon|2
|-damage|p1b: Archaludon|93/100
|-status|p1b: Archaludon|brn
|-ability|p1b: Archaludon|Stamina|boost
|-boost|p1b: Archaludon|def|1
|
|-heal|p1b: Archaludon|100/100 brn|[from] item: Leftovers
|-damage|p1b: Archaludon|93/100 brn|[from] brn
|upkeep
|turn|7
|
|t:|1786193949
|move|p2b: Sneasler|Protect|p2b: Sneasler
|-singleturn|p2b: Sneasler|Protect
|move|p1b: Archaludon|Protect|p1b: Archaludon
|-singleturn|p1b: Archaludon|Protect
|move|p1a: Swampert|Wave Crash|p2b: Sneasler
|-activate|p2b: Sneasler|move: Protect
|move|p2a: Sinistcha|Shadow Ball|p1a: Swampert
|-crit|p1a: Swampert
|-damage|p1a: Swampert|0 fnt
|faint|p1a: Swampert
|
|-heal|p1b: Archaludon|100/100 brn|[from] item: Leftovers
|-damage|p1b: Archaludon|93/100 brn|[from] brn
|upkeep
|
|t:|1786193953
|switch|p1a: Pelipper|Pelipper, L50, M|72/100
|-weather|RainDance|[from] ability: Drizzle|[of] p1a: Pelipper
|turn|8
|
|t:|1786193972
|move|p2b: Sneasler|Close Combat|p1b: Archaludon
|-supereffective|p1b: Archaludon|1
|-damage|p1b: Archaludon|36/100 brn
|-unboost|p2b: Sneasler|def|1
|-unboost|p2b: Sneasler|spd|1
|-ability|p1b: Archaludon|Stamina|boost
|-boost|p1b: Archaludon|def|1
|-enditem|p2b: Sneasler|White Herb
|-clearnegativeboost|p2b: Sneasler|[silent]
|move|p1b: Archaludon|Electro Shot||[still]
|-prepare|p1b: Archaludon|Electro Shot
|-boost|p1b: Archaludon|spa|1
|-anim|p1b: Archaludon|Electro Shot|p2b: Sneasler
|-damage|p2b: Sneasler|28/100
|move|p1a: Pelipper|Hurricane|p2b: Sneasler
|-supereffective|p2b: Sneasler|1
|-damage|p2b: Sneasler|0 fnt
|faint|p2b: Sneasler
|move|p2a: Sinistcha|Matcha Gotcha|p1a: Pelipper|[spread] p1a,p1b
|-resisted|p1b: Archaludon|2
|-damage|p1a: Pelipper|45/100
|-damage|p1b: Archaludon|30/100 brn
|-ability|p1b: Archaludon|Stamina|boost
|-boost|p1b: Archaludon|def|1
|-enditem|p1a: Pelipper|Sitrus Berry|[eat]
|-heal|p1a: Pelipper|69/100|[from] item: Sitrus Berry
|
|-weather|RainDance|[upkeep]
|-heal|p1b: Archaludon|37/100 brn|[from] item: Leftovers
|-damage|p1b: Archaludon|30/100 brn|[from] brn
|upkeep
|turn|9
|
|t:|1786194000
|move|p1b: Archaludon|Electro Shot||[still]
|-prepare|p1b: Archaludon|Electro Shot
|-boost|p1b: Archaludon|spa|1
|-anim|p1b: Archaludon|Electro Shot|p2a: Sinistcha
|-resisted|p2a: Sinistcha|1
|-damage|p2a: Sinistcha|53/100
|move|p1a: Pelipper|Hurricane|p2a: Sinistcha
|-supereffective|p2a: Sinistcha|1
|-damage|p2a: Sinistcha|0 fnt
|faint|p2a: Sinistcha
|
|win|SabinoRaw
||SabinoRaw is ready for game 2.
||hihowareyabro is ready for game 2.
|uhtml|next|Next: Game 2 of 3
|l|☆hihowareyabro
|player|p2|
