|j|☆Alysa Liu
|j|☆RamonTheKiller
|html|Alysa LiuRamonTheKiller    
|uhtml|bestof|Game 3 of a best-of-3
|t:|1756906702
|gametype|doubles
|player|p1|Alysa Liu|lady|1365
|player|p2|RamonTheKiller|palmer|1240
|gen|9
|tier|[Gen 9] VGC 2025 Reg H (Bo3)
|rated|
|rule|Species Clause: Limit one of each Pokémon
|rule|Item Clause: Limit 1 of each item
|clearpoke
|poke|p1|Dachsbun, L50, M|
|poke|p1|Typhlosion-Hisui, L50, F|
|poke|p1|Kingambit, L50, M|
|poke|p1|Jumpluff, L50, F|
|poke|p1|Rillaboom, L50, M|
|poke|p1|Torkoal, L50, F|
|poke|p2|Incineroar, L50, F|
|poke|p2|Amoonguss, L50, M|
|poke|p2|Gholdengo, L50|
|poke|p2|Dragonite, L50, F|
|poke|p2|Sneasler, L50, M|
|poke|p2|Primarina, L50, F|
|teampreview|4
|showteam|p1|Dachsbun||Leftovers|WellBakedBody|BodyPress,Snarl,HelpingHand,Protect|||M|||50|,,,,,Steel]Typhlosion-Hisui||ChoiceSpecs|Blaze|Eruption,LavaPlume,Overheat,ShadowBall|||F|||50|,,,,,Fire]Kingambit||SafetyGoggles|Defiant|Protect,KowtowCleave,SuckerPunch,SwordsDance|||M|||50|,,,,,Dark]Jumpluff||CovertCloak|Chlorophyll|SleepPowder,SunnyDay,RagePowder,Tailwind|||F|||50|,,,,,Water]Rillaboom||AssaultVest|GrassySurge|WoodHammer,GrassyGlide,FakeOut,HighHorsepower|||M|||50|,,,,,Water]Torkoal||SitrusBerry|Drought|HeatWave,LavaPlume,ClearSmog,Protect|||F|||50|,,,,,Fairy
|showteam|p2|Incineroar||SafetyGoggles|Intimidate|KnockOff,FakeOut,PartingShot,FlareBlitz|||F|||50|,,,,,Ghost]Amoonguss||RockyHelmet|Regenerator|RagePowder,PollenPuff,Spore,Protect|||M|||50|,,,,,Fairy]Gholdengo||LifeOrb|GoodasGold|MakeItRain,ShadowBall,NastyPlot,Protect||||||50|,,,,,Water]Dragonite||LoadedDice|Multiscale|ScaleShot,Protect,Tailwind,Haze|||F|||50|,,,,,Fairy]Sneasler||FocusSash|Unburden|DireClaw,CloseCombat,Protect,ThroatChop|||M|||50|,,,,,Stellar]Primarina||AssaultVest|LiquidVoice|HyperVoice,Moonblast,IcyWind,TeraBlast|||F|||50|,,,,,Poison
|inactive|Battle timer is ON: inactive players will automatically lose when time's up. (requested by Alysa Liu)
|
|t:|1756906720
|teamsize|p1|4
|teamsize|p2|4
|start
|switch|p1a: Torkoal|Torkoal, L50, F|100/100
|switch|p1b: Typhlosion|Typhlosion-Hisui, L50, F|100/100
|switch|p2a: Sneasler|Sneasler, L50, M|100/100
|switch|p2b: Dragonite|Dragonite, L50, F|100/100
|-weather|SunnyDay|[from] ability: Drought|[of] p1a: Torkoal
|turn|1
|
|t:|1756906741
|switch|p1b: Dachsbun|Dachsbun, L50, M|100/100
|move|p2a: Sneasler|Protect|p2a: Sneasler
|-singleturn|p2a: Sneasler|Protect
|move|p2b: Dragonite|Tailwind|p2b: Dragonite
|-sidestart|p2: RamonTheKiller|move: Tailwind
|move|p1a: Torkoal|Lava Plume|p2a: Sneasler|[spread] p2b
|-activate|p2a: Sneasler|move: Protect
|-ability|p1b: Dachsbun|Well-Baked Body|boost
|-boost|p1b: Dachsbun|def|2
|-resisted|p2b: Dragonite
|-damage|p2b: Dragonite|93/100
|
|-weather|SunnyDay|[upkeep]
|upkeep
|turn|2
|
|t:|1756906758
|move|p2a: Sneasler|Dire Claw|p1a: Torkoal
|-crit|p1a: Torkoal
|-damage|p1a: Torkoal|54/100
|move|p2b: Dragonite|Haze|p2b: Dragonite
|-clearallboost
|move|p1b: Dachsbun|Body Press|p2a: Sneasler
|-resisted|p2a: Sneasler
|-damage|p2a: Sneasler|79/100
|move|p1a: Torkoal|Lava Plume|p2b: Dragonite|[spread] p2a,p2b
|-ability|p1b: Dachsbun|Well-Baked Body|boost
|-boost|p1b: Dachsbun|def|2
|-resisted|p2b: Dragonite
|-damage|p2a: Sneasler|39/100
|-damage|p2b: Dragonite|76/100
|-status|p2a: Sneasler|brn
|
|-weather|SunnyDay|[upkeep]
|-damage|p2a: Sneasler|33/100 brn|[from] brn
|upkeep
|turn|3
|
|t:|1756906777
|move|p2a: Sneasler|Dire Claw|p1b: Dachsbun
|-supereffective|p1b: Dachsbun
|-damage|p1b: Dachsbun|84/100
|-status|p1b: Dachsbun|psn
|move|p2b: Dragonite|Haze|p2b: Dragonite
|-clearallboost
|move|p1b: Dachsbun|Body Press|p2b: Dragonite
|-resisted|p2b: Dragonite
|-damage|p2b: Dragonite|61/100
|move|p1a: Torkoal|Lava Plume|p2a: Sneasler|[spread] p2a,p2b
|-ability|p1b: Dachsbun|Well-Baked Body|boost
|-boost|p1b: Dachsbun|def|2
|-resisted|p2b: Dragonite
|-damage|p2a: Sneasler|0 fnt
|-damage|p2b: Dragonite|47/100
|faint|p2a: Sneasler
|
|-weather|SunnyDay|[upkeep]
|-heal|p1b: Dachsbun|90/100 psn|[from] item: Leftovers
|-damage|p1b: Dachsbun|78/100 psn|[from] psn
|upkeep
|
|t:|1756906800
|switch|p2a: Primarina|Primarina, L50, F|100/100
|turn|4
|
|t:|1756906812
|-terastallize|p1b: Dachsbun|Steel
|move|p2b: Dragonite|Scale Shot|p1a: Torkoal
|-damage|p1a: Torkoal|46/100
|-enditem|p1a: Torkoal|Sitrus Berry|[eat]
|-heal|p1a: Torkoal|71/100|[from] item: Sitrus Berry
|-damage|p1a: Torkoal|61/100
|-damage|p1a: Torkoal|52/100
|-damage|p1a: Torkoal|43/100
|-hitcount|p1a: Torkoal|4
|-unboost|p2b: Dragonite|def|1
|-boost|p2b: Dragonite|spe|1
|move|p2a: Primarina|Hyper Voice|p1a: Torkoal|[spread] p1a,p1b
|-supereffective|p1a: Torkoal
|-damage|p1a: Torkoal|8/100
|-damage|p1b: Dachsbun|55/100 psn
|move|p1b: Dachsbun|Body Press|p2b: Dragonite
|-resisted|p2b: Dragonite
|-damage|p2b: Dragonite|2/100
|move|p1a: Torkoal|Lava Plume|p2b: Dragonite|[spread] p2a,p2b
|-ability|p1b: Dachsbun|Well-Baked Body|boost
|-boost|p1b: Dachsbun|def|2
|-resisted|p2a: Primarina
|-resisted|p2b: Dragonite
|-damage|p2a: Primarina|93/100
|-damage|p2b: Dragonite|0 fnt
|faint|p2b: Dragonite
|
|-weather|SunnyDay|[upkeep]
|-heal|p1b: Dachsbun|61/100 psn|[from] item: Leftovers
|-damage|p1b: Dachsbun|49/100 psn|[from] psn
|-sideend|p2: RamonTheKiller|move: Tailwind
|upkeep
|inactive|RamonTheKiller has 30 seconds left.
|
|t:|1756906841
|switch|p2b: Incineroar|Incineroar, L50, F|100/100
|-ability|p2b: Incineroar|Intimidate|boost
|-unboost|p1a: Torkoal|atk|1
|-unboost|p1b: Dachsbun|atk|1
|turn|5
|
|t:|1756906850
|move|p1b: Dachsbun|Protect|p1b: Dachsbun
|-singleturn|p1b: Dachsbun|Protect
|move|p2b: Incineroar|Fake Out|p1b: Dachsbun
|-activate|p1b: Dachsbun|move: Protect
|move|p2a: Primarina|Hyper Voice|p1a: Torkoal|[spread] p1a
|-activate|p1b: Dachsbun|move: Protect
|-supereffective|p1a: Torkoal
|-damage|p1a: Torkoal|0 fnt
|faint|p1a: Torkoal
|
|-weather|none
|-heal|p1b: Dachsbun|55/100 psn|[from] item: Leftovers
|-damage|p1b: Dachsbun|43/100 psn|[from] psn
|upkeep
|
|t:|1756906859
|switch|p1a: Rillaboom|Rillaboom, L50, M|100/100
|-fieldstart|move: Grassy Terrain|[from] ability: Grassy Surge|[of] p1a: Rillaboom
|turn|6
|
|t:|1756906879
|-terastallize|p2b: Incineroar|Ghost
|move|p2b: Incineroar|Flare Blitz|p1a: Rillaboom
|-supereffective|p1a: Rillaboom
|-damage|p1a: Rillaboom|18/100
|-damage|p2b: Incineroar|73/100|[from] Recoil
|move|p1b: Dachsbun|Body Press|p2b: Incineroar
|-immune|p2b: Incineroar
|move|p1a: Rillaboom|Wood Hammer|p2a: Primarina
|-supereffective|p2a: Primarina
|-damage|p2a: Primarina|0 fnt
|faint|p2a: Primarina
|-damage|p1a: Rillaboom|0 fnt|[from] Recoil
|faint|p1a: Rillaboom
|
|-heal|p2b: Incineroar|79/100|[from] Grassy Terrain
|-heal|p1b: Dachsbun|49/100 psn|[from] Grassy Terrain
|-heal|p1b: Dachsbun|55/100 psn|[from] item: Leftovers
|-damage|p1b: Dachsbun|43/100 psn|[from] psn
|upkeep
|
|t:|1756906889
|switch|p1a: Typhlosion|Typhlosion-Hisui, L50, F|100/100
|turn|7
|-message|RamonTheKiller forfeited.
|
|win|Alysa Liu
|raw|Alysa Liu's rating: 1365 → 1378(+13 for winning)
|raw|RamonTheKiller's rating: 1240 → 1224(-16 for losing)
|l|☆Alysa Liu
|player|p1|
