|j|☆Eggy’sDad
|j|☆natsukivgc
|html|Eggy’sDadnatsukivgc    
|uhtml|bestof|Game 3 of a best-of-3
|t:|1785481212
|gametype|doubles
|player|p1|Eggy’sDad|101|1093
|player|p2|natsukivgc|1|1200
|gen|9
|tier|[Gen 9 Champions] VGC 2026 Reg M-B (Bo3)
|rated|
|rule|Species Clause: Limit one of each Pokémon
|rule|Item Clause: Limit 1 of each item
|clearpoke
|poke|p1|Pyroar, L50, F|
|poke|p1|Whimsicott, L50, M|
|poke|p1|Ninetales, L50, M|
|poke|p1|Farigiraf, L50, M|
|poke|p1|Basculegion, L50, M|
|poke|p1|Floette-Eternal, L50, F|
|poke|p2|Charizard, L50, M|
|poke|p2|Sneasler, L50, M|
|poke|p2|Kingambit, L50, M|
|poke|p2|Dragonite, L50, M|
|poke|p2|Floette-Eternal, L50, F|
|poke|p2|Whimsicott, L50, F|
|teampreview|4
|showteam|p1|Pyroar||Pyroarite|Unnerve|HeatWave,SolarBeam,Overheat,Protect|Timid||F|||50|]Whimsicott||FocusSash|Prankster|Moonblast,Tailwind,SunnyDay,Protect|Timid||M|||50|]Ninetales||ChoiceScarf|Drought|Overheat,HeatWave,SolarBeam,FakeTears|Modest||M|||50|]Farigiraf||SitrusBerry|ArmorTail|Thunderbolt,TwinBeam,TrickRoom,HelpingHand|Bold||M|||50|]Basculegion||LifeOrb|Adaptability|WaveCrash,LastRespects,AquaJet,Protect|Adamant||M|||50|]Floette-Eternal||Floettite|FlowerVeil|Moonblast,DazzlingGleam,LightofRuin,Protect|Timid||F|||50|
|showteam|p2|Charizard||CharizarditeY|Blaze|HeatWave,SolarBeam,WeatherBall,Protect|Modest||M|||50|]Sneasler||WhiteHerb|Unburden|CloseCombat,DireClaw,FakeOut,Coaching|Jolly||M|||50|]Kingambit||BlackGlasses|Defiant|KowtowCleave,SuckerPunch,SwordsDance,Protect|Adamant||M|||50|]Dragonite||LifeOrb|InnerFocus|DragonClaw,LowKick,ExtremeSpeed,Protect|Adamant||M|||50|]Floette-Eternal||Floettite|FlowerVeil|Moonblast,DazzlingGleam,LightofRuin,Protect|Modest||F|||50|]Whimsicott||FocusSash|Prankster|Moonblast,Tailwind,Encore,Protect|Timid||F|||50|
|inactive|Battle timer is ON: inactive players will automatically lose when time's up. (requested by natsukivgc)
|
|t:|1785481277
|teamsize|p1|4
|teamsize|p2|4
|start
|switch|p1a: Whimsicott|Whimsicott, L50, M|100/100
|switch|p1b: Basculegion|Basculegion, L50, M|100/100
|switch|p2a: Whimsicott|Whimsicott, L50, F|100/100
|switch|p2b: Charizard|Charizard, L50, M|100/100
|turn|1
|
|t:|1785481299
|detailschange|p2b: Charizard|Charizard-Mega-Y, L50, M
|-mega|p2b: Charizard|Charizard|Charizardite Y
|-weather|SunnyDay|[from] ability: Drought|[of] p2b: Charizard
|move|p1a: Whimsicott|Tailwind|p1a: Whimsicott
|-sidestart|p1: Eggy’sDad|move: Tailwind
|move|p2a: Whimsicott|Tailwind|p2a: Whimsicott
|-sidestart|p2: natsukivgc|move: Tailwind
|move|p2b: Charizard|Solar Beam||[still]
|-prepare|p2b: Charizard|Solar Beam
|-anim|p2b: Charizard|Solar Beam|p1b: Basculegion
|-supereffective|p1b: Basculegion|1
|-damage|p1b: Basculegion|0 fnt
|faint|p1b: Basculegion
|
|-weather|SunnyDay|[upkeep]
|upkeep
|
|t:|1785481312
|switch|p1b: Pyroar|Pyroar, L50, F|100/100
|-ability|p1b: Pyroar|Unnerve
|turn|2
|
|t:|1785481333
|detailschange|p1b: Pyroar|Pyroar-Mega, L50, F
|-mega|p1b: Pyroar|Pyroar|Pyroarite
|move|p1b: Pyroar|Overheat|p2b: Charizard
|-resisted|p2b: Charizard|1
|-damage|p2b: Charizard|31/100
|-unboost|p1b: Pyroar|spa|2
|move|p1a: Whimsicott|Moonblast|p2b: Charizard
|-resisted|p2b: Charizard|1
|-damage|p2b: Charizard|16/100
|-unboost|p2b: Charizard|spa|1
|move|p2a: Whimsicott|Moonblast|p1a: Whimsicott
|-damage|p1a: Whimsicott|45/100
|-unboost|p1a: Whimsicott|spa|1
|move|p2b: Charizard|Heat Wave|p1a: Whimsicott|[spread] p1a,p1b
|-supereffective|p1a: Whimsicott|1
|-resisted|p1b: Pyroar|1
|-damage|p1a: Whimsicott|0 fnt
|-damage|p1b: Pyroar|72/100
|faint|p1a: Whimsicott
|
|-weather|SunnyDay|[upkeep]
|upkeep
|
|t:|1785481354
|switch|p1a: Farigiraf|Farigiraf, L50, M|100/100
|turn|3
|inactive|natsukivgc has 30 seconds left.
|inactive|natsukivgc has 20 seconds left.
|
|t:|1785481392
|move|p1a: Farigiraf|Helping Hand|p1b: Pyroar
|-singleturn|p1b: Pyroar|Helping Hand|[of] p1a: Farigiraf
|move|p2a: Whimsicott|Encore||[still]
|cant|p1a: Farigiraf|ability: Armor Tail|Encore|[of] p2a: Whimsicott
|move|p1b: Pyroar|Heat Wave|p2a: Whimsicott|[spread] p2a,p2b
|-supereffective|p2a: Whimsicott|1
|-resisted|p2b: Charizard|1
|-enditem|p2a: Whimsicott|Focus Sash
|-damage|p2a: Whimsicott|1/100
|-damage|p2b: Charizard|0 fnt
|-status|p2a: Whimsicott|brn
|faint|p2b: Charizard
|
|-weather|SunnyDay|[upkeep]
|-damage|p2a: Whimsicott|0 fnt|[from] brn
|faint|p2a: Whimsicott
|upkeep
|
|t:|1785481411
|switch|p2a: Kingambit|Kingambit, L50, M|100/100
|switch|p2b: Dragonite|Dragonite, L50, M|100/100
|turn|4
|inactive|Eggy’sDad has 30 seconds left.
|inactive|natsukivgc has 30 seconds left.
|
|t:|1785481442
|move|p1b: Pyroar|Protect|p1b: Pyroar
|-singleturn|p1b: Pyroar|Protect
|move|p2b: Dragonite|Low Kick|p1a: Farigiraf
|-crit|p1a: Farigiraf
|-damage|p1a: Farigiraf|34/100
|-enditem|p1a: Farigiraf|Sitrus Berry|[eat]
|-heal|p1a: Farigiraf|59/100|[from] item: Sitrus Berry
|-damage|p2b: Dragonite|90/100|[from] item: Life Orb
|move|p1a: Farigiraf|Thunderbolt|p2b: Dragonite
|-damage|p2b: Dragonite|66/100
|move|p2a: Kingambit|Kowtow Cleave|p1a: Farigiraf
|-supereffective|p1a: Farigiraf|1
|-damage|p1a: Farigiraf|0 fnt
|faint|p1a: Farigiraf
|
|-weather|SunnyDay|[upkeep]
|-sideend|p2: natsukivgc|move: Tailwind
|-sideend|p1: Eggy’sDad|move: Tailwind
|upkeep
|turn|5
|
|t:|1785481460
|move|p2a: Kingambit|Sucker Punch|p1b: Pyroar
|-damage|p1b: Pyroar|22/100
|move|p1b: Pyroar|Heat Wave|p2a: Kingambit|[spread] p2a,p2b
|-supereffective|p2a: Kingambit|1
|-resisted|p2b: Dragonite|1
|-damage|p2a: Kingambit|35/100
|-damage|p2b: Dragonite|46/100
|-status|p2a: Kingambit|brn
|move|p2b: Dragonite|Low Kick|p1b: Pyroar
|-supereffective|p1b: Pyroar|1
|-damage|p1b: Pyroar|0 fnt
|faint|p1b: Pyroar
|-damage|p2b: Dragonite|36/100|[from] item: Life Orb
|
|win|natsukivgc
|raw|Eggy’sDad's rating: 1093 → 1076(-17 for losing)
|raw|natsukivgc's rating: 1200 → 1218(+18 for winning)
