|j|☆raksbach
|j|☆returningto
|html|raksbachreturningto    
|uhtml|bestof|Game 1 of a best-of-3
|t:|1782995094
|gametype|doubles
|player|p1|raksbach|2|1181
|player|p2|returningto|169|1085
|gen|9
|tier|[Gen 9 Champions] VGC 2026 Reg M-B (Bo3)
|rated|
|rule|Species Clause: Limit one of each Pokémon
|rule|Item Clause: Limit 1 of each item
|clearpoke
|poke|p1|Incineroar, L50, M|
|poke|p1|Maushold, L50|
|poke|p1|Sinistcha, L50|
|poke|p1|Sneasler, L50, F|
|poke|p1|Blastoise, L50, M|
|poke|p1|Delphox, L50, M|
|poke|p2|Grimmsnarl, L50, M|
|poke|p2|Venusaur, L50, F|
|poke|p2|Farigiraf, L50, F|
|poke|p2|Aerodactyl, L50, F|
|poke|p2|Tauros-Paldea-Aqua, L50, M|
|poke|p2|Ninetales-Alola, L50, M|
|teampreview|4
|showteam|p1|Incineroar||SitrusBerry|Intimidate|FakeOut,FlareBlitz,ThroatChop,PartingShot|Impish||M|||50|]Maushold||ChopleBerry|FriendGuard|SuperFang,Feint,FollowMe,Protect|Impish|||||50|]Sinistcha||KasibBerry|Hospitality|MatchaGotcha,LifeDew,RagePowder,Protect|Bold|||||50|]Sneasler||FocusSash|PoisonTouch|FakeOut,CloseCombat,DireClaw,QuickGuard|Jolly||F|||50|]Blastoise||Blastoisinite|RainDish|WaterSpout,DarkPulse,ShellSmash,Protect|Modest||M|||50|]Delphox||Delphoxite|Blaze|HeatWave,Psyshock,NastyPlot,Protect|Timid||M|||50|
|showteam|p2|Grimmsnarl||LightClay|Prankster|LightScreen,Reflect,SpiritBreak,PartingShot|Careful||M|||50|]Venusaur||Venusaurite|Overgrow|GigaDrain,LeechSeed,Protect,SludgeBomb|Bold||F|||50|]Farigiraf||SitrusBerry|ArmorTail|HyperVoice,Protect,TwinBeam,TrickRoom|Quiet||F|||50|]Aerodactyl||FocusSash|RockHead|DualWingbeat,RockSlide,Tailwind,Protect|Jolly||F|||50|]Tauros-Paldea-Aqua||LifeOrb|Intimidate|AquaJet,CloseCombat,RagingBull,Protect|Jolly||M|||50|]Ninetales-Alola||IcyRock|SnowWarning|AuroraVeil,Protect,Blizzard,Encore|Timid||M|||50|
|inactive|Battle timer is ON: inactive players will automatically lose when time's up. (requested by raksbach)
|inactive|raksbach has 60 seconds left.
|inactive|returningto has 60 seconds left.
|inactive|raksbach has 30 seconds left.
|inactive|returningto has 30 seconds left.
|inactive|raksbach has 20 seconds left.
|inactive|returningto has 20 seconds left.
|inactive|returningto has 15 seconds left.
|inactive|returningto has 10 seconds left.
|
|t:|1782995176
|teamsize|p1|4
|teamsize|p2|4
|start
|switch|p1a: Maushold|Maushold, L50|100/100
|switch|p1b: Blastoise|Blastoise, L50, M|100/100
|switch|p2a: Grimmsnarl|Grimmsnarl, L50, M|100/100
|switch|p2b: Aerodactyl|Aerodactyl, L50, F|100/100
|turn|1
|inactive|raksbach has 30 seconds left.
|inactive|returningto has 30 seconds left.
|inactive|returningto has 20 seconds left.
|inactive|returningto has 15 seconds left.
|inactive|returningto has 10 seconds left.
|inactive|returningto has 5 seconds left.
|
|t:|1782995227
|detailschange|p1b: Blastoise|Blastoise-Mega, L50, M
|-mega|p1b: Blastoise|Blastoise|Blastoisinite
|move|p2a: Grimmsnarl|Light Screen|p2a: Grimmsnarl
|-sidestart|p2: returningto|move: Light Screen
|move|p2b: Aerodactyl|Rock Slide|p1a: Maushold|[spread] p1a,p1b
|-damage|p1a: Maushold|75/100
|-damage|p1b: Blastoise|81/100
|move|p1a: Maushold|Super Fang|p2b: Aerodactyl
|-damage|p2b: Aerodactyl|50/100g
|move|p1b: Blastoise|Shell Smash|p1b: Blastoise
|-unboost|p1b: Blastoise|def|1
|-unboost|p1b: Blastoise|spd|1
|-boost|p1b: Blastoise|atk|2
|-boost|p1b: Blastoise|spa|2
|-boost|p1b: Blastoise|spe|2
|
|upkeep
|turn|2
|inactive|returningto has 30 seconds left.
|inactive|returningto has 20 seconds left.
|inactive|returningto has 15 seconds left.
|inactive|returningto has 10 seconds left.
|
|t:|1782995272
|move|p2b: Aerodactyl|Protect|p2b: Aerodactyl
|-singleturn|p2b: Aerodactyl|Protect
|move|p1a: Maushold|Follow Me|p1a: Maushold
|-singleturn|p1a: Maushold|move: Follow Me
|move|p2a: Grimmsnarl|Parting Shot|p1a: Maushold
|-unboost|p1a: Maushold|atk|1
|-unboost|p1a: Maushold|spa|1
|
|t:|1782995279
|switch|p2a: Tauros|Tauros-Paldea-Aqua, L50, M|100/100|[from] Parting Shot
|-ability|p2a: Tauros|Intimidate|boost
|-unboost|p1a: Maushold|atk|1
|-unboost|p1b: Blastoise|atk|1
|move|p1b: Blastoise|Water Spout|p2b: Aerodactyl|[spread] p2a
|-activate|p2b: Aerodactyl|move: Protect
|-resisted|p2a: Tauros|1
|-damage|p2a: Tauros|44/100
|
|upkeep
|turn|3
|
|t:|1782995299
|move|p1a: Maushold|Follow Me|p1a: Maushold
|-singleturn|p1a: Maushold|move: Follow Me
|move|p1b: Blastoise|Water Spout|p2b: Aerodactyl|[spread] p2a,p2b
|-resisted|p2a: Tauros|1
|-supereffective|p2b: Aerodactyl|1
|-damage|p2a: Tauros|0 fnt
|-damage|p2b: Aerodactyl|0 fnt
|faint|p2a: Tauros
|faint|p2b: Aerodactyl
|
|upkeep
|
|t:|1782995307
|switch|p2b: Grimmsnarl|Grimmsnarl, L50, M|100/100
|switch|p2a: Venusaur|Venusaur, L50, F|100/100
|turn|4
|
|t:|1782995329
|detailschange|p2a: Venusaur|Venusaur-Mega, L50, F
|-mega|p2a: Venusaur|Venusaur|Venusaurite
|move|p1a: Maushold|Follow Me|p1a: Maushold
|-singleturn|p1a: Maushold|move: Follow Me
|move|p1b: Blastoise|Water Spout|p2b: Grimmsnarl|[spread] p2a,p2b
|-resisted|p2a: Venusaur|1
|-damage|p2a: Venusaur|72/100
|-damage|p2b: Grimmsnarl|48/100
|move|p2a: Venusaur|Giga Drain|p1a: Maushold
|-damage|p1a: Maushold|41/100
|-heal|p2a: Venusaur|88/100|[from] drain|[of] p1a: Maushold
|move|p2b: Grimmsnarl|Spirit Break|p1a: Maushold
|-damage|p1a: Maushold|10/100
|-unboost|p1a: Maushold|spa|1
|
|upkeep
|turn|5
|inactive|returningto has 30 seconds left.
|
|t:|1782995355
|move|p1a: Maushold|Follow Me|p1a: Maushold
|-singleturn|p1a: Maushold|move: Follow Me
|move|p2b: Grimmsnarl|Reflect|p2b: Grimmsnarl
|-sidestart|p2: returningto|Reflect
|move|p1b: Blastoise|Water Spout|p2b: Grimmsnarl|[spread] p2a,p2b
|-resisted|p2a: Venusaur|1
|-damage|p2a: Venusaur|58/100
|-damage|p2b: Grimmsnarl|0 fnt
|faint|p2b: Grimmsnarl
|move|p2a: Venusaur|Giga Drain|p1a: Maushold
|-damage|p1a: Maushold|0 fnt
|-heal|p2a: Venusaur|64/100|[from] drain|[of] p1a: Maushold
|faint|p1a: Maushold
|
|upkeep
|
|t:|1782995371
|switch|p1a: Sinistcha|Sinistcha, L50|100/100
|-heal|p1b: Blastoise|100/100|[from] ability: Hospitality|[of] p1a: Sinistcha
|turn|6
|
|t:|1782995380
|move|p1a: Sinistcha|Rage Powder|p1a: Sinistcha
|-singleturn|p1a: Sinistcha|move: Rage Powder
|move|p1b: Blastoise|Shell Smash|p1b: Blastoise
|-unboost|p1b: Blastoise|def|1
|-unboost|p1b: Blastoise|spd|1
|-boost|p1b: Blastoise|atk|2
|-boost|p1b: Blastoise|spa|2
|-boost|p1b: Blastoise|spe|2
|move|p2a: Venusaur|Giga Drain|p1b: Blastoise
|-supereffective|p1b: Blastoise|1
|-damage|p1b: Blastoise|0 fnt
|-heal|p2a: Venusaur|100/100|[from] drain|[of] p1b: Blastoise
|faint|p1b: Blastoise
|
|upkeep
|c|☆raksbach|XD
|
|t:|1782995400
|switch|p1b: Incineroar|Incineroar, L50, M|100/100
|-ability|p1b: Incineroar|Intimidate|boost
|-unboost|p2a: Venusaur|atk|1
|turn|7
|
|t:|1782995416
|move|p1b: Incineroar|Fake Out|p2a: Venusaur
|-damage|p2a: Venusaur|95/100
|cant|p2a: Venusaur|flinch
|move|p1a: Sinistcha|Matcha Gotcha|p2a: Venusaur
|-resisted|p2a: Venusaur|2
|-damage|p2a: Venusaur|90/100
|
|upkeep
|turn|8
|
|t:|1782995439
|move|p2a: Venusaur|Leech Seed|p1b: Incineroar
|-start|p1b: Incineroar|move: Leech Seed
|move|p1a: Sinistcha|Matcha Gotcha|p2a: Venusaur
|-resisted|p2a: Venusaur|2
|-damage|p2a: Venusaur|86/100
|move|p1b: Incineroar|Flare Blitz|p2a: Venusaur
|-supereffective|p2a: Venusaur|1
|-damage|p2a: Venusaur|67/100
|-damage|p1b: Incineroar|94/100|[from] Recoil
|
|-damage|p1b: Incineroar|81/100|[from] Leech Seed|[of] p2a: Venusaur
|-heal|p2a: Venusaur|80/100|[silent]
|-sideend|p2: returningto|move: Light Screen
|upkeep
|turn|9
|inactive|returningto has 30 seconds left.
|
|t:|1782995470
|move|p2a: Venusaur|Sludge Bomb|p1a: Sinistcha
|-damage|p1a: Sinistcha|62/100
|move|p1a: Sinistcha|Life Dew|p1a: Sinistcha|[spread] p1a,p1b
|-heal|p1a: Sinistcha|88/100
|-heal|p1b: Incineroar|100/100
|move|p1b: Incineroar|Flare Blitz|p2a: Venusaur
|-supereffective|p2a: Venusaur|1
|-damage|p2a: Venusaur|61/100
|-damage|p1b: Incineroar|94/100|[from] Recoil
|
|-damage|p1b: Incineroar|81/100|[from] Leech Seed|[of] p2a: Venusaur
|-heal|p2a: Venusaur|74/100|[silent]
|upkeep
|turn|10
|
|t:|1782995494
|move|p2a: Venusaur|Sludge Bomb|p1a: Sinistcha
|-damage|p1a: Sinistcha|52/100
|move|p1a: Sinistcha|Matcha Gotcha|p2a: Venusaur
|-resisted|p2a: Venusaur|2
|-damage|p2a: Venusaur|67/100
|-heal|p1a: Sinistcha|56/100|[from] drain|[of] p2a: Venusaur
|move|p1b: Incineroar|Flare Blitz|p2a: Venusaur
|-supereffective|p2a: Venusaur|1
|-damage|p2a: Venusaur|48/100
|-damage|p1b: Incineroar|75/100|[from] Recoil
|
|-damage|p1b: Incineroar|63/100|[from] Leech Seed|[of] p2a: Venusaur
|-heal|p2a: Venusaur|62/100|[silent]
|upkeep
|turn|11
|
|t:|1782995511
|move|p1a: Sinistcha|Protect|p1a: Sinistcha
|-singleturn|p1a: Sinistcha|Protect
|move|p2a: Venusaur|Sludge Bomb|p1a: Sinistcha
|-activate|p1a: Sinistcha|move: Protect
|move|p1b: Incineroar|Flare Blitz|p2a: Venusaur
|-supereffective|p2a: Venusaur|1
|-damage|p2a: Venusaur|42/100
|-status|p2a: Venusaur|brn
|-damage|p1b: Incineroar|57/100|[from] Recoil
|
|-damage|p1b: Incineroar|44/100|[from] Leech Seed|[of] p2a: Venusaur
|-heal|p2a: Venusaur|56/100 brn|[silent]
|-damage|p2a: Venusaur|50/100g brn|[from] brn
|upkeep
|-enditem|p1b: Incineroar|Sitrus Berry|[eat]
|-heal|p1b: Incineroar|69/100|[from] item: Sitrus Berry
|turn|12
|inactive|returningto has 30 seconds left.
|
|t:|1782995537
|move|p2a: Venusaur|Sludge Bomb|p1a: Sinistcha
|-damage|p1a: Sinistcha|19/100
|move|p1a: Sinistcha|Life Dew|p1a: Sinistcha|[spread] p1a,p1b
|-heal|p1a: Sinistcha|44/100
|-heal|p1b: Incineroar|94/100
|move|p1b: Incineroar|Flare Blitz|p2a: Venusaur
|-supereffective|p2a: Venusaur|1
|-damage|p2a: Venusaur|30/100 brn
|-damage|p1b: Incineroar|88/100|[from] Recoil
|
|-damage|p1b: Incineroar|76/100|[from] Leech Seed|[of] p2a: Venusaur
|-heal|p2a: Venusaur|43/100 brn|[silent]
|-damage|p2a: Venusaur|37/100 brn|[from] brn
|-sideend|p2: returningto|Reflect
|upkeep
|turn|13
|
|t:|1782995553
|move|p2a: Venusaur|Protect|p2a: Venusaur
|-singleturn|p2a: Venusaur|Protect
|move|p1a: Sinistcha|Life Dew|p1a: Sinistcha|[spread] p1a,p1b
|-heal|p1a: Sinistcha|69/100
|-heal|p1b: Incineroar|100/100
|move|p1b: Incineroar|Flare Blitz|p2a: Venusaur
|-activate|p2a: Venusaur|move: Protect
|
|-damage|p1b: Incineroar|87/100|[from] Leech Seed|[of] p2a: Venusaur
|-heal|p2a: Venusaur|51/100 brn|[silent]
|-damage|p2a: Venusaur|45/100 brn|[from] brn
|upkeep
|turn|14
|
|t:|1782995575
|move|p2a: Venusaur|Sludge Bomb|p1b: Incineroar
|-damage|p1b: Incineroar|54/100
|move|p1a: Sinistcha|Life Dew|p1a: Sinistcha|[spread] p1a,p1b
|-heal|p1a: Sinistcha|94/100
|-heal|p1b: Incineroar|79/100
|move|p1b: Incineroar|Flare Blitz|p2a: Venusaur
|-supereffective|p2a: Venusaur|1
|-damage|p2a: Venusaur|18/100 brn
|-damage|p1b: Incineroar|71/100|[from] Recoil
|
|-damage|p1b: Incineroar|58/100|[from] Leech Seed|[of] p2a: Venusaur
|-heal|p2a: Venusaur|32/100 brn|[silent]
|-damage|p2a: Venusaur|26/100 brn|[from] brn
|upkeep
|turn|15
|
|t:|1782995589
|move|p2a: Venusaur|Sludge Bomb|p1a: Sinistcha
|-damage|p1a: Sinistcha|59/100
|move|p1a: Sinistcha|Life Dew|p1a: Sinistcha|[spread] p1a,p1b
|-heal|p1a: Sinistcha|84/100
|-heal|p1b: Incineroar|83/100
|move|p1b: Incineroar|Flare Blitz|p2a: Venusaur
|-supereffective|p2a: Venusaur|1
|-damage|p2a: Venusaur|0 fnt
|faint|p2a: Venusaur
|-damage|p1b: Incineroar|75/100|[from] Recoil
|
|win|raksbach
