|j|☆raylof
|j|☆C.blaze
|html|raylofC.blaze    
|uhtml|bestof|Game 1 of a best-of-3
|t:|1757722667
|gametype|doubles
|player|p1|raylof|266|1335
|player|p2|C.blaze|266|1352
|gen|9
|tier|[Gen 9] VGC 2025 Reg H (Bo3)
|rated|
|rule|Species Clause: Limit one of each Pokémon
|rule|Item Clause: Limit 1 of each item
|clearpoke
|poke|p1|Dragonite, L50, F|
|poke|p1|Ursaluna-Bloodmoon, L50, M|
|poke|p1|Gholdengo, L50|
|poke|p1|Incineroar, L50, M|
|poke|p1|Amoonguss, L50, F|
|poke|p1|Sneasler, L50, M|
|poke|p2|Tyranitar, L50, F|
|poke|p2|Gholdengo, L50|
|poke|p2|Salamence, L50, F|
|poke|p2|Amoonguss, L50, F|
|poke|p2|Porygon2, L50|
|poke|p2|Tauros-Paldea-Blaze, L50, M|
|teampreview|4
|showteam|p1|Dragonite||LoadedDice|Multiscale|Protect,ScaleShot,Haze,Tailwind|||F|||50|,,,,,Fairy]Ursaluna-Bloodmoon||AssaultVest|MindsEye|HyperVoice,BloodMoon,EarthPower,VacuumWave|||M|||50|,,,,,Water]Gholdengo||LifeOrb|GoodasGold|Protect,MakeItRain,ShadowBall,NastyPlot||||||50|,,,,,Water]Incineroar||SafetyGoggles|Intimidate|FlareBlitz,KnockOff,FakeOut,PartingShot|||M|||50|,,,,,Ghost]Amoonguss||SitrusBerry|Regenerator|Protect,PollenPuff,Spore,RagePowder|||F|||50|,,,,,Water]Sneasler||FocusSash|Unburden|Protect,DireClaw,CloseCombat,ThroatChop|||M|||50|,,,,,Stellar
|showteam|p2|Tyranitar||AssaultVest|SandStream|RockSlide,KnockOff,TeraBlast,LowKick|||F|||50|,,,,,Flying]Gholdengo||LifeOrb|GoodasGold|MakeItRain,ShadowBall,Protect,NastyPlot||||||50|,,,,,Water]Salamence||CovertCloak|Intimidate|DracoMeteor,Flamethrower,Protect,Tailwind|||F|||50|,,,,,Steel]Amoonguss||MentalHerb|Regenerator|ClearSmog,PollenPuff,Spore,RagePowder|||F|||50|,,,,,Water]Porygon2||Eviolite|Download|TeraBlast,IceBeam,Recover,TrickRoom||||||50|,,,,,Fighting]Tauros-Paldea-Blaze||SafetyGoggles|Intimidate|RagingBull,WillOWisp,Protect,CloseCombat|||M|||50|,,,,,Water
|inactive|Battle timer is ON: inactive players will automatically lose when time's up. (requested by C.blaze)
|inactive|raylof has 60 seconds left.
|
|t:|1757722741
|teamsize|p1|4
|teamsize|p2|4
|start
|switch|p1a: Dragonite|Dragonite, L50, F|100/100
|switch|p1b: Gholdengo|Gholdengo, L50|100/100
|switch|p2a: Tauros|Tauros-Paldea-Blaze, L50, M|100/100
|switch|p2b: Salamence|Salamence, L50, F|100/100
|-ability|p2b: Salamence|Intimidate|boost
|-unboost|p1a: Dragonite|atk|1
|-unboost|p1b: Gholdengo|atk|1
|-ability|p2a: Tauros|Intimidate|boost
|-unboost|p1a: Dragonite|atk|1
|-unboost|p1b: Gholdengo|atk|1
|turn|1
|inactive|raylof has 30 seconds left.
|inactive|C.blaze has 30 seconds left.
|inactive|raylof has 20 seconds left.
|inactive|C.blaze has 20 seconds left.
|inactive|raylof has 15 seconds left.
|inactive|raylof has 10 seconds left.
|inactive|raylof has 5 seconds left.
|
|t:|1757722793
|-terastallize|p1a: Dragonite|Fairy
|move|p1b: Gholdengo|Protect|p1b: Gholdengo
|-singleturn|p1b: Gholdengo|Protect
|move|p2b: Salamence|Tailwind|p2b: Salamence
|-sidestart|p2: C.blaze|move: Tailwind
|move|p2a: Tauros|Will-O-Wisp|p1a: Dragonite
|-status|p1a: Dragonite|brn
|move|p1a: Dragonite|Scale Shot|p2b: Salamence
|-supereffective|p2b: Salamence
|-damage|p2b: Salamence|91/100
|-supereffective|p2b: Salamence
|-damage|p2b: Salamence|80/100
|-supereffective|p2b: Salamence
|-damage|p2b: Salamence|70/100
|-supereffective|p2b: Salamence
|-damage|p2b: Salamence|61/100
|-supereffective|p2b: Salamence
|-damage|p2b: Salamence|52/100
|-hitcount|p2b: Salamence|5
|-unboost|p1a: Dragonite|def|1
|-boost|p1a: Dragonite|spe|1
|
|-damage|p1a: Dragonite|95/100 brn|[from] brn
|upkeep
|turn|2
|inactive|raylof has 30 seconds left.
|
|t:|1757722824
|switch|p1b: Incineroar|Incineroar, L50, M|100/100
|-ability|p1b: Incineroar|Intimidate|boost
|-unboost|p2a: Tauros|atk|1
|-unboost|p2b: Salamence|atk|1
|move|p2b: Salamence|Flamethrower|p1b: Incineroar
|-resisted|p1b: Incineroar
|-damage|p1b: Incineroar|89/100
|move|p2a: Tauros|Close Combat|p1b: Incineroar
|-supereffective|p1b: Incineroar
|-damage|p1b: Incineroar|16/100
|-unboost|p2a: Tauros|def|1
|-unboost|p2a: Tauros|spd|1
|move|p1a: Dragonite|Tailwind|p1a: Dragonite
|-sidestart|p1: raylof|move: Tailwind
|
|-damage|p1a: Dragonite|89/100 brn|[from] brn
|upkeep
|turn|3
|inactive|raylof has 30 seconds left.
|inactive|raylof has 20 seconds left.
|
|t:|1757722861
|switch|p2a: Gholdengo|Gholdengo, L50|100/100
|move|p1a: Dragonite|Scale Shot|p2b: Salamence|[miss]
|-miss|p1a: Dragonite|p2b: Salamence
|move|p2b: Salamence|Draco Meteor|p1b: Incineroar
|-damage|p1b: Incineroar|0 fnt
|-unboost|p2b: Salamence|spa|2
|faint|p1b: Incineroar
|
|-damage|p1a: Dragonite|83/100 brn|[from] brn
|upkeep
|
|t:|1757722871
|switch|p1b: Ursaluna|Ursaluna-Bloodmoon, L50, M|100/100
|turn|4
|
|t:|1757722895
|switch|p2b: Tauros|Tauros-Paldea-Blaze, L50, M|100/100
|-ability|p2b: Tauros|Intimidate|boost
|-unboost|p1a: Dragonite|atk|1
|-unboost|p1b: Ursaluna|atk|1
|-terastallize|p2a: Gholdengo|Water
|move|p1a: Dragonite|Scale Shot|p2b: Tauros
|-damage|p2b: Tauros|97/100
|-damage|p2b: Tauros|93/100
|-damage|p2b: Tauros|89/100
|-damage|p2b: Tauros|85/100
|-damage|p2b: Tauros|81/100
|-hitcount|p2b: Tauros|5
|-unboost|p1a: Dragonite|def|1
|-boost|p1a: Dragonite|spe|1
|move|p2a: Gholdengo|Make It Rain|p1a: Dragonite|[spread] p1a,p1b
|-supereffective|p1a: Dragonite
|-damage|p1a: Dragonite|0 fnt
|-damage|p1b: Ursaluna|57/100
|-unboost|p2a: Gholdengo|spa|1
|faint|p1a: Dragonite
|-damage|p2a: Gholdengo|91/100|[from] item: Life Orb
|move|p1b: Ursaluna|Blood Moon|p2b: Tauros
|-crit|p2b: Tauros
|-damage|p2b: Tauros|0 fnt
|faint|p2b: Tauros
|
|-sideend|p2: C.blaze|move: Tailwind
|upkeep
|inactive|raylof has 30 seconds left.
|
|t:|1757722921
|switch|p2b: Salamence|Salamence, L50, F|52/100
|switch|p1a: Gholdengo|Gholdengo, L50|100/100
|-ability|p2b: Salamence|Intimidate|boost
|-unboost|p1a: Gholdengo|atk|1
|-unboost|p1b: Ursaluna|atk|1
|turn|5
|inactive|raylof has 30 seconds left.
|
|t:|1757722950
|move|p2b: Salamence|Protect|p2b: Salamence
|-singleturn|p2b: Salamence|Protect
|move|p1a: Gholdengo|Shadow Ball|p2b: Salamence
|-activate|p2b: Salamence|move: Protect
|move|p1b: Ursaluna|Hyper Voice|p2a: Gholdengo|[spread] p2a
|-activate|p2b: Salamence|move: Protect
|-crit|p2a: Gholdengo
|-damage|p2a: Gholdengo|32/100
|move|p2a: Gholdengo|Shadow Ball|p1a: Gholdengo
|-supereffective|p1a: Gholdengo
|-damage|p1a: Gholdengo|11/100
|-damage|p2a: Gholdengo|22/100|[from] item: Life Orb
|
|-sideend|p1: raylof|move: Tailwind
|upkeep
|turn|6
|j| timmytheglueeater
|inactive|raylof has 30 seconds left.
|
|t:|1757722981
|move|p1a: Gholdengo|Protect|p1a: Gholdengo
|-singleturn|p1a: Gholdengo|Protect
|move|p2b: Salamence|Tailwind|p2b: Salamence
|-sidestart|p2: C.blaze|move: Tailwind
|move|p2a: Gholdengo|Make It Rain|p1b: Ursaluna|[spread] p1b
|-activate|p1a: Gholdengo|move: Protect
|-damage|p1b: Ursaluna|25/100
|-unboost|p2a: Gholdengo|spa|1
|-damage|p2a: Gholdengo|12/100|[from] item: Life Orb
|move|p1b: Ursaluna|Hyper Voice|p2b: Salamence|[spread] p2a,p2b
|-damage|p2a: Gholdengo|0 fnt
|-damage|p2b: Salamence|2/100
|faint|p2a: Gholdengo
|
|upkeep
|
|t:|1757722985
|switch|p2a: Tyranitar|Tyranitar, L50, F|100/100
|-weather|Sandstorm|[from] ability: Sand Stream|[of] p2a: Tyranitar
|turn|7
|
|t:|1757723001
|move|p1b: Ursaluna|Vacuum Wave|p2b: Salamence
|-resisted|p2b: Salamence
|-damage|p2b: Salamence|0 fnt
|faint|p2b: Salamence
|move|p1a: Gholdengo|Make It Rain|p2a: Tyranitar
|-supereffective|p2a: Tyranitar
|-damage|p2a: Tyranitar|40/100
|-unboost|p1a: Gholdengo|spa|1
|-damage|p1a: Gholdengo|2/100|[from] item: Life Orb
|move|p2a: Tyranitar|Low Kick|p1b: Ursaluna
|-supereffective|p1b: Ursaluna
|-damage|p1b: Ursaluna|0 fnt
|faint|p1b: Ursaluna
|
|-weather|Sandstorm|[upkeep]
|upkeep
|turn|8
|
|t:|1757723015
|move|p1a: Gholdengo|Make It Rain|p2a: Tyranitar
|-supereffective|p2a: Tyranitar
|-damage|p2a: Tyranitar|1/100
|-unboost|p1a: Gholdengo|spa|1
|-damage|p1a: Gholdengo|0 fnt|[from] item: Life Orb
|faint|p1a: Gholdengo
|
|win|C.blaze
|inactive|raylof has 30 seconds to confirm battle start!
|inactive|C.blaze has 30 seconds to confirm battle start!
|c|☆raylof|ttar the goat
||raylof is ready for game 2.
||C.blaze is ready for game 2.
|uhtml|next|Next: Game 2 of 3
|l| timmytheglueeater
