|j|☆buf0722shito
|j|☆mackerjuan
|html|buf0722shitomackerjuan    
|uhtml|bestof|Game 2 of a best-of-3
|t:|1756373095
|gametype|doubles
|player|p1|buf0722shito|170|1321
|player|p2|mackerjuan|2|1312
|gen|9
|tier|[Gen 9] VGC 2025 Reg H (Bo3)
|rated|
|rule|Species Clause: Limit one of each Pokémon
|rule|Item Clause: Limit 1 of each item
|clearpoke
|poke|p1|Annihilape, L50, M|
|poke|p1|Dondozo, L50, M|
|poke|p1|Garchomp, L50, M|
|poke|p1|Ninetales-Alola, L50, F|
|poke|p1|Gholdengo, L50|
|poke|p1|Rillaboom, L50, M|
|poke|p2|Incineroar, L50, F|
|poke|p2|Gholdengo, L50|
|poke|p2|Porygon2, L50|
|poke|p2|Ursaluna, L50, M|
|poke|p2|Amoonguss, L50, F|
|poke|p2|Hydreigon, L50, M|
|teampreview|4
|showteam|p1|Annihilape||SafetyGoggles|Defiant|BulkUp,Protect,RageFist,DrainPunch|||M|||50|,,,,,Fire]Dondozo||Leftovers|Unaware|Yawn,WaveCrash,Protect,Fissure|||M|||50|,,,,,Fairy]Garchomp||LoadedDice|RoughSkin|ScaleShot,Protect,StompingTantrum,SwordsDance|||M|||50|,,,,,Steel]Ninetales-Alola||LightClay|SnowWarning|IcicleSpear,Blizzard,AuroraVeil,IcyWind|||F|||50|,,,,,Ghost]Gholdengo||GrassySeed|GoodasGold|MakeItRain,ShadowBall,Protect,NastyPlot||||||50|,,,,,Water]Rillaboom||AssaultVest|GrassySurge|FakeOut,GrassyGlide,WoodHammer,Uturn|||M|||50|,,,,,Fire
|showteam|p2|Incineroar||SafetyGoggles|Intimidate|FlareBlitz,KnockOff,FakeOut,PartingShot|||F|||50|,,,,,Ghost]Gholdengo||LifeOrb|GoodasGold|MakeItRain,ShadowBall,NastyPlot,Protect||||||50|,,,,,Water]Porygon2||Eviolite|Download|TeraBlast,IceBeam,Recover,TrickRoom||||||50|,,,,,Fighting]Ursaluna||FlameOrb|Guts|Facade,HeadlongRush,Earthquake,Protect|||M|||50|,,,,,Ghost]Amoonguss||SitrusBerry|Regenerator|PollenPuff,Spore,RagePowder,Protect|||F|||50|,,,,,Water]Hydreigon||CovertCloak|Levitate|Taunt,Tailwind,DracoMeteor,Snarl|||M|||50|,,,,,Steel
|inactive|Battle timer is ON: inactive players will automatically lose when time's up. (requested by mackerjuan)
|
|t:|1756373109
|teamsize|p1|4
|teamsize|p2|4
|start
|switch|p1a: Annihilape|Annihilape, L50, M|100/100
|switch|p1b: Ninetales|Ninetales-Alola, L50, F|100/100
|switch|p2a: Hydreigon|Hydreigon, L50, M|100/100
|switch|p2b: Gholdengo|Gholdengo, L50|100/100
|-weather|Snowscape|[from] ability: Snow Warning|[of] p1b: Ninetales
|turn|1
|inactive|mackerjuan has 30 seconds left.
|inactive|buf0722shito has 30 seconds left.
|
|t:|1756373153
|-terastallize|p1a: Annihilape|Fire
|-terastallize|p2b: Gholdengo|Water
|move|p1b: Ninetales|Aurora Veil|p1b: Ninetales
|-sidestart|p1: buf0722shito|move: Aurora Veil
|move|p2a: Hydreigon|Tailwind|p2a: Hydreigon
|-sidestart|p2: mackerjuan|move: Tailwind
|move|p2b: Gholdengo|Nasty Plot|p2b: Gholdengo
|-boost|p2b: Gholdengo|spa|2
|move|p1a: Annihilape|Bulk Up|p1a: Annihilape
|-boost|p1a: Annihilape|atk|1
|-boost|p1a: Annihilape|def|1
|
|-weather|Snowscape|[upkeep]
|upkeep
|turn|2
|inactive|mackerjuan has 30 seconds left.
|inactive|mackerjuan has 20 seconds left.
|inactive|mackerjuan has 15 seconds left.
|
|t:|1756373196
|switch|p2a: Ursaluna|Ursaluna, L50, M|100/100
|switch|p1b: Rillaboom|Rillaboom, L50, M|100/100
|-fieldstart|move: Grassy Terrain|[from] ability: Grassy Surge|[of] p1b: Rillaboom
|move|p1a: Annihilape|Protect|p1a: Annihilape
|-singleturn|p1a: Annihilape|Protect
|move|p2b: Gholdengo|Make It Rain|p1b: Rillaboom|[spread] p1b
|-activate|p1a: Annihilape|move: Protect
|-damage|p1b: Rillaboom|51/100
|-unboost|p2b: Gholdengo|spa|1
|-damage|p2b: Gholdengo|91/100|[from] item: Life Orb
|
|-weather|Snowscape|[upkeep]
|-heal|p2b: Gholdengo|97/100|[from] Grassy Terrain
|-heal|p1b: Rillaboom|57/100|[from] Grassy Terrain
|-status|p2a: Ursaluna|brn|[from] item: Flame Orb
|upkeep
|turn|3
|inactive|mackerjuan has 30 seconds left.
|inactive|mackerjuan has 20 seconds left.
|inactive|mackerjuan has 15 seconds left.
|inactive|mackerjuan has 10 seconds left.
|inactive|mackerjuan has 5 seconds left.
|
|t:|1756373249
|move|p1b: Rillaboom|Grassy Glide|p2a: Ursaluna
|-supereffective|p2a: Ursaluna
|-damage|p2a: Ursaluna|47/100 brn
|move|p2b: Gholdengo|Shadow Ball|p1b: Rillaboom
|-damage|p1b: Rillaboom|20/100
|-damage|p2b: Gholdengo|87/100|[from] item: Life Orb
|move|p2a: Ursaluna|Headlong Rush|p1a: Annihilape
|-supereffective|p1a: Annihilape
|-damage|p1a: Annihilape|9/100
|-unboost|p2a: Ursaluna|def|1
|-unboost|p2a: Ursaluna|spd|1
|move|p1a: Annihilape|Drain Punch|p2a: Ursaluna
|-supereffective|p2a: Ursaluna
|-crit|p2a: Ursaluna
|-damage|p2a: Ursaluna|0 fnt
|-heal|p1a: Annihilape|34/100|[from] drain|[of] p2a: Ursaluna
|faint|p2a: Ursaluna
|
|-weather|Snowscape|[upkeep]
|-heal|p2b: Gholdengo|93/100|[from] Grassy Terrain
|-heal|p1a: Annihilape|40/100|[from] Grassy Terrain
|-heal|p1b: Rillaboom|26/100|[from] Grassy Terrain
|upkeep
|
|t:|1756373270
|switch|p2a: Hydreigon|Hydreigon, L50, M|100/100
|turn|4
|
|t:|1756373288
|move|p1a: Annihilape|Protect|p1a: Annihilape
|-singleturn|p1a: Annihilape|Protect
|move|p2a: Hydreigon|Draco Meteor|p1b: Rillaboom
|-damage|p1b: Rillaboom|0 fnt
|-unboost|p2a: Hydreigon|spa|2
|faint|p1b: Rillaboom
|move|p2b: Gholdengo|Nasty Plot|p2b: Gholdengo
|-boost|p2b: Gholdengo|spa|2
|
|-weather|Snowscape|[upkeep]
|-heal|p2b: Gholdengo|99/100|[from] Grassy Terrain
|-heal|p1a: Annihilape|46/100|[from] Grassy Terrain
|-sideend|p2: mackerjuan|move: Tailwind
|upkeep
|
|t:|1756373293
|switch|p1b: Ninetales|Ninetales-Alola, L50, F|100/100
|turn|5
|
|t:|1756373310
|move|p1b: Ninetales|Icy Wind|p2b: Gholdengo|[spread] p2a,p2b
|-supereffective|p2a: Hydreigon
|-resisted|p2b: Gholdengo
|-damage|p2a: Hydreigon|72/100
|-damage|p2b: Gholdengo|92/100
|-unboost|p2b: Gholdengo|spe|1
|move|p2a: Hydreigon|Tailwind|p2a: Hydreigon
|-sidestart|p2: mackerjuan|move: Tailwind
|move|p2b: Gholdengo|Shadow Ball|p1a: Annihilape
|-damage|p1a: Annihilape|0 fnt
|faint|p1a: Annihilape
|-damage|p2b: Gholdengo|82/100|[from] item: Life Orb
|
|-weather|none
|-heal|p2b: Gholdengo|88/100|[from] Grassy Terrain
|upkeep
|
|t:|1756373320
|switch|p1a: Gholdengo|Gholdengo, L50|100/100
|-enditem|p1a: Gholdengo|Grassy Seed
|-boost|p1a: Gholdengo|def|1|[from] item: Grassy Seed
|turn|6
|-message|buf0722shito forfeited.
|
|win|mackerjuan
|l|☆buf0722shito
|player|p1|
||buf0722shito is ready for game 3.
