|j|☆KallumZ-A
|j|☆raksbach
|html|KallumZ-Araksbach    
|uhtml|bestof|Game 1 of a best-of-3
|t:|1782985479
|gametype|doubles
|player|p1|KallumZ-A|paxton|1040
|player|p2|raksbach|102|1176
|gen|9
|tier|[Gen 9 Champions] VGC 2026 Reg M-B (Bo3)
|rated|
|rule|Species Clause: Limit one of each Pokémon
|rule|Item Clause: Limit 1 of each item
|clearpoke
|poke|p1|Charizard, L50, F|
|poke|p1|Aerodactyl, L50, F, shiny|
|poke|p1|Kingambit, L50, F|
|poke|p1|Farigiraf, L50, F|
|poke|p1|Sylveon, L50, F, shiny|
|poke|p1|Garchomp, L50, F|
|poke|p2|Incineroar, L50, F|
|poke|p2|Maushold, L50|
|poke|p2|Sinistcha, L50|
|poke|p2|Sneasler, L50, M|
|poke|p2|Blastoise, L50, F|
|poke|p2|Delphox, L50, M|
|teampreview|4
|showteam|p1|Charizard||CharizarditeY|SolarPower|HeatWave,WeatherBall,SolarBeam,Protect|Timid||F|||50|]Aerodactyl||Aerodactylite|Unnerve|RockSlide,IceFang,DualWingbeat,Tailwind|Jolly||F|||50|]Kingambit||FocusSash|Defiant|KowtowCleave,SuckerPunch,IronHead,LowKick|Adamant||F|||50|]Farigiraf||SitrusBerry|ArmorTail|TwinBeam,TrickRoom,Thunderbolt,Protect|Bold||F|||50|]Sylveon||FairyFeather|Pixilate|HyperVoice,HyperBeam,QuickAttack,Detect|Modest||F|||50|]Garchomp||LifeOrb|RoughSkin|Earthquake,DragonClaw,StompingTantrum,Protect|Jolly||F|||50|
|showteam|p2|Incineroar||SitrusBerry|Intimidate|FakeOut,FlareBlitz,ThroatChop,PartingShot|Impish||F|||50|]Maushold||ChopleBerry|FriendGuard|SuperFang,Feint,FollowMe,Protect|Impish|||||50|]Sinistcha||KasibBerry|Hospitality|MatchaGotcha,LifeDew,RagePowder,Protect|Bold|||||50|]Sneasler||FocusSash|PoisonTouch|FakeOut,CloseCombat,DireClaw,QuickGuard|Jolly||M|||50|]Blastoise||Blastoisinite|RainDish|WaterSpout,DarkPulse,ShellSmash,Protect|Modest||F|||50|]Delphox||Delphoxite|Blaze|HeatWave,Psyshock,NastyPlot,Protect|Timid||M|||50|
|inactive|Battle timer is ON: inactive players will automatically lose when time's up. (requested by raksbach)
|inactive|raksbach has 60 seconds left.
|
|t:|1782985516
|teamsize|p1|4
|teamsize|p2|4
|start
|switch|p1a: Twin Skies|Aerodactyl, L50, F, shiny|100/100
|switch|p1b: Hypervelocity|Kingambit, L50, F|100/100
|switch|p2a: Maushold|Maushold, L50|100/100
|switch|p2b: Blastoise|Blastoise, L50, F|100/100
|-ability|p1a: Twin Skies|Unnerve
|turn|1
|inactive|KallumZ-A has 30 seconds left.
|inactive|raksbach has 30 seconds left.
|inactive|KallumZ-A has 20 seconds left.
|inactive|raksbach has 20 seconds left.
|
|t:|1782985553
|detailschange|p1a: Twin Skies|Aerodactyl-Mega, L50, F, shiny
|-mega|p1a: Twin Skies|Aerodactyl|Aerodactylite
|detailschange|p2b: Blastoise|Blastoise-Mega, L50, F
|-mega|p2b: Blastoise|Blastoise|Blastoisinite
|move|p1a: Twin Skies|Tailwind|p1a: Twin Skies
|-sidestart|p1: KallumZ-A|move: Tailwind
|move|p1b: Hypervelocity|Kowtow Cleave|p2b: Blastoise
|-damage|p2b: Blastoise|62/100
|move|p2a: Maushold|Super Fang|p1b: Hypervelocity
|-damage|p1b: Hypervelocity|50/100g
|move|p2b: Blastoise|Water Spout|p1a: Twin Skies|[spread] p1a,p1b
|-supereffective|p1a: Twin Skies|1
|-damage|p1a: Twin Skies|10/100
|-damage|p1b: Hypervelocity|7/100
|
|upkeep
|turn|2
|
|t:|1782985574
|move|p2a: Maushold|Protect|p2a: Maushold
|-singleturn|p2a: Maushold|Protect
|move|p2b: Blastoise|Protect|p2b: Blastoise
|-singleturn|p2b: Blastoise|Protect
|move|p1a: Twin Skies|Rock Slide|p2a: Maushold|[spread] 
|-activate|p2a: Maushold|move: Protect
|-activate|p2b: Blastoise|move: Protect
|move|p1b: Hypervelocity|Kowtow Cleave|p2a: Maushold
|-activate|p2a: Maushold|move: Protect
|
|upkeep
|turn|3
|
|t:|1782985596
|move|p2a: Maushold|Follow Me|p2a: Maushold
|-singleturn|p2a: Maushold|move: Follow Me
|move|p1a: Twin Skies|Rock Slide|p2a: Maushold|[spread] p2a,p2b
|-damage|p2a: Maushold|73/100
|-damage|p2b: Blastoise|42/100
|move|p1b: Hypervelocity|Kowtow Cleave|p2a: Maushold
|-damage|p2a: Maushold|28/100
|move|p2b: Blastoise|Water Spout|p1a: Twin Skies|[spread] p1a,p1b
|-supereffective|p1a: Twin Skies|1
|-damage|p1a: Twin Skies|0 fnt
|-damage|p1b: Hypervelocity|0 fnt
|faint|p1a: Twin Skies
|faint|p1b: Hypervelocity
|
|upkeep
|
|t:|1782985606
|switch|p1a: astroemeria|Farigiraf, L50, F|100/100
|switch|p1b: mizuiro|Sylveon, L50, F, shiny|100/100
|turn|4
|
|t:|1782985629
|move|p1b: mizuiro|Hyper Voice|p2b: Blastoise|[spread] p2a,p2b
|-damage|p2a: Maushold|0 fnt
|-damage|p2b: Blastoise|4/100
|faint|p2a: Maushold
|move|p2b: Blastoise|Dark Pulse|p1a: astroemeria
|-supereffective|p1a: astroemeria|1
|-damage|p1a: astroemeria|21/100
|-enditem|p1a: astroemeria|Sitrus Berry|[eat]
|-heal|p1a: astroemeria|46/100|[from] item: Sitrus Berry
|move|p1a: astroemeria|Trick Room|p1a: astroemeria
|-fieldstart|move: Trick Room|[of] p1a: astroemeria
|
|-sideend|p1: KallumZ-A|move: Tailwind
|upkeep
|inactive|raksbach has 30 seconds left.
|
|t:|1782985655
|switch|p2a: Incineroar|Incineroar, L50, F|100/100
|-ability|p2a: Incineroar|Intimidate|boost
|-unboost|p1a: astroemeria|atk|1
|-unboost|p1b: mizuiro|atk|1
|turn|5
|
|t:|1782985662
|move|p2b: Blastoise|Protect|p2b: Blastoise
|-singleturn|p2b: Blastoise|Protect
|move|p1a: astroemeria|Thunderbolt|p2b: Blastoise
|-activate|p2b: Blastoise|move: Protect
|move|p1b: mizuiro|Hyper Beam|p2a: Incineroar
|-damage|p2a: Incineroar|1/100
|-mustrecharge|p1b: mizuiro
|-enditem|p2a: Incineroar|Sitrus Berry|[eat]
|-heal|p2a: Incineroar|26/100|[from] item: Sitrus Berry
|move|p2a: Incineroar|Parting Shot|p1b: mizuiro
|-unboost|p1b: mizuiro|atk|1
|-unboost|p1b: mizuiro|spa|1
|
|t:|1782985675
|switch|p2a: Sinistcha|Sinistcha, L50|100/100|[from] Parting Shot
|-heal|p2b: Blastoise|29/100|[from] ability: Hospitality|[of] p2a: Sinistcha
|
|upkeep
|turn|6
|inactive|raksbach has 30 seconds left.
|
|t:|1782985703
|move|p1a: astroemeria|Thunderbolt|p2b: Blastoise
|-supereffective|p2b: Blastoise|1
|-damage|p2b: Blastoise|0 fnt
|faint|p2b: Blastoise
|cant|p1b: mizuiro|recharge
|move|p2a: Sinistcha|Life Dew||[still]
|-fail|p2a: Sinistcha|heal
|
|upkeep
|
|t:|1782985710
|switch|p2b: Incineroar|Incineroar, L50, F|26/100
|-ability|p2b: Incineroar|Intimidate|boost
|-unboost|p1a: astroemeria|atk|1
|-unboost|p1b: mizuiro|atk|1
|turn|7
|
|t:|1782985726
|move|p1a: astroemeria|Twin Beam|p2a: Sinistcha
|-damage|p2a: Sinistcha|86/100
|-damage|p2a: Sinistcha|71/100
|-hitcount|p2a: Sinistcha|2
|move|p1b: mizuiro|Hyper Voice|p2a: Sinistcha|[spread] p2a,p2b
|-damage|p2a: Sinistcha|44/100
|-damage|p2b: Incineroar|0 fnt
|faint|p2b: Incineroar
|move|p2a: Sinistcha|Life Dew|p2a: Sinistcha
|-heal|p2a: Sinistcha|69/100
|
|upkeep
|turn|8
|-message|raksbach forfeited.
|
|win|KallumZ-A
