|j|☆Manitarenios ht
|j|☆Rexolboy
|html|Manitarenios htRexolboy    
|uhtml|bestof|Game 2 of a best-of-3
|t:|1756554678
|gametype|doubles
|player|p1|Manitarenios ht|ghetsis-gen5bw|1025
|player|p2|Rexolboy|266|1053
|gen|9
|tier|[Gen 9] VGC 2025 Reg H (Bo3)
|rated|
|rule|Species Clause: Limit one of each Pokémon
|rule|Item Clause: Limit 1 of each item
|clearpoke
|poke|p1|Sneasler, L50, F|
|poke|p1|Indeedee, L50, M|
|poke|p1|Ursaluna-Bloodmoon, L50, M|
|poke|p1|Electabuzz, L50, F|
|poke|p1|Incineroar, L50, F|
|poke|p1|Whimsicott, L50, M|
|poke|p2|Archaludon, L50, F|
|poke|p2|Incineroar, L50, M|
|poke|p2|Whimsicott, L50, M|
|poke|p2|Ursaluna, L50, M|
|poke|p2|Indeedee-F, L50, F|
|poke|p2|Armarouge, L50, F|
|teampreview|4
|showteam|p1|Sneasler||PsychicSeed|Unburden|CloseCombat,DireClaw,ThroatChop,Protect|||F|||50|,,,,,Dark]Indeedee||FocusSash|PsychicSurge|ExpandingForce,TrickRoom,HelpingHand,Protect|||M|||50|,,,,,Psychic]Ursaluna-Bloodmoon||LifeOrb|MindsEye|BloodMoon,HyperVoice,EarthPower,Protect|||M|||50|,,,,,Normal]Electabuzz||Eviolite|VitalSpirit|Electroweb,FollowMe,Taunt,Protect|||F|||50|,,,,,Dragon]Incineroar||SafetyGoggles|Intimidate|FlareBlitz,KnockOff,PartingShot,FakeOut|||F|||50|,,,,,Ghost]Whimsicott||CovertCloak|Prankster|Tailwind,Moonblast,Taunt,Protect|||M|||50|,,,,,Water
|showteam|p2|Archaludon||PowerHerb|Stalwart|ElectroShot,FlashCannon,DragonPulse,Protect|||F|||50|,,,,,Electric]Incineroar||SitrusBerry|Intimidate|FlareBlitz,KnockOff,FakeOut,PartingShot|||M|||50|,,,,,Ghost]Whimsicott||CovertCloak|Prankster|Moonblast,Encore,LightScreen,Tailwind|||M|||50|,,,,,Water]Ursaluna||FlameOrb|Guts|Facade,RainDance,HeadlongRush,Protect|||M|||50|,,,,,Ghost]Indeedee-F||SafetyGoggles|PsychicSurge|DazzlingGleam,HelpingHand,FollowMe,TrickRoom|||F|||50|,,,,,Fairy]Armarouge||LifeOrb|FlashFire|ExpandingForce,ArmorCannon,EnergyBall,Protect|||F|||50|,,,,,Stellar
|inactive|Battle timer is ON: inactive players will automatically lose when time's up. (requested by Rexolboy)
|inactive|Manitarenios ht has 60 seconds left.
|inactive|Manitarenios ht has 30 seconds left.
|inactive|Manitarenios ht has 20 seconds left.
|inactive|Manitarenios ht has 15 seconds left.
|inactive|Manitarenios ht has 10 seconds left.
|inactive|Manitarenios ht has 5 seconds left.
|
|t:|1756554771
|teamsize|p1|4
|teamsize|p2|4
|start
|switch|p1a: Sneasler|Sneasler, L50, F|100/100
|switch|p1b: Indeedee|Indeedee, L50, M|100/100
|switch|p2a: Whimsicott|Whimsicott, L50, M|100/100
|switch|p2b: Armarouge|Armarouge, L50, F|100/100
|-fieldstart|move: Psychic Terrain|[from] ability: Psychic Surge|[of] p1b: Indeedee
|-enditem|p1a: Sneasler|Psychic Seed
|-boost|p1a: Sneasler|spd|1|[from] item: Psychic Seed
|turn|1
|inactive|Manitarenios ht has 30 seconds left.
|
|t:|1756554800
|-terastallize|p1a: Sneasler|Dark
|move|p1b: Indeedee|Helping Hand|p1a: Sneasler
|-singleturn|p1a: Sneasler|Helping Hand|[of] p1b: Indeedee
|move|p2b: Armarouge|Protect|p2b: Armarouge
|-singleturn|p2b: Armarouge|Protect
|move|p2a: Whimsicott|Tailwind|p2a: Whimsicott
|-sidestart|p2: Rexolboy|move: Tailwind
|move|p1a: Sneasler|Dire Claw|p2b: Armarouge
|-activate|p2b: Armarouge|move: Protect
|
|upkeep
|turn|2
|
|t:|1756554816
|switch|p2b: Incineroar|Incineroar, L50, M, shiny|100/100
|-ability|p2b: Incineroar|Intimidate|boost
|-unboost|p1a: Sneasler|atk|1
|-unboost|p1b: Indeedee|atk|1
|move|p1a: Sneasler|Protect|p1a: Sneasler
|-singleturn|p1a: Sneasler|Protect
|move|p2a: Whimsicott|Moonblast|p1a: Sneasler
|-activate|p1a: Sneasler|move: Protect
|move|p1b: Indeedee|Trick Room|p1b: Indeedee
|-fieldstart|move: Trick Room|[of] p1b: Indeedee
|
|upkeep
|turn|3
|inactive|Rexolboy has 30 seconds left.
|inactive|Rexolboy has 20 seconds left.
|
|t:|1756554852
|-terastallize|p2b: Incineroar|Ghost
|move|p2b: Incineroar|Parting Shot|p1a: Sneasler
|-unboost|p1a: Sneasler|atk|1
|-unboost|p1a: Sneasler|spa|1
|
|t:|1756554860
|switch|p2b: Armarouge|Armarouge, L50, F|100/100|[from] Parting Shot
|move|p1b: Indeedee|Expanding Force|p2a: Whimsicott|[spread] p2a,p2b
|-resisted|p2b: Armarouge
|-damage|p2a: Whimsicott|43/100
|-damage|p2b: Armarouge|70/100
|move|p2a: Whimsicott|Moonblast|p1a: Sneasler
|-supereffective|p1a: Sneasler
|-damage|p1a: Sneasler|53/100
|move|p1a: Sneasler|Close Combat|p2b: Armarouge
|-resisted|p2b: Armarouge
|-crit|p2b: Armarouge
|-damage|p2b: Armarouge|17/100
|-unboost|p1a: Sneasler|def|1
|-unboost|p1a: Sneasler|spd|1
|
|upkeep
|turn|4
|
|t:|1756554877
|move|p2b: Armarouge|Protect|p2b: Armarouge
|-singleturn|p2b: Armarouge|Protect
|move|p1a: Sneasler|Protect|p1a: Sneasler
|-singleturn|p1a: Sneasler|Protect
|move|p1b: Indeedee|Expanding Force|p2b: Armarouge|[spread] p2a
|-activate|p2b: Armarouge|move: Protect
|-damage|p2a: Whimsicott|0 fnt
|faint|p2a: Whimsicott
|
|-sideend|p2: Rexolboy|move: Tailwind
|upkeep
|
|t:|1756554884
|switch|p2a: Ursaluna|Ursaluna, L50, M|100/100
|turn|5
|inactive|Rexolboy has 30 seconds left.
|
|t:|1756554918
|move|p2a: Ursaluna|Facade|p1b: Indeedee
|-damage|p1b: Indeedee|14/100
|move|p2b: Armarouge|Armor Cannon|p1a: Sneasler
|-damage|p1a: Sneasler|0 fnt
|-unboost|p2b: Armarouge|def|1
|-unboost|p2b: Armarouge|spd|1
|faint|p1a: Sneasler
|-damage|p2b: Armarouge|8/100|[from] item: Life Orb
|move|p1b: Indeedee|Expanding Force|p2b: Armarouge|[spread] p2a,p2b
|-resisted|p2b: Armarouge
|-crit|p2b: Armarouge
|-damage|p2a: Ursaluna|50/100
|-damage|p2b: Armarouge|0 fnt
|faint|p2b: Armarouge
|
|-fieldend|move: Psychic Terrain
|-status|p2a: Ursaluna|brn|[from] item: Flame Orb
|upkeep
|
|t:|1756554935
|switch|p2b: Incineroar|Incineroar, L50, M, shiny, tera:Ghost|100/100
|switch|p1a: Electabuzz|Electabuzz, L50, F, shiny|100/100
|-ability|p2b: Incineroar|Intimidate|boost
|-unboost|p1a: Electabuzz|atk|1
|-unboost|p1b: Indeedee|atk|1
|turn|6
|
|t:|1756554946
|move|p1a: Electabuzz|Follow Me|p1a: Electabuzz
|-singleturn|p1a: Electabuzz|move: Follow Me
|move|p2b: Incineroar|Knock Off|p1a: Electabuzz
|-damage|p1a: Electabuzz|63/100
|-enditem|p1a: Electabuzz|Eviolite|[from] move: Knock Off|[of] p2b: Incineroar
|move|p2a: Ursaluna|Headlong Rush|p1a: Electabuzz
|-supereffective|p1a: Electabuzz
|-damage|p1a: Electabuzz|0 fnt
|-unboost|p2a: Ursaluna|def|1
|-unboost|p2a: Ursaluna|spd|1
|faint|p1a: Electabuzz
|move|p1b: Indeedee|Expanding Force|p2b: Incineroar
|-damage|p2b: Incineroar|72/100
|
|-damage|p2a: Ursaluna|44/100 brn|[from] brn
|-fieldend|move: Trick Room
|upkeep
|
|t:|1756554961
|switch|p1a: Ursaluna|Ursaluna-Bloodmoon, L50, M|100/100
|turn|7
|
|t:|1756554984
|move|p1b: Indeedee|Helping Hand|p1a: Ursaluna
|-singleturn|p1a: Ursaluna|Helping Hand|[of] p1b: Indeedee
|move|p2a: Ursaluna|Protect|p2a: Ursaluna
|-singleturn|p2a: Ursaluna|Protect
|move|p1a: Ursaluna|Hyper Voice|p2a: Ursaluna|[spread] p2b
|-activate|p2a: Ursaluna|move: Protect
|-damage|p2b: Incineroar|7/100
|-enditem|p2b: Incineroar|Sitrus Berry|[eat]
|-heal|p2b: Incineroar|32/100|[from] item: Sitrus Berry
|-damage|p1a: Ursaluna|91/100|[from] item: Life Orb
|move|p2b: Incineroar|Knock Off|p1b: Indeedee
|-supereffective|p1b: Indeedee
|-damage|p1b: Indeedee|0 fnt
|-enditem|p1b: Indeedee|Focus Sash|[from] move: Knock Off|[of] p2b: Incineroar
|faint|p1b: Indeedee
|
|-damage|p2a: Ursaluna|38/100 brn|[from] brn
|upkeep
|turn|8
|
|t:|1756554995
|move|p1a: Ursaluna|Hyper Voice|p2a: Ursaluna|[spread] p2a,p2b
|-damage|p2a: Ursaluna|0 fnt
|-damage|p2b: Incineroar|0 fnt
|faint|p2a: Ursaluna
|faint|p2b: Incineroar
|-damage|p1a: Ursaluna|81/100|[from] item: Life Orb
|
|win|Manitarenios ht
||Rexolboy is ready for game 3.
