|j|☆hitmononnichan
|j|☆just for fun fren
|html|hitmononnichanjust for fun fren    
|uhtml|bestof|Game 2 of a best-of-3
|t:|1756152430
|gametype|doubles
|player|p1|hitmononnichan|nate|1216
|player|p2|just for fun fren|colress|1114
|gen|9
|tier|[Gen 9] VGC 2025 Reg H (Bo3)
|rated|
|rule|Species Clause: Limit one of each Pokémon
|rule|Item Clause: Limit 1 of each item
|clearpoke
|poke|p1|Sneasler, L50, F|
|poke|p1|Indeedee, L50, M|
|poke|p1|Volcarona, L50, F|
|poke|p1|Ursaluna-Bloodmoon, L50, M|
|poke|p1|Annihilape, L50, M|
|poke|p1|Tyranitar, L50, M|
|poke|p2|Gholdengo, L50|
|poke|p2|Primarina, L50, F|
|poke|p2|Sneasler, L50, F|
|poke|p2|Rillaboom, L50, F|
|poke|p2|Incineroar, L50, F|
|poke|p2|Dragonite, L50, M|
|teampreview|4
|showteam|p1|Sneasler||PsychicSeed|Unburden|CloseCombat,DireClaw,ThroatChop,Protect|||F|||50|,,,,,Dark]Indeedee||ChoiceScarf|PsychicSurge|ExpandingForce,TeraBlast,Trick,Protect|||M|||50|,,,,,Psychic]Volcarona||SitrusBerry|FlameBody|Overheat,StruggleBug,RagePowder,Tailwind|||F|||50|,,,,,Grass]Ursaluna-Bloodmoon||LifeOrb|MindsEye|BloodMoon,HyperVoice,EarthPower,Protect|||M|||50|,,,,,Normal]Annihilape||SafetyGoggles|Defiant|CloseCombat,RageFist,Taunt,FinalGambit|||M|||50|,,,,,Fairy]Tyranitar||AssaultVest|SandStream|RockSlide,KnockOff,TeraBlast,LowKick|||M|||50|,,,,,Flying
|showteam|p2|Gholdengo||ChoiceScarf|GoodasGold|MakeItRain,ShadowBall,Protect,Trick||||||50|,,,,,Steel]Primarina||GrassySeed|LiquidVoice|HyperVoice,Moonblast,CalmMind,Protect|||F|||50|,,,,,Poison]Sneasler||FocusSash|PoisonTouch|DireClaw,CloseCombat,ThroatChop,Protect|||F|||50|,,,,,Dark]Rillaboom||AssaultVest|GrassySurge|WoodHammer,GrassyGlide,HighHorsepower,FakeOut|||F|||50|,,,,,Fire]Incineroar||SafetyGoggles|Intimidate|FlareBlitz,KnockOff,PartingShot,FakeOut|||F|||50|,,,,,Ghost]Dragonite||LoadedDice|Multiscale|ScaleShot,StompingTantrum,Tailwind,Protect|||M|||50|,,,,,Steel
|inactive|Battle timer is ON: inactive players will automatically lose when time's up. (requested by hitmononnichan)
|
|t:|1756152467
|teamsize|p1|4
|teamsize|p2|4
|start
|switch|p1a: Volcarona|Volcarona, L50, F|100/100
|switch|p1b: Tyranitar|Tyranitar, L50, M|100/100
|switch|p2a: Sneasler|Sneasler, L50, F|100/100
|switch|p2b: Incineroar|Incineroar, L50, F|100/100
|-weather|Sandstorm|[from] ability: Sand Stream|[of] p1b: Tyranitar
|-ability|p2b: Incineroar|Intimidate|boost
|-unboost|p1a: Volcarona|atk|1
|-unboost|p1b: Tyranitar|atk|1
|turn|1
|inactive|hitmononnichan has 30 seconds left.
|inactive|just for fun fren has 30 seconds left.
|
|t:|1756152497
|switch|p1b: Sneasler|Sneasler, L50, F|100/100
|move|p2b: Incineroar|Fake Out|p1b: Sneasler
|-damage|p1b: Sneasler|81/100
|move|p2a: Sneasler|Dire Claw|p1a: Volcarona
|-damage|p1a: Volcarona|53/100
|-status|p1a: Volcarona|par
|-status|p2a: Sneasler|brn|[from] ability: Flame Body|[of] p1a: Volcarona
|move|p1a: Volcarona|Tailwind|p1a: Volcarona
|-sidestart|p1: hitmononnichan|move: Tailwind
|
|-weather|Sandstorm|[upkeep]
|-damage|p1b: Sneasler|75/100|[from] Sandstorm
|-damage|p2a: Sneasler|95/100 brn|[from] Sandstorm
|-damage|p1a: Volcarona|47/100 par|[from] Sandstorm
|-enditem|p1a: Volcarona|Sitrus Berry|[eat]
|-heal|p1a: Volcarona|72/100 par|[from] item: Sitrus Berry
|-damage|p2a: Sneasler|89/100 brn|[from] brn
|upkeep
|turn|2
|inactive|just for fun fren has 30 seconds left.
|inactive|just for fun fren has 20 seconds left.
|inactive|just for fun fren has 15 seconds left.
|
|t:|1756152542
|-terastallize|p2b: Incineroar|Ghost
|move|p1b: Sneasler|Close Combat|p2b: Incineroar
|-immune|p2b: Incineroar
|move|p2a: Sneasler|Dire Claw|p1a: Volcarona
|-damage|p1a: Volcarona|47/100 par
|move|p1a: Volcarona|Overheat|p2b: Incineroar
|-damage|p2b: Incineroar|58/100
|-unboost|p1a: Volcarona|spa|2
|move|p2b: Incineroar|Flare Blitz|p1b: Sneasler
|-damage|p1b: Sneasler|0 fnt
|faint|p1b: Sneasler
|-damage|p2b: Incineroar|39/100|[from] Recoil
|
|-weather|Sandstorm|[upkeep]
|-damage|p2a: Sneasler|83/100 brn|[from] Sandstorm
|-damage|p1a: Volcarona|41/100 par|[from] Sandstorm
|-damage|p2a: Sneasler|77/100 brn|[from] brn
|upkeep
|
|t:|1756152563
|switch|p1b: Tyranitar|Tyranitar, L50, M|100/100
|turn|3
|
|t:|1756152575
|switch|p1a: Indeedee|Indeedee, L50, M|100/100
|-fieldstart|move: Psychic Terrain|[from] ability: Psychic Surge|[of] p1a: Indeedee
|-terastallize|p1b: Tyranitar|Flying
|move|p2a: Sneasler|Protect|p2a: Sneasler
|-singleturn|p2a: Sneasler|Protect
|move|p1b: Tyranitar|Knock Off|p2b: Incineroar
|-supereffective|p2b: Incineroar
|-damage|p2b: Incineroar|0 fnt
|-enditem|p2b: Incineroar|Safety Goggles|[from] move: Knock Off|[of] p1b: Tyranitar
|faint|p2b: Incineroar
|
|-weather|Sandstorm|[upkeep]
|-damage|p1a: Indeedee|95/100|[from] Sandstorm
|-damage|p1b: Tyranitar|95/100|[from] Sandstorm
|-damage|p2a: Sneasler|71/100 brn|[from] Sandstorm
|-damage|p2a: Sneasler|66/100 brn|[from] brn
|upkeep
|
|t:|1756152590
|switch|p2b: Rillaboom|Rillaboom, L50, F|100/100
|-fieldstart|move: Grassy Terrain|[from] ability: Grassy Surge|[of] p2b: Rillaboom
|turn|4
|
|t:|1756152603
|switch|p1a: Volcarona|Volcarona, L50, F|41/100 par
|switch|p2a: Primarina|Primarina, L50, F|100/100
|-enditem|p2a: Primarina|Grassy Seed
|-boost|p2a: Primarina|def|1|[from] item: Grassy Seed
|move|p2b: Rillaboom|Fake Out|p1b: Tyranitar
|-damage|p1b: Tyranitar|83/100
|cant|p1b: Tyranitar|flinch
|
|-weather|Sandstorm|[upkeep]
|-damage|p1b: Tyranitar|77/100|[from] Sandstorm
|-damage|p1a: Volcarona|35/100 par|[from] Sandstorm
|-damage|p2b: Rillaboom|95/100|[from] Sandstorm
|-damage|p2a: Primarina|95/100|[from] Sandstorm
|-heal|p1a: Volcarona|41/100 par|[from] Grassy Terrain
|-heal|p2b: Rillaboom|100/100|[from] Grassy Terrain
|-heal|p2a: Primarina|100/100|[from] Grassy Terrain
|-sideend|p1: hitmononnichan|move: Tailwind
|upkeep
|turn|5
|inactive|just for fun fren has 30 seconds left.
|
|t:|1756152628
|move|p2b: Rillaboom|Wood Hammer|p1b: Tyranitar
|-resisted|p1b: Tyranitar
|-damage|p1b: Tyranitar|41/100
|-damage|p2b: Rillaboom|90/100|[from] Recoil
|move|p1b: Tyranitar|Tera Blast|p2b: Rillaboom|[anim] Tera Blast Flying
|-supereffective|p2b: Rillaboom
|-damage|p2b: Rillaboom|9/100
|move|p2a: Primarina|Hyper Voice|p1b: Tyranitar|[spread] p1a,p1b
|-supereffective|p1a: Volcarona
|-damage|p1a: Volcarona|0 fnt
|-damage|p1b: Tyranitar|18/100
|faint|p1a: Volcarona
|
|-weather|none
|-heal|p2b: Rillaboom|15/100|[from] Grassy Terrain
|upkeep
|
|t:|1756152641
|switch|p1a: Indeedee|Indeedee, L50, M|95/100
|-fieldstart|move: Psychic Terrain|[from] ability: Psychic Surge|[of] p1a: Indeedee
|turn|6
|
|t:|1756152651
|switch|p2b: Sneasler|Sneasler, L50, F|66/100 brn
|move|p2a: Primarina|Protect|p2a: Primarina
|-singleturn|p2a: Primarina|Protect
|move|p1a: Indeedee|Expanding Force|p2a: Primarina|[spread] p2b
|-activate|p2a: Primarina|move: Protect
|-supereffective|p2b: Sneasler
|-damage|p2b: Sneasler|0 fnt
|faint|p2b: Sneasler
|move|p1b: Tyranitar|Tera Blast|p2a: Primarina|[anim] Tera Blast Flying
|-activate|p2a: Primarina|move: Protect
|
|upkeep
|
|t:|1756152662
|switch|p2b: Rillaboom|Rillaboom, L50, F|15/100
|-fieldstart|move: Grassy Terrain|[from] ability: Grassy Surge|[of] p2b: Rillaboom
|turn|7
|-message|hitmononnichan forfeited.
|
|win|just for fun fren
||hitmononnichan is ready for game 3.
||just for fun fren is ready for game 3.
|uhtml|next|Next: Game 3 of 3
|l|☆hitmononnichan
|player|p1|
