|j|☆T8mcrae
|j|☆Zengikk
|html|T8mcraeZengikk    
|uhtml|bestof|Game 2 of a best-of-3
|t:|1756937764
|gametype|doubles
|player|p1|T8mcrae|169|1193
|player|p2|Zengikk|giovanni|1162
|gen|9
|tier|[Gen 9] VGC 2025 Reg H (Bo3)
|rated|
|rule|Species Clause: Limit one of each Pokémon
|rule|Item Clause: Limit 1 of each item
|clearpoke
|poke|p1|Annihilape, L50, F|
|poke|p1|Primarina, L50, F|
|poke|p1|Gholdengo, L50|
|poke|p1|Maushold, L50|
|poke|p1|Vivillon-Ocean, L50, F|
|poke|p1|Rillaboom, L50, M|
|poke|p2|Sneasler, L50, F|
|poke|p2|Dragapult, L50, M|
|poke|p2|Primarina, L50, M|
|poke|p2|Rillaboom, L50, M|
|poke|p2|Kingambit, L50, M|
|poke|p2|Magmar, L50, F|
|teampreview|4
|showteam|p1|Annihilape||SafetyGoggles|Defiant|RageFist,DrainPunch,BulkUp,Protect|||F|||50|,,,,,Fire]Primarina||SitrusBerry|LiquidVoice|HyperVoice,Moonblast,Haze,Protect|||F|||50|,,,,,Water]Gholdengo||LifeOrb|GoodasGold|MakeItRain,ShadowBall,NastyPlot,Protect||||||50|,,,,,Dragon]Maushold||WideLens|FriendGuard|PopulationBomb,FollowMe,BeatUp,Protect||||||50|,,,,,Grass]Vivillon-Ocean||FocusSash|CompoundEyes|Hurricane,SleepPowder,Tailwind,Protect|||F|||50|,,,,,Ghost]Rillaboom||AssaultVest|GrassySurge|FakeOut,GrassyGlide,DrumBeating,HighHorsepower|||M|||50|,,,,,Fire
|showteam|p2|Sneasler||FocusSash|PoisonTouch|CloseCombat,DireClaw,FakeOut,Protect|||F|||50|,,,,,Stellar]Dragapult||ChoiceBand|ClearBody|DragonDarts,TeraBlast,PhantomForce,Uturn|||M|||50|,,,,,Ghost]Primarina||SitrusBerry|LiquidVoice|HyperVoice,Moonblast,Haze,Protect|||M|||50|,,,,,Water]Rillaboom||AssaultVest|GrassySurge|WoodHammer,GrassyGlide,HighHorsepower,FakeOut|||M|||50|,,,,,Fire]Kingambit||BlackGlasses|Defiant|KowtowCleave,SuckerPunch,SwordsDance,Protect|||M|||50|,,,,,Ghost]Magmar||Eviolite|VitalSpirit|Overheat,WillOWisp,FollowMe,Protect|||F|||50|,,,,,Ghost
|inactive|Battle timer is ON: inactive players will automatically lose when time's up. (requested by Zengikk)
|
|t:|1756937794
|teamsize|p1|4
|teamsize|p2|4
|start
|switch|p1a: Vivillon|Vivillon-Ocean, L50, F|100/100
|switch|p1b: Annihilape|Annihilape, L50, F, shiny|100/100
|switch|p2a: Sneasler|Sneasler, L50, F|100/100
|switch|p2b: Dragapult|Dragapult, L50, M|100/100
|turn|1
|
|t:|1756937811
|move|p1b: Annihilape|Protect|p1b: Annihilape
|-singleturn|p1b: Annihilape|Protect
|move|p1a: Vivillon|Protect|p1a: Vivillon
|-singleturn|p1a: Vivillon|Protect
|move|p2b: Dragapult|Dragon Darts|p1a: Vivillon
|-activate|p1b: Annihilape|move: Protect
|move|p2a: Sneasler|Dire Claw|p1a: Vivillon
|-activate|p1a: Vivillon|move: Protect
|
|upkeep
|turn|2
|inactive|T8mcrae has 30 seconds left.
|inactive|T8mcrae has 20 seconds left.
|inactive|T8mcrae has 15 seconds left.
|
|t:|1756937854
|switch|p2b: Magmar|Magmar, L50, F|100/100
|switch|p1a: Primarina|Primarina, L50, F|100/100
|move|p2a: Sneasler|Protect|p2a: Sneasler
|-singleturn|p2a: Sneasler|Protect
|move|p1b: Annihilape|Rage Fist|p2b: Magmar
|-damage|p2b: Magmar|84/100
|
|upkeep
|turn|3
|
|t:|1756937876
|-terastallize|p1b: Annihilape|Fire
|move|p1a: Primarina|Protect|p1a: Primarina
|-singleturn|p1a: Primarina|Protect
|move|p2b: Magmar|Follow Me|p2b: Magmar
|-singleturn|p2b: Magmar|move: Follow Me
|move|p2a: Sneasler|Dire Claw|p1a: Primarina
|-activate|p1a: Primarina|move: Protect
|move|p1b: Annihilape|Bulk Up|p1b: Annihilape
|-boost|p1b: Annihilape|atk|1
|-boost|p1b: Annihilape|def|1
|
|upkeep
|turn|4
|
|t:|1756937897
|move|p2b: Magmar|Follow Me|p2b: Magmar
|-singleturn|p2b: Magmar|move: Follow Me
|move|p2a: Sneasler|Dire Claw|p1a: Primarina
|-supereffective|p1a: Primarina
|-damage|p1a: Primarina|21/100
|-enditem|p1a: Primarina|Sitrus Berry|[eat]
|-heal|p1a: Primarina|46/100|[from] item: Sitrus Berry
|move|p1b: Annihilape|Bulk Up|p1b: Annihilape
|-boost|p1b: Annihilape|atk|1
|-boost|p1b: Annihilape|def|1
|move|p1a: Primarina|Hyper Voice|p2a: Sneasler|[spread] p2a,p2b
|-supereffective|p2b: Magmar
|-damage|p2a: Sneasler|61/100
|-damage|p2b: Magmar|34/100
|
|upkeep
|turn|5
|inactive|T8mcrae has 30 seconds left.
|
|t:|1756937923
|switch|p1a: Rillaboom|Rillaboom, L50, M, shiny|100/100
|-fieldstart|move: Grassy Terrain|[from] ability: Grassy Surge|[of] p1a: Rillaboom
|move|p2b: Magmar|Follow Me|p2b: Magmar
|-singleturn|p2b: Magmar|move: Follow Me
|move|p2a: Sneasler|Dire Claw|p1b: Annihilape
|-damage|p1b: Annihilape|80/100
|-status|p1b: Annihilape|par
|move|p1b: Annihilape|Bulk Up|p1b: Annihilape
|-boost|p1b: Annihilape|atk|1
|-boost|p1b: Annihilape|def|1
|
|-heal|p2a: Sneasler|67/100|[from] Grassy Terrain
|-heal|p2b: Magmar|40/100|[from] Grassy Terrain
|-heal|p1b: Annihilape|87/100 par|[from] Grassy Terrain
|upkeep
|turn|6
|inactive|T8mcrae has 30 seconds left.
|
|t:|1756937953
|move|p2a: Sneasler|Protect|p2a: Sneasler
|-singleturn|p2a: Sneasler|Protect
|move|p2b: Magmar|Protect|p2b: Magmar
|-singleturn|p2b: Magmar|Protect
|move|p1a: Rillaboom|Grassy Glide|p1b: Annihilape
|-resisted|p1b: Annihilape
|-crit|p1b: Annihilape
|-damage|p1b: Annihilape|61/100 par
|move|p1b: Annihilape|Bulk Up|p1b: Annihilape
|-boost|p1b: Annihilape|atk|1
|-boost|p1b: Annihilape|def|1
|
|-heal|p2a: Sneasler|73/100|[from] Grassy Terrain
|-heal|p2b: Magmar|46/100|[from] Grassy Terrain
|-heal|p1b: Annihilape|67/100 par|[from] Grassy Terrain
|upkeep
|turn|7
|inactive|T8mcrae has 30 seconds left.
|
|t:|1756937980
|move|p2b: Magmar|Follow Me|p2b: Magmar
|-singleturn|p2b: Magmar|move: Follow Me
|move|p2a: Sneasler|Dire Claw|p1a: Rillaboom
|-supereffective|p1a: Rillaboom
|-damage|p1a: Rillaboom|11/100
|-status|p1a: Rillaboom|par
|move|p1b: Annihilape|Rage Fist|p2b: Magmar
|-damage|p2b: Magmar|0 fnt
|faint|p2b: Magmar
|move|p1a: Rillaboom|High Horsepower|p2a: Sneasler
|-supereffective|p2a: Sneasler
|-damage|p2a: Sneasler|0 fnt
|faint|p2a: Sneasler
|
|-heal|p1b: Annihilape|73/100 par|[from] Grassy Terrain
|-heal|p1a: Rillaboom|16/100 par|[from] Grassy Terrain
|upkeep
|
|t:|1756937999
|switch|p2a: Dragapult|Dragapult, L50, M|100/100
|switch|p2b: Kingambit|Kingambit, L50, M|100/100
|turn|8
|inactive|T8mcrae has 30 seconds left.
|
|t:|1756938027
|switch|p1a: Vivillon|Vivillon-Ocean, L50, F|100/100
|-terastallize|p2a: Dragapult|Ghost
|move|p2b: Kingambit|Sucker Punch||[still]
|-fail|p2b: Kingambit
|move|p2a: Dragapult|Phantom Force||[still]
|-prepare|p2a: Dragapult|Phantom Force
|move|p1b: Annihilape|Drain Punch|p2b: Kingambit
|-supereffective|p2b: Kingambit
|-damage|p2b: Kingambit|0 fnt
|-heal|p1b: Annihilape|100/100 par|[from] drain|[of] p2b: Kingambit
|faint|p2b: Kingambit
|
|upkeep
|turn|9
|
|t:|1756938044
|move|p2a: Dragapult|Phantom Force|p1b: Annihilape|[from] lockedmove
|-damage|p1b: Annihilape|71/100 par
|move|p1a: Vivillon|Sleep Powder|p2a: Dragapult
|-status|p2a: Dragapult|slp|[from] move: Sleep Powder
|move|p1b: Annihilape|Rage Fist|p2a: Dragapult
|-supereffective|p2a: Dragapult
|-damage|p2a: Dragapult|0 fnt
|faint|p2a: Dragapult
|
|win|T8mcrae
|inactive|T8mcrae has 30 seconds to confirm battle start!
|inactive|Zengikk has 30 seconds to confirm battle start!
||Zengikk is ready for game 3.
||T8mcrae is ready for game 3.
|uhtml|next|Next: Game 3 of 3
