|j|☆thebrickwall285
|j|☆DogGoesWoof123!
|html|thebrickwall285DogGoesWoof123!    
|uhtml|bestof|Game 2 of a best-of-3
|t:|1785204450
|gametype|doubles
|player|p1|thebrickwall285|1|1006
|player|p2|DogGoesWoof123!|170|1051
|gen|9
|tier|[Gen 9 Champions] VGC 2026 Reg M-B (Bo3)
|rated|
|rule|Species Clause: Limit one of each Pokémon
|rule|Item Clause: Limit 1 of each item
|clearpoke
|poke|p1|Scovillain, L50, M|
|poke|p1|Aerodactyl, L50, F|
|poke|p1|Sylveon, L50, M|
|poke|p1|Salazzle, L50, F|
|poke|p1|Meowstic, L50, M|
|poke|p1|Kingambit, L50, F|
|poke|p2|Charizard, L50, M|
|poke|p2|Pelipper, L50, F|
|poke|p2|Venusaur, L50, M|
|poke|p2|Archaludon, L50, F|
|poke|p2|Grimmsnarl, L50, M|
|poke|p2|Basculegion, L50, M|
|teampreview|4
|showteam|p1|Scovillain||Scovillainite|Chlorophyll|Flamethrower,GigaDrain,RagePowder,LeechSeed|Modest||M|||50|]Aerodactyl||Aerodactylite|RockHead|DragonClaw,Tailwind,DualWingbeat,RockSlide|Jolly||F|||50|]Sylveon||SitrusBerry|Pixilate|CalmMind,Protect,HyperVoice,ShadowBall|Modest||M|||50|]Salazzle||ShellBell|Corrosion|FakeOut,Flamethrower,SludgeBomb,Toxic|Hasty||F|||50|]Meowstic||FocusSash|Prankster|FakeOut,TrickRoom,Psychic,SunnyDay|Sassy||M|||50|]Kingambit||Leftovers|Defiant|IronHead,LowKick,SuckerPunch,KowtowCleave|Adamant||F|||50|
|showteam|p2|Charizard||CharizarditeY|Blaze|HeatWave,WeatherBall,SolarBeam,Protect|Modest||M|||50|]Pelipper||SitrusBerry|Drizzle|Hurricane,WeatherBall,WideGuard,Tailwind|Modest||F|||50|]Venusaur||FocusSash|Chlorophyll|SleepPowder,SludgeBomb,LeafStorm,Protect|Modest||M|||50|]Archaludon||Leftovers|Stamina|FlashCannon,DragonPulse,ElectroShot,Protect|Calm||F|||50|]Grimmsnarl||LightClay|Prankster|SpiritBreak,Reflect,LightScreen,PartingShot|Careful||M|||50|]Basculegion||ChoiceScarf|Adaptability|WaveCrash,LastRespects,FlipTurn,AquaJet|Jolly||M|||50|
|
|t:|1785204482
|teamsize|p1|4
|teamsize|p2|4
|start
|switch|p1a: Meowstic|Meowstic, L50, M|100/100
|switch|p1b: Scovillain|Scovillain, L50, M|100/100
|switch|p2a: Archaludon|Archaludon, L50, F|100/100
|switch|p2b: Basculegion|Basculegion, L50, M|100/100
|turn|1
|
|t:|1785204536
|switch|p2b: Pelipper|Pelipper, L50, F|100/100
|-weather|RainDance|[from] ability: Drizzle|[of] p2b: Pelipper
|detailschange|p1b: Scovillain|Scovillain-Mega, L50, M
|-mega|p1b: Scovillain|Scovillain|Scovillainite
|move|p2a: Archaludon|Electro Shot||[still]
|-prepare|p2a: Archaludon|Electro Shot
|-boost|p2a: Archaludon|spa|1
|-anim|p2a: Archaludon|Electro Shot|p1a: Meowstic
|-damage|p1a: Meowstic|59/100
|move|p1b: Scovillain|Leech Seed|p2a: Archaludon
|-start|p2a: Archaludon|move: Leech Seed
|move|p1a: Meowstic|Trick Room|p1a: Meowstic
|-fieldstart|move: Trick Room|[of] p1a: Meowstic
|
|-weather|RainDance|[upkeep]
|-damage|p2a: Archaludon|87/100|[from] Leech Seed|[of] p1b: Scovillain
|upkeep
|turn|2
|
|t:|1785204574
|switch|p2a: Charizard|Charizard, L50, M|100/100
|move|p1a: Meowstic|Sunny Day|p1a: Meowstic
|-weather|SunnyDay
|move|p1b: Scovillain|Giga Drain|p2b: Pelipper
|-damage|p2b: Pelipper|49/100
|-enditem|p2b: Pelipper|Sitrus Berry|[eat]
|-heal|p2b: Pelipper|74/100|[from] item: Sitrus Berry
|move|p2b: Pelipper|Hurricane|p1b: Scovillain|[miss]
|-miss|p2b: Pelipper|p1b: Scovillain
|
|-weather|SunnyDay|[upkeep]
|upkeep
|turn|3
|
|t:|1785204595
|switch|p2b: Archaludon|Archaludon, L50, F|87/100
|detailschange|p2a: Charizard|Charizard-Mega-Y, L50, M
|-mega|p2a: Charizard|Charizard|Charizardite Y
|move|p1b: Scovillain|Giga Drain|p2b: Archaludon
|-resisted|p2b: Archaludon|2
|-damage|p2b: Archaludon|78/100
|-ability|p2b: Archaludon|Stamina|boost
|-boost|p2b: Archaludon|def|1
|move|p1a: Meowstic|Psychic|p2a: Charizard
|-damage|p2a: Charizard|76/100
|move|p2a: Charizard|Heat Wave|p1b: Scovillain|[spread] p1a
|-miss|p2a: Charizard|p1b: Scovillain
|-damage|p1a: Meowstic|13/100
|
|-weather|SunnyDay|[upkeep]
|-heal|p2b: Archaludon|84/100|[from] item: Leftovers
|upkeep
|turn|4
|
|t:|1785204613
|move|p2b: Archaludon|Protect|p2b: Archaludon
|-singleturn|p2b: Archaludon|Protect
|move|p1b: Scovillain|Flamethrower|p2b: Archaludon
|-activate|p2b: Archaludon|move: Protect
|move|p1a: Meowstic|Psychic|p2a: Charizard
|-damage|p2a: Charizard|52/100
|move|p2a: Charizard|Heat Wave|p1a: Meowstic|[spread] p1a,p1b
|-damage|p1a: Meowstic|0 fnt
|-damage|p1b: Scovillain|26/100
|-immune|p2a: Charizard
|faint|p1a: Meowstic
|
|-weather|SunnyDay|[upkeep]
|-heal|p2b: Archaludon|90/100|[from] item: Leftovers
|upkeep
|
|t:|1785204648
|switch|p1a: Sylveon|Sylveon, L50, M|100/100
|turn|5
|
|t:|1785204675
|switch|p2a: Pelipper|Pelipper, L50, F|74/100
|-weather|RainDance|[from] ability: Drizzle|[of] p2a: Pelipper
|move|p1a: Sylveon|Hyper Voice|p2a: Pelipper|[spread] p2a,p2b
|-damage|p2a: Pelipper|19/100
|-damage|p2b: Archaludon|56/100
|-ability|p2b: Archaludon|Stamina|boost
|-boost|p2b: Archaludon|def|1
|move|p1b: Scovillain|Flamethrower|p2b: Archaludon
|-damage|p2b: Archaludon|33/100
|-ability|p2b: Archaludon|Stamina|boost
|-boost|p2b: Archaludon|def|1
|move|p2b: Archaludon|Electro Shot||[still]
|-prepare|p2b: Archaludon|Electro Shot
|-boost|p2b: Archaludon|spa|1
|-anim|p2b: Archaludon|Electro Shot|p1b: Scovillain
|-resisted|p1b: Scovillain|1
|-damage|p1b: Scovillain|0 fnt
|-status|p2b: Archaludon|brn|[from] ability: Spicy Spray|[of] p1b: Scovillain
|faint|p1b: Scovillain
|
|-weather|RainDance|[upkeep]
|-heal|p2b: Archaludon|39/100 brn|[from] item: Leftovers
|-damage|p2b: Archaludon|33/100 brn|[from] brn
|-fieldend|move: Trick Room
|upkeep
|
|t:|1785204692
|switch|p1b: Kingambit|Kingambit, L50, F|100/100
|turn|6
|
|t:|1785204712
|move|p2a: Pelipper|Wide Guard|p2a: Pelipper
|-singleturn|p2a: Pelipper|Wide Guard
|move|p1b: Kingambit|Sucker Punch||[still]
|-fail|p1b: Kingambit
|move|p2b: Archaludon|Flash Cannon|p1a: Sylveon
|-supereffective|p1a: Sylveon|1
|-damage|p1a: Sylveon|27/100
|-enditem|p1a: Sylveon|Sitrus Berry|[eat]
|-heal|p1a: Sylveon|52/100|[from] item: Sitrus Berry
|move|p1a: Sylveon|Calm Mind|p1a: Sylveon
|-boost|p1a: Sylveon|spa|1
|-boost|p1a: Sylveon|spd|1
|
|-weather|RainDance|[upkeep]
|-heal|p2b: Archaludon|39/100 brn|[from] item: Leftovers
|-damage|p2b: Archaludon|33/100 brn|[from] brn
|upkeep
|turn|7
|
|t:|1785204754
|switch|p2a: Charizard|Charizard-Mega-Y, L50, M|52/100
|-weather|SunnyDay|[from] ability: Drought|[of] p2a: Charizard
|move|p1a: Sylveon|Protect|p1a: Sylveon
|-singleturn|p1a: Sylveon|Protect
|move|p2b: Archaludon|Flash Cannon|p1a: Sylveon
|-activate|p1a: Sylveon|move: Protect
|move|p1b: Kingambit|Low Kick|p2b: Archaludon
|-supereffective|p2b: Archaludon|1
|-damage|p2b: Archaludon|15/100 brn
|-ability|p2b: Archaludon|Stamina|boost
|-boost|p2b: Archaludon|def|1
|
|-weather|SunnyDay|[upkeep]
|-heal|p2b: Archaludon|21/100 brn|[from] item: Leftovers
|-damage|p2b: Archaludon|15/100 brn|[from] brn
|upkeep
|turn|8
|
|t:|1785204769
|move|p1b: Kingambit|Sucker Punch|p2b: Archaludon
|-damage|p2b: Archaludon|5/100 brn
|-ability|p2b: Archaludon|Stamina|boost
|-boost|p2b: Archaludon|def|1
|move|p2a: Charizard|Weather Ball|p1b: Kingambit
|-supereffective|p1b: Kingambit|1
|-damage|p1b: Kingambit|0 fnt
|faint|p1b: Kingambit
|move|p2b: Archaludon|Flash Cannon|p1a: Sylveon
|-supereffective|p1a: Sylveon|1
|-damage|p1a: Sylveon|3/100
|move|p1a: Sylveon|Hyper Voice|p2a: Charizard|[spread] p2a,p2b
|-resisted|p2a: Charizard|1
|-damage|p2a: Charizard|26/100
|-damage|p2b: Archaludon|0 fnt
|faint|p2b: Archaludon
|
|-weather|SunnyDay|[upkeep]
|upkeep
|
|t:|1785204780
|switch|p2b: Basculegion|Basculegion, L50, M|100/100
|turn|9
|
|t:|1785204786
|switch|p2a: Pelipper|Pelipper, L50, F|19/100
|-weather|RainDance|[from] ability: Drizzle|[of] p2a: Pelipper
|move|p2b: Basculegion|Aqua Jet|p1a: Sylveon
|-damage|p1a: Sylveon|0 fnt
|faint|p1a: Sylveon
|
|win|DogGoesWoof123!
|raw|thebrickwall285's rating: 1006 → 1000(-6 for losing)
|raw|DogGoesWoof123!'s rating: 1051 → 1079(+28 for winning)
