|j|☆ufieiffjjrjrrj
|j|☆captainspoon
|html|ufieiffjjrjrrjcaptainspoon    
|uhtml|bestof|Game 2 of a best-of-3
|t:|1756460743
|gametype|doubles
|player|p1|ufieiffjjrjrrj|winona|1000
|player|p2|captainspoon|170|1089
|gen|9
|tier|[Gen 9] VGC 2025 Reg H (Bo3)
|rated|
|rule|Species Clause: Limit one of each Pokémon
|rule|Item Clause: Limit 1 of each item
|clearpoke
|poke|p1|Gholdengo, L50|
|poke|p1|Annihilape, L50, M|
|poke|p1|Dragonite, L50, M|
|poke|p1|Talonflame, L50, F|
|poke|p1|Sneasler, L50, M|
|poke|p1|Dondozo, L50, F|
|poke|p2|Dragonite, L50, M|
|poke|p2|Gholdengo, L50|
|poke|p2|Ursaluna-Bloodmoon, L50, M|
|poke|p2|Annihilape, L50, F|
|poke|p2|Amoonguss, L50, M|
|poke|p2|Ninetales-Alola, L50, M|
|teampreview|4
|showteam|p1|Gholdengo||LifeOrb|GoodasGold|Protect,NastyPlot,MakeItRain,ShadowBall||||||50|,,,,,Dragon]Annihilape||SpellTag|Defiant|Protect,BulkUp,CloseCombat,RageFist|||M|||50|,,,,,Steel]Dragonite||LoadedDice|Multiscale|Protect,Haze,ScaleShot,StompingTantrum|||M|||50|,,,,,Steel]Talonflame||CovertCloak|GaleWings|Tailwind,WillOWisp,FlareBlitz,DualWingbeat|||F|||50|,,,,,Grass]Sneasler||FocusSash|Unburden|FakeOut,Coaching,CloseCombat,DireClaw|||M|||50|,,,,,Ghost]Dondozo||Leftovers|Unaware|Protect,Yawn,Fissure,WaveCrash|||F|||50|,,,,,Grass
|showteam|p2|Dragonite||LoadedDice|Multiscale|ScaleShot,ExtremeSpeed,IceSpinner,Protect|||M|||50|,,,,,Fairy]Gholdengo||MetalCoat|GoodasGold|MakeItRain,ShadowBall,NastyPlot,Protect||||||50|,,,,,Water]Ursaluna-Bloodmoon||AssaultVest|MindsEye|BloodMoon,HyperVoice,VacuumWave,EarthPower|||M|||50|,,,,,Poison]Annihilape||SafetyGoggles|Defiant|DrainPunch,RageFist,BulkUp,Protect|||F|||50|,,,,,Water]Amoonguss||BlackSludge|Regenerator|ClearSmog,RagePowder,PollenPuff,Spore|||M|||50|,,,,,Water]Ninetales-Alola||LightClay|SnowWarning|Blizzard,IcicleSpear,Encore,AuroraVeil|||M|||50|,,,,,Ghost
|inactive|Battle timer is ON: inactive players will automatically lose when time's up. (requested by ufieiffjjrjrrj)
|
|t:|1756460779
|teamsize|p1|4
|teamsize|p2|4
|start
|switch|p1a: Talonflame|Talonflame, L50, F|100/100
|switch|p1b: Sneasler|Sneasler, L50, M|100/100
|switch|p2a: Ninetales|Ninetales-Alola, L50, M|100/100
|switch|p2b: Gholdengo|Gholdengo, L50|100/100
|-weather|Snowscape|[from] ability: Snow Warning|[of] p2a: Ninetales
|turn|1
|
|t:|1756460803
|move|p1a: Talonflame|Tailwind|p1a: Talonflame
|-sidestart|p1: ufieiffjjrjrrj|move: Tailwind
|move|p1b: Sneasler|Dire Claw|p2a: Ninetales
|-supereffective|p2a: Ninetales
|-damage|p2a: Ninetales|31/100
|move|p2a: Ninetales|Aurora Veil|p2a: Ninetales
|-sidestart|p2: captainspoon|move: Aurora Veil
|move|p2b: Gholdengo|Nasty Plot|p2b: Gholdengo
|-boost|p2b: Gholdengo|spa|2
|
|-weather|Snowscape|[upkeep]
|upkeep
|turn|2
|inactive|ufieiffjjrjrrj has 30 seconds left.
|inactive|ufieiffjjrjrrj has 20 seconds left.
|inactive|captainspoon has 30 seconds left.
|inactive|ufieiffjjrjrrj has 15 seconds left.
|inactive|ufieiffjjrjrrj has 10 seconds left.
|
|t:|1756460850
|-terastallize|p2b: Gholdengo|Water
|move|p1a: Talonflame|Flare Blitz|p2b: Gholdengo
|-resisted|p2b: Gholdengo
|-damage|p2b: Gholdengo|84/100
|-damage|p1a: Talonflame|95/100|[from] Recoil
|move|p1b: Sneasler|Close Combat|p2b: Gholdengo
|-damage|p2b: Gholdengo|39/100
|-unboost|p1b: Sneasler|def|1
|-unboost|p1b: Sneasler|spd|1
|move|p2a: Ninetales|Blizzard|p1a: Talonflame|[spread] p1a,p1b
|-damage|p1a: Talonflame|59/100
|-damage|p1b: Sneasler|53/100
|move|p2b: Gholdengo|Make It Rain|p1b: Sneasler|[spread] p1a,p1b
|-resisted|p1a: Talonflame
|-damage|p1a: Talonflame|0 fnt
|-damage|p1b: Sneasler|0 fnt
|-unboost|p2b: Gholdengo|spa|1
|faint|p1a: Talonflame
|faint|p1b: Sneasler
|
|-weather|Snowscape|[upkeep]
|upkeep
|
|t:|1756460861
|switch|p1a: Annihilape|Annihilape, L50, M|100/100
|switch|p1b: Dondozo|Dondozo, L50, F|100/100
|turn|3
|inactive|ufieiffjjrjrrj has 30 seconds left.
|
|t:|1756460890
|switch|p2a: Amoonguss|Amoonguss, L50, M|100/100
|move|p2b: Gholdengo|Protect|p2b: Gholdengo
|-singleturn|p2b: Gholdengo|Protect
|move|p1a: Annihilape|Rage Fist|p2b: Gholdengo
|-activate|p2b: Gholdengo|move: Protect
|move|p1b: Dondozo|Wave Crash|p2a: Amoonguss
|-resisted|p2a: Amoonguss
|-damage|p2a: Amoonguss|87/100
|-damage|p1b: Dondozo|97/100|[from] Recoil
|
|-weather|Snowscape|[upkeep]
|-heal|p1b: Dondozo|100/100|[from] item: Leftovers
|-heal|p2a: Amoonguss|93/100|[from] item: Black Sludge
|upkeep
|turn|4
|
|t:|1756460905
|-terastallize|p1b: Dondozo|Grass
|move|p1a: Annihilape|Protect|p1a: Annihilape
|-singleturn|p1a: Annihilape|Protect
|move|p2a: Amoonguss|Rage Powder|p2a: Amoonguss
|-singleturn|p2a: Amoonguss|move: Rage Powder
|move|p2b: Gholdengo|Shadow Ball|p1a: Annihilape
|-activate|p1a: Annihilape|move: Protect
|move|p1b: Dondozo|Fissure|p2a: Amoonguss|[miss]
|-miss|p1b: Dondozo|p2a: Amoonguss
|
|-weather|Snowscape|[upkeep]
|-heal|p2a: Amoonguss|99/100|[from] item: Black Sludge
|-sideend|p1: ufieiffjjrjrrj|move: Tailwind
|upkeep
|turn|5
|
|t:|1756460918
|move|p1a: Annihilape|Protect|p1a: Annihilape
|-singleturn|p1a: Annihilape|Protect
|move|p2a: Amoonguss|Rage Powder|p2a: Amoonguss
|-singleturn|p2a: Amoonguss|move: Rage Powder
|move|p2b: Gholdengo|Shadow Ball|p1a: Annihilape
|-activate|p1a: Annihilape|move: Protect
|move|p1b: Dondozo|Fissure|p2a: Amoonguss|[miss]
|-miss|p1b: Dondozo|p2a: Amoonguss
|
|-weather|none
|-heal|p2a: Amoonguss|100/100|[from] item: Black Sludge
|upkeep
|turn|6
|
|t:|1756460931
|move|p1a: Annihilape|Protect|p1a: Annihilape
|-singleturn|p1a: Annihilape|Protect
|move|p2a: Amoonguss|Rage Powder|p2a: Amoonguss
|-singleturn|p2a: Amoonguss|move: Rage Powder
|move|p2b: Gholdengo|Shadow Ball|p1a: Annihilape
|-activate|p1a: Annihilape|move: Protect
|move|p1b: Dondozo|Fissure|p2a: Amoonguss|[miss]
|-miss|p1b: Dondozo|p2a: Amoonguss
|
|upkeep
|turn|7
|c|☆captainspoon|r u for real
|l|☆ufieiffjjrjrrj
|inactive|ufieiffjjrjrrj disconnected and has a minute to reconnect!
|player|p1|
|inactive|ufieiffjjrjrrj has 30 seconds left.
|inactive|ufieiffjjrjrrj has 20 seconds left.
|inactive|ufieiffjjrjrrj has 15 seconds left.
|inactive|ufieiffjjrjrrj has 10 seconds left.
|inactive|ufieiffjjrjrrj has 5 seconds left.
|-message|ufieiffjjrjrrj lost due to inactivity.
|
|win|captainspoon
|raw|ufieiffjjrjrrj's rating: 1000 → 1000(+0 for losing)
|raw|captainspoon's rating: 1089 → 1109(+20 for winning)
