|j|☆Pawah
|j|☆Karlye
|html|PawahKarlye    
|uhtml|bestof|Game 3 of a best-of-3
|t:|1756758930
|gametype|doubles
|player|p1|Pawah|ethan|
|player|p2|Karlye|blue|
|gen|9
|tier|[Gen 9] VGC 2025 Reg H (Bo3)
|rule|Species Clause: Limit one of each Pokémon
|rule|Item Clause: Limit 1 of each item
|clearpoke
|poke|p1|Ursaluna, L50, M|
|poke|p1|Sinistcha, L50|
|poke|p1|Pelipper, L50, M|
|poke|p1|Archaludon, L50, M|
|poke|p1|Gholdengo, L50|
|poke|p1|Murkrow, L50, M|
|poke|p2|Porygon2, L50|
|poke|p2|Rillaboom, L50, F|
|poke|p2|Ursaluna, L50, M|
|poke|p2|Jumpluff, L50, M|
|poke|p2|Charizard, L50, M|
|poke|p2|Torkoal, L50, M|
|teampreview|4
|showteam|p1|Ursaluna||FlameOrb|Guts|HeadlongRush,Facade,Protect,Earthquake|||M|||50|,,,,,Ghost]Sinistcha||SitrusBerry|Hospitality|RagePowder,TrickRoom,LifeDew,MatchaGotcha||||||50|,,,,,Dark]Pelipper||FocusSash|Drizzle|Hurricane,Protect,WeatherBall,WideGuard|||M|||50|,,,,,Ghost]Archaludon||AssaultVest|Stamina|ElectroShot,FlashCannon,BodyPress,DracoMeteor|||M|||50|,,,,,Bug]Gholdengo||LifeOrb|GoodasGold|MakeItRain,ShadowBall,NastyPlot,Protect||||||50|,,,,,Water]Murkrow||Eviolite|Prankster|Quash,Tailwind,FoulPlay,Taunt|||M|||50|,,,,,Ghost
|showteam|p2|Porygon2||Eviolite|Download|TeraBlast,IceBeam,TrickRoom,Recover||||||50|,,,,,Fighting]Rillaboom||AssaultVest|GrassySurge|FakeOut,GrassyGlide,WoodHammer,HighHorsepower|||F|||50|,,,,,Water]Ursaluna||FlameOrb|Guts|Protect,Facade,Earthquake,HeadlongRush|||M|||50|,,,,,Ghost]Jumpluff||CovertCloak|Chlorophyll|SleepPowder,SunnyDay,Tailwind,RagePowder|||M|||50|,,,,,Fire]Charizard||ChoiceSpecs|SolarPower|HeatWave,Overheat,WeatherBall,DragonPulse|||M|||50|,,,,,Ghost]Torkoal||EjectPack|Drought|Overheat,Eruption,HelpingHand,Protect|||M|||50|,,,,,Fire
|inactive|Battle timer is ON: inactive players will automatically lose when time's up. (requested by Pawah)
|inactive|Pawah has 60 seconds left.
|inactive|Karlye has 60 seconds left.
|
|t:|1756758977
|teamsize|p1|4
|teamsize|p2|4
|start
|switch|p1a: Gholdengo|Gholdengo, L50|100/100
|switch|p1b: Murkrow|Murkrow, L50, M|100/100
|switch|p2a: Porygon2|Porygon2, L50|100/100
|switch|p2b: Rillaboom|Rillaboom, L50, F|100/100
|-fieldstart|move: Grassy Terrain|[from] ability: Grassy Surge|[of] p2b: Rillaboom
|-ability|p2a: Porygon2|Download|boost
|-boost|p2a: Porygon2|spa|1
|turn|1
|
|t:|1756758987
|move|p1b: Murkrow|Taunt|p2a: Porygon2
|-start|p2a: Porygon2|move: Taunt
|move|p1a: Gholdengo|Nasty Plot|p1a: Gholdengo
|-boost|p1a: Gholdengo|spa|2
|move|p2b: Rillaboom|High Horsepower|p1a: Gholdengo
|-supereffective|p1a: Gholdengo
|-damage|p1a: Gholdengo|22/100
|move|p2a: Porygon2|Ice Beam|p1b: Murkrow
|-supereffective|p1b: Murkrow
|-damage|p1b: Murkrow|4/100
|
|-heal|p1a: Gholdengo|28/100|[from] Grassy Terrain
|upkeep
|turn|2
|inactive|Karlye has 30 seconds left.
|inactive|Karlye has 20 seconds left.
|
|t:|1756759022
|move|p1b: Murkrow|Quash|p2b: Rillaboom
|-activate|p2b: Rillaboom|move: Quash
|move|p1a: Gholdengo|Make It Rain|p2b: Rillaboom|[spread] p2a,p2b
|-damage|p2a: Porygon2|21/100
|-damage|p2b: Rillaboom|21/100
|-unboost|p1a: Gholdengo|spa|1
|-damage|p1a: Gholdengo|18/100|[from] item: Life Orb
|move|p2a: Porygon2|Tera Blast|p1a: Gholdengo
|-immune|p1a: Gholdengo
|move|p2b: Rillaboom|Grassy Glide|p1a: Gholdengo
|-resisted|p1a: Gholdengo
|-damage|p1a: Gholdengo|0 fnt
|faint|p1a: Gholdengo
|
|-heal|p2b: Rillaboom|27/100|[from] Grassy Terrain
|-heal|p2a: Porygon2|28/100|[from] Grassy Terrain
|upkeep
|
|t:|1756759039
|switch|p1a: Ursaluna|Ursaluna, L50, M|100/100
|turn|3
|inactive|Karlye has 30 seconds left.
|
|t:|1756759073
|switch|p2a: Torkoal|Torkoal, L50, M|100/100
|-weather|SunnyDay|[from] ability: Drought|[of] p2a: Torkoal
|-terastallize|p1a: Ursaluna|Ghost
|move|p1b: Murkrow|Tailwind|p1b: Murkrow
|-sidestart|p1: Pawah|move: Tailwind
|move|p1a: Ursaluna|Facade|p2a: Torkoal
|-damage|p2a: Torkoal|72/100
|move|p2b: Rillaboom|Wood Hammer|p1a: Ursaluna
|-damage|p1a: Ursaluna|37/100
|-damage|p2b: Rillaboom|5/100|[from] Recoil
|
|-weather|SunnyDay|[upkeep]
|-heal|p1a: Ursaluna|43/100|[from] Grassy Terrain
|-heal|p2b: Rillaboom|11/100|[from] Grassy Terrain
|-heal|p2a: Torkoal|78/100|[from] Grassy Terrain
|-status|p1a: Ursaluna|brn|[from] item: Flame Orb
|upkeep
|turn|4
|inactive|Pawah has 30 seconds left.
|inactive|Karlye has 30 seconds left.
|inactive|Karlye has 20 seconds left.
|inactive|Karlye has 15 seconds left.
|
|t:|1756759116
|switch|p1b: Pelipper|Pelipper, L50, M|100/100
|-weather|RainDance|[from] ability: Drizzle|[of] p1b: Pelipper
|move|p2b: Rillaboom|Grassy Glide|p1a: Ursaluna
|-damage|p1a: Ursaluna|13/100 brn
|move|p1a: Ursaluna|Earthquake|p2b: Rillaboom|[spread] p2a,p2b
|-immune|p1b: Pelipper
|-supereffective|p2a: Torkoal
|-resisted|p2b: Rillaboom
|-crit|p2b: Rillaboom
|-damage|p2a: Torkoal|32/100
|-damage|p2b: Rillaboom|0 fnt
|faint|p2b: Rillaboom
|move|p2a: Torkoal|Overheat|p1a: Ursaluna
|-damage|p1a: Ursaluna|0 fnt
|-unboost|p2a: Torkoal|spa|2
|faint|p1a: Ursaluna
|-enditem|p2a: Torkoal|Eject Pack
|
|t:|1756759132
|switch|p2a: Ursaluna|Ursaluna, L50, M|100/100
|
|-weather|RainDance|[upkeep]
|-status|p2a: Ursaluna|brn|[from] item: Flame Orb
|upkeep
|
|t:|1756759145
|switch|p2b: Torkoal|Torkoal, L50, M|32/100
|switch|p1a: Murkrow|Murkrow, L50, M|4/100
|-weather|SunnyDay|[from] ability: Drought|[of] p2b: Torkoal
|turn|5
|
|t:|1756759167
|move|p2a: Ursaluna|Protect|p2a: Ursaluna
|-singleturn|p2a: Ursaluna|Protect
|move|p1b: Pelipper|Hurricane|p2b: Torkoal|[miss]
|-miss|p1b: Pelipper|p2b: Torkoal
|move|p1a: Murkrow|Foul Play|p2a: Ursaluna
|-activate|p2a: Ursaluna|move: Protect
|move|p2b: Torkoal|Eruption|p1b: Pelipper|[spread] p1a,p1b
|-resisted|p1b: Pelipper
|-damage|p1a: Murkrow|0 fnt
|-damage|p1b: Pelipper|83/100
|faint|p1a: Murkrow
|
|-weather|SunnyDay|[upkeep]
|-heal|p2b: Torkoal|38/100|[from] Grassy Terrain
|-damage|p2a: Ursaluna|94/100 brn|[from] brn
|-fieldend|move: Grassy Terrain
|upkeep
|turn|6
|
|t:|1756759188
|-terastallize|p2b: Torkoal|Fire
|move|p1b: Pelipper|Hurricane|p2a: Ursaluna
|-damage|p2a: Ursaluna|41/100 brn
|-start|p2a: Ursaluna|confusion
|-activate|p2a: Ursaluna|confusion
|move|p2a: Ursaluna|Facade|p1b: Pelipper
|-damage|p1b: Pelipper|0 fnt
|faint|p1b: Pelipper
|
|win|Karlye
