|j|ŌśåKUTF1
|j|ŌśåCharmander0311
|html|KUTF1Charmander0311    
|uhtml|bestof|Game 1 of a best-of-3
|t:|1782676584
|gametype|doubles
|player|p1|KUTF1|pokemonbreederf-gen4|1000
|player|p2|Charmander0311|2|1000
|gen|9
|tier|[Gen 9 Champions] VGC 2026 Reg M-B (Bo3)
|rated|
|rule|Species Clause: Limit one of each Pok├®mon
|rule|Item Clause: Limit 1 of each item
|clearpoke
|poke|p1|Raichu, L50, M|
|poke|p1|Clefable, L50, M|
|poke|p1|Mamoswine, L50, F|
|poke|p1|Ditto, L50|
|poke|p1|Musharna, L50, F|
|poke|p1|Whimsicott, L50, F|
|poke|p2|Chandelure, L50, M, shiny|
|poke|p2|Umbreon, L50, M, shiny|
|poke|p2|Lycanroc-Midnight, L50, F|
|poke|p2|Jolteon, L50, M|
|poke|p2|Araquanid, L50, F, shiny|
|poke|p2|Lucario, L50, F|
|teampreview|4
|showteam|p1|Raichu||RaichuniteY|LightningRod|ZapCannon,Protect,FakeOut,FocusBlast|Timid||M|||50|]Clefable||Clefablite|MagicGuard|DazzlingGleam,Protect,CalmMind,Flamethrower|Modest||M|||50|]Mamoswine||FocusSash|Oblivious|Earthquake,Protect,IcicleCrash,IceShard|Jolly||F|||50|]Ditto||ChoiceScarf|Imposter|Transform|Bold|||||50|]Musharna||ColburBerry|Telepathy|Psychic,Protect,TrickRoom,Moonblast|Relaxed||F|||50|]Whimsicott||MentalHerb|Prankster|Moonblast,Encore,Tailwind,Taunt|Timid||F|||50|
|showteam|p2|Chandelure||Chandelurite|Infiltrator|Flamethrower,CalmMind,ShadowBall,EnergyBall|Modest||M|||50|]Umbreon||Leftovers|InnerFocus|SkillSwap,FoulPlay,Protect,Wish|Calm||M|||50|]Lycanroc-Midnight||FocusSash|NoGuard|StoneEdge,SuckerPunch,IronTail,MegaKick|Brave||F|||50|]Jolteon||LifeOrb|QuickFeet|Thunderbolt,AlluringVoice,Protect,ElectroBall|Timid||M|||50|]Araquanid||SitrusBerry|WaterBubble|Infestation,StickyWeb,LeechLife,Liquidation|Careful||F|||50|]Lucario||ChoiceScarf|Steadfast|FinalGambit,DarkPulse,ShadowBall,VacuumWave|Timid||F|||50|
|inactive|Battle timer is ON: inactive players will automatically lose when time's up. (requested by KUTF1)
|l|ŌśåKUTF1
|inactive|KUTF1 disconnected and has a minute to reconnect!
|player|p1|
|j|ŌśåKUTF1
|inactive|KUTF1 reconnected and has 70 seconds left.
|player|p1|KUTF1|pokemonbreederf-gen4|
|inactive|KUTF1 has 60 seconds left.
|inactive|KUTF1 has 30 seconds left.
|inactive|KUTF1 has 20 seconds left.
|inactive|KUTF1 has 15 seconds left.
|
|t:|1782676663
|teamsize|p1|4
|teamsize|p2|4
|start
|switch|p1a: 100 Rats|Raichu, L50, M|100/100
|switch|p1b: Derple|Ditto, L50|100/100
|switch|p2a: Luna|Lycanroc-Midnight, L50, F|100/100
|switch|p2b: Nova|Umbreon, L50, M, shiny|100/100
|-transform|p1b: Derple|p2a: Luna|[from] ability: Imposter
|turn|1
|
|t:|1782676683
|move|p1a: 100 Rats|Protect|p1a: 100 Rats
|-singleturn|p1a: 100 Rats|Protect
|move|p2a: Luna|Sucker Punch|p1b: Derple
|-damage|p1b: Derple|69/100
|move|p1b: Derple|Iron Tail|p2a: Luna
|-supereffective|p2a: Luna|1
|-damage|p2a: Luna|31/100
|move|p2b: Nova|Skill Swap|p2a: Luna
|-activate|p2b: Nova|Skill Swap|||[of] p2a: Luna
|
|upkeep
|turn|2
|inactive|KUTF1 has 30 seconds left.
|c|ŌśåCharmander0311|Hi
|
|t:|1782676716
|detailschange|p1a: 100 Rats|Raichu-Mega-Y, L50, M
|-mega|p1a: 100 Rats|Raichu|Raichunite Y
|move|p2b: Nova|Protect|p2b: Nova
|-singleturn|p2b: Nova|Protect
|move|p1a: 100 Rats|Zap Cannon|p2b: Nova
|-activate|p2b: Nova|move: Protect
|move|p1b: Derple|Iron Tail|p2a: Luna
|-supereffective|p2a: Luna|1
|-damage|p2a: Luna|0 fnt
|faint|p2a: Luna
|
|upkeep
|
|t:|1782676726
|switch|p2a: Wycker|Chandelure, L50, M, shiny|100/100
|turn|3
|
|t:|1782676739
|switch|p1b: Whimsi|Whimsicott, L50, F|100/100
|detailschange|p2a: Wycker|Chandelure-Mega, L50, M, shiny
|-mega|p2a: Wycker|Chandelure|Chandelurite
|move|p1a: 100 Rats|Focus Blast|p2b: Nova
|-supereffective|p2b: Nova|1
|-damage|p2b: Nova|34/100
|move|p2a: Wycker|Calm Mind|p2a: Wycker
|-boost|p2a: Wycker|spa|1
|-boost|p2a: Wycker|spd|1
|move|p2b: Nova|Skill Swap|p2a: Wycker
|-activate|p2b: Nova|Skill Swap|||[of] p2a: Wycker
|
|-heal|p2b: Nova|40/100|[from] item: Leftovers
|upkeep
|turn|4
|
|t:|1782676761
|move|p1b: Whimsi|Encore|p2a: Wycker
|-start|p2a: Wycker|Encore
|move|p1a: 100 Rats|Focus Blast|p2b: Nova
|-supereffective|p2b: Nova|1
|-damage|p2b: Nova|0 fnt
|faint|p2b: Nova
|move|p2a: Wycker|Calm Mind|p2a: Wycker
|-boost|p2a: Wycker|spa|1
|-boost|p2a: Wycker|spd|1
|
|upkeep
|
|t:|1782676770
|switch|p2b: Cyan|Araquanid, L50, F, shiny|100/100
|turn|5
|
|t:|1782676778
|move|p1b: Whimsi|Taunt|p2a: Wycker
|-start|p2a: Wycker|move: Taunt
|move|p1a: 100 Rats|Zap Cannon|p2b: Cyan
|-supereffective|p2b: Cyan|1
|-damage|p2b: Cyan|0 fnt
|faint|p2b: Cyan
|cant|p2a: Wycker|move: Taunt|Calm Mind
|
|upkeep
|turn|6
|
|t:|1782676789
|move|p1b: Whimsi|Tailwind|p1b: Whimsi
|-sidestart|p1: KUTF1|move: Tailwind
|move|p1a: 100 Rats|Zap Cannon|p2a: Wycker
|-damage|p2a: Wycker|51/100
|-status|p2a: Wycker|par
|-activate|p2a: Wycker|move: Struggle
|move|p2a: Wycker|Struggle|p1b: Whimsi
|-damage|p1b: Whimsi|89/100
|-damage|p2a: Wycker|26/100 par|[from] recoil
|
|-end|p2a: Wycker|Encore
|upkeep
|turn|7
|
|t:|1782676802
|move|p1a: 100 Rats|Zap Cannon|p2a: Wycker
|-damage|p2a: Wycker|0 fnt
|faint|p2a: Wycker
|
|win|KUTF1
