|j|☆GlitchXDGOAT
|j|☆Scriptorik
|html|GlitchXDGOATScriptorik    
|uhtml|bestof|Game 1 of a best-of-3
|t:|1783793188
|gametype|doubles
|player|p1|GlitchXDGOAT|169|1084
|player|p2|Scriptorik|pokemaniac|1040
|gen|9
|tier|[Gen 9 Champions] VGC 2026 Reg M-B (Bo3)
|rated|
|rule|Species Clause: Limit one of each Pokémon
|rule|Item Clause: Limit 1 of each item
|clearpoke
|poke|p1|Toxapex, L50, F|
|poke|p1|Incineroar, L50, F|
|poke|p1|Sinistcha, L50|
|poke|p1|Dragapult, L50, M|
|poke|p1|Metagross, L50|
|poke|p1|Grimmsnarl, L50, M|
|poke|p2|Dragapult, L50, M|
|poke|p2|Milotic, L50, M|
|poke|p2|Delphox, L50, F|
|poke|p2|Sinistcha, L50|
|poke|p2|Raichu, L50, M|
|poke|p2|Maushold, L50|
|teampreview|4
|showteam|p1|Toxapex||Leftovers|Regenerator|Toxic,BanefulBunker,Infestation,WideGuard|Bold||F|||50|]Incineroar||SitrusBerry|Intimidate|FakeOut,FlareBlitz,PartingShot,Protect|Careful||F|||50|]Sinistcha||KasibBerry|Hospitality|MatchaGotcha,RagePowder,LifeDew,Protect|Bold|||||50|]Dragapult||LifeOrb|ClearBody|DracoMeteor,Hex,ShadowBall,Protect|Timid||M|||50|]Metagross||Metagrossite|ClearBody|BulletPunch,PsychicFangs,BodyPress,Protect|Adamant|||||50|]Grimmsnarl||LightClay|Prankster|Reflect,LightScreen,PartingShot,SpiritBreak|Adamant||M|||50|
|showteam|p2|Dragapult||LightClay|ClearBody|Hex,ThunderWave,Reflect,LightScreen|Timid||M|||50|]Milotic||Leftovers|Competitive|MuddyWater,Coil,Hypnosis,Recover|Calm||M|||50|]Delphox||Delphoxite|Blaze|HeatWave,Psychic,NastyPlot,Protect|Timid||F|||50|]Sinistcha||CobaBerry|Hospitality|MatchaGotcha,Protect,RagePowder,CalmMind|Bold|||||50|]Raichu||RaichuniteY|LightningRod|FakeOut,ZapCannon,FocusBlast,Protect|Timid||M|||50|]Maushold||FocusSash|FriendGuard|SuperFang,FollowMe,Taunt,Protect|Jolly|||||50|
|inactive|Battle timer is ON: inactive players will automatically lose when time's up. (requested by GlitchXDGOAT)
|inactive|Scriptorik has 60 seconds left.
|inactive|GlitchXDGOAT has 60 seconds left.
|
|t:|1783793251
|teamsize|p1|4
|teamsize|p2|4
|start
|switch|p1a: Toxapex|Toxapex, L50, F|100/100
|switch|p1b: Incineroar|Incineroar, L50, F|100/100
|switch|p2a: Milotic|Milotic, L50, M|100/100
|switch|p2b: Dragapult|Dragapult, L50, M|100/100
|-ability|p1b: Incineroar|Intimidate|boost
|-unboost|p2a: Milotic|atk|1
|-ability|p2a: Milotic|Competitive|boost
|-boost|p2a: Milotic|spa|2
|-fail|p2b: Dragapult|unboost|[from] ability: Clear Body|[of] p2b: Dragapult
|turn|1
|inactive|Scriptorik has 30 seconds left.
|inactive|GlitchXDGOAT has 30 seconds left.
|
|t:|1783793288
|move|p1b: Incineroar|Fake Out|p2a: Milotic
|-damage|p2a: Milotic|88/100
|move|p2b: Dragapult|Thunder Wave|p1a: Toxapex
|-status|p1a: Toxapex|par
|cant|p2a: Milotic|flinch
|move|p1a: Toxapex|Toxic|p2a: Milotic
|-status|p2a: Milotic|tox
|
|-heal|p2a: Milotic|94/100 tox|[from] item: Leftovers
|-damage|p2a: Milotic|88/100 tox|[from] psn
|upkeep
|turn|2
|
|t:|1783793303
|switch|p1b: Sinistcha|Sinistcha, L50|100/100
|move|p2b: Dragapult|Hex|p1a: Toxapex
|-damage|p1a: Toxapex|52/100 par
|move|p2a: Milotic|Muddy Water|p1a: Toxapex|[spread] p1b
|-miss|p2a: Milotic|p1a: Toxapex
|-resisted|p1b: Sinistcha|1
|-damage|p1b: Sinistcha|78/100
|move|p1a: Toxapex|Infestation|p2a: Milotic
|-damage|p2a: Milotic|86/100 tox
|-activate|p2a: Milotic|move: Infestation|[of] p1a: Toxapex
|
|-heal|p2a: Milotic|92/100 tox|[from] item: Leftovers
|-heal|p1a: Toxapex|57/100 par|[from] item: Leftovers
|-damage|p2a: Milotic|80/100 tox|[from] psn
|-damage|p2a: Milotic|67/100 tox|[from] move: Infestation|[partiallytrapped]
|upkeep
|turn|3
|inactive|Scriptorik has 30 seconds left.
|
|t:|1783793331
|move|p2b: Dragapult|Thunder Wave|p1b: Sinistcha
|-status|p1b: Sinistcha|par
|move|p2a: Milotic|Muddy Water|p1a: Toxapex|[spread] p1b
|-miss|p2a: Milotic|p1a: Toxapex
|-resisted|p1b: Sinistcha|1
|-damage|p1b: Sinistcha|56/100 par
|-unboost|p1b: Sinistcha|accuracy|1
|move|p1b: Sinistcha|Life Dew|p1b: Sinistcha|[spread] p1a,p1b
|-heal|p1a: Toxapex|82/100 par
|-heal|p1b: Sinistcha|81/100 par
|move|p1a: Toxapex|Toxic|p2b: Dragapult
|-status|p2b: Dragapult|tox
|
|-heal|p2a: Milotic|73/100 tox|[from] item: Leftovers
|-heal|p1a: Toxapex|88/100 par|[from] item: Leftovers
|-damage|p2b: Dragapult|93/100 tox|[from] psn
|-damage|p2a: Milotic|55/100 tox|[from] psn
|-damage|p2a: Milotic|43/100 tox|[from] move: Infestation|[partiallytrapped]
|upkeep
|turn|4
|
|t:|1783793348
|move|p1b: Sinistcha|Protect|p1b: Sinistcha
|-singleturn|p1b: Sinistcha|Protect
|move|p1a: Toxapex|Baneful Bunker|p1a: Toxapex
|-singleturn|p1a: Toxapex|move: Protect
|move|p2b: Dragapult|Hex|p1b: Sinistcha
|-activate|p1b: Sinistcha|move: Protect
|move|p2a: Milotic|Muddy Water|p1b: Sinistcha|[spread] 
|-activate|p1a: Toxapex|move: Protect
|-activate|p1b: Sinistcha|move: Protect
|
|-heal|p2a: Milotic|49/100 tox|[from] item: Leftovers
|-heal|p1a: Toxapex|94/100 par|[from] item: Leftovers
|-damage|p2b: Dragapult|81/100 tox|[from] psn
|-damage|p2a: Milotic|25/100 tox|[from] psn
|-damage|p2a: Milotic|12/100 tox|[from] move: Infestation|[partiallytrapped]
|upkeep
|turn|5
|
|t:|1783793357
|cant|p1a: Toxapex|par
|move|p1b: Sinistcha|Rage Powder|p1b: Sinistcha
|-singleturn|p1b: Sinistcha|move: Rage Powder
|move|p2b: Dragapult|Hex|p1b: Sinistcha
|-supereffective|p1b: Sinistcha|1
|-enditem|p1b: Sinistcha|Kasib Berry|[eat]
|-enditem|p1b: Sinistcha|Kasib Berry|[weaken]
|-damage|p1b: Sinistcha|29/100 par
|move|p2a: Milotic|Muddy Water|p1a: Toxapex|[spread] p1a,p1b
|-resisted|p1a: Toxapex|1
|-resisted|p1b: Sinistcha|1
|-damage|p1a: Toxapex|75/100 par
|-damage|p1b: Sinistcha|7/100 par
|-unboost|p1b: Sinistcha|accuracy|1
|
|-heal|p2a: Milotic|18/100 tox|[from] item: Leftovers
|-heal|p1a: Toxapex|81/100 par|[from] item: Leftovers
|-damage|p2b: Dragapult|63/100 tox|[from] psn
|-damage|p2a: Milotic|0 fnt|[from] psn
|faint|p2a: Milotic
|upkeep
|
|t:|1783793372
|switch|p2a: Maushold|Maushold, L50|100/100
|turn|6
|
|t:|1783793378
|move|p1b: Sinistcha|Rage Powder|p1b: Sinistcha
|-singleturn|p1b: Sinistcha|move: Rage Powder
|move|p2b: Dragapult|Hex|p1b: Sinistcha
|-supereffective|p1b: Sinistcha|1
|-damage|p1b: Sinistcha|0 fnt
|faint|p1b: Sinistcha
|move|p2a: Maushold|Super Fang|p1a: Toxapex|[miss]
|-miss|p2a: Maushold|p1a: Toxapex
|move|p1a: Toxapex|Toxic|p2a: Maushold
|-status|p2a: Maushold|tox
|
|-heal|p1a: Toxapex|87/100 par|[from] item: Leftovers
|-damage|p2b: Dragapult|39/100 tox|[from] psn
|-damage|p2a: Maushold|93/100 tox|[from] psn
|upkeep
|
|t:|1783793387
|switch|p1b: Incineroar|Incineroar, L50, F|100/100
|-ability|p1b: Incineroar|Intimidate|boost
|-unboost|p2a: Maushold|atk|1
|-fail|p2b: Dragapult|unboost|[from] ability: Clear Body|[of] p2b: Dragapult
|turn|7
|-message|Scriptorik forfeited.
|
|win|GlitchXDGOAT
|l|☆Scriptorik
|player|p2|
||Scriptorik is ready for game 2.
|c|☆GlitchXDGOAT|GG
||GlitchXDGOAT is ready for game 2.
|uhtml|next|Next: Game 2 of 3
