|j|☆LuixenS
|j|☆redemption22
|html|LuixenSredemption22    
|uhtml|bestof|Game 2 of a best-of-3
|t:|1754219932
|gametype|doubles
|player|p1|LuixenS|harmony|1208
|player|p2|redemption22|1|1179
|gen|9
|tier|[Gen 9] VGC 2025 Reg H (Bo3)
|rated|
|rule|Species Clause: Limit one of each Pokémon
|rule|Item Clause: Limit 1 of each item
|clearpoke
|poke|p1|Incineroar, L50, F|
|poke|p1|Amoonguss, L50, M|
|poke|p1|Annihilape, L50, M|
|poke|p1|Ninetales-Alola, L50, F|
|poke|p1|Rillaboom, L50, F|
|poke|p1|Drifblim, L50, F|
|poke|p2|Dondozo, L50, M|
|poke|p2|Tatsugiri-Droopy, L50, M|
|poke|p2|Gholdengo, L50|
|poke|p2|Dragonite, L50, M|
|poke|p2|Talonflame, L50, M|
|poke|p2|Sneasler, L50, F|
|teampreview|4
|showteam|p1|Incineroar||AssaultVest|Intimidate|FakeOut,KnockOff,FlareBlitz,Uturn|||F|||50|,,,,,Ghost]Amoonguss||RockyHelmet|Regenerator|PollenPuff,ClearSmog,RagePowder,Spore|||M|||50|,,,,,Fairy]Annihilape||Leftovers|Defiant|RageFist,DrainPunch,BulkUp,Protect|||M|||50|,,,,,Fire]Ninetales-Alola||CovertCloak|SnowWarning|Blizzard,Encore,Moonblast,AuroraVeil|||F|||50|,,,,,Fire]Rillaboom||MiracleSeed|GrassySurge|Uturn,WoodHammer,GrassyGlide,FakeOut|||F|||50|,,,,,Fire]Drifblim||GrassySeed|Unburden|WillOWisp,Haze,IcyWind,ShadowBall|||F|||50|,,,,,Dark
|showteam|p2|Dondozo||Leftovers|Unaware|Protect,OrderUp,Earthquake,BodyPress|||M|||50|,,,,,Grass]Tatsugiri-Droopy||ChoiceScarf|Commander|DracoMeteor,MuddyWater,IcyWind,DragonPulse|||M|||50|,,,,,Steel]Gholdengo||ChoiceSpecs|GoodasGold|Thunderbolt,ShadowBall,MakeItRain,PowerGem||||||50|,,,,,Steel]Dragonite||ChoiceBand|InnerFocus|ExtremeSpeed,AerialAce,Outrage,IceSpinner|||M|||50|,,,,,Normal]Talonflame||CovertCloak|GaleWings|BraveBird,Tailwind,Taunt,FlareBlitz|||M|||50|,,,,,Stellar]Sneasler||FocusSash|PoisonTouch|CloseCombat,FakeOut,ThroatChop,DireClaw|||F|||50|,,,,,Stellar
|inactive|Battle timer is ON: inactive players will automatically lose when time's up. (requested by LuixenS)
|inactive|redemption22 has 60 seconds left.
|
|t:|1754219974
|teamsize|p1|4
|teamsize|p2|4
|start
|switch|p1a: Incineroar|Incineroar, L50, F|100/100
|switch|p1b: Annihilape|Annihilape, L50, M|100/100
|switch|p2a: Talonflame|Talonflame, L50, M|100/100
|switch|p2b: Gholdengo|Gholdengo, L50|100/100
|-ability|p1a: Incineroar|Intimidate|boost
|-unboost|p2a: Talonflame|atk|1
|-unboost|p2b: Gholdengo|atk|1
|turn|1
|
|t:|1754219989
|move|p2a: Talonflame|Taunt|p1b: Annihilape
|-start|p1b: Annihilape|move: Taunt
|move|p2b: Gholdengo|Power Gem|p1a: Incineroar
|-supereffective|p1a: Incineroar
|-damage|p1a: Incineroar|53/100
|cant|p1b: Annihilape|move: Taunt|Bulk Up
|move|p1a: Incineroar|Knock Off|p2a: Talonflame
|-damage|p2a: Talonflame|41/100
|-enditem|p2a: Talonflame|Covert Cloak|[from] move: Knock Off|[of] p1a: Incineroar
|
|upkeep
|turn|2
|
|t:|1754220008
|move|p2a: Talonflame|Brave Bird|p1a: Incineroar
|-damage|p1a: Incineroar|29/100
|-damage|p2a: Talonflame|31/100|[from] Recoil
|move|p2b: Gholdengo|Power Gem|p1a: Incineroar
|-supereffective|p1a: Incineroar
|-damage|p1a: Incineroar|0 fnt
|faint|p1a: Incineroar
|move|p1b: Annihilape|Rage Fist|p2b: Gholdengo
|-supereffective|p2b: Gholdengo
|-damage|p2b: Gholdengo|52/100
|
|upkeep
|
|t:|1754220019
|switch|p1a: Rillaboom|Rillaboom, L50, F, shiny|100/100
|-fieldstart|move: Grassy Terrain|[from] ability: Grassy Surge|[of] p1a: Rillaboom
|turn|3
|
|t:|1754220034
|switch|p2b: Dragonite|Dragonite, L50, M|100/100
|move|p1a: Rillaboom|Fake Out|p2a: Talonflame
|-damage|p2a: Talonflame|10/100
|cant|p2a: Talonflame|flinch
|move|p1b: Annihilape|Rage Fist|p2b: Dragonite
|-damage|p2b: Dragonite|75/100
|
|-end|p1b: Annihilape|move: Taunt
|upkeep
|turn|4
|inactive|redemption22 has 30 seconds left.
|
|t:|1754220060
|switch|p2a: Gholdengo|Gholdengo, L50|52/100
|move|p1a: Rillaboom|Grassy Glide|p2a: Gholdengo
|-resisted|p2a: Gholdengo
|-damage|p2a: Gholdengo|31/100
|move|p2b: Dragonite|Outrage|p1a: Rillaboom
|-damage|p1a: Rillaboom|0 fnt
|faint|p1a: Rillaboom
|move|p1b: Annihilape|Bulk Up|p1b: Annihilape
|-boost|p1b: Annihilape|atk|1
|-boost|p1b: Annihilape|def|1
|
|-heal|p2a: Gholdengo|37/100|[from] Grassy Terrain
|upkeep
|
|t:|1754220067
|switch|p1a: Drifblim|Drifblim, L50, F|100/100
|-enditem|p1a: Drifblim|Grassy Seed
|-boost|p1a: Drifblim|def|1|[from] item: Grassy Seed
|turn|5
|
|t:|1754220082
|move|p1a: Drifblim|Icy Wind|p2a: Gholdengo|[spread] p2a,p2b
|-resisted|p2a: Gholdengo
|-supereffective|p2b: Dragonite
|-damage|p2a: Gholdengo|30/100
|-damage|p2b: Dragonite|22/100
|-unboost|p2a: Gholdengo|spe|1
|-unboost|p2b: Dragonite|spe|1
|move|p1b: Annihilape|Rage Fist|p2a: Gholdengo
|-supereffective|p2a: Gholdengo
|-damage|p2a: Gholdengo|0 fnt
|faint|p2a: Gholdengo
|move|p2b: Dragonite|Outrage|p1a: Drifblim|[from] lockedmove
|-damage|p1a: Drifblim|0 fnt
|faint|p1a: Drifblim
|-start|p2b: Dragonite|confusion|[fatigue]
|
|upkeep
|inactive|redemption22 has 30 seconds left.
|
|t:|1754220108
|switch|p2a: Sneasler|Sneasler, L50, F|100/100
|turn|6
|
|t:|1754220115
|-terastallize|p2a: Sneasler|Stellar
|move|p2a: Sneasler|Dire Claw|p1b: Annihilape
|-resisted|p1b: Annihilape
|-damage|p1b: Annihilape|82/100
|move|p1b: Annihilape|Rage Fist|p2b: Dragonite
|-damage|p2b: Dragonite|0 fnt
|faint|p2b: Dragonite
|
|-heal|p1b: Annihilape|88/100|[from] Grassy Terrain
|-heal|p1b: Annihilape|94/100|[from] item: Leftovers
|upkeep
|
|t:|1754220123
|switch|p2b: Talonflame|Talonflame, L50, M|10/100
|turn|7
|
|t:|1754220135
|move|p2a: Sneasler|Dire Claw|p1b: Annihilape
|-resisted|p1b: Annihilape
|-damage|p1b: Annihilape|82/100
|-status|p1b: Annihilape|slp
|move|p2b: Talonflame|Brave Bird|p1b: Annihilape
|-supereffective|p1b: Annihilape
|-damage|p1b: Annihilape|22/100 slp
|-damage|p2b: Talonflame|0 fnt|[from] Recoil
|faint|p2b: Talonflame
|cant|p1b: Annihilape|slp
|
|-heal|p1b: Annihilape|28/100 slp|[from] Grassy Terrain
|-heal|p1b: Annihilape|34/100 slp|[from] item: Leftovers
|-fieldend|move: Grassy Terrain
|upkeep
|turn|8
|
|t:|1754220148
|move|p2a: Sneasler|Throat Chop|p1b: Annihilape
|-damage|p1b: Annihilape|14/100 slp
|-start|p1b: Annihilape|Throat Chop|[silent]
|cant|p1b: Annihilape|slp
|
|-heal|p1b: Annihilape|20/100 slp|[from] item: Leftovers
|upkeep
|turn|9
|
|t:|1754220152
|cant|p1b: Annihilape|slp
|move|p2a: Sneasler|Throat Chop|p1b: Annihilape
|-damage|p1b: Annihilape|2/100 slp
|
|-heal|p1b: Annihilape|8/100 slp|[from] item: Leftovers
|-end|p1b: Annihilape|Throat Chop|[silent]
|upkeep
|turn|10
|c|☆LuixenS|ok ggs
|
|t:|1754220158
|-curestatus|p1b: Annihilape|slp|[msg]
|move|p1b: Annihilape|Protect|p1b: Annihilape
|-singleturn|p1b: Annihilape|Protect
|move|p2a: Sneasler|Dire Claw|p1b: Annihilape
|-activate|p1b: Annihilape|move: Protect
|
|-heal|p1b: Annihilape|14/100|[from] item: Leftovers
|upkeep
|turn|11
|c|☆LuixenS|Sneasler gameplay i guess
|
|t:|1754220170
|move|p2a: Sneasler|Throat Chop|p1b: Annihilape
|-damage|p1b: Annihilape|0 fnt
|faint|p1b: Annihilape
|
|win|redemption22
|raw|LuixenS's rating: 1208 → 1181(-27 for losing)
|raw|redemption22's rating: 1179 → 1206(+27 for winning)
|l|☆LuixenS
|player|p1|
