|j|☆Perhaps Perish?
|j|☆ScrewSalesman
|html|Perhaps Perish?ScrewSalesman    
|uhtml|bestof|Game 1 of a best-of-3
|t:|1757721486
|gametype|doubles
|player|p1|Perhaps Perish?|steven|1276
|player|p2|ScrewSalesman|cynthia-gen4|1339
|gen|9
|tier|[Gen 9] VGC 2025 Reg H (Bo3)
|rated|
|rule|Species Clause: Limit one of each Pokémon
|rule|Item Clause: Limit 1 of each item
|clearpoke
|poke|p1|Greninja-*, L50, F|
|poke|p1|Archaludon, L50, F|
|poke|p1|Sinistcha, L50|
|poke|p1|Pelipper, L50, M|
|poke|p1|Annihilape, L50, M|
|poke|p1|Basculegion, L50, M|
|poke|p2|Porygon2, L50|
|poke|p2|Incineroar, L50, F|
|poke|p2|Ursaluna, L50, M|
|poke|p2|Jumpluff, L50, F|
|poke|p2|Charizard, L50, F|
|poke|p2|Torkoal, L50, F|
|teampreview|4
|showteam|p1|Greninja||LoadedDice|Torrent|WaterShuriken,DarkPulse,Haze,Taunt|||F|||50|,,,,,Ghost]Archaludon||AssaultVest|Stamina|ElectroShot,DragonPulse,Snarl,BodyPress|||F|||50|,,,,,Grass]Sinistcha||SitrusBerry|Hospitality|LifeDew,TrickRoom,RagePowder,MatchaGotcha||||||50|,,,,,Water]Pelipper||CovertCloak|Drizzle|WeatherBall,Hurricane,Tailwind,Protect|||M|||50|,,,,,Grass]Annihilape||ChoiceScarf|Defiant|FinalGambit,CloseCombat,RageFist,Uturn|||M|||50|,,,,,Grass]Basculegion||ChoiceBand|SwiftSwim|WaveCrash,LastRespects,AquaJet,FlipTurn|||M|||50|,,,,,Water
|showteam|p2|Porygon2||Eviolite|Download|TeraBlast,IceBeam,TrickRoom,Recover||||||50|,,,,,Fighting]Incineroar||SitrusBerry|Intimidate|FakeOut,KnockOff,FlareBlitz,PartingShot|||F|||50|,,,,,Ghost]Ursaluna||FlameOrb|Guts|HeadlongRush,Facade,Earthquake,Protect|||M|||50|,,,,,Ghost]Jumpluff||CovertCloak|Chlorophyll|RagePowder,SunnyDay,Tailwind,SleepPowder|||F|||50|,,,,,Water]Charizard||ChoiceSpecs|SolarPower|HeatWave,Overheat,WeatherBall,SolarBeam|||F|||50|,,,,,Ghost]Torkoal||EjectPack|Drought|Overheat,Eruption,HelpingHand,Protect|||F|||50|,,,,,Fire
|inactive|Battle timer is ON: inactive players will automatically lose when time's up. (requested by ScrewSalesman)
|inactive|Perhaps Perish? has 60 seconds left.
|
|t:|1757721525
|teamsize|p1|4
|teamsize|p2|4
|start
|switch|p1a: good pokemon|Greninja, L50, F, shiny|100/100
|switch|p1b: Bridge/Stapeler?|Archaludon, L50, F, shiny|100/100
|switch|p2a: Jumpluff|Jumpluff, L50, F|100/100
|switch|p2b: Ursaluna|Ursaluna, L50, M|100/100
|turn|1
|inactive|Perhaps Perish? has 30 seconds left.
|inactive|ScrewSalesman has 30 seconds left.
|
|t:|1757721557
|-terastallize|p1b: Bridge/Stapeler?|Grass
|move|p2a: Jumpluff|Rage Powder|p2a: Jumpluff
|-singleturn|p2a: Jumpluff|move: Rage Powder
|move|p1a: good pokemon|Water Shuriken|p2a: Jumpluff
|-resisted|p2a: Jumpluff
|-damage|p2a: Jumpluff|97/100
|-resisted|p2a: Jumpluff
|-damage|p2a: Jumpluff|94/100
|-resisted|p2a: Jumpluff
|-damage|p2a: Jumpluff|90/100
|-resisted|p2a: Jumpluff
|-damage|p2a: Jumpluff|87/100
|-resisted|p2a: Jumpluff
|-damage|p2a: Jumpluff|84/100
|-hitcount|p2a: Jumpluff|5
|move|p1b: Bridge/Stapeler?|Body Press|p2b: Ursaluna
|-supereffective|p2b: Ursaluna
|-damage|p2b: Ursaluna|61/100
|move|p2b: Ursaluna|Earthquake|p1b: Bridge/Stapeler?|[spread] p1a,p1b
|-immune|p2a: Jumpluff
|-resisted|p1b: Bridge/Stapeler?
|-damage|p1a: good pokemon|28/100
|-damage|p1b: Bridge/Stapeler?|84/100
|-ability|p1b: Bridge/Stapeler?|Stamina|boost
|-boost|p1b: Bridge/Stapeler?|def|1
|
|-status|p2b: Ursaluna|brn|[from] item: Flame Orb
|upkeep
|turn|2
|j| TheOneAndOnlyChat
|inactive|ScrewSalesman has 30 seconds left.
|inactive|ScrewSalesman has 20 seconds left.
|inactive|ScrewSalesman has 15 seconds left.
|
|t:|1757721597
|-terastallize|p2b: Ursaluna|Ghost
|move|p2a: Jumpluff|Rage Powder|p2a: Jumpluff
|-singleturn|p2a: Jumpluff|move: Rage Powder
|move|p1a: good pokemon|Taunt|p2a: Jumpluff
|-start|p2a: Jumpluff|move: Taunt
|move|p1b: Bridge/Stapeler?|Snarl|p2a: Jumpluff|[spread] p2a,p2b
|-supereffective|p2b: Ursaluna
|-damage|p2a: Jumpluff|70/100
|-damage|p2b: Ursaluna|40/100 brn
|-unboost|p2b: Ursaluna|spa|1
|move|p2b: Ursaluna|Facade|p1b: Bridge/Stapeler?
|-damage|p1b: Bridge/Stapeler?|22/100
|-ability|p1b: Bridge/Stapeler?|Stamina|boost
|-boost|p1b: Bridge/Stapeler?|def|1
|
|-damage|p2b: Ursaluna|35/100 brn|[from] brn
|upkeep
|turn|3
|inactive|Perhaps Perish? has 30 seconds left.
|inactive|ScrewSalesman has 30 seconds left.
|inactive|Perhaps Perish? has 20 seconds left.
|inactive|Perhaps Perish? has 15 seconds left.
|
|t:|1757721638
|switch|p2a: Torkoal|Torkoal, L50, F|100/100
|-weather|SunnyDay|[from] ability: Drought|[of] p2a: Torkoal
|move|p1a: good pokemon|Dark Pulse|p2b: Ursaluna
|-supereffective|p2b: Ursaluna
|-damage|p2b: Ursaluna|0 fnt
|faint|p2b: Ursaluna
|move|p1b: Bridge/Stapeler?|Body Press|p2a: Torkoal
|-damage|p2a: Torkoal|67/100
|
|-weather|SunnyDay|[upkeep]
|upkeep
|
|t:|1757721652
|switch|p2b: Porygon2|Porygon2, L50, shiny|100/100
|-ability|p2b: Porygon2|Download|boost
|-boost|p2b: Porygon2|spa|1
|turn|4
|
|t:|1757721668
|move|p1a: good pokemon|Taunt|p2b: Porygon2
|-start|p2b: Porygon2|move: Taunt
|move|p1b: Bridge/Stapeler?|Snarl|p2b: Porygon2|[spread] p2a,p2b
|-damage|p2a: Torkoal|52/100
|-damage|p2b: Porygon2|94/100
|-unboost|p2a: Torkoal|spa|1
|-unboost|p2b: Porygon2|spa|1
|-enditem|p2a: Torkoal|Eject Pack
|
|t:|1757721676
|switch|p2a: Jumpluff|Jumpluff, L50, F|70/100
|cant|p2b: Porygon2|move: Taunt|Trick Room
|
|-weather|SunnyDay|[upkeep]
|upkeep
|turn|5
|inactive|Perhaps Perish? has 30 seconds left.
|
|t:|1757721705
|switch|p1a: cupa|Sinistcha, L50|100/100
|-heal|p1b: Bridge/Stapeler?|47/100|[from] ability: Hospitality|[of] p1a: cupa
|move|p2a: Jumpluff|Tailwind|p2a: Jumpluff
|-sidestart|p2: ScrewSalesman|move: Tailwind
|move|p2b: Porygon2|Ice Beam|p1b: Bridge/Stapeler?
|-supereffective|p1b: Bridge/Stapeler?
|-damage|p1b: Bridge/Stapeler?|13/100
|-ability|p1b: Bridge/Stapeler?|Stamina|boost
|-boost|p1b: Bridge/Stapeler?|def|1
|move|p1b: Bridge/Stapeler?|Snarl|p2b: Porygon2|[spread] p2a,p2b
|-damage|p2a: Jumpluff|57/100
|-damage|p2b: Porygon2|86/100
|-unboost|p2b: Porygon2|spa|1
|
|-weather|SunnyDay|[upkeep]
|upkeep
|turn|6
|inactive|Perhaps Perish? has 30 seconds left.
|
|t:|1757721733
|move|p1a: cupa|Rage Powder|p1a: cupa
|-singleturn|p1a: cupa|move: Rage Powder
|move|p2a: Jumpluff|Sunny Day||[still]
|-fail|p2a: Jumpluff
|move|p2b: Porygon2|Ice Beam|p1a: cupa
|-supereffective|p1a: cupa
|-damage|p1a: cupa|69/100
|move|p1b: Bridge/Stapeler?|Body Press|p2b: Porygon2
|-supereffective|p2b: Porygon2
|-damage|p2b: Porygon2|11/100
|
|-weather|SunnyDay|[upkeep]
|-end|p2b: Porygon2|move: Taunt
|upkeep
|turn|7
|
|t:|1757721756
|switch|p2a: Torkoal|Torkoal, L50, F|52/100
|move|p1a: cupa|Rage Powder|p1a: cupa
|-singleturn|p1a: cupa|move: Rage Powder
|move|p2b: Porygon2|Recover|p2b: Porygon2
|-heal|p2b: Porygon2|61/100
|move|p1b: Bridge/Stapeler?|Body Press|p2b: Porygon2
|-supereffective|p2b: Porygon2
|-crit|p2b: Porygon2
|-damage|p2b: Porygon2|0 fnt
|faint|p2b: Porygon2
|
|-weather|none
|upkeep
|
|t:|1757721759
|switch|p2b: Jumpluff|Jumpluff, L50, F|57/100
|turn|8
|inactive|Perhaps Perish? has 30 seconds left.
|
|t:|1757721790
|move|p2b: Jumpluff|Sunny Day|p2b: Jumpluff
|-weather|SunnyDay
|move|p1b: Bridge/Stapeler?|Body Press|p2a: Torkoal
|-damage|p2a: Torkoal|3/100
|move|p1a: cupa|Matcha Gotcha|p2b: Jumpluff|[spread] p2a,p2b
|-resisted|p2a: Torkoal
|-resisted|p2b: Jumpluff
|-damage|p2a: Torkoal|0 fnt
|-heal|p1a: cupa|71/100|[from] drain|[of] p2a: Torkoal
|-damage|p2b: Jumpluff|51/100
|-heal|p1a: cupa|74/100|[from] drain|[of] p2b: Jumpluff
|faint|p2a: Torkoal
|
|-weather|SunnyDay|[upkeep]
|-sideend|p2: ScrewSalesman|move: Tailwind
|upkeep
|turn|9
|-message|ScrewSalesman forfeited.
|
|win|Perhaps Perish?
||ScrewSalesman is ready for game 2.
||Perhaps Perish? is ready for game 2.
|uhtml|next|Next: Game 2 of 3
|l|☆Perhaps Perish?
|player|p1|
|l| theoneandonlychat
