|j|☆VarMANOLO
|j|☆Gamemunkie
|html|VarMANOLOGamemunkie    
|uhtml|bestof|Game 2 of a best-of-3
|t:|1782762421
|gametype|doubles
|player|p1|VarMANOLO|hilbert|1204
|player|p2|Gamemunkie|2|1122
|gen|9
|tier|[Gen 9 Champions] VGC 2026 Reg M-B (Bo3)
|rated|
|rule|Species Clause: Limit one of each Pokémon
|rule|Item Clause: Limit 1 of each item
|clearpoke
|poke|p1|Pyroar, L50, M|
|poke|p1|Torkoal, L50, F|
|poke|p1|Farigiraf, L50, M|
|poke|p1|Garchomp, L50, M|
|poke|p1|Whimsicott, L50, M|
|poke|p1|Kingambit, L50, M|
|poke|p2|Swampert, L50, M|
|poke|p2|Pelipper, L50, F|
|poke|p2|Whimsicott, L50, M|
|poke|p2|Staraptor, L50, F|
|poke|p2|Archaludon, L50, M|
|poke|p2|Incineroar, L50, F|
|teampreview|4
|showteam|p1|Pyroar||Pyroarite|Unnerve|HeatWave,Overheat,HyperVoice,Protect|Timid||M|||50|]Torkoal||Charcoal|Drought|Eruption,HeatWave,HelpingHand,Protect|Quiet||F|||50|]Farigiraf||SitrusBerry|ArmorTail|Psychic,TrickRoom,HelpingHand,Thunderbolt|Calm||M|||50|]Garchomp||LifeOrb|RoughSkin|DragonClaw,StompingTantrum,RockSlide,Protect|Jolly||M|||50|]Whimsicott||FocusSash|Prankster|Moonblast,Tailwind,HelpingHand,Encore|Timid||M|||50|]Kingambit||ChopleBerry|Defiant|KowtowCleave,SuckerPunch,IronHead,LowKick|Adamant||M|||50|
|showteam|p2|Swampert||Swampertite|Torrent|WaveCrash,Earthquake,Superpower,Protect|Adamant||M|||50|]Pelipper||Leftovers|Drizzle|Tailwind,Hurricane,WeatherBall,Protect|Bold||F|||50|]Whimsicott||FocusSash|Prankster|Tailwind,Charm,EnergyBall,Moonblast|Timid||M|||50|]Staraptor||Staraptite|Intimidate|CloseCombat,DualWingbeat,Roost,Protect|Adamant||F|||50|]Archaludon||ExpertBelt|Sturdy|ElectroShot,Thunderbolt,FlashCannon,DragonPulse|Timid||M|||50|]Incineroar||SitrusBerry|Intimidate|FakeOut,FlareBlitz,DarkestLariat,PartingShot|Adamant||F|||50|
|inactive|Battle timer is ON: inactive players will automatically lose when time's up. (requested by VarMANOLO)
|inactive|VarMANOLO has 60 seconds left.
|
|t:|1782762457
|teamsize|p1|4
|teamsize|p2|4
|start
|switch|p1a: Whimsicott|Whimsicott, L50, M|100/100
|switch|p1b: Garchomp|Garchomp, L50, M|100/100
|switch|p2a: Staraptor|Staraptor, L50, F|100/100
|switch|p2b: Whimsicott|Whimsicott, L50, M|100/100
|-ability|p2a: Staraptor|Intimidate|boost
|-unboost|p1a: Whimsicott|atk|1
|-unboost|p1b: Garchomp|atk|1
|turn|1
|
|t:|1782762479
|detailschange|p2a: Staraptor|Staraptor-Mega, L50, F
|-mega|p2a: Staraptor|Staraptor|Staraptite
|move|p1a: Whimsicott|Tailwind|p1a: Whimsicott
|-sidestart|p1: VarMANOLO|move: Tailwind
|move|p2b: Whimsicott|Tailwind|p2b: Whimsicott
|-sidestart|p2: Gamemunkie|move: Tailwind
|move|p1b: Garchomp|Rock Slide|p2b: Whimsicott|[spread] p2a,p2b
|-damage|p2a: Staraptor|84/100
|-damage|p2b: Whimsicott|73/100
|-damage|p1b: Garchomp|90/100|[from] item: Life Orb
|cant|p2a: Staraptor|flinch
|
|upkeep
|turn|2
|
|t:|1782762499
|switch|p1b: Torkoal|Torkoal, L50, F|100/100
|-weather|SunnyDay|[from] ability: Drought|[of] p1b: Torkoal
|move|p1a: Whimsicott|Moonblast|p2a: Staraptor
|-supereffective|p2a: Staraptor|1
|-damage|p2a: Staraptor|14/100
|move|p2b: Whimsicott|Moonblast|p1b: Torkoal
|-resisted|p1b: Torkoal|1
|-damage|p1b: Torkoal|76/100
|move|p2a: Staraptor|Dual Wingbeat|p1a: Whimsicott
|-supereffective|p1a: Whimsicott|1
|-damage|p1a: Whimsicott|29/100
|-supereffective|p1a: Whimsicott|1
|-damage|p1a: Whimsicott|0 fnt
|faint|p1a: Whimsicott
|-hitcount|p1: Whimsicott|2
|
|-weather|SunnyDay|[upkeep]
|upkeep
|
|t:|1782762515
|switch|p1a: Pyroar|Pyroar, L50, M|100/100
|-ability|p1a: Pyroar|Unnerve
|turn|3
|
|t:|1782762531
|switch|p1b: Garchomp|Garchomp, L50, M|90/100
|detailschange|p1a: Pyroar|Pyroar-Mega, L50, M
|-mega|p1a: Pyroar|Pyroar|Pyroarite
|move|p2b: Whimsicott|Charm|p2a: Staraptor
|-boost|p2a: Staraptor|atk|2
|move|p1a: Pyroar|Heat Wave|p2a: Staraptor|[spread] p2a
|-miss|p1a: Pyroar|p2b: Whimsicott
|-damage|p2a: Staraptor|0 fnt
|faint|p2a: Staraptor
|
|-weather|SunnyDay|[upkeep]
|upkeep
|
|t:|1782762542
|switch|p2a: Incineroar|Incineroar, L50, F|100/100
|-ability|p2a: Incineroar|Intimidate|boost
|-unboost|p1a: Pyroar|atk|1
|-unboost|p1b: Garchomp|atk|1
|turn|4
|
|t:|1782762548
|switch|p1b: Torkoal|Torkoal, L50, F|76/100
|move|p1a: Pyroar|Protect|p1a: Pyroar
|-singleturn|p1a: Pyroar|Protect
|move|p2a: Incineroar|Fake Out|p1a: Pyroar
|-activate|p1a: Pyroar|move: Protect
|move|p2b: Whimsicott|Moonblast|p1b: Torkoal
|-resisted|p1b: Torkoal|1
|-damage|p1b: Torkoal|53/100
|
|-weather|SunnyDay|[upkeep]
|-sideend|p2: Gamemunkie|move: Tailwind
|-sideend|p1: VarMANOLO|move: Tailwind
|upkeep
|turn|5
|
|t:|1782762563
|move|p1b: Torkoal|Helping Hand|p1a: Pyroar
|-singleturn|p1a: Pyroar|Helping Hand|[of] p1b: Torkoal
|move|p2b: Whimsicott|Tailwind|p2b: Whimsicott
|-sidestart|p2: Gamemunkie|move: Tailwind
|move|p1a: Pyroar|Heat Wave|p2a: Incineroar|[spread] p2a,p2b
|-resisted|p2a: Incineroar|1
|-supereffective|p2b: Whimsicott|1
|-damage|p2a: Incineroar|36/100
|-damage|p2b: Whimsicott|0 fnt
|-enditem|p2a: Incineroar|Sitrus Berry|[eat]
|-heal|p2a: Incineroar|60/100|[from] item: Sitrus Berry
|faint|p2b: Whimsicott
|move|p2a: Incineroar|Parting Shot|p1b: Torkoal
|-unboost|p1b: Torkoal|atk|1
|-unboost|p1b: Torkoal|spa|1
|
|t:|1782762576
|switch|p2a: Archaludon|Archaludon, L50, M|100/100|[from] Parting Shot
|
|-weather|SunnyDay|[upkeep]
|upkeep
|
|t:|1782762578
|switch|p2b: Incineroar|Incineroar, L50, F|60/100
|-ability|p2b: Incineroar|Intimidate|boost
|-unboost|p1a: Pyroar|atk|1
|-unboost|p1b: Torkoal|atk|1
|turn|6
|
|t:|1782762590
|switch|p1a: Garchomp|Garchomp, L50, M|90/100
|move|p1b: Torkoal|Protect|p1b: Torkoal
|-singleturn|p1b: Torkoal|Protect
|move|p2b: Incineroar|Fake Out|p1b: Torkoal
|-activate|p1b: Torkoal|move: Protect
|move|p2a: Archaludon|Dragon Pulse|p1a: Garchomp
|-supereffective|p1a: Garchomp|1
|-damage|p1a: Garchomp|0 fnt
|faint|p1a: Garchomp
|
|-weather|none
|upkeep
|
|t:|1782762598
|switch|p1a: Pyroar|Pyroar-Mega, L50, M|100/100
|turn|7
|
|t:|1782762611
|move|p2a: Archaludon|Thunderbolt|p1a: Pyroar
|-damage|p1a: Pyroar|59/100
|move|p1a: Pyroar|Overheat|p2a: Archaludon
|-ability|p2a: Archaludon|Sturdy
|-damage|p2a: Archaludon|1/100
|-unboost|p1a: Pyroar|spa|2
|move|p2b: Incineroar|Darkest Lariat|p1a: Pyroar
|-damage|p1a: Pyroar|7/100
|move|p1b: Torkoal|Heat Wave|p2b: Incineroar|[spread] p2a,p2b
|-resisted|p2b: Incineroar|1
|-damage|p2a: Archaludon|0 fnt
|-damage|p2b: Incineroar|49/100
|faint|p2a: Archaludon
|
|upkeep
|turn|8
|
|t:|1782762627
|move|p1b: Torkoal|Helping Hand|p1a: Pyroar
|-singleturn|p1a: Pyroar|Helping Hand|[of] p1b: Torkoal
|move|p1a: Pyroar|Hyper Voice|p2b: Incineroar
|-damage|p2b: Incineroar|17/100
|move|p2b: Incineroar|Darkest Lariat|p1a: Pyroar
|-damage|p1a: Pyroar|0 fnt
|faint|p1a: Pyroar
|
|-sideend|p2: Gamemunkie|move: Tailwind
|upkeep
|turn|9
|
|t:|1782762636
|move|p2b: Incineroar|Darkest Lariat|p1b: Torkoal
|-damage|p1b: Torkoal|22/100
|move|p1b: Torkoal|Heat Wave|p2b: Incineroar
|-resisted|p2b: Incineroar|1
|-damage|p2b: Incineroar|2/100
|
|upkeep
|turn|10
|
|t:|1782762642
|move|p2b: Incineroar|Darkest Lariat|p1b: Torkoal
|-damage|p1b: Torkoal|0 fnt
|faint|p1b: Torkoal
|
|win|Gamemunkie
|raw|VarMANOLO's rating: 1204 → 1173(-31 for losing)
|raw|Gamemunkie's rating: 1122 → 1153(+31 for winning)
|l|☆VarMANOLO
|player|p1|
|l|☆Gamemunkie
|player|p2|
|j|☆Gamemunkie
|player|p2|Gamemunkie|2|
