|j|☆v_meili
|j|☆karissel
|html|v_meilikarissel    
|uhtml|bestof|Game 3 of a best-of-3
|t:|1785729752
|gametype|doubles
|player|p1|v_meili|elesa|1373
|player|p2|karissel|burgh-masters|1274
|gen|9
|tier|[Gen 9 Champions] VGC 2026 Reg M-B (Bo3)
|rated|
|rule|Species Clause: Limit one of each Pokémon
|rule|Item Clause: Limit 1 of each item
|clearpoke
|poke|p1|Charizard, L50, M|
|poke|p1|Aerodactyl, L50, M|
|poke|p1|Incineroar, L50, M|
|poke|p1|Sylveon, L50, F|
|poke|p1|Farigiraf, L50, F|
|poke|p1|Garchomp, L50, M|
|poke|p2|Arcanine-Hisui, L50, M|
|poke|p2|Staraptor, L50, M|
|poke|p2|Farigiraf, L50, M|
|poke|p2|Sylveon, L50, M|
|poke|p2|Kingambit, L50, M|
|poke|p2|Raichu, L50, F|
|teampreview|4
|showteam|p1|Charizard||CharizarditeY|Blaze|HeatWave,Protect,WeatherBall,SolarBeam|Modest||M|||50|]Aerodactyl||Aerodactylite|RockHead|Tailwind,WideGuard,IceFang,RockSlide|Jolly||M|||50|]Incineroar||SitrusBerry|Intimidate|FakeOut,DarkestLariat,PartingShot,FlareBlitz|Bold||M|||50|]Sylveon||FairyFeather|Pixilate|QuickAttack,Detect,HyperVoice,HyperBeam|Modest||F|||50|]Farigiraf||LumBerry|ArmorTail|Imprison,Psychic,TrickRoom,Protect|Modest||F|||50|]Garchomp||ChoiceScarf|RoughSkin|RockSlide,StompingTantrum,Earthquake,DragonClaw|Jolly||M|||50|
|showteam|p2|Arcanine-Hisui||FocusSash|RockHead|Protect,ExtremeSpeed,HeadSmash,FlareBlitz|Jolly||M|||50|]Staraptor||Staraptite|Intimidate|Tailwind,DualWingbeat,CloseCombat,Protect|Jolly||M|||50|]Farigiraf||SitrusBerry|ArmorTail|Protect,Psychic,TrickRoom,HelpingHand|Calm||M|||50|]Sylveon||FairyFeather|Pixilate|Protect,HyperVoice,HyperBeam,QuickAttack|Modest||M|||50|]Kingambit||LifeOrb|Defiant|SwordsDance,KowtowCleave,SuckerPunch,Protect|Adamant||M|||50|]Raichu||RaichuniteY|LightningRod|Protect,ZapCannon,FakeOut,FocusBlast|Hasty||F|||50|
|inactive|Battle timer is ON: inactive players will automatically lose when time's up. (requested by karissel)
|
|t:|1785729776
|teamsize|p1|4
|teamsize|p2|4
|start
|switch|p1a: Aerodactyl|Aerodactyl, L50, M|100/100
|switch|p1b: Incineroar|Incineroar, L50, M|100/100
|switch|p2a: Arcanine|Arcanine-Hisui, L50, M|100/100
|switch|p2b: Staraptor|Staraptor, L50, M|100/100
|-ability|p2b: Staraptor|Intimidate|boost
|-unboost|p1a: Aerodactyl|atk|1
|-unboost|p1b: Incineroar|atk|1
|-ability|p1b: Incineroar|Intimidate|boost
|-unboost|p2a: Arcanine|atk|1
|-unboost|p2b: Staraptor|atk|1
|turn|1
|
|t:|1785729800
|detailschange|p1a: Aerodactyl|Aerodactyl-Mega, L50, M
|-mega|p1a: Aerodactyl|Aerodactyl|Aerodactylite
|detailschange|p2b: Staraptor|Staraptor-Mega, L50, M
|-mega|p2b: Staraptor|Staraptor|Staraptite
|move|p1b: Incineroar|Fake Out|p2b: Staraptor
|-damage|p2b: Staraptor|92/100
|move|p1a: Aerodactyl|Rock Slide|p2b: Staraptor|[spread] p2a,p2b
|-supereffective|p2a: Arcanine|1
|-damage|p2a: Arcanine|58/100
|-damage|p2b: Staraptor|75/100
|cant|p2b: Staraptor|flinch
|cant|p2a: Arcanine|flinch
|
|upkeep
|turn|2
|
|t:|1785729824
|move|p1a: Aerodactyl|Tailwind|p1a: Aerodactyl
|-sidestart|p1: v_meili|move: Tailwind
|move|p2b: Staraptor|Close Combat|p1b: Incineroar
|-supereffective|p1b: Incineroar|1
|-damage|p1b: Incineroar|33/100
|-boost|p2b: Staraptor|def|1
|-boost|p2b: Staraptor|spd|1
|-enditem|p1b: Incineroar|Sitrus Berry|[eat]
|-heal|p1b: Incineroar|58/100|[from] item: Sitrus Berry
|move|p1b: Incineroar|Darkest Lariat|p2b: Staraptor
|-resisted|p2b: Staraptor|1
|-damage|p2b: Staraptor|63/100
|move|p2a: Arcanine|Head Smash|p1a: Aerodactyl
|-supereffective|p1a: Aerodactyl|1
|-damage|p1a: Aerodactyl|3/100
|
|upkeep
|turn|3
|
|t:|1785729848
|move|p2a: Arcanine|Extreme Speed|p1a: Aerodactyl
|-resisted|p1a: Aerodactyl|1
|-damage|p1a: Aerodactyl|0 fnt
|faint|p1a: Aerodactyl
|move|p2b: Staraptor|Close Combat|p1b: Incineroar
|-supereffective|p1b: Incineroar|1
|-damage|p1b: Incineroar|0 fnt
|-boost|p2b: Staraptor|def|1
|-boost|p2b: Staraptor|spd|1
|faint|p1b: Incineroar
|
|upkeep
|
|t:|1785729852
|switch|p1a: Farigiraf|Farigiraf, L50, F|100/100
|switch|p1b: Garchomp|Garchomp, L50, M|100/100
|turn|4
|inactive|v_meili has 30 seconds left.
|inactive|karissel has 30 seconds left.
|inactive|v_meili has 20 seconds left.
|inactive|v_meili has 15 seconds left.
|
|t:|1785729898
|move|p2a: Arcanine|Protect|p2a: Arcanine
|-singleturn|p2a: Arcanine|Protect
|move|p1b: Garchomp|Stomping Tantrum|p2a: Arcanine
|-activate|p2a: Arcanine|move: Protect
|move|p2b: Staraptor|Close Combat|p1a: Farigiraf
|-damage|p1a: Farigiraf|69/100
|-boost|p2b: Staraptor|def|1
|-boost|p2b: Staraptor|spd|1
|move|p1a: Farigiraf|Imprison|p1a: Farigiraf
|-start|p1a: Farigiraf|move: Imprison
|
|upkeep
|turn|5
|
|t:|1785729916
|move|p1b: Garchomp|Stomping Tantrum|p2a: Arcanine
|-supereffective|p2a: Arcanine|2
|-damage|p2a: Arcanine|0 fnt
|faint|p2a: Arcanine
|move|p2b: Staraptor|Close Combat|p1a: Farigiraf
|-damage|p1a: Farigiraf|37/100
|-boost|p2b: Staraptor|def|1
|-boost|p2b: Staraptor|spd|1
|move|p1a: Farigiraf|Psychic|p2b: Staraptor
|-supereffective|p2b: Staraptor|1
|-damage|p2b: Staraptor|37/100
|
|-sideend|p1: v_meili|move: Tailwind
|upkeep
|
|t:|1785729926
|switch|p2a: Farigiraf|Farigiraf, L50, M|100/100
|turn|6
|
|t:|1785729942
|move|p2a: Farigiraf|Helping Hand|p2b: Staraptor
|-singleturn|p2b: Staraptor|Helping Hand|[of] p2a: Farigiraf
|move|p1a: Farigiraf|Protect|p1a: Farigiraf
|-singleturn|p1a: Farigiraf|Protect
|move|p1b: Garchomp|Stomping Tantrum|p2a: Farigiraf
|-damage|p2a: Farigiraf|62/100
|move|p2b: Staraptor|Close Combat|p1a: Farigiraf
|-activate|p1a: Farigiraf|move: Protect
|
|upkeep
|turn|7
|
|t:|1785729949
|move|p2a: Farigiraf|Helping Hand|p2b: Staraptor
|-singleturn|p2b: Staraptor|Helping Hand|[of] p2a: Farigiraf
|move|p1a: Farigiraf|Protect||[still]
|-fail|p1a: Farigiraf
|move|p1b: Garchomp|Stomping Tantrum|p2a: Farigiraf
|-damage|p2a: Farigiraf|26/100
|-enditem|p2a: Farigiraf|Sitrus Berry|[eat]
|-heal|p2a: Farigiraf|51/100|[from] item: Sitrus Berry
|move|p2b: Staraptor|Close Combat|p1a: Farigiraf
|-damage|p1a: Farigiraf|0 fnt
|-boost|p2b: Staraptor|def|1
|-boost|p2b: Staraptor|spd|1
|faint|p1a: Farigiraf
|
|upkeep
|turn|8
|c|☆v_meili|ggwp
|-message|v_meili forfeited.
|
|win|karissel
|raw|v_meili's rating: 1373 → 1347(-26 for losing)
|raw|karissel's rating: 1274 → 1306(+32 for winning)
