|j|☆4nye
|j|☆MommaGart
|html|4nyeMommaGart    
|uhtml|bestof|Game 2 of a best-of-3
|t:|1783459186
|gametype|doubles
|player|p1|4nye|lyra|1163
|player|p2|MommaGart|hilda|1052
|gen|9
|tier|[Gen 9 Champions] VGC 2026 Reg M-B (Bo3)
|rated|
|rule|Species Clause: Limit one of each Pokémon
|rule|Item Clause: Limit 1 of each item
|clearpoke
|poke|p1|Charizard, L50, F|
|poke|p1|Farigiraf, L50, F|
|poke|p1|Whimsicott, L50, M|
|poke|p1|Mawile, L50, F|
|poke|p1|Basculegion, L50, M|
|poke|p1|Garchomp, L50, F|
|poke|p2|Sneasler, L50, F|
|poke|p2|Blastoise, L50, F|
|poke|p2|Kingambit, L50, F|
|poke|p2|Incineroar, L50, F|
|poke|p2|Delphox, L50, F, shiny|
|poke|p2|Sinistcha, L50|
|teampreview|4
|showteam|p1|Charizard||CharizarditeY|Blaze|Protect,HeatWave,WeatherBall,SolarBeam|Modest||F|||50|]Farigiraf||SitrusBerry|ArmorTail|Roar,PsychicFangs,Thunderbolt,TrickRoom|Bold||F|||50|]Whimsicott||FocusSash|Prankster|SunnyDay,Tailwind,Moonblast,Encore|Timid||M|||50|]Mawile||Mawilite|HyperCutter|Protect,SuckerPunch,PlayRough,RockSlide|Adamant||F|||50|]Basculegion||MysticWater|Adaptability|Protect,AquaJet,LastRespects,WaveCrash|Adamant||M|||50|]Garchomp||LifeOrb|RoughSkin|StompingTantrum,RockSlide,DragonClaw,Protect|Jolly||F|||50|
|showteam|p2|Sneasler||FocusSash|PoisonTouch|PoisonJab,CloseCombat,FakeOut,QuickGuard|Jolly||F|||50|]Blastoise||Blastoisinite|RainDish|DarkPulse,WaterSpout,ShellSmash,Protect|Modest||F|||50|]Kingambit||BlackGlasses|Defiant|KowtowCleave,SuckerPunch,SwordsDance,Protect|Adamant||F|||50|]Incineroar||SitrusBerry|Intimidate|FlareBlitz,HelpingHand,PartingShot,FakeOut|Careful||F|||50|]Delphox||Delphoxite|Blaze|HeatWave,NastyPlot,Psyshock,Protect|Modest||F|||50|]Sinistcha||KasibBerry|Hospitality|MatchaGotcha,RagePowder,TrickRoom,Protect|Bold|||||50|
|inactive|Battle timer is ON: inactive players will automatically lose when time's up. (requested by MommaGart)
|inactive|4nye has 60 seconds left.
|
|t:|1783459297
|teamsize|p1|4
|teamsize|p2|4
|start
|switch|p1a: Charizard|Charizard, L50, F|100/100
|switch|p1b: Whimsicott|Whimsicott, L50, M|100/100
|switch|p2a: Malibu|Blastoise, L50, F|100/100
|switch|p2b: Hype|Incineroar, L50, F|100/100
|-ability|p2b: Hype|Intimidate|boost
|-unboost|p1a: Charizard|atk|1
|-unboost|p1b: Whimsicott|atk|1
|turn|1
|inactive|4nye has 30 seconds left.
|inactive|MommaGart has 30 seconds left.
|
|t:|1783459332
|detailschange|p2a: Malibu|Blastoise-Mega, L50, F
|-mega|p2a: Malibu|Blastoise|Blastoisinite
|move|p1a: Charizard|Protect|p1a: Charizard
|-singleturn|p1a: Charizard|Protect
|move|p1b: Whimsicott|Tailwind|p1b: Whimsicott
|-sidestart|p1: 4nye|move: Tailwind
|move|p2a: Malibu|Shell Smash|p2a: Malibu
|-unboost|p2a: Malibu|def|1
|-unboost|p2a: Malibu|spd|1
|-boost|p2a: Malibu|atk|2
|-boost|p2a: Malibu|spa|2
|-boost|p2a: Malibu|spe|2
|move|p2b: Hype|Parting Shot|p1a: Charizard
|-activate|p1a: Charizard|move: Protect
|
|upkeep
|turn|2
|inactive|4nye has 30 seconds left.
|
|t:|1783459359
|detailschange|p1a: Charizard|Charizard-Mega-Y, L50, F
|-mega|p1a: Charizard|Charizard|Charizardite Y
|-weather|SunnyDay|[from] ability: Drought|[of] p1a: Charizard
|move|p2a: Malibu|Protect|p2a: Malibu
|-singleturn|p2a: Malibu|Protect
|move|p1b: Whimsicott|Encore|p2a: Malibu
|-activate|p2a: Malibu|move: Protect
|move|p1a: Charizard|Solar Beam||[still]
|-prepare|p1a: Charizard|Solar Beam
|-anim|p1a: Charizard|Solar Beam|p2a: Malibu
|-activate|p2a: Malibu|move: Protect
|move|p2b: Hype|Parting Shot|p1a: Charizard
|-unboost|p1a: Charizard|atk|1
|-unboost|p1a: Charizard|spa|1
|
|t:|1783459373
|switch|p2b: Superiority|Sneasler, L50, F|100/100|[from] Parting Shot
|
|-weather|SunnyDay|[upkeep]
|upkeep
|turn|3
|
|t:|1783459388
|move|p2b: Superiority|Fake Out|p1b: Whimsicott
|-damage|p1b: Whimsicott|78/100
|cant|p1b: Whimsicott|flinch
|move|p1a: Charizard|Weather Ball|p2b: Superiority
|-damage|p2b: Superiority|27/100
|move|p2a: Malibu|Water Spout|p1a: Charizard|[spread] p1a,p1b
|-supereffective|p1a: Charizard|1
|-resisted|p1b: Whimsicott|1
|-damage|p1a: Charizard|0 fnt
|-damage|p1b: Whimsicott|25/100
|faint|p1a: Charizard
|
|-weather|SunnyDay|[upkeep]
|upkeep
|
|t:|1783459394
|switch|p1a: Farigiraf|Farigiraf, L50, F|100/100
|turn|4
|
|t:|1783459418
|switch|p1b: Basculegion|Basculegion, L50, M|100/100
|move|p2b: Superiority|Quick Guard|p2b: Superiority
|-singleturn|p2b: Superiority|Quick Guard
|move|p2a: Malibu|Water Spout|p1a: Farigiraf|[spread] p1a,p1b
|-resisted|p1b: Basculegion|1
|-damage|p1a: Farigiraf|42/100
|-damage|p1b: Basculegion|62/100
|-enditem|p1a: Farigiraf|Sitrus Berry|[eat]
|-heal|p1a: Farigiraf|67/100|[from] item: Sitrus Berry
|move|p1a: Farigiraf|Roar|p2a: Malibu
|drag|p2a: Hype|Incineroar, L50, F|100/100
|-ability|p2a: Hype|Intimidate|boost
|-unboost|p1a: Farigiraf|atk|1
|-unboost|p1b: Basculegion|atk|1
|
|-weather|SunnyDay|[upkeep]
|-sideend|p1: 4nye|move: Tailwind
|upkeep
|turn|5
|inactive|4nye has 30 seconds left.
|
|t:|1783459445
|move|p2b: Superiority|Close Combat|p1a: Farigiraf
|-damage|p1a: Farigiraf|18/100
|-unboost|p2b: Superiority|def|1
|-unboost|p2b: Superiority|spd|1
|-status|p1a: Farigiraf|psn|[from] ability: Poison Touch|[of] p2b: Superiority
|move|p1b: Basculegion|Wave Crash|p2a: Hype
|-supereffective|p2a: Hype|1
|-damage|p2a: Hype|42/100
|-enditem|p2a: Hype|Sitrus Berry|[eat]
|-heal|p2a: Hype|67/100|[from] item: Sitrus Berry
|-damage|p1b: Basculegion|43/100|[from] Recoil
|move|p2a: Hype|Flare Blitz|p1a: Farigiraf
|-damage|p1a: Farigiraf|0 fnt
|faint|p1a: Farigiraf
|-damage|p2a: Hype|60/100|[from] Recoil
|
|-weather|SunnyDay|[upkeep]
|upkeep
|
|t:|1783459449
|switch|p1a: Whimsicott|Whimsicott, L50, M|25/100
|turn|6
|
|t:|1783459470
|move|p1a: Whimsicott|Tailwind|p1a: Whimsicott
|-sidestart|p1: 4nye|move: Tailwind
|move|p1b: Basculegion|Last Respects|p2a: Hype
|-resisted|p2a: Hype|1
|-damage|p2a: Hype|24/100
|move|p2b: Superiority|Poison Jab|p1a: Whimsicott
|-supereffective|p1a: Whimsicott|2
|-damage|p1a: Whimsicott|0 fnt
|faint|p1a: Whimsicott
|move|p2a: Hype|Flare Blitz|p1b: Basculegion
|-resisted|p1b: Basculegion|1
|-damage|p1b: Basculegion|4/100
|-status|p1b: Basculegion|brn
|-damage|p2a: Hype|12/100|[from] Recoil
|
|-weather|none
|-damage|p1b: Basculegion|0 fnt|[from] brn
|faint|p1b: Basculegion
|
|win|MommaGart
|raw|4nye's rating: 1163 → 1130(-33 for losing)
|raw|MommaGart's rating: 1052 → 1094(+42 for winning)
|l|☆4nye
|player|p1|
