|j|☆theonlyambipomfan
|j|☆mavrickbfr
|html|theonlyambipomfanmavrickbfr    
|uhtml|bestof|Game 1 of a best-of-3
|t:|1785627244
|gametype|doubles
|player|p1|theonlyambipomfan|volkner|1144
|player|p2|mavrickbfr|gentleman-gen4|1022
|gen|9
|tier|[Gen 9 Champions] VGC 2026 Reg M-B (Bo3)
|rated|
|rule|Species Clause: Limit one of each Pokémon
|rule|Item Clause: Limit 1 of each item
|clearpoke
|poke|p1|Glimmora, L50, F, shiny|
|poke|p1|Whimsicott, L50, M|
|poke|p1|Incineroar, L50, M, shiny|
|poke|p1|Rotom-Frost, L50|
|poke|p1|Froslass, L50, F|
|poke|p1|Beartic, L50, M|
|poke|p2|Blaziken, L50, M, shiny|
|poke|p2|Floette-Eternal, L50, F|
|poke|p2|Sinistcha, L50|
|poke|p2|Basculegion, L50, M, shiny|
|poke|p2|Garchomp, L50, M, shiny|
|poke|p2|Sneasler, L50, M, shiny|
|teampreview|4
|showteam|p1|Glimmora||Glimmoranite|ToxicDebris|SludgeBomb,PowerGem,EarthPower,SpikyShield|Timid||F|||50|]Whimsicott||FocusSash|Prankster|Tailwind,Encore,GrassKnot,Protect|Bold||M|||50|]Incineroar||ExpertBelt|Intimidate|FakeOut,FlareBlitz,PartingShot,DarkestLariat|Adamant||M|||50|]Rotom-Frost||LifeOrb|Levitate|WillOWisp,VoltSwitch,Thunderbolt,Blizzard|Timid|||||50|]Froslass||Froslassite|CursedBody|Blizzard,AuroraVeil,ShadowBall,Protect|Timid||F|||50|]Beartic||ChoiceScarf|SlushRush|Superpower,IcicleCrash,StoneEdge,PlayRough|Adamant||M|||50|
|showteam|p2|Blaziken||Blazikenite|SpeedBoost|BlazeKick,RockSlide,CloseCombat,Protect|Adamant||M|||50|]Floette-Eternal||Floettite|FlowerVeil|DazzlingGleam,CalmMind,Protect,DrainingKiss|Modest||F|||50|]Sinistcha||SitrusBerry|Hospitality|MatchaGotcha,RagePowder,Protect,LifeDew|Bold|||||50|]Basculegion||ChoiceScarf|Adaptability|LastRespects,WaveCrash,FlipTurn,AquaJet|Adamant||M|||50|]Garchomp||RoseliBerry|RoughSkin|PoisonJab,StompingTantrum,Earthquake,RockSlide|Jolly||M|||50|]Sneasler||FocusSash|PoisonTouch|FakeOut,PoisonJab,CloseCombat,QuickGuard|Jolly||M|||50|
|inactive|Battle timer is ON: inactive players will automatically lose when time's up. (requested by theonlyambipomfan)
|
|t:|1785627300
|teamsize|p1|4
|teamsize|p2|4
|start
|switch|p1a: Froslass|Froslass, L50, F|100/100
|switch|p1b: Beartic|Beartic, L50, M|100/100
|switch|p2a: Sneasler|Sneasler, L50, M, shiny|100/100
|switch|p2b: Blaziken|Blaziken, L50, M, shiny|100/100
|turn|1
|
|t:|1785627315
|switch|p1a: Incineroar|Incineroar, L50, M, shiny|100/100
|-ability|p1a: Incineroar|Intimidate|boost
|-unboost|p2a: Sneasler|atk|1
|-unboost|p2b: Blaziken|atk|1
|move|p2b: Blaziken|Protect|p2b: Blaziken
|-singleturn|p2b: Blaziken|Protect
|move|p2a: Sneasler|Close Combat|p1b: Beartic
|-supereffective|p1b: Beartic|1
|-damage|p1b: Beartic|7/100
|-unboost|p2a: Sneasler|def|1
|-unboost|p2a: Sneasler|spd|1
|move|p1b: Beartic|Play Rough|p2b: Blaziken
|-activate|p2b: Blaziken|move: Protect
|
|-ability|p2b: Blaziken|Speed Boost|boost
|-boost|p2b: Blaziken|spe|1
|upkeep
|turn|2
|inactive|mavrickbfr has 30 seconds left.
|
|t:|1785627342
|switch|p2a: Floette|Floette-Eternal, L50, F|100/100
|move|p1a: Incineroar|Fake Out|p2a: Floette
|-damage|p2a: Floette|74/100
|move|p2b: Blaziken|Rock Slide|p1b: Beartic|[spread] p1a,p1b
|-supereffective|p1a: Incineroar|1
|-supereffective|p1b: Beartic|1
|-damage|p1a: Incineroar|73/100
|-damage|p1b: Beartic|0 fnt
|faint|p1b: Beartic
|
|-ability|p2b: Blaziken|Speed Boost|boost
|-boost|p2b: Blaziken|spe|1
|upkeep
|
|t:|1785627354
|switch|p1b: Froslass|Froslass, L50, F|100/100
|turn|3
|
|t:|1785627368
|switch|p2b: Sneasler|Sneasler, L50, M, shiny|100/100
|switch|p1a: Rotom|Rotom-Frost, L50|100/100
|detailschange|p1b: Froslass|Froslass-Mega, L50, F
|-mega|p1b: Froslass|Froslass|Froslassite
|-weather|Snowscape|[from] ability: Snow Warning|[of] p1b: Froslass
|detailschange|p2a: Floette|Floette-Mega, L50, F
|-mega|p2a: Floette|Floette|Floettite
|-ability|p2a: Floette|Fairy Aura
|move|p1b: Froslass|Blizzard|p2a: Floette|[spread] p2a,p2b
|-damage|p2a: Floette|37/100
|-damage|p2b: Sneasler|42/100
|move|p2a: Floette|Dazzling Gleam|p1b: Froslass|[spread] p1a,p1b
|-crit|p1a: Rotom
|-crit|p1b: Froslass
|-damage|p1a: Rotom|2/100
|-damage|p1b: Froslass|1/100
|
|-weather|Snowscape|[upkeep]
|upkeep
|turn|4
|c|☆theonlyambipomfan|double crit
|inactive|theonlyambipomfan has 30 seconds left.
|
|t:|1785627398
|switch|p1a: Incineroar|Incineroar, L50, M, shiny|73/100
|-ability|p1a: Incineroar|Intimidate|boost
|-unboost|p2a: Floette|atk|1
|-unboost|p2b: Sneasler|atk|1
|move|p2b: Sneasler|Poison Jab|p1b: Froslass
|-resisted|p1b: Froslass|1
|-damage|p1b: Froslass|0 fnt
|faint|p1b: Froslass
|move|p2a: Floette|Draining Kiss|p1a: Incineroar
|-damage|p1a: Incineroar|34/100
|-heal|p2a: Floette|76/100|[from] drain|[of] p1a: Incineroar
|
|-weather|Snowscape|[upkeep]
|upkeep
|
|t:|1785627409
|switch|p1b: Rotom|Rotom-Frost, L50|2/100
|turn|5
|
|t:|1785627422
|move|p2b: Sneasler|Quick Guard|p2b: Sneasler
|-singleturn|p2b: Sneasler|Quick Guard
|move|p1a: Incineroar|Fake Out|p2b: Sneasler
|-activate|p2b: Sneasler|move: Quick Guard
|move|p2a: Floette|Draining Kiss|p1a: Incineroar
|-damage|p1a: Incineroar|0 fnt
|-heal|p2a: Floette|100/100|[from] drain|[of] p1a: Incineroar
|faint|p1a: Incineroar
|move|p1b: Rotom|Blizzard|p2a: Floette|[spread] p2a,p2b
|-damage|p2a: Floette|58/100
|-damage|p2b: Sneasler|0 fnt
|faint|p2b: Sneasler
|-damage|p1b: Rotom|0 fnt|[from] item: Life Orb
|faint|p1b: Rotom
|
|win|mavrickbfr
|inactive|theonlyambipomfan has 30 seconds to confirm battle start!
|inactive|mavrickbfr has 30 seconds to confirm battle start!
||mavrickbfr is ready for game 2.
