|j|☆r4ka
|j|☆pikatrod
|html|r4kapikatrod    
|uhtml|bestof|Game 1 of a best-of-3
|t:|1757253964
|gametype|doubles
|player|p1|r4ka|266|1308
|player|p2|pikatrod|170|1417
|gen|9
|tier|[Gen 9] VGC 2025 Reg H (Bo3)
|rated|
|rule|Species Clause: Limit one of each Pokémon
|rule|Item Clause: Limit 1 of each item
|clearpoke
|poke|p1|Rillaboom, L50, M|
|poke|p1|Dragonite, L50, M|
|poke|p1|Sneasler, L50, M|
|poke|p1|Kingambit, L50, M|
|poke|p1|Electabuzz, L50, M|
|poke|p1|Volcarona, L50, F|
|poke|p2|Kingambit, L50, F|
|poke|p2|Primarina, L50, M|
|poke|p2|Sneasler, L50, M|
|poke|p2|Magmar, L50, M|
|poke|p2|Rillaboom, L50, F|
|poke|p2|Dragapult, L50, F|
|teampreview|4
|showteam|p1|Rillaboom||AssaultVest|GrassySurge|FakeOut,HighHorsepower,WoodHammer,GrassyGlide|||M|||50|,,,,,Fire]Dragonite||LoadedDice|Multiscale|ExtremeSpeed,ScaleShot,Protect,Haze|||M|||50|,,,,,Steel]Sneasler||FocusSash|PoisonTouch|DireClaw,CloseCombat,FakeOut,Coaching|||M|||50|,,,,,Stellar]Kingambit||BlackGlasses|Defiant|KowtowCleave,SuckerPunch,SwordsDance,Protect|||M|||50|,,,,,Ghost]Electabuzz||Eviolite|VitalSpirit|Thunderbolt,Taunt,Protect,FollowMe|||M|||50|,,,,,Ghost]Volcarona||Leftovers|FlameBody|HeatWave,TeraBlast,QuiverDance,Protect|||F|||50|,,,,,Fairy
|showteam|p2|Kingambit||BlackGlasses|Defiant|KowtowCleave,SuckerPunch,SwordsDance,Protect|||F|||50|,,,,,Dark]Primarina||SitrusBerry|LiquidVoice|HyperVoice,Moonblast,Haze,Protect|||M|||50|,,,,,Water]Sneasler||FocusSash|Unburden|DireClaw,CloseCombat,FakeOut,Protect|||M|||50|,,,,,Stellar]Magmar||Eviolite|VitalSpirit|Overheat,WillOWisp,FollowMe,Protect|||M|||50|,,,,,Ghost]Rillaboom||AssaultVest|GrassySurge|WoodHammer,GrassyGlide,HighHorsepower,FakeOut|||F|||50|,,,,,Fire]Dragapult||ChoiceBand|ClearBody|DragonDarts,PhantomForce,Outrage,Uturn|||F|||50|,,,,,Dragon
|inactive|Battle timer is ON: inactive players will automatically lose when time's up. (requested by pikatrod)
|
|t:|1757254041
|teamsize|p1|4
|teamsize|p2|4
|start
|switch|p1a: Electabuzz|Electabuzz, L50, M|100/100
|switch|p1b: Volcarona|Volcarona, L50, F|100/100
|switch|p2a: Primarina|Primarina, L50, M|100/100
|switch|p2b: Magmar|Magmar, L50, M|100/100
|turn|1
|inactive|pikatrod has 30 seconds left.
|inactive|pikatrod has 20 seconds left.
|
|t:|1757254080
|switch|p1b: Rillaboom|Rillaboom, L50, M|100/100
|-fieldstart|move: Grassy Terrain|[from] ability: Grassy Surge|[of] p1b: Rillaboom
|switch|p2b: Rillaboom|Rillaboom, L50, F|100/100
|move|p1a: Electabuzz|Taunt|p2b: Rillaboom
|-start|p2b: Rillaboom|move: Taunt
|move|p2a: Primarina|Hyper Voice|p1a: Electabuzz|[spread] p1a,p1b
|-resisted|p1b: Rillaboom
|-damage|p1a: Electabuzz|74/100
|-damage|p1b: Rillaboom|89/100
|
|-heal|p1a: Electabuzz|80/100|[from] Grassy Terrain
|-heal|p1b: Rillaboom|95/100|[from] Grassy Terrain
|upkeep
|turn|2
|inactive|r4ka has 30 seconds left.
|inactive|pikatrod has 30 seconds left.
|inactive|pikatrod has 20 seconds left.
|
|t:|1757254119
|switch|p1b: Volcarona|Volcarona, L50, F|100/100
|switch|p2a: Magmar|Magmar, L50, M|100/100
|move|p1a: Electabuzz|Thunderbolt|p2a: Magmar
|-damage|p2a: Magmar|77/100
|move|p2b: Rillaboom|High Horsepower|p1a: Electabuzz
|-supereffective|p1a: Electabuzz
|-damage|p1a: Electabuzz|30/100
|
|-heal|p1a: Electabuzz|36/100|[from] Grassy Terrain
|-heal|p2a: Magmar|83/100|[from] Grassy Terrain
|upkeep
|turn|3
|inactive|pikatrod has 30 seconds left.
|
|t:|1757254147
|switch|p2b: Primarina|Primarina, L50, M|100/100
|move|p2a: Magmar|Protect|p2a: Magmar
|-singleturn|p2a: Magmar|Protect
|move|p1a: Electabuzz|Follow Me|p1a: Electabuzz
|-singleturn|p1a: Electabuzz|move: Follow Me
|move|p1b: Volcarona|Quiver Dance|p1b: Volcarona
|-boost|p1b: Volcarona|spa|1
|-boost|p1b: Volcarona|spd|1
|-boost|p1b: Volcarona|spe|1
|
|-heal|p1a: Electabuzz|41/100|[from] Grassy Terrain
|-heal|p2a: Magmar|89/100|[from] Grassy Terrain
|upkeep
|turn|4
|inactive|r4ka has 30 seconds left.
|inactive|r4ka has 20 seconds left.
|inactive|r4ka has 15 seconds left.
|inactive|r4ka has 10 seconds left.
|
|t:|1757254193
|-terastallize|p1b: Volcarona|Fairy
|move|p1b: Volcarona|Quiver Dance|p1b: Volcarona
|-boost|p1b: Volcarona|spa|1
|-boost|p1b: Volcarona|spd|1
|-boost|p1b: Volcarona|spe|1
|move|p1a: Electabuzz|Thunderbolt|p2b: Primarina
|-supereffective|p2b: Primarina
|-damage|p2b: Primarina|45/100
|-enditem|p2b: Primarina|Sitrus Berry|[eat]
|-heal|p2b: Primarina|70/100|[from] item: Sitrus Berry
|move|p2a: Magmar|Overheat|p1a: Electabuzz
|-damage|p1a: Electabuzz|0 fnt
|-unboost|p2a: Magmar|spa|2
|faint|p1a: Electabuzz
|move|p2b: Primarina|Hyper Voice|p1b: Volcarona
|-damage|p1b: Volcarona|80/100
|
|-heal|p1b: Volcarona|86/100|[from] Grassy Terrain
|-heal|p1b: Volcarona|93/100|[from] item: Leftovers
|-heal|p2a: Magmar|95/100|[from] Grassy Terrain
|-heal|p2b: Primarina|76/100|[from] Grassy Terrain
|upkeep
|
|t:|1757254217
|switch|p1a: Rillaboom|Rillaboom, L50, M|95/100
|turn|5
|
|t:|1757254228
|move|p2a: Magmar|Protect|p2a: Magmar
|-singleturn|p2a: Magmar|Protect
|move|p2b: Primarina|Protect|p2b: Primarina
|-singleturn|p2b: Primarina|Protect
|move|p1a: Rillaboom|Fake Out|p2b: Primarina
|-activate|p2b: Primarina|move: Protect
|move|p1b: Volcarona|Heat Wave|p2b: Primarina|[spread] 
|-activate|p2a: Magmar|move: Protect
|-activate|p2b: Primarina|move: Protect
|
|-heal|p1b: Volcarona|99/100|[from] Grassy Terrain
|-heal|p1b: Volcarona|100/100|[from] item: Leftovers
|-heal|p2a: Magmar|100/100|[from] Grassy Terrain
|-heal|p1a: Rillaboom|100/100|[from] Grassy Terrain
|-heal|p2b: Primarina|82/100|[from] Grassy Terrain
|-fieldend|move: Grassy Terrain
|upkeep
|turn|6
|
|t:|1757254251
|move|p2a: Magmar|Follow Me|p2a: Magmar
|-singleturn|p2a: Magmar|move: Follow Me
|move|p1b: Volcarona|Heat Wave|p2b: Primarina|[spread] p2a,p2b
|-resisted|p2a: Magmar
|-resisted|p2b: Primarina
|-damage|p2a: Magmar|73/100
|-damage|p2b: Primarina|53/100
|move|p1a: Rillaboom|Wood Hammer|p2a: Magmar
|-resisted|p2a: Magmar
|-damage|p2a: Magmar|46/100
|-damage|p1a: Rillaboom|93/100|[from] Recoil
|move|p2b: Primarina|Haze|p2b: Primarina
|-clearallboost
|
|upkeep
|turn|7
|inactive|pikatrod has 30 seconds left.
|
|t:|1757254277
|switch|p2b: Rillaboom|Rillaboom, L50, F|100/100
|-fieldstart|move: Grassy Terrain|[from] ability: Grassy Surge|[of] p2b: Rillaboom
|move|p1b: Volcarona|Tera Blast|p2a: Magmar|[anim] Tera Blast Fairy
|-resisted|p2a: Magmar
|-damage|p2a: Magmar|32/100
|move|p2a: Magmar|Overheat|p1a: Rillaboom
|-supereffective|p1a: Rillaboom
|-damage|p1a: Rillaboom|19/100
|-unboost|p2a: Magmar|spa|2
|move|p1a: Rillaboom|High Horsepower|p2a: Magmar
|-supereffective|p2a: Magmar
|-damage|p2a: Magmar|0 fnt
|faint|p2a: Magmar
|
|-heal|p1a: Rillaboom|25/100|[from] Grassy Terrain
|upkeep
|
|t:|1757254295
|switch|p2a: Sneasler|Sneasler, L50, M|100/100
|turn|8
|inactive|pikatrod has 30 seconds left.
|inactive|pikatrod has 20 seconds left.
|inactive|pikatrod has 15 seconds left.
|inactive|pikatrod has 10 seconds left.
|
|t:|1757254344
|switch|p1a: Sneasler|Sneasler, L50, M|100/100
|-terastallize|p2b: Rillaboom|Fire
|move|p1b: Volcarona|Protect|p1b: Volcarona
|-singleturn|p1b: Volcarona|Protect
|move|p2a: Sneasler|Fake Out|p1a: Sneasler
|-damage|p1a: Sneasler|79/100
|move|p2b: Rillaboom|Wood Hammer|p1b: Volcarona
|-activate|p1b: Volcarona|move: Protect
|
|-heal|p1a: Sneasler|84/100|[from] Grassy Terrain
|upkeep
|turn|9
|
|t:|1757254367
|switch|p2a: Primarina|Primarina, L50, M|53/100
|move|p1a: Sneasler|Fake Out|p2a: Primarina
|-damage|p2a: Primarina|39/100
|move|p1b: Volcarona|Quiver Dance|p1b: Volcarona
|-boost|p1b: Volcarona|spa|1
|-boost|p1b: Volcarona|spd|1
|-boost|p1b: Volcarona|spe|1
|move|p2b: Rillaboom|High Horsepower|p1a: Sneasler
|-supereffective|p1a: Sneasler
|-damage|p1a: Sneasler|0 fnt
|faint|p1a: Sneasler
|
|-heal|p2a: Primarina|45/100|[from] Grassy Terrain
|upkeep
|
|t:|1757254379
|switch|p1a: Rillaboom|Rillaboom, L50, M|25/100
|turn|10
|
|t:|1757254399
|move|p1a: Rillaboom|Grassy Glide|p2a: Primarina
|-supereffective|p2a: Primarina
|-damage|p2a: Primarina|0 fnt
|faint|p2a: Primarina
|move|p1b: Volcarona|Quiver Dance|p1b: Volcarona
|-boost|p1b: Volcarona|spa|1
|-boost|p1b: Volcarona|spd|1
|-boost|p1b: Volcarona|spe|1
|move|p2b: Rillaboom|Wood Hammer|p1b: Volcarona
|-damage|p1b: Volcarona|7/100
|-damage|p2b: Rillaboom|74/100|[from] Recoil
|
|-heal|p1b: Volcarona|13/100|[from] Grassy Terrain
|-heal|p1b: Volcarona|19/100|[from] item: Leftovers
|-heal|p1a: Rillaboom|30/100|[from] Grassy Terrain
|-heal|p2b: Rillaboom|80/100|[from] Grassy Terrain
|upkeep
|
|t:|1757254406
|switch|p2a: Sneasler|Sneasler, L50, M|100/100
|turn|11
|inactive|r4ka has 30 seconds left.
|
|t:|1757254432
|move|p2a: Sneasler|Fake Out|p1a: Rillaboom
|-damage|p1a: Rillaboom|18/100
|move|p2b: Rillaboom|Grassy Glide|p1b: Volcarona
|-damage|p1b: Volcarona|0 fnt
|faint|p1b: Volcarona
|cant|p1a: Rillaboom|flinch
|
|-heal|p1a: Rillaboom|24/100|[from] Grassy Terrain
|-heal|p2b: Rillaboom|86/100|[from] Grassy Terrain
|-fieldend|move: Grassy Terrain
|upkeep
|turn|12
|
|t:|1757254442
|move|p2a: Sneasler|Dire Claw|p1a: Rillaboom
|-supereffective|p1a: Rillaboom
|-damage|p1a: Rillaboom|0 fnt
|faint|p1a: Rillaboom
|
|win|pikatrod
||r4ka is ready for game 2.
||pikatrod is ready for game 2.
|uhtml|next|Next: Game 2 of 3
|l|☆pikatrod
|player|p2|
|l|☆r4ka
|player|p1|
|j|☆pikatrod
|player|p2|pikatrod|170|
