|j|☆aceccam56
|j|☆winner9630
|html|aceccam56winner9630    
|uhtml|bestof|Game 1 of a best-of-3
|t:|1757207498
|gametype|doubles
|player|p1|aceccam56|265|1000
|player|p2|winner9630|266|1074
|gen|9
|tier|[Gen 9] VGC 2025 Reg H (Bo3)
|rated|
|rule|Species Clause: Limit one of each Pokémon
|rule|Item Clause: Limit 1 of each item
|clearpoke
|poke|p1|Dragonite, L50, M|
|poke|p1|Amoonguss, L50, M|
|poke|p1|Incineroar, L50, F|
|poke|p1|Ursaluna-Bloodmoon, L50, M|
|poke|p1|Sneasler, L50, F|
|poke|p1|Whimsicott, L50, F|
|poke|p2|Kingambit, L50, M|
|poke|p2|Basculegion, L50, M|
|poke|p2|Archaludon, L50, M|
|poke|p2|Rillaboom, L50, F|
|poke|p2|Sinistcha, L50|
|poke|p2|Pelipper, L50, M|
|teampreview|4
|showteam|p1|Dragonite||LoadedDice|Multiscale|ScaleShot,Haze,Tailwind,Protect|||M|||50|,,,,,Fairy]Amoonguss||RockyHelmet|Regenerator|Spore,PollenPuff,ClearSmog,RagePowder|||M|||50|,,,,,Steel]Incineroar||SafetyGoggles|Intimidate|FlareBlitz,KnockOff,FakeOut,PartingShot|||F|||50|,,,,,Ghost]Ursaluna-Bloodmoon||AssaultVest|MindsEye|BloodMoon,VacuumWave,HyperVoice,EarthPower|||M|||50|,,,,,Normal]Sneasler||FocusSash|Unburden|CloseCombat,DireClaw,Protect,ThroatChop|||F|||50|,,,,,Dark]Whimsicott||SitrusBerry|Prankster|Tailwind,TrickRoom,Encore,Moonblast|||F|||50|,,,,,Steel
|showteam|p2|Kingambit||SafetyGoggles|Defiant|SuckerPunch,KowtowCleave,SwordsDance,Protect|||M|||50|,,,,,Flying]Basculegion||ChoiceScarf|Adaptability|WaveCrash,LastRespects,AquaJet,FlipTurn|||M|||50|,,,,,Water]Archaludon||AssaultVest|Stamina|ElectroShot,Snarl,BodyPress,FlashCannon|||M|||50|,,,,,Grass]Rillaboom||LoadedDice|GrassySurge|BulletSeed,GrassyGlide,FakeOut,KnockOff|||F|||50|,,,,,Fire]Sinistcha||SitrusBerry|Hospitality|Curse,MatchaGotcha,RagePowder,LifeDew||||||50|,,,,,Water]Pelipper||FocusSash|Drizzle|MuddyWater,Hurricane,Protect,HelpingHand|||M|||50|,,,,,Ground
|
|t:|1757207563
|teamsize|p1|4
|teamsize|p2|4
|start
|switch|p1a: Whimsicott|Whimsicott, L50, F|100/100
|switch|p1b: Sneasler|Sneasler, L50, F|100/100
|switch|p2a: Basculegion|Basculegion, L50, M|100/100
|switch|p2b: Rillaboom|Rillaboom, L50, F|100/100
|-fieldstart|move: Grassy Terrain|[from] ability: Grassy Surge|[of] p2b: Rillaboom
|turn|1
|
|t:|1757207594
|move|p2b: Rillaboom|Fake Out|p1a: Whimsicott
|-damage|p1a: Whimsicott|89/100
|cant|p1a: Whimsicott|flinch
|move|p2a: Basculegion|Flip Turn|p1a: Whimsicott
|-resisted|p1a: Whimsicott
|-damage|p1a: Whimsicott|70/100
|
|t:|1757207607
|switch|p2a: Kingambit|Kingambit, L50, M|100/100|[from] Flip Turn
|move|p1b: Sneasler|Dire Claw|p2b: Rillaboom
|-supereffective|p2b: Rillaboom
|-damage|p2b: Rillaboom|26/100
|-status|p2b: Rillaboom|psn
|
|-heal|p1a: Whimsicott|76/100|[from] Grassy Terrain
|-heal|p2b: Rillaboom|32/100 psn|[from] Grassy Terrain
|-damage|p2b: Rillaboom|19/100 psn|[from] psn
|upkeep
|turn|2
|
|t:|1757207651
|move|p2a: Kingambit|Protect|p2a: Kingambit
|-singleturn|p2a: Kingambit|Protect
|move|p2b: Rillaboom|Grassy Glide|p1b: Sneasler
|-resisted|p1b: Sneasler
|-damage|p1b: Sneasler|68/100
|move|p1b: Sneasler|Close Combat|p2a: Kingambit
|-activate|p2a: Kingambit|move: Protect
|move|p1a: Whimsicott|Moonblast|p2b: Rillaboom
|-damage|p2b: Rillaboom|0 fnt
|faint|p2b: Rillaboom
|
|-heal|p1b: Sneasler|74/100|[from] Grassy Terrain
|-heal|p1a: Whimsicott|82/100|[from] Grassy Terrain
|upkeep
|
|t:|1757207669
|switch|p2b: Basculegion|Basculegion, L50, M|100/100
|turn|3
|
|t:|1757207687
|-terastallize|p1b: Sneasler|Dark
|-terastallize|p2a: Kingambit|Flying
|move|p1a: Whimsicott|Encore|p2a: Kingambit
|-start|p2a: Kingambit|Encore
|move|p2b: Basculegion|Last Respects|p1b: Sneasler
|-resisted|p1b: Sneasler
|-damage|p1b: Sneasler|15/100
|move|p1b: Sneasler|Throat Chop|p2b: Basculegion
|-supereffective|p2b: Basculegion
|-damage|p2b: Basculegion|2/100
|-start|p2b: Basculegion|Throat Chop|[silent]
|move|p2a: Kingambit|Protect||[still]
|-fail|p2a: Kingambit
|
|-heal|p2b: Basculegion|8/100|[from] Grassy Terrain
|-heal|p1b: Sneasler|21/100|[from] Grassy Terrain
|-heal|p1a: Whimsicott|88/100|[from] Grassy Terrain
|upkeep
|turn|4
|
|t:|1757207711
|switch|p2a: Pelipper|Pelipper, L50, M|100/100
|-weather|RainDance|[from] ability: Drizzle|[of] p2a: Pelipper
|move|p1b: Sneasler|Protect|p1b: Sneasler
|-singleturn|p1b: Sneasler|Protect
|move|p2b: Basculegion|Last Respects|p1a: Whimsicott
|-damage|p1a: Whimsicott|26/100
|-enditem|p1a: Whimsicott|Sitrus Berry|[eat]
|-heal|p1a: Whimsicott|50/100|[from] item: Sitrus Berry
|move|p1a: Whimsicott|Moonblast|p2b: Basculegion
|-damage|p2b: Basculegion|0 fnt
|faint|p2b: Basculegion
|
|-weather|RainDance|[upkeep]
|-heal|p1b: Sneasler|27/100|[from] Grassy Terrain
|-heal|p1a: Whimsicott|56/100|[from] Grassy Terrain
|upkeep
|
|t:|1757207729
|switch|p2b: Kingambit|Kingambit, L50, M, tera:Flying|100/100
|turn|5
|
|t:|1757207751
|switch|p1a: Ursaluna|Ursaluna-Bloodmoon, L50, M|100/100
|move|p2b: Kingambit|Sucker Punch|p1b: Sneasler
|-resisted|p1b: Sneasler
|-damage|p1b: Sneasler|0 fnt
|faint|p1b: Sneasler
|move|p2a: Pelipper|Hurricane|p1a: Ursaluna
|-damage|p1a: Ursaluna|67/100
|-start|p1a: Ursaluna|confusion
|
|-weather|RainDance|[upkeep]
|-heal|p1a: Ursaluna|73/100|[from] Grassy Terrain
|-fieldend|move: Grassy Terrain
|upkeep
|
|t:|1757207762
|switch|p1b: Amoonguss|Amoonguss, L50, M, shiny|100/100
|turn|6
|
|t:|1757207785
|move|p1b: Amoonguss|Rage Powder|p1b: Amoonguss
|-singleturn|p1b: Amoonguss|move: Rage Powder
|move|p2a: Pelipper|Muddy Water|p1a: Ursaluna|[spread] p1a
|-miss|p2a: Pelipper|p1b: Amoonguss
|-supereffective|p1a: Ursaluna
|-damage|p1a: Ursaluna|6/100
|move|p2b: Kingambit|Swords Dance|p2b: Kingambit
|-boost|p2b: Kingambit|atk|2
|-activate|p1a: Ursaluna|confusion
|-damage|p1a: Ursaluna|2/100|[from] confusion
|
|-weather|RainDance|[upkeep]
|upkeep
|turn|7
|
|t:|1757207806
|move|p1b: Amoonguss|Rage Powder|p1b: Amoonguss
|-singleturn|p1b: Amoonguss|move: Rage Powder
|move|p2a: Pelipper|Muddy Water|p1b: Amoonguss|[spread] p1a,p1b
|-supereffective|p1a: Ursaluna
|-resisted|p1b: Amoonguss
|-damage|p1a: Ursaluna|0 fnt
|-damage|p1b: Amoonguss|83/100
|faint|p1a: Ursaluna
|move|p2b: Kingambit|Kowtow Cleave|p1b: Amoonguss
|-damage|p1b: Amoonguss|0 fnt
|-damage|p2b: Kingambit|84/100|[from] item: Rocky Helmet|[of] p1b: Amoonguss
|faint|p1b: Amoonguss
|
|-weather|RainDance|[upkeep]
|upkeep
|
|t:|1757207811
|switch|p1b: Whimsicott|Whimsicott, L50, F|56/100
|turn|8
|-message|aceccam56 forfeited.
|
|win|winner9630
|l|☆aceccam56
|player|p1|
||winner9630 is ready for game 2.
||aceccam56 is ready for game 2.
|uhtml|next|Next: Game 2 of 3
