|j|☆al.fo1234
|j|☆endershovel
|html|al.fo1234endershovel    
|uhtml|bestof|Game 3 of a best-of-3
|t:|1783514063
|gametype|doubles
|player|p1|al.fo1234|acetrainer-gen4dp|1146
|player|p2|endershovel|101|1185
|gen|9
|tier|[Gen 9 Champions] VGC 2026 Reg M-B (Bo3)
|rated|
|rule|Species Clause: Limit one of each Pokémon
|rule|Item Clause: Limit 1 of each item
|clearpoke
|poke|p1|Charizard, L50, F, shiny|
|poke|p1|Venusaur, L50, M|
|poke|p1|Sylveon, L50, F|
|poke|p1|Farigiraf, L50, M|
|poke|p1|Incineroar, L50, M|
|poke|p1|Garchomp, L50, M|
|poke|p2|Starmie, L50, shiny|
|poke|p2|Sneasler, L50, M|
|poke|p2|Pelipper, L50, M|
|poke|p2|Archaludon, L50, M|
|poke|p2|Sinistcha-Masterpiece, L50|
|poke|p2|Kingambit, L50, F|
|teampreview|4
|showteam|p1|Charizard||CharizarditeY|Blaze|Protect,WeatherBall,HeatWave,SolarBeam|Serious||F|||50|]Venusaur||FocusSash|Chlorophyll|SludgeBomb,EnergyBall,SleepPowder,Protect|Modest||M|||50|]Sylveon||FairyFeather|Pixilate|Protect,HyperBeam,HyperVoice,Yawn|Modest||F|||50|]Farigiraf||ColburBerry|ArmorTail|TrickRoom,Thunderbolt,Psychic,HelpingHand|Quiet||M|||50|]Incineroar||Charcoal|Intimidate|PartingShot,FlareBlitz,ThroatChop,FakeOut|Brave||M|||50|]Garchomp||LifeOrb|RoughSkin|Protect,Earthquake,RockSlide,DragonClaw|Jolly||M|||50|
|showteam|p2|Starmie||Starminite|NaturalCure|Liquidation,ZenHeadbutt,AquaJet,Protect|Jolly|||||50|]Sneasler||WhiteHerb|Unburden|CloseCombat,DireClaw,Coaching,FakeOut|Adamant||M|||50|]Pelipper||SitrusBerry|Drizzle|Hurricane,WeatherBall,Tailwind,Protect|Modest||M|||50|]Archaludon||Leftovers|Stamina|ElectroShot,FlashCannon,DragonPulse,Protect|Modest||M|||50|]Sinistcha-Masterpiece||ColburBerry|Hospitality|MatchaGotcha,RagePowder,TrickRoom,Imprison|Calm|||||50|]Kingambit||BlackGlasses|Defiant|KowtowCleave,SuckerPunch,SwordsDance,Protect|Adamant||F|||50|
|inactive|Battle timer is ON: inactive players will automatically lose when time's up. (requested by endershovel)
|
|t:|1783514096
|teamsize|p1|4
|teamsize|p2|4
|start
|switch|p1a: Garchomp|Garchomp, L50, M|100/100
|switch|p1b: Farigiraf|Farigiraf, L50, M|100/100
|switch|p2a: Sneasler|Sneasler, L50, M|100/100
|switch|p2b: Starmie|Starmie, L50, shiny|100/100
|turn|1
|
|t:|1783514116
|switch|p1b: Charizard|Charizard, L50, F, shiny|100/100
|detailschange|p2b: Starmie|Starmie-Mega, L50, shiny
|-mega|p2b: Starmie|Starmie|Starminite
|move|p2a: Sneasler|Close Combat|p1b: Charizard
|-resisted|p1b: Charizard|1
|-damage|p1b: Charizard|70/100
|-unboost|p2a: Sneasler|def|1
|-unboost|p2a: Sneasler|spd|1
|-enditem|p2a: Sneasler|White Herb
|-clearnegativeboost|p2a: Sneasler|[silent]
|move|p2b: Starmie|Liquidation|p1b: Charizard
|-supereffective|p1b: Charizard|1
|-damage|p1b: Charizard|0 fnt
|faint|p1b: Charizard
|move|p1a: Garchomp|Earthquake|p2a: Sneasler|[spread] p2a,p2b
|-supereffective|p2a: Sneasler|1
|-damage|p2a: Sneasler|0 fnt
|-damage|p2b: Starmie|48/100
|faint|p2a: Sneasler
|-damage|p1a: Garchomp|90/100|[from] item: Life Orb
|
|upkeep
|
|t:|1783514138
|switch|p2a: Pelipper|Pelipper, L50, M|100/100
|switch|p1b: Incineroar|Incineroar, L50, M|100/100
|-weather|RainDance|[from] ability: Drizzle|[of] p2a: Pelipper
|-ability|p1b: Incineroar|Intimidate|boost
|-unboost|p2a: Pelipper|atk|1
|-unboost|p2b: Starmie|atk|1
|turn|2
|inactive|al.fo1234 has 30 seconds left.
|
|t:|1783514163
|switch|p1b: Farigiraf|Farigiraf, L50, M|100/100
|move|p2b: Starmie|Protect|p2b: Starmie
|-singleturn|p2b: Starmie|Protect
|move|p2a: Pelipper|Protect|p2a: Pelipper
|-singleturn|p2a: Pelipper|Protect
|move|p1a: Garchomp|Rock Slide|p2b: Starmie|[spread] 
|-activate|p2a: Pelipper|move: Protect
|-activate|p2b: Starmie|move: Protect
|
|-weather|RainDance|[upkeep]
|upkeep
|turn|3
|
|t:|1783514176
|move|p2b: Starmie|Liquidation|p1a: Garchomp
|-damage|p1a: Garchomp|26/100
|-damage|p2b: Starmie|36/100|[from] ability: Rough Skin|[of] p1a: Garchomp
|move|p1a: Garchomp|Rock Slide|p2a: Pelipper|[spread] p2a,p2b
|-supereffective|p2a: Pelipper|1
|-damage|p2a: Pelipper|45/100
|-damage|p2b: Starmie|12/100
|-enditem|p2a: Pelipper|Sitrus Berry|[eat]
|-heal|p2a: Pelipper|69/100|[from] item: Sitrus Berry
|-damage|p1a: Garchomp|16/100|[from] item: Life Orb
|cant|p2a: Pelipper|flinch
|move|p1b: Farigiraf|Thunderbolt|p2a: Pelipper
|-supereffective|p2a: Pelipper|2
|-damage|p2a: Pelipper|0 fnt
|faint|p2a: Pelipper
|
|-weather|RainDance|[upkeep]
|upkeep
|
|t:|1783514180
|switch|p2a: Kingambit|Kingambit, L50, F|100/100
|turn|4
|inactive|al.fo1234 has 30 seconds left.
|inactive|al.fo1234 has 20 seconds left.
|
|t:|1783514219
|move|p2b: Starmie|Protect|p2b: Starmie
|-singleturn|p2b: Starmie|Protect
|move|p1a: Garchomp|Earthquake|p2a: Kingambit|[spread] p1b,p2a
|-activate|p2b: Starmie|move: Protect
|-supereffective|p2a: Kingambit|1
|-damage|p1b: Farigiraf|56/100
|-damage|p2a: Kingambit|30/100
|-damage|p1a: Garchomp|7/100|[from] item: Life Orb
|move|p2a: Kingambit|Swords Dance|p2a: Kingambit
|-boost|p2a: Kingambit|atk|2
|move|p1b: Farigiraf|Trick Room|p1b: Farigiraf
|-fieldstart|move: Trick Room|[of] p1b: Farigiraf
|
|-weather|RainDance|[upkeep]
|upkeep
|turn|5
|
|t:|1783514242
|move|p2b: Starmie|Protect|p2b: Starmie
|-singleturn|p2b: Starmie|Protect
|move|p2a: Kingambit|Kowtow Cleave|p1b: Farigiraf
|-supereffective|p1b: Farigiraf|1
|-enditem|p1b: Farigiraf|Colbur Berry|[eat]
|-enditem|p1b: Farigiraf|Colbur Berry|[weaken]
|-damage|p1b: Farigiraf|0 fnt
|faint|p1b: Farigiraf
|move|p1a: Garchomp|Rock Slide|p2a: Kingambit|[spread] p2a
|-activate|p2b: Starmie|move: Protect
|-resisted|p2a: Kingambit|1
|-damage|p2a: Kingambit|21/100
|-damage|p1a: Garchomp|0 fnt|[from] item: Life Orb
|faint|p1a: Garchomp
|
|-weather|RainDance|[upkeep]
|upkeep
|
|t:|1783514257
|switch|p1b: Incineroar|Incineroar, L50, M|100/100
|-ability|p1b: Incineroar|Intimidate|boost
|-unboost|p2a: Kingambit|atk|1
|-ability|p2a: Kingambit|Defiant|boost
|-boost|p2a: Kingambit|atk|2
|-unboost|p2b: Starmie|atk|1
|turn|6
|
|t:|1783514267
|move|p2b: Starmie|Aqua Jet|p1b: Incineroar
|-supereffective|p1b: Incineroar|1
|-damage|p1b: Incineroar|55/100
|move|p2a: Kingambit|Kowtow Cleave|p1b: Incineroar
|-resisted|p1b: Incineroar|1
|-damage|p1b: Incineroar|0 fnt
|faint|p1b: Incineroar
|
|win|endershovel
|raw|al.fo1234's rating: 1146 → 1124(-22 for losing)
|raw|endershovel's rating: 1185 → 1207(+22 for winning)
|l|☆al.fo1234
|player|p1|
