|j|☆koihoiboi
|j|‽coglio6789
|html|koihoiboicoglio6789    
|uhtml|bestof|Game 2 of a best-of-3
|t:|1785925291
|gametype|doubles
|player|p1|koihoiboi|266|1205
|player|p2|coglio6789|102|1326
|gen|9
|tier|[Gen 9 Champions] VGC 2026 Reg M-B (Bo3)
|rated|
|rule|Species Clause: Limit one of each Pokémon
|rule|Item Clause: Limit 1 of each item
|clearpoke
|poke|p1|Staraptor, L50, F|
|poke|p1|Whimsicott, L50, M|
|poke|p1|Kingambit, L50, F|
|poke|p1|Gengar, L50, M|
|poke|p1|Garchomp, L50, M|
|poke|p1|Sinistcha, L50|
|poke|p2|Farigiraf, L50, F|
|poke|p2|Kangaskhan, L50, F|
|poke|p2|Torkoal, L50, M|
|poke|p2|Mawile, L50, M|
|poke|p2|Charizard, L50, M|
|poke|p2|Vileplume, L50, M|
|teampreview|4
|showteam|p1|Staraptor||Staraptite|Intimidate|Protect,BraveBird,CloseCombat,Roost|Jolly||F|||50|]Whimsicott||FairyFeather|Prankster|Encore,Tailwind,Charm,Moonblast|Timid||M|||50|]Kingambit||FocusSash|Defiant|Protect,IronHead,SuckerPunch,KowtowCleave|Adamant||F|||50|]Gengar||Gengarite|CursedBody|Protect,ShadowBall,Psychic,SludgeBomb|Timid||M|||50|]Garchomp||ChoiceScarf|RoughSkin|DragonClaw,Earthquake,RockSlide,StompingTantrum|Adamant||M|||50|]Sinistcha||SitrusBerry|Hospitality|MatchaGotcha,LifeDew,ShadowBall,TrickRoom|Modest|||||50|
|showteam|p2|Farigiraf||SitrusBerry|ArmorTail|TrickRoom,HelpingHand,Psychic,Thunderbolt|Quiet||F|||50|]Kangaskhan||LifeOrb|Scrappy|FakeOut,DoubleEdge,IcePunch,HammerArm|Brave||F|||50|]Torkoal||Charcoal|Drought|Eruption,WeatherBall,EarthPower,Protect|Quiet||M|||50|]Mawile||Mawilite|Intimidate|SwordsDance,PlayRough,SuckerPunch,RockSlide|Brave||M|||50|]Charizard||CharizarditeY|Blaze|HeatWave,WeatherBall,SolarBeam,Protect|Modest||M|||50|]Vileplume||FocusSash|Chlorophyll|EnergyBall,SludgeBomb,SleepPowder,AfterYou|Timid||M|||50|
|inactive|Battle timer is ON: inactive players will automatically lose when time's up. (requested by koihoiboi)
|
|t:|1785925305
|teamsize|p1|4
|teamsize|p2|4
|start
|switch|p1a: Sinistcha|Sinistcha, L50|100/100
|switch|p1b: Kingambit|Kingambit, L50, F|100/100
|switch|p2a: Kangaskhan|Kangaskhan, L50, F|100/100
|switch|p2b: Farigiraf|Farigiraf, L50, F|100/100
|turn|1
|
|t:|1785925322
|move|p1b: Kingambit|Kowtow Cleave|p2b: Farigiraf
|-supereffective|p2b: Farigiraf|1
|-damage|p2b: Farigiraf|1/100
|-enditem|p2b: Farigiraf|Sitrus Berry|[eat]
|-heal|p2b: Farigiraf|25/100|[from] item: Sitrus Berry
|move|p2a: Kangaskhan|Hammer Arm|p1b: Kingambit
|-supereffective|p1b: Kingambit|2
|-enditem|p1b: Kingambit|Focus Sash
|-damage|p1b: Kingambit|1/100
|-unboost|p2a: Kangaskhan|spe|1
|-damage|p2a: Kangaskhan|90/100|[from] item: Life Orb
|move|p2b: Farigiraf|Thunderbolt|p1b: Kingambit
|-damage|p1b: Kingambit|0 fnt
|faint|p1b: Kingambit
|move|p1a: Sinistcha|Trick Room|p1a: Sinistcha
|-fieldstart|move: Trick Room|[of] p1a: Sinistcha
|
|upkeep
|
|t:|1785925336
|switch|p1b: Staraptor|Staraptor, L50, F|100/100
|-ability|p1b: Staraptor|Intimidate|boost
|-fail|p2a: Kangaskhan|unboost|Attack|[from] ability: Scrappy|[of] p2a: Kangaskhan
|-unboost|p2b: Farigiraf|atk|1
|turn|2
|
|t:|1785925345
|switch|p2b: Mawile|Mawile, L50, M|100/100
|-ability|p2b: Mawile|Intimidate|boost
|-unboost|p1a: Sinistcha|atk|1
|-unboost|p1b: Staraptor|atk|1
|detailschange|p1b: Staraptor|Staraptor-Mega, L50, F
|-mega|p1b: Staraptor|Staraptor|Staraptite
|move|p1b: Staraptor|Protect|p1b: Staraptor
|-singleturn|p1b: Staraptor|Protect
|move|p2a: Kangaskhan|Double-Edge|p1b: Staraptor
|-activate|p1b: Staraptor|move: Protect
|move|p1a: Sinistcha|Matcha Gotcha|p2a: Kangaskhan|[spread] p2a,p2b
|-resisted|p2b: Mawile|1
|-damage|p2a: Kangaskhan|62/100
|-damage|p2b: Mawile|75/100
|
|upkeep
|turn|3
|
|t:|1785925365
|switch|p1b: Garchomp|Garchomp, L50, M|100/100
|detailschange|p2b: Mawile|Mawile-Mega, L50, M
|-mega|p2b: Mawile|Mawile|Mawilite
|move|p2b: Mawile|Play Rough|p1b: Garchomp
|-supereffective|p1b: Garchomp|1
|-damage|p1b: Garchomp|0 fnt
|-damage|p2b: Mawile|63/100|[from] ability: Rough Skin|[of] p1b: Garchomp
|faint|p1b: Garchomp
|move|p2a: Kangaskhan|Double-Edge|p1a: Sinistcha
|-damage|p1a: Sinistcha|38/100
|-enditem|p1a: Sinistcha|Sitrus Berry|[eat]
|-heal|p1a: Sinistcha|62/100|[from] item: Sitrus Berry
|-damage|p2a: Kangaskhan|45/100|[from] Recoil
|-damage|p2a: Kangaskhan|35/100|[from] item: Life Orb
|move|p1a: Sinistcha|Trick Room|p1a: Sinistcha
|-fieldend|move: Trick Room
|
|upkeep
|
|t:|1785925381
|switch|p1b: Staraptor|Staraptor-Mega, L50, F|100/100
|turn|4
|inactive|coglio6789 has 30 seconds left.
|
|t:|1785925413
|switch|p2a: Farigiraf|Farigiraf, L50, F|25/100
|move|p1b: Staraptor|Close Combat|p2b: Mawile
|-damage|p2b: Mawile|3/100
|-boost|p1b: Staraptor|def|1
|-boost|p1b: Staraptor|spd|1
|move|p1a: Sinistcha|Matcha Gotcha|p2b: Mawile|[spread] p2a,p2b
|-resisted|p2b: Mawile|1
|-damage|p2a: Farigiraf|0 fnt
|-heal|p1a: Sinistcha|78/100|[from] drain|[of] p2a: Farigiraf
|-damage|p2b: Mawile|0 fnt
|-heal|p1a: Sinistcha|80/100|[from] drain|[of] p2b: Mawile
|faint|p2a: Farigiraf
|faint|p2b: Mawile
|
|upkeep
|
|t:|1785925421
|switch|p2a: Torkoal|Torkoal, L50, M|100/100
|switch|p2b: Kangaskhan|Kangaskhan, L50, F|35/100
|-weather|SunnyDay|[from] ability: Drought|[of] p2a: Torkoal
|turn|5
|
|t:|1785925437
|move|p2b: Kangaskhan|Fake Out|p1b: Staraptor
|-damage|p1b: Staraptor|81/100
|-damage|p2b: Kangaskhan|26/100|[from] item: Life Orb
|cant|p1b: Staraptor|flinch
|move|p1a: Sinistcha|Shadow Ball|p2a: Torkoal
|-damage|p2a: Torkoal|49/100
|move|p2a: Torkoal|Weather Ball|p1a: Sinistcha
|-supereffective|p1a: Sinistcha|1
|-damage|p1a: Sinistcha|0 fnt
|faint|p1a: Sinistcha
|
|-weather|SunnyDay|[upkeep]
|upkeep
|turn|6
|
|t:|1785925453
|move|p1b: Staraptor|Close Combat|p2a: Torkoal
|-damage|p2a: Torkoal|1/100
|-boost|p1b: Staraptor|def|1
|-boost|p1b: Staraptor|spd|1
|move|p2b: Kangaskhan|Double-Edge|p1b: Staraptor
|-damage|p1b: Staraptor|41/100
|-damage|p2b: Kangaskhan|16/100|[from] Recoil
|-damage|p2b: Kangaskhan|6/100|[from] item: Life Orb
|move|p2a: Torkoal|Weather Ball|p1b: Staraptor
|-damage|p1b: Staraptor|2/100
|
|-weather|SunnyDay|[upkeep]
|upkeep
|turn|7
|inactive|koihoiboi has 30 seconds left.
|
|t:|1785925480
|move|p1b: Staraptor|Roost|p1b: Staraptor
|-heal|p1b: Staraptor|52/100
|-singleturn|p1b: Staraptor|move: Roost
|move|p2b: Kangaskhan|Double-Edge|p1b: Staraptor
|-damage|p1b: Staraptor|12/100
|-damage|p2b: Kangaskhan|0 fnt|[from] Recoil
|faint|p2b: Kangaskhan
|move|p2a: Torkoal|Weather Ball|p1b: Staraptor
|-damage|p1b: Staraptor|0 fnt
|faint|p1b: Staraptor
|
|win|coglio6789
|raw|koihoiboi's rating: 1205 → 1188(-17 for losing)
|raw|coglio6789's rating: 1326 → 1339(+13 for winning)
|c|☆koihoiboi|gg wp
|l|‽coglio6789
|player|p2|
