|j|☆namboyVGC
|j|☆He11ok1tty
|html|namboyVGCHe11ok1tty    
|uhtml|bestof|Game 1 of a best-of-3
|t:|1785178211
|gametype|doubles
|player|p1|namboyVGC|pokemonranger-gen4|1154
|player|p2|He11ok1tty|266|1000
|gen|9
|tier|[Gen 9 Champions] VGC 2026 Reg M-B (Bo3)
|rated|
|rule|Species Clause: Limit one of each Pokémon
|rule|Item Clause: Limit 1 of each item
|clearpoke
|poke|p1|Tyranitar, L50, M|
|poke|p1|Excadrill, L50, M|
|poke|p1|Milotic, L50, M|
|poke|p1|Sinistcha, L50|
|poke|p1|Staraptor, L50, M|
|poke|p1|Gholdengo, L50|
|poke|p2|Avalugg-Hisui, L50, F|
|poke|p2|Aggron, L50, M, shiny|
|poke|p2|Empoleon, L50, M|
|poke|p2|Infernape, L50, F|
|poke|p2|Bellibolt, L50, M|
|poke|p2|Incineroar, L50, F|
|teampreview|4
|showteam|p1|Tyranitar||Tyranitarite|SandStream|KnockOff,RockSlide,LowKick,Protect|Jolly||M|||50|]Excadrill||FocusSash|SandRush|HighHorsepower,IronHead,RockSlide,Protect|Adamant||M|||50|]Milotic||SitrusBerry|Competitive|Scald,IcyWind,Haze,Protect|Calm||M|||50|]Sinistcha||ColburBerry|Hospitality|MatchaGotcha,ShadowBall,Protect,RagePowder|Bold|||||50|]Staraptor||Staraptite|Intimidate|CloseCombat,BraveBird,Tailwind,Protect|Jolly||M|||50|]Gholdengo||LifeOrb|GoodasGold|MakeItRain,ShadowBall,NastyPlot,Protect|Modest|||||50|
|showteam|p2|Avalugg-Hisui||LifeOrb|Sturdy|MountainGale,StoneEdge,RockSlide,Protect|Adamant||F|||50|]Aggron||Aggronite|Sturdy|HeavySlam,BodyPress,HeadSmash,Protect|Impish||M|||50|]Empoleon||ExpertBelt|Competitive|HydroPump,IceBeam,HelpingHand,Protect|Modest||M|||50|]Infernape||ChoiceScarf|Blaze|GunkShot,FlareBlitz,CloseCombat,KnockOff|Jolly||F|||50|]Bellibolt||ShucaBerry|Electromorphosis|Electroweb,ThunderWave,Discharge,MuddyWater|Bold||M|||50|]Incineroar||LumBerry|Intimidate|FakeOut,HelpingHand,FlareBlitz,Protect|Careful||F|||50|
|inactive|Battle timer is ON: inactive players will automatically lose when time's up. (requested by namboyVGC)
|
|t:|1785178236
|teamsize|p1|4
|teamsize|p2|4
|start
|switch|p1a: Milotic|Milotic, L50, M|100/100
|switch|p1b: Staraptor|Staraptor, L50, M|100/100
|switch|p2a: Empoleon|Empoleon, L50, M|100/100
|switch|p2b: Infernape|Infernape, L50, F|100/100
|-ability|p1b: Staraptor|Intimidate|boost
|-unboost|p2a: Empoleon|atk|1
|-ability|p2a: Empoleon|Competitive|boost
|-boost|p2a: Empoleon|spa|2
|-unboost|p2b: Infernape|atk|1
|turn|1
|inactive|He11ok1tty has 30 seconds left.
|
|t:|1785178267
|detailschange|p1b: Staraptor|Staraptor-Mega, L50, M
|-mega|p1b: Staraptor|Staraptor|Staraptite
|move|p2a: Empoleon|Helping Hand|p2b: Infernape
|-singleturn|p2b: Infernape|Helping Hand|[of] p2a: Empoleon
|move|p1b: Staraptor|Protect|p1b: Staraptor
|-singleturn|p1b: Staraptor|Protect
|move|p2b: Infernape|Flare Blitz|p1b: Staraptor
|-activate|p1b: Staraptor|move: Protect
|move|p1a: Milotic|Haze|p1a: Milotic
|-clearallboost
|
|upkeep
|turn|2
|
|t:|1785178289
|move|p2a: Empoleon|Helping Hand|p2b: Infernape
|-singleturn|p2b: Infernape|Helping Hand|[of] p2a: Empoleon
|move|p2b: Infernape|Flare Blitz|p1b: Staraptor
|-damage|p1b: Staraptor|26/100
|-status|p1b: Staraptor|brn
|-damage|p2b: Infernape|69/100|[from] Recoil
|move|p1b: Staraptor|Close Combat|p2a: Empoleon
|-supereffective|p2a: Empoleon|1
|-damage|p2a: Empoleon|44/100
|-boost|p1b: Staraptor|def|1
|-boost|p1b: Staraptor|spd|1
|move|p1a: Milotic|Scald|p2b: Infernape
|-supereffective|p2b: Infernape|1
|-damage|p2b: Infernape|0 fnt
|faint|p2b: Infernape
|
|-damage|p1b: Staraptor|21/100 brn|[from] brn
|upkeep
|
|t:|1785178307
|switch|p2b: Incineroar|Incineroar, L50, F|100/100
|-ability|p2b: Incineroar|Intimidate|boost
|-unboost|p1a: Milotic|atk|1
|-ability|p1a: Milotic|Competitive|boost
|-boost|p1a: Milotic|spa|2
|-boost|p1b: Staraptor|atk|1
|turn|3
|
|t:|1785178327
|move|p2b: Incineroar|Fake Out|p1a: Milotic
|-damage|p1a: Milotic|90/100
|move|p1b: Staraptor|Close Combat|p2b: Incineroar
|-supereffective|p2b: Incineroar|1
|-damage|p2b: Incineroar|37/100
|-boost|p1b: Staraptor|def|1
|-boost|p1b: Staraptor|spd|1
|cant|p1a: Milotic|flinch
|move|p2a: Empoleon|Ice Beam|p1b: Staraptor
|-supereffective|p1b: Staraptor|1
|-damage|p1b: Staraptor|0 fnt
|faint|p1b: Staraptor
|
|upkeep
|
|t:|1785178342
|switch|p1b: Gholdengo|Gholdengo, L50|100/100
|turn|4
|
|t:|1785178355
|move|p2a: Empoleon|Helping Hand|p2b: Incineroar
|-singleturn|p2b: Incineroar|Helping Hand|[of] p2a: Empoleon
|move|p1a: Milotic|Scald|p2b: Incineroar
|-supereffective|p2b: Incineroar|1
|-damage|p2b: Incineroar|0 fnt
|faint|p2b: Incineroar
|move|p1b: Gholdengo|Nasty Plot|p1b: Gholdengo
|-boost|p1b: Gholdengo|spa|2
|
|upkeep
|
|t:|1785178364
|switch|p2b: Aggron|Aggron, L50, M, shiny|100/100
|turn|5
|-message|He11ok1tty forfeited.
|
|win|namboyVGC
