|j|☆VenuDaAscoInRain
|j|☆Sodamario
|html|VenuDaAscoInRainSodamario    
|uhtml|bestof|Game 1 of a best-of-3
|t:|1783523357
|gametype|doubles
|player|p1|VenuDaAscoInRain|li|1366
|player|p2|Sodamario|cynthia-gen4|1449
|gen|9
|tier|[Gen 9 Champions] VGC 2026 Reg M-B (Bo3)
|rated|
|rule|Species Clause: Limit one of each Pokémon
|rule|Item Clause: Limit 1 of each item
|clearpoke
|poke|p1|Blaziken, L50, M, shiny|
|poke|p1|Whimsicott, L50, M, shiny|
|poke|p1|Kingambit, L50, M, shiny|
|poke|p1|Basculegion, L50, M, shiny|
|poke|p1|Floette-Eternal, L50, F|
|poke|p1|Glimmora, L50, M, shiny|
|poke|p2|Ceruledge, L50, F|
|poke|p2|Milotic, L50, M|
|poke|p2|Incineroar, L50, F|
|poke|p2|Raichu, L50, F|
|poke|p2|Ninetales-Alola, L50, F|
|poke|p2|Sinistcha, L50|
|teampreview|4
|showteam|p1|Blaziken||Blazikenite|SpeedBoost|FlareBlitz,CloseCombat,RockTomb,Protect|Adamant||M|||50|]Whimsicott||CobaBerry|Prankster|Moonblast,Encore,Tailwind,Protect|Timid||M|||50|]Kingambit||BlackGlasses|Defiant|KowtowCleave,SuckerPunch,IronHead,Protect|Adamant||M|||50|]Basculegion||LifeOrb|Adaptability|WaveCrash,AquaJet,LastRespects,Protect|Adamant||M|||50|]Floette-Eternal||Floettite|FlowerVeil|Moonblast,DazzlingGleam,LightofRuin,Protect|Timid||F|||50|]Glimmora||FocusSash|ToxicDebris|PowerGem,SludgeBomb,EnergyBall,SpikyShield|Timid||M|||50|
|showteam|p2|Ceruledge||ColburBerry|FlashFire|BitterBlade,ShadowSneak,BulkUp,Protect|Adamant||F|||50|]Milotic||Leftovers|Competitive|MuddyWater,Coil,Hypnosis,Protect|Bold||M|||50|]Incineroar||SitrusBerry|Intimidate|FlareBlitz,PartingShot,FakeOut,DarkestLariat|Impish||F|||50|]Raichu||RaichuniteY|LightningRod|ZapCannon,FocusBlast,FakeOut,Protect|Timid||F|||50|]Ninetales-Alola||NeverMeltIce|SnowWarning|Blizzard,FreezeDry,AuroraVeil,Protect|Timid||F|||50|]Sinistcha||KasibBerry|Hospitality|MatchaGotcha,RagePowder,TrickRoom,Protect|Bold|||||50|
|inactive|Battle timer is ON: inactive players will automatically lose when time's up. (requested by VenuDaAscoInRain)
|inactive|Sodamario has 60 seconds left.
|
|t:|1783523394
|teamsize|p1|4
|teamsize|p2|4
|start
|switch|p1a: Whimsicott|Whimsicott, L50, M, shiny|100/100
|switch|p1b: Basculegion|Basculegion, L50, M, shiny|100/100
|switch|p2a: Raichu|Raichu, L50, F|100/100
|switch|p2b: Milotic|Milotic, L50, M|100/100
|turn|1
|inactive|Sodamario has 30 seconds left.
|inactive|Sodamario has 20 seconds left.
|
|t:|1783523430
|switch|p2a: Sinistcha|Sinistcha, L50|100/100
|move|p1a: Whimsicott|Tailwind|p1a: Whimsicott
|-sidestart|p1: VenuDaAscoInRain|move: Tailwind
|move|p1b: Basculegion|Wave Crash|p2a: Sinistcha
|-resisted|p2a: Sinistcha|1
|-damage|p2a: Sinistcha|53/100
|-damage|p1b: Basculegion|86/100|[from] Recoil
|-damage|p1b: Basculegion|76/100|[from] item: Life Orb
|move|p2b: Milotic|Coil|p2b: Milotic
|-boost|p2b: Milotic|atk|1
|-boost|p2b: Milotic|def|1
|-boost|p2b: Milotic|accuracy|1
|
|upkeep
|turn|2
|inactive|Sodamario has 30 seconds left.
|inactive|Sodamario has 20 seconds left.
|
|t:|1783523466
|move|p1a: Whimsicott|Moonblast|p2b: Milotic
|-damage|p2b: Milotic|79/100
|move|p1b: Basculegion|Wave Crash|p2a: Sinistcha
|-resisted|p2a: Sinistcha|1
|-damage|p2a: Sinistcha|10/100
|-damage|p1b: Basculegion|63/100|[from] Recoil
|-damage|p1b: Basculegion|53/100|[from] item: Life Orb
|move|p2b: Milotic|Hypnosis|p1a: Whimsicott
|-status|p1a: Whimsicott|slp|[from] move: Hypnosis
|move|p2a: Sinistcha|Trick Room|p2a: Sinistcha
|-fieldstart|move: Trick Room|[of] p2a: Sinistcha
|
|-heal|p2b: Milotic|85/100|[from] item: Leftovers
|upkeep
|turn|3
|c|☆VenuDaAscoInRain|lol i used encore
|c|☆VenuDaAscoInRain|wtf
|
|t:|1783523488
|move|p2a: Sinistcha|Protect|p2a: Sinistcha
|-singleturn|p2a: Sinistcha|Protect
|move|p1b: Basculegion|Aqua Jet|p2a: Sinistcha
|-activate|p2a: Sinistcha|move: Protect
|cant|p1a: Whimsicott|slp
|move|p2b: Milotic|Coil|p2b: Milotic
|-boost|p2b: Milotic|atk|1
|-boost|p2b: Milotic|def|1
|-boost|p2b: Milotic|accuracy|1
|
|-heal|p2b: Milotic|91/100|[from] item: Leftovers
|upkeep
|turn|4
|
|t:|1783523503
|move|p1b: Basculegion|Aqua Jet|p2a: Sinistcha
|-resisted|p2a: Sinistcha|1
|-damage|p2a: Sinistcha|0 fnt
|faint|p2a: Sinistcha
|-damage|p1b: Basculegion|43/100|[from] item: Life Orb
|cant|p1a: Whimsicott|slp
|move|p2b: Milotic|Hypnosis|p1b: Basculegion
|-status|p1b: Basculegion|slp|[from] move: Hypnosis
|
|-heal|p2b: Milotic|97/100|[from] item: Leftovers
|-sideend|p1: VenuDaAscoInRain|move: Tailwind
|upkeep
|
|t:|1783523506
|switch|p2a: Ceruledge|Ceruledge, L50, F|100/100
|turn|5
|
|t:|1783523515
|-curestatus|p1a: Whimsicott|slp|[msg]
|move|p1a: Whimsicott|Protect|p1a: Whimsicott
|-singleturn|p1a: Whimsicott|Protect
|cant|p1b: Basculegion|slp
|move|p2b: Milotic|Muddy Water|p1a: Whimsicott|[spread] p1b
|-activate|p1a: Whimsicott|move: Protect
|-resisted|p1b: Basculegion|1
|-damage|p1b: Basculegion|30/100 slp
|move|p2a: Ceruledge|Bitter Blade|p1a: Whimsicott
|-activate|p1a: Whimsicott|move: Protect
|
|-heal|p2b: Milotic|100/100|[from] item: Leftovers
|upkeep
|turn|6
|
|t:|1783523527
|cant|p1b: Basculegion|slp
|move|p2a: Ceruledge|Shadow Sneak|p1b: Basculegion
|-supereffective|p1b: Basculegion|1
|-damage|p1b: Basculegion|0 fnt
|faint|p1b: Basculegion
|move|p1a: Whimsicott|Encore|p2b: Milotic
|-start|p2b: Milotic|Encore
|move|p2b: Milotic|Muddy Water|p1a: Whimsicott
|-resisted|p1a: Whimsicott|1
|-damage|p1a: Whimsicott|75/100
|
|-fieldend|move: Trick Room
|upkeep
|
|t:|1783523534
|switch|p1b: Kingambit|Kingambit, L50, M, shiny|100/100
|turn|7
|
|t:|1783523546
|move|p2a: Ceruledge|Protect|p2a: Ceruledge
|-singleturn|p2a: Ceruledge|Protect
|move|p1a: Whimsicott|Encore|p2a: Ceruledge
|-activate|p2a: Ceruledge|move: Protect
|move|p2b: Milotic|Muddy Water|p1a: Whimsicott|[spread] p1a,p1b
|-resisted|p1a: Whimsicott|1
|-damage|p1a: Whimsicott|58/100
|-damage|p1b: Kingambit|74/100
|-unboost|p1a: Whimsicott|accuracy|1
|-unboost|p1b: Kingambit|accuracy|1
|-ability|p1b: Kingambit|Defiant|boost
|-boost|p1b: Kingambit|atk|2
|move|p1b: Kingambit|Kowtow Cleave|p2a: Ceruledge
|-activate|p2a: Ceruledge|move: Protect
|
|upkeep
|turn|8
|
|t:|1783523561
|move|p1a: Whimsicott|Tailwind|p1a: Whimsicott
|-sidestart|p1: VenuDaAscoInRain|move: Tailwind
|move|p1b: Kingambit|Kowtow Cleave|p2a: Ceruledge
|-supereffective|p2a: Ceruledge|1
|-enditem|p2a: Ceruledge|Colbur Berry|[eat]
|-enditem|p2a: Ceruledge|Colbur Berry|[weaken]
|-damage|p2a: Ceruledge|0 fnt
|faint|p2a: Ceruledge
|move|p2b: Milotic|Muddy Water|p1b: Kingambit|[spread] p1a,p1b
|-resisted|p1a: Whimsicott|1
|-damage|p1a: Whimsicott|40/100
|-damage|p1b: Kingambit|52/100
|
|-end|p2b: Milotic|Encore
|upkeep
|
|t:|1783523567
|switch|p2a: Raichu|Raichu, L50, F|100/100
|turn|9
|
|t:|1783523590
|detailschange|p2a: Raichu|Raichu-Mega-Y, L50, F
|-mega|p2a: Raichu|Raichu|Raichunite Y
|move|p1b: Kingambit|Protect|p1b: Kingambit
|-singleturn|p1b: Kingambit|Protect
|move|p2a: Raichu|Fake Out|p1b: Kingambit
|-activate|p1b: Kingambit|move: Protect
|move|p1a: Whimsicott|Encore|p2b: Milotic
|-start|p2b: Milotic|Encore
|move|p2b: Milotic|Muddy Water|p1b: Kingambit|[spread] p1a
|-activate|p1b: Kingambit|move: Protect
|-resisted|p1a: Whimsicott|1
|-damage|p1a: Whimsicott|21/100
|
|upkeep
|turn|10
|
|t:|1783523601
|switch|p1a: Floette|Floette-Eternal, L50, F|100/100
|move|p2a: Raichu|Protect|p2a: Raichu
|-singleturn|p2a: Raichu|Protect
|move|p1b: Kingambit|Sucker Punch||[still]
|-fail|p1b: Kingambit
|move|p2b: Milotic|Muddy Water|p1a: Floette|[spread] p1a,p1b
|-damage|p1a: Floette|78/100
|-damage|p1b: Kingambit|28/100
|-unboost|p1b: Kingambit|accuracy|1
|-ability|p1b: Kingambit|Defiant|boost
|-boost|p1b: Kingambit|atk|2
|
|upkeep
|turn|11
|
|t:|1783523607
|detailschange|p1a: Floette|Floette-Mega, L50, F
|-mega|p1a: Floette|Floette|Floettite
|-ability|p1a: Floette|Fairy Aura
|move|p2a: Raichu|Protect||[still]
|-fail|p2a: Raichu
|move|p1b: Kingambit|Sucker Punch||[still]
|-fail|p1b: Kingambit
|move|p1a: Floette|Dazzling Gleam|p2a: Raichu|[spread] p2a,p2b
|-damage|p2a: Raichu|34/100
|-damage|p2b: Milotic|66/100
|move|p2b: Milotic|Muddy Water|p1b: Kingambit|[spread] p1a,p1b
|-damage|p1a: Floette|57/100
|-damage|p1b: Kingambit|4/100
|-unboost|p1a: Floette|accuracy|1
|
|-heal|p2b: Milotic|72/100|[from] item: Leftovers
|-end|p2b: Milotic|Encore
|-sideend|p1: VenuDaAscoInRain|move: Tailwind
|upkeep
|turn|12
|
|t:|1783523621
|move|p1a: Floette|Protect|p1a: Floette
|-singleturn|p1a: Floette|Protect
|move|p1b: Kingambit|Sucker Punch|p2a: Raichu
|-damage|p2a: Raichu|0 fnt
|faint|p2a: Raichu
|move|p2b: Milotic|Muddy Water|p1b: Kingambit|[spread] p1b
|-activate|p1a: Floette|move: Protect
|-damage|p1b: Kingambit|0 fnt
|faint|p1b: Kingambit
|
|-heal|p2b: Milotic|78/100|[from] item: Leftovers
|upkeep
|
|t:|1783523625
|switch|p1b: Whimsicott|Whimsicott, L50, M, shiny|21/100
|turn|13
|
|t:|1783523631
|move|p1b: Whimsicott|Moonblast|p2b: Milotic
|-damage|p2b: Milotic|51/100
|move|p1a: Floette|Moonblast|p2b: Milotic|[miss]
|-miss|p1a: Floette|p2b: Milotic
|move|p2b: Milotic|Muddy Water|p1b: Whimsicott|[spread] p1a,p1b
|-resisted|p1b: Whimsicott|1
|-damage|p1a: Floette|37/100
|-damage|p1b: Whimsicott|3/100
|-unboost|p1a: Floette|accuracy|1
|
|-heal|p2b: Milotic|57/100|[from] item: Leftovers
|upkeep
|turn|14
|
|t:|1783523638
|move|p1b: Whimsicott|Moonblast|p2b: Milotic
|-damage|p2b: Milotic|33/100
|-unboost|p2b: Milotic|spa|1
|-ability|p2b: Milotic|Competitive|boost
|-boost|p2b: Milotic|spa|2
|move|p1a: Floette|Moonblast|p2b: Milotic|[miss]
|-miss|p1a: Floette|p2b: Milotic
|move|p2b: Milotic|Muddy Water|p1a: Floette|[spread] p1a,p1b
|-resisted|p1b: Whimsicott|1
|-damage|p1a: Floette|6/100
|-damage|p1b: Whimsicott|0 fnt
|faint|p1b: Whimsicott
|
|-heal|p2b: Milotic|39/100|[from] item: Leftovers
|upkeep
|turn|15
|
|t:|1783523645
|move|p2b: Milotic|Protect|p2b: Milotic
|-singleturn|p2b: Milotic|Protect
|move|p1a: Floette|Light of Ruin|p2b: Milotic
|-activate|p2b: Milotic|move: Protect
|
|-heal|p2b: Milotic|45/100|[from] item: Leftovers
|upkeep
|turn|16
|c|☆VenuDaAscoInRain|i cant belive it xD
|
|t:|1783523649
|move|p1a: Floette|Light of Ruin|p2b: Milotic|[miss]
|-miss|p1a: Floette|p2b: Milotic
|move|p2b: Milotic|Muddy Water|p1a: Floette
|-crit|p1a: Floette
|-damage|p1a: Floette|0 fnt
|faint|p1a: Floette
|
|win|Sodamario
