|j|☆Daniw9
|j|☆Loris41086
|html|Daniw9Loris41086    
|uhtml|bestof|Game 1 of a best-of-3
|t:|1756924492
|gametype|doubles
|player|p1|Daniw9|1|1236
|player|p2|Loris41086|265|1135
|gen|9
|tier|[Gen 9] VGC 2025 Reg H (Bo3)
|rated|
|rule|Species Clause: Limit one of each Pokémon
|rule|Item Clause: Limit 1 of each item
|clearpoke
|poke|p1|Garchomp, L50, M|
|poke|p1|Tyranitar, L50, F|
|poke|p1|Indeedee-F, L50, F|
|poke|p1|Gardevoir, L50, F|
|poke|p1|Sneasler, L50, M|
|poke|p1|Talonflame, L50, M|
|poke|p2|Charizard, L50, F|
|poke|p2|Torkoal, L50, M|
|poke|p2|Porygon2, L50|
|poke|p2|Incineroar, L50, M|
|poke|p2|Jumpluff, L50, F|
|poke|p2|Ursaluna, L50, M|
|teampreview|4
|showteam|p1|Garchomp||ClearAmulet|SandVeil|Earthquake,StompingTantrum,Protect,DragonClaw|||M|||50|,,,,,Steel]Tyranitar||AssaultVest|SandStream|RockSlide,TeraBlast,KnockOff,LowKick|||F|||50|,,,,,Flying]Indeedee-F||SafetyGoggles|PsychicSurge|DazzlingGleam,TrickRoom,FollowMe,HelpingHand|||F|||50|,,,,,Water]Gardevoir||ChoiceScarf|Telepathy|IcyWind,Moonblast,ExpandingForce,MysticalFire|||F|||50|,,,,,Fire]Sneasler||PsychicSeed|Unburden|CloseCombat,DireClaw,Protect,ThroatChop|||M|||50|,,,,,Dark]Talonflame||CovertCloak|GaleWings|Tailwind,DualWingbeat,FlareBlitz,Taunt|||M|||50|,,,,,Flying
|showteam|p2|Charizard||ChoiceSpecs|SolarPower|HeatWave,Overheat,WeatherBall,AirSlash|||F|||50|,,,,,Ghost]Torkoal||EjectPack|Drought|Eruption,Overheat,HelpingHand,Protect|||M|||50|,,,,,Fire]Porygon2||Eviolite|Download|IceBeam,TeraBlast,TrickRoom,Recover||||||50|,,,,,Fighting]Incineroar||SitrusBerry|Intimidate|FlareBlitz,KnockOff,FakeOut,PartingShot|||M|||50|,,,,,Ghost]Jumpluff||CovertCloak|Chlorophyll|SleepPowder,SunnyDay,RagePowder,Tailwind|||F|||50|,,,,,Water]Ursaluna||FlameOrb|Guts|HeadlongRush,Facade,Earthquake,Protect|||M|||50|,,,,,Ghost
|
|t:|1756924521
|teamsize|p1|4
|teamsize|p2|4
|start
|switch|p1a: Gardevoir|Gardevoir, L50, F|100/100
|switch|p1b: Talonflame|Talonflame, L50, M|100/100
|switch|p2a: Jumpluff|Jumpluff, L50, F|100/100
|switch|p2b: Porygon2|Porygon2, L50|100/100
|-ability|p2b: Porygon2|Download|boost
|-boost|p2b: Porygon2|atk|1
|turn|1
|
|t:|1756924538
|move|p2a: Jumpluff|Rage Powder|p2a: Jumpluff
|-singleturn|p2a: Jumpluff|move: Rage Powder
|move|p1a: Gardevoir|Icy Wind|p2a: Jumpluff|[spread] p2a,p2b
|-supereffective|p2a: Jumpluff
|-crit|p2a: Jumpluff
|-damage|p2a: Jumpluff|7/100
|-damage|p2b: Porygon2|91/100
|-unboost|p2b: Porygon2|spe|1
|move|p1b: Talonflame|Taunt|p2a: Jumpluff
|-start|p2a: Jumpluff|move: Taunt
|move|p2b: Porygon2|Trick Room|p2b: Porygon2
|-fieldstart|move: Trick Room|[of] p2b: Porygon2
|
|upkeep
|turn|2
|
|t:|1756924566
|switch|p2a: Ursaluna|Ursaluna, L50, M|100/100
|switch|p1a: Indeedee|Indeedee-F, L50, F|100/100
|-fieldstart|move: Psychic Terrain|[from] ability: Psychic Surge|[of] p1a: Indeedee
|move|p2b: Porygon2|Ice Beam|p1a: Indeedee
|-damage|p1a: Indeedee|72/100
|move|p1b: Talonflame|Taunt|p2b: Porygon2
|-start|p2b: Porygon2|move: Taunt
|
|-status|p2a: Ursaluna|brn|[from] item: Flame Orb
|upkeep
|turn|3
|
|t:|1756924592
|switch|p2b: Torkoal|Torkoal, L50, M|100/100
|-weather|SunnyDay|[from] ability: Drought|[of] p2b: Torkoal
|move|p1a: Indeedee|Helping Hand|p1b: Talonflame
|-singleturn|p1b: Talonflame|Helping Hand|[of] p1a: Indeedee
|move|p2a: Ursaluna|Facade|p1b: Talonflame
|-damage|p1b: Talonflame|0 fnt
|faint|p1b: Talonflame
|
|-weather|SunnyDay|[upkeep]
|-damage|p2a: Ursaluna|95/100 brn|[from] brn
|upkeep
|
|t:|1756924601
|switch|p1b: Tyranitar|Tyranitar, L50, F|100/100
|-weather|Sandstorm|[from] ability: Sand Stream|[of] p1b: Tyranitar
|turn|4
|
|t:|1756924620
|-terastallize|p2a: Ursaluna|Ghost
|-terastallize|p1b: Tyranitar|Flying
|move|p2b: Torkoal|Eruption|p1a: Indeedee|[spread] p1a,p1b
|-damage|p1a: Indeedee|25/100
|-damage|p1b: Tyranitar|71/100
|move|p2a: Ursaluna|Facade|p1b: Tyranitar
|-damage|p1b: Tyranitar|0 fnt
|faint|p1b: Tyranitar
|move|p1a: Indeedee|Trick Room|p1a: Indeedee
|-fieldend|move: Trick Room
|
|-weather|Sandstorm|[upkeep]
|-damage|p2a: Ursaluna|89/100 brn|[from] Sandstorm
|-damage|p2b: Torkoal|94/100|[from] Sandstorm
|-damage|p2a: Ursaluna|83/100 brn|[from] brn
|upkeep
|
|t:|1756924631
|switch|p1b: Gardevoir|Gardevoir, L50, F|100/100
|turn|5
|
|t:|1756924646
|switch|p2b: Jumpluff|Jumpluff, L50, F|7/100
|move|p1a: Indeedee|Helping Hand|p1b: Gardevoir
|-singleturn|p1b: Gardevoir|Helping Hand|[of] p1a: Indeedee
|move|p1b: Gardevoir|Expanding Force|p2a: Ursaluna|[spread] p2a,p2b
|-damage|p2a: Ursaluna|0 fnt
|-damage|p2b: Jumpluff|0 fnt
|faint|p2a: Ursaluna
|faint|p2b: Jumpluff
|
|-weather|Sandstorm|[upkeep]
|-damage|p1b: Gardevoir|94/100|[from] Sandstorm
|upkeep
|
|t:|1756924654
|switch|p2b: Torkoal|Torkoal, L50, M|94/100
|switch|p2a: Porygon2|Porygon2, L50|91/100
|-ability|p2a: Porygon2|Download|boost
|-boost|p2a: Porygon2|atk|1
|-weather|SunnyDay|[from] ability: Drought|[of] p2b: Torkoal
|turn|6
|
|t:|1756924663
|move|p2b: Torkoal|Protect|p2b: Torkoal
|-singleturn|p2b: Torkoal|Protect
|move|p1b: Gardevoir|Expanding Force|p2b: Torkoal|[spread] p2a
|-activate|p2b: Torkoal|move: Protect
|-damage|p2a: Porygon2|51/100
|move|p2a: Porygon2|Trick Room|p2a: Porygon2
|-fieldstart|move: Trick Room|[of] p2a: Porygon2
|move|p1a: Indeedee|Trick Room|p1a: Indeedee
|-fieldend|move: Trick Room
|
|-weather|SunnyDay|[upkeep]
|-fieldend|move: Psychic Terrain
|upkeep
|turn|7
|
|t:|1756924677
|move|p1a: Indeedee|Helping Hand|p1b: Gardevoir
|-singleturn|p1b: Gardevoir|Helping Hand|[of] p1a: Indeedee
|move|p1b: Gardevoir|Expanding Force|p2b: Torkoal
|-damage|p2b: Torkoal|0 fnt
|faint|p2b: Torkoal
|move|p2a: Porygon2|Trick Room|p2a: Porygon2
|-fieldstart|move: Trick Room|[of] p2a: Porygon2
|
|-weather|SunnyDay|[upkeep]
|upkeep
|turn|8
|
|t:|1756924687
|move|p1a: Indeedee|Helping Hand|p1b: Gardevoir
|-singleturn|p1b: Gardevoir|Helping Hand|[of] p1a: Indeedee
|move|p2a: Porygon2|Ice Beam|p1b: Gardevoir
|-damage|p1b: Gardevoir|62/100
|move|p1b: Gardevoir|Expanding Force|p2a: Porygon2
|-damage|p2a: Porygon2|12/100
|
|-weather|SunnyDay|[upkeep]
|upkeep
|turn|9
|
|t:|1756924696
|move|p1a: Indeedee|Follow Me|p1a: Indeedee
|-singleturn|p1a: Indeedee|move: Follow Me
|move|p2a: Porygon2|Recover|p2a: Porygon2
|-heal|p2a: Porygon2|62/100
|move|p1b: Gardevoir|Expanding Force|p2a: Porygon2
|-damage|p2a: Porygon2|32/100
|
|-weather|SunnyDay|[upkeep]
|upkeep
|turn|10
|
|t:|1756924706
|move|p2a: Porygon2|Ice Beam|p1b: Gardevoir
|-damage|p1b: Gardevoir|30/100
|move|p1b: Gardevoir|Expanding Force|p2a: Porygon2
|-damage|p2a: Porygon2|1/100
|move|p1a: Indeedee|Trick Room|p1a: Indeedee
|-fieldend|move: Trick Room
|
|-weather|none
|upkeep
|turn|11
|
|t:|1756924716
|move|p1b: Gardevoir|Expanding Force|p2a: Porygon2
|-crit|p2a: Porygon2
|-damage|p2a: Porygon2|0 fnt
|faint|p2a: Porygon2
|
|win|Daniw9
||Daniw9 is ready for game 2.
||Loris41086 is ready for game 2.
|uhtml|next|Next: Game 2 of 3
|l|☆Loris41086
|player|p2|
