|j|☆leafeon_2564
|j|☆tmjp01
|html|leafeon_2564tmjp01    
|uhtml|bestof|Game 2 of a best-of-3
|t:|1782615825
|gametype|doubles
|player|p1|leafeon_2564|youngcouple-gen4dp|1075
|player|p2|tmjp01|2|1228
|gen|9
|tier|[Gen 9 Champions] VGC 2026 Reg M-B (Bo3)
|rated|
|rule|Species Clause: Limit one of each Pokémon
|rule|Item Clause: Limit 1 of each item
|clearpoke
|poke|p1|Delphox, L50, M, shiny|
|poke|p1|Staraptor, L50, M, shiny|
|poke|p1|Whimsicott, L50, F, shiny|
|poke|p1|Grimmsnarl, L50, M, shiny|
|poke|p1|Garchomp, L50, F, shiny|
|poke|p1|Sinistcha, L50, shiny|
|poke|p2|Corviknight, L50, F|
|poke|p2|Tyranitar, L50, M|
|poke|p2|Hydreigon, L50, F|
|poke|p2|Froslass, L50, F|
|poke|p2|Garchomp, L50, M|
|poke|p2|Arcanine-Hisui, L50, M|
|teampreview|4
|showteam|p1|Delphox||Delphoxite|Blaze|HeatWave,Psychic,NastyPlot,Protect|Timid||M|||50|]Staraptor||Staraptite|Intimidate|CloseCombat,BraveBird,Roost,Protect|Jolly||M|||50|]Whimsicott||FocusSash|Prankster|Tailwind,Moonblast,Encore,Protect|Timid||F|||50|]Grimmsnarl||LightClay|Prankster|LightScreen,PartingShot,Reflect,SpiritBreak|Careful||M|||50|]Garchomp||LifeOrb|RoughSkin|DragonClaw,RockSlide,Earthquake,Protect|Jolly||F|||50|]Sinistcha||SitrusBerry|Hospitality|RagePowder,MatchaGotcha,LifeDew,TrickRoom|Bold|||||50|
|showteam|p2|Corviknight||OccaBerry|MirrorArmor|BraveBird,Protect,IronHead,Tailwind|Adamant||F|||50|]Tyranitar||Tyranitarite|SandStream|Protect,KnockOff,RockSlide,DragonDance|Adamant||M|||50|]Hydreigon||ChoiceScarf|Levitate|DarkPulse,DracoMeteor,EarthPower,FlashCannon|Timid||F|||50|]Froslass||Froslassite|CursedBody|Blizzard,Protect,ShadowBall,WeatherBall|Timid||F|||50|]Garchomp||LifeOrb|RoughSkin|Protect,DragonClaw,RockSlide,Earthquake|Jolly||M|||50|]Arcanine-Hisui||FocusSash|RockHead|Protect,HeadSmash,ExtremeSpeed,FlareBlitz|Adamant||M|||50|
|inactive|Battle timer is ON: inactive players will automatically lose when time's up. (requested by leafeon_2564)
|
|t:|1782615840
|teamsize|p1|4
|teamsize|p2|4
|start
|switch|p1a: Delphox|Delphox, L50, M, shiny|100/100
|switch|p1b: Whimsicott|Whimsicott, L50, F, shiny|100/100
|switch|p2a: Corviknight|Corviknight, L50, F|100/100
|switch|p2b: Arcanine|Arcanine-Hisui, L50, M|100/100
|turn|1
|
|t:|1782615863
|switch|p1b: Sinistcha|Sinistcha, L50, shiny|100/100
|move|p1a: Delphox|Protect|p1a: Delphox
|-singleturn|p1a: Delphox|Protect
|move|p2b: Arcanine|Head Smash|p1a: Delphox
|-activate|p1a: Delphox|move: Protect
|move|p2a: Corviknight|Tailwind|p2a: Corviknight
|-sidestart|p2: tmjp01|move: Tailwind
|
|upkeep
|turn|2
|
|t:|1782615876
|detailschange|p1a: Delphox|Delphox-Mega, L50, M, shiny
|-mega|p1a: Delphox|Delphox|Delphoxite
|move|p1b: Sinistcha|Rage Powder|p1b: Sinistcha
|-singleturn|p1b: Sinistcha|move: Rage Powder
|move|p2b: Arcanine|Flare Blitz|p1b: Sinistcha
|-supereffective|p1b: Sinistcha|1
|-damage|p1b: Sinistcha|7/100
|-enditem|p1b: Sinistcha|Sitrus Berry|[eat]
|-heal|p1b: Sinistcha|32/100|[from] item: Sitrus Berry
|move|p2a: Corviknight|Brave Bird|p1b: Sinistcha
|-supereffective|p1b: Sinistcha|1
|-damage|p1b: Sinistcha|0 fnt
|faint|p1b: Sinistcha
|-damage|p2a: Corviknight|90/100|[from] Recoil
|move|p1a: Delphox|Nasty Plot|p1a: Delphox
|-boost|p1a: Delphox|spa|2
|
|upkeep
|
|t:|1782615887
|switch|p1b: Whimsicott|Whimsicott, L50, F, shiny|100/100
|turn|3
|
|t:|1782615893
|move|p1a: Delphox|Protect|p1a: Delphox
|-singleturn|p1a: Delphox|Protect
|move|p1b: Whimsicott|Tailwind|p1b: Whimsicott
|-sidestart|p1: leafeon_2564|move: Tailwind
|move|p2b: Arcanine|Flare Blitz|p1b: Whimsicott
|-supereffective|p1b: Whimsicott|1
|-enditem|p1b: Whimsicott|Focus Sash
|-damage|p1b: Whimsicott|1/100
|move|p2a: Corviknight|Brave Bird|p1b: Whimsicott
|-supereffective|p1b: Whimsicott|1
|-damage|p1b: Whimsicott|0 fnt
|faint|p1b: Whimsicott
|-damage|p2a: Corviknight|90/100|[from] Recoil
|
|upkeep
|
|t:|1782615898
|switch|p1b: Grimmsnarl|Grimmsnarl, L50, M, shiny|100/100
|turn|4
|
|t:|1782615910
|move|p1b: Grimmsnarl|Reflect|p1b: Grimmsnarl
|-sidestart|p1: leafeon_2564|Reflect
|move|p1a: Delphox|Heat Wave|p2b: Arcanine|[spread] p2a,p2b
|-supereffective|p2a: Corviknight|1
|-enditem|p2a: Corviknight|Occa Berry|[eat]
|-enditem|p2a: Corviknight|Occa Berry|[weaken]
|-resisted|p2b: Arcanine|2
|-damage|p2a: Corviknight|12/100
|-damage|p2b: Arcanine|73/100
|move|p2b: Arcanine|Head Smash|p1a: Delphox
|-supereffective|p1a: Delphox|1
|-damage|p1a: Delphox|0 fnt
|faint|p1a: Delphox
|move|p2a: Corviknight|Brave Bird|p1b: Grimmsnarl
|-damage|p1b: Grimmsnarl|72/100
|-damage|p2a: Corviknight|3/100|[from] Recoil
|
|-sideend|p2: tmjp01|move: Tailwind
|upkeep
|turn|5
|l|☆leafeon_2564
|inactive|leafeon_2564 disconnected and has a minute to reconnect!
|player|p1|
|inactive|leafeon_2564 has 30 seconds left.
|inactive|leafeon_2564 has 20 seconds left.
|inactive|leafeon_2564 has 15 seconds left.
|inactive|leafeon_2564 has 10 seconds left.
|inactive|leafeon_2564 has 5 seconds left.
|-message|leafeon_2564 lost due to inactivity.
|
|win|tmjp01
|raw|leafeon_2564's rating: 1075 → 1063(-12 for losing)
|raw|tmjp01's rating: 1228 → 1243(+15 for winning)
