|j|☆Cristante terabug
|j|☆Cogao vascaino
|html|Cristante terabugCogao vascaino    
|uhtml|bestof|Game 2 of a best-of-3
|t:|1755782686
|gametype|doubles
|player|p1|Cristante terabug|kieran-champion|1345
|player|p2|Cogao vascaino|bugcatcher-gen4dp|1243
|gen|9
|tier|[Gen 9] VGC 2025 Reg H (Bo3)
|rated|
|rule|Species Clause: Limit one of each Pokémon
|rule|Item Clause: Limit 1 of each item
|clearpoke
|poke|p1|Kommo-o, L50, M|
|poke|p1|Sneasler, L50, M|
|poke|p1|Dragonite, L50, M|
|poke|p1|Rillaboom, L50, F|
|poke|p1|Gholdengo, L50|
|poke|p1|Sinistcha, L50|
|poke|p2|Charizard, L50, F|
|poke|p2|Torkoal, L50, F|
|poke|p2|Porygon2, L50|
|poke|p2|Incineroar, L50, F|
|poke|p2|Jumpluff, L50, M|
|poke|p2|Ursaluna, L50, F|
|teampreview|4
|showteam|p1|Kommo-o||Leftovers|Overcoat|ClangorousSoul,ClangingScales,Flamethrower,Protect|||M|||50|,,,,,Fire]Sneasler||FocusSash|PoisonTouch|CloseCombat,DireClaw,FakeOut,Protect|||M|||50|,,,,,Ghost]Dragonite||LoadedDice|Multiscale|ScaleShot,Haze,Protect,Tailwind|||M|||50|,,,,,Steel]Rillaboom||AssaultVest|GrassySurge|DrumBeating,HighHorsepower,FakeOut,GrassyGlide|||F|||50|,,,,,Fire]Gholdengo||LifeOrb|GoodasGold|MakeItRain,NastyPlot,Protect,ShadowBall||||||50|,,,,,Dragon]Sinistcha||SitrusBerry|Hospitality|MatchaGotcha,RagePowder,LifeDew,TrickRoom||||||50|,,,,,Dark
|showteam|p2|Charizard||ChoiceSpecs|SolarPower|HeatWave,Overheat,WeatherBall,AirSlash|||F|||50|,,,,,Ghost]Torkoal||EjectPack|Drought|Eruption,Overheat,HelpingHand,Protect|||F|||50|,,,,,Fire]Porygon2||Eviolite|Download|IceBeam,TeraBlast,TrickRoom,Recover||||||50|,,,,,Fighting]Incineroar||SitrusBerry|Intimidate|FlareBlitz,KnockOff,FakeOut,PartingShot|||F|||50|,,,,,Ghost]Jumpluff||CovertCloak|Chlorophyll|SleepPowder,SunnyDay,RagePowder,Tailwind|||M|||50|,,,,,Dark]Ursaluna||FlameOrb|Guts|HeadlongRush,Facade,Earthquake,Protect|||F|||50|,,,,,Ghost
|inactive|Battle timer is ON: inactive players will automatically lose when time's up. (requested by Cristante terabug)
|
|t:|1755782698
|teamsize|p1|4
|teamsize|p2|4
|start
|switch|p1a: Sneasler|Sneasler, L50, M|100/100
|switch|p1b: Kommo-o|Kommo-o, L50, M|100/100
|switch|p2a: Incineroar|Incineroar, L50, F|100/100
|switch|p2b: Porygon2|Porygon2, L50|100/100
|-ability|p2a: Incineroar|Intimidate|boost
|-unboost|p1a: Sneasler|atk|1
|-unboost|p1b: Kommo-o|atk|1
|-ability|p2b: Porygon2|Download|boost
|-boost|p2b: Porygon2|atk|1
|turn|1
|
|t:|1755782711
|switch|p1b: Gholdengo|Gholdengo, L50|100/100
|-terastallize|p2b: Porygon2|Fighting
|move|p1a: Sneasler|Fake Out|p2b: Porygon2
|-damage|p2b: Porygon2|94/100
|move|p2a: Incineroar|Fake Out|p1b: Gholdengo
|-immune|p1b: Gholdengo
|cant|p2b: Porygon2|flinch
|
|upkeep
|turn|2
|
|t:|1755782726
|-terastallize|p1b: Gholdengo|Dragon
|move|p1a: Sneasler|Dire Claw|p2b: Porygon2
|-damage|p2b: Porygon2|75/100
|-status|p2b: Porygon2|par
|move|p1b: Gholdengo|Make It Rain|p2b: Porygon2|[spread] p2a,p2b
|-resisted|p2a: Incineroar
|-damage|p2a: Incineroar|72/100
|-damage|p2b: Porygon2|37/100 par
|-unboost|p1b: Gholdengo|spa|1
|-damage|p1b: Gholdengo|91/100|[from] item: Life Orb
|move|p2a: Incineroar|Parting Shot|p1a: Sneasler
|-unboost|p1a: Sneasler|atk|1
|-unboost|p1a: Sneasler|spa|1
|
|t:|1755782741
|switch|p2a: Ursaluna|Ursaluna, L50, F|100/100|[from] Parting Shot
|move|p2b: Porygon2|Trick Room|p2b: Porygon2
|-fieldstart|move: Trick Room|[of] p2b: Porygon2
|
|-status|p2a: Ursaluna|brn|[from] item: Flame Orb
|upkeep
|turn|3
|
|t:|1755782762
|switch|p1a: Dragonite|Dragonite, L50, M|100/100
|move|p2b: Porygon2|Recover|p2b: Porygon2
|-heal|p2b: Porygon2|87/100 par
|move|p2a: Ursaluna|Facade|p1b: Gholdengo
|-damage|p1b: Gholdengo|0 fnt
|faint|p1b: Gholdengo
|
|-damage|p2a: Ursaluna|95/100 brn|[from] brn
|upkeep
|
|t:|1755782769
|switch|p1b: Sneasler|Sneasler, L50, M|100/100
|turn|4
|
|t:|1755782781
|switch|p2a: Incineroar|Incineroar, L50, F|72/100
|-ability|p2a: Incineroar|Intimidate|boost
|-unboost|p1a: Dragonite|atk|1
|-unboost|p1b: Sneasler|atk|1
|cant|p2b: Porygon2|par
|move|p1a: Dragonite|Scale Shot|p2b: Porygon2
|-damage|p2b: Porygon2|80/100 par
|-damage|p2b: Porygon2|73/100 par
|-damage|p2b: Porygon2|67/100 par
|-damage|p2b: Porygon2|60/100 par
|-hitcount|p2b: Porygon2|4
|-unboost|p1a: Dragonite|def|1
|-boost|p1a: Dragonite|spe|1
|move|p1b: Sneasler|Dire Claw|p2b: Porygon2
|-damage|p2b: Porygon2|40/100 par
|
|upkeep
|turn|5
|inactive|Cogao vascaino has 30 seconds left.
|
|t:|1755782807
|switch|p1a: Kommo-o|Kommo-o, L50, M|100/100
|move|p2a: Incineroar|Fake Out|p1a: Kommo-o
|-damage|p1a: Kommo-o|89/100
|cant|p2b: Porygon2|par
|move|p1b: Sneasler|Close Combat|p2a: Incineroar
|-supereffective|p2a: Incineroar
|-damage|p2a: Incineroar|0 fnt
|-unboost|p1b: Sneasler|def|1
|-unboost|p1b: Sneasler|spd|1
|faint|p2a: Incineroar
|
|-heal|p1a: Kommo-o|95/100|[from] item: Leftovers
|upkeep
|
|t:|1755782818
|switch|p2a: Ursaluna|Ursaluna, L50, F|95/100 brn
|turn|6
|
|t:|1755782834
|move|p1a: Kommo-o|Protect|p1a: Kommo-o
|-singleturn|p1a: Kommo-o|Protect
|move|p2b: Porygon2|Recover|p2b: Porygon2
|-heal|p2b: Porygon2|90/100 par
|move|p2a: Ursaluna|Facade|p1a: Kommo-o
|-activate|p1a: Kommo-o|move: Protect
|move|p1b: Sneasler|Close Combat|p2a: Ursaluna
|-supereffective|p2a: Ursaluna
|-damage|p2a: Ursaluna|33/100 brn
|-unboost|p1b: Sneasler|def|1
|-unboost|p1b: Sneasler|spd|1
|
|-heal|p1a: Kommo-o|100/100|[from] item: Leftovers
|-damage|p2a: Ursaluna|27/100 brn|[from] brn
|-fieldend|move: Trick Room
|upkeep
|turn|7
|inactive|Cristante terabug has 30 seconds left.
|
|t:|1755782860
|switch|p1b: Dragonite|Dragonite, L50, M|100/100
|move|p2a: Ursaluna|Protect|p2a: Ursaluna
|-singleturn|p2a: Ursaluna|Protect
|move|p1a: Kommo-o|Clanging Scales|p2b: Porygon2|[spread] p2b
|-activate|p2a: Ursaluna|move: Protect
|-damage|p2b: Porygon2|66/100 par
|-unboost|p1a: Kommo-o|def|1
|move|p2b: Porygon2|Trick Room|p2b: Porygon2
|-fieldstart|move: Trick Room|[of] p2b: Porygon2
|
|-damage|p2a: Ursaluna|21/100 brn|[from] brn
|upkeep
|turn|8
|
|t:|1755782884
|move|p1a: Kommo-o|Protect|p1a: Kommo-o
|-singleturn|p1a: Kommo-o|Protect
|cant|p2b: Porygon2|par
|move|p2a: Ursaluna|Facade|p1a: Kommo-o
|-activate|p1a: Kommo-o|move: Protect
|move|p1b: Dragonite|Scale Shot|p2a: Ursaluna
|-damage|p2a: Ursaluna|10/100 brn
|-damage|p2a: Ursaluna|0 fnt
|faint|p2a: Ursaluna
|-hitcount|p2: Ursaluna|2
|-unboost|p1b: Dragonite|def|1
|-boost|p1b: Dragonite|spe|1
|
|upkeep
|
|t:|1755782886
|switch|p2a: Torkoal|Torkoal, L50, F|100/100
|-weather|SunnyDay|[from] ability: Drought|[of] p2a: Torkoal
|turn|9
|
|t:|1755782909
|move|p2a: Torkoal|Eruption|p1a: Kommo-o|[spread] p1a,p1b
|-resisted|p1a: Kommo-o
|-resisted|p1b: Dragonite
|-damage|p1a: Kommo-o|64/100
|-damage|p1b: Dragonite|83/100
|move|p2b: Porygon2|Ice Beam|p1b: Dragonite
|-supereffective|p1b: Dragonite
|-damage|p1b: Dragonite|0 fnt
|faint|p1b: Dragonite
|move|p1a: Kommo-o|Clanging Scales|p2b: Porygon2|[spread] p2a,p2b
|-damage|p2a: Torkoal|53/100
|-damage|p2b: Porygon2|44/100 par
|-unboost|p1a: Kommo-o|def|1
|
|-weather|SunnyDay|[upkeep]
|-heal|p1a: Kommo-o|70/100|[from] item: Leftovers
|upkeep
|
|t:|1755782922
|switch|p1b: Sneasler|Sneasler, L50, M|100/100
|turn|10
|
|t:|1755782945
|move|p1b: Sneasler|Fake Out|p2b: Porygon2
|-damage|p2b: Porygon2|33/100 par
|move|p2a: Torkoal|Overheat|p1b: Sneasler
|-enditem|p1b: Sneasler|Focus Sash
|-damage|p1b: Sneasler|1/100
|-unboost|p2a: Torkoal|spa|2
|cant|p2b: Porygon2|flinch
|move|p1a: Kommo-o|Clangorous Soul|p1a: Kommo-o
|-boost|p1a: Kommo-o|atk|1
|-boost|p1a: Kommo-o|def|1
|-boost|p1a: Kommo-o|spa|1
|-boost|p1a: Kommo-o|spd|1
|-boost|p1a: Kommo-o|spe|1
|-damage|p1a: Kommo-o|38/100
|
|-weather|SunnyDay|[upkeep]
|-heal|p1a: Kommo-o|44/100|[from] item: Leftovers
|upkeep
|turn|11
|
|t:|1755782966
|move|p1b: Sneasler|Protect|p1b: Sneasler
|-singleturn|p1b: Sneasler|Protect
|move|p1a: Kommo-o|Protect|p1a: Kommo-o
|-singleturn|p1a: Kommo-o|Protect
|move|p2a: Torkoal|Eruption|p1a: Kommo-o|[spread] 
|-activate|p1a: Kommo-o|move: Protect
|-activate|p1b: Sneasler|move: Protect
|cant|p2b: Porygon2|par
|
|-weather|SunnyDay|[upkeep]
|-heal|p1a: Kommo-o|50/100|[from] item: Leftovers
|-fieldend|move: Trick Room
|upkeep
|turn|12
|-message|Cogao vascaino forfeited.
|
|win|Cristante terabug
|raw|Cristante terabug's rating: 1345 → 1359(+14 for winning)
|raw|Cogao vascaino's rating: 1243 → 1225(-18 for losing)
