|j|☆Bellbottoms
|j|☆furretusedpunch
|html|Bellbottomsfurretusedpunch    
|uhtml|bestof|Game 2 of a best-of-3
|t:|1757839282
|gametype|doubles
|player|p1|Bellbottoms|pokemonbreederf-gen4|1493
|player|p2|furretusedpunch|lacey|1334
|gen|9
|tier|[Gen 9] VGC 2025 Reg H (Bo3)
|rated|
|rule|Species Clause: Limit one of each Pokémon
|rule|Item Clause: Limit 1 of each item
|clearpoke
|poke|p1|Gastrodon-East, L50, F|
|poke|p1|Volcarona, L50, F|
|poke|p1|Rillaboom, L50, M|
|poke|p1|Incineroar, L50, M|
|poke|p1|Ursaluna-Bloodmoon, L50, M|
|poke|p1|Annihilape, L50, M|
|poke|p2|Gholdengo, L50|
|poke|p2|Sneasler, L50, M|
|poke|p2|Rillaboom, L50, F|
|poke|p2|Ninetales-Alola, L50, F|
|poke|p2|Incineroar, L50, F|
|poke|p2|Ursaluna-Bloodmoon, L50, M|
|teampreview|4
|showteam|p1|Gastrodon-East||Leftovers|StormDrain|EarthPower,Yawn,IcyWind,Protect|||F|||50|,,,,,Poison]Volcarona||CovertCloak|FlameBody|HeatWave,QuiverDance,RagePowder,TeraBlast|||F|||50|,,,,,Fairy]Rillaboom||AssaultVest|GrassySurge|FakeOut,WoodHammer,Uturn,GrassyGlide|||M|||50|,,,,,Fire]Incineroar||ClearAmulet|Intimidate|FakeOut,FlareBlitz,KnockOff,Uturn|||M|||50|,,,,,Ghost]Ursaluna-Bloodmoon||LifeOrb|MindsEye|EarthPower,BloodMoon,HyperVoice,Protect|||M|||50|,,,,,Ground]Annihilape||SafetyGoggles|Defiant|DrainPunch,BulkUp,RageFist,Protect|||M|||50|,,,,,Fire
|showteam|p2|Gholdengo||LifeOrb|GoodasGold|NastyPlot,MakeItRain,ShadowBall,Protect||||||50|,,,,,Water]Sneasler||GrassySeed|Unburden|CloseCombat,SwordsDance,Acrobatics,Protect|||M|||50|,,,,,Flying]Rillaboom||AssaultVest|GrassySurge|FakeOut,GrassyGlide,DrumBeating,HighHorsepower|||F|||50|,,,,,Fire]Ninetales-Alola||FocusSash|SnowWarning|IcyWind,Encore,FreezeDry,Blizzard|||F|||50|,,,,,Ghost]Incineroar||SafetyGoggles|Intimidate|FlareBlitz,KnockOff,FakeOut,PartingShot|||F|||50|,,,,,Ghost]Ursaluna-Bloodmoon||Leftovers|MindsEye|BloodMoon,EarthPower,Yawn,Protect|||M|||50|,,,,,Electric
|
|t:|1757839311
|teamsize|p1|4
|teamsize|p2|4
|start
|switch|p1a: Incineroar|Incineroar, L50, M|100/100
|switch|p1b: Volcarona|Volcarona, L50, F|100/100
|switch|p2a: Sneasler|Sneasler, L50, M|100/100
|switch|p2b: Ursaluna|Ursaluna-Bloodmoon, L50, M|100/100
|-ability|p1a: Incineroar|Intimidate|boost
|-unboost|p2a: Sneasler|atk|1
|-unboost|p2b: Ursaluna|atk|1
|turn|1
|
|t:|1757839330
|move|p1a: Incineroar|Fake Out|p2b: Ursaluna
|-damage|p2b: Ursaluna|91/100
|move|p2a: Sneasler|Swords Dance|p2a: Sneasler
|-boost|p2a: Sneasler|atk|2
|move|p1b: Volcarona|Heat Wave|p2b: Ursaluna|[spread] p2a,p2b
|-damage|p2a: Sneasler|60/100
|-damage|p2b: Ursaluna|51/100
|cant|p2b: Ursaluna|flinch
|
|-heal|p2b: Ursaluna|57/100|[from] item: Leftovers
|upkeep
|turn|2
|
|t:|1757839395
|switch|p2b: Rillaboom|Rillaboom, L50, F|100/100
|-fieldstart|move: Grassy Terrain|[from] ability: Grassy Surge|[of] p2b: Rillaboom
|-enditem|p2a: Sneasler|Grassy Seed
|-boost|p2a: Sneasler|def|1|[from] item: Grassy Seed
|-terastallize|p2a: Sneasler|Flying
|-terastallize|p1b: Volcarona|Fairy
|move|p2a: Sneasler|Acrobatics|p1b: Volcarona
|-damage|p1b: Volcarona|16/100
|-status|p2a: Sneasler|brn|[from] ability: Flame Body|[of] p1b: Volcarona
|move|p1b: Volcarona|Heat Wave|p2b: Rillaboom|[spread] p2a
|-miss|p1b: Volcarona|p2b: Rillaboom
|-damage|p2a: Sneasler|18/100 brn
|move|p1a: Incineroar|Flare Blitz|p2b: Rillaboom
|-supereffective|p2b: Rillaboom
|-damage|p2b: Rillaboom|0 fnt
|faint|p2b: Rillaboom
|-damage|p1a: Incineroar|65/100|[from] Recoil
|
|-heal|p1b: Volcarona|22/100|[from] Grassy Terrain
|-heal|p1a: Incineroar|72/100|[from] Grassy Terrain
|-damage|p2a: Sneasler|12/100 brn|[from] brn
|upkeep
|
|t:|1757839411
|switch|p2b: Ursaluna|Ursaluna-Bloodmoon, L50, M|57/100
|turn|3
|
|t:|1757839418
|switch|p1a: Rillaboom|Rillaboom, L50, M|100/100
|move|p2a: Sneasler|Acrobatics|p1b: Volcarona
|-damage|p1b: Volcarona|0 fnt
|faint|p1b: Volcarona
|move|p2b: Ursaluna|Earth Power|p1a: Rillaboom
|-resisted|p1a: Rillaboom
|-damage|p1a: Rillaboom|83/100
|
|-heal|p1a: Rillaboom|89/100|[from] Grassy Terrain
|-heal|p2b: Ursaluna|63/100|[from] Grassy Terrain
|-heal|p2b: Ursaluna|69/100|[from] item: Leftovers
|-damage|p2a: Sneasler|6/100 brn|[from] brn
|upkeep
|
|t:|1757839424
|switch|p1b: Annihilape|Annihilape, L50, M|100/100
|turn|4
|
|t:|1757839431
|switch|p2b: Gholdengo|Gholdengo, L50|100/100
|move|p2a: Sneasler|Protect|p2a: Sneasler
|-singleturn|p2a: Sneasler|Protect
|move|p1a: Rillaboom|Fake Out|p2b: Gholdengo
|-immune|p2b: Gholdengo
|move|p1b: Annihilape|Bulk Up|p1b: Annihilape
|-boost|p1b: Annihilape|atk|1
|-boost|p1b: Annihilape|def|1
|
|-heal|p1a: Rillaboom|95/100|[from] Grassy Terrain
|-damage|p2a: Sneasler|0 fnt|[from] brn
|faint|p2a: Sneasler
|upkeep
|
|t:|1757839440
|switch|p2a: Ursaluna|Ursaluna-Bloodmoon, L50, M|69/100
|turn|5
|
|t:|1757839466
|move|p1b: Annihilape|Rage Fist|p2b: Gholdengo
|-supereffective|p2b: Gholdengo
|-damage|p2b: Gholdengo|15/100
|move|p2b: Gholdengo|Shadow Ball|p1b: Annihilape
|-supereffective|p1b: Annihilape
|-damage|p1b: Annihilape|0 fnt
|faint|p1b: Annihilape
|-damage|p2b: Gholdengo|6/100|[from] item: Life Orb
|move|p1a: Rillaboom|Wood Hammer|p2a: Ursaluna
|-supereffective|p2a: Ursaluna
|-damage|p2a: Ursaluna|0 fnt
|faint|p2a: Ursaluna
|-damage|p1a: Rillaboom|71/100|[from] Recoil
|
|-heal|p2b: Gholdengo|12/100|[from] Grassy Terrain
|-heal|p1a: Rillaboom|77/100|[from] Grassy Terrain
|upkeep
|
|t:|1757839469
|switch|p1b: Incineroar|Incineroar, L50, M|72/100
|-ability|p1b: Incineroar|Intimidate|boost
|-unboost|p2b: Gholdengo|atk|1
|turn|6
|
|t:|1757839477
|move|p2b: Gholdengo|Protect|p2b: Gholdengo
|-singleturn|p2b: Gholdengo|Protect
|move|p1a: Rillaboom|Grassy Glide|p2b: Gholdengo
|-activate|p2b: Gholdengo|move: Protect
|move|p1b: Incineroar|Flare Blitz|p2b: Gholdengo
|-activate|p2b: Gholdengo|move: Protect
|
|-heal|p2b: Gholdengo|18/100|[from] Grassy Terrain
|-heal|p1a: Rillaboom|83/100|[from] Grassy Terrain
|-heal|p1b: Incineroar|78/100|[from] Grassy Terrain
|-fieldend|move: Grassy Terrain
|upkeep
|turn|7
|
|t:|1757839480
|move|p2b: Gholdengo|Make It Rain|p1a: Rillaboom|[spread] p1a,p1b
|-resisted|p1b: Incineroar
|-damage|p1a: Rillaboom|37/100
|-damage|p1b: Incineroar|46/100
|-unboost|p2b: Gholdengo|spa|1
|-damage|p2b: Gholdengo|8/100|[from] item: Life Orb
|move|p1a: Rillaboom|Wood Hammer|p2b: Gholdengo
|-resisted|p2b: Gholdengo
|-damage|p2b: Gholdengo|0 fnt
|faint|p2b: Gholdengo
|-damage|p1a: Rillaboom|34/100|[from] Recoil
|
|win|Bellbottoms
|raw|Bellbottoms's rating: 1493 → 1504(+11 for winning)
|raw|furretusedpunch's rating: 1334 → 1323(-11 for losing)
