|j|☆huntr/x rumi
|j|☆ryoshino
|html|huntr/x rumiryoshino    
|uhtml|bestof|Game 1 of a best-of-3
|t:|1756732569
|gametype|doubles
|player|p1|huntr/x rumi|guitarist|1295
|player|p2|ryoshino|169|1358
|gen|9
|tier|[Gen 9] VGC 2025 Reg H (Bo3)
|rated|
|rule|Species Clause: Limit one of each Pokémon
|rule|Item Clause: Limit 1 of each item
|clearpoke
|poke|p1|Palafin, L50, F|
|poke|p1|Incineroar, L50, M|
|poke|p1|Sinistcha, L50|
|poke|p1|Archaludon, L50, F|
|poke|p1|Stonjourner, L50, F|
|poke|p1|Ninetales-Alola, L50, M|
|poke|p2|Murkrow, L50, F|
|poke|p2|Gholdengo, L50|
|poke|p2|Dondozo, L50, M|
|poke|p2|Tatsugiri, L50, M|
|poke|p2|Incineroar, L50, F|
|poke|p2|Clefable, L50, M|
|teampreview|4
|showteam|p1|Palafin||MysticWater|ZerotoHero|Protect,JetPunch,WaveCrash,Haze|||F|||50|,,,,,Water]Incineroar||SafetyGoggles|Intimidate|FakeOut,FlareBlitz,KnockOff,PartingShot|||M|||50|,,,,,Ghost]Sinistcha||AssaultVest|Hospitality|MatchaGotcha,ShadowBall,Scald,GigaDrain||||||50|,,,,,Water]Archaludon||PowerHerb|Sturdy|Protect,ElectroShot,DragonPulse,Thunderbolt|||F|||50|,,,,,Electric]Stonjourner||FocusSash|PowerSpot|Protect,WideGuard,RockSlide,LowKick|||F|||50|,,,,,Ghost]Ninetales-Alola||CovertCloak|SnowWarning|Protect,AuroraVeil,Blizzard,Moonblast|||M|||50|,,,,,Water
|showteam|p2|Murkrow||Eviolite|Prankster|Tailwind,FoulPlay,RainDance,Haze|||F|||50|,,,,,Ghost]Gholdengo||ChoiceSpecs|GoodasGold|MakeItRain,Trick,ShadowBall,Thunderbolt||||||50|,,,,,Steel]Dondozo||Leftovers|Unaware|WaveCrash,HeavySlam,OrderUp,Protect|||M|||50|,,,,,Grass]Tatsugiri||FocusSash|Commander|DracoMeteor,IcyWind,MuddyWater,Protect|||M|||50|,,,,,Stellar]Incineroar||SafetyGoggles|Intimidate|FlareBlitz,KnockOff,PartingShot,FakeOut|||F|||50|,,,,,Ghost]Clefable||RockyHelmet|Unaware|Moonblast,FollowMe,Encore,Protect|||M|||50|,,,,,Ghost
|inactive|Battle timer is ON: inactive players will automatically lose when time's up. (requested by ryoshino)
|inactive|huntr/x rumi has 60 seconds left.
|
|t:|1756732611
|teamsize|p1|4
|teamsize|p2|4
|start
|switch|p1a: Palafin|Palafin, L50, F|100/100
|switch|p1b: Archaludon|Archaludon, L50, F, shiny|100/100
|switch|p2a: Murkrow|Murkrow, L50, F|100/100
|switch|p2b: Gholdengo|Gholdengo, L50|100/100
|turn|1
|
|t:|1756732624
|detailschange|p1a: Palafin|Palafin-Hero, L50, F
|switch|p1a: I'm Fakin|Incineroar, L50, M|100/100
|-ability|p1a: I'm Fakin|Intimidate|boost
|-unboost|p2a: Murkrow|atk|1
|-unboost|p2b: Gholdengo|atk|1
|-terastallize|p1b: Archaludon|Electric
|move|p1b: Archaludon|Electro Shot||[still]
|-prepare|p1b: Archaludon|Electro Shot
|-boost|p1b: Archaludon|spa|1
|-enditem|p1b: Archaludon|Power Herb
|-anim|p1b: Archaludon|Electro Shot|p2b: Gholdengo
|-damage|p2b: Gholdengo|0 fnt
|faint|p2b: Gholdengo
|move|p2a: Murkrow|Foul Play|p1b: Archaludon
|-damage|p1b: Archaludon|77/100
|
|upkeep
|
|t:|1756732629
|switch|p2b: Dondozo|Dondozo, L50, M|100/100
|turn|2
|
|t:|1756732644
|switch|p2a: Tatsugiri|Tatsugiri, L50, M|100/100
|-activate|p2a: Tatsugiri|ability: Commander|[of] p2b: Dondozo
|-boost|p2b: Dondozo|atk|2
|-boost|p2b: Dondozo|spa|2
|-boost|p2b: Dondozo|spe|2
|-boost|p2b: Dondozo|def|2
|-boost|p2b: Dondozo|spd|2
|-terastallize|p2b: Dondozo|Grass
|move|p1a: I'm Fakin|Fake Out|p2b: Dondozo
|-damage|p2b: Dondozo|96/100
|move|p1b: Archaludon|Thunderbolt|p2a: Tatsugiri|[miss]
|-miss|p1b: Archaludon|p2a: Tatsugiri
|cant|p2b: Dondozo|flinch
|
|-heal|p2b: Dondozo|100/100|[from] item: Leftovers
|upkeep
|turn|3
|
|t:|1756732650
|switch|p1a: Sinistcha|Sinistcha, L50|100/100
|-heal|p1b: Archaludon|100/100|[from] ability: Hospitality|[of] p1a: Sinistcha
|move|p1b: Archaludon|Protect|p1b: Archaludon
|-singleturn|p1b: Archaludon|Protect
|move|p2b: Dondozo|Wave Crash|p1a: Sinistcha
|-resisted|p1a: Sinistcha
|-crit|p1a: Sinistcha
|-damage|p1a: Sinistcha|27/100
|-damage|p2b: Dondozo|84/100|[from] Recoil
|
|-heal|p2b: Dondozo|90/100|[from] item: Leftovers
|upkeep
|turn|4
|
|t:|1756732669
|switch|p1a: I'm Fakin|Incineroar, L50, M|100/100
|-ability|p1a: I'm Fakin|Intimidate|boost
|-unboost|p2a: Tatsugiri|atk|1
|-unboost|p2b: Dondozo|atk|1
|move|p1b: Archaludon|Dragon Pulse|p2b: Dondozo
|-crit|p2b: Dondozo
|-damage|p2b: Dondozo|23/100
|move|p2b: Dondozo|Order Up|p1a: I'm Fakin
|-damage|p1a: I'm Fakin|72/100
|-boost|p2b: Dondozo|atk|1
|
|-heal|p2b: Dondozo|29/100|[from] item: Leftovers
|upkeep
|turn|5
|
|t:|1756732680
|switch|p1a: Palafin|Palafin-Hero, L50, F|100/100
|-activate|p1a: Palafin|ability: Zero to Hero
|move|p2b: Dondozo|Protect|p2b: Dondozo
|-singleturn|p2b: Dondozo|Protect
|move|p1b: Archaludon|Dragon Pulse|p2b: Dondozo
|-activate|p2b: Dondozo|move: Protect
|
|-heal|p2b: Dondozo|36/100|[from] item: Leftovers
|upkeep
|turn|6
|-message|ryoshino forfeited.
|
|win|huntr/x rumi
|l|☆ryoshino
|player|p2|
||ryoshino is ready for game 2.
||huntr/x rumi is ready for game 2.
|uhtml|next|Next: Game 2 of 3
