|j|☆tilremo
|j|☆sticky hilton
|html|tilremosticky hilton    
|uhtml|bestof|Game 2 of a best-of-3
|t:|1785365529
|gametype|doubles
|player|p1|tilremo|1|
|player|p2|sticky hilton|1|
|gen|9
|tier|[Gen 9 Champions] VGC 2026 Reg M-B (Bo3)
|rule|Species Clause: Limit one of each Pokémon
|rule|Item Clause: Limit 1 of each item
|clearpoke
|poke|p1|Garchomp, L50, M|
|poke|p1|Eelektross, L50, F|
|poke|p1|Milotic, L50, F|
|poke|p1|Umbreon, L50, M|
|poke|p1|Lopunny, L50, F|
|poke|p1|Skarmory, L50, M|
|poke|p2|Chandelure, L50, F|
|poke|p2|Araquanid, L50, F, shiny|
|poke|p2|Spiritomb, L50, M, shiny|
|poke|p2|Chesnaught, L50, F, shiny|
|poke|p2|Grimmsnarl, L50, M, shiny|
|poke|p2|Gliscor, L50, M|
|teampreview|4
|showteam|p1|Garchomp||ChoiceScarf|SandVeil|Earthquake,StompingTantrum,DragonClaw,Crunch|Adamant||M|||50|]Eelektross||Eelektrossite|Levitate|Discharge,MuddyWater,PsychicFangs,Protect|Modest||F|||50|]Milotic||SitrusBerry|Competitive|IceBeam,MuddyWater,LifeDew,Protect|Timid||F|||50|]Umbreon||Leftovers|InnerFocus|Snarl,Taunt,FoulPlay,Protect|Calm||M|||50|]Lopunny||Lopunnite|Limber|CloseCombat,Facade,Uturn,FakeOut|Adamant||F|||50|]Skarmory||MentalHerb|Sturdy|DrillPeck,IronHead,RockSlide,Tailwind|Adamant||M|||50|
|showteam|p2|Chandelure||Chandelurite|FlashFire|HeatWave,ShadowBall,Protect,Overheat|Quiet||F|||50|]Araquanid||MysticWater|WaterBubble|Liquidation,Protect,WideGuard,Soak|Careful||F|||50|]Spiritomb||MentalHerb|Pressure|TrickRoom,PainSplit,FoulPlay,Protect|Sassy||M|||50|]Chesnaught||ExpertBelt|Bulletproof|WoodHammer,RockSlide,SpikyShield,Taunt|Relaxed||F|||50|]Grimmsnarl||LightClay|Prankster|FakeOut,LightScreen,Reflect,SpiritBreak|Sassy||M|||50|]Gliscor|||HyperCutter|FireFang,RockSlide,Protect,Acrobatics|Impish||M|||50|
|
|t:|1785365648
|teamsize|p1|4
|teamsize|p2|4
|start
|switch|p1a: Longshanks|Garchomp, L50, M|100/100
|switch|p1b: Eeleven|Eelektross, L50, F|100/100
|switch|p2a: Spiritomb|Spiritomb, L50, M, shiny|100/100
|switch|p2b: Chesnaught|Chesnaught, L50, F, shiny|100/100
|-ability|p2a: Spiritomb|Pressure
|turn|1
|
|t:|1785365673
|detailschange|p1b: Eeleven|Eelektross-Mega, L50, F
|-mega|p1b: Eeleven|Eelektross|Eelektrossite
|move|p1a: Longshanks|Dragon Claw|p2a: Spiritomb
|-damage|p2a: Spiritomb|56/100
|move|p1b: Eeleven|Discharge|p2a: Spiritomb|[spread] p2a,p2b
|-immune|p1a: Longshanks
|-resisted|p2b: Chesnaught|1
|-damage|p2a: Spiritomb|25/100
|-damage|p2b: Chesnaught|79/100
|move|p2b: Chesnaught|Wood Hammer|p1b: Eeleven
|-damage|p1b: Eeleven|42/100
|-damage|p2b: Chesnaught|62/100|[from] Recoil
|move|p2a: Spiritomb|Trick Room|p2a: Spiritomb
|-fieldstart|move: Trick Room|[of] p2a: Spiritomb
|
|upkeep
|turn|2
|
|t:|1785365692
|move|p1b: Eeleven|Protect|p1b: Eeleven
|-singleturn|p1b: Eeleven|Protect
|move|p2a: Spiritomb|Pain Split|p1a: Longshanks
|-sethp|p1a: Longshanks|59/100|[from] move: Pain Split|[silent]
|-sethp|p2a: Spiritomb|82/100|[from] move: Pain Split
|move|p2b: Chesnaught|Wood Hammer|p1a: Longshanks
|-damage|p1a: Longshanks|16/100
|-damage|p2b: Chesnaught|47/100|[from] Recoil
|move|p1a: Longshanks|Dragon Claw|p2a: Spiritomb
|-damage|p2a: Spiritomb|41/100
|
|upkeep
|turn|3
|
|t:|1785365712
|switch|p1b: Marcos|Skarmory, L50, M|100/100
|switch|p1a: Cynthia|Milotic, L50, F|100/100
|move|p2a: Spiritomb|Foul Play|p1a: Cynthia
|-damage|p1a: Cynthia|77/100
|move|p2b: Chesnaught|Wood Hammer|p1b: Marcos
|-resisted|p1b: Marcos|2
|-damage|p1b: Marcos|90/100
|-damage|p2b: Chesnaught|45/100|[from] Recoil
|
|upkeep
|turn|4
|
|t:|1785365744
|move|p1a: Cynthia|Protect|p1a: Cynthia
|-singleturn|p1a: Cynthia|Protect
|move|p2a: Spiritomb|Pain Split|p1b: Marcos
|-sethp|p1b: Marcos|62/100|[from] move: Pain Split|[silent]
|-sethp|p2a: Spiritomb|73/100|[from] move: Pain Split
|move|p2b: Chesnaught|Wood Hammer|p1a: Cynthia
|-activate|p1a: Cynthia|move: Protect
|move|p1b: Marcos|Drill Peck|p2b: Chesnaught
|-supereffective|p2b: Chesnaught|2
|-damage|p2b: Chesnaught|0 fnt
|faint|p2b: Chesnaught
|
|upkeep
|
|t:|1785365760
|switch|p2b: Gliscor|Gliscor, L50, M|100/100
|turn|5
|
|t:|1785365778
|move|p2b: Gliscor|Protect|p2b: Gliscor
|-singleturn|p2b: Gliscor|Protect
|move|p2a: Spiritomb|Foul Play|p1b: Marcos
|-damage|p1b: Marcos|32/100
|move|p1b: Marcos|Tailwind|p1b: Marcos
|-sidestart|p1: tilremo|move: Tailwind
|move|p1a: Cynthia|Ice Beam|p2b: Gliscor
|-activate|p2b: Gliscor|move: Protect
|
|-fieldend|move: Trick Room
|upkeep
|turn|6
|
|t:|1785365812
|switch|p2b: Grimmsnarl|Grimmsnarl, L50, M, shiny|100/100
|move|p1a: Cynthia|Muddy Water|p2b: Grimmsnarl|[spread] p2a,p2b
|-damage|p2a: Spiritomb|51/100
|-damage|p2b: Grimmsnarl|78/100
|move|p1b: Marcos|Rock Slide|p2a: Spiritomb|[spread] p2a,p2b
|-damage|p2a: Spiritomb|36/100
|-damage|p2b: Grimmsnarl|62/100
|move|p2a: Spiritomb|Trick Room|p2a: Spiritomb
|-fieldstart|move: Trick Room|[of] p2a: Spiritomb
|
|upkeep
|turn|7
|
|t:|1785365855
|move|p2b: Grimmsnarl|Light Screen|p2b: Grimmsnarl
|-sidestart|p2: sticky hilton|move: Light Screen
|move|p2a: Spiritomb|Pain Split|p1a: Cynthia
|-sethp|p1a: Cynthia|51/100|[from] move: Pain Split|[silent]
|-sethp|p2a: Spiritomb|70/100|[from] move: Pain Split
|move|p1b: Marcos|Iron Head|p2b: Grimmsnarl
|-supereffective|p2b: Grimmsnarl|1
|-damage|p2b: Grimmsnarl|0 fnt
|faint|p2b: Grimmsnarl
|move|p1a: Cynthia|Life Dew|p1a: Cynthia|[spread] p1a,p1b
|-heal|p1a: Cynthia|76/100
|-heal|p1b: Marcos|57/100
|
|upkeep
|
|t:|1785365866
|switch|p2b: Gliscor|Gliscor, L50, M|100/100
|turn|8
|
|t:|1785365884
|move|p1a: Cynthia|Protect|p1a: Cynthia
|-singleturn|p1a: Cynthia|Protect
|move|p2a: Spiritomb|Foul Play|p1b: Marcos
|-damage|p1b: Marcos|24/100
|move|p2b: Gliscor|Acrobatics|p1a: Cynthia
|-activate|p1a: Cynthia|move: Protect
|move|p1b: Marcos|Rock Slide|p2b: Gliscor|[spread] p2a,p2b
|-damage|p2a: Spiritomb|55/100
|-damage|p2b: Gliscor|88/100
|
|-sideend|p1: tilremo|move: Tailwind
|upkeep
|turn|9
|
|t:|1785365903
|move|p2b: Gliscor|Protect|p2b: Gliscor
|-singleturn|p2b: Gliscor|Protect
|move|p2a: Spiritomb|Foul Play|p1b: Marcos
|-damage|p1b: Marcos|0 fnt
|faint|p1b: Marcos
|move|p1a: Cynthia|Ice Beam|p2b: Gliscor
|-activate|p2b: Gliscor|move: Protect
|
|upkeep
|
|t:|1785365912
|switch|p1b: Eeleven|Eelektross-Mega, L50, F|42/100
|turn|10
|
|t:|1785365935
|move|p2a: Spiritomb|Foul Play|p1a: Cynthia
|-damage|p1a: Cynthia|55/100
|move|p2b: Gliscor|Acrobatics|p1a: Cynthia
|-damage|p1a: Cynthia|15/100
|-enditem|p1a: Cynthia|Sitrus Berry|[eat]
|-heal|p1a: Cynthia|40/100|[from] item: Sitrus Berry
|move|p1b: Eeleven|Muddy Water|p2a: Spiritomb|[spread] p2b
|-miss|p1b: Eeleven|p2a: Spiritomb
|-supereffective|p2b: Gliscor|1
|-damage|p2b: Gliscor|54/100
|move|p1a: Cynthia|Ice Beam|p2b: Gliscor
|-supereffective|p2b: Gliscor|2
|-damage|p2b: Gliscor|1/100
|
|-fieldend|move: Trick Room
|upkeep
|turn|11
|
|t:|1785365967
|move|p1a: Cynthia|Life Dew|p1a: Cynthia|[spread] p1a,p1b
|-heal|p1a: Cynthia|65/100
|-heal|p1b: Eeleven|67/100
|move|p1b: Eeleven|Psychic Fangs|p2b: Gliscor
|-sideend|p2: sticky hilton|move: Light Screen
|-damage|p2b: Gliscor|0 fnt
|faint|p2b: Gliscor
|-ability|p1b: Eeleven|Eelevate|boost
|-boost|p1b: Eeleven|spa|1
|move|p2a: Spiritomb|Foul Play|p1a: Cynthia
|-damage|p1a: Cynthia|45/100
|
|upkeep
|turn|12
|
|t:|1785365985
|move|p1a: Cynthia|Life Dew|p1a: Cynthia|[spread] p1a,p1b
|-heal|p1a: Cynthia|70/100
|-heal|p1b: Eeleven|92/100
|move|p1b: Eeleven|Muddy Water|p2a: Spiritomb
|-damage|p2a: Spiritomb|8/100
|-unboost|p2a: Spiritomb|accuracy|1
|move|p2a: Spiritomb|Foul Play|p1b: Eeleven|[miss]
|-miss|p2a: Spiritomb|p1b: Eeleven
|
|upkeep
|turn|13
|
|t:|1785365998
|move|p1a: Cynthia|Life Dew|p1a: Cynthia|[spread] p1a,p1b
|-heal|p1a: Cynthia|95/100
|-heal|p1b: Eeleven|100/100
|move|p1b: Eeleven|Muddy Water|p2a: Spiritomb
|-damage|p2a: Spiritomb|0 fnt
|faint|p2a: Spiritomb
|
|win|tilremo
||sticky hilton is ready for game 3.
||tilremo is ready for game 3.
|uhtml|next|Next: Game 3 of 3
