|j|☆captainspoon
|j|☆Leodess
|html|captainspoonLeodess    
|uhtml|bestof|Game 2 of a best-of-3
|t:|1756464481
|gametype|doubles
|player|p1|captainspoon|170|1141
|player|p2|Leodess|blue|1091
|gen|9
|tier|[Gen 9] VGC 2025 Reg H (Bo3)
|rated|
|rule|Species Clause: Limit one of each Pokémon
|rule|Item Clause: Limit 1 of each item
|clearpoke
|poke|p1|Dragonite, L50, F|
|poke|p1|Gholdengo, L50|
|poke|p1|Ursaluna-Bloodmoon, L50, M|
|poke|p1|Annihilape, L50, F|
|poke|p1|Magmar, L50, F|
|poke|p1|Ninetales-Alola, L50, F|
|poke|p2|Porygon2, L50|
|poke|p2|Torkoal, L50, M|
|poke|p2|Jumpluff, L50, F|
|poke|p2|Charizard, L50, F|
|poke|p2|Ursaluna, L50, M|
|poke|p2|Incineroar, L50, M|
|teampreview|4
|showteam|p1|Dragonite||LoadedDice|Multiscale|ScaleShot,ExtremeSpeed,IceSpinner,Protect|||F|||50|,,,,,Fairy]Gholdengo||MetalCoat|GoodasGold|MakeItRain,ShadowBall,NastyPlot,Protect||||||50|,,,,,Water]Ursaluna-Bloodmoon||AssaultVest|MindsEye|BloodMoon,HyperVoice,VacuumWave,EarthPower|||M|||50|,,,,,Poison]Annihilape||SafetyGoggles|Defiant|DrainPunch,RageFist,BulkUp,Protect|||F|||50|,,,,,Water]Magmar||Eviolite|FlameBody|Overheat,ClearSmog,FollowMe,Protect|||F|||50|,,,,,Ghost]Ninetales-Alola||LightClay|SnowWarning|Blizzard,IcicleSpear,Encore,AuroraVeil|||F|||50|,,,,,Ghost
|showteam|p2|Porygon2||Eviolite|Download|TeraBlast,TrickRoom,Recover,IceBeam||||||50|,,,,,Ghost]Torkoal||ChoiceSpecs|Drought|Eruption,HeatWave,WeatherBall,EarthPower|||M|||50|,,,,,Fire]Jumpluff||CovertCloak|Chlorophyll|RagePowder,Tailwind,SunnyDay,SleepPowder|||F|||50|,,,,,Water]Charizard||Charcoal|SolarPower|WeatherBall,HeatWave,Protect,SolarBeam|||F|||50|,,,,,Grass]Ursaluna||FlameOrb|Guts|Facade,Earthquake,HeadlongRush,Protect|||M|||50|,,,,,Fairy]Incineroar||AssaultVest|Intimidate|FlareBlitz,FakeOut,KnockOff,Uturn|||M|||50|,,,,,Fire
|
|t:|1756464519
|teamsize|p1|4
|teamsize|p2|4
|start
|switch|p1a: Dragonite|Dragonite, L50, F|100/100
|switch|p1b: Ursaluna|Ursaluna-Bloodmoon, L50, M|100/100
|switch|p2a: Porygon2|Porygon2, L50|100/100
|switch|p2b: Jumpluff|Jumpluff, L50, F|100/100
|-ability|p2a: Porygon2|Download|boost
|-boost|p2a: Porygon2|spa|1
|turn|1
|inactive|Battle timer is ON: inactive players will automatically lose when time's up. (requested by captainspoon)
|inactive|Leodess has 60 seconds left.
|
|t:|1756464562
|move|p2b: Jumpluff|Sleep Powder|p1a: Dragonite
|-status|p1a: Dragonite|slp|[from] move: Sleep Powder
|cant|p1a: Dragonite|slp
|move|p2a: Porygon2|Ice Beam|p1b: Ursaluna
|-supereffective|p1b: Ursaluna
|-damage|p1b: Ursaluna|49/100
|move|p1b: Ursaluna|Blood Moon|p2b: Jumpluff
|-damage|p2b: Jumpluff|11/100
|
|upkeep
|turn|2
|
|t:|1756464585
|switch|p1a: Annihilape|Annihilape, L50, F|100/100
|switch|p1b: Ninetales|Ninetales-Alola, L50, F|100/100
|-weather|Snowscape|[from] ability: Snow Warning|[of] p1b: Ninetales
|move|p2b: Jumpluff|Tailwind|p2b: Jumpluff
|-sidestart|p2: Leodess|move: Tailwind
|move|p2a: Porygon2|Ice Beam|p1a: Annihilape
|-damage|p1a: Annihilape|66/100
|
|-weather|Snowscape|[upkeep]
|upkeep
|turn|3
|
|t:|1756464605
|-terastallize|p2a: Porygon2|Ghost
|move|p1a: Annihilape|Protect|p1a: Annihilape
|-singleturn|p1a: Annihilape|Protect
|move|p2b: Jumpluff|Sleep Powder|p1b: Ninetales
|-status|p1b: Ninetales|slp|[from] move: Sleep Powder
|cant|p1b: Ninetales|slp
|move|p2a: Porygon2|Tera Blast|p1a: Annihilape|[anim] Tera Blast Ghost
|-activate|p1a: Annihilape|move: Protect
|
|-weather|Snowscape|[upkeep]
|upkeep
|turn|4
|inactive|Leodess has 30 seconds left.
|
|t:|1756464636
|switch|p2b: Ursaluna|Ursaluna, L50, M|100/100
|-curestatus|p1b: Ninetales|slp|[msg]
|move|p1b: Ninetales|Aurora Veil|p1b: Ninetales
|-sidestart|p1: captainspoon|move: Aurora Veil
|move|p2a: Porygon2|Tera Blast|p1b: Ninetales|[anim] Tera Blast Ghost
|-crit|p1b: Ninetales
|-damage|p1b: Ninetales|30/100
|move|p1a: Annihilape|Rage Fist|p2a: Porygon2
|-supereffective|p2a: Porygon2
|-damage|p2a: Porygon2|50/100
|
|-weather|Snowscape|[upkeep]
|-status|p2b: Ursaluna|brn|[from] item: Flame Orb
|upkeep
|turn|5
|inactive|Leodess has 30 seconds left.
|inactive|Leodess has 20 seconds left.
|inactive|Leodess has 15 seconds left.
|inactive|Leodess has 10 seconds left.
|inactive|Leodess has 5 seconds left.
|
|t:|1756464688
|switch|p2a: Jumpluff|Jumpluff, L50, F|11/100
|move|p1b: Ninetales|Blizzard|p2a: Jumpluff|[spread] p2a,p2b
|-supereffective|p2a: Jumpluff
|-supereffective|p2b: Ursaluna
|-damage|p2a: Jumpluff|0 fnt
|-damage|p2b: Ursaluna|57/100 brn
|faint|p2a: Jumpluff
|move|p1a: Annihilape|Rage Fist|p2b: Ursaluna
|-immune|p2b: Ursaluna
|move|p2b: Ursaluna|Earthquake|p1a: Annihilape|[spread] p1a,p1b
|-damage|p1a: Annihilape|22/100
|-damage|p1b: Ninetales|0 fnt
|faint|p1b: Ninetales
|
|-weather|Snowscape|[upkeep]
|-damage|p2b: Ursaluna|51/100 brn|[from] brn
|-sideend|p2: Leodess|move: Tailwind
|upkeep
|
|t:|1756464710
|switch|p1b: Ursaluna|Ursaluna-Bloodmoon, L50, M|49/100
|switch|p2a: Porygon2|Porygon2, L50, tera:Ghost|50/100
|-ability|p2a: Porygon2|Download|boost
|-boost|p2a: Porygon2|spa|1
|turn|6
|
|t:|1756464733
|move|p1a: Annihilape|Protect|p1a: Annihilape
|-singleturn|p1a: Annihilape|Protect
|move|p2a: Porygon2|Ice Beam|p1b: Ursaluna
|-supereffective|p1b: Ursaluna
|-damage|p1b: Ursaluna|12/100
|move|p1b: Ursaluna|Hyper Voice|p2a: Porygon2|[spread] p2a,p2b
|-damage|p2a: Porygon2|28/100
|-damage|p2b: Ursaluna|19/100 brn
|move|p2b: Ursaluna|Earthquake|p1a: Annihilape|[spread] p2a,p1b
|-activate|p1a: Annihilape|move: Protect
|-damage|p2a: Porygon2|0 fnt
|-damage|p1b: Ursaluna|0 fnt
|faint|p2a: Porygon2
|faint|p1b: Ursaluna
|
|-weather|none
|-damage|p2b: Ursaluna|13/100 brn|[from] brn
|upkeep
|
|t:|1756464747
|switch|p2a: Torkoal|Torkoal, L50, M|100/100
|switch|p1b: Dragonite|Dragonite, L50, F|100/100 slp
|-weather|SunnyDay|[from] ability: Drought|[of] p2a: Torkoal
|turn|7
|inactive|captainspoon has 30 seconds left.
|inactive|captainspoon has 20 seconds left.
|
|t:|1756464786
|move|p1a: Annihilape|Drain Punch|p2b: Ursaluna
|-supereffective|p2b: Ursaluna
|-damage|p2b: Ursaluna|0 fnt
|-heal|p1a: Annihilape|29/100|[from] drain|[of] p2b: Ursaluna
|faint|p2b: Ursaluna
|cant|p1b: Dragonite|slp
|move|p2a: Torkoal|Heat Wave|p1b: Dragonite|[spread] p1a,p1b
|-resisted|p1b: Dragonite
|-damage|p1a: Annihilape|0 fnt
|-damage|p1b: Dragonite|89/100 slp
|faint|p1a: Annihilape
|
|-weather|SunnyDay|[upkeep]
|upkeep
|turn|8
|
|t:|1756464800
|cant|p1b: Dragonite|slp
|move|p2a: Torkoal|Heat Wave|p1b: Dragonite
|-resisted|p1b: Dragonite
|-damage|p1b: Dragonite|57/100 slp
|
|-weather|SunnyDay|[upkeep]
|upkeep
|turn|9
|
|t:|1756464810
|-curestatus|p1b: Dragonite|slp|[msg]
|move|p1b: Dragonite|Scale Shot|p2a: Torkoal|[miss]
|-miss|p1b: Dragonite|p2a: Torkoal
|move|p2a: Torkoal|Heat Wave|p1b: Dragonite|[miss]
|-miss|p2a: Torkoal|p1b: Dragonite
|
|-weather|SunnyDay|[upkeep]
|upkeep
|turn|10
|
|t:|1756464820
|move|p1b: Dragonite|Scale Shot|p2a: Torkoal
|-damage|p2a: Torkoal|89/100
|-crit|p2a: Torkoal
|-damage|p2a: Torkoal|70/100
|-damage|p2a: Torkoal|58/100
|-damage|p2a: Torkoal|46/100
|-hitcount|p2a: Torkoal|4
|-unboost|p1b: Dragonite|def|1
|-boost|p1b: Dragonite|spe|1
|move|p2a: Torkoal|Heat Wave|p1b: Dragonite
|-resisted|p1b: Dragonite
|-damage|p1b: Dragonite|23/100
|
|-weather|SunnyDay|[upkeep]
|upkeep
|turn|11
|
|t:|1756464833
|move|p1b: Dragonite|Scale Shot|p2a: Torkoal
|-damage|p2a: Torkoal|34/100
|-damage|p2a: Torkoal|23/100
|-damage|p2a: Torkoal|11/100
|-damage|p2a: Torkoal|0 fnt
|faint|p2a: Torkoal
|-hitcount|p2: Torkoal|4
|
|win|captainspoon
||Leodess is ready for game 3.
||captainspoon is ready for game 3.
|uhtml|next|Next: Game 3 of 3
