|j|☆theshinychatot
|j|☆FlashoGoing
|html|theshinychatotFlashoGoing    
|uhtml|bestof|Game 3 of a best-of-3
|t:|1785892345
|gametype|doubles
|player|p1|theshinychatot|skyla|1220
|player|p2|FlashoGoing|pokemaniac|1149
|gen|9
|tier|[Gen 9 Champions] VGC 2026 Reg M-B (Bo3)
|rated|
|rule|Species Clause: Limit one of each Pokémon
|rule|Item Clause: Limit 1 of each item
|clearpoke
|poke|p1|Kingambit, L50, F|
|poke|p1|Charizard, L50, M|
|poke|p1|Aerodactyl, L50, F|
|poke|p1|Farigiraf, L50, F|
|poke|p1|Garchomp, L50, F|
|poke|p1|Sylveon, L50, F|
|poke|p2|Whimsicott, L50, F|
|poke|p2|Ninetales-Alola, L50, F|
|poke|p2|Glimmora, L50, M|
|poke|p2|Incineroar, L50, M|
|poke|p2|Rotom-Wash, L50|
|poke|p2|Blastoise, L50, F|
|teampreview|4
|showteam|p1|Kingambit||FocusSash|Defiant|KowtowCleave,IronHead,SuckerPunch,LowKick|Adamant||F|||50|]Charizard||CharizarditeY|Blaze|HeatWave,SolarBeam,WeatherBall,Protect|Modest||M|||50|]Aerodactyl||Aerodactylite|Unnerve|RockSlide,DualWingbeat,IceFang,Tailwind|Jolly||F|||50|]Farigiraf||SitrusBerry|ArmorTail|Psychic,Thunderbolt,TrickRoom,Protect|Bold||F|||50|]Garchomp||LifeOrb|RoughSkin|Earthquake,DragonClaw,StompingTantrum,Protect|Jolly||F|||50|]Sylveon||FairyFeather|Pixilate|HyperVoice,HyperBeam,QuickAttack,Protect|Modest||F|||50|
|showteam|p2|Whimsicott||FocusSash|Prankster|Tailwind,Moonblast,Encore,Protect|Timid||F|||50|]Ninetales-Alola||NeverMeltIce|SnowWarning|Blizzard,FreezeDry,AuroraVeil,Protect|Timid||F|||50|]Glimmora||Glimmoranite|ToxicDebris|PowerGem,SludgeBomb,EarthPower,SpikyShield|Timid||M|||50|]Incineroar|||Intimidate|FakeOut,FlareBlitz,ThroatChop,PartingShot|Careful||M|||50|]Rotom-Wash||SitrusBerry|Levitate|Thunderbolt,HydroPump,WillOWisp,LightScreen|Modest|||||50|]Blastoise||Blastoisinite|Torrent|WaterSpout,WaterPulse,AuraSphere,Protect|Modest||F|||50|
|inactive|Battle timer is ON: inactive players will automatically lose when time's up. (requested by theshinychatot)
|inactive|theshinychatot has 60 seconds left.
|
|t:|1785892395
|teamsize|p1|4
|teamsize|p2|4
|start
|switch|p1a: Charizard|Charizard, L50, M|100/100
|switch|p1b: Garchomp|Garchomp, L50, F|100/100
|switch|p2a: Whimsicott|Whimsicott, L50, F|100/100
|switch|p2b: Rotom|Rotom-Wash, L50|100/100
|turn|1
|inactive|theshinychatot has 30 seconds left.
|inactive|FlashoGoing has 30 seconds left.
|inactive|theshinychatot has 20 seconds left.
|inactive|FlashoGoing has 20 seconds left.
|inactive|theshinychatot has 15 seconds left.
|inactive|FlashoGoing has 15 seconds left.
|
|t:|1785892439
|switch|p2b: Incineroar|Incineroar, L50, M|100/100
|-ability|p2b: Incineroar|Intimidate|boost
|-unboost|p1a: Charizard|atk|1
|-unboost|p1b: Garchomp|atk|1
|detailschange|p1a: Charizard|Charizard-Mega-Y, L50, M
|-mega|p1a: Charizard|Charizard|Charizardite Y
|-weather|SunnyDay|[from] ability: Drought|[of] p1a: Charizard
|move|p1b: Garchomp|Protect|p1b: Garchomp
|-singleturn|p1b: Garchomp|Protect
|move|p2a: Whimsicott|Tailwind|p2a: Whimsicott
|-sidestart|p2: FlashoGoing|move: Tailwind
|move|p1a: Charizard|Heat Wave|p2a: Whimsicott|[spread] p2a,p2b
|-supereffective|p2a: Whimsicott|1
|-resisted|p2b: Incineroar|1
|-enditem|p2a: Whimsicott|Focus Sash
|-damage|p2a: Whimsicott|1/100
|-damage|p2b: Incineroar|79/100
|
|-weather|SunnyDay|[upkeep]
|upkeep
|turn|2
|inactive|theshinychatot has 30 seconds left.
|inactive|FlashoGoing has 30 seconds left.
|inactive|theshinychatot has 20 seconds left.
|
|t:|1785892475
|switch|p1b: Farigiraf|Farigiraf, L50, F|100/100
|move|p2a: Whimsicott|Moonblast|p1b: Farigiraf
|-damage|p1b: Farigiraf|67/100
|-unboost|p1b: Farigiraf|spa|1
|move|p2b: Incineroar|Flare Blitz|p1a: Charizard
|-resisted|p1a: Charizard|1
|-damage|p1a: Charizard|66/100
|-damage|p2b: Incineroar|69/100|[from] Recoil
|move|p1a: Charizard|Weather Ball|p2b: Incineroar
|-resisted|p2b: Incineroar|1
|-damage|p2b: Incineroar|38/100
|
|-weather|SunnyDay|[upkeep]
|upkeep
|turn|3
|inactive|theshinychatot has 30 seconds left.
|inactive|FlashoGoing has 30 seconds left.
|inactive|theshinychatot has 20 seconds left.
|inactive|theshinychatot has 15 seconds left.
|inactive|theshinychatot has 10 seconds left.
|
|t:|1785892524
|switch|p2a: Rotom|Rotom-Wash, L50|100/100
|move|p1b: Farigiraf|Protect|p1b: Farigiraf
|-singleturn|p1b: Farigiraf|Protect
|move|p2b: Incineroar|Flare Blitz|p1b: Farigiraf
|-activate|p1b: Farigiraf|move: Protect
|move|p1a: Charizard|Heat Wave|p2a: Rotom|[spread] p2a,p2b
|-resisted|p2a: Rotom|1
|-resisted|p2b: Incineroar|1
|-damage|p2a: Rotom|56/100
|-damage|p2b: Incineroar|19/100
|
|-weather|SunnyDay|[upkeep]
|upkeep
|turn|4
|inactive|theshinychatot has 30 seconds left.
|inactive|theshinychatot has 20 seconds left.
|
|t:|1785892559
|switch|p1b: Garchomp|Garchomp, L50, F|100/100
|move|p1a: Charizard|Protect|p1a: Charizard
|-singleturn|p1a: Charizard|Protect
|move|p2a: Rotom|Thunderbolt|p1a: Charizard
|-activate|p1a: Charizard|move: Protect
|move|p2b: Incineroar|Flare Blitz|p1b: Garchomp
|-resisted|p1b: Garchomp|1
|-damage|p1b: Garchomp|65/100
|-damage|p2b: Incineroar|6/100|[from] ability: Rough Skin|[of] p1b: Garchomp
|-damage|p2b: Incineroar|0 fnt|[from] Recoil
|faint|p2b: Incineroar
|
|-weather|SunnyDay|[upkeep]
|-sideend|p2: FlashoGoing|move: Tailwind
|upkeep
|inactive|FlashoGoing has 30 seconds left.
|
|t:|1785892593
|switch|p2b: Whimsicott|Whimsicott, L50, F|1/100
|turn|5
|
|t:|1785892618
|switch|p1a: Farigiraf|Farigiraf, L50, F|67/100
|move|p1b: Garchomp|Protect|p1b: Garchomp
|-singleturn|p1b: Garchomp|Protect
|move|p2b: Whimsicott|Tailwind|p2b: Whimsicott
|-sidestart|p2: FlashoGoing|move: Tailwind
|move|p2a: Rotom|Thunderbolt|p1a: Farigiraf
|-damage|p1a: Farigiraf|30/100
|-enditem|p1a: Farigiraf|Sitrus Berry|[eat]
|-heal|p1a: Farigiraf|54/100|[from] item: Sitrus Berry
|
|-weather|none
|upkeep
|turn|6
|inactive|theshinychatot has 30 seconds left.
|inactive|FlashoGoing has 30 seconds left.
|
|t:|1785892648
|move|p2b: Whimsicott|Moonblast|p1b: Garchomp
|-supereffective|p1b: Garchomp|1
|-damage|p1b: Garchomp|0 fnt
|faint|p1b: Garchomp
|move|p2a: Rotom|Thunderbolt|p1a: Farigiraf
|-damage|p1a: Farigiraf|18/100
|move|p1a: Farigiraf|Trick Room|p1a: Farigiraf
|-fieldstart|move: Trick Room|[of] p1a: Farigiraf
|
|upkeep
|
|t:|1785892672
|switch|p1b: Charizard|Charizard-Mega-Y, L50, M|66/100
|-weather|SunnyDay|[from] ability: Drought|[of] p1b: Charizard
|turn|7
|
|t:|1785892684
|switch|p2a: Glimmora|Glimmora, L50, M|100/100
|move|p1a: Farigiraf|Psychic|p2b: Whimsicott
|-damage|p2b: Whimsicott|0 fnt
|faint|p2b: Whimsicott
|move|p1b: Charizard|Solar Beam||[still]
|-prepare|p1b: Charizard|Solar Beam
|-anim|p1b: Charizard|Solar Beam|p2a: Glimmora
|-damage|p2a: Glimmora|40/100
|
|-weather|SunnyDay|[upkeep]
|upkeep
|
|t:|1785892696
|switch|p2b: Rotom|Rotom-Wash, L50|56/100
|turn|8
|
|t:|1785892705
|move|p2a: Glimmora|Spiky Shield|p2a: Glimmora
|-singleturn|p2a: Glimmora|move: Protect
|move|p1a: Farigiraf|Psychic|p2a: Glimmora
|-activate|p2a: Glimmora|move: Protect
|move|p1b: Charizard|Solar Beam||[still]
|-prepare|p1b: Charizard|Solar Beam
|-anim|p1b: Charizard|Solar Beam|p2b: Rotom
|-supereffective|p2b: Rotom|1
|-damage|p2b: Rotom|0 fnt
|faint|p2b: Rotom
|
|-weather|SunnyDay|[upkeep]
|-sideend|p2: FlashoGoing|move: Tailwind
|upkeep
|turn|9
|-message|FlashoGoing forfeited.
|
|win|theshinychatot
|raw|theshinychatot's rating: 1220 → 1240(+20 for winning)
|raw|FlashoGoing's rating: 1149 → 1129(-20 for losing)
|c|☆FlashoGoing|Damn I threw
|c|☆FlashoGoing|Gg
