|j|☆Master M-rada
|j|☆AbadanRiyi92
|html|Master M-radaAbadanRiyi92    
|uhtml|bestof|Game 1 of a best-of-3
|t:|1784497683
|gametype|doubles
|player|p1|Master M-rada|miku-ice|1296
|player|p2|AbadanRiyi92|colress|1245
|gen|9
|tier|[Gen 9 Champions] VGC 2026 Reg M-B (Bo3)
|rated|
|rule|Species Clause: Limit one of each Pokémon
|rule|Item Clause: Limit 1 of each item
|clearpoke
|poke|p1|Sneasler, L50, F|
|poke|p1|Blastoise, L50, F, shiny|
|poke|p1|Delphox, L50, M|
|poke|p1|Incineroar, L50, M|
|poke|p1|Sinistcha, L50, shiny|
|poke|p1|Kingambit, L50, M, shiny|
|poke|p2|Venusaur, L50, F|
|poke|p2|Grimmsnarl, L50, M|
|poke|p2|Politoed, L50, M|
|poke|p2|Archaludon, L50, F|
|poke|p2|Kingambit, L50, F|
|poke|p2|Aerodactyl, L50, F|
|teampreview|4
|showteam|p1|Sneasler||FocusSash|PoisonTouch|PoisonJab,CloseCombat,FakeOut,QuickGuard|Jolly||F|||50|]Blastoise||Blastoisinite|RainDish|WaterSpout,DarkPulse,ShellSmash,Protect|Modest||F|||50|]Delphox||Delphoxite|Blaze|HeatWave,Psyshock,NastyPlot,Protect|Modest||M|||50|]Incineroar||SitrusBerry|Intimidate|FakeOut,PartingShot,FlareBlitz,HelpingHand|Careful||M|||50|]Sinistcha||KasibBerry|Hospitality|MatchaGotcha,RagePowder,TrickRoom,Protect|Bold|||||50|]Kingambit||BlackGlasses|Defiant|KowtowCleave,SuckerPunch,SwordsDance,Protect|Adamant||M|||50|
|showteam|p2|Venusaur||Venusaurite|Chlorophyll|GigaDrain,SludgeBomb,EarthPower,Protect|Modest||F|||50|]Grimmsnarl||LightClay|Prankster|PartingShot,Reflect,LightScreen,FoulPlay|Relaxed||M|||50|]Politoed||SitrusBerry|Drizzle|WeatherBall,PerishSong,Encore,Protect|Sassy||M|||50|]Archaludon||Leftovers|Stamina|ElectroShot,FlashCannon,DracoMeteor,Protect|Modest||F|||50|]Kingambit||BlackGlasses|Defiant|KowtowCleave,SuckerPunch,SwordsDance,Protect|Brave||F|||50|]Aerodactyl||Aerodactylite|Unnerve|RockSlide,DualWingbeat,Tailwind,Protect|Jolly||F|||50|
|inactive|Battle timer is ON: inactive players will automatically lose when time's up. (requested by AbadanRiyi92)
|inactive|Master M-rada has 60 seconds left.
|
|t:|1784497747
|teamsize|p1|4
|teamsize|p2|4
|start
|switch|p1a: Blastoise|Blastoise, L50, F, shiny|100/100
|switch|p1b: Sneasler|Sneasler, L50, F|100/100
|switch|p2a: Venusaur|Venusaur, L50, F|100/100
|switch|p2b: Grimmsnarl|Grimmsnarl, L50, M|100/100
|turn|1
|inactive|AbadanRiyi92 has 30 seconds left.
|
|t:|1784497781
|detailschange|p1a: Blastoise|Blastoise-Mega, L50, F, shiny
|-mega|p1a: Blastoise|Blastoise|Blastoisinite
|detailschange|p2a: Venusaur|Venusaur-Mega, L50, F
|-mega|p2a: Venusaur|Venusaur|Venusaurite
|move|p1b: Sneasler|Fake Out|p2a: Venusaur
|-damage|p2a: Venusaur|89/100
|move|p2b: Grimmsnarl|Light Screen|p2b: Grimmsnarl
|-sidestart|p2: AbadanRiyi92|move: Light Screen
|move|p1a: Blastoise|Shell Smash|p1a: Blastoise
|-unboost|p1a: Blastoise|def|1
|-unboost|p1a: Blastoise|spd|1
|-boost|p1a: Blastoise|atk|2
|-boost|p1a: Blastoise|spa|2
|-boost|p1a: Blastoise|spe|2
|cant|p2a: Venusaur|flinch
|
|upkeep
|turn|2
|inactive|AbadanRiyi92 has 30 seconds left.
|inactive|AbadanRiyi92 has 20 seconds left.
|
|t:|1784497820
|move|p1a: Blastoise|Protect|p1a: Blastoise
|-singleturn|p1a: Blastoise|Protect
|move|p2b: Grimmsnarl|Reflect|p2b: Grimmsnarl
|-sidestart|p2: AbadanRiyi92|Reflect
|move|p1b: Sneasler|Poison Jab|p2a: Venusaur
|-damage|p2a: Venusaur|67/100
|move|p2a: Venusaur|Giga Drain|p1a: Blastoise
|-activate|p1a: Blastoise|move: Protect
|
|upkeep
|turn|3
|inactive|Master M-rada has 30 seconds left.
|
|t:|1784497849
|move|p2b: Grimmsnarl|Parting Shot|p1a: Blastoise
|-unboost|p1a: Blastoise|atk|1
|-unboost|p1a: Blastoise|spa|1
|
|t:|1784497852
|switch|p2b: Archaludon|Archaludon, L50, F|100/100|[from] Parting Shot
|move|p1a: Blastoise|Water Spout|p2b: Archaludon|[spread] p2a,p2b
|-resisted|p2a: Venusaur|1
|-resisted|p2b: Archaludon|1
|-damage|p2a: Venusaur|38/100
|-damage|p2b: Archaludon|70/100
|-ability|p2b: Archaludon|Stamina|boost
|-boost|p2b: Archaludon|def|1
|move|p1b: Sneasler|Poison Jab|p2a: Venusaur
|-damage|p2a: Venusaur|16/100
|move|p2a: Venusaur|Giga Drain|p1a: Blastoise
|-supereffective|p1a: Blastoise|1
|-damage|p1a: Blastoise|0 fnt
|-heal|p2a: Venusaur|58/100|[from] drain|[of] p1a: Blastoise
|faint|p1a: Blastoise
|
|-heal|p2b: Archaludon|76/100|[from] item: Leftovers
|upkeep
|
|t:|1784497873
|switch|p1a: Kingambit|Kingambit, L50, M, shiny|100/100
|turn|4
|inactive|AbadanRiyi92 has 30 seconds left.
|
|t:|1784497903
|move|p1b: Sneasler|Close Combat|p2b: Archaludon
|-supereffective|p2b: Archaludon|1
|-damage|p2b: Archaludon|32/100
|-unboost|p1b: Sneasler|def|1
|-unboost|p1b: Sneasler|spd|1
|-ability|p2b: Archaludon|Stamina|boost
|-boost|p2b: Archaludon|def|1
|move|p2b: Archaludon|Flash Cannon|p1b: Sneasler
|-damage|p1b: Sneasler|23/100
|move|p2a: Venusaur|Earth Power|p1b: Sneasler
|-supereffective|p1b: Sneasler|1
|-damage|p1b: Sneasler|0 fnt
|faint|p1b: Sneasler
|move|p1a: Kingambit|Swords Dance|p1a: Kingambit
|-boost|p1a: Kingambit|atk|2
|
|-heal|p2b: Archaludon|39/100|[from] item: Leftovers
|upkeep
|
|t:|1784497918
|switch|p1b: Sinistcha|Sinistcha, L50, shiny|100/100
|turn|5
|
|t:|1784497942
|switch|p2b: Grimmsnarl|Grimmsnarl, L50, M|100/100
|move|p1a: Kingambit|Protect|p1a: Kingambit
|-singleturn|p1a: Kingambit|Protect
|move|p2a: Venusaur|Sludge Bomb|p1b: Sinistcha
|-damage|p1b: Sinistcha|54/100
|move|p1b: Sinistcha|Trick Room|p1b: Sinistcha
|-fieldstart|move: Trick Room|[of] p1b: Sinistcha
|
|upkeep
|turn|6
|inactive|AbadanRiyi92 has 30 seconds left.
|inactive|AbadanRiyi92 has 20 seconds left.
|inactive|AbadanRiyi92 has 15 seconds left.
|
|t:|1784497984
|move|p2a: Venusaur|Protect|p2a: Venusaur
|-singleturn|p2a: Venusaur|Protect
|move|p1a: Kingambit|Kowtow Cleave|p2a: Venusaur
|-activate|p2a: Venusaur|move: Protect
|move|p2b: Grimmsnarl|Foul Play|p1b: Sinistcha
|-supereffective|p1b: Sinistcha|1
|-damage|p1b: Sinistcha|23/100
|move|p1b: Sinistcha|Matcha Gotcha|p2b: Grimmsnarl|[spread] p2b
|-activate|p2a: Venusaur|move: Protect
|-damage|p2b: Grimmsnarl|84/100
|-heal|p1b: Sinistcha|32/100|[from] drain|[of] p2b: Grimmsnarl
|
|upkeep
|turn|7
|inactive|AbadanRiyi92 has 30 seconds left.
|
|t:|1784498017
|switch|p2a: Politoed|Politoed, L50, M|100/100
|-weather|RainDance|[from] ability: Drizzle|[of] p2a: Politoed
|move|p1a: Kingambit|Kowtow Cleave|p2a: Politoed
|-damage|p2a: Politoed|38/100
|-enditem|p2a: Politoed|Sitrus Berry|[eat]
|-heal|p2a: Politoed|62/100|[from] item: Sitrus Berry
|move|p2b: Grimmsnarl|Foul Play|p1b: Sinistcha
|-supereffective|p1b: Sinistcha|1
|-damage|p1b: Sinistcha|0 fnt
|faint|p1b: Sinistcha
|
|-weather|RainDance|[upkeep]
|upkeep
|turn|8
|-message|Master M-rada forfeited.
|
|win|AbadanRiyi92
|l|☆Master M-rada
|player|p1|
||Master M-rada is ready for game 2.
