|j|☆lucky777n
|j|☆Moonlight Flutter
|html|lucky777nMoonlight Flutter    
|uhtml|bestof|Game 3 of a best-of-3
|t:|1784191617
|gametype|doubles
|player|p1|lucky777n|266|
|player|p2|Moonlight Flutter|miku-flying|
|gen|9
|tier|[Gen 9 Champions] VGC 2026 Reg M-B (Bo3)
|rule|Species Clause: Limit one of each Pokémon
|rule|Item Clause: Limit 1 of each item
|clearpoke
|poke|p1|Gengar, L50, M|
|poke|p1|Incineroar, L50, F|
|poke|p1|Snorlax, L50, F|
|poke|p1|Ninetales-Alola, L50, M|
|poke|p1|Kingambit, L50, F|
|poke|p1|Sneasler, L50, M|
|poke|p2|Venusaur, L50, M|
|poke|p2|Charizard, L50, M|
|poke|p2|Grimmsnarl, L50, M|
|poke|p2|Archaludon, L50, F|
|poke|p2|Basculegion, L50, M|
|poke|p2|Pelipper, L50, F|
|teampreview|4
|showteam|p1|Gengar||Gengarite|CursedBody|ShadowBall,Disable,PerishSong,Protect|Timid||M|||50|]Incineroar||SitrusBerry|Intimidate|FakeOut,FlareBlitz,PartingShot,Protect|Relaxed||F|||50|]Snorlax||Leftovers|ThickFat|Fissure,Encore,Yawn,Protect|Relaxed||F|||50|]Ninetales-Alola||NeverMeltIce|SnowWarning|Blizzard,FreezeDry,Encore,Protect|Timid||M|||50|]Kingambit||BlackGlasses|Defiant|SuckerPunch,KowtowCleave,SwordsDance,Protect|Adamant||F|||50|]Sneasler||WhiteHerb|Unburden|FakeOut,CloseCombat,GunkShot,Protect|Jolly||M|||50|
|showteam|p2|Venusaur||FocusSash|Chlorophyll|SludgeBomb,EarthPower,SleepPowder,Protect|Modest||M|||50|]Charizard||CharizarditeY|Blaze|Protect,HeatWave,SolarBeam,WeatherBall|Modest||M|||50|]Grimmsnarl||LightClay|Prankster|SpiritBreak,LightScreen,Reflect,PartingShot|Sassy||M|||50|]Archaludon||Leftovers|Stamina|ElectroShot,DragonPulse,FlashCannon,Protect|Calm||F|||50|]Basculegion||ChoiceScarf|Adaptability|WaveCrash,LastRespects,AquaJet,FlipTurn|Jolly||M|||50|]Pelipper||SitrusBerry|Drizzle|Hurricane,WeatherBall,Tailwind,WideGuard|Modest||F|||50|
|
|t:|1784191642
|teamsize|p1|4
|teamsize|p2|4
|start
|switch|p1a: Gengar|Gengar, L50, M|100/100
|switch|p1b: Snorlax|Snorlax, L50, F|100/100
|switch|p2a: Archaludon|Archaludon, L50, F|100/100
|switch|p2b: Pelipper|Pelipper, L50, F|100/100
|-weather|RainDance|[from] ability: Drizzle|[of] p2b: Pelipper
|turn|1
|
|t:|1784191683
|switch|p2b: Basculegion|Basculegion, L50, M|100/100
|detailschange|p1a: Gengar|Gengar-Mega, L50, M
|-mega|p1a: Gengar|Gengar|Gengarite
|move|p1a: Gengar|Shadow Ball|p2b: Basculegion
|-supereffective|p2b: Basculegion|1
|-damage|p2b: Basculegion|0 fnt
|faint|p2b: Basculegion
|move|p2a: Archaludon|Electro Shot||[still]
|-prepare|p2a: Archaludon|Electro Shot
|-boost|p2a: Archaludon|spa|1
|-anim|p2a: Archaludon|Electro Shot|p1b: Snorlax
|-damage|p1b: Snorlax|69/100
|move|p1b: Snorlax|Yawn|p2a: Archaludon
|-start|p2a: Archaludon|move: Yawn|[of] p1b: Snorlax
|
|-weather|RainDance|[upkeep]
|-heal|p1b: Snorlax|76/100|[from] item: Leftovers
|upkeep
|
|t:|1784191694
|switch|p2b: Pelipper|Pelipper, L50, F|100/100
|turn|2
|
|t:|1784191706
|move|p1a: Gengar|Protect|p1a: Gengar
|-singleturn|p1a: Gengar|Protect
|move|p2a: Archaludon|Dragon Pulse|p1a: Gengar
|-activate|p1a: Gengar|move: Protect
|move|p2b: Pelipper|Tailwind|p2b: Pelipper
|-sidestart|p2: Moonlight Flutter|move: Tailwind
|move|p1b: Snorlax|Yawn|p2b: Pelipper
|-start|p2b: Pelipper|move: Yawn|[of] p1b: Snorlax
|
|-weather|RainDance|[upkeep]
|-heal|p1b: Snorlax|82/100|[from] item: Leftovers
|-end|p2a: Archaludon|move: Yawn|[silent]
|-status|p2a: Archaludon|slp
|upkeep
|turn|3
|
|t:|1784191758
|cant|p2a: Archaludon|slp
|move|p2b: Pelipper|Weather Ball|p1a: Gengar
|-damage|p1a: Gengar|33/100
|move|p1a: Gengar|Shadow Ball|p2a: Archaludon
|-damage|p2a: Archaludon|63/100 slp
|-ability|p2a: Archaludon|Stamina|boost
|-boost|p2a: Archaludon|def|1
|move|p1b: Snorlax|Fissure|p2a: Archaludon|[miss]
|-miss|p1b: Snorlax|p2a: Archaludon
|
|-weather|RainDance|[upkeep]
|-heal|p2a: Archaludon|69/100 slp|[from] item: Leftovers
|-heal|p1b: Snorlax|88/100|[from] item: Leftovers
|-end|p2b: Pelipper|move: Yawn|[silent]
|-status|p2b: Pelipper|slp
|upkeep
|turn|4
|
|t:|1784191812
|cant|p2a: Archaludon|slp
|cant|p2b: Pelipper|slp
|move|p1a: Gengar|Shadow Ball|p2a: Archaludon
|-damage|p2a: Archaludon|28/100 slp
|-ability|p2a: Archaludon|Stamina|boost
|-boost|p2a: Archaludon|def|1
|move|p1b: Snorlax|Fissure|p2a: Archaludon|[miss]
|-miss|p1b: Snorlax|p2a: Archaludon
|
|-weather|RainDance|[upkeep]
|-heal|p2a: Archaludon|34/100 slp|[from] item: Leftovers
|-heal|p1b: Snorlax|94/100|[from] item: Leftovers
|upkeep
|turn|5
|
|t:|1784191827
|-curestatus|p2a: Archaludon|slp|[msg]
|move|p2a: Archaludon|Dragon Pulse|p1a: Gengar
|-damage|p1a: Gengar|0 fnt
|faint|p1a: Gengar
|-curestatus|p2b: Pelipper|slp|[msg]
|move|p2b: Pelipper|Weather Ball|p1b: Snorlax
|-damage|p1b: Snorlax|55/100
|move|p1b: Snorlax|Fissure|p2a: Archaludon
|-damage|p2a: Archaludon|0 fnt
|faint|p2a: Archaludon
|-ohko
|
|-weather|none
|-heal|p1b: Snorlax|61/100|[from] item: Leftovers
|-sideend|p2: Moonlight Flutter|move: Tailwind
|upkeep
|
|t:|1784191857
|switch|p1a: Kingambit|Kingambit, L50, F|100/100
|switch|p2a: Charizard|Charizard, L50, M|100/100
|turn|6
|
|t:|1784191892
|move|p2a: Charizard|Protect|p2a: Charizard
|-singleturn|p2a: Charizard|Protect
|move|p1a: Kingambit|Protect|p1a: Kingambit
|-singleturn|p1a: Kingambit|Protect
|move|p2b: Pelipper|Hurricane|p1b: Snorlax
|-damage|p1b: Snorlax|34/100
|move|p1b: Snorlax|Yawn|p2a: Charizard
|-activate|p2a: Charizard|move: Protect
|
|-heal|p1b: Snorlax|40/100|[from] item: Leftovers
|upkeep
|turn|7
|
|t:|1784191909
|detailschange|p2a: Charizard|Charizard-Mega-Y, L50, M
|-mega|p2a: Charizard|Charizard|Charizardite Y
|-weather|SunnyDay|[from] ability: Drought|[of] p2a: Charizard
|move|p2a: Charizard|Heat Wave|p1a: Kingambit|[spread] p1a,p1b
|-supereffective|p1a: Kingambit|1
|-damage|p1a: Kingambit|0 fnt
|-damage|p1b: Snorlax|20/100y
|faint|p1a: Kingambit
|move|p2b: Pelipper|Weather Ball|p1b: Snorlax
|-damage|p1b: Snorlax|6/100
|move|p1b: Snorlax|Yawn|p2a: Charizard
|-start|p2a: Charizard|move: Yawn|[of] p1b: Snorlax
|
|-weather|SunnyDay|[upkeep]
|-heal|p1b: Snorlax|12/100|[from] item: Leftovers
|upkeep
|
|t:|1784191913
|switch|p1a: Ninetales|Ninetales-Alola, L50, M|100/100
|-weather|Snowscape|[from] ability: Snow Warning|[of] p1a: Ninetales
|turn|8
|
|t:|1784191938
|move|p1a: Ninetales|Protect|p1a: Ninetales
|-singleturn|p1a: Ninetales|Protect
|move|p1b: Snorlax|Protect|p1b: Snorlax
|-singleturn|p1b: Snorlax|Protect
|move|p2a: Charizard|Heat Wave|p1b: Snorlax|[spread] 
|-activate|p1a: Ninetales|move: Protect
|-activate|p1b: Snorlax|move: Protect
|move|p2b: Pelipper|Tailwind|p2b: Pelipper
|-sidestart|p2: Moonlight Flutter|move: Tailwind
|
|-weather|Snowscape|[upkeep]
|-heal|p1b: Snorlax|19/100|[from] item: Leftovers
|-end|p2a: Charizard|move: Yawn|[silent]
|-status|p2a: Charizard|slp
|upkeep
|turn|9
|
|t:|1784191965
|cant|p2a: Charizard|slp
|move|p2b: Pelipper|Hurricane|p1b: Snorlax|[miss]
|-miss|p2b: Pelipper|p1b: Snorlax
|move|p1a: Ninetales|Freeze-Dry|p2b: Pelipper
|-supereffective|p2b: Pelipper|2
|-damage|p2b: Pelipper|0 fnt
|faint|p2b: Pelipper
|move|p1b: Snorlax|Yawn||[still]
|-fail|p1b: Snorlax
|
|-weather|Snowscape|[upkeep]
|-heal|p1b: Snorlax|25/100|[from] item: Leftovers
|upkeep
|turn|10
|
|t:|1784191974
|-curestatus|p2a: Charizard|slp|[msg]
|move|p2a: Charizard|Heat Wave|p1a: Ninetales|[spread] p1a,p1b
|-supereffective|p1a: Ninetales|1
|-damage|p1a: Ninetales|5/100
|-damage|p1b: Snorlax|13/100
|-status|p1a: Ninetales|brn
|move|p1a: Ninetales|Freeze-Dry|p2a: Charizard
|-damage|p2a: Charizard|74/100
|move|p1b: Snorlax|Encore|p2a: Charizard
|-start|p2a: Charizard|Encore
|
|-weather|Snowscape|[upkeep]
|-heal|p1b: Snorlax|19/100|[from] item: Leftovers
|-damage|p1a: Ninetales|0 fnt|[from] brn
|faint|p1a: Ninetales
|upkeep
|turn|11
|c|☆Moonlight Flutter|gg
|
|t:|1784191986
|move|p2a: Charizard|Heat Wave|p1b: Snorlax
|-damage|p1b: Snorlax|1/100
|move|p1b: Snorlax|Fissure|p2a: Charizard
|-immune|p2a: Charizard
|
|-weather|Snowscape|[upkeep]
|-heal|p1b: Snorlax|8/100|[from] item: Leftovers
|-sideend|p2: Moonlight Flutter|move: Tailwind
|upkeep
|turn|12
|
|t:|1784191993
|move|p2a: Charizard|Heat Wave|p1b: Snorlax
|-damage|p1b: Snorlax|0 fnt
|faint|p1b: Snorlax
|
|win|Moonlight Flutter
