|j|☆1OO% Jesus
|j|☆kingkarni
|html|1OO% Jesuskingkarni    
|uhtml|bestof|Game 1 of a best-of-3
|t:|1783698049
|gametype|doubles
|player|p1|1OO% Jesus|lillie-z|1177
|player|p2|kingkarni|linebacker|1086
|gen|9
|tier|[Gen 9 Champions] VGC 2026 Reg M-B (Bo3)
|rated|
|rule|Species Clause: Limit one of each Pokémon
|rule|Item Clause: Limit 1 of each item
|clearpoke
|poke|p1|Delphox, L50, M|
|poke|p1|Sneasler, L50, M|
|poke|p1|Incineroar, L50, M|
|poke|p1|Sinistcha, L50|
|poke|p1|Maushold-Four, L50|
|poke|p1|Blastoise, L50, M|
|poke|p2|Charizard, L50, M|
|poke|p2|Aerodactyl, L50, F|
|poke|p2|Sylveon, L50, F|
|poke|p2|Kingambit, L50, F|
|poke|p2|Garchomp, L50, M|
|poke|p2|Basculegion, L50, M|
|teampreview|4
|showteam|p1|Delphox||Delphoxite|Blaze|HeatWave,Psyshock,NastyPlot,Protect|Timid||M|||50|]Sneasler||FocusSash|PoisonTouch|CloseCombat,PoisonJab,FakeOut,QuickGuard|Jolly||M|||50|]Incineroar||SitrusBerry|Intimidate|FlareBlitz,ThroatChop,FakeOut,PartingShot|Impish||M|||50|]Sinistcha||OccaBerry|Hospitality|MatchaGotcha,RagePowder,LifeDew,Protect|Bold|||||50|]Maushold-Four||ChopleBerry|FriendGuard|FollowMe,Feint,SuperFang,Protect|Impish|||||50|]Blastoise||Blastoisinite|RainDish|WaterSpout,DarkPulse,ShellSmash,Protect|Modest||M|||50|
|showteam|p2|Charizard||CharizarditeY|SolarPower|HeatWave,FireBlast,SolarBeam,Earthquake|Hasty||M|||50|]Aerodactyl||Aerodactylite|Pressure|Tailwind,RockSlide,SunnyDay,DualWingbeat|Careful||F|||50|]Sylveon||ExpertBelt|CuteCharm|HyperVoice,Moonblast,MysticalFire,FakeTears|Modest||F|||50|]Kingambit||LifeOrb|SupremeOverlord|KowtowCleave,ZenHeadbutt,SuckerPunch,ThunderWave|Adamant||F|||50|]Garchomp||MentalHerb|SandVeil|Earthquake,DragonClaw,Crunch,FireFang|Jolly||M|||50|]Basculegion|||MoldBreaker|LastRespects,Liquidation,FlipTurn,PsychicFangs|Adamant||M|||50|
|
|t:|1783698131
|teamsize|p1|4
|teamsize|p2|4
|start
|switch|p1a: Delphox|Delphox, L50, M|100/100
|switch|p1b: Incineroar|Incineroar, L50, M|100/100
|switch|p2a: Charizard|Charizard, L50, M|100/100
|switch|p2b: Aerodactyl|Aerodactyl, L50, F|100/100
|-ability|p2b: Aerodactyl|Pressure
|-ability|p1b: Incineroar|Intimidate|boost
|-unboost|p2a: Charizard|atk|1
|-unboost|p2b: Aerodactyl|atk|1
|turn|1
|
|t:|1783698152
|detailschange|p1a: Delphox|Delphox-Mega, L50, M
|-mega|p1a: Delphox|Delphox|Delphoxite
|move|p1b: Incineroar|Fake Out|p2b: Aerodactyl
|-resisted|p2b: Aerodactyl|1
|-damage|p2b: Aerodactyl|93/100
|move|p1a: Delphox|Nasty Plot|p1a: Delphox
|-boost|p1a: Delphox|spa|2
|move|p2a: Charizard|Earthquake|p1b: Incineroar|[spread] p1b
|-immune|p2b: Aerodactyl
|-immune|p1a: Delphox|[from] ability: Levitate
|-supereffective|p1b: Incineroar|1
|-damage|p1b: Incineroar|84/100
|cant|p2b: Aerodactyl|flinch
|
|upkeep
|turn|2
|
|t:|1783698179
|move|p1a: Delphox|Heat Wave|p2a: Charizard|[spread] p2a,p2b
|-resisted|p2a: Charizard|1
|-resisted|p2b: Aerodactyl|1
|-damage|p2a: Charizard|43/100
|-damage|p2b: Aerodactyl|56/100
|move|p2a: Charizard|Earthquake|p1a: Delphox|[spread] p1b
|-immune|p2b: Aerodactyl
|-immune|p1a: Delphox|[from] ability: Levitate
|-supereffective|p1b: Incineroar|1
|-damage|p1b: Incineroar|67/100
|move|p2b: Aerodactyl|Rock Slide|p1a: Delphox|[spread] p1a,p1b
|-supereffective|p1a: Delphox|1
|-supereffective|p1b: Incineroar|1
|-damage|p1a: Delphox|65/100
|-damage|p1b: Incineroar|45/100
|-enditem|p1b: Incineroar|Sitrus Berry|[eat]
|-heal|p1b: Incineroar|70/100|[from] item: Sitrus Berry
|move|p1b: Incineroar|Parting Shot|p2b: Aerodactyl
|-unboost|p2b: Aerodactyl|atk|1
|-unboost|p2b: Aerodactyl|spa|1
|
|t:|1783698196
|switch|p1b: Sinistcha|Sinistcha, L50|100/100|[from] Parting Shot
|-heal|p1a: Delphox|90/100|[from] ability: Hospitality|[of] p1b: Sinistcha
|
|upkeep
|turn|3
|
|t:|1783698224
|switch|p1b: Incineroar|Incineroar, L50, M|70/100
|-ability|p1b: Incineroar|Intimidate|boost
|-unboost|p2a: Charizard|atk|1
|-unboost|p2b: Aerodactyl|atk|1
|move|p1a: Delphox|Psyshock|p2b: Aerodactyl
|-damage|p2b: Aerodactyl|0 fnt
|faint|p2b: Aerodactyl
|move|p2a: Charizard|Fire Blast|p1b: Incineroar
|-resisted|p1b: Incineroar|1
|-crit|p1b: Incineroar
|-damage|p1b: Incineroar|34/100
|
|upkeep
|
|t:|1783698236
|switch|p2b: Sylveon|Sylveon, L50, F|100/100
|turn|4
|
|t:|1783698282
|move|p1b: Incineroar|Fake Out|p2b: Sylveon
|-damage|p2b: Sylveon|87/100
|-start|p1b: Incineroar|Attract|[from] ability: Cute Charm|[of] p2b: Sylveon
|move|p1a: Delphox|Psyshock|p2b: Sylveon
|-damage|p2b: Sylveon|0 fnt
|faint|p2b: Sylveon
|-end|p1b: Incineroar|Attract|[silent]
|move|p2a: Charizard|Heat Wave|p1b: Incineroar|[spread] p1a
|-miss|p2a: Charizard|p1b: Incineroar
|-resisted|p1a: Delphox|1
|-damage|p1a: Delphox|74/100
|
|upkeep
|
|t:|1783698293
|switch|p2b: Kingambit|Kingambit, L50, F|100/100
|-activate|p2b: Kingambit|ability: Supreme Overlord
|-start|p2b: Kingambit|fallen2|[silent]
|turn|5
|
|t:|1783698310
|move|p2b: Kingambit|Sucker Punch|p1a: Delphox
|-supereffective|p1a: Delphox|1
|-damage|p1a: Delphox|0 fnt
|faint|p1a: Delphox
|-damage|p2b: Kingambit|90/100|[from] item: Life Orb
|move|p2a: Charizard|Fire Blast|p1b: Incineroar|[miss]
|-miss|p2a: Charizard|p1b: Incineroar
|move|p1b: Incineroar|Flare Blitz|p2b: Kingambit
|-supereffective|p2b: Kingambit|1
|-damage|p2b: Kingambit|23/100
|-damage|p1b: Incineroar|11/100|[from] Recoil
|
|upkeep
|
|t:|1783698322
|switch|p1a: Sneasler|Sneasler, L50, M|100/100
|turn|6
|
|t:|1783698346
|detailschange|p2a: Charizard|Charizard-Mega-Y, L50, M
|-mega|p2a: Charizard|Charizard|Charizardite Y
|-weather|SunnyDay|[from] ability: Drought|[of] p2a: Charizard
|move|p2b: Kingambit|Sucker Punch|p1b: Incineroar
|-resisted|p1b: Incineroar|1
|-damage|p1b: Incineroar|0 fnt
|faint|p1b: Incineroar
|-damage|p2b: Kingambit|14/100|[from] item: Life Orb
|move|p1a: Sneasler|Close Combat|p2b: Kingambit
|-supereffective|p2b: Kingambit|2
|-damage|p2b: Kingambit|0 fnt
|-unboost|p1a: Sneasler|def|1
|-unboost|p1a: Sneasler|spd|1
|faint|p2b: Kingambit
|-end|p2b: Kingambit|fallen2|[silent]
|move|p2a: Charizard|Fire Blast|p1a: Sneasler|[miss]
|-miss|p2a: Charizard|p1a: Sneasler
|
|-weather|SunnyDay|[upkeep]
|upkeep
|
|t:|1783698354
|switch|p1b: Sinistcha|Sinistcha, L50|100/100
|turn|7
|
|t:|1783698370
|move|p1b: Sinistcha|Rage Powder|p1b: Sinistcha
|-singleturn|p1b: Sinistcha|move: Rage Powder
|move|p1a: Sneasler|Poison Jab|p2a: Charizard
|-damage|p2a: Charizard|0 fnt
|faint|p2a: Charizard
|
|win|1OO% Jesus
||1OO% Jesus is ready for game 2.
||kingkarni is ready for game 2.
|uhtml|next|Next: Game 2 of 3
