|j|☆tg100
|j|☆regalac3
|html|tg100regalac3    
|uhtml|bestof|Game 1 of a best-of-3
|t:|1757032852
|gametype|doubles
|player|p1|tg100|266|1115
|player|p2|regalac3|n|1080
|gen|9
|tier|[Gen 9] VGC 2025 Reg H (Bo3)
|rated|
|rule|Species Clause: Limit one of each Pokémon
|rule|Item Clause: Limit 1 of each item
|clearpoke
|poke|p1|Dragapult, L50, F|
|poke|p1|Indeedee, L50, M|
|poke|p1|Electabuzz, L50, M|
|poke|p1|Incineroar, L50, M|
|poke|p1|Sneasler, L50, M|
|poke|p1|Ninetales-Alola, L50, F|
|poke|p2|Pelipper, L50, F|
|poke|p2|Basculegion, L50, M|
|poke|p2|Archaludon, L50, M|
|poke|p2|Annihilape, L50, F|
|poke|p2|Rillaboom, L50, F|
|poke|p2|Maushold-Four, L50|
|teampreview|4
|showteam|p1|Dragapult||ChoiceBand|ClearBody|DragonDarts,PhantomForce,Outrage,Uturn|||F|||50|,,,,,Dragon]Indeedee||ChoiceScarf|PsychicSurge|Trick,ExpandingForce,DazzlingGleam,HyperVoice|||M|||50|,,,,,Fairy]Electabuzz||Eviolite|VitalSpirit|Electroweb,FollowMe,HelpingHand,Protect|||M|||50|,,,,,Ghost]Incineroar||SafetyGoggles|Intimidate|Taunt,KnockOff,FlareBlitz,PartingShot|||M|||50|,,,,,Ghost]Sneasler||PsychicSeed|Unburden|ThroatChop,CloseCombat,DireClaw,Protect|||M|||50|,,,,,Dark]Ninetales-Alola||LightClay|SnowWarning|Blizzard,AuroraVeil,Moonblast,IcyWind|||F|||50|,,,,,Water
|showteam|p2|Pelipper||FocusSash|Drizzle|Hurricane,WeatherBall,WideGuard,Protect|||F|||50|,,,,,Stellar]Basculegion||LifeOrb|SwiftSwim|WaveCrash,LastRespects,AquaJet,Protect|||M|||50|,,,,,Water]Archaludon||AssaultVest|Stamina|FlashCannon,DracoMeteor,ElectroShot,BodyPress|||M|||50|,,,,,Bug]Annihilape||Leftovers|Defiant|RageFist,DrainPunch,BulkUp,Protect|||F|||50|,,,,,Fire]Rillaboom||LoadedDice|GrassySurge|BulletSeed,GrassyGlide,HighHorsepower,FakeOut|||F|||50|,,,,,Water]Maushold-Four||SafetyGoggles|FriendGuard|BeatUp,FollowMe,Taunt,Protect||||||50|,,,,,Ghost
|inactive|Battle timer is ON: inactive players will automatically lose when time's up. (requested by regalac3)
|inactive|regalac3 has 60 seconds left.
|
|t:|1757032885
|teamsize|p1|4
|teamsize|p2|4
|start
|switch|p1a: Electabuzz|Electabuzz, L50, M|100/100
|switch|p1b: Sneasler|Sneasler, L50, M|100/100
|switch|p2a: Pelipper|Pelipper, L50, F|100/100
|switch|p2b: Basculegion|Basculegion, L50, M|100/100
|-weather|RainDance|[from] ability: Drizzle|[of] p2a: Pelipper
|turn|1
|inactive|regalac3 has 30 seconds left.
|
|t:|1757032914
|switch|p1a: Ninetales|Ninetales-Alola, L50, F|100/100
|-weather|Snowscape|[from] ability: Snow Warning|[of] p1a: Ninetales
|-terastallize|p2b: Basculegion|Water
|move|p1b: Sneasler|Throat Chop|p2b: Basculegion
|-damage|p2b: Basculegion|64/100
|-start|p2b: Basculegion|Throat Chop|[silent]
|move|p2b: Basculegion|Wave Crash|p1a: Ninetales
|-crit|p1a: Ninetales
|-damage|p1a: Ninetales|0 fnt
|faint|p1a: Ninetales
|-damage|p2b: Basculegion|39/100|[from] Recoil
|-damage|p2b: Basculegion|30/100|[from] item: Life Orb
|move|p2a: Pelipper|Hurricane|p1b: Sneasler
|-supereffective|p1b: Sneasler
|-damage|p1b: Sneasler|0 fnt
|faint|p1b: Sneasler
|
|-weather|Snowscape|[upkeep]
|upkeep
|
|t:|1757032916
|switch|p1a: Indeedee|Indeedee, L50, M|100/100
|switch|p1b: Electabuzz|Electabuzz, L50, M|100/100
|-fieldstart|move: Psychic Terrain|[from] ability: Psychic Surge|[of] p1a: Indeedee
|turn|2
|
|t:|1757032937
|switch|p2a: Rillaboom|Rillaboom, L50, F|100/100
|-fieldstart|move: Grassy Terrain|[from] ability: Grassy Surge|[of] p2a: Rillaboom
|move|p2b: Basculegion|Protect|p2b: Basculegion
|-singleturn|p2b: Basculegion|Protect
|move|p1b: Electabuzz|Follow Me|p1b: Electabuzz
|-singleturn|p1b: Electabuzz|move: Follow Me
|move|p1a: Indeedee|Trick|p2a: Rillaboom
|-activate|p1a: Indeedee|move: Trick|[of] p2a: Rillaboom
|-item|p2a: Rillaboom|Choice Scarf|[from] move: Trick
|-item|p1a: Indeedee|Loaded Dice|[from] move: Trick
|
|-weather|Snowscape|[upkeep]
|-heal|p2b: Basculegion|36/100|[from] Grassy Terrain
|-end|p2b: Basculegion|Throat Chop|[silent]
|upkeep
|turn|3
|
|t:|1757032954
|switch|p2b: Pelipper|Pelipper, L50, F|100/100
|-weather|RainDance|[from] ability: Drizzle|[of] p2b: Pelipper
|move|p2a: Rillaboom|Fake Out|p1b: Electabuzz
|-damage|p1b: Electabuzz|89/100
|move|p1a: Indeedee|Hyper Voice|p2b: Pelipper|[spread] p2a,p2b
|-crit|p2b: Pelipper
|-damage|p2a: Rillaboom|71/100
|-damage|p2b: Pelipper|18/100
|cant|p1b: Electabuzz|flinch
|
|-weather|RainDance|[upkeep]
|-heal|p2a: Rillaboom|77/100|[from] Grassy Terrain
|-heal|p1b: Electabuzz|95/100|[from] Grassy Terrain
|upkeep
|turn|4
|
|t:|1757032964
|switch|p2a: Archaludon|Archaludon, L50, M|100/100
|move|p1b: Electabuzz|Follow Me|p1b: Electabuzz
|-singleturn|p1b: Electabuzz|move: Follow Me
|move|p1a: Indeedee|Expanding Force|p2b: Pelipper
|-damage|p2b: Pelipper|0 fnt
|faint|p2b: Pelipper
|
|-weather|RainDance|[upkeep]
|-heal|p1b: Electabuzz|100/100|[from] Grassy Terrain
|upkeep
|
|t:|1757032975
|switch|p2b: Rillaboom|Rillaboom, L50, F|77/100
|turn|5
|
|t:|1757032990
|move|p1b: Electabuzz|Follow Me|p1b: Electabuzz
|-singleturn|p1b: Electabuzz|move: Follow Me
|move|p2b: Rillaboom|Bullet Seed|p1b: Electabuzz
|-damage|p1b: Electabuzz|87/100
|-crit|p1b: Electabuzz
|-damage|p1b: Electabuzz|66/100
|-hitcount|p1b: Electabuzz|2
|move|p1a: Indeedee|Expanding Force|p2b: Rillaboom
|-damage|p2b: Rillaboom|39/100
|move|p2a: Archaludon|Body Press|p1b: Electabuzz
|-crit|p1b: Electabuzz
|-damage|p1b: Electabuzz|35/100
|
|-weather|RainDance|[upkeep]
|-heal|p2b: Rillaboom|45/100|[from] Grassy Terrain
|-heal|p1b: Electabuzz|41/100|[from] Grassy Terrain
|upkeep
|turn|6
|
|t:|1757033012
|move|p1b: Electabuzz|Follow Me|p1b: Electabuzz
|-singleturn|p1b: Electabuzz|move: Follow Me
|move|p2b: Rillaboom|Bullet Seed|p1b: Electabuzz
|-damage|p1b: Electabuzz|27/100
|-damage|p1b: Electabuzz|13/100
|-hitcount|p1b: Electabuzz|2
|move|p1a: Indeedee|Expanding Force|p2b: Rillaboom
|-damage|p2b: Rillaboom|10/100
|move|p2a: Archaludon|Body Press|p1b: Electabuzz
|-damage|p1b: Electabuzz|0 fnt
|faint|p1b: Electabuzz
|
|-weather|RainDance|[upkeep]
|-heal|p2b: Rillaboom|16/100|[from] Grassy Terrain
|-fieldend|move: Grassy Terrain
|upkeep
|turn|7
|
|t:|1757033020
|move|p2b: Rillaboom|Bullet Seed|p2a: Archaludon
|-resisted|p2a: Archaludon
|-damage|p2a: Archaludon|98/100
|-ability|p2a: Archaludon|Stamina|boost
|-boost|p2a: Archaludon|def|1
|-resisted|p2a: Archaludon
|-damage|p2a: Archaludon|96/100
|-ability|p2a: Archaludon|Stamina|boost
|-boost|p2a: Archaludon|def|1
|-resisted|p2a: Archaludon
|-damage|p2a: Archaludon|95/100
|-ability|p2a: Archaludon|Stamina|boost
|-boost|p2a: Archaludon|def|1
|-resisted|p2a: Archaludon
|-damage|p2a: Archaludon|94/100
|-ability|p2a: Archaludon|Stamina|boost
|-boost|p2a: Archaludon|def|1
|-resisted|p2a: Archaludon
|-damage|p2a: Archaludon|94/100
|-ability|p2a: Archaludon|Stamina|boost
|-boost|p2a: Archaludon|def|1
|-hitcount|p2a: Archaludon|5
|move|p1a: Indeedee|Expanding Force|p2b: Rillaboom
|-crit|p2b: Rillaboom
|-damage|p2b: Rillaboom|0 fnt
|faint|p2b: Rillaboom
|move|p2a: Archaludon|Body Press|p1a: Indeedee
|-damage|p1a: Indeedee|0 fnt
|faint|p1a: Indeedee
|
|win|regalac3
|inactive|tg100 has 30 seconds to confirm battle start!
|inactive|regalac3 has 30 seconds to confirm battle start!
||tg100 is ready for game 2.
|inactive|regalac3 has 20 seconds to confirm battle start!
