|j|☆Traindelpivgc
|j|☆DCallsD
|html|TraindelpivgcDCallsD    
|uhtml|bestof|Game 1 of a best-of-3
|t:|1756383156
|gametype|doubles
|player|p1|Traindelpivgc|hilbert-wonderlauncher|1158
|player|p2|DCallsD|acetrainercouple|1179
|gen|9
|tier|[Gen 9] VGC 2025 Reg H (Bo3)
|rated|
|rule|Species Clause: Limit one of each Pokémon
|rule|Item Clause: Limit 1 of each item
|clearpoke
|poke|p1|Incineroar, L50, F|
|poke|p1|Amoonguss, L50, M|
|poke|p1|Ursaluna-Bloodmoon, L50, M|
|poke|p1|Sneasler, L50, M|
|poke|p1|Gholdengo, L50|
|poke|p1|Dragonite, L50, M|
|poke|p2|Kingambit, L50, M|
|poke|p2|Sneasler, L50, F|
|poke|p2|Magmar, L50, M|
|poke|p2|Rillaboom, L50, M|
|poke|p2|Primarina, L50, F|
|poke|p2|Salamence, L50, M|
|teampreview|4
|showteam|p1|Incineroar||SafetyGoggles|Intimidate|FlareBlitz,KnockOff,PartingShot,FakeOut|||F|||50|,,,,,Ghost]Amoonguss||SitrusBerry|Regenerator|Spore,RagePowder,PollenPuff,Protect|||M|||50|,,,,,Psychic]Ursaluna-Bloodmoon||AssaultVest|MindsEye|HyperVoice,BloodMoon,EarthPower,VacuumWave|||M|||50|,,,,,Water]Sneasler||FocusSash|Unburden|CloseCombat,DireClaw,ThroatChop,Protect|||M|||50|,,,,,Stellar]Gholdengo||LifeOrb|GoodasGold|MakeItRain,ShadowBall,NastyPlot,Protect||||||50|,,,,,Water]Dragonite||LoadedDice|Multiscale|ScaleShot,Tailwind,Haze,Protect|||M|||50|,,,,,Fairy
|showteam|p2|Kingambit||BlackGlasses|Defiant|Protect,SuckerPunch,SwordsDance,KowtowCleave|||M|||50|,,,,,Ghost]Sneasler||FocusSash|Unburden|Protect,FakeOut,DireClaw,CloseCombat|||F|||50|,,,,,Stellar]Magmar||Eviolite|VitalSpirit|Protect,Overheat,FollowMe,WillOWisp|||M|||50|,,,,,Ghost]Rillaboom||AssaultVest|GrassySurge|FakeOut,GrassyGlide,WoodHammer,HighHorsepower|||M|||50|,,,,,Fire]Primarina||SitrusBerry|LiquidVoice|Haze,Protect,Moonblast,HyperVoice|||F|||50|,,,,,Poison]Salamence||SafetyGoggles|Intimidate|Protect,Tailwind,DracoMeteor,DualWingbeat|||M|||50|,,,,,Steel
|inactive|Battle timer is ON: inactive players will automatically lose when time's up. (requested by DCallsD)
|inactive|Traindelpivgc has 60 seconds left.
|inactive|DCallsD has 60 seconds left.
|
|t:|1756383203
|teamsize|p1|4
|teamsize|p2|4
|start
|switch|p1a: Dragonite|Dragonite, L50, M|100/100
|switch|p1b: Incineroar|Incineroar, L50, F|100/100
|switch|p2a: Magmar|Magmar, L50, M|100/100
|switch|p2b: Kingambit|Kingambit, L50, M, shiny|100/100
|-ability|p1b: Incineroar|Intimidate|boost
|-unboost|p2a: Magmar|atk|1
|-unboost|p2b: Kingambit|atk|1
|-ability|p2b: Kingambit|Defiant|boost
|-boost|p2b: Kingambit|atk|2
|turn|1
|inactive|Traindelpivgc has 30 seconds left.
|inactive|Traindelpivgc has 20 seconds left.
|
|t:|1756383239
|move|p2b: Kingambit|Protect|p2b: Kingambit
|-singleturn|p2b: Kingambit|Protect
|move|p1b: Incineroar|Fake Out|p2b: Kingambit
|-activate|p2b: Kingambit|move: Protect
|move|p1a: Dragonite|Scale Shot|p2a: Magmar
|-damage|p2a: Magmar|88/100
|-damage|p2a: Magmar|76/100
|-damage|p2a: Magmar|64/100
|-damage|p2a: Magmar|51/100
|-damage|p2a: Magmar|40/100
|-hitcount|p2a: Magmar|5
|-unboost|p1a: Dragonite|def|1
|-boost|p1a: Dragonite|spe|1
|move|p2a: Magmar|Will-O-Wisp|p1a: Dragonite
|-status|p1a: Dragonite|brn
|
|-damage|p1a: Dragonite|95/100 brn|[from] brn
|upkeep
|turn|2
|inactive|Traindelpivgc has 30 seconds left.
|inactive|DCallsD has 30 seconds left.
|
|t:|1756383266
|move|p2a: Magmar|Follow Me|p2a: Magmar
|-singleturn|p2a: Magmar|move: Follow Me
|move|p1a: Dragonite|Scale Shot|p2a: Magmar
|-damage|p2a: Magmar|34/100
|-damage|p2a: Magmar|27/100
|-damage|p2a: Magmar|21/100
|-damage|p2a: Magmar|16/100
|-damage|p2a: Magmar|9/100
|-hitcount|p2a: Magmar|5
|-unboost|p1a: Dragonite|def|1
|-boost|p1a: Dragonite|spe|1
|move|p1b: Incineroar|Flare Blitz|p2a: Magmar
|-resisted|p2a: Magmar
|-damage|p2a: Magmar|0 fnt
|faint|p2a: Magmar
|-damage|p1b: Incineroar|98/100|[from] Recoil
|move|p2b: Kingambit|Kowtow Cleave|p1a: Dragonite
|-damage|p1a: Dragonite|0 fnt
|faint|p1a: Dragonite
|
|upkeep
|inactive|Traindelpivgc has 30 seconds left.
|inactive|DCallsD has 30 seconds left.
|
|t:|1756383295
|switch|p1a: Sneasler|Sneasler, L50, M|100/100
|switch|p2a: Salamence|Salamence, L50, M|100/100
|-ability|p2a: Salamence|Intimidate|boost
|-unboost|p1a: Sneasler|atk|1
|-unboost|p1b: Incineroar|atk|1
|turn|3
|inactive|Traindelpivgc has 30 seconds left.
|inactive|Traindelpivgc has 20 seconds left.
|inactive|Traindelpivgc has 15 seconds left.
|
|t:|1756383339
|switch|p1b: Gholdengo|Gholdengo, L50|100/100
|-terastallize|p1a: Sneasler|Stellar
|move|p2b: Kingambit|Protect|p2b: Kingambit
|-singleturn|p2b: Kingambit|Protect
|move|p1a: Sneasler|Dire Claw|p2a: Salamence
|-damage|p2a: Salamence|46/100
|-status|p2a: Salamence|slp
|cant|p2a: Salamence|slp
|
|upkeep
|turn|4
|j| Trestkon
|inactive|Traindelpivgc has 30 seconds left.
|inactive|DCallsD has 30 seconds left.
|
|t:|1756383373
|switch|p1b: Incineroar|Incineroar, L50, F|98/100
|-ability|p1b: Incineroar|Intimidate|boost
|-unboost|p2a: Salamence|atk|1
|-unboost|p2b: Kingambit|atk|1
|-ability|p2b: Kingambit|Defiant|boost
|-boost|p2b: Kingambit|atk|2
|-terastallize|p2b: Kingambit|Ghost
|move|p1a: Sneasler|Close Combat|p2b: Kingambit
|-immune|p2b: Kingambit
|cant|p2a: Salamence|slp
|move|p2b: Kingambit|Kowtow Cleave|p1a: Sneasler
|-resisted|p1a: Sneasler
|-damage|p1a: Sneasler|9/100
|
|upkeep
|turn|5
|inactive|Traindelpivgc has 30 seconds left.
|
|t:|1756383402
|move|p2b: Kingambit|Protect|p2b: Kingambit
|-singleturn|p2b: Kingambit|Protect
|move|p1b: Incineroar|Fake Out|p2b: Kingambit
|-activate|p2b: Kingambit|move: Protect
|move|p1a: Sneasler|Dire Claw|p2a: Salamence
|-damage|p2a: Salamence|6/100 slp
|cant|p2a: Salamence|slp
|
|upkeep
|turn|6
|
|t:|1756383425
|move|p1a: Sneasler|Protect|p1a: Sneasler
|-singleturn|p1a: Sneasler|Protect
|move|p2b: Kingambit|Sucker Punch||[still]
|-fail|p2b: Kingambit
|-curestatus|p2a: Salamence|slp|[msg]
|move|p2a: Salamence|Tailwind|p2a: Salamence
|-sidestart|p2: DCallsD|move: Tailwind
|move|p1b: Incineroar|Knock Off|p2b: Kingambit
|-supereffective|p2b: Kingambit
|-damage|p2b: Kingambit|33/100
|-enditem|p2b: Kingambit|Black Glasses|[from] move: Knock Off|[of] p1b: Incineroar
|
|upkeep
|turn|7
|inactive|Traindelpivgc has 30 seconds left.
|inactive|DCallsD has 30 seconds left.
|
|t:|1756383457
|switch|p1a: Gholdengo|Gholdengo, L50|100/100
|switch|p2b: Sneasler|Sneasler, L50, F|100/100
|move|p2a: Salamence|Dual Wingbeat|p1a: Gholdengo
|-resisted|p1a: Gholdengo
|-damage|p1a: Gholdengo|94/100
|-resisted|p1a: Gholdengo
|-damage|p1a: Gholdengo|87/100
|-hitcount|p1a: Gholdengo|2
|move|p1b: Incineroar|Knock Off|p2b: Sneasler
|-resisted|p2b: Sneasler
|-damage|p2b: Sneasler|65/100
|-enditem|p2b: Sneasler|Focus Sash|[from] move: Knock Off|[of] p1b: Incineroar
|
|upkeep
|turn|8
|inactive|Traindelpivgc has 30 seconds left.
|
|t:|1756383491
|switch|p1b: Sneasler|Sneasler, L50, M, tera:Stellar|9/100
|move|p2b: Sneasler|Close Combat|p1b: Sneasler
|-resisted|p1b: Sneasler
|-damage|p1b: Sneasler|0 fnt
|-unboost|p2b: Sneasler|def|1
|-unboost|p2b: Sneasler|spd|1
|faint|p1b: Sneasler
|move|p2a: Salamence|Draco Meteor|p1a: Gholdengo
|-resisted|p1a: Gholdengo
|-damage|p1a: Gholdengo|60/100
|-unboost|p2a: Salamence|spa|2
|move|p1a: Gholdengo|Nasty Plot|p1a: Gholdengo
|-boost|p1a: Gholdengo|spa|2
|
|upkeep
|
|t:|1756383505
|switch|p1b: Incineroar|Incineroar, L50, F|98/100
|-ability|p1b: Incineroar|Intimidate|boost
|-unboost|p2a: Salamence|atk|1
|-unboost|p2b: Sneasler|atk|1
|turn|9
|
|t:|1756383522
|move|p2b: Sneasler|Protect|p2b: Sneasler
|-singleturn|p2b: Sneasler|Protect
|move|p2a: Salamence|Protect|p2a: Salamence
|-singleturn|p2a: Salamence|Protect
|move|p1b: Incineroar|Fake Out|p2b: Sneasler
|-activate|p2b: Sneasler|move: Protect
|move|p1a: Gholdengo|Make It Rain|p2a: Salamence|[spread] 
|-activate|p2a: Salamence|move: Protect
|-activate|p2b: Sneasler|move: Protect
|
|-sideend|p2: DCallsD|move: Tailwind
|upkeep
|turn|10
|inactive|Traindelpivgc has 30 seconds left.
|
|t:|1756383549
|move|p2b: Sneasler|Close Combat|p1b: Incineroar
|-supereffective|p1b: Incineroar
|-damage|p1b: Incineroar|24/100
|-unboost|p2b: Sneasler|def|1
|-unboost|p2b: Sneasler|spd|1
|move|p2a: Salamence|Draco Meteor|p1b: Incineroar
|-damage|p1b: Incineroar|1/100
|-unboost|p2a: Salamence|spa|2
|move|p1a: Gholdengo|Make It Rain|p2b: Sneasler|[spread] p2a,p2b
|-damage|p2a: Salamence|0 fnt
|-damage|p2b: Sneasler|0 fnt
|-unboost|p1a: Gholdengo|spa|1
|faint|p2a: Salamence
|faint|p2b: Sneasler
|-damage|p1a: Gholdengo|50/100|[from] item: Life Orb
|move|p1b: Incineroar|Knock Off|p2: Salamence|[notarget]
|-fail|p1b: Incineroar
|
|upkeep
|
|t:|1756383552
|switch|p2b: Kingambit|Kingambit, L50, M, shiny, tera:Ghost|33/100
|turn|11
|-message|DCallsD forfeited.
|
|win|Traindelpivgc
|l|☆DCallsD
|player|p2|
||DCallsD is ready for game 2.
||Traindelpivgc is ready for game 2.
|uhtml|next|Next: Game 2 of 3
