|j|☆Broey_jiggs
|j|☆thebeast4895
|html|Broey_jiggsthebeast4895    
|uhtml|bestof|Game 3 of a best-of-3
|t:|1784670968
|gametype|doubles
|player|p1|Broey_jiggs|1|1103
|player|p2|thebeast4895|102|1154
|gen|9
|tier|[Gen 9 Champions] VGC 2026 Reg M-B (Bo3)
|rated|
|rule|Species Clause: Limit one of each Pokémon
|rule|Item Clause: Limit 1 of each item
|clearpoke
|poke|p1|Toxapex, L50, F|
|poke|p1|Rotom-Wash, L50|
|poke|p1|Sinistcha-Masterpiece, L50|
|poke|p1|Venusaur, L50, F|
|poke|p1|Incineroar, L50, F|
|poke|p1|Gengar, L50, F|
|poke|p2|Whimsicott, L50, F|
|poke|p2|Houndoom, L50, M|
|poke|p2|Farigiraf, L50, M|
|poke|p2|Floette-Eternal, L50, F|
|poke|p2|Annihilape, L50, M, shiny|
|poke|p2|Sinistcha, L50, shiny|
|teampreview|4
|showteam|p1|Toxapex||Leftovers|Regenerator|Toxic,BanefulBunker,Infestation,WideGuard|Bold||F|||50|]Rotom-Wash||Magnet|Levitate|HydroPump,VoltSwitch,WillOWisp,Electroweb|Calm|||||50|]Sinistcha-Masterpiece||SitrusBerry|Hospitality|MatchaGotcha,Hex,TrickRoom,RagePowder|Timid|||||50|]Venusaur||Venusaurite|Chlorophyll|GigaDrain,LeechSeed,SludgeBomb,Protect|Bold||F|||50|]Incineroar||ChopleBerry|Intimidate|FlareBlitz,DarkestLariat,PartingShot,FakeOut|Adamant||F|||50|]Gengar||Gengarite|CursedBody|PerishSong,ShadowBall,Disable,Protect|Timid||F|||50|
|showteam|p2|Whimsicott||FocusSash|Prankster|FakeTears,Moonblast,Tailwind,SunnyDay|Timid||F|||50|]Houndoom||Houndoominite|FlashFire|Protect,NastyPlot,DarkPulse,HeatWave|Timid||M|||50|]Farigiraf||ColburBerry|ArmorTail|Protect,Psychic,Imprison,TrickRoom|Bold||M|||50|]Floette-Eternal||Floettite|FlowerVeil|Protect,DazzlingGleam,LightofRuin,Moonblast|Modest||F|||50|]Annihilape||SitrusBerry|Defiant|Protect,RageFist,DrainPunch,BulkUp|Adamant||M|||50|]Sinistcha||KasibBerry|Hospitality|Protect,MatchaGotcha,RagePowder,TrickRoom|Modest|||||50|
|inactive|Battle timer is ON: inactive players will automatically lose when time's up. (requested by Broey_jiggs)
|inactive|thebeast4895 has 60 seconds left.
|
|t:|1784671020
|teamsize|p1|4
|teamsize|p2|4
|start
|switch|p1a: Incineroar|Incineroar, L50, F|100/100
|switch|p1b: Gengar|Gengar, L50, F|100/100
|switch|p2a: Whimsicott|Whimsicott, L50, F|100/100
|switch|p2b: Houndoom|Houndoom, L50, M|100/100
|-ability|p1a: Incineroar|Intimidate|boost
|-unboost|p2a: Whimsicott|atk|1
|-unboost|p2b: Houndoom|atk|1
|turn|1
|inactive|Broey_jiggs has 30 seconds left.
|inactive|Broey_jiggs has 20 seconds left.
|
|t:|1784671056
|switch|p2a: Farigiraf|Farigiraf, L50, M|100/100
|switch|p2b: Annihilape|Annihilape, L50, M, shiny|100/100
|detailschange|p1b: Gengar|Gengar-Mega, L50, F
|-mega|p1b: Gengar|Gengar|Gengarite
|move|p1a: Incineroar|Fake Out||[still]
|cant|p2a: Farigiraf|ability: Armor Tail|Fake Out|[of] p1a: Incineroar
|move|p1b: Gengar|Perish Song|p1b: Gengar
|-start|p1a: Incineroar|perish3|[silent]
|-start|p1b: Gengar|perish3|[silent]
|-start|p2a: Farigiraf|perish3|[silent]
|-start|p2b: Annihilape|perish3|[silent]
|-fieldactivate|move: Perish Song
|
|-start|p1b: Gengar|perish3
|-start|p2b: Annihilape|perish3
|-start|p1a: Incineroar|perish3
|-start|p2a: Farigiraf|perish3
|upkeep
|turn|2
|inactive|thebeast4895 has 30 seconds left.
|inactive|thebeast4895 has 20 seconds left.
|inactive|thebeast4895 has 15 seconds left.
|inactive|thebeast4895 has 10 seconds left.
|inactive|thebeast4895 has 5 seconds left.
|
|t:|1784671111
|switch|p1b: Toxapex|Toxapex, L50, F|100/100
|move|p2b: Annihilape|Protect|p2b: Annihilape
|-singleturn|p2b: Annihilape|Protect
|move|p2a: Farigiraf|Protect|p2a: Farigiraf
|-singleturn|p2a: Farigiraf|Protect
|move|p1a: Incineroar|Parting Shot|p2a: Farigiraf
|-activate|p2a: Farigiraf|move: Protect
|
|-start|p2b: Annihilape|perish2
|-start|p1a: Incineroar|perish2
|-start|p2a: Farigiraf|perish2
|upkeep
|turn|3
|inactive|thebeast4895 has 30 seconds left.
|
|t:|1784671143
|switch|p2a: Whimsicott|Whimsicott, L50, F|100/100
|switch|p1b: Gengar|Gengar-Mega, L50, F|100/100
|move|p2b: Annihilape|Drain Punch|p1a: Incineroar
|-supereffective|p1a: Incineroar|1
|-enditem|p1a: Incineroar|Chople Berry|[eat]
|-enditem|p1a: Incineroar|Chople Berry|[weaken]
|-damage|p1a: Incineroar|65/100
|move|p1a: Incineroar|Darkest Lariat|p2b: Annihilape
|-damage|p2b: Annihilape|58/100
|
|-start|p2b: Annihilape|perish1
|-start|p1a: Incineroar|perish1
|upkeep
|turn|4
|inactive|Broey_jiggs has 30 seconds left.
|inactive|Broey_jiggs has 20 seconds left.
|
|t:|1784671178
|switch|p2b: Houndoom|Houndoom, L50, M|100/100
|switch|p1a: Rotom|Rotom-Wash, L50|100/100
|move|p2a: Whimsicott|Tailwind|p2a: Whimsicott
|-sidestart|p2: thebeast4895|move: Tailwind
|move|p1b: Gengar|Shadow Ball|p2b: Houndoom
|-resisted|p2b: Houndoom|1
|-damage|p2b: Houndoom|68/100
|
|upkeep
|turn|5
|
|t:|1784671198
|move|p2b: Houndoom|Protect|p2b: Houndoom
|-singleturn|p2b: Houndoom|Protect
|move|p1b: Gengar|Protect|p1b: Gengar
|-singleturn|p1b: Gengar|Protect
|move|p2a: Whimsicott|Sunny Day|p2a: Whimsicott
|-weather|SunnyDay
|move|p1a: Rotom|Electroweb|p2a: Whimsicott|[spread] p2a
|-activate|p2b: Houndoom|move: Protect
|-resisted|p2a: Whimsicott|1
|-damage|p2a: Whimsicott|82/100
|-unboost|p2a: Whimsicott|spe|1
|
|-weather|SunnyDay|[upkeep]
|upkeep
|turn|6
|
|t:|1784671218
|switch|p1b: Toxapex|Toxapex, L50, F|100/100
|detailschange|p2b: Houndoom|Houndoom-Mega, L50, M
|-mega|p2b: Houndoom|Houndoom|Houndoominite
|move|p2a: Whimsicott|Fake Tears|p1a: Rotom
|-unboost|p1a: Rotom|spd|2
|move|p2b: Houndoom|Heat Wave|p1a: Rotom|[spread] p1a,p1b
|-resisted|p1a: Rotom|1
|-resisted|p1b: Toxapex|1
|-damage|p1a: Rotom|17/100
|-damage|p1b: Toxapex|66/100
|move|p1a: Rotom|Electroweb|p2b: Houndoom|[spread] p2a,p2b
|-resisted|p2a: Whimsicott|1
|-damage|p2a: Whimsicott|63/100
|-damage|p2b: Houndoom|38/100
|-unboost|p2a: Whimsicott|spe|1
|-unboost|p2b: Houndoom|spe|1
|
|-weather|SunnyDay|[upkeep]
|-damage|p2b: Houndoom|25/100|[from] ability: Solar Power|[of] p2b: Houndoom
|-heal|p1b: Toxapex|72/100|[from] item: Leftovers
|upkeep
|turn|7
|inactive|Broey_jiggs has 30 seconds left.
|inactive|thebeast4895 has 30 seconds left.
|
|t:|1784671246
|move|p2b: Houndoom|Dark Pulse|p1b: Toxapex
|-damage|p1b: Toxapex|20/100y
|move|p2a: Whimsicott|Moonblast|p1a: Rotom
|-damage|p1a: Rotom|0 fnt
|faint|p1a: Rotom
|cant|p1b: Toxapex|flinch
|
|-weather|SunnyDay|[upkeep]
|-damage|p2b: Houndoom|13/100|[from] ability: Solar Power|[of] p2b: Houndoom
|-heal|p1b: Toxapex|26/100|[from] item: Leftovers
|-sideend|p2: thebeast4895|move: Tailwind
|upkeep
|inactive|Broey_jiggs has 30 seconds left.
|
|t:|1784671274
|switch|p1a: Gengar|Gengar-Mega, L50, F|100/100
|turn|8
|
|t:|1784671289
|move|p1a: Gengar|Protect|p1a: Gengar
|-singleturn|p1a: Gengar|Protect
|move|p1b: Toxapex|Baneful Bunker|p1b: Toxapex
|-singleturn|p1b: Toxapex|move: Protect
|move|p2a: Whimsicott|Tailwind|p2a: Whimsicott
|-sidestart|p2: thebeast4895|move: Tailwind
|move|p2b: Houndoom|Dark Pulse|p1b: Toxapex
|-activate|p1b: Toxapex|move: Protect
|
|-weather|SunnyDay|[upkeep]
|-damage|p2b: Houndoom|1/100|[from] ability: Solar Power|[of] p2b: Houndoom
|-heal|p1b: Toxapex|32/100|[from] item: Leftovers
|upkeep
|turn|9
|inactive|Broey_jiggs has 30 seconds left.
|
|t:|1784671315
|switch|p1a: Incineroar|Incineroar, L50, F|65/100
|-ability|p1a: Incineroar|Intimidate|boost
|-unboost|p2a: Whimsicott|atk|1
|-unboost|p2b: Houndoom|atk|1
|move|p1b: Toxapex|Wide Guard|p1b: Toxapex
|-singleturn|p1b: Toxapex|Wide Guard
|move|p2a: Whimsicott|Fake Tears|p1b: Toxapex
|-unboost|p1b: Toxapex|spd|2
|move|p2b: Houndoom|Dark Pulse|p1a: Incineroar
|-resisted|p1a: Incineroar|1
|-damage|p1a: Incineroar|35/100
|
|-weather|none
|-heal|p1b: Toxapex|37/100|[from] item: Leftovers
|upkeep
|turn|10
|inactive|thebeast4895 has 30 seconds left.
|
|t:|1784671344
|switch|p2a: Annihilape|Annihilape, L50, M, shiny|58/100
|-heal|p1b: Toxapex|70/100|[from] ability: Regenerator|[silent]
|switch|p1b: Gengar|Gengar-Mega, L50, F|100/100
|move|p2b: Houndoom|Protect|p2b: Houndoom
|-singleturn|p2b: Houndoom|Protect
|move|p1a: Incineroar|Darkest Lariat|p2b: Houndoom
|-activate|p2b: Houndoom|move: Protect
|
|upkeep
|turn|11
|inactive|Broey_jiggs has 30 seconds left.
|
|t:|1784671369
|switch|p1a: Toxapex|Toxapex, L50, F|70/100
|move|p1b: Gengar|Protect|p1b: Gengar
|-singleturn|p1b: Gengar|Protect
|move|p2b: Houndoom|Dark Pulse|p1b: Gengar
|-activate|p1b: Gengar|move: Protect
|move|p2a: Annihilape|Drain Punch|p1a: Toxapex
|-resisted|p1a: Toxapex|1
|-damage|p1a: Toxapex|58/100
|-heal|p2a: Annihilape|62/100|[from] drain|[of] p1a: Toxapex
|
|-heal|p1a: Toxapex|63/100|[from] item: Leftovers
|-sideend|p2: thebeast4895|move: Tailwind
|upkeep
|turn|12
|l|☆Broey_jiggs
|inactive|Broey_jiggs disconnected and has a minute to reconnect!
|player|p1|
|j|☆Broey_jiggs
|inactive|Broey_jiggs reconnected and has 50 seconds left.
|player|p1|Broey_jiggs|1|
|inactive|Broey_jiggs has 30 seconds left.
|inactive|thebeast4895 has 30 seconds left.
|inactive|thebeast4895 has 20 seconds left.
|inactive|thebeast4895 has 15 seconds left.
|inactive|thebeast4895 has 10 seconds left.
|
|t:|1784671417
|switch|p1b: Incineroar|Incineroar, L50, F|35/100
|-ability|p1b: Incineroar|Intimidate|boost
|-unboost|p2a: Annihilape|atk|1
|-ability|p2a: Annihilape|Defiant|boost
|-boost|p2a: Annihilape|atk|2
|-unboost|p2b: Houndoom|atk|1
|switch|p2a: Farigiraf|Farigiraf, L50, M|100/100
|move|p2b: Houndoom|Protect|p2b: Houndoom
|-singleturn|p2b: Houndoom|Protect
|move|p1a: Toxapex|Toxic|p2b: Houndoom
|-activate|p2b: Houndoom|move: Protect
|
|-heal|p1a: Toxapex|69/100|[from] item: Leftovers
|upkeep
|turn|13
|inactive|Broey_jiggs has 30 seconds left.
|inactive|thebeast4895 has 30 seconds left.
|inactive|thebeast4895 has 20 seconds left.
|
|t:|1784671454
|switch|p2b: Annihilape|Annihilape, L50, M, shiny|62/100
|move|p1b: Incineroar|Parting Shot|p2a: Farigiraf
|-unboost|p2a: Farigiraf|atk|1
|-unboost|p2a: Farigiraf|spa|1
|
|t:|1784671460
|switch|p1b: Gengar|Gengar-Mega, L50, F|100/100|[from] Parting Shot
|move|p2a: Farigiraf|Psychic|p1a: Toxapex
|-supereffective|p1a: Toxapex|1
|-damage|p1a: Toxapex|35/100
|move|p1a: Toxapex|Toxic|p2b: Annihilape
|-status|p2b: Annihilape|tox
|
|-heal|p1a: Toxapex|41/100|[from] item: Leftovers
|-damage|p2b: Annihilape|56/100 tox|[from] psn
|upkeep
|turn|14
|
|t:|1784671482
|-heal|p1a: Toxapex|74/100|[from] ability: Regenerator|[silent]
|switch|p1a: Incineroar|Incineroar, L50, F|35/100
|-ability|p1a: Incineroar|Intimidate|boost
|-unboost|p2a: Farigiraf|atk|1
|-unboost|p2b: Annihilape|atk|1
|-ability|p2b: Annihilape|Defiant|boost
|-boost|p2b: Annihilape|atk|2
|move|p2b: Annihilape|Protect|p2b: Annihilape
|-singleturn|p2b: Annihilape|Protect
|move|p1b: Gengar|Shadow Ball|p2b: Annihilape
|-activate|p2b: Annihilape|move: Protect
|move|p2a: Farigiraf|Trick Room|p2a: Farigiraf
|-fieldstart|move: Trick Room|[of] p2a: Farigiraf
|
|-damage|p2b: Annihilape|44/100 tox|[from] psn
|upkeep
|-enditem|p2b: Annihilape|Sitrus Berry|[eat]
|-heal|p2b: Annihilape|69/100 tox|[from] item: Sitrus Berry
|turn|15
|
|t:|1784671501
|switch|p1a: Toxapex|Toxapex, L50, F|74/100
|move|p1b: Gengar|Protect|p1b: Gengar
|-singleturn|p1b: Gengar|Protect
|move|p2a: Farigiraf|Psychic|p1b: Gengar
|-activate|p1b: Gengar|move: Protect
|move|p2b: Annihilape|Drain Punch|p1a: Toxapex
|-resisted|p1a: Toxapex|1
|-damage|p1a: Toxapex|55/100
|-heal|p2b: Annihilape|75/100 tox|[from] drain|[of] p1a: Toxapex
|
|-heal|p1a: Toxapex|60/100|[from] item: Leftovers
|-damage|p2b: Annihilape|57/100 tox|[from] psn
|upkeep
|turn|16
|inactive|Broey_jiggs has 30 seconds left.
|
|t:|1784671529
|switch|p1b: Incineroar|Incineroar, L50, F|35/100
|-ability|p1b: Incineroar|Intimidate|boost
|-unboost|p2a: Farigiraf|atk|1
|-unboost|p2b: Annihilape|atk|1
|-ability|p2b: Annihilape|Defiant|boost
|-boost|p2b: Annihilape|atk|2
|move|p1a: Toxapex|Toxic|p2a: Farigiraf
|-status|p2a: Farigiraf|tox
|move|p2a: Farigiraf|Psychic|p1a: Toxapex
|-supereffective|p1a: Toxapex|1
|-damage|p1a: Toxapex|23/100
|move|p2b: Annihilape|Drain Punch|p1b: Incineroar
|-supereffective|p1b: Incineroar|1
|-damage|p1b: Incineroar|0 fnt
|-heal|p2b: Annihilape|74/100 tox|[from] drain|[of] p1b: Incineroar
|faint|p1b: Incineroar
|
|-heal|p1a: Toxapex|28/100|[from] item: Leftovers
|-damage|p2a: Farigiraf|93/100 tox|[from] psn
|-damage|p2b: Annihilape|50/100g tox|[from] psn
|upkeep
|inactive|Broey_jiggs has 30 seconds left.
|
|t:|1784671549
|switch|p1b: Gengar|Gengar-Mega, L50, F|100/100
|turn|17
|inactive|Broey_jiggs has 25 seconds left this turn.
|inactive|Broey_jiggs has 20 seconds left.
|
|t:|1784671564
|switch|p2b: Houndoom|Houndoom-Mega, L50, M|1/100
|move|p1a: Toxapex|Baneful Bunker|p1a: Toxapex
|-singleturn|p1a: Toxapex|move: Protect
|move|p1b: Gengar|Protect|p1b: Gengar
|-singleturn|p1b: Gengar|Protect
|move|p2a: Farigiraf|Psychic|p1a: Toxapex
|-activate|p1a: Toxapex|move: Protect
|
|-heal|p1a: Toxapex|34/100|[from] item: Leftovers
|-damage|p2a: Farigiraf|81/100 tox|[from] psn
|upkeep
|turn|18
|inactive|Broey_jiggs has 20 seconds left this turn.
|inactive|Broey_jiggs has 15 seconds left.
|inactive|Broey_jiggs has 10 seconds left.
|inactive|Broey_jiggs has 5 seconds left.
|
|t:|1784671583
|move|p1a: Toxapex|Infestation|p2b: Houndoom
|-damage|p2b: Houndoom|0 fnt
|faint|p2b: Houndoom
|move|p2a: Farigiraf|Psychic|p1a: Toxapex
|-supereffective|p1a: Toxapex|1
|-damage|p1a: Toxapex|1/100
|move|p1b: Gengar|Perish Song|p1b: Gengar
|-start|p1a: Toxapex|perish3|[silent]
|-start|p1b: Gengar|perish3|[silent]
|-start|p2a: Farigiraf|perish3|[silent]
|-fieldactivate|move: Perish Song
|
|-heal|p1a: Toxapex|6/100|[from] item: Leftovers
|-damage|p2a: Farigiraf|62/100 tox|[from] psn
|-start|p1a: Toxapex|perish3
|-start|p2a: Farigiraf|perish3
|-start|p1b: Gengar|perish3
|-fieldend|move: Trick Room
|upkeep
|inactive|thebeast4895 has 30 seconds left.
|
|t:|1784671601
|switch|p2b: Whimsicott|Whimsicott, L50, F|63/100
|turn|19
|inactive|Broey_jiggs has 5 seconds left this turn.
|inactive|thebeast4895 has 30 seconds left this turn.
|-message|Broey_jiggs lost due to inactivity.
|
|win|thebeast4895
|raw|Broey_jiggs's rating: 1103 → 1082(-21 for losing)
|raw|thebeast4895's rating: 1154 → 1175(+21 for winning)
|l|☆Broey_jiggs
|player|p1|
