|j|☆jiggyjagga
|j|☆cheesebiscuit12
|html|jiggyjaggacheesebiscuit12    
|uhtml|bestof|Game 1 of a best-of-3
|t:|1784610459
|gametype|doubles
|player|p1|jiggyjagga|102|
|player|p2|cheesebiscuit12|1|
|gen|9
|tier|[Gen 9 Champions] VGC 2026 Reg M-B (Bo3)
|rule|Species Clause: Limit one of each Pokémon
|rule|Item Clause: Limit 1 of each item
|clearpoke
|poke|p1|Floette-Eternal, L50, F|
|poke|p1|Incineroar, L50, M, shiny|
|poke|p1|Kingambit, L50, M, shiny|
|poke|p1|Gholdengo, L50, shiny|
|poke|p1|Wyrdeer, L50, F, shiny|
|poke|p1|Lucario, L50, M, shiny|
|poke|p2|Gardevoir, L50, M|
|poke|p2|Metagross, L50|
|poke|p2|Whimsicott, L50, F|
|poke|p2|Arcanine, L50, F|
|poke|p2|Golurk, L50|
|poke|p2|Garganacl, L50, M|
|teampreview|4
|showteam|p1|Floette-Eternal||Floettite|FlowerVeil|LightofRuin,DazzlingGleam,Moonblast,Protect|Modest||F|||50|]Incineroar||SitrusBerry|Intimidate|FakeOut,PartingShot,FlareBlitz,HelpingHand|Adamant||M|||50|]Kingambit||ChopleBerry|Defiant|KowtowCleave,IronHead,Protect,SuckerPunch|Adamant||M|||50|]Gholdengo||MetalCoat|GoodasGold|MakeItRain,ShadowBall,NastyPlot,Protect|Modest|||||50|]Wyrdeer||Leftovers|Intimidate|PsyshieldBash,TrickRoom,HighHorsepower,Protect|Sassy||F|||50|]Lucario||LifeOrb|InnerFocus|AuraSphere,VacuumWave,Detect,Coaching|Timid||M|||50|
|showteam|p2|Gardevoir||Gardevoirite|Telepathy|HyperVoice,Protect,Psyshock,CalmMind|Timid||M|||50|]Metagross||ExpertBelt|ClearBody|MeteorMash,IcePunch,Earthquake,BulletPunch|Adamant|||||50|]Whimsicott||FocusSash|Prankster|Moonblast,Tailwind,Protect,BeatUp|Relaxed||F|||50|]Arcanine||Charcoal|Justified|FlareBlitz,ExtremeSpeed,CloseCombat,RagingFury|Hasty||F|||50|]Golurk||ColburBerry|NoGuard|StealthRock,Earthquake,Poltergeist,IcePunch|Adamant|||||50|]Garganacl||Leftovers|PurifyingSalt|StealthRock,SaltCure,Explosion,Protect|Impish||M|||50|
|
|t:|1784610477
|teamsize|p1|4
|teamsize|p2|4
|start
|switch|p1a: Incineroar|Incineroar, L50, M, shiny|100/100
|switch|p1b: Gholdengo|Gholdengo, L50, shiny|100/100
|switch|p2a: Gardevoir|Gardevoir, L50, M|100/100
|switch|p2b: Metagross|Metagross, L50|100/100
|-ability|p1a: Incineroar|Intimidate|boost
|-unboost|p2a: Gardevoir|atk|1
|-fail|p2b: Metagross|unboost|[from] ability: Clear Body|[of] p2b: Metagross
|turn|1
|
|t:|1784610510
|switch|p2b: Arcanine|Arcanine, L50, F|100/100
|detailschange|p2a: Gardevoir|Gardevoir-Mega, L50, M
|-mega|p2a: Gardevoir|Gardevoir|Gardevoirite
|move|p1a: Incineroar|Fake Out|p2b: Arcanine
|-damage|p2b: Arcanine|80/100
|move|p2a: Gardevoir|Calm Mind|p2a: Gardevoir
|-boost|p2a: Gardevoir|spa|1
|-boost|p2a: Gardevoir|spd|1
|move|p1b: Gholdengo|Make It Rain|p2a: Gardevoir|[spread] p2a,p2b
|-supereffective|p2a: Gardevoir|1
|-resisted|p2b: Arcanine|1
|-crit|p2b: Arcanine
|-damage|p2a: Gardevoir|18/100
|-damage|p2b: Arcanine|22/100
|-unboost|p1b: Gholdengo|spa|2
|
|upkeep
|turn|2
|
|t:|1784610552
|switch|p1b: Kingambit|Kingambit, L50, M, shiny|100/100
|move|p2a: Gardevoir|Hyper Voice|p1a: Incineroar|[spread] p1a,p1b
|-damage|p1a: Incineroar|33/100
|-damage|p1b: Kingambit|28/100
|-enditem|p1a: Incineroar|Sitrus Berry|[eat]
|-heal|p1a: Incineroar|57/100|[from] item: Sitrus Berry
|move|p2b: Arcanine|Flare Blitz|p1b: Kingambit
|-supereffective|p1b: Kingambit|1
|-damage|p1b: Kingambit|0 fnt
|faint|p1b: Kingambit
|-damage|p2b: Arcanine|10/100|[from] Recoil
|move|p1a: Incineroar|Parting Shot|p2b: Arcanine
|-unboost|p2b: Arcanine|atk|1
|-unboost|p2b: Arcanine|spa|1
|
|t:|1784610567
|switch|p1a: Gholdengo|Gholdengo, L50, shiny|100/100|[from] Parting Shot
|
|upkeep
|
|t:|1784610572
|switch|p1b: Floette|Floette-Eternal, L50, F|100/100
|turn|3
|
|t:|1784610592
|detailschange|p1b: Floette|Floette-Mega, L50, F
|-mega|p1b: Floette|Floette|Floettite
|-ability|p1b: Floette|Fairy Aura
|move|p1a: Gholdengo|Protect|p1a: Gholdengo
|-singleturn|p1a: Gholdengo|Protect
|move|p2a: Gardevoir|Psyshock|p1b: Floette
|-damage|p1b: Floette|9/100
|move|p2b: Arcanine|Flare Blitz|p1a: Gholdengo
|-activate|p1a: Gholdengo|move: Protect
|move|p1b: Floette|Dazzling Gleam|p2a: Gardevoir|[spread] p2a,p2b
|-resisted|p2b: Arcanine|1
|-damage|p2a: Gardevoir|0 fnt
|-damage|p2b: Arcanine|0 fnt
|faint|p2a: Gardevoir
|faint|p2b: Arcanine
|
|upkeep
|
|t:|1784610610
|switch|p2a: Whimsicott|Whimsicott, L50, F|100/100
|switch|p2b: Metagross|Metagross, L50|100/100
|turn|4
|
|t:|1784610631
|move|p2a: Whimsicott|Protect|p2a: Whimsicott
|-singleturn|p2a: Whimsicott|Protect
|move|p1b: Floette|Light of Ruin|p2a: Whimsicott
|-activate|p2a: Whimsicott|move: Protect
|move|p1a: Gholdengo|Shadow Ball|p2b: Metagross
|-supereffective|p2b: Metagross|1
|-damage|p2b: Metagross|6/100
|move|p2b: Metagross|Earthquake|p1a: Gholdengo|[spread] p1a,p1b
|-activate|p2a: Whimsicott|move: Protect
|-supereffective|p1a: Gholdengo|1
|-damage|p1a: Gholdengo|37/100
|-damage|p1b: Floette|0 fnt
|faint|p1b: Floette
|
|upkeep
|
|t:|1784610645
|switch|p1b: Incineroar|Incineroar, L50, M, shiny|57/100
|-ability|p1b: Incineroar|Intimidate|boost
|-unboost|p2a: Whimsicott|atk|1
|-fail|p2b: Metagross|unboost|[from] ability: Clear Body|[of] p2b: Metagross
|turn|5
|
|t:|1784610672
|move|p1b: Incineroar|Fake Out|p2a: Whimsicott
|-damage|p2a: Whimsicott|87/100
|move|p2b: Metagross|Bullet Punch|p1a: Gholdengo
|-resisted|p1a: Gholdengo|1
|-damage|p1a: Gholdengo|26/100
|cant|p2a: Whimsicott|flinch
|move|p1a: Gholdengo|Make It Rain|p2a: Whimsicott|[spread] p2b
|-miss|p1a: Gholdengo|p2a: Whimsicott
|-resisted|p2b: Metagross|1
|-damage|p2b: Metagross|0 fnt
|-unboost|p1a: Gholdengo|spa|2
|faint|p2b: Metagross
|
|upkeep
|turn|6
|
|t:|1784610690
|move|p2a: Whimsicott|Moonblast|p1b: Incineroar
|-damage|p1b: Incineroar|32/100
|move|p1a: Gholdengo|Make It Rain|p2a: Whimsicott
|-supereffective|p2a: Whimsicott|1
|-damage|p2a: Whimsicott|0 fnt
|-unboost|p1a: Gholdengo|spa|2
|faint|p2a: Whimsicott
|
|win|jiggyjagga
||jiggyjagga is ready for game 2.
||cheesebiscuit12 is ready for game 2.
|uhtml|next|Next: Game 2 of 3
