|j|☆LukarioVGC
|j|☆Skyline67
|html|LukarioVGCSkyline67    
|uhtml|bestof|Game 2 of a best-of-3
|t:|1756922013
|gametype|doubles
|player|p1|LukarioVGC|cynthia-gen4|
|player|p2|Skyline67|cynthia|
|gen|9
|tier|[Gen 9] VGC 2025 Reg H (Bo3)
|rule|Species Clause: Limit one of each Pokémon
|rule|Item Clause: Limit 1 of each item
|clearpoke
|poke|p1|Sneasler, L50, F|
|poke|p1|Kingambit, L50, M|
|poke|p1|Rillaboom, L50, F|
|poke|p1|Dragonite, L50, M|
|poke|p1|Volcarona, L50, F|
|poke|p1|Sinistcha, L50|
|poke|p2|Sneasler, L50, M|
|poke|p2|Kingambit, L50, M|
|poke|p2|Rillaboom, L50, M|
|poke|p2|Baxcalibur, L50, F|
|poke|p2|Volcarona, L50, F|
|poke|p2|Palafin, L50, M|
|teampreview|4
|showteam|p1|Sneasler||FocusSash|Unburden|DireClaw,CloseCombat,Coaching,FakeOut|||F|||50|,,,,,Ghost]Kingambit||BlackGlasses|Defiant|KowtowCleave,SwordsDance,SuckerPunch,Protect|||M|||50|,,,,,Dark]Rillaboom||AssaultVest|GrassySurge|FakeOut,WoodHammer,GrassyGlide,HighHorsepower|||F|||50|,,,,,Fire]Dragonite||LoadedDice|Multiscale|ScaleShot,ExtremeSpeed,Haze,Protect|||M|||50|,,,,,Fairy]Volcarona||CovertCloak|FlameBody|HeatWave,TeraBlast,QuiverDance,Protect|||F|||50|,,,,,Fairy]Sinistcha||SitrusBerry|Hospitality|MatchaGotcha,LifeDew,RagePowder,TrickRoom||||||50|,,,,,Dark
|showteam|p2|Sneasler||FocusSash|PoisonTouch|Protect,Coaching,DireClaw,CloseCombat|||M|||50|,,,,,Stellar]Kingambit||SafetyGoggles|Defiant|Protect,SwordsDance,KowtowCleave,SuckerPunch|||M|||50|,,,,,Ghost]Rillaboom||AssaultVest|GrassySurge|FakeOut,GrassyGlide,HighHorsepower,WoodHammer|||M|||50|,,,,,Water]Baxcalibur||LoadedDice|ThermalExchange|Protect,IceShard,ScaleShot,IcicleSpear|||F|||50|,,,,,Ghost]Volcarona||SitrusBerry|FlameBody|StruggleBug,RagePowder,Overheat,Tailwind|||F|||50|,,,,,Grass]Palafin||ClearAmulet|ZerotoHero|WaveCrash,Haze,Protect,JetPunch|||M|||50|,,,,,Grass
|
|t:|1756922099
|teamsize|p1|4
|teamsize|p2|4
|start
|switch|p1a: Volcarona|Volcarona, L50, F|100/100
|switch|p1b: Sneasler|Sneasler, L50, F|100/100
|switch|p2a: Palafin|Palafin, L50, M|100/100
|switch|p2b: Baxcalibur|Baxcalibur, L50, F|100/100
|turn|1
|
|t:|1756922126
|switch|p2b: Volcarona|Volcarona, L50, F|100/100
|move|p1b: Sneasler|Fake Out|p2b: Volcarona
|-damage|p2b: Volcarona|83/100
|move|p2a: Palafin|Wave Crash|p1a: Volcarona
|-supereffective|p1a: Volcarona
|-damage|p1a: Volcarona|13/100
|-status|p2a: Palafin|brn|[from] ability: Flame Body|[of] p1a: Volcarona
|-damage|p2a: Palafin|72/100 brn|[from] Recoil
|move|p1a: Volcarona|Quiver Dance|p1a: Volcarona
|-boost|p1a: Volcarona|spa|1
|-boost|p1a: Volcarona|spd|1
|-boost|p1a: Volcarona|spe|1
|
|-damage|p2a: Palafin|66/100 brn|[from] brn
|upkeep
|turn|2
|
|t:|1756922155
|move|p2a: Palafin|Protect|p2a: Palafin
|-singleturn|p2a: Palafin|Protect
|move|p1a: Volcarona|Heat Wave|p2b: Volcarona|[spread] p2b
|-activate|p2a: Palafin|move: Protect
|-damage|p2b: Volcarona|35/100
|-enditem|p2b: Volcarona|Sitrus Berry|[eat]
|-heal|p2b: Volcarona|60/100|[from] item: Sitrus Berry
|move|p1b: Sneasler|Dire Claw|p2b: Volcarona
|-damage|p2b: Volcarona|15/100
|-status|p2b: Volcarona|par
|move|p2b: Volcarona|Tailwind|p2b: Volcarona
|-sidestart|p2: Skyline67|move: Tailwind
|
|-damage|p2a: Palafin|60/100 brn|[from] brn
|upkeep
|turn|3
|
|t:|1756922193
|move|p1a: Volcarona|Protect|p1a: Volcarona
|-singleturn|p1a: Volcarona|Protect
|move|p2a: Palafin|Wave Crash|p1b: Sneasler
|-damage|p1b: Sneasler|63/100
|-damage|p2a: Palafin|50/100 brn|[from] Recoil
|move|p1b: Sneasler|Close Combat|p2a: Palafin
|-damage|p2a: Palafin|0 fnt
|-unboost|p1b: Sneasler|def|1
|-unboost|p1b: Sneasler|spd|1
|faint|p2a: Palafin
|move|p2b: Volcarona|Overheat|p1a: Volcarona
|-activate|p1a: Volcarona|move: Protect
|
|upkeep
|
|t:|1756922208
|switch|p2a: Baxcalibur|Baxcalibur, L50, F|100/100
|turn|4
|
|t:|1756922238
|-terastallize|p2a: Baxcalibur|Ghost
|move|p2a: Baxcalibur|Icicle Spear|p1a: Volcarona
|-resisted|p1a: Volcarona
|-damage|p1a: Volcarona|4/100
|-resisted|p1a: Volcarona
|-damage|p1a: Volcarona|0 fnt
|faint|p1a: Volcarona
|-hitcount|p1: Volcarona|2
|move|p1b: Sneasler|Dire Claw|p2a: Baxcalibur
|-resisted|p2a: Baxcalibur
|-damage|p2a: Baxcalibur|80/100
|move|p2b: Volcarona|Overheat|p1b: Sneasler
|-damage|p1b: Sneasler|0 fnt
|-unboost|p2b: Volcarona|spa|2
|faint|p1b: Sneasler
|
|upkeep
|
|t:|1756922252
|switch|p1b: Kingambit|Kingambit, L50, M|100/100
|switch|p1a: Rillaboom|Rillaboom, L50, F|100/100
|-fieldstart|move: Grassy Terrain|[from] ability: Grassy Surge|[of] p1a: Rillaboom
|turn|5
|
|t:|1756922296
|-terastallize|p1a: Rillaboom|Fire
|move|p1b: Kingambit|Protect|p1b: Kingambit
|-singleturn|p1b: Kingambit|Protect
|move|p2b: Volcarona|Rage Powder|p2b: Volcarona
|-singleturn|p2b: Volcarona|move: Rage Powder
|move|p2a: Baxcalibur|Scale Shot|p1a: Rillaboom
|-damage|p1a: Rillaboom|86/100
|-damage|p1a: Rillaboom|71/100
|-damage|p1a: Rillaboom|58/100
|-damage|p1a: Rillaboom|42/100
|-hitcount|p1a: Rillaboom|4
|-unboost|p2a: Baxcalibur|def|1
|-boost|p2a: Baxcalibur|spe|1
|move|p1a: Rillaboom|Wood Hammer|p2b: Volcarona
|-resisted|p2b: Volcarona
|-damage|p2b: Volcarona|0 fnt
|faint|p2b: Volcarona
|-damage|p1a: Rillaboom|38/100|[from] Recoil
|
|-heal|p2a: Baxcalibur|86/100|[from] Grassy Terrain
|-heal|p1a: Rillaboom|43/100|[from] Grassy Terrain
|-sideend|p2: Skyline67|move: Tailwind
|upkeep
|
|t:|1756922315
|switch|p2b: Rillaboom|Rillaboom, L50, M|100/100
|turn|6
|
|t:|1756922350
|move|p2b: Rillaboom|Fake Out|p1b: Kingambit
|-resisted|p1b: Kingambit
|-damage|p1b: Kingambit|95/100
|move|p2a: Baxcalibur|Scale Shot|p1a: Rillaboom
|-damage|p1a: Rillaboom|29/100
|-damage|p1a: Rillaboom|15/100
|-damage|p1a: Rillaboom|0 fnt
|faint|p1a: Rillaboom
|-hitcount|p1: Rillaboom|3
|-unboost|p2a: Baxcalibur|def|1
|-boost|p2a: Baxcalibur|spe|1
|cant|p1b: Kingambit|flinch
|
|-heal|p2a: Baxcalibur|93/100|[from] Grassy Terrain
|-heal|p1b: Kingambit|100/100|[from] Grassy Terrain
|upkeep
|turn|7
|
|t:|1756922367
|move|p2a: Baxcalibur|Protect|p2a: Baxcalibur
|-singleturn|p2a: Baxcalibur|Protect
|move|p2b: Rillaboom|High Horsepower|p1b: Kingambit
|-supereffective|p1b: Kingambit
|-damage|p1b: Kingambit|48/100
|move|p1b: Kingambit|Swords Dance|p1b: Kingambit
|-boost|p1b: Kingambit|atk|2
|
|-heal|p2a: Baxcalibur|99/100|[from] Grassy Terrain
|-heal|p1b: Kingambit|54/100|[from] Grassy Terrain
|upkeep
|turn|8
|
|t:|1756922382
|move|p2a: Baxcalibur|Ice Shard|p1b: Kingambit
|-resisted|p1b: Kingambit
|-damage|p1b: Kingambit|45/100
|move|p1b: Kingambit|Sucker Punch|p2b: Rillaboom
|-damage|p2b: Rillaboom|5/100
|move|p2b: Rillaboom|High Horsepower|p1b: Kingambit
|-supereffective|p1b: Kingambit
|-damage|p1b: Kingambit|0 fnt
|faint|p1b: Kingambit
|
|win|Skyline67
|c|☆Skyline67|gg
|c|☆LukarioVGC|ggs
