|j|☆SwaglessBozo
|j|☆bellytelevision
|html|SwaglessBozobellytelevision    
|uhtml|bestof|Game 1 of a best-of-3
|t:|1785181980
|gametype|doubles
|player|p1|SwaglessBozo|169|1179
|player|p2|bellytelevision|dawn|1184
|gen|9
|tier|[Gen 9 Champions] VGC 2026 Reg M-B (Bo3)
|rated|
|rule|Species Clause: Limit one of each Pokémon
|rule|Item Clause: Limit 1 of each item
|clearpoke
|poke|p1|Raichu, L50, M|
|poke|p1|Mamoswine, L50, F|
|poke|p1|Whimsicott, L50, M|
|poke|p1|Staraptor, L50, M|
|poke|p1|Volcarona, L50, M|
|poke|p1|Farigiraf, L50, F|
|poke|p2|Venusaur, L50, M, shiny|
|poke|p2|Sinistcha, L50|
|poke|p2|Pelipper, L50, F|
|poke|p2|Archaludon, L50, M, shiny|
|poke|p2|Sableye, L50, F, shiny|
|poke|p2|Kingambit, L50, M|
|teampreview|4
|showteam|p1|Raichu||RaichuniteX|LightningRod|Encore,KnockOff,FakeOut,VoltTackle|Jolly||M|||50|]Mamoswine||LifeOrb|Oblivious|IceShard,RockSlide,HighHorsepower,Protect|Adamant||F|||50|]Whimsicott||FocusSash|Prankster|Moonblast,Protect,Charm,Tailwind|Timid||M|||50|]Staraptor||Staraptite|Intimidate|CloseCombat,BraveBird,Roost,Protect|Jolly||M|||50|]Volcarona||PasshoBerry|FlameBody|QuiverDance,RagePowder,HeatWave,GigaDrain|Timid||M|||50|]Farigiraf||ColburBerry|ArmorTail|Psychic,TrickRoom,Thunderbolt,HelpingHand|Mild||F|||50|
|showteam|p2|Venusaur||Venusaurite|Chlorophyll|GigaDrain,SludgeBomb,Protect,EarthPower|Modest||M|||50|]Sinistcha||ColburBerry|Hospitality|RagePowder,MatchaGotcha,LifeDew,TrickRoom|Sassy|||||50|]Pelipper||SitrusBerry|Drizzle|Tailwind,Hurricane,WeatherBall,WideGuard|Bold||F|||50|]Archaludon||Leftovers|Stamina|ElectroShot,FlashCannon,DragonPulse,Protect|Modest||M|||50|]Sableye||LightClay|Prankster|RainDance,Reflect,LightScreen,WillOWisp|Sassy||F|||50|]Kingambit||BlackGlasses|Defiant|SuckerPunch,KowtowCleave,IronHead,Protect|Adamant||M|||50|
|
|t:|1785182040
|teamsize|p1|4
|teamsize|p2|4
|start
|switch|p1a: Whimsicott|Whimsicott, L50, M|100/100
|switch|p1b: Staraptor|Staraptor, L50, M|100/100
|switch|p2a: Kingambit|Kingambit, L50, M|100/100
|switch|p2b: Pelipper|Pelipper, L50, F|100/100
|-ability|p1b: Staraptor|Intimidate|boost
|-unboost|p2a: Kingambit|atk|1
|-ability|p2a: Kingambit|Defiant|boost
|-boost|p2a: Kingambit|atk|2
|-unboost|p2b: Pelipper|atk|1
|-weather|RainDance|[from] ability: Drizzle|[of] p2b: Pelipper
|turn|1
|
|t:|1785182064
|detailschange|p1b: Staraptor|Staraptor-Mega, L50, M
|-mega|p1b: Staraptor|Staraptor|Staraptite
|move|p2a: Kingambit|Protect|p2a: Kingambit
|-singleturn|p2a: Kingambit|Protect
|move|p1a: Whimsicott|Tailwind|p1a: Whimsicott
|-sidestart|p1: SwaglessBozo|move: Tailwind
|move|p1b: Staraptor|Close Combat|p2b: Pelipper
|-resisted|p2b: Pelipper|1
|-damage|p2b: Pelipper|71/100
|-boost|p1b: Staraptor|def|1
|-boost|p1b: Staraptor|spd|1
|move|p2b: Pelipper|Tailwind|p2b: Pelipper
|-sidestart|p2: bellytelevision|move: Tailwind
|
|-weather|RainDance|[upkeep]
|upkeep
|turn|2
|
|t:|1785182090
|move|p1a: Whimsicott|Charm|p1b: Staraptor
|-boost|p1b: Staraptor|atk|2
|move|p2a: Kingambit|Sucker Punch|p1b: Staraptor
|-resisted|p1b: Staraptor|1
|-damage|p1b: Staraptor|78/100
|move|p1b: Staraptor|Close Combat|p2b: Pelipper
|-resisted|p2b: Pelipper|1
|-damage|p2b: Pelipper|22/100
|-boost|p1b: Staraptor|def|1
|-boost|p1b: Staraptor|spd|1
|-enditem|p2b: Pelipper|Sitrus Berry|[eat]
|-heal|p2b: Pelipper|46/100|[from] item: Sitrus Berry
|move|p2b: Pelipper|Hurricane|p1b: Staraptor
|-supereffective|p1b: Staraptor|1
|-damage|p1b: Staraptor|43/100
|
|-weather|RainDance|[upkeep]
|upkeep
|turn|3
|
|t:|1785182112
|switch|p2b: Sableye|Sableye, L50, F, shiny|100/100
|move|p1a: Whimsicott|Moonblast|p2b: Sableye
|-supereffective|p2b: Sableye|1
|-damage|p2b: Sableye|19/100
|move|p1b: Staraptor|Roost|p1b: Staraptor
|-heal|p1b: Staraptor|93/100
|-singleturn|p1b: Staraptor|move: Roost
|move|p2a: Kingambit|Kowtow Cleave|p1b: Staraptor
|-resisted|p1b: Staraptor|1
|-damage|p1b: Staraptor|71/100
|
|-weather|RainDance|[upkeep]
|upkeep
|turn|4
|
|t:|1785182132
|move|p1b: Staraptor|Protect|p1b: Staraptor
|-singleturn|p1b: Staraptor|Protect
|move|p2b: Sableye|Will-O-Wisp|p1b: Staraptor
|-activate|p1b: Staraptor|move: Protect
|move|p1a: Whimsicott|Moonblast|p2b: Sableye
|-supereffective|p2b: Sableye|1
|-damage|p2b: Sableye|0 fnt
|faint|p2b: Sableye
|move|p2a: Kingambit|Iron Head|p1a: Whimsicott
|-supereffective|p1a: Whimsicott|1
|-enditem|p1a: Whimsicott|Focus Sash
|-damage|p1a: Whimsicott|1/100
|
|-weather|RainDance|[upkeep]
|-sideend|p2: bellytelevision|move: Tailwind
|-sideend|p1: SwaglessBozo|move: Tailwind
|upkeep
|
|t:|1785182149
|switch|p2b: Sinistcha|Sinistcha, L50|100/100
|turn|5
|
|t:|1785182170
|switch|p2b: Pelipper|Pelipper, L50, F|46/100
|move|p1a: Whimsicott|Tailwind|p1a: Whimsicott
|-sidestart|p1: SwaglessBozo|move: Tailwind
|move|p1b: Staraptor|Brave Bird|p2b: Pelipper
|-damage|p2b: Pelipper|0 fnt
|faint|p2b: Pelipper
|-damage|p1b: Staraptor|58/100|[from] Recoil
|move|p2a: Kingambit|Iron Head|p1a: Whimsicott
|-supereffective|p1a: Whimsicott|1
|-damage|p1a: Whimsicott|0 fnt
|faint|p1a: Whimsicott
|
|-weather|none
|upkeep
|
|t:|1785182183
|switch|p1a: Volcarona|Volcarona, L50, M|100/100
|switch|p2b: Sinistcha|Sinistcha, L50|100/100
|turn|6
|
|t:|1785182194
|move|p1b: Staraptor|Brave Bird|p2b: Sinistcha
|-supereffective|p2b: Sinistcha|1
|-damage|p2b: Sinistcha|0 fnt
|faint|p2b: Sinistcha
|-damage|p1b: Staraptor|28/100|[from] Recoil
|move|p1a: Volcarona|Heat Wave|p2a: Kingambit
|-supereffective|p2a: Kingambit|1
|-damage|p2a: Kingambit|13/100
|move|p2a: Kingambit|Kowtow Cleave|p1a: Volcarona
|-damage|p1a: Volcarona|14/100
|-status|p2a: Kingambit|brn|[from] ability: Flame Body|[of] p1a: Volcarona
|
|-damage|p2a: Kingambit|7/100 brn|[from] brn
|upkeep
|turn|7
|-message|bellytelevision forfeited.
|
|win|SwaglessBozo
|l|☆bellytelevision
|player|p2|
||bellytelevision is ready for game 2.
||SwaglessBozo is ready for game 2.
|uhtml|next|Next: Game 2 of 3
|j|☆bellytelevision
|player|p2|bellytelevision|dawn|
