|j|☆DondozoPlease
|j|☆RoccoByleth
|html|DondozoPleaseRoccoByleth    
|uhtml|bestof|Game 1 of a best-of-3
|t:|1757692552
|gametype|doubles
|player|p1|DondozoPlease|101|1214
|player|p2|RoccoByleth|blaine|1079
|gen|9
|tier|[Gen 9] VGC 2025 Reg H (Bo3)
|rated|
|rule|Species Clause: Limit one of each Pokémon
|rule|Item Clause: Limit 1 of each item
|clearpoke
|poke|p1|Jumpluff, L50, M|
|poke|p1|Torkoal, L50, M|
|poke|p1|Typhlosion-Hisui, L50, M|
|poke|p1|Garchomp, L50, F|
|poke|p1|Dragonite, L50, M|
|poke|p1|Kingambit, L50, F|
|poke|p2|Annihilape, L50, F|
|poke|p2|Archaludon, L50, F|
|poke|p2|Electrode-Hisui, L50|
|poke|p2|Pelipper, L50, F|
|poke|p2|Incineroar, L50, F|
|poke|p2|Clefairy, L50, M|
|teampreview|4
|showteam|p1|Jumpluff||CovertCloak|Chlorophyll|LeafStorm,SleepPowder,Encore,Tailwind|||M|||50|,,,,,Poison]Torkoal||EjectPack|Drought|Overheat,BurningJealousy,HelpingHand,Protect|||M|||50|,,,,,Flying]Typhlosion-Hisui||ChoiceSpecs|Blaze|Eruption,ShadowBall,HeatWave,Flamethrower|||M|||50|,,,,,Fire]Garchomp||LifeOrb|RoughSkin|DragonClaw,StompingTantrum,Earthquake,Protect|||F|||50|,,,,,Steel]Dragonite||LoadedDice|Multiscale|ExtremeSpeed,ScaleShot,IceSpinner,Protect|||M|||50|,,,,,Fairy]Kingambit||AssaultVest|Defiant|IronHead,SuckerPunch,KowtowCleave,LowKick|||F|||50|,,,,,Flying
|showteam|p2|Annihilape||SafetyGoggles|Defiant|RageFist,DrainPunch,BulkUp,Protect|||F|||50|,,,,,Grass]Archaludon||AssaultVest|Stamina|BodyPress,ElectroShot,FlashCannon,DragonPulse|||F|||50|,,,,,Bug]Electrode-Hisui||LoadedDice|Soundproof|Electroweb,BulletSeed,ThunderWave,Taunt||||||50|,,,,,Ghost]Pelipper||FocusSash|Drizzle|Tailwind,WeatherBall,Hurricane,Protect|||F|||50|,,,,,Ghost]Incineroar||SitrusBerry|Intimidate|FakeOut,PartingShot,KnockOff,WillOWisp|||F|||50|,,,,,Grass]Clefairy||Eviolite|FriendGuard|FollowMe,AfterYou,HealPulse,HelpingHand|||M|||50|,,,,,Ghost
|
|t:|1757692607
|teamsize|p1|4
|teamsize|p2|4
|start
|switch|p1a: Jumpluff|Jumpluff, L50, M|100/100
|switch|p1b: Torkoal|Torkoal, L50, M, shiny|100/100
|switch|p2a: Annihilape|Annihilape, L50, F, shiny|100/100
|switch|p2b: Electrode|Electrode-Hisui, L50, shiny|100/100
|-weather|SunnyDay|[from] ability: Drought|[of] p1b: Torkoal
|turn|1
|
|t:|1757692655
|move|p1a: Jumpluff|Tailwind|p1a: Jumpluff
|-sidestart|p1: DondozoPlease|move: Tailwind
|move|p2b: Electrode|Bullet Seed|p2a: Annihilape
|-damage|p2a: Annihilape|95/100
|-damage|p2a: Annihilape|89/100
|-damage|p2a: Annihilape|83/100
|-damage|p2a: Annihilape|77/100
|-damage|p2a: Annihilape|70/100
|-hitcount|p2a: Annihilape|5
|move|p2a: Annihilape|Rage Fist|p1b: Torkoal
|-damage|p1b: Torkoal|0 fnt
|faint|p1b: Torkoal
|
|-weather|SunnyDay|[upkeep]
|upkeep
|
|t:|1757692669
|switch|p1b: Typhlosion|Typhlosion-Hisui, L50, M, shiny|100/100
|turn|2
|
|t:|1757692707
|switch|p2b: Pelipper|Pelipper, L50, F, shiny|100/100
|-weather|RainDance|[from] ability: Drizzle|[of] p2b: Pelipper
|-terastallize|p1b: Typhlosion|Fire
|move|p2a: Annihilape|Protect|p2a: Annihilape
|-singleturn|p2a: Annihilape|Protect
|move|p1a: Jumpluff|Encore||[still]
|-fail|p1a: Jumpluff
|move|p1b: Typhlosion|Heat Wave|p2b: Pelipper|[spread] p2b
|-activate|p2a: Annihilape|move: Protect
|-resisted|p2b: Pelipper
|-damage|p2b: Pelipper|68/100
|
|-weather|RainDance|[upkeep]
|upkeep
|turn|3
|
|t:|1757692761
|switch|p1b: Dragonite|Dragonite, L50, M|100/100
|move|p2b: Pelipper|Protect|p2b: Pelipper
|-singleturn|p2b: Pelipper|Protect
|move|p1a: Jumpluff|Encore|p2a: Annihilape
|-start|p2a: Annihilape|Encore
|move|p2a: Annihilape|Protect||[still]
|-fail|p2a: Annihilape
|
|-weather|RainDance|[upkeep]
|upkeep
|turn|4
|
|t:|1757692789
|switch|p2b: Electrode|Electrode-Hisui, L50, shiny|100/100
|move|p2a: Annihilape|Protect|p2a: Annihilape
|-singleturn|p2a: Annihilape|Protect
|move|p1a: Jumpluff|Encore||[still]
|-fail|p1a: Jumpluff
|move|p1b: Dragonite|Scale Shot|p2a: Annihilape
|-activate|p2a: Annihilape|move: Protect
|
|-weather|RainDance|[upkeep]
|-sideend|p1: DondozoPlease|move: Tailwind
|upkeep
|turn|5
|
|t:|1757692809
|switch|p2a: Archaludon|Archaludon, L50, F|100/100
|move|p2b: Electrode|Taunt|p1a: Jumpluff
|-start|p1a: Jumpluff|move: Taunt
|cant|p1a: Jumpluff|move: Taunt|Tailwind
|move|p1b: Dragonite|Scale Shot|p2b: Electrode
|-damage|p2b: Electrode|78/100
|-damage|p2b: Electrode|55/100
|-damage|p2b: Electrode|32/100
|-damage|p2b: Electrode|6/100
|-damage|p2b: Electrode|0 fnt
|faint|p2b: Electrode
|-hitcount|p2: Electrode|5
|-unboost|p1b: Dragonite|def|1
|-boost|p1b: Dragonite|spe|1
|
|-weather|RainDance|[upkeep]
|upkeep
|
|t:|1757692833
|switch|p2b: Annihilape|Annihilape, L50, F, shiny|70/100
|turn|6
|
|t:|1757692868
|switch|p1a: Typhlosion|Typhlosion-Hisui, L50, M, shiny, tera:Fire|100/100
|move|p1b: Dragonite|Protect|p1b: Dragonite
|-singleturn|p1b: Dragonite|Protect
|move|p2b: Annihilape|Rage Fist|p1a: Typhlosion
|-damage|p1a: Typhlosion|0 fnt
|faint|p1a: Typhlosion
|move|p2a: Archaludon|Dragon Pulse|p1b: Dragonite
|-activate|p1b: Dragonite|move: Protect
|
|-weather|none
|upkeep
|
|t:|1757692876
|switch|p1a: Jumpluff|Jumpluff, L50, M|100/100
|turn|7
|inactive|Battle timer is ON: inactive players will automatically lose when time's up. (requested by DondozoPlease)
|
|t:|1757692902
|move|p1b: Dragonite|Scale Shot|p2b: Annihilape
|-damage|p2b: Annihilape|52/100
|-damage|p2b: Annihilape|36/100
|-damage|p2b: Annihilape|19/100
|-damage|p2b: Annihilape|1/100
|-hitcount|p2b: Annihilape|4
|-unboost|p1b: Dragonite|def|1
|-boost|p1b: Dragonite|spe|1
|move|p1a: Jumpluff|Sleep Powder|p2a: Archaludon
|-status|p2a: Archaludon|slp|[from] move: Sleep Powder
|move|p2b: Annihilape|Rage Fist|p1a: Jumpluff
|-damage|p1a: Jumpluff|0 fnt
|faint|p1a: Jumpluff
|cant|p2a: Archaludon|slp
|
|upkeep
|turn|8
|inactive|RoccoByleth has 30 seconds left.
|
|t:|1757692929
|move|p2b: Annihilape|Protect|p2b: Annihilape
|-singleturn|p2b: Annihilape|Protect
|move|p1b: Dragonite|Scale Shot|p2b: Annihilape
|-activate|p2b: Annihilape|move: Protect
|-curestatus|p2a: Archaludon|slp|[msg]
|move|p2a: Archaludon|Dragon Pulse|p1b: Dragonite
|-supereffective|p1b: Dragonite
|-damage|p1b: Dragonite|52/100
|
|upkeep
|turn|9
|-message|DondozoPlease forfeited.
|
|win|RoccoByleth
||RoccoByleth is ready for game 2.
||DondozoPlease is ready for game 2.
|uhtml|next|Next: Game 2 of 3
