|j|☆syvliesdaddy
|j|☆tactical espeonage
|html|syvliesdaddytactical espeonage    
|uhtml|bestof|Game 1 of a best-of-3
|t:|1757753822
|gametype|doubles
|player|p1|syvliesdaddy|pokefan-gen4|1052
|player|p2|tactical espeonage|1|1062
|gen|9
|tier|[Gen 9] VGC 2025 Reg H (Bo3)
|rated|
|rule|Species Clause: Limit one of each Pokémon
|rule|Item Clause: Limit 1 of each item
|clearpoke
|poke|p1|Sneasler, L50, M|
|poke|p1|Indeedee, L50, M|
|poke|p1|Ursaluna-Bloodmoon, L50, M|
|poke|p1|Electabuzz, L50, M|
|poke|p1|Incineroar, L50, M|
|poke|p1|Talonflame, L50, M|
|poke|p2|Indeedee-F, L50, F|
|poke|p2|Espeon, L50, F|
|poke|p2|Tyranitar, L50, F|
|poke|p2|Excadrill, L50, M|
|poke|p2|Annihilape, L50, M|
|poke|p2|Scyther, L50, F|
|teampreview|4
|showteam|p1|Sneasler||PsychicSeed|Unburden|CloseCombat,DireClaw,ThroatChop,Protect|||M|||50|,,,,,Dark]Indeedee||FocusSash|PsychicSurge|ExpandingForce,TrickRoom,HelpingHand,Protect|||M|||50|,,,,,Psychic]Ursaluna-Bloodmoon||LifeOrb|MindsEye|BloodMoon,HyperVoice,EarthPower,Protect|||M|||50|,,,,,Normal]Electabuzz||Eviolite|VitalSpirit|Electroweb,FollowMe,Taunt,Protect|||M|||50|,,,,,Dragon]Incineroar||SafetyGoggles|Intimidate|FlareBlitz,KnockOff,PartingShot,FakeOut|||M|||50|,,,,,Ghost]Talonflame||CovertCloak|GaleWings|FlareBlitz,DualWingbeat,WillOWisp,Tailwind|||M|||50|,,,,,Fairy
|showteam|p2|Indeedee-F||PsychicSeed|PsychicSurge|Psychic,FollowMe,HelpingHand,TrickRoom|||F|||50|,,,,,Fairy]Espeon||ChoiceSpecs|MagicBounce|ExpandingForce,ShadowBall,PowerGem,AlluringVoice|||F|||50|,,,,,Fairy]Tyranitar||AssaultVest|SandStream|KnockOff,RockSlide,LowKick,TeraBlast|||F|||50|,,,,,Flying]Excadrill||ClearAmulet|SandRush|HighHorsepower,IronHead,Earthquake,Protect|||M|||50|,,,,,Ghost]Annihilape||SafetyGoggles|Defiant|RageFist,CloseCombat,Taunt,Protect|||M|||50|,,,,,Fire]Scyther||Eviolite|Technician|DualWingbeat,StruggleBug,Tailwind,Protect|||F|||50|,,,,,Rock
|inactive|Battle timer is ON: inactive players will automatically lose when time's up. (requested by syvliesdaddy)
|inactive|tactical espeonage has 60 seconds left.
|
|t:|1757753873
|teamsize|p1|4
|teamsize|p2|4
|start
|switch|p1a: Indeedee|Indeedee, L50, M|100/100
|switch|p1b: Incineroar|Incineroar, L50, M|100/100
|switch|p2a: Tyranitar|Tyranitar, L50, F|100/100
|switch|p2b: Scyther|Scyther, L50, F|100/100
|-fieldstart|move: Psychic Terrain|[from] ability: Psychic Surge|[of] p1a: Indeedee
|-ability|p1b: Incineroar|Intimidate|boost
|-unboost|p2a: Tyranitar|atk|1
|-unboost|p2b: Scyther|atk|1
|-weather|Sandstorm|[from] ability: Sand Stream|[of] p2a: Tyranitar
|turn|1
|inactive|syvliesdaddy has 30 seconds left.
|inactive|tactical espeonage has 30 seconds left.
|inactive|syvliesdaddy has 20 seconds left.
|inactive|tactical espeonage has 20 seconds left.
|inactive|syvliesdaddy has 15 seconds left.
|inactive|tactical espeonage has 15 seconds left.
|inactive|tactical espeonage has 10 seconds left.
|inactive|syvliesdaddy has 10 seconds left.
|
|t:|1757753925
|switch|p2b: Excadrill|Excadrill, L50, M|100/100
|move|p1a: Indeedee|Protect|p1a: Indeedee
|-singleturn|p1a: Indeedee|Protect
|move|p1b: Incineroar|Knock Off|p2a: Tyranitar
|-resisted|p2a: Tyranitar
|-damage|p2a: Tyranitar|83/100
|-enditem|p2a: Tyranitar|Assault Vest|[from] move: Knock Off|[of] p1b: Incineroar
|move|p2a: Tyranitar|Rock Slide|p1b: Incineroar|[spread] 
|-activate|p1a: Indeedee|move: Protect
|-miss|p2a: Tyranitar|p1b: Incineroar
|
|-weather|Sandstorm|[upkeep]
|-damage|p1a: Indeedee|95/100|[from] Sandstorm
|upkeep
|turn|2
|inactive|syvliesdaddy has 30 seconds left.
|inactive|tactical espeonage has 30 seconds left.
|inactive|tactical espeonage has 20 seconds left.
|
|t:|1757753962
|switch|p1a: Ursaluna|Ursaluna-Bloodmoon, L50, M|100/100
|switch|p2a: Scyther|Scyther, L50, F|100/100
|move|p2b: Excadrill|Earthquake|p1a: Ursaluna|[spread] p1a,p1b
|-immune|p2a: Scyther
|-supereffective|p1b: Incineroar
|-damage|p1a: Ursaluna|69/100
|-damage|p1b: Incineroar|24/100
|move|p1b: Incineroar|Flare Blitz|p2b: Excadrill
|-supereffective|p2b: Excadrill
|-damage|p2b: Excadrill|0 fnt
|faint|p2b: Excadrill
|-damage|p1b: Incineroar|0 fnt|[from] Recoil
|faint|p1b: Incineroar
|
|-weather|Sandstorm|[upkeep]
|-damage|p2a: Scyther|95/100|[from] Sandstorm
|upkeep
|inactive|tactical espeonage has 30 seconds left.
|
|t:|1757753990
|switch|p2b: Tyranitar|Tyranitar, L50, F|83/100
|switch|p1b: Sneasler|Sneasler, L50, M|100/100
|-enditem|p1b: Sneasler|Psychic Seed
|-boost|p1b: Sneasler|spd|1|[from] item: Psychic Seed
|turn|3
|inactive|syvliesdaddy has 30 seconds left.
|inactive|tactical espeonage has 30 seconds left.
|inactive|tactical espeonage has 20 seconds left.
|inactive|tactical espeonage has 15 seconds left.
|
|t:|1757754032
|-terastallize|p2b: Tyranitar|Flying
|move|p1b: Sneasler|Dire Claw|p2a: Scyther
|-damage|p2a: Scyther|51/100
|-status|p2a: Scyther|par
|move|p2b: Tyranitar|Knock Off|p1a: Ursaluna
|-damage|p1a: Ursaluna|25/100
|-enditem|p1a: Ursaluna|Life Orb|[from] move: Knock Off|[of] p2b: Tyranitar
|move|p1a: Ursaluna|Blood Moon|p2b: Tyranitar
|-damage|p2b: Tyranitar|9/100
|move|p2a: Scyther|Tailwind|p2a: Scyther
|-sidestart|p2: tactical espeonage|move: Tailwind
|
|-weather|Sandstorm|[upkeep]
|-damage|p1b: Sneasler|95/100|[from] Sandstorm
|-damage|p2b: Tyranitar|4/100|[from] Sandstorm
|-damage|p2a: Scyther|45/100 par|[from] Sandstorm
|upkeep
|turn|4
|inactive|tactical espeonage has 30 seconds left.
|inactive|tactical espeonage has 20 seconds left.
|inactive|tactical espeonage has 15 seconds left.
|inactive|tactical espeonage has 10 seconds left.
|inactive|tactical espeonage has 5 seconds left.
|
|t:|1757754087
|move|p1a: Ursaluna|Protect|p1a: Ursaluna
|-singleturn|p1a: Ursaluna|Protect
|move|p1b: Sneasler|Dire Claw|p2a: Scyther
|-damage|p2a: Scyther|3/100 par
|move|p2b: Tyranitar|Knock Off|p1a: Ursaluna
|-activate|p1a: Ursaluna|move: Protect
|move|p2a: Scyther|Dual Wingbeat|p1b: Sneasler
|-supereffective|p1b: Sneasler
|-damage|p1b: Sneasler|4/100
|-supereffective|p1b: Sneasler
|-damage|p1b: Sneasler|0 fnt
|faint|p1b: Sneasler
|-hitcount|p1: Sneasler|2
|
|-weather|Sandstorm|[upkeep]
|-damage|p2b: Tyranitar|0 fnt|[from] Sandstorm
|-damage|p2a: Scyther|0 fnt|[from] Sandstorm
|faint|p2b: Tyranitar
|faint|p2a: Scyther
|upkeep
|
|t:|1757754104
|switch|p1b: Indeedee|Indeedee, L50, M|95/100
|switch|p2b: Espeon|Espeon, L50, F|100/100
|turn|5
|inactive|syvliesdaddy has 30 seconds left.
|
|t:|1757754133
|move|p1a: Ursaluna|Protect||[still]
|-fail|p1a: Ursaluna
|move|p2b: Espeon|Expanding Force|p1a: Ursaluna|[spread] p1a,p1b
|-resisted|p1b: Indeedee
|-damage|p1a: Ursaluna|0 fnt
|-damage|p1b: Indeedee|35/100
|faint|p1a: Ursaluna
|move|p1b: Indeedee|Trick Room|p1b: Indeedee
|-fieldstart|move: Trick Room|[of] p1b: Indeedee
|
|-weather|none
|-fieldend|move: Psychic Terrain
|upkeep
|turn|6
|
|t:|1757754143
|move|p1b: Indeedee|Expanding Force|p2b: Espeon
|-resisted|p2b: Espeon
|-damage|p2b: Espeon|75/100
|move|p2b: Espeon|Expanding Force|p1b: Indeedee
|-resisted|p1b: Indeedee
|-damage|p1b: Indeedee|0 fnt
|faint|p1b: Indeedee
|
|win|tactical espeonage
