|j|☆MetaknightXIII
|j|☆MarillRag1
|html|MetaknightXIIIMarillRag1    
|uhtml|bestof|Game 2 of a best-of-3
|t:|1785651562
|gametype|doubles
|player|p1|MetaknightXIII|veteran|1230
|player|p2|MarillRag1|169|1320
|gen|9
|tier|[Gen 9 Champions] VGC 2026 Reg M-B (Bo3)
|rated|
|rule|Species Clause: Limit one of each Pokémon
|rule|Item Clause: Limit 1 of each item
|clearpoke
|poke|p1|Staraptor, L50, M|
|poke|p1|Delphox, L50, M, shiny|
|poke|p1|Glimmora, L50, M|
|poke|p1|Garchomp, L50, M|
|poke|p1|Whimsicott, L50, M|
|poke|p1|Kingambit, L50, F|
|poke|p2|Charizard, L50, M|
|poke|p2|Kingambit, L50, F|
|poke|p2|Whimsicott, L50, F|
|poke|p2|Ninetales-Alola, L50, F|
|poke|p2|Kommo-o, L50, F|
|poke|p2|Glimmora, L50, M|
|teampreview|4
|showteam|p1|Staraptor||Staraptite|Intimidate|CloseCombat,DualWingbeat,Roost,Protect|Jolly||M|||50|]Delphox||Delphoxite|Blaze|HeatWave,Psyshock,Substitute,Protect|Modest||M|||50|]Glimmora||FocusSash|ToxicDebris|PowerGem,SludgeBomb,EarthPower,SpikyShield|Timid||M|||50|]Garchomp||LifeOrb|RoughSkin|Earthquake,DragonClaw,RockSlide,Protect|Jolly||M|||50|]Whimsicott||OccaBerry|Prankster|Moonblast,Tailwind,Charm,LightScreen|Timid||M|||50|]Kingambit||ChopleBerry|Defiant|KowtowCleave,IronHead,SuckerPunch,LowKick|Adamant||F|||50|
|showteam|p2|Charizard||CharizarditeY|Blaze|Protect,HeatWave,SolarBeam,WeatherBall|Modest||M|||50|]Kingambit||BlackGlasses|Defiant|Protect,KowtowCleave,IronHead,SuckerPunch|Adamant||F|||50|]Whimsicott||FocusSash|Prankster|Protect,Moonblast,Tailwind,Encore|Timid||F|||50|]Ninetales-Alola||NeverMeltIce|SnowWarning|Protect,Blizzard,Disable,FreezeDry|Timid||F|||50|]Kommo-o||LifeOrb|Overcoat|Protect,AuraSphere,ClangingScales,VacuumWave|Modest||F|||50|]Glimmora||Glimmoranite|ToxicDebris|SpikyShield,SludgeBomb,PowerGem,EarthPower|Modest||M|||50|
|
|t:|1785651618
|teamsize|p1|4
|teamsize|p2|4
|start
|switch|p1a: Delphox|Delphox, L50, M, shiny|100/100
|switch|p1b: Garchomp|Garchomp, L50, M|100/100
|switch|p2a: Whimsicott|Whimsicott, L50, F|100/100
|switch|p2b: Ninetales|Ninetales-Alola, L50, F|100/100
|-weather|Snowscape|[from] ability: Snow Warning|[of] p2b: Ninetales
|turn|1
|
|t:|1785651643
|detailschange|p1a: Delphox|Delphox-Mega, L50, M, shiny
|-mega|p1a: Delphox|Delphox|Delphoxite
|move|p1b: Garchomp|Protect|p1b: Garchomp
|-singleturn|p1b: Garchomp|Protect
|move|p2a: Whimsicott|Tailwind|p2a: Whimsicott
|-sidestart|p2: MarillRag1|move: Tailwind
|move|p2b: Ninetales|Blizzard|p1a: Delphox|[spread] p1a
|-activate|p1b: Garchomp|move: Protect
|-resisted|p1a: Delphox|1
|-damage|p1a: Delphox|83/100
|move|p1a: Delphox|Heat Wave|p2b: Ninetales|[spread] p2a,p2b
|-supereffective|p2a: Whimsicott|1
|-supereffective|p2b: Ninetales|1
|-enditem|p2a: Whimsicott|Focus Sash
|-damage|p2a: Whimsicott|1/100
|-damage|p2b: Ninetales|0 fnt
|faint|p2b: Ninetales
|
|-weather|Snowscape|[upkeep]
|upkeep
|
|t:|1785651655
|switch|p2b: Kingambit|Kingambit, L50, F|100/100
|turn|2
|
|t:|1785651668
|switch|p1b: Whimsicott|Whimsicott, L50, M|100/100
|move|p2a: Whimsicott|Moonblast|p1b: Whimsicott
|-damage|p1b: Whimsicott|49/100
|move|p1a: Delphox|Substitute|p1a: Delphox
|-start|p1a: Delphox|Substitute
|-damage|p1a: Delphox|58/100
|move|p2b: Kingambit|Kowtow Cleave|p1b: Whimsicott
|-resisted|p1b: Whimsicott|1
|-damage|p1b: Whimsicott|11/100
|
|-weather|Snowscape|[upkeep]
|upkeep
|turn|3
|
|t:|1785651684
|move|p2a: Whimsicott|Encore|p1a: Delphox
|-start|p1a: Delphox|Encore
|move|p1b: Whimsicott|Tailwind|p1b: Whimsicott
|-sidestart|p1: MetaknightXIII|move: Tailwind
|move|p2b: Kingambit|Sucker Punch||[still]
|-fail|p2b: Kingambit
|move|p1a: Delphox|Substitute|p1a: Delphox
|-fail|p1a: Delphox|move: Substitute
|
|-weather|Snowscape|[upkeep]
|upkeep
|turn|4
|
|t:|1785651697
|switch|p1a: Garchomp|Garchomp, L50, M|100/100
|move|p2a: Whimsicott|Encore|p1b: Whimsicott
|-start|p1b: Whimsicott|Encore
|move|p1b: Whimsicott|Tailwind||[still]
|-fail|p1b: Whimsicott
|move|p2b: Kingambit|Kowtow Cleave|p1a: Garchomp
|-damage|p1a: Garchomp|42/100
|-damage|p2b: Kingambit|87/100|[from] ability: Rough Skin|[of] p1a: Garchomp
|
|-weather|Snowscape|[upkeep]
|-sideend|p2: MarillRag1|move: Tailwind
|upkeep
|turn|5
|
|t:|1785651723
|switch|p1b: Delphox|Delphox-Mega, L50, M, shiny|58/100
|move|p2a: Whimsicott|Tailwind|p2a: Whimsicott
|-sidestart|p2: MarillRag1|move: Tailwind
|move|p2b: Kingambit|Sucker Punch|p1a: Garchomp
|-damage|p1a: Garchomp|0 fnt
|-damage|p2b: Kingambit|75/100|[from] ability: Rough Skin|[of] p1a: Garchomp
|faint|p1a: Garchomp
|
|-weather|none
|upkeep
|
|t:|1785651732
|switch|p1a: Glimmora|Glimmora, L50, M|100/100
|turn|6
|
|t:|1785651751
|move|p2a: Whimsicott|Protect|p2a: Whimsicott
|-singleturn|p2a: Whimsicott|Protect
|move|p2b: Kingambit|Protect|p2b: Kingambit
|-singleturn|p2b: Kingambit|Protect
|move|p1b: Delphox|Heat Wave|p2b: Kingambit|[spread] 
|-activate|p2a: Whimsicott|move: Protect
|-activate|p2b: Kingambit|move: Protect
|move|p1a: Glimmora|Earth Power|p2b: Kingambit
|-activate|p2b: Kingambit|move: Protect
|
|-sideend|p1: MetaknightXIII|move: Tailwind
|upkeep
|turn|7
|
|t:|1785651767
|move|p2a: Whimsicott|Encore|p1a: Glimmora
|-start|p1a: Glimmora|Encore
|move|p2b: Kingambit|Sucker Punch|p1b: Delphox
|-supereffective|p1b: Delphox|1
|-damage|p1b: Delphox|0 fnt
|faint|p1b: Delphox
|move|p1a: Glimmora|Earth Power|p2b: Kingambit
|-supereffective|p2b: Kingambit|1
|-damage|p2b: Kingambit|11/100
|
|upkeep
|
|t:|1785651775
|switch|p1b: Whimsicott|Whimsicott, L50, M|11/100
|turn|8
|
|t:|1785651810
|move|p2b: Kingambit|Protect|p2b: Kingambit
|-singleturn|p2b: Kingambit|Protect
|move|p1b: Whimsicott|Tailwind|p1b: Whimsicott
|-sidestart|p1: MetaknightXIII|move: Tailwind
|move|p2a: Whimsicott|Moonblast|p1b: Whimsicott
|-damage|p1b: Whimsicott|0 fnt
|faint|p1b: Whimsicott
|move|p1a: Glimmora|Earth Power|p2b: Kingambit
|-activate|p2b: Kingambit|move: Protect
|
|-sideend|p2: MarillRag1|move: Tailwind
|upkeep
|turn|9
|-message|MetaknightXIII forfeited.
|
|win|MarillRag1
|l|☆MetaknightXIII
|player|p1|
||MetaknightXIII is ready for game 3.
||MarillRag1 is ready for game 3.
|uhtml|next|Next: Game 3 of 3
