|j|☆coo1kid
|j|☆joyfulwizard
|html|coo1kidjoyfulwizard    
|uhtml|bestof|Game 2 of a best-of-3
|t:|1783958097
|gametype|doubles
|player|p1|coo1kid|hilbert|1239
|player|p2|joyfulwizard|cheren-gen5bw2|1282
|gen|9
|tier|[Gen 9 Champions] VGC 2026 Reg M-B (Bo3)
|rated|
|rule|Species Clause: Limit one of each Pokémon
|rule|Item Clause: Limit 1 of each item
|clearpoke
|poke|p1|Kingambit, L50, M|
|poke|p1|Aerodactyl, L50, M|
|poke|p1|Charizard, L50, M|
|poke|p1|Greninja, L50, M|
|poke|p1|Farigiraf, L50, F|
|poke|p1|Sylveon, L50, F|
|poke|p2|Charizard, L50, M|
|poke|p2|Garchomp, L50, F|
|poke|p2|Aerodactyl, L50, F|
|poke|p2|Farigiraf, L50, M|
|poke|p2|Sylveon, L50, F|
|poke|p2|Kingambit, L50, F|
|teampreview|4
|showteam|p1|Kingambit||FocusSash|Defiant|KowtowCleave,IronHead,SuckerPunch,LowKick|Adamant||M|||50|]Aerodactyl||Aerodactylite|Unnerve|RockSlide,DualWingbeat,IceFang,Tailwind|Jolly||M|||50|]Charizard||CharizarditeY|Blaze|HeatWave,SolarBeam,WeatherBall,Protect|Modest||M|||50|]Greninja||ChoiceScarf|Protean|HydroPump,IcyWind,GrassKnot,LowKick|Rash||M|||50|]Farigiraf||SitrusBerry|ArmorTail|Psychic,Thunderbolt,TrickRoom,Protect|Relaxed||F|||50|]Sylveon||LifeOrb|Pixilate|HyperBeam,HyperVoice,QuickAttack,Detect|Modest||F|||50|
|showteam|p2|Charizard||CharizarditeY|Blaze|Protect,SolarBeam,HeatWave,WeatherBall|Modest||M|||50|]Garchomp||LifeOrb|RoughSkin|Protect,Earthquake,DragonClaw,StompingTantrum|Jolly||F|||50|]Aerodactyl||Aerodactylite|Unnerve|IceFang,RockSlide,DualWingbeat,Tailwind|Jolly||F|||50|]Farigiraf||SitrusBerry|ArmorTail|SunnyDay,PsychicFangs,TrickRoom,Thunderbolt|Relaxed||M|||50|]Sylveon||FairyFeather|Pixilate|Detect,HyperBeam,HyperVoice,QuickAttack|Modest||F|||50|]Kingambit||FocusSash|Defiant|SuckerPunch,LowKick,IronHead,KowtowCleave|Adamant||F|||50|
|inactive|Battle timer is ON: inactive players will automatically lose when time's up. (requested by coo1kid)
|inactive|coo1kid has 60 seconds left.
|
|t:|1783958128
|teamsize|p1|4
|teamsize|p2|4
|start
|switch|p1a: Kingambit|Kingambit, L50, M|100/100
|switch|p1b: Aerodactyl|Aerodactyl, L50, M|100/100
|switch|p2a: Aerodactyl|Aerodactyl, L50, F|100/100
|switch|p2b: Sylveon|Sylveon, L50, F|100/100
|-ability|p2a: Aerodactyl|Unnerve
|-ability|p1b: Aerodactyl|Unnerve
|turn|1
|inactive|joyfulwizard has 30 seconds left.
|
|t:|1783958157
|switch|p2b: Kingambit|Kingambit, L50, F|100/100
|detailschange|p1b: Aerodactyl|Aerodactyl-Mega, L50, M
|-mega|p1b: Aerodactyl|Aerodactyl|Aerodactylite
|detailschange|p2a: Aerodactyl|Aerodactyl-Mega, L50, F
|-mega|p2a: Aerodactyl|Aerodactyl|Aerodactylite
|move|p1b: Aerodactyl|Rock Slide|p2a: Aerodactyl|[spread] p2a,p2b
|-supereffective|p2a: Aerodactyl|1
|-resisted|p2b: Kingambit|1
|-damage|p2a: Aerodactyl|41/100
|-damage|p2b: Kingambit|88/100
|move|p2a: Aerodactyl|Tailwind|p2a: Aerodactyl
|-sidestart|p2: joyfulwizard|move: Tailwind
|move|p1a: Kingambit|Iron Head|p2b: Kingambit
|-resisted|p2b: Kingambit|1
|-damage|p2b: Kingambit|66/100
|
|upkeep
|turn|2
|
|t:|1783958182
|switch|p2a: Garchomp|Garchomp, L50, F|100/100
|move|p1a: Kingambit|Sucker Punch||[still]
|-fail|p1a: Kingambit
|move|p1b: Aerodactyl|Tailwind|p1b: Aerodactyl
|-sidestart|p1: coo1kid|move: Tailwind
|move|p2b: Kingambit|Iron Head|p1b: Aerodactyl
|-supereffective|p1b: Aerodactyl|1
|-damage|p1b: Aerodactyl|0 fnt
|faint|p1b: Aerodactyl
|
|upkeep
|
|t:|1783958191
|switch|p1b: Greninja|Greninja, L50, M|100/100
|turn|3
|
|t:|1783958212
|move|p2b: Kingambit|Sucker Punch|p1a: Kingambit
|-resisted|p1a: Kingambit|1
|-damage|p1a: Kingambit|81/100
|move|p1b: Greninja|Icy Wind|p2b: Kingambit|[spread] p2a,p2b
|-start|p1b: Greninja|typechange|Ice|[from] ability: Protean
|-supereffective|p2a: Garchomp|2
|-resisted|p2b: Kingambit|1
|-damage|p2a: Garchomp|17/100
|-damage|p2b: Kingambit|54/100
|-unboost|p2a: Garchomp|spe|1
|-unboost|p2b: Kingambit|spe|1
|-ability|p2b: Kingambit|Defiant|boost
|-boost|p2b: Kingambit|atk|2
|move|p2a: Garchomp|Earthquake|p1b: Greninja|[spread] p2b,p1a,p1b
|-supereffective|p2b: Kingambit|1
|-supereffective|p1a: Kingambit|1
|-damage|p2b: Kingambit|0 fnt
|-damage|p1a: Kingambit|0 fnt
|-damage|p1b: Greninja|18/100
|faint|p2b: Kingambit
|faint|p1a: Kingambit
|-damage|p2a: Garchomp|7/100|[from] item: Life Orb
|
|upkeep
|
|t:|1783958236
|switch|p2b: Sylveon|Sylveon, L50, F|100/100
|switch|p1a: Charizard|Charizard, L50, M|100/100
|turn|4
|
|t:|1783958250
|move|p2b: Sylveon|Quick Attack|p1b: Greninja
|-damage|p1b: Greninja|0 fnt
|faint|p1b: Greninja
|move|p1a: Charizard|Heat Wave|p2a: Garchomp|[spread] p2a,p2b
|-resisted|p2a: Garchomp|1
|-damage|p2a: Garchomp|0 fnt
|-damage|p2b: Sylveon|76/100
|faint|p2a: Garchomp
|
|-sideend|p2: joyfulwizard|move: Tailwind
|upkeep
|
|t:|1783958257
|switch|p2a: Aerodactyl|Aerodactyl-Mega, L50, F|41/100
|turn|5
|
|t:|1783958263
|move|p1a: Charizard|Heat Wave|p2b: Sylveon|[spread] p2a,p2b
|-resisted|p2a: Aerodactyl|1
|-damage|p2a: Aerodactyl|25/100
|-damage|p2b: Sylveon|54/100
|move|p2a: Aerodactyl|Rock Slide|p1a: Charizard
|-supereffective|p1a: Charizard|2
|-damage|p1a: Charizard|0 fnt
|faint|p1a: Charizard
|
|win|joyfulwizard
|raw|coo1kid's rating: 1239 → 1217(-22 for losing)
|raw|joyfulwizard's rating: 1282 → 1304(+22 for winning)
|l|☆coo1kid
|player|p1|
