|j|☆x-3 demon
|j|☆edhen
|html|x-3 demonedhen    
|uhtml|bestof|Game 3 of a best-of-3
|t:|1757205396
|gametype|doubles
|player|p1|x-3 demon|boarder-gen2|1317
|player|p2|edhen|clair|1279
|gen|9
|tier|[Gen 9] VGC 2025 Reg H (Bo3)
|rated|
|rule|Species Clause: Limit one of each Pokémon
|rule|Item Clause: Limit 1 of each item
|clearpoke
|poke|p1|Dragonite, L50, F|
|poke|p1|Sinistcha, L50|
|poke|p1|Ursaluna, L50, F|
|poke|p1|Gholdengo, L50|
|poke|p1|Incineroar, L50, F|
|poke|p1|Ninetales-Alola, L50, F|
|poke|p2|Politoed, L50, M|
|poke|p2|Archaludon, L50, M|
|poke|p2|Comfey, L50, M|
|poke|p2|Rillaboom, L50, F|
|poke|p2|Basculegion, L50, M|
|poke|p2|Maushold, L50|
|teampreview|4
|showteam|p1|Dragonite||LoadedDice|Multiscale|ScaleShot,Haze,Tailwind,Protect|||F|||50|,,,,,Fairy]Sinistcha||SitrusBerry|Hospitality|MatchaGotcha,LifeDew,RagePowder,TrickRoom||||||50|,,,,,Dark]Ursaluna||FlameOrb|Guts|HeadlongRush,Earthquake,Facade,Protect|||F|||50|,,,,,Ghost]Gholdengo||LifeOrb|GoodasGold|MakeItRain,ShadowBall,NastyPlot,Protect||||||50|,,,,,Water]Incineroar||AssaultVest|Intimidate|FlareBlitz,KnockOff,FakeOut,Uturn|||F|||50|,,,,,Grass]Ninetales-Alola||FocusSash|SnowWarning|IcyWind,FreezeDry,Encore,AuroraVeil|||F|||50|,,,,,Ghost
|showteam|p2|Politoed||Leftovers|Drizzle|Protect,MuddyWater,Haze,Hypnosis|||M|||50|,,,,,Grass]Archaludon||AssaultVest|Stamina|ElectroShot,BodyPress,FlashCannon,DragonPulse|||M|||50|,,,,,Fighting]Comfey||WikiBerry|Triage|Protect,FloralHealing,DrainingKiss,Taunt|||M|||50|,,,,,Steel]Rillaboom||LoadedDice|GrassySurge|BulletSeed,GrassyGlide,FakeOut,Uturn|||F|||50|,,,,,Fire]Basculegion||ChoiceBand|SwiftSwim|LastRespects,WaveCrash,AquaJet,FlipTurn|||M|||50|,,,,,Water]Maushold||WideLens|Technician|Protect,Crunch,FollowMe,PopulationBomb||||||50|,,,,,Ghost
|
|t:|1757205445
|teamsize|p1|4
|teamsize|p2|4
|start
|switch|p1a: Gholdengo|Gholdengo, L50|100/100
|switch|p1b: Sinistcha|Sinistcha, L50|100/100
|switch|p2a: Archaludon|Archaludon, L50, M|100/100
|switch|p2b: Politoed|Politoed, L50, M|100/100
|-weather|RainDance|[from] ability: Drizzle|[of] p2b: Politoed
|turn|1
|
|t:|1757205466
|switch|p1b: Ninetales|Ninetales-Alola, L50, F|100/100
|-weather|Snowscape|[from] ability: Snow Warning|[of] p1b: Ninetales
|move|p1a: Gholdengo|Nasty Plot|p1a: Gholdengo
|-boost|p1a: Gholdengo|spa|2
|move|p2a: Archaludon|Electro Shot||[still]
|-prepare|p2a: Archaludon|Electro Shot
|-boost|p2a: Archaludon|spa|1
|move|p2b: Politoed|Muddy Water|p1a: Gholdengo|[spread] p1a,p1b
|-crit|p1b: Ninetales
|-damage|p1a: Gholdengo|81/100
|-damage|p1b: Ninetales|64/100
|
|-weather|Snowscape|[upkeep]
|upkeep
|turn|2
|
|t:|1757205489
|move|p1b: Ninetales|Freeze-Dry|p2a: Archaludon
|-damage|p2a: Archaludon|79/100
|-ability|p2a: Archaludon|Stamina|boost
|-boost|p2a: Archaludon|def|1
|move|p1a: Gholdengo|Shadow Ball|p2a: Archaludon
|-damage|p2a: Archaludon|2/100
|-ability|p2a: Archaludon|Stamina|boost
|-boost|p2a: Archaludon|def|1
|-damage|p1a: Gholdengo|71/100|[from] item: Life Orb
|move|p2a: Archaludon|Electro Shot|p1a: Gholdengo|[from] lockedmove
|-damage|p1a: Gholdengo|17/100
|move|p2b: Politoed|Haze|p2b: Politoed
|-clearallboost
|
|-weather|Snowscape|[upkeep]
|upkeep
|turn|3
|
|t:|1757205514
|switch|p2a: Maushold|Maushold, L50|100/100
|move|p1b: Ninetales|Encore|p2b: Politoed
|-start|p2b: Politoed|Encore
|move|p1a: Gholdengo|Make It Rain|p2b: Politoed|[spread] p2a,p2b
|-resisted|p2b: Politoed
|-damage|p2a: Maushold|12/100
|-damage|p2b: Politoed|79/100
|-unboost|p1a: Gholdengo|spa|1
|-damage|p1a: Gholdengo|7/100|[from] item: Life Orb
|move|p2b: Politoed|Haze|p2b: Politoed
|-clearallboost
|
|-weather|Snowscape|[upkeep]
|-heal|p2b: Politoed|85/100|[from] item: Leftovers
|upkeep
|turn|4
|
|t:|1757205565
|switch|p1b: Dragonite|Dragonite, L50, F|100/100
|switch|p2b: Archaludon|Archaludon, L50, M|2/100
|move|p2a: Maushold|Population Bomb|p1b: Dragonite
|-damage|p1b: Dragonite|95/100
|-damage|p1b: Dragonite|81/100
|-damage|p1b: Dragonite|68/100
|-damage|p1b: Dragonite|56/100
|-damage|p1b: Dragonite|43/100
|-damage|p1b: Dragonite|30/100
|-crit|p1b: Dragonite
|-damage|p1b: Dragonite|9/100
|-damage|p1b: Dragonite|0 fnt
|faint|p1b: Dragonite
|-hitcount|p1: Dragonite|8
|move|p1a: Gholdengo|Make It Rain|p2b: Archaludon|[spread] p2a,p2b
|-resisted|p2b: Archaludon
|-damage|p2a: Maushold|0 fnt
|-damage|p2b: Archaludon|0 fnt
|-unboost|p1a: Gholdengo|spa|1
|faint|p2a: Maushold
|faint|p2b: Archaludon
|-damage|p1a: Gholdengo|0 fnt|[from] item: Life Orb
|faint|p1a: Gholdengo
|
|-weather|Snowscape|[upkeep]
|upkeep
|
|t:|1757205591
|switch|p2a: Politoed|Politoed, L50, M|85/100
|switch|p1b: Ninetales|Ninetales-Alola, L50, F|64/100
|switch|p1a: Sinistcha|Sinistcha, L50|100/100
|switch|p2b: Basculegion|Basculegion, L50, M|100/100
|-weather|RainDance|[from] ability: Drizzle|[of] p2a: Politoed
|-heal|p1b: Ninetales|89/100|[from] ability: Hospitality|[of] p1a: Sinistcha
|turn|5
|
|t:|1757205657
|-terastallize|p1a: Sinistcha|Dark
|move|p2b: Basculegion|Last Respects|p1b: Ninetales
|-damage|p1b: Ninetales|0 fnt
|faint|p1b: Ninetales
|move|p2a: Politoed|Hypnosis|p1a: Sinistcha|[miss]
|-miss|p2a: Politoed|p1a: Sinistcha
|move|p1a: Sinistcha|Trick Room|p1a: Sinistcha
|-fieldstart|move: Trick Room|[of] p1a: Sinistcha
|
|-weather|RainDance|[upkeep]
|-heal|p2a: Politoed|91/100|[from] item: Leftovers
|upkeep
|turn|6
|
|t:|1757205670
|move|p1a: Sinistcha|Matcha Gotcha|p2a: Politoed|[spread] p2b
|-miss|p1a: Sinistcha|p2a: Politoed
|-supereffective|p2b: Basculegion
|-damage|p2b: Basculegion|45/100
|move|p2a: Politoed|Hypnosis|p1a: Sinistcha
|-status|p1a: Sinistcha|slp|[from] move: Hypnosis
|move|p2b: Basculegion|Last Respects|p1a: Sinistcha
|-resisted|p1a: Sinistcha
|-damage|p1a: Sinistcha|53/100 slp
|
|-weather|RainDance|[upkeep]
|-heal|p2a: Politoed|97/100|[from] item: Leftovers
|upkeep
|turn|7
|
|t:|1757205682
|cant|p1a: Sinistcha|slp
|move|p2a: Politoed|Muddy Water|p1a: Sinistcha
|-damage|p1a: Sinistcha|9/100 slp
|-enditem|p1a: Sinistcha|Sitrus Berry|[eat]
|-heal|p1a: Sinistcha|34/100 slp|[from] item: Sitrus Berry
|move|p2b: Basculegion|Last Respects|p1a: Sinistcha
|-resisted|p1a: Sinistcha
|-damage|p1a: Sinistcha|0 fnt
|faint|p1a: Sinistcha
|
|win|edhen
|raw|x-3 demon's rating: 1317 → 1295(-22 for losing)
|raw|edhen's rating: 1279 → 1307(+28 for winning)
|l|☆edhen
|player|p2|
|c|☆x-3 demon|ggwp
