|j|☆EchoShadowYT
|j|☆Purgatory12
|html|EchoShadowYTPurgatory12    
|uhtml|bestof|Game 2 of a best-of-3
|t:|1783712810
|gametype|doubles
|player|p1|EchoShadowYT|skierf|1302
|player|p2|Purgatory12|2|1187
|gen|9
|tier|[Gen 9 Champions] VGC 2026 Reg M-B (Bo3)
|rated|
|rule|Species Clause: Limit one of each Pokémon
|rule|Item Clause: Limit 1 of each item
|clearpoke
|poke|p1|Pelipper, L50, F|
|poke|p1|Archaludon, L50, F|
|poke|p1|Basculegion, L50, M|
|poke|p1|Sableye, L50, M|
|poke|p1|Venusaur, L50, M|
|poke|p1|Kingambit, L50, M|
|poke|p2|Sinistcha, L50|
|poke|p2|Corviknight, L50, F|
|poke|p2|Pelipper, L50, F|
|poke|p2|Archaludon, L50, F|
|poke|p2|Swampert, L50, M|
|poke|p2|Incineroar, L50, M|
|teampreview|4
|showteam|p1|Pelipper||SitrusBerry|Drizzle|Tailwind,WeatherBall,Hurricane,WideGuard|Modest||F|||50|]Archaludon||Leftovers|Stamina|ElectroShot,DragonPulse,FlashCannon,Protect|Bold||F|||50|]Basculegion||ChoiceScarf|Adaptability|WaveCrash,AquaJet,FlipTurn,LastRespects|Adamant||M|||50|]Sableye||LightClay|Prankster|WillOWisp,RainDance,Encore,LightScreen|Bold||M|||50|]Venusaur||Venusaurite|Chlorophyll|SludgeBomb,EarthPower,GigaDrain,Protect|Modest||M|||50|]Kingambit||FocusSash|Defiant|IronHead,SuckerPunch,LowKick,Protect|Adamant||M|||50|
|showteam|p2|Sinistcha||CobaBerry|Hospitality|MatchaGotcha,RagePowder,LifeDew,Protect|Bold|||||50|]Corviknight||SitrusBerry|MirrorArmor|BraveBird,IronHead,Tailwind,Roost|Adamant||F|||50|]Pelipper||FocusSash|Drizzle|Hurricane,WeatherBall,Protect,Tailwind|Modest||F|||50|]Archaludon||Leftovers|Stamina|FlashCannon,AuraSphere,ElectroShot,Protect|Modest||F|||50|]Swampert||Swampertite|Torrent|WaveCrash,Earthquake,IcePunch,Protect|Adamant||M|||50|]Incineroar||PasshoBerry|Intimidate|FakeOut,FlareBlitz,ThroatChop,PartingShot|Impish||M|||50|
|inactive|Battle timer is ON: inactive players will automatically lose when time's up. (requested by EchoShadowYT)
|
|t:|1783712834
|teamsize|p1|4
|teamsize|p2|4
|start
|switch|p1a: Archaludon|Archaludon, L50, F|100/100
|switch|p1b: Basculegion|Basculegion, L50, M|100/100
|switch|p2a: Archaludon|Archaludon, L50, F|100/100
|switch|p2b: Pelipper|Pelipper, L50, F|100/100
|-weather|RainDance|[from] ability: Drizzle|[of] p2b: Pelipper
|turn|1
|
|t:|1783712852
|move|p1b: Basculegion|Flip Turn|p2b: Pelipper
|-resisted|p2b: Pelipper|1
|-damage|p2b: Pelipper|55/100
|
|t:|1783712856
|switch|p1b: Venusaur|Venusaur, L50, M|100/100|[from] Flip Turn
|move|p2b: Pelipper|Tailwind|p2b: Pelipper
|-sidestart|p2: Purgatory12|move: Tailwind
|move|p2a: Archaludon|Electro Shot||[still]
|-prepare|p2a: Archaludon|Electro Shot
|-boost|p2a: Archaludon|spa|1
|-anim|p2a: Archaludon|Electro Shot|p1b: Venusaur
|-resisted|p1b: Venusaur|1
|-damage|p1b: Venusaur|68/100
|move|p1a: Archaludon|Electro Shot||[still]
|-prepare|p1a: Archaludon|Electro Shot
|-boost|p1a: Archaludon|spa|1
|-anim|p1a: Archaludon|Electro Shot|p2b: Pelipper
|-supereffective|p2b: Pelipper|2
|-damage|p2b: Pelipper|0 fnt
|faint|p2b: Pelipper
|
|-weather|RainDance|[upkeep]
|upkeep
|
|t:|1783712867
|switch|p2b: Swampert|Swampert, L50, M|100/100
|turn|2
|
|t:|1783712877
|detailschange|p2b: Swampert|Swampert-Mega, L50, M
|-mega|p2b: Swampert|Swampert|Swampertite
|detailschange|p1b: Venusaur|Venusaur-Mega, L50, M
|-mega|p1b: Venusaur|Venusaur|Venusaurite
|move|p1a: Archaludon|Protect|p1a: Archaludon
|-singleturn|p1a: Archaludon|Protect
|move|p2b: Swampert|Ice Punch|p1b: Venusaur
|-supereffective|p1b: Venusaur|1
|-damage|p1b: Venusaur|44/100
|-status|p1b: Venusaur|frz
|move|p2a: Archaludon|Flash Cannon|p1b: Venusaur
|-damage|p1b: Venusaur|0 fnt
|faint|p1b: Venusaur
|
|-weather|RainDance|[upkeep]
|upkeep
|
|t:|1783712893
|switch|p1b: Sableye|Sableye, L50, M|100/100
|turn|3
|
|t:|1783712908
|switch|p2b: Sinistcha|Sinistcha, L50|100/100
|move|p1b: Sableye|Will-O-Wisp|p2b: Sinistcha
|-status|p2b: Sinistcha|brn
|move|p2a: Archaludon|Electro Shot||[still]
|-prepare|p2a: Archaludon|Electro Shot
|-boost|p2a: Archaludon|spa|1
|-anim|p2a: Archaludon|Electro Shot|p1b: Sableye
|-crit|p1b: Sableye
|-damage|p1b: Sableye|0 fnt
|faint|p1b: Sableye
|move|p1a: Archaludon|Electro Shot||[still]
|-prepare|p1a: Archaludon|Electro Shot
|-boost|p1a: Archaludon|spa|1
|-anim|p1a: Archaludon|Electro Shot|p2a: Archaludon
|-resisted|p2a: Archaludon|1
|-damage|p2a: Archaludon|58/100
|-ability|p2a: Archaludon|Stamina|boost
|-boost|p2a: Archaludon|def|1
|
|-weather|RainDance|[upkeep]
|-heal|p2a: Archaludon|64/100|[from] item: Leftovers
|-damage|p2b: Sinistcha|93/100 brn|[from] brn
|upkeep
|inactive|EchoShadowYT has 30 seconds left.
|
|t:|1783712934
|switch|p1b: Basculegion|Basculegion, L50, M|100/100
|turn|4
|
|t:|1783712950
|move|p2b: Sinistcha|Rage Powder|p2b: Sinistcha
|-singleturn|p2b: Sinistcha|move: Rage Powder
|move|p2a: Archaludon|Electro Shot||[still]
|-prepare|p2a: Archaludon|Electro Shot
|-boost|p2a: Archaludon|spa|1
|-anim|p2a: Archaludon|Electro Shot|p1b: Basculegion
|-supereffective|p1b: Basculegion|1
|-damage|p1b: Basculegion|0 fnt
|faint|p1b: Basculegion
|move|p1a: Archaludon|Dragon Pulse|p2b: Sinistcha
|-damage|p2b: Sinistcha|20/100y brn
|
|-weather|RainDance|[upkeep]
|-heal|p2a: Archaludon|70/100|[from] item: Leftovers
|-damage|p2b: Sinistcha|14/100 brn|[from] brn
|-sideend|p2: Purgatory12|move: Tailwind
|upkeep
|turn|5
|
|t:|1783712964
|move|p2a: Archaludon|Aura Sphere|p1a: Archaludon
|-supereffective|p1a: Archaludon|1
|-crit|p1a: Archaludon
|-damage|p1a: Archaludon|0 fnt
|faint|p1a: Archaludon
|
|win|Purgatory12
|raw|EchoShadowYT's rating: 1302 → 1276(-26 for losing)
|raw|Purgatory12's rating: 1187 → 1220(+33 for winning)
|l|☆Purgatory12
|player|p2|
