|j|☆palle synchro
|j|☆fpahstkxkd
|html|palle synchrofpahstkxkd    
|uhtml|bestof|Game 1 of a best-of-3
|t:|1785851643
|gametype|doubles
|player|p1|palle synchro|ethan|1450
|player|p2|fpahstkxkd|101|1311
|gen|9
|tier|[Gen 9 Champions] VGC 2026 Reg M-B (Bo3)
|rated|
|rule|Species Clause: Limit one of each Pokémon
|rule|Item Clause: Limit 1 of each item
|clearpoke
|poke|p1|Whimsicott, L50, F|
|poke|p1|Basculegion, L50, M|
|poke|p1|Kingambit, L50, F|
|poke|p1|Floette-Eternal, L50, F|
|poke|p1|Garchomp, L50, M|
|poke|p1|Charizard, L50, F|
|poke|p2|Staraptor, L50, M|
|poke|p2|Garchomp, L50, M|
|poke|p2|Whimsicott, L50, M|
|poke|p2|Delphox, L50, M|
|poke|p2|Glimmora, L50, M|
|poke|p2|Kingambit, L50, M|
|teampreview|4
|showteam|p1|Whimsicott||FocusSash|Prankster|Protect,Moonblast,Tailwind,Encore|Timid||F|||50|]Basculegion||MysticWater|Adaptability|WaveCrash,Protect,LastRespects,AquaJet|Adamant||M|||50|]Kingambit||ChopleBerry|Defiant|KowtowCleave,LowKick,SuckerPunch,IronHead|Adamant||F|||50|]Floette-Eternal||Floettite|FlowerVeil|Moonblast,DazzlingGleam,LightofRuin,Protect|Modest||F|||50|]Garchomp||LifeOrb|RoughSkin|Protect,StompingTantrum,DragonClaw,RockSlide|Jolly||M|||50|]Charizard||CharizarditeY|Blaze|HeatWave,SolarBeam,WeatherBall,Protect|Modest||F|||50|
|showteam|p2|Staraptor||Staraptite|Intimidate|Protect,Roost,CloseCombat,BraveBird|Jolly||M|||50|]Garchomp||LifeOrb|RoughSkin|Protect,RockSlide,Earthquake,DragonClaw|Jolly||M|||50|]Whimsicott||OccaBerry|Prankster|Moonblast,Tailwind,Charm,LightScreen|Timid||M|||50|]Delphox||Delphoxite|Magician|Protect,Psychic,HeatWave,Substitute|Timid||M|||50|]Glimmora||FocusSash|ToxicDebris|SpikyShield,SludgeBomb,EarthPower,PowerGem|Timid||M|||50|]Kingambit||ChopleBerry|Defiant|SuckerPunch,LowKick,IronHead,KowtowCleave|Adamant||M|||50|
|inactive|Battle timer is ON: inactive players will automatically lose when time's up. (requested by fpahstkxkd)
|inactive|palle synchro has 60 seconds left.
|
|t:|1785851687
|teamsize|p1|4
|teamsize|p2|4
|start
|switch|p1a: Floette|Floette-Eternal, L50, F|100/100
|switch|p1b: Kingambit|Kingambit, L50, F|100/100
|switch|p2a: Glimmora|Glimmora, L50, M|100/100
|switch|p2b: Whimsicott|Whimsicott, L50, M|100/100
|turn|1
|inactive|fpahstkxkd has 30 seconds left.
|
|t:|1785851713
|detailschange|p1a: Floette|Floette-Mega, L50, F
|-mega|p1a: Floette|Floette|Floettite
|-ability|p1a: Floette|Fairy Aura
|move|p2b: Whimsicott|Moonblast|p1b: Kingambit
|-damage|p1b: Kingambit|67/100
|move|p1a: Floette|Moonblast|p2b: Whimsicott
|-damage|p2b: Whimsicott|0 fnt
|faint|p2b: Whimsicott
|move|p2a: Glimmora|Earth Power|p1b: Kingambit
|-supereffective|p1b: Kingambit|1
|-damage|p1b: Kingambit|13/100
|move|p1b: Kingambit|Iron Head|p2a: Glimmora
|-supereffective|p2a: Glimmora|1
|-enditem|p2a: Glimmora|Focus Sash
|-damage|p2a: Glimmora|1/100
|-activate|p2a: Glimmora|ability: Toxic Debris
|-sidestart|p1: palle synchro|move: Toxic Spikes
|
|upkeep
|
|t:|1785851720
|switch|p2b: Garchomp|Garchomp, L50, M|100/100
|turn|2
|
|t:|1785851735
|move|p2a: Glimmora|Spiky Shield|p2a: Glimmora
|-singleturn|p2a: Glimmora|move: Protect
|move|p1b: Kingambit|Sucker Punch|p2b: Garchomp
|-damage|p2b: Garchomp|63/100
|-damage|p1b: Kingambit|1/100|[from] ability: Rough Skin|[of] p2b: Garchomp
|move|p2b: Garchomp|Earthquake|p1b: Kingambit|[spread] p1a,p1b
|-activate|p2a: Glimmora|move: Protect
|-supereffective|p1b: Kingambit|1
|-damage|p1a: Floette|37/100
|-damage|p1b: Kingambit|0 fnt
|faint|p1b: Kingambit
|-damage|p2b: Garchomp|54/100|[from] item: Life Orb
|move|p1a: Floette|Dazzling Gleam|p2b: Garchomp|[spread] p2b
|-activate|p2a: Glimmora|move: Protect
|-supereffective|p2b: Garchomp|1
|-damage|p2b: Garchomp|0 fnt
|faint|p2b: Garchomp
|
|upkeep
|
|t:|1785851751
|switch|p2b: Staraptor|Staraptor, L50, M|100/100
|switch|p1b: Garchomp|Garchomp, L50, M|100/100
|-status|p1b: Garchomp|psn
|-ability|p2b: Staraptor|Intimidate|boost
|-unboost|p1a: Floette|atk|1
|-unboost|p1b: Garchomp|atk|1
|turn|3
|inactive|fpahstkxkd has 30 seconds left.
|
|t:|1785851776
|detailschange|p2b: Staraptor|Staraptor-Mega, L50, M
|-mega|p2b: Staraptor|Staraptor|Staraptite
|move|p2a: Glimmora|Spiky Shield|p2a: Glimmora
|-singleturn|p2a: Glimmora|move: Protect
|move|p2b: Staraptor|Close Combat|p1a: Floette
|-resisted|p1a: Floette|1
|-damage|p1a: Floette|0 fnt
|-boost|p2b: Staraptor|def|1
|-boost|p2b: Staraptor|spd|1
|faint|p1a: Floette
|move|p1b: Garchomp|Dragon Claw|p2a: Glimmora
|-activate|p2a: Glimmora|move: Protect
|-damage|p1b: Garchomp|87/100 psn|[from] Spiky Shield|[of] p2a: Glimmora
|
|-damage|p1b: Garchomp|75/100 psn|[from] psn
|upkeep
|
|t:|1785851782
|switch|p1a: Basculegion|Basculegion, L50, M|100/100
|-status|p1a: Basculegion|psn
|turn|4
|
|t:|1785851798
|move|p2b: Staraptor|Brave Bird|p1a: Basculegion
|-damage|p1a: Basculegion|41/100 psn
|-damage|p2b: Staraptor|78/100|[from] Recoil
|move|p1b: Garchomp|Dragon Claw|p2a: Glimmora
|-damage|p2a: Glimmora|0 fnt
|-activate|p2a: Glimmora|ability: Toxic Debris
|-sidestart|p1: palle synchro|move: Toxic Spikes
|faint|p2a: Glimmora
|-damage|p1b: Garchomp|65/100 psn|[from] item: Life Orb
|move|p1a: Basculegion|Last Respects|p2b: Staraptor
|-damage|p2b: Staraptor|20/100y
|
|-damage|p1b: Garchomp|52/100 psn|[from] psn
|-damage|p1a: Basculegion|29/100 psn|[from] psn
|upkeep
|turn|5
|
|t:|1785851814
|move|p2b: Staraptor|Protect|p2b: Staraptor
|-singleturn|p2b: Staraptor|Protect
|move|p1b: Garchomp|Dragon Claw|p2b: Staraptor
|-activate|p2b: Staraptor|move: Protect
|move|p1a: Basculegion|Last Respects|p2b: Staraptor
|-activate|p2b: Staraptor|move: Protect
|
|-damage|p1b: Garchomp|40/100 psn|[from] psn
|-damage|p1a: Basculegion|17/100 psn|[from] psn
|upkeep
|turn|6
|
|t:|1785851836
|move|p2b: Staraptor|Brave Bird|p1a: Basculegion
|-damage|p1a: Basculegion|0 fnt
|faint|p1a: Basculegion
|-damage|p2b: Staraptor|14/100|[from] Recoil
|move|p1b: Garchomp|Dragon Claw|p2b: Staraptor
|-damage|p2b: Staraptor|0 fnt
|faint|p2b: Staraptor
|-damage|p1b: Garchomp|30/100 psn|[from] item: Life Orb
|
|win|palle synchro
