|j|☆new mental
|j|☆Stewe92
|html|new mentalStewe92    
|uhtml|bestof|Game 1 of a best-of-3
|t:|1786042797
|gametype|doubles
|player|p1|new mental|volkner|1265
|player|p2|Stewe92|265|1145
|gen|9
|tier|[Gen 9 Champions] VGC 2026 Reg M-B (Bo3)
|rated|
|rule|Species Clause: Limit one of each Pokémon
|rule|Item Clause: Limit 1 of each item
|clearpoke
|poke|p1|Charizard, L50, M|
|poke|p1|Garchomp, L50, M|
|poke|p1|Incineroar, L50, M|
|poke|p1|Venusaur, L50, M|
|poke|p1|Toxapex, L50, F|
|poke|p1|Sylveon, L50, F|
|poke|p2|Charizard, L50, M|
|poke|p2|Garchomp, L50, M|
|poke|p2|Whimsicott, L50, M|
|poke|p2|Basculegion, L50, M|
|poke|p2|Kingambit, L50, M|
|poke|p2|Floette-Eternal, L50, F|
|teampreview|4
|showteam|p1|Charizard||CharizarditeY|Blaze|WeatherBall,HeatWave,AncientPower,Protect|Modest||M|||50|]Garchomp||ChoiceScarf|RoughSkin|RockSlide,DragonClaw,Earthquake,StompingTantrum|Adamant||M|||50|]Incineroar||SitrusBerry|Intimidate|FlareBlitz,FakeOut,DarkestLariat,PartingShot|Impish||M|||50|]Venusaur||LifeOrb|Chlorophyll|SludgeBomb,LeafStorm,EarthPower,Protect|Modest||M|||50|]Toxapex||Leftovers|Regenerator|Infestation,Toxic,WideGuard,BanefulBunker|Bold||F|||50|]Sylveon||FairyFeather|Pixilate|HyperVoice,QuickAttack,Yawn,Detect|Modest||F|||50|
|showteam|p2|Charizard||CharizarditeY|Blaze|HeatWave,WeatherBall,SolarBeam,Protect|Modest||M|||50|]Garchomp||LifeOrb|RoughSkin|DragonClaw,StompingTantrum,RockSlide,Protect|Jolly||M|||50|]Whimsicott||FocusSash|Prankster|Tailwind,Moonblast,Encore,Protect|Timid||M|||50|]Basculegion||MysticWater|Adaptability|WaveCrash,LastRespects,AquaJet,Protect|Adamant||M|||50|]Kingambit||BlackGlasses|Defiant|SuckerPunch,KowtowCleave,IronHead,Protect|Adamant||M|||50|]Floette-Eternal||Floettite|FlowerVeil|DazzlingGleam,Moonblast,LightofRuin,Protect|Timid||F|||50|
|inactive|Battle timer is ON: inactive players will automatically lose when time's up. (requested by new mental)
|
|t:|1786042834
|teamsize|p1|4
|teamsize|p2|4
|start
|switch|p1a: Charizard|Charizard, L50, M|100/100
|switch|p1b: Toxapex|Toxapex, L50, F|100/100
|switch|p2a: Whimsicott|Whimsicott, L50, M|100/100
|switch|p2b: Garchomp|Garchomp, L50, M|100/100
|turn|1
|inactive|new mental has 30 seconds left.
|
|t:|1786042864
|detailschange|p1a: Charizard|Charizard-Mega-Y, L50, M
|-mega|p1a: Charizard|Charizard|Charizardite Y
|-weather|SunnyDay|[from] ability: Drought|[of] p1a: Charizard
|move|p2a: Whimsicott|Protect|p2a: Whimsicott
|-singleturn|p2a: Whimsicott|Protect
|move|p1b: Toxapex|Wide Guard|p1b: Toxapex
|-singleturn|p1b: Toxapex|Wide Guard
|move|p2b: Garchomp|Stomping Tantrum|p1b: Toxapex
|-supereffective|p1b: Toxapex|1
|-damage|p1b: Toxapex|33/100
|-damage|p2b: Garchomp|90/100|[from] item: Life Orb
|move|p1a: Charizard|Heat Wave|p2b: Garchomp|[spread] p2b
|-activate|p2a: Whimsicott|move: Protect
|-resisted|p2b: Garchomp|1
|-damage|p2b: Garchomp|52/100
|
|-weather|SunnyDay|[upkeep]
|-heal|p1b: Toxapex|39/100|[from] item: Leftovers
|upkeep
|turn|2
|inactive|Stewe92 has 30 seconds left.
|inactive|Stewe92 has 20 seconds left.
|
|t:|1786042900
|switch|p2a: Basculegion|Basculegion, L50, M|100/100
|move|p1b: Toxapex|Wide Guard|p1b: Toxapex
|-singleturn|p1b: Toxapex|Wide Guard
|move|p2b: Garchomp|Rock Slide|p1a: Charizard|[spread] 
|-activate|p1a: Charizard|move: Wide Guard
|-activate|p1b: Toxapex|move: Wide Guard
|move|p1a: Charizard|Heat Wave|p2a: Basculegion|[spread] p2a,p2b
|-resisted|p2a: Basculegion|1
|-resisted|p2b: Garchomp|1
|-damage|p2a: Basculegion|64/100
|-damage|p2b: Garchomp|16/100
|-status|p2a: Basculegion|brn
|
|-weather|SunnyDay|[upkeep]
|-heal|p1b: Toxapex|45/100|[from] item: Leftovers
|-damage|p2a: Basculegion|58/100 brn|[from] brn
|upkeep
|turn|3
|
|t:|1786042924
|-heal|p1b: Toxapex|78/100|[from] ability: Regenerator|[silent]
|switch|p1b: Incineroar|Incineroar, L50, M|100/100
|-ability|p1b: Incineroar|Intimidate|boost
|-unboost|p2a: Basculegion|atk|1
|-unboost|p2b: Garchomp|atk|1
|move|p2b: Garchomp|Dragon Claw|p1a: Charizard
|-damage|p1a: Charizard|62/100
|-damage|p2b: Garchomp|6/100|[from] item: Life Orb
|move|p1a: Charizard|Heat Wave|p2a: Basculegion|[spread] p2a,p2b
|-resisted|p2a: Basculegion|1
|-resisted|p2b: Garchomp|1
|-damage|p2a: Basculegion|22/100 brn
|-damage|p2b: Garchomp|0 fnt
|faint|p2b: Garchomp
|move|p2a: Basculegion|Wave Crash|p1a: Charizard
|-supereffective|p1a: Charizard|1
|-damage|p1a: Charizard|25/100
|-damage|p2a: Basculegion|12/100 brn|[from] Recoil
|
|-weather|SunnyDay|[upkeep]
|-damage|p2a: Basculegion|6/100 brn|[from] brn
|upkeep
|
|t:|1786042943
|switch|p2b: Charizard|Charizard, L50, M|100/100
|turn|4
|inactive|Stewe92 has 30 seconds left.
|
|t:|1786042974
|move|p1a: Charizard|Protect|p1a: Charizard
|-singleturn|p1a: Charizard|Protect
|move|p2b: Charizard|Protect|p2b: Charizard
|-singleturn|p2b: Charizard|Protect
|move|p2a: Basculegion|Aqua Jet|p1b: Incineroar
|-supereffective|p1b: Incineroar|1
|-damage|p1b: Incineroar|93/100
|move|p1b: Incineroar|Parting Shot|p2a: Basculegion
|-unboost|p2a: Basculegion|atk|1
|-unboost|p2a: Basculegion|spa|1
|
|t:|1786042982
|switch|p1b: Toxapex|Toxapex, L50, F|78/100|[from] Parting Shot
|
|-weather|SunnyDay|[upkeep]
|-heal|p1b: Toxapex|84/100|[from] item: Leftovers
|-damage|p2a: Basculegion|0 fnt|[from] brn
|faint|p2a: Basculegion
|upkeep
|
|t:|1786042989
|switch|p2a: Whimsicott|Whimsicott, L50, M|100/100
|turn|5
|
|t:|1786042996
|detailschange|p2b: Charizard|Charizard-Mega-Y, L50, M
|-mega|p2b: Charizard|Charizard|Charizardite Y
|move|p2a: Whimsicott|Encore|p1a: Charizard
|-start|p1a: Charizard|Encore
|move|p1a: Charizard|Protect||[still]
|-fail|p1a: Charizard
|move|p2b: Charizard|Solar Beam||[still]
|-prepare|p2b: Charizard|Solar Beam
|-anim|p2b: Charizard|Solar Beam|p1b: Toxapex
|-damage|p1b: Toxapex|44/100
|move|p1b: Toxapex|Toxic|p2a: Whimsicott
|-status|p2a: Whimsicott|tox
|
|-weather|none
|-heal|p1b: Toxapex|50/100g|[from] item: Leftovers
|-damage|p2a: Whimsicott|94/100 tox|[from] psn
|upkeep
|turn|6
|
|t:|1786043015
|move|p1a: Charizard|Protect|p1a: Charizard
|-singleturn|p1a: Charizard|Protect
|move|p2a: Whimsicott|Moonblast|p1b: Toxapex
|-resisted|p1b: Toxapex|1
|-damage|p1b: Toxapex|37/100
|move|p2b: Charizard|Weather Ball|p1b: Toxapex
|-damage|p1b: Toxapex|22/100
|move|p1b: Toxapex|Toxic|p2b: Charizard
|-status|p2b: Charizard|tox
|
|-heal|p1b: Toxapex|28/100|[from] item: Leftovers
|-damage|p2a: Whimsicott|82/100 tox|[from] psn
|-damage|p2b: Charizard|94/100 tox|[from] psn
|upkeep
|turn|7
|
|t:|1786043034
|-heal|p1b: Toxapex|61/100|[from] ability: Regenerator|[silent]
|switch|p1b: Incineroar|Incineroar, L50, M|93/100
|-ability|p1b: Incineroar|Intimidate|boost
|-unboost|p2a: Whimsicott|atk|1
|-unboost|p2b: Charizard|atk|1
|move|p1a: Charizard|Protect||[still]
|-fail|p1a: Charizard
|move|p2a: Whimsicott|Moonblast|p1a: Charizard
|-resisted|p1a: Charizard|1
|-damage|p1a: Charizard|9/100
|move|p2b: Charizard|Heat Wave|p1a: Charizard|[spread] p1a,p1b
|-resisted|p1a: Charizard|1
|-resisted|p1b: Incineroar|1
|-damage|p1a: Charizard|0 fnt
|-damage|p1b: Incineroar|76/100
|faint|p1a: Charizard
|
|-damage|p2a: Whimsicott|64/100 tox|[from] psn
|-damage|p2b: Charizard|82/100 tox|[from] psn
|upkeep
|
|t:|1786043039
|switch|p1a: Toxapex|Toxapex, L50, F|61/100
|turn|8
|
|t:|1786043057
|move|p1b: Incineroar|Fake Out|p2a: Whimsicott
|-damage|p2a: Whimsicott|47/100 tox
|cant|p2a: Whimsicott|flinch
|move|p2b: Charizard|Solar Beam||[still]
|-prepare|p2b: Charizard|Solar Beam
|move|p1a: Toxapex|Infestation|p2b: Charizard
|-resisted|p2b: Charizard|2
|-damage|p2b: Charizard|81/100 tox
|-activate|p2b: Charizard|move: Infestation|[of] p1a: Toxapex
|
|-heal|p1a: Toxapex|67/100|[from] item: Leftovers
|-damage|p2a: Whimsicott|24/100 tox|[from] psn
|-damage|p2b: Charizard|64/100 tox|[from] psn
|-damage|p2b: Charizard|52/100 tox|[from] move: Infestation|[partiallytrapped]
|upkeep
|turn|9
|
|t:|1786043071
|move|p1a: Toxapex|Baneful Bunker|p1a: Toxapex
|-singleturn|p1a: Toxapex|move: Protect
|move|p2a: Whimsicott|Moonblast|p1a: Toxapex
|-activate|p1a: Toxapex|move: Protect
|move|p2b: Charizard|Solar Beam|p1a: Toxapex|[from] lockedmove
|-activate|p1a: Toxapex|move: Protect
|move|p1b: Incineroar|Parting Shot|p2b: Charizard
|-unboost|p2b: Charizard|atk|1
|-unboost|p2b: Charizard|spa|1
|
|t:|1786043078
|switch|p1b: Venusaur|Venusaur, L50, M|100/100|[from] Parting Shot
|
|-heal|p1a: Toxapex|73/100|[from] item: Leftovers
|-damage|p2a: Whimsicott|0 fnt|[from] psn
|faint|p2a: Whimsicott
|-damage|p2b: Charizard|28/100 tox|[from] psn
|-damage|p2b: Charizard|16/100 tox|[from] move: Infestation|[partiallytrapped]
|upkeep
|turn|10
|
|t:|1786043088
|switch|p1b: Incineroar|Incineroar, L50, M|76/100
|-ability|p1b: Incineroar|Intimidate|boost
|-unboost|p2b: Charizard|atk|1
|move|p2b: Charizard|Heat Wave|p1b: Incineroar|[spread] p1a,p1b
|-resisted|p1a: Toxapex|1
|-resisted|p1b: Incineroar|1
|-damage|p1a: Toxapex|62/100
|-damage|p1b: Incineroar|64/100
|move|p1a: Toxapex|Infestation|p2b: Charizard
|-resisted|p2b: Charizard|2
|-damage|p2b: Charizard|15/100 tox
|
|-heal|p1a: Toxapex|68/100|[from] item: Leftovers
|-damage|p2b: Charizard|0 fnt|[from] psn
|faint|p2b: Charizard
|
|win|new mental
