|j|☆Shepz
|j|☆LynxVGC
|html|ShepzLynxVGC    
|uhtml|bestof|Game 1 of a best-of-3
|t:|1784547757
|gametype|doubles
|player|p1|Shepz|bellelba|1192
|player|p2|LynxVGC|larry|1276
|gen|9
|tier|[Gen 9 Champions] VGC 2026 Reg M-B (Bo3)
|rated|
|rule|Species Clause: Limit one of each Pokémon
|rule|Item Clause: Limit 1 of each item
|clearpoke
|poke|p1|Aggron, L50, M|
|poke|p1|Sinistcha, L50|
|poke|p1|Grimmsnarl, L50, M|
|poke|p1|Tyranitar, L50, M|
|poke|p1|Primarina, L50, M|
|poke|p1|Farigiraf, L50, F|
|poke|p2|Basculegion, L50, M|
|poke|p2|Kingambit, L50, M|
|poke|p2|Maushold, L50|
|poke|p2|Gardevoir, L50, F|
|poke|p2|Talonflame, L50, F|
|poke|p2|Garchomp, L50, F|
|teampreview|4
|showteam|p1|Aggron||Aggronite|Sturdy|BodyPress,HeavySlam,IronDefense,Protect|Careful||M|||50|]Sinistcha||SitrusBerry|Hospitality|MatchaGotcha,TrickRoom,RagePowder,Protect|Calm|||||50|]Grimmsnarl||LightClay|Prankster|FakeOut,PartingShot,SpiritBreak,LightScreen|Impish||M|||50|]Tyranitar||Tyranitarite|SandStream|RockSlide,KnockOff,DragonDance,Protect|Jolly||M|||50|]Primarina||ChoiceScarf|LiquidVoice|HyperVoice,Moonblast,DazzlingGleam,Psychic|Timid||M|||50|]Farigiraf||Leftovers|ArmorTail|Thunderbolt,HyperVoice,TrickRoom,Protect|Quiet||F|||50|
|showteam|p2|Basculegion||ChoiceScarf|Adaptability|FlipTurn,AquaJet,WaveCrash,LastRespects|Jolly||M|||50|]Kingambit||FocusSash|Defiant|KowtowCleave,LowKick,SuckerPunch,IronHead|Adamant||M|||50|]Maushold||ChopleBerry|FriendGuard|SuperFang,FollowMe,Feint,Protect|Timid|||||50|]Gardevoir||Gardevoirite|Telepathy|HyperVoice,Psyshock,VacuumWave,Protect|Modest||F|||50|]Talonflame||SharpBeak|GaleWings|DualWingbeat,Tailwind,QuickGuard,FlareBlitz|Jolly||F|||50|]Garchomp||LifeOrb|RoughSkin|DragonClaw,Earthquake,RockTomb,Protect|Adamant||F|||50|
|inactive|Battle timer is ON: inactive players will automatically lose when time's up. (requested by Shepz)
|inactive|Shepz has 60 seconds left.
|
|t:|1784547815
|teamsize|p1|4
|teamsize|p2|4
|start
|switch|p1a: Chuncker|Aggron, L50, M|100/100
|switch|p1b: Goblin|Grimmsnarl, L50, M|100/100
|switch|p2a: Gardevoir|Gardevoir, L50, F|100/100
|switch|p2b: Maushold|Maushold, L50|100/100
|turn|1
|
|t:|1784547836
|detailschange|p2a: Gardevoir|Gardevoir-Mega, L50, F
|-mega|p2a: Gardevoir|Gardevoir|Gardevoirite
|detailschange|p1a: Chuncker|Aggron-Mega, L50, M
|-mega|p1a: Chuncker|Aggron|Aggronite
|move|p2a: Gardevoir|Protect|p2a: Gardevoir
|-singleturn|p2a: Gardevoir|Protect
|move|p1b: Goblin|Fake Out|p2b: Maushold
|-damage|p2b: Maushold|86/100
|cant|p2b: Maushold|flinch
|move|p1a: Chuncker|Iron Defense|p1a: Chuncker
|-boost|p1a: Chuncker|def|2
|
|upkeep
|turn|2
|
|t:|1784547860
|move|p1a: Chuncker|Protect|p1a: Chuncker
|-singleturn|p1a: Chuncker|Protect
|move|p2b: Maushold|Follow Me|p2b: Maushold
|-singleturn|p2b: Maushold|move: Follow Me
|move|p1b: Goblin|Parting Shot|p2b: Maushold
|-unboost|p2b: Maushold|atk|1
|-unboost|p2b: Maushold|spa|1
|
|t:|1784547867
|switch|p1b: Body TEA|Sinistcha, L50|100/100|[from] Parting Shot
|move|p2a: Gardevoir|Hyper Voice|p1b: Body TEA|[spread] p1b
|-activate|p1a: Chuncker|move: Protect
|-damage|p1b: Body TEA|55/100
|
|upkeep
|turn|3
|inactive|Shepz has 30 seconds left.
|inactive|Shepz has 20 seconds left.
|
|t:|1784547905
|move|p1b: Body TEA|Protect|p1b: Body TEA
|-singleturn|p1b: Body TEA|Protect
|move|p2b: Maushold|Follow Me|p2b: Maushold
|-singleturn|p2b: Maushold|move: Follow Me
|move|p2a: Gardevoir|Hyper Voice|p1b: Body TEA|[spread] p1a
|-activate|p1b: Body TEA|move: Protect
|-resisted|p1a: Chuncker|1
|-damage|p1a: Chuncker|76/100
|move|p1a: Chuncker|Body Press|p2b: Maushold
|-supereffective|p2b: Maushold|1
|-enditem|p2b: Maushold|Chople Berry|[eat]
|-enditem|p2b: Maushold|Chople Berry|[weaken]
|-damage|p2b: Maushold|0 fnt
|faint|p2b: Maushold
|
|upkeep
|
|t:|1784547922
|switch|p2b: Garchomp|Garchomp, L50, F|100/100
|turn|4
|
|t:|1784547940
|move|p2a: Gardevoir|Protect|p2a: Gardevoir
|-singleturn|p2a: Gardevoir|Protect
|move|p1a: Chuncker|Protect|p1a: Chuncker
|-singleturn|p1a: Chuncker|Protect
|move|p2b: Garchomp|Earthquake|p1a: Chuncker|[spread] p1b
|-activate|p2a: Gardevoir|move: Protect
|-activate|p1a: Chuncker|move: Protect
|-resisted|p1b: Body TEA|1
|-damage|p1b: Body TEA|30/100
|-enditem|p1b: Body TEA|Sitrus Berry|[eat]
|-heal|p1b: Body TEA|55/100|[from] item: Sitrus Berry
|-damage|p2b: Garchomp|90/100|[from] item: Life Orb
|move|p1b: Body TEA|Trick Room|p1b: Body TEA
|-fieldstart|move: Trick Room|[of] p1b: Body TEA
|
|upkeep
|turn|5
|inactive|LynxVGC has 30 seconds left.
|
|t:|1784547969
|switch|p2a: Kingambit|Kingambit, L50, M|100/100
|move|p1a: Chuncker|Iron Defense|p1a: Chuncker
|-boost|p1a: Chuncker|def|2
|move|p1b: Body TEA|Matcha Gotcha|p2b: Garchomp|[spread] p2a,p2b
|-resisted|p2a: Kingambit|1
|-damage|p2a: Kingambit|87/100
|-heal|p1b: Body TEA|61/100|[from] drain|[of] p2a: Kingambit
|-damage|p2b: Garchomp|66/100
|-heal|p1b: Body TEA|75/100|[from] drain|[of] p2b: Garchomp
|move|p2b: Garchomp|Dragon Claw|p1b: Body TEA
|-damage|p1b: Body TEA|19/100
|-damage|p2b: Garchomp|57/100|[from] item: Life Orb
|
|upkeep
|turn|6
|inactive|Shepz has 30 seconds left.
|inactive|LynxVGC has 30 seconds left.
|
|t:|1784547999
|move|p1b: Body TEA|Rage Powder|p1b: Body TEA
|-singleturn|p1b: Body TEA|move: Rage Powder
|move|p1a: Chuncker|Body Press|p2a: Kingambit
|-supereffective|p2a: Kingambit|2
|-damage|p2a: Kingambit|0 fnt
|faint|p2a: Kingambit
|move|p2b: Garchomp|Earthquake|p1b: Body TEA|[spread] p1a,p1b
|-supereffective|p1a: Chuncker|1
|-resisted|p1b: Body TEA|1
|-damage|p1a: Chuncker|62/100
|-damage|p1b: Body TEA|0 fnt
|faint|p1b: Body TEA
|-damage|p2b: Garchomp|47/100|[from] item: Life Orb
|
|upkeep
|
|t:|1784548020
|switch|p1b: Ariel|Primarina, L50, M|100/100
|switch|p2a: Gardevoir|Gardevoir-Mega, L50, F|100/100
|turn|7
|
|t:|1784548039
|move|p1a: Chuncker|Protect|p1a: Chuncker
|-singleturn|p1a: Chuncker|Protect
|move|p2b: Garchomp|Protect|p2b: Garchomp
|-singleturn|p2b: Garchomp|Protect
|move|p2a: Gardevoir|Vacuum Wave|p1a: Chuncker
|-activate|p1a: Chuncker|move: Protect
|move|p1b: Ariel|Dazzling Gleam|p2b: Garchomp|[spread] p2a
|-activate|p2b: Garchomp|move: Protect
|-damage|p2a: Gardevoir|77/100
|
|upkeep
|turn|8
|
|t:|1784548054
|move|p2b: Garchomp|Protect||[still]
|-fail|p2b: Garchomp
|move|p2a: Gardevoir|Vacuum Wave|p1a: Chuncker
|-supereffective|p1a: Chuncker|1
|-damage|p1a: Chuncker|41/100
|move|p1a: Chuncker|Heavy Slam|p2a: Gardevoir
|-supereffective|p2a: Gardevoir|1
|-damage|p2a: Gardevoir|0 fnt
|faint|p2a: Gardevoir
|move|p1b: Ariel|Dazzling Gleam|p2b: Garchomp
|-supereffective|p2b: Garchomp|1
|-damage|p2b: Garchomp|0 fnt
|faint|p2b: Garchomp
|
|win|Shepz
||LynxVGC is ready for game 2.
|inactive|Shepz has 30 seconds to confirm battle start!
||Shepz is ready for game 2.
|uhtml|next|Next: Game 2 of 3
|l|☆LynxVGC
|player|p2|
|j|☆LynxVGC
|player|p2|LynxVGC|larry|
|l|☆Shepz
|player|p1|
