|j|☆KatakuriGOD
|j|☆don zaloog is real
|html|KatakuriGODdon zaloog is real    
|uhtml|bestof|Game 3 of a best-of-3
|t:|1756152456
|gametype|doubles
|player|p1|KatakuriGOD|102|1287
|player|p2|don zaloog is real|collector|1340
|gen|9
|tier|[Gen 9] VGC 2025 Reg H (Bo3)
|rated|
|rule|Species Clause: Limit one of each Pokémon
|rule|Item Clause: Limit 1 of each item
|clearpoke
|poke|p1|Dragapult, L50, F|
|poke|p1|Sneasler, L50, M|
|poke|p1|Magmar, L50, F|
|poke|p1|Rillaboom, L50, M|
|poke|p1|Kingambit, L50, M|
|poke|p1|Primarina, L50, F|
|poke|p2|Rillaboom, L50, M|
|poke|p2|Volcarona, L50, F|
|poke|p2|Kingambit, L50, M|
|poke|p2|Ninetales-Alola, L50, F|
|poke|p2|Basculegion, L50, M|
|poke|p2|Electabuzz, L50, M|
|teampreview|4
|showteam|p1|Dragapult||ChoiceBand|ClearBody|DragonDarts,TeraBlast,Uturn,PhantomForce|||F|||50|,,,,,Ghost]Sneasler||FocusSash|PoisonTouch|FakeOut,CloseCombat,DireClaw,Protect|||M|||50|,,,,,Stellar]Magmar||Eviolite|VitalSpirit|FollowMe,WillOWisp,Overheat,Protect|||F|||50|,,,,,Ghost]Rillaboom||AssaultVest|GrassySurge|FakeOut,WoodHammer,GrassyGlide,HighHorsepower|||M|||50|,,,,,Fire]Kingambit||BlackGlasses|Defiant|KowtowCleave,SuckerPunch,SwordsDance,Protect|||M|||50|,,,,,Ghost]Primarina||SitrusBerry|LiquidVoice|HyperVoice,Moonblast,Haze,Protect|||F|||50|,,,,,Poison
|showteam|p2|Rillaboom||AssaultVest|GrassySurge|WoodHammer,GrassyGlide,HighHorsepower,FakeOut|||M|||50|,,,,,Fire]Volcarona||GrassySeed|FlameBody|HeatWave,GigaDrain,QuiverDance,Protect|||F|||50|,,,,,Grass]Kingambit||SafetyGoggles|Defiant|KowtowCleave,SuckerPunch,SwordsDance,Protect|||M|||50|,,,,,Dark]Ninetales-Alola||FocusSash|SnowWarning|Blizzard,Encore,Disable,Protect|||F|||50|,,,,,Ghost]Basculegion||ChoiceScarf|Adaptability|WaveCrash,LastRespects,FlipTurn,AquaJet|||M|||50|,,,,,Dragon]Electabuzz||Eviolite|VitalSpirit|Thunderbolt,FollowMe,Taunt,HelpingHand|||M|||50|,,,,,Fairy
|inactive|Battle timer is ON: inactive players will automatically lose when time's up. (requested by KatakuriGOD)
|inactive|don zaloog is real has 60 seconds left.
|
|t:|1756152500
|teamsize|p1|4
|teamsize|p2|4
|start
|switch|p1a: Dragapult|Dragapult, L50, F|100/100
|switch|p1b: Sneasler|Sneasler, L50, M|100/100
|switch|p2a: Basculegion|Basculegion, L50, M|100/100
|switch|p2b: Ninetales|Ninetales-Alola, L50, F|100/100
|-weather|Snowscape|[from] ability: Snow Warning|[of] p2b: Ninetales
|turn|1
|inactive|KatakuriGOD has 30 seconds left.
|
|t:|1756152532
|switch|p2a: Kingambit|Kingambit, L50, M|100/100
|-terastallize|p2b: Ninetales|Ghost
|move|p1b: Sneasler|Protect|p1b: Sneasler
|-singleturn|p1b: Sneasler|Protect
|move|p1a: Dragapult|U-turn|p2a: Kingambit
|-damage|p2a: Kingambit|76/100
|
|t:|1756152543
|switch|p1a: Primarina|Primarina, L50, F|100/100|[from] U-turn
|move|p2b: Ninetales|Blizzard|p1b: Sneasler|[spread] p1a
|-activate|p1b: Sneasler|move: Protect
|-resisted|p1a: Primarina
|-damage|p1a: Primarina|87/100
|
|-weather|Snowscape|[upkeep]
|upkeep
|turn|2
|
|t:|1756152561
|switch|p2a: Basculegion|Basculegion, L50, M|100/100
|move|p1b: Sneasler|Close Combat|p2a: Basculegion
|-immune|p2a: Basculegion
|move|p2b: Ninetales|Blizzard|p1b: Sneasler|[spread] p1a,p1b
|-resisted|p1a: Primarina
|-damage|p1a: Primarina|74/100
|-damage|p1b: Sneasler|54/100
|move|p1a: Primarina|Hyper Voice|p2a: Basculegion|[spread] p2a,p2b
|-resisted|p2a: Basculegion
|-damage|p2a: Basculegion|83/100
|-damage|p2b: Ninetales|64/100
|
|-weather|Snowscape|[upkeep]
|upkeep
|turn|3
|
|t:|1756152580
|move|p1b: Sneasler|Protect|p1b: Sneasler
|-singleturn|p1b: Sneasler|Protect
|move|p2a: Basculegion|Flip Turn|p1b: Sneasler
|-activate|p1b: Sneasler|move: Protect
|move|p2b: Ninetales|Encore|p1a: Primarina
|-start|p1a: Primarina|Encore
|move|p1a: Primarina|Hyper Voice|p2b: Ninetales|[spread] p2a,p2b
|-resisted|p2a: Basculegion
|-damage|p2a: Basculegion|66/100
|-damage|p2b: Ninetales|25/100
|
|-weather|Snowscape|[upkeep]
|upkeep
|turn|4
|
|t:|1756152600
|move|p2a: Basculegion|Flip Turn|p1b: Sneasler
|-damage|p1b: Sneasler|0 fnt
|faint|p1b: Sneasler
|
|t:|1756152605
|switch|p2a: Kingambit|Kingambit, L50, M|76/100|[from] Flip Turn
|move|p2b: Ninetales|Disable|p1a: Primarina
|-start|p1a: Primarina|Disable|Hyper Voice
|cant|p1a: Primarina|Disable|Hyper Voice
|
|-weather|Snowscape|[upkeep]
|upkeep
|
|t:|1756152612
|switch|p1b: Magmar|Magmar, L50, F|100/100
|turn|5
|
|t:|1756152624
|switch|p1a: Dragapult|Dragapult, L50, F|100/100
|switch|p2a: Volcarona|Volcarona, L50, F|100/100
|move|p2b: Ninetales|Blizzard|p1b: Magmar|[spread] p1a,p1b
|-supereffective|p1a: Dragapult
|-resisted|p1b: Magmar
|-damage|p1a: Dragapult|13/100
|-damage|p1b: Magmar|88/100
|move|p1b: Magmar|Overheat|p2b: Ninetales
|-damage|p2b: Ninetales|0 fnt
|-unboost|p1b: Magmar|spa|2
|faint|p2b: Ninetales
|
|-weather|none
|upkeep
|
|t:|1756152645
|switch|p2b: Basculegion|Basculegion, L50, M|66/100
|turn|6
|inactive|KatakuriGOD has 30 seconds left.
|
|t:|1756152677
|-terastallize|p1a: Dragapult|Ghost
|move|p2b: Basculegion|Aqua Jet|p1a: Dragapult
|-crit|p1a: Dragapult
|-damage|p1a: Dragapult|0 fnt
|faint|p1a: Dragapult
|move|p2a: Volcarona|Heat Wave|p1b: Magmar
|-resisted|p1b: Magmar
|-damage|p1b: Magmar|71/100
|move|p1b: Magmar|Overheat|p2a: Volcarona
|-damage|p2a: Volcarona|79/100
|-unboost|p1b: Magmar|spa|2
|
|upkeep
|
|t:|1756152682
|switch|p1a: Primarina|Primarina, L50, F|74/100
|turn|7
|
|t:|1756152694
|switch|p2b: Kingambit|Kingambit, L50, M|76/100
|move|p2a: Volcarona|Quiver Dance|p2a: Volcarona
|-boost|p2a: Volcarona|spa|1
|-boost|p2a: Volcarona|spd|1
|-boost|p2a: Volcarona|spe|1
|move|p1b: Magmar|Will-O-Wisp|p2b: Kingambit
|-status|p2b: Kingambit|brn
|move|p1a: Primarina|Haze|p1a: Primarina
|-clearallboost
|
|-damage|p2b: Kingambit|70/100 brn|[from] brn
|upkeep
|turn|8
|
|t:|1756152714
|move|p2a: Volcarona|Quiver Dance|p2a: Volcarona
|-boost|p2a: Volcarona|spa|1
|-boost|p2a: Volcarona|spd|1
|-boost|p2a: Volcarona|spe|1
|move|p1b: Magmar|Overheat|p2a: Volcarona
|-damage|p2a: Volcarona|44/100
|-unboost|p1b: Magmar|spa|2
|move|p1a: Primarina|Hyper Voice|p2b: Kingambit|[spread] p2a,p2b
|-supereffective|p2a: Volcarona
|-damage|p2a: Volcarona|2/100
|-damage|p2b: Kingambit|39/100 brn
|move|p2b: Kingambit|Kowtow Cleave|p1b: Magmar
|-damage|p1b: Magmar|50/100
|
|-damage|p2b: Kingambit|33/100 brn|[from] brn
|upkeep
|turn|9
|
|t:|1756152731
|move|p1a: Primarina|Protect|p1a: Primarina
|-singleturn|p1a: Primarina|Protect
|move|p2a: Volcarona|Heat Wave|p1b: Magmar|[spread] p1b
|-activate|p1a: Primarina|move: Protect
|-resisted|p1b: Magmar
|-damage|p1b: Magmar|29/100
|move|p1b: Magmar|Overheat|p2a: Volcarona
|-damage|p2a: Volcarona|0 fnt
|-unboost|p1b: Magmar|spa|2
|faint|p2a: Volcarona
|move|p2b: Kingambit|Kowtow Cleave|p1a: Primarina
|-activate|p1a: Primarina|move: Protect
|
|-damage|p2b: Kingambit|28/100 brn|[from] brn
|upkeep
|
|t:|1756152737
|switch|p2a: Basculegion|Basculegion, L50, M|66/100
|turn|10
|
|t:|1756152746
|move|p1b: Magmar|Protect|p1b: Magmar
|-singleturn|p1b: Magmar|Protect
|move|p2b: Kingambit|Protect|p2b: Kingambit
|-singleturn|p2b: Kingambit|Protect
|move|p2a: Basculegion|Last Respects|p1a: Primarina
|-damage|p1a: Primarina|0 fnt
|faint|p1a: Primarina
|
|-damage|p2b: Kingambit|22/100 brn|[from] brn
|upkeep
|turn|11
|
|t:|1756152757
|move|p2a: Basculegion|Last Respects|p1b: Magmar
|-damage|p1b: Magmar|0 fnt
|faint|p1b: Magmar
|
|win|don zaloog is real
|raw|KatakuriGOD's rating: 1287 → 1266(-21 for losing)
|raw|don zaloog is real's rating: 1340 → 1357(+17 for winning)
