|j|☆bearlover997
|j|☆SuprEpcGuy
|html|bearlover997SuprEpcGuy    
|uhtml|bestof|Game 1 of a best-of-3
|t:|1784952458
|gametype|doubles
|player|p1|bearlover997|sage|1065
|player|p2|SuprEpcGuy|shauntal|1201
|gen|9
|tier|[Gen 9 Champions] VGC 2026 Reg M-B (Bo3)
|rated|
|rule|Species Clause: Limit one of each Pokémon
|rule|Item Clause: Limit 1 of each item
|clearpoke
|poke|p1|Dragalge, L50, F, shiny|
|poke|p1|Sinistcha, L50|
|poke|p1|Incineroar, L50, M|
|poke|p1|Grimmsnarl, L50, M|
|poke|p1|Lopunny, L50, F|
|poke|p1|Volcarona, L50, F|
|poke|p2|Zoroark-Hisui, L50, M|
|poke|p2|Torkoal, L50, M|
|poke|p2|Farigiraf, L50, M|
|poke|p2|Floette-Eternal, L50, F|
|poke|p2|Aerodactyl, L50, M|
|poke|p2|Incineroar, L50, M|
|teampreview|4
|showteam|p1|Dragalge||Dragalgite|PoisonPoint|DracoMeteor,SludgeBomb,FlipTurn,Toxic|Calm||F|||50|]Sinistcha||ColburBerry|Hospitality|MatchaGotcha,StrengthSap,RagePowder,Protect|Bold|||||50|]Incineroar||SitrusBerry|Intimidate|FakeOut,PartingShot,WillOWisp,FlareBlitz|Adamant||M|||50|]Grimmsnarl||LightClay|Prankster|LightScreen,Reflect,PartingShot,SpiritBreak|Careful||M|||50|]Lopunny||Lopunnite|Limber|CloseCombat,Encore,FakeOut,Uturn|Jolly||F|||50|]Volcarona||Leftovers|FlameBody|QuiverDance,FieryDance,BugBuzz,Protect|Modest||F|||50|
|showteam|p2|Zoroark-Hisui||ChoiceScarf|Illusion|IcyWind,BitterMalice,HyperVoice,Taunt|Timid||M|||50|]Torkoal||Charcoal|Drought|Eruption,WeatherBall,EarthPower,Protect|Quiet||M|||50|]Farigiraf||ColburBerry|ArmorTail|Psychic,HyperVoice,TrickRoom,HelpingHand|Quiet||M|||50|]Floette-Eternal||Floettite|FlowerVeil|Moonblast,DazzlingGleam,LightofRuin,Protect|Timid||F|||50|]Aerodactyl||LifeOrb|Unnerve|RockSlide,IceFang,DualWingbeat,Protect|Jolly||M|||50|]Incineroar||SitrusBerry|Intimidate|FakeOut,DarkestLariat,FlareBlitz,PartingShot|Adamant||M|||50|
|inactive|Battle timer is ON: inactive players will automatically lose when time's up. (requested by SuprEpcGuy)
|inactive|bearlover997 also wants the timer to be on.
|inactive|SuprEpcGuy has 60 seconds left.
|inactive|SuprEpcGuy has 30 seconds left.
|inactive|SuprEpcGuy has 20 seconds left.
|inactive|SuprEpcGuy has 15 seconds left.
|inactive|SuprEpcGuy has 10 seconds left.
|
|t:|1784952542
|teamsize|p1|4
|teamsize|p2|4
|start
|switch|p1a: Dragalge|Dragalge, L50, F, shiny|100/100
|switch|p1b: Grimmsnarl|Grimmsnarl, L50, M|100/100
|switch|p2a: Steve|Aerodactyl, L50, M|100/100
|switch|p2b: Floette|Floette-Eternal, L50, F|100/100
|-ability|p2a: Steve|Unnerve
|turn|1
|
|t:|1784952563
|detailschange|p2b: Floette|Floette-Mega, L50, F
|-mega|p2b: Floette|Floette|Floettite
|-ability|p2b: Floette|Fairy Aura
|detailschange|p1a: Dragalge|Dragalge-Mega, L50, F, shiny
|-mega|p1a: Dragalge|Dragalge|Dragalgite
|move|p1b: Grimmsnarl|Parting Shot|p2a: Steve
|-unboost|p2a: Steve|atk|1
|-unboost|p2a: Steve|spa|1
|
|t:|1784952571
|switch|p1b: Incineroar|Incineroar, L50, M|100/100|[from] Parting Shot
|-ability|p1b: Incineroar|Intimidate|boost
|-unboost|p2a: Steve|atk|1
|-unboost|p2b: Floette|atk|1
|move|p2a: Steve|Ice Fang|p1a: Dragalge
|-supereffective|p1a: Dragalge|1
|-damage|p1a: Dragalge|74/100
|-damage|p2a: Steve|90/100|[from] item: Life Orb
|move|p2b: Floette|Dazzling Gleam|p1b: Incineroar|[spread] p1a,p1b
|-damage|p1a: Dragalge|50/100y
|-damage|p1b: Incineroar|61/100
|move|p1a: Dragalge|Sludge Bomb|p2b: Floette
|-supereffective|p2b: Floette|1
|-damage|p2b: Floette|36/100
|-status|p2b: Floette|psn
|
|-damage|p2b: Floette|24/100 psn|[from] psn
|upkeep
|turn|2
|j| imsavusnic
|inactive|SuprEpcGuy has 30 seconds left.
|
|t:|1784952599
|switch|p2a: Racecar|Farigiraf, L50, M|100/100
|move|p1b: Incineroar|Fake Out||[still]
|cant|p2a: Racecar|ability: Armor Tail|Fake Out|[of] p1b: Incineroar
|move|p2b: Floette|Moonblast|p1a: Dragalge
|-damage|p1a: Dragalge|7/100
|move|p1a: Dragalge|Flip Turn|p2b: Floette
|-damage|p2b: Floette|9/100 psn
|l| imsavusnic
|
|t:|1784952611
|-heal|p1a: Dragalge|40/100|[from] ability: Regenerator|[silent]
|switch|p1a: Sinistcha|Sinistcha, L50|100/100|[from] Flip Turn
|-heal|p1b: Incineroar|86/100|[from] ability: Hospitality|[of] p1a: Sinistcha
|
|-damage|p2b: Floette|0 fnt|[from] psn
|faint|p2b: Floette
|upkeep
|
|t:|1784952621
|switch|p2b: Big Purr|Incineroar, L50, M|100/100
|-ability|p2b: Big Purr|Intimidate|boost
|-unboost|p1a: Sinistcha|atk|1
|-unboost|p1b: Incineroar|atk|1
|turn|3
|inactive|SuprEpcGuy has 30 seconds left.
|
|t:|1784952646
|move|p1a: Sinistcha|Matcha Gotcha|p2a: Racecar|[spread] p2a,p2b
|-resisted|p2b: Big Purr|1
|-damage|p2a: Racecar|81/100
|-damage|p2b: Big Purr|88/100
|move|p1b: Incineroar|Flare Blitz|p2a: Racecar
|-damage|p2a: Racecar|46/100
|-damage|p1b: Incineroar|73/100|[from] Recoil
|move|p2b: Big Purr|Darkest Lariat|p1a: Sinistcha
|-supereffective|p1a: Sinistcha|1
|-enditem|p1a: Sinistcha|Colbur Berry|[eat]
|-enditem|p1a: Sinistcha|Colbur Berry|[weaken]
|-damage|p1a: Sinistcha|67/100
|move|p2a: Racecar|Hyper Voice|p1b: Incineroar|[spread] p1b
|-immune|p1a: Sinistcha
|-damage|p1b: Incineroar|50/100g
|
|upkeep
|turn|4
|inactive|SuprEpcGuy has 30 seconds left.
|
|t:|1784952677
|move|p1a: Sinistcha|Strength Sap|p2b: Big Purr
|-unboost|p2b: Big Purr|atk|1
|-heal|p1a: Sinistcha|100/100
|move|p2b: Big Purr|Parting Shot|p1b: Incineroar
|-unboost|p1b: Incineroar|atk|1
|-unboost|p1b: Incineroar|spa|1
|
|t:|1784952684
|switch|p2b: Steve|Aerodactyl, L50, M|90/100|[from] Parting Shot
|-ability|p2b: Steve|Unnerve
|move|p1b: Incineroar|Parting Shot|p2b: Steve
|-unboost|p2b: Steve|atk|1
|-unboost|p2b: Steve|spa|1
|
|t:|1784952696
|switch|p1b: Dragalge|Dragalge-Mega, L50, F, shiny|40/100|[from] Parting Shot
|move|p2a: Racecar|Psychic|p1a: Sinistcha
|-damage|p1a: Sinistcha|57/100
|
|upkeep
|turn|5
|
|t:|1784952714
|-heal|p1b: Dragalge|73/100|[from] ability: Regenerator|[silent]
|switch|p1b: Incineroar|Incineroar, L50, M|50/100g
|-ability|p1b: Incineroar|Intimidate|boost
|-unboost|p2a: Racecar|atk|1
|-unboost|p2b: Steve|atk|1
|move|p2b: Steve|Protect|p2b: Steve
|-singleturn|p2b: Steve|Protect
|move|p1a: Sinistcha|Matcha Gotcha|p2b: Steve|[spread] p2a
|-activate|p2b: Steve|move: Protect
|-damage|p2a: Racecar|26/100
|-heal|p1a: Sinistcha|70/100|[from] drain|[of] p2a: Racecar
|move|p2a: Racecar|Psychic|p1b: Incineroar
|-immune|p1b: Incineroar
|
|upkeep
|turn|6
|
|t:|1784952735
|move|p2a: Racecar|Helping Hand|p2b: Steve
|-singleturn|p2b: Steve|Helping Hand|[of] p2a: Racecar
|move|p2b: Steve|Rock Slide|p1b: Incineroar|[spread] p1a,p1b
|-supereffective|p1b: Incineroar|1
|-damage|p1a: Sinistcha|52/100
|-damage|p1b: Incineroar|2/100
|-damage|p2b: Steve|80/100|[from] item: Life Orb
|move|p1a: Sinistcha|Matcha Gotcha|p2b: Steve|[spread] p2a,p2b
|-crit|p2a: Racecar
|-damage|p2a: Racecar|0 fnt
|-heal|p1a: Sinistcha|69/100|[from] drain|[of] p2a: Racecar
|-damage|p2b: Steve|45/100
|-heal|p1a: Sinistcha|85/100|[from] drain|[of] p2b: Steve
|-status|p2b: Steve|brn
|faint|p2a: Racecar
|move|p1b: Incineroar|Will-O-Wisp|p2b: Steve
|-fail|p2b: Steve|brn
|
|-damage|p2b: Steve|40/100 brn|[from] brn
|upkeep
|
|t:|1784952744
|switch|p2a: Big Purr|Incineroar, L50, M|88/100
|-ability|p2a: Big Purr|Intimidate|boost
|-unboost|p1a: Sinistcha|atk|1
|-unboost|p1b: Incineroar|atk|1
|turn|7
|
|t:|1784952765
|move|p2b: Steve|Rock Slide|p1b: Incineroar|[spread] p1a,p1b
|-supereffective|p1b: Incineroar|1
|-crit|p1b: Incineroar
|-damage|p1a: Sinistcha|79/100
|-damage|p1b: Incineroar|0 fnt
|faint|p1b: Incineroar
|-damage|p2b: Steve|30/100 brn|[from] item: Life Orb
|cant|p1a: Sinistcha|flinch
|move|p2a: Big Purr|Flare Blitz|p1a: Sinistcha
|-supereffective|p1a: Sinistcha|1
|-damage|p1a: Sinistcha|0 fnt
|faint|p1a: Sinistcha
|-damage|p2a: Big Purr|65/100|[from] Recoil
|
|-damage|p2b: Steve|24/100 brn|[from] brn
|upkeep
|
|t:|1784952776
|switch|p1a: Dragalge|Dragalge-Mega, L50, F, shiny|73/100
|switch|p1b: Grimmsnarl|Grimmsnarl, L50, M|100/100
|turn|8
|
|t:|1784952788
|move|p1b: Grimmsnarl|Reflect|p1b: Grimmsnarl
|-sidestart|p1: bearlover997|Reflect
|move|p2b: Steve|Ice Fang|p1a: Dragalge
|-supereffective|p1a: Dragalge|1
|-damage|p1a: Dragalge|65/100
|-damage|p2b: Steve|15/100 brn|[from] item: Life Orb
|move|p2a: Big Purr|Flare Blitz|p1b: Grimmsnarl
|-damage|p1b: Grimmsnarl|49/100
|-damage|p2a: Big Purr|48/100|[from] Recoil
|-enditem|p2a: Big Purr|Sitrus Berry|[eat]
|-heal|p2a: Big Purr|73/100|[from] item: Sitrus Berry
|move|p1a: Dragalge|Toxic|p2a: Big Purr
|-status|p2a: Big Purr|tox
|
|-damage|p2a: Big Purr|67/100 tox|[from] psn
|-damage|p2b: Steve|9/100 brn|[from] brn
|upkeep
|turn|9
|
|t:|1784952807
|move|p2b: Steve|Ice Fang|p1a: Dragalge
|-supereffective|p1a: Dragalge|1
|-damage|p1a: Dragalge|55/100
|-damage|p2b: Steve|0 fnt|[from] item: Life Orb
|faint|p2b: Steve
|move|p2a: Big Purr|Flare Blitz|p1b: Grimmsnarl
|-damage|p1b: Grimmsnarl|1/100
|-damage|p2a: Big Purr|51/100 tox|[from] Recoil
|move|p1b: Grimmsnarl|Spirit Break|p2a: Big Purr
|-damage|p2a: Big Purr|21/100 tox
|-unboost|p2a: Big Purr|spa|1
|move|p1a: Dragalge|Draco Meteor|p2a: Big Purr
|-damage|p2a: Big Purr|0 fnt
|-unboost|p1a: Dragalge|spa|2
|faint|p2a: Big Purr
|
|win|bearlover997
