|j|☆Moonman155
|j|☆tonsofpax
|html|Moonman155tonsofpax    
|uhtml|bestof|Game 2 of a best-of-3
|t:|1756751577
|gametype|doubles
|player|p1|Moonman155|170|
|player|p2|tonsofpax|bellelba|
|gen|9
|tier|[Gen 9] VGC 2025 Reg H (Bo3)
|rule|Species Clause: Limit one of each Pokémon
|rule|Item Clause: Limit 1 of each item
|clearpoke
|poke|p1|Bellibolt, L50, F|
|poke|p1|Pelipper, L50, M|
|poke|p1|Floatzel, L50, F|
|poke|p1|Amoonguss, L50, F|
|poke|p1|Bisharp, L50, M|
|poke|p1|Toxicroak, L50, F|
|poke|p2|Indeedee-F, L50, F|
|poke|p2|Oricorio-Sensu, L50, F|
|poke|p2|Tauros-Paldea-Blaze, L50, M|
|poke|p2|Gastrodon-East, L50, M|
|poke|p2|Ribombee, L50, M|
|poke|p2|Raichu, L50, M|
|teampreview|4
|showteam|p1|Bellibolt||AssaultVest|Electromorphosis|Thunder,MuddyWater,SuckerPunch,Electroweb|||F|||50|,,,,,Electric]Pelipper||FocusSash|Drizzle|Tailwind,WeatherBall,Hurricane,Protect|||M|||50|,,,,,Grass]Floatzel||ChoiceBand|SwiftSwim|FlipTurn,IceSpinner,WaveCrash,Crunch|||F|||50|,,,,,Water]Amoonguss||RockyHelmet|Regenerator|PollenPuff,RagePowder,Spore,Protect|||F|||50|,,,,,Ghost]Bisharp||Eviolite|Defiant|SuckerPunch,IronHead,Protect,SwordsDance|||M|||50|,,,,,Ghost]Toxicroak||SitrusBerry|DrySkin|FakeOut,DrainPunch,SwordsDance,PoisonJab|||F|||50|,,,,,Dark
|showteam|p2|Indeedee-F||RockyHelmet|PsychicSurge|FollowMe,TrickRoom,DazzlingGleam,HelpingHand|||F|||50|,,,,,Grass]Oricorio-Sensu||LifeOrb|Dancer|RevelationDance,AirSlash,QuiverDance,Protect|||F|||50|,,,,,Grass]Tauros-Paldea-Blaze||SafetyGoggles|Intimidate|FlareBlitz,CloseCombat,Protect,RagingBull|||M|||50|,,,,,Fire]Gastrodon-East||SitrusBerry|StormDrain|ClearSmog,EarthPower,Yawn,Protect|||M|||50|,,,,,Ghost]Ribombee||FocusSash|ShieldDust|Tailwind,QuiverDance,PollenPuff,Moonblast|||M|||50|,,,,,Fairy]Raichu||AssaultVest|LightningRod|FakeOut,Nuzzle,KnockOff,VoltSwitch|||M|||50|,,,,,Ghost
|inactive|Battle timer is ON: inactive players will automatically lose when time's up. (requested by Moonman155)
|
|t:|1756751601
|teamsize|p1|4
|teamsize|p2|4
|start
|switch|p1a: Pelipper|Pelipper, L50, M|100/100
|switch|p1b: Floatzel|Floatzel, L50, F|100/100
|switch|p2a: Oriconsensus|Oricorio-Sensu, L50, F|100/100
|switch|p2b: Ribombagree|Ribombee, L50, M, shiny|100/100
|-weather|RainDance|[from] ability: Drizzle|[of] p1a: Pelipper
|turn|1
|
|t:|1756751623
|switch|p2a: Gastruedon|Gastrodon-East, L50, M|100/100
|move|p1b: Floatzel|Wave Crash|p2a: Gastruedon
|-ability|p2a: Gastruedon|Storm Drain|boost
|-boost|p2a: Gastruedon|spa|1
|move|p2b: Ribombagree|Tailwind|p2b: Ribombagree
|-sidestart|p2: tonsofpax|move: Tailwind
|move|p1a: Pelipper|Hurricane|p2b: Ribombagree
|-supereffective|p2b: Ribombagree
|-enditem|p2b: Ribombagree|Focus Sash
|-damage|p2b: Ribombagree|1/100
|
|-weather|RainDance|[upkeep]
|upkeep
|turn|2
|inactive|Moonman155 has 30 seconds left.
|
|t:|1756751649
|switch|p1b: Amoonguss|Amoonguss, L50, F|100/100
|move|p2b: Ribombagree|Moonblast|p1a: Pelipper
|-damage|p1a: Pelipper|31/100
|-unboost|p1a: Pelipper|spa|1
|move|p1a: Pelipper|Hurricane|p2a: Gastruedon
|-damage|p2a: Gastruedon|73/100
|-start|p2a: Gastruedon|confusion
|-activate|p2a: Gastruedon|confusion
|move|p2a: Gastruedon|Yawn|p1b: Amoonguss
|-start|p1b: Amoonguss|move: Yawn|[of] p2a: Gastruedon
|
|-weather|RainDance|[upkeep]
|upkeep
|turn|3
|inactive|Moonman155 has 30 seconds left.
|
|t:|1756751676
|switch|p1b: Bisharp|Bisharp, L50, M|100/100
|move|p1a: Pelipper|Protect|p1a: Pelipper
|-singleturn|p1a: Pelipper|Protect
|move|p2b: Ribombagree|Pollen Puff|p2a: Gastruedon
|-heal|p2a: Gastruedon|100/100
|-activate|p2a: Gastruedon|confusion
|move|p2a: Gastruedon|Clear Smog|p1a: Pelipper
|-activate|p1a: Pelipper|move: Protect
|
|-weather|RainDance|[upkeep]
|upkeep
|turn|4
|
|t:|1756751694
|switch|p2b: Right U R|Raichu, L50, M|100/100
|switch|p1a: Amoonguss|Amoonguss, L50, F|100/100
|move|p1b: Bisharp|Protect|p1b: Bisharp
|-singleturn|p1b: Bisharp|Protect
|-activate|p2a: Gastruedon|confusion
|move|p2a: Gastruedon|Earth Power|p1b: Bisharp
|-activate|p1b: Bisharp|move: Protect
|
|-weather|RainDance|[upkeep]
|-sideend|p2: tonsofpax|move: Tailwind
|upkeep
|turn|5
|
|t:|1756751721
|move|p2b: Right U R|Fake Out|p1a: Amoonguss
|-damage|p1a: Amoonguss|91/100
|-damage|p2b: Right U R|84/100|[from] item: Rocky Helmet|[of] p1a: Amoonguss
|move|p1b: Bisharp|Swords Dance|p1b: Bisharp
|-boost|p1b: Bisharp|atk|2
|cant|p1a: Amoonguss|flinch
|-activate|p2a: Gastruedon|confusion
|move|p2a: Gastruedon|Earth Power|p1b: Bisharp
|-supereffective|p1b: Bisharp
|-damage|p1b: Bisharp|0 fnt
|faint|p1b: Bisharp
|
|-weather|none
|upkeep
|
|t:|1756751735
|switch|p1b: Pelipper|Pelipper, L50, M|31/100
|-weather|RainDance|[from] ability: Drizzle|[of] p1b: Pelipper
|turn|6
|
|t:|1756751750
|move|p1b: Pelipper|Protect|p1b: Pelipper
|-singleturn|p1b: Pelipper|Protect
|-end|p2a: Gastruedon|confusion
|move|p2a: Gastruedon|Protect|p2a: Gastruedon
|-singleturn|p2a: Gastruedon|Protect
|move|p2b: Right U R|Nuzzle|p1b: Pelipper
|-activate|p1b: Pelipper|move: Protect
|move|p1a: Amoonguss|Spore|p2b: Right U R
|-status|p2b: Right U R|slp|[from] move: Spore
|
|-weather|RainDance|[upkeep]
|upkeep
|turn|7
|
|t:|1756751774
|switch|p2a: Ribombagree|Ribombee, L50, M, shiny|1/100
|cant|p2b: Right U R|slp
|move|p1b: Pelipper|Hurricane|p2a: Ribombagree
|-supereffective|p2a: Ribombagree
|-damage|p2a: Ribombagree|0 fnt
|faint|p2a: Ribombagree
|move|p1a: Amoonguss|Pollen Puff|p1b: Pelipper
|-heal|p1b: Pelipper|80/100
|
|-weather|RainDance|[upkeep]
|upkeep
|
|t:|1756751786
|switch|p2a: Oriconsensus|Oricorio-Sensu, L50, F|100/100
|turn|8
|
|t:|1756751811
|-terastallize|p2a: Oriconsensus|Grass
|-curestatus|p2b: Right U R|slp|[msg]
|move|p2b: Right U R|Volt Switch|p1b: Pelipper
|-supereffective|p1b: Pelipper
|-damage|p1b: Pelipper|0 fnt
|faint|p1b: Pelipper
|
|t:|1756751818
|switch|p2b: Gastruedon|Gastrodon-East, L50, M|100/100|[from] Volt Switch
|move|p2a: Oriconsensus|Revelation Dance|p1a: Amoonguss
|-resisted|p1a: Amoonguss
|-damage|p1a: Amoonguss|84/100
|-damage|p2a: Oriconsensus|91/100|[from] item: Life Orb
|move|p1a: Amoonguss|Pollen Puff|p2b: Gastruedon
|-damage|p2b: Gastruedon|85/100
|
|-weather|RainDance|[upkeep]
|upkeep
|
|t:|1756751829
|switch|p1b: Floatzel|Floatzel, L50, F|100/100
|turn|9
|inactive|Moonman155 has 30 seconds left.
|
|t:|1756751854
|switch|p2a: Right U R|Raichu, L50, M|84/100
|move|p2b: Gastruedon|Protect|p2b: Gastruedon
|-singleturn|p2b: Gastruedon|Protect
|move|p1a: Amoonguss|Rage Powder|p1a: Amoonguss
|-singleturn|p1a: Amoonguss|move: Rage Powder
|move|p1b: Floatzel|Crunch|p2b: Gastruedon
|-activate|p2b: Gastruedon|move: Protect
|
|-weather|RainDance|[upkeep]
|upkeep
|turn|10
|
|t:|1756751879
|move|p2a: Right U R|Fake Out|p1a: Amoonguss
|-damage|p1a: Amoonguss|73/100
|-damage|p2a: Right U R|68/100|[from] item: Rocky Helmet|[of] p1a: Amoonguss
|move|p1b: Floatzel|Crunch|p2b: Gastruedon
|-damage|p2b: Gastruedon|44/100
|-enditem|p2b: Gastruedon|Sitrus Berry|[eat]
|-heal|p2b: Gastruedon|68/100|[from] item: Sitrus Berry
|cant|p1a: Amoonguss|flinch
|move|p2b: Gastruedon|Yawn|p1b: Floatzel
|-start|p1b: Floatzel|move: Yawn|[of] p2b: Gastruedon
|
|-weather|none
|upkeep
|turn|11
|
|t:|1756751903
|move|p2b: Gastruedon|Protect|p2b: Gastruedon
|-singleturn|p2b: Gastruedon|Protect
|move|p2a: Right U R|Nuzzle|p1a: Amoonguss
|-resisted|p1a: Amoonguss
|-damage|p1a: Amoonguss|70/100
|-status|p1a: Amoonguss|par
|-damage|p2a: Right U R|52/100|[from] item: Rocky Helmet|[of] p1a: Amoonguss
|move|p1b: Floatzel|Crunch|p2b: Gastruedon
|-activate|p2b: Gastruedon|move: Protect
|move|p1a: Amoonguss|Spore|p2a: Right U R
|-status|p2a: Right U R|slp|[from] move: Spore
|
|-end|p1b: Floatzel|move: Yawn|[silent]
|-status|p1b: Floatzel|slp
|upkeep
|turn|12
|
|t:|1756751926
|switch|p2a: Oriconsensus|Oricorio-Sensu, L50, F, tera:Grass|91/100
|cant|p1b: Floatzel|slp
|move|p2b: Gastruedon|Earth Power|p1a: Amoonguss
|-damage|p1a: Amoonguss|43/100 par
|cant|p1a: Amoonguss|par
|
|upkeep
|turn|13
|
|t:|1756751940
|-curestatus|p1b: Floatzel|slp|[msg]
|move|p1b: Floatzel|Crunch|p2a: Oriconsensus
|-damage|p2a: Oriconsensus|34/100
|-unboost|p2a: Oriconsensus|def|1
|move|p2a: Oriconsensus|Revelation Dance|p1b: Floatzel
|-supereffective|p1b: Floatzel
|-damage|p1b: Floatzel|0 fnt
|faint|p1b: Floatzel
|-damage|p2a: Oriconsensus|25/100|[from] item: Life Orb
|move|p2b: Gastruedon|Earth Power|p1a: Amoonguss
|-damage|p1a: Amoonguss|15/100 par
|cant|p1a: Amoonguss|par
|
|upkeep
|turn|14
|
|t:|1756751957
|-terastallize|p1a: Amoonguss|Ghost
|move|p2a: Oriconsensus|Air Slash|p1a: Amoonguss
|-damage|p1a: Amoonguss|0 fnt
|faint|p1a: Amoonguss
|-damage|p2a: Oriconsensus|15/100|[from] item: Life Orb
|
|win|tonsofpax
|c|☆tonsofpax|GG
