|j|☆Yenabi
|j|‽bvg2
|html|Yenabibvg2    
|uhtml|bestof|Game 3 of a best-of-3
|t:|1756923605
|gametype|doubles
|player|p1|Yenabi|1|1173
|player|p2|bvg2|flannery|1193
|gen|9
|tier|[Gen 9] VGC 2025 Reg H (Bo3)
|rated|
|rule|Species Clause: Limit one of each Pokémon
|rule|Item Clause: Limit 1 of each item
|clearpoke
|poke|p1|Archaludon, L50, F|
|poke|p1|Dragonite, L50, M|
|poke|p1|Pelipper, L50, M|
|poke|p1|Ursaluna, L50, M|
|poke|p1|Sinistcha, L50|
|poke|p1|Gholdengo, L50|
|poke|p2|Pelipper, L50, M|
|poke|p2|Archaludon, L50, F|
|poke|p2|Basculegion, L50, M|
|poke|p2|Incineroar, L50, M|
|poke|p2|Sinistcha, L50|
|poke|p2|Sneasler, L50, M|
|teampreview|4
|showteam|p1|Archaludon||AssaultVest|Stamina|FlashCannon,BodyPress,ElectroShot,Snarl|||F|||50|,,,,,Fighting]Dragonite||LoadedDice|Multiscale|ScaleShot,Tailwind,Haze,Protect|||M|||50|,,,,,Fairy]Pelipper||FocusSash|Drizzle|MuddyWater,Hurricane,Tailwind,Protect|||M|||50|,,,,,Ghost]Ursaluna||FlameOrb|Guts|Facade,HeadlongRush,Earthquake,Protect|||M|||50|,,,,,Ghost]Sinistcha||SitrusBerry|Hospitality|MatchaGotcha,LifeDew,RagePowder,TrickRoom||||||50|,,,,,Dark]Gholdengo||ChoiceScarf|GoodasGold|MakeItRain,ShadowBall,PowerGem,Trick||||||50|,,,,,Flying
|showteam|p2|Pelipper||FocusSash|Drizzle|Hurricane,Tailwind,Protect,WeatherBall|||M|||50|,,,,,Ghost]Archaludon||AssaultVest|Stamina|DragonPulse,Snarl,ElectroShot,BodyPress|||F|||50|,,,,,Bug]Basculegion||LifeOrb|SwiftSwim|WaveCrash,Protect,AquaJet,LastRespects|||M|||50|,,,,,Grass]Incineroar||SafetyGoggles|Intimidate|KnockOff,FakeOut,Taunt,PartingShot|||M|||50|,,,,,Ghost]Sinistcha||SitrusBerry|Hospitality|MatchaGotcha,LifeDew,RagePowder,TrickRoom||||||50|,,,,,Dark]Sneasler||WhiteHerb|Unburden|FakeOut,DireClaw,ThroatChop,CloseCombat|||M|||50|,,,,,Dark
|inactive|Battle timer is ON: inactive players will automatically lose when time's up. (requested by bvg2)
|
|t:|1756923631
|teamsize|p1|4
|teamsize|p2|4
|start
|switch|p1a: Gholdengo|Gholdengo, L50|100/100
|switch|p1b: Dragonite|Dragonite, L50, M, shiny|100/100
|switch|p2a: Archaludon|Archaludon, L50, F|100/100
|switch|p2b: Incineroar|Incineroar, L50, M|100/100
|-ability|p2b: Incineroar|Intimidate|boost
|-unboost|p1a: Gholdengo|atk|1
|-unboost|p1b: Dragonite|atk|1
|turn|1
|inactive|bvg2 has 30 seconds left.
|inactive|bvg2 has 20 seconds left.
|inactive|bvg2 has 15 seconds left.
|inactive|bvg2 has 10 seconds left.
|inactive|bvg2 has 5 seconds left.
|
|t:|1756923683
|move|p2b: Incineroar|Fake Out|p1b: Dragonite
|-damage|p1b: Dragonite|95/100
|move|p1a: Gholdengo|Power Gem|p2b: Incineroar
|-supereffective|p2b: Incineroar
|-damage|p2b: Incineroar|50/100
|cant|p1b: Dragonite|flinch
|move|p2a: Archaludon|Snarl|p1b: Dragonite|[spread] p1a,p1b
|-supereffective|p1a: Gholdengo
|-damage|p1a: Gholdengo|73/100
|-damage|p1b: Dragonite|84/100
|-unboost|p1a: Gholdengo|spa|1
|-unboost|p1b: Dragonite|spa|1
|
|upkeep
|turn|2
|inactive|bvg2 has 30 seconds left.
|
|t:|1756923709
|move|p1a: Gholdengo|Power Gem|p2b: Incineroar
|-supereffective|p2b: Incineroar
|-damage|p2b: Incineroar|16/100
|move|p1b: Dragonite|Scale Shot|p2b: Incineroar
|-damage|p2b: Incineroar|9/100
|-damage|p2b: Incineroar|1/100
|-damage|p2b: Incineroar|0 fnt
|faint|p2b: Incineroar
|-hitcount|p2: Incineroar|3
|-unboost|p1b: Dragonite|def|1
|-boost|p1b: Dragonite|spe|1
|move|p2a: Archaludon|Dragon Pulse|p1b: Dragonite
|-supereffective|p1b: Dragonite
|-damage|p1b: Dragonite|18/100
|
|upkeep
|
|t:|1756923724
|switch|p2b: Pelipper|Pelipper, L50, M|100/100
|-weather|RainDance|[from] ability: Drizzle|[of] p2b: Pelipper
|turn|3
|
|t:|1756923730
|move|p2b: Pelipper|Protect|p2b: Pelipper
|-singleturn|p2b: Pelipper|Protect
|move|p1a: Gholdengo|Power Gem|p2b: Pelipper
|-activate|p2b: Pelipper|move: Protect
|move|p1b: Dragonite|Tailwind|p1b: Dragonite
|-sidestart|p1: Yenabi|move: Tailwind
|move|p2a: Archaludon|Electro Shot||[still]
|-prepare|p2a: Archaludon|Electro Shot
|-boost|p2a: Archaludon|spa|1
|-anim|p2a: Archaludon|Electro Shot|p1a: Gholdengo
|-damage|p1a: Gholdengo|10/100
|
|-weather|RainDance|[upkeep]
|upkeep
|turn|4
|
|t:|1756923750
|switch|p2b: Sinistcha|Sinistcha, L50|100/100
|move|p1a: Gholdengo|Power Gem|p2b: Sinistcha
|-damage|p2b: Sinistcha|81/100
|move|p1b: Dragonite|Haze|p1b: Dragonite
|-clearallboost
|move|p2a: Archaludon|Electro Shot||[still]
|-prepare|p2a: Archaludon|Electro Shot
|-boost|p2a: Archaludon|spa|1
|-anim|p2a: Archaludon|Electro Shot|p1b: Dragonite
|-damage|p1b: Dragonite|0 fnt
|faint|p1b: Dragonite
|
|-weather|RainDance|[upkeep]
|upkeep
|
|t:|1756923758
|switch|p1b: Archaludon|Archaludon, L50, F|100/100
|turn|5
|
|t:|1756923776
|-terastallize|p2a: Archaludon|Bug
|move|p1a: Gholdengo|Power Gem|p2b: Sinistcha
|-damage|p2b: Sinistcha|52/100
|move|p1b: Archaludon|Electro Shot||[still]
|-prepare|p1b: Archaludon|Electro Shot
|-boost|p1b: Archaludon|spa|1
|-anim|p1b: Archaludon|Electro Shot|p2b: Sinistcha
|-resisted|p2b: Sinistcha
|-crit|p2b: Sinistcha
|-damage|p2b: Sinistcha|9/100
|-enditem|p2b: Sinistcha|Sitrus Berry|[eat]
|-heal|p2b: Sinistcha|34/100|[from] item: Sitrus Berry
|move|p2a: Archaludon|Dragon Pulse|p1b: Archaludon
|-damage|p1b: Archaludon|66/100
|-ability|p1b: Archaludon|Stamina|boost
|-boost|p1b: Archaludon|def|1
|move|p2b: Sinistcha|Matcha Gotcha|p1b: Archaludon|[spread] p1a,p1b
|-resisted|p1a: Gholdengo
|-resisted|p1b: Archaludon
|-damage|p1a: Gholdengo|0 fnt
|-heal|p2b: Sinistcha|38/100|[from] drain|[of] p1a: Gholdengo
|-damage|p1b: Archaludon|62/100
|-heal|p2b: Sinistcha|41/100|[from] drain|[of] p1b: Archaludon
|-ability|p1b: Archaludon|Stamina|boost
|-boost|p1b: Archaludon|def|1
|faint|p1a: Gholdengo
|
|-weather|RainDance|[upkeep]
|upkeep
|
|t:|1756923785
|switch|p1a: Sinistcha|Sinistcha, L50|100/100
|-heal|p1b: Archaludon|87/100|[from] ability: Hospitality|[of] p1a: Sinistcha
|turn|6
|inactive|bvg2 has 30 seconds left.
|
|t:|1756923810
|switch|p2b: Pelipper|Pelipper, L50, M|100/100
|move|p1b: Archaludon|Snarl|p2a: Archaludon|[spread] p2a,p2b
|-damage|p2a: Archaludon|88/100
|-damage|p2b: Pelipper|69/100
|-unboost|p2a: Archaludon|spa|1
|-unboost|p2b: Pelipper|spa|1
|-ability|p2a: Archaludon|Stamina|boost
|-boost|p2a: Archaludon|def|1
|move|p1a: Sinistcha|Life Dew||[still]|[spread] p1a,p1b
|-fail|p1a: Sinistcha|heal
|-heal|p1b: Archaludon|100/100
|move|p2a: Archaludon|Electro Shot||[still]
|-prepare|p2a: Archaludon|Electro Shot
|-boost|p2a: Archaludon|spa|1
|-anim|p2a: Archaludon|Electro Shot|p1a: Sinistcha
|-resisted|p1a: Sinistcha
|-damage|p1a: Sinistcha|76/100
|
|-weather|RainDance|[upkeep]
|-sideend|p1: Yenabi|move: Tailwind
|upkeep
|turn|7
|inactive|Yenabi has 30 seconds left.
|
|t:|1756923838
|move|p2b: Pelipper|Hurricane|p1a: Sinistcha
|-supereffective|p1a: Sinistcha
|-damage|p1a: Sinistcha|21/100
|-enditem|p1a: Sinistcha|Sitrus Berry|[eat]
|-heal|p1a: Sinistcha|45/100|[from] item: Sitrus Berry
|move|p2a: Archaludon|Dragon Pulse|p1a: Sinistcha
|-damage|p1a: Sinistcha|0 fnt
|faint|p1a: Sinistcha
|move|p1b: Archaludon|Electro Shot||[still]
|-prepare|p1b: Archaludon|Electro Shot
|-boost|p1b: Archaludon|spa|1
|-anim|p1b: Archaludon|Electro Shot|p2b: Pelipper
|-supereffective|p2b: Pelipper
|-damage|p2b: Pelipper|0 fnt
|faint|p2b: Pelipper
|
|-weather|none
|upkeep
|
|t:|1756923852
|switch|p2b: Sinistcha|Sinistcha, L50|41/100
|-heal|p2a: Archaludon|100/100|[from] ability: Hospitality|[of] p2b: Sinistcha
|turn|8
|
|t:|1756923868
|move|p2a: Archaludon|Dragon Pulse|p1b: Archaludon
|-damage|p1b: Archaludon|64/100
|-ability|p1b: Archaludon|Stamina|boost
|-boost|p1b: Archaludon|def|1
|move|p1b: Archaludon|Snarl|p2b: Sinistcha|[spread] p2a,p2b
|-supereffective|p2b: Sinistcha
|-damage|p2a: Archaludon|85/100
|-damage|p2b: Sinistcha|0 fnt
|-unboost|p2a: Archaludon|spa|1
|-ability|p2a: Archaludon|Stamina|boost
|-boost|p2a: Archaludon|def|1
|faint|p2b: Sinistcha
|
|upkeep
|turn|9
|
|t:|1756923882
|move|p2a: Archaludon|Body Press|p1b: Archaludon
|-supereffective|p1b: Archaludon
|-damage|p1b: Archaludon|38/100
|-ability|p1b: Archaludon|Stamina|boost
|-boost|p1b: Archaludon|def|1
|move|p1b: Archaludon|Flash Cannon|p2a: Archaludon
|-damage|p2a: Archaludon|39/100
|-ability|p2a: Archaludon|Stamina|boost
|-boost|p2a: Archaludon|def|1
|
|upkeep
|turn|10
|
|t:|1756923892
|move|p2a: Archaludon|Body Press|p1b: Archaludon
|-supereffective|p1b: Archaludon
|-damage|p1b: Archaludon|12/100
|-ability|p1b: Archaludon|Stamina|boost
|-boost|p1b: Archaludon|def|1
|move|p1b: Archaludon|Flash Cannon|p2a: Archaludon
|-damage|p2a: Archaludon|0 fnt
|faint|p2a: Archaludon
|
|win|Yenabi
|raw|Yenabi's rating: 1173 → 1199(+26 for winning)
|raw|bvg2's rating: 1193 → 1167(-26 for losing)
