|j|☆paperclip007
|j|☆jscullan
|html|paperclip007jscullan    
|uhtml|bestof|Game 1 of a best-of-3
|t:|1757630624
|gametype|doubles
|player|p1|paperclip007|rocketgruntf|
|player|p2|jscullan|crasherwake|
|gen|9
|tier|[Gen 9] VGC 2025 Reg H (Bo3)
|rule|Species Clause: Limit one of each Pokémon
|rule|Item Clause: Limit 1 of each item
|clearpoke
|poke|p1|Torkoal, L50, M|
|poke|p1|Ursaluna, L50, M|
|poke|p1|Lilligant-Hisui, L50, F|
|poke|p1|Delphox, L50, M|
|poke|p1|Indeedee-F, L50, F|
|poke|p1|Toxapex, L50, M|
|poke|p2|Lurantis, L50, F|
|poke|p2|Hatterene, L50, F|
|poke|p2|Scraggy, L50, M|
|poke|p2|Slowbro, L50, M|
|poke|p2|Golurk, L50|
|poke|p2|Toxapex, L50, M|
|teampreview|4
|showteam|p1|Torkoal||Charcoal|Drought|Eruption,ClearSmog,WeatherBall,Protect|||M|||50|,,,,,Water]Ursaluna||FlameOrb|Guts|Facade,HeadlongRush,PlayRough,Protect|||M|||50|,,,,,Fairy]Lilligant-Hisui||FocusSash|Chlorophyll|AfterYou,SleepPowder,CloseCombat,Encore|||F|||50|,,,,,Ghost]Delphox||LifeOrb|Blaze|ExpandingForce,DazzlingGleam,FireBlast,Protect|||M|||50|,,,,,Fairy]Indeedee-F||PsychicSeed|PsychicSurge|FollowMe,TrickRoom,Psychic,HelpingHand|||F|||50|,,,,,Dark]Toxapex||Leftovers|Regenerator|BanefulBunker,WideGuard,Infestation,Toxic|||M|||50|,,,,,Grass
|showteam|p2|Lurantis||PowerHerb|Contrary|SolarBlade,Protect,TeraBlast,LeechLife|||F|||50|,,,,,Rock]Hatterene||CovertCloak|MagicBounce|TrickRoom,Charm,Protect,HelpingHand|||F|||50|,,,,,Normal]Scraggy||Eviolite|Intimidate|BrickBreak,DrainPunch,Crunch,Encore|||M|||50|,,,,,Ghost]Slowbro||SafetyGoggles|Oblivious|TrickRoom,SlackOff,Psychic,ChillingWater|||M|||50|,,,,,Grass]Golurk||AssaultVest|IronFist|DrainPunch,PhantomForce,ThunderPunch,IcePunch||||||50|,,,,,Fairy]Toxapex||RockyHelmet|Regenerator|Toxic,BanefulBunker,Recover,Infestation|||M|||50|,,,,,Poison
|j| drillcurlsaresexy
|
|t:|1757630685
|teamsize|p1|4
|teamsize|p2|4
|start
|switch|p1a: Lilligant|Lilligant-Hisui, L50, F|100/100
|switch|p1b: Torkoal|Torkoal, L50, M|100/100
|switch|p2a: Sweep|Slowbro, L50, M|100/100
|switch|p2b: Pinkie|Lurantis, L50, F|100/100
|-weather|SunnyDay|[from] ability: Drought|[of] p1b: Torkoal
|turn|1
|
|t:|1757630742
|move|p2b: Pinkie|Protect|p2b: Pinkie
|-singleturn|p2b: Pinkie|Protect
|move|p1a: Lilligant|After You|p1b: Torkoal
|-activate|p1b: Torkoal|move: After You
|move|p1b: Torkoal|Eruption|p2b: Pinkie|[spread] p2a
|-activate|p2b: Pinkie|move: Protect
|-resisted|p2a: Sweep
|-damage|p2a: Sweep|68/100
|move|p2a: Sweep|Trick Room|p2a: Sweep
|-fieldstart|move: Trick Room|[of] p2a: Sweep
|
|-weather|SunnyDay|[upkeep]
|upkeep
|turn|2
|j| Drmwvr
|
|t:|1757630774
|switch|p2b: J|Toxapex, L50, M|100/100
|move|p1b: Torkoal|Eruption|p2a: Sweep|[spread] p2a,p2b
|-resisted|p2a: Sweep
|-resisted|p2b: J
|-damage|p2a: Sweep|39/100
|-damage|p2b: J|70/100
|move|p2a: Sweep|Psychic|p1b: Torkoal
|-damage|p1b: Torkoal|65/100
|move|p1a: Lilligant|Sleep Powder|p2a: Sweep
|-activate|p2a: Sweep|item: Safety Goggles|Sleep Powder
|
|-weather|SunnyDay|[upkeep]
|upkeep
|turn|3
|
|t:|1757630805
|move|p1b: Torkoal|Weather Ball|p2a: Sweep
|-resisted|p2a: Sweep
|-damage|p2a: Sweep|12/100
|move|p2a: Sweep|Psychic|p1a: Lilligant
|-supereffective|p1a: Lilligant
|-damage|p1a: Lilligant|4/100
|-unboost|p1a: Lilligant|spd|1
|move|p2b: J|Infestation|p1a: Lilligant
|-damage|p1a: Lilligant|0 fnt
|faint|p1a: Lilligant
|
|-weather|SunnyDay|[upkeep]
|upkeep
|
|t:|1757630815
|switch|p1a: Ursaluna|Ursaluna, L50, M|100/100
|turn|4
|
|t:|1757630855
|move|p1b: Torkoal|Weather Ball|p2a: Sweep
|-resisted|p2a: Sweep
|-damage|p2a: Sweep|0 fnt
|faint|p2a: Sweep
|move|p2b: J|Toxic|p1b: Torkoal
|-status|p1b: Torkoal|tox
|move|p1a: Ursaluna|Headlong Rush|p2b: J
|-supereffective|p2b: J
|-damage|p2b: J|0 fnt
|-unboost|p1a: Ursaluna|def|1
|-unboost|p1a: Ursaluna|spd|1
|-damage|p1a: Ursaluna|84/100|[from] item: Rocky Helmet|[of] p2b: J
|faint|p2b: J
|
|-weather|SunnyDay|[upkeep]
|-damage|p1b: Torkoal|58/100 tox|[from] psn
|-status|p1a: Ursaluna|brn|[from] item: Flame Orb
|upkeep
|
|t:|1757630873
|switch|p2a: Pinkie|Lurantis, L50, F|100/100
|switch|p2b: Suralin|Scraggy, L50, M|100/100
|-ability|p2b: Suralin|Intimidate|boost
|-unboost|p1a: Ursaluna|atk|1
|-unboost|p1b: Torkoal|atk|1
|turn|5
|
|t:|1757630905
|move|p2a: Pinkie|Protect|p2a: Pinkie
|-singleturn|p2a: Pinkie|Protect
|move|p1a: Ursaluna|Protect|p1a: Ursaluna
|-singleturn|p1a: Ursaluna|Protect
|move|p1b: Torkoal|Weather Ball|p2a: Pinkie
|-activate|p2a: Pinkie|move: Protect
|move|p2b: Suralin|Brick Break|p1a: Ursaluna
|-activate|p1a: Ursaluna|move: Protect
|
|-weather|none
|-damage|p1b: Torkoal|46/100 tox|[from] psn
|-damage|p1a: Ursaluna|78/100 brn|[from] brn
|-fieldend|move: Trick Room
|upkeep
|turn|6
|
|t:|1757630985
|switch|p1b: Toxapex|Toxapex, L50, M|100/100
|-terastallize|p2a: Pinkie|Rock
|move|p1a: Ursaluna|Facade|p2b: Suralin
|-damage|p2b: Suralin|10/100
|move|p2a: Pinkie|Tera Blast|p1b: Toxapex|[anim] Tera Blast Rock
|-damage|p1b: Toxapex|72/100
|move|p2b: Suralin|Drain Punch|p1a: Ursaluna
|-supereffective|p1a: Ursaluna
|-damage|p1a: Ursaluna|12/100 brn
|-heal|p2b: Suralin|69/100|[from] drain|[of] p1a: Ursaluna
|
|-heal|p1b: Toxapex|78/100|[from] item: Leftovers
|-damage|p1a: Ursaluna|6/100 brn|[from] brn
|upkeep
|turn|7
|
|t:|1757631019
|move|p1a: Ursaluna|Facade|p2b: Suralin
|-crit|p2b: Suralin
|-damage|p2b: Suralin|0 fnt
|faint|p2b: Suralin
|move|p2a: Pinkie|Leech Life|p1a: Ursaluna
|-damage|p1a: Ursaluna|0 fnt
|faint|p1a: Ursaluna
|move|p1b: Toxapex|Toxic|p2a: Pinkie
|-status|p2a: Pinkie|tox
|
|-heal|p1b: Toxapex|83/100|[from] item: Leftovers
|-damage|p2a: Pinkie|94/100 tox|[from] psn
|upkeep
|
|t:|1757631036
|switch|p1a: Torkoal|Torkoal, L50, M|46/100 tox
|-weather|SunnyDay|[from] ability: Drought|[of] p1a: Torkoal
|turn|8
|
|t:|1757631045
|move|p2a: Pinkie|Tera Blast|p1a: Torkoal|[anim] Tera Blast Rock
|-supereffective|p1a: Torkoal
|-damage|p1a: Torkoal|0 fnt
|faint|p1a: Torkoal
|move|p1b: Toxapex|Infestation|p2a: Pinkie
|-damage|p2a: Pinkie|90/100 tox
|-activate|p2a: Pinkie|move: Infestation|[of] p1b: Toxapex
|
|-weather|SunnyDay|[upkeep]
|-heal|p1b: Toxapex|89/100|[from] item: Leftovers
|-damage|p2a: Pinkie|78/100 tox|[from] psn
|-damage|p2a: Pinkie|65/100 tox|[from] move: Infestation|[partiallytrapped]
|upkeep
|turn|9
|
|t:|1757631065
|move|p2a: Pinkie|Protect|p2a: Pinkie
|-singleturn|p2a: Pinkie|Protect
|move|p1b: Toxapex|Baneful Bunker||[still]
|-fail|p1b: Toxapex
|
|-weather|SunnyDay|[upkeep]
|-heal|p1b: Toxapex|95/100|[from] item: Leftovers
|-damage|p2a: Pinkie|47/100 tox|[from] psn
|-damage|p2a: Pinkie|34/100 tox|[from] move: Infestation|[partiallytrapped]
|upkeep
|turn|10
|
|t:|1757631083
|move|p1b: Toxapex|Baneful Bunker|p1b: Toxapex
|-singleturn|p1b: Toxapex|move: Protect
|move|p2a: Pinkie|Solar Blade||[still]
|-prepare|p2a: Pinkie|Solar Blade
|-anim|p2a: Pinkie|Solar Blade|p1b: Toxapex
|-activate|p1b: Toxapex|move: Protect
|
|-weather|SunnyDay|[upkeep]
|-heal|p1b: Toxapex|100/100|[from] item: Leftovers
|-damage|p2a: Pinkie|9/100 tox|[from] psn
|-damage|p2a: Pinkie|0 fnt|[from] move: Infestation|[partiallytrapped]
|faint|p2a: Pinkie
|
|win|paperclip007
|inactive|paperclip007 has 30 seconds to confirm battle start!
|inactive|jscullan has 30 seconds to confirm battle start!
||jscullan is ready for game 2.
||paperclip007 is ready for game 2.
|uhtml|next|Next: Game 2 of 3
