|j|☆trevyah
|j|☆eevee1ynn
|html|trevyaheevee1ynn    
|uhtml|bestof|Game 1 of a best-of-3
|t:|1785958914
|gametype|doubles
|player|p1|trevyah|trevor|
|player|p2|eevee1ynn|irida-masters2|
|gen|9
|tier|[Gen 9 Champions] VGC 2026 Reg M-B (Bo3)
|rule|Species Clause: Limit one of each Pokémon
|rule|Item Clause: Limit 1 of each item
|clearpoke
|poke|p1|Blaziken, L50, F, shiny|
|poke|p1|Kingambit, L50, M, shiny|
|poke|p1|Dragonite, L50, M, shiny|
|poke|p1|Ninetales-Alola, L50, F, shiny|
|poke|p1|Gengar, L50, M, shiny|
|poke|p1|Incineroar, L50, M, shiny|
|poke|p2|Raichu, L50, F|
|poke|p2|Talonflame, L50, F|
|poke|p2|Maushold, L50|
|poke|p2|Kommo-o, L50, F|
|poke|p2|Tsareena, L50, F|
|poke|p2|Delphox, L50, F|
|teampreview|4
|showteam|p1|Blaziken||Blazikenite|SpeedBoost|CloseCombat,RockSlide,FlareBlitz,Detect|Adamant||F|||50|]Kingambit||LifeOrb|Defiant|KowtowCleave,IronHead,SuckerPunch,Protect|Adamant||M|||50|]Dragonite||LumBerry|InnerFocus|DragonClaw,LowKick,ExtremeSpeed,Protect|Adamant||M|||50|]Ninetales-Alola||FocusSash|SnowWarning|Blizzard,FreezeDry,Encore,Protect|Timid||F|||50|]Gengar||Gengarite|CursedBody|ShadowBall,SludgeBomb,PerishSong,Protect|Modest||M|||50|]Incineroar||SitrusBerry|Intimidate|FlareBlitz,PartingShot,FakeOut,Protect|Relaxed||M|||50|
|showteam|p2|Raichu||RaichuniteY|LightningRod|Protect,ZapCannon,FocusBlast,FakeOut|Timid||F|||50|]Talonflame||SharpBeak|GaleWings|QuickGuard,DualWingbeat,Feint,Tailwind|Jolly||F|||50|]Maushold||FocusSash|FriendGuard|Protect,SuperFang,Encore,FollowMe|Timid|||||50|]Kommo-o||LifeOrb|Overcoat|Protect,AuraSphere,ClangingScales,VacuumWave|Modest||F|||50|]Tsareena||WideLens|QueenlyMajesty|Protect,PowerWhip,TripleAxel,Taunt|Adamant||F|||50|]Delphox||Delphoxite|Blaze|Protect,HeatWave,Psychic,Substitute|Timid||F|||50|
|c|☆eevee1ynn|glhf
|inactive|Battle timer is ON: inactive players will automatically lose when time's up. (requested by trevyah)
|inactive|eevee1ynn has 60 seconds left.
|
|t:|1785958958
|teamsize|p1|4
|teamsize|p2|4
|start
|switch|p1a: my way|Blaziken, L50, F, shiny|100/100
|switch|p1b: less|Dragonite, L50, M, shiny|100/100
|switch|p2a: Kommo-o|Kommo-o, L50, F|100/100
|switch|p2b: Delphox|Delphox, L50, F|100/100
|turn|1
|
|t:|1785958972
|detailschange|p2b: Delphox|Delphox-Mega, L50, F
|-mega|p2b: Delphox|Delphox|Delphoxite
|detailschange|p1a: my way|Blaziken-Mega, L50, F, shiny
|-mega|p1a: my way|Blaziken|Blazikenite
|move|p1a: my way|Detect|p1a: my way
|-singleturn|p1a: my way|Protect
|move|p1b: less|Extreme Speed|p2b: Delphox
|-damage|p2b: Delphox|52/100
|move|p2b: Delphox|Substitute|p2b: Delphox
|-start|p2b: Delphox|Substitute
|-damage|p2b: Delphox|28/100
|move|p2a: Kommo-o|Clanging Scales|p1b: less|[spread] p1b
|-activate|p1a: my way|move: Protect
|-supereffective|p1b: less|1
|-damage|p1b: less|0 fnt
|faint|p1b: less
|-unboost|p2a: Kommo-o|def|1
|-damage|p2a: Kommo-o|90/100|[from] item: Life Orb
|
|-ability|p1a: my way|Speed Boost|boost
|-boost|p1a: my way|spe|1
|upkeep
|
|t:|1785958992
|switch|p1b: The Cure|Ninetales-Alola, L50, F, shiny|100/100
|-weather|Snowscape|[from] ability: Snow Warning|[of] p1b: The Cure
|turn|2
|
|t:|1785959004
|switch|p1a: Drop Dead|Kingambit, L50, M, shiny|100/100
|switch|p2a: Maushold|Maushold, L50|100/100
|move|p2b: Delphox|Psychic|p1a: Drop Dead
|-immune|p1a: Drop Dead
|move|p1b: The Cure|Blizzard|p2b: Delphox|[spread] p2a,p2b
|-resisted|p2b: Delphox|1
|-activate|p2b: Delphox|move: Substitute|[damage]
|-damage|p2a: Maushold|59/100
|
|-weather|Snowscape|[upkeep]
|upkeep
|turn|3
|
|t:|1785959027
|move|p2b: Delphox|Protect|p2b: Delphox
|-singleturn|p2b: Delphox|Protect
|move|p1a: Drop Dead|Protect|p1a: Drop Dead
|-singleturn|p1a: Drop Dead|Protect
|move|p2a: Maushold|Super Fang|p1b: The Cure
|-damage|p1b: The Cure|50/100g
|move|p1b: The Cure|Blizzard|p2a: Maushold|[spread] p2a
|-activate|p2b: Delphox|move: Protect
|-damage|p2a: Maushold|19/100
|
|-weather|Snowscape|[upkeep]
|upkeep
|turn|4
|
|t:|1785959040
|switch|p1a: my way|Blaziken-Mega, L50, F, shiny|100/100
|move|p1b: The Cure|Protect|p1b: The Cure
|-singleturn|p1b: The Cure|Protect
|move|p2a: Maushold|Follow Me|p2a: Maushold
|-singleturn|p2a: Maushold|move: Follow Me
|move|p2b: Delphox|Heat Wave|p1a: my way|[spread] p1a
|-activate|p1b: The Cure|move: Protect
|-resisted|p1a: my way|1
|-crit|p1a: my way
|-damage|p1a: my way|53/100
|
|-weather|Snowscape|[upkeep]
|upkeep
|turn|5
|
|t:|1785959053
|move|p1b: The Cure|Protect||[still]
|-fail|p1b: The Cure
|move|p1a: my way|Detect|p1a: my way
|-singleturn|p1a: my way|Protect
|move|p2b: Delphox|Heat Wave|p1a: my way|[spread] p1b
|-activate|p1a: my way|move: Protect
|-supereffective|p1b: The Cure|1
|-damage|p1b: The Cure|0 fnt
|faint|p1b: The Cure
|move|p2a: Maushold|Encore|p1a: my way
|-activate|p1a: my way|move: Protect
|
|-weather|Snowscape|[upkeep]
|-ability|p1a: my way|Speed Boost|boost
|-boost|p1a: my way|spe|1
|upkeep
|
|t:|1785959055
|switch|p1b: Drop Dead|Kingambit, L50, M, shiny|100/100
|turn|6
|
|t:|1785959069
|move|p1a: my way|Detect||[still]
|-fail|p1a: my way
|move|p2a: Maushold|Follow Me|p2a: Maushold
|-singleturn|p2a: Maushold|move: Follow Me
|move|p2b: Delphox|Psychic|p1a: my way
|-supereffective|p1a: my way|1
|-damage|p1a: my way|0 fnt
|faint|p1a: my way
|move|p1b: Drop Dead|Kowtow Cleave|p2a: Maushold
|-crit|p2a: Maushold
|-damage|p2a: Maushold|0 fnt
|faint|p2a: Maushold
|-damage|p1b: Drop Dead|90/100|[from] item: Life Orb
|
|-weather|none
|upkeep
|
|t:|1785959071
|switch|p2a: Kommo-o|Kommo-o, L50, F|90/100
|turn|7
|-message|trevyah forfeited.
|
|win|eevee1ynn
