|j|☆Pengy
|j|☆Sificon~
|html|PengySificon~    
|uhtml|bestof|Game 2 of a best-of-3
|t:|1783617345
|gametype|doubles
|player|p1|Pengy|#smogonxnpa2024draftee|
|player|p2|Sificon~|#sificon2|
|gen|9
|tier|[Gen 9 Champions] VGC 2026 Reg M-B (Bo3)
|rule|Species Clause: Limit one of each Pokémon
|rule|Item Clause: Limit 1 of each item
|clearpoke
|poke|p1|Volcarona, L50, M|
|poke|p1|Milotic, L50, F|
|poke|p1|Gholdengo, L50|
|poke|p1|Sinistcha, L50|
|poke|p1|Tyranitar, L50, F|
|poke|p1|Grimmsnarl, L50, M|
|poke|p2|Golurk, L50|
|poke|p2|Sylveon, L50, M|
|poke|p2|Incineroar, L50, M|
|poke|p2|Farigiraf, L50, F|
|poke|p2|Sneasler, L50, M|
|poke|p2|Torkoal, L50, F|
|teampreview|4
|showteam|p1|Volcarona||SitrusBerry|FlameBody|FieryDance,StruggleBug,RagePowder,Tailwind|Timid||M|||50|]Milotic||Leftovers|Competitive|MuddyWater,Coil,Hypnosis,Recover|Calm||F|||50|]Gholdengo||LifeOrb|GoodasGold|MakeItRain,ShadowBall,NastyPlot,Protect|Modest|||||50|]Sinistcha||ColburBerry|Hospitality|MatchaGotcha,RagePowder,TrickRoom,Protect|Bold|||||50|]Tyranitar||Tyranitarite|SandStream|RockSlide,KnockOff,DragonDance,Protect|Jolly||F|||50|]Grimmsnarl||LightClay|Prankster|FakeOut,Reflect,LightScreen,PartingShot|Careful||M|||50|
|showteam|p2|Golurk||Golurkite|NoGuard|HeadlongRush,Protect,IcePunch,Poltergeist|Brave|||||50|]Sylveon||FairyFeather|Pixilate|HyperVoice,Detect,CalmMind,HyperBeam|Quiet||M|||50|]Incineroar||SitrusBerry|Intimidate|FlareBlitz,PartingShot,FakeOut,DarkestLariat|Adamant||M|||50|]Farigiraf||ColburBerry|ArmorTail|PsychicNoise,HelpingHand,Thunderbolt,TrickRoom|Quiet||F|||50|]Sneasler||FocusSash|Unburden|CloseCombat,PoisonJab,RockSlide,FakeOut|Adamant||M|||50|]Torkoal||Charcoal|Drought|Eruption,WeatherBall,HeatWave,Protect|Quiet||F|||50|
|inactive|Battle timer is ON: inactive players will automatically lose when time's up. (requested by Sificon~)
|j| glitched
|inactive|Pengy has 60 seconds left.
|
|t:|1783617388
|teamsize|p1|4
|teamsize|p2|4
|start
|switch|p1a: Milotic|Milotic, L50, F|100/100
|switch|p1b: Grimmsnarl|Grimmsnarl, L50, M|100/100
|switch|p2a: Sneasler|Sneasler, L50, M|100/100
|switch|p2b: Farigiraf|Farigiraf, L50, F|100/100
|turn|1
|
|t:|1783617405
|move|p1b: Grimmsnarl|Light Screen|p1b: Grimmsnarl
|-sidestart|p1: Pengy|move: Light Screen
|move|p2a: Sneasler|Poison Jab|p1b: Grimmsnarl
|-supereffective|p1b: Grimmsnarl|1
|-damage|p1b: Grimmsnarl|9/100
|move|p1a: Milotic|Coil|p1a: Milotic
|-boost|p1a: Milotic|atk|1
|-boost|p1a: Milotic|def|1
|-boost|p1a: Milotic|accuracy|1
|move|p2b: Farigiraf|Trick Room|p2b: Farigiraf
|-fieldstart|move: Trick Room|[of] p2b: Farigiraf
|
|upkeep
|turn|2
|
|t:|1783617427
|move|p1b: Grimmsnarl|Reflect|p1b: Grimmsnarl
|-sidestart|p1: Pengy|Reflect
|move|p2b: Farigiraf|Thunderbolt|p1b: Grimmsnarl
|-damage|p1b: Grimmsnarl|0 fnt
|faint|p1b: Grimmsnarl
|move|p1a: Milotic|Coil|p1a: Milotic
|-boost|p1a: Milotic|atk|1
|-boost|p1a: Milotic|def|1
|-boost|p1a: Milotic|accuracy|1
|move|p2a: Sneasler|Poison Jab|p1a: Milotic
|-damage|p1a: Milotic|85/100
|
|-heal|p1a: Milotic|91/100|[from] item: Leftovers
|upkeep
|
|t:|1783617435
|switch|p1b: Tyranitar|Tyranitar, L50, F|100/100
|-weather|Sandstorm|[from] ability: Sand Stream|[of] p1b: Tyranitar
|turn|3
|
|t:|1783617444
|move|p2b: Farigiraf|Thunderbolt|p1a: Milotic
|-supereffective|p1a: Milotic|1
|-damage|p1a: Milotic|69/100
|move|p1a: Milotic|Hypnosis|p2a: Sneasler
|-status|p2a: Sneasler|slp|[from] move: Hypnosis
|move|p1b: Tyranitar|Dragon Dance|p1b: Tyranitar
|-boost|p1b: Tyranitar|atk|1
|-boost|p1b: Tyranitar|spe|1
|cant|p2a: Sneasler|slp
|
|-weather|Sandstorm|[upkeep]
|-damage|p2b: Farigiraf|94/100|[from] Sandstorm
|-damage|p1a: Milotic|63/100|[from] Sandstorm
|-damage|p2a: Sneasler|94/100 slp|[from] Sandstorm
|-heal|p1a: Milotic|69/100|[from] item: Leftovers
|upkeep
|turn|4
|
|t:|1783617463
|move|p1b: Tyranitar|Protect|p1b: Tyranitar
|-singleturn|p1b: Tyranitar|Protect
|move|p2b: Farigiraf|Thunderbolt|p1a: Milotic
|-supereffective|p1a: Milotic|1
|-damage|p1a: Milotic|50/100g
|move|p1a: Milotic|Muddy Water|p2a: Sneasler|[spread] p2a,p2b
|-damage|p2a: Sneasler|58/100 slp
|-damage|p2b: Farigiraf|73/100
|-unboost|p2b: Farigiraf|accuracy|1
|cant|p2a: Sneasler|slp
|
|-weather|Sandstorm|[upkeep]
|-damage|p2b: Farigiraf|67/100|[from] Sandstorm
|-damage|p1a: Milotic|44/100|[from] Sandstorm
|-damage|p2a: Sneasler|52/100 slp|[from] Sandstorm
|-heal|p1a: Milotic|50/100g|[from] item: Leftovers
|upkeep
|turn|5
|
|t:|1783617476
|switch|p1b: Sinistcha|Sinistcha, L50|100/100
|-heal|p1a: Milotic|75/100|[from] ability: Hospitality|[of] p1b: Sinistcha
|move|p2b: Farigiraf|Psychic Noise|p1a: Milotic|[miss]
|-miss|p2b: Farigiraf|p1a: Milotic
|move|p1a: Milotic|Muddy Water|p2a: Sneasler|[spread] p2a,p2b
|-crit|p2b: Farigiraf
|-damage|p2a: Sneasler|23/100 slp
|-damage|p2b: Farigiraf|38/100
|-unboost|p2b: Farigiraf|accuracy|1
|-curestatus|p2a: Sneasler|slp|[msg]
|move|p2a: Sneasler|Close Combat|p1b: Sinistcha
|-immune|p1b: Sinistcha
|
|-weather|Sandstorm|[upkeep]
|-damage|p2b: Farigiraf|32/100|[from] Sandstorm
|-damage|p1b: Sinistcha|93/100|[from] Sandstorm
|-damage|p1a: Milotic|69/100|[from] Sandstorm
|-damage|p2a: Sneasler|17/100|[from] Sandstorm
|-heal|p1a: Milotic|75/100|[from] item: Leftovers
|-fieldend|move: Trick Room
|upkeep
|turn|6
|
|t:|1783617489
|move|p2a: Sneasler|Poison Jab|p1a: Milotic
|-damage|p1a: Milotic|59/100
|move|p1a: Milotic|Muddy Water|p2b: Farigiraf|[spread] p2a,p2b
|-damage|p2a: Sneasler|0 fnt
|-damage|p2b: Farigiraf|14/100
|faint|p2a: Sneasler
|move|p1b: Sinistcha|Matcha Gotcha|p2b: Farigiraf
|-damage|p2b: Farigiraf|0 fnt
|-heal|p1b: Sinistcha|100/100|[from] drain|[of] p2b: Farigiraf
|faint|p2b: Farigiraf
|
|-weather|Sandstorm|[upkeep]
|-damage|p1a: Milotic|53/100|[from] Sandstorm
|-damage|p1b: Sinistcha|93/100|[from] Sandstorm
|-heal|p1a: Milotic|59/100|[from] item: Leftovers
|upkeep
|
|t:|1783617492
|switch|p2a: Sylveon|Sylveon, L50, M|100/100
|switch|p2b: Golurk|Golurk, L50|100/100
|turn|7
|
|t:|1783617501
|detailschange|p2b: Golurk|Golurk-Mega, L50
|-mega|p2b: Golurk|Golurk|Golurkite
|move|p2b: Golurk|Protect|p2b: Golurk
|-singleturn|p2b: Golurk|Protect
|move|p1a: Milotic|Hypnosis|p2a: Sylveon
|-status|p2a: Sylveon|slp|[from] move: Hypnosis
|move|p1b: Sinistcha|Matcha Gotcha|p2b: Golurk|[spread] p2a
|-activate|p2b: Golurk|move: Protect
|-damage|p2a: Sylveon|81/100 slp
|-heal|p1b: Sinistcha|100/100|[from] drain|[of] p2a: Sylveon
|cant|p2a: Sylveon|slp
|
|-weather|none
|-heal|p1a: Milotic|65/100|[from] item: Leftovers
|upkeep
|turn|8
|c|☆Sificon~|yeah Milotic is just so toxic
|c|☆Sificon~|lmao
|c|☆Sificon~|ggs
|-message|Sificon~ forfeited.
|
|win|Pengy
|c|☆Pengy|gg
|l|☆Sificon~
|player|p2|
|l| glitched
