|j|☆PuffTheCutie
|j|‽kurowasun
|html|PuffTheCutiekurowasun    
|uhtml|bestof|Game 1 of a best-of-3
|t:|1786162340
|gametype|doubles
|player|p1|PuffTheCutie|roxie|
|player|p2|kurowasun|102|
|gen|9
|tier|[Gen 9 Champions] VGC 2026 Reg M-B (Bo3)
|rule|Species Clause: Limit one of each Pokémon
|rule|Item Clause: Limit 1 of each item
|clearpoke
|poke|p1|Tyranitar, L50, M|
|poke|p1|Excadrill, L50, F|
|poke|p1|Gholdengo, L50|
|poke|p1|Staraptor, L50, F|
|poke|p1|Milotic, L50, M|
|poke|p1|Heliolisk, L50, F|
|poke|p2|Metagross, L50|
|poke|p2|Swampert, L50, F|
|poke|p2|Pelipper, L50, F|
|poke|p2|Sneasler, L50, F|
|poke|p2|Overqwil, L50, M|
|poke|p2|Tsareena, L50, F|
|teampreview|4
|showteam|p1|Tyranitar||Tyranitarite|SandStream|RockSlide,KnockOff,LowKick,Protect|Jolly||M|||50|]Excadrill||FocusSash|SandRush|IronHead,HighHorsepower,RockSlide,Protect|Adamant||F|||50|]Gholdengo||LifeOrb|GoodasGold|MakeItRain,ShadowBall,NastyPlot,Protect|Modest|||||50|]Staraptor||SharpBeak|Intimidate|CloseCombat,BraveBird,Tailwind,Protect|Jolly||F|||50|]Milotic||SitrusBerry|Competitive|Scald,IceBeam,Hypnosis,Protect|Modest||M|||50|]Heliolisk||ChoiceScarf|SolarPower|Thunderbolt,VoltSwitch,GrassKnot,HyperVoice|Modest||F|||50|
|showteam|p2|Metagross||Metagrossite|ClearBody|PsychicFangs,IronHead,BodyPress,Protect|Jolly|||||50|]Swampert||Swampertite|Torrent|WaveCrash,IcePunch,Earthquake,Protect|Adamant||F|||50|]Pelipper||SitrusBerry|Drizzle|Hurricane,WeatherBall,Tailwind,WideGuard|Modest||F|||50|]Sneasler||FocusSash|PoisonTouch|FakeOut,CloseCombat,Coaching,Protect|Jolly||F|||50|]Overqwil||Leftovers|Intimidate|BarbBarrage,Stockpile,Minimize,Protect|Careful||M|||50|]Tsareena||WideLens|QueenlyMajesty|TripleAxel,PowerWhip,LowKick,Protect|Jolly||F|||50|
|inactive|Battle timer is ON: inactive players will automatically lose when time's up. (requested by PuffTheCutie)
|j| tobyga
|j| Potatomonstr
|j| tempestuwumeow
|j| Peppersalt1
|inactive|PuffTheCutie has 60 seconds left.
|inactive|kurowasun has 60 seconds left.
|inactive|kurowasun has 30 seconds left.
|
|t:|1786162406
|teamsize|p1|4
|teamsize|p2|4
|start
|switch|p1a: Tyranitar|Tyranitar, L50, M|100/100
|switch|p1b: Excadrill|Excadrill, L50, F|100/100
|switch|p2a: Tsareena|Tsareena, L50, F|100/100
|switch|p2b: Sneasler|Sneasler, L50, F|100/100
|-weather|Sandstorm|[from] ability: Sand Stream|[of] p1a: Tyranitar
|turn|1
|c|☆PuffTheCutie|this is just bambos team again pretty much
|c|☆PuffTheCutie|metagross swamprat
|inactive|PuffTheCutie has 30 seconds left.
|j| falba
|inactive|PuffTheCutie has 20 seconds left.
|inactive|PuffTheCutie has 15 seconds left.
|inactive|PuffTheCutie has 10 seconds left.
|
|t:|1786162454
|switch|p1a: Gholdengo|Gholdengo, L50|100/100
|move|p1b: Excadrill|Protect|p1b: Excadrill
|-singleturn|p1b: Excadrill|Protect
|move|p2b: Sneasler|Fake Out|p1b: Excadrill
|-activate|p1b: Excadrill|move: Protect
|move|p2a: Tsareena|Low Kick|p1a: Gholdengo
|-immune|p1a: Gholdengo
|
|-weather|Sandstorm|[upkeep]
|-damage|p2b: Sneasler|94/100|[from] Sandstorm
|-damage|p2a: Tsareena|93/100|[from] Sandstorm
|upkeep
|turn|2
|j| BambooCyclone
|inactive|PuffTheCutie has 30 seconds left.
|inactive|kurowasun has 30 seconds left.
|inactive|kurowasun has 20 seconds left.
|c| BambooCyclone|mine cant mega
|inactive|kurowasun has 15 seconds left.
|
|t:|1786162496
|switch|p2a: Pelipper|Pelipper, L50, F|100/100
|-weather|RainDance|[from] ability: Drizzle|[of] p2a: Pelipper
|move|p2b: Sneasler|Close Combat|p1b: Excadrill
|-supereffective|p1b: Excadrill|1
|-crit|p1b: Excadrill
|-enditem|p1b: Excadrill|Focus Sash
|-damage|p1b: Excadrill|1/100
|-unboost|p2b: Sneasler|def|1
|-unboost|p2b: Sneasler|spd|1
|move|p1b: Excadrill|High Horsepower|p2b: Sneasler
|-supereffective|p2b: Sneasler|1
|-damage|p2b: Sneasler|0 fnt
|faint|p2b: Sneasler
|move|p1a: Gholdengo|Shadow Ball|p2a: Pelipper
|-damage|p2a: Pelipper|34/100
|-enditem|p2a: Pelipper|Sitrus Berry|[eat]
|-heal|p2a: Pelipper|59/100|[from] item: Sitrus Berry
|-damage|p1a: Gholdengo|90/100|[from] item: Life Orb
|
|-weather|RainDance|[upkeep]
|upkeep
|
|t:|1786162518
|switch|p2b: Tsareena|Tsareena, L50, F|93/100
|turn|3
|inactive|PuffTheCutie has 30 seconds left.
|
|t:|1786162552
|move|p1b: Excadrill|Protect|p1b: Excadrill
|-singleturn|p1b: Excadrill|Protect
|move|p2a: Pelipper|Wide Guard|p2a: Pelipper
|-singleturn|p2a: Pelipper|Wide Guard
|move|p2b: Tsareena|Low Kick|p1b: Excadrill
|-activate|p1b: Excadrill|move: Protect
|move|p1a: Gholdengo|Shadow Ball|p2a: Pelipper
|-damage|p2a: Pelipper|0 fnt
|faint|p2a: Pelipper
|-damage|p1a: Gholdengo|81/100|[from] item: Life Orb
|
|-weather|RainDance|[upkeep]
|upkeep
|
|t:|1786162563
|switch|p2a: Swampert|Swampert, L50, F|100/100
|turn|4
|inactive|PuffTheCutie has 30 seconds left.
|inactive|PuffTheCutie has 20 seconds left.
|
|t:|1786162602
|switch|p1a: Tyranitar|Tyranitar, L50, M|100/100
|-weather|Sandstorm|[from] ability: Sand Stream|[of] p1a: Tyranitar
|detailschange|p2a: Swampert|Swampert-Mega, L50, F
|-mega|p2a: Swampert|Swampert|Swampertite
|move|p2b: Tsareena|Protect|p2b: Tsareena
|-singleturn|p2b: Tsareena|Protect
|move|p1b: Excadrill|High Horsepower|p2a: Swampert
|-damage|p2a: Swampert|50/100g
|move|p2a: Swampert|Earthquake|p1a: Tyranitar|[spread] p1a,p1b
|-activate|p2b: Tsareena|move: Protect
|-supereffective|p1a: Tyranitar|1
|-supereffective|p1b: Excadrill|1
|-damage|p1a: Tyranitar|19/100
|-damage|p1b: Excadrill|0 fnt
|faint|p1b: Excadrill
|
|-weather|Sandstorm|[upkeep]
|-damage|p2b: Tsareena|87/100|[from] Sandstorm
|upkeep
|inactive|PuffTheCutie has 30 seconds left.
|inactive|PuffTheCutie has 20 seconds left.
|inactive|PuffTheCutie has 15 seconds left.
|
|t:|1786162647
|switch|p1b: Staraptor|Staraptor, L50, F|100/100
|-ability|p1b: Staraptor|Intimidate|boost
|-unboost|p2a: Swampert|atk|1
|-unboost|p2b: Tsareena|atk|1
|turn|5
|
|t:|1786162672
|detailschange|p1a: Tyranitar|Tyranitar-Mega, L50, M
|-mega|p1a: Tyranitar|Tyranitar|Tyranitarite
|move|p1b: Staraptor|Brave Bird|p2b: Tsareena
|-supereffective|p2b: Tsareena|1
|-damage|p2b: Tsareena|0 fnt
|faint|p2b: Tsareena
|-damage|p1b: Staraptor|76/100|[from] Recoil
|move|p1a: Tyranitar|Low Kick|p2a: Swampert
|-damage|p2a: Swampert|14/100
|move|p2a: Swampert|Ice Punch|p1b: Staraptor
|-supereffective|p1b: Staraptor|1
|-damage|p1b: Staraptor|18/100
|
|-weather|Sandstorm|[upkeep]
|-damage|p1b: Staraptor|12/100|[from] Sandstorm
|upkeep
|turn|6
|inactive|PuffTheCutie has 30 seconds left.
|
|t:|1786162699
|move|p1b: Staraptor|Close Combat|p2a: Swampert
|-damage|p2a: Swampert|0 fnt
|-unboost|p1b: Staraptor|def|1
|-unboost|p1b: Staraptor|spd|1
|faint|p2a: Swampert
|
|win|PuffTheCutie
