|j|☆lordtentacle69
|j|☆Schlorp_Corp
|html|lordtentacle69Schlorp_Corp    
|uhtml|bestof|Game 2 of a best-of-3
|t:|1783055776
|gametype|doubles
|player|p1|lordtentacle69|corbeau|1316
|player|p2|Schlorp_Corp|pokemaniac|1297
|gen|9
|tier|[Gen 9 Champions] VGC 2026 Reg M-B (Bo3)
|rated|
|rule|Species Clause: Limit one of each Pokémon
|rule|Item Clause: Limit 1 of each item
|clearpoke
|poke|p1|Aerodactyl, L50, M|
|poke|p1|Charizard, L50, F|
|poke|p1|Kingambit, L50, F|
|poke|p1|Sylveon, L50, M|
|poke|p1|Farigiraf, L50, M|
|poke|p1|Garchomp, L50, F|
|poke|p2|Sceptile, L50, M|
|poke|p2|Heliolisk, L50, M|
|poke|p2|Charizard, L50, F|
|poke|p2|Kingambit, L50, M|
|poke|p2|Farigiraf, L50, F|
|poke|p2|Primarina, L50, M|
|teampreview|4
|showteam|p1|Aerodactyl||Aerodactylite|Unnerve|RockSlide,DualWingbeat,IceFang,Tailwind|Jolly||M|||50|]Charizard||CharizarditeY|Blaze|HeatWave,Protect,SolarBeam,WeatherBall|Modest||F|||50|]Kingambit||FocusSash|Defiant|KowtowCleave,SuckerPunch,LowKick,IronHead|Adamant||F|||50|]Sylveon||FairyFeather|Pixilate|HyperVoice,HyperBeam,QuickAttack,Protect|Modest||M|||50|]Farigiraf||SitrusBerry|ArmorTail|Psychic,Protect,TrickRoom,Thunderbolt|Bold||M|||50|]Garchomp||LifeOrb|RoughSkin|Earthquake,StompingTantrum,DragonClaw,Protect|Jolly||F|||50|
|showteam|p2|Sceptile||Sceptilite|Overgrow|EnergyBall,Protect,EarthPower,DragonPulse|Timid||M|||50|]Heliolisk||ChoiceScarf|SolarPower|Discharge,Thunderbolt,HyperVoice,Electroweb|Modest||M|||50|]Charizard||CharizarditeY|Blaze|HeatWave,WeatherBall,Protect,SolarBeam|Timid||F|||50|]Kingambit||ChopleBerry|Defiant|KowtowCleave,IronHead,SuckerPunch,LowKick|Adamant||M|||50|]Farigiraf||SitrusBerry|ArmorTail|TwinBeam,Protect,TrickRoom,FoulPlay|Bold||F|||50|]Primarina||LifeOrb|LiquidVoice|HyperVoice,Protect,Moonblast,PerishSong|Modest||M|||50|
|inactive|Battle timer is ON: inactive players will automatically lose when time's up. (requested by Schlorp_Corp)
|inactive|lordtentacle69 has 60 seconds left.
|
|t:|1783055826
|teamsize|p1|4
|teamsize|p2|4
|start
|switch|p1a: Charizard|Charizard, L50, F|100/100
|switch|p1b: Garchomp|Garchomp, L50, F|100/100
|switch|p2a: Charizard|Charizard, L50, F|100/100
|switch|p2b: Heliolisk|Heliolisk, L50, M|100/100
|turn|1
|
|t:|1783055848
|detailschange|p2a: Charizard|Charizard-Mega-Y, L50, F
|-mega|p2a: Charizard|Charizard|Charizardite Y
|-weather|SunnyDay|[from] ability: Drought|[of] p2a: Charizard
|detailschange|p1a: Charizard|Charizard-Mega-Y, L50, F
|-mega|p1a: Charizard|Charizard|Charizardite Y
|move|p1a: Charizard|Protect|p1a: Charizard
|-singleturn|p1a: Charizard|Protect
|move|p2b: Heliolisk|Hyper Voice|p1b: Garchomp|[spread] p1b
|-activate|p1a: Charizard|move: Protect
|-damage|p1b: Garchomp|42/100
|move|p1b: Garchomp|Stomping Tantrum|p2b: Heliolisk
|-supereffective|p2b: Heliolisk|1
|-damage|p2b: Heliolisk|0 fnt
|faint|p2b: Heliolisk
|-damage|p1b: Garchomp|32/100|[from] item: Life Orb
|move|p2a: Charizard|Solar Beam||[still]
|-prepare|p2a: Charizard|Solar Beam
|-anim|p2a: Charizard|Solar Beam|p1b: Garchomp
|-damage|p1b: Garchomp|0 fnt
|faint|p1b: Garchomp
|
|-weather|SunnyDay|[upkeep]
|upkeep
|
|t:|1783055868
|switch|p1b: Farigiraf|Farigiraf, L50, M|100/100
|switch|p2b: Primarina|Primarina, L50, M|100/100
|turn|2
|
|t:|1783055883
|move|p2a: Charizard|Heat Wave|p1a: Charizard|[spread] p1a,p1b
|-resisted|p1a: Charizard|1
|-damage|p1a: Charizard|71/100
|-damage|p1b: Farigiraf|42/100
|-enditem|p1b: Farigiraf|Sitrus Berry|[eat]
|-heal|p1b: Farigiraf|67/100|[from] item: Sitrus Berry
|move|p1a: Charizard|Solar Beam||[still]
|-prepare|p1a: Charizard|Solar Beam
|-anim|p1a: Charizard|Solar Beam|p2b: Primarina
|-supereffective|p2b: Primarina|1
|-damage|p2b: Primarina|18/100
|move|p2b: Primarina|Hyper Voice|p1b: Farigiraf|[spread] p1a,p1b
|-supereffective|p1a: Charizard|1
|-damage|p1a: Charizard|23/100
|-damage|p1b: Farigiraf|44/100
|-damage|p2b: Primarina|9/100|[from] item: Life Orb
|move|p1b: Farigiraf|Thunderbolt|p2a: Charizard
|-supereffective|p2a: Charizard|1
|-damage|p2a: Charizard|56/100
|
|-weather|SunnyDay|[upkeep]
|upkeep
|turn|3
|
|t:|1783055905
|move|p1a: Charizard|Protect|p1a: Charizard
|-singleturn|p1a: Charizard|Protect
|move|p2a: Charizard|Heat Wave|p1a: Charizard|[spread] p1b
|-activate|p1a: Charizard|move: Protect
|-damage|p1b: Farigiraf|0 fnt
|faint|p1b: Farigiraf
|move|p2b: Primarina|Hyper Voice|p1a: Charizard
|-activate|p1a: Charizard|move: Protect
|
|-weather|SunnyDay|[upkeep]
|upkeep
|
|t:|1783055913
|switch|p1b: Sylveon|Sylveon, L50, M|100/100
|turn|4
|
|t:|1783055927
|move|p2a: Charizard|Heat Wave|p1b: Sylveon|[spread] p1a,p1b
|-resisted|p1a: Charizard|1
|-damage|p1a: Charizard|0 fnt
|-damage|p1b: Sylveon|45/100
|faint|p1a: Charizard
|move|p1b: Sylveon|Hyper Voice|p2b: Primarina|[spread] p2a,p2b
|-resisted|p2a: Charizard|1
|-damage|p2a: Charizard|29/100
|-damage|p2b: Primarina|0 fnt
|faint|p2b: Primarina
|
|-weather|SunnyDay|[upkeep]
|upkeep
|
|t:|1783055933
|switch|p2b: Kingambit|Kingambit, L50, M|100/100
|turn|5
|
|t:|1783055937
|move|p1b: Sylveon|Protect|p1b: Sylveon
|-singleturn|p1b: Sylveon|Protect
|move|p2a: Charizard|Weather Ball|p1b: Sylveon
|-activate|p1b: Sylveon|move: Protect
|move|p2b: Kingambit|Iron Head|p1b: Sylveon
|-activate|p1b: Sylveon|move: Protect
|
|-weather|none
|upkeep
|turn|6
|
|t:|1783055943
|move|p2a: Charizard|Heat Wave|p1b: Sylveon|[miss]
|-miss|p2a: Charizard|p1b: Sylveon
|move|p1b: Sylveon|Hyper Voice|p2b: Kingambit|[spread] p2a,p2b
|-resisted|p2a: Charizard|1
|-damage|p2a: Charizard|2/100
|-damage|p2b: Kingambit|48/100
|move|p2b: Kingambit|Iron Head|p1b: Sylveon
|-supereffective|p1b: Sylveon|1
|-damage|p1b: Sylveon|0 fnt
|faint|p1b: Sylveon
|
|win|Schlorp_Corp
||Schlorp_Corp is ready for game 3.
||lordtentacle69 is ready for game 3.
|uhtml|next|Next: Game 3 of 3
