|j|☆evilmayheem
|j|☆chawieeee
|html|evilmayheemchawieeee    
|uhtml|bestof|Game 2 of a best-of-3
|t:|1782262292
|gametype|doubles
|player|p1|evilmayheem|crasherwake|1166
|player|p2|chawieeee|101|1295
|gen|9
|tier|[Gen 9 Champions] VGC 2026 Reg M-B (Bo3)
|rated|
|rule|Species Clause: Limit one of each Pokémon
|rule|Item Clause: Limit 1 of each item
|clearpoke
|poke|p1|Pyroar, L50, M|
|poke|p1|Sableye, L50, M|
|poke|p1|Farigiraf, L50, F|
|poke|p1|Kingambit, L50, M|
|poke|p1|Sylveon, L50, M|
|poke|p1|Scrafty, L50, M|
|poke|p2|Froslass, L50, F|
|poke|p2|Incineroar, L50, M|
|poke|p2|Tsareena, L50, F|
|poke|p2|Garchomp, L50, M|
|poke|p2|Toxapex, L50, F|
|poke|p2|Sneasler, L50, F|
|teampreview|4
|showteam|p1|Pyroar||Pyroarite|Rivalry|HeatWave,Overheat,SolarBeam,Protect|Timid||M|||50|]Sableye||RoseliBerry|Prankster|SunnyDay,LightScreen,Reflect,WillOWisp|Calm||M|||50|]Farigiraf||SitrusBerry|ArmorTail|Protect,HelpingHand,Psychic,TrickRoom|Calm||F|||50|]Kingambit||ChopleBerry|Defiant|KowtowCleave,IronHead,SuckerPunch,Protect|Adamant||M|||50|]Sylveon||FairyFeather|Pixilate|Detect,HyperVoice,QuickAttack,HyperBeam|Quiet||M|||50|]Scrafty||Scraftinite|Intimidate|FakeOut,Detect,CloseCombat,KnockOff|Brave||M|||50|
|showteam|p2|Froslass||Froslassite|CursedBody|Blizzard,Thunderbolt,AuroraVeil,Protect|Timid||F|||50|]Incineroar||SitrusBerry|Intimidate|FakeOut,FlareBlitz,ThroatChop,PartingShot|Careful||M|||50|]Tsareena||ChoiceScarf|QueenlyMajesty|LowKick,Uturn,TropKick,KnockOff|Jolly||F|||50|]Garchomp||LifeOrb|RoughSkin|DragonClaw,StompingTantrum,RockSlide,Protect|Jolly||M|||50|]Toxapex||Leftovers|Regenerator|BanefulBunker,WideGuard,Infestation,Toxic|Relaxed||F|||50|]Sneasler||WhiteHerb|Unburden|FakeOut,CloseCombat,DireClaw,Protect|Jolly||F|||50|
|inactive|Battle timer is ON: inactive players will automatically lose when time's up. (requested by chawieeee)
|inactive|chawieeee has 60 seconds left.
|
|t:|1782262323
|teamsize|p1|4
|teamsize|p2|4
|start
|switch|p1a: Farigiraf|Farigiraf, L50, F|100/100
|switch|p1b: Scrafty|Scrafty, L50, M|100/100
|switch|p2a: Toxapex|Toxapex, L50, F|100/100
|switch|p2b: Froslass|Froslass, L50, F|100/100
|-ability|p1b: Scrafty|Intimidate|boost
|-unboost|p2a: Toxapex|atk|1
|-unboost|p2b: Froslass|atk|1
|turn|1
|
|t:|1782262339
|detailschange|p2b: Froslass|Froslass-Mega, L50, F
|-mega|p2b: Froslass|Froslass|Froslassite
|-weather|Snowscape|[from] ability: Snow Warning|[of] p2b: Froslass
|detailschange|p1b: Scrafty|Scrafty-Mega, L50, M
|-mega|p1b: Scrafty|Scrafty|Scraftinite
|-ability|p1b: Scrafty|Intimidate|boost
|-unboost|p2a: Toxapex|atk|1
|-unboost|p2b: Froslass|atk|1
|move|p2b: Froslass|Aurora Veil|p2b: Froslass
|-sidestart|p2: chawieeee|move: Aurora Veil
|move|p1b: Scrafty|Knock Off|p2a: Toxapex
|-damage|p2a: Toxapex|79/100
|-enditem|p2a: Toxapex|Leftovers|[from] move: Knock Off|[of] p1b: Scrafty
|move|p2a: Toxapex|Toxic|p1b: Scrafty
|-status|p1b: Scrafty|tox
|move|p1a: Farigiraf|Trick Room|p1a: Farigiraf
|-fieldstart|move: Trick Room|[of] p1a: Farigiraf
|
|-weather|Snowscape|[upkeep]
|-damage|p1b: Scrafty|94/100 tox|[from] psn
|upkeep
|turn|2
|inactive|chawieeee has 30 seconds left.
|inactive|chawieeee has 20 seconds left.
|inactive|chawieeee has 15 seconds left.
|inactive|chawieeee has 10 seconds left.
|
|t:|1782262389
|switch|p1b: Kingambit|Kingambit, L50, M|100/100
|move|p2b: Froslass|Protect|p2b: Froslass
|-singleturn|p2b: Froslass|Protect
|move|p2a: Toxapex|Infestation|p1b: Kingambit
|-damage|p1b: Kingambit|96/100
|-activate|p1b: Kingambit|move: Infestation|[of] p2a: Toxapex
|move|p1a: Farigiraf|Psychic|p2a: Toxapex
|-supereffective|p2a: Toxapex|1
|-damage|p2a: Toxapex|46/100
|
|-weather|Snowscape|[upkeep]
|-damage|p1b: Kingambit|84/100|[from] move: Infestation|[partiallytrapped]
|upkeep
|turn|3
|
|t:|1782262404
|-heal|p2a: Toxapex|79/100|[from] ability: Regenerator|[silent]
|switch|p2a: Tsareena|Tsareena, L50, F|100/100
|move|p1b: Kingambit|Kowtow Cleave|p2b: Froslass
|-supereffective|p2b: Froslass|1
|-damage|p2b: Froslass|29/100
|move|p1a: Farigiraf|Psychic|p2b: Froslass
|-damage|p2b: Froslass|2/100
|move|p2b: Froslass|Blizzard|p1a: Farigiraf|[spread] p1a,p1b
|-resisted|p1b: Kingambit|1
|-damage|p1a: Farigiraf|63/100
|-damage|p1b: Kingambit|61/100
|
|-weather|Snowscape|[upkeep]
|-end|p1b: Kingambit|Infestation|[partiallytrapped]|[silent]
|upkeep
|turn|4
|
|t:|1782262426
|switch|p2b: Incineroar|Incineroar, L50, M|100/100
|-ability|p2b: Incineroar|Intimidate|boost
|-unboost|p1a: Farigiraf|atk|1
|-unboost|p1b: Kingambit|atk|1
|-ability|p1b: Kingambit|Defiant|boost
|-boost|p1b: Kingambit|atk|2
|move|p1b: Kingambit|Kowtow Cleave|p2a: Tsareena
|-damage|p2a: Tsareena|38/100
|move|p1a: Farigiraf|Psychic|p2a: Tsareena
|-damage|p2a: Tsareena|13/100
|move|p2a: Tsareena|Low Kick|p1b: Kingambit
|-supereffective|p1b: Kingambit|2
|-enditem|p1b: Kingambit|Chople Berry|[eat]
|-enditem|p1b: Kingambit|Chople Berry|[weaken]
|-damage|p1b: Kingambit|10/100
|
|-weather|Snowscape|[upkeep]
|upkeep
|turn|5
|
|t:|1782262451
|move|p1b: Kingambit|Kowtow Cleave|p2b: Incineroar
|-resisted|p2b: Incineroar|1
|-damage|p2b: Incineroar|75/100
|move|p1a: Farigiraf|Psychic|p2a: Tsareena
|-damage|p2a: Tsareena|0 fnt
|faint|p2a: Tsareena
|move|p2b: Incineroar|Flare Blitz|p1b: Kingambit
|-supereffective|p1b: Kingambit|1
|-damage|p1b: Kingambit|0 fnt
|faint|p1b: Kingambit
|-damage|p2b: Incineroar|72/100|[from] Recoil
|
|-weather|none
|-sideend|p2: chawieeee|move: Aurora Veil
|-fieldend|move: Trick Room
|upkeep
|
|t:|1782262472
|switch|p2a: Froslass|Froslass-Mega, L50, F|2/100
|switch|p1b: Scrafty|Scrafty-Mega, L50, M|94/100 tox
|-weather|Snowscape|[from] ability: Snow Warning|[of] p2a: Froslass
|-ability|p1b: Scrafty|Intimidate|boost
|-unboost|p2a: Froslass|atk|1
|-unboost|p2b: Incineroar|atk|1
|turn|6
|
|t:|1782262490
|move|p1a: Farigiraf|Protect|p1a: Farigiraf
|-singleturn|p1a: Farigiraf|Protect
|move|p2a: Froslass|Blizzard|p1b: Scrafty|[spread] p1b
|-activate|p1a: Farigiraf|move: Protect
|-damage|p1b: Scrafty|60/100 tox
|move|p2b: Incineroar|Parting Shot|p1a: Farigiraf
|-activate|p1a: Farigiraf|move: Protect
|move|p1b: Scrafty|Knock Off|p2a: Froslass
|-supereffective|p2a: Froslass|1
|-damage|p2a: Froslass|0 fnt
|faint|p2a: Froslass
|
|-weather|Snowscape|[upkeep]
|-damage|p1b: Scrafty|54/100 tox|[from] psn
|upkeep
|
|t:|1782262494
|switch|p2a: Toxapex|Toxapex, L50, F|79/100
|turn|7
|
|t:|1782262510
|move|p2b: Incineroar|Throat Chop|p1a: Farigiraf
|-supereffective|p1a: Farigiraf|1
|-damage|p1a: Farigiraf|24/100
|-start|p1a: Farigiraf|Throat Chop|[silent]
|-enditem|p1a: Farigiraf|Sitrus Berry|[eat]
|-heal|p1a: Farigiraf|48/100|[from] item: Sitrus Berry
|move|p1a: Farigiraf|Psychic|p2a: Toxapex
|-supereffective|p2a: Toxapex|1
|-damage|p2a: Toxapex|28/100
|move|p1b: Scrafty|Close Combat|p2b: Incineroar
|-supereffective|p2b: Incineroar|1
|-damage|p2b: Incineroar|0 fnt
|-unboost|p1b: Scrafty|def|1
|-unboost|p1b: Scrafty|spd|1
|faint|p2b: Incineroar
|move|p2a: Toxapex|Toxic|p1a: Farigiraf
|-status|p1a: Farigiraf|tox
|
|-weather|Snowscape|[upkeep]
|-damage|p1a: Farigiraf|42/100 tox|[from] psn
|-damage|p1b: Scrafty|43/100 tox|[from] psn
|upkeep
|turn|8
|
|t:|1782262524
|move|p2a: Toxapex|Baneful Bunker|p2a: Toxapex
|-singleturn|p2a: Toxapex|move: Protect
|move|p1a: Farigiraf|Psychic|p2a: Toxapex
|-activate|p2a: Toxapex|move: Protect
|move|p1b: Scrafty|Close Combat|p2a: Toxapex
|-activate|p2a: Toxapex|move: Protect
|
|-weather|Snowscape|[upkeep]
|-damage|p1a: Farigiraf|30/100 tox|[from] psn
|-damage|p1b: Scrafty|25/100 tox|[from] psn
|-end|p1a: Farigiraf|Throat Chop|[silent]
|upkeep
|turn|9
|
|t:|1782262532
|move|p1a: Farigiraf|Psychic|p2a: Toxapex
|-supereffective|p2a: Toxapex|1
|-damage|p2a: Toxapex|0 fnt
|faint|p2a: Toxapex
|
|win|evilmayheem
|raw|evilmayheem's rating: 1166 → 1200(+34 for winning)
|raw|chawieeee's rating: 1295 → 1261(-34 for losing)
