|j|☆itbeasher
|j|☆tiagoballed
|html|itbeashertiagoballed    
|uhtml|bestof|Game 1 of a best-of-3
|t:|1756925788
|gametype|doubles
|player|p1|itbeasher|101|1130
|player|p2|tiagoballed|pokemaniac|1009
|gen|9
|tier|[Gen 9] VGC 2025 Reg H (Bo3)
|rated|
|rule|Species Clause: Limit one of each Pokémon
|rule|Item Clause: Limit 1 of each item
|clearpoke
|poke|p1|Jumpluff, L50, F|
|poke|p1|Typhlosion-Hisui, L50, M|
|poke|p1|Annihilape, L50, M|
|poke|p1|Torkoal, L50, F|
|poke|p1|Rillaboom, L50, M|
|poke|p1|Porygon2, L50|
|poke|p2|Indeedee, L50, M|
|poke|p2|Archaludon, L50, M|
|poke|p2|Ursaluna, L50, M|
|poke|p2|Sinistcha, L50|
|poke|p2|Incineroar, L50, M|
|poke|p2|Politoed, L50, F|
|teampreview|4
|showteam|p1|Jumpluff||CovertCloak|Chlorophyll|SleepPowder,Tailwind,RagePowder,PollenPuff|||F|||50|,,,,,Dark]Typhlosion-Hisui||ChoiceSpecs|Frisk|Eruption,HeatWave,ShadowBall,TeraBlast|||M|||50|,,,,,Stellar]Annihilape||SitrusBerry|Defiant|CloseCombat,Protect,FinalGambit,RageFist|||M|||50|,,,,,Fire]Torkoal||EjectPack|Drought|Protect,HelpingHand,Overheat,BurningJealousy|||F|||50|,,,,,Grass]Rillaboom||MiracleSeed|GrassySurge|FakeOut,GrassyGlide,HighHorsepower,WoodHammer|||M|||50|,,,,,Dragon]Porygon2||Eviolite|Download|Thunderbolt,IceBeam,Recover,TrickRoom||||||50|,,,,,Ghost
|showteam|p2|Indeedee||ChoiceScarf|PsychicSurge|ExpandingForce,TeraBlast,Trick,AfterYou|||M|||50|,,,,,Psychic]Archaludon||AssaultVest|Stamina|TeraBlast,ElectroShot,DracoMeteor,BodyPress|||M|||50|,,,,,Flying]Ursaluna||FlameOrb|Guts|Earthquake,Facade,HeadlongRush,Protect|||M|||50|,,,,,Ghost]Sinistcha||SitrusBerry|Hospitality|MatchaGotcha,Scald,TrickRoom,RagePowder||||||50|,,,,,Water]Incineroar||RockyHelmet|Intimidate|FakeOut,KnockOff,Taunt,PartingShot|||M|||50|,,,,,Bug]Politoed||Leftovers|Drizzle|MuddyWater,WeatherBall,IcyWind,Protect|||F|||50|,,,,,Fire
|
|t:|1756925836
|teamsize|p1|4
|teamsize|p2|4
|start
|switch|p1a: Annihilape|Annihilape, L50, M, shiny|100/100
|switch|p1b: Rillaboom|Rillaboom, L50, M, shiny|100/100
|switch|p2a: Incineroar|Incineroar, L50, M|100/100
|switch|p2b: Indeedee|Indeedee, L50, M|100/100
|-fieldstart|move: Psychic Terrain|[from] ability: Psychic Surge|[of] p2b: Indeedee
|-fieldstart|move: Grassy Terrain|[from] ability: Grassy Surge|[of] p1b: Rillaboom
|-ability|p2a: Incineroar|Intimidate|boost
|-unboost|p1a: Annihilape|atk|1
|-ability|p1a: Annihilape|Defiant|boost
|-boost|p1a: Annihilape|atk|2
|-unboost|p1b: Rillaboom|atk|1
|turn|1
|
|t:|1756925868
|move|p1b: Rillaboom|Fake Out|p2b: Indeedee
|-damage|p2b: Indeedee|81/100
|move|p2a: Incineroar|Fake Out|p1b: Rillaboom
|-damage|p1b: Rillaboom|90/100
|cant|p2b: Indeedee|flinch
|move|p1a: Annihilape|Close Combat|p2a: Incineroar
|-supereffective|p2a: Incineroar
|-damage|p2a: Incineroar|0 fnt
|-unboost|p1a: Annihilape|def|1
|-unboost|p1a: Annihilape|spd|1
|-damage|p1a: Annihilape|84/100|[from] item: Rocky Helmet|[of] p2a: Incineroar
|faint|p2a: Incineroar
|
|-heal|p2b: Indeedee|87/100|[from] Grassy Terrain
|-heal|p1a: Annihilape|90/100|[from] Grassy Terrain
|-heal|p1b: Rillaboom|96/100|[from] Grassy Terrain
|upkeep
|
|t:|1756925884
|switch|p2a: Politoed|Politoed, L50, F|100/100
|-weather|RainDance|[from] ability: Drizzle|[of] p2a: Politoed
|turn|2
|
|t:|1756925911
|switch|p2a: Archaludon|Archaludon, L50, M|100/100
|-terastallize|p2b: Indeedee|Psychic
|move|p1a: Annihilape|Protect|p1a: Annihilape
|-singleturn|p1a: Annihilape|Protect
|move|p2b: Indeedee|Expanding Force|p1a: Annihilape
|-activate|p1a: Annihilape|move: Protect
|move|p1b: Rillaboom|High Horsepower|p2a: Archaludon
|-supereffective|p2a: Archaludon
|-damage|p2a: Archaludon|71/100
|-ability|p2a: Archaludon|Stamina|boost
|-boost|p2a: Archaludon|def|1
|
|-weather|RainDance|[upkeep]
|-heal|p2b: Indeedee|93/100|[from] Grassy Terrain
|-heal|p1a: Annihilape|97/100|[from] Grassy Terrain
|-heal|p1b: Rillaboom|100/100|[from] Grassy Terrain
|-heal|p2a: Archaludon|78/100|[from] Grassy Terrain
|upkeep
|turn|3
|
|t:|1756925943
|switch|p2b: Politoed|Politoed, L50, F|100/100
|switch|p1a: Porygon2|Porygon2, L50, shiny|100/100
|-ability|p1a: Porygon2|Download|boost
|-boost|p1a: Porygon2|spa|1
|move|p1b: Rillaboom|Wood Hammer|p2b: Politoed
|-supereffective|p2b: Politoed
|-damage|p2b: Politoed|0 fnt
|faint|p2b: Politoed
|-damage|p1b: Rillaboom|68/100|[from] Recoil
|move|p2a: Archaludon|Draco Meteor|p1b: Rillaboom
|-damage|p1b: Rillaboom|6/100
|-unboost|p2a: Archaludon|spa|2
|
|-weather|RainDance|[upkeep]
|-heal|p1b: Rillaboom|12/100|[from] Grassy Terrain
|-heal|p2a: Archaludon|84/100|[from] Grassy Terrain
|upkeep
|
|t:|1756925959
|switch|p2b: Indeedee|Indeedee, L50, M, tera:Psychic|93/100
|-fieldstart|move: Psychic Terrain|[from] ability: Psychic Surge|[of] p2b: Indeedee
|turn|4
|
|t:|1756925987
|move|p2b: Indeedee|Expanding Force|p1a: Porygon2|[spread] p1a,p1b
|-damage|p1a: Porygon2|59/100
|-damage|p1b: Rillaboom|0 fnt
|faint|p1b: Rillaboom
|move|p2a: Archaludon|Body Press|p1a: Porygon2
|-supereffective|p1a: Porygon2
|-damage|p1a: Porygon2|19/100
|move|p1a: Porygon2|Trick Room|p1a: Porygon2
|-fieldstart|move: Trick Room|[of] p1a: Porygon2
|
|-weather|RainDance|[upkeep]
|upkeep
|
|t:|1756925991
|switch|p1b: Annihilape|Annihilape, L50, M, shiny|97/100
|turn|5
|
|t:|1756926006
|move|p1a: Porygon2|Recover|p1a: Porygon2
|-heal|p1a: Porygon2|69/100
|move|p2a: Archaludon|Electro Shot||[still]
|-prepare|p2a: Archaludon|Electro Shot
|-boost|p2a: Archaludon|spa|1
|-anim|p2a: Archaludon|Electro Shot|p1b: Annihilape
|-damage|p1b: Annihilape|73/100
|move|p1b: Annihilape|Final Gambit|p2a: Archaludon
|-damage|p2a: Archaludon|6/100
|-ability|p2a: Archaludon|Stamina|boost
|-boost|p2a: Archaludon|def|1
|faint|p1b: Annihilape
|move|p2b: Indeedee|Expanding Force|p1a: Porygon2
|-damage|p1a: Porygon2|13/100
|
|-weather|RainDance|[upkeep]
|upkeep
|
|t:|1756926016
|switch|p1b: Typhlosion|Typhlosion-Hisui, L50, M, shiny|100/100
|-item|p2a: Archaludon|Assault Vest|[from] ability: Frisk|[of] p1b: Typhlosion
|-item|p2b: Indeedee|Choice Scarf|[from] ability: Frisk|[of] p1b: Typhlosion
|turn|6
|
|t:|1756926035
|-terastallize|p1b: Typhlosion|Stellar
|move|p1a: Porygon2|Ice Beam|p2a: Archaludon
|-damage|p2a: Archaludon|0 fnt
|faint|p2a: Archaludon
|move|p1b: Typhlosion|Shadow Ball|p2b: Indeedee
|-supereffective|p2b: Indeedee
|-damage|p2b: Indeedee|0 fnt
|faint|p2b: Indeedee
|
|win|itbeasher
||tiagoballed is ready for game 2.
|inactive|itbeasher has 30 seconds to confirm battle start!
||itbeasher is ready for game 2.
|uhtml|next|Next: Game 2 of 3
