|j|☆washingtongargacha
|j|☆capspungo
|html|washingtongargachacapspungo    
|uhtml|bestof|Game 3 of a best-of-3
|t:|1757107504
|gametype|doubles
|player|p1|washingtongargacha|2|1128
|player|p2|capspungo|1|1219
|gen|9
|tier|[Gen 9] VGC 2025 Reg H (Bo3)
|rated|
|rule|Species Clause: Limit one of each Pokémon
|rule|Item Clause: Limit 1 of each item
|clearpoke
|poke|p1|Talonflame, L50, M|
|poke|p1|Gholdengo, L50|
|poke|p1|Dragonite, L50, F|
|poke|p1|Archaludon, L50, M|
|poke|p1|Tyranitar, L50, M|
|poke|p1|Garchomp, L50, M|
|poke|p2|Dragonite, L50, M|
|poke|p2|Annihilape, L50, F|
|poke|p2|Rillaboom, L50, M|
|poke|p2|Electabuzz, L50, M|
|poke|p2|Incineroar, L50, F|
|poke|p2|Gholdengo, L50|
|teampreview|4
|showteam|p1|Talonflame||CovertCloak|GaleWings|Tailwind,DualWingbeat,Taunt,FlareBlitz|||M|||50|,,,,,Ghost]Gholdengo||ChoiceSpecs|GoodasGold|MakeItRain,SteelBeam,ShadowBall,PowerGem||||||50|,,,,,Steel]Dragonite||LoadedDice|Multiscale|ScaleShot,IceSpinner,Haze,Protect|||F|||50|,,,,,Steel]Archaludon||PowerHerb|Sturdy|FlashCannon,ElectroShot,DracoMeteor,Protect|||M|||50|,,,,,Flying]Tyranitar||AssaultVest|SandStream|KnockOff,RockSlide,TeraBlast,LowKick|||M|||50|,,,,,Flying]Garchomp||LifeOrb|RoughSkin|DragonClaw,StompingTantrum,Earthquake,Protect|||M|||50|,,,,,Steel
|showteam|p2|Dragonite||LoadedDice|Multiscale|ScaleShot,ExtremeSpeed,Haze,Protect|||M|||50|,,,,,Fairy]Annihilape||FocusSash|Defiant|Coaching,Taunt,RageFist,CloseCombat|||F|||50|,,,,,Stellar]Rillaboom||AssaultVest|GrassySurge|WoodHammer,GrassyGlide,HighHorsepower,FakeOut|||M|||50|,,,,,Water]Electabuzz||Eviolite|VitalSpirit|Electroweb,FollowMe,Thunderbolt,Protect|||M|||50|,,,,,Ghost]Incineroar||MirrorHerb|Intimidate|FakeOut,PartingShot,FlareBlitz,KnockOff|||F|||50|,,,,,Water]Gholdengo||SitrusBerry|GoodasGold|MakeItRain,ShadowBall,NastyPlot,Protect||||||50|,,,,,Water
|
|t:|1757107545
|teamsize|p1|4
|teamsize|p2|4
|start
|switch|p1a: Dragonite|Dragonite, L50, F|100/100
|switch|p1b: Gholdengo|Gholdengo, L50|100/100
|switch|p2a: Dragonite|Dragonite, L50, M|100/100
|switch|p2b: Annihilape|Annihilape, L50, F|100/100
|turn|1
|inactive|Battle timer is ON: inactive players will automatically lose when time's up. (requested by capspungo)
|inactive|washingtongargacha has 60 seconds left.
|inactive|capspungo has 60 seconds left.
|
|t:|1757107583
|-terastallize|p1a: Dragonite|Steel
|move|p2a: Dragonite|Protect|p2a: Dragonite
|-singleturn|p2a: Dragonite|Protect
|move|p2b: Annihilape|Coaching|p2a: Dragonite
|-boost|p2a: Dragonite|atk|1
|-boost|p2a: Dragonite|def|1
|move|p1b: Gholdengo|Make It Rain|p2b: Annihilape|[spread] p2b
|-activate|p2a: Dragonite|move: Protect
|-damage|p2b: Annihilape|14/100
|-unboost|p1b: Gholdengo|spa|1
|move|p1a: Dragonite|Scale Shot|p2a: Dragonite
|-activate|p2a: Dragonite|move: Protect
|
|upkeep
|turn|2
|inactive|capspungo has 30 seconds left.
|inactive|washingtongargacha has 30 seconds left.
|
|t:|1757107621
|switch|p1b: Garchomp|Garchomp, L50, M|100/100
|-terastallize|p2a: Dragonite|Fairy
|move|p1a: Dragonite|Protect|p1a: Dragonite
|-singleturn|p1a: Dragonite|Protect
|move|p2b: Annihilape|Rage Fist|p1b: Garchomp
|-damage|p1b: Garchomp|55/100
|-damage|p2b: Annihilape|2/100|[from] ability: Rough Skin|[of] p1b: Garchomp
|move|p2a: Dragonite|Scale Shot|p1b: Garchomp
|-supereffective|p1b: Garchomp
|-damage|p1b: Garchomp|9/100
|-supereffective|p1b: Garchomp
|-damage|p1b: Garchomp|0 fnt
|faint|p1b: Garchomp
|-hitcount|p1: Garchomp|2
|-unboost|p2a: Dragonite|def|1
|-boost|p2a: Dragonite|spe|1
|
|upkeep
|
|t:|1757107641
|switch|p1b: Tyranitar|Tyranitar, L50, M|100/100
|-weather|Sandstorm|[from] ability: Sand Stream|[of] p1b: Tyranitar
|turn|3
|inactive|capspungo has 30 seconds left.
|
|t:|1757107666
|switch|p2b: Rillaboom|Rillaboom, L50, M|100/100
|-fieldstart|move: Grassy Terrain|[from] ability: Grassy Surge|[of] p2b: Rillaboom
|switch|p1b: Gholdengo|Gholdengo, L50|100/100
|move|p2a: Dragonite|Scale Shot|p1b: Gholdengo
|-resisted|p1b: Gholdengo
|-damage|p1b: Gholdengo|89/100
|-resisted|p1b: Gholdengo
|-damage|p1b: Gholdengo|75/100
|-resisted|p1b: Gholdengo
|-damage|p1b: Gholdengo|62/100
|-resisted|p1b: Gholdengo
|-damage|p1b: Gholdengo|49/100
|-resisted|p1b: Gholdengo
|-damage|p1b: Gholdengo|36/100
|-hitcount|p1b: Gholdengo|5
|-unboost|p2a: Dragonite|def|1
|-boost|p2a: Dragonite|spe|1
|move|p1a: Dragonite|Haze|p1a: Dragonite
|-clearallboost
|
|-weather|Sandstorm|[upkeep]
|-damage|p2a: Dragonite|95/100|[from] Sandstorm
|-damage|p2b: Rillaboom|95/100|[from] Sandstorm
|-heal|p1b: Gholdengo|42/100|[from] Grassy Terrain
|-heal|p2a: Dragonite|100/100|[from] Grassy Terrain
|-heal|p2b: Rillaboom|100/100|[from] Grassy Terrain
|upkeep
|turn|4
|inactive|washingtongargacha has 30 seconds left.
|inactive|capspungo has 30 seconds left.
|inactive|washingtongargacha has 20 seconds left.
|inactive|washingtongargacha has 15 seconds left.
|inactive|washingtongargacha has 10 seconds left.
|
|t:|1757107713
|move|p2b: Rillaboom|Fake Out|p1a: Dragonite
|-resisted|p1a: Dragonite
|-damage|p1a: Dragonite|96/100
|move|p1b: Gholdengo|Steel Beam|p2a: Dragonite
|-supereffective|p2a: Dragonite
|-damage|p2a: Dragonite|0 fnt
|-damage|p1b: Gholdengo|0 fnt|[from] steelbeam
|faint|p1b: Gholdengo
|faint|p2a: Dragonite
|cant|p1a: Dragonite|flinch
|
|-weather|Sandstorm|[upkeep]
|-damage|p2b: Rillaboom|95/100|[from] Sandstorm
|-heal|p1a: Dragonite|100/100|[from] Grassy Terrain
|-heal|p2b: Rillaboom|100/100|[from] Grassy Terrain
|upkeep
|
|t:|1757107734
|switch|p1b: Tyranitar|Tyranitar, L50, M|100/100
|switch|p2a: Annihilape|Annihilape, L50, F|2/100
|turn|5
|
|t:|1757107755
|move|p2a: Annihilape|Close Combat|p1b: Tyranitar
|-supereffective|p1b: Tyranitar
|-damage|p1b: Tyranitar|0 fnt
|-unboost|p2a: Annihilape|def|1
|-unboost|p2a: Annihilape|spd|1
|faint|p1b: Tyranitar
|move|p1a: Dragonite|Ice Spinner|p2b: Rillaboom
|-supereffective|p2b: Rillaboom
|-damage|p2b: Rillaboom|36/100
|-fieldend|move: Grassy Terrain
|move|p2b: Rillaboom|High Horsepower|p1a: Dragonite
|-supereffective|p1a: Dragonite
|-damage|p1a: Dragonite|61/100
|
|-weather|Sandstorm|[upkeep]
|-damage|p2a: Annihilape|0 fnt|[from] Sandstorm
|-damage|p2b: Rillaboom|30/100|[from] Sandstorm
|faint|p2a: Annihilape
|upkeep
|
|t:|1757107768
|switch|p2a: Electabuzz|Electabuzz, L50, M|100/100
|turn|6
|
|t:|1757107781
|move|p2a: Electabuzz|Follow Me|p2a: Electabuzz
|-singleturn|p2a: Electabuzz|move: Follow Me
|move|p1a: Dragonite|Scale Shot|p2a: Electabuzz
|-damage|p2a: Electabuzz|89/100
|-damage|p2a: Electabuzz|78/100
|-damage|p2a: Electabuzz|66/100
|-crit|p2a: Electabuzz
|-damage|p2a: Electabuzz|50/100
|-hitcount|p2a: Electabuzz|4
|-unboost|p1a: Dragonite|def|1
|-boost|p1a: Dragonite|spe|1
|move|p2b: Rillaboom|High Horsepower|p1a: Dragonite
|-supereffective|p1a: Dragonite
|-damage|p1a: Dragonite|0 fnt
|faint|p1a: Dragonite
|
|win|capspungo
|raw|washingtongargacha's rating: 1128 → 1109(-19 for losing)
|raw|capspungo's rating: 1219 → 1238(+19 for winning)
