|j|☆CoolMeDownB
|j|☆duende tester
|html|CoolMeDownBduende tester    
|uhtml|bestof|Game 1 of a best-of-3
|t:|1782671669
|gametype|doubles
|player|p1|CoolMeDownB|crasherwake|1245
|player|p2|duende tester|266|1247
|gen|9
|tier|[Gen 9 Champions] VGC 2026 Reg M-B (Bo3)
|rated|
|rule|Species Clause: Limit one of each Pokémon
|rule|Item Clause: Limit 1 of each item
|clearpoke
|poke|p1|Incineroar, L50, M, shiny|
|poke|p1|Gholdengo, L50|
|poke|p1|Sneasler, L50, F|
|poke|p1|Sylveon, L50, M, shiny|
|poke|p1|Froslass, L50, F|
|poke|p1|Aerodactyl, L50, F|
|poke|p2|Staraptor, L50, F|
|poke|p2|Grimmsnarl, L50, M|
|poke|p2|Pelipper, L50, M|
|poke|p2|Archaludon, L50, M|
|poke|p2|Gholdengo, L50|
|poke|p2|Venusaur, L50, M|
|teampreview|4
|showteam|p1|Incineroar||SitrusBerry|Intimidate|FlareBlitz,FakeOut,PartingShot,ThroatChop|Careful||M|||50|]Gholdengo||ShucaBerry|GoodasGold|ShadowBall,MakeItRain,NastyPlot,Protect|Timid|||||50|]Sneasler||WhiteHerb|Unburden|CloseCombat,DireClaw,Protect,FakeOut|Jolly||F|||50|]Sylveon||FairyFeather|Pixilate|HyperVoice,HyperBeam,QuickAttack,Detect|Modest||M|||50|]Froslass||Froslassite|SnowCloak|Blizzard,ShadowBall,AuroraVeil,Protect|Timid||F|||50|]Aerodactyl||Aerodactylite|RockHead|RockSlide,DualWingbeat,WideGuard,Tailwind|Jolly||F|||50|
|showteam|p2|Staraptor||Staraptite|Intimidate|BraveBird,CloseCombat,Roost,Protect|Adamant||F|||50|]Grimmsnarl||LightClay|Prankster|SpiritBreak,PartingShot,LightScreen,Reflect|Careful||M|||50|]Pelipper||FocusSash|Drizzle|Hurricane,WeatherBall,Tailwind,WideGuard|Modest||M|||50|]Archaludon||Leftovers|Stamina|ElectroShot,DragonPulse,FlashCannon,Protect|Modest||M|||50|]Gholdengo||ChoiceScarf|GoodasGold|MakeItRain,ShadowBall,PowerGem,Thunderbolt|Modest|||||50|]Venusaur||Venusaurite|Overgrow|SludgeBomb,EarthPower,GigaDrain,Protect|Modest||M|||50|
|c|☆CoolMeDownB|gl
|
|t:|1782671691
|teamsize|p1|4
|teamsize|p2|4
|start
|switch|p1a: Froslass|Froslass, L50, F|100/100
|switch|p1b: Sylveon|Sylveon, L50, M, shiny|100/100
|switch|p2a: Grimmsnarl|Grimmsnarl, L50, M|100/100
|switch|p2b: Venusaur|Venusaur, L50, M|100/100
|turn|1
|c|☆duende tester|gl
|
|t:|1782671710
|detailschange|p1a: Froslass|Froslass-Mega, L50, F
|-mega|p1a: Froslass|Froslass|Froslassite
|-weather|Snowscape|[from] ability: Snow Warning|[of] p1a: Froslass
|detailschange|p2b: Venusaur|Venusaur-Mega, L50, M
|-mega|p2b: Venusaur|Venusaur|Venusaurite
|move|p2a: Grimmsnarl|Light Screen|p2a: Grimmsnarl
|-sidestart|p2: duende tester|move: Light Screen
|move|p1a: Froslass|Blizzard|p2a: Grimmsnarl|[spread] p2a,p2b
|-supereffective|p2b: Venusaur|1
|-damage|p2a: Grimmsnarl|72/100
|-damage|p2b: Venusaur|74/100
|-status|p2a: Grimmsnarl|frz
|move|p2b: Venusaur|Giga Drain|p1a: Froslass
|-damage|p1a: Froslass|52/100
|-heal|p2b: Venusaur|94/100|[from] drain|[of] p1a: Froslass
|move|p1b: Sylveon|Hyper Voice|p2b: Venusaur|[spread] p2a,p2b
|-supereffective|p2a: Grimmsnarl|1
|-resisted|p2b: Venusaur|1
|-damage|p2a: Grimmsnarl|10/100 frz
|-damage|p2b: Venusaur|81/100
|
|-weather|Snowscape|[upkeep]
|upkeep
|turn|2
|
|t:|1782671738
|cant|p2a: Grimmsnarl|frz
|move|p1a: Froslass|Blizzard|p2b: Venusaur|[spread] p2a,p2b
|-supereffective|p2b: Venusaur|1
|-damage|p2a: Grimmsnarl|0 fnt
|-damage|p2b: Venusaur|55/100
|faint|p2a: Grimmsnarl
|move|p2b: Venusaur|Sludge Bomb|p1b: Sylveon
|-supereffective|p1b: Sylveon|1
|-damage|p1b: Sylveon|22/100
|move|p1b: Sylveon|Hyper Voice|p2b: Venusaur
|-resisted|p2b: Venusaur|1
|-damage|p2b: Venusaur|36/100
|
|-weather|Snowscape|[upkeep]
|upkeep
|
|t:|1782671752
|switch|p2a: Pelipper|Pelipper, L50, M|100/100
|-weather|RainDance|[from] ability: Drizzle|[of] p2a: Pelipper
|turn|3
|
|t:|1782671785
|move|p1a: Froslass|Blizzard|p2a: Pelipper|[spread] p2a,p2b
|-supereffective|p2b: Venusaur|1
|-damage|p2a: Pelipper|42/100
|-damage|p2b: Venusaur|11/100
|move|p2a: Pelipper|Tailwind|p2a: Pelipper
|-sidestart|p2: duende tester|move: Tailwind
|move|p2b: Venusaur|Sludge Bomb|p1b: Sylveon
|-supereffective|p1b: Sylveon|1
|-damage|p1b: Sylveon|0 fnt
|faint|p1b: Sylveon
|
|-weather|RainDance|[upkeep]
|upkeep
|
|t:|1782671793
|switch|p1b: Sneasler|Sneasler, L50, F|100/100
|turn|4
|
|t:|1782671806
|switch|p2a: Archaludon|Archaludon, L50, M|100/100
|move|p2b: Venusaur|Protect|p2b: Venusaur
|-singleturn|p2b: Venusaur|Protect
|move|p1b: Sneasler|Fake Out|p2a: Archaludon
|-resisted|p2a: Archaludon|1
|-damage|p2a: Archaludon|94/100
|-ability|p2a: Archaludon|Stamina|boost
|-boost|p2a: Archaludon|def|1
|move|p1a: Froslass|Shadow Ball|p2a: Archaludon
|-damage|p2a: Archaludon|64/100
|-unboost|p2a: Archaludon|spd|1
|-ability|p2a: Archaludon|Stamina|boost
|-boost|p2a: Archaludon|def|1
|
|-weather|RainDance|[upkeep]
|-heal|p2a: Archaludon|70/100|[from] item: Leftovers
|upkeep
|turn|5
|
|t:|1782671830
|switch|p1a: Incineroar|Incineroar, L50, M, shiny|100/100
|-ability|p1a: Incineroar|Intimidate|boost
|-unboost|p2a: Archaludon|atk|1
|-unboost|p2b: Venusaur|atk|1
|move|p1b: Sneasler|Protect|p1b: Sneasler
|-singleturn|p1b: Sneasler|Protect
|move|p2a: Archaludon|Electro Shot||[still]
|-prepare|p2a: Archaludon|Electro Shot
|-boost|p2a: Archaludon|spa|1
|-anim|p2a: Archaludon|Electro Shot|p1a: Incineroar
|-damage|p1a: Incineroar|62/100
|move|p2b: Venusaur|Earth Power|p1b: Sneasler
|-activate|p1b: Sneasler|move: Protect
|
|-weather|RainDance|[upkeep]
|-heal|p2a: Archaludon|77/100|[from] item: Leftovers
|upkeep
|turn|6
|
|t:|1782671857
|switch|p1b: Froslass|Froslass-Mega, L50, F|52/100
|-weather|Snowscape|[from] ability: Snow Warning|[of] p1b: Froslass
|move|p2b: Venusaur|Protect|p2b: Venusaur
|-singleturn|p2b: Venusaur|Protect
|move|p1a: Incineroar|Fake Out|p2a: Archaludon
|-resisted|p2a: Archaludon|1
|-damage|p2a: Archaludon|75/100
|-ability|p2a: Archaludon|Stamina|boost
|-boost|p2a: Archaludon|def|1
|cant|p2a: Archaludon|flinch
|
|-weather|Snowscape|[upkeep]
|-heal|p2a: Archaludon|81/100|[from] item: Leftovers
|-sideend|p2: duende tester|move: Tailwind
|upkeep
|turn|7
|
|t:|1782671889
|switch|p2b: Pelipper|Pelipper, L50, M|42/100
|-weather|RainDance|[from] ability: Drizzle|[of] p2b: Pelipper
|move|p1b: Froslass|Blizzard|p2b: Pelipper|[spread] p2a,p2b
|-crit|p2b: Pelipper
|-damage|p2a: Archaludon|35/100
|-damage|p2b: Pelipper|0 fnt
|-ability|p2a: Archaludon|Stamina|boost
|-boost|p2a: Archaludon|def|1
|faint|p2b: Pelipper
|move|p2a: Archaludon|Electro Shot||[still]
|-prepare|p2a: Archaludon|Electro Shot
|-boost|p2a: Archaludon|spa|1
|-anim|p2a: Archaludon|Electro Shot|p1a: Incineroar
|-damage|p1a: Incineroar|10/100
|-enditem|p1a: Incineroar|Sitrus Berry|[eat]
|-heal|p1a: Incineroar|35/100|[from] item: Sitrus Berry
|move|p1a: Incineroar|Parting Shot|p2a: Archaludon
|-unboost|p2a: Archaludon|atk|1
|-unboost|p2a: Archaludon|spa|1
|
|t:|1782671899
|switch|p1a: Sneasler|Sneasler, L50, F|100/100|[from] Parting Shot
|
|-weather|RainDance|[upkeep]
|-heal|p2a: Archaludon|41/100|[from] item: Leftovers
|upkeep
|
|t:|1782671910
|switch|p2b: Venusaur|Venusaur-Mega, L50, M|11/100
|turn|8
|
|t:|1782671924
|switch|p1b: Incineroar|Incineroar, L50, M, shiny|35/100
|-ability|p1b: Incineroar|Intimidate|boost
|-unboost|p2a: Archaludon|atk|1
|-unboost|p2b: Venusaur|atk|1
|move|p1a: Sneasler|Fake Out|p2a: Archaludon
|-resisted|p2a: Archaludon|1
|-damage|p2a: Archaludon|39/100
|-ability|p2a: Archaludon|Stamina|boost
|-boost|p2a: Archaludon|def|1
|cant|p2a: Archaludon|flinch
|move|p2b: Venusaur|Earth Power|p1a: Sneasler
|-supereffective|p1a: Sneasler|1
|-damage|p1a: Sneasler|8/100
|
|-weather|RainDance|[upkeep]
|-heal|p2a: Archaludon|45/100|[from] item: Leftovers
|-sideend|p2: duende tester|move: Light Screen
|upkeep
|turn|9
|
|t:|1782671956
|move|p1b: Incineroar|Fake Out|p2a: Archaludon
|-resisted|p2a: Archaludon|1
|-damage|p2a: Archaludon|44/100
|-ability|p2a: Archaludon|Stamina|boost
|-boost|p2a: Archaludon|def|1
|move|p1a: Sneasler|Dire Claw|p2b: Venusaur
|-damage|p2b: Venusaur|0 fnt
|faint|p2b: Venusaur
|cant|p2a: Archaludon|flinch
|
|-weather|RainDance|[upkeep]
|-heal|p2a: Archaludon|50/100g|[from] item: Leftovers
|upkeep
|turn|10
|
|t:|1782671971
|move|p1a: Sneasler|Close Combat|p2a: Archaludon
|-supereffective|p2a: Archaludon|1
|-damage|p2a: Archaludon|27/100
|-unboost|p1a: Sneasler|def|1
|-unboost|p1a: Sneasler|spd|1
|-enditem|p1a: Sneasler|White Herb
|-clearnegativeboost|p1a: Sneasler|[silent]
|move|p2a: Archaludon|Flash Cannon|p1a: Sneasler
|-damage|p1a: Sneasler|0 fnt
|faint|p1a: Sneasler
|move|p1b: Incineroar|Parting Shot|p2a: Archaludon
|-unboost|p2a: Archaludon|atk|1
|-unboost|p2a: Archaludon|spa|1
|
|t:|1782671975
|switch|p1b: Froslass|Froslass-Mega, L50, F|52/100|[from] Parting Shot
|-weather|Snowscape|[from] ability: Snow Warning|[of] p1b: Froslass
|
|-weather|Snowscape|[upkeep]
|-heal|p2a: Archaludon|34/100|[from] item: Leftovers
|upkeep
|
|t:|1782671977
|switch|p1a: Incineroar|Incineroar, L50, M, shiny|35/100
|-ability|p1a: Incineroar|Intimidate|boost
|-unboost|p2a: Archaludon|atk|1
|turn|11
|
|t:|1782672004
|move|p2a: Archaludon|Protect|p2a: Archaludon
|-singleturn|p2a: Archaludon|Protect
|move|p1a: Incineroar|Fake Out|p2a: Archaludon
|-activate|p2a: Archaludon|move: Protect
|move|p1b: Froslass|Blizzard|p2a: Archaludon
|-activate|p2a: Archaludon|move: Protect
|
|-weather|Snowscape|[upkeep]
|-heal|p2a: Archaludon|40/100|[from] item: Leftovers
|upkeep
|turn|12
|
|t:|1782672016
|move|p1b: Froslass|Blizzard|p2a: Archaludon
|-damage|p2a: Archaludon|0 fnt
|faint|p2a: Archaludon
|
|win|CoolMeDownB
||duende tester is ready for game 2.
|inactive|CoolMeDownB has 30 seconds to confirm battle start!
|inactive|CoolMeDownB has 20 seconds to confirm battle start!
|inactive|CoolMeDownB has 10 seconds to confirm battle start!
|uhtml|next|Next: Game 2 of 3
|l|☆CoolMeDownB
|player|p1|
