|j|☆MidnightCrimsonn
|j|☆smalltownkirlia
|html|MidnightCrimsonnsmalltownkirlia    
|uhtml|bestof|Game 3 of a best-of-3
|t:|1757192402
|gametype|doubles
|player|p1|MidnightCrimsonn|acetrainerf-gen4dp|1210
|player|p2|smalltownkirlia|whitney|1121
|gen|9
|tier|[Gen 9] VGC 2025 Reg H (Bo3)
|rated|
|rule|Species Clause: Limit one of each Pokémon
|rule|Item Clause: Limit 1 of each item
|clearpoke
|poke|p1|Amoonguss, L50, F|
|poke|p1|Incineroar, L50, M|
|poke|p1|Hydreigon, L50, F|
|poke|p1|Gholdengo, L50|
|poke|p1|Ursaluna, L50, F|
|poke|p1|Porygon2, L50|
|poke|p2|Dragonite, L50, F|
|poke|p2|Ursaluna-Bloodmoon, L50, M|
|poke|p2|Gholdengo, L50|
|poke|p2|Maushold-Four, L50|
|poke|p2|Annihilape, L50, M|
|poke|p2|Rillaboom, L50, M|
|teampreview|4
|showteam|p1|Amoonguss||MentalHerb|Regenerator|PollenPuff,Spore,RagePowder,Protect|||F|||50|,,,,,Fairy]Incineroar||AssaultVest|Intimidate|FakeOut,KnockOff,FlareBlitz,Uturn|||M|||50|,,,,,Ghost]Hydreigon||SafetyGoggles|Levitate|DracoMeteor,Snarl,Tailwind,Protect|||F|||50|,,,,,Ghost]Gholdengo||MetalCoat|GoodasGold|MakeItRain,ShadowBall,NastyPlot,Protect||||||50|,,,,,Water]Ursaluna||FlameOrb|Guts|Facade,HeadlongRush,Earthquake,Protect|||F|||50|,,,,,Ghost]Porygon2||Eviolite|Download|TeraBlast,IceBeam,Recover,TrickRoom||||||50|,,,,,Fighting
|showteam|p2|Dragonite||LoadedDice|Multiscale|ScaleShot,Tailwind,Haze,Protect|||F|||50|,,,,,Steel]Ursaluna-Bloodmoon||AssaultVest|MindsEye|BloodMoon,EarthPower,HyperVoice,VacuumWave|||M|||50|,,,,,Water]Gholdengo||LifeOrb|GoodasGold|MakeItRain,ShadowBall,NastyPlot,Protect||||||50|,,,,,Water]Maushold-Four||FocusSash|FriendGuard|SuperFang,FollowMe,BeatUp,Protect||||||50|,,,,,Ghost]Annihilape||SitrusBerry|Defiant|RageFist,DrainPunch,BulkUp,Protect|||M|||50|,,,,,Fire]Rillaboom||MiracleSeed|GrassySurge|WoodHammer,GrassyGlide,HighHorsepower,FakeOut|||M|||50|,,,,,Fire
|inactive|Battle timer is ON: inactive players will automatically lose when time's up. (requested by MidnightCrimsonn)
|inactive|smalltownkirlia also wants the timer to be on.
|inactive|smalltownkirlia has 60 seconds left.
|
|t:|1757192463
|teamsize|p1|4
|teamsize|p2|4
|start
|switch|p1a: Hydreigon|Hydreigon, L50, F|100/100
|switch|p1b: Gholdengo|Gholdengo, L50|100/100
|switch|p2a: Rillaboom|Rillaboom, L50, M|100/100
|switch|p2b: Dragonite|Dragonite, L50, F|100/100
|-fieldstart|move: Grassy Terrain|[from] ability: Grassy Surge|[of] p2a: Rillaboom
|turn|1
|
|t:|1757192476
|-terastallize|p1a: Hydreigon|Ghost
|move|p2a: Rillaboom|Fake Out|p1a: Hydreigon
|-immune|p1a: Hydreigon
|move|p1a: Hydreigon|Snarl|p2b: Dragonite|[spread] p2a,p2b
|-damage|p2a: Rillaboom|82/100
|-damage|p2b: Dragonite|92/100
|-unboost|p2a: Rillaboom|spa|1
|-unboost|p2b: Dragonite|spa|1
|move|p2b: Dragonite|Tailwind|p2b: Dragonite
|-sidestart|p2: smalltownkirlia|move: Tailwind
|move|p1b: Gholdengo|Make It Rain|p2a: Rillaboom|[spread] p2a,p2b
|-damage|p2a: Rillaboom|24/100
|-damage|p2b: Dragonite|29/100
|-unboost|p1b: Gholdengo|spa|1
|
|-heal|p2a: Rillaboom|30/100|[from] Grassy Terrain
|upkeep
|turn|2
|
|t:|1757192486
|switch|p2b: Ursaluna|Ursaluna-Bloodmoon, L50, M|100/100
|switch|p1b: Incineroar|Incineroar, L50, M, shiny|100/100
|-ability|p1b: Incineroar|Intimidate|boost
|-unboost|p2a: Rillaboom|atk|1
|-unboost|p2b: Ursaluna|atk|1
|move|p2a: Rillaboom|High Horsepower|p1b: Incineroar
|-supereffective|p1b: Incineroar
|-damage|p1b: Incineroar|59/100
|move|p1a: Hydreigon|Tailwind|p1a: Hydreigon
|-sidestart|p1: MidnightCrimsonn|move: Tailwind
|
|-heal|p2a: Rillaboom|36/100|[from] Grassy Terrain
|-heal|p1b: Incineroar|65/100|[from] Grassy Terrain
|upkeep
|turn|3
|
|t:|1757192502
|switch|p2a: Dragonite|Dragonite, L50, F|29/100
|move|p1b: Incineroar|Fake Out|p2a: Dragonite
|-damage|p2a: Dragonite|16/100
|move|p1a: Hydreigon|Snarl|p2b: Ursaluna|[spread] p2a,p2b
|-damage|p2a: Dragonite|0 fnt
|-damage|p2b: Ursaluna|88/100
|-unboost|p2b: Ursaluna|spa|1
|faint|p2a: Dragonite
|move|p2b: Ursaluna|Hyper Voice|p1b: Incineroar|[spread] p1a,p1b
|-damage|p1a: Hydreigon|77/100
|-damage|p1b: Incineroar|51/100
|
|-heal|p1b: Incineroar|57/100|[from] Grassy Terrain
|-heal|p2b: Ursaluna|94/100|[from] Grassy Terrain
|upkeep
|
|t:|1757192513
|switch|p2a: Gholdengo|Gholdengo, L50|100/100
|turn|4
|
|t:|1757192519
|-terastallize|p2a: Gholdengo|Water
|move|p1a: Hydreigon|Snarl|p2a: Gholdengo|[spread] p2b
|-miss|p1a: Hydreigon|p2a: Gholdengo
|-damage|p2b: Ursaluna|82/100
|-unboost|p2b: Ursaluna|spa|1
|move|p2a: Gholdengo|Nasty Plot|p2a: Gholdengo
|-boost|p2a: Gholdengo|spa|2
|move|p1b: Incineroar|Knock Off|p2a: Gholdengo
|-damage|p2a: Gholdengo|56/100
|-enditem|p2a: Gholdengo|Life Orb|[from] move: Knock Off|[of] p1b: Incineroar
|move|p2b: Ursaluna|Earth Power|p1b: Incineroar
|-supereffective|p1b: Incineroar
|-damage|p1b: Incineroar|28/100
|
|-heal|p2a: Gholdengo|61/100|[from] Grassy Terrain
|-heal|p1b: Incineroar|34/100|[from] Grassy Terrain
|-heal|p2b: Ursaluna|89/100|[from] Grassy Terrain
|-sideend|p2: smalltownkirlia|move: Tailwind
|upkeep
|turn|5
|
|t:|1757192540
|move|p2a: Gholdengo|Protect|p2a: Gholdengo
|-singleturn|p2a: Gholdengo|Protect
|move|p1a: Hydreigon|Draco Meteor|p2a: Gholdengo
|-activate|p2a: Gholdengo|move: Protect
|move|p1b: Incineroar|U-turn|p2a: Gholdengo
|-activate|p2a: Gholdengo|move: Protect
|move|p2b: Ursaluna|Blood Moon|p1a: Hydreigon
|-damage|p1a: Hydreigon|35/100
|
|-heal|p1b: Incineroar|40/100|[from] Grassy Terrain
|-heal|p2a: Gholdengo|67/100|[from] Grassy Terrain
|-heal|p2b: Ursaluna|95/100|[from] Grassy Terrain
|-sideend|p1: MidnightCrimsonn|move: Tailwind
|-fieldend|move: Grassy Terrain
|upkeep
|turn|6
|
|t:|1757192555
|move|p1a: Hydreigon|Draco Meteor|p2a: Gholdengo
|-damage|p2a: Gholdengo|7/100
|-unboost|p1a: Hydreigon|spa|2
|move|p2a: Gholdengo|Make It Rain|p1a: Hydreigon|[spread] p1a,p1b
|-resisted|p1b: Incineroar
|-damage|p1a: Hydreigon|0 fnt
|-damage|p1b: Incineroar|15/100
|-unboost|p2a: Gholdengo|spa|1
|faint|p1a: Hydreigon
|move|p1b: Incineroar|U-turn|p2a: Gholdengo
|-damage|p2a: Gholdengo|0 fnt
|faint|p2a: Gholdengo
|
|t:|1757192559
|switch|p1b: Gholdengo|Gholdengo, L50|100/100|[from] U-turn
|move|p2b: Ursaluna|Hyper Voice|p1b: Gholdengo
|-resisted|p1b: Gholdengo
|-damage|p1b: Gholdengo|88/100
|
|upkeep
|
|t:|1757192571
|switch|p1a: Incineroar|Incineroar, L50, M, shiny|15/100
|switch|p2a: Rillaboom|Rillaboom, L50, M|36/100
|-fieldstart|move: Grassy Terrain|[from] ability: Grassy Surge|[of] p2a: Rillaboom
|-ability|p1a: Incineroar|Intimidate|boost
|-unboost|p2a: Rillaboom|atk|1
|-unboost|p2b: Ursaluna|atk|1
|turn|7
|
|t:|1757192578
|move|p2a: Rillaboom|Fake Out|p1a: Incineroar
|-damage|p1a: Incineroar|7/100
|cant|p1a: Incineroar|flinch
|move|p1b: Gholdengo|Make It Rain|p2b: Ursaluna|[spread] p2a,p2b
|-damage|p2a: Rillaboom|0 fnt
|-damage|p2b: Ursaluna|59/100
|-unboost|p1b: Gholdengo|spa|1
|faint|p2a: Rillaboom
|move|p2b: Ursaluna|Earth Power|p1b: Gholdengo
|-supereffective|p1b: Gholdengo
|-damage|p1b: Gholdengo|38/100
|
|-heal|p1b: Gholdengo|44/100|[from] Grassy Terrain
|-heal|p1a: Incineroar|13/100|[from] Grassy Terrain
|-heal|p2b: Ursaluna|65/100|[from] Grassy Terrain
|upkeep
|turn|8
|
|t:|1757192593
|move|p1b: Gholdengo|Protect|p1b: Gholdengo
|-singleturn|p1b: Gholdengo|Protect
|move|p1a: Incineroar|Knock Off|p2b: Ursaluna
|-damage|p2b: Ursaluna|34/100
|-enditem|p2b: Ursaluna|Assault Vest|[from] move: Knock Off|[of] p1a: Incineroar
|move|p2b: Ursaluna|Earth Power|p1b: Gholdengo
|-activate|p1b: Gholdengo|move: Protect
|
|-heal|p1b: Gholdengo|50/100|[from] Grassy Terrain
|-heal|p1a: Incineroar|19/100|[from] Grassy Terrain
|-heal|p2b: Ursaluna|40/100|[from] Grassy Terrain
|upkeep
|turn|9
|
|t:|1757192603
|move|p1b: Gholdengo|Make It Rain|p2b: Ursaluna
|-damage|p2b: Ursaluna|0 fnt
|-unboost|p1b: Gholdengo|spa|1
|faint|p2b: Ursaluna
|
|win|MidnightCrimsonn
|raw|MidnightCrimsonn's rating: 1210 → 1229(+19 for winning)
|raw|smalltownkirlia's rating: 1121 → 1102(-19 for losing)
