|j|☆tilremo
|j|☆sticky hilton
|html|tilremosticky hilton    
|uhtml|bestof|Game 1 of a best-of-3
|t:|1785365052
|gametype|doubles
|player|p1|tilremo|1|
|player|p2|sticky hilton|1|
|gen|9
|tier|[Gen 9 Champions] VGC 2026 Reg M-B (Bo3)
|rule|Species Clause: Limit one of each Pokémon
|rule|Item Clause: Limit 1 of each item
|clearpoke
|poke|p1|Garchomp, L50, M|
|poke|p1|Eelektross, L50, F|
|poke|p1|Milotic, L50, F|
|poke|p1|Umbreon, L50, M|
|poke|p1|Lopunny, L50, F|
|poke|p1|Skarmory, L50, M|
|poke|p2|Chandelure, L50, F|
|poke|p2|Araquanid, L50, M, shiny|
|poke|p2|Spiritomb, L50, M, shiny|
|poke|p2|Chesnaught, L50, M, shiny|
|poke|p2|Grimmsnarl, L50, M, shiny|
|poke|p2|Gliscor, L50, M|
|teampreview|4
|showteam|p1|Garchomp||ChoiceScarf|SandVeil|Earthquake,StompingTantrum,DragonClaw,Crunch|Adamant||M|||50|]Eelektross||Eelektrossite|Levitate|Discharge,MuddyWater,PsychicFangs,Protect|Modest||F|||50|]Milotic||SitrusBerry|Competitive|IceBeam,MuddyWater,LifeDew,Protect|Timid||F|||50|]Umbreon||Leftovers|InnerFocus|Snarl,Taunt,FoulPlay,Protect|Calm||M|||50|]Lopunny||Lopunnite|Limber|CloseCombat,Facade,Uturn,FakeOut|Adamant||F|||50|]Skarmory||MentalHerb|Sturdy|DrillPeck,IronHead,RockSlide,Tailwind|Adamant||M|||50|
|showteam|p2|Chandelure||Chandelurite|FlashFire|HeatWave,ShadowBall,Protect,Overheat|Quiet||F|||50|]Araquanid||MysticWater|WaterBubble|Liquidation,Protect,WideGuard,Soak|Careful||M|||50|]Spiritomb||MentalHerb|Pressure|TrickRoom,PainSplit,FoulPlay,Protect|Sassy||M|||50|]Chesnaught||ExpertBelt|Bulletproof|WoodHammer,RockSlide,SpikyShield,Taunt|Relaxed||M|||50|]Grimmsnarl||LightClay|Prankster|FakeOut,LightScreen,Reflect,SpiritBreak|Sassy||M|||50|]Gliscor|||HyperCutter|FireFang,RockSlide,Protect,Acrobatics|Impish||M|||50|
|c|☆tilremo|gl hf
|c|☆sticky hilton|why team sheets?
|c|☆tilremo|I didn't see an option to not have them
|c|☆tilremo|don't worry I won't look at them
|
|t:|1785365189
|teamsize|p1|4
|teamsize|p2|4
|start
|switch|p1a: Lola|Lopunny, L50, F|100/100
|switch|p1b: Kuro|Umbreon, L50, M|100/100
|switch|p2a: Araquanid|Araquanid, L50, M, shiny|100/100
|switch|p2b: Grimmsnarl|Grimmsnarl, L50, M, shiny|100/100
|turn|1
|c|☆sticky hilton|lol you kind of dont have to
|c|☆sticky hilton|when you hover it shows move pools
|c|☆tilremo|well that sucks
|c|☆sticky hilton|every match ive played so far didnt have
|c|☆tilremo|guess we don't hover then lol
|c|☆tilremo|every match I've played did
|
|t:|1785365264
|move|p1a: Lola|Fake Out|p2a: Araquanid
|-damage|p2a: Araquanid|81/100
|move|p2b: Grimmsnarl|Fake Out|p1b: Kuro
|-damage|p1b: Kuro|92/100
|move|p1b: Kuro|Taunt|p2b: Grimmsnarl
|-start|p2b: Grimmsnarl|move: Taunt
|cant|p2a: Araquanid|flinch
|
|-heal|p1b: Kuro|98/100|[from] item: Leftovers
|upkeep
|turn|2
|
|t:|1785365297
|detailschange|p1a: Lola|Lopunny-Mega, L50, F
|-mega|p1a: Lola|Lopunny|Lopunnite
|move|p1a: Lola|U-turn|p2a: Araquanid
|-damage|p2a: Araquanid|52/100
|
|t:|1785365303
|switch|p1a: Cynthia|Milotic, L50, F|100/100|[from] U-turn
|move|p1b: Kuro|Foul Play|p2a: Araquanid
|-damage|p2a: Araquanid|21/100
|move|p2b: Grimmsnarl|Spirit Break|p1a: Cynthia
|-damage|p1a: Cynthia|70/100
|-unboost|p1a: Cynthia|spa|1
|-ability|p1a: Cynthia|Competitive|boost
|-boost|p1a: Cynthia|spa|2
|move|p2a: Araquanid|Liquidation|p1b: Kuro
|-damage|p1b: Kuro|60/100
|
|-heal|p1b: Kuro|66/100|[from] item: Leftovers
|upkeep
|turn|3
|
|t:|1785365334
|switch|p2b: Chesnaught|Chesnaught, L50, M, shiny|100/100
|move|p2a: Araquanid|Protect|p2a: Araquanid
|-singleturn|p2a: Araquanid|Protect
|move|p1a: Cynthia|Muddy Water|p2b: Chesnaught|[spread] p2b
|-activate|p2a: Araquanid|move: Protect
|-resisted|p2b: Chesnaught|1
|-damage|p2b: Chesnaught|79/100
|-unboost|p2b: Chesnaught|accuracy|1
|move|p1b: Kuro|Foul Play|p2a: Araquanid
|-activate|p2a: Araquanid|move: Protect
|
|-heal|p1b: Kuro|72/100|[from] item: Leftovers
|upkeep
|turn|4
|
|t:|1785365356
|move|p1a: Cynthia|Ice Beam|p2b: Chesnaught
|-supereffective|p2b: Chesnaught|1
|-damage|p2b: Chesnaught|8/100
|move|p1b: Kuro|Foul Play|p2a: Araquanid
|-damage|p2a: Araquanid|0 fnt
|faint|p2a: Araquanid
|move|p2b: Chesnaught|Wood Hammer|p1a: Cynthia
|-supereffective|p1a: Cynthia|1
|-damage|p1a: Cynthia|0 fnt
|faint|p1a: Cynthia
|-damage|p2b: Chesnaught|0 fnt|[from] Recoil
|faint|p2b: Chesnaught
|
|-heal|p1b: Kuro|78/100|[from] item: Leftovers
|upkeep
|
|t:|1785365370
|switch|p1a: Lola|Lopunny-Mega, L50, F|100/100
|switch|p2b: Chandelure|Chandelure, L50, F|100/100
|switch|p2a: Grimmsnarl|Grimmsnarl, L50, M, shiny|100/100
|turn|5
|
|t:|1785365407
|detailschange|p2b: Chandelure|Chandelure-Mega, L50, F
|-mega|p2b: Chandelure|Chandelure|Chandelurite
|move|p1a: Lola|Fake Out|p2a: Grimmsnarl
|-damage|p2a: Grimmsnarl|78/100
|cant|p2a: Grimmsnarl|flinch
|move|p2b: Chandelure|Heat Wave|p1b: Kuro|[spread] p1a,p1b
|-crit|p1a: Lola
|-damage|p1a: Lola|6/100
|-damage|p1b: Kuro|46/100
|move|p1b: Kuro|Snarl|p2a: Grimmsnarl|[spread] p2a,p2b
|-resisted|p2a: Grimmsnarl|2
|-supereffective|p2b: Chandelure|1
|-damage|p2a: Grimmsnarl|76/100
|-damage|p2b: Chandelure|82/100
|-unboost|p2a: Grimmsnarl|spa|1
|-unboost|p2b: Chandelure|spa|1
|
|-heal|p1b: Kuro|52/100|[from] item: Leftovers
|upkeep
|turn|6
|
|t:|1785365432
|move|p2b: Chandelure|Protect|p2b: Chandelure
|-singleturn|p2b: Chandelure|Protect
|move|p1a: Lola|Close Combat|p2b: Chandelure
|-activate|p2b: Chandelure|move: Protect
|move|p1b: Kuro|Foul Play|p2a: Grimmsnarl
|-resisted|p2a: Grimmsnarl|2
|-damage|p2a: Grimmsnarl|67/100
|move|p2a: Grimmsnarl|Spirit Break|p1b: Kuro
|-supereffective|p1b: Kuro|1
|-damage|p1b: Kuro|12/100
|-unboost|p1b: Kuro|spa|1
|
|-heal|p1b: Kuro|18/100|[from] item: Leftovers
|upkeep
|turn|7
|
|t:|1785365447
|move|p1b: Kuro|Protect|p1b: Kuro
|-singleturn|p1b: Kuro|Protect
|move|p2a: Grimmsnarl|Reflect|p2a: Grimmsnarl
|-sidestart|p2: sticky hilton|Reflect
|move|p1a: Lola|Close Combat|p2b: Chandelure
|-damage|p2b: Chandelure|36/100
|-unboost|p1a: Lola|def|1
|-unboost|p1a: Lola|spd|1
|move|p2b: Chandelure|Heat Wave|p1a: Lola|[spread] p1a
|-activate|p1b: Kuro|move: Protect
|-damage|p1a: Lola|0 fnt
|faint|p1a: Lola
|
|-heal|p1b: Kuro|24/100|[from] item: Leftovers
|upkeep
|
|t:|1785365460
|switch|p1a: Longshanks|Garchomp, L50, M|100/100
|turn|8
|
|t:|1785365477
|move|p2b: Chandelure|Protect|p2b: Chandelure
|-singleturn|p2b: Chandelure|Protect
|move|p1a: Longshanks|Earthquake|p2b: Chandelure|[spread] p1b,p2a
|-activate|p2b: Chandelure|move: Protect
|-damage|p1b: Kuro|0 fnt
|-damage|p2a: Grimmsnarl|41/100
|faint|p1b: Kuro
|move|p2a: Grimmsnarl|Spirit Break|p1a: Longshanks
|-supereffective|p1a: Longshanks|1
|-damage|p1a: Longshanks|46/100
|-unboost|p1a: Longshanks|spa|1
|
|upkeep
|turn|9
|
|t:|1785365496
|move|p1a: Longshanks|Earthquake|p2b: Chandelure|[spread] p2a,p2b
|-supereffective|p2b: Chandelure|1
|-damage|p2a: Grimmsnarl|15/100
|-damage|p2b: Chandelure|0 fnt
|faint|p2b: Chandelure
|move|p2a: Grimmsnarl|Spirit Break|p1a: Longshanks
|-supereffective|p1a: Longshanks|1
|-damage|p1a: Longshanks|0 fnt
|faint|p1a: Longshanks
|
|win|sticky hilton
|c|☆tilremo|gg
|c|☆sticky hilton|gg
|inactive|tilremo has 30 seconds to confirm battle start!
|inactive|sticky hilton has 30 seconds to confirm battle start!
