|j|☆jirkunow
|j|☆Funnylion
|html|jirkunowFunnylion    
|uhtml|bestof|Game 2 of a best-of-3
|t:|1756203793
|gametype|doubles
|player|p1|jirkunow|1|1066
|player|p2|Funnylion|102|1041
|gen|9
|tier|[Gen 9] VGC 2025 Reg H (Bo3)
|rated|
|rule|Species Clause: Limit one of each Pokémon
|rule|Item Clause: Limit 1 of each item
|clearpoke
|poke|p1|Sneasler, L50, M|
|poke|p1|Gholdengo, L50|
|poke|p1|Rillaboom, L50, M|
|poke|p1|Incineroar, L50, F|
|poke|p1|Ursaluna, L50, F|
|poke|p1|Electabuzz, L50, F|
|poke|p2|Archaludon, L50, F|
|poke|p2|Pelipper, L50, F|
|poke|p2|Amoonguss, L50, F|
|poke|p2|Basculegion, L50, M|
|poke|p2|Incineroar, L50, M|
|poke|p2|Gholdengo, L50|
|teampreview|4
|showteam|p1|Sneasler||FocusSash|Unburden|Protect,CloseCombat,Taunt,DireClaw|||M|||50|,,,,,Fighting]Gholdengo||LifeOrb|GoodasGold|MakeItRain,Protect,ShadowBall,NastyPlot||||||50|,,,,,Water]Rillaboom||AssaultVest|GrassySurge|Uturn,GrassyGlide,FakeOut,DrumBeating|||M|||50|,,,,,Fire]Incineroar||SafetyGoggles|Intimidate|FakeOut,WillOWisp,PartingShot,KnockOff|||F|||50|,,,,,Ghost]Ursaluna||FlameOrb|Guts|DrainPunch,HeadlongRush,Facade,Protect|||F|||50|,,,,,Normal]Electabuzz||Eviolite|Static|Electroweb,FollowMe,Protect,HelpingHand|||F|||50|,,,,,Flying
|showteam|p2|Archaludon||PowerHerb|Stamina|ElectroShot,DracoMeteor,FlashCannon,Protect|||F|||50|,,,,,Grass]Pelipper||FocusSash|Drizzle|Hurricane,WeatherBall,Tailwind,Protect|||F|||50|,,,,,Stellar]Amoonguss||SitrusBerry|Regenerator|PollenPuff,Spore,RagePowder,ClearSmog|||F|||50|,,,,,Water]Basculegion||LifeOrb|SwiftSwim|LastRespects,WaveCrash,AquaJet,Protect|||M|||50|,,,,,Ghost]Incineroar||SafetyGoggles|Intimidate|FakeOut,KnockOff,FlareBlitz,PartingShot|||M|||50|,,,,,Ghost]Gholdengo||ChoiceScarf|GoodasGold|MakeItRain,ShadowBall,Thunderbolt,Trick||||||50|,,,,,Dragon
|inactive|Battle timer is ON: inactive players will automatically lose when time's up. (requested by Funnylion)
|
|t:|1756203820
|teamsize|p1|4
|teamsize|p2|4
|start
|switch|p1a: Gholdengo|Gholdengo, L50|100/100
|switch|p1b: Rillaboom|Rillaboom, L50, M|100/100
|switch|p2a: Basculegion|Basculegion, L50, M|100/100
|switch|p2b: Pelipper|Pelipper, L50, F|100/100
|-weather|RainDance|[from] ability: Drizzle|[of] p2b: Pelipper
|-fieldstart|move: Grassy Terrain|[from] ability: Grassy Surge|[of] p1b: Rillaboom
|turn|1
|inactive|jirkunow has 30 seconds left.
|inactive|jirkunow has 20 seconds left.
|inactive|Funnylion has 30 seconds left.
|inactive|jirkunow has 15 seconds left.
|
|t:|1756203864
|-terastallize|p2a: Basculegion|Ghost
|-terastallize|p1a: Gholdengo|Water
|move|p2b: Pelipper|Protect|p2b: Pelipper
|-singleturn|p2b: Pelipper|Protect
|move|p2a: Basculegion|Wave Crash|p1a: Gholdengo
|-resisted|p1a: Gholdengo
|-damage|p1a: Gholdengo|38/100
|-damage|p2a: Basculegion|83/100|[from] Recoil
|-damage|p2a: Basculegion|73/100|[from] item: Life Orb
|move|p1b: Rillaboom|U-turn|p2b: Pelipper
|-activate|p2b: Pelipper|move: Protect
|move|p1a: Gholdengo|Shadow Ball|p2a: Basculegion
|-supereffective|p2a: Basculegion
|-damage|p2a: Basculegion|0 fnt
|faint|p2a: Basculegion
|-damage|p1a: Gholdengo|28/100|[from] item: Life Orb
|
|-weather|RainDance|[upkeep]
|-heal|p1a: Gholdengo|34/100|[from] Grassy Terrain
|upkeep
|
|t:|1756203872
|switch|p2a: Archaludon|Archaludon, L50, F|100/100
|turn|2
|
|t:|1756203897
|move|p1a: Gholdengo|Protect|p1a: Gholdengo
|-singleturn|p1a: Gholdengo|Protect
|move|p2a: Archaludon|Electro Shot||[still]
|-prepare|p2a: Archaludon|Electro Shot
|-boost|p2a: Archaludon|spa|1
|-anim|p2a: Archaludon|Electro Shot|p1a: Gholdengo
|-activate|p1a: Gholdengo|move: Protect
|move|p2b: Pelipper|Hurricane|p1b: Rillaboom
|-supereffective|p1b: Rillaboom
|-damage|p1b: Rillaboom|35/100
|-start|p1b: Rillaboom|confusion
|-activate|p1b: Rillaboom|confusion
|-damage|p1b: Rillaboom|21/100|[from] confusion
|
|-weather|RainDance|[upkeep]
|-heal|p1b: Rillaboom|27/100|[from] Grassy Terrain
|-heal|p1a: Gholdengo|40/100|[from] Grassy Terrain
|upkeep
|turn|3
|
|t:|1756203920
|switch|p1a: Electabuzz|Electabuzz, L50, F|100/100
|-activate|p1b: Rillaboom|confusion
|-damage|p1b: Rillaboom|14/100|[from] confusion
|move|p2a: Archaludon|Electro Shot||[still]
|-prepare|p2a: Archaludon|Electro Shot
|-boost|p2a: Archaludon|spa|1
|-anim|p2a: Archaludon|Electro Shot|p1a: Electabuzz
|-resisted|p1a: Electabuzz
|-damage|p1a: Electabuzz|65/100
|move|p2b: Pelipper|Hurricane|p1b: Rillaboom
|-supereffective|p1b: Rillaboom
|-damage|p1b: Rillaboom|0 fnt
|faint|p1b: Rillaboom
|
|-weather|RainDance|[upkeep]
|-heal|p1a: Electabuzz|71/100|[from] Grassy Terrain
|upkeep
|
|t:|1756203931
|switch|p1b: Sneasler|Sneasler, L50, M|100/100
|turn|4
|
|t:|1756203961
|move|p1a: Electabuzz|Helping Hand|p1b: Sneasler
|-singleturn|p1b: Sneasler|Helping Hand|[of] p1a: Electabuzz
|move|p2a: Archaludon|Protect|p2a: Archaludon
|-singleturn|p2a: Archaludon|Protect
|move|p1b: Sneasler|Dire Claw|p2b: Pelipper
|-damage|p2b: Pelipper|12/100
|move|p2b: Pelipper|Tailwind|p2b: Pelipper
|-sidestart|p2: Funnylion|move: Tailwind
|
|-weather|RainDance|[upkeep]
|-heal|p1a: Electabuzz|77/100|[from] Grassy Terrain
|upkeep
|turn|5
|
|t:|1756203981
|move|p1b: Sneasler|Protect|p1b: Sneasler
|-singleturn|p1b: Sneasler|Protect
|move|p2a: Archaludon|Draco Meteor|p1b: Sneasler
|-activate|p1b: Sneasler|move: Protect
|move|p2b: Pelipper|Weather Ball|p1b: Sneasler
|-activate|p1b: Sneasler|move: Protect
|move|p1a: Electabuzz|Electroweb|p2a: Archaludon|[spread] p2a,p2b
|-resisted|p2a: Archaludon
|-supereffective|p2b: Pelipper
|-damage|p2a: Archaludon|90/100
|-damage|p2b: Pelipper|0 fnt
|-unboost|p2a: Archaludon|spe|1
|-ability|p2a: Archaludon|Stamina|boost
|-boost|p2a: Archaludon|def|1
|faint|p2b: Pelipper
|
|-weather|none
|-heal|p2a: Archaludon|96/100|[from] Grassy Terrain
|-heal|p1a: Electabuzz|83/100|[from] Grassy Terrain
|-fieldend|move: Grassy Terrain
|upkeep
|
|t:|1756203984
|switch|p2b: Amoonguss|Amoonguss, L50, F|100/100
|turn|6
|
|t:|1756204008
|move|p1a: Electabuzz|Follow Me|p1a: Electabuzz
|-singleturn|p1a: Electabuzz|move: Follow Me
|move|p2b: Amoonguss|Rage Powder|p2b: Amoonguss
|-singleturn|p2b: Amoonguss|move: Rage Powder
|move|p1b: Sneasler|Close Combat|p2b: Amoonguss
|-resisted|p2b: Amoonguss
|-damage|p2b: Amoonguss|75/100
|-unboost|p1b: Sneasler|def|1
|-unboost|p1b: Sneasler|spd|1
|move|p2a: Archaludon|Electro Shot||[still]
|-prepare|p2a: Archaludon|Electro Shot
|-boost|p2a: Archaludon|spa|1
|-enditem|p2a: Archaludon|Power Herb
|-anim|p2a: Archaludon|Electro Shot|p1a: Electabuzz
|-resisted|p1a: Electabuzz
|-damage|p1a: Electabuzz|41/100
|
|upkeep
|turn|7
|inactive|jirkunow has 30 seconds left.
|inactive|Funnylion has 30 seconds left.
|
|t:|1756204040
|move|p1a: Electabuzz|Helping Hand|p1b: Sneasler
|-singleturn|p1b: Sneasler|Helping Hand|[of] p1a: Electabuzz
|move|p2b: Amoonguss|Rage Powder|p2b: Amoonguss
|-singleturn|p2b: Amoonguss|move: Rage Powder
|move|p1b: Sneasler|Dire Claw|p2b: Amoonguss
|-damage|p2b: Amoonguss|28/100
|-enditem|p2b: Amoonguss|Sitrus Berry|[eat]
|-heal|p2b: Amoonguss|53/100|[from] item: Sitrus Berry
|move|p2a: Archaludon|Draco Meteor|p1b: Sneasler
|-enditem|p1b: Sneasler|Focus Sash
|-damage|p1b: Sneasler|1/100
|-unboost|p2a: Archaludon|spa|2
|
|-sideend|p2: Funnylion|move: Tailwind
|upkeep
|turn|8
|inactive|Funnylion has 30 seconds left.
|
|t:|1756204066
|move|p1a: Electabuzz|Follow Me|p1a: Electabuzz
|-singleturn|p1a: Electabuzz|move: Follow Me
|move|p1b: Sneasler|Dire Claw|p2b: Amoonguss
|-damage|p2b: Amoonguss|19/100
|move|p2a: Archaludon|Flash Cannon|p1a: Electabuzz
|-resisted|p1a: Electabuzz
|-damage|p1a: Electabuzz|15/100
|move|p2b: Amoonguss|Spore|p1a: Electabuzz
|-status|p1a: Electabuzz|slp|[from] move: Spore
|
|upkeep
|turn|9
|
|t:|1756204083
|move|p1b: Sneasler|Protect|p1b: Sneasler
|-singleturn|p1b: Sneasler|Protect
|cant|p1a: Electabuzz|slp
|move|p2b: Amoonguss|Rage Powder|p2b: Amoonguss
|-singleturn|p2b: Amoonguss|move: Rage Powder
|move|p2a: Archaludon|Flash Cannon|p1b: Sneasler
|-activate|p1b: Sneasler|move: Protect
|
|upkeep
|turn|10
|
|t:|1756204101
|cant|p1a: Electabuzz|slp
|move|p2b: Amoonguss|Rage Powder|p2b: Amoonguss
|-singleturn|p2b: Amoonguss|move: Rage Powder
|move|p1b: Sneasler|Close Combat|p2b: Amoonguss
|-resisted|p2b: Amoonguss
|-damage|p2b: Amoonguss|0 fnt
|-unboost|p1b: Sneasler|def|1
|-unboost|p1b: Sneasler|spd|1
|faint|p2b: Amoonguss
|move|p2a: Archaludon|Flash Cannon|p1b: Sneasler
|-damage|p1b: Sneasler|0 fnt
|faint|p1b: Sneasler
|
|upkeep
|
|t:|1756204113
|switch|p1b: Gholdengo|Gholdengo, L50, tera:Water|40/100
|turn|11
|inactive|jirkunow has 30 seconds left.
|inactive|Funnylion has 30 seconds left.
|
|t:|1756204141
|-curestatus|p1a: Electabuzz|slp|[msg]
|move|p1a: Electabuzz|Electroweb|p2a: Archaludon
|-resisted|p2a: Archaludon
|-damage|p2a: Archaludon|82/100
|-unboost|p2a: Archaludon|spe|1
|-ability|p2a: Archaludon|Stamina|boost
|-boost|p2a: Archaludon|def|1
|move|p1b: Gholdengo|Nasty Plot|p1b: Gholdengo
|-boost|p1b: Gholdengo|spa|2
|move|p2a: Archaludon|Draco Meteor|p1b: Gholdengo
|-damage|p1b: Gholdengo|0 fnt
|-unboost|p2a: Archaludon|spa|2
|faint|p1b: Gholdengo
|
|upkeep
|turn|12
|c|☆Funnylion|ggwp
|
|t:|1756204156
|move|p1a: Electabuzz|Electroweb|p2a: Archaludon
|-resisted|p2a: Archaludon
|-damage|p2a: Archaludon|67/100
|-unboost|p2a: Archaludon|spe|1
|-ability|p2a: Archaludon|Stamina|boost
|-boost|p2a: Archaludon|def|1
|move|p2a: Archaludon|Draco Meteor|p1a: Electabuzz
|-damage|p1a: Electabuzz|0 fnt
|-unboost|p2a: Archaludon|spa|2
|faint|p1a: Electabuzz
|
|win|Funnylion
|raw|jirkunow's rating: 1066 → 1045(-21 for losing)
|raw|Funnylion's rating: 1041 → 1077(+36 for winning)
|c|☆jirkunow|ggwp
