|j|☆sturmkitten69
|j|☆khoatram
|html|sturmkitten69khoatram    
|uhtml|bestof|Game 1 of a best-of-3
|t:|1784688353
|gametype|doubles
|player|p1|sturmkitten69|fisherman-gen4|1141
|player|p2|khoatram|lucas|1031
|gen|9
|tier|[Gen 9 Champions] VGC 2026 Reg M-B (Bo3)
|rated|
|rule|Species Clause: Limit one of each Pokémon
|rule|Item Clause: Limit 1 of each item
|clearpoke
|poke|p1|Incineroar, L50, M, shiny|
|poke|p1|Rotom-Wash, L50, shiny|
|poke|p1|Delphox, L50, M|
|poke|p1|Altaria, L50, F|
|poke|p1|Sinistcha, L50|
|poke|p1|Chesnaught, L50, M, shiny|
|poke|p2|Delphox, L50, F, shiny|
|poke|p2|Politoed, L50, F|
|poke|p2|Aerodactyl, L50, M|
|poke|p2|Chesnaught, L50, M|
|poke|p2|Whimsicott, L50, F|
|poke|p2|Basculegion, L50, M|
|teampreview|4
|showteam|p1|Incineroar||PasshoBerry|Intimidate|FakeOut,PartingShot,ThroatChop,FlareBlitz|Impish||M|||50|]Rotom-Wash||ChoiceScarf|Levitate|VoltSwitch,Electroweb,WillOWisp,HydroPump|Timid|||||50|]Delphox||Delphoxite|Blaze|HeatWave,CalmMind,Psychic,Protect|Timid||M|||50|]Altaria||RoseliBerry|CloudNine|Tailwind,Roost,WillOWisp,DragonPulse|Bold||F|||50|]Sinistcha||SitrusBerry|Hospitality|Protect,RagePowder,LifeDew,MatchaGotcha|Bold|||||50|]Chesnaught||Leftovers|Bulletproof|WideGuard,BodyPress,WoodHammer,SpikyShield|Impish||M|||50|
|showteam|p2|Delphox||Delphoxite|Magician|Psychic,TrickRoom,Protect,HeatWave|Modest||F|||50|]Politoed||DampRock|Drizzle|IcyWind,IceBeam,WeatherBall,EarthPower|Modest||F|||50|]Aerodactyl||WideLens|Pressure|DualWingbeat,Tailwind,WideGuard,RockSlide|Adamant||M|||50|]Chesnaught||Chesnaughtite|Bulletproof|BodyPress,KnockOff,GrassyGlide,SpikyShield|Adamant||M|||50|]Whimsicott||FocusSash|Prankster|GrassyTerrain,EnergyBall,Moonblast,Tailwind|Timid||F|||50|]Basculegion||MysticWater|SwiftSwim|AquaJet,WaveCrash,LastRespects,Protect|Impish||M|||50|
|inactive|Battle timer is ON: inactive players will automatically lose when time's up. (requested by khoatram)
|inactive|sturmkitten69 has 60 seconds left.
|inactive|sturmkitten69 has 30 seconds left.
|inactive|sturmkitten69 has 20 seconds left.
|inactive|sturmkitten69 has 15 seconds left.
|inactive|sturmkitten69 has 10 seconds left.
|inactive|sturmkitten69 has 5 seconds left.
|
|t:|1784688474
|teamsize|p1|4
|teamsize|p2|4
|start
|switch|p1a: Incineroar|Incineroar, L50, M, shiny|100/100
|switch|p1b: Rotom|Rotom-Wash, L50, shiny|100/100
|switch|p2a: Politoed|Politoed, L50, F|100/100
|switch|p2b: Basculegion|Basculegion, L50, M|100/100
|-weather|RainDance|[from] ability: Drizzle|[of] p2a: Politoed
|-ability|p1a: Incineroar|Intimidate|boost
|-unboost|p2a: Politoed|atk|1
|-unboost|p2b: Basculegion|atk|1
|turn|1
|inactive|sturmkitten69 has 30 seconds left.
|inactive|sturmkitten69 has 20 seconds left.
|inactive|sturmkitten69 has 15 seconds left.
|inactive|sturmkitten69 has 10 seconds left.
|inactive|sturmkitten69 has 5 seconds left.
|
|t:|1784688529
|move|p1a: Incineroar|Fake Out|p2a: Politoed
|-damage|p2a: Politoed|86/100
|move|p2b: Basculegion|Aqua Jet|p1a: Incineroar
|-supereffective|p1a: Incineroar|1
|-enditem|p1a: Incineroar|Passho Berry|[eat]
|-enditem|p1a: Incineroar|Passho Berry|[weaken]
|-damage|p1a: Incineroar|83/100
|move|p1b: Rotom|Volt Switch|p2b: Basculegion
|-supereffective|p2b: Basculegion|1
|-damage|p2b: Basculegion|29/100
|
|t:|1784688548
|switch|p1b: Altaria|Altaria, L50, F|100/100|[from] Volt Switch
|-ability|p1b: Altaria|Cloud Nine
|cant|p2a: Politoed|flinch
|
|-weather|RainDance|[upkeep]
|upkeep
|turn|2
|
|t:|1784688569
|move|p2b: Basculegion|Wave Crash|p1a: Incineroar
|-supereffective|p1a: Incineroar|1
|-damage|p1a: Incineroar|17/100
|-damage|p2b: Basculegion|6/100|[from] Recoil
|move|p1b: Altaria|Will-O-Wisp|p2b: Basculegion
|-status|p2b: Basculegion|brn
|move|p2a: Politoed|Ice Beam|p1b: Altaria
|-supereffective|p1b: Altaria|2
|-damage|p1b: Altaria|0 fnt
|faint|p1b: Altaria
|move|p1a: Incineroar|Parting Shot|p2a: Politoed
|-unboost|p2a: Politoed|atk|1
|-unboost|p2a: Politoed|spa|1
|
|t:|1784688581
|switch|p1a: Rotom|Rotom-Wash, L50, shiny|100/100|[from] Parting Shot
|
|-weather|RainDance|[upkeep]
|-damage|p2b: Basculegion|1/100 brn|[from] brn
|upkeep
|
|t:|1784688594
|switch|p1b: Incineroar|Incineroar, L50, M, shiny|17/100
|-ability|p1b: Incineroar|Intimidate|boost
|-unboost|p2a: Politoed|atk|1
|-unboost|p2b: Basculegion|atk|1
|turn|3
|inactive|sturmkitten69 has 30 seconds left.
|
|t:|1784688627
|switch|p1b: Delphox|Delphox, L50, M|100/100
|move|p2b: Basculegion|Wave Crash|p1b: Delphox
|-supereffective|p1b: Delphox|1
|-damage|p1b: Delphox|45/100
|-damage|p2b: Basculegion|0 fnt|[from] Recoil
|faint|p2b: Basculegion
|move|p1a: Rotom|Volt Switch|p2a: Politoed
|-supereffective|p2a: Politoed|1
|-damage|p2a: Politoed|35/100
|
|t:|1784688638
|switch|p1a: Incineroar|Incineroar, L50, M, shiny|17/100|[from] Volt Switch
|-ability|p1a: Incineroar|Intimidate|boost
|-unboost|p2a: Politoed|atk|1
|move|p2a: Politoed|Icy Wind|p1b: Delphox|[spread] p1a,p1b
|-resisted|p1a: Incineroar|1
|-resisted|p1b: Delphox|1
|-damage|p1a: Incineroar|13/100
|-damage|p1b: Delphox|41/100
|-unboost|p1a: Incineroar|spe|1
|-unboost|p1b: Delphox|spe|1
|
|-weather|RainDance|[upkeep]
|upkeep
|
|t:|1784688651
|switch|p2b: Chesnaught|Chesnaught, L50, M|100/100
|turn|4
|
|t:|1784688668
|detailschange|p1b: Delphox|Delphox-Mega, L50, M
|-mega|p1b: Delphox|Delphox|Delphoxite
|detailschange|p2b: Chesnaught|Chesnaught-Mega, L50, M
|-mega|p2b: Chesnaught|Chesnaught|Chesnaughtite
|move|p2b: Chesnaught|Spiky Shield|p2b: Chesnaught
|-singleturn|p2b: Chesnaught|move: Protect
|move|p1a: Incineroar|Fake Out|p2a: Politoed
|-damage|p2a: Politoed|20/100y
|move|p1b: Delphox|Psychic|p2b: Chesnaught
|-activate|p2b: Chesnaught|move: Protect
|cant|p2a: Politoed|flinch
|
|-weather|RainDance|[upkeep]
|upkeep
|turn|5
|inactive|sturmkitten69 has 30 seconds left.
|
|t:|1784688699
|switch|p2b: Whimsicott|Whimsicott, L50, F|100/100
|move|p1b: Delphox|Protect|p1b: Delphox
|-singleturn|p1b: Delphox|Protect
|move|p2a: Politoed|Weather Ball|p1b: Delphox
|-activate|p1b: Delphox|move: Protect
|move|p1a: Incineroar|Parting Shot|p2b: Whimsicott
|-unboost|p2b: Whimsicott|atk|1
|-unboost|p2b: Whimsicott|spa|1
|
|t:|1784688711
|switch|p1a: Rotom|Rotom-Wash, L50, shiny|100/100|[from] Parting Shot
|
|-weather|RainDance|[upkeep]
|upkeep
|turn|6
|
|t:|1784688732
|move|p2b: Whimsicott|Tailwind|p2b: Whimsicott
|-sidestart|p2: khoatram|move: Tailwind
|move|p1a: Rotom|Electroweb|p2a: Politoed|[spread] p2a
|-miss|p1a: Rotom|p2b: Whimsicott
|-supereffective|p2a: Politoed|1
|-damage|p2a: Politoed|0 fnt
|faint|p2a: Politoed
|move|p1b: Delphox|Heat Wave|p2b: Whimsicott
|-supereffective|p2b: Whimsicott|1
|-damage|p2b: Whimsicott|42/100
|
|-weather|RainDance|[upkeep]
|upkeep
|
|t:|1784688742
|switch|p2a: Chesnaught|Chesnaught-Mega, L50, M|100/100
|turn|7
|
|t:|1784688756
|switch|p1b: Incineroar|Incineroar, L50, M, shiny|13/100
|-ability|p1b: Incineroar|Intimidate|boost
|-unboost|p2a: Chesnaught|atk|1
|-unboost|p2b: Whimsicott|atk|1
|move|p2a: Chesnaught|Spiky Shield|p2a: Chesnaught
|-singleturn|p2a: Chesnaught|move: Protect
|move|p2b: Whimsicott|Grassy Terrain|p2b: Whimsicott
|-fieldstart|move: Grassy Terrain
|move|p1a: Rotom|Electroweb|p2b: Whimsicott|[spread] p2b
|-activate|p2a: Chesnaught|move: Protect
|-resisted|p2b: Whimsicott|1
|-damage|p2b: Whimsicott|31/100
|-unboost|p2b: Whimsicott|spe|1
|
|-weather|RainDance|[upkeep]
|-heal|p2b: Whimsicott|37/100|[from] Grassy Terrain
|-heal|p1b: Incineroar|19/100|[from] Grassy Terrain
|upkeep
|turn|8
|
|t:|1784688777
|move|p2a: Chesnaught|Grassy Glide|p1a: Rotom
|-supereffective|p1a: Rotom|1
|-damage|p1a: Rotom|18/100
|move|p1a: Rotom|Electroweb|p2b: Whimsicott|[spread] p2a,p2b
|-resisted|p2a: Chesnaught|1
|-resisted|p2b: Whimsicott|1
|-damage|p2a: Chesnaught|90/100
|-damage|p2b: Whimsicott|26/100
|-unboost|p2a: Chesnaught|spe|1
|-unboost|p2b: Whimsicott|spe|1
|move|p2b: Whimsicott|Moonblast|p1b: Incineroar
|-damage|p1b: Incineroar|3/100
|move|p1b: Incineroar|Parting Shot|p2a: Chesnaught
|-unboost|p2a: Chesnaught|atk|1
|-unboost|p2a: Chesnaught|spa|1
|
|t:|1784688790
|switch|p1b: Delphox|Delphox-Mega, L50, M|41/100|[from] Parting Shot
|
|-weather|none
|-heal|p2b: Whimsicott|32/100|[from] Grassy Terrain
|-heal|p2a: Chesnaught|96/100|[from] Grassy Terrain
|upkeep
|turn|9
|
|t:|1784688812
|switch|p1a: Incineroar|Incineroar, L50, M, shiny|3/100
|-ability|p1a: Incineroar|Intimidate|boost
|-unboost|p2a: Chesnaught|atk|1
|-unboost|p2b: Whimsicott|atk|1
|move|p2a: Chesnaught|Grassy Glide|p1a: Incineroar
|-resisted|p1a: Incineroar|1
|-damage|p1a: Incineroar|0 fnt
|faint|p1a: Incineroar
|move|p1b: Delphox|Heat Wave|p2b: Whimsicott|[spread] p2a,p2b
|-supereffective|p2a: Chesnaught|1
|-supereffective|p2b: Whimsicott|1
|-damage|p2a: Chesnaught|25/100
|-damage|p2b: Whimsicott|0 fnt
|faint|p2b: Whimsicott
|
|-heal|p2a: Chesnaught|31/100|[from] Grassy Terrain
|-sideend|p2: khoatram|move: Tailwind
|upkeep
|
|t:|1784688826
|switch|p1a: Rotom|Rotom-Wash, L50, shiny|18/100
|turn|10
|
|t:|1784688832
|move|p2a: Chesnaught|Grassy Glide|p1a: Rotom
|-supereffective|p1a: Rotom|1
|-damage|p1a: Rotom|0 fnt
|faint|p1a: Rotom
|move|p1b: Delphox|Psychic|p2a: Chesnaught
|-supereffective|p2a: Chesnaught|1
|-damage|p2a: Chesnaught|0 fnt
|faint|p2a: Chesnaught
|
|win|sturmkitten69
||sturmkitten69 is ready for game 2.
|inactive|khoatram has 30 seconds to confirm battle start!
||khoatram is ready for game 2.
|uhtml|next|Next: Game 2 of 3
|l|☆khoatram
|player|p2|
