|j|☆KodeBeast0526
|j|☆TheMochiMan
|html|KodeBeast0526TheMochiMan    
|uhtml|bestof|Game 1 of a best-of-3
|t:|1757170592
|gametype|doubles
|player|p1|KodeBeast0526|wattson|1236
|player|p2|TheMochiMan|doctor|1176
|gen|9
|tier|[Gen 9] VGC 2025 Reg H (Bo3)
|rated|
|rule|Species Clause: Limit one of each Pokémon
|rule|Item Clause: Limit 1 of each item
|clearpoke
|poke|p1|Excadrill, L50, F|
|poke|p1|Tyranitar, L50, M|
|poke|p1|Sneasler, L50, F|
|poke|p1|Indeedee, L50, M|
|poke|p1|Corviknight, L50, F|
|poke|p1|Annihilape, L50, M|
|poke|p2|Ursaluna, L50, M|
|poke|p2|Jumpluff, L50, M|
|poke|p2|Charizard, L50, M|
|poke|p2|Torkoal, L50, M|
|poke|p2|Incineroar, L50, M|
|poke|p2|Porygon2, L50|
|teampreview|4
|showteam|p1|Excadrill||FocusSash|SandRush|IronHead,HighHorsepower,Earthquake,Protect|||F|||50|,,,,,Stellar]Tyranitar||AssaultVest|SandStream|RockSlide,KnockOff,TeraBlast,LowKick|||M|||50|,,,,,Flying]Sneasler||PsychicSeed|Unburden|DireClaw,CloseCombat,ThroatChop,Protect|||F|||50|,,,,,Dark]Indeedee||ChoiceScarf|PsychicSurge|ExpandingForce,TeraBlast,Protect,Trick|||M|||50|,,,,,Psychic]Corviknight||Leftovers|MirrorArmor|BraveBird,BulkUp,Roost,Tailwind|||F|||50|,,,,,Dragon]Annihilape||SafetyGoggles|Defiant|CloseCombat,FinalGambit,RageFist,Taunt|||M|||50|,,,,,Water
|showteam|p2|Ursaluna||FlameOrb|Guts|HeadlongRush,Facade,Earthquake,Protect|||M|||50|,,,,,Ghost]Jumpluff||CovertCloak|Chlorophyll|SleepPowder,SunnyDay,Tailwind,RagePowder|||M|||50|,,,,,Water]Charizard||ChoiceSpecs|SolarPower|AirSlash,HeatWave,Overheat,WeatherBall|||M|||50|,,,,,Ghost]Torkoal||EjectPack|Drought|HelpingHand,Eruption,Overheat,Protect|||M|||50|,,,,,Fire]Incineroar||SitrusBerry|Intimidate|FlareBlitz,KnockOff,PartingShot,FakeOut|||M|||50|,,,,,Ghost]Porygon2||Eviolite|Download|TeraBlast,IceBeam,Recover,TrickRoom||||||50|,,,,,Fighting
|
|t:|1757170615
|teamsize|p1|4
|teamsize|p2|4
|start
|switch|p1a: Annihilape|Annihilape, L50, M|100/100
|switch|p1b: Corviknight|Corviknight, L50, F|100/100
|switch|p2a: Dandelion|Jumpluff, L50, M|100/100
|switch|p2b: Slow and steady|Torkoal, L50, M|100/100
|-weather|SunnyDay|[from] ability: Drought|[of] p2b: Slow and steady
|turn|1
|
|t:|1757170632
|-terastallize|p1b: Corviknight|Dragon
|move|p2a: Dandelion|Tailwind|p2a: Dandelion
|-sidestart|p2: TheMochiMan|move: Tailwind
|move|p1a: Annihilape|Taunt|p2a: Dandelion
|-start|p2a: Dandelion|move: Taunt
|move|p1b: Corviknight|Brave Bird|p2a: Dandelion
|-supereffective|p2a: Dandelion
|-damage|p2a: Dandelion|0 fnt
|faint|p2a: Dandelion
|-damage|p1b: Corviknight|72/100|[from] Recoil
|move|p2b: Slow and steady|Overheat|p1b: Corviknight
|-resisted|p1b: Corviknight
|-damage|p1b: Corviknight|30/100
|-unboost|p2b: Slow and steady|spa|2
|-enditem|p2b: Slow and steady|Eject Pack
|
|t:|1757170642
|switch|p2b: Brown bear|Ursaluna, L50, M|100/100
|
|-weather|SunnyDay|[upkeep]
|-heal|p1b: Corviknight|36/100|[from] item: Leftovers
|-status|p2b: Brown bear|brn|[from] item: Flame Orb
|upkeep
|
|t:|1757170648
|switch|p2a: Gainesville|Charizard, L50, M|100/100
|turn|2
|
|t:|1757170656
|move|p2a: Gainesville|Heat Wave|p1b: Corviknight|[spread] p1a,p1b
|-resisted|p1b: Corviknight
|-damage|p1a: Annihilape|0 fnt
|-damage|p1b: Corviknight|0 fnt
|faint|p1a: Annihilape
|faint|p1b: Corviknight
|move|p2b: Brown bear|Earthquake|p2a: Gainesville
|-immune|p2a: Gainesville
|
|-weather|SunnyDay|[upkeep]
|-damage|p2a: Gainesville|88/100|[from] ability: Solar Power|[of] p2a: Gainesville
|-damage|p2b: Brown bear|95/100 brn|[from] brn
|upkeep
|
|t:|1757170660
|switch|p1a: Excadrill|Excadrill, L50, F, shiny|100/100
|switch|p1b: Tyranitar|Tyranitar, L50, M, shiny|100/100
|-weather|Sandstorm|[from] ability: Sand Stream|[of] p1b: Tyranitar
|turn|3
|
|t:|1757170689
|switch|p2a: Slow and steady|Torkoal, L50, M|100/100
|-weather|SunnyDay|[from] ability: Drought|[of] p2a: Slow and steady
|move|p2b: Brown bear|Headlong Rush|p1b: Tyranitar
|-supereffective|p1b: Tyranitar
|-damage|p1b: Tyranitar|0 fnt
|-unboost|p2b: Brown bear|def|1
|-unboost|p2b: Brown bear|spd|1
|faint|p1b: Tyranitar
|move|p1a: Excadrill|Iron Head|p2b: Brown bear
|-crit|p2b: Brown bear
|-damage|p2b: Brown bear|7/100 brn
|
|-weather|SunnyDay|[upkeep]
|-damage|p2b: Brown bear|1/100 brn|[from] brn
|upkeep
|turn|4
|
|t:|1757170706
|move|p1a: Excadrill|Protect|p1a: Excadrill
|-singleturn|p1a: Excadrill|Protect
|move|p2b: Brown bear|Facade|p1a: Excadrill
|-activate|p1a: Excadrill|move: Protect
|move|p2a: Slow and steady|Eruption|p1a: Excadrill
|-activate|p1a: Excadrill|move: Protect
|
|-weather|SunnyDay|[upkeep]
|-damage|p2b: Brown bear|0 fnt|[from] brn
|faint|p2b: Brown bear
|-sideend|p2: TheMochiMan|move: Tailwind
|upkeep
|
|t:|1757170708
|switch|p2b: Gainesville|Charizard, L50, M|88/100
|turn|5
|
|t:|1757170717
|move|p2b: Gainesville|Weather Ball|p1a: Excadrill
|-supereffective|p1a: Excadrill
|-enditem|p1a: Excadrill|Focus Sash
|-damage|p1a: Excadrill|1/100
|move|p1a: Excadrill|High Horsepower|p2a: Slow and steady
|-supereffective|p2a: Slow and steady
|-damage|p2a: Slow and steady|16/100
|move|p2a: Slow and steady|Overheat|p1a: Excadrill
|-supereffective|p1a: Excadrill
|-damage|p1a: Excadrill|0 fnt
|-unboost|p2a: Slow and steady|spa|2
|faint|p1a: Excadrill
|
|win|TheMochiMan
||KodeBeast0526 is ready for game 2.
||TheMochiMan is ready for game 2.
|uhtml|next|Next: Game 2 of 3
