|j|☆epicfailtesting
|j|☆kojay
|html|epicfailtestingkojay    
|uhtml|bestof|Game 1 of a best-of-3
|t:|1756835902
|gametype|doubles
|player|p1|epicfailtesting|265|1212
|player|p2|kojay|kamado-armor|1226
|gen|9
|tier|[Gen 9] VGC 2025 Reg H (Bo3)
|rated|
|rule|Species Clause: Limit one of each Pokémon
|rule|Item Clause: Limit 1 of each item
|clearpoke
|poke|p1|Annihilape, L50, F|
|poke|p1|Sinistcha, L50|
|poke|p1|Maushold-Four, L50|
|poke|p1|Klefki, L50, F|
|poke|p1|Ursaluna-Bloodmoon, L50, M|
|poke|p1|Ninetales-Alola, L50, F|
|poke|p2|Garchomp, L50, F|
|poke|p2|Sneasler, L50, F|
|poke|p2|Incineroar, L50, M|
|poke|p2|Dragonite, L50, M|
|poke|p2|Gholdengo, L50|
|poke|p2|Talonflame, L50, F|
|teampreview|4
|showteam|p1|Annihilape||Leftovers|Defiant|Protect,BulkUp,DrainPunch,RageFist|||F|||50|,,,,,Fire]Sinistcha||SitrusBerry|Hospitality|MatchaGotcha,TrickRoom,LifeDew,RagePowder||||||50|,,,,,Water]Maushold-Four||SafetyGoggles|FriendGuard|FollowMe,Taunt,BeatUp,Protect||||||50|,,,,,Ghost]Klefki||LightClay|Prankster|Reflect,LightScreen,MistyTerrain,DazzlingGleam|||F|||50|,,,,,Ghost]Ursaluna-Bloodmoon||AssaultVest|MindsEye|BloodMoon,HyperVoice,EarthPower,VacuumWave|||M|||50|,,,,,Water]Ninetales-Alola||FocusSash|SnowWarning|Protect,Encore,FreezeDry,Blizzard|||F|||50|,,,,,Ghost
|showteam|p2|Garchomp||LifeOrb|RoughSkin|Earthquake,DragonClaw,StompingTantrum,Protect|||F|||50|,,,,,Ground]Sneasler||WhiteHerb|Unburden|Coaching,Protect,DireClaw,CloseCombat|||F|||50|,,,,,Ghost]Incineroar||SafetyGoggles|Intimidate|FakeOut,FlareBlitz,KnockOff,PartingShot|||M|||50|,,,,,Ghost]Dragonite||LoadedDice|InnerFocus|TeraBlast,ScaleShot,Tailwind,Protect|||M|||50|,,,,,Flying]Gholdengo||ChoiceScarf|GoodasGold|MakeItRain,ShadowBall,Trick,Thunderbolt||||||50|,,,,,Steel]Talonflame||CovertCloak|GaleWings|Tailwind,BraveBird,Taunt,Feint|||F|||50|,,,,,Flying
|inactive|Battle timer is ON: inactive players will automatically lose when time's up. (requested by epicfailtesting)
|inactive|kojay has 60 seconds left.
|
|t:|1756835940
|teamsize|p1|4
|teamsize|p2|4
|start
|switch|p1a: Ninetales|Ninetales-Alola, L50, F, shiny|100/100
|switch|p1b: Klefki|Klefki, L50, F|100/100
|switch|p2a: Gholdengo|Gholdengo, L50|100/100
|switch|p2b: Kaladin|Garchomp, L50, F, shiny|100/100
|-weather|Snowscape|[from] ability: Snow Warning|[of] p1a: Ninetales
|turn|1
|inactive|kojay has 30 seconds left.
|
|t:|1756835968
|-terastallize|p2b: Kaladin|Ground
|move|p1b: Klefki|Reflect|p1b: Klefki
|-sidestart|p1: epicfailtesting|Reflect
|move|p2a: Gholdengo|Make It Rain|p1b: Klefki|[spread] p1a,p1b
|-supereffective|p1a: Ninetales
|-enditem|p1a: Ninetales|Focus Sash
|-damage|p1a: Ninetales|1/100
|-damage|p1b: Klefki|50/100
|-unboost|p2a: Gholdengo|spa|1
|move|p1a: Ninetales|Blizzard|p2a: Gholdengo|[spread] p2a,p2b
|-resisted|p2a: Gholdengo
|-supereffective|p2b: Kaladin
|-damage|p2a: Gholdengo|84/100
|-damage|p2b: Kaladin|34/100
|-status|p2b: Kaladin|frz
|cant|p2b: Kaladin|frz
|
|-weather|Snowscape|[upkeep]
|upkeep
|turn|2
|c|☆kojay|:)
|inactive|epicfailtesting has 30 seconds left.
|
|t:|1756835996
|move|p1b: Klefki|Light Screen|p1b: Klefki
|-sidestart|p1: epicfailtesting|move: Light Screen
|move|p2a: Gholdengo|Make It Rain|p1a: Ninetales|[spread] p1a,p1b
|-supereffective|p1a: Ninetales
|-damage|p1a: Ninetales|0 fnt
|-damage|p1b: Klefki|28/100
|-unboost|p2a: Gholdengo|spa|1
|faint|p1a: Ninetales
|cant|p2b: Kaladin|frz
|
|-weather|Snowscape|[upkeep]
|upkeep
|
|t:|1756836004
|switch|p1a: Ursaluna|Ursaluna-Bloodmoon, L50, M|100/100
|turn|3
|
|t:|1756836016
|-terastallize|p1a: Ursaluna|Water
|move|p1b: Klefki|Misty Terrain|p1b: Klefki
|-fieldstart|move: Misty Terrain
|move|p2a: Gholdengo|Make It Rain|p1a: Ursaluna|[spread] p1a,p1b
|-resisted|p1a: Ursaluna
|-damage|p1a: Ursaluna|95/100
|-damage|p1b: Klefki|11/100
|-unboost|p2a: Gholdengo|spa|1
|cant|p2b: Kaladin|frz
|move|p1a: Ursaluna|Hyper Voice|p2b: Kaladin|[spread] p2a,p2b
|-resisted|p2a: Gholdengo
|-damage|p2a: Gholdengo|63/100
|-damage|p2b: Kaladin|0 fnt
|faint|p2b: Kaladin
|
|-weather|Snowscape|[upkeep]
|upkeep
|
|t:|1756836031
|switch|p2b: Sneasler|Sneasler, L50, F|100/100
|turn|4
|
|t:|1756836050
|switch|p2a: Talonflame|Talonflame, L50, F, shiny|100/100
|move|p2b: Sneasler|Close Combat|p1a: Ursaluna
|-damage|p1a: Ursaluna|63/100
|-unboost|p2b: Sneasler|def|1
|-unboost|p2b: Sneasler|spd|1
|-enditem|p2b: Sneasler|White Herb
|-clearnegativeboost|p2b: Sneasler|[silent]
|move|p1b: Klefki|Dazzling Gleam|p2b: Sneasler|[spread] p2a,p2b
|-resisted|p2a: Talonflame
|-damage|p2a: Talonflame|86/100
|-damage|p2b: Sneasler|79/100
|move|p1a: Ursaluna|Blood Moon|p2b: Sneasler
|-damage|p2b: Sneasler|0 fnt
|faint|p2b: Sneasler
|
|-weather|Snowscape|[upkeep]
|upkeep
|
|t:|1756836064
|switch|p2b: Gholdengo|Gholdengo, L50|63/100
|turn|5
|inactive|kojay has 30 seconds left.
|inactive|kojay has 20 seconds left.
|
|t:|1756836103
|move|p2b: Gholdengo|Thunderbolt|p1a: Ursaluna
|-supereffective|p1a: Ursaluna
|-damage|p1a: Ursaluna|32/100
|move|p2a: Talonflame|Brave Bird|p1a: Ursaluna
|-damage|p1a: Ursaluna|11/100
|-damage|p2a: Talonflame|76/100|[from] Recoil
|move|p1b: Klefki|Dazzling Gleam|p2a: Talonflame|[spread] p2a,p2b
|-resisted|p2a: Talonflame
|-resisted|p2b: Gholdengo
|-damage|p2a: Talonflame|62/100
|-damage|p2b: Gholdengo|54/100
|move|p1a: Ursaluna|Hyper Voice|p2b: Gholdengo|[spread] p2a,p2b
|-resisted|p2b: Gholdengo
|-damage|p2a: Talonflame|0 fnt
|-damage|p2b: Gholdengo|33/100
|faint|p2a: Talonflame
|
|-weather|none
|upkeep
|turn|6
|
|t:|1756836124
|switch|p1a: Sinistcha|Sinistcha, L50|100/100
|-heal|p1b: Klefki|36/100|[from] ability: Hospitality|[of] p1a: Sinistcha
|move|p2b: Gholdengo|Thunderbolt|p1a: Sinistcha
|-resisted|p1a: Sinistcha
|-damage|p1a: Sinistcha|89/100
|move|p1b: Klefki|Dazzling Gleam|p2b: Gholdengo
|-resisted|p2b: Gholdengo
|-damage|p2b: Gholdengo|20/100
|
|upkeep
|turn|7
|-message|kojay forfeited.
|
|win|epicfailtesting
