|j|☆alexandromolgaard
|j|☆Oriozz
|html|alexandromolgaardOriozz    
|uhtml|bestof|Game 1 of a best-of-3
|t:|1783549934
|gametype|doubles
|player|p1|alexandromolgaard|backpacker|1045
|player|p2|Oriozz|2|1127
|gen|9
|tier|[Gen 9 Champions] VGC 2026 Reg M-B (Bo3)
|rated|
|rule|Species Clause: Limit one of each Pokémon
|rule|Item Clause: Limit 1 of each item
|clearpoke
|poke|p1|Meowstic, L50, M|
|poke|p1|Musharna, L50, M|
|poke|p1|Drampa, L50, M|
|poke|p1|Klefki, L50, F|
|poke|p1|Clawitzer, L50, M|
|poke|p1|Aggron, L50, F|
|poke|p2|Kingambit, L50, F|
|poke|p2|Floette-Eternal, L50, F|
|poke|p2|Sneasler, L50, F|
|poke|p2|Incineroar, L50, F|
|poke|p2|Garchomp, L50, F|
|poke|p2|Sinistcha, L50|
|teampreview|4
|showteam|p1|Meowstic||SitrusBerry|Prankster|FakeOut,HelpingHand,RainDance,PsychicTerrain|Calm||M|||50|]Musharna||Leftovers|Telepathy|ExpandingForce,Moonblast,EnergyBall,TrickRoom|Modest||M|||50|]Drampa||Drampanite|CloudNine|HyperVoice,Thunder,Surf,Protect|Quiet||M|||50|]Klefki||MentalHerb|Prankster|FoulPlay,MagnetRise,MistyTerrain,TrickRoom|Relaxed||F|||50|]Clawitzer||WiseGlasses|MegaLauncher|WaterPulse,TerrainPulse,AuraSphere,HealPulse|Quiet||M|||50|]Aggron||Aggronite|Sturdy|IronHead,Earthquake,BrickBreak,Protect|Brave||F|||50|
|showteam|p2|Kingambit||ChopleBerry|Defiant|KowtowCleave,Protect,SuckerPunch,IronHead|Adamant||F|||50|]Floette-Eternal||Floettite|FlowerVeil|DazzlingGleam,DrainingKiss,Protect,CalmMind|Bold||F|||50|]Sneasler||FocusSash|Unburden|FakeOut,DireClaw,CloseCombat,Coaching|Jolly||F|||50|]Incineroar||Leftovers|Intimidate|FakeOut,FlareBlitz,PartingShot,HelpingHand|Careful||F|||50|]Garchomp||Garchompite|RoughSkin|Earthquake,StompingTantrum,RockSlide,Protect|Adamant||F|||50|]Sinistcha||SitrusBerry|Hospitality|Protect,MatchaGotcha,TrickRoom,RagePowder|Bold|||||50|
|inactive|Battle timer is ON: inactive players will automatically lose when time's up. (requested by Oriozz)
|inactive|alexandromolgaard has 60 seconds left.
|inactive|Oriozz has 60 seconds left.
|inactive|Oriozz has 30 seconds left.
|inactive|Oriozz has 20 seconds left.
|
|t:|1783550005
|teamsize|p1|4
|teamsize|p2|4
|start
|switch|p1a: Klefki|Klefki, L50, F|100/100
|switch|p1b: Aggron|Aggron, L50, F|100/100
|switch|p2a: Kingambit|Kingambit, L50, F|100/100
|switch|p2b: Incineroar|Incineroar, L50, F|100/100
|-ability|p2b: Incineroar|Intimidate|boost
|-unboost|p1a: Klefki|atk|1
|-unboost|p1b: Aggron|atk|1
|turn|1
|inactive|Oriozz has 30 seconds left.
|inactive|Oriozz has 20 seconds left.
|inactive|Oriozz has 15 seconds left.
|
|t:|1783550047
|detailschange|p1b: Aggron|Aggron-Mega, L50, F
|-mega|p1b: Aggron|Aggron|Aggronite
|move|p2b: Incineroar|Flare Blitz|p1b: Aggron
|-supereffective|p1b: Aggron|1
|-damage|p1b: Aggron|69/100
|-damage|p2b: Incineroar|91/100|[from] Recoil
|move|p2a: Kingambit|Kowtow Cleave|p1b: Aggron
|-damage|p1b: Aggron|43/100
|move|p1b: Aggron|Brick Break|p2a: Kingambit
|-supereffective|p2a: Kingambit|2
|-enditem|p2a: Kingambit|Chople Berry|[eat]
|-enditem|p2a: Kingambit|Chople Berry|[weaken]
|-damage|p2a: Kingambit|71/100
|move|p1a: Klefki|Trick Room|p1a: Klefki
|-fieldstart|move: Trick Room|[of] p1a: Klefki
|
|-heal|p2b: Incineroar|97/100|[from] item: Leftovers
|upkeep
|turn|2
|inactive|alexandromolgaard has 30 seconds left.
|inactive|Oriozz has 30 seconds left.
|inactive|alexandromolgaard has 20 seconds left.
|inactive|alexandromolgaard has 15 seconds left.
|inactive|alexandromolgaard has 10 seconds left.
|
|t:|1783550094
|switch|p1b: Clawitzer|Clawitzer, L50, M|100/100
|switch|p2a: Sinistcha|Sinistcha, L50|100/100
|-heal|p2b: Incineroar|100/100|[from] ability: Hospitality|[of] p2a: Sinistcha
|move|p2b: Incineroar|Flare Blitz|p1b: Clawitzer
|-resisted|p1b: Clawitzer|1
|-damage|p1b: Clawitzer|68/100
|-damage|p2b: Incineroar|92/100|[from] Recoil
|move|p1a: Klefki|Foul Play|p2a: Sinistcha
|-supereffective|p2a: Sinistcha|1
|-damage|p2a: Sinistcha|79/100
|
|-heal|p2b: Incineroar|98/100|[from] item: Leftovers
|upkeep
|turn|3
|inactive|alexandromolgaard has 30 seconds left.
|inactive|alexandromolgaard has 20 seconds left.
|inactive|alexandromolgaard has 15 seconds left.
|
|t:|1783550134
|move|p1b: Clawitzer|Water Pulse|p2b: Incineroar
|-supereffective|p2b: Incineroar|1
|-damage|p2b: Incineroar|22/100
|-start|p2b: Incineroar|confusion
|-activate|p2b: Incineroar|confusion
|move|p2b: Incineroar|Flare Blitz|p1a: Klefki
|-supereffective|p1a: Klefki|1
|-damage|p1a: Klefki|12/100
|-status|p1a: Klefki|brn
|-damage|p2b: Incineroar|0 fnt|[from] Recoil
|faint|p2b: Incineroar
|move|p1a: Klefki|Foul Play|p2a: Sinistcha
|-supereffective|p2a: Sinistcha|1
|-damage|p2a: Sinistcha|68/100
|move|p2a: Sinistcha|Matcha Gotcha|p1b: Clawitzer|[spread] p1a,p1b
|-resisted|p1a: Klefki|1
|-supereffective|p1b: Clawitzer|1
|-crit|p1b: Clawitzer
|-damage|p1a: Klefki|0 fnt
|-heal|p2a: Sinistcha|74/100|[from] drain|[of] p1a: Klefki
|-damage|p1b: Clawitzer|0 fnt
|-heal|p2a: Sinistcha|100/100|[from] drain|[of] p1b: Clawitzer
|faint|p1a: Klefki
|faint|p1b: Clawitzer
|
|upkeep
|
|t:|1783550159
|switch|p1b: Meowstic|Meowstic, L50, M|100/100
|switch|p2b: Garchomp|Garchomp, L50, F|100/100
|switch|p1a: Aggron|Aggron-Mega, L50, F|43/100
|turn|4
|
|t:|1783550183
|detailschange|p2b: Garchomp|Garchomp-Mega, L50, F
|-mega|p2b: Garchomp|Garchomp|Garchompite
|move|p1b: Meowstic|Fake Out|p2b: Garchomp
|-damage|p2b: Garchomp|96/100
|move|p1a: Aggron|Iron Head|p2b: Garchomp
|-damage|p2b: Garchomp|60/100
|move|p2a: Sinistcha|Matcha Gotcha|p1a: Aggron|[spread] p1a
|-miss|p2a: Sinistcha|p1b: Meowstic
|-resisted|p1a: Aggron|1
|-damage|p1a: Aggron|30/100
|-status|p1a: Aggron|brn
|cant|p2b: Garchomp|flinch
|
|-damage|p1a: Aggron|23/100 brn|[from] brn
|upkeep
|turn|5
|inactive|Oriozz has 30 seconds left.
|
|t:|1783550218
|move|p1b: Meowstic|Helping Hand|p1a: Aggron
|-singleturn|p1a: Aggron|Helping Hand|[of] p1b: Meowstic
|move|p2b: Garchomp|Protect|p2b: Garchomp
|-singleturn|p2b: Garchomp|Protect
|move|p1a: Aggron|Iron Head|p2b: Garchomp
|-activate|p2b: Garchomp|move: Protect
|move|p2a: Sinistcha|Matcha Gotcha|p1a: Aggron|[spread] p1a,p1b
|-resisted|p1a: Aggron|1
|-damage|p1a: Aggron|10/100 brn
|-damage|p1b: Meowstic|78/100
|
|-damage|p1a: Aggron|4/100 brn|[from] brn
|-fieldend|move: Trick Room
|upkeep
|turn|6
|inactive|alexandromolgaard has 30 seconds left.
|
|t:|1783550245
|move|p1b: Meowstic|Rain Dance|p1b: Meowstic
|-weather|RainDance
|move|p2b: Garchomp|Earthquake|p1a: Aggron|[spread] p2a,p1a,p1b
|-resisted|p2a: Sinistcha|1
|-supereffective|p1a: Aggron|1
|-damage|p2a: Sinistcha|80/100
|-damage|p1a: Aggron|0 fnt
|-damage|p1b: Meowstic|23/100
|-enditem|p1b: Meowstic|Sitrus Berry|[eat]
|-heal|p1b: Meowstic|48/100|[from] item: Sitrus Berry
|faint|p1a: Aggron
|move|p2a: Sinistcha|Matcha Gotcha|p1b: Meowstic
|-damage|p1b: Meowstic|15/100
|-heal|p2a: Sinistcha|97/100|[from] drain|[of] p1b: Meowstic
|
|-weather|RainDance|[upkeep]
|upkeep
|turn|7
|
|t:|1783550263
|move|p1b: Meowstic|Helping Hand|p1: Aggron|[notarget]
|-fail|p1b: Meowstic
|move|p2b: Garchomp|Stomping Tantrum|p1b: Meowstic
|-damage|p1b: Meowstic|0 fnt
|faint|p1b: Meowstic
|
|win|Oriozz
||alexandromolgaard is ready for game 2.
||Oriozz is ready for game 2.
|uhtml|next|Next: Game 2 of 3
