|j|☆AntonioCartana
|j|☆carlitose
|html|AntonioCartanacarlitose    
|uhtml|bestof|Game 3 of a best-of-3
|t:|1757148640
|gametype|doubles
|player|p1|AntonioCartana|bruno|1029
|player|p2|carlitose|guzma|1054
|gen|9
|tier|[Gen 9] VGC 2025 Reg H (Bo3)
|rated|
|rule|Species Clause: Limit one of each Pokémon
|rule|Item Clause: Limit 1 of each item
|clearpoke
|poke|p1|Kingambit, L50, F|
|poke|p1|Rillaboom, L50, F|
|poke|p1|Volcarona, L50, M|
|poke|p1|Sneasler, L50, F|
|poke|p1|Dragonite, L50, M|
|poke|p1|Smeargle, L50, F|
|poke|p2|Pelipper, L50, F|
|poke|p2|Archaludon, L50, M|
|poke|p2|Indeedee, L50, M|
|poke|p2|Sneasler, L50, M|
|poke|p2|Armarouge, L50, M|
|poke|p2|Conkeldurr, L50, M|
|teampreview|4
|showteam|p1|Kingambit||BlackGlasses|Defiant|Protect,KowtowCleave,SuckerPunch,SwordsDance|||F|||50|,,,,,Dark]Rillaboom||AssaultVest|GrassySurge|WoodHammer,GrassyGlide,HighHorsepower,FakeOut|||F|||50|,,,,,Fire]Volcarona||CovertCloak|FlameBody|Protect,HeatWave,TeraBlast,QuiverDance|||M|||50|,,,,,Fairy]Sneasler||GrassySeed|Unburden|CloseCombat,DireClaw,Protect,LashOut|||F|||50|,,,,,Dark]Dragonite||LoadedDice|Multiscale|ScaleShot,Haze,ExtremeSpeed,Protect|||M|||50|,,,,,Fairy]Smeargle||FocusSash|Moody|FakeOut,Decorate,FollowMe,SpikyShield|||F|||50|,,,,,Ghost
|showteam|p2|Pelipper||FocusSash|Drizzle|Hurricane,WideGuard,Protect,WeatherBall|||F|||50|,,,,,Grass]Archaludon||AssaultVest|Stamina|DracoMeteor,ElectroShot,BodyPress,FlashCannon|||M|||50|,,,,,Bug]Indeedee||ChoiceScarf|PsychicSurge|ExpandingForce,ShadowBall,Trick,TeraBlast|||M|||50|,,,,,Psychic]Sneasler||PsychicSeed|Unburden|DireClaw,CloseCombat,ThroatChop,Protect|||M|||50|,,,,,Dark]Armarouge||LifeOrb|FlashFire|ExpandingForce,ArmorCannon,TrickRoom,Protect|||M|||50|,,,,,Grass]Conkeldurr||FlameOrb|Guts|KnockOff,CloseCombat,Facade,Protect|||M|||50|,,,,,Steel
|inactive|Battle timer is ON: inactive players will automatically lose when time's up. (requested by AntonioCartana)
|inactive|carlitose also wants the timer to be on.
|
|t:|1757148668
|teamsize|p1|4
|teamsize|p2|4
|start
|switch|p1a: Smeargle|Smeargle, L50, F|100/100
|switch|p1b: WrathofKhan|Kingambit, L50, F, shiny|100/100
|switch|p2a: Archaludon|Archaludon, L50, M|100/100
|switch|p2b: Indeedee|Indeedee, L50, M|100/100
|-fieldstart|move: Psychic Terrain|[from] ability: Psychic Surge|[of] p2b: Indeedee
|turn|1
|inactive|AntonioCartana has 30 seconds left.
|inactive|carlitose has 30 seconds left.
|inactive|AntonioCartana has 20 seconds left.
|inactive|carlitose has 20 seconds left.
|inactive|AntonioCartana has 15 seconds left.
|inactive|carlitose has 15 seconds left.
|inactive|AntonioCartana has 10 seconds left.
|
|t:|1757148718
|switch|p2b: Sneasler|Sneasler, L50, M, shiny|100/100
|-enditem|p2b: Sneasler|Psychic Seed
|-boost|p2b: Sneasler|spd|1|[from] item: Psychic Seed
|move|p1a: Smeargle|Follow Me|p1a: Smeargle
|-singleturn|p1a: Smeargle|move: Follow Me
|move|p2a: Archaludon|Flash Cannon|p1a: Smeargle
|-damage|p1a: Smeargle|31/100
|move|p1b: WrathofKhan|Swords Dance|p1b: WrathofKhan
|-boost|p1b: WrathofKhan|atk|2
|
|-ability|p1a: Smeargle|Moody|boost
|-boost|p1a: Smeargle|atk|2
|-unboost|p1a: Smeargle|spe|1
|upkeep
|turn|2
|inactive|AntonioCartana has 30 seconds left.
|inactive|carlitose has 30 seconds left.
|inactive|AntonioCartana has 20 seconds left.
|inactive|AntonioCartana has 15 seconds left.
|
|t:|1757148758
|move|p1a: Smeargle|Spiky Shield|p1a: Smeargle
|-singleturn|p1a: Smeargle|move: Protect
|move|p1b: WrathofKhan|Protect|p1b: WrathofKhan
|-singleturn|p1b: WrathofKhan|Protect
|move|p2b: Sneasler|Dire Claw|p1a: Smeargle
|-activate|p1a: Smeargle|move: Protect
|-damage|p2b: Sneasler|88/100|[from] Spiky Shield|[of] p1a: Smeargle
|move|p2a: Archaludon|Body Press|p1b: WrathofKhan
|-activate|p1b: WrathofKhan|move: Protect
|
|-ability|p1a: Smeargle|Moody|boost
|-boost|p1a: Smeargle|def|2
|-unboost|p1a: Smeargle|spa|1
|upkeep
|turn|3
|inactive|AntonioCartana has 30 seconds left.
|inactive|AntonioCartana has 20 seconds left.
|inactive|AntonioCartana has 15 seconds left.
|
|t:|1757148803
|move|p2b: Sneasler|Dire Claw|p1a: Smeargle
|-damage|p1a: Smeargle|0 fnt
|faint|p1a: Smeargle
|move|p2a: Archaludon|Body Press|p1b: WrathofKhan
|-supereffective|p1b: WrathofKhan
|-damage|p1b: WrathofKhan|14/100
|move|p1b: WrathofKhan|Kowtow Cleave|p2a: Archaludon
|-damage|p2a: Archaludon|25/100
|-ability|p2a: Archaludon|Stamina|boost
|-boost|p2a: Archaludon|def|1
|
|upkeep
|
|t:|1757148807
|switch|p1a: All for One|Dragonite, L50, M|100/100
|turn|4
|
|t:|1757148830
|switch|p1a: Trunkmeister|Rillaboom, L50, F, shiny|100/100
|-fieldstart|move: Grassy Terrain|[from] ability: Grassy Surge|[of] p1a: Trunkmeister
|move|p1b: WrathofKhan|Sucker Punch|p2b: Sneasler
|-resisted|p2b: Sneasler
|-damage|p2b: Sneasler|8/100
|move|p2b: Sneasler|Close Combat|p1b: WrathofKhan
|-supereffective|p1b: WrathofKhan
|-damage|p1b: WrathofKhan|0 fnt
|-unboost|p2b: Sneasler|def|1
|-unboost|p2b: Sneasler|spd|1
|faint|p1b: WrathofKhan
|move|p2a: Archaludon|Draco Meteor|p1a: Trunkmeister
|-damage|p1a: Trunkmeister|61/100
|-unboost|p2a: Archaludon|spa|2
|
|-heal|p2b: Sneasler|14/100|[from] Grassy Terrain
|-heal|p2a: Archaludon|31/100|[from] Grassy Terrain
|-heal|p1a: Trunkmeister|67/100|[from] Grassy Terrain
|upkeep
|
|t:|1757148849
|switch|p1b: All for One|Dragonite, L50, M|100/100
|turn|5
|
|t:|1757148868
|switch|p2a: Indeedee|Indeedee, L50, M|100/100
|-fieldstart|move: Psychic Terrain|[from] ability: Psychic Surge|[of] p2a: Indeedee
|move|p1b: All for One|Extreme Speed|p2b: Sneasler
|-activate|p2b: Sneasler|move: Psychic Terrain
|move|p2b: Sneasler|Dire Claw|p1a: Trunkmeister
|-supereffective|p1a: Trunkmeister
|-damage|p1a: Trunkmeister|0 fnt
|faint|p1a: Trunkmeister
|
|upkeep
|turn|6
|-message|AntonioCartana forfeited.
|
|win|carlitose
|raw|AntonioCartana's rating: 1029 → 1016(-13 for losing)
|raw|carlitose's rating: 1054 → 1084(+30 for winning)
