|j|☆ravus9
|j|☆TeyOnTheRox
|html|ravus9TeyOnTheRox    
|uhtml|bestof|Game 2 of a best-of-3
|t:|1757739420
|gametype|doubles
|player|p1|ravus9|hilbert-wonderlauncher|1068
|player|p2|TeyOnTheRox|benga|1128
|gen|9
|tier|[Gen 9] VGC 2025 Reg H (Bo3)
|rated|
|rule|Species Clause: Limit one of each Pokémon
|rule|Item Clause: Limit 1 of each item
|clearpoke
|poke|p1|Volcarona, L50, M|
|poke|p1|Rillaboom, L50, M|
|poke|p1|Kingambit, L50, M|
|poke|p1|Ninetales-Alola, L50, F|
|poke|p1|Sneasler, L50, M|
|poke|p1|Electabuzz, L50, F|
|poke|p2|Tyranitar, L50, F|
|poke|p2|Excadrill, L50, M|
|poke|p2|Sneasler, L50, F|
|poke|p2|Indeedee, L50, M|
|poke|p2|Corviknight, L50, F|
|poke|p2|Annihilape, L50, F|
|teampreview|4
|showteam|p1|Volcarona||CovertCloak|FlameBody|Overheat,TeraBlast,QuiverDance,Protect|||M|||50|,,,,,Fairy]Rillaboom||AssaultVest|GrassySurge|GrassyGlide,WoodHammer,HighHorsepower,FakeOut|||M|||50|,,,,,Fire]Kingambit||BlackGlasses|Defiant|KowtowCleave,SuckerPunch,SwordsDance,Protect|||M|||50|,,,,,Dark]Ninetales-Alola||LightClay|SnowWarning|Protect,Blizzard,AuroraVeil,FreezeDry|||F|||50|,,,,,Ghost]Sneasler||FocusSash|Unburden|CloseCombat,DireClaw,Coaching,FakeOut|||M|||50|,,,,,Stellar]Electabuzz||Eviolite|VitalSpirit|FollowMe,Protect,Electroweb,Taunt|||F|||50|,,,,,Dark
|showteam|p2|Tyranitar||AssaultVest|SandStream|RockSlide,KnockOff,TeraBlast,LowKick|||F|||50|,,,,,Flying]Excadrill||FocusSash|SandRush|IronHead,HighHorsepower,Earthquake,Protect|||M|||50|,,,,,Stellar]Sneasler||PsychicSeed|Unburden|DireClaw,CloseCombat,ThroatChop,Protect|||F|||50|,,,,,Dark]Indeedee||ChoiceScarf|PsychicSurge|ExpandingForce,TeraBlast,Protect,Trick|||M|||50|,,,,,Psychic]Corviknight||Leftovers|MirrorArmor|BraveBird,BulkUp,Roost,Tailwind|||F|||50|,,,,,Dragon]Annihilape||SafetyGoggles|Defiant|CloseCombat,FinalGambit,RageFist,Taunt|||F|||50|,,,,,Water
|inactive|Battle timer is ON: inactive players will automatically lose when time's up. (requested by ravus9)
|
|t:|1757739472
|teamsize|p1|4
|teamsize|p2|4
|start
|switch|p1a: Sneasler|Sneasler, L50, M|100/100
|switch|p1b: Rillaboom|Rillaboom, L50, M|100/100
|switch|p2a: Doc Hudson|Tyranitar, L50, F, shiny|100/100
|switch|p2b: Toe Mater|Excadrill, L50, M|100/100
|-weather|Sandstorm|[from] ability: Sand Stream|[of] p2a: Doc Hudson
|-fieldstart|move: Grassy Terrain|[from] ability: Grassy Surge|[of] p1b: Rillaboom
|turn|1
|inactive|ravus9 has 30 seconds left.
|inactive|TeyOnTheRox has 30 seconds left.
|inactive|ravus9 has 20 seconds left.
|inactive|TeyOnTheRox has 20 seconds left.
|inactive|TeyOnTheRox has 15 seconds left.
|inactive|ravus9 has 15 seconds left.
|inactive|TeyOnTheRox has 10 seconds left.
|inactive|ravus9 has 10 seconds left.
|inactive|TeyOnTheRox has 5 seconds left.
|inactive|ravus9 has 5 seconds left.
|
|t:|1757739529
|-terastallize|p2a: Doc Hudson|Flying
|move|p2b: Toe Mater|Protect|p2b: Toe Mater
|-singleturn|p2b: Toe Mater|Protect
|move|p1a: Sneasler|Fake Out|p2a: Doc Hudson
|-damage|p2a: Doc Hudson|87/100
|cant|p2a: Doc Hudson|flinch
|move|p1b: Rillaboom|Wood Hammer|p2a: Doc Hudson
|-resisted|p2a: Doc Hudson
|-damage|p2a: Doc Hudson|53/100
|-damage|p1b: Rillaboom|90/100|[from] Recoil
|
|-weather|Sandstorm|[upkeep]
|-damage|p1a: Sneasler|95/100|[from] Sandstorm
|-damage|p2a: Doc Hudson|47/100|[from] Sandstorm
|-damage|p1b: Rillaboom|85/100|[from] Sandstorm
|-heal|p1a: Sneasler|100/100|[from] Grassy Terrain
|-heal|p1b: Rillaboom|90/100|[from] Grassy Terrain
|upkeep
|turn|2
|inactive|ravus9 has 30 seconds left.
|inactive|TeyOnTheRox has 30 seconds left.
|inactive|ravus9 has 20 seconds left.
|inactive|TeyOnTheRox has 20 seconds left.
|inactive|ravus9 has 15 seconds left.
|inactive|TeyOnTheRox has 15 seconds left.
|inactive|ravus9 has 10 seconds left.
|inactive|TeyOnTheRox has 10 seconds left.
|inactive|ravus9 has 5 seconds left.
|
|t:|1757739582
|switch|p2a: Cars II|Corviknight, L50, F|100/100
|move|p2b: Toe Mater|High Horsepower|p1a: Sneasler
|-supereffective|p1a: Sneasler
|-enditem|p1a: Sneasler|Focus Sash
|-damage|p1a: Sneasler|1/100
|move|p1a: Sneasler|Dire Claw|p2a: Cars II
|-immune|p2a: Cars II
|move|p1b: Rillaboom|Wood Hammer|p2b: Toe Mater
|-enditem|p2b: Toe Mater|Focus Sash
|-damage|p2b: Toe Mater|1/100
|-damage|p1b: Rillaboom|61/100|[from] Recoil
|
|-weather|Sandstorm|[upkeep]
|-damage|p1a: Sneasler|0 fnt|[from] Sandstorm
|-damage|p1b: Rillaboom|55/100|[from] Sandstorm
|faint|p1a: Sneasler
|-heal|p2b: Toe Mater|7/100|[from] Grassy Terrain
|-heal|p1b: Rillaboom|61/100|[from] Grassy Terrain
|upkeep
|inactive|ravus9 has 30 seconds left.
|
|t:|1757739616
|switch|p1a: Ninetales|Ninetales-Alola, L50, F|100/100
|-weather|Snowscape|[from] ability: Snow Warning|[of] p1a: Ninetales
|turn|3
|inactive|TeyOnTheRox has 30 seconds left.
|inactive|TeyOnTheRox has 20 seconds left.
|
|t:|1757739652
|switch|p2b: Doc Hudson|Tyranitar, L50, F, shiny, tera:Flying|47/100
|-weather|Sandstorm|[from] ability: Sand Stream|[of] p2b: Doc Hudson
|move|p1b: Rillaboom|Grassy Glide|p2b: Doc Hudson
|-resisted|p2b: Doc Hudson
|-damage|p2b: Doc Hudson|30/100
|move|p1a: Ninetales|Aurora Veil||[still]
|-fail|p1a: Ninetales
|move|p2a: Cars II|Brave Bird|p1b: Rillaboom
|-supereffective|p1b: Rillaboom
|-damage|p1b: Rillaboom|0 fnt
|faint|p1b: Rillaboom
|-damage|p2a: Cars II|80/100|[from] Recoil
|
|-weather|Sandstorm|[upkeep]
|-damage|p1a: Ninetales|95/100|[from] Sandstorm
|-damage|p2b: Doc Hudson|24/100|[from] Sandstorm
|-heal|p1a: Ninetales|100/100|[from] Grassy Terrain
|-heal|p2a: Cars II|86/100|[from] item: Leftovers
|upkeep
|
|t:|1757739672
|switch|p1b: Volcarona|Volcarona, L50, M|100/100
|turn|4
|
|t:|1757739695
|-terastallize|p1b: Volcarona|Fairy
|move|p1a: Ninetales|Freeze-Dry|p2b: Doc Hudson
|-supereffective|p2b: Doc Hudson
|-damage|p2b: Doc Hudson|0 fnt
|faint|p2b: Doc Hudson
|move|p1b: Volcarona|Overheat|p2a: Cars II
|-supereffective|p2a: Cars II
|-damage|p2a: Cars II|0 fnt
|-unboost|p1b: Volcarona|spa|2
|faint|p2a: Cars II
|
|-weather|Sandstorm|[upkeep]
|-damage|p1a: Ninetales|95/100|[from] Sandstorm
|-damage|p1b: Volcarona|94/100|[from] Sandstorm
|-heal|p1a: Ninetales|100/100|[from] Grassy Terrain
|-heal|p1b: Volcarona|100/100|[from] Grassy Terrain
|upkeep
|
|t:|1757739709
|switch|p2b: Toe Mater|Excadrill, L50, M|7/100
|switch|p2a: Cachiiga|Annihilape, L50, F|100/100
|turn|5
|inactive|TeyOnTheRox has 30 seconds left.
|
|t:|1757739738
|move|p1b: Volcarona|Protect|p1b: Volcarona
|-singleturn|p1b: Volcarona|Protect
|move|p2b: Toe Mater|Iron Head|p1a: Ninetales
|-supereffective|p1a: Ninetales
|-damage|p1a: Ninetales|0 fnt
|faint|p1a: Ninetales
|move|p2a: Cachiiga|Final Gambit|p1b: Volcarona
|-activate|p1b: Volcarona|move: Protect
|
|-weather|Sandstorm|[upkeep]
|-damage|p1b: Volcarona|94/100|[from] Sandstorm
|-heal|p2b: Toe Mater|13/100|[from] Grassy Terrain
|-heal|p1b: Volcarona|100/100|[from] Grassy Terrain
|-fieldend|move: Grassy Terrain
|upkeep
|turn|6
|
|t:|1757739759
|move|p2b: Toe Mater|Iron Head|p1b: Volcarona
|-supereffective|p1b: Volcarona
|-damage|p1b: Volcarona|0 fnt
|faint|p1b: Volcarona
|
|win|TeyOnTheRox
|raw|ravus9's rating: 1068 → 1051(-17 for losing)
|raw|TeyOnTheRox's rating: 1128 → 1149(+21 for winning)
