|j|☆lightjkookie
|j|☆FatherPenguin
|html|lightjkookieFatherPenguin    
|uhtml|bestof|Game 1 of a best-of-3
|t:|1785443380
|gametype|doubles
|player|p1|lightjkookie|brycen|1119
|player|p2|FatherPenguin|acetrainersnow|1166
|gen|9
|tier|[Gen 9 Champions] VGC 2026 Reg M-B (Bo3)
|rated|
|rule|Species Clause: Limit one of each Pokémon
|rule|Item Clause: Limit 1 of each item
|clearpoke
|poke|p1|Gardevoir, L50, F, shiny|
|poke|p1|Gallade, L50, M, shiny|
|poke|p1|Incineroar, L50, M|
|poke|p1|Garchomp, L50, F|
|poke|p1|Sinistcha, L50|
|poke|p1|Aerodactyl, L50, M|
|poke|p2|Staraptor, L50, M|
|poke|p2|Glimmora, L50, M|
|poke|p2|Whimsicott, L50, M|
|poke|p2|Kingambit, L50, F|
|poke|p2|Garchomp, L50, F|
|poke|p2|Delphox, L50, M|
|teampreview|4
|showteam|p1|Gardevoir||Gardevoirite|Telepathy|ShadowBall,Psyshock,HyperVoice,Protect|Modest||F|||50|]Gallade||Galladite|Sharpness|Protect,CloseCombat,PoisonJab,KnockOff|Jolly||M|||50|]Incineroar||ShucaBerry|Intimidate|FakeOut,FlareBlitz,HelpingHand,PartingShot|Careful||M|||50|]Garchomp||LifeOrb|RoughSkin|Protect,RockSlide,Earthquake,DragonClaw|Jolly||F|||50|]Sinistcha||SitrusBerry|Hospitality|MatchaGotcha,TrickRoom,LifeDew,RagePowder|Calm|||||50|]Aerodactyl||FocusSash|Unnerve|Protect,WideGuard,DualWingbeat,Tailwind|Jolly||M|||50|
|showteam|p2|Staraptor||Staraptite|Intimidate|CloseCombat,BraveBird,Roost,Protect|Jolly||M|||50|]Glimmora||FocusSash|ToxicDebris|PowerGem,SludgeBomb,EarthPower,SpikyShield|Modest||M|||50|]Whimsicott||OccaBerry|Prankster|Tailwind,Moonblast,Charm,LightScreen|Timid||M|||50|]Kingambit||ChopleBerry|Defiant|KowtowCleave,IronHead,LowKick,SuckerPunch|Adamant||F|||50|]Garchomp||LifeOrb|RoughSkin|Earthquake,DragonClaw,RockSlide,Protect|Jolly||F|||50|]Delphox||Delphoxite|Blaze|HeatWave,Psychic,Substitute,Protect|Timid||M|||50|
|inactive|Battle timer is ON: inactive players will automatically lose when time's up. (requested by lightjkookie)
|inactive|lightjkookie has 60 seconds left.
|inactive|FatherPenguin has 60 seconds left.
|
|t:|1785443430
|teamsize|p1|4
|teamsize|p2|4
|start
|switch|p1a: Aerodactyl|Aerodactyl, L50, M|100/100
|switch|p1b: Gallade|Gallade, L50, M, shiny|100/100
|switch|p2a: Glimmora|Glimmora, L50, M|100/100
|switch|p2b: Whimsicott|Whimsicott, L50, M|100/100
|-ability|p1a: Aerodactyl|Unnerve
|turn|1
|inactive|FatherPenguin has 30 seconds left.
|inactive|FatherPenguin has 20 seconds left.
|inactive|FatherPenguin has 15 seconds left.
|inactive|FatherPenguin has 10 seconds left.
|
|t:|1785443477
|detailschange|p1b: Gallade|Gallade-Mega, L50, M, shiny
|-mega|p1b: Gallade|Gallade|Galladite
|move|p2b: Whimsicott|Tailwind|p2b: Whimsicott
|-sidestart|p2: FatherPenguin|move: Tailwind
|move|p2a: Glimmora|Power Gem|p1a: Aerodactyl
|-supereffective|p1a: Aerodactyl|1
|-enditem|p1a: Aerodactyl|Focus Sash
|-damage|p1a: Aerodactyl|1/100
|move|p1a: Aerodactyl|Tailwind|p1a: Aerodactyl
|-sidestart|p1: lightjkookie|move: Tailwind
|move|p1b: Gallade|Poison Jab|p2b: Whimsicott
|-supereffective|p2b: Whimsicott|2
|-damage|p2b: Whimsicott|0 fnt
|faint|p2b: Whimsicott
|
|upkeep
|inactive|FatherPenguin has 30 seconds left.
|
|t:|1785443512
|switch|p2b: Garchomp|Garchomp, L50, F|100/100
|turn|2
|inactive|lightjkookie has 30 seconds left.
|inactive|FatherPenguin has 30 seconds left.
|inactive|FatherPenguin has 20 seconds left.
|inactive|FatherPenguin has 15 seconds left.
|
|t:|1785443552
|move|p2a: Glimmora|Spiky Shield|p2a: Glimmora
|-singleturn|p2a: Glimmora|move: Protect
|move|p1a: Aerodactyl|Dual Wingbeat|p2b: Garchomp
|-crit|p2b: Garchomp
|-damage|p2b: Garchomp|73/100
|-damage|p1a: Aerodactyl|0 fnt|[from] ability: Rough Skin|[of] p2b: Garchomp
|faint|p1a: Aerodactyl
|-hitcount|p2b: Garchomp|1
|move|p1b: Gallade|Knock Off|p2b: Garchomp
|-damage|p2b: Garchomp|32/100
|-damage|p1b: Gallade|87/100|[from] ability: Rough Skin|[of] p2b: Garchomp
|-enditem|p2b: Garchomp|Life Orb|[from] move: Knock Off|[of] p1b: Gallade
|move|p2b: Garchomp|Dragon Claw|p1b: Gallade
|-damage|p1b: Gallade|31/100
|
|upkeep
|
|t:|1785443572
|switch|p1a: Garchomp|Garchomp, L50, F|100/100
|turn|3
|inactive|FatherPenguin has 30 seconds left.
|
|t:|1785443600
|move|p2b: Garchomp|Protect|p2b: Garchomp
|-singleturn|p2b: Garchomp|Protect
|move|p1b: Gallade|Close Combat|p2b: Garchomp
|-activate|p2b: Garchomp|move: Protect
|move|p1a: Garchomp|Rock Slide|p2a: Glimmora|[spread] p2a
|-activate|p2b: Garchomp|move: Protect
|-damage|p2a: Glimmora|66/100
|-activate|p2a: Glimmora|ability: Toxic Debris
|-sidestart|p1: lightjkookie|move: Toxic Spikes
|-damage|p1a: Garchomp|90/100|[from] item: Life Orb
|cant|p2a: Glimmora|flinch
|
|upkeep
|turn|4
|inactive|lightjkookie has 30 seconds left.
|inactive|FatherPenguin has 30 seconds left.
|
|t:|1785443632
|move|p1b: Gallade|Close Combat|p2b: Garchomp
|-damage|p2b: Garchomp|0 fnt
|-unboost|p1b: Gallade|def|1
|-unboost|p1b: Gallade|spd|1
|-damage|p1b: Gallade|18/100|[from] ability: Rough Skin|[of] p2b: Garchomp
|faint|p2b: Garchomp
|move|p1a: Garchomp|Dragon Claw|p2a: Glimmora
|-damage|p2a: Glimmora|0 fnt
|-activate|p2a: Glimmora|ability: Toxic Debris
|-sidestart|p1: lightjkookie|move: Toxic Spikes
|faint|p2a: Glimmora
|-damage|p1a: Garchomp|80/100|[from] item: Life Orb
|
|-sideend|p1: lightjkookie|move: Tailwind
|-sideend|p2: FatherPenguin|move: Tailwind
|upkeep
|
|t:|1785443647
|switch|p2a: Delphox|Delphox, L50, M|100/100
|turn|5
|
|t:|1785443670
|detailschange|p2a: Delphox|Delphox-Mega, L50, M
|-mega|p2a: Delphox|Delphox|Delphoxite
|move|p2a: Delphox|Heat Wave|p1a: Garchomp|[spread] p1a,p1b
|-resisted|p1a: Garchomp|1
|-damage|p1a: Garchomp|55/100
|-damage|p1b: Gallade|0 fnt
|faint|p1b: Gallade
|move|p1a: Garchomp|Rock Slide|p2a: Delphox
|-supereffective|p2a: Delphox|1
|-damage|p2a: Delphox|3/100
|-damage|p1a: Garchomp|45/100|[from] item: Life Orb
|
|upkeep
|
|t:|1785443675
|switch|p1b: Incineroar|Incineroar, L50, M|100/100
|-status|p1b: Incineroar|tox
|-ability|p1b: Incineroar|Intimidate|boost
|-unboost|p2a: Delphox|atk|1
|turn|6
|
|t:|1785443683
|move|p2a: Delphox|Protect|p2a: Delphox
|-singleturn|p2a: Delphox|Protect
|move|p1b: Incineroar|Fake Out|p2a: Delphox
|-activate|p2a: Delphox|move: Protect
|move|p1a: Garchomp|Rock Slide|p2a: Delphox
|-activate|p2a: Delphox|move: Protect
|
|-damage|p1b: Incineroar|94/100 tox|[from] psn
|upkeep
|turn|7
|
|t:|1785443702
|move|p2a: Delphox|Psychic|p1a: Garchomp
|-damage|p1a: Garchomp|0 fnt
|faint|p1a: Garchomp
|move|p1b: Incineroar|Flare Blitz|p2a: Delphox
|-resisted|p2a: Delphox|1
|-damage|p2a: Delphox|0 fnt
|faint|p2a: Delphox
|-damage|p1b: Incineroar|93/100 tox|[from] Recoil
|
|win|lightjkookie
||lightjkookie is ready for game 2.
