|j|☆R3pulse6
|j|☆m3ew
|html|R3pulse6m3ew    
|uhtml|bestof|Game 1 of a best-of-3
|t:|1785909269
|gametype|doubles
|player|p1|R3pulse6|dawn|1016
|player|p2|m3ew|265|1000
|gen|9
|tier|[Gen 9 Champions] VGC 2026 Reg M-B (Bo3)
|rated|
|rule|Species Clause: Limit one of each Pokémon
|rule|Item Clause: Limit 1 of each item
|clearpoke
|poke|p1|Incineroar, L50, M|
|poke|p1|Rotom-Wash, L50|
|poke|p1|Raichu, L50, F|
|poke|p1|Kingambit, L50, M|
|poke|p1|Whimsicott, L50, F|
|poke|p1|Sinistcha-Masterpiece, L50|
|poke|p2|Absol, L50, F|
|poke|p2|Whimsicott, L50, M|
|poke|p2|Basculegion, L50, M|
|poke|p2|Garchomp, L50, M|
|poke|p2|Scizor, L50, M|
|poke|p2|Kangaskhan, L50, F|
|teampreview|4
|showteam|p1|Incineroar||ChopleBerry|Intimidate|FakeOut,FlareBlitz,PartingShot,Protect|Jolly||M|||50|]Rotom-Wash||Magnet|Levitate|LightScreen,HydroPump,VoltSwitch,WillOWisp|Timid|||||50|]Raichu||RaichuniteY|LightningRod|FakeOut,ZapCannon,FocusBlast,VoltSwitch|Timid||F|||50|]Kingambit||LifeOrb|Defiant|SuckerPunch,SwordsDance,IronHead,KowtowCleave|Adamant||M|||50|]Whimsicott||FocusSash|Prankster|Taunt,Moonblast,WorrySeed,Tailwind|Timid||F|||50|]Sinistcha-Masterpiece||Leftovers|Heatproof|RagePowder,Scald,MatchaGotcha,GrassyTerrain|Calm|||||50|
|showteam|p2|Absol||Absolite|Justified|CloseCombat,PlayRough,Protect,KnockOff|Jolly||F|||50|]Whimsicott||ExpertBelt|Prankster|Tailwind,Encore,Taunt,Moonblast|Bold||M|||50|]Basculegion||ChoiceScarf|Adaptability|AquaJet,FlipTurn,Liquidation,WaveCrash|Jolly||M|||50|]Garchomp||LifeOrb|RoughSkin|DragonClaw,Earthquake,Protect,RockSlide|Jolly||M|||50|]Scizor||MetalCoat|Technician|BulletPunch,Protect,Roost,SwordsDance|Impish||M|||50|]Kangaskhan||SilkScarf|Scrappy|FakeOut,LastResort|Jolly||F|||50|
|inactive|Battle timer is ON: inactive players will automatically lose when time's up. (requested by m3ew)
|
|t:|1785909333
|teamsize|p1|4
|teamsize|p2|4
|start
|switch|p1a: Sinistcha|Sinistcha-Masterpiece, L50|100/100
|switch|p1b: Whimsicott|Whimsicott, L50, F|100/100
|switch|p2a: Whimsicott|Whimsicott, L50, M|100/100
|switch|p2b: Kangaskhan|Kangaskhan, L50, F|100/100
|turn|1
|inactive|R3pulse6 has 30 seconds left.
|inactive|R3pulse6 has 20 seconds left.
|
|t:|1785909370
|move|p2b: Kangaskhan|Fake Out|p1a: Sinistcha
|-damage|p1a: Sinistcha|79/100
|move|p1b: Whimsicott|Taunt|p2a: Whimsicott
|-start|p2a: Whimsicott|move: Taunt
|cant|p2a: Whimsicott|move: Taunt|Taunt
|cant|p1a: Sinistcha|flinch
|
|-heal|p1a: Sinistcha|85/100|[from] item: Leftovers
|upkeep
|turn|2
|inactive|R3pulse6 has 30 seconds left.
|inactive|m3ew has 30 seconds left.
|
|t:|1785909404
|move|p1b: Whimsicott|Worry Seed|p2b: Kangaskhan
|-ability|p2b: Kangaskhan|Insomnia|Scrappy|[from] move: Worry Seed
|move|p2a: Whimsicott|Moonblast|p1b: Whimsicott
|-damage|p1b: Whimsicott|56/100
|move|p2b: Kangaskhan|Last Resort|p1a: Sinistcha
|-immune|p1a: Sinistcha
|move|p1a: Sinistcha|Grassy Terrain|p1a: Sinistcha
|-fieldstart|move: Grassy Terrain
|
|-heal|p1b: Whimsicott|62/100|[from] Grassy Terrain
|-heal|p1a: Sinistcha|92/100|[from] Grassy Terrain
|-heal|p1a: Sinistcha|98/100|[from] item: Leftovers
|upkeep
|turn|3
|c|☆R3pulse6|lol
|
|t:|1785909429
|move|p1b: Whimsicott|Tailwind|p1b: Whimsicott
|-sidestart|p1: R3pulse6|move: Tailwind
|move|p1a: Sinistcha|Matcha Gotcha|p2b: Kangaskhan|[spread] p2a,p2b
|-resisted|p2a: Whimsicott|1
|-damage|p2a: Whimsicott|76/100
|-heal|p1a: Sinistcha|100/100|[from] drain|[of] p2a: Whimsicott
|-damage|p2b: Kangaskhan|63/100
|move|p2a: Whimsicott|Moonblast|p1b: Whimsicott
|-damage|p1b: Whimsicott|11/100
|move|p2b: Kangaskhan|Last Resort|p1b: Whimsicott
|-damage|p1b: Whimsicott|0 fnt
|faint|p1b: Whimsicott
|
|-heal|p2a: Whimsicott|82/100|[from] Grassy Terrain
|-heal|p2b: Kangaskhan|69/100|[from] Grassy Terrain
|-end|p2a: Whimsicott|move: Taunt
|upkeep
|
|t:|1785909449
|switch|p1b: Kingambit|Kingambit, L50, M|100/100
|turn|4
|
|t:|1785909473
|switch|p2a: Garchomp|Garchomp, L50, M|100/100
|move|p1a: Sinistcha|Rage Powder|p1a: Sinistcha
|-singleturn|p1a: Sinistcha|move: Rage Powder
|move|p2b: Kangaskhan|Last Resort|p1a: Sinistcha
|-immune|p1a: Sinistcha
|move|p1b: Kingambit|Swords Dance|p1b: Kingambit
|-boost|p1b: Kingambit|atk|2
|
|-heal|p2b: Kangaskhan|75/100|[from] Grassy Terrain
|upkeep
|turn|5
|inactive|R3pulse6 has 30 seconds left.
|
|t:|1785909504
|switch|p2b: Whimsicott|Whimsicott, L50, M|82/100
|move|p2a: Garchomp|Protect|p2a: Garchomp
|-singleturn|p2a: Garchomp|Protect
|move|p1b: Kingambit|Sucker Punch||[still]
|-fail|p1b: Kingambit
|move|p1a: Sinistcha|Scald|p2a: Garchomp
|-activate|p2a: Garchomp|move: Protect
|
|-heal|p2b: Whimsicott|88/100|[from] Grassy Terrain
|upkeep
|turn|6
|inactive|R3pulse6 has 30 seconds left.
|
|t:|1785909533
|move|p2b: Whimsicott|Tailwind|p2b: Whimsicott
|-sidestart|p2: m3ew|move: Tailwind
|move|p1b: Kingambit|Sucker Punch|p2a: Garchomp
|-damage|p2a: Garchomp|0 fnt
|-damage|p1b: Kingambit|87/100|[from] ability: Rough Skin|[of] p2a: Garchomp
|faint|p2a: Garchomp
|-damage|p1b: Kingambit|77/100|[from] item: Life Orb
|move|p1a: Sinistcha|Scald|p2b: Whimsicott
|-resisted|p2b: Whimsicott|1
|-damage|p2b: Whimsicott|68/100
|
|-heal|p2b: Whimsicott|74/100|[from] Grassy Terrain
|-heal|p1b: Kingambit|84/100|[from] Grassy Terrain
|-sideend|p1: R3pulse6|move: Tailwind
|-fieldend|move: Grassy Terrain
|upkeep
|
|t:|1785909548
|switch|p2a: Absol|Absol, L50, F|100/100
|turn|7
|inactive|R3pulse6 has 30 seconds left.
|inactive|R3pulse6 has 20 seconds left.
|
|t:|1785909587
|move|p1a: Sinistcha|Rage Powder|p1a: Sinistcha
|-singleturn|p1a: Sinistcha|move: Rage Powder
|move|p2b: Whimsicott|Moonblast|p1b: Kingambit
|-crit|p1b: Kingambit
|-damage|p1b: Kingambit|36/100
|move|p2a: Absol|Close Combat|p1a: Sinistcha
|-immune|p1a: Sinistcha
|move|p1b: Kingambit|Kowtow Cleave|p2a: Absol
|-resisted|p2a: Absol|1
|-damage|p2a: Absol|0 fnt
|faint|p2a: Absol
|-damage|p1b: Kingambit|27/100|[from] item: Life Orb
|
|upkeep
|
|t:|1785909599
|switch|p2a: Kangaskhan|Kangaskhan, L50, F|75/100
|turn|8
|
|t:|1785909611
|move|p2a: Kangaskhan|Fake Out|p1b: Kingambit
|-resisted|p1b: Kingambit|1
|-damage|p1b: Kingambit|18/100
|move|p1a: Sinistcha|Rage Powder|p1a: Sinistcha
|-singleturn|p1a: Sinistcha|move: Rage Powder
|cant|p1b: Kingambit|flinch
|move|p2b: Whimsicott|Moonblast|p1b: Kingambit
|-damage|p1b: Kingambit|0 fnt
|faint|p1b: Kingambit
|
|upkeep
|
|t:|1785909620
|switch|p1b: Incineroar|Incineroar, L50, M|100/100
|-ability|p1b: Incineroar|Intimidate|boost
|-fail|p2a: Kangaskhan|unboost|Attack|[from] ability: Scrappy|[of] p2a: Kangaskhan
|-unboost|p2b: Whimsicott|atk|1
|turn|9
|
|t:|1785909643
|move|p1b: Incineroar|Fake Out|p2a: Kangaskhan
|-damage|p2a: Kangaskhan|62/100
|move|p2b: Whimsicott|Taunt|p1b: Incineroar
|-hint|Since gen 7, Dark is immune to Prankster moves.
|-immune|p1b: Incineroar
|cant|p2a: Kangaskhan|flinch
|move|p1a: Sinistcha|Matcha Gotcha|p2a: Kangaskhan|[spread] p2a,p2b
|-resisted|p2b: Whimsicott|1
|-damage|p2a: Kangaskhan|35/100
|-damage|p2b: Whimsicott|55/100
|-status|p2a: Kangaskhan|brn
|
|-damage|p2a: Kangaskhan|29/100 brn|[from] brn
|-sideend|p2: m3ew|move: Tailwind
|upkeep
|turn|10
|
|t:|1785909661
|move|p2b: Whimsicott|Moonblast|p1b: Incineroar
|-damage|p1b: Incineroar|73/100
|move|p2a: Kangaskhan|Last Resort|p1a: Sinistcha
|-damage|p1a: Sinistcha|65/100
|move|p1a: Sinistcha|Grassy Terrain|p1a: Sinistcha
|-fieldstart|move: Grassy Terrain
|move|p1b: Incineroar|Flare Blitz|p2b: Whimsicott
|-supereffective|p2b: Whimsicott|1
|-damage|p2b: Whimsicott|0 fnt
|faint|p2b: Whimsicott
|-damage|p1b: Incineroar|61/100|[from] Recoil
|
|-heal|p2a: Kangaskhan|35/100 brn|[from] Grassy Terrain
|-heal|p1a: Sinistcha|71/100|[from] Grassy Terrain
|-heal|p1a: Sinistcha|77/100|[from] item: Leftovers
|-heal|p1b: Incineroar|67/100|[from] Grassy Terrain
|-damage|p2a: Kangaskhan|29/100 brn|[from] brn
|upkeep
|turn|11
|-message|m3ew forfeited.
|
|win|R3pulse6
|l|☆m3ew
|player|p2|
||R3pulse6 is ready for game 2.
|raw|R3pulse6's rating: 1016 → 1052(+36 for winning)
|raw|m3ew's rating: 1000 → 1000(+0 for losing)
