|j|☆ZeGaboVGC
|j|☆NotNiceface
|html|ZeGaboVGCNotNiceface    
|uhtml|bestof|Game 2 of a best-of-3
|t:|1756151112
|gametype|doubles
|player|p1|ZeGaboVGC|benga|1080
|player|p2|NotNiceface|1|1146
|gen|9
|tier|[Gen 9] VGC 2025 Reg H (Bo3)
|rated|
|rule|Species Clause: Limit one of each Pokémon
|rule|Item Clause: Limit 1 of each item
|clearpoke
|poke|p1|Incineroar, L50, M|
|poke|p1|Amoonguss, L50, M|
|poke|p1|Ursaluna-Bloodmoon, L50, M|
|poke|p1|Sneasler, L50, F|
|poke|p1|Gholdengo, L50|
|poke|p1|Dragonite, L50, F|
|poke|p2|Primarina, L50, F|
|poke|p2|Rillaboom, L50, M|
|poke|p2|Sneasler, L50, M|
|poke|p2|Dragapult, L50, M|
|poke|p2|Electabuzz, L50, M|
|poke|p2|Kingambit, L50, M|
|teampreview|4
|showteam|p1|Incineroar||SafetyGoggles|Intimidate|FlareBlitz,KnockOff,PartingShot,FakeOut|||M|||50|,,,,,Ghost]Amoonguss||SitrusBerry|Regenerator|Spore,RagePowder,PollenPuff,Protect|||M|||50|,,,,,Dark]Ursaluna-Bloodmoon||AssaultVest|MindsEye|HyperVoice,BloodMoon,EarthPower,VacuumWave|||M|||50|,,,,,Water]Sneasler||FocusSash|Unburden|CloseCombat,DireClaw,ThroatChop,Protect|||F|||50|,,,,,Stellar]Gholdengo||LifeOrb|GoodasGold|MakeItRain,ShadowBall,NastyPlot,Protect||||||50|,,,,,Water]Dragonite||LoadedDice|Multiscale|ScaleShot,Tailwind,Haze,Protect|||F|||50|,,,,,Fairy
|showteam|p2|Primarina||LifeOrb|LiquidVoice|HyperVoice,Moonblast,Haze,Protect|||F|||50|,,,,,Poison]Rillaboom||AssaultVest|GrassySurge|WoodHammer,GrassyGlide,Uturn,FakeOut|||M|||50|,,,,,Fire]Sneasler||FocusSash|PoisonTouch|DireClaw,CloseCombat,ThroatChop,Protect|||M|||50|,,,,,Stellar]Dragapult||ChoiceBand|ClearBody|DragonDarts,Uturn,PhantomForce,TeraBlast|||M|||50|,,,,,Dragon]Electabuzz||Eviolite|VitalSpirit|FollowMe,Electroweb,Taunt,Protect|||M|||50|,,,,,Dragon]Kingambit||BlackGlasses|Defiant|KowtowCleave,SuckerPunch,SwordsDance,Protect|||M|||50|,,,,,Dark
|inactive|Battle timer is ON: inactive players will automatically lose when time's up. (requested by ZeGaboVGC)
|inactive|NotNiceface has 60 seconds left.
|
|t:|1756151146
|teamsize|p1|4
|teamsize|p2|4
|start
|switch|p1a: Sneasler|Sneasler, L50, F|100/100
|switch|p1b: Amoonguss|Amoonguss, L50, M|100/100
|switch|p2a: Primarina|Primarina, L50, F|100/100
|switch|p2b: Rillaboom|Rillaboom, L50, M|100/100
|-fieldstart|move: Grassy Terrain|[from] ability: Grassy Surge|[of] p2b: Rillaboom
|turn|1
|inactive|NotNiceface has 30 seconds left.
|inactive|NotNiceface has 20 seconds left.
|inactive|NotNiceface has 15 seconds left.
|inactive|NotNiceface has 10 seconds left.
|
|t:|1756151192
|-terastallize|p2a: Primarina|Poison
|move|p1a: Sneasler|Protect|p1a: Sneasler
|-singleturn|p1a: Sneasler|Protect
|move|p2b: Rillaboom|Fake Out|p1a: Sneasler
|-activate|p1a: Sneasler|move: Protect
|move|p2a: Primarina|Hyper Voice|p1b: Amoonguss|[spread] p1b
|-activate|p1a: Sneasler|move: Protect
|-resisted|p1b: Amoonguss
|-damage|p1b: Amoonguss|82/100
|-damage|p2a: Primarina|91/100|[from] item: Life Orb
|move|p1b: Amoonguss|Spore|p2a: Primarina
|-status|p2a: Primarina|slp|[from] move: Spore
|
|-heal|p2a: Primarina|97/100 slp|[from] Grassy Terrain
|-heal|p1b: Amoonguss|88/100|[from] Grassy Terrain
|upkeep
|turn|2
|inactive|ZeGaboVGC has 30 seconds left.
|inactive|NotNiceface has 30 seconds left.
|inactive|ZeGaboVGC has 20 seconds left.
|
|t:|1756151228
|cant|p2a: Primarina|slp
|move|p1a: Sneasler|Throat Chop|p2b: Rillaboom
|-damage|p2b: Rillaboom|74/100
|-start|p2b: Rillaboom|Throat Chop|[silent]
|move|p2b: Rillaboom|U-turn|p1a: Sneasler
|-resisted|p1a: Sneasler
|-damage|p1a: Sneasler|92/100
|
|t:|1756151237
|switch|p2b: Dragapult|Dragapult, L50, M|100/100|[from] U-turn
|move|p1b: Amoonguss|Spore|p2b: Dragapult
|-status|p2b: Dragapult|slp|[from] move: Spore
|
|-heal|p1a: Sneasler|97/100|[from] Grassy Terrain
|-heal|p2a: Primarina|100/100 slp|[from] Grassy Terrain
|-heal|p1b: Amoonguss|94/100|[from] Grassy Terrain
|upkeep
|turn|3
|
|t:|1756151255
|switch|p1b: Gholdengo|Gholdengo, L50|100/100
|cant|p2b: Dragapult|slp
|move|p1a: Sneasler|Throat Chop|p2b: Dragapult
|-supereffective|p2b: Dragapult
|-damage|p2b: Dragapult|6/100 slp
|-start|p2b: Dragapult|Throat Chop|[silent]
|cant|p2a: Primarina|slp
|
|-heal|p2b: Dragapult|12/100 slp|[from] Grassy Terrain
|-heal|p1a: Sneasler|100/100|[from] Grassy Terrain
|upkeep
|turn|4
|inactive|ZeGaboVGC has 30 seconds left.
|
|t:|1756151284
|cant|p2b: Dragapult|slp
|move|p1a: Sneasler|Throat Chop|p2a: Primarina
|-damage|p2a: Primarina|68/100 slp
|-start|p2a: Primarina|Throat Chop|[silent]
|move|p1b: Gholdengo|Make It Rain|p2a: Primarina|[spread] p2a,p2b
|-damage|p2a: Primarina|13/100 slp
|-damage|p2b: Dragapult|0 fnt
|-unboost|p1b: Gholdengo|spa|1
|faint|p2b: Dragapult
|-damage|p1b: Gholdengo|91/100|[from] item: Life Orb
|-curestatus|p2a: Primarina|slp|[msg]
|cant|p2a: Primarina|move: Throat Chop
|
|-heal|p1b: Gholdengo|97/100|[from] Grassy Terrain
|-heal|p2a: Primarina|19/100|[from] Grassy Terrain
|upkeep
|
|t:|1756151297
|switch|p2b: Sneasler|Sneasler, L50, M|100/100
|turn|5
|inactive|ZeGaboVGC has 30 seconds left.
|
|t:|1756151324
|switch|p1b: Amoonguss|Amoonguss, L50, M|100/100
|switch|p2a: Rillaboom|Rillaboom, L50, M|74/100
|move|p2b: Sneasler|Dire Claw|p1a: Sneasler
|-resisted|p1a: Sneasler
|-damage|p1a: Sneasler|62/100
|-status|p1a: Sneasler|slp
|cant|p1a: Sneasler|slp
|
|-heal|p1a: Sneasler|68/100 slp|[from] Grassy Terrain
|-heal|p2a: Rillaboom|80/100|[from] Grassy Terrain
|-fieldend|move: Grassy Terrain
|upkeep
|turn|6
|inactive|NotNiceface has 30 seconds left.
|
|t:|1756151356
|move|p2a: Rillaboom|Fake Out|p1b: Amoonguss
|-damage|p1b: Amoonguss|88/100
|cant|p1a: Sneasler|slp
|move|p2b: Sneasler|Dire Claw|p1b: Amoonguss
|-damage|p1b: Amoonguss|54/100
|cant|p1b: Amoonguss|flinch
|
|upkeep
|turn|7
|inactive|NotNiceface has 30 seconds left.
|
|t:|1756151387
|switch|p1b: Gholdengo|Gholdengo, L50|97/100
|move|p2b: Sneasler|Close Combat|p1a: Sneasler
|-resisted|p1a: Sneasler
|-damage|p1a: Sneasler|17/100 slp
|-unboost|p2b: Sneasler|def|1
|-unboost|p2b: Sneasler|spd|1
|cant|p1a: Sneasler|slp
|move|p2a: Rillaboom|U-turn|p1a: Sneasler
|-resisted|p1a: Sneasler
|-damage|p1a: Sneasler|8/100 slp
|
|t:|1756151397
|switch|p2a: Primarina|Primarina, L50, F, tera:Poison|19/100|[from] U-turn
|
|upkeep
|turn|8
|
|t:|1756151408
|-terastallize|p1b: Gholdengo|Water
|move|p2a: Primarina|Protect|p2a: Primarina
|-singleturn|p2a: Primarina|Protect
|-curestatus|p1a: Sneasler|slp|[msg]
|move|p1a: Sneasler|Dire Claw|p2b: Sneasler
|-resisted|p2b: Sneasler
|-damage|p2b: Sneasler|44/100
|move|p2b: Sneasler|Dire Claw|p1a: Sneasler
|-resisted|p1a: Sneasler
|-damage|p1a: Sneasler|0 fnt
|faint|p1a: Sneasler
|move|p1b: Gholdengo|Make It Rain|p2b: Sneasler|[spread] p2b
|-activate|p2a: Primarina|move: Protect
|-damage|p2b: Sneasler|0 fnt
|-unboost|p1b: Gholdengo|spa|1
|faint|p2b: Sneasler
|-damage|p1b: Gholdengo|88/100|[from] item: Life Orb
|
|upkeep
|
|t:|1756151424
|switch|p2b: Rillaboom|Rillaboom, L50, M|80/100
|switch|p1a: Ursaluna|Ursaluna-Bloodmoon, L50, M|100/100
|-fieldstart|move: Grassy Terrain|[from] ability: Grassy Surge|[of] p2b: Rillaboom
|turn|9
|inactive|NotNiceface has 30 seconds left.
|
|t:|1756151449
|switch|p1a: Amoonguss|Amoonguss, L50, M|87/100
|move|p1b: Gholdengo|Protect|p1b: Gholdengo
|-singleturn|p1b: Gholdengo|Protect
|move|p2b: Rillaboom|Wood Hammer|p1b: Gholdengo
|-activate|p1b: Gholdengo|move: Protect
|move|p2a: Primarina|Hyper Voice|p1a: Amoonguss|[spread] p1a
|-activate|p1b: Gholdengo|move: Protect
|-resisted|p1a: Amoonguss
|-damage|p1a: Amoonguss|71/100
|-damage|p2a: Primarina|10/100|[from] item: Life Orb
|
|-heal|p1b: Gholdengo|94/100|[from] Grassy Terrain
|-heal|p2b: Rillaboom|86/100|[from] Grassy Terrain
|-heal|p2a: Primarina|16/100|[from] Grassy Terrain
|-heal|p1a: Amoonguss|77/100|[from] Grassy Terrain
|upkeep
|turn|10
|inactive|ZeGaboVGC has 30 seconds left.
|
|t:|1756151475
|switch|p1b: Ursaluna|Ursaluna-Bloodmoon, L50, M|100/100
|move|p2b: Rillaboom|Grassy Glide|p1b: Ursaluna
|-supereffective|p1b: Ursaluna
|-damage|p1b: Ursaluna|51/100
|move|p2a: Primarina|Moonblast|p1a: Amoonguss
|-resisted|p1a: Amoonguss
|-damage|p1a: Amoonguss|52/100
|-unboost|p1a: Amoonguss|spa|1
|-damage|p2a: Primarina|7/100|[from] item: Life Orb
|move|p1a: Amoonguss|Spore|p2a: Primarina
|-status|p2a: Primarina|slp|[from] move: Spore
|
|-heal|p2b: Rillaboom|91/100|[from] Grassy Terrain
|-heal|p2a: Primarina|13/100 slp|[from] Grassy Terrain
|-heal|p1b: Ursaluna|57/100|[from] Grassy Terrain
|-heal|p1a: Amoonguss|58/100|[from] Grassy Terrain
|upkeep
|turn|11
|inactive|ZeGaboVGC has 30 seconds left.
|
|t:|1756151508
|cant|p2a: Primarina|slp
|move|p1b: Ursaluna|Vacuum Wave|p2a: Primarina
|-resisted|p2a: Primarina
|-damage|p2a: Primarina|6/100 slp
|move|p2b: Rillaboom|Wood Hammer|p1b: Ursaluna
|-supereffective|p1b: Ursaluna
|-damage|p1b: Ursaluna|0 fnt
|faint|p1b: Ursaluna
|-damage|p2b: Rillaboom|72/100|[from] Recoil
|move|p1a: Amoonguss|Pollen Puff|p2b: Rillaboom
|-supereffective|p2b: Rillaboom
|-damage|p2b: Rillaboom|56/100
|
|-heal|p2b: Rillaboom|62/100|[from] Grassy Terrain
|-heal|p2a: Primarina|12/100 slp|[from] Grassy Terrain
|-heal|p1a: Amoonguss|64/100|[from] Grassy Terrain
|upkeep
|
|t:|1756151510
|switch|p1b: Gholdengo|Gholdengo, L50, tera:Water|94/100
|turn|12
|
|t:|1756151532
|-curestatus|p2a: Primarina|slp|[msg]
|move|p2a: Primarina|Protect|p2a: Primarina
|-singleturn|p2a: Primarina|Protect
|move|p1b: Gholdengo|Make It Rain|p2a: Primarina|[spread] p2b
|-activate|p2a: Primarina|move: Protect
|-damage|p2b: Rillaboom|18/100
|-unboost|p1b: Gholdengo|spa|1
|-damage|p1b: Gholdengo|84/100|[from] item: Life Orb
|move|p2b: Rillaboom|Wood Hammer|p1b: Gholdengo
|-supereffective|p1b: Gholdengo
|-damage|p1b: Gholdengo|0 fnt
|faint|p1b: Gholdengo
|-damage|p2b: Rillaboom|0 fnt|[from] Recoil
|faint|p2b: Rillaboom
|move|p1a: Amoonguss|Pollen Puff|p2a: Primarina
|-activate|p2a: Primarina|move: Protect
|
|-heal|p2a: Primarina|18/100|[from] Grassy Terrain
|-heal|p1a: Amoonguss|70/100|[from] Grassy Terrain
|upkeep
|turn|13
|inactive|NotNiceface has 30 seconds left.
|
|t:|1756151557
|move|p2a: Primarina|Moonblast|p1a: Amoonguss
|-resisted|p1a: Amoonguss
|-damage|p1a: Amoonguss|46/100
|-enditem|p1a: Amoonguss|Sitrus Berry|[eat]
|-heal|p1a: Amoonguss|71/100|[from] item: Sitrus Berry
|-damage|p2a: Primarina|9/100|[from] item: Life Orb
|move|p1a: Amoonguss|Spore|p2a: Primarina
|-status|p2a: Primarina|slp|[from] move: Spore
|
|-heal|p2a: Primarina|15/100 slp|[from] Grassy Terrain
|-heal|p1a: Amoonguss|77/100|[from] Grassy Terrain
|-fieldend|move: Grassy Terrain
|upkeep
|turn|14
|
|t:|1756151566
|cant|p2a: Primarina|slp
|move|p1a: Amoonguss|Pollen Puff|p2a: Primarina
|-resisted|p2a: Primarina
|-damage|p2a: Primarina|9/100 slp
|
|upkeep
|turn|15
|
|t:|1756151572
|-curestatus|p2a: Primarina|slp|[msg]
|move|p2a: Primarina|Protect|p2a: Primarina
|-singleturn|p2a: Primarina|Protect
|move|p1a: Amoonguss|Pollen Puff|p2a: Primarina
|-activate|p2a: Primarina|move: Protect
|
|upkeep
|turn|16
|
|t:|1756151576
|move|p2a: Primarina|Moonblast|p1a: Amoonguss
|-resisted|p1a: Amoonguss
|-damage|p1a: Amoonguss|54/100
|-unboost|p1a: Amoonguss|spa|1
|-damage|p2a: Primarina|0 fnt|[from] item: Life Orb
|faint|p2a: Primarina
|
|win|ZeGaboVGC
|raw|ZeGaboVGC's rating: 1080 → 1113(+33 for winning)
|raw|NotNiceface's rating: 1146 → 1116(-30 for losing)
|l|☆NotNiceface
|player|p2|
