|j|☆WASHINGTONGARGACHA
|j|☆Lacossg
|html|WASHINGTONGARGACHALacossg    
|uhtml|bestof|Game 1 of a best-of-3
|t:|1756466162
|gametype|doubles
|player|p1|WASHINGTONGARGACHA|265|1153
|player|p2|Lacossg|265|1264
|gen|9
|tier|[Gen 9] VGC 2025 Reg H (Bo3)
|rated|
|rule|Species Clause: Limit one of each Pokémon
|rule|Item Clause: Limit 1 of each item
|clearpoke
|poke|p1|Gholdengo, L50|
|poke|p1|Ursaluna, L50, F|
|poke|p1|Archaludon, L50, M|
|poke|p1|Murkrow, L50, M|
|poke|p1|Farigiraf, L50, M|
|poke|p1|Palafin, L50, M|
|poke|p2|Ninetales, L50, F|
|poke|p2|Salamence, L50, M|
|poke|p2|Volcarona, L50, M|
|poke|p2|Rillaboom, L50, F|
|poke|p2|Basculegion, L50, M|
|poke|p2|Flamigo, L50, M|
|teampreview|4
|showteam|p1|Gholdengo||SitrusBerry|GoodasGold|ShadowBall,MakeItRain,NastyPlot,Protect||||||50|,,,,,Water]Ursaluna||FlameOrb|Guts|Facade,Earthquake,Protect,HeadlongRush|||F|||50|,,,,,Ghost]Archaludon||PowerHerb|Stamina|ElectroShot,FlashCannon,DracoMeteor,Protect|||M|||50|,,,,,Grass]Murkrow||Eviolite|Prankster|Tailwind,RainDance,FoulPlay,Haze|||M|||50|,,,,,Dark]Farigiraf||ThroatSpray|ArmorTail|HyperVoice,TrickRoom,Psychic,Protect|||M|||50|,,,,,Fairy]Palafin||MysticWater|ZerotoHero|FlipTurn,Protect,JetPunch,WaveCrash|||M|||50|,,,,,Water
|showteam|p2|Ninetales||CovertCloak|Drought|Encore,Disable,Overheat,Extrasensory|||F|||50|,,,,,Dark]Salamence||SafetyGoggles|Intimidate|DragonClaw,TemperFlare,Tailwind,Protect|||M|||50|,,,,,Fire]Volcarona||Leftovers|FlameBody|QuiverDance,FieryDance,TeraBlast,Protect|||M|||50|,,,,,Fairy]Rillaboom||MiracleSeed|GrassySurge|GrassyGlide,WoodHammer,HighHorsepower,FakeOut|||F|||50|,,,,,Grass]Basculegion||ChoiceScarf|Adaptability|WaveCrash,LastRespects,FlipTurn,AquaJet|||M|||50|,,,,,Water]Flamigo||FocusSash|Scrappy|CloseCombat,DualWingbeat,Protect,WideGuard|||M|||50|,,,,,Fighting
|
|t:|1756466196
|teamsize|p1|4
|teamsize|p2|4
|start
|switch|p1a: Murkrow|Murkrow, L50, M|100/100
|switch|p1b: Palafin|Palafin, L50, M|100/100
|switch|p2a: Flamigo|Flamigo, L50, M|100/100
|switch|p2b: Basculegion|Basculegion, L50, M|100/100
|turn|1
|
|t:|1756466223
|move|p2b: Basculegion|Flip Turn|p1a: Murkrow
|-damage|p1a: Murkrow|51/100
|
|t:|1756466227
|switch|p2b: Salamence|Salamence, L50, M|100/100|[from] Flip Turn
|-ability|p2b: Salamence|Intimidate|boost
|-unboost|p1a: Murkrow|atk|1
|-unboost|p1b: Palafin|atk|1
|move|p1b: Palafin|Flip Turn|p2b: Salamence
|-resisted|p2b: Salamence
|-damage|p2b: Salamence|90/100
|
|t:|1756466239
|detailschange|p1b: Palafin|Palafin-Hero, L50, M
|switch|p1b: Ursaluna|Ursaluna, L50, F|100/100|[from] Flip Turn
|move|p2a: Flamigo|Close Combat|p1b: Ursaluna
|-supereffective|p1b: Ursaluna
|-damage|p1b: Ursaluna|8/100
|-unboost|p2a: Flamigo|def|1
|-unboost|p2a: Flamigo|spd|1
|move|p1a: Murkrow|Foul Play|p2b: Salamence
|-damage|p2b: Salamence|39/100
|
|-status|p1b: Ursaluna|brn|[from] item: Flame Orb
|upkeep
|turn|2
|
|t:|1756466260
|switch|p1b: Archaludon|Archaludon, L50, M|100/100
|move|p1a: Murkrow|Tailwind|p1a: Murkrow
|-sidestart|p1: WASHINGTONGARGACHA|move: Tailwind
|move|p2b: Salamence|Tailwind|p2b: Salamence
|-sidestart|p2: Lacossg|move: Tailwind
|move|p2a: Flamigo|Close Combat|p1a: Murkrow
|-damage|p1a: Murkrow|0 fnt
|-unboost|p2a: Flamigo|def|1
|-unboost|p2a: Flamigo|spd|1
|faint|p1a: Murkrow
|
|upkeep
|
|t:|1756466272
|switch|p1a: Palafin|Palafin-Hero, L50, M|100/100
|-activate|p1a: Palafin|ability: Zero to Hero
|turn|3
|
|t:|1756466291
|-terastallize|p1b: Archaludon|Grass
|move|p1a: Palafin|Jet Punch|p2b: Salamence
|-resisted|p2b: Salamence
|-crit|p2b: Salamence
|-damage|p2b: Salamence|3/100
|move|p2b: Salamence|Dragon Claw|p1a: Palafin
|-damage|p1a: Palafin|62/100
|move|p1b: Archaludon|Flash Cannon|p2a: Flamigo
|-enditem|p2a: Flamigo|Focus Sash
|-damage|p2a: Flamigo|1/100
|-unboost|p2a: Flamigo|spd|1
|move|p2a: Flamigo|Close Combat|p1a: Palafin
|-damage|p1a: Palafin|0 fnt
|-unboost|p2a: Flamigo|def|1
|-unboost|p2a: Flamigo|spd|1
|faint|p1a: Palafin
|
|upkeep
|
|t:|1756466307
|switch|p1a: Ursaluna|Ursaluna, L50, F|8/100 brn
|turn|4
|
|t:|1756466321
|move|p2a: Flamigo|Protect|p2a: Flamigo
|-singleturn|p2a: Flamigo|Protect
|move|p2b: Salamence|Temper Flare|p1b: Archaludon
|-supereffective|p1b: Archaludon
|-damage|p1b: Archaludon|60/100
|-ability|p1b: Archaludon|Stamina|boost
|-boost|p1b: Archaludon|def|1
|move|p1b: Archaludon|Flash Cannon|p2a: Flamigo
|-activate|p2a: Flamigo|move: Protect
|move|p1a: Ursaluna|Facade|p2b: Salamence
|-damage|p2b: Salamence|0 fnt
|faint|p2b: Salamence
|
|-damage|p1a: Ursaluna|1/100 brn|[from] brn
|upkeep
|
|t:|1756466343
|switch|p2b: Rillaboom|Rillaboom, L50, F|100/100
|-fieldstart|move: Grassy Terrain|[from] ability: Grassy Surge|[of] p2b: Rillaboom
|turn|5
|
|t:|1756466359
|move|p1b: Archaludon|Protect|p1b: Archaludon
|-singleturn|p1b: Archaludon|Protect
|move|p2b: Rillaboom|Grassy Glide|p1a: Ursaluna
|-supereffective|p1a: Ursaluna
|-damage|p1a: Ursaluna|0 fnt
|faint|p1a: Ursaluna
|move|p2a: Flamigo|Close Combat|p1b: Archaludon
|-activate|p1b: Archaludon|move: Protect
|
|-heal|p1b: Archaludon|67/100|[from] Grassy Terrain
|-sideend|p2: Lacossg|move: Tailwind
|-sideend|p1: WASHINGTONGARGACHA|move: Tailwind
|upkeep
|turn|6
|
|t:|1756466373
|-terastallize|p2b: Rillaboom|Grass
|move|p2b: Rillaboom|Wood Hammer|p1b: Archaludon
|-resisted|p1b: Archaludon
|-damage|p1b: Archaludon|31/100
|-ability|p1b: Archaludon|Stamina|boost
|-boost|p1b: Archaludon|def|1
|-damage|p2b: Rillaboom|90/100|[from] Recoil
|move|p1b: Archaludon|Flash Cannon|p2a: Flamigo
|-crit|p2a: Flamigo
|-damage|p2a: Flamigo|0 fnt
|faint|p2a: Flamigo
|
|-heal|p2b: Rillaboom|96/100|[from] Grassy Terrain
|-heal|p1b: Archaludon|37/100|[from] Grassy Terrain
|upkeep
|
|t:|1756466382
|switch|p2a: Basculegion|Basculegion, L50, M|100/100
|turn|7
|
|t:|1756466387
|move|p2a: Basculegion|Last Respects|p1b: Archaludon
|-damage|p1b: Archaludon|0 fnt
|faint|p1b: Archaludon
|
|win|Lacossg
