|j|☆lilfishsticks
|j|☆AemBigChilling
|html|lilfishsticksAemBigChilling    
|uhtml|bestof|Game 2 of a best-of-3
|t:|1757149936
|gametype|doubles
|player|p1|lilfishsticks|roxie|
|player|p2|AemBigChilling|lass-gen4|
|gen|9
|tier|[Gen 9] VGC 2025 Reg H (Bo3)
|rule|Species Clause: Limit one of each Pokémon
|rule|Item Clause: Limit 1 of each item
|clearpoke
|poke|p1|Hatterene, L50, F|
|poke|p1|Indeedee-F, L50, F|
|poke|p1|Torkoal, L50, M|
|poke|p1|Ursaluna, L50, F|
|poke|p1|Maushold, L50|
|poke|p1|Armarouge, L50, F|
|poke|p2|Charizard, L50, F|
|poke|p2|Torkoal, L50, F|
|poke|p2|Porygon2, L50|
|poke|p2|Incineroar, L50, F|
|poke|p2|Jumpluff, L50, M|
|poke|p2|Ursaluna, L50, M|
|teampreview|4
|showteam|p1|Hatterene||LifeOrb|MagicBounce|ExpandingForce,DazzlingGleam,Protect,TrickRoom|||F|||50|,,,,,Psychic]Indeedee-F||RockyHelmet|PsychicSurge|Psychic,FollowMe,HelpingHand,TrickRoom|||F|||50|,,,,,Grass]Torkoal||ChoiceSpecs|Drought|Eruption,HeatWave,EarthPower,WeatherBall|||M|||50|,,,,,Fire]Ursaluna||FlameOrb|Guts|Facade,Earthquake,HeadlongRush,Protect|||F|||50|,,,,,Ghost]Maushold||WideLens|Technician|PopulationBomb,FollowMe,Taunt,SunnyDay||||||50|,,,,,Poison]Armarouge||PowerHerb|FlashFire|ArmorCannon,ExpandingForce,MeteorBeam,TrickRoom|||F|||50|,,,,,Grass
|showteam|p2|Charizard||ChoiceSpecs|SolarPower|HeatWave,Overheat,WeatherBall,DragonPulse|||F|||50|,,,,,Ghost]Torkoal||EjectPack|Drought|Eruption,Overheat,HelpingHand,Protect|||F|||50|,,,,,Fire]Porygon2||Eviolite|Download|IceBeam,TeraBlast,TrickRoom,Recover||||||50|,,,,,Fighting]Incineroar||SitrusBerry|Intimidate|FlareBlitz,KnockOff,FakeOut,PartingShot|||F|||50|,,,,,Ghost]Jumpluff||CovertCloak|Chlorophyll|SleepPowder,SunnyDay,RagePowder,Tailwind|||M|||50|,,,,,Water]Ursaluna||FlameOrb|Guts|HeadlongRush,Facade,Earthquake,Protect|||M|||50|,,,,,Ghost
|inactive|Battle timer is ON: inactive players will automatically lose when time's up. (requested by lilfishsticks)
|inactive|lilfishsticks has 60 seconds left.
|
|t:|1757150322
|teamsize|p1|4
|teamsize|p2|4
|start
|switch|p1a: Indeedee|Indeedee-F, L50, F|100/100
|switch|p1b: Armarouge|Armarouge, L50, F|100/100
|switch|p2a: Ursaluna|Ursaluna, L50, M|100/100
|switch|p2b: Charizard|Charizard, L50, F|100/100
|-fieldstart|move: Psychic Terrain|[from] ability: Psychic Surge|[of] p1a: Indeedee
|turn|1
|inactive|AemBigChilling has 30 seconds left.
|inactive|lilfishsticks has 30 seconds left.
|inactive|AemBigChilling has 20 seconds left.
|inactive|lilfishsticks has 20 seconds left.
|inactive|AemBigChilling has 15 seconds left.
|inactive|lilfishsticks has 15 seconds left.
|inactive|lilfishsticks has 10 seconds left.
|inactive|AemBigChilling has 10 seconds left.
|inactive|lilfishsticks has 5 seconds left.
|
|t:|1757150380
|-terastallize|p1b: Armarouge|Grass
|move|p1a: Indeedee|Follow Me|p1a: Indeedee
|-singleturn|p1a: Indeedee|move: Follow Me
|move|p2b: Charizard|Dragon Pulse|p1a: Indeedee
|-damage|p1a: Indeedee|66/100
|move|p2a: Ursaluna|Facade|p1a: Indeedee
|-damage|p1a: Indeedee|26/100
|-damage|p2a: Ursaluna|84/100|[from] item: Rocky Helmet|[of] p1a: Indeedee
|move|p1b: Armarouge|Trick Room|p1b: Armarouge
|-fieldstart|move: Trick Room|[of] p1b: Armarouge
|
|-status|p2a: Ursaluna|brn|[from] item: Flame Orb
|upkeep
|turn|2
|inactive|lilfishsticks has 30 seconds left.
|inactive|AemBigChilling has 30 seconds left.
|inactive|AemBigChilling has 20 seconds left.
|inactive|AemBigChilling has 15 seconds left.
|inactive|AemBigChilling has 10 seconds left.
|
|t:|1757150433
|move|p1a: Indeedee|Follow Me|p1a: Indeedee
|-singleturn|p1a: Indeedee|move: Follow Me
|move|p1b: Armarouge|Meteor Beam||[still]
|-prepare|p1b: Armarouge|Meteor Beam
|-boost|p1b: Armarouge|spa|1
|-enditem|p1b: Armarouge|Power Herb
|-anim|p1b: Armarouge|Meteor Beam|p2b: Charizard
|-supereffective|p2b: Charizard
|-damage|p2b: Charizard|0 fnt
|faint|p2b: Charizard
|move|p2a: Ursaluna|Earthquake|p1a: Indeedee|[spread] p1a,p1b
|-resisted|p1b: Armarouge
|-damage|p1a: Indeedee|0 fnt
|-damage|p1b: Armarouge|70/100
|faint|p1a: Indeedee
|
|-damage|p2a: Ursaluna|78/100 brn|[from] brn
|upkeep
|inactive|lilfishsticks has 30 seconds left.
|
|t:|1757150460
|switch|p1a: Torkoal|Torkoal, L50, M|100/100
|switch|p2b: Torkoal|Torkoal, L50, F|100/100
|-weather|SunnyDay|[from] ability: Drought|[of] p1a: Torkoal
|turn|3
|inactive|AemBigChilling has 30 seconds left.
|inactive|lilfishsticks has 30 seconds left.
|inactive|lilfishsticks has 20 seconds left.
|inactive|lilfishsticks has 15 seconds left.
|
|t:|1757150521
|-terastallize|p2b: Torkoal|Fire
|move|p2a: Ursaluna|Protect|p2a: Ursaluna
|-singleturn|p2a: Ursaluna|Protect
|move|p1a: Torkoal|Eruption|p2a: Ursaluna|[spread] p2b
|-activate|p2a: Ursaluna|move: Protect
|-resisted|p2b: Torkoal
|-damage|p2b: Torkoal|26/100
|move|p2b: Torkoal|Overheat|p1a: Torkoal
|-resisted|p1a: Torkoal
|-damage|p1a: Torkoal|23/100
|-unboost|p2b: Torkoal|spa|2
|-enditem|p2b: Torkoal|Eject Pack
|
|t:|1757150534
|switch|p2b: Incineroar|Incineroar, L50, F|100/100
|-ability|p2b: Incineroar|Intimidate|boost
|-unboost|p1a: Torkoal|atk|1
|-unboost|p1b: Armarouge|atk|1
|move|p1b: Armarouge|Expanding Force|p2a: Ursaluna|[spread] 
|-activate|p2a: Ursaluna|move: Protect
|-immune|p2b: Incineroar
|
|-weather|SunnyDay|[upkeep]
|-damage|p2a: Ursaluna|72/100 brn|[from] brn
|upkeep
|turn|4
|
|t:|1757150555
|switch|p1a: Hatterene|Hatterene, L50, F|100/100
|switch|p2a: Torkoal|Torkoal, L50, F, tera:Fire|26/100
|move|p1b: Armarouge|Expanding Force|p2b: Incineroar|[spread] p2a
|-immune|p2b: Incineroar
|-damage|p2a: Torkoal|0 fnt
|faint|p2a: Torkoal
|move|p2b: Incineroar|Parting Shot|p1b: Armarouge
|-unboost|p1b: Armarouge|atk|1
|-unboost|p1b: Armarouge|spa|1
|
|t:|1757150566
|switch|p2b: Ursaluna|Ursaluna, L50, M|72/100 brn|[from] Parting Shot
|
|-weather|SunnyDay|[upkeep]
|-damage|p2b: Ursaluna|66/100 brn|[from] brn
|upkeep
|
|t:|1757150567
|switch|p2a: Incineroar|Incineroar, L50, F|100/100
|-ability|p2a: Incineroar|Intimidate|boost
|-unboost|p1a: Hatterene|atk|1
|-unboost|p1b: Armarouge|atk|1
|turn|5
|inactive|lilfishsticks has 30 seconds left.
|inactive|AemBigChilling has 30 seconds left.
|inactive|lilfishsticks has 20 seconds left.
|inactive|AemBigChilling has 20 seconds left.
|inactive|lilfishsticks has 15 seconds left.
|inactive|lilfishsticks has 10 seconds left.
|inactive|lilfishsticks has 5 seconds left.
|
|t:|1757150622
|move|p2b: Ursaluna|Protect|p2b: Ursaluna
|-singleturn|p2b: Ursaluna|Protect
|move|p1a: Hatterene|Dazzling Gleam|p2b: Ursaluna|[spread] p2a
|-activate|p2b: Ursaluna|move: Protect
|-damage|p2a: Incineroar|57/100
|-damage|p1a: Hatterene|91/100|[from] item: Life Orb
|move|p1b: Armarouge|Armor Cannon|p2a: Incineroar
|-resisted|p2a: Incineroar
|-damage|p2a: Incineroar|11/100
|-unboost|p1b: Armarouge|def|1
|-unboost|p1b: Armarouge|spd|1
|-enditem|p2a: Incineroar|Sitrus Berry|[eat]
|-heal|p2a: Incineroar|36/100|[from] item: Sitrus Berry
|move|p2a: Incineroar|Knock Off|p1a: Hatterene
|-damage|p1a: Hatterene|46/100
|-enditem|p1a: Hatterene|Life Orb|[from] move: Knock Off|[of] p2a: Incineroar
|
|-weather|SunnyDay|[upkeep]
|-damage|p2b: Ursaluna|61/100 brn|[from] brn
|-fieldend|move: Trick Room
|-fieldend|move: Psychic Terrain
|upkeep
|turn|6
|inactive|AemBigChilling has 30 seconds left.
|inactive|lilfishsticks has 30 seconds left.
|
|t:|1757150661
|switch|p1b: Torkoal|Torkoal, L50, M|23/100
|move|p1a: Hatterene|Protect|p1a: Hatterene
|-singleturn|p1a: Hatterene|Protect
|move|p2a: Incineroar|Flare Blitz|p1a: Hatterene
|-activate|p1a: Hatterene|move: Protect
|move|p2b: Ursaluna|Facade|p1b: Torkoal
|-damage|p1b: Torkoal|0 fnt
|faint|p1b: Torkoal
|
|-weather|SunnyDay|[upkeep]
|-damage|p2b: Ursaluna|55/100 brn|[from] brn
|upkeep
|
|t:|1757150663
|switch|p1b: Armarouge|Armarouge, L50, F, tera:Grass|70/100
|turn|7
|
|t:|1757150682
|move|p2a: Incineroar|Flare Blitz|p1a: Hatterene
|-damage|p1a: Hatterene|0 fnt
|faint|p1a: Hatterene
|-damage|p2a: Incineroar|23/100|[from] Recoil
|move|p2b: Ursaluna|Facade|p1b: Armarouge
|-damage|p1b: Armarouge|0 fnt
|faint|p1b: Armarouge
|
|win|AemBigChilling
