|j|☆KPR21
|j|☆raksbach
|html|KPR21raksbach    
|uhtml|bestof|Game 1 of a best-of-3
|t:|1783954403
|gametype|doubles
|player|p1|KPR21|marshal|1280
|player|p2|raksbach|102|1244
|gen|9
|tier|[Gen 9 Champions] VGC 2026 Reg M-B (Bo3)
|rated|
|rule|Species Clause: Limit one of each Pokémon
|rule|Item Clause: Limit 1 of each item
|clearpoke
|poke|p1|Tyranitar, L50, M|
|poke|p1|Excadrill, L50, F, shiny|
|poke|p1|Houndstone, L50, M|
|poke|p1|Corviknight, L50, M|
|poke|p1|Rotom-Wash, L50, shiny|
|poke|p1|Hydreigon, L50, M|
|poke|p2|Incineroar, L50, M|
|poke|p2|Maushold, L50|
|poke|p2|Sinistcha, L50|
|poke|p2|Sneasler, L50, M|
|poke|p2|Blastoise, L50, F|
|poke|p2|Delphox, L50, M|
|teampreview|4
|showteam|p1|Tyranitar||Tyranitarite|SandStream|Protect,KnockOff,RockSlide,LowKick|Adamant||M|||50|]Excadrill||FocusSash|SandRush|Protect,Earthquake,IronHead,BrickBreak|Adamant||F|||50|]Houndstone||ColburBerry|SandRush|Protect,Disable,WillOWisp,LastRespects|Jolly||M|||50|]Corviknight||Leftovers|MirrorArmor|Protect,Tailwind,IronHead,BraveBird|Adamant||M|||50|]Rotom-Wash||SitrusBerry|Levitate|Electroweb,HydroPump,Thunderbolt,WillOWisp|Modest|||||50|]Hydreigon||ChoiceScarf|Levitate|Snarl,DragonPulse,DarkPulse,HeatWave|Timid||M|||50|
|showteam|p2|Incineroar||SitrusBerry|Intimidate|FakeOut,FlareBlitz,DarkestLariat,PartingShot|Impish||M|||50|]Maushold||ChopleBerry|FriendGuard|SuperFang,FollowMe,Protect,Feint|Impish|||||50|]Sinistcha||OccaBerry|Hospitality|MatchaGotcha,LifeDew,RagePowder,Protect|Bold|||||50|]Sneasler||FocusSash|PoisonTouch|FakeOut,CloseCombat,DireClaw,QuickGuard|Jolly||M|||50|]Blastoise||Blastoisinite|Torrent|WaterSpout,DarkPulse,ShellSmash,Protect|Modest||F|||50|]Delphox||Delphoxite|Blaze|HeatWave,Psychic,NastyPlot,Protect|Timid||M|||50|
|inactive|Battle timer is ON: inactive players will automatically lose when time's up. (requested by raksbach)
|
|t:|1783954431
|teamsize|p1|4
|teamsize|p2|4
|start
|switch|p1a: Tyranitar|Tyranitar, L50, M|100/100
|switch|p1b: Excadrill|Excadrill, L50, F, shiny|100/100
|switch|p2a: Sneasler|Sneasler, L50, M|100/100
|switch|p2b: Incineroar|Incineroar, L50, M|100/100
|-weather|Sandstorm|[from] ability: Sand Stream|[of] p1a: Tyranitar
|-ability|p2b: Incineroar|Intimidate|boost
|-unboost|p1a: Tyranitar|atk|1
|-unboost|p1b: Excadrill|atk|1
|turn|1
|
|t:|1783954452
|move|p1b: Excadrill|Protect|p1b: Excadrill
|-singleturn|p1b: Excadrill|Protect
|move|p1a: Tyranitar|Protect|p1a: Tyranitar
|-singleturn|p1a: Tyranitar|Protect
|move|p2b: Incineroar|Fake Out|p1b: Excadrill
|-activate|p1b: Excadrill|move: Protect
|move|p2a: Sneasler|Close Combat|p1b: Excadrill
|-activate|p1b: Excadrill|move: Protect
|
|-weather|Sandstorm|[upkeep]
|-damage|p2a: Sneasler|94/100|[from] Sandstorm
|-damage|p2b: Incineroar|94/100|[from] Sandstorm
|upkeep
|turn|2
|inactive|KPR21 has 30 seconds left.
|inactive|KPR21 has 20 seconds left.
|
|t:|1783954491
|switch|p2a: Sinistcha|Sinistcha, L50|100/100
|-heal|p2b: Incineroar|100/100|[from] ability: Hospitality|[of] p2a: Sinistcha
|switch|p1a: Corviknight|Corviknight, L50, M|100/100
|move|p1b: Excadrill|Earthquake|p2b: Incineroar|[spread] p2a,p2b
|-immune|p1a: Corviknight
|-resisted|p2a: Sinistcha|1
|-supereffective|p2b: Incineroar|1
|-damage|p2a: Sinistcha|88/100
|-damage|p2b: Incineroar|57/100
|move|p2b: Incineroar|Parting Shot|p1b: Excadrill
|-unboost|p1b: Excadrill|atk|1
|-unboost|p1b: Excadrill|spa|1
|
|t:|1783954506
|switch|p2b: Sneasler|Sneasler, L50, M|94/100|[from] Parting Shot
|
|-weather|Sandstorm|[upkeep]
|-damage|p2b: Sneasler|88/100|[from] Sandstorm
|-damage|p2a: Sinistcha|82/100|[from] Sandstorm
|upkeep
|turn|3
|
|t:|1783954525
|switch|p1b: Houndstone|Houndstone, L50, M|100/100
|move|p1a: Corviknight|Protect|p1a: Corviknight
|-singleturn|p1a: Corviknight|Protect
|move|p2b: Sneasler|Fake Out|p1a: Corviknight
|-activate|p1a: Corviknight|move: Protect
|move|p2a: Sinistcha|Matcha Gotcha|p1b: Houndstone|[spread] p1b
|-activate|p1a: Corviknight|move: Protect
|-damage|p1b: Houndstone|74/100
|-heal|p2a: Sinistcha|94/100|[from] drain|[of] p1b: Houndstone
|
|-weather|Sandstorm|[upkeep]
|-damage|p2b: Sneasler|82/100|[from] Sandstorm
|-damage|p2a: Sinistcha|88/100|[from] Sandstorm
|upkeep
|turn|4
|
|t:|1783954549
|move|p2a: Sinistcha|Protect|p2a: Sinistcha
|-singleturn|p2a: Sinistcha|Protect
|move|p1b: Houndstone|Will-O-Wisp|p2b: Sneasler
|-status|p2b: Sneasler|brn
|move|p2b: Sneasler|Close Combat|p1a: Corviknight
|-damage|p1a: Corviknight|73/100
|-unboost|p2b: Sneasler|def|1
|-unboost|p2b: Sneasler|spd|1
|move|p1a: Corviknight|Brave Bird|p2a: Sinistcha
|-activate|p2a: Sinistcha|move: Protect
|
|-weather|Sandstorm|[upkeep]
|-damage|p2b: Sneasler|76/100 brn|[from] Sandstorm
|-damage|p2a: Sinistcha|82/100|[from] Sandstorm
|-heal|p1a: Corviknight|79/100|[from] item: Leftovers
|-damage|p2b: Sneasler|70/100 brn|[from] brn
|upkeep
|turn|5
|inactive|KPR21 has 30 seconds left.
|
|t:|1783954575
|switch|p2b: Blastoise|Blastoise, L50, F|100/100
|move|p1b: Houndstone|Last Respects|p2a: Sinistcha
|-supereffective|p2a: Sinistcha|1
|-damage|p2a: Sinistcha|47/100
|move|p2a: Sinistcha|Life Dew||[still]|[spread] p2a,p2b
|-heal|p2a: Sinistcha|73/100
|-fail|p2b: Blastoise|heal
|move|p1a: Corviknight|Tailwind|p1a: Corviknight
|-sidestart|p1: KPR21|move: Tailwind
|
|-weather|none
|-heal|p1a: Corviknight|84/100|[from] item: Leftovers
|upkeep
|turn|6
|inactive|KPR21 has 30 seconds left.
|
|t:|1783954604
|detailschange|p2b: Blastoise|Blastoise-Mega, L50, F
|-mega|p2b: Blastoise|Blastoise|Blastoisinite
|move|p2a: Sinistcha|Rage Powder|p2a: Sinistcha
|-singleturn|p2a: Sinistcha|move: Rage Powder
|move|p1b: Houndstone|Last Respects|p2a: Sinistcha
|-supereffective|p2a: Sinistcha|1
|-damage|p2a: Sinistcha|42/100
|move|p1a: Corviknight|Tailwind||[still]
|-fail|p1a: Corviknight
|move|p2b: Blastoise|Shell Smash|p2b: Blastoise
|-unboost|p2b: Blastoise|def|1
|-unboost|p2b: Blastoise|spd|1
|-boost|p2b: Blastoise|atk|2
|-boost|p2b: Blastoise|spa|2
|-boost|p2b: Blastoise|spe|2
|
|-heal|p1a: Corviknight|90/100|[from] item: Leftovers
|upkeep
|turn|7
|
|t:|1783954626
|move|p1b: Houndstone|Protect|p1b: Houndstone
|-singleturn|p1b: Houndstone|Protect
|move|p1a: Corviknight|Protect|p1a: Corviknight
|-singleturn|p1a: Corviknight|Protect
|move|p2a: Sinistcha|Rage Powder|p2a: Sinistcha
|-singleturn|p2a: Sinistcha|move: Rage Powder
|move|p2b: Blastoise|Water Spout|p1a: Corviknight|[spread] 
|-activate|p1a: Corviknight|move: Protect
|-activate|p1b: Houndstone|move: Protect
|
|-heal|p1a: Corviknight|96/100|[from] item: Leftovers
|upkeep
|turn|8
|inactive|KPR21 has 30 seconds left.
|
|t:|1783954654
|switch|p1b: Excadrill|Excadrill, L50, F, shiny|100/100
|move|p2b: Blastoise|Protect|p2b: Blastoise
|-singleturn|p2b: Blastoise|Protect
|move|p2a: Sinistcha|Protect|p2a: Sinistcha
|-singleturn|p2a: Sinistcha|Protect
|move|p1a: Corviknight|Brave Bird|p2a: Sinistcha
|-activate|p2a: Sinistcha|move: Protect
|
|-heal|p1a: Corviknight|100/100|[from] item: Leftovers
|-sideend|p1: KPR21|move: Tailwind
|upkeep
|turn|9
|
|t:|1783954674
|move|p2b: Blastoise|Water Spout|p1b: Excadrill|[spread] p1a,p1b
|-supereffective|p1b: Excadrill|1
|-crit|p1b: Excadrill
|-damage|p1a: Corviknight|0 fnt
|-enditem|p1b: Excadrill|Focus Sash
|-damage|p1b: Excadrill|1/100
|faint|p1a: Corviknight
|move|p1b: Excadrill|Earthquake|p2b: Blastoise|[spread] p2a,p2b
|-resisted|p2a: Sinistcha|1
|-damage|p2a: Sinistcha|24/100
|-damage|p2b: Blastoise|36/100
|move|p2a: Sinistcha|Matcha Gotcha|p1b: Excadrill
|-damage|p1b: Excadrill|0 fnt
|-heal|p2a: Sinistcha|25/100|[from] drain|[of] p1b: Excadrill
|faint|p1b: Excadrill
|
|upkeep
|
|t:|1783954686
|switch|p1b: Tyranitar|Tyranitar, L50, M|100/100
|switch|p1a: Houndstone|Houndstone, L50, M|74/100
|-weather|Sandstorm|[from] ability: Sand Stream|[of] p1b: Tyranitar
|turn|10
|
|t:|1783954702
|detailschange|p1b: Tyranitar|Tyranitar-Mega, L50, M
|-mega|p1b: Tyranitar|Tyranitar|Tyranitarite
|move|p2b: Blastoise|Dark Pulse|p1a: Houndstone
|-supereffective|p1a: Houndstone|1
|-enditem|p1a: Houndstone|Colbur Berry|[eat]
|-enditem|p1a: Houndstone|Colbur Berry|[weaken]
|-damage|p1a: Houndstone|0 fnt
|faint|p1a: Houndstone
|move|p1b: Tyranitar|Rock Slide|p2b: Blastoise|[spread] p2a,p2b
|-damage|p2a: Sinistcha|0 fnt
|-damage|p2b: Blastoise|0 fnt
|faint|p2a: Sinistcha
|faint|p2b: Blastoise
|
|-weather|Sandstorm|[upkeep]
|upkeep
|
|t:|1783954713
|switch|p2b: Incineroar|Incineroar, L50, M|57/100
|switch|p2a: Sneasler|Sneasler, L50, M|70/100 brn
|-ability|p2b: Incineroar|Intimidate|boost
|-unboost|p1b: Tyranitar|atk|1
|turn|11
|
|t:|1783954732
|move|p1b: Tyranitar|Protect|p1b: Tyranitar
|-singleturn|p1b: Tyranitar|Protect
|move|p2b: Incineroar|Fake Out|p1b: Tyranitar
|-activate|p1b: Tyranitar|move: Protect
|move|p2a: Sneasler|Close Combat|p1b: Tyranitar
|-activate|p1b: Tyranitar|move: Protect
|
|-weather|Sandstorm|[upkeep]
|-damage|p2a: Sneasler|65/100 brn|[from] Sandstorm
|-damage|p2b: Incineroar|51/100|[from] Sandstorm
|-damage|p2a: Sneasler|59/100 brn|[from] brn
|upkeep
|turn|12
|
|t:|1783954750
|move|p2a: Sneasler|Close Combat|p1b: Tyranitar
|-supereffective|p1b: Tyranitar|2
|-damage|p1b: Tyranitar|28/100
|-unboost|p2a: Sneasler|def|1
|-unboost|p2a: Sneasler|spd|1
|move|p1b: Tyranitar|Rock Slide|p2b: Incineroar|[spread] p2b
|-miss|p1b: Tyranitar|p2a: Sneasler
|-supereffective|p2b: Incineroar|1
|-damage|p2b: Incineroar|15/100
|-enditem|p2b: Incineroar|Sitrus Berry|[eat]
|-heal|p2b: Incineroar|40/100|[from] item: Sitrus Berry
|move|p2b: Incineroar|Darkest Lariat|p1b: Tyranitar
|-resisted|p1b: Tyranitar|1
|-damage|p1b: Tyranitar|18/100
|
|-weather|Sandstorm|[upkeep]
|-damage|p2a: Sneasler|53/100 brn|[from] Sandstorm
|-damage|p2b: Incineroar|34/100|[from] Sandstorm
|-damage|p2a: Sneasler|47/100 brn|[from] brn
|upkeep
|turn|13
|
|t:|1783954769
|move|p1b: Tyranitar|Protect|p1b: Tyranitar
|-singleturn|p1b: Tyranitar|Protect
|move|p2a: Sneasler|Close Combat|p1b: Tyranitar
|-activate|p1b: Tyranitar|move: Protect
|move|p2b: Incineroar|Flare Blitz|p1b: Tyranitar
|-activate|p1b: Tyranitar|move: Protect
|
|-weather|Sandstorm|[upkeep]
|-damage|p2a: Sneasler|41/100 brn|[from] Sandstorm
|-damage|p2b: Incineroar|28/100|[from] Sandstorm
|-damage|p2a: Sneasler|36/100 brn|[from] brn
|upkeep
|turn|14
|
|t:|1783954783
|move|p2a: Sneasler|Close Combat|p1b: Tyranitar
|-supereffective|p1b: Tyranitar|2
|-damage|p1b: Tyranitar|0 fnt
|-unboost|p2a: Sneasler|def|1
|-unboost|p2a: Sneasler|spd|1
|faint|p1b: Tyranitar
|
|win|raksbach
