|j|☆naibot2814
|j|☆zefhkb505
|html|naibot2814zefhkb505    
|uhtml|bestof|Game 1 of a best-of-3
|t:|1783912066
|gametype|doubles
|player|p1|naibot2814|colress|1294
|player|p2|zefhkb505|hilbert|1261
|gen|9
|tier|[Gen 9 Champions] VGC 2026 Reg M-B (Bo3)
|rated|
|rule|Species Clause: Limit one of each Pokémon
|rule|Item Clause: Limit 1 of each item
|clearpoke
|poke|p1|Blastoise, L50, M|
|poke|p1|Incineroar, L50, M|
|poke|p1|Sneasler, L50, M|
|poke|p1|Sinistcha, L50|
|poke|p1|Kingambit, L50, M, shiny|
|poke|p1|Delphox, L50, F|
|poke|p2|Charizard, L50, M|
|poke|p2|Grimmsnarl, L50, M|
|poke|p2|Pelipper, L50, F|
|poke|p2|Archaludon, L50, M|
|poke|p2|Basculegion, L50, M|
|poke|p2|Venusaur, L50, F|
|teampreview|4
|showteam|p1|Blastoise||Blastoisinite|Torrent|WaterSpout,DarkPulse,ShellSmash,Protect|Modest||M|||50|]Incineroar||SitrusBerry|Intimidate|FakeOut,FlareBlitz,DarkestLariat,PartingShot|Careful||M|||50|]Sneasler||FocusSash|PoisonTouch|FakeOut,CloseCombat,PoisonJab,RockTomb|Jolly||M|||50|]Sinistcha||KasibBerry|Hospitality|MatchaGotcha,TrickRoom,RagePowder,Protect|Bold|||||50|]Kingambit||BlackGlasses|Defiant|KowtowCleave,SuckerPunch,SwordsDance,Protect|Adamant||M|||50|]Delphox||Delphoxite|Blaze|HeatWave,Psyshock,NastyPlot,Protect|Timid||F|||50|
|showteam|p2|Charizard||CharizarditeY|Blaze|Protect,HeatWave,WeatherBall,SolarBeam|Timid||M|||50|]Grimmsnarl||LightClay|Prankster|SpiritBreak,Reflect,LightScreen,PartingShot|Careful||M|||50|]Pelipper||SitrusBerry|Drizzle|Hurricane,WeatherBall,Tailwind,WideGuard|Modest||F|||50|]Archaludon||Leftovers|Stamina|Protect,ElectroShot,DragonPulse,FlashCannon|Modest||M|||50|]Basculegion||ChoiceScarf|Adaptability|FlipTurn,WaveCrash,AquaJet,LastRespects|Jolly||M|||50|]Venusaur||FocusSash|Chlorophyll|Protect,SleepPowder,SludgeBomb,EarthPower|Modest||F|||50|
|
|t:|1783912132
|teamsize|p1|4
|teamsize|p2|4
|start
|switch|p1a: Blastoise|Blastoise, L50, M|100/100
|switch|p1b: Sneasler|Sneasler, L50, M|100/100
|switch|p2a: Grimmsnarl|Grimmsnarl, L50, M|100/100
|switch|p2b: Basculegion|Basculegion, L50, M|100/100
|turn|1
|
|t:|1783912147
|detailschange|p1a: Blastoise|Blastoise-Mega, L50, M
|-mega|p1a: Blastoise|Blastoise|Blastoisinite
|move|p1b: Sneasler|Fake Out|p2a: Grimmsnarl
|-damage|p2a: Grimmsnarl|86/100
|cant|p2a: Grimmsnarl|flinch
|move|p2b: Basculegion|Flip Turn|p1b: Sneasler
|-damage|p1b: Sneasler|39/100
|
|t:|1783912158
|switch|p2b: Charizard|Charizard, L50, M|100/100|[from] Flip Turn
|move|p1a: Blastoise|Shell Smash|p1a: Blastoise
|-unboost|p1a: Blastoise|def|1
|-unboost|p1a: Blastoise|spd|1
|-boost|p1a: Blastoise|atk|2
|-boost|p1a: Blastoise|spa|2
|-boost|p1a: Blastoise|spe|2
|
|upkeep
|turn|2
|
|t:|1783912186
|detailschange|p2b: Charizard|Charizard-Mega-Y, L50, M
|-mega|p2b: Charizard|Charizard|Charizardite Y
|-weather|SunnyDay|[from] ability: Drought|[of] p2b: Charizard
|move|p2b: Charizard|Protect|p2b: Charizard
|-singleturn|p2b: Charizard|Protect
|move|p2a: Grimmsnarl|Light Screen|p2a: Grimmsnarl
|-sidestart|p2: zefhkb505|move: Light Screen
|move|p1a: Blastoise|Dark Pulse|p2b: Charizard
|-activate|p2b: Charizard|move: Protect
|move|p1b: Sneasler|Rock Tomb|p2b: Charizard
|-activate|p2b: Charizard|move: Protect
|
|-weather|SunnyDay|[upkeep]
|upkeep
|turn|3
|
|t:|1783912203
|move|p1a: Blastoise|Protect|p1a: Blastoise
|-singleturn|p1a: Blastoise|Protect
|move|p2a: Grimmsnarl|Parting Shot|p1a: Blastoise
|-activate|p1a: Blastoise|move: Protect
|move|p1b: Sneasler|Rock Tomb|p2b: Charizard
|-supereffective|p2b: Charizard|2
|-damage|p2b: Charizard|0 fnt
|faint|p2b: Charizard
|
|-weather|SunnyDay|[upkeep]
|upkeep
|
|t:|1783912213
|switch|p2b: Venusaur|Venusaur, L50, F|100/100
|turn|4
|
|t:|1783912229
|switch|p1a: Incineroar|Incineroar, L50, M|100/100
|-ability|p1a: Incineroar|Intimidate|boost
|-unboost|p2a: Grimmsnarl|atk|1
|-unboost|p2b: Venusaur|atk|1
|move|p2a: Grimmsnarl|Parting Shot|p1a: Incineroar
|-hint|Since gen 7, Dark is immune to Prankster moves.
|-immune|p1a: Incineroar
|move|p2b: Venusaur|Sludge Bomb|p1a: Incineroar
|-damage|p1a: Incineroar|62/100
|-status|p1a: Incineroar|psn
|move|p1b: Sneasler|Rock Tomb|p2b: Venusaur
|-damage|p2b: Venusaur|73/100
|-unboost|p2b: Venusaur|spe|1
|
|-weather|SunnyDay|[upkeep]
|-damage|p1a: Incineroar|50/100g psn|[from] psn
|upkeep
|turn|5
|
|t:|1783912252
|switch|p1b: Sinistcha|Sinistcha, L50|100/100
|-heal|p1a: Incineroar|75/100 psn|[from] ability: Hospitality|[of] p1b: Sinistcha
|switch|p2b: Basculegion|Basculegion, L50, M|100/100
|move|p2a: Grimmsnarl|Reflect|p2a: Grimmsnarl
|-sidestart|p2: zefhkb505|Reflect
|move|p1a: Incineroar|Darkest Lariat|p2b: Basculegion
|-supereffective|p2b: Basculegion|1
|-damage|p2b: Basculegion|40/100
|
|-weather|SunnyDay|[upkeep]
|-damage|p1a: Incineroar|62/100 psn|[from] psn
|upkeep
|turn|6
|
|t:|1783912272
|move|p2a: Grimmsnarl|Parting Shot|p1b: Sinistcha
|-unboost|p1b: Sinistcha|atk|1
|-unboost|p1b: Sinistcha|spa|1
|
|t:|1783912275
|switch|p2a: Venusaur|Venusaur, L50, F|73/100|[from] Parting Shot
|move|p2b: Basculegion|Wave Crash|p1a: Incineroar
|-supereffective|p1a: Incineroar|1
|-damage|p1a: Incineroar|1/100 psn
|-enditem|p1a: Incineroar|Sitrus Berry|[eat]
|-heal|p1a: Incineroar|25/100 psn|[from] item: Sitrus Berry
|-damage|p2b: Basculegion|19/100|[from] Recoil
|move|p1a: Incineroar|Parting Shot|p2b: Basculegion
|-unboost|p2b: Basculegion|atk|1
|-unboost|p2b: Basculegion|spa|1
|
|t:|1783912287
|switch|p1a: Blastoise|Blastoise-Mega, L50, M|100/100|[from] Parting Shot
|move|p1b: Sinistcha|Trick Room|p1b: Sinistcha
|-fieldstart|move: Trick Room|[of] p1b: Sinistcha
|
|-weather|none
|upkeep
|turn|7
|
|t:|1783912295
|switch|p2b: Grimmsnarl|Grimmsnarl, L50, M|86/100
|move|p1b: Sinistcha|Matcha Gotcha|p2a: Venusaur|[spread] p2a,p2b
|-resisted|p2a: Venusaur|2
|-damage|p2a: Venusaur|70/100
|-damage|p2b: Grimmsnarl|76/100
|move|p1a: Blastoise|Dark Pulse|p2a: Venusaur
|-damage|p2a: Venusaur|33/100
|move|p2a: Venusaur|Sleep Powder|p1a: Blastoise
|-status|p1a: Blastoise|slp|[from] move: Sleep Powder
|
|upkeep
|turn|8
|
|t:|1783912324
|switch|p1b: Sneasler|Sneasler, L50, M|39/100
|switch|p1a: Incineroar|Incineroar, L50, M|25/100 psn
|-ability|p1a: Incineroar|Intimidate|boost
|-unboost|p2a: Venusaur|atk|1
|-unboost|p2b: Grimmsnarl|atk|1
|move|p2b: Grimmsnarl|Spirit Break|p1a: Incineroar
|-crit|p1a: Incineroar
|-damage|p1a: Incineroar|0 fnt
|faint|p1a: Incineroar
|move|p2a: Venusaur|Sludge Bomb|p1b: Sneasler
|-resisted|p1b: Sneasler|1
|-damage|p1b: Sneasler|9/100
|
|upkeep
|
|t:|1783912332
|switch|p1a: Sinistcha|Sinistcha, L50|100/100
|-heal|p1b: Sneasler|33/100|[from] ability: Hospitality|[of] p1a: Sinistcha
|turn|9
|
|t:|1783912343
|switch|p2a: Basculegion|Basculegion, L50, M|19/100
|move|p2b: Grimmsnarl|Spirit Break|p1b: Sneasler
|-damage|p1b: Sneasler|0 fnt
|faint|p1b: Sneasler
|move|p1a: Sinistcha|Matcha Gotcha|p2a: Basculegion|[spread] p2a,p2b
|-supereffective|p2a: Basculegion|1
|-damage|p2a: Basculegion|0 fnt
|-damage|p2b: Grimmsnarl|62/100
|faint|p2a: Basculegion
|
|-sideend|p2: zefhkb505|move: Light Screen
|upkeep
|
|t:|1783912355
|switch|p2a: Venusaur|Venusaur, L50, F|33/100
|switch|p1b: Blastoise|Blastoise-Mega, L50, M|100/100 slp
|turn|10
|
|t:|1783912364
|move|p2b: Grimmsnarl|Light Screen|p2b: Grimmsnarl
|-sidestart|p2: zefhkb505|move: Light Screen
|move|p1a: Sinistcha|Matcha Gotcha|p2a: Venusaur|[spread] p2a
|-miss|p1a: Sinistcha|p2b: Grimmsnarl
|-resisted|p2a: Venusaur|2
|-damage|p2a: Venusaur|29/100
|-status|p2a: Venusaur|brn
|cant|p1b: Blastoise|slp
|move|p2a: Venusaur|Sludge Bomb|p1b: Blastoise
|-damage|p1b: Blastoise|55/100 slp
|
|-damage|p2a: Venusaur|23/100 brn|[from] brn
|-fieldend|move: Trick Room
|upkeep
|turn|11
|
|t:|1783912380
|-curestatus|p1b: Blastoise|slp|[msg]
|move|p1b: Blastoise|Protect|p1b: Blastoise
|-singleturn|p1b: Blastoise|Protect
|move|p2a: Venusaur|Sludge Bomb|p1b: Blastoise
|-activate|p1b: Blastoise|move: Protect
|move|p1a: Sinistcha|Matcha Gotcha|p2a: Venusaur|[spread] p2a,p2b
|-resisted|p2a: Venusaur|2
|-damage|p2a: Venusaur|19/100 brn
|-damage|p2b: Grimmsnarl|49/100
|move|p2b: Grimmsnarl|Spirit Break|p1b: Blastoise
|-activate|p1b: Blastoise|move: Protect
|
|-damage|p2a: Venusaur|13/100 brn|[from] brn
|upkeep
|turn|12
|
|t:|1783912405
|move|p2a: Venusaur|Sleep Powder|p1b: Blastoise
|-status|p1b: Blastoise|slp|[from] move: Sleep Powder
|cant|p1b: Blastoise|slp
|move|p1a: Sinistcha|Matcha Gotcha|p2b: Grimmsnarl|[spread] p2a,p2b
|-resisted|p2a: Venusaur|2
|-damage|p2a: Venusaur|8/100 brn
|-damage|p2b: Grimmsnarl|34/100
|-status|p2b: Grimmsnarl|brn
|move|p2b: Grimmsnarl|Spirit Break|p1b: Blastoise
|-damage|p1b: Blastoise|45/100 slp
|-unboost|p1b: Blastoise|spa|1
|
|-damage|p2a: Venusaur|3/100 brn|[from] brn
|-damage|p2b: Grimmsnarl|28/100 brn|[from] brn
|-sideend|p2: zefhkb505|Reflect
|upkeep
|turn|13
|
|t:|1783912424
|-curestatus|p1b: Blastoise|slp|[msg]
|move|p1b: Blastoise|Protect|p1b: Blastoise
|-singleturn|p1b: Blastoise|Protect
|move|p1a: Sinistcha|Protect|p1a: Sinistcha
|-singleturn|p1a: Sinistcha|Protect
|move|p2a: Venusaur|Sludge Bomb|p1b: Blastoise
|-activate|p1b: Blastoise|move: Protect
|move|p2b: Grimmsnarl|Spirit Break|p1b: Blastoise
|-activate|p1b: Blastoise|move: Protect
|
|-damage|p2a: Venusaur|0 fnt|[from] brn
|faint|p2a: Venusaur
|-damage|p2b: Grimmsnarl|22/100 brn|[from] brn
|upkeep
|turn|14
|-message|zefhkb505 forfeited.
|
|win|naibot2814
|l|☆zefhkb505
|player|p2|
||zefhkb505 is ready for game 2.
||naibot2814 is ready for game 2.
|uhtml|next|Next: Game 2 of 3
