|j|☆delphigni
|j|☆volcanicrj
|html|delphignivolcanicrj    
|uhtml|bestof|Game 1 of a best-of-3
|t:|1757919337
|gametype|doubles
|player|p1|delphigni|2|
|player|p2|volcanicrj|flannery|
|gen|9
|tier|[Gen 9] VGC 2025 Reg H (Bo3)
|rule|Species Clause: Limit one of each Pokémon
|rule|Item Clause: Limit 1 of each item
|clearpoke
|poke|p1|Kommo-o, L50, M|
|poke|p1|Primarina, L50, M|
|poke|p1|Sneasler, L50, M|
|poke|p1|Electabuzz, L50, M|
|poke|p1|Rillaboom, L50, M|
|poke|p1|Talonflame, L50, M|
|poke|p2|Dragonite, L50, F|
|poke|p2|Dondozo, L50, M|
|poke|p2|Electabuzz, L50, M|
|poke|p2|Sneasler, L50, F|
|poke|p2|Rillaboom, L50, F|
|poke|p2|Gliscor, L50, M|
|teampreview|4
|showteam|p1|Kommo-o||ThroatSpray|Soundproof|ClangingScales,Flamethrower,ClangorousSoul,Protect|||M|||50|,,,,,Fire]Primarina||LifeOrb|LiquidVoice|HyperVoice,Moonblast,Haze,Protect|||M|||50|,,,,,Poison]Sneasler||FocusSash|Unburden|CloseCombat,DireClaw,ThroatChop,Protect|||M|||50|,,,,,Dark]Electabuzz||Eviolite|VitalSpirit|FollowMe,Electroweb,Taunt,Protect|||M|||50|,,,,,Ghost]Rillaboom||AssaultVest|GrassySurge|GrassyGlide,WoodHammer,FakeOut,HighHorsepower|||M|||50|,,,,,Fire]Talonflame||SharpBeak|GaleWings|BraveBird,WillOWisp,Tailwind,Protect|||M|||50|,,,,,Ghost
|showteam|p2|Dragonite||LoadedDice|Multiscale|ScaleShot,Tailwind,Haze,Protect|||F|||50|,,,,,Fairy]Dondozo||Leftovers|Unaware|Fissure,WaveCrash,Protect,Yawn|||M|||50|,,,,,Grass]Electabuzz||Eviolite|VitalSpirit|FollowMe,Thunderbolt,Taunt,HelpingHand|||M|||50|,,,,,Ghost]Sneasler||FocusSash|Unburden|DireClaw,Coaching,Protect,CloseCombat|||F|||50|,,,,,Stellar]Rillaboom||AssaultVest|GrassySurge|FakeOut,WoodHammer,GrassyGlide,Uturn|||F|||50|,,,,,Fire]Gliscor||ToxicOrb|PoisonHeal|DualWingbeat,HighHorsepower,SwordsDance,Protect|||M|||50|,,,,,Water
|inactive|Battle timer is ON: inactive players will automatically lose when time's up. (requested by delphigni)
|inactive|delphigni has 60 seconds left.
|inactive|volcanicrj has 60 seconds left.
|
|t:|1757919394
|teamsize|p1|4
|teamsize|p2|4
|start
|switch|p1a: Yharon|Talonflame, L50, M, shiny|100/100
|switch|p1b: Primlance|Primarina, L50, M, shiny|100/100
|switch|p2a: Chad|Rillaboom, L50, F|100/100
|switch|p2b: Buzz Buzz|Electabuzz, L50, M|100/100
|-fieldstart|move: Grassy Terrain|[from] ability: Grassy Surge|[of] p2a: Chad
|turn|1
|inactive|volcanicrj has 30 seconds left.
|
|t:|1757919420
|switch|p1b: Rilleboom|Rillaboom, L50, M, shiny|100/100
|move|p1a: Yharon|Protect|p1a: Yharon
|-singleturn|p1a: Yharon|Protect
|move|p2a: Chad|Fake Out|p1a: Yharon
|-activate|p1a: Yharon|move: Protect
|move|p2b: Buzz Buzz|Thunderbolt|p1b: Rilleboom
|-resisted|p1b: Rilleboom
|-damage|p1b: Rilleboom|89/100
|
|-heal|p1b: Rilleboom|95/100|[from] Grassy Terrain
|upkeep
|turn|2
|
|t:|1757919443
|move|p1b: Rilleboom|Fake Out|p2b: Buzz Buzz
|-damage|p2b: Buzz Buzz|86/100
|cant|p2b: Buzz Buzz|flinch
|move|p1a: Yharon|Will-O-Wisp|p2a: Chad|[miss]
|-miss|p1a: Yharon|p2a: Chad
|move|p2a: Chad|U-turn|p1b: Rilleboom
|-supereffective|p1b: Rilleboom
|-damage|p1b: Rilleboom|49/100
|
|t:|1757919455
|switch|p2a: Friend|Dragonite, L50, F, shiny|100/100|[from] U-turn
|
|-heal|p2b: Buzz Buzz|92/100|[from] Grassy Terrain
|-heal|p1b: Rilleboom|55/100|[from] Grassy Terrain
|upkeep
|turn|3
|inactive|volcanicrj has 30 seconds left.
|
|t:|1757919483
|switch|p1a: Primlance|Primarina, L50, M, shiny|100/100
|move|p2b: Buzz Buzz|Taunt|p1a: Primlance
|-start|p1a: Primlance|move: Taunt
|move|p2a: Friend|Tailwind|p2a: Friend
|-sidestart|p2: volcanicrj|move: Tailwind
|move|p1b: Rilleboom|High Horsepower|p2b: Buzz Buzz
|-supereffective|p2b: Buzz Buzz
|-damage|p2b: Buzz Buzz|35/100
|
|-heal|p2b: Buzz Buzz|41/100|[from] Grassy Terrain
|-heal|p1b: Rilleboom|61/100|[from] Grassy Terrain
|upkeep
|turn|4
|
|t:|1757919504
|-terastallize|p2a: Friend|Fairy
|move|p2b: Buzz Buzz|Helping Hand|p2a: Friend
|-singleturn|p2a: Friend|Helping Hand|[of] p2b: Buzz Buzz
|move|p2a: Friend|Scale Shot|p1b: Rilleboom
|-damage|p1b: Rilleboom|40/100
|-damage|p1b: Rilleboom|19/100
|-damage|p1b: Rilleboom|0 fnt
|faint|p1b: Rilleboom
|-hitcount|p1: Rilleboom|3
|-unboost|p2a: Friend|def|1
|-boost|p2a: Friend|spe|1
|move|p1a: Primlance|Moonblast|p2a: Friend
|-damage|p2a: Friend|62/100
|-damage|p1a: Primlance|91/100|[from] item: Life Orb
|
|-heal|p2a: Friend|68/100|[from] Grassy Terrain
|-heal|p2b: Buzz Buzz|47/100|[from] Grassy Terrain
|-heal|p1a: Primlance|97/100|[from] Grassy Terrain
|upkeep
|
|t:|1757919513
|switch|p1b: Bumblebirb|Electabuzz, L50, M, shiny|100/100
|turn|5
|
|t:|1757919531
|move|p2a: Friend|Scale Shot|p1b: Bumblebirb
|-crit|p1b: Bumblebirb
|-damage|p1b: Bumblebirb|80/100
|-damage|p1b: Bumblebirb|67/100
|-damage|p1b: Bumblebirb|54/100
|-damage|p1b: Bumblebirb|41/100
|-damage|p1b: Bumblebirb|28/100
|-hitcount|p1b: Bumblebirb|5
|-unboost|p2a: Friend|def|1
|-boost|p2a: Friend|spe|1
|move|p2b: Buzz Buzz|Thunderbolt|p1a: Primlance
|-supereffective|p1a: Primlance
|-damage|p1a: Primlance|37/100
|move|p1b: Bumblebirb|Electroweb|p2a: Friend|[spread] p2a,p2b
|-resisted|p2b: Buzz Buzz
|-damage|p2a: Friend|51/100
|-damage|p2b: Buzz Buzz|42/100
|-unboost|p2a: Friend|spe|1
|-unboost|p2b: Buzz Buzz|spe|1
|move|p1a: Primlance|Moonblast|p2b: Buzz Buzz
|-damage|p2b: Buzz Buzz|0 fnt
|faint|p2b: Buzz Buzz
|-damage|p1a: Primlance|27/100|[from] item: Life Orb
|
|-heal|p2a: Friend|57/100|[from] Grassy Terrain
|-heal|p1b: Bumblebirb|34/100|[from] Grassy Terrain
|-heal|p1a: Primlance|33/100|[from] Grassy Terrain
|-end|p1a: Primlance|move: Taunt
|-fieldend|move: Grassy Terrain
|upkeep
|
|t:|1757919552
|switch|p2b: Chad|Rillaboom, L50, F|100/100
|-fieldstart|move: Grassy Terrain|[from] ability: Grassy Surge|[of] p2b: Chad
|turn|6
|inactive|volcanicrj has 30 seconds left.
|
|t:|1757919578
|move|p1a: Primlance|Protect|p1a: Primlance
|-singleturn|p1a: Primlance|Protect
|move|p2b: Chad|Fake Out|p1a: Primlance
|-activate|p1a: Primlance|move: Protect
|move|p2a: Friend|Scale Shot|p1b: Bumblebirb
|-damage|p1b: Bumblebirb|19/100
|-damage|p1b: Bumblebirb|4/100
|-damage|p1b: Bumblebirb|0 fnt
|faint|p1b: Bumblebirb
|-hitcount|p1: Bumblebirb|3
|-unboost|p2a: Friend|def|1
|-boost|p2a: Friend|spe|1
|
|-heal|p2a: Friend|63/100|[from] Grassy Terrain
|-heal|p1a: Primlance|39/100|[from] Grassy Terrain
|-sideend|p2: volcanicrj|move: Tailwind
|upkeep
|
|t:|1757919584
|switch|p1b: Yharon|Talonflame, L50, M, shiny|100/100
|turn|7
|
|t:|1757919599
|-terastallize|p1a: Primlance|Poison
|move|p1b: Yharon|Brave Bird|p2a: Friend
|-damage|p2a: Friend|0 fnt
|faint|p2a: Friend
|-damage|p1b: Yharon|81/100|[from] Recoil
|move|p2b: Chad|Grassy Glide|p1a: Primlance
|-resisted|p1a: Primlance
|-damage|p1a: Primlance|12/100
|move|p1a: Primlance|Moonblast|p2b: Chad
|-damage|p2b: Chad|48/100
|-damage|p1a: Primlance|2/100|[from] item: Life Orb
|
|-heal|p2b: Chad|55/100|[from] Grassy Terrain
|-heal|p1a: Primlance|8/100|[from] Grassy Terrain
|upkeep
|
|t:|1757919610
|switch|p2a: Big Bozo|Dondozo, L50, M, shiny|100/100
|turn|8
|
|t:|1757919631
|move|p1a: Primlance|Protect|p1a: Primlance
|-singleturn|p1a: Primlance|Protect
|move|p2a: Big Bozo|Protect|p2a: Big Bozo
|-singleturn|p2a: Big Bozo|Protect
|move|p1b: Yharon|Brave Bird|p2b: Chad
|-supereffective|p2b: Chad
|-damage|p2b: Chad|0 fnt
|faint|p2b: Chad
|-damage|p1b: Yharon|61/100|[from] Recoil
|
|-heal|p1a: Primlance|14/100|[from] Grassy Terrain
|upkeep
|turn|9
|
|t:|1757919651
|move|p1b: Yharon|Brave Bird|p2a: Big Bozo
|-damage|p2a: Big Bozo|68/100
|-damage|p1b: Yharon|46/100|[from] Recoil
|move|p1a: Primlance|Moonblast|p2a: Big Bozo
|-damage|p2a: Big Bozo|5/100
|-unboost|p2a: Big Bozo|spa|1
|-damage|p1a: Primlance|5/100|[from] item: Life Orb
|move|p2a: Big Bozo|Yawn|p1b: Yharon
|-start|p1b: Yharon|move: Yawn|[of] p2a: Big Bozo
|
|-heal|p1a: Primlance|11/100|[from] Grassy Terrain
|-heal|p2a: Big Bozo|11/100|[from] Grassy Terrain
|-heal|p2a: Big Bozo|17/100|[from] item: Leftovers
|upkeep
|turn|10
|
|t:|1757919670
|move|p2a: Big Bozo|Protect|p2a: Big Bozo
|-singleturn|p2a: Big Bozo|Protect
|move|p1b: Yharon|Brave Bird|p2a: Big Bozo
|-activate|p2a: Big Bozo|move: Protect
|move|p1a: Primlance|Moonblast|p2a: Big Bozo
|-activate|p2a: Big Bozo|move: Protect
|
|-heal|p1a: Primlance|16/100|[from] Grassy Terrain
|-heal|p2a: Big Bozo|23/100|[from] Grassy Terrain
|-heal|p2a: Big Bozo|30/100|[from] item: Leftovers
|-end|p1b: Yharon|move: Yawn|[silent]
|-status|p1b: Yharon|slp
|-fieldend|move: Grassy Terrain
|upkeep
|turn|11
|
|t:|1757919694
|cant|p1b: Yharon|slp
|move|p1a: Primlance|Moonblast|p2a: Big Bozo
|-damage|p2a: Big Bozo|0 fnt
|faint|p2a: Big Bozo
|-damage|p1a: Primlance|7/100|[from] item: Life Orb
|
|win|delphigni
||delphigni is ready for game 2.
||volcanicrj is ready for game 2.
|uhtml|next|Next: Game 2 of 3
|l|☆delphigni
|player|p1|
