|j|☆ryoshino
|j|☆zweeta
|html|ryoshinozweeta    
|uhtml|bestof|Game 3 of a best-of-3
|t:|1756682815
|gametype|doubles
|player|p1|ryoshino|101|1359
|player|p2|zweeta|pokekid|1231
|gen|9
|tier|[Gen 9] VGC 2025 Reg H (Bo3)
|rated|
|rule|Species Clause: Limit one of each Pokémon
|rule|Item Clause: Limit 1 of each item
|clearpoke
|poke|p1|Murkrow, L50, F|
|poke|p1|Gholdengo, L50|
|poke|p1|Dondozo, L50, M|
|poke|p1|Tatsugiri, L50, F|
|poke|p1|Incineroar, L50, F|
|poke|p1|Clefable, L50, F|
|poke|p2|Gholdengo, L50|
|poke|p2|Ursaluna, L50, F|
|poke|p2|Sinistcha, L50|
|poke|p2|Sneasler, L50, M|
|poke|p2|Dragonite, L50, M|
|poke|p2|Incineroar, L50, M|
|teampreview|4
|showteam|p1|Murkrow||Eviolite|Prankster|Tailwind,FoulPlay,RainDance,Haze|||F|||50|,,,,,Ghost]Gholdengo||ChoiceSpecs|GoodasGold|MakeItRain,Trick,ShadowBall,Thunderbolt||||||50|,,,,,Steel]Dondozo||Leftovers|Unaware|WaveCrash,HeavySlam,OrderUp,Protect|||M|||50|,,,,,Grass]Tatsugiri||FocusSash|Commander|DracoMeteor,IcyWind,MuddyWater,Protect|||F|||50|,,,,,Stellar]Incineroar||SafetyGoggles|Intimidate|FlareBlitz,KnockOff,PartingShot,FakeOut|||F|||50|,,,,,Ghost]Clefable||RockyHelmet|Unaware|Moonblast,FollowMe,Encore,Protect|||F|||50|,,,,,Ghost
|showteam|p2|Gholdengo||LifeOrb|GoodasGold|MakeItRain,ShadowBall,NastyPlot,Protect||||||50|,,,,,Water]Ursaluna||FlameOrb|Guts|Facade,HeadlongRush,Earthquake,Protect|||F|||50|,,,,,Ghost]Sinistcha||SitrusBerry|Hospitality|MatchaGotcha,LifeDew,RagePowder,TrickRoom||||||50|,,,,,Dark]Sneasler||FocusSash|PoisonTouch|DireClaw,CloseCombat,Coaching,Protect|||M|||50|,,,,,Flying]Dragonite||LoadedDice|Multiscale|ScaleShot,Haze,Tailwind,Protect|||M|||50|,,,,,Fairy]Incineroar||SafetyGoggles|Intimidate|FakeOut,FlareBlitz,KnockOff,PartingShot|||M|||50|,,,,,Ghost
|inactive|Battle timer is ON: inactive players will automatically lose when time's up. (requested by zweeta)
|inactive|ryoshino also wants the timer to be on.
|
|t:|1756682832
|teamsize|p1|4
|teamsize|p2|4
|start
|switch|p1a: Gholdengo|Gholdengo, L50|100/100
|switch|p1b: Incineroar|Incineroar, L50, F, shiny|100/100
|switch|p2a: Gholdengo|Gholdengo, L50, shiny|100/100
|switch|p2b: Sinistcha|Sinistcha, L50|100/100
|-ability|p1b: Incineroar|Intimidate|boost
|-unboost|p2a: Gholdengo|atk|1
|-unboost|p2b: Sinistcha|atk|1
|turn|1
|
|t:|1756682842
|-terastallize|p1a: Gholdengo|Steel
|move|p2a: Gholdengo|Shadow Ball|p1a: Gholdengo
|-damage|p1a: Gholdengo|34/100
|-damage|p2a: Gholdengo|91/100|[from] item: Life Orb
|move|p1a: Gholdengo|Make It Rain|p2a: Gholdengo|[spread] p2a,p2b
|-resisted|p2a: Gholdengo
|-damage|p2a: Gholdengo|32/100
|-damage|p2b: Sinistcha|2/100
|-unboost|p1a: Gholdengo|spa|1
|-enditem|p2b: Sinistcha|Sitrus Berry|[eat]
|-heal|p2b: Sinistcha|26/100|[from] item: Sitrus Berry
|move|p1b: Incineroar|Knock Off|p2a: Gholdengo
|-supereffective|p2a: Gholdengo
|-damage|p2a: Gholdengo|0 fnt
|-enditem|p2a: Gholdengo|Life Orb|[from] move: Knock Off|[of] p1b: Incineroar
|faint|p2a: Gholdengo
|move|p2b: Sinistcha|Trick Room|p2b: Sinistcha
|-fieldstart|move: Trick Room|[of] p2b: Sinistcha
|
|upkeep
|
|t:|1756682846
|switch|p2a: Ursaluna|Ursaluna, L50, F, shiny|100/100
|turn|2
|
|t:|1756682853
|move|p1b: Incineroar|Parting Shot|p2a: Ursaluna
|-unboost|p2a: Ursaluna|atk|1
|-unboost|p2a: Ursaluna|spa|1
|
|t:|1756682855
|switch|p1b: Dondozo|Dondozo, L50, M|100/100|[from] Parting Shot
|move|p2b: Sinistcha|Matcha Gotcha|p1b: Dondozo|[spread] p1a,p1b
|-resisted|p1a: Gholdengo
|-supereffective|p1b: Dondozo
|-damage|p1a: Gholdengo|20/100
|-heal|p2b: Sinistcha|33/100|[from] drain|[of] p1a: Gholdengo
|-damage|p1b: Dondozo|48/100
|-heal|p2b: Sinistcha|71/100|[from] drain|[of] p1b: Dondozo
|move|p2a: Ursaluna|Earthquake|p1a: Gholdengo|[spread] p2b,p1a,p1b
|-resisted|p2b: Sinistcha
|-supereffective|p1a: Gholdengo
|-damage|p2b: Sinistcha|57/100
|-damage|p1a: Gholdengo|0 fnt
|-damage|p1b: Dondozo|22/100
|faint|p1a: Gholdengo
|
|-heal|p1b: Dondozo|28/100|[from] item: Leftovers
|-status|p2a: Ursaluna|brn|[from] item: Flame Orb
|upkeep
|
|t:|1756682857
|switch|p1a: Incineroar|Incineroar, L50, F, shiny|100/100
|-ability|p1a: Incineroar|Intimidate|boost
|-unboost|p2a: Ursaluna|atk|1
|-unboost|p2b: Sinistcha|atk|1
|turn|3
|
|t:|1756682867
|-terastallize|p2a: Ursaluna|Ghost
|move|p1b: Dondozo|Wave Crash|p2a: Ursaluna
|-damage|p2a: Ursaluna|57/100 brn
|-damage|p1b: Dondozo|16/100|[from] Recoil
|move|p1a: Incineroar|Flare Blitz|p2b: Sinistcha
|-supereffective|p2b: Sinistcha
|-damage|p2b: Sinistcha|0 fnt
|faint|p2b: Sinistcha
|-damage|p1a: Incineroar|84/100|[from] Recoil
|move|p2a: Ursaluna|Earthquake|p1b: Dondozo|[spread] p1a,p1b
|-supereffective|p1a: Incineroar
|-damage|p1a: Incineroar|27/100
|-damage|p1b: Dondozo|0 fnt
|faint|p1b: Dondozo
|
|-damage|p2a: Ursaluna|51/100 brn|[from] brn
|upkeep
|
|t:|1756682876
|switch|p1b: Tatsugiri|Tatsugiri, L50, F|100/100
|switch|p2b: Incineroar|Incineroar, L50, M|100/100
|-ability|p2b: Incineroar|Intimidate|boost
|-unboost|p1a: Incineroar|atk|1
|-unboost|p1b: Tatsugiri|atk|1
|turn|4
|
|t:|1756682883
|move|p2b: Incineroar|Fake Out|p1b: Tatsugiri
|-damage|p1b: Tatsugiri|79/100
|move|p1a: Incineroar|Knock Off|p2a: Ursaluna
|-supereffective|p2a: Ursaluna
|-damage|p2a: Ursaluna|9/100 brn
|-enditem|p2a: Ursaluna|Flame Orb|[from] move: Knock Off|[of] p1a: Incineroar
|move|p2a: Ursaluna|Earthquake|p1a: Incineroar|[spread] p2b,p1a,p1b
|-supereffective|p2b: Incineroar
|-supereffective|p1a: Incineroar
|-damage|p2b: Incineroar|38/100
|-damage|p1a: Incineroar|0 fnt
|-damage|p1b: Tatsugiri|13/100
|faint|p1a: Incineroar
|cant|p1b: Tatsugiri|flinch
|
|-damage|p2a: Ursaluna|2/100 brn|[from] brn
|upkeep
|turn|5
|
|t:|1756682890
|move|p1b: Tatsugiri|Protect|p1b: Tatsugiri
|-singleturn|p1b: Tatsugiri|Protect
|move|p2a: Ursaluna|Facade|p1b: Tatsugiri
|-activate|p1b: Tatsugiri|move: Protect
|move|p2b: Incineroar|Flare Blitz|p1b: Tatsugiri
|-activate|p1b: Tatsugiri|move: Protect
|
|-damage|p2a: Ursaluna|0 fnt|[from] brn
|faint|p2a: Ursaluna
|-fieldend|move: Trick Room
|upkeep
|turn|6
|
|t:|1756682895
|move|p1b: Tatsugiri|Muddy Water|p2b: Incineroar
|-supereffective|p2b: Incineroar
|-damage|p2b: Incineroar|0 fnt
|faint|p2b: Incineroar
|
|win|ryoshino
|raw|ryoshino's rating: 1359 → 1372(+13 for winning)
|raw|zweeta's rating: 1231 → 1215(-16 for losing)
|c|☆ryoshino|ggs
|l|☆ryoshino
|player|p1|
