|j|☆mousse Maracuja
|j|☆yuriquars
|html|mousse Maracujayuriquars    
|uhtml|bestof|Game 2 of a best-of-3
|t:|1757188480
|gametype|doubles
|player|p1|mousse Maracuja|265|
|player|p2|yuriquars|lass-gen4dp|
|gen|9
|tier|[Gen 9] VGC 2025 Reg H (Bo3)
|rule|Species Clause: Limit one of each Pokémon
|rule|Item Clause: Limit 1 of each item
|clearpoke
|poke|p1|Gastrodon-East, L50, F|
|poke|p1|Incineroar, L50, M|
|poke|p1|Sneasler, L50, M|
|poke|p1|Dragonite, L50, M|
|poke|p1|Gholdengo, L50|
|poke|p1|Rillaboom, L50, M|
|poke|p2|Incineroar, L50, F|
|poke|p2|Ursaluna-Bloodmoon, L50, M|
|poke|p2|Gholdengo, L50|
|poke|p2|Dragonite, L50, F|
|poke|p2|Rillaboom, L50, F|
|poke|p2|Annihilape, L50, M|
|teampreview|4
|showteam|p1|Gastrodon-East||CovertCloak|StormDrain|IceBeam,EarthPower,Recover,Protect|||F|||50|,,,,,Fairy]Incineroar||AssaultVest|Intimidate|FlareBlitz,KnockOff,Uturn,FakeOut|||M|||50|,,,,,Ghost]Sneasler||FocusSash|PoisonTouch|DireClaw,CloseCombat,Coaching,Protect|||M|||50|,,,,,Ghost]Dragonite||LoadedDice|Multiscale|ScaleShot,ExtremeSpeed,Haze,Protect|||M|||50|,,,,,Fairy]Gholdengo||LifeOrb|GoodasGold|MakeItRain,ShadowBall,NastyPlot,Protect||||||50|,,,,,Water]Rillaboom||MiracleSeed|GrassySurge|WoodHammer,GrassyGlide,HighHorsepower,Protect|||M|||50|,,,,,Fire
|showteam|p2|Incineroar||SitrusBerry|Intimidate|FlareBlitz,KnockOff,PartingShot,FakeOut|||F|||50|,,,,,Ghost]Ursaluna-Bloodmoon||AssaultVest|MindsEye|HyperVoice,BloodMoon,EarthPower,VacuumWave|||M|||50|,,,,,Water]Gholdengo||LifeOrb|GoodasGold|MakeItRain,ShadowBall,NastyPlot,Protect||||||50|,,,,,Water]Dragonite||LoadedDice|Multiscale|ScaleShot,Tailwind,Haze,Protect|||F|||50|,,,,,Fairy]Rillaboom||MiracleSeed|GrassySurge|GrassyGlide,FakeOut,WoodHammer,HighHorsepower|||F|||50|,,,,,Fire]Annihilape||FocusSash|Defiant|RageFist,CloseCombat,Taunt,Coaching|||M|||50|,,,,,Stellar
|j| Musashii23_
|j| We_Are_Toasted
|inactive|Battle timer is ON: inactive players will automatically lose when time's up. (requested by yuriquars)
|l| We_Are_Toasted
|
|t:|1757188537
|teamsize|p1|4
|teamsize|p2|4
|start
|switch|p1a: Gholdengo|Gholdengo, L50|100/100
|switch|p1b: Gastrodon|Gastrodon-East, L50, F|100/100
|switch|p2a: Annihilape|Annihilape, L50, M|100/100
|switch|p2b: Incineroar|Incineroar, L50, F|100/100
|-ability|p2b: Incineroar|Intimidate|boost
|-unboost|p1a: Gholdengo|atk|1
|-unboost|p1b: Gastrodon|atk|1
|turn|1
|inactive|yuriquars has 30 seconds left.
|inactive|yuriquars has 20 seconds left.
|inactive|yuriquars has 15 seconds left.
|
|t:|1757188581
|move|p2a: Annihilape|Rage Fist|p1a: Gholdengo
|-supereffective|p1a: Gholdengo
|-damage|p1a: Gholdengo|44/100
|move|p1a: Gholdengo|Nasty Plot|p1a: Gholdengo
|-boost|p1a: Gholdengo|spa|2
|move|p2b: Incineroar|Knock Off|p1a: Gholdengo
|-supereffective|p1a: Gholdengo
|-damage|p1a: Gholdengo|0 fnt
|-enditem|p1a: Gholdengo|Life Orb|[from] move: Knock Off|[of] p2b: Incineroar
|faint|p1a: Gholdengo
|move|p1b: Gastrodon|Earth Power|p2b: Incineroar
|-supereffective|p2b: Incineroar
|-damage|p2b: Incineroar|44/100
|-unboost|p2b: Incineroar|spd|1
|-enditem|p2b: Incineroar|Sitrus Berry|[eat]
|-heal|p2b: Incineroar|69/100|[from] item: Sitrus Berry
|
|upkeep
|
|t:|1757188590
|switch|p1a: Sneasler|Sneasler, L50, M|100/100
|turn|2
|
|t:|1757188602
|switch|p2b: Gholdengo|Gholdengo, L50|100/100
|move|p1a: Sneasler|Dire Claw|p2a: Annihilape
|-resisted|p2a: Annihilape
|-damage|p2a: Annihilape|72/100
|-status|p2a: Annihilape|psn|[from] ability: Poison Touch|[of] p1a: Sneasler
|move|p2a: Annihilape|Rage Fist|p1a: Sneasler
|-damage|p1a: Sneasler|11/100
|move|p1b: Gastrodon|Earth Power|p2b: Gholdengo
|-supereffective|p2b: Gholdengo
|-damage|p2b: Gholdengo|36/100
|
|-damage|p2a: Annihilape|60/100 psn|[from] psn
|upkeep
|turn|3
|
|t:|1757188612
|switch|p2a: Incineroar|Incineroar, L50, F|69/100
|-ability|p2a: Incineroar|Intimidate|boost
|-unboost|p1a: Sneasler|atk|1
|-unboost|p1b: Gastrodon|atk|1
|move|p1a: Sneasler|Protect|p1a: Sneasler
|-singleturn|p1a: Sneasler|Protect
|move|p2b: Gholdengo|Make It Rain|p1b: Gastrodon|[spread] p1b
|-activate|p1a: Sneasler|move: Protect
|-resisted|p1b: Gastrodon
|-damage|p1b: Gastrodon|76/100
|-unboost|p2b: Gholdengo|spa|1
|-damage|p2b: Gholdengo|26/100|[from] item: Life Orb
|move|p1b: Gastrodon|Earth Power|p2b: Gholdengo
|-supereffective|p2b: Gholdengo
|-damage|p2b: Gholdengo|0 fnt
|faint|p2b: Gholdengo
|
|upkeep
|
|t:|1757188619
|switch|p2b: Rillaboom|Rillaboom, L50, F|100/100
|-fieldstart|move: Grassy Terrain|[from] ability: Grassy Surge|[of] p2b: Rillaboom
|turn|4
|
|t:|1757188633
|switch|p1a: Incineroar|Incineroar, L50, M|100/100
|-ability|p1a: Incineroar|Intimidate|boost
|-unboost|p2a: Incineroar|atk|1
|-unboost|p2b: Rillaboom|atk|1
|-terastallize|p1b: Gastrodon|Fairy
|move|p2a: Incineroar|Fake Out|p1a: Incineroar
|-damage|p1a: Incineroar|93/100
|move|p2b: Rillaboom|Wood Hammer|p1b: Gastrodon
|-damage|p1b: Gastrodon|22/100
|-damage|p2b: Rillaboom|82/100|[from] Recoil
|move|p1b: Gastrodon|Earth Power|p2a: Incineroar
|-supereffective|p2a: Incineroar
|-damage|p2a: Incineroar|18/100
|
|-heal|p2b: Rillaboom|88/100|[from] Grassy Terrain
|-heal|p1a: Incineroar|99/100|[from] Grassy Terrain
|-heal|p2a: Incineroar|24/100|[from] Grassy Terrain
|-heal|p1b: Gastrodon|28/100|[from] Grassy Terrain
|upkeep
|turn|5
|inactive|yuriquars has 30 seconds left.
|
|t:|1757188668
|-terastallize|p2a: Incineroar|Ghost
|move|p2b: Rillaboom|High Horsepower|p1a: Incineroar
|-supereffective|p1a: Incineroar
|-damage|p1a: Incineroar|59/100
|move|p1a: Incineroar|Flare Blitz|p2b: Rillaboom
|-supereffective|p2b: Rillaboom
|-damage|p2b: Rillaboom|0 fnt
|faint|p2b: Rillaboom
|-damage|p1a: Incineroar|28/100|[from] Recoil
|move|p2a: Incineroar|Parting Shot|p1b: Gastrodon
|-unboost|p1b: Gastrodon|atk|1
|-unboost|p1b: Gastrodon|spa|1
|
|t:|1757188675
|switch|p2a: Annihilape|Annihilape, L50, M|60/100 psn|[from] Parting Shot
|move|p1b: Gastrodon|Recover|p1b: Gastrodon
|-heal|p1b: Gastrodon|78/100
|
|-heal|p2a: Annihilape|66/100 psn|[from] Grassy Terrain
|-heal|p1a: Incineroar|35/100|[from] Grassy Terrain
|-heal|p1b: Gastrodon|84/100|[from] Grassy Terrain
|-damage|p2a: Annihilape|53/100 psn|[from] psn
|upkeep
|
|t:|1757188676
|switch|p2b: Incineroar|Incineroar, L50, F, tera:Ghost|24/100
|-ability|p2b: Incineroar|Intimidate|boost
|-unboost|p1a: Incineroar|atk|1
|-unboost|p1b: Gastrodon|atk|1
|turn|6
|
|t:|1757188698
|move|p2a: Annihilape|Rage Fist|p1a: Incineroar
|-resisted|p1a: Incineroar
|-damage|p1a: Incineroar|13/100
|move|p1a: Incineroar|Knock Off|p2b: Incineroar
|-supereffective|p2b: Incineroar
|-damage|p2b: Incineroar|0 fnt
|faint|p2b: Incineroar
|move|p1b: Gastrodon|Earth Power|p2a: Annihilape
|-damage|p2a: Annihilape|31/100 psn
|
|-heal|p2a: Annihilape|37/100 psn|[from] Grassy Terrain
|-heal|p1a: Incineroar|19/100|[from] Grassy Terrain
|-heal|p1b: Gastrodon|90/100|[from] Grassy Terrain
|-damage|p2a: Annihilape|24/100 psn|[from] psn
|upkeep
|turn|7
|j| heichur
|
|t:|1757188706
|move|p2a: Annihilape|Close Combat|p1a: Incineroar
|-supereffective|p1a: Incineroar
|-damage|p1a: Incineroar|0 fnt
|-unboost|p2a: Annihilape|def|1
|-unboost|p2a: Annihilape|spd|1
|faint|p1a: Incineroar
|move|p1b: Gastrodon|Earth Power|p2a: Annihilape
|-damage|p2a: Annihilape|0 fnt
|faint|p2a: Annihilape
|
|win|mousse Maracuja
