|j|☆SoundsGoodra
|j|☆temporary name 3
|html|SoundsGoodratemporary name 3    
|uhtml|bestof|Game 1 of a best-of-3
|t:|1785175548
|gametype|doubles
|player|p1|SoundsGoodra|dragontamer|1160
|player|p2|temporary name 3|265|1063
|gen|9
|tier|[Gen 9 Champions] VGC 2026 Reg M-B (Bo3)
|rated|
|rule|Species Clause: Limit one of each Pokémon
|rule|Item Clause: Limit 1 of each item
|clearpoke
|poke|p1|Raichu, L50, M, shiny|
|poke|p1|Sinistcha, L50, shiny|
|poke|p1|Incineroar, L50, M, shiny|
|poke|p1|Sylveon, L50, F, shiny|
|poke|p1|Metagross, L50, shiny|
|poke|p1|Hydreigon, L50, F, shiny|
|poke|p2|Tyranitar, L50, F|
|poke|p2|Excadrill, L50, F|
|poke|p2|Sinistcha, L50|
|poke|p2|Farigiraf, L50, M|
|poke|p2|Houndstone, L50, M|
|poke|p2|Grimmsnarl, L50, M|
|teampreview|4
|showteam|p1|Raichu||RaichuniteY|LightningRod|ZapCannon,FocusBlast,FakeOut,Protect|Timid||M|||50|]Sinistcha||SitrusBerry|Hospitality|MatchaGotcha,RagePowder,TrickRoom,Protect|Bold|||||50|]Incineroar||ShucaBerry|Intimidate|FlareBlitz,DarkestLariat,PartingShot,FakeOut|Careful||M|||50|]Sylveon||FairyFeather|Pixilate|HyperVoice,Moonblast,CalmMind,Protect|Modest||F|||50|]Metagross||Metagrossite|ClearBody|HardPress,PsychicFangs,BodyPress,Protect|Adamant|||||50|]Hydreigon||ChoiceScarf|Levitate|DracoMeteor,DarkPulse,EarthPower,Snarl|Modest||F|||50|
|showteam|p2|Tyranitar||Tyranitarite|SandStream|RockSlide,KnockOff,DragonDance,Protect|Adamant||F|||50|]Excadrill||FocusSash|SandRush|IronHead,RockSlide,HighHorsepower,Protect|Adamant||F|||50|]Sinistcha||CobaBerry|Hospitality|MatchaGotcha,RagePowder,TrickRoom,LifeDew|Calm|||||50|]Farigiraf||Leftovers|ArmorTail|TrickRoom,Thunderbolt,Protect,Psychic|Bold||M|||50|]Houndstone||SitrusBerry|SandRush|Protect,WillOWisp,Howl,LastRespects|Adamant||M|||50|]Grimmsnarl||LightClay|Prankster|LightScreen,Reflect,SpiritBreak,PartingShot|Careful||M|||50|
|inactive|Battle timer is ON: inactive players will automatically lose when time's up. (requested by temporary name 3)
|
|t:|1785175599
|teamsize|p1|4
|teamsize|p2|4
|start
|switch|p1a: Incineroar|Incineroar, L50, M, shiny|100/100
|switch|p1b: Metagross|Metagross, L50, shiny|100/100
|switch|p2a: Grimmsnarl|Grimmsnarl, L50, M|100/100
|switch|p2b: Houndstone|Houndstone, L50, M|100/100
|-ability|p1a: Incineroar|Intimidate|boost
|-unboost|p2a: Grimmsnarl|atk|1
|-unboost|p2b: Houndstone|atk|1
|turn|1
|
|t:|1785175616
|switch|p1b: Hydreigon|Hydreigon, L50, F, shiny|100/100
|move|p2a: Grimmsnarl|Reflect|p2a: Grimmsnarl
|-sidestart|p2: temporary name 3|Reflect
|move|p2b: Houndstone|Will-O-Wisp|p1b: Hydreigon
|-status|p1b: Hydreigon|brn
|move|p1a: Incineroar|Darkest Lariat|p2b: Houndstone
|-supereffective|p2b: Houndstone|1
|-damage|p2b: Houndstone|59/100
|
|-damage|p1b: Hydreigon|94/100 brn|[from] brn
|upkeep
|turn|2
|inactive|SoundsGoodra has 30 seconds left.
|
|t:|1785175643
|switch|p1b: Metagross|Metagross, L50, shiny|100/100
|move|p2b: Houndstone|Protect|p2b: Houndstone
|-singleturn|p2b: Houndstone|Protect
|move|p2a: Grimmsnarl|Light Screen|p2a: Grimmsnarl
|-sidestart|p2: temporary name 3|move: Light Screen
|move|p1a: Incineroar|Flare Blitz|p2a: Grimmsnarl
|-damage|p2a: Grimmsnarl|67/100
|-damage|p1a: Incineroar|89/100|[from] Recoil
|
|upkeep
|turn|3
|
|t:|1785175661
|move|p1b: Metagross|Protect|p1b: Metagross
|-singleturn|p1b: Metagross|Protect
|move|p2b: Houndstone|Howl|p2b: Houndstone|[spread] p2a,p2b
|-boost|p2a: Grimmsnarl|atk|1
|-boost|p2b: Houndstone|atk|1
|move|p2a: Grimmsnarl|Spirit Break|p1b: Metagross
|-activate|p1b: Metagross|move: Protect
|move|p1a: Incineroar|Darkest Lariat|p2b: Houndstone
|-supereffective|p2b: Houndstone|1
|-damage|p2b: Houndstone|19/100
|-enditem|p2b: Houndstone|Sitrus Berry|[eat]
|-heal|p2b: Houndstone|44/100|[from] item: Sitrus Berry
|
|upkeep
|turn|4
|
|t:|1785175682
|switch|p1b: Sinistcha|Sinistcha, L50, shiny|100/100
|-heal|p1a: Incineroar|100/100|[from] ability: Hospitality|[of] p1b: Sinistcha
|switch|p2a: Tyranitar|Tyranitar, L50, F|100/100
|-weather|Sandstorm|[from] ability: Sand Stream|[of] p2a: Tyranitar
|move|p2b: Houndstone|Howl|p2b: Houndstone|[spread] p2a,p2b
|-boost|p2a: Tyranitar|atk|1
|-boost|p2b: Houndstone|atk|1
|move|p1a: Incineroar|Parting Shot|p2a: Tyranitar
|-unboost|p2a: Tyranitar|atk|1
|-unboost|p2a: Tyranitar|spa|1
|
|t:|1785175697
|switch|p1a: Metagross|Metagross, L50, shiny|100/100|[from] Parting Shot
|
|-weather|Sandstorm|[upkeep]
|-damage|p1b: Sinistcha|93/100|[from] Sandstorm
|upkeep
|turn|5
|
|t:|1785175718
|detailschange|p2a: Tyranitar|Tyranitar-Mega, L50, F
|-mega|p2a: Tyranitar|Tyranitar|Tyranitarite
|detailschange|p1a: Metagross|Metagross-Mega, L50, shiny
|-mega|p1a: Metagross|Metagross|Metagrossite
|move|p1b: Sinistcha|Rage Powder|p1b: Sinistcha
|-singleturn|p1b: Sinistcha|move: Rage Powder
|move|p2b: Houndstone|Will-O-Wisp|p1b: Sinistcha
|-status|p1b: Sinistcha|brn
|move|p1a: Metagross|Hard Press|p2a: Tyranitar
|-supereffective|p2a: Tyranitar|1
|-damage|p2a: Tyranitar|33/100
|move|p2a: Tyranitar|Dragon Dance|p2a: Tyranitar
|-boost|p2a: Tyranitar|atk|1
|-boost|p2a: Tyranitar|spe|1
|
|-weather|Sandstorm|[upkeep]
|-damage|p1b: Sinistcha|87/100 brn|[from] Sandstorm
|-damage|p1b: Sinistcha|81/100 brn|[from] brn
|upkeep
|turn|6
|inactive|SoundsGoodra has 30 seconds left.
|inactive|temporary name 3 has 30 seconds left.
|inactive|SoundsGoodra has 20 seconds left.
|inactive|SoundsGoodra has 15 seconds left.
|
|t:|1785175758
|move|p1b: Sinistcha|Rage Powder|p1b: Sinistcha
|-singleturn|p1b: Sinistcha|move: Rage Powder
|move|p2b: Houndstone|Last Respects|p1b: Sinistcha
|-supereffective|p1b: Sinistcha|1
|-damage|p1b: Sinistcha|34/100 brn
|-enditem|p1b: Sinistcha|Sitrus Berry|[eat]
|-heal|p1b: Sinistcha|58/100 brn|[from] item: Sitrus Berry
|move|p2a: Tyranitar|Knock Off|p1b: Sinistcha
|-supereffective|p1b: Sinistcha|1
|-crit|p1b: Sinistcha
|-damage|p1b: Sinistcha|0 fnt
|faint|p1b: Sinistcha
|move|p1a: Metagross|Psychic Fangs|p2b: Houndstone
|-sideend|p2: temporary name 3|Reflect
|-sideend|p2: temporary name 3|move: Light Screen
|-damage|p2b: Houndstone|0 fnt
|faint|p2b: Houndstone
|
|-weather|Sandstorm|[upkeep]
|upkeep
|
|t:|1785175777
|switch|p2b: Grimmsnarl|Grimmsnarl, L50, M|67/100
|switch|p1b: Hydreigon|Hydreigon, L50, F, shiny|94/100 brn
|turn|7
|
|t:|1785175795
|move|p1b: Hydreigon|Earth Power|p2a: Tyranitar
|-supereffective|p2a: Tyranitar|1
|-damage|p2a: Tyranitar|1/100
|-unboost|p2a: Tyranitar|spd|1
|move|p2a: Tyranitar|Knock Off|p1a: Metagross
|-supereffective|p1a: Metagross|1
|-damage|p1a: Metagross|19/100
|move|p1a: Metagross|Hard Press|p2b: Grimmsnarl
|-supereffective|p2b: Grimmsnarl|1
|-damage|p2b: Grimmsnarl|0 fnt
|faint|p2b: Grimmsnarl
|
|-weather|Sandstorm|[upkeep]
|-damage|p1b: Hydreigon|88/100 brn|[from] Sandstorm
|-damage|p1b: Hydreigon|82/100 brn|[from] brn
|upkeep
|
|t:|1785175805
|switch|p2b: Excadrill|Excadrill, L50, F|100/100
|turn|8
|
|t:|1785175817
|switch|p1b: Incineroar|Incineroar, L50, M, shiny|100/100
|-ability|p1b: Incineroar|Intimidate|boost
|-unboost|p2a: Tyranitar|atk|1
|-unboost|p2b: Excadrill|atk|1
|move|p2a: Tyranitar|Protect|p2a: Tyranitar
|-singleturn|p2a: Tyranitar|Protect
|move|p1a: Metagross|Protect|p1a: Metagross
|-singleturn|p1a: Metagross|Protect
|move|p2b: Excadrill|Rock Slide|p1b: Incineroar|[spread] p1b
|-activate|p1a: Metagross|move: Protect
|-supereffective|p1b: Incineroar|1
|-damage|p1b: Incineroar|75/100
|
|-weather|none
|upkeep
|turn|9
|-message|temporary name 3 forfeited.
|
|win|SoundsGoodra
