|j|☆OroRosaXIV
|j|☆Nathanlikesfeet
|html|OroRosaXIVNathanlikesfeet    
|uhtml|bestof|Game 1 of a best-of-3
|t:|1784808881
|gametype|doubles
|player|p1|OroRosaXIV|cynthia-gen4|
|player|p2|Nathanlikesfeet|2|
|gen|9
|tier|[Gen 9 Champions] VGC 2026 Reg M-B (Bo3)
|rule|Species Clause: Limit one of each Pokémon
|rule|Item Clause: Limit 1 of each item
|clearpoke
|poke|p1|Glalie, L50, F|
|poke|p1|Sableye, L50, F|
|poke|p1|Swampert, L50, F|
|poke|p1|Archaludon, L50, F|
|poke|p1|Blaziken, L50, F|
|poke|p1|Sceptile, L50, F|
|poke|p2|Tyranitar, L50, F|
|poke|p2|Excadrill, L50, F|
|poke|p2|Houndstone, L50, F|
|poke|p2|Hydreigon, L50, F|
|poke|p2|Rotom-Wash, L50|
|poke|p2|Scovillain, L50, F|
|teampreview|4
|showteam|p1|Glalie||Glalitite|Moody|Explosion,BodySlam,Earthquake,Protect|Jolly||F|||50|]Sableye||MentalHerb|Prankster|Swagger,RainDance,FakeOut,Encore|Bold||F|||50|]Swampert||Swampertite|Torrent|WaveCrash,Earthquake,HammerArm,Protect|Adamant||F|||50|]Archaludon||Leftovers|Stamina|DracoMeteor,ElectroShot,Protect,FlashCannon|Modest||F|||50|]Blaziken||LumBerry|SpeedBoost|CloseCombat,FlareBlitz,Protect,BraveBird|Jolly||F|||50|]Sceptile||LifeOrb|Overgrow|LeafStorm,Protect,ShedTail,BreakingSwipe|Hasty||F|||50|
|showteam|p2|Tyranitar||Tyranitarite|SandStream|RockSlide,KnockOff,Earthquake,Protect|Adamant||F|||50|]Excadrill||FocusSash|SandRush|Earthquake,IronHead,RockSlide,Protect|Adamant||F|||50|]Houndstone||SitrusBerry|SandRush|LastRespects,WillOWisp,StompingTantrum,Protect|Jolly||F|||50|]Hydreigon||ChoiceScarf|Levitate|DarkPulse,DracoMeteor,EarthPower,HeatWave|Modest||F|||50|]Rotom-Wash||LightClay|Levitate|LightScreen,Reflect,WillOWisp,HydroPump|Modest|||||50|]Scovillain||Scovillainite|Chlorophyll|Flamethrower,GigaDrain,LeechSeed,RagePowder|Modest||F|||50|
|
|t:|1784808923
|teamsize|p1|4
|teamsize|p2|4
|start
|switch|p1a: Sableye|Sableye, L50, F|100/100
|switch|p1b: Blaziken|Blaziken, L50, F|100/100
|switch|p2a: Tyranitar|Tyranitar, L50, F|100/100
|switch|p2b: Hydreigon|Hydreigon, L50, F|100/100
|-weather|Sandstorm|[from] ability: Sand Stream|[of] p2a: Tyranitar
|turn|1
|j| tearamizuu
|
|t:|1784808973
|detailschange|p2a: Tyranitar|Tyranitar-Mega, L50, F
|-mega|p2a: Tyranitar|Tyranitar|Tyranitarite
|move|p1a: Sableye|Fake Out|p2b: Hydreigon
|-damage|p2b: Hydreigon|92/100
|cant|p2b: Hydreigon|flinch
|move|p1b: Blaziken|Close Combat|p2a: Tyranitar
|-supereffective|p2a: Tyranitar|2
|-damage|p2a: Tyranitar|0 fnt
|-unboost|p1b: Blaziken|def|1
|-unboost|p1b: Blaziken|spd|1
|faint|p2a: Tyranitar
|
|-weather|Sandstorm|[upkeep]
|-damage|p2b: Hydreigon|86/100|[from] Sandstorm
|-damage|p1b: Blaziken|93/100|[from] Sandstorm
|-damage|p1a: Sableye|94/100|[from] Sandstorm
|-ability|p1b: Blaziken|Speed Boost|boost
|-boost|p1b: Blaziken|spe|1
|upkeep
|
|t:|1784808992
|switch|p2a: Excadrill|Excadrill, L50, F|100/100
|turn|2
|
|t:|1784809003
|move|p1b: Blaziken|Protect|p1b: Blaziken
|-singleturn|p1b: Blaziken|Protect
|move|p1a: Sableye|Rain Dance|p1a: Sableye
|-weather|RainDance
|move|p2b: Hydreigon|Earth Power|p1b: Blaziken
|-activate|p1b: Blaziken|move: Protect
|move|p2a: Excadrill|Earthquake|p1a: Sableye|[spread] p1a
|-activate|p1b: Blaziken|move: Protect
|-immune|p2b: Hydreigon|[from] ability: Levitate
|-damage|p1a: Sableye|47/100
|
|-weather|RainDance|[upkeep]
|-ability|p1b: Blaziken|Speed Boost|boost
|-boost|p1b: Blaziken|spe|1
|upkeep
|turn|3
|
|t:|1784809029
|switch|p2b: Houndstone|Houndstone, L50, F|100/100
|move|p1a: Sableye|Swagger|p1b: Blaziken
|-boost|p1b: Blaziken|atk|2
|-start|p1b: Blaziken|confusion
|-enditem|p1b: Blaziken|Lum Berry|[eat]
|-end|p1b: Blaziken|confusion
|move|p1b: Blaziken|Close Combat|p2b: Houndstone
|-immune|p2b: Houndstone
|move|p2a: Excadrill|Earthquake|p1a: Sableye|[spread] p2b,p1a,p1b
|-supereffective|p1b: Blaziken|1
|-damage|p2b: Houndstone|54/100
|-damage|p1a: Sableye|3/100
|-damage|p1b: Blaziken|0 fnt
|faint|p1b: Blaziken
|
|-weather|RainDance|[upkeep]
|upkeep
|
|t:|1784809040
|switch|p1b: Swampert|Swampert, L50, F|100/100
|turn|4
|
|t:|1784809070
|detailschange|p1b: Swampert|Swampert-Mega, L50, F
|-mega|p1b: Swampert|Swampert|Swampertite
|move|p1a: Sableye|Encore|p2a: Excadrill
|-start|p2a: Excadrill|Encore
|move|p1b: Swampert|Earthquake|p2b: Houndstone|[spread] p1a,p2a,p2b
|-supereffective|p2a: Excadrill|1
|-damage|p1a: Sableye|0 fnt
|-enditem|p2a: Excadrill|Focus Sash
|-damage|p2a: Excadrill|1/100
|-damage|p2b: Houndstone|10/100
|-enditem|p2b: Houndstone|Sitrus Berry|[eat]
|-heal|p2b: Houndstone|34/100|[from] item: Sitrus Berry
|faint|p1a: Sableye
|move|p2a: Excadrill|Earthquake|p1b: Swampert|[spread] p2b,p1b
|-damage|p2b: Houndstone|0 fnt
|-damage|p1b: Swampert|60/100
|faint|p2b: Houndstone
|
|-weather|RainDance|[upkeep]
|upkeep
|
|t:|1784809088
|switch|p2b: Hydreigon|Hydreigon, L50, F|86/100
|switch|p1a: Archaludon|Archaludon, L50, F|100/100
|turn|5
|c| tearamizuu|yoo
|c| tearamizuu|that was good
|
|t:|1784809124
|move|p2b: Hydreigon|Draco Meteor|p1a: Archaludon
|-damage|p1a: Archaludon|0 fnt
|-unboost|p2b: Hydreigon|spa|2
|faint|p1a: Archaludon
|move|p1b: Swampert|Hammer Arm|p2b: Hydreigon
|-supereffective|p2b: Hydreigon|1
|-damage|p2b: Hydreigon|0 fnt
|-unboost|p1b: Swampert|spe|1
|faint|p2b: Hydreigon
|move|p2a: Excadrill|Earthquake|p1b: Swampert
|-damage|p1b: Swampert|8/100
|
|-weather|RainDance|[upkeep]
|upkeep
|turn|6
|
|t:|1784809147
|move|p1b: Swampert|Wave Crash|p2a: Excadrill
|-supereffective|p2a: Excadrill|1
|-damage|p2a: Excadrill|0 fnt
|faint|p2a: Excadrill
|-damage|p1b: Swampert|7/100|[from] Recoil
|
|win|OroRosaXIV
