|j|☆meikh_neiht
|j|☆blaze7989
|html|meikh_neihtblaze7989    
|uhtml|bestof|Game 2 of a best-of-3
|t:|1785618020
|gametype|doubles
|player|p1|meikh_neiht|lucas|1282
|player|p2|blaze7989|#smogonxnpa2026draftee2|1207
|gen|9
|tier|[Gen 9 Champions] VGC 2026 Reg M-B (Bo3)
|rated|
|rule|Species Clause: Limit one of each Pokémon
|rule|Item Clause: Limit 1 of each item
|clearpoke
|poke|p1|Staraptor, L50, F|
|poke|p1|Sinistcha, L50|
|poke|p1|Maushold, L50|
|poke|p1|Kingambit, L50, M|
|poke|p1|Sneasler, L50, M|
|poke|p1|Delphox, L50, F|
|poke|p2|Gengar, L50, F|
|poke|p2|Staraptor, L50, F|
|poke|p2|Grimmsnarl, L50, M|
|poke|p2|Politoed, L50, F|
|poke|p2|Samurott-Hisui, L50, M|
|poke|p2|Sylveon, L50, M|
|teampreview|4
|showteam|p1|Staraptor||Staraptite|Intimidate|CloseCombat,BraveBird,Roost,Protect|Adamant||F|||50|]Sinistcha||SitrusBerry|Hospitality|RagePowder,MatchaGotcha,Protect,LifeDew|Calm|||||50|]Maushold||LumBerry|FriendGuard|Encore,Charm,FollowMe,Protect|Timid|||||50|]Kingambit||BlackGlasses|Defiant|KowtowCleave,SuckerPunch,SwordsDance,Protect|Adamant||M|||50|]Sneasler||WhiteHerb|Unburden|CloseCombat,DireClaw,FakeOut,Feint|Jolly||M|||50|]Delphox||Delphoxite|Blaze|HeatWave,Psyshock,NastyPlot,Protect|Timid||F|||50|
|showteam|p2|Gengar||Gengarite|CursedBody|ShadowBall,SludgeBomb,WillOWisp,Protect|Timid||F|||50|]Staraptor||Staraptite|Intimidate|CloseCombat,BraveBird,Tailwind,Protect|Jolly||F|||50|]Grimmsnarl||RoseliBerry|Prankster|SpiritBreak,FakeTears,PartingShot,FakeOut|Bold||M|||50|]Politoed||LifeOrb|Drizzle|WeatherBall,MuddyWater,IceBeam,Protect|Modest||F|||50|]Samurott-Hisui||ChoiceScarf|Sharpness|AquaCutter,NightSlash,SacredSword,FlipTurn|Jolly||M|||50|]Sylveon||FairyFeather|CuteCharm|HyperVoice,HyperBeam,Yawn,Protect|Modest||M|||50|
|
|t:|1785618039
|teamsize|p1|4
|teamsize|p2|4
|start
|switch|p1a: Attendant of God|Maushold, L50|100/100
|switch|p1b: Leg of God|Delphox, L50, F|100/100
|switch|p2a: Gengar|Gengar, L50, F|100/100
|switch|p2b: Samurott|Samurott-Hisui, L50, M|100/100
|turn|1
|
|t:|1785618049
|detailschange|p2a: Gengar|Gengar-Mega, L50, F
|-mega|p2a: Gengar|Gengar|Gengarite
|detailschange|p1b: Leg of God|Delphox-Mega, L50, F
|-mega|p1b: Leg of God|Delphox|Delphoxite
|move|p1a: Attendant of God|Follow Me|p1a: Attendant of God
|-singleturn|p1a: Attendant of God|move: Follow Me
|move|p2b: Samurott|Aqua Cutter|p1a: Attendant of God
|-damage|p1a: Attendant of God|39/100
|move|p1b: Leg of God|Nasty Plot|p1b: Leg of God
|-boost|p1b: Leg of God|spa|2
|move|p2a: Gengar|Sludge Bomb|p1a: Attendant of God
|-damage|p1a: Attendant of God|0 fnt
|faint|p1a: Attendant of God
|
|upkeep
|
|t:|1785618063
|switch|p1a: Thief of God|Sneasler, L50, M|100/100
|turn|2
|
|t:|1785618071
|switch|p2b: Politoed|Politoed, L50, F|100/100
|-weather|RainDance|[from] ability: Drizzle|[of] p2b: Politoed
|move|p1b: Leg of God|Protect|p1b: Leg of God
|-singleturn|p1b: Leg of God|Protect
|move|p2a: Gengar|Protect|p2a: Gengar
|-singleturn|p2a: Gengar|Protect
|move|p1a: Thief of God|Close Combat|p2b: Politoed
|-damage|p2b: Politoed|26/100
|-unboost|p1a: Thief of God|def|1
|-unboost|p1a: Thief of God|spd|1
|-enditem|p1a: Thief of God|White Herb
|-clearnegativeboost|p1a: Thief of God|[silent]
|
|-weather|RainDance|[upkeep]
|upkeep
|turn|3
|
|t:|1785618087
|move|p1a: Thief of God|Dire Claw|p2b: Politoed
|-damage|p2b: Politoed|0 fnt
|faint|p2b: Politoed
|move|p1b: Leg of God|Psyshock|p2a: Gengar
|-supereffective|p2a: Gengar|1
|-damage|p2a: Gengar|0 fnt
|faint|p2a: Gengar
|
|-weather|RainDance|[upkeep]
|upkeep
|
|t:|1785618089
|switch|p2a: Samurott|Samurott-Hisui, L50, M|100/100
|switch|p2b: Staraptor|Staraptor, L50, F|100/100
|-ability|p2b: Staraptor|Intimidate|boost
|-unboost|p1a: Thief of God|atk|1
|-unboost|p1b: Leg of God|atk|1
|turn|4
|
|t:|1785618103
|move|p1b: Leg of God|Protect|p1b: Leg of God
|-singleturn|p1b: Leg of God|Protect
|move|p1a: Thief of God|Close Combat|p2a: Samurott
|-supereffective|p2a: Samurott|1
|-damage|p2a: Samurott|0 fnt
|-unboost|p1a: Thief of God|def|1
|-unboost|p1a: Thief of God|spd|1
|faint|p2a: Samurott
|move|p2b: Staraptor|Brave Bird|p1a: Thief of God
|-supereffective|p1a: Thief of God|1
|-damage|p1a: Thief of God|0 fnt
|faint|p1a: Thief of God
|-damage|p2b: Staraptor|71/100|[from] Recoil
|
|-weather|RainDance|[upkeep]
|upkeep
|
|t:|1785618113
|switch|p1a: Blade of God|Kingambit, L50, M|100/100
|turn|5
|-message|blaze7989 forfeited.
|
|win|meikh_neiht
|l|☆blaze7989
|player|p2|
||blaze7989 is ready for game 3.
||blaze7989 is ready for game 3.
||meikh_neiht is ready for game 3.
|uhtml|next|Next: Game 3 of 3
