|j|☆haosigismondi
|j|☆asteris guy
|html|haosigismondiasteris guy    
|uhtml|bestof|Game 2 of a best-of-3
|t:|1757627236
|gametype|doubles
|player|p1|haosigismondi|ethan|1207
|player|p2|asteris guy|ltsurge|1147
|gen|9
|tier|[Gen 9] VGC 2025 Reg H (Bo3)
|rated|
|rule|Species Clause: Limit one of each Pokémon
|rule|Item Clause: Limit 1 of each item
|clearpoke
|poke|p1|Sneasler, L50, F|
|poke|p1|Indeedee, L50, M|
|poke|p1|Volcarona, L50, F|
|poke|p1|Ursaluna-Bloodmoon, L50, M|
|poke|p1|Annihilape, L50, M|
|poke|p1|Tyranitar, L50, M|
|poke|p2|Ursaluna-Bloodmoon, L50, M|
|poke|p2|Gholdengo, L50|
|poke|p2|Dragonite, L50, M|
|poke|p2|Sneasler, L50, F|
|poke|p2|Incineroar, L50, M|
|poke|p2|Amoonguss, L50, M|
|teampreview|4
|showteam|p1|Sneasler||PsychicSeed|Unburden|CloseCombat,DireClaw,ThroatChop,Protect|||F|||50|,,,,,Dark]Indeedee||ChoiceScarf|PsychicSurge|ExpandingForce,TeraBlast,Trick,Protect|||M|||50|,,,,,Psychic]Volcarona||SitrusBerry|FlameBody|Overheat,StruggleBug,RagePowder,Tailwind|||F|||50|,,,,,Grass]Ursaluna-Bloodmoon||LifeOrb|MindsEye|BloodMoon,HyperVoice,EarthPower,Protect|||M|||50|,,,,,Normal]Annihilape||SafetyGoggles|Defiant|CloseCombat,RageFist,Taunt,FinalGambit|||M|||50|,,,,,Fairy]Tyranitar||AssaultVest|SandStream|RockSlide,KnockOff,TeraBlast,LowKick|||M|||50|,,,,,Flying
|showteam|p2|Ursaluna-Bloodmoon||AssaultVest|MindsEye|BloodMoon,HyperVoice,VacuumWave,EarthPower|||M|||50|,,,,,Normal]Gholdengo||LifeOrb|GoodasGold|ShadowBall,MakeItRain,Protect,NastyPlot||||||50|,,,,,Water]Dragonite||LoadedDice|Multiscale|ScaleShot,Tailwind,ExtremeSpeed,Protect|||M|||50|,,,,,Normal]Sneasler||FocusSash|Unburden|FakeOut,DireClaw,CloseCombat,ThroatChop|||F|||50|,,,,,Ghost]Incineroar||SafetyGoggles|Intimidate|FakeOut,KnockOff,Taunt,PartingShot|||M|||50|,,,,,Ghost]Amoonguss||MentalHerb|Regenerator|Spore,RagePowder,PollenPuff,Protect|||M|||50|,,,,,Fairy
|inactive|Battle timer is ON: inactive players will automatically lose when time's up. (requested by haosigismondi)
|inactive|asteris guy has 60 seconds left.
|inactive|haosigismondi has 60 seconds left.
|
|t:|1757627289
|teamsize|p1|4
|teamsize|p2|4
|start
|switch|p1a: Sneasler|Sneasler, L50, F|100/100
|switch|p1b: Volcarona|Volcarona, L50, F|100/100
|switch|p2a: Gholdengo|Gholdengo, L50|100/100
|switch|p2b: Amoonguss|Amoonguss, L50, M, shiny|100/100
|turn|1
|inactive|asteris guy has 30 seconds left.
|
|t:|1757627320
|move|p2b: Amoonguss|Rage Powder|p2b: Amoonguss
|-singleturn|p2b: Amoonguss|move: Rage Powder
|move|p1a: Sneasler|Throat Chop|p2b: Amoonguss
|-damage|p2b: Amoonguss|71/100
|-start|p2b: Amoonguss|Throat Chop|[silent]
|move|p1b: Volcarona|Tailwind|p1b: Volcarona
|-sidestart|p1: haosigismondi|move: Tailwind
|move|p2a: Gholdengo|Nasty Plot|p2a: Gholdengo
|-boost|p2a: Gholdengo|spa|2
|
|upkeep
|turn|2
|inactive|haosigismondi has 30 seconds left.
|inactive|asteris guy has 30 seconds left.
|inactive|asteris guy has 20 seconds left.
|inactive|asteris guy has 15 seconds left.
|
|t:|1757627365
|-terastallize|p2a: Gholdengo|Water
|move|p1a: Sneasler|Throat Chop|p2a: Gholdengo
|-damage|p2a: Gholdengo|66/100
|-start|p2a: Gholdengo|Throat Chop|[silent]
|move|p1b: Volcarona|Overheat|p2b: Amoonguss
|-supereffective|p2b: Amoonguss
|-damage|p2b: Amoonguss|0 fnt
|-unboost|p1b: Volcarona|spa|2
|faint|p2b: Amoonguss
|move|p2a: Gholdengo|Shadow Ball|p1a: Sneasler
|-damage|p1a: Sneasler|0 fnt
|faint|p1a: Sneasler
|-damage|p2a: Gholdengo|56/100|[from] item: Life Orb
|
|upkeep
|
|t:|1757627381
|switch|p1a: Ursaluna|Ursaluna-Bloodmoon, L50, M|100/100
|switch|p2b: Sneasler|Sneasler, L50, F, shiny|100/100
|turn|3
|
|t:|1757627403
|-terastallize|p1a: Ursaluna|Normal
|move|p2b: Sneasler|Fake Out|p1a: Ursaluna
|-crit|p1a: Ursaluna
|-damage|p1a: Ursaluna|79/100
|move|p1b: Volcarona|Overheat|p2b: Sneasler
|-damage|p2b: Sneasler|62/100
|-unboost|p1b: Volcarona|spa|2
|cant|p1a: Ursaluna|flinch
|move|p2a: Gholdengo|Shadow Ball|p1b: Volcarona
|-damage|p1b: Volcarona|4/100
|-enditem|p1b: Volcarona|Sitrus Berry|[eat]
|-heal|p1b: Volcarona|29/100|[from] item: Sitrus Berry
|-damage|p2a: Gholdengo|47/100|[from] item: Life Orb
|
|-end|p2a: Gholdengo|Throat Chop|[silent]
|upkeep
|turn|4
|inactive|haosigismondi has 30 seconds left.
|inactive|asteris guy has 30 seconds left.
|
|t:|1757627432
|move|p2a: Gholdengo|Protect|p2a: Gholdengo
|-singleturn|p2a: Gholdengo|Protect
|move|p1b: Volcarona|Overheat|p2b: Sneasler
|-damage|p2b: Sneasler|34/100
|-unboost|p1b: Volcarona|spa|2
|move|p1a: Ursaluna|Hyper Voice|p2a: Gholdengo|[spread] p2b
|-activate|p2a: Gholdengo|move: Protect
|-damage|p2b: Sneasler|0 fnt
|faint|p2b: Sneasler
|-damage|p1a: Ursaluna|70/100|[from] item: Life Orb
|
|-sideend|p1: haosigismondi|move: Tailwind
|upkeep
|
|t:|1757627444
|switch|p2b: Ursaluna|Ursaluna-Bloodmoon, L50, M|100/100
|turn|5
|
|t:|1757627454
|move|p1b: Volcarona|Tailwind|p1b: Volcarona
|-sidestart|p1: haosigismondi|move: Tailwind
|move|p1a: Ursaluna|Hyper Voice|p2b: Ursaluna|[spread] p2a,p2b
|-damage|p2a: Gholdengo|0 fnt
|-damage|p2b: Ursaluna|59/100
|faint|p2a: Gholdengo
|-damage|p1a: Ursaluna|60/100|[from] item: Life Orb
|move|p2b: Ursaluna|Hyper Voice|p1a: Ursaluna|[spread] p1a,p1b
|-damage|p1a: Ursaluna|12/100
|-damage|p1b: Volcarona|0 fnt
|faint|p1b: Volcarona
|
|upkeep
|
|t:|1757627467
|switch|p1b: Tyranitar|Tyranitar, L50, M|100/100
|-weather|Sandstorm|[from] ability: Sand Stream|[of] p1b: Tyranitar
|turn|6
|
|t:|1757627482
|move|p1b: Tyranitar|Knock Off|p2b: Ursaluna
|-damage|p2b: Ursaluna|21/100
|-enditem|p2b: Ursaluna|Assault Vest|[from] move: Knock Off|[of] p1b: Tyranitar
|move|p1a: Ursaluna|Blood Moon|p2b: Ursaluna
|-damage|p2b: Ursaluna|0 fnt
|faint|p2b: Ursaluna
|-damage|p1a: Ursaluna|3/100|[from] item: Life Orb
|
|win|haosigismondi
|raw|haosigismondi's rating: 1207 → 1228(+21 for winning)
|raw|asteris guy's rating: 1147 → 1126(-21 for losing)
