|j|☆25th_mang
|j|☆aswin505
|html|25th_mangaswin505    
|uhtml|bestof|Game 1 of a best-of-3
|t:|1784877198
|gametype|doubles
|player|p1|25th_mang|ballguy|1300
|player|p2|aswin505|170|1100
|gen|9
|tier|[Gen 9 Champions] VGC 2026 Reg M-B (Bo3)
|rated|
|rule|Species Clause: Limit one of each Pokémon
|rule|Item Clause: Limit 1 of each item
|clearpoke
|poke|p1|Chandelure, L50, M|
|poke|p1|Garchomp, L50, M|
|poke|p1|Kingambit, L50, M|
|poke|p1|Tsareena, L50, F|
|poke|p1|Whimsicott, L50, F|
|poke|p1|Staraptor, L50, M|
|poke|p2|Sableye, L50, M|
|poke|p2|Sneasler, L50, M|
|poke|p2|Maushold, L50|
|poke|p2|Delphox, L50, F|
|poke|p2|Garchomp, L50, M|
|poke|p2|Corviknight, L50, M|
|teampreview|4
|showteam|p1|Chandelure||Chandelurite|FlashFire|HeatWave,ShadowBall,TrickRoom,Protect|Modest||M|||50|]Garchomp||LifeOrb|RoughSkin|StompingTantrum,DragonClaw,RockSlide,Protect|Jolly||M|||50|]Kingambit||ChopleBerry|Defiant|IronHead,SuckerPunch,LowKick,Protect|Adamant||M|||50|]Tsareena||WideLens|QueenlyMajesty|PowerWhip,TripleAxel,HelpingHand,Protect|Adamant||F|||50|]Whimsicott||FocusSash|Prankster|Moonblast,Tailwind,Encore,SunnyDay|Modest||F|||50|]Staraptor||ChoiceScarf|Reckless|FinalGambit,BraveBird,Uturn,CloseCombat|Jolly||M|||50|
|showteam|p2|Sableye||LightClay|Prankster|FoulPlay,Swagger,LightScreen,Reflect|Impish||M|||50|]Sneasler||LumBerry|Unburden|DireClaw,CloseCombat,Protect,FakeOut|Adamant||M|||50|]Maushold||WideLens|Technician|PopulationBomb,Bite,Protect,FollowMe|Jolly|||||50|]Delphox||Delphoxite|Blaze|HeatWave,Psyshock,Protect,Encore|Timid||F|||50|]Garchomp||LifeOrb|RoughSkin|Earthquake,DragonClaw,RockSlide,Protect|Jolly||M|||50|]Corviknight||Leftovers|MirrorArmor|IronHead,BraveBird,Roost,Tailwind|Impish||M|||50|
|inactive|Battle timer is ON: inactive players will automatically lose when time's up. (requested by 25th_mang)
|inactive|25th_mang has 60 seconds left.
|inactive|aswin505 has 60 seconds left.
|
|t:|1784877242
|teamsize|p1|4
|teamsize|p2|4
|start
|switch|p1a: Whimsicott|Whimsicott, L50, F|100/100
|switch|p1b: Staraptor|Staraptor, L50, M|100/100
|switch|p2a: Sneasler|Sneasler, L50, M|100/100
|switch|p2b: Sableye|Sableye, L50, M|100/100
|turn|1
|inactive|25th_mang has 30 seconds left.
|inactive|25th_mang has 20 seconds left.
|inactive|25th_mang has 15 seconds left.
|inactive|25th_mang has 10 seconds left.
|
|t:|1784877290
|switch|p1a: Tsareena|Tsareena, L50, F|100/100
|move|p2a: Sneasler|Fake Out||[still]
|cant|p1a: Tsareena|ability: Queenly Majesty|Fake Out|[of] p2a: Sneasler
|move|p1b: Staraptor|Brave Bird|p2a: Sneasler
|-supereffective|p2a: Sneasler|1
|-damage|p2a: Sneasler|0 fnt
|faint|p2a: Sneasler
|-damage|p1b: Staraptor|69/100|[from] Recoil
|move|p2b: Sableye|Foul Play|p1a: Tsareena
|-damage|p1a: Tsareena|55/100
|
|upkeep
|
|t:|1784877304
|switch|p2a: Corviknight|Corviknight, L50, M|100/100
|turn|2
|inactive|25th_mang has 30 seconds left.
|
|t:|1784877333
|move|p2b: Sableye|Reflect|p2b: Sableye
|-sidestart|p2: aswin505|Reflect
|move|p1b: Staraptor|Brave Bird|p2b: Sableye
|-damage|p2b: Sableye|54/100
|-damage|p1b: Staraptor|57/100|[from] Recoil
|move|p1a: Tsareena|Power Whip|p2b: Sableye
|-damage|p2b: Sableye|16/100
|move|p2a: Corviknight|Tailwind|p2a: Corviknight
|-sidestart|p2: aswin505|move: Tailwind
|
|upkeep
|turn|3
|
|t:|1784877355
|move|p1a: Tsareena|Protect|p1a: Tsareena
|-singleturn|p1a: Tsareena|Protect
|move|p2b: Sableye|Light Screen|p2b: Sableye
|-sidestart|p2: aswin505|move: Light Screen
|move|p1b: Staraptor|Brave Bird|p2b: Sableye
|-damage|p2b: Sableye|0 fnt
|faint|p2b: Sableye
|-damage|p1b: Staraptor|52/100|[from] Recoil
|move|p2a: Corviknight|Brave Bird|p1a: Tsareena
|-activate|p1a: Tsareena|move: Protect
|
|upkeep
|
|t:|1784877363
|switch|p2b: Delphox|Delphox, L50, F|100/100
|turn|4
|
|t:|1784877377
|detailschange|p2b: Delphox|Delphox-Mega, L50, F
|-mega|p2b: Delphox|Delphox|Delphoxite
|move|p1a: Tsareena|Helping Hand|p1b: Staraptor
|-singleturn|p1b: Staraptor|Helping Hand|[of] p1a: Tsareena
|move|p2b: Delphox|Heat Wave|p1b: Staraptor|[spread] p1a,p1b
|-supereffective|p1a: Tsareena|1
|-damage|p1a: Tsareena|0 fnt
|-damage|p1b: Staraptor|0 fnt
|faint|p1a: Tsareena
|faint|p1b: Staraptor
|move|p2a: Corviknight|Brave Bird|p1: Tsareena|[notarget]
|-fail|p2a: Corviknight
|
|upkeep
|
|t:|1784877386
|switch|p1b: Chandelure|Chandelure, L50, M|100/100
|switch|p1a: Whimsicott|Whimsicott, L50, F|100/100
|turn|5
|
|t:|1784877409
|move|p1a: Whimsicott|Encore|p2b: Delphox
|-start|p2b: Delphox|Encore
|move|p2b: Delphox|Heat Wave|p1a: Whimsicott|[spread] p1a
|-start|p1b: Chandelure|ability: Flash Fire
|-supereffective|p1a: Whimsicott|1
|-enditem|p1a: Whimsicott|Focus Sash
|-damage|p1a: Whimsicott|1/100
|move|p2a: Corviknight|Brave Bird|p1b: Chandelure
|-damage|p1b: Chandelure|52/100
|-damage|p2a: Corviknight|87/100|[from] Recoil
|move|p1b: Chandelure|Heat Wave|p2a: Corviknight|[spread] p2b
|-miss|p1b: Chandelure|p2a: Corviknight
|-resisted|p2b: Delphox|1
|-damage|p2b: Delphox|78/100
|
|-heal|p2a: Corviknight|93/100|[from] item: Leftovers
|-sideend|p2: aswin505|move: Tailwind
|upkeep
|turn|6
|
|t:|1784877431
|move|p1a: Whimsicott|Tailwind|p1a: Whimsicott
|-sidestart|p1: 25th_mang|move: Tailwind
|move|p1b: Chandelure|Heat Wave|p2b: Delphox|[spread] p2a,p2b
|-supereffective|p2a: Corviknight|1
|-resisted|p2b: Delphox|1
|-damage|p2a: Corviknight|11/100
|-damage|p2b: Delphox|59/100
|move|p2b: Delphox|Heat Wave|p1a: Whimsicott|[spread] p1a
|-immune|p1b: Chandelure|[from] ability: Flash Fire
|-supereffective|p1a: Whimsicott|1
|-damage|p1a: Whimsicott|0 fnt
|faint|p1a: Whimsicott
|move|p2a: Corviknight|Brave Bird|p1b: Chandelure
|-crit|p1b: Chandelure
|-damage|p1b: Chandelure|0 fnt
|faint|p1b: Chandelure
|-damage|p2a: Corviknight|0 fnt|[from] Recoil
|faint|p2a: Corviknight
|
|win|aswin505
|inactive|25th_mang has 30 seconds to confirm battle start!
|inactive|aswin505 has 30 seconds to confirm battle start!
||25th_mang is ready for game 2.
||aswin505 is ready for game 2.
|uhtml|next|Next: Game 2 of 3
|l|☆aswin505
|player|p2|
|l|☆25th_mang
|player|p1|
|j|☆25th_mang
|player|p1|25th_mang|ballguy|
