|j|☆naibot2814
|j|☆Jon Mateo
|html|naibot2814Jon Mateo    
|uhtml|bestof|Game 1 of a best-of-3
|t:|1783176473
|gametype|doubles
|player|p1|naibot2814|ghetsis|1297
|player|p2|Jon Mateo|101|1224
|gen|9
|tier|[Gen 9 Champions] VGC 2026 Reg M-B (Bo3)
|rated|
|rule|Species Clause: Limit one of each Pokémon
|rule|Item Clause: Limit 1 of each item
|clearpoke
|poke|p1|Incineroar, L50, M|
|poke|p1|Sinistcha, L50, shiny|
|poke|p1|Kingambit, L50, M|
|poke|p1|Delphox, L50, F|
|poke|p1|Sneasler, L50, M|
|poke|p1|Floette-Eternal, L50, F|
|poke|p2|Ninetales-Alola, L50, M|
|poke|p2|Milotic, L50, M|
|poke|p2|Scolipede, L50, F|
|poke|p2|Blaziken, L50, M|
|poke|p2|Aerodactyl, L50, F|
|poke|p2|Aegislash, L50, M|
|teampreview|4
|showteam|p1|Incineroar||SitrusBerry|Intimidate|FakeOut,DarkestLariat,FlareBlitz,PartingShot|Careful||M|||50|]Sinistcha||OccaBerry|Hospitality|MatchaGotcha,RagePowder,TrickRoom,Protect|Bold|||||50|]Kingambit||BlackGlasses|Defiant|KowtowCleave,SuckerPunch,SwordsDance,Protect|Adamant||M|||50|]Delphox||Delphoxite|Blaze|HeatWave,Psyshock,NastyPlot,Protect|Timid||F|||50|]Sneasler||FocusSash|PoisonTouch|FakeOut,PoisonJab,CloseCombat,Protect|Jolly||M|||50|]Floette-Eternal||Floettite|FlowerVeil|DrainingKiss,DazzlingGleam,CalmMind,Protect|Modest||F|||50|
|showteam|p2|Ninetales-Alola||ChoiceScarf|SnowWarning|Blizzard,FreezeDry,Psyshock,Moonblast|Modest||M|||50|]Milotic||Leftovers|Competitive|Scald,Blizzard,Protect,Recover|Bold||M|||50|]Scolipede||Scolipite|SpeedBoost|Earthquake,PoisonJab,SwordsDance,Protect|Impish||F|||50|]Blaziken||FocusSash|SpeedBoost|Protect,CloseCombat,BlazeKick,Coaching|Adamant||M|||50|]Aerodactyl||Aerodactylite|Unnerve|DualWingbeat,RockSlide,Protect,Tailwind|Jolly||F|||50|]Aegislash||SpellTag|StanceChange|ShadowSneak,Poltergeist,IronHead,KingsShield|Adamant||M|||50|
|
|t:|1783176517
|teamsize|p1|4
|teamsize|p2|4
|start
|switch|p1a: Gumball|Incineroar, L50, M|100/100
|switch|p1b: Sinistcha|Sinistcha, L50, shiny|100/100
|switch|p2a: Milotic|Milotic, L50, M|100/100
|switch|p2b: Aerodactyl|Aerodactyl, L50, F|100/100
|-ability|p2b: Aerodactyl|Unnerve
|-ability|p1a: Gumball|Intimidate|boost
|-unboost|p2a: Milotic|atk|1
|-ability|p2a: Milotic|Competitive|boost
|-boost|p2a: Milotic|spa|2
|-unboost|p2b: Aerodactyl|atk|1
|turn|1
|
|t:|1783176534
|detailschange|p2b: Aerodactyl|Aerodactyl-Mega, L50, F
|-mega|p2b: Aerodactyl|Aerodactyl|Aerodactylite
|move|p1a: Gumball|Fake Out|p2a: Milotic
|-damage|p2a: Milotic|90/100
|move|p2b: Aerodactyl|Dual Wingbeat|p1b: Sinistcha
|-supereffective|p1b: Sinistcha|1
|-damage|p1b: Sinistcha|76/100
|-supereffective|p1b: Sinistcha|1
|-damage|p1b: Sinistcha|52/100
|-hitcount|p1b: Sinistcha|2
|cant|p2a: Milotic|flinch
|move|p1b: Sinistcha|Trick Room|p1b: Sinistcha
|-fieldstart|move: Trick Room|[of] p1b: Sinistcha
|
|-heal|p2a: Milotic|97/100|[from] item: Leftovers
|upkeep
|turn|2
|
|t:|1783176550
|move|p1a: Gumball|Darkest Lariat|p2b: Aerodactyl
|-damage|p2b: Aerodactyl|57/100
|move|p1b: Sinistcha|Matcha Gotcha|p2a: Milotic|[spread] p2a,p2b
|-supereffective|p2a: Milotic|1
|-damage|p2a: Milotic|58/100
|-heal|p1b: Sinistcha|71/100|[from] drain|[of] p2a: Milotic
|-damage|p2b: Aerodactyl|26/100
|-heal|p1b: Sinistcha|85/100|[from] drain|[of] p2b: Aerodactyl
|-status|p2a: Milotic|brn
|move|p2a: Milotic|Blizzard|p1b: Sinistcha|[spread] p1a,p1b
|-resisted|p1a: Gumball|1
|-supereffective|p1b: Sinistcha|1
|-damage|p1a: Gumball|83/100
|-damage|p1b: Sinistcha|0 fnt
|faint|p1b: Sinistcha
|move|p2b: Aerodactyl|Dual Wingbeat|p1a: Gumball
|-damage|p1a: Gumball|70/100
|-damage|p1a: Gumball|56/100
|-hitcount|p1a: Gumball|2
|
|-heal|p2a: Milotic|64/100 brn|[from] item: Leftovers
|-damage|p2a: Milotic|58/100 brn|[from] brn
|upkeep
|
|t:|1783176567
|switch|p1b: Kingambit|Kingambit, L50, M|100/100
|turn|3
|
|t:|1783176602
|move|p1b: Kingambit|Swords Dance|p1b: Kingambit
|-boost|p1b: Kingambit|atk|2
|move|p1a: Gumball|Darkest Lariat|p2b: Aerodactyl
|-damage|p2b: Aerodactyl|0 fnt
|faint|p2b: Aerodactyl
|move|p2a: Milotic|Recover|p2a: Milotic
|-heal|p2a: Milotic|100/100 brn
|
|-damage|p2a: Milotic|93/100 brn|[from] brn
|upkeep
|
|t:|1783176640
|switch|p2b: Blaziken|Blaziken, L50, M|100/100
|turn|4
|
|t:|1783176649
|move|p1b: Kingambit|Kowtow Cleave|p2b: Blaziken
|-resisted|p2b: Blaziken|1
|-damage|p2b: Blaziken|2/100
|move|p1a: Gumball|Flare Blitz|p2b: Blaziken
|-resisted|p2b: Blaziken|1
|-damage|p2b: Blaziken|0 fnt
|faint|p2b: Blaziken
|-damage|p1a: Gumball|55/100|[from] Recoil
|move|p2a: Milotic|Scald|p1b: Kingambit
|-damage|p1b: Kingambit|33/100
|
|-heal|p2a: Milotic|100/100 brn|[from] item: Leftovers
|-damage|p2a: Milotic|93/100 brn|[from] brn
|upkeep
|
|t:|1783176687
|switch|p2b: Ninetales|Ninetales-Alola, L50, M|100/100
|-weather|Snowscape|[from] ability: Snow Warning|[of] p2b: Ninetales
|turn|5
|
|t:|1783176701
|move|p1b: Kingambit|Protect|p1b: Kingambit
|-singleturn|p1b: Kingambit|Protect
|move|p1a: Gumball|Flare Blitz|p2b: Ninetales
|-supereffective|p2b: Ninetales|1
|-damage|p2b: Ninetales|0 fnt
|faint|p2b: Ninetales
|-damage|p1a: Gumball|31/100|[from] Recoil
|-enditem|p1a: Gumball|Sitrus Berry|[eat]
|-heal|p1a: Gumball|56/100|[from] item: Sitrus Berry
|move|p2a: Milotic|Scald|p1a: Gumball
|-supereffective|p1a: Gumball|1
|-damage|p1a: Gumball|0 fnt
|faint|p1a: Gumball
|
|-weather|Snowscape|[upkeep]
|-heal|p2a: Milotic|100/100 brn|[from] item: Leftovers
|-damage|p2a: Milotic|93/100 brn|[from] brn
|-fieldend|move: Trick Room
|upkeep
|
|t:|1783176706
|switch|p1a: Madoka Kaname|Floette-Eternal, L50, F|100/100
|turn|6
|
|t:|1783176711
|detailschange|p1a: Madoka Kaname|Floette-Mega, L50, F
|-mega|p1a: Madoka Kaname|Floette|Floettite
|-ability|p1a: Madoka Kaname|Fairy Aura
|move|p1b: Kingambit|Sucker Punch|p2a: Milotic
|-damage|p2a: Milotic|0 fnt
|faint|p2a: Milotic
|
|win|naibot2814
||naibot2814 is ready for game 2.
|inactive|Jon Mateo has 30 seconds to confirm battle start!
||Jon Mateo is ready for game 2.
|uhtml|next|Next: Game 2 of 3
|l|☆Jon Mateo
|player|p2|
