|j|☆victorlien
|j|☆Llama_Llord
|html|victorlienLlama_Llord    
|uhtml|bestof|Game 1 of a best-of-3
|t:|1756799248
|gametype|doubles
|player|p1|victorlien|blaine|1236
|player|p2|Llama_Llord|1|1073
|gen|9
|tier|[Gen 9] VGC 2025 Reg H (Bo3)
|rated|
|rule|Species Clause: Limit one of each Pokémon
|rule|Item Clause: Limit 1 of each item
|clearpoke
|poke|p1|Gholdengo, L50|
|poke|p1|Amoonguss, L50, F|
|poke|p1|Porygon2, L50|
|poke|p1|Ursaluna, L50, M|
|poke|p1|Kilowattrel, L50, F|
|poke|p1|Incineroar, L50, M|
|poke|p2|Talonflame, L50, M|
|poke|p2|Garchomp, L50, F|
|poke|p2|Gholdengo, L50|
|poke|p2|Tyranitar, L50, F|
|poke|p2|Amoonguss, L50, F|
|poke|p2|Milotic, L50, F|
|teampreview|4
|showteam|p1|Gholdengo||LifeOrb|GoodasGold|MakeItRain,ShadowBall,NastyPlot,Protect||||||50|,,,,,Water]Amoonguss||RockyHelmet|Regenerator|Spore,PollenPuff,RagePowder,Protect|||F|||50|,,,,,Water]Porygon2||Eviolite|Download|TrickRoom,IceBeam,TeraBlast,Recover||||||50|,,,,,Fighting]Ursaluna||FlameOrb|Guts|Facade,HeadlongRush,Earthquake,Protect|||M|||50|,,,,,Ghost]Kilowattrel||SafetyGoggles|Competitive|Protect,VoltSwitch,Hurricane,Tailwind|||F|||50|,,,,,Electric]Incineroar||AssaultVest|Intimidate|FlareBlitz,KnockOff,FakeOut,Uturn|||M|||50|,,,,,Bug
|showteam|p2|Talonflame||CovertCloak|GaleWings|Tailwind,BraveBird,WillOWisp,Taunt|||M|||50|,,,,,Grass]Garchomp||LifeOrb|RoughSkin|Earthquake,DragonClaw,StompingTantrum,Protect|||F|||50|,,,,,Fairy]Gholdengo||ChoiceSpecs|GoodasGold|MakeItRain,ShadowBall,Thunderbolt,PowerGem||||||50|,,,,,Steel]Tyranitar||AssaultVest|SandStream|RockSlide,KnockOff,TeraBlast,LowKick|||F|||50|,,,,,Flying]Amoonguss||SitrusBerry|Regenerator|PollenPuff,Spore,RagePowder,Protect|||F|||50|,,,,,Grass]Milotic||SafetyGoggles|Competitive|Scald,IcyWind,Haze,Protect|||F|||50|,,,,,Dragon
|inactive|Battle timer is ON: inactive players will automatically lose when time's up. (requested by Llama_Llord)
|inactive|victorlien has 60 seconds left.
|inactive|Llama_Llord has 60 seconds left.
|inactive|victorlien has 30 seconds left.
|inactive|Llama_Llord has 30 seconds left.
|inactive|victorlien has 20 seconds left.
|inactive|Llama_Llord has 20 seconds left.
|inactive|Llama_Llord has 15 seconds left.
|
|t:|1756799324
|teamsize|p1|4
|teamsize|p2|4
|start
|switch|p1a: Kilowattrel|Kilowattrel, L50, F|100/100
|switch|p1b: Incineroar|Incineroar, L50, M|100/100
|switch|p2a: Talonflame|Talonflame, L50, M|100/100
|switch|p2b: Tyranitar|Tyranitar, L50, F|100/100
|-ability|p1b: Incineroar|Intimidate|boost
|-unboost|p2a: Talonflame|atk|1
|-unboost|p2b: Tyranitar|atk|1
|-weather|Sandstorm|[from] ability: Sand Stream|[of] p2b: Tyranitar
|turn|1
|inactive|victorlien has 30 seconds left.
|inactive|victorlien has 20 seconds left.
|inactive|victorlien has 15 seconds left.
|inactive|victorlien has 10 seconds left.
|inactive|victorlien has 5 seconds left.
|
|t:|1756799375
|switch|p2a: Garchomp|Garchomp, L50, F|100/100
|move|p1a: Kilowattrel|Protect|p1a: Kilowattrel
|-singleturn|p1a: Kilowattrel|Protect
|move|p1b: Incineroar|Flare Blitz|p2a: Garchomp
|-resisted|p2a: Garchomp
|-damage|p2a: Garchomp|71/100
|-damage|p1b: Incineroar|88/100|[from] ability: Rough Skin|[of] p2a: Garchomp
|-damage|p1b: Incineroar|79/100|[from] Recoil
|move|p2b: Tyranitar|Rock Slide|p1b: Incineroar|[spread] p1b
|-activate|p1a: Kilowattrel|move: Protect
|-supereffective|p1b: Incineroar
|-damage|p1b: Incineroar|34/100
|
|-weather|Sandstorm|[upkeep]
|-damage|p1b: Incineroar|28/100|[from] Sandstorm
|upkeep
|turn|2
|inactive|victorlien has 30 seconds left.
|inactive|Llama_Llord has 30 seconds left.
|
|t:|1756799403
|switch|p1b: Amoonguss|Amoonguss, L50, F|100/100
|move|p1a: Kilowattrel|Tailwind|p1a: Kilowattrel
|-sidestart|p1: victorlien|move: Tailwind
|move|p2a: Garchomp|Dragon Claw|p1a: Kilowattrel
|-damage|p1a: Kilowattrel|0 fnt
|faint|p1a: Kilowattrel
|-damage|p2a: Garchomp|61/100|[from] item: Life Orb
|move|p2b: Tyranitar|Rock Slide|p1b: Amoonguss|[miss]
|-miss|p2b: Tyranitar|p1b: Amoonguss
|
|-weather|Sandstorm|[upkeep]
|-damage|p1b: Amoonguss|95/100|[from] Sandstorm
|upkeep
|
|t:|1756799418
|switch|p1a: Incineroar|Incineroar, L50, M|28/100
|-ability|p1a: Incineroar|Intimidate|boost
|-unboost|p2a: Garchomp|atk|1
|-unboost|p2b: Tyranitar|atk|1
|turn|3
|inactive|victorlien has 30 seconds left.
|inactive|victorlien has 20 seconds left.
|inactive|victorlien has 15 seconds left.
|
|t:|1756799460
|switch|p2b: Milotic|Milotic, L50, F|100/100
|-terastallize|p1a: Incineroar|Bug
|move|p2a: Garchomp|Protect|p2a: Garchomp
|-singleturn|p2a: Garchomp|Protect
|move|p1a: Incineroar|Fake Out|p2b: Milotic
|-damage|p2b: Milotic|85/100
|move|p1b: Amoonguss|Spore|p2a: Garchomp
|-activate|p2a: Garchomp|move: Protect
|
|-weather|Sandstorm|[upkeep]
|-damage|p1a: Incineroar|22/100|[from] Sandstorm
|-damage|p1b: Amoonguss|89/100|[from] Sandstorm
|upkeep
|turn|4
|inactive|victorlien has 30 seconds left.
|inactive|Llama_Llord has 30 seconds left.
|inactive|Llama_Llord has 20 seconds left.
|
|t:|1756799496
|move|p2b: Milotic|Protect|p2b: Milotic
|-singleturn|p2b: Milotic|Protect
|move|p1b: Amoonguss|Rage Powder|p1b: Amoonguss
|-singleturn|p1b: Amoonguss|move: Rage Powder
|move|p1a: Incineroar|Knock Off|p2a: Garchomp
|-damage|p2a: Garchomp|15/100
|-damage|p1a: Incineroar|9/100|[from] ability: Rough Skin|[of] p2a: Garchomp
|-enditem|p2a: Garchomp|Life Orb|[from] move: Knock Off|[of] p1a: Incineroar
|move|p2a: Garchomp|Earthquake|p1b: Amoonguss|[spread] p1a,p1b
|-activate|p2b: Milotic|move: Protect
|-resisted|p1a: Incineroar
|-damage|p1a: Incineroar|0 fnt
|-damage|p1b: Amoonguss|69/100
|faint|p1a: Incineroar
|
|-weather|Sandstorm|[upkeep]
|-damage|p1b: Amoonguss|63/100|[from] Sandstorm
|upkeep
|
|t:|1756799514
|switch|p1a: Gholdengo|Gholdengo, L50, shiny|100/100
|turn|5
|inactive|victorlien has 30 seconds left.
|inactive|Llama_Llord has 30 seconds left.
|
|t:|1756799545
|move|p1a: Gholdengo|Shadow Ball|p2b: Milotic
|-damage|p2b: Milotic|38/100
|-unboost|p2b: Milotic|spd|1
|-ability|p2b: Milotic|Competitive|boost
|-boost|p2b: Milotic|spa|2
|-damage|p1a: Gholdengo|91/100|[from] item: Life Orb
|move|p2a: Garchomp|Stomping Tantrum|p1a: Gholdengo
|-supereffective|p1a: Gholdengo
|-damage|p1a: Gholdengo|36/100
|move|p2b: Milotic|Icy Wind|p1a: Gholdengo|[spread] p1a,p1b
|-resisted|p1a: Gholdengo
|-supereffective|p1b: Amoonguss
|-damage|p1a: Gholdengo|26/100
|-damage|p1b: Amoonguss|24/100
|-unboost|p1a: Gholdengo|spe|1
|-unboost|p1b: Amoonguss|spe|1
|move|p1b: Amoonguss|Pollen Puff|p2b: Milotic
|-damage|p2b: Milotic|13/100
|
|-weather|none
|-sideend|p1: victorlien|move: Tailwind
|upkeep
|turn|6
|
|t:|1756799568
|move|p2b: Milotic|Protect|p2b: Milotic
|-singleturn|p2b: Milotic|Protect
|move|p1b: Amoonguss|Rage Powder|p1b: Amoonguss
|-singleturn|p1b: Amoonguss|move: Rage Powder
|move|p2a: Garchomp|Earthquake|p1a: Gholdengo|[spread] p1a,p1b
|-activate|p2b: Milotic|move: Protect
|-supereffective|p1a: Gholdengo
|-damage|p1a: Gholdengo|0 fnt
|-damage|p1b: Amoonguss|0 fnt
|faint|p1a: Gholdengo
|faint|p1b: Amoonguss
|
|win|Llama_Llord
