|j|☆MinasDevilCrobats
|j|☆Its last min
|html|MinasDevilCrobatsIts last min    
|uhtml|bestof|Game 1 of a best-of-3
|t:|1756211294
|gametype|doubles
|player|p1|MinasDevilCrobats|darach-caitlin|1164
|player|p2|Its last min|265|1083
|gen|9
|tier|[Gen 9] VGC 2025 Reg H (Bo3)
|rated|
|rule|Species Clause: Limit one of each Pokémon
|rule|Item Clause: Limit 1 of each item
|clearpoke
|poke|p1|Dragapult, L50, M|
|poke|p1|Electabuzz, L50, F|
|poke|p1|Weavile, L50, M|
|poke|p1|Primarina, L50, M|
|poke|p1|Gholdengo, L50|
|poke|p1|Whimsicott, L50, F|
|poke|p2|Hydreigon, L50, M|
|poke|p2|Maushold-Four, L50|
|poke|p2|Gholdengo, L50|
|poke|p2|Ursaluna-Bloodmoon, L50, M|
|poke|p2|Incineroar, L50, M|
|poke|p2|Rillaboom, L50, F|
|teampreview|4
|showteam|p1|Dragapult||ChoiceBand|ClearBody|DragonDarts,PhantomForce,SuckerPunch,PsychicFangs|||M|||50|,,,,,Dragon]Electabuzz||Eviolite|VitalSpirit|Electroweb,FollowMe,Taunt,Protect|||F|||50|,,,,,Ghost]Weavile||FocusSash|Pickpocket|FakeOut,KnockOff,TripleAxel,Protect|||M|||50|,,,,,Stellar]Primarina||ThroatSpray|LiquidVoice|HyperVoice,Moonblast,Haze,Protect|||M|||50|,,,,,Water]Gholdengo||LifeOrb|GoodasGold|MakeItRain,ShadowBall,NastyPlot,Protect||||||50|,,,,,Water]Whimsicott||CovertCloak|Prankster|Tailwind,Moonblast,Taunt,FakeTears|||F|||50|,,,,,Water
|showteam|p2|Hydreigon||CovertCloak|Levitate|DracoMeteor,Tailwind,Snarl,Protect|||M|||50|,,,,,Steel]Maushold-Four||SitrusBerry|FriendGuard|FollowMe,SuperFang,Taunt,Protect||||||50|,,,,,Ghost]Gholdengo||GrassySeed|GoodasGold|NastyPlot,MakeItRain,ShadowBall,Protect||||||50|,,,,,Water]Ursaluna-Bloodmoon||LifeOrb|MindsEye|BloodMoon,HyperVoice,EarthPower,Protect|||M|||50|,,,,,Normal]Incineroar||SafetyGoggles|Intimidate|KnockOff,FlareBlitz,PartingShot,FakeOut|||M|||50|,,,,,Ghost]Rillaboom||AssaultVest|GrassySurge|FakeOut,Uturn,GrassyGlide,DrumBeating|||F|||50|,,,,,Fire
|inactive|Battle timer is ON: inactive players will automatically lose when time's up. (requested by MinasDevilCrobats)
|
|t:|1756211349
|teamsize|p1|4
|teamsize|p2|4
|start
|switch|p1a: Gholdengo|Gholdengo, L50|100/100
|switch|p1b: Whimsicott|Whimsicott, L50, F|100/100
|switch|p2a: Incineroar|Incineroar, L50, M, shiny|100/100
|switch|p2b: Rillaboom|Rillaboom, L50, F|100/100
|-fieldstart|move: Grassy Terrain|[from] ability: Grassy Surge|[of] p2b: Rillaboom
|-ability|p2a: Incineroar|Intimidate|boost
|-unboost|p1a: Gholdengo|atk|1
|-unboost|p1b: Whimsicott|atk|1
|turn|1
|inactive|Its last min has 30 seconds left.
|inactive|Its last min has 20 seconds left.
|inactive|Its last min has 15 seconds left.
|inactive|Its last min has 10 seconds left.
|inactive|Its last min has 5 seconds left.
|
|t:|1756211402
|move|p1a: Gholdengo|Protect|p1a: Gholdengo
|-singleturn|p1a: Gholdengo|Protect
|move|p1b: Whimsicott|Tailwind|p1b: Whimsicott
|-sidestart|p1: MinasDevilCrobats|move: Tailwind
|move|p2b: Rillaboom|Drum Beating|p1a: Gholdengo
|-activate|p1a: Gholdengo|move: Protect
|move|p2a: Incineroar|Flare Blitz|p1a: Gholdengo
|-activate|p1a: Gholdengo|move: Protect
|
|upkeep
|turn|2
|inactive|MinasDevilCrobats has 30 seconds left.
|inactive|MinasDevilCrobats has 20 seconds left.
|inactive|MinasDevilCrobats has 15 seconds left.
|inactive|MinasDevilCrobats has 10 seconds left.
|inactive|MinasDevilCrobats has 5 seconds left.
|
|t:|1756211457
|move|p1b: Whimsicott|Tailwind||[still]
|-fail|p1b: Whimsicott
|move|p1a: Gholdengo|Make It Rain|p2a: Incineroar|[spread] p2a,p2b
|-resisted|p2a: Incineroar
|-crit|p2a: Incineroar
|-damage|p2a: Incineroar|58/100
|-damage|p2b: Rillaboom|51/100
|-unboost|p1a: Gholdengo|spa|1
|-damage|p1a: Gholdengo|91/100|[from] item: Life Orb
|move|p2b: Rillaboom|Drum Beating|p1a: Gholdengo
|-resisted|p1a: Gholdengo
|-damage|p1a: Gholdengo|64/100
|-unboost|p1a: Gholdengo|spe|1
|move|p2a: Incineroar|Knock Off|p1a: Gholdengo
|-supereffective|p1a: Gholdengo
|-damage|p1a: Gholdengo|0 fnt
|-enditem|p1a: Gholdengo|Life Orb|[from] move: Knock Off|[of] p2a: Incineroar
|faint|p1a: Gholdengo
|
|-heal|p2b: Rillaboom|56/100|[from] Grassy Terrain
|-heal|p2a: Incineroar|64/100|[from] Grassy Terrain
|upkeep
|
|t:|1756211481
|switch|p1a: Weavile|Weavile, L50, M|100/100
|turn|3
|
|t:|1756211502
|switch|p2b: Gholdengo|Gholdengo, L50|100/100
|-enditem|p2b: Gholdengo|Grassy Seed
|-boost|p2b: Gholdengo|def|1|[from] item: Grassy Seed
|-terastallize|p2a: Incineroar|Ghost
|move|p1a: Weavile|Protect|p1a: Weavile
|-singleturn|p1a: Weavile|Protect
|move|p1b: Whimsicott|Moonblast|p2a: Incineroar
|-damage|p2a: Incineroar|37/100
|move|p2a: Incineroar|Parting Shot|p1a: Weavile
|-activate|p1a: Weavile|move: Protect
|
|-heal|p2a: Incineroar|43/100|[from] Grassy Terrain
|upkeep
|turn|4
|inactive|MinasDevilCrobats has 30 seconds left.
|inactive|Its last min has 30 seconds left.
|inactive|Its last min has 20 seconds left.
|inactive|Its last min has 15 seconds left.
|
|t:|1756211546
|switch|p2a: Maushold|Maushold-Four, L50|100/100
|-terastallize|p1a: Weavile|Stellar
|move|p1b: Whimsicott|Taunt|p2a: Maushold
|-start|p2a: Maushold|move: Taunt
|move|p1a: Weavile|Knock Off|p2b: Gholdengo
|-supereffective|p2b: Gholdengo
|-damage|p2b: Gholdengo|51/100
|move|p2b: Gholdengo|Make It Rain|p1b: Whimsicott|[spread] p1a,p1b
|-supereffective|p1a: Weavile
|-supereffective|p1b: Whimsicott
|-enditem|p1a: Weavile|Focus Sash
|-damage|p1a: Weavile|1/100
|-damage|p1b: Whimsicott|0 fnt
|-unboost|p2b: Gholdengo|spa|1
|faint|p1b: Whimsicott
|
|-heal|p1a: Weavile|7/100|[from] Grassy Terrain
|-heal|p2b: Gholdengo|57/100|[from] Grassy Terrain
|-sideend|p1: MinasDevilCrobats|move: Tailwind
|upkeep
|
|t:|1756211555
|switch|p1b: Primarina|Primarina, L50, M|100/100
|turn|5
|
|t:|1756211563
|switch|p2a: Incineroar|Incineroar, L50, M, shiny, tera:Ghost|43/100
|-ability|p2a: Incineroar|Intimidate|boost
|-unboost|p1a: Weavile|atk|1
|-unboost|p1b: Primarina|atk|1
|move|p2b: Gholdengo|Protect|p2b: Gholdengo
|-singleturn|p2b: Gholdengo|Protect
|move|p1a: Weavile|Knock Off|p2b: Gholdengo
|-activate|p2b: Gholdengo|move: Protect
|move|p1b: Primarina|Hyper Voice|p2b: Gholdengo|[spread] p2a
|-activate|p2b: Gholdengo|move: Protect
|-damage|p2a: Incineroar|8/100
|-enditem|p1b: Primarina|Throat Spray
|-boost|p1b: Primarina|spa|1|[from] item: Throat Spray
|
|-heal|p1a: Weavile|14/100|[from] Grassy Terrain
|-heal|p2b: Gholdengo|63/100|[from] Grassy Terrain
|-heal|p2a: Incineroar|15/100|[from] Grassy Terrain
|-fieldend|move: Grassy Terrain
|upkeep
|turn|6
|
|t:|1756211582
|move|p2a: Incineroar|Fake Out|p1b: Primarina
|-damage|p1b: Primarina|86/100
|move|p1a: Weavile|Knock Off|p2b: Gholdengo
|-supereffective|p2b: Gholdengo
|-damage|p2b: Gholdengo|29/100
|move|p2b: Gholdengo|Nasty Plot|p2b: Gholdengo
|-boost|p2b: Gholdengo|spa|2
|cant|p1b: Primarina|flinch
|
|upkeep
|turn|7
|
|t:|1756211591
|move|p2b: Gholdengo|Protect|p2b: Gholdengo
|-singleturn|p2b: Gholdengo|Protect
|move|p1a: Weavile|Knock Off|p2b: Gholdengo
|-activate|p2b: Gholdengo|move: Protect
|move|p2a: Incineroar|Parting Shot|p1b: Primarina
|-unboost|p1b: Primarina|atk|1
|-unboost|p1b: Primarina|spa|1
|
|t:|1756211596
|switch|p2a: Rillaboom|Rillaboom, L50, F|56/100|[from] Parting Shot
|-fieldstart|move: Grassy Terrain|[from] ability: Grassy Surge|[of] p2a: Rillaboom
|move|p1b: Primarina|Hyper Voice|p2b: Gholdengo|[spread] p2a
|-activate|p2b: Gholdengo|move: Protect
|-resisted|p2a: Rillaboom
|-damage|p2a: Rillaboom|40/100
|
|-heal|p1a: Weavile|20/100|[from] Grassy Terrain
|-heal|p2a: Rillaboom|46/100|[from] Grassy Terrain
|-heal|p2b: Gholdengo|35/100|[from] Grassy Terrain
|-heal|p1b: Primarina|92/100|[from] Grassy Terrain
|upkeep
|turn|8
|
|t:|1756211611
|move|p1a: Weavile|Protect|p1a: Weavile
|-singleturn|p1a: Weavile|Protect
|move|p2a: Rillaboom|Grassy Glide|p1a: Weavile
|-activate|p1a: Weavile|move: Protect
|move|p2b: Gholdengo|Make It Rain|p1b: Primarina|[spread] p1b
|-activate|p1a: Weavile|move: Protect
|-damage|p1b: Primarina|28/100
|-unboost|p2b: Gholdengo|spa|1
|move|p1b: Primarina|Hyper Voice|p2a: Rillaboom|[spread] p2a,p2b
|-resisted|p2a: Rillaboom
|-damage|p2a: Rillaboom|31/100
|-damage|p2b: Gholdengo|0 fnt
|faint|p2b: Gholdengo
|
|-heal|p1a: Weavile|26/100|[from] Grassy Terrain
|-heal|p2a: Rillaboom|37/100|[from] Grassy Terrain
|-heal|p1b: Primarina|33/100|[from] Grassy Terrain
|upkeep
|
|t:|1756211625
|switch|p2b: Incineroar|Incineroar, L50, M, shiny, tera:Ghost|15/100
|-ability|p2b: Incineroar|Intimidate|boost
|-unboost|p1a: Weavile|atk|1
|-unboost|p1b: Primarina|atk|1
|turn|9
|
|t:|1756211630
|move|p1a: Weavile|Protect||[still]
|-fail|p1a: Weavile
|move|p1b: Primarina|Protect|p1b: Primarina
|-singleturn|p1b: Primarina|Protect
|move|p2b: Incineroar|Fake Out|p1a: Weavile
|-damage|p1a: Weavile|5/100
|-enditem|p2b: Incineroar|Safety Goggles|[silent]|[from] ability: Pickpocket|[of] p2b: Incineroar
|-item|p1a: Weavile|Safety Goggles|[from] ability: Pickpocket|[of] p2b: Incineroar
|move|p2a: Rillaboom|U-turn|p1a: Weavile
|-supereffective|p1a: Weavile
|-damage|p1a: Weavile|0 fnt
|faint|p1a: Weavile
|
|t:|1756211631
|switch|p2a: Maushold|Maushold-Four, L50|100/100|[from] U-turn
|
|-heal|p2b: Incineroar|21/100|[from] Grassy Terrain
|-heal|p1b: Primarina|39/100|[from] Grassy Terrain
|upkeep
|turn|10
|-message|MinasDevilCrobats forfeited.
|
|win|Its last min
||MinasDevilCrobats is ready for game 2.
||Its last min is ready for game 2.
|uhtml|next|Next: Game 2 of 3
