|j|☆Miss buss buss
|j|☆jANMxRin
|html|Miss buss bussjANMxRin    
|uhtml|bestof|Game 2 of a best-of-3
|t:|1782997055
|gametype|doubles
|player|p1|Miss buss buss|266|1046
|player|p2|jANMxRin|2|1123
|gen|9
|tier|[Gen 9 Champions] VGC 2026 Reg M-B (Bo3)
|rated|
|rule|Species Clause: Limit one of each Pokémon
|rule|Item Clause: Limit 1 of each item
|clearpoke
|poke|p1|Hatterene, L50, F|
|poke|p1|Dragalge, L50, M|
|poke|p1|Musharna, L50, M|
|poke|p1|Meowstic, L50, M|
|poke|p1|Camerupt, L50, F|
|poke|p1|Tinkaton, L50, F|
|poke|p2|Delphox, L50, F|
|poke|p2|Floette-Eternal, L50, F|
|poke|p2|Sinistcha, L50|
|poke|p2|Kingambit, L50, M|
|poke|p2|Sneasler, L50, M|
|poke|p2|Incineroar, L50, F|
|teampreview|4
|showteam|p1|Hatterene||BabiriBerry|MagicBounce|ShadowBall,DazzlingGleam,TrickRoom,ExpandingForce|Quiet||F|||50|]Dragalge||Dragalgite|Adaptability|FlipTurn,HydroPump,DracoMeteor,SludgeWave|Modest||M|||50|]Musharna||ColburBerry|Telepathy|ExpandingForce,Moonblast,TrickRoom,Protect|Sassy||M|||50|]Meowstic||SitrusBerry|Prankster|PsychicTerrain,DarkPulse,LightScreen,ExpandingForce|Serious||M|||50|]Camerupt||Cameruptite|MagmaArmor|Eruption,EarthPower,FireBlast,Protect|Modest||F|||50|]Tinkaton||OccaBerry|OwnTempo|GigatonHammer,PlayRough,BrickBreak,Protect|Careful||F|||50|
|showteam|p2|Delphox||Delphoxite|Blaze|HeatWave,Psyshock,NastyPlot,Protect|Timid||F|||50|]Floette-Eternal||Floettite|FlowerVeil|Moonblast,DazzlingGleam,CalmMind,Protect|Modest||F|||50|]Sinistcha||KasibBerry|Hospitality|MatchaGotcha,RagePowder,TrickRoom,Protect|Bold|||||50|]Kingambit||BlackGlasses|Defiant|KowtowCleave,SuckerPunch,SwordsDance,Protect|Adamant||M|||50|]Sneasler||FocusSash|PoisonTouch|FakeOut,CloseCombat,DireClaw,QuickGuard|Jolly||M|||50|]Incineroar||SitrusBerry|Intimidate|PartingShot,FlareBlitz,ThroatChop,FakeOut|Impish||F|||50|
|
|t:|1782997087
|teamsize|p1|4
|teamsize|p2|4
|start
|switch|p1a: Meowstic|Meowstic, L50, M|100/100
|switch|p1b: Hatterene|Hatterene, L50, F|100/100
|switch|p2a: Delphox|Delphox, L50, F|100/100
|switch|p2b: Incineroar|Incineroar, L50, F|100/100
|-ability|p2b: Incineroar|Intimidate|boost
|-unboost|p1a: Meowstic|atk|1
|-unboost|p1b: Hatterene|atk|1
|turn|1
|inactive|Battle timer is ON: inactive players will automatically lose when time's up. (requested by Miss buss buss)
|inactive|jANMxRin has 60 seconds left.
|
|t:|1782997133
|detailschange|p2a: Delphox|Delphox-Mega, L50, F
|-mega|p2a: Delphox|Delphox|Delphoxite
|move|p1a: Meowstic|Psychic Terrain|p1a: Meowstic
|-fieldstart|move: Psychic Terrain
|move|p2a: Delphox|Heat Wave|p1b: Hatterene|[spread] p1a,p1b
|-damage|p1a: Meowstic|53/100
|-damage|p1b: Hatterene|54/100
|move|p2b: Incineroar|Throat Chop|p1a: Meowstic
|-supereffective|p1a: Meowstic|1
|-damage|p1a: Meowstic|0 fnt
|faint|p1a: Meowstic
|move|p1b: Hatterene|Trick Room|p1b: Hatterene
|-fieldstart|move: Trick Room|[of] p1b: Hatterene
|
|upkeep
|
|t:|1782997152
|switch|p1a: Camerupt|Camerupt, L50, F|100/100
|turn|2
|inactive|jANMxRin has 30 seconds left.
|
|t:|1782997183
|detailschange|p1a: Camerupt|Camerupt-Mega, L50, F
|-mega|p1a: Camerupt|Camerupt|Cameruptite
|move|p2a: Delphox|Protect|p2a: Delphox
|-singleturn|p2a: Delphox|Protect
|move|p1a: Camerupt|Earth Power|p2b: Incineroar
|-supereffective|p2b: Incineroar|1
|-damage|p2b: Incineroar|0 fnt
|faint|p2b: Incineroar
|move|p1b: Hatterene|Shadow Ball|p2a: Delphox
|-activate|p2a: Delphox|move: Protect
|
|upkeep
|
|t:|1782997196
|switch|p2b: Sneasler|Sneasler, L50, M|100/100
|turn|3
|inactive|jANMxRin has 30 seconds left.
|inactive|jANMxRin has 20 seconds left.
|inactive|jANMxRin has 15 seconds left.
|inactive|jANMxRin has 10 seconds left.
|
|t:|1782997244
|move|p1a: Camerupt|Earth Power|p2b: Sneasler
|-supereffective|p2b: Sneasler|1
|-enditem|p2b: Sneasler|Focus Sash
|-damage|p2b: Sneasler|1/100
|move|p1b: Hatterene|Dazzling Gleam|p2a: Delphox|[spread] p2a,p2b
|-resisted|p2a: Delphox|1
|-damage|p2a: Delphox|81/100
|-damage|p2b: Sneasler|0 fnt
|faint|p2b: Sneasler
|move|p2a: Delphox|Heat Wave|p1b: Hatterene|[spread] p1a,p1b
|-resisted|p1a: Camerupt|1
|-damage|p1a: Camerupt|79/100
|-damage|p1b: Hatterene|12/100
|
|upkeep
|
|t:|1782997252
|switch|p2b: Kingambit|Kingambit, L50, M|100/100
|turn|4
|inactive|jANMxRin has 30 seconds left.
|inactive|jANMxRin has 20 seconds left.
|inactive|jANMxRin has 15 seconds left.
|inactive|jANMxRin has 10 seconds left.
|
|t:|1782997298
|move|p2b: Kingambit|Protect|p2b: Kingambit
|-singleturn|p2b: Kingambit|Protect
|move|p1a: Camerupt|Fire Blast|p2b: Kingambit
|-activate|p2b: Kingambit|move: Protect
|move|p1b: Hatterene|Shadow Ball|p2a: Delphox
|-supereffective|p2a: Delphox|1
|-damage|p2a: Delphox|15/100
|move|p2a: Delphox|Psyshock|p1a: Camerupt
|-damage|p1a: Camerupt|33/100
|
|upkeep
|turn|5
|
|t:|1782997316
|move|p2b: Kingambit|Protect|p2b: Kingambit
|-singleturn|p2b: Kingambit|Protect
|move|p2a: Delphox|Protect|p2a: Delphox
|-singleturn|p2a: Delphox|Protect
|move|p1a: Camerupt|Fire Blast|p2b: Kingambit
|-activate|p2b: Kingambit|move: Protect
|move|p1b: Hatterene|Shadow Ball|p2a: Delphox
|-activate|p2a: Delphox|move: Protect
|
|-fieldend|move: Trick Room
|-fieldend|move: Psychic Terrain
|upkeep
|turn|6
|
|t:|1782997335
|move|p2b: Kingambit|Sucker Punch|p1a: Camerupt
|-damage|p1a: Camerupt|0 fnt
|faint|p1a: Camerupt
|move|p2a: Delphox|Heat Wave|p1b: Hatterene
|-damage|p1b: Hatterene|0 fnt
|faint|p1b: Hatterene
|
|upkeep
|-message|Miss buss buss forfeited.
|
|win|jANMxRin
|raw|Miss buss buss's rating: 1046 → 1033(-13 for losing)
|raw|jANMxRin's rating: 1123 → 1143(+20 for winning)
