|j|☆Malembro
|j|☆mikewwm8
|html|Malembromikewwm8    
|uhtml|bestof|Game 1 of a best-of-3
|t:|1783602092
|gametype|doubles
|player|p1|Malembro|1|
|player|p2|mikewwm8|266|
|gen|9
|tier|[Gen 9 Champions] VGC 2026 Reg M-B (Bo3)
|rule|Species Clause: Limit one of each Pokémon
|rule|Item Clause: Limit 1 of each item
|clearpoke
|poke|p1|Aerodactyl, L50, F|
|poke|p1|Kingambit, L50, M|
|poke|p1|Sylveon, L50, F|
|poke|p1|Garchomp, L50, M|
|poke|p1|Charizard, L50, F|
|poke|p1|Incineroar, L50, F|
|poke|p2|Tyranitar, L50, M|
|poke|p2|Excadrill, L50, F|
|poke|p2|Milotic, L50, F|
|poke|p2|Mawile, L50, M|
|poke|p2|Sneasler, L50, F|
|poke|p2|Sinistcha, L50|
|teampreview|4
|showteam|p1|Aerodactyl||Aerodactylite|Unnerve|RockSlide,IceFang,Tailwind,WideGuard|Jolly||F|||50|]Kingambit||FocusSash|Defiant|KowtowCleave,SuckerPunch,IronHead,Protect|Adamant||M|||50|]Sylveon||FairyFeather|Pixilate|HyperVoice,HyperBeam,QuickAttack,Detect|Modest||F|||50|]Garchomp||LifeOrb|RoughSkin|Earthquake,DragonClaw,StompingTantrum,Protect|Jolly||M|||50|]Charizard||CharizarditeY|Blaze|HeatWave,WeatherBall,SolarBeam,Protect|Modest||F|||50|]Incineroar||SitrusBerry|Intimidate|DarkestLariat,FlareBlitz,FakeOut,PartingShot|Impish||F|||50|
|showteam|p2|Tyranitar||Tyranitarite|SandStream|RockSlide,KnockOff,IcePunch,Protect|Adamant||M|||50|]Excadrill||FocusSash|SandRush|HighHorsepower,IronHead,RockSlide,Protect|Adamant||F|||50|]Milotic||Leftovers|Competitive|Scald,IcyWind,Recover,Protect|Modest||F|||50|]Mawile||Mawilite|HyperCutter|PlayRough,SuckerPunch,SwordsDance,Protect|Adamant||M|||50|]Sneasler||WhiteHerb|Unburden|CloseCombat,DireClaw,FakeOut,Protect|Adamant||F|||50|]Sinistcha||CobaBerry|Hospitality|MatchaGotcha,RagePowder,TrickRoom,Protect|Bold|||||50|
|c|☆mikewwm8|It has the natures, perfect
|c|☆Malembro|perfect
|c|☆mikewwm8|alright, glhf
|inactive|Battle timer is ON: inactive players will automatically lose when time's up. (requested by mikewwm8)
|c|☆Malembro|you too!
|inactive|Malembro has 60 seconds left.
|
|t:|1783602207
|teamsize|p1|4
|teamsize|p2|4
|start
|switch|p1a: Charizard|Charizard, L50, F|100/100
|switch|p1b: Garchomp|Garchomp, L50, M|100/100
|switch|p2a: Excadrill|Excadrill, L50, F|100/100
|switch|p2b: Milotic|Milotic, L50, F|100/100
|turn|1
|inactive|Malembro has 30 seconds left.
|inactive|Malembro has 20 seconds left.
|
|t:|1783602246
|move|p2a: Excadrill|Protect|p2a: Excadrill
|-singleturn|p2a: Excadrill|Protect
|move|p1a: Charizard|Protect|p1a: Charizard
|-singleturn|p1a: Charizard|Protect
|move|p1b: Garchomp|Stomping Tantrum|p2a: Excadrill
|-activate|p2a: Excadrill|move: Protect
|move|p2b: Milotic|Icy Wind|p1b: Garchomp|[spread] p1b
|-activate|p1a: Charizard|move: Protect
|-supereffective|p1b: Garchomp|2
|-damage|p1b: Garchomp|49/100
|-unboost|p1b: Garchomp|spe|1
|
|upkeep
|turn|2
|inactive|Malembro has 30 seconds left.
|inactive|mikewwm8 has 30 seconds left.
|
|t:|1783602281
|switch|p1b: Kingambit|Kingambit, L50, M|100/100
|detailschange|p1a: Charizard|Charizard-Mega-Y, L50, F
|-mega|p1a: Charizard|Charizard|Charizardite Y
|-weather|SunnyDay|[from] ability: Drought|[of] p1a: Charizard
|move|p2a: Excadrill|Rock Slide|p1a: Charizard|[spread] p1a,p1b
|-supereffective|p1a: Charizard|2
|-resisted|p1b: Kingambit|1
|-damage|p1a: Charizard|0 fnt
|-damage|p1b: Kingambit|91/100
|faint|p1a: Charizard
|move|p2b: Milotic|Icy Wind|p1b: Kingambit|[miss]
|-miss|p2b: Milotic|p1b: Kingambit
|
|-weather|SunnyDay|[upkeep]
|upkeep
|
|t:|1783602303
|switch|p1a: Garchomp|Garchomp, L50, M|49/100
|turn|3
|
|t:|1783602325
|move|p2a: Excadrill|Protect|p2a: Excadrill
|-singleturn|p2a: Excadrill|Protect
|move|p1b: Kingambit|Sucker Punch||[still]
|-fail|p1b: Kingambit
|move|p1a: Garchomp|Stomping Tantrum|p2a: Excadrill
|-activate|p2a: Excadrill|move: Protect
|move|p2b: Milotic|Icy Wind|p1b: Kingambit|[spread] p1a,p1b
|-supereffective|p1a: Garchomp|2
|-resisted|p1b: Kingambit|1
|-crit|p1b: Kingambit
|-damage|p1a: Garchomp|0 fnt
|-damage|p1b: Kingambit|81/100
|-unboost|p1b: Kingambit|spe|1
|-ability|p1b: Kingambit|Defiant|boost
|-boost|p1b: Kingambit|atk|2
|faint|p1a: Garchomp
|
|-weather|SunnyDay|[upkeep]
|upkeep
|
|t:|1783602340
|switch|p1a: Incineroar|Incineroar, L50, F|100/100
|-ability|p1a: Incineroar|Intimidate|boost
|-unboost|p2a: Excadrill|atk|1
|-unboost|p2b: Milotic|atk|1
|-ability|p2b: Milotic|Competitive|boost
|-boost|p2b: Milotic|spa|2
|turn|4
|
|t:|1783602356
|switch|p2a: Tyranitar|Tyranitar, L50, M|100/100
|-weather|Sandstorm|[from] ability: Sand Stream|[of] p2a: Tyranitar
|move|p2b: Milotic|Protect|p2b: Milotic
|-singleturn|p2b: Milotic|Protect
|move|p1a: Incineroar|Fake Out|p2a: Tyranitar
|-resisted|p2a: Tyranitar|1
|-damage|p2a: Tyranitar|95/100
|move|p1b: Kingambit|Kowtow Cleave|p2b: Milotic
|-activate|p2b: Milotic|move: Protect
|
|-weather|Sandstorm|[upkeep]
|-damage|p2b: Milotic|94/100|[from] Sandstorm
|-damage|p1a: Incineroar|94/100|[from] Sandstorm
|-heal|p2b: Milotic|100/100|[from] item: Leftovers
|upkeep
|turn|5
|inactive|Malembro has 30 seconds left.
|
|t:|1783602390
|detailschange|p2a: Tyranitar|Tyranitar-Mega, L50, M
|-mega|p2a: Tyranitar|Tyranitar|Tyranitarite
|move|p2a: Tyranitar|Rock Slide|p1b: Kingambit|[spread] p1a,p1b
|-supereffective|p1a: Incineroar|1
|-resisted|p1b: Kingambit|1
|-damage|p1a: Incineroar|43/100
|-damage|p1b: Kingambit|67/100
|-enditem|p1a: Incineroar|Sitrus Berry|[eat]
|-heal|p1a: Incineroar|68/100|[from] item: Sitrus Berry
|move|p2b: Milotic|Scald|p1b: Kingambit
|-damage|p1b: Kingambit|1/100
|move|p1a: Incineroar|Parting Shot|p2a: Tyranitar
|-unboost|p2a: Tyranitar|atk|1
|-unboost|p2a: Tyranitar|spa|1
|cant|p1b: Kingambit|flinch
|
|-weather|Sandstorm|[upkeep]
|-damage|p2b: Milotic|94/100|[from] Sandstorm
|-damage|p1a: Incineroar|62/100|[from] Sandstorm
|-heal|p2b: Milotic|100/100|[from] item: Leftovers
|upkeep
|turn|6
|
|t:|1783602411
|switch|p2b: Excadrill|Excadrill, L50, F|100/100
|move|p1b: Kingambit|Sucker Punch||[still]
|-fail|p1b: Kingambit
|move|p2a: Tyranitar|Rock Slide|p1a: Incineroar|[spread] 
|-miss|p2a: Tyranitar|p1a: Incineroar
|-miss|p2a: Tyranitar|p1b: Kingambit
|move|p1a: Incineroar|Darkest Lariat|p2a: Tyranitar
|-resisted|p2a: Tyranitar|1
|-damage|p2a: Tyranitar|84/100
|
|-weather|Sandstorm|[upkeep]
|-damage|p1a: Incineroar|56/100|[from] Sandstorm
|upkeep
|turn|7
|c|☆Malembro|gg
|-message|Malembro forfeited.
|
|win|mikewwm8
|l|☆Malembro
|player|p1|
||mikewwm8 is ready for game 2.
||Malembro is ready for game 2.
|uhtml|next|Next: Game 2 of 3
