|j|â˜†Valdens
|j|â˜†Discocardshark
|html|ValdensDiscocardshark    
|uhtml|bestof|Game 1 of a best-of-3
|t:|1756164332
|gametype|doubles
|player|p1|Valdens|ltsurge|
|player|p2|Discocardshark|1|
|gen|9
|tier|[Gen 9] VGC 2025 Reg H (Bo3)
|rule|Species Clause: Limit one of each PokÃ©mon
|rule|Item Clause: Limit 1 of each item
|clearpoke
|poke|p1|Sandslash-Alola, L50, M|
|poke|p1|Ninetales-Alola, L50, F|
|poke|p1|Indeedee-F, L50, F|
|poke|p1|Persian-Alola, L50, M|
|poke|p1|Arcanine-Hisui, L50, F|
|poke|p1|Hawlucha, L50, F|
|poke|p2|Farigiraf, L50, F|
|poke|p2|Torkoal, L50, F|
|poke|p2|Chandelure, L50, F|
|poke|p2|Lilligant-Hisui, L50, F|
|poke|p2|Krookodile, L50, M|
|poke|p2|Oricorio-Pom-Pom, L50, M|
|teampreview|4
|showteam|p1|Sandslash-Alola||FocusSash|SlushRush|SwordsDance,IceSpinner,BrickBreak,DrillRun|||M|||50|,,,,,Water]Ninetales-Alola||IciclePlate|SnowWarning|Blizzard,AuroraVeil,Hypnosis,Encore|||F|||50|,,,,,Water]Indeedee-F||RedCard|PsychicSurge|FollowMe,LightScreen,ShadowBall,HyperVoice|||F|||50|,,,,,Psychic]Persian-Alola||WideLens|FurCoat|FakeOut,PartingShot,Snarl,Hypnosis|||M|||50|,,,,,Poison]Arcanine-Hisui||AirBalloon|Intimidate|RockSlide,ExtremeSpeed,FlareBlitz,Roar|||F|||50|,,,,,Flying]Hawlucha||PsychicSeed|Unburden|SwordsDance,Acrobatics,RockSlide,CloseCombat|||F|||50|,,,,,Dark
|showteam|p2|Farigiraf||Leftovers|ArmorTail|HyperVoice,HelpingHand,AllySwitch,ExpandingForce|||F|||50|,,,,,Ghost]Torkoal||Charcoal|Drought|Eruption,EarthPower,Protect,Flamethrower|||F|||50|,,,,,Fire]Chandelure||AssaultVest|FlashFire|HeatWave,ShadowBall,EnergyBall,TeraBlast|||F|||50|,,,,,Steel]Lilligant-Hisui||FocusSash|Chlorophyll|LeafBlade,IceSpinner,BrickBreak,AfterYou|||F|||50|,,,,,Steel]Krookodile||ClearAmulet|Intimidate|HighHorsepower,KnockOff,FireFang,Protect|||M|||50|,,,,,Fire]Oricorio-Pom-Pom||SitrusBerry|Dancer|RevelationDance,AirSlash,IcyWind,Protect|||M|||50|,,,,,Steel
|c|â˜†Discocardshark|allo
|j| ScoutFlower
|c|â˜†Discocardshark|wait
|c|â˜†Discocardshark|it auto-did team sheets
|j| karratti
|c|â˜†Valdens|oh
|c|â˜†Valdens|let's agree to not check then?
|c|â˜†Valdens|I trust you haha
|c|â˜†Discocardshark|scout's honor
|c|â˜†Valdens|Best of luck pal, may your jokers all xMult
|
|t:|1756164487
|teamsize|p1|4
|teamsize|p2|4
|start
|switch|p1a: Persian|Persian-Alola, L50, M|100/100
|switch|p1b: Hawlucha|Hawlucha, L50, F|100/100
|switch|p2a: Kingeregnik|Farigiraf, L50, F|100/100
|switch|p2b: Kainodile|Krookodile, L50, M|100/100
|-ability|p2b: Kainodile|Intimidate|boost
|-unboost|p1a: Persian|atk|1
|-unboost|p1b: Hawlucha|atk|1
|turn|1
|inactive|Battle timer is ON: inactive players will automatically lose when time's up. (requested by Valdens)
|inactive|Discocardshark has 60 seconds left.
|
|t:|1756164539
|move|p1a: Persian|Hypnosis|p2a: Kingeregnik
|-status|p2a: Kingeregnik|slp|[from] move: Hypnosis
|move|p1b: Hawlucha|Swords Dance|p1b: Hawlucha
|-boost|p1b: Hawlucha|atk|2
|move|p2b: Kainodile|Knock Off|p1a: Persian
|-resisted|p1a: Persian
|-damage|p1a: Persian|80/100
|-enditem|p1a: Persian|Wide Lens|[from] move: Knock Off|[of] p2b: Kainodile
|cant|p2a: Kingeregnik|slp
|
|upkeep
|turn|2
|inactive|Discocardshark has 30 seconds left.
|inactive|Discocardshark has 20 seconds left.
|inactive|Discocardshark has 15 seconds left.
|inactive|Discocardshark has 10 seconds left.
|
|t:|1756164585
|move|p2b: Kainodile|Protect|p2b: Kainodile
|-singleturn|p2b: Kainodile|Protect
|move|p1b: Hawlucha|Close Combat|p2a: Kingeregnik
|-damage|p2a: Kingeregnik|23/100 slp
|-unboost|p1b: Hawlucha|def|1
|-unboost|p1b: Hawlucha|spd|1
|move|p1a: Persian|Hypnosis|p2b: Kainodile
|-activate|p2b: Kainodile|move: Protect
|-curestatus|p2a: Kingeregnik|slp|[msg]
|move|p2a: Kingeregnik|Expanding Force|p1b: Hawlucha
|-supereffective|p1b: Hawlucha
|-damage|p1b: Hawlucha|0 fnt
|faint|p1b: Hawlucha
|
|-heal|p2a: Kingeregnik|29/100|[from] item: Leftovers
|upkeep
|
|t:|1756164600
|switch|p1b: Arcanine|Arcanine-Hisui, L50, F|100/100
|-ability|p1b: Arcanine|Intimidate|boost
|-unboost|p2a: Kingeregnik|atk|1
|-fail|p2b: Kainodile|unboost|[from] item: Clear Amulet|[of] p2b: Kainodile
|-item|p1b: Arcanine|Air Balloon
|turn|3
|inactive|Discocardshark has 30 seconds left.
|
|t:|1756164634
|move|p2a: Kingeregnik|Ally Switch|p2a: Kingeregnik
|swap|p2a: Kingeregnik|1|[from] move: Ally Switch
|move|p1a: Persian|Hypnosis|p2b: Kingeregnik
|-status|p2b: Kingeregnik|slp|[from] move: Hypnosis
|move|p2a: Kainodile|Knock Off|p1b: Arcanine
|-damage|p1b: Arcanine|48/100
|-enditem|p1b: Arcanine|Air Balloon
|move|p1b: Arcanine|Rock Slide|p2b: Kingeregnik|[spread] p2b
|-miss|p1b: Arcanine|p2a: Kainodile
|-damage|p2b: Kingeregnik|2/100 slp
|
|-heal|p2b: Kingeregnik|8/100 slp|[from] item: Leftovers
|upkeep
|turn|4
|inactive|Discocardshark has 30 seconds left.
|inactive|Discocardshark has 20 seconds left.
|
|t:|1756164672
|move|p1a: Persian|Hypnosis|p2a: Kainodile
|-status|p2a: Kainodile|slp|[from] move: Hypnosis
|cant|p2a: Kainodile|slp
|move|p1b: Arcanine|Rock Slide|p2b: Kingeregnik|[spread] p2a,p2b
|-resisted|p2a: Kainodile
|-damage|p2a: Kainodile|83/100 slp
|-damage|p2b: Kingeregnik|0 fnt
|faint|p2b: Kingeregnik
|
|upkeep
|
|t:|1756164691
|switch|p2b: Ragathant|Lilligant-Hisui, L50, F|100/100
|turn|5
|
|t:|1756164705
|switch|p2a: Bubboal|Torkoal, L50, F|100/100
|-weather|SunnyDay|[from] ability: Drought|[of] p2a: Bubboal
|move|p2b: Ragathant|Brick Break|p1a: Persian
|-supereffective|p1a: Persian
|-crit|p1a: Persian
|-damage|p1a: Persian|0 fnt
|faint|p1a: Persian
|move|p1b: Arcanine|Flare Blitz|p2b: Ragathant
|-supereffective|p2b: Ragathant
|-enditem|p2b: Ragathant|Focus Sash
|-damage|p2b: Ragathant|1/100
|-damage|p1b: Arcanine|22/100|[from] Recoil
|
|-weather|SunnyDay|[upkeep]
|upkeep
|
|t:|1756164709
|switch|p1a: Indeedee|Indeedee-F, L50, F|100/100
|-fieldstart|move: Psychic Terrain|[from] ability: Psychic Surge|[of] p1a: Indeedee
|turn|6
|inactive|Discocardshark has 30 seconds left.
|
|t:|1756164738
|move|p1a: Indeedee|Follow Me|p1a: Indeedee
|-singleturn|p1a: Indeedee|move: Follow Me
|move|p2b: Ragathant|After You||[still]
|-fail|p2b: Ragathant
|move|p1b: Arcanine|Rock Slide|p2a: Bubboal|[spread] p2a,p2b
|-supereffective|p2a: Bubboal
|-resisted|p2b: Ragathant
|-damage|p2a: Bubboal|56/100
|-damage|p2b: Ragathant|0 fnt
|faint|p2b: Ragathant
|move|p2a: Bubboal|Eruption|p1b: Arcanine|[spread] p1a,p1b
|-resisted|p1b: Arcanine
|-damage|p1a: Indeedee|56/100
|-damage|p1b: Arcanine|8/100
|-enditem|p1a: Indeedee|Red Card|[of] p2a: Bubboal
|drag|p2a: Kainodile|Krookodile, L50, M|83/100 slp
|-ability|p2a: Kainodile|Intimidate|boost
|-unboost|p1a: Indeedee|atk|1
|-unboost|p1b: Arcanine|atk|1
|
|-weather|SunnyDay|[upkeep]
|upkeep
|
|t:|1756164752
|switch|p2b: Bubboal|Torkoal, L50, F|56/100
|turn|7
|c|â˜†Discocardshark|i'm incredibly confused about that interaction
|c|â˜†Valdens|yes
|
|t:|1756164771
|move|p2b: Bubboal|Protect|p2b: Bubboal
|-singleturn|p2b: Bubboal|Protect
|cant|p2a: Kainodile|slp
|move|p1b: Arcanine|Rock Slide|p2b: Bubboal|[spread] p2a
|-activate|p2b: Bubboal|move: Protect
|-resisted|p2a: Kainodile
|-damage|p2a: Kainodile|72/100 slp
|move|p1a: Indeedee|Hyper Voice|p2a: Kainodile|[spread] p2a
|-activate|p2b: Bubboal|move: Protect
|-damage|p2a: Kainodile|41/100 slp
|
|-weather|SunnyDay|[upkeep]
|upkeep
|turn|8
|
|t:|1756164791
|-terastallize|p1b: Arcanine|Flying
|-curestatus|p2a: Kainodile|slp|[msg]
|move|p2a: Kainodile|Knock Off|p1a: Indeedee
|-supereffective|p1a: Indeedee
|-damage|p1a: Indeedee|0 fnt
|faint|p1a: Indeedee
|move|p1b: Arcanine|Rock Slide|p2a: Kainodile|[spread] p2a,p2b
|-resisted|p2a: Kainodile
|-supereffective|p2b: Bubboal
|-damage|p2a: Kainodile|29/100
|-damage|p2b: Bubboal|32/100
|move|p2b: Bubboal|Earth Power|p1b: Arcanine
|-immune|p1b: Arcanine
|
|-weather|SunnyDay|[upkeep]
|upkeep
|turn|9
|
|t:|1756164813
|move|p2a: Kainodile|Knock Off|p1b: Arcanine
|-damage|p1b: Arcanine|0 fnt
|faint|p1b: Arcanine
|
|win|Discocardshark
|c|â˜†Valdens|nice one
||Discocardshark is ready for game 2.
||Valdens is ready for game 2.
|uhtml|next|Next: Game 2 of 3
