|j|☆Mahdrescher
|j|☆Chknadobovgc
|html|MahdrescherChknadobovgc    
|uhtml|bestof|Game 3 of a best-of-3
|t:|1756546381
|gametype|doubles
|player|p1|Mahdrescher|1|1235
|player|p2|Chknadobovgc|2|1087
|gen|9
|tier|[Gen 9] VGC 2025 Reg H (Bo3)
|rated|
|rule|Species Clause: Limit one of each Pokémon
|rule|Item Clause: Limit 1 of each item
|clearpoke
|poke|p1|Indeedee-F, L50, F|
|poke|p1|Delphox, L50, F|
|poke|p1|Sneasler, L50, M|
|poke|p1|Incineroar, L50, M|
|poke|p1|Murkrow, L50, M|
|poke|p1|Maushold, L50|
|poke|p2|Torkoal, L50, M|
|poke|p2|Ursaluna, L50, M|
|poke|p2|Sinistcha, L50|
|poke|p2|Dragonite, L50, M|
|poke|p2|Gholdengo, L50|
|poke|p2|Charizard, L50, M|
|teampreview|4
|showteam|p1|Indeedee-F||RockyHelmet|PsychicSurge|FollowMe,HelpingHand,Imprison,TrickRoom|||F|||50|,,,,,Fairy]Delphox||LifeOrb|Blaze|Protect,NastyPlot,HeatWave,ExpandingForce|||F|||50|,,,,,Psychic]Sneasler||PsychicSeed|Unburden|Protect,CloseCombat,DireClaw,ThroatChop|||M|||50|,,,,,Dark]Incineroar||SafetyGoggles|Intimidate|FakeOut,WillOWisp,KnockOff,PartingShot|||M|||50|,,,,,Ghost]Murkrow||Eviolite|Prankster|FoulPlay,SunnyDay,Haze,Tailwind|||M|||50|,,,,,Ghost]Maushold||WideLens|Technician|Protect,FollowMe,PopulationBomb,Taunt||||||50|,,,,,Normal
|showteam|p2|Torkoal||EjectPack|Drought|Overheat,BodyPress,Eruption,Protect|||M|||50|,,,,,Fighting]Ursaluna||FlameOrb|Guts|Protect,Facade,HeadlongRush,Earthquake|||M|||50|,,,,,Fairy]Sinistcha||SitrusBerry|Hospitality|EnergyBall,RagePowder,TrickRoom,Protect||||||50|,,,,,Dark]Dragonite||LoadedDice|Multiscale|ScaleShot,Tailwind,Haze,ExtremeSpeed|||M|||50|,,,,,Fairy]Gholdengo||ChoiceScarf|GoodasGold|MakeItRain,ShadowBall,Trick,Protect||||||50|,,,,,Steel]Charizard||LifeOrb|SolarPower|HeatWave,AirSlash,Overheat,Protect|||M|||50|,,,,,Fire
|
|t:|1756546420
|teamsize|p1|4
|teamsize|p2|4
|start
|switch|p1a: Delphox|Delphox, L50, F|100/100
|switch|p1b: Indeedee|Indeedee-F, L50, F|100/100
|switch|p2a: Charizard|Charizard, L50, M, shiny|100/100
|switch|p2b: Dragonite|Dragonite, L50, M|100/100
|-fieldstart|move: Psychic Terrain|[from] ability: Psychic Surge|[of] p1b: Indeedee
|turn|1
|inactive|Battle timer is ON: inactive players will automatically lose when time's up. (requested by Chknadobovgc)
|
|t:|1756546449
|-terastallize|p1b: Indeedee|Fairy
|move|p2a: Charizard|Protect|p2a: Charizard
|-singleturn|p2a: Charizard|Protect
|move|p1b: Indeedee|Follow Me|p1b: Indeedee
|-singleturn|p1b: Indeedee|move: Follow Me
|move|p1a: Delphox|Nasty Plot|p1a: Delphox
|-boost|p1a: Delphox|spa|2
|move|p2b: Dragonite|Scale Shot|p1b: Indeedee
|-immune|p1b: Indeedee
|
|upkeep
|turn|2
|
|t:|1756546471
|switch|p2a: Torkoal|Torkoal, L50, M|100/100
|-weather|SunnyDay|[from] ability: Drought|[of] p2a: Torkoal
|move|p1b: Indeedee|Follow Me|p1b: Indeedee
|-singleturn|p1b: Indeedee|move: Follow Me
|move|p1a: Delphox|Expanding Force|p2b: Dragonite|[spread] p2a,p2b
|-damage|p2a: Torkoal|0 fnt
|-damage|p2b: Dragonite|28/100
|faint|p2a: Torkoal
|-damage|p1a: Delphox|90/100|[from] item: Life Orb
|move|p2b: Dragonite|Tailwind|p2b: Dragonite
|-sidestart|p2: Chknadobovgc|move: Tailwind
|
|-weather|SunnyDay|[upkeep]
|upkeep
|inactive|Chknadobovgc has 30 seconds left.
|
|t:|1756546499
|switch|p2a: Charizard|Charizard, L50, M, shiny|100/100
|turn|3
|inactive|Mahdrescher has 30 seconds left.
|
|t:|1756546532
|-terastallize|p2a: Charizard|Fire
|move|p1a: Delphox|Protect|p1a: Delphox
|-singleturn|p1a: Delphox|Protect
|move|p1b: Indeedee|Follow Me|p1b: Indeedee
|-singleturn|p1b: Indeedee|move: Follow Me
|move|p2a: Charizard|Overheat|p1b: Indeedee
|-damage|p1b: Indeedee|0 fnt
|-unboost|p2a: Charizard|spa|2
|faint|p1b: Indeedee
|-damage|p2a: Charizard|91/100|[from] item: Life Orb
|move|p2b: Dragonite|Scale Shot|p1a: Delphox
|-activate|p1a: Delphox|move: Protect
|
|-weather|SunnyDay|[upkeep]
|-damage|p2a: Charizard|78/100|[from] ability: Solar Power|[of] p2a: Charizard
|upkeep
|
|t:|1756546546
|switch|p1b: Murkrow|Murkrow, L50, M|100/100
|turn|4
|
|t:|1756546556
|move|p2a: Charizard|Protect|p2a: Charizard
|-singleturn|p2a: Charizard|Protect
|move|p1b: Murkrow|Tailwind|p1b: Murkrow
|-sidestart|p1: Mahdrescher|move: Tailwind
|move|p1a: Delphox|Expanding Force|p2b: Dragonite|[spread] p2b
|-activate|p2a: Charizard|move: Protect
|-damage|p2b: Dragonite|0 fnt
|faint|p2b: Dragonite
|-damage|p1a: Delphox|80/100|[from] item: Life Orb
|
|-weather|SunnyDay|[upkeep]
|-damage|p2a: Charizard|66/100|[from] ability: Solar Power|[of] p2a: Charizard
|upkeep
|
|t:|1756546564
|switch|p2b: Gholdengo|Gholdengo, L50, shiny|100/100
|turn|5
|inactive|Mahdrescher has 30 seconds left.
|
|t:|1756546596
|move|p1a: Delphox|Protect|p1a: Delphox
|-singleturn|p1a: Delphox|Protect
|move|p2b: Gholdengo|Shadow Ball|p1a: Delphox
|-activate|p1a: Delphox|move: Protect
|move|p2a: Charizard|Heat Wave|p1a: Delphox|[spread] 
|-activate|p1a: Delphox|move: Protect
|-miss|p2a: Charizard|p1b: Murkrow
|move|p1b: Murkrow|Foul Play|p2b: Gholdengo
|-supereffective|p2b: Gholdengo
|-damage|p2b: Gholdengo|60/100
|
|-weather|SunnyDay|[upkeep]
|-damage|p2a: Charizard|54/100|[from] ability: Solar Power|[of] p2a: Charizard
|-sideend|p2: Chknadobovgc|move: Tailwind
|-fieldend|move: Psychic Terrain
|upkeep
|turn|6
|inactive|Mahdrescher has 30 seconds left.
|inactive|Mahdrescher has 20 seconds left.
|inactive|Mahdrescher has 15 seconds left.
|
|t:|1756546638
|move|p1a: Delphox|Heat Wave|p2a: Charizard|[spread] p2a
|-miss|p1a: Delphox|p2b: Gholdengo
|-resisted|p2a: Charizard
|-damage|p2a: Charizard|0 fnt
|faint|p2a: Charizard
|-damage|p1a: Delphox|70/100|[from] item: Life Orb
|move|p1b: Murkrow|Foul Play|p2b: Gholdengo
|-supereffective|p2b: Gholdengo
|-damage|p2b: Gholdengo|22/100
|move|p2b: Gholdengo|Shadow Ball|p1a: Delphox
|-supereffective|p1a: Delphox
|-damage|p1a: Delphox|0 fnt
|faint|p1a: Delphox
|
|-weather|none
|upkeep
|-message|Chknadobovgc forfeited.
|
|win|Mahdrescher
|raw|Mahdrescher's rating: 1235 → 1250(+15 for winning)
|raw|Chknadobovgc's rating: 1087 → 1073(-14 for losing)
|l|☆Chknadobovgc
|player|p2|
|l|☆Mahdrescher
|player|p1|
|j|☆Chknadobovgc
|player|p2|Chknadobovgc|2|
