|j|☆i miss my miraidon
|j|☆creed revival tour
|html|i miss my miraidoncreed revival tour    
|uhtml|bestof|Game 2 of a best-of-3
|t:|1784219429
|gametype|doubles
|player|p1|i miss my miraidon|101|1347
|player|p2|creed revival tour|scientist-gen4dp|1229
|gen|9
|tier|[Gen 9 Champions] VGC 2026 Reg M-B (Bo3)
|rated|
|rule|Species Clause: Limit one of each Pokémon
|rule|Item Clause: Limit 1 of each item
|clearpoke
|poke|p1|Tyranitar, L50, F|
|poke|p1|Excadrill, L50, F|
|poke|p1|Milotic, L50, F|
|poke|p1|Sinistcha, L50|
|poke|p1|Staraptor, L50, F|
|poke|p1|Gholdengo, L50|
|poke|p2|Gengar, L50, M, shiny|
|poke|p2|Incineroar, L50, M|
|poke|p2|Sneasler, L50, M|
|poke|p2|Floette-Eternal, L50, F|
|poke|p2|Hydreigon, L50, M|
|poke|p2|Chesnaught, L50, M|
|teampreview|4
|showteam|p1|Tyranitar||Tyranitarite|SandStream|KnockOff,RockSlide,HighHorsepower,Protect|Jolly||F|||50|]Excadrill||FocusSash|SandRush|Earthquake,IronHead,RockSlide,Protect|Adamant||F|||50|]Milotic||SitrusBerry|Competitive|Scald,IcyWind,Haze,Protect|Calm||F|||50|]Sinistcha||ColburBerry|Hospitality|MatchaGotcha,ShadowBall,Protect,RagePowder|Bold|||||50|]Staraptor||Staraptite|Intimidate|CloseCombat,BraveBird,Tailwind,Protect|Jolly||F|||50|]Gholdengo||LifeOrb|GoodasGold|MakeItRain,ShadowBall,NastyPlot,Protect|Modest|||||50|
|showteam|p2|Gengar||Gengarite|CursedBody|ShadowBall,SludgeBomb,PerishSong,Protect|Modest||M|||50|]Incineroar||PasshoBerry|Intimidate|FlareBlitz,FakeOut,PartingShot,Protect|Relaxed||M|||50|]Sneasler||FocusSash|PoisonTouch|PoisonJab,CloseCombat,FakeOut,Protect|Jolly||M|||50|]Floette-Eternal||Floettite|FlowerVeil|Moonblast,DrainingKiss,CalmMind,Protect|Modest||F|||50|]Hydreigon||LifeOrb|Levitate|DarkPulse,DracoMeteor,EarthPower,Protect|Modest||M|||50|]Chesnaught||Leftovers|Bulletproof|BodyPress,IronDefense,WideGuard,SpikyShield|Impish||M|||50|
|
|t:|1784219463
|teamsize|p1|4
|teamsize|p2|4
|start
|switch|p1a: Staraptor|Staraptor, L50, F|100/100
|switch|p1b: Gholdengo|Gholdengo, L50|100/100
|switch|p2a: Incineroar|Incineroar, L50, M|100/100
|switch|p2b: Floette|Floette-Eternal, L50, F|100/100
|-ability|p1a: Staraptor|Intimidate|boost
|-unboost|p2a: Incineroar|atk|1
|-unboost|p2b: Floette|atk|1
|-ability|p2a: Incineroar|Intimidate|boost
|-unboost|p1a: Staraptor|atk|1
|-unboost|p1b: Gholdengo|atk|1
|turn|1
|
|t:|1784219478
|detailschange|p2b: Floette|Floette-Mega, L50, F
|-mega|p2b: Floette|Floette|Floettite
|-ability|p2b: Floette|Fairy Aura
|move|p1a: Staraptor|Tailwind|p1a: Staraptor
|-sidestart|p1: i miss my miraidon|move: Tailwind
|move|p1b: Gholdengo|Nasty Plot|p1b: Gholdengo
|-boost|p1b: Gholdengo|spa|2
|move|p2b: Floette|Calm Mind|p2b: Floette
|-boost|p2b: Floette|spa|1
|-boost|p2b: Floette|spd|1
|move|p2a: Incineroar|Flare Blitz|p1b: Gholdengo
|-supereffective|p1b: Gholdengo|1
|-damage|p1b: Gholdengo|41/100
|-damage|p2a: Incineroar|82/100|[from] Recoil
|
|upkeep
|turn|2
|
|t:|1784219504
|detailschange|p1a: Staraptor|Staraptor-Mega, L50, F
|-mega|p1a: Staraptor|Staraptor|Staraptite
|move|p2b: Floette|Protect|p2b: Floette
|-singleturn|p2b: Floette|Protect
|move|p1a: Staraptor|Close Combat|p2a: Incineroar
|-supereffective|p2a: Incineroar|1
|-damage|p2a: Incineroar|31/100
|-boost|p1a: Staraptor|def|1
|-boost|p1a: Staraptor|spd|1
|move|p1b: Gholdengo|Make It Rain|p2a: Incineroar|[spread] p2a
|-activate|p2b: Floette|move: Protect
|-resisted|p2a: Incineroar|1
|-damage|p2a: Incineroar|0 fnt
|-unboost|p1b: Gholdengo|spa|2
|faint|p2a: Incineroar
|-damage|p1b: Gholdengo|32/100|[from] item: Life Orb
|
|upkeep
|
|t:|1784219533
|switch|p2a: Hydreigon|Hydreigon, L50, M|100/100
|turn|3
|
|t:|1784219552
|move|p1a: Staraptor|Brave Bird|p2b: Floette
|-damage|p2b: Floette|63/100
|-damage|p1a: Staraptor|89/100|[from] Recoil
|move|p1b: Gholdengo|Make It Rain|p2a: Hydreigon|[spread] p2a,p2b
|-supereffective|p2b: Floette|1
|-damage|p2a: Hydreigon|41/100
|-damage|p2b: Floette|8/100
|-unboost|p1b: Gholdengo|spa|2
|-damage|p1b: Gholdengo|22/100|[from] item: Life Orb
|move|p2a: Hydreigon|Dark Pulse|p1b: Gholdengo
|-supereffective|p1b: Gholdengo|1
|-damage|p1b: Gholdengo|0 fnt
|faint|p1b: Gholdengo
|-damage|p2a: Hydreigon|31/100|[from] item: Life Orb
|move|p2b: Floette|Moonblast|p1a: Staraptor
|-supereffective|p1a: Staraptor|1
|-damage|p1a: Staraptor|0 fnt
|faint|p1a: Staraptor
|
|upkeep
|
|t:|1784219560
|switch|p1a: Milotic|Milotic, L50, F|100/100
|switch|p1b: Tyranitar|Tyranitar, L50, F|100/100
|-weather|Sandstorm|[from] ability: Sand Stream|[of] p1b: Tyranitar
|turn|4
|
|t:|1784219580
|move|p2a: Hydreigon|Protect|p2a: Hydreigon
|-singleturn|p2a: Hydreigon|Protect
|move|p2b: Floette|Protect|p2b: Floette
|-singleturn|p2b: Floette|Protect
|move|p1b: Tyranitar|Rock Slide|p2b: Floette|[spread] 
|-activate|p2a: Hydreigon|move: Protect
|-activate|p2b: Floette|move: Protect
|move|p1a: Milotic|Icy Wind|p2a: Hydreigon|[spread] 
|-activate|p2a: Hydreigon|move: Protect
|-activate|p2b: Floette|move: Protect
|
|-weather|Sandstorm|[upkeep]
|-damage|p1a: Milotic|94/100|[from] Sandstorm
|-damage|p2a: Hydreigon|25/100|[from] Sandstorm
|-damage|p2b: Floette|2/100|[from] Sandstorm
|-sideend|p1: i miss my miraidon|move: Tailwind
|upkeep
|turn|5
|
|t:|1784219598
|move|p1b: Tyranitar|Protect|p1b: Tyranitar
|-singleturn|p1b: Tyranitar|Protect
|move|p1a: Milotic|Protect|p1a: Milotic
|-singleturn|p1a: Milotic|Protect
|move|p2a: Hydreigon|Dark Pulse|p1a: Milotic
|-activate|p1a: Milotic|move: Protect
|move|p2b: Floette|Moonblast|p1a: Milotic
|-activate|p1a: Milotic|move: Protect
|
|-weather|Sandstorm|[upkeep]
|-damage|p2a: Hydreigon|19/100|[from] Sandstorm
|-damage|p2b: Floette|0 fnt|[from] Sandstorm
|-damage|p1a: Milotic|88/100|[from] Sandstorm
|faint|p2b: Floette
|upkeep
|
|t:|1784219602
|switch|p2b: Chesnaught|Chesnaught, L50, M|100/100
|turn|6
|
|t:|1784219617
|move|p2a: Hydreigon|Dark Pulse|p1a: Milotic
|-crit|p1a: Milotic
|-damage|p1a: Milotic|35/100
|-enditem|p1a: Milotic|Sitrus Berry|[eat]
|-heal|p1a: Milotic|60/100|[from] item: Sitrus Berry
|-damage|p2a: Hydreigon|10/100|[from] item: Life Orb
|move|p1b: Tyranitar|Rock Slide|p2b: Chesnaught|[spread] p2a
|-miss|p1b: Tyranitar|p2b: Chesnaught
|-damage|p2a: Hydreigon|0 fnt
|faint|p2a: Hydreigon
|move|p1a: Milotic|Icy Wind|p2b: Chesnaught
|-supereffective|p2b: Chesnaught|1
|-damage|p2b: Chesnaught|69/100
|-unboost|p2b: Chesnaught|spe|1
|move|p2b: Chesnaught|Iron Defense|p2b: Chesnaught
|-boost|p2b: Chesnaught|def|2
|
|-weather|Sandstorm|[upkeep]
|-damage|p1a: Milotic|54/100|[from] Sandstorm
|-damage|p2b: Chesnaught|63/100|[from] Sandstorm
|-heal|p2b: Chesnaught|69/100|[from] item: Leftovers
|upkeep
|turn|7
|
|t:|1784219642
|move|p1b: Tyranitar|Protect|p1b: Tyranitar
|-singleturn|p1b: Tyranitar|Protect
|move|p1a: Milotic|Haze|p1a: Milotic
|-clearallboost
|move|p2b: Chesnaught|Body Press|p1a: Milotic
|-damage|p1a: Milotic|11/100
|
|-weather|Sandstorm|[upkeep]
|-damage|p1a: Milotic|5/100|[from] Sandstorm
|-damage|p2b: Chesnaught|63/100|[from] Sandstorm
|-heal|p2b: Chesnaught|69/100|[from] item: Leftovers
|upkeep
|turn|8
|
|t:|1784219664
|move|p1a: Milotic|Protect|p1a: Milotic
|-singleturn|p1a: Milotic|Protect
|move|p1b: Tyranitar|Rock Slide|p2b: Chesnaught
|-resisted|p2b: Chesnaught|1
|-damage|p2b: Chesnaught|57/100
|move|p2b: Chesnaught|Body Press|p1a: Milotic
|-activate|p1a: Milotic|move: Protect
|
|-weather|none
|-heal|p2b: Chesnaught|64/100|[from] item: Leftovers
|upkeep
|turn|9
|
|t:|1784219674
|move|p1b: Tyranitar|Knock Off|p2b: Chesnaught
|-resisted|p2b: Chesnaught|1
|-damage|p2b: Chesnaught|51/100
|-enditem|p2b: Chesnaught|Leftovers|[from] move: Knock Off|[of] p1b: Tyranitar
|move|p1a: Milotic|Icy Wind|p2b: Chesnaught
|-supereffective|p2b: Chesnaught|1
|-damage|p2b: Chesnaught|20/100y
|-unboost|p2b: Chesnaught|spe|1
|move|p2b: Chesnaught|Body Press|p1a: Milotic
|-damage|p1a: Milotic|0 fnt
|faint|p1a: Milotic
|
|upkeep
|turn|10
|
|t:|1784219684
|move|p2b: Chesnaught|Spiky Shield|p2b: Chesnaught
|-singleturn|p2b: Chesnaught|move: Protect
|move|p1b: Tyranitar|Rock Slide|p2b: Chesnaught
|-activate|p2b: Chesnaught|move: Protect
|
|upkeep
|turn|11
|
|t:|1784219688
|move|p1b: Tyranitar|Rock Slide|p2b: Chesnaught
|-resisted|p2b: Chesnaught|1
|-damage|p2b: Chesnaught|10/100
|cant|p2b: Chesnaught|flinch
|
|upkeep
|turn|12
|c|☆creed revival tour|yeah
|
|t:|1784219697
|move|p1b: Tyranitar|Rock Slide|p2b: Chesnaught
|-resisted|p2b: Chesnaught|1
|-damage|p2b: Chesnaught|1/100
|cant|p2b: Chesnaught|flinch
|
|upkeep
|turn|13
|c|☆i miss my miraidon|yeah
|c|☆creed revival tour|wow
|c|☆creed revival tour|ik this was only game 2
|c|☆i miss my miraidon|OMG U GOT SO LUCKY I LOW ROLLED UR CHESTNAUGHT
|c|☆creed revival tour|but that was frustrating
|c|☆creed revival tour|LOL
|c|☆i miss my miraidon|THIS GAME IS SO RIGGED
|
|t:|1784219728
|move|p1b: Tyranitar|Knock Off|p2b: Chesnaught
|-resisted|p2b: Chesnaught|1
|-damage|p2b: Chesnaught|0 fnt
|faint|p2b: Chesnaught
|
|win|i miss my miraidon
|raw|i miss my miraidon's rating: 1347 → 1360(+13 for winning)
|raw|creed revival tour's rating: 1229 → 1212(-17 for losing)
|l|☆i miss my miraidon
|player|p1|
