|j|☆cesto
|j|☆Ash garlic
|html|cestoAsh garlic    
|uhtml|bestof|Game 3 of a best-of-3
|t:|1784983262
|gametype|doubles
|player|p1|cesto|firebreather|1040
|player|p2|Ash garlic|1|1019
|gen|9
|tier|[Gen 9 Champions] VGC 2026 Reg M-B (Bo3)
|rated|
|rule|Species Clause: Limit one of each Pokémon
|rule|Item Clause: Limit 1 of each item
|clearpoke
|poke|p1|Sceptile, L50, F|
|poke|p1|Rotom-Wash, L50|
|poke|p1|Toxapex, L50, F|
|poke|p1|Conkeldurr, L50, M|
|poke|p1|Ditto, L50|
|poke|p1|Sableye, L50, F|
|poke|p2|Aggron, L50, M, shiny|
|poke|p2|Gardevoir, L50, F|
|poke|p2|Blastoise, L50, M|
|poke|p2|Tsareena, L50, F|
|poke|p2|Arcanine-Hisui, L50, M|
|poke|p2|Gengar, L50, F|
|teampreview|4
|showteam|p1|Sceptile||Sceptilite|Overgrow|GigaDrain,DragonPulse,EarthPower,Protect|Timid||F|||50|]Rotom-Wash||SitrusBerry|Levitate|Discharge,WillOWisp,HydroPump,VoltSwitch|Sassy|||||50|]Toxapex||WacanBerry|Regenerator|BanefulBunker,Haze,Infestation,SludgeBomb|Bold||F|||50|]Conkeldurr||Leftovers|Guts|KnockOff,DrainPunch,MachPunch,Facade|Adamant||M|||50|]Ditto||ExpertBelt|Imposter|Transform|Serious|||||50|]Sableye||RoseliBerry|KeenEye|Recover,Taunt,ThunderWave,FoulPlay|Bold||F|||50|
|showteam|p2|Aggron||Aggronite|Sturdy|BodyPress,IronTail,Protect,Earthquake|Relaxed||M|||50|]Gardevoir||MentalHerb|Telepathy|Gravity,TrickRoom,Moonblast,Hypnosis|Sassy||F|||50|]Blastoise||Blastoisinite|RainDish|Blizzard,FakeOut,LifeDew,WaterPulse|Relaxed||M|||50|]Tsareena||LifeOrb|LeafGuard|Taunt,TripleAxel,HelpingHand,PetalBlizzard|Brave||F|||50|]Arcanine-Hisui||FocusSash|Intimidate|TemperFlare,RockSlide,MorningSun,BurnUp|Lonely||M|||50|]Gengar||ExpertBelt|CursedBody|Hypnosis,TrickRoom,SludgeWave,ShadowBall|Quiet||F|||50|
|
|t:|1784983290
|teamsize|p1|4
|teamsize|p2|4
|start
|switch|p1a: Sceptile|Sceptile, L50, F|100/100
|switch|p1b: Sableye|Sableye, L50, F|100/100
|switch|p2a: Gengar|Gengar, L50, F|100/100
|switch|p2b: Gardevoir|Gardevoir, L50, F|100/100
|turn|1
|
|t:|1784983321
|detailschange|p1a: Sceptile|Sceptile-Mega, L50, F
|-mega|p1a: Sceptile|Sceptile|Sceptilite
|move|p1a: Sceptile|Earth Power|p2a: Gengar
|-supereffective|p2a: Gengar|1
|-damage|p2a: Gengar|6/100
|move|p2a: Gengar|Shadow Ball|p1b: Sableye
|-damage|p1b: Sableye|36/100
|move|p2b: Gardevoir|Gravity|p2b: Gardevoir
|-fieldstart|move: Gravity
|move|p1b: Sableye|Thunder Wave|p1a: Sceptile
|-ability|p1a: Sceptile|Lightning Rod|boost
|-boost|p1a: Sceptile|spa|1
|
|upkeep
|turn|2
|
|t:|1784983353
|move|p1a: Sceptile|Dragon Pulse|p2a: Gengar
|-damage|p2a: Gengar|0 fnt
|faint|p2a: Gengar
|move|p1b: Sableye|Taunt|p2b: Gardevoir
|-start|p2b: Gardevoir|move: Taunt
|-enditem|p2b: Gardevoir|Mental Herb
|-end|p2b: Gardevoir|move: Taunt
|move|p2b: Gardevoir|Trick Room|p2b: Gardevoir
|-fieldstart|move: Trick Room|[of] p2b: Gardevoir
|
|upkeep
|
|t:|1784983365
|switch|p2a: Tsareena|Tsareena, L50, F|100/100
|turn|3
|
|t:|1784983381
|move|p1a: Sceptile|Protect|p1a: Sceptile
|-singleturn|p1a: Sceptile|Protect
|move|p1b: Sableye|Recover|p1b: Sableye
|-heal|p1b: Sableye|86/100
|move|p2a: Tsareena|Triple Axel|p1a: Sceptile
|-activate|p1a: Sceptile|move: Protect
|move|p2b: Gardevoir|Moonblast|p1b: Sableye
|-supereffective|p1b: Sableye|1
|-enditem|p1b: Sableye|Roseli Berry|[eat]
|-enditem|p1b: Sableye|Roseli Berry|[weaken]
|-damage|p1b: Sableye|23/100
|
|upkeep
|turn|4
|
|t:|1784983407
|switch|p1a: Rotom|Rotom-Wash, L50|100/100
|move|p1b: Sableye|Foul Play|p2a: Tsareena
|-damage|p2a: Tsareena|51/100
|move|p2a: Tsareena|Triple Axel|p1a: Rotom
|-resisted|p1a: Rotom|1
|-damage|p1a: Rotom|94/100
|-resisted|p1a: Rotom|1
|-damage|p1a: Rotom|86/100
|-resisted|p1a: Rotom|1
|-crit|p1a: Rotom
|-damage|p1a: Rotom|66/100
|-hitcount|p1a: Rotom|3
|-damage|p2a: Tsareena|41/100|[from] item: Life Orb
|move|p2b: Gardevoir|Hypnosis|p1a: Rotom
|-status|p1a: Rotom|slp|[from] move: Hypnosis
|
|upkeep
|turn|5
|
|t:|1784983436
|move|p1b: Sableye|Foul Play|p2a: Tsareena
|-damage|p2a: Tsareena|0 fnt
|faint|p2a: Tsareena
|move|p2b: Gardevoir|Moonblast|p1b: Sableye
|-supereffective|p1b: Sableye|1
|-damage|p1b: Sableye|0 fnt
|faint|p1b: Sableye
|cant|p1a: Rotom|slp
|
|-fieldend|move: Gravity
|upkeep
|
|t:|1784983456
|switch|p1b: Sceptile|Sceptile-Mega, L50, F|100/100
|switch|p2a: Aggron|Aggron, L50, M, shiny|100/100
|turn|6
|
|t:|1784983491
|detailschange|p2a: Aggron|Aggron-Mega, L50, M, shiny
|-mega|p2a: Aggron|Aggron|Aggronite
|move|p1b: Sceptile|Protect|p1b: Sceptile
|-singleturn|p1b: Sceptile|Protect
|move|p2a: Aggron|Body Press|p1a: Rotom
|-damage|p1a: Rotom|24/100 slp
|-enditem|p1a: Rotom|Sitrus Berry|[eat]
|-heal|p1a: Rotom|49/100 slp|[from] item: Sitrus Berry
|move|p2b: Gardevoir|Moonblast|p1b: Sceptile
|-activate|p1b: Sceptile|move: Protect
|-curestatus|p1a: Rotom|slp|[msg]
|move|p1a: Rotom|Discharge|p2b: Gardevoir|[spread] p2a,p2b
|-activate|p1b: Sceptile|move: Protect
|-damage|p2a: Aggron|73/100
|-damage|p2b: Gardevoir|84/100
|-status|p2b: Gardevoir|par
|
|-fieldend|move: Trick Room
|upkeep
|turn|7
|
|t:|1784983520
|move|p1b: Sceptile|Earth Power|p2a: Aggron
|-supereffective|p2a: Aggron|1
|-damage|p2a: Aggron|8/100
|move|p1a: Rotom|Will-O-Wisp|p2a: Aggron
|-status|p2a: Aggron|brn
|move|p2a: Aggron|Body Press|p1a: Rotom
|-damage|p1a: Rotom|26/100
|move|p2b: Gardevoir|Moonblast|p1b: Sceptile
|-supereffective|p1b: Sceptile|1
|-crit|p1b: Sceptile
|-damage|p1b: Sceptile|0 fnt
|faint|p1b: Sceptile
|
|-damage|p2a: Aggron|2/100 brn|[from] brn
|upkeep
|
|t:|1784983537
|switch|p1b: Ditto|Ditto, L50|100/100
|-transform|p1b: Ditto|p2a: Aggron|[from] ability: Imposter
|turn|8
|
|t:|1784983565
|move|p1b: Ditto|Protect|p1b: Ditto
|-singleturn|p1b: Ditto|Protect
|move|p1a: Rotom|Discharge|p2a: Aggron|[spread] p2a,p2b
|-activate|p1b: Ditto|move: Protect
|-damage|p2a: Aggron|0 fnt
|-damage|p2b: Gardevoir|70/100 par
|faint|p2a: Aggron
|move|p2b: Gardevoir|Moonblast|p1a: Rotom
|-damage|p1a: Rotom|0 fnt
|faint|p1a: Rotom
|
|upkeep
|turn|9
|
|t:|1784983632
|move|p1b: Ditto|Iron Tail|p2b: Gardevoir
|-supereffective|p2b: Gardevoir|1
|-damage|p2b: Gardevoir|0 fnt
|faint|p2b: Gardevoir
|
|win|cesto
|raw|cesto's rating: 1040 → 1072(+32 for winning)
|raw|Ash garlic's rating: 1019 → 1007(-12 for losing)
