|j|☆ground tera
|j|☆ToastedArt
|html|ground teraToastedArt    
|uhtml|bestof|Game 2 of a best-of-3
|t:|1784316650
|gametype|doubles
|player|p1|ground tera|2|1191
|player|p2|ToastedArt|iris|1160
|gen|9
|tier|[Gen 9 Champions] VGC 2026 Reg M-B (Bo3)
|rated|
|rule|Species Clause: Limit one of each Pokémon
|rule|Item Clause: Limit 1 of each item
|clearpoke
|poke|p1|Garchomp, L50, F|
|poke|p1|Venusaur, L50, F|
|poke|p1|Incineroar, L50, F|
|poke|p1|Charizard, L50, M|
|poke|p1|Toxapex, L50, F|
|poke|p1|Annihilape, L50, M|
|poke|p2|Sinistcha, L50, shiny|
|poke|p2|Hydreigon, L50, F, shiny|
|poke|p2|Sneasler, L50, M|
|poke|p2|Talonflame, L50, F, shiny|
|poke|p2|Gholdengo, L50|
|poke|p2|Falinks, L50, shiny|
|teampreview|4
|showteam|p1|Garchomp||ChoiceScarf|RoughSkin|Earthquake,DragonClaw,StompingTantrum,RockSlide|Adamant||F|||50|]Venusaur||LifeOrb|Chlorophyll|SolarBeam,SludgeBomb,EarthPower,Protect|Modest||F|||50|]Incineroar||SitrusBerry|Intimidate|FlareBlitz,ThroatChop,FakeOut,PartingShot|Impish||F|||50|]Charizard||CharizarditeY|Blaze|HeatWave,WeatherBall,HelpingHand,Protect|Modest||M|||50|]Toxapex||Leftovers|Regenerator|Infestation,Toxic,WideGuard,BanefulBunker|Bold||F|||50|]Annihilape||FocusSash|Defiant|CloseCombat,PhantomForce,RockTomb,Protect|Jolly||M|||50|
|showteam|p2|Sinistcha||SitrusBerry|Hospitality|MatchaGotcha,LifeDew,RagePowder,Imprison|Bold|||||50|]Hydreigon||ChoiceScarf|Levitate|Snarl,DarkPulse,EarthPower,DracoMeteor|Modest||F|||50|]Sneasler||FocusSash|PoisonTouch|FakeOut,PoisonJab,CloseCombat,QuickGuard|Jolly||M|||50|]Talonflame||SharpBeak|GaleWings|Tailwind,Acrobatics,DualWingbeat,Taunt|Jolly||F|||50|]Gholdengo||LifeOrb|GoodasGold|ShadowBall,MakeItRain,NastyPlot,PowerGem|Timid|||||50|]Falinks||Falinksite|Defiant|NoRetreat,SwordsDance,CloseCombat,Protect|Adamant|||||50|
|inactive|Battle timer is ON: inactive players will automatically lose when time's up. (requested by ToastedArt)
|inactive|ground tera also wants the timer to be on.
|
|t:|1784316673
|teamsize|p1|4
|teamsize|p2|4
|start
|switch|p1a: Garchomp|Garchomp, L50, F|100/100
|switch|p1b: Toxapex|Toxapex, L50, F|100/100
|switch|p2a: Talonflame|Talonflame, L50, F, shiny|100/100
|switch|p2b: Gholdengo|Gholdengo, L50|100/100
|turn|1
|
|t:|1784316694
|switch|p2b: Hydreigon|Hydreigon, L50, F, shiny|100/100
|move|p2a: Talonflame|Tailwind|p2a: Talonflame
|-sidestart|p2: ToastedArt|move: Tailwind
|move|p1a: Garchomp|Stomping Tantrum|p2b: Hydreigon
|-immune|p2b: Hydreigon|[from] ability: Levitate
|move|p1b: Toxapex|Toxic|p2a: Talonflame
|-status|p2a: Talonflame|tox
|
|-damage|p2a: Talonflame|94/100 tox|[from] psn
|upkeep
|turn|2
|inactive|ground tera has 30 seconds left.
|
|t:|1784316721
|switch|p1a: Annihilape|Annihilape, L50, M|100/100
|move|p2b: Hydreigon|Dark Pulse|p1a: Annihilape
|-damage|p1a: Annihilape|52/100
|move|p2a: Talonflame|Taunt|p1b: Toxapex
|-start|p1b: Toxapex|move: Taunt
|move|p1b: Toxapex|Infestation|p2b: Hydreigon
|-supereffective|p2b: Hydreigon|1
|-damage|p2b: Hydreigon|92/100
|-activate|p2b: Hydreigon|move: Infestation|[of] p1b: Toxapex
|
|-damage|p2a: Talonflame|82/100 tox|[from] psn
|-damage|p2b: Hydreigon|80/100|[from] move: Infestation|[partiallytrapped]
|upkeep
|turn|3
|inactive|ToastedArt has 30 seconds left.
|
|t:|1784316755
|move|p1a: Annihilape|Protect|p1a: Annihilape
|-singleturn|p1a: Annihilape|Protect
|move|p2b: Hydreigon|Dark Pulse|p1a: Annihilape
|-activate|p1a: Annihilape|move: Protect
|move|p2a: Talonflame|Dual Wingbeat|p1a: Annihilape
|-activate|p1a: Annihilape|move: Protect
|move|p1b: Toxapex|Infestation|p2a: Talonflame
|-resisted|p2a: Talonflame|2
|-damage|p2a: Talonflame|81/100 tox
|-activate|p2a: Talonflame|move: Infestation|[of] p1b: Toxapex
|
|-damage|p2a: Talonflame|63/100 tox|[from] psn
|-damage|p2b: Hydreigon|68/100|[from] move: Infestation|[partiallytrapped]
|-damage|p2a: Talonflame|51/100 tox|[from] move: Infestation|[partiallytrapped]
|upkeep
|turn|4
|inactive|ground tera has 30 seconds left.
|
|t:|1784316782
|switch|p1b: Charizard|Charizard, L50, M|100/100
|move|p2b: Hydreigon|Dark Pulse|p1a: Annihilape
|-damage|p1a: Annihilape|5/100
|move|p2a: Talonflame|Dual Wingbeat|p1a: Annihilape
|-supereffective|p1a: Annihilape|1
|-damage|p1a: Annihilape|0 fnt
|faint|p1a: Annihilape
|-hitcount|p1: Annihilape|1
|
|-damage|p2a: Talonflame|28/100 tox|[from] psn
|-end|p2b: Hydreigon|Infestation|[partiallytrapped]|[silent]
|-end|p2a: Talonflame|Infestation|[partiallytrapped]|[silent]
|-sideend|p2: ToastedArt|move: Tailwind
|upkeep
|
|t:|1784316791
|switch|p1a: Garchomp|Garchomp, L50, F|100/100
|turn|5
|inactive|ToastedArt has 30 seconds left.
|
|t:|1784316821
|switch|p2b: Sinistcha|Sinistcha, L50, shiny|100/100
|-heal|p2a: Talonflame|52/100 tox|[from] ability: Hospitality|[of] p2b: Sinistcha
|detailschange|p1b: Charizard|Charizard-Mega-Y, L50, M
|-mega|p1b: Charizard|Charizard|Charizardite Y
|-weather|SunnyDay|[from] ability: Drought|[of] p1b: Charizard
|move|p1a: Garchomp|Earthquake|p2b: Sinistcha|[spread] p2b
|-immune|p1b: Charizard
|-immune|p2a: Talonflame
|-resisted|p2b: Sinistcha|1
|-damage|p2b: Sinistcha|83/100
|move|p2a: Talonflame|Tailwind|p2a: Talonflame
|-sidestart|p2: ToastedArt|move: Tailwind
|move|p1b: Charizard|Heat Wave|p2a: Talonflame|[spread] p2b
|-miss|p1b: Charizard|p2a: Talonflame
|-supereffective|p2b: Sinistcha|1
|-damage|p2b: Sinistcha|0 fnt
|faint|p2b: Sinistcha
|
|-weather|SunnyDay|[upkeep]
|-damage|p2a: Talonflame|23/100 tox|[from] psn
|upkeep
|
|t:|1784316838
|switch|p2b: Hydreigon|Hydreigon, L50, F, shiny|68/100
|turn|6
|
|t:|1784316857
|switch|p1a: Toxapex|Toxapex, L50, F|100/100
|move|p2b: Hydreigon|Dark Pulse|p1b: Charizard
|-damage|p1b: Charizard|61/100
|move|p2a: Talonflame|Dual Wingbeat|p1b: Charizard
|-damage|p1b: Charizard|44/100
|-damage|p1b: Charizard|25/100
|-hitcount|p1b: Charizard|2
|cant|p1b: Charizard|flinch
|
|-weather|SunnyDay|[upkeep]
|-damage|p2a: Talonflame|0 fnt|[from] psn
|faint|p2a: Talonflame
|upkeep
|
|t:|1784316868
|switch|p2a: Gholdengo|Gholdengo, L50|100/100
|turn|7
|
|t:|1784316891
|move|p1b: Charizard|Protect|p1b: Charizard
|-singleturn|p1b: Charizard|Protect
|move|p2b: Hydreigon|Dark Pulse|p1b: Charizard
|-activate|p1b: Charizard|move: Protect
|move|p2a: Gholdengo|Nasty Plot|p2a: Gholdengo
|-boost|p2a: Gholdengo|spa|2
|move|p1a: Toxapex|Toxic|p2b: Hydreigon
|-status|p2b: Hydreigon|tox
|
|-weather|SunnyDay|[upkeep]
|-damage|p2b: Hydreigon|62/100 tox|[from] psn
|upkeep
|turn|8
|inactive|ToastedArt has 30 seconds left.
|inactive|ToastedArt has 20 seconds left.
|
|t:|1784316927
|move|p2b: Hydreigon|Dark Pulse|p1a: Toxapex
|-damage|p1a: Toxapex|67/100
|move|p2a: Gholdengo|Power Gem|p1b: Charizard
|-supereffective|p1b: Charizard|2
|-damage|p1b: Charizard|0 fnt
|faint|p1b: Charizard
|-damage|p2a: Gholdengo|90/100|[from] item: Life Orb
|move|p1a: Toxapex|Infestation|p2a: Gholdengo
|-resisted|p2a: Gholdengo|2
|-damage|p2a: Gholdengo|89/100
|-activate|p2a: Gholdengo|move: Infestation|[of] p1a: Toxapex
|
|-weather|SunnyDay|[upkeep]
|-heal|p1a: Toxapex|73/100|[from] item: Leftovers
|-damage|p2b: Hydreigon|50/100g tox|[from] psn
|-damage|p2a: Gholdengo|77/100|[from] move: Infestation|[partiallytrapped]
|-sideend|p2: ToastedArt|move: Tailwind
|upkeep
|
|t:|1784316932
|switch|p1b: Garchomp|Garchomp, L50, F|100/100
|turn|9
|
|t:|1784316944
|move|p1b: Garchomp|Stomping Tantrum|p2a: Gholdengo
|-supereffective|p2a: Gholdengo|1
|-damage|p2a: Gholdengo|0 fnt
|faint|p2a: Gholdengo
|move|p2b: Hydreigon|Dark Pulse|p1a: Toxapex
|-damage|p1a: Toxapex|40/100
|move|p1a: Toxapex|Infestation|p2b: Hydreigon
|-supereffective|p2b: Hydreigon|1
|-damage|p2b: Hydreigon|43/100 tox
|-activate|p2b: Hydreigon|move: Infestation|[of] p1a: Toxapex
|
|-weather|none
|-heal|p1a: Toxapex|46/100|[from] item: Leftovers
|-damage|p2b: Hydreigon|25/100 tox|[from] psn
|-damage|p2b: Hydreigon|13/100 tox|[from] move: Infestation|[partiallytrapped]
|upkeep
|turn|10
|-message|ToastedArt forfeited.
|
|win|ground tera
|raw|ground tera's rating: 1191 → 1214(+23 for winning)
|raw|ToastedArt's rating: 1160 → 1137(-23 for losing)
|l|☆ToastedArt
|player|p2|
