|j|☆SeeYouInSf
|j|☆snailboss
|html|SeeYouInSfsnailboss    
|uhtml|bestof|Game 1 of a best-of-3
|t:|1756579233
|gametype|doubles
|player|p1|SeeYouInSf|266|1100
|player|p2|snailboss|hilda-wonderlauncher|1232
|gen|9
|tier|[Gen 9] VGC 2025 Reg H (Bo3)
|rated|
|rule|Species Clause: Limit one of each Pokémon
|rule|Item Clause: Limit 1 of each item
|clearpoke
|poke|p1|Amoonguss, L50, F|
|poke|p1|Gholdengo, L50|
|poke|p1|Porygon2, L50|
|poke|p1|Incineroar, L50, M|
|poke|p1|Ursaluna, L50, M|
|poke|p1|Tyranitar, L50, F|
|poke|p2|Tyranitar, L50, F|
|poke|p2|Excadrill, L50, F|
|poke|p2|Indeedee-F, L50, F|
|poke|p2|Zoroark-Hisui, L50, F|
|poke|p2|Corviknight, L50, M|
|poke|p2|Amoonguss, L50, F|
|teampreview|4
|showteam|p1|Amoonguss||RockyHelmet|Regenerator|Spore,RagePowder,PollenPuff,Protect|||F|||50|,,,,,Water]Gholdengo||LifeOrb|GoodasGold|MakeItRain,ShadowBall,NastyPlot,Protect||||||50|,,,,,Dragon]Porygon2||Eviolite|Download|TeraBlast,TrickRoom,Recover,IceBeam||||||50|,,,,,Fighting]Incineroar||SafetyGoggles|Intimidate|PartingShot,KnockOff,FlareBlitz,FakeOut|||M|||50|,,,,,Ghost]Ursaluna||FlameOrb|Guts|Facade,HeadlongRush,Substitute,Protect|||M|||50|,,,,,Ghost]Tyranitar||AssaultVest|SandStream|LowKick,TeraBlast,RockSlide,KnockOff|||F|||50|,,,,,Fairy
|showteam|p2|Tyranitar||AssaultVest|SandStream|RockSlide,KnockOff,LowKick,TeraBlast|||F|||50|,,,,,Flying]Excadrill||FocusSash|SandRush|IronHead,Protect,SwordsDance,Earthquake|||F|||50|,,,,,Ground]Indeedee-F||SafetyGoggles|PsychicSurge|TrickRoom,FollowMe,Psychic,HelpingHand|||F|||50|,,,,,Fairy]Zoroark-Hisui||ChoiceSpecs|Illusion|HyperVoice,ShadowBall,HyperBeam,Flamethrower|||F|||50|,,,,,Normal]Corviknight||PsychicSeed|MirrorArmor|BraveBird,PowerTrip,BulkUp,Roost|||M|||50|,,,,,Dragon]Amoonguss||SitrusBerry|Regenerator|Spore,RagePowder,Protect,ClearSmog|||F|||50|,,,,,Water
|inactive|Battle timer is ON: inactive players will automatically lose when time's up. (requested by SeeYouInSf)
|inactive|SeeYouInSf has 60 seconds left.
|
|t:|1756579291
|teamsize|p1|4
|teamsize|p2|4
|start
|switch|p1a: Porygon2|Porygon2, L50|100/100
|switch|p1b: Ursaluna|Ursaluna, L50, M|100/100
|switch|p2a: Indeedee|Indeedee-F, L50, F|100/100
|switch|p2b: Excadrill|Excadrill, L50, F|100/100
|-fieldstart|move: Psychic Terrain|[from] ability: Psychic Surge|[of] p2a: Indeedee
|-ability|p1a: Porygon2|Download|boost
|-boost|p1a: Porygon2|spa|1
|turn|1
|inactive|snailboss has 30 seconds left.
|inactive|snailboss has 20 seconds left.
|
|t:|1756579328
|-terastallize|p1a: Porygon2|Fighting
|move|p2a: Indeedee|Helping Hand|p2b: Excadrill
|-singleturn|p2b: Excadrill|Helping Hand|[of] p2a: Indeedee
|move|p1b: Ursaluna|Protect|p1b: Ursaluna
|-singleturn|p1b: Ursaluna|Protect
|move|p2b: Excadrill|Hyper Beam|p1a: Porygon2
|-damage|p1a: Porygon2|19/100
|-mustrecharge|p2b: Excadrill
|move|p1a: Porygon2|Tera Blast|p2b: Excadrill|[anim] Tera Blast Fighting
|-immune|p2b: Excadrill
|
|-status|p1b: Ursaluna|brn|[from] item: Flame Orb
|upkeep
|turn|2
|inactive|SeeYouInSf has 30 seconds left.
|
|t:|1756579360
|switch|p1a: Incineroar|Incineroar, L50, M|100/100
|-ability|p1a: Incineroar|Intimidate|boost
|-unboost|p2a: Indeedee|atk|1
|-unboost|p2b: Excadrill|atk|1
|cant|p2b: Excadrill|recharge
|move|p2a: Indeedee|Psychic|p1a: Incineroar
|-immune|p1a: Incineroar
|move|p1b: Ursaluna|Facade|p2a: Indeedee
|-damage|p2a: Indeedee|0 fnt
|faint|p2a: Indeedee
|
|-damage|p1b: Ursaluna|95/100 brn|[from] brn
|upkeep
|
|t:|1756579384
|switch|p2a: Excadrill|Excadrill, L50, F|100/100
|turn|3
|
|t:|1756579404
|switch|p1a: Porygon2|Porygon2, L50, tera:Fighting|19/100
|-ability|p1a: Porygon2|Download|boost
|-boost|p1a: Porygon2|atk|1
|move|p2b: Excadrill|Hyper Beam|p1a: Porygon2
|-damage|p1a: Porygon2|0 fnt
|-mustrecharge|p2b: Excadrill
|faint|p1a: Porygon2
|move|p2a: Excadrill|Swords Dance|p2a: Excadrill
|-boost|p2a: Excadrill|atk|2
|move|p1b: Ursaluna|Headlong Rush|p2a: Excadrill
|-supereffective|p2a: Excadrill
|-enditem|p2a: Excadrill|Focus Sash
|-damage|p2a: Excadrill|1/100
|-unboost|p1b: Ursaluna|def|1
|-unboost|p1b: Ursaluna|spd|1
|
|-damage|p1b: Ursaluna|89/100 brn|[from] brn
|upkeep
|inactive|SeeYouInSf has 30 seconds left.
|
|t:|1756579432
|switch|p1a: Incineroar|Incineroar, L50, M|100/100
|-ability|p1a: Incineroar|Intimidate|boost
|-unboost|p2a: Excadrill|atk|1
|-unboost|p2b: Excadrill|atk|1
|turn|4
|inactive|snailboss has 30 seconds left.
|inactive|snailboss has 20 seconds left.
|inactive|snailboss has 15 seconds left.
|inactive|snailboss has 10 seconds left.
|
|t:|1756579478
|-terastallize|p2a: Excadrill|Ground
|cant|p2b: Excadrill|recharge
|move|p2a: Excadrill|Earthquake|p1a: Incineroar|[spread] p2b,p1a,p1b
|-supereffective|p1a: Incineroar
|-damage|p2b: Excadrill|0 fnt
|-damage|p1a: Incineroar|0 fnt
|-damage|p1b: Ursaluna|1/100 brn
|replace|p2b: Zoroark|Zoroark-Hisui, L50, F
|-end|p2b: Zoroark|Illusion
|faint|p2b: Zoroark
|faint|p1a: Incineroar
|move|p1b: Ursaluna|Headlong Rush|p2a: Excadrill
|-damage|p2a: Excadrill|0 fnt
|-unboost|p1b: Ursaluna|def|1
|-unboost|p1b: Ursaluna|spd|1
|faint|p2a: Excadrill
|
|-damage|p1b: Ursaluna|0 fnt|[from] brn
|faint|p1b: Ursaluna
|upkeep
|
|t:|1756579494
|switch|p2a: Tyranitar|Tyranitar, L50, F|100/100
|switch|p1a: Gholdengo|Gholdengo, L50|100/100
|-weather|Sandstorm|[from] ability: Sand Stream|[of] p2a: Tyranitar
|turn|5
|inactive|snailboss has 30 seconds left.
|
|t:|1756579533
|move|p1a: Gholdengo|Nasty Plot|p1a: Gholdengo
|-boost|p1a: Gholdengo|spa|2
|move|p2a: Tyranitar|Knock Off|p1a: Gholdengo
|-supereffective|p1a: Gholdengo
|-damage|p1a: Gholdengo|0 fnt
|-enditem|p1a: Gholdengo|Life Orb|[from] move: Knock Off|[of] p2a: Tyranitar
|faint|p1a: Gholdengo
|
|win|snailboss
||SeeYouInSf is ready for game 2.
|inactive|snailboss has 30 seconds to confirm battle start!
|inactive|snailboss has 20 seconds to confirm battle start!
