|j|☆beckybug
|j|☆blackstormgames
|html|beckybugblackstormgames    
|uhtml|bestof|Game 2 of a best-of-3
|t:|1783033409
|gametype|doubles
|player|p1|beckybug|briar|1310
|player|p2|blackstormgames|lance|1327
|gen|9
|tier|[Gen 9 Champions] VGC 2026 Reg M-B (Bo3)
|rated|
|rule|Species Clause: Limit one of each Pokémon
|rule|Item Clause: Limit 1 of each item
|clearpoke
|poke|p1|Metagross, L50, shiny|
|poke|p1|Swampert, L50, F|
|poke|p1|Pelipper, L50, F|
|poke|p1|Archaludon, L50, F|
|poke|p1|Sinistcha-Masterpiece, L50|
|poke|p1|Grimmsnarl, L50, M, shiny|
|poke|p2|Metagross, L50|
|poke|p2|Sneasler, L50, M|
|poke|p2|Garchomp, L50, M|
|poke|p2|Charizard, L50, M|
|poke|p2|Aerodactyl, L50, F|
|poke|p2|Sylveon, L50, M|
|teampreview|4
|showteam|p1|Metagross||Metagrossite|ClearBody|IronHead,PsychicFangs,BodyPress,Protect|Jolly|||||50|]Swampert||Swampertite|Torrent|WaveCrash,Earthquake,IcePunch,Protect|Adamant||F|||50|]Pelipper||SitrusBerry|Drizzle|WeatherBall,Hurricane,Tailwind,Protect|Modest||F|||50|]Archaludon||Leftovers|Stamina|FlashCannon,DragonPulse,ElectroShot,Protect|Modest||F|||50|]Sinistcha-Masterpiece||OccaBerry|Hospitality|MatchaGotcha,RagePowder,TrickRoom,Protect|Relaxed|||||50|]Grimmsnarl||LightClay|Prankster|FoulPlay,PartingShot,Reflect,LightScreen|Calm||M|||50|
|showteam|p2|Metagross||Metagrossite|ClearBody|IronHead,PsychicFangs,BodyPress,Protect|Jolly|||||50|]Sneasler||WhiteHerb|PoisonTouch|FakeOut,GunkShot,CloseCombat,Coaching|Jolly||M|||50|]Garchomp||LifeOrb|SandVeil|Earthquake,DragonClaw,RockSlide,Protect|Jolly||M|||50|]Charizard||CharizarditeY|Blaze|HeatWave,SolarBeam,Overheat,Protect|Modest||M|||50|]Aerodactyl||FocusSash|Unnerve|RockSlide,DualWingbeat,Tailwind,Protect|Jolly||F|||50|]Sylveon||FairyFeather|Pixilate|HyperVoice,HyperBeam,QuickAttack,Detect|Modest||M|||50|
|
|t:|1783033446
|teamsize|p1|4
|teamsize|p2|4
|start
|switch|p1a: Pelipper|Pelipper, L50, F|100/100
|switch|p1b: Swampert|Swampert, L50, F|100/100
|switch|p2a: Charizard|Charizard, L50, M|100/100
|switch|p2b: Sylveon|Sylveon, L50, M|100/100
|-weather|RainDance|[from] ability: Drizzle|[of] p1a: Pelipper
|turn|1
|
|t:|1783033460
|detailschange|p2a: Charizard|Charizard-Mega-Y, L50, M
|-mega|p2a: Charizard|Charizard|Charizardite Y
|-weather|SunnyDay|[from] ability: Drought|[of] p2a: Charizard
|detailschange|p1b: Swampert|Swampert-Mega, L50, F
|-mega|p1b: Swampert|Swampert|Swampertite
|move|p1b: Swampert|Protect|p1b: Swampert
|-singleturn|p1b: Swampert|Protect
|move|p2a: Charizard|Solar Beam||[still]
|-prepare|p2a: Charizard|Solar Beam
|-anim|p2a: Charizard|Solar Beam|p1b: Swampert
|-activate|p1b: Swampert|move: Protect
|move|p1a: Pelipper|Tailwind|p1a: Pelipper
|-sidestart|p1: beckybug|move: Tailwind
|move|p2b: Sylveon|Hyper Voice|p1b: Swampert|[spread] p1a
|-activate|p1b: Swampert|move: Protect
|-damage|p1a: Pelipper|38/100
|-enditem|p1a: Pelipper|Sitrus Berry|[eat]
|-heal|p1a: Pelipper|63/100|[from] item: Sitrus Berry
|
|-weather|SunnyDay|[upkeep]
|upkeep
|turn|2
|
|t:|1783033486
|switch|p2a: Garchomp|Garchomp, L50, M|100/100
|move|p1b: Swampert|Wave Crash|p2a: Garchomp
|-damage|p2a: Garchomp|59/100
|-damage|p1b: Swampert|86/100|[from] Recoil
|move|p1a: Pelipper|Weather Ball|p2a: Garchomp
|-resisted|p2a: Garchomp|1
|-damage|p2a: Garchomp|36/100
|move|p2b: Sylveon|Hyper Voice|p1a: Pelipper|[spread] p1a,p1b
|-damage|p1a: Pelipper|1/100
|-damage|p1b: Swampert|43/100
|
|-weather|SunnyDay|[upkeep]
|upkeep
|turn|3
|
|t:|1783033506
|switch|p1a: Sinistcha|Sinistcha-Masterpiece, L50|100/100
|-heal|p1b: Swampert|68/100|[from] ability: Hospitality|[of] p1a: Sinistcha
|move|p2b: Sylveon|Quick Attack|p1a: Sinistcha
|-damage|p1a: Sinistcha|88/100
|move|p1b: Swampert|Ice Punch|p2a: Garchomp
|-supereffective|p2a: Garchomp|2
|-damage|p2a: Garchomp|0 fnt
|faint|p2a: Garchomp
|
|-weather|SunnyDay|[upkeep]
|upkeep
|
|t:|1783033516
|switch|p2a: Aerodactyl|Aerodactyl, L50, F|100/100
|-ability|p2a: Aerodactyl|Unnerve
|turn|4
|
|t:|1783033527
|move|p2a: Aerodactyl|Protect|p2a: Aerodactyl
|-singleturn|p2a: Aerodactyl|Protect
|move|p1b: Swampert|Wave Crash|p2a: Aerodactyl
|-activate|p2a: Aerodactyl|move: Protect
|move|p2b: Sylveon|Hyper Voice|p1a: Sinistcha|[spread] p1a,p1b
|-damage|p1a: Sinistcha|45/100
|-damage|p1b: Swampert|25/100
|move|p1a: Sinistcha|Trick Room|p1a: Sinistcha
|-fieldstart|move: Trick Room|[of] p1a: Sinistcha
|
|-weather|SunnyDay|[upkeep]
|-sideend|p1: beckybug|move: Tailwind
|upkeep
|turn|5
|
|t:|1783033543
|move|p1b: Swampert|Protect|p1b: Swampert
|-singleturn|p1b: Swampert|Protect
|move|p1a: Sinistcha|Matcha Gotcha|p2a: Aerodactyl|[spread] p2a,p2b
|-damage|p2a: Aerodactyl|63/100
|-heal|p1a: Sinistcha|61/100|[from] drain|[of] p2a: Aerodactyl
|-damage|p2b: Sylveon|81/100
|-heal|p1a: Sinistcha|71/100|[from] drain|[of] p2b: Sylveon
|move|p2b: Sylveon|Hyper Voice|p1a: Sinistcha|[spread] p1a
|-activate|p1b: Swampert|move: Protect
|-damage|p1a: Sinistcha|21/100
|move|p2a: Aerodactyl|Dual Wingbeat|p1a: Sinistcha
|-supereffective|p1a: Sinistcha|1
|-crit|p1a: Sinistcha
|-damage|p1a: Sinistcha|0 fnt
|faint|p1a: Sinistcha
|-hitcount|p1: Sinistcha|1
|
|-weather|none
|upkeep
|
|t:|1783033566
|switch|p1a: Archaludon|Archaludon, L50, F|100/100
|turn|6
|
|t:|1783033576
|switch|p1b: Pelipper|Pelipper, L50, F|1/100
|-weather|RainDance|[from] ability: Drizzle|[of] p1b: Pelipper
|move|p2a: Aerodactyl|Protect|p2a: Aerodactyl
|-singleturn|p2a: Aerodactyl|Protect
|move|p2b: Sylveon|Hyper Voice|p1a: Archaludon|[spread] p1a,p1b
|-damage|p1a: Archaludon|52/100
|-damage|p1b: Pelipper|0 fnt
|-ability|p1a: Archaludon|Stamina|boost
|-boost|p1a: Archaludon|def|1
|faint|p1b: Pelipper
|move|p1a: Archaludon|Electro Shot||[still]
|-prepare|p1a: Archaludon|Electro Shot
|-boost|p1a: Archaludon|spa|1
|-anim|p1a: Archaludon|Electro Shot|p2a: Aerodactyl
|-activate|p2a: Aerodactyl|move: Protect
|
|-weather|RainDance|[upkeep]
|-heal|p1a: Archaludon|58/100|[from] item: Leftovers
|upkeep
|
|t:|1783033587
|switch|p1b: Swampert|Swampert-Mega, L50, F|25/100
|turn|7
|
|t:|1783033605
|switch|p2a: Charizard|Charizard-Mega-Y, L50, M|100/100
|-weather|SunnyDay|[from] ability: Drought|[of] p2a: Charizard
|move|p1b: Swampert|Protect|p1b: Swampert
|-singleturn|p1b: Swampert|Protect
|move|p2b: Sylveon|Hyper Voice|p1b: Swampert|[spread] p1a
|-activate|p1b: Swampert|move: Protect
|-damage|p1a: Archaludon|9/100
|-ability|p1a: Archaludon|Stamina|boost
|-boost|p1a: Archaludon|def|1
|move|p1a: Archaludon|Flash Cannon|p2b: Sylveon
|-supereffective|p2b: Sylveon|1
|-damage|p2b: Sylveon|0 fnt
|faint|p2b: Sylveon
|
|-weather|SunnyDay|[upkeep]
|-heal|p1a: Archaludon|15/100|[from] item: Leftovers
|upkeep
|
|t:|1783033620
|switch|p2b: Aerodactyl|Aerodactyl, L50, F|63/100
|-ability|p2b: Aerodactyl|Unnerve
|turn|8
|
|t:|1783033629
|move|p2a: Charizard|Protect|p2a: Charizard
|-singleturn|p2a: Charizard|Protect
|move|p2b: Aerodactyl|Protect|p2b: Aerodactyl
|-singleturn|p2b: Aerodactyl|Protect
|move|p1a: Archaludon|Dragon Pulse|p2a: Charizard
|-activate|p2a: Charizard|move: Protect
|move|p1b: Swampert|Wave Crash|p2a: Charizard
|-activate|p2a: Charizard|move: Protect
|
|-weather|SunnyDay|[upkeep]
|-heal|p1a: Archaludon|21/100|[from] item: Leftovers
|-fieldend|move: Trick Room
|upkeep
|turn|9
|
|t:|1783033643
|move|p1a: Archaludon|Protect|p1a: Archaludon
|-singleturn|p1a: Archaludon|Protect
|move|p2b: Aerodactyl|Dual Wingbeat|p1b: Swampert
|-damage|p1b: Swampert|8/100
|-damage|p1b: Swampert|0 fnt
|faint|p1b: Swampert
|-hitcount|p1: Swampert|2
|move|p2a: Charizard|Heat Wave|p1a: Archaludon
|-activate|p1a: Archaludon|move: Protect
|
|-weather|SunnyDay|[upkeep]
|-heal|p1a: Archaludon|27/100|[from] item: Leftovers
|upkeep
|turn|10
|-message|beckybug forfeited.
|
|win|blackstormgames
||beckybug is ready for game 3.
||blackstormgames is ready for game 3.
|uhtml|next|Next: Game 3 of 3
|l|☆blackstormgames
|player|p2|
