|j|☆spellbreakvgc
|j|☆WinonaUnderrated
|html|spellbreakvgcWinonaUnderrated    
|uhtml|bestof|Game 3 of a best-of-3
|t:|1756727281
|gametype|doubles
|player|p1|spellbreakvgc|lance|1169
|player|p2|WinonaUnderrated|winona|1051
|gen|9
|tier|[Gen 9] VGC 2025 Reg H (Bo3)
|rated|
|rule|Species Clause: Limit one of each Pokémon
|rule|Item Clause: Limit 1 of each item
|clearpoke
|poke|p1|Toedscruel, L50, F|
|poke|p1|Weezing-Galar, L50, F|
|poke|p1|Corviknight, L50, F|
|poke|p1|Garchomp, L50, M|
|poke|p1|Typhlosion-Hisui, L50, F|
|poke|p1|Baxcalibur, L50, M|
|poke|p2|Talonflame, L50, M|
|poke|p2|Altaria, L50, M|
|poke|p2|Flamigo, L50, M|
|poke|p2|Gliscor, L50, M|
|poke|p2|Corviknight, L50, F|
|poke|p2|Jumpluff, L50, F|
|teampreview|4
|showteam|p1|Toedscruel||CovertCloak|MyceliumMight|Spore,EarthPower,AcidSpray,RagePowder|||F|||50|,,,,,Water]Weezing-Galar||ChoiceSpecs|NeutralizingGas|DazzlingGleam,SludgeBomb,StrangeSteam,Flamethrower|||F|||50|,,,,,Fire]Corviknight||SitrusBerry|MirrorArmor|Protect,Tailwind,Roost,BraveBird|||F|||50|,,,,,Dragon]Garchomp||LifeOrb|RoughSkin|Protect,Earthquake,DragonClaw,StompingTantrum|||M|||50|,,,,,Ground]Typhlosion-Hisui||ChoiceScarf|Blaze|Eruption,SleepTalk,HeatWave,ShadowBall|||F|||50|,,,,,Fire]Baxcalibur||LoadedDice|ThermalExchange|ScaleShot,IcicleSpear,SwordsDance,Protect|||M|||50|,,,,,Ghost
|showteam|p2|Talonflame||CovertCloak|GaleWings|DualWingbeat,Tailwind,Taunt,WillOWisp|||M|||50|,,,,,Ghost]Altaria||ClearAmulet|CloudNine|BraveBird,CottonGuard,DragonDance,Roost|||M|||50|,,,,,Flying]Flamigo||FocusSash|Costar|CloseCombat,BraveBird,ThroatChop,WideGuard|||M|||50|,,,,,Dark]Gliscor||LifeOrb|HyperCutter|Tailwind,StoneEdge,Earthquake,SwordsDance|||M|||50|,,,,,Rock]Corviknight||RockyHelmet|MirrorArmor|BulkUp,IronHead,Taunt,Tailwind|||F|||50|,,,,,Flying]Jumpluff||MentalHerb|Chlorophyll|Encore,SleepPowder,Tailwind,RagePowder|||F|||50|,,,,,Water
|inactive|Battle timer is ON: inactive players will automatically lose when time's up. (requested by WinonaUnderrated)
|
|t:|1756727305
|teamsize|p1|4
|teamsize|p2|4
|start
|switch|p1a: Toedscruel|Toedscruel, L50, F|100/100
|switch|p1b: Weezing|Weezing-Galar, L50, F|100/100
|switch|p2a: Flamigo|Flamigo, L50, M|100/100
|switch|p2b: Altaria|Altaria, L50, M|100/100
|-ability|p1b: Weezing|Neutralizing Gas
|turn|1
|inactive|WinonaUnderrated has 30 seconds left.
|inactive|WinonaUnderrated has 20 seconds left.
|
|t:|1756727343
|move|p1a: Toedscruel|Spore|p2a: Flamigo
|-status|p2a: Flamigo|slp|[from] move: Spore
|cant|p2a: Flamigo|slp
|move|p2b: Altaria|Brave Bird|p1a: Toedscruel
|-supereffective|p1a: Toedscruel
|-damage|p1a: Toedscruel|19/100
|-damage|p2b: Altaria|74/100|[from] Recoil
|move|p1b: Weezing|Dazzling Gleam|p2a: Flamigo|[spread] p2a,p2b
|-supereffective|p2a: Flamigo
|-supereffective|p2b: Altaria
|-enditem|p2a: Flamigo|Focus Sash
|-damage|p2a: Flamigo|1/100 slp
|-damage|p2b: Altaria|20/100
|
|upkeep
|turn|2
|inactive|WinonaUnderrated has 30 seconds left.
|inactive|WinonaUnderrated has 20 seconds left.
|
|t:|1756727383
|switch|p2a: Talonflame|Talonflame, L50, M|100/100
|switch|p2b: Gliscor|Gliscor, L50, M|100/100
|move|p1a: Toedscruel|Spore|p2b: Gliscor
|-status|p2b: Gliscor|slp|[from] move: Spore
|move|p1b: Weezing|Dazzling Gleam|p2a: Talonflame|[spread] p2a,p2b
|-resisted|p2a: Talonflame
|-damage|p2a: Talonflame|71/100
|-damage|p2b: Gliscor|44/100 slp
|
|upkeep
|turn|3
|
|t:|1756727405
|move|p2a: Talonflame|Dual Wingbeat|p1a: Toedscruel
|-supereffective|p1a: Toedscruel
|-damage|p1a: Toedscruel|0 fnt
|faint|p1a: Toedscruel
|-hitcount|p1: Toedscruel|1
|cant|p2b: Gliscor|slp
|move|p1b: Weezing|Dazzling Gleam|p2a: Talonflame|[spread] p2a,p2b
|-resisted|p2a: Talonflame
|-crit|p2b: Gliscor
|-damage|p2a: Talonflame|44/100
|-damage|p2b: Gliscor|0 fnt
|faint|p2b: Gliscor
|
|upkeep
|
|t:|1756727417
|switch|p1a: Corviknight|Corviknight, L50, F|100/100
|switch|p2b: Altaria|Altaria, L50, M|20/100
|turn|4
|
|t:|1756727427
|-terastallize|p1a: Corviknight|Dragon
|move|p2a: Talonflame|Will-O-Wisp|p1a: Corviknight
|-status|p1a: Corviknight|brn
|move|p2b: Altaria|Roost|p2b: Altaria
|-heal|p2b: Altaria|70/100
|-singleturn|p2b: Altaria|move: Roost
|move|p1a: Corviknight|Tailwind|p1a: Corviknight
|-sidestart|p1: spellbreakvgc|move: Tailwind
|move|p1b: Weezing|Dazzling Gleam|p2b: Altaria|[spread] p2a,p2b
|-resisted|p2a: Talonflame
|-supereffective|p2b: Altaria
|-damage|p2a: Talonflame|15/100
|-damage|p2b: Altaria|20/100
|
|-damage|p1a: Corviknight|95/100 brn|[from] brn
|upkeep
|turn|5
|
|t:|1756727444
|move|p1a: Corviknight|Brave Bird|p2a: Talonflame
|-damage|p2a: Talonflame|0 fnt
|faint|p2a: Talonflame
|-damage|p1a: Corviknight|91/100 brn|[from] Recoil
|move|p1b: Weezing|Dazzling Gleam|p2b: Altaria
|-supereffective|p2b: Altaria
|-crit|p2b: Altaria
|-damage|p2b: Altaria|0 fnt
|faint|p2b: Altaria
|
|-damage|p1a: Corviknight|85/100 brn|[from] brn
|upkeep
|
|t:|1756727447
|switch|p2b: Flamigo|Flamigo, L50, M|1/100 slp
|turn|6
|-message|WinonaUnderrated forfeited.
|
|win|spellbreakvgc
