|j|☆higigig
|j|☆Le P VGC
|html|higigigLe P VGC    
|uhtml|bestof|Game 2 of a best-of-3
|t:|1756633317
|gametype|doubles
|player|p1|higigig|sisandbro|1223
|player|p2|Le P VGC|lucian|1128
|gen|9
|tier|[Gen 9] VGC 2025 Reg H (Bo3)
|rated|
|rule|Species Clause: Limit one of each Pokémon
|rule|Item Clause: Limit 1 of each item
|clearpoke
|poke|p1|Sneasler, L50, M|
|poke|p1|Gholdengo, L50|
|poke|p1|Amoonguss, L50, M|
|poke|p1|Incineroar, L50, F|
|poke|p1|Dragonite, L50, F|
|poke|p1|Ursaluna-Bloodmoon, L50, M|
|poke|p2|Ursaluna, L50, F|
|poke|p2|Incineroar, L50, M|
|poke|p2|Jumpluff, L50, F|
|poke|p2|Torkoal, L50, F|
|poke|p2|Charizard, L50, F|
|poke|p2|Porygon2, L50|
|teampreview|4
|showteam|p1|Sneasler||ClearAmulet|PoisonTouch|FakeOut,CloseCombat,DireClaw,Protect|||M|||50|,,,,,Water]Gholdengo||MetalCoat|GoodasGold|NastyPlot,MakeItRain,ShadowBall,Protect||||||50|,,,,,Water]Amoonguss||MentalHerb|Regenerator|Spore,RagePowder,PollenPuff,Protect|||M|||50|,,,,,Water]Incineroar||SafetyGoggles|Intimidate|FakeOut,FlareBlitz,KnockOff,PartingShot|||F|||50|,,,,,Ghost]Dragonite||LoadedDice|Multiscale|ScaleShot,Haze,Tailwind,Protect|||F|||50|,,,,,Fairy]Ursaluna-Bloodmoon||LifeOrb|MindsEye|HyperVoice,EarthPower,BloodMoon,Protect|||M|||50|,,,,,Poison
|showteam|p2|Ursaluna||FlameOrb|Guts|Earthquake,Facade,HeadlongRush,Protect|||F|||50|,,,,,Ghost]Incineroar||SafetyGoggles|Intimidate|FakeOut,FlareBlitz,KnockOff,PartingShot|||M|||50|,,,,,Ghost]Jumpluff||CovertCloak|Chlorophyll|SleepPowder,Tailwind,RagePowder,SunnyDay|||F|||50|,,,,,Water]Torkoal||EjectPack|Drought|Eruption,Overheat,Protect,HelpingHand|||F|||50|,,,,,Fire]Charizard||ChoiceSpecs|SolarPower|HeatWave,AirSlash,WeatherBall,Overheat|||F|||50|,,,,,Ghost]Porygon2||Eviolite|Download|TeraBlast,TrickRoom,Recover,IceBeam||||||50|,,,,,Fighting
|inactive|Battle timer is ON: inactive players will automatically lose when time's up. (requested by higigig)
|
|t:|1756633332
|teamsize|p1|4
|teamsize|p2|4
|start
|switch|p1a: Dragonite|Dragonite, L50, F|100/100
|switch|p1b: Gholdengo|Gholdengo, L50|100/100
|switch|p2a: Porygon2|Porygon2, L50|100/100
|switch|p2b: Torkoal|Torkoal, L50, F|100/100
|-ability|p2a: Porygon2|Download|boost
|-boost|p2a: Porygon2|atk|1
|-weather|SunnyDay|[from] ability: Drought|[of] p2b: Torkoal
|turn|1
|
|t:|1756633350
|-terastallize|p1b: Gholdengo|Water
|move|p1b: Gholdengo|Nasty Plot|p1b: Gholdengo
|-boost|p1b: Gholdengo|spa|2
|move|p1a: Dragonite|Scale Shot|p2b: Torkoal
|-damage|p2b: Torkoal|90/100
|-damage|p2b: Torkoal|79/100
|-damage|p2b: Torkoal|67/100
|-damage|p2b: Torkoal|55/100
|-hitcount|p2b: Torkoal|4
|-unboost|p1a: Dragonite|def|1
|-boost|p1a: Dragonite|spe|1
|move|p2b: Torkoal|Overheat|p1b: Gholdengo
|-resisted|p1b: Gholdengo
|-damage|p1b: Gholdengo|54/100
|-unboost|p2b: Torkoal|spa|2
|-enditem|p2b: Torkoal|Eject Pack
|
|t:|1756633358
|switch|p2b: Incineroar|Incineroar, L50, M|100/100
|-ability|p2b: Incineroar|Intimidate|boost
|-unboost|p1a: Dragonite|atk|1
|-unboost|p1b: Gholdengo|atk|1
|move|p2a: Porygon2|Trick Room|p2a: Porygon2
|-fieldstart|move: Trick Room|[of] p2a: Porygon2
|
|-weather|SunnyDay|[upkeep]
|upkeep
|turn|2
|
|t:|1756633374
|switch|p1a: Incineroar|Incineroar, L50, F|100/100
|-ability|p1a: Incineroar|Intimidate|boost
|-unboost|p2a: Porygon2|atk|1
|-unboost|p2b: Incineroar|atk|1
|move|p1b: Gholdengo|Protect|p1b: Gholdengo
|-singleturn|p1b: Gholdengo|Protect
|move|p2a: Porygon2|Ice Beam|p1a: Incineroar
|-resisted|p1a: Incineroar
|-crit|p1a: Incineroar
|-damage|p1a: Incineroar|87/100
|move|p2b: Incineroar|Knock Off|p1a: Incineroar
|-resisted|p1a: Incineroar
|-damage|p1a: Incineroar|75/100
|-enditem|p1a: Incineroar|Safety Goggles|[from] move: Knock Off|[of] p2b: Incineroar
|
|-weather|SunnyDay|[upkeep]
|upkeep
|turn|3
|
|t:|1756633397
|move|p1a: Incineroar|Fake Out|p2b: Incineroar
|-damage|p2b: Incineroar|91/100
|move|p2a: Porygon2|Tera Blast|p1b: Gholdengo
|-damage|p1b: Gholdengo|20/100
|cant|p2b: Incineroar|flinch
|move|p1b: Gholdengo|Make It Rain|p2a: Porygon2|[spread] p2a,p2b
|-resisted|p2b: Incineroar
|-damage|p2a: Porygon2|33/100
|-damage|p2b: Incineroar|37/100
|-unboost|p1b: Gholdengo|spa|1
|
|-weather|SunnyDay|[upkeep]
|upkeep
|turn|4
|
|t:|1756633411
|move|p1b: Gholdengo|Protect|p1b: Gholdengo
|-singleturn|p1b: Gholdengo|Protect
|move|p2a: Porygon2|Recover|p2a: Porygon2
|-heal|p2a: Porygon2|83/100
|move|p1a: Incineroar|Flare Blitz|p2a: Porygon2
|-damage|p2a: Porygon2|36/100
|-damage|p1a: Incineroar|60/100|[from] Recoil
|move|p2b: Incineroar|Parting Shot|p1a: Incineroar
|-unboost|p1a: Incineroar|atk|1
|-unboost|p1a: Incineroar|spa|1
|
|t:|1756633418
|switch|p2b: Ursaluna|Ursaluna, L50, F|100/100|[from] Parting Shot
|
|-weather|SunnyDay|[upkeep]
|-status|p2b: Ursaluna|brn|[from] item: Flame Orb
|upkeep
|turn|5
|
|t:|1756633442
|switch|p1b: Dragonite|Dragonite, L50, F|100/100
|move|p2a: Porygon2|Tera Blast|p1b: Dragonite
|-damage|p1b: Dragonite|86/100
|move|p1a: Incineroar|Parting Shot|p2b: Ursaluna
|-unboost|p2b: Ursaluna|atk|1
|-unboost|p2b: Ursaluna|spa|1
|
|t:|1756633454
|switch|p1a: Sneasler|Sneasler, L50, M|100/100|[from] Parting Shot
|move|p2b: Ursaluna|Facade|p1a: Sneasler
|-damage|p1a: Sneasler|0 fnt
|faint|p1a: Sneasler
|
|-weather|none
|-damage|p2b: Ursaluna|95/100 brn|[from] brn
|-fieldend|move: Trick Room
|upkeep
|
|t:|1756633459
|switch|p1a: Gholdengo|Gholdengo, L50, tera:Water|20/100
|turn|6
|
|t:|1756633471
|switch|p2b: Incineroar|Incineroar, L50, M|37/100
|-ability|p2b: Incineroar|Intimidate|boost
|-unboost|p1a: Gholdengo|atk|1
|-unboost|p1b: Dragonite|atk|1
|move|p1a: Gholdengo|Make It Rain|p2b: Incineroar|[spread] p2a,p2b
|-resisted|p2b: Incineroar
|-damage|p2a: Porygon2|3/100
|-damage|p2b: Incineroar|12/100
|-unboost|p1a: Gholdengo|spa|1
|move|p1b: Dragonite|Scale Shot|p2b: Incineroar
|-damage|p2b: Incineroar|4/100
|-damage|p2b: Incineroar|0 fnt
|faint|p2b: Incineroar
|-hitcount|p2: Incineroar|2
|-unboost|p1b: Dragonite|def|1
|-boost|p1b: Dragonite|spe|1
|move|p2a: Porygon2|Recover|p2a: Porygon2
|-heal|p2a: Porygon2|53/100
|
|upkeep
|
|t:|1756633492
|switch|p2b: Ursaluna|Ursaluna, L50, F|95/100 brn
|turn|7
|
|t:|1756633502
|switch|p1b: Incineroar|Incineroar, L50, F|60/100
|-ability|p1b: Incineroar|Intimidate|boost
|-unboost|p2a: Porygon2|atk|1
|-unboost|p2b: Ursaluna|atk|1
|move|p1a: Gholdengo|Nasty Plot|p1a: Gholdengo
|-boost|p1a: Gholdengo|spa|2
|move|p2b: Ursaluna|Facade|p1b: Incineroar
|-damage|p1b: Incineroar|0 fnt
|faint|p1b: Incineroar
|move|p2a: Porygon2|Tera Blast|p1a: Gholdengo
|-damage|p1a: Gholdengo|0 fnt
|faint|p1a: Gholdengo
|
|-damage|p2b: Ursaluna|89/100 brn|[from] brn
|upkeep
|
|t:|1756633504
|switch|p1b: Dragonite|Dragonite, L50, F|86/100
|turn|8
|-message|higigig forfeited.
|
|win|Le P VGC
