|j|☆Casarjs
|j|☆SuprEpcGuy
|html|CasarjsSuprEpcGuy    
|uhtml|bestof|Game 1 of a best-of-3
|t:|1784573946
|gametype|doubles
|player|p1|Casarjs|2|1000
|player|p2|SuprEpcGuy|shauntal|1105
|gen|9
|tier|[Gen 9 Champions] VGC 2026 Reg M-B (Bo3)
|rated|
|rule|Species Clause: Limit one of each Pokémon
|rule|Item Clause: Limit 1 of each item
|clearpoke
|poke|p1|Trevenant, L50, M|
|poke|p1|Torkoal, L50, F|
|poke|p1|Farigiraf, L50, F|
|poke|p1|Venusaur, L50, M|
|poke|p1|Whimsicott, L50, M|
|poke|p1|Garchomp, L50, F|
|poke|p2|Zoroark-Hisui, L50, F|
|poke|p2|Torkoal, L50, M|
|poke|p2|Farigiraf, L50, F|
|poke|p2|Pyroar, L50, F|
|poke|p2|Kangaskhan, L50, F|
|poke|p2|Aerodactyl, L50, M|
|teampreview|4
|showteam|p1|Trevenant||SitrusBerry|Harvest|HornLeech,Poltergeist,DrainPunch,Protect|Jolly||M|||50|]Torkoal||Leftovers|Drought|Eruption,Overheat,WeatherBall,Protect|Quiet||F|||50|]Farigiraf||FocusSash|ArmorTail|Psychic,HyperVoice,TrickRoom,Protect|Quiet||F|||50|]Venusaur||OccaBerry|Chlorophyll|SolarBeam,SludgeWave,SleepPowder,Protect|Timid||M|||50|]Whimsicott||LifeOrb|Prankster|DazzlingGleam,Tailwind,SunnyDay,Protect|Timid||M|||50|]Garchomp||ChoiceScarf|RoughSkin|DragonClaw,Earthquake,IronHead,Protect|Adamant||F|||50|
|showteam|p2|Zoroark-Hisui||ChoiceScarf|Illusion|IcyWind,BitterMalice,Flamethrower,Taunt|Timid||F|||50|]Torkoal||Charcoal|Drought|Eruption,WeatherBall,EarthPower,Protect|Quiet||M|||50|]Farigiraf||ColburBerry|ArmorTail|Psychic,Thunderbolt,TrickRoom,HelpingHand|Quiet||F|||50|]Pyroar||Pyroarite|Rivalry|HeatWave,Overheat,Snarl,Protect|Timid||F|||50|]Kangaskhan||SilkScarf|Scrappy|FakeOut,LastResort|Adamant||F|||50|]Aerodactyl||Aerodactylite|RockHead|RockSlide,DualWingbeat,Tailwind,Protect|Jolly||M|||50|
|inactive|Battle timer is ON: inactive players will automatically lose when time's up. (requested by SuprEpcGuy)
|inactive|SuprEpcGuy has 60 seconds left.
|inactive|SuprEpcGuy has 30 seconds left.
|
|t:|1784574011
|teamsize|p1|4
|teamsize|p2|4
|start
|switch|p1a: Farigiraf|Farigiraf, L50, F|100/100
|switch|p1b: Torkoal|Torkoal, L50, F|100/100
|switch|p2a: Freight|Aerodactyl, L50, M|100/100
|switch|p2b: Majesty|Pyroar, L50, F|100/100
|-weather|SunnyDay|[from] ability: Drought|[of] p1b: Torkoal
|turn|1
|
|t:|1784574031
|detailschange|p2b: Majesty|Pyroar-Mega, L50, F
|-mega|p2b: Majesty|Pyroar|Pyroarite
|move|p1b: Torkoal|Protect|p1b: Torkoal
|-singleturn|p1b: Torkoal|Protect
|move|p2a: Freight|Dual Wingbeat|p1a: Farigiraf|[miss]
|-miss|p2a: Freight|p1a: Farigiraf
|move|p2b: Majesty|Snarl|p1b: Torkoal|[spread] p1a
|-activate|p1b: Torkoal|move: Protect
|-supereffective|p1a: Farigiraf|1
|-damage|p1a: Farigiraf|72/100
|-unboost|p1a: Farigiraf|spa|1
|move|p1a: Farigiraf|Trick Room|p1a: Farigiraf
|-fieldstart|move: Trick Room|[of] p1a: Farigiraf
|
|-weather|SunnyDay|[upkeep]
|upkeep
|turn|2
|inactive|SuprEpcGuy has 30 seconds left.
|inactive|SuprEpcGuy has 20 seconds left.
|
|t:|1784574067
|move|p2b: Majesty|Protect|p2b: Majesty
|-singleturn|p2b: Majesty|Protect
|move|p2a: Freight|Protect|p2a: Freight
|-singleturn|p2a: Freight|Protect
|move|p1b: Torkoal|Eruption|p2b: Majesty|[spread] 
|-activate|p2a: Freight|move: Protect
|-activate|p2b: Majesty|move: Protect
|move|p1a: Farigiraf|Psychic|p2a: Freight
|-activate|p2a: Freight|move: Protect
|
|-weather|SunnyDay|[upkeep]
|upkeep
|turn|3
|
|t:|1784574091
|move|p1b: Torkoal|Eruption|p2b: Majesty|[spread] p2a,p2b
|-resisted|p2a: Freight|1
|-resisted|p2b: Majesty|1
|-damage|p2a: Freight|52/100
|-damage|p2b: Majesty|53/100
|move|p1a: Farigiraf|Psychic|p2a: Freight
|-damage|p2a: Freight|10/100
|move|p2b: Majesty|Snarl|p1a: Farigiraf|[spread] p1a,p1b
|-supereffective|p1a: Farigiraf|1
|-damage|p1a: Farigiraf|39/100
|-damage|p1b: Torkoal|80/100
|-unboost|p1a: Farigiraf|spa|1
|-unboost|p1b: Torkoal|spa|1
|move|p2a: Freight|Dual Wingbeat|p1a: Farigiraf|[miss]
|-miss|p2a: Freight|p1a: Farigiraf
|
|-weather|SunnyDay|[upkeep]
|-heal|p1b: Torkoal|87/100|[from] item: Leftovers
|upkeep
|turn|4
|inactive|SuprEpcGuy has 30 seconds left.
|inactive|SuprEpcGuy has 20 seconds left.
|inactive|SuprEpcGuy has 15 seconds left.
|inactive|SuprEpcGuy has 10 seconds left.
|
|t:|1784574139
|move|p1b: Torkoal|Eruption|p2b: Majesty|[spread] p2a,p2b
|-resisted|p2a: Freight|1
|-resisted|p2b: Majesty|1
|-damage|p2a: Freight|0 fnt
|-damage|p2b: Majesty|28/100
|faint|p2a: Freight
|move|p1a: Farigiraf|Psychic|p2b: Majesty
|-damage|p2b: Majesty|0 fnt
|faint|p2b: Majesty
|
|-weather|SunnyDay|[upkeep]
|-heal|p1b: Torkoal|93/100|[from] item: Leftovers
|upkeep
|
|t:|1784574147
|switch|p2b: Kangaskhan|Kangaskhan, L50, F|100/100
|switch|p2a: Mortar|Torkoal, L50, M|100/100
|turn|5
|
|t:|1784574172
|move|p1b: Torkoal|Protect|p1b: Torkoal
|-singleturn|p1b: Torkoal|Protect
|move|p1a: Farigiraf|Protect|p1a: Farigiraf
|-singleturn|p1a: Farigiraf|Protect
|move|p2b: Kangaskhan|Fake Out||[still]
|cant|p1a: Farigiraf|ability: Armor Tail|Fake Out|[of] p2b: Kangaskhan
|move|p2a: Mortar|Eruption|p1b: Torkoal|[spread] 
|-activate|p1a: Farigiraf|move: Protect
|-activate|p1b: Torkoal|move: Protect
|
|-weather|none
|-heal|p1b: Torkoal|99/100|[from] item: Leftovers
|-fieldend|move: Trick Room
|upkeep
|turn|6
|
|t:|1784574196
|switch|p1b: Garchomp|Garchomp, L50, F|100/100
|move|p2b: Kangaskhan|Last Resort|p1b: Garchomp
|-damage|p1b: Garchomp|24/100
|-damage|p2b: Kangaskhan|87/100|[from] ability: Rough Skin|[of] p1b: Garchomp
|move|p1a: Farigiraf|Psychic|p2a: Mortar
|-damage|p2a: Mortar|71/100
|move|p2a: Mortar|Eruption|p1a: Farigiraf|[spread] p1a,p1b
|-resisted|p1b: Garchomp|1
|-damage|p1a: Farigiraf|0 fnt
|-damage|p1b: Garchomp|1/100
|faint|p1a: Farigiraf
|
|upkeep
|
|t:|1784574201
|switch|p1a: Torkoal|Torkoal, L50, F|99/100
|-weather|SunnyDay|[from] ability: Drought|[of] p1a: Torkoal
|turn|7
|inactive|SuprEpcGuy has 30 seconds left.
|
|t:|1784574228
|move|p1a: Torkoal|Protect|p1a: Torkoal
|-singleturn|p1a: Torkoal|Protect
|move|p1b: Garchomp|Earthquake|p2a: Mortar|[spread] p2a,p2b
|-activate|p1a: Torkoal|move: Protect
|-supereffective|p2a: Mortar|1
|-damage|p2a: Mortar|0 fnt
|-damage|p2b: Kangaskhan|43/100
|faint|p2a: Mortar
|move|p2b: Kangaskhan|Last Resort|p1a: Torkoal
|-activate|p1a: Torkoal|move: Protect
|
|-weather|SunnyDay|[upkeep]
|-heal|p1a: Torkoal|100/100|[from] item: Leftovers
|upkeep
|turn|8
|-message|SuprEpcGuy forfeited.
|
|win|Casarjs
