|j|☆Npc red panther
|j|☆bestboi8989
|html|Npc red pantherbestboi8989    
|uhtml|bestof|Game 1 of a best-of-3
|t:|1757858396
|gametype|doubles
|player|p1|Npc red panther|265|1203
|player|p2|bestboi8989|169|1174
|gen|9
|tier|[Gen 9] VGC 2025 Reg H (Bo3)
|rated|
|rule|Species Clause: Limit one of each Pokémon
|rule|Item Clause: Limit 1 of each item
|clearpoke
|poke|p1|Kilowattrel, L50, M|
|poke|p1|Weezing-Galar, L50, F|
|poke|p1|Sneasler, L50, M|
|poke|p1|Ursaluna-Bloodmoon, L50, M|
|poke|p1|Indeedee, L50, M|
|poke|p1|Incineroar, L50, M|
|poke|p2|Indeedee, L50, M|
|poke|p2|Sneasler, L50, F|
|poke|p2|Excadrill, L50, F|
|poke|p2|Magmar, L50, M|
|poke|p2|Corviknight, L50, M|
|poke|p2|Tyranitar, L50, F|
|teampreview|4
|showteam|p1|Kilowattrel||FocusSash|Competitive|Tailwind,AirSlash,Discharge,Protect|||M|||50|,,,,,Electric]Weezing-Galar||CovertCloak|NeutralizingGas|DazzlingGleam,Taunt,WillOWisp,Protect|||F|||50|,,,,,Flying]Sneasler||PsychicSeed|Unburden|DireClaw,CloseCombat,ThroatChop,Protect|||M|||50|,,,,,Dark]Ursaluna-Bloodmoon||LifeOrb|MindsEye|HyperVoice,BloodMoon,EarthPower,Protect|||M|||50|,,,,,Normal]Indeedee||ChoiceScarf|PsychicSurge|ExpandingForce,DazzlingGleam,Trick,Protect|||M|||50|,,,,,Psychic]Incineroar||AssaultVest|Intimidate|FakeOut,FlareBlitz,KnockOff,Uturn|||M|||50|,,,,,Ghost
|showteam|p2|Indeedee||ChoiceScarf|PsychicSurge|ExpandingForce,TeraBlast,Trick,Protect|||M|||50|,,,,,Psychic]Sneasler||WhiteHerb|Unburden|FakeOut,CloseCombat,DireClaw,Coaching|||F|||50|,,,,,Flying]Excadrill||FocusSash|SandRush|Earthquake,IronHead,SwordsDance,Protect|||F|||50|,,,,,Ground]Magmar||Eviolite|VitalSpirit|HeatWave,FollowMe,HelpingHand,Protect|||M|||50|,,,,,Flying]Corviknight||PsychicSeed|MirrorArmor|BraveBird,PowerTrip,BulkUp,Roost|||M|||50|,,,,,Water]Tyranitar||AssaultVest|SandStream|RockSlide,KnockOff,LowKick,TeraBlast|||F|||50|,,,,,Flying
|
|t:|1757858476
|teamsize|p1|4
|teamsize|p2|4
|start
|switch|p1a: Weezing|Weezing-Galar, L50, F|100/100
|switch|p1b: Incineroar|Incineroar, L50, M|100/100
|switch|p2a: Tyranitar|Tyranitar, L50, F|100/100
|switch|p2b: Excadrill|Excadrill, L50, F|100/100
|-ability|p1a: Weezing|Neutralizing Gas
|turn|1
|
|t:|1757858492
|-terastallize|p2b: Excadrill|Ground
|move|p1b: Incineroar|Fake Out|p2b: Excadrill
|-crit|p2b: Excadrill
|-damage|p2b: Excadrill|68/100
|cant|p2b: Excadrill|flinch
|move|p2a: Tyranitar|Knock Off|p1a: Weezing
|-resisted|p1a: Weezing
|-damage|p1a: Weezing|80/100
|-enditem|p1a: Weezing|Covert Cloak|[from] move: Knock Off|[of] p2a: Tyranitar
|move|p1a: Weezing|Will-O-Wisp|p2a: Tyranitar
|-status|p2a: Tyranitar|brn
|
|-damage|p2a: Tyranitar|95/100 brn|[from] brn
|upkeep
|turn|2
|
|t:|1757858527
|move|p1a: Weezing|Protect|p1a: Weezing
|-singleturn|p1a: Weezing|Protect
|move|p2b: Excadrill|Iron Head|p1a: Weezing
|-activate|p1a: Weezing|move: Protect
|move|p2a: Tyranitar|Rock Slide|p1b: Incineroar|[spread] p1b
|-activate|p1a: Weezing|move: Protect
|-supereffective|p1b: Incineroar
|-damage|p1b: Incineroar|71/100
|cant|p1b: Incineroar|flinch
|
|-damage|p2a: Tyranitar|89/100 brn|[from] brn
|upkeep
|turn|3
|
|t:|1757858546
|move|p2b: Excadrill|Iron Head|p1a: Weezing
|-supereffective|p1a: Weezing
|-damage|p1a: Weezing|2/100
|move|p2a: Tyranitar|Rock Slide|p1a: Weezing|[spread] p1a,p1b
|-supereffective|p1b: Incineroar
|-damage|p1a: Weezing|0 fnt
|-damage|p1b: Incineroar|42/100
|faint|p1a: Weezing
|-end|p1a: Weezing|ability: Neutralizing Gas
|-weather|Sandstorm|[from] ability: Sand Stream|[of] p2a: Tyranitar
|-ability|p1b: Incineroar|Intimidate|boost
|-unboost|p2a: Tyranitar|atk|1
|-unboost|p2b: Excadrill|atk|1
|cant|p1b: Incineroar|flinch
|
|-weather|Sandstorm|[upkeep]
|-damage|p1b: Incineroar|36/100|[from] Sandstorm
|-damage|p2a: Tyranitar|83/100 brn|[from] brn
|upkeep
|
|t:|1757858553
|switch|p1a: Indeedee|Indeedee, L50, M|100/100
|-fieldstart|move: Psychic Terrain|[from] ability: Psychic Surge|[of] p1a: Indeedee
|turn|4
|
|t:|1757858568
|switch|p2b: Magmar|Magmar, L50, M|100/100
|move|p1a: Indeedee|Expanding Force|p2b: Magmar|[spread] p2b
|-immune|p2a: Tyranitar
|-damage|p2b: Magmar|57/100
|move|p2a: Tyranitar|Knock Off|p1a: Indeedee
|-supereffective|p1a: Indeedee
|-damage|p1a: Indeedee|30/100
|-enditem|p1a: Indeedee|Choice Scarf|[from] move: Knock Off|[of] p2a: Tyranitar
|move|p1b: Incineroar|Knock Off|p2a: Tyranitar
|-resisted|p2a: Tyranitar
|-damage|p2a: Tyranitar|63/100 brn
|-enditem|p2a: Tyranitar|Assault Vest|[from] move: Knock Off|[of] p1b: Incineroar
|
|-weather|Sandstorm|[upkeep]
|-damage|p1a: Indeedee|24/100|[from] Sandstorm
|-damage|p2b: Magmar|51/100|[from] Sandstorm
|-damage|p1b: Incineroar|30/100|[from] Sandstorm
|-damage|p2a: Tyranitar|57/100 brn|[from] brn
|upkeep
|turn|5
|
|t:|1757858586
|-terastallize|p1a: Indeedee|Psychic
|move|p2b: Magmar|Helping Hand|p2a: Tyranitar
|-singleturn|p2a: Tyranitar|Helping Hand|[of] p2b: Magmar
|move|p1a: Indeedee|Expanding Force|p2a: Tyranitar|[spread] p2b
|-immune|p2a: Tyranitar
|-damage|p2b: Magmar|0 fnt
|faint|p2b: Magmar
|move|p2a: Tyranitar|Rock Slide|p1a: Indeedee|[spread] p1a,p1b
|-supereffective|p1b: Incineroar
|-damage|p1a: Indeedee|0 fnt
|-damage|p1b: Incineroar|1/100
|faint|p1a: Indeedee
|move|p1b: Incineroar|U-turn|p2a: Tyranitar
|-supereffective|p2a: Tyranitar
|-damage|p2a: Tyranitar|22/100 brn
|
|t:|1757858594
|switch|p1b: Sneasler|Sneasler, L50, M|100/100|[from] U-turn
|-enditem|p1b: Sneasler|Psychic Seed
|-boost|p1b: Sneasler|spd|1|[from] item: Psychic Seed
|
|-weather|Sandstorm|[upkeep]
|-damage|p1b: Sneasler|95/100|[from] Sandstorm
|-damage|p2a: Tyranitar|16/100 brn|[from] brn
|upkeep
|
|t:|1757858611
|switch|p1a: Incineroar|Incineroar, L50, M|1/100
|switch|p2b: Excadrill|Excadrill, L50, F, tera:Ground|68/100
|-ability|p1a: Incineroar|Intimidate|boost
|-unboost|p2a: Tyranitar|atk|1
|-unboost|p2b: Excadrill|atk|1
|turn|6
|
|t:|1757858623
|move|p2b: Excadrill|Protect|p2b: Excadrill
|-singleturn|p2b: Excadrill|Protect
|move|p1a: Incineroar|Fake Out|p2a: Tyranitar
|-activate|p2a: Tyranitar|move: Psychic Terrain
|move|p1b: Sneasler|Close Combat|p2b: Excadrill
|-activate|p2b: Excadrill|move: Protect
|move|p2a: Tyranitar|Rock Slide|p1b: Sneasler|[spread] p1a,p1b
|-supereffective|p1a: Incineroar
|-resisted|p1b: Sneasler
|-damage|p1a: Incineroar|0 fnt
|-damage|p1b: Sneasler|89/100
|faint|p1a: Incineroar
|
|-weather|Sandstorm|[upkeep]
|-damage|p1b: Sneasler|83/100|[from] Sandstorm
|-damage|p2a: Tyranitar|10/100 brn|[from] brn
|upkeep
|turn|7
|
|t:|1757858658
|switch|p2a: Sneasler|Sneasler, L50, F|100/100
|move|p1b: Sneasler|Close Combat|p2b: Excadrill
|-damage|p2b: Excadrill|0 fnt
|-unboost|p1b: Sneasler|def|1
|-unboost|p1b: Sneasler|spd|1
|faint|p2b: Excadrill
|
|-weather|none
|upkeep
|
|t:|1757858666
|switch|p2b: Tyranitar|Tyranitar, L50, F|10/100 brn
|-weather|Sandstorm|[from] ability: Sand Stream|[of] p2b: Tyranitar
|turn|8
|
|t:|1757858677
|move|p1b: Sneasler|Protect|p1b: Sneasler
|-singleturn|p1b: Sneasler|Protect
|move|p2a: Sneasler|Fake Out|p1b: Sneasler
|-activate|p1b: Sneasler|move: Psychic Terrain
|move|p2b: Tyranitar|Rock Slide|p1b: Sneasler
|-activate|p1b: Sneasler|move: Protect
|
|-weather|Sandstorm|[upkeep]
|-damage|p1b: Sneasler|77/100|[from] Sandstorm
|-damage|p2a: Sneasler|95/100|[from] Sandstorm
|-damage|p2b: Tyranitar|4/100 brn|[from] brn
|-fieldend|move: Psychic Terrain
|upkeep
|turn|9
|
|t:|1757858695
|move|p1b: Sneasler|Dire Claw|p2a: Sneasler
|-resisted|p2a: Sneasler
|-damage|p2a: Sneasler|57/100
|move|p2a: Sneasler|Close Combat|p1b: Sneasler
|-resisted|p1b: Sneasler
|-damage|p1b: Sneasler|2/100
|-unboost|p2a: Sneasler|def|1
|-unboost|p2a: Sneasler|spd|1
|-enditem|p2a: Sneasler|White Herb
|-clearnegativeboost|p2a: Sneasler|[silent]
|move|p2b: Tyranitar|Rock Slide|p1b: Sneasler
|-resisted|p1b: Sneasler
|-damage|p1b: Sneasler|0 fnt
|faint|p1b: Sneasler
|
|win|bestboi8989
|l|☆Npc red panther
|player|p1|
||Npc red panther is ready for game 2.
|inactive|bestboi8989 has 30 seconds to confirm battle start!
||bestboi8989 is ready for game 2.
|uhtml|next|Next: Game 2 of 3
