|j|☆Seteresu
|j|☆Freedom Nachos
|html|SeteresuFreedom Nachos    
|uhtml|bestof|Game 1 of a best-of-3
|t:|1783315605
|gametype|doubles
|player|p1|Seteresu|nate|1096
|player|p2|Freedom Nachos|giacomo|1087
|gen|9
|tier|[Gen 9 Champions] VGC 2026 Reg M-B (Bo3)
|rated|
|rule|Species Clause: Limit one of each Pokémon
|rule|Item Clause: Limit 1 of each item
|clearpoke
|poke|p1|Staraptor, L50, F|
|poke|p1|Talonflame, L50, F|
|poke|p1|Swampert, L50, F|
|poke|p1|Archaludon, L50, M|
|poke|p1|Farigiraf, L50, F|
|poke|p1|Sableye, L50, M|
|poke|p2|Mawile, L50, F, shiny|
|poke|p2|Incineroar, L50, M|
|poke|p2|Pelipper, L50, M|
|poke|p2|Sinistcha, L50|
|poke|p2|Garchomp, L50, F|
|poke|p2|Gengar, L50, F|
|teampreview|4
|showteam|p1|Staraptor||Staraptite|Intimidate|CloseCombat,BraveBird,Roost,Protect|Jolly||F|||50|]Talonflame||FocusSash|GaleWings|Tailwind,FeatherDance,QuickGuard,FlareBlitz|Adamant||F|||50|]Swampert||Swampertite|Torrent|WaveCrash,Earthquake,WideGuard,Protect|Adamant||F|||50|]Archaludon||Leftovers|Stamina|FlashCannon,ElectroShot,Protect,DragonPulse|Serious||M|||50|]Farigiraf||SitrusBerry|ArmorTail|PsychicNoise,HelpingHand,TrickRoom,Protect|Sassy||F|||50|]Sableye||MentalHerb|Prankster|RainDance,Quash,Encore,LightScreen|Calm||M|||50|
|showteam|p2|Mawile||Mawilite|HyperCutter|IronHead,PlayRough,SuckerPunch,Protect|Brave||F|||50|]Incineroar||PasshoBerry|Intimidate|ThroatChop,FakeOut,PartingShot,Protect|Sassy||M|||50|]Pelipper||FocusSash|Drizzle|WeatherBall,Hurricane,WideGuard,Protect|Modest||M|||50|]Sinistcha||SitrusBerry|Hospitality|MatchaGotcha,RagePowder,TrickRoom,Protect|Calm|||||50|]Garchomp||LifeOrb|RoughSkin|DragonClaw,StompingTantrum,RockSlide,Protect|Adamant||F|||50|]Gengar||Gengarite|CursedBody|ShadowBall,PerishSong,SludgeBomb,Protect|Timid||F|||50|
|inactive|Battle timer is ON: inactive players will automatically lose when time's up. (requested by Freedom Nachos)
|inactive|Seteresu has 60 seconds left.
|
|t:|1783315638
|teamsize|p1|4
|teamsize|p2|4
|start
|switch|p1a: Staraptor|Staraptor, L50, F|100/100
|switch|p1b: Talonflame|Talonflame, L50, F|100/100
|switch|p2a: Gengar|Gengar, L50, F|100/100
|switch|p2b: Incineroar|Incineroar, L50, M|100/100
|-ability|p1a: Staraptor|Intimidate|boost
|-unboost|p2a: Gengar|atk|1
|-unboost|p2b: Incineroar|atk|1
|-ability|p2b: Incineroar|Intimidate|boost
|-unboost|p1a: Staraptor|atk|1
|-unboost|p1b: Talonflame|atk|1
|turn|1
|inactive|Freedom Nachos has 30 seconds left.
|inactive|Seteresu has 30 seconds left.
|inactive|Freedom Nachos has 20 seconds left.
|
|t:|1783315674
|detailschange|p2a: Gengar|Gengar-Mega, L50, F
|-mega|p2a: Gengar|Gengar|Gengarite
|move|p1a: Staraptor|Protect|p1a: Staraptor
|-singleturn|p1a: Staraptor|Protect
|move|p1b: Talonflame|Quick Guard|p1b: Talonflame
|-singleturn|p1b: Talonflame|Quick Guard
|move|p2a: Gengar|Perish Song|p2a: Gengar
|-start|p1a: Staraptor|perish3|[silent]
|-start|p1b: Talonflame|perish3|[silent]
|-start|p2a: Gengar|perish3|[silent]
|-start|p2b: Incineroar|perish3|[silent]
|-fieldactivate|move: Perish Song
|move|p2b: Incineroar|Parting Shot|p1b: Talonflame
|-unboost|p1b: Talonflame|atk|1
|-unboost|p1b: Talonflame|spa|1
|
|t:|1783315686
|switch|p2b: Sinistcha|Sinistcha, L50|100/100|[from] Parting Shot
|
|-start|p1b: Talonflame|perish3
|-start|p2a: Gengar|perish3
|-start|p1a: Staraptor|perish3
|upkeep
|turn|2
|
|t:|1783315699
|detailschange|p1a: Staraptor|Staraptor-Mega, L50, F
|-mega|p1a: Staraptor|Staraptor|Staraptite
|move|p2a: Gengar|Protect|p2a: Gengar
|-singleturn|p2a: Gengar|Protect
|move|p2b: Sinistcha|Protect|p2b: Sinistcha
|-singleturn|p2b: Sinistcha|Protect
|move|p1b: Talonflame|Feather Dance|p1a: Staraptor
|-boost|p1a: Staraptor|atk|2
|move|p1a: Staraptor|Brave Bird|p2b: Sinistcha
|-activate|p2b: Sinistcha|move: Protect
|
|-start|p1b: Talonflame|perish2
|-start|p1a: Staraptor|perish2
|-start|p2a: Gengar|perish2
|upkeep
|turn|3
|inactive|Seteresu has 30 seconds left.
|
|t:|1783315725
|switch|p2a: Incineroar|Incineroar, L50, M|100/100
|-ability|p2a: Incineroar|Intimidate|boost
|-boost|p1a: Staraptor|atk|1
|-unboost|p1b: Talonflame|atk|1
|move|p2b: Sinistcha|Rage Powder|p2b: Sinistcha
|-singleturn|p2b: Sinistcha|move: Rage Powder
|move|p1b: Talonflame|Flare Blitz|p2b: Sinistcha
|-supereffective|p2b: Sinistcha|1
|-damage|p2b: Sinistcha|68/100
|-damage|p1b: Talonflame|88/100|[from] Recoil
|move|p1a: Staraptor|Brave Bird|p2b: Sinistcha
|-supereffective|p2b: Sinistcha|1
|-crit|p2b: Sinistcha
|-damage|p2b: Sinistcha|0 fnt
|faint|p2b: Sinistcha
|-damage|p1a: Staraptor|79/100|[from] Recoil
|
|-start|p1b: Talonflame|perish1
|-start|p1a: Staraptor|perish1
|upkeep
|
|t:|1783315739
|switch|p2b: Gengar|Gengar-Mega, L50, F|100/100
|turn|4
|inactive|Seteresu has 30 seconds left.
|inactive|Seteresu has 20 seconds left.
|
|t:|1783315776
|switch|p2a: Garchomp|Garchomp, L50, F|100/100
|move|p2b: Gengar|Protect|p2b: Gengar
|-singleturn|p2b: Gengar|Protect
|move|p1a: Staraptor|Brave Bird|p2b: Gengar
|-activate|p2b: Gengar|move: Protect
|move|p1b: Talonflame|Feather Dance|p1a: Staraptor
|-boost|p1a: Staraptor|atk|2
|
|-start|p1a: Staraptor|perish0
|-start|p1b: Talonflame|perish0
|faint|p1a: Staraptor
|faint|p1b: Talonflame
|upkeep
|
|t:|1783315792
|switch|p1a: Swampert|Swampert, L50, F|100/100
|switch|p1b: Sableye|Sableye, L50, M|100/100
|turn|5
|
|t:|1783315806
|switch|p2a: Incineroar|Incineroar, L50, M|100/100
|-ability|p2a: Incineroar|Intimidate|boost
|-unboost|p1a: Swampert|atk|1
|-unboost|p1b: Sableye|atk|1
|move|p1b: Sableye|Encore|p2b: Gengar
|-start|p2b: Gengar|Encore
|move|p2b: Gengar|Protect||[still]
|-fail|p2b: Gengar
|move|p1a: Swampert|Earthquake|p2a: Incineroar|[spread] p1b,p2a,p2b
|-supereffective|p2a: Incineroar|1
|-supereffective|p2b: Gengar|1
|-damage|p1b: Sableye|67/100
|-damage|p2a: Incineroar|55/100
|-damage|p2b: Gengar|34/100
|
|upkeep
|turn|6
|
|t:|1783315823
|switch|p2b: Garchomp|Garchomp, L50, F|100/100
|move|p2a: Incineroar|Fake Out|p1a: Swampert
|-damage|p1a: Swampert|89/100
|move|p1b: Sableye|Rain Dance|p1b: Sableye
|-weather|RainDance
|cant|p1a: Swampert|flinch
|
|-weather|RainDance|[upkeep]
|upkeep
|turn|7
|
|t:|1783315848
|move|p2a: Incineroar|Protect|p2a: Incineroar
|-singleturn|p2a: Incineroar|Protect
|move|p1b: Sableye|Encore|p2a: Incineroar
|-activate|p2a: Incineroar|move: Protect
|move|p2b: Garchomp|Dragon Claw|p1a: Swampert
|-damage|p1a: Swampert|27/100
|-damage|p2b: Garchomp|90/100|[from] item: Life Orb
|move|p1a: Swampert|Wave Crash|p2b: Garchomp
|-damage|p2b: Garchomp|0 fnt
|-damage|p1a: Swampert|14/100|[from] ability: Rough Skin|[of] p2b: Garchomp
|faint|p2b: Garchomp
|-damage|p1a: Swampert|0 fnt|[from] Recoil
|faint|p1a: Swampert
|
|-weather|RainDance|[upkeep]
|upkeep
|
|t:|1783315857
|switch|p2b: Gengar|Gengar-Mega, L50, F|34/100
|turn|8
|
|t:|1783315875
|move|p1b: Sableye|Light Screen|p1b: Sableye
|-sidestart|p1: Seteresu|move: Light Screen
|move|p2b: Gengar|Shadow Ball|p1b: Sableye
|-damage|p1b: Sableye|28/100
|move|p2a: Incineroar|Throat Chop|p1b: Sableye
|-damage|p1b: Sableye|0 fnt
|faint|p1b: Sableye
|
|win|Freedom Nachos
||Seteresu is ready for game 2.
||Freedom Nachos is ready for game 2.
|uhtml|next|Next: Game 2 of 3
|n|☆Freedom Nachos|freedomnachos
|l|☆Freedom Nachos
|player|p2|
|l|☆Seteresu
|player|p1|
|j|☆Freedom Nachos
|player|p2|Freedom Nachos|giacomo|
