|j|☆PerryAgent
|j|☆B South
|html|PerryAgentB South    
|uhtml|bestof|Game 1 of a best-of-3
|t:|1757715610
|gametype|doubles
|player|p1|PerryAgent|169|1120
|player|p2|B South|101|1160
|gen|9
|tier|[Gen 9] VGC 2025 Reg H (Bo3)
|rated|
|rule|Species Clause: Limit one of each Pokémon
|rule|Item Clause: Limit 1 of each item
|clearpoke
|poke|p1|Typhlosion-Hisui, L50, F|
|poke|p1|Whimsicott, L50, M|
|poke|p1|Ursaluna-Bloodmoon, L50, M|
|poke|p1|Primarina, L50, F|
|poke|p1|Meowscarada, L50, M|
|poke|p1|Farigiraf, L50, F|
|poke|p2|Pelipper, L50, M|
|poke|p2|Archaludon, L50, M|
|poke|p2|Basculegion, L50, M|
|poke|p2|Barraskewda, L50, F|
|poke|p2|Maushold, L50|
|poke|p2|Annihilape, L50, M|
|teampreview|4
|showteam|p1|Typhlosion-Hisui||Charcoal|Blaze|Eruption,HeatWave,ShadowBall,Protect|||F|||50|,,,,,Fire]Whimsicott||CovertCloak|Prankster|Tailwind,Moonblast,SunnyDay,Encore|||M|||50|,,,,,Dark]Ursaluna-Bloodmoon||LifeOrb|MindsEye|HyperVoice,BloodMoon,EarthPower,Protect|||M|||50|,,,,,Normal]Primarina||ThroatSpray|LiquidVoice|Moonblast,HyperVoice,Haze,Protect|||F|||50|,,,,,Grass]Meowscarada||FocusSash|Protean|FlowerTrick,KnockOff,Uturn,Protect|||M|||50|,,,,,Grass]Farigiraf||SafetyGoggles|ArmorTail|PsychicNoise,HyperVoice,HelpingHand,TrickRoom|||F|||50|,,,,,Fire
|showteam|p2|Pelipper||ChoiceScarf|Drizzle|Tailwind,WeatherBall,Hurricane,WideGuard|||M|||50|,,,,,Stellar]Archaludon||AssaultVest|Stamina|ElectroShot,BodyPress,DracoMeteor,FlashCannon|||M|||50|,,,,,Bug]Basculegion||MysticWater|SwiftSwim|AquaJet,FlipTurn,WaveCrash,LastRespects|||M|||50|,,,,,Water]Barraskewda||ChoiceBand|PropellerTail|FlipTurn,Liquidation,CloseCombat,AquaJet|||F|||50|,,,,,Fighting]Maushold||SafetyGoggles|FriendGuard|BeatUp,FollowMe,Taunt,Protect||||||50|,,,,,Ghost]Annihilape||Leftovers|Defiant|BulkUp,RageFist,DrainPunch,Protect|||M|||50|,,,,,Grass
|inactive|Battle timer is ON: inactive players will automatically lose when time's up. (requested by PerryAgent)
|inactive|B South has 60 seconds left.
|
|t:|1757715665
|teamsize|p1|4
|teamsize|p2|4
|start
|switch|p1a: Whimsicott|Whimsicott, L50, M|100/100
|switch|p1b: Typhlosion|Typhlosion-Hisui, L50, F|100/100
|switch|p2a: Basculegion|Basculegion, L50, M|100/100
|switch|p2b: Maushold|Maushold, L50|100/100
|turn|1
|l|☆PerryAgent
|inactive|PerryAgent disconnected and has a minute to reconnect!
|player|p1|
|inactive|PerryAgent has 30 seconds left.
|inactive|PerryAgent has 20 seconds left.
|j|☆PerryAgent
|inactive|PerryAgent reconnected and has 20 seconds left.
|player|p1|PerryAgent|169|
|inactive|PerryAgent has 15 seconds left.
|inactive|PerryAgent has 10 seconds left.
|
|t:|1757715714
|switch|p2b: Peeko|Pelipper, L50, M, shiny|100/100
|-weather|RainDance|[from] ability: Drizzle|[of] p2b: Peeko
|-terastallize|p2a: Basculegion|Water
|move|p2a: Basculegion|Aqua Jet|p1b: Typhlosion
|-supereffective|p1b: Typhlosion
|-damage|p1b: Typhlosion|0 fnt
|faint|p1b: Typhlosion
|move|p1a: Whimsicott|Tailwind|p1a: Whimsicott
|-sidestart|p1: PerryAgent|move: Tailwind
|
|-weather|RainDance|[upkeep]
|upkeep
|
|t:|1757715739
|switch|p1b: Meowscarada|Meowscarada, L50, M|100/100
|turn|2
|
|t:|1757715744
|switch|p2a: Archaludon|Archaludon, L50, M|100/100
|switch|p2b: Maushold|Maushold, L50|100/100
|move|p1a: Whimsicott|Sunny Day|p1a: Whimsicott
|-weather|SunnyDay
|move|p1b: Meowscarada|Flower Trick|p2a: Archaludon
|-start|p1b: Meowscarada|typechange|Grass|[from] ability: Protean
|-resisted|p2a: Archaludon
|-crit|p2a: Archaludon
|-damage|p2a: Archaludon|94/100
|-ability|p2a: Archaludon|Stamina|boost
|-boost|p2a: Archaludon|def|1
|
|-weather|SunnyDay|[upkeep]
|upkeep
|turn|3
|
|t:|1757715767
|move|p1b: Meowscarada|Flower Trick|p2b: Maushold
|-crit|p2b: Maushold
|-damage|p2b: Maushold|39/100
|move|p1a: Whimsicott|Moonblast|p2b: Maushold
|-damage|p2b: Maushold|5/100
|move|p2b: Maushold|Beat Up|p2a: Archaludon
|-damage|p2a: Archaludon|93/100
|-ability|p2a: Archaludon|Stamina|boost
|-boost|p2a: Archaludon|def|1
|-damage|p2a: Archaludon|92/100
|-ability|p2a: Archaludon|Stamina|boost
|-boost|p2a: Archaludon|def|1
|-damage|p2a: Archaludon|92/100
|-ability|p2a: Archaludon|Stamina|boost
|-boost|p2a: Archaludon|def|1
|-damage|p2a: Archaludon|91/100
|-ability|p2a: Archaludon|Stamina|boost
|-boost|p2a: Archaludon|def|1
|-hitcount|p2a: Archaludon|4
|move|p2a: Archaludon|Body Press|p1b: Meowscarada
|-enditem|p1b: Meowscarada|Focus Sash
|-damage|p1b: Meowscarada|1/100
|
|-weather|SunnyDay|[upkeep]
|upkeep
|turn|4
|inactive|PerryAgent has 30 seconds left.
|inactive|B South has 30 seconds left.
|
|t:|1757715798
|move|p2b: Maushold|Protect|p2b: Maushold
|-singleturn|p2b: Maushold|Protect
|move|p1b: Meowscarada|Knock Off|p2a: Archaludon
|-damage|p2a: Archaludon|86/100
|-ability|p2a: Archaludon|Stamina|boost
|-boost|p2a: Archaludon|def|1
|-enditem|p2a: Archaludon|Assault Vest|[from] move: Knock Off|[of] p1b: Meowscarada
|move|p1a: Whimsicott|Moonblast|p2b: Maushold
|-activate|p2b: Maushold|move: Protect
|move|p2a: Archaludon|Body Press|p1b: Meowscarada
|-damage|p1b: Meowscarada|0 fnt
|faint|p1b: Meowscarada
|
|-weather|SunnyDay|[upkeep]
|-sideend|p1: PerryAgent|move: Tailwind
|upkeep
|
|t:|1757715808
|switch|p1b: Ursaluna|Ursaluna-Bloodmoon, L50, M|100/100
|turn|5
|
|t:|1757715821
|-terastallize|p1b: Ursaluna|Normal
|move|p2b: Maushold|Follow Me|p2b: Maushold
|-singleturn|p2b: Maushold|move: Follow Me
|move|p1a: Whimsicott|Tailwind|p1a: Whimsicott
|-sidestart|p1: PerryAgent|move: Tailwind
|move|p1b: Ursaluna|Earth Power|p2b: Maushold
|-damage|p2b: Maushold|0 fnt
|faint|p2b: Maushold
|-damage|p1b: Ursaluna|91/100|[from] item: Life Orb
|move|p2a: Archaludon|Body Press|p1b: Ursaluna
|-supereffective|p1b: Ursaluna
|-damage|p1b: Ursaluna|0 fnt
|faint|p1b: Ursaluna
|
|-weather|SunnyDay|[upkeep]
|upkeep
|
|t:|1757715838
|switch|p2b: Peeko|Pelipper, L50, M, shiny|100/100
|-weather|RainDance|[from] ability: Drizzle|[of] p2b: Peeko
|turn|6
|l|☆PerryAgent
|inactive|PerryAgent disconnected and has a minute to reconnect!
|player|p1|
|inactive|PerryAgent has 30 seconds left.
|j|☆PerryAgent
|inactive|PerryAgent reconnected and has 30 seconds left.
|player|p1|PerryAgent|169|
|inactive|PerryAgent has 20 seconds left.
|
|t:|1757715877
|move|p1a: Whimsicott|Moonblast|p2b: Peeko
|-damage|p2b: Peeko|56/100
|move|p2b: Peeko|Hurricane|p1a: Whimsicott
|-supereffective|p1a: Whimsicott
|-damage|p1a: Whimsicott|0 fnt
|faint|p1a: Whimsicott
|
|win|B South
|inactive|PerryAgent has 30 seconds to confirm battle start!
|inactive|B South has 30 seconds to confirm battle start!
||B South is ready for game 2.
|inactive|PerryAgent has 19 seconds to confirm battle start!
|inactive|PerryAgent has 9 seconds to confirm battle start!
||PerryAgent is ready for game 2.
|uhtml|next|Next: Game 2 of 3
|l|☆PerryAgent
|player|p1|
