|j|☆VGC_Vapor
|j|☆BoltBeam is shit
|html|VGC_VaporBoltBeam is shit    
|uhtml|bestof|Game 1 of a best-of-3
|t:|1784341247
|gametype|doubles
|player|p1|VGC_Vapor|blue|
|player|p2|BoltBeam is shit|misty|
|gen|9
|tier|[Gen 9 Champions] VGC 2026 Reg M-B (Bo3)
|rule|Species Clause: Limit one of each Pokémon
|rule|Item Clause: Limit 1 of each item
|clearpoke
|poke|p1|Staraptor, L50, M|
|poke|p1|Houndstone, L50, F|
|poke|p1|Tyranitar, L50, M|
|poke|p1|Excadrill, L50, M|
|poke|p1|Venusaur, L50, M|
|poke|p1|Rotom-Wash, L50|
|poke|p2|Lucario, L50, M|
|poke|p2|Whimsicott, L50, F|
|poke|p2|Garchomp, L50, M|
|poke|p2|Ninetales-Alola, L50, M, shiny|
|poke|p2|Aegislash, L50, M|
|poke|p2|Farigiraf, L50, M|
|teampreview|4
|showteam|p1|Staraptor||Staraptite|Intimidate|BraveBird,CloseCombat,Tailwind,Protect|Jolly||M|||50|]Houndstone||SitrusBerry|SandRush|LastRespects,WillOWisp,AllySwitch,Protect|Adamant||F|||50|]Tyranitar||ChoiceScarf|SandStream|RockSlide,KnockOff,IcePunch,LowKick|Jolly||M|||50|]Excadrill||FocusSash|SandRush|Earthquake,IronHead,RockSlide,Protect|Adamant||M|||50|]Venusaur||Venusaurite|Chlorophyll|SludgeBomb,GigaDrain,SleepPowder,Protect|Modest||M|||50|]Rotom-Wash||Magnet|Levitate|HydroPump,Thunderbolt,VoltSwitch,Protect|Modest|||||50|
|showteam|p2|Lucario||Lucarionite|InnerFocus|CloseCombat,MeteorMash,StoneEdge,Protect|Jolly||M|||50|]Whimsicott||FocusSash|Prankster|Moonblast,Encore,Protect,Tailwind|Modest||F|||50|]Garchomp||LifeOrb|RoughSkin|StompingTantrum,DragonClaw,RockSlide,Protect|Jolly||M|||50|]Ninetales-Alola||LightClay|SnowWarning|Blizzard,Moonblast,AuroraVeil,Protect|Timid||M|||50|]Aegislash||SpellTag|StanceChange|Poltergeist,WideGuard,IronHead,KingsShield|Adamant||M|||50|]Farigiraf||ColburBerry|ArmorTail|Protect,TwinBeam,Thunderbolt,TrickRoom|Modest||M|||50|
|inactive|Battle timer is ON: inactive players will automatically lose when time's up. (requested by VGC_Vapor)
|inactive|BoltBeam is shit also wants the timer to be on.
|c|☆BoltBeam is shit|Mega venusaur im so horny
|inactive|VGC_Vapor has 60 seconds left.
|
|t:|1784341297
|teamsize|p1|4
|teamsize|p2|4
|start
|switch|p1a: Staraptor|Staraptor, L50, M|100/100
|switch|p1b: Excadrill|Excadrill, L50, M|100/100
|switch|p2a: Lucario|Lucario, L50, M|100/100
|switch|p2b: Whimsicott|Whimsicott, L50, F|100/100
|-ability|p1a: Staraptor|Intimidate|boost
|-fail|p2a: Lucario|unboost|Attack|[from] ability: Inner Focus|[of] p2a: Lucario
|-unboost|p2b: Whimsicott|atk|1
|turn|1
|
|t:|1784341315
|switch|p2a: Brrr its cold|Ninetales-Alola, L50, M, shiny|100/100
|-weather|Snowscape|[from] ability: Snow Warning|[of] p2a: Brrr its cold
|move|p1b: Excadrill|Protect|p1b: Excadrill
|-singleturn|p1b: Excadrill|Protect
|move|p2b: Whimsicott|Tailwind|p2b: Whimsicott
|-sidestart|p2: BoltBeam is shit|move: Tailwind
|move|p1a: Staraptor|Tailwind|p1a: Staraptor
|-sidestart|p1: VGC_Vapor|move: Tailwind
|
|-weather|Snowscape|[upkeep]
|upkeep
|turn|2
|
|t:|1784341333
|move|p1a: Staraptor|Protect|p1a: Staraptor
|-singleturn|p1a: Staraptor|Protect
|move|p2b: Whimsicott|Encore|p1b: Excadrill
|-start|p1b: Excadrill|Encore
|move|p1b: Excadrill|Protect|p1b: Excadrill
|-singleturn|p1b: Excadrill|Protect
|move|p2a: Brrr its cold|Aurora Veil|p2a: Brrr its cold
|-sidestart|p2: BoltBeam is shit|move: Aurora Veil
|
|-weather|Snowscape|[upkeep]
|upkeep
|turn|3
|
|t:|1784341352
|switch|p2b: Garchomp|Garchomp, L50, M|100/100
|switch|p1a: Rotom|Rotom-Wash, L50|100/100
|switch|p1b: Tyranitar|Tyranitar, L50, M|100/100
|-weather|Sandstorm|[from] ability: Sand Stream|[of] p1b: Tyranitar
|move|p2a: Brrr its cold|Blizzard|p1a: Rotom|[spread] p1a,p1b
|-resisted|p1a: Rotom|1
|-damage|p1a: Rotom|82/100
|-damage|p1b: Tyranitar|77/100
|
|-weather|Sandstorm|[upkeep]
|-damage|p2a: Brrr its cold|93/100|[from] Sandstorm
|-damage|p1a: Rotom|77/100|[from] Sandstorm
|upkeep
|turn|4
|
|t:|1784341370
|switch|p2a: Whimsicott|Whimsicott, L50, F|100/100
|move|p1b: Tyranitar|Ice Punch|p2b: Garchomp
|-supereffective|p2b: Garchomp|2
|-damage|p2b: Garchomp|26/100
|-damage|p1b: Tyranitar|65/100|[from] ability: Rough Skin|[of] p2b: Garchomp
|move|p2b: Garchomp|Stomping Tantrum|p1b: Tyranitar
|-supereffective|p1b: Tyranitar|1
|-crit|p1b: Tyranitar
|-damage|p1b: Tyranitar|0 fnt
|faint|p1b: Tyranitar
|-damage|p2b: Garchomp|16/100|[from] item: Life Orb
|move|p1a: Rotom|Volt Switch|p2a: Whimsicott
|-resisted|p2a: Whimsicott|1
|-damage|p2a: Whimsicott|78/100
|c|☆BoltBeam is shit|What the ruck
|c|☆BoltBeam is shit|ice punch
|
|t:|1784341384
|switch|p1a: Staraptor|Staraptor, L50, M|100/100|[from] Volt Switch
|-ability|p1a: Staraptor|Intimidate|boost
|-unboost|p2a: Whimsicott|atk|1
|-unboost|p2b: Garchomp|atk|1
|
|-weather|Sandstorm|[upkeep]
|-damage|p2a: Whimsicott|72/100|[from] Sandstorm
|-damage|p1a: Staraptor|94/100|[from] Sandstorm
|-sideend|p2: BoltBeam is shit|move: Tailwind
|-sideend|p1: VGC_Vapor|move: Tailwind
|upkeep
|
|t:|1784341386
|switch|p1b: Excadrill|Excadrill, L50, M|100/100
|turn|5
|
|t:|1784341397
|switch|p2a: Brrr its cold|Ninetales-Alola, L50, M, shiny|93/100
|-weather|Snowscape|[from] ability: Snow Warning|[of] p2a: Brrr its cold
|detailschange|p1a: Staraptor|Staraptor-Mega, L50, M
|-mega|p1a: Staraptor|Staraptor|Staraptite
|move|p1a: Staraptor|Close Combat|p2b: Garchomp
|-damage|p2b: Garchomp|0 fnt
|-boost|p1a: Staraptor|def|1
|-boost|p1a: Staraptor|spd|1
|-damage|p1a: Staraptor|82/100|[from] ability: Rough Skin|[of] p2b: Garchomp
|faint|p2b: Garchomp
|move|p1b: Excadrill|Iron Head|p2a: Brrr its cold
|-supereffective|p2a: Brrr its cold|2
|-damage|p2a: Brrr its cold|0 fnt
|faint|p2a: Brrr its cold
|
|-weather|Snowscape|[upkeep]
|upkeep
|
|t:|1784341406
|switch|p2a: Whimsicott|Whimsicott, L50, F|72/100
|switch|p2b: Lucario|Lucario, L50, M|100/100
|turn|6
|
|t:|1784341416
|detailschange|p2b: Lucario|Lucario-Mega, L50, M
|-mega|p2b: Lucario|Lucario|Lucarionite
|move|p2b: Lucario|Protect|p2b: Lucario
|-singleturn|p2b: Lucario|Protect
|move|p1a: Staraptor|Tailwind|p1a: Staraptor
|-sidestart|p1: VGC_Vapor|move: Tailwind
|move|p1b: Excadrill|Iron Head|p2a: Whimsicott
|-supereffective|p2a: Whimsicott|1
|-damage|p2a: Whimsicott|0 fnt
|faint|p2a: Whimsicott
|
|-weather|Snowscape|[upkeep]
|upkeep
|turn|7
|
|t:|1784341429
|move|p1a: Staraptor|Close Combat|p2b: Lucario
|-supereffective|p2b: Lucario|1
|-damage|p2b: Lucario|0 fnt
|-boost|p1a: Staraptor|def|1
|-boost|p1a: Staraptor|spd|1
|faint|p2b: Lucario
|
|win|VGC_Vapor
||BoltBeam is shit is ready for game 2.
||VGC_Vapor is ready for game 2.
|uhtml|next|Next: Game 2 of 3
