|j|☆reggie67
|j|☆Caloteiros VGC
|html|reggie67Caloteiros VGC    
|uhtml|bestof|Game 2 of a best-of-3
|t:|1785804834
|gametype|doubles
|player|p1|reggie67|101|1000
|player|p2|Caloteiros VGC|morty|1000
|gen|9
|tier|[Gen 9 Champions] VGC 2026 Reg M-B (Bo3)
|rated|
|rule|Species Clause: Limit one of each Pokémon
|rule|Item Clause: Limit 1 of each item
|clearpoke
|poke|p1|Whimsicott, L50, F|
|poke|p1|Meganium, L50, F|
|poke|p1|Maushold-Four, L50|
|poke|p1|Basculegion, L50, M|
|poke|p1|Sinistcha-Masterpiece, L50|
|poke|p1|Sneasler, L50, M|
|poke|p2|Raichu, L50, F|
|poke|p2|Sinistcha, L50|
|poke|p2|Incineroar, L50, F|
|poke|p2|Sylveon, L50, F|
|poke|p2|Hydreigon, L50, M|
|poke|p2|Metagross, L50|
|teampreview|4
|showteam|p1|Whimsicott||FocusSash|Prankster|Tailwind,HelpingHand,SolarBeam,Protect|Bold||F|||50|]Meganium||Meganiumite|Overgrow|SolarBeam,DazzlingGleam,Protect,WeatherBall|Timid||F|||50|]Maushold-Four||KingsRock|FriendGuard|PopulationBomb,PlayRough,Protect,HyperVoice|Jolly|||||50|]Basculegion||MysticWater|Adaptability|LastRespects,ShadowBall,Protect,WaveCrash|Lonely||M|||50|]Sinistcha-Masterpiece||OccaBerry|Hospitality|EnergyBall,LifeDew,ShadowBall,StunSpore|Bold|||||50|]Sneasler||ScopeLens|PoisonTouch|DireClaw,Protect,FakeOut,CloseCombat|Adamant||M|||50|
|showteam|p2|Raichu||RaichuniteY|LightningRod|ZapCannon,FocusBlast,FakeOut,Protect|Timid||F|||50|]Sinistcha||SitrusBerry|Hospitality|MatchaGotcha,RagePowder,TrickRoom,Protect|Bold|||||50|]Incineroar||ShucaBerry|Intimidate|FlareBlitz,DarkestLariat,PartingShot,FakeOut|Careful||F|||50|]Sylveon||FairyFeather|Pixilate|HyperVoice,Moonblast,CalmMind,Protect|Modest||F|||50|]Hydreigon||ChoiceScarf|Levitate|DracoMeteor,DarkPulse,EarthPower,Snarl|Modest||M|||50|]Metagross||Metagrossite|ClearBody|HardPress,BodyPress,PsychicFangs,Protect|Adamant|||||50|
|inactive|Battle timer is ON: inactive players will automatically lose when time's up. (requested by Caloteiros VGC)
|
|t:|1785804854
|teamsize|p1|4
|teamsize|p2|4
|start
|switch|p1a: Maushold|Maushold-Four, L50|100/100
|switch|p1b: Whimsicott|Whimsicott, L50, F|100/100
|switch|p2a: Raichu|Raichu, L50, F|100/100
|switch|p2b: Sylveon|Sylveon, L50, F|100/100
|turn|1
|
|t:|1785804876
|detailschange|p2a: Raichu|Raichu-Mega-Y, L50, F
|-mega|p2a: Raichu|Raichu|Raichunite Y
|move|p2a: Raichu|Fake Out|p1a: Maushold
|-damage|p1a: Maushold|85/100
|move|p1b: Whimsicott|Tailwind|p1b: Whimsicott
|-sidestart|p1: reggie67|move: Tailwind
|cant|p1a: Maushold|flinch
|move|p2b: Sylveon|Calm Mind|p2b: Sylveon
|-boost|p2b: Sylveon|spa|1
|-boost|p2b: Sylveon|spd|1
|
|upkeep
|turn|2
|
|t:|1785804899
|move|p1b: Whimsicott|Helping Hand|p1a: Maushold
|-singleturn|p1a: Maushold|Helping Hand|[of] p1b: Whimsicott
|move|p1a: Maushold|Population Bomb|p2a: Raichu
|-damage|p2a: Raichu|83/100
|-damage|p2a: Raichu|67/100
|-damage|p2a: Raichu|50/100g
|-damage|p2a: Raichu|33/100
|-damage|p2a: Raichu|15/100
|-damage|p2a: Raichu|0 fnt
|faint|p2a: Raichu
|-hitcount|p2: Raichu|6
|move|p2b: Sylveon|Hyper Voice|p1a: Maushold|[spread] p1a,p1b
|-damage|p1a: Maushold|0 fnt
|-damage|p1b: Whimsicott|28/100
|faint|p1a: Maushold
|
|upkeep
|
|t:|1785804916
|switch|p2a: Incineroar|Incineroar, L50, F|100/100
|switch|p1a: Sneasler|Sneasler, L50, M|100/100
|-ability|p2a: Incineroar|Intimidate|boost
|-unboost|p1a: Sneasler|atk|1
|-unboost|p1b: Whimsicott|atk|1
|turn|3
|inactive|reggie67 has 30 seconds left.
|
|t:|1785804949
|switch|p2a: Sinistcha|Sinistcha, L50|100/100
|move|p1b: Whimsicott|Protect|p1b: Whimsicott
|-singleturn|p1b: Whimsicott|Protect
|move|p1a: Sneasler|Protect|p1a: Sneasler
|-singleturn|p1a: Sneasler|Protect
|move|p2b: Sylveon|Protect||[still]
|-fail|p2b: Sylveon
|
|upkeep
|turn|4
|
|t:|1785804962
|move|p1b: Whimsicott|Helping Hand|p1a: Sneasler
|-singleturn|p1a: Sneasler|Helping Hand|[of] p1b: Whimsicott
|move|p2a: Sinistcha|Rage Powder|p2a: Sinistcha
|-singleturn|p2a: Sinistcha|move: Rage Powder
|move|p1a: Sneasler|Dire Claw|p2a: Sinistcha
|-crit|p2a: Sinistcha
|-damage|p2a: Sinistcha|25/100
|-enditem|p2a: Sinistcha|Sitrus Berry|[eat]
|-heal|p2a: Sinistcha|50/100g|[from] item: Sitrus Berry
|move|p2b: Sylveon|Hyper Voice|p1b: Whimsicott|[spread] p1a,p1b
|-damage|p1a: Sneasler|25/100
|-damage|p1b: Whimsicott|0 fnt
|faint|p1b: Whimsicott
|
|-sideend|p1: reggie67|move: Tailwind
|upkeep
|
|t:|1785804975
|switch|p1b: Basculegion|Basculegion, L50, M|100/100
|turn|5
|
|t:|1785804987
|move|p2a: Sinistcha|Rage Powder|p2a: Sinistcha
|-singleturn|p2a: Sinistcha|move: Rage Powder
|move|p1a: Sneasler|Dire Claw|p2a: Sinistcha
|-damage|p2a: Sinistcha|26/100
|-status|p2a: Sinistcha|psn|[from] ability: Poison Touch|[of] p1a: Sneasler
|move|p1b: Basculegion|Last Respects|p2a: Sinistcha
|-supereffective|p2a: Sinistcha|1
|-damage|p2a: Sinistcha|0 fnt
|faint|p2a: Sinistcha
|move|p2b: Sylveon|Hyper Voice|p1b: Basculegion|[spread] p1a,p1b
|-damage|p1a: Sneasler|0 fnt
|-damage|p1b: Basculegion|29/100
|faint|p1a: Sneasler
|
|upkeep
|
|t:|1785804999
|switch|p2a: Incineroar|Incineroar, L50, F|100/100
|-ability|p2a: Incineroar|Intimidate|boost
|-unboost|p1b: Basculegion|atk|1
|turn|6
|
|t:|1785805003
|move|p1b: Basculegion|Protect|p1b: Basculegion
|-singleturn|p1b: Basculegion|Protect
|move|p2a: Incineroar|Darkest Lariat|p1b: Basculegion
|-activate|p1b: Basculegion|move: Protect
|move|p2b: Sylveon|Hyper Voice|p1b: Basculegion
|-activate|p1b: Basculegion|move: Protect
|
|upkeep
|turn|7
|
|t:|1785805012
|move|p1b: Basculegion|Last Respects|p2b: Sylveon
|-damage|p2b: Sylveon|0 fnt
|faint|p2b: Sylveon
|move|p2a: Incineroar|Darkest Lariat|p1b: Basculegion
|-supereffective|p1b: Basculegion|1
|-damage|p1b: Basculegion|0 fnt
|faint|p1b: Basculegion
|
|win|Caloteiros VGC
