|j|☆dominicex
|j|☆huntr/x rumi
|html|dominicexhuntr/x rumi    
|uhtml|bestof|Game 3 of a best-of-3
|t:|1755570384
|gametype|doubles
|player|p1|dominicex|pokemonranger-gen4|1321
|player|p2|huntr/x rumi|flannery|1319
|gen|9
|tier|[Gen 9] VGC 2025 Reg H (Bo3)
|rated|
|rule|Species Clause: Limit one of each Pokémon
|rule|Item Clause: Limit 1 of each item
|clearpoke
|poke|p1|Kilowattrel, L50, F|
|poke|p1|Amoonguss, L50, F|
|poke|p1|Incineroar, L50, F|
|poke|p1|Porygon2, L50|
|poke|p1|Gholdengo, L50|
|poke|p1|Ursaluna, L50, F|
|poke|p2|Charizard, L50, M|
|poke|p2|Torkoal, L50, M|
|poke|p2|Porygon2, L50|
|poke|p2|Incineroar, L50, M|
|poke|p2|Jumpluff, L50, F|
|poke|p2|Ursaluna, L50, M|
|teampreview|4
|showteam|p1|Kilowattrel||FocusSash|Competitive|Thunderbolt,AirSlash,Tailwind,Protect|||F|||50|,,,,,Fairy]Amoonguss||SitrusBerry|Regenerator|PollenPuff,Spore,RagePowder,Protect|||F|||50|,,,,,Water]Incineroar||SafetyGoggles|Intimidate|FakeOut,FlareBlitz,KnockOff,PartingShot|||F|||50|,,,,,Ghost]Porygon2||Eviolite|Download|TeraBlast,IceBeam,Recover,TrickRoom||||||50|,,,,,Fighting]Gholdengo||MetalCoat|GoodasGold|MakeItRain,ShadowBall,NastyPlot,Protect||||||50|,,,,,Flying]Ursaluna||FlameOrb|Guts|Facade,HeadlongRush,Earthquake,Protect|||F|||50|,,,,,Ghost
|showteam|p2|Charizard||ChoiceSpecs|SolarPower|HeatWave,Overheat,WeatherBall,AirSlash|||M|||50|,,,,,Ghost]Torkoal||EjectPack|Drought|Eruption,Overheat,HelpingHand,Protect|||M|||50|,,,,,Fire]Porygon2||Eviolite|Download|TeraBlast,IceBeam,Recover,TrickRoom||||||50|,,,,,Fighting]Incineroar||SitrusBerry|Intimidate|FlareBlitz,KnockOff,FakeOut,PartingShot|||M|||50|,,,,,Ghost]Jumpluff||CovertCloak|Chlorophyll|SleepPowder,SunnyDay,RagePowder,Tailwind|||F|||50|,,,,,Water]Ursaluna||FlameOrb|Guts|HeadlongRush,Facade,Earthquake,Protect|||M|||50|,,,,,Ghost
|c|☆huntr/x rumi|are you the one who got top 64 with this team
|c|☆huntr/x rumi|you play it really well
|
|t:|1755570452
|teamsize|p1|4
|teamsize|p2|4
|start
|switch|p1a: Kilowattrel|Kilowattrel, L50, F|100/100
|switch|p1b: Amoonguss|Amoonguss, L50, F|100/100
|switch|p2a: Jumpluff|Jumpluff, L50, F|100/100
|switch|p2b: Torkoal|Torkoal, L50, M|100/100
|-weather|SunnyDay|[from] ability: Drought|[of] p2b: Torkoal
|turn|1
|c|☆dominicex|thanks- yeah that was me haha! it's a lot of fun but the mu spread this time around has not felt so great
|c|☆huntr/x rumi|that's unfortunate, seems like some of the teams have changed so much already
|
|t:|1755570515
|switch|p1a: Incineroar|Incineroar, L50, F|100/100
|-ability|p1a: Incineroar|Intimidate|boost
|-unboost|p2a: Jumpluff|atk|1
|-unboost|p2b: Torkoal|atk|1
|-enditem|p2b: Torkoal|Eject Pack
|c|☆huntr/x rumi|cool to play you though!
|
|t:|1755570521
|switch|p2b: Charizard|Charizard, L50, M|100/100
|move|p2a: Jumpluff|Sleep Powder|p1a: Incineroar
|-activate|p1a: Incineroar|item: Safety Goggles|Sleep Powder
|move|p1b: Amoonguss|Spore|p2b: Charizard
|-status|p2b: Charizard|slp|[from] move: Spore
|
|-weather|SunnyDay|[upkeep]
|-damage|p2b: Charizard|88/100 slp|[from] ability: Solar Power|[of] p2b: Charizard
|upkeep
|turn|2
|c|☆dominicex|yeah it's mostly just the volcarona/kingabmit stuff that is really rough and that seems to be picking up a lot
|c|☆dominicex|do you go to any tournaments?
|c|☆huntr/x rumi|i do!
|
|t:|1755570576
|move|p2a: Jumpluff|Tailwind|p2a: Jumpluff
|-sidestart|p2: huntr/x rumi|move: Tailwind
|cant|p2b: Charizard|slp
|move|p1a: Incineroar|Flare Blitz|p2a: Jumpluff
|-supereffective|p2a: Jumpluff
|-damage|p2a: Jumpluff|0 fnt
|faint|p2a: Jumpluff
|-damage|p1a: Incineroar|71/100|[from] Recoil
|move|p1b: Amoonguss|Spore|p2b: Charizard
|-fail|p2b: Charizard|slp
|
|-weather|SunnyDay|[upkeep]
|-damage|p2b: Charizard|76/100 slp|[from] ability: Solar Power|[of] p2b: Charizard
|upkeep
|
|t:|1755570591
|switch|p2a: Ursaluna|Ursaluna, L50, M|100/100
|turn|3
|
|t:|1755570607
|-terastallize|p1b: Amoonguss|Water
|move|p2a: Ursaluna|Protect|p2a: Ursaluna
|-singleturn|p2a: Ursaluna|Protect
|-curestatus|p2b: Charizard|slp|[msg]
|move|p2b: Charizard|Heat Wave|p1a: Incineroar|[spread] p1a,p1b
|-resisted|p1a: Incineroar
|-resisted|p1b: Amoonguss
|-damage|p1a: Incineroar|19/100
|-damage|p1b: Amoonguss|51/100
|move|p1a: Incineroar|Parting Shot|p2b: Charizard
|-unboost|p2b: Charizard|atk|1
|-unboost|p2b: Charizard|spa|1
|c|☆huntr/x rumi|i'm actually just playing a bunch of different teams rn to prep for pittsburgh
|
|t:|1755570623
|switch|p1a: Ursaluna|Ursaluna, L50, F|100/100|[from] Parting Shot
|move|p1b: Amoonguss|Spore|p2a: Ursaluna
|-activate|p2a: Ursaluna|move: Protect
|
|-weather|SunnyDay|[upkeep]
|-damage|p2b: Charizard|63/100|[from] ability: Solar Power|[of] p2b: Charizard
|-status|p2a: Ursaluna|brn|[from] item: Flame Orb
|-status|p1a: Ursaluna|brn|[from] item: Flame Orb
|upkeep
|turn|4
|
|t:|1755570648
|switch|p1b: Kilowattrel|Kilowattrel, L50, F|100/100
|move|p1a: Ursaluna|Protect|p1a: Ursaluna
|-singleturn|p1a: Ursaluna|Protect
|move|p2b: Charizard|Heat Wave|p1a: Ursaluna|[spread] 
|-activate|p1a: Ursaluna|move: Protect
|-miss|p2b: Charizard|p1b: Kilowattrel
|move|p2a: Ursaluna|Earthquake|p1b: Kilowattrel|[spread] 
|-activate|p1a: Ursaluna|move: Protect
|-immune|p2b: Charizard
|-immune|p1b: Kilowattrel
|
|-weather|SunnyDay|[upkeep]
|-damage|p2b: Charizard|51/100|[from] ability: Solar Power|[of] p2b: Charizard
|-damage|p2a: Ursaluna|95/100 brn|[from] brn
|-damage|p1a: Ursaluna|94/100 brn|[from] brn
|upkeep
|turn|5
|
|t:|1755570665
|switch|p1a: Incineroar|Incineroar, L50, F|19/100
|-ability|p1a: Incineroar|Intimidate|boost
|-unboost|p2a: Ursaluna|atk|1
|-unboost|p2b: Charizard|atk|1
|move|p1b: Kilowattrel|Protect|p1b: Kilowattrel
|-singleturn|p1b: Kilowattrel|Protect
|move|p2b: Charizard|Heat Wave|p1a: Incineroar|[spread] p1a
|-activate|p1b: Kilowattrel|move: Protect
|-resisted|p1a: Incineroar
|-damage|p1a: Incineroar|0 fnt
|faint|p1a: Incineroar
|move|p2a: Ursaluna|Facade|p1b: Kilowattrel
|-activate|p1b: Kilowattrel|move: Protect
|
|-weather|none
|-damage|p2a: Ursaluna|89/100 brn|[from] brn
|-sideend|p2: huntr/x rumi|move: Tailwind
|upkeep
|
|t:|1755570677
|switch|p1a: Ursaluna|Ursaluna, L50, F|94/100 brn
|turn|6
|
|t:|1755570705
|-terastallize|p2b: Charizard|Ghost
|move|p1b: Kilowattrel|Thunderbolt|p2b: Charizard
|-damage|p2b: Charizard|0 fnt
|faint|p2b: Charizard
|move|p1a: Ursaluna|Facade|p2a: Ursaluna
|-damage|p2a: Ursaluna|0 fnt
|faint|p2a: Ursaluna
|
|-damage|p1a: Ursaluna|88/100 brn|[from] brn
|upkeep
|c|☆huntr/x rumi|rip ggs
|
|t:|1755570716
|switch|p2a: Torkoal|Torkoal, L50, M|100/100
|-weather|SunnyDay|[from] ability: Drought|[of] p2a: Torkoal
|turn|7
|c|☆dominicex|ggs and gl at pittsburgh! hope it goes well for you
|c|☆huntr/x rumi|thank you!
|
|t:|1755570730
|move|p1b: Kilowattrel|Thunderbolt|p2a: Torkoal
|-damage|p2a: Torkoal|49/100
|move|p1a: Ursaluna|Headlong Rush|p2a: Torkoal
|-supereffective|p2a: Torkoal
|-damage|p2a: Torkoal|0 fnt
|-unboost|p1a: Ursaluna|def|1
|-unboost|p1a: Ursaluna|spd|1
|faint|p2a: Torkoal
|
|win|dominicex
|raw|dominicex's rating: 1321 → 1341(+20 for winning)
|raw|huntr/x rumi's rating: 1319 → 1299(-20 for losing)
|c|☆huntr/x rumi|good luck on ur team
|c|☆dominicex|appreciate it :)
|l|☆dominicex
|player|p1|
