|j|☆entei enthusiast
|j|☆Myowe
|html|entei enthusiastMyowe    
|uhtml|bestof|Game 1 of a best-of-3
|t:|1783998744
|gametype|doubles
|player|p1|entei enthusiast|kamado-armor|1258
|player|p2|Myowe|miku-ground|1178
|gen|9
|tier|[Gen 9 Champions] VGC 2026 Reg M-B (Bo3)
|rated|
|rule|Species Clause: Limit one of each Pokémon
|rule|Item Clause: Limit 1 of each item
|clearpoke
|poke|p1|Floette-Eternal, L50, F|
|poke|p1|Palafin, L50, M, shiny|
|poke|p1|Kingambit, L50, F|
|poke|p1|Sneasler, L50, M|
|poke|p1|Incineroar, L50, M|
|poke|p1|Aerodactyl, L50, M|
|poke|p2|Swampert, L50, M|
|poke|p2|Pelipper, L50, F|
|poke|p2|Archaludon, L50, M|
|poke|p2|Sableye, L50, F|
|poke|p2|Glimmora, L50, M|
|poke|p2|Sinistcha, L50|
|teampreview|4
|showteam|p1|Floette-Eternal||Floettite|FlowerVeil|DazzlingGleam,DrainingKiss,CalmMind,Protect|Modest||F|||50|]Palafin||Leftovers|ZerotoHero|WaveCrash,JetPunch,BulkUp,Protect|Adamant||M|||50|]Kingambit||BlackGlasses|Defiant|KowtowCleave,SuckerPunch,SwordsDance,Protect|Adamant||F|||50|]Sneasler||FocusSash|Unburden|CloseCombat,DireClaw,FakeOut,Coaching|Jolly||M|||50|]Incineroar||SitrusBerry|Intimidate|FlareBlitz,FakeOut,DarkestLariat,PartingShot|Careful||M|||50|]Aerodactyl||Aerodactylite|Unnerve|RockSlide,DualWingbeat,IceFang,Protect|Jolly||M|||50|
|showteam|p2|Swampert||Swampertite|Damp|WaveCrash,FlipTurn,Earthquake,Protect|Adamant||M|||50|]Pelipper||LifeOrb|Drizzle|WeatherBall,Hurricane,Tailwind,WideGuard|Modest||F|||50|]Archaludon||Leftovers|Stamina|ElectroShot,FlashCannon,DragonPulse,Protect|Bold||M|||50|]Sableye||RoseliBerry|Prankster|RainDance,WillOWisp,Encore,Disable|Sassy||F|||50|]Glimmora||Glimmoranite|ToxicDebris|SludgeBomb,DazzlingGleam,PowerGem,SpikyShield|Modest||M|||50|]Sinistcha||SitrusBerry|Hospitality|MatchaGotcha,RagePowder,TrickRoom,Protect|Relaxed|||||50|
|inactive|Battle timer is ON: inactive players will automatically lose when time's up. (requested by entei enthusiast)
|inactive|entei enthusiast has 60 seconds left.
|inactive|Myowe has 60 seconds left.
|
|t:|1783998790
|teamsize|p1|4
|teamsize|p2|4
|start
|switch|p1a: Floette|Floette-Eternal, L50, F|100/100
|switch|p1b: Palafin|Palafin, L50, M, shiny|100/100
|switch|p2a: Swampert|Swampert, L50, M|100/100
|switch|p2b: Sableye|Sableye, L50, F|100/100
|turn|1
|
|t:|1783998814
|detailschange|p1b: Palafin|Palafin-Hero, L50, M, shiny
|switch|p1b: Incineroar|Incineroar, L50, M|100/100
|-ability|p1b: Incineroar|Intimidate|boost
|-unboost|p2a: Swampert|atk|1
|-unboost|p2b: Sableye|atk|1
|detailschange|p1a: Floette|Floette-Mega, L50, F
|-mega|p1a: Floette|Floette|Floettite
|-ability|p1a: Floette|Fairy Aura
|detailschange|p2a: Swampert|Swampert-Mega, L50, M
|-mega|p2a: Swampert|Swampert|Swampertite
|move|p2b: Sableye|Will-O-Wisp|p1b: Incineroar
|-immune|p1b: Incineroar
|move|p1a: Floette|Draining Kiss|p2b: Sableye
|-supereffective|p2b: Sableye|1
|-enditem|p2b: Sableye|Roseli Berry|[eat]
|-enditem|p2b: Sableye|Roseli Berry|[weaken]
|-damage|p2b: Sableye|59/100
|move|p2a: Swampert|Wave Crash|p1a: Floette
|-damage|p1a: Floette|48/100
|-damage|p2a: Swampert|83/100|[from] Recoil
|
|upkeep
|turn|2
|
|t:|1783998838
|switch|p2b: Sinistcha|Sinistcha, L50|100/100
|-heal|p2a: Swampert|100/100|[from] ability: Hospitality|[of] p2b: Sinistcha
|move|p2a: Swampert|Protect|p2a: Swampert
|-singleturn|p2a: Swampert|Protect
|move|p1b: Incineroar|Fake Out|p2a: Swampert
|-activate|p2a: Swampert|move: Protect
|move|p1a: Floette|Dazzling Gleam|p2b: Sinistcha|[spread] p2b
|-activate|p2a: Swampert|move: Protect
|-damage|p2b: Sinistcha|59/100
|
|upkeep
|turn|3
|inactive|entei enthusiast has 30 seconds left.
|inactive|Myowe has 30 seconds left.
|inactive|entei enthusiast has 20 seconds left.
|
|t:|1783998874
|switch|p1b: Sneasler|Sneasler, L50, M|100/100
|switch|p2b: Sableye|Sableye, L50, F|59/100
|move|p1a: Floette|Protect|p1a: Floette
|-singleturn|p1a: Floette|Protect
|move|p2a: Swampert|Flip Turn|p1b: Sneasler
|-damage|p1b: Sneasler|56/100
|
|t:|1783998891
|switch|p2a: Archaludon|Archaludon, L50, M|100/100|[from] Flip Turn
|
|upkeep
|turn|4
|inactive|Myowe has 30 seconds left.
|
|t:|1783998924
|switch|p1a: Palafin|Palafin-Hero, L50, M, shiny|100/100
|-activate|p1a: Palafin|ability: Zero to Hero
|move|p2b: Sableye|Rain Dance|p2b: Sableye
|-weather|RainDance
|move|p1b: Sneasler|Close Combat|p2a: Archaludon
|-supereffective|p2a: Archaludon|1
|-damage|p2a: Archaludon|19/100
|-unboost|p1b: Sneasler|def|1
|-unboost|p1b: Sneasler|spd|1
|-ability|p2a: Archaludon|Stamina|boost
|-boost|p2a: Archaludon|def|1
|move|p2a: Archaludon|Electro Shot||[still]
|-prepare|p2a: Archaludon|Electro Shot
|-boost|p2a: Archaludon|spa|1
|-anim|p2a: Archaludon|Electro Shot|p1a: Palafin
|-supereffective|p1a: Palafin|1
|-damage|p1a: Palafin|0 fnt
|faint|p1a: Palafin
|
|-weather|RainDance|[upkeep]
|-heal|p2a: Archaludon|25/100|[from] item: Leftovers
|upkeep
|
|t:|1783998938
|switch|p1a: Floette|Floette-Mega, L50, F|48/100
|-ability|p1a: Floette|Fairy Aura
|turn|5
|
|t:|1783998948
|switch|p2b: Sinistcha|Sinistcha, L50|59/100
|-heal|p2a: Archaludon|50/100g|[from] ability: Hospitality|[of] p2b: Sinistcha
|move|p2a: Archaludon|Protect|p2a: Archaludon
|-singleturn|p2a: Archaludon|Protect
|move|p1b: Sneasler|Coaching|p1a: Floette
|-boost|p1a: Floette|atk|1
|-boost|p1a: Floette|def|1
|move|p1a: Floette|Dazzling Gleam|p2b: Sinistcha|[spread] p2b
|-activate|p2a: Archaludon|move: Protect
|-damage|p2b: Sinistcha|18/100
|-enditem|p2b: Sinistcha|Sitrus Berry|[eat]
|-heal|p2b: Sinistcha|43/100|[from] item: Sitrus Berry
|
|-weather|RainDance|[upkeep]
|-heal|p2a: Archaludon|56/100|[from] item: Leftovers
|upkeep
|turn|6
|inactive|entei enthusiast has 30 seconds left.
|
|t:|1783998975
|switch|p1b: Incineroar|Incineroar, L50, M|100/100
|-ability|p1b: Incineroar|Intimidate|boost
|-unboost|p2a: Archaludon|atk|1
|-unboost|p2b: Sinistcha|atk|1
|move|p2b: Sinistcha|Rage Powder|p2b: Sinistcha
|-singleturn|p2b: Sinistcha|move: Rage Powder
|move|p1a: Floette|Dazzling Gleam|p2b: Sinistcha|[spread] p2a,p2b
|-damage|p2a: Archaludon|8/100
|-damage|p2b: Sinistcha|3/100
|-ability|p2a: Archaludon|Stamina|boost
|-boost|p2a: Archaludon|def|1
|move|p2a: Archaludon|Electro Shot||[still]
|-prepare|p2a: Archaludon|Electro Shot
|-boost|p2a: Archaludon|spa|1
|-anim|p2a: Archaludon|Electro Shot|p1a: Floette
|-damage|p1a: Floette|0 fnt
|faint|p1a: Floette
|
|-weather|RainDance|[upkeep]
|-heal|p2a: Archaludon|14/100|[from] item: Leftovers
|upkeep
|
|t:|1783998988
|switch|p1a: Sneasler|Sneasler, L50, M|56/100
|turn|7
|
|t:|1783999007
|move|p2b: Sinistcha|Rage Powder|p2b: Sinistcha
|-singleturn|p2b: Sinistcha|move: Rage Powder
|move|p1a: Sneasler|Dire Claw|p2b: Sinistcha
|-damage|p2b: Sinistcha|0 fnt
|faint|p2b: Sinistcha
|move|p2a: Archaludon|Electro Shot||[still]
|-prepare|p2a: Archaludon|Electro Shot
|-boost|p2a: Archaludon|spa|1
|-anim|p2a: Archaludon|Electro Shot|p1a: Sneasler
|-damage|p1a: Sneasler|0 fnt
|faint|p1a: Sneasler
|move|p1b: Incineroar|Darkest Lariat|p2a: Archaludon
|-damage|p2a: Archaludon|0 fnt
|faint|p2a: Archaludon
|
|-weather|RainDance|[upkeep]
|upkeep
|
|t:|1783999016
|switch|p2a: Swampert|Swampert-Mega, L50, M|100/100
|switch|p2b: Sableye|Sableye, L50, F|59/100
|turn|8
|
|t:|1783999022
|move|p2b: Sableye|Rain Dance||[still]
|-fail|p2b: Sableye
|move|p2a: Swampert|Wave Crash|p1b: Incineroar
|-supereffective|p1b: Incineroar|1
|-damage|p1b: Incineroar|0 fnt
|faint|p1b: Incineroar
|-damage|p2a: Swampert|64/100|[from] Recoil
|
|win|Myowe
||entei enthusiast is ready for game 2.
||Myowe is ready for game 2.
|uhtml|next|Next: Game 2 of 3
|l|☆Myowe
|player|p2|
