|j|☆DaGondy
|j|☆fnlroia
|html|DaGondyfnlroia    
|uhtml|bestof|Game 2 of a best-of-3
|t:|1784693465
|gametype|doubles
|player|p1|DaGondy|mars|
|player|p2|fnlroia|parasollady-gen4|
|gen|9
|tier|[Gen 9 Champions] VGC 2026 Reg M-B (Bo3)
|rule|Species Clause: Limit one of each Pokémon
|rule|Item Clause: Limit 1 of each item
|clearpoke
|poke|p1|Ditto, L50, shiny|
|poke|p1|Pelipper, L50, M|
|poke|p1|Eelektross, L50, M|
|poke|p1|Roserade, L50, M|
|poke|p1|Lycanroc-Dusk, L50, M, shiny|
|poke|p1|Whimsicott, L50, M|
|poke|p2|Sableye, L50, F|
|poke|p2|Arcanine-Hisui, L50, F|
|poke|p2|Delphox, L50, M|
|poke|p2|Samurott-Hisui, L50, M|
|poke|p2|Floette-Eternal, L50, F|
|poke|p2|Vivillon, L50, M|
|teampreview|4
|showteam|p1|Ditto||FocusSash|Imposter|Transform|Bold|||||50|]Pelipper||SitrusBerry|Drizzle|Tailwind,Hurricane,Roost,Protect|Bold||M|||50|]Eelektross||Eelektrossite|Levitate|Flamethrower,GrassKnot,Thunder,VoltSwitch|Timid||M|||50|]Roserade||PoisonBarb|PoisonPoint|Extrasensory,LeafStorm,SleepPowder,SludgeBomb|Timid||M|||50|]Lycanroc-Dusk||HardStone|ToughClaws|Accelerock,CloseCombat,StoneEdge,BrickBreak|Jolly||M|||50|]Whimsicott||Leftovers|Prankster|Tailwind,Moonblast,Uturn,Encore|Bold||M|||50|
|showteam|p2|Sableye||LightClay|Prankster|FakeOut,Encore,Reflect,LightScreen|Bold||F|||50|]Arcanine-Hisui||LifeOrb|RockHead|RockSlide,FlareBlitz,ExtremeSpeed,Protect|Jolly||F|||50|]Delphox||Delphoxite|Blaze|HeatWave,NastyPlot,Psyshock,Protect|Timid||M|||50|]Samurott-Hisui||BlackGlasses|Sharpness|CeaselessEdge,SuckerPunch,SacredSword,Protect|Jolly||M|||50|]Floette-Eternal||Floettite|FlowerVeil|CalmMind,DrainingKiss,LightofRuin,Protect|Modest||F|||50|]Vivillon||FocusSash|CompoundEyes|RagePowder,SleepPowder,Hurricane,RainDance|Timid||M|||50|
|
|t:|1784693511
|teamsize|p1|4
|teamsize|p2|4
|start
|switch|p1a: Ditto|Ditto, L50, shiny|100/100
|switch|p1b: pooopfart|Lycanroc-Dusk, L50, M, shiny|100/100
|switch|p2a: ggwp|Floette-Eternal, L50, F|100/100
|switch|p2b: KekW|Sableye, L50, F|100/100
|-transform|p1a: Ditto|p2b: KekW|[from] ability: Imposter
|turn|1
|
|t:|1784693536
|detailschange|p2a: ggwp|Floette-Mega, L50, F
|-mega|p2a: ggwp|Floette|Floettite
|-ability|p2a: ggwp|Fairy Aura
|move|p2b: KekW|Fake Out|p1b: pooopfart
|-resisted|p1b: pooopfart|1
|-damage|p1b: pooopfart|94/100
|move|p1a: Ditto|Fake Out|p2a: ggwp
|-damage|p2a: ggwp|93/100
|cant|p1b: pooopfart|flinch
|cant|p2a: ggwp|flinch
|
|upkeep
|turn|2
|
|t:|1784693564
|switch|p2b: lol|Vivillon, L50, M|100/100
|move|p2a: ggwp|Protect|p2a: ggwp
|-singleturn|p2a: ggwp|Protect
|move|p1b: pooopfart|Accelerock|p2a: ggwp
|-activate|p2a: ggwp|move: Protect
|move|p1a: Ditto|Light Screen|p1a: Ditto
|-sidestart|p1: DaGondy|move: Light Screen
|
|upkeep
|turn|3
|
|t:|1784693591
|move|p2b: lol|Rage Powder|p2b: lol
|-singleturn|p2b: lol|move: Rage Powder
|move|p1b: pooopfart|Accelerock|p2b: lol
|-supereffective|p2b: lol|2
|-enditem|p2b: lol|Focus Sash
|-damage|p2b: lol|1/100
|move|p1a: Ditto|Reflect|p1a: Ditto
|-sidestart|p1: DaGondy|Reflect
|move|p2a: ggwp|Draining Kiss|p1a: Ditto
|-supereffective|p1a: Ditto|1
|-damage|p1a: Ditto|12/100
|-heal|p2a: ggwp|100/100|[from] drain|[of] p1a: Ditto
|
|upkeep
|turn|4
|
|t:|1784693631
|switch|p2b: jop river otter|Samurott-Hisui, L50, M|100/100
|move|p1b: pooopfart|Accelerock|p2b: jop river otter
|-damage|p2b: jop river otter|57/100
|move|p1a: Ditto|Reflect||[still]
|-fail|p1a: Ditto
|move|p2a: ggwp|Draining Kiss|p1a: Ditto
|-supereffective|p1a: Ditto|1
|-damage|p1a: Ditto|0 fnt
|faint|p1a: Ditto
|
|upkeep
|
|t:|1784693642
|switch|p1a: Pelipper|Pelipper, L50, M|100/100
|-weather|RainDance|[from] ability: Drizzle|[of] p1a: Pelipper
|turn|5
|
|t:|1784693665
|move|p1b: pooopfart|Brick Break|p2b: jop river otter
|-supereffective|p2b: jop river otter|1
|-damage|p2b: jop river otter|0 fnt
|faint|p2b: jop river otter
|move|p2a: ggwp|Draining Kiss|p1a: Pelipper
|-damage|p1a: Pelipper|62/100
|move|p1a: Pelipper|Tailwind|p1a: Pelipper
|-sidestart|p1: DaGondy|move: Tailwind
|
|-weather|RainDance|[upkeep]
|upkeep
|
|t:|1784693678
|switch|p2b: KekW|Sableye, L50, F|100/100
|turn|6
|
|t:|1784693689
|move|p2b: KekW|Fake Out|p1b: pooopfart
|-resisted|p1b: pooopfart|1
|-damage|p1b: pooopfart|91/100
|cant|p1b: pooopfart|flinch
|move|p1a: Pelipper|Hurricane|p2b: KekW
|-damage|p2b: KekW|38/100
|move|p2a: ggwp|Light of Ruin|p1a: Pelipper
|-damage|p1a: Pelipper|0 fnt
|faint|p1a: Pelipper
|-damage|p2a: ggwp|70/100|[from] Recoil
|
|-weather|RainDance|[upkeep]
|-sideend|p1: DaGondy|move: Light Screen
|upkeep
|
|t:|1784693701
|switch|p1a: Eelektross|Eelektross, L50, M|100/100
|turn|7
|
|t:|1784693712
|switch|p2b: lol|Vivillon, L50, M|1/100
|detailschange|p1a: Eelektross|Eelektross-Mega, L50, M
|-mega|p1a: Eelektross|Eelektross|Eelektrossite
|move|p2a: ggwp|Protect|p2a: ggwp
|-singleturn|p2a: ggwp|Protect
|move|p1b: pooopfart|Accelerock|p2b: lol
|-supereffective|p2b: lol|2
|-damage|p2b: lol|0 fnt
|faint|p2b: lol
|move|p1a: Eelektross|Thunder|p2a: ggwp
|-activate|p2a: ggwp|move: Protect
|
|-weather|RainDance|[upkeep]
|-sideend|p1: DaGondy|Reflect
|upkeep
|
|t:|1784693729
|switch|p2b: KekW|Sableye, L50, F|38/100
|turn|8
|
|t:|1784693758
|move|p2b: KekW|Fake Out|p1a: Eelektross
|-damage|p1a: Eelektross|90/100
|move|p1b: pooopfart|Accelerock|p2b: KekW
|-damage|p2b: KekW|9/100
|cant|p1a: Eelektross|flinch
|move|p2a: ggwp|Draining Kiss|p1a: Eelektross
|-damage|p1a: Eelektross|43/100
|-heal|p2a: ggwp|100/100|[from] drain|[of] p1a: Eelektross
|
|-weather|RainDance|[upkeep]
|-sideend|p1: DaGondy|move: Tailwind
|upkeep
|turn|9
|
|t:|1784693780
|move|p1b: pooopfart|Accelerock|p2b: KekW
|-damage|p2b: KekW|0 fnt
|faint|p2b: KekW
|move|p1a: Eelektross|Thunder|p2a: ggwp
|-damage|p2a: ggwp|54/100
|-status|p2a: ggwp|par
|move|p2a: ggwp|Light of Ruin|p1a: Eelektross
|-crit|p1a: Eelektross
|-damage|p1a: Eelektross|0 fnt
|faint|p1a: Eelektross
|-damage|p2a: ggwp|35/100 par|[from] Recoil
|
|-weather|none
|upkeep
|turn|10
|
|t:|1784693796
|move|p1b: pooopfart|Stone Edge|p2a: ggwp
|-crit|p2a: ggwp
|-damage|p2a: ggwp|0 fnt
|faint|p2a: ggwp
|
|win|DaGondy
