|j|☆defaultmii
|j|☆Lab01JNEST
|html|defaultmiiLab01JNEST    
|uhtml|bestof|Game 3 of a best-of-3
|t:|1757639454
|gametype|doubles
|player|p1|defaultmii|101|1135
|player|p2|Lab01JNEST|101|1193
|gen|9
|tier|[Gen 9] VGC 2025 Reg H (Bo3)
|rated|
|rule|Species Clause: Limit one of each Pokémon
|rule|Item Clause: Limit 1 of each item
|clearpoke
|poke|p1|Annihilape, L50, F|
|poke|p1|Kingambit, L50, F|
|poke|p1|Amoonguss, L50, F|
|poke|p1|Dragonite, L50, M|
|poke|p1|Incineroar, L50, M|
|poke|p1|Gholdengo, L50|
|poke|p2|Tyranitar, L50, M|
|poke|p2|Garchomp, L50, M|
|poke|p2|Sinistcha, L50|
|poke|p2|Dragonite, L50, F|
|poke|p2|Corviknight, L50, M|
|poke|p2|Volcarona, L50, F|
|teampreview|4
|showteam|p1|Annihilape||FocusSash|Defiant|CloseCombat,RageFist,Coaching,FinalGambit|||F|||50|,,,,,Grass]Kingambit||AssaultVest|Defiant|KowtowCleave,SuckerPunch,LowKick,IronHead|||F|||50|,,,,,Dark]Amoonguss||SitrusBerry|Regenerator|Spore,RagePowder,SludgeBomb,Protect|||F|||50|,,,,,Fire]Dragonite||LoadedDice|Multiscale|ScaleShot,ExtremeSpeed,Haze,Protect|||M|||50|,,,,,Fairy]Incineroar||SafetyGoggles|Intimidate|FlareBlitz,FakeOut,PartingShot,KnockOff|||M|||50|,,,,,Ghost]Gholdengo||LifeOrb|GoodasGold|MakeItRain,ShadowBall,NastyPlot,Protect||||||50|,,,,,Steel
|showteam|p2|Tyranitar||AssaultVest|SandStream|RockSlide,KnockOff,TeraBlast,LowKick|||M|||50|,,,,,Flying]Garchomp||LifeOrb|RoughSkin|Protect,DragonClaw,StompingTantrum,Earthquake|||M|||50|,,,,,Ground]Sinistcha||RockyHelmet|Hospitality|MatchaGotcha,LifeDew,TrickRoom,RagePowder||||||50|,,,,,Dark]Dragonite||ChoiceBand|InnerFocus|Outrage,ExtremeSpeed,IceSpinner,AerialAce|||F|||50|,,,,,Normal]Corviknight||SitrusBerry|MirrorArmor|Tailwind,BulkUp,Roost,BraveBird|||M|||50|,,,,,Dragon]Volcarona||Leftovers|FlameBody|FieryDance,GigaDrain,QuiverDance,Protect|||F|||50|,,,,,Dragon
|inactive|Battle timer is ON: inactive players will automatically lose when time's up. (requested by Lab01JNEST)
|
|t:|1757639470
|teamsize|p1|4
|teamsize|p2|4
|start
|switch|p1a: Dragonite|Dragonite, L50, M|100/100
|switch|p1b: Incineroar|Incineroar, L50, M|100/100
|switch|p2a: Dragonite|Dragonite, L50, F|100/100
|switch|p2b: Corviknight|Corviknight, L50, M|100/100
|-ability|p1b: Incineroar|Intimidate|boost
|-fail|p2a: Dragonite|unboost|Attack|[from] ability: Inner Focus|[of] p2a: Dragonite
|-ability|p2b: Corviknight|Mirror Armor
|-unboost|p1b: Incineroar|atk|1
|turn|1
|inactive|defaultmii has 30 seconds left.
|
|t:|1757639503
|-terastallize|p2a: Dragonite|Normal
|move|p1a: Dragonite|Protect|p1a: Dragonite
|-singleturn|p1a: Dragonite|Protect
|move|p2a: Dragonite|Extreme Speed|p1b: Incineroar
|-damage|p1b: Incineroar|29/100
|move|p2b: Corviknight|Tailwind|p2b: Corviknight
|-sidestart|p2: Lab01JNEST|move: Tailwind
|move|p1b: Incineroar|Flare Blitz|p2b: Corviknight
|-supereffective|p2b: Corviknight
|-damage|p2b: Corviknight|47/100
|-enditem|p2b: Corviknight|Sitrus Berry|[eat]
|-heal|p2b: Corviknight|72/100|[from] item: Sitrus Berry
|-damage|p1b: Incineroar|11/100|[from] Recoil
|
|upkeep
|turn|2
|inactive|defaultmii has 30 seconds left.
|inactive|defaultmii has 20 seconds left.
|inactive|defaultmii has 15 seconds left.
|inactive|defaultmii has 10 seconds left.
|
|t:|1757639549
|switch|p1b: Annihilape|Annihilape, L50, F|100/100
|move|p2a: Dragonite|Extreme Speed|p1b: Annihilape
|-immune|p1b: Annihilape
|move|p2b: Corviknight|Bulk Up|p2b: Corviknight
|-boost|p2b: Corviknight|atk|1
|-boost|p2b: Corviknight|def|1
|move|p1a: Dragonite|Scale Shot|p2b: Corviknight
|-resisted|p2b: Corviknight
|-damage|p2b: Corviknight|67/100
|-resisted|p2b: Corviknight
|-damage|p2b: Corviknight|63/100
|-resisted|p2b: Corviknight
|-damage|p2b: Corviknight|60/100
|-resisted|p2b: Corviknight
|-damage|p2b: Corviknight|56/100
|-hitcount|p2b: Corviknight|4
|-unboost|p1a: Dragonite|def|1
|-boost|p1a: Dragonite|spe|1
|
|upkeep
|turn|3
|
|t:|1757639572
|move|p2a: Dragonite|Extreme Speed|p1a: Dragonite
|-damage|p1a: Dragonite|44/100
|move|p1a: Dragonite|Scale Shot|p2a: Dragonite
|-damage|p2a: Dragonite|84/100
|-crit|p2a: Dragonite
|-damage|p2a: Dragonite|62/100
|-damage|p2a: Dragonite|47/100
|-damage|p2a: Dragonite|30/100
|-hitcount|p2a: Dragonite|4
|-unboost|p1a: Dragonite|def|1
|-boost|p1a: Dragonite|spe|1
|move|p2b: Corviknight|Bulk Up|p2b: Corviknight
|-boost|p2b: Corviknight|atk|1
|-boost|p2b: Corviknight|def|1
|move|p1b: Annihilape|Final Gambit|p2b: Corviknight
|-damage|p2b: Corviknight|0 fnt
|faint|p1b: Annihilape
|faint|p2b: Corviknight
|
|upkeep
|
|t:|1757639590
|switch|p1b: Incineroar|Incineroar, L50, M|11/100
|switch|p2b: Tyranitar|Tyranitar, L50, M|100/100
|-weather|Sandstorm|[from] ability: Sand Stream|[of] p2b: Tyranitar
|-ability|p1b: Incineroar|Intimidate|boost
|-fail|p2a: Dragonite|unboost|Attack|[from] ability: Inner Focus|[of] p2a: Dragonite
|-unboost|p2b: Tyranitar|atk|1
|turn|4
|inactive|defaultmii has 30 seconds left.
|
|t:|1757639616
|move|p1b: Incineroar|Fake Out|p2a: Dragonite
|-damage|p2a: Dragonite|17/100
|move|p2a: Dragonite|Extreme Speed|p1a: Dragonite
|-damage|p1a: Dragonite|0 fnt
|faint|p1a: Dragonite
|move|p2b: Tyranitar|Rock Slide|p1b: Incineroar
|-supereffective|p1b: Incineroar
|-damage|p1b: Incineroar|0 fnt
|faint|p1b: Incineroar
|
|-weather|Sandstorm|[upkeep]
|-damage|p2a: Dragonite|11/100|[from] Sandstorm
|-sideend|p2: Lab01JNEST|move: Tailwind
|upkeep
|
|t:|1757639629
|switch|p1b: Kingambit|Kingambit, L50, F|100/100
|turn|5
|
|t:|1757639636
|move|p2a: Dragonite|Extreme Speed|p1b: Kingambit
|-resisted|p1b: Kingambit
|-damage|p1b: Kingambit|75/100
|move|p2b: Tyranitar|Low Kick|p1b: Kingambit
|-supereffective|p1b: Kingambit
|-damage|p1b: Kingambit|0 fnt
|faint|p1b: Kingambit
|
|win|Lab01JNEST
|raw|defaultmii's rating: 1135 → 1114(-21 for losing)
|raw|Lab01JNEST's rating: 1193 → 1214(+21 for winning)
