|j|☆hungry hillo
|j|☆WhiteBookVGC
|html|hungry hilloWhiteBookVGC    
|uhtml|bestof|Game 1 of a best-of-3
|t:|1756758403
|gametype|doubles
|player|p1|hungry hillo|n|1165
|player|p2|WhiteBookVGC|lyra|1097
|gen|9
|tier|[Gen 9] VGC 2025 Reg H (Bo3)
|rated|
|rule|Species Clause: Limit one of each Pokémon
|rule|Item Clause: Limit 1 of each item
|clearpoke
|poke|p1|Sneasler, L50, F|
|poke|p1|Clefable, L50, M|
|poke|p1|Gholdengo, L50|
|poke|p1|Rillaboom, L50, M|
|poke|p1|Dragapult, L50, F|
|poke|p1|Incineroar, L50, F|
|poke|p2|Archaludon, L50, F|
|poke|p2|Incineroar, L50, M|
|poke|p2|Pelipper, L50, F|
|poke|p2|Amoonguss, L50, M|
|poke|p2|Basculegion, L50, M|
|poke|p2|Gholdengo, L50|
|teampreview|4
|showteam|p1|Sneasler||FocusSash|Unburden|CloseCombat,DireClaw,Protect,ThroatChop|||F|||50|,,,,,Dark]Clefable||RockyHelmet|Unaware|Moonblast,IcyWind,FollowMe,Protect|||M|||50|,,,,,Water]Gholdengo||LifeOrb|GoodasGold|MakeItRain,ShadowBall,NastyPlot,Protect||||||50|,,,,,Water]Rillaboom||AssaultVest|GrassySurge|WoodHammer,GrassyGlide,HighHorsepower,FakeOut|||M|||50|,,,,,Fire]Dragapult||ChoiceSpecs|ClearBody|ShadowBall,Flamethrower,Thunderbolt,DracoMeteor|||F|||50|,,,,,Fire]Incineroar||SitrusBerry|Intimidate|FakeOut,KnockOff,PartingShot,FlareBlitz|||F|||50|,,,,,Bug
|showteam|p2|Archaludon||AssaultVest|Stamina|DragonPulse,FlashCannon,ElectroShot,BodyPress|||F|||50|,,,,,Fairy]Incineroar||SafetyGoggles|Intimidate|KnockOff,FlareBlitz,PartingShot,FakeOut|||M|||50|,,,,,Ghost]Pelipper||FocusSash|Drizzle|MuddyWater,Hurricane,Tailwind,Protect|||F|||50|,,,,,Grass]Amoonguss||SitrusBerry|Regenerator|Spore,RagePowder,PollenPuff,Protect|||M|||50|,,,,,Water]Basculegion||ChoiceScarf|Adaptability|AquaJet,WaveCrash,LastRespects,FlipTurn|||M|||50|,,,,,Water]Gholdengo||LifeOrb|GoodasGold|MakeItRain,ShadowBall,NastyPlot,Protect||||||50|,,,,,Dragon
|inactive|Battle timer is ON: inactive players will automatically lose when time's up. (requested by hungry hillo)
|
|t:|1756758487
|teamsize|p1|4
|teamsize|p2|4
|start
|switch|p1a: Devil|Clefable, L50, M, shiny|100/100
|switch|p1b: Mr krabe|Gholdengo, L50|100/100
|switch|p2a: Basculegion|Basculegion, L50, M, shiny|100/100
|switch|p2b: Pelipper|Pelipper, L50, F, shiny|100/100
|-weather|RainDance|[from] ability: Drizzle|[of] p2b: Pelipper
|turn|1
|
|t:|1756758511
|-terastallize|p1a: Devil|Water
|move|p1a: Devil|Follow Me|p1a: Devil
|-singleturn|p1a: Devil|move: Follow Me
|move|p2a: Basculegion|Flip Turn|p1a: Devil
|-resisted|p1a: Devil
|-damage|p1a: Devil|76/100
|-damage|p2a: Basculegion|84/100|[from] item: Rocky Helmet|[of] p1a: Devil
|
|t:|1756758522
|switch|p2a: Archaludon|Archaludon, L50, F, shiny|100/100|[from] Flip Turn
|move|p1b: Mr krabe|Nasty Plot|p1b: Mr krabe
|-boost|p1b: Mr krabe|spa|2
|move|p2b: Pelipper|Tailwind|p2b: Pelipper
|-sidestart|p2: WhiteBookVGC|move: Tailwind
|
|-weather|RainDance|[upkeep]
|upkeep
|turn|2
|
|t:|1756758540
|move|p1a: Devil|Protect|p1a: Devil
|-singleturn|p1a: Devil|Protect
|move|p2a: Archaludon|Electro Shot||[still]
|-prepare|p2a: Archaludon|Electro Shot
|-boost|p2a: Archaludon|spa|1
|-anim|p2a: Archaludon|Electro Shot|p1a: Devil
|-activate|p1a: Devil|move: Protect
|move|p2b: Pelipper|Muddy Water|p1a: Devil|[spread] p1b
|-activate|p1a: Devil|move: Protect
|-damage|p1b: Mr krabe|52/100
|move|p1b: Mr krabe|Shadow Ball|p2a: Archaludon
|-damage|p2a: Archaludon|40/100
|-unboost|p2a: Archaludon|spd|1
|-ability|p2a: Archaludon|Stamina|boost
|-boost|p2a: Archaludon|def|1
|-damage|p1b: Mr krabe|43/100|[from] item: Life Orb
|
|-weather|RainDance|[upkeep]
|upkeep
|turn|3
|inactive|WhiteBookVGC has 30 seconds left.
|
|t:|1756758568
|move|p1b: Mr krabe|Protect|p1b: Mr krabe
|-singleturn|p1b: Mr krabe|Protect
|move|p2a: Archaludon|Electro Shot||[still]
|-prepare|p2a: Archaludon|Electro Shot
|-boost|p2a: Archaludon|spa|1
|-anim|p2a: Archaludon|Electro Shot|p1a: Devil
|-supereffective|p1a: Devil
|-damage|p1a: Devil|0 fnt
|faint|p1a: Devil
|move|p2b: Pelipper|Muddy Water|p1b: Mr krabe
|-activate|p1b: Mr krabe|move: Protect
|
|-weather|RainDance|[upkeep]
|upkeep
|
|t:|1756758576
|switch|p1a: Incineroar|Incineroar, L50, F|100/100
|-ability|p1a: Incineroar|Intimidate|boost
|-unboost|p2a: Archaludon|atk|1
|-unboost|p2b: Pelipper|atk|1
|turn|4
|
|t:|1756758591
|move|p1a: Incineroar|Fake Out|p2b: Pelipper
|-damage|p2b: Pelipper|85/100
|move|p2a: Archaludon|Electro Shot||[still]
|-prepare|p2a: Archaludon|Electro Shot
|-boost|p2a: Archaludon|spa|1
|-anim|p2a: Archaludon|Electro Shot|p1b: Mr krabe
|-damage|p1b: Mr krabe|0 fnt
|faint|p1b: Mr krabe
|cant|p2b: Pelipper|flinch
|
|-weather|RainDance|[upkeep]
|-sideend|p2: WhiteBookVGC|move: Tailwind
|upkeep
|
|t:|1756758598
|switch|p1b: Dragapult|Dragapult, L50, F|100/100
|turn|5
|
|t:|1756758619
|-terastallize|p2a: Archaludon|Fairy
|move|p1b: Dragapult|Thunderbolt|p2b: Pelipper
|-supereffective|p2b: Pelipper
|-damage|p2b: Pelipper|0 fnt
|faint|p2b: Pelipper
|move|p2a: Archaludon|Dragon Pulse|p1b: Dragapult
|-supereffective|p1b: Dragapult
|-damage|p1b: Dragapult|0 fnt
|faint|p1b: Dragapult
|move|p1a: Incineroar|Knock Off|p2a: Archaludon
|-resisted|p2a: Archaludon
|-damage|p2a: Archaludon|29/100
|-ability|p2a: Archaludon|Stamina|boost
|-boost|p2a: Archaludon|def|1
|-enditem|p2a: Archaludon|Assault Vest|[from] move: Knock Off|[of] p1a: Incineroar
|
|-weather|none
|upkeep
|
|t:|1756758630
|switch|p2b: Basculegion|Basculegion, L50, M, shiny|84/100
|turn|6
|
|t:|1756758639
|move|p2b: Basculegion|Wave Crash|p1a: Incineroar
|-supereffective|p1a: Incineroar
|-damage|p1a: Incineroar|0 fnt
|faint|p1a: Incineroar
|-damage|p2b: Basculegion|50/100|[from] Recoil
|
|win|WhiteBookVGC
||hungry hillo is ready for game 2.
||WhiteBookVGC is ready for game 2.
|uhtml|next|Next: Game 2 of 3
|l|☆hungry hillo
|player|p1|
