|j|☆ben harpic
|j|☆Jakobtc
|html|ben harpicJakobtc    
|uhtml|bestof|Game 1 of a best-of-3
|t:|1756663869
|gametype|doubles
|player|p1|ben harpic|266|1309
|player|p2|Jakobtc|riley|1193
|gen|9
|tier|[Gen 9] VGC 2025 Reg H (Bo3)
|rated|
|rule|Species Clause: Limit one of each Pokémon
|rule|Item Clause: Limit 1 of each item
|clearpoke
|poke|p1|Dragapult, L50, F|
|poke|p1|Archaludon, L50, F|
|poke|p1|Rillaboom, L50, F|
|poke|p1|Annihilape, L50, M|
|poke|p1|Maushold-Four, L50|
|poke|p1|Weezing, L50, F|
|poke|p2|Gholdengo, L50|
|poke|p2|Incineroar, L50, F|
|poke|p2|Amoonguss, L50, M|
|poke|p2|Ursaluna, L50, M|
|poke|p2|Porygon2, L50|
|poke|p2|Kilowattrel, L50, F|
|teampreview|4
|showteam|p1|Dragapult||LightClay|ClearBody|DragonDarts,Reflect,LightScreen,ThunderWave|||F|||50|,,,,,Steel]Archaludon||RockyHelmet|Stalwart|DragonTail,Protect,StealthRock,Roar|||F|||50|,,,,,Ghost]Rillaboom||MiracleSeed|GrassySurge|WoodHammer,FakeOut,WorrySeed,GrassyGlide|||F|||50|,,,,,Grass]Annihilape||Leftovers|Defiant|RageFist,Protect,BulkUp,DrainPunch|||M|||50|,,,,,Normal]Maushold-Four||WideLens|FriendGuard|PopulationBomb,Protect,Taunt,ThunderWave||||||50|,,,,,Ghost]Weezing||WikiBerry|NeutralizingGas|SludgeBomb,Protect,Taunt,WillOWisp|||F|||50|,,,,,Ghost
|showteam|p2|Gholdengo||LifeOrb|GoodasGold|MakeItRain,ShadowBall,NastyPlot,Protect||||||50|,,,,,Dragon]Incineroar||SafetyGoggles|Intimidate|FakeOut,FlareBlitz,KnockOff,PartingShot|||F|||50|,,,,,Bug]Amoonguss||SitrusBerry|Regenerator|Spore,RagePowder,PollenPuff,Protect|||M|||50|,,,,,Psychic]Ursaluna||FlameOrb|Guts|Facade,HeadlongRush,Earthquake,Protect|||M|||50|,,,,,Ghost]Porygon2||Eviolite|Download|TeraBlast,IceBeam,Recover,TrickRoom||||||50|,,,,,Fighting]Kilowattrel||FocusSash|Competitive|AirSlash,Thunderbolt,Tailwind,Protect|||F|||50|,,,,,Ghost
|c|☆Jakobtc|glhf
|
|t:|1756663912
|teamsize|p1|4
|teamsize|p2|4
|start
|switch|p1a: Dragapult|Dragapult, L50, F|100/100
|switch|p1b: Weezing|Weezing, L50, F|100/100
|switch|p2a: Gholdengo|Gholdengo, L50|100/100
|switch|p2b: Amoonguss|Amoonguss, L50, M|100/100
|-ability|p1b: Weezing|Neutralizing Gas
|turn|1
|
|t:|1756663944
|-terastallize|p1a: Dragapult|Steel
|move|p1a: Dragapult|Thunder Wave|p2a: Gholdengo|[miss]
|-miss|p1a: Dragapult|p2a: Gholdengo
|move|p2a: Gholdengo|Nasty Plot|p2a: Gholdengo
|-boost|p2a: Gholdengo|spa|2
|move|p1b: Weezing|Taunt|p2b: Amoonguss
|-start|p2b: Amoonguss|move: Taunt
|cant|p2b: Amoonguss|move: Taunt|Spore
|
|upkeep
|turn|2
|
|t:|1756663979
|switch|p2b: Porygon2|Porygon2, L50, shiny|100/100
|move|p1b: Weezing|Protect|p1b: Weezing
|-singleturn|p1b: Weezing|Protect
|move|p1a: Dragapult|Thunder Wave|p2a: Gholdengo
|-status|p2a: Gholdengo|par
|move|p2a: Gholdengo|Nasty Plot|p2a: Gholdengo
|-boost|p2a: Gholdengo|spa|2
|
|upkeep
|turn|3
|
|t:|1756663997
|-end|p1b: Weezing|ability: Neutralizing Gas
|-ability|p2b: Porygon2|Download|boost
|-boost|p2b: Porygon2|spa|1
|switch|p1b: Annihilape|Annihilape, L50, M|100/100
|-terastallize|p2b: Porygon2|Fighting
|move|p1a: Dragapult|Light Screen|p1a: Dragapult
|-sidestart|p1: ben harpic|move: Light Screen
|move|p2b: Porygon2|Tera Blast|p1a: Dragapult|[anim] Tera Blast Fighting
|-supereffective|p1a: Dragapult
|-damage|p1a: Dragapult|17/100
|move|p2a: Gholdengo|Make It Rain|p1b: Annihilape|[spread] p1a,p1b
|-resisted|p1a: Dragapult
|-damage|p1a: Dragapult|0 fnt
|-damage|p1b: Annihilape|20/100
|-unboost|p2a: Gholdengo|spa|1
|faint|p1a: Dragapult
|-damage|p2a: Gholdengo|91/100 par|[from] item: Life Orb
|
|-heal|p1b: Annihilape|26/100|[from] item: Leftovers
|upkeep
|
|t:|1756664014
|switch|p1a: Rillaboom|Rillaboom, L50, F|100/100
|-fieldstart|move: Grassy Terrain|[from] ability: Grassy Surge|[of] p1a: Rillaboom
|turn|4
|
|t:|1756664053
|switch|p2a: Amoonguss|Amoonguss, L50, M|100/100
|move|p1a: Rillaboom|Wood Hammer|p2a: Amoonguss
|-resisted|p2a: Amoonguss
|-damage|p2a: Amoonguss|83/100
|-damage|p1a: Rillaboom|94/100|[from] Recoil
|move|p1b: Annihilape|Rage Fist|p2b: Porygon2
|-damage|p2b: Porygon2|74/100
|move|p2b: Porygon2|Ice Beam|p1b: Annihilape
|-damage|p1b: Annihilape|8/100
|
|-heal|p1a: Rillaboom|99/100|[from] Grassy Terrain
|-heal|p1b: Annihilape|14/100|[from] Grassy Terrain
|-heal|p1b: Annihilape|21/100|[from] item: Leftovers
|-heal|p2b: Porygon2|80/100|[from] Grassy Terrain
|-heal|p2a: Amoonguss|89/100|[from] Grassy Terrain
|upkeep
|turn|5
|
|t:|1756664077
|move|p1a: Rillaboom|Wood Hammer|p2b: Porygon2
|-damage|p2b: Porygon2|22/100
|-damage|p1a: Rillaboom|81/100|[from] Recoil
|move|p1b: Annihilape|Bulk Up|p1b: Annihilape
|-boost|p1b: Annihilape|atk|1
|-boost|p1b: Annihilape|def|1
|move|p2b: Porygon2|Ice Beam|p1a: Rillaboom
|-supereffective|p1a: Rillaboom
|-crit|p1a: Rillaboom
|-damage|p1a: Rillaboom|0 fnt
|faint|p1a: Rillaboom
|move|p2a: Amoonguss|Spore|p1b: Annihilape
|-status|p1b: Annihilape|slp|[from] move: Spore
|
|-heal|p1b: Annihilape|27/100 slp|[from] Grassy Terrain
|-heal|p1b: Annihilape|33/100 slp|[from] item: Leftovers
|-heal|p2b: Porygon2|28/100|[from] Grassy Terrain
|-heal|p2a: Amoonguss|95/100|[from] Grassy Terrain
|upkeep
|-message|ben harpic forfeited.
|
|win|Jakobtc
|l|☆ben harpic
|player|p1|
||ben harpic is ready for game 2.
|inactive|Jakobtc has 30 seconds to confirm battle start!
