|j|☆Slackermaru
|j|☆wittraid
|html|Slackermaruwittraid    
|uhtml|bestof|Game 2 of a best-of-3
|t:|1757237893
|gametype|doubles
|player|p1|Slackermaru|workerice|1525
|player|p2|wittraid|2|1365
|gen|9
|tier|[Gen 9] VGC 2025 Reg H (Bo3)
|rated|
|rule|Species Clause: Limit one of each Pokémon
|rule|Item Clause: Limit 1 of each item
|clearpoke
|poke|p1|Rillaboom, L50, M|
|poke|p1|Dragonite, L50, M|
|poke|p1|Sneasler, L50, M|
|poke|p1|Kingambit, L50, M|
|poke|p1|Electabuzz, L50, M|
|poke|p1|Volcarona, L50, F|
|poke|p2|Pelipper, L50, F|
|poke|p2|Archaludon, L50, F|
|poke|p2|Basculegion, L50, M|
|poke|p2|Incineroar, L50, F|
|poke|p2|Sinistcha-Masterpiece, L50|
|poke|p2|Ursaluna-Bloodmoon, L50, M|
|teampreview|4
|showteam|p1|Rillaboom||AssaultVest|GrassySurge|FakeOut,HighHorsepower,WoodHammer,GrassyGlide|||M|||50|,,,,,Water]Dragonite||LoadedDice|Multiscale|ExtremeSpeed,ScaleShot,Protect,Haze|||M|||50|,,,,,Steel]Sneasler||FocusSash|Unburden|DireClaw,CloseCombat,Coaching,Protect|||M|||50|,,,,,Stellar]Kingambit||SafetyGoggles|Defiant|KowtowCleave,SuckerPunch,SwordsDance,Protect|||M|||50|,,,,,Ghost]Electabuzz||Eviolite|VitalSpirit|Thunderbolt,Taunt,FollowMe,Protect|||M|||50|,,,,,Ghost]Volcarona||Leftovers|FlameBody|HeatWave,TeraBlast,QuiverDance,Protect|||F|||50|,,,,,Fairy
|showteam|p2|Pelipper||FocusSash|Drizzle|Tailwind,WideGuard,Hurricane,Protect|||F|||50|,,,,,Ghost]Archaludon||AssaultVest|Stamina|ElectroShot,DragonPulse,BodyPress,Snarl|||F|||50|,,,,,Grass]Basculegion||ChoiceBand|SwiftSwim|WaveCrash,LastRespects,AquaJet,FlipTurn|||M|||50|,,,,,Grass]Incineroar||SafetyGoggles|Intimidate|FakeOut,KnockOff,Taunt,PartingShot|||F|||50|,,,,,Ghost]Sinistcha-Masterpiece||SitrusBerry|Hospitality|RagePowder,MatchaGotcha,TrickRoom,LifeDew||||||50|,,,,,Fairy]Ursaluna-Bloodmoon||LifeOrb|MindsEye|BloodMoon,EarthPower,HyperVoice,Protect|||M|||50|,,,,,Bug
|inactive|Battle timer is ON: inactive players will automatically lose when time's up. (requested by wittraid)
|
|t:|1757237906
|teamsize|p1|4
|teamsize|p2|4
|start
|switch|p1a: Sneasler|Sneasler, L50, M|100/100
|switch|p1b: Dragonite|Dragonite, L50, M, shiny|100/100
|switch|p2a: Pelipper|Pelipper, L50, F|100/100
|switch|p2b: Archaludon|Archaludon, L50, F|100/100
|-weather|RainDance|[from] ability: Drizzle|[of] p2a: Pelipper
|turn|1
|
|t:|1757237927
|-terastallize|p2b: Archaludon|Grass
|move|p1a: Sneasler|Dire Claw|p2a: Pelipper
|-damage|p2a: Pelipper|56/100
|move|p1b: Dragonite|Scale Shot|p2a: Pelipper
|-damage|p2a: Pelipper|39/100
|-damage|p2a: Pelipper|23/100
|-damage|p2a: Pelipper|8/100
|-damage|p2a: Pelipper|0 fnt
|faint|p2a: Pelipper
|-hitcount|p2: Pelipper|4
|-unboost|p1b: Dragonite|def|1
|-boost|p1b: Dragonite|spe|1
|move|p2b: Archaludon|Electro Shot||[still]
|-prepare|p2b: Archaludon|Electro Shot
|-boost|p2b: Archaludon|spa|1
|-anim|p2b: Archaludon|Electro Shot|p1b: Dragonite
|-damage|p1b: Dragonite|71/100
|
|-weather|RainDance|[upkeep]
|upkeep
|
|t:|1757237945
|switch|p2a: Sinistcha|Sinistcha-Masterpiece, L50|100/100
|turn|2
|inactive|Slackermaru has 30 seconds left.
|
|t:|1757237977
|switch|p1b: Rillaboom|Rillaboom, L50, M|100/100
|-fieldstart|move: Grassy Terrain|[from] ability: Grassy Surge|[of] p1b: Rillaboom
|-terastallize|p1a: Sneasler|Stellar
|move|p1a: Sneasler|Dire Claw|p2b: Archaludon
|-supereffective|p2b: Archaludon
|-damage|p2b: Archaludon|31/100
|-status|p2b: Archaludon|slp
|-ability|p2b: Archaludon|Stamina|boost
|-boost|p2b: Archaludon|def|1
|cant|p2b: Archaludon|slp
|move|p2a: Sinistcha|Trick Room|p2a: Sinistcha
|-fieldstart|move: Trick Room|[of] p2a: Sinistcha
|
|-weather|RainDance|[upkeep]
|-heal|p2b: Archaludon|38/100 slp|[from] Grassy Terrain
|upkeep
|turn|3
|
|t:|1757237999
|switch|p1b: Volcarona|Volcarona, L50, F|100/100
|move|p2a: Sinistcha|Life Dew||[still]|[spread] p2a,p2b
|-fail|p2a: Sinistcha|heal
|-heal|p2b: Archaludon|62/100 slp
|cant|p2b: Archaludon|slp
|move|p1a: Sneasler|Dire Claw|p2b: Archaludon
|-supereffective|p2b: Archaludon
|-damage|p2b: Archaludon|26/100 slp
|-ability|p2b: Archaludon|Stamina|boost
|-boost|p2b: Archaludon|def|1
|
|-weather|RainDance|[upkeep]
|-heal|p2b: Archaludon|32/100 slp|[from] Grassy Terrain
|upkeep
|turn|4
|
|t:|1757238016
|switch|p1a: Rillaboom|Rillaboom, L50, M|100/100
|move|p1b: Volcarona|Protect|p1b: Volcarona
|-singleturn|p1b: Volcarona|Protect
|move|p2a: Sinistcha|Life Dew||[still]|[spread] p2a,p2b
|-fail|p2a: Sinistcha|heal
|-heal|p2b: Archaludon|57/100 slp
|-curestatus|p2b: Archaludon|slp|[msg]
|move|p2b: Archaludon|Electro Shot||[still]
|-prepare|p2b: Archaludon|Electro Shot
|-boost|p2b: Archaludon|spa|1
|-anim|p2b: Archaludon|Electro Shot|p1b: Volcarona
|-activate|p1b: Volcarona|move: Protect
|
|-weather|RainDance|[upkeep]
|-heal|p2b: Archaludon|63/100|[from] Grassy Terrain
|upkeep
|turn|5
|
|t:|1757238035
|move|p1a: Rillaboom|Fake Out|p2b: Archaludon
|-damage|p2b: Archaludon|58/100
|-ability|p2b: Archaludon|Stamina|boost
|-boost|p2b: Archaludon|def|1
|move|p2a: Sinistcha|Life Dew||[still]|[spread] p2a,p2b
|-fail|p2a: Sinistcha|heal
|-heal|p2b: Archaludon|83/100
|cant|p2b: Archaludon|flinch
|move|p1b: Volcarona|Quiver Dance|p1b: Volcarona
|-boost|p1b: Volcarona|spa|1
|-boost|p1b: Volcarona|spd|1
|-boost|p1b: Volcarona|spe|1
|
|-weather|none
|-heal|p2b: Archaludon|89/100|[from] Grassy Terrain
|upkeep
|turn|6
|
|t:|1757238059
|switch|p1a: Dragonite|Dragonite, L50, M, shiny|71/100
|move|p1b: Volcarona|Protect|p1b: Volcarona
|-singleturn|p1b: Volcarona|Protect
|move|p2a: Sinistcha|Life Dew||[still]|[spread] p2a,p2b
|-fail|p2a: Sinistcha|heal
|-heal|p2b: Archaludon|100/100
|move|p2b: Archaludon|Snarl|p1a: Dragonite|[spread] p1a
|-activate|p1b: Volcarona|move: Protect
|-damage|p1a: Dragonite|42/100
|-unboost|p1a: Dragonite|spa|1
|
|-fieldend|move: Trick Room
|-fieldend|move: Grassy Terrain
|upkeep
|turn|7
|inactive|wittraid has 30 seconds left.
|
|t:|1757238091
|switch|p2a: Ursaluna|Ursaluna-Bloodmoon, L50, M|100/100
|move|p1b: Volcarona|Heat Wave|p2b: Archaludon|[spread] p2a,p2b
|-supereffective|p2b: Archaludon
|-damage|p2a: Ursaluna|37/100
|-damage|p2b: Archaludon|26/100
|-status|p2a: Ursaluna|brn
|-ability|p2b: Archaludon|Stamina|boost
|-boost|p2b: Archaludon|def|1
|move|p1a: Dragonite|Scale Shot|p2a: Ursaluna
|-damage|p2a: Ursaluna|27/100 brn
|-damage|p2a: Ursaluna|16/100 brn
|-damage|p2a: Ursaluna|7/100 brn
|-damage|p2a: Ursaluna|0 fnt
|faint|p2a: Ursaluna
|-hitcount|p2: Ursaluna|4
|-unboost|p1a: Dragonite|def|1
|-boost|p1a: Dragonite|spe|1
|move|p2b: Archaludon|Dragon Pulse|p1b: Volcarona
|-damage|p1b: Volcarona|51/100
|
|-heal|p1b: Volcarona|57/100|[from] item: Leftovers
|upkeep
|
|t:|1757238112
|switch|p2a: Sinistcha|Sinistcha-Masterpiece, L50|100/100
|-heal|p2b: Archaludon|51/100|[from] ability: Hospitality|[of] p2a: Sinistcha
|turn|8
|
|t:|1757238126
|move|p1b: Volcarona|Heat Wave|p2b: Archaludon|[spread] p2a,p2b
|-supereffective|p2a: Sinistcha
|-crit|p2a: Sinistcha
|-supereffective|p2b: Archaludon
|-damage|p2a: Sinistcha|0 fnt
|-damage|p2b: Archaludon|0 fnt
|faint|p2a: Sinistcha
|faint|p2b: Archaludon
|
|win|Slackermaru
|raw|Slackermaru's rating: 1525 → 1536(+11 for winning)
|raw|wittraid's rating: 1365 → 1354(-11 for losing)
|l|☆wittraid
|player|p2|
