|j|â˜†skoomanus
|j|â˜†toobionest
|html|skoomanustoobionest    
|uhtml|bestof|Game 1 of a best-of-3
|t:|1783876769
|gametype|doubles
|player|p1|skoomanus|1|
|player|p2|toobionest|102|
|gen|9
|tier|[Gen 9 Champions] VGC 2026 Reg M-B (Bo3)
|rule|Species Clause: Limit one of each PokÃ©mon
|rule|Item Clause: Limit 1 of each item
|clearpoke
|poke|p1|Gholdengo, L50|
|poke|p1|Whimsicott, L50, M|
|poke|p1|Pikachu, L50, M|
|poke|p1|Sinistcha, L50|
|poke|p1|Swampert, L50, F|
|poke|p1|Archaludon, L50, F|
|poke|p2|Clefable, L50, F|
|poke|p2|Scovillain, L50, F|
|poke|p2|Garchomp, L50, F|
|poke|p2|Blastoise, L50, M|
|poke|p2|Goodra-Hisui, L50, F|
|poke|p2|Pelipper, L50, F|
|teampreview|4
|showteam|p1|Gholdengo||LifeOrb|GoodasGold|MakeItRain,ShadowBall,DazzlingGleam,Protect|Modest|||||50|]Whimsicott||FocusSash|Prankster|Tailwind,FakeTears,Moonblast,HelpingHand|Timid||M|||50|]Pikachu||LightBall|LightningRod|Thunderbolt,Surf,FakeOut,Protect|Timid||M|||50|]Sinistcha||SitrusBerry|Hospitality|MatchaGotcha,RagePowder,LifeDew,TrickRoom|Bold|||||50|]Swampert||Swampertite|Torrent|WaveCrash,HighHorsepower,IcePunch,Protect|Adamant||F|||50|]Archaludon||Leftovers|Stamina|FlashCannon,DracoMeteor,Snarl,Protect|Modest||F|||50|
|showteam|p2|Clefable||BabiriBerry|Unaware|FollowMe,Moonlight,DazzlingGleam,Encore|Bold||F|||50|]Scovillain||Scovillainite|Chlorophyll|FlareBlitz,Crunch,Protect,RagePowder|Relaxed||F|||50|]Garchomp||DragonFang|SandVeil|Protect,RockSlide,StompingTantrum,ScaleShot|Adamant||F|||50|]Blastoise||Blastoisinite|Torrent|Surf,ShellSmash,AuraSphere,DarkPulse|Timid||M|||50|]Goodra-Hisui||WhiteHerb|Gooey|Protect,FlashCannon,DracoMeteor,Surf|Modest||F|||50|]Pelipper||BrightPowder|Drizzle|Surf,HydroPump,Hurricane,Protect|Modest||F|||50|
|
|t:|1783876855
|teamsize|p1|4
|teamsize|p2|4
|start
|switch|p1a: Archaludon|Archaludon, L50, F|100/100
|switch|p1b: Gholdengo|Gholdengo, L50|100/100
|switch|p2a: Scovillain|Scovillain, L50, F|100/100
|switch|p2b: Blastoise|Blastoise, L50, M|100/100
|turn|1
|
|t:|1783876914
|detailschange|p2a: Scovillain|Scovillain-Mega, L50, F
|-mega|p2a: Scovillain|Scovillain|Scovillainite
|move|p2a: Scovillain|Rage Powder|p2a: Scovillain
|-singleturn|p2a: Scovillain|move: Rage Powder
|move|p2b: Blastoise|Shell Smash|p2b: Blastoise
|-unboost|p2b: Blastoise|def|1
|-unboost|p2b: Blastoise|spd|1
|-boost|p2b: Blastoise|atk|2
|-boost|p2b: Blastoise|spa|2
|-boost|p2b: Blastoise|spe|2
|move|p1b: Gholdengo|Shadow Ball|p2a: Scovillain
|-damage|p2a: Scovillain|33/100
|-status|p1b: Gholdengo|brn|[from] ability: Spicy Spray|[of] p2a: Scovillain
|-damage|p1b: Gholdengo|90/100 brn|[from] item: Life Orb
|move|p1a: Archaludon|Draco Meteor|p2a: Scovillain
|-damage|p2a: Scovillain|0 fnt
|-unboost|p1a: Archaludon|spa|2
|-status|p1a: Archaludon|brn|[from] ability: Spicy Spray|[of] p2a: Scovillain
|faint|p2a: Scovillain
|
|-damage|p1b: Gholdengo|84/100 brn|[from] brn
|-damage|p1a: Archaludon|93/100 brn|[from] brn
|upkeep
|
|t:|1783876960
|switch|p2a: Pelipper|Pelipper, L50, F|100/100
|-weather|RainDance|[from] ability: Drizzle|[of] p2a: Pelipper
|turn|2
|
|t:|1783877043
|move|p1b: Gholdengo|Protect|p1b: Gholdengo
|-singleturn|p1b: Gholdengo|Protect
|move|p2b: Blastoise|Aura Sphere|p1a: Archaludon
|-supereffective|p1a: Archaludon|1
|-damage|p1a: Archaludon|2/100 brn
|-ability|p1a: Archaludon|Stamina|boost
|-boost|p1a: Archaludon|def|1
|move|p1a: Archaludon|Snarl|p2a: Pelipper|[spread] 
|-miss|p1a: Archaludon|p2a: Pelipper
|-miss|p1a: Archaludon|p2b: Blastoise
|move|p2a: Pelipper|Hydro Pump|p1b: Gholdengo
|-activate|p1b: Gholdengo|move: Protect
|
|-weather|RainDance|[upkeep]
|-heal|p1a: Archaludon|8/100 brn|[from] item: Leftovers
|-damage|p1b: Gholdengo|78/100 brn|[from] brn
|-damage|p1a: Archaludon|2/100 brn|[from] brn
|upkeep
|turn|3
|c|â˜†toobionest|lolmao
|c|â˜†skoomanus|bro this game is gay
|c|â˜†skoomanus|95 percent
|c|â˜†skoomanus|twice
|
|t:|1783877078
|switch|p1b: Whimsicott|Whimsicott, L50, M|100/100
|move|p1a: Archaludon|Protect|p1a: Archaludon
|-singleturn|p1a: Archaludon|Protect
|move|p2b: Blastoise|Surf|p1a: Archaludon|[spread] p2a,p1b
|-activate|p1a: Archaludon|move: Protect
|-resisted|p2a: Pelipper|1
|-resisted|p1b: Whimsicott|1
|-damage|p2a: Pelipper|44/100
|-damage|p1b: Whimsicott|32/100
|move|p2a: Pelipper|Hydro Pump|p1b: Whimsicott
|-resisted|p1b: Whimsicott|1
|-damage|p1b: Whimsicott|0 fnt
|faint|p1b: Whimsicott
|
|-weather|RainDance|[upkeep]
|-heal|p1a: Archaludon|8/100 brn|[from] item: Leftovers
|-damage|p1a: Archaludon|2/100 brn|[from] brn
|upkeep
|c|â˜†toobionest|james do you know the concept of the mandate of heaven
|c|â˜†skoomanus|no
|
|t:|1783877108
|switch|p1b: Sinistcha|Sinistcha, L50|100/100
|-heal|p1a: Archaludon|27/100 brn|[from] ability: Hospitality|[of] p1b: Sinistcha
|turn|4
|c|â˜†toobionest|The Mandate of Heaven is an ancient Chinese political philosophy that asserts Heaven grants emperors the divine right to rule, provided they govern justly - google
|
|t:|1783877159
|move|p1a: Archaludon|Protect|p1a: Archaludon
|-singleturn|p1a: Archaludon|Protect
|move|p2b: Blastoise|Dark Pulse|p1b: Sinistcha
|-supereffective|p1b: Sinistcha|1
|-damage|p1b: Sinistcha|6/100
|-enditem|p1b: Sinistcha|Sitrus Berry|[eat]
|-heal|p1b: Sinistcha|31/100|[from] item: Sitrus Berry
|move|p2a: Pelipper|Hurricane|p1b: Sinistcha
|-supereffective|p1b: Sinistcha|1
|-damage|p1b: Sinistcha|0 fnt
|faint|p1b: Sinistcha
|
|-weather|RainDance|[upkeep]
|-heal|p1a: Archaludon|33/100 brn|[from] item: Leftovers
|-damage|p1a: Archaludon|27/100 brn|[from] brn
|upkeep
|
|t:|1783877172
|switch|p1b: Gholdengo|Gholdengo, L50|78/100 brn
|turn|5
|
|t:|1783877201
|move|p2b: Blastoise|Aura Sphere|p1a: Archaludon
|-supereffective|p1a: Archaludon|1
|-damage|p1a: Archaludon|0 fnt
|faint|p1a: Archaludon
|move|p1b: Gholdengo|Shadow Ball|p2a: Pelipper
|-damage|p2a: Pelipper|0 fnt
|faint|p2a: Pelipper
|-damage|p1b: Gholdengo|68/100 brn|[from] item: Life Orb
|
|-weather|RainDance|[upkeep]
|-damage|p1b: Gholdengo|62/100 brn|[from] brn
|upkeep
|
|t:|1783877209
|switch|p2a: Goodra|Goodra-Hisui, L50, F|100/100
|turn|6
|
|t:|1783877220
|move|p1b: Gholdengo|Protect|p1b: Gholdengo
|-singleturn|p1b: Gholdengo|Protect
|move|p2b: Blastoise|Dark Pulse|p1b: Gholdengo
|-activate|p1b: Gholdengo|move: Protect
|move|p2a: Goodra|Draco Meteor|p1b: Gholdengo
|-activate|p1b: Gholdengo|move: Protect
|
|-weather|none
|-damage|p1b: Gholdengo|56/100 brn|[from] brn
|upkeep
|turn|7
|
|t:|1783877241
|move|p2b: Blastoise|Dark Pulse|p1b: Gholdengo
|-supereffective|p1b: Gholdengo|1
|-damage|p1b: Gholdengo|0 fnt
|faint|p1b: Gholdengo
|
|win|toobionest
