|j|Ōśåsquitleraptor
|j|Ōśåbrigadeiro gelado
|html|squitleraptorbrigadeiro gelado    
|uhtml|bestof|Game 1 of a best-of-3
|t:|1782351500
|gametype|doubles
|player|p1|squitleraptor|2|1000
|player|p2|brigadeiro gelado|ash|1064
|gen|9
|tier|[Gen 9 Champions] VGC 2026 Reg M-B (Bo3)
|rated|
|rule|Species Clause: Limit one of each Pok├®mon
|rule|Item Clause: Limit 1 of each item
|clearpoke
|poke|p1|Gengar, L50, F|
|poke|p1|Blaziken, L50, F|
|poke|p1|Swampert, L50, M|
|poke|p1|Decidueye-Hisui, L50, M|
|poke|p1|Snorlax, L50, M|
|poke|p1|Alakazam, L50, F|
|poke|p2|Garchomp, L50, M|
|poke|p2|Charizard, L50, M|
|poke|p2|Whimsicott, L50, M|
|poke|p2|Staraptor, L50, F|
|poke|p2|Incineroar, L50, F|
|poke|p2|Gholdengo, L50|
|teampreview|4
|showteam|p1|Gengar||Gengarite|CursedBody|ShadowBall,SludgeWave,Taunt,Protect|Timid||F|||50|]Blaziken||FocusSash|SpeedBoost|CloseCombat,FlareBlitz,SwordsDance,Protect|Adamant||F|||50|]Swampert||SoftSand|Torrent|RockSlide,StompingTantrum,FlipTurn,Protect|Brave||M|||50|]Decidueye-Hisui||LifeOrb|Scrappy|Uturn,KnockOff,TripleArrows,Protect|Jolly||M|||50|]Snorlax||Leftovers|ThickFat|BodySlam,Counter,IceBeam,Protect|Relaxed||M|||50|]Alakazam||Alakazite|Synchronize|DazzlingGleam,Psyshock,PowerSwap,Protect|Timid||F|||50|
|showteam|p2|Garchomp||LifeOrb|RoughSkin|RockSlide,Earthquake,DragonClaw,Protect|Adamant||M|||50|]Charizard||CharizarditeY|Blaze|HeatWave,SolarBeam,WeatherBall,Protect|Modest||M|||50|]Whimsicott||FocusSash|Prankster|Moonblast,Tailwind,Tickle,Protect|Timid||M|||50|]Staraptor||Staraptite|Intimidate|CloseCombat,BraveBird,Roost,Protect|Jolly||F|||50|]Incineroar||SitrusBerry|Intimidate|FlareBlitz,ThroatChop,FakeOut,PartingShot|Sassy||F|||50|]Gholdengo||MetalCoat|GoodasGold|MakeItRain,ShadowBall,NastyPlot,Protect|Modest|||||50|
|inactive|Battle timer is ON: inactive players will automatically lose when time's up. (requested by brigadeiro gelado)
|inactive|brigadeiro gelado has 60 seconds left.
|c|Ōśåsquitleraptor|ta porra um br
|inactive|brigadeiro gelado has 30 seconds left.
|inactive|brigadeiro gelado has 20 seconds left.
|inactive|brigadeiro gelado has 15 seconds left.
|n|Ōśåbrigadeiro gelado|brigadeirogelado
|inactive|brigadeiro gelado has 10 seconds left.
|c|Ōśåbrigadeiro gelado|kkkkkk
|inactive|brigadeiro gelado has 5 seconds left.
|
|t:|1782351589
|teamsize|p1|4
|teamsize|p2|4
|start
|switch|p1a: Swampert|Swampert, L50, M|100/100
|switch|p1b: Decidueye|Decidueye-Hisui, L50, M|100/100
|switch|p2a: Staraptor|Staraptor, L50, F|100/100
|switch|p2b: Whimsicott|Whimsicott, L50, M|100/100
|-ability|p2a: Staraptor|Intimidate|boost
|-unboost|p1a: Swampert|atk|1
|-fail|p1b: Decidueye|unboost|Attack|[from] ability: Scrappy|[of] p1b: Decidueye
|turn|1
|
|t:|1782351608
|detailschange|p2a: Staraptor|Staraptor-Mega, L50, F
|-mega|p2a: Staraptor|Staraptor|Staraptite
|move|p2b: Whimsicott|Tickle|p2a: Staraptor
|-boost|p2a: Staraptor|atk|1
|-boost|p2a: Staraptor|def|1
|move|p2a: Staraptor|Close Combat|p1a: Swampert
|-damage|p1a: Swampert|6/100
|-boost|p2a: Staraptor|def|1
|-boost|p2a: Staraptor|spd|1
|move|p1b: Decidueye|U-turn|p2b: Whimsicott
|-damage|p2b: Whimsicott|53/100
|-damage|p1b: Decidueye|90/100|[from] item: Life Orb
|
|t:|1782351622
|switch|p1b: Snorlax|Snorlax, L50, M|100/100|[from] U-turn
|move|p1a: Swampert|Rock Slide|p2b: Whimsicott|[spread] p2a,p2b
|-damage|p2a: Staraptor|92/100
|-damage|p2b: Whimsicott|35/100
|
|upkeep
|turn|2
|
|t:|1782351639
|move|p1a: Swampert|Protect|p1a: Swampert
|-singleturn|p1a: Swampert|Protect
|move|p2b: Whimsicott|Moonblast|p1a: Swampert
|-activate|p1a: Swampert|move: Protect
|move|p2a: Staraptor|Close Combat|p1b: Snorlax
|-supereffective|p1b: Snorlax|1
|-damage|p1b: Snorlax|0 fnt
|-boost|p2a: Staraptor|def|1
|-boost|p2a: Staraptor|spd|1
|faint|p1b: Snorlax
|
|upkeep
|
|t:|1782351651
|switch|p1b: Blaziken|Blaziken, L50, F|100/100
|turn|3
|
|t:|1782351666
|move|p2b: Whimsicott|Tailwind|p2b: Whimsicott
|-sidestart|p2: brigadeiro gelado|move: Tailwind
|move|p2a: Staraptor|Close Combat|p1a: Swampert
|-damage|p1a: Swampert|0 fnt
|-boost|p2a: Staraptor|def|1
|-boost|p2a: Staraptor|spd|1
|faint|p1a: Swampert
|move|p1b: Blaziken|Swords Dance|p1b: Blaziken
|-boost|p1b: Blaziken|atk|2
|
|-ability|p1b: Blaziken|Speed Boost|boost
|-boost|p1b: Blaziken|spe|1
|upkeep
|
|t:|1782351674
|switch|p1a: Decidueye|Decidueye-Hisui, L50, M|90/100
|turn|4
|
|t:|1782351690
|move|p1b: Blaziken|Protect|p1b: Blaziken
|-singleturn|p1b: Blaziken|Protect
|move|p2b: Whimsicott|Tickle|p1b: Blaziken
|-activate|p1b: Blaziken|move: Protect
|move|p2a: Staraptor|Brave Bird|p1a: Decidueye
|-supereffective|p1a: Decidueye|2
|-damage|p1a: Decidueye|0 fnt
|faint|p1a: Decidueye
|-damage|p2a: Staraptor|64/100|[from] Recoil
|
|-ability|p1b: Blaziken|Speed Boost|boost
|-boost|p1b: Blaziken|spe|1
|upkeep
|turn|5
|
|t:|1782351706
|move|p2b: Whimsicott|Tickle|p1b: Blaziken
|-unboost|p1b: Blaziken|atk|1
|-unboost|p1b: Blaziken|def|1
|move|p2a: Staraptor|Brave Bird|p1b: Blaziken
|-supereffective|p1b: Blaziken|1
|-enditem|p1b: Blaziken|Focus Sash
|-damage|p1b: Blaziken|1/100
|-damage|p2a: Staraptor|34/100|[from] Recoil
|move|p1b: Blaziken|Flare Blitz|p2a: Staraptor
|-damage|p2a: Staraptor|0 fnt
|faint|p2a: Staraptor
|-damage|p1b: Blaziken|0 fnt|[from] Recoil
|faint|p1b: Blaziken
|
|win|brigadeiro gelado
