|j|☆bighamsterbaseball
|j|☆axolotlwooper
|html|bighamsterbaseballaxolotlwooper    
|uhtml|bestof|Game 3 of a best-of-3
|t:|1785617100
|gametype|doubles
|player|p1|bighamsterbaseball|pokemaniac|1275
|player|p2|axolotlwooper|linebacker|1217
|gen|9
|tier|[Gen 9 Champions] VGC 2026 Reg M-B (Bo3)
|rated|
|rule|Species Clause: Limit one of each Pokémon
|rule|Item Clause: Limit 1 of each item
|clearpoke
|poke|p1|Pyroar, L50, M|
|poke|p1|Scrafty, L50, F|
|poke|p1|Torkoal, L50, F|
|poke|p1|Farigiraf, L50, F|
|poke|p1|Sneasler, L50, F|
|poke|p1|Mamoswine, L50, M|
|poke|p2|Farigiraf, L50, F|
|poke|p2|Absol, L50, F|
|poke|p2|Blastoise, L50, F, shiny|
|poke|p2|Camerupt, L50, M|
|poke|p2|Tinkaton, L50, F|
|poke|p2|Vanilluxe, L50, F|
|teampreview|4
|showteam|p1|Pyroar||Pyroarite|Unnerve|HeatWave,Overheat,SolarBeam,Protect|Timid||M|||50|]Scrafty||Scraftinite|Intimidate|FakeOut,DrainPunch,KnockOff,IcePunch|Adamant||F|||50|]Torkoal||Leftovers|Drought|HeatWave,Yawn,HelpingHand,Protect|Relaxed||F|||50|]Farigiraf||SitrusBerry|ArmorTail|Psychic,HyperVoice,TrickRoom,NastyPlot|Sassy||F|||50|]Sneasler||LifeOrb|PoisonTouch|CloseCombat,PoisonJab,RockSlide,Protect|Adamant||F|||50|]Mamoswine||FocusSash|Oblivious|IceShard,HighHorsepower,FreezeDry,Protect|Rash||M|||50|
|showteam|p2|Farigiraf||SitrusBerry|ArmorTail|PsychicFangs,HyperVoice,BeatUp,TrickRoom|Relaxed||F|||50|]Absol||LifeOrb|Justified|RockSlide,SuckerPunch,CloseCombat,Protect|Brave||F|||50|]Blastoise||Blastoisinite|RainDish|WaterSpout,DarkPulse,AuraSphere,FakeOut|Quiet||F|||50|]Camerupt||Cameruptite|SolidRock|HeatWave,EarthPower,AncientPower,Protect|Quiet||M|||50|]Tinkaton||MetalCoat|MoldBreaker|GigatonHammer,PlayRough,Feint,FakeOut|Brave||F|||50|]Vanilluxe||NeverMeltIce|SnowWarning|Blizzard,FreezeDry,IceShard,Protect|Quiet||F|||50|
|inactive|Battle timer is ON: inactive players will automatically lose when time's up. (requested by axolotlwooper)
|inactive|bighamsterbaseball has 60 seconds left.
|
|t:|1785617149
|teamsize|p1|4
|teamsize|p2|4
|start
|switch|p1a: Farigiraf|Farigiraf, L50, F|100/100
|switch|p1b: Sneasler|Sneasler, L50, F|100/100
|switch|p2a: Farigiraf|Farigiraf, L50, F|100/100
|switch|p2b: Blastoise|Blastoise, L50, F, shiny|100/100
|turn|1
|inactive|bighamsterbaseball has 30 seconds left.
|inactive|bighamsterbaseball has 20 seconds left.
|
|t:|1785617184
|detailschange|p2b: Blastoise|Blastoise-Mega, L50, F, shiny
|-mega|p2b: Blastoise|Blastoise|Blastoisinite
|move|p1b: Sneasler|Poison Jab|p2b: Blastoise
|-crit|p2b: Blastoise
|-damage|p2b: Blastoise|25/100
|-damage|p1b: Sneasler|90/100|[from] item: Life Orb
|move|p2b: Blastoise|Dark Pulse|p1a: Farigiraf
|-supereffective|p1a: Farigiraf|1
|-damage|p1a: Farigiraf|33/100
|-enditem|p1a: Farigiraf|Sitrus Berry|[eat]
|-heal|p1a: Farigiraf|58/100|[from] item: Sitrus Berry
|move|p1a: Farigiraf|Nasty Plot|p1a: Farigiraf
|-boost|p1a: Farigiraf|spa|2
|move|p2a: Farigiraf|Trick Room|p2a: Farigiraf
|-fieldstart|move: Trick Room|[of] p2a: Farigiraf
|
|upkeep
|turn|2
|
|t:|1785617202
|switch|p1b: Torkoal|Torkoal, L50, F|100/100
|-weather|SunnyDay|[from] ability: Drought|[of] p1b: Torkoal
|move|p1a: Farigiraf|Hyper Voice|p2b: Blastoise|[spread] p2a,p2b
|-damage|p2a: Farigiraf|47/100
|-damage|p2b: Blastoise|0 fnt
|-enditem|p2a: Farigiraf|Sitrus Berry|[eat]
|-heal|p2a: Farigiraf|72/100|[from] item: Sitrus Berry
|faint|p2b: Blastoise
|move|p2a: Farigiraf|Hyper Voice|p1b: Torkoal|[spread] p1a,p1b
|-damage|p1a: Farigiraf|40/100
|-damage|p1b: Torkoal|72/100
|
|-weather|SunnyDay|[upkeep]
|-heal|p1b: Torkoal|78/100|[from] item: Leftovers
|upkeep
|
|t:|1785617219
|switch|p2b: Tinkaton|Tinkaton, L50, F|100/100
|-ability|p2b: Tinkaton|Mold Breaker
|turn|3
|
|t:|1785617233
|move|p2b: Tinkaton|Fake Out|p1b: Torkoal
|-damage|p1b: Torkoal|71/100
|cant|p1b: Torkoal|flinch
|move|p1a: Farigiraf|Hyper Voice|p2a: Farigiraf|[spread] p2a,p2b
|-resisted|p2b: Tinkaton|1
|-damage|p2a: Farigiraf|20/100y
|-damage|p2b: Tinkaton|74/100
|move|p2a: Farigiraf|Hyper Voice|p1a: Farigiraf|[spread] p1a,p1b
|-damage|p1a: Farigiraf|22/100
|-damage|p1b: Torkoal|42/100
|
|-weather|SunnyDay|[upkeep]
|-heal|p1b: Torkoal|48/100|[from] item: Leftovers
|upkeep
|turn|4
|
|t:|1785617251
|move|p1b: Torkoal|Heat Wave|p2b: Tinkaton|[spread] p2a,p2b
|-supereffective|p2b: Tinkaton|1
|-damage|p2a: Farigiraf|0 fnt
|-damage|p2b: Tinkaton|11/100
|faint|p2a: Farigiraf
|move|p1a: Farigiraf|Hyper Voice|p2b: Tinkaton
|-resisted|p2b: Tinkaton|1
|-damage|p2b: Tinkaton|0 fnt
|faint|p2b: Tinkaton
|
|-weather|SunnyDay|[upkeep]
|-heal|p1b: Torkoal|54/100|[from] item: Leftovers
|upkeep
|
|t:|1785617261
|switch|p2b: Vanilluxe|Vanilluxe, L50, F|100/100
|-weather|Snowscape|[from] ability: Snow Warning|[of] p2b: Vanilluxe
|turn|5
|
|t:|1785617271
|move|p2b: Vanilluxe|Protect|p2b: Vanilluxe
|-singleturn|p2b: Vanilluxe|Protect
|move|p1b: Torkoal|Heat Wave|p2b: Vanilluxe
|-activate|p2b: Vanilluxe|move: Protect
|move|p1a: Farigiraf|Psychic|p2b: Vanilluxe
|-activate|p2b: Vanilluxe|move: Protect
|
|-weather|Snowscape|[upkeep]
|-heal|p1b: Torkoal|61/100|[from] item: Leftovers
|-fieldend|move: Trick Room
|upkeep
|turn|6
|
|t:|1785617281
|move|p2b: Vanilluxe|Blizzard|p1a: Farigiraf|[spread] p1a,p1b
|-resisted|p1b: Torkoal|1
|-damage|p1a: Farigiraf|0 fnt
|-damage|p1b: Torkoal|32/100
|faint|p1a: Farigiraf
|move|p1b: Torkoal|Heat Wave|p2b: Vanilluxe
|-supereffective|p2b: Vanilluxe|1
|-damage|p2b: Vanilluxe|35/100
|-status|p2b: Vanilluxe|brn
|
|-weather|Snowscape|[upkeep]
|-heal|p1b: Torkoal|38/100|[from] item: Leftovers
|-damage|p2b: Vanilluxe|29/100 brn|[from] brn
|upkeep
|
|t:|1785617284
|switch|p1a: Sneasler|Sneasler, L50, F|90/100
|turn|7
|
|t:|1785617296
|move|p1b: Torkoal|Helping Hand|p1a: Sneasler
|-singleturn|p1a: Sneasler|Helping Hand|[of] p1b: Torkoal
|move|p2b: Vanilluxe|Protect|p2b: Vanilluxe
|-singleturn|p2b: Vanilluxe|Protect
|move|p1a: Sneasler|Close Combat|p2b: Vanilluxe
|-activate|p2b: Vanilluxe|move: Protect
|
|-weather|Snowscape|[upkeep]
|-heal|p1b: Torkoal|44/100|[from] item: Leftovers
|-damage|p2b: Vanilluxe|23/100 brn|[from] brn
|upkeep
|turn|8
|
|t:|1785617307
|move|p1b: Torkoal|Helping Hand|p1a: Sneasler
|-singleturn|p1a: Sneasler|Helping Hand|[of] p1b: Torkoal
|move|p1a: Sneasler|Close Combat|p2b: Vanilluxe
|-supereffective|p2b: Vanilluxe|1
|-damage|p2b: Vanilluxe|0 fnt
|-unboost|p1a: Sneasler|def|1
|-unboost|p1a: Sneasler|spd|1
|faint|p2b: Vanilluxe
|-damage|p1a: Sneasler|80/100|[from] item: Life Orb
|
|win|bighamsterbaseball
|raw|bighamsterbaseball's rating: 1275 → 1296(+21 for winning)
|raw|axolotlwooper's rating: 1217 → 1196(-21 for losing)
|l|☆axolotlwooper
|player|p2|
|l|☆bighamsterbaseball
|player|p1|
|j|☆bighamsterbaseball
|player|p1|bighamsterbaseball|pokemaniac|
