|j|☆1700 for rogue
|j|☆skipply
|html|1700 for rogueskipply    
|uhtml|bestof|Game 1 of a best-of-3
|t:|1756724046
|gametype|doubles
|player|p1|1700 for rogue|scientist-gen4|1225
|player|p2|skipply|266|1126
|gen|9
|tier|[Gen 9] VGC 2025 Reg H (Bo3)
|rated|
|rule|Species Clause: Limit one of each Pokémon
|rule|Item Clause: Limit 1 of each item
|clearpoke
|poke|p1|Grimmsnarl, L50, M|
|poke|p1|Baxcalibur, L50, F|
|poke|p1|Amoonguss, L50, F|
|poke|p1|Primarina, L50, M|
|poke|p1|Incineroar, L50, F|
|poke|p1|Corviknight, L50, M|
|poke|p2|Typhlosion-Hisui, L50, M|
|poke|p2|Arcanine-Hisui, L50, M|
|poke|p2|Incineroar, L50, M|
|poke|p2|Volcarona, L50, M|
|poke|p2|Torkoal, L50, F|
|poke|p2|Talonflame, L50, M|
|teampreview|4
|showteam|p1|Grimmsnarl||LightClay|Prankster|LightScreen,Reflect,SpiritBreak,Taunt|||M|||50|,,,,,Ghost]Baxcalibur||LoadedDice|ThermalExchange|IcicleSpear,GlaiveRush,DragonDance,Protect|||F|||50|,,,,,Fire]Amoonguss||CovertCloak|Regenerator|PollenPuff,Spore,RagePowder,Protect|||F|||50|,,,,,Water]Primarina||ThroatSpray|LiquidVoice|HyperVoice,Moonblast,CalmMind,Protect|||M|||50|,,,,,Steel]Incineroar||SitrusBerry|Intimidate|KnockOff,FlareBlitz,FakeOut,PartingShot|||F|||50|,,,,,Ghost]Corviknight||Leftovers|MirrorArmor|Roost,BulkUp,PowerTrip,BraveBird|||M|||50|,,,,,Water
|showteam|p2|Typhlosion-Hisui||ChoiceSpecs|Blaze|Eruption,HeatWave,Overheat,SleepTalk|||M|||50|,,,,,Fire]Arcanine-Hisui||ChoiceBand|RockHead|FlareBlitz,RockSlide,HeadSmash,ExtremeSpeed|||M|||50|,,,,,Water]Incineroar||SafetyGoggles|Intimidate|KnockOff,FakeOut,PartingShot,Protect|||M|||50|,,,,,Ghost]Volcarona||Leftovers|FlameBody|TeraBlast,GigaDrain,QuiverDance,Protect|||M|||50|,,,,,Fairy]Torkoal||EjectPack|Drought|Eruption,HelpingHand,Overheat,Protect|||F|||50|,,,,,Grass]Talonflame||CovertCloak|GaleWings|BraveBird,Tailwind,FlareBlitz,Protect|||M|||50|,,,,,Ghost
|inactive|Battle timer is ON: inactive players will automatically lose when time's up. (requested by 1700 for rogue)
|inactive|1700 for rogue has 60 seconds left.
|inactive|skipply has 60 seconds left.
|c|☆1700 for rogue|omni fire
|c|☆1700 for rogue|fun
|
|t:|1756724102
|teamsize|p1|4
|teamsize|p2|4
|start
|switch|p1a: Baxcalibur|Baxcalibur, L50, F|100/100
|switch|p1b: Grimmsnarl|Grimmsnarl, L50, M|100/100
|switch|p2a: Torkoal|Torkoal, L50, F|100/100
|switch|p2b: Typhlosion|Typhlosion-Hisui, L50, M|100/100
|-weather|SunnyDay|[from] ability: Drought|[of] p2a: Torkoal
|turn|1
|
|t:|1756724120
|-terastallize|p2b: Typhlosion|Fire
|move|p2a: Torkoal|Helping Hand|p2b: Typhlosion
|-singleturn|p2b: Typhlosion|Helping Hand|[of] p2a: Torkoal
|move|p1b: Grimmsnarl|Light Screen|p1b: Grimmsnarl
|-sidestart|p1: 1700 for rogue|move: Light Screen
|move|p2b: Typhlosion|Eruption|p1b: Grimmsnarl|[spread] p1a,p1b
|-damage|p1a: Baxcalibur|0 fnt
|-damage|p1b: Grimmsnarl|0 fnt
|faint|p1a: Baxcalibur
|faint|p1b: Grimmsnarl
|
|-weather|SunnyDay|[upkeep]
|upkeep
|
|t:|1756724129
|switch|p1a: Primarina|Primarina, L50, M|100/100
|switch|p1b: funny cat|Incineroar, L50, F|100/100
|-ability|p1b: funny cat|Intimidate|boost
|-unboost|p2a: Torkoal|atk|1
|-unboost|p2b: Typhlosion|atk|1
|-enditem|p2a: Torkoal|Eject Pack
|c|☆skipply|Well
|
|t:|1756724139
|switch|p2a: Incineroar|Incineroar, L50, M|100/100
|-ability|p2a: Incineroar|Intimidate|boost
|-unboost|p1a: Primarina|atk|1
|-unboost|p1b: funny cat|atk|1
|turn|2
|
|t:|1756724147
|move|p2a: Incineroar|Fake Out|p1a: Primarina
|-damage|p1a: Primarina|87/100
|move|p1b: funny cat|Fake Out|p2b: Typhlosion
|-damage|p2b: Typhlosion|88/100
|cant|p2b: Typhlosion|flinch
|cant|p1a: Primarina|flinch
|
|-weather|SunnyDay|[upkeep]
|upkeep
|turn|3
|
|t:|1756724166
|move|p1a: Primarina|Protect|p1a: Primarina
|-singleturn|p1a: Primarina|Protect
|move|p2b: Typhlosion|Eruption|p1b: funny cat|[spread] p1b
|-activate|p1a: Primarina|move: Protect
|-resisted|p1b: funny cat
|-damage|p1b: funny cat|60/100
|move|p2a: Incineroar|Parting Shot|p1a: Primarina
|-activate|p1a: Primarina|move: Protect
|move|p1b: funny cat|Knock Off|p2b: Typhlosion
|-damage|p2b: Typhlosion|46/100
|-enditem|p2b: Typhlosion|Choice Specs|[from] move: Knock Off|[of] p1b: funny cat
|
|-weather|SunnyDay|[upkeep]
|upkeep
|turn|4
|
|t:|1756724183
|move|p2b: Typhlosion|Overheat|p1a: Primarina
|-resisted|p1a: Primarina
|-damage|p1a: Primarina|44/100
|-unboost|p2b: Typhlosion|spa|2
|move|p2a: Incineroar|Parting Shot|p1a: Primarina
|-unboost|p1a: Primarina|atk|1
|-unboost|p1a: Primarina|spa|1
|
|t:|1756724192
|switch|p2a: Torkoal|Torkoal, L50, F|100/100|[from] Parting Shot
|move|p1a: Primarina|Hyper Voice|p2b: Typhlosion|[spread] p2a,p2b
|-supereffective|p2a: Torkoal
|-supereffective|p2b: Typhlosion
|-damage|p2a: Torkoal|69/100
|-damage|p2b: Typhlosion|16/100
|-enditem|p1a: Primarina|Throat Spray
|-boost|p1a: Primarina|spa|1|[from] item: Throat Spray
|move|p1b: funny cat|Flare Blitz|p2a: Torkoal
|-resisted|p2a: Torkoal
|-crit|p2a: Torkoal
|-damage|p2a: Torkoal|27/100
|-damage|p1b: funny cat|48/100|[from] Recoil
|-enditem|p1b: funny cat|Sitrus Berry|[eat]
|-heal|p1b: funny cat|73/100|[from] item: Sitrus Berry
|
|-weather|SunnyDay|[upkeep]
|upkeep
|turn|5
|
|t:|1756724216
|switch|p2b: Incineroar|Incineroar, L50, M|100/100
|-ability|p2b: Incineroar|Intimidate|boost
|-unboost|p1a: Primarina|atk|1
|-unboost|p1b: funny cat|atk|1
|move|p2a: Torkoal|Protect|p2a: Torkoal
|-singleturn|p2a: Torkoal|Protect
|move|p1b: funny cat|Flare Blitz|p2a: Torkoal
|-activate|p2a: Torkoal|move: Protect
|move|p1a: Primarina|Hyper Voice|p2a: Torkoal|[spread] p2b
|-activate|p2a: Torkoal|move: Protect
|-supereffective|p2b: Incineroar
|-damage|p2b: Incineroar|69/100
|
|-weather|none
|upkeep
|turn|6
|
|t:|1756724233
|switch|p2a: Arcanine|Arcanine-Hisui, L50, M|100/100
|move|p2b: Incineroar|Fake Out|p1a: Primarina
|-damage|p1a: Primarina|32/100
|cant|p1a: Primarina|flinch
|move|p1b: funny cat|Flare Blitz|p2b: Incineroar
|-resisted|p2b: Incineroar
|-damage|p2b: Incineroar|59/100
|-damage|p1b: funny cat|70/100|[from] Recoil
|
|upkeep
|turn|7
|-message|1700 for rogue forfeited.
|
|win|skipply
