|j|‽Gigkgjgkkhkgkg
|j|☆kharnvgc
|html|Gigkgjgkkhkgkgkharnvgc    
|uhtml|bestof|Game 1 of a best-of-3
|t:|1785093627
|gametype|doubles
|player|p1|Gigkgjgkkhkgkg|ingo|1056
|player|p2|kharnvgc|veteran|1083
|gen|9
|tier|[Gen 9 Champions] VGC 2026 Reg M-B (Bo3)
|rated|
|rule|Species Clause: Limit one of each Pokémon
|rule|Item Clause: Limit 1 of each item
|clearpoke
|poke|p1|Mawile, L50, F|
|poke|p1|Farigiraf, L50, M|
|poke|p1|Incineroar, L50, M|
|poke|p1|Milotic, L50, M|
|poke|p1|Sinistcha, L50|
|poke|p1|Kingambit, L50, M|
|poke|p2|Excadrill, L50, M|
|poke|p2|Garchomp, L50, F|
|poke|p2|Tyranitar, L50, M|
|poke|p2|Houndstone, L50, M|
|poke|p2|Sylveon, L50, F|
|poke|p2|Milotic, L50, F|
|teampreview|4
|showteam|p1|Mawile||Mawilite|Intimidate|PlayRough,IronHead,SuckerPunch,Protect|Brave||F|||50|]Farigiraf||FocusSash|ArmorTail|TrickRoom,HyperVoice,HelpingHand,Psychic|Quiet||M|||50|]Incineroar||SitrusBerry|Intimidate|FakeOut,PartingShot,FlareBlitz,ThroatChop|Adamant||M|||50|]Milotic||Leftovers|Competitive|IcyWind,Scald,LifeDew,Protect|Modest||M|||50|]Sinistcha||OccaBerry|Hospitality|TrickRoom,RagePowder,MatchaGotcha,ShadowBall|Relaxed|||||50|]Kingambit||BlackGlasses|Defiant|KowtowCleave,SuckerPunch,LowKick,Protect|Adamant||M|||50|
|showteam|p2|Excadrill||Excadrite|SandRush|Protect,IronHead,RockSlide,HighHorsepower|Serious||M|||50|]Garchomp||LifeOrb|SandVeil|Protect,RockSlide,DragonClaw,StompingTantrum|Jolly||F|||50|]Tyranitar||Tyranitarite|SandStream|Protect,RockSlide,BrickBreak,KnockOff|Adamant||M|||50|]Houndstone||SitrusBerry|SandRush|Snarl,WillOWisp,Poltergeist,LastRespects|Impish||M|||50|]Sylveon||FairyFeather|Pixilate|Protect,BabyDollEyes,HyperBeam,HyperVoice|Modest||F|||50|]Milotic||Leftovers|Competitive|Protect,Coil,Hypnosis,MuddyWater|Bold||F|||50|
|inactive|Battle timer is ON: inactive players will automatically lose when time's up. (requested by Gigkgjgkkhkgkg)
|inactive|kharnvgc has 60 seconds left.
|
|t:|1785093665
|teamsize|p1|4
|teamsize|p2|4
|start
|switch|p1a: Sinistcha|Sinistcha, L50|100/100
|switch|p1b: Incineroar|Incineroar, L50, M|100/100
|switch|p2a: Milotic|Milotic, L50, F|100/100
|switch|p2b: Houndstone|Houndstone, L50, M|100/100
|-ability|p1b: Incineroar|Intimidate|boost
|-unboost|p2a: Milotic|atk|1
|-ability|p2a: Milotic|Competitive|boost
|-boost|p2a: Milotic|spa|2
|-unboost|p2b: Houndstone|atk|1
|turn|1
|
|t:|1785093686
|move|p2a: Milotic|Protect|p2a: Milotic
|-singleturn|p2a: Milotic|Protect
|move|p1b: Incineroar|Fake Out|p2a: Milotic
|-activate|p2a: Milotic|move: Protect
|move|p2b: Houndstone|Snarl|p1a: Sinistcha|[spread] p1a,p1b
|-supereffective|p1a: Sinistcha|1
|-resisted|p1b: Incineroar|1
|-damage|p1a: Sinistcha|88/100
|-damage|p1b: Incineroar|98/100
|-unboost|p1a: Sinistcha|spa|1
|-unboost|p1b: Incineroar|spa|1
|move|p1a: Sinistcha|Trick Room|p1a: Sinistcha
|-fieldstart|move: Trick Room|[of] p1a: Sinistcha
|
|upkeep
|turn|2
|
|t:|1785093709
|move|p1b: Incineroar|Parting Shot|p2b: Houndstone
|-unboost|p2b: Houndstone|atk|1
|-unboost|p2b: Houndstone|spa|1
|
|t:|1785093712
|switch|p1b: Kingambit|Kingambit, L50, M|100/100|[from] Parting Shot
|move|p1a: Sinistcha|Matcha Gotcha|p2a: Milotic|[spread] p2a
|-miss|p1a: Sinistcha|p2b: Houndstone
|-supereffective|p2a: Milotic|1
|-damage|p2a: Milotic|70/100
|-heal|p1a: Sinistcha|100/100|[from] drain|[of] p2a: Milotic
|move|p2b: Houndstone|Poltergeist|p1a: Sinistcha
|-activate|p1a: Sinistcha|move: Poltergeist|Occa Berry
|-supereffective|p1a: Sinistcha|1
|-damage|p1a: Sinistcha|68/100
|move|p2a: Milotic|Muddy Water|p1a: Sinistcha|[spread] p1a,p1b
|-resisted|p1a: Sinistcha|1
|-damage|p1a: Sinistcha|43/100
|-damage|p1b: Kingambit|52/100
|
|-heal|p2a: Milotic|76/100|[from] item: Leftovers
|upkeep
|turn|3
|inactive|kharnvgc has 30 seconds left.
|
|t:|1785093742
|switch|p2b: Tyranitar|Tyranitar, L50, M|100/100
|-weather|Sandstorm|[from] ability: Sand Stream|[of] p2b: Tyranitar
|move|p2a: Milotic|Protect|p2a: Milotic
|-singleturn|p2a: Milotic|Protect
|move|p1b: Kingambit|Kowtow Cleave|p2b: Tyranitar
|-resisted|p2b: Tyranitar|1
|-damage|p2b: Tyranitar|72/100
|move|p1a: Sinistcha|Matcha Gotcha|p2a: Milotic|[spread] p2b
|-activate|p2a: Milotic|move: Protect
|-supereffective|p2b: Tyranitar|1
|-damage|p2b: Tyranitar|51/100
|-heal|p1a: Sinistcha|53/100|[from] drain|[of] p2b: Tyranitar
|
|-weather|Sandstorm|[upkeep]
|-damage|p1a: Sinistcha|47/100|[from] Sandstorm
|-damage|p2a: Milotic|70/100|[from] Sandstorm
|-heal|p2a: Milotic|76/100|[from] item: Leftovers
|upkeep
|turn|4
|
|t:|1785093764
|move|p2b: Tyranitar|Protect|p2b: Tyranitar
|-singleturn|p2b: Tyranitar|Protect
|move|p1b: Kingambit|Kowtow Cleave|p2a: Milotic
|-damage|p2a: Milotic|22/100
|move|p1a: Sinistcha|Matcha Gotcha|p2a: Milotic|[spread] p2a
|-activate|p2b: Tyranitar|move: Protect
|-supereffective|p2a: Milotic|1
|-damage|p2a: Milotic|0 fnt
|-heal|p1a: Sinistcha|58/100|[from] drain|[of] p2a: Milotic
|faint|p2a: Milotic
|
|-weather|Sandstorm|[upkeep]
|-damage|p1a: Sinistcha|52/100|[from] Sandstorm
|upkeep
|
|t:|1785093780
|switch|p2a: Houndstone|Houndstone, L50, M|100/100
|turn|5
|inactive|Gigkgjgkkhkgkg has 30 seconds left.
|inactive|kharnvgc has 30 seconds left.
|
|t:|1785093813
|switch|p1a: Mawile|Mawile, L50, F|100/100
|-ability|p1a: Mawile|Intimidate|boost
|-unboost|p2a: Houndstone|atk|1
|-unboost|p2b: Tyranitar|atk|1
|switch|p2b: Excadrill|Excadrill, L50, M|100/100
|move|p1b: Kingambit|Kowtow Cleave|p2a: Houndstone
|-supereffective|p2a: Houndstone|1
|-damage|p2a: Houndstone|10/100
|-enditem|p2a: Houndstone|Sitrus Berry|[eat]
|-heal|p2a: Houndstone|35/100|[from] item: Sitrus Berry
|move|p2a: Houndstone|Will-O-Wisp|p1b: Kingambit|[miss]
|-miss|p2a: Houndstone|p1b: Kingambit
|
|-weather|Sandstorm|[upkeep]
|-fieldend|move: Trick Room
|upkeep
|turn|6
|inactive|Gigkgjgkkhkgkg has 30 seconds left.
|inactive|Gigkgjgkkhkgkg has 20 seconds left.
|
|t:|1785093848
|switch|p1a: Sinistcha|Sinistcha, L50|52/100
|-heal|p1b: Kingambit|76/100|[from] ability: Hospitality|[of] p1a: Sinistcha
|detailschange|p2b: Excadrill|Excadrill-Mega, L50, M
|-mega|p2b: Excadrill|Excadrill|Excadrite
|move|p1b: Kingambit|Protect|p1b: Kingambit
|-singleturn|p1b: Kingambit|Protect
|move|p2a: Houndstone|Will-O-Wisp|p1b: Kingambit
|-activate|p1b: Kingambit|move: Protect
|move|p2b: Excadrill|High Horsepower|p1a: Sinistcha|[miss]
|-miss|p2b: Excadrill|p1a: Sinistcha
|
|-weather|Sandstorm|[upkeep]
|-damage|p1a: Sinistcha|46/100|[from] Sandstorm
|upkeep
|turn|7
|inactive|kharnvgc has 30 seconds left.
|inactive|kharnvgc has 20 seconds left.
|inactive|kharnvgc has 15 seconds left.
|
|t:|1785093892
|switch|p1b: Incineroar|Incineroar, L50, M|98/100
|-ability|p1b: Incineroar|Intimidate|boost
|-unboost|p2a: Houndstone|atk|1
|-unboost|p2b: Excadrill|atk|1
|move|p2a: Houndstone|Will-O-Wisp|p1a: Sinistcha
|-status|p1a: Sinistcha|brn
|move|p2b: Excadrill|Iron Head|p1a: Sinistcha
|-damage|p1a: Sinistcha|22/100 brn
|cant|p1a: Sinistcha|flinch
|
|-weather|none
|-damage|p1a: Sinistcha|16/100 brn|[from] brn
|upkeep
|turn|8
|
|t:|1785093920
|switch|p2b: Tyranitar|Tyranitar, L50, M|51/100
|-weather|Sandstorm|[from] ability: Sand Stream|[of] p2b: Tyranitar
|move|p1b: Incineroar|Fake Out|p2b: Tyranitar
|-resisted|p2b: Tyranitar|1
|-damage|p2b: Tyranitar|46/100
|move|p2a: Houndstone|Poltergeist|p1a: Sinistcha|[miss]
|-miss|p2a: Houndstone|p1a: Sinistcha
|move|p1a: Sinistcha|Trick Room|p1a: Sinistcha
|-fieldstart|move: Trick Room|[of] p1a: Sinistcha
|
|-weather|Sandstorm|[upkeep]
|-damage|p1b: Incineroar|92/100|[from] Sandstorm
|-damage|p1a: Sinistcha|10/100 brn|[from] Sandstorm
|-damage|p1a: Sinistcha|3/100 brn|[from] brn
|upkeep
|turn|9
|j| dondiri
|inactive|kharnvgc has 30 seconds left.
|
|t:|1785093949
|switch|p2a: Excadrill|Excadrill-Mega, L50, M|100/100
|move|p1b: Incineroar|Throat Chop|p2a: Excadrill
|-damage|p2a: Excadrill|67/100
|-start|p2a: Excadrill|Throat Chop|[silent]
|move|p1a: Sinistcha|Matcha Gotcha|p2a: Excadrill|[spread] p2a,p2b
|-supereffective|p2b: Tyranitar|1
|-damage|p2a: Excadrill|40/100
|-heal|p1a: Sinistcha|19/100 brn|[from] drain|[of] p2a: Excadrill
|-damage|p2b: Tyranitar|18/100
|-heal|p1a: Sinistcha|33/100 brn|[from] drain|[of] p2b: Tyranitar
|move|p2b: Tyranitar|Brick Break|p1b: Incineroar
|-supereffective|p1b: Incineroar|1
|-damage|p1b: Incineroar|36/100
|-enditem|p1b: Incineroar|Sitrus Berry|[eat]
|-heal|p1b: Incineroar|61/100|[from] item: Sitrus Berry
|
|-weather|Sandstorm|[upkeep]
|-damage|p1b: Incineroar|55/100|[from] Sandstorm
|-damage|p1a: Sinistcha|27/100 brn|[from] Sandstorm
|-damage|p1a: Sinistcha|21/100 brn|[from] brn
|upkeep
|turn|10
|-message|kharnvgc forfeited.
|
|win|Gigkgjgkkhkgkg
|l|‽Gigkgjgkkhkgkg
|player|p1|
||kharnvgc is ready for game 2.
||Gigkgjgkkhkgkg is ready for game 2.
|uhtml|next|Next: Game 2 of 3
