|j|☆Martzone
|j|☆MrGhost1724
|html|MartzoneMrGhost1724    
|uhtml|bestof|Game 3 of a best-of-3
|t:|1782208216
|gametype|doubles
|player|p1|Martzone|2|1096
|player|p2|MrGhost1724|hilbert|1188
|gen|9
|tier|[Gen 9 Champions] VGC 2026 Reg M-B (Bo3)
|rated|
|rule|Species Clause: Limit one of each Pokémon
|rule|Item Clause: Limit 1 of each item
|clearpoke
|poke|p1|Blaziken, L50, M|
|poke|p1|Metagross, L50|
|poke|p1|Whimsicott, L50, M|
|poke|p1|Hydreigon, L50, F|
|poke|p1|Farigiraf, L50, F|
|poke|p1|Basculegion, L50, M|
|poke|p2|Dragonite, L50, F|
|poke|p2|Sylveon, L50, F|
|poke|p2|Metagross, L50|
|poke|p2|Incineroar, L50, M|
|poke|p2|Farigiraf, L50, M|
|poke|p2|Basculegion, L50, M|
|teampreview|4
|showteam|p1|Blaziken||Blazikenite|SpeedBoost|CloseCombat,FlareBlitz,RockSlide,Protect|Adamant||M|||50|]Metagross||Metagrossite|ClearBody|PsychicFangs,IronHead,StompingTantrum,Protect|Jolly|||||50|]Whimsicott||FocusSash|Prankster|Moonblast,EnergyBall,Tailwind,Protect|Timid||M|||50|]Hydreigon||ChoiceScarf|Levitate|DracoMeteor,DarkPulse,Snarl,EarthPower|Modest||F|||50|]Farigiraf||SitrusBerry|ArmorTail|Psychic,Thunderbolt,Roar,TrickRoom|Bold||F|||50|]Basculegion||LifeOrb|Adaptability|LastRespects,WaveCrash,AquaJet,Protect|Adamant||M|||50|
|showteam|p2|Dragonite||Dragoninite|Multiscale|DragonPulse,Flamethrower,IceBeam,Protect|Modest||F|||50|]Sylveon||FairyFeather|Pixilate|HyperVoice,Protect,HyperBeam,Round|Modest||F|||50|]Metagross||Metagrossite|ClearBody|PsychicFangs,IronHead,StompingTantrum,Protect|Jolly|||||50|]Incineroar||SitrusBerry|Intimidate|FakeOut,PartingShot,ThroatChop,FlareBlitz|Careful||M|||50|]Farigiraf||LumBerry|ArmorTail|TrickRoom,Psychic,HelpingHand,Thunderbolt|Sassy||M|||50|]Basculegion||ChoiceScarf|SwiftSwim|FlipTurn,WaveCrash,LastRespects,AquaJet|Jolly||M|||50|
|inactive|Battle timer is ON: inactive players will automatically lose when time's up. (requested by MrGhost1724)
|
|t:|1782208238
|teamsize|p1|4
|teamsize|p2|4
|start
|switch|p1a: Whimsicott|Whimsicott, L50, M|100/100
|switch|p1b: Hydreigon|Hydreigon, L50, F|100/100
|switch|p2a: Incineroar|Incineroar, L50, M|100/100
|switch|p2b: Farigiraf|Farigiraf, L50, M|100/100
|-ability|p2a: Incineroar|Intimidate|boost
|-unboost|p1a: Whimsicott|atk|1
|-unboost|p1b: Hydreigon|atk|1
|turn|1
|
|t:|1782208258
|move|p2a: Incineroar|Fake Out|p1b: Hydreigon
|-damage|p1b: Hydreigon|88/100
|cant|p1b: Hydreigon|flinch
|move|p1a: Whimsicott|Moonblast|p2b: Farigiraf
|-crit|p2b: Farigiraf
|-damage|p2b: Farigiraf|60/100
|move|p2b: Farigiraf|Trick Room|p2b: Farigiraf
|-fieldstart|move: Trick Room|[of] p2b: Farigiraf
|
|upkeep
|turn|2
|
|t:|1782208271
|move|p1a: Whimsicott|Protect|p1a: Whimsicott
|-singleturn|p1a: Whimsicott|Protect
|move|p2b: Farigiraf|Psychic|p1a: Whimsicott
|-activate|p1a: Whimsicott|move: Protect
|move|p2a: Incineroar|Parting Shot|p1b: Hydreigon
|-unboost|p1b: Hydreigon|atk|1
|-unboost|p1b: Hydreigon|spa|1
|
|t:|1782208273
|switch|p2a: Sylveon|Sylveon, L50, F|100/100|[from] Parting Shot
|move|p1b: Hydreigon|Snarl|p2b: Farigiraf|[spread] p2a,p2b
|-resisted|p2a: Sylveon|1
|-supereffective|p2b: Farigiraf|1
|-damage|p2a: Sylveon|95/100
|-damage|p2b: Farigiraf|35/100
|-unboost|p2a: Sylveon|spa|1
|-unboost|p2b: Farigiraf|spa|1
|
|upkeep
|turn|3
|
|t:|1782208294
|switch|p2b: Incineroar|Incineroar, L50, M|100/100
|-ability|p2b: Incineroar|Intimidate|boost
|-unboost|p1a: Whimsicott|atk|1
|-unboost|p1b: Hydreigon|atk|1
|switch|p1b: Metagross|Metagross, L50|100/100
|move|p2a: Sylveon|Hyper Voice|p1a: Whimsicott|[spread] p1a,p1b
|-resisted|p1b: Metagross|1
|-damage|p1a: Whimsicott|42/100
|-damage|p1b: Metagross|83/100
|move|p1a: Whimsicott|Moonblast|p2b: Incineroar
|-damage|p2b: Incineroar|72/100
|
|upkeep
|turn|4
|
|t:|1782208317
|switch|p1a: Basculegion|Basculegion, L50, M|100/100
|move|p2a: Sylveon|Hyper Voice|p1a: Basculegion|[spread] p1a,p1b
|-crit|p1a: Basculegion
|-resisted|p1b: Metagross|1
|-damage|p1a: Basculegion|16/100
|-damage|p1b: Metagross|64/100
|move|p2b: Incineroar|Flare Blitz|p1b: Metagross
|-supereffective|p1b: Metagross|1
|-damage|p1b: Metagross|0 fnt
|faint|p1b: Metagross
|-damage|p2b: Incineroar|55/100|[from] Recoil
|
|upkeep
|
|t:|1782208327
|switch|p1b: Whimsicott|Whimsicott, L50, M|42/100
|turn|5
|
|t:|1782208350
|switch|p2b: Metagross|Metagross, L50|100/100
|move|p1a: Basculegion|Protect|p1a: Basculegion
|-singleturn|p1a: Basculegion|Protect
|move|p1b: Whimsicott|Tailwind|p1b: Whimsicott
|-sidestart|p1: Martzone|move: Tailwind
|move|p2a: Sylveon|Hyper Voice|p1a: Basculegion|[spread] p1b
|-activate|p1a: Basculegion|move: Protect
|-damage|p1b: Whimsicott|0 fnt
|faint|p1b: Whimsicott
|
|-fieldend|move: Trick Room
|upkeep
|
|t:|1782208359
|switch|p1b: Hydreigon|Hydreigon, L50, F|88/100
|turn|6
|
|t:|1782208363
|detailschange|p2b: Metagross|Metagross-Mega, L50
|-mega|p2b: Metagross|Metagross|Metagrossite
|move|p1b: Hydreigon|Dark Pulse|p2b: Metagross
|-supereffective|p2b: Metagross|1
|-damage|p2b: Metagross|12/100
|move|p1a: Basculegion|Last Respects|p2a: Sylveon
|-damage|p2a: Sylveon|0 fnt
|faint|p2a: Sylveon
|-damage|p1a: Basculegion|7/100|[from] item: Life Orb
|cant|p2b: Metagross|flinch
|
|upkeep
|
|t:|1782208377
|switch|p2a: Farigiraf|Farigiraf, L50, M|35/100
|turn|7
|
|t:|1782208388
|move|p2b: Metagross|Protect|p2b: Metagross
|-singleturn|p2b: Metagross|Protect
|move|p1b: Hydreigon|Dark Pulse|p2a: Farigiraf
|-supereffective|p2a: Farigiraf|1
|-damage|p2a: Farigiraf|0 fnt
|faint|p2a: Farigiraf
|move|p1a: Basculegion|Last Respects|p2b: Metagross
|-activate|p2b: Metagross|move: Protect
|
|upkeep
|
|t:|1782208390
|switch|p2a: Incineroar|Incineroar, L50, M|55/100
|-ability|p2a: Incineroar|Intimidate|boost
|-unboost|p1a: Basculegion|atk|1
|-unboost|p1b: Hydreigon|atk|1
|turn|8
|
|t:|1782208396
|move|p2a: Incineroar|Fake Out|p1b: Hydreigon
|-damage|p1b: Hydreigon|76/100
|cant|p1b: Hydreigon|flinch
|move|p1a: Basculegion|Last Respects|p2b: Metagross
|-supereffective|p2b: Metagross|1
|-damage|p2b: Metagross|0 fnt
|faint|p2b: Metagross
|-damage|p1a: Basculegion|0 fnt|[from] item: Life Orb
|faint|p1a: Basculegion
|
|-sideend|p1: Martzone|move: Tailwind
|upkeep
|turn|9
|
|t:|1782208405
|move|p1b: Hydreigon|Dark Pulse|p2a: Incineroar
|-resisted|p2a: Incineroar|1
|-damage|p2a: Incineroar|37/100
|-enditem|p2a: Incineroar|Sitrus Berry|[eat]
|-heal|p2a: Incineroar|62/100|[from] item: Sitrus Berry
|move|p2a: Incineroar|Throat Chop|p1b: Hydreigon
|-resisted|p1b: Hydreigon|1
|-damage|p1b: Hydreigon|59/100
|-start|p1b: Hydreigon|Throat Chop|[silent]
|
|upkeep
|turn|10
|
|t:|1782208414
|move|p1b: Hydreigon|Dark Pulse|p2a: Incineroar
|-resisted|p2a: Incineroar|1
|-damage|p2a: Incineroar|45/100
|move|p2a: Incineroar|Throat Chop|p1b: Hydreigon
|-resisted|p1b: Hydreigon|1
|-damage|p1b: Hydreigon|42/100
|
|-end|p1b: Hydreigon|Throat Chop|[silent]
|upkeep
|turn|11
|
|t:|1782208420
|move|p1b: Hydreigon|Dark Pulse|p2a: Incineroar
|-resisted|p2a: Incineroar|1
|-damage|p2a: Incineroar|27/100
|move|p2a: Incineroar|Throat Chop|p1b: Hydreigon
|-resisted|p1b: Hydreigon|1
|-damage|p1b: Hydreigon|25/100
|-start|p1b: Hydreigon|Throat Chop|[silent]
|
|upkeep
|turn|12
|
|t:|1782208426
|move|p1b: Hydreigon|Dark Pulse|p2a: Incineroar
|-resisted|p2a: Incineroar|1
|-damage|p2a: Incineroar|9/100
|cant|p2a: Incineroar|flinch
|
|-end|p1b: Hydreigon|Throat Chop|[silent]
|upkeep
|turn|13
|
|t:|1782208431
|move|p1b: Hydreigon|Dark Pulse|p2a: Incineroar
|-resisted|p2a: Incineroar|1
|-damage|p2a: Incineroar|0 fnt
|faint|p2a: Incineroar
|
|win|Martzone
|raw|Martzone's rating: 1096 → 1128(+32 for winning)
|raw|MrGhost1724's rating: 1188 → 1157(-31 for losing)
|l|☆MrGhost1724
|player|p2|
