|j|☆kimaxvgc
|j|☆BVSelf
|html|kimaxvgcBVSelf    
|uhtml|bestof|Game 3 of a best-of-3
|t:|1784015737
|gametype|doubles
|player|p1|kimaxvgc|170|1269
|player|p2|BVSelf|benga|1390
|gen|9
|tier|[Gen 9 Champions] VGC 2026 Reg M-B (Bo3)
|rated|
|rule|Species Clause: Limit one of each Pokémon
|rule|Item Clause: Limit 1 of each item
|clearpoke
|poke|p1|Raichu, L50, F, shiny|
|poke|p1|Milotic, L50, M, shiny|
|poke|p1|Ceruledge, L50, M|
|poke|p1|Scrafty, L50, F|
|poke|p1|Sinistcha, L50|
|poke|p1|Sneasler, L50, F|
|poke|p2|Sneasler, L50, M|
|poke|p2|Sinistcha, L50|
|poke|p2|Incineroar, L50, F|
|poke|p2|Kingambit, L50, F|
|poke|p2|Delphox, L50, M|
|poke|p2|Blastoise, L50, F|
|teampreview|4
|showteam|p1|Raichu||RaichuniteY|LightningRod|ZapCannon,FocusBlast,Protect,FakeOut|Timid||F|||50|]Milotic||Leftovers|Competitive|MuddyWater,Coil,Protect,Hypnosis|Calm||M|||50|]Ceruledge||ColburBerry|FlashFire|BitterBlade,ShadowSneak,Protect,BulkUp|Adamant||M|||50|]Scrafty||Scraftinite|Intimidate|KnockOff,DrainPunch,SwordsDance,FakeOut|Adamant||F|||50|]Sinistcha||CobaBerry|Hospitality|MatchaGotcha,LifeDew,Protect,RagePowder|Relaxed|||||50|]Sneasler||LifeOrb|PoisonTouch|DireClaw,CloseCombat,Protect,RockSlide|Adamant||F|||50|
|showteam|p2|Sneasler||FocusSash|PoisonTouch|CloseCombat,DireClaw,FakeOut,QuickGuard|Jolly||M|||50|]Sinistcha||OccaBerry|Hospitality|MatchaGotcha,RagePowder,TrickRoom,Protect|Bold|||||50|]Incineroar||SitrusBerry|Intimidate|FlareBlitz,DarkestLariat,PartingShot,FakeOut|Careful||F|||50|]Kingambit||BlackGlasses|Defiant|KowtowCleave,SwordsDance,SuckerPunch,Protect|Adamant||F|||50|]Delphox||Delphoxite|Blaze|HeatWave,Psyshock,NastyPlot,Protect|Timid||M|||50|]Blastoise||Blastoisinite|RainDish|WaterSpout,DarkPulse,ShellSmash,Protect|Modest||F|||50|
|
|t:|1784015756
|teamsize|p1|4
|teamsize|p2|4
|start
|switch|p1a: Ceruledge|Ceruledge, L50, M|100/100
|switch|p1b: Raichu|Raichu, L50, F, shiny|100/100
|switch|p2a: Sinistcha|Sinistcha, L50|100/100
|switch|p2b: Blastoise|Blastoise, L50, F|100/100
|turn|1
|inactive|Battle timer is ON: inactive players will automatically lose when time's up. (requested by kimaxvgc)
|
|t:|1784015776
|switch|p2a: Incineroar|Incineroar, L50, F|100/100
|-ability|p2a: Incineroar|Intimidate|boost
|-unboost|p1a: Ceruledge|atk|1
|-unboost|p1b: Raichu|atk|1
|detailschange|p1b: Raichu|Raichu-Mega-Y, L50, F, shiny
|-mega|p1b: Raichu|Raichu|Raichunite Y
|move|p2b: Blastoise|Protect|p2b: Blastoise
|-singleturn|p2b: Blastoise|Protect
|move|p1b: Raichu|Fake Out|p2b: Blastoise
|-activate|p2b: Blastoise|move: Protect
|move|p1a: Ceruledge|Shadow Sneak|p2a: Incineroar
|-resisted|p2a: Incineroar|1
|-damage|p2a: Incineroar|94/100
|
|upkeep
|turn|2
|
|t:|1784015799
|switch|p1a: Sinistcha|Sinistcha, L50|100/100
|detailschange|p2b: Blastoise|Blastoise-Mega, L50, F
|-mega|p2b: Blastoise|Blastoise|Blastoisinite
|move|p2a: Incineroar|Fake Out|p1b: Raichu
|-damage|p1b: Raichu|82/100
|cant|p1b: Raichu|flinch
|move|p2b: Blastoise|Water Spout|p1a: Sinistcha|[spread] p1a,p1b
|-resisted|p1a: Sinistcha|1
|-damage|p1a: Sinistcha|61/100
|-damage|p1b: Raichu|0 fnt
|faint|p1b: Raichu
|
|upkeep
|
|t:|1784015812
|switch|p1b: Milotic|Milotic, L50, M, shiny|100/100
|turn|3
|
|t:|1784015822
|move|p1a: Sinistcha|Protect|p1a: Sinistcha
|-singleturn|p1a: Sinistcha|Protect
|move|p2b: Blastoise|Dark Pulse|p1a: Sinistcha
|-activate|p1a: Sinistcha|move: Protect
|move|p1b: Milotic|Coil|p1b: Milotic
|-boost|p1b: Milotic|atk|1
|-boost|p1b: Milotic|def|1
|-boost|p1b: Milotic|accuracy|1
|move|p2a: Incineroar|Parting Shot|p1a: Sinistcha
|-activate|p1a: Sinistcha|move: Protect
|
|upkeep
|turn|4
|inactive|kimaxvgc has 30 seconds left.
|
|t:|1784015851
|move|p2b: Blastoise|Dark Pulse|p1a: Sinistcha
|-supereffective|p1a: Sinistcha|1
|-damage|p1a: Sinistcha|0 fnt
|faint|p1a: Sinistcha
|move|p1b: Milotic|Hypnosis|p2b: Blastoise|[miss]
|-miss|p1b: Milotic|p2b: Blastoise
|move|p2a: Incineroar|Darkest Lariat|p1b: Milotic
|-damage|p1b: Milotic|68/100
|
|-heal|p1b: Milotic|74/100|[from] item: Leftovers
|upkeep
|
|t:|1784015860
|switch|p1a: Ceruledge|Ceruledge, L50, M|100/100
|turn|5
|
|t:|1784015873
|switch|p2a: Sneasler|Sneasler, L50, M|100/100
|move|p2b: Blastoise|Protect|p2b: Blastoise
|-singleturn|p2b: Blastoise|Protect
|move|p1a: Ceruledge|Protect|p1a: Ceruledge
|-singleturn|p1a: Ceruledge|Protect
|move|p1b: Milotic|Hypnosis|p2b: Blastoise
|-activate|p2b: Blastoise|move: Protect
|
|-heal|p1b: Milotic|80/100|[from] item: Leftovers
|upkeep
|turn|6
|
|t:|1784015889
|move|p2a: Sneasler|Fake Out|p1b: Milotic
|-damage|p1b: Milotic|71/100
|move|p1a: Ceruledge|Shadow Sneak|p2b: Blastoise
|-damage|p2b: Blastoise|80/100
|move|p2b: Blastoise|Water Spout|p1a: Ceruledge|[spread] p1a,p1b
|-supereffective|p1a: Ceruledge|1
|-resisted|p1b: Milotic|1
|-damage|p1a: Ceruledge|1/100
|-damage|p1b: Milotic|53/100
|cant|p1b: Milotic|flinch
|
|-heal|p1b: Milotic|59/100|[from] item: Leftovers
|upkeep
|turn|7
|
|t:|1784015906
|move|p1a: Ceruledge|Shadow Sneak|p2a: Sneasler
|-damage|p2a: Sneasler|65/100
|move|p2a: Sneasler|Close Combat|p1b: Milotic
|-damage|p1b: Milotic|19/100
|-unboost|p2a: Sneasler|def|1
|-unboost|p2a: Sneasler|spd|1
|move|p2b: Blastoise|Dark Pulse|p1b: Milotic
|-damage|p1b: Milotic|0 fnt
|faint|p1b: Milotic
|
|upkeep
|turn|8
|-message|kimaxvgc forfeited.
|raw|kimaxvgc's rating: 1269 → 1252(-17 for losing)
|raw|BVSelf's rating: 1390 → 1403(+13 for winning)
|
|win|BVSelf
|l|☆kimaxvgc
|player|p1|
|c|☆BVSelf|ggs
