|j|☆sparkzevan
|j|☆Goat Pincurchin
|html|sparkzevanGoat Pincurchin    
|uhtml|bestof|Game 3 of a best-of-3
|t:|1785813411
|gametype|doubles
|player|p1|sparkzevan|hilda|1216
|player|p2|Goat Pincurchin|fisherman-gen4|1516
|gen|9
|tier|[Gen 9 Champions] VGC 2026 Reg M-B (Bo3)
|rated|
|rule|Species Clause: Limit one of each Pokémon
|rule|Item Clause: Limit 1 of each item
|clearpoke
|poke|p1|Gardevoir, L50, F, shiny|
|poke|p1|Incineroar, L50, F|
|poke|p1|Grimmsnarl, L50, M|
|poke|p1|Altaria, L50, F|
|poke|p1|Kommo-o, L50, F|
|poke|p1|Aegislash, L50, M|
|poke|p2|Froslass, L50, F|
|poke|p2|Basculegion, L50, M|
|poke|p2|Kingambit, L50, M|
|poke|p2|Sneasler, L50, F|
|poke|p2|Lycanroc-Dusk, L50, F|
|poke|p2|Scovillain, L50, M|
|teampreview|4
|showteam|p1|Gardevoir||Gardevoirite|Trace|Protect,HyperVoice,Psychic,Thunderbolt|Modest||F|||50|]Incineroar||SitrusBerry|Intimidate|FakeOut,FlareBlitz,DarkestLariat,PartingShot|Adamant||F|||50|]Grimmsnarl||LightClay|Prankster|SpiritBreak,Reflect,LightScreen,PartingShot|Sassy||M|||50|]Altaria||RoseliBerry|CloudNine|Tailwind,HelpingHand,WillOWisp,Acrobatics|Jolly||F|||50|]Kommo-o||LifeOrb|Soundproof|Protect,ClangingScales,AuraSphere,VacuumWave|Modest||F|||50|]Aegislash||Leftovers|StanceChange|KingsShield,Poltergeist,ShadowSneak,IronHead|Adamant||M|||50|
|showteam|p2|Froslass||Froslassite|SnowCloak|Blizzard,ShadowBall,AuroraVeil,Protect|Modest||F|||50|]Basculegion||SitrusBerry|Adaptability|WaveCrash,LastRespects,AquaJet,Protect|Adamant||M|||50|]Kingambit||BlackGlasses|Defiant|KowtowCleave,SuckerPunch,SwordsDance,Protect|Adamant||M|||50|]Sneasler||LifeOrb|PoisonTouch|CloseCombat,DireClaw,Protect,FakeOut|Jolly||F|||50|]Lycanroc-Dusk||FocusSash|ToughClaws|CloseCombat,Accelerock,RockSlide,Protect|Adamant||F|||50|]Scovillain||Scovillainite|Chlorophyll|GigaDrain,Overheat,RagePowder,Protect|Bold||M|||50|
|
|t:|1785813443
|teamsize|p1|4
|teamsize|p2|4
|start
|switch|p1a: Grimmsnarl|Grimmsnarl, L50, M|100/100
|switch|p1b: Kommo-o|Kommo-o, L50, F|100/100
|switch|p2a: Froslass|Froslass, L50, F|100/100
|switch|p2b: Kingambit|Kingambit, L50, M|100/100
|turn|1
|
|t:|1785813466
|detailschange|p2a: Froslass|Froslass-Mega, L50, F
|-mega|p2a: Froslass|Froslass|Froslassite
|-weather|Snowscape|[from] ability: Snow Warning|[of] p2a: Froslass
|move|p1a: Grimmsnarl|Light Screen|p1a: Grimmsnarl
|-sidestart|p1: sparkzevan|move: Light Screen
|move|p2a: Froslass|Blizzard|p1b: Kommo-o|[spread] p1a,p1b
|-supereffective|p1b: Kommo-o|1
|-damage|p1a: Grimmsnarl|76/100
|-damage|p1b: Kommo-o|31/100
|move|p1b: Kommo-o|Aura Sphere|p2b: Kingambit
|-supereffective|p2b: Kingambit|2
|-damage|p2b: Kingambit|0 fnt
|faint|p2b: Kingambit
|-damage|p1b: Kommo-o|21/100|[from] item: Life Orb
|
|-weather|Snowscape|[upkeep]
|upkeep
|
|t:|1785813477
|switch|p2b: Sneasler|Sneasler, L50, F|100/100
|turn|2
|
|t:|1785813484
|switch|p1a: Incineroar|Incineroar, L50, F|100/100
|-ability|p1a: Incineroar|Intimidate|boost
|-unboost|p2a: Froslass|atk|1
|-unboost|p2b: Sneasler|atk|1
|move|p1b: Kommo-o|Protect|p1b: Kommo-o
|-singleturn|p1b: Kommo-o|Protect
|move|p2b: Sneasler|Fake Out|p1a: Incineroar
|-damage|p1a: Incineroar|88/100
|-status|p1a: Incineroar|psn|[from] ability: Poison Touch|[of] p2b: Sneasler
|-damage|p2b: Sneasler|90/100|[from] item: Life Orb
|move|p2a: Froslass|Blizzard|p1a: Incineroar|[spread] p1a
|-activate|p1b: Kommo-o|move: Protect
|-resisted|p1a: Incineroar|1
|-damage|p1a: Incineroar|72/100 psn
|
|-weather|Snowscape|[upkeep]
|-damage|p1a: Incineroar|60/100 psn|[from] psn
|upkeep
|turn|3
|
|t:|1785813518
|switch|p1b: Aegislash|Aegislash, L50, M|100/100
|move|p1a: Incineroar|Fake Out|p2b: Sneasler
|-damage|p2b: Sneasler|68/100
|cant|p2b: Sneasler|flinch
|move|p2a: Froslass|Shadow Ball|p1b: Aegislash
|-supereffective|p1b: Aegislash|1
|-damage|p1b: Aegislash|52/100
|-unboost|p1b: Aegislash|spd|1
|
|-weather|Snowscape|[upkeep]
|-heal|p1b: Aegislash|58/100|[from] item: Leftovers
|-damage|p1a: Incineroar|48/100 psn|[from] psn
|upkeep
|-enditem|p1a: Incineroar|Sitrus Berry|[eat]
|-heal|p1a: Incineroar|72/100 psn|[from] item: Sitrus Berry
|turn|4
|
|t:|1785813542
|move|p1b: Aegislash|King's Shield|p1b: Aegislash
|-singleturn|p1b: Aegislash|Protect
|move|p2b: Sneasler|Close Combat|p1a: Incineroar
|-supereffective|p1a: Incineroar|1
|-damage|p1a: Incineroar|0 fnt
|-unboost|p2b: Sneasler|def|1
|-unboost|p2b: Sneasler|spd|1
|faint|p1a: Incineroar
|-damage|p2b: Sneasler|59/100|[from] item: Life Orb
|move|p2a: Froslass|Shadow Ball|p1b: Aegislash
|-activate|p1b: Aegislash|move: Protect
|
|-weather|Snowscape|[upkeep]
|-heal|p1b: Aegislash|64/100|[from] item: Leftovers
|upkeep
|
|t:|1785813555
|switch|p1a: Grimmsnarl|Grimmsnarl, L50, M|76/100
|turn|5
|
|t:|1785813561
|move|p1a: Grimmsnarl|Parting Shot|p2a: Froslass
|-unboost|p2a: Froslass|atk|1
|-unboost|p2a: Froslass|spa|1
|
|t:|1785813565
|switch|p1a: Kommo-o|Kommo-o, L50, F|21/100|[from] Parting Shot
|move|p2b: Sneasler|Dire Claw|p1a: Kommo-o
|-damage|p1a: Kommo-o|0 fnt
|faint|p1a: Kommo-o
|-damage|p2b: Sneasler|49/100|[from] item: Life Orb
|move|p2a: Froslass|Shadow Ball|p1b: Aegislash
|-supereffective|p1b: Aegislash|1
|-damage|p1b: Aegislash|8/100
|-unboost|p1b: Aegislash|spd|1
|-formechange|p1b: Aegislash|Aegislash-Blade|
|move|p1b: Aegislash|Poltergeist|p2a: Froslass
|-activate|p2a: Froslass|move: Poltergeist|Froslassite
|-supereffective|p2a: Froslass|1
|-crit|p2a: Froslass
|-damage|p2a: Froslass|0 fnt
|faint|p2a: Froslass
|
|-weather|none
|-heal|p1b: Aegislash|14/100|[from] item: Leftovers
|upkeep
|
|t:|1785813583
|switch|p2a: Basculegion|Basculegion, L50, M|100/100
|switch|p1a: Grimmsnarl|Grimmsnarl, L50, M|76/100
|turn|6
|
|t:|1785813592
|-formechange|p1b: Aegislash|Aegislash|
|move|p1b: Aegislash|King's Shield|p1b: Aegislash
|-singleturn|p1b: Aegislash|Protect
|move|p2a: Basculegion|Aqua Jet|p1b: Aegislash
|-activate|p1b: Aegislash|move: Protect
|-unboost|p2a: Basculegion|atk|1
|move|p1a: Grimmsnarl|Reflect|p1a: Grimmsnarl
|-sidestart|p1: sparkzevan|Reflect
|move|p2b: Sneasler|Dire Claw|p1a: Grimmsnarl
|-supereffective|p1a: Grimmsnarl|1
|-damage|p1a: Grimmsnarl|11/100
|-damage|p2b: Sneasler|40/100|[from] item: Life Orb
|
|-heal|p1b: Aegislash|20/100y|[from] item: Leftovers
|upkeep
|turn|7
|
|t:|1785813619
|move|p1a: Grimmsnarl|Parting Shot|p2a: Basculegion
|-unboost|p2a: Basculegion|atk|1
|-unboost|p2a: Basculegion|spa|1
|move|p2b: Sneasler|Dire Claw|p1a: Grimmsnarl
|-supereffective|p1a: Grimmsnarl|1
|-damage|p1a: Grimmsnarl|0 fnt
|faint|p1a: Grimmsnarl
|-damage|p2b: Sneasler|30/100|[from] item: Life Orb
|move|p2a: Basculegion|Last Respects|p1b: Aegislash
|-supereffective|p1b: Aegislash|1
|-damage|p1b: Aegislash|0 fnt
|faint|p1b: Aegislash
|
|win|Goat Pincurchin
|raw|sparkzevan's rating: 1216 → 1208(-8 for losing)
|raw|Goat Pincurchin's rating: 1516 → 1522(+6 for winning)
|c|☆sparkzevan|bro what is this elo diff
|c|☆Goat Pincurchin|IK
|n|☆goat pincurchin|goatpincurchin
