|j|☆sig.kire
|j|☆meikh_neiht
|html|sig.kiremeikh_neiht    
|uhtml|bestof|Game 1 of a best-of-3
|t:|1782531926
|gametype|doubles
|player|p1|sig.kire|ghetsis-gen5bw|1198
|player|p2|meikh_neiht|lucas|1157
|gen|9
|tier|[Gen 9 Champions] VGC 2026 Reg M-B (Bo3)
|rated|
|rule|Species Clause: Limit one of each Pokémon
|rule|Item Clause: Limit 1 of each item
|clearpoke
|poke|p1|Ceruledge, L50, F|
|poke|p1|Floette-Eternal, L50, F|
|poke|p1|Sinistcha-Masterpiece, L50|
|poke|p1|Milotic, L50, F|
|poke|p1|Scrafty, L50, M|
|poke|p1|Raichu, L50, F|
|poke|p2|Staraptor, L50, M|
|poke|p2|Sinistcha, L50|
|poke|p2|Maushold, L50|
|poke|p2|Kingambit, L50, M|
|poke|p2|Sneasler, L50, M|
|poke|p2|Delphox, L50, F|
|teampreview|4
|showteam|p1|Ceruledge||ColburBerry|FlashFire|BitterBlade,ShadowSneak,BulkUp,Protect|Adamant||F|||50|]Floette-Eternal||Floettite|FlowerVeil|DazzlingGleam,DrainingKiss,CalmMind,Protect|Modest||F|||50|]Sinistcha-Masterpiece||SitrusBerry|Hospitality|Protect,MatchaGotcha,RagePowder,LifeDew|Relaxed|||||50|]Milotic||Leftovers|Competitive|Coil,MuddyWater,Hypnosis,Protect|Calm||F|||50|]Scrafty||Scraftinite|Intimidate|CloseCombat,KnockOff,FakeOut,Protect|Adamant||M|||50|]Raichu||FocusSash|LightningRod|FakeOut,GrassKnot,Nuzzle,VoltSwitch|Timid||F|||50|
|showteam|p2|Staraptor||Staraptite|Intimidate|CloseCombat,BraveBird,Roost,Protect|Adamant||M|||50|]Sinistcha||SitrusBerry|Hospitality|RagePowder,MatchaGotcha,TrickRoom,LifeDew|Calm|||||50|]Maushold||ChopleBerry|FriendGuard|Encore,Charm,FollowMe,Protect|Timid|||||50|]Kingambit||OccaBerry|Defiant|KowtowCleave,SuckerPunch,SwordsDance,Protect|Adamant||M|||50|]Sneasler||WhiteHerb|Unburden|DireClaw,Protect,FakeOut,CloseCombat|Jolly||M|||50|]Delphox||Delphoxite|Blaze|HeatWave,Psyshock,NastyPlot,Protect|Timid||F|||50|
|
|t:|1782531994
|teamsize|p1|4
|teamsize|p2|4
|start
|switch|p1a: Ceruledge|Ceruledge, L50, F|100/100
|switch|p1b: Raichu|Raichu, L50, F|100/100
|switch|p2a: Delphox|Delphox, L50, F|100/100
|switch|p2b: Maushold|Maushold, L50|100/100
|turn|1
|
|t:|1782532005
|detailschange|p2a: Delphox|Delphox-Mega, L50, F
|-mega|p2a: Delphox|Delphox|Delphoxite
|move|p1b: Raichu|Fake Out|p2a: Delphox
|-damage|p2a: Delphox|92/100
|cant|p2a: Delphox|flinch
|move|p2b: Maushold|Encore|p1b: Raichu
|-start|p1b: Raichu|Encore
|move|p1a: Ceruledge|Bulk Up|p1a: Ceruledge
|-boost|p1a: Ceruledge|atk|1
|-boost|p1a: Ceruledge|def|1
|
|upkeep
|turn|2
|
|t:|1782532026
|switch|p1b: Sinistcha|Sinistcha-Masterpiece, L50|100/100
|move|p1a: Ceruledge|Shadow Sneak|p2a: Delphox
|-supereffective|p2a: Delphox|1
|-damage|p2a: Delphox|28/100
|move|p2a: Delphox|Nasty Plot|p2a: Delphox
|-boost|p2a: Delphox|spa|2
|move|p2b: Maushold|Encore|p1a: Ceruledge
|-start|p1a: Ceruledge|Encore
|
|upkeep
|turn|3
|
|t:|1782532049
|move|p2b: Maushold|Follow Me|p2b: Maushold
|-singleturn|p2b: Maushold|move: Follow Me
|move|p1a: Ceruledge|Shadow Sneak|p2b: Maushold
|-immune|p2b: Maushold
|move|p2a: Delphox|Heat Wave|p1a: Ceruledge|[spread] p1b
|-start|p1a: Ceruledge|ability: Flash Fire
|-supereffective|p1b: Sinistcha|1
|-damage|p1b: Sinistcha|0 fnt
|faint|p1b: Sinistcha
|
|upkeep
|
|t:|1782532051
|switch|p1b: Raichu|Raichu, L50, F|100/100
|turn|4
|
|t:|1782532080
|move|p2a: Delphox|Protect|p2a: Delphox
|-singleturn|p2a: Delphox|Protect
|move|p2b: Maushold|Protect|p2b: Maushold
|-singleturn|p2b: Maushold|Protect
|move|p1b: Raichu|Fake Out|p2b: Maushold
|-activate|p2b: Maushold|move: Protect
|move|p1a: Ceruledge|Shadow Sneak|p2a: Delphox
|-activate|p2a: Delphox|move: Protect
|
|upkeep
|turn|5
|
|t:|1782532104
|move|p2b: Maushold|Follow Me|p2b: Maushold
|-singleturn|p2b: Maushold|move: Follow Me
|move|p1a: Ceruledge|Shadow Sneak|p2b: Maushold
|-immune|p2b: Maushold
|move|p2a: Delphox|Psyshock|p1b: Raichu
|-enditem|p1b: Raichu|Focus Sash
|-damage|p1b: Raichu|1/100
|move|p1b: Raichu|Nuzzle|p2b: Maushold
|-damage|p2b: Maushold|92/100
|-status|p2b: Maushold|par
|
|-end|p1a: Ceruledge|Encore
|upkeep
|turn|6
|
|t:|1782532123
|move|p2b: Maushold|Follow Me|p2b: Maushold
|-singleturn|p2b: Maushold|move: Follow Me
|move|p2a: Delphox|Psyshock|p1a: Ceruledge
|-damage|p1a: Ceruledge|38/100
|move|p1b: Raichu|Volt Switch|p2b: Maushold
|-damage|p2b: Maushold|55/100 par
|
|t:|1782532130
|switch|p1b: Floette|Floette-Eternal, L50, F|100/100|[from] Volt Switch
|move|p1a: Ceruledge|Bitter Blade|p2b: Maushold
|-damage|p2b: Maushold|0 fnt
|-heal|p1a: Ceruledge|66/100|[from] drain|[of] p2b: Maushold
|faint|p2b: Maushold
|
|upkeep
|
|t:|1782532135
|switch|p2b: Kingambit|Kingambit, L50, M|100/100
|turn|7
|
|t:|1782532143
|detailschange|p1b: Floette|Floette-Mega, L50, F
|-mega|p1b: Floette|Floette|Floettite
|-ability|p1b: Floette|Fairy Aura
|move|p2a: Delphox|Protect|p2a: Delphox
|-singleturn|p2a: Delphox|Protect
|move|p1a: Ceruledge|Protect|p1a: Ceruledge
|-singleturn|p1a: Ceruledge|Protect
|move|p1b: Floette|Dazzling Gleam|p2b: Kingambit|[spread] p2b
|-activate|p2a: Delphox|move: Protect
|-damage|p2b: Kingambit|56/100
|move|p2b: Kingambit|Kowtow Cleave|p1a: Ceruledge
|-activate|p1a: Ceruledge|move: Protect
|
|upkeep
|turn|8
|
|t:|1782532158
|switch|p2a: Sneasler|Sneasler, L50, M|100/100
|move|p1a: Ceruledge|Shadow Sneak|p2a: Sneasler
|-damage|p2a: Sneasler|42/100
|move|p1b: Floette|Draining Kiss|p2b: Kingambit
|-damage|p2b: Kingambit|19/100
|move|p2b: Kingambit|Kowtow Cleave|p1a: Ceruledge
|-supereffective|p1a: Ceruledge|1
|-enditem|p1a: Ceruledge|Colbur Berry|[eat]
|-enditem|p1a: Ceruledge|Colbur Berry|[weaken]
|-damage|p1a: Ceruledge|31/100
|
|upkeep
|turn|9
|
|t:|1782532174
|move|p1a: Ceruledge|Shadow Sneak|p2b: Kingambit
|-resisted|p2b: Kingambit|1
|-damage|p2b: Kingambit|8/100
|move|p2a: Sneasler|Dire Claw|p1b: Floette
|-supereffective|p1b: Floette|1
|-damage|p1b: Floette|25/100
|move|p1b: Floette|Draining Kiss|p2a: Sneasler
|-damage|p2a: Sneasler|0 fnt
|-heal|p1b: Floette|53/100|[from] drain|[of] p2a: Sneasler
|faint|p2a: Sneasler
|move|p2b: Kingambit|Kowtow Cleave|p1a: Ceruledge
|-supereffective|p1a: Ceruledge|1
|-damage|p1a: Ceruledge|0 fnt
|faint|p1a: Ceruledge
|
|upkeep
|
|t:|1782532181
|switch|p2a: Delphox|Delphox-Mega, L50, F|28/100
|switch|p1a: Raichu|Raichu, L50, F|1/100
|turn|10
|
|t:|1782532185
|move|p2a: Delphox|Protect|p2a: Delphox
|-singleturn|p2a: Delphox|Protect
|move|p2b: Kingambit|Protect|p2b: Kingambit
|-singleturn|p2b: Kingambit|Protect
|move|p1a: Raichu|Fake Out|p2a: Delphox
|-activate|p2a: Delphox|move: Protect
|move|p1b: Floette|Dazzling Gleam|p2a: Delphox|[spread] 
|-activate|p2a: Delphox|move: Protect
|-activate|p2b: Kingambit|move: Protect
|
|upkeep
|turn|11
|
|t:|1782532193
|move|p2b: Kingambit|Sucker Punch|p1a: Raichu
|-damage|p1a: Raichu|0 fnt
|faint|p1a: Raichu
|move|p2a: Delphox|Psyshock|p1b: Floette
|-damage|p1b: Floette|12/100
|move|p1b: Floette|Dazzling Gleam|p2b: Kingambit|[spread] p2a,p2b
|-resisted|p2a: Delphox|1
|-damage|p2a: Delphox|9/100
|-damage|p2b: Kingambit|0 fnt
|faint|p2b: Kingambit
|
|upkeep
|turn|12
|
|t:|1782532199
|move|p2a: Delphox|Psyshock|p1b: Floette
|-damage|p1b: Floette|0 fnt
|faint|p1b: Floette
|
|win|meikh_neiht
||sig.kire is ready for game 2.
||meikh_neiht is ready for game 2.
|uhtml|next|Next: Game 2 of 3
|l|☆sig.kire
|player|p1|
