|j|☆Artere Happy
|j|☆GS Barnabe
|html|Artere HappyGS Barnabe    
|uhtml|bestof|Game 2 of a best-of-3
|t:|1785956770
|gametype|doubles
|player|p1|Artere Happy|101|1089
|player|p2|GS Barnabe|1|1192
|gen|9
|tier|[Gen 9 Champions] VGC 2026 Reg M-B (Bo3)
|rated|
|rule|Species Clause: Limit one of each Pokémon
|rule|Item Clause: Limit 1 of each item
|clearpoke
|poke|p1|Gengar, L50, F|
|poke|p1|Archaludon, L50, F|
|poke|p1|Politoed, L50, F|
|poke|p1|Swampert, L50, F|
|poke|p1|Vivillon, L50, F|
|poke|p1|Incineroar, L50, F|
|poke|p2|Clefable, L50, F|
|poke|p2|Tyranitar, L50, F|
|poke|p2|Garchomp, L50, M|
|poke|p2|Gholdengo, L50|
|poke|p2|Rotom-Wash, L50|
|poke|p2|Aerodactyl, L50, M|
|teampreview|4
|showteam|p1|Gengar||Gengarite|CursedBody|Disable,SludgeBomb,PerishSong,Protect|Modest||F|||50|]Archaludon||Leftovers|Stamina|ElectroShot,DragonPulse,FlashCannon,Protect|Bold||F|||50|]Politoed||SitrusBerry|Drizzle|WeatherBall,Encore,PerishSong,Protect|Calm||F|||50|]Swampert||Swampertite|Torrent|WaveCrash,HighHorsepower,IcePunch,Protect|Adamant||F|||50|]Vivillon||FocusSash|CompoundEyes|Hurricane,SleepPowder,RagePowder,Protect|Timid||F|||50|]Incineroar||PasshoBerry|Intimidate|ThroatChop,FakeOut,PartingShot,Protect|Impish||F|||50|
|showteam|p2|Clefable||SitrusBerry|Unaware|Moonblast,FollowMe,HealPulse,Protect|Bold||F|||50|]Tyranitar||ChoiceScarf|SandStream|RockSlide,KnockOff,IcePunch,Superpower|Jolly||F|||50|]Garchomp||Garchompite|SandVeil|DracoMeteor,EarthPower,PowerGem,Protect|Modest||M|||50|]Gholdengo||LifeOrb|GoodasGold|MakeItRain,ShadowBall,NastyPlot,Protect|Modest|||||50|]Rotom-Wash||Leftovers|Levitate|HydroPump,VoltSwitch,WillOWisp,Protect|Calm|||||50|]Aerodactyl||Aerodactylite|RockHead|RockSlide,DualWingbeat,Tailwind,Protect|Jolly||M|||50|
|
|t:|1785956798
|teamsize|p1|4
|teamsize|p2|4
|start
|switch|p1a: Incineroar|Incineroar, L50, F|100/100
|switch|p1b: Swampert|Swampert, L50, F|100/100
|switch|p2a: Gholdengo|Gholdengo, L50|100/100
|switch|p2b: Clefable|Clefable, L50, F|100/100
|-ability|p1a: Incineroar|Intimidate|boost
|-unboost|p2a: Gholdengo|atk|1
|-unboost|p2b: Clefable|atk|1
|turn|1
|
|t:|1785956820
|detailschange|p1b: Swampert|Swampert-Mega, L50, F
|-mega|p1b: Swampert|Swampert|Swampertite
|move|p1a: Incineroar|Fake Out|p2b: Clefable
|-damage|p2b: Clefable|89/100
|cant|p2b: Clefable|flinch
|move|p1b: Swampert|High Horsepower|p2a: Gholdengo
|-supereffective|p2a: Gholdengo|1
|-damage|p2a: Gholdengo|7/100
|move|p2a: Gholdengo|Nasty Plot|p2a: Gholdengo
|-boost|p2a: Gholdengo|spa|2
|
|upkeep
|turn|2
|
|t:|1785956854
|switch|p1a: Politoed|Politoed, L50, F|100/100
|-weather|RainDance|[from] ability: Drizzle|[of] p1a: Politoed
|move|p1b: Swampert|Protect|p1b: Swampert
|-singleturn|p1b: Swampert|Protect
|move|p2a: Gholdengo|Protect|p2a: Gholdengo
|-singleturn|p2a: Gholdengo|Protect
|move|p2b: Clefable|Moonblast|p1b: Swampert
|-activate|p1b: Swampert|move: Protect
|
|-weather|RainDance|[upkeep]
|upkeep
|turn|3
|
|t:|1785956875
|switch|p2b: Tyranitar|Tyranitar, L50, F|100/100
|-weather|Sandstorm|[from] ability: Sand Stream|[of] p2b: Tyranitar
|move|p1b: Swampert|Wave Crash|p2b: Tyranitar
|-supereffective|p2b: Tyranitar|1
|-damage|p2b: Tyranitar|0 fnt
|faint|p2b: Tyranitar
|-damage|p1b: Swampert|67/100|[from] Recoil
|move|p2a: Gholdengo|Shadow Ball|p1b: Swampert
|-damage|p1b: Swampert|0 fnt
|faint|p1b: Swampert
|-damage|p2a: Gholdengo|0 fnt|[from] item: Life Orb
|faint|p2a: Gholdengo
|move|p1a: Politoed|Weather Ball|p2: Gholdengo|[notarget]
|-fail|p1a: Politoed
|
|-weather|Sandstorm|[upkeep]
|-damage|p1a: Politoed|93/100|[from] Sandstorm
|upkeep
|
|t:|1785956898
|switch|p2b: Clefable|Clefable, L50, F|89/100
|switch|p1b: Incineroar|Incineroar, L50, F|100/100
|switch|p2a: Garchomp|Garchomp, L50, M|100/100
|-ability|p1b: Incineroar|Intimidate|boost
|-unboost|p2a: Garchomp|atk|1
|-unboost|p2b: Clefable|atk|1
|turn|4
|
|t:|1785956918
|switch|p1a: Archaludon|Archaludon, L50, F|100/100
|detailschange|p2a: Garchomp|Garchomp-Mega, L50, M
|-mega|p2a: Garchomp|Garchomp|Garchompite
|move|p1b: Incineroar|Fake Out|p2a: Garchomp
|-damage|p2a: Garchomp|91/100
|cant|p2a: Garchomp|flinch
|move|p2b: Clefable|Moonblast|p1a: Archaludon
|-damage|p1a: Archaludon|68/100
|-ability|p1a: Archaludon|Stamina|boost
|-boost|p1a: Archaludon|def|1
|
|-weather|Sandstorm|[upkeep]
|-damage|p1b: Incineroar|94/100|[from] Sandstorm
|-damage|p2b: Clefable|83/100|[from] Sandstorm
|-heal|p1a: Archaludon|74/100|[from] item: Leftovers
|upkeep
|turn|5
|
|t:|1785956946
|move|p1a: Archaludon|Protect|p1a: Archaludon
|-singleturn|p1a: Archaludon|Protect
|move|p2b: Clefable|Follow Me|p2b: Clefable
|-singleturn|p2b: Clefable|move: Follow Me
|move|p2a: Garchomp|Earth Power|p1a: Archaludon
|-activate|p1a: Archaludon|move: Protect
|move|p1b: Incineroar|Parting Shot|p2b: Clefable
|-unboost|p2b: Clefable|atk|1
|-unboost|p2b: Clefable|spa|1
|
|t:|1785956961
|switch|p1b: Politoed|Politoed, L50, F|93/100|[from] Parting Shot
|-weather|RainDance|[from] ability: Drizzle|[of] p1b: Politoed
|
|-weather|RainDance|[upkeep]
|-heal|p1a: Archaludon|80/100|[from] item: Leftovers
|upkeep
|turn|6
|inactive|Battle timer is ON: inactive players will automatically lose when time's up. (requested by GS Barnabe)
|
|t:|1785957035
|move|p2a: Garchomp|Earth Power|p1a: Archaludon
|-supereffective|p1a: Archaludon|1
|-damage|p1a: Archaludon|0 fnt
|faint|p1a: Archaludon
|move|p1b: Politoed|Perish Song|p1b: Politoed
|-start|p1b: Politoed|perish3|[silent]
|-start|p2a: Garchomp|perish3|[silent]
|-start|p2b: Clefable|perish3|[silent]
|-fieldactivate|move: Perish Song
|move|p2b: Clefable|Moonblast|p1b: Politoed
|-damage|p1b: Politoed|78/100
|
|-weather|RainDance|[upkeep]
|-start|p2a: Garchomp|perish3
|-start|p1b: Politoed|perish3
|-start|p2b: Clefable|perish3
|upkeep
|
|t:|1785957039
|switch|p1a: Incineroar|Incineroar, L50, F|94/100
|-ability|p1a: Incineroar|Intimidate|boost
|-unboost|p2a: Garchomp|atk|1
|-unboost|p2b: Clefable|atk|1
|turn|7
|
|t:|1785957057
|move|p1a: Incineroar|Fake Out|p2a: Garchomp
|-damage|p2a: Garchomp|82/100
|cant|p2a: Garchomp|flinch
|move|p1b: Politoed|Weather Ball|p2a: Garchomp
|-damage|p2a: Garchomp|32/100
|move|p2b: Clefable|Moonblast|p1b: Politoed
|-damage|p1b: Politoed|63/100
|
|-weather|RainDance|[upkeep]
|-start|p2a: Garchomp|perish2
|-start|p1b: Politoed|perish2
|-start|p2b: Clefable|perish2
|upkeep
|turn|8
|inactive|GS Barnabe has 30 seconds left.
|
|t:|1785957085
|move|p1b: Politoed|Protect|p1b: Politoed
|-singleturn|p1b: Politoed|Protect
|move|p1a: Incineroar|Protect|p1a: Incineroar
|-singleturn|p1a: Incineroar|Protect
|move|p2a: Garchomp|Earth Power|p1a: Incineroar
|-activate|p1a: Incineroar|move: Protect
|move|p2b: Clefable|Heal Pulse|p2a: Garchomp
|-heal|p2a: Garchomp|82/100
|
|-weather|RainDance|[upkeep]
|-start|p2a: Garchomp|perish1
|-start|p1b: Politoed|perish1
|-start|p2b: Clefable|perish1
|upkeep
|turn|9
|
|t:|1785957104
|move|p1b: Politoed|Protect||[still]
|-fail|p1b: Politoed
|move|p1a: Incineroar|Protect||[still]
|-fail|p1a: Incineroar
|move|p2a: Garchomp|Earth Power|p1a: Incineroar
|-supereffective|p1a: Incineroar|1
|-damage|p1a: Incineroar|19/100
|move|p2b: Clefable|Moonblast|p1b: Politoed
|-damage|p1b: Politoed|45/100
|-enditem|p1b: Politoed|Sitrus Berry|[eat]
|-heal|p1b: Politoed|70/100|[from] item: Sitrus Berry
|
|-weather|none
|-start|p2a: Garchomp|perish0
|-start|p1b: Politoed|perish0
|-start|p2b: Clefable|perish0
|upkeep
|faint|p2a: Garchomp
|faint|p1b: Politoed
|faint|p2b: Clefable
|
|win|Artere Happy
||Artere Happy is ready for game 3.
|inactive|GS Barnabe has 30 seconds to confirm battle start!
