|j|☆Rexolboy
|j|☆ZapdosFan471
|html|RexolboyZapdosFan471    
|uhtml|bestof|Game 1 of a best-of-3
|t:|1756543275
|gametype|doubles
|player|p1|Rexolboy|266|1100
|player|p2|ZapdosFan471|winona-gen6|1138
|gen|9
|tier|[Gen 9] VGC 2025 Reg H (Bo3)
|rated|
|rule|Species Clause: Limit one of each Pokémon
|rule|Item Clause: Limit 1 of each item
|clearpoke
|poke|p1|Archaludon, L50, M|
|poke|p1|Incineroar, L50, M|
|poke|p1|Whimsicott, L50, M|
|poke|p1|Ursaluna, L50, F|
|poke|p1|Indeedee-F, L50, F|
|poke|p1|Armarouge, L50, F|
|poke|p2|Garchomp, L50, M|
|poke|p2|Whimsicott, L50, F|
|poke|p2|Ursaluna-Bloodmoon, L50, M|
|poke|p2|Sinistcha, L50|
|poke|p2|Annihilape, L50, M|
|poke|p2|Volcarona, L50, F|
|teampreview|4
|showteam|p1|Archaludon||PowerHerb|Stalwart|ElectroShot,FlashCannon,DragonPulse,Protect|||M|||50|,,,,,Electric]Incineroar||SitrusBerry|Intimidate|FlareBlitz,KnockOff,FakeOut,PartingShot|||M|||50|,,,,,Ghost]Whimsicott||CovertCloak|Prankster|Moonblast,Encore,LightScreen,Tailwind|||M|||50|,,,,,Grass]Ursaluna||FlameOrb|Guts|Facade,RainDance,HeadlongRush,Protect|||F|||50|,,,,,Ghost]Indeedee-F||SafetyGoggles|PsychicSurge|DazzlingGleam,HelpingHand,FollowMe,TrickRoom|||F|||50|,,,,,Fairy]Armarouge||LifeOrb|FlashFire|ExpandingForce,ArmorCannon,EnergyBall,Protect|||F|||50|,,,,,Stellar
|showteam|p2|Garchomp||LifeOrb|RoughSkin|Earthquake,StompingTantrum,DragonClaw,Protect|||M|||50|,,,,,Ground]Whimsicott||FocusSash|Prankster|Moonblast,Tailwind,Encore,Protect|||F|||50|,,,,,Ghost]Ursaluna-Bloodmoon||AssaultVest|MindsEye|HyperVoice,BloodMoon,EarthPower,VacuumWave|||M|||50|,,,,,Normal]Sinistcha||SitrusBerry|Hospitality|MatchaGotcha,ShadowBall,RagePowder,Protect||||||50|,,,,,Dark]Annihilape||Leftovers|Defiant|RageFist,DrainPunch,BulkUp,Protect|||M|||50|,,,,,Grass]Volcarona||CovertCloak|FlameBody|StruggleBug,HeatWave,Tailwind,RagePowder|||F|||50|,,,,,Grass
|inactive|Battle timer is ON: inactive players will automatically lose when time's up. (requested by ZapdosFan471)
|inactive|Rexolboy has 60 seconds left.
|inactive|ZapdosFan471 has 60 seconds left.
|inactive|Rexolboy has 30 seconds left.
|
|t:|1756543344
|teamsize|p1|4
|teamsize|p2|4
|start
|switch|p1a: Indeedee|Indeedee-F, L50, F|100/100
|switch|p1b: Whimsicott|Whimsicott, L50, M|100/100
|switch|p2a: Annihilape|Annihilape, L50, M|100/100
|switch|p2b: Volcarona|Volcarona, L50, F|100/100
|-fieldstart|move: Psychic Terrain|[from] ability: Psychic Surge|[of] p1a: Indeedee
|turn|1
|inactive|ZapdosFan471 has 30 seconds left.
|inactive|Rexolboy has 30 seconds left.
|
|t:|1756543384
|switch|p1b: Ursaluna|Ursaluna, L50, F|100/100
|-terastallize|p2a: Annihilape|Grass
|move|p2a: Annihilape|Bulk Up|p2a: Annihilape
|-boost|p2a: Annihilape|atk|1
|-boost|p2a: Annihilape|def|1
|move|p2b: Volcarona|Struggle Bug|p1b: Ursaluna|[spread] p1a,p1b
|-supereffective|p1a: Indeedee
|-damage|p1a: Indeedee|72/100
|-damage|p1b: Ursaluna|82/100
|-unboost|p1a: Indeedee|spa|1
|-unboost|p1b: Ursaluna|spa|1
|move|p1a: Indeedee|Trick Room|p1a: Indeedee
|-fieldstart|move: Trick Room|[of] p1a: Indeedee
|
|-status|p1b: Ursaluna|brn|[from] item: Flame Orb
|upkeep
|turn|2
|inactive|Rexolboy has 30 seconds left.
|inactive|ZapdosFan471 has 30 seconds left.
|inactive|Rexolboy has 20 seconds left.
|
|t:|1756543419
|switch|p1a: Armarouge|Armarouge, L50, F|100/100
|-terastallize|p1b: Ursaluna|Ghost
|move|p2a: Annihilape|Protect|p2a: Annihilape
|-singleturn|p2a: Annihilape|Protect
|move|p1b: Ursaluna|Facade|p2b: Volcarona
|-damage|p2b: Volcarona|0 fnt
|faint|p2b: Volcarona
|
|-damage|p1b: Ursaluna|76/100 brn|[from] brn
|upkeep
|
|t:|1756543431
|switch|p2b: Sinistcha|Sinistcha, L50|100/100
|turn|3
|inactive|Rexolboy has 30 seconds left.
|
|t:|1756543464
|move|p1b: Ursaluna|Protect|p1b: Ursaluna
|-singleturn|p1b: Ursaluna|Protect
|move|p2b: Sinistcha|Rage Powder|p2b: Sinistcha
|-singleturn|p2b: Sinistcha|move: Rage Powder
|move|p1a: Armarouge|Armor Cannon|p2b: Sinistcha
|-supereffective|p2b: Sinistcha
|-damage|p2b: Sinistcha|0 fnt
|-unboost|p1a: Armarouge|def|1
|-unboost|p1a: Armarouge|spd|1
|faint|p2b: Sinistcha
|-damage|p1a: Armarouge|91/100|[from] item: Life Orb
|move|p2a: Annihilape|Rage Fist|p1a: Armarouge
|-supereffective|p1a: Armarouge
|-damage|p1a: Armarouge|0 fnt
|faint|p1a: Armarouge
|
|-damage|p1b: Ursaluna|70/100 brn|[from] brn
|upkeep
|
|t:|1756543479
|switch|p2b: Ursaluna|Ursaluna-Bloodmoon, L50, M|100/100
|switch|p1a: Indeedee|Indeedee-F, L50, F|72/100
|turn|4
|
|t:|1756543513
|switch|p1b: Whimsicott|Whimsicott, L50, M|100/100
|move|p2b: Ursaluna|Blood Moon|p1b: Whimsicott
|-damage|p1b: Whimsicott|26/100
|move|p1a: Indeedee|Dazzling Gleam|p2b: Ursaluna|[spread] p2a,p2b
|-damage|p2a: Annihilape|88/100
|-damage|p2b: Ursaluna|90/100
|move|p2a: Annihilape|Drain Punch|p1a: Indeedee
|-damage|p1a: Indeedee|16/100
|-heal|p2a: Annihilape|100/100|[from] drain|[of] p1a: Indeedee
|
|upkeep
|turn|5
|inactive|Rexolboy has 30 seconds left.
|inactive|ZapdosFan471 has 30 seconds left.
|inactive|Rexolboy has 20 seconds left.
|inactive|ZapdosFan471 has 20 seconds left.
|inactive|ZapdosFan471 has 15 seconds left.
|
|t:|1756543553
|move|p1b: Whimsicott|Tailwind|p1b: Whimsicott
|-sidestart|p1: Rexolboy|move: Tailwind
|move|p2b: Ursaluna|Hyper Voice|p1a: Indeedee|[spread] p1a,p1b
|-damage|p1a: Indeedee|0 fnt
|-damage|p1b: Whimsicott|0 fnt
|faint|p1a: Indeedee
|faint|p1b: Whimsicott
|move|p2a: Annihilape|Rage Fist|p1: Indeedee|[notarget]
|-fail|p2a: Annihilape
|
|-fieldend|move: Trick Room
|-fieldend|move: Psychic Terrain
|upkeep
|
|t:|1756543559
|switch|p1b: Ursaluna|Ursaluna, L50, F, tera:Ghost|70/100 brn
|turn|6
|
|t:|1756543569
|move|p1b: Ursaluna|Facade|p2a: Annihilape
|-damage|p2a: Annihilape|3/100
|move|p2a: Annihilape|Rage Fist|p1b: Ursaluna
|-supereffective|p1b: Ursaluna
|-damage|p1b: Ursaluna|0 fnt
|faint|p1b: Ursaluna
|
|win|ZapdosFan471
||ZapdosFan471 is ready for game 2.
