|j|☆infamous coak
|j|☆predatorssg
|html|infamous coakpredatorssg    
|uhtml|bestof|Game 1 of a best-of-3
|t:|1786025380
|gametype|doubles
|player|p1|infamous coak|1|1075
|player|p2|predatorssg|2|1182
|gen|9
|tier|[Gen 9 Champions] VGC 2026 Reg M-B (Bo3)
|rated|
|rule|Species Clause: Limit one of each Pokémon
|rule|Item Clause: Limit 1 of each item
|clearpoke
|poke|p1|Tyranitar, L50, F|
|poke|p1|Metagross, L50|
|poke|p1|Corviknight, L50, F|
|poke|p1|Farigiraf, L50, F|
|poke|p1|Armarouge, L50, M|
|poke|p1|Scrafty, L50, M|
|poke|p2|Archaludon, L50, F|
|poke|p2|Pelipper, L50, M|
|poke|p2|Grimmsnarl, L50, M|
|poke|p2|Swampert, L50, F|
|poke|p2|Talonflame, L50, F|
|poke|p2|Floette-Eternal, L50, F|
|teampreview|4
|showteam|p1|Tyranitar||Tyranitarite|SandStream|RockSlide,KnockOff,DragonDance,Protect|Adamant||F|||50|]Metagross||Metagrossite|ClearBody|MeteorMash,PsychicFangs,Protect,StompingTantrum|Jolly|||||50|]Corviknight||Leftovers|MirrorArmor|Tailwind,BulkUp,DualWingbeat,BodyPress|Adamant||F|||50|]Farigiraf||ColburBerry|ArmorTail|TrickRoom,PsychicNoise,Thunderbolt,HelpingHand|Quiet||F|||50|]Armarouge|||FlashFire|ArmorCannon,AuraSphere,Psychic,Protect|Modest||M|||50|]Scrafty||RoseliBerry|Intimidate|FakeOut,DrainPunch,KnockOff,PoisonJab|Adamant||M|||50|
|showteam|p2|Archaludon||Leftovers|Stamina|ElectroShot,AuraSphere,FlashCannon,Protect|Modest||F|||50|]Pelipper||SitrusBerry|Drizzle|HelpingHand,WeatherBall,Hurricane,WideGuard|Modest||M|||50|]Grimmsnarl||LightClay|Prankster|PartingShot,SpiritBreak,Reflect,LightScreen|Calm||M|||50|]Swampert||Swampertite|Torrent|WaveCrash,Earthquake,IcePunch,Protect|Adamant||F|||50|]Talonflame||SharpBeak|GaleWings|Protect,Tailwind,RainDance,DualWingbeat|Jolly||F|||50|]Floette-Eternal||Floettite|FlowerVeil|DazzlingGleam,Moonblast,LightofRuin,Protect|Modest||F|||50|
|inactive|Battle timer is ON: inactive players will automatically lose when time's up. (requested by predatorssg)
|
|t:|1786025459
|teamsize|p1|4
|teamsize|p2|4
|start
|switch|p1a: Farigiraf|Farigiraf, L50, F|100/100
|switch|p1b: Scrafty|Scrafty, L50, M|100/100
|switch|p2a: Talonflame|Talonflame, L50, F|100/100
|switch|p2b: Swampert|Swampert, L50, F|100/100
|-ability|p1b: Scrafty|Intimidate|boost
|-unboost|p2a: Talonflame|atk|1
|-unboost|p2b: Swampert|atk|1
|turn|1
|
|t:|1786025471
|switch|p2b: Archaludon|Archaludon, L50, F|100/100
|move|p1b: Scrafty|Fake Out|p2b: Archaludon
|-resisted|p2b: Archaludon|1
|-damage|p2b: Archaludon|95/100
|-ability|p2b: Archaludon|Stamina|boost
|-boost|p2b: Archaludon|def|1
|move|p2a: Talonflame|Dual Wingbeat|p2b: Archaludon
|-resisted|p2b: Archaludon|1
|-damage|p2b: Archaludon|93/100
|-ability|p2b: Archaludon|Stamina|boost
|-boost|p2b: Archaludon|def|1
|-resisted|p2b: Archaludon|1
|-damage|p2b: Archaludon|91/100
|-ability|p2b: Archaludon|Stamina|boost
|-boost|p2b: Archaludon|def|1
|-hitcount|p2b: Archaludon|2
|move|p1a: Farigiraf|Trick Room|p1a: Farigiraf
|-fieldstart|move: Trick Room|[of] p1a: Farigiraf
|
|-heal|p2b: Archaludon|97/100|[from] item: Leftovers
|upkeep
|turn|2
|
|t:|1786025495
|switch|p2a: Pelipper|Pelipper, L50, M|100/100
|-weather|RainDance|[from] ability: Drizzle|[of] p2a: Pelipper
|move|p1a: Farigiraf|Thunderbolt|p2a: Pelipper
|-supereffective|p2a: Pelipper|2
|-damage|p2a: Pelipper|0 fnt
|faint|p2a: Pelipper
|move|p1b: Scrafty|Knock Off|p2b: Archaludon
|-damage|p2b: Archaludon|85/100
|-ability|p2b: Archaludon|Stamina|boost
|-boost|p2b: Archaludon|def|1
|-enditem|p2b: Archaludon|Leftovers|[from] move: Knock Off|[of] p1b: Scrafty
|move|p2b: Archaludon|Electro Shot||[still]
|-prepare|p2b: Archaludon|Electro Shot
|-boost|p2b: Archaludon|spa|1
|-anim|p2b: Archaludon|Electro Shot|p1a: Farigiraf
|-damage|p1a: Farigiraf|40/100
|
|-weather|RainDance|[upkeep]
|upkeep
|
|t:|1786025511
|switch|p2a: Swampert|Swampert, L50, F|100/100
|turn|3
|
|t:|1786025526
|switch|p1a: Tyranitar|Tyranitar, L50, F|100/100
|-weather|Sandstorm|[from] ability: Sand Stream|[of] p1a: Tyranitar
|detailschange|p2a: Swampert|Swampert-Mega, L50, F
|-mega|p2a: Swampert|Swampert|Swampertite
|move|p1b: Scrafty|Poison Jab|p2a: Swampert
|-resisted|p2a: Swampert|1
|-damage|p2a: Swampert|89/100
|-status|p2a: Swampert|psn
|move|p2a: Swampert|Wave Crash|p1b: Scrafty
|-damage|p1b: Scrafty|27/100
|-damage|p2a: Swampert|68/100 psn|[from] Recoil
|move|p2b: Archaludon|Electro Shot||[still]
|-prepare|p2b: Archaludon|Electro Shot
|-boost|p2b: Archaludon|spa|1
|
|-weather|Sandstorm|[upkeep]
|-damage|p1b: Scrafty|22/100|[from] Sandstorm
|-damage|p2a: Swampert|56/100 psn|[from] psn
|upkeep
|turn|4
|
|t:|1786025549
|move|p1b: Scrafty|Drain Punch|p2b: Archaludon
|-supereffective|p2b: Archaludon|1
|-damage|p2b: Archaludon|68/100
|-heal|p1b: Scrafty|31/100|[from] drain|[of] p2b: Archaludon
|-ability|p2b: Archaludon|Stamina|boost
|-boost|p2b: Archaludon|def|1
|move|p1a: Tyranitar|Rock Slide|p2a: Swampert|[spread] p2b
|-miss|p1a: Tyranitar|p2a: Swampert
|-resisted|p2b: Archaludon|1
|-damage|p2b: Archaludon|65/100
|-ability|p2b: Archaludon|Stamina|boost
|-boost|p2b: Archaludon|def|1
|move|p2a: Swampert|Wave Crash|p1a: Tyranitar
|-supereffective|p1a: Tyranitar|1
|-damage|p1a: Tyranitar|0 fnt
|faint|p1a: Tyranitar
|-damage|p2a: Swampert|22/100 psn|[from] Recoil
|cant|p2b: Archaludon|flinch
|
|-weather|Sandstorm|[upkeep]
|-damage|p1b: Scrafty|25/100|[from] Sandstorm
|-damage|p2a: Swampert|10/100 psn|[from] psn
|upkeep
|
|t:|1786025554
|switch|p1a: Corviknight|Corviknight, L50, F|100/100
|turn|5
|inactive|predatorssg has 30 seconds left.
|
|t:|1786025583
|move|p2a: Swampert|Protect|p2a: Swampert
|-singleturn|p2a: Swampert|Protect
|move|p1b: Scrafty|Drain Punch|p2a: Swampert
|-activate|p2a: Swampert|move: Protect
|move|p1a: Corviknight|Tailwind|p1a: Corviknight
|-sidestart|p1: infamous coak|move: Tailwind
|move|p2b: Archaludon|Flash Cannon|p1b: Scrafty
|-damage|p1b: Scrafty|0 fnt
|faint|p1b: Scrafty
|
|-weather|Sandstorm|[upkeep]
|-damage|p2a: Swampert|0 fnt|[from] psn
|faint|p2a: Swampert
|-fieldend|move: Trick Room
|upkeep
|
|t:|1786025592
|switch|p2a: Talonflame|Talonflame, L50, F|100/100
|switch|p1b: Farigiraf|Farigiraf, L50, F|40/100
|turn|6
|
|t:|1786025601
|move|p2a: Talonflame|Rain Dance|p2a: Talonflame
|-weather|RainDance
|move|p1a: Corviknight|Bulk Up|p1a: Corviknight
|-boost|p1a: Corviknight|atk|1
|-boost|p1a: Corviknight|def|1
|move|p1b: Farigiraf|Thunderbolt|p2a: Talonflame
|-supereffective|p2a: Talonflame|1
|-damage|p2a: Talonflame|24/100
|move|p2b: Archaludon|Electro Shot||[still]
|-prepare|p2b: Archaludon|Electro Shot
|-boost|p2b: Archaludon|spa|1
|-anim|p2b: Archaludon|Electro Shot|p1b: Farigiraf
|-damage|p1b: Farigiraf|0 fnt
|faint|p1b: Farigiraf
|
|-weather|RainDance|[upkeep]
|upkeep
|turn|7
|
|t:|1786025610
|move|p2a: Talonflame|Tailwind|p2a: Talonflame
|-sidestart|p2: predatorssg|move: Tailwind
|move|p2b: Archaludon|Electro Shot||[still]
|-prepare|p2b: Archaludon|Electro Shot
|-boost|p2b: Archaludon|spa|1
|-anim|p2b: Archaludon|Electro Shot|p1a: Corviknight
|-supereffective|p1a: Corviknight|1
|-crit|p1a: Corviknight
|-damage|p1a: Corviknight|0 fnt
|faint|p1a: Corviknight
|
|win|predatorssg
||infamous coak is ready for game 2.
|l|☆infamous coak
|player|p1|
||predatorssg is ready for game 2.
|uhtml|next|Next: Game 2 of 3
