|j|☆supaeTheGoat
|j|☆Backwards_Aerial
|html|supaeTheGoatBackwards_Aerial    
|uhtml|bestof|Game 1 of a best-of-3
|t:|1785197476
|gametype|doubles
|player|p1|supaeTheGoat|benga|
|player|p2|Backwards_Aerial|palmer|
|gen|9
|tier|[Gen 9 Champions] VGC 2026 Reg M-B (Bo3)
|rule|Species Clause: Limit one of each Pokémon
|rule|Item Clause: Limit 1 of each item
|clearpoke
|poke|p1|Delphox, L50, F, shiny|
|poke|p1|Milotic, L50, F|
|poke|p1|Whimsicott, L50, M|
|poke|p1|Basculegion, L50, M|
|poke|p1|Tsareena, L50, F|
|poke|p1|Aegislash, L50, F|
|poke|p2|Swampert, L50, F|
|poke|p2|Noivern, L50, M|
|poke|p2|Scrafty, L50, M|
|poke|p2|Politoed, L50, F|
|poke|p2|Sneasler, L50, M|
|poke|p2|Sceptile, L50, M|
|teampreview|4
|showteam|p1|Delphox||Delphoxite|Magician|HeatWave,Psychic,Protect,GrassKnot|Timid||F|||50|]Milotic||Leftovers|Competitive|Protect,AlluringVoice,Scald,IcyWind|Calm||F|||50|]Whimsicott||FocusSash|Prankster|Tailwind,SunnyDay,Moonblast,Protect|Bold||M|||50|]Basculegion||ChoiceScarf|Adaptability|LastRespects,WaveCrash,FlipTurn,AquaJet|Jolly||M|||50|]Tsareena||SitrusBerry|QueenlyMajesty|TripleAxel,PlayRough,TropKick,Protect|Adamant||F|||50|]Aegislash||SpellTag|StanceChange|ShadowSneak,KingsShield,WideGuard,Poltergeist|Adamant||F|||50|
|showteam|p2|Swampert||Swampertite|Torrent|WaveCrash,Earthquake,FlipTurn,Protect|Adamant||F|||50|]Noivern||LifeOrb|Infiltrator|Hurricane,Tailwind,DracoMeteor,Protect|Modest||M|||50|]Scrafty||SitrusBerry|Intimidate|FakeOut,KnockOff,DrainPunch,Protect|Impish||M|||50|]Politoed||RindoBerry|Drizzle|WeatherBall,RainDance,Encore,Protect|Calm||F|||50|]Sneasler||FocusSash|Unburden|DireClaw,CloseCombat,FakeOut,Protect|Jolly||M|||50|]Sceptile||Sceptilite|Overgrow|GrassKnot,EarthPower,Protect,RockSlide|Modest||M|||50|
|inactive|Battle timer is ON: inactive players will automatically lose when time's up. (requested by supaeTheGoat)
|inactiveoff|Battle timer is now OFF.
|j| NiL312
|
|t:|1785197686
|teamsize|p1|4
|teamsize|p2|4
|start
|switch|p1a: Delphox|Delphox, L50, F, shiny|100/100
|switch|p1b: Whimsicott|Whimsicott, L50, M|100/100
|switch|p2a: The Annihilator|Swampert, L50, F|100/100
|switch|p2b: Mr. Drizzle|Politoed, L50, F|100/100
|-weather|RainDance|[from] ability: Drizzle|[of] p2b: Mr. Drizzle
|turn|1
|
|t:|1785197731
|switch|p2a: echo gecho|Noivern, L50, M|100/100
|detailschange|p1a: Delphox|Delphox-Mega, L50, F, shiny
|-mega|p1a: Delphox|Delphox|Delphoxite
|move|p1b: Whimsicott|Sunny Day|p1b: Whimsicott
|-weather|SunnyDay
|move|p1a: Delphox|Grass Knot|p2a: echo gecho
|-resisted|p2a: echo gecho|2
|-damage|p2a: echo gecho|90/100
|move|p2b: Mr. Drizzle|Weather Ball|p1b: Whimsicott
|-supereffective|p1b: Whimsicott|1
|-damage|p1b: Whimsicott|14/100
|
|-weather|SunnyDay|[upkeep]
|upkeep
|turn|2
|
|t:|1785197752
|move|p1b: Whimsicott|Tailwind|p1b: Whimsicott
|-sidestart|p1: supaeTheGoat|move: Tailwind
|move|p1a: Delphox|Grass Knot|p2b: Mr. Drizzle
|-supereffective|p2b: Mr. Drizzle|1
|-enditem|p2b: Mr. Drizzle|Rindo Berry|[eat]
|-enditem|p2b: Mr. Drizzle|Rindo Berry|[weaken]
|-damage|p2b: Mr. Drizzle|83/100
|move|p2a: echo gecho|Tailwind|p2a: echo gecho
|-sidestart|p2: Backwards_Aerial|move: Tailwind
|move|p2b: Mr. Drizzle|Rain Dance|p2b: Mr. Drizzle
|-weather|RainDance
|
|-weather|RainDance|[upkeep]
|upkeep
|turn|3
|
|t:|1785197780
|move|p1b: Whimsicott|Sunny Day|p1b: Whimsicott
|-weather|SunnyDay
|move|p1a: Delphox|Psychic|p2a: echo gecho
|-damage|p2a: echo gecho|21/100
|move|p2a: echo gecho|Draco Meteor|p1a: Delphox
|-damage|p1a: Delphox|15/100
|-unboost|p2a: echo gecho|spa|2
|-damage|p2a: echo gecho|11/100|[from] item: Life Orb
|move|p2b: Mr. Drizzle|Encore|p1b: Whimsicott
|-start|p1b: Whimsicott|Encore
|
|-weather|SunnyDay|[upkeep]
|upkeep
|turn|4
|
|t:|1785197808
|switch|p1b: Basculegion|Basculegion, L50, M|100/100
|move|p2a: echo gecho|Protect|p2a: echo gecho
|-singleturn|p2a: echo gecho|Protect
|move|p1a: Delphox|Psychic|p2b: Mr. Drizzle
|-damage|p2b: Mr. Drizzle|48/100
|move|p2b: Mr. Drizzle|Weather Ball|p1a: Delphox
|-resisted|p1a: Delphox|1
|-damage|p1a: Delphox|0 fnt
|faint|p1a: Delphox
|
|-weather|SunnyDay|[upkeep]
|upkeep
|
|t:|1785197819
|switch|p1a: Aegislash|Aegislash, L50, F|100/100
|turn|5
|
|t:|1785197849
|switch|p2a: WolfeyVGCfromTemu|Scrafty, L50, M|100/100
|-ability|p2a: WolfeyVGCfromTemu|Intimidate|boost
|-unboost|p1a: Aegislash|atk|1
|-unboost|p1b: Basculegion|atk|1
|-formechange|p1a: Aegislash|Aegislash-Blade|
|move|p1a: Aegislash|Shadow Sneak|p2b: Mr. Drizzle
|-crit|p2b: Mr. Drizzle
|-damage|p2b: Mr. Drizzle|0 fnt
|faint|p2b: Mr. Drizzle
|move|p1b: Basculegion|Flip Turn|p2a: WolfeyVGCfromTemu
|-damage|p2a: WolfeyVGCfromTemu|89/100
|
|t:|1785197859
|switch|p1b: Whimsicott|Whimsicott, L50, M|14/100|[from] Flip Turn
|
|-weather|SunnyDay|[upkeep]
|-sideend|p1: supaeTheGoat|move: Tailwind
|-sideend|p2: Backwards_Aerial|move: Tailwind
|upkeep
|
|t:|1785197879
|switch|p2b: The Annihilator|Swampert, L50, F|100/100
|turn|6
|
|t:|1785197897
|detailschange|p2b: The Annihilator|Swampert-Mega, L50, F
|-mega|p2b: The Annihilator|Swampert|Swampertite
|move|p1b: Whimsicott|Protect|p1b: Whimsicott
|-singleturn|p1b: Whimsicott|Protect
|move|p2b: The Annihilator|Protect|p2b: The Annihilator
|-singleturn|p2b: The Annihilator|Protect
|move|p2a: WolfeyVGCfromTemu|Fake Out|p1b: Whimsicott
|-activate|p1b: Whimsicott|move: Protect
|move|p1a: Aegislash|Poltergeist|p2b: The Annihilator
|-activate|p2b: The Annihilator|move: Protect
|
|-weather|SunnyDay|[upkeep]
|upkeep
|turn|7
|
|t:|1785197930
|-formechange|p1a: Aegislash|Aegislash|
|move|p1a: Aegislash|King's Shield|p1a: Aegislash
|-singleturn|p1a: Aegislash|Protect
|move|p1b: Whimsicott|Moonblast|p2a: WolfeyVGCfromTemu
|-supereffective|p2a: WolfeyVGCfromTemu|2
|-damage|p2a: WolfeyVGCfromTemu|0 fnt
|faint|p2a: WolfeyVGCfromTemu
|move|p2b: The Annihilator|Wave Crash|p1b: Whimsicott
|-resisted|p1b: Whimsicott|1
|-damage|p1b: Whimsicott|0 fnt
|faint|p1b: Whimsicott
|-damage|p2b: The Annihilator|95/100|[from] Recoil
|
|-weather|none
|upkeep
|
|t:|1785197942
|switch|p1b: Basculegion|Basculegion, L50, M|100/100
|switch|p2a: echo gecho|Noivern, L50, M|11/100
|turn|8
|
|t:|1785197954
|-formechange|p1a: Aegislash|Aegislash-Blade|
|move|p1a: Aegislash|Shadow Sneak|p2a: echo gecho
|-damage|p2a: echo gecho|0 fnt
|faint|p2a: echo gecho
|move|p1b: Basculegion|Last Respects|p2b: The Annihilator
|-damage|p2b: The Annihilator|10/100
|move|p2b: The Annihilator|Earthquake|p1a: Aegislash|[spread] p1a,p1b
|-supereffective|p1a: Aegislash|1
|-crit|p1a: Aegislash
|-damage|p1a: Aegislash|0 fnt
|-damage|p1b: Basculegion|43/100
|faint|p1a: Aegislash
|
|upkeep
|turn|9
|
|t:|1785197983
|move|p2b: The Annihilator|Protect|p2b: The Annihilator
|-singleturn|p2b: The Annihilator|Protect
|move|p1b: Basculegion|Last Respects|p2b: The Annihilator
|-activate|p2b: The Annihilator|move: Protect
|
|upkeep
|turn|10
|
|t:|1785197988
|move|p1b: Basculegion|Last Respects|p2b: The Annihilator
|-damage|p2b: The Annihilator|0 fnt
|faint|p2b: The Annihilator
|
|win|supaeTheGoat
||Backwards_Aerial is ready for game 2.
|l|☆supaeTheGoat
|player|p1|
|inactive|supaeTheGoat has 30 seconds to confirm battle start!
||supaeTheGoat is ready for game 2.
|uhtml|next|Next: Game 2 of 3
