|j|☆CrystalGem02
|j|☆Gambling42699
|html|CrystalGem02Gambling42699    
|uhtml|bestof|Game 3 of a best-of-3
|t:|1755539968
|gametype|doubles
|player|p1|CrystalGem02|valerie|1269
|player|p2|Gambling42699|giovanni|1367
|gen|9
|tier|[Gen 9] VGC 2025 Reg H (Bo3)
|rated|
|rule|Species Clause: Limit one of each Pokémon
|rule|Item Clause: Limit 1 of each item
|clearpoke
|poke|p1|Gholdengo, L50|
|poke|p1|Incineroar, L50, F|
|poke|p1|Amoonguss, L50, F|
|poke|p1|Basculegion, L50, M|
|poke|p1|Pelipper, L50, M|
|poke|p1|Archaludon, L50, F|
|poke|p2|Ninetales-Alola, L50, M|
|poke|p2|Ursaluna-Bloodmoon, L50, M|
|poke|p2|Maushold-Four, L50|
|poke|p2|Annihilape, L50, M|
|poke|p2|Klefki, L50, F|
|poke|p2|Sinistcha-Masterpiece, L50|
|teampreview|4
|showteam|p1|Gholdengo||LifeOrb|GoodasGold|MakeItRain,ShadowBall,NastyPlot,Protect||||||50|,,,,,Water]Incineroar||SafetyGoggles|Intimidate|KnockOff,PartingShot,Taunt,FakeOut|||F|||50|,,,,,Ghost]Amoonguss||SitrusBerry|Regenerator|PollenPuff,RagePowder,Spore,Protect|||F|||50|,,,,,Fairy]Basculegion||ChoiceBand|SwiftSwim|WaveCrash,LastRespects,AquaJet,FlipTurn|||M|||50|,,,,,Water]Pelipper||FocusSash|Drizzle|WeatherBall,Hurricane,Tailwind,Protect|||M|||50|,,,,,Ground]Archaludon||AssaultVest|Stamina|DragonPulse,ElectroShot,FlashCannon,BodyPress|||F|||50|,,,,,Bug
|showteam|p2|Ninetales-Alola||FocusSash|SnowWarning|Blizzard,FreezeDry,Encore,Protect|||M|||50|,,,,,Ghost]Ursaluna-Bloodmoon||AssaultVest|MindsEye|BloodMoon,EarthPower,HyperVoice,VacuumWave|||M|||50|,,,,,Water]Maushold-Four||SafetyGoggles|FriendGuard|BeatUp,Taunt,FollowMe,Protect||||||50|,,,,,Ghost]Annihilape||Leftovers|Defiant|DrainPunch,RageFist,BulkUp,Protect|||M|||50|,,,,,Fire]Klefki||LightClay|Prankster|DazzlingGleam,Reflect,LightScreen,MistyTerrain|||F|||50|,,,,,Ghost]Sinistcha-Masterpiece||SitrusBerry|Hospitality|MatchaGotcha,RagePowder,LifeDew,TrickRoom||||||50|,,,,,Water
|inactive|Battle timer is ON: inactive players will automatically lose when time's up. (requested by CrystalGem02)
|
|t:|1755539994
|teamsize|p1|4
|teamsize|p2|4
|start
|switch|p1a: Phantom|Basculegion, L50, M|100/100
|switch|p1b: V.Eradito|Archaludon, L50, F, shiny|100/100
|switch|p2a: Ursaluna|Ursaluna-Bloodmoon, L50, M|100/100
|switch|p2b: Klefki|Klefki, L50, F|100/100
|turn|1
|
|t:|1755540010
|-terastallize|p1a: Phantom|Water
|-terastallize|p2a: Ursaluna|Water
|move|p2b: Klefki|Light Screen|p2b: Klefki
|-sidestart|p2: Gambling42699|move: Light Screen
|move|p1a: Phantom|Flip Turn|p2a: Ursaluna
|-resisted|p2a: Ursaluna
|-damage|p2a: Ursaluna|76/100
|
|t:|1755540016
|switch|p1a: PippoPelippo|Pelipper, L50, M|100/100|[from] Flip Turn
|-weather|RainDance|[from] ability: Drizzle|[of] p1a: PippoPelippo
|move|p1b: V.Eradito|Electro Shot||[still]
|-prepare|p1b: V.Eradito|Electro Shot
|-boost|p1b: V.Eradito|spa|1
|-anim|p1b: V.Eradito|Electro Shot|p2a: Ursaluna
|-supereffective|p2a: Ursaluna
|-damage|p2a: Ursaluna|26/100
|move|p2a: Ursaluna|Earth Power|p1b: V.Eradito
|-supereffective|p1b: V.Eradito
|-damage|p1b: V.Eradito|24/100
|-unboost|p1b: V.Eradito|spd|1
|-ability|p1b: V.Eradito|Stamina|boost
|-boost|p1b: V.Eradito|def|1
|
|-weather|RainDance|[upkeep]
|upkeep
|turn|2
|inactive|CrystalGem02 has 30 seconds left.
|inactive|CrystalGem02 has 20 seconds left.
|
|t:|1755540056
|switch|p2b: Sinistcha|Sinistcha-Masterpiece, L50|100/100
|-heal|p2a: Ursaluna|51/100|[from] ability: Hospitality|[of] p2b: Sinistcha
|move|p2a: Ursaluna|Vacuum Wave|p1b: V.Eradito
|-supereffective|p1b: V.Eradito
|-damage|p1b: V.Eradito|0 fnt
|faint|p1b: V.Eradito
|move|p1a: PippoPelippo|Tailwind|p1a: PippoPelippo
|-sidestart|p1: CrystalGem02|move: Tailwind
|
|-weather|RainDance|[upkeep]
|upkeep
|
|t:|1755540078
|switch|p1b: Phantom|Basculegion, L50, M, tera:Water|100/100
|turn|3
|
|t:|1755540100
|switch|p2a: Klefki|Klefki, L50, F|100/100
|move|p1b: Phantom|Last Respects|p2b: Sinistcha
|-supereffective|p2b: Sinistcha
|-damage|p2b: Sinistcha|0 fnt
|faint|p2b: Sinistcha
|move|p1a: PippoPelippo|Hurricane|p2a: Klefki
|-resisted|p2a: Klefki
|-damage|p2a: Klefki|83/100
|
|-weather|RainDance|[upkeep]
|upkeep
|
|t:|1755540107
|switch|p2b: Ninetales|Ninetales-Alola, L50, M|100/100
|-weather|Snowscape|[from] ability: Snow Warning|[of] p2b: Ninetales
|turn|4
|inactive|CrystalGem02 has 30 seconds left.
|
|t:|1755540133
|move|p2a: Klefki|Reflect|p2a: Klefki
|-sidestart|p2: Gambling42699|Reflect
|move|p1b: Phantom|Last Respects|p2b: Ninetales
|-damage|p2b: Ninetales|47/100
|move|p1a: PippoPelippo|Hurricane|p2b: Ninetales|[miss]
|-miss|p1a: PippoPelippo|p2b: Ninetales
|move|p2b: Ninetales|Blizzard|p1a: PippoPelippo|[spread] p1a,p1b
|-resisted|p1b: Phantom
|-damage|p1a: PippoPelippo|48/100
|-damage|p1b: Phantom|81/100
|
|-weather|Snowscape|[upkeep]
|upkeep
|turn|5
|
|t:|1755540154
|switch|p1a: The goat|Gholdengo, L50|100/100
|move|p1b: Phantom|Last Respects|p2a: Klefki
|-damage|p2a: Klefki|35/100
|move|p2b: Ninetales|Freeze-Dry|p1b: Phantom
|-supereffective|p1b: Phantom
|-damage|p1b: Phantom|19/100
|move|p2a: Klefki|Dazzling Gleam|p1a: The goat|[spread] p1a,p1b
|-resisted|p1a: The goat
|-damage|p1a: The goat|92/100
|-damage|p1b: Phantom|0 fnt
|faint|p1b: Phantom
|
|-weather|Snowscape|[upkeep]
|-sideend|p1: CrystalGem02|move: Tailwind
|upkeep
|
|t:|1755540163
|switch|p1b: PippoPelippo|Pelipper, L50, M|48/100
|-weather|RainDance|[from] ability: Drizzle|[of] p1b: PippoPelippo
|turn|6
|
|t:|1755540180
|switch|p2a: Ursaluna|Ursaluna-Bloodmoon, L50, M, tera:Water|51/100
|move|p2b: Ninetales|Freeze-Dry|p1b: PippoPelippo
|-supereffective|p1b: PippoPelippo
|-damage|p1b: PippoPelippo|0 fnt
|faint|p1b: PippoPelippo
|move|p1a: The goat|Nasty Plot|p1a: The goat
|-boost|p1a: The goat|spa|2
|
|-weather|RainDance|[upkeep]
|upkeep
|turn|7
|inactive|CrystalGem02 has 30 seconds left.
|
|t:|1755540211
|move|p1a: The goat|Protect|p1a: The goat
|-singleturn|p1a: The goat|Protect
|move|p2b: Ninetales|Freeze-Dry|p1a: The goat
|-activate|p1a: The goat|move: Protect
|move|p2a: Ursaluna|Earth Power|p1a: The goat
|-activate|p1a: The goat|move: Protect
|
|-weather|RainDance|[upkeep]
|upkeep
|turn|8
|
|t:|1755540218
|switch|p2b: Klefki|Klefki, L50, F|35/100
|move|p1a: The goat|Protect||[still]
|-fail|p1a: The goat
|move|p2a: Ursaluna|Earth Power|p1a: The goat
|-supereffective|p1a: The goat
|-damage|p1a: The goat|0 fnt
|faint|p1a: The goat
|
|win|Gambling42699
|raw|CrystalGem02's rating: 1269 → 1251(-18 for losing)
|raw|Gambling42699's rating: 1367 → 1382(+15 for winning)
