|j|☆angusgrind13
|j|☆superdans
|html|angusgrind13superdans    
|uhtml|bestof|Game 3 of a best-of-3
|t:|1785137368
|gametype|doubles
|player|p1|angusgrind13|pokemonranger-gen4|1181
|player|p2|superdans|170|1090
|gen|9
|tier|[Gen 9 Champions] VGC 2026 Reg M-B (Bo3)
|rated|
|rule|Species Clause: Limit one of each Pokémon
|rule|Item Clause: Limit 1 of each item
|clearpoke
|poke|p1|Primarina, L50, F|
|poke|p1|Kingambit, L50, M|
|poke|p1|Froslass, L50, F|
|poke|p1|Sneasler, L50, F|
|poke|p1|Lycanroc-Dusk, L50, F|
|poke|p1|Dragonite, L50, M|
|poke|p2|Charizard, L50, F|
|poke|p2|Garchomp, L50, F|
|poke|p2|Whimsicott, L50, M|
|poke|p2|Kingambit, L50, M|
|poke|p2|Farigiraf, L50, F|
|poke|p2|Milotic, L50, M|
|teampreview|4
|showteam|p1|Primarina||LifeOrb|LiquidVoice|HyperVoice,Moonblast,Haze,Protect|Modest||F|||50|]Kingambit||BlackGlasses|Defiant|KowtowCleave,SuckerPunch,SwordsDance,Protect|Adamant||M|||50|]Froslass||Froslassite|CursedBody|Blizzard,ShadowBall,AuroraVeil,Protect|Timid||F|||50|]Sneasler||WhiteHerb|Unburden|GunkShot,CloseCombat,FakeOut,Protect|Adamant||F|||50|]Lycanroc-Dusk||FocusSash|ToughClaws|RockSlide,Accelerock,CloseCombat,Protect|Adamant||F|||50|]Dragonite||Dragoninite|Multiscale|DragonPulse,Flamethrower,Tailwind,Protect|Modest||M|||50|
|showteam|p2|Charizard||CharizarditeY|Blaze|HeatWave,SolarBeam,Overheat,Protect|Timid||F|||50|]Garchomp||LifeOrb|RoughSkin|Earthquake,DragonClaw,RockSlide,Protect|Jolly||F|||50|]Whimsicott||FocusSash|Prankster|Tailwind,SunnyDay,Encore,EnergyBall|Timid||M|||50|]Kingambit||ChopleBerry|Defiant|KowtowCleave,IronHead,SuckerPunch,BrickBreak|Adamant||M|||50|]Farigiraf||SitrusBerry|ArmorTail|Psychic,TrickRoom,Imprison,HelpingHand|Sassy||F|||50|]Milotic||Leftovers|Competitive|Scald,IcyWind,Haze,Protect|Bold||M|||50|
|
|t:|1785137408
|teamsize|p1|4
|teamsize|p2|4
|start
|switch|p1a: Dragonite|Dragonite, L50, M|100/100
|switch|p1b: Lycanroc|Lycanroc-Dusk, L50, F|100/100
|switch|p2a: Charizard|Charizard, L50, F|100/100
|switch|p2b: Garchomp|Garchomp, L50, F|100/100
|turn|1
|inactive|Battle timer is ON: inactive players will automatically lose when time's up. (requested by superdans)
|
|t:|1785137449
|detailschange|p1a: Dragonite|Dragonite-Mega, L50, M
|-mega|p1a: Dragonite|Dragonite|Dragoninite
|move|p2a: Charizard|Protect|p2a: Charizard
|-singleturn|p2a: Charizard|Protect
|move|p1b: Lycanroc|Accelerock|p2a: Charizard
|-activate|p2a: Charizard|move: Protect
|move|p2b: Garchomp|Earthquake|p1a: Dragonite|[spread] p1b
|-activate|p2a: Charizard|move: Protect
|-immune|p1a: Dragonite
|-supereffective|p1b: Lycanroc|1
|-enditem|p1b: Lycanroc|Focus Sash
|-damage|p1b: Lycanroc|1/100
|-damage|p2b: Garchomp|90/100|[from] item: Life Orb
|move|p1a: Dragonite|Tailwind|p1a: Dragonite
|-sidestart|p1: angusgrind13|move: Tailwind
|
|upkeep
|turn|2
|
|t:|1785137473
|switch|p2a: Milotic|Milotic, L50, M|100/100
|move|p1b: Lycanroc|Rock Slide|p2a: Milotic|[spread] p2a,p2b
|-resisted|p2b: Garchomp|1
|-damage|p2a: Milotic|76/100
|-damage|p2b: Garchomp|75/100
|move|p1a: Dragonite|Dragon Pulse|p2b: Garchomp
|-supereffective|p2b: Garchomp|1
|-damage|p2b: Garchomp|0 fnt
|faint|p2b: Garchomp
|
|-heal|p2a: Milotic|82/100|[from] item: Leftovers
|upkeep
|
|t:|1785137484
|switch|p2b: Whimsicott|Whimsicott, L50, M|100/100
|turn|3
|
|t:|1785137498
|switch|p1b: Primarina|Primarina, L50, F|100/100
|move|p2b: Whimsicott|Tailwind|p2b: Whimsicott
|-sidestart|p2: superdans|move: Tailwind
|move|p1a: Dragonite|Flamethrower|p2b: Whimsicott
|-supereffective|p2b: Whimsicott|1
|-enditem|p2b: Whimsicott|Focus Sash
|-damage|p2b: Whimsicott|1/100
|move|p2a: Milotic|Icy Wind|p1b: Primarina|[spread] p1a,p1b
|-supereffective|p1a: Dragonite|2
|-resisted|p1b: Primarina|1
|-damage|p1a: Dragonite|79/100
|-damage|p1b: Primarina|94/100
|-unboost|p1a: Dragonite|spe|1
|-unboost|p1b: Primarina|spe|1
|
|-heal|p2a: Milotic|88/100|[from] item: Leftovers
|upkeep
|turn|4
|inactive|superdans has 30 seconds left.
|
|t:|1785137530
|switch|p2b: Charizard|Charizard, L50, F|100/100
|move|p2a: Milotic|Protect|p2a: Milotic
|-singleturn|p2a: Milotic|Protect
|move|p1a: Dragonite|Protect|p1a: Dragonite
|-singleturn|p1a: Dragonite|Protect
|move|p1b: Primarina|Haze|p1b: Primarina
|-clearallboost
|
|-heal|p2a: Milotic|94/100|[from] item: Leftovers
|-sideend|p1: angusgrind13|move: Tailwind
|upkeep
|turn|5
|
|t:|1785137546
|detailschange|p2b: Charizard|Charizard-Mega-Y, L50, F
|-mega|p2b: Charizard|Charizard|Charizardite Y
|-weather|SunnyDay|[from] ability: Drought|[of] p2b: Charizard
|move|p2b: Charizard|Solar Beam||[still]
|-prepare|p2b: Charizard|Solar Beam
|-anim|p2b: Charizard|Solar Beam|p1b: Primarina
|-supereffective|p1b: Primarina|1
|-damage|p1b: Primarina|3/100
|move|p2a: Milotic|Icy Wind|p1a: Dragonite|[spread] p1a,p1b
|-supereffective|p1a: Dragonite|2
|-resisted|p1b: Primarina|1
|-damage|p1a: Dragonite|41/100
|-damage|p1b: Primarina|0 fnt
|-unboost|p1a: Dragonite|spe|1
|faint|p1b: Primarina
|move|p1a: Dragonite|Tailwind|p1a: Dragonite
|-sidestart|p1: angusgrind13|move: Tailwind
|
|-weather|SunnyDay|[upkeep]
|-heal|p2a: Milotic|100/100|[from] item: Leftovers
|upkeep
|
|t:|1785137558
|switch|p1b: Lycanroc|Lycanroc-Dusk, L50, F|1/100
|turn|6
|
|t:|1785137567
|move|p2b: Charizard|Protect|p2b: Charizard
|-singleturn|p2b: Charizard|Protect
|move|p1b: Lycanroc|Rock Slide|p2b: Charizard|[spread] p2a
|-activate|p2b: Charizard|move: Protect
|-damage|p2a: Milotic|74/100
|move|p2a: Milotic|Icy Wind|p1a: Dragonite|[spread] p1a,p1b
|-supereffective|p1a: Dragonite|2
|-damage|p1a: Dragonite|5/100
|-damage|p1b: Lycanroc|0 fnt
|-unboost|p1a: Dragonite|spe|1
|faint|p1b: Lycanroc
|move|p1a: Dragonite|Dragon Pulse|p2a: Milotic
|-damage|p2a: Milotic|33/100
|
|-weather|SunnyDay|[upkeep]
|-heal|p2a: Milotic|39/100|[from] item: Leftovers
|-sideend|p2: superdans|move: Tailwind
|upkeep
|
|t:|1785137580
|switch|p1b: Kingambit|Kingambit, L50, M|100/100
|turn|7
|
|t:|1785137591
|move|p1b: Kingambit|Sucker Punch|p2b: Charizard
|-damage|p2b: Charizard|32/100
|move|p2b: Charizard|Heat Wave|p1a: Dragonite|[spread] p1a,p1b
|-resisted|p1a: Dragonite|1
|-supereffective|p1b: Kingambit|1
|-damage|p1a: Dragonite|0 fnt
|-damage|p1b: Kingambit|0 fnt
|faint|p1a: Dragonite
|faint|p1b: Kingambit
|
|win|superdans
|raw|angusgrind13's rating: 1181 → 1150(-31 for losing)
|raw|superdans's rating: 1090 → 1123(+33 for winning)
