|j|☆Alecat
|j|☆Vividedenne
|html|AlecatVividedenne    
|uhtml|bestof|Game 3 of a best-of-3
|t:|1757253059
|gametype|doubles
|player|p1|Alecat|scientistf|1232
|player|p2|Vividedenne|#npl2023|1390
|gen|9
|tier|[Gen 9] VGC 2025 Reg H (Bo3)
|rated|
|rule|Species Clause: Limit one of each Pokémon
|rule|Item Clause: Limit 1 of each item
|clearpoke
|poke|p1|Sneasler, L50, F|
|poke|p1|Rillaboom, L50, F|
|poke|p1|Magmar, L50, M|
|poke|p1|Espathra, L50, F|
|poke|p1|Kingambit, L50, F|
|poke|p1|Arcanine-Hisui, L50, M|
|poke|p2|Whimsicott, L50, F|
|poke|p2|Indeedee, L50, M|
|poke|p2|Sneasler, L50, F|
|poke|p2|Delphox, L50, F|
|poke|p2|Maushold, L50|
|poke|p2|Annihilape, L50, F|
|teampreview|4
|showteam|p1|Sneasler||FocusSash|Unburden|FakeOut,CloseCombat,DireClaw,Coaching|||F|||50|,,,,,Ghost]Rillaboom||AssaultVest|GrassySurge|FakeOut,WoodHammer,GrassyGlide,HighHorsepower|||F|||50|,,,,,Fire]Magmar||Eviolite|VitalSpirit|Protect,HeatWave,Taunt,FollowMe|||M|||50|,,,,,Dragon]Espathra||GrassySeed|SpeedBoost|Protect,StoredPower,TeraBlast,CalmMind|||F|||50|,,,,,Fighting]Kingambit||SafetyGoggles|Defiant|Protect,KowtowCleave,SuckerPunch,SwordsDance|||F|||50|,,,,,Dark]Arcanine-Hisui||LoadedDice|Intimidate|Protect,FlareBlitz,RockBlast,ExtremeSpeed|||M|||50|,,,,,Ghost
|showteam|p2|Whimsicott||CovertCloak|Prankster|Tailwind,Moonblast,Encore,SunnyDay|||F|||50|,,,,,Water]Indeedee||FocusSash|PsychicSurge|ExpandingForce,TeraBlast,Imprison,TrickRoom|||M|||50|,,,,,Fairy]Sneasler||PsychicSeed|Unburden|DireClaw,CloseCombat,ThroatChop,Protect|||F|||50|,,,,,Dark]Delphox||LifeOrb|Blaze|ExpandingForce,HeatWave,TeraBlast,Protect|||F|||50|,,,,,Fighting]Maushold||WideLens|Technician|PopulationBomb,FollowMe,BeatUp,Protect||||||50|,,,,,Normal]Annihilape||AssaultVest|Defiant|FinalGambit,CloseCombat,RageFist,DrainPunch|||F|||50|,,,,,Fire
|inactive|Battle timer is ON: inactive players will automatically lose when time's up. (requested by Alecat)
|
|t:|1757253074
|teamsize|p1|4
|teamsize|p2|4
|start
|switch|p1a: Magmar|Magmar, L50, M|100/100
|switch|p1b: Kingambit|Kingambit, L50, F|100/100
|switch|p2a: Indeedee|Indeedee, L50, M|100/100
|switch|p2b: Delphox|Delphox, L50, F|100/100
|-fieldstart|move: Psychic Terrain|[from] ability: Psychic Surge|[of] p2a: Indeedee
|turn|1
|inactive|Vividedenne has 30 seconds left.
|inactive|Vividedenne has 20 seconds left.
|
|t:|1757253113
|switch|p2a: Annihilape|Annihilape, L50, F|100/100
|-terastallize|p2b: Delphox|Fighting
|-terastallize|p1b: Kingambit|Dark
|move|p1a: Magmar|Follow Me|p1a: Magmar
|-singleturn|p1a: Magmar|move: Follow Me
|move|p2b: Delphox|Heat Wave|p1a: Magmar|[spread] p1b
|-miss|p2b: Delphox|p1a: Magmar
|-damage|p1b: Kingambit|53/100
|-damage|p2b: Delphox|90/100|[from] item: Life Orb
|move|p1b: Kingambit|Swords Dance|p1b: Kingambit
|-boost|p1b: Kingambit|atk|2
|
|upkeep
|turn|2
|inactive|Vividedenne has 30 seconds left.
|inactive|Vividedenne has 20 seconds left.
|inactive|Vividedenne has 15 seconds left.
|inactive|Vividedenne has 10 seconds left.
|
|t:|1757253163
|move|p2b: Delphox|Protect|p2b: Delphox
|-singleturn|p2b: Delphox|Protect
|move|p1a: Magmar|Follow Me|p1a: Magmar
|-singleturn|p1a: Magmar|move: Follow Me
|move|p2a: Annihilape|Close Combat|p1a: Magmar
|-damage|p1a: Magmar|44/100
|-unboost|p2a: Annihilape|def|1
|-unboost|p2a: Annihilape|spd|1
|move|p1b: Kingambit|Kowtow Cleave|p2a: Annihilape
|-damage|p2a: Annihilape|0 fnt
|faint|p2a: Annihilape
|
|upkeep
|
|t:|1757253184
|switch|p2a: Sneasler|Sneasler, L50, F|100/100
|-enditem|p2a: Sneasler|Psychic Seed
|-boost|p2a: Sneasler|spd|1|[from] item: Psychic Seed
|turn|3
|
|t:|1757253201
|switch|p1a: Rillaboom|Rillaboom, L50, F|100/100
|-fieldstart|move: Grassy Terrain|[from] ability: Grassy Surge|[of] p1a: Rillaboom
|move|p1b: Kingambit|Sucker Punch|p2a: Sneasler
|-resisted|p2a: Sneasler
|-damage|p2a: Sneasler|20/100
|move|p2a: Sneasler|Close Combat|p1a: Rillaboom
|-damage|p1a: Rillaboom|18/100
|-unboost|p2a: Sneasler|def|1
|-unboost|p2a: Sneasler|spd|1
|move|p2b: Delphox|Heat Wave|p1b: Kingambit|[spread] p1a,p1b
|-supereffective|p1a: Rillaboom
|-damage|p1a: Rillaboom|0 fnt
|-damage|p1b: Kingambit|9/100
|faint|p1a: Rillaboom
|-damage|p2b: Delphox|80/100|[from] item: Life Orb
|
|-heal|p2a: Sneasler|26/100|[from] Grassy Terrain
|-heal|p2b: Delphox|86/100|[from] Grassy Terrain
|-heal|p1b: Kingambit|15/100|[from] Grassy Terrain
|upkeep
|inactive|Alecat has 30 seconds left.
|
|t:|1757253231
|switch|p1a: Magmar|Magmar, L50, M|44/100
|turn|4
|
|t:|1757253242
|switch|p2a: Indeedee|Indeedee, L50, M|100/100
|-fieldstart|move: Psychic Terrain|[from] ability: Psychic Surge|[of] p2a: Indeedee
|switch|p1b: Espathra|Espathra, L50, F|100/100
|move|p2b: Delphox|Heat Wave|p1b: Espathra|[spread] 
|-miss|p2b: Delphox|p1a: Magmar
|-miss|p2b: Delphox|p1b: Espathra
|move|p1a: Magmar|Heat Wave|p2b: Delphox|[spread] p2a,p2b
|-damage|p2a: Indeedee|67/100
|-damage|p2b: Delphox|58/100
|-status|p2b: Delphox|brn
|
|-damage|p2b: Delphox|52/100 brn|[from] brn
|upkeep
|turn|5
|
|t:|1757253262
|move|p1b: Espathra|Protect|p1b: Espathra
|-singleturn|p1b: Espathra|Protect
|move|p1a: Magmar|Protect|p1a: Magmar
|-singleturn|p1a: Magmar|Protect
|move|p2b: Delphox|Heat Wave|p1a: Magmar|[spread] 
|-activate|p1a: Magmar|move: Protect
|-activate|p1b: Espathra|move: Protect
|move|p2a: Indeedee|Expanding Force|p1b: Espathra|[spread] 
|-activate|p1a: Magmar|move: Protect
|-activate|p1b: Espathra|move: Protect
|
|-damage|p2b: Delphox|46/100 brn|[from] brn
|-ability|p1b: Espathra|Speed Boost|boost
|-boost|p1b: Espathra|spe|1
|upkeep
|turn|6
|inactive|Alecat has 30 seconds left.
|inactive|Vividedenne has 30 seconds left.
|inactive|Alecat has 20 seconds left.
|
|t:|1757253298
|move|p2b: Delphox|Protect|p2b: Delphox
|-singleturn|p2b: Delphox|Protect
|move|p1a: Magmar|Protect||[still]
|-fail|p1a: Magmar
|move|p1b: Espathra|Calm Mind|p1b: Espathra
|-boost|p1b: Espathra|spa|1
|-boost|p1b: Espathra|spd|1
|move|p2a: Indeedee|Trick Room|p2a: Indeedee
|-fieldstart|move: Trick Room|[of] p2a: Indeedee
|
|-damage|p2b: Delphox|40/100 brn|[from] brn
|-ability|p1b: Espathra|Speed Boost|boost
|-boost|p1b: Espathra|spe|1
|upkeep
|turn|7
|
|t:|1757253312
|move|p1b: Espathra|Protect|p1b: Espathra
|-singleturn|p1b: Espathra|Protect
|move|p1a: Magmar|Heat Wave|p2b: Delphox|[spread] p2a,p2b
|-damage|p2a: Indeedee|34/100
|-damage|p2b: Delphox|10/100 brn
|move|p2a: Indeedee|Expanding Force|p1b: Espathra|[spread] p1a
|-activate|p1b: Espathra|move: Protect
|-damage|p1a: Magmar|11/100
|move|p2b: Delphox|Heat Wave|p1b: Espathra|[spread] p1a
|-activate|p1b: Espathra|move: Protect
|-resisted|p1a: Magmar
|-damage|p1a: Magmar|0 fnt
|faint|p1a: Magmar
|-damage|p2b: Delphox|0 fnt|[from] item: Life Orb
|faint|p2b: Delphox
|
|-ability|p1b: Espathra|Speed Boost|boost
|-boost|p1b: Espathra|spe|1
|upkeep
|
|t:|1757253329
|switch|p1a: Kingambit|Kingambit, L50, F, tera:Dark|15/100
|switch|p2b: Sneasler|Sneasler, L50, F|26/100
|turn|8
|
|t:|1757253343
|move|p1a: Kingambit|Kowtow Cleave|p2b: Sneasler
|-resisted|p2b: Sneasler
|-damage|p2b: Sneasler|0 fnt
|faint|p2b: Sneasler
|move|p2a: Indeedee|Tera Blast|p1a: Kingambit
|-damage|p1a: Kingambit|0 fnt
|faint|p1a: Kingambit
|move|p1b: Espathra|Stored Power|p2a: Indeedee
|-resisted|p2a: Indeedee
|-damage|p2a: Indeedee|0 fnt
|faint|p2a: Indeedee
|
|win|Alecat
|raw|Alecat's rating: 1232 → 1268(+36 for winning)
|raw|Vividedenne's rating: 1390 → 1361(-29 for losing)
|l|☆Vividedenne
|player|p2|
