|j|☆kokomiiiii
|j|☆Karkz
|html|kokomiiiiiKarkz    
|uhtml|bestof|Game 2 of a best-of-3
|t:|1757904359
|gametype|doubles
|player|p1|kokomiiiii|lillie-masters|1172
|player|p2|Karkz|lance|1156
|gen|9
|tier|[Gen 9] VGC 2025 Reg H (Bo3)
|rated|
|rule|Species Clause: Limit one of each Pokémon
|rule|Item Clause: Limit 1 of each item
|clearpoke
|poke|p1|Gholdengo, L50|
|poke|p1|Ursaluna, L50, M|
|poke|p1|Dragonite, L50, F|
|poke|p1|Porygon2, L50|
|poke|p1|Incineroar, L50, M|
|poke|p1|Amoonguss, L50, M|
|poke|p2|Garganacl, L50, M|
|poke|p2|Volcarona, L50, F|
|poke|p2|Dondozo, L50, F|
|poke|p2|Grimmsnarl, L50, M|
|poke|p2|Rillaboom, L50, F|
|poke|p2|Tyranitar, L50, M|
|teampreview|4
|showteam|p1|Gholdengo||LifeOrb|GoodasGold|MakeItRain,ShadowBall,NastyPlot,Protect||||||50|,,,,,Water]Ursaluna||FlameOrb|Guts|HeadlongRush,Facade,Earthquake,Protect|||M|||50|,,,,,Ghost]Dragonite||LoadedDice|Multiscale|ScaleShot,Haze,Tailwind,Protect|||F|||50|,,,,,Fairy]Porygon2||Eviolite|Download|IceBeam,TeraBlast,TrickRoom,Recover||||||50|,,,,,Fighting]Incineroar||SafetyGoggles|Intimidate|FakeOut,KnockOff,FlareBlitz,PartingShot|||M|||50|,,,,,Ghost]Amoonguss||SitrusBerry|Regenerator|RagePowder,PollenPuff,Spore,Protect|||M|||50|,,,,,Water
|showteam|p2|Garganacl||SitrusBerry|PurifyingSalt|SaltCure,Recover,IronDefense,Protect|||M|||50|,,,,,Poison]Volcarona||Leftovers|FlameBody|HeatWave,GigaDrain,QuiverDance,Protect|||F|||50|,,,,,Dragon]Dondozo||SafetyGoggles|Unaware|WaveCrash,Fissure,Yawn,Protect|||F|||50|,,,,,Dragon]Grimmsnarl||LightClay|Prankster|SpiritBreak,ThunderWave,Reflect,LightScreen|||M|||50|,,,,,Ghost]Rillaboom||MiracleSeed|GrassySurge|WoodHammer,GrassyGlide,Uturn,FakeOut|||F|||50|,,,,,Grass]Tyranitar||AssaultVest|SandStream|RockSlide,KnockOff,TeraBlast,SandTomb|||M|||50|,,,,,Flying
|inactive|Battle timer is ON: inactive players will automatically lose when time's up. (requested by Karkz)
|inactive|kokomiiiii has 60 seconds left.
|inactive|Karkz has 60 seconds left.
|inactive|kokomiiiii has 30 seconds left.
|
|t:|1757904429
|teamsize|p1|4
|teamsize|p2|4
|start
|switch|p1a: Midcineroar|Incineroar, L50, M, shiny|100/100
|switch|p1b: Annoyingon2|Porygon2, L50, shiny|100/100
|switch|p2a: Goblin Mode|Grimmsnarl, L50, M|100/100
|switch|p2b: Mothra|Volcarona, L50, F|100/100
|-ability|p1a: Midcineroar|Intimidate|boost
|-unboost|p2a: Goblin Mode|atk|1
|-unboost|p2b: Mothra|atk|1
|-ability|p1b: Annoyingon2|Download|boost
|-boost|p1b: Annoyingon2|atk|1
|turn|1
|inactive|kokomiiiii has 30 seconds left.
|
|t:|1757904458
|move|p2b: Mothra|Protect|p2b: Mothra
|-singleturn|p2b: Mothra|Protect
|move|p2a: Goblin Mode|Reflect|p2a: Goblin Mode
|-sidestart|p2: Karkz|Reflect
|move|p1a: Midcineroar|Knock Off|p2a: Goblin Mode
|-resisted|p2a: Goblin Mode
|-damage|p2a: Goblin Mode|94/100
|-enditem|p2a: Goblin Mode|Light Clay|[from] move: Knock Off|[of] p1a: Midcineroar
|move|p1b: Annoyingon2|Trick Room|p1b: Annoyingon2
|-fieldstart|move: Trick Room|[of] p1b: Annoyingon2
|
|upkeep
|turn|2
|
|t:|1757904474
|switch|p2b: Boto|Dondozo, L50, F|100/100
|move|p2a: Goblin Mode|Spirit Break|p1a: Midcineroar
|-damage|p1a: Midcineroar|82/100
|-unboost|p1a: Midcineroar|spa|1
|move|p1b: Annoyingon2|Tera Blast|p2a: Goblin Mode
|-damage|p2a: Goblin Mode|60/100
|move|p1a: Midcineroar|Knock Off|p2b: Boto
|-damage|p2b: Boto|85/100
|-enditem|p2b: Boto|Safety Goggles|[from] move: Knock Off|[of] p1a: Midcineroar
|
|upkeep
|turn|3
|
|t:|1757904490
|switch|p1b: bam|Ursaluna, L50, M, shiny|100/100
|move|p2a: Goblin Mode|Light Screen|p2a: Goblin Mode
|-sidestart|p2: Karkz|move: Light Screen
|move|p2b: Boto|Yawn|p1a: Midcineroar
|-start|p1a: Midcineroar|move: Yawn|[of] p2b: Boto
|move|p1a: Midcineroar|Parting Shot|p2b: Boto
|-unboost|p2b: Boto|atk|1
|-unboost|p2b: Boto|spa|1
|
|t:|1757904501
|switch|p1a: Annoyingon2|Porygon2, L50, shiny|100/100|[from] Parting Shot
|-ability|p1a: Annoyingon2|Download|boost
|-boost|p1a: Annoyingon2|spa|1
|
|-status|p1b: bam|brn|[from] item: Flame Orb
|upkeep
|turn|4
|
|t:|1757904515
|move|p2b: Boto|Protect|p2b: Boto
|-singleturn|p2b: Boto|Protect
|move|p2a: Goblin Mode|Thunder Wave|p1a: Annoyingon2
|-status|p1a: Annoyingon2|par
|move|p1a: Annoyingon2|Tera Blast|p2b: Boto
|-activate|p2b: Boto|move: Protect
|move|p1b: bam|Facade|p2a: Goblin Mode
|-damage|p2a: Goblin Mode|0 fnt
|faint|p2a: Goblin Mode
|
|-damage|p1b: bam|95/100 brn|[from] brn
|upkeep
|
|t:|1757904518
|switch|p2a: Gangrel|Rillaboom, L50, F|100/100
|-fieldstart|move: Grassy Terrain|[from] ability: Grassy Surge|[of] p2a: Gangrel
|turn|5
|
|t:|1757904538
|switch|p1b: Midcineroar|Incineroar, L50, M, shiny|82/100
|-ability|p1b: Midcineroar|Intimidate|boost
|-unboost|p2a: Gangrel|atk|1
|-unboost|p2b: Boto|atk|1
|-terastallize|p2a: Gangrel|Grass
|move|p2a: Gangrel|Grassy Glide|p1b: Midcineroar
|-resisted|p1b: Midcineroar
|-damage|p1b: Midcineroar|61/100
|move|p1a: Annoyingon2|Ice Beam|p2a: Gangrel
|-supereffective|p2a: Gangrel
|-crit|p2a: Gangrel
|-damage|p2a: Gangrel|0 fnt
|faint|p2a: Gangrel
|move|p2b: Boto|Wave Crash|p1b: Midcineroar
|-supereffective|p1b: Midcineroar
|-damage|p1b: Midcineroar|13/100
|-damage|p2b: Boto|72/100|[from] Recoil
|
|-heal|p2b: Boto|78/100|[from] Grassy Terrain
|-heal|p1b: Midcineroar|19/100|[from] Grassy Terrain
|-fieldend|move: Trick Room
|upkeep
|
|t:|1757904541
|switch|p2a: Mothra|Volcarona, L50, F|100/100
|turn|6
|
|t:|1757904556
|move|p2a: Mothra|Quiver Dance|p2a: Mothra
|-boost|p2a: Mothra|spa|1
|-boost|p2a: Mothra|spd|1
|-boost|p2a: Mothra|spe|1
|move|p1b: Midcineroar|Parting Shot|p2a: Mothra
|-unboost|p2a: Mothra|atk|1
|-unboost|p2a: Mothra|spa|1
|
|t:|1757904565
|switch|p1b: da king|Gholdengo, L50|100/100|[from] Parting Shot
|move|p2b: Boto|Fissure|p1a: Annoyingon2
|-damage|p1a: Annoyingon2|0 fnt
|faint|p1a: Annoyingon2
|-ohko
|
|-heal|p2b: Boto|84/100|[from] Grassy Terrain
|upkeep
|
|t:|1757904576
|switch|p1a: bam|Ursaluna, L50, M, shiny|95/100 brn
|turn|7
|
|t:|1757904585
|-terastallize|p1b: da king|Water
|move|p2a: Mothra|Giga Drain|p1a: bam
|-supereffective|p1a: bam
|-damage|p1a: bam|35/100 brn
|move|p1b: da king|Shadow Ball|p2b: Boto
|-damage|p2b: Boto|56/100
|-damage|p1b: da king|91/100|[from] item: Life Orb
|move|p1a: bam|Facade|p2a: Mothra
|-damage|p2a: Mothra|22/100
|move|p2b: Boto|Wave Crash|p1a: bam
|-supereffective|p1a: bam
|-damage|p1a: bam|0 fnt
|faint|p1a: bam
|-damage|p2b: Boto|46/100|[from] Recoil
|
|-heal|p2a: Mothra|28/100|[from] Grassy Terrain
|-heal|p2a: Mothra|33/100|[from] item: Leftovers
|-heal|p1b: da king|97/100|[from] Grassy Terrain
|-heal|p2b: Boto|52/100|[from] Grassy Terrain
|-sideend|p2: Karkz|move: Light Screen
|upkeep
|
|t:|1757904595
|switch|p1a: Midcineroar|Incineroar, L50, M, shiny|19/100
|-ability|p1a: Midcineroar|Intimidate|boost
|-unboost|p2a: Mothra|atk|1
|-unboost|p2b: Boto|atk|1
|turn|8
|
|t:|1757904607
|move|p2a: Mothra|Protect|p2a: Mothra
|-singleturn|p2a: Mothra|Protect
|move|p1a: Midcineroar|Fake Out|p2a: Mothra
|-activate|p2a: Mothra|move: Protect
|move|p1b: da king|Nasty Plot|p1b: da king
|-boost|p1b: da king|spa|2
|move|p2b: Boto|Wave Crash|p1a: Midcineroar
|-supereffective|p1a: Midcineroar
|-damage|p1a: Midcineroar|0 fnt
|faint|p1a: Midcineroar
|-damage|p2b: Boto|46/100|[from] Recoil
|
|-heal|p2a: Mothra|39/100|[from] Grassy Terrain
|-heal|p2a: Mothra|45/100|[from] item: Leftovers
|-heal|p1b: da king|100/100|[from] Grassy Terrain
|-heal|p2b: Boto|52/100|[from] Grassy Terrain
|-sideend|p2: Karkz|Reflect
|upkeep
|turn|9
|
|t:|1757904616
|move|p2a: Mothra|Giga Drain|p1b: da king
|-supereffective|p1b: da king
|-damage|p1b: da king|33/100
|-heal|p2a: Mothra|76/100|[from] drain|[of] p1b: da king
|move|p1b: da king|Make It Rain|p2a: Mothra|[spread] p2a,p2b
|-resisted|p2a: Mothra
|-resisted|p2b: Boto
|-damage|p2a: Mothra|43/100
|-damage|p2b: Boto|32/100
|-unboost|p1b: da king|spa|1
|-damage|p1b: da king|24/100|[from] item: Life Orb
|move|p2b: Boto|Fissure|p1b: da king|[miss]
|-miss|p2b: Boto|p1b: da king
|
|-heal|p2a: Mothra|49/100|[from] Grassy Terrain
|-heal|p2a: Mothra|54/100|[from] item: Leftovers
|-heal|p1b: da king|30/100|[from] Grassy Terrain
|-heal|p2b: Boto|38/100|[from] Grassy Terrain
|-fieldend|move: Grassy Terrain
|upkeep
|turn|10
|
|t:|1757904626
|move|p2a: Mothra|Giga Drain|p1b: da king
|-supereffective|p1b: da king
|-damage|p1b: da king|0 fnt
|-heal|p2a: Mothra|69/100|[from] drain|[of] p1b: da king
|faint|p1b: da king
|
|win|Karkz
