|j|☆steveismail
|j|☆homerj71
|html|steveismailhomerj71    
|uhtml|bestof|Game 1 of a best-of-3
|t:|1785739859
|gametype|doubles
|player|p1|steveismail|1|1083
|player|p2|homerj71|1|1130
|gen|9
|tier|[Gen 9 Champions] VGC 2026 Reg M-B (Bo3)
|rated|
|rule|Species Clause: Limit one of each Pokémon
|rule|Item Clause: Limit 1 of each item
|clearpoke
|poke|p1|Tyrantrum, L50, F|
|poke|p1|Tyranitar, L50, F, shiny|
|poke|p1|Incineroar, L50, F|
|poke|p1|Glimmora, L50, F|
|poke|p1|Sinistcha, L50|
|poke|p1|Excadrill, L50, F|
|poke|p2|Tyranitar, L50, M|
|poke|p2|Staraptor, L50, M|
|poke|p2|Gholdengo, L50|
|poke|p2|Excadrill, L50, M|
|poke|p2|Sinistcha, L50|
|poke|p2|Milotic, L50, F|
|teampreview|4
|showteam|p1|Tyrantrum||YacheBerry|StrongJaw|FireFang,IceFang,Protect,DragonClaw|Brave||F|||50|]Tyranitar||Tyranitarite|SandStream|RockSlide,Protect,Crunch,HydroPump|Brave||F|||50|]Incineroar||SitrusBerry|Intimidate|ThroatChop,FlareBlitz,PartingShot,FakeOut|Adamant||F|||50|]Glimmora||FocusSash|ToxicDebris|EarthPower,Toxic,Spikes,SpikyShield|Quiet||F|||50|]Sinistcha||OccaBerry|Hospitality|TrickRoom,RagePowder,ShadowBall,MatchaGotcha|Quiet|||||50|]Excadrill||WideLens|SandRush|RockSlide,IronHead,XScissor,HighHorsepower|Adamant||F|||50|
|showteam|p2|Tyranitar||Tyranitarite|SandStream|KnockOff,RockSlide,Protect,LowKick|Jolly||M|||50|]Staraptor||Staraptite|Intimidate|DualWingbeat,CloseCombat,Protect,Tailwind|Jolly||M|||50|]Gholdengo||LifeOrb|GoodasGold|MakeItRain,NastyPlot,Protect,ShadowBall|Timid|||||50|]Excadrill||FocusSash|SandRush|HighHorsepower,IronHead,RockSlide,Protect|Adamant||M|||50|]Sinistcha||SitrusBerry|Hospitality|MatchaGotcha,RagePowder,ShadowBall,Protect|Calm|||||50|]Milotic||Leftovers|Competitive|Scald,IcyWind,Protect,IceBeam|Modest||F|||50|
|inactive|Battle timer is ON: inactive players will automatically lose when time's up. (requested by homerj71)
|inactive|homerj71 has 60 seconds left.
|
|t:|1785739906
|teamsize|p1|4
|teamsize|p2|4
|start
|switch|p1a: Sinistcha|Sinistcha, L50|100/100
|switch|p1b: Glimmora|Glimmora, L50, F|100/100
|switch|p2a: Staraptor|Staraptor, L50, M|100/100
|switch|p2b: Milotic|Milotic, L50, F|100/100
|-ability|p2a: Staraptor|Intimidate|boost
|-unboost|p1a: Sinistcha|atk|1
|-unboost|p1b: Glimmora|atk|1
|turn|1
|
|t:|1785739929
|detailschange|p2a: Staraptor|Staraptor-Mega, L50, M
|-mega|p2a: Staraptor|Staraptor|Staraptite
|move|p2a: Staraptor|Dual Wingbeat|p1a: Sinistcha
|-supereffective|p1a: Sinistcha|1
|-damage|p1a: Sinistcha|56/100
|-supereffective|p1a: Sinistcha|1
|-damage|p1a: Sinistcha|15/100
|-hitcount|p1a: Sinistcha|2
|move|p2b: Milotic|Scald|p1b: Glimmora
|-supereffective|p1b: Glimmora|1
|-crit|p1b: Glimmora
|-enditem|p1b: Glimmora|Focus Sash
|-damage|p1b: Glimmora|1/100
|move|p1b: Glimmora|Spikes|p2b: Milotic
|-sidestart|p2: homerj71|Spikes
|move|p1a: Sinistcha|Trick Room|p1a: Sinistcha
|-fieldstart|move: Trick Room|[of] p1a: Sinistcha
|
|upkeep
|turn|2
|inactive|homerj71 has 30 seconds left.
|
|t:|1785739956
|switch|p1a: Tyranitar|Tyranitar, L50, F, shiny|100/100
|-weather|Sandstorm|[from] ability: Sand Stream|[of] p1a: Tyranitar
|move|p1b: Glimmora|Spiky Shield|p1b: Glimmora
|-singleturn|p1b: Glimmora|move: Protect
|move|p2b: Milotic|Scald|p1b: Glimmora
|-activate|p1b: Glimmora|move: Protect
|move|p2a: Staraptor|Dual Wingbeat|p1a: Tyranitar
|-resisted|p1a: Tyranitar|1
|-damage|p1a: Tyranitar|92/100
|-resisted|p1a: Tyranitar|1
|-damage|p1a: Tyranitar|84/100
|-hitcount|p1a: Tyranitar|2
|
|-weather|Sandstorm|[upkeep]
|-damage|p2b: Milotic|94/100|[from] Sandstorm
|-damage|p2a: Staraptor|94/100|[from] Sandstorm
|-heal|p2b: Milotic|100/100|[from] item: Leftovers
|upkeep
|turn|3
|inactive|steveismail has 30 seconds left.
|
|t:|1785739984
|move|p1a: Tyranitar|Rock Slide|p2a: Staraptor|[spread] p2a,p2b
|-damage|p2a: Staraptor|59/100
|-damage|p2b: Milotic|71/100
|move|p1b: Glimmora|Spikes|p2b: Milotic
|-sidestart|p2: homerj71|Spikes
|cant|p2b: Milotic|flinch
|move|p2a: Staraptor|Close Combat|p1a: Tyranitar
|-supereffective|p1a: Tyranitar|2
|-damage|p1a: Tyranitar|0 fnt
|-boost|p2a: Staraptor|def|1
|-boost|p2a: Staraptor|spd|1
|faint|p1a: Tyranitar
|
|-weather|Sandstorm|[upkeep]
|-damage|p2b: Milotic|65/100|[from] Sandstorm
|-damage|p2a: Staraptor|53/100|[from] Sandstorm
|-heal|p2b: Milotic|71/100|[from] item: Leftovers
|upkeep
|
|t:|1785740003
|switch|p1a: Sinistcha|Sinistcha, L50|15/100
|-heal|p1b: Glimmora|25/100|[from] ability: Hospitality|[of] p1a: Sinistcha
|turn|4
|
|t:|1785740013
|move|p1a: Sinistcha|Matcha Gotcha|p2b: Milotic|[spread] p2a,p2b
|-resisted|p2a: Staraptor|1
|-supereffective|p2b: Milotic|1
|-damage|p2a: Staraptor|43/100
|-heal|p1a: Sinistcha|20/100y|[from] drain|[of] p2a: Staraptor
|-damage|p2b: Milotic|29/100
|-heal|p1a: Sinistcha|44/100|[from] drain|[of] p2b: Milotic
|move|p1b: Glimmora|Earth Power|p2a: Staraptor
|-immune|p2a: Staraptor
|move|p2b: Milotic|Ice Beam|p1a: Sinistcha
|-supereffective|p1a: Sinistcha|1
|-damage|p1a: Sinistcha|0 fnt
|faint|p1a: Sinistcha
|move|p2a: Staraptor|Close Combat|p1b: Glimmora
|-damage|p1b: Glimmora|0 fnt
|-boost|p2a: Staraptor|def|1
|-boost|p2a: Staraptor|spd|1
|-activate|p1b: Glimmora|ability: Toxic Debris
|-sidestart|p2: homerj71|move: Toxic Spikes
|faint|p1b: Glimmora
|
|-weather|Sandstorm|[upkeep]
|-damage|p2b: Milotic|23/100|[from] Sandstorm
|-damage|p2a: Staraptor|37/100|[from] Sandstorm
|-heal|p2b: Milotic|29/100|[from] item: Leftovers
|upkeep
|inactive|steveismail has 30 seconds left.
|inactive|steveismail has 20 seconds left.
|inactive|steveismail has 15 seconds left.
|inactive|steveismail has 10 seconds left.
|inactive|steveismail has 5 seconds left.
|
|t:|1785740068
|switch|p1a: Excadrill|Excadrill, L50, F|100/100
|turn|5
|inactive|steveismail has 30 seconds left.
|inactive|steveismail has 20 seconds left.
|inactive|steveismail has 15 seconds left.
|inactive|steveismail has 10 seconds left.
|inactive|steveismail has 5 seconds left.
|
|t:|1785740123
|move|p2b: Milotic|Scald|p1a: Excadrill
|-supereffective|p1a: Excadrill|1
|-damage|p1a: Excadrill|10/100
|move|p2a: Staraptor|Close Combat|p1a: Excadrill
|-supereffective|p1a: Excadrill|1
|-damage|p1a: Excadrill|0 fnt
|-boost|p2a: Staraptor|def|1
|-boost|p2a: Staraptor|spd|1
|faint|p1a: Excadrill
|
|win|homerj71
