|j|☆Jet Stream Cyber
|j|☆Graavi
|html|Jet Stream CyberGraavi    
|uhtml|bestof|Game 2 of a best-of-3
|t:|1783266817
|gametype|doubles
|player|p1|Jet Stream Cyber|red|1081
|player|p2|Graavi|102|1000
|gen|9
|tier|[Gen 9 Champions] VGC 2026 Reg M-B (Bo3)
|rated|
|rule|Species Clause: Limit one of each Pokémon
|rule|Item Clause: Limit 1 of each item
|clearpoke
|poke|p1|Froslass, L50, F|
|poke|p1|Basculegion, L50, M|
|poke|p1|Whimsicott, L50, M|
|poke|p1|Farigiraf, L50, F|
|poke|p1|Delphox, L50, F|
|poke|p1|Kingambit, L50, F|
|poke|p2|Vivillon, L50, M|
|poke|p2|Incineroar, L50, F|
|poke|p2|Gardevoir, L50, F|
|poke|p2|Tsareena, L50, F|
|poke|p2|Lucario, L50, M|
|poke|p2|Arcanine-Hisui, L50, F|
|teampreview|4
|showteam|p1|Froslass||Froslassite|CursedBody|Protect,Blizzard,ShadowBall,AuroraVeil|Timid||F|||50|]Basculegion||ChoiceScarf|Adaptability|WaveCrash,FlipTurn,LastRespects,PsychicFangs|Adamant||M|||50|]Whimsicott||FocusSash|Prankster|Protect,Tailwind,Encore,Moonblast|Timid||M|||50|]Farigiraf||SitrusBerry|ArmorTail|Protect,TrickRoom,Imprison,DazzlingGleam|Modest||F|||50|]Delphox||Delphoxite|Magician|Protect,NastyPlot,HeatWave,Psychic|Timid||F|||50|]Kingambit||LifeOrb|Defiant|Protect,SuckerPunch,IronHead,KowtowCleave|Adamant||F|||50|
|showteam|p2|Vivillon||FocusSash|FriendGuard|Tailwind,RagePowder,PollenPuff,Protect|Modest||M|||50|]Incineroar||IronBall|Intimidate|FakeOut,PartingShot,DarkestLariat,Taunt|Brave||F|||50|]Gardevoir||Gardevoirite|Trace|HyperVoice,Protect,Psyshock,Psychic|Modest||F|||50|]Tsareena||WideLens|QueenlyMajesty|HighJumpKick,TripleAxel,Protect,PowerWhip|Adamant||F|||50|]Lucario||Lucarionite|InnerFocus|CloseCombat,Earthquake,Crunch,Protect|Jolly||M|||50|]Arcanine-Hisui||Leftovers|Intimidate|RockSlide,FlareBlitz,ExtremeSpeed,Protect|Jolly||F|||50|
|
|t:|1783266844
|teamsize|p1|4
|teamsize|p2|4
|start
|switch|p1a: Kingambit|Kingambit, L50, F|100/100
|switch|p1b: Basculegion|Basculegion, L50, M|100/100
|switch|p2a: Incineroar|Incineroar, L50, F|100/100
|switch|p2b: Tsareena|Tsareena, L50, F|100/100
|-ability|p2a: Incineroar|Intimidate|boost
|-unboost|p1a: Kingambit|atk|1
|-ability|p1a: Kingambit|Defiant|boost
|-boost|p1a: Kingambit|atk|2
|-unboost|p1b: Basculegion|atk|1
|turn|1
|inactive|Battle timer is ON: inactive players will automatically lose when time's up. (requested by Jet Stream Cyber)
|
|t:|1783266864
|move|p1a: Kingambit|Protect|p1a: Kingambit
|-singleturn|p1a: Kingambit|Protect
|move|p2a: Incineroar|Fake Out|p1a: Kingambit
|-activate|p1a: Kingambit|move: Protect
|move|p1b: Basculegion|Flip Turn|p2a: Incineroar
|-supereffective|p2a: Incineroar|1
|-damage|p2a: Incineroar|48/100
|
|t:|1783266871
|switch|p1b: Whimsicott|Whimsicott, L50, M|100/100|[from] Flip Turn
|move|p2b: Tsareena|Power Whip|p1b: Whimsicott|[miss]
|-miss|p2b: Tsareena|p1b: Whimsicott
|
|upkeep
|turn|2
|
|t:|1783266895
|move|p1b: Whimsicott|Encore||[still]
|cant|p2b: Tsareena|ability: Queenly Majesty|Encore|[of] p1b: Whimsicott
|move|p2b: Tsareena|High Jump Kick|p1a: Kingambit
|-supereffective|p1a: Kingambit|2
|-damage|p1a: Kingambit|0 fnt
|faint|p1a: Kingambit
|move|p2a: Incineroar|Taunt|p1b: Whimsicott
|-start|p1b: Whimsicott|move: Taunt
|
|upkeep
|
|t:|1783266905
|switch|p1a: Delphox|Delphox, L50, F|100/100
|turn|3
|inactive|Graavi has 30 seconds left.
|
|t:|1783266933
|detailschange|p1a: Delphox|Delphox-Mega, L50, F
|-mega|p1a: Delphox|Delphox|Delphoxite
|move|p1a: Delphox|Heat Wave|p2a: Incineroar|[spread] p2a,p2b
|-resisted|p2a: Incineroar|1
|-supereffective|p2b: Tsareena|1
|-damage|p2a: Incineroar|30/100
|-damage|p2b: Tsareena|0 fnt
|faint|p2b: Tsareena
|move|p1b: Whimsicott|Moonblast|p2a: Incineroar
|-damage|p2a: Incineroar|3/100
|-unboost|p2a: Incineroar|spa|1
|move|p2a: Incineroar|Parting Shot|p1b: Whimsicott
|-unboost|p1b: Whimsicott|atk|1
|-unboost|p1b: Whimsicott|spa|1
|
|t:|1783266946
|switch|p2a: Arcanine|Arcanine-Hisui, L50, F|100/100|[from] Parting Shot
|-ability|p2a: Arcanine|Intimidate|boost
|-unboost|p1a: Delphox|atk|1
|-unboost|p1b: Whimsicott|atk|1
|
|upkeep
|
|t:|1783266952
|switch|p2b: Lucario|Lucario, L50, M|100/100
|turn|4
|
|t:|1783266972
|switch|p1b: Basculegion|Basculegion, L50, M|100/100
|detailschange|p2b: Lucario|Lucario-Mega, L50, M
|-mega|p2b: Lucario|Lucario|Lucarionite
|move|p1a: Delphox|Nasty Plot|p1a: Delphox
|-boost|p1a: Delphox|spa|2
|move|p2b: Lucario|Crunch|p1a: Delphox
|-supereffective|p1a: Delphox|1
|-damage|p1a: Delphox|1/100
|move|p2a: Arcanine|Rock Slide|p1a: Delphox|[spread] p1a,p1b
|-supereffective|p1a: Delphox|1
|-crit|p1a: Delphox
|-damage|p1a: Delphox|0 fnt
|-damage|p1b: Basculegion|67/100
|faint|p1a: Delphox
|
|upkeep
|
|t:|1783266987
|switch|p1a: Whimsicott|Whimsicott, L50, M|100/100
|turn|5
|
|t:|1783266999
|move|p1a: Whimsicott|Tailwind|p1a: Whimsicott
|-sidestart|p1: Jet Stream Cyber|move: Tailwind
|move|p1b: Basculegion|Wave Crash|p2b: Lucario
|-damage|p2b: Lucario|0 fnt
|faint|p2b: Lucario
|-damage|p1b: Basculegion|42/100|[from] Recoil
|move|p2a: Arcanine|Flare Blitz|p1a: Whimsicott
|-supereffective|p1a: Whimsicott|1
|-enditem|p1a: Whimsicott|Focus Sash
|-damage|p1a: Whimsicott|1/100
|-damage|p2a: Arcanine|73/100|[from] Recoil
|
|-heal|p2a: Arcanine|79/100|[from] item: Leftovers
|upkeep
|
|t:|1783267014
|switch|p2b: Incineroar|Incineroar, L50, F|3/100
|-ability|p2b: Incineroar|Intimidate|boost
|-unboost|p1a: Whimsicott|atk|1
|-unboost|p1b: Basculegion|atk|1
|turn|6
|inactive|Graavi has 30 seconds left.
|inactive|Jet Stream Cyber has 30 seconds left.
|
|t:|1783267047
|move|p2a: Arcanine|Protect|p2a: Arcanine
|-singleturn|p2a: Arcanine|Protect
|move|p1b: Basculegion|Wave Crash|p2a: Arcanine
|-activate|p2a: Arcanine|move: Protect
|move|p1a: Whimsicott|Moonblast|p2b: Incineroar
|-damage|p2b: Incineroar|0 fnt
|faint|p2b: Incineroar
|
|-heal|p2a: Arcanine|85/100|[from] item: Leftovers
|upkeep
|turn|7
|
|t:|1783267067
|move|p1a: Whimsicott|Encore|p2a: Arcanine
|-start|p2a: Arcanine|Encore
|move|p2a: Arcanine|Protect||[still]
|-fail|p2a: Arcanine
|move|p1b: Basculegion|Wave Crash|p2a: Arcanine
|-supereffective|p2a: Arcanine|2
|-damage|p2a: Arcanine|0 fnt
|faint|p2a: Arcanine
|-damage|p1b: Basculegion|17/100|[from] Recoil
|
|win|Jet Stream Cyber
|raw|Jet Stream Cyber's rating: 1081 → 1102(+21 for winning)
|raw|Graavi's rating: 1000 → 1000(+0 for losing)
