|j|‽Juaner95
|j|☆kigokigo
|html|Juaner95kigokigo    
|uhtml|bestof|Game 3 of a best-of-3
|t:|1785908927
|gametype|doubles
|player|p1|Juaner95|ash-hoenn|1216
|player|p2|kigokigo|265|1141
|gen|9
|tier|[Gen 9 Champions] VGC 2026 Reg M-B (Bo3)
|rated|
|rule|Species Clause: Limit one of each Pokémon
|rule|Item Clause: Limit 1 of each item
|clearpoke
|poke|p1|Eelektross, L50, F|
|poke|p1|Ninetales-Alola, L50, F, shiny|
|poke|p1|Talonflame, L50, M|
|poke|p1|Garchomp, L50, M|
|poke|p1|Incineroar, L50, M, shiny|
|poke|p1|Kingambit, L50, M|
|poke|p2|Whimsicott, L50, M|
|poke|p2|Clefable, L50, F|
|poke|p2|Volcarona, L50, M|
|poke|p2|Raichu, L50, F|
|poke|p2|Liepard, L50, F|
|poke|p2|Staraptor, L50, M|
|teampreview|4
|showteam|p1|Eelektross||Eelektrossite|Levitate|SupercellSlam,DrainPunch,Coil,Protect|Adamant||F|||50|]Ninetales-Alola||ChoiceScarf|SnowWarning|Blizzard,FreezeDry,IcyWind,Moonblast|Modest||F|||50|]Talonflame||SharpBeak|GaleWings|BraveBird,FlareBlitz,Tailwind,Protect|Jolly||M|||50|]Garchomp||LifeOrb|RoughSkin|RockSlide,Earthquake,DragonClaw,Protect|Jolly||M|||50|]Incineroar||SitrusBerry|Intimidate|FlareBlitz,ThroatChop,PartingShot,FakeOut|Careful||M|||50|]Kingambit||FocusSash|Defiant|KowtowCleave,SuckerPunch,LowKick,Protect|Adamant||M|||50|
|showteam|p2|Whimsicott||FocusSash|Prankster|Charm,Safeguard,FakeTears,Protect|Bold||M|||50|]Clefable||MentalHerb|Unaware|FollowMe,Tickle,Moonlight,Protect|Calm||F|||50|]Volcarona||Leftovers|FlameBody|QuiverDance,HeatWave,MorningSun,AirSlash|Bold||M|||50|]Raichu||RaichuniteY|LightningRod|FakeTears,Charm,FakeOut,ZapCannon|Jolly||F|||50|]Liepard||SitrusBerry|Prankster|Charm,FakeTears,Protect,Taunt|Calm||F|||50|]Staraptor||Staraptite|Intimidate|CloseCombat,BraveBird,Roost,Protect|Jolly||M|||50|
|inactive|Battle timer is ON: inactive players will automatically lose when time's up. (requested by kigokigo)
|inactive|Juaner95 has 60 seconds left.
|inactive|Juaner95 has 30 seconds left.
|inactive|Juaner95 has 20 seconds left.
|inactive|Juaner95 has 15 seconds left.
|inactive|Juaner95 has 10 seconds left.
|inactive|Juaner95 has 5 seconds left.
|
|t:|1785909034
|teamsize|p1|4
|teamsize|p2|4
|start
|switch|p1a: Eelektross|Eelektross, L50, F|100/100
|switch|p1b: Ninetales|Ninetales-Alola, L50, F, shiny|100/100
|switch|p2a: Raichu|Raichu, L50, F|100/100
|switch|p2b: Staraptor|Staraptor, L50, M|100/100
|-weather|Snowscape|[from] ability: Snow Warning|[of] p1b: Ninetales
|-ability|p2b: Staraptor|Intimidate|boost
|-unboost|p1a: Eelektross|atk|1
|-unboost|p1b: Ninetales|atk|1
|turn|1
|
|t:|1785909050
|switch|p1a: Talonflame|Talonflame, L50, M|100/100
|detailschange|p2b: Staraptor|Staraptor-Mega, L50, M
|-mega|p2b: Staraptor|Staraptor|Staraptite
|move|p2a: Raichu|Fake Out|p1b: Ninetales
|-damage|p1b: Ninetales|91/100
|cant|p1b: Ninetales|flinch
|move|p2b: Staraptor|Close Combat|p1b: Ninetales
|-damage|p1b: Ninetales|42/100
|-boost|p2b: Staraptor|def|1
|-boost|p2b: Staraptor|spd|1
|
|-weather|Snowscape|[upkeep]
|upkeep
|turn|2
|inactive|kigokigo has 30 seconds left.
|inactive|kigokigo has 20 seconds left.
|
|t:|1785909088
|move|p1a: Talonflame|Tailwind|p1a: Talonflame
|-sidestart|p1: Juaner95|move: Tailwind
|move|p1b: Ninetales|Blizzard|p2b: Staraptor|[spread] p2a,p2b
|-supereffective|p2b: Staraptor|1
|-damage|p2a: Raichu|55/100
|-damage|p2b: Staraptor|59/100
|-status|p2a: Raichu|frz
|-curestatus|p2a: Raichu|frz|[msg]
|move|p2a: Raichu|Charm|p1a: Talonflame
|-unboost|p1a: Talonflame|atk|2
|move|p2b: Staraptor|Close Combat|p1b: Ninetales
|-damage|p1b: Ninetales|0 fnt
|-boost|p2b: Staraptor|def|1
|-boost|p2b: Staraptor|spd|1
|faint|p1b: Ninetales
|
|-weather|Snowscape|[upkeep]
|upkeep
|
|t:|1785909102
|switch|p1b: Garchomp|Garchomp, L50, M|100/100
|turn|3
|
|t:|1785909118
|switch|p1a: Eelektross|Eelektross, L50, F|100/100
|switch|p2a: Whimsicott|Whimsicott, L50, M|100/100
|move|p2b: Staraptor|Protect|p2b: Staraptor
|-singleturn|p2b: Staraptor|Protect
|move|p1b: Garchomp|Earthquake|p2a: Whimsicott|[spread] p2a
|-activate|p2b: Staraptor|move: Protect
|-immune|p1a: Eelektross|[from] ability: Levitate
|-resisted|p2a: Whimsicott|1
|-damage|p2a: Whimsicott|74/100
|-damage|p1b: Garchomp|90/100|[from] item: Life Orb
|
|-weather|Snowscape|[upkeep]
|upkeep
|turn|4
|inactive|Juaner95 has 30 seconds left.
|inactive|kigokigo has 30 seconds left.
|inactive|Juaner95 has 20 seconds left.
|inactive|Juaner95 has 15 seconds left.
|inactive|kigokigo has 20 seconds left.
|
|t:|1785909160
|detailschange|p1a: Eelektross|Eelektross-Mega, L50, F
|-mega|p1a: Eelektross|Eelektross|Eelektrossite
|move|p2a: Whimsicott|Fake Tears|p2b: Staraptor
|-boost|p2b: Staraptor|spd|2
|move|p1b: Garchomp|Dragon Claw|p2b: Staraptor
|-damage|p2b: Staraptor|36/100
|-damage|p1b: Garchomp|80/100|[from] item: Life Orb
|move|p1a: Eelektross|Coil|p1a: Eelektross
|-boost|p1a: Eelektross|atk|1
|-boost|p1a: Eelektross|def|1
|-boost|p1a: Eelektross|accuracy|1
|move|p2b: Staraptor|Roost|p2b: Staraptor
|-heal|p2b: Staraptor|86/100
|-singleturn|p2b: Staraptor|move: Roost
|
|-weather|Snowscape|[upkeep]
|upkeep
|turn|5
|inactive|Juaner95 has 30 seconds left.
|
|t:|1785909193
|move|p2b: Staraptor|Protect|p2b: Staraptor
|-singleturn|p2b: Staraptor|Protect
|move|p2a: Whimsicott|Charm|p1a: Eelektross
|-unboost|p1a: Eelektross|atk|2
|move|p1b: Garchomp|Dragon Claw|p2b: Staraptor
|-activate|p2b: Staraptor|move: Protect
|move|p1a: Eelektross|Supercell Slam|p2b: Staraptor
|-activate|p2b: Staraptor|move: Protect
|-damage|p1a: Eelektross|50/100g|[from] supercellslam
|
|-weather|none
|-sideend|p1: Juaner95|move: Tailwind
|upkeep
|turn|6
|inactive|kigokigo has 30 seconds left.
|
|t:|1785909227
|move|p1a: Eelektross|Protect|p1a: Eelektross
|-singleturn|p1a: Eelektross|Protect
|move|p2a: Whimsicott|Charm|p2b: Staraptor
|-boost|p2b: Staraptor|atk|2
|move|p2b: Staraptor|Close Combat|p1a: Eelektross
|-activate|p1a: Eelektross|move: Protect
|move|p1b: Garchomp|Rock Slide|p2b: Staraptor|[spread] p2a,p2b
|-damage|p2a: Whimsicott|44/100
|-damage|p2b: Staraptor|73/100
|-damage|p1b: Garchomp|70/100|[from] item: Life Orb
|
|upkeep
|turn|7
|inactive|Juaner95 has 30 seconds left.
|inactive|Juaner95 has 20 seconds left.
|inactive|Juaner95 has 15 seconds left.
|inactive|Juaner95 has 10 seconds left.
|inactive|Juaner95 has 5 seconds left.
|
|t:|1785909277
|move|p2a: Whimsicott|Charm|p1b: Garchomp
|-unboost|p1b: Garchomp|atk|2
|move|p2b: Staraptor|Close Combat|p1a: Eelektross
|-damage|p1a: Eelektross|0 fnt
|-boost|p2b: Staraptor|def|1
|-boost|p2b: Staraptor|spd|1
|faint|p1a: Eelektross
|move|p1b: Garchomp|Dragon Claw|p2b: Staraptor
|-damage|p2b: Staraptor|62/100
|-damage|p1b: Garchomp|60/100|[from] item: Life Orb
|
|upkeep
|
|t:|1785909280
|switch|p1a: Talonflame|Talonflame, L50, M|100/100
|turn|8
|
|t:|1785909303
|move|p2b: Staraptor|Protect|p2b: Staraptor
|-singleturn|p2b: Staraptor|Protect
|move|p1a: Talonflame|Tailwind|p1a: Talonflame
|-sidestart|p1: Juaner95|move: Tailwind
|move|p2a: Whimsicott|Charm|p1a: Talonflame
|-unboost|p1a: Talonflame|atk|2
|move|p1b: Garchomp|Dragon Claw|p2b: Staraptor
|-activate|p2b: Staraptor|move: Protect
|
|upkeep
|turn|9
|inactive|Juaner95 has 30 seconds left.
|
|t:|1785909338
|move|p1a: Talonflame|Brave Bird|p2a: Whimsicott
|-supereffective|p2a: Whimsicott|1
|-damage|p2a: Whimsicott|0 fnt
|faint|p2a: Whimsicott
|-damage|p1a: Talonflame|83/100|[from] Recoil
|move|p1b: Garchomp|Rock Slide|p2b: Staraptor
|-crit|p2b: Staraptor
|-damage|p2b: Staraptor|14/100
|-damage|p1b: Garchomp|51/100|[from] item: Life Orb
|cant|p2b: Staraptor|flinch
|
|upkeep
|inactive|kigokigo has 30 seconds left.
|
|t:|1785909363
|switch|p2a: Raichu|Raichu, L50, F|55/100
|turn|10
|
|t:|1785909387
|move|p1a: Talonflame|Protect|p1a: Talonflame
|-singleturn|p1a: Talonflame|Protect
|move|p1b: Garchomp|Protect|p1b: Garchomp
|-singleturn|p1b: Garchomp|Protect
|move|p2a: Raichu|Fake Out|p1a: Talonflame
|-activate|p1a: Talonflame|move: Protect
|move|p2b: Staraptor|Roost|p2b: Staraptor
|-heal|p2b: Staraptor|64/100
|-singleturn|p2b: Staraptor|move: Roost
|
|upkeep
|turn|11
|
|t:|1785909408
|move|p1a: Talonflame|Brave Bird|p2b: Staraptor
|-supereffective|p2b: Staraptor|1
|-damage|p2b: Staraptor|44/100
|-damage|p1a: Talonflame|75/100|[from] Recoil
|move|p1b: Garchomp|Earthquake|p2b: Staraptor|[spread] p2a
|-immune|p1a: Talonflame
|-immune|p2b: Staraptor
|-supereffective|p2a: Raichu|1
|-damage|p2a: Raichu|0 fnt
|faint|p2a: Raichu
|-damage|p1b: Garchomp|41/100|[from] item: Life Orb
|move|p2b: Staraptor|Roost|p2b: Staraptor
|-heal|p2b: Staraptor|94/100
|-singleturn|p2b: Staraptor|move: Roost
|
|-sideend|p1: Juaner95|move: Tailwind
|upkeep
|
|t:|1785909417
|switch|p2a: Liepard|Liepard, L50, F|100/100
|turn|12
|
|t:|1785909436
|move|p2a: Liepard|Charm|p1a: Talonflame
|-unboost|p1a: Talonflame|atk|2
|move|p1a: Talonflame|Tailwind|p1a: Talonflame
|-sidestart|p1: Juaner95|move: Tailwind
|move|p1b: Garchomp|Earthquake|p2a: Liepard|[spread] p2a
|-immune|p1a: Talonflame
|-immune|p2b: Staraptor
|-damage|p2a: Liepard|56/100
|-damage|p1b: Garchomp|31/100|[from] item: Life Orb
|move|p2b: Staraptor|Close Combat|p1b: Garchomp
|-damage|p1b: Garchomp|0 fnt
|-boost|p2b: Staraptor|def|1
|-boost|p2b: Staraptor|spd|1
|-damage|p2b: Staraptor|82/100|[from] ability: Rough Skin|[of] p1b: Garchomp
|faint|p1b: Garchomp
|
|upkeep
|turn|13
|
|t:|1785909456
|move|p1a: Talonflame|Protect|p1a: Talonflame
|-singleturn|p1a: Talonflame|Protect
|move|p2a: Liepard|Charm|p1a: Talonflame
|-activate|p1a: Talonflame|move: Protect
|move|p2b: Staraptor|Brave Bird|p1a: Talonflame
|-activate|p1a: Talonflame|move: Protect
|
|upkeep
|turn|14
|
|t:|1785909468
|move|p2a: Liepard|Charm|p1a: Talonflame
|-unboost|p1a: Talonflame|atk|2
|move|p1a: Talonflame|Brave Bird|p2b: Staraptor
|-supereffective|p2b: Staraptor|1
|-crit|p2b: Staraptor
|-damage|p2b: Staraptor|0 fnt
|faint|p2b: Staraptor
|-damage|p1a: Talonflame|41/100|[from] Recoil
|
|upkeep
|turn|15
|inactive|kigokigo has 30 seconds left.
|-message|kigokigo forfeited.
|
|win|Juaner95
|raw|Juaner95's rating: 1216 → 1236(+20 for winning)
|raw|kigokigo's rating: 1141 → 1121(-20 for losing)
|l|☆kigokigo
|player|p2|
