|j|☆dr. shio
|j|☆k1ngm3
|html|dr. shiok1ngm3    
|uhtml|bestof|Game 1 of a best-of-3
|t:|1783737252
|gametype|doubles
|player|p1|dr. shio|265|1040
|player|p2|k1ngm3|dragontamer|1062
|gen|9
|tier|[Gen 9 Champions] VGC 2026 Reg M-B (Bo3)
|rated|
|rule|Species Clause: Limit one of each Pokémon
|rule|Item Clause: Limit 1 of each item
|clearpoke
|poke|p1|Aggron, L50, F, shiny|
|poke|p1|Slowking, L50, M, shiny|
|poke|p1|Sinistcha, L50|
|poke|p1|Toxapex, L50, M, shiny|
|poke|p1|Charizard, L50, F, shiny|
|poke|p1|Weavile, L50, M, shiny|
|poke|p2|Mr. Rime, L50, M|
|poke|p2|Tyranitar, L50, F|
|poke|p2|Kingambit, L50, F|
|poke|p2|Sinistcha-Masterpiece, L50|
|poke|p2|Dragalge, L50, F|
|poke|p2|Blaziken, L50, F|
|teampreview|4
|showteam|p1|Aggron||Aggronite|Sturdy|Protect,BodyPress,HeavySlam,IronDefense|Careful||F|||50|]Slowking||RindoBerry|Regenerator|Protect,ChillyReception,TrickRoom,PowerGem|Calm||M|||50|]Sinistcha||KasibBerry|Hospitality|MatchaGotcha,Protect,StrengthSap,RagePowder|Calm|||||50|]Toxapex||Leftovers|Regenerator|BanefulBunker,Infestation,Toxic,WideGuard|Calm||M|||50|]Charizard||CharizarditeX|Blaze|DragonDance,Protect,DragonClaw,FlareBlitz|Adamant||F|||50|]Weavile||FocusSash|Pickpocket|KnockOff,FakeOut,LowKick,TripleAxel|Jolly||M|||50|
|showteam|p2|Mr. Rime||ChoiceScarf|ScreenCleaner|FakeOut,Psychic,FreezeDry,IcyWind|Hasty||M|||50|]Tyranitar||Tyranitarite|SandStream|RockSlide,StealthRock,KnockOff,EarthPower|Brave||F|||50|]Kingambit||BlackGlasses|Defiant|SuckerPunch,KowtowCleave,LowKick,Protect|Adamant||F|||50|]Sinistcha-Masterpiece||Leftovers|Hospitality|RagePowder,TrickRoom,MatchaGotcha,Curse|Relaxed|||||50|]Dragalge||Dragalgite|PoisonPoint|DracoMeteor,SludgeWave,Thunderbolt,Toxic|Modest||F|||50|]Blaziken||Blazikenite|SpeedBoost|BatonPass,Detect,CloseCombat,FlareBlitz|Adamant||F|||50|
|
|t:|1783737299
|teamsize|p1|4
|teamsize|p2|4
|start
|switch|p1a: Aggron|Aggron, L50, F, shiny|100/100
|switch|p1b: Slowking|Slowking, L50, M, shiny|100/100
|switch|p2a: Blaziken|Blaziken, L50, F|100/100
|switch|p2b: Sinistcha|Sinistcha-Masterpiece, L50|100/100
|turn|1
|c|☆dr. shio|cool team. glhf
|
|t:|1783737337
|switch|p2a: Kingambit|Kingambit, L50, F|100/100
|detailschange|p1a: Aggron|Aggron-Mega, L50, F, shiny
|-mega|p1a: Aggron|Aggron|Aggronite
|move|p1a: Aggron|Iron Defense|p1a: Aggron
|-boost|p1a: Aggron|def|2
|move|p1b: Slowking|Power Gem|p2a: Kingambit
|-resisted|p2a: Kingambit|1
|-damage|p2a: Kingambit|89/100
|move|p2b: Sinistcha|Trick Room|p2b: Sinistcha
|-fieldstart|move: Trick Room|[of] p2b: Sinistcha
|
|upkeep
|turn|2
|
|t:|1783737358
|move|p1b: Slowking|Protect|p1b: Slowking
|-singleturn|p1b: Slowking|Protect
|move|p2b: Sinistcha|Rage Powder|p2b: Sinistcha
|-singleturn|p2b: Sinistcha|move: Rage Powder
|move|p2a: Kingambit|Low Kick|p1a: Aggron
|-supereffective|p1a: Aggron|1
|-damage|p1a: Aggron|81/100
|move|p1a: Aggron|Iron Defense|p1a: Aggron
|-boost|p1a: Aggron|def|2
|
|upkeep
|turn|3
|
|t:|1783737376
|switch|p2a: Blaziken|Blaziken, L50, F|100/100
|-prepare|p1b: Slowking|Chilly Reception|[premajor]
|move|p1b: Slowking|Chilly Reception|p1b: Slowking
|-weather|Snowscape
|
|t:|1783737381
|switch|p1b: Sinistcha|Sinistcha, L50|100/100|[from] Chilly Reception
|-heal|p1a: Aggron|100/100|[from] ability: Hospitality|[of] p1b: Sinistcha
|move|p1a: Aggron|Iron Defense|p1a: Aggron
|-boost|p1a: Aggron|def|2
|move|p2b: Sinistcha|Trick Room|p2b: Sinistcha
|-fieldend|move: Trick Room
|
|-weather|Snowscape|[upkeep]
|upkeep
|turn|4
|c|☆k1ngm3|same
|
|t:|1783737408
|switch|p1b: Slowking|Slowking, L50, M, shiny|100/100
|detailschange|p2a: Blaziken|Blaziken-Mega, L50, F
|-mega|p2a: Blaziken|Blaziken|Blazikenite
|move|p2a: Blaziken|Flare Blitz|p1a: Aggron
|-supereffective|p1a: Aggron|1
|-damage|p1a: Aggron|86/100
|-damage|p2a: Blaziken|94/100|[from] Recoil
|move|p2b: Sinistcha|Curse|p1a: Aggron
|-start|p1a: Aggron|Curse|[of] p2b: Sinistcha
|-damage|p2b: Sinistcha|50/100y
|move|p1a: Aggron|Heavy Slam|p2b: Sinistcha
|-damage|p2b: Sinistcha|8/100
|
|-weather|Snowscape|[upkeep]
|-heal|p2b: Sinistcha|15/100|[from] item: Leftovers
|-damage|p1a: Aggron|61/100|[from] Curse
|-ability|p2a: Blaziken|Speed Boost|boost
|-boost|p2a: Blaziken|spe|1
|upkeep
|turn|5
|
|t:|1783737433
|switch|p1a: Weavile|Weavile, L50, M, shiny|100/100
|move|p2a: Blaziken|Detect|p2a: Blaziken
|-singleturn|p2a: Blaziken|Protect
|move|p2b: Sinistcha|Matcha Gotcha|p1b: Slowking|[spread] p1b
|-miss|p2b: Sinistcha|p1a: Weavile
|-supereffective|p1b: Slowking|1
|-enditem|p1b: Slowking|Rindo Berry|[eat]
|-enditem|p1b: Slowking|Rindo Berry|[weaken]
|-damage|p1b: Slowking|83/100
|-heal|p2b: Sinistcha|24/100|[from] drain|[of] p1b: Slowking
|move|p1b: Slowking|Power Gem|p2b: Sinistcha
|-damage|p2b: Sinistcha|0 fnt
|faint|p2b: Sinistcha
|
|-weather|Snowscape|[upkeep]
|-ability|p2a: Blaziken|Speed Boost|boost
|-boost|p2a: Blaziken|spe|1
|upkeep
|
|t:|1783737456
|switch|p2b: Kingambit|Kingambit, L50, F|89/100
|turn|6
|
|t:|1783737482
|move|p1a: Weavile|Fake Out|p2b: Kingambit
|-resisted|p2b: Kingambit|1
|-damage|p2b: Kingambit|85/100
|move|p2a: Blaziken|Close Combat|p1a: Weavile
|-supereffective|p1a: Weavile|2
|-enditem|p1a: Weavile|Focus Sash
|-damage|p1a: Weavile|1/100
|-unboost|p2a: Blaziken|def|1
|-unboost|p2a: Blaziken|spd|1
|cant|p2b: Kingambit|flinch
|move|p1b: Slowking|Trick Room|p1b: Slowking
|-fieldstart|move: Trick Room|[of] p1b: Slowking
|
|-weather|Snowscape|[upkeep]
|-ability|p2a: Blaziken|Speed Boost|boost
|-boost|p2a: Blaziken|spe|1
|upkeep
|turn|7
|
|t:|1783737517
|move|p1b: Slowking|Power Gem|p2a: Blaziken
|-damage|p2a: Blaziken|54/100
|move|p2b: Kingambit|Low Kick|p1b: Slowking
|-resisted|p1b: Slowking|1
|-damage|p1b: Slowking|69/100
|move|p1a: Weavile|Low Kick|p2b: Kingambit
|-supereffective|p2b: Kingambit|2
|-damage|p2b: Kingambit|0 fnt
|faint|p2b: Kingambit
|move|p2a: Blaziken|Flare Blitz|p1a: Weavile
|-supereffective|p1a: Weavile|1
|-damage|p1a: Weavile|0 fnt
|faint|p1a: Weavile
|-damage|p2a: Blaziken|53/100|[from] Recoil
|
|-weather|none
|-ability|p2a: Blaziken|Speed Boost|boost
|-boost|p2a: Blaziken|spe|1
|upkeep
|
|t:|1783737532
|switch|p2b: Tyranitar|Tyranitar, L50, F|100/100
|switch|p1a: Aggron|Aggron-Mega, L50, F, shiny|61/100
|-weather|Sandstorm|[from] ability: Sand Stream|[of] p2b: Tyranitar
|turn|8
|
|t:|1783737549
|-prepare|p1b: Slowking|Chilly Reception|[premajor]
|move|p1b: Slowking|Chilly Reception|p1b: Slowking
|-weather|Snowscape
|
|t:|1783737553
|-heal|p1b: Slowking|100/100|[from] ability: Regenerator|[silent]
|switch|p1b: Sinistcha|Sinistcha, L50|100/100|[from] Chilly Reception
|-heal|p1a: Aggron|86/100|[from] ability: Hospitality|[of] p1b: Sinistcha
|move|p1a: Aggron|Iron Defense|p1a: Aggron
|-boost|p1a: Aggron|def|2
|move|p2b: Tyranitar|Earth Power|p1a: Aggron
|-supereffective|p1a: Aggron|1
|-damage|p1a: Aggron|62/100
|move|p2a: Blaziken|Flare Blitz|p1a: Aggron
|-supereffective|p1a: Aggron|1
|-damage|p1a: Aggron|33/100
|-damage|p2a: Blaziken|42/100|[from] Recoil
|
|-weather|Snowscape|[upkeep]
|-ability|p2a: Blaziken|Speed Boost|boost
|-boost|p2a: Blaziken|spe|1
|upkeep
|turn|9
|
|t:|1783737586
|switch|p1b: Slowking|Slowking, L50, M, shiny|100/100
|move|p1a: Aggron|Protect|p1a: Aggron
|-singleturn|p1a: Aggron|Protect
|move|p2a: Blaziken|Detect|p2a: Blaziken
|-singleturn|p2a: Blaziken|Protect
|move|p2b: Tyranitar|Stealth Rock|p1a: Aggron
|-sidestart|p1: dr. shio|move: Stealth Rock
|
|-weather|Snowscape|[upkeep]
|-ability|p2a: Blaziken|Speed Boost|boost
|-boost|p2a: Blaziken|spe|1
|upkeep
|turn|10
|
|t:|1783737604
|switch|p1b: Sinistcha|Sinistcha, L50|100/100
|-damage|p1b: Sinistcha|87/100|[from] Stealth Rock
|-heal|p1a: Aggron|58/100|[from] ability: Hospitality|[of] p1b: Sinistcha
|move|p1a: Aggron|Body Press|p2b: Tyranitar
|-supereffective|p2b: Tyranitar|2
|-damage|p2b: Tyranitar|0 fnt
|faint|p2b: Tyranitar
|move|p2a: Blaziken|Flare Blitz|p1a: Aggron
|-supereffective|p1a: Aggron|1
|-damage|p1a: Aggron|29/100
|-damage|p2a: Blaziken|31/100|[from] Recoil
|
|-weather|Snowscape|[upkeep]
|-fieldend|move: Trick Room
|upkeep
|turn|11
|
|t:|1783737624
|move|p1a: Aggron|Protect|p1a: Aggron
|-singleturn|p1a: Aggron|Protect
|move|p2a: Blaziken|Flare Blitz|p1b: Sinistcha
|-supereffective|p1b: Sinistcha|1
|-crit|p1b: Sinistcha
|-damage|p1b: Sinistcha|0 fnt
|faint|p1b: Sinistcha
|-damage|p2a: Blaziken|0 fnt|[from] Recoil
|faint|p2a: Blaziken
|
|win|dr. shio
||dr. shio is ready for game 2.
||k1ngm3 is ready for game 2.
|uhtml|next|Next: Game 2 of 3
