|j|☆KASTEUSZ
|j|☆KodeBeast0526
|html|KASTEUSZKodeBeast0526    
|uhtml|bestof|Game 2 of a best-of-3
|t:|1783549074
|gametype|doubles
|player|p1|KASTEUSZ|2|1069
|player|p2|KodeBeast0526|sailor|1130
|gen|9
|tier|[Gen 9 Champions] VGC 2026 Reg M-B (Bo3)
|rated|
|rule|Species Clause: Limit one of each Pokémon
|rule|Item Clause: Limit 1 of each item
|clearpoke
|poke|p1|Camerupt, L50, M|
|poke|p1|Farigiraf, L50, M|
|poke|p1|Torkoal, L50, F|
|poke|p1|Kingambit, L50, M|
|poke|p1|Sinistcha, L50|
|poke|p1|Incineroar, L50, M|
|poke|p2|Garchomp, L50, M, shiny|
|poke|p2|Staraptor, L50, F, shiny|
|poke|p2|Whimsicott, L50, F, shiny|
|poke|p2|Incineroar, L50, M, shiny|
|poke|p2|Gholdengo, L50|
|poke|p2|Zoroark-Hisui, L50, M|
|teampreview|4
|showteam|p1|Camerupt||Cameruptite|SolidRock|Eruption,HeatWave,Protect,EarthPower|Quiet||M|||50|]Farigiraf||MentalHerb|ArmorTail|TrickRoom,Protect,Imprison,HyperVoice|Calm||M|||50|]Torkoal||Leftovers|Drought|Eruption,HeatWave,Protect,SolarBeam|Quiet||F|||50|]Kingambit||ChopleBerry|Defiant|KowtowCleave,SwordsDance,LowKick,SuckerPunch|Adamant||M|||50|]Sinistcha||FocusSash|Hospitality|MatchaGotcha,RagePowder,LifeDew,ShadowBall|Timid|||||50|]Incineroar||SitrusBerry|Intimidate|FakeOut,WillOWisp,Snarl,PartingShot|Calm||M|||50|
|showteam|p2|Garchomp||LifeOrb|RoughSkin|Earthquake,Protect,RockSlide,DragonClaw|Adamant||M|||50|]Staraptor||Staraptite|Intimidate|BraveBird,CloseCombat,Roost,Protect|Jolly||F|||50|]Whimsicott||FocusSash|Prankster|Moonblast,Tailwind,Tickle,FakeTears|Timid||F|||50|]Incineroar||SitrusBerry|Intimidate|FakeOut,PartingShot,FlareBlitz,DarkestLariat|Impish||M|||50|]Gholdengo||WiseGlasses|GoodasGold|Protect,ShadowBall,MakeItRain,NastyPlot|Modest|||||50|]Zoroark-Hisui||ChoiceScarf|Illusion|IcyWind,HyperVoice,BitterMalice,Psychic|Timid||M|||50|
|inactive|Battle timer is ON: inactive players will automatically lose when time's up. (requested by KASTEUSZ)
|
|t:|1783549097
|teamsize|p1|4
|teamsize|p2|4
|start
|switch|p1a: Farigiraf|Farigiraf, L50, M|100/100
|switch|p1b: Incineroar|Incineroar, L50, M|100/100
|switch|p2a: Gholdengo|Gholdengo, L50|100/100
|switch|p2b: Whimsicott|Whimsicott, L50, F, shiny|100/100
|-ability|p1b: Incineroar|Intimidate|boost
|-unboost|p2a: Gholdengo|atk|1
|-unboost|p2b: Whimsicott|atk|1
|turn|1
|
|t:|1783549111
|move|p2b: Whimsicott|Hyper Voice|p1a: Farigiraf|[spread] p1a,p1b
|-damage|p1a: Farigiraf|71/100
|-damage|p1b: Incineroar|73/100
|move|p2a: Gholdengo|Make It Rain|p1a: Farigiraf|[spread] p1a,p1b
|-resisted|p1b: Incineroar|1
|-damage|p1a: Farigiraf|29/100
|-damage|p1b: Incineroar|53/100
|-unboost|p2a: Gholdengo|spa|2
|move|p1b: Incineroar|Snarl|p2a: Gholdengo|[spread] p2a,p2b
|-supereffective|p2a: Gholdengo|1
|-supereffective|p2b: Whimsicott|1
|-damage|p2a: Gholdengo|76/100
|-damage|p2b: Whimsicott|48/100
|-unboost|p2a: Gholdengo|spa|1
|-unboost|p2b: Whimsicott|spa|1
|replace|p2b: Zoroark|Zoroark-Hisui, L50, M
|-end|p2b: Zoroark|Illusion
|move|p1a: Farigiraf|Trick Room|p1a: Farigiraf
|-fieldstart|move: Trick Room|[of] p1a: Farigiraf
|
|upkeep
|turn|2
|
|t:|1783549130
|switch|p2a: Whimsicott|Whimsicott, L50, F, shiny|100/100
|move|p1a: Farigiraf|Imprison|p1a: Farigiraf
|-start|p1a: Farigiraf|move: Imprison
|move|p1b: Incineroar|Snarl|p2a: Whimsicott|[spread] p2a,p2b
|-resisted|p2a: Whimsicott|1
|-supereffective|p2b: Zoroark|1
|-damage|p2a: Whimsicott|91/100
|-damage|p2b: Zoroark|0 fnt
|-unboost|p2a: Whimsicott|spa|1
|faint|p2b: Zoroark
|
|upkeep
|
|t:|1783549142
|switch|p2b: Staraptor|Staraptor, L50, F, shiny|100/100
|-ability|p2b: Staraptor|Intimidate|boost
|-unboost|p1a: Farigiraf|atk|1
|-unboost|p1b: Incineroar|atk|1
|turn|3
|
|t:|1783549148
|detailschange|p2b: Staraptor|Staraptor-Mega, L50, F, shiny
|-mega|p2b: Staraptor|Staraptor|Staraptite
|move|p2a: Whimsicott|Fake Tears|p2b: Staraptor
|-boost|p2b: Staraptor|spd|2
|move|p1a: Farigiraf|Hyper Voice|p2a: Whimsicott|[spread] p2a,p2b
|-damage|p2a: Whimsicott|48/100
|-damage|p2b: Staraptor|85/100
|move|p1b: Incineroar|Will-O-Wisp|p2b: Staraptor|[miss]
|-miss|p1b: Incineroar|p2b: Staraptor
|move|p2b: Staraptor|Close Combat|p1a: Farigiraf
|-damage|p1a: Farigiraf|0 fnt
|-boost|p2b: Staraptor|def|1
|-boost|p2b: Staraptor|spd|1
|faint|p1a: Farigiraf
|
|upkeep
|
|t:|1783549160
|switch|p1a: Camerupt|Camerupt, L50, M|100/100
|turn|4
|
|t:|1783549185
|detailschange|p1a: Camerupt|Camerupt-Mega, L50, M
|-mega|p1a: Camerupt|Camerupt|Cameruptite
|move|p2a: Whimsicott|Tickle|p2b: Staraptor
|-boost|p2b: Staraptor|atk|1
|-boost|p2b: Staraptor|def|1
|move|p1a: Camerupt|Eruption|p2b: Staraptor|[spread] p2a,p2b
|-supereffective|p2a: Whimsicott|1
|-damage|p2a: Whimsicott|0 fnt
|-damage|p2b: Staraptor|50/100y
|faint|p2a: Whimsicott
|move|p1b: Incineroar|Will-O-Wisp|p2b: Staraptor
|-status|p2b: Staraptor|brn
|move|p2b: Staraptor|Close Combat|p1a: Camerupt
|-damage|p1a: Camerupt|49/100
|-boost|p2b: Staraptor|def|1
|-boost|p2b: Staraptor|spd|1
|
|-damage|p2b: Staraptor|43/100 brn|[from] brn
|upkeep
|
|t:|1783549200
|switch|p2a: Gholdengo|Gholdengo, L50|76/100
|turn|5
|
|t:|1783549206
|switch|p1b: Torkoal|Torkoal, L50, F|100/100
|-weather|SunnyDay|[from] ability: Drought|[of] p1b: Torkoal
|move|p2a: Gholdengo|Protect|p2a: Gholdengo
|-singleturn|p2a: Gholdengo|Protect
|move|p2b: Staraptor|Protect|p2b: Staraptor
|-singleturn|p2b: Staraptor|Protect
|move|p1a: Camerupt|Heat Wave|p2b: Staraptor|[spread] 
|-activate|p2a: Gholdengo|move: Protect
|-activate|p2b: Staraptor|move: Protect
|
|-weather|SunnyDay|[upkeep]
|-damage|p2b: Staraptor|37/100 brn|[from] brn
|-fieldend|move: Trick Room
|upkeep
|turn|6
|
|t:|1783549215
|move|p2b: Staraptor|Close Combat|p1b: Torkoal
|-damage|p1b: Torkoal|61/100
|-boost|p2b: Staraptor|def|1
|-boost|p2b: Staraptor|spd|1
|move|p2a: Gholdengo|Make It Rain|p1b: Torkoal|[spread] p1a,p1b
|-resisted|p1a: Camerupt|1
|-resisted|p1b: Torkoal|1
|-damage|p1a: Camerupt|25/100
|-damage|p1b: Torkoal|27/100
|-unboost|p2a: Gholdengo|spa|2
|move|p1b: Torkoal|Eruption|p2b: Staraptor|[spread] p2a,p2b
|-supereffective|p2a: Gholdengo|1
|-damage|p2a: Gholdengo|40/100
|-damage|p2b: Staraptor|29/100 brn
|move|p1a: Camerupt|Heat Wave|p2b: Staraptor|[spread] p2a,p2b
|-supereffective|p2a: Gholdengo|1
|-damage|p2a: Gholdengo|0 fnt
|-damage|p2b: Staraptor|1/100 brn
|faint|p2a: Gholdengo
|
|-weather|SunnyDay|[upkeep]
|-heal|p1b: Torkoal|33/100|[from] item: Leftovers
|-damage|p2b: Staraptor|0 fnt|[from] brn
|faint|p2b: Staraptor
|
|win|KASTEUSZ
|raw|KASTEUSZ's rating: 1069 → 1104(+35 for winning)
|raw|KodeBeast0526's rating: 1130 → 1101(-29 for losing)
