|j|☆Yutsami
|j|☆Moitamo
|html|YutsamiMoitamo    
|uhtml|bestof|Game 1 of a best-of-3
|t:|1782325353
|gametype|doubles
|player|p1|Yutsami|n|1020
|player|p2|Moitamo|102|1129
|gen|9
|tier|[Gen 9 Champions] VGC 2026 Reg M-B (Bo3)
|rated|
|rule|Species Clause: Limit one of each Pokémon
|rule|Item Clause: Limit 1 of each item
|clearpoke
|poke|p1|Whimsicott, L50, F|
|poke|p1|Staraptor, L50, M|
|poke|p1|Garchomp, L50, F|
|poke|p1|Gholdengo, L50|
|poke|p1|Basculegion, L50, M|
|poke|p1|Typhlosion-Hisui, L50, M|
|poke|p2|Garchomp, L50, F|
|poke|p2|Staraptor, L50, F|
|poke|p2|Whimsicott, L50, F|
|poke|p2|Farigiraf, L50, F|
|poke|p2|Arcanine-Hisui, L50, F, shiny|
|poke|p2|Eelektross, L50, F|
|teampreview|4
|showteam|p1|Whimsicott||FocusSash|Prankster|Moonblast,Tickle,FakeTears,Tailwind|Timid||F|||50|]Staraptor||Staraptite|Intimidate|BraveBird,CloseCombat,Roost,Protect|Jolly||M|||50|]Garchomp||RoseliBerry|RoughSkin|DragonClaw,StompingTantrum,RockSlide,PoisonJab|Jolly||F|||50|]Gholdengo||LifeOrb|GoodasGold|MakeItRain,ShadowBall,PowerGem,Protect|Modest|||||50|]Basculegion||MysticWater|Adaptability|WaveCrash,LastRespects,AquaJet,Protect|Adamant||M|||50|]Typhlosion-Hisui||ChoiceScarf|Frisk|ShadowBall,Eruption,HeatWave,BurnUp|Modest||M|||50|
|showteam|p2|Garchomp||LifeOrb|RoughSkin|DragonClaw,Earthquake,StompingTantrum,Protect|Jolly||F|||50|]Staraptor||Staraptite|Intimidate|Protect,BraveBird,CloseCombat,Uturn|Jolly||F|||50|]Whimsicott||FairyFeather|Prankster|Moonblast,Encore,Charm,Tailwind|Timid||F|||50|]Farigiraf||SitrusBerry|ArmorTail|HyperVoice,Psychic,LightScreen,TrickRoom|Quiet||F|||50|]Arcanine-Hisui||FocusSash|RockHead|ExtremeSpeed,HeadSmash,FlareBlitz,Protect|Jolly||F|||50|]Eelektross||Eelektrossite|Levitate|Thunderbolt,Flamethrower,GigaDrain,Protect|Modest||F|||50|
|inactive|Battle timer is ON: inactive players will automatically lose when time's up. (requested by Moitamo)
|inactive|Yutsami also wants the timer to be on.
|inactive|Yutsami has 60 seconds left.
|inactive|Yutsami has 30 seconds left.
|inactive|Yutsami has 20 seconds left.
|inactive|Yutsami has 15 seconds left.
|inactive|Yutsami has 10 seconds left.
|
|t:|1782325437
|teamsize|p1|4
|teamsize|p2|4
|start
|switch|p1a: Whimsicott|Whimsicott, L50, F|100/100
|switch|p1b: Staraptor|Staraptor, L50, M|100/100
|switch|p2a: Eelektross|Eelektross, L50, F|100/100
|switch|p2b: Whimsicott|Whimsicott, L50, F|100/100
|-ability|p1b: Staraptor|Intimidate|boost
|-unboost|p2a: Eelektross|atk|1
|-unboost|p2b: Whimsicott|atk|1
|turn|1
|inactive|Yutsami has 30 seconds left.
|inactive|Yutsami has 20 seconds left.
|
|t:|1782325474
|switch|p1b: Garchomp|Garchomp, L50, F|100/100
|detailschange|p2a: Eelektross|Eelektross-Mega, L50, F
|-mega|p2a: Eelektross|Eelektross|Eelektrossite
|move|p2b: Whimsicott|Tailwind|p2b: Whimsicott
|-sidestart|p2: Moitamo|move: Tailwind
|move|p1a: Whimsicott|Tailwind|p1a: Whimsicott
|-sidestart|p1: Yutsami|move: Tailwind
|move|p2a: Eelektross|Thunderbolt|p1b: Garchomp
|-immune|p1b: Garchomp
|
|upkeep
|turn|2
|inactive|Yutsami has 30 seconds left.
|inactive|Yutsami has 20 seconds left.
|inactive|Yutsami has 15 seconds left.
|inactive|Yutsami has 10 seconds left.
|inactive|Yutsami has 5 seconds left.
|
|t:|1782325525
|switch|p2b: Garchomp|Garchomp, L50, F|100/100
|move|p1a: Whimsicott|Moonblast|p2a: Eelektross
|-damage|p2a: Eelektross|67/100
|move|p1b: Garchomp|Dragon Claw|p2a: Eelektross
|-damage|p2a: Eelektross|21/100
|move|p2a: Eelektross|Flamethrower|p1a: Whimsicott
|-supereffective|p1a: Whimsicott|1
|-enditem|p1a: Whimsicott|Focus Sash
|-damage|p1a: Whimsicott|1/100
|
|upkeep
|turn|3
|inactive|Yutsami has 30 seconds left.
|
|t:|1782325554
|move|p1a: Whimsicott|Moonblast|p2a: Eelektross
|-damage|p2a: Eelektross|0 fnt
|faint|p2a: Eelektross
|move|p1b: Garchomp|Dragon Claw|p2b: Garchomp
|-supereffective|p2b: Garchomp|1
|-damage|p2b: Garchomp|9/100
|-damage|p1b: Garchomp|87/100|[from] ability: Rough Skin|[of] p2b: Garchomp
|move|p2b: Garchomp|Dragon Claw|p1b: Garchomp
|-supereffective|p1b: Garchomp|1
|-damage|p1b: Garchomp|0 fnt
|-damage|p2b: Garchomp|0 fnt|[from] ability: Rough Skin|[of] p1b: Garchomp
|faint|p1b: Garchomp
|faint|p2b: Garchomp
|
|upkeep
|
|t:|1782325567
|switch|p2b: Whimsicott|Whimsicott, L50, F|100/100
|switch|p1b: Staraptor|Staraptor, L50, M|100/100
|switch|p2a: Farigiraf|Farigiraf, L50, F|100/100
|-ability|p1b: Staraptor|Intimidate|boost
|-unboost|p2a: Farigiraf|atk|1
|-unboost|p2b: Whimsicott|atk|1
|turn|4
|
|t:|1782325590
|detailschange|p1b: Staraptor|Staraptor-Mega, L50, M
|-mega|p1b: Staraptor|Staraptor|Staraptite
|move|p1a: Whimsicott|Fake Tears|p1b: Staraptor
|-boost|p1b: Staraptor|spd|2
|move|p2b: Whimsicott|Moonblast|p1b: Staraptor
|-supereffective|p1b: Staraptor|1
|-damage|p1b: Staraptor|48/100
|move|p1b: Staraptor|Brave Bird|p2b: Whimsicott
|-supereffective|p2b: Whimsicott|1
|-damage|p2b: Whimsicott|0 fnt
|faint|p2b: Whimsicott
|-damage|p1b: Staraptor|20/100y|[from] Recoil
|move|p2a: Farigiraf|Trick Room|p2a: Farigiraf
|-fieldstart|move: Trick Room|[of] p2a: Farigiraf
|
|-sideend|p1: Yutsami|move: Tailwind
|-sideend|p2: Moitamo|move: Tailwind
|upkeep
|turn|5
|inactive|Yutsami has 30 seconds left.
|inactive|Yutsami has 20 seconds left.
|inactive|Yutsami has 15 seconds left.
|inactive|Yutsami has 10 seconds left.
|
|t:|1782325640
|move|p1b: Staraptor|Protect|p1b: Staraptor
|-singleturn|p1b: Staraptor|Protect
|move|p1a: Whimsicott|Fake Tears|p1b: Staraptor
|-activate|p1b: Staraptor|move: Protect
|move|p2a: Farigiraf|Psychic|p1b: Staraptor
|-activate|p1b: Staraptor|move: Protect
|
|upkeep
|turn|6
|
|t:|1782325664
|move|p1a: Whimsicott|Fake Tears|p1b: Staraptor
|-boost|p1b: Staraptor|spd|2
|move|p2a: Farigiraf|Psychic|p1b: Staraptor
|-supereffective|p1b: Staraptor|1
|-damage|p1b: Staraptor|0 fnt
|faint|p1b: Staraptor
|
|upkeep
|
|t:|1782325670
|switch|p1b: Basculegion|Basculegion, L50, M|100/100
|turn|7
|
|t:|1782325677
|move|p2a: Farigiraf|Hyper Voice|p1a: Whimsicott|[spread] p1a
|-immune|p1b: Basculegion
|-damage|p1a: Whimsicott|0 fnt
|faint|p1a: Whimsicott
|move|p1b: Basculegion|Wave Crash|p2a: Farigiraf
|-damage|p2a: Farigiraf|15/100
|-enditem|p2a: Farigiraf|Sitrus Berry|[eat]
|-heal|p2a: Farigiraf|40/100|[from] item: Sitrus Berry
|-damage|p1b: Basculegion|68/100|[from] Recoil
|
|upkeep
|turn|8
|
|t:|1782325694
|move|p1b: Basculegion|Protect|p1b: Basculegion
|-singleturn|p1b: Basculegion|Protect
|move|p2a: Farigiraf|Psychic|p1b: Basculegion
|-activate|p1b: Basculegion|move: Protect
|
|-fieldend|move: Trick Room
|upkeep
|turn|9
|
|t:|1782325696
|move|p1b: Basculegion|Wave Crash|p2a: Farigiraf
|-damage|p2a: Farigiraf|0 fnt
|faint|p2a: Farigiraf
|-damage|p1b: Basculegion|53/100|[from] Recoil
|
|win|Yutsami
||Moitamo is ready for game 2.
