|j|☆Lightoz IV
|j|☆Northgdh
|html|Lightoz IVNorthgdh    
|uhtml|bestof|Game 1 of a best-of-3
|t:|1784309741
|gametype|doubles
|player|p1|Lightoz IV|blue-gen2|1317
|player|p2|Northgdh|101|1361
|gen|9
|tier|[Gen 9 Champions] VGC 2026 Reg M-B (Bo3)
|rated|
|rule|Species Clause: Limit one of each Pokémon
|rule|Item Clause: Limit 1 of each item
|clearpoke
|poke|p1|Raichu, L50, M|
|poke|p1|Kingambit, L50, F, shiny|
|poke|p1|Basculegion, L50, M|
|poke|p1|Aerodactyl, L50, F|
|poke|p1|Farigiraf, L50, F|
|poke|p1|Sylveon, L50, F, shiny|
|poke|p2|Incineroar, L50, M, shiny|
|poke|p2|Delphox, L50, F, shiny|
|poke|p2|Sinistcha, L50|
|poke|p2|Kingambit, L50, M, shiny|
|poke|p2|Blastoise, L50, M, shiny|
|poke|p2|Sneasler, L50, M|
|teampreview|4
|showteam|p1|Raichu||RaichuniteY|LightningRod|ZapCannon,FocusBlast,FakeOut,Protect|Timid||M|||50|]Kingambit||FocusSash|Defiant|KowtowCleave,SuckerPunch,IronHead,LowKick|Adamant||F|||50|]Basculegion||MysticWater|Adaptability|LastRespects,WaveCrash,AquaJet,Protect|Adamant||M|||50|]Aerodactyl||Aerodactylite|Unnerve|RockSlide,DualWingbeat,Tailwind,IceFang|Jolly||F|||50|]Farigiraf||SitrusBerry|ArmorTail|Psychic,Thunderbolt,TrickRoom,Protect|Bold||F|||50|]Sylveon||FairyFeather|Pixilate|HyperVoice,HyperBeam,QuickAttack,Detect|Modest||F|||50|
|showteam|p2|Incineroar||SitrusBerry|Intimidate|FlareBlitz,FakeOut,HelpingHand,PartingShot|Impish||M|||50|]Delphox||Delphoxite|Blaze|HeatWave,Psychic,NastyPlot,Protect|Timid||F|||50|]Sinistcha||KasibBerry|Hospitality|MatchaGotcha,RagePowder,LifeDew,Protect|Bold|||||50|]Kingambit||LifeOrb|Defiant|KowtowCleave,SuckerPunch,SwordsDance,Protect|Adamant||M|||50|]Blastoise||Blastoisinite|RainDish|WaterSpout,DarkPulse,ShellSmash,Protect|Modest||M|||50|]Sneasler||FocusSash|PoisonTouch|CloseCombat,PoisonJab,FakeOut,QuickGuard|Jolly||M|||50|
|inactive|Battle timer is ON: inactive players will automatically lose when time's up. (requested by Northgdh)
|
|t:|1784309764
|teamsize|p1|4
|teamsize|p2|4
|start
|switch|p1a: Sylveon|Sylveon, L50, F, shiny|100/100
|switch|p1b: Raichu|Raichu, L50, M|100/100
|switch|p2a: begged|Blastoise, L50, M, shiny|100/100
|switch|p2b: the cure|Sinistcha, L50|100/100
|turn|1
|
|t:|1784309789
|detailschange|p1b: Raichu|Raichu-Mega-Y, L50, M
|-mega|p1b: Raichu|Raichu|Raichunite Y
|detailschange|p2a: begged|Blastoise-Mega, L50, M, shiny
|-mega|p2a: begged|Blastoise|Blastoisinite
|move|p2a: begged|Protect|p2a: begged
|-singleturn|p2a: begged|Protect
|move|p1b: Raichu|Fake Out|p2a: begged
|-activate|p2a: begged|move: Protect
|move|p1a: Sylveon|Hyper Voice|p2a: begged|[spread] p2b
|-activate|p2a: begged|move: Protect
|-damage|p2b: the cure|47/100
|move|p2b: the cure|Matcha Gotcha|p1b: Raichu|[spread] p1a,p1b
|-damage|p1a: Sylveon|79/100
|-heal|p2b: the cure|57/100|[from] drain|[of] p1a: Sylveon
|-damage|p1b: Raichu|70/100
|-heal|p2b: the cure|72/100|[from] drain|[of] p1b: Raichu
|
|upkeep
|turn|2
|
|t:|1784309804
|move|p1b: Raichu|Protect|p1b: Raichu
|-singleturn|p1b: Raichu|Protect
|move|p2b: the cure|Rage Powder|p2b: the cure
|-singleturn|p2b: the cure|move: Rage Powder
|move|p2a: begged|Water Spout|p1a: Sylveon|[spread] p1a
|-activate|p1b: Raichu|move: Protect
|-damage|p1a: Sylveon|26/100
|move|p1a: Sylveon|Hyper Voice|p2b: the cure|[spread] p2a,p2b
|-damage|p2a: begged|58/100
|-damage|p2b: the cure|22/100
|
|upkeep
|turn|3
|
|t:|1784309821
|move|p2b: the cure|Rage Powder|p2b: the cure
|-singleturn|p2b: the cure|move: Rage Powder
|move|p1b: Raichu|Zap Cannon|p2b: the cure
|-resisted|p2b: the cure|1
|-damage|p2b: the cure|0 fnt
|faint|p2b: the cure
|move|p2a: begged|Water Spout|p1b: Raichu|[spread] p1a,p1b
|-damage|p1a: Sylveon|0 fnt
|-damage|p1b: Raichu|18/100
|faint|p1a: Sylveon
|
|upkeep
|
|t:|1784309834
|switch|p1a: Kingambit|Kingambit, L50, F, shiny|100/100
|switch|p2b: honeybee|Sneasler, L50, M|100/100
|turn|4
|
|t:|1784309851
|move|p1b: Raichu|Protect|p1b: Raichu
|-singleturn|p1b: Raichu|Protect
|move|p2b: honeybee|Fake Out|p1b: Raichu
|-activate|p1b: Raichu|move: Protect
|move|p1a: Kingambit|Sucker Punch||[still]
|-fail|p1a: Kingambit
|move|p2a: begged|Shell Smash|p2a: begged
|-unboost|p2a: begged|def|1
|-unboost|p2a: begged|spd|1
|-boost|p2a: begged|atk|2
|-boost|p2a: begged|spa|2
|-boost|p2a: begged|spe|2
|
|upkeep
|turn|5
|
|t:|1784309857
|move|p2b: honeybee|Quick Guard|p2b: honeybee
|-singleturn|p2b: honeybee|Quick Guard
|move|p1a: Kingambit|Sucker Punch|p2a: begged
|-activate|p2a: begged|move: Quick Guard
|move|p2a: begged|Water Spout|p1b: Raichu|[spread] p1a,p1b
|-damage|p1a: Kingambit|20/100y
|-damage|p1b: Raichu|0 fnt
|faint|p1b: Raichu
|
|upkeep
|-message|Lightoz IV forfeited.
|
|win|Northgdh
|l|☆Lightoz IV
|player|p1|
||Lightoz IV is ready for game 2.
