|j|☆Gancelot
|j|☆MYSEEMBENTON
|html|GancelotMYSEEMBENTON    
|uhtml|bestof|Game 2 of a best-of-3
|t:|1783021201
|gametype|doubles
|player|p1|Gancelot|morty|1097
|player|p2|MYSEEMBENTON|169|1027
|gen|9
|tier|[Gen 9 Champions] VGC 2026 Reg M-B (Bo3)
|rated|
|rule|Species Clause: Limit one of each Pokémon
|rule|Item Clause: Limit 1 of each item
|clearpoke
|poke|p1|Charizard, L50, F|
|poke|p1|Mamoswine, L50, F|
|poke|p1|Scrafty, L50, F|
|poke|p1|Toxapex, L50, F|
|poke|p1|Sneasler, L50, M|
|poke|p1|Sinistcha, L50|
|poke|p2|Basculegion, L50, M|
|poke|p2|Grimmsnarl, L50, M|
|poke|p2|Gholdengo, L50|
|poke|p2|Aerodactyl, L50, M|
|poke|p2|Incineroar, L50, F|
|poke|p2|Dragonite, L50, M|
|teampreview|4
|showteam|p1|Charizard||CharizarditeY|Blaze|HeatWave,WeatherBall,Protect,SolarBeam|Modest||F|||50|]Mamoswine||FocusSash|Oblivious|HighHorsepower,IcicleCrash,Protect,IceShard|Adamant||F|||50|]Scrafty||Scraftinite|Intimidate|FakeOut,CloseCombat,KnockOff,Protect|Adamant||F|||50|]Toxapex||Leftovers|Regenerator|BanefulBunker,Toxic,Infestation,WideGuard|Impish||F|||50|]Sneasler||WhiteHerb|Unburden|Protect,FakeOut,CloseCombat,DireClaw|Jolly||M|||50|]Sinistcha||SitrusBerry|Hospitality|Protect,TrickRoom,MatchaGotcha,RagePowder|Relaxed|||||50|
|showteam|p2|Basculegion||ChoiceScarf|Adaptability|WaveCrash,LastRespects,FlipTurn,IceFang|Adamant||M|||50|]Grimmsnarl||LightClay|Prankster|SuckerPunch,SpiritBreak,PartingShot,LightScreen|Adamant||M|||50|]Gholdengo||MetalCoat|GoodasGold|Protect,NastyPlot,MakeItRain,ShadowBall|Modest|||||50|]Aerodactyl||FocusSash|Unnerve|Protect,DualWingbeat,Tailwind,RockSlide|Adamant||M|||50|]Incineroar||SitrusBerry|Intimidate|CloseCombat,DarkestLariat,FakeOut,FlareBlitz|Adamant||F|||50|]Dragonite||Dragoninite|Multiscale|DracoMeteor,IceBeam,HeatWave,Protect|Modest||M|||50|
|inactive|Battle timer is ON: inactive players will automatically lose when time's up. (requested by Gancelot)
|inactive|MYSEEMBENTON has 60 seconds left.
|
|t:|1783021237
|teamsize|p1|4
|teamsize|p2|4
|start
|switch|p1a: Scrafty|Scrafty, L50, F|100/100
|switch|p1b: Mamoswine|Mamoswine, L50, F|100/100
|switch|p2a: Gholdengo|Gholdengo, L50|100/100
|switch|p2b: Aerodactyl|Aerodactyl, L50, M|100/100
|-ability|p2b: Aerodactyl|Unnerve
|-ability|p1a: Scrafty|Intimidate|boost
|-unboost|p2a: Gholdengo|atk|1
|-unboost|p2b: Aerodactyl|atk|1
|turn|1
|inactive|MYSEEMBENTON has 30 seconds left.
|
|t:|1783021268
|switch|p2b: Incineroar|Incineroar, L50, F|100/100
|-ability|p2b: Incineroar|Intimidate|boost
|-unboost|p1a: Scrafty|atk|1
|-fail|p1b: Mamoswine|unboost|Attack|[from] ability: Oblivious|[of] p1b: Mamoswine
|switch|p1a: Sneasler|Sneasler, L50, M|100/100
|move|p1b: Mamoswine|High Horsepower|p2a: Gholdengo
|-supereffective|p2a: Gholdengo|1
|-damage|p2a: Gholdengo|0 fnt
|faint|p2a: Gholdengo
|
|upkeep
|
|t:|1783021287
|switch|p2a: Aerodactyl|Aerodactyl, L50, M|100/100
|-ability|p2a: Aerodactyl|Unnerve
|turn|2
|
|t:|1783021310
|move|p1a: Sneasler|Fake Out|p2b: Incineroar
|-damage|p2b: Incineroar|87/100
|cant|p2b: Incineroar|flinch
|move|p1b: Mamoswine|Ice Shard|p2a: Aerodactyl
|-supereffective|p2a: Aerodactyl|1
|-damage|p2a: Aerodactyl|23/100
|move|p2a: Aerodactyl|Dual Wingbeat|p1b: Mamoswine
|-damage|p1b: Mamoswine|78/100
|-damage|p1b: Mamoswine|54/100
|-hitcount|p1b: Mamoswine|2
|
|upkeep
|turn|3
|
|t:|1783021327
|move|p2a: Aerodactyl|Protect|p2a: Aerodactyl
|-singleturn|p2a: Aerodactyl|Protect
|move|p1b: Mamoswine|Ice Shard|p2a: Aerodactyl
|-activate|p2a: Aerodactyl|move: Protect
|move|p1a: Sneasler|Close Combat|p2b: Incineroar
|-supereffective|p2b: Incineroar|1
|-damage|p2b: Incineroar|0 fnt
|-unboost|p1a: Sneasler|def|1
|-unboost|p1a: Sneasler|spd|1
|faint|p2b: Incineroar
|-enditem|p1a: Sneasler|White Herb
|-clearnegativeboost|p1a: Sneasler|[silent]
|
|upkeep
|
|t:|1783021335
|switch|p2b: Dragonite|Dragonite, L50, M|100/100
|turn|4
|
|t:|1783021344
|detailschange|p2b: Dragonite|Dragonite-Mega, L50, M
|-mega|p2b: Dragonite|Dragonite|Dragoninite
|move|p1b: Mamoswine|Ice Shard|p2a: Aerodactyl
|-supereffective|p2a: Aerodactyl|1
|-damage|p2a: Aerodactyl|0 fnt
|faint|p2a: Aerodactyl
|move|p1a: Sneasler|Dire Claw|p2b: Dragonite
|-damage|p2b: Dragonite|84/100
|move|p2b: Dragonite|Heat Wave|p1b: Mamoswine|[spread] p1a,p1b
|-supereffective|p1b: Mamoswine|1
|-damage|p1a: Sneasler|63/100
|-damage|p1b: Mamoswine|0 fnt
|faint|p1b: Mamoswine
|
|upkeep
|
|t:|1783021350
|switch|p1b: Toxapex|Toxapex, L50, F|100/100
|turn|5
|
|t:|1783021363
|move|p1a: Sneasler|Dire Claw|p2b: Dragonite
|-crit|p2b: Dragonite
|-damage|p2b: Dragonite|37/100
|-status|p2b: Dragonite|par
|move|p2b: Dragonite|Heat Wave|p1b: Toxapex|[spread] p1a,p1b
|-resisted|p1b: Toxapex|1
|-damage|p1a: Sneasler|26/100
|-damage|p1b: Toxapex|89/100
|move|p1b: Toxapex|Toxic||[still]
|-fail|p1b: Toxapex
|
|-heal|p1b: Toxapex|94/100|[from] item: Leftovers
|upkeep
|turn|6
|-message|MYSEEMBENTON forfeited.
|
|win|Gancelot
