|j|☆precisiondepicasso
|j|☆A_TerroneVGC
|html|precisiondepicassoA_TerroneVGC    
|uhtml|bestof|Game 2 of a best-of-3
|t:|1782763318
|gametype|doubles
|player|p1|precisiondepicasso|cyclistf-gen4|1199
|player|p2|A_TerroneVGC|2|1242
|gen|9
|tier|[Gen 9 Champions] VGC 2026 Reg M-B (Bo3)
|rated|
|rule|Species Clause: Limit one of each Pokémon
|rule|Item Clause: Limit 1 of each item
|clearpoke
|poke|p1|Charizard, L50, M|
|poke|p1|Kingambit, L50, M|
|poke|p1|Sylveon, L50, M|
|poke|p1|Garchomp, L50, F|
|poke|p1|Aerodactyl, L50, M|
|poke|p1|Farigiraf, L50, F|
|poke|p2|Floette-Eternal, L50, F|
|poke|p2|Raichu, L50, M|
|poke|p2|Ceruledge, L50, M|
|poke|p2|Milotic, L50, M|
|poke|p2|Sinistcha, L50|
|poke|p2|Incineroar, L50, M|
|teampreview|4
|showteam|p1|Charizard||CharizarditeY|SolarPower|Protect,HeatWave,SolarBeam,WeatherBall|Modest||M|||50|]Kingambit||FocusSash|Defiant|IronHead,SuckerPunch,KowtowCleave,LowKick|Adamant||M|||50|]Sylveon||FairyFeather|Pixilate|Detect,HyperVoice,HyperBeam,QuickAttack|Modest||M|||50|]Garchomp||LifeOrb|RoughSkin|Protect,DragonClaw,Earthquake,StompingTantrum|Jolly||F|||50|]Aerodactyl||Aerodactylite|RockHead|IceFang,RockSlide,Tailwind,DualWingbeat|Jolly||M|||50|]Farigiraf||SitrusBerry|ArmorTail|TrickRoom,Psychic,Thunderbolt,Roar|Bold||F|||50|
|showteam|p2|Floette-Eternal||Floettite|FlowerVeil|Moonblast,DrainingKiss,CalmMind,Protect|Modest||F|||50|]Raichu||RaichuniteY|LightningRod|ZapCannon,FocusBlast,FakeOut,Protect|Timid||M|||50|]Ceruledge||ColburBerry|FlashFire|BitterBlade,ShadowSneak,BulkUp,Protect|Adamant||M|||50|]Milotic||Leftovers|Competitive|MuddyWater,Hypnosis,Coil,Protect|Calm||M|||50|]Sinistcha||KasibBerry|Hospitality|MatchaGotcha,LifeDew,RagePowder,Protect|Relaxed|||||50|]Incineroar||SitrusBerry|Intimidate|FlareBlitz,ThroatChop,FakeOut,PartingShot|Impish||M|||50|
|inactive|Battle timer is ON: inactive players will automatically lose when time's up. (requested by precisiondepicasso)
|inactive|precisiondepicasso has 60 seconds left.
|inactive|precisiondepicasso has 30 seconds left.
|
|t:|1782763381
|teamsize|p1|4
|teamsize|p2|4
|start
|switch|p1a: Farigiraf|Farigiraf, L50, F|100/100
|switch|p1b: Kingambit|Kingambit, L50, M|100/100
|switch|p2a: Raichu|Raichu, L50, M|100/100
|switch|p2b: Milotic|Milotic, L50, M|100/100
|turn|1
|
|t:|1782763406
|move|p2a: Raichu|Protect|p2a: Raichu
|-singleturn|p2a: Raichu|Protect
|move|p2b: Milotic|Coil|p2b: Milotic
|-boost|p2b: Milotic|atk|1
|-boost|p2b: Milotic|def|1
|-boost|p2b: Milotic|accuracy|1
|move|p1b: Kingambit|Kowtow Cleave|p2a: Raichu
|-activate|p2a: Raichu|move: Protect
|move|p1a: Farigiraf|Trick Room|p1a: Farigiraf
|-fieldstart|move: Trick Room|[of] p1a: Farigiraf
|
|upkeep
|turn|2
|
|t:|1782763425
|move|p1b: Kingambit|Kowtow Cleave|p2a: Raichu
|-damage|p2a: Raichu|12/100
|move|p2b: Milotic|Coil|p2b: Milotic
|-boost|p2b: Milotic|atk|1
|-boost|p2b: Milotic|def|1
|-boost|p2b: Milotic|accuracy|1
|move|p2a: Raichu|Focus Blast|p1b: Kingambit
|-supereffective|p1b: Kingambit|2
|-enditem|p1b: Kingambit|Focus Sash
|-damage|p1b: Kingambit|1/100
|move|p1a: Farigiraf|Roar|p2b: Milotic
|drag|p2b: Sinistcha|Sinistcha, L50|100/100
|-heal|p2a: Raichu|37/100|[from] ability: Hospitality|[of] p2b: Sinistcha
|
|upkeep
|turn|3
|inactive|A_TerroneVGC has 30 seconds left.
|inactive|A_TerroneVGC has 20 seconds left.
|
|t:|1782763462
|switch|p2a: Milotic|Milotic, L50, M|100/100
|move|p1b: Kingambit|Sucker Punch|p2b: Sinistcha
|-supereffective|p2b: Sinistcha|1
|-damage|p2b: Sinistcha|32/100
|move|p1a: Farigiraf|Psychic|p2a: Milotic
|-damage|p2a: Milotic|77/100
|-unboost|p2a: Milotic|spd|1
|-ability|p2a: Milotic|Competitive|boost
|-boost|p2a: Milotic|spa|2
|move|p2b: Sinistcha|Matcha Gotcha|p1b: Kingambit|[spread] p1a,p1b
|-resisted|p1b: Kingambit|1
|-damage|p1a: Farigiraf|77/100
|-heal|p2b: Sinistcha|46/100|[from] drain|[of] p1a: Farigiraf
|-damage|p1b: Kingambit|0 fnt
|-heal|p2b: Sinistcha|47/100|[from] drain|[of] p1b: Kingambit
|faint|p1b: Kingambit
|
|-heal|p2a: Milotic|83/100|[from] item: Leftovers
|upkeep
|
|t:|1782763478
|switch|p1b: Sylveon|Sylveon, L50, M|100/100
|turn|4
|
|t:|1782763490
|switch|p2b: Raichu|Raichu, L50, M|37/100
|switch|p2a: Incineroar|Incineroar, L50, M|100/100
|-ability|p2a: Incineroar|Intimidate|boost
|-unboost|p1a: Farigiraf|atk|1
|-unboost|p1b: Sylveon|atk|1
|move|p1a: Farigiraf|Psychic|p2a: Incineroar
|-immune|p2a: Incineroar
|move|p1b: Sylveon|Hyper Voice|p2b: Raichu|[spread] p2a,p2b
|-damage|p2a: Incineroar|59/100
|-damage|p2b: Raichu|0 fnt
|faint|p2b: Raichu
|
|upkeep
|
|t:|1782763504
|switch|p2b: Sinistcha|Sinistcha, L50|47/100
|-heal|p2a: Incineroar|84/100|[from] ability: Hospitality|[of] p2b: Sinistcha
|turn|5
|
|t:|1782763517
|move|p1a: Farigiraf|Psychic|p2b: Sinistcha
|-damage|p2b: Sinistcha|16/100
|move|p2b: Sinistcha|Life Dew|p2b: Sinistcha|[spread] p2a,p2b
|-heal|p2a: Incineroar|100/100
|-heal|p2b: Sinistcha|42/100
|move|p2a: Incineroar|Throat Chop|p1b: Sylveon
|-resisted|p1b: Sylveon|1
|-crit|p1b: Sylveon
|-damage|p1b: Sylveon|74/100
|-start|p1b: Sylveon|Throat Chop|[silent]
|cant|p1b: Sylveon|move: Throat Chop
|
|-fieldend|move: Trick Room
|upkeep
|turn|6
|
|t:|1782763535
|switch|p1b: Aerodactyl|Aerodactyl, L50, M|100/100
|move|p2a: Incineroar|Throat Chop|p1a: Farigiraf
|-supereffective|p1a: Farigiraf|1
|-damage|p1a: Farigiraf|33/100
|-start|p1a: Farigiraf|Throat Chop|[silent]
|-enditem|p1a: Farigiraf|Sitrus Berry|[eat]
|-heal|p1a: Farigiraf|58/100|[from] item: Sitrus Berry
|move|p2b: Sinistcha|Matcha Gotcha|p1a: Farigiraf|[spread] p1a,p1b
|-damage|p1a: Farigiraf|35/100
|-heal|p2b: Sinistcha|56/100|[from] drain|[of] p1a: Farigiraf
|-damage|p1b: Aerodactyl|67/100
|-heal|p2b: Sinistcha|73/100|[from] drain|[of] p1b: Aerodactyl
|move|p1a: Farigiraf|Psychic|p2b: Sinistcha
|-damage|p2b: Sinistcha|42/100
|
|upkeep
|turn|7
|
|t:|1782763557
|switch|p2b: Milotic|Milotic, L50, M|83/100
|detailschange|p1b: Aerodactyl|Aerodactyl-Mega, L50, M
|-mega|p1b: Aerodactyl|Aerodactyl|Aerodactylite
|move|p1b: Aerodactyl|Tailwind|p1b: Aerodactyl
|-sidestart|p1: precisiondepicasso|move: Tailwind
|move|p1a: Farigiraf|Psychic|p2b: Milotic
|-damage|p2b: Milotic|62/100
|move|p2a: Incineroar|Parting Shot|p1b: Aerodactyl
|-unboost|p1b: Aerodactyl|atk|1
|-unboost|p1b: Aerodactyl|spa|1
|
|t:|1782763568
|switch|p2a: Sinistcha|Sinistcha, L50|42/100|[from] Parting Shot
|-heal|p2b: Milotic|87/100|[from] ability: Hospitality|[of] p2a: Sinistcha
|
|-heal|p2b: Milotic|93/100|[from] item: Leftovers
|-end|p1a: Farigiraf|Throat Chop|[silent]
|upkeep
|turn|8
|
|t:|1782763578
|switch|p1b: Sylveon|Sylveon, L50, M|74/100
|move|p2b: Milotic|Protect|p2b: Milotic
|-singleturn|p2b: Milotic|Protect
|move|p2a: Sinistcha|Protect|p2a: Sinistcha
|-singleturn|p2a: Sinistcha|Protect
|move|p1a: Farigiraf|Roar|p2b: Milotic
|drag|p2b: Incineroar|Incineroar, L50, M|100/100
|-ability|p2b: Incineroar|Intimidate|boost
|-unboost|p1a: Farigiraf|atk|1
|-unboost|p1b: Sylveon|atk|1
|
|upkeep
|turn|9
|
|t:|1782763597
|switch|p2a: Milotic|Milotic, L50, M|93/100
|move|p1b: Sylveon|Hyper Voice|p2b: Incineroar|[spread] p2a,p2b
|-damage|p2a: Milotic|61/100
|-damage|p2b: Incineroar|58/100
|move|p1a: Farigiraf|Psychic|p2a: Milotic
|-damage|p2a: Milotic|38/100
|move|p2b: Incineroar|Throat Chop|p1a: Farigiraf
|-supereffective|p1a: Farigiraf|1
|-damage|p1a: Farigiraf|0 fnt
|faint|p1a: Farigiraf
|
|-heal|p2a: Milotic|44/100|[from] item: Leftovers
|upkeep
|
|t:|1782763610
|switch|p1a: Aerodactyl|Aerodactyl-Mega, L50, M|67/100
|turn|10
|
|t:|1782763623
|switch|p2b: Sinistcha|Sinistcha, L50|42/100
|-heal|p2a: Milotic|69/100|[from] ability: Hospitality|[of] p2b: Sinistcha
|move|p2a: Milotic|Protect|p2a: Milotic
|-singleturn|p2a: Milotic|Protect
|move|p1a: Aerodactyl|Rock Slide|p2a: Milotic|[spread] p2b
|-activate|p2a: Milotic|move: Protect
|-damage|p2b: Sinistcha|16/100
|move|p1b: Sylveon|Hyper Voice|p2a: Milotic|[spread] p2b
|-activate|p2a: Milotic|move: Protect
|-damage|p2b: Sinistcha|0 fnt
|faint|p2b: Sinistcha
|
|-heal|p2a: Milotic|75/100|[from] item: Leftovers
|-sideend|p1: precisiondepicasso|move: Tailwind
|upkeep
|
|t:|1782763635
|switch|p2b: Incineroar|Incineroar, L50, M|58/100
|-ability|p2b: Incineroar|Intimidate|boost
|-unboost|p1a: Aerodactyl|atk|1
|-unboost|p1b: Sylveon|atk|1
|turn|11
|
|t:|1782763647
|move|p2b: Incineroar|Fake Out|p1b: Sylveon
|-damage|p1b: Sylveon|63/100
|move|p1a: Aerodactyl|Rock Slide|p2b: Incineroar|[spread] p2a,p2b
|-supereffective|p2b: Incineroar|1
|-damage|p2a: Milotic|58/100
|-damage|p2b: Incineroar|31/100
|-enditem|p2b: Incineroar|Sitrus Berry|[eat]
|-heal|p2b: Incineroar|56/100|[from] item: Sitrus Berry
|cant|p2a: Milotic|flinch
|cant|p1b: Sylveon|flinch
|
|-heal|p2a: Milotic|64/100|[from] item: Leftovers
|upkeep
|turn|12
|
|t:|1782763662
|move|p1a: Aerodactyl|Rock Slide|p2b: Incineroar|[spread] p2a,p2b
|-supereffective|p2b: Incineroar|1
|-damage|p2a: Milotic|49/100
|-damage|p2b: Incineroar|32/100
|move|p2a: Milotic|Muddy Water|p1a: Aerodactyl|[spread] p1a,p1b
|-supereffective|p1a: Aerodactyl|1
|-damage|p1a: Aerodactyl|18/100
|-damage|p1b: Sylveon|42/100
|-unboost|p1a: Aerodactyl|accuracy|1
|-unboost|p1b: Sylveon|accuracy|1
|move|p1b: Sylveon|Hyper Beam|p2a: Milotic
|-damage|p2a: Milotic|0 fnt
|-mustrecharge|p1b: Sylveon
|faint|p2a: Milotic
|cant|p2b: Incineroar|flinch
|
|upkeep
|turn|13
|
|t:|1782763678
|move|p1a: Aerodactyl|Dual Wingbeat|p2b: Incineroar
|-damage|p2b: Incineroar|19/100
|-damage|p2b: Incineroar|5/100
|-hitcount|p2b: Incineroar|2
|cant|p1b: Sylveon|recharge
|move|p2b: Incineroar|Flare Blitz|p1b: Sylveon
|-damage|p1b: Sylveon|0 fnt
|faint|p1b: Sylveon
|-damage|p2b: Incineroar|0 fnt|[from] Recoil
|faint|p2b: Incineroar
|
|win|precisiondepicasso
||A_TerroneVGC is ready for game 3.
|inactive|precisiondepicasso has 30 seconds to confirm battle start!
||precisiondepicasso is ready for game 3.
|uhtml|next|Next: Game 3 of 3
