|j|☆SFactorX2
|j|☆givequagcalmmind
|html|SFactorX2givequagcalmmind    
|uhtml|bestof|Game 1 of a best-of-3
|t:|1786014820
|gametype|doubles
|player|p1|SFactorX2|101|1033
|player|p2|givequagcalmmind|nate|1000
|gen|9
|tier|[Gen 9 Champions] VGC 2026 Reg M-B (Bo3)
|rated|
|rule|Species Clause: Limit one of each Pokémon
|rule|Item Clause: Limit 1 of each item
|clearpoke
|poke|p1|Skarmory, L50, F|
|poke|p1|Garchomp, L50, F|
|poke|p1|Basculegion, L50, M|
|poke|p1|Glimmora, L50, M|
|poke|p1|Sableye, L50, M|
|poke|p1|Annihilape, L50, M|
|poke|p2|Aerodactyl, L50, M|
|poke|p2|Swampert, L50, M|
|poke|p2|Incineroar, L50, M|
|poke|p2|Serperior, L50, F|
|poke|p2|Charizard, L50, M|
|poke|p2|Farigiraf, L50, F|
|teampreview|4
|showteam|p1|Skarmory||Skarmorite|WeakArmor|BraveBird,IronHead,DrillRun,Protect|Jolly||F|||50|]Garchomp||LifeOrb|RoughSkin|Earthquake,RockSlide,IronHead,DragonClaw|Jolly||F|||50|]Basculegion||ChoiceScarf|Adaptability|LastRespects,AquaJet,Waterfall,PsychicFangs|Jolly||M|||50|]Glimmora||Glimmoranite|ToxicDebris|SludgeBomb,PowerGem,EarthPower,SpikyShield|Timid||M|||50|]Sableye||ShucaBerry|KeenEye|RainDance,LightScreen,FoulPlay,FakeOut|Impish||M|||50|]Annihilape||Leftovers|VitalSpirit|Taunt,DrainPunch,ThunderPunch,Protect|Adamant||M|||50|
|showteam|p2|Aerodactyl||FocusSash|Unnerve|RockSlide,Tailwind,WideGuard,RainDance|Jolly||M|||50|]Swampert||Swampertite|Torrent|Protect,BulkUp,Liquidation,Earthquake|Adamant||M|||50|]Incineroar||Charcoal|Intimidate|FakeOut,Taunt,PartingShot,FlareBlitz|Careful||M|||50|]Serperior||Leftovers|Contrary|LeafStorm,DragonPulse,HelpingHand,KnockOff|Modest||F|||50|]Charizard||CharizarditeY|SolarPower|Protect,HeatWave,SolarBeam,WeatherBall|Timid||M|||50|]Farigiraf||MentalHerb|ArmorTail|DazzlingGleam,AllySwitch,SkillSwap,TrickRoom|Sassy||F|||50|
|c|☆SFactorX2|Good luck!
|c|☆givequagcalmmind|you too broklahoma
|
|t:|1786014931
|teamsize|p1|4
|teamsize|p2|4
|start
|switch|p1a: Sableye|Sableye, L50, M|100/100
|switch|p1b: Annihilape|Annihilape, L50, M|100/100
|switch|p2a: Serperior|Serperior, L50, F|100/100
|switch|p2b: Charizard|Charizard, L50, M|100/100
|turn|1
|
|t:|1786014968
|move|p2b: Charizard|Protect|p2b: Charizard
|-singleturn|p2b: Charizard|Protect
|move|p2a: Serperior|Leaf Storm|p1a: Sableye
|-damage|p1a: Sableye|19/100
|-boost|p2a: Serperior|spa|2
|move|p1b: Annihilape|Thunder Punch|p2b: Charizard
|-activate|p2b: Charizard|move: Protect
|move|p1a: Sableye|Rain Dance|p1a: Sableye
|-weather|RainDance
|
|-weather|RainDance|[upkeep]
|upkeep
|turn|2
|
|t:|1786015000
|switch|p1a: Glimmora|Glimmora, L50, M|100/100
|detailschange|p2b: Charizard|Charizard-Mega-Y, L50, M
|-mega|p2b: Charizard|Charizard|Charizardite Y
|-weather|SunnyDay|[from] ability: Drought|[of] p2b: Charizard
|move|p2b: Charizard|Heat Wave|p1b: Annihilape|[spread] p1a,p1b
|-resisted|p1a: Glimmora|1
|-damage|p1a: Glimmora|57/100
|-damage|p1b: Annihilape|46/100
|move|p2a: Serperior|Leaf Storm|p1b: Annihilape
|-damage|p1b: Annihilape|0 fnt
|-boost|p2a: Serperior|spa|2
|faint|p1b: Annihilape
|
|-weather|SunnyDay|[upkeep]
|upkeep
|
|t:|1786015017
|switch|p1b: Sableye|Sableye, L50, M|19/100
|turn|3
|
|t:|1786015031
|detailschange|p1a: Glimmora|Glimmora-Mega, L50, M
|-mega|p1a: Glimmora|Glimmora|Glimmoranite
|move|p1b: Sableye|Fake Out|p2b: Charizard
|-damage|p2b: Charizard|89/100
|move|p1a: Glimmora|Sludge Bomb|p2a: Serperior
|-supereffective|p2a: Serperior|1
|-damage|p2a: Serperior|0 fnt
|faint|p2a: Serperior
|cant|p2b: Charizard|flinch
|
|-weather|SunnyDay|[upkeep]
|upkeep
|
|t:|1786015040
|switch|p2a: Swampert|Swampert, L50, M|100/100
|turn|4
|
|t:|1786015056
|move|p1a: Glimmora|Spiky Shield|p1a: Glimmora
|-singleturn|p1a: Glimmora|move: Protect
|move|p2b: Charizard|Protect|p2b: Charizard
|-singleturn|p2b: Charizard|Protect
|move|p2a: Swampert|Earthquake|p1b: Sableye|[spread] p1b
|-activate|p2b: Charizard|move: Protect
|-activate|p1a: Glimmora|move: Protect
|-damage|p1b: Sableye|0 fnt
|faint|p1b: Sableye
|
|-weather|SunnyDay|[upkeep]
|upkeep
|
|t:|1786015066
|switch|p1b: Basculegion|Basculegion, L50, M|100/100
|turn|5
|
|t:|1786015088
|move|p2a: Swampert|Protect|p2a: Swampert
|-singleturn|p2a: Swampert|Protect
|move|p1b: Basculegion|Last Respects|p2a: Swampert
|-activate|p2a: Swampert|move: Protect
|move|p1a: Glimmora|Power Gem|p2b: Charizard
|-supereffective|p2b: Charizard|2
|-damage|p2b: Charizard|0 fnt
|faint|p2b: Charizard
|
|-weather|SunnyDay|[upkeep]
|upkeep
|
|t:|1786015095
|switch|p2b: Aerodactyl|Aerodactyl, L50, M|100/100
|-ability|p2b: Aerodactyl|Unnerve
|turn|6
|
|t:|1786015105
|move|p1b: Basculegion|Last Respects|p2a: Swampert
|-damage|p2a: Swampert|10/100
|move|p2b: Aerodactyl|Rock Slide|p1a: Glimmora|[spread] p1a,p1b
|-damage|p1a: Glimmora|35/100
|-damage|p1b: Basculegion|71/100
|cant|p1a: Glimmora|flinch
|move|p2a: Swampert|Earthquake|p1b: Basculegion|[spread] p1a,p1b
|-immune|p2b: Aerodactyl
|-supereffective|p1a: Glimmora|2
|-damage|p1a: Glimmora|0 fnt
|-damage|p1b: Basculegion|24/100
|faint|p1a: Glimmora
|
|-weather|none
|upkeep
|turn|7
|
|t:|1786015123
|move|p1b: Basculegion|Last Respects|p2a: Swampert
|-damage|p2a: Swampert|0 fnt
|faint|p2a: Swampert
|move|p2b: Aerodactyl|Rock Slide|p1b: Basculegion
|-damage|p1b: Basculegion|0 fnt
|faint|p1b: Basculegion
|
|win|givequagcalmmind
|l|☆givequagcalmmind
|player|p2|
||SFactorX2 is ready for game 2.
|inactive|givequagcalmmind has 30 seconds to confirm battle start!
||givequagcalmmind is ready for game 2.
|uhtml|next|Next: Game 2 of 3
