|j|☆swampertsolly
|j|☆Fatearthur32
|html|swampertsollyFatearthur32    
|uhtml|bestof|Game 1 of a best-of-3
|t:|1785832482
|gametype|doubles
|player|p1|swampertsolly|101|
|player|p2|Fatearthur32|2|
|gen|9
|tier|[Gen 9 Champions] VGC 2026 Reg M-B (Bo3)
|rule|Species Clause: Limit one of each Pokémon
|rule|Item Clause: Limit 1 of each item
|clearpoke
|poke|p1|Tyranitar, L50, F|
|poke|p1|Excadrill, L50, M|
|poke|p1|Skarmory, L50, M|
|poke|p1|Floette-Eternal, L50, F|
|poke|p1|Passimian, L50, M|
|poke|p1|Luxray, L50, M|
|poke|p2|Excadrill, L50, F, shiny|
|poke|p2|Krookodile, L50, F|
|poke|p2|Morpeko, L50, M|
|poke|p2|Garchomp, L50, M|
|poke|p2|Greninja, L50, M|
|poke|p2|Mimikyu, L50, M|
|teampreview|4
|showteam|p1|Tyranitar||Tyranitarite|SandStream|RockSlide,HeavySlam,DragonDance,Protect|Adamant||F|||50|]Excadrill||FocusSash|SandRush|IronHead,Earthquake,RockSlide,Protect|Jolly||M|||50|]Skarmory||Leftovers|Sturdy|Tailwind,Roost,IronHead,BraveBird|Impish||M|||50|]Floette-Eternal||Floettite|FlowerVeil|CalmMind,DrainingKiss,Protect,Moonblast|Timid||F|||50|]Passimian||ChoiceScarf|Defiant|CloseCombat,Uturn,Trailblaze,KnockOff|Jolly||M|||50|]Luxray||ExpertBelt|Intimidate|Crunch,SupercellSlam,Protect,PlayRough|Adamant||M|||50|
|showteam|p2|Excadrill||Excadrite|SandRush|DrillRun,RapidSpin,Protect,StealthRock|Serious||F|||50|]Krookodile||FocusSash|Intimidate|BulkUp,FireFang,KnockOff,SludgeBomb|Serious||F|||50|]Morpeko||Magnet|HungerSwitch|AuraWheel,FakeOut,Protect,Electroweb|Serious||M|||50|]Garchomp||Leftovers|SandVeil|BrickBreak,Liquidation,ShadowClaw,SwordsDance|Serious||M|||50|]Greninja||Greninjite|Protean|GrassKnot,WaterShuriken,Waterfall,ToxicSpikes|Serious||M|||50|]Mimikyu||QuickClaw|Disguise|Curse,Protect,WillOWisp,Trailblaze|Serious||M|||50|
|
|t:|1785832526
|teamsize|p1|4
|teamsize|p2|4
|start
|switch|p1a: Passimian|Passimian, L50, M|100/100
|switch|p1b: Excadrill|Excadrill, L50, M|100/100
|switch|p2a: Excadrill|Excadrill, L50, F, shiny|100/100
|switch|p2b: Krookodile|Krookodile, L50, F|100/100
|-ability|p2b: Krookodile|Intimidate|boost
|-unboost|p1a: Passimian|atk|1
|-ability|p1a: Passimian|Defiant|boost
|-boost|p1a: Passimian|atk|2
|-unboost|p1b: Excadrill|atk|1
|turn|1
|
|t:|1785832562
|move|p1a: Passimian|Close Combat|p2a: Excadrill
|-supereffective|p2a: Excadrill|1
|-damage|p2a: Excadrill|0 fnt
|-unboost|p1a: Passimian|def|1
|-unboost|p1a: Passimian|spd|1
|faint|p2a: Excadrill
|move|p1b: Excadrill|Iron Head|p2b: Krookodile
|-damage|p2b: Krookodile|66/100
|move|p2b: Krookodile|Knock Off|p1a: Passimian
|-resisted|p1a: Passimian|1
|-damage|p1a: Passimian|60/100
|-enditem|p1a: Passimian|Choice Scarf|[from] move: Knock Off|[of] p2b: Krookodile
|
|upkeep
|
|t:|1785832576
|switch|p2a: Greninja|Greninja, L50, M|100/100
|turn|2
|
|t:|1785832593
|move|p2a: Greninja|Water Shuriken|p1b: Excadrill
|-start|p2a: Greninja|typechange|Water|[from] ability: Protean
|-supereffective|p1b: Excadrill|1
|-damage|p1b: Excadrill|79/100
|-supereffective|p1b: Excadrill|1
|-damage|p1b: Excadrill|59/100
|-supereffective|p1b: Excadrill|1
|-crit|p1b: Excadrill
|-damage|p1b: Excadrill|26/100
|-supereffective|p1b: Excadrill|1
|-damage|p1b: Excadrill|3/100
|-supereffective|p1b: Excadrill|1
|-damage|p1b: Excadrill|0 fnt
|faint|p1b: Excadrill
|-hitcount|p1: Excadrill|5
|move|p1a: Passimian|U-turn|p2b: Krookodile
|-supereffective|p2b: Krookodile|1
|-crit|p2b: Krookodile
|-damage|p2b: Krookodile|0 fnt
|faint|p2b: Krookodile
|
|t:|1785832610
|switch|p1a: Floette|Floette-Eternal, L50, F|100/100|[from] U-turn
|
|upkeep
|
|t:|1785832616
|switch|p1b: Passimian|Passimian, L50, M|60/100
|switch|p2b: Mimikyu|Mimikyu, L50, M|100/100
|turn|3
|
|t:|1785832639
|detailschange|p2a: Greninja|Greninja-Mega, L50, M
|-mega|p2a: Greninja|Greninja|Greninjite
|detailschange|p1a: Floette|Floette-Mega, L50, F
|-mega|p1a: Floette|Floette|Floettite
|-ability|p1a: Floette|Fairy Aura
|move|p2a: Greninja|Waterfall|p1b: Passimian
|-start|p2a: Greninja|typechange|Water|[from] ability: Protean
|-damage|p1b: Passimian|23/100
|move|p1a: Floette|Calm Mind|p1a: Floette
|-boost|p1a: Floette|spa|1
|-boost|p1a: Floette|spd|1
|move|p2b: Mimikyu|Will-O-Wisp|p1a: Floette
|-status|p1a: Floette|brn
|move|p1b: Passimian|Trailblaze|p2a: Greninja
|-supereffective|p2a: Greninja|1
|-damage|p2a: Greninja|53/100
|-boost|p1b: Passimian|spe|1
|
|-damage|p1a: Floette|94/100 brn|[from] brn
|upkeep
|turn|4
|
|t:|1785832689
|move|p2a: Greninja|Water Shuriken|p1b: Passimian
|-damage|p1b: Passimian|10/100
|-damage|p1b: Passimian|0 fnt
|faint|p1b: Passimian
|-hitcount|p1: Passimian|2
|move|p1a: Floette|Calm Mind|p1a: Floette
|-boost|p1a: Floette|spa|1
|-boost|p1a: Floette|spd|1
|move|p2b: Mimikyu|Trailblaze|p1a: Floette
|-damage|p1a: Floette|80/100 brn
|-boost|p2b: Mimikyu|spe|1
|
|-damage|p1a: Floette|74/100 brn|[from] brn
|upkeep
|
|t:|1785832702
|switch|p1b: Skarmory|Skarmory, L50, M|100/100
|turn|5
|
|t:|1785832721
|move|p2a: Greninja|Water Shuriken|p1b: Skarmory
|-damage|p1b: Skarmory|89/100
|-damage|p1b: Skarmory|77/100
|-damage|p1b: Skarmory|66/100
|-hitcount|p1b: Skarmory|3
|move|p2b: Mimikyu|Will-O-Wisp|p1b: Skarmory
|-status|p1b: Skarmory|brn
|move|p1a: Floette|Draining Kiss|p2a: Greninja
|-damage|p2a: Greninja|0 fnt
|-heal|p1a: Floette|100/100 brn|[from] drain|[of] p2a: Greninja
|faint|p2a: Greninja
|move|p1b: Skarmory|Iron Head|p2b: Mimikyu
|-activate|p2b: Mimikyu|ability: Disguise
|-damage|p2b: Mimikyu|100/100
|detailschange|p2b: Mimikyu|Mimikyu-Busted, L50, M
|-damage|p2b: Mimikyu|87/100|[from] pokemon: Mimikyu-Busted
|
|-heal|p1b: Skarmory|72/100 brn|[from] item: Leftovers
|-damage|p1a: Floette|94/100 brn|[from] brn
|-damage|p1b: Skarmory|66/100 brn|[from] brn
|upkeep
|turn|6
|
|t:|1785832744
|move|p2b: Mimikyu|Trailblaze|p1a: Floette
|-damage|p1a: Floette|78/100 brn
|-boost|p2b: Mimikyu|spe|1
|move|p1a: Floette|Calm Mind|p1a: Floette
|-boost|p1a: Floette|spa|1
|-boost|p1a: Floette|spd|1
|move|p1b: Skarmory|Tailwind|p1b: Skarmory
|-sidestart|p1: swampertsolly|move: Tailwind
|
|-heal|p1b: Skarmory|72/100 brn|[from] item: Leftovers
|-damage|p1a: Floette|72/100 brn|[from] brn
|-damage|p1b: Skarmory|66/100 brn|[from] brn
|upkeep
|turn|7
|
|t:|1785832760
|move|p1a: Floette|Moonblast|p2b: Mimikyu
|-damage|p2b: Mimikyu|0 fnt
|faint|p2b: Mimikyu
|
|win|swampertsolly
