|j|☆DaMuGa89
|j|☆sorecruiser
|html|DaMuGa89sorecruiser    
|uhtml|bestof|Game 1 of a best-of-3
|t:|1756487701
|gametype|doubles
|player|p1|DaMuGa89|101|1000
|player|p2|sorecruiser|furisodegirl-black|1000
|gen|9
|tier|[Gen 9] VGC 2025 Reg H (Bo3)
|rated|
|rule|Species Clause: Limit one of each Pokémon
|rule|Item Clause: Limit 1 of each item
|clearpoke
|poke|p1|Charizard, L50, F|
|poke|p1|Torkoal, L50, M|
|poke|p1|Venusaur, L50, F|
|poke|p1|Incineroar, L50, F|
|poke|p1|Amoonguss, L50, F|
|poke|p1|Porygon2, L50|
|poke|p2|Talonflame, L50, F|
|poke|p2|Annihilape, L50, F|
|poke|p2|Rillaboom, L50, F|
|poke|p2|Primarina, L50, M|
|poke|p2|Gholdengo, L50|
|poke|p2|Maushold, L50|
|teampreview|4
|showteam|p1|Charizard||LifeOrb|SolarPower|HeatWave,AirSlash,Protect,Overheat|||F|||50|,,,,,Grass]Torkoal||SafetyGoggles|Drought|Eruption,Flamethrower,BodyPress,EarthPower|||M|||50|,,,,,Fire]Venusaur||WideLens|Chlorophyll|SleepPowder,SludgeBomb,LeafStorm,Protect|||F|||50|,,,,,Water]Incineroar||AssaultVest|Intimidate|FlareBlitz,FakeOut,Uturn,Snarl|||F|||50|,,,,,Fire]Amoonguss||OccaBerry|Regenerator|Spore,Protect,RagePowder,PollenPuff|||F|||50|,,,,,Water]Porygon2||Eviolite|Download|IceBeam,TriAttack,Recover,TrickRoom||||||50|,,,,,Grass
|showteam|p2|Talonflame||LifeOrb|GaleWings|Tailwind,FlareBlitz,Protect,BraveBird|||F|||50|,,,,,Ghost]Annihilape||Leftovers|Defiant|RageFist,DrainPunch,BulkUp,Protect|||F|||50|,,,,,Fire]Rillaboom||AssaultVest|GrassySurge|FakeOut,GrassyGlide,Uturn,WoodHammer|||F|||50|,,,,,Grass]Primarina||ChoiceSpecs|LiquidVoice|Moonblast,DazzlingGleam,HyperVoice,Haze|||M|||50|,,,,,Water]Gholdengo||MetalCoat|GoodasGold|MakeItRain,ShadowBall,NastyPlot,Protect||||||50|,,,,,Dragon]Maushold||SafetyGoggles|FriendGuard|BeatUp,FollowMe,SuperFang,Protect||||||50|,,,,,Ghost
|inactive|Battle timer is ON: inactive players will automatically lose when time's up. (requested by DaMuGa89)
|c|☆DaMuGa89|Gl hf
|c|☆sorecruiser|glhf
|inactive|DaMuGa89 has 60 seconds left.
|inactive|sorecruiser has 60 seconds left.
|
|t:|1756487753
|teamsize|p1|4
|teamsize|p2|4
|start
|switch|p1a: Torkoal|Torkoal, L50, M|100/100
|switch|p1b: Porygon2|Porygon2, L50|100/100
|switch|p2a: Annihilape|Annihilape, L50, F|100/100
|switch|p2b: Maushold|Maushold, L50|100/100
|-ability|p1b: Porygon2|Download|boost
|-boost|p1b: Porygon2|atk|1
|-weather|SunnyDay|[from] ability: Drought|[of] p1a: Torkoal
|turn|1
|
|t:|1756487775
|move|p2b: Maushold|Beat Up|p2a: Annihilape
|-damage|p2a: Annihilape|98/100
|-damage|p2a: Annihilape|96/100
|-damage|p2a: Annihilape|94/100
|-damage|p2a: Annihilape|92/100
|-hitcount|p2a: Annihilape|4
|move|p2a: Annihilape|Rage Fist|p1a: Torkoal
|-damage|p1a: Torkoal|2/100
|move|p1a: Torkoal|Body Press|p2b: Maushold
|-supereffective|p2b: Maushold
|-damage|p2b: Maushold|29/100
|move|p1b: Porygon2|Trick Room|p1b: Porygon2
|-fieldstart|move: Trick Room|[of] p1b: Porygon2
|
|-weather|SunnyDay|[upkeep]
|-heal|p2a: Annihilape|99/100|[from] item: Leftovers
|upkeep
|turn|2
|inactive|DaMuGa89 has 30 seconds left.
|inactive|sorecruiser has 30 seconds left.
|inactive|sorecruiser has 20 seconds left.
|inactive|sorecruiser has 15 seconds left.
|
|t:|1756487817
|switch|p1b: Amoonguss|Amoonguss, L50, F|100/100
|move|p1a: Torkoal|Body Press|p2b: Maushold
|-supereffective|p2b: Maushold
|-damage|p2b: Maushold|0 fnt
|faint|p2b: Maushold
|move|p2a: Annihilape|Bulk Up|p2a: Annihilape
|-boost|p2a: Annihilape|atk|1
|-boost|p2a: Annihilape|def|1
|
|-weather|SunnyDay|[upkeep]
|-heal|p2a: Annihilape|100/100|[from] item: Leftovers
|upkeep
|
|t:|1756487826
|switch|p2b: Talonflame|Talonflame, L50, F|100/100
|turn|3
|
|t:|1756487851
|-terastallize|p1b: Amoonguss|Water
|move|p2a: Annihilape|Protect|p2a: Annihilape
|-singleturn|p2a: Annihilape|Protect
|move|p2b: Talonflame|Protect|p2b: Talonflame
|-singleturn|p2b: Talonflame|Protect
|move|p1a: Torkoal|Flamethrower|p2a: Annihilape
|-activate|p2a: Annihilape|move: Protect
|move|p1b: Amoonguss|Spore|p2a: Annihilape
|-activate|p2a: Annihilape|move: Protect
|
|-weather|SunnyDay|[upkeep]
|upkeep
|turn|4
|inactive|sorecruiser has 30 seconds left.
|inactive|sorecruiser has 20 seconds left.
|inactive|sorecruiser has 15 seconds left.
|
|t:|1756487892
|switch|p2a: Gholdengo|Gholdengo, L50|100/100
|move|p2b: Talonflame|Brave Bird|p1b: Amoonguss
|-damage|p1b: Amoonguss|37/100
|-damage|p2b: Talonflame|71/100|[from] Recoil
|-damage|p2b: Talonflame|61/100|[from] item: Life Orb
|move|p1a: Torkoal|Flamethrower|p2a: Gholdengo
|-supereffective|p2a: Gholdengo
|-damage|p2a: Gholdengo|0 fnt
|faint|p2a: Gholdengo
|move|p1b: Amoonguss|Spore|p2b: Talonflame
|-status|p2b: Talonflame|slp|[from] move: Spore
|
|-weather|SunnyDay|[upkeep]
|upkeep
|
|t:|1756487903
|switch|p2a: Annihilape|Annihilape, L50, F|100/100
|turn|5
|
|t:|1756487920
|switch|p1b: Porygon2|Porygon2, L50|100/100
|-ability|p1b: Porygon2|Download|boost
|-boost|p1b: Porygon2|atk|1
|move|p2a: Annihilape|Protect|p2a: Annihilape
|-singleturn|p2a: Annihilape|Protect
|move|p1a: Torkoal|Flamethrower|p2a: Annihilape
|-activate|p2a: Annihilape|move: Protect
|cant|p2b: Talonflame|slp
|
|-weather|none
|-fieldend|move: Trick Room
|upkeep
|turn|6
|
|t:|1756487939
|switch|p1a: Amoonguss|Amoonguss, L50, F, tera:Water|70/100
|-terastallize|p2a: Annihilape|Fire
|cant|p2b: Talonflame|slp
|move|p2a: Annihilape|Bulk Up|p2a: Annihilape
|-boost|p2a: Annihilape|atk|1
|-boost|p2a: Annihilape|def|1
|move|p1b: Porygon2|Trick Room|p1b: Porygon2
|-fieldstart|move: Trick Room|[of] p1b: Porygon2
|
|upkeep
|turn|7
|
|t:|1756487957
|move|p2a: Annihilape|Protect|p2a: Annihilape
|-singleturn|p2a: Annihilape|Protect
|move|p1a: Amoonguss|Spore|p2a: Annihilape
|-activate|p2a: Annihilape|move: Protect
|move|p1b: Porygon2|Tri Attack|p2b: Talonflame
|-damage|p2b: Talonflame|6/100 slp
|cant|p2b: Talonflame|slp
|
|upkeep
|turn|8
|
|t:|1756487973
|move|p1a: Amoonguss|Spore|p2a: Annihilape
|-status|p2a: Annihilape|slp|[from] move: Spore
|move|p1b: Porygon2|Tri Attack|p2b: Talonflame
|-damage|p2b: Talonflame|0 fnt
|faint|p2b: Talonflame
|cant|p2a: Annihilape|slp
|
|upkeep
|turn|9
|
|t:|1756487992
|switch|p1b: Torkoal|Torkoal, L50, M|2/100
|-weather|SunnyDay|[from] ability: Drought|[of] p1b: Torkoal
|move|p1a: Amoonguss|Pollen Puff|p1b: Torkoal
|-heal|p1b: Torkoal|52/100
|-curestatus|p2a: Annihilape|slp|[msg]
|move|p2a: Annihilape|Rage Fist|p1a: Amoonguss
|-damage|p1a: Amoonguss|0 fnt
|faint|p1a: Amoonguss
|
|-weather|SunnyDay|[upkeep]
|upkeep
|
|t:|1756488006
|switch|p1a: Porygon2|Porygon2, L50|100/100
|-ability|p1a: Porygon2|Download|boost
|-boost|p1a: Porygon2|spa|1
|turn|10
|inactive|sorecruiser has 30 seconds left.
|
|t:|1756488036
|move|p2a: Annihilape|Protect|p2a: Annihilape
|-singleturn|p2a: Annihilape|Protect
|move|p1b: Torkoal|Earth Power|p2a: Annihilape
|-activate|p2a: Annihilape|move: Protect
|move|p1a: Porygon2|Tri Attack|p2a: Annihilape
|-activate|p2a: Annihilape|move: Protect
|
|-weather|SunnyDay|[upkeep]
|-fieldend|move: Trick Room
|upkeep
|turn|11
|
|t:|1756488048
|switch|p1b: Incineroar|Incineroar, L50, F|100/100
|-ability|p1b: Incineroar|Intimidate|boost
|-unboost|p2a: Annihilape|atk|1
|-ability|p2a: Annihilape|Defiant|boost
|-boost|p2a: Annihilape|atk|2
|move|p2a: Annihilape|Rage Fist|p1b: Incineroar
|-resisted|p1b: Incineroar
|-damage|p1b: Incineroar|0 fnt
|faint|p1b: Incineroar
|move|p1a: Porygon2|Trick Room|p1a: Porygon2
|-fieldstart|move: Trick Room|[of] p1a: Porygon2
|
|-weather|SunnyDay|[upkeep]
|upkeep
|
|t:|1756488062
|switch|p1b: Torkoal|Torkoal, L50, M|52/100
|turn|12
|
|t:|1756488067
|move|p1b: Torkoal|Earth Power|p2a: Annihilape
|-supereffective|p2a: Annihilape
|-damage|p2a: Annihilape|49/100
|move|p1a: Porygon2|Tri Attack|p2a: Annihilape
|-damage|p2a: Annihilape|2/100
|move|p2a: Annihilape|Bulk Up|p2a: Annihilape
|-boost|p2a: Annihilape|atk|1
|-boost|p2a: Annihilape|def|1
|
|-weather|SunnyDay|[upkeep]
|-heal|p2a: Annihilape|9/100|[from] item: Leftovers
|upkeep
|turn|13
|c|☆sorecruiser|fucking christ
|c|☆sorecruiser|i keep misclicking lmao meant to click drain pumnch
|
|t:|1756488084
|move|p2a: Annihilape|Protect|p2a: Annihilape
|-singleturn|p2a: Annihilape|Protect
|move|p1b: Torkoal|Earth Power|p2a: Annihilape
|-activate|p2a: Annihilape|move: Protect
|move|p1a: Porygon2|Tri Attack|p2a: Annihilape
|-activate|p2a: Annihilape|move: Protect
|
|-weather|none
|-heal|p2a: Annihilape|15/100|[from] item: Leftovers
|upkeep
|turn|14
|
|t:|1756488091
|move|p2a: Annihilape|Protect||[still]
|-fail|p2a: Annihilape
|move|p1b: Torkoal|Earth Power|p2a: Annihilape
|-supereffective|p2a: Annihilape
|-damage|p2a: Annihilape|0 fnt
|faint|p2a: Annihilape
|
|win|DaMuGa89
||sorecruiser is ready for game 2.
