|j|☆Magicalarcher57
|j|☆sserpiente3
|html|Magicalarcher57sserpiente3    
|uhtml|bestof|Game 2 of a best-of-3
|t:|1782487350
|gametype|doubles
|player|p1|Magicalarcher57|diantha|1117
|player|p2|sserpiente3|veteran|1080
|gen|9
|tier|[Gen 9 Champions] VGC 2026 Reg M-B (Bo3)
|rated|
|rule|Species Clause: Limit one of each Pokémon
|rule|Item Clause: Limit 1 of each item
|clearpoke
|poke|p1|Raichu, L50, F, shiny|
|poke|p1|Garchomp, L50, F, shiny|
|poke|p1|Whimsicott, L50, M, shiny|
|poke|p1|Kingambit, L50, M, shiny|
|poke|p1|Basculegion, L50, M, shiny|
|poke|p1|Charizard, L50, F, shiny|
|poke|p2|Blaziken, L50, F|
|poke|p2|Grimmsnarl, L50, M, shiny|
|poke|p2|Sableye, L50, F|
|poke|p2|Kingambit, L50, M|
|poke|p2|Primarina, L50, M|
|poke|p2|Sinistcha, L50|
|teampreview|4
|showteam|p1|Raichu||RaichuniteY|LightningRod|FakeOut,FocusBlast,ZapCannon,Protect|Timid||F|||50|]Garchomp||LifeOrb|RoughSkin|DragonClaw,Earthquake,StompingTantrum,Protect|Jolly||F|||50|]Whimsicott||FocusSash|Prankster|Moonblast,Tailwind,SunnyDay,Encore|Timid||M|||50|]Kingambit||BlackGlasses|Defiant|SuckerPunch,KowtowCleave,IronHead,Protect|Adamant||M|||50|]Basculegion||MysticWater|Adaptability|LastRespects,WaveCrash,Protect,AquaJet|Jolly||M|||50|]Charizard||CharizarditeY|Blaze|WeatherBall,SolarBeam,HeatWave,Protect|Modest||F|||50|
|showteam|p2|Blaziken||Blazikenite|SpeedBoost|Protect,CloseCombat,FlareBlitz,SwordsDance|Adamant||F|||50|]Grimmsnarl||LightClay|Prankster|LightScreen,Reflect,PartingShot,SpiritBreak|Adamant||M|||50|]Sableye||RoseliBerry|Prankster|SunnyDay,Disable,Encore,WillOWisp|Relaxed||F|||50|]Kingambit||LifeOrb|Defiant|SuckerPunch,KowtowCleave,LowKick,IronHead|Adamant||M|||50|]Primarina||Leftovers|LiquidVoice|HyperVoice,IceBeam,Moonblast,Haze|Modest||M|||50|]Sinistcha||SitrusBerry|Hospitality|LifeDew,RagePowder,MatchaGotcha,StrengthSap|Calm|||||50|
|inactive|Battle timer is ON: inactive players will automatically lose when time's up. (requested by Magicalarcher57)
|
|t:|1782487367
|teamsize|p1|4
|teamsize|p2|4
|start
|switch|p1a: Athena|Garchomp, L50, F, shiny|100/100
|switch|p1b: Charizard|Charizard, L50, F, shiny|100/100
|switch|p2a: Grimmsnarl|Grimmsnarl, L50, M, shiny|100/100
|switch|p2b: szayelaporro|Sableye, L50, F|100/100
|turn|1
|j| 1500oneveryladder
|
|t:|1782487382
|detailschange|p1b: Charizard|Charizard-Mega-Y, L50, F, shiny
|-mega|p1b: Charizard|Charizard|Charizardite Y
|-weather|SunnyDay|[from] ability: Drought|[of] p1b: Charizard
|move|p2a: Grimmsnarl|Light Screen|p2a: Grimmsnarl
|-sidestart|p2: sserpiente3|move: Light Screen
|move|p2b: szayelaporro|Will-O-Wisp|p1a: Athena
|-status|p1a: Athena|brn
|move|p1a: Athena|Earthquake|p2b: szayelaporro|[spread] p2a,p2b
|-immune|p1b: Charizard
|-damage|p2a: Grimmsnarl|69/100
|-damage|p2b: szayelaporro|74/100
|-damage|p1a: Athena|90/100 brn|[from] item: Life Orb
|move|p1b: Charizard|Heat Wave|p2a: Grimmsnarl|[spread] p2b
|-miss|p1b: Charizard|p2a: Grimmsnarl
|-crit|p2b: szayelaporro
|-damage|p2b: szayelaporro|0 fnt
|faint|p2b: szayelaporro
|
|-weather|SunnyDay|[upkeep]
|-damage|p1a: Athena|84/100 brn|[from] brn
|upkeep
|l| 1500oneveryladder
|
|t:|1782487397
|switch|p2b: Blaziken|Blaziken, L50, F|100/100
|turn|2
|
|t:|1782487418
|move|p2b: Blaziken|Protect|p2b: Blaziken
|-singleturn|p2b: Blaziken|Protect
|move|p2a: Grimmsnarl|Reflect|p2a: Grimmsnarl
|-sidestart|p2: sserpiente3|Reflect
|move|p1a: Athena|Earthquake|p2a: Grimmsnarl|[spread] p2a
|-activate|p2b: Blaziken|move: Protect
|-immune|p1b: Charizard
|-damage|p2a: Grimmsnarl|51/100
|-damage|p1a: Athena|74/100 brn|[from] item: Life Orb
|move|p1b: Charizard|Heat Wave|p2a: Grimmsnarl|[spread] 
|-activate|p2b: Blaziken|move: Protect
|-miss|p1b: Charizard|p2a: Grimmsnarl
|
|-weather|SunnyDay|[upkeep]
|-damage|p1a: Athena|68/100 brn|[from] brn
|-ability|p2b: Blaziken|Speed Boost|boost
|-boost|p2b: Blaziken|spe|1
|upkeep
|turn|3
|inactive|sserpiente3 has 30 seconds left.
|
|t:|1782487445
|detailschange|p2b: Blaziken|Blaziken-Mega, L50, F
|-mega|p2b: Blaziken|Blaziken|Blazikenite
|move|p2a: Grimmsnarl|Parting Shot|p1b: Charizard
|-unboost|p1b: Charizard|atk|1
|-unboost|p1b: Charizard|spa|1
|
|t:|1782487449
|switch|p2a: Primarina|Primarina, L50, M|100/100|[from] Parting Shot
|move|p2b: Blaziken|Flare Blitz|p1b: Charizard
|-resisted|p1b: Charizard|1
|-damage|p1b: Charizard|19/100
|-damage|p2b: Blaziken|73/100|[from] Recoil
|move|p1a: Athena|Earthquake|p2a: Primarina|[spread] p2a,p2b
|-immune|p1b: Charizard
|-supereffective|p2b: Blaziken|1
|-damage|p2a: Primarina|80/100
|-damage|p2b: Blaziken|30/100
|-damage|p1a: Athena|58/100 brn|[from] item: Life Orb
|move|p1b: Charizard|Heat Wave|p2a: Primarina|[spread] p2a
|-miss|p1b: Charizard|p2b: Blaziken
|-resisted|p2a: Primarina|1
|-damage|p2a: Primarina|67/100
|-status|p2a: Primarina|brn
|
|-weather|SunnyDay|[upkeep]
|-heal|p2a: Primarina|74/100 brn|[from] item: Leftovers
|-damage|p1a: Athena|52/100 brn|[from] brn
|-damage|p2a: Primarina|67/100 brn|[from] brn
|-ability|p2b: Blaziken|Speed Boost|boost
|-boost|p2b: Blaziken|spe|1
|upkeep
|turn|4
|inactive|Magicalarcher57 has 30 seconds left.
|inactive|sserpiente3 has 30 seconds left.
|
|t:|1782487481
|move|p2b: Blaziken|Protect|p2b: Blaziken
|-singleturn|p2b: Blaziken|Protect
|move|p1a: Athena|Earthquake|p2b: Blaziken|[spread] p2a
|-activate|p2b: Blaziken|move: Protect
|-immune|p1b: Charizard
|-damage|p2a: Primarina|46/100 brn
|-damage|p1a: Athena|43/100 brn|[from] item: Life Orb
|move|p1b: Charizard|Solar Beam||[still]
|-prepare|p1b: Charizard|Solar Beam
|-anim|p1b: Charizard|Solar Beam|p2a: Primarina
|-supereffective|p2a: Primarina|1
|-damage|p2a: Primarina|7/100 brn
|move|p2a: Primarina|Hyper Voice|p1b: Charizard|[spread] p1a,p1b
|-supereffective|p1b: Charizard|1
|-damage|p1a: Athena|23/100 brn
|-damage|p1b: Charizard|0 fnt
|faint|p1b: Charizard
|
|-weather|SunnyDay|[upkeep]
|-heal|p2a: Primarina|13/100 brn|[from] item: Leftovers
|-damage|p1a: Athena|17/100 brn|[from] brn
|-damage|p2a: Primarina|7/100 brn|[from] brn
|-ability|p2b: Blaziken|Speed Boost|boost
|-boost|p2b: Blaziken|spe|1
|upkeep
|
|t:|1782487483
|switch|p1b: Circe|Whimsicott, L50, M, shiny|100/100
|turn|5
|
|t:|1782487498
|move|p1b: Circe|Tailwind|p1b: Circe
|-sidestart|p1: Magicalarcher57|move: Tailwind
|move|p2b: Blaziken|Flare Blitz|p1b: Circe
|-supereffective|p1b: Circe|1
|-enditem|p1b: Circe|Focus Sash
|-damage|p1b: Circe|1/100
|-status|p1b: Circe|brn
|-damage|p2b: Blaziken|0 fnt|[from] Recoil
|faint|p2b: Blaziken
|move|p1a: Athena|Earthquake|p2a: Primarina|[spread] p1b,p2a
|-resisted|p1b: Circe|1
|-damage|p1b: Circe|0 fnt
|-damage|p2a: Primarina|0 fnt
|faint|p1b: Circe
|faint|p2a: Primarina
|-damage|p1a: Athena|8/100 brn|[from] item: Life Orb
|
|-weather|none
|-damage|p1a: Athena|2/100 brn|[from] brn
|upkeep
|
|t:|1782487515
|switch|p1b: Basculegion|Basculegion, L50, M, shiny|100/100
|switch|p2b: Grimmsnarl|Grimmsnarl, L50, M, shiny|51/100
|turn|6
|
|t:|1782487526
|move|p2b: Grimmsnarl|Parting Shot|p1b: Basculegion
|-unboost|p1b: Basculegion|atk|1
|-unboost|p1b: Basculegion|spa|1
|move|p1a: Athena|Stomping Tantrum|p2b: Grimmsnarl
|-damage|p2b: Grimmsnarl|31/100
|-damage|p1a: Athena|0 fnt|[from] item: Life Orb
|faint|p1a: Athena
|move|p1b: Basculegion|Wave Crash|p2b: Grimmsnarl
|-damage|p2b: Grimmsnarl|0 fnt
|faint|p2b: Grimmsnarl
|-damage|p1b: Basculegion|90/100|[from] Recoil
|
|win|Magicalarcher57
|raw|Magicalarcher57's rating: 1117 → 1139(+22 for winning)
|raw|sserpiente3's rating: 1080 → 1060(-20 for losing)
