|j|☆endK649
|j|☆LordTentacle69
|html|endK649LordTentacle69    
|uhtml|bestof|Game 1 of a best-of-3
|t:|1756772175
|gametype|doubles
|player|p1|endK649|gambler|1192
|player|p2|LordTentacle69|plasmagruntf|1299
|gen|9
|tier|[Gen 9] VGC 2025 Reg H (Bo3)
|rated|
|rule|Species Clause: Limit one of each Pokémon
|rule|Item Clause: Limit 1 of each item
|clearpoke
|poke|p1|Feraligatr, L50, F|
|poke|p1|Kommo-o, L50, F|
|poke|p1|Politoed, L50, F|
|poke|p1|Rillaboom, L50, M|
|poke|p1|Incineroar, L50, F|
|poke|p1|Sinistcha, L50|
|poke|p2|Pelipper, L50, F|
|poke|p2|Archaludon, L50, M|
|poke|p2|Ursaluna, L50, F|
|poke|p2|Sinistcha-Masterpiece, L50|
|poke|p2|Primarina, L50, F|
|poke|p2|Incineroar, L50, F|
|teampreview|4
|showteam|p1|Feraligatr||LifeOrb|SheerForce|Liquidation,Crunch,DragonDance,Protect|||F|||50|,,,,,Dark]Kommo-o||ThroatSpray|Overcoat|ClangingScales,AuraSphere,ClangorousSoul,Protect|||F|||50|,,,,,Fairy]Politoed||SitrusBerry|Drizzle|WeatherBall,IcyWind,Haze,Protect|||F|||50|,,,,,Grass]Rillaboom||AssaultVest|GrassySurge|WoodHammer,GrassyGlide,FakeOut,Uturn|||M|||50|,,,,,Fire]Incineroar||SafetyGoggles|Intimidate|KnockOff,FakeOut,Taunt,PartingShot|||F|||50|,,,,,Ghost]Sinistcha||CovertCloak|Hospitality|MatchaGotcha,ShadowBall,RagePowder,Protect||||||50|,,,,,Water
|showteam|p2|Pelipper||FocusSash|Drizzle|WeatherBall,Hurricane,Tailwind,Protect|||F|||50|,,,,,Stellar]Archaludon||AssaultVest|Stamina|ElectroShot,DracoMeteor,FlashCannon,BodyPress|||M|||50|,,,,,Bug]Ursaluna||FlameOrb|Guts|Facade,HeadlongRush,Protect,Earthquake|||F|||50|,,,,,Ghost]Sinistcha-Masterpiece||SitrusBerry|Hospitality|MatchaGotcha,RagePowder,TrickRoom,LifeDew||||||50|,,,,,Water]Primarina||ThroatSpray|LiquidVoice|Protect,HyperVoice,Moonblast,ShadowBall|||F|||50|,,,,,Poison]Incineroar||SafetyGoggles|Intimidate|KnockOff,Taunt,FakeOut,PartingShot|||F|||50|,,,,,Ghost
|
|t:|1756772231
|teamsize|p1|4
|teamsize|p2|4
|start
|switch|p1a: Kommo-o|Kommo-o, L50, F|100/100
|switch|p1b: Rillaboom|Rillaboom, L50, M, shiny|100/100
|switch|p2a: Gullet|Pelipper, L50, F|100/100
|switch|p2b: Staple Remover|Archaludon, L50, M|100/100
|-weather|RainDance|[from] ability: Drizzle|[of] p2a: Gullet
|-fieldstart|move: Grassy Terrain|[from] ability: Grassy Surge|[of] p1b: Rillaboom
|turn|1
|inactive|Battle timer is ON: inactive players will automatically lose when time's up. (requested by endK649)
|
|t:|1756772253
|switch|p2a: Wolfe Glick|Incineroar, L50, F|100/100
|-ability|p2a: Wolfe Glick|Intimidate|boost
|-unboost|p1a: Kommo-o|atk|1
|-unboost|p1b: Rillaboom|atk|1
|-terastallize|p1a: Kommo-o|Fairy
|move|p1b: Rillaboom|Fake Out|p2a: Wolfe Glick
|-damage|p2a: Wolfe Glick|93/100
|move|p1a: Kommo-o|Clangorous Soul|p1a: Kommo-o
|-boost|p1a: Kommo-o|atk|1
|-boost|p1a: Kommo-o|def|1
|-boost|p1a: Kommo-o|spa|1
|-boost|p1a: Kommo-o|spd|1
|-boost|p1a: Kommo-o|spe|1
|-damage|p1a: Kommo-o|68/100
|-enditem|p1a: Kommo-o|Throat Spray
|-boost|p1a: Kommo-o|spa|1|[from] item: Throat Spray
|move|p2b: Staple Remover|Electro Shot||[still]
|-prepare|p2b: Staple Remover|Electro Shot
|-boost|p2b: Staple Remover|spa|1
|-anim|p2b: Staple Remover|Electro Shot|p1a: Kommo-o
|-damage|p1a: Kommo-o|25/100
|
|-weather|RainDance|[upkeep]
|-heal|p1a: Kommo-o|31/100|[from] Grassy Terrain
|-heal|p2a: Wolfe Glick|99/100|[from] Grassy Terrain
|upkeep
|turn|2
|inactive|endK649 has 30 seconds left.
|inactive|LordTentacle69 has 30 seconds left.
|inactive|LordTentacle69 has 20 seconds left.
|inactive|LordTentacle69 has 15 seconds left.
|inactive|LordTentacle69 has 10 seconds left.
|
|t:|1756772299
|move|p1a: Kommo-o|Protect|p1a: Kommo-o
|-singleturn|p1a: Kommo-o|Protect
|move|p2a: Wolfe Glick|Fake Out|p1a: Kommo-o
|-activate|p1a: Kommo-o|move: Protect
|move|p2b: Staple Remover|Electro Shot||[still]
|-prepare|p2b: Staple Remover|Electro Shot
|-boost|p2b: Staple Remover|spa|1
|-anim|p2b: Staple Remover|Electro Shot|p1b: Rillaboom
|-resisted|p1b: Rillaboom
|-damage|p1b: Rillaboom|75/100
|move|p1b: Rillaboom|U-turn|p2a: Wolfe Glick
|-damage|p2a: Wolfe Glick|85/100
|
|t:|1756772317
|switch|p1b: Sinistcha|Sinistcha, L50|100/100|[from] U-turn
|-heal|p1a: Kommo-o|56/100|[from] ability: Hospitality|[of] p1b: Sinistcha
|
|-weather|RainDance|[upkeep]
|-heal|p1a: Kommo-o|62/100|[from] Grassy Terrain
|-heal|p2a: Wolfe Glick|91/100|[from] Grassy Terrain
|upkeep
|turn|3
|
|t:|1756772341
|-terastallize|p2b: Staple Remover|Bug
|move|p1b: Sinistcha|Rage Powder|p1b: Sinistcha
|-singleturn|p1b: Sinistcha|move: Rage Powder
|move|p1a: Kommo-o|Aura Sphere|p2b: Staple Remover
|-resisted|p2b: Staple Remover
|-damage|p2b: Staple Remover|76/100
|-ability|p2b: Staple Remover|Stamina|boost
|-boost|p2b: Staple Remover|def|1
|move|p2b: Staple Remover|Flash Cannon|p1b: Sinistcha
|-damage|p1b: Sinistcha|25/100
|move|p2a: Wolfe Glick|Parting Shot|p1a: Kommo-o
|-unboost|p1a: Kommo-o|atk|1
|-unboost|p1a: Kommo-o|spa|1
|
|t:|1756772354
|switch|p2a: I Like to Cha Cha|Sinistcha-Masterpiece, L50|100/100|[from] Parting Shot
|-heal|p2b: Staple Remover|100/100|[from] ability: Hospitality|[of] p2a: I Like to Cha Cha
|
|-weather|RainDance|[upkeep]
|-heal|p1a: Kommo-o|69/100|[from] Grassy Terrain
|-heal|p1b: Sinistcha|32/100|[from] Grassy Terrain
|upkeep
|turn|4
|inactive|endK649 has 30 seconds left.
|
|t:|1756772387
|move|p1a: Kommo-o|Clanging Scales|p2a: I Like to Cha Cha|[spread] p2a,p2b
|-damage|p2a: I Like to Cha Cha|49/100
|-damage|p2b: Staple Remover|60/100
|-ability|p2b: Staple Remover|Stamina|boost
|-boost|p2b: Staple Remover|def|1
|-enditem|p2a: I Like to Cha Cha|Sitrus Berry|[eat]
|-heal|p2a: I Like to Cha Cha|74/100|[from] item: Sitrus Berry
|-unboost|p1a: Kommo-o|def|1
|move|p2b: Staple Remover|Flash Cannon|p1a: Kommo-o
|-supereffective|p1a: Kommo-o
|-damage|p1a: Kommo-o|0 fnt
|faint|p1a: Kommo-o
|move|p1b: Sinistcha|Shadow Ball|p2a: I Like to Cha Cha
|-supereffective|p2a: I Like to Cha Cha
|-damage|p2a: I Like to Cha Cha|0 fnt
|faint|p2a: I Like to Cha Cha
|
|-weather|RainDance|[upkeep]
|-heal|p2b: Staple Remover|66/100|[from] Grassy Terrain
|-heal|p1b: Sinistcha|38/100|[from] Grassy Terrain
|upkeep
|
|t:|1756772404
|switch|p1a: Incineroar|Incineroar, L50, F, shiny|100/100
|switch|p2a: Wolfe Glick|Incineroar, L50, F|91/100
|-ability|p2a: Wolfe Glick|Intimidate|boost
|-unboost|p1a: Incineroar|atk|1
|-unboost|p1b: Sinistcha|atk|1
|-ability|p1a: Incineroar|Intimidate|boost
|-unboost|p2a: Wolfe Glick|atk|1
|-unboost|p2b: Staple Remover|atk|1
|turn|5
|inactive|endK649 has 30 seconds left.
|
|t:|1756772435
|move|p2a: Wolfe Glick|Fake Out|p1a: Incineroar
|-damage|p1a: Incineroar|94/100
|cant|p1a: Incineroar|flinch
|move|p2b: Staple Remover|Electro Shot||[still]
|-prepare|p2b: Staple Remover|Electro Shot
|-boost|p2b: Staple Remover|spa|1
|-anim|p2b: Staple Remover|Electro Shot|p1b: Sinistcha
|-resisted|p1b: Sinistcha
|-damage|p1b: Sinistcha|0 fnt
|faint|p1b: Sinistcha
|
|-weather|none
|-heal|p2b: Staple Remover|73/100|[from] Grassy Terrain
|-heal|p2a: Wolfe Glick|97/100|[from] Grassy Terrain
|-heal|p1a: Incineroar|99/100|[from] Grassy Terrain
|-fieldend|move: Grassy Terrain
|upkeep
|
|t:|1756772444
|switch|p1b: Rillaboom|Rillaboom, L50, M, shiny|75/100
|-fieldstart|move: Grassy Terrain|[from] ability: Grassy Surge|[of] p1b: Rillaboom
|turn|6
|-message|endK649 forfeited.
|
|win|LordTentacle69
||LordTentacle69 is ready for game 2.
||endK649 is ready for game 2.
|uhtml|next|Next: Game 2 of 3
|l|☆LordTentacle69
|player|p2|
