|j|☆Caballero plateado
|j|☆szczurek2137
|html|Caballero plateadoszczurek2137    
|uhtml|bestof|Game 1 of a best-of-3
|t:|1785595171
|gametype|doubles
|player|p1|Caballero plateado|266|1000
|player|p2|szczurek2137|170|1078
|gen|9
|tier|[Gen 9 Champions] VGC 2026 Reg M-B (Bo3)
|rated|
|rule|Species Clause: Limit one of each Pokémon
|rule|Item Clause: Limit 1 of each item
|clearpoke
|poke|p1|Dragonite, L50, M|
|poke|p1|Sylveon, L50, M|
|poke|p1|Slowking, L50, M|
|poke|p1|Crabominable, L50, F|
|poke|p1|Torkoal, L50, M|
|poke|p1|Tsareena, L50, F|
|poke|p2|Staraptor, L50, M|
|poke|p2|Tyranitar, L50, M|
|poke|p2|Maushold, L50|
|poke|p2|Sinistcha, L50|
|poke|p2|Excadrill, L50, F|
|poke|p2|Gholdengo, L50|
|teampreview|4
|showteam|p1|Dragonite||LumBerry|InnerFocus|RockTomb,LowKick,Tailwind,ExtremeSpeed|Adamant||M|||50|]Sylveon||FairyFeather|Pixilate|HyperVoice,HelpingHand,Detect,Moonblast|Calm||M|||50|]Slowking||SitrusBerry|Oblivious|ChillyReception,TrickRoom,Blizzard,Scald|Rash||M|||50|]Crabominable||Crabominite|HyperCutter|IceHammer,MachPunch,Protect,DrainPunch|Adamant||F|||50|]Torkoal||Charcoal|Drought|Eruption,WeatherBall,Protect,EarthPower|Quiet||M|||50|]Tsareena||FocusBand|QueenlyMajesty|TropKick,Protect,LowKick,HelpingHand|Adamant||F|||50|
|showteam|p2|Staraptor||Staraptite|Intimidate|Tailwind,CloseCombat,DualWingbeat,Protect|Adamant||M|||50|]Tyranitar||ChoiceScarf|SandStream|RockSlide,KnockOff,Earthquake,IcePunch|Serious||M|||50|]Maushold||ChopleBerry|FriendGuard|FollowMe,Protect,SuperFang,Charm|Jolly|||||50|]Sinistcha||SitrusBerry|Hospitality|RagePowder,MatchaGotcha,Protect,LifeDew|Calm|||||50|]Excadrill||FocusSash|SandRush|RockSlide,IronHead,Earthquake,Protect|Adamant||F|||50|]Gholdengo||LifeOrb|GoodasGold|NastyPlot,MakeItRain,ShadowBall,Protect|Modest|||||50|
|inactive|Battle timer is ON: inactive players will automatically lose when time's up. (requested by Caballero plateado)
|
|t:|1785595230
|teamsize|p1|4
|teamsize|p2|4
|start
|switch|p1a: Slowking|Slowking, L50, M|100/100
|switch|p1b: Crabominable|Crabominable, L50, F|100/100
|switch|p2a: Staraptor|Staraptor, L50, M|100/100
|switch|p2b: Maushold|Maushold, L50|100/100
|-ability|p2a: Staraptor|Intimidate|boost
|-fail|p1a: Slowking|unboost|Attack|[from] ability: Oblivious|[of] p1a: Slowking
|-fail|p1b: Crabominable|unboost|Attack|[from] ability: Hyper Cutter|[of] p1b: Crabominable
|turn|1
|inactive|szczurek2137 has 30 seconds left.
|
|t:|1785595256
|detailschange|p2a: Staraptor|Staraptor-Mega, L50, M
|-mega|p2a: Staraptor|Staraptor|Staraptite
|move|p1b: Crabominable|Protect|p1b: Crabominable
|-singleturn|p1b: Crabominable|Protect
|move|p2b: Maushold|Charm|p2a: Staraptor
|-boost|p2a: Staraptor|atk|2
|move|p2a: Staraptor|Close Combat|p1a: Slowking
|-resisted|p1a: Slowking|1
|-damage|p1a: Slowking|50/100g
|-boost|p2a: Staraptor|def|1
|-boost|p2a: Staraptor|spd|1
|move|p1a: Slowking|Trick Room|p1a: Slowking
|-fieldstart|move: Trick Room|[of] p1a: Slowking
|
|upkeep
|turn|2
|inactive|Caballero plateado has 30 seconds left.
|inactive|szczurek2137 has 30 seconds left.
|inactive|szczurek2137 has 20 seconds left.
|
|t:|1785595292
|detailschange|p1b: Crabominable|Crabominable-Mega, L50, F
|-mega|p1b: Crabominable|Crabominable|Crabominite
|move|p2b: Maushold|Follow Me|p2b: Maushold
|-singleturn|p2b: Maushold|move: Follow Me
|-prepare|p1a: Slowking|Chilly Reception|[premajor]
|move|p1a: Slowking|Chilly Reception|p1a: Slowking
|-weather|Snowscape
|
|t:|1785595307
|switch|p1a: Dragonite|Dragonite, L50, M|100/100|[from] Chilly Reception
|move|p1b: Crabominable|Ice Hammer|p2b: Maushold
|-damage|p2b: Maushold|0 fnt
|-unboost|p1b: Crabominable|spe|1
|faint|p2b: Maushold
|move|p2a: Staraptor|Close Combat|p1a: Dragonite
|-resisted|p1a: Dragonite|1
|-damage|p1a: Dragonite|34/100
|-boost|p2a: Staraptor|def|1
|-boost|p2a: Staraptor|spd|1
|
|-weather|Snowscape|[upkeep]
|upkeep
|
|t:|1785595321
|switch|p2b: Gholdengo|Gholdengo, L50|100/100
|turn|3
|inactive|Caballero plateado has 30 seconds left.
|inactive|szczurek2137 has 30 seconds left.
|
|t:|1785595354
|move|p1a: Dragonite|Extreme Speed|p2a: Staraptor
|-damage|p2a: Staraptor|84/100
|move|p1b: Crabominable|Ice Hammer|p2a: Staraptor
|-supereffective|p2a: Staraptor|1
|-damage|p2a: Staraptor|9/100
|-unboost|p1b: Crabominable|spe|1
|move|p2b: Gholdengo|Make It Rain|p1b: Crabominable|[spread] p1a,p1b
|-supereffective|p1b: Crabominable|1
|-damage|p1a: Dragonite|0 fnt
|-damage|p1b: Crabominable|0 fnt
|-unboost|p2b: Gholdengo|spa|2
|faint|p1a: Dragonite
|faint|p1b: Crabominable
|-damage|p2b: Gholdengo|90/100|[from] item: Life Orb
|move|p2a: Staraptor|Close Combat|p1: Dragonite|[notarget]
|-fail|p2a: Staraptor
|
|-weather|Snowscape|[upkeep]
|upkeep
|inactive|Caballero plateado has 30 seconds left.
|
|t:|1785595382
|switch|p1b: Slowking|Slowking, L50, M|50/100g
|switch|p1a: Torkoal|Torkoal, L50, M|100/100
|-weather|SunnyDay|[from] ability: Drought|[of] p1a: Torkoal
|turn|4
|
|t:|1785595402
|switch|p2b: Sinistcha|Sinistcha, L50|100/100
|-heal|p2a: Staraptor|34/100|[from] ability: Hospitality|[of] p2b: Sinistcha
|move|p2a: Staraptor|Protect|p2a: Staraptor
|-singleturn|p2a: Staraptor|Protect
|move|p1a: Torkoal|Eruption|p2b: Sinistcha|[spread] p2b
|-activate|p2a: Staraptor|move: Protect
|-supereffective|p2b: Sinistcha|1
|-damage|p2b: Sinistcha|0 fnt
|faint|p2b: Sinistcha
|move|p1b: Slowking|Scald|p2a: Staraptor
|-activate|p2a: Staraptor|move: Protect
|
|-weather|SunnyDay|[upkeep]
|upkeep
|inactive|szczurek2137 has 30 seconds left.
|
|t:|1785595427
|switch|p2b: Gholdengo|Gholdengo, L50|90/100
|turn|5
|inactive|szczurek2137 has 30 seconds left.
|
|t:|1785595461
|move|p2b: Gholdengo|Protect|p2b: Gholdengo
|-singleturn|p2b: Gholdengo|Protect
|move|p2a: Staraptor|Protect||[still]
|-fail|p2a: Staraptor
|move|p1a: Torkoal|Eruption|p2b: Gholdengo|[spread] p2a
|-activate|p2b: Gholdengo|move: Protect
|-damage|p2a: Staraptor|0 fnt
|faint|p2a: Staraptor
|move|p1b: Slowking|Scald|p2b: Gholdengo
|-activate|p2b: Gholdengo|move: Protect
|
|-weather|SunnyDay|[upkeep]
|-fieldend|move: Trick Room
|upkeep
|turn|6
|inactive|Caballero plateado has 30 seconds left.
|
|t:|1785595494
|move|p2b: Gholdengo|Shadow Ball|p1a: Torkoal
|-damage|p1a: Torkoal|17/100
|-unboost|p1a: Torkoal|spd|1
|-damage|p2b: Gholdengo|80/100|[from] item: Life Orb
|move|p1b: Slowking|Scald|p2b: Gholdengo
|-damage|p2b: Gholdengo|64/100
|-status|p2b: Gholdengo|brn
|move|p1a: Torkoal|Weather Ball|p2b: Gholdengo
|-supereffective|p2b: Gholdengo|1
|-damage|p2b: Gholdengo|0 fnt
|faint|p2b: Gholdengo
|
|win|Caballero plateado
|inactive|Caballero plateado has 30 seconds to confirm battle start!
|inactive|szczurek2137 has 30 seconds to confirm battle start!
||szczurek2137 is ready for game 2.
|inactive|Caballero plateado has 20 seconds to confirm battle start!
