|j|☆IraVinsmoke
|j|☆alphaacount
|html|IraVinsmokealphaacount    
|uhtml|bestof|Game 2 of a best-of-3
|t:|1783068921
|gametype|doubles
|player|p1|IraVinsmoke|169|1132
|player|p2|alphaacount|101|1198
|gen|9
|tier|[Gen 9 Champions] VGC 2026 Reg M-B (Bo3)
|rated|
|rule|Species Clause: Limit one of each Pokémon
|rule|Item Clause: Limit 1 of each item
|clearpoke
|poke|p1|Aerodactyl, L50, M|
|poke|p1|Kingambit, L50, M|
|poke|p1|Garchomp, L50, F|
|poke|p1|Sylveon, L50, F|
|poke|p1|Scrafty, L50, M|
|poke|p1|Sinistcha, L50|
|poke|p2|Raichu, L50, M|
|poke|p2|Whimsicott, L50, M|
|poke|p2|Kingambit, L50, M|
|poke|p2|Basculegion, L50, M|
|poke|p2|Staraptor, L50, M|
|poke|p2|Farigiraf, L50, F|
|teampreview|4
|showteam|p1|Aerodactyl||FocusSash|Unnerve|Tailwind,RockSlide,DualWingbeat,Protect|Jolly||M|||50|]Kingambit||ChopleBerry|Defiant|KowtowCleave,IronHead,SuckerPunch,Protect|Adamant||M|||50|]Garchomp||LifeOrb|RoughSkin|StompingTantrum,RockSlide,PoisonJab,Protect|Jolly||F|||50|]Sylveon||FairyFeather|Pixilate|HyperVoice,HyperBeam,QuickAttack,Protect|Modest||F|||50|]Scrafty||Scraftinite|Intimidate|FakeOut,DrainPunch,KnockOff,Protect|Adamant||M|||50|]Sinistcha||SitrusBerry|Hospitality|MatchaGotcha,RagePowder,TrickRoom,Protect|Bold|||||50|
|showteam|p2|Raichu||RaichuniteY|LightningRod|FakeOut,ZapCannon,VoltSwitch,Charm|Hasty||M|||50|]Whimsicott||FocusSash|Prankster|Tailwind,Moonblast,Charm,Encore|Timid||M|||50|]Kingambit||LifeOrb|Defiant|SuckerPunch,IronHead,KowtowCleave,Protect|Adamant||M|||50|]Basculegion||ChoiceScarf|Adaptability|LastRespects,FlipTurn,WaveCrash,AquaJet|Jolly||M|||50|]Staraptor||Staraptite|Intimidate|BraveBird,CloseCombat,Tailwind,Protect|Jolly||M|||50|]Farigiraf||SitrusBerry|ArmorTail|HyperVoice,DazzlingGleam,Imprison,TrickRoom|Quiet||F|||50|
|
|t:|1783068949
|teamsize|p1|4
|teamsize|p2|4
|start
|switch|p1a: Aerodactyl|Aerodactyl, L50, M|100/100
|switch|p1b: Garchomp|Garchomp, L50, F|100/100
|switch|p2a: Raichu|Raichu, L50, M|100/100
|switch|p2b: Staraptor|Staraptor, L50, M|100/100
|-ability|p1a: Aerodactyl|Unnerve
|-ability|p2b: Staraptor|Intimidate|boost
|-unboost|p1a: Aerodactyl|atk|1
|-unboost|p1b: Garchomp|atk|1
|turn|1
|
|t:|1783068975
|switch|p1b: Sylveon|Sylveon, L50, F|100/100
|move|p2a: Raichu|Fake Out|p1b: Sylveon
|-damage|p1b: Sylveon|86/100
|move|p1a: Aerodactyl|Tailwind|p1a: Aerodactyl
|-sidestart|p1: IraVinsmoke|move: Tailwind
|move|p2b: Staraptor|Tailwind|p2b: Staraptor
|-sidestart|p2: alphaacount|move: Tailwind
|
|upkeep
|turn|2
|
|t:|1783069014
|switch|p1a: Garchomp|Garchomp, L50, F|100/100
|move|p2b: Staraptor|Protect|p2b: Staraptor
|-singleturn|p2b: Staraptor|Protect
|move|p1b: Sylveon|Protect|p1b: Sylveon
|-singleturn|p1b: Sylveon|Protect
|move|p2a: Raichu|Volt Switch|p1a: Garchomp
|-immune|p1a: Garchomp
|
|upkeep
|turn|3
|
|t:|1783069036
|detailschange|p2b: Staraptor|Staraptor-Mega, L50, M
|-mega|p2b: Staraptor|Staraptor|Staraptite
|move|p2a: Raichu|Charm|p2b: Staraptor
|-boost|p2b: Staraptor|atk|2
|move|p2b: Staraptor|Brave Bird|p1b: Sylveon
|-damage|p1b: Sylveon|0 fnt
|faint|p1b: Sylveon
|-damage|p2b: Staraptor|70/100|[from] Recoil
|move|p1a: Garchomp|Rock Slide|p2b: Staraptor|[spread] p2a,p2b
|-damage|p2a: Raichu|37/100
|-damage|p2b: Staraptor|40/100
|-damage|p1a: Garchomp|90/100|[from] item: Life Orb
|
|upkeep
|
|t:|1783069053
|switch|p1b: Aerodactyl|Aerodactyl, L50, M|100/100
|-ability|p1b: Aerodactyl|Unnerve
|turn|4
|
|t:|1783069094
|move|p2b: Staraptor|Protect|p2b: Staraptor
|-singleturn|p2b: Staraptor|Protect
|move|p1b: Aerodactyl|Rock Slide|p2a: Raichu|[spread] p2a
|-activate|p2b: Staraptor|move: Protect
|-damage|p2a: Raichu|0 fnt
|faint|p2a: Raichu
|move|p1a: Garchomp|Stomping Tantrum|p2b: Staraptor
|-activate|p2b: Staraptor|move: Protect
|
|-sideend|p1: IraVinsmoke|move: Tailwind
|-sideend|p2: alphaacount|move: Tailwind
|upkeep
|
|t:|1783069107
|switch|p2a: Basculegion|Basculegion, L50, M|100/100
|turn|5
|
|t:|1783069139
|move|p2a: Basculegion|Wave Crash|p1a: Garchomp
|-damage|p1a: Garchomp|7/100
|-damage|p2a: Basculegion|87/100|[from] ability: Rough Skin|[of] p1a: Garchomp
|-damage|p2a: Basculegion|61/100|[from] Recoil
|move|p1b: Aerodactyl|Tailwind|p1b: Aerodactyl
|-sidestart|p1: IraVinsmoke|move: Tailwind
|move|p1a: Garchomp|Rock Slide|p2b: Staraptor|[spread] p2a
|-miss|p1a: Garchomp|p2b: Staraptor
|-damage|p2a: Basculegion|30/100
|-damage|p1a: Garchomp|0 fnt|[from] item: Life Orb
|faint|p1a: Garchomp
|move|p2b: Staraptor|Tailwind|p2b: Staraptor
|-sidestart|p2: alphaacount|move: Tailwind
|
|upkeep
|
|t:|1783069156
|switch|p1a: Kingambit|Kingambit, L50, M|100/100
|turn|6
|inactive|Battle timer is ON: inactive players will automatically lose when time's up. (requested by alphaacount)
|inactive|alphaacount has 30 seconds left.
|
|t:|1783069204
|switch|p2a: Kingambit|Kingambit, L50, M|100/100
|move|p2b: Staraptor|Protect|p2b: Staraptor
|-singleturn|p2b: Staraptor|Protect
|move|p1a: Kingambit|Sucker Punch||[still]
|-fail|p1a: Kingambit
|move|p1b: Aerodactyl|Rock Slide|p2a: Kingambit|[spread] 
|-activate|p2b: Staraptor|move: Protect
|-miss|p1b: Aerodactyl|p2a: Kingambit
|
|upkeep
|turn|7
|inactive|IraVinsmoke has 30 seconds left.
|
|t:|1783069233
|move|p2a: Kingambit|Sucker Punch|p1b: Aerodactyl
|-crit|p1b: Aerodactyl
|-enditem|p1b: Aerodactyl|Focus Sash
|-damage|p1b: Aerodactyl|1/100
|-damage|p2a: Kingambit|90/100|[from] item: Life Orb
|move|p1b: Aerodactyl|Rock Slide|p2a: Kingambit|[spread] p2a,p2b
|-resisted|p2a: Kingambit|1
|-damage|p2a: Kingambit|80/100
|-damage|p2b: Staraptor|15/100
|move|p2b: Staraptor|Close Combat|p1a: Kingambit
|-supereffective|p1a: Kingambit|2
|-enditem|p1a: Kingambit|Chople Berry|[eat]
|-enditem|p1a: Kingambit|Chople Berry|[weaken]
|-damage|p1a: Kingambit|0 fnt
|-boost|p2b: Staraptor|def|1
|-boost|p2b: Staraptor|spd|1
|faint|p1a: Kingambit
|
|upkeep
|turn|8
|inactive|IraVinsmoke has 30 seconds left.
|
|t:|1783069258
|move|p1b: Aerodactyl|Protect|p1b: Aerodactyl
|-singleturn|p1b: Aerodactyl|Protect
|move|p2a: Kingambit|Sucker Punch||[still]
|-fail|p2a: Kingambit
|move|p2b: Staraptor|Close Combat|p2a: Kingambit
|-supereffective|p2a: Kingambit|2
|-damage|p2a: Kingambit|0 fnt
|-boost|p2b: Staraptor|def|1
|-boost|p2b: Staraptor|spd|1
|faint|p2a: Kingambit
|
|-sideend|p1: IraVinsmoke|move: Tailwind
|-sideend|p2: alphaacount|move: Tailwind
|upkeep
|
|t:|1783069264
|switch|p2a: Basculegion|Basculegion, L50, M|30/100
|turn|9
|
|t:|1783069274
|move|p1b: Aerodactyl|Protect|p1b: Aerodactyl
|-singleturn|p1b: Aerodactyl|Protect
|move|p2a: Basculegion|Aqua Jet|p1b: Aerodactyl
|-activate|p1b: Aerodactyl|move: Protect
|move|p2b: Staraptor|Close Combat|p2a: Basculegion
|-immune|p2a: Basculegion
|
|upkeep
|turn|10
|c|☆alphaacount|gg
|
|t:|1783069285
|move|p2a: Basculegion|Aqua Jet|p1b: Aerodactyl
|-supereffective|p1b: Aerodactyl|1
|-damage|p1b: Aerodactyl|0 fnt
|faint|p1b: Aerodactyl
|
|win|alphaacount
|raw|IraVinsmoke's rating: 1132 → 1112(-20 for losing)
|raw|alphaacount's rating: 1198 → 1218(+20 for winning)
