|j|☆klaushima
|j|☆sturmkitten69
|html|klaushimasturmkitten69    
|uhtml|bestof|Game 2 of a best-of-3
|t:|1757168469
|gametype|doubles
|player|p1|klaushima|alder|1052
|player|p2|sturmkitten69|fisherman|1096
|gen|9
|tier|[Gen 9] VGC 2025 Reg H (Bo3)
|rated|
|rule|Species Clause: Limit one of each Pokémon
|rule|Item Clause: Limit 1 of each item
|clearpoke
|poke|p1|Electabuzz, L50, F|
|poke|p1|Gholdengo, L50|
|poke|p1|Rillaboom, L50, M|
|poke|p1|Sneasler, L50, M|
|poke|p1|Dragonite, L50, M|
|poke|p1|Volcarona, L50, F|
|poke|p2|Tinkaton, L50, F|
|poke|p2|Gholdengo, L50|
|poke|p2|Pelipper, L50, M|
|poke|p2|Basculegion, L50, M|
|poke|p2|Amoonguss, L50, M|
|poke|p2|Dragonite, L50, F|
|teampreview|4
|showteam|p1|Electabuzz||Eviolite|VitalSpirit|Thunderbolt,Taunt,FollowMe,Protect|||F|||50|,,,,,Dragon]Gholdengo||MetalCoat|GoodasGold|MakeItRain,ShadowBall,NastyPlot,Protect||||||50|,,,,,Water]Rillaboom||AssaultVest|GrassySurge|WoodHammer,GrassyGlide,HighHorsepower,FakeOut|||M|||50|,,,,,Fire]Sneasler||FocusSash|Unburden|CloseCombat,DireClaw,Coaching,FakeOut|||M|||50|,,,,,Ghost]Dragonite||LoadedDice|Multiscale|ScaleShot,Tailwind,Haze,Protect|||M|||50|,,,,,Fairy]Volcarona||Leftovers|FlameBody|Flamethrower,TeraBlast,QuiverDance,Protect|||F|||50|,,,,,Fairy
|showteam|p2|Tinkaton||SitrusBerry|MoldBreaker|PlayRough,FakeOut,ThunderWave,HelpingHand|||F|||50|,,,,,Grass]Gholdengo||ChoiceSpecs|GoodasGold|MakeItRain,PowerGem,ShadowBall,Thunderbolt||||||50|,,,,,Steel]Pelipper||DampRock|Drizzle|Tailwind,WideGuard,HelpingHand,Hurricane|||M|||50|,,,,,Water]Basculegion||LifeOrb|SwiftSwim|WaveCrash,LastRespects,AquaJet,Protect|||M|||50|,,,,,Water]Amoonguss|||Regenerator|Spore,RagePowder,ClearSmog,PollenPuff|||M|||50|,,,,,Dark]Dragonite||LoadedDice|Multiscale|ScaleShot,Protect,Tailwind,Haze|||F|||50|,,,,,Steel
|inactive|Battle timer is ON: inactive players will automatically lose when time's up. (requested by klaushima)
|inactive|klaushima has 60 seconds left.
|inactive|klaushima has 30 seconds left.
|inactive|klaushima has 20 seconds left.
|inactive|klaushima has 15 seconds left.
|inactive|klaushima has 10 seconds left.
|inactive|klaushima has 5 seconds left.
|
|t:|1757168555
|teamsize|p1|4
|teamsize|p2|4
|start
|switch|p1a: Volcarona|Volcarona, L50, F|100/100
|switch|p1b: Electabuzz|Electabuzz, L50, F|100/100
|switch|p2a: Tinkaton|Tinkaton, L50, F|100/100
|switch|p2b: Gholdengo|Gholdengo, L50|100/100
|-ability|p2a: Tinkaton|Mold Breaker
|turn|1
|inactive|klaushima has 30 seconds left.
|inactive|sturmkitten69 has 30 seconds left.
|inactive|sturmkitten69 has 20 seconds left.
|inactive|sturmkitten69 has 15 seconds left.
|
|t:|1757168598
|move|p1a: Volcarona|Protect|p1a: Volcarona
|-singleturn|p1a: Volcarona|Protect
|move|p2a: Tinkaton|Thunder Wave|p1a: Volcarona
|-activate|p1a: Volcarona|move: Protect
|move|p2b: Gholdengo|Shadow Ball|p1a: Volcarona
|-activate|p1a: Volcarona|move: Protect
|move|p1b: Electabuzz|Taunt|p2a: Tinkaton
|-start|p2a: Tinkaton|move: Taunt
|
|upkeep
|turn|2
|
|t:|1757168619
|switch|p2a: Pelipper|Pelipper, L50, M|100/100
|-weather|RainDance|[from] ability: Drizzle|[of] p2a: Pelipper
|move|p1a: Volcarona|Quiver Dance|p1a: Volcarona
|-boost|p1a: Volcarona|spa|1
|-boost|p1a: Volcarona|spd|1
|-boost|p1a: Volcarona|spe|1
|move|p2b: Gholdengo|Shadow Ball|p1a: Volcarona
|-damage|p1a: Volcarona|54/100
|move|p1b: Electabuzz|Thunderbolt|p2a: Pelipper
|-supereffective|p2a: Pelipper
|-damage|p2a: Pelipper|0 fnt
|faint|p2a: Pelipper
|
|-weather|RainDance|[upkeep]
|-heal|p1a: Volcarona|60/100|[from] item: Leftovers
|upkeep
|
|t:|1757168637
|switch|p2a: Basculegion|Basculegion, L50, M|100/100
|turn|3
|inactive|klaushima has 30 seconds left.
|
|t:|1757168670
|-terastallize|p1a: Volcarona|Fairy
|move|p1b: Electabuzz|Follow Me|p1b: Electabuzz
|-singleturn|p1b: Electabuzz|move: Follow Me
|move|p2a: Basculegion|Last Respects|p1b: Electabuzz
|-damage|p1b: Electabuzz|49/100
|-damage|p2a: Basculegion|91/100|[from] item: Life Orb
|move|p1a: Volcarona|Tera Blast|p2a: Basculegion|[anim] Tera Blast Fairy
|-damage|p2a: Basculegion|23/100
|move|p2b: Gholdengo|Shadow Ball|p1b: Electabuzz
|-damage|p1b: Electabuzz|0 fnt
|faint|p1b: Electabuzz
|
|-weather|RainDance|[upkeep]
|-heal|p1a: Volcarona|66/100|[from] item: Leftovers
|upkeep
|
|t:|1757168689
|switch|p1b: Dragonite|Dragonite, L50, M|100/100
|turn|4
|inactive|klaushima has 30 seconds left.
|inactive|sturmkitten69 has 30 seconds left.
|
|t:|1757168716
|move|p2a: Basculegion|Protect|p2a: Basculegion
|-singleturn|p2a: Basculegion|Protect
|move|p1a: Volcarona|Protect|p1a: Volcarona
|-singleturn|p1a: Volcarona|Protect
|move|p2b: Gholdengo|Shadow Ball|p1a: Volcarona
|-activate|p1a: Volcarona|move: Protect
|move|p1b: Dragonite|Tailwind|p1b: Dragonite
|-sidestart|p1: klaushima|move: Tailwind
|
|-weather|RainDance|[upkeep]
|-heal|p1a: Volcarona|73/100|[from] item: Leftovers
|upkeep
|turn|5
|inactive|klaushima has 30 seconds left.
|inactive|sturmkitten69 has 30 seconds left.
|inactive|sturmkitten69 has 20 seconds left.
|inactive|klaushima has 20 seconds left.
|inactive|sturmkitten69 has 15 seconds left.
|
|t:|1757168761
|-terastallize|p2a: Basculegion|Water
|move|p2a: Basculegion|Aqua Jet|p1a: Volcarona
|-damage|p1a: Volcarona|8/100
|-status|p2a: Basculegion|brn|[from] ability: Flame Body|[of] p1a: Volcarona
|-damage|p2a: Basculegion|13/100 brn|[from] item: Life Orb
|move|p1a: Volcarona|Tera Blast|p2a: Basculegion|[anim] Tera Blast Fairy
|-damage|p2a: Basculegion|0 fnt
|faint|p2a: Basculegion
|move|p1b: Dragonite|Scale Shot|p2b: Gholdengo
|-resisted|p2b: Gholdengo
|-damage|p2b: Gholdengo|91/100
|-resisted|p2b: Gholdengo
|-damage|p2b: Gholdengo|83/100
|-resisted|p2b: Gholdengo
|-damage|p2b: Gholdengo|74/100
|-resisted|p2b: Gholdengo
|-damage|p2b: Gholdengo|66/100
|-resisted|p2b: Gholdengo
|-damage|p2b: Gholdengo|58/100
|-hitcount|p2b: Gholdengo|5
|-unboost|p1b: Dragonite|def|1
|-boost|p1b: Dragonite|spe|1
|move|p2b: Gholdengo|Shadow Ball|p1b: Dragonite
|-damage|p1b: Dragonite|66/100
|
|-weather|RainDance|[upkeep]
|-heal|p1a: Volcarona|14/100|[from] item: Leftovers
|upkeep
|inactive|sturmkitten69 has 30 seconds left.
|
|t:|1757168789
|switch|p2a: Tinkaton|Tinkaton, L50, F|100/100
|-ability|p2a: Tinkaton|Mold Breaker
|turn|6
|
|t:|1757168816
|move|p1a: Volcarona|Protect|p1a: Volcarona
|-singleturn|p1a: Volcarona|Protect
|move|p1b: Dragonite|Scale Shot|p2b: Gholdengo|[miss]
|-miss|p1b: Dragonite|p2b: Gholdengo
|move|p2a: Tinkaton|Play Rough|p1b: Dragonite
|-supereffective|p1b: Dragonite
|-damage|p1b: Dragonite|0 fnt
|faint|p1b: Dragonite
|move|p2b: Gholdengo|Shadow Ball|p1a: Volcarona
|-activate|p1a: Volcarona|move: Protect
|
|-weather|RainDance|[upkeep]
|-heal|p1a: Volcarona|20/100|[from] item: Leftovers
|upkeep
|
|t:|1757168835
|switch|p1b: Sneasler|Sneasler, L50, M|100/100
|turn|7
|inactive|klaushima has 30 seconds left.
|
|t:|1757168865
|move|p1b: Sneasler|Fake Out|p2a: Tinkaton
|-resisted|p2a: Tinkaton
|-damage|p2a: Tinkaton|92/100
|move|p1a: Volcarona|Flamethrower|p2b: Gholdengo
|-supereffective|p2b: Gholdengo
|-damage|p2b: Gholdengo|0 fnt
|faint|p2b: Gholdengo
|cant|p2a: Tinkaton|flinch
|
|-weather|RainDance|[upkeep]
|-heal|p1a: Volcarona|27/100|[from] item: Leftovers
|-sideend|p1: klaushima|move: Tailwind
|upkeep
|turn|8
|
|t:|1757168879
|move|p1a: Volcarona|Flamethrower|p2a: Tinkaton
|-supereffective|p2a: Tinkaton
|-damage|p2a: Tinkaton|38/100
|-enditem|p2a: Tinkaton|Sitrus Berry|[eat]
|-heal|p2a: Tinkaton|63/100|[from] item: Sitrus Berry
|move|p1b: Sneasler|Dire Claw|p2a: Tinkaton
|-immune|p2a: Tinkaton
|move|p2a: Tinkaton|Play Rough|p1a: Volcarona|[miss]
|-miss|p2a: Tinkaton|p1a: Volcarona
|
|-weather|RainDance|[upkeep]
|-heal|p1a: Volcarona|33/100|[from] item: Leftovers
|upkeep
|turn|9
|
|t:|1757168896
|move|p1a: Volcarona|Flamethrower|p2a: Tinkaton
|-supereffective|p2a: Tinkaton
|-crit|p2a: Tinkaton
|-damage|p2a: Tinkaton|0 fnt
|faint|p2a: Tinkaton
|
|win|klaushima
|raw|klaushima's rating: 1052 → 1088(+36 for winning)
|raw|sturmkitten69's rating: 1096 → 1069(-27 for losing)
|l|☆sturmkitten69
|player|p2|
