|j|☆WWEcunhalock
|j|☆sille rovert
|html|WWEcunhalocksille rovert    
|uhtml|bestof|Game 2 of a best-of-3
|t:|1782249684
|gametype|doubles
|player|p1|WWEcunhalock|blackbelt-gen4|1228
|player|p2|sille rovert|trevor|1298
|gen|9
|tier|[Gen 9 Champions] VGC 2026 Reg M-B (Bo3)
|rated|
|rule|Species Clause: Limit one of each Pokémon
|rule|Item Clause: Limit 1 of each item
|clearpoke
|poke|p1|Raichu, L50, M|
|poke|p1|Mawile, L50, F|
|poke|p1|Sinistcha, L50|
|poke|p1|Ceruledge, L50, F|
|poke|p1|Milotic, L50, F|
|poke|p1|Incineroar, L50, F|
|poke|p2|Ceruledge, L50, M|
|poke|p2|Staraptor, L50, F|
|poke|p2|Froslass, L50, F|
|poke|p2|Toxapex, L50, F|
|poke|p2|Incineroar, L50, F|
|poke|p2|Garchomp, L50, M|
|teampreview|4
|showteam|p1|Raichu||RaichuniteY|LightningRod|ZapCannon,FocusBlast,FakeOut,Protect|Timid||M|||50|]Mawile||Mawilite|HyperCutter|PlayRough,SuckerPunch,SwordsDance,Protect|Adamant||F|||50|]Sinistcha||KasibBerry|Hospitality|MatchaGotcha,LifeDew,RagePowder,Protect|Relaxed|||||50|]Ceruledge||ColburBerry|FlashFire|BitterBlade,ShadowSneak,BulkUp,Protect|Adamant||F|||50|]Milotic||Leftovers|Competitive|MuddyWater,Coil,Hypnosis,Protect|Calm||F|||50|]Incineroar||SitrusBerry|Intimidate|FlareBlitz,ThroatChop,FakeOut,PartingShot|Impish||F|||50|
|showteam|p2|Ceruledge||ColburBerry|FlashFire|BitterBlade,ShadowSneak,SwordsDance,Protect|Adamant||M|||50|]Staraptor||Staraptite|Intimidate|CloseCombat,BraveBird,Roost,Protect|Adamant||F|||50|]Froslass||Froslassite|SnowCloak|Blizzard,ShadowBall,AuroraVeil,Protect|Modest||F|||50|]Toxapex||Leftovers|Regenerator|Toxic,Infestation,BanefulBunker,WideGuard|Impish||F|||50|]Incineroar||SitrusBerry|Intimidate|FlareBlitz,ThroatChop,PartingShot,FakeOut|Careful||F|||50|]Garchomp||LifeOrb|RoughSkin|Earthquake,DragonClaw,RockSlide,Protect|Jolly||M|||50|
|
|t:|1782249721
|teamsize|p1|4
|teamsize|p2|4
|start
|switch|p1a: Incineroar|Incineroar, L50, F|100/100
|switch|p1b: Mawile|Mawile, L50, F|100/100
|switch|p2a: Toxapex|Toxapex, L50, F|100/100
|switch|p2b: Froslass|Froslass, L50, F|100/100
|-ability|p1a: Incineroar|Intimidate|boost
|-unboost|p2a: Toxapex|atk|1
|-unboost|p2b: Froslass|atk|1
|turn|1
|
|t:|1782249736
|detailschange|p2b: Froslass|Froslass-Mega, L50, F
|-mega|p2b: Froslass|Froslass|Froslassite
|-weather|Snowscape|[from] ability: Snow Warning|[of] p2b: Froslass
|detailschange|p1b: Mawile|Mawile-Mega, L50, F
|-mega|p1b: Mawile|Mawile|Mawilite
|move|p2a: Toxapex|Baneful Bunker|p2a: Toxapex
|-singleturn|p2a: Toxapex|move: Protect
|move|p1a: Incineroar|Fake Out|p2a: Toxapex
|-activate|p2a: Toxapex|move: Protect
|-status|p1a: Incineroar|psn
|move|p2b: Froslass|Aurora Veil|p2b: Froslass
|-sidestart|p2: sille rovert|move: Aurora Veil
|move|p1b: Mawile|Swords Dance|p1b: Mawile
|-boost|p1b: Mawile|atk|2
|
|-weather|Snowscape|[upkeep]
|-damage|p1a: Incineroar|87/100 psn|[from] psn
|upkeep
|turn|2
|
|t:|1782249769
|switch|p1a: Milotic|Milotic, L50, F|100/100
|move|p2b: Froslass|Protect|p2b: Froslass
|-singleturn|p2b: Froslass|Protect
|move|p1b: Mawile|Play Rough|p2b: Froslass
|-activate|p2b: Froslass|move: Protect
|move|p2a: Toxapex|Infestation|p1a: Milotic
|-damage|p1a: Milotic|98/100
|-activate|p1a: Milotic|move: Infestation|[of] p2a: Toxapex
|
|-weather|Snowscape|[upkeep]
|-heal|p1a: Milotic|100/100|[from] item: Leftovers
|-damage|p1a: Milotic|87/100|[from] move: Infestation|[partiallytrapped]
|upkeep
|turn|3
|
|t:|1782249807
|move|p2b: Froslass|Shadow Ball|p1b: Mawile
|-damage|p1b: Mawile|59/100
|move|p1a: Milotic|Hypnosis|p2a: Toxapex|[miss]
|-miss|p1a: Milotic|p2a: Toxapex
|move|p1b: Mawile|Swords Dance|p1b: Mawile
|-boost|p1b: Mawile|atk|2
|move|p2a: Toxapex|Toxic|p1a: Milotic
|-status|p1a: Milotic|tox
|
|-weather|Snowscape|[upkeep]
|-heal|p1a: Milotic|93/100 tox|[from] item: Leftovers
|-damage|p1a: Milotic|87/100 tox|[from] psn
|-damage|p1a: Milotic|75/100 tox|[from] move: Infestation|[partiallytrapped]
|upkeep
|turn|4
|
|t:|1782249829
|switch|p2b: Ceruledge|Ceruledge, L50, M|100/100
|move|p1b: Mawile|Sucker Punch||[still]
|-fail|p1b: Mawile
|move|p1a: Milotic|Hypnosis|p2a: Toxapex
|-status|p2a: Toxapex|slp|[from] move: Hypnosis
|cant|p2a: Toxapex|slp
|
|-weather|Snowscape|[upkeep]
|-heal|p1a: Milotic|81/100 tox|[from] item: Leftovers
|-damage|p1a: Milotic|69/100 tox|[from] psn
|-damage|p1a: Milotic|56/100 tox|[from] move: Infestation|[partiallytrapped]
|upkeep
|turn|5
|
|t:|1782249845
|move|p1b: Mawile|Sucker Punch|p2b: Ceruledge
|-supereffective|p2b: Ceruledge|1
|-enditem|p2b: Ceruledge|Colbur Berry|[eat]
|-enditem|p2b: Ceruledge|Colbur Berry|[weaken]
|-damage|p2b: Ceruledge|0 fnt
|faint|p2b: Ceruledge
|move|p1a: Milotic|Muddy Water|p2a: Toxapex|[miss]
|-miss|p1a: Milotic|p2a: Toxapex
|cant|p2a: Toxapex|slp
|
|-weather|none
|-heal|p1a: Milotic|62/100 tox|[from] item: Leftovers
|-damage|p1a: Milotic|45/100 tox|[from] psn
|-damage|p1a: Milotic|32/100 tox|[from] move: Infestation|[partiallytrapped]
|-sideend|p2: sille rovert|move: Aurora Veil
|upkeep
|
|t:|1782249856
|switch|p2b: Froslass|Froslass-Mega, L50, F|100/100
|-weather|Snowscape|[from] ability: Snow Warning|[of] p2b: Froslass
|turn|6
|
|t:|1782249870
|move|p2b: Froslass|Protect|p2b: Froslass
|-singleturn|p2b: Froslass|Protect
|move|p1a: Milotic|Hypnosis|p2b: Froslass
|-activate|p2b: Froslass|move: Protect
|move|p1b: Mawile|Play Rough|p2a: Toxapex
|-resisted|p2a: Toxapex|1
|-damage|p2a: Toxapex|35/100 slp
|-curestatus|p2a: Toxapex|slp|[msg]
|move|p2a: Toxapex|Infestation|p1b: Mawile
|-resisted|p1b: Mawile|2
|-damage|p1b: Mawile|58/100
|-activate|p1b: Mawile|move: Infestation|[of] p2a: Toxapex
|
|-weather|Snowscape|[upkeep]
|-heal|p1a: Milotic|38/100 tox|[from] item: Leftovers
|-heal|p2a: Toxapex|40/100|[from] item: Leftovers
|-damage|p1a: Milotic|14/100 tox|[from] psn
|-end|p1a: Milotic|Infestation|[partiallytrapped]
|-damage|p1b: Mawile|46/100|[from] move: Infestation|[partiallytrapped]
|upkeep
|turn|7
|
|t:|1782249897
|switch|p1a: Sinistcha|Sinistcha, L50|100/100
|-heal|p1b: Mawile|71/100|[from] ability: Hospitality|[of] p1a: Sinistcha
|-heal|p2a: Toxapex|73/100|[from] ability: Regenerator|[silent]
|switch|p2a: Garchomp|Garchomp, L50, M|100/100
|move|p2b: Froslass|Aurora Veil|p2b: Froslass
|-sidestart|p2: sille rovert|move: Aurora Veil
|move|p1b: Mawile|Play Rough|p2b: Froslass
|-damage|p2b: Froslass|0 fnt
|faint|p2b: Froslass
|
|-weather|Snowscape|[upkeep]
|-end|p1b: Mawile|Infestation|[partiallytrapped]|[silent]
|upkeep
|
|t:|1782249902
|switch|p2b: Toxapex|Toxapex, L50, F|73/100
|turn|8
|
|t:|1782249940
|move|p1b: Mawile|Protect|p1b: Mawile
|-singleturn|p1b: Mawile|Protect
|move|p2b: Toxapex|Baneful Bunker|p2b: Toxapex
|-singleturn|p2b: Toxapex|move: Protect
|move|p2a: Garchomp|Earthquake|p1a: Sinistcha|[spread] p1a
|-activate|p2b: Toxapex|move: Protect
|-activate|p1b: Mawile|move: Protect
|-resisted|p1a: Sinistcha|1
|-damage|p1a: Sinistcha|78/100
|-damage|p2a: Garchomp|90/100|[from] item: Life Orb
|move|p1a: Sinistcha|Life Dew|p1a: Sinistcha|[spread] p1a,p1b
|-heal|p1a: Sinistcha|100/100
|-heal|p1b: Mawile|96/100
|
|-weather|Snowscape|[upkeep]
|-heal|p2b: Toxapex|79/100|[from] item: Leftovers
|upkeep
|turn|9
|inactive|Battle timer is ON: inactive players will automatically lose when time's up. (requested by sille rovert)
|
|t:|1782249982
|move|p2a: Garchomp|Protect|p2a: Garchomp
|-singleturn|p2a: Garchomp|Protect
|move|p1b: Mawile|Sucker Punch||[still]
|-fail|p1b: Mawile
|move|p1a: Sinistcha|Matcha Gotcha|p2a: Garchomp|[spread] p2b
|-activate|p2a: Garchomp|move: Protect
|-damage|p2b: Toxapex|66/100
|-status|p2b: Toxapex|brn
|move|p2b: Toxapex|Toxic|p1a: Sinistcha
|-status|p1a: Sinistcha|tox
|
|-weather|Snowscape|[upkeep]
|-heal|p2b: Toxapex|72/100 brn|[from] item: Leftovers
|-damage|p1a: Sinistcha|93/100 tox|[from] psn
|-damage|p2b: Toxapex|66/100 brn|[from] brn
|upkeep
|turn|10
|
|t:|1782250001
|switch|p1a: Incineroar|Incineroar, L50, F|87/100 psn
|-ability|p1a: Incineroar|Intimidate|boost
|-unboost|p2a: Garchomp|atk|1
|-unboost|p2b: Toxapex|atk|1
|move|p1b: Mawile|Protect|p1b: Mawile
|-singleturn|p1b: Mawile|Protect
|move|p2b: Toxapex|Baneful Bunker|p2b: Toxapex
|-singleturn|p2b: Toxapex|move: Protect
|move|p2a: Garchomp|Earthquake|p1b: Mawile|[spread] p1a
|-activate|p2b: Toxapex|move: Protect
|-activate|p1b: Mawile|move: Protect
|-supereffective|p1a: Incineroar|1
|-damage|p1a: Incineroar|40/100 psn
|-enditem|p1a: Incineroar|Sitrus Berry|[eat]
|-heal|p1a: Incineroar|64/100 psn|[from] item: Sitrus Berry
|-damage|p2a: Garchomp|80/100|[from] item: Life Orb
|
|-weather|none
|-heal|p2b: Toxapex|72/100 brn|[from] item: Leftovers
|-damage|p1a: Incineroar|52/100 psn|[from] psn
|-damage|p2b: Toxapex|66/100 brn|[from] brn
|upkeep
|turn|11
|inactive|WWEcunhalock has 30 seconds left.
|
|t:|1782250026
|move|p2a: Garchomp|Protect|p2a: Garchomp
|-singleturn|p2a: Garchomp|Protect
|move|p1a: Incineroar|Fake Out|p2a: Garchomp
|-activate|p2a: Garchomp|move: Protect
|move|p1b: Mawile|Play Rough|p2b: Toxapex
|-resisted|p2b: Toxapex|1
|-damage|p2b: Toxapex|21/100 brn
|move|p2b: Toxapex|Infestation|p1b: Mawile
|-resisted|p1b: Mawile|2
|-damage|p1b: Mawile|95/100
|-activate|p1b: Mawile|move: Infestation|[of] p2b: Toxapex
|
|-heal|p2b: Toxapex|26/100 brn|[from] item: Leftovers
|-damage|p1a: Incineroar|40/100 psn|[from] psn
|-damage|p2b: Toxapex|21/100 brn|[from] brn
|-damage|p1b: Mawile|83/100|[from] move: Infestation|[partiallytrapped]
|-sideend|p2: sille rovert|move: Aurora Veil
|upkeep
|turn|12
|
|t:|1782250044
|move|p2a: Garchomp|Protect||[still]
|-fail|p2a: Garchomp
|move|p1b: Mawile|Sucker Punch||[still]
|-fail|p1b: Mawile
|move|p1a: Incineroar|Throat Chop|p2b: Toxapex
|-damage|p2b: Toxapex|1/100 brn
|-start|p2b: Toxapex|Throat Chop|[silent]
|move|p2b: Toxapex|Infestation|p1a: Incineroar
|-damage|p1a: Incineroar|37/100 psn
|-activate|p1a: Incineroar|move: Infestation|[of] p2b: Toxapex
|
|-heal|p2b: Toxapex|7/100 brn|[from] item: Leftovers
|-damage|p1a: Incineroar|24/100 psn|[from] psn
|-damage|p2b: Toxapex|1/100 brn|[from] brn
|-damage|p1a: Incineroar|12/100 psn|[from] move: Infestation|[partiallytrapped]
|-damage|p1b: Mawile|71/100|[from] move: Infestation|[partiallytrapped]
|upkeep
|turn|13
|
|t:|1782250067
|move|p2b: Toxapex|Baneful Bunker|p2b: Toxapex
|-singleturn|p2b: Toxapex|move: Protect
|move|p1b: Mawile|Sucker Punch|p2a: Garchomp
|-damage|p2a: Garchomp|0 fnt
|-damage|p1b: Mawile|59/100|[from] ability: Rough Skin|[of] p2a: Garchomp
|faint|p2a: Garchomp
|move|p1a: Incineroar|Throat Chop|p2b: Toxapex
|-activate|p2b: Toxapex|move: Protect
|
|-heal|p2b: Toxapex|7/100 brn|[from] item: Leftovers
|-damage|p1a: Incineroar|0 fnt|[from] psn
|faint|p1a: Incineroar
|-damage|p2b: Toxapex|1/100 brn|[from] brn
|-damage|p1b: Mawile|47/100|[from] move: Infestation|[partiallytrapped]
|-end|p2b: Toxapex|Throat Chop|[silent]
|upkeep
|-message|sille rovert forfeited.
|
|win|WWEcunhalock
||sille rovert is ready for game 3.
||WWEcunhalock is ready for game 3.
|uhtml|next|Next: Game 3 of 3
|l|☆sille rovert
|player|p2|
