|j|☆exessvgc
|j|☆breloomb01
|html|exessvgcbreloomb01    
|uhtml|bestof|Game 1 of a best-of-3
|t:|1783347479
|gametype|doubles
|player|p1|exessvgc|170|1339
|player|p2|breloomb01|roughneck|1287
|gen|9
|tier|[Gen 9 Champions] VGC 2026 Reg M-B (Bo3)
|rated|
|rule|Species Clause: Limit one of each Pokémon
|rule|Item Clause: Limit 1 of each item
|clearpoke
|poke|p1|Charizard, L50, M|
|poke|p1|Sneasler, L50, F|
|poke|p1|Farigiraf, L50, F|
|poke|p1|Aerodactyl, L50, M|
|poke|p1|Sylveon, L50, M|
|poke|p1|Venusaur, L50, F|
|poke|p2|Gengar, L50, F, shiny|
|poke|p2|Swampert, L50, M, shiny|
|poke|p2|Incineroar, L50, M, shiny|
|poke|p2|Politoed, L50, F, shiny|
|poke|p2|Archaludon, L50, M, shiny|
|poke|p2|Vivillon-Polar, L50, M|
|teampreview|4
|showteam|p1|Charizard||CharizarditeX|Blaze|DragonDance,DragonClaw,FlareBlitz,Protect|Jolly||M|||50|]Sneasler||WhiteHerb|Unburden|FakeOut,Protect,CloseCombat,DireClaw|Jolly||F|||50|]Farigiraf||SitrusBerry|ArmorTail|TrickRoom,PsychicNoise,HelpingHand,Thunderbolt|Bold||F|||50|]Aerodactyl||FocusSash|Unnerve|RockSlide,Tailwind,SunnyDay,Taunt|Jolly||M|||50|]Sylveon||FairyFeather|Pixilate|HyperVoice,HyperBeam,Protect,ShadowBall|Modest||M|||50|]Venusaur||WideLens|Chlorophyll|GigaDrain,EarthPower,SleepPowder,Protect|Modest||F|||50|
|showteam|p2|Gengar||Gengarite|CursedBody|ShadowBall,PerishSong,SludgeBomb,Protect|Timid||F|||50|]Swampert||Swampertite|Torrent|WaveCrash,Earthquake,IcePunch,Protect|Adamant||M|||50|]Incineroar||PasshoBerry|Intimidate|ThroatChop,PartingShot,FakeOut,Protect|Sassy||M|||50|]Politoed||SitrusBerry|Drizzle|WeatherBall,PerishSong,Encore,Protect|Calm||F|||50|]Archaludon||Leftovers|Stamina|DragonPulse,FlashCannon,ElectroShot,Protect|Bold||M|||50|]Vivillon-Polar||FocusSash|CompoundEyes|Hurricane,SleepPowder,RagePowder,Protect|Timid||M|||50|
|
|t:|1783347515
|teamsize|p1|4
|teamsize|p2|4
|start
|switch|p1a: DINOSAUVO|Aerodactyl, L50, M|100/100
|switch|p1b: IL COACH|Sneasler, L50, F|100/100
|switch|p2a: Gengar|Gengar, L50, F, shiny|100/100
|switch|p2b: Vivillon|Vivillon-Polar, L50, M|100/100
|-ability|p1a: DINOSAUVO|Unnerve
|turn|1
|
|t:|1783347554
|detailschange|p2a: Gengar|Gengar-Mega, L50, F, shiny
|-mega|p2a: Gengar|Gengar|Gengarite
|move|p2b: Vivillon|Protect|p2b: Vivillon
|-singleturn|p2b: Vivillon|Protect
|move|p1b: IL COACH|Fake Out|p2b: Vivillon
|-activate|p2b: Vivillon|move: Protect
|move|p1a: DINOSAUVO|Taunt|p2a: Gengar
|-start|p2a: Gengar|move: Taunt
|move|p2a: Gengar|Shadow Ball|p1b: IL COACH
|-damage|p1b: IL COACH|40/100
|
|upkeep
|turn|2
|
|t:|1783347585
|switch|p2b: Incineroar|Incineroar, L50, M, shiny|100/100
|-ability|p2b: Incineroar|Intimidate|boost
|-unboost|p1a: DINOSAUVO|atk|1
|-unboost|p1b: IL COACH|atk|1
|-enditem|p1b: IL COACH|White Herb
|-clearnegativeboost|p1b: IL COACH|[silent]
|move|p1b: IL COACH|Protect|p1b: IL COACH
|-singleturn|p1b: IL COACH|Protect
|move|p1a: DINOSAUVO|Taunt|p2b: Incineroar
|-start|p2b: Incineroar|move: Taunt
|move|p2a: Gengar|Shadow Ball|p1a: DINOSAUVO
|-damage|p1a: DINOSAUVO|42/100
|
|upkeep
|turn|3
|
|t:|1783347607
|move|p2b: Incineroar|Fake Out|p1a: DINOSAUVO
|-resisted|p1a: DINOSAUVO|1
|-damage|p1a: DINOSAUVO|33/100
|move|p1b: IL COACH|Close Combat|p2b: Incineroar
|-supereffective|p2b: Incineroar|1
|-damage|p2b: Incineroar|0 fnt
|-unboost|p1b: IL COACH|def|1
|-unboost|p1b: IL COACH|spd|1
|faint|p2b: Incineroar
|cant|p1a: DINOSAUVO|flinch
|move|p2a: Gengar|Shadow Ball|p1b: IL COACH
|-damage|p1b: IL COACH|0 fnt
|faint|p1b: IL COACH
|
|-end|p2a: Gengar|move: Taunt
|upkeep
|
|t:|1783347644
|switch|p1b: Frank|Venusaur, L50, F|100/100
|switch|p2b: Vivillon|Vivillon-Polar, L50, M|100/100
|turn|4
|
|t:|1783347671
|move|p1a: DINOSAUVO|Taunt|p2b: Vivillon
|-start|p2b: Vivillon|move: Taunt
|move|p2a: Gengar|Sludge Bomb|p1b: Frank
|-damage|p1b: Frank|46/100
|move|p2b: Vivillon|Hurricane|p1b: Frank|[miss]
|-miss|p2b: Vivillon|p1b: Frank
|move|p1b: Frank|Sleep Powder|p2a: Gengar|[miss]
|-miss|p1b: Frank|p2a: Gengar
|
|upkeep
|turn|5
|
|t:|1783347696
|move|p1a: DINOSAUVO|Tailwind|p1a: DINOSAUVO
|-sidestart|p1: exessvgc|move: Tailwind
|move|p1b: Frank|Sleep Powder|p2b: Vivillon|[miss]
|-miss|p1b: Frank|p2b: Vivillon
|move|p2a: Gengar|Sludge Bomb|p1b: Frank
|-damage|p1b: Frank|0 fnt
|faint|p1b: Frank
|move|p2b: Vivillon|Hurricane|p1a: DINOSAUVO
|-resisted|p1a: DINOSAUVO|1
|-damage|p1a: DINOSAUVO|1/100
|-start|p1a: DINOSAUVO|confusion
|
|upkeep
|
|t:|1783347703
|switch|p1b: Marianela|Sylveon, L50, M|100/100
|turn|6
|
|t:|1783347715
|-activate|p1a: DINOSAUVO|confusion
|move|p1a: DINOSAUVO|Rock Slide|p2b: Vivillon|[spread] p2a,p2b
|-supereffective|p2b: Vivillon|2
|-damage|p2a: Gengar|80/100
|-enditem|p2b: Vivillon|Focus Sash
|-damage|p2b: Vivillon|1/100
|move|p1b: Marianela|Shadow Ball|p2a: Gengar
|-supereffective|p2a: Gengar|1
|-damage|p2a: Gengar|23/100
|move|p2a: Gengar|Sludge Bomb|p1b: Marianela
|-supereffective|p1b: Marianela|1
|-crit|p1b: Marianela
|-damage|p1b: Marianela|0 fnt
|faint|p1b: Marianela
|move|p2b: Vivillon|Hurricane|p1a: DINOSAUVO|[miss]
|-miss|p2b: Vivillon|p1a: DINOSAUVO
|
|-end|p2b: Vivillon|move: Taunt
|upkeep
|turn|7
|
|t:|1783347732
|-end|p1a: DINOSAUVO|confusion
|move|p1a: DINOSAUVO|Rock Slide|p2a: Gengar|[spread] p2a,p2b
|-supereffective|p2b: Vivillon|2
|-crit|p2b: Vivillon
|-damage|p2a: Gengar|7/100
|-damage|p2b: Vivillon|0 fnt
|faint|p2b: Vivillon
|cant|p2a: Gengar|flinch
|
|upkeep
|
|t:|1783347735
|switch|p2b: Politoed|Politoed, L50, F, shiny|100/100
|-weather|RainDance|[from] ability: Drizzle|[of] p2b: Politoed
|turn|8
|
|t:|1783347744
|move|p2a: Gengar|Protect|p2a: Gengar
|-singleturn|p2a: Gengar|Protect
|move|p1a: DINOSAUVO|Rock Slide|p2a: Gengar|[spread] p2b
|-activate|p2a: Gengar|move: Protect
|-damage|p2b: Politoed|84/100
|move|p2b: Politoed|Weather Ball|p1a: DINOSAUVO
|-supereffective|p1a: DINOSAUVO|1
|-damage|p1a: DINOSAUVO|0 fnt
|faint|p1a: DINOSAUVO
|
|win|breloomb01
||exessvgc is ready for game 2.
||breloomb01 is ready for game 2.
|uhtml|next|Next: Game 2 of 3
