|j|☆Majical Forest
|j|☆latios66
|html|Majical Forestlatios66    
|uhtml|bestof|Game 2 of a best-of-3
|t:|1756762711
|gametype|doubles
|player|p1|Majical Forest|unknown|1153
|player|p2|latios66|170|1127
|gen|9
|tier|[Gen 9] VGC 2025 Reg H (Bo3)
|rated|
|rule|Species Clause: Limit one of each Pokémon
|rule|Item Clause: Limit 1 of each item
|clearpoke
|poke|p1|Archaludon, L50, F|
|poke|p1|Basculegion, L50, M|
|poke|p1|Pelipper, L50, F|
|poke|p1|Amoonguss, L50, M|
|poke|p1|Incineroar, L50, F|
|poke|p1|Maushold-Four, L50|
|poke|p2|Toedscruel, L50, M|
|poke|p2|Weezing-Galar, L50, F|
|poke|p2|Corviknight, L50, F|
|poke|p2|Pawmot, L50, F|
|poke|p2|Garchomp, L50, F|
|poke|p2|Typhlosion-Hisui, L50, M|
|teampreview|4
|showteam|p1|Archaludon||AssaultVest|Stamina|ElectroShot,DragonPulse,BodyPress,FlashCannon|||F|||50|,,,,,Grass]Basculegion||MysticWater|SwiftSwim|WaveCrash,AquaJet,LastRespects,Protect|||M|||50|,,,,,Water]Pelipper||FocusSash|Drizzle|Hurricane,WeatherBall,Tailwind,Protect|||F|||50|,,,,,Ghost]Amoonguss||SitrusBerry|Regenerator|Spore,ClearSmog,PollenPuff,RagePowder|||M|||50|,,,,,Water]Incineroar||SafetyGoggles|Intimidate|FakeOut,KnockOff,FlareBlitz,PartingShot|||F|||50|,,,,,Ghost]Maushold-Four||WideLens|Technician|PopulationBomb,Taunt,FollowMe,Protect||||||50|,,,,,Grass
|showteam|p2|Toedscruel||CovertCloak|MyceliumMight|Spore,EarthPower,AcidSpray,RagePowder|||M|||50|,,,,,Water]Weezing-Galar||ChoiceSpecs|NeutralizingGas|DazzlingGleam,SludgeBomb,StrangeSteam,Flamethrower|||F|||50|,,,,,Fire]Corviknight||SitrusBerry|MirrorArmor|Protect,Tailwind,Roost,BraveBird|||F|||50|,,,,,Dragon]Pawmot||FocusSash|NaturalCure|Protect,CloseCombat,DoubleShock,FakeOut|||F|||50|,,,,,Electric]Garchomp||LifeOrb|RoughSkin|Protect,Earthquake,DragonClaw,StompingTantrum|||F|||50|,,,,,Ground]Typhlosion-Hisui||ChoiceScarf|Blaze|Eruption,SleepTalk,HeatWave,ShadowBall|||M|||50|,,,,,Fire
|inactive|Battle timer is ON: inactive players will automatically lose when time's up. (requested by Majical Forest)
|
|t:|1756762738
|teamsize|p1|4
|teamsize|p2|4
|start
|switch|p1a: Maushold|Maushold-Four, L50|100/100
|switch|p1b: Amoonguss|Amoonguss, L50, M|100/100
|switch|p2a: Corviknight|Corviknight, L50, F|100/100
|switch|p2b: Typhlosion|Typhlosion-Hisui, L50, M|100/100
|turn|1
|inactive|latios66 has 30 seconds left.
|inactive|latios66 has 20 seconds left.
|
|t:|1756762778
|switch|p1a: Pelipper|Pelipper, L50, F|100/100
|-weather|RainDance|[from] ability: Drizzle|[of] p1a: Pelipper
|-terastallize|p1b: Amoonguss|Water
|move|p2b: Typhlosion|Eruption|p1b: Amoonguss|[spread] p1a,p1b
|-resisted|p1a: Pelipper
|-resisted|p1b: Amoonguss
|-damage|p1a: Pelipper|74/100
|-damage|p1b: Amoonguss|88/100
|move|p2a: Corviknight|Brave Bird|p1b: Amoonguss
|-damage|p1b: Amoonguss|53/100
|-damage|p2a: Corviknight|88/100|[from] Recoil
|move|p1b: Amoonguss|Spore|p2b: Typhlosion
|-status|p2b: Typhlosion|slp|[from] move: Spore
|
|-weather|RainDance|[upkeep]
|upkeep
|turn|2
|inactive|latios66 has 30 seconds left.
|inactive|latios66 has 20 seconds left.
|inactive|latios66 has 15 seconds left.
|
|t:|1756762823
|switch|p2b: Toedscruel|Toedscruel, L50, M|100/100
|move|p1a: Pelipper|Tailwind|p1a: Pelipper
|-sidestart|p1: Majical Forest|move: Tailwind
|move|p1b: Amoonguss|Spore|p2a: Corviknight
|-status|p2a: Corviknight|slp|[from] move: Spore
|cant|p2a: Corviknight|slp
|
|-weather|RainDance|[upkeep]
|upkeep
|turn|3
|inactive|latios66 has 30 seconds left.
|
|t:|1756762849
|switch|p1b: Archaludon|Archaludon, L50, F|100/100
|-terastallize|p2b: Toedscruel|Water
|cant|p2a: Corviknight|slp
|move|p1a: Pelipper|Hurricane|p2b: Toedscruel
|-crit|p2b: Toedscruel
|-damage|p2b: Toedscruel|43/100
|move|p2b: Toedscruel|Spore|p1b: Archaludon
|-status|p1b: Archaludon|slp|[from] move: Spore
|
|-weather|RainDance|[upkeep]
|upkeep
|turn|4
|
|t:|1756762872
|move|p1a: Pelipper|Hurricane|p2b: Toedscruel
|-damage|p2b: Toedscruel|1/100
|cant|p1b: Archaludon|slp
|move|p2b: Toedscruel|Earth Power|p1b: Archaludon
|-supereffective|p1b: Archaludon
|-crit|p1b: Archaludon
|-damage|p1b: Archaludon|33/100 slp
|-ability|p1b: Archaludon|Stamina|boost
|-boost|p1b: Archaludon|def|1
|-curestatus|p2a: Corviknight|slp|[msg]
|move|p2a: Corviknight|Brave Bird|p1a: Pelipper
|-damage|p1a: Pelipper|12/100
|-damage|p2a: Corviknight|74/100|[from] Recoil
|
|-weather|RainDance|[upkeep]
|upkeep
|turn|5
|inactive|latios66 has 30 seconds left.
|
|t:|1756762906
|switch|p2b: Typhlosion|Typhlosion-Hisui, L50, M|100/100 slp
|move|p1a: Pelipper|Weather Ball|p2a: Corviknight
|-damage|p2a: Corviknight|20/100
|-enditem|p2a: Corviknight|Sitrus Berry|[eat]
|-heal|p2a: Corviknight|45/100|[from] item: Sitrus Berry
|cant|p1b: Archaludon|slp
|move|p2a: Corviknight|Brave Bird|p1a: Pelipper
|-damage|p1a: Pelipper|0 fnt
|faint|p1a: Pelipper
|-damage|p2a: Corviknight|42/100|[from] Recoil
|
|-weather|none
|-sideend|p1: Majical Forest|move: Tailwind
|upkeep
|
|t:|1756762918
|switch|p1a: Amoonguss|Amoonguss, L50, M, tera:Water|86/100
|turn|6
|
|t:|1756762928
|cant|p2b: Typhlosion|slp
|move|p2b: Typhlosion|Sleep Talk|p2b: Typhlosion
|move|p2b: Typhlosion|Heat Wave|p1a: Amoonguss|[from] move: Sleep Talk|[spread] p1a,p1b
|-resisted|p1a: Amoonguss
|-damage|p1a: Amoonguss|68/100
|-damage|p1b: Archaludon|0 fnt
|faint|p1b: Archaludon
|move|p2a: Corviknight|Brave Bird|p1a: Amoonguss
|-damage|p1a: Amoonguss|31/100
|-enditem|p1a: Amoonguss|Sitrus Berry|[eat]
|-heal|p1a: Amoonguss|56/100|[from] item: Sitrus Berry
|-damage|p2a: Corviknight|29/100|[from] Recoil
|move|p1a: Amoonguss|Spore|p2a: Corviknight
|-status|p2a: Corviknight|slp|[from] move: Spore
|
|upkeep
|-message|Majical Forest forfeited.
|
|win|latios66
|l|☆Majical Forest
|player|p1|
||Majical Forest is ready for game 3.
|inactive|latios66 has 30 seconds to confirm battle start!
