|j|☆iloveships
|j|☆Theraclod
|html|iloveshipsTheraclod    
|uhtml|bestof|Game 3 of a best-of-3
|t:|1785428842
|gametype|doubles
|player|p1|iloveships|emmet|1143
|player|p2|Theraclod|102|1000
|gen|9
|tier|[Gen 9 Champions] VGC 2026 Reg M-B (Bo3)
|rated|
|rule|Species Clause: Limit one of each Pokémon
|rule|Item Clause: Limit 1 of each item
|clearpoke
|poke|p1|Talonflame, L50, M|
|poke|p1|Raichu, L50, M|
|poke|p1|Maushold, L50|
|poke|p1|Garchomp, L50, F|
|poke|p1|Floette-Eternal, L50, F|
|poke|p1|Kingambit, L50, F|
|poke|p2|Beedrill, L50, F|
|poke|p2|Dragonite, L50, M|
|poke|p2|Talonflame, L50, M|
|poke|p2|Arcanine-Hisui, L50, F|
|poke|p2|Milotic, L50, M|
|poke|p2|Goodra-Hisui, L50, F|
|teampreview|4
|showteam|p1|Talonflame||SharpBeak|GaleWings|Tailwind,QuickGuard,Overheat,Taunt|Jolly||M|||50|]Raichu||RaichuniteY|LightningRod|FakeOut,Protect,ZapCannon,FocusBlast|Serious||M|||50|]Maushold||WideLens|Technician|FollowMe,Protect,PopulationBomb,Encore|Serious|||||50|]Garchomp||LifeOrb|RoughSkin|DragonClaw,RockSlide,Earthquake,Protect|Jolly||F|||50|]Floette-Eternal||Floettite|FlowerVeil|Protect,DazzlingGleam,Moonblast,LightofRuin|Modest||F|||50|]Kingambit||FocusSash|Defiant|SuckerPunch,KowtowCleave,IronHead,Protect|Adamant||F|||50|
|showteam|p2|Beedrill||Beedrillite|Sniper|PoisonJab,Uturn,ThroatChop,Protect|Adamant||F|||50|]Dragonite||WhiteHerb|Multiscale|DracoMeteor,Thunder,Hurricane,ExtremeSpeed|Modest||M|||50|]Talonflame||FocusSash|GaleWings|Acrobatics,UpperHand,Tailwind,RainDance|Jolly||M|||50|]Arcanine-Hisui||Charcoal|Intimidate|HeatWave,PowerGem,ScorchingSands,Protect|Timid||F|||50|]Milotic||Leftovers|Competitive|Scald,IcyWind,Recover,Protect|Bold||M|||50|]Goodra-Hisui||SitrusBerry|ShellArmor|DragonPulse,FlashCannon,Flamethrower,Protect|Modest||F|||50|
|inactive|Battle timer is ON: inactive players will automatically lose when time's up. (requested by iloveships)
|
|t:|1785428868
|teamsize|p1|4
|teamsize|p2|4
|start
|switch|p1a: Garchomp|Garchomp, L50, F|100/100
|switch|p1b: Raichu|Raichu, L50, M|100/100
|switch|p2a: Arcanine|Arcanine-Hisui, L50, F|100/100
|switch|p2b: Goodra|Goodra-Hisui, L50, F|100/100
|-ability|p2a: Arcanine|Intimidate|boost
|-unboost|p1a: Garchomp|atk|1
|-unboost|p1b: Raichu|atk|1
|turn|1
|inactive|iloveships has 30 seconds left.
|
|t:|1785428900
|switch|p1b: Talonflame|Talonflame, L50, M|100/100
|move|p2a: Arcanine|Protect|p2a: Arcanine
|-singleturn|p2a: Arcanine|Protect
|move|p1a: Garchomp|Earthquake|p2a: Arcanine|[spread] p2b
|-activate|p2a: Arcanine|move: Protect
|-immune|p1b: Talonflame
|-supereffective|p2b: Goodra|1
|-damage|p2b: Goodra|40/100
|-enditem|p2b: Goodra|Sitrus Berry|[eat]
|-heal|p2b: Goodra|64/100|[from] item: Sitrus Berry
|-damage|p1a: Garchomp|90/100|[from] item: Life Orb
|move|p2b: Goodra|Dragon Pulse|p1a: Garchomp
|-supereffective|p1a: Garchomp|1
|-damage|p1a: Garchomp|0 fnt
|faint|p1a: Garchomp
|
|upkeep
|
|t:|1785428917
|switch|p1a: Raichu|Raichu, L50, M|100/100
|turn|2
|inactive|iloveships has 30 seconds left.
|
|t:|1785428944
|switch|p2b: Talonflame|Talonflame, L50, M|100/100
|detailschange|p1a: Raichu|Raichu-Mega-Y, L50, M
|-mega|p1a: Raichu|Raichu|Raichunite Y
|move|p1b: Talonflame|Tailwind|p1b: Talonflame
|-sidestart|p1: iloveships|move: Tailwind
|move|p1a: Raichu|Focus Blast|p2a: Arcanine
|-supereffective|p2a: Arcanine|1
|-damage|p2a: Arcanine|0 fnt
|faint|p2a: Arcanine
|
|upkeep
|
|t:|1785428959
|switch|p2a: Beedrill|Beedrill, L50, F|100/100
|turn|3
|
|t:|1785428980
|switch|p1a: Kingambit|Kingambit, L50, F|100/100
|detailschange|p2a: Beedrill|Beedrill-Mega, L50, F
|-mega|p2a: Beedrill|Beedrill|Beedrillite
|move|p2a: Beedrill|Protect|p2a: Beedrill
|-singleturn|p2a: Beedrill|Protect
|move|p2b: Talonflame|Tailwind|p2b: Talonflame
|-sidestart|p2: Theraclod|move: Tailwind
|move|p1b: Talonflame|Overheat|p2a: Beedrill
|-activate|p2a: Beedrill|move: Protect
|
|upkeep
|turn|4
|
|t:|1785429003
|move|p1a: Kingambit|Protect|p1a: Kingambit
|-singleturn|p1a: Kingambit|Protect
|move|p2b: Talonflame|Acrobatics|p1b: Talonflame
|-damage|p1b: Talonflame|71/100
|move|p2a: Beedrill|U-turn|p1a: Kingambit
|-activate|p1a: Kingambit|move: Protect
|move|p1b: Talonflame|Overheat|p2a: Beedrill
|-supereffective|p2a: Beedrill|1
|-damage|p2a: Beedrill|0 fnt
|-unboost|p1b: Talonflame|spa|2
|faint|p2a: Beedrill
|
|upkeep
|
|t:|1785429014
|switch|p2a: Goodra|Goodra-Hisui, L50, F|64/100
|turn|5
|
|t:|1785429037
|move|p2b: Talonflame|Acrobatics|p1b: Talonflame
|-damage|p1b: Talonflame|42/100
|move|p1a: Kingambit|Sucker Punch||[still]
|-fail|p1a: Kingambit
|move|p1b: Talonflame|Overheat|p2b: Talonflame
|-resisted|p2b: Talonflame|1
|-damage|p2b: Talonflame|83/100
|-unboost|p1b: Talonflame|spa|2
|move|p2a: Goodra|Flamethrower|p1a: Kingambit
|-supereffective|p1a: Kingambit|1
|-damage|p1a: Kingambit|36/100
|
|-sideend|p1: iloveships|move: Tailwind
|upkeep
|turn|6
|
|t:|1785429057
|move|p1a: Kingambit|Sucker Punch|p2b: Talonflame
|-crit|p2b: Talonflame
|-damage|p2b: Talonflame|0 fnt
|faint|p2b: Talonflame
|move|p1b: Talonflame|Tailwind|p1b: Talonflame
|-sidestart|p1: iloveships|move: Tailwind
|move|p2a: Goodra|Flamethrower|p1a: Kingambit
|-supereffective|p1a: Kingambit|1
|-damage|p1a: Kingambit|0 fnt
|faint|p1a: Kingambit
|
|-sideend|p2: Theraclod|move: Tailwind
|upkeep
|
|t:|1785429064
|switch|p1a: Raichu|Raichu-Mega-Y, L50, M|100/100
|turn|7
|
|t:|1785429074
|move|p2a: Goodra|Protect|p2a: Goodra
|-singleturn|p2a: Goodra|Protect
|move|p1b: Talonflame|Taunt|p2a: Goodra
|-activate|p2a: Goodra|move: Protect
|move|p1a: Raichu|Focus Blast|p2a: Goodra
|-activate|p2a: Goodra|move: Protect
|
|upkeep
|turn|8
|
|t:|1785429083
|move|p1b: Talonflame|Taunt|p2a: Goodra
|-start|p2a: Goodra|move: Taunt
|move|p1a: Raichu|Focus Blast|p2a: Goodra
|-supereffective|p2a: Goodra|1
|-damage|p2a: Goodra|6/100
|move|p2a: Goodra|Dragon Pulse|p1a: Raichu
|-damage|p1a: Raichu|37/100
|
|upkeep
|turn|9
|-message|Theraclod forfeited.
|
|win|iloveships
|raw|iloveships's rating: 1143 → 1158(+15 for winning)
|raw|Theraclod's rating: 1000 → 1000(+0 for losing)
