|j|☆TeriyakiFr
|j|☆Sunnymight
|html|TeriyakiFrSunnymight    
|uhtml|bestof|Game 2 of a best-of-3
|t:|1757030549
|gametype|doubles
|player|p1|TeriyakiFr|youngster-gen4dp|1088
|player|p2|Sunnymight|brawly|1076
|gen|9
|tier|[Gen 9] VGC 2025 Reg H (Bo3)
|rated|
|rule|Species Clause: Limit one of each Pokémon
|rule|Item Clause: Limit 1 of each item
|clearpoke
|poke|p1|Sneasler, L50, F|
|poke|p1|Incineroar, L50, F|
|poke|p1|Ursaluna, L50, F|
|poke|p1|Amoonguss, L50, F|
|poke|p1|Porygon2, L50|
|poke|p1|Gholdengo, L50|
|poke|p2|Maushold-Four, L50|
|poke|p2|Pelipper, L50, F|
|poke|p2|Annihilape, L50, M|
|poke|p2|Klefki, L50, M|
|poke|p2|Sinistcha, L50|
|poke|p2|Archaludon, L50, F|
|teampreview|4
|showteam|p1|Sneasler||FocusSash|PoisonTouch|FakeOut,DireClaw,CloseCombat,Coaching|||F|||50|,,,,,Ghost]Incineroar||AssaultVest|Intimidate|FakeOut,FlareBlitz,KnockOff,Uturn|||F|||50|,,,,,Grass]Ursaluna||FlameOrb|Guts|Facade,HeadlongRush,Earthquake,Protect|||F|||50|,,,,,Fairy]Amoonguss||SitrusBerry|Regenerator|PollenPuff,Spore,RagePowder,Protect|||F|||50|,,,,,Water]Porygon2||Eviolite|Download|TeraBlast,IceBeam,TrickRoom,Recover||||||50|,,,,,Ghost]Gholdengo||LifeOrb|GoodasGold|MakeItRain,ShadowBall,NastyPlot,Protect||||||50|,,,,,Water
|showteam|p2|Maushold-Four||FocusSash|FriendGuard|SuperFang,BeatUp,FollowMe,Protect||||||50|,,,,,Ghost]Pelipper||LifeOrb|Drizzle|WideGuard,Tailwind,MuddyWater,Hurricane|||F|||50|,,,,,Stellar]Annihilape||SitrusBerry|Defiant|DrainPunch,RageFist,BulkUp,Protect|||M|||50|,,,,,Fire]Klefki||LightClay|Prankster|Reflect,LightScreen,MistyTerrain,DazzlingGleam|||M|||50|,,,,,Ghost]Sinistcha||MiracleSeed|Hospitality|LifeDew,TrickRoom,StrengthSap,MatchaGotcha||||||50|,,,,,Dragon]Archaludon||AssaultVest|Stamina|DracoMeteor,ElectroShot,BodyPress,Snarl|||F|||50|,,,,,Bug
|inactive|Battle timer is ON: inactive players will automatically lose when time's up. (requested by TeriyakiFr)
|
|t:|1757030571
|teamsize|p1|4
|teamsize|p2|4
|start
|switch|p1a: Sneasler|Sneasler, L50, F|100/100
|switch|p1b: Porygon2|Porygon2, L50|100/100
|switch|p2a: Pelipper|Pelipper, L50, F, shiny|100/100
|switch|p2b: Klefki|Klefki, L50, M|100/100
|-weather|RainDance|[from] ability: Drizzle|[of] p2a: Pelipper
|-ability|p1b: Porygon2|Download|boost
|-boost|p1b: Porygon2|spa|1
|turn|1
|
|t:|1757030588
|switch|p2a: Annihilape|Annihilape, L50, M|100/100
|move|p1a: Sneasler|Fake Out|p2a: Annihilape
|-immune|p2a: Annihilape
|move|p2b: Klefki|Reflect|p2b: Klefki
|-sidestart|p2: Sunnymight|Reflect
|move|p1b: Porygon2|Trick Room|p1b: Porygon2
|-fieldstart|move: Trick Room|[of] p1b: Porygon2
|
|-weather|RainDance|[upkeep]
|upkeep
|turn|2
|
|t:|1757030607
|move|p2b: Klefki|Light Screen|p2b: Klefki
|-sidestart|p2: Sunnymight|move: Light Screen
|move|p1b: Porygon2|Ice Beam|p2a: Annihilape
|-damage|p2a: Annihilape|80/100
|move|p2a: Annihilape|Bulk Up|p2a: Annihilape
|-boost|p2a: Annihilape|atk|1
|-boost|p2a: Annihilape|def|1
|move|p1a: Sneasler|Coaching|p1b: Porygon2
|-boost|p1b: Porygon2|atk|1
|-boost|p1b: Porygon2|def|1
|
|-weather|RainDance|[upkeep]
|upkeep
|turn|3
|
|t:|1757030623
|switch|p1a: Amoonguss|Amoonguss, L50, F|100/100
|-terastallize|p1b: Porygon2|Ghost
|move|p2b: Klefki|Misty Terrain|p2b: Klefki
|-fieldstart|move: Misty Terrain
|move|p1b: Porygon2|Tera Blast|p2a: Annihilape|[anim] Tera Blast Ghost
|-supereffective|p2a: Annihilape
|-damage|p2a: Annihilape|30/100
|-enditem|p2a: Annihilape|Sitrus Berry|[eat]
|-heal|p2a: Annihilape|55/100|[from] item: Sitrus Berry
|move|p2a: Annihilape|Bulk Up|p2a: Annihilape
|-boost|p2a: Annihilape|atk|1
|-boost|p2a: Annihilape|def|1
|
|-weather|RainDance|[upkeep]
|upkeep
|turn|4
|inactive|TeriyakiFr has 30 seconds left.
|inactive|TeriyakiFr has 20 seconds left.
|inactive|TeriyakiFr has 15 seconds left.
|
|t:|1757030664
|move|p1a: Amoonguss|Spore|p2a: Annihilape
|-activate|p2a: Annihilape|move: Misty Terrain
|move|p1b: Porygon2|Tera Blast|p2a: Annihilape|[anim] Tera Blast Ghost
|-supereffective|p2a: Annihilape
|-damage|p2a: Annihilape|1/100
|move|p2b: Klefki|Dazzling Gleam|p1b: Porygon2|[spread] p1a,p1b
|-resisted|p1a: Amoonguss
|-damage|p1a: Amoonguss|93/100
|-damage|p1b: Porygon2|92/100
|move|p2a: Annihilape|Rage Fist|p1b: Porygon2
|-supereffective|p1b: Porygon2
|-damage|p1b: Porygon2|0 fnt
|faint|p1b: Porygon2
|
|-weather|RainDance|[upkeep]
|upkeep
|
|t:|1757030678
|switch|p1b: Ursaluna|Ursaluna, L50, F|100/100
|turn|5
|
|t:|1757030696
|move|p2a: Annihilape|Protect|p2a: Annihilape
|-singleturn|p2a: Annihilape|Protect
|move|p1a: Amoonguss|Rage Powder|p1a: Amoonguss
|-singleturn|p1a: Amoonguss|move: Rage Powder
|move|p1b: Ursaluna|Headlong Rush|p2a: Annihilape
|-activate|p2a: Annihilape|move: Protect
|move|p2b: Klefki|Dazzling Gleam|p1b: Ursaluna|[spread] p1a,p1b
|-resisted|p1a: Amoonguss
|-damage|p1a: Amoonguss|86/100
|-damage|p1b: Ursaluna|86/100
|
|-weather|none
|-fieldend|move: Trick Room
|upkeep
|turn|6
|
|t:|1757030716
|move|p1a: Amoonguss|Rage Powder|p1a: Amoonguss
|-singleturn|p1a: Amoonguss|move: Rage Powder
|move|p2a: Annihilape|Rage Fist|p1a: Amoonguss
|-damage|p1a: Amoonguss|0 fnt
|faint|p1a: Amoonguss
|move|p2b: Klefki|Dazzling Gleam|p1b: Ursaluna
|-damage|p1b: Ursaluna|67/100
|move|p1b: Ursaluna|Headlong Rush|p2a: Annihilape
|-damage|p2a: Annihilape|0 fnt
|-unboost|p1b: Ursaluna|def|1
|-unboost|p1b: Ursaluna|spd|1
|faint|p2a: Annihilape
|
|upkeep
|
|t:|1757030734
|switch|p2a: Archaludon|Archaludon, L50, F|100/100
|switch|p1a: Sneasler|Sneasler, L50, F|100/100
|turn|7
|
|t:|1757030757
|-terastallize|p2a: Archaludon|Bug
|move|p1a: Sneasler|Fake Out|p2a: Archaludon
|-damage|p2a: Archaludon|92/100
|-ability|p2a: Archaludon|Stamina|boost
|-boost|p2a: Archaludon|def|1
|cant|p2a: Archaludon|flinch
|move|p2b: Klefki|Dazzling Gleam|p1b: Ursaluna|[spread] p1a,p1b
|-damage|p1a: Sneasler|77/100
|-damage|p1b: Ursaluna|45/100
|move|p1b: Ursaluna|Facade|p2b: Klefki
|-resisted|p2b: Klefki
|-damage|p2b: Klefki|85/100
|
|-fieldend|Misty Terrain
|-status|p1b: Ursaluna|brn|[from] item: Flame Orb
|upkeep
|turn|8
|
|t:|1757030780
|move|p1b: Ursaluna|Protect|p1b: Ursaluna
|-singleturn|p1b: Ursaluna|Protect
|move|p2b: Klefki|Misty Terrain|p2b: Klefki
|-fieldstart|move: Misty Terrain
|move|p1a: Sneasler|Dire Claw|p2a: Archaludon
|-damage|p2a: Archaludon|76/100
|-ability|p2a: Archaludon|Stamina|boost
|-boost|p2a: Archaludon|def|1
|move|p2a: Archaludon|Draco Meteor|p1a: Sneasler
|-damage|p1a: Sneasler|34/100
|-unboost|p2a: Archaludon|spa|2
|
|-damage|p1b: Ursaluna|39/100 brn|[from] brn
|-sideend|p2: Sunnymight|Reflect
|upkeep
|turn|9
|
|t:|1757030803
|move|p2b: Klefki|Reflect|p2b: Klefki
|-sidestart|p2: Sunnymight|Reflect
|move|p1a: Sneasler|Close Combat|p2b: Klefki
|-damage|p2b: Klefki|39/100
|-unboost|p1a: Sneasler|def|1
|-unboost|p1a: Sneasler|spd|1
|move|p2a: Archaludon|Body Press|p1b: Ursaluna
|-supereffective|p1b: Ursaluna
|-damage|p1b: Ursaluna|0 fnt
|faint|p1b: Ursaluna
|
|-sideend|p2: Sunnymight|move: Light Screen
|upkeep
|turn|10
|-message|TeriyakiFr forfeited.
|
|win|Sunnymight
|raw|TeriyakiFr's rating: 1088 → 1064(-24 for losing)
|raw|Sunnymight's rating: 1076 → 1106(+30 for winning)
|l|☆TeriyakiFr
|player|p1|
