|j|‽joltaru
|j|☆tmjp01
|html|joltarutmjp01    
|uhtml|bestof|Game 1 of a best-of-3
|t:|1782967768
|gametype|doubles
|player|p1|joltaru|n|1033
|player|p2|tmjp01|101|1144
|gen|9
|tier|[Gen 9 Champions] VGC 2026 Reg M-B (Bo3)
|rated|
|rule|Species Clause: Limit one of each Pokémon
|rule|Item Clause: Limit 1 of each item
|clearpoke
|poke|p1|Falinks, L50|
|poke|p1|Blaziken, L50, F|
|poke|p1|Aerodactyl, L50, F|
|poke|p1|Sinistcha, L50|
|poke|p1|Garchomp, L50, M|
|poke|p1|Ninetales-Alola, L50, M|
|poke|p2|Charizard, L50, M, shiny|
|poke|p2|Whimsicott, L50, M|
|poke|p2|Garchomp, L50, M, shiny|
|poke|p2|Basculegion, L50, M|
|poke|p2|Glimmora, L50, M|
|poke|p2|Kingambit, L50, F|
|teampreview|4
|showteam|p1|Falinks||Falinksite|Defiant|SwordsDance,CloseCombat,KnockOff,Protect|Jolly|||||50|]Blaziken||Blazikenite|SpeedBoost|Coaching,Protect,FlareBlitz,Superpower|Adamant||F|||50|]Aerodactyl||FocusSash|Unnerve|RockSlide,Tailwind,WideGuard,DualWingbeat|Adamant||F|||50|]Sinistcha||SitrusBerry|Hospitality|MatchaGotcha,RagePowder,LifeDew,Protect|Bold|||||50|]Garchomp||LifeOrb|RoughSkin|DragonClaw,RockSlide,StompingTantrum,Protect|Jolly||M|||50|]Ninetales-Alola||LightClay|SnowWarning|AuroraVeil,Blizzard,Protect,Moonblast|Timid||M|||50|
|showteam|p2|Charizard||CharizarditeY|SolarPower|HeatWave,WeatherBall,SolarBeam,Protect|Modest||M|||50|]Whimsicott||FairyFeather|Prankster|Moonblast,TrickRoom,Encore,Tailwind|Bold||M|||50|]Garchomp||LifeOrb|RoughSkin|DragonClaw,Earthquake,RockSlide,Protect|Jolly||M|||50|]Basculegion||MysticWater|Adaptability|WaveCrash,AquaJet,LastRespects,Protect|Adamant||M|||50|]Glimmora||FocusSash|ToxicDebris|SludgeBomb,PowerGem,SpikyShield,EarthPower|Modest||M|||50|]Kingambit||BlackGlasses|Defiant|KowtowCleave,SuckerPunch,IronHead,LowKick|Adamant||F|||50|
|inactive|Battle timer is ON: inactive players will automatically lose when time's up. (requested by joltaru)
|
|t:|1782967786
|teamsize|p1|4
|teamsize|p2|4
|start
|switch|p1a: Aerodactyl|Aerodactyl, L50, F|100/100
|switch|p1b: Garchomp|Garchomp, L50, M|100/100
|switch|p2a: Whimsicott|Whimsicott, L50, M|100/100
|switch|p2b: Glimmora|Glimmora, L50, M|100/100
|-ability|p1a: Aerodactyl|Unnerve
|turn|1
|
|t:|1782967808
|move|p1a: Aerodactyl|Rock Slide|p2b: Glimmora|[spread] p2a,p2b
|-damage|p2a: Whimsicott|72/100
|-damage|p2b: Glimmora|64/100
|-activate|p2b: Glimmora|ability: Toxic Debris
|-sidestart|p1: joltaru|move: Toxic Spikes
|move|p1b: Garchomp|Stomping Tantrum|p2b: Glimmora
|-supereffective|p2b: Glimmora|2
|-damage|p2b: Glimmora|0 fnt
|-activate|p2b: Glimmora|ability: Toxic Debris
|-sidestart|p1: joltaru|move: Toxic Spikes
|faint|p2b: Glimmora
|-damage|p1b: Garchomp|90/100|[from] item: Life Orb
|cant|p2a: Whimsicott|flinch
|
|upkeep
|inactive|tmjp01 has 30 seconds left.
|
|t:|1782967837
|switch|p2b: Basculegion|Basculegion, L50, M|100/100
|turn|2
|inactive|tmjp01 has 30 seconds left.
|
|t:|1782967870
|move|p1a: Aerodactyl|Rock Slide|p2b: Basculegion|[spread] p2a
|-miss|p1a: Aerodactyl|p2b: Basculegion
|-damage|p2a: Whimsicott|45/100
|move|p1b: Garchomp|Rock Slide|p2a: Whimsicott|[spread] p2a
|-miss|p1b: Garchomp|p2b: Basculegion
|-damage|p2a: Whimsicott|21/100
|-damage|p1b: Garchomp|80/100|[from] item: Life Orb
|move|p2a: Whimsicott|Moonblast|p1b: Garchomp
|-supereffective|p1b: Garchomp|1
|-damage|p1b: Garchomp|9/100
|move|p2b: Basculegion|Wave Crash|p1a: Aerodactyl
|-supereffective|p1a: Aerodactyl|1
|-enditem|p1a: Aerodactyl|Focus Sash
|-damage|p1a: Aerodactyl|1/100
|-damage|p2b: Basculegion|74/100|[from] Recoil
|
|upkeep
|turn|3
|
|t:|1782967892
|move|p2a: Whimsicott|Tailwind|p2a: Whimsicott
|-sidestart|p2: tmjp01|move: Tailwind
|move|p2b: Basculegion|Aqua Jet|p1a: Aerodactyl
|-supereffective|p1a: Aerodactyl|1
|-damage|p1a: Aerodactyl|0 fnt
|faint|p1a: Aerodactyl
|move|p1b: Garchomp|Rock Slide|p2a: Whimsicott|[spread] p2a,p2b
|-damage|p2a: Whimsicott|0 fnt
|-damage|p2b: Basculegion|43/100
|faint|p2a: Whimsicott
|-damage|p1b: Garchomp|0 fnt|[from] item: Life Orb
|faint|p1b: Garchomp
|
|upkeep
|
|t:|1782967904
|switch|p1a: Sinistcha|Sinistcha, L50|100/100
|switch|p1b: Falinks|Falinks, L50|100/100
|switch|p2a: Charizard|Charizard, L50, M, shiny|100/100
|-status|p1b: Falinks|tox
|-status|p1a: Sinistcha|tox
|turn|4
|
|t:|1782967923
|detailschange|p2a: Charizard|Charizard-Mega-Y, L50, M, shiny
|-mega|p2a: Charizard|Charizard|Charizardite Y
|-weather|SunnyDay|[from] ability: Drought|[of] p2a: Charizard
|detailschange|p1b: Falinks|Falinks-Mega, L50
|-mega|p1b: Falinks|Falinks|Falinksite
|move|p1a: Sinistcha|Rage Powder|p1a: Sinistcha
|-singleturn|p1a: Sinistcha|move: Rage Powder
|move|p2a: Charizard|Weather Ball|p1a: Sinistcha
|-supereffective|p1a: Sinistcha|1
|-damage|p1a: Sinistcha|0 fnt
|faint|p1a: Sinistcha
|move|p2b: Basculegion|Last Respects|p1b: Falinks
|-damage|p1b: Falinks|18/100 tox
|move|p1b: Falinks|Knock Off|p2a: Charizard
|-damage|p2a: Charizard|83/100
|
|-weather|SunnyDay|[upkeep]
|-damage|p1b: Falinks|12/100 tox|[from] psn
|upkeep
|turn|5
|-message|joltaru forfeited.
|
|win|tmjp01
|l|‽joltaru
|player|p1|
||tmjp01 is ready for game 2.
||joltaru is ready for game 2.
|uhtml|next|Next: Game 2 of 3
