|j|☆JayoticNL
|j|☆Il Mule
|html|JayoticNLIl Mule    
|uhtml|bestof|Game 1 of a best-of-3
|t:|1782303063
|gametype|doubles
|player|p1|JayoticNL|jacinthe|1283
|player|p2|Il Mule|salvatore|1445
|gen|9
|tier|[Gen 9 Champions] VGC 2026 Reg M-B (Bo3)
|rated|
|rule|Species Clause: Limit one of each Pokémon
|rule|Item Clause: Limit 1 of each item
|clearpoke
|poke|p1|Whimsicott, L50, M|
|poke|p1|Floette-Eternal, L50, F|
|poke|p1|Staraptor, L50, M|
|poke|p1|Gholdengo, L50|
|poke|p1|Garchomp, L50, M|
|poke|p1|Incineroar, L50, F|
|poke|p2|Corviknight, L50, F|
|poke|p2|Tyranitar, L50, M|
|poke|p2|Sneasler, L50, F|
|poke|p2|Incineroar, L50, M|
|poke|p2|Froslass, L50, F|
|poke|p2|Garchomp, L50, M|
|teampreview|4
|showteam|p1|Whimsicott||FocusSash|Prankster|Moonblast,Tailwind,Encore,Protect|Timid||M|||50|]Floette-Eternal||Floettite|FlowerVeil|Moonblast,DazzlingGleam,LightofRuin,Protect|Modest||F|||50|]Staraptor||Staraptite|Intimidate|BraveBird,CloseCombat,Roost,Protect|Jolly||M|||50|]Gholdengo||LifeOrb|GoodasGold|MakeItRain,ShadowBall,PowerGem,Protect|Modest|||||50|]Garchomp||RoseliBerry|RoughSkin|DragonClaw,Earthquake,RockSlide,Protect|Adamant||M|||50|]Incineroar||SitrusBerry|Intimidate|FlareBlitz,DarkestLariat,FakeOut,PartingShot|Adamant||F|||50|
|showteam|p2|Corviknight||OccaBerry|MirrorArmor|BraveBird,Taunt,Tailwind,Roost|Impish||F|||50|]Tyranitar||Tyranitarite|SandStream|KnockOff,RockSlide,DragonDance,Protect|Adamant||M|||50|]Sneasler||WhiteHerb|Unburden|CloseCombat,DireClaw,Coaching,FakeOut|Jolly||F|||50|]Incineroar||SitrusBerry|Intimidate|FlareBlitz,WillOWisp,PartingShot,FakeOut|Impish||M|||50|]Froslass||Froslassite|SnowCloak|Blizzard,ShadowBall,AuroraVeil,Protect|Timid||F|||50|]Garchomp||LifeOrb|RoughSkin|Earthquake,RockSlide,StompingTantrum,Protect|Jolly||M|||50|
|j| lakaka siuuu
|c|☆Il Mule|e qui occhio a gholdengo
|
|t:|1782303125
|teamsize|p1|4
|teamsize|p2|4
|start
|switch|p1a: Whimsicott|Whimsicott, L50, M|100/100
|switch|p1b: Gholdengo|Gholdengo, L50|100/100
|switch|p2a: Incineroar|Incineroar, L50, M|100/100
|switch|p2b: Garchomp|Garchomp, L50, M|100/100
|-ability|p2a: Incineroar|Intimidate|boost
|-unboost|p1a: Whimsicott|atk|1
|-unboost|p1b: Gholdengo|atk|1
|turn|1
|j| kelso shrug
|
|t:|1782303145
|switch|p1b: Staraptor|Staraptor, L50, M|100/100
|-ability|p1b: Staraptor|Intimidate|boost
|-unboost|p2a: Incineroar|atk|1
|-unboost|p2b: Garchomp|atk|1
|move|p1a: Whimsicott|Protect|p1a: Whimsicott
|-singleturn|p1a: Whimsicott|Protect
|move|p2a: Incineroar|Fake Out|p1a: Whimsicott
|-activate|p1a: Whimsicott|move: Protect
|move|p2b: Garchomp|Stomping Tantrum|p1b: Staraptor
|-immune|p1b: Staraptor
|
|upkeep
|turn|2
|c| kelso shrug|G2
|c|☆Il Mule|scivola scivola il ghiaccio sulle cose
|
|t:|1782303169
|switch|p2b: Sneasler|Sneasler, L50, F|100/100
|detailschange|p1b: Staraptor|Staraptor-Mega, L50, M
|-mega|p1b: Staraptor|Staraptor|Staraptite
|move|p1a: Whimsicott|Moonblast|p2b: Sneasler
|-damage|p2b: Sneasler|52/100
|move|p1b: Staraptor|Close Combat|p2b: Sneasler
|-resisted|p2b: Sneasler|1
|-damage|p2b: Sneasler|14/100
|-boost|p1b: Staraptor|def|1
|-boost|p1b: Staraptor|spd|1
|move|p2a: Incineroar|Will-O-Wisp|p1b: Staraptor
|-status|p1b: Staraptor|brn
|
|-damage|p1b: Staraptor|94/100 brn|[from] brn
|upkeep
|turn|3
|
|t:|1782303200
|switch|p2a: Froslass|Froslass, L50, F|100/100
|move|p1a: Whimsicott|Protect|p1a: Whimsicott
|-singleturn|p1a: Whimsicott|Protect
|move|p2b: Sneasler|Dire Claw|p1a: Whimsicott
|-activate|p1a: Whimsicott|move: Protect
|move|p1b: Staraptor|Close Combat|p2b: Sneasler
|-resisted|p2b: Sneasler|1
|-damage|p2b: Sneasler|0 fnt
|-boost|p1b: Staraptor|def|1
|-boost|p1b: Staraptor|spd|1
|faint|p2b: Sneasler
|
|-damage|p1b: Staraptor|88/100 brn|[from] brn
|upkeep
|j| rovesciaporci
|
|t:|1782303221
|switch|p2b: Garchomp|Garchomp, L50, M|100/100
|turn|4
|l| kelso shrug
|
|t:|1782303243
|detailschange|p2a: Froslass|Froslass-Mega, L50, F
|-mega|p2a: Froslass|Froslass|Froslassite
|-weather|Snowscape|[from] ability: Snow Warning|[of] p2a: Froslass
|move|p1a: Whimsicott|Tailwind|p1a: Whimsicott
|-sidestart|p1: JayoticNL|move: Tailwind
|move|p1b: Staraptor|Close Combat|p2b: Garchomp
|-damage|p2b: Garchomp|66/100
|-boost|p1b: Staraptor|def|1
|-boost|p1b: Staraptor|spd|1
|-damage|p1b: Staraptor|76/100 brn|[from] ability: Rough Skin|[of] p2b: Garchomp
|move|p2a: Froslass|Blizzard|p1a: Whimsicott|[spread] p1a,p1b
|-supereffective|p1a: Whimsicott|1
|-supereffective|p1b: Staraptor|1
|-enditem|p1a: Whimsicott|Focus Sash
|-damage|p1a: Whimsicott|1/100
|-damage|p1b: Staraptor|40/100 brn
|move|p2b: Garchomp|Rock Slide|p1a: Whimsicott|[spread] p1a,p1b
|-damage|p1a: Whimsicott|0 fnt
|-damage|p1b: Staraptor|29/100 brn
|faint|p1a: Whimsicott
|-damage|p2b: Garchomp|56/100|[from] item: Life Orb
|
|-weather|Snowscape|[upkeep]
|-damage|p1b: Staraptor|23/100 brn|[from] brn
|upkeep
|
|t:|1782303249
|switch|p1a: Gholdengo|Gholdengo, L50|100/100
|turn|5
|c| lakaka siuuu|sara scazzi godego combo letale in effetti
|j| kelso shrug
|
|t:|1782303278
|switch|p2a: Incineroar|Incineroar, L50, M|100/100
|-ability|p2a: Incineroar|Intimidate|boost
|-unboost|p1a: Gholdengo|atk|1
|-boost|p1b: Staraptor|atk|1
|move|p2b: Garchomp|Protect|p2b: Garchomp
|-singleturn|p2b: Garchomp|Protect
|move|p1b: Staraptor|Roost|p1b: Staraptor
|-heal|p1b: Staraptor|73/100 brn
|-singleturn|p1b: Staraptor|move: Roost
|move|p1a: Gholdengo|Make It Rain|p2a: Incineroar|[spread] p2a
|-activate|p2b: Garchomp|move: Protect
|-resisted|p2a: Incineroar|1
|-damage|p2a: Incineroar|72/100
|-unboost|p1a: Gholdengo|spa|2
|-damage|p1a: Gholdengo|90/100|[from] item: Life Orb
|
|-weather|Snowscape|[upkeep]
|-damage|p1b: Staraptor|68/100 brn|[from] brn
|upkeep
|turn|6
|j| torpedine
|
|t:|1782303300
|switch|p1a: Incineroar|Incineroar, L50, F|100/100
|-ability|p1a: Incineroar|Intimidate|boost
|-unboost|p2a: Incineroar|atk|1
|-unboost|p2b: Garchomp|atk|1
|move|p2a: Incineroar|Fake Out|p1b: Staraptor
|-damage|p1b: Staraptor|64/100 brn
|cant|p1b: Staraptor|flinch
|move|p2b: Garchomp|Stomping Tantrum|p1a: Incineroar
|-supereffective|p1a: Incineroar|1
|-damage|p1a: Incineroar|26/100
|-enditem|p1a: Incineroar|Sitrus Berry|[eat]
|-heal|p1a: Incineroar|51/100|[from] item: Sitrus Berry
|-damage|p2b: Garchomp|46/100|[from] item: Life Orb
|
|-weather|Snowscape|[upkeep]
|-damage|p1b: Staraptor|58/100 brn|[from] brn
|upkeep
|turn|7
|l| torpedine
|
|t:|1782303316
|switch|p2a: Froslass|Froslass-Mega, L50, F|100/100
|move|p2b: Garchomp|Protect|p2b: Garchomp
|-singleturn|p2b: Garchomp|Protect
|move|p1b: Staraptor|Close Combat|p2b: Garchomp
|-activate|p2b: Garchomp|move: Protect
|move|p1a: Incineroar|Flare Blitz|p2a: Froslass
|-supereffective|p2a: Froslass|1
|-damage|p2a: Froslass|4/100
|-damage|p1a: Incineroar|26/100|[from] Recoil
|
|-weather|Snowscape|[upkeep]
|-damage|p1b: Staraptor|53/100 brn|[from] brn
|-sideend|p1: JayoticNL|move: Tailwind
|upkeep
|turn|8
|c|☆Il Mule|alcuni direbbero gg
|c| lakaka siuuu|mai vero
|
|t:|1782303346
|move|p2a: Froslass|Blizzard|p1a: Incineroar|[spread] p1a,p1b
|-resisted|p1a: Incineroar|1
|-supereffective|p1b: Staraptor|1
|-damage|p1a: Incineroar|9/100
|-damage|p1b: Staraptor|13/100 brn
|move|p1b: Staraptor|Roost|p1b: Staraptor
|-heal|p1b: Staraptor|64/100 brn
|-singleturn|p1b: Staraptor|move: Roost
|move|p2b: Garchomp|Stomping Tantrum|p1a: Incineroar
|-supereffective|p1a: Incineroar|1
|-damage|p1a: Incineroar|0 fnt
|faint|p1a: Incineroar
|-damage|p2b: Garchomp|36/100|[from] item: Life Orb
|
|-weather|none
|-damage|p1b: Staraptor|58/100 brn|[from] brn
|upkeep
|c|☆Il Mule|e infatti non sono tra essi
|
|t:|1782303352
|switch|p1a: Gholdengo|Gholdengo, L50|90/100
|turn|9
|c| lakaka siuuu|ora è gg
|c| lakaka siuuu|oddio no
|c| lakaka siuuu|c'è una linea
|c| lakaka siuuu|un filo sottile
|
|t:|1782303396
|move|p1a: Gholdengo|Protect|p1a: Gholdengo
|-singleturn|p1a: Gholdengo|Protect
|move|p2a: Froslass|Blizzard|p1a: Gholdengo|[spread] p1b
|-activate|p1a: Gholdengo|move: Protect
|-supereffective|p1b: Staraptor|1
|-damage|p1b: Staraptor|20/100y brn
|move|p1b: Staraptor|Close Combat|p2b: Garchomp
|-crit|p2b: Garchomp
|-damage|p2b: Garchomp|0 fnt
|-boost|p1b: Staraptor|def|1
|-boost|p1b: Staraptor|spd|1
|-damage|p1b: Staraptor|8/100 brn|[from] ability: Rough Skin|[of] p2b: Garchomp
|faint|p2b: Garchomp
|
|-damage|p1b: Staraptor|2/100 brn|[from] brn
|upkeep
|c|☆Il Mule|ho abbassato lo spakt
|c|☆Il Mule|ma ho vinto
|
|t:|1782303416
|switch|p2b: Incineroar|Incineroar, L50, M|72/100
|-ability|p2b: Incineroar|Intimidate|boost
|-unboost|p1a: Gholdengo|atk|1
|-boost|p1b: Staraptor|atk|1
|turn|10
|
|t:|1782303425
|move|p2b: Incineroar|Fake Out|p1b: Staraptor
|-damage|p1b: Staraptor|0 fnt
|faint|p1b: Staraptor
|move|p2a: Froslass|Shadow Ball|p1a: Gholdengo
|-supereffective|p1a: Gholdengo|1
|-damage|p1a: Gholdengo|0 fnt
|faint|p1a: Gholdengo
|
|win|Il Mule
|c| rovesciaporci|ha gemma lui eh
||JayoticNL is ready for game 2.
|c| rovesciaporci|no ok muore da sbalo
|inactive|Il Mule has 30 seconds to confirm battle start!
|c|☆Il Mule|rovescia anche se regge regge a poco
|c| rovesciaporci|che sega godengs
||Il Mule is ready for game 2.
|uhtml|next|Next: Game 2 of 3
|c| rovesciaporci|eh si gemma crit su inci finita
|l| kelso shrug
|l|☆Il Mule
|player|p2|
|l| rovesciaporci
|j| estupinanthepuledr
|j| rovesciaporci
|l| lakaka siuuu
|l| rovesciaporci
|j| rovesciaporci
|l| rovesciaporci
