|j|☆kethhh
|j|☆sogreenitslime
|html|kethhhsogreenitslime    
|uhtml|bestof|Game 1 of a best-of-3
|t:|1783133018
|gametype|doubles
|player|p1|kethhh|lady|1069
|player|p2|sogreenitslime|pokemaniac|1095
|gen|9
|tier|[Gen 9 Champions] VGC 2026 Reg M-B (Bo3)
|rated|
|rule|Species Clause: Limit one of each Pokémon
|rule|Item Clause: Limit 1 of each item
|clearpoke
|poke|p1|Mawile, L50, M|
|poke|p1|Sylveon, L50, M, shiny|
|poke|p1|Aerodactyl, L50, M|
|poke|p1|Garchomp, L50, F|
|poke|p1|Farigiraf, L50, M|
|poke|p1|Kingambit, L50, F|
|poke|p2|Aerodactyl, L50, F|
|poke|p2|Rotom-Wash, L50|
|poke|p2|Sceptile, L50, M|
|poke|p2|Kingambit, L50, M|
|poke|p2|Ninetales-Alola, L50, F|
|poke|p2|Incineroar, L50, F|
|teampreview|4
|showteam|p1|Mawile||Mawilite|Intimidate|PlayRough,IronHead,SuckerPunch,Protect|Adamant||M|||50|]Sylveon||FairyFeather|Pixilate|CalmMind,DrainingKiss,HyperVoice,Protect|Modest||M|||50|]Aerodactyl||FocusSash|Pressure|RockSlide,Tailwind,Protect,WideGuard|Jolly||M|||50|]Garchomp||LifeOrb|RoughSkin|Earthquake,Protect,DragonClaw,RockSlide|Jolly||F|||50|]Farigiraf||SitrusBerry|ArmorTail|TrickRoom,HyperVoice,TwinBeam,Protect|Quiet||M|||50|]Kingambit||BlackGlasses|SupremeOverlord|KowtowCleave,LowKick,SuckerPunch,Protect|Adamant||F|||50|
|showteam|p2|Aerodactyl||Aerodactylite|Unnerve|Tailwind,RockSlide,DualWingbeat,Protect|Jolly||F|||50|]Rotom-Wash||ChoiceScarf|Levitate|VoltSwitch,Discharge,Electroweb,HydroPump|Timid|||||50|]Sceptile||Sceptilite|Overgrow|EnergyBall,EarthPower,DragonPulse,Protect|Timid||M|||50|]Kingambit||ChopleBerry|Defiant|KowtowCleave,SuckerPunch,IronHead,Protect|Adamant||M|||50|]Ninetales-Alola||NeverMeltIce|SnowWarning|Blizzard,AuroraVeil,Protect,Moonblast|Bold||F|||50|]Incineroar||SitrusBerry|Intimidate|WillOWisp,FlareBlitz,PartingShot,FakeOut|Careful||F|||50|
|
|t:|1783133059
|teamsize|p1|4
|teamsize|p2|4
|start
|switch|p1a: Mawile|Mawile, L50, M|100/100
|switch|p1b: Farigiraf|Farigiraf, L50, M|100/100
|switch|p2a: Kingambit|Kingambit, L50, M|100/100
|switch|p2b: Incineroar|Incineroar, L50, F|100/100
|-ability|p2b: Incineroar|Intimidate|boost
|-unboost|p1a: Mawile|atk|1
|-unboost|p1b: Farigiraf|atk|1
|-ability|p1a: Mawile|Intimidate|boost
|-unboost|p2a: Kingambit|atk|1
|-ability|p2a: Kingambit|Defiant|boost
|-boost|p2a: Kingambit|atk|2
|-unboost|p2b: Incineroar|atk|1
|turn|1
|
|t:|1783133091
|switch|p1a: Garchomp|Garchomp, L50, F|100/100
|move|p2b: Incineroar|Flare Blitz|p1b: Farigiraf
|-damage|p1b: Farigiraf|69/100
|-status|p1b: Farigiraf|brn
|-damage|p2b: Incineroar|90/100|[from] Recoil
|move|p2a: Kingambit|Kowtow Cleave|p1b: Farigiraf
|-supereffective|p1b: Farigiraf|1
|-damage|p1b: Farigiraf|0 fnt
|faint|p1b: Farigiraf
|
|upkeep
|
|t:|1783133095
|switch|p1b: Kingambit|Kingambit, L50, F|100/100
|-activate|p1b: Kingambit|ability: Supreme Overlord
|-start|p1b: Kingambit|fallen1|[silent]
|turn|2
|
|t:|1783133114
|move|p1a: Garchomp|Protect|p1a: Garchomp
|-singleturn|p1a: Garchomp|Protect
|move|p2a: Kingambit|Protect|p2a: Kingambit
|-singleturn|p2a: Kingambit|Protect
|move|p2b: Incineroar|Will-O-Wisp|p1a: Garchomp
|-activate|p1a: Garchomp|move: Protect
|move|p1b: Kingambit|Low Kick|p2a: Kingambit
|-activate|p2a: Kingambit|move: Protect
|
|upkeep
|turn|3
|
|t:|1783133127
|move|p2a: Kingambit|Sucker Punch|p1a: Garchomp
|-damage|p1a: Garchomp|41/100
|-damage|p2a: Kingambit|87/100|[from] ability: Rough Skin|[of] p1a: Garchomp
|move|p1a: Garchomp|Rock Slide|p2a: Kingambit|[spread] p2a,p2b
|-resisted|p2a: Kingambit|1
|-supereffective|p2b: Incineroar|1
|-damage|p2a: Kingambit|78/100
|-damage|p2b: Incineroar|43/100
|-enditem|p2b: Incineroar|Sitrus Berry|[eat]
|-heal|p2b: Incineroar|68/100|[from] item: Sitrus Berry
|-damage|p1a: Garchomp|31/100|[from] item: Life Orb
|move|p2b: Incineroar|Will-O-Wisp|p1a: Garchomp
|-status|p1a: Garchomp|brn
|move|p1b: Kingambit|Low Kick|p2a: Kingambit
|-supereffective|p2a: Kingambit|2
|-enditem|p2a: Kingambit|Chople Berry|[eat]
|-enditem|p2a: Kingambit|Chople Berry|[weaken]
|-damage|p2a: Kingambit|20/100y
|
|-damage|p1a: Garchomp|25/100 brn|[from] brn
|upkeep
|turn|4
|
|t:|1783133150
|move|p1a: Garchomp|Protect|p1a: Garchomp
|-singleturn|p1a: Garchomp|Protect
|move|p2a: Kingambit|Sucker Punch||[still]
|-fail|p2a: Kingambit
|move|p2b: Incineroar|Will-O-Wisp|p1b: Kingambit
|-status|p1b: Kingambit|brn
|move|p1b: Kingambit|Low Kick|p2b: Incineroar
|-supereffective|p2b: Incineroar|1
|-crit|p2b: Incineroar
|-damage|p2b: Incineroar|16/100
|
|-damage|p1a: Garchomp|20/100r brn|[from] brn
|-damage|p1b: Kingambit|93/100 brn|[from] brn
|upkeep
|turn|5
|
|t:|1783133165
|move|p2a: Kingambit|Sucker Punch|p1a: Garchomp
|-damage|p1a: Garchomp|0 fnt
|-damage|p2a: Kingambit|8/100|[from] ability: Rough Skin|[of] p1a: Garchomp
|faint|p1a: Garchomp
|move|p2b: Incineroar|Flare Blitz|p1b: Kingambit
|-supereffective|p1b: Kingambit|1
|-damage|p1b: Kingambit|46/100 brn
|-damage|p2b: Incineroar|2/100|[from] Recoil
|move|p1b: Kingambit|Low Kick|p2a: Kingambit
|-supereffective|p2a: Kingambit|2
|-damage|p2a: Kingambit|0 fnt
|faint|p2a: Kingambit
|
|-damage|p1b: Kingambit|40/100 brn|[from] brn
|upkeep
|
|t:|1783133181
|switch|p1a: Mawile|Mawile, L50, M|100/100
|switch|p2a: Ninetales|Ninetales-Alola, L50, F|100/100
|-weather|Snowscape|[from] ability: Snow Warning|[of] p2a: Ninetales
|-ability|p1a: Mawile|Intimidate|boost
|-unboost|p2a: Ninetales|atk|1
|-unboost|p2b: Incineroar|atk|1
|turn|6
|
|t:|1783133196
|detailschange|p1a: Mawile|Mawile-Mega, L50, M
|-mega|p1a: Mawile|Mawile|Mawilite
|move|p1b: Kingambit|Protect|p1b: Kingambit
|-singleturn|p1b: Kingambit|Protect
|move|p2a: Ninetales|Blizzard|p1b: Kingambit|[spread] p1a
|-activate|p1b: Kingambit|move: Protect
|-resisted|p1a: Mawile|1
|-damage|p1a: Mawile|80/100
|move|p2b: Incineroar|Flare Blitz|p1a: Mawile
|-supereffective|p1a: Mawile|1
|-damage|p1a: Mawile|35/100
|-damage|p2b: Incineroar|0 fnt|[from] Recoil
|faint|p2b: Incineroar
|move|p1a: Mawile|Iron Head|p2a: Ninetales
|-supereffective|p2a: Ninetales|2
|-damage|p2a: Ninetales|0 fnt
|faint|p2a: Ninetales
|
|-weather|Snowscape|[upkeep]
|-damage|p1b: Kingambit|33/100 brn|[from] brn
|upkeep
|
|t:|1783133214
|switch|p2b: Aerodactyl|Aerodactyl, L50, F|100/100
|-ability|p2b: Aerodactyl|Unnerve
|turn|7
|
|t:|1783133226
|detailschange|p2b: Aerodactyl|Aerodactyl-Mega, L50, F
|-mega|p2b: Aerodactyl|Aerodactyl|Aerodactylite
|move|p1b: Kingambit|Sucker Punch|p2b: Aerodactyl
|-damage|p2b: Aerodactyl|61/100
|move|p1a: Mawile|Sucker Punch|p2b: Aerodactyl
|-damage|p2b: Aerodactyl|0 fnt
|faint|p2b: Aerodactyl
|
|win|kethhh
||kethhh is ready for game 2.
||sogreenitslime is ready for game 2.
|uhtml|next|Next: Game 2 of 3
|l|☆kethhh
|player|p1|
