|j|☆GS Barnabe
|j|☆coberdt
|html|GS Barnabecoberdt    
|uhtml|bestof|Game 2 of a best-of-3
|t:|1785854834
|gametype|doubles
|player|p1|GS Barnabe|barry|1214
|player|p2|coberdt|lebanne|1332
|gen|9
|tier|[Gen 9 Champions] VGC 2026 Reg M-B (Bo3)
|rated|
|rule|Species Clause: Limit one of each Pokémon
|rule|Item Clause: Limit 1 of each item
|clearpoke
|poke|p1|Clefable, L50, F|
|poke|p1|Tyranitar, L50, F|
|poke|p1|Garchomp, L50, M|
|poke|p1|Gholdengo, L50|
|poke|p1|Rotom-Wash, L50|
|poke|p1|Aerodactyl, L50, M|
|poke|p2|Staraptor, L50, F|
|poke|p2|Delphox, L50, F|
|poke|p2|Whimsicott, L50, M|
|poke|p2|Garchomp, L50, M|
|poke|p2|Kingambit, L50, F|
|poke|p2|Glimmora, L50, F|
|teampreview|4
|showteam|p1|Clefable||SitrusBerry|Unaware|Moonblast,FollowMe,HealPulse,Protect|Bold||F|||50|]Tyranitar||ChoiceScarf|SandStream|RockSlide,KnockOff,IcePunch,Superpower|Jolly||F|||50|]Garchomp||Garchompite|SandVeil|DracoMeteor,EarthPower,PowerGem,Protect|Modest||M|||50|]Gholdengo||LifeOrb|GoodasGold|MakeItRain,ShadowBall,NastyPlot,Protect|Modest|||||50|]Rotom-Wash||Leftovers|Levitate|HydroPump,VoltSwitch,WillOWisp,Protect|Calm|||||50|]Aerodactyl||Aerodactylite|RockHead|RockSlide,DualWingbeat,Tailwind,Protect|Jolly||M|||50|
|showteam|p2|Staraptor||Staraptite|Intimidate|CloseCombat,BraveBird,Roost,Protect|Jolly||F|||50|]Delphox||Delphoxite|Blaze|HeatWave,Psychic,Substitute,Protect|Timid||F|||50|]Whimsicott||OccaBerry|Prankster|Tailwind,Moonblast,Charm,LightScreen|Timid||M|||50|]Garchomp||LifeOrb|RoughSkin|Earthquake,DragonClaw,RockSlide,Protect|Jolly||M|||50|]Kingambit||ChopleBerry|Defiant|KowtowCleave,SuckerPunch,IronHead,Protect|Adamant||F|||50|]Glimmora||FocusSash|ToxicDebris|PowerGem,SludgeBomb,EarthPower,SpikyShield|Modest||F|||50|
|inactive|Battle timer is ON: inactive players will automatically lose when time's up. (requested by coberdt)
|inactive|GS Barnabe has 60 seconds left.
|
|t:|1785854878
|teamsize|p1|4
|teamsize|p2|4
|start
|switch|p1a: Garchomp|Garchomp, L50, M|100/100
|switch|p1b: Tyranitar|Tyranitar, L50, F|100/100
|switch|p2a: Garchomp|Garchomp, L50, M|100/100
|switch|p2b: Kingambit|Kingambit, L50, F|100/100
|-weather|Sandstorm|[from] ability: Sand Stream|[of] p1b: Tyranitar
|turn|1
|inactive|coberdt has 30 seconds left.
|inactive|coberdt has 20 seconds left.
|
|t:|1785854917
|switch|p2b: Whimsicott|Whimsicott, L50, M|100/100
|detailschange|p1a: Garchomp|Garchomp-Mega, L50, M
|-mega|p1a: Garchomp|Garchomp|Garchompite
|move|p2a: Garchomp|Protect|p2a: Garchomp
|-singleturn|p2a: Garchomp|Protect
|move|p1b: Tyranitar|Ice Punch|p2a: Garchomp
|-activate|p2a: Garchomp|move: Protect
|move|p1a: Garchomp|Earth Power|p2b: Whimsicott
|-resisted|p2b: Whimsicott|1
|-damage|p2b: Whimsicott|52/100
|
|-weather|Sandstorm|[upkeep]
|-damage|p2b: Whimsicott|46/100|[from] Sandstorm
|upkeep
|turn|2
|
|t:|1785854941
|move|p2b: Whimsicott|Tailwind|p2b: Whimsicott
|-sidestart|p2: coberdt|move: Tailwind
|move|p2a: Garchomp|Dragon Claw|p1a: Garchomp
|-supereffective|p1a: Garchomp|1
|-damage|p1a: Garchomp|17/100
|-damage|p2a: Garchomp|90/100|[from] item: Life Orb
|move|p1b: Tyranitar|Ice Punch|p2a: Garchomp
|-supereffective|p2a: Garchomp|2
|-damage|p2a: Garchomp|0 fnt
|-damage|p1b: Tyranitar|88/100|[from] ability: Rough Skin|[of] p2a: Garchomp
|faint|p2a: Garchomp
|move|p1a: Garchomp|Draco Meteor|p2b: Whimsicott
|-immune|p2b: Whimsicott
|
|-weather|Sandstorm|[upkeep]
|-damage|p2b: Whimsicott|39/100|[from] Sandstorm
|upkeep
|
|t:|1785854950
|switch|p2a: Staraptor|Staraptor, L50, F|100/100
|-ability|p2a: Staraptor|Intimidate|boost
|-unboost|p1a: Garchomp|atk|1
|-unboost|p1b: Tyranitar|atk|1
|turn|3
|
|t:|1785854970
|switch|p1b: Gholdengo|Gholdengo, L50|100/100
|detailschange|p2a: Staraptor|Staraptor-Mega, L50, F
|-mega|p2a: Staraptor|Staraptor|Staraptite
|move|p1a: Garchomp|Protect|p1a: Garchomp
|-singleturn|p1a: Garchomp|Protect
|move|p2a: Staraptor|Close Combat|p1b: Gholdengo
|-immune|p1b: Gholdengo
|move|p2b: Whimsicott|Moonblast|p1a: Garchomp
|-activate|p1a: Garchomp|move: Protect
|
|-weather|Sandstorm|[upkeep]
|-damage|p2a: Staraptor|94/100|[from] Sandstorm
|-damage|p2b: Whimsicott|33/100|[from] Sandstorm
|upkeep
|turn|4
|inactive|GS Barnabe has 30 seconds left.
|
|t:|1785855003
|switch|p2b: Kingambit|Kingambit, L50, F|100/100
|switch|p1a: Rotom|Rotom-Wash, L50|100/100
|move|p2a: Staraptor|Close Combat|p1a: Rotom
|-damage|p1a: Rotom|37/100
|-boost|p2a: Staraptor|def|1
|-boost|p2a: Staraptor|spd|1
|move|p1b: Gholdengo|Nasty Plot|p1b: Gholdengo
|-boost|p1b: Gholdengo|spa|2
|
|-weather|Sandstorm|[upkeep]
|-damage|p2a: Staraptor|88/100|[from] Sandstorm
|-damage|p1a: Rotom|32/100|[from] Sandstorm
|-heal|p1a: Rotom|37/100|[from] item: Leftovers
|upkeep
|turn|5
|inactive|coberdt has 30 seconds left.
|
|t:|1785855028
|move|p1b: Gholdengo|Protect|p1b: Gholdengo
|-singleturn|p1b: Gholdengo|Protect
|move|p2a: Staraptor|Close Combat|p1a: Rotom
|-damage|p1a: Rotom|0 fnt
|-boost|p2a: Staraptor|def|1
|-boost|p2a: Staraptor|spd|1
|faint|p1a: Rotom
|move|p2b: Kingambit|Kowtow Cleave|p1b: Gholdengo
|-activate|p1b: Gholdengo|move: Protect
|
|-weather|none
|-sideend|p2: coberdt|move: Tailwind
|upkeep
|
|t:|1785855048
|switch|p1a: Tyranitar|Tyranitar, L50, F|88/100
|-weather|Sandstorm|[from] ability: Sand Stream|[of] p1a: Tyranitar
|turn|6
|
|t:|1785855062
|move|p1a: Tyranitar|Superpower|p2b: Kingambit
|-supereffective|p2b: Kingambit|2
|-enditem|p2b: Kingambit|Chople Berry|[eat]
|-enditem|p2b: Kingambit|Chople Berry|[weaken]
|-damage|p2b: Kingambit|33/100
|-unboost|p1a: Tyranitar|atk|1
|-unboost|p1a: Tyranitar|def|1
|move|p2a: Staraptor|Close Combat|p1a: Tyranitar
|-supereffective|p1a: Tyranitar|2
|-damage|p1a: Tyranitar|0 fnt
|-boost|p2a: Staraptor|def|1
|-boost|p2a: Staraptor|spd|1
|faint|p1a: Tyranitar
|move|p1b: Gholdengo|Make It Rain|p2a: Staraptor|[spread] p2a,p2b
|-resisted|p2b: Kingambit|1
|-damage|p2a: Staraptor|43/100
|-damage|p2b: Kingambit|0 fnt
|-unboost|p1b: Gholdengo|spa|2
|faint|p2b: Kingambit
|-damage|p1b: Gholdengo|90/100|[from] item: Life Orb
|
|-weather|Sandstorm|[upkeep]
|-damage|p2a: Staraptor|37/100|[from] Sandstorm
|upkeep
|
|t:|1785855084
|switch|p1a: Garchomp|Garchomp-Mega, L50, M|17/100
|switch|p2b: Whimsicott|Whimsicott, L50, M|33/100
|turn|7
|inactive|GS Barnabe has 30 seconds left.
|
|t:|1785855115
|move|p1a: Garchomp|Protect|p1a: Garchomp
|-singleturn|p1a: Garchomp|Protect
|move|p2a: Staraptor|Roost|p2a: Staraptor
|-heal|p2a: Staraptor|87/100
|-singleturn|p2a: Staraptor|move: Roost
|move|p2b: Whimsicott|Moonblast|p1a: Garchomp
|-activate|p1a: Garchomp|move: Protect
|move|p1b: Gholdengo|Nasty Plot|p1b: Gholdengo
|-boost|p1b: Gholdengo|spa|2
|
|-weather|Sandstorm|[upkeep]
|-damage|p2a: Staraptor|82/100|[from] Sandstorm
|-damage|p2b: Whimsicott|27/100|[from] Sandstorm
|upkeep
|turn|8
|inactive|GS Barnabe has 30 seconds left.
|inactive|coberdt has 30 seconds left.
|
|t:|1785855144
|move|p2b: Whimsicott|Charm|p2a: Staraptor
|-boost|p2a: Staraptor|atk|2
|move|p2a: Staraptor|Close Combat|p1a: Garchomp
|-damage|p1a: Garchomp|0 fnt
|-boost|p2a: Staraptor|def|1
|-boost|p2a: Staraptor|spd|1
|faint|p1a: Garchomp
|move|p1b: Gholdengo|Shadow Ball|p2a: Staraptor
|-crit|p2a: Staraptor
|-damage|p2a: Staraptor|0 fnt
|faint|p2a: Staraptor
|-damage|p1b: Gholdengo|80/100|[from] item: Life Orb
|
|-weather|Sandstorm|[upkeep]
|-damage|p2b: Whimsicott|21/100|[from] Sandstorm
|upkeep
|turn|9
|-message|coberdt forfeited.
|
|win|GS Barnabe
||coberdt is ready for game 3.
