|j|☆Fell Blue
|j|☆SHyperdestroyerVGC
|html|Fell BlueSHyperdestroyerVGC    
|uhtml|bestof|Game 1 of a best-of-3
|t:|1784746643
|gametype|doubles
|player|p1|Fell Blue|fantina|1106
|player|p2|SHyperdestroyerVGC|lady|1142
|gen|9
|tier|[Gen 9 Champions] VGC 2026 Reg M-B (Bo3)
|rated|
|rule|Species Clause: Limit one of each Pokémon
|rule|Item Clause: Limit 1 of each item
|clearpoke
|poke|p1|Mawile, L50, F|
|poke|p1|Liepard, L50, F|
|poke|p1|Sneasler, L50, M|
|poke|p1|Chandelure, L50, F|
|poke|p1|Ninetales-Alola, L50, M|
|poke|p1|Incineroar, L50, M|
|poke|p2|Froslass, L50, F|
|poke|p2|Kingambit, L50, F|
|poke|p2|Sneasler, L50, M|
|poke|p2|Talonflame, L50, M|
|poke|p2|Garchomp, L50, F|
|poke|p2|Sinistcha, L50|
|teampreview|4
|showteam|p1|Mawile||Mawilite|HyperCutter|PlayRough,SuckerPunch,Protect,RockSlide|Adamant||F|||50|]Liepard||FocusSash|Prankster|FakeOut,ThunderWave,FoulPlay,Encore|Timid||F|||50|]Sneasler||WhiteHerb|Unburden|DireClaw,Coaching,FakeOut,CloseCombat|Adamant||M|||50|]Chandelure||Chandelurite|FlashFire|ShadowBall,HeatWave,CalmMind,Protect|Modest||F|||50|]Ninetales-Alola||LightClay|SnowWarning|AuroraVeil,Protect,FreezeDry,IcyWind|Timid||M|||50|]Incineroar||SitrusBerry|Intimidate|FakeOut,PartingShot,ThroatChop,FlareBlitz|Impish||M|||50|
|showteam|p2|Froslass||Froslassite|SnowCloak|Blizzard,AuroraVeil,ShadowBall,Protect|Timid||F|||50|]Kingambit||BlackGlasses|Defiant|KowtowCleave,SuckerPunch,LowKick,Protect|Adamant||F|||50|]Sneasler||WhiteHerb|Unburden|FakeOut,CloseCombat,DireClaw,Protect|Adamant||M|||50|]Talonflame||FocusSash|GaleWings|DualWingbeat,FlareBlitz,Tailwind,Protect|Jolly||M|||50|]Garchomp||LifeOrb|RoughSkin|DragonClaw,Earthquake,RockSlide,Protect|Jolly||F|||50|]Sinistcha||CobaBerry|Hospitality|MatchaGotcha,TrickRoom,RagePowder,Protect|Calm|||||50|
|
|t:|1784746696
|teamsize|p1|4
|teamsize|p2|4
|start
|switch|p1a: Sneasler|Sneasler, L50, M|100/100
|switch|p1b: Incineroar|Incineroar, L50, M|100/100
|switch|p2a: Kingambit|Kingambit, L50, F|100/100
|switch|p2b: Sneasler|Sneasler, L50, M|100/100
|-ability|p1b: Incineroar|Intimidate|boost
|-unboost|p2a: Kingambit|atk|1
|-ability|p2a: Kingambit|Defiant|boost
|-boost|p2a: Kingambit|atk|2
|-unboost|p2b: Sneasler|atk|1
|-enditem|p2b: Sneasler|White Herb
|-clearnegativeboost|p2b: Sneasler|[silent]
|turn|1
|
|t:|1784746714
|move|p2b: Sneasler|Fake Out|p1a: Sneasler
|-damage|p1a: Sneasler|81/100
|cant|p1a: Sneasler|flinch
|move|p1b: Incineroar|Fake Out|p2a: Kingambit
|-resisted|p2a: Kingambit|1
|-damage|p2a: Kingambit|96/100
|cant|p2a: Kingambit|flinch
|
|upkeep
|turn|2
|
|t:|1784746732
|switch|p1b: Ninetales|Ninetales-Alola, L50, M|100/100
|-weather|Snowscape|[from] ability: Snow Warning|[of] p1b: Ninetales
|move|p2a: Kingambit|Protect|p2a: Kingambit
|-singleturn|p2a: Kingambit|Protect
|move|p2b: Sneasler|Dire Claw|p1a: Sneasler
|-resisted|p1a: Sneasler|1
|-damage|p1a: Sneasler|56/100
|move|p1a: Sneasler|Close Combat|p2a: Kingambit
|-activate|p2a: Kingambit|move: Protect
|
|-weather|Snowscape|[upkeep]
|upkeep
|turn|3
|
|t:|1784746751
|switch|p2a: Talonflame|Talonflame, L50, M|100/100
|move|p2b: Sneasler|Dire Claw|p1b: Ninetales
|-supereffective|p1b: Ninetales|1
|-damage|p1b: Ninetales|16/100
|move|p1b: Ninetales|Aurora Veil|p1b: Ninetales
|-sidestart|p1: Fell Blue|move: Aurora Veil
|move|p1a: Sneasler|Close Combat|p2a: Talonflame
|-resisted|p2a: Talonflame|1
|-damage|p2a: Talonflame|55/100
|-unboost|p1a: Sneasler|def|1
|-unboost|p1a: Sneasler|spd|1
|-enditem|p1a: Sneasler|White Herb
|-clearnegativeboost|p1a: Sneasler|[silent]
|
|-weather|Snowscape|[upkeep]
|upkeep
|turn|4
|
|t:|1784746788
|switch|p2a: Kingambit|Kingambit, L50, F|96/100
|switch|p1b: Incineroar|Incineroar, L50, M|100/100
|-ability|p1b: Incineroar|Intimidate|boost
|-unboost|p2a: Kingambit|atk|1
|-ability|p2a: Kingambit|Defiant|boost
|-boost|p2a: Kingambit|atk|2
|-unboost|p2b: Sneasler|atk|1
|move|p2b: Sneasler|Dire Claw|p1b: Incineroar
|-damage|p1b: Incineroar|83/100
|move|p1a: Sneasler|Coaching|p1b: Incineroar
|-boost|p1b: Incineroar|atk|1
|-boost|p1b: Incineroar|def|1
|
|-weather|Snowscape|[upkeep]
|upkeep
|turn|5
|
|t:|1784746804
|move|p2a: Kingambit|Protect|p2a: Kingambit
|-singleturn|p2a: Kingambit|Protect
|move|p1b: Incineroar|Fake Out|p2b: Sneasler
|-damage|p2b: Sneasler|74/100
|cant|p2b: Sneasler|flinch
|move|p1a: Sneasler|Close Combat|p2a: Kingambit
|-activate|p2a: Kingambit|move: Protect
|
|-weather|Snowscape|[upkeep]
|upkeep
|turn|6
|
|t:|1784746819
|switch|p2b: Talonflame|Talonflame, L50, M|55/100
|move|p2a: Kingambit|Sucker Punch||[still]
|-fail|p2a: Kingambit
|move|p1a: Sneasler|Coaching|p1b: Incineroar
|-boost|p1b: Incineroar|atk|1
|-boost|p1b: Incineroar|def|1
|move|p1b: Incineroar|Flare Blitz|p2a: Kingambit
|-supereffective|p2a: Kingambit|1
|-damage|p2a: Kingambit|0 fnt
|faint|p2a: Kingambit
|-damage|p1b: Incineroar|50/100g|[from] Recoil
|
|-weather|none
|upkeep
|
|t:|1784746830
|switch|p2a: Garchomp|Garchomp, L50, F|100/100
|turn|7
|
|t:|1784746851
|move|p2b: Talonflame|Protect|p2b: Talonflame
|-singleturn|p2b: Talonflame|Protect
|move|p1a: Sneasler|Coaching|p1b: Incineroar
|-boost|p1b: Incineroar|atk|1
|-boost|p1b: Incineroar|def|1
|move|p2a: Garchomp|Earthquake|p1b: Incineroar|[spread] p1a,p1b
|-activate|p2b: Talonflame|move: Protect
|-supereffective|p1a: Sneasler|1
|-supereffective|p1b: Incineroar|1
|-damage|p1a: Sneasler|0 fnt
|-damage|p1b: Incineroar|32/100
|-enditem|p1b: Incineroar|Sitrus Berry|[eat]
|-heal|p1b: Incineroar|56/100|[from] item: Sitrus Berry
|faint|p1a: Sneasler
|-damage|p2a: Garchomp|90/100|[from] item: Life Orb
|move|p1b: Incineroar|Throat Chop|p2a: Garchomp
|-damage|p2a: Garchomp|22/100
|-start|p2a: Garchomp|Throat Chop|[silent]
|-damage|p1b: Incineroar|44/100|[from] ability: Rough Skin|[of] p2a: Garchomp
|
|upkeep
|
|t:|1784746869
|switch|p1a: Ninetales|Ninetales-Alola, L50, M|16/100
|-weather|Snowscape|[from] ability: Snow Warning|[of] p1a: Ninetales
|turn|8
|
|t:|1784746883
|move|p2b: Talonflame|Tailwind|p2b: Talonflame
|-sidestart|p2: SHyperdestroyerVGC|move: Tailwind
|move|p2a: Garchomp|Earthquake|p1a: Ninetales|[spread] p1a,p1b
|-immune|p2b: Talonflame
|-supereffective|p1b: Incineroar|1
|-damage|p1a: Ninetales|0 fnt
|-damage|p1b: Incineroar|25/100
|faint|p1a: Ninetales
|-damage|p2a: Garchomp|13/100|[from] item: Life Orb
|move|p1b: Incineroar|Throat Chop|p2b: Talonflame
|-damage|p2b: Talonflame|0 fnt
|faint|p2b: Talonflame
|
|-weather|Snowscape|[upkeep]
|-end|p2a: Garchomp|Throat Chop|[silent]
|upkeep
|
|t:|1784746894
|switch|p2b: Sneasler|Sneasler, L50, M|74/100
|switch|p1a: Mawile|Mawile, L50, F|100/100
|turn|9
|
|t:|1784746917
|detailschange|p1a: Mawile|Mawile-Mega, L50, F
|-mega|p1a: Mawile|Mawile|Mawilite
|move|p2a: Garchomp|Protect|p2a: Garchomp
|-singleturn|p2a: Garchomp|Protect
|move|p2b: Sneasler|Close Combat|p1b: Incineroar
|-supereffective|p1b: Incineroar|1
|-damage|p1b: Incineroar|0 fnt
|-unboost|p2b: Sneasler|def|1
|-unboost|p2b: Sneasler|spd|1
|faint|p1b: Incineroar
|move|p1a: Mawile|Play Rough|p2b: Sneasler
|-damage|p2b: Sneasler|0 fnt
|faint|p2b: Sneasler
|
|-weather|Snowscape|[upkeep]
|upkeep
|turn|10
|
|t:|1784746929
|move|p1a: Mawile|Sucker Punch|p2a: Garchomp
|-damage|p2a: Garchomp|0 fnt
|-damage|p1a: Mawile|87/100|[from] ability: Rough Skin|[of] p2a: Garchomp
|faint|p2a: Garchomp
|
|win|Fell Blue
