|j|☆idkvgc45
|j|☆darthray 25
|html|idkvgc45darthray 25    
|uhtml|bestof|Game 1 of a best-of-3
|t:|1756850617
|gametype|doubles
|player|p1|idkvgc45|ethan|1107
|player|p2|darthray 25|benga|1072
|gen|9
|tier|[Gen 9] VGC 2025 Reg H (Bo3)
|rated|
|rule|Species Clause: Limit one of each Pokémon
|rule|Item Clause: Limit 1 of each item
|clearpoke
|poke|p1|Indeedee, L50, M|
|poke|p1|Sneasler, L50, F|
|poke|p1|Excadrill, L50, F|
|poke|p1|Tyranitar, L50, M|
|poke|p1|Annihilape, L50, M|
|poke|p1|Corviknight, L50, F|
|poke|p2|Incineroar, L50, F|
|poke|p2|Amoonguss, L50, M|
|poke|p2|Archaludon, L50, M|
|poke|p2|Tyranitar, L50, M|
|poke|p2|Pelipper, L50, M|
|poke|p2|Annihilape, L50, M|
|teampreview|4
|showteam|p1|Indeedee||ChoiceScarf|PsychicSurge|ExpandingForce,Trick,Protect,TeraBlast|||M|||50|,,,,,Psychic]Sneasler||PsychicSeed|Unburden|DireClaw,CloseCombat,ThroatChop,Protect|||F|||50|,,,,,Dark]Excadrill||FocusSash|SandRush|HighHorsepower,Earthquake,IronHead,Protect|||F|||50|,,,,,Stellar]Tyranitar||AssaultVest|SandStream|RockSlide,LowKick,KnockOff,TeraBlast|||M|||50|,,,,,Flying]Annihilape||SafetyGoggles|Defiant|CloseCombat,RageFist,FinalGambit,Taunt|||M|||50|,,,,,Water]Corviknight||SitrusBerry|MirrorArmor|BraveBird,Roost,Tailwind,BulkUp|||F|||50|,,,,,Dragon
|showteam|p2|Incineroar||RockyHelmet|Intimidate|FakeOut,PartingShot,Protect,KnockOff|||F|||50|,,,,,Ghost]Amoonguss||Leftovers|Regenerator|SludgeBomb,PollenPuff,Protect,Spore|||M|||50|,,,,,Poison]Archaludon||CovertCloak|Stamina|BodyPress,DragonPulse,Protect,ElectroShot|||M|||50|,,,,,Steel]Tyranitar||SitrusBerry|SandStream|HighHorsepower,KnockOff,Protect,RockSlide|||M|||50|,,,,,Ghost]Pelipper||SafetyGoggles|Drizzle|WeatherBall,Tailwind,Protect,Hurricane|||M|||50|,,,,,Water]Annihilape||AssaultVest|Defiant|FinalGambit,CloseCombat,RageFist,ShadowClaw|||M|||50|,,,,,Fighting
|
|t:|1756850670
|teamsize|p1|4
|teamsize|p2|4
|start
|switch|p1a: Indeedee|Indeedee, L50, M|100/100
|switch|p1b: Sneasler|Sneasler, L50, F|100/100
|switch|p2a: Annihilape|Annihilape, L50, M|100/100
|switch|p2b: Pelipper|Pelipper, L50, M|100/100
|-fieldstart|move: Psychic Terrain|[from] ability: Psychic Surge|[of] p1a: Indeedee
|-enditem|p1b: Sneasler|Psychic Seed
|-boost|p1b: Sneasler|spd|1|[from] item: Psychic Seed
|-weather|RainDance|[from] ability: Drizzle|[of] p2b: Pelipper
|turn|1
|
|t:|1756850716
|-terastallize|p1a: Indeedee|Psychic
|move|p1b: Sneasler|Dire Claw|p2b: Pelipper
|-damage|p2b: Pelipper|59/100
|move|p1a: Indeedee|Expanding Force|p2a: Annihilape|[spread] p2a,p2b
|-supereffective|p2a: Annihilape
|-damage|p2a: Annihilape|6/100
|-damage|p2b: Pelipper|0 fnt
|faint|p2b: Pelipper
|move|p2a: Annihilape|Shadow Claw|p1a: Indeedee
|-supereffective|p1a: Indeedee
|-damage|p1a: Indeedee|0 fnt
|faint|p1a: Indeedee
|
|-weather|RainDance|[upkeep]
|upkeep
|
|t:|1756850738
|switch|p1a: Annihilape|Annihilape, L50, M|100/100
|switch|p2b: Archaludon|Archaludon, L50, M|100/100
|turn|2
|
|t:|1756850763
|move|p2b: Archaludon|Protect|p2b: Archaludon
|-singleturn|p2b: Archaludon|Protect
|move|p1b: Sneasler|Dire Claw|p2a: Annihilape
|-resisted|p2a: Annihilape
|-damage|p2a: Annihilape|0 fnt
|faint|p2a: Annihilape
|move|p1a: Annihilape|Final Gambit|p2b: Archaludon
|-activate|p2b: Archaludon|move: Protect
|
|-weather|RainDance|[upkeep]
|upkeep
|
|t:|1756850777
|switch|p2a: Tyranitar|Tyranitar, L50, M|100/100
|-weather|Sandstorm|[from] ability: Sand Stream|[of] p2a: Tyranitar
|turn|3
|
|t:|1756850802
|move|p1b: Sneasler|Protect|p1b: Sneasler
|-singleturn|p1b: Sneasler|Protect
|move|p1a: Annihilape|Final Gambit|p2b: Archaludon
|-damage|p2b: Archaludon|0 fnt
|faint|p1a: Annihilape
|faint|p2b: Archaludon
|move|p2a: Tyranitar|High Horsepower|p1b: Sneasler
|-activate|p1b: Sneasler|move: Protect
|
|-weather|Sandstorm|[upkeep]
|-damage|p1b: Sneasler|95/100|[from] Sandstorm
|upkeep
|
|t:|1756850808
|switch|p1a: Tyranitar|Tyranitar, L50, M|100/100
|turn|4
|
|t:|1756850822
|move|p2a: Tyranitar|Protect|p2a: Tyranitar
|-singleturn|p2a: Tyranitar|Protect
|move|p1b: Sneasler|Close Combat|p2a: Tyranitar
|-activate|p2a: Tyranitar|move: Protect
|move|p1a: Tyranitar|Knock Off|p2a: Tyranitar
|-activate|p2a: Tyranitar|move: Protect
|
|-weather|Sandstorm|[upkeep]
|-damage|p1b: Sneasler|89/100|[from] Sandstorm
|upkeep
|turn|5
|
|t:|1756850849
|move|p1b: Sneasler|Protect|p1b: Sneasler
|-singleturn|p1b: Sneasler|Protect
|move|p1a: Tyranitar|Knock Off|p2a: Tyranitar
|-resisted|p2a: Tyranitar
|-damage|p2a: Tyranitar|79/100
|-enditem|p2a: Tyranitar|Sitrus Berry|[from] move: Knock Off|[of] p1a: Tyranitar
|move|p2a: Tyranitar|High Horsepower|p1b: Sneasler
|-activate|p1b: Sneasler|move: Protect
|
|-weather|Sandstorm|[upkeep]
|-damage|p1b: Sneasler|83/100|[from] Sandstorm
|-fieldend|move: Psychic Terrain
|upkeep
|turn|6
|
|t:|1756850873
|move|p1b: Sneasler|Close Combat|p2a: Tyranitar
|-supereffective|p2a: Tyranitar
|-damage|p2a: Tyranitar|0 fnt
|-unboost|p1b: Sneasler|def|1
|-unboost|p1b: Sneasler|spd|1
|faint|p2a: Tyranitar
|
|win|idkvgc45
||idkvgc45 is ready for game 2.
|l|☆darthray 25
|player|p2|
|inactive|darthray 25 has 30 seconds to confirm battle start!
|inactive|darthray 25 has 20 seconds to confirm battle start!
|inactive|darthray 25 has 10 seconds to confirm battle start!
|uhtml|next|Next: Game 2 of 3
