|j|☆kingambitstan
|j|☆kushala25
|html|kingambitstankushala25    
|uhtml|bestof|Game 1 of a best-of-3
|t:|1783792074
|gametype|doubles
|player|p1|kingambitstan|rika|1119
|player|p2|kushala25|marshal|1043
|gen|9
|tier|[Gen 9 Champions] VGC 2026 Reg M-B (Bo3)
|rated|
|rule|Species Clause: Limit one of each Pokémon
|rule|Item Clause: Limit 1 of each item
|clearpoke
|poke|p1|Charizard, L50, M|
|poke|p1|Kangaskhan, L50, F|
|poke|p1|Basculegion, L50, M|
|poke|p1|Garchomp, L50, M|
|poke|p1|Sylveon, L50, F|
|poke|p1|Farigiraf, L50, M|
|poke|p2|Metagross, L50|
|poke|p2|Staraptor, L50, F|
|poke|p2|Primarina, L50, M|
|poke|p2|Whimsicott, L50, F|
|poke|p2|Delphox, L50, F|
|poke|p2|Garchomp, L50, M|
|teampreview|4
|showteam|p1|Charizard||CharizarditeY|Blaze|HeatWave,WeatherBall,SolarBeam,Protect|Timid||M|||50|]Kangaskhan||Kangaskhanite|Scrappy|FakeOut,SuckerPunch,DoubleEdge,DrainPunch|Adamant||F|||50|]Basculegion||MysticWater|Adaptability|WaveCrash,LastRespects,AquaJet,Protect|Adamant||M|||50|]Garchomp||LifeOrb|RoughSkin|Earthquake,DragonClaw,RockSlide,Protect|Jolly||M|||50|]Sylveon||FairyFeather|Pixilate|HyperVoice,HyperBeam,QuickAttack,Protect|Quiet||F|||50|]Farigiraf||SitrusBerry|ArmorTail|TwinBeam,Thunderbolt,TrickRoom,HelpingHand|Quiet||M|||50|
|showteam|p2|Metagross||Leftovers|ClearBody|PsychicFangs,MeteorMash,BodyPress,CosmicPower|Brave|||||50|]Staraptor||Staraptite|Intimidate|CloseCombat,BraveBird,Protect,Roost|Adamant||F|||50|]Primarina||SitrusBerry|LiquidVoice|Moonblast,LifeDew,CalmMind,HyperVoice|Relaxed||M|||50|]Whimsicott||FocusSash|Chlorophyll|Moonblast,Tailwind,Charm,Protect|Timid||F|||50|]Delphox||Delphoxite|Blaze|Psyshock,NastyPlot,HeatWave,GrassKnot|Timid||F|||50|]Garchomp||ExpertBelt|RoughSkin|RockSlide,StompingTantrum,PoisonJab,DragonClaw|Jolly||M|||50|
|inactive|Battle timer is ON: inactive players will automatically lose when time's up. (requested by kingambitstan)
|
|t:|1783792096
|teamsize|p1|4
|teamsize|p2|4
|start
|switch|p1a: Farigiraf|Farigiraf, L50, M|100/100
|switch|p1b: Kangaskhan|Kangaskhan, L50, F|100/100
|switch|p2a: Metagross|Metagross, L50|100/100
|switch|p2b: Primarina|Primarina, L50, M|100/100
|turn|1
|
|t:|1783792119
|detailschange|p1b: Kangaskhan|Kangaskhan-Mega, L50, F
|-mega|p1b: Kangaskhan|Kangaskhan|Kangaskhanite
|move|p1b: Kangaskhan|Double-Edge|p2b: Primarina
|-damage|p2b: Primarina|40/100
|-enditem|p2b: Primarina|Sitrus Berry|[eat]
|-heal|p2b: Primarina|64/100|[from] item: Sitrus Berry
|-damage|p2b: Primarina|50/100g
|-hitcount|p2b: Primarina|2
|-damage|p1b: Kangaskhan|78/100|[from] Recoil
|move|p2a: Metagross|Cosmic Power|p2a: Metagross
|-boost|p2a: Metagross|def|1
|-boost|p2a: Metagross|spd|1
|move|p2b: Primarina|Calm Mind|p2b: Primarina
|-boost|p2b: Primarina|spa|1
|-boost|p2b: Primarina|spd|1
|move|p1a: Farigiraf|Trick Room|p1a: Farigiraf
|-fieldstart|move: Trick Room|[of] p1a: Farigiraf
|
|upkeep
|turn|2
|inactive|kushala25 has 30 seconds left.
|
|t:|1783792147
|move|p2b: Primarina|Moonblast|p1b: Kangaskhan
|-damage|p1b: Kangaskhan|26/100
|move|p1a: Farigiraf|Thunderbolt|p2a: Metagross
|-damage|p2a: Metagross|80/100
|-status|p2a: Metagross|par
|move|p2a: Metagross|Body Press|p1b: Kangaskhan
|-supereffective|p1b: Kangaskhan|1
|-damage|p1b: Kangaskhan|0 fnt
|faint|p1b: Kangaskhan
|
|-heal|p2a: Metagross|86/100 par|[from] item: Leftovers
|upkeep
|
|t:|1783792156
|switch|p1b: Sylveon|Sylveon, L50, F|100/100
|turn|3
|
|t:|1783792161
|move|p2a: Metagross|Cosmic Power|p2a: Metagross
|-boost|p2a: Metagross|def|1
|-boost|p2a: Metagross|spd|1
|move|p2b: Primarina|Life Dew|p2b: Primarina|[spread] p2a,p2b
|-heal|p2a: Metagross|100/100 par
|-heal|p2b: Primarina|75/100
|move|p1a: Farigiraf|Thunderbolt|p2b: Primarina
|-supereffective|p2b: Primarina|1
|-damage|p2b: Primarina|41/100
|move|p1b: Sylveon|Hyper Voice|p2b: Primarina|[spread] p2a,p2b
|-resisted|p2a: Metagross|1
|-damage|p2a: Metagross|88/100 par
|-damage|p2b: Primarina|12/100
|
|-heal|p2a: Metagross|94/100 par|[from] item: Leftovers
|upkeep
|turn|4
|
|t:|1783792183
|move|p1b: Sylveon|Quick Attack|p2b: Primarina
|-damage|p2b: Primarina|1/100
|move|p2a: Metagross|Meteor Mash|p1b: Sylveon
|-supereffective|p1b: Sylveon|1
|-damage|p1b: Sylveon|0 fnt
|faint|p1b: Sylveon
|move|p1a: Farigiraf|Thunderbolt|p2a: Metagross
|-damage|p2a: Metagross|78/100 par
|move|p2b: Primarina|Moonblast|p1a: Farigiraf
|-damage|p1a: Farigiraf|31/100
|-enditem|p1a: Farigiraf|Sitrus Berry|[eat]
|-heal|p1a: Farigiraf|56/100|[from] item: Sitrus Berry
|
|-heal|p2a: Metagross|83/100 par|[from] item: Leftovers
|upkeep
|
|t:|1783792186
|switch|p1b: Basculegion|Basculegion, L50, M|100/100
|turn|5
|
|t:|1783792202
|move|p1b: Basculegion|Aqua Jet|p2b: Primarina
|-resisted|p2b: Primarina|1
|-damage|p2b: Primarina|0 fnt
|faint|p2b: Primarina
|move|p2a: Metagross|Psychic Fangs|p1b: Basculegion
|-damage|p1b: Basculegion|37/100
|move|p1a: Farigiraf|Thunderbolt|p2a: Metagross
|-damage|p2a: Metagross|68/100 par
|
|-heal|p2a: Metagross|74/100 par|[from] item: Leftovers
|-fieldend|move: Trick Room
|upkeep
|
|t:|1783792210
|switch|p2b: Garchomp|Garchomp, L50, M|100/100
|turn|6
|
|t:|1783792217
|move|p2b: Garchomp|Dragon Claw|p1b: Basculegion
|-damage|p1b: Basculegion|0 fnt
|faint|p1b: Basculegion
|cant|p2a: Metagross|par
|move|p1a: Farigiraf|Trick Room|p1a: Farigiraf
|-fieldstart|move: Trick Room|[of] p1a: Farigiraf
|
|-heal|p2a: Metagross|80/100 par|[from] item: Leftovers
|upkeep
|turn|7
|-message|kingambitstan forfeited.
|
|win|kushala25
