|j|☆Ryugami0
|j|☆MolluskVGC
|html|Ryugami0MolluskVGC    
|uhtml|bestof|Game 1 of a best-of-3
|t:|1784358159
|gametype|doubles
|player|p1|Ryugami0|101|
|player|p2|MolluskVGC|hiker-gen4|
|gen|9
|tier|[Gen 9 Champions] VGC 2026 Reg M-B (Bo3)
|rule|Species Clause: Limit one of each Pokémon
|rule|Item Clause: Limit 1 of each item
|clearpoke
|poke|p1|Gengar, L50, M|
|poke|p1|Archaludon, L50, F|
|poke|p1|Politoed, L50, M|
|poke|p1|Swampert, L50, M|
|poke|p1|Vivillon, L50, M|
|poke|p1|Incineroar, L50, M|
|poke|p2|Charizard, L50, F|
|poke|p2|Grimmsnarl, L50, M|
|poke|p2|Pelipper, L50, M|
|poke|p2|Archaludon, L50, F|
|poke|p2|Basculegion, L50, M|
|poke|p2|Venusaur, L50, M|
|teampreview|4
|showteam|p1|Gengar||Gengarite|CursedBody|ShadowBall,SludgeBomb,PerishSong,Protect|Modest||M|||50|]Archaludon||Leftovers|Stamina|ElectroShot,DragonPulse,FlashCannon,Protect|Bold||F|||50|]Politoed||RindoBerry|Drizzle|WeatherBall,Hypnosis,PerishSong,Protect|Calm||M|||50|]Swampert||Swampertite|Torrent|WaveCrash,Earthquake,IcePunch,Protect|Adamant||M|||50|]Vivillon||FocusSash|CompoundEyes|Hurricane,SleepPowder,RagePowder,Protect|Timid||M|||50|]Incineroar||SitrusBerry|Intimidate|ThroatChop,FakeOut,PartingShot,Protect|Impish||M|||50|
|showteam|p2|Charizard||CharizarditeY|Blaze|HeatWave,WeatherBall,SolarBeam,Protect|Modest||F|||50|]Grimmsnarl||LightClay|Prankster|SpiritBreak,Reflect,LightScreen,PartingShot|Sassy||M|||50|]Pelipper||SitrusBerry|Drizzle|WeatherBall,Hurricane,Tailwind,WideGuard|Modest||M|||50|]Archaludon||Leftovers|Stamina|FlashCannon,DragonPulse,ElectroShot,Protect|Calm||F|||50|]Basculegion||ChoiceScarf|Adaptability|WaveCrash,AquaJet,LastRespects,FlipTurn|Jolly||M|||50|]Venusaur||FocusSash|Chlorophyll|SludgeBomb,EarthPower,SleepPowder,Protect|Modest||M|||50|
|inactive|Battle timer is ON: inactive players will automatically lose when time's up. (requested by MolluskVGC)
|c|☆MolluskVGC|Glhf
|c|☆Ryugami0|glhf
|inactive|Ryugami0 has 60 seconds left.
|inactive|MolluskVGC has 60 seconds left.
|inactive|Ryugami0 has 30 seconds left.
|inactive|MolluskVGC has 30 seconds left.
|
|t:|1784358223
|teamsize|p1|4
|teamsize|p2|4
|start
|switch|p1a: Gengar|Gengar, L50, M|100/100
|switch|p1b: Incineroar|Incineroar, L50, M|100/100
|switch|p2a: Charizard|Charizard, L50, F|100/100
|switch|p2b: Venusaur|Venusaur, L50, M|100/100
|-ability|p1b: Incineroar|Intimidate|boost
|-unboost|p2a: Charizard|atk|1
|-unboost|p2b: Venusaur|atk|1
|turn|1
|j|+Aldrich
|inactive|Ryugami0 has 30 seconds left.
|inactive|MolluskVGC has 30 seconds left.
|
|t:|1784358256
|switch|p2a: Basculegion|Basculegion, L50, M|100/100
|detailschange|p1a: Gengar|Gengar-Mega, L50, M
|-mega|p1a: Gengar|Gengar|Gengarite
|move|p1b: Incineroar|Fake Out|p2b: Venusaur
|-damage|p2b: Venusaur|86/100
|move|p1a: Gengar|Perish Song|p1a: Gengar
|-start|p1a: Gengar|perish3|[silent]
|-start|p1b: Incineroar|perish3|[silent]
|-start|p2a: Basculegion|perish3|[silent]
|-start|p2b: Venusaur|perish3|[silent]
|-fieldactivate|move: Perish Song
|cant|p2b: Venusaur|flinch
|
|-start|p2a: Basculegion|perish3
|-start|p1a: Gengar|perish3
|-start|p2b: Venusaur|perish3
|-start|p1b: Incineroar|perish3
|upkeep
|turn|2
|inactive|Ryugami0 has 30 seconds left.
|inactive|MolluskVGC has 30 seconds left.
|inactive|Ryugami0 has 20 seconds left.
|inactive|Ryugami0 has 15 seconds left.
|
|t:|1784358297
|move|p1a: Gengar|Protect|p1a: Gengar
|-singleturn|p1a: Gengar|Protect
|move|p1b: Incineroar|Protect|p1b: Incineroar
|-singleturn|p1b: Incineroar|Protect
|move|p2a: Basculegion|Wave Crash|p1a: Gengar
|-activate|p1a: Gengar|move: Protect
|move|p2b: Venusaur|Earth Power|p1a: Gengar
|-activate|p1a: Gengar|move: Protect
|
|-start|p2a: Basculegion|perish2
|-start|p1a: Gengar|perish2
|-start|p2b: Venusaur|perish2
|-start|p1b: Incineroar|perish2
|upkeep
|turn|3
|
|t:|1784358317
|switch|p1a: Politoed|Politoed, L50, M|100/100
|-weather|RainDance|[from] ability: Drizzle|[of] p1a: Politoed
|move|p2a: Basculegion|Wave Crash|p1b: Incineroar
|-supereffective|p1b: Incineroar|1
|-damage|p1b: Incineroar|0 fnt
|faint|p1b: Incineroar
|-damage|p2a: Basculegion|65/100|[from] Recoil
|move|p2b: Venusaur|Earth Power|p1a: Politoed
|-damage|p1a: Politoed|79/100
|
|-weather|RainDance|[upkeep]
|-start|p2a: Basculegion|perish1
|-start|p2b: Venusaur|perish1
|upkeep
|
|t:|1784358331
|switch|p1b: Gengar|Gengar-Mega, L50, M|100/100
|turn|4
|inactive|MolluskVGC has 30 seconds left.
|l|+Aldrich
|inactive|MolluskVGC has 20 seconds left.
|
|t:|1784358372
|switch|p2a: Archaludon|Archaludon, L50, F|100/100
|switch|p1b: Archaludon|Archaludon, L50, F|100/100
|move|p2b: Venusaur|Sleep Powder|p1a: Politoed
|-status|p1a: Politoed|slp|[from] move: Sleep Powder
|cant|p1a: Politoed|slp
|
|-weather|RainDance|[upkeep]
|-start|p2b: Venusaur|perish0
|upkeep
|faint|p2b: Venusaur
|
|t:|1784358380
|switch|p2b: Charizard|Charizard, L50, F|100/100
|turn|5
|inactive|MolluskVGC has 30 seconds left.
|
|t:|1784358411
|switch|p1a: Gengar|Gengar-Mega, L50, M|100/100
|detailschange|p2b: Charizard|Charizard-Mega-Y, L50, F
|-mega|p2b: Charizard|Charizard|Charizardite Y
|-weather|SunnyDay|[from] ability: Drought|[of] p2b: Charizard
|move|p1b: Archaludon|Protect|p1b: Archaludon
|-singleturn|p1b: Archaludon|Protect
|move|p2b: Charizard|Heat Wave|p1b: Archaludon|[spread] 
|-activate|p1b: Archaludon|move: Protect
|-miss|p2b: Charizard|p1a: Gengar
|move|p2a: Archaludon|Dragon Pulse|p1a: Gengar
|-damage|p1a: Gengar|65/100
|
|-weather|SunnyDay|[upkeep]
|upkeep
|turn|6
|inactive|MolluskVGC has 30 seconds left.
|inactive|MolluskVGC has 20 seconds left.
|
|t:|1784358451
|switch|p1a: Politoed|Politoed, L50, M|79/100 slp
|-weather|RainDance|[from] ability: Drizzle|[of] p1a: Politoed
|move|p2b: Charizard|Protect|p2b: Charizard
|-singleturn|p2b: Charizard|Protect
|move|p2a: Archaludon|Electro Shot||[still]
|-prepare|p2a: Archaludon|Electro Shot
|-boost|p2a: Archaludon|spa|1
|-anim|p2a: Archaludon|Electro Shot|p1a: Politoed
|-supereffective|p1a: Politoed|1
|-damage|p1a: Politoed|0 fnt
|faint|p1a: Politoed
|move|p1b: Archaludon|Electro Shot||[still]
|-prepare|p1b: Archaludon|Electro Shot
|-boost|p1b: Archaludon|spa|1
|-anim|p1b: Archaludon|Electro Shot|p2b: Charizard
|-activate|p2b: Charizard|move: Protect
|
|-weather|RainDance|[upkeep]
|upkeep
|j|+Aldrich
|
|t:|1784358458
|switch|p1a: Gengar|Gengar-Mega, L50, M|65/100
|turn|7
|
|t:|1784358474
|move|p1a: Gengar|Protect|p1a: Gengar
|-singleturn|p1a: Gengar|Protect
|move|p2b: Charizard|Weather Ball|p1a: Gengar
|-activate|p1a: Gengar|move: Protect
|move|p2a: Archaludon|Dragon Pulse|p1b: Archaludon
|-damage|p1b: Archaludon|46/100
|-ability|p1b: Archaludon|Stamina|boost
|-boost|p1b: Archaludon|def|1
|move|p1b: Archaludon|Electro Shot||[still]
|-prepare|p1b: Archaludon|Electro Shot
|-boost|p1b: Archaludon|spa|1
|-anim|p1b: Archaludon|Electro Shot|p2b: Charizard
|-supereffective|p2b: Charizard|1
|-damage|p2b: Charizard|0 fnt
|faint|p2b: Charizard
|
|-weather|RainDance|[upkeep]
|-heal|p1b: Archaludon|52/100|[from] item: Leftovers
|upkeep
|
|t:|1784358476
|switch|p2b: Basculegion|Basculegion, L50, M|65/100
|turn|8
|inactive|Ryugami0 has 30 seconds left.
|
|t:|1784358510
|move|p2b: Basculegion|Last Respects|p1a: Gengar
|-supereffective|p1a: Gengar|1
|-damage|p1a: Gengar|0 fnt
|faint|p1a: Gengar
|move|p2a: Archaludon|Dragon Pulse|p1b: Archaludon
|-damage|p1b: Archaludon|3/100
|-ability|p1b: Archaludon|Stamina|boost
|-boost|p1b: Archaludon|def|1
|move|p1b: Archaludon|Electro Shot||[still]
|-prepare|p1b: Archaludon|Electro Shot
|-boost|p1b: Archaludon|spa|1
|-anim|p1b: Archaludon|Electro Shot|p2b: Basculegion
|-supereffective|p2b: Basculegion|1
|-damage|p2b: Basculegion|0 fnt
|faint|p2b: Basculegion
|
|-weather|RainDance|[upkeep]
|-heal|p1b: Archaludon|9/100|[from] item: Leftovers
|upkeep
|turn|9
|
|t:|1784358517
|move|p2a: Archaludon|Dragon Pulse|p1b: Archaludon
|-damage|p1b: Archaludon|0 fnt
|faint|p1b: Archaludon
|
|win|MolluskVGC
||Ryugami0 is ready for game 2.
|inactive|MolluskVGC has 30 seconds to confirm battle start!
|l|+Aldrich
||MolluskVGC is ready for game 2.
|uhtml|next|Next: Game 2 of 3
