|j|☆mysteriousmeatman
|j|☆DkayMM
|html|mysteriousmeatmanDkayMM    
|uhtml|bestof|Game 2 of a best-of-3
|t:|1756987950
|gametype|doubles
|player|p1|mysteriousmeatman|infielder|1009
|player|p2|DkayMM|1|1000
|gen|9
|tier|[Gen 9] VGC 2025 Reg H (Bo3)
|rated|
|rule|Species Clause: Limit one of each Pokémon
|rule|Item Clause: Limit 1 of each item
|clearpoke
|poke|p1|Honchkrow, L50, M|
|poke|p1|Azumarill, L50, F|
|poke|p1|Incineroar, L50, M|
|poke|p1|Gothitelle, L50, M|
|poke|p1|Weezing-Galar, L50, M|
|poke|p1|Farigiraf, L50, F|
|poke|p2|Charizard, L50, M|
|poke|p2|Torkoal, L50, M|
|poke|p2|Porygon2, L50|
|poke|p2|Incineroar, L50, F|
|poke|p2|Jumpluff, L50, M|
|poke|p2|Ursaluna, L50, M|
|teampreview|4
|showteam|p1|Honchkrow||FocusSash|SuperLuck|NightSlash,SuckerPunch,Protect,PerishSong|||M|||50|,,,,,Dark]Azumarill||SitrusBerry|HugePower|PlayRough,AquaJet,BellyDrum,Protect|||F|||50|,,,,,Water]Incineroar||SafetyGoggles|Intimidate|FakeOut,KnockOff,PartingShot,Protect|||M|||50|,,,,,Ghost]Gothitelle||AbilityShield|ShadowTag|FakeOut,Psychic,TrickRoom,Protect|||M|||50|,,,,,Dark]Weezing-Galar||CovertCloak|NeutralizingGas|DazzlingGleam,SludgeBomb,Haze,Protect|||M|||50|,,,,,Poison]Farigiraf||ThroatSpray|ArmorTail|HyperVoice,TeraBlast,TrickRoom,Protect|||F|||50|,,,,,Dragon
|showteam|p2|Charizard||ChoiceSpecs|SolarPower|HeatWave,Overheat,WeatherBall,AirSlash|||M|||50|,,,,,Ghost]Torkoal||EjectPack|Drought|Eruption,Overheat,HelpingHand,Protect|||M|||50|,,,,,Fire]Porygon2||Eviolite|Download|TeraBlast,IceBeam,Recover,TrickRoom||||||50|,,,,,Fighting]Incineroar||SitrusBerry|Intimidate|FlareBlitz,KnockOff,FakeOut,PartingShot|||F|||50|,,,,,Ghost]Jumpluff||CovertCloak|Chlorophyll|SleepPowder,SunnyDay,RagePowder,Tailwind|||M|||50|,,,,,Water]Ursaluna||FlameOrb|Guts|HeadlongRush,Facade,Earthquake,Protect|||M|||50|,,,,,Ghost
|inactive|Battle timer is ON: inactive players will automatically lose when time's up. (requested by mysteriousmeatman)
|inactive|DkayMM has 60 seconds left.
|
|t:|1756987987
|teamsize|p1|4
|teamsize|p2|4
|start
|switch|p1a: Honchkrow|Honchkrow, L50, M, shiny|100/100
|switch|p1b: Weezing|Weezing-Galar, L50, M, shiny|100/100
|switch|p2a: Charizard|Charizard, L50, M|100/100
|switch|p2b: Porygon2|Porygon2, L50|100/100
|-ability|p1b: Weezing|Neutralizing Gas
|turn|1
|inactive|DkayMM has 30 seconds left.
|inactive|DkayMM has 20 seconds left.
|inactive|DkayMM has 15 seconds left.
|inactive|DkayMM has 10 seconds left.
|
|t:|1756988036
|switch|p2b: Torkoal|Torkoal, L50, M|100/100
|move|p1a: Honchkrow|Sucker Punch|p2a: Charizard
|-damage|p2a: Charizard|57/100
|move|p2a: Charizard|Heat Wave|p1b: Weezing|[spread] p1a,p1b
|-damage|p1a: Honchkrow|57/100
|-damage|p1b: Weezing|28/100
|move|p1b: Weezing|Sludge Bomb|p2a: Charizard
|-damage|p2a: Charizard|21/100
|
|upkeep
|turn|2
|
|t:|1756988059
|switch|p2a: Ursaluna|Ursaluna, L50, M|100/100
|move|p1a: Honchkrow|Sucker Punch||[still]
|-fail|p1a: Honchkrow
|move|p1b: Weezing|Sludge Bomb|p2b: Torkoal
|-damage|p2b: Torkoal|65/100
|move|p2b: Torkoal|Overheat|p1a: Honchkrow
|-damage|p1a: Honchkrow|3/100
|-unboost|p2b: Torkoal|spa|2
|-enditem|p2b: Torkoal|Eject Pack
|
|t:|1756988074
|switch|p2b: Porygon2|Porygon2, L50|100/100
|
|-status|p2a: Ursaluna|brn|[from] item: Flame Orb
|upkeep
|turn|3
|
|t:|1756988086
|move|p2a: Ursaluna|Protect|p2a: Ursaluna
|-singleturn|p2a: Ursaluna|Protect
|move|p1b: Weezing|Protect|p1b: Weezing
|-singleturn|p1b: Weezing|Protect
|move|p1a: Honchkrow|Perish Song|p1a: Honchkrow
|-start|p1a: Honchkrow|perish3|[silent]
|-start|p1b: Weezing|perish3|[silent]
|-start|p2a: Ursaluna|perish3|[silent]
|-start|p2b: Porygon2|perish3|[silent]
|-fieldactivate|move: Perish Song
|move|p2b: Porygon2|Ice Beam|p1a: Honchkrow
|-supereffective|p1a: Honchkrow
|-damage|p1a: Honchkrow|0 fnt
|faint|p1a: Honchkrow
|
|-damage|p2a: Ursaluna|95/100 brn|[from] brn
|-start|p2a: Ursaluna|perish3
|-start|p2b: Porygon2|perish3
|-start|p1b: Weezing|perish3
|upkeep
|
|t:|1756988096
|switch|p1a: Gothitelle|Gothitelle, L50, M, shiny|100/100
|turn|4
|inactive|DkayMM has 30 seconds left.
|inactive|DkayMM has 20 seconds left.
|inactive|DkayMM has 15 seconds left.
|inactive|DkayMM has 10 seconds left.
|
|t:|1756988141
|-terastallize|p2a: Ursaluna|Ghost
|move|p1a: Gothitelle|Fake Out|p2a: Ursaluna
|-immune|p2a: Ursaluna
|move|p2a: Ursaluna|Facade|p1a: Gothitelle
|-damage|p1a: Gothitelle|10/100
|move|p1b: Weezing|Sludge Bomb|p2b: Porygon2
|-damage|p2b: Porygon2|83/100
|-status|p2b: Porygon2|psn
|move|p2b: Porygon2|Trick Room|p2b: Porygon2
|-fieldstart|move: Trick Room|[of] p2b: Porygon2
|
|-damage|p2b: Porygon2|70/100 psn|[from] psn
|-damage|p2a: Ursaluna|89/100 brn|[from] brn
|-start|p1b: Weezing|perish2
|-start|p2b: Porygon2|perish2
|-start|p2a: Ursaluna|perish2
|upkeep
|turn|5
|
|t:|1756988164
|-end|p1b: Weezing|ability: Neutralizing Gas
|-ability|p2b: Porygon2|Download|boost
|-boost|p2b: Porygon2|spa|1
|switch|p1b: Incineroar|Incineroar, L50, M, shiny|100/100
|-ability|p1b: Incineroar|Intimidate|boost
|-unboost|p2a: Ursaluna|atk|1
|-unboost|p2b: Porygon2|atk|1
|switch|p2a: Torkoal|Torkoal, L50, M|65/100
|-weather|SunnyDay|[from] ability: Drought|[of] p2a: Torkoal
|move|p1a: Gothitelle|Protect|p1a: Gothitelle
|-singleturn|p1a: Gothitelle|Protect
|move|p2b: Porygon2|Ice Beam|p1a: Gothitelle
|-activate|p1a: Gothitelle|move: Protect
|
|-weather|SunnyDay|[upkeep]
|-damage|p2b: Porygon2|58/100 psn|[from] psn
|-start|p2b: Porygon2|perish1
|upkeep
|turn|6
|inactive|DkayMM has 30 seconds left.
|
|t:|1756988197
|move|p1b: Incineroar|Fake Out|p2a: Torkoal
|-crit|p2a: Torkoal
|-damage|p2a: Torkoal|53/100
|cant|p2a: Torkoal|flinch
|move|p2b: Porygon2|Ice Beam|p1a: Gothitelle
|-damage|p1a: Gothitelle|0 fnt
|faint|p1a: Gothitelle
|
|-weather|SunnyDay|[upkeep]
|-damage|p2b: Porygon2|45/100 psn|[from] psn
|-start|p2b: Porygon2|perish0
|faint|p2b: Porygon2
|upkeep
|
|t:|1756988207
|switch|p1a: Weezing|Weezing-Galar, L50, M, shiny|28/100
|switch|p2b: Ursaluna|Ursaluna, L50, M, tera:Ghost|89/100 brn
|-ability|p1a: Weezing|Neutralizing Gas
|turn|7
|inactive|DkayMM has 30 seconds left.
|
|t:|1756988240
|move|p1a: Weezing|Protect|p1a: Weezing
|-singleturn|p1a: Weezing|Protect
|move|p2a: Torkoal|Eruption|p1a: Weezing|[spread] p1b
|-activate|p1a: Weezing|move: Protect
|-resisted|p1b: Incineroar
|-damage|p1b: Incineroar|88/100
|move|p1b: Incineroar|Knock Off|p2a: Torkoal
|-damage|p2a: Torkoal|33/100
|move|p2b: Ursaluna|Facade|p1b: Incineroar
|-damage|p1b: Incineroar|7/100
|
|-weather|SunnyDay|[upkeep]
|-damage|p2b: Ursaluna|83/100 brn|[from] brn
|upkeep
|turn|8
|inactive|DkayMM has 30 seconds left.
|inactive|DkayMM has 20 seconds left.
|
|t:|1756988278
|move|p1b: Incineroar|Protect|p1b: Incineroar
|-singleturn|p1b: Incineroar|Protect
|move|p2b: Ursaluna|Protect|p2b: Ursaluna
|-singleturn|p2b: Ursaluna|Protect
|move|p2a: Torkoal|Overheat|p1b: Incineroar
|-activate|p1b: Incineroar|move: Protect
|move|p1a: Weezing|Dazzling Gleam|p2b: Ursaluna|[spread] p2a
|-activate|p2b: Ursaluna|move: Protect
|-resisted|p2a: Torkoal
|-damage|p2a: Torkoal|21/100
|
|-weather|SunnyDay|[upkeep]
|-damage|p2b: Ursaluna|77/100 brn|[from] brn
|-fieldend|move: Trick Room
|upkeep
|turn|9
|
|t:|1756988300
|move|p2a: Torkoal|Helping Hand|p2b: Ursaluna
|-singleturn|p2b: Ursaluna|Helping Hand|[of] p2a: Torkoal
|move|p2b: Ursaluna|Earthquake|p1a: Weezing|[spread] p2a,p1a,p1b
|-supereffective|p2a: Torkoal
|-supereffective|p1a: Weezing
|-supereffective|p1b: Incineroar
|-damage|p2a: Torkoal|0 fnt
|-damage|p1a: Weezing|0 fnt
|-damage|p1b: Incineroar|0 fnt
|faint|p2a: Torkoal
|faint|p1a: Weezing
|-end|p1a: Weezing|ability: Neutralizing Gas
|-ability|p1b: Incineroar|Intimidate|boost
|-unboost|p2b: Ursaluna|atk|1
|faint|p1b: Incineroar
|
|win|DkayMM
