|j|☆megacsc
|j|☆Blizzzey
|html|megacscBlizzzey    
|uhtml|bestof|Game 2 of a best-of-3
|t:|1756215267
|gametype|doubles
|player|p1|megacsc|n|1132
|player|p2|Blizzzey|twins-gen4dp|1159
|gen|9
|tier|[Gen 9] VGC 2025 Reg H (Bo3)
|rated|
|rule|Species Clause: Limit one of each Pokémon
|rule|Item Clause: Limit 1 of each item
|clearpoke
|poke|p1|Whimsicott, L50, M|
|poke|p1|Garchomp, L50, M|
|poke|p1|Gholdengo, L50|
|poke|p1|Incineroar, L50, F|
|poke|p1|Sneasler, L50, M|
|poke|p1|Dragonite, L50, F|
|poke|p2|Gholdengo, L50|
|poke|p2|Pawmot, L50, M|
|poke|p2|Talonflame, L50, F|
|poke|p2|Glimmora, L50, M|
|poke|p2|Ninetales-Alola, L50, F|
|poke|p2|Dragonite, L50, M|
|teampreview|4
|showteam|p1|Whimsicott||CovertCloak|Prankster|Moonblast,Tailwind,Encore,Protect|||M|||50|,,,,,Ghost]Garchomp||LifeOrb|RoughSkin|Earthquake,DragonClaw,StompingTantrum,Protect|||M|||50|,,,,,Ground]Gholdengo||ChoiceSpecs|GoodasGold|MakeItRain,ShadowBall,Trick,Thunderbolt||||||50|,,,,,Steel]Incineroar||AssaultVest|Intimidate|FakeOut,FlareBlitz,KnockOff,Uturn|||F|||50|,,,,,Grass]Sneasler||FocusSash|Unburden|FakeOut,DireClaw,CloseCombat,Protect|||M|||50|,,,,,Flying]Dragonite||ChoiceBand|InnerFocus|ExtremeSpeed,Outrage,IceSpinner,StompingTantrum|||F|||50|,,,,,Normal
|showteam|p2|Gholdengo||ChoiceSpecs|GoodasGold|MakeItRain,ShadowBall,PowerGem,Thunderbolt||||||50|,,,,,Steel]Pawmot||FocusSash|VoltAbsorb|DoubleShock,CloseCombat,FakeOut,RevivalBlessing|||M|||50|,,,,,Electric]Talonflame||CovertCloak|GaleWings|BraveBird,FlareBlitz,Tailwind,WillOWisp|||F|||50|,,,,,Fairy]Glimmora||PowerHerb|ToxicDebris|SludgeBomb,MeteorBeam,EarthPower,SpikyShield|||M|||50|,,,,,Grass]Ninetales-Alola||LifeOrb|SnowWarning|FreezeDry,Blizzard,Protect,TeraBlast|||F|||50|,,,,,Ground]Dragonite||LoadedDice|Multiscale|ScaleShot,StompingTantrum,Protect,Haze|||M|||50|,,,,,Steel
|
|t:|1756215348
|teamsize|p1|4
|teamsize|p2|4
|start
|switch|p1a: Gholdengo|Gholdengo, L50|100/100
|switch|p1b: Incineroar|Incineroar, L50, F|100/100
|switch|p2a: Talonflame|Talonflame, L50, F|100/100
|switch|p2b: Ninetales|Ninetales-Alola, L50, F|100/100
|-weather|Snowscape|[from] ability: Snow Warning|[of] p2b: Ninetales
|-ability|p1b: Incineroar|Intimidate|boost
|-unboost|p2a: Talonflame|atk|1
|-unboost|p2b: Ninetales|atk|1
|turn|1
|
|t:|1756215385
|-terastallize|p1a: Gholdengo|Steel
|move|p2b: Ninetales|Protect|p2b: Ninetales
|-singleturn|p2b: Ninetales|Protect
|move|p2a: Talonflame|Tailwind|p2a: Talonflame
|-sidestart|p2: Blizzzey|move: Tailwind
|move|p1a: Gholdengo|Make It Rain|p2a: Talonflame|[spread] p2a
|-activate|p2b: Ninetales|move: Protect
|-resisted|p2a: Talonflame
|-damage|p2a: Talonflame|35/100
|-unboost|p1a: Gholdengo|spa|1
|move|p1b: Incineroar|Knock Off|p2a: Talonflame
|-damage|p2a: Talonflame|0 fnt
|-enditem|p2a: Talonflame|Covert Cloak|[from] move: Knock Off|[of] p1b: Incineroar
|faint|p2a: Talonflame
|
|-weather|Snowscape|[upkeep]
|upkeep
|
|t:|1756215409
|switch|p2a: Glimmora|Glimmora, L50, M|100/100
|turn|2
|
|t:|1756215459
|-terastallize|p2b: Ninetales|Ground
|move|p2b: Ninetales|Tera Blast|p1a: Gholdengo|[anim] Tera Blast Ground
|-supereffective|p1a: Gholdengo
|-damage|p1a: Gholdengo|12/100
|-damage|p2b: Ninetales|91/100|[from] item: Life Orb
|move|p2a: Glimmora|Earth Power|p1a: Gholdengo
|-supereffective|p1a: Gholdengo
|-damage|p1a: Gholdengo|0 fnt
|faint|p1a: Gholdengo
|move|p1b: Incineroar|Flare Blitz|p2b: Ninetales
|-damage|p2b: Ninetales|20/100
|-damage|p1b: Incineroar|83/100|[from] Recoil
|
|-weather|Snowscape|[upkeep]
|upkeep
|
|t:|1756215469
|switch|p1a: Whimsicott|Whimsicott, L50, M|100/100
|turn|3
|
|t:|1756215498
|move|p1a: Whimsicott|Tailwind|p1a: Whimsicott
|-sidestart|p1: megacsc|move: Tailwind
|move|p2b: Ninetales|Blizzard|p1a: Whimsicott|[spread] p1a,p1b
|-supereffective|p1a: Whimsicott
|-resisted|p1b: Incineroar
|-damage|p1a: Whimsicott|0 fnt
|-damage|p1b: Incineroar|71/100
|faint|p1a: Whimsicott
|-damage|p2b: Ninetales|10/100|[from] item: Life Orb
|move|p2a: Glimmora|Meteor Beam||[still]
|-prepare|p2a: Glimmora|Meteor Beam
|-boost|p2a: Glimmora|spa|1
|-enditem|p2a: Glimmora|Power Herb
|-anim|p2a: Glimmora|Meteor Beam|p1b: Incineroar
|-supereffective|p1b: Incineroar
|-damage|p1b: Incineroar|0 fnt
|faint|p1b: Incineroar
|
|-weather|Snowscape|[upkeep]
|upkeep
|
|t:|1756215512
|switch|p1b: Garchomp|Garchomp, L50, M|100/100
|turn|4
|
|t:|1756215561
|move|p1b: Garchomp|Protect|p1b: Garchomp
|-singleturn|p1b: Garchomp|Protect
|move|p2b: Ninetales|Blizzard|p1b: Garchomp
|-activate|p1b: Garchomp|move: Protect
|move|p2a: Glimmora|Earth Power|p1b: Garchomp
|-activate|p1b: Garchomp|move: Protect
|
|-weather|Snowscape|[upkeep]
|-sideend|p2: Blizzzey|move: Tailwind
|upkeep
|turn|5
|
|t:|1756215574
|switch|p2b: Gholdengo|Gholdengo, L50|100/100
|move|p2a: Glimmora|Spiky Shield|p2a: Glimmora
|-singleturn|p2a: Glimmora|move: Protect
|move|p1b: Garchomp|Earthquake|p2b: Gholdengo|[spread] p2b
|-activate|p2a: Glimmora|move: Protect
|-supereffective|p2b: Gholdengo
|-damage|p2b: Gholdengo|0 fnt
|faint|p2b: Gholdengo
|-damage|p1b: Garchomp|91/100|[from] item: Life Orb
|
|-weather|none
|upkeep
|
|t:|1756215580
|switch|p2b: Ninetales|Ninetales-Alola, L50, F, tera:Ground|10/100
|-weather|Snowscape|[from] ability: Snow Warning|[of] p2b: Ninetales
|turn|6
|
|t:|1756215585
|move|p2b: Ninetales|Protect|p2b: Ninetales
|-singleturn|p2b: Ninetales|Protect
|move|p1b: Garchomp|Earthquake|p2a: Glimmora|[spread] p2a
|-activate|p2b: Ninetales|move: Protect
|-supereffective|p2a: Glimmora
|-damage|p2a: Glimmora|0 fnt
|-activate|p2a: Glimmora|ability: Toxic Debris
|-sidestart|p1: megacsc|move: Toxic Spikes
|faint|p2a: Glimmora
|-damage|p1b: Garchomp|81/100|[from] item: Life Orb
|
|-weather|Snowscape|[upkeep]
|-sideend|p1: megacsc|move: Tailwind
|upkeep
|turn|7
|
|t:|1756215622
|move|p2b: Ninetales|Blizzard|p1b: Garchomp
|-supereffective|p1b: Garchomp
|-damage|p1b: Garchomp|0 fnt
|faint|p1b: Garchomp
|-damage|p2b: Ninetales|0 fnt|[from] item: Life Orb
|faint|p2b: Ninetales
|
|win|Blizzzey
|raw|megacsc's rating: 1132 → 1109(-23 for losing)
|raw|Blizzzey's rating: 1159 → 1182(+23 for winning)
