|j|☆SuperManMuscle
|j|☆srTerror
|html|SuperManMusclesrTerror    
|uhtml|bestof|Game 2 of a best-of-3
|t:|1785880760
|gametype|doubles
|player|p1|SuperManMuscle|roughneck-gen4|1159
|player|p2|srTerror|169|1175
|gen|9
|tier|[Gen 9 Champions] VGC 2026 Reg M-B (Bo3)
|rated|
|rule|Species Clause: Limit one of each Pokémon
|rule|Item Clause: Limit 1 of each item
|clearpoke
|poke|p1|Staraptor, L50, F, shiny|
|poke|p1|Garchomp, L50, M, shiny|
|poke|p1|Whimsicott, L50, M, shiny|
|poke|p1|Delphox, L50, F|
|poke|p1|Glimmora, L50, F, shiny|
|poke|p1|Kingambit, L50, F, shiny|
|poke|p2|Dragonite, L50, M|
|poke|p2|Milotic, L50, M|
|poke|p2|Sneasler, L50, M|
|poke|p2|Charizard, L50, F|
|poke|p2|Gholdengo, L50|
|poke|p2|Whimsicott, L50, F|
|teampreview|4
|showteam|p1|Staraptor||Staraptite|Intimidate|Protect,Roost,CloseCombat,BraveBird|Jolly||F|||50|]Garchomp||LifeOrb|RoughSkin|Protect,RockSlide,Earthquake,DragonClaw|Jolly||M|||50|]Whimsicott||OccaBerry|Prankster|Moonblast,Tailwind,Charm,Encore|Timid||M|||50|]Delphox||Delphoxite|Magician|Protect,Psychic,HeatWave,Encore|Timid||F|||50|]Glimmora||FocusSash|ToxicDebris|SpikyShield,EarthPower,PowerGem,SludgeBomb|Timid||F|||50|]Kingambit||ChopleBerry|Defiant|Protect,IronHead,SuckerPunch,LowKick|Adamant||F|||50|
|showteam|p2|Dragonite||LifeOrb|InnerFocus|Protect,DragonClaw,ExtremeSpeed,LowKick|Adamant||M|||50|]Milotic||Leftovers|Competitive|Scald,IceBeam,Recover,Protect|Modest||M|||50|]Sneasler||WhiteHerb|Unburden|GunkShot,FakeOut,CloseCombat,Coaching|Adamant||M|||50|]Charizard||CharizarditeY|Blaze|Protect,HeatWave,WeatherBall,SolarBeam|Modest||F|||50|]Gholdengo||FocusSash|GoodasGold|Protect,ShadowBall,PowerGem,MakeItRain|Modest|||||50|]Whimsicott||FairyFeather|Prankster|Protect,Moonblast,Encore,Tailwind|Timid||F|||50|
|inactive|Battle timer is ON: inactive players will automatically lose when time's up. (requested by srTerror)
|
|t:|1785880791
|teamsize|p1|4
|teamsize|p2|4
|start
|switch|p1a: Whimsicott|Whimsicott, L50, M, shiny|100/100
|switch|p1b: Garchomp|Garchomp, L50, M, shiny|100/100
|switch|p2a: Whimsicott|Whimsicott, L50, F|100/100
|switch|p2b: Sneasler|Sneasler, L50, M|100/100
|turn|1
|inactive|srTerror has 30 seconds left.
|
|t:|1785880821
|move|p2b: Sneasler|Fake Out|p1a: Whimsicott
|-damage|p1a: Whimsicott|82/100
|cant|p1a: Whimsicott|flinch
|move|p2a: Whimsicott|Moonblast|p1b: Garchomp
|-supereffective|p1b: Garchomp|1
|-damage|p1b: Garchomp|11/100
|move|p1b: Garchomp|Earthquake|p2a: Whimsicott|[spread] p1a,p2a,p2b
|-resisted|p1a: Whimsicott|1
|-resisted|p2a: Whimsicott|1
|-supereffective|p2b: Sneasler|1
|-damage|p1a: Whimsicott|42/100
|-damage|p2a: Whimsicott|64/100
|-damage|p2b: Sneasler|0 fnt
|faint|p2b: Sneasler
|-damage|p1b: Garchomp|1/100|[from] item: Life Orb
|
|upkeep
|
|t:|1785880842
|switch|p2b: Milotic|Milotic, L50, M|100/100
|turn|2
|
|t:|1785880861
|switch|p2a: Charizard|Charizard, L50, F|100/100
|move|p1a: Whimsicott|Tailwind|p1a: Whimsicott
|-sidestart|p1: SuperManMuscle|move: Tailwind
|move|p1b: Garchomp|Rock Slide|p2a: Charizard|[spread] p2a,p2b
|-supereffective|p2a: Charizard|2
|-damage|p2a: Charizard|6/100
|-damage|p2b: Milotic|74/100
|-damage|p1b: Garchomp|0 fnt|[from] item: Life Orb
|faint|p1b: Garchomp
|cant|p2b: Milotic|flinch
|
|-heal|p2b: Milotic|80/100|[from] item: Leftovers
|upkeep
|
|t:|1785880875
|switch|p1b: Glimmora|Glimmora, L50, F, shiny|100/100
|turn|3
|
|t:|1785880888
|detailschange|p2a: Charizard|Charizard-Mega-Y, L50, F
|-mega|p2a: Charizard|Charizard|Charizardite Y
|-weather|SunnyDay|[from] ability: Drought|[of] p2a: Charizard
|move|p2a: Charizard|Protect|p2a: Charizard
|-singleturn|p2a: Charizard|Protect
|move|p2b: Milotic|Protect|p2b: Milotic
|-singleturn|p2b: Milotic|Protect
|move|p1a: Whimsicott|Moonblast|p2b: Milotic
|-activate|p2b: Milotic|move: Protect
|move|p1b: Glimmora|Power Gem|p2a: Charizard
|-activate|p2a: Charizard|move: Protect
|
|-weather|SunnyDay|[upkeep]
|-heal|p2b: Milotic|86/100|[from] item: Leftovers
|upkeep
|turn|4
|
|t:|1785880913
|move|p1a: Whimsicott|Encore|p2b: Milotic
|-start|p2b: Milotic|Encore
|move|p2b: Milotic|Protect||[still]
|-fail|p2b: Milotic
|move|p1b: Glimmora|Power Gem|p2a: Charizard
|-supereffective|p2a: Charizard|2
|-damage|p2a: Charizard|0 fnt
|faint|p2a: Charizard
|
|-weather|SunnyDay|[upkeep]
|-heal|p2b: Milotic|92/100|[from] item: Leftovers
|upkeep
|
|t:|1785880918
|switch|p2a: Whimsicott|Whimsicott, L50, F|64/100
|turn|5
|
|t:|1785880933
|switch|p1a: Staraptor|Staraptor, L50, F, shiny|100/100
|-ability|p1a: Staraptor|Intimidate|boost
|-unboost|p2a: Whimsicott|atk|1
|-unboost|p2b: Milotic|atk|1
|-ability|p2b: Milotic|Competitive|boost
|-boost|p2b: Milotic|spa|2
|move|p2b: Milotic|Protect|p2b: Milotic
|-singleturn|p2b: Milotic|Protect
|move|p2a: Whimsicott|Tailwind|p2a: Whimsicott
|-sidestart|p2: srTerror|move: Tailwind
|move|p1b: Glimmora|Sludge Bomb|p2a: Whimsicott
|-supereffective|p2a: Whimsicott|2
|-damage|p2a: Whimsicott|0 fnt
|faint|p2a: Whimsicott
|
|-weather|SunnyDay|[upkeep]
|-heal|p2b: Milotic|98/100|[from] item: Leftovers
|-sideend|p1: SuperManMuscle|move: Tailwind
|upkeep
|turn|6
|inactive|SuperManMuscle has 30 seconds left.
|
|t:|1785880960
|detailschange|p1a: Staraptor|Staraptor-Mega, L50, F, shiny
|-mega|p1a: Staraptor|Staraptor|Staraptite
|move|p2b: Milotic|Protect|p2b: Milotic
|-singleturn|p2b: Milotic|Protect
|move|p1a: Staraptor|Close Combat|p2b: Milotic
|-activate|p2b: Milotic|move: Protect
|move|p1b: Glimmora|Sludge Bomb|p2b: Milotic
|-activate|p2b: Milotic|move: Protect
|
|-weather|SunnyDay|[upkeep]
|-heal|p2b: Milotic|100/100|[from] item: Leftovers
|-end|p2b: Milotic|Encore
|upkeep
|turn|7
|
|t:|1785880974
|move|p1a: Staraptor|Protect|p1a: Staraptor
|-singleturn|p1a: Staraptor|Protect
|move|p2b: Milotic|Scald|p1a: Staraptor
|-activate|p1a: Staraptor|move: Protect
|move|p1b: Glimmora|Sludge Bomb|p2b: Milotic
|-damage|p2b: Milotic|68/100
|
|-weather|none
|-heal|p2b: Milotic|74/100|[from] item: Leftovers
|upkeep
|turn|8
|
|t:|1785880986
|switch|p1a: Whimsicott|Whimsicott, L50, M, shiny|42/100
|move|p2b: Milotic|Scald|p1a: Whimsicott
|-resisted|p1a: Whimsicott|1
|-crit|p1a: Whimsicott
|-damage|p1a: Whimsicott|0 fnt
|faint|p1a: Whimsicott
|move|p1b: Glimmora|Sludge Bomb|p2b: Milotic
|-damage|p2b: Milotic|40/100
|
|-heal|p2b: Milotic|46/100|[from] item: Leftovers
|-sideend|p2: srTerror|move: Tailwind
|upkeep
|
|t:|1785880997
|switch|p1a: Staraptor|Staraptor-Mega, L50, F, shiny|100/100
|turn|9
|
|t:|1785881004
|move|p1a: Staraptor|Protect|p1a: Staraptor
|-singleturn|p1a: Staraptor|Protect
|move|p2b: Milotic|Protect|p2b: Milotic
|-singleturn|p2b: Milotic|Protect
|move|p1b: Glimmora|Sludge Bomb|p2b: Milotic
|-activate|p2b: Milotic|move: Protect
|
|-heal|p2b: Milotic|51/100|[from] item: Leftovers
|upkeep
|turn|10
|
|t:|1785881020
|move|p1a: Staraptor|Close Combat|p2b: Milotic
|-damage|p2b: Milotic|0 fnt
|-boost|p1a: Staraptor|def|1
|-boost|p1a: Staraptor|spd|1
|faint|p2b: Milotic
|
|win|SuperManMuscle
||SuperManMuscle is ready for game 3.
||srTerror is ready for game 3.
|uhtml|next|Next: Game 3 of 3
|l|☆SuperManMuscle
|player|p1|
