|j|☆wester7
|j|☆Welosethose!
|html|wester7Welosethose!    
|uhtml|bestof|Game 2 of a best-of-3
|t:|1756852587
|gametype|doubles
|player|p1|wester7|266|1150
|player|p2|Welosethose!|hilbert|1173
|gen|9
|tier|[Gen 9] VGC 2025 Reg H (Bo3)
|rated|
|rule|Species Clause: Limit one of each Pokémon
|rule|Item Clause: Limit 1 of each item
|clearpoke
|poke|p1|Orthworm, L50, M|
|poke|p1|Ursaluna, L50, F|
|poke|p1|Armarouge, L50, F|
|poke|p1|Dragonite, L50, F|
|poke|p1|Indeedee-F, L50, F|
|poke|p1|Overqwil, L50, F|
|poke|p2|Politoed, L50, F|
|poke|p2|Gothitelle, L50, F|
|poke|p2|Kingdra, L50, M|
|poke|p2|Archaludon, L50, M|
|poke|p2|Amoonguss, L50, F|
|poke|p2|Incineroar, L50, F|
|teampreview|4
|showteam|p1|Orthworm||SitrusBerry|EarthEater|HeavySlam,ShedTail,BodyPress,Protect|||M|||50|,,,,,Poison]Ursaluna||FlameOrb|Guts|Facade,Earthquake,HeadlongRush,Protect|||F|||50|,,,,,Ghost]Armarouge||LifeOrb|FlashFire|ArmorCannon,ExpandingForce,TrickRoom,WideGuard|||F|||50|,,,,,Grass]Dragonite||LoadedDice|Multiscale|ScaleShot,Tailwind,Haze,Protect|||F|||50|,,,,,Fairy]Indeedee-F||SafetyGoggles|PsychicSurge|Psychic,FollowMe,TrickRoom,Protect|||F|||50|,,,,,Fairy]Overqwil||AssaultVest|Intimidate|ThroatChop,PoisonJab,Liquidation,AquaJet|||F|||50|,,,,,Water
|showteam|p2|Politoed||Leftovers|Drizzle|WeatherBall,Encore,PerishSong,Protect|||F|||50|,,,,,Grass]Gothitelle||SitrusBerry|ShadowTag|FakeOut,Psychic,TrickRoom,Protect|||F|||50|,,,,,Dark]Kingdra||LifeOrb|SwiftSwim|WeatherBall,MuddyWater,DracoMeteor,Protect|||M|||50|,,,,,Stellar]Archaludon||PowerHerb|Sturdy|ElectroShot,FlashCannon,DragonPulse,Protect|||M|||50|,,,,,Electric]Amoonguss||EjectButton|Regenerator|PollenPuff,Spore,RagePowder,Protect|||F|||50|,,,,,Fairy]Incineroar||SafetyGoggles|Intimidate|FakeOut,KnockOff,PartingShot,Protect|||F|||50|,,,,,Ghost
|
|t:|1756852622
|teamsize|p1|4
|teamsize|p2|4
|start
|switch|p1a: Overqwil|Overqwil, L50, F|100/100
|switch|p1b: Orthworm|Orthworm, L50, M|100/100
|switch|p2a: Politoed|Politoed, L50, F|100/100
|switch|p2b: Kingdra|Kingdra, L50, M|100/100
|-ability|p1a: Overqwil|Intimidate|boost
|-unboost|p2a: Politoed|atk|1
|-unboost|p2b: Kingdra|atk|1
|-weather|RainDance|[from] ability: Drizzle|[of] p2a: Politoed
|turn|1
|
|t:|1756852667
|switch|p2a: Incineroar|Incineroar, L50, F|100/100
|-ability|p2a: Incineroar|Intimidate|boost
|-unboost|p1a: Overqwil|atk|1
|-unboost|p1b: Orthworm|atk|1
|-terastallize|p2b: Kingdra|Stellar
|-terastallize|p1a: Overqwil|Water
|move|p1b: Orthworm|Protect|p1b: Orthworm
|-singleturn|p1b: Orthworm|Protect
|move|p2b: Kingdra|Weather Ball|p1b: Orthworm
|-activate|p1b: Orthworm|move: Protect
|move|p1a: Overqwil|Poison Jab|p2b: Kingdra
|-damage|p2b: Kingdra|69/100
|
|-weather|RainDance|[upkeep]
|upkeep
|turn|2
|
|t:|1756852705
|switch|p1a: Dragonite|Dragonite, L50, F|100/100
|move|p2a: Incineroar|Fake Out|p1a: Dragonite
|-damage|p1a: Dragonite|94/100
|move|p2b: Kingdra|Weather Ball|p1b: Orthworm
|-damage|p1b: Orthworm|0 fnt
|faint|p1b: Orthworm
|-damage|p2b: Kingdra|59/100|[from] item: Life Orb
|
|-weather|RainDance|[upkeep]
|upkeep
|
|t:|1756852719
|switch|p1b: Overqwil|Overqwil, L50, F, tera:Water|100/100
|-ability|p1b: Overqwil|Intimidate|boost
|-unboost|p2a: Incineroar|atk|1
|-unboost|p2b: Kingdra|atk|1
|turn|3
|
|t:|1756852752
|move|p1a: Dragonite|Protect|p1a: Dragonite
|-singleturn|p1a: Dragonite|Protect
|move|p2b: Kingdra|Draco Meteor|p1a: Dragonite
|-activate|p1a: Dragonite|move: Protect
|move|p1b: Overqwil|Poison Jab|p2b: Kingdra
|-damage|p2b: Kingdra|17/100
|-status|p2b: Kingdra|psn
|move|p2a: Incineroar|Parting Shot|p1b: Overqwil
|-unboost|p1b: Overqwil|atk|1
|-unboost|p1b: Overqwil|spa|1
|
|t:|1756852757
|switch|p2a: Gothitelle|Gothitelle, L50, F|100/100|[from] Parting Shot
|
|-weather|RainDance|[upkeep]
|-damage|p2b: Kingdra|5/100 psn|[from] psn
|upkeep
|turn|4
|
|t:|1756852771
|move|p2a: Gothitelle|Fake Out|p1b: Overqwil
|-damage|p1b: Overqwil|95/100
|move|p2b: Kingdra|Draco Meteor|p1a: Dragonite
|-supereffective|p1a: Dragonite
|-damage|p1a: Dragonite|0 fnt
|-unboost|p2b: Kingdra|spa|2
|faint|p1a: Dragonite
|-damage|p2b: Kingdra|0 fnt|[from] item: Life Orb
|faint|p2b: Kingdra
|cant|p1b: Overqwil|flinch
|
|-weather|RainDance|[upkeep]
|upkeep
|
|t:|1756852779
|switch|p2b: Politoed|Politoed, L50, F|100/100
|switch|p1a: Ursaluna|Ursaluna, L50, F|100/100
|turn|5
|
|t:|1756852824
|switch|p2a: Incineroar|Incineroar, L50, F|100/100
|-ability|p2a: Incineroar|Intimidate|boost
|-unboost|p1a: Ursaluna|atk|1
|-unboost|p1b: Overqwil|atk|1
|move|p2b: Politoed|Protect|p2b: Politoed
|-singleturn|p2b: Politoed|Protect
|move|p1b: Overqwil|Throat Chop|p2b: Politoed
|-activate|p2b: Politoed|move: Protect
|move|p1a: Ursaluna|Earthquake|p2a: Incineroar|[spread] p1b,p2a
|-activate|p2b: Politoed|move: Protect
|-supereffective|p2a: Incineroar
|-damage|p1b: Overqwil|68/100
|-damage|p2a: Incineroar|43/100
|
|-weather|none
|-status|p1a: Ursaluna|brn|[from] item: Flame Orb
|upkeep
|turn|6
|
|t:|1756852857
|move|p2a: Incineroar|Fake Out|p1b: Overqwil
|-damage|p1b: Overqwil|58/100
|cant|p1b: Overqwil|flinch
|move|p2b: Politoed|Perish Song|p2b: Politoed
|-start|p1a: Ursaluna|perish3|[silent]
|-start|p1b: Overqwil|perish3|[silent]
|-start|p2a: Incineroar|perish3|[silent]
|-start|p2b: Politoed|perish3|[silent]
|-fieldactivate|move: Perish Song
|move|p1a: Ursaluna|Facade|p2b: Politoed
|-damage|p2b: Politoed|20/100
|
|-heal|p2b: Politoed|26/100|[from] item: Leftovers
|-damage|p1a: Ursaluna|94/100 brn|[from] brn
|-start|p1b: Overqwil|perish3
|-start|p2b: Politoed|perish3
|-start|p1a: Ursaluna|perish3
|-start|p2a: Incineroar|perish3
|upkeep
|turn|7
|
|t:|1756852875
|move|p2b: Politoed|Protect|p2b: Politoed
|-singleturn|p2b: Politoed|Protect
|move|p2a: Incineroar|Protect|p2a: Incineroar
|-singleturn|p2a: Incineroar|Protect
|move|p1b: Overqwil|Liquidation|p2a: Incineroar
|-activate|p2a: Incineroar|move: Protect
|move|p1a: Ursaluna|Facade|p2b: Politoed
|-activate|p2b: Politoed|move: Protect
|
|-heal|p2b: Politoed|32/100|[from] item: Leftovers
|-damage|p1a: Ursaluna|88/100 brn|[from] brn
|-start|p1b: Overqwil|perish2
|-start|p2b: Politoed|perish2
|-start|p1a: Ursaluna|perish2
|-start|p2a: Incineroar|perish2
|upkeep
|turn|8
|
|t:|1756852900
|move|p1b: Overqwil|Liquidation|p2a: Incineroar
|-supereffective|p2a: Incineroar
|-damage|p2a: Incineroar|9/100
|move|p2b: Politoed|Encore|p1a: Ursaluna
|-start|p1a: Ursaluna|Encore
|move|p1a: Ursaluna|Facade|p2b: Politoed
|-damage|p2b: Politoed|0 fnt
|faint|p2b: Politoed
|move|p2a: Incineroar|Knock Off|p1b: Overqwil
|-crit|p1b: Overqwil
|-damage|p1b: Overqwil|4/100
|-enditem|p1b: Overqwil|Assault Vest|[from] move: Knock Off|[of] p2a: Incineroar
|
|-damage|p1a: Ursaluna|82/100 brn|[from] brn
|-start|p1b: Overqwil|perish1
|-start|p1a: Ursaluna|perish1
|-start|p2a: Incineroar|perish1
|upkeep
|
|t:|1756852906
|switch|p2b: Gothitelle|Gothitelle, L50, F|100/100
|turn|9
|
|t:|1756852917
|move|p2b: Gothitelle|Protect|p2b: Gothitelle
|-singleturn|p2b: Gothitelle|Protect
|move|p2a: Incineroar|Protect|p2a: Incineroar
|-singleturn|p2a: Incineroar|Protect
|move|p1b: Overqwil|Throat Chop|p2b: Gothitelle
|-activate|p2b: Gothitelle|move: Protect
|move|p1a: Ursaluna|Facade|p2b: Gothitelle
|-activate|p2b: Gothitelle|move: Protect
|
|-damage|p1a: Ursaluna|76/100 brn|[from] brn
|-start|p1b: Overqwil|perish0
|-start|p1a: Ursaluna|perish0
|-start|p2a: Incineroar|perish0
|faint|p1b: Overqwil
|faint|p1a: Ursaluna
|faint|p2a: Incineroar
|
|win|Welosethose!
|inactive|wester7 has 30 seconds to confirm battle start!
|inactive|Welosethose! has 30 seconds to confirm battle start!
||wester7 is ready for game 3.
||Welosethose! is ready for game 3.
|uhtml|next|Next: Game 3 of 3
