|j|☆x-demon18
|j|☆C.blaze
|html|x-demon18C.blaze    
|uhtml|bestof|Game 1 of a best-of-3
|t:|1784168358
|gametype|doubles
|player|p1|x-demon18|lucas|1168
|player|p2|C.blaze|170|1119
|gen|9
|tier|[Gen 9 Champions] VGC 2026 Reg M-B (Bo3)
|rated|
|rule|Species Clause: Limit one of each Pokémon
|rule|Item Clause: Limit 1 of each item
|clearpoke
|poke|p1|Incineroar, L50, M|
|poke|p1|Rotom-Wash, L50|
|poke|p1|Venusaur, L50, F|
|poke|p1|Garchomp, L50, M|
|poke|p1|Corviknight, L50, F|
|poke|p1|Sylveon, L50, F|
|poke|p2|Mawile, L50, M|
|poke|p2|Hydreigon, L50, F|
|poke|p2|Oranguru, L50, M|
|poke|p2|Rotom-Wash, L50|
|poke|p2|Sylveon, L50, M|
|poke|p2|Talonflame, L50, F|
|teampreview|4
|showteam|p1|Incineroar||ExpertBelt|Intimidate|FakeOut,TemperFlare,ThroatChop,PartingShot|Adamant||M|||50|]Rotom-Wash||SitrusBerry|Levitate|HydroPump,Electroweb,WillOWisp,VoltSwitch|Calm|||||50|]Venusaur||Venusaurite|Chlorophyll|GigaDrain,SludgeBomb,EarthPower,Protect|Modest||F|||50|]Garchomp||LifeOrb|RoughSkin|RockSlide,DragonClaw,StompingTantrum,Protect|Jolly||M|||50|]Corviknight||OccaBerry|MirrorArmor|Tailwind,BraveBird,IronHead,BodyPress|Careful||F|||50|]Sylveon||FairyFeather|Pixilate|HyperVoice,QuickAttack,Yawn,Detect|Modest||F|||50|
|showteam|p2|Mawile||Mawilite|Intimidate|PlayRough,IronHead,Protect,RockSlide|Brave||M|||50|]Hydreigon||HabanBerry|Levitate|DracoMeteor,DarkPulse,Protect,Snarl|Timid||F|||50|]Oranguru||MentalHerb|InnerFocus|Psychic,Encore,Instruct,TrickRoom|Sassy||M|||50|]Rotom-Wash||SitrusBerry|Levitate|Thunderbolt,HydroPump,Protect,WillOWisp|Timid|||||50|]Sylveon||FairyFeather|Pixilate|HyperVoice,HyperBeam,Protect,MysticalFire|Modest||M|||50|]Talonflame||SharpBeak|GaleWings|DualWingbeat,FlareBlitz,Protect,Tailwind|Jolly||F|||50|
|inactive|Battle timer is ON: inactive players will automatically lose when time's up. (requested by C.blaze)
|inactive|x-demon18 has 60 seconds left.
|
|t:|1784168479
|teamsize|p1|4
|teamsize|p2|4
|start
|switch|p1a: Wolverine|Incineroar, L50, M|100/100
|switch|p1b: Yggdrasil|Venusaur, L50, F|100/100
|switch|p2a: Oranguru|Oranguru, L50, M|100/100
|switch|p2b: Sylveon|Sylveon, L50, M|100/100
|-ability|p1a: Wolverine|Intimidate|boost
|-fail|p2a: Oranguru|unboost|Attack|[from] ability: Inner Focus|[of] p2a: Oranguru
|-unboost|p2b: Sylveon|atk|1
|turn|1
|inactive|C.blaze has 30 seconds left.
|inactive|C.blaze has 20 seconds left.
|
|t:|1784168516
|switch|p2b: Mawile|Mawile, L50, M|100/100
|-ability|p2b: Mawile|Intimidate|boost
|-unboost|p1a: Wolverine|atk|1
|-unboost|p1b: Yggdrasil|atk|1
|detailschange|p1b: Yggdrasil|Venusaur-Mega, L50, F
|-mega|p1b: Yggdrasil|Venusaur|Venusaurite
|move|p1b: Yggdrasil|Sludge Bomb|p2b: Mawile
|-immune|p2b: Mawile
|move|p1a: Wolverine|Throat Chop|p2a: Oranguru
|-supereffective|p2a: Oranguru|1
|-damage|p2a: Oranguru|30/100
|-start|p2a: Oranguru|Throat Chop|[silent]
|move|p2a: Oranguru|Trick Room|p2a: Oranguru
|-fieldstart|move: Trick Room|[of] p2a: Oranguru
|
|upkeep
|turn|2
|inactive|x-demon18 has 30 seconds left.
|inactive|x-demon18 has 20 seconds left.
|
|t:|1784168551
|detailschange|p2b: Mawile|Mawile-Mega, L50, M
|-mega|p2b: Mawile|Mawile|Mawilite
|move|p1b: Yggdrasil|Protect|p1b: Yggdrasil
|-singleturn|p1b: Yggdrasil|Protect
|move|p2b: Mawile|Play Rough|p1a: Wolverine
|-damage|p1a: Wolverine|18/100
|-unboost|p1a: Wolverine|atk|1
|move|p2a: Oranguru|Instruct|p2b: Mawile
|-singleturn|p2b: Mawile|move: Instruct|[of] p2a: Oranguru
|move|p2b: Mawile|Play Rough|p1a: Wolverine
|-damage|p1a: Wolverine|0 fnt
|faint|p1a: Wolverine
|
|-end|p2a: Oranguru|Throat Chop|[silent]
|upkeep
|
|t:|1784168571
|switch|p1a: Berserk|Garchomp, L50, M|100/100
|turn|3
|
|t:|1784168579
|move|p2b: Mawile|Play Rough|p1a: Berserk
|-supereffective|p1a: Berserk|1
|-damage|p1a: Berserk|0 fnt
|-damage|p2b: Mawile|87/100|[from] ability: Rough Skin|[of] p1a: Berserk
|faint|p1a: Berserk
|move|p2a: Oranguru|Encore|p1b: Yggdrasil
|-start|p1b: Yggdrasil|Encore
|move|p1b: Yggdrasil|Protect|p1b: Yggdrasil
|-singleturn|p1b: Yggdrasil|Protect
|
|upkeep
|
|t:|1784168590
|switch|p1a: Frieren|Sylveon, L50, F|100/100
|turn|4
|
|t:|1784168595
|move|p1b: Yggdrasil|Protect||[still]
|-fail|p1b: Yggdrasil
|move|p2b: Mawile|Iron Head|p1a: Frieren
|-supereffective|p1a: Frieren|1
|-damage|p1a: Frieren|0 fnt
|faint|p1a: Frieren
|move|p2a: Oranguru|Psychic|p1b: Yggdrasil
|-supereffective|p1b: Yggdrasil|1
|-damage|p1b: Yggdrasil|54/100
|
|upkeep
|turn|5
|
|t:|1784168606
|move|p1b: Yggdrasil|Protect|p1b: Yggdrasil
|-singleturn|p1b: Yggdrasil|Protect
|move|p2b: Mawile|Iron Head|p1b: Yggdrasil
|-activate|p1b: Yggdrasil|move: Protect
|move|p2a: Oranguru|Psychic|p1b: Yggdrasil
|-activate|p1b: Yggdrasil|move: Protect
|
|-end|p1b: Yggdrasil|Encore
|-fieldend|move: Trick Room
|upkeep
|turn|6
|
|t:|1784168618
|move|p1b: Yggdrasil|Giga Drain|p2a: Oranguru
|-damage|p2a: Oranguru|7/100
|-heal|p1b: Yggdrasil|67/100|[from] drain|[of] p2a: Oranguru
|move|p2b: Mawile|Iron Head|p1b: Yggdrasil
|-damage|p1b: Yggdrasil|0 fnt
|faint|p1b: Yggdrasil
|
|win|C.blaze
