|j|☆SlobCat47
|j|☆MasterSkillsalt
|html|SlobCat47MasterSkillsalt    
|uhtml|bestof|Game 2 of a best-of-3
|t:|1784506573
|gametype|doubles
|player|p1|SlobCat47|170|
|player|p2|MasterSkillsalt|265|
|gen|9
|tier|[Gen 9 Champions] VGC 2026 Reg M-B (Bo3)
|rule|Species Clause: Limit one of each Pokémon
|rule|Item Clause: Limit 1 of each item
|clearpoke
|poke|p1|Garchomp, L50, F|
|poke|p1|Lucario, L50, M|
|poke|p1|Manectric, L50, F|
|poke|p1|Ninetales-Alola, L50, M|
|poke|p1|Serperior, L50, M|
|poke|p1|Staraptor, L50, F|
|poke|p2|Gholdengo, L50|
|poke|p2|Archaludon, L50, F|
|poke|p2|Starmie, L50|
|poke|p2|Liepard, L50, M|
|poke|p2|Politoed, L50, F|
|poke|p2|Tyrantrum, L50, F|
|teampreview|4
|showteam|p1|Garchomp||LifeOrb|RoughSkin|Earthquake,Protect,DragonClaw,DragonTail|Jolly||F|||50|]Lucario||Lucarionite|InnerFocus|Detect,FlashCannon,AuraSphere,VacuumWave|Timid||M|||50|]Manectric||Manectite|Static|Protect,Thunder,Flamethrower,VoltSwitch|Timid||F|||50|]Ninetales-Alola||FocusSash|SnowWarning|AuroraVeil,FreezeDry,Protect,Moonblast|Timid||M|||50|]Serperior||ChoiceScarf|Contrary|KnockOff,LeafStorm,GigaDrain,Protect|Modest||M|||50|]Staraptor||Staraptite|Intimidate|CloseCombat,Protect,BraveBird,Uturn|Jolly||F|||50|
|showteam|p2|Gholdengo||LifeOrb|GoodasGold|MakeItRain,NastyPlot,ShadowBall,Protect|Modest|||||50|]Archaludon||Leftovers|Stamina|FlashCannon,ElectroShot,DracoMeteor,Protect|Modest||F|||50|]Starmie||Starminite|NaturalCure|Liquidation,AquaJet,IceSpinner,Protect|Modest|||||50|]Liepard||FocusSash|Prankster|Encore,Charm,FakeOut,KnockOff|Jolly||M|||50|]Politoed||SitrusBerry|Drizzle|WeatherBall,PerishSong,Protect,IcyWind|Bold||F|||50|]Tyrantrum||HardStone|RockHead|DragonClaw,HeadSmash,IronDefense,Protect|Adamant||F|||50|
|j| applejuice1738
|j| NewTrainaOnDaBlock
|
|t:|1784506640
|teamsize|p1|4
|teamsize|p2|4
|start
|switch|p1a: Big Bite|Garchomp, L50, F|100/100
|switch|p1b: Roof|Manectric, L50, F|100/100
|switch|p2a: Liepard|Liepard, L50, M|100/100
|switch|p2b: zoroak 2|Gholdengo, L50|100/100
|turn|1
|
|t:|1784506683
|switch|p2b: zoroak 1|Politoed, L50, F|100/100
|-weather|RainDance|[from] ability: Drizzle|[of] p2b: zoroak 1
|move|p1b: Roof|Protect|p1b: Roof
|-singleturn|p1b: Roof|Protect
|move|p2a: Liepard|Charm|p1a: Big Bite
|-unboost|p1a: Big Bite|atk|2
|move|p1a: Big Bite|Earthquake|p2b: zoroak 1|[spread] p2a,p2b
|-activate|p1b: Roof|move: Protect
|-damage|p2a: Liepard|43/100
|-damage|p2b: zoroak 1|80/100
|-damage|p1a: Big Bite|90/100|[from] item: Life Orb
|
|-weather|RainDance|[upkeep]
|upkeep
|turn|2
|
|t:|1784506708
|move|p2a: Liepard|Encore|p1b: Roof
|-start|p1b: Roof|Encore
|move|p1b: Roof|Protect|p1b: Roof
|-singleturn|p1b: Roof|Protect
|move|p2b: zoroak 1|Icy Wind|p1b: Roof|[spread] p1a
|-activate|p1b: Roof|move: Protect
|-supereffective|p1a: Big Bite|2
|-damage|p1a: Big Bite|51/100
|-unboost|p1a: Big Bite|spe|1
|move|p1a: Big Bite|Dragon Tail|p2a: Liepard
|-damage|p2a: Liepard|2/100
|-damage|p1a: Big Bite|41/100|[from] item: Life Orb
|drag|p2a: the second tower|Archaludon, L50, F|100/100
|
|-weather|RainDance|[upkeep]
|upkeep
|turn|3
|
|t:|1784506784
|detailschange|p1b: Roof|Manectric-Mega, L50, F
|-mega|p1b: Roof|Manectric|Manectite
|-ability|p1b: Roof|Intimidate|boost
|-unboost|p2a: the second tower|atk|1
|-unboost|p2b: zoroak 1|atk|1
|move|p1b: Roof|Protect||[still]
|-fail|p1b: Roof
|move|p1a: Big Bite|Earthquake|p2b: zoroak 1|[spread] p1b,p2a,p2b
|-supereffective|p1b: Roof|1
|-supereffective|p2a: the second tower|1
|-damage|p1b: Roof|31/100
|-damage|p2a: the second tower|60/100
|-damage|p2b: zoroak 1|60/100
|-ability|p2a: the second tower|Stamina|boost
|-boost|p2a: the second tower|def|1
|-damage|p1a: Big Bite|31/100|[from] item: Life Orb
|move|p2a: the second tower|Electro Shot||[still]
|-prepare|p2a: the second tower|Electro Shot
|-boost|p2a: the second tower|spa|1
|-anim|p2a: the second tower|Electro Shot|p1b: Roof
|-resisted|p1b: Roof|1
|-damage|p1b: Roof|0 fnt
|faint|p1b: Roof
|move|p2b: zoroak 1|Icy Wind|p1a: Big Bite
|-supereffective|p1a: Big Bite|2
|-damage|p1a: Big Bite|0 fnt
|faint|p1a: Big Bite
|
|-weather|RainDance|[upkeep]
|-heal|p2a: the second tower|66/100|[from] item: Leftovers
|upkeep
|
|t:|1784506809
|switch|p1b: Dog w/ da Butta|Ninetales-Alola, L50, M|100/100
|switch|p1a: Punchy Boi|Lucario, L50, M|100/100
|-weather|Snowscape|[from] ability: Snow Warning|[of] p1b: Dog w/ da Butta
|turn|4
|
|t:|1784506830
|move|p2a: the second tower|Protect|p2a: the second tower
|-singleturn|p2a: the second tower|Protect
|move|p1b: Dog w/ da Butta|Aurora Veil|p1b: Dog w/ da Butta
|-sidestart|p1: SlobCat47|move: Aurora Veil
|move|p1a: Punchy Boi|Aura Sphere|p2a: the second tower
|-activate|p2a: the second tower|move: Protect
|move|p2b: zoroak 1|Perish Song|p2b: zoroak 1
|-start|p1a: Punchy Boi|perish3|[silent]
|-start|p1b: Dog w/ da Butta|perish3|[silent]
|-start|p2a: the second tower|perish3|[silent]
|-start|p2b: zoroak 1|perish3|[silent]
|-fieldactivate|move: Perish Song
|
|-weather|Snowscape|[upkeep]
|-heal|p2a: the second tower|72/100|[from] item: Leftovers
|-start|p1b: Dog w/ da Butta|perish3
|-start|p1a: Punchy Boi|perish3
|-start|p2a: the second tower|perish3
|-start|p2b: zoroak 1|perish3
|upkeep
|turn|5
|
|t:|1784506851
|move|p2b: zoroak 1|Protect|p2b: zoroak 1
|-singleturn|p2b: zoroak 1|Protect
|move|p1b: Dog w/ da Butta|Freeze-Dry|p2b: zoroak 1
|-activate|p2b: zoroak 1|move: Protect
|move|p1a: Punchy Boi|Aura Sphere|p2a: the second tower
|-supereffective|p2a: the second tower|1
|-damage|p2a: the second tower|0 fnt
|faint|p2a: the second tower
|
|-weather|Snowscape|[upkeep]
|-start|p1b: Dog w/ da Butta|perish2
|-start|p1a: Punchy Boi|perish2
|-start|p2b: zoroak 1|perish2
|upkeep
|
|t:|1784506865
|switch|p2a: Liepard|Liepard, L50, M|2/100
|turn|6
|
|t:|1784506885
|move|p2b: zoroak 1|Protect|p2b: zoroak 1
|-singleturn|p2b: zoroak 1|Protect
|move|p2a: Liepard|Fake Out|p1b: Dog w/ da Butta
|-damage|p1b: Dog w/ da Butta|92/100
|move|p1a: Punchy Boi|Vacuum Wave|p2a: Liepard
|-supereffective|p2a: Liepard|1
|-damage|p2a: Liepard|0 fnt
|faint|p2a: Liepard
|cant|p1b: Dog w/ da Butta|flinch
|
|-weather|Snowscape|[upkeep]
|-start|p1b: Dog w/ da Butta|perish1
|-start|p1a: Punchy Boi|perish1
|-start|p2b: zoroak 1|perish1
|upkeep
|
|t:|1784506898
|switch|p2a: zoroak 2|Gholdengo, L50|100/100
|turn|7
|
|t:|1784506916
|move|p1a: Punchy Boi|Detect|p1a: Punchy Boi
|-singleturn|p1a: Punchy Boi|Protect
|move|p2a: zoroak 2|Protect|p2a: zoroak 2
|-singleturn|p2a: zoroak 2|Protect
|move|p2b: zoroak 1|Protect||[still]
|-fail|p2b: zoroak 1
|move|p1b: Dog w/ da Butta|Freeze-Dry|p2b: zoroak 1
|-supereffective|p2b: zoroak 1|1
|-damage|p2b: zoroak 1|10/100
|-enditem|p2b: zoroak 1|Sitrus Berry|[eat]
|-heal|p2b: zoroak 1|35/100|[from] item: Sitrus Berry
|
|-weather|Snowscape|[upkeep]
|-start|p1b: Dog w/ da Butta|perish0
|-start|p1a: Punchy Boi|perish0
|-start|p2b: zoroak 1|perish0
|faint|p1b: Dog w/ da Butta
|faint|p1a: Punchy Boi
|faint|p2b: zoroak 1
|
|win|MasterSkillsalt
|inactive|SlobCat47 has 30 seconds to confirm battle start!
|inactive|MasterSkillsalt has 30 seconds to confirm battle start!
