|j|☆KodeBeast0526
|j|☆IceyMochi
|html|KodeBeast0526IceyMochi    
|uhtml|bestof|Game 3 of a best-of-3
|t:|1784397468
|gametype|doubles
|player|p1|KodeBeast0526|sailor|1213
|player|p2|IceyMochi|caitlin|1204
|gen|9
|tier|[Gen 9 Champions] VGC 2026 Reg M-B (Bo3)
|rated|
|rule|Species Clause: Limit one of each Pokémon
|rule|Item Clause: Limit 1 of each item
|clearpoke
|poke|p1|Aerodactyl, L50, M, shiny|
|poke|p1|Kingambit, L50, M, shiny|
|poke|p1|Sylveon, L50, M, shiny|
|poke|p1|Garchomp, L50, M, shiny|
|poke|p1|Charizard, L50, M, shiny|
|poke|p1|Farigiraf, L50, M, shiny|
|poke|p2|Froslass, L50, F|
|poke|p2|Farigiraf, L50, M|
|poke|p2|Armarouge, L50, M|
|poke|p2|Whimsicott, L50, M|
|poke|p2|Kingambit, L50, M|
|poke|p2|Basculegion, L50, M|
|teampreview|4
|showteam|p1|Aerodactyl||Aerodactylite|Unnerve|RockSlide,IceFang,Tailwind,WideGuard|Jolly||M|||50|]Kingambit||FocusSash|Defiant|KowtowCleave,SuckerPunch,IronHead,LowKick|Adamant||M|||50|]Sylveon||FairyFeather|Pixilate|Detect,HyperVoice,HyperBeam,QuickAttack|Modest||M|||50|]Garchomp||ChoiceScarf|RoughSkin|Earthquake,DragonClaw,StompingTantrum,StoneEdge|Jolly||M|||50|]Charizard||CharizarditeY|Blaze|Protect,HeatWave,SolarBeam,WeatherBall|Modest||M|||50|]Farigiraf||SitrusBerry|ArmorTail|Thunderbolt,PsychicNoise,TrickRoom,HelpingHand|Bold||M|||50|
|showteam|p2|Froslass||Froslassite|CursedBody|NastyPlot,Protect,Blizzard,ShadowBall|Timid||F|||50|]Farigiraf||SitrusBerry|ArmorTail|TrickRoom,AllySwitch,TwinBeam,Protect|Relaxed||M|||50|]Armarouge||ColburBerry|FlashFire|HeatWave,EnergyBall,Psychic,WideGuard|Quiet||M|||50|]Whimsicott||FocusSash|Prankster|Moonblast,Tailwind,Encore,Protect|Modest||M|||50|]Kingambit||BlackGlasses|Defiant|SwordsDance,KowtowCleave,IronHead,LowKick|Adamant||M|||50|]Basculegion||MysticWater|Adaptability|WaveCrash,LastRespects,AquaJet,Protect|Adamant||M|||50|
|
|t:|1784397485
|teamsize|p1|4
|teamsize|p2|4
|start
|switch|p1a: Charizard|Charizard, L50, M, shiny|100/100
|switch|p1b: Sylveon|Sylveon, L50, M, shiny|100/100
|switch|p2a: Farigiraf|Farigiraf, L50, M|100/100
|switch|p2b: Armarouge|Armarouge, L50, M|100/100
|turn|1
|
|t:|1784397507
|detailschange|p1a: Charizard|Charizard-Mega-Y, L50, M, shiny
|-mega|p1a: Charizard|Charizard|Charizardite Y
|-weather|SunnyDay|[from] ability: Drought|[of] p1a: Charizard
|move|p1a: Charizard|Weather Ball|p2b: Armarouge
|-start|p2b: Armarouge|ability: Flash Fire
|move|p1b: Sylveon|Hyper Beam|p2b: Armarouge
|-resisted|p2b: Armarouge|1
|-damage|p2b: Armarouge|45/100
|-mustrecharge|p1b: Sylveon
|move|p2b: Armarouge|Psychic|p1a: Charizard
|-damage|p1a: Charizard|55/100
|move|p2a: Farigiraf|Trick Room|p2a: Farigiraf
|-fieldstart|move: Trick Room|[of] p2a: Farigiraf
|
|-weather|SunnyDay|[upkeep]
|upkeep
|turn|2
|
|t:|1784397518
|switch|p1a: Kingambit|Kingambit, L50, M, shiny|100/100
|move|p2a: Farigiraf|Twin Beam|p1a: Kingambit
|-immune|p1a: Kingambit
|move|p2b: Armarouge|Heat Wave|p1a: Kingambit|[spread] p1b
|-miss|p2b: Armarouge|p1a: Kingambit
|-damage|p1b: Sylveon|29/100
|cant|p1b: Sylveon|recharge
|
|-weather|SunnyDay|[upkeep]
|upkeep
|turn|3
|
|t:|1784397530
|move|p2a: Farigiraf|Ally Switch|p2a: Farigiraf
|swap|p2a: Farigiraf|1|[from] move: Ally Switch
|move|p2a: Armarouge|Heat Wave|p1a: Kingambit|[spread] p1a,p1b
|-supereffective|p1a: Kingambit|1
|-enditem|p1a: Kingambit|Focus Sash
|-damage|p1a: Kingambit|1/100
|-damage|p1b: Sylveon|0 fnt
|faint|p1b: Sylveon
|move|p1a: Kingambit|Kowtow Cleave|p2a: Armarouge
|-supereffective|p2a: Armarouge|1
|-enditem|p2a: Armarouge|Colbur Berry|[eat]
|-enditem|p2a: Armarouge|Colbur Berry|[weaken]
|-damage|p2a: Armarouge|0 fnt
|faint|p2a: Armarouge
|
|-weather|SunnyDay|[upkeep]
|upkeep
|c|☆IceyMochi|ofc brah
|
|t:|1784397540
|switch|p2a: Basculegion|Basculegion, L50, M|100/100
|switch|p1b: Charizard|Charizard-Mega-Y, L50, M, shiny|55/100
|turn|4
|
|t:|1784397550
|move|p2a: Basculegion|Aqua Jet|p1a: Kingambit
|-damage|p1a: Kingambit|0 fnt
|faint|p1a: Kingambit
|move|p2b: Farigiraf|Twin Beam|p1b: Charizard
|-damage|p1b: Charizard|41/100
|-damage|p1b: Charizard|27/100
|-hitcount|p1b: Charizard|2
|move|p1b: Charizard|Solar Beam||[still]
|-prepare|p1b: Charizard|Solar Beam
|-anim|p1b: Charizard|Solar Beam|p2a: Basculegion
|-supereffective|p2a: Basculegion|1
|-damage|p2a: Basculegion|6/100
|
|-weather|SunnyDay|[upkeep]
|upkeep
|
|t:|1784397553
|switch|p1a: Garchomp|Garchomp, L50, M, shiny|100/100
|turn|5
|
|t:|1784397580
|move|p2b: Farigiraf|Protect|p2b: Farigiraf
|-singleturn|p2b: Farigiraf|Protect
|move|p2a: Basculegion|Aqua Jet|p1b: Charizard
|-supereffective|p1b: Charizard|1
|-damage|p1b: Charizard|0 fnt
|faint|p1b: Charizard
|move|p1a: Garchomp|Stone Edge|p2b: Farigiraf
|-activate|p2b: Farigiraf|move: Protect
|
|-weather|none
|-fieldend|move: Trick Room
|upkeep
|turn|6
|
|t:|1784397591
|move|p1a: Garchomp|Stone Edge|p2a: Basculegion
|-damage|p2a: Basculegion|0 fnt
|faint|p2a: Basculegion
|move|p2b: Farigiraf|Trick Room|p2b: Farigiraf
|-fieldstart|move: Trick Room|[of] p2b: Farigiraf
|
|upkeep
|
|t:|1784397593
|switch|p2a: Froslass|Froslass, L50, F|100/100
|turn|7
|
|t:|1784397599
|detailschange|p2a: Froslass|Froslass-Mega, L50, F
|-mega|p2a: Froslass|Froslass|Froslassite
|-weather|Snowscape|[from] ability: Snow Warning|[of] p2a: Froslass
|move|p2b: Farigiraf|Twin Beam|p1a: Garchomp
|-damage|p1a: Garchomp|83/100
|-damage|p1a: Garchomp|67/100
|-hitcount|p1a: Garchomp|2
|move|p2a: Froslass|Blizzard|p1a: Garchomp
|-supereffective|p1a: Garchomp|2
|-damage|p1a: Garchomp|0 fnt
|faint|p1a: Garchomp
|
|win|IceyMochi
|raw|KodeBeast0526's rating: 1213 → 1187(-26 for losing)
|raw|IceyMochi's rating: 1204 → 1230(+26 for winning)
|c|☆IceyMochi|gg
|l|☆IceyMochi
|player|p2|
|c|☆KodeBeast0526|LOL you complained then won LMAO gg
