|j|☆dogwitdaglasses
|j|☆spearow's nest
|html|dogwitdaglassesspearow's nest    
|uhtml|bestof|Game 2 of a best-of-3
|t:|1756670848
|gametype|doubles
|player|p1|dogwitdaglasses|guzma|
|player|p2|spearow's nest|lance|
|gen|9
|tier|[Gen 9] VGC 2025 Reg H (Bo3)
|rule|Species Clause: Limit one of each Pokémon
|rule|Item Clause: Limit 1 of each item
|clearpoke
|poke|p1|Rillaboom, L50, F|
|poke|p1|Dragonite, L50, F|
|poke|p1|Sneasler, L50, M|
|poke|p1|Ninetales-Alola, L50, M|
|poke|p1|Kingambit, L50, M|
|poke|p1|Magmar, L50, M|
|poke|p2|Dragonite, L50, M|
|poke|p2|Gholdengo, L50|
|poke|p2|Rillaboom, L50, M|
|poke|p2|Ursaluna-Bloodmoon, L50, M|
|poke|p2|Maushold-Four, L50|
|poke|p2|Annihilape, L50, M|
|teampreview|4
|showteam|p1|Rillaboom||AssaultVest|GrassySurge|WoodHammer,GrassyGlide,HighHorsepower,FakeOut|||F|||50|,,,,,Fire]Dragonite||LoadedDice|Multiscale|Protect,ScaleShot,LowKick,Haze|||F|||50|,,,,,Fairy]Sneasler||WhiteHerb|Unburden|Protect,DireClaw,CloseCombat,Coaching|||M|||50|,,,,,Ghost]Ninetales-Alola||ChoiceSpecs|SnowWarning|Blizzard,IcyWind,Moonblast,FreezeDry|||M|||50|,,,,,Ghost]Kingambit||SafetyGoggles|Defiant|Protect,KowtowCleave,SuckerPunch,SwordsDance|||M|||50|,,,,,Dark]Magmar||Eviolite|VitalSpirit|Protect,FollowMe,Overheat,WillOWisp|||M|||50|,,,,,Ghost
|showteam|p2|Dragonite||LoadedDice|Multiscale|Tailwind,Haze,Protect,ScaleShot|||M|||50|,,,,,Fairy]Gholdengo||LifeOrb|GoodasGold|MakeItRain,ShadowBall,NastyPlot,Protect||||||50|,,,,,Water]Rillaboom||MiracleSeed|GrassySurge|WoodHammer,GrassyGlide,FakeOut,HighHorsepower|||M|||50|,,,,,Fire]Ursaluna-Bloodmoon||AssaultVest|MindsEye|BloodMoon,HyperVoice,EarthPower,VacuumWave|||M|||50|,,,,,Water]Maushold-Four||FocusSash|FriendGuard|SuperFang,FollowMe,BeatUp,Protect||||||50|,,,,,Ghost]Annihilape||SitrusBerry|Defiant|RageFist,DrainPunch,BulkUp,Protect|||M|||50|,,,,,Fire
|
|t:|1756670901
|teamsize|p1|4
|teamsize|p2|4
|start
|switch|p1a: Mogmar|Magmar, L50, M, shiny|100/100
|switch|p1b: Kingambling|Kingambit, L50, M, shiny|100/100
|switch|p2a: Maushold|Maushold-Four, L50|100/100
|switch|p2b: Annihilape|Annihilape, L50, M|100/100
|turn|1
|
|t:|1756670997
|move|p2a: Maushold|Super Fang|p1a: Mogmar
|-damage|p1a: Mogmar|50/100
|move|p2b: Annihilape|Bulk Up|p2b: Annihilape
|-boost|p2b: Annihilape|atk|1
|-boost|p2b: Annihilape|def|1
|move|p1a: Mogmar|Overheat|p2a: Maushold
|-damage|p2a: Maushold|44/100
|-unboost|p1a: Mogmar|spa|2
|move|p1b: Kingambling|Swords Dance|p1b: Kingambling
|-boost|p1b: Kingambling|atk|2
|
|upkeep
|turn|2
|
|t:|1756671023
|-terastallize|p2b: Annihilape|Fire
|move|p1a: Mogmar|Follow Me|p1a: Mogmar
|-singleturn|p1a: Mogmar|move: Follow Me
|move|p2a: Maushold|Beat Up|p1a: Mogmar
|-damage|p1a: Mogmar|49/100
|-damage|p1a: Mogmar|46/100
|-damage|p1a: Mogmar|44/100
|-damage|p1a: Mogmar|42/100
|-hitcount|p1a: Mogmar|4
|move|p2b: Annihilape|Rage Fist|p1a: Mogmar
|-damage|p1a: Mogmar|14/100
|move|p1b: Kingambling|Kowtow Cleave|p2b: Annihilape
|-damage|p2b: Annihilape|46/100
|-enditem|p2b: Annihilape|Sitrus Berry|[eat]
|-heal|p2b: Annihilape|71/100|[from] item: Sitrus Berry
|
|upkeep
|turn|3
|
|t:|1756671046
|switch|p2a: Ursaluna|Ursaluna-Bloodmoon, L50, M|100/100
|-terastallize|p1b: Kingambling|Dark
|move|p1a: Mogmar|Follow Me|p1a: Mogmar
|-singleturn|p1a: Mogmar|move: Follow Me
|move|p2b: Annihilape|Drain Punch|p1a: Mogmar
|-damage|p1a: Mogmar|0 fnt
|-heal|p2b: Annihilape|77/100|[from] drain|[of] p1a: Mogmar
|faint|p1a: Mogmar
|move|p1b: Kingambling|Kowtow Cleave|p2b: Annihilape
|-damage|p2b: Annihilape|0 fnt
|faint|p2b: Annihilape
|
|upkeep
|
|t:|1756671063
|switch|p2b: Maushold|Maushold-Four, L50|44/100
|switch|p1a: Hi peli|Ninetales-Alola, L50, M, shiny|100/100
|-weather|Snowscape|[from] ability: Snow Warning|[of] p1a: Hi peli
|turn|4
|
|t:|1756671081
|move|p1b: Kingambling|Protect|p1b: Kingambling
|-singleturn|p1b: Kingambling|Protect
|move|p2b: Maushold|Super Fang|p1a: Hi peli|[miss]
|-miss|p2b: Maushold|p1a: Hi peli
|move|p1a: Hi peli|Icy Wind|p2b: Maushold|[spread] p2a,p2b
|-supereffective|p2a: Ursaluna
|-damage|p2a: Ursaluna|79/100
|-damage|p2b: Maushold|14/100
|-unboost|p2a: Ursaluna|spe|1
|-unboost|p2b: Maushold|spe|1
|move|p2a: Ursaluna|Hyper Voice|p1b: Kingambling|[spread] p1a
|-activate|p1b: Kingambling|move: Protect
|-damage|p1a: Hi peli|59/100
|
|-weather|Snowscape|[upkeep]
|upkeep
|turn|5
|
|t:|1756671099
|move|p2b: Maushold|Follow Me|p2b: Maushold
|-singleturn|p2b: Maushold|move: Follow Me
|move|p1a: Hi peli|Icy Wind|p2b: Maushold|[spread] p2a,p2b
|-supereffective|p2a: Ursaluna
|-damage|p2a: Ursaluna|57/100
|-damage|p2b: Maushold|0 fnt
|-unboost|p2a: Ursaluna|spe|1
|faint|p2b: Maushold
|move|p1b: Kingambling|Kowtow Cleave|p2a: Ursaluna
|-damage|p2a: Ursaluna|0 fnt
|faint|p2a: Ursaluna
|
|-weather|Snowscape|[upkeep]
|upkeep
|
|t:|1756671112
|switch|p2b: Gholdengo|Gholdengo, L50|100/100
|turn|6
|
|t:|1756671121
|move|p1b: Kingambling|Sucker Punch|p2b: Gholdengo
|-supereffective|p2b: Gholdengo
|-damage|p2b: Gholdengo|0 fnt
|faint|p2b: Gholdengo
|
|win|dogwitdaglasses
