|j|☆sergio23perez
|j|☆cocacolaindahhouse
|html|sergio23perezcocacolaindahhouse    
|uhtml|bestof|Game 1 of a best-of-3
|t:|1756892980
|gametype|doubles
|player|p1|sergio23perez|169|1277
|player|p2|cocacolaindahhouse|170|1506
|gen|9
|tier|[Gen 9] VGC 2025 Reg H (Bo3)
|rated|
|rule|Species Clause: Limit one of each Pokémon
|rule|Item Clause: Limit 1 of each item
|clearpoke
|poke|p1|Jumpluff, L50, M|
|poke|p1|Charizard, L50, M|
|poke|p1|Porygon2, L50|
|poke|p1|Torkoal, L50, F|
|poke|p1|Incineroar, L50, F|
|poke|p1|Ursaluna, L50, M|
|poke|p2|Ursaluna, L50, M|
|poke|p2|Dragonite, L50, M|
|poke|p2|Archaludon, L50, M|
|poke|p2|Sinistcha, L50|
|poke|p2|Pelipper, L50, M|
|poke|p2|Gholdengo, L50|
|teampreview|4
|showteam|p1|Jumpluff||CovertCloak|Chlorophyll|SleepPowder,SunnyDay,Tailwind,RagePowder|||M|||50|,,,,,Water]Charizard||ChoiceSpecs|SolarPower|AirSlash,HeatWave,Overheat,WeatherBall|||M|||50|,,,,,Ghost]Porygon2||Eviolite|Download|TeraBlast,IceBeam,Recover,TrickRoom||||||50|,,,,,Fighting]Torkoal||EjectPack|Drought|HelpingHand,Eruption,Overheat,Protect|||F|||50|,,,,,Fire]Incineroar||SafetyGoggles|Intimidate|FakeOut,PartingShot,FlareBlitz,KnockOff|||F|||50|,,,,,Ghost]Ursaluna||FlameOrb|Guts|HeadlongRush,Facade,Earthquake,Protect|||M|||50|,,,,,Ghost
|showteam|p2|Ursaluna||FlameOrb|Guts|Facade,Protect,HeadlongRush,Earthquake|||M|||50|,,,,,Ghost]Dragonite||LoadedDice|Multiscale|ScaleShot,Protect,Haze,Tailwind|||M|||50|,,,,,Fairy]Archaludon||AssaultVest|Stamina|FlashCannon,BodyPress,ElectroShot,Snarl|||M|||50|,,,,,Fighting]Sinistcha||SitrusBerry|Hospitality|LifeDew,MatchaGotcha,TrickRoom,RagePowder||||||50|,,,,,Dark]Pelipper||FocusSash|Drizzle|Hurricane,Tailwind,MuddyWater,Protect|||M|||50|,,,,,Ghost]Gholdengo||ChoiceScarf|GoodasGold|MakeItRain,ShadowBall,Trick,TeraBlast||||||50|,,,,,Water
|inactive|Battle timer is ON: inactive players will automatically lose when time's up. (requested by sergio23perez)
|inactive|cocacolaindahhouse has 60 seconds left.
|inactive|cocacolaindahhouse has 30 seconds left.
|inactive|cocacolaindahhouse has 20 seconds left.
|inactive|cocacolaindahhouse has 15 seconds left.
|inactive|cocacolaindahhouse has 10 seconds left.
|
|t:|1756893064
|teamsize|p1|4
|teamsize|p2|4
|start
|switch|p1a: Jumpluff|Jumpluff, L50, M|100/100
|switch|p1b: Incineroar|Incineroar, L50, F|100/100
|switch|p2a: Archaludon|Archaludon, L50, M|100/100
|switch|p2b: Gholdengo|Gholdengo, L50|100/100
|-ability|p1b: Incineroar|Intimidate|boost
|-unboost|p2a: Archaludon|atk|1
|-unboost|p2b: Gholdengo|atk|1
|turn|1
|inactive|cocacolaindahhouse has 30 seconds left.
|inactive|cocacolaindahhouse has 20 seconds left.
|inactive|sergio23perez has 30 seconds left.
|inactive|cocacolaindahhouse has 15 seconds left.
|inactive|cocacolaindahhouse has 10 seconds left.
|inactive|cocacolaindahhouse has 5 seconds left.
|
|t:|1756893116
|-terastallize|p2b: Gholdengo|Water
|move|p2b: Gholdengo|Tera Blast|p1b: Incineroar|[anim] Tera Blast Water
|-supereffective|p1b: Incineroar
|-damage|p1b: Incineroar|27/100
|move|p1a: Jumpluff|Sleep Powder|p2a: Archaludon
|-status|p2a: Archaludon|slp|[from] move: Sleep Powder
|cant|p2a: Archaludon|slp
|move|p1b: Incineroar|Parting Shot|p2a: Archaludon
|-unboost|p2a: Archaludon|atk|1
|-unboost|p2a: Archaludon|spa|1
|
|t:|1756893124
|switch|p1b: Ursaluna|Ursaluna, L50, M|100/100|[from] Parting Shot
|
|-status|p1b: Ursaluna|brn|[from] item: Flame Orb
|upkeep
|turn|2
|inactive|cocacolaindahhouse has 30 seconds left.
|
|t:|1756893157
|switch|p2a: Pelipper|Pelipper, L50, M|100/100
|-weather|RainDance|[from] ability: Drizzle|[of] p2a: Pelipper
|-terastallize|p1b: Ursaluna|Ghost
|move|p2b: Gholdengo|Tera Blast|p1b: Ursaluna|[anim] Tera Blast Water
|-damage|p1b: Ursaluna|34/100 brn
|move|p1a: Jumpluff|Tailwind|p1a: Jumpluff
|-sidestart|p1: sergio23perez|move: Tailwind
|move|p1b: Ursaluna|Earthquake|p2a: Pelipper|[spread] p2b
|-immune|p1a: Jumpluff
|-immune|p2a: Pelipper
|-damage|p2b: Gholdengo|34/100
|
|-weather|RainDance|[upkeep]
|-damage|p1b: Ursaluna|28/100 brn|[from] brn
|upkeep
|turn|3
|l|☆sergio23perez
|inactive|sergio23perez disconnected and has a minute to reconnect!
|player|p1|
|inactive|sergio23perez has 30 seconds left.
|inactive|cocacolaindahhouse has 30 seconds left.
|j|☆sergio23perez
|inactive|sergio23perez reconnected and has 25 seconds left.
|player|p1|sergio23perez|169|
|inactive|sergio23perez has 20 seconds left.
|inactive|cocacolaindahhouse has 20 seconds left.
|inactive|sergio23perez has 15 seconds left.
|inactive|cocacolaindahhouse has 15 seconds left.
|inactive|cocacolaindahhouse has 10 seconds left.
|
|t:|1756893202
|switch|p2b: Sinistcha|Sinistcha, L50|100/100
|move|p2a: Pelipper|Protect|p2a: Pelipper
|-singleturn|p2a: Pelipper|Protect
|move|p1a: Jumpluff|Sunny Day|p1a: Jumpluff
|-weather|SunnyDay
|move|p1b: Ursaluna|Facade|p2b: Sinistcha
|-immune|p2b: Sinistcha
|
|-weather|SunnyDay|[upkeep]
|-damage|p1b: Ursaluna|22/100 brn|[from] brn
|upkeep
|turn|4
|inactive|sergio23perez has 30 seconds left.
|inactive|cocacolaindahhouse has 30 seconds left.
|inactive|cocacolaindahhouse has 20 seconds left.
|
|t:|1756893242
|switch|p1b: Torkoal|Torkoal, L50, F|100/100
|switch|p2a: Archaludon|Archaludon, L50, M|100/100 slp
|move|p1a: Jumpluff|Sleep Powder|p2a: Archaludon
|-fail|p2a: Archaludon|slp
|move|p2b: Sinistcha|Matcha Gotcha|p1b: Torkoal|[spread] p1a,p1b
|-resisted|p1a: Jumpluff
|-resisted|p1b: Torkoal
|-damage|p1a: Jumpluff|94/100
|-damage|p1b: Torkoal|85/100
|
|-weather|SunnyDay|[upkeep]
|upkeep
|turn|5
|inactive|cocacolaindahhouse has 30 seconds left.
|inactive|cocacolaindahhouse has 20 seconds left.
|inactive|cocacolaindahhouse has 15 seconds left.
|
|t:|1756893287
|switch|p2b: Pelipper|Pelipper, L50, M|100/100
|-weather|RainDance|[from] ability: Drizzle|[of] p2b: Pelipper
|move|p1a: Jumpluff|Sunny Day|p1a: Jumpluff
|-weather|SunnyDay
|cant|p2a: Archaludon|slp
|move|p1b: Torkoal|Eruption|p2b: Pelipper|[spread] p2a,p2b
|-resisted|p2b: Pelipper
|-damage|p2a: Archaludon|58/100 slp
|-damage|p2b: Pelipper|48/100
|-ability|p2a: Archaludon|Stamina|boost
|-boost|p2a: Archaludon|def|1
|
|-weather|SunnyDay|[upkeep]
|-sideend|p1: sergio23perez|move: Tailwind
|upkeep
|turn|6
|inactive|cocacolaindahhouse has 30 seconds left.
|
|t:|1756893319
|switch|p2b: Gholdengo|Gholdengo, L50, tera:Water|34/100
|move|p1a: Jumpluff|Sleep Powder|p2b: Gholdengo
|-immune|p2b: Gholdengo|[from] ability: Good as Gold
|cant|p2a: Archaludon|slp
|move|p1b: Torkoal|Overheat|p2a: Archaludon
|-damage|p2a: Archaludon|0 fnt
|-unboost|p1b: Torkoal|spa|2
|faint|p2a: Archaludon
|-enditem|p1b: Torkoal|Eject Pack
|
|t:|1756893332
|switch|p1b: Ursaluna|Ursaluna, L50, M, tera:Ghost|22/100 brn
|
|-weather|SunnyDay|[upkeep]
|-damage|p1b: Ursaluna|16/100 brn|[from] brn
|upkeep
|
|t:|1756893342
|switch|p2a: Sinistcha|Sinistcha, L50|100/100
|-heal|p2b: Gholdengo|58/100|[from] ability: Hospitality|[of] p2a: Sinistcha
|turn|7
|inactive|cocacolaindahhouse has 30 seconds left.
|inactive|cocacolaindahhouse has 20 seconds left.
|
|t:|1756893379
|move|p1b: Ursaluna|Protect|p1b: Ursaluna
|-singleturn|p1b: Ursaluna|Protect
|move|p1a: Jumpluff|Tailwind|p1a: Jumpluff
|-sidestart|p1: sergio23perez|move: Tailwind
|move|p2b: Gholdengo|Make It Rain|p1b: Ursaluna|[spread] p1a
|-activate|p1b: Ursaluna|move: Protect
|-damage|p1a: Jumpluff|33/100
|-unboost|p2b: Gholdengo|spa|1
|move|p2a: Sinistcha|Matcha Gotcha|p1a: Jumpluff|[spread] p1a
|-activate|p1b: Ursaluna|move: Protect
|-resisted|p1a: Jumpluff
|-damage|p1a: Jumpluff|26/100
|
|-weather|SunnyDay|[upkeep]
|-damage|p1b: Ursaluna|10/100 brn|[from] brn
|upkeep
|turn|8
|inactive|cocacolaindahhouse has 30 seconds left.
|inactive|cocacolaindahhouse has 20 seconds left.
|
|t:|1756893415
|move|p1a: Jumpluff|Sunny Day||[still]
|-fail|p1a: Jumpluff
|move|p1b: Ursaluna|Earthquake|p2a: Sinistcha|[spread] p2a,p2b
|-immune|p1a: Jumpluff
|-resisted|p2a: Sinistcha
|-damage|p2a: Sinistcha|75/100
|-damage|p2b: Gholdengo|0 fnt
|faint|p2b: Gholdengo
|move|p2a: Sinistcha|Matcha Gotcha|p1b: Ursaluna|[spread] p1a,p1b
|-resisted|p1a: Jumpluff
|-damage|p1a: Jumpluff|20/100
|-heal|p2a: Sinistcha|78/100|[from] drain|[of] p1a: Jumpluff
|-damage|p1b: Ursaluna|0 fnt
|-heal|p2a: Sinistcha|84/100|[from] drain|[of] p1b: Ursaluna
|faint|p1b: Ursaluna
|
|-weather|SunnyDay|[upkeep]
|upkeep
|
|t:|1756893435
|switch|p2b: Pelipper|Pelipper, L50, M|48/100
|switch|p1b: Torkoal|Torkoal, L50, F|85/100
|-weather|RainDance|[from] ability: Drizzle|[of] p2b: Pelipper
|-weather|SunnyDay|[from] ability: Drought|[of] p1b: Torkoal
|turn|9
|inactive|cocacolaindahhouse has 30 seconds left.
|
|t:|1756893462
|move|p1a: Jumpluff|Sleep Powder|p2b: Pelipper|[miss]
|-miss|p1a: Jumpluff|p2b: Pelipper
|move|p2b: Pelipper|Muddy Water|p1a: Jumpluff|[spread] p1a,p1b
|-resisted|p1a: Jumpluff
|-supereffective|p1b: Torkoal
|-damage|p1a: Jumpluff|12/100
|-damage|p1b: Torkoal|48/100
|-unboost|p1b: Torkoal|accuracy|1
|move|p2a: Sinistcha|Matcha Gotcha|p1b: Torkoal|[spread] p1a,p1b
|-resisted|p1a: Jumpluff
|-resisted|p1b: Torkoal
|-damage|p1a: Jumpluff|5/100
|-heal|p2a: Sinistcha|87/100|[from] drain|[of] p1a: Jumpluff
|-damage|p1b: Torkoal|31/100
|-heal|p2a: Sinistcha|95/100|[from] drain|[of] p1b: Torkoal
|move|p1b: Torkoal|Overheat|p2a: Sinistcha
|-supereffective|p2a: Sinistcha
|-damage|p2a: Sinistcha|0 fnt
|-unboost|p1b: Torkoal|spa|2
|faint|p2a: Sinistcha
|
|-weather|SunnyDay|[upkeep]
|upkeep
|turn|10
|
|t:|1756893483
|move|p1a: Jumpluff|Sleep Powder|p2b: Pelipper
|-status|p2b: Pelipper|slp|[from] move: Sleep Powder
|cant|p2b: Pelipper|slp
|move|p1b: Torkoal|Overheat|p2b: Pelipper|[miss]
|-miss|p1b: Torkoal|p2b: Pelipper
|
|-weather|SunnyDay|[upkeep]
|-sideend|p1: sergio23perez|move: Tailwind
|upkeep
|turn|11
|
|t:|1756893503
|switch|p1b: Incineroar|Incineroar, L50, F|27/100
|-ability|p1b: Incineroar|Intimidate|boost
|-unboost|p2b: Pelipper|atk|1
|move|p1a: Jumpluff|Rage Powder|p1a: Jumpluff
|-singleturn|p1a: Jumpluff|move: Rage Powder
|cant|p2b: Pelipper|slp
|
|-weather|SunnyDay|[upkeep]
|upkeep
|turn|12
|
|t:|1756893517
|move|p1a: Jumpluff|Tailwind|p1a: Jumpluff
|-sidestart|p1: sergio23perez|move: Tailwind
|move|p1b: Incineroar|Knock Off|p2b: Pelipper
|-damage|p2b: Pelipper|0 fnt
|-enditem|p2b: Pelipper|Focus Sash|[from] move: Knock Off|[of] p1b: Incineroar
|faint|p2b: Pelipper
|
|win|sergio23perez
||cocacolaindahhouse is ready for game 2.
||sergio23perez is ready for game 2.
|uhtml|next|Next: Game 2 of 3
|l|☆sergio23perez
|player|p1|
