|j|☆Philly Turtles
|j|☆Ryan Regirocks
|html|Philly TurtlesRyan Regirocks    
|uhtml|bestof|Game 3 of a best-of-3
|t:|1784387528
|gametype|doubles
|player|p1|Philly Turtles|candice|
|player|p2|Ryan Regirocks|169|
|gen|9
|tier|[Gen 9 Champions] VGC 2026 Reg M-B (Bo3)
|rule|Species Clause: Limit one of each Pokémon
|rule|Item Clause: Limit 1 of each item
|clearpoke
|poke|p1|Froslass, L50, F|
|poke|p1|Primarina, L50, M|
|poke|p1|Crabominable, L50, M, shiny|
|poke|p1|Slowking-Galar, L50, M|
|poke|p1|Tsareena, L50, F|
|poke|p1|Sableye, L50, F|
|poke|p2|Dragonite, L50, M|
|poke|p2|Pelipper, L50, F|
|poke|p2|Archaludon, L50, F|
|poke|p2|Scizor, L50, M|
|poke|p2|Overqwil, L50, F|
|poke|p2|Rhyperior, L50, F|
|teampreview|4
|showteam|p1|Froslass||Froslassite|CursedBody|AuroraVeil,Blizzard,ShadowBall,Protect|Timid||F|||50|]Primarina||LifeOrb|LiquidVoice|Blizzard,HyperVoice,Protect,CalmMind|Modest||M|||50|]Crabominable||Crabominite|HyperCutter|DrainPunch,IceHammer,MachPunch,Protect|Brave||M|||50|]Slowking-Galar||Leftovers|Regenerator|ChillyReception,TrickRoom,Psychic,HealPulse|Relaxed||M|||50|]Tsareena||WideLens|QueenlyMajesty|TripleAxel,TropKick,Uturn,HighJumpKick|Adamant||F|||50|]Sableye||FocusSash|Prankster|FakeOut,Encore,WillOWisp,FoulPlay|Careful||F|||50|
|showteam|p2|Dragonite||Dragoninite|Multiscale|Protect,Flamethrower,Thunderbolt,AirSlash|Modest||M|||50|]Pelipper||SitrusBerry|Drizzle|Protect,Tailwind,Hurricane,WideGuard|Calm||F|||50|]Archaludon||Leftovers|Stamina|ElectroShot,FlashCannon,DragonPulse,Protect|Modest||F|||50|]Scizor||MetalCoat|Technician|SwordsDance,Protect,BulletPunch,DualWingbeat|Adamant||M|||50|]Overqwil||ShucaBerry|Intimidate|Protect,ThroatChop,BarbBarrage,Taunt|Careful||F|||50|]Rhyperior||IronBall|SolidRock|RockSlide,Earthquake,IcePunch,Protect|Brave||F|||50|
|j| yungsmokey
|
|t:|1784387596
|teamsize|p1|4
|teamsize|p2|4
|start
|switch|p1a: Sableye|Sableye, L50, F|100/100
|switch|p1b: Froslass|Froslass, L50, F|100/100
|switch|p2a: Pelipper|Pelipper, L50, F|100/100
|switch|p2b: Scizor|Scizor, L50, M|100/100
|-weather|RainDance|[from] ability: Drizzle|[of] p2a: Pelipper
|turn|1
|
|t:|1784387625
|detailschange|p1b: Froslass|Froslass-Mega, L50, F
|-mega|p1b: Froslass|Froslass|Froslassite
|-weather|Snowscape|[from] ability: Snow Warning|[of] p1b: Froslass
|move|p1a: Sableye|Fake Out|p2b: Scizor
|-resisted|p2b: Scizor|1
|-damage|p2b: Scizor|96/100
|cant|p2b: Scizor|flinch
|move|p1b: Froslass|Aurora Veil|p1b: Froslass
|-sidestart|p1: Philly Turtles|move: Aurora Veil
|move|p2a: Pelipper|Tailwind|p2a: Pelipper
|-sidestart|p2: Ryan Regirocks|move: Tailwind
|
|-weather|Snowscape|[upkeep]
|upkeep
|turn|2
|
|t:|1784387661
|move|p2b: Scizor|Bullet Punch|p1b: Froslass
|-supereffective|p1b: Froslass|1
|-damage|p1b: Froslass|39/100
|move|p1a: Sableye|Encore|p2a: Pelipper
|-start|p2a: Pelipper|Encore
|move|p1b: Froslass|Shadow Ball|p2b: Scizor
|-damage|p2b: Scizor|46/100
|move|p2a: Pelipper|Tailwind||[still]
|-fail|p2a: Pelipper
|
|-weather|Snowscape|[upkeep]
|upkeep
|turn|3
|
|t:|1784387697
|switch|p1a: Tsareena|Tsareena, L50, F|100/100
|move|p2b: Scizor|Bullet Punch||[still]
|cant|p1a: Tsareena|ability: Queenly Majesty|Bullet Punch|[of] p2b: Scizor
|move|p1b: Froslass|Shadow Ball|p2b: Scizor
|-damage|p2b: Scizor|0 fnt
|faint|p2b: Scizor
|move|p2a: Pelipper|Tailwind||[still]
|-fail|p2a: Pelipper
|
|-weather|Snowscape|[upkeep]
|upkeep
|
|t:|1784387709
|switch|p2b: Archaludon|Archaludon, L50, F|100/100
|turn|4
|
|t:|1784387720
|move|p2b: Archaludon|Flash Cannon|p1b: Froslass
|-supereffective|p1b: Froslass|1
|-damage|p1b: Froslass|0 fnt
|faint|p1b: Froslass
|move|p2a: Pelipper|Tailwind||[still]
|-fail|p2a: Pelipper
|move|p1a: Tsareena|Trop Kick|p2a: Pelipper
|-damage|p2a: Pelipper|49/100
|-unboost|p2a: Pelipper|atk|1
|-enditem|p2a: Pelipper|Sitrus Berry|[eat]
|-heal|p2a: Pelipper|73/100|[from] item: Sitrus Berry
|
|-weather|Snowscape|[upkeep]
|-end|p2a: Pelipper|Encore
|-sideend|p2: Ryan Regirocks|move: Tailwind
|upkeep
|
|t:|1784387733
|switch|p1b: Primarina|Primarina, L50, M|100/100
|turn|5
|
|t:|1784387760
|move|p1a: Tsareena|U-turn|p2b: Archaludon
|-resisted|p2b: Archaludon|1
|-damage|p2b: Archaludon|91/100
|-ability|p2b: Archaludon|Stamina|boost
|-boost|p2b: Archaludon|def|1
|
|t:|1784387765
|switch|p1a: Sableye|Sableye, L50, F|100/100|[from] U-turn
|move|p2b: Archaludon|Electro Shot||[still]
|-prepare|p2b: Archaludon|Electro Shot
|-boost|p2b: Archaludon|spa|1
|move|p2a: Pelipper|Hurricane|p1a: Sableye
|-damage|p1a: Sableye|70/100
|move|p1b: Primarina|Blizzard|p2a: Pelipper|[spread] p2a,p2b
|-damage|p2a: Pelipper|32/100
|-damage|p2b: Archaludon|43/100
|-ability|p2b: Archaludon|Stamina|boost
|-boost|p2b: Archaludon|def|1
|-damage|p1b: Primarina|90/100|[from] item: Life Orb
|
|-weather|none
|-heal|p2b: Archaludon|49/100|[from] item: Leftovers
|-sideend|p1: Philly Turtles|move: Aurora Veil
|upkeep
|turn|6
|
|t:|1784387800
|move|p2a: Pelipper|Wide Guard|p2a: Pelipper
|-singleturn|p2a: Pelipper|Wide Guard
|move|p1a: Sableye|Fake Out|p2b: Archaludon
|-resisted|p2b: Archaludon|1
|-damage|p2b: Archaludon|48/100
|-ability|p2b: Archaludon|Stamina|boost
|-boost|p2b: Archaludon|def|1
|cant|p2b: Archaludon|flinch
|move|p1b: Primarina|Hyper Voice|p2a: Pelipper|[spread] 
|-activate|p2a: Pelipper|move: Wide Guard
|-activate|p2b: Archaludon|move: Wide Guard
|
|-heal|p2b: Archaludon|54/100|[from] item: Leftovers
|upkeep
|turn|7
|
|t:|1784387879
|move|p1b: Primarina|Protect|p1b: Primarina
|-singleturn|p1b: Primarina|Protect
|move|p2a: Pelipper|Wide Guard|p2a: Pelipper
|-singleturn|p2a: Pelipper|Wide Guard
|move|p1a: Sableye|Encore|p2a: Pelipper
|-start|p2a: Pelipper|Encore
|move|p2b: Archaludon|Flash Cannon|p1a: Sableye
|-damage|p1a: Sableye|1/100
|-unboost|p1a: Sableye|spd|1
|
|-heal|p2b: Archaludon|60/100|[from] item: Leftovers
|upkeep
|turn|8
|
|t:|1784387908
|move|p2a: Pelipper|Wide Guard|p2a: Pelipper
|-singleturn|p2a: Pelipper|Wide Guard
|move|p1a: Sableye|Encore|p2b: Archaludon
|-start|p2b: Archaludon|Encore
|move|p2b: Archaludon|Flash Cannon|p1b: Primarina
|-damage|p1b: Primarina|35/100
|move|p1b: Primarina|Hyper Voice|p2a: Pelipper|[spread] 
|-activate|p2a: Pelipper|move: Wide Guard
|-activate|p2b: Archaludon|move: Wide Guard
|
|-heal|p2b: Archaludon|66/100|[from] item: Leftovers
|upkeep
|turn|9
|
|t:|1784387928
|move|p2a: Pelipper|Wide Guard|p2a: Pelipper
|-singleturn|p2a: Pelipper|Wide Guard
|move|p1a: Sableye|Will-O-Wisp|p2b: Archaludon
|-status|p2b: Archaludon|brn
|move|p2b: Archaludon|Flash Cannon|p1b: Primarina
|-damage|p1b: Primarina|0 fnt
|faint|p1b: Primarina
|
|-heal|p2b: Archaludon|72/100 brn|[from] item: Leftovers
|-damage|p2b: Archaludon|66/100 brn|[from] brn
|upkeep
|
|t:|1784387938
|switch|p1b: Tsareena|Tsareena, L50, F|100/100
|turn|10
|
|t:|1784387948
|move|p2a: Pelipper|Wide Guard|p2a: Pelipper
|-singleturn|p2a: Pelipper|Wide Guard
|move|p1b: Tsareena|High Jump Kick|p2b: Archaludon
|-supereffective|p2b: Archaludon|1
|-damage|p2b: Archaludon|40/100 brn
|-ability|p2b: Archaludon|Stamina|boost
|-boost|p2b: Archaludon|def|1
|move|p2b: Archaludon|Flash Cannon|p1a: Sableye
|-damage|p1a: Sableye|0 fnt
|faint|p1a: Sableye
|
|-heal|p2b: Archaludon|46/100 brn|[from] item: Leftovers
|-damage|p2b: Archaludon|40/100 brn|[from] brn
|-end|p2b: Archaludon|Encore
|-end|p2a: Pelipper|Encore
|upkeep
|turn|11
|
|t:|1784387971
|move|p2b: Archaludon|Protect|p2b: Archaludon
|-singleturn|p2b: Archaludon|Protect
|move|p1b: Tsareena|High Jump Kick|p2b: Archaludon
|-activate|p2b: Archaludon|move: Protect
|-damage|p1b: Tsareena|50/100g|[from] highjumpkick
|move|p2a: Pelipper|Hurricane|p1b: Tsareena|[miss]
|-miss|p2a: Pelipper|p1b: Tsareena
|
|-heal|p2b: Archaludon|46/100 brn|[from] item: Leftovers
|-damage|p2b: Archaludon|40/100 brn|[from] brn
|upkeep
|turn|12
|
|t:|1784387988
|move|p1b: Tsareena|High Jump Kick|p2b: Archaludon
|-supereffective|p2b: Archaludon|1
|-damage|p2b: Archaludon|16/100 brn
|-ability|p2b: Archaludon|Stamina|boost
|-boost|p2b: Archaludon|def|1
|move|p2b: Archaludon|Flash Cannon|p1b: Tsareena
|-damage|p1b: Tsareena|0 fnt
|faint|p1b: Tsareena
|
|win|Ryan Regirocks
|l| yungsmokey
|l|☆Philly Turtles
|player|p1|
