|j|☆enrico20022002
|j|☆saboyita
|html|enrico20022002saboyita    
|uhtml|bestof|Game 3 of a best-of-3
|t:|1756416117
|gametype|doubles
|player|p1|enrico20022002|1|1110
|player|p2|saboyita|grimsley|1145
|gen|9
|tier|[Gen 9] VGC 2025 Reg H (Bo3)
|rated|
|rule|Species Clause: Limit one of each Pokémon
|rule|Item Clause: Limit 1 of each item
|clearpoke
|poke|p1|Torkoal, L50, F|
|poke|p1|Charizard, L50, F|
|poke|p1|Jumpluff, L50, F|
|poke|p1|Porygon2, L50|
|poke|p1|Incineroar, L50, M|
|poke|p1|Ursaluna, L50, F|
|poke|p2|Amoonguss, L50, F|
|poke|p2|Hydreigon, L50, F|
|poke|p2|Whimsicott, L50, M|
|poke|p2|Maushold-Four, L50|
|poke|p2|Annihilape, L50, F|
|poke|p2|Ursaluna-Bloodmoon, L50, M|
|teampreview|4
|showteam|p1|Torkoal||EjectPack|Drought|Overheat,Eruption,ClearSmog,Protect|||F|||50|,,,,,Fire]Charizard||ChoiceSpecs|SolarPower|HeatWave,Overheat,AirSlash,SolarBeam|||F|||50|,,,,,Ghost]Jumpluff||CovertCloak|Chlorophyll|Encore,SleepPowder,RagePowder,Tailwind|||F|||50|,,,,,Dark]Porygon2||Eviolite|Download|TeraBlast,IceBeam,TrickRoom,Recover||||||50|,,,,,Fighting]Incineroar||SafetyGoggles|Intimidate|FakeOut,KnockOff,WillOWisp,PartingShot|||M|||50|,,,,,Ghost]Ursaluna||FlameOrb|Guts|Facade,HeadlongRush,Earthquake,Protect|||F|||50|,,,,,Ghost
|showteam|p2|Amoonguss||MentalHerb|Regenerator|ClearSmog,Spore,RagePowder,Protect|||F|||50|,,,,,Water]Hydreigon||ChoiceSpecs|Levitate|Snarl,HeatWave,DarkPulse,DracoMeteor|||F|||50|,,,,,Ghost]Whimsicott||CovertCloak|Prankster|BeatUp,Encore,HelpingHand,Tailwind|||M|||50|,,,,,Dark]Maushold-Four||WideLens|Technician|PopulationBomb,Taunt,FollowMe,Protect||||||50|,,,,,Ghost]Annihilape||Leftovers|Defiant|RageFist,CloseCombat,FinalGambit,Protect|||F|||50|,,,,,Fire]Ursaluna-Bloodmoon||LifeOrb|MindsEye|HyperVoice,EarthPower,BloodMoon,Protect|||M|||50|,,,,,Water
|inactive|Battle timer is ON: inactive players will automatically lose when time's up. (requested by saboyita)
|inactive|enrico20022002 also wants the timer to be on.
|
|t:|1756416145
|teamsize|p1|4
|teamsize|p2|4
|start
|switch|p1a: Porygon2|Porygon2, L50|100/100
|switch|p1b: Incineroar|Incineroar, L50, M|100/100
|switch|p2a: Whimsicott|Whimsicott, L50, M|100/100
|switch|p2b: Maushold|Maushold-Four, L50|100/100
|-ability|p1b: Incineroar|Intimidate|boost
|-unboost|p2a: Whimsicott|atk|1
|-unboost|p2b: Maushold|atk|1
|-ability|p1a: Porygon2|Download|boost
|-boost|p1a: Porygon2|spa|1
|turn|1
|
|t:|1756416166
|switch|p2a: Ursaluna|Ursaluna-Bloodmoon, L50, M|100/100
|-terastallize|p2b: Maushold|Ghost
|move|p2b: Maushold|Taunt|p1a: Porygon2
|-start|p1a: Porygon2|move: Taunt
|move|p1b: Incineroar|Will-O-Wisp|p2b: Maushold
|-status|p2b: Maushold|brn
|move|p1a: Porygon2|Ice Beam|p2a: Ursaluna
|-supereffective|p2a: Ursaluna
|-damage|p2a: Ursaluna|26/100
|
|-damage|p2b: Maushold|94/100 brn|[from] brn
|upkeep
|turn|2
|inactive|saboyita has 30 seconds left.
|inactive|enrico20022002 has 30 seconds left.
|
|t:|1756416207
|move|p2b: Maushold|Population Bomb|p1a: Porygon2
|-damage|p1a: Porygon2|98/100
|-crit|p1a: Porygon2
|-damage|p1a: Porygon2|94/100
|-damage|p1a: Porygon2|91/100
|-damage|p1a: Porygon2|88/100
|-damage|p1a: Porygon2|85/100
|-damage|p1a: Porygon2|82/100
|-damage|p1a: Porygon2|80/100
|-damage|p1a: Porygon2|77/100
|-damage|p1a: Porygon2|74/100
|-damage|p1a: Porygon2|72/100
|-hitcount|p1a: Porygon2|10
|move|p1b: Incineroar|Parting Shot|p2b: Maushold
|-unboost|p2b: Maushold|atk|1
|-unboost|p2b: Maushold|spa|1
|
|t:|1756416228
|switch|p1b: Torkoal|Torkoal, L50, F|100/100|[from] Parting Shot
|-weather|SunnyDay|[from] ability: Drought|[of] p1b: Torkoal
|move|p2a: Ursaluna|Blood Moon|p1a: Porygon2
|-damage|p1a: Porygon2|22/100
|-damage|p2a: Ursaluna|17/100|[from] item: Life Orb
|move|p1a: Porygon2|Ice Beam|p2a: Ursaluna
|-supereffective|p2a: Ursaluna
|-damage|p2a: Ursaluna|0 fnt
|faint|p2a: Ursaluna
|
|-weather|SunnyDay|[upkeep]
|-damage|p2b: Maushold|88/100 brn|[from] brn
|upkeep
|
|t:|1756416241
|switch|p2a: Hydreigon|Hydreigon, L50, F|100/100
|turn|3
|
|t:|1756416254
|switch|p1a: Incineroar|Incineroar, L50, M|100/100
|-ability|p1a: Incineroar|Intimidate|boost
|-unboost|p2a: Hydreigon|atk|1
|-unboost|p2b: Maushold|atk|1
|move|p1b: Torkoal|Protect|p1b: Torkoal
|-singleturn|p1b: Torkoal|Protect
|move|p2b: Maushold|Population Bomb|p1a: Incineroar
|-damage|p1a: Incineroar|98/100
|-damage|p1a: Incineroar|96/100
|-damage|p1a: Incineroar|94/100
|-damage|p1a: Incineroar|91/100
|-damage|p1a: Incineroar|89/100
|-damage|p1a: Incineroar|86/100
|-damage|p1a: Incineroar|84/100
|-damage|p1a: Incineroar|82/100
|-damage|p1a: Incineroar|80/100
|-damage|p1a: Incineroar|77/100
|-hitcount|p1a: Incineroar|10
|move|p2a: Hydreigon|Draco Meteor|p1b: Torkoal
|-activate|p1b: Torkoal|move: Protect
|
|-weather|SunnyDay|[upkeep]
|-damage|p2b: Maushold|82/100 brn|[from] brn
|upkeep
|turn|4
|inactive|enrico20022002 has 30 seconds left.
|
|t:|1756416286
|switch|p2a: Whimsicott|Whimsicott, L50, M|100/100
|move|p2b: Maushold|Protect|p2b: Maushold
|-singleturn|p2b: Maushold|Protect
|move|p1a: Incineroar|Fake Out|p2a: Whimsicott
|-damage|p2a: Whimsicott|86/100
|move|p1b: Torkoal|Overheat|p2a: Whimsicott|[miss]
|-miss|p1b: Torkoal|p2a: Whimsicott
|
|-weather|SunnyDay|[upkeep]
|-damage|p2b: Maushold|76/100 brn|[from] brn
|upkeep
|turn|5
|
|t:|1756416305
|move|p2a: Whimsicott|Helping Hand|p2b: Maushold
|-singleturn|p2b: Maushold|Helping Hand|[of] p2a: Whimsicott
|move|p2b: Maushold|Population Bomb|p1a: Incineroar
|-damage|p1a: Incineroar|74/100
|-damage|p1a: Incineroar|70/100
|-damage|p1a: Incineroar|66/100
|-hitcount|p1a: Incineroar|3
|move|p1a: Incineroar|Parting Shot|p2a: Whimsicott
|-unboost|p2a: Whimsicott|atk|1
|-unboost|p2a: Whimsicott|spa|1
|
|t:|1756416317
|switch|p1a: Porygon2|Porygon2, L50|22/100|[from] Parting Shot
|-ability|p1a: Porygon2|Download|boost
|-boost|p1a: Porygon2|spa|1
|move|p1b: Torkoal|Overheat|p2b: Maushold
|-damage|p2b: Maushold|0 fnt
|-unboost|p1b: Torkoal|spa|2
|faint|p2b: Maushold
|-enditem|p1b: Torkoal|Eject Pack
|
|t:|1756416320
|switch|p1b: Incineroar|Incineroar, L50, M|66/100
|-ability|p1b: Incineroar|Intimidate|boost
|-unboost|p2a: Whimsicott|atk|1
|
|-weather|SunnyDay|[upkeep]
|upkeep
|
|t:|1756416323
|switch|p2b: Hydreigon|Hydreigon, L50, F|100/100
|turn|6
|
|t:|1756416329
|move|p2a: Whimsicott|Helping Hand|p2b: Hydreigon
|-singleturn|p2b: Hydreigon|Helping Hand|[of] p2a: Whimsicott
|move|p1b: Incineroar|Fake Out|p2b: Hydreigon
|-damage|p2b: Hydreigon|88/100
|cant|p2b: Hydreigon|flinch
|move|p1a: Porygon2|Recover|p1a: Porygon2
|-heal|p1a: Porygon2|72/100
|
|-weather|none
|upkeep
|turn|7
|
|t:|1756416342
|switch|p1a: Torkoal|Torkoal, L50, F|100/100
|-weather|SunnyDay|[from] ability: Drought|[of] p1a: Torkoal
|move|p2a: Whimsicott|Helping Hand|p2b: Hydreigon
|-singleturn|p2b: Hydreigon|Helping Hand|[of] p2a: Whimsicott
|move|p2b: Hydreigon|Heat Wave|p1b: Incineroar|[spread] p1a,p1b
|-resisted|p1a: Torkoal
|-resisted|p1b: Incineroar
|-damage|p1a: Torkoal|45/100
|-damage|p1b: Incineroar|37/100
|move|p1b: Incineroar|Parting Shot|p2b: Hydreigon
|-unboost|p2b: Hydreigon|atk|1
|-unboost|p2b: Hydreigon|spa|1
|
|t:|1756416357
|switch|p1b: Porygon2|Porygon2, L50|72/100|[from] Parting Shot
|-ability|p1b: Porygon2|Download|boost
|-boost|p1b: Porygon2|spa|1
|
|-weather|SunnyDay|[upkeep]
|upkeep
|turn|8
|
|t:|1756416379
|move|p2a: Whimsicott|Helping Hand|p2b: Hydreigon
|-singleturn|p2b: Hydreigon|Helping Hand|[of] p2a: Whimsicott
|move|p2b: Hydreigon|Heat Wave|p1a: Torkoal|[spread] p1a,p1b
|-resisted|p1a: Torkoal
|-damage|p1a: Torkoal|10/100
|-damage|p1b: Porygon2|46/100
|move|p1b: Porygon2|Recover|p1b: Porygon2
|-heal|p1b: Porygon2|96/100
|move|p1a: Torkoal|Overheat|p2a: Whimsicott
|-supereffective|p2a: Whimsicott
|-damage|p2a: Whimsicott|0 fnt
|-unboost|p1a: Torkoal|spa|2
|faint|p2a: Whimsicott
|
|-weather|SunnyDay|[upkeep]
|upkeep
|turn|9
|
|t:|1756416402
|switch|p1a: Incineroar|Incineroar, L50, M|37/100
|-ability|p1a: Incineroar|Intimidate|boost
|-unboost|p2b: Hydreigon|atk|1
|move|p2b: Hydreigon|Heat Wave|p1b: Porygon2|[spread] p1b
|-miss|p2b: Hydreigon|p1a: Incineroar
|-damage|p1b: Porygon2|77/100
|move|p1b: Porygon2|Recover|p1b: Porygon2
|-heal|p1b: Porygon2|100/100
|
|-weather|SunnyDay|[upkeep]
|upkeep
|turn|10
|
|t:|1756416414
|-terastallize|p1b: Porygon2|Fighting
|move|p1a: Incineroar|Fake Out|p2b: Hydreigon
|-damage|p2b: Hydreigon|75/100
|cant|p2b: Hydreigon|flinch
|move|p1b: Porygon2|Tera Blast|p2b: Hydreigon|[anim] Tera Blast Fighting
|-supereffective|p2b: Hydreigon
|-damage|p2b: Hydreigon|0 fnt
|faint|p2b: Hydreigon
|
|win|enrico20022002
|raw|enrico20022002's rating: 1110 → 1138(+28 for winning)
|raw|saboyita's rating: 1145 → 1117(-28 for losing)
