|j|☆k3ksmann
|j|☆thierryvgc
|html|k3ksmannthierryvgc    
|uhtml|bestof|Game 2 of a best-of-3
|t:|1757675085
|gametype|doubles
|player|p1|k3ksmann|whitney|1180
|player|p2|thierryvgc|265|1247
|gen|9
|tier|[Gen 9] VGC 2025 Reg H (Bo3)
|rated|
|rule|Species Clause: Limit one of each Pokémon
|rule|Item Clause: Limit 1 of each item
|clearpoke
|poke|p1|Frosmoth, L50, M|
|poke|p1|Volcarona, L50, M|
|poke|p1|Ninetales-Alola, L50, M|
|poke|p1|Garchomp, L50, M|
|poke|p1|Incineroar, L50, F|
|poke|p1|Rillaboom, L50, F|
|poke|p2|Ursaluna, L50, M|
|poke|p2|Archaludon, L50, F|
|poke|p2|Amoonguss, L50, F|
|poke|p2|Porygon2, L50|
|poke|p2|Incineroar, L50, M|
|poke|p2|Pelipper, L50, M|
|teampreview|4
|showteam|p1|Frosmoth||Leftovers|IceScales|Protect,Blizzard,TeraBlast,QuiverDance|||M|||50|,,,,,Water]Volcarona||RockyHelmet|FlameBody|RagePowder,WillOWisp,HeatWave,Tailwind|||M|||50|,,,,,Steel]Ninetales-Alola||LifeOrb|SnowWarning|Protect,FreezeDry,IcyWind,Moonblast|||M|||50|,,,,,Ghost]Garchomp||ClearAmulet|RoughSkin|BreakingSwipe,StompingTantrum,RockSlide,Protect|||M|||50|,,,,,Fire]Incineroar||SitrusBerry|Intimidate|FakeOut,FlareBlitz,KnockOff,PartingShot|||F|||50|,,,,,Ghost]Rillaboom||AssaultVest|GrassySurge|WoodHammer,GrassyGlide,HighHorsepower,FakeOut|||F|||50|,,,,,Fire
|showteam|p2|Ursaluna||FlameOrb|Guts|Protect,Facade,HeadlongRush,Earthquake|||M|||50|,,,,,Fairy]Archaludon||AssaultVest|Stamina|FlashCannon,DragonPulse,ElectroShot,BodyPress|||F|||50|,,,,,Grass]Amoonguss||CovertCloak|Regenerator|RagePowder,PollenPuff,ClearSmog,Spore|||F|||50|,,,,,Water]Porygon2||Eviolite|Download|TeraBlast,IceBeam,Recover,TrickRoom||||||50|,,,,,Electric]Incineroar||SafetyGoggles|Intimidate|KnockOff,Uturn,Taunt,FakeOut|||M|||50|,,,,,Ghost]Pelipper||FocusSash|Drizzle|WeatherBall,Hurricane,Protect,WideGuard|||M|||50|,,,,,Grass
|inactive|Battle timer is ON: inactive players will automatically lose when time's up. (requested by k3ksmann)
|
|t:|1757675120
|teamsize|p1|4
|teamsize|p2|4
|start
|switch|p1a: Frosmoth|Frosmoth, L50, M|100/100
|switch|p1b: Garchomp|Garchomp, L50, M|100/100
|switch|p2a: Amoonguss|Amoonguss, L50, F|100/100
|switch|p2b: Pelipper|Pelipper, L50, M|100/100
|-weather|RainDance|[from] ability: Drizzle|[of] p2b: Pelipper
|turn|1
|inactive|thierryvgc has 30 seconds left.
|
|t:|1757675151
|switch|p1b: Ninetales|Ninetales-Alola, L50, M|100/100
|-weather|Snowscape|[from] ability: Snow Warning|[of] p1b: Ninetales
|move|p1a: Frosmoth|Blizzard|p2a: Amoonguss|[spread] p2a,p2b
|-supereffective|p2a: Amoonguss
|-damage|p2a: Amoonguss|43/100
|-damage|p2b: Pelipper|48/100
|move|p2b: Pelipper|Hurricane|p1a: Frosmoth
|-supereffective|p1a: Frosmoth
|-damage|p1a: Frosmoth|41/100
|move|p2a: Amoonguss|Spore|p1a: Frosmoth
|-status|p1a: Frosmoth|slp|[from] move: Spore
|
|-weather|Snowscape|[upkeep]
|-heal|p1a: Frosmoth|47/100 slp|[from] item: Leftovers
|upkeep
|turn|2
|inactive|thierryvgc has 30 seconds left.
|
|t:|1757675177
|switch|p2b: Archaludon|Archaludon, L50, F|100/100
|switch|p2a: Incineroar|Incineroar, L50, M|100/100
|-ability|p2a: Incineroar|Intimidate|boost
|-unboost|p1a: Frosmoth|atk|1
|-unboost|p1b: Ninetales|atk|1
|move|p1b: Ninetales|Freeze-Dry|p2a: Incineroar
|-resisted|p2a: Incineroar
|-damage|p2a: Incineroar|82/100
|-status|p2a: Incineroar|frz
|-damage|p1b: Ninetales|91/100|[from] item: Life Orb
|cant|p1a: Frosmoth|slp
|
|-weather|Snowscape|[upkeep]
|-heal|p1a: Frosmoth|54/100 slp|[from] item: Leftovers
|upkeep
|turn|3
|inactive|thierryvgc has 30 seconds left.
|
|t:|1757675206
|switch|p1b: Garchomp|Garchomp, L50, M|100/100
|-terastallize|p1a: Frosmoth|Water
|move|p2b: Archaludon|Flash Cannon|p1a: Frosmoth
|-resisted|p1a: Frosmoth
|-damage|p1a: Frosmoth|43/100 slp
|-curestatus|p2a: Incineroar|frz|[msg]
|move|p2a: Incineroar|U-turn|p1b: Garchomp
|-damage|p1b: Garchomp|83/100
|-damage|p2a: Incineroar|69/100|[from] ability: Rough Skin|[of] p1b: Garchomp
|
|t:|1757675218
|switch|p2a: Amoonguss|Amoonguss, L50, F|76/100|[from] U-turn
|cant|p1a: Frosmoth|slp
|
|-weather|Snowscape|[upkeep]
|-heal|p1a: Frosmoth|50/100 slp|[from] item: Leftovers
|upkeep
|turn|4
|
|t:|1757675236
|switch|p2a: Pelipper|Pelipper, L50, M|48/100
|-weather|RainDance|[from] ability: Drizzle|[of] p2a: Pelipper
|move|p1b: Garchomp|Stomping Tantrum|p2a: Pelipper
|-immune|p2a: Pelipper
|move|p2b: Archaludon|Electro Shot||[still]
|-prepare|p2b: Archaludon|Electro Shot
|-boost|p2b: Archaludon|spa|1
|-anim|p2b: Archaludon|Electro Shot|p1a: Frosmoth
|-supereffective|p1a: Frosmoth
|-damage|p1a: Frosmoth|0 fnt
|faint|p1a: Frosmoth
|
|-weather|RainDance|[upkeep]
|upkeep
|
|t:|1757675251
|switch|p1a: Ninetales|Ninetales-Alola, L50, M|91/100
|-weather|Snowscape|[from] ability: Snow Warning|[of] p1a: Ninetales
|turn|5
|
|t:|1757675271
|-terastallize|p2b: Archaludon|Grass
|move|p2a: Pelipper|Wide Guard|p2a: Pelipper
|-singleturn|p2a: Pelipper|Wide Guard
|move|p1a: Ninetales|Moonblast|p2b: Archaludon
|-damage|p2b: Archaludon|70/100
|-ability|p2b: Archaludon|Stamina|boost
|-boost|p2b: Archaludon|def|1
|-damage|p1a: Ninetales|82/100|[from] item: Life Orb
|move|p1b: Garchomp|Stomping Tantrum|p2b: Archaludon
|-resisted|p2b: Archaludon
|-damage|p2b: Archaludon|51/100
|-ability|p2b: Archaludon|Stamina|boost
|-boost|p2b: Archaludon|def|1
|move|p2b: Archaludon|Dragon Pulse|p1b: Garchomp
|-supereffective|p1b: Garchomp
|-damage|p1b: Garchomp|0 fnt
|faint|p1b: Garchomp
|
|-weather|Snowscape|[upkeep]
|upkeep
|
|t:|1757675286
|switch|p1b: Rillaboom|Rillaboom, L50, F|100/100
|-fieldstart|move: Grassy Terrain|[from] ability: Grassy Surge|[of] p1b: Rillaboom
|turn|6
|inactive|thierryvgc has 30 seconds left.
|inactive|thierryvgc has 20 seconds left.
|inactive|thierryvgc has 15 seconds left.
|inactive|thierryvgc has 10 seconds left.
|
|t:|1757675334
|move|p1a: Ninetales|Freeze-Dry|p2b: Archaludon
|-supereffective|p2b: Archaludon
|-damage|p2b: Archaludon|0 fnt
|faint|p2b: Archaludon
|-damage|p1a: Ninetales|72/100|[from] item: Life Orb
|move|p1b: Rillaboom|Wood Hammer|p2a: Pelipper
|-damage|p2a: Pelipper|0 fnt
|faint|p2a: Pelipper
|-damage|p1b: Rillaboom|87/100|[from] Recoil
|
|-weather|Snowscape|[upkeep]
|-heal|p1a: Ninetales|78/100|[from] Grassy Terrain
|-heal|p1b: Rillaboom|93/100|[from] Grassy Terrain
|upkeep
|
|t:|1757675340
|switch|p2b: Amoonguss|Amoonguss, L50, F|100/100
|switch|p2a: Incineroar|Incineroar, L50, M|69/100
|-ability|p2a: Incineroar|Intimidate|boost
|-unboost|p1a: Ninetales|atk|1
|-unboost|p1b: Rillaboom|atk|1
|turn|7
|
|t:|1757675350
|move|p2a: Incineroar|Fake Out|p1a: Ninetales
|-damage|p1a: Ninetales|68/100
|cant|p1a: Ninetales|flinch
|move|p1b: Rillaboom|High Horsepower|p2b: Amoonguss
|-damage|p2b: Amoonguss|82/100
|move|p2b: Amoonguss|Spore|p1a: Ninetales
|-status|p1a: Ninetales|slp|[from] move: Spore
|
|-weather|Snowscape|[upkeep]
|-heal|p1a: Ninetales|74/100 slp|[from] Grassy Terrain
|-heal|p1b: Rillaboom|99/100|[from] Grassy Terrain
|-heal|p2a: Incineroar|75/100|[from] Grassy Terrain
|-heal|p2b: Amoonguss|88/100|[from] Grassy Terrain
|upkeep
|turn|8
|
|t:|1757675368
|cant|p1a: Ninetales|slp
|move|p1b: Rillaboom|High Horsepower|p2a: Incineroar|[miss]
|-miss|p1b: Rillaboom|p2a: Incineroar
|move|p2a: Incineroar|U-turn|p1a: Ninetales
|-resisted|p1a: Ninetales
|-damage|p1a: Ninetales|65/100 slp
|move|p2b: Amoonguss|Clear Smog|p1a: Ninetales
|-supereffective|p1a: Ninetales
|-damage|p1a: Ninetales|25/100 slp
|-clearboost|p1a: Ninetales
|
|-weather|Snowscape|[upkeep]
|-heal|p1a: Ninetales|31/100 slp|[from] Grassy Terrain
|-heal|p1b: Rillaboom|100/100|[from] Grassy Terrain
|-heal|p2a: Incineroar|81/100|[from] Grassy Terrain
|-heal|p2b: Amoonguss|94/100|[from] Grassy Terrain
|upkeep
|turn|9
|
|t:|1757675379
|-curestatus|p1a: Ninetales|slp|[msg]
|move|p1a: Ninetales|Freeze-Dry|p2b: Amoonguss
|-supereffective|p2b: Amoonguss
|-damage|p2b: Amoonguss|40/100
|-damage|p1a: Ninetales|21/100|[from] item: Life Orb
|move|p1b: Rillaboom|High Horsepower|p2a: Incineroar
|-supereffective|p2a: Incineroar
|-damage|p2a: Incineroar|32/100
|move|p2a: Incineroar|U-turn|p1a: Ninetales
|-resisted|p1a: Ninetales
|-damage|p1a: Ninetales|12/100
|move|p2b: Amoonguss|Clear Smog|p1a: Ninetales
|-supereffective|p1a: Ninetales
|-crit|p1a: Ninetales
|-damage|p1a: Ninetales|0 fnt
|-clearboost|p1a: Ninetales
|faint|p1a: Ninetales
|
|-weather|none
|-heal|p2a: Incineroar|38/100|[from] Grassy Terrain
|-heal|p2b: Amoonguss|45/100|[from] Grassy Terrain
|upkeep
|turn|10
|
|t:|1757675390
|move|p1b: Rillaboom|High Horsepower|p2a: Incineroar
|-supereffective|p2a: Incineroar
|-damage|p2a: Incineroar|0 fnt
|faint|p2a: Incineroar
|move|p2b: Amoonguss|Pollen Puff|p2: Incineroar|[notarget]
|-fail|p2b: Amoonguss
|
|-heal|p2b: Amoonguss|51/100|[from] Grassy Terrain
|-fieldend|move: Grassy Terrain
|upkeep
|turn|11
|
|t:|1757675397
|move|p1b: Rillaboom|High Horsepower|p2b: Amoonguss
|-damage|p2b: Amoonguss|33/100
|move|p2b: Amoonguss|Pollen Puff|p1b: Rillaboom
|-supereffective|p1b: Rillaboom
|-damage|p1b: Rillaboom|70/100
|
|upkeep
|turn|12
|
|t:|1757675402
|move|p1b: Rillaboom|High Horsepower|p2b: Amoonguss
|-damage|p2b: Amoonguss|13/100
|move|p2b: Amoonguss|Pollen Puff|p1b: Rillaboom
|-supereffective|p1b: Rillaboom
|-damage|p1b: Rillaboom|42/100
|
|upkeep
|turn|13
|
|t:|1757675407
|move|p1b: Rillaboom|High Horsepower|p2b: Amoonguss
|-crit|p2b: Amoonguss
|-damage|p2b: Amoonguss|0 fnt
|faint|p2b: Amoonguss
|
|win|k3ksmann
||k3ksmann is ready for game 3.
|inactive|thierryvgc has 30 seconds to confirm battle start!
|inactive|thierryvgc has 20 seconds to confirm battle start!
||thierryvgc is ready for game 3.
|uhtml|next|Next: Game 3 of 3
