|j|☆koronops5
|j|☆AxTheb
|html|koronops5AxTheb    
|uhtml|bestof|Game 3 of a best-of-3
|t:|1756584663
|gametype|doubles
|player|p1|koronops5|102|1087
|player|p2|AxTheb|266|1045
|gen|9
|tier|[Gen 9] VGC 2025 Reg H (Bo3)
|rated|
|rule|Species Clause: Limit one of each Pokémon
|rule|Item Clause: Limit 1 of each item
|clearpoke
|poke|p1|Charizard, L50, M|
|poke|p1|Torkoal, L50, F|
|poke|p1|Porygon2, L50|
|poke|p1|Incineroar, L50, F|
|poke|p1|Jumpluff, L50, F|
|poke|p1|Ursaluna, L50, M|
|poke|p2|Amoonguss, L50, F|
|poke|p2|Dragonite, L50, M|
|poke|p2|Excadrill, L50, F|
|poke|p2|Gholdengo, L50|
|poke|p2|Gyarados, L50, M|
|poke|p2|Tyranitar, L50, M|
|teampreview|4
|showteam|p1|Charizard||ChoiceSpecs|SolarPower|HeatWave,DragonPulse,WeatherBall,AirSlash|||M|||50|,,,,,Ghost]Torkoal||EjectPack|Drought|Eruption,Overheat,HelpingHand,Protect|||F|||50|,,,,,Fire]Porygon2||Eviolite|Download|TeraBlast,IceBeam,Recover,TrickRoom||||||50|,,,,,Fighting]Incineroar||SitrusBerry|Intimidate|FlareBlitz,KnockOff,FakeOut,PartingShot|||F|||50|,,,,,Ghost]Jumpluff||CovertCloak|Chlorophyll|SleepPowder,SunnyDay,RagePowder,Tailwind|||F|||50|,,,,,Water]Ursaluna||FlameOrb|Guts|HeadlongRush,Facade,Earthquake,Protect|||M|||50|,,,,,Ghost
|showteam|p2|Amoonguss||SitrusBerry|Regenerator|SludgeBomb,Spore,RagePowder,Protect|||F|||50|,,,,,Water]Dragonite||LoadedDice|InnerFocus|ScaleShot,LowKick,Tailwind,Haze|||M|||50|,,,,,Fairy]Excadrill||FocusSash|SandRush|IronHead,BodySlam,Earthquake,Protect|||F|||50|,,,,,Ghost]Gholdengo||LifeOrb|GoodasGold|MakeItRain,LowKick,NastyPlot,Protect||||||50|,,,,,Dragon]Gyarados||SafetyGoggles|Intimidate|Waterfall,ThunderWave,Taunt,Protect|||M|||50|,,,,,Steel]Tyranitar||AssaultVest|SandStream|RockSlide,KnockOff,LowKick,TeraBlast|||M|||50|,,,,,Flying
|inactive|Battle timer is ON: inactive players will automatically lose when time's up. (requested by AxTheb)
|inactive|koronops5 has 60 seconds left.
|inactive|AxTheb has 60 seconds left.
|inactive|koronops5 has 30 seconds left.
|inactive|koronops5 has 20 seconds left.
|inactive|koronops5 has 15 seconds left.
|inactive|koronops5 has 10 seconds left.
|
|t:|1756584745
|teamsize|p1|4
|teamsize|p2|4
|start
|switch|p1a: Incineroar|Incineroar, L50, F|100/100
|switch|p1b: Porygon2|Porygon2, L50|100/100
|switch|p2a: Amoonguss|Amoonguss, L50, F|100/100
|switch|p2b: Tyranitar|Tyranitar, L50, M|100/100
|-ability|p1a: Incineroar|Intimidate|boost
|-unboost|p2a: Amoonguss|atk|1
|-unboost|p2b: Tyranitar|atk|1
|-weather|Sandstorm|[from] ability: Sand Stream|[of] p2b: Tyranitar
|-ability|p1b: Porygon2|Download|boost
|-boost|p1b: Porygon2|spa|1
|turn|1
|inactive|AxTheb has 30 seconds left.
|
|t:|1756584779
|-terastallize|p1b: Porygon2|Fighting
|move|p1a: Incineroar|Flare Blitz|p2a: Amoonguss
|-supereffective|p2a: Amoonguss
|-damage|p2a: Amoonguss|21/100
|-enditem|p2a: Amoonguss|Sitrus Berry|[eat]
|-heal|p2a: Amoonguss|46/100|[from] item: Sitrus Berry
|-damage|p1a: Incineroar|72/100|[from] Recoil
|move|p2b: Tyranitar|Low Kick|p1a: Incineroar
|-supereffective|p1a: Incineroar
|-damage|p1a: Incineroar|32/100
|-enditem|p1a: Incineroar|Sitrus Berry|[eat]
|-heal|p1a: Incineroar|56/100|[from] item: Sitrus Berry
|move|p1b: Porygon2|Tera Blast|p2b: Tyranitar|[anim] Tera Blast Fighting
|-supereffective|p2b: Tyranitar
|-damage|p2b: Tyranitar|4/100
|move|p2a: Amoonguss|Spore|p1a: Incineroar
|-status|p1a: Incineroar|slp|[from] move: Spore
|
|-weather|Sandstorm|[upkeep]
|-damage|p1a: Incineroar|50/100 slp|[from] Sandstorm
|-damage|p1b: Porygon2|94/100|[from] Sandstorm
|-damage|p2a: Amoonguss|40/100|[from] Sandstorm
|upkeep
|turn|2
|inactive|koronops5 has 30 seconds left.
|inactive|AxTheb has 30 seconds left.
|inactive|AxTheb has 20 seconds left.
|inactive|AxTheb has 15 seconds left.
|inactive|AxTheb has 10 seconds left.
|
|t:|1756584824
|switch|p1a: Ursaluna|Ursaluna, L50, M|100/100
|move|p2a: Amoonguss|Rage Powder|p2a: Amoonguss
|-singleturn|p2a: Amoonguss|move: Rage Powder
|move|p2b: Tyranitar|Knock Off|p1b: Porygon2
|-resisted|p1b: Porygon2
|-damage|p1b: Porygon2|83/100
|-enditem|p1b: Porygon2|Eviolite|[from] move: Knock Off|[of] p2b: Tyranitar
|move|p1b: Porygon2|Trick Room|p1b: Porygon2
|-fieldstart|move: Trick Room|[of] p1b: Porygon2
|
|-weather|Sandstorm|[upkeep]
|-damage|p2a: Amoonguss|35/100|[from] Sandstorm
|-damage|p1b: Porygon2|77/100|[from] Sandstorm
|-status|p1a: Ursaluna|brn|[from] item: Flame Orb
|upkeep
|turn|3
|inactive|AxTheb has 30 seconds left.
|inactive|koronops5 has 30 seconds left.
|inactive|AxTheb has 20 seconds left.
|inactive|AxTheb has 15 seconds left.
|inactive|AxTheb has 10 seconds left.
|
|t:|1756584871
|switch|p2a: Gyarados|Gyarados, L50, M|100/100
|-ability|p2a: Gyarados|Intimidate|boost
|-unboost|p1a: Ursaluna|atk|1
|-unboost|p1b: Porygon2|atk|1
|-terastallize|p2b: Tyranitar|Flying
|move|p1b: Porygon2|Ice Beam|p2b: Tyranitar
|-supereffective|p2b: Tyranitar
|-damage|p2b: Tyranitar|0 fnt
|faint|p2b: Tyranitar
|move|p1a: Ursaluna|Earthquake|p2a: Gyarados|[spread] p1b
|-immune|p2a: Gyarados
|-damage|p1b: Porygon2|33/100
|
|-weather|Sandstorm|[upkeep]
|-damage|p1b: Porygon2|27/100|[from] Sandstorm
|-damage|p1a: Ursaluna|95/100 brn|[from] brn
|upkeep
|
|t:|1756584886
|switch|p2b: Excadrill|Excadrill, L50, F|100/100
|turn|4
|
|t:|1756584909
|switch|p1b: Incineroar|Incineroar, L50, F|50/100 slp
|-ability|p1b: Incineroar|Intimidate|boost
|-unboost|p2a: Gyarados|atk|1
|-unboost|p2b: Excadrill|atk|1
|move|p1a: Ursaluna|Facade|p2a: Gyarados
|-damage|p2a: Gyarados|18/100
|move|p2a: Gyarados|Taunt|p1b: Incineroar
|-start|p1b: Incineroar|move: Taunt
|move|p2b: Excadrill|Earthquake|p1a: Ursaluna|[spread] p1a,p1b
|-immune|p2a: Gyarados
|-supereffective|p1b: Incineroar
|-damage|p1a: Ursaluna|71/100 brn
|-damage|p1b: Incineroar|0 fnt
|faint|p1b: Incineroar
|
|-weather|Sandstorm|[upkeep]
|-damage|p1a: Ursaluna|66/100 brn|[from] brn
|upkeep
|
|t:|1756584922
|switch|p1b: Torkoal|Torkoal, L50, F|100/100
|-weather|SunnyDay|[from] ability: Drought|[of] p1b: Torkoal
|turn|5
|inactive|AxTheb has 30 seconds left.
|inactive|AxTheb has 20 seconds left.
|
|t:|1756584961
|move|p2a: Gyarados|Protect|p2a: Gyarados
|-singleturn|p2a: Gyarados|Protect
|move|p1b: Torkoal|Eruption|p2a: Gyarados|[spread] p2b
|-activate|p2a: Gyarados|move: Protect
|-supereffective|p2b: Excadrill
|-enditem|p2b: Excadrill|Focus Sash
|-damage|p2b: Excadrill|1/100
|move|p1a: Ursaluna|Headlong Rush|p2b: Excadrill
|-supereffective|p2b: Excadrill
|-damage|p2b: Excadrill|0 fnt
|-unboost|p1a: Ursaluna|def|1
|-unboost|p1a: Ursaluna|spd|1
|faint|p2b: Excadrill
|
|-weather|SunnyDay|[upkeep]
|-damage|p1a: Ursaluna|60/100 brn|[from] brn
|upkeep
|
|t:|1756584976
|switch|p2b: Amoonguss|Amoonguss, L50, F|68/100
|turn|6
|
|t:|1756584989
|switch|p1a: Porygon2|Porygon2, L50, tera:Fighting|27/100
|-ability|p1a: Porygon2|Download|boost
|-boost|p1a: Porygon2|atk|1
|move|p1b: Torkoal|Eruption|p2b: Amoonguss|[spread] p2a,p2b
|-resisted|p2a: Gyarados
|-supereffective|p2b: Amoonguss
|-damage|p2a: Gyarados|0 fnt
|-damage|p2b: Amoonguss|0 fnt
|faint|p2a: Gyarados
|faint|p2b: Amoonguss
|
|win|koronops5
|raw|koronops5's rating: 1087 → 1111(+24 for winning)
|raw|AxTheb's rating: 1045 → 1030(-15 for losing)
|l|☆AxTheb
|player|p2|
|l|☆koronops5
|player|p1|
|j|☆koronops5
|player|p1|koronops5|102|
|l|☆koronops5
|player|p1|
|j|☆koronops5
|player|p1|koronops5|102|
