|j|☆pakaan64
|j|☆jonen
|html|pakaan64jonen    
|uhtml|bestof|Game 1 of a best-of-3
|t:|1756471895
|gametype|doubles
|player|p1|pakaan64|2|1104
|player|p2|jonen|ruinmaniac-gen3|1208
|gen|9
|tier|[Gen 9] VGC 2025 Reg H (Bo3)
|rated|
|rule|Species Clause: Limit one of each Pokémon
|rule|Item Clause: Limit 1 of each item
|clearpoke
|poke|p1|Ursaluna, L50, M|
|poke|p1|Indeedee-F, L50, F|
|poke|p1|Hydreigon, L50, F|
|poke|p1|Electabuzz, L50, M|
|poke|p1|Delphox, L50, F|
|poke|p1|Amoonguss, L50, F|
|poke|p2|Garchomp, L50, F|
|poke|p2|Weezing-Galar, L50, F|
|poke|p2|Archaludon, L50, F|
|poke|p2|Gholdengo, L50|
|poke|p2|Talonflame, L50, M|
|poke|p2|Annihilape, L50, F|
|teampreview|4
|showteam|p1|Ursaluna||FlameOrb|Guts|HeadlongRush,Protect,Earthquake,Facade|||M|||50|,,,,,Ghost]Indeedee-F||SitrusBerry|PsychicSurge|Protect,FollowMe,Psychic,TrickRoom|||F|||50|,,,,,Fairy]Hydreigon||CovertCloak|Levitate|Tailwind,DracoMeteor,DarkPulse,Protect|||F|||50|,,,,,Poison]Electabuzz||Eviolite|VitalSpirit|FollowMe,Protect,Electroweb,HelpingHand|||M|||50|,,,,,Fairy]Delphox||LifeOrb|Blaze|TeraBlast,ExpandingForce,Protect,HeatWave|||F|||50|,,,,,Fighting]Amoonguss||RockyHelmet|Regenerator|Spore,Protect,PollenPuff,SludgeBomb|||F|||50|,,,,,Fire
|showteam|p2|Garchomp||LifeOrb|RoughSkin|DragonClaw,Earthquake,StompingTantrum,Protect|||F|||50|,,,,,Ground]Weezing-Galar||FocusSash|NeutralizingGas|Protect,SludgeBomb,Taunt,StrangeSteam|||F|||50|,,,,,Flying]Archaludon||PowerHerb|Sturdy|ElectroShot,Thunderbolt,DracoMeteor,Protect|||F|||50|,,,,,Electric]Gholdengo||ChoiceSpecs|GoodasGold|ShadowBall,DazzlingGleam,PowerGem,MakeItRain||||||50|,,,,,Fairy]Talonflame||CovertCloak|GaleWings|Tailwind,DualWingbeat,WillOWisp,FlareBlitz|||M|||50|,,,,,Fairy]Annihilape||AssaultVest|Defiant|CloseCombat,RageFist,FinalGambit,IcePunch|||F|||50|,,,,,Grass
|
|t:|1756471913
|teamsize|p1|4
|teamsize|p2|4
|start
|switch|p1a: Hydreigon|Hydreigon, L50, F|100/100
|switch|p1b: Delphox|Delphox, L50, F|100/100
|switch|p2a: Weezing|Weezing-Galar, L50, F|100/100
|switch|p2b: Garchomp|Garchomp, L50, F|100/100
|-ability|p2a: Weezing|Neutralizing Gas
|turn|1
|
|t:|1756471954
|-terastallize|p1a: Hydreigon|Poison
|move|p1b: Delphox|Protect|p1b: Delphox
|-singleturn|p1b: Delphox|Protect
|move|p2b: Garchomp|Stomping Tantrum|p1b: Delphox
|-activate|p1b: Delphox|move: Protect
|move|p1a: Hydreigon|Tailwind|p1a: Hydreigon
|-sidestart|p1: pakaan64|move: Tailwind
|move|p2a: Weezing|Strange Steam|p1a: Hydreigon
|-resisted|p1a: Hydreigon
|-damage|p1a: Hydreigon|77/100
|
|upkeep
|turn|2
|
|t:|1756471980
|-terastallize|p2b: Garchomp|Ground
|move|p2a: Weezing|Protect|p2a: Weezing
|-singleturn|p2a: Weezing|Protect
|move|p1b: Delphox|Expanding Force|p2b: Garchomp
|-damage|p2b: Garchomp|40/100
|-damage|p1b: Delphox|90/100|[from] item: Life Orb
|move|p1a: Hydreigon|Draco Meteor|p2b: Garchomp
|-damage|p2b: Garchomp|0 fnt
|-unboost|p1a: Hydreigon|spa|2
|faint|p2b: Garchomp
|
|upkeep
|
|t:|1756471991
|switch|p2b: Annihilape|Annihilape, L50, F|100/100
|turn|3
|
|t:|1756472011
|switch|p1b: Indeedee|Indeedee-F, L50, F|100/100
|move|p1a: Hydreigon|Dark Pulse|p2a: Weezing
|-resisted|p2a: Weezing
|-damage|p2a: Weezing|83/100
|move|p2b: Annihilape|Rage Fist|p1a: Hydreigon
|-damage|p1a: Hydreigon|48/100
|move|p2a: Weezing|Sludge Bomb|p1b: Indeedee
|-damage|p1b: Indeedee|68/100
|-status|p1b: Indeedee|psn
|
|-damage|p1b: Indeedee|55/100 psn|[from] psn
|upkeep
|turn|4
|
|t:|1756472089
|move|p1a: Hydreigon|Dark Pulse|p2b: Annihilape
|-damage|p2b: Annihilape|88/100
|move|p1b: Indeedee|Psychic|p2b: Annihilape
|-supereffective|p2b: Annihilape
|-damage|p2b: Annihilape|48/100
|move|p2b: Annihilape|Close Combat|p1b: Indeedee
|-crit|p1b: Indeedee
|-damage|p1b: Indeedee|0 fnt
|-unboost|p2b: Annihilape|def|1
|-unboost|p2b: Annihilape|spd|1
|faint|p1b: Indeedee
|move|p2a: Weezing|Sludge Bomb|p1a: Hydreigon
|-resisted|p1a: Hydreigon
|-damage|p1a: Hydreigon|23/100
|
|-sideend|p1: pakaan64|move: Tailwind
|upkeep
|
|t:|1756472097
|switch|p1b: Delphox|Delphox, L50, F|90/100
|turn|5
|
|t:|1756472113
|move|p1b: Delphox|Expanding Force|p2b: Annihilape
|-supereffective|p2b: Annihilape
|-damage|p2b: Annihilape|0 fnt
|faint|p2b: Annihilape
|-damage|p1b: Delphox|80/100|[from] item: Life Orb
|move|p1a: Hydreigon|Tailwind|p1a: Hydreigon
|-sidestart|p1: pakaan64|move: Tailwind
|move|p2a: Weezing|Sludge Bomb|p1b: Delphox
|-damage|p1b: Delphox|34/100
|
|upkeep
|
|t:|1756472115
|switch|p2b: Gholdengo|Gholdengo, L50|100/100
|turn|6
|
|t:|1756472138
|move|p1b: Delphox|Heat Wave|p2b: Gholdengo|[spread] p2a,p2b
|-supereffective|p2b: Gholdengo
|-damage|p2a: Weezing|6/100
|-damage|p2b: Gholdengo|8/100
|-damage|p1b: Delphox|24/100|[from] item: Life Orb
|move|p1a: Hydreigon|Dark Pulse|p2b: Gholdengo
|-supereffective|p2b: Gholdengo
|-damage|p2b: Gholdengo|0 fnt
|faint|p2b: Gholdengo
|move|p2a: Weezing|Sludge Bomb|p1b: Delphox
|-damage|p1b: Delphox|0 fnt
|faint|p1b: Delphox
|
|upkeep
|
|t:|1756472141
|switch|p1b: Ursaluna|Ursaluna, L50, M|100/100
|turn|7
|
|t:|1756472149
|move|p1a: Hydreigon|Dark Pulse|p2a: Weezing
|-resisted|p2a: Weezing
|-damage|p2a: Weezing|0 fnt
|faint|p2a: Weezing
|-end|p2a: Weezing|ability: Neutralizing Gas
|
|win|pakaan64
