|j|☆Jakobtc
|j|☆Acesan24
|html|JakobtcAcesan24    
|uhtml|bestof|Game 1 of a best-of-3
|t:|1757697145
|gametype|doubles
|player|p1|Jakobtc|riley|1086
|player|p2|Acesan24|170|1119
|gen|9
|tier|[Gen 9] VGC 2025 Reg H (Bo3)
|rated|
|rule|Species Clause: Limit one of each Pokémon
|rule|Item Clause: Limit 1 of each item
|clearpoke
|poke|p1|Drifblim, L50, M|
|poke|p1|Indeedee, L50, M|
|poke|p1|Arcanine-Hisui, L50, M|
|poke|p1|Garchomp, L50, M|
|poke|p1|Amoonguss, L50, F|
|poke|p1|Primarina, L50, F|
|poke|p2|Sneasler, L50, F|
|poke|p2|Archaludon, L50, F|
|poke|p2|Basculegion, L50, M|
|poke|p2|Pelipper, L50, M|
|poke|p2|Whimsicott, L50, M|
|poke|p2|Lucario, L50, M|
|teampreview|4
|showteam|p1|Drifblim||PsychicSeed|Unburden|Tailwind,StrengthSap,WillOWisp,Acrobatics|||M|||50|,,,,,Grass]Indeedee||FocusSash|PsychicSurge|ExpandingForce,TeraBlast,SkillSwap,Protect|||M|||50|,,,,,Fighting]Arcanine-Hisui||ChoiceBand|Intimidate|RockSlide,FlareBlitz,ExtremeSpeed,CloseCombat|||M|||50|,,,,,Grass]Garchomp||LifeOrb|RoughSkin|StompingTantrum,DragonClaw,Earthquake,Protect|||M|||50|,,,,,Ground]Amoonguss||SitrusBerry|Regenerator|Spore,LeafStorm,RagePowder,Protect|||F|||50|,,,,,Water]Primarina||MysticWater|LiquidVoice|HyperVoice,Moonblast,Haze,Protect|||F|||50|,,,,,Steel
|showteam|p2|Sneasler||ToxicPlate|Unburden|CloseCombat,DireClaw,FakeOut,Fling|||F|||50|,,,,,Dark]Archaludon||AssaultVest|Stamina|BodyPress,ElectroShot,FlashCannon,DracoMeteor|||F|||50|,,,,,Flying]Basculegion||ChoiceBand|SwiftSwim|AquaJet,FlipTurn,LastRespects,WaveCrash|||M|||50|,,,,,Water]Pelipper||CovertCloak|Drizzle|Hurricane,Tailwind,WeatherBall,Protect|||M|||50|,,,,,Ground]Whimsicott||FocusSash|Prankster|Endeavor,Moonblast,Tailwind,BeatUp|||M|||50|,,,,,Ghost]Lucario||LifeOrb|Justified|Crunch,DrainPunch,ExtremeSpeed,BulletPunch|||M|||50|,,,,,Dark
|c|☆Jakobtc|glhf
|
|t:|1757697190
|teamsize|p1|4
|teamsize|p2|4
|start
|switch|p1a: Drifblim|Drifblim, L50, M|100/100
|switch|p1b: Indeedee|Indeedee, L50, M|100/100
|switch|p2a: Sneasler|Sneasler, L50, F|100/100
|switch|p2b: Basculegion|Basculegion, L50, M|100/100
|-fieldstart|move: Psychic Terrain|[from] ability: Psychic Surge|[of] p1b: Indeedee
|-enditem|p1a: Drifblim|Psychic Seed
|-boost|p1a: Drifblim|spd|1|[from] item: Psychic Seed
|turn|1
|inactive|Battle timer is ON: inactive players will automatically lose when time's up. (requested by Jakobtc)
|
|t:|1757697241
|move|p1b: Indeedee|Protect|p1b: Indeedee
|-singleturn|p1b: Indeedee|Protect
|move|p1a: Drifblim|Will-O-Wisp|p2b: Basculegion
|-status|p2b: Basculegion|brn
|move|p2a: Sneasler|Fling|p1b: Indeedee
|-activate|p1b: Indeedee|move: Protect
|-enditem|p2a: Sneasler|Toxic Plate|[from] move: Fling
|move|p2b: Basculegion|Flip Turn|p1b: Indeedee
|-activate|p1b: Indeedee|move: Protect
|
|-damage|p2b: Basculegion|94/100 brn|[from] brn
|upkeep
|turn|2
|
|t:|1757697264
|move|p2a: Sneasler|Dire Claw|p1a: Drifblim
|-resisted|p1a: Drifblim
|-damage|p1a: Drifblim|77/100
|move|p1a: Drifblim|Tailwind|p1a: Drifblim
|-sidestart|p1: Jakobtc|move: Tailwind
|move|p1b: Indeedee|Expanding Force|p2a: Sneasler|[spread] p2a,p2b
|-supereffective|p2a: Sneasler
|-crit|p2a: Sneasler
|-crit|p2b: Basculegion
|-damage|p2a: Sneasler|0 fnt
|-damage|p2b: Basculegion|6/100 brn
|faint|p2a: Sneasler
|move|p2b: Basculegion|Flip Turn|p1b: Indeedee
|-damage|p1b: Indeedee|55/100
|
|t:|1757697272
|switch|p2b: Pelipper|Pelipper, L50, M|100/100|[from] Flip Turn
|-weather|RainDance|[from] ability: Drizzle|[of] p2b: Pelipper
|
|-weather|RainDance|[upkeep]
|upkeep
|
|t:|1757697274
|switch|p2a: Archaludon|Archaludon, L50, F|100/100
|turn|3
|inactive|Jakobtc has 30 seconds left.
|
|t:|1757697299
|move|p1a: Drifblim|Acrobatics|p2b: Pelipper
|-damage|p2b: Pelipper|67/100
|move|p1b: Indeedee|Expanding Force|p2a: Archaludon|[spread] p2a,p2b
|-resisted|p2a: Archaludon
|-damage|p2a: Archaludon|84/100
|-damage|p2b: Pelipper|0 fnt
|-ability|p2a: Archaludon|Stamina|boost
|-boost|p2a: Archaludon|def|1
|faint|p2b: Pelipper
|move|p2a: Archaludon|Electro Shot||[still]
|-prepare|p2a: Archaludon|Electro Shot
|-boost|p2a: Archaludon|spa|1
|-anim|p2a: Archaludon|Electro Shot|p1a: Drifblim
|-supereffective|p1a: Drifblim
|-damage|p1a: Drifblim|5/100
|
|-weather|RainDance|[upkeep]
|upkeep
|
|t:|1757697313
|switch|p2b: Basculegion|Basculegion, L50, M|6/100 brn
|turn|4
|inactive|Acesan24 has 30 seconds left.
|
|t:|1757697347
|move|p1a: Drifblim|Acrobatics|p2b: Basculegion
|-damage|p2b: Basculegion|0 fnt
|faint|p2b: Basculegion
|move|p1b: Indeedee|Skill Swap|p2a: Archaludon
|-activate|p1b: Indeedee|move: Skill Swap|Stamina|Psychic Surge|[of] p2a: Archaludon
|move|p2a: Archaludon|Flash Cannon|p1a: Drifblim
|-damage|p1a: Drifblim|0 fnt
|faint|p1a: Drifblim
|
|-weather|RainDance|[upkeep]
|upkeep
|
|t:|1757697366
|switch|p1a: Amoonguss|Amoonguss, L50, F|100/100
|turn|5
|
|t:|1757697375
|move|p1b: Indeedee|Protect|p1b: Indeedee
|-singleturn|p1b: Indeedee|Protect
|move|p2a: Archaludon|Draco Meteor|p1a: Amoonguss
|-damage|p1a: Amoonguss|33/100
|-unboost|p2a: Archaludon|spa|2
|-enditem|p1a: Amoonguss|Sitrus Berry|[eat]
|-heal|p1a: Amoonguss|58/100|[from] item: Sitrus Berry
|move|p1a: Amoonguss|Spore|p2a: Archaludon
|-status|p2a: Archaludon|slp|[from] move: Spore
|
|-weather|RainDance|[upkeep]
|-sideend|p1: Jakobtc|move: Tailwind
|-fieldend|move: Psychic Terrain
|upkeep
|turn|6
|
|t:|1757697392
|switch|p1a: Garchomp|Garchomp, L50, M|100/100
|-terastallize|p1b: Indeedee|Fighting
|move|p1b: Indeedee|Tera Blast|p2a: Archaludon|[anim] Tera Blast Fighting
|-supereffective|p2a: Archaludon
|-damage|p2a: Archaludon|40/100 slp
|cant|p2a: Archaludon|slp
|
|-weather|none
|upkeep
|turn|7
|
|t:|1757697408
|-terastallize|p2a: Archaludon|Flying
|move|p1a: Garchomp|Stomping Tantrum|p2a: Archaludon
|-immune|p2a: Archaludon
|move|p1b: Indeedee|Expanding Force|p2a: Archaludon
|-damage|p2a: Archaludon|17/100 slp
|cant|p2a: Archaludon|slp
|
|upkeep
|turn|8
|
|t:|1757697423
|move|p1a: Garchomp|Dragon Claw|p2a: Archaludon
|-damage|p2a: Archaludon|0 fnt
|faint|p2a: Archaludon
|-damage|p1a: Garchomp|91/100|[from] item: Life Orb
|
|win|Jakobtc
