|j|☆malo maalez
|j|☆Pyos
|html|malo maalezPyos    
|uhtml|bestof|Game 1 of a best-of-3
|t:|1756669102
|gametype|doubles
|player|p1|malo maalez|steven|1000
|player|p2|Pyos|tulip|1112
|gen|9
|tier|[Gen 9] VGC 2025 Reg H (Bo3)
|rated|
|rule|Species Clause: Limit one of each Pokémon
|rule|Item Clause: Limit 1 of each item
|clearpoke
|poke|p1|Archaludon, L50, M|
|poke|p1|Kingdra, L50, F|
|poke|p1|Politoed, L50, M|
|poke|p1|Incineroar, L50, M|
|poke|p1|Gothitelle, L50, F|
|poke|p1|Amoonguss, L50, M|
|poke|p2|Maushold, L50|
|poke|p2|Archaludon, L50, F|
|poke|p2|Incineroar, L50, M|
|poke|p2|Pelipper, L50, F|
|poke|p2|Rillaboom, L50, M|
|poke|p2|Sneasler, L50, F|
|teampreview|4
|showteam|p1|Archaludon||PowerHerb|Sturdy|Protect,ElectroShot,FlashCannon,DragonPulse|||M|||50|,,,,,Electric]Kingdra||LifeOrb|SwiftSwim|Protect,DracoMeteor,WeatherBall,MuddyWater|||F|||50|,,,,,Stellar]Politoed||Leftovers|Drizzle|Protect,WeatherBall,PerishSong,Encore|||M|||50|,,,,,Grass]Incineroar||SafetyGoggles|Intimidate|FakeOut,KnockOff,PartingShot,Protect|||M|||50|,,,,,Ghost]Gothitelle||SitrusBerry|ShadowTag|Protect,Psychic,FakeOut,TrickRoom|||F|||50|,,,,,Dark]Amoonguss||EjectButton|Regenerator|Protect,RagePowder,Spore,PollenPuff|||M|||50|,,,,,Fairy
|showteam|p2|Maushold||WideLens|Technician|Protect,PopulationBomb,FollowMe,Taunt||||||50|,,,,,Ghost]Archaludon||AssaultVest|Stamina|BodyPress,ElectroShot,DragonPulse,FlashCannon|||F|||50|,,,,,Bug]Incineroar||SafetyGoggles|Intimidate|KnockOff,FakeOut,FlareBlitz,PartingShot|||M|||50|,,,,,Ghost]Pelipper||FocusSash|Drizzle|Tailwind,WeatherBall,Hurricane,Protect|||F|||50|,,,,,Ghost]Rillaboom||MiracleSeed|GrassySurge|GrassyGlide,WoodHammer,FakeOut,Uturn|||M|||50|,,,,,Fire]Sneasler||GrassySeed|Unburden|CloseCombat,DireClaw,ThroatChop,Protect|||F|||50|,,,,,Dark
|inactive|Battle timer is ON: inactive players will automatically lose when time's up. (requested by Pyos)
|
|t:|1756669149
|teamsize|p1|4
|teamsize|p2|4
|start
|switch|p1a: Incineroar|Incineroar, L50, M, shiny|100/100
|switch|p1b: Archaludon|Archaludon, L50, M|100/100
|switch|p2a: Incineroar|Incineroar, L50, M|100/100
|switch|p2b: Rillaboom|Rillaboom, L50, M|100/100
|-fieldstart|move: Grassy Terrain|[from] ability: Grassy Surge|[of] p2b: Rillaboom
|-ability|p2a: Incineroar|Intimidate|boost
|-unboost|p1a: Incineroar|atk|1
|-unboost|p1b: Archaludon|atk|1
|-ability|p1a: Incineroar|Intimidate|boost
|-unboost|p2a: Incineroar|atk|1
|-unboost|p2b: Rillaboom|atk|1
|turn|1
|
|t:|1756669166
|switch|p1b: Gothitelle|Gothitelle, L50, F|100/100
|switch|p2b: Archaludon|Archaludon, L50, F|100/100
|move|p2a: Incineroar|Fake Out|p1a: Incineroar
|-damage|p1a: Incineroar|93/100
|cant|p1a: Incineroar|flinch
|
|-heal|p1a: Incineroar|99/100|[from] Grassy Terrain
|upkeep
|turn|2
|inactive|malo maalez has 30 seconds left.
|inactive|Pyos has 30 seconds left.
|inactive|Pyos has 20 seconds left.
|inactive|malo maalez has 20 seconds left.
|inactive|Pyos has 15 seconds left.
|inactive|Pyos has 10 seconds left.
|
|t:|1756669215
|move|p1b: Gothitelle|Fake Out|p2a: Incineroar
|-damage|p2a: Incineroar|96/100
|move|p2b: Archaludon|Dragon Pulse|p1a: Incineroar
|-damage|p1a: Incineroar|74/100
|cant|p2a: Incineroar|flinch
|move|p1a: Incineroar|Parting Shot|p2b: Archaludon
|-unboost|p2b: Archaludon|atk|1
|-unboost|p2b: Archaludon|spa|1
|
|t:|1756669220
|switch|p1a: Politoed|Politoed, L50, M|100/100|[from] Parting Shot
|-weather|RainDance|[from] ability: Drizzle|[of] p1a: Politoed
|
|-weather|RainDance|[upkeep]
|-heal|p2a: Incineroar|100/100|[from] Grassy Terrain
|upkeep
|turn|3
|inactive|malo maalez has 30 seconds left.
|inactive|malo maalez has 20 seconds left.
|inactive|Pyos has 30 seconds left.
|inactive|malo maalez has 15 seconds left.
|
|t:|1756669261
|switch|p1b: Incineroar|Incineroar, L50, M, shiny|74/100
|-ability|p1b: Incineroar|Intimidate|boost
|-unboost|p2a: Incineroar|atk|1
|-unboost|p2b: Archaludon|atk|1
|-terastallize|p1a: Politoed|Grass
|-terastallize|p2a: Incineroar|Ghost
|move|p2b: Archaludon|Electro Shot||[still]
|-prepare|p2b: Archaludon|Electro Shot
|-boost|p2b: Archaludon|spa|1
|-anim|p2b: Archaludon|Electro Shot|p1a: Politoed
|-resisted|p1a: Politoed
|-damage|p1a: Politoed|85/100
|move|p1a: Politoed|Perish Song|p1a: Politoed
|-start|p1a: Politoed|perish3|[silent]
|-start|p1b: Incineroar|perish3|[silent]
|-start|p2a: Incineroar|perish3|[silent]
|-start|p2b: Archaludon|perish3|[silent]
|-fieldactivate|move: Perish Song
|move|p2a: Incineroar|Knock Off|p1a: Politoed
|-damage|p1a: Politoed|63/100
|-enditem|p1a: Politoed|Leftovers|[from] move: Knock Off|[of] p2a: Incineroar
|
|-weather|RainDance|[upkeep]
|-heal|p1a: Politoed|70/100|[from] Grassy Terrain
|-heal|p1b: Incineroar|80/100|[from] Grassy Terrain
|-start|p2b: Archaludon|perish3
|-start|p1a: Politoed|perish3
|-start|p2a: Incineroar|perish3
|-start|p1b: Incineroar|perish3
|upkeep
|turn|4
|inactive|malo maalez has 30 seconds left.
|inactive|Pyos has 30 seconds left.
|
|t:|1756669291
|switch|p2b: Sneasler|Sneasler, L50, F|100/100
|-enditem|p2b: Sneasler|Grassy Seed
|-boost|p2b: Sneasler|def|1|[from] item: Grassy Seed
|move|p1a: Politoed|Weather Ball|p2a: Incineroar
|-damage|p2a: Incineroar|66/100
|move|p2a: Incineroar|Knock Off|p1b: Incineroar
|-resisted|p1b: Incineroar
|-damage|p1b: Incineroar|71/100
|-enditem|p1b: Incineroar|Safety Goggles|[from] move: Knock Off|[of] p2a: Incineroar
|move|p1b: Incineroar|Parting Shot|p2b: Sneasler
|-unboost|p2b: Sneasler|atk|1
|-unboost|p2b: Sneasler|spa|1
|
|t:|1756669297
|switch|p1b: Gothitelle|Gothitelle, L50, F|100/100|[from] Parting Shot
|
|-weather|RainDance|[upkeep]
|-heal|p1a: Politoed|76/100|[from] Grassy Terrain
|-heal|p2a: Incineroar|72/100|[from] Grassy Terrain
|-start|p1a: Politoed|perish2
|-start|p2a: Incineroar|perish2
|upkeep
|turn|5
|inactive|Pyos has 30 seconds left.
|
|t:|1756669330
|move|p2b: Sneasler|Protect|p2b: Sneasler
|-singleturn|p2b: Sneasler|Protect
|move|p1a: Politoed|Encore|p2b: Sneasler
|-activate|p2b: Sneasler|move: Protect
|move|p2a: Incineroar|Flare Blitz|p1a: Politoed
|-supereffective|p1a: Politoed
|-damage|p1a: Politoed|50/100
|-damage|p2a: Incineroar|63/100|[from] Recoil
|move|p1b: Gothitelle|Psychic|p2b: Sneasler
|-activate|p2b: Sneasler|move: Protect
|
|-weather|RainDance|[upkeep]
|-heal|p1a: Politoed|56/100|[from] Grassy Terrain
|-heal|p2a: Incineroar|69/100|[from] Grassy Terrain
|-start|p1a: Politoed|perish1
|-start|p2a: Incineroar|perish1
|-fieldend|move: Grassy Terrain
|upkeep
|turn|6
|inactive|Pyos has 30 seconds left.
|inactive|Pyos has 20 seconds left.
|inactive|Pyos has 15 seconds left.
|
|t:|1756669374
|switch|p1a: Incineroar|Incineroar, L50, M, shiny|71/100
|-ability|p1a: Incineroar|Intimidate|boost
|-unboost|p2a: Incineroar|atk|1
|-unboost|p2b: Sneasler|atk|1
|switch|p2a: Rillaboom|Rillaboom, L50, M|100/100
|-fieldstart|move: Grassy Terrain|[from] ability: Grassy Surge|[of] p2a: Rillaboom
|move|p2b: Sneasler|Close Combat|p1a: Incineroar
|-supereffective|p1a: Incineroar
|-damage|p1a: Incineroar|7/100
|-unboost|p2b: Sneasler|def|1
|-unboost|p2b: Sneasler|spd|1
|move|p1b: Gothitelle|Psychic|p2b: Sneasler
|-supereffective|p2b: Sneasler
|-crit|p2b: Sneasler
|-damage|p2b: Sneasler|0 fnt
|faint|p2b: Sneasler
|
|-weather|none
|-heal|p1a: Incineroar|13/100|[from] Grassy Terrain
|upkeep
|
|t:|1756669387
|switch|p2b: Incineroar|Incineroar, L50, M, tera:Ghost|69/100
|-ability|p2b: Incineroar|Intimidate|boost
|-unboost|p1a: Incineroar|atk|1
|-unboost|p1b: Gothitelle|atk|1
|turn|7
|inactive|Pyos has 30 seconds left.
|
|t:|1756669417
|switch|p1b: Archaludon|Archaludon, L50, M|100/100
|move|p1a: Incineroar|Protect|p1a: Incineroar
|-singleturn|p1a: Incineroar|Protect
|move|p2a: Rillaboom|Fake Out|p1a: Incineroar
|-activate|p1a: Incineroar|move: Protect
|move|p2b: Incineroar|Knock Off|p1b: Archaludon
|-damage|p1b: Archaludon|65/100
|-enditem|p1b: Archaludon|Power Herb|[from] move: Knock Off|[of] p2b: Incineroar
|
|-heal|p1b: Archaludon|71/100|[from] Grassy Terrain
|-heal|p2b: Incineroar|75/100|[from] Grassy Terrain
|-heal|p1a: Incineroar|19/100|[from] Grassy Terrain
|upkeep
|turn|8
|
|t:|1756669440
|switch|p2b: Archaludon|Archaludon, L50, F|100/100
|switch|p1a: Politoed|Politoed, L50, M, tera:Grass|56/100
|-weather|RainDance|[from] ability: Drizzle|[of] p1a: Politoed
|move|p1b: Archaludon|Electro Shot||[still]
|-prepare|p1b: Archaludon|Electro Shot
|-boost|p1b: Archaludon|spa|1
|-anim|p1b: Archaludon|Electro Shot|p2b: Archaludon
|-resisted|p2b: Archaludon
|-damage|p2b: Archaludon|80/100
|-ability|p2b: Archaludon|Stamina|boost
|-boost|p2b: Archaludon|def|1
|move|p2a: Rillaboom|U-turn|p1a: Politoed
|-supereffective|p1a: Politoed
|-damage|p1a: Politoed|7/100
|
|t:|1756669454
|switch|p2a: Incineroar|Incineroar, L50, M, tera:Ghost|75/100|[from] U-turn
|-ability|p2a: Incineroar|Intimidate|boost
|-unboost|p1a: Politoed|atk|1
|-unboost|p1b: Archaludon|atk|1
|
|-weather|RainDance|[upkeep]
|-heal|p1b: Archaludon|77/100|[from] Grassy Terrain
|-heal|p2b: Archaludon|86/100|[from] Grassy Terrain
|-heal|p1a: Politoed|13/100|[from] Grassy Terrain
|-heal|p2a: Incineroar|81/100|[from] Grassy Terrain
|upkeep
|turn|9
|inactive|malo maalez has 30 seconds left.
|inactive|Pyos has 30 seconds left.
|inactive|malo maalez has 20 seconds left.
|inactive|Pyos has 20 seconds left.
|inactive|Pyos has 15 seconds left.
|inactive|Pyos has 10 seconds left.
|inactive|Pyos has 5 seconds left.
|
|t:|1756669508
|switch|p1a: Gothitelle|Gothitelle, L50, F|100/100
|move|p1b: Archaludon|Protect|p1b: Archaludon
|-singleturn|p1b: Archaludon|Protect
|move|p2b: Archaludon|Electro Shot||[still]
|-prepare|p2b: Archaludon|Electro Shot
|-boost|p2b: Archaludon|spa|1
|-anim|p2b: Archaludon|Electro Shot|p1a: Gothitelle
|-damage|p1a: Gothitelle|62/100
|move|p2a: Incineroar|Knock Off|p1b: Archaludon
|-activate|p1b: Archaludon|move: Protect
|
|-weather|RainDance|[upkeep]
|-heal|p1b: Archaludon|84/100|[from] Grassy Terrain
|-heal|p2b: Archaludon|92/100|[from] Grassy Terrain
|-heal|p2a: Incineroar|87/100|[from] Grassy Terrain
|-heal|p1a: Gothitelle|68/100|[from] Grassy Terrain
|upkeep
|turn|10
|inactive|Pyos has 30 seconds left.
|
|t:|1756669542
|move|p1a: Gothitelle|Fake Out|p2b: Archaludon
|-resisted|p2b: Archaludon
|-damage|p2b: Archaludon|91/100
|-ability|p2b: Archaludon|Stamina|boost
|-boost|p2b: Archaludon|def|1
|move|p1b: Archaludon|Electro Shot||[still]
|-prepare|p1b: Archaludon|Electro Shot
|-boost|p1b: Archaludon|spa|1
|-anim|p1b: Archaludon|Electro Shot|p2a: Incineroar
|-damage|p2a: Incineroar|19/100
|cant|p2b: Archaludon|flinch
|move|p2a: Incineroar|Knock Off|p1a: Gothitelle
|-supereffective|p1a: Gothitelle
|-damage|p1a: Gothitelle|0 fnt
|-enditem|p1a: Gothitelle|Sitrus Berry|[from] move: Knock Off|[of] p2a: Incineroar
|faint|p1a: Gothitelle
|
|-weather|RainDance|[upkeep]
|-heal|p1b: Archaludon|90/100|[from] Grassy Terrain
|-heal|p2b: Archaludon|97/100|[from] Grassy Terrain
|-heal|p2a: Incineroar|25/100|[from] Grassy Terrain
|-fieldend|move: Grassy Terrain
|upkeep
|
|t:|1756669549
|switch|p1a: Incineroar|Incineroar, L50, M, shiny|19/100
|-ability|p1a: Incineroar|Intimidate|boost
|-unboost|p2a: Incineroar|atk|1
|-unboost|p2b: Archaludon|atk|1
|turn|11
|inactive|Pyos has 30 seconds left.
|inactive|Pyos has 20 seconds left.
|inactive|Pyos has 15 seconds left.
|
|t:|1756669590
|move|p1a: Incineroar|Fake Out|p2b: Archaludon
|-resisted|p2b: Archaludon
|-damage|p2b: Archaludon|95/100
|-ability|p2b: Archaludon|Stamina|boost
|-boost|p2b: Archaludon|def|1
|move|p1b: Archaludon|Electro Shot||[still]
|-prepare|p1b: Archaludon|Electro Shot
|-boost|p1b: Archaludon|spa|1
|-anim|p1b: Archaludon|Electro Shot|p2a: Incineroar
|-damage|p2a: Incineroar|0 fnt
|faint|p2a: Incineroar
|cant|p2b: Archaludon|flinch
|
|-weather|RainDance|[upkeep]
|upkeep
|
|t:|1756669599
|switch|p2a: Rillaboom|Rillaboom, L50, M|100/100
|-fieldstart|move: Grassy Terrain|[from] ability: Grassy Surge|[of] p2a: Rillaboom
|turn|12
|
|t:|1756669616
|switch|p1a: Politoed|Politoed, L50, M, tera:Grass|13/100
|move|p1b: Archaludon|Protect|p1b: Archaludon
|-singleturn|p1b: Archaludon|Protect
|move|p2a: Rillaboom|Fake Out|p1b: Archaludon
|-activate|p1b: Archaludon|move: Protect
|move|p2b: Archaludon|Body Press|p1b: Archaludon
|-activate|p1b: Archaludon|move: Protect
|
|-weather|none
|-heal|p1b: Archaludon|96/100|[from] Grassy Terrain
|-heal|p2b: Archaludon|100/100|[from] Grassy Terrain
|-heal|p1a: Politoed|19/100|[from] Grassy Terrain
|upkeep
|turn|13
|
|t:|1756669637
|move|p2a: Rillaboom|Grassy Glide|p1a: Politoed
|-resisted|p1a: Politoed
|-damage|p1a: Politoed|0 fnt
|faint|p1a: Politoed
|move|p1b: Archaludon|Dragon Pulse|p2b: Archaludon
|-damage|p2b: Archaludon|30/100
|-ability|p2b: Archaludon|Stamina|boost
|-boost|p2b: Archaludon|def|1
|move|p2b: Archaludon|Body Press|p1b: Archaludon
|-supereffective|p1b: Archaludon
|-damage|p1b: Archaludon|0 fnt
|faint|p1b: Archaludon
|
|-heal|p2b: Archaludon|36/100|[from] Grassy Terrain
|upkeep
|
|t:|1756669640
|switch|p1b: Incineroar|Incineroar, L50, M, shiny|19/100
|-ability|p1b: Incineroar|Intimidate|boost
|-unboost|p2a: Rillaboom|atk|1
|-unboost|p2b: Archaludon|atk|1
|turn|14
|-message|malo maalez forfeited.
|
|win|Pyos
