|j|â˜†SneakerHead44
|j|â˜†ZyndrickLamar
|html|SneakerHead44ZyndrickLamar    
|uhtml|bestof|Game 1 of a best-of-3
|t:|1784605597
|gametype|doubles
|player|p1|SneakerHead44|rood|
|player|p2|ZyndrickLamar|gentleman-gen4dp|
|gen|9
|tier|[Gen 9 Champions] VGC 2026 Reg M-B (Bo3)
|rule|Species Clause: Limit one of each PokÃ©mon
|rule|Item Clause: Limit 1 of each item
|clearpoke
|poke|p1|Charizard, L50, F, shiny|
|poke|p1|Garchomp, L50, M|
|poke|p1|Incineroar, L50, M|
|poke|p1|Sylveon, L50, F, shiny|
|poke|p1|Aerodactyl, L50, M|
|poke|p1|Farigiraf, L50, M|
|poke|p2|Venusaur, L50, M|
|poke|p2|Grimmsnarl, L50, M|
|poke|p2|Altaria, L50, F|
|poke|p2|Milotic, L50, M|
|poke|p2|Ceruledge, L50, M|
|poke|p2|Raichu, L50, M|
|teampreview|4
|showteam|p1|Charizard||CharizarditeY|Blaze|HeatWave,WeatherBall,SolarBeam,Protect|Modest||F|||50|]Garchomp||LifeOrb|RoughSkin|Earthquake,StompingTantrum,DragonClaw,Protect|Jolly||M|||50|]Incineroar||SitrusBerry|Intimidate|FakeOut,FlareBlitz,ThroatChop,PartingShot|Careful||M|||50|]Sylveon||FairyFeather|Pixilate|HyperVoice,QuickAttack,Moonblast,Detect|Modest||F|||50|]Aerodactyl||FocusSash|Unnerve|RockSlide,Protect,Tailwind,WideGuard|Jolly||M|||50|]Farigiraf||ColburBerry|ArmorTail|TwinBeam,Thunderbolt,TrickRoom,HelpingHand|Relaxed||M|||50|
|showteam|p2|Venusaur||Venusaurite|Chlorophyll|GigaDrain,EarthPower,SludgeBomb,Protect|Modest||M|||50|]Grimmsnarl||LightClay|Prankster|SpiritBreak,Reflect,LightScreen,PartingShot|Bold||M|||50|]Altaria||RoseliBerry|CloudNine|BraveBird,Roost,WillOWisp,Tailwind|Calm||F|||50|]Milotic||Leftovers|Competitive|MuddyWater,Coil,Hypnosis,Recover|Calm||M|||50|]Ceruledge||ColburBerry|FlashFire|Protect,BulkUp,BitterBlade,ShadowSneak|Adamant||M|||50|]Raichu||RaichuniteY|Static|Protect,FakeOut,ZapCannon,FocusBlast|Timid||M|||50|
|c|â˜†ZyndrickLamar|Aight on mobile so no fancy calc tool bullshit
|c|â˜†ZyndrickLamar|Lemme rip the PEN
|j| bjumpsemcorda
|c|â˜†ZyndrickLamar|Study up pal
|l| bjumpsemcorda
|
|t:|1784605694
|teamsize|p1|4
|teamsize|p2|4
|start
|switch|p1a: Reebok|Incineroar, L50, M|100/100
|switch|p1b: Adidas|Garchomp, L50, M|100/100
|switch|p2a: Grimmsnarl|Grimmsnarl, L50, M|100/100
|switch|p2b: Venusaur|Venusaur, L50, M|100/100
|-ability|p1a: Reebok|Intimidate|boost
|-unboost|p2a: Grimmsnarl|atk|1
|-unboost|p2b: Venusaur|atk|1
|turn|1
|
|t:|1784605730
|detailschange|p2b: Venusaur|Venusaur-Mega, L50, M
|-mega|p2b: Venusaur|Venusaur|Venusaurite
|move|p2a: Grimmsnarl|Parting Shot|p1b: Adidas
|-unboost|p1b: Adidas|atk|1
|-unboost|p1b: Adidas|spa|1
|
|t:|1784605737
|switch|p2a: Altaria|Altaria, L50, F|100/100|[from] Parting Shot
|-ability|p2a: Altaria|Cloud Nine
|move|p1b: Adidas|Earthquake|p2b: Venusaur|[spread] p1a,p2b
|-immune|p2a: Altaria
|-supereffective|p1a: Reebok|1
|-damage|p1a: Reebok|42/100
|-damage|p2b: Venusaur|68/100
|-enditem|p1a: Reebok|Sitrus Berry|[eat]
|-heal|p1a: Reebok|66/100|[from] item: Sitrus Berry
|-damage|p1b: Adidas|90/100|[from] item: Life Orb
|move|p2b: Venusaur|Giga Drain|p1b: Adidas
|-damage|p1b: Adidas|48/100
|-heal|p2b: Venusaur|90/100|[from] drain|[of] p1b: Adidas
|move|p1a: Reebok|Parting Shot|p2b: Venusaur
|-unboost|p2b: Venusaur|atk|1
|-unboost|p2b: Venusaur|spa|1
|
|t:|1784605754
|switch|p1a: Pumas|Aerodactyl, L50, M|100/100|[from] Parting Shot
|-ability|p1a: Pumas|Unnerve
|
|upkeep
|turn|2
|
|t:|1784605767
|move|p1a: Pumas|Rock Slide|p2a: Altaria|[spread] p2a,p2b
|-supereffective|p2a: Altaria|1
|-damage|p2a: Altaria|59/100
|-damage|p2b: Venusaur|67/100
|move|p1b: Adidas|Dragon Claw|p2b: Venusaur
|-damage|p2b: Venusaur|37/100
|-damage|p1b: Adidas|38/100|[from] item: Life Orb
|move|p2b: Venusaur|Giga Drain|p1b: Adidas
|-damage|p1b: Adidas|9/100
|-heal|p2b: Venusaur|53/100|[from] drain|[of] p1b: Adidas
|cant|p2a: Altaria|flinch
|
|upkeep
|turn|3
|
|t:|1784605788
|switch|p1b: Reebok|Incineroar, L50, M|66/100
|-ability|p1b: Reebok|Intimidate|boost
|-unboost|p2a: Altaria|atk|1
|-unboost|p2b: Venusaur|atk|1
|switch|p2a: Grimmsnarl|Grimmsnarl, L50, M|100/100
|move|p2b: Venusaur|Protect|p2b: Venusaur
|-singleturn|p2b: Venusaur|Protect
|move|p1a: Pumas|Rock Slide|p2a: Grimmsnarl|[spread] p2a
|-activate|p2b: Venusaur|move: Protect
|-damage|p2a: Grimmsnarl|75/100
|
|upkeep
|turn|4
|
|t:|1784605805
|switch|p2b: Ceruledge|Ceruledge, L50, M|100/100
|move|p2a: Grimmsnarl|Reflect|p2a: Grimmsnarl
|-sidestart|p2: ZyndrickLamar|Reflect
|move|p1a: Pumas|Rock Slide|p2a: Grimmsnarl|[spread] p2a,p2b
|-supereffective|p2b: Ceruledge|1
|-damage|p2a: Grimmsnarl|60/100
|-damage|p2b: Ceruledge|63/100
|move|p1b: Reebok|Flare Blitz|p2b: Ceruledge
|-start|p2b: Ceruledge|ability: Flash Fire
|
|upkeep
|turn|5
|
|t:|1784605839
|move|p2b: Ceruledge|Protect|p2b: Ceruledge
|-singleturn|p2b: Ceruledge|Protect
|move|p2a: Grimmsnarl|Parting Shot|p1a: Pumas
|-unboost|p1a: Pumas|atk|1
|-unboost|p1a: Pumas|spa|1
|
|t:|1784605847
|switch|p2a: Venusaur|Venusaur-Mega, L50, M|53/100|[from] Parting Shot
|move|p1a: Pumas|Rock Slide|p2b: Ceruledge|[spread] p2a
|-activate|p2b: Ceruledge|move: Protect
|-damage|p2a: Venusaur|43/100
|move|p1b: Reebok|Throat Chop|p2b: Ceruledge
|-activate|p2b: Ceruledge|move: Protect
|
|upkeep
|turn|6
|
|t:|1784605864
|move|p1a: Pumas|Rock Slide|p2b: Ceruledge|[spread] p2a,p2b
|-supereffective|p2b: Ceruledge|1
|-damage|p2a: Venusaur|34/100
|-damage|p2b: Ceruledge|41/100
|move|p2a: Venusaur|Earth Power|p1b: Reebok
|-supereffective|p1b: Reebok|1
|-damage|p1b: Reebok|17/100
|move|p2b: Ceruledge|Bitter Blade|p1a: Pumas
|-resisted|p1a: Pumas|1
|-damage|p1a: Pumas|47/100
|-heal|p2b: Ceruledge|64/100|[from] drain|[of] p1a: Pumas
|move|p1b: Reebok|Flare Blitz|p2a: Venusaur
|-supereffective|p2a: Venusaur|1
|-damage|p2a: Venusaur|8/100
|-damage|p1b: Reebok|9/100|[from] Recoil
|
|upkeep
|turn|7
|
|t:|1784605889
|switch|p2a: Grimmsnarl|Grimmsnarl, L50, M|60/100
|move|p2b: Ceruledge|Shadow Sneak|p1b: Reebok
|-resisted|p1b: Reebok|1
|-damage|p1b: Reebok|1/100
|move|p1a: Pumas|Rock Slide|p2b: Ceruledge|[spread] p2a,p2b
|-supereffective|p2b: Ceruledge|1
|-damage|p2a: Grimmsnarl|49/100
|-damage|p2b: Ceruledge|40/100
|move|p1b: Reebok|Throat Chop|p2b: Ceruledge
|-supereffective|p2b: Ceruledge|1
|-damage|p2b: Ceruledge|0 fnt
|faint|p2b: Ceruledge
|
|upkeep
|
|t:|1784605896
|switch|p2b: Venusaur|Venusaur-Mega, L50, M|8/100
|turn|8
|
|t:|1784605913
|move|p2b: Venusaur|Protect|p2b: Venusaur
|-singleturn|p2b: Venusaur|Protect
|move|p1a: Pumas|Rock Slide|p2a: Grimmsnarl|[spread] p2a
|-activate|p2b: Venusaur|move: Protect
|-damage|p2a: Grimmsnarl|38/100
|move|p2a: Grimmsnarl|Spirit Break|p1a: Pumas
|-damage|p1a: Pumas|1/100
|-unboost|p1a: Pumas|spa|1
|move|p1b: Reebok|Flare Blitz|p2a: Grimmsnarl
|-damage|p2a: Grimmsnarl|8/100
|-status|p2a: Grimmsnarl|brn
|-damage|p1b: Reebok|0 fnt|[from] Recoil
|faint|p1b: Reebok
|
|-damage|p2a: Grimmsnarl|2/100 brn|[from] brn
|upkeep
|
|t:|1784605925
|switch|p1b: Nikes|Charizard, L50, F, shiny|100/100
|turn|9
|
|t:|1784605940
|detailschange|p1b: Nikes|Charizard-Mega-Y, L50, F, shiny
|-mega|p1b: Nikes|Charizard|Charizardite Y
|-weather|SunnyDay|[from] ability: Drought|[of] p1b: Nikes
|move|p2a: Grimmsnarl|Parting Shot|p1b: Nikes
|-unboost|p1b: Nikes|atk|1
|-unboost|p1b: Nikes|spa|1
|
|t:|1784605946
|switch|p2a: Altaria|Altaria, L50, F|59/100|[from] Parting Shot
|-ability|p2a: Altaria|Cloud Nine
|move|p1a: Pumas|Rock Slide|p2b: Venusaur|[spread] p2a,p2b
|-supereffective|p2a: Altaria|1
|-damage|p2a: Altaria|37/100
|-damage|p2b: Venusaur|0 fnt
|faint|p2b: Venusaur
|move|p1b: Nikes|Heat Wave|p2a: Altaria
|-resisted|p2a: Altaria|1
|-damage|p2a: Altaria|20/100y
|
|-weather|SunnyDay|[upkeep]
|upkeep
|
|t:|1784605954
|switch|p2b: Grimmsnarl|Grimmsnarl, L50, M|2/100 brn
|turn|10
|
|t:|1784605961
|move|p1a: Pumas|Protect|p1a: Pumas
|-singleturn|p1a: Pumas|Protect
|move|p1b: Nikes|Protect|p1b: Nikes
|-singleturn|p1b: Nikes|Protect
|move|p2a: Altaria|Roost|p2a: Altaria
|-heal|p2a: Altaria|70/100
|-singleturn|p2a: Altaria|move: Roost
|move|p2b: Grimmsnarl|Spirit Break|p1a: Pumas
|-activate|p1a: Pumas|move: Protect
|
|-weather|SunnyDay|[upkeep]
|-damage|p2b: Grimmsnarl|0 fnt|[from] brn
|faint|p2b: Grimmsnarl
|upkeep
|turn|11
|
|t:|1784605975
|move|p1a: Pumas|Tailwind|p1a: Pumas
|-sidestart|p1: SneakerHead44|move: Tailwind
|move|p1b: Nikes|Heat Wave|p2a: Altaria
|-resisted|p2a: Altaria|1
|-crit|p2a: Altaria
|-damage|p2a: Altaria|37/100
|move|p2a: Altaria|Roost|p2a: Altaria
|-heal|p2a: Altaria|87/100
|-singleturn|p2a: Altaria|move: Roost
|
|-weather|SunnyDay|[upkeep]
|-sideend|p2: ZyndrickLamar|Reflect
|upkeep
|turn|12
|
|t:|1784606010
|move|p1a: Pumas|Rock Slide|p2a: Altaria
|-supereffective|p2a: Altaria|1
|-damage|p2a: Altaria|48/100
|move|p1b: Nikes|Heat Wave|p2a: Altaria
|-resisted|p2a: Altaria|1
|-damage|p2a: Altaria|33/100
|move|p2a: Altaria|Will-O-Wisp|p1a: Pumas
|-status|p1a: Pumas|brn
|
|-weather|SunnyDay|[upkeep]
|-damage|p1a: Pumas|0 fnt|[from] brn
|faint|p1a: Pumas
|upkeep
|
|t:|1784606014
|switch|p1a: Adidas|Garchomp, L50, M|9/100
|turn|13
|-message|ZyndrickLamar forfeited.
|
|win|SneakerHead44
