|j|☆test220102
|j|☆14#coder9
|html|test22010214#coder9    
|uhtml|bestof|Game 3 of a best-of-3
|t:|1756843212
|gametype|doubles
|player|p1|test220102|1|1009
|player|p2|14#coder9|unknown|1137
|gen|9
|tier|[Gen 9] VGC 2025 Reg H (Bo3)
|rated|
|rule|Species Clause: Limit one of each Pokémon
|rule|Item Clause: Limit 1 of each item
|clearpoke
|poke|p1|Incineroar, L50, M|
|poke|p1|Sinistcha, L50|
|poke|p1|Ursaluna-Bloodmoon, L50, M|
|poke|p1|Primarina, L50, M|
|poke|p1|Ribombee, L50, M|
|poke|p1|Archaludon, L50, M|
|poke|p2|Kingambit, L50, F|
|poke|p2|Electabuzz, L50, M|
|poke|p2|Dragapult, L50, M|
|poke|p2|Volcarona, L50, M|
|poke|p2|Rillaboom, L50, F|
|poke|p2|Ninetales-Alola, L50, M|
|teampreview|4
|showteam|p1|Incineroar||AssaultVest|Intimidate|FakeOut,Uturn,KnockOff,FlareBlitz|||M|||50|,,,,,Ghost]Sinistcha||RockyHelmet|Hospitality|Protect,RagePowder,ShadowBall,StrengthSap||||||50|,,,,,Water]Ursaluna-Bloodmoon||SilkScarf|MindsEye|Protect,BloodMoon,HyperVoice,EarthPower|||M|||50|,,,,,Ghost]Primarina||SitrusBerry|LiquidVoice|Protect,HyperVoice,Moonblast,Haze|||M|||50|,,,,,Steel]Ribombee||FocusSash|ShieldDust|Tailwind,PollenPuff,Moonblast,HelpingHand|||M|||50|,,,,,Water]Archaludon|||Sturdy|Protect,FlashCannon,DragonPulse|||M|||50|,,,,,Ghost
|showteam|p2|Kingambit||BlackGlasses|Defiant|Protect,KowtowCleave,SuckerPunch,SwordsDance|||F|||50|,,,,,Dark]Electabuzz||Eviolite|VitalSpirit|Protect,Thunderbolt,HelpingHand,FollowMe|||M|||50|,,,,,Ghost]Dragapult||ChoiceSpecs|Infiltrator|DracoMeteor,ShadowBall,FireBlast,Uturn|||M|||50|,,,,,Steel]Volcarona||CovertCloak|FlameBody|Protect,HeatWave,GigaDrain,QuiverDance|||M|||50|,,,,,Fairy]Rillaboom||AssaultVest|GrassySurge|WoodHammer,GrassyGlide,Uturn,FakeOut|||F|||50|,,,,,Fire]Ninetales-Alola||LightClay|SnowWarning|FreezeDry,Moonblast,AuroraVeil,Protect|||M|||50|,,,,,Fire
|inactive|Battle timer is ON: inactive players will automatically lose when time's up. (requested by test220102)
|
|t:|1756843224
|teamsize|p1|4
|teamsize|p2|4
|start
|switch|p1a: Ribombee|Ribombee, L50, M|100/100
|switch|p1b: Ursaluna|Ursaluna-Bloodmoon, L50, M|100/100
|switch|p2a: Volcarona|Volcarona, L50, M, shiny|100/100
|switch|p2b: Electabuzz|Electabuzz, L50, M|100/100
|turn|1
|inactive|test220102 has 30 seconds left.
|inactive|14#coder9 has 30 seconds left.
|inactive|test220102 has 20 seconds left.
|inactive|test220102 has 15 seconds left.
|
|t:|1756843267
|-terastallize|p1b: Ursaluna|Ghost
|move|p1a: Ribombee|Tailwind|p1a: Ribombee
|-sidestart|p1: test220102|move: Tailwind
|move|p1b: Ursaluna|Blood Moon|p2a: Volcarona
|-damage|p2a: Volcarona|11/100
|move|p2a: Volcarona|Heat Wave|p1b: Ursaluna|[spread] p1a,p1b
|-supereffective|p1a: Ribombee
|-enditem|p1a: Ribombee|Focus Sash
|-damage|p1a: Ribombee|1/100
|-damage|p1b: Ursaluna|51/100
|move|p2b: Electabuzz|Thunderbolt|p1a: Ribombee
|-damage|p1a: Ribombee|0 fnt
|faint|p1a: Ribombee
|
|upkeep
|
|t:|1756843271
|switch|p1a: Sinistcha|Sinistcha, L50|100/100
|-heal|p1b: Ursaluna|76/100|[from] ability: Hospitality|[of] p1a: Sinistcha
|turn|2
|inactive|14#coder9 has 30 seconds left.
|
|t:|1756843303
|switch|p2a: Ninetales|Ninetales-Alola, L50, M|100/100
|-weather|Snowscape|[from] ability: Snow Warning|[of] p2a: Ninetales
|move|p2b: Electabuzz|Protect|p2b: Electabuzz
|-singleturn|p2b: Electabuzz|Protect
|move|p1a: Sinistcha|Shadow Ball|p2b: Electabuzz
|-activate|p2b: Electabuzz|move: Protect
|move|p1b: Ursaluna|Hyper Voice|p2a: Ninetales|[spread] p2a
|-activate|p2b: Electabuzz|move: Protect
|-damage|p2a: Ninetales|52/100
|
|-weather|Snowscape|[upkeep]
|upkeep
|turn|3
|
|t:|1756843326
|move|p2b: Electabuzz|Follow Me|p2b: Electabuzz
|-singleturn|p2b: Electabuzz|move: Follow Me
|move|p1a: Sinistcha|Shadow Ball|p2b: Electabuzz
|-damage|p2b: Electabuzz|68/100
|move|p1b: Ursaluna|Hyper Voice|p2a: Ninetales|[spread] p2a,p2b
|-crit|p2b: Electabuzz
|-damage|p2a: Ninetales|4/100
|-damage|p2b: Electabuzz|15/100
|move|p2a: Ninetales|Aurora Veil|p2a: Ninetales
|-sidestart|p2: 14#coder9|move: Aurora Veil
|
|-weather|Snowscape|[upkeep]
|upkeep
|turn|4
|
|t:|1756843339
|switch|p1a: Primarina|Primarina, L50, M|100/100
|move|p2a: Ninetales|Protect|p2a: Ninetales
|-singleturn|p2a: Ninetales|Protect
|move|p2b: Electabuzz|Protect|p2b: Electabuzz
|-singleturn|p2b: Electabuzz|Protect
|move|p1b: Ursaluna|Hyper Voice|p2b: Electabuzz|[spread] 
|-activate|p2a: Ninetales|move: Protect
|-activate|p2b: Electabuzz|move: Protect
|
|-weather|Snowscape|[upkeep]
|-sideend|p1: test220102|move: Tailwind
|upkeep
|turn|5
|inactive|test220102 has 30 seconds left.
|inactive|14#coder9 has 30 seconds left.
|
|t:|1756843366
|switch|p1a: Sinistcha|Sinistcha, L50|100/100
|-heal|p1b: Ursaluna|100/100|[from] ability: Hospitality|[of] p1a: Sinistcha
|move|p2a: Ninetales|Freeze-Dry|p1a: Sinistcha
|-supereffective|p1a: Sinistcha
|-damage|p1a: Sinistcha|39/100
|move|p2b: Electabuzz|Thunderbolt|p1a: Sinistcha
|-resisted|p1a: Sinistcha
|-damage|p1a: Sinistcha|18/100
|move|p1b: Ursaluna|Hyper Voice|p2b: Electabuzz|[spread] p2a,p2b
|-damage|p2a: Ninetales|0 fnt
|-damage|p2b: Electabuzz|0 fnt
|faint|p2a: Ninetales
|faint|p2b: Electabuzz
|
|-weather|Snowscape|[upkeep]
|upkeep
|
|t:|1756843381
|switch|p2a: Kingambit|Kingambit, L50, F|100/100
|switch|p2b: Volcarona|Volcarona, L50, M, shiny|11/100
|turn|6
|inactive|test220102 has 30 seconds left.
|inactive|14#coder9 has 30 seconds left.
|inactive|test220102 has 20 seconds left.
|inactive|test220102 has 15 seconds left.
|inactive|test220102 has 10 seconds left.
|inactive|test220102 has 5 seconds left.
|
|t:|1756843436
|move|p1a: Sinistcha|Protect|p1a: Sinistcha
|-singleturn|p1a: Sinistcha|Protect
|move|p1b: Ursaluna|Protect|p1b: Ursaluna
|-singleturn|p1b: Ursaluna|Protect
|move|p2b: Volcarona|Heat Wave|p1b: Ursaluna|[spread] 
|-activate|p1a: Sinistcha|move: Protect
|-activate|p1b: Ursaluna|move: Protect
|move|p2a: Kingambit|Kowtow Cleave|p1b: Ursaluna
|-activate|p1b: Ursaluna|move: Protect
|
|-weather|none
|upkeep
|turn|7
|inactive|test220102 has 30 seconds left.
|inactive|test220102 has 20 seconds left.
|inactive|test220102 has 15 seconds left.
|
|t:|1756843478
|move|p2b: Volcarona|Heat Wave|p1a: Sinistcha|[spread] p1a,p1b
|-supereffective|p1a: Sinistcha
|-damage|p1a: Sinistcha|0 fnt
|-damage|p1b: Ursaluna|55/100
|-status|p1b: Ursaluna|brn
|faint|p1a: Sinistcha
|move|p1b: Ursaluna|Earth Power|p2a: Kingambit
|-supereffective|p2a: Kingambit
|-damage|p2a: Kingambit|35/100
|move|p2a: Kingambit|Kowtow Cleave|p1b: Ursaluna
|-supereffective|p1b: Ursaluna
|-damage|p1b: Ursaluna|0 fnt
|faint|p1b: Ursaluna
|
|upkeep
|-message|test220102 forfeited.
|raw|test220102's rating: 1009 → 1002(-7 for losing)
|raw|14#coder9's rating: 1137 → 1153(+16 for winning)
|
|win|14#coder9
|l|☆test220102
|player|p1|
|c|☆14#coder9|vamosss
