|j|☆beaterheater
|j|☆bassacucina777
|html|beaterheaterbassacucina777    
|uhtml|bestof|Game 1 of a best-of-3
|t:|1756319653
|gametype|doubles
|player|p1|beaterheater|marshal|1197
|player|p2|bassacucina777|102|1092
|gen|9
|tier|[Gen 9] VGC 2025 Reg H (Bo3)
|rated|
|rule|Species Clause: Limit one of each Pokémon
|rule|Item Clause: Limit 1 of each item
|clearpoke
|poke|p1|Corviknight, L50, F|
|poke|p1|Tyranitar, L50, F|
|poke|p1|Garchomp, L50, M|
|poke|p1|Ursaluna-Bloodmoon, L50, M|
|poke|p1|Basculegion, L50, M|
|poke|p1|Hydreigon, L50, F|
|poke|p2|Dondozo, L50, F|
|poke|p2|Tatsugiri, L50, F|
|poke|p2|Indeedee, L50, M|
|poke|p2|Sneasler, L50, F|
|poke|p2|Pelipper, L50, F|
|poke|p2|Archaludon, L50, M|
|teampreview|4
|showteam|p1|Corviknight||Leftovers|MirrorArmor|BraveBird,IronHead,Tailwind,Taunt|||F|||50|,,,,,Dragon]Tyranitar||AssaultVest|SandStream|KnockOff,RockSlide,TeraBlast,LowKick|||F|||50|,,,,,Flying]Garchomp||LifeOrb|RoughSkin|Earthquake,StompingTantrum,DragonClaw,Protect|||M|||50|,,,,,Steel]Ursaluna-Bloodmoon||SilkScarf|MindsEye|BloodMoon,HyperVoice,EarthPower,Protect|||M|||50|,,,,,Normal]Basculegion||ChoiceBand|Adaptability|FlipTurn,AquaJet,LastRespects,WaveCrash|||M|||50|,,,,,Dragon]Hydreigon||SafetyGoggles|Levitate|DracoMeteor,HeatWave,NastyPlot,Protect|||F|||50|,,,,,Fire
|showteam|p2|Dondozo||SafetyGoggles|Unaware|WaveCrash,Earthquake,OrderUp,Protect|||F|||50|,,,,,Steel]Tatsugiri||ChoiceScarf|Commander|MuddyWater,DracoMeteor,DragonPulse,IcyWind|||F|||50|,,,,,Ghost]Indeedee||FocusSash|PsychicSurge|ExpandingForce,Protect,TrickRoom,HelpingHand|||M|||50|,,,,,Psychic]Sneasler||PsychicSeed|Unburden|CloseCombat,DireClaw,ThroatChop,Protect|||F|||50|,,,,,Dark]Pelipper||CovertCloak|Drizzle|WeatherBall,Hurricane,Tailwind,Protect|||F|||50|,,,,,Steel]Archaludon||AssaultVest|Stamina|ElectroShot,FlashCannon,DracoMeteor,BodyPress|||M|||50|,,,,,Bug
|
|t:|1756319684
|teamsize|p1|4
|teamsize|p2|4
|start
|switch|p1a: Corviknight|Corviknight, L50, F|100/100
|switch|p1b: Basculegion|Basculegion, L50, M, shiny|100/100
|switch|p2a: Dondozo|Dondozo, L50, F|100/100
|switch|p2b: Archaludon|Archaludon, L50, M|100/100
|turn|1
|inactive|Battle timer is ON: inactive players will automatically lose when time's up. (requested by beaterheater)
|inactive|bassacucina777 has 60 seconds left.
|
|t:|1756319718
|switch|p2b: Pelipper|Pelipper, L50, F|100/100
|-weather|RainDance|[from] ability: Drizzle|[of] p2b: Pelipper
|move|p1b: Basculegion|Flip Turn|p2b: Pelipper
|-resisted|p2b: Pelipper
|-damage|p2b: Pelipper|56/100
|
|t:|1756319735
|switch|p1b: Tyranitar|Tyranitar, L50, F, shiny|100/100|[from] Flip Turn
|-weather|Sandstorm|[from] ability: Sand Stream|[of] p1b: Tyranitar
|move|p2a: Dondozo|Order Up|p1b: Tyranitar
|-damage|p1b: Tyranitar|83/100
|move|p1a: Corviknight|Tailwind|p1a: Corviknight
|-sidestart|p1: beaterheater|move: Tailwind
|
|-weather|Sandstorm|[upkeep]
|-damage|p2b: Pelipper|50/100|[from] Sandstorm
|upkeep
|turn|2
|inactive|beaterheater has 30 seconds left.
|
|t:|1756319769
|switch|p2b: Tatsugiri|Tatsugiri, L50, F|100/100
|-activate|p2b: Tatsugiri|ability: Commander|[of] p2a: Dondozo
|-boost|p2a: Dondozo|atk|2
|-boost|p2a: Dondozo|spa|2
|-boost|p2a: Dondozo|spe|2
|-boost|p2a: Dondozo|def|2
|-boost|p2a: Dondozo|spd|2
|move|p2a: Dondozo|Wave Crash|p1b: Tyranitar
|-supereffective|p1b: Tyranitar
|-damage|p1b: Tyranitar|0 fnt
|faint|p1b: Tyranitar
|-damage|p2a: Dondozo|76/100|[from] Recoil
|move|p1a: Corviknight|Taunt|p2b: Tatsugiri|[miss]
|-miss|p1a: Corviknight|p2b: Tatsugiri
|
|-weather|Sandstorm|[upkeep]
|-damage|p2b: Tatsugiri|94/100|[from] Sandstorm
|upkeep
|
|t:|1756319791
|switch|p1b: Basculegion|Basculegion, L50, M, shiny|100/100
|turn|3
|inactive|bassacucina777 has 30 seconds left.
|inactive|bassacucina777 has 20 seconds left.
|inactive|bassacucina777 has 15 seconds left.
|
|t:|1756319833
|move|p1b: Basculegion|Last Respects|p2a: Dondozo
|-damage|p2a: Dondozo|41/100
|move|p2a: Dondozo|Order Up|p1b: Basculegion
|-damage|p1b: Basculegion|45/100
|-boost|p2a: Dondozo|atk|1
|move|p1a: Corviknight|Brave Bird|p2a: Dondozo
|-damage|p2a: Dondozo|27/100
|-damage|p1a: Corviknight|95/100|[from] Recoil
|
|-weather|Sandstorm|[upkeep]
|-damage|p1b: Basculegion|39/100|[from] Sandstorm
|-damage|p2b: Tatsugiri|88/100|[from] Sandstorm
|-heal|p1a: Corviknight|100/100|[from] item: Leftovers
|upkeep
|turn|4
|inactive|beaterheater has 30 seconds left.
|inactive|beaterheater has 20 seconds left.
|
|t:|1756319873
|switch|p1b: Garchomp|Garchomp, L50, M|100/100
|move|p2a: Dondozo|Protect|p2a: Dondozo
|-singleturn|p2a: Dondozo|Protect
|move|p1a: Corviknight|Brave Bird|p2a: Dondozo
|-activate|p2a: Dondozo|move: Protect
|
|-weather|Sandstorm|[upkeep]
|-damage|p2b: Tatsugiri|82/100|[from] Sandstorm
|-sideend|p1: beaterheater|move: Tailwind
|upkeep
|turn|5
|inactive|bassacucina777 has 30 seconds left.
|inactive|bassacucina777 has 20 seconds left.
|
|t:|1756319911
|move|p2a: Dondozo|Wave Crash|p1b: Garchomp
|-damage|p1b: Garchomp|0 fnt
|-damage|p2a: Dondozo|14/100|[from] ability: Rough Skin|[of] p1b: Garchomp
|faint|p1b: Garchomp
|-damage|p2a: Dondozo|0 fnt|[from] Recoil
|faint|p2a: Dondozo
|move|p1a: Corviknight|Tailwind|p1a: Corviknight
|-sidestart|p1: beaterheater|move: Tailwind
|
|-weather|none
|upkeep
|
|t:|1756319922
|switch|p1b: Basculegion|Basculegion, L50, M, shiny|39/100
|switch|p2a: Archaludon|Archaludon, L50, M|100/100
|turn|6
|inactive|bassacucina777 has 30 seconds left.
|inactive|bassacucina777 has 20 seconds left.
|
|t:|1756319961
|move|p1b: Basculegion|Last Respects|p2a: Archaludon
|-damage|p2a: Archaludon|2/100
|-ability|p2a: Archaludon|Stamina|boost
|-boost|p2a: Archaludon|def|1
|move|p2b: Tatsugiri|Dragon Pulse|p1b: Basculegion
|-damage|p1b: Basculegion|0 fnt
|faint|p1b: Basculegion
|move|p1a: Corviknight|Brave Bird|p2b: Tatsugiri
|-damage|p2b: Tatsugiri|10/100
|-damage|p1a: Corviknight|83/100|[from] Recoil
|move|p2a: Archaludon|Draco Meteor|p1a: Corviknight
|-resisted|p1a: Corviknight
|-damage|p1a: Corviknight|58/100
|-unboost|p2a: Archaludon|spa|2
|
|-heal|p1a: Corviknight|64/100|[from] item: Leftovers
|upkeep
|turn|7
|inactive|bassacucina777 has 30 seconds left.
|
|t:|1756319986
|move|p2b: Tatsugiri|Dragon Pulse|p1a: Corviknight
|-resisted|p1a: Corviknight
|-damage|p1a: Corviknight|48/100
|move|p1a: Corviknight|Brave Bird|p2a: Archaludon
|-resisted|p2a: Archaludon
|-damage|p2a: Archaludon|0 fnt
|faint|p2a: Archaludon
|-damage|p1a: Corviknight|47/100|[from] Recoil
|
|-heal|p1a: Corviknight|53/100|[from] item: Leftovers
|upkeep
|
|t:|1756319991
|switch|p2a: Pelipper|Pelipper, L50, F|50/100
|-weather|RainDance|[from] ability: Drizzle|[of] p2a: Pelipper
|turn|8
|
|t:|1756320007
|move|p2a: Pelipper|Protect|p2a: Pelipper
|-singleturn|p2a: Pelipper|Protect
|move|p2b: Tatsugiri|Dragon Pulse|p1a: Corviknight
|-resisted|p1a: Corviknight
|-damage|p1a: Corviknight|35/100
|move|p1a: Corviknight|Brave Bird|p2b: Tatsugiri
|-damage|p2b: Tatsugiri|0 fnt
|faint|p2b: Tatsugiri
|-damage|p1a: Corviknight|33/100|[from] Recoil
|
|-weather|RainDance|[upkeep]
|-heal|p1a: Corviknight|39/100|[from] item: Leftovers
|-sideend|p1: beaterheater|move: Tailwind
|upkeep
|turn|9
|
|t:|1756320023
|-terastallize|p1a: Corviknight|Dragon
|move|p2a: Pelipper|Weather Ball|p1a: Corviknight
|-resisted|p1a: Corviknight
|-damage|p1a: Corviknight|15/100
|move|p1a: Corviknight|Tailwind|p1a: Corviknight
|-sidestart|p1: beaterheater|move: Tailwind
|
|-weather|RainDance|[upkeep]
|-heal|p1a: Corviknight|21/100|[from] item: Leftovers
|upkeep
|turn|10
|
|t:|1756320034
|move|p1a: Corviknight|Brave Bird|p2a: Pelipper
|-damage|p2a: Pelipper|7/100
|-damage|p1a: Corviknight|10/100|[from] Recoil
|move|p2a: Pelipper|Hurricane|p1a: Corviknight
|-damage|p1a: Corviknight|0 fnt
|faint|p1a: Corviknight
|
|win|bassacucina777
