|j|☆nagc_17
|j|☆Noyomi
|html|nagc_17Noyomi    
|uhtml|bestof|Game 2 of a best-of-3
|t:|1785449190
|gametype|doubles
|player|p1|nagc_17|scientist|
|player|p2|Noyomi|pokemonrangerf|
|gen|9
|tier|[Gen 9 Champions] VGC 2026 Reg M-B (Bo3)
|rule|Species Clause: Limit one of each Pokémon
|rule|Item Clause: Limit 1 of each item
|clearpoke
|poke|p1|Blastoise, L50, M|
|poke|p1|Farigiraf, L50, F|
|poke|p1|Torkoal, L50, M|
|poke|p1|Incineroar, L50, F|
|poke|p1|Hatterene, L50, F|
|poke|p1|Clefable, L50, F|
|poke|p2|Charizard, L50, M|
|poke|p2|Garchomp, L50, F|
|poke|p2|Sneasler, L50, F|
|poke|p2|Venusaur, L50, F|
|poke|p2|Milotic, L50, F|
|poke|p2|Ampharos, L50, M|
|teampreview|4
|showteam|p1|Blastoise||Blastoisinite|Torrent|DarkPulse,AuraSphere,WaterPulse,Protect|Adamant||M|||50|]Farigiraf||FocusSash|ArmorTail|TrickRoom,PsychicNoise,Thunderbolt,Protect|Adamant||F|||50|]Torkoal||Charcoal|Drought|Eruption,HeatWave,SolarBeam,Protect|Adamant||M|||50|]Incineroar||Leftovers|Intimidate|FakeOut,DarkestLariat,CloseCombat,PartingShot|Adamant||F|||50|]Hatterene||ExpertBelt|MagicBounce|Psychic,DazzlingGleam,TrickRoom,Protect|Adamant||F|||50|]Clefable||Clefablite|MagicGuard|Moonblast,HealPulse,Thunderbolt,FollowMe|Adamant||F|||50|
|showteam|p2|Charizard||CharizarditeY|Blaze|HeatWave,SolarBeam,Protect,ScorchingSands|Timid||M|||50|]Garchomp||SitrusBerry|RoughSkin|Earthquake,DragonClaw,Protect,RockSlide|Adamant||F|||50|]Sneasler||WhiteHerb|Unburden|CloseCombat,DireClaw,FakeOut,Protect|Adamant||F|||50|]Venusaur||FocusSash|Chlorophyll|SleepPowder,SludgeBomb,Protect,GigaDrain|Timid||F|||50|]Milotic||Leftovers|Competitive|Scald,IcyWind,Protect,LifeDew|Bold||F|||50|]Ampharos||Ampharosite|Static|DragonPulse,ParabolicCharge,Protect,LightScreen|Modest||M|||50|
|
|t:|1785449212
|teamsize|p1|4
|teamsize|p2|4
|start
|switch|p1a: Farigiraf|Farigiraf, L50, F|100/100
|switch|p1b: Incineroar|Incineroar, L50, F|100/100
|switch|p2a: Chi|Ampharos, L50, M|100/100
|switch|p2b: Ku-chau|Sneasler, L50, F|100/100
|-ability|p1b: Incineroar|Intimidate|boost
|-unboost|p2a: Chi|atk|1
|-unboost|p2b: Ku-chau|atk|1
|-enditem|p2b: Ku-chau|White Herb
|-clearnegativeboost|p2b: Ku-chau|[silent]
|turn|1
|
|t:|1785449262
|detailschange|p2a: Chi|Ampharos-Mega, L50, M
|-mega|p2a: Chi|Ampharos|Ampharosite
|-ability|p2a: Chi|Mold Breaker
|move|p2b: Ku-chau|Protect|p2b: Ku-chau
|-singleturn|p2b: Ku-chau|Protect
|move|p1a: Farigiraf|Protect|p1a: Farigiraf
|-singleturn|p1a: Farigiraf|Protect
|move|p1b: Incineroar|Fake Out|p2a: Chi
|-damage|p2a: Chi|89/100
|cant|p2a: Chi|flinch
|
|upkeep
|turn|2
|
|t:|1785449312
|move|p2b: Ku-chau|Close Combat|p1a: Farigiraf
|-damage|p1a: Farigiraf|40/100
|-unboost|p2b: Ku-chau|def|1
|-unboost|p2b: Ku-chau|spd|1
|move|p1b: Incineroar|Parting Shot|p2a: Chi
|-unboost|p2a: Chi|atk|1
|-unboost|p2a: Chi|spa|1
|
|t:|1785449321
|switch|p1b: Hatterene|Hatterene, L50, F|100/100|[from] Parting Shot
|move|p2a: Chi|Light Screen|p2a: Chi
|-sidestart|p2: Noyomi|move: Light Screen
|move|p1a: Farigiraf|Trick Room|p1a: Farigiraf
|-fieldstart|move: Trick Room|[of] p1a: Farigiraf
|
|upkeep
|turn|3
|
|t:|1785449340
|switch|p2b: Uy temblaste|Garchomp, L50, F|100/100
|move|p1b: Hatterene|Dazzling Gleam|p2b: Uy temblaste|[spread] p2a,p2b
|-supereffective|p2a: Chi|1
|-supereffective|p2b: Uy temblaste|1
|-damage|p2a: Chi|53/100
|-damage|p2b: Uy temblaste|54/100
|move|p2a: Chi|Parabolic Charge|p1a: Farigiraf|[spread] p1a,p1b
|-immune|p2b: Uy temblaste
|-damage|p1a: Farigiraf|18/100
|-heal|p2a: Chi|65/100|[from] drain|[of] p1a: Farigiraf
|-damage|p1b: Hatterene|78/100
|-heal|p2a: Chi|75/100|[from] drain|[of] p1b: Hatterene
|move|p1a: Farigiraf|Psychic Noise|p2a: Chi
|-damage|p2a: Chi|59/100
|-start|p2a: Chi|move: Heal Block
|
|upkeep
|turn|4
|
|t:|1785449380
|switch|p1a: Clefable|Clefable, L50, F|100/100
|switch|p2b: Sssssss|Milotic, L50, F|100/100
|move|p1b: Hatterene|Dazzling Gleam|p2a: Chi|[spread] p2a,p2b
|-supereffective|p2a: Chi|1
|-damage|p2a: Chi|18/100
|-damage|p2b: Sssssss|86/100
|move|p2a: Chi|Dragon Pulse|p1a: Clefable
|-immune|p1a: Clefable
|
|-heal|p2b: Sssssss|92/100|[from] item: Leftovers
|-end|p2a: Chi|move: Heal Block
|upkeep
|turn|5
|
|t:|1785449414
|move|p2a: Chi|Protect|p2a: Chi
|-singleturn|p2a: Chi|Protect
|move|p1b: Hatterene|Psychic|p2b: Sssssss
|-damage|p2b: Sssssss|71/100
|move|p1a: Clefable|Thunderbolt|p2b: Sssssss
|-supereffective|p2b: Sssssss|1
|-damage|p2b: Sssssss|57/100
|move|p2b: Sssssss|Scald|p1b: Hatterene
|-damage|p1b: Hatterene|46/100
|
|-heal|p2b: Sssssss|63/100|[from] item: Leftovers
|upkeep
|turn|6
|
|t:|1785449441
|move|p2b: Sssssss|Protect|p2b: Sssssss
|-singleturn|p2b: Sssssss|Protect
|move|p1b: Hatterene|Dazzling Gleam|p2b: Sssssss|[spread] p2a
|-activate|p2b: Sssssss|move: Protect
|-supereffective|p2a: Chi|1
|-damage|p2a: Chi|0 fnt
|faint|p2a: Chi
|move|p1a: Clefable|Heal Pulse|p2b: Sssssss
|-activate|p2b: Sssssss|move: Protect
|
|-heal|p2b: Sssssss|69/100|[from] item: Leftovers
|-sideend|p2: Noyomi|move: Light Screen
|-fieldend|move: Trick Room
|upkeep
|
|t:|1785449456
|switch|p2a: Ku-chau|Sneasler, L50, F|100/100
|turn|7
|
|t:|1785449484
|move|p1b: Hatterene|Protect|p1b: Hatterene
|-singleturn|p1b: Hatterene|Protect
|move|p2a: Ku-chau|Dire Claw|p1b: Hatterene
|-activate|p1b: Hatterene|move: Protect
|move|p2b: Sssssss|Scald|p1b: Hatterene
|-activate|p1b: Hatterene|move: Protect
|move|p1a: Clefable|Heal Pulse|p2a: Ku-chau
|-fail|p2a: Ku-chau|heal
|
|-heal|p2b: Sssssss|75/100|[from] item: Leftovers
|upkeep
|turn|8
|
|t:|1785449535
|detailschange|p1a: Clefable|Clefable-Mega, L50, F
|-mega|p1a: Clefable|Clefable|Clefablite
|move|p1a: Clefable|Follow Me|p1a: Clefable
|-singleturn|p1a: Clefable|move: Follow Me
|move|p2a: Ku-chau|Dire Claw|p1a: Clefable
|-supereffective|p1a: Clefable|1
|-damage|p1a: Clefable|37/100
|move|p2b: Sssssss|Scald|p1a: Clefable
|-damage|p1a: Clefable|13/100
|move|p1b: Hatterene|Trick Room|p1b: Hatterene
|-fieldstart|move: Trick Room|[of] p1b: Hatterene
|
|-heal|p2b: Sssssss|81/100|[from] item: Leftovers
|upkeep
|turn|9
|
|t:|1785449555
|move|p2a: Ku-chau|Protect|p2a: Ku-chau
|-singleturn|p2a: Ku-chau|Protect
|move|p1b: Hatterene|Psychic|p2a: Ku-chau
|-activate|p2a: Ku-chau|move: Protect
|move|p1a: Clefable|Thunderbolt|p2b: Sssssss
|-supereffective|p2b: Sssssss|1
|-damage|p2b: Sssssss|49/100
|move|p2b: Sssssss|Scald|p1b: Hatterene
|-damage|p1b: Hatterene|19/100
|
|-heal|p2b: Sssssss|55/100|[from] item: Leftovers
|upkeep
|turn|10
|
|t:|1785449603
|move|p1b: Hatterene|Psychic|p2a: Ku-chau
|-supereffective|p2a: Ku-chau|2
|-crit|p2a: Ku-chau
|-damage|p2a: Ku-chau|0 fnt
|faint|p2a: Ku-chau
|move|p1a: Clefable|Thunderbolt|p2b: Sssssss
|-supereffective|p2b: Sssssss|1
|-damage|p2b: Sssssss|20/100y
|move|p2b: Sssssss|Life Dew|p2b: Sssssss
|-heal|p2b: Sssssss|46/100
|
|-heal|p2b: Sssssss|51/100|[from] item: Leftovers
|upkeep
|
|t:|1785449614
|switch|p2a: Uy temblaste|Garchomp, L50, F|54/100
|turn|11
|
|t:|1785449638
|move|p2a: Uy temblaste|Protect|p2a: Uy temblaste
|-singleturn|p2a: Uy temblaste|Protect
|move|p1b: Hatterene|Dazzling Gleam|p2b: Sssssss|[spread] p2b
|-activate|p2a: Uy temblaste|move: Protect
|-damage|p2b: Sssssss|34/100
|move|p1a: Clefable|Thunderbolt|p2b: Sssssss
|-supereffective|p2b: Sssssss|1
|-damage|p2b: Sssssss|2/100
|move|p2b: Sssssss|Scald|p1b: Hatterene
|-damage|p1b: Hatterene|0 fnt
|faint|p1b: Hatterene
|
|-heal|p2b: Sssssss|8/100|[from] item: Leftovers
|upkeep
|
|t:|1785449653
|switch|p1b: Farigiraf|Farigiraf, L50, F|18/100
|turn|12
|
|t:|1785449671
|move|p2b: Sssssss|Protect|p2b: Sssssss
|-singleturn|p2b: Sssssss|Protect
|move|p1b: Farigiraf|Psychic Noise|p2b: Sssssss
|-activate|p2b: Sssssss|move: Protect
|move|p1a: Clefable|Moonblast|p2a: Uy temblaste
|-supereffective|p2a: Uy temblaste|1
|-damage|p2a: Uy temblaste|0 fnt
|faint|p2a: Uy temblaste
|
|-heal|p2b: Sssssss|14/100|[from] item: Leftovers
|-fieldend|move: Trick Room
|upkeep
|turn|13
|
|t:|1785449718
|move|p2b: Sssssss|Icy Wind|p1b: Farigiraf|[spread] p1a,p1b
|-supereffective|p1a: Clefable|1
|-damage|p1a: Clefable|0 fnt
|-damage|p1b: Farigiraf|8/100
|-unboost|p1b: Farigiraf|spe|1
|faint|p1a: Clefable
|move|p1b: Farigiraf|Psychic Noise|p2b: Sssssss
|-crit|p2b: Sssssss
|-damage|p2b: Sssssss|0 fnt
|faint|p2b: Sssssss
|
|win|nagc_17
|inactive|nagc_17 has 30 seconds to confirm battle start!
|inactive|Noyomi has 30 seconds to confirm battle start!
