|j|☆Lewis94
|j|☆Hackervgc
|html|Lewis94Hackervgc    
|uhtml|bestof|Game 1 of a best-of-3
|t:|1756394410
|gametype|doubles
|player|p1|Lewis94|ethan-gen2|
|player|p2|Hackervgc|gentleman-gen4|
|gen|9
|tier|[Gen 9] VGC 2025 Reg H (Bo3)
|rule|Species Clause: Limit one of each Pokémon
|rule|Item Clause: Limit 1 of each item
|clearpoke
|poke|p1|Garchomp, L50, M|
|poke|p1|Whimsicott, L50, F|
|poke|p1|Dragonite, L50, F|
|poke|p1|Typhlosion-Hisui, L50, F|
|poke|p1|Torkoal, L50, M|
|poke|p1|Kingambit, L50, M|
|poke|p2|Kingambit, L50, M|
|poke|p2|Magmar, L50, M|
|poke|p2|Dragonite, L50, F|
|poke|p2|Sneasler, L50, M|
|poke|p2|Ursaluna-Bloodmoon, L50, M|
|poke|p2|Farigiraf, L50, F|
|teampreview|4
|showteam|p1|Garchomp||LifeOrb|RoughSkin|DragonClaw,StompingTantrum,Earthquake,Protect|||M|||50|,,,,,Ground]Whimsicott||CovertCloak|Prankster|Tailwind,SunnyDay,Moonblast,Encore|||F|||50|,,,,,Dark]Dragonite||LoadedDice|Multiscale|ExtremeSpeed,ScaleShot,IceSpinner,Protect|||F|||50|,,,,,Normal]Typhlosion-Hisui||ChoiceSpecs|Blaze|Eruption,ShadowBall,HeatWave,Protect|||F|||50|,,,,,Fire]Torkoal||EjectPack|Drought|Overheat,Eruption,HelpingHand,Protect|||M|||50|,,,,,Flying]Kingambit||AssaultVest|Defiant|IronHead,Assurance,SuckerPunch,LowKick|||M|||50|,,,,,Flying
|showteam|p2|Kingambit||BlackGlasses|Defiant|KowtowCleave,SuckerPunch,Protect,SwordsDance|||M|||50|,,,,,Dark]Magmar||Eviolite|VitalSpirit|FollowMe,Protect,Flamethrower,WillOWisp|||M|||50|,,,,,Grass]Dragonite||LoadedDice|Multiscale|ScaleShot,Protect,Haze,Tailwind|||F|||50|,,,,,Fairy]Sneasler||FocusSash|Unburden|ThroatChop,DireClaw,CloseCombat,Protect|||M|||50|,,,,,Stellar]Ursaluna-Bloodmoon||LifeOrb|MindsEye|BloodMoon,Protect,EarthPower,HyperVoice|||M|||50|,,,,,Normal]Farigiraf||SitrusBerry|ArmorTail|TrickRoom,HelpingHand,Psychic,Protect|||F|||50|,,,,,Water
|inactive|Battle timer is ON: inactive players will automatically lose when time's up. (requested by Lewis94)
|inactive|Lewis94 has 60 seconds left.
|inactive|Hackervgc has 60 seconds left.
|
|t:|1756394461
|teamsize|p1|4
|teamsize|p2|4
|start
|switch|p1a: Whimsicott|Whimsicott, L50, F|100/100
|switch|p1b: Typhlosion|Typhlosion-Hisui, L50, F|100/100
|switch|p2a: Dragonita|Dragonite, L50, F|100/100
|switch|p2b: Kingambit|Kingambit, L50, M|100/100
|turn|1
|inactive|Lewis94 has 30 seconds left.
|inactive|Hackervgc has 30 seconds left.
|inactive|Lewis94 has 20 seconds left.
|
|t:|1756394498
|switch|p1b: Torkoal|Torkoal, L50, M|100/100
|-weather|SunnyDay|[from] ability: Drought|[of] p1b: Torkoal
|-terastallize|p2b: Kingambit|Dark
|move|p1a: Whimsicott|Tailwind|p1a: Whimsicott
|-sidestart|p1: Lewis94|move: Tailwind
|move|p2b: Kingambit|Sucker Punch||[still]
|-fail|p2b: Kingambit
|move|p2a: Dragonita|Scale Shot|p1b: Torkoal
|-damage|p1b: Torkoal|90/100
|-damage|p1b: Torkoal|79/100
|-crit|p1b: Torkoal
|-damage|p1b: Torkoal|62/100
|-damage|p1b: Torkoal|50/100
|-damage|p1b: Torkoal|39/100
|-hitcount|p1b: Torkoal|5
|-unboost|p2a: Dragonita|def|1
|-boost|p2a: Dragonita|spe|1
|
|-weather|SunnyDay|[upkeep]
|upkeep
|turn|2
|inactive|Lewis94 has 30 seconds left.
|inactive|Hackervgc has 30 seconds left.
|
|t:|1756394531
|switch|p2b: Magmar|Magmar, L50, M|100/100
|move|p1a: Whimsicott|Moonblast|p2a: Dragonita
|-supereffective|p2a: Dragonita
|-damage|p2a: Dragonita|64/100
|-unboost|p2a: Dragonita|spa|1
|move|p2a: Dragonita|Scale Shot|p1b: Torkoal
|-damage|p1b: Torkoal|28/100
|-damage|p1b: Torkoal|19/100
|-damage|p1b: Torkoal|8/100
|-damage|p1b: Torkoal|0 fnt
|faint|p1b: Torkoal
|-hitcount|p1: Torkoal|4
|-unboost|p2a: Dragonita|def|1
|-boost|p2a: Dragonita|spe|1
|
|-weather|SunnyDay|[upkeep]
|upkeep
|
|t:|1756394555
|switch|p1b: Typhlosion|Typhlosion-Hisui, L50, F|100/100
|turn|3
|
|t:|1756394567
|-terastallize|p1b: Typhlosion|Fire
|move|p1a: Whimsicott|Moonblast|p2a: Dragonita
|-supereffective|p2a: Dragonita
|-damage|p2a: Dragonita|0 fnt
|faint|p2a: Dragonita
|move|p1b: Typhlosion|Eruption|p2b: Magmar
|-resisted|p2b: Magmar
|-damage|p2b: Magmar|30/100
|move|p2b: Magmar|Flamethrower|p1a: Whimsicott
|-supereffective|p1a: Whimsicott
|-damage|p1a: Whimsicott|0 fnt
|faint|p1a: Whimsicott
|
|-weather|SunnyDay|[upkeep]
|upkeep
|
|t:|1756394579
|switch|p1a: Kingambit|Kingambit, L50, M|100/100
|switch|p2a: Kingambit|Kingambit, L50, M, tera:Dark|100/100
|turn|4
|inactive|Lewis94 has 30 seconds left.
|
|t:|1756394609
|move|p2b: Magmar|Follow Me|p2b: Magmar
|-singleturn|p2b: Magmar|move: Follow Me
|move|p2a: Kingambit|Sucker Punch|p1b: Typhlosion
|-damage|p1b: Typhlosion|2/100
|move|p1b: Typhlosion|Eruption|p2a: Kingambit|[spread] p2a,p2b
|-resisted|p2b: Magmar
|-damage|p2a: Kingambit|96/100
|-damage|p2b: Magmar|28/100
|move|p1a: Kingambit|Low Kick|p2b: Magmar
|-damage|p2b: Magmar|10/100
|
|-weather|SunnyDay|[upkeep]
|-sideend|p1: Lewis94|move: Tailwind
|upkeep
|turn|5
|
|t:|1756394623
|move|p2a: Kingambit|Sucker Punch|p1b: Typhlosion
|-damage|p1b: Typhlosion|0 fnt
|faint|p1b: Typhlosion
|move|p1a: Kingambit|Sucker Punch||[still]
|-fail|p1a: Kingambit
|move|p2b: Magmar|Will-O-Wisp|p1a: Kingambit
|-status|p1a: Kingambit|brn
|
|-weather|none
|-damage|p1a: Kingambit|95/100 brn|[from] brn
|upkeep
|turn|6
|-message|Lewis94 forfeited.
|
|win|Hackervgc
||Hackervgc is ready for game 2.
||Lewis94 is ready for game 2.
|uhtml|next|Next: Game 2 of 3
