|j|☆zhakuma
|j|☆scaccabarozzivgc
|html|zhakumascaccabarozzivgc    
|uhtml|bestof|Game 3 of a best-of-3
|t:|1757679390
|gametype|doubles
|player|p1|zhakuma|1|1202
|player|p2|scaccabarozzivgc|harlequin|1151
|gen|9
|tier|[Gen 9] VGC 2025 Reg H (Bo3)
|rated|
|rule|Species Clause: Limit one of each Pokémon
|rule|Item Clause: Limit 1 of each item
|clearpoke
|poke|p1|Excadrill, L50, F|
|poke|p1|Tyranitar, L50, F|
|poke|p1|Electabuzz, L50, F|
|poke|p1|Farigiraf, L50, M|
|poke|p1|Talonflame, L50, F|
|poke|p1|Gholdengo, L50|
|poke|p2|Whimsicott, L50, F|
|poke|p2|Gholdengo, L50|
|poke|p2|Incineroar, L50, M|
|poke|p2|Dragonite, L50, F|
|poke|p2|Sneasler, L50, M|
|poke|p2|Garchomp, L50, F|
|teampreview|4
|showteam|p1|Excadrill||FocusSash|SandRush|HighHorsepower,Earthquake,IronHead,Protect|||F|||50|,,,,,Ghost]Tyranitar||AssaultVest|SandStream|RockSlide,LowKick,KnockOff,TeraBlast|||F|||50|,,,,,Flying]Electabuzz||Eviolite|VitalSpirit|FollowMe,Electroweb,Taunt,Protect|||F|||50|,,,,,Electric]Farigiraf||ThroatSpray|ArmorTail|HyperVoice,Psychic,TrickRoom,Protect|||M|||50|,,,,,Normal]Talonflame||CovertCloak|GaleWings|BraveBird,Tailwind,FlareBlitz,Protect|||F|||50|,,,,,Fire]Gholdengo||ChoiceSpecs|GoodasGold|MakeItRain,ShadowBall,Trick,PowerGem||||||50|,,,,,Steel
|showteam|p2|Whimsicott||FocusSash|Prankster|Moonblast,Tailwind,Encore,Protect|||F|||50|,,,,,Ghost]Gholdengo||ChoiceSpecs|GoodasGold|MakeItRain,ShadowBall,SteelBeam,Thunderbolt||||||50|,,,,,Steel]Incineroar||AssaultVest|Intimidate|FlareBlitz,KnockOff,Uturn,FakeOut|||M|||50|,,,,,Grass]Dragonite||ChoiceBand|InnerFocus|Outrage,ExtremeSpeed,IceSpinner,StompingTantrum|||F|||50|,,,,,Normal]Sneasler||WhiteHerb|Unburden|DireClaw,CloseCombat,FakeOut,Protect|||M|||50|,,,,,Stellar]Garchomp||LifeOrb|RoughSkin|Earthquake,StompingTantrum,DragonClaw,Protect|||F|||50|,,,,,Ground
|inactive|Battle timer is ON: inactive players will automatically lose when time's up. (requested by zhakuma)
|inactive|scaccabarozzivgc also wants the timer to be on.
|inactive|zhakuma has 60 seconds left.
|inactive|scaccabarozzivgc has 60 seconds left.
|inactive|zhakuma has 30 seconds left.
|inactive|zhakuma has 20 seconds left.
|inactive|zhakuma has 15 seconds left.
|inactive|zhakuma has 10 seconds left.
|inactive|zhakuma has 5 seconds left.
|
|t:|1757679480
|teamsize|p1|4
|teamsize|p2|4
|start
|switch|p1a: Excadrill|Excadrill, L50, F|100/100
|switch|p1b: Tyranitar|Tyranitar, L50, F|100/100
|switch|p2a: Whimsicott|Whimsicott, L50, F|100/100
|switch|p2b: Garchomp|Garchomp, L50, F|100/100
|-weather|Sandstorm|[from] ability: Sand Stream|[of] p1b: Tyranitar
|turn|1
|inactive|zhakuma has 30 seconds left.
|inactive|zhakuma has 20 seconds left.
|inactive|zhakuma has 15 seconds left.
|
|t:|1757679523
|-terastallize|p1b: Tyranitar|Flying
|move|p2a: Whimsicott|Protect|p2a: Whimsicott
|-singleturn|p2a: Whimsicott|Protect
|move|p1a: Excadrill|Protect|p1a: Excadrill
|-singleturn|p1a: Excadrill|Protect
|move|p2b: Garchomp|Earthquake|p1a: Excadrill|[spread] 
|-activate|p2a: Whimsicott|move: Protect
|-activate|p1a: Excadrill|move: Protect
|-immune|p1b: Tyranitar
|move|p1b: Tyranitar|Knock Off|p2b: Garchomp
|-damage|p2b: Garchomp|46/100
|-damage|p1b: Tyranitar|88/100|[from] ability: Rough Skin|[of] p2b: Garchomp
|-enditem|p2b: Garchomp|Life Orb|[from] move: Knock Off|[of] p1b: Tyranitar
|
|-weather|Sandstorm|[upkeep]
|-damage|p2a: Whimsicott|95/100|[from] Sandstorm
|-damage|p1b: Tyranitar|82/100|[from] Sandstorm
|upkeep
|turn|2
|inactive|zhakuma has 30 seconds left.
|inactive|scaccabarozzivgc has 30 seconds left.
|
|t:|1757679553
|switch|p2b: Incineroar|Incineroar, L50, M|100/100
|-ability|p2b: Incineroar|Intimidate|boost
|-unboost|p1a: Excadrill|atk|1
|-unboost|p1b: Tyranitar|atk|1
|switch|p1b: Farigiraf|Farigiraf, L50, M|100/100
|move|p2a: Whimsicott|Tailwind|p2a: Whimsicott
|-sidestart|p2: scaccabarozzivgc|move: Tailwind
|move|p1a: Excadrill|Earthquake|p2a: Whimsicott|[spread] p1b,p2a,p2b
|-resisted|p2a: Whimsicott
|-supereffective|p2b: Incineroar
|-damage|p1b: Farigiraf|78/100
|-damage|p2a: Whimsicott|73/100
|-damage|p2b: Incineroar|43/100
|
|-weather|Sandstorm|[upkeep]
|-damage|p2a: Whimsicott|67/100|[from] Sandstorm
|-damage|p2b: Incineroar|37/100|[from] Sandstorm
|-damage|p1b: Farigiraf|72/100|[from] Sandstorm
|upkeep
|turn|3
|
|t:|1757679577
|-terastallize|p2b: Incineroar|Grass
|move|p1b: Farigiraf|Protect|p1b: Farigiraf
|-singleturn|p1b: Farigiraf|Protect
|move|p2a: Whimsicott|Moonblast|p1b: Farigiraf
|-activate|p1b: Farigiraf|move: Protect
|move|p1a: Excadrill|Iron Head|p2a: Whimsicott
|-supereffective|p2a: Whimsicott
|-damage|p2a: Whimsicott|0 fnt
|faint|p2a: Whimsicott
|move|p2b: Incineroar|U-turn|p1b: Farigiraf
|-activate|p1b: Farigiraf|move: Protect
|
|-weather|Sandstorm|[upkeep]
|-damage|p2b: Incineroar|31/100|[from] Sandstorm
|-damage|p1b: Farigiraf|66/100|[from] Sandstorm
|upkeep
|
|t:|1757679590
|switch|p2a: Gholdengo|Gholdengo, L50|100/100
|turn|4
|
|t:|1757679610
|move|p1a: Excadrill|Earthquake|p2b: Incineroar|[spread] p1b,p2a,p2b
|-supereffective|p2a: Gholdengo
|-resisted|p2b: Incineroar
|-damage|p1b: Farigiraf|43/100
|-damage|p2a: Gholdengo|37/100
|-damage|p2b: Incineroar|17/100
|move|p2a: Gholdengo|Make It Rain|p1b: Farigiraf|[spread] p1a,p1b
|-resisted|p1a: Excadrill
|-damage|p1a: Excadrill|47/100
|-damage|p1b: Farigiraf|0 fnt
|-unboost|p2a: Gholdengo|spa|1
|faint|p1b: Farigiraf
|move|p2b: Incineroar|Knock Off|p1a: Excadrill
|-damage|p1a: Excadrill|0 fnt
|-enditem|p1a: Excadrill|Focus Sash|[from] move: Knock Off|[of] p2b: Incineroar
|faint|p1a: Excadrill
|
|-weather|Sandstorm|[upkeep]
|-damage|p2b: Incineroar|11/100|[from] Sandstorm
|upkeep
|
|t:|1757679625
|switch|p1a: Electabuzz|Electabuzz, L50, F|100/100
|switch|p1b: Tyranitar|Tyranitar, L50, F, tera:Flying|82/100
|turn|5
|inactive|zhakuma has 30 seconds left.
|inactive|zhakuma has 20 seconds left.
|
|t:|1757679661
|move|p1a: Electabuzz|Follow Me|p1a: Electabuzz
|-singleturn|p1a: Electabuzz|move: Follow Me
|move|p2a: Gholdengo|Make It Rain|p1b: Tyranitar|[spread] p1a,p1b
|-resisted|p1a: Electabuzz
|-damage|p1a: Electabuzz|84/100
|-damage|p1b: Tyranitar|50/100
|-unboost|p2a: Gholdengo|spa|1
|move|p2b: Incineroar|Knock Off|p1a: Electabuzz
|-damage|p1a: Electabuzz|49/100
|-enditem|p1a: Electabuzz|Eviolite|[from] move: Knock Off|[of] p2b: Incineroar
|move|p1b: Tyranitar|Rock Slide|p2a: Gholdengo|[spread] p2a,p2b
|-resisted|p2a: Gholdengo
|-damage|p2a: Gholdengo|20/100
|-damage|p2b: Incineroar|0 fnt
|faint|p2b: Incineroar
|
|-weather|none
|-sideend|p2: scaccabarozzivgc|move: Tailwind
|upkeep
|
|t:|1757679675
|switch|p2b: Garchomp|Garchomp, L50, F|46/100
|turn|6
|
|t:|1757679686
|move|p1a: Electabuzz|Follow Me|p1a: Electabuzz
|-singleturn|p1a: Electabuzz|move: Follow Me
|move|p2b: Garchomp|Dragon Claw|p1a: Electabuzz
|-damage|p1a: Electabuzz|0 fnt
|faint|p1a: Electabuzz
|move|p2a: Gholdengo|Make It Rain|p1b: Tyranitar
|-damage|p1b: Tyranitar|20/100
|-unboost|p2a: Gholdengo|spa|1
|move|p1b: Tyranitar|Tera Blast|p2b: Garchomp|[anim] Tera Blast Flying
|-damage|p2b: Garchomp|0 fnt
|faint|p2b: Garchomp
|
|upkeep
|turn|7
|
|t:|1757679701
|move|p2a: Gholdengo|Make It Rain|p1b: Tyranitar
|-damage|p1b: Tyranitar|0 fnt
|-unboost|p2a: Gholdengo|spa|1
|faint|p1b: Tyranitar
|
|win|scaccabarozzivgc
|raw|zhakuma's rating: 1202 → 1173(-29 for losing)
|raw|scaccabarozzivgc's rating: 1151 → 1180(+29 for winning)
