|j|☆GreyJohn
|j|☆FollowBrandn
|html|GreyJohnFollowBrandn    
|uhtml|bestof|Game 2 of a best-of-3
|t:|1784167751
|gametype|doubles
|player|p1|GreyJohn|blackbelt-gen4dp|
|player|p2|FollowBrandn|unknown|
|gen|9
|tier|[Gen 9 Champions] VGC 2026 Reg M-B (Bo3)
|rule|Species Clause: Limit one of each Pokémon
|rule|Item Clause: Limit 1 of each item
|clearpoke
|poke|p1|Whimsicott, L50, F|
|poke|p1|Altaria, L50, F|
|poke|p1|Weavile, L50, F|
|poke|p1|Meowscarada, L50, F|
|poke|p1|Sceptile, L50, F|
|poke|p1|Garchomp, L50, M|
|poke|p2|Tyranitar, L50, M|
|poke|p2|Excadrill, L50, F|
|poke|p2|Rotom-Mow, L50|
|poke|p2|Noivern, L50, F|
|poke|p2|Primarina, L50, M|
|poke|p2|Delphox, L50, F|
|teampreview|4
|showteam|p1|Whimsicott||OccaBerry|Prankster|Moonblast,Encore,Tailwind,Protect|Bold||F|||50|]Altaria||YacheBerry|CloudNine|DracoMeteor,HelpingHand,Tailwind,Protect|Modest||F|||50|]Weavile||WideLens|Pressure|TripleAxel,KnockOff,FakeOut,Protect|Jolly||F|||50|]Meowscarada||ExpertBelt|Protean|BrickBreak,FlowerTrick,TripleAxel,Taunt|Jolly||F|||50|]Sceptile||Sceptilite|Overgrow|DragonPulse,LeafStorm,EarthPower,Protect|Modest||F|||50|]Garchomp||LifeOrb|RoughSkin|Earthquake,RockSlide,SwordsDance,Protect|Adamant||M|||50|
|showteam|p2|Tyranitar||Tyranitarite|SandStream|RockSlide,DragonDance,Protect,IcePunch|Jolly||M|||50|]Excadrill||FocusSash|SandRush|HighHorsepower,Protect,IronHead,RockSlide|Adamant||F|||50|]Rotom-Mow||SitrusBerry|Levitate|Protect,LeafStorm,Thunderbolt,WillOWisp|Calm|||||50|]Noivern||WhiteHerb|Frisk|Tailwind,Taunt,Protect,DracoMeteor|Timid||F|||50|]Primarina||Leftovers|Torrent|HyperVoice,IcyWind,Moonblast,Protect|Modest||M|||50|]Delphox||Delphoxite|Blaze|Substitute,NastyPlot,HeatWave,Psyshock|Timid||F|||50|
|
|t:|1784167781
|teamsize|p1|4
|teamsize|p2|4
|start
|switch|p1a: Carnegie|Weavile, L50, F|100/100
|switch|p1b: Rock Creek|Meowscarada, L50, F|100/100
|switch|p2a: Tyranitar|Tyranitar, L50, M|100/100
|switch|p2b: Excadrill|Excadrill, L50, F|100/100
|-ability|p1a: Carnegie|Pressure
|-weather|Sandstorm|[from] ability: Sand Stream|[of] p2a: Tyranitar
|turn|1
|
|t:|1784167828
|move|p2b: Excadrill|Protect|p2b: Excadrill
|-singleturn|p2b: Excadrill|Protect
|move|p2a: Tyranitar|Protect|p2a: Tyranitar
|-singleturn|p2a: Tyranitar|Protect
|move|p1a: Carnegie|Fake Out|p2b: Excadrill
|-activate|p2b: Excadrill|move: Protect
|move|p1b: Rock Creek|Brick Break|p2a: Tyranitar
|-start|p1b: Rock Creek|typechange|Fighting|[from] ability: Protean
|-activate|p2a: Tyranitar|move: Protect
|
|-weather|Sandstorm|[upkeep]
|-damage|p1a: Carnegie|93/100|[from] Sandstorm
|-damage|p1b: Rock Creek|94/100|[from] Sandstorm
|upkeep
|turn|2
|
|t:|1784167921
|switch|p1a: Lafayette|Whimsicott, L50, F|100/100
|switch|p2a: Rotom|Rotom-Mow, L50|100/100
|move|p2b: Excadrill|Iron Head|p1a: Lafayette
|-supereffective|p1a: Lafayette|1
|-damage|p1a: Lafayette|30/100
|move|p1b: Rock Creek|Brick Break|p2a: Rotom
|-damage|p2a: Rotom|59/100
|
|-weather|Sandstorm|[upkeep]
|-damage|p1b: Rock Creek|88/100|[from] Sandstorm
|-damage|p1a: Lafayette|24/100|[from] Sandstorm
|-damage|p2a: Rotom|53/100|[from] Sandstorm
|upkeep
|turn|3
|
|t:|1784167978
|move|p1a: Lafayette|Tailwind|p1a: Lafayette
|-sidestart|p1: GreyJohn|move: Tailwind
|move|p1b: Rock Creek|Triple Axel|p2a: Rotom|[miss]
|-miss|p1b: Rock Creek|p2a: Rotom
|move|p2b: Excadrill|Rock Slide|p1b: Rock Creek|[spread] p1a,p1b
|-resisted|p1b: Rock Creek|1
|-damage|p1a: Lafayette|5/100
|-damage|p1b: Rock Creek|72/100
|move|p2a: Rotom|Will-O-Wisp|p1b: Rock Creek|[miss]
|-miss|p2a: Rotom|p1b: Rock Creek
|
|-weather|Sandstorm|[upkeep]
|-damage|p1b: Rock Creek|66/100|[from] Sandstorm
|-damage|p1a: Lafayette|0 fnt|[from] Sandstorm
|-damage|p2a: Rotom|47/100|[from] Sandstorm
|-enditem|p2a: Rotom|Sitrus Berry|[eat]
|-heal|p2a: Rotom|72/100|[from] item: Sitrus Berry
|faint|p1a: Lafayette
|upkeep
|
|t:|1784168000
|switch|p1a: Carnegie|Weavile, L50, F|93/100
|-ability|p1a: Carnegie|Pressure
|turn|4
|
|t:|1784168150
|move|p1a: Carnegie|Triple Axel|p2a: Rotom
|-supereffective|p2a: Rotom|1
|-damage|p2a: Rotom|49/100
|-supereffective|p2a: Rotom|1
|-damage|p2a: Rotom|10/100
|-supereffective|p2a: Rotom|1
|-damage|p2a: Rotom|0 fnt
|faint|p2a: Rotom
|-hitcount|p2: Rotom|3
|move|p1b: Rock Creek|Brick Break|p2b: Excadrill
|-supereffective|p2b: Excadrill|1
|-enditem|p2b: Excadrill|Focus Sash
|-damage|p2b: Excadrill|1/100
|move|p2b: Excadrill|Iron Head|p1a: Carnegie
|-supereffective|p1a: Carnegie|1
|-damage|p1a: Carnegie|0 fnt
|faint|p1a: Carnegie
|
|-weather|Sandstorm|[upkeep]
|-damage|p1b: Rock Creek|60/100|[from] Sandstorm
|upkeep
|
|t:|1784168170
|switch|p1a: Nebraska|Garchomp, L50, M|100/100
|switch|p2a: Primarina|Primarina, L50, M|100/100
|turn|5
|
|t:|1784168184
|move|p2b: Excadrill|Protect|p2b: Excadrill
|-singleturn|p2b: Excadrill|Protect
|move|p1b: Rock Creek|Flower Trick|p2a: Primarina
|-supereffective|p2a: Primarina|1
|-crit|p2a: Primarina
|-damage|p2a: Primarina|26/100
|move|p1a: Nebraska|Rock Slide|p2b: Excadrill|[spread] p2a
|-activate|p2b: Excadrill|move: Protect
|-damage|p2a: Primarina|1/100
|-damage|p1a: Nebraska|90/100|[from] item: Life Orb
|move|p2a: Primarina|Icy Wind|p1a: Nebraska|[spread] p1a,p1b
|-supereffective|p1a: Nebraska|2
|-damage|p1a: Nebraska|26/100
|-damage|p1b: Rock Creek|38/100
|-unboost|p1a: Nebraska|spe|1
|-unboost|p1b: Rock Creek|spe|1
|
|-weather|none
|-heal|p2a: Primarina|6/100|[from] item: Leftovers
|upkeep
|turn|6
|
|t:|1784168233
|move|p2b: Excadrill|Protect|p2b: Excadrill
|-singleturn|p2b: Excadrill|Protect
|move|p2a: Primarina|Protect|p2a: Primarina
|-singleturn|p2a: Primarina|Protect
|move|p1b: Rock Creek|Brick Break|p2b: Excadrill
|-activate|p2b: Excadrill|move: Protect
|move|p1a: Nebraska|Rock Slide|p2a: Primarina|[spread] 
|-activate|p2a: Primarina|move: Protect
|-activate|p2b: Excadrill|move: Protect
|
|-heal|p2a: Primarina|12/100|[from] item: Leftovers
|-sideend|p1: GreyJohn|move: Tailwind
|upkeep
|turn|7
|
|t:|1784168348
|switch|p2a: Tyranitar|Tyranitar, L50, M|100/100
|-weather|Sandstorm|[from] ability: Sand Stream|[of] p2a: Tyranitar
|move|p2b: Excadrill|Iron Head|p1b: Rock Creek
|-damage|p1b: Rock Creek|0 fnt
|faint|p1b: Rock Creek
|move|p1a: Nebraska|Rock Slide|p2a: Tyranitar|[spread] p2a,p2b
|-resisted|p2b: Excadrill|2
|-damage|p2a: Tyranitar|75/100
|-damage|p2b: Excadrill|0 fnt
|faint|p2b: Excadrill
|-damage|p1a: Nebraska|16/100|[from] item: Life Orb
|
|-weather|Sandstorm|[upkeep]
|upkeep
|
|t:|1784168357
|switch|p2b: Primarina|Primarina, L50, M|12/100
|turn|8
|
|t:|1784168366
|detailschange|p2a: Tyranitar|Tyranitar-Mega, L50, M
|-mega|p2a: Tyranitar|Tyranitar|Tyranitarite
|move|p2a: Tyranitar|Ice Punch|p1a: Nebraska
|-supereffective|p1a: Nebraska|2
|-damage|p1a: Nebraska|0 fnt
|-damage|p2a: Tyranitar|63/100|[from] ability: Rough Skin|[of] p1a: Nebraska
|faint|p1a: Nebraska
|
|win|FollowBrandn
