|j|☆dualedge0224
|j|☆Semyboy
|html|dualedge0224Semyboy    
|uhtml|bestof|Game 3 of a best-of-3
|t:|1756214881
|gametype|doubles
|player|p1|dualedge0224|biker-gen4|1020
|player|p2|Semyboy|265|1028
|gen|9
|tier|[Gen 9] VGC 2025 Reg H (Bo3)
|rated|
|rule|Species Clause: Limit one of each Pokémon
|rule|Item Clause: Limit 1 of each item
|clearpoke
|poke|p1|Incineroar, L50, M|
|poke|p1|Rillaboom, L50, F|
|poke|p1|Farigiraf, L50, M|
|poke|p1|Dragonite, L50, F|
|poke|p1|Ursaluna-Bloodmoon, L50, M|
|poke|p1|Gholdengo, L50|
|poke|p2|Sneasler, L50, M|
|poke|p2|Archaludon, L50, F|
|poke|p2|Whimsicott, L50, M|
|poke|p2|Electabuzz, L50, F|
|poke|p2|Pelipper, L50, F|
|poke|p2|Garchomp, L50, F|
|teampreview|4
|showteam|p1|Incineroar||SafetyGoggles|Intimidate|FakeOut,FlareBlitz,PartingShot,KnockOff|||M|||50|,,,,,Ghost]Rillaboom||AssaultVest|GrassySurge|GrassyGlide,WoodHammer,FakeOut,HighHorsepower|||F|||50|,,,,,Fire]Farigiraf||SitrusBerry|ArmorTail|TrickRoom,Psychic,DazzlingGleam,Protect|||M|||50|,,,,,Fairy]Dragonite||LoadedDice|Multiscale|Tailwind,Haze,Protect,ScaleShot|||F|||50|,,,,,Steel]Ursaluna-Bloodmoon||LifeOrb|MindsEye|EarthPower,Protect,BloodMoon,HyperVoice|||M|||50|,,,,,Ghost]Gholdengo||Leftovers|GoodasGold|MakeItRain,ShadowBall,NastyPlot,Protect||||||50|,,,,,Fairy
|showteam|p2|Sneasler||WhiteHerb|Unburden|CloseCombat,FakeOut,DireClaw,ThroatChop|||M|||50|,,,,,Stellar]Archaludon||AssaultVest|Stamina|FlashCannon,DracoMeteor,ElectroShot,BodyPress|||F|||50|,,,,,Grass]Whimsicott||CovertCloak|Prankster|Moonblast,Tailwind,Protect,Encore|||M|||50|,,,,,Dark]Electabuzz||Eviolite|VitalSpirit|FollowMe,Protect,Electroweb,Taunt|||F|||50|,,,,,Electric]Pelipper||FocusSash|Drizzle|Hurricane,WeatherBall,Protect,IceBeam|||F|||50|,,,,,Stellar]Garchomp||LifeOrb|RoughSkin|Earthquake,StompingTantrum,Protect,DragonClaw|||F|||50|,,,,,Dragon
|
|t:|1756214924
|teamsize|p1|4
|teamsize|p2|4
|start
|switch|p1a: Rillaboom|Rillaboom, L50, F|100/100
|switch|p1b: Farigiraf|Farigiraf, L50, M|100/100
|switch|p2a: Sneasler|Sneasler, L50, M|100/100
|switch|p2b: Whimsicott|Whimsicott, L50, M|100/100
|-fieldstart|move: Grassy Terrain|[from] ability: Grassy Surge|[of] p1a: Rillaboom
|turn|1
|
|t:|1756214965
|switch|p2a: Electabuzz|Electabuzz, L50, F|100/100
|switch|p1b: Incineroar|Incineroar, L50, M|100/100
|-ability|p1b: Incineroar|Intimidate|boost
|-unboost|p2a: Electabuzz|atk|1
|-unboost|p2b: Whimsicott|atk|1
|move|p2b: Whimsicott|Moonblast|p1a: Rillaboom
|-damage|p1a: Rillaboom|83/100
|-unboost|p1a: Rillaboom|spa|1
|move|p1a: Rillaboom|High Horsepower|p2a: Electabuzz|[miss]
|-miss|p1a: Rillaboom|p2a: Electabuzz
|
|-heal|p1a: Rillaboom|88/100|[from] Grassy Terrain
|upkeep
|turn|2
|c|☆dualedge0224|ofc it misses
|
|t:|1756215007
|switch|p2b: Sneasler|Sneasler, L50, M|100/100
|switch|p1a: Ursaluna|Ursaluna-Bloodmoon, L50, M|100/100
|move|p2a: Electabuzz|Follow Me|p2a: Electabuzz
|-singleturn|p2a: Electabuzz|move: Follow Me
|move|p1b: Incineroar|Parting Shot|p2a: Electabuzz
|-unboost|p2a: Electabuzz|atk|1
|-unboost|p2a: Electabuzz|spa|1
|
|t:|1756215018
|switch|p1b: Farigiraf|Farigiraf, L50, M|100/100|[from] Parting Shot
|
|upkeep
|turn|3
|
|t:|1756215052
|-terastallize|p2b: Sneasler|Stellar
|-terastallize|p1b: Farigiraf|Fairy
|move|p1a: Ursaluna|Protect|p1a: Ursaluna
|-singleturn|p1a: Ursaluna|Protect
|move|p2a: Electabuzz|Follow Me|p2a: Electabuzz
|-singleturn|p2a: Electabuzz|move: Follow Me
|move|p2b: Sneasler|Throat Chop|p1b: Farigiraf
|-resisted|p1b: Farigiraf
|-damage|p1b: Farigiraf|85/100
|-start|p1b: Farigiraf|Throat Chop|[silent]
|move|p1b: Farigiraf|Psychic|p2a: Electabuzz
|-damage|p2a: Electabuzz|69/100
|
|-heal|p2a: Electabuzz|74/100|[from] Grassy Terrain
|-heal|p1b: Farigiraf|91/100|[from] Grassy Terrain
|upkeep
|turn|4
|
|t:|1756215078
|switch|p1a: Incineroar|Incineroar, L50, M|100/100
|-ability|p1a: Incineroar|Intimidate|boost
|-unboost|p2a: Electabuzz|atk|1
|-unboost|p2b: Sneasler|atk|1
|-enditem|p2b: Sneasler|White Herb
|-clearnegativeboost|p2b: Sneasler|[silent]
|move|p1b: Farigiraf|Protect|p1b: Farigiraf
|-singleturn|p1b: Farigiraf|Protect
|move|p2a: Electabuzz|Follow Me|p2a: Electabuzz
|-singleturn|p2a: Electabuzz|move: Follow Me
|move|p2b: Sneasler|Close Combat|p1a: Incineroar
|-supereffective|p1a: Incineroar
|-damage|p1a: Incineroar|0 fnt
|-unboost|p2b: Sneasler|def|1
|-unboost|p2b: Sneasler|spd|1
|faint|p1a: Incineroar
|
|-heal|p2a: Electabuzz|80/100|[from] Grassy Terrain
|-heal|p1b: Farigiraf|97/100|[from] Grassy Terrain
|-end|p1b: Farigiraf|Throat Chop|[silent]
|upkeep
|
|t:|1756215089
|switch|p1a: Rillaboom|Rillaboom, L50, F|88/100
|turn|5
|
|t:|1756215109
|move|p1a: Rillaboom|Fake Out|p2b: Sneasler
|-damage|p2b: Sneasler|65/100
|move|p2a: Electabuzz|Follow Me|p2a: Electabuzz
|-singleturn|p2a: Electabuzz|move: Follow Me
|cant|p2b: Sneasler|flinch
|move|p1b: Farigiraf|Psychic|p2a: Electabuzz
|-damage|p2a: Electabuzz|49/100
|-unboost|p2a: Electabuzz|spd|1
|
|-heal|p2b: Sneasler|70/100|[from] Grassy Terrain
|-heal|p2a: Electabuzz|55/100|[from] Grassy Terrain
|-heal|p1a: Rillaboom|94/100|[from] Grassy Terrain
|-heal|p1b: Farigiraf|100/100|[from] Grassy Terrain
|-fieldend|move: Grassy Terrain
|upkeep
|turn|6
|
|t:|1756215156
|switch|p2b: Whimsicott|Whimsicott, L50, M|100/100
|move|p2a: Electabuzz|Taunt|p1b: Farigiraf
|-start|p1b: Farigiraf|move: Taunt
|move|p1a: Rillaboom|High Horsepower|p2b: Whimsicott
|-resisted|p2b: Whimsicott
|-damage|p2b: Whimsicott|79/100
|cant|p1b: Farigiraf|move: Taunt|Trick Room
|
|upkeep
|turn|7
|
|t:|1756215221
|switch|p2b: Pelipper|Pelipper, L50, F|100/100
|-weather|RainDance|[from] ability: Drizzle|[of] p2b: Pelipper
|switch|p1b: Ursaluna|Ursaluna-Bloodmoon, L50, M|100/100
|move|p2a: Electabuzz|Follow Me|p2a: Electabuzz
|-singleturn|p2a: Electabuzz|move: Follow Me
|move|p1a: Rillaboom|High Horsepower|p2a: Electabuzz
|-supereffective|p2a: Electabuzz
|-damage|p2a: Electabuzz|0 fnt
|faint|p2a: Electabuzz
|
|-weather|RainDance|[upkeep]
|upkeep
|
|t:|1756215233
|switch|p2a: Sneasler|Sneasler, L50, M, tera:Stellar|70/100
|turn|8
|
|t:|1756215287
|switch|p1a: Farigiraf|Farigiraf, L50, M, tera:Fairy|100/100
|move|p1b: Ursaluna|Protect|p1b: Ursaluna
|-singleturn|p1b: Ursaluna|Protect
|move|p2a: Sneasler|Close Combat|p1b: Ursaluna
|-activate|p1b: Ursaluna|move: Protect
|move|p2b: Pelipper|Hurricane|p1a: Farigiraf
|-damage|p1a: Farigiraf|50/100
|-enditem|p1a: Farigiraf|Sitrus Berry|[eat]
|-heal|p1a: Farigiraf|74/100|[from] item: Sitrus Berry
|
|-weather|RainDance|[upkeep]
|upkeep
|turn|9
|
|t:|1756215321
|switch|p1b: Rillaboom|Rillaboom, L50, F|94/100
|-fieldstart|move: Grassy Terrain|[from] ability: Grassy Surge|[of] p1b: Rillaboom
|move|p1a: Farigiraf|Protect|p1a: Farigiraf
|-singleturn|p1a: Farigiraf|Protect
|move|p2a: Sneasler|Dire Claw|p1a: Farigiraf
|-activate|p1a: Farigiraf|move: Protect
|move|p2b: Pelipper|Hurricane|p1a: Farigiraf
|-activate|p1a: Farigiraf|move: Protect
|
|-weather|RainDance|[upkeep]
|-heal|p2a: Sneasler|76/100|[from] Grassy Terrain
|-heal|p1b: Rillaboom|99/100|[from] Grassy Terrain
|-heal|p1a: Farigiraf|81/100|[from] Grassy Terrain
|upkeep
|turn|10
|
|t:|1756215343
|switch|p2a: Whimsicott|Whimsicott, L50, M|79/100
|move|p1b: Rillaboom|Fake Out|p2a: Whimsicott
|-damage|p2a: Whimsicott|60/100
|move|p2b: Pelipper|Hurricane|p1b: Rillaboom
|-supereffective|p1b: Rillaboom
|-damage|p1b: Rillaboom|35/100
|move|p1a: Farigiraf|Trick Room|p1a: Farigiraf
|-fieldstart|move: Trick Room|[of] p1a: Farigiraf
|
|-weather|RainDance|[upkeep]
|-heal|p1a: Farigiraf|87/100|[from] Grassy Terrain
|-heal|p1b: Rillaboom|41/100|[from] Grassy Terrain
|-heal|p2a: Whimsicott|66/100|[from] Grassy Terrain
|upkeep
|turn|11
|
|t:|1756215362
|move|p2a: Whimsicott|Encore||[still]
|cant|p1a: Farigiraf|ability: Armor Tail|Encore|[of] p2a: Whimsicott
|move|p1a: Farigiraf|Psychic|p2b: Pelipper
|-damage|p2b: Pelipper|31/100
|move|p1b: Rillaboom|Wood Hammer|p2b: Pelipper
|-damage|p2b: Pelipper|0 fnt
|faint|p2b: Pelipper
|-damage|p1b: Rillaboom|34/100|[from] Recoil
|
|-weather|none
|-heal|p1a: Farigiraf|93/100|[from] Grassy Terrain
|-heal|p1b: Rillaboom|40/100|[from] Grassy Terrain
|-heal|p2a: Whimsicott|71/100|[from] Grassy Terrain
|upkeep
|
|t:|1756215373
|switch|p2b: Sneasler|Sneasler, L50, M, tera:Stellar|76/100
|turn|12
|
|t:|1756215388
|switch|p1b: Ursaluna|Ursaluna-Bloodmoon, L50, M|100/100
|move|p1a: Farigiraf|Psychic|p2b: Sneasler
|-supereffective|p2b: Sneasler
|-damage|p2b: Sneasler|0 fnt
|faint|p2b: Sneasler
|move|p2a: Whimsicott|Moonblast|p1a: Farigiraf
|-damage|p1a: Farigiraf|66/100
|
|-heal|p1a: Farigiraf|73/100|[from] Grassy Terrain
|-heal|p2a: Whimsicott|77/100|[from] Grassy Terrain
|upkeep
|turn|13
|
|t:|1756215410
|move|p1a: Farigiraf|Psychic|p2a: Whimsicott
|-damage|p2a: Whimsicott|30/100
|move|p1b: Ursaluna|Blood Moon|p2a: Whimsicott
|-damage|p2a: Whimsicott|0 fnt
|faint|p2a: Whimsicott
|-damage|p1b: Ursaluna|91/100|[from] item: Life Orb
|
|win|dualedge0224
|raw|dualedge0224's rating: 1020 → 1058(+38 for winning)
|raw|Semyboy's rating: 1028 → 1013(-15 for losing)
|c|☆dualedge0224|gg
|l|☆dualedge0224
|player|p1|
