|j|☆dmac55
|j|☆DaviDXrt
|html|dmac55DaviDXrt    
|uhtml|bestof|Game 3 of a best-of-3
|t:|1785808735
|gametype|doubles
|player|p1|dmac55|265|1362
|player|p2|DaviDXrt|102|1292
|gen|9
|tier|[Gen 9 Champions] VGC 2026 Reg M-B (Bo3)
|rated|
|rule|Species Clause: Limit one of each Pokémon
|rule|Item Clause: Limit 1 of each item
|clearpoke
|poke|p1|Vanilluxe, L50, M|
|poke|p1|Kingambit, L50, F|
|poke|p1|Raichu, L50, F|
|poke|p1|Basculegion, L50, M|
|poke|p1|Volcarona, L50, M|
|poke|p1|Garchomp, L50, F|
|poke|p2|Pelipper, L50, F|
|poke|p2|Archaludon, L50, F|
|poke|p2|Basculegion, L50, M|
|poke|p2|Floette-Eternal, L50, F|
|poke|p2|Klefki, L50, M|
|poke|p2|Gallade, L50, M|
|teampreview|4
|showteam|p1|Vanilluxe||NeverMeltIce|SnowWarning|Blizzard,FreezeDry,IceShard,Protect|Modest||M|||50|]Kingambit||BlackGlasses|Defiant|KowtowCleave,SuckerPunch,IronHead,Protect|Adamant||F|||50|]Raichu||RaichuniteY|LightningRod|FakeOut,ZapCannon,FocusBlast,Protect|Timid||F|||50|]Basculegion||ChoiceScarf|Adaptability|LastRespects,WaveCrash,AquaJet,FlipTurn|Jolly||M|||50|]Volcarona||SitrusBerry|FlameBody|Tailwind,RagePowder,HeatWave,AirSlash|Bold||M|||50|]Garchomp||LifeOrb|RoughSkin|DragonClaw,StompingTantrum,RockSlide,Protect|Jolly||F|||50|
|showteam|p2|Pelipper||SitrusBerry|Drizzle|Protect,Tailwind,WeatherBall,Hurricane|Modest||F|||50|]Archaludon||QuickClaw|Stamina|Protect,ElectroShot,DracoMeteor,FlashCannon|Modest||F|||50|]Basculegion||MysticWater|SwiftSwim|Protect,AquaJet,WaveCrash,LastRespects|Adamant||M|||50|]Floette-Eternal||Floettite|FlowerVeil|Protect,Moonblast,DazzlingGleam,LightofRuin|Modest||F|||50|]Klefki||LightClay|Prankster|Reflect,LightScreen,RainDance,TrickRoom|Bold||M|||50|]Gallade||LifeOrb|Sharpness|Protect,PsychoCut,SacredSword,KnockOff|Adamant||M|||50|
|inactive|Battle timer is ON: inactive players will automatically lose when time's up. (requested by DaviDXrt)
|inactive|dmac55 has 60 seconds left.
|
|t:|1785808779
|teamsize|p1|4
|teamsize|p2|4
|start
|switch|p1a: Raichu|Raichu, L50, F|100/100
|switch|p1b: Basculegion|Basculegion, L50, M|100/100
|switch|p2a: Floette|Floette-Eternal, L50, F|100/100
|switch|p2b: Klefki|Klefki, L50, M|100/100
|turn|1
|inactive|DaviDXrt has 30 seconds left.
|
|t:|1785808806
|detailschange|p1a: Raichu|Raichu-Mega-Y, L50, F
|-mega|p1a: Raichu|Raichu|Raichunite Y
|detailschange|p2a: Floette|Floette-Mega, L50, F
|-mega|p2a: Floette|Floette|Floettite
|-ability|p2a: Floette|Fairy Aura
|move|p2b: Klefki|Light Screen|p2b: Klefki
|-sidestart|p2: DaviDXrt|move: Light Screen
|move|p1b: Basculegion|Wave Crash|p2b: Klefki
|-damage|p2b: Klefki|32/100
|-damage|p1b: Basculegion|82/100|[from] Recoil
|move|p1a: Raichu|Zap Cannon|p2b: Klefki
|-damage|p2b: Klefki|0 fnt
|faint|p2b: Klefki
|move|p2a: Floette|Moonblast|p1a: Raichu
|-damage|p1a: Raichu|2/100
|
|upkeep
|
|t:|1785808820
|switch|p2b: Archaludon|Archaludon, L50, F|100/100
|turn|2
|
|t:|1785808831
|move|p2b: Archaludon|Protect|p2b: Archaludon
|-singleturn|p2b: Archaludon|Protect
|move|p1b: Basculegion|Wave Crash|p2a: Floette
|-damage|p2a: Floette|24/100
|-damage|p1b: Basculegion|59/100|[from] Recoil
|move|p1a: Raichu|Focus Blast|p2b: Archaludon
|-activate|p2b: Archaludon|move: Protect
|move|p2a: Floette|Dazzling Gleam|p1a: Raichu|[spread] p1a,p1b
|-crit|p1a: Raichu
|-damage|p1a: Raichu|0 fnt
|-damage|p1b: Basculegion|7/100
|faint|p1a: Raichu
|
|upkeep
|
|t:|1785808844
|switch|p1a: Garchomp|Garchomp, L50, F|100/100
|turn|3
|-activate|p2b: Archaludon|item: Quick Claw
|
|t:|1785808861
|move|p2a: Floette|Protect|p2a: Floette
|-singleturn|p2a: Floette|Protect
|move|p2b: Archaludon|Flash Cannon|p1b: Basculegion
|-resisted|p1b: Basculegion|1
|-damage|p1b: Basculegion|0 fnt
|faint|p1b: Basculegion
|move|p1a: Garchomp|Stomping Tantrum|p2b: Archaludon
|-supereffective|p2b: Archaludon|1
|-damage|p2b: Archaludon|26/100
|-ability|p2b: Archaludon|Stamina|boost
|-boost|p2b: Archaludon|def|1
|-damage|p1a: Garchomp|90/100|[from] item: Life Orb
|
|upkeep
|
|t:|1785808873
|switch|p1b: Kingambit|Kingambit, L50, F|100/100
|turn|4
|inactive|dmac55 has 30 seconds left.
|inactive|dmac55 has 20 seconds left.
|inactive|dmac55 has 15 seconds left.
|
|t:|1785808917
|move|p1a: Garchomp|Stomping Tantrum|p2a: Floette
|-damage|p2a: Floette|0 fnt
|faint|p2a: Floette
|-damage|p1a: Garchomp|80/100|[from] item: Life Orb
|move|p2b: Archaludon|Draco Meteor|p1a: Garchomp
|-supereffective|p1a: Garchomp|1
|-damage|p1a: Garchomp|0 fnt
|-unboost|p2b: Archaludon|spa|2
|faint|p1a: Garchomp
|move|p1b: Kingambit|Kowtow Cleave|p2b: Archaludon
|-damage|p2b: Archaludon|0 fnt
|faint|p2b: Archaludon
|
|upkeep
|
|t:|1785808925
|switch|p2b: Gallade|Gallade, L50, M|100/100
|turn|5
|
|t:|1785808944
|move|p1b: Kingambit|Sucker Punch|p2b: Gallade
|-damage|p2b: Gallade|27/100
|move|p2b: Gallade|Sacred Sword|p1b: Kingambit
|-supereffective|p1b: Kingambit|2
|-damage|p1b: Kingambit|0 fnt
|faint|p1b: Kingambit
|-damage|p2b: Gallade|17/100|[from] item: Life Orb
|
|win|DaviDXrt
|raw|dmac55's rating: 1362 → 1338(-24 for losing)
|raw|DaviDXrt's rating: 1292 → 1322(+30 for winning)
|l|☆DaviDXrt
|player|p2|
|l|☆dmac55
|player|p1|
