|j|☆magicalarcher57
|j|☆WhatIsBreadnaught
|html|magicalarcher57WhatIsBreadnaught    
|uhtml|bestof|Game 2 of a best-of-3
|t:|1783953790
|gametype|doubles
|player|p1|magicalarcher57|diantha|1211
|player|p2|WhatIsBreadnaught|volkner|1067
|gen|9
|tier|[Gen 9 Champions] VGC 2026 Reg M-B (Bo3)
|rated|
|rule|Species Clause: Limit one of each Pokémon
|rule|Item Clause: Limit 1 of each item
|clearpoke
|poke|p1|Basculegion, L50, M|
|poke|p1|Glimmora, L50, F|
|poke|p1|Garchomp, L50, M|
|poke|p1|Kingambit, L50, M|
|poke|p1|Whimsicott, L50, M|
|poke|p1|Staraptor, L50, M|
|poke|p2|Raichu, L50, F|
|poke|p2|Sableye, L50, M|
|poke|p2|Pelipper, L50, M|
|poke|p2|Tsareena, L50, F|
|poke|p2|Archaludon, L50, M|
|poke|p2|Swampert, L50, M|
|teampreview|4
|showteam|p1|Basculegion||ChoiceScarf|Adaptability|AquaJet,LastRespects,WaveCrash,FlipTurn|Jolly||M|||50|]Glimmora||LifeOrb|ToxicDebris|PowerGem,EarthPower,SpikyShield,SludgeBomb|Timid||F|||50|]Garchomp||SitrusBerry|RoughSkin|DragonClaw,RockSlide,Protect,Earthquake|Jolly||M|||50|]Kingambit||BlackGlasses|Defiant|SuckerPunch,KowtowCleave,Protect,IronHead|Adamant||M|||50|]Whimsicott||FocusSash|Prankster|Tailwind,Moonblast,Encore,Protect|Timid||M|||50|]Staraptor||Staraptite|Intimidate|CloseCombat,BraveBird,Roost,Protect|Jolly||M|||50|
|showteam|p2|Raichu||RaichuniteY|LightningRod|ZapCannon,FakeOut,FocusBlast,Protect|Hasty||F|||50|]Sableye||LightClay|Prankster|RainDance,WillOWisp,Reflect,LightScreen|Calm||M|||50|]Pelipper||DampRock|Drizzle|WideGuard,WeatherBall,Tailwind,Hurricane|Modest||M|||50|]Tsareena||ChoiceScarf|QueenlyMajesty|TripleAxel,TropKick,LowKick,Uturn|Jolly||F|||50|]Archaludon||Leftovers|Stamina|DragonPulse,ElectroShot,FlashCannon,Protect|Modest||M|||50|]Swampert||Swampertite|Torrent|IcePunch,WaveCrash,HighHorsepower,Protect|Adamant||M|||50|
|inactive|Battle timer is ON: inactive players will automatically lose when time's up. (requested by magicalarcher57)
|
|t:|1783953821
|teamsize|p1|4
|teamsize|p2|4
|start
|switch|p1a: Whimsicott|Whimsicott, L50, M|100/100
|switch|p1b: Glimmora|Glimmora, L50, F|100/100
|switch|p2a: Pelipper|Pelipper, L50, M|100/100
|switch|p2b: Archaludon|Archaludon, L50, M|100/100
|-weather|RainDance|[from] ability: Drizzle|[of] p2a: Pelipper
|turn|1
|inactive|magicalarcher57 has 30 seconds left.
|inactive|WhatIsBreadnaught has 30 seconds left.
|inactive|magicalarcher57 has 20 seconds left.
|
|t:|1783953856
|move|p1a: Whimsicott|Moonblast|p2b: Archaludon
|-damage|p2b: Archaludon|64/100
|-ability|p2b: Archaludon|Stamina|boost
|-boost|p2b: Archaludon|def|1
|move|p1b: Glimmora|Power Gem|p2a: Pelipper
|-supereffective|p2a: Pelipper|1
|-damage|p2a: Pelipper|0 fnt
|faint|p2a: Pelipper
|-damage|p1b: Glimmora|90/100|[from] item: Life Orb
|move|p2b: Archaludon|Flash Cannon|p1a: Whimsicott
|-supereffective|p1a: Whimsicott|1
|-enditem|p1a: Whimsicott|Focus Sash
|-damage|p1a: Whimsicott|1/100
|
|-weather|RainDance|[upkeep]
|-heal|p2b: Archaludon|70/100|[from] item: Leftovers
|upkeep
|
|t:|1783953873
|switch|p2a: Tsareena|Tsareena, L50, F|100/100
|turn|2
|
|t:|1783953889
|move|p1a: Whimsicott|Tailwind|p1a: Whimsicott
|-sidestart|p1: magicalarcher57|move: Tailwind
|move|p1b: Glimmora|Sludge Bomb|p2a: Tsareena
|-supereffective|p2a: Tsareena|1
|-damage|p2a: Tsareena|0 fnt
|faint|p2a: Tsareena
|-damage|p1b: Glimmora|81/100|[from] item: Life Orb
|move|p2b: Archaludon|Flash Cannon|p1b: Glimmora
|-supereffective|p1b: Glimmora|1
|-damage|p1b: Glimmora|0 fnt
|faint|p1b: Glimmora
|
|-weather|RainDance|[upkeep]
|-heal|p2b: Archaludon|76/100|[from] item: Leftovers
|upkeep
|
|t:|1783953894
|switch|p1b: Staraptor|Staraptor, L50, M|100/100
|switch|p2a: Raichu|Raichu, L50, F|100/100
|-ability|p1b: Staraptor|Intimidate|boost
|-unboost|p2a: Raichu|atk|1
|-unboost|p2b: Archaludon|atk|1
|turn|3
|
|t:|1783953914
|detailschange|p1b: Staraptor|Staraptor-Mega, L50, M
|-mega|p1b: Staraptor|Staraptor|Staraptite
|move|p1a: Whimsicott|Protect|p1a: Whimsicott
|-singleturn|p1a: Whimsicott|Protect
|move|p1b: Staraptor|Protect|p1b: Staraptor
|-singleturn|p1b: Staraptor|Protect
|move|p2a: Raichu|Fake Out|p1b: Staraptor
|-activate|p1b: Staraptor|move: Protect
|move|p2b: Archaludon|Flash Cannon|p1a: Whimsicott
|-activate|p1a: Whimsicott|move: Protect
|
|-weather|RainDance|[upkeep]
|-heal|p2b: Archaludon|82/100|[from] item: Leftovers
|upkeep
|turn|4
|
|t:|1783953925
|detailschange|p2a: Raichu|Raichu-Mega-Y, L50, F
|-mega|p2a: Raichu|Raichu|Raichunite Y
|move|p1a: Whimsicott|Encore|p2a: Raichu
|-start|p2a: Raichu|Encore
|move|p2a: Raichu|Fake Out||[still]
|-hint|Fake Out only works on your first turn out.
|-fail|p2a: Raichu
|move|p1b: Staraptor|Close Combat|p2b: Archaludon
|-supereffective|p2b: Archaludon|1
|-damage|p2b: Archaludon|18/100
|-boost|p1b: Staraptor|def|1
|-boost|p1b: Staraptor|spd|1
|-ability|p2b: Archaludon|Stamina|boost
|-boost|p2b: Archaludon|def|1
|move|p2b: Archaludon|Electro Shot||[still]
|-prepare|p2b: Archaludon|Electro Shot
|-boost|p2b: Archaludon|spa|1
|-anim|p2b: Archaludon|Electro Shot|p1a: Whimsicott
|-resisted|p1a: Whimsicott|1
|-damage|p1a: Whimsicott|0 fnt
|faint|p1a: Whimsicott
|
|-weather|RainDance|[upkeep]
|-heal|p2b: Archaludon|24/100|[from] item: Leftovers
|upkeep
|
|t:|1783953931
|switch|p1a: Basculegion|Basculegion, L50, M|100/100
|turn|5
|
|t:|1783953941
|move|p2b: Archaludon|Protect|p2b: Archaludon
|-singleturn|p2b: Archaludon|Protect
|move|p1a: Basculegion|Last Respects|p2a: Raichu
|-damage|p2a: Raichu|0 fnt
|faint|p2a: Raichu
|move|p1b: Staraptor|Close Combat|p2b: Archaludon
|-activate|p2b: Archaludon|move: Protect
|
|-weather|RainDance|[upkeep]
|-heal|p2b: Archaludon|30/100|[from] item: Leftovers
|-sideend|p1: magicalarcher57|move: Tailwind
|upkeep
|turn|6
|
|t:|1783953958
|move|p1a: Basculegion|Last Respects|p2b: Archaludon
|-damage|p2b: Archaludon|0 fnt
|faint|p2b: Archaludon
|
|win|magicalarcher57
|raw|magicalarcher57's rating: 1211 → 1226(+15 for winning)
|raw|WhatIsBreadnaught's rating: 1067 → 1055(-12 for losing)
