|j|☆TeyOnTheRox
|j|☆Grogguu
|html|TeyOnTheRoxGrogguu    
|uhtml|bestof|Game 3 of a best-of-3
|t:|1757728972
|gametype|doubles
|player|p1|TeyOnTheRox|benga|1093
|player|p2|Grogguu|266|1090
|gen|9
|tier|[Gen 9] VGC 2025 Reg H (Bo3)
|rated|
|rule|Species Clause: Limit one of each Pokémon
|rule|Item Clause: Limit 1 of each item
|clearpoke
|poke|p1|Tyranitar, L50, M|
|poke|p1|Excadrill, L50, F|
|poke|p1|Sneasler, L50, M|
|poke|p1|Indeedee, L50, M|
|poke|p1|Corviknight, L50, F|
|poke|p1|Annihilape, L50, F|
|poke|p2|Dragonite, L50, F|
|poke|p2|Rillaboom, L50, F|
|poke|p2|Ursaluna-Bloodmoon, L50, M|
|poke|p2|Gholdengo, L50|
|poke|p2|Electabuzz, L50, M|
|poke|p2|Annihilape, L50, M|
|teampreview|4
|showteam|p1|Tyranitar||AssaultVest|SandStream|RockSlide,KnockOff,TeraBlast,LowKick|||M|||50|,,,,,Flying]Excadrill||FocusSash|SandRush|IronHead,HighHorsepower,Earthquake,Protect|||F|||50|,,,,,Stellar]Sneasler||PsychicSeed|Unburden|DireClaw,CloseCombat,ThroatChop,Protect|||M|||50|,,,,,Dark]Indeedee||ChoiceScarf|PsychicSurge|ExpandingForce,TeraBlast,Protect,Trick|||M|||50|,,,,,Psychic]Corviknight||Leftovers|MirrorArmor|BraveBird,BulkUp,Roost,Tailwind|||F|||50|,,,,,Dragon]Annihilape||SafetyGoggles|Defiant|CloseCombat,FinalGambit,RageFist,Taunt|||F|||50|,,,,,Water
|showteam|p2|Dragonite||LoadedDice|Multiscale|ScaleShot,Tailwind,Haze,Protect|||F|||50|,,,,,Fairy]Rillaboom||MiracleSeed|GrassySurge|WoodHammer,KnockOff,GrassyGlide,FakeOut|||F|||50|,,,,,Fire]Ursaluna-Bloodmoon||LifeOrb|MindsEye|BloodMoon,EarthPower,HyperVoice,Protect|||M|||50|,,,,,Ghost]Gholdengo||Leftovers|GoodasGold|MakeItRain,ShadowBall,Protect,NastyPlot||||||50|,,,,,Water]Electabuzz||Eviolite|VitalSpirit|FollowMe,Electroweb,Protect,Taunt|||M|||50|,,,,,Flying]Annihilape||SitrusBerry|VitalSpirit|BulkUp,DrainPunch,RageFist,Protect|||M|||50|,,,,,Fire
|inactive|Battle timer is ON: inactive players will automatically lose when time's up. (requested by Grogguu)
|inactive|TeyOnTheRox has 60 seconds left.
|inactive|Grogguu has 60 seconds left.
|
|t:|1757729032
|teamsize|p1|4
|teamsize|p2|4
|start
|switch|p1a: Doc Hudson|Tyranitar, L50, M, shiny|100/100
|switch|p1b: Toe Mater|Excadrill, L50, F|100/100
|switch|p2a: Annihilape|Annihilape, L50, M|100/100
|switch|p2b: Electabuzz|Electabuzz, L50, M, shiny|100/100
|-weather|Sandstorm|[from] ability: Sand Stream|[of] p1a: Doc Hudson
|turn|1
|inactive|TeyOnTheRox has 30 seconds left.
|inactive|TeyOnTheRox has 20 seconds left.
|inactive|TeyOnTheRox has 15 seconds left.
|inactive|TeyOnTheRox has 10 seconds left.
|
|t:|1757729081
|switch|p2b: Rillaboom|Rillaboom, L50, F|100/100
|-fieldstart|move: Grassy Terrain|[from] ability: Grassy Surge|[of] p2b: Rillaboom
|switch|p1a: Cars II|Corviknight, L50, F|100/100
|move|p1b: Toe Mater|High Horsepower|p2b: Rillaboom
|-resisted|p2b: Rillaboom
|-damage|p2b: Rillaboom|74/100
|move|p2a: Annihilape|Bulk Up|p2a: Annihilape
|-boost|p2a: Annihilape|atk|1
|-boost|p2a: Annihilape|def|1
|
|-weather|Sandstorm|[upkeep]
|-damage|p2a: Annihilape|95/100|[from] Sandstorm
|-damage|p2b: Rillaboom|68/100|[from] Sandstorm
|-heal|p2a: Annihilape|100/100|[from] Grassy Terrain
|-heal|p2b: Rillaboom|74/100|[from] Grassy Terrain
|upkeep
|turn|2
|inactive|Grogguu has 30 seconds left.
|
|t:|1757729116
|switch|p1b: Cars I|Indeedee, L50, M, shiny|100/100
|-fieldstart|move: Psychic Terrain|[from] ability: Psychic Surge|[of] p1b: Cars I
|move|p2a: Annihilape|Drain Punch|p1a: Cars II
|-damage|p1a: Cars II|61/100
|move|p2b: Rillaboom|Wood Hammer|p1b: Cars I
|-damage|p1b: Cars I|0 fnt
|faint|p1b: Cars I
|-damage|p2b: Rillaboom|52/100|[from] Recoil
|move|p1a: Cars II|Tailwind|p1a: Cars II
|-sidestart|p1: TeyOnTheRox|move: Tailwind
|
|-weather|Sandstorm|[upkeep]
|-damage|p2a: Annihilape|95/100|[from] Sandstorm
|-damage|p2b: Rillaboom|47/100|[from] Sandstorm
|-heal|p1a: Cars II|67/100|[from] item: Leftovers
|upkeep
|
|t:|1757729139
|switch|p1b: Toe Mater|Excadrill, L50, F|100/100
|turn|3
|inactive|Grogguu has 30 seconds left.
|
|t:|1757729164
|switch|p2b: Electabuzz|Electabuzz, L50, M, shiny|100/100
|move|p2a: Annihilape|Protect|p2a: Annihilape
|-singleturn|p2a: Annihilape|Protect
|move|p1b: Toe Mater|Earthquake|p2b: Electabuzz|[spread] p2b
|-activate|p2a: Annihilape|move: Protect
|-immune|p1a: Cars II
|-supereffective|p2b: Electabuzz
|-damage|p2b: Electabuzz|36/100
|move|p1a: Cars II|Brave Bird|p2a: Annihilape
|-activate|p2a: Annihilape|move: Protect
|
|-weather|Sandstorm|[upkeep]
|-damage|p2a: Annihilape|89/100|[from] Sandstorm
|-damage|p2b: Electabuzz|30/100|[from] Sandstorm
|-heal|p1a: Cars II|73/100|[from] item: Leftovers
|upkeep
|turn|4
|inactive|Grogguu has 30 seconds left.
|
|t:|1757729198
|move|p2b: Electabuzz|Protect|p2b: Electabuzz
|-singleturn|p2b: Electabuzz|Protect
|move|p1b: Toe Mater|High Horsepower|p2a: Annihilape
|-damage|p2a: Annihilape|50/100
|-enditem|p2a: Annihilape|Sitrus Berry|[eat]
|-heal|p2a: Annihilape|75/100|[from] item: Sitrus Berry
|move|p1a: Cars II|Brave Bird|p2a: Annihilape
|-supereffective|p2a: Annihilape
|-damage|p2a: Annihilape|15/100
|-damage|p1a: Cars II|53/100|[from] Recoil
|move|p2a: Annihilape|Drain Punch|p1b: Toe Mater
|-supereffective|p1b: Toe Mater
|-enditem|p1b: Toe Mater|Focus Sash
|-damage|p1b: Toe Mater|1/100
|-heal|p2a: Annihilape|61/100|[from] drain|[of] p1b: Toe Mater
|
|-weather|Sandstorm|[upkeep]
|-damage|p2a: Annihilape|55/100|[from] Sandstorm
|-damage|p2b: Electabuzz|24/100|[from] Sandstorm
|-heal|p1a: Cars II|59/100|[from] item: Leftovers
|upkeep
|turn|5
|inactive|TeyOnTheRox has 30 seconds left.
|inactive|Grogguu has 30 seconds left.
|inactive|TeyOnTheRox has 20 seconds left.
|inactive|Grogguu has 20 seconds left.
|inactive|TeyOnTheRox has 15 seconds left.
|inactive|Grogguu has 15 seconds left.
|inactive|Grogguu has 10 seconds left.
|inactive|TeyOnTheRox has 10 seconds left.
|inactive|Grogguu has 5 seconds left.
|inactive|TeyOnTheRox has 5 seconds left.
|
|t:|1757729258
|move|p2b: Electabuzz|Follow Me|p2b: Electabuzz
|-singleturn|p2b: Electabuzz|move: Follow Me
|move|p1b: Toe Mater|High Horsepower|p2b: Electabuzz
|-supereffective|p2b: Electabuzz
|-damage|p2b: Electabuzz|0 fnt
|faint|p2b: Electabuzz
|move|p1a: Cars II|Bulk Up|p1a: Cars II
|-boost|p1a: Cars II|atk|1
|-boost|p1a: Cars II|def|1
|move|p2a: Annihilape|Bulk Up|p2a: Annihilape
|-boost|p2a: Annihilape|atk|1
|-boost|p2a: Annihilape|def|1
|
|-weather|none
|-heal|p1a: Cars II|65/100|[from] item: Leftovers
|-sideend|p1: TeyOnTheRox|move: Tailwind
|upkeep
|
|t:|1757729270
|switch|p2b: Rillaboom|Rillaboom, L50, F|47/100
|-fieldstart|move: Grassy Terrain|[from] ability: Grassy Surge|[of] p2b: Rillaboom
|turn|6
|inactive|TeyOnTheRox has 30 seconds left.
|
|t:|1757729298
|-terastallize|p2a: Annihilape|Fire
|move|p2b: Rillaboom|Grassy Glide|p1b: Toe Mater
|-damage|p1b: Toe Mater|0 fnt
|faint|p1b: Toe Mater
|move|p2a: Annihilape|Drain Punch|p1a: Cars II
|-damage|p1a: Cars II|32/100
|-heal|p2a: Annihilape|72/100|[from] drain|[of] p1a: Cars II
|move|p1a: Cars II|Tailwind|p1a: Cars II
|-sidestart|p1: TeyOnTheRox|move: Tailwind
|
|-heal|p1a: Cars II|38/100|[from] item: Leftovers
|-heal|p2a: Annihilape|77/100|[from] Grassy Terrain
|-heal|p2b: Rillaboom|52/100|[from] Grassy Terrain
|upkeep
|
|t:|1757729310
|switch|p1b: Doc Hudson|Tyranitar, L50, M, shiny|100/100
|-weather|Sandstorm|[from] ability: Sand Stream|[of] p1b: Doc Hudson
|turn|7
|inactive|TeyOnTheRox has 30 seconds left.
|inactive|Grogguu has 30 seconds left.
|inactive|TeyOnTheRox has 20 seconds left.
|inactive|Grogguu has 20 seconds left.
|inactive|TeyOnTheRox has 15 seconds left.
|inactive|Grogguu has 15 seconds left.
|inactive|TeyOnTheRox has 10 seconds left.
|inactive|Grogguu has 10 seconds left.
|inactive|Grogguu has 5 seconds left.
|
|t:|1757729362
|-terastallize|p1b: Doc Hudson|Flying
|move|p2b: Rillaboom|Fake Out||[still]
|-hint|Fake Out only works on your first turn out.
|-fail|p2b: Rillaboom
|move|p1b: Doc Hudson|Rock Slide|p2a: Annihilape|[spread] p2a,p2b
|-supereffective|p2a: Annihilape
|-damage|p2a: Annihilape|42/100
|-damage|p2b: Rillaboom|23/100
|move|p1a: Cars II|Brave Bird|p2a: Annihilape
|-damage|p2a: Annihilape|8/100
|-damage|p1a: Cars II|26/100|[from] Recoil
|move|p2a: Annihilape|Drain Punch|p1b: Doc Hudson
|-resisted|p1b: Doc Hudson
|-damage|p1b: Doc Hudson|74/100
|-heal|p2a: Annihilape|21/100|[from] drain|[of] p1b: Doc Hudson
|
|-weather|Sandstorm|[upkeep]
|-damage|p1b: Doc Hudson|68/100|[from] Sandstorm
|-damage|p2a: Annihilape|15/100|[from] Sandstorm
|-damage|p2b: Rillaboom|17/100|[from] Sandstorm
|-heal|p1a: Cars II|32/100|[from] item: Leftovers
|-heal|p2a: Annihilape|21/100|[from] Grassy Terrain
|-heal|p2b: Rillaboom|23/100|[from] Grassy Terrain
|upkeep
|turn|8
|inactive|Grogguu has 30 seconds left.
|inactive|Grogguu has 20 seconds left.
|inactive|TeyOnTheRox has 30 seconds left.
|inactive|Grogguu has 15 seconds left.
|inactive|Grogguu has 10 seconds left.
|
|t:|1757729409
|switch|p2b: Dragonite|Dragonite, L50, F|100/100
|move|p2a: Annihilape|Protect|p2a: Annihilape
|-singleturn|p2a: Annihilape|Protect
|move|p1b: Doc Hudson|Tera Blast|p2a: Annihilape|[anim] Tera Blast Flying
|-activate|p2a: Annihilape|move: Protect
|move|p1a: Cars II|Roost|p1a: Cars II
|-heal|p1a: Cars II|83/100
|-singleturn|p1a: Cars II|move: Roost
|
|-weather|Sandstorm|[upkeep]
|-damage|p1b: Doc Hudson|62/100|[from] Sandstorm
|-damage|p2a: Annihilape|15/100|[from] Sandstorm
|-damage|p2b: Dragonite|95/100|[from] Sandstorm
|-heal|p1a: Cars II|89/100|[from] Grassy Terrain
|-heal|p1a: Cars II|95/100|[from] item: Leftovers
|-heal|p2a: Annihilape|21/100|[from] Grassy Terrain
|upkeep
|turn|9
|inactive|TeyOnTheRox has 30 seconds left.
|inactive|Grogguu has 30 seconds left.
|inactive|TeyOnTheRox has 20 seconds left.
|inactive|Grogguu has 20 seconds left.
|inactive|TeyOnTheRox has 15 seconds left.
|inactive|Grogguu has 15 seconds left.
|inactive|Grogguu has 10 seconds left.
|inactive|Grogguu has 5 seconds left.
|
|t:|1757729459
|move|p2a: Annihilape|Protect|p2a: Annihilape
|-singleturn|p2a: Annihilape|Protect
|move|p1b: Doc Hudson|Rock Slide|p2b: Dragonite|[spread] p2b
|-activate|p2a: Annihilape|move: Protect
|-supereffective|p2b: Dragonite
|-damage|p2b: Dragonite|29/100
|move|p1a: Cars II|Brave Bird|p2b: Dragonite
|-damage|p2b: Dragonite|0 fnt
|faint|p2b: Dragonite
|-damage|p1a: Cars II|86/100|[from] Recoil
|
|-weather|Sandstorm|[upkeep]
|-damage|p1b: Doc Hudson|56/100|[from] Sandstorm
|-damage|p2a: Annihilape|15/100|[from] Sandstorm
|-heal|p1a: Cars II|92/100|[from] item: Leftovers
|-heal|p2a: Annihilape|21/100|[from] Grassy Terrain
|-sideend|p1: TeyOnTheRox|move: Tailwind
|upkeep
|
|t:|1757729476
|switch|p2b: Rillaboom|Rillaboom, L50, F|23/100
|turn|10
|inactive|TeyOnTheRox has 30 seconds left.
|inactive|Grogguu has 30 seconds left.
|inactive|TeyOnTheRox has 20 seconds left.
|inactive|TeyOnTheRox has 15 seconds left.
|
|t:|1757729519
|move|p2b: Rillaboom|Fake Out|p1a: Cars II
|-resisted|p1a: Cars II
|-damage|p1a: Cars II|89/100
|move|p2a: Annihilape|Rage Fist|p1b: Doc Hudson
|-damage|p1b: Doc Hudson|0 fnt
|faint|p1b: Doc Hudson
|cant|p1a: Cars II|flinch
|
|-weather|Sandstorm|[upkeep]
|-damage|p2a: Annihilape|15/100|[from] Sandstorm
|-damage|p2b: Rillaboom|17/100|[from] Sandstorm
|-heal|p2a: Annihilape|21/100|[from] Grassy Terrain
|-heal|p2b: Rillaboom|23/100|[from] Grassy Terrain
|-heal|p1a: Cars II|95/100|[from] item: Leftovers
|-fieldend|move: Grassy Terrain
|upkeep
|turn|11
|inactive|Grogguu has 30 seconds left.
|
|t:|1757729548
|move|p2a: Annihilape|Rage Fist|p1a: Cars II
|-damage|p1a: Cars II|0 fnt
|faint|p1a: Cars II
|
|win|Grogguu
|raw|TeyOnTheRox's rating: 1093 → 1069(-24 for losing)
|raw|Grogguu's rating: 1090 → 1117(+27 for winning)
