|j|☆sbhaga34
|j|☆d1mo22
|html|sbhaga34d1mo22    
|uhtml|bestof|Game 2 of a best-of-3
|t:|1784665656
|gametype|doubles
|player|p1|sbhaga34|hugh|1321
|player|p2|d1mo22|skier|1330
|gen|9
|tier|[Gen 9 Champions] VGC 2026 Reg M-B (Bo3)
|rated|
|rule|Species Clause: Limit one of each Pokémon
|rule|Item Clause: Limit 1 of each item
|clearpoke
|poke|p1|Excadrill, L50, M|
|poke|p1|Tyranitar, L50, F|
|poke|p1|Corviknight, L50, F|
|poke|p1|Rotom-Wash, L50|
|poke|p1|Chandelure, L50, M|
|poke|p1|Scovillain, L50, F|
|poke|p2|Raichu, L50, F|
|poke|p2|Gyarados, L50, F, shiny|
|poke|p2|Mamoswine, L50, M|
|poke|p2|Ceruledge, L50, M|
|poke|p2|Sinistcha, L50|
|poke|p2|Kingambit, L50, M, shiny|
|teampreview|4
|showteam|p1|Excadrill||FocusSash|SandRush|Earthquake,IronHead,SwordsDance,Protect|Adamant||M|||50|]Tyranitar||Tyranitarite|SandStream|RockSlide,KnockOff,LowKick,Protect|Adamant||F|||50|]Corviknight||SharpBeak|MirrorArmor|BraveBird,Tailwind,BulkUp,Roost|Careful||F|||50|]Rotom-Wash||ChoiceScarf|Levitate|VoltSwitch,Thunderbolt,Electroweb,HydroPump|Timid|||||50|]Chandelure||ShucaBerry|FlashFire|HeatWave,ShadowBall,TrickRoom,Protect|Modest||M|||50|]Scovillain||Scovillainite|Chlorophyll|RagePowder,Overheat,GigaDrain,Protect|Calm||F|||50|
|showteam|p2|Raichu||RaichuniteY|LightningRod|FakeOut,Encore,ZapCannon,FocusBlast|Timid||F|||50|]Gyarados||Gyaradosite|Intimidate|LashOut,Waterfall,DragonDance,Protect|Adamant||F|||50|]Mamoswine||LifeOrb|Oblivious|Protect,IcicleCrash,IceShard,HighHorsepower|Jolly||M|||50|]Ceruledge||ColburBerry|FlashFire|BitterBlade,ShadowSneak,BulkUp,Protect|Adamant||M|||50|]Sinistcha||SitrusBerry|Hospitality|Protect,RagePowder,MatchaGotcha,LifeDew|Bold|||||50|]Kingambit||FocusSash|Defiant|Protect,SuckerPunch,KowtowCleave,IronHead|Adamant||M|||50|
|inactive|Battle timer is ON: inactive players will automatically lose when time's up. (requested by d1mo22)
|inactive|sbhaga34 has 60 seconds left.
|inactive|d1mo22 has 60 seconds left.
|
|t:|1784665716
|teamsize|p1|4
|teamsize|p2|4
|start
|switch|p1a: Rotom|Rotom-Wash, L50|100/100
|switch|p1b: Chandelure|Chandelure, L50, M|100/100
|switch|p2a: Raichu|Raichu, L50, F|100/100
|switch|p2b: Gyarados|Gyarados, L50, F, shiny|100/100
|-ability|p2b: Gyarados|Intimidate|boost
|-unboost|p1a: Rotom|atk|1
|-unboost|p1b: Chandelure|atk|1
|turn|1
|inactive|sbhaga34 has 30 seconds left.
|inactive|d1mo22 has 30 seconds left.
|inactive|sbhaga34 has 20 seconds left.
|inactive|sbhaga34 has 15 seconds left.
|inactive|sbhaga34 has 10 seconds left.
|
|t:|1784665766
|switch|p1a: Tyranitar|Tyranitar, L50, F|100/100
|-weather|Sandstorm|[from] ability: Sand Stream|[of] p1a: Tyranitar
|move|p1b: Chandelure|Protect|p1b: Chandelure
|-singleturn|p1b: Chandelure|Protect
|move|p2a: Raichu|Fake Out|p1a: Tyranitar
|-resisted|p1a: Tyranitar|1
|-damage|p1a: Tyranitar|97/100
|move|p2b: Gyarados|Waterfall|p1b: Chandelure
|-activate|p1b: Chandelure|move: Protect
|
|-weather|Sandstorm|[upkeep]
|-damage|p2a: Raichu|94/100|[from] Sandstorm
|-damage|p2b: Gyarados|94/100|[from] Sandstorm
|-damage|p1b: Chandelure|94/100|[from] Sandstorm
|upkeep
|turn|2
|inactive|sbhaga34 has 30 seconds left.
|inactive|d1mo22 has 30 seconds left.
|inactive|d1mo22 has 20 seconds left.
|inactive|d1mo22 has 15 seconds left.
|inactive|d1mo22 has 10 seconds left.
|
|t:|1784665815
|switch|p2a: Sinistcha|Sinistcha, L50|100/100
|-heal|p2b: Gyarados|100/100|[from] ability: Hospitality|[of] p2a: Sinistcha
|detailschange|p2b: Gyarados|Gyarados-Mega, L50, F, shiny
|-mega|p2b: Gyarados|Gyarados|Gyaradosite
|-ability|p2b: Gyarados|Mold Breaker
|detailschange|p1a: Tyranitar|Tyranitar-Mega, L50, F
|-mega|p1a: Tyranitar|Tyranitar|Tyranitarite
|move|p2b: Gyarados|Waterfall|p1b: Chandelure
|-supereffective|p1b: Chandelure|1
|-damage|p1b: Chandelure|0 fnt
|faint|p1b: Chandelure
|move|p1a: Tyranitar|Rock Slide|p2a: Sinistcha|[spread] p2a,p2b
|-damage|p2a: Sinistcha|73/100
|-damage|p2b: Gyarados|70/100
|
|-weather|Sandstorm|[upkeep]
|-damage|p2b: Gyarados|64/100|[from] Sandstorm
|-damage|p2a: Sinistcha|67/100|[from] Sandstorm
|upkeep
|
|t:|1784665830
|switch|p1b: Rotom|Rotom-Wash, L50|100/100
|turn|3
|
|t:|1784665842
|switch|p2a: Raichu|Raichu, L50, F|94/100
|move|p1b: Rotom|Electroweb|p2a: Raichu|[spread] p2b
|-ability|p2a: Raichu|Lightning Rod|boost
|-boost|p2a: Raichu|spa|1
|-supereffective|p2b: Gyarados|1
|-damage|p2b: Gyarados|40/100
|-unboost|p2b: Gyarados|spe|1
|move|p1a: Tyranitar|Knock Off|p2a: Raichu
|-damage|p2a: Raichu|36/100
|move|p2b: Gyarados|Dragon Dance|p2b: Gyarados
|-boost|p2b: Gyarados|atk|1
|-boost|p2b: Gyarados|spe|1
|
|-weather|Sandstorm|[upkeep]
|-damage|p1b: Rotom|94/100|[from] Sandstorm
|-damage|p2a: Raichu|30/100|[from] Sandstorm
|-damage|p2b: Gyarados|34/100|[from] Sandstorm
|upkeep
|turn|4
|inactive|sbhaga34 has 30 seconds left.
|
|t:|1784665869
|move|p2a: Raichu|Fake Out|p1b: Rotom
|-damage|p1b: Rotom|86/100
|cant|p1b: Rotom|flinch
|move|p2b: Gyarados|Waterfall|p1a: Tyranitar
|-supereffective|p1a: Tyranitar|1
|-crit|p1a: Tyranitar
|-damage|p1a: Tyranitar|0 fnt
|faint|p1a: Tyranitar
|
|-weather|Sandstorm|[upkeep]
|-damage|p1b: Rotom|80/100|[from] Sandstorm
|-damage|p2a: Raichu|24/100|[from] Sandstorm
|-damage|p2b: Gyarados|28/100|[from] Sandstorm
|upkeep
|
|t:|1784665875
|switch|p1a: Excadrill|Excadrill, L50, M|100/100
|turn|5
|
|t:|1784665887
|move|p2b: Gyarados|Protect|p2b: Gyarados
|-singleturn|p2b: Gyarados|Protect
|move|p1a: Excadrill|Earthquake|p2a: Raichu|[spread] p2a
|-activate|p2b: Gyarados|move: Protect
|-immune|p1b: Rotom|[from] ability: Levitate
|-supereffective|p2a: Raichu|1
|-damage|p2a: Raichu|0 fnt
|faint|p2a: Raichu
|move|p1b: Rotom|Electroweb|p2b: Gyarados
|-activate|p2b: Gyarados|move: Protect
|
|-weather|none
|upkeep
|
|t:|1784665904
|switch|p2a: Sinistcha|Sinistcha, L50|67/100
|-heal|p2b: Gyarados|53/100|[from] ability: Hospitality|[of] p2a: Sinistcha
|turn|6
|inactive|d1mo22 has 30 seconds left.
|inactive|d1mo22 has 20 seconds left.
|
|t:|1784665942
|move|p1b: Rotom|Electroweb|p2a: Sinistcha|[spread] p2a,p2b
|-resisted|p2a: Sinistcha|1
|-supereffective|p2b: Gyarados|1
|-damage|p2a: Sinistcha|60/100
|-damage|p2b: Gyarados|32/100
|-unboost|p2a: Sinistcha|spe|1
|-unboost|p2b: Gyarados|spe|1
|move|p1a: Excadrill|Swords Dance|p1a: Excadrill
|-boost|p1a: Excadrill|atk|2
|move|p2b: Gyarados|Lash Out|p1b: Rotom
|-damage|p1b: Rotom|0 fnt
|faint|p1b: Rotom
|move|p2a: Sinistcha|Matcha Gotcha|p1a: Excadrill
|-damage|p1a: Excadrill|56/100
|-heal|p2a: Sinistcha|83/100|[from] drain|[of] p1a: Excadrill
|-status|p1a: Excadrill|brn
|
|-damage|p1a: Excadrill|50/100g brn|[from] brn
|upkeep
|turn|7
|-message|sbhaga34 forfeited.
|
|win|d1mo22
|raw|sbhaga34's rating: 1321 → 1302(-19 for losing)
|raw|d1mo22's rating: 1330 → 1349(+19 for winning)
|l|☆sbhaga34
|player|p1|
