|j|☆MidoMidori
|j|☆TobiYume
|html|MidoMidoriTobiYume    
|uhtml|bestof|Game 2 of a best-of-3
|t:|1757625744
|gametype|doubles
|player|p1|MidoMidori|roxanne-gen6|1299
|player|p2|TobiYume|roxie|1327
|gen|9
|tier|[Gen 9] VGC 2025 Reg H (Bo3)
|rated|
|rule|Species Clause: Limit one of each Pokémon
|rule|Item Clause: Limit 1 of each item
|clearpoke
|poke|p1|Sneasler, L50, M|
|poke|p1|Indeedee, L50, M|
|poke|p1|Volcarona, L50, M|
|poke|p1|Ursaluna-Bloodmoon, L50, M|
|poke|p1|Annihilape, L50, M|
|poke|p1|Tyranitar, L50, M|
|poke|p2|Garchomp, L50, M|
|poke|p2|Talonflame, L50, F|
|poke|p2|Sylveon, L50, F|
|poke|p2|Tyranitar, L50, M|
|poke|p2|Decidueye-Hisui, L50, F|
|poke|p2|Gholdengo, L50|
|teampreview|4
|showteam|p1|Sneasler||PsychicSeed|Unburden|CloseCombat,DireClaw,ThroatChop,Protect|||M|||50|,,,,,Dark]Indeedee||FocusSash|PsychicSurge|ExpandingForce,TeraBlast,TrickRoom,Protect|||M|||50|,,,,,Fighting]Volcarona||SitrusBerry|FlameBody|Overheat,StruggleBug,RagePowder,Tailwind|||M|||50|,,,,,Grass]Ursaluna-Bloodmoon||LifeOrb|MindsEye|BloodMoon,HyperVoice,EarthPower,Protect|||M|||50|,,,,,Normal]Annihilape||SafetyGoggles|Defiant|CloseCombat,RageFist,Taunt,FinalGambit|||M|||50|,,,,,Fairy]Tyranitar||AssaultVest|SandStream|RockSlide,KnockOff,TeraBlast,LowKick|||M|||50|,,,,,Flying
|showteam|p2|Garchomp||LifeOrb|RoughSkin|DragonClaw,StompingTantrum,Earthquake,Protect|||M|||50|,,,,,Steel]Talonflame||CovertCloak|GaleWings|Tailwind,WillOWisp,BraveBird,Taunt|||F|||50|,,,,,Grass]Sylveon||ThroatSpray|Pixilate|HyperVoice,HyperBeam,TeraBlast,Protect|||F|||50|,,,,,Water]Tyranitar||AssaultVest|SandStream|RockSlide,KnockOff,TeraBlast,LowKick|||M|||50|,,,,,Flying]Decidueye-Hisui||RazorClaw|Scrappy|TripleArrows,LeafBlade,SuckerPunch,Protect|||F|||50|,,,,,Fire]Gholdengo||Leftovers|GoodasGold|MakeItRain,ShadowBall,NastyPlot,Protect||||||50|,,,,,Dragon
|
|t:|1757625776
|teamsize|p1|4
|teamsize|p2|4
|start
|switch|p1a: Indeedee|Indeedee, L50, M|100/100
|switch|p1b: Sneasler|Sneasler, L50, M|100/100
|switch|p2a: Lloyd|Garchomp, L50, M|100/100
|switch|p2b: Randy|Tyranitar, L50, M|100/100
|-fieldstart|move: Psychic Terrain|[from] ability: Psychic Surge|[of] p1a: Indeedee
|-enditem|p1b: Sneasler|Psychic Seed
|-boost|p1b: Sneasler|spd|1|[from] item: Psychic Seed
|-weather|Sandstorm|[from] ability: Sand Stream|[of] p2b: Randy
|turn|1
|
|t:|1757625811
|switch|p2b: Wazy|Gholdengo, L50|100/100
|move|p1b: Sneasler|Protect|p1b: Sneasler
|-singleturn|p1b: Sneasler|Protect
|move|p2a: Lloyd|Stomping Tantrum|p1b: Sneasler
|-activate|p1b: Sneasler|move: Protect
|move|p1a: Indeedee|Expanding Force|p2a: Lloyd|[spread] p2a,p2b
|-resisted|p2b: Wazy
|-damage|p2a: Lloyd|46/100
|-damage|p2b: Wazy|77/100
|
|-weather|Sandstorm|[upkeep]
|-damage|p1b: Sneasler|95/100|[from] Sandstorm
|-damage|p1a: Indeedee|95/100|[from] Sandstorm
|-heal|p2b: Wazy|83/100|[from] item: Leftovers
|upkeep
|turn|2
|
|t:|1757625844
|move|p1b: Sneasler|Close Combat|p2b: Wazy
|-immune|p2b: Wazy
|move|p2a: Lloyd|Stomping Tantrum|p1b: Sneasler
|-supereffective|p1b: Sneasler
|-damage|p1b: Sneasler|0 fnt
|faint|p1b: Sneasler
|-damage|p2a: Lloyd|36/100|[from] item: Life Orb
|move|p1a: Indeedee|Expanding Force|p2a: Lloyd|[spread] p2a,p2b
|-resisted|p2b: Wazy
|-damage|p2a: Lloyd|0 fnt
|-damage|p2b: Wazy|60/100
|faint|p2a: Lloyd
|move|p2b: Wazy|Make It Rain|p1a: Indeedee
|-damage|p1a: Indeedee|13/100
|-unboost|p2b: Wazy|spa|1
|
|-weather|Sandstorm|[upkeep]
|-damage|p1a: Indeedee|7/100|[from] Sandstorm
|-heal|p2b: Wazy|66/100|[from] item: Leftovers
|upkeep
|
|t:|1757625858
|switch|p1b: Volcarona|Volcarona, L50, M|100/100
|switch|p2a: Elie|Talonflame, L50, F|100/100
|turn|3
|
|t:|1757625879
|switch|p2b: Randy|Tyranitar, L50, M|100/100
|move|p1a: Indeedee|Protect|p1a: Indeedee
|-singleturn|p1a: Indeedee|Protect
|move|p2a: Elie|Taunt|p1b: Volcarona
|-start|p1b: Volcarona|move: Taunt
|cant|p1b: Volcarona|move: Taunt|Tailwind
|
|-weather|Sandstorm|[upkeep]
|-damage|p2a: Elie|94/100|[from] Sandstorm
|-damage|p1b: Volcarona|94/100|[from] Sandstorm
|-damage|p1a: Indeedee|1/100|[from] Sandstorm
|upkeep
|turn|4
|
|t:|1757625900
|switch|p2b: Wazy|Gholdengo, L50|66/100
|move|p2a: Elie|Brave Bird|p1b: Volcarona
|-supereffective|p1b: Volcarona
|-damage|p1b: Volcarona|10/100
|-enditem|p1b: Volcarona|Sitrus Berry|[eat]
|-heal|p1b: Volcarona|35/100|[from] item: Sitrus Berry
|-damage|p2a: Elie|66/100|[from] Recoil
|move|p1b: Volcarona|Overheat|p2b: Wazy
|-supereffective|p2b: Wazy
|-damage|p2b: Wazy|0 fnt
|-unboost|p1b: Volcarona|spa|2
|faint|p2b: Wazy
|move|p1a: Indeedee|Expanding Force|p2a: Elie
|-damage|p2a: Elie|0 fnt
|faint|p2a: Elie
|
|-weather|Sandstorm|[upkeep]
|-damage|p1b: Volcarona|29/100|[from] Sandstorm
|-damage|p1a: Indeedee|0 fnt|[from] Sandstorm
|faint|p1a: Indeedee
|upkeep
|
|t:|1757625914
|switch|p1a: Annihilape|Annihilape, L50, M|100/100
|switch|p2b: Randy|Tyranitar, L50, M|100/100
|turn|5
|
|t:|1757625932
|-terastallize|p2b: Randy|Flying
|move|p1b: Volcarona|Overheat|p2b: Randy
|-damage|p2b: Randy|84/100
|-unboost|p1b: Volcarona|spa|2
|move|p1a: Annihilape|Final Gambit|p2b: Randy
|-damage|p2b: Randy|0 fnt
|faint|p1a: Annihilape
|faint|p2b: Randy
|
|win|MidoMidori
||MidoMidori is ready for game 3.
||TobiYume is ready for game 3.
|uhtml|next|Next: Game 3 of 3
