|j|☆d1mo22
|j|☆ultraclaw1
|html|d1mo22ultraclaw1    
|uhtml|bestof|Game 2 of a best-of-3
|t:|1785173146
|gametype|doubles
|player|p1|d1mo22|skier|1344
|player|p2|ultraclaw1|brycenman|1380
|gen|9
|tier|[Gen 9 Champions] VGC 2026 Reg M-B (Bo3)
|rated|
|rule|Species Clause: Limit one of each Pokémon
|rule|Item Clause: Limit 1 of each item
|clearpoke
|poke|p1|Raichu, L50, M|
|poke|p1|Gyarados, L50, M, shiny|
|poke|p1|Mamoswine, L50, F|
|poke|p1|Ceruledge, L50, M|
|poke|p1|Sinistcha, L50|
|poke|p1|Kingambit, L50, M, shiny|
|poke|p2|Maushold, L50|
|poke|p2|Kingambit, L50, F|
|poke|p2|Garchomp, L50, M|
|poke|p2|Basculegion, L50, M|
|poke|p2|Talonflame, L50, F|
|poke|p2|Floette-Eternal, L50, F|
|teampreview|4
|showteam|p1|Raichu||RaichuniteY|LightningRod|FakeOut,Encore,ZapCannon,FocusBlast|Timid||M|||50|]Gyarados||Gyaradosite|Intimidate|LashOut,Waterfall,DragonDance,Protect|Adamant||M|||50|]Mamoswine||LifeOrb|Oblivious|Protect,IcicleCrash,IceShard,HighHorsepower|Jolly||F|||50|]Ceruledge||ColburBerry|FlashFire|BitterBlade,ShadowSneak,BulkUp,Protect|Adamant||M|||50|]Sinistcha||SitrusBerry|Hospitality|Protect,RagePowder,MatchaGotcha,LifeDew|Bold|||||50|]Kingambit||FocusSash|Defiant|Protect,SuckerPunch,KowtowCleave,IronHead|Adamant||M|||50|
|showteam|p2|Maushold||FocusSash|FriendGuard|SuperFang,Taunt,FollowMe,Protect|Timid|||||50|]Kingambit||ChopleBerry|Defiant|KowtowCleave,SuckerPunch,LowKick,IronHead|Adamant||F|||50|]Garchomp||LifeOrb|RoughSkin|RockSlide,Earthquake,DragonClaw,Protect|Jolly||M|||50|]Basculegion||MysticWater|Adaptability|WaveCrash,LastRespects,AquaJet,Protect|Adamant||M|||50|]Talonflame||SharpBeak|GaleWings|QuickGuard,DualWingbeat,Tailwind,Protect|Jolly||F|||50|]Floette-Eternal||Floettite|FlowerVeil|LightofRuin,Protect,Moonblast,DazzlingGleam|Modest||F|||50|
|inactive|Battle timer is ON: inactive players will automatically lose when time's up. (requested by ultraclaw1)
|inactive|d1mo22 also wants the timer to be on.
|inactive|d1mo22 has 60 seconds left.
|
|t:|1785173181
|teamsize|p1|4
|teamsize|p2|4
|start
|switch|p1a: Ceruledge|Ceruledge, L50, M|100/100
|switch|p1b: Raichu|Raichu, L50, M|100/100
|switch|p2a: Floette|Floette-Eternal, L50, F|100/100
|switch|p2b: Talonflame|Talonflame, L50, F|100/100
|turn|1
|
|t:|1785173197
|detailschange|p2a: Floette|Floette-Mega, L50, F
|-mega|p2a: Floette|Floette|Floettite
|-ability|p2a: Floette|Fairy Aura
|move|p1b: Raichu|Fake Out|p2a: Floette
|-damage|p2a: Floette|90/100
|move|p2b: Talonflame|Tailwind|p2b: Talonflame
|-sidestart|p2: ultraclaw1|move: Tailwind
|cant|p2a: Floette|flinch
|move|p1a: Ceruledge|Bulk Up|p1a: Ceruledge
|-boost|p1a: Ceruledge|atk|1
|-boost|p1a: Ceruledge|def|1
|
|upkeep
|turn|2
|
|t:|1785173222
|switch|p1b: Sinistcha|Sinistcha, L50|100/100
|move|p2b: Talonflame|Dual Wingbeat|p1a: Ceruledge
|-damage|p1a: Ceruledge|86/100
|-damage|p1a: Ceruledge|71/100
|-hitcount|p1a: Ceruledge|2
|move|p2a: Floette|Moonblast|p1b: Sinistcha
|-damage|p1b: Sinistcha|26/100
|-unboost|p1b: Sinistcha|spa|1
|-enditem|p1b: Sinistcha|Sitrus Berry|[eat]
|-heal|p1b: Sinistcha|51/100|[from] item: Sitrus Berry
|move|p1a: Ceruledge|Bitter Blade|p2a: Floette
|-crit|p2a: Floette
|-damage|p2a: Floette|0 fnt
|-heal|p1a: Ceruledge|100/100|[from] drain|[of] p2a: Floette
|faint|p2a: Floette
|
|upkeep
|
|t:|1785173225
|switch|p2a: Garchomp|Garchomp, L50, M|100/100
|turn|3
|inactive|d1mo22 has 30 seconds left.
|inactive|d1mo22 has 20 seconds left.
|inactive|d1mo22 has 15 seconds left.
|inactive|d1mo22 has 10 seconds left.
|
|t:|1785173272
|move|p1a: Ceruledge|Protect|p1a: Ceruledge
|-singleturn|p1a: Ceruledge|Protect
|move|p1b: Sinistcha|Protect|p1b: Sinistcha
|-singleturn|p1b: Sinistcha|Protect
|move|p2b: Talonflame|Dual Wingbeat|p1b: Sinistcha
|-activate|p1b: Sinistcha|move: Protect
|move|p2a: Garchomp|Earthquake|p1a: Ceruledge|[spread] 
|-activate|p1a: Ceruledge|move: Protect
|-activate|p1b: Sinistcha|move: Protect
|-immune|p2b: Talonflame
|
|upkeep
|turn|4
|inactive|d1mo22 has 30 seconds left.
|inactive|d1mo22 has 20 seconds left.
|inactive|d1mo22 has 15 seconds left.
|
|t:|1785173315
|move|p2b: Talonflame|Dual Wingbeat|p1a: Ceruledge
|-damage|p1a: Ceruledge|85/100
|-damage|p1a: Ceruledge|69/100
|-hitcount|p1a: Ceruledge|2
|move|p2a: Garchomp|Earthquake|p1b: Sinistcha|[spread] p1a,p1b
|-immune|p2b: Talonflame
|-supereffective|p1a: Ceruledge|1
|-resisted|p1b: Sinistcha|1
|-damage|p1a: Ceruledge|0 fnt
|-damage|p1b: Sinistcha|28/100
|faint|p1a: Ceruledge
|-damage|p2a: Garchomp|90/100|[from] item: Life Orb
|move|p1b: Sinistcha|Life Dew|p1b: Sinistcha
|-heal|p1b: Sinistcha|53/100
|
|-sideend|p2: ultraclaw1|move: Tailwind
|upkeep
|
|t:|1785173329
|switch|p1a: Raichu|Raichu, L50, M|100/100
|turn|5
|
|t:|1785173341
|detailschange|p1a: Raichu|Raichu-Mega-Y, L50, M
|-mega|p1a: Raichu|Raichu|Raichunite Y
|move|p2b: Talonflame|Protect|p2b: Talonflame
|-singleturn|p2b: Talonflame|Protect
|move|p2a: Garchomp|Protect|p2a: Garchomp
|-singleturn|p2a: Garchomp|Protect
|move|p1a: Raichu|Zap Cannon|p2b: Talonflame
|-activate|p2b: Talonflame|move: Protect
|move|p1b: Sinistcha|Matcha Gotcha|p2b: Talonflame|[spread] 
|-activate|p2a: Garchomp|move: Protect
|-activate|p2b: Talonflame|move: Protect
|
|upkeep
|turn|6
|inactive|d1mo22 has 30 seconds left.
|
|t:|1785173371
|move|p2b: Talonflame|Tailwind|p2b: Talonflame
|-sidestart|p2: ultraclaw1|move: Tailwind
|move|p2a: Garchomp|Earthquake|p1b: Sinistcha|[spread] p1a,p1b
|-immune|p2b: Talonflame
|-supereffective|p1a: Raichu|1
|-resisted|p1b: Sinistcha|1
|-damage|p1a: Raichu|0 fnt
|-damage|p1b: Sinistcha|34/100
|faint|p1a: Raichu
|-damage|p2a: Garchomp|80/100|[from] item: Life Orb
|move|p1b: Sinistcha|Matcha Gotcha|p2b: Talonflame|[spread] p2a,p2b
|-resisted|p2b: Talonflame|2
|-damage|p2a: Garchomp|62/100
|-heal|p1b: Sinistcha|43/100|[from] drain|[of] p2a: Garchomp
|-damage|p2b: Talonflame|93/100
|-heal|p1b: Sinistcha|46/100|[from] drain|[of] p2b: Talonflame
|
|upkeep
|
|t:|1785173373
|switch|p1a: Kingambit|Kingambit, L50, M, shiny|100/100
|turn|7
|
|t:|1785173383
|move|p1b: Sinistcha|Rage Powder|p1b: Sinistcha
|-singleturn|p1b: Sinistcha|move: Rage Powder
|move|p2b: Talonflame|Dual Wingbeat|p1b: Sinistcha
|-supereffective|p1b: Sinistcha|1
|-damage|p1b: Sinistcha|14/100
|-supereffective|p1b: Sinistcha|1
|-damage|p1b: Sinistcha|0 fnt
|faint|p1b: Sinistcha
|-hitcount|p1: Sinistcha|2
|move|p2a: Garchomp|Earthquake|p1a: Kingambit|[spread] p1a
|-immune|p2b: Talonflame
|-supereffective|p1a: Kingambit|1
|-damage|p1a: Kingambit|15/100
|-damage|p2a: Garchomp|52/100|[from] item: Life Orb
|move|p1a: Kingambit|Kowtow Cleave|p2a: Garchomp
|-crit|p2a: Garchomp
|-damage|p2a: Garchomp|0 fnt
|-damage|p1a: Kingambit|3/100|[from] ability: Rough Skin|[of] p2a: Garchomp
|faint|p2a: Garchomp
|
|upkeep
|
|t:|1785173384
|switch|p2a: Basculegion|Basculegion, L50, M|100/100
|turn|8
|
|t:|1785173402
|move|p2a: Basculegion|Aqua Jet|p1a: Kingambit
|-damage|p1a: Kingambit|0 fnt
|faint|p1a: Kingambit
|
|win|ultraclaw1
|raw|d1mo22's rating: 1344 → 1326(-18 for losing)
|raw|ultraclaw1's rating: 1380 → 1398(+18 for winning)
|l|☆ultraclaw1
|player|p2|
