|j|☆f89 DonOMarVGC
|j|☆jomivgc
|html|f89 DonOMarVGCjomivgc    
|uhtml|bestof|Game 2 of a best-of-3
|t:|1783706462
|gametype|doubles
|player|p1|f89 DonOMarVGC|lucas|1119
|player|p2|jomivgc|falkner-gen2|1167
|gen|9
|tier|[Gen 9 Champions] VGC 2026 Reg M-B (Bo3)
|rated|
|rule|Species Clause: Limit one of each Pokémon
|rule|Item Clause: Limit 1 of each item
|clearpoke
|poke|p1|Klefki, L50, M|
|poke|p1|Gyarados, L50, F|
|poke|p1|Kingambit, L50, M|
|poke|p1|Basculegion, L50, M|
|poke|p1|Archaludon, L50, F|
|poke|p1|Gardevoir, L50, M|
|poke|p2|Umbreon, L50, M, shiny|
|poke|p2|Garchomp, L50, F|
|poke|p2|Pelipper, L50, F|
|poke|p2|Swampert, L50, M|
|poke|p2|Archaludon, L50, M|
|poke|p2|Incineroar, L50, F|
|teampreview|4
|showteam|p1|Klefki||SitrusBerry|Prankster|Reflect,LightScreen,RainDance,DazzlingGleam|Calm||M|||50|]Gyarados||Gyaradosite|Intimidate|Protect,DragonDance,Waterfall,Crunch|Jolly||F|||50|]Kingambit||ChopleBerry|Defiant|KowtowCleave,IronHead,LowKick,SuckerPunch|Adamant||M|||50|]Basculegion||FocusSash|Adaptability|WaveCrash,LastRespects,FlipTurn,AquaJet|Adamant||M|||50|]Archaludon||Leftovers|Stamina|Protect,DragonPulse,FlashCannon,ElectroShot|Modest||F|||50|]Gardevoir||Gardevoirite|Trace|Protect,CalmMind,HyperVoice,Psychic|Modest||M|||50|
|showteam|p2|Umbreon||SitrusBerry|InnerFocus|Snarl,Swagger,FoulPlay,Moonlight|Calm||M|||50|]Garchomp||LifeOrb|RoughSkin|DragonClaw,RockSlide,Earthquake,Protect|Jolly||F|||50|]Pelipper||FocusSash|Drizzle|Hurricane,WeatherBall,Tailwind,WideGuard|Modest||F|||50|]Swampert||Swampertite|Torrent|Protect,WaveCrash,Earthquake,IcePunch|Adamant||M|||50|]Archaludon||Leftovers|Stamina|ElectroShot,FlashCannon,DracoMeteor,Protect|Modest||M|||50|]Incineroar||PasshoBerry|Intimidate|FakeOut,PartingShot,FlareBlitz,ThroatChop|Adamant||F|||50|
|inactive|Battle timer is ON: inactive players will automatically lose when time's up. (requested by jomivgc)
|inactive|f89 DonOMarVGC has 60 seconds left.
|inactive|jomivgc has 60 seconds left.
|
|t:|1783706501
|teamsize|p1|4
|teamsize|p2|4
|start
|switch|p1a: Klefki|Klefki, L50, M|100/100
|switch|p1b: Gardevoir|Gardevoir, L50, M|100/100
|switch|p2a: Swampert|Swampert, L50, M|100/100
|switch|p2b: Pelipper|Pelipper, L50, F|100/100
|-weather|RainDance|[from] ability: Drizzle|[of] p2b: Pelipper
|-ability|p1b: Gardevoir|Torrent|Trace|[from] ability: Trace|[of] p2a: Swampert
|turn|1
|inactive|jomivgc has 30 seconds left.
|
|t:|1783706535
|switch|p1b: Archaludon|Archaludon, L50, F|100/100
|detailschange|p2a: Swampert|Swampert-Mega, L50, M
|-mega|p2a: Swampert|Swampert|Swampertite
|move|p1a: Klefki|Reflect|p1a: Klefki
|-sidestart|p1: f89 DonOMarVGC|Reflect
|move|p2a: Swampert|Wave Crash|p1b: Archaludon
|-resisted|p1b: Archaludon|1
|-damage|p1b: Archaludon|70/100
|-ability|p1b: Archaludon|Stamina|boost
|-boost|p1b: Archaludon|def|1
|-damage|p2a: Swampert|89/100|[from] Recoil
|move|p2b: Pelipper|Tailwind|p2b: Pelipper
|-sidestart|p2: jomivgc|move: Tailwind
|
|-weather|RainDance|[upkeep]
|-heal|p1b: Archaludon|77/100|[from] item: Leftovers
|upkeep
|turn|2
|inactive|f89 DonOMarVGC has 30 seconds left.
|inactive|f89 DonOMarVGC has 20 seconds left.
|inactive|f89 DonOMarVGC has 15 seconds left.
|inactive|f89 DonOMarVGC has 10 seconds left.
|inactive|f89 DonOMarVGC has 5 seconds left.
|
|t:|1783706586
|move|p2a: Swampert|Earthquake|p1a: Klefki|[spread] p1a,p1b
|-immune|p2b: Pelipper
|-supereffective|p1a: Klefki|1
|-supereffective|p1b: Archaludon|1
|-damage|p1a: Klefki|38/100
|-damage|p1b: Archaludon|47/100
|-ability|p1b: Archaludon|Stamina|boost
|-boost|p1b: Archaludon|def|1
|-enditem|p1a: Klefki|Sitrus Berry|[eat]
|-heal|p1a: Klefki|63/100|[from] item: Sitrus Berry
|move|p2b: Pelipper|Hurricane|p1b: Archaludon
|-resisted|p1b: Archaludon|1
|-damage|p1b: Archaludon|20/100y
|-ability|p1b: Archaludon|Stamina|boost
|-boost|p1b: Archaludon|def|1
|move|p1b: Archaludon|Electro Shot||[still]
|-prepare|p1b: Archaludon|Electro Shot
|-boost|p1b: Archaludon|spa|1
|-anim|p1b: Archaludon|Electro Shot|p2b: Pelipper
|-supereffective|p2b: Pelipper|2
|-enditem|p2b: Pelipper|Focus Sash
|-damage|p2b: Pelipper|1/100
|move|p1a: Klefki|Dazzling Gleam|p2a: Swampert|[spread] p2a,p2b
|-damage|p2a: Swampert|71/100
|-damage|p2b: Pelipper|0 fnt
|faint|p2b: Pelipper
|
|-weather|RainDance|[upkeep]
|-heal|p1b: Archaludon|27/100|[from] item: Leftovers
|upkeep
|inactive|jomivgc has 30 seconds left.
|
|t:|1783706612
|switch|p2b: Archaludon|Archaludon, L50, M|100/100
|turn|3
|
|t:|1783706629
|move|p1b: Archaludon|Protect|p1b: Archaludon
|-singleturn|p1b: Archaludon|Protect
|move|p1a: Klefki|Light Screen|p1a: Klefki
|-sidestart|p1: f89 DonOMarVGC|move: Light Screen
|move|p2a: Swampert|Wave Crash|p1a: Klefki
|-damage|p1a: Klefki|0 fnt
|faint|p1a: Klefki
|-damage|p2a: Swampert|51/100|[from] Recoil
|move|p2b: Archaludon|Draco Meteor|p1b: Archaludon
|-activate|p1b: Archaludon|move: Protect
|
|-weather|RainDance|[upkeep]
|-heal|p1b: Archaludon|33/100|[from] item: Leftovers
|upkeep
|
|t:|1783706649
|switch|p1a: Kingambit|Kingambit, L50, M|100/100
|turn|4
|inactive|jomivgc has 30 seconds left.
|
|t:|1783706676
|move|p2b: Archaludon|Protect|p2b: Archaludon
|-singleturn|p2b: Archaludon|Protect
|move|p1a: Kingambit|Sucker Punch|p2a: Swampert
|-damage|p2a: Swampert|11/100
|move|p2a: Swampert|Earthquake|p1a: Kingambit|[spread] p1a,p1b
|-activate|p2b: Archaludon|move: Protect
|-supereffective|p1a: Kingambit|1
|-supereffective|p1b: Archaludon|1
|-damage|p1a: Kingambit|51/100
|-damage|p1b: Archaludon|16/100
|-ability|p1b: Archaludon|Stamina|boost
|-boost|p1b: Archaludon|def|1
|move|p1b: Archaludon|Dragon Pulse|p2b: Archaludon
|-activate|p2b: Archaludon|move: Protect
|
|-weather|RainDance|[upkeep]
|-heal|p1b: Archaludon|22/100|[from] item: Leftovers
|-sideend|p2: jomivgc|move: Tailwind
|upkeep
|turn|5
|inactive|f89 DonOMarVGC has 30 seconds left.
|inactive|jomivgc has 30 seconds left.
|
|t:|1783706707
|switch|p2b: Umbreon|Umbreon, L50, M, shiny|100/100
|move|p1b: Archaludon|Protect|p1b: Archaludon
|-singleturn|p1b: Archaludon|Protect
|move|p2a: Swampert|Earthquake|p1a: Kingambit|[spread] p2b,p1a
|-activate|p1b: Archaludon|move: Protect
|-supereffective|p1a: Kingambit|1
|-damage|p2b: Umbreon|65/100
|-damage|p1a: Kingambit|5/100
|move|p1a: Kingambit|Low Kick|p2b: Umbreon
|-supereffective|p2b: Umbreon|1
|-damage|p2b: Umbreon|33/100
|-enditem|p2b: Umbreon|Sitrus Berry|[eat]
|-heal|p2b: Umbreon|58/100|[from] item: Sitrus Berry
|
|-weather|none
|-heal|p1b: Archaludon|28/100|[from] item: Leftovers
|-sideend|p1: f89 DonOMarVGC|Reflect
|upkeep
|turn|6
|
|t:|1783706731
|move|p2a: Swampert|Protect|p2a: Swampert
|-singleturn|p2a: Swampert|Protect
|move|p1a: Kingambit|Sucker Punch||[still]
|-fail|p1a: Kingambit
|move|p1b: Archaludon|Dragon Pulse|p2b: Umbreon
|-crit|p2b: Umbreon
|-damage|p2b: Umbreon|4/100
|move|p2b: Umbreon|Snarl|p1b: Archaludon|[spread] p1a,p1b
|-resisted|p1a: Kingambit|1
|-damage|p1a: Kingambit|2/100
|-damage|p1b: Archaludon|22/100
|-unboost|p1a: Kingambit|spa|1
|-ability|p1a: Kingambit|Defiant|boost
|-boost|p1a: Kingambit|atk|2
|-unboost|p1b: Archaludon|spa|1
|-ability|p1b: Archaludon|Stamina|boost
|-boost|p1b: Archaludon|def|1
|
|-heal|p1b: Archaludon|28/100|[from] item: Leftovers
|upkeep
|turn|7
|
|t:|1783706754
|move|p2a: Swampert|Protect|p2a: Swampert
|-singleturn|p2a: Swampert|Protect
|move|p1a: Kingambit|Sucker Punch||[still]
|-fail|p1a: Kingambit
|move|p1b: Archaludon|Dragon Pulse|p2b: Umbreon
|-damage|p2b: Umbreon|0 fnt
|faint|p2b: Umbreon
|
|-heal|p1b: Archaludon|34/100|[from] item: Leftovers
|-sideend|p1: f89 DonOMarVGC|move: Light Screen
|upkeep
|
|t:|1783706761
|switch|p2b: Archaludon|Archaludon, L50, M|100/100
|turn|8
|
|t:|1783706775
|move|p2a: Swampert|Protect||[still]
|-fail|p2a: Swampert
|move|p1a: Kingambit|Sucker Punch||[still]
|-fail|p1a: Kingambit
|move|p2b: Archaludon|Flash Cannon|p1a: Kingambit
|-resisted|p1a: Kingambit|1
|-damage|p1a: Kingambit|0 fnt
|faint|p1a: Kingambit
|move|p1b: Archaludon|Dragon Pulse|p2b: Archaludon
|-damage|p2b: Archaludon|54/100
|-ability|p2b: Archaludon|Stamina|boost
|-boost|p2b: Archaludon|def|1
|
|-heal|p2b: Archaludon|60/100|[from] item: Leftovers
|-heal|p1b: Archaludon|41/100|[from] item: Leftovers
|upkeep
|
|t:|1783706782
|switch|p1a: Gardevoir|Gardevoir, L50, M|100/100
|-ability|p1a: Gardevoir|Swift Swim|Trace|[from] ability: Trace|[of] p2a: Swampert
|turn|9
|
|t:|1783706797
|detailschange|p1a: Gardevoir|Gardevoir-Mega, L50, M
|-mega|p1a: Gardevoir|Gardevoir|Gardevoirite
|move|p2a: Swampert|Wave Crash|p1a: Gardevoir
|-damage|p1a: Gardevoir|10/100
|-damage|p2a: Swampert|0 fnt|[from] Recoil
|faint|p2a: Swampert
|move|p1a: Gardevoir|Hyper Voice|p2b: Archaludon
|-damage|p2b: Archaludon|0 fnt
|faint|p2b: Archaludon
|
|win|f89 DonOMarVGC
|raw|f89 DonOMarVGC's rating: 1119 → 1147(+28 for winning)
|raw|jomivgc's rating: 1167 → 1139(-28 for losing)
