|j|☆AbadanRiyi92
|j|☆Odin19790
|html|AbadanRiyi92Odin19790    
|uhtml|bestof|Game 1 of a best-of-3
|t:|1785093594
|gametype|doubles
|player|p1|AbadanRiyi92|colress|1084
|player|p2|Odin19790|266|1040
|gen|9
|tier|[Gen 9 Champions] VGC 2026 Reg M-B (Bo3)
|rated|
|rule|Species Clause: Limit one of each Pokémon
|rule|Item Clause: Limit 1 of each item
|clearpoke
|poke|p1|Gengar, L50, M, shiny|
|poke|p1|Maushold-Four, L50|
|poke|p1|Annihilape, L50, F|
|poke|p1|Incineroar, L50, M|
|poke|p1|Politoed, L50, F, shiny|
|poke|p1|Archaludon, L50, M|
|poke|p2|Swampert, L50, F|
|poke|p2|Pelipper, L50, M|
|poke|p2|Blaziken, L50, F|
|poke|p2|Archaludon, L50, F|
|poke|p2|Metagross, L50|
|poke|p2|Primarina, L50, F|
|teampreview|4
|showteam|p1|Gengar||Gengarite|CursedBody|ShadowBall,Disable,PerishSong,Protect|Timid||M|||50|]Maushold-Four||FocusSash|FriendGuard|FollowMe,Encore,BeatUp,Protect|Jolly|||||50|]Annihilape||RoseliBerry|Defiant|RageFist,DrainPunch,BulkUp,Protect|Adamant||F|||50|]Incineroar||PasshoBerry|Intimidate|PartingShot,ThroatChop,Protect,FakeOut|Sassy||M|||50|]Politoed||SitrusBerry|Drizzle|WeatherBall,Encore,PerishSong,Protect|Calm||F|||50|]Archaludon||Leftovers|Stamina|DragonPulse,FlashCannon,ElectroShot,Protect|Bold||M|||50|
|showteam|p2|Swampert||Swampertite|Torrent|WaveCrash,Earthquake,Protect,KnockOff|Jolly||F|||50|]Pelipper||SitrusBerry|Drizzle|Hurricane,Protect,KnockOff,Tailwind|Relaxed||M|||50|]Blaziken||FocusSash|SpeedBoost|Detect,FirePunch,CloseCombat,SwordsDance|Adamant||F|||50|]Archaludon||Magnet|Stamina|ElectroShot,AuraSphere,DragonPulse,Protect|Timid||F|||50|]Metagross||Metagrossite|ClearBody|BulletPunch,PsychicFangs,IronHead,Protect|Jolly|||||50|]Primarina||MysticWater|LiquidVoice|HyperVoice,DazzlingGleam,Protect,CalmMind|Modest||F|||50|
|
|t:|1785093629
|teamsize|p1|4
|teamsize|p2|4
|start
|switch|p1a: Gengar|Gengar, L50, M, shiny|100/100
|switch|p1b: Incineroar|Incineroar, L50, M|100/100
|switch|p2a: Metagross|Metagross, L50|100/100
|switch|p2b: Blaziken|Blaziken, L50, F|100/100
|-ability|p1b: Incineroar|Intimidate|boost
|-fail|p2a: Metagross|unboost|[from] ability: Clear Body|[of] p2a: Metagross
|-unboost|p2b: Blaziken|atk|1
|turn|1
|inactive|Battle timer is ON: inactive players will automatically lose when time's up. (requested by AbadanRiyi92)
|inactive|Odin19790 has 60 seconds left.
|
|t:|1785093662
|detailschange|p1a: Gengar|Gengar-Mega, L50, M, shiny
|-mega|p1a: Gengar|Gengar|Gengarite
|move|p2a: Metagross|Protect|p2a: Metagross
|-singleturn|p2a: Metagross|Protect
|move|p1b: Incineroar|Fake Out|p2a: Metagross
|-activate|p2a: Metagross|move: Protect
|move|p1a: Gengar|Perish Song|p1a: Gengar
|-start|p1a: Gengar|perish3|[silent]
|-start|p1b: Incineroar|perish3|[silent]
|-start|p2a: Metagross|perish3|[silent]
|-start|p2b: Blaziken|perish3|[silent]
|-fieldactivate|move: Perish Song
|move|p2b: Blaziken|Close Combat|p1b: Incineroar
|-supereffective|p1b: Incineroar|1
|-damage|p1b: Incineroar|27/100
|-unboost|p2b: Blaziken|def|1
|-unboost|p2b: Blaziken|spd|1
|
|-start|p1a: Gengar|perish3
|-start|p2a: Metagross|perish3
|-start|p2b: Blaziken|perish3
|-start|p1b: Incineroar|perish3
|-ability|p2b: Blaziken|Speed Boost|boost
|-boost|p2b: Blaziken|spe|1
|upkeep
|turn|2
|
|t:|1785093686
|detailschange|p2a: Metagross|Metagross-Mega, L50
|-mega|p2a: Metagross|Metagross|Metagrossite
|move|p1a: Gengar|Protect|p1a: Gengar
|-singleturn|p1a: Gengar|Protect
|move|p1b: Incineroar|Protect|p1b: Incineroar
|-singleturn|p1b: Incineroar|Protect
|move|p2b: Blaziken|Close Combat|p1b: Incineroar
|-activate|p1b: Incineroar|move: Protect
|move|p2a: Metagross|Psychic Fangs|p1a: Gengar
|-activate|p1a: Gengar|move: Protect
|
|-start|p2b: Blaziken|perish2
|-start|p2a: Metagross|perish2
|-start|p1a: Gengar|perish2
|-start|p1b: Incineroar|perish2
|-ability|p2b: Blaziken|Speed Boost|boost
|-boost|p2b: Blaziken|spe|1
|upkeep
|turn|3
|inactive|AbadanRiyi92 has 30 seconds left.
|inactive|AbadanRiyi92 has 20 seconds left.
|
|t:|1785093722
|switch|p1a: Archaludon|Archaludon, L50, M|100/100
|move|p2b: Blaziken|Close Combat|p1b: Incineroar
|-supereffective|p1b: Incineroar|1
|-damage|p1b: Incineroar|0 fnt
|-unboost|p2b: Blaziken|def|1
|-unboost|p2b: Blaziken|spd|1
|faint|p1b: Incineroar
|move|p2a: Metagross|Psychic Fangs|p1a: Archaludon
|-resisted|p1a: Archaludon|1
|-damage|p1a: Archaludon|81/100
|-ability|p1a: Archaludon|Stamina|boost
|-boost|p1a: Archaludon|def|1
|
|-heal|p1a: Archaludon|87/100|[from] item: Leftovers
|-start|p2b: Blaziken|perish1
|-start|p2a: Metagross|perish1
|-ability|p2b: Blaziken|Speed Boost|boost
|-boost|p2b: Blaziken|spe|1
|upkeep
|
|t:|1785093738
|switch|p1b: Gengar|Gengar-Mega, L50, M, shiny|100/100
|turn|4
|
|t:|1785093760
|move|p1b: Gengar|Protect|p1b: Gengar
|-singleturn|p1b: Gengar|Protect
|move|p1a: Archaludon|Protect|p1a: Archaludon
|-singleturn|p1a: Archaludon|Protect
|move|p2b: Blaziken|Close Combat|p1a: Archaludon
|-activate|p1a: Archaludon|move: Protect
|move|p2a: Metagross|Psychic Fangs|p1b: Gengar
|-activate|p1b: Gengar|move: Protect
|
|-heal|p1a: Archaludon|93/100|[from] item: Leftovers
|-start|p2b: Blaziken|perish0
|-start|p2a: Metagross|perish0
|faint|p2b: Blaziken
|faint|p2a: Metagross
|upkeep
|
|t:|1785093766
|switch|p2a: Archaludon|Archaludon, L50, F|100/100
|switch|p2b: Primarina|Primarina, L50, F|100/100
|turn|5
|inactive|AbadanRiyi92 has 30 seconds left.
|inactive|AbadanRiyi92 has 20 seconds left.
|inactive|AbadanRiyi92 has 15 seconds left.
|inactive|AbadanRiyi92 has 10 seconds left.
|
|t:|1785093815
|move|p1b: Gengar|Perish Song|p1b: Gengar
|-start|p1a: Archaludon|perish3|[silent]
|-start|p1b: Gengar|perish3|[silent]
|-start|p2a: Archaludon|perish3|[silent]
|-start|p2b: Primarina|perish3|[silent]
|-fieldactivate|move: Perish Song
|move|p2a: Archaludon|Dragon Pulse|p1b: Gengar
|-damage|p1b: Gengar|57/100
|move|p1a: Archaludon|Dragon Pulse|p2a: Archaludon
|-damage|p2a: Archaludon|42/100
|-ability|p2a: Archaludon|Stamina|boost
|-boost|p2a: Archaludon|def|1
|move|p2b: Primarina|Dazzling Gleam|p1a: Archaludon|[spread] p1a,p1b
|-resisted|p1b: Gengar|1
|-damage|p1a: Archaludon|61/100
|-damage|p1b: Gengar|42/100
|-ability|p1a: Archaludon|Stamina|boost
|-boost|p1a: Archaludon|def|1
|
|-heal|p1a: Archaludon|67/100|[from] item: Leftovers
|-start|p1b: Gengar|perish3
|-start|p2a: Archaludon|perish3
|-start|p1a: Archaludon|perish3
|-start|p2b: Primarina|perish3
|upkeep
|turn|6
|inactive|Odin19790 has 30 seconds left.
|
|t:|1785093842
|move|p1b: Gengar|Protect|p1b: Gengar
|-singleturn|p1b: Gengar|Protect
|move|p1a: Archaludon|Protect|p1a: Archaludon
|-singleturn|p1a: Archaludon|Protect
|move|p2a: Archaludon|Electro Shot||[still]
|-prepare|p2a: Archaludon|Electro Shot
|-boost|p2a: Archaludon|spa|1
|move|p2b: Primarina|Dazzling Gleam|p1a: Archaludon|[spread] 
|-activate|p1a: Archaludon|move: Protect
|-activate|p1b: Gengar|move: Protect
|
|-heal|p1a: Archaludon|73/100|[from] item: Leftovers
|-start|p1b: Gengar|perish2
|-start|p2a: Archaludon|perish2
|-start|p1a: Archaludon|perish2
|-start|p2b: Primarina|perish2
|upkeep
|turn|7
|inactive|AbadanRiyi92 has 30 seconds left.
|
|t:|1785093875
|switch|p1a: Politoed|Politoed, L50, F, shiny|100/100
|-weather|RainDance|[from] ability: Drizzle|[of] p1a: Politoed
|move|p1b: Gengar|Disable|p2a: Archaludon
|-start|p2a: Archaludon|Disable|Electro Shot
|cant|p2a: Archaludon|Disable|Electro Shot
|move|p2b: Primarina|Dazzling Gleam|p1a: Politoed|[spread] p1a,p1b
|-resisted|p1b: Gengar|1
|-damage|p1a: Politoed|73/100
|-damage|p1b: Gengar|25/100
|
|-weather|RainDance|[upkeep]
|-start|p1b: Gengar|perish1
|-start|p2a: Archaludon|perish1
|-start|p2b: Primarina|perish1
|upkeep
|turn|8
|l|☆Odin19790
|inactive|Odin19790 disconnected and has a minute to reconnect!
|player|p2|
|inactive|Odin19790 has 30 seconds left.
|inactive|Odin19790 has 20 seconds left.
|inactive|Odin19790 has 15 seconds left.
|inactive|Odin19790 has 10 seconds left.
|inactive|Odin19790 has 5 seconds left.
|-message|Odin19790 lost due to inactivity.
|
|win|AbadanRiyi92
||AbadanRiyi92 is ready for game 2.
|inactive|Odin19790 has 10 seconds to reconnect!
|inactive|Odin19790 has 0 seconds to reconnect!
|raw|AbadanRiyi92's rating: 1084 → 1108(+24 for winning)
|raw|Odin19790's rating: 1040 → 1026(-14 for losing)
