|j|☆Awer555
|j|☆dimitry_vgc
|html|Awer555dimitry_vgc    
|uhtml|bestof|Game 1 of a best-of-3
|t:|1782273411
|gametype|doubles
|player|p1|Awer555|veteran|1074
|player|p2|dimitry_vgc|pokemonbreederf-gen4|1032
|gen|9
|tier|[Gen 9 Champions] VGC 2026 Reg M-B (Bo3)
|rated|
|rule|Species Clause: Limit one of each Pokémon
|rule|Item Clause: Limit 1 of each item
|clearpoke
|poke|p1|Pelipper, L50, M, shiny|
|poke|p1|Tsareena, L50, F|
|poke|p1|Swampert, L50, M|
|poke|p1|Gholdengo, L50|
|poke|p1|Sylveon, L50, F, shiny|
|poke|p1|Kommo-o, L50, M|
|poke|p2|Pelipper, L50, F|
|poke|p2|Archaludon, L50, F, shiny|
|poke|p2|Sinistcha, L50, shiny|
|poke|p2|Swampert, L50, M|
|poke|p2|Maushold-Four, L50|
|poke|p2|Mawile, L50, M, shiny|
|teampreview|4
|showteam|p1|Pelipper||FocusSash|Drizzle|Hurricane,WeatherBall,WideGuard,Tailwind|Timid||M|||50|]Tsareena||ChoiceScarf|QueenlyMajesty|TripleAxel,TropKick,Uturn,LowSweep|Jolly||F|||50|]Swampert||Swampertite|Damp|Waterfall,IcePunch,HighHorsepower,Protect|Adamant||M|||50|]Gholdengo||LifeOrb|GoodasGold|ShadowBall,MakeItRain,Thunder,Protect|Timid|||||50|]Sylveon||FairyFeather|Pixilate|HyperVoice,HelpingHand,Reflect,QuickAttack|Modest||F|||50|]Kommo-o||Leftovers|Soundproof|BodyPress,Flamethrower,Protect,ClangorousSoul|Bold||M|||50|
|showteam|p2|Pelipper||SitrusBerry|Drizzle|WeatherBall,Hurricane,Tailwind,WideGuard|Modest||F|||50|]Archaludon||Leftovers|Stamina|ElectroShot,DragonPulse,FlashCannon,Protect|Modest||F|||50|]Sinistcha||CobaBerry|Hospitality|MatchaGotcha,RagePowder,Protect,TrickRoom|Bold|||||50|]Swampert||Swampertite|Torrent|WaveCrash,Earthquake,IcePunch,Protect|Jolly||M|||50|]Maushold-Four||ChopleBerry|FriendGuard|FollowMe,SuperFang,Protect,RainDance|Jolly|||||50|]Mawile||Mawilite|HyperCutter|PlayRough,IronHead,SuckerPunch,Protect|Adamant||M|||50|
|inactive|Battle timer is ON: inactive players will automatically lose when time's up. (requested by Awer555)
|inactive|dimitry_vgc has 60 seconds left.
|
|t:|1782273509
|teamsize|p1|4
|teamsize|p2|4
|start
|switch|p1a: Kommo-o|Kommo-o, L50, M|100/100
|switch|p1b: Swampert|Swampert, L50, M|100/100
|switch|p2a: Maushold|Maushold-Four, L50|100/100
|switch|p2b: Swampert|Swampert, L50, M|100/100
|turn|1
|inactive|Awer555 has 30 seconds left.
|inactive|dimitry_vgc has 30 seconds left.
|inactive|dimitry_vgc has 20 seconds left.
|inactive|dimitry_vgc has 15 seconds left.
|
|t:|1782273553
|switch|p2b: Sinistcha|Sinistcha, L50, shiny|100/100
|move|p1b: Swampert|Protect|p1b: Swampert
|-singleturn|p1b: Swampert|Protect
|move|p2a: Maushold|Super Fang|p1a: Kommo-o
|-damage|p1a: Kommo-o|50/100y
|move|p1a: Kommo-o|Flamethrower|p2a: Maushold
|-damage|p2a: Maushold|74/100
|
|-heal|p1a: Kommo-o|56/100|[from] item: Leftovers
|upkeep
|turn|2
|inactive|Awer555 has 30 seconds left.
|
|t:|1782273581
|switch|p1b: Tsareena|Tsareena, L50, F|100/100
|move|p2b: Sinistcha|Protect|p2b: Sinistcha
|-singleturn|p2b: Sinistcha|Protect
|move|p2a: Maushold|Super Fang|p1b: Tsareena
|-damage|p1b: Tsareena|50/100g
|move|p1a: Kommo-o|Flamethrower|p2b: Sinistcha
|-activate|p2b: Sinistcha|move: Protect
|
|-heal|p1a: Kommo-o|62/100|[from] item: Leftovers
|upkeep
|turn|3
|inactive|dimitry_vgc has 30 seconds left.
|
|t:|1782273615
|switch|p2b: Archaludon|Archaludon, L50, F, shiny|100/100
|move|p1b: Tsareena|Triple Axel|p2b: Archaludon
|-damage|p2b: Archaludon|96/100
|-ability|p2b: Archaludon|Stamina|boost
|-boost|p2b: Archaludon|def|1
|-damage|p2b: Archaludon|91/100
|-ability|p2b: Archaludon|Stamina|boost
|-boost|p2b: Archaludon|def|1
|-damage|p2b: Archaludon|86/100
|-ability|p2b: Archaludon|Stamina|boost
|-boost|p2b: Archaludon|def|1
|-hitcount|p2b: Archaludon|3
|move|p2a: Maushold|Rain Dance|p2a: Maushold
|-weather|RainDance
|move|p1a: Kommo-o|Flamethrower|p2b: Archaludon
|-damage|p2b: Archaludon|77/100
|-ability|p2b: Archaludon|Stamina|boost
|-boost|p2b: Archaludon|def|1
|
|-weather|RainDance|[upkeep]
|-heal|p2b: Archaludon|83/100|[from] item: Leftovers
|-heal|p1a: Kommo-o|68/100|[from] item: Leftovers
|upkeep
|turn|4
|inactive|Awer555 has 30 seconds left.
|inactive|dimitry_vgc has 30 seconds left.
|
|t:|1782273649
|switch|p2a: Sinistcha|Sinistcha, L50, shiny|100/100
|-heal|p2b: Archaludon|100/100|[from] ability: Hospitality|[of] p2a: Sinistcha
|move|p1a: Kommo-o|Protect|p1a: Kommo-o
|-singleturn|p1a: Kommo-o|Protect
|move|p1b: Tsareena|Triple Axel|p2a: Sinistcha
|-supereffective|p2a: Sinistcha|1
|-damage|p2a: Sinistcha|88/100
|-supereffective|p2a: Sinistcha|1
|-damage|p2a: Sinistcha|66/100
|-supereffective|p2a: Sinistcha|1
|-damage|p2a: Sinistcha|34/100
|-hitcount|p2a: Sinistcha|3
|move|p2b: Archaludon|Dragon Pulse|p1a: Kommo-o
|-activate|p1a: Kommo-o|move: Protect
|
|-weather|RainDance|[upkeep]
|-heal|p1a: Kommo-o|74/100|[from] item: Leftovers
|upkeep
|turn|5
|
|t:|1782273672
|switch|p1a: Gholdengo|Gholdengo, L50|100/100
|switch|p2a: Swampert|Swampert, L50, M|100/100
|move|p1b: Tsareena|Triple Axel|p2a: Swampert
|-damage|p2a: Swampert|93/100
|-damage|p2a: Swampert|78/100
|-hitcount|p2a: Swampert|2
|move|p2b: Archaludon|Dragon Pulse|p1a: Gholdengo
|-resisted|p1a: Gholdengo|1
|-damage|p1a: Gholdengo|78/100
|
|-weather|RainDance|[upkeep]
|upkeep
|turn|6
|
|t:|1782273697
|switch|p1b: Kommo-o|Kommo-o, L50, M|74/100
|detailschange|p2a: Swampert|Swampert-Mega, L50, M
|-mega|p2a: Swampert|Swampert|Swampertite
|move|p2a: Swampert|Earthquake|p1b: Kommo-o|[spread] p2b,p1a,p1b
|-supereffective|p2b: Archaludon|1
|-supereffective|p1a: Gholdengo|1
|-damage|p2b: Archaludon|78/100
|-damage|p1a: Gholdengo|0 fnt
|-damage|p1b: Kommo-o|44/100
|-ability|p2b: Archaludon|Stamina|boost
|-boost|p2b: Archaludon|def|1
|faint|p1a: Gholdengo
|move|p2b: Archaludon|Electro Shot||[still]
|-prepare|p2b: Archaludon|Electro Shot
|-boost|p2b: Archaludon|spa|1
|-anim|p2b: Archaludon|Electro Shot|p1b: Kommo-o
|-resisted|p1b: Kommo-o|1
|-damage|p1b: Kommo-o|14/100
|
|-weather|RainDance|[upkeep]
|-heal|p2b: Archaludon|84/100|[from] item: Leftovers
|-heal|p1b: Kommo-o|20/100y|[from] item: Leftovers
|upkeep
|
|t:|1782273712
|switch|p1a: Swampert|Swampert, L50, M|100/100
|turn|7
|
|t:|1782273731
|detailschange|p1a: Swampert|Swampert-Mega, L50, M
|-mega|p1a: Swampert|Swampert|Swampertite
|move|p2a: Swampert|Ice Punch|p1b: Kommo-o
|-supereffective|p1b: Kommo-o|1
|-damage|p1b: Kommo-o|0 fnt
|faint|p1b: Kommo-o
|move|p1a: Swampert|High Horsepower|p2a: Swampert
|-damage|p2a: Swampert|27/100
|move|p2b: Archaludon|Dragon Pulse|p1a: Swampert
|-damage|p1a: Swampert|42/100
|
|-weather|none
|-heal|p2b: Archaludon|90/100|[from] item: Leftovers
|upkeep
|
|t:|1782273743
|switch|p1b: Tsareena|Tsareena, L50, F|50/100g
|turn|8
|
|t:|1782273760
|switch|p2a: Sinistcha|Sinistcha, L50, shiny|34/100
|-heal|p2b: Archaludon|100/100|[from] ability: Hospitality|[of] p2a: Sinistcha
|move|p1a: Swampert|Protect|p1a: Swampert
|-singleturn|p1a: Swampert|Protect
|move|p1b: Tsareena|Trop Kick|p2a: Sinistcha
|-resisted|p2a: Sinistcha|1
|-damage|p2a: Sinistcha|17/100
|-unboost|p2a: Sinistcha|atk|1
|move|p2b: Archaludon|Dragon Pulse|p1a: Swampert
|-activate|p1a: Swampert|move: Protect
|
|upkeep
|turn|9
|-message|Awer555 forfeited.
|
|win|dimitry_vgc
|l|☆Awer555
|player|p1|
||Awer555 is ready for game 2.
||dimitry_vgc is ready for game 2.
|uhtml|next|Next: Game 2 of 3
