|j|☆hugoggg
|j|☆Philip9804
|html|hugogggPhilip9804    
|uhtml|bestof|Game 2 of a best-of-3
|t:|1784138525
|gametype|doubles
|player|p1|hugoggg|169|
|player|p2|Philip9804|may-masters3|
|gen|9
|tier|[Gen 9 Champions] VGC 2026 Reg M-B (Bo3)
|rule|Species Clause: Limit one of each Pokémon
|rule|Item Clause: Limit 1 of each item
|clearpoke
|poke|p1|Delphox, L50, M|
|poke|p1|Garchomp, L50, F|
|poke|p1|Gengar, L50, M|
|poke|p1|Sinistcha, L50|
|poke|p1|Sneasler, L50, F|
|poke|p1|Altaria, L50, F|
|poke|p2|Sneasler, L50, M, shiny|
|poke|p2|Farigiraf, L50, F, shiny|
|poke|p2|Charizard, L50, F, shiny|
|poke|p2|Whimsicott, L50, M, shiny|
|poke|p2|Garchomp, L50, F, shiny|
|poke|p2|Basculegion, L50, M, shiny|
|teampreview|4
|showteam|p1|Delphox||Delphoxite|Magician|HeatWave,Psychic,NastyPlot,Protect|Timid||M|||50|]Garchomp||ChoiceScarf|RoughSkin|Earthquake,StoneEdge,DragonClaw,StompingTantrum|Adamant||F|||50|]Gengar||Gengarite|CursedBody|ShadowBall,SludgeBomb,Disable,Protect|Timid||M|||50|]Sinistcha||KasibBerry|Hospitality|MatchaGotcha,LifeDew,RagePowder,Protect|Bold|||||50|]Sneasler||LifeOrb|PoisonTouch|FakeOut,CloseCombat,GunkShot,ThroatChop|Adamant||F|||50|]Altaria||SitrusBerry|CloudNine|PerishSong,WillOWisp,PowerSwap,DracoMeteor|Bold||F|||50|
|showteam|p2|Sneasler||WhiteHerb|Unburden|FakeOut,CloseCombat,DireClaw,Protect|Jolly||M|||50|]Farigiraf||SitrusBerry|ArmorTail|Psychic,HelpingHand,TrickRoom,Imprison|Bold||F|||50|]Charizard||CharizarditeY|Blaze|HeatWave,WeatherBall,SolarBeam,Protect|Modest||F|||50|]Whimsicott||FairyFeather|Prankster|Moonblast,Tailwind,SunnyDay,Encore|Timid||M|||50|]Garchomp||LifeOrb|RoughSkin|StompingTantrum,DragonClaw,RockSlide,Protect|Jolly||F|||50|]Basculegion||ChoiceScarf|Adaptability|LastRespects,WaveCrash,AquaJet,FlipTurn|Jolly||M|||50|
|inactive|Battle timer is ON: inactive players will automatically lose when time's up. (requested by Philip9804)
|inactive|hugoggg has 60 seconds left.
|inactive|hugoggg has 30 seconds left.
|
|t:|1784138589
|teamsize|p1|4
|teamsize|p2|4
|start
|switch|p1a: Sneasler|Sneasler, L50, F|100/100
|switch|p1b: Delphox|Delphox, L50, M|100/100
|switch|p2a: Basculegion|Basculegion, L50, M, shiny|100/100
|switch|p2b: Garchomp|Garchomp, L50, F, shiny|100/100
|turn|1
|inactive|hugoggg has 30 seconds left.
|
|t:|1784138620
|detailschange|p1b: Delphox|Delphox-Mega, L50, M
|-mega|p1b: Delphox|Delphox|Delphoxite
|move|p2a: Basculegion|Flip Turn|p1a: Sneasler
|-damage|p1a: Sneasler|40/100
|
|t:|1784138627
|switch|p2a: Charizard|Charizard, L50, F, shiny|100/100|[from] Flip Turn
|move|p1b: Delphox|Nasty Plot|p1b: Delphox
|-boost|p1b: Delphox|spa|2
|move|p1a: Sneasler|Throat Chop|p2a: Charizard
|-damage|p2a: Charizard|55/100
|-start|p2a: Charizard|Throat Chop|[silent]
|-status|p2a: Charizard|psn|[from] ability: Poison Touch|[of] p1a: Sneasler
|-damage|p1a: Sneasler|30/100|[from] item: Life Orb
|move|p2b: Garchomp|Rock Slide|p1a: Sneasler|[spread] p1a
|-miss|p2b: Garchomp|p1b: Delphox
|-resisted|p1a: Sneasler|1
|-damage|p1a: Sneasler|8/100
|-damage|p2b: Garchomp|90/100|[from] item: Life Orb
|
|-damage|p2a: Charizard|43/100 psn|[from] psn
|upkeep
|turn|2
|
|t:|1784138654
|move|p2b: Garchomp|Protect|p2b: Garchomp
|-singleturn|p2b: Garchomp|Protect
|move|p1b: Delphox|Psychic|p2b: Garchomp
|-activate|p2b: Garchomp|move: Protect
|move|p1a: Sneasler|Throat Chop|p2a: Charizard
|-damage|p2a: Charizard|0 fnt
|faint|p2a: Charizard
|-damage|p1a: Sneasler|0 fnt|[from] item: Life Orb
|faint|p1a: Sneasler
|
|upkeep
|
|t:|1784138665
|switch|p1a: Sinistcha|Sinistcha, L50|100/100
|switch|p2a: Whimsicott|Whimsicott, L50, M, shiny|100/100
|turn|3
|
|t:|1784138680
|move|p2a: Whimsicott|Tailwind|p2a: Whimsicott
|-sidestart|p2: Philip9804|move: Tailwind
|move|p2b: Garchomp|Rock Slide|p1b: Delphox|[spread] p1a,p1b
|-supereffective|p1b: Delphox|1
|-damage|p1a: Sinistcha|82/100
|-damage|p1b: Delphox|30/100
|-damage|p2b: Garchomp|80/100|[from] item: Life Orb
|move|p1b: Delphox|Psychic|p2a: Whimsicott
|-damage|p2a: Whimsicott|0 fnt
|faint|p2a: Whimsicott
|cant|p1a: Sinistcha|flinch
|
|upkeep
|
|t:|1784138690
|switch|p2a: Basculegion|Basculegion, L50, M, shiny|100/100
|turn|4
|
|t:|1784138701
|switch|p1b: Altaria|Altaria, L50, F|100/100
|-ability|p1b: Altaria|Cloud Nine
|move|p1a: Sinistcha|Protect|p1a: Sinistcha
|-singleturn|p1a: Sinistcha|Protect
|move|p2a: Basculegion|Last Respects|p1a: Sinistcha
|-activate|p1a: Sinistcha|move: Protect
|move|p2b: Garchomp|Rock Slide|p1a: Sinistcha|[spread] p1b
|-activate|p1a: Sinistcha|move: Protect
|-supereffective|p1b: Altaria|1
|-damage|p1b: Altaria|61/100
|-damage|p2b: Garchomp|70/100|[from] item: Life Orb
|
|upkeep
|turn|5
|inactive|hugoggg has 30 seconds left.
|
|t:|1784138727
|move|p1a: Sinistcha|Rage Powder|p1a: Sinistcha
|-singleturn|p1a: Sinistcha|move: Rage Powder
|move|p2a: Basculegion|Last Respects|p1a: Sinistcha
|-supereffective|p1a: Sinistcha|1
|-enditem|p1a: Sinistcha|Kasib Berry|[eat]
|-enditem|p1a: Sinistcha|Kasib Berry|[weaken]
|-damage|p1a: Sinistcha|7/100
|move|p2b: Garchomp|Dragon Claw|p1a: Sinistcha
|-damage|p1a: Sinistcha|0 fnt
|faint|p1a: Sinistcha
|-damage|p2b: Garchomp|60/100|[from] item: Life Orb
|move|p1b: Altaria|Perish Song|p1b: Altaria
|-start|p1b: Altaria|perish3|[silent]
|-start|p2a: Basculegion|perish3|[silent]
|-start|p2b: Garchomp|perish3|[silent]
|-fieldactivate|move: Perish Song
|
|-start|p2a: Basculegion|perish3
|-start|p2b: Garchomp|perish3
|-start|p1b: Altaria|perish3
|upkeep
|
|t:|1784138736
|switch|p1a: Delphox|Delphox-Mega, L50, M|30/100
|turn|6
|
|t:|1784138753
|move|p1a: Delphox|Protect|p1a: Delphox
|-singleturn|p1a: Delphox|Protect
|move|p2a: Basculegion|Last Respects|p1b: Altaria
|-damage|p1b: Altaria|0 fnt
|faint|p1b: Altaria
|move|p2b: Garchomp|Rock Slide|p1a: Delphox
|-activate|p1a: Delphox|move: Protect
|
|-start|p2a: Basculegion|perish2
|-start|p2b: Garchomp|perish2
|-sideend|p2: Philip9804|move: Tailwind
|upkeep
|turn|7
|-message|hugoggg forfeited.
|
|win|Philip9804
|c|☆Philip9804|ggs
|c|☆hugoggg|ggwp
|l|☆hugoggg
|player|p1|
