|j|☆fly butterfly fly
|j|☆ULYSSEMAGERANGS
|html|fly butterfly flyULYSSEMAGERANGS    
|uhtml|bestof|Game 2 of a best-of-3
|t:|1784841698
|gametype|doubles
|player|p1|fly butterfly fly|170|1239
|player|p2|ULYSSEMAGERANGS|cynthia-gen4|1115
|gen|9
|tier|[Gen 9 Champions] VGC 2026 Reg M-B (Bo3)
|rated|
|rule|Species Clause: Limit one of each Pokémon
|rule|Item Clause: Limit 1 of each item
|clearpoke
|poke|p1|Kangaskhan, L50, F|
|poke|p1|Farigiraf, L50, M|
|poke|p1|Torkoal, L50, M|
|poke|p1|Vileplume, L50, M|
|poke|p1|Kommo-o, L50, M|
|poke|p1|Pyroar, L50, F|
|poke|p2|Sylveon, L50, F, shiny|
|poke|p2|Metagross, L50, shiny|
|poke|p2|Grimmsnarl, L50, M, shiny|
|poke|p2|Incineroar, L50, M, shiny|
|poke|p2|Charizard, L50, M, shiny|
|poke|p2|Garchomp, L50, M, shiny|
|teampreview|4
|showteam|p1|Kangaskhan||SilkScarf|Scrappy|FakeOut,LastResort|Adamant||F|||50|]Farigiraf||ColburBerry|ArmorTail|Psychic,Thunderbolt,Protect,TrickRoom|Bold||M|||50|]Torkoal||Charcoal|Drought|Eruption,WeatherBall,HelpingHand,Protect|Quiet||M|||50|]Vileplume||FocusSash|Chlorophyll|SleepPowder,EnergyBall,SludgeBomb,AfterYou|Timid||M|||50|]Kommo-o||HabanBerry|Overcoat|ClangingScales,AuraSphere,ClangorousSoul,Protect|Modest||M|||50|]Pyroar||Pyroarite|Unnerve|HeatWave,Overheat,ScorchingSands,Protect|Timid||F|||50|
|showteam|p2|Sylveon||LifeOrb|Pixilate|HyperVoice,Moonblast,HyperBeam,Protect|Modest||F|||50|]Metagross||Metagrossite|ClearBody|BodyPress,IcePunch,IronHead,PsychicFangs|Jolly|||||50|]Grimmsnarl||LightClay|Prankster|LightScreen,Reflect,SpiritBreak,FoulPlay|Careful||M|||50|]Incineroar||PasshoBerry|Intimidate|FakeOut,FlareBlitz,DarkestLariat,CloseCombat|Adamant||M|||50|]Charizard||CharizarditeY|Blaze|Flamethrower,HeatWave,Hurricane,SolarBeam|Modest||M|||50|]Garchomp||Garchompite|RoughSkin|DragonClaw,Earthquake,Liquidation,StompingTantrum|Adamant||M|||50|
|inactive|Battle timer is ON: inactive players will automatically lose when time's up. (requested by ULYSSEMAGERANGS)
|
|t:|1784841725
|teamsize|p1|4
|teamsize|p2|4
|start
|switch|p1a: Kangaskhan|Kangaskhan, L50, F|100/100
|switch|p1b: Farigiraf|Farigiraf, L50, M|100/100
|switch|p2a: Sylveon|Sylveon, L50, F, shiny|100/100
|switch|p2b: Grimmsnarl|Grimmsnarl, L50, M, shiny|100/100
|turn|1
|
|t:|1784841733
|move|p2a: Sylveon|Protect|p2a: Sylveon
|-singleturn|p2a: Sylveon|Protect
|move|p1a: Kangaskhan|Fake Out|p2b: Grimmsnarl
|-damage|p2b: Grimmsnarl|68/100
|cant|p2b: Grimmsnarl|flinch
|move|p1b: Farigiraf|Trick Room|p1b: Farigiraf
|-fieldstart|move: Trick Room|[of] p1b: Farigiraf
|
|upkeep
|turn|2
|
|t:|1784841747
|move|p2b: Grimmsnarl|Reflect|p2b: Grimmsnarl
|-sidestart|p2: ULYSSEMAGERANGS|Reflect
|move|p2a: Sylveon|Hyper Voice|p1b: Farigiraf|[spread] p1a,p1b
|-damage|p1a: Kangaskhan|48/100
|-damage|p1b: Farigiraf|51/100
|-damage|p2a: Sylveon|90/100|[from] item: Life Orb
|move|p1b: Farigiraf|Psychic|p2a: Sylveon
|-damage|p2a: Sylveon|65/100
|move|p1a: Kangaskhan|Last Resort|p2a: Sylveon
|-damage|p2a: Sylveon|0 fnt
|faint|p2a: Sylveon
|
|upkeep
|
|t:|1784841757
|switch|p2a: Incineroar|Incineroar, L50, M, shiny|100/100
|-ability|p2a: Incineroar|Intimidate|boost
|-fail|p1a: Kangaskhan|unboost|Attack|[from] ability: Scrappy|[of] p1a: Kangaskhan
|-unboost|p1b: Farigiraf|atk|1
|turn|3
|
|t:|1784841777
|switch|p1b: Kommo-o|Kommo-o, L50, M|100/100
|move|p2a: Incineroar|Close Combat|p1a: Kangaskhan
|-supereffective|p1a: Kangaskhan|1
|-damage|p1a: Kangaskhan|0 fnt
|-unboost|p2a: Incineroar|def|1
|-unboost|p2a: Incineroar|spd|1
|faint|p1a: Kangaskhan
|move|p2b: Grimmsnarl|Spirit Break|p1b: Kommo-o
|-supereffective|p1b: Kommo-o|2
|-damage|p1b: Kommo-o|0 fnt
|faint|p1b: Kommo-o
|
|upkeep
|
|t:|1784841788
|switch|p1a: Torkoal|Torkoal, L50, M|100/100
|switch|p1b: Farigiraf|Farigiraf, L50, M|51/100
|-weather|SunnyDay|[from] ability: Drought|[of] p1a: Torkoal
|turn|4
|
|t:|1784841807
|move|p2b: Grimmsnarl|Light Screen|p2b: Grimmsnarl
|-sidestart|p2: ULYSSEMAGERANGS|move: Light Screen
|move|p1a: Torkoal|Eruption|p2b: Grimmsnarl|[spread] p2a,p2b
|-resisted|p2a: Incineroar|1
|-damage|p2a: Incineroar|58/100
|-damage|p2b: Grimmsnarl|23/100
|move|p1b: Farigiraf|Thunderbolt|p2b: Grimmsnarl
|-damage|p2b: Grimmsnarl|11/100
|move|p2a: Incineroar|Flare Blitz|p1b: Farigiraf
|-damage|p1b: Farigiraf|0 fnt
|faint|p1b: Farigiraf
|-damage|p2a: Incineroar|39/100|[from] Recoil
|
|-weather|SunnyDay|[upkeep]
|upkeep
|turn|5
|
|t:|1784841821
|move|p1a: Torkoal|Eruption|p2b: Grimmsnarl|[spread] p2a,p2b
|-resisted|p2a: Incineroar|1
|-damage|p2a: Incineroar|1/100
|-damage|p2b: Grimmsnarl|0 fnt
|faint|p2b: Grimmsnarl
|move|p2a: Incineroar|Darkest Lariat|p1a: Torkoal
|-damage|p1a: Torkoal|67/100
|
|-weather|SunnyDay|[upkeep]
|-fieldend|move: Trick Room
|upkeep
|
|t:|1784841827
|switch|p2b: Garchomp|Garchomp, L50, M, shiny|100/100
|turn|6
|
|t:|1784841834
|detailschange|p2b: Garchomp|Garchomp-Mega, L50, M, shiny
|-mega|p2b: Garchomp|Garchomp|Garchompite
|move|p1a: Torkoal|Helping Hand|p1: Farigiraf|[notarget]
|-fail|p1a: Torkoal
|move|p2b: Garchomp|Stomping Tantrum|p1a: Torkoal
|-supereffective|p1a: Torkoal|1
|-damage|p1a: Torkoal|0 fnt
|faint|p1a: Torkoal
|
|win|ULYSSEMAGERANGS
|raw|fly butterfly fly's rating: 1239 → 1205(-34 for losing)
|raw|ULYSSEMAGERANGS's rating: 1115 → 1149(+34 for winning)
|c|☆ULYSSEMAGERANGS|gg
