|j|☆Orion11Vgc
|j|☆selmir suljkanovic
|html|Orion11Vgcselmir suljkanovic    
|uhtml|bestof|Game 1 of a best-of-3
|t:|1783772523
|gametype|doubles
|player|p1|Orion11Vgc|lucas|1233
|player|p2|selmir suljkanovic|ballguy|1136
|gen|9
|tier|[Gen 9 Champions] VGC 2026 Reg M-B (Bo3)
|rated|
|rule|Species Clause: Limit one of each Pokémon
|rule|Item Clause: Limit 1 of each item
|clearpoke
|poke|p1|Aerodactyl, L50, F|
|poke|p1|Kingambit, L50, M|
|poke|p1|Farigiraf, L50, F|
|poke|p1|Garchomp, L50, F|
|poke|p1|Sylveon, L50, F|
|poke|p1|Charizard, L50, M|
|poke|p2|Sinistcha-Masterpiece, L50|
|poke|p2|Kingambit, L50, M|
|poke|p2|Sneasler, L50, M|
|poke|p2|Floette-Eternal, L50, F|
|poke|p2|Blastoise, L50, M|
|poke|p2|Incineroar, L50, F|
|teampreview|4
|showteam|p1|Aerodactyl||Aerodactylite|Unnerve|RockSlide,DualWingbeat,IceFang,Tailwind|Jolly||F|||50|]Kingambit||FocusSash|Defiant|KowtowCleave,SuckerPunch,IronHead,LowKick|Adamant||M|||50|]Farigiraf||SitrusBerry|ArmorTail|TwinBeam,Thunderbolt,TrickRoom,Protect|Bold||F|||50|]Garchomp||LifeOrb|RoughSkin|DragonClaw,Earthquake,StompingTantrum,Protect|Jolly||F|||50|]Sylveon||FairyFeather|Pixilate|HyperVoice,HyperBeam,QuickAttack,Detect|Modest||F|||50|]Charizard||CharizarditeY|Blaze|HeatWave,WeatherBall,SolarBeam,Protect|Modest||M|||50|
|showteam|p2|Sinistcha-Masterpiece||OccaBerry|Hospitality|MatchaGotcha,RagePowder,TrickRoom,Protect|Bold|||||50|]Kingambit||LifeOrb|Defiant|KowtowCleave,SuckerPunch,SwordsDance,Protect|Adamant||M|||50|]Sneasler||FocusSash|PoisonTouch|FakeOut,CloseCombat,PoisonJab,RockTomb|Jolly||M|||50|]Floette-Eternal||Floettite|FlowerVeil|Moonblast,DazzlingGleam,CalmMind,Protect|Modest||F|||50|]Blastoise||Blastoisinite|RainDish|WaterSpout,DarkPulse,ShellSmash,Protect|Modest||M|||50|]Incineroar||SitrusBerry|Intimidate|PartingShot,FlareBlitz,ThroatChop,FakeOut|Careful||F|||50|
|inactive|Battle timer is ON: inactive players will automatically lose when time's up. (requested by Orion11Vgc)
|inactive|Orion11Vgc has 60 seconds left.
|
|t:|1783772555
|teamsize|p1|4
|teamsize|p2|4
|start
|switch|p1a: Charizard|Charizard, L50, M|100/100
|switch|p1b: Sylveon|Sylveon, L50, F|100/100
|switch|p2a: Blastoise|Blastoise, L50, M|100/100
|switch|p2b: Sneasler|Sneasler, L50, M|100/100
|turn|1
|inactive|Orion11Vgc has 30 seconds left.
|inactive|selmir suljkanovic has 30 seconds left.
|inactive|Orion11Vgc has 20 seconds left.
|
|t:|1783772593
|switch|p1b: Farigiraf|Farigiraf, L50, F|100/100
|detailschange|p1a: Charizard|Charizard-Mega-Y, L50, M
|-mega|p1a: Charizard|Charizard|Charizardite Y
|-weather|SunnyDay|[from] ability: Drought|[of] p1a: Charizard
|detailschange|p2a: Blastoise|Blastoise-Mega, L50, M
|-mega|p2a: Blastoise|Blastoise|Blastoisinite
|move|p2b: Sneasler|Rock Tomb|p1a: Charizard
|-supereffective|p1a: Charizard|2
|-damage|p1a: Charizard|26/100
|-unboost|p1a: Charizard|spe|1
|move|p2a: Blastoise|Water Spout|p1b: Farigiraf|[spread] p1a,p1b
|-supereffective|p1a: Charizard|1
|-damage|p1a: Charizard|0 fnt
|-damage|p1b: Farigiraf|73/100
|faint|p1a: Charizard
|
|-weather|SunnyDay|[upkeep]
|upkeep
|
|t:|1783772612
|switch|p1a: Kingambit|Kingambit, L50, M|100/100
|turn|2
|
|t:|1783772629
|move|p2b: Sneasler|Close Combat|p1a: Kingambit
|-supereffective|p1a: Kingambit|2
|-enditem|p1a: Kingambit|Focus Sash
|-damage|p1a: Kingambit|1/100
|-unboost|p2b: Sneasler|def|1
|-unboost|p2b: Sneasler|spd|1
|move|p2a: Blastoise|Water Spout|p1b: Farigiraf|[spread] p1a,p1b
|-damage|p1a: Kingambit|0 fnt
|-damage|p1b: Farigiraf|45/100
|-enditem|p1b: Farigiraf|Sitrus Berry|[eat]
|-heal|p1b: Farigiraf|70/100|[from] item: Sitrus Berry
|faint|p1a: Kingambit
|move|p1b: Farigiraf|Trick Room|p1b: Farigiraf
|-fieldstart|move: Trick Room|[of] p1b: Farigiraf
|
|-weather|SunnyDay|[upkeep]
|upkeep
|
|t:|1783772644
|switch|p1a: Sylveon|Sylveon, L50, F|100/100
|turn|3
|
|t:|1783772653
|move|p1b: Farigiraf|Thunderbolt|p2a: Blastoise
|-supereffective|p2a: Blastoise|1
|-damage|p2a: Blastoise|56/100
|move|p1a: Sylveon|Hyper Voice|p2a: Blastoise|[spread] p2a,p2b
|-damage|p2a: Blastoise|12/100
|-damage|p2b: Sneasler|9/100
|move|p2a: Blastoise|Dark Pulse|p1b: Farigiraf
|-supereffective|p1b: Farigiraf|1
|-damage|p1b: Farigiraf|0 fnt
|faint|p1b: Farigiraf
|move|p2b: Sneasler|Poison Jab|p1a: Sylveon
|-supereffective|p1a: Sylveon|1
|-damage|p1a: Sylveon|9/100
|
|-weather|SunnyDay|[upkeep]
|upkeep
|turn|4
|
|t:|1783772668
|move|p2a: Blastoise|Protect|p2a: Blastoise
|-singleturn|p2a: Blastoise|Protect
|move|p1a: Sylveon|Hyper Voice|p2b: Sneasler|[spread] p2b
|-activate|p2a: Blastoise|move: Protect
|-crit|p2b: Sneasler
|-damage|p2b: Sneasler|0 fnt
|faint|p2b: Sneasler
|
|-weather|SunnyDay|[upkeep]
|upkeep
|
|t:|1783772669
|switch|p2b: Incineroar|Incineroar, L50, F|100/100
|-ability|p2b: Incineroar|Intimidate|boost
|-unboost|p1a: Sylveon|atk|1
|turn|5
|
|t:|1783772682
|move|p1a: Sylveon|Detect|p1a: Sylveon
|-singleturn|p1a: Sylveon|Protect
|move|p2b: Incineroar|Fake Out|p1a: Sylveon
|-activate|p1a: Sylveon|move: Protect
|move|p2a: Blastoise|Dark Pulse|p1a: Sylveon
|-activate|p1a: Sylveon|move: Protect
|
|-weather|none
|upkeep
|turn|6
|
|t:|1783772693
|move|p2a: Blastoise|Protect|p2a: Blastoise
|-singleturn|p2a: Blastoise|Protect
|move|p1a: Sylveon|Hyper Voice|p2b: Incineroar|[spread] p2b
|-activate|p2a: Blastoise|move: Protect
|-damage|p2b: Incineroar|62/100
|move|p2b: Incineroar|Flare Blitz|p1a: Sylveon
|-damage|p1a: Sylveon|0 fnt
|faint|p1a: Sylveon
|-damage|p2b: Incineroar|59/100|[from] Recoil
|
|win|selmir suljkanovic
||Orion11Vgc is ready for game 2.
||selmir suljkanovic is ready for game 2.
|uhtml|next|Next: Game 2 of 3
|l|☆Orion11Vgc
|player|p1|
