|j|☆lqnoble
|j|☆kastusdiea
|html|lqnoblekastusdiea    
|uhtml|bestof|Game 1 of a best-of-3
|t:|1757923950
|gametype|doubles
|player|p1|lqnoble|psychic|1044
|player|p2|kastusdiea|policeman-gen4|1055
|gen|9
|tier|[Gen 9] VGC 2025 Reg H (Bo3)
|rated|
|rule|Species Clause: Limit one of each Pokémon
|rule|Item Clause: Limit 1 of each item
|clearpoke
|poke|p1|Whimsicott, L50, F|
|poke|p1|Incineroar, L50, F|
|poke|p1|Volcarona, L50, M|
|poke|p1|Primarina, L50, F|
|poke|p1|Gholdengo, L50|
|poke|p1|Porygon2, L50|
|poke|p2|Sylveon, L50, F|
|poke|p2|Kingambit, L50, F|
|poke|p2|Haxorus, L50, F|
|poke|p2|Volcarona, L50, M|
|poke|p2|Tauros-Paldea-Aqua, L50, M|
|poke|p2|Weezing, L50, M|
|teampreview|4
|showteam|p1|Whimsicott||CovertCloak|Prankster|DazzlingGleam,Tailwind,Taunt,Uturn|||F|||50|,,,,,Fire]Incineroar||RockyHelmet|Intimidate|FakeOut,PartingShot,FlareBlitz,KnockOff|||F|||50|,,,,,Ghost]Volcarona||ClearAmulet|FlameBody|QuiverDance,FieryDance,BugBuzz,Protect|||M|||50|,,,,,Bug]Primarina||ChoiceSpecs|LiquidVoice|HyperVoice,DazzlingGleam,IcyWind,TeraBlast|||F|||50|,,,,,Ghost]Gholdengo||Leftovers|GoodasGold|MakeItRain,Protect,ShadowBall,NastyPlot||||||50|,,,,,Water]Porygon2||Eviolite|Download|IceBeam,TeraBlast,Protect,TrickRoom||||||50|,,,,,Fighting
|showteam|p2|Sylveon||FairyFeather|Pixilate|Moonblast,ShadowBall,HyperVoice,Protect|||F|||50|,,,,,Ghost]Kingambit||AssaultVest|Defiant|IronHead,SuckerPunch,KowtowCleave,LowKick|||F|||50|,,,,,Steel]Haxorus||ChoiceScarf|MoldBreaker|Outrage,StompingTantrum,CloseCombat,DragonClaw|||F|||50|,,,,,Dragon]Volcarona||CovertCloak|FlameBody|HeatWave,TeraBlast,QuiverDance,Protect|||M|||50|,,,,,Fairy]Tauros-Paldea-Aqua||AbilityShield|Intimidate|WaveCrash,CloseCombat,AquaJet,Protect|||M|||50|,,,,,Water]Weezing||SitrusBerry|NeutralizingGas|WillOWisp,Protect,SludgeBomb,Taunt|||M|||50|,,,,,Water
|
|t:|1757923999
|teamsize|p1|4
|teamsize|p2|4
|start
|switch|p1a: Whimsicott|Whimsicott, L50, F|100/100
|switch|p1b: Gholdengo|Gholdengo, L50|100/100
|switch|p2a: Stollen|Weezing, L50, M, shiny|100/100
|switch|p2b: Zimtstern|Volcarona, L50, M, shiny|100/100
|-ability|p2a: Stollen|Neutralizing Gas
|turn|1
|
|t:|1757924045
|move|p1b: Gholdengo|Protect|p1b: Gholdengo
|-singleturn|p1b: Gholdengo|Protect
|move|p1a: Whimsicott|Tailwind|p1a: Whimsicott
|-sidestart|p1: lqnoble|move: Tailwind
|move|p2b: Zimtstern|Quiver Dance|p2b: Zimtstern
|-boost|p2b: Zimtstern|spa|1
|-boost|p2b: Zimtstern|spd|1
|-boost|p2b: Zimtstern|spe|1
|move|p2a: Stollen|Taunt|p1b: Gholdengo
|-activate|p1b: Gholdengo|move: Protect
|
|upkeep
|turn|2
|
|t:|1757924077
|move|p1a: Whimsicott|Taunt|p2a: Stollen
|-start|p2a: Stollen|move: Taunt
|move|p2b: Zimtstern|Heat Wave|p1b: Gholdengo|[spread] p1a,p1b
|-supereffective|p1a: Whimsicott
|-supereffective|p1b: Gholdengo
|-damage|p1a: Whimsicott|0 fnt
|-damage|p1b: Gholdengo|7/100
|faint|p1a: Whimsicott
|move|p1b: Gholdengo|Shadow Ball|p2a: Stollen
|-damage|p2a: Stollen|62/100
|move|p2a: Stollen|Sludge Bomb|p1b: Gholdengo
|-immune|p1b: Gholdengo
|
|-heal|p1b: Gholdengo|13/100|[from] item: Leftovers
|upkeep
|
|t:|1757924089
|switch|p1a: Incineroar|Incineroar, L50, F|100/100
|turn|3
|
|t:|1757924130
|switch|p1b: Primarina|Primarina, L50, F|100/100
|move|p2b: Zimtstern|Protect|p2b: Zimtstern
|-singleturn|p2b: Zimtstern|Protect
|move|p1a: Incineroar|Flare Blitz|p2a: Stollen
|-damage|p2a: Stollen|18/100
|-enditem|p2a: Stollen|Sitrus Berry|[eat]
|-heal|p2a: Stollen|43/100|[from] item: Sitrus Berry
|-damage|p1a: Incineroar|88/100|[from] Recoil
|move|p2a: Stollen|Sludge Bomb|p1a: Incineroar
|-damage|p1a: Incineroar|65/100
|
|upkeep
|turn|4
|
|t:|1757924176
|switch|p1a: Gholdengo|Gholdengo, L50|13/100
|-terastallize|p2b: Zimtstern|Fairy
|move|p2b: Zimtstern|Quiver Dance|p2b: Zimtstern
|-boost|p2b: Zimtstern|spa|1
|-boost|p2b: Zimtstern|spd|1
|-boost|p2b: Zimtstern|spe|1
|move|p1b: Primarina|Hyper Voice|p2b: Zimtstern|[spread] p2a,p2b
|-damage|p2a: Stollen|10/100
|-damage|p2b: Zimtstern|83/100
|move|p2a: Stollen|Sludge Bomb|p1b: Primarina
|-supereffective|p1b: Primarina
|-damage|p1b: Primarina|53/100
|
|-heal|p1a: Gholdengo|19/100|[from] item: Leftovers
|-end|p2a: Stollen|move: Taunt
|-sideend|p1: lqnoble|move: Tailwind
|upkeep
|turn|5
|
|t:|1757924209
|switch|p1a: Incineroar|Incineroar, L50, F|65/100
|move|p2a: Stollen|Protect|p2a: Stollen
|-singleturn|p2a: Stollen|Protect
|move|p2b: Zimtstern|Heat Wave|p1a: Incineroar|[spread] p1a,p1b
|-resisted|p1a: Incineroar
|-resisted|p1b: Primarina
|-damage|p1a: Incineroar|40/100
|-damage|p1b: Primarina|25/100
|move|p1b: Primarina|Hyper Voice|p2a: Stollen|[spread] p2b
|-activate|p2a: Stollen|move: Protect
|-damage|p2b: Zimtstern|67/100
|
|upkeep
|turn|6
|
|t:|1757924234
|-end|p2a: Stollen|ability: Neutralizing Gas
|-ability|p1a: Incineroar|Intimidate|boost
|-unboost|p2a: Stollen|atk|1
|-unboost|p2b: Zimtstern|atk|1
|switch|p2a: Tauros|Tauros-Paldea-Aqua, L50, M|100/100
|-ability|p2a: Tauros|Intimidate|boost
|-unboost|p1a: Incineroar|atk|1
|-unboost|p1b: Primarina|atk|1
|move|p2b: Zimtstern|Tera Blast|p1b: Primarina|[anim] Tera Blast Fairy
|-damage|p1b: Primarina|0 fnt
|faint|p1b: Primarina
|move|p1a: Incineroar|Parting Shot|p2b: Zimtstern
|-unboost|p2b: Zimtstern|atk|1
|-unboost|p2b: Zimtstern|spa|1
|
|t:|1757924247
|switch|p1a: Gholdengo|Gholdengo, L50|19/100|[from] Parting Shot
|
|-heal|p1a: Gholdengo|25/100|[from] item: Leftovers
|upkeep
|
|t:|1757924251
|switch|p1b: Incineroar|Incineroar, L50, F|40/100
|-ability|p1b: Incineroar|Intimidate|boost
|-unboost|p2a: Tauros|atk|1
|-unboost|p2b: Zimtstern|atk|1
|turn|7
|
|t:|1757924272
|switch|p2a: Kingambit|Kingambit, L50, F|100/100
|move|p1b: Incineroar|Fake Out|p2b: Zimtstern
|-damage|p2b: Zimtstern|53/100
|move|p2b: Zimtstern|Heat Wave|p1a: Gholdengo|[spread] p1a,p1b
|-supereffective|p1a: Gholdengo
|-resisted|p1b: Incineroar
|-damage|p1a: Gholdengo|0 fnt
|-damage|p1b: Incineroar|20/100
|faint|p1a: Gholdengo
|
|upkeep
|turn|8
|inactive|Battle timer is ON: inactive players will automatically lose when time's up. (requested by kastusdiea)
|-message|lqnoble forfeited.
|
|win|kastusdiea
||lqnoble is ready for game 2.
||kastusdiea is ready for game 2.
|uhtml|next|Next: Game 2 of 3
|l|☆kastusdiea
|player|p2|
|l|☆lqnoble
|player|p1|
