|j|‽Chewe_60111
|j|☆theboyparris
|html|Chewe_60111theboyparris    
|uhtml|bestof|Game 3 of a best-of-3
|t:|1785972605
|gametype|doubles
|player|p1|Chewe_60111|102|1202
|player|p2|theboyparris|102|1329
|gen|9
|tier|[Gen 9 Champions] VGC 2026 Reg M-B (Bo3)
|rated|
|rule|Species Clause: Limit one of each Pokémon
|rule|Item Clause: Limit 1 of each item
|clearpoke
|poke|p1|Staraptor, L50, M|
|poke|p1|Arcanine-Hisui, L50, M|
|poke|p1|Kingambit, L50, M|
|poke|p1|Raichu, L50, M|
|poke|p1|Farigiraf, L50, F|
|poke|p1|Sylveon, L50, M|
|poke|p2|Metagross, L50|
|poke|p2|Ceruledge, L50, M|
|poke|p2|Kommo-o, L50, M|
|poke|p2|Serperior, L50, F|
|poke|p2|Weavile, L50, M|
|poke|p2|Swampert, L50, F|
|teampreview|4
|showteam|p1|Staraptor||Staraptite|Intimidate|DualWingbeat,CloseCombat,Protect,Tailwind|Jolly||M|||50|]Arcanine-Hisui||FocusSash|RockHead|HeadSmash,FlareBlitz,ExtremeSpeed,Protect|Adamant||M|||50|]Kingambit||LifeOrb|Defiant|SuckerPunch,KowtowCleave,SwordsDance,Protect|Adamant||M|||50|]Raichu||RaichuniteY|LightningRod|ZapCannon,Protect,FakeOut,VoltSwitch|Timid||M|||50|]Farigiraf||SitrusBerry|ArmorTail|Psychic,TrickRoom,Protect,HelpingHand|Bold||F|||50|]Sylveon||FairyFeather|Pixilate|HyperVoice,HyperBeam,QuickAttack,Detect|Modest||M|||50|
|showteam|p2|Metagross||Metagrossite|ClearBody|HardPress,BodyPress,PsychicFangs,Protect|Jolly|||||50|]Ceruledge||LifeOrb|FlashFire|BitterBlade,ShadowSneak,BulkUp,Protect|Adamant||M|||50|]Kommo-o||DragonFang|Bulletproof|ClangingScales,Flamethrower,ClangorousSoul,Protect|Timid||M|||50|]Serperior||WideLens|Contrary|LeafStorm,LightScreen,Reflect,Glare|Timid||F|||50|]Weavile||FocusSash|Pickpocket|KnockOff,IceSpinner,LowKick,FakeOut|Jolly||M|||50|]Swampert||SitrusBerry|Damp|HighHorsepower,WaveCrash,WideGuard,Yawn|Adamant||F|||50|
|inactive|Battle timer is ON: inactive players will automatically lose when time's up. (requested by theboyparris)
|inactive|Chewe_60111 has 60 seconds left.
|inactive|theboyparris has 60 seconds left.
|
|t:|1785972643
|teamsize|p1|4
|teamsize|p2|4
|start
|switch|p1a: Staraptor|Staraptor, L50, M|100/100
|switch|p1b: Sylveon|Sylveon, L50, M|100/100
|switch|p2a: Swampert|Swampert, L50, F|100/100
|switch|p2b: Metagross|Metagross, L50|100/100
|-ability|p1a: Staraptor|Intimidate|boost
|-unboost|p2a: Swampert|atk|1
|-fail|p2b: Metagross|unboost|[from] ability: Clear Body|[of] p2b: Metagross
|turn|1
|
|t:|1785972666
|detailschange|p1a: Staraptor|Staraptor-Mega, L50, M
|-mega|p1a: Staraptor|Staraptor|Staraptite
|detailschange|p2b: Metagross|Metagross-Mega, L50
|-mega|p2b: Metagross|Metagross|Metagrossite
|move|p2a: Swampert|Wide Guard|p2a: Swampert
|-singleturn|p2a: Swampert|Wide Guard
|move|p1a: Staraptor|Tailwind|p1a: Staraptor
|-sidestart|p1: Chewe_60111|move: Tailwind
|move|p2b: Metagross|Psychic Fangs|p1a: Staraptor
|-supereffective|p1a: Staraptor|1
|-damage|p1a: Staraptor|0 fnt
|faint|p1a: Staraptor
|move|p1b: Sylveon|Hyper Voice|p2b: Metagross|[spread] 
|-activate|p2a: Swampert|move: Wide Guard
|-activate|p2b: Metagross|move: Wide Guard
|
|upkeep
|inactive|Chewe_60111 has 30 seconds left.
|
|t:|1785972700
|switch|p1a: Arcanine|Arcanine-Hisui, L50, M|100/100
|turn|2
|
|t:|1785972719
|move|p1a: Arcanine|Flare Blitz|p2b: Metagross
|-supereffective|p2b: Metagross|1
|-damage|p2b: Metagross|6/100
|move|p2b: Metagross|Hard Press|p1b: Sylveon
|-supereffective|p1b: Sylveon|1
|-damage|p1b: Sylveon|0 fnt
|faint|p1b: Sylveon
|move|p2a: Swampert|High Horsepower|p1a: Arcanine
|-supereffective|p1a: Arcanine|2
|-enditem|p1a: Arcanine|Focus Sash
|-damage|p1a: Arcanine|1/100
|
|upkeep
|
|t:|1785972731
|switch|p1b: Kingambit|Kingambit, L50, M|100/100
|turn|3
|
|t:|1785972754
|move|p1a: Arcanine|Flare Blitz|p2b: Metagross
|-supereffective|p2b: Metagross|1
|-damage|p2b: Metagross|0 fnt
|faint|p2b: Metagross
|move|p1b: Kingambit|Kowtow Cleave|p2a: Swampert
|-damage|p2a: Swampert|40/100
|-enditem|p2a: Swampert|Sitrus Berry|[eat]
|-heal|p2a: Swampert|65/100|[from] item: Sitrus Berry
|-damage|p1b: Kingambit|90/100|[from] item: Life Orb
|move|p2a: Swampert|Yawn|p1b: Kingambit
|-start|p1b: Kingambit|move: Yawn|[of] p2a: Swampert
|
|upkeep
|
|t:|1785972760
|switch|p2b: Weavile|Weavile, L50, M|100/100
|turn|4
|inactive|Chewe_60111 has 30 seconds left.
|inactive|Chewe_60111 has 20 seconds left.
|inactive|Chewe_60111 has 15 seconds left.
|inactive|Chewe_60111 has 10 seconds left.
|
|t:|1785972808
|move|p2b: Weavile|Fake Out|p1b: Kingambit
|-resisted|p1b: Kingambit|1
|-damage|p1b: Kingambit|85/100
|move|p1a: Arcanine|Flare Blitz|p2b: Weavile
|-supereffective|p2b: Weavile|1
|-enditem|p2b: Weavile|Focus Sash
|-damage|p2b: Weavile|1/100
|cant|p1b: Kingambit|flinch
|move|p2a: Swampert|Wave Crash|p1a: Arcanine
|-supereffective|p1a: Arcanine|2
|-damage|p1a: Arcanine|0 fnt
|faint|p1a: Arcanine
|-damage|p2a: Swampert|65/100|[from] Recoil
|
|-end|p1b: Kingambit|move: Yawn|[silent]
|-status|p1b: Kingambit|slp
|-sideend|p1: Chewe_60111|move: Tailwind
|upkeep
|turn|5
|-message|Chewe_60111 forfeited.
|
|win|theboyparris
|raw|Chewe_60111's rating: 1202 → 1186(-16 for losing)
|raw|theboyparris's rating: 1329 → 1342(+13 for winning)
|l|‽Chewe_60111
|player|p1|
