|j|☆maza2
|j|☆egeppl6no.1
|html|maza2egeppl6no.1    
|uhtml|bestof|Game 2 of a best-of-3
|t:|1756444111
|gametype|doubles
|player|p1|maza2|roxie|1142
|player|p2|egeppl6no.1|silver|1089
|gen|9
|tier|[Gen 9] VGC 2025 Reg H (Bo3)
|rated|
|rule|Species Clause: Limit one of each Pokémon
|rule|Item Clause: Limit 1 of each item
|clearpoke
|poke|p1|Politoed, L50, M|
|poke|p1|Kingdra, L50, F|
|poke|p1|Archaludon, L50, M|
|poke|p1|Gothitelle, L50, F|
|poke|p1|Incineroar, L50, F|
|poke|p1|Amoonguss, L50, M|
|poke|p2|Gyarados, L50, M|
|poke|p2|Sneasler, L50, M|
|poke|p2|Indeedee, L50, M|
|poke|p2|Volcarona, L50, F|
|poke|p2|Ursaluna-Bloodmoon, L50, M|
|poke|p2|Tyranitar, L50, M|
|teampreview|4
|showteam|p1|Politoed||Leftovers|Drizzle|Encore,Protect,PerishSong,WeatherBall|||M|||50|,,,,,Grass]Kingdra||LifeOrb|SwiftSwim|MuddyWater,DracoMeteor,WeatherBall,Protect|||F|||50|,,,,,Stellar]Archaludon||PowerHerb|Sturdy|ElectroShot,DragonPulse,FlashCannon,Protect|||M|||50|,,,,,Electric]Gothitelle||SitrusBerry|ShadowTag|FakeOut,Psychic,Protect,TrickRoom|||F|||50|,,,,,Dark]Incineroar||SafetyGoggles|Intimidate|FakeOut,PartingShot,KnockOff,Protect|||F|||50|,,,,,Ghost]Amoonguss||EjectButton|Regenerator|PollenPuff,RagePowder,Spore,Protect|||M|||50|,,,,,Fairy
|showteam|p2|Gyarados||SafetyGoggles|Intimidate|Taunt,ThunderWave,Waterfall,Protect|||M|||50|,,,,,Steel]Sneasler||PsychicSeed|Unburden|CloseCombat,DireClaw,ThroatChop,Protect|||M|||50|,,,,,Dark]Indeedee||ChoiceScarf|PsychicSurge|ExpandingForce,TeraBlast,Trick,Protect|||M|||50|,,,,,Psychic]Volcarona||SitrusBerry|FlameBody|Overheat,StruggleBug,RagePowder,Tailwind|||F|||50|,,,,,Grass]Ursaluna-Bloodmoon||LifeOrb|MindsEye|HyperVoice,BloodMoon,EarthPower,Protect|||M|||50|,,,,,Normal]Tyranitar||AssaultVest|SandStream|LowKick,TeraBlast,KnockOff,RockSlide|||M|||50|,,,,,Flying
|inactive|Battle timer is ON: inactive players will automatically lose when time's up. (requested by maza2)
|
|t:|1756444151
|teamsize|p1|4
|teamsize|p2|4
|start
|switch|p1a: Incineroar|Incineroar, L50, F|100/100
|switch|p1b: Amoonguss|Amoonguss, L50, M, shiny|100/100
|switch|p2a: Gyarados|Gyarados, L50, M, shiny|100/100
|switch|p2b: Ursaluna|Ursaluna-Bloodmoon, L50, M|100/100
|-ability|p2a: Gyarados|Intimidate|boost
|-unboost|p1a: Incineroar|atk|1
|-unboost|p1b: Amoonguss|atk|1
|-ability|p1a: Incineroar|Intimidate|boost
|-unboost|p2a: Gyarados|atk|1
|-unboost|p2b: Ursaluna|atk|1
|turn|1
|inactive|maza2 has 30 seconds left.
|inactive|maza2 has 20 seconds left.
|inactive|maza2 has 15 seconds left.
|inactive|maza2 has 10 seconds left.
|
|t:|1756444199
|switch|p2a: Indeedee|Indeedee, L50, M, shiny|100/100
|-fieldstart|move: Psychic Terrain|[from] ability: Psychic Surge|[of] p2a: Indeedee
|-terastallize|p2b: Ursaluna|Normal
|move|p1a: Incineroar|Parting Shot|p2b: Ursaluna
|-unboost|p2b: Ursaluna|atk|1
|-unboost|p2b: Ursaluna|spa|1
|
|t:|1756444207
|switch|p1a: Gothitelle|Gothitelle, L50, F|100/100|[from] Parting Shot
|move|p2b: Ursaluna|Blood Moon|p1b: Amoonguss
|-damage|p1b: Amoonguss|14/100
|-enditem|p1b: Amoonguss|Eject Button
|-damage|p2b: Ursaluna|91/100|[from] item: Life Orb
|
|t:|1756444217
|switch|p1b: Politoed|Politoed, L50, M|100/100
|-weather|RainDance|[from] ability: Drizzle|[of] p1b: Politoed
|
|-weather|RainDance|[upkeep]
|upkeep
|turn|2
|
|t:|1756444235
|switch|p1a: Incineroar|Incineroar, L50, F|100/100
|-ability|p1a: Incineroar|Intimidate|boost
|-unboost|p2a: Indeedee|atk|1
|-unboost|p2b: Ursaluna|atk|1
|move|p1b: Politoed|Protect|p1b: Politoed
|-singleturn|p1b: Politoed|Protect
|move|p2a: Indeedee|Expanding Force|p1a: Incineroar|[spread] 
|-activate|p1b: Politoed|move: Protect
|-immune|p1a: Incineroar
|move|p2b: Ursaluna|Hyper Voice|p1a: Incineroar|[spread] p1a
|-activate|p1b: Politoed|move: Protect
|-damage|p1a: Incineroar|67/100
|-damage|p2b: Ursaluna|81/100|[from] item: Life Orb
|
|-weather|RainDance|[upkeep]
|upkeep
|turn|3
|inactive|maza2 has 30 seconds left.
|inactive|egeppl6no.1 has 30 seconds left.
|inactive|egeppl6no.1 has 20 seconds left.
|inactive|egeppl6no.1 has 15 seconds left.
|inactive|egeppl6no.1 has 10 seconds left.
|
|t:|1756444282
|move|p2a: Indeedee|Expanding Force|p1a: Incineroar|[spread] p1b
|-immune|p1a: Incineroar
|-damage|p1b: Politoed|57/100
|move|p1b: Politoed|Perish Song|p1b: Politoed
|-start|p1a: Incineroar|perish3|[silent]
|-start|p1b: Politoed|perish3|[silent]
|-start|p2a: Indeedee|perish3|[silent]
|-start|p2b: Ursaluna|perish3|[silent]
|-fieldactivate|move: Perish Song
|move|p1a: Incineroar|Parting Shot|p2b: Ursaluna
|-unboost|p2b: Ursaluna|atk|1
|-unboost|p2b: Ursaluna|spa|1
|
|t:|1756444305
|switch|p1a: Gothitelle|Gothitelle, L50, F|100/100|[from] Parting Shot
|move|p2b: Ursaluna|Blood Moon|p1b: Politoed
|-damage|p1b: Politoed|0 fnt
|faint|p1b: Politoed
|-damage|p2b: Ursaluna|72/100|[from] item: Life Orb
|
|-weather|RainDance|[upkeep]
|-start|p2a: Indeedee|perish3
|-start|p2b: Ursaluna|perish3
|upkeep
|
|t:|1756444315
|switch|p1b: Incineroar|Incineroar, L50, F|67/100
|-ability|p1b: Incineroar|Intimidate|boost
|-unboost|p2a: Indeedee|atk|1
|-unboost|p2b: Ursaluna|atk|1
|turn|4
|inactive|maza2 has 30 seconds left.
|inactive|maza2 has 20 seconds left.
|inactive|maza2 has 15 seconds left.
|
|t:|1756444358
|move|p2a: Indeedee|Expanding Force|p1a: Gothitelle|[spread] p1a
|-immune|p1b: Incineroar
|-resisted|p1a: Gothitelle
|-damage|p1a: Gothitelle|75/100
|move|p1a: Gothitelle|Psychic|p2b: Ursaluna
|-damage|p2b: Ursaluna|32/100
|move|p1b: Incineroar|Parting Shot|p2b: Ursaluna
|-unboost|p2b: Ursaluna|atk|1
|-unboost|p2b: Ursaluna|spa|1
|
|t:|1756444368
|switch|p1b: Amoonguss|Amoonguss, L50, M, shiny|47/100|[from] Parting Shot
|move|p2b: Ursaluna|Hyper Voice|p1a: Gothitelle|[spread] p1a,p1b
|-damage|p1a: Gothitelle|51/100
|-damage|p1b: Amoonguss|17/100
|-damage|p2b: Ursaluna|22/100|[from] item: Life Orb
|
|-weather|RainDance|[upkeep]
|-start|p2a: Indeedee|perish2
|-start|p2b: Ursaluna|perish2
|upkeep
|turn|5
|
|t:|1756444387
|switch|p1b: Incineroar|Incineroar, L50, F|67/100
|-ability|p1b: Incineroar|Intimidate|boost
|-unboost|p2a: Indeedee|atk|1
|-unboost|p2b: Ursaluna|atk|0
|move|p1a: Gothitelle|Protect|p1a: Gothitelle
|-singleturn|p1a: Gothitelle|Protect
|move|p2a: Indeedee|Expanding Force|p1b: Incineroar|[spread] 
|-activate|p1a: Gothitelle|move: Protect
|-immune|p1b: Incineroar
|move|p2b: Ursaluna|Blood Moon|p1a: Gothitelle
|-activate|p1a: Gothitelle|move: Protect
|
|-weather|none
|-start|p2a: Indeedee|perish1
|-start|p2b: Ursaluna|perish1
|-fieldend|move: Psychic Terrain
|upkeep
|turn|6
|inactive|maza2 has 30 seconds left.
|
|t:|1756444421
|-terastallize|p1a: Gothitelle|Dark
|move|p1b: Incineroar|Fake Out|p2b: Ursaluna
|-damage|p2b: Ursaluna|14/100
|move|p2a: Indeedee|Expanding Force|p1a: Gothitelle
|-immune|p1a: Gothitelle
|cant|p2b: Ursaluna|flinch
|move|p1a: Gothitelle|Trick Room|p1a: Gothitelle
|-fieldstart|move: Trick Room|[of] p1a: Gothitelle
|
|-start|p2b: Ursaluna|perish0
|-start|p2a: Indeedee|perish0
|faint|p2b: Ursaluna
|faint|p2a: Indeedee
|upkeep
|
|t:|1756444432
|switch|p2b: Tyranitar|Tyranitar, L50, M, shiny|100/100
|switch|p2a: Gyarados|Gyarados, L50, M, shiny|100/100
|-weather|Sandstorm|[from] ability: Sand Stream|[of] p2b: Tyranitar
|-ability|p2a: Gyarados|Intimidate|boost
|-unboost|p1a: Gothitelle|atk|1
|-unboost|p1b: Incineroar|atk|1
|turn|7
|inactive|egeppl6no.1 has 30 seconds left.
|
|t:|1756444462
|switch|p1b: Amoonguss|Amoonguss, L50, M, shiny|50/100
|move|p1a: Gothitelle|Psychic|p2a: Gyarados
|-damage|p2a: Gyarados|75/100
|move|p2b: Tyranitar|Knock Off|p1a: Gothitelle
|-resisted|p1a: Gothitelle
|-damage|p1a: Gothitelle|28/100
|-enditem|p1a: Gothitelle|Sitrus Berry|[from] move: Knock Off|[of] p2b: Tyranitar
|move|p2a: Gyarados|Taunt|p1b: Amoonguss
|-start|p1b: Amoonguss|move: Taunt
|
|-weather|Sandstorm|[upkeep]
|-damage|p1b: Amoonguss|44/100|[from] Sandstorm
|-damage|p1a: Gothitelle|22/100|[from] Sandstorm
|upkeep
|turn|8
|
|t:|1756444482
|move|p1b: Amoonguss|Pollen Puff|p1a: Gothitelle
|-heal|p1a: Gothitelle|72/100
|move|p1a: Gothitelle|Psychic|p2a: Gyarados
|-damage|p2a: Gyarados|50/100
|move|p2b: Tyranitar|Rock Slide|p1b: Amoonguss|[spread] p1a,p1b
|-damage|p1a: Gothitelle|46/100
|-damage|p1b: Amoonguss|23/100
|move|p2a: Gyarados|Waterfall|p1b: Amoonguss
|-resisted|p1b: Amoonguss
|-damage|p1b: Amoonguss|10/100
|
|-weather|Sandstorm|[upkeep]
|-damage|p1b: Amoonguss|5/100|[from] Sandstorm
|-damage|p1a: Gothitelle|40/100|[from] Sandstorm
|upkeep
|turn|9
|inactive|egeppl6no.1 has 30 seconds left.
|
|t:|1756444507
|switch|p1b: Incineroar|Incineroar, L50, F|67/100
|-ability|p1b: Incineroar|Intimidate|boost
|-unboost|p2a: Gyarados|atk|1
|-unboost|p2b: Tyranitar|atk|1
|move|p1a: Gothitelle|Psychic|p2a: Gyarados
|-damage|p2a: Gyarados|25/100
|move|p2b: Tyranitar|Rock Slide|p1a: Gothitelle|[spread] p1a,p1b
|-supereffective|p1b: Incineroar
|-damage|p1a: Gothitelle|22/100
|-damage|p1b: Incineroar|32/100
|move|p2a: Gyarados|Waterfall|p1b: Incineroar
|-supereffective|p1b: Incineroar
|-damage|p1b: Incineroar|0 fnt
|faint|p1b: Incineroar
|
|-weather|Sandstorm|[upkeep]
|-damage|p1a: Gothitelle|17/100|[from] Sandstorm
|upkeep
|
|t:|1756444519
|switch|p1b: Amoonguss|Amoonguss, L50, M, shiny|38/100
|turn|10
|
|t:|1756444543
|move|p1b: Amoonguss|Pollen Puff|p1a: Gothitelle
|-heal|p1a: Gothitelle|67/100
|move|p1a: Gothitelle|Psychic|p2a: Gyarados
|-damage|p2a: Gyarados|0 fnt
|faint|p2a: Gyarados
|move|p2b: Tyranitar|Rock Slide|p1b: Amoonguss|[spread] p1a,p1b
|-damage|p1a: Gothitelle|47/100
|-damage|p1b: Amoonguss|22/100
|
|-weather|Sandstorm|[upkeep]
|-damage|p1b: Amoonguss|16/100|[from] Sandstorm
|-damage|p1a: Gothitelle|41/100|[from] Sandstorm
|-fieldend|move: Trick Room
|upkeep
|turn|11
|
|t:|1756444568
|move|p1b: Amoonguss|Protect|p1b: Amoonguss
|-singleturn|p1b: Amoonguss|Protect
|move|p2b: Tyranitar|Knock Off|p1b: Amoonguss
|-activate|p1b: Amoonguss|move: Protect
|move|p1a: Gothitelle|Trick Room|p1a: Gothitelle
|-fieldstart|move: Trick Room|[of] p1a: Gothitelle
|
|-weather|none
|upkeep
|turn|12
|
|t:|1756444586
|move|p1a: Gothitelle|Fake Out||[still]
|-hint|Fake Out only works on your first turn out.
|-fail|p1a: Gothitelle
|move|p1b: Amoonguss|Spore|p2b: Tyranitar
|-status|p2b: Tyranitar|slp|[from] move: Spore
|cant|p2b: Tyranitar|slp
|
|upkeep
|turn|13
|
|t:|1756444608
|move|p1b: Amoonguss|Pollen Puff|p2b: Tyranitar
|-supereffective|p2b: Tyranitar
|-damage|p2b: Tyranitar|81/100 slp
|move|p1a: Gothitelle|Psychic|p2b: Tyranitar
|-immune|p2b: Tyranitar
|-curestatus|p2b: Tyranitar|slp|[msg]
|move|p2b: Tyranitar|Knock Off|p1b: Amoonguss
|-damage|p1b: Amoonguss|0 fnt
|faint|p1b: Amoonguss
|
|upkeep
|turn|14
|-message|maza2 forfeited.
|
|win|egeppl6no.1
|l|☆maza2
|player|p1|
||egeppl6no.1 is ready for game 3.
|inactive|maza2 has 30 seconds to confirm battle start!
|inactive|maza2 has 20 seconds to confirm battle start!
||maza2 is ready for game 3.
|uhtml|next|Next: Game 3 of 3
|l|☆egeppl6no.1
|player|p2|
|j|☆egeppl6no.1
|player|p2|egeppl6no.1|silver|
