|j|☆rorain fearow
|j|☆ShinzoFR
|html|rorain fearowShinzoFR    
|uhtml|bestof|Game 1 of a best-of-3
|t:|1757920214
|gametype|doubles
|player|p1|rorain fearow|birdkeeper|1092
|player|p2|ShinzoFR|102|1014
|gen|9
|tier|[Gen 9] VGC 2025 Reg H (Bo3)
|rated|
|rule|Species Clause: Limit one of each Pokémon
|rule|Item Clause: Limit 1 of each item
|clearpoke
|poke|p1|Ninetales-Alola, L50, M|
|poke|p1|Sneasler, L50, F|
|poke|p1|Dragonite, L50, F|
|poke|p1|Ceruledge, L50, M|
|poke|p1|Rillaboom, L50, F|
|poke|p1|Gastrodon, L50, F|
|poke|p2|Indeedee-F, L50, F|
|poke|p2|Gallade, L50, M|
|poke|p2|Torkoal, L50, F|
|poke|p2|Ursaluna, L50, F|
|poke|p2|Exeggutor, L50, M|
|poke|p2|Zoroark-Hisui, L50, M|
|teampreview|4
|showteam|p1|Ninetales-Alola||CovertCloak|SnowWarning|FreezeDry,Blizzard,AuroraVeil,Protect|||M|||50|,,,,,Water]Sneasler||FocusSash|Unburden|Coaching,CloseCombat,DireClaw,FakeOut|||F|||50|,,,,,Ghost]Dragonite||LumBerry|Multiscale|DragonDance,TeraBlast,ExtremeSpeed,Protect|||F|||50|,,,,,Flying]Ceruledge||GrassySeed|FlashFire|BitterBlade,ShadowSneak,SwordsDance,Protect|||M|||50|,,,,,Fairy]Rillaboom||MiracleSeed|GrassySurge|WoodHammer,GrassyGlide,HighHorsepower,FakeOut|||F|||50|,,,,,Ground]Gastrodon||AssaultVest|StormDrain|MuddyWater,HydroPump,EarthPower,MirrorCoat|||F|||50|,,,,,Fire
|showteam|p2|Indeedee-F||RockyHelmet|PsychicSurge|Psychic,HelpingHand,FollowMe,TrickRoom|||F|||50|,,,,,Grass]Gallade||ScopeLens|Sharpness|SacredSword,PsychoCut,TrickRoom,WideGuard|||M|||50|,,,,,Grass]Torkoal||Charcoal|Drought|Eruption,WeatherBall,ClearSmog,Protect|||F|||50|,,,,,Fire]Ursaluna||FlameOrb|Guts|Facade,HeadlongRush,Earthquake,Protect|||F|||50|,,,,,Ghost]Exeggutor||FocusSash|Chlorophyll|ExpandingForce,LeafStorm,SleepPowder,TrickRoom|||M|||50|,,,,,Psychic]Zoroark-Hisui||ChoiceSpecs|Illusion|HyperBeam,HyperVoice,ShadowBall,FocusBlast|||M|||50|,,,,,Normal
|inactive|Battle timer is ON: inactive players will automatically lose when time's up. (requested by ShinzoFR)
|inactive|ShinzoFR has 60 seconds left.
|
|t:|1757920273
|teamsize|p1|4
|teamsize|p2|4
|start
|switch|p1a: Gastrodon|Gastrodon, L50, F|100/100
|switch|p1b: Ninetales|Ninetales-Alola, L50, M|100/100
|switch|p2a: Indeedee|Indeedee-F, L50, F|100/100
|switch|p2b: Ursaluna|Ursaluna, L50, F|100/100
|-weather|Snowscape|[from] ability: Snow Warning|[of] p1b: Ninetales
|-fieldstart|move: Psychic Terrain|[from] ability: Psychic Surge|[of] p2a: Indeedee
|turn|1
|inactive|ShinzoFR has 30 seconds left.
|inactive|ShinzoFR has 20 seconds left.
|
|t:|1757920311
|-terastallize|p2b: Ursaluna|Normal
|move|p2b: Ursaluna|Hyper Voice|p1a: Gastrodon|[spread] p1a,p1b
|-damage|p1a: Gastrodon|62/100
|-damage|p1b: Ninetales|26/100
|move|p1b: Ninetales|Aurora Veil|p1b: Ninetales
|-sidestart|p1: rorain fearow|move: Aurora Veil
|move|p1a: Gastrodon|Muddy Water|p2a: Indeedee|[spread] p2a,p2b
|-crit|p2b: Ursaluna
|-damage|p2a: Indeedee|80/100
|-damage|p2b: Ursaluna|39/100
|replace|p2b: Zoroark|Zoroark-Hisui, L50, M
|-end|p2b: Zoroark|Illusion
|move|p2a: Indeedee|Trick Room|p2a: Indeedee
|-fieldstart|move: Trick Room|[of] p2a: Indeedee
|
|-weather|Snowscape|[upkeep]
|upkeep
|turn|2
|
|t:|1757920332
|move|p1a: Gastrodon|Muddy Water|p2b: Zoroark|[spread] p2b
|-miss|p1a: Gastrodon|p2a: Indeedee
|-damage|p2b: Zoroark|0 fnt
|faint|p2b: Zoroark
|move|p2a: Indeedee|Psychic|p1a: Gastrodon
|-damage|p1a: Gastrodon|47/100
|move|p1b: Ninetales|Blizzard|p2a: Indeedee
|-damage|p2a: Indeedee|46/100
|
|-weather|Snowscape|[upkeep]
|upkeep
|
|t:|1757920351
|switch|p2b: Torkoal|Torkoal, L50, F|100/100
|-weather|SunnyDay|[from] ability: Drought|[of] p2b: Torkoal
|turn|3
|
|t:|1757920358
|switch|p1b: Ceruledge|Ceruledge, L50, M|100/100
|move|p2a: Indeedee|Helping Hand|p2b: Torkoal
|-singleturn|p2b: Torkoal|Helping Hand|[of] p2a: Indeedee
|move|p2b: Torkoal|Eruption|p1a: Gastrodon|[spread] p1a
|-start|p1b: Ceruledge|ability: Flash Fire
|-resisted|p1a: Gastrodon
|-damage|p1a: Gastrodon|20/100
|move|p1a: Gastrodon|Mirror Coat|p2b: Torkoal
|-damage|p2b: Torkoal|33/100
|
|-weather|SunnyDay|[upkeep]
|upkeep
|turn|4
|inactive|rorain fearow has 30 seconds left.
|
|t:|1757920385
|switch|p2a: Ursaluna|Ursaluna, L50, F|100/100
|move|p2b: Torkoal|Weather Ball|p1a: Gastrodon
|-resisted|p1a: Gastrodon
|-damage|p1a: Gastrodon|5/100
|move|p1a: Gastrodon|Earth Power|p2b: Torkoal
|-supereffective|p2b: Torkoal
|-damage|p2b: Torkoal|0 fnt
|faint|p2b: Torkoal
|move|p1b: Ceruledge|Bitter Blade|p2a: Ursaluna
|-damage|p2a: Ursaluna|40/100
|
|-weather|SunnyDay|[upkeep]
|-status|p2a: Ursaluna|brn|[from] item: Flame Orb
|upkeep
|
|t:|1757920398
|switch|p2b: Indeedee|Indeedee-F, L50, F|46/100
|turn|5
|inactive|ShinzoFR has 30 seconds left.
|
|t:|1757920427
|move|p1b: Ceruledge|Protect|p1b: Ceruledge
|-singleturn|p1b: Ceruledge|Protect
|move|p1a: Gastrodon|Muddy Water|p2a: Ursaluna|[spread] p2a,p2b
|-supereffective|p2a: Ursaluna
|-damage|p2a: Ursaluna|23/100 brn
|-damage|p2b: Indeedee|36/100
|-unboost|p2a: Ursaluna|accuracy|1
|move|p2a: Ursaluna|Headlong Rush|p1b: Ceruledge
|-activate|p1b: Ceruledge|move: Protect
|move|p2b: Indeedee|Psychic|p1a: Gastrodon
|-damage|p1a: Gastrodon|0 fnt
|faint|p1a: Gastrodon
|
|-weather|SunnyDay|[upkeep]
|-damage|p2a: Ursaluna|17/100 brn|[from] brn
|-sideend|p1: rorain fearow|move: Aurora Veil
|-fieldend|move: Trick Room
|-fieldend|move: Psychic Terrain
|upkeep
|
|t:|1757920438
|switch|p1a: Ninetales|Ninetales-Alola, L50, M|26/100
|-weather|Snowscape|[from] ability: Snow Warning|[of] p1a: Ninetales
|turn|6
|
|t:|1757920446
|move|p2b: Indeedee|Helping Hand|p2a: Ursaluna
|-singleturn|p2a: Ursaluna|Helping Hand|[of] p2b: Indeedee
|move|p1a: Ninetales|Blizzard|p2a: Ursaluna|[spread] p2a,p2b
|-supereffective|p2a: Ursaluna
|-damage|p2a: Ursaluna|0 fnt
|-damage|p2b: Indeedee|8/100
|faint|p2a: Ursaluna
|move|p1b: Ceruledge|Bitter Blade|p2b: Indeedee
|-damage|p2b: Indeedee|0 fnt
|-damage|p1b: Ceruledge|84/100|[from] item: Rocky Helmet|[of] p2b: Indeedee
|faint|p2b: Indeedee
|
|win|rorain fearow
||ShinzoFR is ready for game 2.
||rorain fearow is ready for game 2.
|uhtml|next|Next: Game 2 of 3
