|j|☆akakafalls
|j|☆owbd
|html|akakafallsowbd    
|uhtml|bestof|Game 1 of a best-of-3
|t:|1785227851
|gametype|doubles
|player|p1|akakafalls|2|1115
|player|p2|owbd|cynthia-gen4|1206
|gen|9
|tier|[Gen 9 Champions] VGC 2026 Reg M-B (Bo3)
|rated|
|rule|Species Clause: Limit one of each Pokémon
|rule|Item Clause: Limit 1 of each item
|clearpoke
|poke|p1|Venusaur, L50, F|
|poke|p1|Charizard, L50, M|
|poke|p1|Incineroar, L50, F|
|poke|p1|Garchomp, L50, M|
|poke|p1|Annihilape, L50, M|
|poke|p1|Toxapex, L50, M|
|poke|p2|Charizard, L50, M, shiny|
|poke|p2|Floette-Eternal, L50, F|
|poke|p2|Kingambit, L50, M, shiny|
|poke|p2|Garchomp, L50, M, shiny|
|poke|p2|Basculegion, L50, M|
|poke|p2|Whimsicott, L50, F, shiny|
|teampreview|4
|showteam|p1|Venusaur||LifeOrb|Chlorophyll|Protect,SolarBeam,EarthPower,SludgeBomb|Modest||F|||50|]Charizard||CharizarditeY|Blaze|Protect,HeatWave,WeatherBall,HelpingHand|Modest||M|||50|]Incineroar||SitrusBerry|Intimidate|FakeOut,PartingShot,FlareBlitz,ThroatChop|Impish||F|||50|]Garchomp||ChoiceScarf|RoughSkin|DragonClaw,Earthquake,RockSlide,StompingTantrum|Adamant||M|||50|]Annihilape||FocusSash|Defiant|Protect,PhantomForce,CloseCombat,ThunderPunch|Jolly||M|||50|]Toxapex||Leftovers|Regenerator|BanefulBunker,WideGuard,Toxic,Infestation|Bold||M|||50|
|showteam|p2|Charizard||CharizarditeY|Blaze|HeatWave,WeatherBall,SolarBeam,Protect|Modest||M|||50|]Floette-Eternal||Floettite|FlowerVeil|Moonblast,DazzlingGleam,LightofRuin,Protect|Modest||F|||50|]Kingambit||BlackGlasses|Defiant|IronHead,KowtowCleave,SuckerPunch,Protect|Adamant||M|||50|]Garchomp||LifeOrb|RoughSkin|RockSlide,DragonClaw,Earthquake,Protect|Jolly||M|||50|]Basculegion||MysticWater|Adaptability|WaveCrash,LastRespects,AquaJet,Protect|Adamant||M|||50|]Whimsicott||FocusSash|Prankster|Moonblast,Encore,Tailwind,Protect|Timid||F|||50|
|inactive|Battle timer is ON: inactive players will automatically lose when time's up. (requested by owbd)
|inactive|akakafalls has 60 seconds left.
|
|t:|1785227894
|teamsize|p1|4
|teamsize|p2|4
|start
|switch|p1a: Charizard|Charizard, L50, M|100/100
|switch|p1b: Toxapex|Toxapex, L50, M|100/100
|switch|p2a: Basculegion|Basculegion, L50, M|100/100
|switch|p2b: Garchomp|Garchomp, L50, M, shiny|100/100
|turn|1
|
|t:|1785227914
|switch|p1a: Incineroar|Incineroar, L50, F|100/100
|-ability|p1a: Incineroar|Intimidate|boost
|-unboost|p2a: Basculegion|atk|1
|-unboost|p2b: Garchomp|atk|1
|move|p1b: Toxapex|Baneful Bunker|p1b: Toxapex
|-singleturn|p1b: Toxapex|move: Protect
|move|p2b: Garchomp|Rock Slide|p1a: Incineroar|[spread] p1a
|-activate|p1b: Toxapex|move: Protect
|-supereffective|p1a: Incineroar|1
|-damage|p1a: Incineroar|74/100
|-damage|p2b: Garchomp|90/100|[from] item: Life Orb
|move|p2a: Basculegion|Wave Crash|p1a: Incineroar
|-supereffective|p1a: Incineroar|1
|-damage|p1a: Incineroar|0 fnt
|faint|p1a: Incineroar
|-damage|p2a: Basculegion|74/100|[from] Recoil
|
|upkeep
|
|t:|1785227930
|switch|p1a: Charizard|Charizard, L50, M|100/100
|turn|2
|
|t:|1785227943
|detailschange|p1a: Charizard|Charizard-Mega-Y, L50, M
|-mega|p1a: Charizard|Charizard|Charizardite Y
|-weather|SunnyDay|[from] ability: Drought|[of] p1a: Charizard
|move|p1a: Charizard|Protect|p1a: Charizard
|-singleturn|p1a: Charizard|Protect
|move|p2b: Garchomp|Rock Slide|p1b: Toxapex|[spread] p1b
|-activate|p1a: Charizard|move: Protect
|-damage|p1b: Toxapex|88/100
|-damage|p2b: Garchomp|80/100|[from] item: Life Orb
|move|p2a: Basculegion|Wave Crash|p1a: Charizard
|-activate|p1a: Charizard|move: Protect
|cant|p1b: Toxapex|flinch
|
|-weather|SunnyDay|[upkeep]
|-heal|p1b: Toxapex|94/100|[from] item: Leftovers
|upkeep
|turn|3
|
|t:|1785227960
|switch|p1a: Venusaur|Venusaur, L50, F|100/100
|move|p2b: Garchomp|Rock Slide|p1b: Toxapex|[spread] p1a,p1b
|-damage|p1a: Venusaur|79/100
|-damage|p1b: Toxapex|82/100
|-damage|p2b: Garchomp|70/100|[from] item: Life Orb
|move|p2a: Basculegion|Wave Crash|p1a: Venusaur
|-resisted|p1a: Venusaur|1
|-damage|p1a: Venusaur|62/100
|-damage|p2a: Basculegion|70/100|[from] Recoil
|move|p1b: Toxapex|Toxic|p2b: Garchomp
|-status|p2b: Garchomp|tox
|
|-weather|SunnyDay|[upkeep]
|-heal|p1b: Toxapex|87/100|[from] item: Leftovers
|-damage|p2b: Garchomp|64/100 tox|[from] psn
|upkeep
|turn|4
|inactive|owbd has 30 seconds left.
|inactive|akakafalls has 30 seconds left.
|inactive|akakafalls has 20 seconds left.
|inactive|akakafalls has 15 seconds left.
|inactive|akakafalls has 10 seconds left.
|inactive|akakafalls has 5 seconds left.
|
|t:|1785228018
|switch|p2a: Charizard|Charizard, L50, M, shiny|100/100
|move|p1b: Toxapex|Wide Guard|p1b: Toxapex
|-singleturn|p1b: Toxapex|Wide Guard
|move|p1a: Venusaur|Solar Beam||[still]
|-prepare|p1a: Venusaur|Solar Beam
|-anim|p1a: Venusaur|Solar Beam|p2a: Charizard
|-resisted|p2a: Charizard|2
|-damage|p2a: Charizard|77/100
|-damage|p1a: Venusaur|52/100|[from] item: Life Orb
|move|p2b: Garchomp|Earthquake|p1b: Toxapex|[spread] 
|-activate|p1a: Venusaur|move: Wide Guard
|-activate|p1b: Toxapex|move: Wide Guard
|-immune|p2a: Charizard
|
|-weather|SunnyDay|[upkeep]
|-heal|p1b: Toxapex|93/100|[from] item: Leftovers
|-damage|p2b: Garchomp|52/100 tox|[from] psn
|upkeep
|turn|5
|inactive|akakafalls has 30 seconds left.
|
|t:|1785228047
|switch|p1a: Charizard|Charizard-Mega-Y, L50, M|100/100
|detailschange|p2a: Charizard|Charizard-Mega-Y, L50, M, shiny
|-mega|p2a: Charizard|Charizard|Charizardite Y
|move|p2b: Garchomp|Dragon Claw|p1b: Toxapex
|-damage|p1b: Toxapex|70/100
|-damage|p2b: Garchomp|42/100 tox|[from] item: Life Orb
|move|p2a: Charizard|Weather Ball|p1a: Charizard
|-resisted|p1a: Charizard|1
|-damage|p1a: Charizard|56/100
|move|p1b: Toxapex|Toxic|p2a: Charizard
|-status|p2a: Charizard|tox
|
|-weather|SunnyDay|[upkeep]
|-heal|p1b: Toxapex|76/100|[from] item: Leftovers
|-damage|p2b: Garchomp|25/100 tox|[from] psn
|-damage|p2a: Charizard|71/100 tox|[from] psn
|upkeep
|turn|6
|
|t:|1785228070
|move|p1a: Charizard|Protect|p1a: Charizard
|-singleturn|p1a: Charizard|Protect
|move|p2b: Garchomp|Rock Slide|p1a: Charizard|[spread] p1b
|-activate|p1a: Charizard|move: Protect
|-damage|p1b: Toxapex|65/100
|-damage|p2b: Garchomp|15/100 tox|[from] item: Life Orb
|move|p2a: Charizard|Weather Ball|p1a: Charizard
|-activate|p1a: Charizard|move: Protect
|cant|p1b: Toxapex|flinch
|
|-weather|none
|-heal|p1b: Toxapex|71/100|[from] item: Leftovers
|-damage|p2b: Garchomp|0 fnt|[from] psn
|faint|p2b: Garchomp
|-damage|p2a: Charizard|59/100 tox|[from] psn
|upkeep
|
|t:|1785228087
|switch|p2b: Basculegion|Basculegion, L50, M|70/100
|turn|7
|inactive|akakafalls has 30 seconds left.
|inactive|akakafalls has 20 seconds left.
|inactive|akakafalls has 15 seconds left.
|inactive|akakafalls has 10 seconds left.
|
|t:|1785228134
|switch|p2a: Kingambit|Kingambit, L50, M, shiny|100/100
|switch|p1a: Venusaur|Venusaur, L50, F|52/100
|move|p2b: Basculegion|Aqua Jet|p1a: Venusaur
|-resisted|p1a: Venusaur|1
|-damage|p1a: Venusaur|33/100
|move|p1b: Toxapex|Toxic|p2b: Basculegion
|-status|p2b: Basculegion|tox
|
|-heal|p1b: Toxapex|77/100|[from] item: Leftovers
|-damage|p2b: Basculegion|63/100 tox|[from] psn
|upkeep
|turn|8
|inactive|akakafalls has 30 seconds left.
|inactive|akakafalls has 20 seconds left.
|
|t:|1785228170
|move|p1a: Venusaur|Protect|p1a: Venusaur
|-singleturn|p1a: Venusaur|Protect
|move|p2a: Kingambit|Sucker Punch||[still]
|-fail|p2a: Kingambit
|move|p2b: Basculegion|Last Respects|p1b: Toxapex
|-damage|p1b: Toxapex|35/100
|move|p1b: Toxapex|Infestation|p2a: Kingambit
|-damage|p2a: Kingambit|96/100
|-activate|p2a: Kingambit|move: Infestation|[of] p1b: Toxapex
|
|-heal|p1b: Toxapex|40/100|[from] item: Leftovers
|-damage|p2b: Basculegion|51/100 tox|[from] psn
|-damage|p2a: Kingambit|84/100|[from] move: Infestation|[partiallytrapped]
|upkeep
|turn|9
|inactive|akakafalls has 30 seconds left.
|
|t:|1785228195
|move|p1a: Venusaur|Protect||[still]
|-fail|p1a: Venusaur
|move|p1b: Toxapex|Baneful Bunker|p1b: Toxapex
|-singleturn|p1b: Toxapex|move: Protect
|move|p2a: Kingambit|Sucker Punch||[still]
|-fail|p2a: Kingambit
|move|p2b: Basculegion|Last Respects|p1b: Toxapex
|-activate|p1b: Toxapex|move: Protect
|
|-heal|p1b: Toxapex|46/100|[from] item: Leftovers
|-damage|p2b: Basculegion|33/100 tox|[from] psn
|-damage|p2a: Kingambit|72/100|[from] move: Infestation|[partiallytrapped]
|upkeep
|turn|10
|inactive|akakafalls has 30 seconds left.
|inactive|owbd has 30 seconds left.
|inactive|akakafalls has 20 seconds left.
|inactive|akakafalls has 15 seconds left.
|inactive|akakafalls has 10 seconds left.
|inactive|akakafalls has 5 seconds left.
|
|t:|1785228248
|move|p1a: Venusaur|Protect|p1a: Venusaur
|-singleturn|p1a: Venusaur|Protect
|move|p2a: Kingambit|Sucker Punch||[still]
|-fail|p2a: Kingambit
|move|p2b: Basculegion|Last Respects|p1b: Toxapex
|-damage|p1b: Toxapex|1/100
|move|p1b: Toxapex|Infestation|p2a: Kingambit
|-damage|p2a: Kingambit|69/100
|
|-heal|p1b: Toxapex|7/100|[from] item: Leftovers
|-damage|p2b: Basculegion|9/100 tox|[from] psn
|-damage|p2a: Kingambit|57/100|[from] move: Infestation|[partiallytrapped]
|upkeep
|turn|11
|
|t:|1785228268
|switch|p1a: Charizard|Charizard-Mega-Y, L50, M|56/100
|-weather|SunnyDay|[from] ability: Drought|[of] p1a: Charizard
|move|p1b: Toxapex|Baneful Bunker|p1b: Toxapex
|-singleturn|p1b: Toxapex|move: Protect
|move|p2b: Basculegion|Aqua Jet|p1b: Toxapex
|-activate|p1b: Toxapex|move: Protect
|move|p2a: Kingambit|Kowtow Cleave|p1a: Charizard
|-damage|p1a: Charizard|0 fnt
|faint|p1a: Charizard
|
|-weather|SunnyDay|[upkeep]
|-heal|p1b: Toxapex|13/100|[from] item: Leftovers
|-damage|p2b: Basculegion|0 fnt|[from] psn
|faint|p2b: Basculegion
|-damage|p2a: Kingambit|45/100|[from] move: Infestation|[partiallytrapped]
|upkeep
|
|t:|1785228284
|switch|p1a: Venusaur|Venusaur, L50, F|33/100
|switch|p2b: Charizard|Charizard-Mega-Y, L50, M, shiny|59/100 tox
|turn|12
|
|t:|1785228309
|move|p1a: Venusaur|Protect|p1a: Venusaur
|-singleturn|p1a: Venusaur|Protect
|move|p1b: Toxapex|Baneful Bunker||[still]
|-fail|p1b: Toxapex
|move|p2a: Kingambit|Sucker Punch||[still]
|-fail|p2a: Kingambit
|move|p2b: Charizard|Solar Beam||[still]
|-prepare|p2b: Charizard|Solar Beam
|-anim|p2b: Charizard|Solar Beam|p1b: Toxapex
|-damage|p1b: Toxapex|0 fnt
|faint|p1b: Toxapex
|
|-weather|SunnyDay|[upkeep]
|-damage|p2b: Charizard|53/100 tox|[from] psn
|-end|p2a: Kingambit|Infestation|[partiallytrapped]
|upkeep
|turn|13
|
|t:|1785228325
|move|p2a: Kingambit|Sucker Punch|p1a: Venusaur
|-damage|p1a: Venusaur|0 fnt
|faint|p1a: Venusaur
|
|win|owbd
||owbd is ready for game 2.
||akakafalls is ready for game 2.
|uhtml|next|Next: Game 2 of 3
