|j|☆martharia
|j|☆sum1dum
|html|marthariasum1dum    
|uhtml|bestof|Game 1 of a best-of-3
|t:|1783707548
|gametype|doubles
|player|p1|martharia|flannery|1052
|player|p2|sum1dum|rosa|1135
|gen|9
|tier|[Gen 9 Champions] VGC 2026 Reg M-B (Bo3)
|rated|
|rule|Species Clause: Limit one of each Pokémon
|rule|Item Clause: Limit 1 of each item
|clearpoke
|poke|p1|Delphox, L50, F, shiny|
|poke|p1|Meowscarada, L50, M|
|poke|p1|Talonflame, L50, F|
|poke|p1|Sneasler, L50, M|
|poke|p1|Zoroark-Hisui, L50, M|
|poke|p1|Mawile, L50, M|
|poke|p2|Gliscor, L50, M|
|poke|p2|Primarina, L50, F|
|poke|p2|Metagross, L50|
|poke|p2|Ninetales-Alola, L50, M|
|poke|p2|Incineroar, L50, F|
|poke|p2|Sinistcha, L50|
|teampreview|4
|showteam|p1|Delphox||Delphoxite|Blaze|HeatWave,Psychic,NastyPlot,Protect|Timid||F|||50|]Meowscarada||LifeOrb|Protean|FlowerTrick,KnockOff,ThunderPunch,Protect|Jolly||M|||50|]Talonflame||SharpBeak|GaleWings|DualWingbeat,Tailwind,Taunt,QuickGuard|Jolly||F|||50|]Sneasler||WhiteHerb|Unburden|CloseCombat,DireClaw,FakeOut,Protect|Jolly||M|||50|]Zoroark-Hisui||FocusSash|Illusion|ShadowBall,WillOWisp,Taunt,Protect|Timid||M|||50|]Mawile||Mawilite|HyperCutter|RockTomb,PlayRough,SuckerPunch,Protect|Adamant||M|||50|
|showteam|p2|Gliscor||LifeOrb|HyperCutter|DualWingbeat,HighHorsepower,Protect,RockSlide|Jolly||M|||50|]Primarina||Leftovers|LiquidVoice|CalmMind,HyperVoice,Moonblast,Protect|Modest||F|||50|]Metagross||Metagrossite|ClearBody|BulletPunch,IronHead,Protect,PsychicFangs|Jolly|||||50|]Ninetales-Alola||LightClay|SnowWarning|AuroraVeil,FreezeDry,Moonblast,Protect|Timid||M|||50|]Incineroar||ChopleBerry|Intimidate|FakeOut,FlareBlitz,DarkestLariat,PartingShot|Impish||F|||50|]Sinistcha||SitrusBerry|Hospitality|MatchaGotcha,Protect,LifeDew,RagePowder|Bold|||||50|
|inactive|Battle timer is ON: inactive players will automatically lose when time's up. (requested by sum1dum)
|inactive|martharia has 60 seconds left.
|inactive|sum1dum has 60 seconds left.
|inactive|martharia has 30 seconds left.
|inactive|sum1dum has 30 seconds left.
|inactive|martharia has 20 seconds left.
|
|t:|1783707622
|teamsize|p1|4
|teamsize|p2|4
|start
|switch|p1a: Delphox|Delphox, L50, F, shiny|100/100
|switch|p1b: Sneasler|Sneasler, L50, M|100/100
|switch|p2a: Justice|Incineroar, L50, F|100/100
|switch|p2b: Bravery|Gliscor, L50, M|100/100
|-ability|p2a: Justice|Intimidate|boost
|-unboost|p1a: Delphox|atk|1
|-unboost|p1b: Sneasler|atk|1
|-enditem|p1b: Sneasler|White Herb
|-clearnegativeboost|p1b: Sneasler|[silent]
|turn|1
|
|t:|1783707633
|detailschange|p1a: Delphox|Delphox-Mega, L50, F, shiny
|-mega|p1a: Delphox|Delphox|Delphoxite
|move|p2b: Bravery|Protect|p2b: Bravery
|-singleturn|p2b: Bravery|Protect
|move|p1b: Sneasler|Fake Out|p2a: Justice
|-damage|p2a: Justice|88/100
|move|p1a: Delphox|Psychic|p2b: Bravery
|-activate|p2b: Bravery|move: Protect
|cant|p2a: Justice|flinch
|
|upkeep
|turn|2
|
|t:|1783707652
|switch|p1a: Meowscarada|Meowscarada, L50, M|100/100
|switch|p2b: Kindness|Sinistcha, L50|100/100
|-heal|p2a: Justice|100/100|[from] ability: Hospitality|[of] p2b: Kindness
|move|p1b: Sneasler|Close Combat|p2a: Justice
|-supereffective|p2a: Justice|1
|-enditem|p2a: Justice|Chople Berry|[eat]
|-enditem|p2a: Justice|Chople Berry|[weaken]
|-damage|p2a: Justice|50/100g
|-unboost|p1b: Sneasler|def|1
|-unboost|p1b: Sneasler|spd|1
|move|p2a: Justice|Darkest Lariat|p1a: Meowscarada
|-resisted|p1a: Meowscarada|1
|-damage|p1a: Meowscarada|78/100
|
|upkeep
|turn|3
|inactive|martharia has 30 seconds left.
|inactive|sum1dum has 30 seconds left.
|inactive|sum1dum has 20 seconds left.
|
|t:|1783707691
|move|p1b: Sneasler|Protect|p1b: Sneasler
|-singleturn|p1b: Sneasler|Protect
|move|p2b: Kindness|Rage Powder|p2b: Kindness
|-singleturn|p2b: Kindness|move: Rage Powder
|move|p1a: Meowscarada|Knock Off|p2b: Kindness
|-start|p1a: Meowscarada|typechange|Dark|[from] ability: Protean
|-supereffective|p2b: Kindness|1
|-damage|p2b: Kindness|21/100
|-enditem|p2b: Kindness|Sitrus Berry|[from] move: Knock Off|[of] p1a: Meowscarada
|-damage|p1a: Meowscarada|68/100|[from] item: Life Orb
|move|p2a: Justice|Flare Blitz|p1a: Meowscarada
|-damage|p1a: Meowscarada|3/100
|-damage|p2a: Justice|34/100|[from] Recoil
|
|upkeep
|turn|4
|inactive|martharia has 30 seconds left.
|inactive|sum1dum has 30 seconds left.
|inactive|sum1dum has 20 seconds left.
|
|t:|1783707750
|switch|p1a: Talonflame|Talonflame, L50, F|100/100
|move|p2b: Kindness|Rage Powder|p2b: Kindness
|-singleturn|p2b: Kindness|move: Rage Powder
|move|p1b: Sneasler|Dire Claw|p2b: Kindness
|-damage|p2b: Kindness|0 fnt
|faint|p2b: Kindness
|move|p2a: Justice|Flare Blitz|p1a: Talonflame
|-resisted|p1a: Talonflame|1
|-damage|p1a: Talonflame|62/100
|-damage|p2a: Justice|24/100|[from] Recoil
|
|upkeep
|
|t:|1783707753
|switch|p2b: Patience|Primarina, L50, F|100/100
|turn|5
|
|t:|1783707763
|switch|p2a: Bravery|Gliscor, L50, M|100/100
|move|p1b: Sneasler|Dire Claw|p2b: Patience
|-supereffective|p2b: Patience|1
|-damage|p2b: Patience|16/100
|move|p1a: Talonflame|Dual Wingbeat|p2b: Patience|[miss]
|-miss|p1a: Talonflame|p2b: Patience
|move|p2b: Patience|Hyper Voice|p1a: Talonflame|[spread] p1a,p1b
|-supereffective|p1a: Talonflame|1
|-damage|p1a: Talonflame|0 fnt
|-damage|p1b: Sneasler|29/100
|faint|p1a: Talonflame
|
|-heal|p2b: Patience|22/100|[from] item: Leftovers
|upkeep
|
|t:|1783707775
|switch|p1a: Delphox|Delphox-Mega, L50, F, shiny|100/100
|turn|6
|
|t:|1783707783
|move|p1b: Sneasler|Protect|p1b: Sneasler
|-singleturn|p1b: Sneasler|Protect
|move|p2b: Patience|Protect|p2b: Patience
|-singleturn|p2b: Patience|Protect
|move|p1a: Delphox|Psychic|p2a: Bravery
|-damage|p2a: Bravery|16/100
|move|p2a: Bravery|Rock Slide|p1b: Sneasler|[spread] p1a
|-activate|p1b: Sneasler|move: Protect
|-supereffective|p1a: Delphox|1
|-damage|p1a: Delphox|34/100
|-damage|p2a: Bravery|6/100|[from] item: Life Orb
|
|-heal|p2b: Patience|28/100|[from] item: Leftovers
|upkeep
|turn|7
|
|t:|1783707800
|switch|p2b: Justice|Incineroar, L50, F|24/100
|-ability|p2b: Justice|Intimidate|boost
|-unboost|p1a: Delphox|atk|1
|-unboost|p1b: Sneasler|atk|1
|move|p1b: Sneasler|Dire Claw|p2b: Justice
|-damage|p2b: Justice|3/100
|move|p1a: Delphox|Psychic|p2a: Bravery
|-damage|p2a: Bravery|0 fnt
|faint|p2a: Bravery
|
|upkeep
|
|t:|1783707802
|switch|p2a: Patience|Primarina, L50, F|28/100
|turn|8
|
|t:|1783707816
|move|p1b: Sneasler|Protect|p1b: Sneasler
|-singleturn|p1b: Sneasler|Protect
|move|p1a: Delphox|Protect|p1a: Delphox
|-singleturn|p1a: Delphox|Protect
|move|p2b: Justice|Fake Out|p1b: Sneasler
|-activate|p1b: Sneasler|move: Protect
|move|p2a: Patience|Calm Mind|p2a: Patience
|-boost|p2a: Patience|spa|1
|-boost|p2a: Patience|spd|1
|
|-heal|p2a: Patience|34/100|[from] item: Leftovers
|upkeep
|turn|9
|
|t:|1783707830
|move|p1b: Sneasler|Dire Claw|p2b: Justice
|-damage|p2b: Justice|0 fnt
|faint|p2b: Justice
|move|p1a: Delphox|Psychic|p2a: Patience
|-damage|p2a: Patience|1/100
|move|p2a: Patience|Hyper Voice|p1b: Sneasler|[spread] p1a,p1b
|-supereffective|p1a: Delphox|1
|-damage|p1a: Delphox|0 fnt
|-damage|p1b: Sneasler|0 fnt
|faint|p1a: Delphox
|faint|p1b: Sneasler
|
|-heal|p2a: Patience|7/100|[from] item: Leftovers
|upkeep
|
|t:|1783707832
|switch|p1b: Meowscarada|Meowscarada, L50, M|3/100
|turn|10
|-message|sum1dum forfeited.
|
|win|martharia
