|j|☆evilmayheem
|j|☆Mr Umbreons
|html|evilmayheemMr Umbreons    
|uhtml|bestof|Game 1 of a best-of-3
|t:|1782276328
|gametype|doubles
|player|p1|evilmayheem|crasherwake|1139
|player|p2|Mr Umbreons|wallace|1137
|gen|9
|tier|[Gen 9 Champions] VGC 2026 Reg M-B (Bo3)
|rated|
|rule|Species Clause: Limit one of each Pokémon
|rule|Item Clause: Limit 1 of each item
|clearpoke
|poke|p1|Pyroar, L50, F|
|poke|p1|Sableye, L50, F|
|poke|p1|Farigiraf, L50, M|
|poke|p1|Kingambit, L50, M|
|poke|p1|Sylveon, L50, M|
|poke|p1|Scrafty, L50, F|
|poke|p2|Swampert, L50, M|
|poke|p2|Pelipper, L50, M|
|poke|p2|Politoed, L50, M|
|poke|p2|Archaludon, L50, F|
|poke|p2|Farigiraf, L50, F|
|poke|p2|Mawile, L50, F|
|teampreview|4
|showteam|p1|Pyroar||Pyroarite|Rivalry|HeatWave,Overheat,SolarBeam,Protect|Timid||F|||50|]Sableye||RoseliBerry|Prankster|SunnyDay,LightScreen,Reflect,WillOWisp|Calm||F|||50|]Farigiraf||SitrusBerry|ArmorTail|Protect,HelpingHand,Psychic,TrickRoom|Calm||M|||50|]Kingambit||ChopleBerry|Defiant|KowtowCleave,IronHead,SuckerPunch,Protect|Adamant||M|||50|]Sylveon||FairyFeather|Pixilate|Detect,HyperVoice,QuickAttack,HyperBeam|Quiet||M|||50|]Scrafty||Scraftinite|Intimidate|FakeOut,Detect,CloseCombat,KnockOff|Brave||F|||50|
|showteam|p2|Swampert||Swampertite|Torrent|WaveCrash,HighHorsepower,IcePunch,Protect|Adamant||M|||50|]Pelipper||ChoiceScarf|Drizzle|WeatherBall,Hurricane,Uturn,Tailwind|Timid||M|||50|]Politoed||MysticWater|Drizzle|WeatherBall,IceBeam,RainDance,Protect|Quiet||M|||50|]Archaludon||Leftovers|Stamina|DragonPulse,FlashCannon,ElectroShot,Protect|Calm||F|||50|]Farigiraf||SitrusBerry|ArmorTail|Psychic,Thunder,RainDance,TrickRoom|Relaxed||F|||50|]Mawile||Mawilite|Intimidate|IronHead,PlayRough,SuckerPunch,Protect|Brave||F|||50|
|c|☆evilmayheem|oh yeah oh yeahhh
|inactive|Battle timer is ON: inactive players will automatically lose when time's up. (requested by evilmayheem)
|inactive|Mr Umbreons also wants the timer to be on.
|
|t:|1782276400
|teamsize|p1|4
|teamsize|p2|4
|start
|switch|p1a: Pyroar|Pyroar, L50, F|100/100
|switch|p1b: Sableye|Sableye, L50, F|100/100
|switch|p2a: Farigiraf|Farigiraf, L50, F|100/100
|switch|p2b: Politoed|Politoed, L50, M|100/100
|-weather|RainDance|[from] ability: Drizzle|[of] p2b: Politoed
|turn|1
|
|t:|1782276414
|detailschange|p1a: Pyroar|Pyroar-Mega, L50, F
|-mega|p1a: Pyroar|Pyroar|Pyroarite
|move|p1b: Sableye|Sunny Day|p1b: Sableye
|-weather|SunnyDay
|move|p1a: Pyroar|Overheat|p2a: Farigiraf
|-damage|p2a: Farigiraf|0 fnt
|-unboost|p1a: Pyroar|spa|2
|faint|p2a: Farigiraf
|move|p2b: Politoed|Rain Dance|p2b: Politoed
|-weather|RainDance
|
|-weather|RainDance|[upkeep]
|upkeep
|c|☆evilmayheem|chat
|
|t:|1782276422
|switch|p2a: Swampert|Swampert, L50, M|100/100
|turn|2
|
|t:|1782276437
|switch|p1a: Scrafty|Scrafty, L50, F|100/100
|-ability|p1a: Scrafty|Intimidate|boost
|-unboost|p2a: Swampert|atk|1
|-unboost|p2b: Politoed|atk|1
|move|p2a: Swampert|Protect|p2a: Swampert
|-singleturn|p2a: Swampert|Protect
|move|p1b: Sableye|Will-O-Wisp|p2a: Swampert
|-activate|p2a: Swampert|move: Protect
|move|p2b: Politoed|Rain Dance||[still]
|-fail|p2b: Politoed
|
|-weather|RainDance|[upkeep]
|upkeep
|turn|3
|
|t:|1782276452
|switch|p2a: Archaludon|Archaludon, L50, F|100/100
|move|p1a: Scrafty|Fake Out|p2a: Archaludon
|-resisted|p2a: Archaludon|1
|-damage|p2a: Archaludon|96/100
|-ability|p2a: Archaludon|Stamina|boost
|-boost|p2a: Archaludon|def|1
|move|p1b: Sableye|Will-O-Wisp|p2a: Archaludon
|-status|p2a: Archaludon|brn
|move|p2b: Politoed|Weather Ball|p1b: Sableye
|-damage|p1b: Sableye|19/100
|
|-weather|RainDance|[upkeep]
|-heal|p2a: Archaludon|100/100 brn|[from] item: Leftovers
|-damage|p2a: Archaludon|93/100 brn|[from] brn
|upkeep
|turn|4
|inactive|evilmayheem has 30 seconds left.
|
|t:|1782276481
|switch|p2b: Swampert|Swampert, L50, M|100/100
|switch|p1b: Kingambit|Kingambit, L50, M|100/100
|move|p2a: Archaludon|Dragon Pulse|p1b: Kingambit
|-resisted|p1b: Kingambit|1
|-damage|p1b: Kingambit|84/100
|move|p1a: Scrafty|Knock Off|p2b: Swampert
|-damage|p2b: Swampert|73/100
|
|-weather|RainDance|[upkeep]
|-heal|p2a: Archaludon|100/100 brn|[from] item: Leftovers
|-damage|p2a: Archaludon|93/100 brn|[from] brn
|upkeep
|turn|5
|inactive|Mr Umbreons has 30 seconds left.
|
|t:|1782276510
|detailschange|p2b: Swampert|Swampert-Mega, L50, M
|-mega|p2b: Swampert|Swampert|Swampertite
|move|p1b: Kingambit|Sucker Punch|p2b: Swampert
|-damage|p2b: Swampert|37/100
|move|p2b: Swampert|High Horsepower|p1b: Kingambit
|-supereffective|p1b: Kingambit|1
|-damage|p1b: Kingambit|0 fnt
|faint|p1b: Kingambit
|move|p2a: Archaludon|Electro Shot||[still]
|-prepare|p2a: Archaludon|Electro Shot
|-boost|p2a: Archaludon|spa|1
|-anim|p2a: Archaludon|Electro Shot|p1a: Scrafty
|-damage|p1a: Scrafty|54/100
|move|p1a: Scrafty|Close Combat|p2b: Swampert
|-damage|p2b: Swampert|0 fnt
|-unboost|p1a: Scrafty|def|1
|-unboost|p1a: Scrafty|spd|1
|faint|p2b: Swampert
|
|-weather|none
|-heal|p2a: Archaludon|100/100 brn|[from] item: Leftovers
|-damage|p2a: Archaludon|93/100 brn|[from] brn
|upkeep
|
|t:|1782276529
|switch|p2b: Politoed|Politoed, L50, M|100/100
|switch|p1b: Pyroar|Pyroar-Mega, L50, F|100/100
|-weather|RainDance|[from] ability: Drizzle|[of] p2b: Politoed
|turn|6
|
|t:|1782276545
|move|p1b: Pyroar|Protect|p1b: Pyroar
|-singleturn|p1b: Pyroar|Protect
|move|p2a: Archaludon|Dragon Pulse|p1a: Scrafty
|-damage|p1a: Scrafty|0 fnt
|faint|p1a: Scrafty
|move|p2b: Politoed|Weather Ball|p1b: Pyroar
|-activate|p1b: Pyroar|move: Protect
|
|-weather|RainDance|[upkeep]
|-heal|p2a: Archaludon|100/100 brn|[from] item: Leftovers
|-damage|p2a: Archaludon|93/100 brn|[from] brn
|upkeep
|
|t:|1782276550
|switch|p1a: Sableye|Sableye, L50, F|19/100
|turn|7
|
|t:|1782276570
|move|p2b: Politoed|Protect|p2b: Politoed
|-singleturn|p2b: Politoed|Protect
|move|p1a: Sableye|Sunny Day|p1a: Sableye
|-weather|SunnyDay
|move|p1b: Pyroar|Heat Wave|p2b: Politoed|[spread] p2a
|-activate|p2b: Politoed|move: Protect
|-damage|p2a: Archaludon|17/100 brn
|-ability|p2a: Archaludon|Stamina|boost
|-boost|p2a: Archaludon|def|1
|move|p2a: Archaludon|Dragon Pulse|p1a: Sableye
|-damage|p1a: Sableye|0 fnt
|faint|p1a: Sableye
|
|-weather|SunnyDay|[upkeep]
|-heal|p2a: Archaludon|23/100 brn|[from] item: Leftovers
|-damage|p2a: Archaludon|17/100 brn|[from] brn
|upkeep
|turn|8
|
|t:|1782276582
|move|p2a: Archaludon|Protect|p2a: Archaludon
|-singleturn|p2a: Archaludon|Protect
|move|p1b: Pyroar|Solar Beam||[still]
|-prepare|p1b: Pyroar|Solar Beam
|-anim|p1b: Pyroar|Solar Beam|p2b: Politoed
|-supereffective|p2b: Politoed|1
|-damage|p2b: Politoed|22/100
|move|p2b: Politoed|Rain Dance|p2b: Politoed
|-weather|RainDance
|
|-weather|RainDance|[upkeep]
|-heal|p2a: Archaludon|23/100 brn|[from] item: Leftovers
|-damage|p2a: Archaludon|17/100 brn|[from] brn
|upkeep
|turn|9
|
|t:|1782276601
|move|p1b: Pyroar|Overheat|p2b: Politoed
|-resisted|p2b: Politoed|1
|-damage|p2b: Politoed|0 fnt
|-unboost|p1b: Pyroar|spa|2
|faint|p2b: Politoed
|move|p2a: Archaludon|Dragon Pulse|p1b: Pyroar
|-damage|p1b: Pyroar|35/100
|
|-weather|RainDance|[upkeep]
|-heal|p2a: Archaludon|23/100 brn|[from] item: Leftovers
|-damage|p2a: Archaludon|17/100 brn|[from] brn
|upkeep
|turn|10
|
|t:|1782276613
|move|p1b: Pyroar|Overheat|p2a: Archaludon|[miss]
|-miss|p1b: Pyroar|p2a: Archaludon
|move|p2a: Archaludon|Dragon Pulse|p1b: Pyroar
|-damage|p1b: Pyroar|0 fnt
|faint|p1b: Pyroar
|
|win|Mr Umbreons
||Mr Umbreons is ready for game 2.
||evilmayheem is ready for game 2.
|uhtml|next|Next: Game 2 of 3
|l|☆Mr Umbreons
|player|p2|
