|j|☆imrealafdbn
|j|☆wodaiogien
|html|imrealafdbnwodaiogien    
|uhtml|bestof|Game 1 of a best-of-3
|t:|1782245066
|gametype|doubles
|player|p1|imrealafdbn|101|1060
|player|p2|wodaiogien|265|1053
|gen|9
|tier|[Gen 9 Champions] VGC 2026 Reg M-B (Bo3)
|rated|
|rule|Species Clause: Limit one of each Pokémon
|rule|Item Clause: Limit 1 of each item
|clearpoke
|poke|p1|Charizard, L50, M, shiny|
|poke|p1|Sneasler, L50, M|
|poke|p1|Malamar, L50, F, shiny|
|poke|p1|Toxapex, L50, M, shiny|
|poke|p1|Incineroar, L50, F|
|poke|p1|Ninetales-Alola, L50, F|
|poke|p2|Ninetales-Alola, L50, M|
|poke|p2|Raichu, L50, M|
|poke|p2|Basculegion, L50, M|
|poke|p2|Incineroar, L50, M|
|poke|p2|Venusaur, L50, M|
|poke|p2|Farigiraf, L50, F|
|teampreview|4
|showteam|p1|Charizard||CharizarditeY|Blaze|HeatWave,WeatherBall,SolarBeam,Protect|Timid||M|||50|]Sneasler||WhiteHerb|Unburden|DireClaw,CloseCombat,FakeOut,Protect|Jolly||M|||50|]Malamar||Malamarite|Contrary|Superpower,RockSlide,KnockOff,Protect|Adamant||F|||50|]Toxapex||Leftovers|Regenerator|Toxic,Infestation,WideGuard,BanefulBunker|Calm||M|||50|]Incineroar||SitrusBerry|Intimidate|FakeOut,FlareBlitz,PartingShot,ThroatChop|Careful||F|||50|]Ninetales-Alola||FocusSash|SnowWarning|Blizzard,Moonblast,AuroraVeil,Protect|Timid||F|||50|
|showteam|p2|Ninetales-Alola||FocusSash|SnowWarning|Blizzard,FreezeDry,Encore,Protect|Timid||M|||50|]Raichu||RaichuniteY|LightningRod|ZapCannon,FocusBlast,FakeOut,Protect|Timid||M|||50|]Basculegion||LifeOrb|Adaptability|WaveCrash,AquaJet,LastRespects,Protect|Adamant||M|||50|]Incineroar||ShucaBerry|Intimidate|FlareBlitz,PartingShot,FakeOut,Taunt|Careful||M|||50|]Venusaur||Venusaurite|Overgrow|SludgeBomb,GigaDrain,EarthPower,Protect|Modest||M|||50|]Farigiraf||SitrusBerry|ArmorTail|TwinBeam,TrickRoom,HelpingHand,Protect|Relaxed||F|||50|
|inactive|Battle timer is ON: inactive players will automatically lose when time's up. (requested by wodaiogien)
|inactive|imrealafdbn has 60 seconds left.
|inactive|wodaiogien has 60 seconds left.
|
|t:|1782245124
|teamsize|p1|4
|teamsize|p2|4
|start
|switch|p1a: Charizard|Charizard, L50, M, shiny|100/100
|switch|p1b: Sneasler|Sneasler, L50, M|100/100
|switch|p2a: Raichu|Raichu, L50, M|100/100
|switch|p2b: Farigiraf|Farigiraf, L50, F|100/100
|turn|1
|inactive|wodaiogien has 30 seconds left.
|
|t:|1782245154
|switch|p1a: Malamar|Malamar, L50, F, shiny|100/100
|detailschange|p2a: Raichu|Raichu-Mega-Y, L50, M
|-mega|p2a: Raichu|Raichu|Raichunite Y
|move|p2a: Raichu|Zap Cannon|p1a: Malamar
|-damage|p1a: Malamar|13/100
|-status|p1a: Malamar|par
|move|p1b: Sneasler|Close Combat|p2a: Raichu
|-damage|p2a: Raichu|8/100
|-unboost|p1b: Sneasler|def|1
|-unboost|p1b: Sneasler|spd|1
|-enditem|p1b: Sneasler|White Herb
|-clearnegativeboost|p1b: Sneasler|[silent]
|move|p2b: Farigiraf|Twin Beam|p1b: Sneasler
|-supereffective|p1b: Sneasler|2
|-crit|p1b: Sneasler
|-damage|p1b: Sneasler|0 fnt
|faint|p1b: Sneasler
|-hitcount|p1: Sneasler|1
|
|upkeep
|
|t:|1782245172
|switch|p1b: Incineroar|Incineroar, L50, F|100/100
|-ability|p1b: Incineroar|Intimidate|boost
|-unboost|p2a: Raichu|atk|1
|-unboost|p2b: Farigiraf|atk|1
|turn|2
|inactive|wodaiogien has 30 seconds left.
|
|t:|1782245205
|switch|p2b: Basculegion|Basculegion, L50, M|100/100
|move|p2a: Raichu|Focus Blast|p1b: Incineroar
|-supereffective|p1b: Incineroar|1
|-damage|p1b: Incineroar|42/100
|-enditem|p1b: Incineroar|Sitrus Berry|[eat]
|-heal|p1b: Incineroar|67/100|[from] item: Sitrus Berry
|move|p1b: Incineroar|Throat Chop|p2b: Basculegion
|-supereffective|p2b: Basculegion|1
|-damage|p2b: Basculegion|26/100
|-start|p2b: Basculegion|Throat Chop|[silent]
|move|p1a: Malamar|Rock Slide|p2b: Basculegion|[spread] p2a
|-miss|p1a: Malamar|p2b: Basculegion
|-crit|p2a: Raichu
|-damage|p2a: Raichu|0 fnt
|faint|p2a: Raichu
|
|upkeep
|
|t:|1782245217
|switch|p2a: Incineroar|Incineroar, L50, M|100/100
|-ability|p2a: Incineroar|Intimidate|boost
|-boost|p1a: Malamar|atk|1
|-unboost|p1b: Incineroar|atk|1
|turn|3
|
|t:|1782245240
|move|p2b: Basculegion|Wave Crash|p1b: Incineroar
|-supereffective|p1b: Incineroar|1
|-damage|p1b: Incineroar|0 fnt
|faint|p1b: Incineroar
|-damage|p2b: Basculegion|5/100|[from] Recoil
|-damage|p2b: Basculegion|0 fnt|[from] item: Life Orb
|faint|p2b: Basculegion
|move|p2a: Incineroar|Flare Blitz|p1a: Malamar
|-damage|p1a: Malamar|0 fnt
|faint|p1a: Malamar
|-damage|p2a: Incineroar|96/100|[from] Recoil
|
|upkeep
|
|t:|1782245248
|switch|p2b: Farigiraf|Farigiraf, L50, F|100/100
|switch|p1b: Charizard|Charizard, L50, M, shiny|100/100
|turn|4
|
|t:|1782245260
|detailschange|p1b: Charizard|Charizard-Mega-Y, L50, M, shiny
|-mega|p1b: Charizard|Charizard|Charizardite Y
|-weather|SunnyDay|[from] ability: Drought|[of] p1b: Charizard
|move|p2b: Farigiraf|Protect|p2b: Farigiraf
|-singleturn|p2b: Farigiraf|Protect
|move|p1b: Charizard|Weather Ball|p2b: Farigiraf
|-activate|p2b: Farigiraf|move: Protect
|move|p2a: Incineroar|Parting Shot|p1b: Charizard
|-unboost|p1b: Charizard|atk|1
|-unboost|p1b: Charizard|spa|1
|
|-weather|SunnyDay|[upkeep]
|upkeep
|turn|5
|
|t:|1782245275
|move|p1b: Charizard|Weather Ball|p2b: Farigiraf
|-damage|p2b: Farigiraf|35/100
|-enditem|p2b: Farigiraf|Sitrus Berry|[eat]
|-heal|p2b: Farigiraf|59/100|[from] item: Sitrus Berry
|move|p2a: Incineroar|Parting Shot|p1b: Charizard
|-unboost|p1b: Charizard|atk|1
|-unboost|p1b: Charizard|spa|1
|move|p2b: Farigiraf|Trick Room|p2b: Farigiraf
|-fieldstart|move: Trick Room|[of] p2b: Farigiraf
|
|-weather|SunnyDay|[upkeep]
|upkeep
|turn|6
|
|t:|1782245286
|move|p2b: Farigiraf|Protect|p2b: Farigiraf
|-singleturn|p2b: Farigiraf|Protect
|move|p2a: Incineroar|Parting Shot|p1b: Charizard
|-unboost|p1b: Charizard|atk|1
|-unboost|p1b: Charizard|spa|1
|move|p1b: Charizard|Heat Wave|p2b: Farigiraf|[spread] p2a
|-activate|p2b: Farigiraf|move: Protect
|-resisted|p2a: Incineroar|1
|-damage|p2a: Incineroar|87/100
|
|-weather|SunnyDay|[upkeep]
|upkeep
|turn|7
|-message|imrealafdbn forfeited.
|
|win|wodaiogien
|l|☆imrealafdbn
|player|p1|
||imrealafdbn is ready for game 2.
