|j|Ōśåcamala64
|j|Ōśåbattle sim trainer
|html|camala64battle sim trainer    
|uhtml|bestof|Game 2 of a best-of-3
|t:|1782493536
|gametype|doubles
|player|p1|camala64|lance-masters2|
|player|p2|battle sim trainer|turo|
|gen|9
|tier|[Gen 9 Champions] VGC 2026 Reg M-B (Bo3)
|rule|Species Clause: Limit one of each Pok├®mon
|rule|Item Clause: Limit 1 of each item
|clearpoke
|poke|p1|Blastoise, L50, M|
|poke|p1|Incineroar, L50, F|
|poke|p1|Sinistcha, L50, shiny|
|poke|p1|Farigiraf, L50, M, shiny|
|poke|p1|Sylveon, L50, F, shiny|
|poke|p1|Camerupt, L50, F, shiny|
|poke|p2|Swampert, L50, M|
|poke|p2|Archaludon, L50, M|
|poke|p2|Pelipper, L50, M|
|poke|p2|Basculegion, L50, M|
|poke|p2|Venusaur, L50, F|
|poke|p2|Staraptor, L50, M|
|teampreview|4
|showteam|p1|Blastoise||Blastoisinite|RainDish|WaterSpout,DarkPulse,AuraSphere,FakeOut|Quiet||M|||50|]Incineroar||PasshoBerry|Intimidate|FlareBlitz,ThroatChop,FakeOut,Roar|Brave||F|||50|]Sinistcha||KasibBerry|Hospitality|MatchaGotcha,ShadowBall,RagePowder,TrickRoom|Relaxed|||||50|]Farigiraf||FocusSash|ArmorTail|Psyshock,Thunderbolt,NastyPlot,TrickRoom|Quiet||M|||50|]Sylveon||FairyFeather|Pixilate|HyperVoice,HyperBeam,QuickAttack,CalmMind|Quiet||F|||50|]Camerupt||Cameruptite|SolidRock|Eruption,EarthPower,AncientPower,Protect|Quiet||F|||50|
|showteam|p2|Swampert||Swampertite|Torrent|WaveCrash,Earthquake,IcePunch,Protect|Adamant||M|||50|]Archaludon||Magnet|Stamina|ElectroShot,FlashCannon,DragonPulse,Protect|Calm||M|||50|]Pelipper||FocusSash|Drizzle|WeatherBall,Hurricane,WideGuard,Tailwind|Modest||M|||50|]Basculegion||ChoiceScarf|Adaptability|LastRespects,WaveCrash,AquaJet,FlipTurn|Jolly||M|||50|]Venusaur||Venusaurite|Chlorophyll|SludgeBomb,EnergyBall,Protect,EarthPower|Modest||F|||50|]Staraptor||LifeOrb|Intimidate|BraveBird,CloseCombat,Tailwind,Uturn|Adamant||M|||50|
|c|Ōśåbattle sim trainer|ppl moan abt facing htr
|c|Ōśåcamala64|Ok?
|c|Ōśåbattle sim trainer|but its genuinely one of the most fun mus
|c|Ōśåcamala64|It also is one of the worst teams in the format
|c|Ōśåbattle sim trainer|i think abomasnows better for htr
|c|Ōśåbattle sim trainer|rain being everywhere doesn't help camerupt
|c|Ōśåbattle sim trainer|but ice also has strong coverage into the format
|
|t:|1782493646
|teamsize|p1|4
|teamsize|p2|4
|start
|switch|p1a: Blastoise|Blastoise, L50, M|100/100
|switch|p1b: Sinistcha|Sinistcha, L50, shiny|100/100
|switch|p2a: Archaludon|Archaludon, L50, M|100/100
|switch|p2b: Pelipper|Pelipper, L50, M|100/100
|-weather|RainDance|[from] ability: Drizzle|[of] p2b: Pelipper
|turn|1
|
|t:|1782493659
|detailschange|p1a: Blastoise|Blastoise-Mega, L50, M
|-mega|p1a: Blastoise|Blastoise|Blastoisinite
|move|p1a: Blastoise|Fake Out|p2b: Pelipper
|-crit|p2b: Pelipper
|-damage|p2b: Pelipper|79/100
|cant|p2b: Pelipper|flinch
|move|p2a: Archaludon|Electro Shot||[still]
|-prepare|p2a: Archaludon|Electro Shot
|-boost|p2a: Archaludon|spa|1
|-anim|p2a: Archaludon|Electro Shot|p1a: Blastoise
|-supereffective|p1a: Blastoise|1
|-damage|p1a: Blastoise|0 fnt
|faint|p1a: Blastoise
|move|p1b: Sinistcha|Trick Room|p1b: Sinistcha
|-fieldstart|move: Trick Room|[of] p1b: Sinistcha
|
|-weather|RainDance|[upkeep]
|upkeep
|
|t:|1782493670
|switch|p1a: Sylveon|Sylveon, L50, F, shiny|100/100
|turn|2
|
|t:|1782493700
|switch|p1b: Farigiraf|Farigiraf, L50, M, shiny|100/100
|move|p1a: Sylveon|Hyper Beam|p2a: Archaludon
|-damage|p2a: Archaludon|0 fnt
|-mustrecharge|p1a: Sylveon
|faint|p2a: Archaludon
|move|p2b: Pelipper|Hurricane|p1b: Farigiraf
|-damage|p1b: Farigiraf|46/100
|-start|p1b: Farigiraf|confusion
|
|-weather|RainDance|[upkeep]
|upkeep
|c|Ōśåbattle sim trainer|:O
|
|t:|1782493712
|switch|p2a: Venusaur|Venusaur, L50, F|100/100
|turn|3
|c|Ōśåcamala64|Yeah I lost now
|c|Ōśåbattle sim trainer|unless i misplay
|
|t:|1782493748
|detailschange|p2a: Venusaur|Venusaur-Mega, L50, F
|-mega|p2a: Venusaur|Venusaur|Venusaurite
|-activate|p1b: Farigiraf|confusion
|-damage|p1b: Farigiraf|36/100|[from] confusion
|cant|p1a: Sylveon|recharge
|move|p2a: Venusaur|Sludge Bomb|p1a: Sylveon
|-supereffective|p1a: Sylveon|1
|-damage|p1a: Sylveon|26/100
|move|p2b: Pelipper|Hurricane|p1b: Farigiraf
|-damage|p1b: Farigiraf|0 fnt
|faint|p1b: Farigiraf
|
|-weather|RainDance|[upkeep]
|upkeep
|
|t:|1782493759
|switch|p1b: Sinistcha|Sinistcha, L50, shiny|100/100
|-heal|p1a: Sylveon|50/100g|[from] ability: Hospitality|[of] p1b: Sinistcha
|turn|4
|
|t:|1782493780
|move|p2b: Pelipper|Wide Guard|p2b: Pelipper
|-singleturn|p2b: Pelipper|Wide Guard
|move|p1a: Sylveon|Hyper Voice|p2b: Pelipper|[spread] 
|-activate|p2a: Venusaur|move: Wide Guard
|-activate|p2b: Pelipper|move: Wide Guard
|move|p1b: Sinistcha|Shadow Ball|p2a: Venusaur
|-damage|p2a: Venusaur|72/100
|-unboost|p2a: Venusaur|spd|1
|move|p2a: Venusaur|Sludge Bomb|p1a: Sylveon
|-supereffective|p1a: Sylveon|1
|-damage|p1a: Sylveon|0 fnt
|faint|p1a: Sylveon
|
|-weather|RainDance|[upkeep]
|upkeep
|turn|5
|
|t:|1782493795
|move|p2a: Venusaur|Protect|p2a: Venusaur
|-singleturn|p2a: Venusaur|Protect
|move|p1b: Sinistcha|Matcha Gotcha|p2b: Pelipper|[spread] p2b
|-activate|p2a: Venusaur|move: Protect
|-damage|p2b: Pelipper|37/100
|move|p2b: Pelipper|Hurricane|p1b: Sinistcha
|-supereffective|p1b: Sinistcha|1
|-damage|p1b: Sinistcha|0 fnt
|faint|p1b: Sinistcha
|
|win|battle sim trainer
|c|Ōśåbattle sim trainer|gg
