|j|☆Tsbassdd
|j|☆Kurolax
|html|TsbassddKurolax    
|uhtml|bestof|Game 1 of a best-of-3
|t:|1757705107
|gametype|doubles
|player|p1|Tsbassdd|101|1055
|player|p2|Kurolax|101|1136
|gen|9
|tier|[Gen 9] VGC 2025 Reg H (Bo3)
|rated|
|rule|Species Clause: Limit one of each Pokémon
|rule|Item Clause: Limit 1 of each item
|clearpoke
|poke|p1|Weavile, L50, M|
|poke|p1|Ursaluna-Bloodmoon, L50, M|
|poke|p1|Skeledirge, L50, M|
|poke|p1|Gastrodon, L50, M|
|poke|p1|Sneasler, L50, F|
|poke|p1|Sinistcha, L50|
|poke|p2|Electabuzz, L50, F|
|poke|p2|Ursaluna-Bloodmoon, L50, M|
|poke|p2|Arcanine-Hisui, L50, M|
|poke|p2|Tyranitar, L50, F|
|poke|p2|Sneasler, L50, F|
|poke|p2|Indeedee, L50, M|
|teampreview|4
|showteam|p1|Weavile||FocusSash|Pressure|IceSpinner,IcicleSpear,KnockOff,Protect|||M|||50|,,,,,Ghost]Ursaluna-Bloodmoon||LifeOrb|MindsEye|BloodMoon,EarthPower,HyperVoice,Protect|||M|||50|,,,,,Ghost]Skeledirge||Leftovers|Unaware|AlluringVoice,TorchSong,ShadowBall,Protect|||M|||50|,,,,,Grass]Gastrodon||SitrusBerry|StormDrain|IcyWind,EarthPower,Yawn,MuddyWater|||M|||50|,,,,,Fire]Sneasler||WhiteHerb|Unburden|FakeOut,CloseCombat,DireClaw,Protect|||F|||50|,,,,,Ghost]Sinistcha||RockyHelmet|Hospitality|RagePowder,MatchaGotcha,ShadowBall,LifeDew||||||50|,,,,,Dark
|showteam|p2|Electabuzz||Eviolite|VitalSpirit|Electroweb,FollowMe,Taunt,Thunderbolt|||F|||50|,,,,,Electric]Ursaluna-Bloodmoon||ThroatSpray|MindsEye|HyperVoice,BloodMoon,Protect,EarthPower|||M|||50|,,,,,Ghost]Arcanine-Hisui||ClearAmulet|Intimidate|RockSlide,ExtremeSpeed,FlareBlitz,Protect|||M|||50|,,,,,Fighting]Tyranitar||AssaultVest|SandStream|RockSlide,TeraBlast,KnockOff,LowKick|||F|||50|,,,,,Flying]Sneasler||PsychicSeed|Unburden|DireClaw,CloseCombat,ThroatChop,Acrobatics|||F|||50|,,,,,Flying]Indeedee||FocusSash|PsychicSurge|DazzlingGleam,ExpandingForce,Psychic,TrickRoom|||M|||50|,,,,,Dark
|
|t:|1757705139
|teamsize|p1|4
|teamsize|p2|4
|start
|switch|p1a: Weavile|Weavile, L50, M|100/100
|switch|p1b: Gastrodon|Gastrodon, L50, M|100/100
|switch|p2a: Indeedee|Indeedee, L50, M|100/100
|switch|p2b: Arcanine|Arcanine-Hisui, L50, M|100/100
|-ability|p1a: Weavile|Pressure
|-ability|p2b: Arcanine|Intimidate|boost
|-unboost|p1a: Weavile|atk|1
|-unboost|p1b: Gastrodon|atk|1
|-fieldstart|move: Psychic Terrain|[from] ability: Psychic Surge|[of] p2a: Indeedee
|turn|1
|
|t:|1757705162
|-terastallize|p2b: Arcanine|Fighting
|move|p1a: Weavile|Ice Spinner|p2a: Indeedee
|-damage|p2a: Indeedee|59/100
|-fieldend|move: Psychic Terrain
|move|p2b: Arcanine|Rock Slide|p1b: Gastrodon|[spread] p1a,p1b
|-supereffective|p1a: Weavile
|-resisted|p1b: Gastrodon
|-enditem|p1a: Weavile|Focus Sash
|-damage|p1a: Weavile|1/100
|-damage|p1b: Gastrodon|84/100
|move|p2a: Indeedee|Dazzling Gleam|p1a: Weavile|[spread] p1a,p1b
|-supereffective|p1a: Weavile
|-damage|p1a: Weavile|0 fnt
|-damage|p1b: Gastrodon|66/100
|faint|p1a: Weavile
|move|p1b: Gastrodon|Muddy Water|p2a: Indeedee|[spread] p2a,p2b
|-damage|p2a: Indeedee|27/100
|-damage|p2b: Arcanine|64/100
|
|upkeep
|
|t:|1757705184
|switch|p1a: Ursaluna|Ursaluna-Bloodmoon, L50, M|100/100
|turn|2
|
|t:|1757705197
|switch|p2a: Tyranitar|Tyranitar, L50, F|100/100
|-weather|Sandstorm|[from] ability: Sand Stream|[of] p2a: Tyranitar
|move|p2b: Arcanine|Flare Blitz|p1a: Ursaluna
|-damage|p1a: Ursaluna|54/100
|-damage|p2b: Arcanine|46/100|[from] Recoil
|move|p1a: Ursaluna|Hyper Voice|p2a: Tyranitar|[spread] p2a,p2b
|-resisted|p2a: Tyranitar
|-damage|p2a: Tyranitar|92/100
|-damage|p2b: Arcanine|0 fnt
|faint|p2b: Arcanine
|-damage|p1a: Ursaluna|45/100|[from] item: Life Orb
|move|p1b: Gastrodon|Muddy Water|p2a: Tyranitar
|-supereffective|p2a: Tyranitar
|-damage|p2a: Tyranitar|67/100
|
|-weather|Sandstorm|[upkeep]
|upkeep
|
|t:|1757705215
|switch|p2b: Sneasler|Sneasler, L50, F|100/100
|turn|3
|
|t:|1757705233
|switch|p2a: Indeedee|Indeedee, L50, M|27/100
|-fieldstart|move: Psychic Terrain|[from] ability: Psychic Surge|[of] p2a: Indeedee
|-enditem|p2b: Sneasler|Psychic Seed
|-boost|p2b: Sneasler|spd|1|[from] item: Psychic Seed
|-terastallize|p1a: Ursaluna|Ghost
|move|p2b: Sneasler|Throat Chop|p1a: Ursaluna
|-supereffective|p1a: Ursaluna
|-damage|p1a: Ursaluna|0 fnt
|faint|p1a: Ursaluna
|move|p1b: Gastrodon|Earth Power|p2b: Sneasler
|-supereffective|p2b: Sneasler
|-damage|p2b: Sneasler|30/100
|
|-weather|Sandstorm|[upkeep]
|-damage|p2b: Sneasler|24/100|[from] Sandstorm
|-damage|p2a: Indeedee|21/100|[from] Sandstorm
|upkeep
|
|t:|1757705254
|switch|p1a: Sneasler|Sneasler, L50, F|100/100
|turn|4
|
|t:|1757705264
|move|p1a: Sneasler|Protect|p1a: Sneasler
|-singleturn|p1a: Sneasler|Protect
|move|p2b: Sneasler|Acrobatics|p1a: Sneasler
|-activate|p1a: Sneasler|move: Protect
|move|p2a: Indeedee|Expanding Force|p1b: Gastrodon|[spread] p1b
|-activate|p1a: Sneasler|move: Protect
|-damage|p1b: Gastrodon|10/100
|-enditem|p1b: Gastrodon|Sitrus Berry|[eat]
|-heal|p1b: Gastrodon|35/100|[from] item: Sitrus Berry
|move|p1b: Gastrodon|Muddy Water|p2b: Sneasler|[spread] p2a
|-miss|p1b: Gastrodon|p2b: Sneasler
|-damage|p2a: Indeedee|0 fnt
|faint|p2a: Indeedee
|
|-weather|Sandstorm|[upkeep]
|-damage|p2b: Sneasler|18/100|[from] Sandstorm
|-damage|p1a: Sneasler|95/100|[from] Sandstorm
|upkeep
|
|t:|1757705292
|switch|p2a: Tyranitar|Tyranitar, L50, F|67/100
|turn|5
|
|t:|1757705301
|move|p2b: Sneasler|Acrobatics|p1a: Sneasler
|-supereffective|p1a: Sneasler
|-damage|p1a: Sneasler|0 fnt
|faint|p1a: Sneasler
|move|p2a: Tyranitar|Knock Off|p1b: Gastrodon
|-damage|p1b: Gastrodon|0 fnt
|faint|p1b: Gastrodon
|
|win|Kurolax
||Tsbassdd is ready for game 2.
|inactive|Kurolax has 30 seconds to confirm battle start!
|inactive|Kurolax has 20 seconds to confirm battle start!
||Kurolax is ready for game 2.
|uhtml|next|Next: Game 2 of 3
|l|☆Tsbassdd
|player|p1|
