|j|☆turbogoddi
|j|☆BasedRen
|html|turbogoddiBasedRen    
|uhtml|bestof|Game 1 of a best-of-3
|t:|1757107970
|gametype|doubles
|player|p1|turbogoddi|102|1145
|player|p2|BasedRen|169|1117
|gen|9
|tier|[Gen 9] VGC 2025 Reg H (Bo3)
|rated|
|rule|Species Clause: Limit one of each Pokémon
|rule|Item Clause: Limit 1 of each item
|clearpoke
|poke|p1|Dondozo, L50, M|
|poke|p1|Tatsugiri-Droopy, L50, M|
|poke|p1|Ursaluna-Bloodmoon, L50, M|
|poke|p1|Rillaboom, L50, F|
|poke|p1|Electabuzz, L50, M|
|poke|p1|Garchomp, L50, M|
|poke|p2|Corviknight, L50, M|
|poke|p2|Sneasler, L50, F|
|poke|p2|Ceruledge, L50, F|
|poke|p2|Primarina, L50, F|
|poke|p2|Murkrow, L50, M|
|poke|p2|Zoroark-Hisui, L50, F|
|teampreview|4
|showteam|p1|Dondozo||Leftovers|Unaware|HeavySlam,OrderUp,BodyPress,Substitute|||M|||50|,,,,,Steel]Tatsugiri-Droopy||FocusSash|Commander|DragonPulse,IcyWind,Taunt,Protect|||M|||50|,,,,,Dragon]Ursaluna-Bloodmoon||LifeOrb|MindsEye|EarthPower,HyperVoice,BloodMoon,Protect|||M|||50|,,,,,Normal]Rillaboom||MiracleSeed|GrassySurge|GrassyGlide,WoodHammer,FakeOut,Uturn|||F|||50|,,,,,Grass]Electabuzz||Eviolite|VitalSpirit|Electroweb,FollowMe,Taunt,Protect|||M|||50|,,,,,Ghost]Garchomp||ClearAmulet|RoughSkin|StompingTantrum,IronHead,Protect,DragonClaw|||M|||50|,,,,,Steel
|showteam|p2|Corviknight||SafetyGoggles|MirrorArmor|IronHead,BraveBird,Roost,Taunt|||M|||50|,,,,,Dragon]Sneasler||FocusSash|Unburden|Coaching,FakeOut,DireClaw,CloseCombat|||F|||50|,,,,,Poison]Ceruledge||AssaultVest|FlashFire|BitterBlade,SolarBlade,ShadowSneak,CloseCombat|||F|||50|,,,,,Grass]Primarina||ThroatSpray|LiquidVoice|Moonblast,HyperVoice,MistyTerrain,Protect|||F|||50|,,,,,Fairy]Murkrow||Eviolite|Prankster|Tailwind,FoulPlay,Haze,SunnyDay|||M|||50|,,,,,Ghost]Zoroark-Hisui||ChoiceSpecs|Illusion|BitterMalice,HyperVoice,HyperBeam,FocusBlast|||F|||50|,,,,,Normal
|inactive|Battle timer is ON: inactive players will automatically lose when time's up. (requested by turbogoddi)
|inactive|BasedRen has 60 seconds left.
|
|t:|1757108022
|teamsize|p1|4
|teamsize|p2|4
|start
|switch|p1a: Electabuzz|Electabuzz, L50, M, shiny|100/100
|switch|p1b: Ursaluna|Ursaluna-Bloodmoon, L50, M|100/100
|switch|p2a: Sneasler|Sneasler, L50, F|100/100
|switch|p2b: Ceruledge|Ceruledge, L50, F|100/100
|turn|1
|
|t:|1757108039
|-terastallize|p1a: Electabuzz|Ghost
|move|p1b: Ursaluna|Protect|p1b: Ursaluna
|-singleturn|p1b: Ursaluna|Protect
|move|p2a: Sneasler|Fake Out|p1a: Electabuzz
|-immune|p1a: Electabuzz
|move|p2b: Ceruledge|Hyper Voice|p1a: Electabuzz|[spread] 
|-activate|p1b: Ursaluna|move: Protect
|-immune|p1a: Electabuzz
|move|p1a: Electabuzz|Electroweb|p2b: Ceruledge|[spread] p2a,p2b
|-damage|p2a: Sneasler|81/100
|-damage|p2b: Ceruledge|71/100
|-unboost|p2a: Sneasler|spe|1
|-unboost|p2b: Ceruledge|spe|1
|replace|p2b: Zoroark|Zoroark-Hisui, L50, F, shiny
|-end|p2b: Zoroark|Illusion
|
|upkeep
|turn|2
|
|t:|1757108056
|switch|p2a: Murkrow|Murkrow, L50, M|100/100
|move|p1a: Electabuzz|Electroweb|p2a: Murkrow|[spread] p2a,p2b
|-supereffective|p2a: Murkrow
|-damage|p2a: Murkrow|74/100
|-damage|p2b: Zoroark|43/100
|-unboost|p2a: Murkrow|spe|1
|-unboost|p2b: Zoroark|spe|1
|move|p1b: Ursaluna|Hyper Voice|p2a: Murkrow|[spread] p2a,p2b
|-damage|p2a: Murkrow|27/100
|-damage|p2b: Zoroark|0 fnt
|faint|p2b: Zoroark
|-damage|p1b: Ursaluna|91/100|[from] item: Life Orb
|
|upkeep
|
|t:|1757108072
|switch|p2b: Ceruledge|Ceruledge, L50, F|100/100
|turn|3
|
|t:|1757108089
|move|p1a: Electabuzz|Follow Me|p1a: Electabuzz
|-singleturn|p1a: Electabuzz|move: Follow Me
|move|p2a: Murkrow|Tailwind|p2a: Murkrow
|-sidestart|p2: BasedRen|move: Tailwind
|move|p2b: Ceruledge|Bitter Blade|p1a: Electabuzz
|-damage|p1a: Electabuzz|60/100
|move|p1b: Ursaluna|Blood Moon|p2b: Ceruledge
|-damage|p2b: Ceruledge|25/100
|-damage|p1b: Ursaluna|81/100|[from] item: Life Orb
|
|upkeep
|turn|4
|
|t:|1757108109
|-terastallize|p2b: Ceruledge|Grass
|move|p1a: Electabuzz|Follow Me|p1a: Electabuzz
|-singleturn|p1a: Electabuzz|move: Follow Me
|move|p2a: Murkrow|Sunny Day|p2a: Murkrow
|-weather|SunnyDay
|move|p2b: Ceruledge|Bitter Blade|p1a: Electabuzz
|-damage|p1a: Electabuzz|0 fnt
|-heal|p2b: Ceruledge|53/100|[from] drain|[of] p1a: Electabuzz
|faint|p1a: Electabuzz
|move|p1b: Ursaluna|Hyper Voice|p2b: Ceruledge|[spread] p2a,p2b
|-damage|p2a: Murkrow|0 fnt
|-damage|p2b: Ceruledge|16/100
|faint|p2a: Murkrow
|-damage|p1b: Ursaluna|72/100|[from] item: Life Orb
|
|-weather|SunnyDay|[upkeep]
|upkeep
|
|t:|1757108121
|switch|p1a: Garchomp|Garchomp, L50, M, shiny|100/100
|switch|p2a: Sneasler|Sneasler, L50, F|81/100
|turn|5
|
|t:|1757108143
|move|p1a: Garchomp|Protect|p1a: Garchomp
|-singleturn|p1a: Garchomp|Protect
|move|p1b: Ursaluna|Protect|p1b: Ursaluna
|-singleturn|p1b: Ursaluna|Protect
|move|p2a: Sneasler|Coaching|p2b: Ceruledge
|-boost|p2b: Ceruledge|atk|1
|-boost|p2b: Ceruledge|def|1
|move|p2b: Ceruledge|Bitter Blade|p1b: Ursaluna
|-activate|p1b: Ursaluna|move: Protect
|
|-weather|SunnyDay|[upkeep]
|upkeep
|turn|6
|
|t:|1757108157
|move|p2a: Sneasler|Coaching|p2b: Ceruledge
|-boost|p2b: Ceruledge|atk|1
|-boost|p2b: Ceruledge|def|1
|move|p2b: Ceruledge|Bitter Blade|p1b: Ursaluna
|-damage|p1b: Ursaluna|0 fnt
|-heal|p2b: Ceruledge|61/100|[from] drain|[of] p1b: Ursaluna
|faint|p1b: Ursaluna
|move|p1a: Garchomp|Dragon Claw|p2b: Ceruledge
|-damage|p2b: Ceruledge|29/100
|
|-weather|SunnyDay|[upkeep]
|-sideend|p2: BasedRen|move: Tailwind
|upkeep
|
|t:|1757108160
|switch|p1b: Rillaboom|Rillaboom, L50, F|100/100
|-fieldstart|move: Grassy Terrain|[from] ability: Grassy Surge|[of] p1b: Rillaboom
|turn|7
|
|t:|1757108186
|move|p1b: Rillaboom|Fake Out|p2b: Ceruledge
|-damage|p2b: Ceruledge|18/100
|move|p2a: Sneasler|Dire Claw|p1a: Garchomp
|-resisted|p1a: Garchomp
|-damage|p1a: Garchomp|81/100
|-status|p1a: Garchomp|slp
|-damage|p2a: Sneasler|69/100|[from] ability: Rough Skin|[of] p1a: Garchomp
|cant|p1a: Garchomp|slp
|cant|p2b: Ceruledge|flinch
|
|-weather|SunnyDay|[upkeep]
|-heal|p2a: Sneasler|75/100|[from] Grassy Terrain
|-heal|p1a: Garchomp|87/100 slp|[from] Grassy Terrain
|-heal|p2b: Ceruledge|24/100|[from] Grassy Terrain
|upkeep
|turn|8
|c|☆turbogoddi|ggwp
|-message|turbogoddi forfeited.
|
|win|BasedRen
||turbogoddi is ready for game 2.
