|j|â˜†jeanryupr
|j|â˜†KopeensHobbyShop
|html|jeanryuprKopeensHobbyShop    
|uhtml|bestof|Game 2 of a best-of-3
|t:|1786154071
|gametype|doubles
|player|p1|jeanryupr|1|1273
|player|p2|KopeensHobbyShop|crasherwake|1324
|gen|9
|tier|[Gen 9 Champions] VGC 2026 Reg M-B (Bo3)
|rated|
|rule|Species Clause: Limit one of each PokÃ©mon
|rule|Item Clause: Limit 1 of each item
|clearpoke
|poke|p1|Staraptor, L50, M|
|poke|p1|Glimmora, L50, F|
|poke|p1|Whimsicott, L50, F|
|poke|p1|Kingambit, L50, M|
|poke|p1|Garchomp, L50, M|
|poke|p1|Delphox, L50, M|
|poke|p2|Hydreigon, L50, F|
|poke|p2|Charizard, L50, M|
|poke|p2|Incineroar, L50, F|
|poke|p2|Toxapex, L50, F|
|poke|p2|Gengar, L50, M|
|poke|p2|Garchomp, L50, M|
|teampreview|4
|showteam|p1|Staraptor||Staraptite|Intimidate|CloseCombat,BraveBird,Roost,Protect|Jolly||M|||50|]Glimmora||FocusSash|ToxicDebris|PowerGem,SludgeBomb,EarthPower,SpikyShield|Modest||F|||50|]Whimsicott||OccaBerry|Prankster|Tailwind,Moonblast,Charm,LightScreen|Timid||F|||50|]Kingambit||ChopleBerry|Defiant|KowtowCleave,IronHead,LowKick,SuckerPunch|Adamant||M|||50|]Garchomp||ChoiceScarf|RoughSkin|Earthquake,DragonClaw,RockSlide,StompingTantrum|Adamant||M|||50|]Delphox||Delphoxite|Blaze|HeatWave,Psychic,Encore,Protect|Timid||M|||50|
|showteam|p2|Hydreigon||ChopleBerry|Levitate|Protect,DracoMeteor,Snarl,DarkPulse|Timid||F|||50|]Charizard||CharizarditeY|Blaze|Protect,HeatWave,SolarBeam,WeatherBall|Timid||M|||50|]Incineroar||PasshoBerry|Intimidate|FakeOut,ThroatChop,PartingShot,Protect|Impish||F|||50|]Toxapex||Leftovers|Regenerator|Infestation,Toxic,BanefulBunker,WideGuard|Bold||F|||50|]Gengar||Gengarite|CursedBody|ShadowBall,PerishSong,Disable,Protect|Timid||M|||50|]Garchomp||SitrusBerry|RoughSkin|Earthquake,RockSlide,DragonClaw,Protect|Adamant||M|||50|
|
|t:|1786154128
|teamsize|p1|4
|teamsize|p2|4
|start
|switch|p1a: Kingambit|Kingambit, L50, M|100/100
|switch|p1b: Glimmora|Glimmora, L50, F|100/100
|switch|p2a: Charizard|Charizard, L50, M|100/100
|switch|p2b: Garchomp|Garchomp, L50, M|100/100
|turn|1
|inactive|Battle timer is ON: inactive players will automatically lose when time's up. (requested by KopeensHobbyShop)
|
|t:|1786154149
|move|p2a: Charizard|Protect|p2a: Charizard
|-singleturn|p2a: Charizard|Protect
|move|p1b: Glimmora|Spiky Shield|p1b: Glimmora
|-singleturn|p1b: Glimmora|move: Protect
|move|p1a: Kingambit|Sucker Punch|p2b: Garchomp
|-damage|p2b: Garchomp|64/100
|-damage|p1a: Kingambit|87/100|[from] ability: Rough Skin|[of] p2b: Garchomp
|move|p2b: Garchomp|Earthquake|p1a: Kingambit|[spread] p1a
|-activate|p2a: Charizard|move: Protect
|-activate|p1b: Glimmora|move: Protect
|-supereffective|p1a: Kingambit|1
|-damage|p1a: Kingambit|27/100
|
|upkeep
|turn|2
|
|t:|1786154169
|switch|p2a: Hydreigon|Hydreigon, L50, F|100/100
|move|p1a: Kingambit|Sucker Punch|p2b: Garchomp
|-damage|p2b: Garchomp|29/100
|-damage|p1a: Kingambit|14/100|[from] ability: Rough Skin|[of] p2b: Garchomp
|-enditem|p2b: Garchomp|Sitrus Berry|[eat]
|-heal|p2b: Garchomp|54/100|[from] item: Sitrus Berry
|move|p1b: Glimmora|Power Gem|p2a: Hydreigon
|-damage|p2a: Hydreigon|45/100
|move|p2b: Garchomp|Earthquake|p1a: Kingambit|[spread] p1a,p1b
|-immune|p2a: Hydreigon|[from] ability: Levitate
|-supereffective|p1a: Kingambit|1
|-supereffective|p1b: Glimmora|2
|-damage|p1a: Kingambit|0 fnt
|-enditem|p1b: Glimmora|Focus Sash
|-damage|p1b: Glimmora|1/100
|-activate|p1b: Glimmora|ability: Toxic Debris
|-sidestart|p2: KopeensHobbyShop|move: Toxic Spikes
|faint|p1a: Kingambit
|
|upkeep
|
|t:|1786154181
|switch|p1a: Whimsicott|Whimsicott, L50, F|100/100
|turn|3
|
|t:|1786154196
|switch|p2a: Toxapex|Toxapex, L50, F|100/100
|-sideend|p2: KopeensHobbyShop|move: Toxic Spikes|[of] p2a: Toxapex
|move|p1b: Glimmora|Spiky Shield|p1b: Glimmora
|-singleturn|p1b: Glimmora|move: Protect
|move|p1a: Whimsicott|Moonblast|p2b: Garchomp
|-supereffective|p2b: Garchomp|1
|-damage|p2b: Garchomp|5/100
|move|p2b: Garchomp|Rock Slide|p1a: Whimsicott|[spread] p1a
|-activate|p1b: Glimmora|move: Protect
|-damage|p1a: Whimsicott|80/100
|
|upkeep
|turn|4
|
|t:|1786154213
|move|p1a: Whimsicott|Tailwind|p1a: Whimsicott
|-sidestart|p1: jeanryupr|move: Tailwind
|move|p1b: Glimmora|Earth Power|p2a: Toxapex
|-supereffective|p2a: Toxapex|1
|-damage|p2a: Toxapex|43/100
|move|p2b: Garchomp|Rock Slide|p1a: Whimsicott|[spread] p1b
|-miss|p2b: Garchomp|p1a: Whimsicott
|-damage|p1b: Glimmora|0 fnt
|-activate|p1b: Glimmora|ability: Toxic Debris
|-sidestart|p2: KopeensHobbyShop|move: Toxic Spikes
|faint|p1b: Glimmora
|move|p2a: Toxapex|Infestation|p1a: Whimsicott
|-crit|p1a: Whimsicott
|-damage|p1a: Whimsicott|74/100
|-activate|p1a: Whimsicott|move: Infestation|[of] p2a: Toxapex
|
|-heal|p2a: Toxapex|49/100|[from] item: Leftovers
|-damage|p1a: Whimsicott|62/100|[from] move: Infestation|[partiallytrapped]
|upkeep
|
|t:|1786154219
|switch|p1b: Staraptor|Staraptor, L50, M|100/100
|-ability|p1b: Staraptor|Intimidate|boost
|-unboost|p2a: Toxapex|atk|1
|-unboost|p2b: Garchomp|atk|1
|turn|5
|inactive|KopeensHobbyShop has 30 seconds left.
|
|t:|1786154250
|detailschange|p1b: Staraptor|Staraptor-Mega, L50, M
|-mega|p1b: Staraptor|Staraptor|Staraptite
|move|p2a: Toxapex|Baneful Bunker|p2a: Toxapex
|-singleturn|p2a: Toxapex|move: Protect
|move|p1b: Staraptor|Close Combat|p2a: Toxapex
|-activate|p2a: Toxapex|move: Protect
|-status|p1b: Staraptor|psn
|move|p1a: Whimsicott|Moonblast|p2b: Garchomp
|-supereffective|p2b: Garchomp|1
|-damage|p2b: Garchomp|0 fnt
|faint|p2b: Garchomp
|
|-heal|p2a: Toxapex|55/100|[from] item: Leftovers
|-damage|p1b: Staraptor|87/100 psn|[from] psn
|-damage|p1a: Whimsicott|50/100g|[from] move: Infestation|[partiallytrapped]
|upkeep
|
|t:|1786154268
|switch|p2b: Charizard|Charizard, L50, M|100/100
|turn|6
|
|t:|1786154277
|-heal|p2a: Toxapex|88/100|[from] ability: Regenerator|[silent]
|switch|p2a: Hydreigon|Hydreigon, L50, F|45/100
|move|p2b: Charizard|Protect|p2b: Charizard
|-singleturn|p2b: Charizard|Protect
|move|p1a: Whimsicott|Charm|p1b: Staraptor
|-boost|p1b: Staraptor|atk|2
|move|p1b: Staraptor|Close Combat|p2a: Hydreigon
|-supereffective|p2a: Hydreigon|1
|-enditem|p2a: Hydreigon|Chople Berry|[eat]
|-enditem|p2a: Hydreigon|Chople Berry|[weaken]
|-damage|p2a: Hydreigon|0 fnt
|-boost|p1b: Staraptor|def|1
|-boost|p1b: Staraptor|spd|1
|faint|p2a: Hydreigon
|
|-damage|p1b: Staraptor|75/100 psn|[from] psn
|-end|p1a: Whimsicott|Infestation|[partiallytrapped]|[silent]
|upkeep
|
|t:|1786154290
|switch|p2a: Toxapex|Toxapex, L50, F|88/100
|-sideend|p2: KopeensHobbyShop|move: Toxic Spikes|[of] p2a: Toxapex
|turn|7
|
|t:|1786154300
|detailschange|p2b: Charizard|Charizard-Mega-Y, L50, M
|-mega|p2b: Charizard|Charizard|Charizardite Y
|-weather|SunnyDay|[from] ability: Drought|[of] p2b: Charizard
|move|p1a: Whimsicott|Charm|p1b: Staraptor
|-boost|p1b: Staraptor|atk|2
|move|p1b: Staraptor|Brave Bird|p2b: Charizard
|-damage|p2b: Charizard|0 fnt
|faint|p2b: Charizard
|-damage|p1b: Staraptor|46/100 psn|[from] Recoil
|move|p2a: Toxapex|Infestation|p1b: Staraptor
|-resisted|p1b: Staraptor|2
|-damage|p1b: Staraptor|45/100 psn
|-activate|p1b: Staraptor|move: Infestation|[of] p2a: Toxapex
|
|-weather|SunnyDay|[upkeep]
|-heal|p2a: Toxapex|94/100|[from] item: Leftovers
|-damage|p1b: Staraptor|33/100 psn|[from] psn
|-damage|p1b: Staraptor|21/100 psn|[from] move: Infestation|[partiallytrapped]
|-sideend|p1: jeanryupr|move: Tailwind
|upkeep
|turn|8
|
|t:|1786154319
|move|p1a: Whimsicott|Tailwind|p1a: Whimsicott
|-sidestart|p1: jeanryupr|move: Tailwind
|move|p1b: Staraptor|Roost|p1b: Staraptor
|-heal|p1b: Staraptor|71/100 psn
|-singleturn|p1b: Staraptor|move: Roost
|move|p2a: Toxapex|Toxic|p1a: Whimsicott
|-status|p1a: Whimsicott|tox
|
|-weather|SunnyDay|[upkeep]
|-heal|p2a: Toxapex|100/100|[from] item: Leftovers
|-damage|p1b: Staraptor|59/100 psn|[from] psn
|-damage|p1a: Whimsicott|44/100 tox|[from] psn
|-damage|p1b: Staraptor|47/100 psn|[from] move: Infestation|[partiallytrapped]
|upkeep
|turn|9
|-message|KopeensHobbyShop forfeited.
|
|win|jeanryupr
