|j|☆DrinksPhatetic
|j|☆ursear_vgc
|html|DrinksPhateticursear_vgc    
|uhtml|bestof|Game 1 of a best-of-3
|t:|1784365490
|gametype|doubles
|player|p1|DrinksPhatetic|acetrainer-gen4dp|1078
|player|p2|ursear_vgc|giovanni|1156
|gen|9
|tier|[Gen 9 Champions] VGC 2026 Reg M-B (Bo3)
|rated|
|rule|Species Clause: Limit one of each Pokémon
|rule|Item Clause: Limit 1 of each item
|clearpoke
|poke|p1|Venusaur, L50, M|
|poke|p1|Milotic, L50, F|
|poke|p1|Sableye, L50, M|
|poke|p1|Sylveon, L50, F|
|poke|p1|Kleavor, L50, M|
|poke|p1|Hydreigon, L50, M|
|poke|p2|Charizard, L50, F|
|poke|p2|Farigiraf, L50, F|
|poke|p2|Venusaur, L50, F|
|poke|p2|Garchomp, L50, M|
|poke|p2|Incineroar, L50, F|
|poke|p2|Sylveon, L50, M|
|teampreview|4
|showteam|p1|Venusaur||Venusaurite|Chlorophyll|EarthPower,GigaDrain,SludgeBomb,Protect|Modest||M|||50|]Milotic||Leftovers|Competitive|Protect,Scald,IceBeam,Recover|Bold||F|||50|]Sableye||LightClay|Prankster|Disable,FakeOut,Reflect,LightScreen|Calm||M|||50|]Sylveon||FairyFeather|Pixilate|HyperBeam,QuickAttack,HyperVoice,Protect|Modest||F|||50|]Kleavor||FocusSash|Sharpness|StoneAxe,XScissor,Tailwind,Protect|Jolly||M|||50|]Hydreigon||ChoiceScarf|Levitate|DragonPulse,DarkPulse,HeatWave,FlashCannon|Modest||M|||50|
|showteam|p2|Charizard||CharizarditeY|Blaze|HeatWave,WeatherBall,SolarBeam,Protect|Modest||F|||50|]Farigiraf||ColburBerry|ArmorTail|Psychic,Thunderbolt,HelpingHand,TrickRoom|Bold||F|||50|]Venusaur||FocusSash|Chlorophyll|LeafStorm,SludgeBomb,SleepPowder,Protect|Modest||F|||50|]Garchomp||LifeOrb|RoughSkin|RockSlide,DragonClaw,Earthquake,Protect|Jolly||M|||50|]Incineroar||SitrusBerry|Intimidate|FlareBlitz,DarkestLariat,PartingShot,FakeOut|Impish||F|||50|]Sylveon||FairyFeather|Pixilate|HyperVoice,HyperBeam,QuickAttack,Protect|Modest||M|||50|
|inactive|Battle timer is ON: inactive players will automatically lose when time's up. (requested by DrinksPhatetic)
|inactive|ursear_vgc has 60 seconds left.
|inactive|ursear_vgc has 30 seconds left.
|inactive|ursear_vgc has 20 seconds left.
|inactive|ursear_vgc has 15 seconds left.
|inactive|ursear_vgc has 10 seconds left.
|inactive|ursear_vgc has 5 seconds left.
|
|t:|1784365580
|teamsize|p1|4
|teamsize|p2|4
|start
|switch|p1a: Sableye|Sableye, L50, M|100/100
|switch|p1b: Kleavor|Kleavor, L50, M|100/100
|switch|p2a: Charizard|Charizard, L50, F|100/100
|switch|p2b: Venusaur|Venusaur, L50, F|100/100
|turn|1
|c|☆ursear_vgc|glhf
|inactive|DrinksPhatetic has 30 seconds left.
|inactive|ursear_vgc has 30 seconds left.
|
|t:|1784365608
|detailschange|p2a: Charizard|Charizard-Mega-Y, L50, F
|-mega|p2a: Charizard|Charizard|Charizardite Y
|-weather|SunnyDay|[from] ability: Drought|[of] p2a: Charizard
|move|p2b: Venusaur|Protect|p2b: Venusaur
|-singleturn|p2b: Venusaur|Protect
|move|p2a: Charizard|Protect|p2a: Charizard
|-singleturn|p2a: Charizard|Protect
|move|p1a: Sableye|Fake Out|p2a: Charizard
|-activate|p2a: Charizard|move: Protect
|move|p1b: Kleavor|Tailwind|p1b: Kleavor
|-sidestart|p1: DrinksPhatetic|move: Tailwind
|
|-weather|SunnyDay|[upkeep]
|upkeep
|turn|2
|inactive|ursear_vgc has 30 seconds left.
|inactive|ursear_vgc has 20 seconds left.
|
|t:|1784365647
|switch|p2a: Garchomp|Garchomp, L50, M|100/100
|move|p1a: Sableye|Light Screen|p1a: Sableye
|-sidestart|p1: DrinksPhatetic|move: Light Screen
|move|p1b: Kleavor|Stone Axe|p2a: Garchomp
|-resisted|p2a: Garchomp|1
|-damage|p2a: Garchomp|71/100
|-damage|p1b: Kleavor|87/100|[from] ability: Rough Skin|[of] p2a: Garchomp
|-sidestart|p2: ursear_vgc|move: Stealth Rock
|move|p2b: Venusaur|Sleep Powder|p1b: Kleavor
|-status|p1b: Kleavor|slp|[from] move: Sleep Powder
|
|-weather|SunnyDay|[upkeep]
|upkeep
|turn|3
|inactive|ursear_vgc has 30 seconds left.
|
|t:|1784365676
|move|p1a: Sableye|Reflect|p1a: Sableye
|-sidestart|p1: DrinksPhatetic|Reflect
|cant|p1b: Kleavor|slp
|move|p2b: Venusaur|Sleep Powder|p1a: Sableye
|-status|p1a: Sableye|slp|[from] move: Sleep Powder
|move|p2a: Garchomp|Rock Slide|p1b: Kleavor|[spread] p1a,p1b
|-supereffective|p1b: Kleavor|1
|-damage|p1a: Sableye|77/100 slp
|-damage|p1b: Kleavor|42/100 slp
|-damage|p2a: Garchomp|61/100|[from] item: Life Orb
|
|-weather|SunnyDay|[upkeep]
|upkeep
|turn|4
|
|t:|1784365701
|cant|p1a: Sableye|slp
|cant|p1b: Kleavor|slp
|move|p2b: Venusaur|Leaf Storm|p1a: Sableye|[miss]
|-miss|p2b: Venusaur|p1a: Sableye
|move|p2a: Garchomp|Rock Slide|p1b: Kleavor|[spread] p1a,p1b
|-supereffective|p1b: Kleavor|1
|-damage|p1a: Sableye|56/100 slp
|-damage|p1b: Kleavor|1/100 slp
|-damage|p2a: Garchomp|51/100|[from] item: Life Orb
|
|-weather|SunnyDay|[upkeep]
|-sideend|p1: DrinksPhatetic|move: Tailwind
|upkeep
|turn|5
|inactive|ursear_vgc has 30 seconds left.
|
|t:|1784365727
|cant|p1a: Sableye|slp
|move|p2b: Venusaur|Leaf Storm|p1a: Sableye
|-damage|p1a: Sableye|9/100 slp
|-unboost|p2b: Venusaur|spa|2
|move|p2a: Garchomp|Rock Slide|p1a: Sableye|[spread] p1b
|-miss|p2a: Garchomp|p1a: Sableye
|-supereffective|p1b: Kleavor|1
|-damage|p1b: Kleavor|0 fnt
|faint|p1b: Kleavor
|-damage|p2a: Garchomp|42/100|[from] item: Life Orb
|
|-weather|none
|upkeep
|
|t:|1784365738
|switch|p1b: Milotic|Milotic, L50, F|100/100
|turn|6
|
|t:|1784365755
|-curestatus|p1a: Sableye|slp|[msg]
|move|p1a: Sableye|Disable|p2b: Venusaur
|-start|p2b: Venusaur|Disable|Leaf Storm
|move|p2a: Garchomp|Rock Slide|p1a: Sableye|[spread] p1a,p1b
|-damage|p1a: Sableye|0 fnt
|-damage|p1b: Milotic|87/100
|faint|p1a: Sableye
|-damage|p2a: Garchomp|32/100|[from] item: Life Orb
|move|p2b: Venusaur|Sleep Powder|p1b: Milotic
|-status|p1b: Milotic|slp|[from] move: Sleep Powder
|cant|p1b: Milotic|slp
|
|-heal|p1b: Milotic|93/100 slp|[from] item: Leftovers
|upkeep
|
|t:|1784365768
|switch|p1a: Venusaur|Venusaur, L50, M|100/100
|turn|7
|c|☆DrinksPhatetic|3 sleps
|c|☆DrinksPhatetic|Luck
|inactive|ursear_vgc has 30 seconds left.
|-message|DrinksPhatetic forfeited.
|
|win|ursear_vgc
|l|☆DrinksPhatetic
|player|p1|
||DrinksPhatetic is ready for game 2.
||ursear_vgc is ready for game 2.
|uhtml|next|Next: Game 2 of 3
