|j|☆yuriquars
|j|☆PugBurro
|html|yuriquarsPugBurro    
|uhtml|bestof|Game 3 of a best-of-3
|t:|1756826450
|gametype|doubles
|player|p1|yuriquars|lass-gen4dp|
|player|p2|PugBurro|red|
|gen|9
|tier|[Gen 9] VGC 2025 Reg H (Bo3)
|rule|Species Clause: Limit one of each Pokémon
|rule|Item Clause: Limit 1 of each item
|clearpoke
|poke|p1|Archaludon, L50, M|
|poke|p1|Rillaboom, L50, M|
|poke|p1|Basculegion, L50, M|
|poke|p1|Pelipper, L50, F|
|poke|p1|Incineroar, L50, F|
|poke|p1|Murkrow, L50, M|
|poke|p2|Archaludon, L50, F|
|poke|p2|Pelipper, L50, F|
|poke|p2|Basculegion, L50, M|
|poke|p2|Sneasler, L50, M|
|poke|p2|Amoonguss, L50, F|
|poke|p2|Maushold, L50|
|teampreview|4
|showteam|p1|Archaludon||AssaultVest|Stamina|ElectroShot,DragonPulse,FlashCannon,BodyPress|||M|||50|,,,,,Grass]Rillaboom||LoadedDice|GrassySurge|BulletSeed,GrassyGlide,FakeOut,HighHorsepower|||M|||50|,,,,,Fire]Basculegion||ChoiceBand|SwiftSwim|WaveCrash,LastRespects,FlipTurn,AquaJet|||M|||50|,,,,,Grass]Pelipper||FocusSash|Drizzle|WeatherBall,Hurricane,Tailwind,Protect|||F|||50|,,,,,Stellar]Incineroar||SafetyGoggles|Intimidate|FakeOut,KnockOff,Taunt,PartingShot|||F|||50|,,,,,Ghost]Murkrow||Eviolite|Prankster|RainDance,FoulPlay,Haze,Tailwind|||M|||50|,,,,,Ghost
|showteam|p2|Archaludon||AssaultVest|Stamina|ElectroShot,DracoMeteor,FlashCannon,BodyPress|||F|||50|,,,,,Fairy]Pelipper||CovertCloak|Drizzle|WeatherBall,Hurricane,Tailwind,Protect|||F|||50|,,,,,Steel]Basculegion||MysticWater|SwiftSwim|WaveCrash,LastRespects,AquaJet,Protect|||M|||50|,,,,,Grass]Sneasler||FocusSash|Unburden|CloseCombat,DireClaw,FakeOut,Protect|||M|||50|,,,,,Stellar]Amoonguss||SitrusBerry|Regenerator|Spore,RagePowder,PollenPuff,ClearSmog|||F|||50|,,,,,Water]Maushold||WideLens|Technician|PopulationBomb,FollowMe,Taunt,Protect||||||50|,,,,,Ghost
|c|☆PugBurro|quis testar
|
|t:|1756826459
|teamsize|p1|4
|teamsize|p2|4
|start
|switch|p1a: Rillaboom|Rillaboom, L50, M|100/100
|switch|p1b: Murkrow|Murkrow, L50, M|100/100
|switch|p2a: Sneasler|Sneasler, L50, M, shiny|100/100
|switch|p2b: Amoonguss|Amoonguss, L50, F, shiny|100/100
|-fieldstart|move: Grassy Terrain|[from] ability: Grassy Surge|[of] p1a: Rillaboom
|turn|1
|
|t:|1756826475
|switch|p1b: Incineroar|Incineroar, L50, F|100/100
|-ability|p1b: Incineroar|Intimidate|boost
|-unboost|p2a: Sneasler|atk|1
|-unboost|p2b: Amoonguss|atk|1
|move|p2a: Sneasler|Fake Out|p1a: Rillaboom
|-damage|p1a: Rillaboom|90/100
|cant|p1a: Rillaboom|flinch
|move|p2b: Amoonguss|Spore|p1b: Incineroar
|-activate|p1b: Incineroar|item: Safety Goggles|Spore
|
|-heal|p1a: Rillaboom|96/100|[from] Grassy Terrain
|upkeep
|turn|2
|
|t:|1756826500
|switch|p2a: Archaludon|Archaludon, L50, F, shiny|100/100
|switch|p1b: Archaludon|Archaludon, L50, M|100/100
|move|p1a: Rillaboom|Bullet Seed|p1b: Archaludon
|-resisted|p1b: Archaludon
|-damage|p1b: Archaludon|98/100
|-ability|p1b: Archaludon|Stamina|boost
|-boost|p1b: Archaludon|def|1
|-resisted|p1b: Archaludon
|-damage|p1b: Archaludon|96/100
|-ability|p1b: Archaludon|Stamina|boost
|-boost|p1b: Archaludon|def|1
|-resisted|p1b: Archaludon
|-damage|p1b: Archaludon|94/100
|-ability|p1b: Archaludon|Stamina|boost
|-boost|p1b: Archaludon|def|1
|-resisted|p1b: Archaludon
|-damage|p1b: Archaludon|93/100
|-ability|p1b: Archaludon|Stamina|boost
|-boost|p1b: Archaludon|def|1
|-hitcount|p1b: Archaludon|4
|move|p2b: Amoonguss|Pollen Puff|p2a: Archaludon
|
|-heal|p1a: Rillaboom|100/100|[from] Grassy Terrain
|-heal|p1b: Archaludon|99/100|[from] Grassy Terrain
|upkeep
|turn|3
|c|☆PugBurro|pode parar com essa merda por favor
|
|t:|1756826542
|switch|p1a: Murkrow|Murkrow, L50, M|100/100
|switch|p2a: Pelipper|Pelipper, L50, F, shiny|100/100
|-weather|RainDance|[from] ability: Drizzle|[of] p2a: Pelipper
|-terastallize|p1b: Archaludon|Grass
|move|p1b: Archaludon|Flash Cannon|p2a: Pelipper
|-resisted|p2a: Pelipper
|-damage|p2a: Pelipper|74/100
|move|p2b: Amoonguss|Spore|p1b: Archaludon
|-immune|p1b: Archaludon
|
|-weather|RainDance|[upkeep]
|-heal|p1b: Archaludon|100/100|[from] Grassy Terrain
|upkeep
|turn|4
|c|☆PugBurro|clica haze aí
|c|☆PugBurro|p ver um ngc
|
|t:|1756826572
|switch|p1a: Incineroar|Incineroar, L50, F|100/100
|-ability|p1a: Incineroar|Intimidate|boost
|-unboost|p2a: Pelipper|atk|1
|-unboost|p2b: Amoonguss|atk|1
|move|p2a: Pelipper|Protect|p2a: Pelipper
|-singleturn|p2a: Pelipper|Protect
|move|p1b: Archaludon|Electro Shot||[still]
|-prepare|p1b: Archaludon|Electro Shot
|-boost|p1b: Archaludon|spa|1
|-anim|p1b: Archaludon|Electro Shot|p2a: Pelipper
|-activate|p2a: Pelipper|move: Protect
|move|p2b: Amoonguss|Clear Smog|p1b: Archaludon
|-supereffective|p1b: Archaludon
|-damage|p1b: Archaludon|76/100
|-clearboost|p1b: Archaludon
|-ability|p1b: Archaludon|Stamina|boost
|-boost|p1b: Archaludon|def|1
|
|-weather|RainDance|[upkeep]
|-heal|p1b: Archaludon|82/100|[from] Grassy Terrain
|upkeep
|turn|5
|
|t:|1756826591
|switch|p2a: Archaludon|Archaludon, L50, F, shiny|100/100
|switch|p1a: Rillaboom|Rillaboom, L50, M|100/100
|move|p1b: Archaludon|Electro Shot||[still]
|-prepare|p1b: Archaludon|Electro Shot
|-boost|p1b: Archaludon|spa|1
|-anim|p1b: Archaludon|Electro Shot|p2a: Archaludon
|-resisted|p2a: Archaludon
|-damage|p2a: Archaludon|79/100
|-ability|p2a: Archaludon|Stamina|boost
|-boost|p2a: Archaludon|def|1
|move|p2b: Amoonguss|Clear Smog|p1b: Archaludon
|-supereffective|p1b: Archaludon
|-damage|p1b: Archaludon|60/100
|-clearboost|p1b: Archaludon
|-ability|p1b: Archaludon|Stamina|boost
|-boost|p1b: Archaludon|def|1
|
|-weather|RainDance|[upkeep]
|-heal|p2a: Archaludon|85/100|[from] Grassy Terrain
|-heal|p1b: Archaludon|66/100|[from] Grassy Terrain
|-fieldend|move: Grassy Terrain
|upkeep
|turn|6
|
|t:|1756826616
|move|p1a: Rillaboom|Fake Out|p2b: Amoonguss
|-damage|p2b: Amoonguss|90/100
|move|p2a: Archaludon|Draco Meteor|p1b: Archaludon
|-damage|p1b: Archaludon|27/100
|-unboost|p2a: Archaludon|spa|2
|-ability|p1b: Archaludon|Stamina|boost
|-boost|p1b: Archaludon|def|1
|move|p1b: Archaludon|Body Press|p2a: Archaludon
|-supereffective|p2a: Archaludon
|-damage|p2a: Archaludon|37/100
|-ability|p2a: Archaludon|Stamina|boost
|-boost|p2a: Archaludon|def|1
|cant|p2b: Amoonguss|flinch
|
|-weather|RainDance|[upkeep]
|upkeep
|turn|7
|
|t:|1756826677
|move|p1a: Rillaboom|High Horsepower|p2a: Archaludon
|-supereffective|p2a: Archaludon
|-damage|p2a: Archaludon|12/100
|-ability|p2a: Archaludon|Stamina|boost
|-boost|p2a: Archaludon|def|1
|move|p2a: Archaludon|Body Press|p1b: Archaludon
|-damage|p1b: Archaludon|5/100
|-ability|p1b: Archaludon|Stamina|boost
|-boost|p1b: Archaludon|def|1
|move|p1b: Archaludon|Dragon Pulse|p2a: Archaludon
|-damage|p2a: Archaludon|0 fnt
|faint|p2a: Archaludon
|move|p2b: Amoonguss|Pollen Puff|p2: Archaludon|[notarget]
|-fail|p2b: Amoonguss
|
|-weather|none
|upkeep
|c|☆PugBurro|como isso ta vivo
|
|t:|1756826691
|switch|p2a: Sneasler|Sneasler, L50, M, shiny|100/100
|turn|8
|
|t:|1756826704
|switch|p1b: Incineroar|Incineroar, L50, F|100/100
|-ability|p1b: Incineroar|Intimidate|boost
|-unboost|p2a: Sneasler|atk|1
|-unboost|p2b: Amoonguss|atk|1
|-terastallize|p2a: Sneasler|Stellar
|move|p2a: Sneasler|Close Combat|p1a: Rillaboom
|-damage|p1a: Rillaboom|37/100
|-unboost|p2a: Sneasler|def|1
|-unboost|p2a: Sneasler|spd|1
|move|p1a: Rillaboom|High Horsepower|p2a: Sneasler
|-supereffective|p2a: Sneasler
|-enditem|p2a: Sneasler|Focus Sash
|-damage|p2a: Sneasler|1/100
|move|p2b: Amoonguss|Pollen Puff|p1b: Incineroar
|-damage|p1b: Incineroar|87/100
|
|upkeep
|turn|9
|
|t:|1756826724
|switch|p2a: Pelipper|Pelipper, L50, F, shiny|74/100
|-weather|RainDance|[from] ability: Drizzle|[of] p2a: Pelipper
|switch|p1a: Murkrow|Murkrow, L50, M|100/100
|move|p1b: Incineroar|Fake Out|p2a: Pelipper
|-crit|p2a: Pelipper
|-damage|p2a: Pelipper|56/100
|move|p2b: Amoonguss|Pollen Puff|p1a: Murkrow
|-damage|p1a: Murkrow|80/100
|
|-weather|RainDance|[upkeep]
|upkeep
|turn|10
|
|t:|1756826763
|move|p1a: Murkrow|Tailwind|p1a: Murkrow
|-sidestart|p1: yuriquars|move: Tailwind
|move|p1b: Incineroar|Taunt|p2a: Pelipper
|-start|p2a: Pelipper|move: Taunt
|cant|p2a: Pelipper|move: Taunt|Tailwind
|move|p2b: Amoonguss|Spore|p1a: Murkrow
|-status|p1a: Murkrow|slp|[from] move: Spore
|
|-weather|RainDance|[upkeep]
|upkeep
|turn|11
|
|t:|1756826774
|switch|p1a: Rillaboom|Rillaboom, L50, M|37/100
|-fieldstart|move: Grassy Terrain|[from] ability: Grassy Surge|[of] p1a: Rillaboom
|move|p1b: Incineroar|Knock Off|p2a: Pelipper
|-damage|p2a: Pelipper|11/100
|-enditem|p2a: Pelipper|Covert Cloak|[from] move: Knock Off|[of] p1b: Incineroar
|move|p2a: Pelipper|Weather Ball|p1b: Incineroar
|-supereffective|p1b: Incineroar
|-damage|p1b: Incineroar|0 fnt
|faint|p1b: Incineroar
|move|p2b: Amoonguss|Pollen Puff|p2a: Pelipper
|-heal|p2a: Pelipper|61/100
|
|-weather|RainDance|[upkeep]
|-heal|p1a: Rillaboom|43/100|[from] Grassy Terrain
|-heal|p2b: Amoonguss|96/100|[from] Grassy Terrain
|upkeep
|
|t:|1756826783
|switch|p1b: Archaludon|Archaludon, L50, M, tera:Grass|5/100
|turn|12
|
|t:|1756826793
|move|p1a: Rillaboom|Fake Out|p2b: Amoonguss
|-damage|p2b: Amoonguss|84/100
|move|p1b: Archaludon|Electro Shot||[still]
|-prepare|p1b: Archaludon|Electro Shot
|-boost|p1b: Archaludon|spa|1
|-anim|p1b: Archaludon|Electro Shot|p2a: Pelipper
|-supereffective|p2a: Pelipper
|-damage|p2a: Pelipper|0 fnt
|faint|p2a: Pelipper
|cant|p2b: Amoonguss|flinch
|
|-weather|RainDance|[upkeep]
|-heal|p1a: Rillaboom|49/100|[from] Grassy Terrain
|-heal|p1b: Archaludon|11/100|[from] Grassy Terrain
|-heal|p2b: Amoonguss|90/100|[from] Grassy Terrain
|upkeep
|
|t:|1756826796
|switch|p2a: Sneasler|Sneasler, L50, M, shiny, tera:Stellar|1/100
|turn|13
|
|t:|1756826808
|move|p2a: Sneasler|Protect|p2a: Sneasler
|-singleturn|p2a: Sneasler|Protect
|move|p1a: Rillaboom|Grassy Glide|p2a: Sneasler
|-activate|p2a: Sneasler|move: Protect
|move|p1b: Archaludon|Dragon Pulse|p2b: Amoonguss
|-damage|p2b: Amoonguss|46/100
|-enditem|p2b: Amoonguss|Sitrus Berry|[eat]
|-heal|p2b: Amoonguss|71/100|[from] item: Sitrus Berry
|move|p2b: Amoonguss|Pollen Puff|p1b: Archaludon
|-supereffective|p1b: Archaludon
|-damage|p1b: Archaludon|0 fnt
|faint|p1b: Archaludon
|
|-weather|none
|-heal|p1a: Rillaboom|55/100|[from] Grassy Terrain
|-heal|p2a: Sneasler|7/100|[from] Grassy Terrain
|-heal|p2b: Amoonguss|77/100|[from] Grassy Terrain
|-sideend|p1: yuriquars|move: Tailwind
|upkeep
|
|t:|1756826811
|switch|p1b: Murkrow|Murkrow, L50, M|80/100 slp
|turn|14
|
|t:|1756826820
|move|p2a: Sneasler|Protect||[still]
|-fail|p2a: Sneasler
|move|p1a: Rillaboom|Grassy Glide|p2a: Sneasler
|-resisted|p2a: Sneasler
|-damage|p2a: Sneasler|0 fnt
|faint|p2a: Sneasler
|cant|p1b: Murkrow|slp
|move|p2b: Amoonguss|Pollen Puff|p1a: Rillaboom
|-supereffective|p1a: Rillaboom
|-damage|p1a: Rillaboom|14/100
|
|-heal|p1a: Rillaboom|20/100|[from] Grassy Terrain
|-heal|p2b: Amoonguss|82/100|[from] Grassy Terrain
|upkeep
|turn|15
|
|t:|1756826827
|move|p1a: Rillaboom|High Horsepower|p2b: Amoonguss
|-crit|p2b: Amoonguss
|-damage|p2b: Amoonguss|45/100
|cant|p1b: Murkrow|slp
|move|p2b: Amoonguss|Pollen Puff|p1a: Rillaboom
|-supereffective|p1a: Rillaboom
|-damage|p1a: Rillaboom|0 fnt
|faint|p1a: Rillaboom
|
|-heal|p2b: Amoonguss|51/100|[from] Grassy Terrain
|-fieldend|move: Grassy Terrain
|upkeep
|turn|16
|c|☆PugBurro|crito
|
|t:|1756826836
|cant|p1b: Murkrow|slp
|move|p2b: Amoonguss|Spore|p1b: Murkrow
|-fail|p1b: Murkrow|slp
|
|upkeep
|turn|17
|c|☆PugBurro|droga
|
|t:|1756826841
|-curestatus|p1b: Murkrow|slp|[msg]
|move|p1b: Murkrow|Foul Play|p2b: Amoonguss
|-crit|p2b: Amoonguss
|-damage|p2b: Amoonguss|21/100
|move|p2b: Amoonguss|Spore|p1b: Murkrow
|-status|p1b: Murkrow|slp|[from] move: Spore
|
|upkeep
|turn|18
|c|☆PugBurro|CRITO DNV MALUCO
|
|t:|1756826850
|cant|p1b: Murkrow|slp
|move|p2b: Amoonguss|Pollen Puff|p1b: Murkrow
|-damage|p1b: Murkrow|59/100 slp
|
|upkeep
|turn|19
|
|t:|1756826852
|-curestatus|p1b: Murkrow|slp|[msg]
|move|p1b: Murkrow|Foul Play|p2b: Amoonguss
|-damage|p2b: Amoonguss|13/100
|move|p2b: Amoonguss|Pollen Puff|p1b: Murkrow
|-damage|p1b: Murkrow|40/100
|
|upkeep
|turn|20
|
|t:|1756826855
|move|p1b: Murkrow|Foul Play|p2b: Amoonguss
|-damage|p2b: Amoonguss|5/100
|move|p2b: Amoonguss|Spore|p1b: Murkrow
|-status|p1b: Murkrow|slp|[from] move: Spore
|
|upkeep
|turn|21
|
|t:|1756826859
|cant|p1b: Murkrow|slp
|move|p2b: Amoonguss|Pollen Puff|p1b: Murkrow
|-damage|p1b: Murkrow|18/100 slp
|
|upkeep
|turn|22
|
|t:|1756826867
|-curestatus|p1b: Murkrow|slp|[msg]
|move|p1b: Murkrow|Foul Play|p2b: Amoonguss
|-damage|p2b: Amoonguss|0 fnt
|faint|p2b: Amoonguss
|
|win|yuriquars
|c|☆PugBurro|po
|c|☆PugBurro|vsfd
|c|☆PugBurro|bizarro
|c|☆PugBurro|esse game
|c|☆yuriquars|KXDHAKSMDHDKSNDJAKS
|c|☆PugBurro|bizarro
|c|☆PugBurro|bizzaro
|c|☆PugBurro|nao
|c|☆PugBurro|bizarro
|l|☆yuriquars
|player|p1|
