|j|☆drydau
|j|☆pinba2
|html|drydaupinba2    
|uhtml|bestof|Game 1 of a best-of-3
|t:|1756170746
|gametype|doubles
|player|p1|drydau|guitarist|1018
|player|p2|pinba2|nate|1008
|gen|9
|tier|[Gen 9] VGC 2025 Reg H (Bo3)
|rated|
|rule|Species Clause: Limit one of each Pokémon
|rule|Item Clause: Limit 1 of each item
|clearpoke
|poke|p1|Serperior, L50, F|
|poke|p1|Whimsicott, L50, F|
|poke|p1|Typhlosion-Hisui, L50, M|
|poke|p1|Maushold-Four, L50|
|poke|p1|Infernape, L50, F|
|poke|p1|Dragonite, L50, M|
|poke|p2|Annihilape, L50, F|
|poke|p2|Garchomp, L50, M|
|poke|p2|Incineroar, L50, F|
|poke|p2|Whimsicott, L50, F|
|poke|p2|Rillaboom, L50, M|
|poke|p2|Palafin, L50, F|
|teampreview|4
|showteam|p1|Serperior||MiracleSeed|Contrary|LeafStorm,DragonPulse,Protect,SolarBeam|||F|||50|,,,,,Grass]Whimsicott||CovertCloak|Prankster|HelpingHand,Tailwind,SunnyDay,DazzlingGleam|||F|||50|,,,,,Grass]Typhlosion-Hisui||ChoiceSpecs|Blaze|Eruption,HeatWave,ShadowBall,Extrasensory|||M|||50|,,,,,Fire]Maushold-Four||SafetyGoggles|FriendGuard|SunnyDay,Taunt,HelpingHand,SuperFang||||||50|,,,,,Ghost]Infernape||FocusSash|IronFist|MachPunch,CloseCombat,FlareBlitz,FakeOut|||F|||50|,,,,,Fighting]Dragonite||ClearAmulet|Multiscale|DragonClaw,ExtremeSpeed,Tailwind,AerialAce|||M|||50|,,,,,Normal
|showteam|p2|Annihilape||ChoiceScarf|Defiant|IcePunch,PhantomForce,RageFist,CloseCombat|||F|||50|,,,,,Dark]Garchomp||LifeOrb|RoughSkin|DragonClaw,RockSlide,Earthquake,Protect|||M|||50|,,,,,Ground]Incineroar||CovertCloak|Intimidate|FlareBlitz,PartingShot,KnockOff,FakeOut|||F|||50|,,,,,Bug]Whimsicott||FocusSash|Prankster|Encore,Tailwind,Moonblast,TrickRoom|||F|||50|,,,,,Dark]Rillaboom||MiracleSeed|GrassySurge|FakeOut,GrassyGlide,WoodHammer,Taunt|||M|||50|,,,,,Fire]Palafin||MysticWater|ZerotoHero|IcePunch,FlipTurn,Haze,WaveCrash|||F|||50|,,,,,Water
|inactive|Battle timer is ON: inactive players will automatically lose when time's up. (requested by pinba2)
|inactive|drydau has 60 seconds left.
|inactive|pinba2 has 60 seconds left.
|inactive|pinba2 has 30 seconds left.
|inactive|pinba2 has 20 seconds left.
|
|t:|1756170824
|teamsize|p1|4
|teamsize|p2|4
|start
|switch|p1a: Maushold|Maushold-Four, L50|100/100
|switch|p1b: Typhlosion|Typhlosion-Hisui, L50, M|100/100
|switch|p2a: Garchomp|Garchomp, L50, M|100/100
|switch|p2b: Annihilape|Annihilape, L50, F|100/100
|turn|1
|inactive|drydau has 30 seconds left.
|inactive|pinba2 has 30 seconds left.
|inactive|drydau has 20 seconds left.
|inactive|pinba2 has 20 seconds left.
|
|t:|1756170860
|-terastallize|p1b: Typhlosion|Fire
|move|p2b: Annihilape|Rage Fist|p1b: Typhlosion
|-crit|p1b: Typhlosion
|-damage|p1b: Typhlosion|64/100
|move|p1a: Maushold|Sunny Day|p1a: Maushold
|-weather|SunnyDay
|move|p2a: Garchomp|Dragon Claw|p1a: Maushold
|-damage|p1a: Maushold|27/100
|-damage|p2a: Garchomp|91/100|[from] item: Life Orb
|move|p1b: Typhlosion|Eruption|p2a: Garchomp|[spread] p2a,p2b
|-resisted|p2a: Garchomp
|-damage|p2a: Garchomp|34/100
|-damage|p2b: Annihilape|0 fnt
|faint|p2b: Annihilape
|
|-weather|SunnyDay|[upkeep]
|upkeep
|inactive|pinba2 has 30 seconds left.
|inactive|pinba2 has 20 seconds left.
|inactive|pinba2 has 15 seconds left.
|
|t:|1756170901
|switch|p2b: Palafin|Palafin, L50, F|100/100
|turn|2
|inactive|pinba2 has 30 seconds left.
|
|t:|1756170929
|-terastallize|p2a: Garchomp|Ground
|move|p1a: Maushold|Super Fang|p2b: Palafin
|-damage|p2b: Palafin|50/100
|move|p2a: Garchomp|Earthquake|p1a: Maushold|[spread] p2b,p1a,p1b
|-crit|p2b: Palafin
|-supereffective|p1b: Typhlosion
|-damage|p2b: Palafin|0 fnt
|-damage|p1a: Maushold|0 fnt
|-damage|p1b: Typhlosion|0 fnt
|faint|p2b: Palafin
|faint|p1a: Maushold
|faint|p1b: Typhlosion
|-damage|p2a: Garchomp|25/100|[from] item: Life Orb
|
|-weather|SunnyDay|[upkeep]
|upkeep
|
|t:|1756170944
|switch|p1a: Dragonite|Dragonite, L50, M|100/100
|switch|p2b: Incineroar|Incineroar, L50, F|100/100
|switch|p1b: Serperior|Serperior, L50, F|100/100
|-ability|p2b: Incineroar|Intimidate|boost
|-fail|p1a: Dragonite|unboost|[from] item: Clear Amulet|[of] p1a: Dragonite
|-boost|p1b: Serperior|atk|1
|turn|3
|
|t:|1756170960
|move|p1b: Serperior|Protect|p1b: Serperior
|-singleturn|p1b: Serperior|Protect
|move|p2b: Incineroar|Fake Out|p1a: Dragonite
|-damage|p1a: Dragonite|93/100
|move|p2a: Garchomp|Rock Slide|p1b: Serperior|[spread] p1a
|-activate|p1b: Serperior|move: Protect
|-supereffective|p1a: Dragonite
|-damage|p1a: Dragonite|47/100
|-damage|p2a: Garchomp|15/100|[from] item: Life Orb
|cant|p1a: Dragonite|flinch
|
|-weather|SunnyDay|[upkeep]
|upkeep
|turn|4
|
|t:|1756170982
|move|p2a: Garchomp|Rock Slide|p1a: Dragonite|[spread] p1b
|-miss|p2a: Garchomp|p1a: Dragonite
|-damage|p1b: Serperior|69/100
|-damage|p2a: Garchomp|5/100|[from] item: Life Orb
|cant|p1b: Serperior|flinch
|move|p1a: Dragonite|Tailwind|p1a: Dragonite
|-sidestart|p1: drydau|move: Tailwind
|move|p2b: Incineroar|Flare Blitz|p1b: Serperior
|-supereffective|p1b: Serperior
|-damage|p1b: Serperior|0 fnt
|faint|p1b: Serperior
|-damage|p2b: Incineroar|84/100|[from] Recoil
|
|-weather|SunnyDay|[upkeep]
|upkeep
|turn|5
|inactive|pinba2 has 30 seconds left.
|inactive|pinba2 has 20 seconds left.
|inactive|pinba2 has 15 seconds left.
|
|t:|1756171024
|move|p2a: Garchomp|Protect|p2a: Garchomp
|-singleturn|p2a: Garchomp|Protect
|move|p1a: Dragonite|Extreme Speed|p2a: Garchomp
|-activate|p2a: Garchomp|move: Protect
|move|p2b: Incineroar|Knock Off|p1a: Dragonite
|-damage|p1a: Dragonite|0 fnt
|-enditem|p1a: Dragonite|Clear Amulet|[from] move: Knock Off|[of] p2b: Incineroar
|faint|p1a: Dragonite
|
|win|pinba2
|l|☆drydau
|player|p1|
|inactive|drydau has 30 seconds to confirm battle start!
|inactive|pinba2 has 30 seconds to confirm battle start!
