|j|☆bighamsterbaseball
|j|☆crosseczek
|html|bighamsterbaseballcrosseczek    
|uhtml|bestof|Game 3 of a best-of-3
|t:|1784726400
|gametype|doubles
|player|p1|bighamsterbaseball|pokemaniac|1143
|player|p2|crosseczek|265|1337
|gen|9
|tier|[Gen 9 Champions] VGC 2026 Reg M-B (Bo3)
|rated|
|rule|Species Clause: Limit one of each Pokémon
|rule|Item Clause: Limit 1 of each item
|clearpoke
|poke|p1|Glimmora, L50, M|
|poke|p1|Scrafty, L50, F|
|poke|p1|Ceruledge, L50, F|
|poke|p1|Azumarill, L50, F|
|poke|p1|Sinistcha, L50|
|poke|p1|Weavile, L50, F|
|poke|p2|Mawile, L50, M|
|poke|p2|Maushold, L50|
|poke|p2|Whimsicott, L50, F|
|poke|p2|Raichu, L50, M|
|poke|p2|Incineroar, L50, M|
|poke|p2|Farigiraf, L50, F|
|teampreview|4
|showteam|p1|Glimmora||Glimmoranite|ToxicDebris|PowerGem,SludgeBomb,EarthPower,SpikyShield|Modest||M|||50|]Scrafty||Scraftinite|Intimidate|FakeOut,CloseCombat,KnockOff,IcePunch|Adamant||F|||50|]Ceruledge||ColburBerry|FlashFire|BitterBlade,ShadowSneak,BulkUp,Protect|Adamant||F|||50|]Azumarill||SitrusBerry|HugePower|AquaJet,PlayRough,BellyDrum,Protect|Adamant||F|||50|]Sinistcha||OccaBerry|Hospitality|MatchaGotcha,RagePowder,TrickRoom,Protect|Bold|||||50|]Weavile||FocusSash|Pressure|FakeOut,IcicleSpear,KnockOff,UpperHand|Jolly||F|||50|
|showteam|p2|Mawile||Mawilite|HyperCutter|PlayRough,SuckerPunch,SwordsDance,Protect|Brave||M|||50|]Maushold||WideLens|Technician|PopulationBomb,Taunt,FollowMe,Protect|Adamant|||||50|]Whimsicott||FocusSash|Prankster|Moonblast,Encore,Tailwind,Protect|Modest||F|||50|]Raichu||RaichuniteY|LightningRod|ZapCannon,FocusBlast,GrassKnot,Protect|Modest||M|||50|]Incineroar||Charcoal|Intimidate|FlareBlitz,ThroatChop,PartingShot,FakeOut|Adamant||M|||50|]Farigiraf||ColburBerry|ArmorTail|Psychic,Imprison,TrickRoom,Protect|Modest||F|||50|
|
|t:|1784726432
|teamsize|p1|4
|teamsize|p2|4
|start
|switch|p1a: Glimmora|Glimmora, L50, M|100/100
|switch|p1b: Sinistcha|Sinistcha, L50|100/100
|switch|p2a: Raichu|Raichu, L50, M|100/100
|switch|p2b: Whimsicott|Whimsicott, L50, F|100/100
|turn|1
|
|t:|1784726454
|detailschange|p2a: Raichu|Raichu-Mega-Y, L50, M
|-mega|p2a: Raichu|Raichu|Raichunite Y
|detailschange|p1a: Glimmora|Glimmora-Mega, L50, M
|-mega|p1a: Glimmora|Glimmora|Glimmoranite
|move|p1b: Sinistcha|Rage Powder|p1b: Sinistcha
|-singleturn|p1b: Sinistcha|move: Rage Powder
|move|p2a: Raichu|Zap Cannon|p1b: Sinistcha
|-resisted|p1b: Sinistcha|1
|-damage|p1b: Sinistcha|64/100
|-status|p1b: Sinistcha|par
|move|p1a: Glimmora|Sludge Bomb|p2a: Raichu
|-damage|p2a: Raichu|0 fnt
|faint|p2a: Raichu
|move|p2b: Whimsicott|Moonblast|p1a: Glimmora
|-resisted|p1a: Glimmora|1
|-damage|p1a: Glimmora|79/100
|
|upkeep
|
|t:|1784726463
|switch|p2a: Farigiraf|Farigiraf, L50, F|100/100
|turn|2
|
|t:|1784726473
|switch|p1a: Ceruledge|Ceruledge, L50, F|100/100
|move|p2b: Whimsicott|Moonblast|p1b: Sinistcha
|-damage|p1b: Sinistcha|24/100 par
|move|p2a: Farigiraf|Psychic|p1b: Sinistcha
|-damage|p1b: Sinistcha|0 fnt
|faint|p1b: Sinistcha
|
|upkeep
|
|t:|1784726484
|switch|p1b: Azumarill|Azumarill, L50, F|100/100
|turn|3
|
|t:|1784726493
|move|p2b: Whimsicott|Moonblast|p1b: Azumarill
|-damage|p1b: Azumarill|57/100
|move|p1a: Ceruledge|Bitter Blade|p2a: Farigiraf
|-damage|p2a: Farigiraf|55/100
|move|p2a: Farigiraf|Psychic|p1b: Azumarill
|-damage|p1b: Azumarill|19/100
|-enditem|p1b: Azumarill|Sitrus Berry|[eat]
|-heal|p1b: Azumarill|44/100|[from] item: Sitrus Berry
|move|p1b: Azumarill|Play Rough|p2a: Farigiraf
|-damage|p2a: Farigiraf|1/100
|
|upkeep
|turn|4
|
|t:|1784726527
|move|p2b: Whimsicott|Tailwind|p2b: Whimsicott
|-sidestart|p2: crosseczek|move: Tailwind
|move|p2a: Farigiraf|Psychic|p1a: Ceruledge
|-damage|p1a: Ceruledge|55/100
|move|p1a: Ceruledge|Bitter Blade|p2a: Farigiraf
|-damage|p2a: Farigiraf|0 fnt
|-heal|p1a: Ceruledge|55/100|[from] drain|[of] p2a: Farigiraf
|faint|p2a: Farigiraf
|move|p1b: Azumarill|Play Rough|p2b: Whimsicott
|-damage|p2b: Whimsicott|23/100
|
|upkeep
|
|t:|1784726534
|switch|p2a: Incineroar|Incineroar, L50, M|100/100
|-ability|p2a: Incineroar|Intimidate|boost
|-unboost|p1a: Ceruledge|atk|1
|-unboost|p1b: Azumarill|atk|1
|turn|5
|
|t:|1784726563
|move|p2b: Whimsicott|Protect|p2b: Whimsicott
|-singleturn|p2b: Whimsicott|Protect
|move|p1a: Ceruledge|Shadow Sneak|p2b: Whimsicott
|-activate|p2b: Whimsicott|move: Protect
|move|p1b: Azumarill|Aqua Jet|p2b: Whimsicott
|-activate|p2b: Whimsicott|move: Protect
|move|p2a: Incineroar|Throat Chop|p1a: Ceruledge
|-supereffective|p1a: Ceruledge|1
|-enditem|p1a: Ceruledge|Colbur Berry|[eat]
|-enditem|p1a: Ceruledge|Colbur Berry|[weaken]
|-damage|p1a: Ceruledge|8/100
|-start|p1a: Ceruledge|Throat Chop|[silent]
|
|upkeep
|turn|6
|
|t:|1784726574
|move|p2b: Whimsicott|Protect||[still]
|-fail|p2b: Whimsicott
|move|p1a: Ceruledge|Shadow Sneak|p2b: Whimsicott
|-damage|p2b: Whimsicott|5/100
|move|p1b: Azumarill|Aqua Jet|p2b: Whimsicott
|-resisted|p2b: Whimsicott|1
|-damage|p2b: Whimsicott|0 fnt
|faint|p2b: Whimsicott
|move|p2a: Incineroar|Throat Chop|p1a: Ceruledge
|-supereffective|p1a: Ceruledge|1
|-damage|p1a: Ceruledge|0 fnt
|faint|p1a: Ceruledge
|
|upkeep
|
|t:|1784726578
|switch|p1a: Glimmora|Glimmora-Mega, L50, M|79/100
|turn|7
|
|t:|1784726582
|move|p1b: Azumarill|Aqua Jet|p2a: Incineroar
|-supereffective|p2a: Incineroar|1
|-damage|p2a: Incineroar|67/100
|move|p2a: Incineroar|Flare Blitz|p1a: Glimmora
|-resisted|p1a: Glimmora|1
|-damage|p1a: Glimmora|36/100
|-damage|p2a: Incineroar|55/100|[from] Recoil
|move|p1a: Glimmora|Power Gem|p2a: Incineroar
|-supereffective|p2a: Incineroar|1
|-damage|p2a: Incineroar|0 fnt
|faint|p2a: Incineroar
|
|win|bighamsterbaseball
|raw|bighamsterbaseball's rating: 1143 → 1181(+38 for winning)
|raw|crosseczek's rating: 1337 → 1307(-30 for losing)
