|j|☆NBZ-H
|j|☆pawmifleet
|html|NBZ-Hpawmifleet    
|uhtml|bestof|Game 2 of a best-of-3
|t:|1784071324
|gametype|doubles
|player|p1|NBZ-H|102|1148
|player|p2|pawmifleet|fisherman-gen4|1147
|gen|9
|tier|[Gen 9 Champions] VGC 2026 Reg M-B (Bo3)
|rated|
|rule|Species Clause: Limit one of each Pokémon
|rule|Item Clause: Limit 1 of each item
|clearpoke
|poke|p1|Blastoise, L50, M|
|poke|p1|Incineroar, L50, M|
|poke|p1|Sinistcha, L50|
|poke|p1|Quaquaval, L50, M|
|poke|p1|Raichu, L50, F|
|poke|p1|Sylveon, L50, F|
|poke|p2|Incineroar, L50, M|
|poke|p2|Venusaur, L50, M|
|poke|p2|Charizard, L50, M|
|poke|p2|Garchomp, L50, M|
|poke|p2|Toxapex, L50, M|
|poke|p2|Annihilape, L50, F|
|teampreview|4
|showteam|p1|Blastoise||Blastoisinite|Torrent|WaterSpout,ShellSmash,AuraSphere,WaterPulse|Modest||M|||50|]Incineroar||ChopleBerry|Intimidate|FakeOut,FlareBlitz,PartingShot,DarkestLariat|Adamant||M|||50|]Sinistcha||OccaBerry|Hospitality|ShadowBall,MatchaGotcha,RagePowder,TrickRoom|Modest|||||50|]Quaquaval||LifeOrb|Moxie|AquaStep,AquaJet,CloseCombat,TripleAxel|Jolly||M|||50|]Raichu||RaichuniteY|LightningRod|FakeOut,ZapCannon,FocusBlast,VoltSwitch|Hasty||F|||50|]Sylveon||FairyFeather|Pixilate|HyperVoice,QuickAttack,MysticalFire,Protect|Sassy||F|||50|
|showteam|p2|Incineroar||SitrusBerry|Intimidate|FakeOut,ThroatChop,FlareBlitz,PartingShot|Impish||M|||50|]Venusaur||LifeOrb|Chlorophyll|SolarBeam,SludgeBomb,EarthPower,Protect|Modest||M|||50|]Charizard||CharizarditeY|Blaze|HeatWave,WeatherBall,HelpingHand,Protect|Modest||M|||50|]Garchomp||ChoiceScarf|RoughSkin|DragonClaw,Earthquake,RockSlide,StompingTantrum|Adamant||M|||50|]Toxapex||Leftovers|Regenerator|Infestation,Toxic,BanefulBunker,WideGuard|Bold||M|||50|]Annihilape||FocusSash|Defiant|PhantomForce,CloseCombat,RockTomb,Protect|Jolly||F|||50|
|inactive|Battle timer is ON: inactive players will automatically lose when time's up. (requested by pawmifleet)
|
|t:|1784071338
|teamsize|p1|4
|teamsize|p2|4
|start
|switch|p1a: Incineroar|Incineroar, L50, M|100/100
|switch|p1b: Sinistcha|Sinistcha, L50|100/100
|switch|p2a: Venusaur|Venusaur, L50, M|100/100
|switch|p2b: Charizard|Charizard, L50, M|100/100
|-ability|p1a: Incineroar|Intimidate|boost
|-unboost|p2a: Venusaur|atk|1
|-unboost|p2b: Charizard|atk|1
|turn|1
|inactive|pawmifleet has 30 seconds left.
|
|t:|1784071371
|detailschange|p2b: Charizard|Charizard-Mega-Y, L50, M
|-mega|p2b: Charizard|Charizard|Charizardite Y
|-weather|SunnyDay|[from] ability: Drought|[of] p2b: Charizard
|move|p2b: Charizard|Helping Hand|p2a: Venusaur
|-singleturn|p2a: Venusaur|Helping Hand|[of] p2b: Charizard
|move|p1a: Incineroar|Fake Out|p2b: Charizard
|-damage|p2b: Charizard|86/100
|move|p2a: Venusaur|Earth Power|p1a: Incineroar
|-supereffective|p1a: Incineroar|1
|-damage|p1a: Incineroar|0 fnt
|faint|p1a: Incineroar
|-damage|p2a: Venusaur|90/100|[from] item: Life Orb
|move|p1b: Sinistcha|Trick Room|p1b: Sinistcha
|-fieldstart|move: Trick Room|[of] p1b: Sinistcha
|
|-weather|SunnyDay|[upkeep]
|upkeep
|
|t:|1784071390
|switch|p1a: Blastoise|Blastoise, L50, M|100/100
|turn|2
|
|t:|1784071399
|detailschange|p1a: Blastoise|Blastoise-Mega, L50, M
|-mega|p1a: Blastoise|Blastoise|Blastoisinite
|move|p1b: Sinistcha|Shadow Ball|p2a: Venusaur
|-damage|p2a: Venusaur|48/100
|move|p1a: Blastoise|Water Spout|p2b: Charizard|[spread] p2a,p2b
|-resisted|p2a: Venusaur|1
|-supereffective|p2b: Charizard|1
|-damage|p2a: Venusaur|31/100
|-damage|p2b: Charizard|33/100
|move|p2b: Charizard|Heat Wave|p1b: Sinistcha|[spread] p1a,p1b
|-resisted|p1a: Blastoise|1
|-supereffective|p1b: Sinistcha|1
|-enditem|p1b: Sinistcha|Occa Berry|[eat]
|-enditem|p1b: Sinistcha|Occa Berry|[weaken]
|-damage|p1a: Blastoise|74/100
|-damage|p1b: Sinistcha|26/100
|move|p2a: Venusaur|Solar Beam||[still]
|-prepare|p2a: Venusaur|Solar Beam
|-anim|p2a: Venusaur|Solar Beam|p1a: Blastoise
|-supereffective|p1a: Blastoise|1
|-damage|p1a: Blastoise|0 fnt
|faint|p1a: Blastoise
|-damage|p2a: Venusaur|21/100|[from] item: Life Orb
|
|-weather|SunnyDay|[upkeep]
|upkeep
|
|t:|1784071408
|switch|p1a: Sylveon|Sylveon, L50, F|100/100
|turn|3
|
|t:|1784071428
|switch|p2a: Toxapex|Toxapex, L50, M|100/100
|move|p1a: Sylveon|Mystical Fire|p2a: Toxapex
|-resisted|p2a: Toxapex|1
|-damage|p2a: Toxapex|88/100
|-unboost|p2a: Toxapex|spa|1
|move|p1b: Sinistcha|Shadow Ball|p2b: Charizard
|-damage|p2b: Charizard|0 fnt
|faint|p2b: Charizard
|
|-weather|SunnyDay|[upkeep]
|-heal|p2a: Toxapex|94/100|[from] item: Leftovers
|upkeep
|
|t:|1784071444
|switch|p2b: Annihilape|Annihilape, L50, F|100/100
|turn|4
|
|t:|1784071453
|move|p2b: Annihilape|Protect|p2b: Annihilape
|-singleturn|p2b: Annihilape|Protect
|move|p1a: Sylveon|Quick Attack|p2b: Annihilape
|-activate|p2b: Annihilape|move: Protect
|move|p2a: Toxapex|Infestation|p1b: Sinistcha
|-damage|p1b: Sinistcha|24/100
|-activate|p1b: Sinistcha|move: Infestation|[of] p2a: Toxapex
|move|p1b: Sinistcha|Matcha Gotcha|p2a: Toxapex|[spread] p2a
|-activate|p2b: Annihilape|move: Protect
|-damage|p2a: Toxapex|71/100
|-heal|p1b: Sinistcha|34/100|[from] drain|[of] p2a: Toxapex
|
|-weather|SunnyDay|[upkeep]
|-heal|p2a: Toxapex|77/100|[from] item: Leftovers
|-damage|p1b: Sinistcha|21/100|[from] move: Infestation|[partiallytrapped]
|upkeep
|turn|5
|
|t:|1784071469
|switch|p2b: Venusaur|Venusaur, L50, M|21/100
|move|p2a: Toxapex|Toxic|p1b: Sinistcha
|-status|p1b: Sinistcha|tox
|move|p1a: Sylveon|Hyper Voice|p2a: Toxapex|[spread] p2a,p2b
|-resisted|p2a: Toxapex|1
|-resisted|p2b: Venusaur|1
|-damage|p2a: Toxapex|62/100
|-damage|p2b: Venusaur|0 fnt
|faint|p2b: Venusaur
|move|p1b: Sinistcha|Matcha Gotcha|p2a: Toxapex
|-damage|p2a: Toxapex|31/100
|-heal|p1b: Sinistcha|35/100 tox|[from] drain|[of] p2a: Toxapex
|
|-weather|none
|-heal|p2a: Toxapex|37/100|[from] item: Leftovers
|-damage|p1b: Sinistcha|29/100 tox|[from] psn
|-damage|p1b: Sinistcha|16/100 tox|[from] move: Infestation|[partiallytrapped]
|-fieldend|move: Trick Room
|upkeep
|
|t:|1784071476
|switch|p2b: Annihilape|Annihilape, L50, F|100/100
|turn|6
|
|t:|1784071485
|move|p2b: Annihilape|Protect|p2b: Annihilape
|-singleturn|p2b: Annihilape|Protect
|move|p2a: Toxapex|Baneful Bunker|p2a: Toxapex
|-singleturn|p2a: Toxapex|move: Protect
|move|p1b: Sinistcha|Matcha Gotcha|p2a: Toxapex|[spread] 
|-activate|p2a: Toxapex|move: Protect
|-activate|p2b: Annihilape|move: Protect
|move|p1a: Sylveon|Hyper Voice|p2b: Annihilape|[spread] 
|-activate|p2a: Toxapex|move: Protect
|-activate|p2b: Annihilape|move: Protect
|
|-heal|p2a: Toxapex|43/100|[from] item: Leftovers
|-damage|p1b: Sinistcha|4/100 tox|[from] psn
|-damage|p1b: Sinistcha|0 fnt|[from] move: Infestation|[partiallytrapped]
|faint|p1b: Sinistcha
|upkeep
|turn|7
|inactive|pawmifleet has 30 seconds left.
|inactive|pawmifleet has 20 seconds left.
|inactive|pawmifleet has 15 seconds left.
|
|t:|1784071528
|move|p1a: Sylveon|Quick Attack|p2b: Annihilape
|-supereffective|p2b: Annihilape|1
|-damage|p2b: Annihilape|67/100
|move|p2b: Annihilape|Phantom Force||[still]
|-prepare|p2b: Annihilape|Phantom Force
|move|p2a: Toxapex|Toxic|p1a: Sylveon
|-status|p1a: Sylveon|tox
|
|-heal|p2a: Toxapex|49/100|[from] item: Leftovers
|-damage|p1a: Sylveon|94/100 tox|[from] psn
|upkeep
|turn|8
|
|t:|1784071545
|move|p2b: Annihilape|Phantom Force|p1a: Sylveon|[from] lockedmove
|-crit|p1a: Sylveon
|-damage|p1a: Sylveon|12/100 tox
|move|p1a: Sylveon|Hyper Voice|p2b: Annihilape|[spread] p2a,p2b
|-resisted|p2a: Toxapex|1
|-supereffective|p2b: Annihilape|1
|-damage|p2a: Toxapex|36/100
|-damage|p2b: Annihilape|0 fnt
|faint|p2b: Annihilape
|move|p2a: Toxapex|Infestation|p1a: Sylveon
|-resisted|p1a: Sylveon|1
|-damage|p1a: Sylveon|11/100 tox
|-activate|p1a: Sylveon|move: Infestation|[of] p2a: Toxapex
|
|-heal|p2a: Toxapex|42/100|[from] item: Leftovers
|-damage|p1a: Sylveon|0 fnt|[from] psn
|faint|p1a: Sylveon
|
|win|pawmifleet
|raw|NBZ-H's rating: 1148 → 1123(-25 for losing)
|raw|pawmifleet's rating: 1147 → 1172(+25 for winning)
