|j|☆anino23
|j|☆nanum56770
|html|anino23nanum56770    
|uhtml|bestof|Game 2 of a best-of-3
|t:|1783662402
|gametype|doubles
|player|p1|anino23|102|1077
|player|p2|nanum56770|265|1049
|gen|9
|tier|[Gen 9 Champions] VGC 2026 Reg M-B (Bo3)
|rated|
|rule|Species Clause: Limit one of each Pokémon
|rule|Item Clause: Limit 1 of each item
|clearpoke
|poke|p1|Pyroar, L50, F|
|poke|p1|Scrafty, L50, F|
|poke|p1|Mamoswine, L50, F|
|poke|p1|Venusaur, L50, M|
|poke|p1|Torkoal, L50, M|
|poke|p1|Farigiraf, L50, M|
|poke|p2|Archaludon, L50, M|
|poke|p2|Incineroar, L50, F|
|poke|p2|Kingambit, L50, F|
|poke|p2|Pelipper, L50, M|
|poke|p2|Swampert, L50, M|
|poke|p2|Golurk, L50|
|teampreview|4
|showteam|p1|Pyroar||Pyroarite|Unnerve|HeatWave,Overheat,Yawn,Protect|Timid||F|||50|]Scrafty||Scraftinite|Intimidate|FakeOut,IcePunch,DrainPunch,KnockOff|Adamant||F|||50|]Mamoswine||FocusSash|Oblivious|IceShard,HighHorsepower,RockSlide,Protect|Jolly||F|||50|]Venusaur||LifeOrb|Chlorophyll|EnergyBall,EarthPower,SludgeBomb,Protect|Modest||M|||50|]Torkoal||HeatRock|Drought|Eruption,HelpingHand,WeatherBall,Protect|Quiet||M|||50|]Farigiraf||SitrusBerry|ArmorTail|Psychic,Thunderbolt,TrickRoom,Protect|Quiet||M|||50|
|showteam|p2|Archaludon||Leftovers|Stamina|ElectroShot,DragonPulse,Protect,ThunderWave|Timid||M|||50|]Incineroar||QuickClaw|Intimidate|CloseCombat,Protect,FakeOut,FlareBlitz|Adamant||F|||50|]Kingambit||FocusSash|SupremeOverlord|KowtowCleave,SuckerPunch,ThunderWave,IronHead|Adamant||F|||50|]Pelipper||SitrusBerry|Drizzle|Hurricane,IceBeam,Tailwind,WeatherBall|Quiet||M|||50|]Swampert||Swampertite|Torrent|WaveCrash,HighHorsepower,KnockOff,Protect|Adamant||M|||50|]Golurk||Golurkite|NoGuard|Poltergeist,HighHorsepower,DynamicPunch,Protect|Adamant|||||50|
|inactive|Battle timer is ON: inactive players will automatically lose when time's up. (requested by anino23)
|inactive|nanum56770 also wants the timer to be on.
|inactive|anino23 has 60 seconds left.
|inactive|nanum56770 has 60 seconds left.
|
|t:|1783662456
|teamsize|p1|4
|teamsize|p2|4
|start
|switch|p1a: Pyroar|Pyroar, L50, F|100/100
|switch|p1b: Farigiraf|Farigiraf, L50, M|100/100
|switch|p2a: Pelipper|Pelipper, L50, M|100/100
|switch|p2b: Swampert|Swampert, L50, M|100/100
|-ability|p1a: Pyroar|Unnerve
|-weather|RainDance|[from] ability: Drizzle|[of] p2a: Pelipper
|turn|1
|inactive|anino23 has 30 seconds left.
|inactive|nanum56770 has 30 seconds left.
|inactive|anino23 has 20 seconds left.
|
|t:|1783662491
|switch|p1a: Torkoal|Torkoal, L50, M|100/100
|-weather|SunnyDay|[from] ability: Drought|[of] p1a: Torkoal
|move|p2b: Swampert|Wave Crash|p1a: Torkoal
|-supereffective|p1a: Torkoal|1
|-damage|p1a: Torkoal|49/100
|-damage|p2b: Swampert|83/100|[from] Recoil
|move|p2a: Pelipper|Hurricane|p1b: Farigiraf
|-damage|p1b: Farigiraf|49/100
|-start|p1b: Farigiraf|confusion
|-enditem|p1b: Farigiraf|Sitrus Berry|[eat]
|-heal|p1b: Farigiraf|74/100|[from] item: Sitrus Berry
|-activate|p1b: Farigiraf|confusion
|move|p1b: Farigiraf|Trick Room|p1b: Farigiraf
|-fieldstart|move: Trick Room|[of] p1b: Farigiraf
|
|-weather|SunnyDay|[upkeep]
|upkeep
|turn|2
|inactive|anino23 has 30 seconds left.
|inactive|nanum56770 has 30 seconds left.
|inactive|nanum56770 has 20 seconds left.
|inactive|nanum56770 has 15 seconds left.
|inactive|nanum56770 has 10 seconds left.
|inactive|nanum56770 has 5 seconds left.
|
|t:|1783662542
|move|p1a: Torkoal|Weather Ball|p2a: Pelipper
|-resisted|p2a: Pelipper|1
|-damage|p2a: Pelipper|52/100
|-activate|p1b: Farigiraf|confusion
|-damage|p1b: Farigiraf|66/100|[from] confusion
|move|p2a: Pelipper|Weather Ball|p1b: Farigiraf
|-damage|p1b: Farigiraf|20/100y
|move|p2b: Swampert|High Horsepower|p1a: Torkoal
|-supereffective|p1a: Torkoal|1
|-damage|p1a: Torkoal|0 fnt
|faint|p1a: Torkoal
|
|-weather|SunnyDay|[upkeep]
|upkeep
|
|t:|1783662556
|switch|p1a: Pyroar|Pyroar, L50, F|100/100
|-ability|p1a: Pyroar|Unnerve
|turn|3
|inactive|nanum56770 has 30 seconds left.
|inactive|nanum56770 has 20 seconds left.
|
|t:|1783662595
|detailschange|p1a: Pyroar|Pyroar-Mega, L50, F
|-mega|p1a: Pyroar|Pyroar|Pyroarite
|move|p2b: Swampert|Protect|p2b: Swampert
|-singleturn|p2b: Swampert|Protect
|move|p1a: Pyroar|Protect|p1a: Pyroar
|-singleturn|p1a: Pyroar|Protect
|-activate|p1b: Farigiraf|confusion
|-damage|p1b: Farigiraf|12/100|[from] confusion
|move|p2a: Pelipper|Weather Ball|p1b: Farigiraf
|-damage|p1b: Farigiraf|0 fnt
|faint|p1b: Farigiraf
|
|-weather|SunnyDay|[upkeep]
|upkeep
|
|t:|1783662607
|switch|p1b: Venusaur|Venusaur, L50, M|100/100
|turn|4
|inactive|anino23 has 30 seconds left.
|inactive|nanum56770 has 30 seconds left.
|inactive|anino23 has 20 seconds left.
|inactive|nanum56770 has 20 seconds left.
|inactive|nanum56770 has 15 seconds left.
|inactive|nanum56770 has 10 seconds left.
|inactive|nanum56770 has 5 seconds left.
|
|t:|1783662659
|move|p2a: Pelipper|Ice Beam|p1b: Venusaur
|-supereffective|p1b: Venusaur|1
|-damage|p1b: Venusaur|32/100
|move|p2b: Swampert|Knock Off|p1b: Venusaur
|-damage|p1b: Venusaur|0 fnt
|-enditem|p1b: Venusaur|Life Orb|[from] move: Knock Off|[of] p2b: Swampert
|faint|p1b: Venusaur
|move|p1a: Pyroar|Heat Wave|p2b: Swampert|[spread] p2a,p2b
|-resisted|p2a: Pelipper|1
|-resisted|p2b: Swampert|1
|-damage|p2a: Pelipper|0 fnt
|-damage|p2b: Swampert|41/100
|faint|p2a: Pelipper
|
|-weather|SunnyDay|[upkeep]
|upkeep
|
|t:|1783662676
|switch|p2a: Golurk|Golurk, L50|100/100
|turn|5
|inactive|nanum56770 has 30 seconds left.
|
|t:|1783662708
|detailschange|p2a: Golurk|Golurk-Mega, L50
|-mega|p2a: Golurk|Golurk|Golurkite
|move|p1a: Pyroar|Protect|p1a: Pyroar
|-singleturn|p1a: Pyroar|Protect
|move|p2a: Golurk|High Horsepower|p1a: Pyroar
|-supereffective|p1a: Pyroar|1
|-ability|p2a: Golurk|Unseen Fist
|-zbroken|p1a: Pyroar
|-damage|p1a: Pyroar|61/100
|move|p2b: Swampert|Wave Crash|p1a: Pyroar
|-activate|p1a: Pyroar|move: Protect
|
|-weather|SunnyDay|[upkeep]
|-fieldend|move: Trick Room
|upkeep
|turn|6
|
|t:|1783662726
|move|p1a: Pyroar|Heat Wave|p2a: Golurk|[spread] p2a,p2b
|-resisted|p2b: Swampert|1
|-damage|p2a: Golurk|29/100
|-damage|p2b: Swampert|0 fnt
|faint|p2b: Swampert
|move|p2a: Golurk|High Horsepower|p1a: Pyroar
|-supereffective|p1a: Pyroar|1
|-damage|p1a: Pyroar|0 fnt
|faint|p1a: Pyroar
|
|win|nanum56770
|l|☆nanum56770
|player|p2|
|inactive|anino23 has 30 seconds to confirm battle start!
|inactive|nanum56770 has 30 seconds to confirm battle start!
