|j|☆ahamedsan34
|j|☆FLINTT1
|html|ahamedsan34FLINTT1    
|uhtml|bestof|Game 3 of a best-of-3
|t:|1757785183
|gametype|doubles
|player|p1|ahamedsan34|dawn|1032
|player|p2|FLINTT1|flint|1088
|gen|9
|tier|[Gen 9] VGC 2025 Reg H (Bo3)
|rated|
|rule|Species Clause: Limit one of each Pokémon
|rule|Item Clause: Limit 1 of each item
|clearpoke
|poke|p1|Indeedee-F, L50, F|
|poke|p1|Hatterene, L50, F|
|poke|p1|Metagross, L50|
|poke|p1|Ursaluna, L50, F|
|poke|p1|Whimsicott, L50, F|
|poke|p1|Archaludon, L50, F|
|poke|p2|Tyranitar, L50, F|
|poke|p2|Incineroar, L50, F|
|poke|p2|Dragonite, L50, M|
|poke|p2|Excadrill, L50, F|
|poke|p2|Indeedee-F, L50, F|
|poke|p2|Hatterene, L50, F|
|teampreview|4
|showteam|p1|Indeedee-F||MentalHerb|PsychicSurge|FollowMe,Psychic,HelpingHand,FakeOut|||F|||50|,,,,,Psychic]Hatterene||LifeOrb|MagicBounce|TrickRoom,ExpandingForce,MysticalFire,Protect|||F|||50|,,,,,Psychic]Metagross||ChoiceBand|ClearBody|PsychicFangs,KnockOff,HeavySlam,HammerArm||||||50|,,,,,Steel]Ursaluna||FlameOrb|Guts|Earthquake,HeadlongRush,HammerArm,Facade|||F|||50|,,,,,Ground]Whimsicott|||Prankster|SunnyDay,Tailwind,Encore,BeatUp|||F|||50|,,,,,Grass]Archaludon||AssaultVest|Stamina|BodyPress,DragonPulse,ElectroShot,HoneClaws|||F|||50|,,,,,Steel
|showteam|p2|Tyranitar||ClearAmulet|SandStream|RockSlide,LowKick,TeraBlast,KnockOff|||F|||50|,,,,,Flying]Incineroar||SitrusBerry|Intimidate|FakeOut,FlareBlitz,KnockOff,PartingShot|||F|||50|,,,,,Grass]Dragonite||LoadedDice|InnerFocus|Protect,ScaleShot,Haze,TeraBlast|||M|||50|,,,,,Flying]Excadrill||FocusSash|SandRush|Protect,SwordsDance,Earthquake,IronHead|||F|||50|,,,,,Flying]Indeedee-F||PsychicSeed|PsychicSurge|FollowMe,Psychic,HelpingHand,TrickRoom|||F|||50|,,,,,Water]Hatterene||TwistedSpoon|MagicBounce|DazzlingGleam,TrickRoom,ExpandingForce,Protect|||F|||50|,,,,,Psychic
|
|t:|1757785233
|teamsize|p1|4
|teamsize|p2|4
|start
|switch|p1a: Whimsicott|Whimsicott, L50, F|100/100
|switch|p1b: Archaludon|Archaludon, L50, F|100/100
|switch|p2a: Incineroar|Incineroar, L50, F|100/100
|switch|p2b: Excadrill|Excadrill, L50, F|100/100
|-ability|p2a: Incineroar|Intimidate|boost
|-unboost|p1a: Whimsicott|atk|1
|-unboost|p1b: Archaludon|atk|1
|turn|1
|inactive|Battle timer is ON: inactive players will automatically lose when time's up. (requested by ahamedsan34)
|
|t:|1757785263
|-terastallize|p2a: Incineroar|Grass
|move|p1b: Archaludon|Body Press|p2b: Excadrill
|-supereffective|p2b: Excadrill
|-damage|p2b: Excadrill|36/100
|move|p2b: Excadrill|Swords Dance|p2b: Excadrill
|-boost|p2b: Excadrill|atk|2
|move|p1a: Whimsicott|Beat Up|p1b: Archaludon
|-damage|p1b: Archaludon|99/100
|-ability|p1b: Archaludon|Stamina|boost
|-boost|p1b: Archaludon|def|1
|-damage|p1b: Archaludon|98/100
|-ability|p1b: Archaludon|Stamina|boost
|-boost|p1b: Archaludon|def|1
|-damage|p1b: Archaludon|97/100
|-ability|p1b: Archaludon|Stamina|boost
|-boost|p1b: Archaludon|def|1
|-damage|p1b: Archaludon|96/100
|-ability|p1b: Archaludon|Stamina|boost
|-boost|p1b: Archaludon|def|1
|-hitcount|p1b: Archaludon|4
|move|p2a: Incineroar|Flare Blitz|p1a: Whimsicott
|-supereffective|p1a: Whimsicott
|-damage|p1a: Whimsicott|25/100
|-damage|p2a: Incineroar|80/100|[from] Recoil
|
|upkeep
|turn|2
|inactive|ahamedsan34 has 30 seconds left.
|inactive|FLINTT1 has 30 seconds left.
|inactive|ahamedsan34 has 20 seconds left.
|inactive|FLINTT1 has 20 seconds left.
|inactive|ahamedsan34 has 15 seconds left.
|inactive|ahamedsan34 has 10 seconds left.
|
|t:|1757785309
|move|p2b: Excadrill|Protect|p2b: Excadrill
|-singleturn|p2b: Excadrill|Protect
|move|p1a: Whimsicott|Tailwind|p1a: Whimsicott
|-sidestart|p1: ahamedsan34|move: Tailwind
|move|p1b: Archaludon|Body Press|p2a: Incineroar
|-damage|p2a: Incineroar|27/100
|-enditem|p2a: Incineroar|Sitrus Berry|[eat]
|-heal|p2a: Incineroar|51/100|[from] item: Sitrus Berry
|move|p2a: Incineroar|Flare Blitz|p1a: Whimsicott
|-supereffective|p1a: Whimsicott
|-damage|p1a: Whimsicott|0 fnt
|faint|p1a: Whimsicott
|-damage|p2a: Incineroar|45/100|[from] Recoil
|
|upkeep
|
|t:|1757785323
|switch|p1a: Metagross|Metagross, L50|100/100
|turn|3
|
|t:|1757785329
|switch|p2a: Tyranitar|Tyranitar, L50, F|100/100
|-weather|Sandstorm|[from] ability: Sand Stream|[of] p2a: Tyranitar
|move|p1b: Archaludon|Body Press|p2a: Tyranitar
|-supereffective|p2a: Tyranitar
|-damage|p2a: Tyranitar|0 fnt
|faint|p2a: Tyranitar
|move|p2b: Excadrill|Earthquake|p1b: Archaludon|[spread] p1a,p1b
|-supereffective|p1a: Metagross
|-supereffective|p1b: Archaludon
|-damage|p1a: Metagross|0 fnt
|-damage|p1b: Archaludon|48/100
|-ability|p1b: Archaludon|Stamina|boost
|-boost|p1b: Archaludon|def|1
|faint|p1a: Metagross
|
|-weather|Sandstorm|[upkeep]
|upkeep
|
|t:|1757785353
|switch|p2a: Incineroar|Incineroar, L50, F, tera:Grass|45/100
|switch|p1a: Ursaluna|Ursaluna, L50, F|100/100
|-ability|p2a: Incineroar|Intimidate|boost
|-unboost|p1a: Ursaluna|atk|1
|-unboost|p1b: Archaludon|atk|1
|turn|4
|inactive|ahamedsan34 has 30 seconds left.
|
|t:|1757785379
|-terastallize|p1a: Ursaluna|Ground
|move|p2a: Incineroar|Fake Out|p1b: Archaludon
|-resisted|p1b: Archaludon
|-damage|p1b: Archaludon|47/100
|-ability|p1b: Archaludon|Stamina|boost
|-boost|p1b: Archaludon|def|1
|cant|p1b: Archaludon|flinch
|move|p2b: Excadrill|Earthquake|p1b: Archaludon|[spread] p2a,p1a,p1b
|-resisted|p2a: Incineroar
|-supereffective|p1b: Archaludon
|-damage|p2a: Incineroar|10/100
|-damage|p1a: Ursaluna|35/100
|-damage|p1b: Archaludon|6/100
|move|p1a: Ursaluna|Headlong Rush|p2b: Excadrill
|-supereffective|p2b: Excadrill
|-damage|p2b: Excadrill|0 fnt
|-unboost|p1a: Ursaluna|def|1
|-unboost|p1a: Ursaluna|spd|1
|faint|p2b: Excadrill
|
|-weather|Sandstorm|[upkeep]
|-damage|p2a: Incineroar|4/100|[from] Sandstorm
|-status|p1a: Ursaluna|brn|[from] item: Flame Orb
|upkeep
|
|t:|1757785397
|switch|p2b: Dragonite|Dragonite, L50, M|100/100
|turn|5
|
|t:|1757785422
|move|p1b: Archaludon|Dragon Pulse|p2b: Dragonite
|-supereffective|p2b: Dragonite
|-damage|p2b: Dragonite|9/100
|move|p2b: Dragonite|Scale Shot|p1b: Archaludon|[miss]
|-miss|p2b: Dragonite|p1b: Archaludon
|move|p1a: Ursaluna|Headlong Rush|p2a: Incineroar
|-resisted|p2a: Incineroar
|-damage|p2a: Incineroar|0 fnt
|-unboost|p1a: Ursaluna|def|1
|-unboost|p1a: Ursaluna|spd|1
|faint|p2a: Incineroar
|
|-weather|Sandstorm|[upkeep]
|-damage|p2b: Dragonite|3/100|[from] Sandstorm
|-damage|p1a: Ursaluna|29/100 brn|[from] brn
|-sideend|p1: ahamedsan34|move: Tailwind
|upkeep
|turn|6
|
|t:|1757785444
|move|p1b: Archaludon|Dragon Pulse|p2b: Dragonite
|-supereffective|p2b: Dragonite
|-damage|p2b: Dragonite|0 fnt
|faint|p2b: Dragonite
|
|win|ahamedsan34
|raw|ahamedsan34's rating: 1032 → 1073(+41 for winning)
|raw|FLINTT1's rating: 1088 → 1061(-27 for losing)
