|j|☆new mental
|j|☆NabiscoFigNewtons
|html|new mentalNabiscoFigNewtons    
|uhtml|bestof|Game 2 of a best-of-3
|t:|1783195032
|gametype|doubles
|player|p1|new mental|volkner|1042
|player|p2|NabiscoFigNewtons|2|1090
|gen|9
|tier|[Gen 9 Champions] VGC 2026 Reg M-B (Bo3)
|rated|
|rule|Species Clause: Limit one of each Pokémon
|rule|Item Clause: Limit 1 of each item
|clearpoke
|poke|p1|Aerodactyl, L50, M|
|poke|p1|Garchomp, L50, M|
|poke|p1|Kingambit, L50, M|
|poke|p1|Charizard, L50, F|
|poke|p1|Sylveon, L50, F|
|poke|p1|Farigiraf, L50, F|
|poke|p2|Whimsicott, L50, M|
|poke|p2|Charizard, L50, M|
|poke|p2|Garchomp, L50, F|
|poke|p2|Gholdengo, L50|
|poke|p2|Meganium, L50, F|
|poke|p2|Farigiraf, L50, F|
|teampreview|4
|showteam|p1|Aerodactyl||Aerodactylite|Unnerve|IceFang,RockSlide,Tailwind,DualWingbeat|Jolly||M|||50|]Garchomp||LifeOrb|RoughSkin|DragonClaw,StompingTantrum,Earthquake,Protect|Jolly||M|||50|]Kingambit||FocusSash|Defiant|SuckerPunch,KowtowCleave,IronHead,LowKick|Adamant||M|||50|]Charizard||CharizarditeY|SolarPower|Protect,HeatWave,SolarBeam,WeatherBall|Timid||F|||50|]Sylveon||FairyFeather|Pixilate|Protect,HyperVoice,HyperBeam,QuickAttack|Modest||F|||50|]Farigiraf||SitrusBerry|ArmorTail|TrickRoom,Thunderbolt,Psychic,Roar|Bold||F|||50|
|showteam|p2|Whimsicott||FocusSash|Prankster|Tailwind,FakeTears,Moonblast,Protect|Bold||M|||50|]Charizard||CharizarditeY|Blaze|HeatWave,Protect,WeatherBall,AirSlash|Timid||M|||50|]Garchomp||LifeOrb|RoughSkin|Earthquake,DracoMeteor,Protect,HelpingHand|Naive||F|||50|]Gholdengo||ExpertBelt|GoodasGold|MakeItRain,ShadowBall,NastyPlot,Protect|Modest|||||50|]Meganium||Meganiumite|LeafGuard|SolarBeam,WeatherBall,Protect,DazzlingGleam|Modest||F|||50|]Farigiraf||SitrusBerry|ArmorTail|Protect,HelpingHand,HyperVoice,SunnyDay|Calm||F|||50|
|inactive|Battle timer is ON: inactive players will automatically lose when time's up. (requested by NabiscoFigNewtons)
|
|t:|1783195090
|teamsize|p1|4
|teamsize|p2|4
|start
|switch|p1a: Aerodactyl|Aerodactyl, L50, M|100/100
|switch|p1b: Kingambit|Kingambit, L50, M|100/100
|switch|p2a: Farigiraf|Farigiraf, L50, F|100/100
|switch|p2b: Charizard|Charizard, L50, M|100/100
|-ability|p1a: Aerodactyl|Unnerve
|turn|1
|inactive|NabiscoFigNewtons has 30 seconds left.
|inactive|NabiscoFigNewtons has 20 seconds left.
|inactive|NabiscoFigNewtons has 15 seconds left.
|
|t:|1783195133
|switch|p2b: Isaac|Whimsicott, L50, M|100/100
|detailschange|p1a: Aerodactyl|Aerodactyl-Mega, L50, M
|-mega|p1a: Aerodactyl|Aerodactyl|Aerodactylite
|move|p2a: Farigiraf|Protect|p2a: Farigiraf
|-singleturn|p2a: Farigiraf|Protect
|move|p1b: Kingambit|Sucker Punch||[still]
|cant|p2a: Farigiraf|ability: Armor Tail|Sucker Punch|[of] p1b: Kingambit
|move|p1a: Aerodactyl|Rock Slide|p2b: Isaac|[spread] 
|-activate|p2a: Farigiraf|move: Protect
|-miss|p1a: Aerodactyl|p2b: Isaac
|
|upkeep
|turn|2
|inactive|NabiscoFigNewtons has 30 seconds left.
|inactive|NabiscoFigNewtons has 20 seconds left.
|inactive|NabiscoFigNewtons has 15 seconds left.
|inactive|NabiscoFigNewtons has 10 seconds left.
|
|t:|1783195181
|move|p2a: Farigiraf|Helping Hand|p2b: Isaac
|-singleturn|p2b: Isaac|Helping Hand|[of] p2a: Farigiraf
|move|p1a: Aerodactyl|Dual Wingbeat|p2b: Isaac
|-supereffective|p2b: Isaac|1
|-damage|p2b: Isaac|53/100
|-supereffective|p2b: Isaac|1
|-damage|p2b: Isaac|10/100
|-hitcount|p2b: Isaac|2
|move|p2b: Isaac|Moonblast|p1a: Aerodactyl
|-damage|p1a: Aerodactyl|50/100g
|-unboost|p1a: Aerodactyl|spa|1
|move|p1b: Kingambit|Kowtow Cleave|p2a: Farigiraf
|-supereffective|p2a: Farigiraf|1
|-damage|p2a: Farigiraf|0 fnt
|faint|p2a: Farigiraf
|
|upkeep
|
|t:|1783195198
|switch|p2a: Gholdengo|Gholdengo, L50|100/100
|turn|3
|
|t:|1783195218
|move|p2b: Isaac|Fake Tears|p1a: Aerodactyl
|-unboost|p1a: Aerodactyl|spd|2
|move|p1b: Kingambit|Sucker Punch|p2a: Gholdengo
|-supereffective|p2a: Gholdengo|1
|-damage|p2a: Gholdengo|13/100
|move|p1a: Aerodactyl|Dual Wingbeat|p2b: Isaac
|-supereffective|p2b: Isaac|1
|-damage|p2b: Isaac|0 fnt
|faint|p2b: Isaac
|-hitcount|p2: Isaac|1
|move|p2a: Gholdengo|Make It Rain|p1b: Kingambit|[spread] p1a,p1b
|-supereffective|p1a: Aerodactyl|1
|-resisted|p1b: Kingambit|1
|-damage|p1a: Aerodactyl|0 fnt
|-damage|p1b: Kingambit|67/100
|-unboost|p2a: Gholdengo|spa|2
|faint|p1a: Aerodactyl
|
|upkeep
|
|t:|1783195229
|switch|p1a: Farigiraf|Farigiraf, L50, F|100/100
|switch|p2b: Charizard|Charizard, L50, M|100/100
|turn|4
|inactive|NabiscoFigNewtons has 30 seconds left.
|
|t:|1783195257
|detailschange|p2b: Charizard|Charizard-Mega-Y, L50, M
|-mega|p2b: Charizard|Charizard|Charizardite Y
|-weather|SunnyDay|[from] ability: Drought|[of] p2b: Charizard
|move|p1b: Kingambit|Sucker Punch|p2a: Gholdengo
|-supereffective|p2a: Gholdengo|1
|-damage|p2a: Gholdengo|0 fnt
|faint|p2a: Gholdengo
|move|p2b: Charizard|Weather Ball|p1b: Kingambit
|-supereffective|p1b: Kingambit|1
|-damage|p1b: Kingambit|0 fnt
|faint|p1b: Kingambit
|move|p1a: Farigiraf|Trick Room|p1a: Farigiraf
|-fieldstart|move: Trick Room|[of] p1a: Farigiraf
|
|-weather|SunnyDay|[upkeep]
|upkeep
|
|t:|1783195265
|switch|p1b: Sylveon|Sylveon, L50, F|100/100
|turn|5
|
|t:|1783195279
|move|p1a: Farigiraf|Psychic|p2b: Charizard
|-damage|p2b: Charizard|62/100
|move|p1b: Sylveon|Hyper Voice|p2b: Charizard
|-resisted|p2b: Charizard|1
|-damage|p2b: Charizard|26/100
|move|p2b: Charizard|Weather Ball|p1a: Farigiraf
|-damage|p1a: Farigiraf|10/100
|-enditem|p1a: Farigiraf|Sitrus Berry|[eat]
|-heal|p1a: Farigiraf|35/100|[from] item: Sitrus Berry
|
|-weather|SunnyDay|[upkeep]
|upkeep
|turn|6
|
|t:|1783195288
|move|p1a: Farigiraf|Thunderbolt|p2b: Charizard
|-supereffective|p2b: Charizard|1
|-damage|p2b: Charizard|0 fnt
|faint|p2b: Charizard
|
|win|new mental
|raw|new mental's rating: 1042 → 1080(+38 for winning)
|raw|NabiscoFigNewtons's rating: 1090 → 1063(-27 for losing)
|c|☆new mental|gg
