|j|☆Clementine1997
|j|☆enrique132132
|html|Clementine1997enrique132132    
|uhtml|bestof|Game 2 of a best-of-3
|t:|1756177173
|gametype|doubles
|player|p1|Clementine1997|clair|1108
|player|p2|enrique132132|170|1142
|gen|9
|tier|[Gen 9] VGC 2025 Reg H (Bo3)
|rated|
|rule|Species Clause: Limit one of each Pokémon
|rule|Item Clause: Limit 1 of each item
|clearpoke
|poke|p1|Whimsicott, L50, F|
|poke|p1|Ursaluna-Bloodmoon, L50, M|
|poke|p1|Incineroar, L50, M|
|poke|p1|Rillaboom, L50, F|
|poke|p1|Kingambit, L50, F|
|poke|p1|Primarina, L50, M|
|poke|p2|Indeedee, L50, M|
|poke|p2|Sneasler, L50, F|
|poke|p2|Talonflame, L50, M|
|poke|p2|Ursaluna-Bloodmoon, L50, M|
|poke|p2|Electabuzz, L50, M|
|poke|p2|Incineroar, L50, F|
|teampreview|4
|showteam|p1|Whimsicott||FocusSash|Prankster|Moonblast,Encore,Tailwind,Taunt|||F|||50|,,,,,Fire]Ursaluna-Bloodmoon||LifeOrb|MindsEye|BloodMoon,EarthPower,Moonblast,Protect|||M|||50|,,,,,Ghost]Incineroar||SitrusBerry|Intimidate|KnockOff,PartingShot,FlareBlitz,FakeOut|||M|||50|,,,,,Grass]Rillaboom||AssaultVest|GrassySurge|GrassyGlide,HighHorsepower,FakeOut,Uturn|||F|||50|,,,,,Fire]Kingambit||SafetyGoggles|Defiant|SuckerPunch,IronHead,SwordsDance,Protect|||F|||50|,,,,,Flying]Primarina||ThroatSpray|LiquidVoice|HyperVoice,Moonblast,Haze,Protect|||M|||50|,,,,,Fire
|showteam|p2|Indeedee||FocusSash|PsychicSurge|ExpandingForce,HelpingHand,TrickRoom,Protect|||M|||50|,,,,,Psychic]Sneasler||PsychicSeed|Unburden|CloseCombat,DireClaw,ThroatChop,Protect|||F|||50|,,,,,Dark]Talonflame||CovertCloak|GaleWings|FlareBlitz,DualWingbeat,WillOWisp,Tailwind|||M|||50|,,,,,Fairy]Ursaluna-Bloodmoon||LifeOrb|MindsEye|BloodMoon,HyperVoice,EarthPower,Protect|||M|||50|,,,,,Normal]Electabuzz||Eviolite|VitalSpirit|Electroweb,FollowMe,Taunt,Protect|||M|||50|,,,,,Dragon]Incineroar||SafetyGoggles|Intimidate|FlareBlitz,KnockOff,PartingShot,FakeOut|||F|||50|,,,,,Ghost
|inactive|Battle timer is ON: inactive players will automatically lose when time's up. (requested by Clementine1997)
|
|t:|1756177183
|teamsize|p1|4
|teamsize|p2|4
|start
|switch|p1a: Incineroar|Incineroar, L50, M, shiny|100/100
|switch|p1b: Primarina|Primarina, L50, M, shiny|100/100
|switch|p2a: Electabuzz|Electabuzz, L50, M|100/100
|switch|p2b: Ursaluna|Ursaluna-Bloodmoon, L50, M|100/100
|-ability|p1a: Incineroar|Intimidate|boost
|-unboost|p2a: Electabuzz|atk|1
|-unboost|p2b: Ursaluna|atk|1
|turn|1
|inactive|Clementine1997 has 30 seconds left.
|inactive|enrique132132 has 30 seconds left.
|inactive|Clementine1997 has 20 seconds left.
|inactive|enrique132132 has 20 seconds left.
|inactive|Clementine1997 has 15 seconds left.
|
|t:|1756177223
|-terastallize|p2b: Ursaluna|Normal
|move|p1b: Primarina|Protect|p1b: Primarina
|-singleturn|p1b: Primarina|Protect
|move|p2a: Electabuzz|Electroweb|p1a: Incineroar|[spread] p1a
|-activate|p1b: Primarina|move: Protect
|-damage|p1a: Incineroar|87/100
|-unboost|p1a: Incineroar|spe|1
|move|p2b: Ursaluna|Blood Moon|p1a: Incineroar
|-damage|p1a: Incineroar|0 fnt
|faint|p1a: Incineroar
|-damage|p2b: Ursaluna|91/100|[from] item: Life Orb
|
|upkeep
|
|t:|1756177234
|switch|p1a: Whimsicott|Whimsicott, L50, F, shiny|100/100
|turn|2
|
|t:|1756177250
|switch|p2a: Indeedee|Indeedee, L50, M|100/100
|-fieldstart|move: Psychic Terrain|[from] ability: Psychic Surge|[of] p2a: Indeedee
|-terastallize|p1b: Primarina|Fire
|move|p1a: Whimsicott|Tailwind|p1a: Whimsicott
|-sidestart|p1: Clementine1997|move: Tailwind
|move|p1b: Primarina|Hyper Voice|p2a: Indeedee|[spread] p2a,p2b
|-crit|p2a: Indeedee
|-damage|p2a: Indeedee|25/100
|-damage|p2b: Ursaluna|42/100
|-enditem|p1b: Primarina|Throat Spray
|-boost|p1b: Primarina|spa|1|[from] item: Throat Spray
|move|p2b: Ursaluna|Earth Power|p1b: Primarina
|-supereffective|p1b: Primarina
|-damage|p1b: Primarina|0 fnt
|faint|p1b: Primarina
|-damage|p2b: Ursaluna|32/100|[from] item: Life Orb
|
|upkeep
|
|t:|1756177263
|switch|p1b: Rillaboom|Rillaboom, L50, F, shiny|100/100
|-fieldstart|move: Grassy Terrain|[from] ability: Grassy Surge|[of] p1b: Rillaboom
|turn|3
|
|t:|1756177276
|switch|p2a: Electabuzz|Electabuzz, L50, M|100/100
|move|p2b: Ursaluna|Protect|p2b: Ursaluna
|-singleturn|p2b: Ursaluna|Protect
|move|p1b: Rillaboom|Grassy Glide|p2b: Ursaluna
|-activate|p2b: Ursaluna|move: Protect
|move|p1a: Whimsicott|Moonblast|p2a: Electabuzz
|-damage|p2a: Electabuzz|80/100
|
|-heal|p2a: Electabuzz|85/100|[from] Grassy Terrain
|-heal|p2b: Ursaluna|38/100|[from] Grassy Terrain
|upkeep
|turn|4
|
|t:|1756177294
|switch|p2b: Indeedee|Indeedee, L50, M|25/100
|-fieldstart|move: Psychic Terrain|[from] ability: Psychic Surge|[of] p2b: Indeedee
|move|p1a: Whimsicott|Encore|p2b: Indeedee
|-activate|p2b: Indeedee|move: Psychic Terrain
|move|p1b: Rillaboom|High Horsepower|p2a: Electabuzz
|-supereffective|p2a: Electabuzz
|-damage|p2a: Electabuzz|13/100
|move|p2a: Electabuzz|Electroweb|p1a: Whimsicott|[spread] p1a,p1b
|-resisted|p1a: Whimsicott
|-resisted|p1b: Rillaboom
|-damage|p1a: Whimsicott|92/100
|-damage|p1b: Rillaboom|96/100
|-unboost|p1a: Whimsicott|spe|1
|-unboost|p1b: Rillaboom|spe|1
|
|upkeep
|turn|5
|-message|Clementine1997 forfeited.
|
|win|enrique132132
|l|☆Clementine1997
|player|p1|
||Clementine1997 is ready for game 3.
|inactive|enrique132132 has 29 seconds to confirm battle start!
||enrique132132 is ready for game 3.
|uhtml|next|Next: Game 3 of 3
|l|☆enrique132132
|player|p2|
|j|☆enrique132132
|player|p2|enrique132132|170|
