|j|☆Simone1799
|j|☆Shaymin frohawk
|html|Simone1799Shaymin frohawk    
|uhtml|bestof|Game 1 of a best-of-3
|t:|1786120522
|gametype|doubles
|player|p1|Simone1799|pokemaniac|1132
|player|p2|Shaymin frohawk|101|1214
|gen|9
|tier|[Gen 9 Champions] VGC 2026 Reg M-B (Bo3)
|rated|
|rule|Species Clause: Limit one of each Pokémon
|rule|Item Clause: Limit 1 of each item
|clearpoke
|poke|p1|Falinks, L50|
|poke|p1|Sinistcha, L50|
|poke|p1|Gholdengo, L50|
|poke|p1|Incineroar, L50, F|
|poke|p1|Farigiraf, L50, M|
|poke|p1|Sneasler, L50, F|
|poke|p2|Raichu, L50, F|
|poke|p2|Staraptor, L50, F|
|poke|p2|Arcanine-Hisui, L50, F|
|poke|p2|Sylveon, L50, M|
|poke|p2|Farigiraf, L50, F|
|poke|p2|Kingambit, L50, M|
|teampreview|4
|showteam|p1|Falinks||Falinksite|Defiant|ThroatChop,Protect,NoRetreat,CloseCombat|Adamant|||||50|]Sinistcha||OccaBerry|Hospitality|MatchaGotcha,TrickRoom,RagePowder,LifeDew|Bold|||||50|]Gholdengo||LifeOrb|GoodasGold|MakeItRain,NastyPlot,Protect,ShadowBall|Timid|||||50|]Incineroar||SitrusBerry|Intimidate|DarkestLariat,FlareBlitz,FakeOut,PartingShot|Careful||F|||50|]Farigiraf||MentalHerb|ArmorTail|TwinBeam,TrickRoom,HelpingHand,Thunderbolt|Bold||M|||50|]Sneasler||FocusSash|PoisonTouch|DireClaw,CloseCombat,Coaching,FakeOut|Jolly||F|||50|
|showteam|p2|Raichu||RaichuniteY|LightningRod|ZapCannon,FocusBlast,FakeOut,Protect|Hasty||F|||50|]Staraptor||Staraptite|Intimidate|DualWingbeat,CloseCombat,Tailwind,Protect|Jolly||F|||50|]Arcanine-Hisui||FocusSash|RockHead|FlareBlitz,HeadSmash,ExtremeSpeed,Protect|Jolly||F|||50|]Sylveon||FairyFeather|Pixilate|HyperBeam,HyperVoice,QuickAttack,Detect|Modest||M|||50|]Farigiraf||SitrusBerry|ArmorTail|TrickRoom,Protect,Psychic,HelpingHand|Calm||F|||50|]Kingambit||LifeOrb|Defiant|KowtowCleave,SuckerPunch,Protect,SwordsDance|Adamant||M|||50|
|inactive|Battle timer is ON: inactive players will automatically lose when time's up. (requested by Simone1799)
|
|t:|1786120556
|teamsize|p1|4
|teamsize|p2|4
|start
|switch|p1a: Falinks|Falinks, L50|100/100
|switch|p1b: Sinistcha|Sinistcha, L50|100/100
|switch|p2a: Staraptor|Staraptor, L50, F|100/100
|switch|p2b: Sylveon|Sylveon, L50, M|100/100
|-ability|p2a: Staraptor|Intimidate|boost
|-unboost|p1a: Falinks|atk|1
|-ability|p1a: Falinks|Defiant|boost
|-boost|p1a: Falinks|atk|2
|-unboost|p1b: Sinistcha|atk|1
|turn|1
|inactive|Simone1799 has 30 seconds left.
|inactive|Simone1799 has 20 seconds left.
|
|t:|1786120593
|switch|p1b: Incineroar|Incineroar, L50, F|100/100
|-ability|p1b: Incineroar|Intimidate|boost
|-unboost|p2a: Staraptor|atk|1
|-unboost|p2b: Sylveon|atk|1
|detailschange|p2a: Staraptor|Staraptor-Mega, L50, F
|-mega|p2a: Staraptor|Staraptor|Staraptite
|move|p1a: Falinks|Protect|p1a: Falinks
|-singleturn|p1a: Falinks|Protect
|move|p2a: Staraptor|Dual Wingbeat|p1b: Incineroar
|-damage|p1b: Incineroar|87/100
|-damage|p1b: Incineroar|75/100
|-hitcount|p1b: Incineroar|2
|move|p2b: Sylveon|Hyper Voice|p1a: Falinks|[spread] p1b
|-activate|p1a: Falinks|move: Protect
|-damage|p1b: Incineroar|36/100
|-enditem|p1b: Incineroar|Sitrus Berry|[eat]
|-heal|p1b: Incineroar|61/100|[from] item: Sitrus Berry
|
|upkeep
|turn|2
|
|t:|1786120613
|switch|p2a: Farigiraf|Farigiraf, L50, F|100/100
|switch|p1b: Gholdengo|Gholdengo, L50|100/100
|detailschange|p1a: Falinks|Falinks-Mega, L50
|-mega|p1a: Falinks|Falinks|Falinksite
|move|p1a: Falinks|No Retreat|p1a: Falinks
|-boost|p1a: Falinks|atk|1
|-boost|p1a: Falinks|def|1
|-boost|p1a: Falinks|spa|1
|-boost|p1a: Falinks|spd|1
|-boost|p1a: Falinks|spe|1
|-start|p1a: Falinks|move: No Retreat
|move|p2b: Sylveon|Hyper Voice|p1b: Gholdengo|[spread] p1a,p1b
|-supereffective|p1a: Falinks|1
|-resisted|p1b: Gholdengo|1
|-damage|p1a: Falinks|0 fnt
|-damage|p1b: Gholdengo|69/100
|faint|p1a: Falinks
|
|upkeep
|
|t:|1786120627
|switch|p1a: Sinistcha|Sinistcha, L50|100/100
|-heal|p1b: Gholdengo|94/100|[from] ability: Hospitality|[of] p1a: Sinistcha
|turn|3
|inactive|Shaymin frohawk has 30 seconds left.
|
|t:|1786120654
|switch|p2a: Kingambit|Kingambit, L50, M|100/100
|move|p1a: Sinistcha|Rage Powder|p1a: Sinistcha
|-singleturn|p1a: Sinistcha|move: Rage Powder
|move|p1b: Gholdengo|Nasty Plot|p1b: Gholdengo
|-boost|p1b: Gholdengo|spa|2
|move|p2b: Sylveon|Hyper Voice|p1b: Gholdengo|[spread] p1a,p1b
|-resisted|p1b: Gholdengo|1
|-damage|p1a: Sinistcha|52/100
|-damage|p1b: Gholdengo|65/100
|
|upkeep
|turn|4
|
|t:|1786120664
|move|p1b: Gholdengo|Protect|p1b: Gholdengo
|-singleturn|p1b: Gholdengo|Protect
|move|p2b: Sylveon|Hyper Voice|p1b: Gholdengo|[spread] p1a
|-activate|p1b: Gholdengo|move: Protect
|-damage|p1a: Sinistcha|2/100
|move|p1a: Sinistcha|Matcha Gotcha|p2b: Sylveon|[spread] p2a
|-miss|p1a: Sinistcha|p2b: Sylveon
|-resisted|p2a: Kingambit|1
|-damage|p2a: Kingambit|88/100
|-heal|p1a: Sinistcha|9/100|[from] drain|[of] p2a: Kingambit
|move|p2a: Kingambit|Kowtow Cleave|p1b: Gholdengo
|-activate|p1b: Gholdengo|move: Protect
|
|upkeep
|turn|5
|
|t:|1786120683
|move|p2b: Sylveon|Quick Attack|p1a: Sinistcha
|-damage|p1a: Sinistcha|2/100
|move|p2a: Kingambit|Sucker Punch|p1b: Gholdengo
|-supereffective|p1b: Gholdengo|1
|-damage|p1b: Gholdengo|0 fnt
|faint|p1b: Gholdengo
|-damage|p2a: Kingambit|78/100|[from] item: Life Orb
|move|p1a: Sinistcha|Matcha Gotcha|p2b: Sylveon|[spread] p2a
|-miss|p1a: Sinistcha|p2b: Sylveon
|-resisted|p2a: Kingambit|1
|-crit|p2a: Kingambit
|-damage|p2a: Kingambit|60/100
|-heal|p1a: Sinistcha|12/100|[from] drain|[of] p2a: Kingambit
|-status|p2a: Kingambit|brn
|
|-damage|p2a: Kingambit|55/100 brn|[from] brn
|upkeep
|
|t:|1786120689
|switch|p1b: Incineroar|Incineroar, L50, F|61/100
|-ability|p1b: Incineroar|Intimidate|boost
|-unboost|p2a: Kingambit|atk|1
|-ability|p2a: Kingambit|Defiant|boost
|-boost|p2a: Kingambit|atk|2
|-unboost|p2b: Sylveon|atk|1
|turn|6
|-message|Simone1799 forfeited.
|
|win|Shaymin frohawk
