|j|☆PLEASEWORKOHGOD
|j|☆Wo-Chien<3
|html|PLEASEWORKOHGODWo-Chien<3    
|uhtml|bestof|Game 2 of a best-of-3
|t:|1757020922
|gametype|doubles
|player|p1|PLEASEWORKOHGOD|101|1057
|player|p2|Wo-Chien<3|miku-ground|1122
|gen|9
|tier|[Gen 9] VGC 2025 Reg H (Bo3)
|rated|
|rule|Species Clause: Limit one of each Pokémon
|rule|Item Clause: Limit 1 of each item
|clearpoke
|poke|p1|Dragonite, L50, M|
|poke|p1|Ursaluna-Bloodmoon, L50, M|
|poke|p1|Gholdengo, L50|
|poke|p1|Volcarona, L50, F|
|poke|p1|Incineroar, L50, M|
|poke|p1|Amoonguss, L50, F|
|poke|p2|Ninetales-Alola, L50, M|
|poke|p2|Electabuzz, L50, F|
|poke|p2|Dragonite, L50, F|
|poke|p2|Frosmoth, L50, M|
|poke|p2|Rillaboom, L50, M|
|poke|p2|Kingambit, L50, M|
|teampreview|4
|showteam|p1|Dragonite||LoadedDice|Multiscale|Protect,ScaleShot,Tailwind,Haze|||M|||50|,,,,,Steel]Ursaluna-Bloodmoon||FocusSash|MindsEye|Protect,BloodMoon,HyperVoice,EarthPower|||M|||50|,,,,,Normal]Gholdengo||LifeOrb|GoodasGold|Protect,MakeItRain,ShadowBall,NastyPlot||||||50|,,,,,Water]Volcarona||CovertCloak|FlameBody|Protect,Flamethrower,TeraBlast,QuiverDance|||F|||50|,,,,,Fairy]Incineroar||SafetyGoggles|Intimidate|FlareBlitz,KnockOff,PartingShot,FakeOut|||M|||50|,,,,,Ghost]Amoonguss||SitrusBerry|Regenerator|Protect,PollenPuff,Spore,RagePowder|||F|||50|,,,,,Water
|showteam|p2|Ninetales-Alola||CovertCloak|SnowWarning|Blizzard,Moonblast,AuroraVeil,Encore|||M|||50|,,,,,Poison]Electabuzz||Eviolite|VitalSpirit|FollowMe,Protect,Thunderbolt,Taunt|||F|||50|,,,,,Ghost]Dragonite||LoadedDice|Multiscale|LowKick,ScaleShot,Protect,Haze|||F|||50|,,,,,Fairy]Frosmoth||Leftovers|IceScales|QuiverDance,Protect,Blizzard,TeraBlast|||M|||50|,,,,,Water]Rillaboom||AssaultVest|GrassySurge|FakeOut,GrassyGlide,WoodHammer,Uturn|||M|||50|,,,,,Fire]Kingambit||BlackGlasses|Defiant|SuckerPunch,KowtowCleave,Protect,SwordsDance|||M|||50|,,,,,Water
|
|t:|1757020985
|teamsize|p1|4
|teamsize|p2|4
|start
|switch|p1a: Gholdengo|Gholdengo, L50|100/100
|switch|p1b: Incineroar|Incineroar, L50, M|100/100
|switch|p2a: Electabuzz|Electabuzz, L50, F|100/100
|switch|p2b: Shiver Wing|Frosmoth, L50, M|100/100
|-ability|p1b: Incineroar|Intimidate|boost
|-unboost|p2a: Electabuzz|atk|1
|-unboost|p2b: Shiver Wing|atk|1
|turn|1
|
|t:|1757021005
|move|p2b: Shiver Wing|Protect|p2b: Shiver Wing
|-singleturn|p2b: Shiver Wing|Protect
|move|p1b: Incineroar|Fake Out|p2b: Shiver Wing
|-activate|p2b: Shiver Wing|move: Protect
|move|p1a: Gholdengo|Nasty Plot|p1a: Gholdengo
|-boost|p1a: Gholdengo|spa|2
|move|p2a: Electabuzz|Thunderbolt|p1a: Gholdengo
|-damage|p1a: Gholdengo|70/100
|
|upkeep
|turn|2
|
|t:|1757021023
|-terastallize|p2b: Shiver Wing|Water
|move|p2a: Electabuzz|Follow Me|p2a: Electabuzz
|-singleturn|p2a: Electabuzz|move: Follow Me
|move|p1a: Gholdengo|Nasty Plot|p1a: Gholdengo
|-boost|p1a: Gholdengo|spa|2
|move|p2b: Shiver Wing|Quiver Dance|p2b: Shiver Wing
|-boost|p2b: Shiver Wing|spa|1
|-boost|p2b: Shiver Wing|spd|1
|-boost|p2b: Shiver Wing|spe|1
|move|p1b: Incineroar|Parting Shot|p2a: Electabuzz
|-unboost|p2a: Electabuzz|atk|1
|-unboost|p2a: Electabuzz|spa|1
|
|t:|1757021035
|switch|p1b: Dragonite|Dragonite, L50, M|100/100|[from] Parting Shot
|
|upkeep
|turn|3
|
|t:|1757021055
|switch|p2a: Ninetales|Ninetales-Alola, L50, M|100/100
|-weather|Snowscape|[from] ability: Snow Warning|[of] p2a: Ninetales
|-terastallize|p1b: Dragonite|Steel
|move|p2b: Shiver Wing|Blizzard|p1b: Dragonite|[spread] p1a,p1b
|-resisted|p1a: Gholdengo
|-resisted|p1b: Dragonite
|-damage|p1a: Gholdengo|39/100
|-damage|p1b: Dragonite|85/100
|move|p1a: Gholdengo|Shadow Ball|p2a: Ninetales
|-damage|p2a: Ninetales|0 fnt
|faint|p2a: Ninetales
|-damage|p1a: Gholdengo|29/100|[from] item: Life Orb
|move|p1b: Dragonite|Tailwind|p1b: Dragonite
|-sidestart|p1: PLEASEWORKOHGOD|move: Tailwind
|
|-weather|Snowscape|[upkeep]
|upkeep
|
|t:|1757021083
|switch|p2a: Kingambit|Kingambit, L50, M|100/100
|turn|4
|
|t:|1757021119
|move|p1a: Gholdengo|Shadow Ball|p2a: Kingambit
|-resisted|p2a: Kingambit
|-damage|p2a: Kingambit|24/100
|-damage|p1a: Gholdengo|20/100|[from] item: Life Orb
|move|p1b: Dragonite|Scale Shot|p2b: Shiver Wing
|-damage|p2b: Shiver Wing|80/100
|-damage|p2b: Shiver Wing|56/100
|-damage|p2b: Shiver Wing|33/100
|-damage|p2b: Shiver Wing|9/100
|-hitcount|p2b: Shiver Wing|4
|-unboost|p1b: Dragonite|def|1
|-boost|p1b: Dragonite|spe|1
|move|p2b: Shiver Wing|Blizzard|p1a: Gholdengo|[spread] p1a,p1b
|-resisted|p1a: Gholdengo
|-resisted|p1b: Dragonite
|-damage|p1a: Gholdengo|0 fnt
|-damage|p1b: Dragonite|54/100
|faint|p1a: Gholdengo
|move|p2a: Kingambit|Kowtow Cleave|p1b: Dragonite
|-damage|p1b: Dragonite|0 fnt
|faint|p1b: Dragonite
|
|-weather|Snowscape|[upkeep]
|-heal|p2b: Shiver Wing|15/100|[from] item: Leftovers
|upkeep
|
|t:|1757021127
|switch|p1a: Volcarona|Volcarona, L50, F|100/100
|switch|p1b: Incineroar|Incineroar, L50, M|100/100
|-ability|p1b: Incineroar|Intimidate|boost
|-unboost|p2a: Kingambit|atk|1
|-ability|p2a: Kingambit|Defiant|boost
|-boost|p2a: Kingambit|atk|2
|-unboost|p2b: Shiver Wing|atk|1
|turn|5
|
|t:|1757021157
|move|p1b: Incineroar|Fake Out|p2b: Shiver Wing
|-damage|p2b: Shiver Wing|0 fnt
|faint|p2b: Shiver Wing
|move|p1a: Volcarona|Quiver Dance|p1a: Volcarona
|-boost|p1a: Volcarona|spa|1
|-boost|p1a: Volcarona|spd|1
|-boost|p1a: Volcarona|spe|1
|move|p2a: Kingambit|Kowtow Cleave|p1a: Volcarona
|-damage|p1a: Volcarona|0 fnt
|faint|p1a: Volcarona
|
|-weather|Snowscape|[upkeep]
|upkeep
|
|t:|1757021159
|switch|p2b: Electabuzz|Electabuzz, L50, F|100/100
|turn|6
|-message|PLEASEWORKOHGOD forfeited.
|
|win|Wo-Chien<3
|l|☆PLEASEWORKOHGOD
|player|p1|
