|j|☆ShrekBK
|j|☆danielp4l4d1n0
|html|ShrekBKdanielp4l4d1n0    
|uhtml|bestof|Game 2 of a best-of-3
|t:|1755628731
|gametype|doubles
|player|p1|ShrekBK|lucas|1395
|player|p2|danielp4l4d1n0|265|1522
|gen|9
|tier|[Gen 9] VGC 2025 Reg H (Bo3)
|rated|
|rule|Species Clause: Limit one of each Pokémon
|rule|Item Clause: Limit 1 of each item
|clearpoke
|poke|p1|Archaludon, L50, M|
|poke|p1|Murkrow, L50, F|
|poke|p1|Gholdengo, L50|
|poke|p1|Garchomp, L50, M|
|poke|p1|Flamigo, L50, M|
|poke|p1|Incineroar, L50, F|
|poke|p2|Ninetales-Alola, L50, F|
|poke|p2|Dragonite, L50, F|
|poke|p2|Annihilape, L50, M|
|poke|p2|Gholdengo, L50|
|poke|p2|Arcanine-Hisui, L50, M|
|poke|p2|Rillaboom, L50, M|
|teampreview|4
|showteam|p1|Archaludon||AssaultVest|Stamina|BodyPress,DracoMeteor,ElectroShot,FlashCannon|||M|||50|,,,,,Grass]Murkrow||Eviolite|Prankster|FoulPlay,Tailwind,Haze,RainDance|||F|||50|,,,,,Ghost]Gholdengo||ChoiceSpecs|GoodasGold|MakeItRain,Thunderbolt,ShadowBall,PowerGem||||||50|,,,,,Water]Garchomp||LifeOrb|RoughSkin|Earthquake,DragonClaw,StompingTantrum,Protect|||M|||50|,,,,,Ground]Flamigo||FocusSash|Scrappy|CloseCombat,DualWingbeat,Feint,Protect|||M|||50|,,,,,Ghost]Incineroar||SafetyGoggles|Intimidate|FlareBlitz,KnockOff,FakeOut,PartingShot|||F|||50|,,,,,Ghost
|showteam|p2|Ninetales-Alola||CovertCloak|SnowWarning|Blizzard,AuroraVeil,IcyWind,Roar|||F|||50|,,,,,Water]Dragonite||LoadedDice|Multiscale|ScaleShot,Tailwind,StompingTantrum,Protect|||F|||50|,,,,,Fairy]Annihilape||FocusSash|Defiant|CloseCombat,RageFist,FinalGambit,Coaching|||M|||50|,,,,,Grass]Gholdengo||GrassySeed|GoodasGold|MakeItRain,ShadowBall,NastyPlot,Protect||||||50|,,,,,Water]Arcanine-Hisui||SafetyGoggles|Intimidate|FlareBlitz,RockSlide,ExtremeSpeed,Protect|||M|||50|,,,,,Normal]Rillaboom||AssaultVest|GrassySurge|WoodHammer,GrassyGlide,HighHorsepower,FakeOut|||M|||50|,,,,,Fire
|
|t:|1755628790
|teamsize|p1|4
|teamsize|p2|4
|start
|switch|p1a: Gholdengo|Gholdengo, L50|100/100
|switch|p1b: Murkrow|Murkrow, L50, F|100/100
|switch|p2a: Gholdengo|Gholdengo, L50|100/100
|switch|p2b: Rillaboom|Rillaboom, L50, M|100/100
|-fieldstart|move: Grassy Terrain|[from] ability: Grassy Surge|[of] p2b: Rillaboom
|-enditem|p2a: Gholdengo|Grassy Seed
|-boost|p2a: Gholdengo|def|1|[from] item: Grassy Seed
|turn|1
|
|t:|1755628805
|switch|p1a: Incineroar|Incineroar, L50, F|100/100
|-ability|p1a: Incineroar|Intimidate|boost
|-unboost|p2a: Gholdengo|atk|1
|-unboost|p2b: Rillaboom|atk|1
|move|p2a: Gholdengo|Protect|p2a: Gholdengo
|-singleturn|p2a: Gholdengo|Protect
|move|p1b: Murkrow|Haze|p1b: Murkrow
|-clearallboost
|move|p2b: Rillaboom|High Horsepower|p1a: Incineroar
|-supereffective|p1a: Incineroar
|-damage|p1a: Incineroar|46/100
|
|-heal|p1a: Incineroar|52/100|[from] Grassy Terrain
|upkeep
|turn|2
|
|t:|1755628831
|move|p1b: Murkrow|Tailwind|p1b: Murkrow
|-sidestart|p1: ShrekBK|move: Tailwind
|move|p1a: Incineroar|Flare Blitz|p2b: Rillaboom
|-supereffective|p2b: Rillaboom
|-damage|p2b: Rillaboom|14/100
|-damage|p1a: Incineroar|23/100|[from] Recoil
|move|p2a: Gholdengo|Make It Rain|p1b: Murkrow|[spread] p1a,p1b
|-resisted|p1a: Incineroar
|-damage|p1a: Incineroar|6/100
|-damage|p1b: Murkrow|49/100
|-unboost|p2a: Gholdengo|spa|1
|move|p2b: Rillaboom|High Horsepower|p1a: Incineroar
|-supereffective|p1a: Incineroar
|-damage|p1a: Incineroar|0 fnt
|faint|p1a: Incineroar
|
|-heal|p2b: Rillaboom|19/100|[from] Grassy Terrain
|upkeep
|
|t:|1755628840
|switch|p1a: Gholdengo|Gholdengo, L50|100/100
|turn|3
|
|t:|1755628856
|switch|p1b: Flamigo|Flamigo, L50, M|100/100
|move|p2a: Gholdengo|Protect|p2a: Gholdengo
|-singleturn|p2a: Gholdengo|Protect
|move|p2b: Rillaboom|Grassy Glide|p1b: Flamigo
|-resisted|p1b: Flamigo
|-damage|p1b: Flamigo|72/100
|move|p1a: Gholdengo|Shadow Ball|p2a: Gholdengo
|-activate|p2a: Gholdengo|move: Protect
|
|-heal|p2b: Rillaboom|25/100|[from] Grassy Terrain
|upkeep
|turn|4
|
|t:|1755628894
|-terastallize|p2a: Gholdengo|Water
|move|p2b: Rillaboom|Grassy Glide|p1a: Gholdengo
|-resisted|p1a: Gholdengo
|-damage|p1a: Gholdengo|78/100
|move|p1b: Flamigo|Close Combat|p2a: Gholdengo
|-damage|p2a: Gholdengo|49/100
|-unboost|p1b: Flamigo|def|1
|-unboost|p1b: Flamigo|spd|1
|move|p1a: Gholdengo|Shadow Ball|p2a: Gholdengo
|-damage|p2a: Gholdengo|0 fnt
|faint|p2a: Gholdengo
|
|-heal|p1a: Gholdengo|84/100|[from] Grassy Terrain
|-heal|p2b: Rillaboom|31/100|[from] Grassy Terrain
|upkeep
|
|t:|1755628916
|switch|p2a: Dragonite|Dragonite, L50, F|100/100
|turn|5
|
|t:|1755628928
|move|p1b: Flamigo|Dual Wingbeat|p2a: Dragonite
|-damage|p2a: Dragonite|89/100
|-damage|p2a: Dragonite|68/100
|-hitcount|p2a: Dragonite|2
|move|p1a: Gholdengo|Shadow Ball|p2a: Dragonite
|-damage|p2a: Dragonite|0 fnt
|faint|p2a: Dragonite
|move|p2b: Rillaboom|High Horsepower|p1a: Gholdengo
|-supereffective|p1a: Gholdengo
|-damage|p1a: Gholdengo|5/100
|
|-heal|p1a: Gholdengo|11/100|[from] Grassy Terrain
|-heal|p2b: Rillaboom|37/100|[from] Grassy Terrain
|-sideend|p1: ShrekBK|move: Tailwind
|-fieldend|move: Grassy Terrain
|upkeep
|
|t:|1755628939
|switch|p2a: Annihilape|Annihilape, L50, M|100/100
|turn|6
|
|t:|1755628952
|move|p2a: Annihilape|Rage Fist|p1a: Gholdengo
|-supereffective|p1a: Gholdengo
|-damage|p1a: Gholdengo|0 fnt
|faint|p1a: Gholdengo
|move|p1b: Flamigo|Close Combat|p2b: Rillaboom
|-damage|p2b: Rillaboom|0 fnt
|-unboost|p1b: Flamigo|def|1
|-unboost|p1b: Flamigo|spd|1
|faint|p2b: Rillaboom
|
|upkeep
|
|t:|1755628955
|switch|p1a: Murkrow|Murkrow, L50, F|49/100
|turn|7
|c|☆ShrekBK|gg
|
|t:|1755628967
|move|p1a: Murkrow|Tailwind|p1a: Murkrow
|-sidestart|p1: ShrekBK|move: Tailwind
|move|p1b: Flamigo|Close Combat|p2a: Annihilape
|-damage|p2a: Annihilape|36/100
|-unboost|p1b: Flamigo|def|1
|-unboost|p1b: Flamigo|spd|1
|move|p2a: Annihilape|Rage Fist|p1b: Flamigo
|-damage|p1b: Flamigo|0 fnt
|faint|p1b: Flamigo
|
|upkeep
|turn|8
|
|t:|1755628979
|move|p1a: Murkrow|Foul Play|p2a: Annihilape
|-damage|p2a: Annihilape|0 fnt
|faint|p2a: Annihilape
|
|win|ShrekBK
|raw|ShrekBK's rating: 1395 → 1422(+27 for winning)
|raw|danielp4l4d1n0's rating: 1522 → 1495(-27 for losing)
|c|☆danielp4l4d1n0|gg
|l|☆danielp4l4d1n0
|player|p2|
