|j|☆andiom123
|j|☆Juan Piz
|html|andiom123Juan Piz    
|uhtml|bestof|Game 1 of a best-of-3
|t:|1785887355
|gametype|doubles
|player|p1|andiom123|red|1207
|player|p2|Juan Piz|1|1190
|gen|9
|tier|[Gen 9 Champions] VGC 2026 Reg M-B (Bo3)
|rated|
|rule|Species Clause: Limit one of each Pokémon
|rule|Item Clause: Limit 1 of each item
|clearpoke
|poke|p1|Incineroar, L50, M|
|poke|p1|Farigiraf, L50, F|
|poke|p1|Sylveon, L50, M|
|poke|p1|Torkoal, L50, F|
|poke|p1|Kangaskhan, L50, F|
|poke|p1|Mudsdale, L50, F|
|poke|p2|Raichu, L50, M|
|poke|p2|Staraptor, L50, M|
|poke|p2|Arcanine-Hisui, L50, M|
|poke|p2|Sylveon, L50, M|
|poke|p2|Farigiraf, L50, M|
|poke|p2|Kingambit, L50, M|
|teampreview|4
|showteam|p1|Incineroar||MuscleBand|Intimidate|ThroatChop,FlareBlitz,FakeOut,PartingShot|Brave||M|||50|]Farigiraf||SitrusBerry|ArmorTail|FoulPlay,PsychicNoise,TrickRoom,HelpingHand|Relaxed||F|||50|]Sylveon||FairyFeather|Pixilate|HyperVoice,HyperBeam,Yawn,Detect|Modest||M|||50|]Torkoal||Charcoal|Drought|Eruption,EarthPower,Flamethrower,Protect|Quiet||F|||50|]Kangaskhan||Kangaskhanite|Scrappy|DoubleEdge,FakeOut,IcePunch,HammerArm|Brave||F|||50|]Mudsdale||LifeOrb|InnerFocus|HighHorsepower,Earthquake,RockSlide,HeavySlam|Brave||F|||50|
|showteam|p2|Raichu||RaichuniteY|LightningRod|FakeOut,ZapCannon,FocusBlast,Protect|Jolly||M|||50|]Staraptor||Staraptite|Intimidate|CloseCombat,DualWingbeat,Tailwind,Protect|Jolly||M|||50|]Arcanine-Hisui||FocusSash|RockHead|FlareBlitz,HeadSmash,ExtremeSpeed,Protect|Adamant||M|||50|]Sylveon||FairyFeather|Pixilate|HyperVoice,QuickAttack,HyperBeam,Protect|Modest||M|||50|]Farigiraf||SitrusBerry|ArmorTail|TrickRoom,HelpingHand,Psychic,Protect|Calm||M|||50|]Kingambit||LifeOrb|Defiant|SuckerPunch,KowtowCleave,SwordsDance,Protect|Adamant||M|||50|
|inactive|Battle timer is ON: inactive players will automatically lose when time's up. (requested by andiom123)
|
|t:|1785887415
|teamsize|p1|4
|teamsize|p2|4
|start
|switch|p1a: Farigiraf|Farigiraf, L50, F|100/100
|switch|p1b: Kangaskhan|Kangaskhan, L50, F|100/100
|switch|p2a: Staraptor|Staraptor, L50, M|100/100
|switch|p2b: Sylveon|Sylveon, L50, M|100/100
|-ability|p2a: Staraptor|Intimidate|boost
|-unboost|p1a: Farigiraf|atk|1
|-fail|p1b: Kangaskhan|unboost|Attack|[from] ability: Scrappy|[of] p1b: Kangaskhan
|turn|1
|inactive|andiom123 has 30 seconds left.
|
|t:|1785887441
|switch|p2b: Farigiraf|Farigiraf, L50, M|100/100
|detailschange|p2a: Staraptor|Staraptor-Mega, L50, M
|-mega|p2a: Staraptor|Staraptor|Staraptite
|detailschange|p1b: Kangaskhan|Kangaskhan-Mega, L50, F
|-mega|p1b: Kangaskhan|Kangaskhan|Kangaskhanite
|move|p1b: Kangaskhan|Fake Out||[still]
|cant|p2b: Farigiraf|ability: Armor Tail|Fake Out|[of] p1b: Kangaskhan
|move|p2a: Staraptor|Close Combat|p1a: Farigiraf
|-damage|p1a: Farigiraf|50/100y
|-boost|p2a: Staraptor|def|1
|-boost|p2a: Staraptor|spd|1
|-enditem|p1a: Farigiraf|Sitrus Berry|[eat]
|-heal|p1a: Farigiraf|75/100|[from] item: Sitrus Berry
|move|p1a: Farigiraf|Trick Room|p1a: Farigiraf
|-fieldstart|move: Trick Room|[of] p1a: Farigiraf
|
|upkeep
|turn|2
|inactive|Juan Piz has 30 seconds left.
|
|t:|1785887472
|move|p1a: Farigiraf|Psychic Noise|p2b: Farigiraf
|-resisted|p2b: Farigiraf|1
|-damage|p2b: Farigiraf|87/100
|-start|p2b: Farigiraf|move: Heal Block
|move|p2b: Farigiraf|Psychic|p1a: Farigiraf
|-resisted|p1a: Farigiraf|1
|-damage|p1a: Farigiraf|60/100
|move|p1b: Kangaskhan|Double-Edge|p2b: Farigiraf
|-damage|p2b: Farigiraf|29/100
|-damage|p2b: Farigiraf|17/100
|-hitcount|p2b: Farigiraf|2
|-damage|p1b: Kangaskhan|75/100|[from] Recoil
|move|p2a: Staraptor|Close Combat|p1b: Kangaskhan
|-supereffective|p1b: Kangaskhan|1
|-damage|p1b: Kangaskhan|0 fnt
|-boost|p2a: Staraptor|def|1
|-boost|p2a: Staraptor|spd|1
|faint|p1b: Kangaskhan
|
|upkeep
|
|t:|1785887492
|switch|p1b: Sylveon|Sylveon, L50, M|100/100
|turn|3
|
|t:|1785887499
|move|p2a: Staraptor|Protect|p2a: Staraptor
|-singleturn|p2a: Staraptor|Protect
|move|p1a: Farigiraf|Psychic Noise|p2a: Staraptor
|-activate|p2a: Staraptor|move: Protect
|move|p1b: Sylveon|Hyper Voice|p2a: Staraptor|[spread] p2b
|-activate|p2a: Staraptor|move: Protect
|-damage|p2b: Farigiraf|0 fnt
|faint|p2b: Farigiraf
|
|upkeep
|inactive|Juan Piz has 30 seconds left.
|inactive|Juan Piz has 20 seconds left.
|
|t:|1785887536
|switch|p2b: Sylveon|Sylveon, L50, M|100/100
|turn|4
|
|t:|1785887547
|move|p1a: Farigiraf|Psychic Noise|p2a: Staraptor
|-supereffective|p2a: Staraptor|1
|-damage|p2a: Staraptor|68/100
|-start|p2a: Staraptor|move: Heal Block
|move|p1b: Sylveon|Hyper Voice|p2a: Staraptor|[spread] p2a,p2b
|-supereffective|p2a: Staraptor|1
|-damage|p2a: Staraptor|18/100
|-damage|p2b: Sylveon|62/100
|move|p2b: Sylveon|Hyper Voice|p1a: Farigiraf|[spread] p1a,p1b
|-damage|p1a: Farigiraf|21/100
|-damage|p1b: Sylveon|68/100
|move|p2a: Staraptor|Close Combat|p1a: Farigiraf
|-damage|p1a: Farigiraf|0 fnt
|-boost|p2a: Staraptor|def|1
|-boost|p2a: Staraptor|spd|1
|faint|p1a: Farigiraf
|
|upkeep
|
|t:|1785887563
|switch|p1a: Mudsdale|Mudsdale, L50, F|100/100
|turn|5
|
|t:|1785887568
|move|p2b: Sylveon|Protect|p2b: Sylveon
|-singleturn|p2b: Sylveon|Protect
|move|p2a: Staraptor|Protect|p2a: Staraptor
|-singleturn|p2a: Staraptor|Protect
|move|p1a: Mudsdale|Heavy Slam|p2b: Sylveon
|-activate|p2b: Sylveon|move: Protect
|move|p1b: Sylveon|Hyper Voice|p2a: Staraptor|[spread] 
|-activate|p2a: Staraptor|move: Protect
|-activate|p2b: Sylveon|move: Protect
|
|-end|p2a: Staraptor|move: Heal Block
|-fieldend|move: Trick Room
|upkeep
|turn|6
|inactive|Juan Piz has 30 seconds left.
|
|t:|1785887597
|move|p2a: Staraptor|Close Combat|p1a: Mudsdale
|-damage|p1a: Mudsdale|44/100
|-boost|p2a: Staraptor|def|1
|-boost|p2a: Staraptor|spd|1
|move|p2b: Sylveon|Hyper Voice|p1b: Sylveon|[spread] p1a,p1b
|-damage|p1a: Mudsdale|2/100
|-damage|p1b: Sylveon|37/100
|move|p1b: Sylveon|Hyper Voice|p2a: Staraptor|[spread] p2a,p2b
|-supereffective|p2a: Staraptor|1
|-damage|p2a: Staraptor|0 fnt
|-damage|p2b: Sylveon|28/100
|faint|p2a: Staraptor
|move|p1a: Mudsdale|Heavy Slam|p2b: Sylveon
|-supereffective|p2b: Sylveon|1
|-damage|p2b: Sylveon|0 fnt
|faint|p2b: Sylveon
|-damage|p1a: Mudsdale|0 fnt|[from] item: Life Orb
|faint|p1a: Mudsdale
|
|upkeep
|
|t:|1785887609
|switch|p2b: Arcanine|Arcanine-Hisui, L50, M|100/100
|turn|7
|
|t:|1785887625
|move|p2b: Arcanine|Flare Blitz|p1b: Sylveon
|-damage|p1b: Sylveon|0 fnt
|faint|p1b: Sylveon
|
|win|Juan Piz
||andiom123 is ready for game 2.
||Juan Piz is ready for game 2.
|uhtml|next|Next: Game 2 of 3
|l|☆Juan Piz
|player|p2|
