|j|☆LewBoiiiiiii
|j|☆TheKingsSnorlax
|html|LewBoiiiiiiiTheKingsSnorlax    
|uhtml|bestof|Game 1 of a best-of-3
|t:|1783625228
|gametype|doubles
|player|p1|LewBoiiiiiii|2|
|player|p2|TheKingsSnorlax|266|
|gen|9
|tier|[Gen 9 Champions] VGC 2026 Reg M-B (Bo3)
|rule|Species Clause: Limit one of each Pokémon
|rule|Item Clause: Limit 1 of each item
|clearpoke
|poke|p1|Floette-Eternal, L50, F|
|poke|p1|Gallade, L50, M|
|poke|p1|Toxicroak, L50, M|
|poke|p1|Umbreon, L50, F|
|poke|p1|Oranguru, L50, M|
|poke|p1|Empoleon, L50, M|
|poke|p2|Sinistcha, L50|
|poke|p2|Snorlax, L50, F|
|poke|p2|Archaludon, L50, F|
|poke|p2|Pelipper, L50, M|
|poke|p2|Pidgeot, L50, F|
|poke|p2|Meowstic, L50, M|
|teampreview|4
|showteam|p1|Floette-Eternal||Floettite|FlowerVeil|Moonblast,DazzlingGleam,LightofRuin,Protect|Modest||F|||50|]Gallade||LifeOrb|Sharpness|SacredSword,PsychoCut,NightSlash,Protect|Quiet||M|||50|]Toxicroak||FocusSash|DrySkin|FakeOut,Taunt,KnockOff,CloseCombat|Jolly||M|||50|]Umbreon||Leftovers|InnerFocus|FoulPlay,SunnyDay,Yawn,Moonlight|Impish||F|||50|]Oranguru||MentalHerb|InnerFocus|Psychic,TrickRoom,Instruct,Protect|Sassy||M|||50|]Empoleon||WideLens|Competitive|HydroPump,FlashCannon,IceBeam,Protect|Quiet||M|||50|
|showteam|p2|Sinistcha||YacheBerry|Hospitality|MatchaGotcha,RagePowder,LifeDew,TrickRoom|Calm|||||50|]Snorlax||SitrusBerry|ThickFat|Protect,BodySlam,BellyDrum,HighHorsepower|Relaxed||F|||50|]Archaludon||Leftovers|Stamina|Protect,AuraSphere,ElectroShot,FlashCannon|Calm||F|||50|]Pelipper||DampRock|Drizzle|Hurricane,Protect,Tailwind,WeatherBall|Modest||M|||50|]Pidgeot||Pidgeotite|KeenEye|Protect,Tailwind,Hurricane,RainDance|Timid||F|||50|]Meowstic||LightClay|Prankster|LightScreen,Reflect,ThunderWave,RainDance|Bold||M|||50|
|j| rat2
|c| rat2|LOCK IN PT 2
|
|t:|1783625485
|teamsize|p1|4
|teamsize|p2|4
|start
|switch|p1a: Floette|Floette-Eternal, L50, F|100/100
|switch|p1b: Umbreon|Umbreon, L50, F|100/100
|switch|p2a: Pidgeot|Pidgeot, L50, F|100/100
|switch|p2b: Meowstic|Meowstic, L50, M|100/100
|turn|1
|
|t:|1783625541
|detailschange|p2a: Pidgeot|Pidgeot-Mega, L50, F
|-mega|p2a: Pidgeot|Pidgeot|Pidgeotite
|detailschange|p1a: Floette|Floette-Mega, L50, F
|-mega|p1a: Floette|Floette|Floettite
|-ability|p1a: Floette|Fairy Aura
|move|p1a: Floette|Protect|p1a: Floette
|-singleturn|p1a: Floette|Protect
|move|p2b: Meowstic|Light Screen|p2b: Meowstic
|-sidestart|p2: TheKingsSnorlax|move: Light Screen
|move|p2a: Pidgeot|Tailwind|p2a: Pidgeot
|-sidestart|p2: TheKingsSnorlax|move: Tailwind
|move|p1b: Umbreon|Yawn|p2b: Meowstic
|-start|p2b: Meowstic|move: Yawn|[of] p1b: Umbreon
|
|upkeep
|turn|2
|
|t:|1783625602
|move|p2b: Meowstic|Rain Dance|p2b: Meowstic
|-weather|RainDance
|move|p2a: Pidgeot|Hurricane|p1a: Floette
|-damage|p1a: Floette|58/100
|-start|p1a: Floette|confusion
|-activate|p1a: Floette|confusion
|move|p1a: Floette|Dazzling Gleam|p2a: Pidgeot|[spread] p2a,p2b
|-damage|p2a: Pidgeot|54/100
|-damage|p2b: Meowstic|66/100
|move|p1b: Umbreon|Sunny Day|p1b: Umbreon
|-weather|SunnyDay
|
|-weather|SunnyDay|[upkeep]
|-end|p2b: Meowstic|move: Yawn|[silent]
|-status|p2b: Meowstic|slp
|upkeep
|turn|3
|
|t:|1783625631
|cant|p2b: Meowstic|slp
|move|p2a: Pidgeot|Hurricane|p1b: Umbreon
|-damage|p1b: Umbreon|63/100
|-start|p1b: Umbreon|confusion
|-activate|p1a: Floette|confusion
|move|p1a: Floette|Dazzling Gleam|p2b: Meowstic|[spread] p2a,p2b
|-damage|p2a: Pidgeot|13/100
|-damage|p2b: Meowstic|34/100 slp
|-activate|p1b: Umbreon|confusion
|-damage|p1b: Umbreon|59/100|[from] confusion
|
|-weather|SunnyDay|[upkeep]
|-heal|p1b: Umbreon|65/100|[from] item: Leftovers
|upkeep
|turn|4
|
|t:|1783625670
|cant|p2b: Meowstic|slp
|move|p2a: Pidgeot|Rain Dance|p2a: Pidgeot
|-weather|RainDance
|-activate|p1a: Floette|confusion
|move|p1a: Floette|Dazzling Gleam|p2a: Pidgeot|[spread] p2a,p2b
|-damage|p2a: Pidgeot|0 fnt
|-damage|p2b: Meowstic|1/100 slp
|faint|p2a: Pidgeot
|-activate|p1b: Umbreon|confusion
|-damage|p1b: Umbreon|60/100|[from] confusion
|
|-weather|RainDance|[upkeep]
|-heal|p1b: Umbreon|66/100|[from] item: Leftovers
|-sideend|p2: TheKingsSnorlax|move: Tailwind
|upkeep
|
|t:|1783625681
|switch|p2a: Archaludon|Archaludon, L50, F|100/100
|turn|5
|
|t:|1783625698
|-activate|p1a: Floette|confusion
|-damage|p1a: Floette|50/100g|[from] confusion
|-curestatus|p2b: Meowstic|slp|[msg]
|move|p2b: Meowstic|Thunder Wave|p1a: Floette|[miss]
|-miss|p2b: Meowstic|p1a: Floette
|move|p2a: Archaludon|Electro Shot||[still]
|-prepare|p2a: Archaludon|Electro Shot
|-boost|p2a: Archaludon|spa|1
|-anim|p2a: Archaludon|Electro Shot|p1b: Umbreon
|-damage|p1b: Umbreon|32/100
|-end|p1b: Umbreon|confusion
|move|p1b: Umbreon|Sunny Day|p1b: Umbreon
|-weather|SunnyDay
|
|-weather|SunnyDay|[upkeep]
|-heal|p1b: Umbreon|38/100|[from] item: Leftovers
|upkeep
|turn|6
|
|t:|1783625730
|move|p2b: Meowstic|Thunder Wave|p1a: Floette
|-status|p1a: Floette|par
|move|p2a: Archaludon|Aura Sphere|p1b: Umbreon
|-supereffective|p1b: Umbreon|1
|-damage|p1b: Umbreon|0 fnt
|faint|p1b: Umbreon
|-end|p1a: Floette|confusion
|move|p1a: Floette|Dazzling Gleam|p2b: Meowstic|[spread] p2a,p2b
|-damage|p2a: Archaludon|67/100
|-damage|p2b: Meowstic|0 fnt
|-ability|p2a: Archaludon|Stamina|boost
|-boost|p2a: Archaludon|def|1
|faint|p2b: Meowstic
|
|-weather|SunnyDay|[upkeep]
|-heal|p2a: Archaludon|73/100|[from] item: Leftovers
|upkeep
|
|t:|1783625749
|switch|p2b: Sinistcha|Sinistcha, L50|100/100
|switch|p1b: Toxicroak|Toxicroak, L50, M|100/100
|-heal|p2a: Archaludon|98/100|[from] ability: Hospitality|[of] p2b: Sinistcha
|turn|7
|
|t:|1783625791
|move|p2a: Archaludon|Protect|p2a: Archaludon
|-singleturn|p2a: Archaludon|Protect
|move|p1b: Toxicroak|Taunt|p2b: Sinistcha
|-start|p2b: Sinistcha|move: Taunt
|move|p2b: Sinistcha|Matcha Gotcha|p1b: Toxicroak|[spread] p1a,p1b
|-resisted|p1b: Toxicroak|1
|-damage|p1a: Floette|33/100 par
|-damage|p1b: Toxicroak|81/100
|-status|p1b: Toxicroak|brn
|move|p1a: Floette|Moonblast|p2a: Archaludon
|-activate|p2a: Archaludon|move: Protect
|
|-weather|SunnyDay|[upkeep]
|-damage|p1b: Toxicroak|68/100 brn|[from] ability: Dry Skin|[of] p1b: Toxicroak
|-heal|p2a: Archaludon|100/100|[from] item: Leftovers
|-damage|p1b: Toxicroak|62/100 brn|[from] brn
|upkeep
|turn|8
|
|t:|1783625826
|move|p1b: Toxicroak|Knock Off|p2b: Sinistcha
|-supereffective|p2b: Sinistcha|1
|-damage|p2b: Sinistcha|75/100
|-enditem|p2b: Sinistcha|Yache Berry|[from] move: Knock Off|[of] p1b: Toxicroak
|move|p2a: Archaludon|Flash Cannon|p1b: Toxicroak
|-damage|p1b: Toxicroak|0 fnt
|faint|p1b: Toxicroak
|move|p2b: Sinistcha|Matcha Gotcha|p1a: Floette
|-damage|p1a: Floette|8/100 par
|-heal|p2b: Sinistcha|88/100|[from] drain|[of] p1a: Floette
|move|p1a: Floette|Dazzling Gleam|p2b: Sinistcha|[spread] p2a,p2b
|-damage|p2a: Archaludon|70/100
|-damage|p2b: Sinistcha|55/100
|-ability|p2a: Archaludon|Stamina|boost
|-boost|p2a: Archaludon|def|1
|
|-weather|SunnyDay|[upkeep]
|-heal|p2a: Archaludon|76/100|[from] item: Leftovers
|-sideend|p2: TheKingsSnorlax|move: Light Screen
|upkeep
|
|t:|1783625843
|switch|p1b: Gallade|Gallade, L50, M|100/100
|turn|9
|
|t:|1783625887
|move|p2a: Archaludon|Protect|p2a: Archaludon
|-singleturn|p2a: Archaludon|Protect
|move|p1b: Gallade|Sacred Sword|p2a: Archaludon
|-activate|p2a: Archaludon|move: Protect
|move|p2b: Sinistcha|Matcha Gotcha|p1b: Gallade|[spread] p1a,p1b
|-damage|p1a: Floette|0 fnt
|-heal|p2b: Sinistcha|60/100|[from] drain|[of] p1a: Floette
|-damage|p1b: Gallade|78/100
|-heal|p2b: Sinistcha|70/100|[from] drain|[of] p1b: Gallade
|-status|p1b: Gallade|brn
|faint|p1a: Floette
|
|-weather|none
|-heal|p2a: Archaludon|82/100|[from] item: Leftovers
|-damage|p1b: Gallade|72/100 brn|[from] brn
|-end|p2b: Sinistcha|move: Taunt
|upkeep
|turn|10
|
|t:|1783625910
|move|p2b: Sinistcha|Rage Powder|p2b: Sinistcha
|-singleturn|p2b: Sinistcha|move: Rage Powder
|move|p2a: Archaludon|Flash Cannon|p1b: Gallade
|-damage|p1b: Gallade|25/100 brn
|move|p1b: Gallade|Sacred Sword|p2b: Sinistcha
|-immune|p2b: Sinistcha
|
|-heal|p2a: Archaludon|88/100|[from] item: Leftovers
|-damage|p1b: Gallade|19/100 brn|[from] brn
|upkeep
|turn|11
|
|t:|1783625922
|move|p2b: Sinistcha|Rage Powder|p2b: Sinistcha
|-singleturn|p2b: Sinistcha|move: Rage Powder
|move|p2a: Archaludon|Flash Cannon|p1b: Gallade
|-crit|p1b: Gallade
|-damage|p1b: Gallade|0 fnt
|faint|p1b: Gallade
|
|win|TheKingsSnorlax
||LewBoiiiiiii is ready for game 2.
|l|☆TheKingsSnorlax
|player|p2|
|inactive|TheKingsSnorlax has 30 seconds to confirm battle start!
||TheKingsSnorlax is ready for game 2.
|uhtml|next|Next: Game 2 of 3
|l|☆LewBoiiiiiii
|player|p1|
|j|☆LewBoiiiiiii
|player|p1|LewBoiiiiiii|2|
|l| rat2
