|j|☆dont make me walk
|j|‽PatmonVGC
|html|dont make me walkPatmonVGC    
|uhtml|bestof|Game 2 of a best-of-3
|t:|1757061510
|gametype|doubles
|player|p1|dont make me walk|red-masters3|1399
|player|p2|PatmonVGC|grusha|1326
|gen|9
|tier|[Gen 9] VGC 2025 Reg H (Bo3)
|rated|
|rule|Species Clause: Limit one of each Pokémon
|rule|Item Clause: Limit 1 of each item
|clearpoke
|poke|p1|Ursaluna-Bloodmoon, L50, M|
|poke|p1|Indeedee, L50, M|
|poke|p1|Sneasler, L50, M|
|poke|p1|Incineroar, L50, F|
|poke|p1|Talonflame, L50, M|
|poke|p1|Garchomp, L50, M|
|poke|p2|Sneasler, L50, M|
|poke|p2|Indeedee, L50, M|
|poke|p2|Ursaluna-Bloodmoon, L50, M|
|poke|p2|Electabuzz, L50, M|
|poke|p2|Incineroar, L50, F|
|poke|p2|Talonflame, L50, F|
|teampreview|4
|showteam|p1|Ursaluna-Bloodmoon||LifeOrb|MindsEye|Protect,EarthPower,HyperVoice,BloodMoon|||M|||50|,,,,,Normal]Indeedee||FocusSash|PsychicSurge|ExpandingForce,Protect,TrickRoom,Imprison|||M|||50|,,,,,Psychic]Sneasler||PsychicSeed|Unburden|DireClaw,CloseCombat,ThroatChop,Protect|||M|||50|,,,,,Dark]Incineroar||SafetyGoggles|Intimidate|FakeOut,KnockOff,FlareBlitz,PartingShot|||F|||50|,,,,,Ghost]Talonflame||CovertCloak|GaleWings|FlareBlitz,DualWingbeat,WillOWisp,Tailwind|||M|||50|,,,,,Fairy]Garchomp||ClearAmulet|RoughSkin|Earthquake,StompingTantrum,DragonClaw,Protect|||M|||50|,,,,,Fairy
|showteam|p2|Sneasler||PsychicSeed|Unburden|CloseCombat,DireClaw,ThroatChop,Protect|||M|||50|,,,,,Dark]Indeedee||FocusSash|PsychicSurge|ExpandingForce,TrickRoom,HelpingHand,Protect|||M|||50|,,,,,Psychic]Ursaluna-Bloodmoon||LifeOrb|MindsEye|BloodMoon,HyperVoice,EarthPower,Protect|||M|||50|,,,,,Normal]Electabuzz||Eviolite|VitalSpirit|Electroweb,FollowMe,Taunt,Protect|||M|||50|,,,,,Dragon]Incineroar||SafetyGoggles|Intimidate|FlareBlitz,KnockOff,PartingShot,FakeOut|||F|||50|,,,,,Ghost]Talonflame||CovertCloak|GaleWings|FlareBlitz,DualWingbeat,WillOWisp,Tailwind|||F|||50|,,,,,Fairy
|inactive|Battle timer is ON: inactive players will automatically lose when time's up. (requested by dont make me walk)
|inactive|PatmonVGC also wants the timer to be on.
|inactive|dont make me walk has 60 seconds left.
|
|t:|1757061545
|teamsize|p1|4
|teamsize|p2|4
|start
|switch|p1a: Talonflame|Talonflame, L50, M|100/100
|switch|p1b: Garchomp|Garchomp, L50, M|100/100
|switch|p2a: Talonflame|Talonflame, L50, F|100/100
|switch|p2b: Ursaluna|Ursaluna-Bloodmoon, L50, M|100/100
|turn|1
|
|t:|1757061556
|move|p2a: Talonflame|Tailwind|p2a: Talonflame
|-sidestart|p2: PatmonVGC|move: Tailwind
|move|p1a: Talonflame|Tailwind|p1a: Talonflame
|-sidestart|p1: dont make me walk|move: Tailwind
|move|p1b: Garchomp|Dragon Claw|p2b: Ursaluna
|-crit|p2b: Ursaluna
|-damage|p2b: Ursaluna|51/100
|move|p2b: Ursaluna|Blood Moon|p1b: Garchomp
|-damage|p1b: Garchomp|0 fnt
|faint|p1b: Garchomp
|-damage|p2b: Ursaluna|41/100|[from] item: Life Orb
|
|upkeep
|
|t:|1757061562
|switch|p1b: Ursaluna|Ursaluna-Bloodmoon, L50, M|100/100
|turn|2
|
|t:|1757061569
|-terastallize|p1b: Ursaluna|Normal
|move|p2b: Ursaluna|Protect|p2b: Ursaluna
|-singleturn|p2b: Ursaluna|Protect
|move|p1a: Talonflame|Dual Wingbeat|p2a: Talonflame
|-damage|p2a: Talonflame|81/100
|-damage|p2a: Talonflame|61/100
|-hitcount|p2a: Talonflame|2
|move|p2a: Talonflame|Flare Blitz|p1b: Ursaluna
|-damage|p1b: Ursaluna|63/100
|-damage|p2a: Talonflame|46/100|[from] Recoil
|move|p1b: Ursaluna|Hyper Voice|p2b: Ursaluna|[spread] p2a
|-activate|p2b: Ursaluna|move: Protect
|-damage|p2a: Talonflame|0 fnt
|faint|p2a: Talonflame
|-damage|p1b: Ursaluna|54/100|[from] item: Life Orb
|
|upkeep
|
|t:|1757061587
|switch|p2a: Sneasler|Sneasler, L50, M|100/100
|turn|3
|
|t:|1757061595
|-terastallize|p2a: Sneasler|Dark
|move|p1b: Ursaluna|Protect|p1b: Ursaluna
|-singleturn|p1b: Ursaluna|Protect
|move|p1a: Talonflame|Dual Wingbeat|p2a: Sneasler
|-damage|p2a: Sneasler|79/100
|-damage|p2a: Sneasler|56/100
|-hitcount|p2a: Sneasler|2
|move|p2a: Sneasler|Close Combat|p1b: Ursaluna
|-activate|p1b: Ursaluna|move: Protect
|move|p2b: Ursaluna|Blood Moon|p1a: Talonflame
|-damage|p1a: Talonflame|0 fnt
|faint|p1a: Talonflame
|-damage|p2b: Ursaluna|32/100|[from] item: Life Orb
|
|upkeep
|
|t:|1757061602
|switch|p1a: Sneasler|Sneasler, L50, M|100/100
|turn|4
|
|t:|1757061616
|switch|p2b: Electabuzz|Electabuzz, L50, M|100/100
|move|p2a: Sneasler|Protect|p2a: Sneasler
|-singleturn|p2a: Sneasler|Protect
|move|p1a: Sneasler|Close Combat|p2a: Sneasler
|-activate|p2a: Sneasler|move: Protect
|move|p1b: Ursaluna|Hyper Voice|p2b: Electabuzz|[spread] p2b
|-activate|p2a: Sneasler|move: Protect
|-damage|p2b: Electabuzz|43/100
|-damage|p1b: Ursaluna|44/100|[from] item: Life Orb
|
|-sideend|p2: PatmonVGC|move: Tailwind
|-sideend|p1: dont make me walk|move: Tailwind
|upkeep
|turn|5
|
|t:|1757061626
|move|p1b: Ursaluna|Protect|p1b: Ursaluna
|-singleturn|p1b: Ursaluna|Protect
|move|p2b: Electabuzz|Follow Me|p2b: Electabuzz
|-singleturn|p2b: Electabuzz|move: Follow Me
|move|p1a: Sneasler|Dire Claw|p2b: Electabuzz
|-damage|p2b: Electabuzz|2/100
|move|p2a: Sneasler|Close Combat|p1b: Ursaluna
|-activate|p1b: Ursaluna|move: Protect
|
|upkeep
|turn|6
|
|t:|1757061639
|move|p1b: Ursaluna|Protect||[still]
|-fail|p1b: Ursaluna
|move|p2b: Electabuzz|Follow Me|p2b: Electabuzz
|-singleturn|p2b: Electabuzz|move: Follow Me
|move|p1a: Sneasler|Dire Claw|p2b: Electabuzz
|-damage|p2b: Electabuzz|0 fnt
|faint|p2b: Electabuzz
|move|p2a: Sneasler|Close Combat|p1b: Ursaluna
|-supereffective|p1b: Ursaluna
|-damage|p1b: Ursaluna|0 fnt
|-unboost|p2a: Sneasler|def|1
|-unboost|p2a: Sneasler|spd|1
|faint|p1b: Ursaluna
|
|upkeep
|
|t:|1757061641
|switch|p2b: Ursaluna|Ursaluna-Bloodmoon, L50, M|32/100
|turn|7
|
|t:|1757061662
|move|p1a: Sneasler|Protect|p1a: Sneasler
|-singleturn|p1a: Sneasler|Protect
|move|p2a: Sneasler|Close Combat|p1a: Sneasler
|-activate|p1a: Sneasler|move: Protect
|move|p2b: Ursaluna|Earth Power|p1a: Sneasler
|-activate|p1a: Sneasler|move: Protect
|
|upkeep
|turn|8
|inactive|PatmonVGC has 30 seconds left.
|
|t:|1757061688
|move|p1a: Sneasler|Close Combat|p2b: Ursaluna
|-supereffective|p2b: Ursaluna
|-damage|p2b: Ursaluna|0 fnt
|-unboost|p1a: Sneasler|def|1
|-unboost|p1a: Sneasler|spd|1
|faint|p2b: Ursaluna
|move|p2a: Sneasler|Close Combat|p1a: Sneasler
|-resisted|p1a: Sneasler
|-damage|p1a: Sneasler|10/100
|-unboost|p2a: Sneasler|def|1
|-unboost|p2a: Sneasler|spd|1
|
|upkeep
|turn|9
|
|t:|1757061693
|move|p1a: Sneasler|Close Combat|p2a: Sneasler
|-supereffective|p2a: Sneasler
|-damage|p2a: Sneasler|0 fnt
|-unboost|p1a: Sneasler|def|1
|-unboost|p1a: Sneasler|spd|1
|faint|p2a: Sneasler
|
|win|dont make me walk
|raw|dont make me walk's rating: 1399 → 1415(+16 for winning)
|raw|PatmonVGC's rating: 1326 → 1310(-16 for losing)
|l|‽PatmonVGC
|player|p2|
