|j|☆dambro222
|j|☆tortilla sorpresa
|html|dambro222tortilla sorpresa    
|uhtml|bestof|Game 3 of a best-of-3
|t:|1756298593
|gametype|doubles
|player|p1|dambro222|ethan|1158
|player|p2|tortilla sorpresa|ghetsis-gen5bw|1066
|gen|9
|tier|[Gen 9] VGC 2025 Reg H (Bo3)
|rated|
|rule|Species Clause: Limit one of each Pokémon
|rule|Item Clause: Limit 1 of each item
|clearpoke
|poke|p1|Dragonite, L50, M|
|poke|p1|Volcarona, L50, F|
|poke|p1|Sneasler, L50, M|
|poke|p1|Rillaboom, L50, M|
|poke|p1|Electabuzz, L50, M|
|poke|p1|Kingambit, L50, M|
|poke|p2|Weezing-Galar, L50, M|
|poke|p2|Sneasler, L50, F|
|poke|p2|Toedscruel, L50, M|
|poke|p2|Pelipper, L50, F|
|poke|p2|Basculegion, L50, M|
|poke|p2|Armarouge, L50, M|
|teampreview|4
|showteam|p1|Dragonite||LoadedDice|Multiscale|ScaleShot,ExtremeSpeed,Haze,Protect|||M|||50|,,,,,Fairy]Volcarona||CovertCloak|FlameBody|HeatWave,TeraBlast,QuiverDance,Protect|||F|||50|,,,,,Fairy]Sneasler||FocusSash|Unburden|CloseCombat,DireClaw,Coaching,Protect|||M|||50|,,,,,Stellar]Rillaboom||AssaultVest|GrassySurge|WoodHammer,GrassyGlide,HighHorsepower,FakeOut|||M|||50|,,,,,Water]Electabuzz||Eviolite|VitalSpirit|Electroweb,FollowMe,Taunt,Protect|||M|||50|,,,,,Ghost]Kingambit||BlackGlasses|Defiant|KowtowCleave,SuckerPunch,SwordsDance,Protect|||M|||50|,,,,,Dark
|showteam|p2|Weezing-Galar||BlackSludge|NeutralizingGas|DazzlingGleam,Taunt,Flamethrower,SludgeBomb|||M|||50|,,,,,Fire]Sneasler||ExpertBelt|PoisonTouch|ThroatChop,DireClaw,CloseCombat,FakeOut|||F|||50|,,,,,Dark]Toedscruel||CovertCloak|MyceliumMight|Spore,RagePowder,LeafStorm,EarthPower|||M|||50|,,,,,Ground]Pelipper||AbilityShield|Drizzle|Tailwind,Hurricane,Protect,WideGuard|||F|||50|,,,,,Ground]Basculegion||LifeOrb|SwiftSwim|AquaJet,WaveCrash,Protect,LastRespects|||M|||50|,,,,,Ghost]Armarouge||AssaultVest|FlashFire|HeatWave,EnergyBall,ScorchingSands,Psyshock|||M|||50|,,,,,Grass
|inactive|Battle timer is ON: inactive players will automatically lose when time's up. (requested by tortilla sorpresa)
|inactive|dambro222 also wants the timer to be on.
|inactive|dambro222 has 60 seconds left.
|
|t:|1756298638
|teamsize|p1|4
|teamsize|p2|4
|start
|switch|p1a: Sneasler|Sneasler, L50, M|100/100
|switch|p1b: Rillaboom|Rillaboom, L50, M|100/100
|switch|p2a: Pelipper|Pelipper, L50, F|100/100
|switch|p2b: Basculegion|Basculegion, L50, M|100/100
|-weather|RainDance|[from] ability: Drizzle|[of] p2a: Pelipper
|-fieldstart|move: Grassy Terrain|[from] ability: Grassy Surge|[of] p1b: Rillaboom
|turn|1
|inactive|tortilla sorpresa has 30 seconds left.
|inactive|tortilla sorpresa has 20 seconds left.
|inactive|tortilla sorpresa has 15 seconds left.
|
|t:|1756298679
|switch|p1a: Electabuzz|Electabuzz, L50, M|100/100
|-terastallize|p2b: Basculegion|Ghost
|move|p2a: Pelipper|Protect|p2a: Pelipper
|-singleturn|p2a: Pelipper|Protect
|move|p2b: Basculegion|Aqua Jet|p1a: Electabuzz
|-damage|p1a: Electabuzz|68/100
|-damage|p2b: Basculegion|91/100|[from] item: Life Orb
|move|p1b: Rillaboom|Wood Hammer|p2a: Pelipper
|-activate|p2a: Pelipper|move: Protect
|
|-weather|RainDance|[upkeep]
|-heal|p2b: Basculegion|97/100|[from] Grassy Terrain
|-heal|p1a: Electabuzz|74/100|[from] Grassy Terrain
|upkeep
|turn|2
|
|t:|1756298703
|move|p1b: Rillaboom|Grassy Glide|p2a: Pelipper
|-damage|p2a: Pelipper|51/100
|move|p2b: Basculegion|Wave Crash|p1a: Electabuzz
|-damage|p1a: Electabuzz|0 fnt
|faint|p1a: Electabuzz
|-damage|p2b: Basculegion|76/100|[from] Recoil
|-damage|p2b: Basculegion|66/100|[from] item: Life Orb
|move|p2a: Pelipper|Hurricane|p1b: Rillaboom
|-supereffective|p1b: Rillaboom
|-damage|p1b: Rillaboom|40/100
|
|-weather|RainDance|[upkeep]
|-heal|p2b: Basculegion|72/100|[from] Grassy Terrain
|-heal|p1b: Rillaboom|46/100|[from] Grassy Terrain
|upkeep
|
|t:|1756298720
|switch|p1a: Kingambit|Kingambit, L50, M, shiny|100/100
|turn|3
|inactive|dambro222 has 30 seconds left.
|
|t:|1756298746
|move|p2b: Basculegion|Protect|p2b: Basculegion
|-singleturn|p2b: Basculegion|Protect
|move|p2a: Pelipper|Hurricane|p1b: Rillaboom
|-supereffective|p1b: Rillaboom
|-damage|p1b: Rillaboom|0 fnt
|faint|p1b: Rillaboom
|move|p1a: Kingambit|Swords Dance|p1a: Kingambit
|-boost|p1a: Kingambit|atk|2
|
|-weather|RainDance|[upkeep]
|-heal|p2b: Basculegion|78/100|[from] Grassy Terrain
|upkeep
|
|t:|1756298756
|switch|p1b: Sneasler|Sneasler, L50, M|100/100
|turn|4
|
|t:|1756298765
|move|p2a: Pelipper|Protect|p2a: Pelipper
|-singleturn|p2a: Pelipper|Protect
|move|p2b: Basculegion|Aqua Jet|p1b: Sneasler
|-damage|p1b: Sneasler|32/100
|-damage|p2b: Basculegion|69/100|[from] item: Life Orb
|move|p1a: Kingambit|Sucker Punch||[still]
|-fail|p1a: Kingambit
|move|p1b: Sneasler|Dire Claw|p2a: Pelipper
|-activate|p2a: Pelipper|move: Protect
|
|-weather|RainDance|[upkeep]
|-heal|p2b: Basculegion|75/100|[from] Grassy Terrain
|-heal|p1b: Sneasler|38/100|[from] Grassy Terrain
|upkeep
|turn|5
|
|t:|1756298779
|move|p1b: Sneasler|Protect|p1b: Sneasler
|-singleturn|p1b: Sneasler|Protect
|move|p2b: Basculegion|Aqua Jet|p1b: Sneasler
|-activate|p1b: Sneasler|move: Protect
|move|p1a: Kingambit|Sucker Punch||[still]
|-fail|p1a: Kingambit
|move|p2a: Pelipper|Tailwind|p2a: Pelipper
|-sidestart|p2: tortilla sorpresa|move: Tailwind
|
|-weather|none
|-heal|p2b: Basculegion|81/100|[from] Grassy Terrain
|-heal|p1b: Sneasler|43/100|[from] Grassy Terrain
|-fieldend|move: Grassy Terrain
|upkeep
|turn|6
|
|t:|1756298799
|move|p1b: Sneasler|Protect||[still]
|-fail|p1b: Sneasler
|move|p2b: Basculegion|Aqua Jet|p1b: Sneasler
|-damage|p1b: Sneasler|0 fnt
|faint|p1b: Sneasler
|-damage|p2b: Basculegion|71/100|[from] item: Life Orb
|move|p2a: Pelipper|Hurricane|p1a: Kingambit|[miss]
|-miss|p2a: Pelipper|p1a: Kingambit
|move|p1a: Kingambit|Kowtow Cleave|p2b: Basculegion
|-supereffective|p2b: Basculegion
|-damage|p2b: Basculegion|0 fnt
|faint|p2b: Basculegion
|
|upkeep
|
|t:|1756298810
|switch|p2b: Sneasler|Sneasler, L50, F|100/100
|turn|7
|
|t:|1756298816
|switch|p2a: Armarouge|Armarouge, L50, M|100/100
|move|p1a: Kingambit|Protect|p1a: Kingambit
|-singleturn|p1a: Kingambit|Protect
|move|p2b: Sneasler|Fake Out|p1a: Kingambit
|-activate|p1a: Kingambit|move: Protect
|
|upkeep
|turn|8
|
|t:|1756298839
|-terastallize|p1a: Kingambit|Dark
|move|p1a: Kingambit|Sucker Punch|p2b: Sneasler
|-resisted|p2b: Sneasler
|-damage|p2b: Sneasler|0 fnt
|faint|p2b: Sneasler
|move|p2a: Armarouge|Heat Wave|p1a: Kingambit
|-crit|p1a: Kingambit
|-damage|p1a: Kingambit|19/100
|
|-sideend|p2: tortilla sorpresa|move: Tailwind
|upkeep
|
|t:|1756298846
|switch|p2b: Pelipper|Pelipper, L50, F|51/100
|-weather|RainDance|[from] ability: Drizzle|[of] p2b: Pelipper
|turn|9
|
|t:|1756298854
|move|p1a: Kingambit|Sucker Punch|p2b: Pelipper
|-damage|p2b: Pelipper|0 fnt
|faint|p2b: Pelipper
|move|p2a: Armarouge|Energy Ball|p1a: Kingambit
|-damage|p1a: Kingambit|0 fnt
|faint|p1a: Kingambit
|
|win|tortilla sorpresa
|raw|dambro222's rating: 1158 → 1127(-31 for losing)
|raw|tortilla sorpresa's rating: 1066 → 1104(+38 for winning)
|l|☆tortilla sorpresa
|player|p2|
