|j|â˜†Vuultur
|j|â˜†PippoLungoCalzino
|html|VuulturPippoLungoCalzino    
|uhtml|bestof|Game 3 of a best-of-3
|t:|1756153292
|gametype|doubles
|player|p1|Vuultur|hilbert-wonderlauncher|1211
|player|p2|PippoLungoCalzino|bugsy|1131
|gen|9
|tier|[Gen 9] VGC 2025 Reg H (Bo3)
|rated|
|rule|Species Clause: Limit one of each PokÃ©mon
|rule|Item Clause: Limit 1 of each item
|clearpoke
|poke|p1|Pelipper, L50, M|
|poke|p1|Archaludon, L50, M|
|poke|p1|Annihilape, L50, F|
|poke|p1|Maushold, L50|
|poke|p1|Rillaboom, L50, F|
|poke|p1|Basculegion, L50, M|
|poke|p2|Dragonite, L50, F|
|poke|p2|Gholdengo, L50|
|poke|p2|Sneasler, L50, F|
|poke|p2|Talonflame, L50, F|
|poke|p2|Archaludon, L50, F|
|poke|p2|Garchomp, L50, F|
|teampreview|4
|showteam|p1|Pelipper||FocusSash|Drizzle|WeatherBall,Hurricane,Protect,Tailwind|||M|||50|,,,,,Ghost]Archaludon||AssaultVest|Stamina|ElectroShot,DracoMeteor,FlashCannon,BodyPress|||M|||50|,,,,,Grass]Annihilape||SafetyGoggles|Defiant|RageFist,DrainPunch,BulkUp,Protect|||F|||50|,,,,,Fire]Maushold||SitrusBerry|FriendGuard|BeatUp,FollowMe,Taunt,Protect||||||50|,,,,,Ghost]Rillaboom||MiracleSeed|GrassySurge|FakeOut,GrassyGlide,WoodHammer,Uturn|||F|||50|,,,,,Fire]Basculegion||ChoiceBand|SwiftSwim|WaveCrash,AquaJet,LastRespects,FlipTurn|||M|||50|,,,,,Water
|showteam|p2|Dragonite||LoadedDice|Multiscale|ScaleShot,ExtremeSpeed,IceSpinner,Haze|||F|||50|,,,,,Fairy]Gholdengo||ChoiceSpecs|GoodasGold|MakeItRain,ShadowBall,PowerGem,Thunderbolt||||||50|,,,,,Steel]Sneasler||FocusSash|Unburden|CloseCombat,DireClaw,FakeOut,Coaching|||F|||50|,,,,,Stellar]Talonflame||CovertCloak|GaleWings|BraveBird,Tailwind,WillOWisp,Taunt|||F|||50|,,,,,Grass]Archaludon||PowerHerb|Sturdy|FlashCannon,DracoMeteor,ElectroShot,Protect|||F|||50|,,,,,Flying]Garchomp||LifeOrb|RoughSkin|DragonClaw,StompingTantrum,Earthquake,Protect|||F|||50|,,,,,Ground
|
|t:|1756153310
|teamsize|p1|4
|teamsize|p2|4
|start
|switch|p1a: Pelipper|Pelipper, L50, M|100/100
|switch|p1b: Basculegion|Basculegion, L50, M|100/100
|switch|p2a: Talonflame|Talonflame, L50, F|100/100
|switch|p2b: Archaludon|Archaludon, L50, F|100/100
|-weather|RainDance|[from] ability: Drizzle|[of] p1a: Pelipper
|turn|1
|
|t:|1756153333
|switch|p1b: Archaludon|Archaludon, L50, M, shiny|100/100
|-terastallize|p2a: Talonflame|Grass
|move|p2a: Talonflame|Tailwind|p2a: Talonflame
|-sidestart|p2: PippoLungoCalzino|move: Tailwind
|move|p2b: Archaludon|Electro Shot||[still]
|-prepare|p2b: Archaludon|Electro Shot
|-boost|p2b: Archaludon|spa|1
|-anim|p2b: Archaludon|Electro Shot|p1a: Pelipper
|-supereffective|p1a: Pelipper
|-enditem|p1a: Pelipper|Focus Sash
|-damage|p1a: Pelipper|1/100
|move|p1a: Pelipper|Weather Ball|p2a: Talonflame
|-resisted|p2a: Talonflame
|-damage|p2a: Talonflame|51/100
|
|-weather|RainDance|[upkeep]
|upkeep
|turn|2
|
|t:|1756153363
|-terastallize|p1b: Archaludon|Grass
|move|p2a: Talonflame|Will-O-Wisp|p1b: Archaludon
|-status|p1b: Archaludon|brn
|move|p2b: Archaludon|Electro Shot||[still]
|-prepare|p2b: Archaludon|Electro Shot
|-boost|p2b: Archaludon|spa|1
|-anim|p2b: Archaludon|Electro Shot|p1a: Pelipper
|-supereffective|p1a: Pelipper
|-damage|p1a: Pelipper|0 fnt
|faint|p1a: Pelipper
|move|p1b: Archaludon|Electro Shot||[still]
|-prepare|p1b: Archaludon|Electro Shot
|-boost|p1b: Archaludon|spa|1
|-anim|p1b: Archaludon|Electro Shot|p2a: Talonflame
|-resisted|p2a: Talonflame
|-damage|p2a: Talonflame|11/100
|
|-weather|RainDance|[upkeep]
|-damage|p1b: Archaludon|95/100 brn|[from] brn
|upkeep
|
|t:|1756153378
|switch|p1a: Maushold|Maushold, L50|100/100
|turn|3
|
|t:|1756153388
|move|p1a: Maushold|Protect|p1a: Maushold
|-singleturn|p1a: Maushold|Protect
|move|p2a: Talonflame|Brave Bird|p1b: Archaludon
|-supereffective|p1b: Archaludon
|-damage|p1b: Archaludon|56/100 brn
|-ability|p1b: Archaludon|Stamina|boost
|-boost|p1b: Archaludon|def|1
|-damage|p2a: Talonflame|0 fnt|[from] Recoil
|faint|p2a: Talonflame
|move|p2b: Archaludon|Electro Shot||[still]
|-prepare|p2b: Archaludon|Electro Shot
|-boost|p2b: Archaludon|spa|1
|-anim|p2b: Archaludon|Electro Shot|p1a: Maushold
|-activate|p1a: Maushold|move: Protect
|move|p1b: Archaludon|Electro Shot||[still]
|-prepare|p1b: Archaludon|Electro Shot
|-boost|p1b: Archaludon|spa|1
|-anim|p1b: Archaludon|Electro Shot|p2b: Archaludon
|-resisted|p2b: Archaludon
|-damage|p2b: Archaludon|39/100
|
|-weather|RainDance|[upkeep]
|-damage|p1b: Archaludon|50/100 brn|[from] brn
|upkeep
|
|t:|1756153397
|switch|p2a: Sneasler|Sneasler, L50, F|100/100
|turn|4
|
|t:|1756153422
|move|p2a: Sneasler|Fake Out|p1a: Maushold
|-damage|p1a: Maushold|86/100
|move|p2b: Archaludon|Draco Meteor|p1b: Archaludon
|-damage|p1b: Archaludon|0 fnt
|-unboost|p2b: Archaludon|spa|2
|faint|p1b: Archaludon
|cant|p1a: Maushold|flinch
|
|-weather|RainDance|[upkeep]
|-sideend|p2: PippoLungoCalzino|move: Tailwind
|upkeep
|
|t:|1756153431
|switch|p1b: Basculegion|Basculegion, L50, M|100/100
|turn|5
|
|t:|1756153447
|move|p1b: Basculegion|Last Respects|p2b: Archaludon
|-damage|p2b: Archaludon|0 fnt
|faint|p2b: Archaludon
|move|p2a: Sneasler|Dire Claw|p1b: Basculegion
|-resisted|p1b: Basculegion
|-damage|p1b: Basculegion|79/100
|-status|p1b: Basculegion|slp
|move|p1a: Maushold|Beat Up|p2a: Sneasler
|-resisted|p2a: Sneasler
|-damage|p2a: Sneasler|99/100
|-hitcount|p2a: Sneasler|1
|
|-weather|none
|upkeep
|
|t:|1756153456
|switch|p2b: Garchomp|Garchomp, L50, F|100/100
|turn|6
|
|t:|1756153466
|move|p1a: Maushold|Protect|p1a: Maushold
|-singleturn|p1a: Maushold|Protect
|move|p2a: Sneasler|Close Combat|p1a: Maushold
|-activate|p1a: Maushold|move: Protect
|move|p2b: Garchomp|Stomping Tantrum|p1b: Basculegion
|-damage|p1b: Basculegion|30/100 slp
|-damage|p2b: Garchomp|91/100|[from] item: Life Orb
|cant|p1b: Basculegion|slp
|
|upkeep
|turn|7
|
|t:|1756153483
|move|p1a: Maushold|Follow Me|p1a: Maushold
|-singleturn|p1a: Maushold|move: Follow Me
|move|p2a: Sneasler|Close Combat|p1a: Maushold
|-supereffective|p1a: Maushold
|-damage|p1a: Maushold|0 fnt
|-unboost|p2a: Sneasler|def|1
|-unboost|p2a: Sneasler|spd|1
|faint|p1a: Maushold
|move|p2b: Garchomp|Stomping Tantrum|p1b: Basculegion
|-damage|p1b: Basculegion|0 fnt
|faint|p1b: Basculegion
|-damage|p2b: Garchomp|81/100|[from] item: Life Orb
|
|win|PippoLungoCalzino
|raw|Vuultur's rating: 1211 → 1180(-31 for losing)
|raw|PippoLungoCalzino's rating: 1131 → 1162(+31 for winning)
|l|â˜†Vuultur
|player|p1|
