|j|☆p1ch1pichi
|j|☆Joker113
|html|p1ch1pichiJoker113    
|uhtml|bestof|Game 3 of a best-of-3
|t:|1784632868
|gametype|doubles
|player|p1|p1ch1pichi|n|1089
|player|p2|Joker113|102|1189
|gen|9
|tier|[Gen 9 Champions] VGC 2026 Reg M-B (Bo3)
|rated|
|rule|Species Clause: Limit one of each Pokémon
|rule|Item Clause: Limit 1 of each item
|clearpoke
|poke|p1|Meganium, L50, M, shiny|
|poke|p1|Swampert, L50, M, shiny|
|poke|p1|Pelipper, L50, M|
|poke|p1|Archaludon, L50, M|
|poke|p1|Sableye, L50, M|
|poke|p1|Sneasler, L50, F|
|poke|p2|Gyarados, L50, F|
|poke|p2|Sneasler, L50, M|
|poke|p2|Garchomp, L50, M|
|poke|p2|Whimsicott, L50, M|
|poke|p2|Floette-Eternal, L50, F|
|poke|p2|Volcarona, L50, M|
|teampreview|4
|showteam|p1|Meganium||Meganiumite|Overgrow|SolarBeam,WeatherBall,DazzlingGleam,Protect|Modest||M|||50|]Swampert||Swampertite|Torrent|HighHorsepower,WaveCrash,KnockOff,Protect|Adamant||M|||50|]Pelipper||FocusSash|Drizzle|WeatherBall,Hurricane,WideGuard,Tailwind|Timid||M|||50|]Archaludon||Leftovers|Stalwart|ElectroShot,AuraSphere,DragonPulse,Protect|Modest||M|||50|]Sableye||WideLens|Prankster|Taunt,Swagger,RainDance,WillOWisp|Calm||M|||50|]Sneasler||LumBerry|Unburden|DireClaw,Acrobatics,CloseCombat,Protect|Adamant||F|||50|
|showteam|p2|Gyarados||Gyaradosite|Intimidate|DragonDance,Waterfall,Crunch,Protect|Adamant||F|||50|]Sneasler||WhiteHerb|Unburden|CloseCombat,FakeOut,DireClaw,Protect|Adamant||M|||50|]Garchomp||LifeOrb|RoughSkin|Protect,StompingTantrum,RockSlide,DragonClaw|Adamant||M|||50|]Whimsicott||FocusSash|Prankster|Encore,Endeavor,Moonblast,Tailwind|Modest||M|||50|]Floette-Eternal||Floettite|FlowerVeil|DrainingKiss,Moonblast,CalmMind,Protect|Timid||F|||50|]Volcarona||SitrusBerry|FlameBody|HeatWave,QuiverDance,RagePowder,Protect|Serious||M|||50|
|inactive|Battle timer is ON: inactive players will automatically lose when time's up. (requested by p1ch1pichi)
|inactive|p1ch1pichi has 60 seconds left.
|inactive|Joker113 has 60 seconds left.
|
|t:|1784632904
|teamsize|p1|4
|teamsize|p2|4
|start
|switch|p1a: G4MER67|Sableye, L50, M|100/100
|switch|p1b: Jojo Sira|Sneasler, L50, F|100/100
|switch|p2a: Whimsicott|Whimsicott, L50, M|100/100
|switch|p2b: Gyarados|Gyarados, L50, F|100/100
|-ability|p2b: Gyarados|Intimidate|boost
|-unboost|p1a: G4MER67|atk|1
|-unboost|p1b: Jojo Sira|atk|1
|turn|1
|inactive|p1ch1pichi has 30 seconds left.
|
|t:|1784632935
|move|p2a: Whimsicott|Tailwind|p2a: Whimsicott
|-sidestart|p2: Joker113|move: Tailwind
|move|p1a: G4MER67|Will-O-Wisp|p2b: Gyarados
|-status|p2b: Gyarados|brn
|move|p2b: Gyarados|Dragon Dance|p2b: Gyarados
|-boost|p2b: Gyarados|atk|1
|-boost|p2b: Gyarados|spe|1
|move|p1b: Jojo Sira|Dire Claw|p2a: Whimsicott
|-supereffective|p2a: Whimsicott|2
|-enditem|p2a: Whimsicott|Focus Sash
|-damage|p2a: Whimsicott|1/100
|
|-damage|p2b: Gyarados|93/100 brn|[from] brn
|upkeep
|turn|2
|
|t:|1784632954
|move|p1a: G4MER67|Swagger|p1b: Jojo Sira
|-boost|p1b: Jojo Sira|atk|2
|-start|p1b: Jojo Sira|confusion
|-enditem|p1b: Jojo Sira|Lum Berry|[eat]
|-end|p1b: Jojo Sira|confusion
|move|p1b: Jojo Sira|Acrobatics|p2b: Gyarados
|-damage|p2b: Gyarados|17/100 brn
|move|p2b: Gyarados|Waterfall|p1b: Jojo Sira
|-damage|p1b: Jojo Sira|43/100
|move|p2a: Whimsicott|Endeavor|p1b: Jojo Sira
|-damage|p1b: Jojo Sira|1/100
|
|-damage|p2b: Gyarados|11/100 brn|[from] brn
|upkeep
|turn|3
|
|t:|1784632977
|move|p1a: G4MER67|Will-O-Wisp|p2a: Whimsicott
|-status|p2a: Whimsicott|brn
|move|p1b: Jojo Sira|Acrobatics|p2b: Gyarados
|-damage|p2b: Gyarados|0 fnt
|faint|p2b: Gyarados
|move|p2a: Whimsicott|Moonblast|p1a: G4MER67
|-supereffective|p1a: G4MER67|1
|-damage|p1a: G4MER67|18/100
|
|-damage|p2a: Whimsicott|0 fnt|[from] brn
|faint|p2a: Whimsicott
|upkeep
|
|t:|1784632980
|switch|p2a: Sneasler|Sneasler, L50, M|100/100
|switch|p2b: Garchomp|Garchomp, L50, M|100/100
|turn|4
|
|t:|1784632994
|move|p1b: Jojo Sira|Protect|p1b: Jojo Sira
|-singleturn|p1b: Jojo Sira|Protect
|move|p2a: Sneasler|Protect|p2a: Sneasler
|-singleturn|p2a: Sneasler|Protect
|move|p1a: G4MER67|Will-O-Wisp|p2b: Garchomp
|-status|p2b: Garchomp|brn
|move|p2b: Garchomp|Rock Slide|p1a: G4MER67|[spread] p1a
|-activate|p1b: Jojo Sira|move: Protect
|-damage|p1a: G4MER67|0 fnt
|faint|p1a: G4MER67
|-damage|p2b: Garchomp|90/100 brn|[from] item: Life Orb
|
|-damage|p2b: Garchomp|84/100 brn|[from] brn
|-sideend|p2: Joker113|move: Tailwind
|upkeep
|
|t:|1784633010
|switch|p1a: Bougainville|Meganium, L50, M, shiny|100/100
|turn|5
|
|t:|1784633027
|detailschange|p1a: Bougainville|Meganium-Mega, L50, M, shiny
|-mega|p1a: Bougainville|Meganium|Meganiumite
|move|p1b: Jojo Sira|Acrobatics|p2a: Sneasler
|-supereffective|p2a: Sneasler|1
|-damage|p2a: Sneasler|0 fnt
|faint|p2a: Sneasler
|move|p2b: Garchomp|Dragon Claw|p1b: Jojo Sira
|-damage|p1b: Jojo Sira|0 fnt
|faint|p1b: Jojo Sira
|-damage|p2b: Garchomp|75/100 brn|[from] item: Life Orb
|move|p1a: Bougainville|Dazzling Gleam|p2b: Garchomp
|-supereffective|p2b: Garchomp|1
|-damage|p2b: Garchomp|0 fnt
|faint|p2b: Garchomp
|
|win|p1ch1pichi
|raw|p1ch1pichi's rating: 1089 → 1123(+34 for winning)
|raw|Joker113's rating: 1189 → 1157(-32 for losing)
|l|☆Joker113
|player|p2|
