|j|☆xDeacon
|j|☆bmsomega
|html|xDeaconbmsomega    
|uhtml|bestof|Game 2 of a best-of-3
|t:|1783969256
|gametype|doubles
|player|p1|xDeacon|1|1119
|player|p2|bmsomega|pokemaniac|1052
|gen|9
|tier|[Gen 9 Champions] VGC 2026 Reg M-B (Bo3)
|rated|
|rule|Species Clause: Limit one of each Pokémon
|rule|Item Clause: Limit 1 of each item
|clearpoke
|poke|p1|Gengar, L50, M|
|poke|p1|Sneasler, L50, M|
|poke|p1|Incineroar, L50, M|
|poke|p1|Samurott-Hisui, L50, F|
|poke|p1|Ninetales-Alola, L50, F|
|poke|p1|Altaria, L50, M|
|poke|p2|Swampert, L50, M|
|poke|p2|Pelipper, L50, F|
|poke|p2|Archaludon, L50, F|
|poke|p2|Sinistcha, L50|
|poke|p2|Kingambit, L50, F|
|poke|p2|Grimmsnarl, L50, M|
|teampreview|4
|showteam|p1|Gengar||Gengarite|CursedBody|Protect,ShadowBall,PerishSong,Disable|Timid||M|||50|]Sneasler||WhiteHerb|Unburden|Protect,FakeOut,DireClaw,CloseCombat|Adamant||M|||50|]Incineroar||ShucaBerry|Intimidate|Protect,FakeOut,ThroatChop,PartingShot|Relaxed||M|||50|]Samurott-Hisui||FocusSash|Sharpness|Protect,NightSlash,AquaCutter,SacredSword|Adamant||F|||50|]Ninetales-Alola||NeverMeltIce|SnowWarning|Protect,Encore,FreezeDry,Blizzard|Timid||F|||50|]Altaria||RoseliBerry|CloudNine|Protect,PerishSong,WillOWisp,BraveBird|Careful||M|||50|
|showteam|p2|Swampert||Swampertite|Torrent|WaveCrash,Earthquake,RockSlide,Protect|Adamant||M|||50|]Pelipper||SitrusBerry|Drizzle|WeatherBall,Hurricane,WideGuard,Tailwind|Modest||F|||50|]Archaludon||Leftovers|Stamina|ElectroShot,DragonPulse,FlashCannon,Protect|Modest||F|||50|]Sinistcha||KasibBerry|Hospitality|MatchaGotcha,RagePowder,TrickRoom,Protect|Bold|||||50|]Kingambit||ChopleBerry|Defiant|KowtowCleave,SuckerPunch,IronHead,Protect|Adamant||F|||50|]Grimmsnarl||LightClay|Prankster|SpiritBreak,Reflect,LightScreen,PartingShot|Careful||M|||50|
|inactive|Battle timer is ON: inactive players will automatically lose when time's up. (requested by bmsomega)
|inactive|xDeacon has 60 seconds left.
|inactive|bmsomega has 60 seconds left.
|inactive|bmsomega has 30 seconds left.
|inactive|bmsomega has 20 seconds left.
|inactive|bmsomega has 15 seconds left.
|inactive|bmsomega has 10 seconds left.
|
|t:|1783969345
|teamsize|p1|4
|teamsize|p2|4
|start
|switch|p1a: Gengar|Gengar, L50, M|100/100
|switch|p1b: Incineroar|Incineroar, L50, M|100/100
|switch|p2a: Kingambit|Kingambit, L50, F|100/100
|switch|p2b: Pelipper|Pelipper, L50, F|100/100
|-weather|RainDance|[from] ability: Drizzle|[of] p2b: Pelipper
|-ability|p1b: Incineroar|Intimidate|boost
|-unboost|p2a: Kingambit|atk|1
|-ability|p2a: Kingambit|Defiant|boost
|-boost|p2a: Kingambit|atk|2
|-unboost|p2b: Pelipper|atk|1
|turn|1
|inactive|bmsomega has 30 seconds left.
|
|t:|1783969370
|detailschange|p1a: Gengar|Gengar-Mega, L50, M
|-mega|p1a: Gengar|Gengar|Gengarite
|move|p1b: Incineroar|Fake Out|p2a: Kingambit
|-resisted|p2a: Kingambit|1
|-damage|p2a: Kingambit|96/100
|move|p1a: Gengar|Perish Song|p1a: Gengar
|-start|p1a: Gengar|perish3|[silent]
|-start|p1b: Incineroar|perish3|[silent]
|-start|p2a: Kingambit|perish3|[silent]
|-start|p2b: Pelipper|perish3|[silent]
|-fieldactivate|move: Perish Song
|move|p2b: Pelipper|Weather Ball|p1a: Gengar
|-damage|p1a: Gengar|44/100
|cant|p2a: Kingambit|flinch
|
|-weather|RainDance|[upkeep]
|-start|p1a: Gengar|perish3
|-start|p2b: Pelipper|perish3
|-start|p1b: Incineroar|perish3
|-start|p2a: Kingambit|perish3
|upkeep
|turn|2
|inactive|bmsomega has 30 seconds left.
|
|t:|1783969403
|switch|p1a: Ninetales|Ninetales-Alola, L50, F|100/100
|-weather|Snowscape|[from] ability: Snow Warning|[of] p1a: Ninetales
|move|p2b: Pelipper|Tailwind|p2b: Pelipper
|-sidestart|p2: bmsomega|move: Tailwind
|move|p2a: Kingambit|Kowtow Cleave|p1b: Incineroar
|-resisted|p1b: Incineroar|1
|-damage|p1b: Incineroar|71/100
|move|p1b: Incineroar|Parting Shot|p2b: Pelipper
|-unboost|p2b: Pelipper|atk|1
|-unboost|p2b: Pelipper|spa|1
|
|t:|1783969413
|switch|p1b: Gengar|Gengar-Mega, L50, M|44/100|[from] Parting Shot
|
|-weather|Snowscape|[upkeep]
|-start|p2b: Pelipper|perish2
|-start|p2a: Kingambit|perish2
|upkeep
|turn|3
|
|t:|1783969433
|move|p1a: Ninetales|Protect|p1a: Ninetales
|-singleturn|p1a: Ninetales|Protect
|move|p1b: Gengar|Protect|p1b: Gengar
|-singleturn|p1b: Gengar|Protect
|move|p2b: Pelipper|Hurricane|p1a: Ninetales
|-activate|p1a: Ninetales|move: Protect
|move|p2a: Kingambit|Iron Head|p1a: Ninetales
|-activate|p1a: Ninetales|move: Protect
|
|-weather|Snowscape|[upkeep]
|-start|p2b: Pelipper|perish1
|-start|p2a: Kingambit|perish1
|upkeep
|turn|4
|inactive|xDeacon has 30 seconds left.
|inactive|bmsomega has 30 seconds left.
|inactive|xDeacon has 20 seconds left.
|inactive|xDeacon has 15 seconds left.
|inactive|xDeacon has 10 seconds left.
|inactive|xDeacon has 5 seconds left.
|
|t:|1783969484
|switch|p1a: Incineroar|Incineroar, L50, M|71/100
|-ability|p1a: Incineroar|Intimidate|boost
|-unboost|p2a: Kingambit|atk|1
|-ability|p2a: Kingambit|Defiant|boost
|-boost|p2a: Kingambit|atk|2
|-unboost|p2b: Pelipper|atk|1
|move|p2b: Pelipper|Hurricane|p1b: Gengar|[miss]
|-miss|p2b: Pelipper|p1b: Gengar
|move|p1b: Gengar|Disable|p2a: Kingambit
|-start|p2a: Kingambit|Disable|Iron Head
|cant|p2a: Kingambit|Disable|Iron Head
|
|-weather|Snowscape|[upkeep]
|-start|p2b: Pelipper|perish0
|-start|p2a: Kingambit|perish0
|faint|p2b: Pelipper
|faint|p2a: Kingambit
|upkeep
|
|t:|1783969500
|switch|p2b: Sinistcha|Sinistcha, L50|100/100
|switch|p2a: Archaludon|Archaludon, L50, F|100/100
|turn|5
|-message|bmsomega forfeited.
|
|win|xDeacon
|raw|xDeacon's rating: 1119 → 1139(+20 for winning)
|raw|bmsomega's rating: 1052 → 1038(-14 for losing)
|c|☆xDeacon|ggs
