|j|☆gaming from toilet
|j|☆twittle twister
|html|gaming from toilettwittle twister    
|uhtml|bestof|Game 1 of a best-of-3
|t:|1757739471
|gametype|doubles
|player|p1|gaming from toilet|265|1242
|player|p2|twittle twister|102|1109
|gen|9
|tier|[Gen 9] VGC 2025 Reg H (Bo3)
|rated|
|rule|Species Clause: Limit one of each Pokémon
|rule|Item Clause: Limit 1 of each item
|clearpoke
|poke|p1|Dragonite, L50, F|
|poke|p1|Ursaluna-Bloodmoon, L50, M|
|poke|p1|Gholdengo, L50|
|poke|p1|Maushold-Four, L50|
|poke|p1|Annihilape, L50, F|
|poke|p1|Rillaboom, L50, M|
|poke|p2|Ursaluna-Bloodmoon, L50, M|
|poke|p2|Arcanine-Hisui, L50, M|
|poke|p2|Tyranitar, L50, F|
|poke|p2|Sneasler, L50, M|
|poke|p2|Indeedee, L50, M|
|poke|p2|Corviknight, L50, F|
|teampreview|4
|showteam|p1|Dragonite||LoadedDice|Multiscale|ScaleShot,Tailwind,Haze,Protect|||F|||50|,,,,,Fairy]Ursaluna-Bloodmoon||AssaultVest|MindsEye|BloodMoon,EarthPower,HyperVoice,VacuumWave|||M|||50|,,,,,Water]Gholdengo||LifeOrb|GoodasGold|MakeItRain,ShadowBall,NastyPlot,Protect||||||50|,,,,,Dragon]Maushold-Four||FocusSash|FriendGuard|Taunt,FollowMe,BeatUp,Protect||||||50|,,,,,Ghost]Annihilape||SitrusBerry|Defiant|RageFist,DrainPunch,BulkUp,Protect|||F|||50|,,,,,Fire]Rillaboom||MiracleSeed|GrassySurge|WoodHammer,GrassyGlide,HighHorsepower,FakeOut|||M|||50|,,,,,Fire
|showteam|p2|Ursaluna-Bloodmoon||ThroatSpray|MindsEye|HyperVoice,BloodMoon,Protect,EarthPower|||M|||50|,,,,,Ghost]Arcanine-Hisui||ClearAmulet|Intimidate|RockSlide,ExtremeSpeed,FlareBlitz,Protect|||M|||50|,,,,,Water]Tyranitar||AssaultVest|SandStream|RockSlide,TeraBlast,KnockOff,LowKick|||F|||50|,,,,,Flying]Sneasler||PsychicSeed|Unburden|DireClaw,CloseCombat,ThroatChop,Acrobatics|||M|||50|,,,,,Flying]Indeedee||FocusSash|PsychicSurge|DazzlingGleam,ExpandingForce,Psychic,HelpingHand|||M|||50|,,,,,Fairy]Corviknight||Leftovers|MirrorArmor|Tailwind,BulkUp,BodyPress,Roost|||F|||50|,,,,,Flying
|inactive|Battle timer is ON: inactive players will automatically lose when time's up. (requested by gaming from toilet)
|inactive|twittle twister has 60 seconds left.
|inactive|twittle twister has 30 seconds left.
|inactive|twittle twister has 20 seconds left.
|
|t:|1757739543
|teamsize|p1|4
|teamsize|p2|4
|start
|switch|p1a: Dragonite|Dragonite, L50, F|100/100
|switch|p1b: Ursaluna|Ursaluna-Bloodmoon, L50, M|100/100
|switch|p2a: Indeedee|Indeedee, L50, M|100/100
|switch|p2b: Corviknight|Corviknight, L50, F|100/100
|-fieldstart|move: Psychic Terrain|[from] ability: Psychic Surge|[of] p2a: Indeedee
|turn|1
|
|t:|1757739567
|move|p1a: Dragonite|Tailwind|p1a: Dragonite
|-sidestart|p1: gaming from toilet|move: Tailwind
|move|p1b: Ursaluna|Blood Moon|p2a: Indeedee
|-damage|p2a: Indeedee|16/100
|move|p2a: Indeedee|Dazzling Gleam|p1a: Dragonite|[spread] p1a,p1b
|-supereffective|p1a: Dragonite
|-damage|p1a: Dragonite|80/100
|-damage|p1b: Ursaluna|88/100
|move|p2b: Corviknight|Tailwind|p2b: Corviknight
|-sidestart|p2: twittle twister|move: Tailwind
|
|upkeep
|turn|2
|inactive|twittle twister has 30 seconds left.
|inactive|twittle twister has 20 seconds left.
|inactive|twittle twister has 15 seconds left.
|inactive|twittle twister has 10 seconds left.
|inactive|twittle twister has 5 seconds left.
|
|t:|1757739618
|-terastallize|p2a: Indeedee|Fairy
|move|p1a: Dragonite|Scale Shot|p2a: Indeedee
|-immune|p2a: Indeedee
|move|p2a: Indeedee|Dazzling Gleam|p1b: Ursaluna|[spread] p1a,p1b
|-supereffective|p1a: Dragonite
|-damage|p1a: Dragonite|14/100
|-damage|p1b: Ursaluna|70/100
|move|p2b: Corviknight|Body Press|p1b: Ursaluna
|-supereffective|p1b: Ursaluna
|-damage|p1b: Ursaluna|44/100
|move|p1b: Ursaluna|Hyper Voice|p2b: Corviknight|[spread] p2a,p2b
|-resisted|p2b: Corviknight
|-damage|p2a: Indeedee|0 fnt
|-damage|p2b: Corviknight|89/100
|faint|p2a: Indeedee
|
|-heal|p2b: Corviknight|95/100|[from] item: Leftovers
|upkeep
|
|t:|1757739634
|switch|p2a: Sneasler|Sneasler, L50, M|100/100
|-enditem|p2a: Sneasler|Psychic Seed
|-boost|p2a: Sneasler|spd|1|[from] item: Psychic Seed
|turn|3
|inactive|gaming from toilet has 30 seconds left.
|
|t:|1757739660
|move|p2a: Sneasler|Dire Claw|p1a: Dragonite
|-damage|p1a: Dragonite|0 fnt
|faint|p1a: Dragonite
|move|p2b: Corviknight|Bulk Up|p2b: Corviknight
|-boost|p2b: Corviknight|atk|1
|-boost|p2b: Corviknight|def|1
|move|p1b: Ursaluna|Blood Moon|p2a: Sneasler
|-damage|p2a: Sneasler|33/100
|
|-heal|p2b: Corviknight|100/100|[from] item: Leftovers
|upkeep
|inactive|gaming from toilet has 30 seconds left.
|
|t:|1757739691
|switch|p1a: Rillaboom|Rillaboom, L50, M|100/100
|-fieldstart|move: Grassy Terrain|[from] ability: Grassy Surge|[of] p1a: Rillaboom
|turn|4
|inactive|twittle twister has 30 seconds left.
|inactive|twittle twister has 20 seconds left.
|
|t:|1757739728
|switch|p2a: Ursaluna|Ursaluna-Bloodmoon, L50, M|100/100
|move|p1a: Rillaboom|Fake Out|p2a: Ursaluna
|-damage|p2a: Ursaluna|92/100
|move|p2b: Corviknight|Body Press|p1b: Ursaluna
|-supereffective|p1b: Ursaluna
|-damage|p1b: Ursaluna|5/100
|move|p1b: Ursaluna|Hyper Voice|p2a: Ursaluna|[spread] p2a,p2b
|-resisted|p2b: Corviknight
|-damage|p2a: Ursaluna|51/100
|-damage|p2b: Corviknight|87/100
|
|-heal|p2b: Corviknight|93/100|[from] item: Leftovers
|-heal|p1b: Ursaluna|11/100|[from] Grassy Terrain
|-heal|p2a: Ursaluna|57/100|[from] Grassy Terrain
|-sideend|p1: gaming from toilet|move: Tailwind
|-sideend|p2: twittle twister|move: Tailwind
|upkeep
|turn|5
|inactive|gaming from toilet has 30 seconds left.
|inactive|twittle twister has 30 seconds left.
|
|t:|1757739759
|move|p1b: Ursaluna|Vacuum Wave|p2b: Corviknight
|-damage|p2b: Corviknight|81/100
|move|p1a: Rillaboom|Wood Hammer|p2a: Ursaluna
|-supereffective|p2a: Ursaluna
|-damage|p2a: Ursaluna|0 fnt
|faint|p2a: Ursaluna
|-damage|p1a: Rillaboom|79/100|[from] Recoil
|move|p2b: Corviknight|Tailwind|p2b: Corviknight
|-sidestart|p2: twittle twister|move: Tailwind
|
|-heal|p2b: Corviknight|87/100|[from] item: Leftovers
|-heal|p1a: Rillaboom|86/100|[from] Grassy Terrain
|-heal|p1b: Ursaluna|17/100|[from] Grassy Terrain
|upkeep
|
|t:|1757739770
|switch|p2a: Sneasler|Sneasler, L50, M|33/100
|turn|6
|
|t:|1757739787
|move|p1a: Rillaboom|Grassy Glide|p2a: Sneasler
|-resisted|p2a: Sneasler
|-damage|p2a: Sneasler|0 fnt
|faint|p2a: Sneasler
|move|p1b: Ursaluna|Vacuum Wave|p2b: Corviknight
|-damage|p2b: Corviknight|77/100
|move|p2b: Corviknight|Body Press|p1b: Ursaluna
|-supereffective|p1b: Ursaluna
|-damage|p1b: Ursaluna|0 fnt
|faint|p1b: Ursaluna
|
|-heal|p2b: Corviknight|83/100|[from] item: Leftovers
|-heal|p1a: Rillaboom|92/100|[from] Grassy Terrain
|upkeep
|
|t:|1757739801
|switch|p1b: Gholdengo|Gholdengo, L50|100/100
|turn|7
|
|t:|1757739817
|move|p2b: Corviknight|Body Press|p1a: Rillaboom
|-damage|p1a: Rillaboom|63/100
|move|p1b: Gholdengo|Nasty Plot|p1b: Gholdengo
|-boost|p1b: Gholdengo|spa|2
|move|p1a: Rillaboom|Wood Hammer|p2b: Corviknight
|-resisted|p2b: Corviknight
|-damage|p2b: Corviknight|70/100
|-damage|p1a: Rillaboom|58/100|[from] Recoil
|
|-heal|p2b: Corviknight|76/100|[from] item: Leftovers
|-heal|p1a: Rillaboom|64/100|[from] Grassy Terrain
|upkeep
|turn|8
|
|t:|1757739839
|move|p2b: Corviknight|Roost|p2b: Corviknight
|-heal|p2b: Corviknight|100/100
|-singleturn|p2b: Corviknight|move: Roost
|move|p1b: Gholdengo|Shadow Ball|p2b: Corviknight
|-damage|p2b: Corviknight|31/100
|-damage|p1b: Gholdengo|91/100|[from] item: Life Orb
|move|p1a: Rillaboom|Wood Hammer|p2b: Corviknight
|-resisted|p2b: Corviknight
|-damage|p2b: Corviknight|7/100
|-damage|p1a: Rillaboom|56/100|[from] Recoil
|
|-heal|p2b: Corviknight|13/100|[from] Grassy Terrain
|-heal|p2b: Corviknight|19/100|[from] item: Leftovers
|-heal|p1b: Gholdengo|97/100|[from] Grassy Terrain
|-heal|p1a: Rillaboom|62/100|[from] Grassy Terrain
|-sideend|p2: twittle twister|move: Tailwind
|-fieldend|move: Grassy Terrain
|upkeep
|turn|9
|-message|twittle twister forfeited.
|
|win|gaming from toilet
|l|☆twittle twister
|player|p2|
||twittle twister is ready for game 2.
||gaming from toilet is ready for game 2.
|uhtml|next|Next: Game 2 of 3
