|j|☆exessvgc
|j|☆midomidori
|html|exessvgcmidomidori    
|uhtml|bestof|Game 1 of a best-of-3
|t:|1784743846
|gametype|doubles
|player|p1|exessvgc|266|
|player|p2|midomidori|102|
|gen|9
|tier|[Gen 9 Champions] VGC 2026 Reg M-B (Bo3)
|rule|Species Clause: Limit one of each Pokémon
|rule|Item Clause: Limit 1 of each item
|clearpoke
|poke|p1|Farigiraf, L50, F|
|poke|p1|Aerodactyl, L50, M|
|poke|p1|Sylveon, L50, M|
|poke|p1|Kingambit, L50, M|
|poke|p1|Garchomp, L50, M|
|poke|p1|Charizard, L50, F|
|poke|p2|Staraptor, L50, F|
|poke|p2|Charizard, L50, M|
|poke|p2|Garchomp, L50, F|
|poke|p2|Glimmora, L50, F|
|poke|p2|Whimsicott, L50, F|
|poke|p2|Incineroar, L50, M|
|teampreview|4
|showteam|p1|Farigiraf||SitrusBerry|ArmorTail|TrickRoom,TwinBeam,HelpingHand,Thunderbolt|Bold||F|||50|]Aerodactyl||Aerodactylite|Unnerve|RockSlide,Protect,Tailwind,Taunt|Jolly||M|||50|]Sylveon||FairyFeather|Pixilate|HyperVoice,HyperBeam,Protect,ShadowBall|Modest||M|||50|]Kingambit||FocusSash|Defiant|IronHead,SuckerPunch,LowKick,Protect|Adamant||M|||50|]Garchomp||LifeOrb|RoughSkin|DragonClaw,Earthquake,StompingTantrum,Protect|Adamant||M|||50|]Charizard||CharizarditeY|Blaze|WeatherBall,HeatWave,SolarBeam,Protect|Modest||F|||50|
|showteam|p2|Staraptor||Staraptite|Intimidate|BraveBird,CloseCombat,Roost,Protect|Jolly||F|||50|]Charizard||CharizarditeY|Blaze|HeatWave,WeatherBall,SolarBeam,Protect|Modest||M|||50|]Garchomp||LifeOrb|RoughSkin|Earthquake,DragonClaw,RockSlide,Protect|Jolly||F|||50|]Glimmora||FocusSash|ToxicDebris|PowerGem,SludgeBomb,EarthPower,SpikyShield|Timid||F|||50|]Whimsicott||FairyFeather|Prankster|Moonblast,Tailwind,Charm,Protect|Timid||F|||50|]Incineroar||SitrusBerry|Intimidate|FakeOut,FlareBlitz,ThroatChop,PartingShot|Adamant||M|||50|
|c|☆midomidori|Glhf!!
|
|t:|1784743927
|teamsize|p1|4
|teamsize|p2|4
|start
|switch|p1a: Kingambit|Kingambit, L50, M|100/100
|switch|p1b: LA GIRAFFA|Farigiraf, L50, F|100/100
|switch|p2a: Staraptor|Staraptor, L50, F|100/100
|switch|p2b: Garchomp|Garchomp, L50, F|100/100
|-ability|p2a: Staraptor|Intimidate|boost
|-unboost|p1a: Kingambit|atk|1
|-ability|p1a: Kingambit|Defiant|boost
|-boost|p1a: Kingambit|atk|2
|-unboost|p1b: LA GIRAFFA|atk|1
|turn|1
|inactive|Battle timer is ON: inactive players will automatically lose when time's up. (requested by exessvgc)
|
|t:|1784743944
|detailschange|p2a: Staraptor|Staraptor-Mega, L50, F
|-mega|p2a: Staraptor|Staraptor|Staraptite
|move|p1a: Kingambit|Protect|p1a: Kingambit
|-singleturn|p1a: Kingambit|Protect
|move|p2a: Staraptor|Close Combat|p1b: LA GIRAFFA
|-damage|p1b: LA GIRAFFA|51/100
|-boost|p2a: Staraptor|def|1
|-boost|p2a: Staraptor|spd|1
|move|p2b: Garchomp|Earthquake|p1a: Kingambit|[spread] p1b
|-activate|p1a: Kingambit|move: Protect
|-immune|p2a: Staraptor
|-damage|p1b: LA GIRAFFA|13/100
|-enditem|p1b: LA GIRAFFA|Sitrus Berry|[eat]
|-heal|p1b: LA GIRAFFA|38/100|[from] item: Sitrus Berry
|-damage|p2b: Garchomp|90/100|[from] item: Life Orb
|move|p1b: LA GIRAFFA|Trick Room|p1b: LA GIRAFFA
|-fieldstart|move: Trick Room|[of] p1b: LA GIRAFFA
|
|upkeep
|turn|2
|inactive|exessvgc has 30 seconds left.
|inactive|exessvgc has 20 seconds left.
|inactive|exessvgc has 15 seconds left.
|
|t:|1784743986
|move|p1b: LA GIRAFFA|Twin Beam|p2a: Staraptor
|-supereffective|p2a: Staraptor|1
|-crit|p2a: Staraptor
|-damage|p2a: Staraptor|52/100
|-supereffective|p2a: Staraptor|1
|-crit|p2a: Staraptor
|-damage|p2a: Staraptor|5/100
|-hitcount|p2a: Staraptor|2
|move|p1a: Kingambit|Iron Head|p2a: Staraptor
|-damage|p2a: Staraptor|0 fnt
|faint|p2a: Staraptor
|move|p2b: Garchomp|Earthquake|p1b: LA GIRAFFA|[spread] p1a,p1b
|-supereffective|p1a: Kingambit|1
|-damage|p1a: Kingambit|27/100
|-damage|p1b: LA GIRAFFA|1/100
|-damage|p2b: Garchomp|80/100|[from] item: Life Orb
|
|upkeep
|
|t:|1784743994
|switch|p2a: Incineroar|Incineroar, L50, M|100/100
|-ability|p2a: Incineroar|Intimidate|boost
|-unboost|p1a: Kingambit|atk|1
|-ability|p1a: Kingambit|Defiant|boost
|-boost|p1a: Kingambit|atk|2
|-unboost|p1b: LA GIRAFFA|atk|1
|turn|3
|inactive|exessvgc has 30 seconds left.
|inactive|exessvgc has 20 seconds left.
|
|t:|1784744032
|move|p1b: LA GIRAFFA|Twin Beam|p2b: Garchomp
|-damage|p2b: Garchomp|65/100
|-damage|p2b: Garchomp|50/100g
|-hitcount|p2b: Garchomp|2
|move|p2a: Incineroar|Flare Blitz|p1a: Kingambit
|-supereffective|p1a: Kingambit|1
|-damage|p1a: Kingambit|0 fnt
|faint|p1a: Kingambit
|-damage|p2a: Incineroar|90/100|[from] Recoil
|move|p2b: Garchomp|Dragon Claw|p1b: LA GIRAFFA
|-damage|p1b: LA GIRAFFA|0 fnt
|faint|p1b: LA GIRAFFA
|-damage|p2b: Garchomp|41/100|[from] item: Life Orb
|
|upkeep
|
|t:|1784744044
|switch|p1b: DINOSAUVO|Aerodactyl, L50, M|100/100
|switch|p1a: Marianela|Sylveon, L50, M|100/100
|-ability|p1b: DINOSAUVO|Unnerve
|turn|4
|inactive|exessvgc has 30 seconds left.
|inactive|exessvgc has 20 seconds left.
|inactive|exessvgc has 15 seconds left.
|inactive|exessvgc has 10 seconds left.
|inactive|exessvgc has 5 seconds left.
|
|t:|1784744098
|detailschange|p1b: DINOSAUVO|Aerodactyl-Mega, L50, M
|-mega|p1b: DINOSAUVO|Aerodactyl|Aerodactylite
|move|p2b: Garchomp|Protect|p2b: Garchomp
|-singleturn|p2b: Garchomp|Protect
|move|p1a: Marianela|Hyper Voice|p2a: Incineroar|[spread] p2a
|-activate|p2b: Garchomp|move: Protect
|-damage|p2a: Incineroar|45/100
|-enditem|p2a: Incineroar|Sitrus Berry|[eat]
|-heal|p2a: Incineroar|70/100|[from] item: Sitrus Berry
|move|p2a: Incineroar|Flare Blitz|p1a: Marianela
|-damage|p1a: Marianela|34/100
|-damage|p2a: Incineroar|48/100|[from] Recoil
|move|p1b: DINOSAUVO|Rock Slide|p2b: Garchomp|[spread] p2a
|-activate|p2b: Garchomp|move: Protect
|-supereffective|p2a: Incineroar|1
|-damage|p2a: Incineroar|0 fnt
|faint|p2a: Incineroar
|
|upkeep
|
|t:|1784744110
|switch|p2a: Glimmora|Glimmora, L50, F|100/100
|turn|5
|
|t:|1784744134
|move|p2b: Garchomp|Protect||[still]
|-fail|p2b: Garchomp
|move|p1a: Marianela|Hyper Voice|p2b: Garchomp|[spread] p2a,p2b
|-resisted|p2a: Glimmora|1
|-supereffective|p2b: Garchomp|1
|-damage|p2a: Glimmora|71/100
|-damage|p2b: Garchomp|0 fnt
|faint|p2b: Garchomp
|move|p2a: Glimmora|Sludge Bomb|p1a: Marianela
|-supereffective|p1a: Marianela|1
|-damage|p1a: Marianela|0 fnt
|faint|p1a: Marianela
|move|p1b: DINOSAUVO|Rock Slide|p2a: Glimmora
|-damage|p2a: Glimmora|24/100
|-activate|p2a: Glimmora|ability: Toxic Debris
|-sidestart|p1: exessvgc|move: Toxic Spikes
|
|-fieldend|move: Trick Room
|upkeep
|turn|6
|
|t:|1784744151
|move|p1b: DINOSAUVO|Rock Slide|p2a: Glimmora
|-damage|p2a: Glimmora|0 fnt
|-activate|p2a: Glimmora|ability: Toxic Debris
|-sidestart|p1: exessvgc|move: Toxic Spikes
|faint|p2a: Glimmora
|
|win|exessvgc
||midomidori is ready for game 2.
||exessvgc is ready for game 2.
|uhtml|next|Next: Game 2 of 3
