|j|☆I am the Sweeper
|j|☆redpandavgclol
|html|I am the Sweeperredpandavgclol    
|uhtml|bestof|Game 2 of a best-of-3
|t:|1756962669
|gametype|doubles
|player|p1|I am the Sweeper|janitor|1101
|player|p2|redpandavgclol|pokemonranger-gen4|1008
|gen|9
|tier|[Gen 9] VGC 2025 Reg H (Bo3)
|rated|
|rule|Species Clause: Limit one of each Pokémon
|rule|Item Clause: Limit 1 of each item
|clearpoke
|poke|p1|Annihilape, L50, F|
|poke|p1|Archaludon, L50, M|
|poke|p1|Pelipper, L50, M|
|poke|p1|Maushold-Four, L50|
|poke|p1|Sinistcha, L50|
|poke|p1|Grimmsnarl, L50, M|
|poke|p2|Rillaboom, L50, M|
|poke|p2|Archaludon, L50, M|
|poke|p2|Grimmsnarl, L50, M|
|poke|p2|Basculegion, L50, M|
|poke|p2|Politoed, L50, M|
|poke|p2|Volcarona, L50, M|
|teampreview|4
|showteam|p1|Annihilape||Leftovers|Defiant|RageFist,DrainPunch,BulkUp,Protect|||F|||50|,,,,,Fire]Archaludon||AssaultVest|Stamina|ElectroShot,DragonPulse,Snarl,BodyPress|||M|||50|,,,,,Bug]Pelipper||LifeOrb|Drizzle|Tailwind,Hurricane,WeatherBall,Protect|||M|||50|,,,,,Stellar]Maushold-Four||SafetyGoggles|FriendGuard|SuperFang,FollowMe,BeatUp,Protect||||||50|,,,,,Ghost]Sinistcha||SitrusBerry|Hospitality|LifeDew,TrickRoom,StrengthSap,MatchaGotcha||||||50|,,,,,Water]Grimmsnarl||LightClay|Prankster|ThunderWave,LightScreen,Reflect,SpiritBreak|||M|||50|,,,,,Ghost
|showteam|p2|Rillaboom||AssaultVest|GrassySurge|GrassyGlide,Uturn,FakeOut,WoodHammer|||M|||50|,,,,,Fire]Archaludon||Leftovers|Stamina|ElectroShot,FlashCannon,BodyPress,Protect|||M|||50|,,,,,Fairy]Grimmsnarl||LightClay|Prankster|PartingShot,ThunderWave,LightScreen,Reflect|||M|||50|,,,,,Ghost]Basculegion||LifeOrb|Adaptability|AquaJet,LastRespects,WaveCrash,Protect|||M|||50|,,,,,Water]Politoed||SitrusBerry|Drizzle|Protect,WeatherBall,Haze,HelpingHand|||M|||50|,,,,,Grass]Volcarona||CovertCloak|FlameBody|FieryDance,GigaDrain,QuiverDance,Protect|||M|||50|,,,,,Grass
|
|t:|1756962709
|teamsize|p1|4
|teamsize|p2|4
|start
|switch|p1a: Annihilape|Annihilape, L50, F|100/100
|switch|p1b: Maushold|Maushold-Four, L50|100/100
|switch|p2a: frog|Grimmsnarl, L50, M, shiny|100/100
|switch|p2b: Tappan Zee|Archaludon, L50, M, shiny|100/100
|turn|1
|
|t:|1756962790
|-terastallize|p2b: Tappan Zee|Fairy
|move|p2a: frog|Reflect|p2a: frog
|-sidestart|p2: redpandavgclol|Reflect
|move|p1b: Maushold|Beat Up|p1a: Annihilape
|-damage|p1a: Annihilape|99/100
|-damage|p1a: Annihilape|97/100
|-damage|p1a: Annihilape|95/100
|-damage|p1a: Annihilape|93/100
|-hitcount|p1a: Annihilape|4
|move|p1a: Annihilape|Bulk Up|p1a: Annihilape
|-boost|p1a: Annihilape|atk|1
|-boost|p1a: Annihilape|def|1
|move|p2b: Tappan Zee|Electro Shot||[still]
|-prepare|p2b: Tappan Zee|Electro Shot
|-boost|p2b: Tappan Zee|spa|1
|
|-heal|p1a: Annihilape|99/100|[from] item: Leftovers
|upkeep
|turn|2
|
|t:|1756962817
|move|p2a: frog|Thunder Wave|p1a: Annihilape
|-status|p1a: Annihilape|par
|move|p1b: Maushold|Super Fang|p2b: Tappan Zee
|-damage|p2b: Tappan Zee|51/100
|-ability|p2b: Tappan Zee|Stamina|boost
|-boost|p2b: Tappan Zee|def|1
|move|p2b: Tappan Zee|Electro Shot|p1b: Maushold|[from] lockedmove
|-damage|p1b: Maushold|17/100
|move|p1a: Annihilape|Rage Fist|p2b: Tappan Zee
|-damage|p2b: Tappan Zee|2/100
|-ability|p2b: Tappan Zee|Stamina|boost
|-boost|p2b: Tappan Zee|def|1
|
|-heal|p2b: Tappan Zee|8/100|[from] item: Leftovers
|-heal|p1a: Annihilape|100/100 par|[from] item: Leftovers
|upkeep
|turn|3
|
|t:|1756962889
|move|p1b: Maushold|Protect|p1b: Maushold
|-singleturn|p1b: Maushold|Protect
|move|p2b: Tappan Zee|Protect|p2b: Tappan Zee
|-singleturn|p2b: Tappan Zee|Protect
|move|p2a: frog|Thunder Wave|p1b: Maushold
|-activate|p1b: Maushold|move: Protect
|move|p1a: Annihilape|Rage Fist|p2b: Tappan Zee
|-activate|p2b: Tappan Zee|move: Protect
|
|-heal|p2b: Tappan Zee|14/100|[from] item: Leftovers
|upkeep
|turn|4
|
|t:|1756962917
|switch|p2b: peepoclap|Politoed, L50, M, shiny|100/100
|-weather|RainDance|[from] ability: Drizzle|[of] p2b: peepoclap
|move|p1b: Maushold|Follow Me|p1b: Maushold
|-singleturn|p1b: Maushold|move: Follow Me
|move|p2a: frog|Parting Shot|p1b: Maushold
|-unboost|p1b: Maushold|atk|1
|-unboost|p1b: Maushold|spa|1
|
|t:|1756962930
|switch|p2a: Duppy|Basculegion, L50, M|100/100|[from] Parting Shot
|move|p1a: Annihilape|Rage Fist|p2b: peepoclap
|-damage|p2b: peepoclap|0 fnt
|faint|p2b: peepoclap
|
|-weather|RainDance|[upkeep]
|upkeep
|
|t:|1756962945
|switch|p2b: Tappan Zee|Archaludon, L50, M, shiny, tera:Fairy|14/100
|turn|5
|
|t:|1756962972
|move|p1b: Maushold|Follow Me|p1b: Maushold
|-singleturn|p1b: Maushold|move: Follow Me
|move|p2a: Duppy|Wave Crash|p1b: Maushold
|-damage|p1b: Maushold|0 fnt
|faint|p1b: Maushold
|-damage|p2a: Duppy|96/100|[from] Recoil
|-damage|p2a: Duppy|86/100|[from] item: Life Orb
|move|p2b: Tappan Zee|Electro Shot||[still]
|-prepare|p2b: Tappan Zee|Electro Shot
|-boost|p2b: Tappan Zee|spa|1
|-anim|p2b: Tappan Zee|Electro Shot|p1a: Annihilape
|-damage|p1a: Annihilape|35/100 par
|cant|p1a: Annihilape|par
|
|-weather|RainDance|[upkeep]
|-heal|p2b: Tappan Zee|20/100|[from] item: Leftovers
|-heal|p1a: Annihilape|41/100 par|[from] item: Leftovers
|upkeep
|
|t:|1756962991
|switch|p1b: Sinistcha|Sinistcha, L50|100/100
|-heal|p1a: Annihilape|66/100 par|[from] ability: Hospitality|[of] p1b: Sinistcha
|turn|6
|
|t:|1756963008
|move|p1a: Annihilape|Protect|p1a: Annihilape
|-singleturn|p1a: Annihilape|Protect
|move|p2a: Duppy|Last Respects|p1b: Sinistcha
|-supereffective|p1b: Sinistcha
|-damage|p1b: Sinistcha|0 fnt
|faint|p1b: Sinistcha
|-damage|p2a: Duppy|76/100|[from] item: Life Orb
|move|p2b: Tappan Zee|Electro Shot||[still]
|-prepare|p2b: Tappan Zee|Electro Shot
|-boost|p2b: Tappan Zee|spa|1
|-anim|p2b: Tappan Zee|Electro Shot|p1a: Annihilape
|-activate|p1a: Annihilape|move: Protect
|
|-weather|RainDance|[upkeep]
|-heal|p2b: Tappan Zee|26/100|[from] item: Leftovers
|-heal|p1a: Annihilape|72/100 par|[from] item: Leftovers
|upkeep
|
|t:|1756963023
|switch|p1b: Archaludon|Archaludon, L50, M|100/100
|turn|7
|
|t:|1756963058
|-terastallize|p1b: Archaludon|Bug
|move|p2a: Duppy|Protect|p2a: Duppy
|-singleturn|p2a: Duppy|Protect
|move|p1b: Archaludon|Snarl|p2b: Tappan Zee|[spread] p2b
|-activate|p2a: Duppy|move: Protect
|-resisted|p2b: Tappan Zee
|-damage|p2b: Tappan Zee|18/100
|-unboost|p2b: Tappan Zee|spa|1
|-ability|p2b: Tappan Zee|Stamina|boost
|-boost|p2b: Tappan Zee|def|1
|move|p2b: Tappan Zee|Electro Shot||[still]
|-prepare|p2b: Tappan Zee|Electro Shot
|-boost|p2b: Tappan Zee|spa|1
|-anim|p2b: Tappan Zee|Electro Shot|p1a: Annihilape
|-damage|p1a: Annihilape|0 fnt
|faint|p1a: Annihilape
|
|-weather|RainDance|[upkeep]
|-heal|p2b: Tappan Zee|24/100|[from] item: Leftovers
|upkeep
|turn|8
|
|t:|1756963089
|move|p2a: Duppy|Wave Crash|p1b: Archaludon
|-damage|p1b: Archaludon|0 fnt
|faint|p1b: Archaludon
|-damage|p2a: Duppy|43/100|[from] Recoil
|-damage|p2a: Duppy|33/100|[from] item: Life Orb
|
|win|redpandavgclol
|raw|I am the Sweeper's rating: 1101 → 1069(-32 for losing)
|raw|redpandavgclol's rating: 1008 → 1057(+49 for winning)
