|j|☆neon83
|j|☆LorGhez
|html|neon83LorGhez    
|uhtml|bestof|Game 1 of a best-of-3
|t:|1785351833
|gametype|doubles
|player|p1|neon83|acetrainerf-gen4dp|1084
|player|p2|LorGhez|169|1163
|gen|9
|tier|[Gen 9 Champions] VGC 2026 Reg M-B (Bo3)
|rated|
|rule|Species Clause: Limit one of each Pokémon
|rule|Item Clause: Limit 1 of each item
|clearpoke
|poke|p1|Grimmsnarl, L50, M|
|poke|p1|Basculegion, L50, M|
|poke|p1|Charizard, L50, M|
|poke|p1|Pelipper, L50, F|
|poke|p1|Venusaur, L50, M|
|poke|p1|Archaludon, L50, M|
|poke|p2|Tyranitar, L50, F|
|poke|p2|Excadrill, L50, M|
|poke|p2|Gholdengo, L50|
|poke|p2|Sinistcha, L50|
|poke|p2|Milotic, L50, F|
|poke|p2|Staraptor, L50, F|
|teampreview|4
|showteam|p1|Grimmsnarl||LightClay|Prankster|SpiritBreak,PartingShot,Reflect,LightScreen|Sassy||M|||50|]Basculegion||ChoiceScarf|Adaptability|LastRespects,WaveCrash,AquaJet,FlipTurn|Jolly||M|||50|]Charizard||CharizarditeY|Blaze|Protect,HeatWave,WeatherBall,SolarBeam|Modest||M|||50|]Pelipper||SitrusBerry|Drizzle|Hurricane,WeatherBall,Tailwind,WideGuard|Modest||F|||50|]Venusaur||FocusSash|Chlorophyll|SludgeBomb,SleepPowder,EarthPower,Protect|Modest||M|||50|]Archaludon||Leftovers|Stamina|ElectroShot,DragonPulse,FlashCannon,Protect|Calm||M|||50|
|showteam|p2|Tyranitar||Tyranitarite|SandStream|RockSlide,KnockOff,LowKick,Protect|Adamant||F|||50|]Excadrill||FocusSash|SandRush|IronHead,HighHorsepower,RockSlide,Protect|Adamant||M|||50|]Gholdengo||LifeOrb|GoodasGold|ShadowBall,MakeItRain,NastyPlot,Protect|Modest|||||50|]Sinistcha||ColburBerry|Hospitality|MatchaGotcha,RagePowder,TrickRoom,Protect|Bold|||||50|]Milotic||SitrusBerry|Competitive|Scald,IceBeam,Haze,Protect|Modest||F|||50|]Staraptor||Staraptite|Intimidate|BraveBird,CloseCombat,Tailwind,Protect|Jolly||F|||50|
|inactive|Battle timer is ON: inactive players will automatically lose when time's up. (requested by neon83)
|inactive|neon83 has 60 seconds left.
|inactive|LorGhez has 60 seconds left.
|inactive|LorGhez has 30 seconds left.
|inactive|LorGhez has 20 seconds left.
|inactive|LorGhez has 15 seconds left.
|
|t:|1785351913
|teamsize|p1|4
|teamsize|p2|4
|start
|switch|p1a: Basculegion|Basculegion, L50, M|100/100
|switch|p1b: Archaludon|Archaludon, L50, M|100/100
|switch|p2a: Staraptor|Staraptor, L50, F|100/100
|switch|p2b: Gholdengo|Gholdengo, L50|100/100
|-ability|p2a: Staraptor|Intimidate|boost
|-unboost|p1a: Basculegion|atk|1
|-unboost|p1b: Archaludon|atk|1
|turn|1
|inactive|LorGhez has 30 seconds left.
|
|t:|1785351942
|detailschange|p2a: Staraptor|Staraptor-Mega, L50, F
|-mega|p2a: Staraptor|Staraptor|Staraptite
|move|p1a: Basculegion|Flip Turn|p2b: Gholdengo
|-damage|p2b: Gholdengo|73/100
|
|t:|1785351946
|switch|p1a: Pelipper|Pelipper, L50, F|100/100|[from] Flip Turn
|-weather|RainDance|[from] ability: Drizzle|[of] p1a: Pelipper
|move|p2a: Staraptor|Close Combat|p1b: Archaludon
|-supereffective|p1b: Archaludon|1
|-crit|p1b: Archaludon
|-damage|p1b: Archaludon|0 fnt
|-boost|p2a: Staraptor|def|1
|-boost|p2a: Staraptor|spd|1
|faint|p1b: Archaludon
|move|p2b: Gholdengo|Shadow Ball|p1a: Pelipper
|-damage|p1a: Pelipper|12/100
|-enditem|p1a: Pelipper|Sitrus Berry|[eat]
|-heal|p1a: Pelipper|36/100|[from] item: Sitrus Berry
|-damage|p2b: Gholdengo|63/100|[from] item: Life Orb
|
|-weather|RainDance|[upkeep]
|upkeep
|
|t:|1785351962
|switch|p1b: Basculegion|Basculegion, L50, M|100/100
|turn|2
|inactive|LorGhez has 30 seconds left.
|
|t:|1785351996
|switch|p2b: Tyranitar|Tyranitar, L50, F|100/100
|-weather|Sandstorm|[from] ability: Sand Stream|[of] p2b: Tyranitar
|move|p1b: Basculegion|Wave Crash|p2b: Tyranitar
|-supereffective|p2b: Tyranitar|1
|-damage|p2b: Tyranitar|0 fnt
|faint|p2b: Tyranitar
|-damage|p1b: Basculegion|67/100|[from] Recoil
|move|p2a: Staraptor|Close Combat|p1a: Pelipper
|-resisted|p1a: Pelipper|1
|-damage|p1a: Pelipper|6/100
|-boost|p2a: Staraptor|def|1
|-boost|p2a: Staraptor|spd|1
|move|p1a: Pelipper|Tailwind|p1a: Pelipper
|-sidestart|p1: neon83|move: Tailwind
|
|-weather|Sandstorm|[upkeep]
|-damage|p1b: Basculegion|61/100|[from] Sandstorm
|-damage|p1a: Pelipper|1/100|[from] Sandstorm
|-damage|p2a: Staraptor|93/100|[from] Sandstorm
|upkeep
|
|t:|1785352015
|switch|p2b: Excadrill|Excadrill, L50, M|100/100
|turn|3
|
|t:|1785352035
|switch|p1a: Charizard|Charizard, L50, M|100/100
|move|p2b: Excadrill|Protect|p2b: Excadrill
|-singleturn|p2b: Excadrill|Protect
|move|p1b: Basculegion|Wave Crash|p2b: Excadrill
|-activate|p2b: Excadrill|move: Protect
|move|p2a: Staraptor|Brave Bird|p1b: Basculegion
|-damage|p1b: Basculegion|0 fnt
|faint|p1b: Basculegion
|-damage|p2a: Staraptor|72/100|[from] Recoil
|
|-weather|Sandstorm|[upkeep]
|-damage|p1a: Charizard|94/100|[from] Sandstorm
|-damage|p2a: Staraptor|66/100|[from] Sandstorm
|upkeep
|
|t:|1785352042
|switch|p1b: Pelipper|Pelipper, L50, F|1/100
|-weather|RainDance|[from] ability: Drizzle|[of] p1b: Pelipper
|turn|4
|inactive|neon83 has 30 seconds left.
|inactive|LorGhez has 30 seconds left.
|inactive|LorGhez has 20 seconds left.
|
|t:|1785352078
|switch|p2b: Gholdengo|Gholdengo, L50|63/100
|move|p2a: Staraptor|Protect|p2a: Staraptor
|-singleturn|p2a: Staraptor|Protect
|move|p1a: Charizard|Weather Ball|p2a: Staraptor
|-activate|p2a: Staraptor|move: Protect
|move|p1b: Pelipper|Hurricane|p2a: Staraptor
|-activate|p2a: Staraptor|move: Protect
|
|-weather|RainDance|[upkeep]
|upkeep
|turn|5
|inactive|LorGhez has 30 seconds left.
|inactive|LorGhez has 20 seconds left.
|inactive|LorGhez has 15 seconds left.
|
|t:|1785352120
|detailschange|p1a: Charizard|Charizard-Mega-Y, L50, M
|-mega|p1a: Charizard|Charizard|Charizardite Y
|-weather|SunnyDay|[from] ability: Drought|[of] p1a: Charizard
|move|p2b: Gholdengo|Protect|p2b: Gholdengo
|-singleturn|p2b: Gholdengo|Protect
|move|p1a: Charizard|Heat Wave|p2a: Staraptor|[spread] p2a
|-activate|p2b: Gholdengo|move: Protect
|-damage|p2a: Staraptor|33/100
|move|p1b: Pelipper|Weather Ball|p2a: Staraptor
|-damage|p2a: Staraptor|10/100
|move|p2a: Staraptor|Tailwind|p2a: Staraptor
|-sidestart|p2: LorGhez|move: Tailwind
|
|-weather|SunnyDay|[upkeep]
|-sideend|p1: neon83|move: Tailwind
|upkeep
|turn|6
|j| tedidn
|
|t:|1785352142
|move|p2a: Staraptor|Brave Bird|p1a: Charizard
|-damage|p1a: Charizard|29/100
|-damage|p2a: Staraptor|0 fnt|[from] Recoil
|faint|p2a: Staraptor
|move|p2b: Gholdengo|Shadow Ball|p1b: Pelipper
|-damage|p1b: Pelipper|0 fnt
|faint|p1b: Pelipper
|-damage|p2b: Gholdengo|54/100|[from] item: Life Orb
|move|p1a: Charizard|Heat Wave|p2b: Gholdengo|[miss]
|-miss|p1a: Charizard|p2b: Gholdengo
|
|-weather|SunnyDay|[upkeep]
|upkeep
|
|t:|1785352154
|switch|p2a: Excadrill|Excadrill, L50, M|100/100
|turn|7
|
|t:|1785352159
|move|p1a: Charizard|Protect|p1a: Charizard
|-singleturn|p1a: Charizard|Protect
|move|p2a: Excadrill|Rock Slide|p1a: Charizard
|-activate|p1a: Charizard|move: Protect
|move|p2b: Gholdengo|Shadow Ball|p1a: Charizard
|-activate|p1a: Charizard|move: Protect
|
|-weather|SunnyDay|[upkeep]
|upkeep
|turn|8
|
|t:|1785352170
|move|p1a: Charizard|Protect|p1a: Charizard
|-singleturn|p1a: Charizard|Protect
|move|p2a: Excadrill|Rock Slide|p1a: Charizard
|-activate|p1a: Charizard|move: Protect
|move|p2b: Gholdengo|Shadow Ball|p1a: Charizard
|-activate|p1a: Charizard|move: Protect
|
|-weather|SunnyDay|[upkeep]
|-sideend|p2: LorGhez|move: Tailwind
|upkeep
|turn|9
|
|t:|1785352182
|move|p2a: Excadrill|Rock Slide|p1a: Charizard
|-supereffective|p1a: Charizard|2
|-damage|p1a: Charizard|0 fnt
|faint|p1a: Charizard
|
|win|LorGhez
|l| tedidn
||neon83 is ready for game 2.
|inactive|LorGhez has 30 seconds to confirm battle start!
|inactive|LorGhez has 20 seconds to confirm battle start!
||LorGhez is ready for game 2.
|uhtml|next|Next: Game 2 of 3
|l|☆neon83
|player|p1|
