|j|☆magmastormvgc
|j|☆chefbenboyrd
|html|magmastormvgcchefbenboyrd    
|uhtml|bestof|Game 2 of a best-of-3
|t:|1757701603
|gametype|doubles
|player|p1|magmastormvgc|101|1133
|player|p2|chefbenboyrd|brawly|1182
|gen|9
|tier|[Gen 9] VGC 2025 Reg H (Bo3)
|rated|
|rule|Species Clause: Limit one of each Pokémon
|rule|Item Clause: Limit 1 of each item
|clearpoke
|poke|p1|Dragonite, L50, M|
|poke|p1|Gholdengo, L50|
|poke|p1|Ursaluna-Bloodmoon, L50, M|
|poke|p1|Annihilape, L50, F|
|poke|p1|Maushold-Four, L50|
|poke|p1|Rillaboom, L50, M|
|poke|p2|Whimsicott, L50, M|
|poke|p2|Indeedee, L50, M|
|poke|p2|Ursaluna-Bloodmoon, L50, M|
|poke|p2|Incineroar, L50, F|
|poke|p2|Sneasler, L50, M|
|poke|p2|Garchomp, L50, M|
|teampreview|4
|showteam|p1|Dragonite||LoadedDice|Multiscale|ScaleShot,Tailwind,Haze,Protect|||M|||50|,,,,,Fairy]Gholdengo||LifeOrb|GoodasGold|MakeItRain,ShadowBall,NastyPlot,Protect||||||50|,,,,,Water]Ursaluna-Bloodmoon||AssaultVest|MindsEye|BloodMoon,EarthPower,HyperVoice,VacuumWave|||M|||50|,,,,,Water]Annihilape||SitrusBerry|Defiant|DrainPunch,RageFist,BulkUp,Protect|||F|||50|,,,,,Fire]Maushold-Four||FocusSash|FriendGuard|SuperFang,BeatUp,FollowMe,Protect||||||50|,,,,,Ghost]Rillaboom||MiracleSeed|GrassySurge|WoodHammer,GrassyGlide,HighHorsepower,FakeOut|||M|||50|,,,,,Fire
|showteam|p2|Whimsicott||CovertCloak|Prankster|SunnyDay,Encore,Tailwind,Moonblast|||M|||50|,,,,,Ghost]Indeedee||FocusSash|PsychicSurge|ExpandingForce,TrickRoom,HelpingHand,Protect|||M|||50|,,,,,Psychic]Ursaluna-Bloodmoon||LifeOrb|MindsEye|BloodMoon,HyperVoice,EarthPower,Protect|||M|||50|,,,,,Normal]Incineroar||SafetyGoggles|Intimidate|FlareBlitz,KnockOff,PartingShot,FakeOut|||F|||50|,,,,,Ghost]Sneasler||PsychicSeed|Unburden|DireClaw,CloseCombat,ThroatChop,Protect|||M|||50|,,,,,Dark]Garchomp||ClearAmulet|RoughSkin|StompingTantrum,Earthquake,Protect,DragonClaw|||M|||50|,,,,,Steel
|inactive|Battle timer is ON: inactive players will automatically lose when time's up. (requested by chefbenboyrd)
|inactive|magmastormvgc has 60 seconds left.
|
|t:|1757701650
|teamsize|p1|4
|teamsize|p2|4
|start
|switch|p1a: Annihilape|Annihilape, L50, F|100/100
|switch|p1b: Maushold|Maushold-Four, L50|100/100
|switch|p2a: Whimsicott|Whimsicott, L50, M|100/100
|switch|p2b: Ursaluna|Ursaluna-Bloodmoon, L50, M|100/100
|turn|1
|inactive|magmastormvgc has 30 seconds left.
|inactive|magmastormvgc has 20 seconds left.
|
|t:|1757701688
|switch|p1a: Dragonite|Dragonite, L50, M|100/100
|-terastallize|p2b: Ursaluna|Normal
|move|p2a: Whimsicott|Tailwind|p2a: Whimsicott
|-sidestart|p2: chefbenboyrd|move: Tailwind
|move|p2b: Ursaluna|Blood Moon|p1a: Dragonite
|-damage|p1a: Dragonite|49/100
|-damage|p2b: Ursaluna|91/100|[from] item: Life Orb
|move|p1b: Maushold|Super Fang|p2b: Ursaluna|[miss]
|-miss|p1b: Maushold|p2b: Ursaluna
|
|upkeep
|turn|2
|
|t:|1757701711
|move|p1a: Dragonite|Protect|p1a: Dragonite
|-singleturn|p1a: Dragonite|Protect
|move|p2a: Whimsicott|Moonblast|p1b: Maushold
|-damage|p1b: Maushold|55/100
|move|p2b: Ursaluna|Hyper Voice|p1a: Dragonite|[spread] p1b
|-activate|p1a: Dragonite|move: Protect
|-damage|p1b: Maushold|0 fnt
|faint|p1b: Maushold
|-damage|p2b: Ursaluna|81/100|[from] item: Life Orb
|
|upkeep
|
|t:|1757701721
|switch|p1b: Gholdengo|Gholdengo, L50|100/100
|turn|3
|
|t:|1757701732
|switch|p1a: Annihilape|Annihilape, L50, F|100/100
|-terastallize|p1b: Gholdengo|Water
|move|p2a: Whimsicott|Moonblast|p1a: Annihilape
|-supereffective|p1a: Annihilape
|-damage|p1a: Annihilape|40/100
|-enditem|p1a: Annihilape|Sitrus Berry|[eat]
|-heal|p1a: Annihilape|65/100|[from] item: Sitrus Berry
|move|p2b: Ursaluna|Earth Power|p1b: Gholdengo
|-damage|p1b: Gholdengo|29/100
|-damage|p2b: Ursaluna|72/100|[from] item: Life Orb
|move|p1b: Gholdengo|Nasty Plot|p1b: Gholdengo
|-boost|p1b: Gholdengo|spa|2
|
|upkeep
|turn|4
|
|t:|1757701749
|move|p1a: Annihilape|Protect|p1a: Annihilape
|-singleturn|p1a: Annihilape|Protect
|move|p1b: Gholdengo|Protect|p1b: Gholdengo
|-singleturn|p1b: Gholdengo|Protect
|move|p2a: Whimsicott|Moonblast|p1a: Annihilape
|-activate|p1a: Annihilape|move: Protect
|move|p2b: Ursaluna|Hyper Voice|p1b: Gholdengo|[spread] 
|-activate|p1a: Annihilape|move: Protect
|-activate|p1b: Gholdengo|move: Protect
|
|-sideend|p2: chefbenboyrd|move: Tailwind
|upkeep
|turn|5
|
|t:|1757701763
|move|p2a: Whimsicott|Tailwind|p2a: Whimsicott
|-sidestart|p2: chefbenboyrd|move: Tailwind
|move|p2b: Ursaluna|Hyper Voice|p1b: Gholdengo|[spread] p1a,p1b
|-damage|p1a: Annihilape|1/100
|-damage|p1b: Gholdengo|0 fnt
|faint|p1b: Gholdengo
|-damage|p2b: Ursaluna|62/100|[from] item: Life Orb
|move|p1a: Annihilape|Drain Punch|p2b: Ursaluna
|-supereffective|p2b: Ursaluna
|-damage|p2b: Ursaluna|8/100
|-heal|p1a: Annihilape|25/100|[from] drain|[of] p2b: Ursaluna
|
|upkeep
|
|t:|1757701774
|switch|p1b: Dragonite|Dragonite, L50, M|49/100
|turn|6
|
|t:|1757701788
|move|p2a: Whimsicott|Moonblast|p1b: Dragonite
|-supereffective|p1b: Dragonite
|-damage|p1b: Dragonite|0 fnt
|faint|p1b: Dragonite
|move|p2b: Ursaluna|Hyper Voice|p1a: Annihilape
|-damage|p1a: Annihilape|0 fnt
|faint|p1a: Annihilape
|-damage|p2b: Ursaluna|0 fnt|[from] item: Life Orb
|faint|p2b: Ursaluna
|
|win|chefbenboyrd
|raw|magmastormvgc's rating: 1133 → 1112(-21 for losing)
|raw|chefbenboyrd's rating: 1182 → 1203(+21 for winning)
|l|☆magmastormvgc
|player|p1|
