|j|☆No.1AnicredibleFan
|j|☆WolfeWithTheGlicky
|html|No.1AnicredibleFanWolfeWithTheGlicky    
|uhtml|bestof|Game 2 of a best-of-3
|t:|1756412800
|gametype|doubles
|player|p1|No.1AnicredibleFan|hilbert|1137
|player|p2|WolfeWithTheGlicky|boarder|1159
|gen|9
|tier|[Gen 9] VGC 2025 Reg H (Bo3)
|rated|
|rule|Species Clause: Limit one of each Pokémon
|rule|Item Clause: Limit 1 of each item
|clearpoke
|poke|p1|Baxcalibur, L50, M|
|poke|p1|Ursaluna-Bloodmoon, L50, M|
|poke|p1|Farigiraf, L50, M|
|poke|p1|Murkrow, L50, M|
|poke|p1|Arcanine-Hisui, L50, M|
|poke|p1|Amoonguss, L50, F|
|poke|p2|Dragonite, L50, F|
|poke|p2|Charizard, L50, M|
|poke|p2|Clefable, L50, M|
|poke|p2|Whimsicott, L50, M|
|poke|p2|Annihilape, L50, F|
|poke|p2|Gholdengo, L50|
|teampreview|4
|showteam|p1|Baxcalibur||LoadedDice|ThermalExchange|Protect,SwordsDance,ScaleShot,IcicleSpear|||M|||50|,,,,,Poison]Ursaluna-Bloodmoon||LifeOrb|MindsEye|Protect,EarthPower,HyperVoice,BloodMoon|||M|||50|,,,,,Normal]Farigiraf||ThroatSpray|ArmorTail|Protect,TrickRoom,HyperVoice,Psychic|||M|||50|,,,,,Grass]Murkrow||Eviolite|Prankster|Protect,Tailwind,Snarl,Haze|||M|||50|,,,,,Ghost]Arcanine-Hisui||ChoiceBand|Intimidate|FlareBlitz,RockSlide,ExtremeSpeed,WildCharge|||M|||50|,,,,,Grass]Amoonguss||SitrusBerry|Regenerator|Protect,RagePowder,PollenPuff,Spore|||F|||50|,,,,,Water
|showteam|p2|Dragonite||LoadedDice|Multiscale|ScaleShot,ExtremeSpeed,Haze,Protect|||F|||50|,,,,,Fairy]Charizard||ChoiceSpecs|SolarPower|HeatWave,WeatherBall,DragonPulse,AirSlash|||M|||50|,,,,,Ghost]Clefable||SitrusBerry|Unaware|Moonblast,FollowMe,MistyTerrain,Protect|||M|||50|,,,,,Water]Whimsicott||CovertCloak|Prankster|Moonblast,Encore,Tailwind,SunnyDay|||M|||50|,,,,,Ghost]Annihilape||SafetyGoggles|Defiant|RageFist,DrainPunch,BulkUp,Protect|||F|||50|,,,,,Water]Gholdengo||IronPlate|GoodasGold|ShadowBall,MakeItRain,NastyPlot,Protect||||||50|,,,,,Dragon
|j| MasterSigmaDaBahia
|
|t:|1756412845
|teamsize|p1|4
|teamsize|p2|4
|start
|switch|p1a: Murkrow|Murkrow, L50, M|100/100
|switch|p1b: Arcanine|Arcanine-Hisui, L50, M|100/100
|switch|p2a: Whimsicott|Whimsicott, L50, M|100/100
|switch|p2b: Charizard|Charizard, L50, M|100/100
|-ability|p1b: Arcanine|Intimidate|boost
|-unboost|p2a: Whimsicott|atk|1
|-unboost|p2b: Charizard|atk|1
|turn|1
|
|t:|1756412882
|switch|p2b: Annihilape|Annihilape, L50, F|100/100
|move|p2a: Whimsicott|Tailwind|p2a: Whimsicott
|-sidestart|p2: WolfeWithTheGlicky|move: Tailwind
|move|p1b: Arcanine|Rock Slide|p2a: Whimsicott|[spread] p2a,p2b
|-resisted|p2b: Annihilape
|-damage|p2a: Whimsicott|43/100
|-damage|p2b: Annihilape|79/100
|move|p1a: Murkrow|Snarl|p2b: Annihilape|[spread] p2a,p2b
|-resisted|p2a: Whimsicott
|-damage|p2a: Whimsicott|36/100
|-damage|p2b: Annihilape|69/100
|-unboost|p2b: Annihilape|spa|1
|-ability|p2b: Annihilape|Defiant|boost
|-boost|p2b: Annihilape|atk|2
|
|upkeep
|turn|2
|
|t:|1756412911
|-terastallize|p1b: Arcanine|Grass
|move|p2a: Whimsicott|Sunny Day|p2a: Whimsicott
|-weather|SunnyDay
|move|p1a: Murkrow|Haze|p1a: Murkrow
|-clearallboost
|move|p2b: Annihilape|Rage Fist|p1b: Arcanine
|-damage|p1b: Arcanine|30/100
|move|p1b: Arcanine|Rock Slide|p2b: Annihilape|[spread] p2a,p2b
|-resisted|p2b: Annihilape
|-damage|p2a: Whimsicott|0 fnt
|-damage|p2b: Annihilape|49/100
|faint|p2a: Whimsicott
|
|-weather|SunnyDay|[upkeep]
|upkeep
|
|t:|1756412920
|switch|p2a: Charizard|Charizard, L50, M|100/100
|turn|3
|
|t:|1756412935
|move|p1a: Murkrow|Tailwind|p1a: Murkrow
|-sidestart|p1: No.1AnicredibleFan|move: Tailwind
|move|p2a: Charizard|Heat Wave|p1a: Murkrow|[spread] p1a,p1b
|-crit|p1a: Murkrow
|-supereffective|p1b: Arcanine
|-damage|p1a: Murkrow|0 fnt
|-damage|p1b: Arcanine|0 fnt
|faint|p1a: Murkrow
|faint|p1b: Arcanine
|move|p2b: Annihilape|Drain Punch|p1: Murkrow|[notarget]
|-fail|p2b: Annihilape
|
|-weather|SunnyDay|[upkeep]
|-damage|p2a: Charizard|88/100|[from] ability: Solar Power|[of] p2a: Charizard
|upkeep
|
|t:|1756412944
|switch|p1b: Baxcalibur|Baxcalibur, L50, M|100/100
|switch|p1a: Ursaluna|Ursaluna-Bloodmoon, L50, M|100/100
|turn|4
|
|t:|1756412953
|move|p1b: Baxcalibur|Protect|p1b: Baxcalibur
|-singleturn|p1b: Baxcalibur|Protect
|move|p1a: Ursaluna|Protect|p1a: Ursaluna
|-singleturn|p1a: Ursaluna|Protect
|move|p2a: Charizard|Heat Wave|p1b: Baxcalibur|[spread] 
|-activate|p1a: Ursaluna|move: Protect
|-activate|p1b: Baxcalibur|move: Protect
|move|p2b: Annihilape|Drain Punch|p1a: Ursaluna
|-activate|p1a: Ursaluna|move: Protect
|
|-weather|SunnyDay|[upkeep]
|-damage|p2a: Charizard|76/100|[from] ability: Solar Power|[of] p2a: Charizard
|-sideend|p2: WolfeWithTheGlicky|move: Tailwind
|upkeep
|turn|5
|
|t:|1756413011
|move|p1b: Baxcalibur|Scale Shot|p2a: Charizard
|-damage|p2a: Charizard|58/100
|-damage|p2a: Charizard|41/100
|-damage|p2a: Charizard|23/100
|-damage|p2a: Charizard|3/100
|-hitcount|p2a: Charizard|4
|-unboost|p1b: Baxcalibur|def|1
|-boost|p1b: Baxcalibur|spe|1
|move|p2a: Charizard|Heat Wave|p1a: Ursaluna|[spread] p1a
|-miss|p2a: Charizard|p1b: Baxcalibur
|-damage|p1a: Ursaluna|0 fnt
|faint|p1a: Ursaluna
|move|p2b: Annihilape|Drain Punch|p1b: Baxcalibur
|-supereffective|p1b: Baxcalibur
|-damage|p1b: Baxcalibur|35/100
|-heal|p2b: Annihilape|81/100|[from] drain|[of] p1b: Baxcalibur
|
|-weather|SunnyDay|[upkeep]
|-damage|p2a: Charizard|0 fnt|[from] ability: Solar Power|[of] p2a: Charizard
|faint|p2a: Charizard
|upkeep
|
|t:|1756413026
|switch|p2a: Gholdengo|Gholdengo, L50|100/100
|turn|6
|
|t:|1756413043
|move|p1b: Baxcalibur|Icicle Spear|p2b: Annihilape
|-damage|p2b: Annihilape|68/100
|-damage|p2b: Annihilape|55/100
|-damage|p2b: Annihilape|43/100
|-damage|p2b: Annihilape|30/100
|-hitcount|p2b: Annihilape|4
|move|p2b: Annihilape|Rage Fist|p1b: Baxcalibur
|-damage|p1b: Baxcalibur|0 fnt
|faint|p1b: Baxcalibur
|
|win|WolfeWithTheGlicky
|raw|No.1AnicredibleFan's rating: 1137 → 1114(-23 for losing)
|raw|WolfeWithTheGlicky's rating: 1159 → 1182(+23 for winning)
