|j|☆matrod
|j|☆snailboss
|html|matrodsnailboss    
|uhtml|bestof|Game 2 of a best-of-3
|t:|1756580053
|gametype|doubles
|player|p1|matrod|steven|1294
|player|p2|snailboss|hilda-wonderlauncher|1248
|gen|9
|tier|[Gen 9] VGC 2025 Reg H (Bo3)
|rated|
|rule|Species Clause: Limit one of each Pokémon
|rule|Item Clause: Limit 1 of each item
|clearpoke
|poke|p1|Gholdengo, L50|
|poke|p1|Amoonguss, L50, M|
|poke|p1|Incineroar, L50, M|
|poke|p1|Dragonite, L50, F|
|poke|p1|Excadrill, L50, F|
|poke|p1|Tyranitar, L50, F|
|poke|p2|Tyranitar, L50, M|
|poke|p2|Excadrill, L50, M|
|poke|p2|Indeedee-F, L50, F|
|poke|p2|Zoroark-Hisui, L50, M|
|poke|p2|Corviknight, L50, F|
|poke|p2|Amoonguss, L50, F|
|teampreview|4
|showteam|p1|Gholdengo||LifeOrb|GoodasGold|MakeItRain,ShadowBall,NastyPlot,Protect||||||50|,,,,,Water]Amoonguss||SitrusBerry|Regenerator|Spore,Protect,RagePowder,PollenPuff|||M|||50|,,,,,Psychic]Incineroar||SafetyGoggles|Intimidate|KnockOff,FakeOut,FlareBlitz,PartingShot|||M|||50|,,,,,Water]Dragonite||LoadedDice|Multiscale|ScaleShot,Tailwind,Haze,Protect|||F|||50|,,,,,Steel]Excadrill||FocusSash|SandRush|HighHorsepower,Earthquake,IronHead,Protect|||F|||50|,,,,,Ground]Tyranitar||AssaultVest|SandStream|RockSlide,KnockOff,TeraBlast,LowKick|||F|||50|,,,,,Flying
|showteam|p2|Tyranitar||AssaultVest|SandStream|RockSlide,KnockOff,LowKick,TeraBlast|||M|||50|,,,,,Flying]Excadrill||FocusSash|SandRush|IronHead,Protect,SwordsDance,Earthquake|||M|||50|,,,,,Ground]Indeedee-F||SafetyGoggles|PsychicSurge|TrickRoom,FollowMe,Psychic,HelpingHand|||F|||50|,,,,,Fairy]Zoroark-Hisui||ChoiceSpecs|Illusion|HyperVoice,ShadowBall,HyperBeam,Flamethrower|||M|||50|,,,,,Normal]Corviknight||PsychicSeed|MirrorArmor|BraveBird,PowerTrip,BulkUp,Roost|||F|||50|,,,,,Dragon]Amoonguss||SitrusBerry|Regenerator|Spore,RagePowder,Protect,ClearSmog|||F|||50|,,,,,Water
|inactive|Battle timer is ON: inactive players will automatically lose when time's up. (requested by matrod)
|inactive|matrod has 60 seconds left.
|
|t:|1756580088
|teamsize|p1|4
|teamsize|p2|4
|start
|switch|p1a: Amoonguss|Amoonguss, L50, M, shiny|100/100
|switch|p1b: Gholdengo|Gholdengo, L50|100/100
|switch|p2a: Tyranitar|Tyranitar, L50, M|100/100
|switch|p2b: Excadrill|Excadrill, L50, M|100/100
|-weather|Sandstorm|[from] ability: Sand Stream|[of] p2a: Tyranitar
|turn|1
|inactive|snailboss has 30 seconds left.
|inactive|snailboss has 20 seconds left.
|inactive|snailboss has 15 seconds left.
|
|t:|1756580129
|switch|p1b: Dragonite|Dragonite, L50, F|100/100
|-terastallize|p2a: Tyranitar|Flying
|move|p1a: Amoonguss|Protect|p1a: Amoonguss
|-singleturn|p1a: Amoonguss|Protect
|move|p2b: Excadrill|Earthquake|p1a: Amoonguss|[spread] 
|-activate|p1a: Amoonguss|move: Protect
|-immune|p2a: Tyranitar
|-immune|p1b: Dragonite
|move|p2a: Tyranitar|Tera Blast|p1a: Amoonguss|[anim] Tera Blast Flying
|-activate|p1a: Amoonguss|move: Protect
|
|-weather|Sandstorm|[upkeep]
|-damage|p1b: Dragonite|95/100|[from] Sandstorm
|-damage|p2a: Tyranitar|95/100|[from] Sandstorm
|-damage|p1a: Amoonguss|95/100|[from] Sandstorm
|upkeep
|turn|2
|
|t:|1756580150
|move|p2b: Excadrill|Earthquake|p1b: Dragonite|[spread] p1a
|-immune|p2a: Tyranitar
|-immune|p1b: Dragonite
|-damage|p1a: Amoonguss|45/100
|-enditem|p1a: Amoonguss|Sitrus Berry|[eat]
|-heal|p1a: Amoonguss|70/100|[from] item: Sitrus Berry
|move|p1b: Dragonite|Tailwind|p1b: Dragonite
|-sidestart|p1: matrod|move: Tailwind
|move|p2a: Tyranitar|Tera Blast|p1a: Amoonguss|[anim] Tera Blast Flying
|-supereffective|p1a: Amoonguss
|-damage|p1a: Amoonguss|0 fnt
|faint|p1a: Amoonguss
|
|-weather|Sandstorm|[upkeep]
|-damage|p1b: Dragonite|89/100|[from] Sandstorm
|-damage|p2a: Tyranitar|89/100|[from] Sandstorm
|upkeep
|
|t:|1756580162
|switch|p1a: Excadrill|Excadrill, L50, F|100/100
|turn|3
|
|t:|1756580170
|switch|p2b: Corviknight|Corviknight, L50, F|100/100
|move|p1a: Excadrill|Iron Head|p2a: Tyranitar
|-damage|p2a: Tyranitar|50/100
|move|p1b: Dragonite|Scale Shot|p2a: Tyranitar
|-damage|p2a: Tyranitar|39/100
|-damage|p2a: Tyranitar|28/100
|-damage|p2a: Tyranitar|16/100
|-damage|p2a: Tyranitar|5/100
|-damage|p2a: Tyranitar|0 fnt
|faint|p2a: Tyranitar
|-hitcount|p2: Tyranitar|5
|-unboost|p1b: Dragonite|def|1
|-boost|p1b: Dragonite|spe|1
|
|-weather|Sandstorm|[upkeep]
|-damage|p1b: Dragonite|83/100|[from] Sandstorm
|upkeep
|
|t:|1756580186
|switch|p2a: Indeedee|Indeedee-F, L50, F|100/100
|-fieldstart|move: Psychic Terrain|[from] ability: Psychic Surge|[of] p2a: Indeedee
|-enditem|p2b: Corviknight|Psychic Seed
|-boost|p2b: Corviknight|spd|1|[from] item: Psychic Seed
|turn|4
|inactive|matrod has 30 seconds left.
|inactive|matrod has 20 seconds left.
|inactive|matrod has 15 seconds left.
|
|t:|1756580228
|move|p1a: Excadrill|High Horsepower|p2a: Indeedee
|-damage|p2a: Indeedee|48/100
|move|p1b: Dragonite|Scale Shot|p2a: Indeedee
|-damage|p2a: Indeedee|34/100
|-crit|p2a: Indeedee
|-damage|p2a: Indeedee|16/100
|-damage|p2a: Indeedee|2/100
|-damage|p2a: Indeedee|0 fnt
|faint|p2a: Indeedee
|-hitcount|p2: Indeedee|4
|-unboost|p1b: Dragonite|def|1
|-boost|p1b: Dragonite|spe|1
|move|p2b: Corviknight|Bulk Up|p2b: Corviknight
|-boost|p2b: Corviknight|atk|1
|-boost|p2b: Corviknight|def|1
|
|-weather|Sandstorm|[upkeep]
|-damage|p1b: Dragonite|77/100|[from] Sandstorm
|upkeep
|
|t:|1756580252
|switch|p2a: Excadrill|Excadrill, L50, M|100/100
|turn|5
|inactive|matrod has 30 seconds left.
|
|t:|1756580279
|move|p1b: Dragonite|Haze|p1b: Dragonite
|-clearallboost
|move|p1a: Excadrill|Earthquake|p2b: Corviknight|[spread] p2a
|-immune|p1b: Dragonite
|-immune|p2b: Corviknight
|-supereffective|p2a: Excadrill
|-enditem|p2a: Excadrill|Focus Sash
|-damage|p2a: Excadrill|1/100
|move|p2a: Excadrill|Earthquake|p1a: Excadrill|[spread] p1a
|-immune|p2b: Corviknight
|-immune|p1b: Dragonite
|-supereffective|p1a: Excadrill
|-enditem|p1a: Excadrill|Focus Sash
|-damage|p1a: Excadrill|1/100
|move|p2b: Corviknight|Brave Bird|p1b: Dragonite
|-damage|p1b: Dragonite|35/100
|-damage|p2b: Corviknight|89/100|[from] Recoil
|
|-weather|none
|-sideend|p1: matrod|move: Tailwind
|upkeep
|turn|6
|inactive|snailboss has 30 seconds left.
|inactive|snailboss has 20 seconds left.
|
|t:|1756580316
|move|p2a: Excadrill|Protect|p2a: Excadrill
|-singleturn|p2a: Excadrill|Protect
|move|p1b: Dragonite|Tailwind|p1b: Dragonite
|-sidestart|p1: matrod|move: Tailwind
|move|p1a: Excadrill|Earthquake|p2a: Excadrill|[spread] 
|-activate|p2a: Excadrill|move: Protect
|-immune|p1b: Dragonite
|-immune|p2b: Corviknight
|move|p2b: Corviknight|Brave Bird|p1b: Dragonite
|-damage|p1b: Dragonite|0 fnt
|faint|p1b: Dragonite
|-damage|p2b: Corviknight|80/100|[from] Recoil
|
|upkeep
|
|t:|1756580328
|switch|p1b: Gholdengo|Gholdengo, L50|100/100
|turn|7
|
|t:|1756580337
|-terastallize|p1b: Gholdengo|Water
|move|p1a: Excadrill|Iron Head|p2a: Excadrill
|-resisted|p2a: Excadrill
|-damage|p2a: Excadrill|0 fnt
|faint|p2a: Excadrill
|move|p1b: Gholdengo|Nasty Plot|p1b: Gholdengo
|-boost|p1b: Gholdengo|spa|2
|move|p2b: Corviknight|Bulk Up|p2b: Corviknight
|-boost|p2b: Corviknight|atk|1
|-boost|p2b: Corviknight|def|1
|
|upkeep
|turn|8
|
|t:|1756580360
|move|p1a: Excadrill|Iron Head|p2b: Corviknight
|-resisted|p2b: Corviknight
|-damage|p2b: Corviknight|69/100
|move|p1b: Gholdengo|Shadow Ball|p2b: Corviknight
|-damage|p2b: Corviknight|0 fnt
|faint|p2b: Corviknight
|-damage|p1b: Gholdengo|91/100|[from] item: Life Orb
|
|win|matrod
|raw|matrod's rating: 1294 → 1316(+22 for winning)
|raw|snailboss's rating: 1248 → 1226(-22 for losing)
