|j|☆garlandttv
|j|☆TailwindMakeItRain
|html|garlandttvTailwindMakeItRain    
|uhtml|bestof|Game 3 of a best-of-3
|t:|1754278156
|gametype|doubles
|player|p1|garlandttv|2|1171
|player|p2|TailwindMakeItRain|iris|1317
|gen|9
|tier|[Gen 9] VGC 2025 Reg H (Bo3)
|rated|
|rule|Species Clause: Limit one of each Pokémon
|rule|Item Clause: Limit 1 of each item
|clearpoke
|poke|p1|Charizard, L50, F|
|poke|p1|Torkoal, L50, F|
|poke|p1|Porygon2, L50|
|poke|p1|Incineroar, L50, M|
|poke|p1|Jumpluff, L50, F|
|poke|p1|Ursaluna, L50, M|
|poke|p2|Gholdengo, L50|
|poke|p2|Incineroar, L50, M|
|poke|p2|Rillaboom, L50, M|
|poke|p2|Sneasler, L50, F|
|poke|p2|Pelipper, L50, M|
|poke|p2|Basculegion, L50, M|
|teampreview|4
|showteam|p1|Charizard||ChoiceSpecs|SolarPower|HeatWave,Overheat,WeatherBall,AirSlash|||F|||50|,,,,,Ghost]Torkoal||EjectPack|Drought|Eruption,Overheat,HelpingHand,Protect|||F|||50|,,,,,Fire]Porygon2||Eviolite|Download|TeraBlast,IceBeam,Recover,TrickRoom||||||50|,,,,,Fighting]Incineroar||SitrusBerry|Intimidate|FlareBlitz,KnockOff,FakeOut,PartingShot|||M|||50|,,,,,Ghost]Jumpluff||CovertCloak|Chlorophyll|SleepPowder,SunnyDay,RagePowder,Tailwind|||F|||50|,,,,,Water]Ursaluna||FlameOrb|Guts|HeadlongRush,Facade,Earthquake,Protect|||M|||50|,,,,,Ghost
|showteam|p2|Gholdengo||LifeOrb|GoodasGold|MakeItRain,ShadowBall,NastyPlot,Protect||||||50|,,,,,Water]Incineroar||SafetyGoggles|Intimidate|PartingShot,FlareBlitz,KnockOff,FakeOut|||M|||50|,,,,,Ghost]Rillaboom||AssaultVest|GrassySurge|WoodHammer,GrassyGlide,Uturn,FakeOut|||M|||50|,,,,,Fire]Sneasler||FocusSash|Unburden|DireClaw,CloseCombat,FakeOut,Protect|||F|||50|,,,,,Stellar]Pelipper||CovertCloak|Drizzle|Tailwind,WeatherBall,Hurricane,Protect|||M|||50|,,,,,Grass]Basculegion||ChoiceScarf|Adaptability|WaveCrash,LastRespects,TeraBlast,FlipTurn|||M|||50|,,,,,Fighting
|inactive|Battle timer is ON: inactive players will automatically lose when time's up. (requested by garlandttv)
|
|t:|1754278185
|teamsize|p1|4
|teamsize|p2|4
|start
|switch|p1a: Porygon2|Porygon2, L50|100/100
|switch|p1b: Ursaluna|Ursaluna, L50, M|100/100
|switch|p2a: Gholdengo|Gholdengo, L50|100/100
|switch|p2b: Sneasler|Sneasler, L50, F|100/100
|-ability|p1a: Porygon2|Download|boost
|-boost|p1a: Porygon2|atk|1
|turn|1
|inactive|garlandttv has 30 seconds left.
|inactive|garlandttv has 20 seconds left.
|inactive|garlandttv has 15 seconds left.
|
|t:|1754278226
|-terastallize|p2a: Gholdengo|Water
|move|p2b: Sneasler|Fake Out|p1a: Porygon2
|-damage|p1a: Porygon2|92/100
|move|p2a: Gholdengo|Nasty Plot|p2a: Gholdengo
|-boost|p2a: Gholdengo|spa|2
|move|p1b: Ursaluna|Headlong Rush|p2a: Gholdengo
|-damage|p2a: Gholdengo|22/100
|-unboost|p1b: Ursaluna|def|1
|-unboost|p1b: Ursaluna|spd|1
|cant|p1a: Porygon2|flinch
|
|-status|p1b: Ursaluna|brn|[from] item: Flame Orb
|upkeep
|turn|2
|
|t:|1754278243
|-terastallize|p1a: Porygon2|Fighting
|move|p1b: Ursaluna|Protect|p1b: Ursaluna
|-singleturn|p1b: Ursaluna|Protect
|move|p2b: Sneasler|Close Combat|p1a: Porygon2
|-damage|p1a: Porygon2|52/100
|-unboost|p2b: Sneasler|def|1
|-unboost|p2b: Sneasler|spd|1
|move|p2a: Gholdengo|Make It Rain|p1a: Porygon2|[spread] p1a
|-activate|p1b: Ursaluna|move: Protect
|-damage|p1a: Porygon2|0 fnt
|-unboost|p2a: Gholdengo|spa|1
|faint|p1a: Porygon2
|-damage|p2a: Gholdengo|13/100|[from] item: Life Orb
|
|-damage|p1b: Ursaluna|95/100 brn|[from] brn
|upkeep
|
|t:|1754278261
|switch|p1a: Incineroar|Incineroar, L50, M|100/100
|-ability|p1a: Incineroar|Intimidate|boost
|-unboost|p2a: Gholdengo|atk|1
|-unboost|p2b: Sneasler|atk|1
|turn|3
|inactive|garlandttv has 30 seconds left.
|
|t:|1754278289
|switch|p1a: Torkoal|Torkoal, L50, F|100/100
|-weather|SunnyDay|[from] ability: Drought|[of] p1a: Torkoal
|move|p2b: Sneasler|Protect|p2b: Sneasler
|-singleturn|p2b: Sneasler|Protect
|move|p2a: Gholdengo|Protect|p2a: Gholdengo
|-singleturn|p2a: Gholdengo|Protect
|move|p1b: Ursaluna|Protect||[still]
|-fail|p1b: Ursaluna
|
|-weather|SunnyDay|[upkeep]
|-damage|p1b: Ursaluna|89/100 brn|[from] brn
|upkeep
|turn|4
|inactive|garlandttv has 30 seconds left.
|inactive|garlandttv has 20 seconds left.
|inactive|garlandttv has 15 seconds left.
|inactive|garlandttv has 10 seconds left.
|inactive|garlandttv has 5 seconds left.
|
|t:|1754278339
|switch|p1b: Incineroar|Incineroar, L50, M|100/100
|-ability|p1b: Incineroar|Intimidate|boost
|-unboost|p2a: Gholdengo|atk|1
|-unboost|p2b: Sneasler|atk|1
|move|p2b: Sneasler|Close Combat|p1b: Incineroar
|-supereffective|p1b: Incineroar
|-damage|p1b: Incineroar|38/100
|-unboost|p2b: Sneasler|def|1
|-unboost|p2b: Sneasler|spd|1
|-enditem|p1b: Incineroar|Sitrus Berry|[eat]
|-heal|p1b: Incineroar|63/100|[from] item: Sitrus Berry
|move|p2a: Gholdengo|Shadow Ball|p1a: Torkoal
|-damage|p1a: Torkoal|0 fnt
|faint|p1a: Torkoal
|-damage|p2a: Gholdengo|3/100|[from] item: Life Orb
|
|-weather|SunnyDay|[upkeep]
|upkeep
|
|t:|1754278356
|switch|p1a: Ursaluna|Ursaluna, L50, M|89/100 brn
|turn|5
|
|t:|1754278373
|switch|p2b: Incineroar|Incineroar, L50, M|100/100
|-ability|p2b: Incineroar|Intimidate|boost
|-unboost|p1a: Ursaluna|atk|1
|-unboost|p1b: Incineroar|atk|1
|move|p2a: Gholdengo|Protect|p2a: Gholdengo
|-singleturn|p2a: Gholdengo|Protect
|move|p1b: Incineroar|Fake Out|p2a: Gholdengo
|-activate|p2a: Gholdengo|move: Protect
|move|p1a: Ursaluna|Facade|p2b: Incineroar
|-damage|p2b: Incineroar|20/100
|
|-weather|SunnyDay|[upkeep]
|-damage|p1a: Ursaluna|83/100 brn|[from] brn
|upkeep
|turn|6
|
|t:|1754278397
|move|p1a: Ursaluna|Protect|p1a: Ursaluna
|-singleturn|p1a: Ursaluna|Protect
|move|p2b: Incineroar|Fake Out|p1b: Incineroar
|-damage|p1b: Incineroar|50/100
|move|p2a: Gholdengo|Make It Rain|p1b: Incineroar|[spread] p1b
|-activate|p1a: Ursaluna|move: Protect
|-resisted|p1b: Incineroar
|-damage|p1b: Incineroar|10/100
|-unboost|p2a: Gholdengo|spa|1
|-damage|p2a: Gholdengo|0 fnt|[from] item: Life Orb
|faint|p2a: Gholdengo
|cant|p1b: Incineroar|flinch
|
|-weather|SunnyDay|[upkeep]
|-damage|p1a: Ursaluna|77/100 brn|[from] brn
|upkeep
|
|t:|1754278404
|switch|p2a: Sneasler|Sneasler, L50, F|100/100
|turn|7
|
|t:|1754278420
|move|p2a: Sneasler|Close Combat|p1a: Ursaluna
|-supereffective|p1a: Ursaluna
|-damage|p1a: Ursaluna|0 fnt
|-unboost|p2a: Sneasler|def|1
|-unboost|p2a: Sneasler|spd|1
|faint|p1a: Ursaluna
|move|p1b: Incineroar|Flare Blitz|p2a: Sneasler
|-enditem|p2a: Sneasler|Focus Sash
|-damage|p2a: Sneasler|1/100
|-damage|p1b: Incineroar|0 fnt|[from] Recoil
|faint|p1b: Incineroar
|
|win|TailwindMakeItRain
|raw|garlandttv's rating: 1171 → 1156(-15 for losing)
|raw|TailwindMakeItRain's rating: 1317 → 1329(+12 for winning)
|l|☆garlandttv
|player|p1|
|j|☆garlandttv
|player|p1|garlandttv|2|
