|j|☆bonczy
|j|☆Someoneofficial
|html|bonczySomeoneofficial    
|uhtml|bestof|Game 2 of a best-of-3
|t:|1784152447
|gametype|doubles
|player|p1|bonczy|blue-lgpe|
|player|p2|Someoneofficial|gentleman-gen4|
|gen|9
|tier|[Gen 9 Champions] VGC 2026 Reg M-B (Bo3)
|rule|Species Clause: Limit one of each Pokémon
|rule|Item Clause: Limit 1 of each item
|clearpoke
|poke|p1|Metagross, L50|
|poke|p1|Raichu, L50, F|
|poke|p1|Grimmsnarl, L50, M|
|poke|p1|Sinistcha, L50|
|poke|p1|Basculegion, L50, M|
|poke|p1|Pelipper, L50, M|
|poke|p2|Floette-Eternal, L50, F|
|poke|p2|Grimmsnarl, L50, M, shiny|
|poke|p2|Basculegion, L50, M, shiny|
|poke|p2|Sneasler, L50, M, shiny|
|poke|p2|Garchomp, L50, M, shiny|
|poke|p2|Charizard, L50, M, shiny|
|teampreview|4
|showteam|p1|Metagross||Metagrossite|ClearBody|MeteorMash,ZenHeadbutt,BrickBreak,Protect|Adamant|||||50|]Raichu||RaichuniteY|LightningRod|ZapCannon,Electroweb,FocusBlast,Protect|Timid||F|||50|]Grimmsnarl||LightClay|Prankster|SpiritBreak,SuckerPunch,LightScreen,Reflect|Adamant||M|||50|]Sinistcha||ColburBerry|Hospitality|MatchaGotcha,ShadowBall,LifeDew,Protect|Bold|||||50|]Basculegion||ChoiceScarf|Adaptability|LastRespects,WaveCrash,Liquidation,FlipTurn|Jolly||M|||50|]Pelipper||DampRock|Drizzle|Hurricane,WeatherBall,Tailwind,Protect|Calm||M|||50|
|showteam|p2|Floette-Eternal||Floettite|FlowerVeil|Moonblast,Protect,LightofRuin,DazzlingGleam|Timid||F|||50|]Grimmsnarl||LightClay|Prankster|LightScreen,Reflect,PartingShot,SpiritBreak|Impish||M|||50|]Basculegion||ChoiceScarf|Adaptability|WaveCrash,LastRespects,AquaJet,FlipTurn|Jolly||M|||50|]Sneasler||FocusSash|PoisonTouch|FakeOut,CloseCombat,DireClaw,Protect|Jolly||M|||50|]Garchomp||LifeOrb|RoughSkin|DragonClaw,StompingTantrum,RockSlide,Protect|Jolly||M|||50|]Charizard||CharizarditeY|Blaze|Protect,SolarBeam,WeatherBall,HeatWave|Timid||M|||50|
|
|t:|1784152476
|teamsize|p1|4
|teamsize|p2|4
|start
|switch|p1a: SURPRISE 2|Grimmsnarl, L50, M|100/100
|switch|p1b: RTX 8090 Ti|Metagross, L50|100/100
|switch|p2a: Sneasler|Sneasler, L50, M, shiny|100/100
|switch|p2b: Charizard|Charizard, L50, M, shiny|100/100
|turn|1
|
|t:|1784152508
|switch|p1a: Basculegion|Basculegion, L50, M|100/100
|detailschange|p1b: RTX 8090 Ti|Metagross-Mega, L50
|-mega|p1b: RTX 8090 Ti|Metagross|Metagrossite
|move|p1b: RTX 8090 Ti|Protect|p1b: RTX 8090 Ti
|-singleturn|p1b: RTX 8090 Ti|Protect
|move|p2a: Sneasler|Dire Claw|p1a: Basculegion
|-resisted|p1a: Basculegion|1
|-damage|p1a: Basculegion|72/100
|-status|p1a: Basculegion|psn|[from] ability: Poison Touch|[of] p2a: Sneasler
|move|p2b: Charizard|Heat Wave|p1a: Basculegion|[spread] p1a
|-activate|p1b: RTX 8090 Ti|move: Protect
|-resisted|p1a: Basculegion|1
|-damage|p1a: Basculegion|54/100 psn
|
|-damage|p1a: Basculegion|42/100 psn|[from] psn
|upkeep
|turn|2
|
|t:|1784152617
|switch|p2a: Grimmsnarl|Grimmsnarl, L50, M, shiny|100/100
|switch|p1b: Rain Summoner|Pelipper, L50, M|100/100
|-weather|RainDance|[from] ability: Drizzle|[of] p1b: Rain Summoner
|detailschange|p2b: Charizard|Charizard-Mega-Y, L50, M, shiny
|-mega|p2b: Charizard|Charizard|Charizardite Y
|-weather|SunnyDay|[from] ability: Drought|[of] p2b: Charizard
|move|p2b: Charizard|Protect|p2b: Charizard
|-singleturn|p2b: Charizard|Protect
|move|p1a: Basculegion|Wave Crash|p2b: Charizard
|-activate|p2b: Charizard|move: Protect
|
|-weather|SunnyDay|[upkeep]
|-damage|p1a: Basculegion|30/100 psn|[from] psn
|upkeep
|turn|3
|
|t:|1784152663
|switch|p2b: Basculegion|Basculegion, L50, M, shiny|100/100
|move|p2a: Grimmsnarl|Reflect|p2a: Grimmsnarl
|-sidestart|p2: Someoneofficial|Reflect
|move|p1a: Basculegion|Wave Crash|p2b: Basculegion
|-resisted|p2b: Basculegion|1
|-damage|p2b: Basculegion|83/100
|-damage|p1a: Basculegion|24/100 psn|[from] Recoil
|move|p1b: Rain Summoner|Tailwind|p1b: Rain Summoner
|-sidestart|p1: bonczy|move: Tailwind
|
|-weather|SunnyDay|[upkeep]
|-damage|p1a: Basculegion|12/100 psn|[from] psn
|upkeep
|turn|4
|
|t:|1784152699
|switch|p1a: SURPRISE 2|Grimmsnarl, L50, M|100/100
|switch|p1b: RTX 8090 Ti|Metagross-Mega, L50|100/100
|move|p2b: Basculegion|Last Respects|p1b: RTX 8090 Ti
|-supereffective|p1b: RTX 8090 Ti|1
|-crit|p1b: RTX 8090 Ti
|-damage|p1b: RTX 8090 Ti|30/100
|move|p2a: Grimmsnarl|Spirit Break|p1a: SURPRISE 2
|-supereffective|p1a: SURPRISE 2|1
|-damage|p1a: SURPRISE 2|30/100
|-unboost|p1a: SURPRISE 2|spa|1
|
|-weather|SunnyDay|[upkeep]
|upkeep
|turn|5
|
|t:|1784152761
|move|p1a: SURPRISE 2|Sucker Punch|p2b: Basculegion
|-supereffective|p2b: Basculegion|1
|-damage|p2b: Basculegion|17/100
|move|p1b: RTX 8090 Ti|Zen Headbutt|p2b: Basculegion
|-damage|p2b: Basculegion|0 fnt
|faint|p2b: Basculegion
|move|p2a: Grimmsnarl|Spirit Break|p1a: SURPRISE 2
|-supereffective|p1a: SURPRISE 2|1
|-damage|p1a: SURPRISE 2|0 fnt
|faint|p1a: SURPRISE 2
|
|-weather|SunnyDay|[upkeep]
|upkeep
|
|t:|1784152779
|switch|p2b: Sneasler|Sneasler, L50, M, shiny|100/100
|switch|p1a: Basculegion|Basculegion, L50, M|12/100 psn
|turn|6
|
|t:|1784152827
|switch|p1a: Rain Summoner|Pelipper, L50, M|100/100
|-weather|RainDance|[from] ability: Drizzle|[of] p1a: Rain Summoner
|move|p1b: RTX 8090 Ti|Protect|p1b: RTX 8090 Ti
|-singleturn|p1b: RTX 8090 Ti|Protect
|move|p2b: Sneasler|Fake Out|p1b: RTX 8090 Ti
|-activate|p1b: RTX 8090 Ti|move: Protect
|move|p2a: Grimmsnarl|Spirit Break|p1b: RTX 8090 Ti
|-activate|p1b: RTX 8090 Ti|move: Protect
|
|-weather|RainDance|[upkeep]
|-sideend|p1: bonczy|move: Tailwind
|upkeep
|turn|7
|
|t:|1784152856
|switch|p1b: Basculegion|Basculegion, L50, M|12/100 psn
|move|p2a: Grimmsnarl|Parting Shot|p1b: Basculegion
|-unboost|p1b: Basculegion|atk|1
|-unboost|p1b: Basculegion|spa|1
|
|t:|1784152862
|switch|p2a: Charizard|Charizard-Mega-Y, L50, M, shiny|100/100|[from] Parting Shot
|-weather|SunnyDay|[from] ability: Drought|[of] p2a: Charizard
|move|p2b: Sneasler|Dire Claw|p1a: Rain Summoner
|-damage|p1a: Rain Summoner|56/100
|-status|p1a: Rain Summoner|psn|[from] ability: Poison Touch|[of] p2b: Sneasler
|move|p1a: Rain Summoner|Tailwind|p1a: Rain Summoner
|-sidestart|p1: bonczy|move: Tailwind
|
|-weather|SunnyDay|[upkeep]
|-damage|p1b: Basculegion|0 fnt|[from] psn
|faint|p1b: Basculegion
|-damage|p1a: Rain Summoner|44/100 psn|[from] psn
|upkeep
|
|t:|1784152869
|switch|p1b: RTX 8090 Ti|Metagross-Mega, L50|30/100
|turn|8
|
|t:|1784152903
|move|p2b: Sneasler|Protect|p2b: Sneasler
|-singleturn|p2b: Sneasler|Protect
|move|p2a: Charizard|Protect|p2a: Charizard
|-singleturn|p2a: Charizard|Protect
|move|p1b: RTX 8090 Ti|Zen Headbutt|p2a: Charizard
|-activate|p2a: Charizard|move: Protect
|move|p1a: Rain Summoner|Hurricane|p2a: Charizard
|-activate|p2a: Charizard|move: Protect
|
|-weather|SunnyDay|[upkeep]
|-damage|p1a: Rain Summoner|32/100 psn|[from] psn
|upkeep
|turn|9
|
|t:|1784152931
|move|p1b: RTX 8090 Ti|Zen Headbutt|p2a: Charizard
|-damage|p2a: Charizard|37/100
|move|p2b: Sneasler|Close Combat|p1b: RTX 8090 Ti
|-damage|p1b: RTX 8090 Ti|0 fnt
|-unboost|p2b: Sneasler|def|1
|-unboost|p2b: Sneasler|spd|1
|faint|p1b: RTX 8090 Ti
|move|p1a: Rain Summoner|Hurricane|p2a: Charizard|[miss]
|-miss|p1a: Rain Summoner|p2a: Charizard
|cant|p2a: Charizard|flinch
|
|-weather|SunnyDay|[upkeep]
|-damage|p1a: Rain Summoner|20/100y psn|[from] psn
|upkeep
|turn|10
|
|t:|1784152944
|move|p2b: Sneasler|Protect|p2b: Sneasler
|-singleturn|p2b: Sneasler|Protect
|move|p2a: Charizard|Protect|p2a: Charizard
|-singleturn|p2a: Charizard|Protect
|move|p1a: Rain Summoner|Hurricane|p2a: Charizard
|-activate|p2a: Charizard|move: Protect
|
|-weather|SunnyDay|[upkeep]
|-damage|p1a: Rain Summoner|8/100 psn|[from] psn
|-sideend|p2: Someoneofficial|Reflect
|-sideend|p1: bonczy|move: Tailwind
|upkeep
|turn|11
|c|☆bonczy|gg
|
|t:|1784152952
|move|p2b: Sneasler|Dire Claw|p1a: Rain Summoner
|-damage|p1a: Rain Summoner|0 fnt
|-fail|p1a: Rain Summoner|psn
|faint|p1a: Rain Summoner
|
|win|Someoneofficial
||bonczy is ready for game 3.
||Someoneofficial is ready for game 3.
|uhtml|next|Next: Game 3 of 3
|l|☆Someoneofficial
|player|p2|
|j|☆Someoneofficial
|player|p2|Someoneofficial|gentleman-gen4|
