|j|☆NicoViBrittania
|j|☆maish
|html|NicoViBrittaniamaish    
|uhtml|bestof|Game 2 of a best-of-3
|t:|1756557529
|gametype|doubles
|player|p1|NicoViBrittania|266|1248
|player|p2|maish|roxie|1161
|gen|9
|tier|[Gen 9] VGC 2025 Reg H (Bo3)
|rated|
|rule|Species Clause: Limit one of each Pokémon
|rule|Item Clause: Limit 1 of each item
|clearpoke
|poke|p1|Indeedee-F, L50, F|
|poke|p1|Armarouge, L50, M|
|poke|p1|Porygon2, L50|
|poke|p1|Primarina, L50, F|
|poke|p1|Ursaluna, L50, M|
|poke|p1|Torkoal, L50, F|
|poke|p2|Pelipper, L50, M|
|poke|p2|Archaludon, L50, M|
|poke|p2|Basculegion, L50, M|
|poke|p2|Amoonguss, L50, F|
|poke|p2|Incineroar, L50, M|
|poke|p2|Gholdengo, L50|
|teampreview|4
|showteam|p1|Indeedee-F||MentalHerb|PsychicSurge|FollowMe,HelpingHand,Psychic,TrickRoom|||F|||50|,,,,,Grass]Armarouge||PsychicSeed|FlashFire|ArmorCannon,WideGuard,TrickRoom,ExpandingForce|||M|||50|,,,,,Dragon]Porygon2||Eviolite|Trace|TrickRoom,TriAttack,Protect,Recover||||||50|,,,,,Fairy]Primarina||ThroatSpray|LiquidVoice|Moonblast,Protect,HyperVoice,TeraBlast|||F|||50|,,,,,Ground]Ursaluna||FlameOrb|Guts|Facade,HeadlongRush,Protect,ThroatChop|||M|||50|,,,,,Ghost]Torkoal||AssaultVest|Drought|HeatWave,SolarBeam,EarthPower,Eruption|||F|||50|,,,,,Fire
|showteam|p2|Pelipper||FocusSash|Drizzle|WeatherBall,Hurricane,Tailwind,Protect|||M|||50|,,,,,Ghost]Archaludon||AssaultVest|Stamina|DragonPulse,ElectroShot,Snarl,BodyPress|||M|||50|,,,,,Grass]Basculegion||ChoiceBand|SwiftSwim|WaveCrash,AquaJet,LastRespects,FlipTurn|||M|||50|,,,,,Grass]Amoonguss||RockyHelmet|Regenerator|RagePowder,PollenPuff,Spore,Protect|||F|||50|,,,,,Water]Incineroar||SafetyGoggles|Intimidate|FakeOut,FlareBlitz,PartingShot,KnockOff|||M|||50|,,,,,Water]Gholdengo||LifeOrb|GoodasGold|MakeItRain,ShadowBall,NastyPlot,Protect||||||50|,,,,,Dragon
|inactive|Battle timer is ON: inactive players will automatically lose when time's up. (requested by maish)
|inactive|NicoViBrittania has 60 seconds left.
|inactive|maish has 60 seconds left.
|
|t:|1756557579
|teamsize|p1|4
|teamsize|p2|4
|start
|switch|p1a: Indeedee|Indeedee-F, L50, F|100/100
|switch|p1b: Primarina|Primarina, L50, F|100/100
|switch|p2a: Incineroar|Incineroar, L50, M, shiny|100/100
|switch|p2b: Gholdengo|Gholdengo, L50|100/100
|-ability|p2a: Incineroar|Intimidate|boost
|-unboost|p1a: Indeedee|atk|1
|-unboost|p1b: Primarina|atk|1
|-fieldstart|move: Psychic Terrain|[from] ability: Psychic Surge|[of] p1a: Indeedee
|turn|1
|inactive|maish has 30 seconds left.
|inactive|maish has 20 seconds left.
|
|t:|1756557616
|-terastallize|p2b: Gholdengo|Dragon
|move|p2b: Gholdengo|Nasty Plot|p2b: Gholdengo
|-boost|p2b: Gholdengo|spa|2
|move|p2a: Incineroar|Knock Off|p1b: Primarina
|-resisted|p1b: Primarina
|-damage|p1b: Primarina|79/100
|-enditem|p1b: Primarina|Throat Spray|[from] move: Knock Off|[of] p2a: Incineroar
|move|p1b: Primarina|Hyper Voice|p2b: Gholdengo|[spread] p2a,p2b
|-supereffective|p2a: Incineroar
|-resisted|p2b: Gholdengo
|-damage|p2a: Incineroar|37/100
|-damage|p2b: Gholdengo|83/100
|move|p1a: Indeedee|Trick Room|p1a: Indeedee
|-fieldstart|move: Trick Room|[of] p1a: Indeedee
|
|upkeep
|turn|2
|inactive|NicoViBrittania has 30 seconds left.
|inactive|maish has 30 seconds left.
|inactive|maish has 20 seconds left.
|inactive|maish has 15 seconds left.
|
|t:|1756557658
|move|p1b: Primarina|Hyper Voice|p2b: Gholdengo|[spread] p2a,p2b
|-supereffective|p2a: Incineroar
|-resisted|p2b: Gholdengo
|-damage|p2a: Incineroar|0 fnt
|-damage|p2b: Gholdengo|65/100
|faint|p2a: Incineroar
|move|p1a: Indeedee|Psychic|p2b: Gholdengo
|-damage|p2b: Gholdengo|27/100
|move|p2b: Gholdengo|Make It Rain|p1b: Primarina|[spread] p1a,p1b
|-damage|p1a: Indeedee|0 fnt
|-damage|p1b: Primarina|0 fnt
|-unboost|p2b: Gholdengo|spa|1
|faint|p1a: Indeedee
|faint|p1b: Primarina
|-damage|p2b: Gholdengo|17/100|[from] item: Life Orb
|
|upkeep
|
|t:|1756557674
|switch|p1b: Ursaluna|Ursaluna, L50, M|100/100
|switch|p1a: Armarouge|Armarouge, L50, M|100/100
|switch|p2a: Basculegion|Basculegion, L50, M, shiny|100/100
|-enditem|p1a: Armarouge|Psychic Seed
|-boost|p1a: Armarouge|spd|1|[from] item: Psychic Seed
|turn|3
|
|t:|1756557695
|switch|p2a: Pelipper|Pelipper, L50, M, shiny|100/100
|-weather|RainDance|[from] ability: Drizzle|[of] p2a: Pelipper
|move|p2b: Gholdengo|Protect|p2b: Gholdengo
|-singleturn|p2b: Gholdengo|Protect
|move|p1b: Ursaluna|Headlong Rush|p2a: Pelipper
|-immune|p2a: Pelipper
|move|p1a: Armarouge|Expanding Force|p2a: Pelipper|[spread] p2a
|-activate|p2b: Gholdengo|move: Protect
|-enditem|p2a: Pelipper|Focus Sash
|-damage|p2a: Pelipper|1/100
|
|-weather|RainDance|[upkeep]
|-status|p1b: Ursaluna|brn|[from] item: Flame Orb
|upkeep
|turn|4
|inactive|NicoViBrittania has 30 seconds left.
|inactive|maish has 30 seconds left.
|inactive|maish has 20 seconds left.
|
|t:|1756557732
|move|p2a: Pelipper|Protect|p2a: Pelipper
|-singleturn|p2a: Pelipper|Protect
|move|p2b: Gholdengo|Protect||[still]
|-fail|p2b: Gholdengo
|move|p1b: Ursaluna|Facade|p2b: Gholdengo
|-damage|p2b: Gholdengo|0 fnt
|faint|p2b: Gholdengo
|move|p1a: Armarouge|Expanding Force|p2a: Pelipper
|-activate|p2a: Pelipper|move: Protect
|
|-weather|RainDance|[upkeep]
|-damage|p1b: Ursaluna|95/100 brn|[from] brn
|upkeep
|
|t:|1756557743
|switch|p2b: Basculegion|Basculegion, L50, M, shiny|100/100
|turn|5
|inactive|maish has 30 seconds left.
|
|t:|1756557769
|-terastallize|p1b: Ursaluna|Ghost
|move|p1b: Ursaluna|Throat Chop|p2b: Basculegion
|-supereffective|p2b: Basculegion
|-damage|p2b: Basculegion|0 fnt
|faint|p2b: Basculegion
|move|p1a: Armarouge|Expanding Force|p2a: Pelipper
|-damage|p2a: Pelipper|0 fnt
|faint|p2a: Pelipper
|
|win|NicoViBrittania
