|j|☆testingsss
|j|☆LinkXSwords
|html|testingsssLinkXSwords    
|uhtml|bestof|Game 3 of a best-of-3
|t:|1782312721
|gametype|doubles
|player|p1|testingsss|unknown|1262
|player|p2|LinkXSwords|zinnia|1213
|gen|9
|tier|[Gen 9 Champions] VGC 2026 Reg M-B (Bo3)
|rated|
|rule|Species Clause: Limit one of each Pokémon
|rule|Item Clause: Limit 1 of each item
|clearpoke
|poke|p1|Delphox, L50, M|
|poke|p1|Floette-Eternal, L50, F|
|poke|p1|Kingambit, L50, M|
|poke|p1|Sneasler, L50, M|
|poke|p1|Incineroar, L50, M|
|poke|p1|Sinistcha, L50|
|poke|p2|Charizard, L50, M, shiny|
|poke|p2|Sylveon, L50, F, shiny|
|poke|p2|Kingambit, L50, M, shiny|
|poke|p2|Basculegion, L50, M|
|poke|p2|Garchomp, L50, F|
|poke|p2|Aerodactyl, L50, M|
|teampreview|4
|showteam|p1|Delphox||Delphoxite|Blaze|HeatWave,Psyshock,NastyPlot,Protect|Timid||M|||50|]Floette-Eternal||Floettite|FlowerVeil|Moonblast,DazzlingGleam,CalmMind,Protect|Modest||F|||50|]Kingambit||BlackGlasses|Defiant|SuckerPunch,KowtowCleave,SwordsDance,Protect|Adamant||M|||50|]Sneasler||FocusSash|PoisonTouch|FakeOut,CloseCombat,DireClaw,QuickGuard|Jolly||M|||50|]Incineroar||SitrusBerry|Intimidate|PartingShot,FlareBlitz,ThroatChop,FakeOut|Impish||M|||50|]Sinistcha||KasibBerry|Hospitality|RagePowder,MatchaGotcha,TrickRoom,Protect|Bold|||||50|
|showteam|p2|Charizard||CharizarditeY|Blaze|HeatWave,SolarBeam,WeatherBall,Protect|Timid||M|||50|]Sylveon||FairyFeather|Pixilate|QuickAttack,HyperVoice,Yawn,Protect|Modest||F|||50|]Kingambit||ChopleBerry|Defiant|SuckerPunch,KowtowCleave,LowKick,IronHead|Adamant||M|||50|]Basculegion||FocusSash|Adaptability|LastRespects,AquaJet,Liquidation,Protect|Jolly||M|||50|]Garchomp||SitrusBerry|RoughSkin|RockTomb,Earthquake,DragonClaw,Protect|Adamant||F|||50|]Aerodactyl||Aerodactylite|Unnerve|RockSlide,DualWingbeat,Tailwind,WideGuard|Jolly||M|||50|
|inactive|Battle timer is ON: inactive players will automatically lose when time's up. (requested by testingsss)
|inactive|testingsss has 60 seconds left.
|inactive|testingsss has 30 seconds left.
|inactive|testingsss has 20 seconds left.
|
|t:|1782312796
|teamsize|p1|4
|teamsize|p2|4
|start
|switch|p1a: Floette|Floette-Eternal, L50, F|100/100
|switch|p1b: Sneasler|Sneasler, L50, M|100/100
|switch|p2a: Pou|Sylveon, L50, F, shiny|100/100
|switch|p2b: Masculegion|Basculegion, L50, M|100/100
|turn|1
|
|t:|1782312814
|switch|p2b: Iria|Aerodactyl, L50, M|100/100
|-ability|p2b: Iria|Unnerve
|move|p1a: Floette|Protect|p1a: Floette
|-singleturn|p1a: Floette|Protect
|move|p2a: Pou|Protect|p2a: Pou
|-singleturn|p2a: Pou|Protect
|move|p1b: Sneasler|Dire Claw|p2a: Pou
|-activate|p2a: Pou|move: Protect
|
|upkeep
|turn|2
|inactive|testingsss has 30 seconds left.
|inactive|testingsss has 20 seconds left.
|inactive|testingsss has 15 seconds left.
|inactive|testingsss has 10 seconds left.
|
|t:|1782312859
|detailschange|p2b: Iria|Aerodactyl-Mega, L50, M
|-mega|p2b: Iria|Aerodactyl|Aerodactylite
|move|p2b: Iria|Tailwind|p2b: Iria
|-sidestart|p2: LinkXSwords|move: Tailwind
|move|p2a: Pou|Hyper Voice|p1a: Floette|[spread] p1a,p1b
|-damage|p1a: Floette|58/100
|-damage|p1b: Sneasler|34/100
|move|p1b: Sneasler|Dire Claw|p2a: Pou
|-supereffective|p2a: Pou|1
|-damage|p2a: Pou|11/100
|move|p1a: Floette|Calm Mind|p1a: Floette
|-boost|p1a: Floette|spa|1
|-boost|p1a: Floette|spd|1
|
|upkeep
|turn|3
|
|t:|1782312880
|switch|p1b: Incineroar|Incineroar, L50, M|100/100
|-ability|p1b: Incineroar|Intimidate|boost
|-unboost|p2a: Pou|atk|1
|-unboost|p2b: Iria|atk|1
|move|p1a: Floette|Protect|p1a: Floette
|-singleturn|p1a: Floette|Protect
|move|p2b: Iria|Rock Slide|p1a: Floette|[spread] p1b
|-activate|p1a: Floette|move: Protect
|-supereffective|p1b: Incineroar|1
|-damage|p1b: Incineroar|69/100
|move|p2a: Pou|Hyper Voice|p1b: Incineroar|[spread] p1b
|-activate|p1a: Floette|move: Protect
|-damage|p1b: Incineroar|32/100
|-enditem|p1b: Incineroar|Sitrus Berry|[eat]
|-heal|p1b: Incineroar|56/100|[from] item: Sitrus Berry
|
|upkeep
|turn|4
|inactive|testingsss has 30 seconds left.
|inactive|testingsss has 20 seconds left.
|inactive|testingsss has 15 seconds left.
|
|t:|1782312924
|switch|p2b: Masculegion|Basculegion, L50, M|100/100
|move|p2a: Pou|Protect|p2a: Pou
|-singleturn|p2a: Pou|Protect
|move|p1b: Incineroar|Fake Out|p2b: Masculegion
|-immune|p2b: Masculegion
|move|p1a: Floette|Moonblast|p2a: Pou
|-activate|p2a: Pou|move: Protect
|
|upkeep
|turn|5
|inactive|testingsss has 30 seconds left.
|
|t:|1782312954
|switch|p1b: Sneasler|Sneasler, L50, M|34/100
|move|p1a: Floette|Protect|p1a: Floette
|-singleturn|p1a: Floette|Protect
|move|p2b: Masculegion|Liquidation|p1b: Sneasler
|-damage|p1b: Sneasler|0 fnt
|faint|p1b: Sneasler
|move|p2a: Pou|Hyper Voice|p1a: Floette
|-activate|p1a: Floette|move: Protect
|
|-sideend|p2: LinkXSwords|move: Tailwind
|upkeep
|
|t:|1782312959
|switch|p1b: Kingambit|Kingambit, L50, M|100/100
|turn|6
|
|t:|1782312970
|detailschange|p1a: Floette|Floette-Mega, L50, F
|-mega|p1a: Floette|Floette|Floettite
|-ability|p1a: Floette|Fairy Aura
|move|p1b: Kingambit|Sucker Punch|p2b: Masculegion
|-supereffective|p2b: Masculegion|1
|-enditem|p2b: Masculegion|Focus Sash
|-damage|p2b: Masculegion|1/100
|move|p1a: Floette|Dazzling Gleam|p2a: Pou|[spread] p2a,p2b
|-damage|p2a: Pou|0 fnt
|-damage|p2b: Masculegion|0 fnt
|faint|p2a: Pou
|faint|p2b: Masculegion
|
|upkeep
|
|t:|1782312977
|switch|p2b: Levy|Kingambit, L50, M, shiny|100/100
|switch|p2a: Iria|Aerodactyl-Mega, L50, M|100/100
|turn|7
|inactive|testingsss has 30 seconds left.
|inactive|testingsss has 20 seconds left.
|inactive|testingsss has 15 seconds left.
|inactive|testingsss has 10 seconds left.
|
|t:|1782313026
|move|p1b: Kingambit|Sucker Punch|p2b: Levy
|-resisted|p2b: Levy|1
|-damage|p2b: Levy|80/100
|move|p2a: Iria|Rock Slide|p1a: Floette|[spread] p1a
|-miss|p2a: Iria|p1b: Kingambit
|-damage|p1a: Floette|28/100
|move|p1a: Floette|Moonblast|p2b: Levy
|-damage|p2b: Levy|0 fnt
|faint|p2b: Levy
|
|upkeep
|turn|8
|
|t:|1782313042
|move|p2a: Iria|Rock Slide|p1b: Kingambit|[spread] p1a,p1b
|-resisted|p1b: Kingambit|1
|-damage|p1a: Floette|0 fnt
|-damage|p1b: Kingambit|88/100
|faint|p1a: Floette
|move|p1b: Kingambit|Swords Dance|p1b: Kingambit
|-boost|p1b: Kingambit|atk|2
|
|upkeep
|
|t:|1782313046
|switch|p1a: Incineroar|Incineroar, L50, M|56/100
|-ability|p1a: Incineroar|Intimidate|boost
|-unboost|p2a: Iria|atk|1
|turn|9
|
|t:|1782313051
|move|p1a: Incineroar|Fake Out|p2a: Iria
|-resisted|p2a: Iria|1
|-damage|p2a: Iria|92/100
|cant|p2a: Iria|flinch
|move|p1b: Kingambit|Swords Dance|p1b: Kingambit
|-boost|p1b: Kingambit|atk|2
|
|upkeep
|turn|10
|
|t:|1782313074
|move|p1b: Kingambit|Sucker Punch|p2a: Iria
|-damage|p2a: Iria|0 fnt
|faint|p2a: Iria
|
|win|testingsss
|raw|testingsss's rating: 1262 → 1283(+21 for winning)
|raw|LinkXSwords's rating: 1213 → 1192(-21 for losing)
