|j|☆Bread2468
|j|☆The median voter
|html|Bread2468The median voter    
|uhtml|bestof|Game 3 of a best-of-3
|t:|1757107262
|gametype|doubles
|player|p1|Bread2468|2|1234
|player|p2|The median voter|scientist-gen4dp|1292
|gen|9
|tier|[Gen 9] VGC 2025 Reg H (Bo3)
|rated|
|rule|Species Clause: Limit one of each Pokémon
|rule|Item Clause: Limit 1 of each item
|clearpoke
|poke|p1|Gholdengo, L50|
|poke|p1|Sneasler, L50, M|
|poke|p1|Incineroar, L50, F|
|poke|p1|Amoonguss, L50, M|
|poke|p1|Dragonite, L50, F|
|poke|p1|Ursaluna-Bloodmoon, L50, M|
|poke|p2|Arcanine-Hisui, L50, M|
|poke|p2|Ninetales-Alola, L50, M|
|poke|p2|Gholdengo, L50|
|poke|p2|Sneasler, L50, F|
|poke|p2|Rillaboom, L50, M|
|poke|p2|Dragonite, L50, M|
|teampreview|4
|showteam|p1|Gholdengo||LifeOrb|GoodasGold|MakeItRain,ShadowBall,NastyPlot,Protect||||||50|,,,,,Water]Sneasler||FocusSash|PoisonTouch|ThroatChop,CloseCombat,DireClaw,Protect|||M|||50|,,,,,Stellar]Incineroar||SafetyGoggles|Intimidate|FakeOut,FlareBlitz,KnockOff,PartingShot|||F|||50|,,,,,Ghost]Amoonguss||SitrusBerry|Regenerator|Spore,RagePowder,SludgeBomb,Protect|||M|||50|,,,,,Psychic]Dragonite||LoadedDice|Multiscale|ScaleShot,Haze,Tailwind,Protect|||F|||50|,,,,,Fairy]Ursaluna-Bloodmoon||AssaultVest|MindsEye|HyperVoice,BloodMoon,EarthPower,VacuumWave|||M|||50|,,,,,Normal
|showteam|p2|Arcanine-Hisui||ClearAmulet|Intimidate|FlareBlitz,RockSlide,Protect,ExtremeSpeed|||M|||50|,,,,,Water]Ninetales-Alola||FocusSash|SnowWarning|Blizzard,IcyWind,AuroraVeil,Encore|||M|||50|,,,,,Ghost]Gholdengo||GrassySeed|GoodasGold|MakeItRain,NastyPlot,ShadowBall,Protect||||||50|,,,,,Water]Sneasler||WhiteHerb|Unburden|DireClaw,CloseCombat,Coaching,Protect|||F|||50|,,,,,Ghost]Rillaboom||AssaultVest|GrassySurge|FakeOut,DrumBeating,HighHorsepower,GrassyGlide|||M|||50|,,,,,Fire]Dragonite||LoadedDice|Multiscale|ScaleShot,Protect,StompingTantrum,Tailwind|||M|||50|,,,,,Ground
|inactive|Battle timer is ON: inactive players will automatically lose when time's up. (requested by Bread2468)
|j| teamthief420
|
|t:|1757107274
|teamsize|p1|4
|teamsize|p2|4
|start
|switch|p1a: Ursaluna|Ursaluna-Bloodmoon, L50, M|100/100
|switch|p1b: Dragonite|Dragonite, L50, F|100/100
|switch|p2a: Dragonite|Dragonite, L50, M|100/100
|switch|p2b: Ninetales|Ninetales-Alola, L50, M|100/100
|-weather|Snowscape|[from] ability: Snow Warning|[of] p2b: Ninetales
|turn|1
|
|t:|1757107284
|-terastallize|p1a: Ursaluna|Normal
|move|p1b: Dragonite|Protect|p1b: Dragonite
|-singleturn|p1b: Dragonite|Protect
|move|p2b: Ninetales|Icy Wind|p1a: Ursaluna|[spread] p1a
|-activate|p1b: Dragonite|move: Protect
|-damage|p1a: Ursaluna|88/100
|-unboost|p1a: Ursaluna|spe|1
|move|p2a: Dragonite|Tailwind|p2a: Dragonite
|-sidestart|p2: The median voter|move: Tailwind
|move|p1a: Ursaluna|Hyper Voice|p2b: Ninetales|[spread] p2a,p2b
|-damage|p2a: Dragonite|74/100
|-damage|p2b: Ninetales|44/100
|
|-weather|Snowscape|[upkeep]
|upkeep
|turn|2
|
|t:|1757107300
|switch|p1b: Gholdengo|Gholdengo, L50|100/100
|move|p2b: Ninetales|Blizzard|p1b: Gholdengo|[spread] p1a,p1b
|-resisted|p1b: Gholdengo
|-damage|p1a: Ursaluna|66/100
|-damage|p1b: Gholdengo|83/100
|move|p2a: Dragonite|Scale Shot|p1a: Ursaluna
|-damage|p1a: Ursaluna|55/100
|-damage|p1a: Ursaluna|44/100
|-damage|p1a: Ursaluna|32/100
|-crit|p1a: Ursaluna
|-damage|p1a: Ursaluna|15/100
|-hitcount|p1a: Ursaluna|4
|-unboost|p2a: Dragonite|def|1
|-boost|p2a: Dragonite|spe|1
|move|p1a: Ursaluna|Hyper Voice|p2b: Ninetales|[spread] p2a,p2b
|-crit|p2a: Dragonite
|-crit|p2b: Ninetales
|-damage|p2a: Dragonite|0 fnt
|-damage|p2b: Ninetales|0 fnt
|faint|p2a: Dragonite
|faint|p2b: Ninetales
|
|-weather|Snowscape|[upkeep]
|upkeep
|
|t:|1757107303
|switch|p2b: Sneasler|Sneasler, L50, F|100/100
|switch|p2a: Gholdengo|Gholdengo, L50|100/100
|turn|3
|
|t:|1757107320
|move|p1b: Gholdengo|Protect|p1b: Gholdengo
|-singleturn|p1b: Gholdengo|Protect
|move|p1a: Ursaluna|Vacuum Wave|p2a: Gholdengo
|-supereffective|p2a: Gholdengo
|-damage|p2a: Gholdengo|64/100
|move|p2b: Sneasler|Coaching|p2a: Gholdengo
|-immune|p2a: Gholdengo|[from] ability: Good as Gold
|move|p2a: Gholdengo|Shadow Ball|p1b: Gholdengo
|-activate|p1b: Gholdengo|move: Protect
|
|-weather|Snowscape|[upkeep]
|upkeep
|turn|4
|
|t:|1757107330
|switch|p1b: Incineroar|Incineroar, L50, F, shiny|100/100
|-ability|p1b: Incineroar|Intimidate|boost
|-unboost|p2a: Gholdengo|atk|1
|-unboost|p2b: Sneasler|atk|1
|-enditem|p2b: Sneasler|White Herb
|-clearnegativeboost|p2b: Sneasler|[silent]
|move|p1a: Ursaluna|Vacuum Wave|p2a: Gholdengo
|-supereffective|p2a: Gholdengo
|-damage|p2a: Gholdengo|27/100
|move|p2b: Sneasler|Dire Claw|p1a: Ursaluna
|-damage|p1a: Ursaluna|0 fnt
|faint|p1a: Ursaluna
|move|p2a: Gholdengo|Shadow Ball|p1b: Incineroar
|-resisted|p1b: Incineroar
|-damage|p1b: Incineroar|85/100
|
|-weather|Snowscape|[upkeep]
|-sideend|p2: The median voter|move: Tailwind
|upkeep
|
|t:|1757107336
|switch|p1a: Dragonite|Dragonite, L50, F|100/100
|turn|5
|
|t:|1757107344
|-terastallize|p2b: Sneasler|Ghost
|move|p1b: Incineroar|Fake Out|p2b: Sneasler
|-immune|p2b: Sneasler
|move|p2b: Sneasler|Dire Claw|p1a: Dragonite
|-damage|p1a: Dragonite|77/100
|-status|p1a: Dragonite|slp
|move|p2a: Gholdengo|Nasty Plot|p2a: Gholdengo
|-boost|p2a: Gholdengo|spa|2
|cant|p1a: Dragonite|slp
|
|-weather|none
|upkeep
|turn|6
|
|t:|1757107359
|move|p2b: Sneasler|Close Combat|p1b: Incineroar
|-supereffective|p1b: Incineroar
|-damage|p1b: Incineroar|0 fnt
|-unboost|p2b: Sneasler|def|1
|-unboost|p2b: Sneasler|spd|1
|faint|p1b: Incineroar
|move|p2a: Gholdengo|Make It Rain|p1a: Dragonite
|-damage|p1a: Dragonite|0 fnt
|-unboost|p2a: Gholdengo|spa|1
|faint|p1a: Dragonite
|
|upkeep
|
|t:|1757107363
|switch|p1b: Gholdengo|Gholdengo, L50|83/100
|turn|7
|
|t:|1757107372
|move|p2b: Sneasler|Close Combat|p1b: Gholdengo
|-immune|p1b: Gholdengo
|move|p1b: Gholdengo|Shadow Ball|p2a: Gholdengo
|-supereffective|p2a: Gholdengo
|-damage|p2a: Gholdengo|0 fnt
|faint|p2a: Gholdengo
|-damage|p1b: Gholdengo|74/100|[from] item: Life Orb
|
|upkeep
|turn|8
|
|t:|1757107382
|move|p2b: Sneasler|Close Combat|p1b: Gholdengo
|-immune|p1b: Gholdengo
|move|p1b: Gholdengo|Shadow Ball|p2b: Sneasler
|-supereffective|p2b: Sneasler
|-damage|p2b: Sneasler|0 fnt
|faint|p2b: Sneasler
|-damage|p1b: Gholdengo|64/100|[from] item: Life Orb
|
|win|Bread2468
|raw|Bread2468's rating: 1234 → 1263(+29 for winning)
|raw|The median voter's rating: 1292 → 1263(-29 for losing)
|l| teamthief420
|l|☆Bread2468
|player|p1|
|l|☆The median voter
|player|p2|
|j|☆Bread2468
|player|p1|Bread2468|2|
