|j|☆Terra95
|j|☆Randompanda2
|html|Terra95Randompanda2    
|uhtml|bestof|Game 2 of a best-of-3
|t:|1783697290
|gametype|doubles
|player|p1|Terra95|102|
|player|p2|Randompanda2|giovanni|
|gen|9
|tier|[Gen 9 Champions] VGC 2026 Reg M-B (Bo3)
|rule|Species Clause: Limit one of each Pokémon
|rule|Item Clause: Limit 1 of each item
|clearpoke
|poke|p1|Metagross, L50, shiny|
|poke|p1|Grimmsnarl, L50, M|
|poke|p1|Clefable, L50, F|
|poke|p1|Gourgeist-Super, L50, F|
|poke|p1|Gengar, L50, F|
|poke|p1|Slowbro, L50, F|
|poke|p2|Gardevoir, L50, M|
|poke|p2|Scizor, L50, F|
|poke|p2|Ditto, L50|
|poke|p2|Gyarados, L50, F|
|poke|p2|Umbreon, L50, M|
|poke|p2|Chandelure, L50, F|
|teampreview|4
|showteam|p1|Metagross||Metagrossite|ClearBody|Earthquake,BulletPunch,ZenHeadbutt,ThunderPunch|Adamant|||||50|]Grimmsnarl||LightClay|Prankster|LightScreen,Reflect,SpiritBreak,Taunt|Careful||M|||50|]Clefable||Leftovers|MagicGuard|CosmicPower,StoredPower,Wish,Protect|Bold||F|||50|]Gourgeist-Super||QuickClaw|Frisk|WillOWisp,FoulPlay,Protect,LeechSeed|Impish||F|||50|]Gengar||FocusSash|CursedBody|ShadowBall,SludgeBomb,Thunderbolt,FocusBlast|Timid||F|||50|]Slowbro||SitrusBerry|Regenerator|Flamethrower,Scald,SlackOff,Protect|Bold||F|||50|
|showteam|p2|Gardevoir||Gardevoirite|Synchronize|DrainingKiss,HyperVoice,Psychic,Protect|Timid||M|||50|]Scizor||LifeOrb|Technician|SwordsDance,BulletPunch,BugBite,DualWingbeat|Adamant||F|||50|]Ditto||ChoiceScarf|Imposter|Transform|Bold|||||50|]Gyarados||FocusSash|Intimidate|DragonDance,Earthquake,Waterfall,Outrage|Adamant||F|||50|]Umbreon||Leftovers|Synchronize|FoulPlay,Moonlight,Toxic,Reflect|Calm||M|||50|]Chandelure||ExpertBelt|FlashFire|Flamethrower,Curse,Hex,Trailblaze|Hasty||F|||50|
|j| kazthespaz
|j| Jabby Wabby
|
|t:|1783697302
|teamsize|p1|4
|teamsize|p2|4
|start
|switch|p1a: Grimmsnarl|Grimmsnarl, L50, M|100/100
|switch|p1b: Gourgeist|Gourgeist-Super, L50, F|100/100
|switch|p2a: Scizor|Scizor, L50, F|100/100
|switch|p2b: Gardevoir|Gardevoir, L50, M|100/100
|-item|p2a: Scizor|Life Orb|[from] ability: Frisk|[of] p1b: Gourgeist
|-item|p2b: Gardevoir|Gardevoirite|[from] ability: Frisk|[of] p1b: Gourgeist
|turn|1
|
|t:|1783697325
|detailschange|p2b: Gardevoir|Gardevoir-Mega, L50, M
|-mega|p2b: Gardevoir|Gardevoir|Gardevoirite
|move|p1a: Grimmsnarl|Reflect|p1a: Grimmsnarl
|-sidestart|p1: Terra95|Reflect
|move|p2b: Gardevoir|Hyper Voice|p1a: Grimmsnarl|[spread] p1a,p1b
|-supereffective|p1a: Grimmsnarl|1
|-damage|p1a: Grimmsnarl|18/100
|-damage|p1b: Gourgeist|42/100
|move|p2a: Scizor|Swords Dance|p2a: Scizor
|-boost|p2a: Scizor|atk|2
|move|p1b: Gourgeist|Will-O-Wisp|p2a: Scizor|[miss]
|-miss|p1b: Gourgeist|p2a: Scizor
|
|upkeep
|turn|2
|
|t:|1783697339
|move|p1a: Grimmsnarl|Light Screen|p1a: Grimmsnarl
|-sidestart|p1: Terra95|move: Light Screen
|move|p2b: Gardevoir|Hyper Voice|p1a: Grimmsnarl|[spread] p1a,p1b
|-supereffective|p1a: Grimmsnarl|1
|-damage|p1a: Grimmsnarl|0 fnt
|-damage|p1b: Gourgeist|2/100
|faint|p1a: Grimmsnarl
|move|p2a: Scizor|Swords Dance|p2a: Scizor
|-boost|p2a: Scizor|atk|2
|move|p1b: Gourgeist|Will-O-Wisp|p2a: Scizor
|-status|p2a: Scizor|brn
|
|-damage|p2a: Scizor|93/100 brn|[from] brn
|upkeep
|c| kazthespaz|oof
|
|t:|1783697350
|switch|p1a: Gengar|Gengar, L50, F|100/100
|turn|3
|c| Jabby Wabby|the greed
|j| Renki134
|
|t:|1783697366
|move|p1b: Gourgeist|Protect|p1b: Gourgeist
|-singleturn|p1b: Gourgeist|Protect
|move|p2a: Scizor|Bullet Punch|p1a: Gengar
|-damage|p1a: Gengar|9/100
|-start|p2a: Scizor|Disable|Bullet Punch|[from] ability: Cursed Body|[of] p1a: Gengar
|-damage|p2a: Scizor|84/100 brn|[from] item: Life Orb
|move|p1a: Gengar|Sludge Bomb|p2b: Gardevoir
|-supereffective|p2b: Gardevoir|1
|-damage|p2b: Gardevoir|4/100
|-status|p2b: Gardevoir|psn
|move|p2b: Gardevoir|Psychic|p1a: Gengar
|-supereffective|p1a: Gengar|1
|-damage|p1a: Gengar|0 fnt
|faint|p1a: Gengar
|
|-damage|p2b: Gardevoir|0 fnt|[from] psn
|faint|p2b: Gardevoir
|-damage|p2a: Scizor|77/100 brn|[from] brn
|upkeep
|c| kazthespaz|full trust
|c| kazthespaz|omg it livesss
|
|t:|1783697387
|switch|p1a: Metagross|Metagross, L50, shiny|100/100
|switch|p2b: Chandelure|Chandelure, L50, F|100/100
|turn|4
|c| kazthespaz|here comes the clef
|c| kazthespaz|oof the matchup
|
|t:|1783697404
|detailschange|p1a: Metagross|Metagross-Mega, L50, shiny
|-mega|p1a: Metagross|Metagross|Metagrossite
|move|p1b: Gourgeist|Protect|p1b: Gourgeist
|-singleturn|p1b: Gourgeist|Protect
|move|p2b: Chandelure|Flamethrower|p1a: Metagross
|-supereffective|p1a: Metagross|1
|-damage|p1a: Metagross|26/100
|move|p1a: Metagross|Zen Headbutt|p2b: Chandelure
|-crit|p2b: Chandelure
|-damage|p2b: Chandelure|0 fnt
|faint|p2b: Chandelure
|move|p2a: Scizor|Bug Bite|p1a: Metagross
|-damage|p1a: Metagross|0 fnt
|faint|p1a: Metagross
|-damage|p2a: Scizor|68/100 brn|[from] item: Life Orb
|
|-damage|p2a: Scizor|62/100 brn|[from] brn
|upkeep
|
|t:|1783697423
|switch|p2b: Ditto|Ditto, L50|100/100
|turn|5
|c| Jabby Wabby|oh snap
|
|t:|1783697439
|move|p2b: Ditto|Transform|p1b: Gourgeist
|-transform|p2b: Ditto|p1b: Gourgeist
|-item|p1b: Gourgeist|Quick Claw|[from] ability: Frisk|[of] p2b: Ditto
|move|p2a: Scizor|Dual Wingbeat|p1b: Gourgeist
|-supereffective|p1b: Gourgeist|1
|-damage|p1b: Gourgeist|0 fnt
|faint|p1b: Gourgeist
|-hitcount|p1: Gourgeist|1
|-damage|p2a: Scizor|52/100 brn|[from] item: Life Orb
|
|win|Randompanda2
|c| kazthespaz|wp wp
|c| Jabby Wabby|and just like that
|c| kazthespaz|ggssss
|c| Jabby Wabby|there you have it
|l| Renki134
