|j|☆nemadevil
|j|☆notdoodenberg
|html|nemadevilnotdoodenberg    
|uhtml|bestof|Game 2 of a best-of-3
|t:|1784739761
|gametype|doubles
|player|p1|nemadevil|1|1210
|player|p2|notdoodenberg|265|1201
|gen|9
|tier|[Gen 9 Champions] VGC 2026 Reg M-B (Bo3)
|rated|
|rule|Species Clause: Limit one of each Pokémon
|rule|Item Clause: Limit 1 of each item
|clearpoke
|poke|p1|Swampert, L50, F|
|poke|p1|Pelipper, L50, F, shiny|
|poke|p1|Aerodactyl, L50, F|
|poke|p1|Archaludon, L50, M|
|poke|p1|Tsareena, L50, F, shiny|
|poke|p1|Incineroar, L50, F|
|poke|p2|Tyranitar, L50, F|
|poke|p2|Excadrill, L50, M|
|poke|p2|Milotic, L50, F|
|poke|p2|Sinistcha, L50|
|poke|p2|Staraptor, L50, M|
|poke|p2|Gholdengo, L50|
|teampreview|4
|showteam|p1|Swampert||Swampertite|Torrent|WaveCrash,IcePunch,Protect,Earthquake|Adamant||F|||50|]Pelipper||FocusSash|Drizzle|WeatherBall,Hurricane,Protect,Tailwind|Modest||F|||50|]Aerodactyl||Aerodactylite|Unnerve|DualWingbeat,RockSlide,Protect,Tailwind|Jolly||F|||50|]Archaludon||ChoiceScarf|Sturdy|ElectroShot,DracoMeteor,DragonPulse,FlashCannon|Timid||M|||50|]Tsareena||KebiaBerry|QueenlyMajesty|TropKick,KnockOff,Protect,Taunt|Adamant||F|||50|]Incineroar||SitrusBerry|Intimidate|FakeOut,DarkestLariat,Taunt,PartingShot|Careful||F|||50|
|showteam|p2|Tyranitar||Tyranitarite|SandStream|KnockOff,RockSlide,DragonDance,Protect|Jolly||F|||50|]Excadrill||FocusSash|SandRush|Earthquake,IronHead,RockSlide,Protect|Adamant||M|||50|]Milotic||SitrusBerry|Competitive|Scald,IcyWind,Haze,Protect|Calm||F|||50|]Sinistcha||ColburBerry|Hospitality|MatchaGotcha,ShadowBall,Protect,RagePowder|Bold|||||50|]Staraptor||Staraptite|Intimidate|CloseCombat,BraveBird,Tailwind,Protect|Jolly||M|||50|]Gholdengo||LifeOrb|GoodasGold|MakeItRain,ShadowBall,NastyPlot,Protect|Modest|||||50|
|
|t:|1784739824
|teamsize|p1|4
|teamsize|p2|4
|start
|switch|p1a: Incineroar|Incineroar, L50, F|100/100
|switch|p1b: Swampert|Swampert, L50, F|100/100
|switch|p2a: Sinistcha|Sinistcha, L50|100/100
|switch|p2b: Gholdengo|Gholdengo, L50|100/100
|-ability|p1a: Incineroar|Intimidate|boost
|-unboost|p2a: Sinistcha|atk|1
|-unboost|p2b: Gholdengo|atk|1
|turn|1
|inactive|Battle timer is ON: inactive players will automatically lose when time's up. (requested by nemadevil)
|
|t:|1784739843
|detailschange|p1b: Swampert|Swampert-Mega, L50, F
|-mega|p1b: Swampert|Swampert|Swampertite
|move|p1b: Swampert|Protect|p1b: Swampert
|-singleturn|p1b: Swampert|Protect
|move|p2b: Gholdengo|Nasty Plot|p2b: Gholdengo
|-boost|p2b: Gholdengo|spa|2
|move|p1a: Incineroar|Parting Shot|p2a: Sinistcha
|-unboost|p2a: Sinistcha|atk|1
|-unboost|p2a: Sinistcha|spa|1
|
|t:|1784739852
|switch|p1a: Pelipper|Pelipper, L50, F, shiny|100/100|[from] Parting Shot
|-weather|RainDance|[from] ability: Drizzle|[of] p1a: Pelipper
|move|p2a: Sinistcha|Matcha Gotcha|p1a: Pelipper|[spread] p1a
|-activate|p1b: Swampert|move: Protect
|-damage|p1a: Pelipper|73/100
|
|-weather|RainDance|[upkeep]
|upkeep
|turn|2
|
|t:|1784739868
|switch|p2a: Tyranitar|Tyranitar, L50, F|100/100
|-weather|Sandstorm|[from] ability: Sand Stream|[of] p2a: Tyranitar
|move|p1b: Swampert|Earthquake|p2b: Gholdengo|[spread] p2a,p2b
|-immune|p1a: Pelipper
|-supereffective|p2a: Tyranitar|1
|-supereffective|p2b: Gholdengo|1
|-damage|p2a: Tyranitar|25/100
|-damage|p2b: Gholdengo|23/100
|move|p1a: Pelipper|Hurricane|p2a: Tyranitar|[miss]
|-miss|p1a: Pelipper|p2a: Tyranitar
|move|p2b: Gholdengo|Shadow Ball|p1a: Pelipper
|-damage|p1a: Pelipper|0 fnt
|faint|p1a: Pelipper
|-damage|p2b: Gholdengo|14/100|[from] item: Life Orb
|
|-weather|Sandstorm|[upkeep]
|upkeep
|
|t:|1784739885
|switch|p1a: Archaludon|Archaludon, L50, M|100/100
|turn|3
|inactive|nemadevil has 30 seconds left.
|inactive|nemadevil has 20 seconds left.
|inactive|nemadevil has 15 seconds left.
|inactive|nemadevil has 10 seconds left.
|
|t:|1784739931
|switch|p2a: Sinistcha|Sinistcha, L50|100/100
|-heal|p2b: Gholdengo|39/100|[from] ability: Hospitality|[of] p2a: Sinistcha
|move|p2b: Gholdengo|Protect|p2b: Gholdengo
|-singleturn|p2b: Gholdengo|Protect
|move|p1a: Archaludon|Dragon Pulse|p2a: Sinistcha
|-damage|p2a: Sinistcha|54/100
|move|p1b: Swampert|Wave Crash|p2b: Gholdengo
|-activate|p2b: Gholdengo|move: Protect
|
|-weather|Sandstorm|[upkeep]
|-damage|p2a: Sinistcha|49/100|[from] Sandstorm
|upkeep
|turn|4
|inactive|notdoodenberg has 30 seconds left.
|
|t:|1784739958
|switch|p2a: Tyranitar|Tyranitar, L50, F|25/100
|move|p1b: Swampert|Protect|p1b: Swampert
|-singleturn|p1b: Swampert|Protect
|move|p1a: Archaludon|Dragon Pulse|p2a: Tyranitar
|-crit|p2a: Tyranitar
|-damage|p2a: Tyranitar|0 fnt
|faint|p2a: Tyranitar
|move|p2b: Gholdengo|Shadow Ball|p1b: Swampert
|-activate|p1b: Swampert|move: Protect
|
|-weather|Sandstorm|[upkeep]
|upkeep
|
|t:|1784739963
|switch|p2a: Sinistcha|Sinistcha, L50|49/100
|-heal|p2b: Gholdengo|64/100|[from] ability: Hospitality|[of] p2a: Sinistcha
|turn|5
|
|t:|1784739974
|move|p1a: Archaludon|Dragon Pulse|p2a: Sinistcha
|-damage|p2a: Sinistcha|2/100
|move|p1b: Swampert|Earthquake|p2a: Sinistcha|[spread] p1a,p2a,p2b
|-supereffective|p1a: Archaludon|1
|-resisted|p2a: Sinistcha|1
|-supereffective|p2b: Gholdengo|1
|-damage|p1a: Archaludon|16/100
|-damage|p2a: Sinistcha|0 fnt
|-damage|p2b: Gholdengo|0 fnt
|faint|p2a: Sinistcha
|faint|p2b: Gholdengo
|
|-weather|Sandstorm|[upkeep]
|upkeep
|
|t:|1784739981
|switch|p2b: Staraptor|Staraptor, L50, M|100/100
|-ability|p2b: Staraptor|Intimidate|boost
|-unboost|p1a: Archaludon|atk|1
|-unboost|p1b: Swampert|atk|1
|turn|6
|inactive|nemadevil has 30 seconds left.
|
|t:|1784740008
|switch|p1a: Incineroar|Incineroar, L50, F|100/100
|-ability|p1a: Incineroar|Intimidate|boost
|-unboost|p2b: Staraptor|atk|1
|detailschange|p2b: Staraptor|Staraptor-Mega, L50, M
|-mega|p2b: Staraptor|Staraptor|Staraptite
|move|p2b: Staraptor|Close Combat|p1b: Swampert
|-damage|p1b: Swampert|65/100
|-boost|p2b: Staraptor|def|1
|-boost|p2b: Staraptor|spd|1
|move|p1b: Swampert|Wave Crash|p2b: Staraptor
|-damage|p2b: Staraptor|69/100
|-damage|p1b: Swampert|55/100|[from] Recoil
|
|-weather|none
|upkeep
|turn|7
|
|t:|1784740025
|move|p2b: Staraptor|Protect|p2b: Staraptor
|-singleturn|p2b: Staraptor|Protect
|move|p1a: Incineroar|Fake Out|p2b: Staraptor
|-activate|p2b: Staraptor|move: Protect
|move|p1b: Swampert|Wave Crash|p2b: Staraptor
|-activate|p2b: Staraptor|move: Protect
|
|upkeep
|turn|8
|
|t:|1784740041
|move|p2b: Staraptor|Close Combat|p1b: Swampert
|-damage|p1b: Swampert|24/100
|-boost|p2b: Staraptor|def|1
|-boost|p2b: Staraptor|spd|1
|move|p1b: Swampert|Wave Crash|p2b: Staraptor
|-damage|p2b: Staraptor|46/100
|-damage|p1b: Swampert|16/100|[from] Recoil
|move|p1a: Incineroar|Taunt|p2b: Staraptor
|-start|p2b: Staraptor|move: Taunt
|
|upkeep
|turn|9
|
|t:|1784740054
|move|p2b: Staraptor|Close Combat|p1a: Incineroar
|-supereffective|p1a: Incineroar|1
|-damage|p1a: Incineroar|38/100
|-boost|p2b: Staraptor|def|1
|-boost|p2b: Staraptor|spd|1
|-enditem|p1a: Incineroar|Sitrus Berry|[eat]
|-heal|p1a: Incineroar|63/100|[from] item: Sitrus Berry
|move|p1b: Swampert|Wave Crash|p2b: Staraptor
|-damage|p2b: Staraptor|26/100
|-damage|p1b: Swampert|9/100|[from] Recoil
|move|p1a: Incineroar|Darkest Lariat|p2b: Staraptor
|-resisted|p2b: Staraptor|1
|-damage|p2b: Staraptor|10/100
|
|upkeep
|turn|10
|
|t:|1784740068
|move|p2b: Staraptor|Close Combat|p1a: Incineroar
|-supereffective|p1a: Incineroar|1
|-damage|p1a: Incineroar|0 fnt
|-boost|p2b: Staraptor|def|1
|-boost|p2b: Staraptor|spd|1
|faint|p1a: Incineroar
|move|p1b: Swampert|Wave Crash|p2b: Staraptor
|-damage|p2b: Staraptor|0 fnt
|faint|p2b: Staraptor
|-damage|p1b: Swampert|6/100|[from] Recoil
|
|win|nemadevil
|raw|nemadevil's rating: 1210 → 1234(+24 for winning)
|raw|notdoodenberg's rating: 1201 → 1177(-24 for losing)
