|j|☆VGCambroz
|j|☆Giocostorto
|html|VGCambrozGiocostorto    
|uhtml|bestof|Game 3 of a best-of-3
|t:|1756456640
|gametype|doubles
|player|p1|VGCambroz|alder|1258
|player|p2|Giocostorto|palmer|1152
|gen|9
|tier|[Gen 9] VGC 2025 Reg H (Bo3)
|rated|
|rule|Species Clause: Limit one of each Pokémon
|rule|Item Clause: Limit 1 of each item
|clearpoke
|poke|p1|Annihilape, L50, F|
|poke|p1|Gholdengo, L50|
|poke|p1|Ursaluna-Bloodmoon, L50, M|
|poke|p1|Dragonite, L50, F|
|poke|p1|Maushold-Four, L50|
|poke|p1|Grimmsnarl, L50, M|
|poke|p2|Oricorio-Pom-Pom, L50, F|
|poke|p2|Volcarona, L50, F|
|poke|p2|Maushold, L50|
|poke|p2|Annihilape, L50, F|
|poke|p2|Basculegion, L50, M|
|poke|p2|Farigiraf, L50, F|
|teampreview|4
|showteam|p1|Annihilape||Leftovers|Defiant|BulkUp,Protect,DrainPunch,RageFist|||F|||50|,,,,,Water]Gholdengo||MetalCoat|GoodasGold|NastyPlot,Protect,MakeItRain,ShadowBall||||||50|,,,,,Dragon]Ursaluna-Bloodmoon||AssaultVest|MindsEye|BloodMoon,HyperVoice,EarthPower,VacuumWave|||M|||50|,,,,,Ghost]Dragonite||LoadedDice|Multiscale|ScaleShot,StompingTantrum,Haze,Protect|||F|||50|,,,,,Fairy]Maushold-Four||SafetyGoggles|FriendGuard|FollowMe,BeatUp,Taunt,Protect||||||50|,,,,,Ghost]Grimmsnarl||CovertCloak|Prankster|Reflect,LightScreen,SpiritBreak,ThunderWave|||M|||50|,,,,,Steel
|showteam|p2|Oricorio-Pom-Pom||FocusSash|Dancer|Hurricane,RevelationDance,Tailwind,Protect|||F|||50|,,,,,Ghost]Volcarona||CovertCloak|FlameBody|FieryDance,TeraBlast,QuiverDance,Protect|||F|||50|,,,,,Fairy]Maushold||SafetyGoggles|FriendGuard|BeatUp,Taunt,FollowMe,Protect||||||50|,,,,,Ghost]Annihilape||SitrusBerry|Defiant|Protect,BulkUp,DrainPunch,RageFist|||F|||50|,,,,,Fire]Basculegion||ChoiceScarf|Adaptability|WaveCrash,LastRespects,FlipTurn,AquaJet|||M|||50|,,,,,Water]Farigiraf||ThroatSpray|ArmorTail|Psychic,HyperVoice,TrickRoom,Imprison|||F|||50|,,,,,Fairy
|inactive|Battle timer is ON: inactive players will automatically lose when time's up. (requested by Giocostorto)
|inactive|VGCambroz has 60 seconds left.
|
|t:|1756456684
|teamsize|p1|4
|teamsize|p2|4
|start
|switch|p1a: Dragonite|Dragonite, L50, F|100/100
|switch|p1b: Maushold|Maushold-Four, L50|100/100
|switch|p2a: Oricorio|Oricorio-Pom-Pom, L50, F|100/100
|switch|p2b: Volcarona|Volcarona, L50, F|100/100
|turn|1
|
|t:|1756456707
|-terastallize|p2b: Volcarona|Fairy
|move|p2a: Oricorio|Protect|p2a: Oricorio
|-singleturn|p2a: Oricorio|Protect
|move|p1b: Maushold|Taunt|p2b: Volcarona
|-start|p2b: Volcarona|move: Taunt
|move|p2b: Volcarona|Fiery Dance|p1b: Maushold
|-damage|p1b: Maushold|47/100
|-activate|p2a: Oricorio|ability: Dancer
|move|p2a: Oricorio|Fiery Dance|p1b: Maushold|[from] ability: Dancer
|-damage|p1b: Maushold|17/100
|move|p1a: Dragonite|Scale Shot|p2a: Oricorio
|-activate|p2a: Oricorio|move: Protect
|
|upkeep
|turn|2
|inactive|VGCambroz has 30 seconds left.
|inactive|Giocostorto has 30 seconds left.
|inactive|VGCambroz has 20 seconds left.
|inactive|Giocostorto has 20 seconds left.
|inactive|VGCambroz has 15 seconds left.
|inactive|Giocostorto has 15 seconds left.
|inactive|VGCambroz has 10 seconds left.
|inactive|VGCambroz has 5 seconds left.
|
|t:|1756456762
|move|p1b: Maushold|Follow Me|p1b: Maushold
|-singleturn|p1b: Maushold|move: Follow Me
|move|p2b: Volcarona|Fiery Dance|p1b: Maushold
|-damage|p1b: Maushold|0 fnt
|-boost|p2b: Volcarona|spa|1
|faint|p1b: Maushold
|-activate|p2a: Oricorio|ability: Dancer
|move|p2a: Oricorio|Fiery Dance|p1a: Dragonite|[from] ability: Dancer
|-resisted|p1a: Dragonite
|-damage|p1a: Dragonite|95/100
|move|p2a: Oricorio|Hurricane|p1a: Dragonite
|-damage|p1a: Dragonite|44/100
|move|p1a: Dragonite|Scale Shot|p2b: Volcarona
|-immune|p2b: Volcarona
|
|upkeep
|
|t:|1756456776
|switch|p1b: Ursaluna|Ursaluna-Bloodmoon, L50, M|100/100
|turn|3
|
|t:|1756456789
|move|p1a: Dragonite|Protect|p1a: Dragonite
|-singleturn|p1a: Dragonite|Protect
|move|p2b: Volcarona|Fiery Dance|p1b: Ursaluna
|-damage|p1b: Ursaluna|61/100
|-boost|p2b: Volcarona|spa|1
|-activate|p2a: Oricorio|ability: Dancer
|move|p2a: Oricorio|Fiery Dance|p1b: Ursaluna|[from] ability: Dancer
|-damage|p1b: Ursaluna|47/100
|move|p2a: Oricorio|Revelation Dance|p1a: Dragonite
|-activate|p1a: Dragonite|move: Protect
|move|p1b: Ursaluna|Blood Moon|p2a: Oricorio
|-enditem|p2a: Oricorio|Focus Sash
|-damage|p2a: Oricorio|1/100
|
|-end|p2b: Volcarona|move: Taunt
|upkeep
|turn|4
|inactive|Giocostorto has 30 seconds left.
|
|t:|1756456820
|move|p1b: Ursaluna|Vacuum Wave|p2a: Oricorio
|-resisted|p2a: Oricorio
|-crit|p2a: Oricorio
|-damage|p2a: Oricorio|0 fnt
|faint|p2a: Oricorio
|move|p2b: Volcarona|Fiery Dance|p1b: Ursaluna
|-damage|p1b: Ursaluna|0 fnt
|-boost|p2b: Volcarona|spa|1
|faint|p1b: Ursaluna
|move|p1a: Dragonite|Haze|p1a: Dragonite
|-clearallboost
|
|upkeep
|
|t:|1756456836
|switch|p2a: Annihilape|Annihilape, L50, F|100/100
|switch|p1b: Annihilape|Annihilape, L50, F|100/100
|turn|5
|
|t:|1756456850
|-terastallize|p1b: Annihilape|Water
|move|p2b: Volcarona|Protect|p2b: Volcarona
|-singleturn|p2b: Volcarona|Protect
|move|p1a: Dragonite|Protect|p1a: Dragonite
|-singleturn|p1a: Dragonite|Protect
|move|p2a: Annihilape|Bulk Up|p2a: Annihilape
|-boost|p2a: Annihilape|atk|1
|-boost|p2a: Annihilape|def|1
|move|p1b: Annihilape|Bulk Up|p1b: Annihilape
|-boost|p1b: Annihilape|atk|1
|-boost|p1b: Annihilape|def|1
|
|upkeep
|turn|6
|
|t:|1756456871
|move|p2b: Volcarona|Tera Blast|p1a: Dragonite|[anim] Tera Blast Fairy
|-supereffective|p1a: Dragonite
|-damage|p1a: Dragonite|0 fnt
|faint|p1a: Dragonite
|move|p1b: Annihilape|Rage Fist|p2b: Volcarona
|-damage|p2b: Volcarona|56/100
|move|p2a: Annihilape|Bulk Up|p2a: Annihilape
|-boost|p2a: Annihilape|atk|1
|-boost|p2a: Annihilape|def|1
|
|upkeep
|turn|7
|
|t:|1756456887
|move|p2b: Volcarona|Quiver Dance|p2b: Volcarona
|-boost|p2b: Volcarona|spa|1
|-boost|p2b: Volcarona|spd|1
|-boost|p2b: Volcarona|spe|1
|move|p1b: Annihilape|Rage Fist|p2a: Annihilape
|-supereffective|p2a: Annihilape
|-damage|p2a: Annihilape|67/100
|move|p2a: Annihilape|Bulk Up|p2a: Annihilape
|-boost|p2a: Annihilape|atk|1
|-boost|p2a: Annihilape|def|1
|
|upkeep
|turn|8
|-message|VGCambroz forfeited.
|
|win|Giocostorto
|raw|VGCambroz's rating: 1258 → 1226(-32 for losing)
|raw|Giocostorto's rating: 1152 → 1184(+32 for winning)
