|j|☆GWMicroK
|j|☆Joriot
|html|GWMicroKJoriot    
|uhtml|bestof|Game 2 of a best-of-3
|t:|1783619263
|gametype|doubles
|player|p1|GWMicroK|169|1075
|player|p2|Joriot|falkner|1099
|gen|9
|tier|[Gen 9 Champions] VGC 2026 Reg M-B (Bo3)
|rated|
|rule|Species Clause: Limit one of each Pokémon
|rule|Item Clause: Limit 1 of each item
|clearpoke
|poke|p1|Ditto, L50, shiny|
|poke|p1|Sinistcha-Masterpiece, L50, shiny|
|poke|p1|Pelipper, L50, F|
|poke|p1|Swampert, L50, M|
|poke|p1|Tyranitar, L50, F|
|poke|p1|Archaludon, L50, F|
|poke|p2|Swampert, L50, F|
|poke|p2|Pelipper, L50, F|
|poke|p2|Grimmsnarl, L50, M|
|poke|p2|Gholdengo, L50|
|poke|p2|Archaludon, L50, F|
|poke|p2|Sinistcha, L50|
|teampreview|4
|showteam|p1|Ditto||QuickClaw|Imposter|Transform|Relaxed|||||50|]Sinistcha-Masterpiece||SitrusBerry|Hospitality|MatchaGotcha,TrickRoom,LifeDew,RagePowder|Bold|||||50|]Pelipper||FocusSash|Drizzle|WeatherBall,Hurricane,WideGuard,Tailwind|Timid||F|||50|]Swampert||Swampertite|Damp|WaveCrash,Earthquake,IcePunch,Protect|Adamant||M|||50|]Tyranitar||Tyranitarite|SandStream|KnockOff,RockSlide,DragonDance,Protect|Adamant||F|||50|]Archaludon||Leftovers|Stamina|DragonPulse,FlashCannon,ElectroShot,Protect|Modest||F|||50|
|showteam|p2|Swampert||Swampertite|Damp|WaveCrash,HighHorsepower,IcePunch,Protect|Adamant||F|||50|]Pelipper||FocusSash|Drizzle|WeatherBall,Hurricane,Tailwind,WideGuard|Timid||F|||50|]Grimmsnarl||LightClay|Prankster|LightScreen,Reflect,FakeOut,PartingShot|Impish||M|||50|]Gholdengo||LifeOrb|GoodasGold|MakeItRain,ShadowBall,Protect,NastyPlot|Timid|||||50|]Archaludon||Leftovers|Stamina|ElectroShot,DragonPulse,AuraSphere,Protect|Modest||F|||50|]Sinistcha||CobaBerry|Hospitality|MatchaGotcha,RagePowder,LifeDew,Protect|Bold|||||50|
|inactive|Battle timer is ON: inactive players will automatically lose when time's up. (requested by GWMicroK)
|inactive|Joriot has 60 seconds left.
|
|t:|1783619321
|teamsize|p1|4
|teamsize|p2|4
|start
|switch|p1a: Archaludon|Archaludon, L50, F|100/100
|switch|p1b: Ditto|Ditto, L50, shiny|100/100
|switch|p2a: Grimmsnarl|Grimmsnarl, L50, M|100/100
|switch|p2b: Swampert|Swampert, L50, F|100/100
|-transform|p1b: Ditto|p2a: Grimmsnarl|[from] ability: Imposter
|turn|1
|inactive|Joriot has 30 seconds left.
|-activate|p1b: Ditto|item: Quick Claw
|
|t:|1783619347
|detailschange|p2b: Swampert|Swampert-Mega, L50, F
|-mega|p2b: Swampert|Swampert|Swampertite
|move|p1a: Archaludon|Protect|p1a: Archaludon
|-singleturn|p1a: Archaludon|Protect
|move|p1b: Ditto|Reflect|p1b: Ditto
|-sidestart|p1: GWMicroK|Reflect
|move|p2a: Grimmsnarl|Light Screen|p2a: Grimmsnarl
|-sidestart|p2: Joriot|move: Light Screen
|move|p2b: Swampert|High Horsepower|p1a: Archaludon
|-activate|p1a: Archaludon|move: Protect
|
|upkeep
|turn|2
|
|t:|1783619368
|switch|p1a: Sinistcha|Sinistcha-Masterpiece, L50, shiny|100/100
|move|p2a: Grimmsnarl|Parting Shot|p1a: Sinistcha
|-unboost|p1a: Sinistcha|atk|1
|-unboost|p1a: Sinistcha|spa|1
|
|t:|1783619373
|switch|p2a: Pelipper|Pelipper, L50, F|100/100|[from] Parting Shot
|-weather|RainDance|[from] ability: Drizzle|[of] p2a: Pelipper
|move|p1b: Ditto|Light Screen|p1b: Ditto
|-sidestart|p1: GWMicroK|move: Light Screen
|move|p2b: Swampert|Wave Crash|p1b: Ditto
|-damage|p1b: Ditto|0 fnt
|faint|p1b: Ditto
|-damage|p2b: Swampert|72/100|[from] Recoil
|
|-weather|RainDance|[upkeep]
|upkeep
|
|t:|1783619389
|switch|p1b: Archaludon|Archaludon, L50, F|100/100
|turn|3
|
|t:|1783619408
|move|p2a: Pelipper|Wide Guard|p2a: Pelipper
|-singleturn|p2a: Pelipper|Wide Guard
|move|p2b: Swampert|Ice Punch|p1a: Sinistcha
|-supereffective|p1a: Sinistcha|1
|-damage|p1a: Sinistcha|64/100
|move|p1b: Archaludon|Electro Shot||[still]
|-prepare|p1b: Archaludon|Electro Shot
|-boost|p1b: Archaludon|spa|1
|-anim|p1b: Archaludon|Electro Shot|p2a: Pelipper
|-supereffective|p2a: Pelipper|2
|-enditem|p2a: Pelipper|Focus Sash
|-damage|p2a: Pelipper|1/100
|move|p1a: Sinistcha|Life Dew||[still]|[spread] p1a,p1b
|-heal|p1a: Sinistcha|89/100
|-fail|p1b: Archaludon|heal
|
|-weather|RainDance|[upkeep]
|upkeep
|turn|4
|
|t:|1783619428
|move|p2b: Swampert|Ice Punch|p1a: Sinistcha
|-supereffective|p1a: Sinistcha|1
|-damage|p1a: Sinistcha|54/100
|move|p2a: Pelipper|Hurricane|p1a: Sinistcha
|-supereffective|p1a: Sinistcha|1
|-damage|p1a: Sinistcha|0 fnt
|faint|p1a: Sinistcha
|move|p1b: Archaludon|Electro Shot||[still]
|-prepare|p1b: Archaludon|Electro Shot
|-boost|p1b: Archaludon|spa|1
|-anim|p1b: Archaludon|Electro Shot|p2a: Pelipper
|-supereffective|p2a: Pelipper|2
|-damage|p2a: Pelipper|0 fnt
|faint|p2a: Pelipper
|
|-weather|RainDance|[upkeep]
|upkeep
|
|t:|1783619444
|switch|p2a: Grimmsnarl|Grimmsnarl, L50, M|100/100
|switch|p1a: Swampert|Swampert, L50, M|100/100
|turn|5
|
|t:|1783619468
|detailschange|p1a: Swampert|Swampert-Mega, L50, M
|-mega|p1a: Swampert|Swampert|Swampertite
|move|p2a: Grimmsnarl|Fake Out|p1a: Swampert
|-damage|p1a: Swampert|93/100
|cant|p1a: Swampert|flinch
|move|p2b: Swampert|Wave Crash|p1a: Swampert
|-damage|p1a: Swampert|14/100
|-damage|p2b: Swampert|48/100|[from] Recoil
|move|p1b: Archaludon|Dragon Pulse|p2b: Swampert
|-damage|p2b: Swampert|0 fnt
|faint|p2b: Swampert
|
|-weather|RainDance|[upkeep]
|-sideend|p1: GWMicroK|Reflect
|upkeep
|
|t:|1783619475
|switch|p2b: Archaludon|Archaludon, L50, F|100/100
|turn|6
|inactive|Joriot has 30 seconds left.
|inactive|Joriot has 20 seconds left.
|inactive|Joriot has 15 seconds left.
|inactive|Joriot has 10 seconds left.
|
|t:|1783619522
|move|p2a: Grimmsnarl|Reflect|p2a: Grimmsnarl
|-sidestart|p2: Joriot|Reflect
|move|p1a: Swampert|Wave Crash|p2a: Grimmsnarl
|-damage|p2a: Grimmsnarl|24/100
|-damage|p1a: Swampert|0 fnt|[from] Recoil
|faint|p1a: Swampert
|move|p1b: Archaludon|Dragon Pulse|p2b: Archaludon
|-damage|p2b: Archaludon|50/100g
|-ability|p2b: Archaludon|Stamina|boost
|-boost|p2b: Archaludon|def|1
|move|p2b: Archaludon|Dragon Pulse|p1b: Archaludon
|-damage|p1b: Archaludon|68/100
|-ability|p1b: Archaludon|Stamina|boost
|-boost|p1b: Archaludon|def|1
|
|-weather|none
|-heal|p1b: Archaludon|74/100|[from] item: Leftovers
|-heal|p2b: Archaludon|56/100|[from] item: Leftovers
|-sideend|p1: GWMicroK|move: Light Screen
|upkeep
|turn|7
|
|t:|1783619543
|move|p2a: Grimmsnarl|Parting Shot|p1b: Archaludon
|-unboost|p1b: Archaludon|atk|1
|-unboost|p1b: Archaludon|spa|1
|move|p1b: Archaludon|Dragon Pulse|p2b: Archaludon
|-damage|p2b: Archaludon|18/100
|-ability|p2b: Archaludon|Stamina|boost
|-boost|p2b: Archaludon|def|1
|move|p2b: Archaludon|Aura Sphere|p1b: Archaludon
|-supereffective|p1b: Archaludon|1
|-damage|p1b: Archaludon|13/100
|-ability|p1b: Archaludon|Stamina|boost
|-boost|p1b: Archaludon|def|1
|
|-heal|p1b: Archaludon|20/100y|[from] item: Leftovers
|-heal|p2b: Archaludon|24/100|[from] item: Leftovers
|upkeep
|turn|8
|
|t:|1783619559
|move|p2b: Archaludon|Protect|p2b: Archaludon
|-singleturn|p2b: Archaludon|Protect
|move|p2a: Grimmsnarl|Parting Shot|p1b: Archaludon
|-unboost|p1b: Archaludon|atk|1
|-unboost|p1b: Archaludon|spa|1
|move|p1b: Archaludon|Dragon Pulse|p2b: Archaludon
|-activate|p2b: Archaludon|move: Protect
|
|-heal|p1b: Archaludon|26/100|[from] item: Leftovers
|-heal|p2b: Archaludon|30/100|[from] item: Leftovers
|-sideend|p2: Joriot|move: Light Screen
|upkeep
|turn|9
|
|t:|1783619583
|move|p2a: Grimmsnarl|Light Screen|p2a: Grimmsnarl
|-sidestart|p2: Joriot|move: Light Screen
|move|p1b: Archaludon|Dragon Pulse|p2b: Archaludon
|-damage|p2b: Archaludon|4/100
|-ability|p2b: Archaludon|Stamina|boost
|-boost|p2b: Archaludon|def|1
|move|p2b: Archaludon|Aura Sphere|p1b: Archaludon
|-supereffective|p1b: Archaludon|1
|-damage|p1b: Archaludon|0 fnt
|faint|p1b: Archaludon
|
|win|Joriot
|raw|GWMicroK's rating: 1075 → 1055(-20 for losing)
|raw|Joriot's rating: 1099 → 1122(+23 for winning)
|l|☆GWMicroK
|player|p1|
