|j|☆ben harpic
|j|☆SupernovaSZ8
|html|ben harpicSupernovaSZ8    
|uhtml|bestof|Game 1 of a best-of-3
|t:|1757785391
|gametype|doubles
|player|p1|ben harpic|170|1168
|player|p2|SupernovaSZ8|nessa|1239
|gen|9
|tier|[Gen 9] VGC 2025 Reg H (Bo3)
|rated|
|rule|Species Clause: Limit one of each Pokémon
|rule|Item Clause: Limit 1 of each item
|clearpoke
|poke|p1|Archaludon, L50, M|
|poke|p1|Dragapult, L50, M|
|poke|p1|Rillaboom, L50, M|
|poke|p1|Annihilape, L50, F|
|poke|p1|Maushold-Four, L50|
|poke|p1|Weezing, L50, F|
|poke|p2|Indeedee, L50, M|
|poke|p2|Sneasler, L50, F|
|poke|p2|Excadrill, L50, M|
|poke|p2|Magmar, L50, F|
|poke|p2|Corviknight, L50, M|
|poke|p2|Tyranitar, L50, M|
|teampreview|4
|showteam|p1|Archaludon||CovertCloak|Stalwart|DragonTail,Protect,Roar,StealthRock|||M|||50|,,,,,Dragon]Dragapult||LightClay|ClearBody|DragonDarts,Reflect,LightScreen,ThunderWave|||M|||50|,,,,,Steel]Rillaboom||MiracleSeed|GrassySurge|WoodHammer,FakeOut,WorrySeed,GrassyGlide|||M|||50|,,,,,Grass]Annihilape||Leftovers|Defiant|RageFist,Protect,BulkUp,DrainPunch|||F|||50|,,,,,Normal]Maushold-Four||WideLens|FriendGuard|PopulationBomb,Protect,FollowMe,ThunderWave||||||50|,,,,,Ghost]Weezing||WikiBerry|NeutralizingGas|SludgeBomb,Protect,Taunt,WillOWisp|||F|||50|,,,,,Ghost
|showteam|p2|Indeedee||ChoiceScarf|PsychicSurge|ExpandingForce,TeraBlast,Trick,Protect|||M|||50|,,,,,Psychic]Sneasler||WhiteHerb|Unburden|DireClaw,CloseCombat,Coaching,Protect|||F|||50|,,,,,Flying]Excadrill||FocusSash|SandRush|Earthquake,IronHead,SwordsDance,Protect|||M|||50|,,,,,Ground]Magmar||Eviolite|VitalSpirit|HeatWave,FollowMe,HelpingHand,Protect|||F|||50|,,,,,Flying]Corviknight||PsychicSeed|MirrorArmor|BraveBird,PowerTrip,BulkUp,Roost|||M|||50|,,,,,Water]Tyranitar||AssaultVest|SandStream|RockSlide,KnockOff,LowKick,TeraBlast|||M|||50|,,,,,Flying
|inactive|Battle timer is ON: inactive players will automatically lose when time's up. (requested by SupernovaSZ8)
|inactive|ben harpic has 60 seconds left.
|
|t:|1757785519
|teamsize|p1|4
|teamsize|p2|4
|start
|switch|p1a: Dragapult|Dragapult, L50, M|100/100
|switch|p1b: Weezing|Weezing, L50, F|100/100
|switch|p2a: Indeedee|Indeedee, L50, M|100/100
|switch|p2b: Tyranitar|Tyranitar, L50, M, shiny|100/100
|-ability|p1b: Weezing|Neutralizing Gas
|turn|1
|
|t:|1757785537
|-terastallize|p1a: Dragapult|Steel
|move|p1b: Weezing|Protect|p1b: Weezing
|-singleturn|p1b: Weezing|Protect
|move|p2a: Indeedee|Expanding Force|p1b: Weezing
|-activate|p1b: Weezing|move: Protect
|move|p1a: Dragapult|Thunder Wave|p2a: Indeedee|[miss]
|-miss|p1a: Dragapult|p2a: Indeedee
|move|p2b: Tyranitar|Knock Off|p1a: Dragapult
|-damage|p1a: Dragapult|41/100
|-enditem|p1a: Dragapult|Light Clay|[from] move: Knock Off|[of] p2b: Tyranitar
|
|upkeep
|turn|2
|
|t:|1757785552
|move|p2a: Indeedee|Expanding Force|p1b: Weezing
|-supereffective|p1b: Weezing
|-damage|p1b: Weezing|5/100
|-enditem|p1b: Weezing|Wiki Berry|[eat]
|-heal|p1b: Weezing|38/100|[from] item: Wiki Berry
|move|p1a: Dragapult|Thunder Wave|p2a: Indeedee
|-status|p2a: Indeedee|par
|move|p1b: Weezing|Will-O-Wisp|p2b: Tyranitar|[miss]
|-miss|p1b: Weezing|p2b: Tyranitar
|move|p2b: Tyranitar|Rock Slide|p1a: Dragapult|[spread] p1a,p1b
|-resisted|p1a: Dragapult
|-damage|p1a: Dragapult|23/100
|-damage|p1b: Weezing|9/100
|
|upkeep
|turn|3
|
|t:|1757785573
|move|p1b: Weezing|Protect|p1b: Weezing
|-singleturn|p1b: Weezing|Protect
|move|p1a: Dragapult|Reflect|p1a: Dragapult
|-sidestart|p1: ben harpic|Reflect
|move|p2a: Indeedee|Expanding Force|p1a: Dragapult
|-resisted|p1a: Dragapult
|-damage|p1a: Dragapult|2/100
|move|p2b: Tyranitar|Rock Slide|p1a: Dragapult|[spread] p1a
|-activate|p1b: Weezing|move: Protect
|-resisted|p1a: Dragapult
|-damage|p1a: Dragapult|0 fnt
|faint|p1a: Dragapult
|
|upkeep
|
|t:|1757785595
|switch|p1a: Maushold|Maushold-Four, L50|100/100
|turn|4
|
|t:|1757785611
|move|p1a: Maushold|Population Bomb|p2a: Indeedee
|-damage|p2a: Indeedee|89/100 par
|-damage|p2a: Indeedee|77/100 par
|-damage|p2a: Indeedee|65/100 par
|-damage|p2a: Indeedee|52/100 par
|-damage|p2a: Indeedee|38/100 par
|-damage|p2a: Indeedee|26/100 par
|-damage|p2a: Indeedee|15/100 par
|-damage|p2a: Indeedee|1/100 par
|-damage|p2a: Indeedee|0 fnt
|faint|p2a: Indeedee
|-hitcount|p2: Indeedee|9
|move|p1b: Weezing|Will-O-Wisp|p2b: Tyranitar
|-status|p2b: Tyranitar|brn
|move|p2b: Tyranitar|Rock Slide|p1b: Weezing|[spread] p1a
|-miss|p2b: Tyranitar|p1b: Weezing
|-damage|p1a: Maushold|87/100
|
|-damage|p2b: Tyranitar|95/100 brn|[from] brn
|upkeep
|
|t:|1757785634
|switch|p2a: Corviknight|Corviknight, L50, M, shiny|100/100
|turn|5
|
|t:|1757785650
|-end|p1b: Weezing|ability: Neutralizing Gas
|-weather|Sandstorm|[from] ability: Sand Stream|[of] p2b: Tyranitar
|switch|p1b: Annihilape|Annihilape, L50, F|100/100
|move|p1a: Maushold|Thunder Wave|p2a: Corviknight
|-status|p2a: Corviknight|par
|move|p2b: Tyranitar|Knock Off|p1a: Maushold
|-damage|p1a: Maushold|64/100
|-enditem|p1a: Maushold|Wide Lens|[from] move: Knock Off|[of] p2b: Tyranitar
|cant|p2a: Corviknight|par
|
|-weather|Sandstorm|[upkeep]
|-damage|p1a: Maushold|59/100|[from] Sandstorm
|-damage|p1b: Annihilape|94/100|[from] Sandstorm
|-heal|p1b: Annihilape|100/100|[from] item: Leftovers
|-damage|p2b: Tyranitar|89/100 brn|[from] brn
|upkeep
|turn|6
|inactive|ben harpic has 30 seconds left.
|inactive|SupernovaSZ8 has 30 seconds left.
|
|t:|1757785680
|switch|p2b: Sneasler|Sneasler, L50, F|100/100
|move|p1a: Maushold|Protect|p1a: Maushold
|-singleturn|p1a: Maushold|Protect
|move|p1b: Annihilape|Bulk Up|p1b: Annihilape
|-boost|p1b: Annihilape|atk|1
|-boost|p1b: Annihilape|def|1
|cant|p2a: Corviknight|par
|
|-weather|Sandstorm|[upkeep]
|-damage|p1a: Maushold|53/100|[from] Sandstorm
|-damage|p2b: Sneasler|94/100|[from] Sandstorm
|-damage|p1b: Annihilape|94/100|[from] Sandstorm
|-heal|p1b: Annihilape|100/100|[from] item: Leftovers
|upkeep
|turn|7
|
|t:|1757785699
|switch|p1a: Weezing|Weezing, L50, F|9/100
|-ability|p1a: Weezing|Neutralizing Gas
|move|p2b: Sneasler|Coaching|p2a: Corviknight
|-boost|p2a: Corviknight|atk|1
|-boost|p2a: Corviknight|def|1
|move|p1b: Annihilape|Rage Fist|p2b: Sneasler
|-damage|p2b: Sneasler|52/100
|move|p2a: Corviknight|Brave Bird|p1a: Weezing
|-damage|p1a: Weezing|0 fnt
|faint|p1a: Weezing
|-end|p1a: Weezing|ability: Neutralizing Gas
|-damage|p2a: Corviknight|98/100 par|[from] Recoil
|
|-weather|Sandstorm|[upkeep]
|-damage|p2b: Sneasler|46/100|[from] Sandstorm
|-damage|p1b: Annihilape|94/100|[from] Sandstorm
|-heal|p1b: Annihilape|100/100|[from] item: Leftovers
|-sideend|p1: ben harpic|Reflect
|upkeep
|
|t:|1757785714
|switch|p1a: Maushold|Maushold-Four, L50|53/100
|turn|8
|
|t:|1757785732
|move|p1a: Maushold|Protect|p1a: Maushold
|-singleturn|p1a: Maushold|Protect
|move|p2b: Sneasler|Coaching|p2a: Corviknight
|-boost|p2a: Corviknight|atk|1
|-boost|p2a: Corviknight|def|1
|move|p1b: Annihilape|Rage Fist|p2b: Sneasler
|-damage|p2b: Sneasler|4/100
|move|p2a: Corviknight|Brave Bird|p1a: Maushold
|-activate|p1a: Maushold|move: Protect
|
|-weather|Sandstorm|[upkeep]
|-damage|p1a: Maushold|47/100|[from] Sandstorm
|-damage|p2b: Sneasler|0 fnt|[from] Sandstorm
|-damage|p1b: Annihilape|94/100|[from] Sandstorm
|faint|p2b: Sneasler
|-heal|p1b: Annihilape|100/100|[from] item: Leftovers
|upkeep
|
|t:|1757785742
|switch|p2b: Tyranitar|Tyranitar, L50, M, shiny|89/100 brn
|turn|9
|
|t:|1757785754
|-terastallize|p2b: Tyranitar|Flying
|move|p1a: Maushold|Population Bomb|p2a: Corviknight
|-resisted|p2a: Corviknight
|-damage|p2a: Corviknight|96/100 par
|-resisted|p2a: Corviknight
|-damage|p2a: Corviknight|95/100 par
|-resisted|p2a: Corviknight
|-damage|p2a: Corviknight|93/100 par
|-resisted|p2a: Corviknight
|-damage|p2a: Corviknight|92/100 par
|-resisted|p2a: Corviknight
|-damage|p2a: Corviknight|90/100 par
|-resisted|p2a: Corviknight
|-damage|p2a: Corviknight|89/100 par
|-resisted|p2a: Corviknight
|-damage|p2a: Corviknight|87/100 par
|-hitcount|p2a: Corviknight|7
|move|p1b: Annihilape|Drain Punch|p2b: Tyranitar
|-resisted|p2b: Tyranitar
|-damage|p2b: Tyranitar|69/100 brn
|move|p2b: Tyranitar|Knock Off|p1b: Annihilape
|-damage|p1b: Annihilape|88/100
|-enditem|p1b: Annihilape|Leftovers|[from] move: Knock Off|[of] p2b: Tyranitar
|move|p2a: Corviknight|Brave Bird|p1a: Maushold
|-damage|p1a: Maushold|0 fnt
|faint|p1a: Maushold
|-damage|p2a: Corviknight|74/100 par|[from] Recoil
|
|-weather|none
|-damage|p2b: Tyranitar|63/100 brn|[from] brn
|upkeep
|turn|10
|inactive|SupernovaSZ8 has 30 seconds left.
|
|t:|1757785782
|move|p1b: Annihilape|Rage Fist|p2a: Corviknight
|-damage|p2a: Corviknight|46/100 par
|move|p2b: Tyranitar|Tera Blast|p1b: Annihilape|[anim] Tera Blast Flying
|-supereffective|p1b: Annihilape
|-crit|p1b: Annihilape
|-damage|p1b: Annihilape|29/100
|cant|p2a: Corviknight|par
|
|-damage|p2b: Tyranitar|58/100 brn|[from] brn
|upkeep
|turn|11
|
|t:|1757785806
|move|p1b: Annihilape|Rage Fist|p2a: Corviknight
|-damage|p2a: Corviknight|3/100 par
|move|p2b: Tyranitar|Tera Blast|p1b: Annihilape|[anim] Tera Blast Flying
|-supereffective|p1b: Annihilape
|-crit|p1b: Annihilape
|-damage|p1b: Annihilape|0 fnt
|faint|p1b: Annihilape
|
|win|SupernovaSZ8
|l|☆ben harpic
|player|p1|
||ben harpic is ready for game 2.
||SupernovaSZ8 is ready for game 2.
|uhtml|next|Next: Game 2 of 3
