|j|☆Ethan's Bleakmiss
|j|☆Samboi37
|html|Ethan's BleakmissSamboi37    
|uhtml|bestof|Game 3 of a best-of-3
|t:|1784568002
|gametype|doubles
|player|p1|Ethan's Bleakmiss|unknown|1117
|player|p2|Samboi37|170|1000
|gen|9
|tier|[Gen 9 Champions] VGC 2026 Reg M-B (Bo3)
|rated|
|rule|Species Clause: Limit one of each Pokémon
|rule|Item Clause: Limit 1 of each item
|clearpoke
|poke|p1|Blaziken, L50, M|
|poke|p1|Ninetales-Alola, L50, F, shiny|
|poke|p1|Kingambit, L50, F, shiny|
|poke|p1|Farigiraf, L50, F|
|poke|p1|Mawile, L50, F|
|poke|p1|Vivillon, L50, F, shiny|
|poke|p2|Gengar, L50, M|
|poke|p2|Sneasler, L50, M|
|poke|p2|Pelipper, L50, F|
|poke|p2|Sinistcha, L50|
|poke|p2|Meganium, L50, M|
|poke|p2|Archaludon, L50, F|
|teampreview|4
|showteam|p1|Blaziken||Blazikenite|SpeedBoost|CloseCombat,FlareBlitz,StoneEdge,Detect|Adamant||M|||50|]Ninetales-Alola||NeverMeltIce|SnowWarning|Blizzard,FreezeDry,Encore,Protect|Timid||F|||50|]Kingambit||LifeOrb|Defiant|SuckerPunch,KowtowCleave,IronHead,Protect|Adamant||F|||50|]Farigiraf||SitrusBerry|ArmorTail|HyperVoice,Psychic,TrickRoom,HelpingHand|Relaxed||F|||50|]Mawile||Mawilite|HyperCutter|PlayRough,IronHead,RockSlide,SuckerPunch|Adamant||F|||50|]Vivillon||FocusSash|CompoundEyes|SleepPowder,RagePowder,Protect,Hurricane|Timid||F|||50|
|showteam|p2|Gengar||Gengarite|CursedBody|Disable,PerishSong,Protect,ShadowBall|Timid||M|||50|]Sneasler||WhiteHerb|Unburden|Protect,DireClaw,FakeOut,CloseCombat|Adamant||M|||50|]Pelipper||FocusSash|Drizzle|Protect,Hurricane,WeatherBall,Tailwind|Bold||F|||50|]Sinistcha||SitrusBerry|Hospitality|MatchaGotcha,Protect,ShadowBall,RagePowder|Bold|||||50|]Meganium||Meganiumite|Overgrow|SolarBeam,Protect,PollenPuff,DazzlingGleam|Timid||M|||50|]Archaludon||Leftovers|Stamina|Protect,FlashCannon,ElectroShot,DragonPulse|Timid||F|||50|
|inactive|Battle timer is ON: inactive players will automatically lose when time's up. (requested by Ethan's Bleakmiss)
|inactive|Samboi37 also wants the timer to be on.
|inactive|Samboi37 has 60 seconds left.
|inactive|Ethan's Bleakmiss has 60 seconds left.
|
|t:|1784568057
|teamsize|p1|4
|teamsize|p2|4
|start
|switch|p1a: Farigiraf|Farigiraf, L50, F|100/100
|switch|p1b: Ninetales|Ninetales-Alola, L50, F, shiny|100/100
|switch|p2a: Pelipper|Pelipper, L50, F|100/100
|switch|p2b: Sneasler|Sneasler, L50, M|100/100
|-weather|Snowscape|[from] ability: Snow Warning|[of] p1b: Ninetales
|-weather|RainDance|[from] ability: Drizzle|[of] p2a: Pelipper
|turn|1
|inactive|Samboi37 has 30 seconds left.
|inactive|Samboi37 has 20 seconds left.
|inactive|Samboi37 has 15 seconds left.
|inactive|Samboi37 has 10 seconds left.
|
|t:|1784568106
|move|p2b: Sneasler|Dire Claw|p1b: Ninetales
|-supereffective|p1b: Ninetales|1
|-damage|p1b: Ninetales|0 fnt
|faint|p1b: Ninetales
|move|p2a: Pelipper|Hurricane|p1a: Farigiraf
|-damage|p1a: Farigiraf|64/100
|move|p1a: Farigiraf|Psychic|p2b: Sneasler
|-supereffective|p2b: Sneasler|2
|-damage|p2b: Sneasler|0 fnt
|faint|p2b: Sneasler
|
|-weather|RainDance|[upkeep]
|upkeep
|
|t:|1784568121
|switch|p2b: Archaludon|Archaludon, L50, F|100/100
|switch|p1b: Vivillon|Vivillon, L50, F, shiny|100/100
|turn|2
|
|t:|1784568139
|switch|p1a: Blaziken|Blaziken, L50, M|100/100
|move|p1b: Vivillon|Sleep Powder|p2a: Pelipper
|-status|p2a: Pelipper|slp|[from] move: Sleep Powder
|move|p2b: Archaludon|Electro Shot||[still]
|-prepare|p2b: Archaludon|Electro Shot
|-boost|p2b: Archaludon|spa|1
|-anim|p2b: Archaludon|Electro Shot|p1a: Blaziken
|-damage|p1a: Blaziken|0 fnt
|faint|p1a: Blaziken
|cant|p2a: Pelipper|slp
|
|-weather|RainDance|[upkeep]
|upkeep
|
|t:|1784568151
|switch|p1a: Farigiraf|Farigiraf, L50, F|64/100
|turn|3
|
|t:|1784568163
|switch|p2b: Sinistcha|Sinistcha, L50|100/100
|move|p1b: Vivillon|Sleep Powder|p2b: Sinistcha
|-immune|p2b: Sinistcha
|cant|p2a: Pelipper|slp
|move|p1a: Farigiraf|Hyper Voice|p2b: Sinistcha|[spread] p2a
|-immune|p2b: Sinistcha
|-damage|p2a: Pelipper|64/100 slp
|
|-weather|RainDance|[upkeep]
|upkeep
|turn|4
|
|t:|1784568181
|move|p1b: Vivillon|Hurricane|p2b: Sinistcha
|-supereffective|p2b: Sinistcha|1
|-damage|p2b: Sinistcha|11/100
|-start|p2b: Sinistcha|confusion
|-enditem|p2b: Sinistcha|Sitrus Berry|[eat]
|-heal|p2b: Sinistcha|35/100|[from] item: Sitrus Berry
|-activate|p2b: Sinistcha|confusion
|move|p2b: Sinistcha|Matcha Gotcha|p1a: Farigiraf|[spread] p1a,p1b
|-resisted|p1b: Vivillon|2
|-damage|p1a: Farigiraf|42/100
|-heal|p2b: Sinistcha|49/100|[from] drain|[of] p1a: Farigiraf
|-damage|p1b: Vivillon|89/100
|-heal|p2b: Sinistcha|54/100|[from] drain|[of] p1b: Vivillon
|-enditem|p1a: Farigiraf|Sitrus Berry|[eat]
|-heal|p1a: Farigiraf|67/100|[from] item: Sitrus Berry
|-curestatus|p2a: Pelipper|slp|[msg]
|move|p2a: Pelipper|Hurricane|p1b: Vivillon
|-supereffective|p1b: Vivillon|1
|-damage|p1b: Vivillon|0 fnt
|faint|p1b: Vivillon
|move|p1a: Farigiraf|Psychic|p2a: Pelipper
|-damage|p2a: Pelipper|13/100
|
|-weather|RainDance|[upkeep]
|upkeep
|turn|5
|inactive|Samboi37 has 30 seconds left.
|
|t:|1784568208
|-activate|p2b: Sinistcha|confusion
|-damage|p2b: Sinistcha|49/100|[from] confusion
|move|p2a: Pelipper|Hurricane|p1a: Farigiraf
|-damage|p1a: Farigiraf|34/100
|move|p1a: Farigiraf|Psychic|p2b: Sinistcha
|-damage|p2b: Sinistcha|18/100
|-unboost|p2b: Sinistcha|spd|1
|
|-weather|none
|upkeep
|turn|6
|
|t:|1784568222
|switch|p2a: Archaludon|Archaludon, L50, F|100/100
|-end|p2b: Sinistcha|confusion
|move|p2b: Sinistcha|Rage Powder|p2b: Sinistcha
|-singleturn|p2b: Sinistcha|move: Rage Powder
|move|p1a: Farigiraf|Hyper Voice|p2a: Archaludon|[spread] p2a
|-immune|p2b: Sinistcha
|-resisted|p2a: Archaludon|1
|-damage|p2a: Archaludon|80/100
|-ability|p2a: Archaludon|Stamina|boost
|-boost|p2a: Archaludon|def|1
|
|-heal|p2a: Archaludon|86/100|[from] item: Leftovers
|upkeep
|turn|7
|
|t:|1784568236
|switch|p2b: Pelipper|Pelipper, L50, F|13/100
|-weather|RainDance|[from] ability: Drizzle|[of] p2b: Pelipper
|move|p2a: Archaludon|Electro Shot||[still]
|-prepare|p2a: Archaludon|Electro Shot
|-boost|p2a: Archaludon|spa|1
|-anim|p2a: Archaludon|Electro Shot|p1a: Farigiraf
|-damage|p1a: Farigiraf|0 fnt
|faint|p1a: Farigiraf
|
|win|Samboi37
|raw|Ethan's Bleakmiss's rating: 1117 → 1084(-33 for losing)
|raw|Samboi37's rating: 1000 → 1053(+53 for winning)
