|j|鈽唂ratencio
|j|鈽唌ichopoke
|html|fratenciomichopoke    
|uhtml|bestof|Game 1 of a best-of-3
|t:|1786130692
|gametype|doubles
|player|p1|fratencio|2|1089
|player|p2|michopoke|101|1000
|gen|9
|tier|[Gen 9 Champions] VGC 2026 Reg M-B (Bo3)
|rated|
|rule|Species Clause: Limit one of each Pok茅mon
|rule|Item Clause: Limit 1 of each item
|clearpoke
|poke|p1|Slowbro, L50, F|
|poke|p1|Raichu, L50, F, shiny|
|poke|p1|Mawile, L50, F|
|poke|p1|Houndoom, L50, F|
|poke|p1|Altaria, L50, M|
|poke|p1|Sceptile, L50, F, shiny|
|poke|p2|Meganium, L50, M|
|poke|p2|Pelipper, L50, M|
|poke|p2|Archaludon, L50, M|
|poke|p2|Dragonite, L50, M|
|poke|p2|Maushold, L50|
|poke|p2|Slowking-Galar, L50, F|
|teampreview|4
|showteam|p1|Slowbro||Leftovers|Regenerator|MuddyWater,PsychicNoise,ShadowBall,TrickRoom|Calm||F|||50|]Raichu||RaichuniteX|LightningRod|Feint,FakeOut,VoltSwitch,BrickBreak|Jolly||F|||50|]Mawile||Mawilite|Intimidate|SwordsDance,IronHead,PlayRough,BatonPass|Jolly||F|||50|]Houndoom||Houndoominite|FlashFire|Protect,FireSpin,SuckerPunch,Snarl|Serious||F|||50|]Altaria||YacheBerry|CloudNine|IceBeam,DragonDance,DracoMeteor,Earthquake|Jolly||M|||50|]Sceptile||FocusSash|Unburden|Synthesis,ThunderPunch,Agility,BulletSeed|Adamant||F|||50|
|showteam|p2|Meganium||Meganiumite|Overgrow|SolarBeam,DazzlingGleam,WeatherBall,Protect|Modest||M|||50|]Pelipper|||Drizzle|Tailwind,Protect,Hurricane,WeatherBall|Bold||M|||50|]Archaludon||Leftovers|Stamina|ElectroShot,FlashCannon,DracoMeteor,Protect|Timid||M|||50|]Dragonite||Dragoninite|InnerFocus|DragonDance,RockSlide,ExtremeSpeed,DragonClaw|Adamant||M|||50|]Maushold||WideLens|Technician|FollowMe,PopulationBomb,BeatUp,ThunderWave|Jolly|||||50|]Slowking-Galar||SitrusBerry|Regenerator|TrickRoom,ChillingWater,Disable,ExpandingForce|Quiet||F|||50|
|inactive|Battle timer is ON: inactive players will automatically lose when time's up. (requested by michopoke)
|c|鈽唂ratencio|Nice Match
|c|鈽唂ratencio|Michopoke
|inactive|fratencio has 60 seconds left.
|inactive|michopoke has 60 seconds left.
|
|t:|1786130750
|teamsize|p1|4
|teamsize|p2|4
|start
|switch|p1a: Raichu|Raichu, L50, F, shiny|100/100
|switch|p1b: Slowbro|Slowbro, L50, F|100/100
|switch|p2a: Maushold|Maushold, L50|100/100
|switch|p2b: Archaludon|Archaludon, L50, M|100/100
|turn|1
|c|鈽唌ichopoke|why can all of u mons mega evolve what
|inactive|michopoke has 30 seconds left.
|inactive|michopoke has 20 seconds left.
|c|鈽唂ratencio|?
|inactive|michopoke has 15 seconds left.
|inactive|michopoke has 10 seconds left.
|
|t:|1786130798
|switch|p2a: Pelipper|Pelipper, L50, M|100/100
|-weather|RainDance|[from] ability: Drizzle|[of] p2a: Pelipper
|move|p2b: Archaludon|Protect|p2b: Archaludon
|-singleturn|p2b: Archaludon|Protect
|move|p1a: Raichu|Fake Out|p2a: Pelipper
|-damage|p2a: Pelipper|92/100
|move|p1b: Slowbro|Trick Room|p1b: Slowbro
|-fieldstart|move: Trick Room|[of] p1b: Slowbro
|
|-weather|RainDance|[upkeep]
|upkeep
|turn|2
|c|鈽唂ratencio|You mean two megas at time?
|
|t:|1786130822
|detailschange|p1a: Raichu|Raichu-Mega-X, L50, F, shiny
|-mega|p1a: Raichu|Raichu|Raichunite X
|-fieldstart|move: Electric Terrain|[from] ability: Electric Surge|[of] p1a: Raichu
|move|p2a: Pelipper|Protect|p2a: Pelipper
|-singleturn|p2a: Pelipper|Protect
|move|p1b: Slowbro|Muddy Water|p2b: Archaludon|[spread] 
|-activate|p2a: Pelipper|move: Protect
|-miss|p1b: Slowbro|p2b: Archaludon
|move|p2b: Archaludon|Draco Meteor|p1a: Raichu
|-damage|p1a: Raichu|30/100
|-unboost|p2b: Archaludon|spa|2
|move|p1a: Raichu|Brick Break|p2b: Archaludon
|-supereffective|p2b: Archaludon|1
|-damage|p2b: Archaludon|60/100
|-ability|p2b: Archaludon|Stamina|boost
|-boost|p2b: Archaludon|def|1
|
|-weather|RainDance|[upkeep]
|-heal|p2b: Archaludon|66/100|[from] item: Leftovers
|upkeep
|turn|3
|inactive|michopoke has 30 seconds left.
|
|t:|1786130853
|move|p1b: Slowbro|Muddy Water|p2b: Archaludon|[spread] p2a,p2b
|-resisted|p2a: Pelipper|1
|-resisted|p2b: Archaludon|1
|-damage|p2a: Pelipper|62/100
|-damage|p2b: Archaludon|34/100
|-unboost|p2a: Pelipper|accuracy|1
|-ability|p2b: Archaludon|Stamina|boost
|-boost|p2b: Archaludon|def|1
|move|p2a: Pelipper|Tailwind|p2a: Pelipper
|-sidestart|p2: michopoke|move: Tailwind
|move|p1a: Raichu|Volt Switch|p2a: Pelipper
|-supereffective|p2a: Pelipper|2
|-damage|p2a: Pelipper|0 fnt
|faint|p2a: Pelipper
|
|t:|1786130867
|switch|p1a: Sceptile|Sceptile, L50, F, shiny|100/100|[from] Volt Switch
|move|p2b: Archaludon|Electro Shot||[still]
|-prepare|p2b: Archaludon|Electro Shot
|-boost|p2b: Archaludon|spa|1
|-anim|p2b: Archaludon|Electro Shot|p1b: Slowbro
|-supereffective|p1b: Slowbro|1
|-damage|p1b: Slowbro|37/100
|
|-weather|RainDance|[upkeep]
|-heal|p1b: Slowbro|43/100|[from] item: Leftovers
|-heal|p2b: Archaludon|40/100|[from] item: Leftovers
|upkeep
|
|t:|1786130882
|switch|p2a: Maushold|Maushold, L50|100/100
|turn|4
|inactive|fratencio has 30 seconds left.
|
|t:|1786130916
|move|p2a: Maushold|Follow Me|p2a: Maushold
|-singleturn|p2a: Maushold|move: Follow Me
|move|p1b: Slowbro|Muddy Water|p2a: Maushold|[spread] p2a,p2b
|-resisted|p2b: Archaludon|1
|-damage|p2a: Maushold|41/100
|-damage|p2b: Archaludon|9/100
|-unboost|p2a: Maushold|accuracy|1
|-ability|p2b: Archaludon|Stamina|boost
|-boost|p2b: Archaludon|def|1
|move|p1a: Sceptile|Thunder Punch|p2a: Maushold
|-crit|p2a: Maushold
|-damage|p2a: Maushold|0 fnt
|faint|p2a: Maushold
|move|p2b: Archaludon|Electro Shot||[still]
|-prepare|p2b: Archaludon|Electro Shot
|-boost|p2b: Archaludon|spa|1
|-anim|p2b: Archaludon|Electro Shot|p1b: Slowbro
|-supereffective|p1b: Slowbro|1
|-damage|p1b: Slowbro|0 fnt
|faint|p1b: Slowbro
|
|-weather|RainDance|[upkeep]
|-heal|p2b: Archaludon|15/100|[from] item: Leftovers
|upkeep
|
|t:|1786130935
|switch|p1b: Raichu|Raichu-Mega-X, L50, F, shiny|30/100
|switch|p2a: Dragonite|Dragonite, L50, M|100/100
|turn|5
|
|t:|1786130950
|detailschange|p2a: Dragonite|Dragonite-Mega, L50, M
|-mega|p2a: Dragonite|Dragonite|Dragoninite
|move|p2a: Dragonite|Extreme Speed|p1b: Raichu
|-damage|p1b: Raichu|0 fnt
|faint|p1b: Raichu
|move|p1a: Sceptile|Agility|p1a: Sceptile
|-boost|p1a: Sceptile|spe|2
|move|p2b: Archaludon|Draco Meteor|p1a: Sceptile
|-damage|p1a: Sceptile|23/100
|-unboost|p2b: Archaludon|spa|2
|
|-weather|none
|-heal|p2b: Archaludon|21/100|[from] item: Leftovers
|-fieldend|move: Trick Room
|upkeep
|
|t:|1786130964
|switch|p1b: Mawile|Mawile, L50, F|100/100
|-ability|p1b: Mawile|Intimidate|boost
|-unboost|p2a: Dragonite|atk|1
|-unboost|p2b: Archaludon|atk|1
|turn|6
|
|t:|1786130976
|move|p2a: Dragonite|Extreme Speed|p1a: Sceptile
|-damage|p1a: Sceptile|0 fnt
|faint|p1a: Sceptile
|move|p2b: Archaludon|Electro Shot||[still]
|-prepare|p2b: Archaludon|Electro Shot
|-boost|p2b: Archaludon|spa|1
|move|p1b: Mawile|Play Rough|p2b: Archaludon
|-damage|p2b: Archaludon|10/100
|-unboost|p2b: Archaludon|atk|1
|-ability|p2b: Archaludon|Stamina|boost
|-boost|p2b: Archaludon|def|1
|
|-heal|p2b: Archaludon|16/100|[from] item: Leftovers
|-sideend|p2: michopoke|move: Tailwind
|-fieldend|move: Electric Terrain
|upkeep
|turn|7
|
|t:|1786130995
|move|p2a: Dragonite|Extreme Speed|p1b: Mawile
|-resisted|p1b: Mawile|1
|-damage|p1b: Mawile|84/100
|move|p2b: Archaludon|Electro Shot|p1b: Mawile|[from] lockedmove
|-damage|p1b: Mawile|45/100
|move|p1b: Mawile|Play Rough|p2a: Dragonite
|-supereffective|p2a: Dragonite|1
|-damage|p2a: Dragonite|74/100
|
|-heal|p2b: Archaludon|22/100|[from] item: Leftovers
|upkeep
|turn|8
|
|t:|1786131017
|move|p2a: Dragonite|Extreme Speed|p1b: Mawile
|-resisted|p1b: Mawile|1
|-damage|p1b: Mawile|31/100
|move|p2b: Archaludon|Flash Cannon|p1b: Mawile
|-damage|p1b: Mawile|0 fnt
|faint|p1b: Mawile
|
|win|michopoke
||michopoke is ready for game 2.
