|j|☆Capitan-N
|j|☆viatles
|html|Capitan-Nviatles    
|uhtml|bestof|Game 3 of a best-of-3
|t:|1756237287
|gametype|doubles
|player|p1|Capitan-N|n|1133
|player|p2|viatles|hiker|1068
|gen|9
|tier|[Gen 9] VGC 2025 Reg H (Bo3)
|rated|
|rule|Species Clause: Limit one of each Pokémon
|rule|Item Clause: Limit 1 of each item
|clearpoke
|poke|p1|Baxcalibur, L50, M|
|poke|p1|Electabuzz, L50, M|
|poke|p1|Incineroar, L50, M|
|poke|p1|Primarina, L50, M|
|poke|p1|Smeargle, L50, M|
|poke|p1|Gholdengo, L50|
|poke|p2|Oricorio-Sensu, L50, F|
|poke|p2|Volcarona, L50, F|
|poke|p2|Sylveon, L50, M|
|poke|p2|Murkrow, L50, F|
|poke|p2|Dragapult, L50, M|
|poke|p2|Baxcalibur, L50, M|
|teampreview|4
|showteam|p1|Baxcalibur||LoadedDice|ThermalExchange|IcicleSpear,Protect,SwordsDance,ScaleShot|||M|||50|,,,,,Fire]Electabuzz||Eviolite|VitalSpirit|Electroweb,FollowMe,HelpingHand,Protect|||M|||50|,,,,,Fairy]Incineroar||SafetyGoggles|Intimidate|FakeOut,FlareBlitz,KnockOff,Uturn|||M|||50|,,,,,Ghost]Primarina||ChoiceSpecs|LiquidVoice|HyperVoice,IceBeam,TeraBlast,Moonblast|||M|||50|,,,,,Ground]Smeargle||FocusSash|Moody|Spore,SpikyShield,Safeguard,Coaching|||M|||50|,,,,,Ghost]Gholdengo||LifeOrb|GoodasGold|MakeItRain,NastyPlot,TeraBlast,Protect||||||50|,,,,,Fighting
|showteam|p2|Oricorio-Sensu||FocusSash|Dancer|QuiverDance,BatonPass,RevelationDance,Protect|||F|||50|,,,,,Fighting]Volcarona||SitrusBerry|FlameBody|QuiverDance,GigaDrain,FieryDance,Protect|||F|||50|,,,,,Grass]Sylveon||ChoiceScarf|Pixilate|HyperVoice,TeraBlast,StoredPower,SleepTalk|||M|||50|,,,,,Ground]Murkrow||Eviolite|Prankster|Tailwind,FoulPlay,Haze,FeatherDance|||F|||50|,,,,,Dark]Dragapult||CovertCloak|ClearBody|DragonCheer,DragonDarts,Protect,PhantomForce|||M|||50|,,,,,Stellar]Baxcalibur||LoadedDice|ThermalExchange|IcicleSpear,ScaleShot,GlaiveRush,Protect|||M|||50|,,,,,Grass
|inactive|Battle timer is ON: inactive players will automatically lose when time's up. (requested by viatles)
|
|t:|1756237320
|teamsize|p1|4
|teamsize|p2|4
|start
|switch|p1a: Smeargle|Smeargle, L50, M|100/100
|switch|p1b: Incineroar|Incineroar, L50, M, shiny|100/100
|switch|p2a: Oricorio|Oricorio-Sensu, L50, F|100/100
|switch|p2b: Volcarona|Volcarona, L50, F|100/100
|-ability|p1b: Incineroar|Intimidate|boost
|-unboost|p2a: Oricorio|atk|1
|-unboost|p2b: Volcarona|atk|1
|turn|1
|inactive|viatles has 30 seconds left.
|
|t:|1756237350
|switch|p2a: Sylveon|Sylveon, L50, M|100/100
|switch|p1b: Primarina|Primarina, L50, M, shiny|100/100
|move|p1a: Smeargle|Spore|p2a: Sylveon
|-status|p2a: Sylveon|slp|[from] move: Spore
|move|p2b: Volcarona|Quiver Dance|p2b: Volcarona
|-boost|p2b: Volcarona|spa|1
|-boost|p2b: Volcarona|spd|1
|-boost|p2b: Volcarona|spe|1
|
|-ability|p1a: Smeargle|Moody|boost
|-boost|p1a: Smeargle|spa|2
|-unboost|p1a: Smeargle|def|1
|upkeep
|turn|2
|
|t:|1756237372
|switch|p1a: Incineroar|Incineroar, L50, M, shiny|100/100
|-ability|p1a: Incineroar|Intimidate|boost
|-unboost|p2a: Sylveon|atk|1
|-unboost|p2b: Volcarona|atk|1
|move|p2b: Volcarona|Protect|p2b: Volcarona
|-singleturn|p2b: Volcarona|Protect
|cant|p2a: Sylveon|slp
|move|p2a: Sylveon|Sleep Talk|p2a: Sylveon
|move|p2a: Sylveon|Stored Power|p1a: Incineroar|[from] move: Sleep Talk
|-immune|p1a: Incineroar
|move|p1b: Primarina|Ice Beam|p2b: Volcarona
|-activate|p2b: Volcarona|move: Protect
|
|upkeep
|turn|3
|
|t:|1756237394
|switch|p1b: Smeargle|Smeargle, L50, M|100/100
|move|p2b: Volcarona|Giga Drain|p1b: Smeargle
|-damage|p1b: Smeargle|23/100
|cant|p2a: Sylveon|slp
|move|p2a: Sylveon|Sleep Talk|p2a: Sylveon
|move|p2a: Sylveon|Tera Blast|p1b: Smeargle|[from] move: Sleep Talk
|-damage|p1b: Smeargle|0 fnt
|faint|p1b: Smeargle
|move|p1a: Incineroar|Flare Blitz|p2b: Volcarona
|-damage|p2b: Volcarona|33/100
|-enditem|p2b: Volcarona|Sitrus Berry|[eat]
|-heal|p2b: Volcarona|58/100|[from] item: Sitrus Berry
|-damage|p1a: Incineroar|79/100|[from] Recoil
|
|upkeep
|
|t:|1756237410
|switch|p1b: Primarina|Primarina, L50, M, shiny|100/100
|turn|4
|
|t:|1756237416
|move|p2b: Volcarona|Protect|p2b: Volcarona
|-singleturn|p2b: Volcarona|Protect
|-curestatus|p2a: Sylveon|slp|[msg]
|move|p2a: Sylveon|Sleep Talk||[still]
|-fail|p2a: Sylveon
|move|p1b: Primarina|Hyper Voice|p2b: Volcarona|[spread] p2a
|-activate|p2b: Volcarona|move: Protect
|-damage|p2a: Sylveon|56/100
|move|p1a: Incineroar|Flare Blitz|p2b: Volcarona
|-activate|p2b: Volcarona|move: Protect
|
|upkeep
|turn|5
|
|t:|1756237439
|switch|p2a: Murkrow|Murkrow, L50, F|100/100
|move|p2b: Volcarona|Giga Drain|p1b: Primarina
|-supereffective|p1b: Primarina
|-damage|p1b: Primarina|27/100
|-heal|p2b: Volcarona|90/100|[from] drain|[of] p1b: Primarina
|move|p1b: Primarina|Hyper Voice|p2b: Volcarona|[spread] p2a,p2b
|-supereffective|p2b: Volcarona
|-damage|p2a: Murkrow|38/100
|-damage|p2b: Volcarona|24/100
|move|p1a: Incineroar|U-turn|p2b: Volcarona
|-resisted|p2b: Volcarona
|-damage|p2b: Volcarona|12/100
|
|t:|1756237450
|switch|p1a: Gholdengo|Gholdengo, L50|100/100|[from] U-turn
|
|upkeep
|turn|6
|
|t:|1756237474
|switch|p1b: Incineroar|Incineroar, L50, M, shiny|79/100
|-ability|p1b: Incineroar|Intimidate|boost
|-unboost|p2a: Murkrow|atk|1
|-unboost|p2b: Volcarona|atk|1
|-terastallize|p1a: Gholdengo|Fighting
|move|p2b: Volcarona|Protect|p2b: Volcarona
|-singleturn|p2b: Volcarona|Protect
|move|p2a: Murkrow|Tailwind|p2a: Murkrow
|-sidestart|p2: viatles|move: Tailwind
|move|p1a: Gholdengo|Make It Rain|p2a: Murkrow|[spread] p2a
|-activate|p2b: Volcarona|move: Protect
|-damage|p2a: Murkrow|0 fnt
|-unboost|p1a: Gholdengo|spa|1
|faint|p2a: Murkrow
|-damage|p1a: Gholdengo|90/100|[from] item: Life Orb
|
|upkeep
|
|t:|1756237492
|switch|p2a: Sylveon|Sylveon, L50, M|56/100
|turn|7
|
|t:|1756237517
|switch|p1a: Primarina|Primarina, L50, M, shiny|27/100
|move|p2b: Volcarona|Giga Drain|p1a: Primarina
|-supereffective|p1a: Primarina
|-damage|p1a: Primarina|0 fnt
|-heal|p2b: Volcarona|24/100|[from] drain|[of] p1a: Primarina
|faint|p1a: Primarina
|move|p2a: Sylveon|Tera Blast|p1b: Incineroar
|-damage|p1b: Incineroar|35/100
|move|p1b: Incineroar|U-turn|p2b: Volcarona
|-resisted|p2b: Volcarona
|-damage|p2b: Volcarona|11/100
|
|t:|1756237529
|switch|p1b: Gholdengo|Gholdengo, L50, tera:Fighting|90/100|[from] U-turn
|
|upkeep
|
|t:|1756237532
|switch|p1a: Incineroar|Incineroar, L50, M, shiny|35/100
|-ability|p1a: Incineroar|Intimidate|boost
|-unboost|p2a: Sylveon|atk|1
|-unboost|p2b: Volcarona|atk|1
|turn|8
|
|t:|1756237555
|move|p1a: Incineroar|Fake Out|p2a: Sylveon
|-damage|p2a: Sylveon|36/100
|move|p2b: Volcarona|Giga Drain|p1b: Gholdengo
|-damage|p1b: Gholdengo|54/100
|-heal|p2b: Volcarona|28/100|[from] drain|[of] p1b: Gholdengo
|cant|p2a: Sylveon|flinch
|move|p1b: Gholdengo|Make It Rain|p2a: Sylveon|[spread] p2a,p2b
|-supereffective|p2a: Sylveon
|-resisted|p2b: Volcarona
|-damage|p2a: Sylveon|0 fnt
|-damage|p2b: Volcarona|8/100
|-unboost|p1b: Gholdengo|spa|1
|faint|p2a: Sylveon
|-damage|p1b: Gholdengo|44/100|[from] item: Life Orb
|
|upkeep
|
|t:|1756237569
|switch|p2a: Oricorio|Oricorio-Sensu, L50, F|100/100
|turn|9
|
|t:|1756237593
|move|p1b: Gholdengo|Protect|p1b: Gholdengo
|-singleturn|p1b: Gholdengo|Protect
|move|p2b: Volcarona|Fiery Dance|p1b: Gholdengo
|-activate|p1b: Gholdengo|move: Protect
|move|p2a: Oricorio|Revelation Dance|p1b: Gholdengo
|-activate|p1b: Gholdengo|move: Protect
|move|p1a: Incineroar|Knock Off|p2a: Oricorio
|-supereffective|p2a: Oricorio
|-enditem|p2a: Oricorio|Focus Sash
|-damage|p2a: Oricorio|1/100
|
|-sideend|p2: viatles|move: Tailwind
|upkeep
|turn|10
|inactive|Capitan-N has 30 seconds left.
|inactive|viatles has 30 seconds left.
|inactive|viatles has 20 seconds left.
|
|t:|1756237630
|-terastallize|p2a: Oricorio|Fighting
|move|p2b: Volcarona|Fiery Dance|p1b: Gholdengo
|-damage|p1b: Gholdengo|0 fnt
|-boost|p2b: Volcarona|spa|1
|faint|p1b: Gholdengo
|-activate|p2a: Oricorio|ability: Dancer
|move|p2a: Oricorio|Fiery Dance|p1a: Incineroar|[from] ability: Dancer
|-resisted|p1a: Incineroar
|-damage|p1a: Incineroar|24/100
|-boost|p2a: Oricorio|spa|1
|move|p2a: Oricorio|Revelation Dance|p1a: Incineroar
|-supereffective|p1a: Incineroar
|-damage|p1a: Incineroar|0 fnt
|faint|p1a: Incineroar
|
|win|viatles
|raw|Capitan-N's rating: 1133 → 1103(-30 for losing)
|raw|viatles's rating: 1068 → 1103(+35 for winning)
|c|☆viatles|ggs
