|j|‽emboar's bacon
|j|☆xdi8723
|html|emboar's baconxdi8723    
|uhtml|bestof|Game 1 of a best-of-3
|t:|1784935089
|gametype|doubles
|player|p1|emboar's bacon|veteran|1044
|player|p2|xdi8723|2|1015
|gen|9
|tier|[Gen 9 Champions] VGC 2026 Reg M-B (Bo3)
|rated|
|rule|Species Clause: Limit one of each Pokémon
|rule|Item Clause: Limit 1 of each item
|clearpoke
|poke|p1|Aerodactyl, L50, F|
|poke|p1|Samurott-Hisui, L50, F|
|poke|p1|Sneasler, L50, M|
|poke|p1|Ceruledge, L50, M|
|poke|p1|Scizor, L50, M|
|poke|p1|Mr. Rime, L50, F|
|poke|p2|Archaludon, L50, M|
|poke|p2|Pelipper, L50, F|
|poke|p2|Grimmsnarl, L50, M|
|poke|p2|Sinistcha, L50|
|poke|p2|Swampert, L50, F|
|poke|p2|Lycanroc-Dusk, L50, F|
|teampreview|4
|showteam|p1|Aerodactyl||FocusSash|Unnerve|Tailwind,DualWingbeat,RockSlide,Protect|Jolly||F|||50|]Samurott-Hisui||ExpertBelt|Sharpness|CeaselessEdge,FlipTurn,AquaCutter,Detect|Jolly||F|||50|]Sneasler||WhiteHerb|Unburden|Protect,DireClaw,FakeOut,CloseCombat|Adamant||M|||50|]Ceruledge||LifeOrb|FlashFire|BitterBlade,CloseCombat,ShadowSneak,Protect|Jolly||M|||50|]Scizor||Scizorite|Technician|DualWingbeat,BulletPunch,BugBite,Protect|Adamant||M|||50|]Mr. Rime||MentalHerb|ScreenCleaner|LightScreen,Reflect,FreezeDry,FakeOut|Calm||F|||50|
|showteam|p2|Archaludon||Leftovers|Stamina|ElectroShot,AuraSphere,FlashCannon,Protect|Modest||M|||50|]Pelipper||SitrusBerry|Drizzle|Tailwind,WeatherBall,Hurricane,WideGuard|Modest||F|||50|]Grimmsnarl||LightClay|Prankster|PartingShot,SpiritBreak,Reflect,LightScreen|Calm||M|||50|]Sinistcha||KasibBerry|Hospitality|MatchaGotcha,LifeDew,RagePowder,TrickRoom|Calm|||||50|]Swampert||Swampertite|Torrent|WaveCrash,Earthquake,IcePunch,Protect|Adamant||F|||50|]Lycanroc-Dusk||FocusSash|ToughClaws|Protect,RockSlide,Accelerock,CloseCombat|Jolly||F|||50|
|inactive|Battle timer is ON: inactive players will automatically lose when time's up. (requested by emboar's bacon)
|inactive|xdi8723 has 60 seconds left.
|
|t:|1784935158
|teamsize|p1|4
|teamsize|p2|4
|start
|switch|p1a: Samurott|Samurott-Hisui, L50, F|100/100
|switch|p1b: Sneasler|Sneasler, L50, M|100/100
|switch|p2a: Pelipper|Pelipper, L50, F|100/100
|switch|p2b: Swampert|Swampert, L50, F|100/100
|-weather|RainDance|[from] ability: Drizzle|[of] p2a: Pelipper
|turn|1
|
|t:|1784935175
|detailschange|p2b: Swampert|Swampert-Mega, L50, F
|-mega|p2b: Swampert|Swampert|Swampertite
|move|p1b: Sneasler|Fake Out|p2b: Swampert
|-damage|p2b: Swampert|87/100
|cant|p2b: Swampert|flinch
|move|p1a: Samurott|Ceaseless Edge|p2a: Pelipper
|-damage|p2a: Pelipper|53/100
|-sidestart|p2: xdi8723|Spikes
|move|p2a: Pelipper|Hurricane|p1b: Sneasler
|-supereffective|p1b: Sneasler|1
|-damage|p1b: Sneasler|0 fnt
|faint|p1b: Sneasler
|
|-weather|RainDance|[upkeep]
|upkeep
|
|t:|1784935182
|switch|p1b: Mr. Rime|Mr. Rime, L50, F|100/100
|turn|2
|
|t:|1784935200
|move|p1b: Mr. Rime|Fake Out|p2b: Swampert
|-damage|p2b: Swampert|81/100
|cant|p2b: Swampert|flinch
|move|p1a: Samurott|Ceaseless Edge|p2a: Pelipper
|-damage|p2a: Pelipper|6/100
|-sidestart|p2: xdi8723|Spikes
|-enditem|p2a: Pelipper|Sitrus Berry|[eat]
|-heal|p2a: Pelipper|31/100|[from] item: Sitrus Berry
|move|p2a: Pelipper|Tailwind|p2a: Pelipper
|-sidestart|p2: xdi8723|move: Tailwind
|
|-weather|RainDance|[upkeep]
|upkeep
|turn|3
|inactive|xdi8723 has 30 seconds left.
|
|t:|1784935230
|move|p2b: Swampert|Earthquake|p1b: Mr. Rime|[spread] p1a,p1b
|-immune|p2a: Pelipper
|-crit|p1a: Samurott
|-damage|p1a: Samurott|1/100
|-damage|p1b: Mr. Rime|37/100
|move|p2a: Pelipper|Hurricane|p1a: Samurott
|-damage|p1a: Samurott|0 fnt
|faint|p1a: Samurott
|move|p1b: Mr. Rime|Freeze-Dry|p2b: Swampert
|-supereffective|p2b: Swampert|2
|-damage|p2b: Swampert|0 fnt
|faint|p2b: Swampert
|
|-weather|RainDance|[upkeep]
|upkeep
|
|t:|1784935243
|switch|p1a: Aerodactyl|Aerodactyl, L50, F|100/100
|switch|p2b: Sinistcha|Sinistcha, L50|100/100
|-ability|p1a: Aerodactyl|Unnerve
|-damage|p2b: Sinistcha|83/100|[from] Spikes
|-heal|p2a: Pelipper|55/100|[from] ability: Hospitality|[of] p2b: Sinistcha
|turn|4
|inactive|xdi8723 has 30 seconds left.
|
|t:|1784935272
|move|p1a: Aerodactyl|Rock Slide|p2a: Pelipper|[spread] p2a,p2b
|-supereffective|p2a: Pelipper|1
|-damage|p2a: Pelipper|0 fnt
|-damage|p2b: Sinistcha|61/100
|faint|p2a: Pelipper
|move|p2b: Sinistcha|Life Dew|p2b: Sinistcha
|-heal|p2b: Sinistcha|86/100
|move|p1b: Mr. Rime|Freeze-Dry|p2b: Sinistcha
|-supereffective|p2b: Sinistcha|1
|-damage|p2b: Sinistcha|37/100
|
|-weather|RainDance|[upkeep]
|upkeep
|
|t:|1784935282
|switch|p2a: Archaludon|Archaludon, L50, M|100/100
|-damage|p2a: Archaludon|83/100|[from] Spikes
|turn|5
|inactive|xdi8723 has 30 seconds left.
|
|t:|1784935314
|move|p1a: Aerodactyl|Protect|p1a: Aerodactyl
|-singleturn|p1a: Aerodactyl|Protect
|move|p2a: Archaludon|Electro Shot||[still]
|-prepare|p2a: Archaludon|Electro Shot
|-boost|p2a: Archaludon|spa|1
|-anim|p2a: Archaludon|Electro Shot|p1a: Aerodactyl
|-activate|p1a: Aerodactyl|move: Protect
|move|p2b: Sinistcha|Matcha Gotcha|p1b: Mr. Rime|[spread] p1b
|-activate|p1a: Aerodactyl|move: Protect
|-damage|p1b: Mr. Rime|22/100
|-heal|p2b: Sinistcha|45/100|[from] drain|[of] p1b: Mr. Rime
|-status|p1b: Mr. Rime|brn
|move|p1b: Mr. Rime|Freeze-Dry|p2b: Sinistcha
|-supereffective|p2b: Sinistcha|1
|-damage|p2b: Sinistcha|0 fnt
|faint|p2b: Sinistcha
|
|-weather|none
|-heal|p2a: Archaludon|89/100|[from] item: Leftovers
|-damage|p1b: Mr. Rime|16/100 brn|[from] brn
|-sideend|p2: xdi8723|move: Tailwind
|upkeep
|turn|6
|inactive|xdi8723 has 30 seconds left.
|
|t:|1784935342
|move|p1a: Aerodactyl|Rock Slide|p2a: Archaludon
|-resisted|p2a: Archaludon|1
|-damage|p2a: Archaludon|76/100
|-ability|p2a: Archaludon|Stamina|boost
|-boost|p2a: Archaludon|def|1
|move|p2a: Archaludon|Flash Cannon|p1a: Aerodactyl
|-supereffective|p1a: Aerodactyl|1
|-enditem|p1a: Aerodactyl|Focus Sash
|-damage|p1a: Aerodactyl|1/100
|move|p1b: Mr. Rime|Freeze-Dry|p2a: Archaludon
|-damage|p2a: Archaludon|49/100
|-ability|p2a: Archaludon|Stamina|boost
|-boost|p2a: Archaludon|def|1
|
|-heal|p2a: Archaludon|55/100|[from] item: Leftovers
|-damage|p1b: Mr. Rime|10/100 brn|[from] brn
|upkeep
|turn|7
|
|t:|1784935357
|move|p1a: Aerodactyl|Protect|p1a: Aerodactyl
|-singleturn|p1a: Aerodactyl|Protect
|move|p2a: Archaludon|Protect|p2a: Archaludon
|-singleturn|p2a: Archaludon|Protect
|move|p1b: Mr. Rime|Freeze-Dry|p2a: Archaludon
|-activate|p2a: Archaludon|move: Protect
|
|-heal|p2a: Archaludon|61/100|[from] item: Leftovers
|-damage|p1b: Mr. Rime|4/100 brn|[from] brn
|upkeep
|turn|8
|
|t:|1784935373
|move|p1a: Aerodactyl|Rock Slide|p2a: Archaludon|[miss]
|-miss|p1a: Aerodactyl|p2a: Archaludon
|move|p2a: Archaludon|Flash Cannon|p1a: Aerodactyl
|-supereffective|p1a: Aerodactyl|1
|-damage|p1a: Aerodactyl|0 fnt
|faint|p1a: Aerodactyl
|move|p1b: Mr. Rime|Freeze-Dry|p2a: Archaludon
|-damage|p2a: Archaludon|30/100
|-ability|p2a: Archaludon|Stamina|boost
|-boost|p2a: Archaludon|def|1
|
|-heal|p2a: Archaludon|36/100|[from] item: Leftovers
|-damage|p1b: Mr. Rime|0 fnt|[from] brn
|faint|p1b: Mr. Rime
|
|win|xdi8723
||emboar's bacon is ready for game 2.
|inactive|xdi8723 has 30 seconds to confirm battle start!
||xdi8723 is ready for game 2.
|uhtml|next|Next: Game 2 of 3
|l|‽emboar's bacon
|player|p1|
