|j|☆Spartwin
|j|☆lordtentacle69
|html|Spartwinlordtentacle69    
|uhtml|bestof|Game 2 of a best-of-3
|t:|1783052138
|gametype|doubles
|player|p1|Spartwin|doctor|1082
|player|p2|lordtentacle69|corbeau|1215
|gen|9
|tier|[Gen 9 Champions] VGC 2026 Reg M-B (Bo3)
|rated|
|rule|Species Clause: Limit one of each Pokémon
|rule|Item Clause: Limit 1 of each item
|clearpoke
|poke|p1|Mamoswine, L50, M|
|poke|p1|Raichu, L50, F|
|poke|p1|Pikachu, L50, F|
|poke|p1|Sceptile, L50, F|
|poke|p1|Gliscor, L50, M|
|poke|p1|Rotom-Heat, L50|
|poke|p2|Aerodactyl, L50, F|
|poke|p2|Charizard, L50, M|
|poke|p2|Kingambit, L50, M|
|poke|p2|Sylveon, L50, F|
|poke|p2|Farigiraf, L50, M|
|poke|p2|Garchomp, L50, F|
|teampreview|4
|showteam|p1|Mamoswine||LifeOrb|Oblivious|IceShard,Protect,IcicleSpear,HighHorsepower|Adamant||M|||50|]Raichu||RaichuniteX|LightningRod|RisingVoltage,Discharge,Protect,FakeOut|Timid||F|||50|]Pikachu||LightBall|LightningRod|FakeOut,Discharge,VoltSwitch,GrassKnot|Hasty||F|||50|]Sceptile||Sceptilite|Overgrow|Detect,LeafStorm,EarthPower,RockSlide|Hasty||F|||50|]Gliscor||Leftovers|HyperCutter|HighHorsepower,RockSlide,SwordsDance,Tailwind|Careful||M|||50|]Rotom-Heat||FocusSash|Levitate|Discharge,LightScreen,Overheat,WillOWisp|Calm|||||50|
|showteam|p2|Aerodactyl||Aerodactylite|Unnerve|RockSlide,DualWingbeat,IceFang,Tailwind|Jolly||F|||50|]Charizard||CharizarditeY|Blaze|HeatWave,Protect,SolarBeam,WeatherBall|Modest||M|||50|]Kingambit||FocusSash|Defiant|KowtowCleave,SuckerPunch,LowKick,IronHead|Adamant||M|||50|]Sylveon||FairyFeather|Pixilate|HyperVoice,HyperBeam,QuickAttack,Protect|Modest||F|||50|]Farigiraf||SitrusBerry|ArmorTail|Psychic,Protect,TrickRoom,Thunderbolt|Bold||M|||50|]Garchomp||LifeOrb|RoughSkin|Earthquake,StompingTantrum,DragonClaw,Protect|Jolly||F|||50|
|inactive|Battle timer is ON: inactive players will automatically lose when time's up. (requested by Spartwin)
|
|t:|1783052177
|teamsize|p1|4
|teamsize|p2|4
|start
|switch|p1a: Raichu|Raichu, L50, F|100/100
|switch|p1b: Rotom|Rotom-Heat, L50|100/100
|switch|p2a: Farigiraf|Farigiraf, L50, M|100/100
|switch|p2b: Sylveon|Sylveon, L50, F|100/100
|turn|1
|
|t:|1783052198
|detailschange|p1a: Raichu|Raichu-Mega-X, L50, F
|-mega|p1a: Raichu|Raichu|Raichunite X
|-fieldstart|move: Electric Terrain|[from] ability: Electric Surge|[of] p1a: Raichu
|move|p1a: Raichu|Discharge|p2a: Farigiraf|[spread] p1b,p2a,p2b
|-resisted|p1b: Rotom|1
|-damage|p1b: Rotom|87/100
|-damage|p2a: Farigiraf|69/100
|-damage|p2b: Sylveon|75/100
|-status|p2a: Farigiraf|par
|-status|p2b: Sylveon|par
|move|p1b: Rotom|Light Screen|p1b: Rotom
|-sidestart|p1: Spartwin|move: Light Screen
|move|p2b: Sylveon|Hyper Voice|p1b: Rotom|[spread] p1a,p1b
|-resisted|p1b: Rotom|1
|-damage|p1a: Raichu|57/100
|-damage|p1b: Rotom|73/100
|move|p2a: Farigiraf|Trick Room|p2a: Farigiraf
|-fieldstart|move: Trick Room|[of] p2a: Farigiraf
|
|upkeep
|turn|2
|inactive|Spartwin has 30 seconds left.
|inactive|Spartwin has 20 seconds left.
|inactive|Spartwin has 15 seconds left.
|inactive|Spartwin has 10 seconds left.
|inactive|Spartwin has 5 seconds left.
|
|t:|1783052248
|switch|p2a: Kingambit|Kingambit, L50, M|100/100
|move|p2b: Sylveon|Hyper Beam|p1a: Raichu
|-damage|p1a: Raichu|0 fnt
|-mustrecharge|p2b: Sylveon
|faint|p1a: Raichu
|move|p1b: Rotom|Overheat|p2b: Sylveon|[miss]
|-miss|p1b: Rotom|p2b: Sylveon
|
|upkeep
|
|t:|1783052258
|switch|p1a: Pikachu|Pikachu, L50, F|100/100
|turn|3
|
|t:|1783052269
|switch|p2a: Farigiraf|Farigiraf, L50, M|69/100 par
|move|p1a: Pikachu|Fake Out||[still]
|cant|p2a: Farigiraf|ability: Armor Tail|Fake Out|[of] p1a: Pikachu
|cant|p2b: Sylveon|recharge
|move|p1b: Rotom|Overheat|p2a: Farigiraf
|-damage|p2a: Farigiraf|24/100 par
|-unboost|p1b: Rotom|spa|2
|-enditem|p2a: Farigiraf|Sitrus Berry|[eat]
|-heal|p2a: Farigiraf|49/100 par|[from] item: Sitrus Berry
|
|upkeep
|turn|4
|inactive|Spartwin has 30 seconds left.
|inactive|Spartwin has 20 seconds left.
|inactive|Spartwin has 15 seconds left.
|
|t:|1783052310
|switch|p2a: Kingambit|Kingambit, L50, M|100/100
|cant|p2b: Sylveon|par
|move|p1b: Rotom|Discharge|p2b: Sylveon|[spread] p2a,p2b
|-ability|p1a: Pikachu|Lightning Rod|boost
|-boost|p1a: Pikachu|spa|1
|-damage|p2a: Kingambit|87/100
|-damage|p2b: Sylveon|67/100 par
|move|p1a: Pikachu|Discharge|p2b: Sylveon|[spread] p1b,p2a,p2b
|-resisted|p1b: Rotom|1
|-damage|p1b: Rotom|57/100
|-damage|p2a: Kingambit|13/100
|-damage|p2b: Sylveon|8/100 par
|
|upkeep
|turn|5
|
|t:|1783052332
|switch|p1a: Mamoswine|Mamoswine, L50, M|100/100
|move|p2b: Sylveon|Hyper Voice|p1b: Rotom|[spread] p1a,p1b
|-resisted|p1b: Rotom|1
|-damage|p1a: Mamoswine|58/100
|-damage|p1b: Rotom|44/100
|move|p2a: Kingambit|Kowtow Cleave|p1a: Mamoswine
|-crit|p1a: Mamoswine
|-damage|p1a: Mamoswine|0 fnt
|faint|p1a: Mamoswine
|move|p1b: Rotom|Discharge|p2b: Sylveon|[spread] p2a,p2b
|-damage|p2a: Kingambit|2/100
|-damage|p2b: Sylveon|0 fnt
|faint|p2b: Sylveon
|
|-sideend|p1: Spartwin|move: Light Screen
|-fieldend|move: Trick Room
|-fieldend|move: Electric Terrain
|upkeep
|
|t:|1783052351
|switch|p1a: Pikachu|Pikachu, L50, F|100/100
|switch|p2b: Aerodactyl|Aerodactyl, L50, F|100/100
|-ability|p2b: Aerodactyl|Unnerve
|turn|6
|
|t:|1783052372
|detailschange|p2b: Aerodactyl|Aerodactyl-Mega, L50, F
|-mega|p2b: Aerodactyl|Aerodactyl|Aerodactylite
|move|p1a: Pikachu|Fake Out|p2b: Aerodactyl
|-resisted|p2b: Aerodactyl|1
|-damage|p2b: Aerodactyl|92/100
|move|p2a: Kingambit|Sucker Punch||[still]
|-fail|p2a: Kingambit
|cant|p2b: Aerodactyl|flinch
|move|p1b: Rotom|Will-O-Wisp|p2a: Kingambit
|-status|p2a: Kingambit|brn
|
|-damage|p2a: Kingambit|0 fnt|[from] brn
|faint|p2a: Kingambit
|upkeep
|
|t:|1783052382
|switch|p2a: Farigiraf|Farigiraf, L50, M|49/100 par
|turn|7
|inactive|Spartwin has 30 seconds left.
|inactive|Spartwin has 20 seconds left.
|
|t:|1783052422
|move|p2b: Aerodactyl|Rock Slide|p1a: Pikachu|[spread] p1a,p1b
|-supereffective|p1b: Rotom|1
|-damage|p1a: Pikachu|0 fnt
|-damage|p1b: Rotom|0 fnt
|faint|p1a: Pikachu
|faint|p1b: Rotom
|
|win|lordtentacle69
