|j|☆Liam Westland
|j|☆KilamanolaVGC
|html|Liam WestlandKilamanolaVGC    
|uhtml|bestof|Game 2 of a best-of-3
|t:|1755641708
|gametype|doubles
|player|p1|Liam Westland|red|1215
|player|p2|KilamanolaVGC|red|1154
|gen|9
|tier|[Gen 9] VGC 2025 Reg H (Bo3)
|rated|
|rule|Species Clause: Limit one of each Pokémon
|rule|Item Clause: Limit 1 of each item
|clearpoke
|poke|p1|Gallade, L50, M|
|poke|p1|Ursaluna, L50, M|
|poke|p1|Torkoal, L50, F|
|poke|p1|Indeedee-F, L50, F|
|poke|p1|Hatterene, L50, F|
|poke|p1|Maushold, L50|
|poke|p2|Weezing-Galar, L50, F|
|poke|p2|Slaking, L50, M|
|poke|p2|Garchomp, L50, M|
|poke|p2|Corviknight, L50, M|
|poke|p2|Dondozo, L50, M|
|poke|p2|Tatsugiri, L50, M|
|teampreview|4
|showteam|p1|Gallade||ClearAmulet|Sharpness|SacredSword,PsychoCut,WideGuard,TrickRoom|||M|||50|,,,,,Grass]Ursaluna||FlameOrb|Guts|Facade,HeadlongRush,Protect,Substitute|||M|||50|,,,,,Ghost]Torkoal||ChoiceSpecs|Drought|Eruption,WeatherBall,HeatWave,EarthPower|||F|||50|,,,,,Fire]Indeedee-F||PsychicSeed|PsychicSurge|FollowMe,TrickRoom,Psychic,HelpingHand|||F|||50|,,,,,Water]Hatterene||LifeOrb|MagicBounce|ExpandingForce,DazzlingGleam,TeraBlast,TrickRoom|||F|||50|,,,,,Fire]Maushold||WideLens|Technician|PopulationBomb,Taunt,FollowMe,Protect||||||50|,,,,,Poison
|showteam|p2|Weezing-Galar||CovertCloak|NeutralizingGas|StrangeSteam,WillOWisp,Taunt,Protect|||F|||50|,,,,,Water]Slaking||LifeOrb|Truant|DoubleEdge,SuckerPunch,HighHorsepower,Protect|||M|||50|,,,,,Ghost]Garchomp||ClearAmulet|RoughSkin|Earthquake,StompingTantrum,DragonClaw,Protect|||M|||50|,,,,,Ground]Corviknight||SitrusBerry|MirrorArmor|BraveBird,Tailwind,Roost,Protect|||M|||50|,,,,,Dragon]Dondozo||Leftovers|Unaware|WaveCrash,HeavySlam,OrderUp,Protect|||M|||50|,,,,,Grass]Tatsugiri||FocusSash|Commander|MuddyWater,DragonPulse,IcyWind,Protect|||M|||50|,,,,,Grass
|inactive|Battle timer is ON: inactive players will automatically lose when time's up. (requested by Liam Westland)
|inactive|KilamanolaVGC also wants the timer to be on.
|inactive|Liam Westland has 60 seconds left.
|inactive|Liam Westland has 30 seconds left.
|inactive|Liam Westland has 20 seconds left.
|inactive|Liam Westland has 15 seconds left.
|inactive|Liam Westland has 10 seconds left.
|inactive|Liam Westland has 5 seconds left.
|
|t:|1755641796
|teamsize|p1|4
|teamsize|p2|4
|start
|switch|p1a: Maushold|Maushold, L50|100/100
|switch|p1b: Indeedee|Indeedee-F, L50, F|100/100
|switch|p2a: Slaking|Slaking, L50, M, shiny|100/100
|switch|p2b: Weezing|Weezing-Galar, L50, F, shiny|100/100
|-ability|p2b: Weezing|Neutralizing Gas
|turn|1
|
|t:|1755641809
|-terastallize|p2a: Slaking|Ghost
|move|p2b: Weezing|Protect|p2b: Weezing
|-singleturn|p2b: Weezing|Protect
|move|p1a: Maushold|Taunt|p2b: Weezing
|-activate|p2b: Weezing|move: Protect
|move|p2a: Slaking|Double-Edge|p1b: Indeedee
|-damage|p1b: Indeedee|10/100
|-damage|p2a: Slaking|77/100|[from] Recoil
|-damage|p2a: Slaking|67/100|[from] item: Life Orb
|move|p1b: Indeedee|Trick Room|p1b: Indeedee
|-fieldstart|move: Trick Room|[of] p1b: Indeedee
|
|upkeep
|turn|2
|inactive|Liam Westland has 30 seconds left.
|
|t:|1755641843
|move|p1b: Indeedee|Follow Me|p1b: Indeedee
|-singleturn|p1b: Indeedee|move: Follow Me
|move|p2b: Weezing|Taunt|p1b: Indeedee
|-start|p1b: Indeedee|move: Taunt
|move|p2a: Slaking|Double-Edge|p1b: Indeedee
|-damage|p1b: Indeedee|0 fnt
|faint|p1b: Indeedee
|-damage|p2a: Slaking|65/100|[from] Recoil
|-damage|p2a: Slaking|55/100|[from] item: Life Orb
|move|p1a: Maushold|Population Bomb|p2b: Weezing
|-damage|p2b: Weezing|95/100
|-damage|p2b: Weezing|88/100
|-damage|p2b: Weezing|81/100
|-damage|p2b: Weezing|74/100
|-crit|p2b: Weezing
|-damage|p2b: Weezing|64/100
|-damage|p2b: Weezing|57/100
|-damage|p2b: Weezing|50/100
|-damage|p2b: Weezing|44/100
|-damage|p2b: Weezing|37/100
|-damage|p2b: Weezing|31/100
|-hitcount|p2b: Weezing|10
|
|upkeep
|inactive|Liam Westland has 30 seconds left.
|inactive|Liam Westland has 20 seconds left.
|
|t:|1755641880
|switch|p1b: Hatterene|Hatterene, L50, F|100/100
|turn|3
|
|t:|1755641900
|move|p2b: Weezing|Protect|p2b: Weezing
|-singleturn|p2b: Weezing|Protect
|move|p2a: Slaking|Protect|p2a: Slaking
|-singleturn|p2a: Slaking|Protect
|move|p1a: Maushold|Follow Me|p1a: Maushold
|-singleturn|p1a: Maushold|move: Follow Me
|move|p1b: Hatterene|Expanding Force|p2b: Weezing
|-activate|p2b: Weezing|move: Protect
|
|upkeep
|turn|4
|
|t:|1755641922
|move|p1a: Maushold|Follow Me|p1a: Maushold
|-singleturn|p1a: Maushold|move: Follow Me
|move|p1b: Hatterene|Dazzling Gleam|p2b: Weezing|[spread] p2a,p2b
|-resisted|p2b: Weezing
|-damage|p2a: Slaking|8/100
|-damage|p2b: Weezing|8/100
|-damage|p1b: Hatterene|91/100|[from] item: Life Orb
|move|p2b: Weezing|Taunt|p1a: Maushold
|-start|p1a: Maushold|move: Taunt
|move|p2a: Slaking|Double-Edge|p1a: Maushold
|-damage|p1a: Maushold|0 fnt
|faint|p1a: Maushold
|-damage|p2a: Slaking|0 fnt|[from] Recoil
|faint|p2a: Slaking
|
|upkeep
|
|t:|1755641935
|switch|p2a: Dondozo|Dondozo, L50, M, shiny|100/100
|switch|p1a: Gallade|Gallade, L50, M|100/100
|turn|5
|
|t:|1755641952
|-end|p2b: Weezing|ability: Neutralizing Gas
|switch|p2b: Tatsugiri|Tatsugiri, L50, M, shiny|100/100
|-activate|p2b: Tatsugiri|ability: Commander|[of] p2a: Dondozo
|-boost|p2a: Dondozo|atk|2
|-boost|p2a: Dondozo|spa|2
|-boost|p2a: Dondozo|spe|2
|-boost|p2a: Dondozo|def|2
|-boost|p2a: Dondozo|spd|2
|-terastallize|p1a: Gallade|Grass
|move|p2a: Dondozo|Order Up|p1a: Gallade
|-damage|p1a: Gallade|28/100
|-boost|p2a: Dondozo|atk|1
|move|p1b: Hatterene|Trick Room|p1b: Hatterene
|-fieldend|move: Trick Room
|move|p1a: Gallade|Trick Room|p1a: Gallade
|-fieldstart|move: Trick Room|[of] p1a: Gallade
|
|upkeep
|turn|6
|
|t:|1755641977
|move|p2a: Dondozo|Protect|p2a: Dondozo
|-singleturn|p2a: Dondozo|Protect
|move|p1b: Hatterene|Expanding Force|p2a: Dondozo
|-activate|p2a: Dondozo|move: Protect
|move|p1a: Gallade|Sacred Sword|p2a: Dondozo
|-activate|p2a: Dondozo|move: Protect
|
|upkeep
|turn|7
|
|t:|1755641982
|move|p1b: Hatterene|Expanding Force|p2a: Dondozo
|-damage|p2a: Dondozo|70/100
|-damage|p1b: Hatterene|82/100|[from] item: Life Orb
|move|p1a: Gallade|Sacred Sword|p2a: Dondozo
|-damage|p2a: Dondozo|20/100
|move|p2a: Dondozo|Order Up|p1a: Gallade
|-damage|p1a: Gallade|0 fnt
|faint|p1a: Gallade
|-boost|p2a: Dondozo|atk|1
|
|-heal|p2a: Dondozo|26/100|[from] item: Leftovers
|upkeep
|turn|8
|
|t:|1755641991
|move|p2a: Dondozo|Protect|p2a: Dondozo
|-singleturn|p2a: Dondozo|Protect
|move|p1b: Hatterene|Expanding Force|p2a: Dondozo
|-activate|p2a: Dondozo|move: Protect
|
|-heal|p2a: Dondozo|32/100|[from] item: Leftovers
|upkeep
|turn|9
|
|t:|1755641994
|move|p1b: Hatterene|Expanding Force|p2a: Dondozo
|-damage|p2a: Dondozo|4/100
|-damage|p1b: Hatterene|72/100|[from] item: Life Orb
|move|p2a: Dondozo|Heavy Slam|p1b: Hatterene
|-supereffective|p1b: Hatterene
|-damage|p1b: Hatterene|0 fnt
|faint|p1b: Hatterene
|
|win|KilamanolaVGC
|raw|Liam Westland's rating: 1215 → 1186(-29 for losing)
|raw|KilamanolaVGC's rating: 1154 → 1183(+29 for winning)
|c|☆KilamanolaVGC|Gg
|c|☆Liam Westland|too good
|c|☆Liam Westland|ggs
|l|☆KilamanolaVGC
|player|p2|
