|j|☆Lightoz
|j|☆robby w
|html|Lightozrobby w    
|uhtml|bestof|Game 1 of a best-of-3
|t:|1756671767
|gametype|doubles
|player|p1|Lightoz|blue-gen2|1377
|player|p2|robby w|pokefan-gen4|1249
|gen|9
|tier|[Gen 9] VGC 2025 Reg H (Bo3)
|rated|
|rule|Species Clause: Limit one of each Pokémon
|rule|Item Clause: Limit 1 of each item
|clearpoke
|poke|p1|Incineroar, L50, M|
|poke|p1|Annihilape, L50, M|
|poke|p1|Dragonite, L50, F|
|poke|p1|Volcarona, L50, F|
|poke|p1|Rillaboom, L50, F|
|poke|p1|Ninetales-Alola, L50, F|
|poke|p2|Dondozo, L50, F|
|poke|p2|Tatsugiri, L50, F|
|poke|p2|Sneasler, L50, M|
|poke|p2|Whimsicott, L50, F|
|poke|p2|Ursaluna-Bloodmoon, L50, M|
|poke|p2|Indeedee, L50, M|
|teampreview|4
|showteam|p1|Incineroar||SitrusBerry|Intimidate|FlareBlitz,KnockOff,FakeOut,PartingShot|||M|||50|,,,,,Ghost]Annihilape||SafetyGoggles|Defiant|CloseCombat,RageFist,Coaching,FinalGambit|||M|||50|,,,,,Water]Dragonite||LoadedDice|Multiscale|ScaleShot,ExtremeSpeed,Haze,Protect|||F|||50|,,,,,Normal]Volcarona||Leftovers|FlameBody|HeatWave,TeraBlast,QuiverDance,Protect|||F|||50|,,,,,Fairy]Rillaboom||AssaultVest|GrassySurge|WoodHammer,GrassyGlide,HighHorsepower,FakeOut|||F|||50|,,,,,Fire]Ninetales-Alola||LifeOrb|SnowWarning|Blizzard,FreezeDry,Encore,Protect|||F|||50|,,,,,Ghost
|showteam|p2|Dondozo||Leftovers|Unaware|Protect,WaveCrash,Earthquake,OrderUp|||F|||50|,,,,,Grass]Tatsugiri||ChoiceScarf|Commander|DragonPulse,IcyWind,DracoMeteor,MuddyWater|||F|||50|,,,,,Stellar]Sneasler||PsychicSeed|Unburden|DireClaw,CloseCombat,Protect,ThroatChop|||M|||50|,,,,,Dark]Whimsicott||CovertCloak|Prankster|Tailwind,Moonblast,Taunt,HelpingHand|||F|||50|,,,,,Grass]Ursaluna-Bloodmoon||LifeOrb|MindsEye|BloodMoon,HyperVoice,Protect,EarthPower|||M|||50|,,,,,Normal]Indeedee||FocusSash|PsychicSurge|ExpandingForce,TrickRoom,DazzlingGleam,Protect|||M|||50|,,,,,Fairy
|inactive|Battle timer is ON: inactive players will automatically lose when time's up. (requested by robby w)
|
|t:|1756671809
|teamsize|p1|4
|teamsize|p2|4
|start
|switch|p1a: Rillaboom|Rillaboom, L50, F|100/100
|switch|p1b: Ninetales|Ninetales-Alola, L50, F|100/100
|switch|p2a: Ursaluna|Ursaluna-Bloodmoon, L50, M|100/100
|switch|p2b: Whimsicott|Whimsicott, L50, F|100/100
|-weather|Snowscape|[from] ability: Snow Warning|[of] p1b: Ninetales
|-fieldstart|move: Grassy Terrain|[from] ability: Grassy Surge|[of] p1a: Rillaboom
|turn|1
|inactive|robby w has 30 seconds left.
|
|t:|1756671837
|move|p2a: Ursaluna|Protect|p2a: Ursaluna
|-singleturn|p2a: Ursaluna|Protect
|move|p1a: Rillaboom|Fake Out|p2a: Ursaluna
|-activate|p2a: Ursaluna|move: Protect
|move|p2b: Whimsicott|Tailwind|p2b: Whimsicott
|-sidestart|p2: robby w|move: Tailwind
|move|p1b: Ninetales|Blizzard|p2b: Whimsicott|[spread] p2b
|-activate|p2a: Ursaluna|move: Protect
|-supereffective|p2b: Whimsicott
|-damage|p2b: Whimsicott|0 fnt
|faint|p2b: Whimsicott
|-damage|p1b: Ninetales|91/100|[from] item: Life Orb
|
|-weather|Snowscape|[upkeep]
|-heal|p1b: Ninetales|97/100|[from] Grassy Terrain
|upkeep
|
|t:|1756671853
|switch|p2b: Indeedee|Indeedee, L50, M|100/100
|-fieldstart|move: Psychic Terrain|[from] ability: Psychic Surge|[of] p2b: Indeedee
|turn|2
|inactive|robby w has 30 seconds left.
|
|t:|1756671880
|switch|p1a: Incineroar|Incineroar, L50, M|100/100
|-ability|p1a: Incineroar|Intimidate|boost
|-unboost|p2a: Ursaluna|atk|1
|-unboost|p2b: Indeedee|atk|1
|-terastallize|p2a: Ursaluna|Normal
|move|p1b: Ninetales|Protect|p1b: Ninetales
|-singleturn|p1b: Ninetales|Protect
|move|p2b: Indeedee|Expanding Force|p1a: Incineroar|[spread] 
|-activate|p1b: Ninetales|move: Protect
|-immune|p1a: Incineroar
|move|p2a: Ursaluna|Blood Moon|p1a: Incineroar
|-damage|p1a: Incineroar|0 fnt
|faint|p1a: Incineroar
|-damage|p2a: Ursaluna|91/100|[from] item: Life Orb
|
|-weather|Snowscape|[upkeep]
|upkeep
|
|t:|1756671891
|switch|p1a: Rillaboom|Rillaboom, L50, F|100/100
|-fieldstart|move: Grassy Terrain|[from] ability: Grassy Surge|[of] p1a: Rillaboom
|turn|3
|
|t:|1756671906
|switch|p2b: Sneasler|Sneasler, L50, M|100/100
|move|p2a: Ursaluna|Protect|p2a: Ursaluna
|-singleturn|p2a: Ursaluna|Protect
|move|p1a: Rillaboom|Fake Out|p2a: Ursaluna
|-activate|p2a: Ursaluna|move: Protect
|move|p1b: Ninetales|Blizzard|p2a: Ursaluna|[spread] p2b
|-activate|p2a: Ursaluna|move: Protect
|-damage|p2b: Sneasler|45/100
|-damage|p1b: Ninetales|87/100|[from] item: Life Orb
|
|-weather|Snowscape|[upkeep]
|-heal|p2b: Sneasler|51/100|[from] Grassy Terrain
|-heal|p2a: Ursaluna|97/100|[from] Grassy Terrain
|-heal|p1b: Ninetales|93/100|[from] Grassy Terrain
|upkeep
|turn|4
|inactive|robby w has 30 seconds left.
|
|t:|1756671934
|move|p1b: Ninetales|Protect|p1b: Ninetales
|-singleturn|p1b: Ninetales|Protect
|move|p1a: Rillaboom|Grassy Glide|p2a: Ursaluna
|-damage|p2a: Ursaluna|63/100
|move|p2b: Sneasler|Dire Claw|p1b: Ninetales
|-activate|p1b: Ninetales|move: Protect
|move|p2a: Ursaluna|Blood Moon|p1a: Rillaboom
|-damage|p1a: Rillaboom|0 fnt
|faint|p1a: Rillaboom
|-damage|p2a: Ursaluna|54/100|[from] item: Life Orb
|
|-weather|Snowscape|[upkeep]
|-heal|p2b: Sneasler|57/100|[from] Grassy Terrain
|-heal|p2a: Ursaluna|60/100|[from] Grassy Terrain
|-heal|p1b: Ninetales|99/100|[from] Grassy Terrain
|-sideend|p2: robby w|move: Tailwind
|upkeep
|
|t:|1756671936
|switch|p1a: Dragonite|Dragonite, L50, F|100/100
|turn|5
|inactive|robby w has 30 seconds left.
|
|t:|1756671962
|switch|p2a: Indeedee|Indeedee, L50, M|100/100
|-fieldstart|move: Psychic Terrain|[from] ability: Psychic Surge|[of] p2a: Indeedee
|-enditem|p2b: Sneasler|Psychic Seed
|-boost|p2b: Sneasler|spd|1|[from] item: Psychic Seed
|-terastallize|p1b: Ninetales|Ghost
|move|p2b: Sneasler|Dire Claw|p1b: Ninetales
|-resisted|p1b: Ninetales
|-damage|p1b: Ninetales|66/100
|-status|p1b: Ninetales|slp
|cant|p1b: Ninetales|slp
|move|p1a: Dragonite|Scale Shot|p2a: Indeedee
|-damage|p2a: Indeedee|72/100
|-damage|p2a: Indeedee|43/100
|-damage|p2a: Indeedee|13/100
|-damage|p2a: Indeedee|0 fnt
|faint|p2a: Indeedee
|-hitcount|p2: Indeedee|4
|-unboost|p1a: Dragonite|def|1
|-boost|p1a: Dragonite|spe|1
|
|-weather|none
|upkeep
|
|t:|1756671984
|switch|p2a: Ursaluna|Ursaluna-Bloodmoon, L50, M, tera:Normal|60/100
|turn|6
|
|t:|1756672002
|move|p2b: Sneasler|Dire Claw|p1a: Dragonite
|-damage|p1a: Dragonite|62/100
|move|p1a: Dragonite|Scale Shot|p2b: Sneasler|[miss]
|-miss|p1a: Dragonite|p2b: Sneasler
|cant|p1b: Ninetales|slp
|move|p2a: Ursaluna|Hyper Voice|p1b: Ninetales|[spread] p1a,p1b
|-damage|p1a: Dragonite|0 fnt
|-damage|p1b: Ninetales|0 fnt
|faint|p1a: Dragonite
|faint|p1b: Ninetales
|-damage|p2a: Ursaluna|50/100|[from] item: Life Orb
|
|win|robby w
||Lightoz is ready for game 2.
|inactive|robby w has 30 seconds to confirm battle start!
||robby w is ready for game 2.
|uhtml|next|Next: Game 2 of 3
|l|☆Lightoz
|player|p1|
