|j|☆almiavgc
|j|☆GS Barnabe
|html|almiavgcGS Barnabe    
|uhtml|bestof|Game 2 of a best-of-3
|t:|1785599849
|gametype|doubles
|player|p1|almiavgc|hilbert|1167
|player|p2|GS Barnabe|2|1180
|gen|9
|tier|[Gen 9 Champions] VGC 2026 Reg M-B (Bo3)
|rated|
|rule|Species Clause: Limit one of each Pokémon
|rule|Item Clause: Limit 1 of each item
|clearpoke
|poke|p1|Charizard, L50, M|
|poke|p1|Venusaur, L50, M|
|poke|p1|Garchomp, L50, M|
|poke|p1|Incineroar, L50, M|
|poke|p1|Toxapex, L50, F|
|poke|p1|Kingambit, L50, M|
|poke|p2|Meowstic, L50, M|
|poke|p2|Tyranitar, L50, F|
|poke|p2|Scovillain, L50, M|
|poke|p2|Houndstone, L50, M|
|poke|p2|Rotom-Wash, L50|
|poke|p2|Aerodactyl, L50, F|
|teampreview|4
|showteam|p1|Charizard||CharizarditeY|Blaze|HeatWave,WeatherBall,HelpingHand,Protect|Timid||M|||50|]Venusaur||LifeOrb|Chlorophyll|SludgeBomb,SolarBeam,EarthPower,Protect|Modest||M|||50|]Garchomp||ChoiceScarf|RoughSkin|Earthquake,DragonClaw,RockSlide,StompingTantrum|Adamant||M|||50|]Incineroar||SitrusBerry|Intimidate|FakeOut,FlareBlitz,ThroatChop,PartingShot|Impish||M|||50|]Toxapex||Leftovers|Regenerator|Infestation,Toxic,WideGuard,BanefulBunker|Relaxed||F|||50|]Kingambit||FocusSash|Defiant|KowtowCleave,LowKick,SuckerPunch,Protect|Adamant||M|||50|
|showteam|p2|Meowstic||LightClay|Prankster|FakeOut,Reflect,LightScreen,PsychicNoise|Bold||M|||50|]Tyranitar||ChoiceScarf|SandStream|RockSlide,KnockOff,IcePunch,Superpower|Jolly||F|||50|]Scovillain||Scovillainite|Moody|Overheat,LeechSeed,RagePowder,Protect|Calm||M|||50|]Houndstone||SitrusBerry|SandRush|LastRespects,Disable,AllySwitch,Protect|Adamant||M|||50|]Rotom-Wash||Leftovers|Levitate|HydroPump,VoltSwitch,WillOWisp,Protect|Calm|||||50|]Aerodactyl||Aerodactylite|RockHead|RockSlide,DualWingbeat,Tailwind,Protect|Jolly||F|||50|
|
|t:|1785599894
|teamsize|p1|4
|teamsize|p2|4
|start
|switch|p1a: Incineroar|Incineroar, L50, M|100/100
|switch|p1b: Garchomp|Garchomp, L50, M|100/100
|switch|p2a: Scovillain|Scovillain, L50, M|100/100
|switch|p2b: Meowstic|Meowstic, L50, M|100/100
|-ability|p1a: Incineroar|Intimidate|boost
|-unboost|p2a: Scovillain|atk|1
|-unboost|p2b: Meowstic|atk|1
|turn|1
|
|t:|1785599948
|switch|p1b: Toxapex|Toxapex, L50, F|100/100
|move|p2b: Meowstic|Fake Out|p1b: Toxapex
|-damage|p1b: Toxapex|97/100
|move|p2a: Scovillain|Leech Seed|p1b: Toxapex
|-start|p1b: Toxapex|move: Leech Seed
|move|p1a: Incineroar|Throat Chop|p2b: Meowstic
|-supereffective|p2b: Meowstic|1
|-damage|p2b: Meowstic|37/100
|-start|p2b: Meowstic|Throat Chop|[silent]
|
|-heal|p1b: Toxapex|100/100|[from] item: Leftovers
|-damage|p1b: Toxapex|87/100|[from] Leech Seed|[of] p2a: Scovillain
|-ability|p2a: Scovillain|Moody|boost
|-boost|p2a: Scovillain|spe|2
|-unboost|p2a: Scovillain|def|1
|upkeep
|turn|2
|
|t:|1785599976
|detailschange|p2a: Scovillain|Scovillain-Mega, L50, M
|-mega|p2a: Scovillain|Scovillain|Scovillainite
|move|p2b: Meowstic|Reflect|p2b: Meowstic
|-sidestart|p2: GS Barnabe|Reflect
|move|p2a: Scovillain|Leech Seed|p1a: Incineroar
|-start|p1a: Incineroar|move: Leech Seed
|move|p1a: Incineroar|Flare Blitz|p2a: Scovillain
|-damage|p2a: Scovillain|57/100
|-immune|p1a: Incineroar
|-damage|p1a: Incineroar|88/100|[from] Recoil
|move|p1b: Toxapex|Toxic|p2a: Scovillain
|-status|p2a: Scovillain|tox
|
|-heal|p1b: Toxapex|93/100|[from] item: Leftovers
|-damage|p1a: Incineroar|75/100|[from] Leech Seed|[of] p2a: Scovillain
|-heal|p2a: Scovillain|72/100 tox|[silent]
|-damage|p1b: Toxapex|81/100|[from] Leech Seed|[of] p2a: Scovillain
|-heal|p2a: Scovillain|83/100 tox|[silent]
|-damage|p2a: Scovillain|77/100 tox|[from] psn
|-end|p2b: Meowstic|Throat Chop|[silent]
|upkeep
|turn|3
|
|t:|1785600011
|switch|p2b: Tyranitar|Tyranitar, L50, F|100/100
|-weather|Sandstorm|[from] ability: Sand Stream|[of] p2b: Tyranitar
|-heal|p1b: Toxapex|100/100|[from] ability: Regenerator|[silent]
|switch|p1b: Kingambit|Kingambit, L50, M|100/100
|move|p2a: Scovillain|Rage Powder|p2a: Scovillain
|-singleturn|p2a: Scovillain|move: Rage Powder
|move|p1a: Incineroar|Parting Shot|p2a: Scovillain
|-unboost|p2a: Scovillain|atk|1
|-unboost|p2a: Scovillain|spa|1
|
|t:|1785600026
|switch|p1a: Toxapex|Toxapex, L50, F|100/100|[from] Parting Shot
|
|-weather|Sandstorm|[upkeep]
|-damage|p2a: Scovillain|71/100 tox|[from] Sandstorm
|-damage|p1a: Toxapex|94/100|[from] Sandstorm
|-heal|p1a: Toxapex|100/100|[from] item: Leftovers
|-damage|p2a: Scovillain|59/100 tox|[from] psn
|upkeep
|turn|4
|
|t:|1785600053
|switch|p1b: Incineroar|Incineroar, L50, M|75/100
|-ability|p1b: Incineroar|Intimidate|boost
|-unboost|p2a: Scovillain|atk|1
|-unboost|p2b: Tyranitar|atk|1
|move|p2a: Scovillain|Overheat|p1b: Incineroar
|-resisted|p1b: Incineroar|1
|-damage|p1b: Incineroar|58/100
|-unboost|p2a: Scovillain|spa|2
|move|p2b: Tyranitar|Knock Off|p1b: Incineroar
|-resisted|p1b: Incineroar|1
|-damage|p1b: Incineroar|44/100
|-enditem|p1b: Incineroar|Sitrus Berry|[from] move: Knock Off|[of] p2b: Tyranitar
|move|p1a: Toxapex|Infestation|p2b: Tyranitar
|-supereffective|p2b: Tyranitar|1
|-damage|p2b: Tyranitar|95/100
|-activate|p2b: Tyranitar|move: Infestation|[of] p1a: Toxapex
|
|-weather|Sandstorm|[upkeep]
|-damage|p2a: Scovillain|54/100 tox|[from] Sandstorm
|-damage|p1b: Incineroar|38/100|[from] Sandstorm
|-damage|p1a: Toxapex|94/100|[from] Sandstorm
|-heal|p1a: Toxapex|100/100|[from] item: Leftovers
|-damage|p2a: Scovillain|36/100 tox|[from] psn
|-damage|p2b: Tyranitar|83/100|[from] move: Infestation|[partiallytrapped]
|upkeep
|turn|5
|
|t:|1785600077
|move|p1a: Toxapex|Baneful Bunker|p1a: Toxapex
|-singleturn|p1a: Toxapex|move: Protect
|move|p2a: Scovillain|Leech Seed|p1a: Toxapex
|-activate|p1a: Toxapex|move: Protect
|move|p2b: Tyranitar|Knock Off|p1a: Toxapex
|-activate|p1a: Toxapex|move: Protect
|-status|p2b: Tyranitar|psn
|move|p1b: Incineroar|Parting Shot|p2b: Tyranitar
|-unboost|p2b: Tyranitar|atk|1
|-unboost|p2b: Tyranitar|spa|1
|
|t:|1785600090
|switch|p1b: Kingambit|Kingambit, L50, M|100/100|[from] Parting Shot
|
|-weather|Sandstorm|[upkeep]
|-damage|p2a: Scovillain|30/100 tox|[from] Sandstorm
|-damage|p1a: Toxapex|94/100|[from] Sandstorm
|-heal|p1a: Toxapex|100/100|[from] item: Leftovers
|-damage|p2a: Scovillain|7/100 tox|[from] psn
|-damage|p2b: Tyranitar|71/100 psn|[from] psn
|-damage|p2b: Tyranitar|59/100 psn|[from] move: Infestation|[partiallytrapped]
|upkeep
|turn|6
|
|t:|1785600103
|move|p1b: Kingambit|Protect|p1b: Kingambit
|-singleturn|p1b: Kingambit|Protect
|move|p2a: Scovillain|Rage Powder|p2a: Scovillain
|-singleturn|p2a: Scovillain|move: Rage Powder
|move|p2b: Tyranitar|Knock Off|p1a: Toxapex
|-damage|p1a: Toxapex|82/100
|-enditem|p1a: Toxapex|Leftovers|[from] move: Knock Off|[of] p2b: Tyranitar
|move|p1a: Toxapex|Infestation|p2a: Scovillain
|-damage|p2a: Scovillain|4/100 tox
|-activate|p2a: Scovillain|move: Infestation|[of] p1a: Toxapex
|-status|p1a: Toxapex|brn|[from] ability: Spicy Spray|[of] p2a: Scovillain
|
|-weather|Sandstorm|[upkeep]
|-damage|p2a: Scovillain|0 fnt|[from] Sandstorm
|-damage|p1a: Toxapex|76/100 brn|[from] Sandstorm
|faint|p2a: Scovillain
|-damage|p2b: Tyranitar|47/100 psn|[from] psn
|-damage|p1a: Toxapex|70/100 brn|[from] brn
|-damage|p2b: Tyranitar|35/100 psn|[from] move: Infestation|[partiallytrapped]
|upkeep
|
|t:|1785600131
|switch|p2a: Meowstic|Meowstic, L50, M|37/100
|turn|7
|
|t:|1785600155
|-heal|p1a: Toxapex|100/100 brn|[from] ability: Regenerator|[silent]
|switch|p1a: Incineroar|Incineroar, L50, M|38/100
|-ability|p1a: Incineroar|Intimidate|boost
|-unboost|p2a: Meowstic|atk|1
|-unboost|p2b: Tyranitar|atk|1
|move|p2a: Meowstic|Fake Out|p1b: Kingambit
|-resisted|p1b: Kingambit|1
|-damage|p1b: Kingambit|98/100
|move|p2b: Tyranitar|Knock Off|p1a: Incineroar
|-resisted|p1a: Incineroar|1
|-damage|p1a: Incineroar|33/100
|cant|p1b: Kingambit|flinch
|
|-weather|none
|-damage|p2b: Tyranitar|23/100 psn|[from] psn
|-end|p2b: Tyranitar|Infestation|[partiallytrapped]|[silent]
|upkeep
|turn|8
|
|t:|1785600192
|switch|p2a: Rotom|Rotom-Wash, L50|100/100
|move|p1a: Incineroar|Fake Out|p2a: Rotom
|-damage|p2a: Rotom|92/100
|move|p2b: Tyranitar|Knock Off|p1b: Kingambit
|-resisted|p1b: Kingambit|1
|-damage|p1b: Kingambit|89/100
|-enditem|p1b: Kingambit|Focus Sash|[from] move: Knock Off|[of] p2b: Tyranitar
|move|p1b: Kingambit|Kowtow Cleave|p2a: Rotom
|-damage|p2a: Rotom|53/100
|
|-heal|p2a: Rotom|59/100|[from] item: Leftovers
|-damage|p2b: Tyranitar|11/100 psn|[from] psn
|upkeep
|turn|9
|
|t:|1785600238
|switch|p2b: Meowstic|Meowstic, L50, M|37/100
|switch|p1a: Toxapex|Toxapex, L50, F|100/100 brn
|move|p1b: Kingambit|Protect|p1b: Kingambit
|-singleturn|p1b: Kingambit|Protect
|move|p2a: Rotom|Will-O-Wisp|p1b: Kingambit
|-activate|p1b: Kingambit|move: Protect
|
|-heal|p2a: Rotom|65/100|[from] item: Leftovers
|-damage|p1a: Toxapex|94/100 brn|[from] brn
|-sideend|p2: GS Barnabe|Reflect
|upkeep
|turn|10
|
|t:|1785600274
|move|p1b: Kingambit|Sucker Punch|p2a: Rotom
|-damage|p2a: Rotom|24/100
|move|p2a: Rotom|Hydro Pump|p1b: Kingambit
|-crit|p1b: Kingambit
|-damage|p1b: Kingambit|19/100
|move|p2b: Meowstic|Psychic Noise|p1a: Toxapex
|-supereffective|p1a: Toxapex|1
|-damage|p1a: Toxapex|58/100 brn
|-start|p1a: Toxapex|move: Heal Block
|move|p1a: Toxapex|Toxic|p2a: Rotom
|-status|p2a: Rotom|tox
|
|-heal|p2a: Rotom|30/100 tox|[from] item: Leftovers
|-damage|p2a: Rotom|24/100 tox|[from] psn
|-damage|p1a: Toxapex|52/100 brn|[from] brn
|upkeep
|turn|11
|
|t:|1785600301
|move|p1b: Kingambit|Protect|p1b: Kingambit
|-singleturn|p1b: Kingambit|Protect
|move|p2b: Meowstic|Reflect|p2b: Meowstic
|-sidestart|p2: GS Barnabe|Reflect
|move|p2a: Rotom|Will-O-Wisp|p1b: Kingambit
|-activate|p1b: Kingambit|move: Protect
|move|p1a: Toxapex|Infestation|p2b: Meowstic
|-supereffective|p2b: Meowstic|1
|-damage|p2b: Meowstic|30/100
|-activate|p2b: Meowstic|move: Infestation|[of] p1a: Toxapex
|
|-heal|p2a: Rotom|30/100 tox|[from] item: Leftovers
|-damage|p2a: Rotom|18/100 tox|[from] psn
|-damage|p1a: Toxapex|47/100 brn|[from] brn
|-damage|p2b: Meowstic|18/100|[from] move: Infestation|[partiallytrapped]
|-end|p1a: Toxapex|move: Heal Block
|upkeep
|turn|12
|
|t:|1785600330
|switch|p1b: Incineroar|Incineroar, L50, M|33/100
|-ability|p1b: Incineroar|Intimidate|boost
|-unboost|p2a: Rotom|atk|1
|-unboost|p2b: Meowstic|atk|1
|move|p1a: Toxapex|Baneful Bunker|p1a: Toxapex
|-singleturn|p1a: Toxapex|move: Protect
|move|p2a: Rotom|Hydro Pump|p1b: Incineroar|[miss]
|-miss|p2a: Rotom|p1b: Incineroar
|move|p2b: Meowstic|Psychic Noise|p1a: Toxapex
|-activate|p1a: Toxapex|move: Protect
|
|-heal|p2a: Rotom|24/100 tox|[from] item: Leftovers
|-damage|p2a: Rotom|7/100 tox|[from] psn
|-damage|p1a: Toxapex|41/100 brn|[from] brn
|-damage|p2b: Meowstic|6/100|[from] move: Infestation|[partiallytrapped]
|upkeep
|turn|13
|
|t:|1785600365
|switch|p2a: Tyranitar|Tyranitar, L50, F|11/100 psn
|-weather|Sandstorm|[from] ability: Sand Stream|[of] p2a: Tyranitar
|-heal|p1a: Toxapex|74/100 brn|[from] ability: Regenerator|[silent]
|switch|p1a: Kingambit|Kingambit, L50, M|19/100
|move|p1b: Incineroar|Fake Out|p2a: Tyranitar
|-resisted|p2a: Tyranitar|1
|-damage|p2a: Tyranitar|8/100 psn
|move|p2b: Meowstic|Psychic Noise|p1a: Kingambit
|-immune|p1a: Kingambit
|
|-weather|Sandstorm|[upkeep]
|-damage|p2b: Meowstic|0 fnt|[from] Sandstorm
|-damage|p1b: Incineroar|27/100|[from] Sandstorm
|faint|p2b: Meowstic
|-damage|p2a: Tyranitar|0 fnt|[from] psn
|faint|p2a: Tyranitar
|upkeep
|
|t:|1785600374
|switch|p2b: Rotom|Rotom-Wash, L50|7/100 tox
|turn|14
|
|t:|1785600380
|move|p1a: Kingambit|Sucker Punch|p2b: Rotom
|-damage|p2b: Rotom|0 fnt
|faint|p2b: Rotom
|
|win|almiavgc
|raw|almiavgc's rating: 1167 → 1193(+26 for winning)
|raw|GS Barnabe's rating: 1180 → 1154(-26 for losing)
