|j|☆bea alonzo 3>e
|j|☆Park Su Kim
|html|bea alonzo 3>ePark Su Kim    
|uhtml|bestof|Game 2 of a best-of-3
|t:|1785216888
|gametype|doubles
|player|p1|bea alonzo 3>e|266|1130
|player|p2|Park Su Kim|170|1011
|gen|9
|tier|[Gen 9 Champions] VGC 2026 Reg M-B (Bo3)
|rated|
|rule|Species Clause: Limit one of each Pokémon
|rule|Item Clause: Limit 1 of each item
|clearpoke
|poke|p1|Basculegion, L50, M|
|poke|p1|Scizor, L50, F|
|poke|p1|Tyranitar, L50, F|
|poke|p1|Sneasler, L50, F|
|poke|p1|Corviknight, L50, F|
|poke|p1|Garchomp, L50, M|
|poke|p2|Charizard, L50, M|
|poke|p2|Glimmora, L50, M|
|poke|p2|Whimsicott, L50, F|
|poke|p2|Ninetales-Alola, L50, F|
|poke|p2|Kingambit, L50, M|
|poke|p2|Kommo-o, L50, M|
|teampreview|4
|showteam|p1|Basculegion||SitrusBerry|Adaptability|WaveCrash,LastRespects,AquaJet,Protect|Jolly||M|||50|]Scizor||LifeOrb|Technician|BulletPunch,BugBite,SwordsDance,Protect|Adamant||F|||50|]Tyranitar||ChoiceScarf|SandStream|RockSlide,KnockOff,IcePunch,Superpower|Jolly||F|||50|]Sneasler||FocusSash|PoisonTouch|PoisonJab,CloseCombat,FakeOut,Protect|Jolly||F|||50|]Corviknight||Leftovers|MirrorArmor|IronHead,BraveBird,Tailwind,Protect|Impish||F|||50|]Garchomp||Garchompite|SandVeil|EarthPower,DracoMeteor,PowerGem,Protect|Modest||M|||50|
|showteam|p2|Charizard||CharizarditeY|Blaze|HeatWave,WeatherBall,SolarBeam,Protect|Modest||M|||50|]Glimmora||Glimmoranite|ToxicDebris|SludgeBomb,PowerGem,EarthPower,SpikyShield|Modest||M|||50|]Whimsicott||FocusSash|Prankster|Moonblast,Tailwind,Encore,Protect|Timid||F|||50|]Ninetales-Alola||NeverMeltIce|SnowWarning|Blizzard,FreezeDry,Disable,Protect|Timid||F|||50|]Kingambit||BlackGlasses|Defiant|KowtowCleave,SuckerPunch,IronHead,Protect|Adamant||M|||50|]Kommo-o||LifeOrb|Bulletproof|ClangingScales,AuraSphere,VacuumWave,Protect|Modest||M|||50|
|inactive|Battle timer is ON: inactive players will automatically lose when time's up. (requested by Park Su Kim)
|
|t:|1785216913
|teamsize|p1|4
|teamsize|p2|4
|start
|switch|p1a: Garchomp|Garchomp, L50, M|100/100
|switch|p1b: Basculegion|Basculegion, L50, M|100/100
|switch|p2a: Charizard|Charizard, L50, M|100/100
|switch|p2b: Kingambit|Kingambit, L50, M|100/100
|turn|1
|inactive|bea alonzo 3>e has 30 seconds left.
|inactive|bea alonzo 3>e has 20 seconds left.
|
|t:|1785216951
|switch|p2a: Ninetales|Ninetales-Alola, L50, F|100/100
|-weather|Snowscape|[from] ability: Snow Warning|[of] p2a: Ninetales
|detailschange|p1a: Garchomp|Garchomp-Mega, L50, M
|-mega|p1a: Garchomp|Garchomp|Garchompite
|move|p1b: Basculegion|Aqua Jet|p2b: Kingambit
|-damage|p2b: Kingambit|78/100
|move|p1a: Garchomp|Earth Power|p2b: Kingambit
|-supereffective|p2b: Kingambit|1
|-damage|p2b: Kingambit|0 fnt
|faint|p2b: Kingambit
|
|-weather|Snowscape|[upkeep]
|upkeep
|
|t:|1785216966
|switch|p2b: Whimsicott|Whimsicott, L50, F|100/100
|turn|2
|inactive|bea alonzo 3>e has 30 seconds left.
|
|t:|1785216994
|switch|p1a: Sneasler|Sneasler, L50, F|100/100
|move|p1b: Basculegion|Protect|p1b: Basculegion
|-singleturn|p1b: Basculegion|Protect
|move|p2b: Whimsicott|Moonblast|p1a: Sneasler
|-damage|p1a: Sneasler|52/100
|move|p2a: Ninetales|Freeze-Dry|p1b: Basculegion
|-activate|p1b: Basculegion|move: Protect
|
|-weather|Snowscape|[upkeep]
|upkeep
|turn|3
|inactive|bea alonzo 3>e has 30 seconds left.
|inactive|bea alonzo 3>e has 20 seconds left.
|inactive|bea alonzo 3>e has 15 seconds left.
|inactive|bea alonzo 3>e has 10 seconds left.
|
|t:|1785217043
|move|p2b: Whimsicott|Protect|p2b: Whimsicott
|-singleturn|p2b: Whimsicott|Protect
|move|p2a: Ninetales|Protect|p2a: Ninetales
|-singleturn|p2a: Ninetales|Protect
|move|p1a: Sneasler|Fake Out|p2b: Whimsicott
|-activate|p2b: Whimsicott|move: Protect
|move|p1b: Basculegion|Last Respects|p2b: Whimsicott
|-activate|p2b: Whimsicott|move: Protect
|
|-weather|Snowscape|[upkeep]
|upkeep
|turn|4
|
|t:|1785217065
|switch|p1b: Tyranitar|Tyranitar, L50, F|100/100
|-weather|Sandstorm|[from] ability: Sand Stream|[of] p1b: Tyranitar
|move|p1a: Sneasler|Protect|p1a: Sneasler
|-singleturn|p1a: Sneasler|Protect
|move|p2b: Whimsicott|Encore|p1a: Sneasler
|-activate|p1a: Sneasler|move: Protect
|move|p2a: Ninetales|Freeze-Dry|p1b: Tyranitar
|-damage|p1b: Tyranitar|77/100
|
|-weather|Sandstorm|[upkeep]
|-damage|p1a: Sneasler|46/100|[from] Sandstorm
|-damage|p2b: Whimsicott|94/100|[from] Sandstorm
|-damage|p2a: Ninetales|93/100|[from] Sandstorm
|upkeep
|turn|5
|
|t:|1785217086
|move|p2a: Ninetales|Protect|p2a: Ninetales
|-singleturn|p2a: Ninetales|Protect
|move|p2b: Whimsicott|Encore|p1a: Sneasler
|-start|p1a: Sneasler|Encore
|move|p1a: Sneasler|Protect||[still]
|-fail|p1a: Sneasler
|move|p1b: Tyranitar|Rock Slide|p2b: Whimsicott|[spread] 
|-activate|p2a: Ninetales|move: Protect
|-miss|p1b: Tyranitar|p2b: Whimsicott
|
|-weather|Sandstorm|[upkeep]
|-damage|p1a: Sneasler|40/100|[from] Sandstorm
|-damage|p2b: Whimsicott|88/100|[from] Sandstorm
|-damage|p2a: Ninetales|87/100|[from] Sandstorm
|upkeep
|turn|6
|
|t:|1785217102
|switch|p1a: Basculegion|Basculegion, L50, M|100/100
|move|p2b: Whimsicott|Tailwind|p2b: Whimsicott
|-sidestart|p2: Park Su Kim|move: Tailwind
|move|p2a: Ninetales|Disable|p1b: Tyranitar
|-start|p1b: Tyranitar|Disable|Rock Slide
|cant|p1b: Tyranitar|Disable|Rock Slide
|
|-weather|Sandstorm|[upkeep]
|-damage|p2b: Whimsicott|82/100|[from] Sandstorm
|-damage|p2a: Ninetales|81/100|[from] Sandstorm
|-damage|p1a: Basculegion|93/100|[from] Sandstorm
|upkeep
|turn|7
|inactive|bea alonzo 3>e has 30 seconds left.
|
|t:|1785217136
|move|p2b: Whimsicott|Moonblast|p1b: Tyranitar
|-supereffective|p1b: Tyranitar|1
|-damage|p1b: Tyranitar|32/100
|-unboost|p1b: Tyranitar|spa|1
|move|p2a: Ninetales|Freeze-Dry|p1a: Basculegion
|-supereffective|p1a: Basculegion|1
|-damage|p1a: Basculegion|17/100
|-enditem|p1a: Basculegion|Sitrus Berry|[eat]
|-heal|p1a: Basculegion|42/100|[from] item: Sitrus Berry
|-activate|p1b: Tyranitar|move: Struggle
|move|p1b: Tyranitar|Struggle|p2a: Ninetales
|-damage|p2a: Ninetales|53/100
|-damage|p1b: Tyranitar|7/100|[from] recoil
|move|p1a: Basculegion|Wave Crash|p2a: Ninetales
|-damage|p2a: Ninetales|0 fnt
|faint|p2a: Ninetales
|-damage|p1a: Basculegion|29/100|[from] Recoil
|
|-weather|Sandstorm|[upkeep]
|-damage|p2b: Whimsicott|76/100|[from] Sandstorm
|-damage|p1a: Basculegion|22/100|[from] Sandstorm
|upkeep
|
|t:|1785217157
|switch|p2a: Charizard|Charizard, L50, M|100/100
|turn|8
|
|t:|1785217173
|switch|p1b: Sneasler|Sneasler, L50, F|40/100
|detailschange|p2a: Charizard|Charizard-Mega-Y, L50, M
|-mega|p2a: Charizard|Charizard|Charizardite Y
|-weather|SunnyDay|[from] ability: Drought|[of] p2a: Charizard
|move|p1a: Basculegion|Protect|p1a: Basculegion
|-singleturn|p1a: Basculegion|Protect
|move|p2b: Whimsicott|Moonblast|p1a: Basculegion
|-activate|p1a: Basculegion|move: Protect
|move|p2a: Charizard|Heat Wave|p1b: Sneasler|[spread] p1b
|-activate|p1a: Basculegion|move: Protect
|-damage|p1b: Sneasler|0 fnt
|faint|p1b: Sneasler
|
|-weather|SunnyDay|[upkeep]
|upkeep
|
|t:|1785217193
|switch|p1b: Garchomp|Garchomp-Mega, L50, M|100/100
|turn|9
|
|t:|1785217214
|move|p2b: Whimsicott|Moonblast|p1b: Garchomp
|-supereffective|p1b: Garchomp|1
|-damage|p1b: Garchomp|27/100
|move|p2a: Charizard|Solar Beam||[still]
|-prepare|p2a: Charizard|Solar Beam
|-anim|p2a: Charizard|Solar Beam|p1a: Basculegion
|-supereffective|p1a: Basculegion|1
|-damage|p1a: Basculegion|0 fnt
|faint|p1a: Basculegion
|move|p1b: Garchomp|Power Gem|p2a: Charizard
|-supereffective|p2a: Charizard|2
|-damage|p2a: Charizard|0 fnt
|faint|p2a: Charizard
|
|-weather|SunnyDay|[upkeep]
|-sideend|p2: Park Su Kim|move: Tailwind
|upkeep
|
|t:|1785217227
|switch|p1a: Tyranitar|Tyranitar, L50, F|7/100
|-weather|Sandstorm|[from] ability: Sand Stream|[of] p1a: Tyranitar
|turn|10
|
|t:|1785217250
|move|p1a: Tyranitar|Ice Punch|p2b: Whimsicott
|-supereffective|p2b: Whimsicott|1
|-damage|p2b: Whimsicott|0 fnt
|faint|p2b: Whimsicott
|
|win|bea alonzo 3>e
||Park Su Kim is ready for game 3.
||bea alonzo 3>e is ready for game 3.
|uhtml|next|Next: Game 3 of 3
