|j|☆guicfpc
|j|☆artyowls
|html|guicfpcartyowls    
|uhtml|bestof|Game 2 of a best-of-3
|t:|1756734278
|gametype|doubles
|player|p1|guicfpc|169|1033
|player|p2|artyowls|plasmagrunt|1121
|gen|9
|tier|[Gen 9] VGC 2025 Reg H (Bo3)
|rated|
|rule|Species Clause: Limit one of each Pokémon
|rule|Item Clause: Limit 1 of each item
|clearpoke
|poke|p1|Torkoal, L50, M|
|poke|p1|Indeedee-F, L50, F|
|poke|p1|Ursaluna, L50, M|
|poke|p1|Hatterene, L50, F|
|poke|p1|Lilligant-Hisui, L50, F|
|poke|p1|Gallade, L50, M|
|poke|p2|Incineroar, L50, F|
|poke|p2|Rillaboom, L50, F|
|poke|p2|Gholdengo, L50|
|poke|p2|Electabuzz, L50, M|
|poke|p2|Dragonite, L50, M|
|poke|p2|Volcarona, L50, M|
|teampreview|4
|showteam|p1|Torkoal||FlamePlate|Drought|Eruption,WeatherBall,HeatWave,Protect|||M|||50|,,,,,Fire]Indeedee-F||MentalHerb|PsychicSurge|FollowMe,TrickRoom,Psychic,HelpingHand|||F|||50|,,,,,Dragon]Ursaluna||FlameOrb|Guts|Protect,HeadlongRush,Facade,Earthquake|||M|||50|,,,,,Ghost]Hatterene||CovertCloak|MagicBounce|DazzlingGleam,ExpandingForce,MysticalFire,TrickRoom|||F|||50|,,,,,Fire]Lilligant-Hisui||FocusSash|Chlorophyll|SleepPowder,AfterYou,CloseCombat,TripleAxel|||F|||50|,,,,,Ghost]Gallade||ClearAmulet|Sharpness|PsychoCut,SacredSword,TrickRoom,WideGuard|||M|||50|,,,,,Grass
|showteam|p2|Incineroar||SafetyGoggles|Intimidate|FakeOut,KnockOff,PartingShot,FlareBlitz|||F|||50|,,,,,Ghost]Rillaboom||AssaultVest|GrassySurge|GrassyGlide,FakeOut,WoodHammer,HighHorsepower|||F|||50|,,,,,Fire]Gholdengo||LifeOrb|GoodasGold|MakeItRain,ShadowBall,Protect,NastyPlot||||||50|,,,,,Steel]Electabuzz||Eviolite|VitalSpirit|FollowMe,Protect,Taunt,Electroweb|||M|||50|,,,,,Ghost]Dragonite||LoadedDice|Multiscale|ScaleShot,Protect,Haze,ExtremeSpeed|||M|||50|,,,,,Normal]Volcarona||RockyHelmet|FlameBody|StruggleBug,RagePowder,FieryDance,WillOWisp|||M|||50|,,,,,Water
|inactive|Battle timer is ON: inactive players will automatically lose when time's up. (requested by guicfpc)
|
|t:|1756734335
|teamsize|p1|4
|teamsize|p2|4
|start
|switch|p1a: Indeedee|Indeedee-F, L50, F|100/100
|switch|p1b: Gallade|Gallade, L50, M|100/100
|switch|p2a: Incineroar|Incineroar, L50, F|100/100
|switch|p2b: Gholdengo|Gholdengo, L50|100/100
|-fieldstart|move: Psychic Terrain|[from] ability: Psychic Surge|[of] p1a: Indeedee
|-ability|p2a: Incineroar|Intimidate|boost
|-unboost|p1a: Indeedee|atk|1
|-fail|p1b: Gallade|unboost|[from] item: Clear Amulet|[of] p1b: Gallade
|turn|1
|inactive|guicfpc has 30 seconds left.
|inactive|artyowls has 30 seconds left.
|inactive|guicfpc has 20 seconds left.
|inactive|guicfpc has 15 seconds left.
|
|t:|1756734377
|switch|p1a: Ursaluna|Ursaluna, L50, M|100/100
|move|p2b: Gholdengo|Nasty Plot|p2b: Gholdengo
|-boost|p2b: Gholdengo|spa|2
|move|p2a: Incineroar|Knock Off|p1a: Ursaluna
|-damage|p1a: Ursaluna|72/100
|-enditem|p1a: Ursaluna|Flame Orb|[from] move: Knock Off|[of] p2a: Incineroar
|move|p1b: Gallade|Trick Room|p1b: Gallade
|-fieldstart|move: Trick Room|[of] p1b: Gallade
|
|upkeep
|turn|2
|inactive|artyowls has 30 seconds left.
|inactive|guicfpc has 30 seconds left.
|inactive|artyowls has 20 seconds left.
|
|t:|1756734419
|switch|p2b: Dragonite|Dragonite, L50, M|100/100
|move|p1a: Ursaluna|Earthquake|p2b: Dragonite|[spread] p1b,p2a
|-immune|p2b: Dragonite
|-supereffective|p2a: Incineroar
|-damage|p1b: Gallade|49/100
|-damage|p2a: Incineroar|28/100
|move|p2a: Incineroar|Parting Shot|p1a: Ursaluna
|-unboost|p1a: Ursaluna|atk|1
|-unboost|p1a: Ursaluna|spa|1
|
|t:|1756734433
|switch|p2a: Rillaboom|Rillaboom, L50, F|100/100|[from] Parting Shot
|-fieldstart|move: Grassy Terrain|[from] ability: Grassy Surge|[of] p2a: Rillaboom
|move|p1b: Gallade|Sacred Sword|p2a: Rillaboom
|-damage|p2a: Rillaboom|28/100
|
|-heal|p1a: Ursaluna|78/100|[from] Grassy Terrain
|-heal|p1b: Gallade|55/100|[from] Grassy Terrain
|-heal|p2a: Rillaboom|33/100|[from] Grassy Terrain
|upkeep
|turn|3
|inactive|artyowls has 30 seconds left.
|
|t:|1756734461
|switch|p1a: Indeedee|Indeedee-F, L50, F|100/100
|-fieldstart|move: Psychic Terrain|[from] ability: Psychic Surge|[of] p1a: Indeedee
|move|p1b: Gallade|Sacred Sword|p2a: Rillaboom
|-damage|p2a: Rillaboom|0 fnt
|faint|p2a: Rillaboom
|move|p2b: Dragonite|Scale Shot|p1a: Indeedee
|-damage|p1a: Indeedee|87/100
|-damage|p1a: Indeedee|73/100
|-damage|p1a: Indeedee|59/100
|-damage|p1a: Indeedee|43/100
|-hitcount|p1a: Indeedee|4
|-unboost|p2b: Dragonite|def|1
|-boost|p2b: Dragonite|spe|1
|
|upkeep
|
|t:|1756734479
|switch|p2a: Gholdengo|Gholdengo, L50|100/100
|turn|4
|inactive|guicfpc has 30 seconds left.
|inactive|artyowls has 30 seconds left.
|inactive|guicfpc has 20 seconds left.
|
|t:|1756734515
|move|p1a: Indeedee|Helping Hand|p1b: Gallade
|-singleturn|p1b: Gallade|Helping Hand|[of] p1a: Indeedee
|move|p1b: Gallade|Psycho Cut|p2b: Dragonite
|-damage|p2b: Dragonite|18/100
|move|p2a: Gholdengo|Shadow Ball|p1b: Gallade
|-supereffective|p1b: Gallade
|-damage|p1b: Gallade|0 fnt
|faint|p1b: Gallade
|-damage|p2a: Gholdengo|91/100|[from] item: Life Orb
|move|p2b: Dragonite|Scale Shot|p1a: Indeedee
|-damage|p1a: Indeedee|28/100
|-damage|p1a: Indeedee|13/100
|-damage|p1a: Indeedee|0 fnt
|faint|p1a: Indeedee
|-hitcount|p1: Indeedee|3
|-unboost|p2b: Dragonite|def|1
|-boost|p2b: Dragonite|spe|1
|
|upkeep
|inactive|guicfpc has 30 seconds left.
|
|t:|1756734541
|switch|p1b: Ursaluna|Ursaluna, L50, M|78/100
|switch|p1a: Hatterene|Hatterene, L50, F|100/100
|turn|5
|
|t:|1756734562
|switch|p2a: Incineroar|Incineroar, L50, F|28/100
|-ability|p2a: Incineroar|Intimidate|boost
|-unboost|p1a: Hatterene|atk|1
|-unboost|p1b: Ursaluna|atk|1
|move|p2b: Dragonite|Protect|p2b: Dragonite
|-singleturn|p2b: Dragonite|Protect
|move|p1a: Hatterene|Expanding Force|p2a: Incineroar|[spread] 
|-activate|p2b: Dragonite|move: Protect
|-immune|p2a: Incineroar
|move|p1b: Ursaluna|Headlong Rush|p2a: Incineroar
|-supereffective|p2a: Incineroar
|-damage|p2a: Incineroar|0 fnt
|-unboost|p1b: Ursaluna|def|1
|-unboost|p1b: Ursaluna|spd|1
|faint|p2a: Incineroar
|
|-fieldend|move: Trick Room
|upkeep
|
|t:|1756734577
|switch|p2a: Gholdengo|Gholdengo, L50|91/100
|turn|6
|
|t:|1756734598
|-terastallize|p2a: Gholdengo|Steel
|-terastallize|p1a: Hatterene|Fire
|move|p2b: Dragonite|Scale Shot|p1b: Ursaluna|[miss]
|-miss|p2b: Dragonite|p1b: Ursaluna
|move|p2a: Gholdengo|Make It Rain|p1a: Hatterene|[spread] p1a,p1b
|-resisted|p1a: Hatterene
|-damage|p1a: Hatterene|55/100
|-damage|p1b: Ursaluna|0 fnt
|-unboost|p2a: Gholdengo|spa|1
|faint|p1b: Ursaluna
|-damage|p2a: Gholdengo|81/100|[from] item: Life Orb
|move|p1a: Hatterene|Trick Room|p1a: Hatterene
|-fieldstart|move: Trick Room|[of] p1a: Hatterene
|
|upkeep
|turn|7
|inactive|guicfpc has 30 seconds left.
|inactive|artyowls has 30 seconds left.
|inactive|artyowls has 20 seconds left.
|
|t:|1756734634
|move|p1a: Hatterene|Expanding Force|p2b: Dragonite|[spread] p2a,p2b
|-resisted|p2a: Gholdengo
|-damage|p2a: Gholdengo|40/100
|-damage|p2b: Dragonite|0 fnt
|faint|p2b: Dragonite
|move|p2a: Gholdengo|Nasty Plot|p2a: Gholdengo
|-boost|p2a: Gholdengo|spa|2
|
|-fieldend|move: Psychic Terrain
|upkeep
|turn|8
|
|t:|1756734648
|move|p2a: Gholdengo|Protect|p2a: Gholdengo
|-singleturn|p2a: Gholdengo|Protect
|move|p1a: Hatterene|Mystical Fire|p2a: Gholdengo
|-activate|p2a: Gholdengo|move: Protect
|
|upkeep
|turn|9
|c|☆guicfpc|gg
|
|t:|1756734659
|move|p2a: Gholdengo|Protect||[still]
|-fail|p2a: Gholdengo
|move|p1a: Hatterene|Mystical Fire|p2a: Gholdengo
|-supereffective|p2a: Gholdengo
|-damage|p2a: Gholdengo|0 fnt
|faint|p2a: Gholdengo
|
|win|guicfpc
|raw|guicfpc's rating: 1033 → 1077(+44 for winning)
|raw|artyowls's rating: 1121 → 1090(-31 for losing)
|l|☆guicfpc
|player|p1|
