|j|☆Pelosis
|j|☆JC<3Miniors
|html|PelosisJC<3Miniors    
|uhtml|bestof|Game 2 of a best-of-3
|t:|1756700653
|gametype|doubles
|player|p1|Pelosis|101|1083
|player|p2|JC<3Miniors|wattson|1159
|gen|9
|tier|[Gen 9] VGC 2025 Reg H (Bo3)
|rated|
|rule|Species Clause: Limit one of each Pokémon
|rule|Item Clause: Limit 1 of each item
|clearpoke
|poke|p1|Gothitelle, L50, M|
|poke|p1|Politoed, L50, F|
|poke|p1|Rillaboom, L50, M|
|poke|p1|Incineroar, L50, M|
|poke|p1|Flamigo, L50, F|
|poke|p1|Gholdengo, L50|
|poke|p2|Maushold-Four, L50|
|poke|p2|Gholdengo, L50|
|poke|p2|Murkrow, L50, F|
|poke|p2|Archaludon, L50, M|
|poke|p2|Garchomp, L50, F|
|poke|p2|Annihilape, L50, F|
|teampreview|4
|showteam|p1|Gothitelle||SitrusBerry|ShadowTag|Psychic,Hypnosis,FakeOut,Protect|||M|||50|,,,,,Dragon]Politoed||MentalHerb|Drizzle|WeatherBall,Haze,PerishSong,Protect|||F|||50|,,,,,Grass]Rillaboom||AssaultVest|GrassySurge|WoodHammer,GrassyGlide,Uturn,FakeOut|||M|||50|,,,,,Fire]Incineroar||SafetyGoggles|Intimidate|FakeOut,PartingShot,KnockOff,FlareBlitz|||M|||50|,,,,,Ghost]Flamigo||LifeOrb|Scrappy|CloseCombat,BraveBird,ThroatChop,Protect|||F|||50|,,,,,Steel]Gholdengo||ChoiceSpecs|GoodasGold|MakeItRain,ShadowBall,PowerGem,SteelBeam||||||50|,,,,,Steel
|showteam|p2|Maushold-Four||RockyHelmet|FriendGuard|Feint,FollowMe,FakeTears,Protect||||||50|,,,,,Ghost]Gholdengo||ChoiceSpecs|GoodasGold|MakeItRain,ShadowBall,PowerGem,Trick||||||50|,,,,,Steel]Murkrow||Eviolite|Prankster|BraveBird,RainDance,Tailwind,Haze|||F|||50|,,,,,Ghost]Archaludon||PowerHerb|Sturdy|DracoMeteor,ElectroShot,Thunderbolt,Protect|||M|||50|,,,,,Electric]Garchomp||LifeOrb|RoughSkin|Earthquake,DragonClaw,StompingTantrum,Protect|||F|||50|,,,,,Ground]Annihilape||ChoiceScarf|Defiant|CloseCombat,Coaching,FinalGambit,Uturn|||F|||50|,,,,,Flying
|inactive|Battle timer is ON: inactive players will automatically lose when time's up. (requested by Pelosis)
|inactive|JC<3Miniors has 60 seconds left.
|inactive|JC<3Miniors has 30 seconds left.
|inactive|JC<3Miniors has 20 seconds left.
|
|t:|1756700731
|teamsize|p1|4
|teamsize|p2|4
|start
|switch|p1a: Politoed|Politoed, L50, F, shiny|100/100
|switch|p1b: Incineroar|Incineroar, L50, M, shiny|100/100
|switch|p2a: Murkrow|Murkrow, L50, F|100/100
|switch|p2b: Gholdengo|Gholdengo, L50|100/100
|-weather|RainDance|[from] ability: Drizzle|[of] p1a: Politoed
|-ability|p1b: Incineroar|Intimidate|boost
|-unboost|p2a: Murkrow|atk|1
|-unboost|p2b: Gholdengo|atk|1
|turn|1
|inactive|Pelosis has 30 seconds left.
|inactive|Pelosis has 20 seconds left.
|inactive|Pelosis has 15 seconds left.
|inactive|Pelosis has 10 seconds left.
|
|t:|1756700779
|-terastallize|p1b: Incineroar|Ghost
|move|p1b: Incineroar|Fake Out|p2a: Murkrow
|-damage|p2a: Murkrow|91/100
|cant|p2a: Murkrow|flinch
|move|p2b: Gholdengo|Power Gem|p1b: Incineroar
|-damage|p1b: Incineroar|66/100
|move|p1a: Politoed|Weather Ball|p2b: Gholdengo
|-damage|p2b: Gholdengo|39/100
|
|-weather|RainDance|[upkeep]
|upkeep
|turn|2
|inactive|Pelosis has 30 seconds left.
|
|t:|1756700811
|move|p2b: Gholdengo|Power Gem|p1b: Incineroar
|-damage|p1b: Incineroar|31/100
|move|p2a: Murkrow|Brave Bird|p1b: Incineroar
|-damage|p1b: Incineroar|8/100
|-damage|p2a: Murkrow|82/100|[from] Recoil
|move|p1a: Politoed|Weather Ball|p2b: Gholdengo
|-damage|p2b: Gholdengo|0 fnt
|faint|p2b: Gholdengo
|move|p1b: Incineroar|Parting Shot|p2a: Murkrow
|-unboost|p2a: Murkrow|atk|1
|-unboost|p2a: Murkrow|spa|1
|
|t:|1756700831
|switch|p1b: Gothitelle|Gothitelle, L50, M|100/100|[from] Parting Shot
|
|-weather|RainDance|[upkeep]
|upkeep
|
|t:|1756700841
|switch|p2b: Garchomp|Garchomp, L50, F|100/100
|turn|3
|
|t:|1756700846
|-terastallize|p2b: Garchomp|Ground
|move|p1b: Gothitelle|Fake Out|p2b: Garchomp
|-damage|p2b: Garchomp|94/100
|-damage|p1b: Gothitelle|88/100|[from] ability: Rough Skin|[of] p2b: Garchomp
|cant|p2b: Garchomp|flinch
|move|p2a: Murkrow|Brave Bird|p1a: Politoed
|-damage|p1a: Politoed|83/100
|-damage|p2a: Murkrow|76/100|[from] Recoil
|move|p1a: Politoed|Perish Song|p1a: Politoed
|-start|p1a: Politoed|perish3|[silent]
|-start|p1b: Gothitelle|perish3|[silent]
|-start|p2a: Murkrow|perish3|[silent]
|-start|p2b: Garchomp|perish3|[silent]
|-fieldactivate|move: Perish Song
|
|-weather|RainDance|[upkeep]
|-start|p2b: Garchomp|perish3
|-start|p2a: Murkrow|perish3
|-start|p1a: Politoed|perish3
|-start|p1b: Gothitelle|perish3
|upkeep
|turn|4
|inactive|Pelosis has 30 seconds left.
|inactive|Pelosis has 20 seconds left.
|
|t:|1756700882
|move|p1a: Politoed|Protect|p1a: Politoed
|-singleturn|p1a: Politoed|Protect
|move|p1b: Gothitelle|Protect|p1b: Gothitelle
|-singleturn|p1b: Gothitelle|Protect
|move|p2b: Garchomp|Earthquake|p1a: Politoed|[spread] 
|-activate|p1a: Politoed|move: Protect
|-activate|p1b: Gothitelle|move: Protect
|-immune|p2a: Murkrow
|move|p2a: Murkrow|Brave Bird|p1b: Gothitelle
|-activate|p1b: Gothitelle|move: Protect
|
|-weather|RainDance|[upkeep]
|-start|p2b: Garchomp|perish2
|-start|p2a: Murkrow|perish2
|-start|p1a: Politoed|perish2
|-start|p1b: Gothitelle|perish2
|upkeep
|turn|5
|inactive|Pelosis has 30 seconds left.
|
|t:|1756700908
|switch|p1a: Flamigo|Flamigo, L50, F, shiny|100/100
|move|p2b: Garchomp|Earthquake|p1a: Flamigo|[spread] p1b
|-immune|p2a: Murkrow
|-immune|p1a: Flamigo
|-damage|p1b: Gothitelle|34/100
|-enditem|p1b: Gothitelle|Sitrus Berry|[eat]
|-heal|p1b: Gothitelle|59/100|[from] item: Sitrus Berry
|-damage|p2b: Garchomp|85/100|[from] item: Life Orb
|move|p2a: Murkrow|Brave Bird|p1b: Gothitelle
|-damage|p1b: Gothitelle|44/100
|-damage|p2a: Murkrow|71/100|[from] Recoil
|move|p1b: Gothitelle|Hypnosis|p2b: Garchomp|[miss]
|-miss|p1b: Gothitelle|p2b: Garchomp
|
|-weather|none
|-start|p2b: Garchomp|perish1
|-start|p2a: Murkrow|perish1
|-start|p1b: Gothitelle|perish1
|upkeep
|turn|6
|inactive|Pelosis has 30 seconds left.
|
|t:|1756700941
|switch|p1b: Politoed|Politoed, L50, F, shiny|83/100
|-weather|RainDance|[from] ability: Drizzle|[of] p1b: Politoed
|move|p1a: Flamigo|Protect|p1a: Flamigo
|-singleturn|p1a: Flamigo|Protect
|move|p2a: Murkrow|Tailwind|p2a: Murkrow
|-sidestart|p2: JC<3Miniors|move: Tailwind
|move|p2b: Garchomp|Earthquake|p1b: Politoed|[spread] p1b
|-activate|p1a: Flamigo|move: Protect
|-immune|p2a: Murkrow
|-damage|p1b: Politoed|16/100
|-damage|p2b: Garchomp|75/100|[from] item: Life Orb
|
|-weather|RainDance|[upkeep]
|-start|p2b: Garchomp|perish0
|-start|p2a: Murkrow|perish0
|faint|p2b: Garchomp
|faint|p2a: Murkrow
|upkeep
|
|t:|1756700944
|switch|p2b: Archaludon|Archaludon, L50, M|100/100
|turn|7
|-message|JC<3Miniors forfeited.
|
|win|Pelosis
||JC<3Miniors is ready for game 3.
|inactive|Pelosis has 30 seconds to confirm battle start!
