|j|☆furretusedpunch
|j|☆therealkenkaniff
|html|furretusedpunchtherealkenkaniff    
|uhtml|bestof|Game 3 of a best-of-3
|t:|1756626648
|gametype|doubles
|player|p1|furretusedpunch|lacey|1187
|player|p2|therealkenkaniff|cynthia|1295
|gen|9
|tier|[Gen 9] VGC 2025 Reg H (Bo3)
|rated|
|rule|Species Clause: Limit one of each Pokémon
|rule|Item Clause: Limit 1 of each item
|clearpoke
|poke|p1|Gholdengo, L50|
|poke|p1|Sneasler, L50, M|
|poke|p1|Rillaboom, L50, F|
|poke|p1|Dragonite, L50, M|
|poke|p1|Ninetales-Alola, L50, M|
|poke|p1|Arcanine-Hisui, L50, F|
|poke|p2|Sneasler, L50, M|
|poke|p2|Gholdengo, L50|
|poke|p2|Dragapult, L50, M|
|poke|p2|Hydreigon, L50, M|
|poke|p2|Torkoal, L50, F|
|poke|p2|Whimsicott, L50, M|
|teampreview|4
|showteam|p1|Gholdengo||LifeOrb|GoodasGold|NastyPlot,MakeItRain,ShadowBall,Protect||||||50|,,,,,Water]Sneasler||WhiteHerb|Unburden|CloseCombat,DireClaw,Coaching,Protect|||M|||50|,,,,,Ghost]Rillaboom||AssaultVest|GrassySurge|FakeOut,GrassyGlide,DrumBeating,HighHorsepower|||F|||50|,,,,,Fire]Dragonite||LoadedDice|Multiscale|ScaleShot,StompingTantrum,Tailwind,Protect|||M|||50|,,,,,Ground]Ninetales-Alola||FocusSash|SnowWarning|IcyWind,Encore,FreezeDry,AuroraVeil|||M|||50|,,,,,Ghost]Arcanine-Hisui||SafetyGoggles|Intimidate|RockSlide,FlareBlitz,Snarl,Protect|||F|||50|,,,,,Water
|showteam|p2|Sneasler||WhiteHerb|Unburden|Protect,DireClaw,CloseCombat,FakeOut|||M|||50|,,,,,Stellar]Gholdengo||MetalCoat|GoodasGold|Protect,MakeItRain,ShadowBall,NastyPlot||||||50|,,,,,Steel]Dragapult||ChoiceBand|ClearBody|DragonDarts,PhantomForce,SuckerPunch,Uturn|||M|||50|,,,,,Dragon]Hydreigon||LifeOrb|Levitate|Protect,DracoMeteor,DarkPulse,EarthPower|||M|||50|,,,,,Ghost]Torkoal||Charcoal|Drought|Protect,Eruption,HeatWave,HelpingHand|||F|||50|,,,,,Fire]Whimsicott||CovertCloak|Prankster|Moonblast,Tailwind,Encore,FakeTears|||M|||50|,,,,,Dark
|inactive|Battle timer is ON: inactive players will automatically lose when time's up. (requested by therealkenkaniff)
|
|t:|1756626678
|teamsize|p1|4
|teamsize|p2|4
|start
|switch|p1a: Ninetales|Ninetales-Alola, L50, M|100/100
|switch|p1b: Gholdengo|Gholdengo, L50|100/100
|switch|p2a: Hydreigon|Hydreigon, L50, M|100/100
|switch|p2b: Gholdengo|Gholdengo, L50|100/100
|-weather|Snowscape|[from] ability: Snow Warning|[of] p1a: Ninetales
|turn|1
|inactive|furretusedpunch has 30 seconds left.
|inactive|therealkenkaniff has 30 seconds left.
|inactive|therealkenkaniff has 20 seconds left.
|inactive|therealkenkaniff has 15 seconds left.
|inactive|therealkenkaniff has 10 seconds left.
|
|t:|1756626724
|-terastallize|p1b: Gholdengo|Water
|-terastallize|p2b: Gholdengo|Steel
|move|p1a: Ninetales|Icy Wind|p2a: Hydreigon|[spread] p2a,p2b
|-supereffective|p2a: Hydreigon
|-resisted|p2b: Gholdengo
|-damage|p2a: Hydreigon|65/100
|-damage|p2b: Gholdengo|93/100
|-unboost|p2a: Hydreigon|spe|1
|-unboost|p2b: Gholdengo|spe|1
|move|p1b: Gholdengo|Nasty Plot|p1b: Gholdengo
|-boost|p1b: Gholdengo|spa|2
|move|p2a: Hydreigon|Earth Power|p1b: Gholdengo
|-damage|p1b: Gholdengo|52/100
|-damage|p2a: Hydreigon|55/100|[from] item: Life Orb
|move|p2b: Gholdengo|Make It Rain|p1b: Gholdengo|[spread] p1a,p1b
|-supereffective|p1a: Ninetales
|-resisted|p1b: Gholdengo
|-enditem|p1a: Ninetales|Focus Sash
|-damage|p1a: Ninetales|1/100
|-damage|p1b: Gholdengo|13/100
|-unboost|p2b: Gholdengo|spa|1
|
|-weather|Snowscape|[upkeep]
|upkeep
|turn|2
|inactive|furretusedpunch has 30 seconds left.
|inactive|therealkenkaniff has 30 seconds left.
|inactive|therealkenkaniff has 20 seconds left.
|inactive|therealkenkaniff has 15 seconds left.
|
|t:|1756626768
|move|p2b: Gholdengo|Protect|p2b: Gholdengo
|-singleturn|p2b: Gholdengo|Protect
|move|p1a: Ninetales|Freeze-Dry|p2a: Hydreigon
|-supereffective|p2a: Hydreigon
|-damage|p2a: Hydreigon|0 fnt
|faint|p2a: Hydreigon
|move|p1b: Gholdengo|Shadow Ball|p2b: Gholdengo
|-activate|p2b: Gholdengo|move: Protect
|
|-weather|Snowscape|[upkeep]
|upkeep
|inactive|therealkenkaniff has 30 seconds left.
|
|t:|1756626797
|switch|p2a: Dragapult|Dragapult, L50, M|100/100
|turn|3
|inactive|furretusedpunch has 30 seconds left.
|inactive|furretusedpunch has 20 seconds left.
|inactive|furretusedpunch has 15 seconds left.
|inactive|furretusedpunch has 10 seconds left.
|
|t:|1756626844
|move|p1b: Gholdengo|Protect|p1b: Gholdengo
|-singleturn|p1b: Gholdengo|Protect
|move|p2a: Dragapult|Sucker Punch|p1a: Ninetales
|-resisted|p1a: Ninetales
|-damage|p1a: Ninetales|0 fnt
|faint|p1a: Ninetales
|move|p2b: Gholdengo|Nasty Plot|p2b: Gholdengo
|-boost|p2b: Gholdengo|spa|2
|
|-weather|Snowscape|[upkeep]
|upkeep
|
|t:|1756626853
|switch|p1a: Dragonite|Dragonite, L50, M|100/100
|turn|4
|
|t:|1756626872
|move|p1b: Gholdengo|Protect||[still]
|-fail|p1b: Gholdengo
|move|p2a: Dragapult|Sucker Punch||[still]
|-fail|p2a: Dragapult
|move|p1a: Dragonite|Scale Shot|p2a: Dragapult|[miss]
|-miss|p1a: Dragonite|p2a: Dragapult
|move|p2b: Gholdengo|Make It Rain|p1b: Gholdengo|[spread] p1a,p1b
|-resisted|p1b: Gholdengo
|-damage|p1a: Dragonite|41/100
|-damage|p1b: Gholdengo|0 fnt
|-unboost|p2b: Gholdengo|spa|1
|faint|p1b: Gholdengo
|
|-weather|Snowscape|[upkeep]
|upkeep
|
|t:|1756626882
|switch|p1b: Arcanine|Arcanine-Hisui, L50, F|100/100
|-ability|p1b: Arcanine|Intimidate|boost
|-fail|p2a: Dragapult|unboost|[from] ability: Clear Body|[of] p2a: Dragapult
|-unboost|p2b: Gholdengo|atk|1
|turn|5
|inactive|therealkenkaniff has 30 seconds left.
|inactive|therealkenkaniff has 20 seconds left.
|inactive|therealkenkaniff has 15 seconds left.
|inactive|therealkenkaniff has 10 seconds left.
|
|t:|1756626930
|switch|p2a: Whimsicott|Whimsicott, L50, M|100/100
|move|p2b: Gholdengo|Protect|p2b: Gholdengo
|-singleturn|p2b: Gholdengo|Protect
|move|p1b: Arcanine|Flare Blitz|p2b: Gholdengo
|-activate|p2b: Gholdengo|move: Protect
|move|p1a: Dragonite|Scale Shot|p2a: Whimsicott
|-immune|p2a: Whimsicott
|
|-weather|none
|upkeep
|turn|6
|inactive|furretusedpunch has 30 seconds left.
|inactive|furretusedpunch has 20 seconds left.
|
|t:|1756626966
|move|p1a: Dragonite|Protect|p1a: Dragonite
|-singleturn|p1a: Dragonite|Protect
|move|p2a: Whimsicott|Tailwind|p2a: Whimsicott
|-sidestart|p2: therealkenkaniff|move: Tailwind
|move|p2b: Gholdengo|Make It Rain|p1a: Dragonite|[spread] p1b
|-activate|p1a: Dragonite|move: Protect
|-damage|p1b: Arcanine|1/100
|-unboost|p2b: Gholdengo|spa|1
|move|p1b: Arcanine|Flare Blitz|p2a: Whimsicott
|-supereffective|p2a: Whimsicott
|-damage|p2a: Whimsicott|0 fnt
|faint|p2a: Whimsicott
|-damage|p1b: Arcanine|0 fnt|[from] Recoil
|faint|p1b: Arcanine
|
|upkeep
|-message|furretusedpunch forfeited.
|
|win|therealkenkaniff
|raw|furretusedpunch's rating: 1187 → 1170(-17 for losing)
|raw|therealkenkaniff's rating: 1295 → 1312(+17 for winning)
