|j|☆castoriceball
|j|☆samki9
|html|castoriceballsamki9    
|uhtml|bestof|Game 2 of a best-of-3
|t:|1785696530
|gametype|doubles
|player|p1|castoriceball|miku-flying|1281
|player|p2|samki9|1|1265
|gen|9
|tier|[Gen 9 Champions] VGC 2026 Reg M-B (Bo3)
|rated|
|rule|Species Clause: Limit one of each Pokémon
|rule|Item Clause: Limit 1 of each item
|clearpoke
|poke|p1|Staraptor, L50, M|
|poke|p1|Delphox, L50, M|
|poke|p1|Garchomp, L50, F|
|poke|p1|Whimsicott, L50, F|
|poke|p1|Glimmora, L50, M|
|poke|p1|Kingambit, L50, M, shiny|
|poke|p2|Raichu, L50, F|
|poke|p2|Mamoswine, L50, F|
|poke|p2|Farigiraf, L50, M|
|poke|p2|Kingambit, L50, F|
|poke|p2|Basculegion, L50, M|
|poke|p2|Dragonite, L50, F|
|teampreview|4
|showteam|p1|Staraptor||Staraptite|Intimidate|BraveBird,CloseCombat,Roost,Protect|Jolly||M|||50|]Delphox||Delphoxite|Blaze|HeatWave,Psychic,Substitute,Protect|Modest||M|||50|]Garchomp||LifeOrb|RoughSkin|Earthquake,DragonClaw,RockSlide,Protect|Jolly||F|||50|]Whimsicott||OccaBerry|Prankster|Moonblast,Tailwind,Encore,Charm|Timid||F|||50|]Glimmora||FocusSash|ToxicDebris|SludgeBomb,PowerGem,EarthPower,Protect|Timid||M|||50|]Kingambit||ChopleBerry|Defiant|KowtowCleave,IronHead,SuckerPunch,LowKick|Adamant||M|||50|
|showteam|p2|Raichu||RaichuniteY|Static|FakeOut,FocusBlast,ZapCannon,Protect|Timid||F|||50|]Mamoswine||LifeOrb|Oblivious|IceShard,HighHorsepower,IcicleCrash,Protect|Adamant||F|||50|]Farigiraf||SitrusBerry|ArmorTail|TwinBeam,TrickRoom,HelpingHand,Imprison|Bold||M|||50|]Kingambit||BlackGlasses|Defiant|KowtowCleave,SuckerPunch,IronHead,Protect|Adamant||F|||50|]Basculegion||FocusSash|Adaptability|Liquidation,AquaJet,LastRespects,Protect|Adamant||M|||50|]Dragonite||DragonFang|InnerFocus|ScaleShot,ExtremeSpeed,Tailwind,Protect|Adamant||F|||50|
|inactive|Battle timer is ON: inactive players will automatically lose when time's up. (requested by samki9)
|inactive|castoriceball has 60 seconds left.
|
|t:|1785696583
|teamsize|p1|4
|teamsize|p2|4
|start
|switch|p1a: Delphox|Delphox, L50, M|100/100
|switch|p1b: Glimmora|Glimmora, L50, M|100/100
|switch|p2a: Mamoswine|Mamoswine, L50, F|100/100
|switch|p2b: Kingambit|Kingambit, L50, F|100/100
|turn|1
|inactive|samki9 has 30 seconds left.
|
|t:|1785696608
|switch|p2b: Dragonite|Dragonite, L50, F|100/100
|detailschange|p1a: Delphox|Delphox-Mega, L50, M
|-mega|p1a: Delphox|Delphox|Delphoxite
|move|p2a: Mamoswine|Ice Shard|p1b: Glimmora
|-crit|p1b: Glimmora
|-damage|p1b: Glimmora|40/100
|-activate|p1b: Glimmora|ability: Toxic Debris
|-sidestart|p2: samki9|move: Toxic Spikes
|-damage|p2a: Mamoswine|90/100|[from] item: Life Orb
|move|p1a: Delphox|Substitute|p1a: Delphox
|-start|p1a: Delphox|Substitute
|-damage|p1a: Delphox|75/100
|move|p1b: Glimmora|Power Gem|p2a: Mamoswine
|-damage|p2a: Mamoswine|27/100
|
|upkeep
|turn|2
|inactive|samki9 has 30 seconds left.
|
|t:|1785696640
|move|p2b: Dragonite|Extreme Speed|p1b: Glimmora
|-resisted|p1b: Glimmora|1
|-damage|p1b: Glimmora|20/100y
|-activate|p1b: Glimmora|ability: Toxic Debris
|-sidestart|p2: samki9|move: Toxic Spikes
|move|p2a: Mamoswine|Ice Shard|p1b: Glimmora
|-damage|p1b: Glimmora|0 fnt
|faint|p1b: Glimmora
|-damage|p2a: Mamoswine|17/100|[from] item: Life Orb
|move|p1a: Delphox|Heat Wave|p2b: Dragonite|[spread] p2a,p2b
|-supereffective|p2a: Mamoswine|1
|-resisted|p2b: Dragonite|1
|-damage|p2a: Mamoswine|0 fnt
|-damage|p2b: Dragonite|76/100
|faint|p2a: Mamoswine
|
|upkeep
|
|t:|1785696653
|switch|p1b: Jarchomp|Garchomp, L50, F|100/100
|switch|p2a: Raichu|Raichu, L50, F|100/100
|-status|p2a: Raichu|tox
|turn|3
|
|t:|1785696665
|move|p1a: Delphox|Protect|p1a: Delphox
|-singleturn|p1a: Delphox|Protect
|move|p1b: Jarchomp|Protect|p1b: Jarchomp
|-singleturn|p1b: Jarchomp|Protect
|move|p2a: Raichu|Fake Out|p1b: Jarchomp
|-activate|p1b: Jarchomp|move: Protect
|move|p2b: Dragonite|Tailwind|p2b: Dragonite
|-sidestart|p2: samki9|move: Tailwind
|
|-damage|p2a: Raichu|94/100 tox|[from] psn
|upkeep
|turn|4
|
|t:|1785696679
|switch|p1b: Kingambit|Kingambit, L50, M, shiny|100/100
|detailschange|p2a: Raichu|Raichu-Mega-Y, L50, F
|-mega|p2a: Raichu|Raichu|Raichunite Y
|move|p2a: Raichu|Zap Cannon|p1a: Delphox
|-end|p1a: Delphox|Substitute
|move|p2b: Dragonite|Scale Shot|p1b: Kingambit
|-resisted|p1b: Kingambit|1
|-damage|p1b: Kingambit|93/100
|-resisted|p1b: Kingambit|1
|-damage|p1b: Kingambit|86/100
|-resisted|p1b: Kingambit|1
|-damage|p1b: Kingambit|80/100
|-resisted|p1b: Kingambit|1
|-damage|p1b: Kingambit|73/100
|-resisted|p1b: Kingambit|1
|-damage|p1b: Kingambit|67/100
|-hitcount|p1b: Kingambit|5
|-unboost|p2b: Dragonite|def|1
|-boost|p2b: Dragonite|spe|1
|move|p1a: Delphox|Psychic|p2a: Raichu
|-damage|p2a: Raichu|16/100 tox
|
|-damage|p2a: Raichu|4/100 tox|[from] psn
|upkeep
|turn|5
|
|t:|1785696693
|switch|p2a: Kingambit|Kingambit, L50, F|100/100
|move|p1b: Kingambit|Sucker Punch||[still]
|-fail|p1b: Kingambit
|move|p2b: Dragonite|Scale Shot|p1a: Delphox
|-damage|p1a: Delphox|48/100
|-damage|p1a: Delphox|24/100
|-damage|p1a: Delphox|0 fnt
|faint|p1a: Delphox
|-hitcount|p1: Delphox|3
|-unboost|p2b: Dragonite|def|1
|-boost|p2b: Dragonite|spe|1
|
|upkeep
|
|t:|1785696702
|switch|p1a: Jarchomp|Garchomp, L50, F|100/100
|turn|6
|inactive|samki9 has 30 seconds left.
|
|t:|1785696734
|move|p2a: Kingambit|Sucker Punch|p1a: Jarchomp
|-damage|p1a: Jarchomp|46/100
|-damage|p2a: Kingambit|87/100|[from] ability: Rough Skin|[of] p1a: Jarchomp
|move|p2b: Dragonite|Scale Shot|p1a: Jarchomp|[miss]
|-miss|p2b: Dragonite|p1a: Jarchomp
|move|p1a: Jarchomp|Rock Slide|p2b: Dragonite|[spread] p2a,p2b
|-resisted|p2a: Kingambit|1
|-supereffective|p2b: Dragonite|1
|-damage|p2a: Kingambit|77/100
|-damage|p2b: Dragonite|0 fnt
|faint|p2b: Dragonite
|-damage|p1a: Jarchomp|36/100|[from] item: Life Orb
|move|p1b: Kingambit|Low Kick|p2a: Kingambit
|-supereffective|p2a: Kingambit|2
|-damage|p2a: Kingambit|0 fnt
|faint|p2a: Kingambit
|
|-sideend|p2: samki9|move: Tailwind
|upkeep
|-message|samki9 forfeited.
|
|win|castoriceball
|raw|castoriceball's rating: 1281 → 1305(+24 for winning)
|raw|samki9's rating: 1265 → 1241(-24 for losing)
|c|☆samki9|ggs wp
