|j|☆lettitripppp
|j|☆Mr James Freak
|html|lettitrippppMr James Freak    
|uhtml|bestof|Game 2 of a best-of-3
|t:|1784044741
|gametype|doubles
|player|p1|lettitripppp|lucas|1297
|player|p2|Mr James Freak|scientist|1319
|gen|9
|tier|[Gen 9 Champions] VGC 2026 Reg M-B (Bo3)
|rated|
|rule|Species Clause: Limit one of each Pokémon
|rule|Item Clause: Limit 1 of each item
|clearpoke
|poke|p1|Charizard, L50, M|
|poke|p1|Basculegion, L50, M|
|poke|p1|Pelipper, L50, M|
|poke|p1|Venusaur, L50, M|
|poke|p1|Archaludon, L50, M|
|poke|p1|Grimmsnarl, L50, M|
|poke|p2|Sinistcha-Masterpiece, L50, shiny|
|poke|p2|Sneasler, L50, M, shiny|
|poke|p2|Delphox, L50, M, shiny|
|poke|p2|Kingambit, L50, F, shiny|
|poke|p2|Incineroar, L50, F, shiny|
|poke|p2|Ninetales-Alola, L50, F, shiny|
|teampreview|4
|showteam|p1|Charizard||CharizarditeY|Blaze|WeatherBall,SolarBeam,HeatWave,Protect|Modest||M|||50|]Basculegion||ChoiceScarf|Adaptability|LastRespects,WaveCrash,FlipTurn,AquaJet|Jolly||M|||50|]Pelipper||SitrusBerry|Drizzle|WeatherBall,WideGuard,Hurricane,Tailwind|Modest||M|||50|]Venusaur||FocusSash|Chlorophyll|SleepPowder,SludgeBomb,EarthPower,Protect|Modest||M|||50|]Archaludon||Leftovers|Stamina|FlashCannon,DragonPulse,ElectroShot,Protect|Calm||M|||50|]Grimmsnarl||LightClay|Prankster|PartingShot,LightScreen,SpiritBreak,Reflect|Relaxed||M|||50|
|showteam|p2|Sinistcha-Masterpiece||OccaBerry|Hospitality|MatchaGotcha,RagePowder,TrickRoom,Protect|Bold|||||50|]Sneasler||WhiteHerb|Unburden|CloseCombat,DireClaw,FakeOut,QuickGuard|Jolly||M|||50|]Delphox||Delphoxite|Blaze|HeatWave,Psyshock,NastyPlot,Protect|Timid||M|||50|]Kingambit||LifeOrb|Defiant|KowtowCleave,SuckerPunch,LowKick,Protect|Adamant||F|||50|]Incineroar||PasshoBerry|Intimidate|FakeOut,PartingShot,FlareBlitz,ThroatChop|Careful||F|||50|]Ninetales-Alola||FocusSash|SnowWarning|Blizzard,FreezeDry,Encore,Protect|Timid||F|||50|
|inactive|Battle timer is ON: inactive players will automatically lose when time's up. (requested by lettitripppp)
|
|t:|1784044751
|teamsize|p1|4
|teamsize|p2|4
|start
|switch|p1a: BRIDGE BEYOND|Archaludon, L50, M|100/100
|switch|p1b: GO JOHAN|Grimmsnarl, L50, M|100/100
|switch|p2a: Kingambit|Kingambit, L50, F, shiny|100/100
|switch|p2b: Sneasler|Sneasler, L50, M, shiny|100/100
|turn|1
|
|t:|1784044772
|move|p1a: BRIDGE BEYOND|Protect|p1a: BRIDGE BEYOND
|-singleturn|p1a: BRIDGE BEYOND|Protect
|move|p1b: GO JOHAN|Reflect|p1b: GO JOHAN
|-sidestart|p1: lettitripppp|Reflect
|move|p2b: Sneasler|Close Combat|p1a: BRIDGE BEYOND
|-activate|p1a: BRIDGE BEYOND|move: Protect
|move|p2a: Kingambit|Low Kick|p1b: GO JOHAN
|-damage|p1b: GO JOHAN|76/100
|-damage|p2a: Kingambit|90/100|[from] item: Life Orb
|
|upkeep
|turn|2
|
|t:|1784044792
|move|p2a: Kingambit|Sucker Punch|p1a: BRIDGE BEYOND
|-damage|p1a: BRIDGE BEYOND|76/100
|-ability|p1a: BRIDGE BEYOND|Stamina|boost
|-boost|p1a: BRIDGE BEYOND|def|1
|-damage|p2a: Kingambit|80/100|[from] item: Life Orb
|move|p1b: GO JOHAN|Light Screen|p1b: GO JOHAN
|-sidestart|p1: lettitripppp|move: Light Screen
|move|p2b: Sneasler|Close Combat|p1a: BRIDGE BEYOND
|-supereffective|p1a: BRIDGE BEYOND|1
|-damage|p1a: BRIDGE BEYOND|35/100
|-unboost|p2b: Sneasler|def|1
|-unboost|p2b: Sneasler|spd|1
|-ability|p1a: BRIDGE BEYOND|Stamina|boost
|-boost|p1a: BRIDGE BEYOND|def|1
|-enditem|p2b: Sneasler|White Herb
|-clearnegativeboost|p2b: Sneasler|[silent]
|move|p1a: BRIDGE BEYOND|Dragon Pulse|p2b: Sneasler
|-damage|p2b: Sneasler|47/100
|
|-heal|p1a: BRIDGE BEYOND|41/100|[from] item: Leftovers
|upkeep
|turn|3
|
|t:|1784044809
|move|p1a: BRIDGE BEYOND|Protect|p1a: BRIDGE BEYOND
|-singleturn|p1a: BRIDGE BEYOND|Protect
|move|p1b: GO JOHAN|Parting Shot|p2b: Sneasler
|-unboost|p2b: Sneasler|atk|1
|-unboost|p2b: Sneasler|spa|1
|
|t:|1784044815
|switch|p1b: WET-BEAK|Pelipper, L50, M|100/100|[from] Parting Shot
|-weather|RainDance|[from] ability: Drizzle|[of] p1b: WET-BEAK
|move|p2b: Sneasler|Close Combat|p1a: BRIDGE BEYOND
|-activate|p1a: BRIDGE BEYOND|move: Protect
|move|p2a: Kingambit|Low Kick|p1b: WET-BEAK
|-resisted|p1b: WET-BEAK|1
|-damage|p1b: WET-BEAK|89/100
|-damage|p2a: Kingambit|71/100|[from] item: Life Orb
|
|-weather|RainDance|[upkeep]
|-heal|p1a: BRIDGE BEYOND|47/100|[from] item: Leftovers
|upkeep
|turn|4
|
|t:|1784044828
|switch|p2a: Ninetales|Ninetales-Alola, L50, F, shiny|100/100
|-weather|Snowscape|[from] ability: Snow Warning|[of] p2a: Ninetales
|move|p2b: Sneasler|Dire Claw|p1b: WET-BEAK
|-damage|p1b: WET-BEAK|68/100
|move|p1a: BRIDGE BEYOND|Flash Cannon|p2b: Sneasler
|-damage|p2b: Sneasler|1/100
|move|p1b: WET-BEAK|Tailwind|p1b: WET-BEAK
|-sidestart|p1: lettitripppp|move: Tailwind
|
|-weather|Snowscape|[upkeep]
|-heal|p1a: BRIDGE BEYOND|53/100|[from] item: Leftovers
|upkeep
|turn|5
|
|t:|1784044849
|move|p2b: Sneasler|Close Combat|p1a: BRIDGE BEYOND
|-supereffective|p1a: BRIDGE BEYOND|1
|-damage|p1a: BRIDGE BEYOND|31/100
|-unboost|p2b: Sneasler|def|1
|-unboost|p2b: Sneasler|spd|1
|-ability|p1a: BRIDGE BEYOND|Stamina|boost
|-boost|p1a: BRIDGE BEYOND|def|1
|move|p1a: BRIDGE BEYOND|Flash Cannon|p2a: Ninetales
|-supereffective|p2a: Ninetales|2
|-enditem|p2a: Ninetales|Focus Sash
|-damage|p2a: Ninetales|1/100
|move|p1b: WET-BEAK|Weather Ball|p2a: Ninetales
|-resisted|p2a: Ninetales|1
|-damage|p2a: Ninetales|0 fnt
|faint|p2a: Ninetales
|
|-weather|Snowscape|[upkeep]
|-heal|p1a: BRIDGE BEYOND|37/100|[from] item: Leftovers
|upkeep
|
|t:|1784044865
|switch|p2a: Delphox|Delphox, L50, M, shiny|100/100
|turn|6
|
|t:|1784044872
|switch|p2b: Kingambit|Kingambit, L50, F, shiny|71/100
|switch|p1b: GO JOHAN|Grimmsnarl, L50, M|76/100
|detailschange|p2a: Delphox|Delphox-Mega, L50, M, shiny
|-mega|p2a: Delphox|Delphox|Delphoxite
|move|p1a: BRIDGE BEYOND|Protect|p1a: BRIDGE BEYOND
|-singleturn|p1a: BRIDGE BEYOND|Protect
|move|p2a: Delphox|Protect||[still]
|-fail|p2a: Delphox
|
|-weather|Snowscape|[upkeep]
|-heal|p1a: BRIDGE BEYOND|43/100|[from] item: Leftovers
|upkeep
|turn|7
|
|t:|1784044894
|switch|p1b: WET-BEAK|Pelipper, L50, M|68/100
|-weather|RainDance|[from] ability: Drizzle|[of] p1b: WET-BEAK
|move|p1a: BRIDGE BEYOND|Electro Shot||[still]
|-prepare|p1a: BRIDGE BEYOND|Electro Shot
|-boost|p1a: BRIDGE BEYOND|spa|1
|-anim|p1a: BRIDGE BEYOND|Electro Shot|p2b: Kingambit
|-damage|p2b: Kingambit|20/100y
|move|p2a: Delphox|Nasty Plot|p2a: Delphox
|-boost|p2a: Delphox|spa|2
|move|p2b: Kingambit|Kowtow Cleave|p1b: WET-BEAK
|-damage|p1b: WET-BEAK|26/100
|-enditem|p1b: WET-BEAK|Sitrus Berry|[eat]
|-heal|p1b: WET-BEAK|51/100|[from] item: Sitrus Berry
|-damage|p2b: Kingambit|10/100|[from] item: Life Orb
|
|-weather|RainDance|[upkeep]
|-heal|p1a: BRIDGE BEYOND|49/100|[from] item: Leftovers
|-sideend|p1: lettitripppp|move: Tailwind
|upkeep
|turn|8
|
|t:|1784044916
|move|p1a: BRIDGE BEYOND|Protect|p1a: BRIDGE BEYOND
|-singleturn|p1a: BRIDGE BEYOND|Protect
|move|p2b: Kingambit|Sucker Punch||[still]
|-fail|p2b: Kingambit
|move|p2a: Delphox|Psyshock|p1b: WET-BEAK
|-damage|p1b: WET-BEAK|0 fnt
|faint|p1b: WET-BEAK
|
|-weather|RainDance|[upkeep]
|-heal|p1a: BRIDGE BEYOND|55/100|[from] item: Leftovers
|-sideend|p1: lettitripppp|Reflect
|upkeep
|
|t:|1784044925
|switch|p1b: GO JOHAN|Grimmsnarl, L50, M|76/100
|turn|9
|
|t:|1784044945
|move|p2b: Kingambit|Protect|p2b: Kingambit
|-singleturn|p2b: Kingambit|Protect
|move|p1b: GO JOHAN|Reflect|p1b: GO JOHAN
|-sidestart|p1: lettitripppp|Reflect
|move|p2a: Delphox|Heat Wave|p1b: GO JOHAN|[spread] p1a,p1b
|-damage|p1a: BRIDGE BEYOND|37/100
|-damage|p1b: GO JOHAN|52/100
|-ability|p1a: BRIDGE BEYOND|Stamina|boost
|-boost|p1a: BRIDGE BEYOND|def|1
|move|p1a: BRIDGE BEYOND|Electro Shot||[still]
|-prepare|p1a: BRIDGE BEYOND|Electro Shot
|-boost|p1a: BRIDGE BEYOND|spa|1
|-anim|p1a: BRIDGE BEYOND|Electro Shot|p2b: Kingambit
|-activate|p2b: Kingambit|move: Protect
|
|-weather|RainDance|[upkeep]
|-heal|p1a: BRIDGE BEYOND|43/100|[from] item: Leftovers
|-sideend|p1: lettitripppp|move: Light Screen
|upkeep
|turn|10
|
|t:|1784044963
|move|p1a: BRIDGE BEYOND|Protect|p1a: BRIDGE BEYOND
|-singleturn|p1a: BRIDGE BEYOND|Protect
|move|p2b: Kingambit|Sucker Punch||[still]
|-fail|p2b: Kingambit
|move|p1b: GO JOHAN|Light Screen|p1b: GO JOHAN
|-sidestart|p1: lettitripppp|move: Light Screen
|move|p2a: Delphox|Heat Wave|p1b: GO JOHAN|[spread] p1b
|-activate|p1a: BRIDGE BEYOND|move: Protect
|-damage|p1b: GO JOHAN|29/100
|-status|p1b: GO JOHAN|brn
|
|-weather|RainDance|[upkeep]
|-heal|p1a: BRIDGE BEYOND|49/100|[from] item: Leftovers
|-damage|p1b: GO JOHAN|23/100 brn|[from] brn
|upkeep
|turn|11
|
|t:|1784044984
|move|p2a: Delphox|Protect|p2a: Delphox
|-singleturn|p2a: Delphox|Protect
|move|p2b: Kingambit|Protect|p2b: Kingambit
|-singleturn|p2b: Kingambit|Protect
|move|p1a: BRIDGE BEYOND|Electro Shot||[still]
|-prepare|p1a: BRIDGE BEYOND|Electro Shot
|-boost|p1a: BRIDGE BEYOND|spa|1
|-anim|p1a: BRIDGE BEYOND|Electro Shot|p2a: Delphox
|-activate|p2a: Delphox|move: Protect
|move|p1b: GO JOHAN|Spirit Break|p2b: Kingambit
|-activate|p2b: Kingambit|move: Protect
|
|-weather|none
|-heal|p1a: BRIDGE BEYOND|55/100|[from] item: Leftovers
|-damage|p1b: GO JOHAN|17/100 brn|[from] brn
|upkeep
|turn|12
|
|t:|1784045002
|move|p1a: BRIDGE BEYOND|Protect|p1a: BRIDGE BEYOND
|-singleturn|p1a: BRIDGE BEYOND|Protect
|move|p2b: Kingambit|Sucker Punch||[still]
|-fail|p2b: Kingambit
|move|p1b: GO JOHAN|Parting Shot|p2a: Delphox
|-unboost|p2a: Delphox|atk|1
|-unboost|p2a: Delphox|spa|1
|
|t:|1784045009
|switch|p1b: GHOSTWAVE|Basculegion, L50, M|100/100|[from] Parting Shot
|move|p2a: Delphox|Heat Wave|p1a: BRIDGE BEYOND|[spread] p1b
|-activate|p1a: BRIDGE BEYOND|move: Protect
|-resisted|p1b: GHOSTWAVE|1
|-damage|p1b: GHOSTWAVE|80/100
|
|-heal|p1a: BRIDGE BEYOND|61/100|[from] item: Leftovers
|upkeep
|turn|13
|inactive|lettitripppp has 30 seconds left.
|
|t:|1784045034
|move|p1b: GHOSTWAVE|Aqua Jet|p2b: Kingambit
|-damage|p2b: Kingambit|0 fnt
|faint|p2b: Kingambit
|move|p2a: Delphox|Heat Wave|p1a: BRIDGE BEYOND|[spread] p1a,p1b
|-resisted|p1b: GHOSTWAVE|1
|-damage|p1a: BRIDGE BEYOND|29/100
|-damage|p1b: GHOSTWAVE|59/100
|-ability|p1a: BRIDGE BEYOND|Stamina|boost
|-boost|p1a: BRIDGE BEYOND|def|1
|move|p1a: BRIDGE BEYOND|Dragon Pulse|p2a: Delphox
|-damage|p2a: Delphox|24/100
|
|-heal|p1a: BRIDGE BEYOND|35/100|[from] item: Leftovers
|upkeep
|
|t:|1784045042
|switch|p2b: Sneasler|Sneasler, L50, M, shiny|1/100
|turn|14
|
|t:|1784045053
|switch|p1b: GO JOHAN|Grimmsnarl, L50, M|17/100 brn
|move|p1a: BRIDGE BEYOND|Protect|p1a: BRIDGE BEYOND
|-singleturn|p1a: BRIDGE BEYOND|Protect
|move|p2b: Sneasler|Quick Guard|p2b: Sneasler
|-singleturn|p2b: Sneasler|Quick Guard
|move|p2a: Delphox|Heat Wave|p1b: GO JOHAN|[spread] p1b
|-activate|p1a: BRIDGE BEYOND|move: Protect
|-damage|p1b: GO JOHAN|0 fnt
|faint|p1b: GO JOHAN
|
|-heal|p1a: BRIDGE BEYOND|41/100|[from] item: Leftovers
|upkeep
|
|t:|1784045060
|switch|p1b: GHOSTWAVE|Basculegion, L50, M|59/100
|turn|15
|
|t:|1784045079
|move|p2b: Sneasler|Quick Guard|p2b: Sneasler
|-singleturn|p2b: Sneasler|Quick Guard
|move|p1b: GHOSTWAVE|Last Respects|p2b: Sneasler
|-damage|p2b: Sneasler|0 fnt
|faint|p2b: Sneasler
|move|p2a: Delphox|Heat Wave|p1a: BRIDGE BEYOND|[spread] p1a,p1b
|-resisted|p1b: GHOSTWAVE|1
|-damage|p1a: BRIDGE BEYOND|13/100
|-damage|p1b: GHOSTWAVE|37/100
|-ability|p1a: BRIDGE BEYOND|Stamina|boost
|-boost|p1a: BRIDGE BEYOND|def|1
|move|p1a: BRIDGE BEYOND|Dragon Pulse|p2a: Delphox
|-damage|p2a: Delphox|0 fnt
|faint|p2a: Delphox
|
|win|lettitripppp
||Mr James Freak is ready for game 3.
|inactive|lettitripppp has 30 seconds to confirm battle start!
