|j|☆Mr Woah
|j|☆Mushroom Hater
|html|Mr WoahMushroom Hater    
|uhtml|bestof|Game 2 of a best-of-3
|t:|1756869595
|gametype|doubles
|player|p1|Mr Woah|winona|1265
|player|p2|Mushroom Hater|dawn|1276
|gen|9
|tier|[Gen 9] VGC 2025 Reg H (Bo3)
|rated|
|rule|Species Clause: Limit one of each Pokémon
|rule|Item Clause: Limit 1 of each item
|clearpoke
|poke|p1|Ninetales-Alola, L50, M|
|poke|p1|Ursaluna-Bloodmoon, L50, M|
|poke|p1|Gholdengo, L50|
|poke|p1|Amoonguss, L50, F|
|poke|p1|Annihilape, L50, F|
|poke|p1|Dragonite, L50, M|
|poke|p2|Sneasler, L50, F|
|poke|p2|Indeedee, L50, M|
|poke|p2|Volcarona, L50, M|
|poke|p2|Ursaluna-Bloodmoon, L50, M|
|poke|p2|Annihilape, L50, F|
|poke|p2|Tyranitar, L50, M|
|teampreview|4
|showteam|p1|Ninetales-Alola||CovertCloak|SnowWarning|IcyWind,Blizzard,AuroraVeil,IcicleSpear|||M|||50|,,,,,Water]Ursaluna-Bloodmoon||AssaultVest|MindsEye|BloodMoon,EarthPower,HyperVoice,VacuumWave|||M|||50|,,,,,Water]Gholdengo||LifeOrb|GoodasGold|Protect,NastyPlot,MakeItRain,ShadowBall||||||50|,,,,,Water]Amoonguss||SitrusBerry|Regenerator|Spore,RagePowder,PollenPuff,Protect|||F|||50|,,,,,Psychic]Annihilape||SafetyGoggles|Defiant|RageFist,BulkUp,DrainPunch,Protect|||F|||50|,,,,,Fire]Dragonite||LoadedDice|Multiscale|ScaleShot,Tailwind,Haze,Protect|||M|||50|,,,,,Fairy
|showteam|p2|Sneasler||PsychicSeed|Unburden|CloseCombat,DireClaw,ThroatChop,Protect|||F|||50|,,,,,Dark]Indeedee||ChoiceScarf|PsychicSurge|ExpandingForce,TeraBlast,Trick,Protect|||M|||50|,,,,,Psychic]Volcarona||SitrusBerry|FlameBody|Flamethrower,StruggleBug,RagePowder,Tailwind|||M|||50|,,,,,Grass]Ursaluna-Bloodmoon||LifeOrb|MindsEye|BloodMoon,HyperVoice,EarthPower,Protect|||M|||50|,,,,,Normal]Annihilape||SafetyGoggles|Defiant|CloseCombat,RageFist,Taunt,FinalGambit|||F|||50|,,,,,Fairy]Tyranitar||AssaultVest|SandStream|RockSlide,KnockOff,TeraBlast,LowKick|||M|||50|,,,,,Flying
|
|t:|1756869645
|teamsize|p1|4
|teamsize|p2|4
|start
|switch|p1a: Dragonite|Dragonite, L50, M|100/100
|switch|p1b: Amoonguss|Amoonguss, L50, F|100/100
|switch|p2a: Volcarona|Volcarona, L50, M|100/100
|switch|p2b: Annihilape|Annihilape, L50, F|100/100
|turn|1
|
|t:|1756869667
|-terastallize|p2a: Volcarona|Grass
|move|p1b: Amoonguss|Protect|p1b: Amoonguss
|-singleturn|p1b: Amoonguss|Protect
|move|p2a: Volcarona|Tailwind|p2a: Volcarona
|-sidestart|p2: Mushroom Hater|move: Tailwind
|move|p2b: Annihilape|Final Gambit|p1a: Dragonite
|-damage|p1a: Dragonite|0 fnt
|faint|p2b: Annihilape
|faint|p1a: Dragonite
|
|upkeep
|
|t:|1756869684
|switch|p2b: Indeedee|Indeedee, L50, M|100/100
|switch|p1a: Ursaluna|Ursaluna-Bloodmoon, L50, M|100/100
|-fieldstart|move: Psychic Terrain|[from] ability: Psychic Surge|[of] p2b: Indeedee
|turn|2
|
|t:|1756869695
|-terastallize|p1b: Amoonguss|Psychic
|move|p2b: Indeedee|Expanding Force|p1b: Amoonguss|[spread] p1a,p1b
|-resisted|p1b: Amoonguss
|-damage|p1a: Ursaluna|64/100
|-damage|p1b: Amoonguss|75/100
|move|p2a: Volcarona|Struggle Bug|p1b: Amoonguss|[spread] p1a,p1b
|-supereffective|p1b: Amoonguss
|-crit|p1b: Amoonguss
|-damage|p1a: Ursaluna|53/100
|-damage|p1b: Amoonguss|34/100
|-unboost|p1a: Ursaluna|spa|1
|-unboost|p1b: Amoonguss|spa|1
|-enditem|p1b: Amoonguss|Sitrus Berry|[eat]
|-heal|p1b: Amoonguss|59/100|[from] item: Sitrus Berry
|move|p1a: Ursaluna|Blood Moon|p2a: Volcarona
|-damage|p2a: Volcarona|52/100
|move|p1b: Amoonguss|Spore|p2b: Indeedee
|-status|p2b: Indeedee|slp|[from] move: Spore
|
|upkeep
|turn|3
|
|t:|1756869709
|cant|p2b: Indeedee|slp
|move|p2a: Volcarona|Struggle Bug|p1a: Ursaluna|[spread] p1a,p1b
|-supereffective|p1b: Amoonguss
|-damage|p1a: Ursaluna|40/100
|-damage|p1b: Amoonguss|28/100
|-unboost|p1a: Ursaluna|spa|1
|-unboost|p1b: Amoonguss|spa|1
|move|p1a: Ursaluna|Hyper Voice|p2b: Indeedee|[spread] p2a,p2b
|-damage|p2a: Volcarona|37/100
|-damage|p2b: Indeedee|76/100 slp
|-enditem|p2a: Volcarona|Sitrus Berry|[eat]
|-heal|p2a: Volcarona|62/100|[from] item: Sitrus Berry
|move|p1b: Amoonguss|Pollen Puff|p1a: Ursaluna
|-heal|p1a: Ursaluna|90/100
|
|upkeep
|turn|4
|
|t:|1756869718
|-curestatus|p2b: Indeedee|slp|[msg]
|move|p2b: Indeedee|Expanding Force|p1a: Ursaluna|[spread] p1a,p1b
|-resisted|p1b: Amoonguss
|-damage|p1a: Ursaluna|54/100
|-damage|p1b: Amoonguss|2/100
|move|p2a: Volcarona|Struggle Bug|p1a: Ursaluna|[spread] p1a,p1b
|-supereffective|p1b: Amoonguss
|-damage|p1a: Ursaluna|44/100
|-damage|p1b: Amoonguss|0 fnt
|-unboost|p1a: Ursaluna|spa|1
|faint|p1b: Amoonguss
|move|p1a: Ursaluna|Blood Moon|p2b: Indeedee
|-damage|p2b: Indeedee|34/100
|
|-sideend|p2: Mushroom Hater|move: Tailwind
|upkeep
|
|t:|1756869726
|switch|p1b: Gholdengo|Gholdengo, L50|100/100
|turn|5
|
|t:|1756869735
|move|p2b: Indeedee|Expanding Force|p1b: Gholdengo|[spread] p1a,p1b
|-resisted|p1b: Gholdengo
|-damage|p1a: Ursaluna|5/100
|-damage|p1b: Gholdengo|69/100
|move|p2a: Volcarona|Struggle Bug|p1a: Ursaluna|[spread] p1a,p1b
|-resisted|p1b: Gholdengo
|-damage|p1a: Ursaluna|0 fnt
|-damage|p1b: Gholdengo|65/100
|-unboost|p1b: Gholdengo|spa|1
|faint|p1a: Ursaluna
|move|p1b: Gholdengo|Make It Rain|p2b: Indeedee|[spread] p2a,p2b
|-damage|p2a: Volcarona|26/100
|-damage|p2b: Indeedee|0 fnt
|-unboost|p1b: Gholdengo|spa|1
|faint|p2b: Indeedee
|-damage|p1b: Gholdengo|55/100|[from] item: Life Orb
|
|upkeep
|
|t:|1756869736
|switch|p2b: Sneasler|Sneasler, L50, F|100/100
|-enditem|p2b: Sneasler|Psychic Seed
|-boost|p2b: Sneasler|spd|1|[from] item: Psychic Seed
|turn|6
|-message|Mr Woah forfeited.
|
|win|Mushroom Hater
