|j|☆Eneix1234
|j|☆guyq
|html|Eneix1234guyq    
|uhtml|bestof|Game 3 of a best-of-3
|t:|1782251779
|gametype|doubles
|player|p1|Eneix1234|266|1070
|player|p2|guyq|briar|1172
|gen|9
|tier|[Gen 9 Champions] VGC 2026 Reg M-B (Bo3)
|rated|
|rule|Species Clause: Limit one of each Pokémon
|rule|Item Clause: Limit 1 of each item
|clearpoke
|poke|p1|Froslass, L50, F|
|poke|p1|Sneasler, L50, F|
|poke|p1|Arcanine, L50, M|
|poke|p1|Rotom-Wash, L50|
|poke|p1|Meowscarada, L50, M|
|poke|p1|Ditto, L50|
|poke|p2|Metagross, L50|
|poke|p2|Staraptor, L50, M|
|poke|p2|Garchomp, L50, F|
|poke|p2|Whimsicott, L50, M|
|poke|p2|Rotom-Wash, L50|
|poke|p2|Incineroar, L50, F|
|teampreview|4
|showteam|p1|Froslass||Froslassite|CursedBody|Blizzard,ShadowBall,AuroraVeil,Protect|Timid||F|||50|]Sneasler||WhiteHerb|Unburden|CloseCombat,DireClaw,FakeOut,Protect|Jolly||F|||50|]Arcanine||LifeOrb|Intimidate|HeatWave,ScorchingSands,Protect,WillOWisp|Timid||M|||50|]Rotom-Wash||ChoiceScarf|Levitate|VoltSwitch,Thunderbolt,HydroPump,Trick|Modest|||||50|]Meowscarada||FocusSash|Protean|FlowerTrick,Protect,PlayRough,ThroatChop|Jolly||M|||50|]Ditto||Leftovers|Imposter|Transform|Serious|||||50|
|showteam|p2|Metagross||Metagrossite|ClearBody|PsychicFangs,BulletPunch,StompingTantrum,Protect|Jolly|||||50|]Staraptor||Staraptite|Intimidate|BraveBird,CloseCombat,QuickAttack,Protect|Jolly||M|||50|]Garchomp||LifeOrb|RoughSkin|DragonClaw,Earthquake,RockSlide,Protect|Jolly||F|||50|]Whimsicott||FocusSash|Prankster|Moonblast,Tailwind,Charm,Protect|Timid||M|||50|]Rotom-Wash||Leftovers|Levitate|Thunderbolt,HydroPump,WillOWisp,Protect|Modest|||||50|]Incineroar||SitrusBerry|Intimidate|FlareBlitz,ThroatChop,PartingShot,FakeOut|Adamant||F|||50|
|
|t:|1782251800
|teamsize|p1|4
|teamsize|p2|4
|start
|switch|p1a: Froslass|Froslass, L50, F|100/100
|switch|p1b: Sneasler|Sneasler, L50, F|100/100
|switch|p2a: Staraptor|Staraptor, L50, M|100/100
|switch|p2b: Whimsicott|Whimsicott, L50, M|100/100
|-ability|p2a: Staraptor|Intimidate|boost
|-unboost|p1a: Froslass|atk|1
|-unboost|p1b: Sneasler|atk|1
|-enditem|p1b: Sneasler|White Herb
|-clearnegativeboost|p1b: Sneasler|[silent]
|turn|1
|
|t:|1782251820
|detailschange|p1a: Froslass|Froslass-Mega, L50, F
|-mega|p1a: Froslass|Froslass|Froslassite
|-weather|Snowscape|[from] ability: Snow Warning|[of] p1a: Froslass
|detailschange|p2a: Staraptor|Staraptor-Mega, L50, M
|-mega|p2a: Staraptor|Staraptor|Staraptite
|move|p2b: Whimsicott|Protect|p2b: Whimsicott
|-singleturn|p2b: Whimsicott|Protect
|move|p2a: Staraptor|Protect|p2a: Staraptor
|-singleturn|p2a: Staraptor|Protect
|move|p1b: Sneasler|Fake Out|p2a: Staraptor
|-activate|p2a: Staraptor|move: Protect
|move|p1a: Froslass|Blizzard|p2a: Staraptor|[spread] 
|-activate|p2a: Staraptor|move: Protect
|-activate|p2b: Whimsicott|move: Protect
|
|-weather|Snowscape|[upkeep]
|upkeep
|turn|2
|
|t:|1782251871
|switch|p2a: Incineroar|Incineroar, L50, F|100/100
|-ability|p2a: Incineroar|Intimidate|boost
|-unboost|p1a: Froslass|atk|1
|-unboost|p1b: Sneasler|atk|1
|move|p2b: Whimsicott|Charm|p1b: Sneasler
|-unboost|p1b: Sneasler|atk|2
|move|p1b: Sneasler|Dire Claw|p2a: Incineroar
|-damage|p2a: Incineroar|86/100
|move|p1a: Froslass|Blizzard|p2b: Whimsicott|[spread] p2a,p2b
|-resisted|p2a: Incineroar|1
|-crit|p2a: Incineroar
|-supereffective|p2b: Whimsicott|1
|-damage|p2a: Incineroar|60/100
|-enditem|p2b: Whimsicott|Focus Sash
|-damage|p2b: Whimsicott|1/100
|
|-weather|Snowscape|[upkeep]
|upkeep
|turn|3
|
|t:|1782251898
|move|p2b: Whimsicott|Tailwind|p2b: Whimsicott
|-sidestart|p2: guyq|move: Tailwind
|move|p1b: Sneasler|Close Combat|p2a: Incineroar
|-supereffective|p2a: Incineroar|1
|-damage|p2a: Incineroar|22/100
|-unboost|p1b: Sneasler|def|1
|-unboost|p1b: Sneasler|spd|1
|-enditem|p2a: Incineroar|Sitrus Berry|[eat]
|-heal|p2a: Incineroar|47/100|[from] item: Sitrus Berry
|move|p1a: Froslass|Blizzard|p2a: Incineroar|[spread] p2a,p2b
|-resisted|p2a: Incineroar|1
|-supereffective|p2b: Whimsicott|1
|-damage|p2a: Incineroar|28/100
|-damage|p2b: Whimsicott|0 fnt
|faint|p2b: Whimsicott
|move|p2a: Incineroar|Throat Chop|p1a: Froslass
|-supereffective|p1a: Froslass|1
|-damage|p1a: Froslass|18/100
|-start|p1a: Froslass|Throat Chop|[silent]
|
|-weather|Snowscape|[upkeep]
|upkeep
|
|t:|1782251923
|switch|p2b: Staraptor|Staraptor-Mega, L50, M|100/100
|turn|4
|
|t:|1782251943
|switch|p1a: Rotom|Rotom-Wash, L50|100/100
|switch|p2a: Rotom|Rotom-Wash, L50|100/100
|move|p1b: Sneasler|Close Combat|p2a: Rotom
|-damage|p2a: Rotom|80/100
|-unboost|p1b: Sneasler|def|1
|-unboost|p1b: Sneasler|spd|1
|move|p2b: Staraptor|Brave Bird|p1a: Rotom
|-resisted|p1a: Rotom|1
|-damage|p1a: Rotom|58/100
|-damage|p2b: Staraptor|88/100|[from] Recoil
|
|-weather|Snowscape|[upkeep]
|-heal|p2a: Rotom|85/100|[from] item: Leftovers
|upkeep
|turn|5
|
|t:|1782251969
|switch|p1a: Froslass|Froslass-Mega, L50, F|18/100
|move|p1b: Sneasler|Dire Claw|p2b: Staraptor
|-damage|p2b: Staraptor|73/100
|move|p2b: Staraptor|Close Combat|p1a: Froslass
|-immune|p1a: Froslass
|move|p2a: Rotom|Thunderbolt|p1b: Sneasler
|-damage|p1b: Sneasler|0 fnt
|faint|p1b: Sneasler
|
|-weather|none
|-heal|p2a: Rotom|91/100|[from] item: Leftovers
|upkeep
|
|t:|1782251986
|switch|p1b: Rotom|Rotom-Wash, L50|58/100
|turn|6
|
|t:|1782251996
|move|p1a: Froslass|Protect|p1a: Froslass
|-singleturn|p1a: Froslass|Protect
|move|p2b: Staraptor|Close Combat|p1b: Rotom
|-damage|p1b: Rotom|0 fnt
|-boost|p2b: Staraptor|def|1
|-boost|p2b: Staraptor|spd|1
|faint|p1b: Rotom
|move|p2a: Rotom|Thunderbolt|p1a: Froslass
|-activate|p1a: Froslass|move: Protect
|
|-heal|p2a: Rotom|97/100|[from] item: Leftovers
|-sideend|p2: guyq|move: Tailwind
|upkeep
|
|t:|1782252007
|switch|p1b: Arcanine|Arcanine, L50, M|100/100
|-ability|p1b: Arcanine|Intimidate|boost
|-unboost|p2a: Rotom|atk|1
|-boost|p2b: Staraptor|atk|1
|turn|7
|
|t:|1782252013
|move|p2b: Staraptor|Protect|p2b: Staraptor
|-singleturn|p2b: Staraptor|Protect
|move|p1a: Froslass|Blizzard|p2b: Staraptor|[spread] p2a
|-activate|p2b: Staraptor|move: Protect
|-resisted|p2a: Rotom|1
|-damage|p2a: Rotom|75/100
|move|p1b: Arcanine|Heat Wave|p2b: Staraptor|[spread] p2a
|-activate|p2b: Staraptor|move: Protect
|-resisted|p2a: Rotom|1
|-damage|p2a: Rotom|53/100
|-status|p2a: Rotom|brn
|-damage|p1b: Arcanine|90/100|[from] item: Life Orb
|move|p2a: Rotom|Thunderbolt|p1a: Froslass
|-damage|p1a: Froslass|0 fnt
|faint|p1a: Froslass
|
|-heal|p2a: Rotom|59/100 brn|[from] item: Leftovers
|-damage|p2a: Rotom|53/100 brn|[from] brn
|upkeep
|turn|8
|
|t:|1782252032
|move|p2b: Staraptor|Close Combat|p1b: Arcanine
|-damage|p1b: Arcanine|0 fnt
|-boost|p2b: Staraptor|def|1
|-boost|p2b: Staraptor|spd|1
|faint|p1b: Arcanine
|
|win|guyq
|raw|Eneix1234's rating: 1070 → 1055(-15 for losing)
|raw|guyq's rating: 1172 → 1190(+18 for winning)
|l|☆Eneix1234
|player|p1|
