|j|☆Rodrigo21amz
|j|☆erickpoux
|html|Rodrigo21amzerickpoux    
|uhtml|bestof|Game 2 of a best-of-3
|t:|1756354549
|gametype|doubles
|player|p1|Rodrigo21amz|volkner|1156
|player|p2|erickpoux|nate|1148
|gen|9
|tier|[Gen 9] VGC 2025 Reg H (Bo3)
|rated|
|rule|Species Clause: Limit one of each Pokémon
|rule|Item Clause: Limit 1 of each item
|clearpoke
|poke|p1|Whimsicott, L50, M|
|poke|p1|Ursaluna-Bloodmoon, L50, M|
|poke|p1|Typhlosion-Hisui, L50, F|
|poke|p1|Sneasler, L50, F|
|poke|p1|Dragapult, L50, M|
|poke|p1|Electabuzz, L50, F|
|poke|p2|Volcarona, L50, M|
|poke|p2|Rillaboom, L50, M|
|poke|p2|Electabuzz, L50, F|
|poke|p2|Dragonite, L50, M|
|poke|p2|Ursaluna-Bloodmoon, L50, M|
|poke|p2|Whimsicott, L50, F|
|teampreview|4
|showteam|p1|Whimsicott||CovertCloak|Prankster|Tailwind,SunnyDay,Moonblast,Encore|||M|||50|,,,,,Steel]Ursaluna-Bloodmoon||LifeOrb|MindsEye|BloodMoon,HyperVoice,EarthPower,Protect|||M|||50|,,,,,Normal]Typhlosion-Hisui||ChoiceScarf|Blaze|Eruption,ShadowBall,HeatWave,Overheat|||F|||50|,,,,,Fire]Sneasler||FocusSash|PoisonTouch|Protect,CloseCombat,DireClaw,ThroatChop|||F|||50|,,,,,Dark]Dragapult||ChoiceBand|ClearBody|DragonDarts,Outrage,Uturn,PhantomForce|||M|||50|,,,,,Dragon]Electabuzz||Eviolite|VitalSpirit|FollowMe,Electroweb,Taunt,HelpingHand|||F|||50|,,,,,Ghost
|showteam|p2|Volcarona||CovertCloak|FlameBody|TeraBlast,HeatWave,QuiverDance,Protect|||M|||50|,,,,,Water]Rillaboom||AssaultVest|GrassySurge|WoodHammer,GrassyGlide,Uturn,FakeOut|||M|||50|,,,,,Grass]Electabuzz||Eviolite|VitalSpirit|FollowMe,Protect,Electroweb,Taunt|||F|||50|,,,,,Ghost]Dragonite||LoadedDice|Multiscale|ScaleShot,Tailwind,Haze,Protect|||M|||50|,,,,,Fairy]Ursaluna-Bloodmoon||LifeOrb|MindsEye|BloodMoon,EarthPower,HyperVoice,Protect|||M|||50|,,,,,Normal]Whimsicott||FocusSash|Prankster|Tailwind,Taunt,Moonblast,FakeTears|||F|||50|,,,,,Ghost
|
|t:|1756354595
|teamsize|p1|4
|teamsize|p2|4
|start
|switch|p1a: Ursaluna|Ursaluna-Bloodmoon, L50, M|100/100
|switch|p1b: Electabuzz|Electabuzz, L50, F|100/100
|switch|p2a: Dragonite|Dragonite, L50, M, shiny|100/100
|switch|p2b: Whimsicott|Whimsicott, L50, F, shiny|100/100
|turn|1
|
|t:|1756354616
|-terastallize|p1a: Ursaluna|Normal
|move|p2a: Dragonite|Protect|p2a: Dragonite
|-singleturn|p2a: Dragonite|Protect
|move|p2b: Whimsicott|Taunt|p1b: Electabuzz
|-start|p1b: Electabuzz|move: Taunt
|move|p1b: Electabuzz|Electroweb|p2a: Dragonite|[spread] p2b
|-activate|p2a: Dragonite|move: Protect
|-resisted|p2b: Whimsicott
|-damage|p2b: Whimsicott|91/100
|-unboost|p2b: Whimsicott|spe|1
|move|p1a: Ursaluna|Hyper Voice|p2a: Dragonite|[spread] p2b
|-activate|p2a: Dragonite|move: Protect
|-damage|p2b: Whimsicott|0 fnt
|faint|p2b: Whimsicott
|-damage|p1a: Ursaluna|91/100|[from] item: Life Orb
|
|upkeep
|
|t:|1756354626
|switch|p2b: Ursaluna|Ursaluna-Bloodmoon, L50, M|100/100
|turn|2
|
|t:|1756354638
|-terastallize|p2b: Ursaluna|Normal
|move|p1b: Electabuzz|Electroweb|p2a: Dragonite|[spread] p2a,p2b
|-damage|p2a: Dragonite|93/100
|-damage|p2b: Ursaluna|85/100
|-unboost|p2a: Dragonite|spe|1
|-unboost|p2b: Ursaluna|spe|1
|move|p1a: Ursaluna|Hyper Voice|p2a: Dragonite|[spread] p2a,p2b
|-damage|p2a: Dragonite|18/100
|-damage|p2b: Ursaluna|0 fnt
|faint|p2b: Ursaluna
|-damage|p1a: Ursaluna|81/100|[from] item: Life Orb
|move|p2a: Dragonite|Tailwind|p2a: Dragonite
|-sidestart|p2: erickpoux|move: Tailwind
|
|upkeep
|
|t:|1756354646
|switch|p2b: Electabuzz|Electabuzz, L50, F|100/100
|turn|3
|
|t:|1756354656
|move|p1a: Ursaluna|Protect|p1a: Ursaluna
|-singleturn|p1a: Ursaluna|Protect
|move|p2b: Electabuzz|Follow Me|p2b: Electabuzz
|-singleturn|p2b: Electabuzz|move: Follow Me
|move|p2a: Dragonite|Scale Shot|p1a: Ursaluna
|-activate|p1a: Ursaluna|move: Protect
|move|p1b: Electabuzz|Electroweb|p2b: Electabuzz|[spread] p2a,p2b
|-resisted|p2b: Electabuzz
|-crit|p2b: Electabuzz
|-damage|p2a: Dragonite|3/100
|-damage|p2b: Electabuzz|94/100
|-unboost|p2a: Dragonite|spe|1
|-unboost|p2b: Electabuzz|spe|1
|
|-end|p1b: Electabuzz|move: Taunt
|upkeep
|turn|4
|
|t:|1756354668
|move|p1b: Electabuzz|Electroweb|p2b: Electabuzz|[spread] p2a,p2b
|-resisted|p2b: Electabuzz
|-damage|p2a: Dragonite|0 fnt
|-damage|p2b: Electabuzz|88/100
|-unboost|p2b: Electabuzz|spe|1
|faint|p2a: Dragonite
|move|p2b: Electabuzz|Electroweb|p1a: Ursaluna|[spread] p1a,p1b
|-resisted|p1b: Electabuzz
|-damage|p1a: Ursaluna|62/100
|-damage|p1b: Electabuzz|95/100
|-unboost|p1a: Ursaluna|spe|1
|-unboost|p1b: Electabuzz|spe|1
|move|p1a: Ursaluna|Hyper Voice|p2b: Electabuzz
|-damage|p2b: Electabuzz|14/100
|-damage|p1a: Ursaluna|53/100|[from] item: Life Orb
|
|upkeep
|turn|5
|
|t:|1756354674
|move|p1b: Electabuzz|Helping Hand|p1a: Ursaluna
|-singleturn|p1a: Ursaluna|Helping Hand|[of] p1b: Electabuzz
|move|p2b: Electabuzz|Electroweb|p1b: Electabuzz|[spread] p1a,p1b
|-resisted|p1b: Electabuzz
|-damage|p1a: Ursaluna|34/100
|-damage|p1b: Electabuzz|89/100
|-unboost|p1a: Ursaluna|spe|1
|-unboost|p1b: Electabuzz|spe|1
|move|p1a: Ursaluna|Blood Moon|p2b: Electabuzz
|-damage|p2b: Electabuzz|0 fnt
|faint|p2b: Electabuzz
|-damage|p1a: Ursaluna|24/100|[from] item: Life Orb
|
|win|Rodrigo21amz
||erickpoux is ready for game 3.
||Rodrigo21amz is ready for game 3.
|uhtml|next|Next: Game 3 of 3
|l|☆Rodrigo21amz
|player|p1|
