|j|☆dambro222
|j|☆tortilla sorpresa
|html|dambro222tortilla sorpresa    
|uhtml|bestof|Game 2 of a best-of-3
|t:|1756298327
|gametype|doubles
|player|p1|dambro222|ethan|1158
|player|p2|tortilla sorpresa|ghetsis-gen5bw|1066
|gen|9
|tier|[Gen 9] VGC 2025 Reg H (Bo3)
|rated|
|rule|Species Clause: Limit one of each Pokémon
|rule|Item Clause: Limit 1 of each item
|clearpoke
|poke|p1|Dragonite, L50, M|
|poke|p1|Volcarona, L50, F|
|poke|p1|Sneasler, L50, M|
|poke|p1|Rillaboom, L50, M|
|poke|p1|Electabuzz, L50, M|
|poke|p1|Kingambit, L50, M|
|poke|p2|Weezing-Galar, L50, M|
|poke|p2|Sneasler, L50, F|
|poke|p2|Toedscruel, L50, M|
|poke|p2|Pelipper, L50, F|
|poke|p2|Basculegion, L50, M|
|poke|p2|Armarouge, L50, M|
|teampreview|4
|showteam|p1|Dragonite||LoadedDice|Multiscale|ScaleShot,ExtremeSpeed,Haze,Protect|||M|||50|,,,,,Fairy]Volcarona||CovertCloak|FlameBody|HeatWave,TeraBlast,QuiverDance,Protect|||F|||50|,,,,,Fairy]Sneasler||FocusSash|Unburden|CloseCombat,DireClaw,Coaching,Protect|||M|||50|,,,,,Stellar]Rillaboom||AssaultVest|GrassySurge|WoodHammer,GrassyGlide,HighHorsepower,FakeOut|||M|||50|,,,,,Water]Electabuzz||Eviolite|VitalSpirit|Electroweb,FollowMe,Taunt,Protect|||M|||50|,,,,,Ghost]Kingambit||BlackGlasses|Defiant|KowtowCleave,SuckerPunch,SwordsDance,Protect|||M|||50|,,,,,Dark
|showteam|p2|Weezing-Galar||BlackSludge|NeutralizingGas|DazzlingGleam,Taunt,Flamethrower,SludgeBomb|||M|||50|,,,,,Fire]Sneasler||ExpertBelt|PoisonTouch|ThroatChop,DireClaw,CloseCombat,FakeOut|||F|||50|,,,,,Dark]Toedscruel||CovertCloak|MyceliumMight|Spore,RagePowder,LeafStorm,EarthPower|||M|||50|,,,,,Ground]Pelipper||AbilityShield|Drizzle|Tailwind,Hurricane,Protect,WideGuard|||F|||50|,,,,,Ground]Basculegion||LifeOrb|SwiftSwim|AquaJet,WaveCrash,Protect,LastRespects|||M|||50|,,,,,Ghost]Armarouge||AssaultVest|FlashFire|HeatWave,EnergyBall,ScorchingSands,Psyshock|||M|||50|,,,,,Grass
|inactive|Battle timer is ON: inactive players will automatically lose when time's up. (requested by tortilla sorpresa)
|inactive|dambro222 also wants the timer to be on.
|inactive|dambro222 has 60 seconds left.
|l|☆dambro222
|inactive|dambro222 disconnected and has a minute to reconnect!
|player|p1|
|j|☆dambro222
|inactive|dambro222 reconnected and has 35 seconds left.
|player|p1|dambro222|ethan|
|inactive|dambro222 has 30 seconds left.
|
|t:|1756298396
|teamsize|p1|4
|teamsize|p2|4
|start
|switch|p1a: Volcarona|Volcarona, L50, F|100/100
|switch|p1b: Rillaboom|Rillaboom, L50, M|100/100
|switch|p2a: Weezing|Weezing-Galar, L50, M|100/100
|switch|p2b: Toedscruel|Toedscruel, L50, M|100/100
|-ability|p2a: Weezing|Neutralizing Gas
|turn|1
|
|t:|1756298414
|move|p1b: Rillaboom|Fake Out|p2b: Toedscruel
|-damage|p2b: Toedscruel|83/100
|move|p2b: Toedscruel|Spore|p1a: Volcarona
|-status|p1a: Volcarona|slp|[from] move: Spore
|cant|p1a: Volcarona|slp
|move|p2a: Weezing|Taunt|p1a: Volcarona
|-start|p1a: Volcarona|move: Taunt
|
|upkeep
|turn|2
|
|t:|1756298423
|switch|p2b: Sneasler|Sneasler, L50, F|100/100
|-curestatus|p1a: Volcarona|slp|[msg]
|move|p1a: Volcarona|Heat Wave|p2a: Weezing|[spread] p2a,p2b
|-damage|p2a: Weezing|51/100
|-damage|p2b: Sneasler|52/100
|move|p1b: Rillaboom|High Horsepower|p2a: Weezing
|-supereffective|p2a: Weezing
|-damage|p2a: Weezing|0 fnt
|faint|p2a: Weezing
|-end|p2a: Weezing|ability: Neutralizing Gas
|-fieldstart|move: Grassy Terrain|[from] ability: Grassy Surge|[of] p1b: Rillaboom
|
|-heal|p2b: Sneasler|58/100|[from] Grassy Terrain
|upkeep
|
|t:|1756298433
|switch|p2a: Armarouge|Armarouge, L50, M|100/100
|turn|3
|inactive|dambro222 has 30 seconds left.
|inactive|dambro222 has 20 seconds left.
|inactive|dambro222 has 15 seconds left.
|inactive|dambro222 has 10 seconds left.
|inactive|dambro222 has 5 seconds left.
|
|t:|1756298484
|move|p2b: Sneasler|Dire Claw|p1a: Volcarona
|-damage|p1a: Volcarona|46/100
|-status|p2b: Sneasler|brn|[from] ability: Flame Body|[of] p1a: Volcarona
|move|p1a: Volcarona|Heat Wave|p2a: Armarouge|[spread] p2b
|-start|p2a: Armarouge|ability: Flash Fire
|-damage|p2b: Sneasler|6/100 brn
|move|p1b: Rillaboom|High Horsepower|p2b: Sneasler
|-supereffective|p2b: Sneasler
|-damage|p2b: Sneasler|0 fnt
|faint|p2b: Sneasler
|move|p2a: Armarouge|Heat Wave|p1a: Volcarona|[spread] p1a,p1b
|-crit|p1a: Volcarona
|-supereffective|p1b: Rillaboom
|-damage|p1a: Volcarona|0 fnt
|-damage|p1b: Rillaboom|13/100
|faint|p1a: Volcarona
|
|-heal|p1b: Rillaboom|19/100|[from] Grassy Terrain
|upkeep
|
|t:|1756298504
|switch|p2b: Toedscruel|Toedscruel, L50, M|83/100
|switch|p1a: Kingambit|Kingambit, L50, M, shiny|100/100
|turn|4
|inactive|dambro222 has 30 seconds left.
|inactive|tortilla sorpresa has 30 seconds left.
|
|t:|1756298535
|-terastallize|p2a: Armarouge|Grass
|-terastallize|p1a: Kingambit|Dark
|move|p2b: Toedscruel|Rage Powder|p2b: Toedscruel
|-singleturn|p2b: Toedscruel|move: Rage Powder
|move|p1b: Rillaboom|Grassy Glide|p2b: Toedscruel
|-damage|p2b: Toedscruel|35/100
|move|p1a: Kingambit|Sucker Punch||[still]
|-fail|p1a: Kingambit
|move|p2a: Armarouge|Heat Wave|p1a: Kingambit|[spread] p1a,p1b
|-supereffective|p1b: Rillaboom
|-damage|p1a: Kingambit|43/100
|-damage|p1b: Rillaboom|0 fnt
|faint|p1b: Rillaboom
|
|-heal|p2b: Toedscruel|42/100|[from] Grassy Terrain
|-heal|p1a: Kingambit|49/100|[from] Grassy Terrain
|upkeep
|
|t:|1756298546
|switch|p1b: Electabuzz|Electabuzz, L50, M|100/100
|turn|5
|
|t:|1756298558
|move|p1a: Kingambit|Protect|p1a: Kingambit
|-singleturn|p1a: Kingambit|Protect
|move|p2b: Toedscruel|Rage Powder|p2b: Toedscruel
|-singleturn|p2b: Toedscruel|move: Rage Powder
|move|p1b: Electabuzz|Taunt|p2b: Toedscruel
|-start|p2b: Toedscruel|move: Taunt
|move|p2a: Armarouge|Heat Wave|p1a: Kingambit|[spread] p1b
|-activate|p1a: Kingambit|move: Protect
|-damage|p1b: Electabuzz|51/100
|
|-heal|p2b: Toedscruel|48/100|[from] Grassy Terrain
|-heal|p1b: Electabuzz|57/100|[from] Grassy Terrain
|-heal|p1a: Kingambit|55/100|[from] Grassy Terrain
|upkeep
|turn|6
|
|t:|1756298576
|move|p2b: Toedscruel|Earth Power|p1b: Electabuzz
|-supereffective|p1b: Electabuzz
|-damage|p1b: Electabuzz|17/100
|move|p1b: Electabuzz|Electroweb|p2a: Armarouge|[spread] p2a
|-immune|p2b: Toedscruel
|-resisted|p2a: Armarouge
|-damage|p2a: Armarouge|96/100
|-unboost|p2a: Armarouge|spe|1
|move|p1a: Kingambit|Kowtow Cleave|p2a: Armarouge
|-damage|p2a: Armarouge|22/100
|move|p2a: Armarouge|Heat Wave|p1a: Kingambit|[spread] p1a,p1b
|-damage|p1a: Kingambit|0 fnt
|-damage|p1b: Electabuzz|0 fnt
|faint|p1a: Kingambit
|faint|p1b: Electabuzz
|
|win|tortilla sorpresa
||tortilla sorpresa is ready for game 3.
|inactive|dambro222 has 30 seconds to confirm battle start!
||dambro222 is ready for game 3.
|uhtml|next|Next: Game 3 of 3
|l|☆tortilla sorpresa
|player|p2|
