|j|☆Reverber013
|j|☆RegalaoVGC
|html|Reverber013RegalaoVGC    
|uhtml|bestof|Game 3 of a best-of-3
|t:|1785365800
|gametype|doubles
|player|p1|Reverber013|1|1096
|player|p2|RegalaoVGC|265|1121
|gen|9
|tier|[Gen 9 Champions] VGC 2026 Reg M-B (Bo3)
|rated|
|rule|Species Clause: Limit one of each Pokémon
|rule|Item Clause: Limit 1 of each item
|clearpoke
|poke|p1|Palafin, L50, M|
|poke|p1|Venusaur, L50, F|
|poke|p1|Politoed, L50, F|
|poke|p1|Dragonite, L50, F|
|poke|p1|Kleavor, L50, M|
|poke|p1|Goodra-Hisui, L50, F|
|poke|p2|Charizard, L50, F|
|poke|p2|Garchomp, L50, M|
|poke|p2|Basculegion, L50, M|
|poke|p2|Incineroar, L50, M|
|poke|p2|Venusaur, L50, M|
|poke|p2|Whimsicott, L50, M|
|teampreview|4
|showteam|p1|Palafin||MysticWater|ZerotoHero|JetPunch,WaveCrash,Protect,FlipTurn|Jolly||M|||50|]Venusaur||Venusaurite|Overgrow|SludgeBomb,EarthPower,Protect,GigaDrain|Timid||F|||50|]Politoed||WacanBerry|Drizzle|Protect,WeatherBall,Haze,IcyWind|Calm||F|||50|]Dragonite||Dragoninite|Multiscale|Thunder,Hurricane,DracoMeteor,Protect|Modest||F|||50|]Kleavor||ChoiceScarf|Sharpness|StoneAxe,NightSlash,RockSlide,CloseCombat|Adamant||M|||50|]Goodra-Hisui||ChopleBerry|Gooey|RainDance,HeavySlam,DragonTail,Protect|Careful||F|||50|
|showteam|p2|Charizard||CharizarditeY|Blaze|HeatWave,SolarBeam,WeatherBall,Protect|Modest||F|||50|]Garchomp||RoseliBerry|RoughSkin|Earthquake,DragonClaw,RockSlide,Protect|Jolly||M|||50|]Basculegion||LifeOrb|Adaptability|WaveCrash,LastRespects,AquaJet,Protect|Adamant||M|||50|]Incineroar||SitrusBerry|Intimidate|DarkestLariat,FlareBlitz,PartingShot,FakeOut|Careful||M|||50|]Venusaur||OccaBerry|Chlorophyll|EarthPower,SludgeBomb,SleepPowder,Protect|Timid||M|||50|]Whimsicott||FocusSash|Prankster|Moonblast,Encore,Tailwind,Protect|Timid||M|||50|
|inactive|Battle timer is ON: inactive players will automatically lose when time's up. (requested by Reverber013)
|inactive|RegalaoVGC has 60 seconds left.
|inactive|Reverber013 has 60 seconds left.
|inactive|RegalaoVGC has 30 seconds left.
|
|t:|1785365863
|teamsize|p1|4
|teamsize|p2|4
|start
|switch|p1a: Palafin|Palafin, L50, M|100/100
|switch|p1b: Goodra|Goodra-Hisui, L50, F|100/100
|switch|p2a: Venusaur|Venusaur, L50, M|100/100
|switch|p2b: Garchomp|Garchomp, L50, M|100/100
|turn|1
|inactive|RegalaoVGC has 30 seconds left.
|inactive|RegalaoVGC has 20 seconds left.
|inactive|RegalaoVGC has 15 seconds left.
|inactive|RegalaoVGC has 10 seconds left.
|inactive|RegalaoVGC has 5 seconds left.
|
|t:|1785365918
|move|p2b: Garchomp|Dragon Claw|p1a: Palafin
|-damage|p1a: Palafin|45/100
|move|p1a: Palafin|Flip Turn|p2a: Venusaur
|-resisted|p2a: Venusaur|1
|-damage|p2a: Venusaur|85/100
|
|t:|1785365928
|detailschange|p1a: Palafin|Palafin-Hero, L50, M
|switch|p1a: Dragonite|Dragonite, L50, F|100/100|[from] Flip Turn
|move|p2a: Venusaur|Sludge Bomb|p1a: Dragonite
|-damage|p1a: Dragonite|85/100
|-status|p1a: Dragonite|psn
|move|p1b: Goodra|Dragon Tail|p2b: Garchomp
|-supereffective|p2b: Garchomp|1
|-damage|p2b: Garchomp|57/100
|-damage|p1b: Goodra|87/100|[from] ability: Rough Skin|[of] p2b: Garchomp
|drag|p2b: Incineroar|Incineroar, L50, M|100/100
|-ability|p2b: Incineroar|Intimidate|boost
|-unboost|p1a: Dragonite|atk|1
|-unboost|p1b: Goodra|atk|1
|
|-damage|p1a: Dragonite|73/100 psn|[from] psn
|upkeep
|turn|2
|inactive|RegalaoVGC has 30 seconds left.
|inactive|Reverber013 has 30 seconds left.
|inactive|RegalaoVGC has 20 seconds left.
|inactive|RegalaoVGC has 15 seconds left.
|
|t:|1785365970
|switch|p2a: Garchomp|Garchomp, L50, M|57/100
|detailschange|p1a: Dragonite|Dragonite-Mega, L50, F
|-mega|p1a: Dragonite|Dragonite|Dragoninite
|move|p1a: Dragonite|Protect|p1a: Dragonite
|-singleturn|p1a: Dragonite|Protect
|move|p2b: Incineroar|Parting Shot|p1b: Goodra
|-unboost|p1b: Goodra|atk|1
|-unboost|p1b: Goodra|spa|1
|
|t:|1785365981
|switch|p2b: Charizard|Charizard, L50, F|100/100|[from] Parting Shot
|move|p1b: Goodra|Rain Dance|p1b: Goodra
|-weather|RainDance
|
|-weather|RainDance|[upkeep]
|-damage|p1a: Dragonite|61/100 psn|[from] psn
|upkeep
|turn|3
|
|t:|1785365999
|detailschange|p2b: Charizard|Charizard-Mega-Y, L50, F
|-mega|p2b: Charizard|Charizard|Charizardite Y
|-weather|SunnyDay|[from] ability: Drought|[of] p2b: Charizard
|move|p2a: Garchomp|Rock Slide|p1b: Goodra|[spread] p1a,p1b
|-supereffective|p1a: Dragonite|1
|-resisted|p1b: Goodra|1
|-damage|p1a: Dragonite|28/100 psn
|-damage|p1b: Goodra|79/100
|move|p2b: Charizard|Heat Wave|p1b: Goodra|[spread] p1a,p1b
|-resisted|p1a: Dragonite|1
|-damage|p1a: Dragonite|5/100 psn
|-damage|p1b: Goodra|47/100
|cant|p1a: Dragonite|flinch
|move|p1b: Goodra|Dragon Tail|p2a: Garchomp
|-supereffective|p2a: Garchomp|1
|-damage|p2a: Garchomp|35/100
|-damage|p1b: Goodra|34/100|[from] ability: Rough Skin|[of] p2a: Garchomp
|drag|p2a: Venusaur|Venusaur, L50, M|85/100
|
|-weather|SunnyDay|[upkeep]
|-damage|p1a: Dragonite|0 fnt|[from] psn
|faint|p1a: Dragonite
|upkeep
|
|t:|1785366003
|switch|p1a: Politoed|Politoed, L50, F|100/100
|-weather|RainDance|[from] ability: Drizzle|[of] p1a: Politoed
|turn|4
|inactive|Reverber013 has 30 seconds left.
|inactive|RegalaoVGC has 30 seconds left.
|inactive|RegalaoVGC has 20 seconds left.
|inactive|RegalaoVGC has 15 seconds left.
|inactive|RegalaoVGC has 10 seconds left.
|
|t:|1785366053
|switch|p2b: Garchomp|Garchomp, L50, M|35/100
|switch|p1b: Palafin|Palafin-Hero, L50, M|45/100
|-activate|p1b: Palafin|ability: Zero to Hero
|move|p2a: Venusaur|Sleep Powder|p1a: Politoed
|-status|p1a: Politoed|slp|[from] move: Sleep Powder
|cant|p1a: Politoed|slp
|
|-weather|RainDance|[upkeep]
|upkeep
|turn|5
|
|t:|1785366077
|switch|p2a: Charizard|Charizard-Mega-Y, L50, F|100/100
|-weather|SunnyDay|[from] ability: Drought|[of] p2a: Charizard
|switch|p1a: Goodra|Goodra-Hisui, L50, F|34/100
|move|p1b: Palafin|Jet Punch|p2b: Garchomp
|-damage|p2b: Garchomp|14/100
|-damage|p1b: Palafin|33/100|[from] ability: Rough Skin|[of] p2b: Garchomp
|move|p2b: Garchomp|Earthquake|p1a: Goodra|[spread] p1a,p1b
|-immune|p2a: Charizard
|-supereffective|p1a: Goodra|1
|-damage|p1a: Goodra|0 fnt
|-damage|p1b: Palafin|0 fnt
|faint|p1a: Goodra
|faint|p1b: Palafin
|
|-weather|SunnyDay|[upkeep]
|upkeep
|-message|Reverber013 forfeited.
|raw|Reverber013's rating: 1096 → 1073(-23 for losing)
|raw|RegalaoVGC's rating: 1121 → 1144(+23 for winning)
|
|win|RegalaoVGC
|l|☆Reverber013
|player|p1|
