|j|☆Drubird
|j|☆Cristante terabug
|html|DrubirdCristante terabug    
|uhtml|bestof|Game 1 of a best-of-3
|t:|1757179576
|gametype|doubles
|player|p1|Drubird|1|1111
|player|p2|Cristante terabug|kieran-champion|1226
|gen|9
|tier|[Gen 9] VGC 2025 Reg H (Bo3)
|rated|
|rule|Species Clause: Limit one of each Pokémon
|rule|Item Clause: Limit 1 of each item
|clearpoke
|poke|p1|Gothitelle, L50, M|
|poke|p1|Incineroar, L50, F|
|poke|p1|Rillaboom, L50, F|
|poke|p1|Amoonguss, L50, F|
|poke|p1|Primarina, L50, M|
|poke|p1|Pelipper, L50, F|
|poke|p2|Incineroar, L50, F|
|poke|p2|Pelipper, L50, M|
|poke|p2|Archaludon, L50, M|
|poke|p2|Dragonite, L50, M|
|poke|p2|Sinistcha, L50|
|poke|p2|Ursaluna, L50, M|
|teampreview|4
|showteam|p1|Gothitelle||CovertCloak|ShadowTag|FakeOut,FoulPlay,Taunt,HelpingHand|||M|||50|,,,,,Dark]Incineroar||SafetyGoggles|Intimidate|FakeOut,KnockOff,FlareBlitz,PartingShot|||F|||50|,,,,,Ghost]Rillaboom||AssaultVest|GrassySurge|Earthquake,GrassyGlide,FakeOut,Uturn|||F|||50|,,,,,Fire]Amoonguss||MentalHerb|Regenerator|PollenPuff,Spore,RagePowder,SludgeBomb|||F|||50|,,,,,Water]Primarina||SitrusBerry|LiquidVoice|HyperVoice,DazzlingGleam,PerishSong,Protect|||M|||50|,,,,,Stellar]Pelipper||FocusSash|Drizzle|Hurricane,WeatherBall,Tailwind,Protect|||F|||50|,,,,,Grass
|showteam|p2|Incineroar||SafetyGoggles|Intimidate|FakeOut,PartingShot,KnockOff,Taunt|||F|||50|,,,,,Ghost]Pelipper||FocusSash|Drizzle|Hurricane,MuddyWater,Tailwind,Protect|||M|||50|,,,,,Ghost]Archaludon||AssaultVest|Stamina|ElectroShot,Snarl,FlashCannon,BodyPress|||M|||50|,,,,,Fighting]Dragonite||LoadedDice|Multiscale|ScaleShot,Tailwind,Haze,Protect|||M|||50|,,,,,Fairy]Sinistcha||SitrusBerry|Hospitality|MatchaGotcha,RagePowder,LifeDew,TrickRoom||||||50|,,,,,Dark]Ursaluna||FlameOrb|Guts|Earthquake,Facade,HeadlongRush,Protect|||M|||50|,,,,,Ghost
|inactive|Battle timer is ON: inactive players will automatically lose when time's up. (requested by Cristante terabug)
|inactive|Drubird has 60 seconds left.
|inactive|Drubird has 30 seconds left.
|inactive|Drubird has 20 seconds left.
|
|t:|1757179684
|teamsize|p1|4
|teamsize|p2|4
|start
|switch|p1a: Primarina|Primarina, L50, M|100/100
|switch|p1b: Gothitelle|Gothitelle, L50, M|100/100
|switch|p2a: Paolo|Dragonite, L50, M|100/100
|switch|p2b: Olmo|Ursaluna, L50, M|100/100
|turn|1
|inactive|Cristante terabug has 30 seconds left.
|inactive|Cristante terabug has 20 seconds left.
|inactive|Cristante terabug has 15 seconds left.
|
|t:|1757179726
|-terastallize|p2b: Olmo|Ghost
|move|p1b: Gothitelle|Fake Out|p2a: Paolo
|-damage|p2a: Paolo|98/100
|cant|p2a: Paolo|flinch
|move|p1a: Primarina|Hyper Voice|p2b: Olmo|[spread] p2a,p2b
|-resisted|p2a: Paolo
|-damage|p2a: Paolo|80/100
|-damage|p2b: Olmo|68/100
|move|p2b: Olmo|Earthquake|p1b: Gothitelle|[spread] p1a,p1b
|-immune|p2a: Paolo
|-damage|p1a: Primarina|52/100
|-damage|p1b: Gothitelle|55/100
|
|-status|p2b: Olmo|brn|[from] item: Flame Orb
|upkeep
|turn|2
|
|t:|1757179746
|switch|p1b: Rillaboom|Rillaboom, L50, F|100/100
|-fieldstart|move: Grassy Terrain|[from] ability: Grassy Surge|[of] p1b: Rillaboom
|move|p1a: Primarina|Protect|p1a: Primarina
|-singleturn|p1a: Primarina|Protect
|move|p2a: Paolo|Tailwind|p2a: Paolo
|-sidestart|p2: Cristante terabug|move: Tailwind
|move|p2b: Olmo|Earthquake|p1b: Rillaboom|[spread] p1b
|-activate|p1a: Primarina|move: Protect
|-immune|p2a: Paolo
|-resisted|p1b: Rillaboom
|-damage|p1b: Rillaboom|83/100
|
|-heal|p2b: Olmo|74/100 brn|[from] Grassy Terrain
|-heal|p1b: Rillaboom|89/100|[from] Grassy Terrain
|-heal|p1a: Primarina|58/100|[from] Grassy Terrain
|-damage|p2b: Olmo|68/100 brn|[from] brn
|upkeep
|turn|3
|inactive|Drubird has 30 seconds left.
|
|t:|1757179774
|switch|p2a: Luca|Archaludon, L50, M|100/100
|switch|p1a: Incineroar|Incineroar, L50, F|100/100
|-ability|p1a: Incineroar|Intimidate|boost
|-unboost|p2a: Luca|atk|1
|-unboost|p2b: Olmo|atk|1
|move|p1b: Rillaboom|Grassy Glide|p2b: Olmo
|-damage|p2b: Olmo|42/100 brn
|move|p2b: Olmo|Facade|p1a: Incineroar
|-damage|p1a: Incineroar|24/100
|
|-heal|p2b: Olmo|48/100 brn|[from] Grassy Terrain
|-heal|p1b: Rillaboom|95/100|[from] Grassy Terrain
|-heal|p1a: Incineroar|30/100|[from] Grassy Terrain
|-damage|p2b: Olmo|42/100 brn|[from] brn
|upkeep
|turn|4
|inactive|Drubird has 30 seconds left.
|inactive|Cristante terabug has 30 seconds left.
|inactive|Drubird has 20 seconds left.
|
|t:|1757179810
|switch|p2b: De Marinis|Incineroar, L50, F|100/100
|-ability|p2b: De Marinis|Intimidate|boost
|-unboost|p1a: Incineroar|atk|1
|-unboost|p1b: Rillaboom|atk|1
|-terastallize|p1a: Incineroar|Ghost
|move|p2a: Luca|Body Press|p1a: Incineroar
|-immune|p1a: Incineroar
|move|p1b: Rillaboom|U-turn|p2b: De Marinis
|-damage|p2b: De Marinis|85/100
|
|t:|1757179827
|switch|p1b: Primarina|Primarina, L50, M|58/100|[from] U-turn
|move|p1a: Incineroar|Knock Off|p2b: De Marinis
|-resisted|p2b: De Marinis
|-damage|p2b: De Marinis|74/100
|-enditem|p2b: De Marinis|Safety Goggles|[from] move: Knock Off|[of] p1a: Incineroar
|
|-heal|p2b: De Marinis|80/100|[from] Grassy Terrain
|-heal|p1a: Incineroar|36/100|[from] Grassy Terrain
|-heal|p1b: Primarina|64/100|[from] Grassy Terrain
|upkeep
|turn|5
|
|t:|1757179838
|switch|p1a: Rillaboom|Rillaboom, L50, F|95/100
|move|p1b: Primarina|Protect|p1b: Primarina
|-singleturn|p1b: Primarina|Protect
|move|p2a: Luca|Flash Cannon|p1a: Rillaboom
|-damage|p1a: Rillaboom|69/100
|move|p2b: De Marinis|Parting Shot|p1b: Primarina
|-activate|p1b: Primarina|move: Protect
|
|-heal|p2b: De Marinis|87/100|[from] Grassy Terrain
|-heal|p1a: Rillaboom|74/100|[from] Grassy Terrain
|-heal|p1b: Primarina|70/100|[from] Grassy Terrain
|-sideend|p2: Cristante terabug|move: Tailwind
|upkeep
|turn|6
|inactive|Drubird has 30 seconds left.
|
|t:|1757179864
|move|p1a: Rillaboom|Grassy Glide|p2b: De Marinis
|-resisted|p2b: De Marinis
|-damage|p2b: De Marinis|69/100
|move|p2a: Luca|Flash Cannon|p1b: Primarina
|-damage|p1b: Primarina|39/100
|-enditem|p1b: Primarina|Sitrus Berry|[eat]
|-heal|p1b: Primarina|64/100|[from] item: Sitrus Berry
|move|p1b: Primarina|Perish Song|p1b: Primarina
|-start|p1a: Rillaboom|perish3|[silent]
|-start|p1b: Primarina|perish3|[silent]
|-start|p2a: Luca|perish3|[silent]
|-start|p2b: De Marinis|perish3|[silent]
|-fieldactivate|move: Perish Song
|move|p2b: De Marinis|Taunt|p1b: Primarina
|-start|p1b: Primarina|move: Taunt
|
|-heal|p1a: Rillaboom|80/100|[from] Grassy Terrain
|-heal|p2b: De Marinis|76/100|[from] Grassy Terrain
|-heal|p1b: Primarina|70/100|[from] Grassy Terrain
|-start|p1a: Rillaboom|perish3
|-start|p2a: Luca|perish3
|-start|p2b: De Marinis|perish3
|-start|p1b: Primarina|perish3
|-fieldend|move: Grassy Terrain
|upkeep
|turn|7
|
|t:|1757179886
|switch|p2a: Paolo|Dragonite, L50, M|80/100
|switch|p1b: Incineroar|Incineroar, L50, F, tera:Ghost|36/100
|-ability|p1b: Incineroar|Intimidate|boost
|-unboost|p2a: Paolo|atk|1
|-unboost|p2b: De Marinis|atk|1
|switch|p2b: Olmo|Ursaluna, L50, M, tera:Ghost|42/100 brn
|move|p1a: Rillaboom|U-turn|p2b: Olmo
|-resisted|p2b: Olmo
|-damage|p2b: Olmo|34/100 brn
|
|t:|1757179899
|switch|p1a: Primarina|Primarina, L50, M|70/100|[from] U-turn
|
|-damage|p2b: Olmo|27/100 brn|[from] brn
|upkeep
|turn|8
|
|t:|1757179910
|move|p1b: Incineroar|Fake Out|p2a: Paolo
|-damage|p2a: Paolo|68/100
|cant|p2a: Paolo|flinch
|move|p1a: Primarina|Hyper Voice|p2b: Olmo|[spread] p2a,p2b
|-resisted|p2a: Paolo
|-damage|p2a: Paolo|50/100
|-damage|p2b: Olmo|0 fnt
|faint|p2b: Olmo
|
|upkeep
|
|t:|1757179916
|switch|p2b: Luca|Archaludon, L50, M|100/100
|turn|9
|
|t:|1757179929
|switch|p1b: Rillaboom|Rillaboom, L50, F|80/100
|-fieldstart|move: Grassy Terrain|[from] ability: Grassy Surge|[of] p1b: Rillaboom
|move|p2a: Paolo|Scale Shot|p1b: Rillaboom
|-damage|p1b: Rillaboom|72/100
|-damage|p1b: Rillaboom|61/100
|-damage|p1b: Rillaboom|52/100
|-crit|p1b: Rillaboom
|-damage|p1b: Rillaboom|34/100
|-damage|p1b: Rillaboom|24/100
|-hitcount|p1b: Rillaboom|5
|-unboost|p2a: Paolo|def|1
|-boost|p2a: Paolo|spe|1
|move|p2b: Luca|Flash Cannon|p1a: Primarina
|-damage|p1a: Primarina|40/100
|move|p1a: Primarina|Perish Song|p1a: Primarina
|-start|p1a: Primarina|perish3|[silent]
|-start|p1b: Rillaboom|perish3|[silent]
|-start|p2a: Paolo|perish3|[silent]
|-start|p2b: Luca|perish3|[silent]
|-fieldactivate|move: Perish Song
|
|-heal|p1b: Rillaboom|30/100|[from] Grassy Terrain
|-heal|p1a: Primarina|46/100|[from] Grassy Terrain
|-start|p2a: Paolo|perish3
|-start|p1b: Rillaboom|perish3
|-start|p2b: Luca|perish3
|-start|p1a: Primarina|perish3
|upkeep
|turn|10
|inactive|Cristante terabug has 30 seconds left.
|
|t:|1757179956
|switch|p1b: Incineroar|Incineroar, L50, F, tera:Ghost|36/100
|-ability|p1b: Incineroar|Intimidate|boost
|-unboost|p2a: Paolo|atk|1
|-unboost|p2b: Luca|atk|1
|switch|p2b: De Marinis|Incineroar, L50, F|76/100
|-ability|p2b: De Marinis|Intimidate|boost
|-unboost|p1a: Primarina|atk|1
|-unboost|p1b: Incineroar|atk|1
|move|p1a: Primarina|Protect|p1a: Primarina
|-singleturn|p1a: Primarina|Protect
|move|p2a: Paolo|Scale Shot|p1b: Incineroar
|-damage|p1b: Incineroar|29/100
|-damage|p1b: Incineroar|23/100
|-damage|p1b: Incineroar|17/100
|-damage|p1b: Incineroar|11/100
|-damage|p1b: Incineroar|5/100
|-hitcount|p1b: Incineroar|5
|-unboost|p2a: Paolo|def|1
|-boost|p2a: Paolo|spe|1
|
|-heal|p1a: Primarina|52/100|[from] Grassy Terrain
|-heal|p2b: De Marinis|82/100|[from] Grassy Terrain
|-heal|p1b: Incineroar|11/100|[from] Grassy Terrain
|-start|p2a: Paolo|perish2
|-start|p1a: Primarina|perish2
|upkeep
|turn|11
|inactive|Drubird has 30 seconds left.
|inactive|Drubird has 20 seconds left.
|
|t:|1757179992
|switch|p2a: Luca|Archaludon, L50, M|100/100
|switch|p1a: Gothitelle|Gothitelle, L50, M|55/100
|switch|p1b: Rillaboom|Rillaboom, L50, F|30/100
|move|p2b: De Marinis|Knock Off|p1b: Rillaboom
|-damage|p1b: Rillaboom|0 fnt
|-enditem|p1b: Rillaboom|Assault Vest|[from] move: Knock Off|[of] p2b: De Marinis
|faint|p1b: Rillaboom
|
|-heal|p2b: De Marinis|88/100|[from] Grassy Terrain
|-heal|p1a: Gothitelle|61/100|[from] Grassy Terrain
|upkeep
|
|t:|1757180007
|switch|p1b: Incineroar|Incineroar, L50, F, tera:Ghost|11/100
|-ability|p1b: Incineroar|Intimidate|boost
|-unboost|p2a: Luca|atk|1
|-unboost|p2b: De Marinis|atk|1
|turn|12
|
|t:|1757180025
|move|p1a: Gothitelle|Fake Out|p2a: Luca
|-resisted|p2a: Luca
|-damage|p2a: Luca|99/100
|-ability|p2a: Luca|Stamina|boost
|-boost|p2a: Luca|def|1
|cant|p2a: Luca|flinch
|move|p1b: Incineroar|Parting Shot|p2b: De Marinis
|-unboost|p2b: De Marinis|atk|1
|-unboost|p2b: De Marinis|spa|1
|
|t:|1757180034
|switch|p1b: Primarina|Primarina, L50, M|52/100|[from] Parting Shot
|move|p2b: De Marinis|Knock Off|p1a: Gothitelle
|-supereffective|p1a: Gothitelle
|-damage|p1a: Gothitelle|17/100
|-enditem|p1a: Gothitelle|Covert Cloak|[from] move: Knock Off|[of] p2b: De Marinis
|
|-heal|p2a: Luca|100/100|[from] Grassy Terrain
|-heal|p1b: Primarina|58/100|[from] Grassy Terrain
|-heal|p2b: De Marinis|94/100|[from] Grassy Terrain
|-heal|p1a: Gothitelle|23/100|[from] Grassy Terrain
|upkeep
|turn|13
|
|t:|1757180048
|switch|p1a: Incineroar|Incineroar, L50, F, tera:Ghost|11/100
|-ability|p1a: Incineroar|Intimidate|boost
|-unboost|p2a: Luca|atk|1
|-unboost|p2b: De Marinis|atk|1
|move|p2a: Luca|Flash Cannon|p1b: Primarina
|-damage|p1b: Primarina|28/100
|move|p1b: Primarina|Perish Song|p1b: Primarina
|-start|p1a: Incineroar|perish3|[silent]
|-start|p1b: Primarina|perish3|[silent]
|-start|p2a: Luca|perish3|[silent]
|-start|p2b: De Marinis|perish3|[silent]
|-fieldactivate|move: Perish Song
|move|p2b: De Marinis|Parting Shot|p1a: Incineroar
|-unboost|p1a: Incineroar|atk|1
|-unboost|p1a: Incineroar|spa|1
|
|t:|1757180056
|switch|p2b: Paolo|Dragonite, L50, M|50/100|[from] Parting Shot
|
|-heal|p1b: Primarina|33/100|[from] Grassy Terrain
|-heal|p1a: Incineroar|17/100|[from] Grassy Terrain
|-start|p2a: Luca|perish3
|-start|p1b: Primarina|perish3
|-start|p1a: Incineroar|perish3
|-fieldend|move: Grassy Terrain
|upkeep
|turn|14
|
|t:|1757180068
|switch|p2a: De Marinis|Incineroar, L50, F|94/100
|-ability|p2a: De Marinis|Intimidate|boost
|-unboost|p1a: Incineroar|atk|1
|-unboost|p1b: Primarina|atk|1
|move|p1a: Incineroar|Fake Out|p2a: De Marinis
|-damage|p2a: De Marinis|89/100
|move|p2b: Paolo|Scale Shot|p1a: Incineroar
|-damage|p1a: Incineroar|4/100
|-damage|p1a: Incineroar|0 fnt
|faint|p1a: Incineroar
|-hitcount|p1: Incineroar|2
|-unboost|p2b: Paolo|def|1
|-boost|p2b: Paolo|spe|1
|move|p1b: Primarina|Dazzling Gleam|p2a: De Marinis|[spread] p2a,p2b
|-supereffective|p2b: Paolo
|-damage|p2a: De Marinis|60/100
|-damage|p2b: Paolo|0 fnt
|faint|p2b: Paolo
|
|-start|p1b: Primarina|perish2
|upkeep
|
|t:|1757180077
|switch|p2b: Luca|Archaludon, L50, M|100/100
|switch|p1a: Gothitelle|Gothitelle, L50, M|23/100
|turn|15
|
|t:|1757180083
|move|p2a: De Marinis|Fake Out|p1b: Primarina
|-damage|p1b: Primarina|18/100
|move|p1a: Gothitelle|Fake Out|p2b: Luca
|-resisted|p2b: Luca
|-damage|p2b: Luca|99/100
|-ability|p2b: Luca|Stamina|boost
|-boost|p2b: Luca|def|1
|cant|p2b: Luca|flinch
|cant|p1b: Primarina|flinch
|
|-start|p1b: Primarina|perish1
|upkeep
|turn|16
|
|t:|1757180092
|move|p1a: Gothitelle|Helping Hand|p1b: Primarina
|-singleturn|p1b: Primarina|Helping Hand|[of] p1a: Gothitelle
|move|p2b: Luca|Flash Cannon|p1a: Gothitelle
|-damage|p1a: Gothitelle|0 fnt
|faint|p1a: Gothitelle
|move|p2a: De Marinis|Knock Off|p1b: Primarina
|-resisted|p1b: Primarina
|-crit|p1b: Primarina
|-damage|p1b: Primarina|0 fnt
|faint|p1b: Primarina
|
|win|Cristante terabug
