|j|☆uPinhuu
|j|☆mavrickbfr
|html|uPinhuumavrickbfr    
|uhtml|bestof|Game 1 of a best-of-3
|t:|1784766798
|gametype|doubles
|player|p1|uPinhuu|169|
|player|p2|mavrickbfr|gentleman-gen4|
|gen|9
|tier|[Gen 9 Champions] VGC 2026 Reg M-B (Bo3)
|rule|Species Clause: Limit one of each Pokémon
|rule|Item Clause: Limit 1 of each item
|clearpoke
|poke|p1|Garchomp, L50, M|
|poke|p1|Venusaur, L50, M|
|poke|p1|Incineroar, L50, F|
|poke|p1|Charizard, L50, M|
|poke|p1|Toxapex, L50, F|
|poke|p1|Annihilape, L50, F|
|poke|p2|Gholdengo, L50|
|poke|p2|Milotic, L50, F, shiny|
|poke|p2|Staraptor, L50, M, shiny|
|poke|p2|Tyranitar, L50, M, shiny|
|poke|p2|Sinistcha, L50|
|poke|p2|Excadrill, L50, M|
|teampreview|4
|showteam|p1|Garchomp||ChoiceScarf|RoughSkin|Earthquake,DragonClaw,StompingTantrum,RockSlide|Adamant||M|||50|]Venusaur||LifeOrb|Chlorophyll|SolarBeam,SludgeBomb,EarthPower,Protect|Modest||M|||50|]Incineroar||SitrusBerry|Intimidate|FlareBlitz,ThroatChop,FakeOut,PartingShot|Impish||F|||50|]Charizard||CharizarditeY|Blaze|HeatWave,WeatherBall,HelpingHand,Protect|Modest||M|||50|]Toxapex||Leftovers|Regenerator|Infestation,Toxic,WideGuard,BanefulBunker|Bold||F|||50|]Annihilape||FocusSash|Defiant|CloseCombat,PhantomForce,RockTomb,Protect|Jolly||F|||50|
|showteam|p2|Gholdengo||LifeOrb|GoodasGold|MakeItRain,Protect,ShadowBall,NastyPlot|Timid|||||50|]Milotic||ChoiceScarf|Competitive|MuddyWater,IcyWind,IceBeam,DrainingKiss|Modest||F|||50|]Staraptor||Staraptite|Intimidate|DualWingbeat,CloseCombat,Uturn,Roost|Jolly||M|||50|]Tyranitar||Tyranitarite|SandStream|RockSlide,Earthquake,IronHead,KnockOff|Careful||M|||50|]Sinistcha||SitrusBerry|Hospitality|MatchaGotcha,RagePowder,Protect,LifeDew|Bold|||||50|]Excadrill||FocusSash|SandRush|Earthquake,RockSlide,StompingTantrum,SwordsDance|Adamant||M|||50|
|
|t:|1784766888
|teamsize|p1|4
|teamsize|p2|4
|start
|switch|p1a: Incineroar|Incineroar, L50, F|100/100
|switch|p1b: Toxapex|Toxapex, L50, F|100/100
|switch|p2a: Gholdengo|Gholdengo, L50|100/100
|switch|p2b: Sinistcha|Sinistcha, L50|100/100
|-ability|p1a: Incineroar|Intimidate|boost
|-unboost|p2a: Gholdengo|atk|1
|-unboost|p2b: Sinistcha|atk|1
|turn|1
|
|t:|1784766964
|move|p2b: Sinistcha|Rage Powder|p2b: Sinistcha
|-singleturn|p2b: Sinistcha|move: Rage Powder
|move|p2a: Gholdengo|Nasty Plot|p2a: Gholdengo
|-boost|p2a: Gholdengo|spa|2
|move|p1a: Incineroar|Flare Blitz|p2b: Sinistcha
|-supereffective|p2b: Sinistcha|1
|-damage|p2b: Sinistcha|24/100
|-enditem|p2b: Sinistcha|Sitrus Berry|[eat]
|-heal|p2b: Sinistcha|49/100|[from] item: Sitrus Berry
|-damage|p1a: Incineroar|78/100|[from] Recoil
|move|p1b: Toxapex|Infestation|p2b: Sinistcha
|-damage|p2b: Sinistcha|46/100
|-activate|p2b: Sinistcha|move: Infestation|[of] p1b: Toxapex
|
|-damage|p2b: Sinistcha|34/100|[from] move: Infestation|[partiallytrapped]
|upkeep
|turn|2
|
|t:|1784767000
|move|p1b: Toxapex|Baneful Bunker|p1b: Toxapex
|-singleturn|p1b: Toxapex|move: Protect
|move|p2a: Gholdengo|Shadow Ball|p1b: Toxapex
|-activate|p1b: Toxapex|move: Protect
|move|p2b: Sinistcha|Life Dew|p2b: Sinistcha|[spread] p2b
|-immune|p2a: Gholdengo|[from] ability: Good as Gold
|-heal|p2b: Sinistcha|59/100
|move|p1a: Incineroar|Throat Chop|p2b: Sinistcha
|-supereffective|p2b: Sinistcha|1
|-damage|p2b: Sinistcha|5/100
|-start|p2b: Sinistcha|Throat Chop|[silent]
|
|-damage|p2b: Sinistcha|0 fnt|[from] move: Infestation|[partiallytrapped]
|faint|p2b: Sinistcha
|upkeep
|
|t:|1784767015
|switch|p2b: Staraptor|Staraptor, L50, M, shiny|100/100
|-ability|p2b: Staraptor|Intimidate|boost
|-unboost|p1a: Incineroar|atk|1
|-unboost|p1b: Toxapex|atk|1
|turn|3
|
|t:|1784767070
|detailschange|p2b: Staraptor|Staraptor-Mega, L50, M, shiny
|-mega|p2b: Staraptor|Staraptor|Staraptite
|move|p2b: Staraptor|U-turn|p1b: Toxapex
|-resisted|p1b: Toxapex|1
|-damage|p1b: Toxapex|91/100
|
|t:|1784767075
|switch|p2b: Tyranitar|Tyranitar, L50, M, shiny|100/100|[from] U-turn
|-weather|Sandstorm|[from] ability: Sand Stream|[of] p2b: Tyranitar
|move|p2a: Gholdengo|Shadow Ball|p1b: Toxapex
|-crit|p1b: Toxapex
|-damage|p1b: Toxapex|0 fnt
|faint|p1b: Toxapex
|-damage|p2a: Gholdengo|90/100|[from] item: Life Orb
|move|p1a: Incineroar|Flare Blitz|p2a: Gholdengo
|-supereffective|p2a: Gholdengo|1
|-damage|p2a: Gholdengo|30/100
|-damage|p1a: Incineroar|60/100|[from] Recoil
|
|-weather|Sandstorm|[upkeep]
|-damage|p1a: Incineroar|54/100|[from] Sandstorm
|upkeep
|
|t:|1784767094
|switch|p1b: Charizard|Charizard, L50, M|100/100
|turn|4
|
|t:|1784767123
|move|p2a: Gholdengo|Protect|p2a: Gholdengo
|-singleturn|p2a: Gholdengo|Protect
|move|p1b: Charizard|Protect|p1b: Charizard
|-singleturn|p1b: Charizard|Protect
|move|p1a: Incineroar|Parting Shot|p2a: Gholdengo
|-activate|p2a: Gholdengo|move: Protect
|move|p2b: Tyranitar|Rock Slide|p1a: Incineroar|[spread] p1a
|-activate|p1b: Charizard|move: Protect
|-supereffective|p1a: Incineroar|1
|-damage|p1a: Incineroar|9/100
|-enditem|p1a: Incineroar|Sitrus Berry|[eat]
|-heal|p1a: Incineroar|34/100|[from] item: Sitrus Berry
|
|-weather|Sandstorm|[upkeep]
|-damage|p1b: Charizard|93/100|[from] Sandstorm
|-damage|p1a: Incineroar|28/100|[from] Sandstorm
|upkeep
|turn|5
|
|t:|1784767169
|switch|p2b: Staraptor|Staraptor-Mega, L50, M, shiny|100/100
|detailschange|p1b: Charizard|Charizard-Mega-Y, L50, M
|-mega|p1b: Charizard|Charizard|Charizardite Y
|-weather|SunnyDay|[from] ability: Drought|[of] p1b: Charizard
|move|p2a: Gholdengo|Make It Rain|p1b: Charizard|[spread] p1a,p1b
|-resisted|p1a: Incineroar|1
|-resisted|p1b: Charizard|1
|-damage|p1a: Incineroar|0 fnt
|-damage|p1b: Charizard|47/100
|-unboost|p2a: Gholdengo|spa|2
|faint|p1a: Incineroar
|-damage|p2a: Gholdengo|20/100r|[from] item: Life Orb
|move|p1b: Charizard|Heat Wave|p2b: Staraptor|[spread] p2a,p2b
|-supereffective|p2a: Gholdengo|1
|-damage|p2a: Gholdengo|0 fnt
|-damage|p2b: Staraptor|26/100
|faint|p2a: Gholdengo
|
|-weather|SunnyDay|[upkeep]
|upkeep
|
|t:|1784767190
|switch|p2a: Tyranitar|Tyranitar, L50, M, shiny|100/100
|switch|p1a: Venusaur|Venusaur, L50, M|100/100
|-weather|Sandstorm|[from] ability: Sand Stream|[of] p2a: Tyranitar
|turn|6
|
|t:|1784767208
|move|p1b: Charizard|Protect|p1b: Charizard
|-singleturn|p1b: Charizard|Protect
|move|p2b: Staraptor|Roost|p2b: Staraptor
|-heal|p2b: Staraptor|76/100
|-singleturn|p2b: Staraptor|move: Roost
|move|p1a: Venusaur|Earth Power|p2a: Tyranitar
|-supereffective|p2a: Tyranitar|1
|-damage|p2a: Tyranitar|62/100
|-damage|p1a: Venusaur|90/100|[from] item: Life Orb
|move|p2a: Tyranitar|Rock Slide|p1a: Venusaur|[spread] p1a
|-activate|p1b: Charizard|move: Protect
|-damage|p1a: Venusaur|54/100
|
|-weather|Sandstorm|[upkeep]
|-damage|p2b: Staraptor|70/100|[from] Sandstorm
|-damage|p1b: Charizard|41/100|[from] Sandstorm
|-damage|p1a: Venusaur|48/100|[from] Sandstorm
|upkeep
|turn|7
|
|t:|1784767233
|move|p2b: Staraptor|Close Combat|p1a: Venusaur
|-resisted|p1a: Venusaur|1
|-damage|p1a: Venusaur|12/100
|-boost|p2b: Staraptor|def|1
|-boost|p2b: Staraptor|spd|1
|move|p1b: Charizard|Heat Wave|p2a: Tyranitar|[spread] p2a,p2b
|-resisted|p2a: Tyranitar|1
|-damage|p2a: Tyranitar|52/100
|-damage|p2b: Staraptor|40/100
|move|p1a: Venusaur|Earth Power|p2a: Tyranitar
|-supereffective|p2a: Tyranitar|1
|-damage|p2a: Tyranitar|13/100
|-damage|p1a: Venusaur|3/100|[from] item: Life Orb
|move|p2a: Tyranitar|Rock Slide|p1b: Charizard|[spread] p1a,p1b
|-supereffective|p1b: Charizard|2
|-damage|p1a: Venusaur|0 fnt
|-damage|p1b: Charizard|0 fnt
|faint|p1a: Venusaur
|faint|p1b: Charizard
|
|win|mavrickbfr
|inactive|uPinhuu has 30 seconds to confirm battle start!
|inactive|mavrickbfr has 30 seconds to confirm battle start!
|inactive|uPinhuu has 20 seconds to confirm battle start!
|inactive|mavrickbfr has 20 seconds to confirm battle start!
