|j|☆Arahelis
|j|☆Bludahusky
|html|ArahelisBludahusky    
|uhtml|bestof|Game 2 of a best-of-3
|t:|1783423810
|gametype|doubles
|player|p1|Arahelis|sailor|1093
|player|p2|Bludahusky|lucas|1054
|gen|9
|tier|[Gen 9 Champions] VGC 2026 Reg M-B (Bo3)
|rated|
|rule|Species Clause: Limit one of each Pokémon
|rule|Item Clause: Limit 1 of each item
|clearpoke
|poke|p1|Dragalge, L50, F|
|poke|p1|Scrafty, L50, F|
|poke|p1|Arcanine, L50, F|
|poke|p1|Garchomp, L50, F|
|poke|p1|Sinistcha-Masterpiece, L50|
|poke|p1|Krookodile, L50, M|
|poke|p2|Corviknight, L50, M|
|poke|p2|Gengar, L50, F|
|poke|p2|Floette-Eternal, L50, F|
|poke|p2|Rotom-Wash, L50|
|poke|p2|Garchomp, L50, M|
|poke|p2|Tyranitar, L50, M|
|teampreview|4
|showteam|p1|Dragalge||Dragalgite|PoisonPoint|Scald,ToxicSpikes,Toxic,Protect|Calm||F|||50|]Scrafty||SitrusBerry|Intimidate|FakeOut,KnockOff,Roar,QuickGuard|Careful||F|||50|]Arcanine||Charcoal|Intimidate|FlareBlitz,ExtremeSpeed,Snarl,Protect|Adamant||F|||50|]Garchomp||LifeOrb|RoughSkin|Earthquake,BreakingSwipe,DragonClaw,Protect|Jolly||F|||50|]Sinistcha-Masterpiece||Leftovers|Hospitality|MatchaGotcha,StrengthSap,GrassyTerrain,LifeDew|Calm|||||50|]Krookodile||FocusSash|Intimidate|HighHorsepower,CloseCombat,ThroatChop,Protect|Jolly||M|||50|
|showteam|p2|Corviknight||Leftovers|MirrorArmor|LightScreen,Reflect,Protect,BodyPress|Bold||M|||50|]Gengar||Gengarite|CursedBody|Haze,Toxic,ShadowBall,Protect|Timid||F|||50|]Floette-Eternal||Floettite|Symbiosis|LightofRuin,Protect,CalmMind,GigaDrain|Modest||F|||50|]Rotom-Wash||LifeOrb|Levitate|Protect,VoltSwitch,Thunder,HydroPump|Timid|||||50|]Garchomp||ExpertBelt|SandVeil|DragonClaw,DragonTail,Earthquake,Protect|Jolly||M|||50|]Tyranitar||Tyranitarite|SandStream|RockSlide,KnockOff,StealthRock,Protect|Careful||M|||50|
|inactive|Battle timer is ON: inactive players will automatically lose when time's up. (requested by Bludahusky)
|c|☆Arahelis|glhfd
|inactive|Bludahusky has 60 seconds left.
|
|t:|1783423862
|teamsize|p1|4
|teamsize|p2|4
|start
|switch|p1a: Dragalge|Dragalge, L50, F|100/100
|switch|p1b: Scrafty|Scrafty, L50, F|100/100
|switch|p2a: Tyranitar|Tyranitar, L50, M|100/100
|switch|p2b: Corviknight|Corviknight, L50, M|100/100
|-weather|Sandstorm|[from] ability: Sand Stream|[of] p2a: Tyranitar
|-ability|p1b: Scrafty|Intimidate|boost
|-unboost|p2a: Tyranitar|atk|1
|-ability|p2b: Corviknight|Mirror Armor
|-unboost|p1b: Scrafty|atk|1
|turn|1
|inactive|Bludahusky has 30 seconds left.
|inactive|Bludahusky has 20 seconds left.
|inactive|Bludahusky has 15 seconds left.
|inactive|Bludahusky has 10 seconds left.
|inactive|Bludahusky has 5 seconds left.
|
|t:|1783423915
|detailschange|p1a: Dragalge|Dragalge-Mega, L50, F
|-mega|p1a: Dragalge|Dragalge|Dragalgite
|move|p1b: Scrafty|Fake Out|p2a: Tyranitar
|-resisted|p2a: Tyranitar|1
|-damage|p2a: Tyranitar|98/100
|move|p2b: Corviknight|Light Screen|p2b: Corviknight
|-sidestart|p2: Bludahusky|move: Light Screen
|cant|p2a: Tyranitar|flinch
|move|p1a: Dragalge|Toxic Spikes|p2b: Corviknight
|-sidestart|p2: Bludahusky|move: Toxic Spikes
|
|-weather|Sandstorm|[upkeep]
|-damage|p1b: Scrafty|94/100|[from] Sandstorm
|-damage|p1a: Dragalge|94/100|[from] Sandstorm
|upkeep
|turn|2
|inactive|Bludahusky has 30 seconds left.
|
|t:|1783423940
|move|p2b: Corviknight|Reflect|p2b: Corviknight
|-sidestart|p2: Bludahusky|Reflect
|move|p2a: Tyranitar|Stealth Rock|p1b: Scrafty
|-sidestart|p1: Arahelis|move: Stealth Rock
|move|p1b: Scrafty|Knock Off|p2b: Corviknight
|-damage|p2b: Corviknight|91/100
|-enditem|p2b: Corviknight|Leftovers|[from] move: Knock Off|[of] p1b: Scrafty
|move|p1a: Dragalge|Toxic Spikes|p2b: Corviknight
|-sidestart|p2: Bludahusky|move: Toxic Spikes
|
|-weather|Sandstorm|[upkeep]
|-damage|p1b: Scrafty|88/100|[from] Sandstorm
|-damage|p1a: Dragalge|88/100|[from] Sandstorm
|upkeep
|turn|3
|
|t:|1783423962
|move|p2b: Corviknight|Body Press|p1b: Scrafty
|-supereffective|p1b: Scrafty|1
|-damage|p1b: Scrafty|37/100
|-enditem|p1b: Scrafty|Sitrus Berry|[eat]
|-heal|p1b: Scrafty|62/100|[from] item: Sitrus Berry
|move|p2a: Tyranitar|Knock Off|p1a: Dragalge
|-crit|p1a: Dragalge
|-damage|p1a: Dragalge|52/100
|move|p1a: Dragalge|Toxic|p2a: Tyranitar
|-status|p2a: Tyranitar|tox
|move|p1b: Scrafty|Roar|p2b: Corviknight
|drag|p2b: Floette|Floette-Eternal, L50, F|100/100
|-status|p2b: Floette|tox
|
|-weather|Sandstorm|[upkeep]
|-damage|p2b: Floette|93/100 tox|[from] Sandstorm
|-damage|p1b: Scrafty|56/100|[from] Sandstorm
|-damage|p1a: Dragalge|47/100|[from] Sandstorm
|-damage|p2b: Floette|87/100 tox|[from] psn
|-damage|p2a: Tyranitar|92/100 tox|[from] psn
|upkeep
|turn|4
|inactive|Arahelis has 30 seconds left.
|
|t:|1783423989
|switch|p2b: Garchomp|Garchomp, L50, M|100/100
|-status|p2b: Garchomp|tox
|switch|p1b: Arcanine|Arcanine, L50, F|100/100
|-damage|p1b: Arcanine|75/100|[from] Stealth Rock
|-ability|p1b: Arcanine|Intimidate|boost
|-unboost|p2a: Tyranitar|atk|1
|-unboost|p2b: Garchomp|atk|1
|-heal|p1a: Dragalge|80/100|[from] ability: Regenerator|[silent]
|switch|p1a: Sinistcha|Sinistcha-Masterpiece, L50|100/100
|-damage|p1a: Sinistcha|87/100|[from] Stealth Rock
|-heal|p1b: Arcanine|100/100|[from] ability: Hospitality|[of] p1a: Sinistcha
|move|p2a: Tyranitar|Rock Slide|p1b: Arcanine|[spread] p1a,p1b
|-supereffective|p1b: Arcanine|1
|-damage|p1a: Sinistcha|75/100
|-damage|p1b: Arcanine|74/100
|
|-weather|Sandstorm|[upkeep]
|-damage|p1b: Arcanine|68/100|[from] Sandstorm
|-damage|p1a: Sinistcha|69/100|[from] Sandstorm
|-heal|p1a: Sinistcha|75/100|[from] item: Leftovers
|-damage|p2b: Garchomp|94/100 tox|[from] psn
|-damage|p2a: Tyranitar|80/100 tox|[from] psn
|upkeep
|turn|5
|inactive|Arahelis has 30 seconds left.
|inactive|Bludahusky has 30 seconds left.
|inactive|Bludahusky has 20 seconds left.
|inactive|Bludahusky has 15 seconds left.
|
|t:|1783424031
|switch|p1b: Scrafty|Scrafty, L50, F|56/100
|-damage|p1b: Scrafty|50/100g|[from] Stealth Rock
|-ability|p1b: Scrafty|Intimidate|boost
|-unboost|p2a: Tyranitar|atk|1
|-unboost|p2b: Garchomp|atk|1
|move|p2a: Tyranitar|Protect|p2a: Tyranitar
|-singleturn|p2a: Tyranitar|Protect
|move|p2b: Garchomp|Earthquake|p1a: Sinistcha|[spread] p1a,p1b
|-activate|p2a: Tyranitar|move: Protect
|-resisted|p1a: Sinistcha|1
|-damage|p1a: Sinistcha|66/100
|-damage|p1b: Scrafty|30/100
|move|p1a: Sinistcha|Matcha Gotcha|p2a: Tyranitar|[spread] 
|-activate|p2a: Tyranitar|move: Protect
|-miss|p1a: Sinistcha|p2b: Garchomp
|
|-weather|none
|-heal|p1a: Sinistcha|73/100|[from] item: Leftovers
|-damage|p2b: Garchomp|82/100 tox|[from] psn
|-damage|p2a: Tyranitar|63/100 tox|[from] psn
|-sideend|p2: Bludahusky|move: Light Screen
|upkeep
|turn|6
|inactive|Arahelis has 30 seconds left.
|inactive|Bludahusky has 30 seconds left.
|
|t:|1783424059
|switch|p2a: Corviknight|Corviknight, L50, M|91/100
|move|p1b: Scrafty|Fake Out|p2b: Garchomp
|-damage|p2b: Garchomp|76/100 tox
|move|p1a: Sinistcha|Life Dew|p1a: Sinistcha|[spread] p1a,p1b
|-heal|p1a: Sinistcha|98/100
|-heal|p1b: Scrafty|55/100
|cant|p2b: Garchomp|flinch
|
|-heal|p1a: Sinistcha|100/100|[from] item: Leftovers
|-damage|p2b: Garchomp|58/100 tox|[from] psn
|-sideend|p2: Bludahusky|Reflect
|upkeep
|turn|7
|inactive|Bludahusky has 30 seconds left.
|
|t:|1783424091
|switch|p1b: Dragalge|Dragalge-Mega, L50, F|80/100
|-damage|p1b: Dragalge|68/100|[from] Stealth Rock
|move|p1a: Sinistcha|Matcha Gotcha|p2b: Garchomp|[spread] p2a,p2b
|-resisted|p2a: Corviknight|2
|-damage|p2a: Corviknight|84/100
|-damage|p2b: Garchomp|32/100 tox
|move|p2a: Corviknight|Reflect|p2a: Corviknight
|-sidestart|p2: Bludahusky|Reflect
|move|p2b: Garchomp|Dragon Tail|p1b: Dragalge
|-supereffective|p1b: Dragalge|1
|-damage|p1b: Dragalge|38/100
|-heal|p1b: Dragalge|72/100|[from] ability: Regenerator|[silent]
|drag|p1b: Scrafty|Scrafty, L50, F|55/100
|-damage|p1b: Scrafty|50/100y|[from] Stealth Rock
|-ability|p1b: Scrafty|Intimidate|boost
|-ability|p2a: Corviknight|Mirror Armor
|-unboost|p1b: Scrafty|atk|1
|-unboost|p2b: Garchomp|atk|1
|
|-damage|p2b: Garchomp|8/100 tox|[from] psn
|upkeep
|turn|8
|inactive|Arahelis has 30 seconds left.
|
|t:|1783424124
|move|p2a: Corviknight|Protect|p2a: Corviknight
|-singleturn|p2a: Corviknight|Protect
|move|p1b: Scrafty|Fake Out|p2b: Garchomp
|-damage|p2b: Garchomp|4/100 tox
|cant|p2b: Garchomp|flinch
|move|p1a: Sinistcha|Life Dew||[still]|[spread] p1a,p1b
|-fail|p1a: Sinistcha|heal
|-heal|p1b: Scrafty|75/100
|
|-damage|p2b: Garchomp|0 fnt|[from] psn
|faint|p2b: Garchomp
|upkeep
|inactive|Bludahusky has 30 seconds left.
|inactive|Bludahusky has 20 seconds left.
|inactive|Bludahusky has 15 seconds left.
|inactive|Bludahusky has 10 seconds left.
|inactive|Bludahusky has 5 seconds left.
|
|t:|1783424179
|switch|p2b: Floette|Floette-Eternal, L50, F|87/100 tox
|turn|9
|
|t:|1783424192
|switch|p1b: Dragalge|Dragalge-Mega, L50, F|72/100
|-damage|p1b: Dragalge|59/100|[from] Stealth Rock
|move|p2b: Floette|Light of Ruin|p1b: Dragalge
|-damage|p1b: Dragalge|9/100
|-damage|p2b: Floette|63/100 tox|[from] Recoil
|move|p1a: Sinistcha|Life Dew||[still]|[spread] p1a,p1b
|-fail|p1a: Sinistcha|heal
|-heal|p1b: Dragalge|34/100
|move|p2a: Corviknight|Body Press|p1b: Dragalge
|-resisted|p1b: Dragalge|1
|-damage|p1b: Dragalge|23/100
|
|-damage|p2b: Floette|57/100 tox|[from] psn
|upkeep
|turn|10
|
|t:|1783424212
|move|p1b: Dragalge|Protect|p1b: Dragalge
|-singleturn|p1b: Dragalge|Protect
|move|p2b: Floette|Light of Ruin|p1b: Dragalge
|-activate|p1b: Dragalge|move: Protect
|move|p1a: Sinistcha|Life Dew||[still]|[spread] p1a,p1b
|-fail|p1a: Sinistcha|heal
|-heal|p1b: Dragalge|48/100
|move|p2a: Corviknight|Light Screen|p2a: Corviknight
|-sidestart|p2: Bludahusky|move: Light Screen
|
|-damage|p2b: Floette|45/100 tox|[from] psn
|upkeep
|turn|11
|inactive|Bludahusky has 30 seconds left.
|
|t:|1783424240
|switch|p2a: Tyranitar|Tyranitar, L50, M|63/100 tox
|-weather|Sandstorm|[from] ability: Sand Stream|[of] p2a: Tyranitar
|-heal|p1b: Dragalge|81/100|[from] ability: Regenerator|[silent]
|switch|p1b: Arcanine|Arcanine, L50, F|68/100
|-damage|p1b: Arcanine|43/100|[from] Stealth Rock
|-ability|p1b: Arcanine|Intimidate|boost
|-unboost|p2a: Tyranitar|atk|1
|-unboost|p2b: Floette|atk|1
|move|p2b: Floette|Light of Ruin|p1b: Arcanine
|-resisted|p1b: Arcanine|1
|-damage|p1b: Arcanine|6/100
|-damage|p2b: Floette|24/100 tox|[from] Recoil
|move|p1a: Sinistcha|Life Dew||[still]|[spread] p1a,p1b
|-fail|p1a: Sinistcha|heal
|-heal|p1b: Arcanine|31/100
|
|-weather|Sandstorm|[upkeep]
|-damage|p1b: Arcanine|25/100|[from] Sandstorm
|-damage|p2b: Floette|18/100 tox|[from] Sandstorm
|-damage|p1a: Sinistcha|93/100|[from] Sandstorm
|-heal|p1a: Sinistcha|100/100|[from] item: Leftovers
|-damage|p2b: Floette|1/100 tox|[from] psn
|-damage|p2a: Tyranitar|57/100 tox|[from] psn
|-sideend|p2: Bludahusky|Reflect
|upkeep
|turn|12
|inactive|Arahelis has 30 seconds left.
|inactive|Bludahusky has 30 seconds left.
|
|t:|1783424269
|move|p1b: Arcanine|Protect|p1b: Arcanine
|-singleturn|p1b: Arcanine|Protect
|move|p2b: Floette|Calm Mind|p2b: Floette
|-boost|p2b: Floette|spa|1
|-boost|p2b: Floette|spd|1
|move|p1a: Sinistcha|Life Dew||[still]|[spread] p1a,p1b
|-fail|p1a: Sinistcha|heal
|-heal|p1b: Arcanine|50/100g
|move|p2a: Tyranitar|Knock Off|p1a: Sinistcha
|-supereffective|p1a: Sinistcha|1
|-damage|p1a: Sinistcha|41/100
|-enditem|p1a: Sinistcha|Leftovers|[from] move: Knock Off|[of] p2a: Tyranitar
|
|-weather|Sandstorm|[upkeep]
|-damage|p1b: Arcanine|44/100|[from] Sandstorm
|-damage|p2b: Floette|0 fnt|[from] Sandstorm
|-damage|p1a: Sinistcha|35/100|[from] Sandstorm
|faint|p2b: Floette
|-damage|p2a: Tyranitar|45/100 tox|[from] psn
|upkeep
|-message|Bludahusky forfeited.
|
|win|Arahelis
|raw|Arahelis's rating: 1093 → 1116(+23 for winning)
|raw|Bludahusky's rating: 1054 → 1038(-16 for losing)
|l|☆Bludahusky
|player|p2|
|l|☆Arahelis
|player|p1|
|j|☆Arahelis
|player|p1|Arahelis|sailor|
