|j|☆LumiRev
|j|☆Rantix D Red
|html|LumiRevRantix D Red    
|uhtml|bestof|Game 1 of a best-of-3
|t:|1757779204
|gametype|doubles
|player|p1|LumiRev|101|1176
|player|p2|Rantix D Red|n|1156
|gen|9
|tier|[Gen 9] VGC 2025 Reg H (Bo3)
|rated|
|rule|Species Clause: Limit one of each Pokémon
|rule|Item Clause: Limit 1 of each item
|clearpoke
|poke|p1|Ursaluna, L50, M|
|poke|p1|Torkoal, L50, M|
|poke|p1|Jumpluff, L50, F|
|poke|p1|Incineroar, L50, M|
|poke|p1|Dusclops, L50, F|
|poke|p1|Charizard, L50, M|
|poke|p2|Garchomp, L50, F|
|poke|p2|Jumpluff, L50, M|
|poke|p2|Torkoal, L50, M|
|poke|p2|Dragonite, L50, M|
|poke|p2|Kingambit, L50, M|
|poke|p2|Typhlosion-Hisui, L50, M|
|teampreview|4
|showteam|p1|Ursaluna||FlameOrb|Guts|Facade,HeadlongRush,Earthquake,Protect|||M|||50|,,,,,Ghost]Torkoal||EjectPack|Drought|Eruption,Overheat,HelpingHand,Protect|||M|||50|,,,,,Fire]Jumpluff||CovertCloak|Chlorophyll|SleepPowder,RagePowder,SunnyDay,Tailwind|||F|||50|,,,,,Water]Incineroar||SafetyGoggles|Intimidate|FakeOut,PartingShot,KnockOff,FlareBlitz|||M|||50|,,,,,Ghost]Dusclops||Eviolite|Pressure|WillOWisp,HelpingHand,SunnyDay,TrickRoom|||F|||50|,,,,,Flying]Charizard||ChoiceSpecs|SolarPower|HeatWave,AirSlash,WeatherBall,Overheat|||M|||50|,,,,,Ghost
|showteam|p2|Garchomp||LifeOrb|RoughSkin|DragonClaw,StompingTantrum,Earthquake,Protect|||F|||50|,,,,,Fairy]Jumpluff||CovertCloak|Chlorophyll|SleepPowder,SunnyDay,Tailwind,LeafStorm|||M|||50|,,,,,Water]Torkoal||EjectPack|Drought|Overheat,BurningJealousy,HelpingHand,Protect|||M|||50|,,,,,Flying]Dragonite||LoadedDice|Multiscale|ScaleShot,ExtremeSpeed,IceSpinner,Protect|||M|||50|,,,,,Fairy]Kingambit||AssaultVest|Defiant|IronHead,SuckerPunch,Assurance,LowKick|||M|||50|,,,,,Flying]Typhlosion-Hisui||ChoiceSpecs|Blaze|Eruption,ShadowBall,HeatWave,Overheat|||M|||50|,,,,,Fire
|inactive|Battle timer is ON: inactive players will automatically lose when time's up. (requested by Rantix D Red)
|inactive|LumiRev has 60 seconds left.
|inactive|Rantix D Red has 60 seconds left.
|
|t:|1757779265
|teamsize|p1|4
|teamsize|p2|4
|start
|switch|p1a: Jumpluff|Jumpluff, L50, F|100/100
|switch|p1b: Charizard|Charizard, L50, M|100/100
|switch|p2a: Typhlosion|Typhlosion-Hisui, L50, M|100/100
|switch|p2b: Jumpluff|Jumpluff, L50, M|100/100
|turn|1
|inactive|LumiRev has 30 seconds left.
|inactive|LumiRev has 20 seconds left.
|
|t:|1757779306
|switch|p1b: Incineroar|Incineroar, L50, M|100/100
|-ability|p1b: Incineroar|Intimidate|boost
|-unboost|p2a: Typhlosion|atk|1
|-unboost|p2b: Jumpluff|atk|1
|move|p1a: Jumpluff|Sleep Powder|p2a: Typhlosion
|-status|p2a: Typhlosion|slp|[from] move: Sleep Powder
|move|p2b: Jumpluff|Sleep Powder|p1b: Incineroar
|-activate|p1b: Incineroar|item: Safety Goggles|Sleep Powder
|cant|p2a: Typhlosion|slp
|
|upkeep
|turn|2
|
|t:|1757779328
|switch|p2a: Garchomp|Garchomp, L50, F|100/100
|move|p1a: Jumpluff|Tailwind|p1a: Jumpluff
|-sidestart|p1: LumiRev|move: Tailwind
|move|p1b: Incineroar|Knock Off|p2a: Garchomp
|-damage|p2a: Garchomp|55/100
|-damage|p1b: Incineroar|88/100|[from] ability: Rough Skin|[of] p2a: Garchomp
|-enditem|p2a: Garchomp|Life Orb|[from] move: Knock Off|[of] p1b: Incineroar
|move|p2b: Jumpluff|Tailwind|p2b: Jumpluff
|-sidestart|p2: Rantix D Red|move: Tailwind
|
|upkeep
|turn|3
|inactive|Rantix D Red has 30 seconds left.
|
|t:|1757779353
|switch|p2b: Dragonite|Dragonite, L50, M|100/100
|move|p2a: Garchomp|Protect|p2a: Garchomp
|-singleturn|p2a: Garchomp|Protect
|move|p1a: Jumpluff|Sunny Day|p1a: Jumpluff
|-weather|SunnyDay
|move|p1b: Incineroar|Parting Shot|p2a: Garchomp
|-activate|p2a: Garchomp|move: Protect
|
|-weather|SunnyDay|[upkeep]
|upkeep
|turn|4
|
|t:|1757779374
|move|p1a: Jumpluff|Sleep Powder|p2a: Garchomp
|-status|p2a: Garchomp|slp|[from] move: Sleep Powder
|cant|p2a: Garchomp|slp
|move|p2b: Dragonite|Scale Shot|p1a: Jumpluff
|-damage|p1a: Jumpluff|84/100
|-damage|p1a: Jumpluff|68/100
|-damage|p1a: Jumpluff|54/100
|-damage|p1a: Jumpluff|38/100
|-damage|p1a: Jumpluff|22/100
|-hitcount|p1a: Jumpluff|5
|-unboost|p2b: Dragonite|def|1
|-boost|p2b: Dragonite|spe|1
|move|p1b: Incineroar|Knock Off|p2b: Dragonite
|-damage|p2b: Dragonite|67/100
|-enditem|p2b: Dragonite|Loaded Dice|[from] move: Knock Off|[of] p1b: Incineroar
|
|-weather|SunnyDay|[upkeep]
|upkeep
|turn|5
|inactive|LumiRev has 30 seconds left.
|inactive|LumiRev has 20 seconds left.
|
|t:|1757779413
|move|p2b: Dragonite|Extreme Speed|p1a: Jumpluff
|-damage|p1a: Jumpluff|0 fnt
|faint|p1a: Jumpluff
|-curestatus|p2a: Garchomp|slp|[msg]
|move|p2a: Garchomp|Earthquake|p1b: Incineroar|[spread] p1b
|-immune|p2b: Dragonite
|-supereffective|p1b: Incineroar
|-damage|p1b: Incineroar|19/100
|move|p1b: Incineroar|Parting Shot|p1: Jumpluff|[notarget]
|-fail|p1b: Incineroar
|
|-weather|SunnyDay|[upkeep]
|-sideend|p1: LumiRev|move: Tailwind
|-sideend|p2: Rantix D Red|move: Tailwind
|upkeep
|
|t:|1757779427
|switch|p1a: Charizard|Charizard, L50, M|100/100
|turn|6
|inactive|Rantix D Red has 30 seconds left.
|
|t:|1757779456
|move|p2b: Dragonite|Extreme Speed|p1a: Charizard
|-damage|p1a: Charizard|61/100
|move|p2a: Garchomp|Dragon Claw|p1a: Charizard
|-damage|p1a: Charizard|6/100
|move|p1a: Charizard|Heat Wave|p2b: Dragonite|[spread] p2a,p2b
|-resisted|p2a: Garchomp
|-resisted|p2b: Dragonite
|-damage|p2a: Garchomp|0 fnt
|-damage|p2b: Dragonite|13/100
|-status|p2b: Dragonite|brn
|faint|p2a: Garchomp
|move|p1b: Incineroar|Parting Shot|p2b: Dragonite
|-unboost|p2b: Dragonite|atk|1
|-unboost|p2b: Dragonite|spa|1
|
|t:|1757779469
|switch|p1b: Ursaluna|Ursaluna, L50, M|100/100|[from] Parting Shot
|
|-weather|SunnyDay|[upkeep]
|-damage|p1a: Charizard|0 fnt|[from] ability: Solar Power|[of] p1a: Charizard
|faint|p1a: Charizard
|-damage|p2b: Dragonite|7/100 brn|[from] brn
|-status|p1b: Ursaluna|brn|[from] item: Flame Orb
|upkeep
|
|t:|1757779479
|switch|p2a: Typhlosion|Typhlosion-Hisui, L50, M|100/100 slp
|switch|p1a: Incineroar|Incineroar, L50, M|19/100
|-ability|p1a: Incineroar|Intimidate|boost
|-unboost|p2a: Typhlosion|atk|1
|-unboost|p2b: Dragonite|atk|1
|turn|7
|
|t:|1757779501
|switch|p2a: Jumpluff|Jumpluff, L50, M|100/100
|move|p1a: Incineroar|Fake Out|p2b: Dragonite
|-damage|p2b: Dragonite|0 fnt
|faint|p2b: Dragonite
|move|p1b: Ursaluna|Headlong Rush|p2a: Jumpluff
|-immune|p2a: Jumpluff
|
|-weather|none
|-damage|p1b: Ursaluna|95/100 brn|[from] brn
|upkeep
|
|t:|1757779508
|switch|p2b: Typhlosion|Typhlosion-Hisui, L50, M|100/100 slp
|turn|8
|
|t:|1757779540
|-terastallize|p2b: Typhlosion|Fire
|move|p2a: Jumpluff|Sunny Day|p2a: Jumpluff
|-weather|SunnyDay
|-curestatus|p2b: Typhlosion|slp|[msg]
|move|p2b: Typhlosion|Eruption|p1a: Incineroar|[spread] p1a,p1b
|-resisted|p1a: Incineroar
|-damage|p1a: Incineroar|0 fnt
|-damage|p1b: Ursaluna|0 fnt
|faint|p1a: Incineroar
|faint|p1b: Ursaluna
|
|win|Rantix D Red
||Rantix D Red is ready for game 2.
||LumiRev is ready for game 2.
|uhtml|next|Next: Game 2 of 3
