|j|☆starlight74
|j|☆TradersJoe
|html|starlight74TradersJoe    
|uhtml|bestof|Game 2 of a best-of-3
|t:|1784079995
|gametype|doubles
|player|p1|starlight74|anabel-gen7|1399
|player|p2|TradersJoe|102|1382
|gen|9
|tier|[Gen 9 Champions] VGC 2026 Reg M-B (Bo3)
|rated|
|rule|Species Clause: Limit one of each Pokémon
|rule|Item Clause: Limit 1 of each item
|clearpoke
|poke|p1|Froslass, L50, F|
|poke|p1|Dragonite, L50, F|
|poke|p1|Sneasler, L50, M|
|poke|p1|Kingambit, L50, F|
|poke|p1|Blaziken, L50, F|
|poke|p1|Rotom-Wash, L50|
|poke|p2|Charizard, L50, M|
|poke|p2|Venusaur, L50, M|
|poke|p2|Incineroar, L50, M|
|poke|p2|Garchomp, L50, F|
|poke|p2|Sylveon, L50, F|
|poke|p2|Mamoswine, L50, M|
|teampreview|4
|showteam|p1|Froslass||Froslassite|CursedBody|Blizzard,ShadowBall,AuroraVeil,Protect|Timid||F|||50|]Dragonite||LifeOrb|InnerFocus|DragonClaw,ExtremeSpeed,LowKick,Protect|Adamant||F|||50|]Sneasler||FocusSash|PoisonTouch|CloseCombat,PoisonJab,FakeOut,Protect|Jolly||M|||50|]Kingambit||BlackGlasses|Defiant|KowtowCleave,IronHead,SuckerPunch,Protect|Adamant||F|||50|]Blaziken||Blazikenite|SpeedBoost|CloseCombat,FlareBlitz,RockSlide,Protect|Adamant||F|||50|]Rotom-Wash||ChoiceScarf|Levitate|Thunderbolt,VoltSwitch,HydroPump,Trick|Timid|||||50|
|showteam|p2|Charizard||CharizarditeY|Blaze|Protect,HelpingHand,HeatWave,WeatherBall|Modest||M|||50|]Venusaur||LifeOrb|Chlorophyll|Protect,SolarBeam,EarthPower,SludgeBomb|Modest||M|||50|]Incineroar||SitrusBerry|Intimidate|FakeOut,PartingShot,DarkestLariat,FlareBlitz|Careful||M|||50|]Garchomp||ChoiceScarf|RoughSkin|IronHead,RockSlide,Earthquake,DragonClaw|Adamant||F|||50|]Sylveon||FairyFeather|Pixilate|Protect,Yawn,QuickAttack,HyperVoice|Modest||F|||50|]Mamoswine||FocusSash|Oblivious|Protect,IceShard,RockTomb,HighHorsepower|Adamant||M|||50|
|inactive|Battle timer is ON: inactive players will automatically lose when time's up. (requested by starlight74)
|inactive|starlight74 has 60 seconds left.
|
|t:|1784080028
|teamsize|p1|4
|teamsize|p2|4
|start
|switch|p1a: Froslass|Froslass, L50, F|100/100
|switch|p1b: Rotom|Rotom-Wash, L50|100/100
|switch|p2a: Mamoswine|Mamoswine, L50, M|100/100
|switch|p2b: Incineroar|Incineroar, L50, M|100/100
|-ability|p2b: Incineroar|Intimidate|boost
|-unboost|p1a: Froslass|atk|1
|-unboost|p1b: Rotom|atk|1
|turn|1
|inactive|starlight74 has 30 seconds left.
|inactive|starlight74 has 20 seconds left.
|
|t:|1784080071
|move|p1a: Froslass|Protect|p1a: Froslass
|-singleturn|p1a: Froslass|Protect
|move|p2a: Mamoswine|Protect|p2a: Mamoswine
|-singleturn|p2a: Mamoswine|Protect
|move|p1b: Rotom|Hydro Pump|p2a: Mamoswine
|-activate|p2a: Mamoswine|move: Protect
|move|p2b: Incineroar|Flare Blitz|p1a: Froslass
|-activate|p1a: Froslass|move: Protect
|
|upkeep
|turn|2
|
|t:|1784080095
|move|p1b: Rotom|Hydro Pump|p2a: Mamoswine|[miss]
|-miss|p1b: Rotom|p2a: Mamoswine
|move|p1a: Froslass|Shadow Ball|p2a: Mamoswine
|-damage|p2a: Mamoswine|65/100
|move|p2a: Mamoswine|Rock Tomb|p1a: Froslass
|-supereffective|p1a: Froslass|1
|-damage|p1a: Froslass|40/100
|-unboost|p1a: Froslass|spe|1
|move|p2b: Incineroar|Parting Shot|p1a: Froslass
|-unboost|p1a: Froslass|atk|1
|-unboost|p1a: Froslass|spa|1
|
|t:|1784080105
|switch|p2b: Charizard|Charizard, L50, M|100/100|[from] Parting Shot
|
|upkeep
|turn|3
|inactive|TradersJoe has 30 seconds left.
|
|t:|1784080131
|switch|p2a: Venusaur|Venusaur, L50, M|100/100
|move|p2b: Charizard|Protect|p2b: Charizard
|-singleturn|p2b: Charizard|Protect
|move|p1a: Froslass|Protect|p1a: Froslass
|-singleturn|p1a: Froslass|Protect
|move|p1b: Rotom|Hydro Pump|p2a: Venusaur
|-resisted|p2a: Venusaur|1
|-damage|p2a: Venusaur|73/100
|
|upkeep
|turn|4
|inactive|starlight74 has 30 seconds left.
|inactive|TradersJoe has 30 seconds left.
|inactive|TradersJoe has 20 seconds left.
|inactive|TradersJoe has 15 seconds left.
|
|t:|1784080173
|detailschange|p1a: Froslass|Froslass-Mega, L50, F
|-mega|p1a: Froslass|Froslass|Froslassite
|-weather|Snowscape|[from] ability: Snow Warning|[of] p1a: Froslass
|move|p2b: Charizard|Helping Hand|p2a: Venusaur
|-singleturn|p2a: Venusaur|Helping Hand|[of] p2b: Charizard
|move|p1b: Rotom|Hydro Pump|p2b: Charizard
|-supereffective|p2b: Charizard|1
|-damage|p2b: Charizard|0 fnt
|faint|p2b: Charizard
|move|p2a: Venusaur|Earth Power|p1a: Froslass
|-damage|p1a: Froslass|0 fnt
|faint|p1a: Froslass
|-damage|p2a: Venusaur|64/100|[from] item: Life Orb
|
|-weather|Snowscape|[upkeep]
|upkeep
|
|t:|1784080187
|switch|p1a: Kingambit|Kingambit, L50, F|100/100
|switch|p2b: Incineroar|Incineroar, L50, M|100/100
|-ability|p2b: Incineroar|Intimidate|boost
|-unboost|p1a: Kingambit|atk|1
|-ability|p1a: Kingambit|Defiant|boost
|-boost|p1a: Kingambit|atk|2
|-unboost|p1b: Rotom|atk|1
|turn|5
|inactive|starlight74 has 30 seconds left.
|inactive|starlight74 has 20 seconds left.
|inactive|starlight74 has 15 seconds left.
|
|t:|1784080229
|move|p1a: Kingambit|Protect|p1a: Kingambit
|-singleturn|p1a: Kingambit|Protect
|move|p2b: Incineroar|Fake Out|p1b: Rotom
|-damage|p1b: Rotom|85/100
|cant|p1b: Rotom|flinch
|move|p2a: Venusaur|Sludge Bomb|p1b: Rotom
|-damage|p1b: Rotom|11/100
|-damage|p2a: Venusaur|54/100|[from] item: Life Orb
|
|-weather|Snowscape|[upkeep]
|upkeep
|turn|6
|
|t:|1784080252
|switch|p2a: Mamoswine|Mamoswine, L50, M|65/100
|move|p1a: Kingambit|Sucker Punch|p2b: Incineroar
|-resisted|p2b: Incineroar|1
|-damage|p2b: Incineroar|68/100
|move|p1b: Rotom|Hydro Pump|p2b: Incineroar
|-supereffective|p2b: Incineroar|1
|-damage|p2b: Incineroar|0 fnt
|faint|p2b: Incineroar
|
|-weather|Snowscape|[upkeep]
|upkeep
|
|t:|1784080260
|switch|p2b: Venusaur|Venusaur, L50, M|54/100
|turn|7
|
|t:|1784080264
|move|p1a: Kingambit|Protect|p1a: Kingambit
|-singleturn|p1a: Kingambit|Protect
|move|p2a: Mamoswine|Ice Shard|p1b: Rotom
|-resisted|p1b: Rotom|1
|-damage|p1b: Rotom|0 fnt
|faint|p1b: Rotom
|move|p2b: Venusaur|Earth Power|p1a: Kingambit
|-activate|p1a: Kingambit|move: Protect
|
|-weather|Snowscape|[upkeep]
|upkeep
|
|t:|1784080268
|switch|p1b: Sneasler|Sneasler, L50, M|100/100
|turn|8
|
|t:|1784080272
|move|p2a: Mamoswine|Protect|p2a: Mamoswine
|-singleturn|p2a: Mamoswine|Protect
|move|p2b: Venusaur|Protect|p2b: Venusaur
|-singleturn|p2b: Venusaur|Protect
|move|p1a: Kingambit|Sucker Punch||[still]
|-fail|p1a: Kingambit
|move|p1b: Sneasler|Close Combat|p2a: Mamoswine
|-activate|p2a: Mamoswine|move: Protect
|
|-weather|none
|upkeep
|turn|9
|-message|TradersJoe forfeited.
|
|win|starlight74
|raw|starlight74's rating: 1399 → 1418(+19 for winning)
|raw|TradersJoe's rating: 1382 → 1363(-19 for losing)
