|j|☆PuppinMusic
|j|☆WASHINGTONGARGACHA
|html|PuppinMusicWASHINGTONGARGACHA    
|uhtml|bestof|Game 1 of a best-of-3
|t:|1757853712
|gametype|doubles
|player|p1|PuppinMusic|guitarist|1082
|player|p2|WASHINGTONGARGACHA|169|1088
|gen|9
|tier|[Gen 9] VGC 2025 Reg H (Bo3)
|rated|
|rule|Species Clause: Limit one of each Pokémon
|rule|Item Clause: Limit 1 of each item
|clearpoke
|poke|p1|Annihilape, L50, F|
|poke|p1|Maushold, L50|
|poke|p1|Ninetales-Alola, L50, F|
|poke|p1|Sneasler, L50, M|
|poke|p1|Rillaboom, L50, M|
|poke|p1|Talonflame, L50, M|
|poke|p2|Typhlosion-Hisui, L50, M|
|poke|p2|Whimsicott, L50, M|
|poke|p2|Dragapult, L50, F|
|poke|p2|Torkoal, L50, F|
|poke|p2|Lilligant-Hisui, L50, F|
|poke|p2|Electabuzz, L50, F|
|teampreview|4
|showteam|p1|Annihilape||Leftovers|Defiant|BulkUp,RageFist,DrainPunch,Protect|||F|||50|,,,,,Fire]Maushold||SafetyGoggles|FriendGuard|FollowMe,Encore,BeatUp,Protect||||||50|,,,,,Ghost]Ninetales-Alola||LightClay|SnowWarning|AuroraVeil,Blizzard,IcyWind,Encore|||F|||50|,,,,,Ghost]Sneasler||GrassySeed|Unburden|FakeOut,DireClaw,CloseCombat,Protect|||M|||50|,,,,,Stellar]Rillaboom||AssaultVest|GrassySurge|FakeOut,GrassyGlide,WoodHammer,Uturn|||M|||50|,,,,,Fire]Talonflame||CovertCloak|GaleWings|Tailwind,DualWingbeat,Taunt,Protect|||M|||50|,,,,,Dark
|showteam|p2|Typhlosion-Hisui||ChoiceSpecs|Blaze|HeatWave,Eruption,ShadowBall,FocusPunch|||M|||50|,,,,,Fire]Whimsicott||CovertCloak|Prankster|Tailwind,Moonblast,SunnyDay,Encore|||M|||50|,,,,,Water]Dragapult||ChoiceBand|ClearBody|Uturn,DragonTail,DragonDarts,PhantomForce|||F|||50|,,,,,Dragon]Torkoal||LifeOrb|Drought|HeatWave,Eruption,Protect,WeatherBall|||F|||50|,,,,,Fire]Lilligant-Hisui||FocusSash|Chlorophyll|CloseCombat,SleepPowder,AfterYou,LeafBlade|||F|||50|,,,,,Ghost]Electabuzz||Eviolite|VitalSpirit|FollowMe,Taunt,Electroweb,Protect|||F|||50|,,,,,Grass
|inactive|Battle timer is ON: inactive players will automatically lose when time's up. (requested by PuppinMusic)
|inactive|PuppinMusic has 60 seconds left.
|
|t:|1757853743
|teamsize|p1|4
|teamsize|p2|4
|start
|switch|p1a: Annihilape|Annihilape, L50, F, shiny|100/100
|switch|p1b: Maushold|Maushold, L50|100/100
|switch|p2a: Electabuzz|Electabuzz, L50, F|100/100
|switch|p2b: Typhlosion|Typhlosion-Hisui, L50, M|100/100
|turn|1
|inactive|PuppinMusic has 30 seconds left.
|
|t:|1757853770
|-terastallize|p2b: Typhlosion|Fire
|-terastallize|p1a: Annihilape|Fire
|move|p2a: Electabuzz|Follow Me|p2a: Electabuzz
|-singleturn|p2a: Electabuzz|move: Follow Me
|move|p1b: Maushold|Beat Up|p2a: Electabuzz
|-damage|p2a: Electabuzz|98/100
|-damage|p2a: Electabuzz|95/100
|-damage|p2a: Electabuzz|93/100
|-damage|p2a: Electabuzz|91/100
|-hitcount|p2a: Electabuzz|4
|move|p2b: Typhlosion|Eruption|p1a: Annihilape|[spread] p1a,p1b
|-resisted|p1a: Annihilape
|-damage|p1a: Annihilape|63/100
|-damage|p1b: Maushold|0 fnt
|faint|p1b: Maushold
|move|p1a: Annihilape|Rage Fist|p2a: Electabuzz
|-damage|p2a: Electabuzz|46/100
|
|-heal|p1a: Annihilape|69/100|[from] item: Leftovers
|upkeep
|
|t:|1757853789
|switch|p1b: Talonflame|Talonflame, L50, M|100/100
|turn|2
|
|t:|1757853796
|move|p2a: Electabuzz|Follow Me|p2a: Electabuzz
|-singleturn|p2a: Electabuzz|move: Follow Me
|move|p1b: Talonflame|Taunt|p2a: Electabuzz
|-start|p2a: Electabuzz|move: Taunt
|move|p2b: Typhlosion|Eruption|p1a: Annihilape|[spread] p1a,p1b
|-resisted|p1a: Annihilape
|-resisted|p1b: Talonflame
|-damage|p1a: Annihilape|16/100
|-damage|p1b: Talonflame|15/100
|move|p1a: Annihilape|Bulk Up|p1a: Annihilape
|-boost|p1a: Annihilape|atk|1
|-boost|p1a: Annihilape|def|1
|
|-heal|p1a: Annihilape|22/100|[from] item: Leftovers
|upkeep
|turn|3
|
|t:|1757853816
|switch|p2b: Torkoal|Torkoal, L50, F|100/100
|-weather|SunnyDay|[from] ability: Drought|[of] p2b: Torkoal
|move|p1b: Talonflame|Tailwind|p1b: Talonflame
|-sidestart|p1: PuppinMusic|move: Tailwind
|move|p1a: Annihilape|Drain Punch|p2a: Electabuzz
|-damage|p2a: Electabuzz|0 fnt
|-heal|p1a: Annihilape|41/100|[from] drain|[of] p2a: Electabuzz
|faint|p2a: Electabuzz
|
|-weather|SunnyDay|[upkeep]
|-heal|p1a: Annihilape|47/100|[from] item: Leftovers
|upkeep
|
|t:|1757853834
|switch|p2a: Dragapult|Dragapult, L50, F|100/100
|turn|4
|
|t:|1757853857
|switch|p1b: Ninetales|Ninetales-Alola, L50, F|100/100
|-weather|Snowscape|[from] ability: Snow Warning|[of] p1b: Ninetales
|move|p2b: Torkoal|Protect|p2b: Torkoal
|-singleturn|p2b: Torkoal|Protect
|move|p1a: Annihilape|Drain Punch|p2b: Torkoal
|-activate|p2b: Torkoal|move: Protect
|move|p2a: Dragapult|Dragon Darts|p1a: Annihilape
|-damage|p1a: Annihilape|22/100
|-anim|p2a: Dragapult|Dragon Darts|p1a: Annihilape
|-damage|p1a: Annihilape|0 fnt
|faint|p1a: Annihilape
|
|-weather|Snowscape|[upkeep]
|upkeep
|
|t:|1757853868
|switch|p1a: Talonflame|Talonflame, L50, M|15/100
|turn|5
|
|t:|1757853883
|move|p1a: Talonflame|Dual Wingbeat|p2b: Torkoal
|-damage|p2b: Torkoal|87/100
|-damage|p2b: Torkoal|75/100
|-hitcount|p2b: Torkoal|2
|move|p1b: Ninetales|Blizzard|p2a: Dragapult|[spread] p2a,p2b
|-supereffective|p2a: Dragapult
|-resisted|p2b: Torkoal
|-damage|p2a: Dragapult|29/100
|-damage|p2b: Torkoal|58/100
|-status|p2a: Dragapult|frz
|-status|p2b: Torkoal|frz
|cant|p2a: Dragapult|frz
|cant|p2b: Torkoal|frz
|
|-weather|Snowscape|[upkeep]
|upkeep
|turn|6
|
|t:|1757853905
|-curestatus|p2b: Torkoal|frz|[msg]
|move|p2b: Torkoal|Protect|p2b: Torkoal
|-singleturn|p2b: Torkoal|Protect
|move|p1a: Talonflame|Dual Wingbeat|p2b: Torkoal
|-activate|p2b: Torkoal|move: Protect
|move|p1b: Ninetales|Blizzard|p2a: Dragapult|[spread] p2a
|-activate|p2b: Torkoal|move: Protect
|-supereffective|p2a: Dragapult
|-damage|p2a: Dragapult|0 fnt
|faint|p2a: Dragapult
|
|-weather|Snowscape|[upkeep]
|-sideend|p1: PuppinMusic|move: Tailwind
|upkeep
|
|t:|1757853916
|switch|p2a: Typhlosion|Typhlosion-Hisui, L50, M, tera:Fire|100/100
|turn|7
|
|t:|1757853925
|move|p1a: Talonflame|Tailwind|p1a: Talonflame
|-sidestart|p1: PuppinMusic|move: Tailwind
|move|p1b: Ninetales|Aurora Veil|p1b: Ninetales
|-sidestart|p1: PuppinMusic|move: Aurora Veil
|move|p2a: Typhlosion|Heat Wave|p1a: Talonflame|[spread] p1a,p1b
|-resisted|p1a: Talonflame
|-supereffective|p1b: Ninetales
|-damage|p1a: Talonflame|0 fnt
|-damage|p1b: Ninetales|0 fnt
|faint|p1a: Talonflame
|faint|p1b: Ninetales
|
|win|WASHINGTONGARGACHA
