|j|☆redrog1
|j|‽godbroj
|html|redrog1godbroj    
|uhtml|bestof|Game 2 of a best-of-3
|t:|1756168423
|gametype|doubles
|player|p1|redrog1|dancer|1039
|player|p2|godbroj|maid|1039
|gen|9
|tier|[Gen 9] VGC 2025 Reg H (Bo3)
|rated|
|rule|Species Clause: Limit one of each Pokémon
|rule|Item Clause: Limit 1 of each item
|clearpoke
|poke|p1|Electabuzz, L50, M|
|poke|p1|Kingambit, L50, M|
|poke|p1|Volcarona, L50, F|
|poke|p1|Sneasler, L50, M|
|poke|p1|Primarina, L50, F|
|poke|p1|Amoonguss, L50, M|
|poke|p2|Dragonite, L50, M|
|poke|p2|Incineroar, L50, F|
|poke|p2|Grimmsnarl, L50, M|
|poke|p2|Sylveon, L50, M|
|poke|p2|Armarouge, L50, M|
|poke|p2|Indeedee-F, L50, F|
|teampreview|4
|showteam|p1|Electabuzz||Eviolite|VitalSpirit|Taunt,Electroweb,FollowMe,Protect|||M|||50|,,,,,Ghost]Kingambit||BlackGlasses|Defiant|KowtowCleave,Protect,IronHead,SuckerPunch|||M|||50|,,,,,Dark]Volcarona||CovertCloak|FlameBody|HeatWave,Protect,TeraBlast,QuiverDance|||F|||50|,,,,,Water]Sneasler||FocusSash|Unburden|DireClaw,CloseCombat,Protect,FakeOut|||M|||50|,,,,,Stellar]Primarina||ThroatSpray|LiquidVoice|HyperVoice,Moonblast,LifeDew,Protect|||F|||50|,,,,,Grass]Amoonguss||SitrusBerry|Regenerator|Spore,RagePowder,PollenPuff,Protect|||M|||50|,,,,,Water
|showteam|p2|Dragonite||AssaultVest|InnerFocus|ExtremeSpeed,Earthquake,Outrage,IceSpinner|||M|||50|,,,,,Normal]Incineroar||CovertCloak|Intimidate|FakeOut,FlareBlitz,DarkestLariat,CloseCombat|||F|||50|,,,,,Ghost]Grimmsnarl||BlackGlasses|Prankster|FakeOut,SpiritBreak,SuckerPunch,ThunderWave|||M|||50|,,,,,Dark]Sylveon||FairyFeather|Pixilate|Protect,TeraBlast,CalmMind,HyperVoice|||M|||50|,,,,,Ground]Armarouge||LifeOrb|FlashFire|Protect,AuraSphere,ArmorCannon,ExpandingForce|||M|||50|,,,,,Grass]Indeedee-F||SafetyGoggles|PsychicSurge|FollowMe,TrickRoom,DazzlingGleam,HelpingHand|||F|||50|,,,,,Fairy
|
|t:|1756168444
|teamsize|p1|4
|teamsize|p2|4
|start
|switch|p1a: Sneasler|Sneasler, L50, M|100/100
|switch|p1b: Electabuzz|Electabuzz, L50, M|100/100
|switch|p2a: Sylveon|Sylveon, L50, M|100/100
|switch|p2b: Indeedee|Indeedee-F, L50, F, shiny|100/100
|-fieldstart|move: Psychic Terrain|[from] ability: Psychic Surge|[of] p2b: Indeedee
|turn|1
|
|t:|1756168478
|move|p1a: Sneasler|Protect|p1a: Sneasler
|-singleturn|p1a: Sneasler|Protect
|move|p2a: Sylveon|Protect|p2a: Sylveon
|-singleturn|p2a: Sylveon|Protect
|move|p1b: Electabuzz|Taunt|p2b: Indeedee
|-start|p2b: Indeedee|move: Taunt
|cant|p2b: Indeedee|move: Taunt|Trick Room
|
|upkeep
|turn|2
|inactive|Battle timer is ON: inactive players will automatically lose when time's up. (requested by redrog1)
|
|t:|1756168498
|switch|p2b: Incineroar|Incineroar, L50, F, shiny|100/100
|-ability|p2b: Incineroar|Intimidate|boost
|-unboost|p1a: Sneasler|atk|1
|-unboost|p1b: Electabuzz|atk|1
|move|p1a: Sneasler|Dire Claw|p2a: Sylveon
|-supereffective|p2a: Sylveon
|-damage|p2a: Sylveon|38/100
|move|p1b: Electabuzz|Electroweb|p2b: Incineroar|[spread] p2a,p2b
|-damage|p2a: Sylveon|27/100
|-damage|p2b: Incineroar|87/100
|-unboost|p2a: Sylveon|spe|1
|move|p2a: Sylveon|Hyper Voice|p1a: Sneasler|[spread] p1a,p1b
|-crit|p1a: Sneasler
|-damage|p1a: Sneasler|13/100
|-damage|p1b: Electabuzz|62/100
|
|upkeep
|turn|3
|inactive|godbroj has 30 seconds left.
|
|t:|1756168526
|-terastallize|p2b: Incineroar|Ghost
|move|p1a: Sneasler|Protect|p1a: Sneasler
|-singleturn|p1a: Sneasler|Protect
|move|p2a: Sylveon|Protect|p2a: Sylveon
|-singleturn|p2a: Sylveon|Protect
|move|p1b: Electabuzz|Electroweb|p2a: Sylveon|[spread] p2b
|-activate|p2a: Sylveon|move: Protect
|-damage|p2b: Incineroar|71/100
|move|p2b: Incineroar|Flare Blitz|p1b: Electabuzz
|-damage|p1b: Electabuzz|1/100
|-damage|p2b: Incineroar|51/100|[from] Recoil
|
|upkeep
|turn|4
|inactive|godbroj has 30 seconds left.
|
|t:|1756168558
|switch|p1a: Amoonguss|Amoonguss, L50, M|100/100
|move|p2a: Sylveon|Protect|p2a: Sylveon
|-singleturn|p2a: Sylveon|Protect
|move|p1b: Electabuzz|Electroweb|p2a: Sylveon|[spread] p2b
|-activate|p2a: Sylveon|move: Protect
|-damage|p2b: Incineroar|37/100
|move|p2b: Incineroar|Darkest Lariat|p1b: Electabuzz
|-damage|p1b: Electabuzz|0 fnt
|faint|p1b: Electabuzz
|
|upkeep
|
|t:|1756168565
|switch|p1b: Primarina|Primarina, L50, F|100/100
|turn|5
|
|t:|1756168577
|-terastallize|p1a: Amoonguss|Water
|move|p1a: Amoonguss|Rage Powder|p1a: Amoonguss
|-singleturn|p1a: Amoonguss|move: Rage Powder
|move|p2b: Incineroar|Flare Blitz|p1a: Amoonguss
|-resisted|p1a: Amoonguss
|-damage|p1a: Amoonguss|76/100
|-damage|p2b: Incineroar|26/100|[from] Recoil
|move|p1b: Primarina|Hyper Voice|p2a: Sylveon|[spread] p2a,p2b
|-damage|p2a: Sylveon|2/100
|-damage|p2b: Incineroar|0 fnt
|faint|p2b: Incineroar
|-enditem|p1b: Primarina|Throat Spray
|-boost|p1b: Primarina|spa|1|[from] item: Throat Spray
|move|p2a: Sylveon|Hyper Voice|p1a: Amoonguss|[spread] p1a,p1b
|-damage|p1a: Amoonguss|36/100
|-damage|p1b: Primarina|61/100
|-enditem|p1a: Amoonguss|Sitrus Berry|[eat]
|-heal|p1a: Amoonguss|61/100|[from] item: Sitrus Berry
|
|-fieldend|move: Psychic Terrain
|upkeep
|
|t:|1756168594
|switch|p2b: Armarouge|Armarouge, L50, M, shiny|100/100
|turn|6
|
|t:|1756168610
|move|p2b: Armarouge|Protect|p2b: Armarouge
|-singleturn|p2b: Armarouge|Protect
|move|p1b: Primarina|Protect|p1b: Primarina
|-singleturn|p1b: Primarina|Protect
|move|p2a: Sylveon|Hyper Voice|p1b: Primarina|[spread] p1a
|-activate|p1b: Primarina|move: Protect
|-damage|p1a: Amoonguss|26/100
|move|p1a: Amoonguss|Spore|p2b: Armarouge
|-activate|p2b: Armarouge|move: Protect
|
|upkeep
|turn|7
|inactive|redrog1 has 30 seconds left.
|
|t:|1756168641
|switch|p2a: Indeedee|Indeedee-F, L50, F, shiny|100/100
|-fieldstart|move: Psychic Terrain|[from] ability: Psychic Surge|[of] p2a: Indeedee
|switch|p1a: Sneasler|Sneasler, L50, M|13/100
|move|p1b: Primarina|Protect||[still]
|-fail|p1b: Primarina
|move|p2b: Armarouge|Expanding Force|p1a: Sneasler|[spread] p1a,p1b
|-supereffective|p1a: Sneasler
|-damage|p1a: Sneasler|0 fnt
|-damage|p1b: Primarina|0 fnt
|faint|p1a: Sneasler
|faint|p1b: Primarina
|-damage|p2b: Armarouge|91/100|[from] item: Life Orb
|
|upkeep
|-message|redrog1 forfeited.
|
|win|godbroj
|l|☆redrog1
|player|p1|
|raw|redrog1's rating: 1039 → 1023(-16 for losing)
|raw|godbroj's rating: 1039 → 1073(+34 for winning)
|j|☆redrog1
|player|p1|redrog1|dancer|
