|j|☆Bruthathechosen
|j|☆Chavo666
|html|BruthathechosenChavo666    
|uhtml|bestof|Game 2 of a best-of-3
|t:|1756995376
|gametype|doubles
|player|p1|Bruthathechosen|lady-gen4|1118
|player|p2|Chavo666|policeman-gen4|1073
|gen|9
|tier|[Gen 9] VGC 2025 Reg H (Bo3)
|rated|
|rule|Species Clause: Limit one of each Pokémon
|rule|Item Clause: Limit 1 of each item
|clearpoke
|poke|p1|Kingambit, L50, M|
|poke|p1|Rillaboom, L50, M|
|poke|p1|Hydreigon, L50, F|
|poke|p1|Sneasler, L50, F|
|poke|p1|Electabuzz, L50, F|
|poke|p1|Volcarona, L50, F|
|poke|p2|Reuniclus, L50, F|
|poke|p2|Indeedee-F, L50, F|
|poke|p2|Torkoal, L50, F|
|poke|p2|Gastrodon, L50, M|
|poke|p2|Venusaur, L50, M|
|poke|p2|Incineroar, L50, F|
|teampreview|4
|showteam|p1|Kingambit||BlackGlasses|Defiant|SuckerPunch,KowtowCleave,SwordsDance,Protect|||M|||50|,,,,,Dark]Rillaboom||AssaultVest|GrassySurge|FakeOut,GrassyGlide,HighHorsepower,Uturn|||M|||50|,,,,,Water]Hydreigon||ChoiceSpecs|Levitate|DarkPulse,DracoMeteor,Snarl,Uturn|||F|||50|,,,,,Ghost]Sneasler||GrassySeed|Unburden|FakeOut,CloseCombat,DireClaw,Protect|||F|||50|,,,,,Fighting]Electabuzz||Eviolite|VitalSpirit|Taunt,Thunderbolt,FollowMe,Protect|||F|||50|,,,,,Dragon]Volcarona||CovertCloak|FlameBody|QuiverDance,HeatWave,TeraBlast,Protect|||F|||50|,,,,,Fairy
|showteam|p2|Reuniclus||LifeOrb|Regenerator|ExpandingForce,Encore,TrickRoom,TeraBlast|||F|||50|,,,,,Fairy]Indeedee-F||PsychicSeed|PsychicSurge|DazzlingGleam,FollowMe,HelpingHand,TrickRoom|||F|||50|,,,,,Fairy]Torkoal||ChoiceSpecs|Drought|HeatWave,Eruption,EarthPower,SolarBeam|||F|||50|,,,,,Fire]Gastrodon||Leftovers|StormDrain|EarthPower,IceBeam,Recover,Yawn|||M|||50|,,,,,Fire]Venusaur||SitrusBerry|Chlorophyll|SleepPowder,SludgeBomb,GigaDrain,Protect|||M|||50|,,,,,Fire]Incineroar||SafetyGoggles|Intimidate|FakeOut,PartingShot,FlareBlitz,KnockOff|||F|||50|,,,,,Fire
|
|t:|1756995394
|teamsize|p1|4
|teamsize|p2|4
|start
|switch|p1a: Electabuzz|Electabuzz, L50, F|100/100
|switch|p1b: Kingambit|Kingambit, L50, M|100/100
|switch|p2a: Torkoal|Torkoal, L50, F|100/100
|switch|p2b: Venusaur|Venusaur, L50, M, shiny|100/100
|-weather|SunnyDay|[from] ability: Drought|[of] p2a: Torkoal
|turn|1
|
|t:|1756995410
|-terastallize|p1b: Kingambit|Dark
|-terastallize|p2a: Torkoal|Fire
|move|p1b: Kingambit|Sucker Punch|p2a: Torkoal
|-damage|p2a: Torkoal|33/100
|move|p2b: Venusaur|Sludge Bomb|p1a: Electabuzz
|-crit|p1a: Electabuzz
|-damage|p1a: Electabuzz|65/100
|-status|p1a: Electabuzz|psn
|move|p1a: Electabuzz|Taunt|p2b: Venusaur
|-start|p2b: Venusaur|move: Taunt
|move|p2a: Torkoal|Heat Wave|p1b: Kingambit|[spread] p1a,p1b
|-damage|p1a: Electabuzz|0 fnt
|-damage|p1b: Kingambit|18/100
|faint|p1a: Electabuzz
|
|-weather|SunnyDay|[upkeep]
|upkeep
|
|t:|1756995428
|switch|p1a: Hydreigon|Hydreigon, L50, F|100/100
|turn|2
|
|t:|1756995440
|move|p1b: Kingambit|Sucker Punch|p2b: Venusaur
|-damage|p2b: Venusaur|30/100
|-enditem|p2b: Venusaur|Sitrus Berry|[eat]
|-heal|p2b: Venusaur|54/100|[from] item: Sitrus Berry
|move|p2b: Venusaur|Sludge Bomb|p1b: Kingambit
|-damage|p1b: Kingambit|0 fnt
|faint|p1b: Kingambit
|move|p1a: Hydreigon|Snarl|p2a: Torkoal|[spread] p2a,p2b
|-damage|p2a: Torkoal|0 fnt
|-damage|p2b: Venusaur|15/100
|-unboost|p2b: Venusaur|spa|1
|faint|p2a: Torkoal
|
|-weather|SunnyDay|[upkeep]
|upkeep
|
|t:|1756995453
|switch|p1b: Rillaboom|Rillaboom, L50, M|100/100
|switch|p2a: Indeedee|Indeedee-F, L50, F|100/100
|-fieldstart|move: Grassy Terrain|[from] ability: Grassy Surge|[of] p1b: Rillaboom
|-fieldstart|move: Psychic Terrain|[from] ability: Psychic Surge|[of] p2a: Indeedee
|-enditem|p2a: Indeedee|Psychic Seed
|-boost|p2a: Indeedee|spd|1|[from] item: Psychic Seed
|turn|3
|
|t:|1756995479
|move|p2b: Venusaur|Sludge Bomb|p1b: Rillaboom
|-supereffective|p1b: Rillaboom
|-damage|p1b: Rillaboom|69/100
|move|p1a: Hydreigon|Snarl|p2b: Venusaur|[spread] p2a,p2b
|-supereffective|p2a: Indeedee
|-damage|p2a: Indeedee|58/100
|-damage|p2b: Venusaur|0 fnt
|-unboost|p2a: Indeedee|spa|1
|faint|p2b: Venusaur
|move|p1b: Rillaboom|U-turn|p2a: Indeedee
|-supereffective|p2a: Indeedee
|-damage|p2a: Indeedee|3/100
|move|p2a: Indeedee|Trick Room|p2a: Indeedee
|-fieldstart|move: Trick Room|[of] p2a: Indeedee
|
|-weather|SunnyDay|[upkeep]
|upkeep
|
|t:|1756995491
|switch|p2b: Reuniclus|Reuniclus, L50, F|100/100
|turn|4
|
|t:|1756995501
|move|p2a: Indeedee|Helping Hand|p2b: Reuniclus
|-singleturn|p2b: Reuniclus|Helping Hand|[of] p2a: Indeedee
|move|p2b: Reuniclus|Tera Blast|p1a: Hydreigon
|-damage|p1a: Hydreigon|41/100
|-damage|p2b: Reuniclus|91/100|[from] item: Life Orb
|move|p1b: Rillaboom|U-turn|p2a: Indeedee
|-supereffective|p2a: Indeedee
|-damage|p2a: Indeedee|0 fnt
|faint|p2a: Indeedee
|move|p1a: Hydreigon|Snarl|p2b: Reuniclus
|-supereffective|p2b: Reuniclus
|-damage|p2b: Reuniclus|25/100
|-unboost|p2b: Reuniclus|spa|1
|
|-weather|SunnyDay|[upkeep]
|upkeep
|turn|5
|
|t:|1756995515
|move|p2b: Reuniclus|Tera Blast|p1a: Hydreigon
|-damage|p1a: Hydreigon|15/100
|-damage|p2b: Reuniclus|15/100|[from] item: Life Orb
|move|p1b: Rillaboom|U-turn|p2b: Reuniclus
|-supereffective|p2b: Reuniclus
|-damage|p2b: Reuniclus|0 fnt
|faint|p2b: Reuniclus
|
|win|Bruthathechosen
|raw|Bruthathechosen's rating: 1118 → 1140(+22 for winning)
|raw|Chavo666's rating: 1073 → 1055(-18 for losing)
|l|☆Chavo666
|player|p2|
