|j|☆ShadowOfAMan
|j|☆go to vr
|html|ShadowOfAMango to vr    
|uhtml|bestof|Game 1 of a best-of-3
|t:|1756596302
|gametype|doubles
|player|p1|ShadowOfAMan|elio-usum|
|player|p2|go to vr|colress|
|gen|9
|tier|[Gen 9] VGC 2025 Reg H (Bo3)
|rule|Species Clause: Limit one of each Pokémon
|rule|Item Clause: Limit 1 of each item
|clearpoke
|poke|p1|Politoed, L50, M|
|poke|p1|Gothitelle, L50, M|
|poke|p1|Archaludon, L50, M|
|poke|p1|Incineroar, L50, F|
|poke|p1|Amoonguss, L50, F|
|poke|p1|Kingdra, L50, F|
|poke|p2|Kilowattrel, L50, F|
|poke|p2|Gholdengo, L50|
|poke|p2|Ursaluna, L50, F|
|poke|p2|Incineroar, L50, F|
|poke|p2|Dragonite, L50, M|
|poke|p2|Ninetales-Alola, L50, M|
|teampreview|4
|showteam|p1|Politoed||Leftovers|Drizzle|WeatherBall,Encore,PerishSong,Protect|||M|||50|,,,,,Grass]Gothitelle||SitrusBerry|ShadowTag|FakeOut,Psychic,TrickRoom,Protect|||M|||50|,,,,,Dark]Archaludon||PowerHerb|Sturdy|ElectroShot,DragonPulse,FlashCannon,Protect|||M|||50|,,,,,Electric]Incineroar||SafetyGoggles|Intimidate|FakeOut,PartingShot,KnockOff,Protect|||F|||50|,,,,,Ghost]Amoonguss||EjectButton|Regenerator|PollenPuff,Spore,RagePowder,Protect|||F|||50|,,,,,Fairy]Kingdra||LifeOrb|SwiftSwim|MuddyWater,WeatherBall,DracoMeteor,Protect|||F|||50|,,,,,Stellar
|showteam|p2|Kilowattrel||FocusSash|Competitive|Tailwind,Protect,Thunderbolt,AirSlash|||F|||50|,,,,,Ghost]Gholdengo||LifeOrb|GoodasGold|NastyPlot,Protect,ShadowBall,MakeItRain||||||50|,,,,,Dragon]Ursaluna||FlameOrb|Guts|Earthquake,Protect,Facade,HeadlongRush|||F|||50|,,,,,Fairy]Incineroar||RockyHelmet|Intimidate|PartingShot,FlareBlitz,KnockOff,FakeOut|||F|||50|,,,,,Bug]Dragonite||LoadedDice|Multiscale|ScaleShot,Tailwind,Haze,Protect|||M|||50|,,,,,Fairy]Ninetales-Alola||NeverMeltIce|SnowWarning|Encore,Blizzard,FreezeDry,Protect|||M|||50|,,,,,Ghost
|inactive|Battle timer is ON: inactive players will automatically lose when time's up. (requested by go to vr)
|inactive|ShadowOfAMan has 60 seconds left.
|inactive|go to vr has 60 seconds left.
|inactive|ShadowOfAMan has 30 seconds left.
|inactive|go to vr has 30 seconds left.
|inactive|ShadowOfAMan has 20 seconds left.
|inactive|ShadowOfAMan has 15 seconds left.
|inactive|ShadowOfAMan has 10 seconds left.
|
|t:|1756596388
|teamsize|p1|4
|teamsize|p2|4
|start
|switch|p1a: Incineroar|Incineroar, L50, F|100/100
|switch|p1b: Gothitelle|Gothitelle, L50, M|100/100
|switch|p2a: Dragonite|Dragonite, L50, M, shiny|100/100
|switch|p2b: Incineroar|Incineroar, L50, F, shiny|100/100
|-ability|p2b: Incineroar|Intimidate|boost
|-unboost|p1a: Incineroar|atk|1
|-unboost|p1b: Gothitelle|atk|1
|-ability|p1a: Incineroar|Intimidate|boost
|-unboost|p2a: Dragonite|atk|1
|-unboost|p2b: Incineroar|atk|1
|turn|1
|inactive|ShadowOfAMan has 30 seconds left.
|inactive|ShadowOfAMan has 20 seconds left.
|inactive|ShadowOfAMan has 15 seconds left.
|
|t:|1756596432
|move|p2a: Dragonite|Protect|p2a: Dragonite
|-singleturn|p2a: Dragonite|Protect
|move|p1b: Gothitelle|Protect|p1b: Gothitelle
|-singleturn|p1b: Gothitelle|Protect
|move|p1a: Incineroar|Protect|p1a: Incineroar
|-singleturn|p1a: Incineroar|Protect
|move|p2b: Incineroar|Fake Out|p1b: Gothitelle
|-activate|p1b: Gothitelle|move: Protect
|
|upkeep
|turn|2
|inactive|ShadowOfAMan has 30 seconds left.
|
|t:|1756596461
|switch|p1b: Politoed|Politoed, L50, M|100/100
|-weather|RainDance|[from] ability: Drizzle|[of] p1b: Politoed
|move|p2a: Dragonite|Haze|p2a: Dragonite
|-clearallboost
|move|p2b: Incineroar|Knock Off|p1b: Politoed
|-damage|p1b: Politoed|56/100
|-enditem|p1b: Politoed|Leftovers|[from] move: Knock Off|[of] p2b: Incineroar
|move|p1a: Incineroar|Parting Shot|p2a: Dragonite
|-unboost|p2a: Dragonite|atk|1
|-unboost|p2a: Dragonite|spa|1
|
|t:|1756596475
|switch|p1a: Gothitelle|Gothitelle, L50, M|100/100|[from] Parting Shot
|
|-weather|RainDance|[upkeep]
|upkeep
|turn|3
|inactive|ShadowOfAMan has 30 seconds left.
|inactive|ShadowOfAMan has 20 seconds left.
|inactive|go to vr has 30 seconds left.
|inactive|ShadowOfAMan has 15 seconds left.
|
|t:|1756596518
|move|p1a: Gothitelle|Fake Out|p2b: Incineroar
|-damage|p2b: Incineroar|95/100
|-damage|p1a: Gothitelle|84/100|[from] item: Rocky Helmet|[of] p2b: Incineroar
|move|p2a: Dragonite|Scale Shot|p1b: Politoed
|-damage|p1b: Politoed|47/100
|-damage|p1b: Politoed|36/100
|-damage|p1b: Politoed|25/100
|-damage|p1b: Politoed|16/100
|-hitcount|p1b: Politoed|4
|-unboost|p2a: Dragonite|def|1
|-boost|p2a: Dragonite|spe|1
|move|p1b: Politoed|Perish Song|p1b: Politoed
|-start|p1a: Gothitelle|perish3|[silent]
|-start|p1b: Politoed|perish3|[silent]
|-start|p2a: Dragonite|perish3|[silent]
|-start|p2b: Incineroar|perish3|[silent]
|-fieldactivate|move: Perish Song
|cant|p2b: Incineroar|flinch
|
|-weather|RainDance|[upkeep]
|-start|p2a: Dragonite|perish3
|-start|p1b: Politoed|perish3
|-start|p2b: Incineroar|perish3
|-start|p1a: Gothitelle|perish3
|upkeep
|turn|4
|inactive|ShadowOfAMan has 30 seconds left.
|inactive|go to vr has 30 seconds left.
|inactive|go to vr has 20 seconds left.
|
|t:|1756596556
|switch|p1b: Incineroar|Incineroar, L50, F|100/100
|-ability|p1b: Incineroar|Intimidate|boost
|-unboost|p2a: Dragonite|atk|1
|-unboost|p2b: Incineroar|atk|1
|move|p1a: Gothitelle|Protect|p1a: Gothitelle
|-singleturn|p1a: Gothitelle|Protect
|move|p2a: Dragonite|Haze|p2a: Dragonite
|-clearallboost
|move|p2b: Incineroar|Parting Shot|p2a: Dragonite
|-unboost|p2a: Dragonite|atk|1
|-unboost|p2a: Dragonite|spa|1
|
|t:|1756596568
|switch|p2b: Ninetales|Ninetales-Alola, L50, M|100/100|[from] Parting Shot
|-weather|Snowscape|[from] ability: Snow Warning|[of] p2b: Ninetales
|
|-weather|Snowscape|[upkeep]
|-start|p2a: Dragonite|perish2
|-start|p1a: Gothitelle|perish2
|upkeep
|turn|5
|inactive|ShadowOfAMan has 30 seconds left.
|inactive|go to vr has 30 seconds left.
|inactive|ShadowOfAMan has 20 seconds left.
|inactive|go to vr has 20 seconds left.
|
|t:|1756596606
|switch|p1a: Politoed|Politoed, L50, M|16/100
|-weather|RainDance|[from] ability: Drizzle|[of] p1a: Politoed
|move|p2b: Ninetales|Encore||[still]
|-fail|p2b: Ninetales
|move|p2a: Dragonite|Scale Shot|p1a: Politoed|[miss]
|-miss|p2a: Dragonite|p1a: Politoed
|move|p1b: Incineroar|Parting Shot|p2a: Dragonite
|-unboost|p2a: Dragonite|atk|1
|-unboost|p2a: Dragonite|spa|1
|
|t:|1756596617
|switch|p1b: Gothitelle|Gothitelle, L50, M|84/100|[from] Parting Shot
|
|-weather|RainDance|[upkeep]
|-start|p2a: Dragonite|perish1
|upkeep
|turn|6
|inactive|ShadowOfAMan has 30 seconds left.
|inactive|go to vr has 30 seconds left.
|inactive|ShadowOfAMan has 20 seconds left.
|inactive|ShadowOfAMan has 15 seconds left.
|inactive|ShadowOfAMan has 10 seconds left.
|
|t:|1756596663
|move|p1a: Politoed|Protect|p1a: Politoed
|-singleturn|p1a: Politoed|Protect
|move|p2b: Ninetales|Blizzard|p1b: Gothitelle|[spread] p1b
|-activate|p1a: Politoed|move: Protect
|-damage|p1b: Gothitelle|57/100
|-status|p1b: Gothitelle|frz
|move|p2a: Dragonite|Tailwind|p2a: Dragonite
|-sidestart|p2: go to vr|move: Tailwind
|cant|p1b: Gothitelle|frz
|
|-weather|RainDance|[upkeep]
|-start|p2a: Dragonite|perish0
|faint|p2a: Dragonite
|upkeep
|
|t:|1756596679
|switch|p2a: Gholdengo|Gholdengo, L50|100/100
|turn|7
|inactive|ShadowOfAMan has 30 seconds left.
|inactive|go to vr has 30 seconds left.
|inactive|ShadowOfAMan has 20 seconds left.
|
|t:|1756596718
|switch|p1a: Incineroar|Incineroar, L50, F|100/100
|-ability|p1a: Incineroar|Intimidate|boost
|-unboost|p2a: Gholdengo|atk|1
|-unboost|p2b: Ninetales|atk|1
|-terastallize|p1b: Gothitelle|Dark
|move|p2b: Ninetales|Blizzard|p1a: Incineroar|[spread] p1b
|-miss|p2b: Ninetales|p1a: Incineroar
|-damage|p1b: Gothitelle|28/100 frz
|-enditem|p1b: Gothitelle|Sitrus Berry|[eat]
|-heal|p1b: Gothitelle|52/100 frz|[from] item: Sitrus Berry
|move|p2a: Gholdengo|Nasty Plot|p2a: Gholdengo
|-boost|p2a: Gholdengo|spa|2
|-curestatus|p1b: Gothitelle|frz|[msg]
|move|p1b: Gothitelle|Trick Room|p1b: Gothitelle
|-fieldstart|move: Trick Room|[of] p1b: Gothitelle
|
|-weather|RainDance|[upkeep]
|upkeep
|turn|8
|inactive|ShadowOfAMan has 30 seconds left.
|inactive|go to vr has 30 seconds left.
|inactive|ShadowOfAMan has 20 seconds left.
|inactive|go to vr has 20 seconds left.
|inactive|ShadowOfAMan has 15 seconds left.
|inactive|ShadowOfAMan has 10 seconds left.
|inactive|ShadowOfAMan has 5 seconds left.
|
|t:|1756596772
|move|p2a: Gholdengo|Protect|p2a: Gholdengo
|-singleturn|p2a: Gholdengo|Protect
|move|p1a: Incineroar|Parting Shot|p2b: Ninetales
|-unboost|p2b: Ninetales|atk|1
|-unboost|p2b: Ninetales|spa|1
|
|t:|1756596779
|switch|p1a: Archaludon|Archaludon, L50, M|100/100|[from] Parting Shot
|move|p1b: Gothitelle|Psychic|p2b: Ninetales
|-damage|p2b: Ninetales|68/100
|move|p2b: Ninetales|Freeze-Dry|p1b: Gothitelle
|-damage|p1b: Gothitelle|35/100
|
|-weather|RainDance|[upkeep]
|upkeep
|turn|9
|inactive|ShadowOfAMan has 30 seconds left.
|inactive|go to vr has 30 seconds left.
|inactive|go to vr has 20 seconds left.
|inactive|go to vr has 15 seconds left.
|inactive|go to vr has 10 seconds left.
|
|t:|1756596827
|switch|p1b: Incineroar|Incineroar, L50, F|100/100
|-ability|p1b: Incineroar|Intimidate|boost
|-unboost|p2a: Gholdengo|atk|1
|-unboost|p2b: Ninetales|atk|1
|-terastallize|p2a: Gholdengo|Dragon
|move|p2b: Ninetales|Protect|p2b: Ninetales
|-singleturn|p2b: Ninetales|Protect
|move|p1a: Archaludon|Electro Shot||[still]
|-prepare|p1a: Archaludon|Electro Shot
|-boost|p1a: Archaludon|spa|1
|-anim|p1a: Archaludon|Electro Shot|p2a: Gholdengo
|-resisted|p2a: Gholdengo
|-damage|p2a: Gholdengo|66/100
|move|p2a: Gholdengo|Make It Rain|p1a: Archaludon|[spread] p1a,p1b
|-resisted|p1a: Archaludon
|-resisted|p1b: Incineroar
|-ability|p1a: Archaludon|Sturdy
|-damage|p1a: Archaludon|1/100
|-damage|p1b: Incineroar|55/100
|-unboost|p2a: Gholdengo|spa|1
|-damage|p2a: Gholdengo|56/100|[from] item: Life Orb
|
|-weather|none
|-sideend|p2: go to vr|move: Tailwind
|upkeep
|turn|10
|inactive|ShadowOfAMan has 30 seconds left.
|inactive|go to vr has 30 seconds left.
|inactive|ShadowOfAMan has 20 seconds left.
|inactive|ShadowOfAMan has 15 seconds left.
|
|t:|1756596869
|switch|p2a: Incineroar|Incineroar, L50, F, shiny|95/100
|-ability|p2a: Incineroar|Intimidate|boost
|-unboost|p1a: Archaludon|atk|1
|-unboost|p1b: Incineroar|atk|1
|move|p1a: Archaludon|Protect|p1a: Archaludon
|-singleturn|p1a: Archaludon|Protect
|move|p1b: Incineroar|Knock Off|p2a: Incineroar
|-resisted|p2a: Incineroar
|-damage|p2a: Incineroar|85/100
|-damage|p1b: Incineroar|39/100|[from] item: Rocky Helmet|[of] p2a: Incineroar
|-enditem|p2a: Incineroar|Rocky Helmet|[from] move: Knock Off|[of] p1b: Incineroar
|move|p2b: Ninetales|Blizzard|p1a: Archaludon|[spread] 
|-activate|p1a: Archaludon|move: Protect
|-miss|p2b: Ninetales|p1b: Incineroar
|
|upkeep
|turn|11
|inactive|ShadowOfAMan has 30 seconds left this turn.
|inactive|ShadowOfAMan has 20 seconds left.
|inactive|ShadowOfAMan has 15 seconds left.
|inactive|ShadowOfAMan has 10 seconds left.
|inactive|go to vr has 30 seconds left.
|
|t:|1756596902
|switch|p1a: Gothitelle|Gothitelle, L50, M, tera:Dark|35/100
|switch|p2b: Gholdengo|Gholdengo, L50, tera:Dragon|56/100
|move|p2a: Incineroar|Fake Out|p1a: Gothitelle
|-damage|p1a: Gothitelle|23/100
|move|p1b: Incineroar|Parting Shot|p2b: Gholdengo
|-immune|p2b: Gholdengo|[from] ability: Good as Gold
|
|-fieldend|move: Trick Room
|upkeep
|turn|12
|inactive|ShadowOfAMan has 10 seconds left this turn.
|inactive|ShadowOfAMan has 5 seconds left.
|-message|ShadowOfAMan lost due to inactivity.
|
|win|go to vr
||go to vr is ready for game 2.
||ShadowOfAMan is ready for game 2.
|uhtml|next|Next: Game 2 of 3
|l|☆ShadowOfAMan
|player|p1|
