|j|☆NuclearNutz321
|j|☆negaifreak
|html|NuclearNutz321negaifreak    
|uhtml|bestof|Game 1 of a best-of-3
|t:|1756581573
|gametype|doubles
|player|p1|NuclearNutz321|veteranf|
|player|p2|negaifreak|nate|
|gen|9
|tier|[Gen 9] VGC 2025 Reg H (Bo3)
|rule|Species Clause: Limit one of each Pokémon
|rule|Item Clause: Limit 1 of each item
|clearpoke
|poke|p1|Chandelure, L50, F|
|poke|p1|Conkeldurr, L50, M|
|poke|p1|Hydreigon, L50, M|
|poke|p1|Corviknight, L50, F|
|poke|p1|Rillaboom, L50, M|
|poke|p1|Clefable, L50, F|
|poke|p2|Indeedee, L50, M|
|poke|p2|Sneasler, L50, F|
|poke|p2|Excadrill, L50, F|
|poke|p2|Magmar, L50, M|
|poke|p2|Corviknight, L50, F|
|poke|p2|Tyranitar, L50, F|
|teampreview|4
|showteam|p1|Chandelure||FocusSash|FlashFire|HeatWave,ShadowBall,TrickRoom,Protect|||F|||50|,,,,,Grass]Conkeldurr||FlameOrb|Guts|CloseCombat,Protect,MachPunch,KnockOff|||M|||50|,,,,,Steel]Hydreigon||SafetyGoggles|Levitate|Tailwind,DracoMeteor,DarkPulse,Protect|||M|||50|,,,,,Poison]Corviknight||Leftovers|MirrorArmor|BulkUp,BraveBird,BodyPress,Roost|||F|||50|,,,,,Dragon]Rillaboom||AssaultVest|GrassySurge|WoodHammer,FakeOut,HighHorsepower,GrassyGlide|||M|||50|,,,,,Ground]Clefable||SitrusBerry|Unaware|Moonblast,FollowMe,LifeDew,Protect|||F|||50|,,,,,Poison
|showteam|p2|Indeedee||ChoiceScarf|PsychicSurge|ExpandingForce,TeraBlast,Trick,Protect|||M|||50|,,,,,Psychic]Sneasler||WhiteHerb|Unburden|FakeOut,CloseCombat,DireClaw,Coaching|||F|||50|,,,,,Flying]Excadrill||FocusSash|SandRush|Earthquake,IronHead,SwordsDance,Protect|||F|||50|,,,,,Ground]Magmar||Eviolite|VitalSpirit|HeatWave,FollowMe,HelpingHand,Protect|||M|||50|,,,,,Flying]Corviknight||PsychicSeed|MirrorArmor|BraveBird,PowerTrip,BulkUp,Roost|||F|||50|,,,,,Water]Tyranitar||AssaultVest|SandStream|RockSlide,KnockOff,LowKick,TeraBlast|||F|||50|,,,,,Flying
|inactive|Battle timer is ON: inactive players will automatically lose when time's up. (requested by NuclearNutz321)
|inactive|negaifreak has 60 seconds left.
|
|t:|1756581651
|teamsize|p1|4
|teamsize|p2|4
|start
|switch|p1a: Roaring Knight|Corviknight, L50, F, shiny|100/100
|switch|p1b: Clefable|Clefable, L50, F|100/100
|switch|p2a: Sneasler|Sneasler, L50, F|100/100
|switch|p2b: Corviknight|Corviknight, L50, F|100/100
|turn|1
|inactive|negaifreak has 30 seconds left.
|
|t:|1756581684
|move|p2a: Sneasler|Fake Out|p1a: Roaring Knight
|-resisted|p1a: Roaring Knight
|-damage|p1a: Roaring Knight|95/100
|cant|p1a: Roaring Knight|flinch
|move|p2b: Corviknight|Bulk Up|p2b: Corviknight
|-boost|p2b: Corviknight|atk|1
|-boost|p2b: Corviknight|def|1
|move|p1b: Clefable|Moonblast|p2a: Sneasler
|-damage|p2a: Sneasler|57/100
|-unboost|p2a: Sneasler|spa|1
|-enditem|p2a: Sneasler|White Herb
|-clearnegativeboost|p2a: Sneasler|[silent]
|
|-heal|p1a: Roaring Knight|100/100|[from] item: Leftovers
|upkeep
|turn|2
|inactive|negaifreak has 30 seconds left.
|inactive|negaifreak has 20 seconds left.
|inactive|negaifreak has 15 seconds left.
|inactive|negaifreak has 10 seconds left.
|inactive|negaifreak has 5 seconds left.
|
|t:|1756581735
|move|p2a: Sneasler|Coaching|p2b: Corviknight
|-boost|p2b: Corviknight|atk|1
|-boost|p2b: Corviknight|def|1
|move|p2b: Corviknight|Brave Bird|p1b: Clefable
|-damage|p1b: Clefable|71/100
|-damage|p2b: Corviknight|91/100|[from] Recoil
|move|p1a: Roaring Knight|Bulk Up|p1a: Roaring Knight
|-boost|p1a: Roaring Knight|atk|1
|-boost|p1a: Roaring Knight|def|1
|move|p1b: Clefable|Moonblast|p2a: Sneasler
|-damage|p2a: Sneasler|17/100
|-unboost|p2a: Sneasler|spa|1
|
|upkeep
|turn|3
|
|t:|1756581756
|move|p1b: Clefable|Protect|p1b: Clefable
|-singleturn|p1b: Clefable|Protect
|move|p2a: Sneasler|Dire Claw|p1b: Clefable
|-activate|p1b: Clefable|move: Protect
|move|p1a: Roaring Knight|Body Press|p2a: Sneasler
|-resisted|p2a: Sneasler
|-damage|p2a: Sneasler|0 fnt
|faint|p2a: Sneasler
|move|p2b: Corviknight|Power Trip|p1a: Roaring Knight
|-damage|p1a: Roaring Knight|80/100
|
|-heal|p1a: Roaring Knight|85/100|[from] item: Leftovers
|upkeep
|
|t:|1756581770
|switch|p2a: Indeedee|Indeedee, L50, M|100/100
|-fieldstart|move: Psychic Terrain|[from] ability: Psychic Surge|[of] p2a: Indeedee
|-enditem|p2b: Corviknight|Psychic Seed
|-boost|p2b: Corviknight|spd|1|[from] item: Psychic Seed
|turn|4
|
|t:|1756581786
|-terastallize|p2a: Indeedee|Psychic
|move|p1b: Clefable|Follow Me|p1b: Clefable
|-singleturn|p1b: Clefable|move: Follow Me
|move|p2a: Indeedee|Expanding Force|p1a: Roaring Knight|[spread] p1a,p1b
|-resisted|p1a: Roaring Knight
|-crit|p1b: Clefable
|-damage|p1a: Roaring Knight|53/100
|-damage|p1b: Clefable|0 fnt
|faint|p1b: Clefable
|move|p1a: Roaring Knight|Brave Bird|p2a: Indeedee
|-damage|p2a: Indeedee|0 fnt
|faint|p2a: Indeedee
|-damage|p1a: Roaring Knight|31/100|[from] Recoil
|move|p2b: Corviknight|Bulk Up|p2b: Corviknight
|-boost|p2b: Corviknight|atk|1
|-boost|p2b: Corviknight|def|1
|
|-heal|p1a: Roaring Knight|37/100|[from] item: Leftovers
|upkeep
|
|t:|1756581801
|switch|p2a: Tyranitar|Tyranitar, L50, F|100/100
|switch|p1b: Rillaboom|Rillaboom, L50, M|100/100
|-fieldstart|move: Grassy Terrain|[from] ability: Grassy Surge|[of] p1b: Rillaboom
|-weather|Sandstorm|[from] ability: Sand Stream|[of] p2a: Tyranitar
|turn|5
|
|t:|1756581819
|-terastallize|p1a: Roaring Knight|Dragon
|move|p1b: Rillaboom|Fake Out|p2a: Tyranitar
|-resisted|p2a: Tyranitar
|-crit|p2a: Tyranitar
|-damage|p2a: Tyranitar|92/100
|cant|p2a: Tyranitar|flinch
|move|p1a: Roaring Knight|Body Press|p2a: Tyranitar
|-supereffective|p2a: Tyranitar
|-damage|p2a: Tyranitar|0 fnt
|faint|p2a: Tyranitar
|move|p2b: Corviknight|Power Trip|p1a: Roaring Knight
|-damage|p1a: Roaring Knight|0 fnt
|faint|p1a: Roaring Knight
|
|-weather|Sandstorm|[upkeep]
|-damage|p1b: Rillaboom|94/100|[from] Sandstorm
|-heal|p1b: Rillaboom|100/100|[from] Grassy Terrain
|upkeep
|
|t:|1756581830
|switch|p1a: Gary|Conkeldurr, L50, M|100/100
|turn|6
|
|t:|1756581855
|move|p1b: Rillaboom|Wood Hammer|p2b: Corviknight
|-resisted|p2b: Corviknight
|-damage|p2b: Corviknight|84/100
|-damage|p1b: Rillaboom|98/100|[from] Recoil
|move|p2b: Corviknight|Brave Bird|p1b: Rillaboom
|-supereffective|p1b: Rillaboom
|-damage|p1b: Rillaboom|0 fnt
|faint|p1b: Rillaboom
|-damage|p2b: Corviknight|54/100|[from] Recoil
|move|p1a: Gary|Close Combat|p2b: Corviknight
|-damage|p2b: Corviknight|31/100
|-unboost|p1a: Gary|def|1
|-unboost|p1a: Gary|spd|1
|
|-weather|Sandstorm|[upkeep]
|-damage|p1a: Gary|94/100|[from] Sandstorm
|-heal|p1a: Gary|100/100|[from] Grassy Terrain
|-status|p1a: Gary|brn|[from] item: Flame Orb
|upkeep
|turn|7
|
|t:|1756581873
|move|p1a: Gary|Protect|p1a: Gary
|-singleturn|p1a: Gary|Protect
|move|p2b: Corviknight|Brave Bird|p1a: Gary
|-activate|p1a: Gary|move: Protect
|
|-weather|Sandstorm|[upkeep]
|-damage|p1a: Gary|94/100 brn|[from] Sandstorm
|-heal|p1a: Gary|100/100 brn|[from] Grassy Terrain
|-damage|p1a: Gary|94/100 brn|[from] brn
|upkeep
|turn|8
|
|t:|1756581883
|move|p1a: Gary|Mach Punch|p2b: Corviknight
|-damage|p2b: Corviknight|20/100
|move|p2b: Corviknight|Brave Bird|p1a: Gary
|-supereffective|p1a: Gary
|-damage|p1a: Gary|0 fnt
|faint|p1a: Gary
|-damage|p2b: Corviknight|0 fnt|[from] Recoil
|faint|p2b: Corviknight
|
|win|negaifreak
||NuclearNutz321 is ready for game 2.
|inactive|negaifreak has 30 seconds to confirm battle start!
|inactive|negaifreak has 20 seconds to confirm battle start!
