|j|☆lettitripppp
|j|☆tortlevgc
|html|lettitripppptortlevgc    
|uhtml|bestof|Game 1 of a best-of-3
|t:|1785272407
|gametype|doubles
|player|p1|lettitripppp|lucas|1170
|player|p2|tortlevgc|swimmerf|1159
|gen|9
|tier|[Gen 9 Champions] VGC 2026 Reg M-B (Bo3)
|rated|
|rule|Species Clause: Limit one of each Pokémon
|rule|Item Clause: Limit 1 of each item
|clearpoke
|poke|p1|Staraptor, L50, M|
|poke|p1|Tyranitar, L50, F|
|poke|p1|Excadrill, L50, M|
|poke|p1|Gholdengo, L50|
|poke|p1|Milotic, L50, M|
|poke|p1|Sinistcha, L50|
|poke|p2|Whimsicott, L50, F|
|poke|p2|Floette-Eternal, L50, F|
|poke|p2|Maushold-Four, L50|
|poke|p2|Volcarona, L50, M|
|poke|p2|Basculegion, L50, M|
|poke|p2|Garchomp, L50, F|
|teampreview|4
|showteam|p1|Staraptor||Staraptite|Intimidate|CloseCombat,BraveBird,Tailwind,Protect|Jolly||M|||50|]Tyranitar||Tyranitarite|SandStream|RockSlide,KnockOff,LowKick,Protect|Jolly||F|||50|]Excadrill||FocusSash|SandRush|HighHorsepower,RockSlide,IronHead,Protect|Adamant||M|||50|]Gholdengo||LifeOrb|GoodasGold|MakeItRain,ShadowBall,NastyPlot,Protect|Timid|||||50|]Milotic||Leftovers|Competitive|IcyWind,Scald,Haze,Protect|Calm||M|||50|]Sinistcha||ColburBerry|Hospitality|MatchaGotcha,RagePowder,TrickRoom,Protect|Bold|||||50|
|showteam|p2|Whimsicott||FocusSash|Prankster|Tailwind,FakeTears,Encore,Moonblast|Timid||F|||50|]Floette-Eternal||Floettite|FlowerVeil|DazzlingGleam,DrainingKiss,CalmMind,Protect|Modest||F|||50|]Maushold-Four||ChopleBerry|FriendGuard|SuperFang,Thief,FollowMe,Protect|Jolly|||||50|]Volcarona||SitrusBerry|FlameBody|FieryDance,GigaDrain,QuiverDance,RagePowder|Modest||M|||50|]Basculegion||ChoiceScarf|Adaptability|WaveCrash,LastRespects,FlipTurn,AquaJet|Jolly||M|||50|]Garchomp||LifeOrb|RoughSkin|RockSlide,DragonClaw,StompingTantrum,Protect|Jolly||F|||50|
|inactive|Battle timer is ON: inactive players will automatically lose when time's up. (requested by lettitripppp)
|inactive|tortlevgc also wants the timer to be on.
|inactive|lettitripppp has 60 seconds left.
|
|t:|1785272452
|teamsize|p1|4
|teamsize|p2|4
|start
|switch|p1a: NUMBER 1|Staraptor, L50, M|100/100
|switch|p1b: SATOROU|Gholdengo, L50|100/100
|switch|p2a: Floette|Floette-Eternal, L50, F|100/100
|switch|p2b: Maushold|Maushold-Four, L50|100/100
|-ability|p1a: NUMBER 1|Intimidate|boost
|-unboost|p2a: Floette|atk|1
|-unboost|p2b: Maushold|atk|1
|turn|1
|inactive|tortlevgc has 30 seconds left.
|
|t:|1785272483
|switch|p2a: Whimsicott|Whimsicott, L50, F|100/100
|detailschange|p1a: NUMBER 1|Staraptor-Mega, L50, M
|-mega|p1a: NUMBER 1|Staraptor|Staraptite
|move|p2b: Maushold|Super Fang|p1a: NUMBER 1
|-damage|p1a: NUMBER 1|50/100y
|move|p1a: NUMBER 1|Close Combat|p2b: Maushold
|-supereffective|p2b: Maushold|1
|-enditem|p2b: Maushold|Chople Berry|[eat]
|-enditem|p2b: Maushold|Chople Berry|[weaken]
|-damage|p2b: Maushold|33/100
|-boost|p1a: NUMBER 1|def|1
|-boost|p1a: NUMBER 1|spd|1
|move|p1b: SATOROU|Nasty Plot|p1b: SATOROU
|-boost|p1b: SATOROU|spa|2
|
|upkeep
|turn|2
|
|t:|1785272505
|move|p2a: Whimsicott|Moonblast|p1a: NUMBER 1
|-supereffective|p1a: NUMBER 1|1
|-damage|p1a: NUMBER 1|9/100
|-boost|p1a: NUMBER 1|spa|1
|move|p2b: Maushold|Thief|p1b: SATOROU
|-supereffective|p1b: SATOROU|1
|-crit|p1b: SATOROU
|-damage|p1b: SATOROU|64/100
|-enditem|p1b: SATOROU|Life Orb|[silent]|[from] move: Thief|[of] p2b: Maushold
|-item|p2b: Maushold|Life Orb|[from] move: Thief|[of] p1b: SATOROU
|-damage|p2b: Maushold|23/100|[from] item: Life Orb
|move|p1a: NUMBER 1|Tailwind|p1a: NUMBER 1
|-sidestart|p1: lettitripppp|move: Tailwind
|move|p1b: SATOROU|Make It Rain|p2a: Whimsicott|[spread] p2a,p2b
|-supereffective|p2a: Whimsicott|1
|-enditem|p2a: Whimsicott|Focus Sash
|-damage|p2a: Whimsicott|1/100
|-damage|p2b: Maushold|0 fnt
|-unboost|p1b: SATOROU|spa|2
|faint|p2b: Maushold
|
|upkeep
|
|t:|1785272523
|switch|p2b: Basculegion|Basculegion, L50, M|100/100
|turn|3
|
|t:|1785272533
|move|p2a: Whimsicott|Tailwind|p2a: Whimsicott
|-sidestart|p2: tortlevgc|move: Tailwind
|move|p2b: Basculegion|Last Respects|p1b: SATOROU
|-supereffective|p1b: SATOROU|1
|-damage|p1b: SATOROU|0 fnt
|faint|p1b: SATOROU
|move|p1a: NUMBER 1|Brave Bird|p2b: Basculegion
|-damage|p2b: Basculegion|32/100
|-damage|p1a: NUMBER 1|0 fnt|[from] Recoil
|faint|p1a: NUMBER 1
|
|upkeep
|
|t:|1785272538
|switch|p1a: TRANITAR|Tyranitar, L50, F|100/100
|switch|p1b: RUSH-DRILL|Excadrill, L50, M|100/100
|-weather|Sandstorm|[from] ability: Sand Stream|[of] p1a: TRANITAR
|turn|4
|
|t:|1785272555
|move|p1b: RUSH-DRILL|High Horsepower|p2b: Basculegion
|-damage|p2b: Basculegion|0 fnt
|faint|p2b: Basculegion
|move|p2a: Whimsicott|Moonblast|p1a: TRANITAR
|-supereffective|p1a: TRANITAR|1
|-damage|p1a: TRANITAR|60/100
|move|p1a: TRANITAR|Knock Off|p2a: Whimsicott
|-resisted|p2a: Whimsicott|1
|-damage|p2a: Whimsicott|0 fnt
|faint|p2a: Whimsicott
|
|-weather|Sandstorm|[upkeep]
|upkeep
|
|t:|1785272565
|switch|p2b: Floette|Floette-Eternal, L50, F|100/100
|turn|5
|
|t:|1785272571
|detailschange|p2b: Floette|Floette-Mega, L50, F
|-mega|p2b: Floette|Floette|Floettite
|-ability|p2b: Floette|Fairy Aura
|move|p2b: Floette|Protect|p2b: Floette
|-singleturn|p2b: Floette|Protect
|move|p1b: RUSH-DRILL|Iron Head|p2b: Floette
|-activate|p2b: Floette|move: Protect
|move|p1a: TRANITAR|Rock Slide|p2b: Floette
|-activate|p2b: Floette|move: Protect
|
|-weather|Sandstorm|[upkeep]
|-damage|p2b: Floette|94/100|[from] Sandstorm
|-sideend|p1: lettitripppp|move: Tailwind
|upkeep
|turn|6
|
|t:|1785272584
|move|p1b: RUSH-DRILL|Protect|p1b: RUSH-DRILL
|-singleturn|p1b: RUSH-DRILL|Protect
|move|p1a: TRANITAR|Protect|p1a: TRANITAR
|-singleturn|p1a: TRANITAR|Protect
|move|p2b: Floette|Dazzling Gleam|p1b: RUSH-DRILL|[spread] 
|-activate|p1a: TRANITAR|move: Protect
|-activate|p1b: RUSH-DRILL|move: Protect
|
|-weather|Sandstorm|[upkeep]
|-damage|p2b: Floette|88/100|[from] Sandstorm
|-sideend|p2: tortlevgc|move: Tailwind
|upkeep
|turn|7
|
|t:|1785272597
|move|p1b: RUSH-DRILL|Iron Head|p2b: Floette
|-supereffective|p2b: Floette|1
|-damage|p2b: Floette|0 fnt
|faint|p2b: Floette
|
|win|lettitripppp
||tortlevgc is ready for game 2.
