|j|☆vervejl
|j|☆Koraidonkoalition
|html|vervejlKoraidonkoalition    
|uhtml|bestof|Game 1 of a best-of-3
|t:|1785237789
|gametype|doubles
|player|p1|vervejl|lucas|1120
|player|p2|Koraidonkoalition|colress|1226
|gen|9
|tier|[Gen 9 Champions] VGC 2026 Reg M-B (Bo3)
|rated|
|rule|Species Clause: Limit one of each Pokémon
|rule|Item Clause: Limit 1 of each item
|clearpoke
|poke|p1|Garchomp, L50, F|
|poke|p1|Talonflame, L50, M|
|poke|p1|Metagross, L50|
|poke|p1|Primarina, L50, M|
|poke|p1|Annihilape, L50, F|
|poke|p1|Raichu, L50, F|
|poke|p2|Gengar, L50, M|
|poke|p2|Archaludon, L50, M|
|poke|p2|Politoed, L50, M|
|poke|p2|Swampert, L50, M|
|poke|p2|Vivillon, L50, F|
|poke|p2|Incineroar, L50, F|
|teampreview|4
|showteam|p1|Garchomp||ExpertBelt|RoughSkin|Protect,RockSlide,Earthquake,DragonClaw|Jolly||F|||50|]Talonflame||SharpBeak|GaleWings|Protect,Tailwind,DualWingbeat,FlareBlitz|Adamant||M|||50|]Metagross||Metagrossite|ClearBody|Protect,IcePunch,IronHead,PsychicFangs|Jolly|||||50|]Primarina||SitrusBerry|LiquidVoice|Protect,IcyWind,HyperVoice,Moonblast|Modest||M|||50|]Annihilape||LifeOrb|Defiant|Protect,PoisonJab,ShadowClaw,CloseCombat|Adamant||F|||50|]Raichu||RaichuniteY|LightningRod|HelpingHand,FakeOut,FocusBlast,ZapCannon|Timid||F|||50|
|showteam|p2|Gengar||Gengarite|CursedBody|ShadowBall,Disable,PerishSong,Protect|Timid||M|||50|]Archaludon||Leftovers|Stamina|ElectroShot,DragonPulse,FlashCannon,Protect|Bold||M|||50|]Politoed||SitrusBerry|Drizzle|WeatherBall,IcyWind,PerishSong,Protect|Calm||M|||50|]Swampert||Swampertite|Torrent|Earthquake,WaveCrash,IcePunch,Protect|Adamant||M|||50|]Vivillon||FocusSash|CompoundEyes|Hurricane,SleepPowder,RagePowder,Protect|Timid||F|||50|]Incineroar||PasshoBerry|Intimidate|ThroatChop,FakeOut,PartingShot,Protect|Impish||F|||50|
|inactive|Battle timer is ON: inactive players will automatically lose when time's up. (requested by vervejl)
|inactive|vervejl has 60 seconds left.
|inactive|Koraidonkoalition has 60 seconds left.
|inactive|Koraidonkoalition has 30 seconds left.
|
|t:|1785237851
|teamsize|p1|4
|teamsize|p2|4
|start
|switch|p1a: Talonflame|Talonflame, L50, M|100/100
|switch|p1b: Raichu|Raichu, L50, F|100/100
|switch|p2a: Swampert|Swampert, L50, M|100/100
|switch|p2b: Vivillon|Vivillon, L50, F|100/100
|turn|1
|
|t:|1785237869
|detailschange|p1b: Raichu|Raichu-Mega-Y, L50, F
|-mega|p1b: Raichu|Raichu|Raichunite Y
|detailschange|p2a: Swampert|Swampert-Mega, L50, M
|-mega|p2a: Swampert|Swampert|Swampertite
|move|p2b: Vivillon|Protect|p2b: Vivillon
|-singleturn|p2b: Vivillon|Protect
|move|p1b: Raichu|Fake Out|p2a: Swampert
|-damage|p2a: Swampert|91/100
|move|p1a: Talonflame|Dual Wingbeat|p2b: Vivillon
|-activate|p2b: Vivillon|move: Protect
|cant|p2a: Swampert|flinch
|
|upkeep
|turn|2
|
|t:|1785237888
|move|p1a: Talonflame|Tailwind|p1a: Talonflame
|-sidestart|p1: vervejl|move: Tailwind
|move|p1b: Raichu|Zap Cannon|p2b: Vivillon
|-supereffective|p2b: Vivillon|1
|-enditem|p2b: Vivillon|Focus Sash
|-damage|p2b: Vivillon|1/100
|-status|p2b: Vivillon|par
|move|p2a: Swampert|Earthquake|p1b: Raichu|[spread] p1b
|-immune|p2b: Vivillon
|-immune|p1a: Talonflame
|-supereffective|p1b: Raichu|1
|-damage|p1b: Raichu|0 fnt
|faint|p1b: Raichu
|move|p2b: Vivillon|Sleep Powder|p1a: Talonflame
|-status|p1a: Talonflame|slp|[from] move: Sleep Powder
|
|upkeep
|inactive|vervejl has 30 seconds left.
|
|t:|1785237913
|switch|p1b: Primarina|Primarina, L50, M|100/100
|turn|3
|
|t:|1785237931
|cant|p1a: Talonflame|slp
|move|p1b: Primarina|Icy Wind|p2b: Vivillon|[spread] p2a,p2b
|-supereffective|p2b: Vivillon|1
|-damage|p2a: Swampert|78/100
|-damage|p2b: Vivillon|0 fnt
|-unboost|p2a: Swampert|spe|1
|faint|p2b: Vivillon
|move|p2a: Swampert|Earthquake|p1a: Talonflame|[spread] p1b
|-immune|p1a: Talonflame
|-damage|p1b: Primarina|44/100
|-enditem|p1b: Primarina|Sitrus Berry|[eat]
|-heal|p1b: Primarina|69/100|[from] item: Sitrus Berry
|
|upkeep
|
|t:|1785237938
|switch|p2b: Archaludon|Archaludon, L50, M|100/100
|turn|4
|
|t:|1785237960
|switch|p2a: Politoed|Politoed, L50, M|100/100
|-weather|RainDance|[from] ability: Drizzle|[of] p2a: Politoed
|cant|p1a: Talonflame|slp
|move|p1b: Primarina|Moonblast|p2a: Politoed
|-damage|p2a: Politoed|55/100
|move|p2b: Archaludon|Electro Shot||[still]
|-prepare|p2b: Archaludon|Electro Shot
|-boost|p2b: Archaludon|spa|1
|-anim|p2b: Archaludon|Electro Shot|p1a: Talonflame
|-supereffective|p1a: Talonflame|1
|-damage|p1a: Talonflame|0 fnt
|faint|p1a: Talonflame
|
|-weather|RainDance|[upkeep]
|upkeep
|
|t:|1785237977
|switch|p1a: Annihilape|Annihilape, L50, F|100/100
|turn|5
|
|t:|1785237988
|move|p1a: Annihilape|Close Combat|p2b: Archaludon
|-supereffective|p2b: Archaludon|1
|-damage|p2b: Archaludon|0 fnt
|-unboost|p1a: Annihilape|def|1
|-unboost|p1a: Annihilape|spd|1
|faint|p2b: Archaludon
|-damage|p1a: Annihilape|90/100|[from] item: Life Orb
|move|p1b: Primarina|Moonblast|p2a: Politoed
|-damage|p2a: Politoed|15/100
|-unboost|p2a: Politoed|spa|1
|-enditem|p2a: Politoed|Sitrus Berry|[eat]
|-heal|p2a: Politoed|40/100|[from] item: Sitrus Berry
|move|p2a: Politoed|Perish Song|p2a: Politoed
|-start|p1a: Annihilape|perish3|[silent]
|-start|p1b: Primarina|perish3|[silent]
|-start|p2a: Politoed|perish3|[silent]
|-fieldactivate|move: Perish Song
|
|-weather|RainDance|[upkeep]
|-start|p1a: Annihilape|perish3
|-start|p1b: Primarina|perish3
|-start|p2a: Politoed|perish3
|-sideend|p1: vervejl|move: Tailwind
|upkeep
|
|t:|1785237993
|switch|p2b: Swampert|Swampert-Mega, L50, M|78/100
|turn|6
|inactive|vervejl has 30 seconds left.
|
|t:|1785238024
|move|p1a: Annihilape|Protect|p1a: Annihilape
|-singleturn|p1a: Annihilape|Protect
|move|p2a: Politoed|Protect|p2a: Politoed
|-singleturn|p2a: Politoed|Protect
|move|p2b: Swampert|Earthquake|p1a: Annihilape|[spread] p1b
|-activate|p2a: Politoed|move: Protect
|-activate|p1a: Annihilape|move: Protect
|-damage|p1b: Primarina|13/100
|move|p1b: Primarina|Icy Wind|p2b: Swampert|[spread] p2b
|-activate|p2a: Politoed|move: Protect
|-damage|p2b: Swampert|64/100
|-unboost|p2b: Swampert|spe|1
|
|-weather|RainDance|[upkeep]
|-start|p1a: Annihilape|perish2
|-start|p2a: Politoed|perish2
|-start|p1b: Primarina|perish2
|upkeep
|turn|7
|inactive|vervejl has 30 seconds left.
|
|t:|1785238051
|move|p2b: Swampert|Earthquake|p1b: Primarina|[spread] p2a,p1a,p1b
|-damage|p2a: Politoed|0 fnt
|-damage|p1a: Annihilape|27/100
|-damage|p1b: Primarina|0 fnt
|faint|p2a: Politoed
|faint|p1b: Primarina
|move|p1a: Annihilape|Close Combat|p2b: Swampert
|-damage|p2b: Swampert|0 fnt
|-unboost|p1a: Annihilape|def|1
|-unboost|p1a: Annihilape|spd|1
|faint|p2b: Swampert
|-damage|p1a: Annihilape|17/100|[from] item: Life Orb
|
|win|vervejl
