|j|☆lryuzaki13
|j|☆aqoursfan1
|html|lryuzaki13aqoursfan1    
|uhtml|bestof|Game 1 of a best-of-3
|t:|1786129390
|gametype|doubles
|player|p1|lryuzaki13|n|1362
|player|p2|aqoursfan1|anabel-gen7|1419
|gen|9
|tier|[Gen 9 Champions] VGC 2026 Reg M-B (Bo3)
|rated|
|rule|Species Clause: Limit one of each Pokémon
|rule|Item Clause: Limit 1 of each item
|clearpoke
|poke|p1|Sneasler, L50, M, shiny|
|poke|p1|Floette-Eternal, L50, F|
|poke|p1|Kingambit, L50, M, shiny|
|poke|p1|Whimsicott, L50, F, shiny|
|poke|p1|Garchomp, L50, F, shiny|
|poke|p1|Basculegion, L50, M, shiny|
|poke|p2|Raichu, L50, M|
|poke|p2|Kingambit, L50, F|
|poke|p2|Whimsicott, L50, M|
|poke|p2|Kommo-o, L50, M|
|poke|p2|Arcanine-Hisui, L50, F|
|poke|p2|Farigiraf, L50, F|
|teampreview|4
|showteam|p1|Sneasler||WhiteHerb|Unburden|CloseCombat,GunkShot,FakeOut,Protect|Jolly||M|||50|]Floette-Eternal||Floettite|FlowerVeil|DazzlingGleam,LightofRuin,Moonblast,Protect|Timid||F|||50|]Kingambit||BlackGlasses|Defiant|KowtowCleave,SuckerPunch,SwordsDance,Protect|Adamant||M|||50|]Whimsicott||MentalHerb|Prankster|Encore,Moonblast,Protect,Tailwind|Timid||F|||50|]Garchomp||LifeOrb|RoughSkin|Earthquake,Protect,RockSlide,StompingTantrum|Jolly||F|||50|]Basculegion||FocusSash|Adaptability|LastRespects,Liquidation,AquaJet,Protect|Adamant||M|||50|
|showteam|p2|Raichu||RaichuniteY|LightningRod|ZapCannon,FocusBlast,FakeOut,Protect|Timid||M|||50|]Kingambit||ChopleBerry|Defiant|KowtowCleave,SuckerPunch,IronHead,Protect|Adamant||F|||50|]Whimsicott||LifeOrb|Prankster|Moonblast,Encore,Tailwind,Protect|Timid||M|||50|]Kommo-o||ExpertBelt|Soundproof|ClangingScales,AuraSphere,Flamethrower,Protect|Modest||M|||50|]Arcanine-Hisui||FocusSash|RockHead|FlareBlitz,HeadSmash,ExtremeSpeed,Protect|Adamant||F|||50|]Farigiraf||SitrusBerry|ArmorTail|Psychic,GrassKnot,HelpingHand,TrickRoom|Modest||F|||50|
|inactive|Battle timer is ON: inactive players will automatically lose when time's up. (requested by aqoursfan1)
|
|t:|1786129419
|teamsize|p1|4
|teamsize|p2|4
|start
|switch|p1a: Bishop|Whimsicott, L50, F, shiny|100/100
|switch|p1b: Rook|Sneasler, L50, M, shiny|100/100
|switch|p2a: Raichu|Raichu, L50, M|100/100
|switch|p2b: Whimsicott|Whimsicott, L50, M|100/100
|turn|1
|
|t:|1786129436
|detailschange|p2a: Raichu|Raichu-Mega-Y, L50, M
|-mega|p2a: Raichu|Raichu|Raichunite Y
|move|p2a: Raichu|Fake Out|p1b: Rook
|-damage|p1b: Rook|85/100
|cant|p1b: Rook|flinch
|move|p2b: Whimsicott|Tailwind|p2b: Whimsicott
|-sidestart|p2: aqoursfan1|move: Tailwind
|move|p1a: Bishop|Tailwind|p1a: Bishop
|-sidestart|p1: lryuzaki13|move: Tailwind
|
|upkeep
|turn|2
|
|t:|1786129452
|switch|p2b: Farigiraf|Farigiraf, L50, F|100/100
|move|p1a: Bishop|Encore||[still]
|cant|p2b: Farigiraf|ability: Armor Tail|Encore|[of] p1a: Bishop
|move|p2a: Raichu|Zap Cannon|p1b: Rook
|-damage|p1b: Rook|0 fnt
|faint|p1b: Rook
|
|upkeep
|
|t:|1786129466
|switch|p1b: Knight|Garchomp, L50, F, shiny|100/100
|turn|3
|
|t:|1786129485
|move|p2a: Raichu|Protect|p2a: Raichu
|-singleturn|p2a: Raichu|Protect
|move|p1a: Bishop|Moonblast|p2b: Farigiraf
|-crit|p2b: Farigiraf
|-damage|p2b: Farigiraf|49/100
|-enditem|p2b: Farigiraf|Sitrus Berry|[eat]
|-heal|p2b: Farigiraf|74/100|[from] item: Sitrus Berry
|move|p1b: Knight|Stomping Tantrum|p2b: Farigiraf
|-damage|p2b: Farigiraf|31/100
|-damage|p1b: Knight|90/100|[from] item: Life Orb
|move|p2b: Farigiraf|Psychic|p1b: Knight
|-damage|p1b: Knight|48/100
|
|upkeep
|turn|4
|
|t:|1786129502
|move|p1a: Bishop|Protect|p1a: Bishop
|-singleturn|p1a: Bishop|Protect
|move|p2b: Farigiraf|Helping Hand|p2a: Raichu
|-singleturn|p2a: Raichu|Helping Hand|[of] p2b: Farigiraf
|move|p2a: Raichu|Focus Blast|p1b: Knight
|-damage|p1b: Knight|0 fnt
|faint|p1b: Knight
|
|-sideend|p2: aqoursfan1|move: Tailwind
|-sideend|p1: lryuzaki13|move: Tailwind
|upkeep
|
|t:|1786129504
|switch|p1b: Pawn|Basculegion, L50, M, shiny|100/100
|turn|5
|
|t:|1786129517
|move|p1a: Bishop|Tailwind|p1a: Bishop
|-sidestart|p1: lryuzaki13|move: Tailwind
|move|p1b: Pawn|Liquidation|p2b: Farigiraf
|-damage|p2b: Farigiraf|0 fnt
|faint|p2b: Farigiraf
|move|p2a: Raichu|Zap Cannon|p1a: Bishop
|-resisted|p1a: Bishop|1
|-damage|p1a: Bishop|54/100
|-status|p1a: Bishop|par
|
|upkeep
|
|t:|1786129521
|switch|p2b: Whimsicott|Whimsicott, L50, M|100/100
|turn|6
|
|t:|1786129530
|move|p2b: Whimsicott|Tailwind|p2b: Whimsicott
|-sidestart|p2: aqoursfan1|move: Tailwind
|move|p2a: Raichu|Zap Cannon|p1b: Pawn
|-supereffective|p1b: Pawn|1
|-enditem|p1b: Pawn|Focus Sash
|-damage|p1b: Pawn|1/100
|-status|p1b: Pawn|par
|move|p1a: Bishop|Moonblast|p2b: Whimsicott
|-damage|p2b: Whimsicott|35/100
|move|p1b: Pawn|Last Respects|p2a: Raichu
|-damage|p2a: Raichu|0 fnt
|faint|p2a: Raichu
|
|upkeep
|
|t:|1786129534
|switch|p2a: Arcanine|Arcanine-Hisui, L50, F|100/100
|turn|7
|
|t:|1786129550
|move|p2b: Whimsicott|Encore|p1b: Pawn
|-start|p1b: Pawn|Encore
|move|p1a: Bishop|Encore||[still]
|-fail|p1a: Bishop
|move|p2a: Arcanine|Flare Blitz|p1a: Bishop
|-supereffective|p1a: Bishop|1
|-damage|p1a: Bishop|0 fnt
|faint|p1a: Bishop
|move|p1b: Pawn|Last Respects|p2b: Whimsicott
|-damage|p2b: Whimsicott|0 fnt
|faint|p2b: Whimsicott
|
|upkeep
|turn|8
|
|t:|1786129561
|move|p2a: Arcanine|Flare Blitz|p1b: Pawn
|-resisted|p1b: Pawn|1
|-damage|p1b: Pawn|0 fnt
|faint|p1b: Pawn
|
|win|aqoursfan1
