|j|☆BeckVGC
|j|☆X2Muz
|html|BeckVGCX2Muz    
|uhtml|bestof|Game 1 of a best-of-3
|t:|1755729530
|gametype|doubles
|player|p1|BeckVGC|roughneck-gen4|1197
|player|p2|X2Muz|cheryl|1215
|gen|9
|tier|[Gen 9] VGC 2025 Reg H (Bo3)
|rated|
|rule|Species Clause: Limit one of each Pokémon
|rule|Item Clause: Limit 1 of each item
|clearpoke
|poke|p1|Rillaboom, L50, M|
|poke|p1|Salamence, L50, F|
|poke|p1|Skeledirge, L50, M|
|poke|p1|Electabuzz, L50, F|
|poke|p1|Primarina, L50, F|
|poke|p1|Kingambit, L50, F|
|poke|p2|Gholdengo, L50|
|poke|p2|Sneasler, L50, M|
|poke|p2|Rillaboom, L50, F|
|poke|p2|Dragonite, L50, M|
|poke|p2|Ninetales-Alola, L50, M|
|poke|p2|Arcanine-Hisui, L50, M|
|teampreview|4
|showteam|p1|Rillaboom||AssaultVest|GrassySurge|WoodHammer,GrassyGlide,FakeOut,Uturn|||M|||50|,,,,,Fire]Salamence||CovertCloak|Intimidate|BreakingSwipe,DualWingbeat,Tailwind,Protect|||F|||50|,,,,,Steel]Skeledirge||ThroatSpray|Unaware|TorchSong,SlackOff,Yawn,Snarl|||M|||50|,,,,,Grass]Electabuzz||Eviolite|Static|Electroweb,FollowMe,Taunt,VoltSwitch|||F|||50|,,,,,Grass]Primarina||Leftovers|LiquidVoice|HyperVoice,Moonblast,CalmMind,Protect|||F|||50|,,,,,Poison]Kingambit||BlackGlasses|Defiant|IronHead,SuckerPunch,KowtowCleave,Protect|||F|||50|,,,,,Dark
|showteam|p2|Gholdengo||GrassySeed|GoodasGold|NastyPlot,MakeItRain,ShadowBall,Protect||||||50|,,,,,Water]Sneasler||WhiteHerb|Unburden|CloseCombat,DireClaw,Coaching,Protect|||M|||50|,,,,,Ghost]Rillaboom||AssaultVest|GrassySurge|FakeOut,GrassyGlide,DrumBeating,HighHorsepower|||F|||50|,,,,,Fire]Dragonite||LoadedDice|Multiscale|ScaleShot,StompingTantrum,Haze,Protect|||M|||50|,,,,,Ground]Ninetales-Alola||FocusSash|SnowWarning|Blizzard,IcyWind,Encore,AuroraVeil|||M|||50|,,,,,Ghost]Arcanine-Hisui||ClearAmulet|Intimidate|RockSlide,FlareBlitz,ExtremeSpeed,Protect|||M|||50|,,,,,Water
|
|t:|1755729571
|teamsize|p1|4
|teamsize|p2|4
|start
|switch|p1a: Skeledirge|Skeledirge, L50, M|100/100
|switch|p1b: Kingambit|Kingambit, L50, F|100/100
|switch|p2a: Ninetales|Ninetales-Alola, L50, M|100/100
|switch|p2b: Sneasler|Sneasler, L50, M|100/100
|-weather|Snowscape|[from] ability: Snow Warning|[of] p2a: Ninetales
|turn|1
|
|t:|1755729587
|switch|p1b: Salamence|Salamence, L50, F|100/100
|-ability|p1b: Salamence|Intimidate|boost
|-unboost|p2a: Ninetales|atk|1
|-unboost|p2b: Sneasler|atk|1
|-enditem|p2b: Sneasler|White Herb
|-clearnegativeboost|p2b: Sneasler|[silent]
|move|p2b: Sneasler|Close Combat|p1b: Salamence
|-resisted|p1b: Salamence
|-damage|p1b: Salamence|60/100
|-unboost|p2b: Sneasler|def|1
|-unboost|p2b: Sneasler|spd|1
|move|p2a: Ninetales|Aurora Veil|p2a: Ninetales
|-sidestart|p2: X2Muz|move: Aurora Veil
|move|p1a: Skeledirge|Torch Song|p2a: Ninetales
|-supereffective|p2a: Ninetales
|-damage|p2a: Ninetales|52/100
|-boost|p1a: Skeledirge|spa|1
|-enditem|p1a: Skeledirge|Throat Spray
|-boost|p1a: Skeledirge|spa|1|[from] item: Throat Spray
|
|-weather|Snowscape|[upkeep]
|upkeep
|turn|2
|
|t:|1755729612
|move|p1b: Salamence|Protect|p1b: Salamence
|-singleturn|p1b: Salamence|Protect
|move|p2b: Sneasler|Dire Claw|p1a: Skeledirge
|-resisted|p1a: Skeledirge
|-damage|p1a: Skeledirge|87/100
|-status|p1a: Skeledirge|slp
|move|p2a: Ninetales|Blizzard|p1a: Skeledirge|[spread] p1a
|-activate|p1b: Salamence|move: Protect
|-resisted|p1a: Skeledirge
|-damage|p1a: Skeledirge|70/100 slp
|cant|p1a: Skeledirge|slp
|
|-weather|Snowscape|[upkeep]
|upkeep
|turn|3
|
|t:|1755729634
|move|p1b: Salamence|Protect|p1b: Salamence
|-singleturn|p1b: Salamence|Protect
|move|p2b: Sneasler|Dire Claw|p1a: Skeledirge
|-resisted|p1a: Skeledirge
|-damage|p1a: Skeledirge|56/100 slp
|move|p2a: Ninetales|Blizzard|p1b: Salamence|[spread] p1a
|-activate|p1b: Salamence|move: Protect
|-resisted|p1a: Skeledirge
|-damage|p1a: Skeledirge|39/100 slp
|cant|p1a: Skeledirge|slp
|
|-weather|Snowscape|[upkeep]
|upkeep
|turn|4
|
|t:|1755729651
|move|p2b: Sneasler|Close Combat|p1b: Salamence
|-resisted|p1b: Salamence
|-damage|p1b: Salamence|21/100
|-unboost|p2b: Sneasler|def|1
|-unboost|p2b: Sneasler|spd|1
|move|p2a: Ninetales|Blizzard|p1b: Salamence|[spread] p1a,p1b
|-resisted|p1a: Skeledirge
|-supereffective|p1b: Salamence
|-damage|p1a: Skeledirge|22/100 slp
|-damage|p1b: Salamence|0 fnt
|faint|p1b: Salamence
|-curestatus|p1a: Skeledirge|slp|[msg]
|move|p1a: Skeledirge|Slack Off|p1a: Skeledirge
|-heal|p1a: Skeledirge|73/100
|
|-weather|Snowscape|[upkeep]
|upkeep
|
|t:|1755729661
|switch|p1b: Electabuzz|Electabuzz, L50, F|100/100
|turn|5
|
|t:|1755729667
|move|p2b: Sneasler|Close Combat|p1b: Electabuzz
|-damage|p1b: Electabuzz|39/100
|-unboost|p2b: Sneasler|def|1
|-unboost|p2b: Sneasler|spd|1
|move|p2a: Ninetales|Encore|p1a: Skeledirge
|-start|p1a: Skeledirge|Encore
|move|p1b: Electabuzz|Electroweb|p2b: Sneasler|[spread] p2a,p2b
|-damage|p2a: Ninetales|41/100
|-damage|p2b: Sneasler|72/100
|-unboost|p2a: Ninetales|spe|1
|-unboost|p2b: Sneasler|spe|1
|move|p1a: Skeledirge|Slack Off|p1a: Skeledirge
|-heal|p1a: Skeledirge|100/100
|
|-weather|none
|-sideend|p2: X2Muz|move: Aurora Veil
|upkeep
|turn|6
|
|t:|1755729681
|switch|p2a: Rillaboom|Rillaboom, L50, F|100/100
|-fieldstart|move: Grassy Terrain|[from] ability: Grassy Surge|[of] p2a: Rillaboom
|move|p2b: Sneasler|Close Combat|p1b: Electabuzz
|-damage|p1b: Electabuzz|0 fnt
|-unboost|p2b: Sneasler|def|1
|-unboost|p2b: Sneasler|spd|1
|faint|p1b: Electabuzz
|move|p1a: Skeledirge|Slack Off||[still]
|-fail|p1a: Skeledirge|heal
|
|-heal|p2b: Sneasler|78/100|[from] Grassy Terrain
|upkeep
|
|t:|1755729689
|switch|p1b: Kingambit|Kingambit, L50, F|100/100
|turn|7
|
|t:|1755729699
|switch|p2b: Ninetales|Ninetales-Alola, L50, M|41/100
|-weather|Snowscape|[from] ability: Snow Warning|[of] p2b: Ninetales
|move|p1b: Kingambit|Protect|p1b: Kingambit
|-singleturn|p1b: Kingambit|Protect
|move|p2a: Rillaboom|Fake Out|p1b: Kingambit
|-activate|p1b: Kingambit|move: Protect
|move|p1a: Skeledirge|Slack Off||[still]
|-fail|p1a: Skeledirge|heal
|
|-weather|Snowscape|[upkeep]
|-heal|p2b: Ninetales|47/100|[from] Grassy Terrain
|-end|p1a: Skeledirge|Encore
|upkeep
|turn|8
|
|t:|1755729718
|move|p2b: Ninetales|Encore|p1a: Skeledirge
|-start|p1a: Skeledirge|Encore
|move|p2a: Rillaboom|High Horsepower|p1b: Kingambit
|-supereffective|p1b: Kingambit
|-damage|p1b: Kingambit|58/100
|move|p1a: Skeledirge|Slack Off||[still]
|-fail|p1a: Skeledirge|heal
|move|p1b: Kingambit|Iron Head|p2b: Ninetales
|-supereffective|p2b: Ninetales
|-damage|p2b: Ninetales|0 fnt
|faint|p2b: Ninetales
|
|-weather|Snowscape|[upkeep]
|-heal|p1b: Kingambit|64/100|[from] Grassy Terrain
|upkeep
|
|t:|1755729729
|switch|p2b: Sneasler|Sneasler, L50, M|78/100
|turn|9
|
|t:|1755729736
|switch|p2a: Gholdengo|Gholdengo, L50, shiny|100/100
|-enditem|p2a: Gholdengo|Grassy Seed
|-boost|p2a: Gholdengo|def|1|[from] item: Grassy Seed
|-terastallize|p1b: Kingambit|Dark
|move|p1b: Kingambit|Sucker Punch|p2b: Sneasler
|-resisted|p2b: Sneasler
|-damage|p2b: Sneasler|36/100
|move|p2b: Sneasler|Close Combat|p1b: Kingambit
|-supereffective|p1b: Kingambit
|-damage|p1b: Kingambit|0 fnt
|-unboost|p2b: Sneasler|def|1
|-unboost|p2b: Sneasler|spd|1
|faint|p1b: Kingambit
|move|p1a: Skeledirge|Slack Off||[still]
|-fail|p1a: Skeledirge|heal
|
|-weather|Snowscape|[upkeep]
|-heal|p2b: Sneasler|42/100|[from] Grassy Terrain
|upkeep
|turn|10
|inactive|Battle timer is ON: inactive players will automatically lose when time's up. (requested by BeckVGC)
|
|t:|1755729751
|move|p2b: Sneasler|Dire Claw|p1a: Skeledirge
|-resisted|p1a: Skeledirge
|-damage|p1a: Skeledirge|89/100
|move|p2a: Gholdengo|Shadow Ball|p1a: Skeledirge
|-supereffective|p1a: Skeledirge
|-damage|p1a: Skeledirge|0 fnt
|faint|p1a: Skeledirge
|
|win|X2Muz
||X2Muz is ready for game 2.
|l|☆BeckVGC
|player|p1|
|inactive|BeckVGC has 30 seconds to confirm battle start!
|raw|BeckVGC's rating: 1197 → 1173(-24 for losing)
|raw|X2Muz's rating: 1215 → 1239(+24 for winning)
