|j|☆JHufself
|j|☆LivioVGC
|html|JHufselfLivioVGC    
|uhtml|bestof|Game 3 of a best-of-3
|t:|1782652448
|gametype|doubles
|player|p1|JHufself|cheren-gen5bw2|
|player|p2|LivioVGC|#smogonxnpa2026draftee2|
|gen|9
|tier|[Gen 9 Champions] VGC 2026 Reg M-B (Bo3)
|rule|Species Clause: Limit one of each Pokémon
|rule|Item Clause: Limit 1 of each item
|clearpoke
|poke|p1|Kangaskhan, L50, F|
|poke|p1|Garchomp, L50, M|
|poke|p1|Charizard, L50, M|
|poke|p1|Mawile, L50, F|
|poke|p1|Cofagrigus, L50, F|
|poke|p1|Milotic, L50, F|
|poke|p2|Garchomp, L50, M|
|poke|p2|Whimsicott, L50, M|
|poke|p2|Charizard, L50, M|
|poke|p2|Gholdengo, L50|
|poke|p2|Incineroar, L50, F|
|poke|p2|Floette-Eternal, L50, F|
|teampreview|4
|showteam|p1|Kangaskhan||SilkScarf|Scrappy|FakeOut,DoubleEdge,SunnyDay,BrickBreak|Adamant||F|||50|]Garchomp||LifeOrb|RoughSkin|RockSlide,Earthquake,DragonClaw,Protect|Jolly||M|||50|]Charizard||CharizarditeY|Blaze|HeatWave,WeatherBall,Protect,SolarBeam|Modest||M|||50|]Mawile||Mawilite|Intimidate|IronHead,RockSlide,SuckerPunch,Protect|Brave||F|||50|]Cofagrigus||Leftovers|Mummy|ShadowBall,TrickRoom,WillOWisp,BodyPress|Relaxed||F|||50|]Milotic||SitrusBerry|Competitive|Protect,Recover,Scald,IceBeam|Modest||F|||50|
|showteam|p2|Garchomp||LifeOrb|RoughSkin|Earthquake,RockSlide,Protect,DragonClaw|Jolly||M|||50|]Whimsicott||FocusSash|Prankster|Tailwind,Moonblast,Encore,Protect|Timid||M|||50|]Charizard||CharizarditeY|Blaze|HeatWave,WeatherBall,SolarBeam,Protect|Modest||M|||50|]Gholdengo||MetalCoat|GoodasGold|Protect,MakeItRain,ShadowBall,NastyPlot|Modest|||||50|]Incineroar||SitrusBerry|Intimidate|FlareBlitz,ThroatChop,PartingShot,FakeOut|Careful||F|||50|]Floette-Eternal||Floettite|FlowerVeil|Moonblast,DazzlingGleam,LightofRuin,Protect|Modest||F|||50|
|j| templevgc
|j| a spiral song
|j| MichaelderBeste2
|j| Harry Koekenpan
|j| Teenspirit07
|j| carneyasada
|j| val16
|
|t:|1782652526
|teamsize|p1|4
|teamsize|p2|4
|start
|switch|p1a: Kangaskhan|Kangaskhan, L50, F|100/100
|switch|p1b: Cofagrigus|Cofagrigus, L50, F|100/100
|switch|p2a: Floette|Floette-Eternal, L50, F|100/100
|switch|p2b: Garchomp|Garchomp, L50, M|100/100
|turn|1
|j| A Regu1ar Guy
|
|t:|1782652558
|switch|p2b: Incineroar|Incineroar, L50, F|100/100
|-ability|p2b: Incineroar|Intimidate|boost
|-fail|p1a: Kangaskhan|unboost|Attack|[from] ability: Scrappy|[of] p1a: Kangaskhan
|-unboost|p1b: Cofagrigus|atk|1
|detailschange|p2a: Floette|Floette-Mega, L50, F
|-mega|p2a: Floette|Floette|Floettite
|-ability|p2a: Floette|Fairy Aura
|move|p1a: Kangaskhan|Fake Out|p2a: Floette
|-damage|p2a: Floette|78/100
|cant|p2a: Floette|flinch
|move|p1b: Cofagrigus|Trick Room|p1b: Cofagrigus
|-fieldstart|move: Trick Room|[of] p1b: Cofagrigus
|
|upkeep
|turn|2
|l| A Regu1ar Guy
|
|t:|1782652604
|move|p2a: Floette|Protect|p2a: Floette
|-singleturn|p2a: Floette|Protect
|move|p1b: Cofagrigus|Body Press|p2b: Incineroar
|-supereffective|p2b: Incineroar|1
|-damage|p2b: Incineroar|42/100
|-enditem|p2b: Incineroar|Sitrus Berry|[eat]
|-heal|p2b: Incineroar|67/100|[from] item: Sitrus Berry
|move|p2b: Incineroar|Flare Blitz|p1a: Kangaskhan
|-damage|p1a: Kangaskhan|59/100
|-damage|p2b: Incineroar|53/100|[from] Recoil
|move|p1a: Kangaskhan|Double-Edge|p2a: Floette
|-activate|p2a: Floette|move: Protect
|
|upkeep
|turn|3
|j| pocket zyn
|
|t:|1782652657
|switch|p1a: Mawile|Mawile, L50, F|100/100
|-ability|p1a: Mawile|Intimidate|boost
|-unboost|p2a: Floette|atk|1
|-unboost|p2b: Incineroar|atk|1
|switch|p2a: Gholdengo|Gholdengo, L50|100/100
|move|p1b: Cofagrigus|Body Press|p2b: Incineroar
|-supereffective|p2b: Incineroar|1
|-damage|p2b: Incineroar|0 fnt
|faint|p2b: Incineroar
|
|upkeep
|
|t:|1782652673
|switch|p2b: Floette|Floette-Mega, L50, F|78/100
|-ability|p2b: Floette|Fairy Aura
|turn|4
|
|t:|1782652720
|detailschange|p1a: Mawile|Mawile-Mega, L50, F
|-mega|p1a: Mawile|Mawile|Mawilite
|move|p1b: Cofagrigus|Shadow Ball|p2a: Gholdengo
|-supereffective|p2a: Gholdengo|1
|-damage|p2a: Gholdengo|43/100
|-unboost|p2a: Gholdengo|spd|1
|move|p1a: Mawile|Iron Head|p2a: Gholdengo
|-resisted|p2a: Gholdengo|1
|-damage|p2a: Gholdengo|9/100
|move|p2a: Gholdengo|Make It Rain|p1b: Cofagrigus|[spread] p1a,p1b
|-damage|p1a: Mawile|30/100
|-damage|p1b: Cofagrigus|48/100
|-unboost|p2a: Gholdengo|spa|2
|move|p2b: Floette|Moonblast|p1b: Cofagrigus
|-damage|p1b: Cofagrigus|0 fnt
|faint|p1b: Cofagrigus
|
|upkeep
|
|t:|1782652732
|switch|p1b: Milotic|Milotic, L50, F|100/100
|turn|5
|
|t:|1782652757
|switch|p1a: Kangaskhan|Kangaskhan, L50, F|59/100
|move|p2b: Floette|Protect|p2b: Floette
|-singleturn|p2b: Floette|Protect
|move|p1b: Milotic|Scald|p2b: Floette
|-activate|p2b: Floette|move: Protect
|move|p2a: Gholdengo|Make It Rain|p1a: Kangaskhan|[spread] p1a,p1b
|-resisted|p1b: Milotic|1
|-damage|p1a: Kangaskhan|28/100
|-damage|p1b: Milotic|89/100
|-unboost|p2a: Gholdengo|spa|2
|
|-fieldend|move: Trick Room
|upkeep
|turn|6
|
|t:|1782652793
|move|p1a: Kangaskhan|Fake Out|p2b: Floette
|-damage|p2b: Floette|55/100
|cant|p2b: Floette|flinch
|move|p2a: Gholdengo|Shadow Ball|p1b: Milotic
|-damage|p1b: Milotic|79/100
|-unboost|p1b: Milotic|spd|1
|-ability|p1b: Milotic|Competitive|boost
|-boost|p1b: Milotic|spa|2
|move|p1b: Milotic|Ice Beam|p2b: Floette
|-damage|p2b: Floette|16/100
|
|upkeep
|turn|7
|
|t:|1782652814
|move|p1b: Milotic|Protect|p1b: Milotic
|-singleturn|p1b: Milotic|Protect
|move|p2b: Floette|Dazzling Gleam|p1b: Milotic|[spread] p1a
|-activate|p1b: Milotic|move: Protect
|-crit|p1a: Kangaskhan
|-damage|p1a: Kangaskhan|0 fnt
|faint|p1a: Kangaskhan
|move|p2a: Gholdengo|Shadow Ball|p1b: Milotic
|-activate|p1b: Milotic|move: Protect
|
|upkeep
|
|t:|1782652818
|switch|p1a: Mawile|Mawile-Mega, L50, F|30/100
|turn|8
|
|t:|1782652858
|move|p2b: Floette|Protect|p2b: Floette
|-singleturn|p2b: Floette|Protect
|move|p1a: Mawile|Sucker Punch||[still]
|-fail|p1a: Mawile
|move|p2a: Gholdengo|Make It Rain|p1b: Milotic|[spread] p1a,p1b
|-resisted|p1b: Milotic|1
|-damage|p1a: Mawile|9/100
|-damage|p1b: Milotic|68/100
|-unboost|p2a: Gholdengo|spa|2
|move|p1b: Milotic|Ice Beam|p2a: Gholdengo
|-resisted|p2a: Gholdengo|1
|-damage|p2a: Gholdengo|0 fnt
|faint|p2a: Gholdengo
|
|upkeep
|j| A Regu1ar Guy
|
|t:|1782652872
|switch|p2a: Garchomp|Garchomp, L50, M|100/100
|turn|9
|l| A Regu1ar Guy
|
|t:|1782652913
|move|p1a: Mawile|Sucker Punch|p2b: Floette
|-resisted|p2b: Floette|1
|-damage|p2b: Floette|0 fnt
|faint|p2b: Floette
|move|p2a: Garchomp|Rock Slide|p1b: Milotic|[spread] p1a,p1b
|-resisted|p1a: Mawile|1
|-damage|p1a: Mawile|0 fnt
|-damage|p1b: Milotic|45/100
|-enditem|p1b: Milotic|Sitrus Berry|[eat]
|-heal|p1b: Milotic|70/100|[from] item: Sitrus Berry
|faint|p1a: Mawile
|-damage|p2a: Garchomp|90/100|[from] item: Life Orb
|move|p1b: Milotic|Ice Beam|p2a: Garchomp
|-supereffective|p2a: Garchomp|2
|-damage|p2a: Garchomp|0 fnt
|faint|p2a: Garchomp
|
|win|JHufself
|c|☆LivioVGC|ggs
|c|☆JHufself|ggs
|l| MichaelderBeste2
|l| pocket zyn
|l| Harry Koekenpan
|l| carneyasada
|l| val16
|l| Teenspirit07
|l| templevgc
|j| hiyopon
|l| a spiral song
|l| hiyopon
|j| A Regu1ar Guy
|l| A Regu1ar Guy
|j| RK_pocoyo
