|j|☆latios66
|j|☆WallType
|html|latios66WallType    
|uhtml|bestof|Game 2 of a best-of-3
|t:|1756496151
|gametype|doubles
|player|p1|latios66|1|1091
|player|p2|WallType|102|1136
|gen|9
|tier|[Gen 9] VGC 2025 Reg H (Bo3)
|rated|
|rule|Species Clause: Limit one of each Pokémon
|rule|Item Clause: Limit 1 of each item
|clearpoke
|poke|p1|Sneasler, L50, F|
|poke|p1|Indeedee, L50, M|
|poke|p1|Pelipper, L50, F|
|poke|p1|Archaludon, L50, M|
|poke|p1|Basculegion, L50, M|
|poke|p1|Vivillon-Pokeball, L50, F|
|poke|p2|Archaludon, L50, M|
|poke|p2|Incineroar, L50, M|
|poke|p2|Dragonite, L50, M|
|poke|p2|Whimsicott, L50, M|
|poke|p2|Annihilape, L50, M|
|poke|p2|Ursaluna-Bloodmoon, L50, M|
|teampreview|4
|showteam|p1|Sneasler||PsychicSeed|Unburden|CloseCombat,DireClaw,Acrobatics,Protect|||F|||50|,,,,,Flying]Indeedee||ChoiceScarf|PsychicSurge|ExpandingForce,TeraBlast,Trick,DazzlingGleam|||M|||50|,,,,,Ground]Pelipper||FocusSash|Drizzle|Tailwind,Hurricane,WeatherBall,HelpingHand|||F|||50|,,,,,Steel]Archaludon||AssaultVest|Stamina|ElectroShot,BodyPress,DarkPulse,DracoMeteor|||M|||50|,,,,,Grass]Basculegion||ChoiceBand|SwiftSwim|FlipTurn,LastRespects,WaveCrash,AquaJet|||M|||50|,,,,,Poison]Vivillon-Pokeball||MentalHerb|CompoundEyes|Tailwind,SleepPowder,RagePowder,PollenPuff|||F|||50|,,,,,Bug
|showteam|p2|Archaludon||PowerHerb|Stalwart|Thunderbolt,ElectroShot,DragonPulse,Protect|||M|||50|,,,,,Electric]Incineroar||SitrusBerry|Intimidate|FakeOut,KnockOff,PartingShot,FlareBlitz|||M|||50|,,,,,Grass]Dragonite||LoadedDice|Multiscale|ScaleShot,Protect,ExtremeSpeed,Haze|||M|||50|,,,,,Steel]Whimsicott||FocusSash|Prankster|Moonblast,FakeTears,Encore,Tailwind|||M|||50|,,,,,Ghost]Annihilape||SafetyGoggles|Defiant|Coaching,CloseCombat,FinalGambit,RageFist|||M|||50|,,,,,Water]Ursaluna-Bloodmoon||AssaultVest|MindsEye|HyperVoice,EarthPower,BloodMoon,VacuumWave|||M|||50|,,,,,Ghost
|
|t:|1756496163
|teamsize|p1|4
|teamsize|p2|4
|start
|switch|p1a: Basculegion|Basculegion, L50, M, shiny|100/100
|switch|p1b: Sneasler|Sneasler, L50, F|100/100
|switch|p2a: Whimsicott|Whimsicott, L50, M|100/100
|switch|p2b: Dragonite|Dragonite, L50, M|100/100
|turn|1
|
|t:|1756496191
|switch|p1b: Pelipper|Pelipper, L50, F|100/100
|-weather|RainDance|[from] ability: Drizzle|[of] p1b: Pelipper
|move|p2a: Whimsicott|Tailwind|p2a: Whimsicott
|-sidestart|p2: WallType|move: Tailwind
|move|p1a: Basculegion|Flip Turn|p2b: Dragonite
|-resisted|p2b: Dragonite
|-damage|p2b: Dragonite|82/100
|
|t:|1756496203
|switch|p1a: Indeedee|Indeedee, L50, M|100/100|[from] Flip Turn
|-fieldstart|move: Psychic Terrain|[from] ability: Psychic Surge|[of] p1a: Indeedee
|move|p2b: Dragonite|Scale Shot|p1a: Indeedee
|-damage|p1a: Indeedee|71/100
|-damage|p1a: Indeedee|38/100
|-damage|p1a: Indeedee|6/100
|-damage|p1a: Indeedee|0 fnt
|faint|p1a: Indeedee
|-hitcount|p1: Indeedee|4
|-unboost|p2b: Dragonite|def|1
|-boost|p2b: Dragonite|spe|1
|
|-weather|RainDance|[upkeep]
|upkeep
|
|t:|1756496213
|switch|p1a: Basculegion|Basculegion, L50, M, shiny|100/100
|turn|2
|
|t:|1756496237
|move|p2a: Whimsicott|Encore||[still]
|-fail|p2a: Whimsicott
|move|p2b: Dragonite|Scale Shot|p1a: Basculegion
|-damage|p1a: Basculegion|82/100
|-damage|p1a: Basculegion|62/100
|-damage|p1a: Basculegion|41/100
|-damage|p1a: Basculegion|24/100
|-damage|p1a: Basculegion|3/100
|-hitcount|p1a: Basculegion|5
|-unboost|p2b: Dragonite|def|1
|-boost|p2b: Dragonite|spe|1
|move|p1a: Basculegion|Last Respects|p2b: Dragonite
|-damage|p2b: Dragonite|0 fnt
|faint|p2b: Dragonite
|move|p1b: Pelipper|Tailwind|p1b: Pelipper
|-sidestart|p1: latios66|move: Tailwind
|
|-weather|RainDance|[upkeep]
|upkeep
|
|t:|1756496250
|switch|p2b: Annihilape|Annihilape, L50, M|100/100
|turn|3
|
|t:|1756496287
|switch|p1a: Sneasler|Sneasler, L50, F|100/100
|-enditem|p1a: Sneasler|Psychic Seed
|-boost|p1a: Sneasler|spd|1|[from] item: Psychic Seed
|-terastallize|p2b: Annihilape|Water
|move|p2a: Whimsicott|Moonblast|p1a: Sneasler
|-damage|p1a: Sneasler|77/100
|-unboost|p1a: Sneasler|spa|1
|move|p2b: Annihilape|Rage Fist|p1b: Pelipper
|-damage|p1b: Pelipper|72/100
|move|p1b: Pelipper|Hurricane|p2a: Whimsicott
|-supereffective|p2a: Whimsicott
|-enditem|p2a: Whimsicott|Focus Sash
|-damage|p2a: Whimsicott|1/100
|
|-weather|RainDance|[upkeep]
|upkeep
|turn|4
|
|t:|1756496319
|-terastallize|p1a: Sneasler|Flying
|move|p1b: Pelipper|Helping Hand|p1a: Sneasler
|-singleturn|p1a: Sneasler|Helping Hand|[of] p1b: Pelipper
|move|p2a: Whimsicott|Encore|p1b: Pelipper
|-start|p1b: Pelipper|Encore
|move|p1a: Sneasler|Acrobatics|p2b: Annihilape
|-damage|p2b: Annihilape|3/100
|move|p2b: Annihilape|Rage Fist|p1b: Pelipper
|-damage|p1b: Pelipper|7/100
|
|-weather|RainDance|[upkeep]
|-sideend|p2: WallType|move: Tailwind
|upkeep
|turn|5
|
|t:|1756496355
|switch|p1b: Basculegion|Basculegion, L50, M, shiny|3/100
|move|p2a: Whimsicott|Tailwind|p2a: Whimsicott
|-sidestart|p2: WallType|move: Tailwind
|move|p1a: Sneasler|Acrobatics|p2b: Annihilape
|-damage|p2b: Annihilape|0 fnt
|faint|p2b: Annihilape
|
|-weather|none
|-sideend|p1: latios66|move: Tailwind
|-fieldend|move: Psychic Terrain
|upkeep
|
|t:|1756496361
|switch|p2b: Archaludon|Archaludon, L50, M|100/100
|turn|6
|
|t:|1756496406
|switch|p1b: Pelipper|Pelipper, L50, F|7/100
|-weather|RainDance|[from] ability: Drizzle|[of] p1b: Pelipper
|move|p2b: Archaludon|Protect|p2b: Archaludon
|-singleturn|p2b: Archaludon|Protect
|move|p2a: Whimsicott|Moonblast|p1b: Pelipper
|-damage|p1b: Pelipper|0 fnt
|faint|p1b: Pelipper
|move|p1a: Sneasler|Acrobatics|p2a: Whimsicott
|-supereffective|p2a: Whimsicott
|-damage|p2a: Whimsicott|0 fnt
|faint|p2a: Whimsicott
|
|-weather|RainDance|[upkeep]
|upkeep
|
|t:|1756496414
|switch|p1b: Basculegion|Basculegion, L50, M, shiny|3/100
|turn|7
|
|t:|1756496423
|move|p1a: Sneasler|Close Combat|p2b: Archaludon
|-supereffective|p2b: Archaludon
|-crit|p2b: Archaludon
|-damage|p2b: Archaludon|0 fnt
|-unboost|p1a: Sneasler|def|1
|-unboost|p1a: Sneasler|spd|1
|faint|p2b: Archaludon
|
|win|latios66
||WallType is ready for game 3.
