|j|☆upchicken
|j|☆AnotherDreamer
|html|upchickenAnotherDreamer    
|uhtml|bestof|Game 2 of a best-of-3
|t:|1756390423
|gametype|doubles
|player|p1|upchicken|az|1186
|player|p2|AnotherDreamer|266|1140
|gen|9
|tier|[Gen 9] VGC 2025 Reg H (Bo3)
|rated|
|rule|Species Clause: Limit one of each Pokémon
|rule|Item Clause: Limit 1 of each item
|clearpoke
|poke|p1|Grimmsnarl, L50, M|
|poke|p1|Annihilape, L50, F|
|poke|p1|Maushold, L50|
|poke|p1|Pelipper, L50, M|
|poke|p1|Archaludon, L50, M|
|poke|p1|Sinistcha, L50|
|poke|p2|Electabuzz, L50, M|
|poke|p2|Kingambit, L50, M|
|poke|p2|Volcarona, L50, F|
|poke|p2|Dragonite, L50, M|
|poke|p2|Sneasler, L50, F|
|poke|p2|Rillaboom, L50, F|
|teampreview|4
|showteam|p1|Grimmsnarl||LightClay|Prankster|Reflect,LightScreen,ThunderWave,SpiritBreak|||M|||50|,,,,,Steel]Annihilape||SpellTag|Defiant|BulkUp,Protect,DrainPunch,RageFist|||F|||50|,,,,,Fire]Maushold||SafetyGoggles|FriendGuard|BeatUp,Taunt,FollowMe,Protect||||||50|,,,,,Ghost]Pelipper||LifeOrb|Drizzle|WeatherBall,Hurricane,Tailwind,Protect|||M|||50|,,,,,Stellar]Archaludon||AssaultVest|Stamina|ElectroShot,DracoMeteor,Snarl,BodyPress|||M|||50|,,,,,Fighting]Sinistcha||SitrusBerry|Hospitality|LifeDew,RagePowder,TrickRoom,MatchaGotcha||||||50|,,,,,Water
|showteam|p2|Electabuzz||Eviolite|VitalSpirit|FollowMe,Electroweb,Taunt,Protect|||M|||50|,,,,,Ghost]Kingambit||BlackGlasses|Defiant|KowtowCleave,SuckerPunch,SwordsDance,Protect|||M|||50|,,,,,Dark]Volcarona||Leftovers|FlameBody|HeatWave,GigaDrain,QuiverDance,Protect|||F|||50|,,,,,Fairy]Dragonite||LoadedDice|Multiscale|ScaleShot,ExtremeSpeed,Tailwind,Protect|||M|||50|,,,,,Fairy]Sneasler||FocusSash|Unburden|DireClaw,CloseCombat,Coaching,FakeOut|||F|||50|,,,,,Stellar]Rillaboom||AssaultVest|GrassySurge|FakeOut,Uturn,GrassyGlide,HighHorsepower|||F|||50|,,,,,Fire
|inactive|Battle timer is ON: inactive players will automatically lose when time's up. (requested by AnotherDreamer)
|
|t:|1756390448
|teamsize|p1|4
|teamsize|p2|4
|start
|switch|p1a: Grimmsnarl|Grimmsnarl, L50, M|100/100
|switch|p1b: Archaludon|Archaludon, L50, M|100/100
|switch|p2a: Sneasler|Sneasler, L50, F|100/100
|switch|p2b: Dragonite|Dragonite, L50, M|100/100
|turn|1
|
|t:|1756390477
|-terastallize|p2b: Dragonite|Fairy
|-terastallize|p1b: Archaludon|Fighting
|move|p2b: Dragonite|Extreme Speed|p1a: Grimmsnarl
|-damage|p1a: Grimmsnarl|69/100
|move|p1a: Grimmsnarl|Reflect|p1a: Grimmsnarl
|-sidestart|p1: upchicken|Reflect
|move|p2a: Sneasler|Coaching|p2b: Dragonite
|-boost|p2b: Dragonite|atk|1
|-boost|p2b: Dragonite|def|1
|move|p1b: Archaludon|Draco Meteor|p2b: Dragonite
|-immune|p2b: Dragonite
|
|upkeep
|turn|2
|
|t:|1756390495
|move|p2b: Dragonite|Protect|p2b: Dragonite
|-singleturn|p2b: Dragonite|Protect
|move|p1a: Grimmsnarl|Thunder Wave|p2b: Dragonite
|-activate|p2b: Dragonite|move: Protect
|move|p2a: Sneasler|Dire Claw|p1b: Archaludon
|-damage|p1b: Archaludon|81/100
|-ability|p1b: Archaludon|Stamina|boost
|-boost|p1b: Archaludon|def|1
|move|p1b: Archaludon|Snarl|p2b: Dragonite|[spread] p2a
|-activate|p2b: Dragonite|move: Protect
|-resisted|p2a: Sneasler
|-damage|p2a: Sneasler|91/100
|-unboost|p2a: Sneasler|spa|1
|
|upkeep
|turn|3
|
|t:|1756390509
|switch|p1a: Pelipper|Pelipper, L50, M|100/100
|-weather|RainDance|[from] ability: Drizzle|[of] p1a: Pelipper
|move|p2a: Sneasler|Dire Claw|p1a: Pelipper
|-damage|p1a: Pelipper|62/100
|move|p2b: Dragonite|Scale Shot|p1b: Archaludon
|-damage|p1b: Archaludon|74/100
|-ability|p1b: Archaludon|Stamina|boost
|-boost|p1b: Archaludon|def|1
|-damage|p1b: Archaludon|68/100
|-ability|p1b: Archaludon|Stamina|boost
|-boost|p1b: Archaludon|def|1
|-damage|p1b: Archaludon|63/100
|-ability|p1b: Archaludon|Stamina|boost
|-boost|p1b: Archaludon|def|1
|-damage|p1b: Archaludon|59/100
|-ability|p1b: Archaludon|Stamina|boost
|-boost|p1b: Archaludon|def|1
|-hitcount|p1b: Archaludon|4
|-unboost|p2b: Dragonite|def|1
|-boost|p2b: Dragonite|spe|1
|move|p1b: Archaludon|Electro Shot||[still]
|-prepare|p1b: Archaludon|Electro Shot
|-boost|p1b: Archaludon|spa|1
|-anim|p1b: Archaludon|Electro Shot|p2a: Sneasler
|-damage|p2a: Sneasler|2/100
|
|-weather|RainDance|[upkeep]
|upkeep
|turn|4
|inactive|upchicken has 30 seconds left.
|
|t:|1756390538
|switch|p1a: Sinistcha|Sinistcha, L50|100/100
|-heal|p1b: Archaludon|84/100|[from] ability: Hospitality|[of] p1a: Sinistcha
|move|p2b: Dragonite|Scale Shot|p1a: Sinistcha
|-damage|p1a: Sinistcha|86/100
|-damage|p1a: Sinistcha|72/100
|-damage|p1a: Sinistcha|57/100
|-damage|p1a: Sinistcha|44/100
|-enditem|p1a: Sinistcha|Sitrus Berry|[eat]
|-heal|p1a: Sinistcha|68/100|[from] item: Sitrus Berry
|-damage|p1a: Sinistcha|54/100
|-hitcount|p1a: Sinistcha|5
|-unboost|p2b: Dragonite|def|1
|-boost|p2b: Dragonite|spe|1
|move|p2a: Sneasler|Dire Claw|p1b: Archaludon
|-crit|p1b: Archaludon
|-damage|p1b: Archaludon|41/100
|-status|p1b: Archaludon|par
|-ability|p1b: Archaludon|Stamina|boost
|-boost|p1b: Archaludon|def|1
|move|p1b: Archaludon|Electro Shot||[still]
|-prepare|p1b: Archaludon|Electro Shot
|-boost|p1b: Archaludon|spa|1
|-anim|p1b: Archaludon|Electro Shot|p2b: Dragonite
|-damage|p2b: Dragonite|53/100
|
|-weather|RainDance|[upkeep]
|upkeep
|turn|5
|inactive|AnotherDreamer has 30 seconds left.
|
|t:|1756390569
|switch|p1a: Grimmsnarl|Grimmsnarl, L50, M|69/100
|move|p2b: Dragonite|Scale Shot|p1a: Grimmsnarl
|-immune|p1a: Grimmsnarl
|move|p2a: Sneasler|Dire Claw|p1a: Grimmsnarl
|-supereffective|p1a: Grimmsnarl
|-damage|p1a: Grimmsnarl|8/100
|-status|p1a: Grimmsnarl|par
|cant|p1b: Archaludon|par
|
|-weather|RainDance|[upkeep]
|upkeep
|turn|6
|
|t:|1756390592
|switch|p1a: Sinistcha|Sinistcha, L50|54/100
|-heal|p1b: Archaludon|66/100 par|[from] ability: Hospitality|[of] p1a: Sinistcha
|move|p2b: Dragonite|Extreme Speed|p1a: Sinistcha
|-immune|p1a: Sinistcha
|move|p2a: Sneasler|Dire Claw|p1a: Sinistcha
|-damage|p1a: Sinistcha|31/100
|move|p1b: Archaludon|Electro Shot||[still]
|-prepare|p1b: Archaludon|Electro Shot
|-boost|p1b: Archaludon|spa|1
|-anim|p1b: Archaludon|Electro Shot|p2b: Dragonite
|-damage|p2b: Dragonite|0 fnt
|faint|p2b: Dragonite
|
|-weather|RainDance|[upkeep]
|upkeep
|
|t:|1756390597
|switch|p2b: Rillaboom|Rillaboom, L50, F|100/100
|-fieldstart|move: Grassy Terrain|[from] ability: Grassy Surge|[of] p2b: Rillaboom
|turn|7
|
|t:|1756390615
|switch|p1a: Grimmsnarl|Grimmsnarl, L50, M|8/100 par
|move|p2b: Rillaboom|Fake Out|p1b: Archaludon
|-damage|p1b: Archaludon|64/100 par
|move|p2a: Sneasler|Dire Claw|p1a: Grimmsnarl
|-supereffective|p1a: Grimmsnarl
|-damage|p1a: Grimmsnarl|0 fnt
|faint|p1a: Grimmsnarl
|cant|p1b: Archaludon|flinch
|
|-weather|none
|-heal|p2a: Sneasler|8/100|[from] Grassy Terrain
|-heal|p1b: Archaludon|70/100 par|[from] Grassy Terrain
|upkeep
|
|t:|1756390620
|switch|p1a: Sinistcha|Sinistcha, L50|31/100
|-heal|p1b: Archaludon|95/100 par|[from] ability: Hospitality|[of] p1a: Sinistcha
|turn|8
|
|t:|1756390628
|switch|p1a: Pelipper|Pelipper, L50, M|62/100
|-weather|RainDance|[from] ability: Drizzle|[of] p1a: Pelipper
|move|p2a: Sneasler|Dire Claw|p1a: Pelipper
|-damage|p1a: Pelipper|26/100
|move|p2b: Rillaboom|High Horsepower|p1b: Archaludon
|-damage|p1b: Archaludon|91/100 par
|move|p1b: Archaludon|Body Press|p2b: Rillaboom
|-damage|p2b: Rillaboom|0 fnt
|faint|p2b: Rillaboom
|
|-weather|RainDance|[upkeep]
|-heal|p2a: Sneasler|14/100|[from] Grassy Terrain
|-heal|p1b: Archaludon|97/100 par|[from] Grassy Terrain
|-sideend|p1: upchicken|Reflect
|upkeep
|
|t:|1756390631
|switch|p2b: Kingambit|Kingambit, L50, M|100/100
|turn|9
|
|t:|1756390647
|move|p1a: Pelipper|Protect|p1a: Pelipper
|-singleturn|p1a: Pelipper|Protect
|move|p2a: Sneasler|Dire Claw|p1a: Pelipper
|-activate|p1a: Pelipper|move: Protect
|move|p2b: Kingambit|Swords Dance|p2b: Kingambit
|-boost|p2b: Kingambit|atk|2
|move|p1b: Archaludon|Body Press|p2a: Sneasler
|-resisted|p2a: Sneasler
|-damage|p2a: Sneasler|0 fnt
|faint|p2a: Sneasler
|
|-weather|RainDance|[upkeep]
|-heal|p1b: Archaludon|100/100 par|[from] Grassy Terrain
|upkeep
|turn|10
|
|t:|1756390661
|move|p1a: Pelipper|Tailwind|p1a: Pelipper
|-sidestart|p1: upchicken|move: Tailwind
|move|p1b: Archaludon|Body Press|p2b: Kingambit
|-supereffective|p2b: Kingambit
|-damage|p2b: Kingambit|0 fnt
|faint|p2b: Kingambit
|
|win|upchicken
|raw|upchicken's rating: 1186 → 1208(+22 for winning)
|raw|AnotherDreamer's rating: 1140 → 1118(-22 for losing)
|l|☆AnotherDreamer
|player|p2|
