|j|☆tmp_axo
|j|☆artyowls
|html|tmp_axoartyowls    
|uhtml|bestof|Game 1 of a best-of-3
|t:|1756367809
|gametype|doubles
|player|p1|tmp_axo|pokekid|1075
|player|p2|artyowls|plasmagrunt|1062
|gen|9
|tier|[Gen 9] VGC 2025 Reg H (Bo3)
|rated|
|rule|Species Clause: Limit one of each Pokémon
|rule|Item Clause: Limit 1 of each item
|clearpoke
|poke|p1|Ursaluna, L50, M|
|poke|p1|Maushold-Four, L50|
|poke|p1|Indeedee-F, L50, F|
|poke|p1|Armarouge, L50, F|
|poke|p1|Murkrow, L50, M|
|poke|p1|Amoonguss, L50, F|
|poke|p2|Archaludon, L50, F|
|poke|p2|Electabuzz, L50, M|
|poke|p2|Rillaboom, L50, M|
|poke|p2|Kingambit, L50, F|
|poke|p2|Pelipper, L50, F|
|poke|p2|Dragapult, L50, F|
|teampreview|4
|showteam|p1|Ursaluna||FlameOrb|Guts|Facade,HeadlongRush,Earthquake,Protect|||M|||50|,,,,,Ghost]Maushold-Four||WideLens|Technician|PopulationBomb,Encore,Taunt,Protect||||||50|,,,,,Ghost]Indeedee-F||SitrusBerry|PsychicSurge|Psychic,FollowMe,TrickRoom,Imprison|||F|||50|,,,,,Grass]Armarouge||PowerHerb|FlashFire|ExpandingForce,ArmorCannon,MeteorBeam,Protect|||F|||50|,,,,,Psychic]Murkrow||Eviolite|Prankster|FoulPlay,Tailwind,Haze,Protect|||M|||50|,,,,,Steel]Amoonguss||RockyHelmet|Regenerator|PollenPuff,Spore,RagePowder,Protect|||F|||50|,,,,,Fairy
|showteam|p2|Archaludon||AssaultVest|Stamina|BodyPress,ElectroShot,DracoMeteor,FlashCannon|||F|||50|,,,,,Flying]Electabuzz||Eviolite|VitalSpirit|FollowMe,Protect,Taunt,Thunderbolt|||M|||50|,,,,,Fairy]Rillaboom||LoadedDice|GrassySurge|FakeOut,GrassyGlide,BulletSeed,HighHorsepower|||M|||50|,,,,,Water]Kingambit||SafetyGoggles|Defiant|SuckerPunch,SwordsDance,KowtowCleave,Protect|||F|||50|,,,,,Dark]Pelipper||FocusSash|Drizzle|Hurricane,WeatherBall,Protect,Tailwind|||F|||50|,,,,,Stellar]Dragapult||ChoiceBand|ClearBody|DragonDarts,PhantomForce,Outrage,Uturn|||F|||50|,,,,,Dragon
|
|t:|1756367889
|teamsize|p1|4
|teamsize|p2|4
|start
|switch|p1a: Indeedee|Indeedee-F, L50, F|100/100
|switch|p1b: Armarouge|Armarouge, L50, F|100/100
|switch|p2a: Rillaboom|Rillaboom, L50, M|100/100
|switch|p2b: Archaludon|Archaludon, L50, F|100/100
|-fieldstart|move: Grassy Terrain|[from] ability: Grassy Surge|[of] p2a: Rillaboom
|-fieldstart|move: Psychic Terrain|[from] ability: Psychic Surge|[of] p1a: Indeedee
|turn|1
|
|t:|1756367932
|switch|p2a: Kingambit|Kingambit, L50, F|100/100
|move|p2b: Archaludon|Body Press|p1a: Indeedee
|-damage|p1a: Indeedee|77/100
|move|p1b: Armarouge|Meteor Beam||[still]
|-prepare|p1b: Armarouge|Meteor Beam
|-boost|p1b: Armarouge|spa|1
|-enditem|p1b: Armarouge|Power Herb
|-anim|p1b: Armarouge|Meteor Beam|p2b: Archaludon
|-resisted|p2b: Archaludon
|-damage|p2b: Archaludon|80/100
|-ability|p2b: Archaludon|Stamina|boost
|-boost|p2b: Archaludon|def|1
|move|p1a: Indeedee|Trick Room|p1a: Indeedee
|-fieldstart|move: Trick Room|[of] p1a: Indeedee
|
|upkeep
|turn|2
|
|t:|1756367983
|-terastallize|p2a: Kingambit|Dark
|move|p1a: Indeedee|Follow Me|p1a: Indeedee
|-singleturn|p1a: Indeedee|move: Follow Me
|move|p2a: Kingambit|Kowtow Cleave|p1a: Indeedee
|-supereffective|p1a: Indeedee
|-damage|p1a: Indeedee|0 fnt
|faint|p1a: Indeedee
|move|p1b: Armarouge|Armor Cannon|p2a: Kingambit
|-damage|p2a: Kingambit|12/100
|-unboost|p1b: Armarouge|def|1
|-unboost|p1b: Armarouge|spd|1
|move|p2b: Archaludon|Draco Meteor|p1b: Armarouge
|-damage|p1b: Armarouge|3/100
|-unboost|p2b: Archaludon|spa|2
|
|upkeep
|
|t:|1756367993
|switch|p1a: Ursaluna|Ursaluna, L50, M|100/100
|turn|3
|
|t:|1756368031
|switch|p2b: Pelipper|Pelipper, L50, F|100/100
|-weather|RainDance|[from] ability: Drizzle|[of] p2b: Pelipper
|move|p1a: Ursaluna|Protect|p1a: Ursaluna
|-singleturn|p1a: Ursaluna|Protect
|move|p2a: Kingambit|Sucker Punch|p1b: Armarouge
|-activate|p1b: Armarouge|move: Psychic Terrain
|move|p1b: Armarouge|Armor Cannon|p2b: Pelipper
|-resisted|p2b: Pelipper
|-damage|p2b: Pelipper|61/100
|-unboost|p1b: Armarouge|def|1
|-unboost|p1b: Armarouge|spd|1
|
|-weather|RainDance|[upkeep]
|-status|p1a: Ursaluna|brn|[from] item: Flame Orb
|upkeep
|turn|4
|
|t:|1756368070
|-terastallize|p1a: Ursaluna|Ghost
|move|p2a: Kingambit|Protect|p2a: Kingambit
|-singleturn|p2a: Kingambit|Protect
|move|p1b: Armarouge|Protect|p1b: Armarouge
|-singleturn|p1b: Armarouge|Protect
|move|p1a: Ursaluna|Facade|p2a: Kingambit
|-activate|p2a: Kingambit|move: Protect
|move|p2b: Pelipper|Weather Ball|p1a: Ursaluna
|-damage|p1a: Ursaluna|34/100 brn
|
|-weather|RainDance|[upkeep]
|-damage|p1a: Ursaluna|28/100 brn|[from] brn
|upkeep
|turn|5
|
|t:|1756368103
|switch|p2b: Rillaboom|Rillaboom, L50, M|100/100
|-fieldstart|move: Grassy Terrain|[from] ability: Grassy Surge|[of] p2b: Rillaboom
|move|p1a: Ursaluna|Protect|p1a: Ursaluna
|-singleturn|p1a: Ursaluna|Protect
|move|p2a: Kingambit|Sucker Punch|p1b: Armarouge
|-supereffective|p1b: Armarouge
|-damage|p1b: Armarouge|0 fnt
|faint|p1b: Armarouge
|
|-weather|RainDance|[upkeep]
|-heal|p2a: Kingambit|18/100|[from] Grassy Terrain
|-heal|p1a: Ursaluna|34/100 brn|[from] Grassy Terrain
|-damage|p1a: Ursaluna|28/100 brn|[from] brn
|-fieldend|move: Trick Room
|upkeep
|
|t:|1756368109
|switch|p1b: Murkrow|Murkrow, L50, M|100/100
|turn|6
|
|t:|1756368134
|move|p2b: Rillaboom|Fake Out|p1b: Murkrow
|-damage|p1b: Murkrow|83/100
|move|p2a: Kingambit|Sucker Punch|p1a: Ursaluna
|-supereffective|p1a: Ursaluna
|-damage|p1a: Ursaluna|0 fnt
|faint|p1a: Ursaluna
|cant|p1b: Murkrow|flinch
|
|-weather|RainDance|[upkeep]
|-heal|p2a: Kingambit|24/100|[from] Grassy Terrain
|upkeep
|turn|7
|
|t:|1756368163
|move|p1b: Murkrow|Foul Play|p2a: Kingambit
|-resisted|p2a: Kingambit
|-damage|p2a: Kingambit|2/100
|move|p2b: Rillaboom|Bullet Seed|p1b: Murkrow
|-resisted|p1b: Murkrow
|-damage|p1b: Murkrow|72/100
|-resisted|p1b: Murkrow
|-damage|p1b: Murkrow|62/100
|-resisted|p1b: Murkrow
|-damage|p1b: Murkrow|51/100
|-resisted|p1b: Murkrow
|-damage|p1b: Murkrow|40/100
|-resisted|p1b: Murkrow
|-damage|p1b: Murkrow|29/100
|-hitcount|p1b: Murkrow|5
|move|p2a: Kingambit|Kowtow Cleave|p1b: Murkrow
|-resisted|p1b: Murkrow
|-damage|p1b: Murkrow|0 fnt
|faint|p1b: Murkrow
|
|win|artyowls
||tmp_axo is ready for game 2.
|inactive|artyowls has 30 seconds to confirm battle start!
||artyowls is ready for game 2.
|uhtml|next|Next: Game 2 of 3
