|j|☆SheIcyMyWind
|j|☆tessa scarlet
|html|SheIcyMyWindtessa scarlet    
|uhtml|bestof|Game 3 of a best-of-3
|t:|1756239710
|gametype|doubles
|player|p1|SheIcyMyWind|n|1163
|player|p2|tessa scarlet|102|1276
|gen|9
|tier|[Gen 9] VGC 2025 Reg H (Bo3)
|rated|
|rule|Species Clause: Limit one of each Pokémon
|rule|Item Clause: Limit 1 of each item
|clearpoke
|poke|p1|Annihilape, L50, M|
|poke|p1|Ninetales-Alola, L50, M|
|poke|p1|Garchomp, L50, F|
|poke|p1|Dragonite, L50, M|
|poke|p1|Sneasler, L50, M|
|poke|p1|Incineroar, L50, F|
|poke|p2|Gholdengo, L50|
|poke|p2|Dragonite, L50, F|
|poke|p2|Volcarona, L50, M|
|poke|p2|Annihilape, L50, M|
|poke|p2|Dondozo, L50, M|
|poke|p2|Ursaluna-Bloodmoon, L50, M|
|teampreview|4
|showteam|p1|Annihilape||AssaultVest|Defiant|RageFist,DrainPunch,RockTomb,FinalGambit|||M|||50|,,,,,Fire]Ninetales-Alola||ChoiceSpecs|SnowWarning|Blizzard,Moonblast,FreezeDry,IcyWind|||M|||50|,,,,,Ghost]Garchomp||LifeOrb|RoughSkin|Earthquake,StompingTantrum,DragonClaw,Protect|||F|||50|,,,,,Steel]Dragonite||LoadedDice|Multiscale|ScaleShot,Tailwind,Protect,Haze|||M|||50|,,,,,Fairy]Sneasler||FocusSash|Unburden|CloseCombat,DireClaw,FakeOut,Coaching|||M|||50|,,,,,Ghost]Incineroar||SafetyGoggles|Intimidate|KnockOff,Taunt,FakeOut,PartingShot|||F|||50|,,,,,Fairy
|showteam|p2|Gholdengo||ChoiceScarf|GoodasGold|MakeItRain,ShadowBall,Trick,Protect||||||50|,,,,,Steel]Dragonite||LoadedDice|Multiscale|ScaleShot,ExtremeSpeed,Haze,Protect|||F|||50|,,,,,Fairy]Volcarona||CovertCloak|FlameBody|HeatWave,RagePowder,Tailwind,StruggleBug|||M|||50|,,,,,Water]Annihilape||FocusSash|Defiant|CloseCombat,RageFist,Coaching,FinalGambit|||M|||50|,,,,,Stellar]Dondozo||Leftovers|Unaware|WaveCrash,Yawn,Fissure,Protect|||M|||50|,,,,,Poison]Ursaluna-Bloodmoon||AssaultVest|MindsEye|BloodMoon,EarthPower,HyperVoice,VacuumWave|||M|||50|,,,,,Normal
|inactive|Battle timer is ON: inactive players will automatically lose when time's up. (requested by SheIcyMyWind)
|inactive|tessa scarlet has 60 seconds left.
|inactive|tessa scarlet has 30 seconds left.
|
|t:|1756239803
|teamsize|p1|4
|teamsize|p2|4
|start
|switch|p1a: Dragonite|Dragonite, L50, M, shiny|100/100
|switch|p1b: Garchomp|Garchomp, L50, F|100/100
|switch|p2a: Gholdengo|Gholdengo, L50|100/100
|switch|p2b: Annihilape|Annihilape, L50, M|100/100
|turn|1
|inactive|SheIcyMyWind has 30 seconds left.
|inactive|tessa scarlet has 30 seconds left.
|
|t:|1756239832
|switch|p2a: Dragonite|Dragonite, L50, F|100/100
|-terastallize|p1b: Garchomp|Steel
|move|p1a: Dragonite|Protect|p1a: Dragonite
|-singleturn|p1a: Dragonite|Protect
|move|p1b: Garchomp|Earthquake|p2b: Annihilape|[spread] p2b
|-activate|p1a: Dragonite|move: Protect
|-immune|p2a: Dragonite
|-damage|p2b: Annihilape|48/100
|-damage|p1b: Garchomp|91/100|[from] item: Life Orb
|move|p2b: Annihilape|Coaching|p2a: Dragonite
|-boost|p2a: Dragonite|atk|1
|-boost|p2a: Dragonite|def|1
|
|upkeep
|turn|2
|inactive|tessa scarlet has 30 seconds left.
|
|t:|1756239863
|switch|p2b: Volcarona|Volcarona, L50, M|100/100
|-terastallize|p2a: Dragonite|Fairy
|move|p1b: Garchomp|Earthquake|p2b: Volcarona|[spread] p2a,p2b
|-immune|p1a: Dragonite
|-damage|p2a: Dragonite|83/100
|-damage|p2b: Volcarona|51/100
|-damage|p1b: Garchomp|81/100|[from] item: Life Orb
|move|p1a: Dragonite|Scale Shot|p2a: Dragonite
|-immune|p2a: Dragonite
|move|p2a: Dragonite|Scale Shot|p1a: Dragonite
|-supereffective|p1a: Dragonite
|-damage|p1a: Dragonite|74/100
|-supereffective|p1a: Dragonite
|-damage|p1a: Dragonite|27/100
|-supereffective|p1a: Dragonite
|-damage|p1a: Dragonite|0 fnt
|faint|p1a: Dragonite
|-hitcount|p1: Dragonite|3
|-unboost|p2a: Dragonite|def|1
|-boost|p2a: Dragonite|spe|1
|
|upkeep
|
|t:|1756239883
|switch|p1a: Ninetales|Ninetales-Alola, L50, M, shiny|100/100
|-weather|Snowscape|[from] ability: Snow Warning|[of] p1a: Ninetales
|turn|3
|
|t:|1756239904
|switch|p1b: Annihilape|Annihilape, L50, M, shiny|100/100
|switch|p2b: Annihilape|Annihilape, L50, M|48/100
|move|p2a: Dragonite|Scale Shot|p1b: Annihilape
|-damage|p1b: Annihilape|80/100
|-damage|p1b: Annihilape|56/100
|-damage|p1b: Annihilape|32/100
|-damage|p1b: Annihilape|8/100
|-damage|p1b: Annihilape|0 fnt
|faint|p1b: Annihilape
|-hitcount|p1: Annihilape|5
|-unboost|p2a: Dragonite|def|1
|-boost|p2a: Dragonite|spe|1
|move|p1a: Ninetales|Blizzard|p2a: Dragonite|[spread] p2a,p2b
|-damage|p2a: Dragonite|36/100
|-damage|p2b: Annihilape|8/100
|
|-weather|Snowscape|[upkeep]
|upkeep
|
|t:|1756239912
|switch|p1b: Garchomp|Garchomp, L50, F, tera:Steel|81/100
|turn|4
|
|t:|1756239925
|move|p2a: Dragonite|Protect|p2a: Dragonite
|-singleturn|p2a: Dragonite|Protect
|move|p1b: Garchomp|Protect|p1b: Garchomp
|-singleturn|p1b: Garchomp|Protect
|move|p1a: Ninetales|Blizzard|p2a: Dragonite|[spread] p2b
|-activate|p2a: Dragonite|move: Protect
|-damage|p2b: Annihilape|0 fnt
|faint|p2b: Annihilape
|
|-weather|Snowscape|[upkeep]
|upkeep
|
|t:|1756239929
|switch|p2b: Gholdengo|Gholdengo, L50|100/100
|turn|5
|
|t:|1756239937
|move|p2a: Dragonite|Scale Shot|p1b: Garchomp
|-resisted|p1b: Garchomp
|-damage|p1b: Garchomp|70/100
|-resisted|p1b: Garchomp
|-crit|p1b: Garchomp
|-damage|p1b: Garchomp|52/100
|-resisted|p1b: Garchomp
|-damage|p1b: Garchomp|41/100
|-resisted|p1b: Garchomp
|-damage|p1b: Garchomp|30/100
|-hitcount|p1b: Garchomp|4
|-unboost|p2a: Dragonite|def|1
|-boost|p2a: Dragonite|spe|1
|move|p2b: Gholdengo|Make It Rain|p1b: Garchomp|[spread] p1a,p1b
|-supereffective|p1a: Ninetales
|-resisted|p1b: Garchomp
|-damage|p1a: Ninetales|0 fnt
|-damage|p1b: Garchomp|3/100
|-unboost|p2b: Gholdengo|spa|1
|faint|p1a: Ninetales
|move|p1b: Garchomp|Earthquake|p2b: Gholdengo|[spread] p2a,p2b
|-supereffective|p2b: Gholdengo
|-damage|p2a: Dragonite|0 fnt
|-damage|p2b: Gholdengo|0 fnt
|faint|p2a: Dragonite
|faint|p2b: Gholdengo
|-damage|p1b: Garchomp|0 fnt|[from] item: Life Orb
|faint|p1b: Garchomp
|
|win|tessa scarlet
|raw|SheIcyMyWind's rating: 1163 → 1146(-17 for losing)
|raw|tessa scarlet's rating: 1276 → 1293(+17 for winning)
|c|☆SheIcyMyWind|Lmao gg
|c|☆tessa scarlet|gg
|l|☆tessa scarlet
|player|p2|
|l|☆SheIcyMyWind
|player|p1|
|j|☆SheIcyMyWind
|player|p1|SheIcyMyWind|n|
|l|☆SheIcyMyWind
|player|p1|
|j|☆SheIcyMyWind
|player|p1|SheIcyMyWind|n|
