|j|☆sillyfrog2003
|j|☆colemarcusvgc
|html|sillyfrog2003colemarcusvgc    
|uhtml|bestof|Game 1 of a best-of-3
|t:|1757644891
|gametype|doubles
|player|p1|sillyfrog2003|guitarist|1100
|player|p2|colemarcusvgc|n|1016
|gen|9
|tier|[Gen 9] VGC 2025 Reg H (Bo3)
|rated|
|rule|Species Clause: Limit one of each Pokémon
|rule|Item Clause: Limit 1 of each item
|clearpoke
|poke|p1|Typhlosion-Hisui, L50, M|
|poke|p1|Jumpluff, L50, F|
|poke|p1|Ursaluna, L50, M|
|poke|p1|Gyarados, L50, M|
|poke|p1|Torkoal, L50, M|
|poke|p1|Bronzong, L50|
|poke|p2|Indeedee-F, L50, F|
|poke|p2|Hatterene, L50, F|
|poke|p2|Gallade, L50, M|
|poke|p2|Ursaluna, L50, M|
|poke|p2|Torkoal, L50, F|
|poke|p2|Zoroark-Hisui, L50, F|
|teampreview|4
|showteam|p1|Typhlosion-Hisui||ChoiceSpecs|Frisk|Eruption,ShadowBall,Flamethrower,HeatWave|||M|||50|,,,,,Fire]Jumpluff||CovertCloak|Chlorophyll|SleepPowder,SunnyDay,Tailwind,RagePowder|||F|||50|,,,,,Dark]Ursaluna||FlameOrb|Guts|Protect,Facade,Earthquake,HeadlongRush|||M|||50|,,,,,Water]Gyarados||WideLens|Intimidate|MuddyWater,Taunt,ThunderWave,Protect|||M|||50|,,,,,Dark]Torkoal||Charcoal|Drought|Eruption,Flamethrower,ClearSmog,Protect|||M|||50|,,,,,Fire]Bronzong||PowerHerb|Levitate|GyroBall,SkillSwap,PsychicTerrain,TrickRoom||||||50|,,,,,Ghost
|showteam|p2|Indeedee-F||PsychicSeed|PsychicSurge|TrickRoom,FollowMe,HelpingHand,DazzlingGleam|||F|||50|,,,,,Fire]Hatterene||TwistedSpoon|MagicBounce|ExpandingForce,TrickRoom,DazzlingGleam,Protect|||F|||50|,,,,,Water]Gallade||ClearAmulet|Sharpness|SacredSword,PsychoCut,TrickRoom,WideGuard|||M|||50|,,,,,Grass]Ursaluna||FlameOrb|Guts|HeadlongRush,Facade,Earthquake,Protect|||M|||50|,,,,,Ghost]Torkoal||ChoiceSpecs|Drought|Eruption,HeatWave,WeatherBall,EarthPower|||F|||50|,,,,,Fire]Zoroark-Hisui||FocusSash|Illusion|HyperVoice,BitterMalice,Snarl,Taunt|||F|||50|,,,,,Stellar
|inactive|Battle timer is ON: inactive players will automatically lose when time's up. (requested by colemarcusvgc)
|inactive|colemarcusvgc has 60 seconds left.
|
|t:|1757644935
|teamsize|p1|4
|teamsize|p2|4
|start
|switch|p1a: Typhlosion|Typhlosion-Hisui, L50, M|100/100
|switch|p1b: Jumpluff|Jumpluff, L50, F|100/100
|switch|p2a: Indeedee|Indeedee-F, L50, F|100/100
|switch|p2b: Hatterene|Hatterene, L50, F|100/100
|-item|p2a: Indeedee|Psychic Seed|[from] ability: Frisk|[of] p1a: Typhlosion
|-item|p2b: Hatterene|Focus Sash|[from] ability: Frisk|[of] p1a: Typhlosion
|-fieldstart|move: Psychic Terrain|[from] ability: Psychic Surge|[of] p2a: Indeedee
|-enditem|p2a: Indeedee|Psychic Seed
|-boost|p2a: Indeedee|spd|1|[from] item: Psychic Seed
|turn|1
|
|t:|1757644954
|-terastallize|p1a: Typhlosion|Fire
|-terastallize|p2a: Indeedee|Fire
|move|p2b: Hatterene|Taunt|p1b: Jumpluff
|-start|p1b: Jumpluff|move: Taunt
|cant|p1b: Jumpluff|move: Taunt|Sunny Day
|move|p1a: Typhlosion|Eruption|p2b: Hatterene|[spread] p2a,p2b
|-resisted|p2a: Indeedee
|-damage|p2a: Indeedee|62/100
|-enditem|p2b: Hatterene|Focus Sash
|-damage|p2b: Hatterene|1/100
|replace|p2b: Zoroark|Zoroark-Hisui, L50, F
|-end|p2b: Zoroark|Illusion
|move|p2a: Indeedee|Trick Room|p2a: Indeedee
|-fieldstart|move: Trick Room|[of] p2a: Indeedee
|
|upkeep
|turn|2
|inactive|colemarcusvgc has 30 seconds left.
|inactive|colemarcusvgc has 20 seconds left.
|
|t:|1757644989
|switch|p2a: Ursaluna|Ursaluna, L50, M|100/100
|switch|p1b: Ursaluna|Ursaluna, L50, M|100/100
|move|p1a: Typhlosion|Eruption|p2a: Ursaluna|[spread] p2a,p2b
|-damage|p2a: Ursaluna|1/100
|-damage|p2b: Zoroark|0 fnt
|faint|p2b: Zoroark
|
|-status|p2a: Ursaluna|brn|[from] item: Flame Orb
|-status|p1b: Ursaluna|brn|[from] item: Flame Orb
|upkeep
|
|t:|1757645001
|switch|p2b: Hatterene|Hatterene, L50, F|100/100
|turn|3
|
|t:|1757645017
|switch|p1a: Jumpluff|Jumpluff, L50, F|100/100
|move|p1b: Ursaluna|Protect|p1b: Ursaluna
|-singleturn|p1b: Ursaluna|Protect
|move|p2b: Hatterene|Expanding Force|p1b: Ursaluna|[spread] p1a
|-activate|p1b: Ursaluna|move: Protect
|-damage|p1a: Jumpluff|21/100
|move|p2a: Ursaluna|Facade|p1b: Ursaluna
|-activate|p1b: Ursaluna|move: Protect
|
|-damage|p2a: Ursaluna|0 fnt|[from] brn
|faint|p2a: Ursaluna
|-damage|p1b: Ursaluna|95/100 brn|[from] brn
|upkeep
|
|t:|1757645030
|switch|p2a: Indeedee|Indeedee-F, L50, F, tera:Fire|62/100
|turn|4
|
|t:|1757645039
|move|p2a: Indeedee|Helping Hand|p2b: Hatterene
|-singleturn|p2b: Hatterene|Helping Hand|[of] p2a: Indeedee
|move|p2b: Hatterene|Expanding Force|p1a: Jumpluff|[spread] p1a,p1b
|-damage|p1a: Jumpluff|0 fnt
|-damage|p1b: Ursaluna|0 fnt
|faint|p1a: Jumpluff
|faint|p1b: Ursaluna
|
|upkeep
|
|t:|1757645047
|switch|p1b: Gyarados|Gyarados, L50, M|100/100
|switch|p1a: Typhlosion|Typhlosion-Hisui, L50, M, tera:Fire|100/100
|-ability|p1b: Gyarados|Intimidate|boost
|-unboost|p2a: Indeedee|atk|1
|-unboost|p2b: Hatterene|atk|1
|-item|p2b: Hatterene|Twisted Spoon|[from] ability: Frisk|[of] p1a: Typhlosion
|turn|5
|
|t:|1757645059
|move|p2a: Indeedee|Helping Hand|p2b: Hatterene
|-singleturn|p2b: Hatterene|Helping Hand|[of] p2a: Indeedee
|move|p1b: Gyarados|Protect|p1b: Gyarados
|-singleturn|p1b: Gyarados|Protect
|move|p2b: Hatterene|Expanding Force|p1b: Gyarados|[spread] p1a
|-activate|p1b: Gyarados|move: Protect
|-damage|p1a: Typhlosion|0 fnt
|faint|p1a: Typhlosion
|
|-fieldend|move: Trick Room
|-fieldend|move: Psychic Terrain
|upkeep
|turn|6
|
|t:|1757645078
|move|p2a: Indeedee|Dazzling Gleam|p1b: Gyarados
|-damage|p1b: Gyarados|89/100
|move|p1b: Gyarados|Muddy Water|p2b: Hatterene|[spread] p2a,p2b
|-supereffective|p2a: Indeedee
|-damage|p2a: Indeedee|34/100
|-damage|p2b: Hatterene|85/100
|move|p2b: Hatterene|Dazzling Gleam|p1b: Gyarados
|-damage|p1b: Gyarados|55/100
|
|upkeep
|turn|7
|
|t:|1757645104
|move|p1b: Gyarados|Muddy Water|p2b: Hatterene|[spread] p2a,p2b
|-supereffective|p2a: Indeedee
|-damage|p2a: Indeedee|0 fnt
|-damage|p2b: Hatterene|68/100
|faint|p2a: Indeedee
|move|p2b: Hatterene|Dazzling Gleam|p1b: Gyarados
|-damage|p1b: Gyarados|22/100
|
|upkeep
|turn|8
|
|t:|1757645113
|move|p1b: Gyarados|Muddy Water|p2b: Hatterene
|-damage|p2b: Hatterene|45/100
|-unboost|p2b: Hatterene|accuracy|1
|move|p2b: Hatterene|Dazzling Gleam|p1b: Gyarados|[miss]
|-miss|p2b: Hatterene|p1b: Gyarados
|
|upkeep
|turn|9
|
|t:|1757645120
|move|p1b: Gyarados|Thunder Wave|p2b: Hatterene
|move|p2b: Hatterene|Thunder Wave|p1b: Gyarados|[from] ability: Magic Bounce|[miss]
|-miss|p2b: Hatterene|p1b: Gyarados
|move|p2b: Hatterene|Dazzling Gleam|p1b: Gyarados
|-damage|p1b: Gyarados|0 fnt
|faint|p1b: Gyarados
|
|win|colemarcusvgc
|l|☆sillyfrog2003
|player|p1|
||sillyfrog2003 is ready for game 2.
