|j|☆SirNeru
|j|☆luckstat10
|html|SirNeruluckstat10    
|uhtml|bestof|Game 2 of a best-of-3
|t:|1756154309
|gametype|doubles
|player|p1|SirNeru|2|1117
|player|p2|luckstat10|1|1083
|gen|9
|tier|[Gen 9] VGC 2025 Reg H (Bo3)
|rated|
|rule|Species Clause: Limit one of each Pokémon
|rule|Item Clause: Limit 1 of each item
|clearpoke
|poke|p1|Gholdengo, L50|
|poke|p1|Primarina, L50, F|
|poke|p1|Tyranitar, L50, F|
|poke|p1|Excadrill, L50, F|
|poke|p1|Electabuzz, L50, F|
|poke|p1|Sneasler, L50, F|
|poke|p2|Rillaboom, L50, M|
|poke|p2|Gholdengo, L50|
|poke|p2|Volcarona, L50, F|
|poke|p2|Dragonite, L50, M|
|poke|p2|Annihilape, L50, M|
|poke|p2|Whimsicott, L50, M|
|teampreview|4
|showteam|p1|Gholdengo||LifeOrb|GoodasGold|MakeItRain,NastyPlot,Protect,ShadowBall||||||50|,,,,,Dragon]Primarina||ThroatSpray|LiquidVoice|Moonblast,HyperVoice,Protect,IceBeam|||F|||50|,,,,,Poison]Tyranitar||AssaultVest|SandStream|RockSlide,IcyWind,KnockOff,TeraBlast|||F|||50|,,,,,Flying]Excadrill||FocusSash|SandRush|Earthquake,IronHead,RockSlide,Protect|||F|||50|,,,,,Stellar]Electabuzz||Eviolite|VitalSpirit|FollowMe,Electroweb,Taunt,Protect|||F|||50|,,,,,Ghost]Sneasler||WhiteHerb|Unburden|Coaching,DireClaw,CloseCombat,Protect|||F|||50|,,,,,Fighting
|showteam|p2|Rillaboom||AssaultVest|GrassySurge|FakeOut,WoodHammer,GrassyGlide,HighHorsepower|||M|||50|,,,,,Fire]Gholdengo||LifeOrb|GoodasGold|NastyPlot,MakeItRain,ShadowBall,Protect||||||50|,,,,,Water]Volcarona||SitrusBerry|FlameBody|QuiverDance,HeatWave,GigaDrain,Protect|||F|||50|,,,,,Grass]Dragonite||LoadedDice|Multiscale|ScaleShot,ExtremeSpeed,Tailwind,Protect|||M|||50|,,,,,Steel]Annihilape||Leftovers|Defiant|BulkUp,DrainPunch,RageFist,Protect|||M|||50|,,,,,Fire]Whimsicott||CovertCloak|Prankster|Tailwind,BeatUp,Moonblast,Encore|||M|||50|,,,,,Grass
|
|t:|1756154386
|teamsize|p1|4
|teamsize|p2|4
|start
|switch|p1a: Excadrill|Excadrill, L50, F, shiny|100/100
|switch|p1b: Sneasler|Sneasler, L50, F|100/100
|switch|p2a: Annihilape|Annihilape, L50, M, shiny|100/100
|switch|p2b: Mothra|Volcarona, L50, F, shiny|100/100
|turn|1
|inactive|Battle timer is ON: inactive players will automatically lose when time's up. (requested by SirNeru)
|
|t:|1756154426
|-terastallize|p2b: Mothra|Grass
|move|p1b: Sneasler|Coaching|p1a: Excadrill
|-boost|p1a: Excadrill|atk|1
|-boost|p1a: Excadrill|def|1
|move|p1a: Excadrill|Rock Slide|p2a: Annihilape|[spread] p2a,p2b
|-resisted|p2a: Annihilape
|-damage|p2a: Annihilape|83/100
|-damage|p2b: Mothra|69/100
|move|p2a: Annihilape|Bulk Up|p2a: Annihilape
|-boost|p2a: Annihilape|atk|1
|-boost|p2a: Annihilape|def|1
|move|p2b: Mothra|Quiver Dance|p2b: Mothra
|-boost|p2b: Mothra|spa|1
|-boost|p2b: Mothra|spd|1
|-boost|p2b: Mothra|spe|1
|
|-heal|p2a: Annihilape|89/100|[from] item: Leftovers
|upkeep
|turn|2
|
|t:|1756154446
|move|p1a: Excadrill|Protect|p1a: Excadrill
|-singleturn|p1a: Excadrill|Protect
|move|p2b: Mothra|Heat Wave|p1b: Sneasler|[spread] p1b
|-activate|p1a: Excadrill|move: Protect
|-damage|p1b: Sneasler|24/100
|move|p1b: Sneasler|Dire Claw|p2b: Mothra
|-supereffective|p2b: Mothra
|-damage|p2b: Mothra|0 fnt
|faint|p2b: Mothra
|move|p2a: Annihilape|Rage Fist|p1b: Sneasler
|-damage|p1b: Sneasler|0 fnt
|faint|p1b: Sneasler
|
|-heal|p2a: Annihilape|95/100|[from] item: Leftovers
|upkeep
|
|t:|1756154464
|switch|p1b: Electabuzz|Electabuzz, L50, F, shiny|100/100
|switch|p2b: Whimsicott|Whimsicott, L50, M|100/100
|turn|3
|
|t:|1756154477
|move|p2b: Whimsicott|Encore|p1a: Excadrill
|-start|p1a: Excadrill|Encore
|move|p1b: Electabuzz|Taunt|p2a: Annihilape
|-start|p2a: Annihilape|move: Taunt
|move|p1a: Excadrill|Protect|p1a: Excadrill
|-singleturn|p1a: Excadrill|Protect
|move|p2a: Annihilape|Rage Fist|p1b: Electabuzz
|-damage|p1b: Electabuzz|48/100
|
|-heal|p2a: Annihilape|100/100|[from] item: Leftovers
|upkeep
|turn|4
|
|t:|1756154500
|switch|p1a: Tyranitar|Tyranitar, L50, F, shiny|100/100
|-weather|Sandstorm|[from] ability: Sand Stream|[of] p1a: Tyranitar
|move|p1b: Electabuzz|Taunt|p2b: Whimsicott
|-start|p2b: Whimsicott|move: Taunt
|move|p2b: Whimsicott|Beat Up|p2a: Annihilape
|-damage|p2a: Annihilape|98/100
|-damage|p2a: Annihilape|97/100
|-damage|p2a: Annihilape|95/100
|-hitcount|p2a: Annihilape|3
|move|p2a: Annihilape|Rage Fist|p1a: Tyranitar
|-resisted|p1a: Tyranitar
|-damage|p1a: Tyranitar|37/100
|
|-weather|Sandstorm|[upkeep]
|-damage|p1b: Electabuzz|42/100|[from] Sandstorm
|-damage|p2b: Whimsicott|94/100|[from] Sandstorm
|-damage|p2a: Annihilape|89/100|[from] Sandstorm
|-heal|p2a: Annihilape|95/100|[from] item: Leftovers
|upkeep
|turn|5
|inactive|luckstat10 has 30 seconds left.
|inactive|luckstat10 has 20 seconds left.
|inactive|luckstat10 has 15 seconds left.
|inactive|luckstat10 has 10 seconds left.
|
|t:|1756154548
|-terastallize|p1a: Tyranitar|Flying
|move|p1b: Electabuzz|Follow Me|p1b: Electabuzz
|-singleturn|p1b: Electabuzz|move: Follow Me
|move|p2b: Whimsicott|Moonblast|p1b: Electabuzz
|-damage|p1b: Electabuzz|9/100
|-unboost|p1b: Electabuzz|spa|1
|move|p2a: Annihilape|Rage Fist|p1b: Electabuzz
|-damage|p1b: Electabuzz|0 fnt
|faint|p1b: Electabuzz
|move|p1a: Tyranitar|Tera Blast|p2a: Annihilape|[anim] Tera Blast Flying
|-supereffective|p2a: Annihilape
|-damage|p2a: Annihilape|25/100
|
|-weather|Sandstorm|[upkeep]
|-damage|p2b: Whimsicott|88/100|[from] Sandstorm
|-damage|p2a: Annihilape|19/100|[from] Sandstorm
|-damage|p1a: Tyranitar|31/100|[from] Sandstorm
|-heal|p2a: Annihilape|25/100|[from] item: Leftovers
|-end|p2a: Annihilape|move: Taunt
|upkeep
|
|t:|1756154565
|switch|p1b: Excadrill|Excadrill, L50, F, shiny|100/100
|turn|6
|
|t:|1756154576
|switch|p2b: Midas|Gholdengo, L50|100/100
|move|p2a: Annihilape|Protect|p2a: Annihilape
|-singleturn|p2a: Annihilape|Protect
|move|p1b: Excadrill|Earthquake|p2b: Midas|[spread] p2b
|-activate|p2a: Annihilape|move: Protect
|-immune|p1a: Tyranitar
|-supereffective|p2b: Midas
|-damage|p2b: Midas|30/100
|move|p1a: Tyranitar|Knock Off|p2b: Midas
|-supereffective|p2b: Midas
|-damage|p2b: Midas|0 fnt
|-enditem|p2b: Midas|Life Orb|[from] move: Knock Off|[of] p1a: Tyranitar
|faint|p2b: Midas
|
|-weather|Sandstorm|[upkeep]
|-damage|p2a: Annihilape|19/100|[from] Sandstorm
|-damage|p1a: Tyranitar|25/100|[from] Sandstorm
|-heal|p2a: Annihilape|25/100|[from] item: Leftovers
|upkeep
|
|t:|1756154587
|switch|p2b: Whimsicott|Whimsicott, L50, M|88/100
|turn|7
|
|t:|1756154603
|move|p2b: Whimsicott|Tailwind|p2b: Whimsicott
|-sidestart|p2: luckstat10|move: Tailwind
|move|p1b: Excadrill|Earthquake|p2b: Whimsicott|[spread] p2a,p2b
|-immune|p1a: Tyranitar
|-resisted|p2b: Whimsicott
|-damage|p2a: Annihilape|0 fnt
|-damage|p2b: Whimsicott|62/100
|faint|p2a: Annihilape
|move|p1a: Tyranitar|Tera Blast|p2b: Whimsicott|[anim] Tera Blast Flying
|-supereffective|p2b: Whimsicott
|-damage|p2b: Whimsicott|0 fnt
|faint|p2b: Whimsicott
|
|win|SirNeru
|inactive|SirNeru has 30 seconds to confirm battle start!
|inactive|luckstat10 has 30 seconds to confirm battle start!
||SirNeru is ready for game 3.
||luckstat10 is ready for game 3.
|uhtml|next|Next: Game 3 of 3
|l|☆luckstat10
|player|p2|
