|j|☆Heliosan
|j|☆boncuss
|html|Heliosanboncuss    
|uhtml|bestof|Game 1 of a best-of-3
|t:|1757826016
|gametype|doubles
|player|p1|Heliosan|266|1117
|player|p2|boncuss|wattson|1188
|gen|9
|tier|[Gen 9] VGC 2025 Reg H (Bo3)
|rated|
|rule|Species Clause: Limit one of each Pokémon
|rule|Item Clause: Limit 1 of each item
|clearpoke
|poke|p1|Incineroar, L50, F|
|poke|p1|Gholdengo, L50|
|poke|p1|Amoonguss, L50, M|
|poke|p1|Porygon2, L50|
|poke|p1|Ursaluna, L50, F|
|poke|p1|Ribombee, L50, M|
|poke|p2|Garganacl, L50, F|
|poke|p2|Tyranitar, L50, M|
|poke|p2|Glimmora, L50, F|
|poke|p2|Talonflame, L50, M|
|poke|p2|Excadrill, L50, M|
|poke|p2|Gastrodon, L50, M|
|teampreview|4
|showteam|p1|Incineroar||AssaultVest|Intimidate|KnockOff,FakeOut,FlareBlitz,Uturn|||F|||50|,,,,,Ghost]Gholdengo||LifeOrb|GoodasGold|Protect,NastyPlot,MakeItRain,ShadowBall||||||50|,,,,,Water]Amoonguss||SitrusBerry|Regenerator|Spore,RagePowder,PollenPuff,Protect|||M|||50|,,,,,Fairy]Porygon2||Eviolite|Download|Recover,IceBeam,TeraBlast,TrickRoom||||||50|,,,,,Fighting]Ursaluna||FlameOrb|Guts|Earthquake,Facade,HeadlongRush,Protect|||F|||50|,,,,,Ghost]Ribombee||FocusSash|ShieldDust|StruggleBug,Moonblast,Tailwind,Protect|||M|||50|,,,,,Flying
|showteam|p2|Garganacl||Leftovers|PurifyingSalt|SaltCure,Avalanche,WideGuard,Protect|||F|||50|,,,,,Grass]Tyranitar||AssaultVest|SandStream|RockSlide,KnockOff,LashOut,IcePunch|||M|||50|,,,,,Flying]Glimmora||PowerHerb|ToxicDebris|MeteorBeam,SpikyShield,SludgeBomb,EarthPower|||F|||50|,,,,,Grass]Talonflame||CovertCloak|GaleWings|DualWingbeat,FlareBlitz,Tailwind,WillOWisp|||M|||50|,,,,,Flying]Excadrill||SitrusBerry|SandRush|IronHead,Earthquake,SwordsDance,Protect|||M|||50|,,,,,Ghost]Gastrodon||LifeOrb|StormDrain|EarthPower,MuddyWater,IceBeam,Protect|||M|||50|,,,,,Fire
|inactive|Battle timer is ON: inactive players will automatically lose when time's up. (requested by boncuss)
|inactive|Heliosan has 60 seconds left.
|
|t:|1757826068
|teamsize|p1|4
|teamsize|p2|4
|start
|switch|p1a: Incineroar|Incineroar, L50, F|100/100
|switch|p1b: Porygon2|Porygon2, L50|100/100
|switch|p2a: Glimmora|Glimmora, L50, F|100/100
|switch|p2b: Tyranitar|Tyranitar, L50, M|100/100
|-weather|Sandstorm|[from] ability: Sand Stream|[of] p2b: Tyranitar
|-ability|p1a: Incineroar|Intimidate|boost
|-unboost|p2a: Glimmora|atk|1
|-unboost|p2b: Tyranitar|atk|1
|-ability|p1b: Porygon2|Download|boost
|-boost|p1b: Porygon2|spa|1
|turn|1
|inactive|boncuss has 30 seconds left.
|
|t:|1757826094
|move|p2a: Glimmora|Meteor Beam||[still]
|-prepare|p2a: Glimmora|Meteor Beam
|-boost|p2a: Glimmora|spa|1
|-enditem|p2a: Glimmora|Power Herb
|-anim|p2a: Glimmora|Meteor Beam|p1a: Incineroar
|-supereffective|p1a: Incineroar
|-damage|p1a: Incineroar|0 fnt
|faint|p1a: Incineroar
|move|p2b: Tyranitar|Knock Off|p1b: Porygon2
|-damage|p1b: Porygon2|80/100
|-enditem|p1b: Porygon2|Eviolite|[from] move: Knock Off|[of] p2b: Tyranitar
|move|p1b: Porygon2|Trick Room|p1b: Porygon2
|-fieldstart|move: Trick Room|[of] p1b: Porygon2
|
|-weather|Sandstorm|[upkeep]
|-damage|p1b: Porygon2|73/100|[from] Sandstorm
|upkeep
|
|t:|1757826109
|switch|p1a: Ursaluna|Ursaluna, L50, F|100/100
|turn|2
|
|t:|1757826125
|-terastallize|p1b: Porygon2|Fighting
|-terastallize|p2b: Tyranitar|Flying
|move|p1a: Ursaluna|Protect|p1a: Ursaluna
|-singleturn|p1a: Ursaluna|Protect
|move|p1b: Porygon2|Tera Blast|p2b: Tyranitar|[anim] Tera Blast Fighting
|-resisted|p2b: Tyranitar
|-damage|p2b: Tyranitar|86/100
|move|p2b: Tyranitar|Ice Punch|p1a: Ursaluna
|-activate|p1a: Ursaluna|move: Protect
|move|p2a: Glimmora|Earth Power|p1a: Ursaluna
|-activate|p1a: Ursaluna|move: Protect
|
|-weather|Sandstorm|[upkeep]
|-damage|p1b: Porygon2|67/100|[from] Sandstorm
|-damage|p2b: Tyranitar|80/100|[from] Sandstorm
|-status|p1a: Ursaluna|brn|[from] item: Flame Orb
|upkeep
|turn|3
|
|t:|1757826142
|switch|p1b: Amoonguss|Amoonguss, L50, M|100/100
|move|p2b: Tyranitar|Ice Punch|p1a: Ursaluna
|-supereffective|p1a: Ursaluna
|-damage|p1a: Ursaluna|67/100 brn
|move|p1a: Ursaluna|Facade|p2b: Tyranitar
|-damage|p2b: Tyranitar|0 fnt
|faint|p2b: Tyranitar
|move|p2a: Glimmora|Earth Power|p1a: Ursaluna
|-damage|p1a: Ursaluna|24/100 brn
|
|-weather|Sandstorm|[upkeep]
|-damage|p1b: Amoonguss|95/100|[from] Sandstorm
|-damage|p1a: Ursaluna|18/100 brn|[from] brn
|upkeep
|
|t:|1757826165
|switch|p2b: Garganacl|Garganacl, L50, F|100/100
|turn|4
|inactive|Heliosan has 30 seconds left.
|
|t:|1757826195
|move|p1b: Amoonguss|Rage Powder|p1b: Amoonguss
|-singleturn|p1b: Amoonguss|move: Rage Powder
|move|p2b: Garganacl|Salt Cure|p1b: Amoonguss
|-damage|p1b: Amoonguss|82/100
|-start|p1b: Amoonguss|Salt Cure
|move|p1a: Ursaluna|Earthquake|p2a: Glimmora|[spread] p1b,p2a,p2b
|-supereffective|p2a: Glimmora
|-crit|p2a: Glimmora
|-supereffective|p2b: Garganacl
|-damage|p1b: Amoonguss|32/100
|-damage|p2a: Glimmora|0 fnt
|-damage|p2b: Garganacl|2/100
|-activate|p2a: Glimmora|ability: Toxic Debris
|-sidestart|p1: Heliosan|move: Toxic Spikes
|-enditem|p1b: Amoonguss|Sitrus Berry|[eat]
|-heal|p1b: Amoonguss|56/100|[from] item: Sitrus Berry
|faint|p2a: Glimmora
|
|-weather|Sandstorm|[upkeep]
|-damage|p1b: Amoonguss|50/100|[from] Sandstorm
|-heal|p2b: Garganacl|8/100|[from] item: Leftovers
|-damage|p1a: Ursaluna|13/100 brn|[from] brn
|-damage|p1b: Amoonguss|38/100|[from] Salt Cure
|upkeep
|j| Trestkon
|
|t:|1757826213
|switch|p2a: Gastrodon|Gastrodon, L50, M|100/100
|turn|5
|inactive|Heliosan has 30 seconds left.
|
|t:|1757826246
|move|p2b: Garganacl|Protect|p2b: Garganacl
|-singleturn|p2b: Garganacl|Protect
|move|p2a: Gastrodon|Protect|p2a: Gastrodon
|-singleturn|p2a: Gastrodon|Protect
|move|p1b: Amoonguss|Pollen Puff|p1a: Ursaluna
|-heal|p1a: Ursaluna|62/100 brn
|move|p1a: Ursaluna|Facade|p2a: Gastrodon
|-activate|p2a: Gastrodon|move: Protect
|
|-weather|none
|-heal|p2b: Garganacl|14/100|[from] item: Leftovers
|-damage|p1a: Ursaluna|57/100 brn|[from] brn
|-damage|p1b: Amoonguss|26/100|[from] Salt Cure
|-fieldend|move: Trick Room
|upkeep
|turn|6
|-message|boncuss forfeited.
|
|win|Heliosan
||boncuss is ready for game 2.
|l|☆Heliosan
|player|p1|
||Heliosan is ready for game 2.
|uhtml|next|Next: Game 2 of 3
|l| Trestkon
