|j|☆MaxwellBaker
|j|☆burningringoffire
|html|MaxwellBakerburningringoffire    
|uhtml|bestof|Game 1 of a best-of-3
|t:|1784833357
|gametype|doubles
|player|p1|MaxwellBaker|102|1139
|player|p2|burningringoffire|bruno|1096
|gen|9
|tier|[Gen 9 Champions] VGC 2026 Reg M-B (Bo3)
|rated|
|rule|Species Clause: Limit one of each Pokémon
|rule|Item Clause: Limit 1 of each item
|clearpoke
|poke|p1|Decidueye-Hisui, L50, F|
|poke|p1|Florges, L50, F|
|poke|p1|Raichu, L50, M|
|poke|p1|Incineroar, L50, M|
|poke|p1|Staraptor, L50, M|
|poke|p1|Milotic, L50, M|
|poke|p2|Gengar, L50, M|
|poke|p2|Incineroar, L50, M|
|poke|p2|Sinistcha, L50|
|poke|p2|Kingambit, L50, M|
|poke|p2|Politoed, L50, M|
|poke|p2|Grimmsnarl, L50, M|
|teampreview|4
|showteam|p1|Decidueye-Hisui||ScopeLens|Scrappy|TripleArrows,LeafBlade,SuckerPunch,Protect|Jolly||F|||50|]Florges||LifeOrb|FlowerVeil|Moonblast,Psychic,PollenPuff,Protect|Modest||F|||50|]Raichu||RaichuniteY|Static|FakeOut,ZapCannon,FocusBlast,Protect|Timid||M|||50|]Incineroar||SitrusBerry|Intimidate|FakeOut,FlareBlitz,ThroatChop,PartingShot|Careful||M|||50|]Staraptor||Staraptite|Intimidate|BraveBird,CloseCombat,Tailwind,Protect|Jolly||M|||50|]Milotic||Leftovers|Competitive|Scald,IceBeam,Haze,Protect|Bold||M|||50|
|showteam|p2|Gengar||Gengarite|CursedBody|ShadowBall,PerishSong,Disable,Protect|Timid||M|||50|]Incineroar||SitrusBerry|Intimidate|FlareBlitz,FakeOut,Protect,PartingShot|Careful||M|||50|]Sinistcha||CobaBerry|Hospitality|MatchaGotcha,LifeDew,RagePowder,Protect|Calm|||||50|]Kingambit||ChopleBerry|Defiant|KowtowCleave,LowKick,SuckerPunch,Protect|Adamant||M|||50|]Politoed||Leftovers|Drizzle|PerishSong,Encore,MuddyWater,Protect|Calm||M|||50|]Grimmsnarl||BabiriBerry|Prankster|Protect,FakeOut,LightScreen,PartingShot|Careful||M|||50|
|inactive|Battle timer is ON: inactive players will automatically lose when time's up. (requested by burningringoffire)
|
|t:|1784833422
|teamsize|p1|4
|teamsize|p2|4
|start
|switch|p1a: Florges|Florges, L50, F|100/100
|switch|p1b: Raichu|Raichu, L50, M|100/100
|switch|p2a: Gengar|Gengar, L50, M|100/100
|switch|p2b: Grimmsnarl|Grimmsnarl, L50, M|100/100
|turn|1
|inactive|burningringoffire has 30 seconds left.
|
|t:|1784833450
|detailschange|p2a: Gengar|Gengar-Mega, L50, M
|-mega|p2a: Gengar|Gengar|Gengarite
|detailschange|p1b: Raichu|Raichu-Mega-Y, L50, M
|-mega|p1b: Raichu|Raichu|Raichunite Y
|move|p1b: Raichu|Fake Out|p2b: Grimmsnarl
|-damage|p2b: Grimmsnarl|89/100
|cant|p2b: Grimmsnarl|flinch
|move|p2a: Gengar|Perish Song|p2a: Gengar
|-start|p1a: Florges|perish3|[silent]
|-start|p1b: Raichu|perish3|[silent]
|-start|p2a: Gengar|perish3|[silent]
|-start|p2b: Grimmsnarl|perish3|[silent]
|-fieldactivate|move: Perish Song
|move|p1a: Florges|Psychic|p2a: Gengar
|-supereffective|p2a: Gengar|1
|-damage|p2a: Gengar|9/100
|-damage|p1a: Florges|90/100|[from] item: Life Orb
|
|-start|p2a: Gengar|perish3
|-start|p1b: Raichu|perish3
|-start|p1a: Florges|perish3
|-start|p2b: Grimmsnarl|perish3
|upkeep
|turn|2
|inactive|MaxwellBaker has 30 seconds left.
|inactive|MaxwellBaker has 20 seconds left.
|inactive|MaxwellBaker has 15 seconds left.
|
|t:|1784833491
|move|p2a: Gengar|Protect|p2a: Gengar
|-singleturn|p2a: Gengar|Protect
|move|p2b: Grimmsnarl|Light Screen|p2b: Grimmsnarl
|-sidestart|p2: burningringoffire|move: Light Screen
|move|p1b: Raichu|Zap Cannon|p2b: Grimmsnarl
|-damage|p2b: Grimmsnarl|59/100
|-status|p2b: Grimmsnarl|par
|move|p1a: Florges|Moonblast|p2b: Grimmsnarl
|-supereffective|p2b: Grimmsnarl|1
|-damage|p2b: Grimmsnarl|0 fnt
|faint|p2b: Grimmsnarl
|-damage|p1a: Florges|80/100|[from] item: Life Orb
|
|-start|p2a: Gengar|perish2
|-start|p1b: Raichu|perish2
|-start|p1a: Florges|perish2
|upkeep
|inactive|burningringoffire has 30 seconds left.
|
|t:|1784833517
|switch|p2b: Incineroar|Incineroar, L50, M|100/100
|-ability|p2b: Incineroar|Intimidate|boost
|-unboost|p1a: Florges|atk|1
|-unboost|p1b: Raichu|atk|1
|turn|3
|inactive|MaxwellBaker has 30 seconds left.
|inactive|burningringoffire has 30 seconds left.
|
|t:|1784833551
|move|p2b: Incineroar|Fake Out|p1a: Florges
|-damage|p1a: Florges|68/100
|move|p2a: Gengar|Disable|p1b: Raichu
|-start|p1b: Raichu|Disable|Zap Cannon
|move|p1b: Raichu|Focus Blast|p2b: Incineroar
|-supereffective|p2b: Incineroar|1
|-damage|p2b: Incineroar|56/100
|cant|p1a: Florges|flinch
|
|-start|p2a: Gengar|perish1
|-start|p1b: Raichu|perish1
|-start|p1a: Florges|perish1
|upkeep
|turn|4
|
|t:|1784833574
|switch|p2a: Sinistcha|Sinistcha, L50|100/100
|-heal|p2b: Incineroar|81/100|[from] ability: Hospitality|[of] p2a: Sinistcha
|move|p2b: Incineroar|Protect|p2b: Incineroar
|-singleturn|p2b: Incineroar|Protect
|move|p1b: Raichu|Focus Blast|p2b: Incineroar
|-activate|p2b: Incineroar|move: Protect
|move|p1a: Florges|Moonblast|p2b: Incineroar
|-activate|p2b: Incineroar|move: Protect
|
|-start|p1b: Raichu|perish0
|-start|p1a: Florges|perish0
|faint|p1b: Raichu
|faint|p1a: Florges
|upkeep
|
|t:|1784833582
|switch|p1b: Incineroar|Incineroar, L50, M|100/100
|switch|p1a: Milotic|Milotic, L50, M|100/100
|-ability|p1b: Incineroar|Intimidate|boost
|-unboost|p2a: Sinistcha|atk|1
|-unboost|p2b: Incineroar|atk|1
|turn|5
|inactive|MaxwellBaker has 30 seconds left.
|inactive|burningringoffire has 30 seconds left.
|
|t:|1784833614
|move|p1a: Milotic|Scald|p2b: Incineroar
|-supereffective|p2b: Incineroar|1
|-damage|p2b: Incineroar|49/100
|-enditem|p2b: Incineroar|Sitrus Berry|[eat]
|-heal|p2b: Incineroar|73/100|[from] item: Sitrus Berry
|move|p2a: Sinistcha|Matcha Gotcha|p1b: Incineroar|[spread] p1a,p1b
|-supereffective|p1a: Milotic|1
|-resisted|p1b: Incineroar|1
|-damage|p1a: Milotic|63/100
|-damage|p1b: Incineroar|91/100
|move|p2b: Incineroar|Parting Shot|p1a: Milotic
|-unboost|p1a: Milotic|atk|1
|-ability|p1a: Milotic|Competitive|boost
|-boost|p1a: Milotic|spa|2
|-unboost|p1a: Milotic|spa|1
|-ability|p1a: Milotic|Competitive|boost
|-boost|p1a: Milotic|spa|2
|
|t:|1784833629
|switch|p2b: Gengar|Gengar-Mega, L50, M|9/100|[from] Parting Shot
|move|p1b: Incineroar|Flare Blitz|p2a: Sinistcha
|-supereffective|p2a: Sinistcha|1
|-damage|p2a: Sinistcha|15/100
|-damage|p1b: Incineroar|66/100|[from] Recoil
|
|-heal|p1a: Milotic|69/100|[from] item: Leftovers
|upkeep
|turn|6
|
|t:|1784833650
|move|p2a: Sinistcha|Rage Powder|p2a: Sinistcha
|-singleturn|p2a: Sinistcha|move: Rage Powder
|move|p2b: Gengar|Perish Song|p2b: Gengar
|-start|p1a: Milotic|perish3|[silent]
|-start|p1b: Incineroar|perish3|[silent]
|-start|p2a: Sinistcha|perish3|[silent]
|-start|p2b: Gengar|perish3|[silent]
|-fieldactivate|move: Perish Song
|move|p1a: Milotic|Scald|p2a: Sinistcha
|-resisted|p2a: Sinistcha|1
|-damage|p2a: Sinistcha|0 fnt
|faint|p2a: Sinistcha
|move|p1b: Incineroar|Flare Blitz|p2b: Gengar
|-damage|p2b: Gengar|0 fnt
|faint|p2b: Gengar
|-damage|p1b: Incineroar|63/100|[from] Recoil
|
|-heal|p1a: Milotic|75/100|[from] item: Leftovers
|-start|p1a: Milotic|perish3
|-start|p1b: Incineroar|perish3
|-sideend|p2: burningringoffire|move: Light Screen
|upkeep
|
|t:|1784833669
|switch|p2a: Incineroar|Incineroar, L50, M|73/100
|-ability|p2a: Incineroar|Intimidate|boost
|-unboost|p1a: Milotic|atk|1
|-ability|p1a: Milotic|Competitive|boost
|-boost|p1a: Milotic|spa|2
|-unboost|p1b: Incineroar|atk|1
|turn|7
|
|t:|1784833681
|move|p2a: Incineroar|Fake Out|p1a: Milotic
|-damage|p1a: Milotic|66/100
|cant|p1a: Milotic|flinch
|move|p1b: Incineroar|Flare Blitz|p2a: Incineroar
|-resisted|p2a: Incineroar|1
|-damage|p2a: Incineroar|59/100
|-damage|p1b: Incineroar|58/100|[from] Recoil
|
|-heal|p1a: Milotic|72/100|[from] item: Leftovers
|-start|p1a: Milotic|perish2
|-start|p1b: Incineroar|perish2
|upkeep
|turn|8
|
|t:|1784833695
|move|p2a: Incineroar|Protect|p2a: Incineroar
|-singleturn|p2a: Incineroar|Protect
|move|p1a: Milotic|Scald|p2a: Incineroar
|-activate|p2a: Incineroar|move: Protect
|move|p1b: Incineroar|Flare Blitz|p2a: Incineroar
|-activate|p2a: Incineroar|move: Protect
|
|-heal|p1a: Milotic|78/100|[from] item: Leftovers
|-start|p1a: Milotic|perish1
|-start|p1b: Incineroar|perish1
|upkeep
|turn|9
|c|☆MaxwellBaker|love a double protect
|c|☆burningringoffire|rngsus save me
|
|t:|1784833719
|move|p2a: Incineroar|Protect|p2a: Incineroar
|-singleturn|p2a: Incineroar|Protect
|move|p1a: Milotic|Scald|p2a: Incineroar
|-activate|p2a: Incineroar|move: Protect
|move|p1b: Incineroar|Flare Blitz|p2a: Incineroar
|-activate|p2a: Incineroar|move: Protect
|
|-heal|p1a: Milotic|84/100|[from] item: Leftovers
|-start|p1a: Milotic|perish0
|-start|p1b: Incineroar|perish0
|faint|p1a: Milotic
|faint|p1b: Incineroar
|
|win|burningringoffire
|c|☆burningringoffire|wow
|inactive|MaxwellBaker has 30 seconds to confirm battle start!
|inactive|burningringoffire has 30 seconds to confirm battle start!
