|j|☆MiraiQuaza
|j|☆Lightoz
|html|MiraiQuazaLightoz    
|uhtml|bestof|Game 3 of a best-of-3
|t:|1757255528
|gametype|doubles
|player|p1|MiraiQuaza|lucas|1274
|player|p2|Lightoz|blue-gen2|1469
|gen|9
|tier|[Gen 9] VGC 2025 Reg H (Bo3)
|rated|
|rule|Species Clause: Limit one of each Pokémon
|rule|Item Clause: Limit 1 of each item
|clearpoke
|poke|p1|Charizard, L50, F|
|poke|p1|Whimsicott, L50, M|
|poke|p1|Archaludon, L50, M|
|poke|p1|Farigiraf, L50, F|
|poke|p1|Torkoal, L50, F|
|poke|p1|Baxcalibur, L50, M|
|poke|p2|Incineroar, L50, F|
|poke|p2|Annihilape, L50, M|
|poke|p2|Dragonite, L50, M|
|poke|p2|Volcarona, L50, F|
|poke|p2|Rillaboom, L50, F|
|poke|p2|Basculegion, L50, M|
|teampreview|4
|showteam|p1|Charizard||LifeOrb|SolarPower|HeatWave,AirSlash,SolarBeam,Protect|||F|||50|,,,,,Fire]Whimsicott||FocusSash|Prankster|Tailwind,SunnyDay,Moonblast,BeatUp|||M|||50|,,,,,Ghost]Archaludon||AssaultVest|Stamina|DracoMeteor,ElectroShot,BodyPress,Snarl|||M|||50|,,,,,Grass]Farigiraf||SitrusBerry|ArmorTail|TwinBeam,BeatUp,TrickRoom,Protect|||F|||50|,,,,,Fairy]Torkoal||ChoiceSpecs|Drought|Eruption,HeatWave,EarthPower,WeatherBall|||F|||50|,,,,,Fire]Baxcalibur||LoadedDice|ThermalExchange|GlaiveRush,IcicleSpear,DragonDance,Protect|||M|||50|,,,,,Poison
|showteam|p2|Incineroar||SitrusBerry|Intimidate|FlareBlitz,KnockOff,FakeOut,PartingShot|||F|||50|,,,,,Ghost]Annihilape||SafetyGoggles|Defiant|CloseCombat,RageFist,Coaching,FinalGambit|||M|||50|,,,,,Water]Dragonite||LoadedDice|Multiscale|ScaleShot,SunnyDay,Haze,Protect|||M|||50|,,,,,Fairy]Volcarona||Leftovers|FlameBody|HeatWave,TeraBlast,QuiverDance,Protect|||F|||50|,,,,,Fairy]Rillaboom||AssaultVest|GrassySurge|WoodHammer,GrassyGlide,HighHorsepower,FakeOut|||F|||50|,,,,,Fire]Basculegion||ChoiceScarf|Adaptability|WaveCrash,LastRespects,FlipTurn,AquaJet|||M|||50|,,,,,Water
|inactive|Battle timer is ON: inactive players will automatically lose when time's up. (requested by MiraiQuaza)
|
|t:|1757255552
|teamsize|p1|4
|teamsize|p2|4
|start
|switch|p1a: Farigiraf|Farigiraf, L50, F|100/100
|switch|p1b: Archaludon|Archaludon, L50, M|100/100
|switch|p2a: Incineroar|Incineroar, L50, F|100/100
|switch|p2b: Volcarona|Volcarona, L50, F|100/100
|-ability|p2a: Incineroar|Intimidate|boost
|-unboost|p1a: Farigiraf|atk|1
|-unboost|p1b: Archaludon|atk|1
|turn|1
|
|t:|1757255565
|switch|p1b: Torkoal|Torkoal, L50, F|100/100
|-weather|SunnyDay|[from] ability: Drought|[of] p1b: Torkoal
|move|p2b: Volcarona|Quiver Dance|p2b: Volcarona
|-boost|p2b: Volcarona|spa|1
|-boost|p2b: Volcarona|spd|1
|-boost|p2b: Volcarona|spe|1
|move|p2a: Incineroar|Knock Off|p1a: Farigiraf
|-supereffective|p1a: Farigiraf
|-damage|p1a: Farigiraf|27/100
|-enditem|p1a: Farigiraf|Sitrus Berry|[from] move: Knock Off|[of] p2a: Incineroar
|move|p1a: Farigiraf|Trick Room|p1a: Farigiraf
|-fieldstart|move: Trick Room|[of] p1a: Farigiraf
|
|-weather|SunnyDay|[upkeep]
|upkeep
|turn|2
|inactive|MiraiQuaza has 30 seconds left.
|
|t:|1757255599
|switch|p1a: Archaludon|Archaludon, L50, M|100/100
|move|p2b: Volcarona|Protect|p2b: Volcarona
|-singleturn|p2b: Volcarona|Protect
|move|p1b: Torkoal|Eruption|p2b: Volcarona|[spread] p2a
|-activate|p2b: Volcarona|move: Protect
|-resisted|p2a: Incineroar
|-damage|p2a: Incineroar|47/100
|-enditem|p2a: Incineroar|Sitrus Berry|[eat]
|-heal|p2a: Incineroar|72/100|[from] item: Sitrus Berry
|move|p2a: Incineroar|Knock Off|p1b: Torkoal
|-damage|p1b: Torkoal|73/100
|-enditem|p1b: Torkoal|Choice Specs|[from] move: Knock Off|[of] p2a: Incineroar
|
|-weather|SunnyDay|[upkeep]
|upkeep
|turn|3
|inactive|MiraiQuaza has 30 seconds left.
|
|t:|1757255631
|move|p1b: Torkoal|Weather Ball|p2b: Volcarona
|-damage|p2b: Volcarona|62/100
|move|p2a: Incineroar|Parting Shot|p1a: Archaludon
|-unboost|p1a: Archaludon|atk|1
|-unboost|p1a: Archaludon|spa|1
|
|t:|1757255639
|switch|p2a: Dragonite|Dragonite, L50, M|100/100|[from] Parting Shot
|move|p1a: Archaludon|Snarl|p2a: Dragonite|[spread] p2a,p2b
|-damage|p2a: Dragonite|95/100
|-damage|p2b: Volcarona|54/100
|-unboost|p2a: Dragonite|spa|1
|-unboost|p2b: Volcarona|spa|1
|move|p2b: Volcarona|Heat Wave|p1b: Torkoal|[spread] p1a,p1b
|-resisted|p1b: Torkoal
|-damage|p1a: Archaludon|54/100
|-damage|p1b: Torkoal|39/100
|-ability|p1a: Archaludon|Stamina|boost
|-boost|p1a: Archaludon|def|1
|
|-weather|SunnyDay|[upkeep]
|-heal|p2b: Volcarona|60/100|[from] item: Leftovers
|upkeep
|turn|4
|
|t:|1757255658
|switch|p2a: Incineroar|Incineroar, L50, F|72/100
|-ability|p2a: Incineroar|Intimidate|boost
|-unboost|p1a: Archaludon|atk|1
|-unboost|p1b: Torkoal|atk|1
|move|p2b: Volcarona|Protect|p2b: Volcarona
|-singleturn|p2b: Volcarona|Protect
|move|p1b: Torkoal|Weather Ball|p2b: Volcarona
|-activate|p2b: Volcarona|move: Protect
|move|p1a: Archaludon|Draco Meteor|p2a: Incineroar
|-damage|p2a: Incineroar|29/100
|-unboost|p1a: Archaludon|spa|2
|
|-weather|SunnyDay|[upkeep]
|-heal|p2b: Volcarona|67/100|[from] item: Leftovers
|upkeep
|turn|5
|
|t:|1757255681
|switch|p1a: Farigiraf|Farigiraf, L50, F|27/100
|move|p1b: Torkoal|Weather Ball|p2b: Volcarona
|-damage|p2b: Volcarona|22/100
|move|p2a: Incineroar|Parting Shot|p1a: Farigiraf
|-unboost|p1a: Farigiraf|atk|1
|-unboost|p1a: Farigiraf|spa|1
|
|t:|1757255690
|switch|p2a: Annihilape|Annihilape, L50, M, shiny|100/100|[from] Parting Shot
|move|p2b: Volcarona|Quiver Dance|p2b: Volcarona
|-boost|p2b: Volcarona|spa|1
|-boost|p2b: Volcarona|spd|1
|-boost|p2b: Volcarona|spe|1
|
|-weather|none
|-heal|p2b: Volcarona|28/100|[from] item: Leftovers
|-fieldend|move: Trick Room
|upkeep
|turn|6
|
|t:|1757255710
|move|p2b: Volcarona|Tera Blast|p1b: Torkoal
|-damage|p1b: Torkoal|0 fnt
|faint|p1b: Torkoal
|move|p2a: Annihilape|Close Combat|p1a: Farigiraf
|-damage|p1a: Farigiraf|0 fnt
|-unboost|p2a: Annihilape|def|1
|-unboost|p2a: Annihilape|spd|1
|faint|p1a: Farigiraf
|
|-heal|p2b: Volcarona|34/100|[from] item: Leftovers
|upkeep
|
|t:|1757255721
|switch|p1a: Baxcalibur|Baxcalibur, L50, M|100/100
|switch|p1b: Archaludon|Archaludon, L50, M|54/100
|turn|7
|
|t:|1757255739
|-terastallize|p1a: Baxcalibur|Poison
|move|p2b: Volcarona|Heat Wave|p1b: Archaludon|[spread] p1a
|-miss|p2b: Volcarona|p1b: Archaludon
|-damage|p1a: Baxcalibur|46/100
|-ability|p1a: Baxcalibur|Thermal Exchange|boost
|-boost|p1a: Baxcalibur|atk|1
|move|p2a: Annihilape|Close Combat|p1b: Archaludon
|-supereffective|p1b: Archaludon
|-damage|p1b: Archaludon|0 fnt
|-unboost|p2a: Annihilape|def|1
|-unboost|p2a: Annihilape|spd|1
|faint|p1b: Archaludon
|move|p1a: Baxcalibur|Glaive Rush|p2b: Volcarona
|-damage|p2b: Volcarona|0 fnt
|-singlemove|p1a: Baxcalibur|Glaive Rush|[silent]
|faint|p2b: Volcarona
|
|upkeep
|
|t:|1757255752
|switch|p2b: Incineroar|Incineroar, L50, F|29/100
|-ability|p2b: Incineroar|Intimidate|boost
|-unboost|p1a: Baxcalibur|atk|1
|turn|8
|
|t:|1757255762
|switch|p2a: Dragonite|Dragonite, L50, M|95/100
|move|p1a: Baxcalibur|Protect|p1a: Baxcalibur
|-singleturn|p1a: Baxcalibur|Protect
|move|p2b: Incineroar|Fake Out|p1a: Baxcalibur
|-activate|p1a: Baxcalibur|move: Protect
|
|upkeep
|turn|9
|
|t:|1757255778
|move|p1a: Baxcalibur|Icicle Spear|p2b: Incineroar
|-resisted|p2b: Incineroar
|-damage|p2b: Incineroar|23/100
|-resisted|p2b: Incineroar
|-damage|p2b: Incineroar|18/100
|-resisted|p2b: Incineroar
|-damage|p2b: Incineroar|13/100
|-resisted|p2b: Incineroar
|-damage|p2b: Incineroar|8/100
|-hitcount|p2b: Incineroar|4
|move|p2a: Dragonite|Scale Shot|p1a: Baxcalibur
|-damage|p1a: Baxcalibur|33/100
|-damage|p1a: Baxcalibur|18/100
|-damage|p1a: Baxcalibur|3/100
|-damage|p1a: Baxcalibur|0 fnt
|faint|p1a: Baxcalibur
|-hitcount|p1: Baxcalibur|4
|
|win|Lightoz
|raw|MiraiQuaza's rating: 1274 → 1262(-12 for losing)
|raw|Lightoz's rating: 1469 → 1479(+10 for winning)
|l|☆MiraiQuaza
|player|p1|
