|j|☆mr/14/m*
|j|☆marsky
|html|mr/14/m*marsky    
|uhtml|bestof|Game 2 of a best-of-3
|t:|1784136941
|gametype|doubles
|player|p1|mr/14/m*|1|
|player|p2|marsky|marshal|
|gen|9
|tier|[Gen 9 Champions] VGC 2026 Reg M-B (Bo3)
|rule|Species Clause: Limit one of each Pokémon
|rule|Item Clause: Limit 1 of each item
|clearpoke
|poke|p1|Politoed, L50, M|
|poke|p1|Swampert, L50, M|
|poke|p1|Archaludon, L50, M|
|poke|p1|Talonflame, L50, M|
|poke|p1|Sylveon, L50, M|
|poke|p1|Charizard, L50, F|
|poke|p2|Charizard, L50, M|
|poke|p2|Farigiraf, L50, F|
|poke|p2|Garchomp, L50, M|
|poke|p2|Aerodactyl, L50, F|
|poke|p2|Sylveon, L50, M|
|poke|p2|Kingambit, L50, F|
|teampreview|4
|showteam|p1|Politoed||SitrusBerry|Drizzle|Protect,WeatherBall,IcyWind,Haze|Calm||M|||50|]Swampert||Swampertite|Damp|WaveCrash,IcePunch,Protect,Earthquake|Adamant||M|||50|]Archaludon||Leftovers|Stamina|ElectroShot,FlashCannon,Protect,DragonPulse|Modest||M|||50|]Talonflame||FocusSash|GaleWings|Tailwind,FlareBlitz,Protect,DualWingbeat|Jolly||M|||50|]Sylveon||FairyFeather|Pixilate|HyperVoice,HyperBeam,QuickAttack,Detect|Modest||M|||50|]Charizard||CharizarditeY|Blaze|SolarBeam,HeatWave,WeatherBall,Protect|Timid||F|||50|
|showteam|p2|Charizard||CharizarditeY|Blaze|HeatWave,SolarBeam,WeatherBall,Protect|Modest||M|||50|]Farigiraf||SitrusBerry|ArmorTail|Psychic,Thunderbolt,TrickRoom,Protect|Bold||F|||50|]Garchomp||LifeOrb|RoughSkin|Earthquake,DragonClaw,StompingTantrum,Protect|Jolly||M|||50|]Aerodactyl||Aerodactylite|Unnerve|RockSlide,DualWingbeat,IceFang,Tailwind|Jolly||F|||50|]Sylveon||FairyFeather|Pixilate|HyperVoice,HyperBeam,QuickAttack,Protect|Modest||M|||50|]Kingambit||FocusSash|Defiant|KowtowCleave,IronHead,SuckerPunch,LowKick|Adamant||F|||50|
|inactive|Battle timer is ON: inactive players will automatically lose when time's up. (requested by marsky)
|
|t:|1784136979
|teamsize|p1|4
|teamsize|p2|4
|start
|switch|p1a: Archaludon|Archaludon, L50, M|100/100
|switch|p1b: Talonflame|Talonflame, L50, M|100/100
|switch|p2a: Charizard|Charizard, L50, M|100/100
|switch|p2b: Sylveon|Sylveon, L50, M|100/100
|turn|1
|
|t:|1784136992
|switch|p1b: Politoed|Politoed, L50, M|100/100
|-weather|RainDance|[from] ability: Drizzle|[of] p1b: Politoed
|detailschange|p2a: Charizard|Charizard-Mega-Y, L50, M
|-mega|p2a: Charizard|Charizard|Charizardite Y
|-weather|SunnyDay|[from] ability: Drought|[of] p2a: Charizard
|move|p2a: Charizard|Heat Wave|p1b: Politoed|[spread] p1a,p1b
|-crit|p1a: Archaludon
|-resisted|p1b: Politoed|1
|-crit|p1b: Politoed
|-damage|p1a: Archaludon|11/100
|-damage|p1b: Politoed|65/100
|-ability|p1a: Archaludon|Stamina|boost
|-boost|p1a: Archaludon|def|1
|move|p1a: Archaludon|Electro Shot||[still]
|-prepare|p1a: Archaludon|Electro Shot
|-boost|p1a: Archaludon|spa|1
|move|p2b: Sylveon|Hyper Voice|p1b: Politoed|[spread] p1a,p1b
|-damage|p1a: Archaludon|0 fnt
|-damage|p1b: Politoed|30/100
|-enditem|p1b: Politoed|Sitrus Berry|[eat]
|-heal|p1b: Politoed|55/100|[from] item: Sitrus Berry
|faint|p1a: Archaludon
|
|-weather|SunnyDay|[upkeep]
|upkeep
|c|☆mr/14/m*|wow
|inactive|mr/14/m* has 30 seconds left.
|
|t:|1784137024
|switch|p1a: Talonflame|Talonflame, L50, M|100/100
|turn|2
|
|t:|1784137037
|switch|p1b: Swampert|Swampert, L50, M|100/100
|move|p1a: Talonflame|Tailwind|p1a: Talonflame
|-sidestart|p1: mr/14/m*|move: Tailwind
|move|p2a: Charizard|Heat Wave|p1a: Talonflame|[spread] p1a,p1b
|-resisted|p1a: Talonflame|1
|-resisted|p1b: Swampert|1
|-damage|p1a: Talonflame|54/100
|-damage|p1b: Swampert|63/100
|move|p2b: Sylveon|Hyper Voice|p1b: Swampert|[spread] p1a,p1b
|-resisted|p1a: Talonflame|1
|-damage|p1a: Talonflame|19/100
|-damage|p1b: Swampert|11/100
|
|-weather|SunnyDay|[upkeep]
|upkeep
|turn|3
|inactive|mr/14/m* has 30 seconds left.
|inactive|mr/14/m* has 20 seconds left.
|
|t:|1784137073
|detailschange|p1b: Swampert|Swampert-Mega, L50, M
|-mega|p1b: Swampert|Swampert|Swampertite
|move|p1a: Talonflame|Flare Blitz|p2b: Sylveon
|-damage|p2b: Sylveon|20/100y
|-damage|p1a: Talonflame|0 fnt|[from] Recoil
|faint|p1a: Talonflame
|move|p1b: Swampert|Wave Crash|p2a: Charizard
|-supereffective|p2a: Charizard|1
|-damage|p2a: Charizard|33/100
|-damage|p1b: Swampert|0 fnt|[from] Recoil
|faint|p1b: Swampert
|move|p2a: Charizard|Heat Wave|p1: Talonflame|[notarget]
|-fail|p2a: Charizard
|move|p2b: Sylveon|Hyper Voice|p1: Talonflame|[notarget]
|-fail|p2b: Sylveon
|
|-weather|SunnyDay|[upkeep]
|upkeep
|
|t:|1784137088
|switch|p1b: Politoed|Politoed, L50, M|55/100
|-weather|RainDance|[from] ability: Drizzle|[of] p1b: Politoed
|turn|4
|
|t:|1784137096
|switch|p2a: Farigiraf|Farigiraf, L50, F|100/100
|move|p1b: Politoed|Weather Ball|p2a: Farigiraf
|-damage|p2a: Farigiraf|53/100
|move|p2b: Sylveon|Hyper Voice|p1b: Politoed
|-damage|p1b: Politoed|5/100
|
|-weather|RainDance|[upkeep]
|upkeep
|turn|5
|
|t:|1784137109
|move|p2b: Sylveon|Quick Attack|p1b: Politoed
|-damage|p1b: Politoed|0 fnt
|faint|p1b: Politoed
|
|win|marsky
