|j|☆d1mo22
|j|‽airpersia
|html|d1mo22airpersia    
|uhtml|bestof|Game 3 of a best-of-3
|t:|1784140340
|gametype|doubles
|player|p1|d1mo22|skier|1130
|player|p2|airpersia|266|1115
|gen|9
|tier|[Gen 9 Champions] VGC 2026 Reg M-B (Bo3)
|rated|
|rule|Species Clause: Limit one of each Pokémon
|rule|Item Clause: Limit 1 of each item
|clearpoke
|poke|p1|Raichu, L50, F|
|poke|p1|Gyarados, L50, F, shiny|
|poke|p1|Mamoswine, L50, F|
|poke|p1|Ceruledge, L50, M|
|poke|p1|Sinistcha, L50|
|poke|p1|Kingambit, L50, M, shiny|
|poke|p2|Metagross, L50|
|poke|p2|Whimsicott, L50, F, shiny|
|poke|p2|Incineroar, L50, M, shiny|
|poke|p2|Tyranitar, L50, M|
|poke|p2|Sinistcha, L50|
|poke|p2|Lucario, L50, F, shiny|
|teampreview|4
|showteam|p1|Raichu||RaichuniteY|LightningRod|FakeOut,Encore,ZapCannon,FocusBlast|Timid||F|||50|]Gyarados||Gyaradosite|Intimidate|LashOut,Waterfall,DragonDance,Protect|Adamant||F|||50|]Mamoswine||LifeOrb|Oblivious|Protect,IcicleCrash,IceShard,HighHorsepower|Jolly||F|||50|]Ceruledge||ColburBerry|FlashFire|BitterBlade,ShadowSneak,BulkUp,Protect|Adamant||M|||50|]Sinistcha||SitrusBerry|Hospitality|Protect,RagePowder,MatchaGotcha,LifeDew|Bold|||||50|]Kingambit||FocusSash|Defiant|Protect,SuckerPunch,KowtowCleave,IronHead|Adamant||M|||50|
|showteam|p2|Metagross||Metagrossite|ClearBody|IronHead,PsychicFangs,BodyPress,Protect|Jolly|||||50|]Whimsicott||FocusSash|Prankster|Tailwind,Taunt,Moonblast,Encore|Timid||F|||50|]Incineroar||ChopleBerry|Intimidate|ThroatChop,FlareBlitz,PartingShot,FakeOut|Impish||M|||50|]Tyranitar||Tyranitarite|SandStream|RockSlide,KnockOff,DragonDance,Protect|Adamant||M|||50|]Sinistcha||SitrusBerry|Hospitality|MatchaGotcha,ShadowBall,RagePowder,LifeDew|Bold|||||50|]Lucario||Lucarionite|InnerFocus|Detect,AuraSphere,FlashCannon,ShadowBall|Timid||F|||50|
|inactive|Battle timer is ON: inactive players will automatically lose when time's up. (requested by airpersia)
|inactive|d1mo22 has 60 seconds left.
|
|t:|1784140372
|teamsize|p1|4
|teamsize|p2|4
|start
|switch|p1a: Raichu|Raichu, L50, F|100/100
|switch|p1b: Mamoswine|Mamoswine, L50, F|100/100
|switch|p2a: Incineroar|Incineroar, L50, M, shiny|100/100
|switch|p2b: Whimsicott|Whimsicott, L50, F, shiny|100/100
|-ability|p2a: Incineroar|Intimidate|boost
|-unboost|p1a: Raichu|atk|1
|-fail|p1b: Mamoswine|unboost|Attack|[from] ability: Oblivious|[of] p1b: Mamoswine
|turn|1
|
|t:|1784140393
|move|p1a: Raichu|Fake Out|p2b: Whimsicott
|-damage|p2b: Whimsicott|90/100
|move|p2a: Incineroar|Fake Out|p1b: Mamoswine
|-damage|p1b: Mamoswine|87/100
|cant|p2b: Whimsicott|flinch
|cant|p1b: Mamoswine|flinch
|
|upkeep
|turn|2
|inactive|d1mo22 has 30 seconds left.
|
|t:|1784140420
|detailschange|p1a: Raichu|Raichu-Mega-Y, L50, F
|-mega|p1a: Raichu|Raichu|Raichunite Y
|move|p2b: Whimsicott|Tailwind|p2b: Whimsicott
|-sidestart|p2: airpersia|move: Tailwind
|move|p1a: Raichu|Focus Blast|p2a: Incineroar
|-supereffective|p2a: Incineroar|1
|-enditem|p2a: Incineroar|Chople Berry|[eat]
|-enditem|p2a: Incineroar|Chople Berry|[weaken]
|-damage|p2a: Incineroar|67/100
|move|p2a: Incineroar|Flare Blitz|p1b: Mamoswine
|-supereffective|p1b: Mamoswine|1
|-damage|p1b: Mamoswine|0 fnt
|faint|p1b: Mamoswine
|-damage|p2a: Incineroar|40/100|[from] Recoil
|
|upkeep
|
|t:|1784140432
|switch|p1b: Gyarados|Gyarados, L50, F, shiny|100/100
|-ability|p1b: Gyarados|Intimidate|boost
|-unboost|p2a: Incineroar|atk|1
|-unboost|p2b: Whimsicott|atk|1
|turn|3
|inactive|d1mo22 has 30 seconds left.
|
|t:|1784140461
|switch|p2a: Sinistcha|Sinistcha, L50|100/100
|-heal|p2b: Whimsicott|100/100|[from] ability: Hospitality|[of] p2a: Sinistcha
|move|p2b: Whimsicott|Encore|p1a: Raichu
|-start|p1a: Raichu|Encore
|move|p1a: Raichu|Focus Blast|p2a: Sinistcha
|-immune|p2a: Sinistcha
|move|p1b: Gyarados|Dragon Dance|p1b: Gyarados
|-boost|p1b: Gyarados|atk|1
|-boost|p1b: Gyarados|spe|1
|
|upkeep
|turn|4
|inactive|d1mo22 has 30 seconds left.
|
|t:|1784140489
|switch|p1a: Sinistcha|Sinistcha, L50|100/100
|move|p1b: Gyarados|Protect|p1b: Gyarados
|-singleturn|p1b: Gyarados|Protect
|move|p2b: Whimsicott|Encore|p1b: Gyarados
|-activate|p1b: Gyarados|move: Protect
|move|p2a: Sinistcha|Shadow Ball|p1a: Sinistcha
|-supereffective|p1a: Sinistcha|1
|-crit|p1a: Sinistcha
|-damage|p1a: Sinistcha|1/100
|-unboost|p1a: Sinistcha|spd|1
|-enditem|p1a: Sinistcha|Sitrus Berry|[eat]
|-heal|p1a: Sinistcha|26/100|[from] item: Sitrus Berry
|
|upkeep
|turn|5
|
|t:|1784140505
|switch|p1b: Raichu|Raichu-Mega-Y, L50, F|100/100
|move|p1a: Sinistcha|Protect|p1a: Sinistcha
|-singleturn|p1a: Sinistcha|Protect
|move|p2b: Whimsicott|Encore||[still]
|-fail|p2b: Whimsicott
|move|p2a: Sinistcha|Shadow Ball|p1a: Sinistcha
|-activate|p1a: Sinistcha|move: Protect
|
|-sideend|p2: airpersia|move: Tailwind
|upkeep
|turn|6
|inactive|d1mo22 has 30 seconds left.
|
|t:|1784140536
|switch|p1a: Gyarados|Gyarados, L50, F, shiny|100/100
|-ability|p1a: Gyarados|Intimidate|boost
|-unboost|p2a: Sinistcha|atk|1
|-unboost|p2b: Whimsicott|atk|1
|move|p2b: Whimsicott|Encore||[still]
|-fail|p2b: Whimsicott
|move|p1b: Raichu|Zap Cannon|p2b: Whimsicott
|-resisted|p2b: Whimsicott|1
|-damage|p2b: Whimsicott|51/100
|-status|p2b: Whimsicott|par
|move|p2a: Sinistcha|Shadow Ball|p1b: Raichu
|-damage|p1b: Raichu|56/100
|
|upkeep
|turn|7
|inactive|d1mo22 has 30 seconds left.
|
|t:|1784140562
|move|p2b: Whimsicott|Tailwind|p2b: Whimsicott
|-sidestart|p2: airpersia|move: Tailwind
|move|p1b: Raichu|Focus Blast|p2a: Sinistcha
|-immune|p2a: Sinistcha
|move|p2a: Sinistcha|Matcha Gotcha|p1b: Raichu|[spread] p1a,p1b
|-damage|p1a: Gyarados|79/100
|-damage|p1b: Raichu|27/100
|-status|p1a: Gyarados|brn
|move|p1a: Gyarados|Waterfall|p2a: Sinistcha
|-resisted|p2a: Sinistcha|1
|-damage|p2a: Sinistcha|92/100
|
|-damage|p1a: Gyarados|73/100 brn|[from] brn
|upkeep
|turn|8
|
|t:|1784140581
|move|p2b: Whimsicott|Encore|p1b: Raichu
|-start|p1b: Raichu|Encore
|move|p1b: Raichu|Focus Blast|p2b: Whimsicott
|-resisted|p2b: Whimsicott|1
|-damage|p2b: Whimsicott|19/100 par
|move|p2a: Sinistcha|Matcha Gotcha|p1b: Raichu|[spread] p1a,p1b
|-damage|p1a: Gyarados|50/100g brn
|-heal|p2a: Sinistcha|100/100|[from] drain|[of] p1a: Gyarados
|-damage|p1b: Raichu|0 fnt
|faint|p1b: Raichu
|move|p1a: Gyarados|Dragon Dance|p1a: Gyarados
|-boost|p1a: Gyarados|atk|1
|-boost|p1a: Gyarados|spe|1
|
|-damage|p1a: Gyarados|45/100 brn|[from] brn
|upkeep
|inactive|d1mo22 has 30 seconds left.
|
|t:|1784140610
|switch|p1b: Sinistcha|Sinistcha, L50|26/100
|-heal|p1a: Gyarados|69/100 brn|[from] ability: Hospitality|[of] p1b: Sinistcha
|turn|9
|-message|d1mo22 forfeited.
|
|win|airpersia
|raw|d1mo22's rating: 1130 → 1104(-26 for losing)
|raw|airpersia's rating: 1115 → 1141(+26 for winning)
|l|☆d1mo22
|player|p1|
|j|☆d1mo22
|player|p1|d1mo22|skier|
