|j|☆RobloxToes
|j|☆thetchida
|html|RobloxToesthetchida    
|uhtml|bestof|Game 2 of a best-of-3
|t:|1782688821
|gametype|doubles
|player|p1|RobloxToes|266|
|player|p2|thetchida|101|
|gen|9
|tier|[Gen 9 Champions] VGC 2026 Reg M-B (Bo3)
|rule|Species Clause: Limit one of each Pokémon
|rule|Item Clause: Limit 1 of each item
|clearpoke
|poke|p1|Pidgeot, L50, F|
|poke|p1|Ninetales, L50, M|
|poke|p1|Grimmsnarl, L50, M|
|poke|p1|Basculegion-F, L50, F, shiny|
|poke|p1|Hippowdon, L50, F|
|poke|p1|Venusaur, L50, M|
|poke|p2|Dragalge, L50, M|
|poke|p2|Audino, L50, M|
|poke|p2|Armarouge, L50, F|
|poke|p2|Tsareena, L50, F|
|poke|p2|Froslass, L50, F|
|poke|p2|Goodra-Hisui, L50, F|
|teampreview|4
|showteam|p1|Pidgeot||Pidgeotite|KeenEye|HeatWave,AirSlash,Hurricane,Protect|Timid||F|||50|]Ninetales||LifeOrb|Drought|Overheat,DarkPulse,NastyPlot,QuickAttack|Modest||M|||50|]Grimmsnarl||LightClay|Prankster|FakeOut,LightScreen,SpiritBreak,PartingShot|Jolly||M|||50|]Basculegion-F||ChoiceScarf|Adaptability|IceBeam,ShadowBall,HydroPump,FlipTurn|Serious||F|||50|]Hippowdon||Leftovers|SandStream|HighHorsepower,BodyPress,Yawn,SlackOff|Adamant||F|||50|]Venusaur||Venusaurite|Chlorophyll|LeechSeed,GrassKnot,SludgeBomb,Protect|Calm||M|||50|
|showteam|p2|Dragalge||Dragalgite|PoisonPoint|SludgeWave,SludgeBomb,DragonPulse,Protect|Modest||M|||50|]Audino||Audinite|Regenerator|LifeDew,SimpleBeam,Yawn,Protect|Calm||M|||50|]Armarouge||TwistedSpoon|WeakArmor|HeatWave,StoredPower,Endure,CalmMind|Calm||F|||50|]Tsareena||SitrusBerry|QueenlyMajesty|AromaticMist,TropKick,ZenHeadbutt,LightScreen|Careful||F|||50|]Froslass||Froslassite|CursedBody|AuroraVeil,DestinyBond,Protect,ShadowBall|Timid||F|||50|]Goodra-Hisui||Leftovers|ShellArmor|BodyPress,Shelter,AcidSpray,Protect|Calm||F|||50|
|j| NoobMasterBrad182
|j| Dark_zekken
|
|t:|1782688845
|teamsize|p1|4
|teamsize|p2|4
|start
|switch|p1a: Venusaur|Venusaur, L50, M|100/100
|switch|p1b: Ninetales|Ninetales, L50, M|100/100
|switch|p2a: Audino|Audino, L50, M|100/100
|switch|p2b: Armarouge|Armarouge, L50, F|100/100
|-weather|SunnyDay|[from] ability: Drought|[of] p1b: Ninetales
|turn|1
|j| navicorrin
|
|t:|1782688873
|switch|p1a: Hippowdon|Hippowdon, L50, F|100/100
|-weather|Sandstorm|[from] ability: Sand Stream|[of] p1a: Hippowdon
|move|p1b: Ninetales|Nasty Plot|p1b: Ninetales
|-boost|p1b: Ninetales|spa|2
|move|p2b: Armarouge|Calm Mind|p2b: Armarouge
|-boost|p2b: Armarouge|spa|1
|-boost|p2b: Armarouge|spd|1
|move|p2a: Audino|Yawn|p1a: Hippowdon
|-start|p1a: Hippowdon|move: Yawn|[of] p2a: Audino
|
|-weather|Sandstorm|[upkeep]
|-damage|p1b: Ninetales|94/100|[from] Sandstorm
|-damage|p2b: Armarouge|93/100|[from] Sandstorm
|-damage|p2a: Audino|93/100|[from] Sandstorm
|upkeep
|turn|2
|
|t:|1782688898
|move|p1b: Ninetales|Dark Pulse|p2b: Armarouge
|-supereffective|p2b: Armarouge|1
|-damage|p2b: Armarouge|27/100
|-damage|p1b: Ninetales|84/100|[from] item: Life Orb
|move|p2b: Armarouge|Stored Power|p1a: Hippowdon
|-damage|p1a: Hippowdon|47/100
|move|p2a: Audino|Yawn|p1b: Ninetales
|-start|p1b: Ninetales|move: Yawn|[of] p2a: Audino
|move|p1a: Hippowdon|Yawn|p2a: Audino
|-start|p2a: Audino|move: Yawn|[of] p1a: Hippowdon
|
|-weather|Sandstorm|[upkeep]
|-damage|p1b: Ninetales|78/100|[from] Sandstorm
|-damage|p2b: Armarouge|21/100|[from] Sandstorm
|-damage|p2a: Audino|87/100|[from] Sandstorm
|-heal|p1a: Hippowdon|53/100|[from] item: Leftovers
|-end|p1a: Hippowdon|move: Yawn|[silent]
|-status|p1a: Hippowdon|slp
|upkeep
|turn|3
|
|t:|1782688932
|switch|p1b: Venusaur|Venusaur, L50, M|100/100
|-heal|p2a: Audino|100/100|[from] ability: Regenerator|[silent]
|switch|p2a: Goodra|Goodra-Hisui, L50, F|100/100
|move|p2b: Armarouge|Calm Mind|p2b: Armarouge
|-boost|p2b: Armarouge|spa|1
|-boost|p2b: Armarouge|spd|1
|cant|p1a: Hippowdon|slp
|
|-weather|Sandstorm|[upkeep]
|-damage|p1b: Venusaur|94/100|[from] Sandstorm
|-damage|p2b: Armarouge|15/100|[from] Sandstorm
|-heal|p1a: Hippowdon|60/100 slp|[from] item: Leftovers
|upkeep
|turn|4
|
|t:|1782688949
|detailschange|p1b: Venusaur|Venusaur-Mega, L50, M
|-mega|p1b: Venusaur|Venusaur|Venusaurite
|move|p1b: Venusaur|Leech Seed|p2a: Goodra
|-start|p2a: Goodra|move: Leech Seed
|move|p2b: Armarouge|Stored Power|p1a: Hippowdon
|-damage|p1a: Hippowdon|0 fnt
|faint|p1a: Hippowdon
|move|p2a: Goodra|Shelter|p2a: Goodra
|-boost|p2a: Goodra|def|2
|
|-weather|Sandstorm|[upkeep]
|-damage|p1b: Venusaur|88/100|[from] Sandstorm
|-damage|p2b: Armarouge|8/100|[from] Sandstorm
|-damage|p2a: Goodra|87/100|[from] Leech Seed|[of] p1b: Venusaur
|-heal|p1b: Venusaur|100/100|[silent]
|upkeep
|
|t:|1782688962
|switch|p1a: Ninetales|Ninetales, L50, M|78/100
|-weather|SunnyDay|[from] ability: Drought|[of] p1a: Ninetales
|turn|5
|
|t:|1782688975
|move|p2b: Armarouge|Endure|p2b: Armarouge
|-singleturn|p2b: Armarouge|move: Endure
|move|p1a: Ninetales|Dark Pulse|p2b: Armarouge
|-supereffective|p2b: Armarouge|1
|-crit|p2b: Armarouge
|-activate|p2b: Armarouge|move: Endure
|-damage|p2b: Armarouge|1/100
|-damage|p1a: Ninetales|68/100|[from] item: Life Orb
|move|p1b: Venusaur|Grass Knot|p2a: Goodra
|-resisted|p2a: Goodra|2
|-damage|p2a: Goodra|80/100
|move|p2a: Goodra|Body Press|p1a: Ninetales
|-damage|p1a: Ninetales|15/100
|
|-weather|SunnyDay|[upkeep]
|-heal|p2a: Goodra|86/100|[from] item: Leftovers
|-damage|p2a: Goodra|73/100|[from] Leech Seed|[of] p1b: Venusaur
|upkeep
|turn|6
|
|t:|1782689003
|move|p1a: Ninetales|Overheat|p2a: Goodra
|-damage|p2a: Goodra|19/100
|-unboost|p1a: Ninetales|spa|2
|-damage|p1a: Ninetales|5/100|[from] item: Life Orb
|move|p1b: Venusaur|Sludge Bomb|p2b: Armarouge
|-damage|p2b: Armarouge|0 fnt
|faint|p2b: Armarouge
|move|p2a: Goodra|Shelter|p2a: Goodra
|-boost|p2a: Goodra|def|2
|
|-weather|SunnyDay|[upkeep]
|-heal|p2a: Goodra|25/100|[from] item: Leftovers
|-damage|p2a: Goodra|13/100|[from] Leech Seed|[of] p1b: Venusaur
|upkeep
|
|t:|1782689020
|switch|p2b: Audino|Audino, L50, M|100/100
|turn|7
|
|t:|1782689031
|move|p2a: Goodra|Protect|p2a: Goodra
|-singleturn|p2a: Goodra|Protect
|move|p1a: Ninetales|Quick Attack|p2a: Goodra
|-activate|p2a: Goodra|move: Protect
|move|p1b: Venusaur|Leech Seed|p1a: Ninetales
|-start|p1a: Ninetales|move: Leech Seed
|move|p2b: Audino|Yawn|p1b: Venusaur
|-start|p1b: Venusaur|move: Yawn|[of] p2b: Audino
|
|-weather|SunnyDay|[upkeep]
|-heal|p2a: Goodra|19/100|[from] item: Leftovers
|-damage|p1a: Ninetales|0 fnt|[from] Leech Seed|[of] p1b: Venusaur
|faint|p1a: Ninetales
|-damage|p2a: Goodra|6/100|[from] Leech Seed|[of] p1b: Venusaur
|upkeep
|c|☆RobloxToes|oops
|
|t:|1782689046
|switch|p1a: Basculegion|Basculegion-F, L50, F, shiny|100/100
|turn|8
|
|t:|1782689070
|move|p1a: Basculegion|Ice Beam|p2a: Goodra
|-damage|p2a: Goodra|0 fnt
|faint|p2a: Goodra
|move|p1b: Venusaur|Leech Seed|p2b: Audino|[miss]
|-miss|p1b: Venusaur|p2b: Audino
|move|p2b: Audino|Yawn|p1a: Basculegion
|-start|p1a: Basculegion|move: Yawn|[of] p2b: Audino
|
|-weather|SunnyDay|[upkeep]
|-end|p1b: Venusaur|move: Yawn|[silent]
|-status|p1b: Venusaur|slp
|upkeep
|
|t:|1782689073
|switch|p2a: Dragalge|Dragalge, L50, M|100/100
|turn|9
|
|t:|1782689101
|detailschange|p2a: Dragalge|Dragalge-Mega, L50, M
|-mega|p2a: Dragalge|Dragalge|Dragalgite
|move|p1a: Basculegion|Ice Beam|p2a: Dragalge
|-supereffective|p2a: Dragalge|1
|-damage|p2a: Dragalge|61/100
|cant|p1b: Venusaur|slp
|move|p2b: Audino|Life Dew||[still]|[spread] p2a,p2b
|-heal|p2a: Dragalge|86/100
|-fail|p2b: Audino|heal
|move|p2a: Dragalge|Dragon Pulse|p1a: Basculegion
|-crit|p1a: Basculegion
|-damage|p1a: Basculegion|26/100
|
|-weather|none
|-end|p1a: Basculegion|move: Yawn|[silent]
|-status|p1a: Basculegion|slp
|upkeep
|turn|10
|
|t:|1782689117
|cant|p1a: Basculegion|slp
|cant|p1b: Venusaur|slp
|move|p2b: Audino|Life Dew||[still]|[spread] p2a,p2b
|-heal|p2a: Dragalge|100/100
|-fail|p2b: Audino|heal
|move|p2a: Dragalge|Dragon Pulse|p1a: Basculegion
|-damage|p1a: Basculegion|0 fnt
|faint|p1a: Basculegion
|
|upkeep
|turn|11
|
|t:|1782689128
|-curestatus|p1b: Venusaur|slp|[msg]
|move|p1b: Venusaur|Leech Seed|p2a: Dragalge
|-start|p2a: Dragalge|move: Leech Seed
|move|p2b: Audino|Yawn|p1b: Venusaur
|-start|p1b: Venusaur|move: Yawn|[of] p2b: Audino
|move|p2a: Dragalge|Sludge Bomb|p1b: Venusaur
|-damage|p1b: Venusaur|57/100
|
|-damage|p2a: Dragalge|87/100|[from] Leech Seed|[of] p1b: Venusaur
|-heal|p1b: Venusaur|70/100|[silent]
|upkeep
|turn|12
|
|t:|1782689139
|move|p1b: Venusaur|Leech Seed|p2b: Audino
|-start|p2b: Audino|move: Leech Seed
|move|p2b: Audino|Life Dew||[still]|[spread] p2a,p2b
|-heal|p2a: Dragalge|100/100
|-fail|p2b: Audino|heal
|move|p2a: Dragalge|Dragon Pulse|p1b: Venusaur
|-crit|p1b: Venusaur
|-damage|p1b: Venusaur|12/100
|
|-damage|p2b: Audino|87/100|[from] Leech Seed|[of] p1b: Venusaur
|-heal|p1b: Venusaur|27/100|[silent]
|-damage|p2a: Dragalge|87/100|[from] Leech Seed|[of] p1b: Venusaur
|-heal|p1b: Venusaur|39/100|[silent]
|-end|p1b: Venusaur|move: Yawn|[silent]
|-status|p1b: Venusaur|slp
|upkeep
|turn|13
|
|t:|1782689155
|cant|p1b: Venusaur|slp
|move|p2b: Audino|Life Dew|p2b: Audino|[spread] p2a,p2b
|-heal|p2a: Dragalge|100/100
|-heal|p2b: Audino|100/100
|move|p2a: Dragalge|Sludge Bomb|p1b: Venusaur
|-damage|p1b: Venusaur|0 fnt
|faint|p1b: Venusaur
|
|win|thetchida
|c|☆thetchida|ggs
