|j|☆skywa0
|j|☆pantalonesHat
|html|skywa0pantalonesHat    
|uhtml|bestof|Game 2 of a best-of-3
|t:|1757110214
|gametype|doubles
|player|p1|skywa0|2|1000
|player|p2|pantalonesHat|swimmer-gen4dp|1050
|gen|9
|tier|[Gen 9] VGC 2025 Reg H (Bo3)
|rated|
|rule|Species Clause: Limit one of each Pokémon
|rule|Item Clause: Limit 1 of each item
|clearpoke
|poke|p1|Gholdengo, L50|
|poke|p1|Dragonite, L50, F|
|poke|p1|Primarina, L50, F|
|poke|p1|Incineroar, L50, F|
|poke|p1|Amoonguss, L50, F|
|poke|p1|Ninetales-Alola, L50, M|
|poke|p2|Archaludon, L50, F|
|poke|p2|Gholdengo, L50|
|poke|p2|Incineroar, L50, M|
|poke|p2|Overqwil, L50, F|
|poke|p2|Pelipper, L50, M|
|poke|p2|Amoonguss, L50, F|
|teampreview|4
|showteam|p1|Gholdengo||MetalCoat|GoodasGold|Protect,NastyPlot,ShadowBall,MakeItRain||||||50|,,,,,Steel]Dragonite||LoadedDice|Multiscale|Protect,Tailwind,ScaleShot,IronHead|||F|||50|,,,,,Steel]Primarina||AssaultVest|LiquidVoice|Moonblast,PsychicNoise,Surf,FlipTurn|||F|||50|,,,,,Grass]Incineroar||AbilityShield|Intimidate|FakeOut,FlareBlitz,PartingShot,WillOWisp|||F|||50|,,,,,Ghost]Amoonguss||RockyHelmet|Regenerator|Spore,ClearSmog,RagePowder,PollenPuff|||F|||50|,,,,,Water]Ninetales-Alola||FocusSash|SnowWarning|AuroraVeil,Protect,IcyWind,Blizzard|||M|||50|,,,,,Ice
|showteam|p2|Archaludon||AssaultVest|Stamina|BodyPress,DragonPulse,ElectroShot,FlashCannon|||F|||50|,,,,,Steel]Gholdengo||LifeOrb|GoodasGold|MakeItRain,ShadowBall,NastyPlot,Protect||||||50|,,,,,Water]Incineroar||SafetyGoggles|Intimidate|KnockOff,Taunt,PartingShot,FakeOut|||M|||50|,,,,,Fire]Overqwil||ClearAmulet|SwiftSwim|GunkShot,SwordsDance,AquaTail,Protect|||F|||50|,,,,,Water]Pelipper||CovertCloak|Drizzle|WeatherBall,Hurricane,Protect,Tailwind|||M|||50|,,,,,Ground]Amoonguss||MentalHerb|Regenerator|Spore,RagePowder,Protect,ClearSmog|||F|||50|,,,,,Water
|inactive|Battle timer is ON: inactive players will automatically lose when time's up. (requested by pantalonesHat)
|
|t:|1757110238
|teamsize|p1|4
|teamsize|p2|4
|start
|switch|p1a: Dragonite|Dragonite, L50, F|100/100
|switch|p1b: Incineroar|Incineroar, L50, F|100/100
|switch|p2a: Pelipper|Pelipper, L50, M|100/100
|switch|p2b: Gholdengo|Gholdengo, L50, shiny|100/100
|-weather|RainDance|[from] ability: Drizzle|[of] p2a: Pelipper
|-ability|p1b: Incineroar|Intimidate|boost
|-unboost|p2a: Pelipper|atk|1
|-unboost|p2b: Gholdengo|atk|1
|turn|1
|inactive|pantalonesHat has 30 seconds left.
|
|t:|1757110264
|move|p1b: Incineroar|Fake Out|p2a: Pelipper
|-damage|p2a: Pelipper|85/100
|move|p2b: Gholdengo|Make It Rain|p1b: Incineroar|[spread] p1a,p1b
|-resisted|p1b: Incineroar
|-damage|p1a: Dragonite|79/100
|-damage|p1b: Incineroar|83/100
|-unboost|p2b: Gholdengo|spa|1
|-damage|p2b: Gholdengo|91/100|[from] item: Life Orb
|move|p2a: Pelipper|Tailwind|p2a: Pelipper
|-sidestart|p2: pantalonesHat|move: Tailwind
|move|p1a: Dragonite|Tailwind|p1a: Dragonite
|-sidestart|p1: skywa0|move: Tailwind
|
|-weather|RainDance|[upkeep]
|upkeep
|turn|2
|inactive|skywa0 has 30 seconds left.
|inactive|pantalonesHat has 30 seconds left.
|
|t:|1757110297
|move|p2b: Gholdengo|Nasty Plot|p2b: Gholdengo
|-boost|p2b: Gholdengo|spa|2
|move|p2a: Pelipper|Weather Ball|p1b: Incineroar
|-supereffective|p1b: Incineroar
|-damage|p1b: Incineroar|12/100
|move|p1a: Dragonite|Scale Shot|p2a: Pelipper|[miss]
|-miss|p1a: Dragonite|p2a: Pelipper
|move|p1b: Incineroar|Flare Blitz|p2b: Gholdengo
|-supereffective|p2b: Gholdengo
|-damage|p2b: Gholdengo|39/100
|-damage|p1b: Incineroar|0 fnt|[from] Recoil
|faint|p1b: Incineroar
|
|-weather|RainDance|[upkeep]
|upkeep
|inactive|skywa0 has 30 seconds left.
|
|t:|1757110327
|switch|p1b: Gholdengo|Gholdengo, L50|100/100
|turn|3
|
|t:|1757110344
|move|p1b: Gholdengo|Protect|p1b: Gholdengo
|-singleturn|p1b: Gholdengo|Protect
|move|p2b: Gholdengo|Shadow Ball|p1b: Gholdengo
|-activate|p1b: Gholdengo|move: Protect
|move|p2a: Pelipper|Weather Ball|p1b: Gholdengo
|-activate|p1b: Gholdengo|move: Protect
|move|p1a: Dragonite|Scale Shot|p2b: Gholdengo
|-resisted|p2b: Gholdengo
|-damage|p2b: Gholdengo|31/100
|-resisted|p2b: Gholdengo
|-damage|p2b: Gholdengo|23/100
|-resisted|p2b: Gholdengo
|-damage|p2b: Gholdengo|14/100
|-resisted|p2b: Gholdengo
|-crit|p2b: Gholdengo
|-damage|p2b: Gholdengo|2/100
|-resisted|p2b: Gholdengo
|-crit|p2b: Gholdengo
|-damage|p2b: Gholdengo|0 fnt
|faint|p2b: Gholdengo
|-hitcount|p2: Gholdengo|5
|-unboost|p1a: Dragonite|def|1
|-boost|p1a: Dragonite|spe|1
|
|-weather|RainDance|[upkeep]
|upkeep
|
|t:|1757110365
|switch|p2b: Archaludon|Archaludon, L50, F|100/100
|turn|4
|inactive|pantalonesHat has 30 seconds left.
|
|t:|1757110391
|switch|p1a: Amoonguss|Amoonguss, L50, F|100/100
|-terastallize|p2b: Archaludon|Steel
|move|p2a: Pelipper|Protect|p2a: Pelipper
|-singleturn|p2a: Pelipper|Protect
|move|p2b: Archaludon|Electro Shot||[still]
|-prepare|p2b: Archaludon|Electro Shot
|-boost|p2b: Archaludon|spa|1
|-anim|p2b: Archaludon|Electro Shot|p1a: Amoonguss
|-resisted|p1a: Amoonguss
|-damage|p1a: Amoonguss|84/100
|move|p1b: Gholdengo|Make It Rain|p2a: Pelipper|[spread] p2b
|-activate|p2a: Pelipper|move: Protect
|-resisted|p2b: Archaludon
|-damage|p2b: Archaludon|79/100
|-unboost|p1b: Gholdengo|spa|1
|-ability|p2b: Archaludon|Stamina|boost
|-boost|p2b: Archaludon|def|1
|
|-weather|RainDance|[upkeep]
|-sideend|p1: skywa0|move: Tailwind
|-sideend|p2: pantalonesHat|move: Tailwind
|upkeep
|turn|5
|inactive|skywa0 has 30 seconds left.
|inactive|pantalonesHat has 30 seconds left.
|inactive|pantalonesHat has 20 seconds left.
|
|t:|1757110430
|move|p2b: Archaludon|Flash Cannon|p1a: Amoonguss
|-damage|p1a: Amoonguss|39/100
|move|p2a: Pelipper|Tailwind|p2a: Pelipper
|-sidestart|p2: pantalonesHat|move: Tailwind
|move|p1b: Gholdengo|Nasty Plot|p1b: Gholdengo
|-boost|p1b: Gholdengo|spa|2
|move|p1a: Amoonguss|Clear Smog|p2b: Archaludon
|-immune|p2b: Archaludon
|
|-weather|none
|upkeep
|turn|6
|
|t:|1757110453
|switch|p1a: Dragonite|Dragonite, L50, F|79/100
|move|p2b: Archaludon|Electro Shot||[still]
|-prepare|p2b: Archaludon|Electro Shot
|-boost|p2b: Archaludon|spa|1
|move|p2a: Pelipper|Hurricane|p1a: Dragonite|[miss]
|-miss|p2a: Pelipper|p1a: Dragonite
|move|p1b: Gholdengo|Shadow Ball|p2b: Archaludon
|-damage|p2b: Archaludon|26/100
|-ability|p2b: Archaludon|Stamina|boost
|-boost|p2b: Archaludon|def|1
|
|upkeep
|turn|7
|inactive|skywa0 has 30 seconds left.
|inactive|pantalonesHat has 30 seconds left.
|inactive|skywa0 has 20 seconds left.
|inactive|pantalonesHat has 20 seconds left.
|inactive|skywa0 has 15 seconds left.
|inactive|pantalonesHat has 15 seconds left.
|inactive|skywa0 has 10 seconds left.
|
|t:|1757110501
|move|p2a: Pelipper|Protect|p2a: Pelipper
|-singleturn|p2a: Pelipper|Protect
|move|p2b: Archaludon|Electro Shot|p1b: Gholdengo|[from] lockedmove
|-damage|p1b: Gholdengo|35/100
|move|p1b: Gholdengo|Make It Rain|p2b: Archaludon|[spread] p2b
|-activate|p2a: Pelipper|move: Protect
|-resisted|p2b: Archaludon
|-damage|p2b: Archaludon|0 fnt
|-unboost|p1b: Gholdengo|spa|1
|faint|p2b: Archaludon
|move|p1a: Dragonite|Scale Shot|p2a: Pelipper
|-activate|p2a: Pelipper|move: Protect
|
|upkeep
|
|t:|1757110515
|switch|p2b: Overqwil|Overqwil, L50, F, shiny|100/100
|turn|8
|inactive|pantalonesHat has 30 seconds left.
|
|t:|1757110544
|move|p1b: Gholdengo|Protect|p1b: Gholdengo
|-singleturn|p1b: Gholdengo|Protect
|move|p1a: Dragonite|Protect|p1a: Dragonite
|-singleturn|p1a: Dragonite|Protect
|move|p2a: Pelipper|Hurricane|p1a: Dragonite
|-activate|p1a: Dragonite|move: Protect
|move|p2b: Overqwil|Aqua Tail|p1b: Gholdengo
|-activate|p1b: Gholdengo|move: Protect
|
|-sideend|p2: pantalonesHat|move: Tailwind
|upkeep
|turn|9
|inactive|skywa0 has 30 seconds left.
|
|t:|1757110573
|-terastallize|p1a: Dragonite|Steel
|move|p2b: Overqwil|Protect|p2b: Overqwil
|-singleturn|p2b: Overqwil|Protect
|move|p2a: Pelipper|Tailwind|p2a: Pelipper
|-sidestart|p2: pantalonesHat|move: Tailwind
|move|p1b: Gholdengo|Make It Rain|p2a: Pelipper|[spread] p2a
|-activate|p2b: Overqwil|move: Protect
|-resisted|p2a: Pelipper
|-damage|p2a: Pelipper|46/100
|-unboost|p1b: Gholdengo|spa|1
|move|p1a: Dragonite|Iron Head|p2a: Pelipper
|-resisted|p2a: Pelipper
|-damage|p2a: Pelipper|15/100
|
|upkeep
|turn|10
|inactive|skywa0 has 30 seconds left.
|inactive|pantalonesHat has 30 seconds left.
|inactive|pantalonesHat has 20 seconds left.
|
|t:|1757110610
|move|p2a: Pelipper|Hurricane|p1a: Dragonite|[miss]
|-miss|p2a: Pelipper|p1a: Dragonite
|move|p2b: Overqwil|Swords Dance|p2b: Overqwil
|-boost|p2b: Overqwil|atk|2
|move|p1b: Gholdengo|Shadow Ball|p2a: Pelipper
|-damage|p2a: Pelipper|0 fnt
|faint|p2a: Pelipper
|move|p1a: Dragonite|Scale Shot|p2b: Overqwil
|-damage|p2b: Overqwil|85/100
|-damage|p2b: Overqwil|70/100
|-damage|p2b: Overqwil|55/100
|-damage|p2b: Overqwil|38/100
|-hitcount|p2b: Overqwil|4
|-unboost|p1a: Dragonite|def|1
|-boost|p1a: Dragonite|spe|1
|
|upkeep
|turn|11
|
|t:|1757110633
|move|p1a: Dragonite|Protect|p1a: Dragonite
|-singleturn|p1a: Dragonite|Protect
|move|p1b: Gholdengo|Protect|p1b: Gholdengo
|-singleturn|p1b: Gholdengo|Protect
|move|p2b: Overqwil|Aqua Tail|p1a: Dragonite
|-activate|p1a: Dragonite|move: Protect
|
|upkeep
|turn|12
|
|t:|1757110647
|move|p2b: Overqwil|Aqua Tail|p1a: Dragonite
|-damage|p1a: Dragonite|0 fnt
|faint|p1a: Dragonite
|move|p1b: Gholdengo|Shadow Ball|p2b: Overqwil
|-resisted|p2b: Overqwil
|-damage|p2b: Overqwil|22/100
|
|-sideend|p2: pantalonesHat|move: Tailwind
|upkeep
|
|t:|1757110659
|switch|p1a: Amoonguss|Amoonguss, L50, F|72/100
|turn|13
|
|t:|1757110676
|move|p1b: Gholdengo|Protect|p1b: Gholdengo
|-singleturn|p1b: Gholdengo|Protect
|move|p2b: Overqwil|Gunk Shot|p1a: Amoonguss
|-damage|p1a: Amoonguss|0 fnt
|faint|p1a: Amoonguss
|
|upkeep
|turn|14
|
|t:|1757110685
|move|p1b: Gholdengo|Make It Rain|p2b: Overqwil
|-damage|p2b: Overqwil|0 fnt
|-unboost|p1b: Gholdengo|spa|1
|faint|p2b: Overqwil
|
|win|skywa0
|c|☆pantalonesHat|wow close one
||skywa0 is ready for game 3.
|inactive|pantalonesHat has 30 seconds to confirm battle start!
||pantalonesHat is ready for game 3.
|uhtml|next|Next: Game 3 of 3
|l|☆pantalonesHat
|player|p2|
|l|☆skywa0
|player|p1|
|j|☆pantalonesHat
|player|p2|pantalonesHat|swimmer-gen4dp|
