|j|☆influxxyyy
|j|‽squigglybuff
|html|influxxyyysquigglybuff    
|uhtml|bestof|Game 1 of a best-of-3
|t:|1756835459
|gametype|doubles
|player|p1|influxxyyy|skyla|
|player|p2|squigglybuff|170|
|gen|9
|tier|[Gen 9] VGC 2025 Reg H (Bo3)
|rule|Species Clause: Limit one of each Pokémon
|rule|Item Clause: Limit 1 of each item
|clearpoke
|poke|p1|Dragalge, L50, M|
|poke|p1|Mimikyu, L50, M|
|poke|p1|Primarina, L50, F|
|poke|p1|Hariyama, L50, F|
|poke|p1|Grimmsnarl, L50, M|
|poke|p1|Torracat, L50, F|
|poke|p2|Glaceon, L50, F|
|poke|p2|Abomasnow, L50, M|
|poke|p2|Dusclops, L50, M|
|poke|p2|Comfey, L50, M|
|poke|p2|Arcanine-Hisui, L50, F|
|poke|p2|Blastoise, L50, M|
|teampreview|4
|showteam|p1|Dragalge||LifeOrb|Adaptability|Protect,SludgeBomb,DragonPulse,TeraBlast|||M|||50|,,,,,Fairy]Mimikyu||MentalHerb|Disguise|ShadowSneak,PlayRough,DestinyBond,TrickRoom|||M|||50|,,,,,Water]Primarina||FairyFeather|LiquidVoice|Protect,DazzlingGleam,Moonblast,HyperVoice|||F|||50|,,,,,Poison]Hariyama||FlameOrb|Guts|Protect,FakeOut,DrainPunch,KnockOff|||F|||50|,,,,,Steel]Grimmsnarl||LightClay|Prankster|LightScreen,Reflect,PartingShot,SpiritBreak|||M|||50|,,,,,Ghost]Torracat||Eviolite|Intimidate|FakeOut,FlareBlitz,HelpingHand,PartingShot|||F|||50|,,,,,Fire
|showteam|p2|Glaceon||ChoiceSpecs|IceBody|Blizzard,FreezeDry,AlluringVoice,WeatherBall|||F|||50|,,,,,Fairy]Abomasnow||LightClay|SnowWarning|AuroraVeil,Protect,HelpingHand,Blizzard|||M|||50|,,,,,Fire]Dusclops||Eviolite|Pressure|TrickRoom,WillOWisp,HelpingHand,NightShade|||M|||50|,,,,,Fairy]Comfey||CovertCloak|Triage|DrainingKiss,FloralHealing,TrickRoom,Protect|||M|||50|,,,,,Steel]Arcanine-Hisui||AssaultVest|Intimidate|RockSlide,ExtremeSpeed,FlareBlitz,Snarl|||F|||50|,,,,,Grass]Blastoise||SitrusBerry|Torrent|ShellSmash,FakeOut,WaterSpout,Blizzard|||M|||50|,,,,,Ghost
|inactive|Battle timer is ON: inactive players will automatically lose when time's up. (requested by influxxyyy)
|inactive|influxxyyy has 60 seconds left.
|inactive|squigglybuff has 60 seconds left.
|
|t:|1756835503
|teamsize|p1|4
|teamsize|p2|4
|start
|switch|p1a: Mimikyu|Mimikyu, L50, M, shiny|100/100
|switch|p1b: Grimmsnarl|Grimmsnarl, L50, M|100/100
|switch|p2a: Arcanine|Arcanine-Hisui, L50, F|100/100
|switch|p2b: Abomasnow|Abomasnow, L50, M|100/100
|-ability|p2a: Arcanine|Intimidate|boost
|-unboost|p1a: Mimikyu|atk|1
|-unboost|p1b: Grimmsnarl|atk|1
|-weather|Snowscape|[from] ability: Snow Warning|[of] p2b: Abomasnow
|turn|1
|inactive|squigglybuff has 30 seconds left.
|
|t:|1756835530
|move|p1b: Grimmsnarl|Reflect|p1b: Grimmsnarl
|-sidestart|p1: influxxyyy|Reflect
|move|p2a: Arcanine|Rock Slide|p1b: Grimmsnarl|[spread] p1a,p1b
|-activate|p1a: Mimikyu|ability: Disguise
|-damage|p1a: Mimikyu|100/100
|-damage|p1b: Grimmsnarl|82/100
|detailschange|p1a: Mimikyu|Mimikyu-Busted, L50, M, shiny
|-damage|p1a: Mimikyu|88/100|[from] pokemon: Mimikyu-Busted
|move|p2b: Abomasnow|Aurora Veil|p2b: Abomasnow
|-sidestart|p2: squigglybuff|move: Aurora Veil
|move|p1a: Mimikyu|Trick Room|p1a: Mimikyu
|-fieldstart|move: Trick Room|[of] p1a: Mimikyu
|
|-weather|Snowscape|[upkeep]
|upkeep
|turn|2
|inactive|influxxyyy has 30 seconds left.
|
|t:|1756835558
|switch|p1a: Hariyama|Hariyama, L50, F, shiny|100/100
|switch|p2a: Glaceon|Glaceon, L50, F|100/100
|move|p1b: Grimmsnarl|Light Screen|p1b: Grimmsnarl
|-sidestart|p1: influxxyyy|move: Light Screen
|move|p2b: Abomasnow|Blizzard|p1b: Grimmsnarl|[spread] p1a,p1b
|-damage|p1a: Hariyama|86/100
|-damage|p1b: Grimmsnarl|65/100
|
|-weather|Snowscape|[upkeep]
|-status|p1a: Hariyama|brn|[from] item: Flame Orb
|upkeep
|turn|3
|
|t:|1756835579
|-terastallize|p2a: Glaceon|Fairy
|move|p1a: Hariyama|Fake Out|p2a: Glaceon
|-damage|p2a: Glaceon|86/100
|move|p1b: Grimmsnarl|Parting Shot|p2a: Glaceon
|-unboost|p2a: Glaceon|atk|1
|-unboost|p2a: Glaceon|spa|1
|
|t:|1756835589
|switch|p1b: Mimikyu|Mimikyu-Busted, L50, M, shiny|88/100|[from] Parting Shot
|move|p2b: Abomasnow|Blizzard|p1a: Hariyama|[spread] p1a,p1b
|-damage|p1a: Hariyama|72/100 brn
|-damage|p1b: Mimikyu|71/100
|cant|p2a: Glaceon|flinch
|
|-weather|Snowscape|[upkeep]
|-heal|p2a: Glaceon|92/100|[from] ability: Ice Body
|-damage|p1a: Hariyama|66/100 brn|[from] brn
|upkeep
|turn|4
|
|t:|1756835614
|switch|p2a: Arcanine|Arcanine-Hisui, L50, F|100/100
|-ability|p2a: Arcanine|Intimidate|boost
|-unboost|p1a: Hariyama|atk|1
|-unboost|p1b: Mimikyu|atk|1
|-terastallize|p1a: Hariyama|Steel
|move|p1a: Hariyama|Drain Punch|p2b: Abomasnow
|-supereffective|p2b: Abomasnow
|-crit|p2b: Abomasnow
|-damage|p2b: Abomasnow|0 fnt
|-heal|p1a: Hariyama|100/100 brn|[from] drain|[of] p2b: Abomasnow
|faint|p2b: Abomasnow
|move|p1b: Mimikyu|Play Rough|p2a: Arcanine
|-resisted|p2a: Arcanine
|-damage|p2a: Arcanine|90/100
|
|-weather|Snowscape|[upkeep]
|-damage|p1a: Hariyama|95/100 brn|[from] brn
|upkeep
|
|t:|1756835629
|switch|p2b: Blastoise|Blastoise, L50, M|100/100
|turn|5
|
|t:|1756835641
|switch|p2a: Glaceon|Glaceon, L50, F, tera:Fairy|92/100
|move|p1a: Hariyama|Drain Punch|p2a: Glaceon
|-resisted|p2a: Glaceon
|-damage|p2a: Glaceon|79/100
|-heal|p1a: Hariyama|99/100 brn|[from] drain|[of] p2a: Glaceon
|move|p1b: Mimikyu|Destiny Bond|p1b: Mimikyu
|-singlemove|p1b: Mimikyu|Destiny Bond
|move|p2b: Blastoise|Shell Smash|p2b: Blastoise
|-unboost|p2b: Blastoise|def|1
|-unboost|p2b: Blastoise|spd|1
|-boost|p2b: Blastoise|atk|2
|-boost|p2b: Blastoise|spa|2
|-boost|p2b: Blastoise|spe|2
|
|-weather|none
|-damage|p1a: Hariyama|94/100 brn|[from] brn
|-fieldend|move: Trick Room
|upkeep
|turn|6
|inactive|squigglybuff has 30 seconds left.
|
|t:|1756835669
|switch|p2a: Arcanine|Arcanine-Hisui, L50, F|90/100
|-ability|p2a: Arcanine|Intimidate|boost
|-unboost|p1a: Hariyama|atk|1
|-unboost|p1b: Mimikyu|atk|1
|move|p1a: Hariyama|Protect|p1a: Hariyama
|-singleturn|p1a: Hariyama|Protect
|move|p2b: Blastoise|Water Spout|p1a: Hariyama|[spread] p1b
|-activate|p1a: Hariyama|move: Protect
|-damage|p1b: Mimikyu|10/100
|move|p1b: Mimikyu|Trick Room|p1b: Mimikyu
|-fieldstart|move: Trick Room|[of] p1b: Mimikyu
|
|-damage|p1a: Hariyama|88/100 brn|[from] brn
|upkeep
|turn|7
|inactive|influxxyyy has 30 seconds left.
|
|t:|1756835696
|switch|p2b: Glaceon|Glaceon, L50, F, tera:Fairy|79/100
|move|p1a: Hariyama|Drain Punch|p2b: Glaceon
|-resisted|p2b: Glaceon
|-damage|p2b: Glaceon|69/100
|-heal|p1a: Hariyama|92/100 brn|[from] drain|[of] p2b: Glaceon
|move|p1b: Mimikyu|Play Rough|p2b: Glaceon
|-damage|p2b: Glaceon|55/100
|move|p2a: Arcanine|Rock Slide|p1a: Hariyama|[spread] p1a,p1b
|-resisted|p1a: Hariyama
|-damage|p1a: Hariyama|81/100 brn
|-damage|p1b: Mimikyu|0 fnt
|faint|p1b: Mimikyu
|
|-damage|p1a: Hariyama|75/100 brn|[from] brn
|upkeep
|
|t:|1756835708
|switch|p1b: Dragalge|Dragalge, L50, M, shiny|100/100
|turn|8
|
|t:|1756835726
|switch|p1a: Grimmsnarl|Grimmsnarl, L50, M|65/100
|move|p1b: Dragalge|Sludge Bomb|p2b: Glaceon
|-supereffective|p2b: Glaceon
|-damage|p2b: Glaceon|0 fnt
|faint|p2b: Glaceon
|-damage|p1b: Dragalge|91/100|[from] item: Life Orb
|move|p2a: Arcanine|Flare Blitz|p1a: Grimmsnarl
|-damage|p1a: Grimmsnarl|27/100
|-damage|p2a: Arcanine|75/100|[from] Recoil
|
|-sideend|p1: influxxyyy|Reflect
|-sideend|p2: squigglybuff|move: Aurora Veil
|upkeep
|
|t:|1756835731
|switch|p2b: Blastoise|Blastoise, L50, M|100/100
|turn|9
|
|t:|1756835752
|move|p2b: Blastoise|Fake Out|p1a: Grimmsnarl
|-damage|p1a: Grimmsnarl|18/100
|cant|p1a: Grimmsnarl|flinch
|move|p1b: Dragalge|Sludge Bomb|p2b: Blastoise
|-damage|p2b: Blastoise|16/100
|-enditem|p2b: Blastoise|Sitrus Berry|[eat]
|-heal|p2b: Blastoise|41/100|[from] item: Sitrus Berry
|-damage|p1b: Dragalge|81/100|[from] item: Life Orb
|move|p2a: Arcanine|Rock Slide|p1b: Dragalge|[spread] p1a,p1b
|-crit|p1a: Grimmsnarl
|-damage|p1a: Grimmsnarl|0 fnt
|-damage|p1b: Dragalge|53/100
|faint|p1a: Grimmsnarl
|
|-sideend|p1: influxxyyy|move: Light Screen
|upkeep
|
|t:|1756835766
|switch|p1a: Hariyama|Hariyama, L50, F, shiny, tera:Steel|75/100 brn
|turn|10
|
|t:|1756835772
|move|p1b: Dragalge|Sludge Bomb|p2b: Blastoise
|-damage|p2b: Blastoise|0 fnt
|faint|p2b: Blastoise
|-damage|p1b: Dragalge|43/100|[from] item: Life Orb
|move|p1a: Hariyama|Drain Punch|p2a: Arcanine
|-supereffective|p2a: Arcanine
|-crit|p2a: Arcanine
|-damage|p2a: Arcanine|0 fnt
|-heal|p1a: Hariyama|100/100 brn|[from] drain|[of] p2a: Arcanine
|faint|p2a: Arcanine
|
|win|influxxyyy
||squigglybuff is ready for game 2.
||influxxyyy is ready for game 2.
|uhtml|next|Next: Game 2 of 3
|l|‽squigglybuff
|player|p2|
