|j|☆vilan333
|j|☆polrb7
|html|vilan333polrb7    
|uhtml|bestof|Game 1 of a best-of-3
|t:|1782407631
|gametype|doubles
|player|p1|vilan333|marshal|1178
|player|p2|polrb7|giovanni|1148
|gen|9
|tier|[Gen 9 Champions] VGC 2026 Reg M-B (Bo3)
|rated|
|rule|Species Clause: Limit one of each Pokémon
|rule|Item Clause: Limit 1 of each item
|clearpoke
|poke|p1|Kangaskhan, L50, F|
|poke|p1|Mawile, L50, M|
|poke|p1|Gallade, L50, M|
|poke|p1|Farigiraf, L50, M|
|poke|p1|Torkoal, L50, M|
|poke|p1|Pyroar, L50, F|
|poke|p2|Incineroar, L50, M, shiny|
|poke|p2|Sinistcha, L50|
|poke|p2|Mawile, L50, F|
|poke|p2|Aerodactyl, L50, M|
|poke|p2|Floette-Eternal, L50, F|
|poke|p2|Basculegion, L50, M|
|teampreview|4
|showteam|p1|Kangaskhan||LifeOrb|Scrappy|FakeOut,DoubleEdge,HammerArm,IcePunch|Brave||F|||50|]Mawile||Mawilite|Intimidate|SuckerPunch,PlayRough,SwordsDance,Protect|Brave||M|||50|]Gallade||IronBall|Sharpness|SacredSword,PsychoCut,WideGuard,TrickRoom|Brave||M|||50|]Farigiraf||ColburBerry|ArmorTail|Thunderbolt,PsychicFangs,TrickRoom,HelpingHand|Modest||M|||50|]Torkoal||Charcoal|Drought|Eruption,WeatherBall,EarthPower,Protect|Quiet||M|||50|]Pyroar||Pyroarite|Unnerve|Protect,HeatWave,Overheat,SolarBeam|Timid||F|||50|
|showteam|p2|Incineroar||SitrusBerry|Intimidate|FlareBlitz,DarkestLariat,PartingShot,FakeOut|Impish||M|||50|]Sinistcha||KasibBerry|Hospitality|Protect,RagePowder,TrickRoom,MatchaGotcha|Bold|||||50|]Mawile||Mawilite|HyperCutter|PlayRough,SuckerPunch,SwordsDance,Protect|Adamant||F|||50|]Aerodactyl||FocusSash|Unnerve|RockSlide,DualWingbeat,Tailwind,Protect|Jolly||M|||50|]Floette-Eternal||Floettite|FlowerVeil|Moonblast,DazzlingGleam,CalmMind,Protect|Modest||F|||50|]Basculegion||ChoiceScarf|Adaptability|WaveCrash,LastRespects,FlipTurn,AquaJet|Jolly||M|||50|
|inactive|Battle timer is ON: inactive players will automatically lose when time's up. (requested by polrb7)
|inactive|vilan333 has 60 seconds left.
|inactive|polrb7 has 60 seconds left.
|inactive|vilan333 has 30 seconds left.
|
|t:|1782407697
|teamsize|p1|4
|teamsize|p2|4
|start
|switch|p1a: Kangaskhan|Kangaskhan, L50, F|100/100
|switch|p1b: Gallade|Gallade, L50, M|100/100
|switch|p2a: Incineroar|Incineroar, L50, M, shiny|100/100
|switch|p2b: Floette|Floette-Eternal, L50, F|100/100
|-ability|p2a: Incineroar|Intimidate|boost
|-fail|p1a: Kangaskhan|unboost|Attack|[from] ability: Scrappy|[of] p1a: Kangaskhan
|-unboost|p1b: Gallade|atk|1
|turn|1
|inactive|polrb7 has 30 seconds left.
|
|t:|1782407727
|detailschange|p2b: Floette|Floette-Mega, L50, F
|-mega|p2b: Floette|Floette|Floettite
|-ability|p2b: Floette|Fairy Aura
|move|p1a: Kangaskhan|Fake Out|p2a: Incineroar
|-damage|p2a: Incineroar|82/100
|-damage|p1a: Kangaskhan|90/100|[from] item: Life Orb
|move|p2b: Floette|Calm Mind|p2b: Floette
|-boost|p2b: Floette|spa|1
|-boost|p2b: Floette|spd|1
|cant|p2a: Incineroar|flinch
|move|p1b: Gallade|Trick Room|p1b: Gallade
|-fieldstart|move: Trick Room|[of] p1b: Gallade
|
|upkeep
|turn|2
|inactive|polrb7 has 30 seconds left.
|inactive|polrb7 has 20 seconds left.
|
|t:|1782407764
|move|p1b: Gallade|Psycho Cut|p2b: Floette
|-crit|p2b: Floette
|-damage|p2b: Floette|8/100
|move|p2a: Incineroar|Darkest Lariat|p1a: Kangaskhan
|-damage|p1a: Kangaskhan|57/100
|move|p1a: Kangaskhan|Double-Edge|p2b: Floette
|-damage|p2b: Floette|0 fnt
|faint|p2b: Floette
|-damage|p1a: Kangaskhan|54/100|[from] Recoil
|-damage|p1a: Kangaskhan|45/100|[from] item: Life Orb
|
|upkeep
|
|t:|1782407775
|switch|p2b: Sinistcha|Sinistcha, L50|100/100
|-heal|p2a: Incineroar|100/100|[from] ability: Hospitality|[of] p2b: Sinistcha
|turn|3
|inactive|vilan333 has 30 seconds left.
|
|t:|1782407804
|move|p1b: Gallade|Sacred Sword|p2a: Incineroar
|-supereffective|p2a: Incineroar|1
|-damage|p2a: Incineroar|28/100
|-enditem|p2a: Incineroar|Sitrus Berry|[eat]
|-heal|p2a: Incineroar|53/100|[from] item: Sitrus Berry
|move|p2a: Incineroar|Flare Blitz|p1a: Kangaskhan
|-damage|p1a: Kangaskhan|0 fnt
|faint|p1a: Kangaskhan
|-damage|p2a: Incineroar|38/100|[from] Recoil
|move|p2b: Sinistcha|Matcha Gotcha|p1b: Gallade
|-damage|p1b: Gallade|71/100
|
|upkeep
|
|t:|1782407820
|switch|p1a: Torkoal|Torkoal, L50, M|100/100
|-weather|SunnyDay|[from] ability: Drought|[of] p1a: Torkoal
|turn|4
|
|t:|1782407839
|move|p1a: Torkoal|Eruption|p2a: Incineroar|[spread] p2a,p2b
|-resisted|p2a: Incineroar|1
|-supereffective|p2b: Sinistcha|1
|-damage|p2a: Incineroar|2/100
|-damage|p2b: Sinistcha|0 fnt
|faint|p2b: Sinistcha
|move|p1b: Gallade|Psycho Cut|p2a: Incineroar
|-immune|p2a: Incineroar
|move|p2a: Incineroar|Darkest Lariat|p1a: Torkoal
|-damage|p1a: Torkoal|74/100
|
|-weather|SunnyDay|[upkeep]
|upkeep
|
|t:|1782407842
|switch|p2b: Basculegion|Basculegion, L50, M|100/100
|turn|5
|
|t:|1782407865
|move|p1a: Torkoal|Eruption|p2a: Incineroar|[spread] p2a,p2b
|-resisted|p2a: Incineroar|1
|-resisted|p2b: Basculegion|1
|-damage|p2a: Incineroar|0 fnt
|-damage|p2b: Basculegion|60/100
|faint|p2a: Incineroar
|move|p1b: Gallade|Psycho Cut|p2b: Basculegion
|-damage|p2b: Basculegion|12/100
|move|p2b: Basculegion|Last Respects|p1b: Gallade
|-supereffective|p1b: Gallade|1
|-damage|p1b: Gallade|0 fnt
|faint|p1b: Gallade
|
|-weather|SunnyDay|[upkeep]
|-fieldend|move: Trick Room
|upkeep
|
|t:|1782407879
|switch|p1b: Mawile|Mawile, L50, M|100/100
|-ability|p1b: Mawile|Intimidate|boost
|-unboost|p2b: Basculegion|atk|1
|turn|6
|
|t:|1782407887
|detailschange|p1b: Mawile|Mawile-Mega, L50, M
|-mega|p1b: Mawile|Mawile|Mawilite
|move|p1b: Mawile|Sucker Punch|p2b: Basculegion
|-supereffective|p2b: Basculegion|1
|-damage|p2b: Basculegion|0 fnt
|faint|p2b: Basculegion
|
|win|vilan333
||polrb7 is ready for game 2.
