|j|☆FefoVGC
|j|☆jonen
|html|FefoVGCjonen    
|uhtml|bestof|Game 1 of a best-of-3
|t:|1756722434
|gametype|doubles
|player|p1|FefoVGC|102|1096
|player|p2|jonen|ruinmaniac-gen3|1178
|gen|9
|tier|[Gen 9] VGC 2025 Reg H (Bo3)
|rated|
|rule|Species Clause: Limit one of each Pokémon
|rule|Item Clause: Limit 1 of each item
|clearpoke
|poke|p1|Archaludon, L50, F|
|poke|p1|Dragonite, L50, M|
|poke|p1|Pelipper, L50, F|
|poke|p1|Amoonguss, L50, F|
|poke|p1|Incineroar, L50, M|
|poke|p1|Annihilape, L50, F|
|poke|p2|Garchomp, L50, F|
|poke|p2|Weezing-Galar, L50, F|
|poke|p2|Archaludon, L50, M|
|poke|p2|Gholdengo, L50|
|poke|p2|Talonflame, L50, F|
|poke|p2|Annihilape, L50, M|
|teampreview|4
|showteam|p1|Archaludon||AssaultVest|Stamina|ElectroShot,FlashCannon,Snarl,BodyPress|||F|||50|,,,,,Bug]Dragonite||LoadedDice|Multiscale|ScaleShot,Haze,Tailwind,Protect|||M|||50|,,,,,Fairy]Pelipper||FocusSash|Drizzle|WeatherBall,Hurricane,WideGuard,Protect|||F|||50|,,,,,Ground]Amoonguss||SitrusBerry|Regenerator|Spore,RagePowder,PollenPuff,Protect|||F|||50|,,,,,Psychic]Incineroar||SafetyGoggles|Intimidate|FlareBlitz,KnockOff,PartingShot,FakeOut|||M|||50|,,,,,Ghost]Annihilape||Leftovers|Defiant|DrainPunch,RageFist,BulkUp,Protect|||F|||50|,,,,,Water
|showteam|p2|Garchomp||LifeOrb|RoughSkin|DragonClaw,Earthquake,StompingTantrum,Protect|||F|||50|,,,,,Ground]Weezing-Galar||FocusSash|NeutralizingGas|Protect,SludgeBomb,Taunt,StrangeSteam|||F|||50|,,,,,Flying]Archaludon||PowerHerb|Sturdy|ElectroShot,Thunderbolt,DracoMeteor,Protect|||M|||50|,,,,,Electric]Gholdengo||ChoiceSpecs|GoodasGold|ShadowBall,DazzlingGleam,PowerGem,MakeItRain||||||50|,,,,,Fairy]Talonflame||CovertCloak|GaleWings|Tailwind,DualWingbeat,UpperHand,FlareBlitz|||F|||50|,,,,,Fairy]Annihilape||AssaultVest|Defiant|CloseCombat,RageFist,FinalGambit,IcePunch|||M|||50|,,,,,Grass
|
|t:|1756722480
|teamsize|p1|4
|teamsize|p2|4
|start
|switch|p1a: Archaludon|Archaludon, L50, F|100/100
|switch|p1b: Dragonite|Dragonite, L50, M|100/100
|switch|p2a: Weezing|Weezing-Galar, L50, F|100/100
|switch|p2b: Archaludon|Archaludon, L50, M|100/100
|-ability|p2a: Weezing|Neutralizing Gas
|turn|1
|
|t:|1756722517
|move|p2b: Archaludon|Draco Meteor|p1b: Dragonite
|-supereffective|p1b: Dragonite
|-damage|p1b: Dragonite|0 fnt
|-unboost|p2b: Archaludon|spa|2
|faint|p1b: Dragonite
|move|p1a: Archaludon|Flash Cannon|p2a: Weezing
|-supereffective|p2a: Weezing
|-enditem|p2a: Weezing|Focus Sash
|-damage|p2a: Weezing|1/100
|move|p2a: Weezing|Sludge Bomb|p1a: Archaludon
|-immune|p1a: Archaludon
|
|upkeep
|
|t:|1756722535
|switch|p1b: Incineroar|Incineroar, L50, M|100/100
|turn|2
|
|t:|1756722553
|switch|p2b: Annihilape|Annihilape, L50, M|100/100
|move|p2a: Weezing|Protect|p2a: Weezing
|-singleturn|p2a: Weezing|Protect
|move|p1a: Archaludon|Snarl|p2a: Weezing|[spread] p2b
|-activate|p2a: Weezing|move: Protect
|-damage|p2b: Annihilape|92/100
|-unboost|p2b: Annihilape|spa|1
|move|p1b: Incineroar|Parting Shot|p2b: Annihilape
|-unboost|p2b: Annihilape|atk|1
|-unboost|p2b: Annihilape|spa|1
|
|t:|1756722566
|switch|p1b: Annihilape|Annihilape, L50, F|100/100|[from] Parting Shot
|
|upkeep
|turn|3
|
|t:|1756722591
|move|p2b: Annihilape|Final Gambit|p1a: Archaludon
|-damage|p1a: Archaludon|9/100
|faint|p2b: Annihilape
|move|p1a: Archaludon|Flash Cannon|p2a: Weezing
|-supereffective|p2a: Weezing
|-damage|p2a: Weezing|0 fnt
|faint|p2a: Weezing
|-end|p2a: Weezing|ability: Neutralizing Gas
|move|p1b: Annihilape|Bulk Up|p1b: Annihilape
|-boost|p1b: Annihilape|atk|1
|-boost|p1b: Annihilape|def|1
|
|upkeep
|
|t:|1756722595
|switch|p2b: Garchomp|Garchomp, L50, F|100/100
|switch|p2a: Archaludon|Archaludon, L50, M|100/100
|turn|4
|
|t:|1756722644
|switch|p1a: Incineroar|Incineroar, L50, M|100/100
|-ability|p1a: Incineroar|Intimidate|boost
|-unboost|p2a: Archaludon|atk|1
|-unboost|p2b: Garchomp|atk|1
|-terastallize|p2b: Garchomp|Ground
|move|p2a: Archaludon|Protect|p2a: Archaludon
|-singleturn|p2a: Archaludon|Protect
|move|p2b: Garchomp|Earthquake|p1b: Annihilape|[spread] p1a,p1b
|-activate|p2a: Archaludon|move: Protect
|-supereffective|p1a: Incineroar
|-damage|p1a: Incineroar|18/100
|-damage|p1b: Annihilape|69/100
|-damage|p2b: Garchomp|91/100|[from] item: Life Orb
|move|p1b: Annihilape|Drain Punch|p2a: Archaludon
|-activate|p2a: Archaludon|move: Protect
|
|-heal|p1b: Annihilape|75/100|[from] item: Leftovers
|upkeep
|turn|5
|
|t:|1756722675
|move|p2a: Archaludon|Protect||[still]
|-fail|p2a: Archaludon
|move|p1a: Incineroar|Fake Out|p2a: Archaludon
|-resisted|p2a: Archaludon
|-damage|p2a: Archaludon|96/100
|move|p2b: Garchomp|Stomping Tantrum|p1a: Incineroar
|-supereffective|p1a: Incineroar
|-damage|p1a: Incineroar|0 fnt
|faint|p1a: Incineroar
|-damage|p2b: Garchomp|81/100|[from] item: Life Orb
|move|p1b: Annihilape|Rage Fist|p2b: Garchomp
|-damage|p2b: Garchomp|20/100
|-damage|p1b: Annihilape|63/100|[from] ability: Rough Skin|[of] p2b: Garchomp
|
|-heal|p1b: Annihilape|69/100|[from] item: Leftovers
|upkeep
|
|t:|1756722692
|switch|p1a: Archaludon|Archaludon, L50, F|9/100
|turn|6
|
|t:|1756722708
|move|p2b: Garchomp|Stomping Tantrum|p1a: Archaludon
|-supereffective|p1a: Archaludon
|-damage|p1a: Archaludon|0 fnt
|faint|p1a: Archaludon
|-damage|p2b: Garchomp|10/100|[from] item: Life Orb
|move|p2a: Archaludon|Electro Shot||[still]
|-prepare|p2a: Archaludon|Electro Shot
|-boost|p2a: Archaludon|spa|1
|-enditem|p2a: Archaludon|Power Herb
|-anim|p2a: Archaludon|Electro Shot|p1b: Annihilape
|-damage|p1b: Annihilape|24/100
|move|p1b: Annihilape|Drain Punch|p2a: Archaludon
|-supereffective|p2a: Archaludon
|-damage|p2a: Archaludon|5/100
|-heal|p1b: Annihilape|60/100|[from] drain|[of] p2a: Archaludon
|
|-heal|p1b: Annihilape|66/100|[from] item: Leftovers
|upkeep
|turn|7
|
|t:|1756722729
|move|p1b: Annihilape|Protect|p1b: Annihilape
|-singleturn|p1b: Annihilape|Protect
|move|p2b: Garchomp|Dragon Claw|p1b: Annihilape
|-activate|p1b: Annihilape|move: Protect
|move|p2a: Archaludon|Draco Meteor|p1b: Annihilape
|-activate|p1b: Annihilape|move: Protect
|
|-heal|p1b: Annihilape|72/100|[from] item: Leftovers
|upkeep
|turn|8
|
|t:|1756722743
|-terastallize|p1b: Annihilape|Water
|move|p2b: Garchomp|Dragon Claw|p1b: Annihilape
|-damage|p1b: Annihilape|45/100
|-damage|p2b: Garchomp|0 fnt|[from] item: Life Orb
|faint|p2b: Garchomp
|move|p2a: Archaludon|Draco Meteor|p1b: Annihilape
|-damage|p1b: Annihilape|0 fnt
|-unboost|p2a: Archaludon|spa|2
|faint|p1b: Annihilape
|
|win|jonen
