|j|☆archaludon_enjoyer
|j|☆Nero1694
|html|archaludon_enjoyerNero1694    
|uhtml|bestof|Game 3 of a best-of-3
|t:|1756180868
|gametype|doubles
|player|p1|archaludon_enjoyer|170|1185
|player|p2|Nero1694|n|1156
|gen|9
|tier|[Gen 9] VGC 2025 Reg H (Bo3)
|rated|
|rule|Species Clause: Limit one of each Pokémon
|rule|Item Clause: Limit 1 of each item
|clearpoke
|poke|p1|Electabuzz, L50, M|
|poke|p1|Basculegion, L50, M|
|poke|p1|Rillaboom, L50, M|
|poke|p1|Kingambit, L50, M|
|poke|p1|Archaludon, L50, M|
|poke|p1|Pelipper, L50, M|
|poke|p2|Tyranitar, L50, F|
|poke|p2|Garchomp, L50, F|
|poke|p2|Salamence, L50, M|
|poke|p2|Incineroar, L50, F|
|poke|p2|Sinistcha-Masterpiece, L50|
|poke|p2|Primarina, L50, F|
|teampreview|4
|showteam|p1|Electabuzz||Eviolite|VitalSpirit|Electroweb,FollowMe,Protect,Taunt|||M|||50|,,,,,Ghost]Basculegion||ChoiceBand|SwiftSwim|WaveCrash,FlipTurn,AquaJet,LastRespects|||M|||50|,,,,,Grass]Rillaboom||LoadedDice|GrassySurge|BulletSeed,HighHorsepower,GrassyGlide,FakeOut|||M|||50|,,,,,Fire]Kingambit||BlackGlasses|Defiant|Protect,KowtowCleave,SwordsDance,SuckerPunch|||M|||50|,,,,,Dark]Archaludon||AssaultVest|Stamina|ElectroShot,BodyPress,FlashCannon,DracoMeteor|||M|||50|,,,,,Fairy]Pelipper||FocusSash|Drizzle|WeatherBall,Hurricane,Protect,Tailwind|||M|||50|,,,,,Ghost
|showteam|p2|Tyranitar||AssaultVest|SandStream|RockSlide,KnockOff,TeraBlast,LowKick|||F|||50|,,,,,Flying]Garchomp||ClearAmulet|RoughSkin|StompingTantrum,DragonClaw,SwordsDance,Protect|||F|||50|,,,,,Fire]Salamence||FocusSash|Intimidate|DracoMeteor,HeatWave,Protect,Tailwind|||M|||50|,,,,,Fire]Incineroar||SafetyGoggles|Intimidate|FlareBlitz,Taunt,PartingShot,FakeOut|||F|||50|,,,,,Ghost]Sinistcha-Masterpiece||SitrusBerry|Hospitality|MatchaGotcha,ShadowBall,RagePowder,TrickRoom||||||50|,,,,,Fairy]Primarina||ThroatSpray|LiquidVoice|HyperVoice,Moonblast,Haze,Protect|||F|||50|,,,,,Poison
|inactive|Battle timer is ON: inactive players will automatically lose when time's up. (requested by Nero1694)
|
|t:|1756180891
|teamsize|p1|4
|teamsize|p2|4
|start
|switch|p1a: Kingambit|Kingambit, L50, M, shiny|100/100
|switch|p1b: Archaludon|Archaludon, L50, M, shiny|100/100
|switch|p2a: Street Shark|Garchomp, L50, F|100/100
|switch|p2b: Godzilla|Tyranitar, L50, F, shiny|100/100
|-weather|Sandstorm|[from] ability: Sand Stream|[of] p2b: Godzilla
|turn|1
|inactive|Nero1694 has 30 seconds left.
|
|t:|1756180930
|switch|p1a: Pelipper|Pelipper, L50, M|100/100
|-weather|RainDance|[from] ability: Drizzle|[of] p1a: Pelipper
|move|p2a: Street Shark|Protect|p2a: Street Shark
|-singleturn|p2a: Street Shark|Protect
|move|p1b: Archaludon|Electro Shot||[still]
|-prepare|p1b: Archaludon|Electro Shot
|-boost|p1b: Archaludon|spa|1
|-anim|p1b: Archaludon|Electro Shot|p2b: Godzilla
|-damage|p2b: Godzilla|68/100
|move|p2b: Godzilla|Low Kick|p1b: Archaludon
|-supereffective|p1b: Archaludon
|-damage|p1b: Archaludon|60/100
|-ability|p1b: Archaludon|Stamina|boost
|-boost|p1b: Archaludon|def|1
|
|-weather|RainDance|[upkeep]
|upkeep
|turn|2
|inactive|archaludon_enjoyer has 30 seconds left.
|inactive|Nero1694 has 30 seconds left.
|inactive|archaludon_enjoyer has 20 seconds left.
|inactive|Nero1694 has 20 seconds left.
|inactive|archaludon_enjoyer has 15 seconds left.
|inactive|Nero1694 has 15 seconds left.
|
|t:|1756180972
|switch|p2a: Felinferno|Incineroar, L50, F|100/100
|-ability|p2a: Felinferno|Intimidate|boost
|-unboost|p1a: Pelipper|atk|1
|-unboost|p1b: Archaludon|atk|1
|switch|p2b: Sinistcha|Sinistcha-Masterpiece, L50, shiny|100/100
|-terastallize|p1b: Archaludon|Fairy
|move|p1b: Archaludon|Electro Shot||[still]
|-prepare|p1b: Archaludon|Electro Shot
|-boost|p1b: Archaludon|spa|1
|-anim|p1b: Archaludon|Electro Shot|p2b: Sinistcha
|-resisted|p2b: Sinistcha
|-crit|p2b: Sinistcha
|-damage|p2b: Sinistcha|33/100
|-enditem|p2b: Sinistcha|Sitrus Berry|[eat]
|-heal|p2b: Sinistcha|58/100|[from] item: Sitrus Berry
|move|p1a: Pelipper|Hurricane|p2b: Sinistcha
|-supereffective|p2b: Sinistcha
|-damage|p2b: Sinistcha|0 fnt
|faint|p2b: Sinistcha
|
|-weather|RainDance|[upkeep]
|upkeep
|
|t:|1756180984
|switch|p2b: Street Shark|Garchomp, L50, F|100/100
|turn|3
|
|t:|1756180998
|switch|p2a: Godzilla|Tyranitar, L50, F, shiny|68/100
|-weather|Sandstorm|[from] ability: Sand Stream|[of] p2a: Godzilla
|-terastallize|p2b: Street Shark|Fire
|move|p2b: Street Shark|Swords Dance|p2b: Street Shark
|-boost|p2b: Street Shark|atk|2
|move|p1b: Archaludon|Body Press|p2a: Godzilla
|-supereffective|p2a: Godzilla
|-damage|p2a: Godzilla|0 fnt
|faint|p2a: Godzilla
|move|p1a: Pelipper|Tailwind|p1a: Pelipper
|-sidestart|p1: archaludon_enjoyer|move: Tailwind
|
|-weather|Sandstorm|[upkeep]
|-damage|p1b: Archaludon|54/100|[from] Sandstorm
|-damage|p1a: Pelipper|95/100|[from] Sandstorm
|-damage|p2b: Street Shark|95/100|[from] Sandstorm
|upkeep
|
|t:|1756181006
|switch|p2a: Felinferno|Incineroar, L50, F|100/100
|-ability|p2a: Felinferno|Intimidate|boost
|-unboost|p1a: Pelipper|atk|1
|-unboost|p1b: Archaludon|atk|1
|turn|4
|
|t:|1756181028
|switch|p1a: Rillaboom|Rillaboom, L50, M, shiny|100/100
|-fieldstart|move: Grassy Terrain|[from] ability: Grassy Surge|[of] p1a: Rillaboom
|move|p2a: Felinferno|Fake Out|p1b: Archaludon
|-damage|p1b: Archaludon|49/100
|-ability|p1b: Archaludon|Stamina|boost
|-boost|p1b: Archaludon|def|1
|cant|p1b: Archaludon|flinch
|move|p2b: Street Shark|Stomping Tantrum|p1b: Archaludon
|-damage|p1b: Archaludon|24/100
|-ability|p1b: Archaludon|Stamina|boost
|-boost|p1b: Archaludon|def|1
|
|-weather|Sandstorm|[upkeep]
|-damage|p1a: Rillaboom|95/100|[from] Sandstorm
|-damage|p1b: Archaludon|18/100|[from] Sandstorm
|-damage|p2b: Street Shark|89/100|[from] Sandstorm
|-heal|p1a: Rillaboom|100/100|[from] Grassy Terrain
|-heal|p1b: Archaludon|24/100|[from] Grassy Terrain
|-heal|p2b: Street Shark|95/100|[from] Grassy Terrain
|upkeep
|turn|5
|
|t:|1756181051
|switch|p1a: Pelipper|Pelipper, L50, M|95/100
|-weather|RainDance|[from] ability: Drizzle|[of] p1a: Pelipper
|move|p2b: Street Shark|Protect|p2b: Street Shark
|-singleturn|p2b: Street Shark|Protect
|move|p1b: Archaludon|Body Press|p2a: Felinferno
|-supereffective|p2a: Felinferno
|-damage|p2a: Felinferno|0 fnt
|faint|p2a: Felinferno
|
|-weather|RainDance|[upkeep]
|-heal|p1b: Archaludon|30/100|[from] Grassy Terrain
|-heal|p2b: Street Shark|100/100|[from] Grassy Terrain
|upkeep
|turn|6
|-message|Nero1694 forfeited.
|
|win|archaludon_enjoyer
|raw|archaludon_enjoyer's rating: 1185 → 1208(+23 for winning)
|raw|Nero1694's rating: 1156 → 1133(-23 for losing)
|l|☆Nero1694
|player|p2|
