|j|☆MarMarteau
|j|☆marcoslegui
|html|MarMarteaumarcoslegui    
|uhtml|bestof|Game 1 of a best-of-3
|t:|1756384267
|gametype|doubles
|player|p1|MarMarteau|psychic-gen3|1099
|player|p2|marcoslegui|pokekid|1127
|gen|9
|tier|[Gen 9] VGC 2025 Reg H (Bo3)
|rated|
|rule|Species Clause: Limit one of each Pokémon
|rule|Item Clause: Limit 1 of each item
|clearpoke
|poke|p1|Archaludon, L50, M|
|poke|p1|Dragonite, L50, F|
|poke|p1|Pelipper, L50, F|
|poke|p1|Ursaluna, L50, F|
|poke|p1|Sinistcha, L50|
|poke|p1|Gholdengo, L50|
|poke|p2|Sneasler, L50, F|
|poke|p2|Volcarona, L50, M|
|poke|p2|Kingambit, L50, M|
|poke|p2|Baxcalibur, L50, F|
|poke|p2|Basculegion, L50, M|
|poke|p2|Rillaboom, L50, F|
|teampreview|4
|showteam|p1|Archaludon||AssaultVest|Stamina|FlashCannon,BodyPress,ElectroShot,Snarl|||M|||50|,,,,,Fighting]Dragonite||LoadedDice|Multiscale|ScaleShot,Tailwind,Haze,Protect|||F|||50|,,,,,Fairy]Pelipper||FocusSash|Drizzle|MuddyWater,Hurricane,Tailwind,Protect|||F|||50|,,,,,Ghost]Ursaluna||FlameOrb|Guts|Facade,HeadlongRush,Earthquake,Protect|||F|||50|,,,,,Ghost]Sinistcha||SitrusBerry|Hospitality|MatchaGotcha,LifeDew,RagePowder,TrickRoom||||||50|,,,,,Dark]Gholdengo||ChoiceScarf|GoodasGold|MakeItRain,ShadowBall,Trick,Protect||||||50|,,,,,Flying
|showteam|p2|Sneasler||FocusSash|Unburden|DireClaw,CloseCombat,Protect,Coaching|||F|||50|,,,,,Stellar]Volcarona||CovertCloak|FlameBody|HeatWave,TeraBlast,QuiverDance,Protect|||M|||50|,,,,,Fairy]Kingambit||AssaultVest|Defiant|KowtowCleave,SuckerPunch,IronHead,LowKick|||M|||50|,,,,,Ghost]Baxcalibur||LoadedDice|ThermalExchange|IcicleSpear,ScaleShot,IceShard,Protect|||F|||50|,,,,,Ghost]Basculegion||ChoiceScarf|Adaptability|WaveCrash,FlipTurn,LastRespects,TeraBlast|||M|||50|,,,,,Fairy]Rillaboom||MiracleSeed|GrassySurge|WoodHammer,GrassyGlide,HighHorsepower,FakeOut|||F|||50|,,,,,Fire
|inactive|Battle timer is ON: inactive players will automatically lose when time's up. (requested by MarMarteau)
|inactive|MarMarteau has 60 seconds left.
|inactive|marcoslegui has 60 seconds left.
|inactive|MarMarteau has 30 seconds left.
|inactive|MarMarteau has 20 seconds left.
|inactive|MarMarteau has 15 seconds left.
|inactive|MarMarteau has 10 seconds left.
|
|t:|1756384353
|teamsize|p1|4
|teamsize|p2|4
|start
|switch|p1a: Gholdengo|Gholdengo, L50|100/100
|switch|p1b: Pelipper|Pelipper, L50, F|100/100
|switch|p2a: Volcarona|Volcarona, L50, M|100/100
|switch|p2b: Rillaboom|Rillaboom, L50, F|100/100
|-fieldstart|move: Grassy Terrain|[from] ability: Grassy Surge|[of] p2b: Rillaboom
|-weather|RainDance|[from] ability: Drizzle|[of] p1b: Pelipper
|turn|1
|inactive|MarMarteau has 30 seconds left.
|inactive|marcoslegui has 30 seconds left.
|
|t:|1756384381
|move|p2b: Rillaboom|Grassy Glide|p1b: Pelipper
|-damage|p1b: Pelipper|45/100
|move|p1a: Gholdengo|Trick|p2a: Volcarona
|-activate|p1a: Gholdengo|move: Trick|[of] p2a: Volcarona
|-item|p2a: Volcarona|Choice Scarf|[from] move: Trick
|-item|p1a: Gholdengo|Covert Cloak|[from] move: Trick
|move|p2a: Volcarona|Quiver Dance|p2a: Volcarona
|-boost|p2a: Volcarona|spa|1
|-boost|p2a: Volcarona|spd|1
|-boost|p2a: Volcarona|spe|1
|move|p1b: Pelipper|Tailwind|p1b: Pelipper
|-sidestart|p1: MarMarteau|move: Tailwind
|
|-weather|RainDance|[upkeep]
|upkeep
|turn|2
|
|t:|1756384405
|switch|p2a: Basculegion|Basculegion, L50, M|100/100
|switch|p1a: Sinistcha|Sinistcha, L50|100/100
|-heal|p1b: Pelipper|70/100|[from] ability: Hospitality|[of] p1a: Sinistcha
|move|p2b: Rillaboom|Grassy Glide|p1b: Pelipper
|-damage|p1b: Pelipper|11/100
|move|p1b: Pelipper|Hurricane|p2b: Rillaboom
|-supereffective|p2b: Rillaboom
|-damage|p2b: Rillaboom|0 fnt
|faint|p2b: Rillaboom
|
|-weather|RainDance|[upkeep]
|upkeep
|
|t:|1756384422
|switch|p2b: Volcarona|Volcarona, L50, M|100/100
|turn|3
|inactive|MarMarteau has 30 seconds left.
|
|t:|1756384452
|-terastallize|p1a: Sinistcha|Dark
|move|p1b: Pelipper|Muddy Water|p2b: Volcarona|[spread] p2b
|-miss|p1b: Pelipper|p2a: Basculegion
|-supereffective|p2b: Volcarona
|-damage|p2b: Volcarona|12/100
|move|p2a: Basculegion|Last Respects|p1a: Sinistcha
|-resisted|p1a: Sinistcha
|-damage|p1a: Sinistcha|72/100
|move|p2b: Volcarona|Heat Wave|p1a: Sinistcha|[spread] p1a,p1b
|-resisted|p1b: Pelipper
|-damage|p1a: Sinistcha|55/100
|-damage|p1b: Pelipper|0 fnt
|faint|p1b: Pelipper
|move|p1a: Sinistcha|Life Dew|p1a: Sinistcha
|-heal|p1a: Sinistcha|80/100
|
|-weather|RainDance|[upkeep]
|-heal|p2b: Volcarona|18/100|[from] Grassy Terrain
|-heal|p1a: Sinistcha|86/100|[from] Grassy Terrain
|upkeep
|
|t:|1756384470
|switch|p1b: Gholdengo|Gholdengo, L50|100/100
|turn|4
|inactive|MarMarteau has 30 seconds left.
|inactive|MarMarteau has 20 seconds left.
|inactive|MarMarteau has 15 seconds left.
|inactive|MarMarteau has 10 seconds left.
|
|t:|1756384516
|switch|p2a: Sneasler|Sneasler, L50, F|100/100
|move|p1b: Gholdengo|Make It Rain|p2b: Volcarona|[spread] p2a,p2b
|-resisted|p2b: Volcarona
|-damage|p2a: Sneasler|32/100
|-damage|p2b: Volcarona|0 fnt
|-unboost|p1b: Gholdengo|spa|1
|faint|p2b: Volcarona
|move|p1a: Sinistcha|Matcha Gotcha|p2a: Sneasler
|-resisted|p2a: Sneasler
|-damage|p2a: Sneasler|1/100
|-heal|p1a: Sinistcha|99/100|[from] drain|[of] p2a: Sneasler
|
|-weather|RainDance|[upkeep]
|-heal|p2a: Sneasler|7/100|[from] Grassy Terrain
|-heal|p1a: Sinistcha|100/100|[from] Grassy Terrain
|-sideend|p1: MarMarteau|move: Tailwind
|upkeep
|
|t:|1756384535
|switch|p2b: Basculegion|Basculegion, L50, M|100/100
|turn|5
|inactive|MarMarteau has 30 seconds left.
|
|t:|1756384563
|move|p1a: Sinistcha|Rage Powder|p1a: Sinistcha
|-singleturn|p1a: Sinistcha|move: Rage Powder
|move|p2b: Basculegion|Last Respects|p1a: Sinistcha
|-resisted|p1a: Sinistcha
|-damage|p1a: Sinistcha|58/100
|move|p2a: Sneasler|Close Combat|p1a: Sinistcha
|-supereffective|p1a: Sinistcha
|-damage|p1a: Sinistcha|0 fnt
|-unboost|p2a: Sneasler|def|1
|-unboost|p2a: Sneasler|spd|1
|faint|p1a: Sinistcha
|move|p1b: Gholdengo|Trick|p2a: Sneasler
|-activate|p1b: Gholdengo|move: Trick|[of] p2a: Sneasler
|-item|p2a: Sneasler|Covert Cloak|[from] move: Trick
|-item|p1b: Gholdengo|Focus Sash|[from] move: Trick
|
|-weather|none
|-heal|p2a: Sneasler|13/100|[from] Grassy Terrain
|-fieldend|move: Grassy Terrain
|upkeep
|
|t:|1756384575
|switch|p1a: Dragonite|Dragonite, L50, F|100/100
|turn|6
|
|t:|1756384600
|move|p2a: Sneasler|Protect|p2a: Sneasler
|-singleturn|p2a: Sneasler|Protect
|move|p2b: Basculegion|Last Respects|p1a: Dragonite
|-damage|p1a: Dragonite|48/100
|move|p1b: Gholdengo|Make It Rain|p2a: Sneasler|[spread] p2b
|-activate|p2a: Sneasler|move: Protect
|-resisted|p2b: Basculegion
|-damage|p2b: Basculegion|82/100
|-unboost|p1b: Gholdengo|spa|1
|move|p1a: Dragonite|Scale Shot|p2b: Basculegion
|-damage|p2b: Basculegion|65/100
|-damage|p2b: Basculegion|47/100
|-damage|p2b: Basculegion|30/100
|-crit|p2b: Basculegion
|-damage|p2b: Basculegion|1/100
|-hitcount|p2b: Basculegion|4
|-unboost|p1a: Dragonite|def|1
|-boost|p1a: Dragonite|spe|1
|
|upkeep
|turn|7
|inactive|marcoslegui has 30 seconds left.
|inactive|marcoslegui has 20 seconds left.
|
|t:|1756384635
|-terastallize|p2b: Basculegion|Fairy
|move|p2b: Basculegion|Last Respects|p1b: Gholdengo
|-supereffective|p1b: Gholdengo
|-enditem|p1b: Gholdengo|Focus Sash
|-damage|p1b: Gholdengo|1/100
|move|p1a: Dragonite|Scale Shot|p2b: Basculegion
|-immune|p2b: Basculegion
|move|p2a: Sneasler|Dire Claw|p1a: Dragonite
|-damage|p1a: Dragonite|0 fnt
|faint|p1a: Dragonite
|move|p1b: Gholdengo|Make It Rain|p2b: Basculegion|[spread] p2a,p2b
|-supereffective|p2b: Basculegion
|-damage|p2a: Sneasler|0 fnt
|-damage|p2b: Basculegion|0 fnt
|-unboost|p1b: Gholdengo|spa|1
|faint|p2a: Sneasler
|faint|p2b: Basculegion
|
|win|MarMarteau
|inactive|MarMarteau has 30 seconds to confirm battle start!
|inactive|marcoslegui has 30 seconds to confirm battle start!
|inactive|MarMarteau has 20 seconds to confirm battle start!
|inactive|marcoslegui has 20 seconds to confirm battle start!
|inactive|MarMarteau has 10 seconds to confirm battle start!
|inactive|marcoslegui has 10 seconds to confirm battle start!
||marcoslegui is ready for game 2.
|uhtml|next|Next: Game 2 of 3
|l|☆MarMarteau
|player|p1|
