|j|☆Luzeleah
|j|☆magicalarcher57
|html|Luzeleahmagicalarcher57    
|uhtml|bestof|Game 2 of a best-of-3
|t:|1756304430
|gametype|doubles
|player|p1|Luzeleah|lacey|
|player|p2|magicalarcher57|cynthia|
|gen|9
|tier|[Gen 9] VGC 2025 Reg H (Bo3)
|rule|Species Clause: Limit one of each Pokémon
|rule|Item Clause: Limit 1 of each item
|clearpoke
|poke|p1|Spewpa, L50, F|
|poke|p1|Dragonite, L50, F|
|poke|p1|Incineroar, L50, F|
|poke|p1|Ursaluna-Bloodmoon, L50, M|
|poke|p1|Amoonguss, L50, F|
|poke|p1|Gholdengo, L50|
|poke|p2|Gholdengo, L50|
|poke|p2|Garchomp, L50, M|
|poke|p2|Talonflame, L50, M|
|poke|p2|Rillaboom, L50, F|
|poke|p2|Primarina, L50, M|
|poke|p2|Amoonguss, L50, M|
|teampreview|4
|showteam|p1|Spewpa||Eviolite|FriendGuard|StruggleBug,RagePowder,StringShot,Protect|||F|||50|,,,,,Dark]Dragonite||LoadedDice|Multiscale|ScaleShot,ExtremeSpeed,Tailwind,Protect|||F|||50|,,,,,Fairy]Incineroar||SafetyGoggles|Intimidate|FakeOut,FlareBlitz,KnockOff,PartingShot|||F|||50|,,,,,Bug]Ursaluna-Bloodmoon||AssaultVest|MindsEye|HyperVoice,BloodMoon,EarthPower,VacuumWave|||M|||50|,,,,,Normal]Amoonguss||RockyHelmet|Regenerator|PollenPuff,ClearSmog,Spore,RagePowder|||F|||50|,,,,,Water]Gholdengo||LifeOrb|GoodasGold|MakeItRain,ShadowBall,NastyPlot,Protect||||||50|,,,,,Water
|showteam|p2|Gholdengo||ChoiceSpecs|GoodasGold|MakeItRain,PowerGem,ShadowBall,Trick||||||50|,,,,,Steel]Garchomp||LifeOrb|RoughSkin|Earthquake,StompingTantrum,Protect,DragonClaw|||M|||50|,,,,,Steel]Talonflame||CovertCloak|GaleWings|Tailwind,Taunt,BraveBird,WillOWisp|||M|||50|,,,,,Grass]Rillaboom||AssaultVest|GrassySurge|FakeOut,HighHorsepower,WoodHammer,GrassyGlide|||F|||50|,,,,,Fire]Primarina||ThroatSpray|LiquidVoice|Haze,HyperVoice,Moonblast,Protect|||M|||50|,,,,,Poison]Amoonguss||SitrusBerry|Regenerator|Spore,RagePowder,PollenPuff,Protect|||M|||50|,,,,,Water
|
|t:|1756304449
|teamsize|p1|4
|teamsize|p2|4
|start
|switch|p1a: Incineroar|Incineroar, L50, F|100/100
|switch|p1b: Gholdengo|Gholdengo, L50|100/100
|switch|p2a: Penelope|Gholdengo, L50|100/100
|switch|p2b: Polyphemus|Rillaboom, L50, F|100/100
|-fieldstart|move: Grassy Terrain|[from] ability: Grassy Surge|[of] p2b: Polyphemus
|-ability|p1a: Incineroar|Intimidate|boost
|-unboost|p2a: Penelope|atk|1
|-unboost|p2b: Polyphemus|atk|1
|turn|1
|
|t:|1756304497
|-terastallize|p2a: Penelope|Steel
|-terastallize|p1b: Gholdengo|Water
|move|p2b: Polyphemus|Fake Out|p1a: Incineroar
|-damage|p1a: Incineroar|93/100
|move|p2a: Penelope|Make It Rain|p1b: Gholdengo|[spread] p1a,p1b
|-resisted|p1a: Incineroar
|-resisted|p1b: Gholdengo
|-damage|p1a: Incineroar|44/100
|-damage|p1b: Gholdengo|46/100
|-unboost|p2a: Penelope|spa|1
|move|p1b: Gholdengo|Shadow Ball|p2a: Penelope
|-damage|p2a: Penelope|38/100
|-damage|p1b: Gholdengo|36/100|[from] item: Life Orb
|cant|p1a: Incineroar|flinch
|
|-heal|p1b: Gholdengo|42/100|[from] Grassy Terrain
|-heal|p2a: Penelope|44/100|[from] Grassy Terrain
|-heal|p1a: Incineroar|50/100|[from] Grassy Terrain
|upkeep
|turn|2
|
|t:|1756304545
|switch|p2a: Athena|Garchomp, L50, M|100/100
|switch|p1a: Ursaluna|Ursaluna-Bloodmoon, L50, M|100/100
|move|p1b: Gholdengo|Protect|p1b: Gholdengo
|-singleturn|p1b: Gholdengo|Protect
|move|p2b: Polyphemus|Wood Hammer|p1b: Gholdengo
|-activate|p1b: Gholdengo|move: Protect
|
|-heal|p1b: Gholdengo|48/100|[from] Grassy Terrain
|upkeep
|turn|3
|
|t:|1756304595
|switch|p1b: Amoonguss|Amoonguss, L50, F|100/100
|move|p2a: Athena|Stomping Tantrum|p1a: Ursaluna
|-damage|p1a: Ursaluna|61/100
|-damage|p2a: Athena|91/100|[from] item: Life Orb
|move|p2b: Polyphemus|Wood Hammer|p1a: Ursaluna
|-supereffective|p1a: Ursaluna
|-damage|p1a: Ursaluna|0 fnt
|faint|p1a: Ursaluna
|-damage|p2b: Polyphemus|77/100|[from] Recoil
|
|-heal|p2a: Athena|97/100|[from] Grassy Terrain
|-heal|p2b: Polyphemus|83/100|[from] Grassy Terrain
|upkeep
|
|t:|1756304609
|switch|p1a: Incineroar|Incineroar, L50, F|50/100
|-ability|p1a: Incineroar|Intimidate|boost
|-unboost|p2a: Athena|atk|1
|-unboost|p2b: Polyphemus|atk|1
|turn|4
|
|t:|1756304634
|switch|p2a: Penelope|Gholdengo, L50, tera:Steel|44/100
|move|p2b: Polyphemus|High Horsepower|p1a: Incineroar
|-supereffective|p1a: Incineroar
|-damage|p1a: Incineroar|20/100
|move|p1a: Incineroar|Flare Blitz|p2b: Polyphemus
|-supereffective|p2b: Polyphemus
|-damage|p2b: Polyphemus|0 fnt
|faint|p2b: Polyphemus
|-damage|p1a: Incineroar|0 fnt|[from] Recoil
|faint|p1a: Incineroar
|move|p1b: Amoonguss|Spore|p2a: Penelope
|-immune|p2a: Penelope|[from] ability: Good as Gold
|
|-heal|p2a: Penelope|50/100|[from] Grassy Terrain
|upkeep
|
|t:|1756304647
|switch|p2b: Odysseus|Talonflame, L50, M|100/100
|switch|p1a: Gholdengo|Gholdengo, L50, tera:Water|48/100
|turn|5
|
|t:|1756304668
|move|p1b: Amoonguss|Rage Powder|p1b: Amoonguss
|-singleturn|p1b: Amoonguss|move: Rage Powder
|move|p2b: Odysseus|Brave Bird|p1b: Amoonguss
|-supereffective|p1b: Amoonguss
|-damage|p1b: Amoonguss|22/100
|-damage|p2b: Odysseus|84/100|[from] item: Rocky Helmet|[of] p1b: Amoonguss
|-damage|p2b: Odysseus|47/100|[from] Recoil
|move|p1a: Gholdengo|Shadow Ball|p2a: Penelope
|-damage|p2a: Penelope|0 fnt
|faint|p2a: Penelope
|-damage|p1a: Gholdengo|39/100|[from] item: Life Orb
|
|-heal|p1a: Gholdengo|45/100|[from] Grassy Terrain
|-heal|p1b: Amoonguss|28/100|[from] Grassy Terrain
|-fieldend|move: Grassy Terrain
|upkeep
|
|t:|1756304675
|switch|p2a: Athena|Garchomp, L50, M|97/100
|turn|6
|
|t:|1756304696
|move|p1a: Gholdengo|Protect|p1a: Gholdengo
|-singleturn|p1a: Gholdengo|Protect
|move|p2b: Odysseus|Brave Bird|p1b: Amoonguss
|-supereffective|p1b: Amoonguss
|-damage|p1b: Amoonguss|0 fnt
|-damage|p2b: Odysseus|31/100|[from] item: Rocky Helmet|[of] p1b: Amoonguss
|faint|p1b: Amoonguss
|-damage|p2b: Odysseus|17/100|[from] Recoil
|move|p2a: Athena|Earthquake|p1a: Gholdengo|[spread] 
|-activate|p1a: Gholdengo|move: Protect
|-immune|p2b: Odysseus
|
|upkeep
|turn|7
|
|t:|1756304706
|move|p2b: Odysseus|Brave Bird|p1a: Gholdengo
|-damage|p1a: Gholdengo|0 fnt
|faint|p1a: Gholdengo
|-damage|p2b: Odysseus|2/100|[from] Recoil
|
|win|magicalarcher57
||Luzeleah is ready for game 3.
||magicalarcher57 is ready for game 3.
|uhtml|next|Next: Game 3 of 3
|l|☆magicalarcher57
|player|p2|
