|j|☆Direvrau
|j|☆luisecanonserna
|html|Direvrauluisecanonserna    
|uhtml|bestof|Game 2 of a best-of-3
|t:|1756233741
|gametype|doubles
|player|p1|Direvrau|dancer|1104
|player|p2|luisecanonserna|101|1081
|gen|9
|tier|[Gen 9] VGC 2025 Reg H (Bo3)
|rated|
|rule|Species Clause: Limit one of each Pokémon
|rule|Item Clause: Limit 1 of each item
|clearpoke
|poke|p1|Sneasler, L50, F|
|poke|p1|Rillaboom, L50, F|
|poke|p1|Kingambit, L50, M|
|poke|p1|Dragonite, L50, F|
|poke|p1|Volcarona, L50, M|
|poke|p1|Electabuzz, L50, F|
|poke|p2|Gholdengo, L50|
|poke|p2|Incineroar, L50, F|
|poke|p2|Amoonguss, L50, F|
|poke|p2|Dragonite, L50, F|
|poke|p2|Tyranitar, L50, M|
|poke|p2|Garchomp, L50, M|
|teampreview|4
|showteam|p1|Sneasler||FocusSash|Unburden|Protect,CloseCombat,DireClaw,Coaching|||F|||50|,,,,,Stellar]Rillaboom||AssaultVest|GrassySurge|GrassyGlide,FakeOut,HighHorsepower,WoodHammer|||F|||50|,,,,,Fire]Kingambit||SafetyGoggles|Defiant|Protect,SwordsDance,SuckerPunch,KowtowCleave|||M|||50|,,,,,Flying]Dragonite||LoadedDice|Multiscale|ScaleShot,ExtremeSpeed,Haze,Protect|||F|||50|,,,,,Fairy]Volcarona||CovertCloak|FlameBody|HeatWave,TeraBlast,QuiverDance,Protect|||M|||50|,,,,,Fairy]Electabuzz||Eviolite|VitalSpirit|Electroweb,Taunt,FollowMe,Protect|||F|||50|,,,,,Ghost
|showteam|p2|Gholdengo||LifeOrb|GoodasGold|MakeItRain,ShadowBall,NastyPlot,Protect||||||50|,,,,,Water]Incineroar||SafetyGoggles|Intimidate|FakeOut,KnockOff,PartingShot,FlareBlitz|||F|||50|,,,,,Ghost]Amoonguss||RockyHelmet|Regenerator|PollenPuff,RagePowder,Spore,Protect|||F|||50|,,,,,Dark]Dragonite||LoadedDice|Multiscale|ScaleShot,Tailwind,Haze,Protect|||F|||50|,,,,,Fairy]Tyranitar||AssaultVest|SandStream|RockSlide,LowKick,TeraBlast,Assurance|||M|||50|,,,,,Flying]Garchomp||ClearAmulet|RoughSkin|DragonClaw,Protect,StompingTantrum,Earthquake|||M|||50|,,,,,Fire
|
|t:|1756233789
|teamsize|p1|4
|teamsize|p2|4
|start
|switch|p1a: Dragonite|Dragonite, L50, F|100/100
|switch|p1b: Electabuzz|Electabuzz, L50, F|100/100
|switch|p2a: Dragonite|Dragonite, L50, F|100/100
|switch|p2b: Amoonguss|Amoonguss, L50, F|100/100
|turn|1
|
|t:|1756233827
|-terastallize|p1a: Dragonite|Fairy
|move|p2b: Amoonguss|Rage Powder|p2b: Amoonguss
|-singleturn|p2b: Amoonguss|move: Rage Powder
|move|p1a: Dragonite|Scale Shot|p2b: Amoonguss|[miss]
|-miss|p1a: Dragonite|p2b: Amoonguss
|move|p2a: Dragonite|Tailwind|p2a: Dragonite
|-sidestart|p2: luisecanonserna|move: Tailwind
|move|p1b: Electabuzz|Taunt|p2b: Amoonguss
|-start|p2b: Amoonguss|move: Taunt
|
|upkeep
|turn|2
|
|t:|1756233873
|switch|p2b: Tyranitar|Tyranitar, L50, M|100/100
|-weather|Sandstorm|[from] ability: Sand Stream|[of] p2b: Tyranitar
|move|p2a: Dragonite|Protect|p2a: Dragonite
|-singleturn|p2a: Dragonite|Protect
|move|p1a: Dragonite|Scale Shot|p2b: Tyranitar|[miss]
|-miss|p1a: Dragonite|p2b: Tyranitar
|move|p1b: Electabuzz|Electroweb|p2a: Dragonite|[spread] p2b
|-activate|p2a: Dragonite|move: Protect
|-damage|p2b: Tyranitar|94/100
|-unboost|p2b: Tyranitar|spe|1
|
|-weather|Sandstorm|[upkeep]
|-damage|p2a: Dragonite|95/100|[from] Sandstorm
|-damage|p1a: Dragonite|95/100|[from] Sandstorm
|-damage|p1b: Electabuzz|95/100|[from] Sandstorm
|upkeep
|turn|3
|
|t:|1756233906
|move|p1a: Dragonite|Protect|p1a: Dragonite
|-singleturn|p1a: Dragonite|Protect
|move|p2a: Dragonite|Scale Shot|p1b: Electabuzz
|-damage|p1b: Electabuzz|84/100
|-damage|p1b: Electabuzz|73/100
|-damage|p1b: Electabuzz|62/100
|-damage|p1b: Electabuzz|51/100
|-damage|p1b: Electabuzz|40/100
|-hitcount|p1b: Electabuzz|5
|-unboost|p2a: Dragonite|def|1
|-boost|p2a: Dragonite|spe|1
|move|p2b: Tyranitar|Rock Slide|p1b: Electabuzz|[spread] p1b
|-activate|p1a: Dragonite|move: Protect
|-damage|p1b: Electabuzz|17/100
|move|p1b: Electabuzz|Electroweb|p2a: Dragonite|[spread] p2a,p2b
|-damage|p2a: Dragonite|81/100
|-damage|p2b: Tyranitar|88/100
|-unboost|p2a: Dragonite|spe|1
|-unboost|p2b: Tyranitar|spe|1
|
|-weather|Sandstorm|[upkeep]
|-damage|p2a: Dragonite|75/100|[from] Sandstorm
|-damage|p1a: Dragonite|89/100|[from] Sandstorm
|-damage|p1b: Electabuzz|12/100|[from] Sandstorm
|upkeep
|turn|4
|
|t:|1756233947
|switch|p2a: Amoonguss|Amoonguss, L50, F|100/100
|move|p1b: Electabuzz|Protect|p1b: Electabuzz
|-singleturn|p1b: Electabuzz|Protect
|move|p1a: Dragonite|Scale Shot|p2a: Amoonguss
|-damage|p2a: Amoonguss|89/100
|-damage|p2a: Amoonguss|79/100
|-damage|p2a: Amoonguss|67/100
|-damage|p2a: Amoonguss|56/100
|-hitcount|p2a: Amoonguss|4
|-unboost|p1a: Dragonite|def|1
|-boost|p1a: Dragonite|spe|1
|move|p2b: Tyranitar|Rock Slide|p1b: Electabuzz|[spread] p1a
|-activate|p1b: Electabuzz|move: Protect
|-damage|p1a: Dragonite|40/100
|
|-weather|Sandstorm|[upkeep]
|-damage|p1a: Dragonite|34/100|[from] Sandstorm
|-damage|p1b: Electabuzz|6/100|[from] Sandstorm
|-damage|p2a: Amoonguss|50/100|[from] Sandstorm
|-sideend|p2: luisecanonserna|move: Tailwind
|upkeep
|turn|5
|
|t:|1756234000
|switch|p2a: Dragonite|Dragonite, L50, F|75/100
|move|p1a: Dragonite|Protect|p1a: Dragonite
|-singleturn|p1a: Dragonite|Protect
|move|p1b: Electabuzz|Taunt|p2a: Dragonite
|-start|p2a: Dragonite|move: Taunt
|move|p2b: Tyranitar|Rock Slide|p1a: Dragonite|[spread] p1b
|-activate|p1a: Dragonite|move: Protect
|-damage|p1b: Electabuzz|0 fnt
|faint|p1b: Electabuzz
|
|-weather|Sandstorm|[upkeep]
|-damage|p1a: Dragonite|28/100|[from] Sandstorm
|-damage|p2a: Dragonite|70/100|[from] Sandstorm
|upkeep
|
|t:|1756234014
|switch|p1b: Sneasler|Sneasler, L50, F|100/100
|turn|6
|
|t:|1756234043
|switch|p2a: Amoonguss|Amoonguss, L50, F|83/100
|-terastallize|p2b: Tyranitar|Flying
|move|p1a: Dragonite|Scale Shot|p2a: Amoonguss
|-damage|p2a: Amoonguss|72/100
|-damage|p2a: Amoonguss|62/100
|-damage|p2a: Amoonguss|51/100
|-damage|p2a: Amoonguss|40/100
|-damage|p2a: Amoonguss|30/100
|-hitcount|p2a: Amoonguss|5
|-unboost|p1a: Dragonite|def|1
|-boost|p1a: Dragonite|spe|1
|move|p1b: Sneasler|Dire Claw|p2a: Amoonguss
|-damage|p2a: Amoonguss|0 fnt
|-damage|p1b: Sneasler|84/100|[from] item: Rocky Helmet|[of] p2a: Amoonguss
|faint|p2a: Amoonguss
|move|p2b: Tyranitar|Tera Blast|p1b: Sneasler|[anim] Tera Blast Flying
|-supereffective|p1b: Sneasler
|-damage|p1b: Sneasler|0 fnt
|faint|p1b: Sneasler
|
|-weather|none
|upkeep
|
|t:|1756234066
|switch|p1b: Volcarona|Volcarona, L50, M|100/100
|switch|p2a: Garchomp|Garchomp, L50, M|100/100
|turn|7
|-message|Direvrau forfeited.
|
|win|luisecanonserna
|raw|Direvrau's rating: 1104 → 1077(-27 for losing)
|raw|luisecanonserna's rating: 1081 → 1111(+30 for winning)
|l|☆Direvrau
|player|p1|
