|j|☆DrXJ13
|j|☆Scraggys jorts
|html|DrXJ13Scraggys jorts    
|uhtml|bestof|Game 1 of a best-of-3
|t:|1783265163
|gametype|doubles
|player|p1|DrXJ13|cyrus|1283
|player|p2|Scraggys jorts|266|1183
|gen|9
|tier|[Gen 9 Champions] VGC 2026 Reg M-B (Bo3)
|rated|
|rule|Species Clause: Limit one of each Pokémon
|rule|Item Clause: Limit 1 of each item
|clearpoke
|poke|p1|Froslass, L50, F|
|poke|p1|Sneasler, L50, M|
|poke|p1|Kingambit, L50, F|
|poke|p1|Scovillain, L50, M|
|poke|p1|Basculegion, L50, M|
|poke|p1|Lycanroc-Dusk, L50, M|
|poke|p2|Lopunny, L50, M|
|poke|p2|Sylveon, L50, M|
|poke|p2|Talonflame, L50, F|
|poke|p2|Basculegion, L50, M|
|poke|p2|Metagross, L50|
|poke|p2|Garchomp, L50, F|
|teampreview|4
|showteam|p1|Froslass||Froslassite|CursedBody|Blizzard,ShadowBall,AuroraVeil,Protect|Modest||F|||50|]Sneasler||WhiteHerb|Unburden|FakeOut,CloseCombat,DireClaw,Protect|Jolly||M|||50|]Kingambit||BlackGlasses|Defiant|SwordsDance,SuckerPunch,Protect,KowtowCleave|Adamant||F|||50|]Scovillain||Scovillainite|Moody|Overheat,GigaDrain,RagePowder,Protect|Bold||M|||50|]Basculegion||ChoiceScarf|Adaptability|AquaJet,FlipTurn,WaveCrash,LastRespects|Jolly||M|||50|]Lycanroc-Dusk||FocusSash|ToughClaws|Accelerock,CloseCombat,RockSlide,Protect|Adamant||M|||50|
|showteam|p2|Lopunny||Lopunnite|CuteCharm|CloseCombat,GigaImpact,FakeOut,Encore|Jolly||M|||50|]Sylveon||FairyFeather|Pixilate|HyperVoice,HyperBeam,QuickAttack,Detect|Modest||M|||50|]Talonflame|||GaleWings|Acrobatics,FlareBlitz,Tailwind,Protect|Adamant||F|||50|]Basculegion||FocusSash|Adaptability|Liquidation,LastRespects,AquaJet,Protect|Adamant||M|||50|]Metagross||Metagrossite|ClearBody|IronHead,PsychicFangs,IcePunch,Protect|Adamant|||||50|]Garchomp||LifeOrb|RoughSkin|StompingTantrum,RockSlide,DragonClaw,Protect|Adamant||F|||50|
|inactive|Battle timer is ON: inactive players will automatically lose when time's up. (requested by DrXJ13)
|inactive|DrXJ13 has 60 seconds left.
|inactive|Scraggys jorts has 60 seconds left.
|inactive|DrXJ13 has 30 seconds left.
|inactive|DrXJ13 has 20 seconds left.
|
|t:|1783265237
|teamsize|p1|4
|teamsize|p2|4
|start
|switch|p1a: Scovillain|Scovillain, L50, M|100/100
|switch|p1b: Lycanroc|Lycanroc-Dusk, L50, M|100/100
|switch|p2a: Sylveon|Sylveon, L50, M|100/100
|switch|p2b: Talonflame|Talonflame, L50, F|100/100
|turn|1
|
|t:|1783265254
|detailschange|p1a: Scovillain|Scovillain-Mega, L50, M
|-mega|p1a: Scovillain|Scovillain|Scovillainite
|move|p2b: Talonflame|Protect|p2b: Talonflame
|-singleturn|p2b: Talonflame|Protect
|move|p1b: Lycanroc|Accelerock|p2b: Talonflame
|-activate|p2b: Talonflame|move: Protect
|move|p1a: Scovillain|Overheat|p2a: Sylveon
|-damage|p2a: Sylveon|53/100
|-unboost|p1a: Scovillain|spa|2
|move|p2a: Sylveon|Hyper Voice|p1a: Scovillain|[spread] p1a,p1b
|-resisted|p1a: Scovillain|1
|-damage|p1a: Scovillain|75/100
|-damage|p1b: Lycanroc|15/100
|-status|p2a: Sylveon|brn|[from] ability: Spicy Spray|[of] p1a: Scovillain
|
|-damage|p2a: Sylveon|46/100 brn|[from] brn
|upkeep
|turn|2
|
|t:|1783265274
|move|p2b: Talonflame|Acrobatics|p1b: Lycanroc
|-resisted|p1b: Lycanroc|1
|-damage|p1b: Lycanroc|0 fnt
|faint|p1b: Lycanroc
|move|p1a: Scovillain|Overheat|p2a: Sylveon
|-damage|p2a: Sylveon|22/100 brn
|-unboost|p1a: Scovillain|spa|2
|move|p2a: Sylveon|Hyper Voice|p1a: Scovillain
|-resisted|p1a: Scovillain|1
|-damage|p1a: Scovillain|45/100
|
|-damage|p2a: Sylveon|16/100 brn|[from] brn
|upkeep
|
|t:|1783265296
|switch|p1b: Basculegion|Basculegion, L50, M|100/100
|turn|3
|
|t:|1783265316
|switch|p1a: Kingambit|Kingambit, L50, F|100/100
|move|p2b: Talonflame|Tailwind|p2b: Talonflame
|-sidestart|p2: Scraggys jorts|move: Tailwind
|move|p1b: Basculegion|Flip Turn|p2b: Talonflame
|-supereffective|p2b: Talonflame|1
|-damage|p2b: Talonflame|0 fnt
|faint|p2b: Talonflame
|
|t:|1783265324
|switch|p1b: Scovillain|Scovillain-Mega, L50, M|45/100|[from] Flip Turn
|move|p2a: Sylveon|Hyper Voice|p1b: Scovillain|[spread] p1a,p1b
|-resisted|p1b: Scovillain|1
|-damage|p1a: Kingambit|54/100
|-damage|p1b: Scovillain|20/100y
|
|-damage|p2a: Sylveon|9/100 brn|[from] brn
|upkeep
|
|t:|1783265333
|switch|p2b: Lopunny|Lopunny, L50, M|100/100
|turn|4
|
|t:|1783265350
|detailschange|p2b: Lopunny|Lopunny-Mega, L50, M
|-mega|p2b: Lopunny|Lopunny|Lopunnite
|move|p1b: Scovillain|Protect|p1b: Scovillain
|-singleturn|p1b: Scovillain|Protect
|move|p1a: Kingambit|Protect|p1a: Kingambit
|-singleturn|p1a: Kingambit|Protect
|move|p2b: Lopunny|Close Combat|p1a: Kingambit
|-activate|p1a: Kingambit|move: Protect
|move|p2a: Sylveon|Hyper Voice|p1a: Kingambit|[spread] 
|-activate|p1a: Kingambit|move: Protect
|-activate|p1b: Scovillain|move: Protect
|
|-damage|p2a: Sylveon|3/100 brn|[from] brn
|upkeep
|turn|5
|
|t:|1783265365
|move|p1b: Scovillain|Rage Powder|p1b: Scovillain
|-singleturn|p1b: Scovillain|move: Rage Powder
|move|p2b: Lopunny|Close Combat|p1b: Scovillain
|-damage|p1b: Scovillain|0 fnt
|-unboost|p2b: Lopunny|def|1
|-unboost|p2b: Lopunny|spd|1
|-status|p2b: Lopunny|brn|[from] ability: Spicy Spray|[of] p1b: Scovillain
|faint|p1b: Scovillain
|move|p2a: Sylveon|Hyper Voice|p1a: Kingambit
|-damage|p1a: Kingambit|0 fnt
|faint|p1a: Kingambit
|
|-damage|p2b: Lopunny|93/100 brn|[from] brn
|-damage|p2a: Sylveon|0 fnt|[from] brn
|faint|p2a: Sylveon
|upkeep
|
|t:|1783265379
|switch|p1b: Basculegion|Basculegion, L50, M|100/100
|switch|p2a: Basculegion|Basculegion, L50, M|100/100
|turn|6
|-message|DrXJ13 forfeited.
|
|win|Scraggys jorts
||DrXJ13 is ready for game 2.
|l|☆Scraggys jorts
|player|p2|
||Scraggys jorts is ready for game 2.
|uhtml|next|Next: Game 2 of 3
