|j|☆homerj71
|j|☆oscareox553
|html|homerj71oscareox553    
|uhtml|bestof|Game 1 of a best-of-3
|t:|1782588969
|gametype|doubles
|player|p1|homerj71|102|1202
|player|p2|oscareox553|ethan|1132
|gen|9
|tier|[Gen 9 Champions] VGC 2026 Reg M-B (Bo3)
|rated|
|rule|Species Clause: Limit one of each Pokémon
|rule|Item Clause: Limit 1 of each item
|clearpoke
|poke|p1|Charizard, L50, M, shiny|
|poke|p1|Garchomp, L50, M|
|poke|p1|Whimsicott, L50, F, shiny|
|poke|p1|Basculegion, L50, M|
|poke|p1|Kingambit, L50, M, shiny|
|poke|p1|Floette-Eternal, L50, F|
|poke|p2|Swampert, L50, F|
|poke|p2|Sceptile, L50, M|
|poke|p2|Rotom-Heat, L50|
|poke|p2|Pelipper, L50, M|
|poke|p2|Archaludon, L50, F, shiny|
|poke|p2|Sylveon, L50, F, shiny|
|teampreview|4
|showteam|p1|Charizard||CharizarditeY|Blaze|HeatWave,SolarBeam,WeatherBall,Protect|Modest||M|||50|]Garchomp||SitrusBerry|RoughSkin|DragonClaw,Earthquake,RockSlide,PoisonJab|Jolly||M|||50|]Whimsicott||FocusSash|Prankster|Moonblast,Tailwind,Encore,Protect|Timid||F|||50|]Basculegion||LifeOrb|Adaptability|WaveCrash,AquaJet,Protect,LastRespects|Adamant||M|||50|]Kingambit||BlackGlasses|Defiant|KowtowCleave,SuckerPunch,IronHead,Protect|Adamant||M|||50|]Floette-Eternal||Floettite|FlowerVeil|Moonblast,DazzlingGleam,LightofRuin,Protect|Timid||F|||50|
|showteam|p2|Swampert||Swampertite|Torrent|Protect,WaveCrash,Earthquake,IcePunch|Adamant||F|||50|]Sceptile||Sceptilite|Overgrow|DragonPulse,EarthPower,EnergyBall,Detect|Timid||M|||50|]Rotom-Heat||ChoiceScarf|Levitate|Overheat,VoltSwitch,Discharge,Trick|Timid|||||50|]Pelipper||FocusSash|Drizzle|WeatherBall,Hurricane,Tailwind,WideGuard|Modest||M|||50|]Archaludon||Leftovers|Stamina|ElectroShot,FlashCannon,Protect,DragonPulse|Modest||F|||50|]Sylveon||FairyFeather|Pixilate|HyperVoice,HyperBeam,Yawn,Detect|Modest||F|||50|
|inactive|Battle timer is ON: inactive players will automatically lose when time's up. (requested by homerj71)
|inactive|oscareox553 also wants the timer to be on.
|inactive|oscareox553 has 60 seconds left.
|
|t:|1782589009
|teamsize|p1|4
|teamsize|p2|4
|start
|switch|p1a: Floette|Floette-Eternal, L50, F|100/100
|switch|p1b: Whimsicott|Whimsicott, L50, F, shiny|100/100
|switch|p2a: Swampert|Swampert, L50, F|100/100
|switch|p2b: Rotom|Rotom-Heat, L50|100/100
|turn|1
|inactive|homerj71 has 30 seconds left.
|inactive|oscareox553 has 30 seconds left.
|inactive|oscareox553 has 20 seconds left.
|
|t:|1782589048
|detailschange|p1a: Floette|Floette-Mega, L50, F
|-mega|p1a: Floette|Floette|Floettite
|-ability|p1a: Floette|Fairy Aura
|detailschange|p2a: Swampert|Swampert-Mega, L50, F
|-mega|p2a: Swampert|Swampert|Swampertite
|move|p2a: Swampert|Protect|p2a: Swampert
|-singleturn|p2a: Swampert|Protect
|move|p2b: Rotom|Overheat|p1b: Whimsicott
|-supereffective|p1b: Whimsicott|1
|-enditem|p1b: Whimsicott|Focus Sash
|-damage|p1b: Whimsicott|1/100
|-unboost|p2b: Rotom|spa|2
|move|p1b: Whimsicott|Moonblast|p2a: Swampert
|-activate|p2a: Swampert|move: Protect
|move|p1a: Floette|Light of Ruin|p2a: Swampert
|-activate|p2a: Swampert|move: Protect
|
|upkeep
|turn|2
|inactive|oscareox553 has 30 seconds left.
|inactive|oscareox553 has 20 seconds left.
|inactive|oscareox553 has 15 seconds left.
|
|t:|1782589089
|switch|p2a: Sylveon|Sylveon, L50, F, shiny|100/100
|move|p1b: Whimsicott|Encore||[still]
|-fail|p1b: Whimsicott
|move|p2b: Rotom|Overheat|p1b: Whimsicott
|-supereffective|p1b: Whimsicott|1
|-damage|p1b: Whimsicott|0 fnt
|-unboost|p2b: Rotom|spa|2
|faint|p1b: Whimsicott
|move|p1a: Floette|Light of Ruin|p2a: Sylveon
|-damage|p2a: Sylveon|6/100
|-damage|p1a: Floette|44/100|[from] Recoil
|
|upkeep
|
|t:|1782589101
|switch|p1b: Garchomp|Garchomp, L50, M|100/100
|turn|3
|
|t:|1782589122
|move|p2b: Rotom|Overheat|p1a: Floette
|-damage|p1a: Floette|26/100
|-unboost|p2b: Rotom|spa|2
|move|p1b: Garchomp|Dragon Claw|p2b: Rotom
|-damage|p2b: Rotom|47/100
|move|p1a: Floette|Dazzling Gleam|p2b: Rotom|[spread] p2a,p2b
|-resisted|p2b: Rotom|1
|-damage|p2a: Sylveon|0 fnt
|-damage|p2b: Rotom|18/100
|faint|p2a: Sylveon
|
|upkeep
|
|t:|1782589136
|switch|p2a: Swampert|Swampert-Mega, L50, F|100/100
|turn|4
|
|t:|1782589151
|switch|p2b: Pelipper|Pelipper, L50, M|100/100
|-weather|RainDance|[from] ability: Drizzle|[of] p2b: Pelipper
|move|p2a: Swampert|Ice Punch|p1b: Garchomp
|-supereffective|p1b: Garchomp|2
|-damage|p1b: Garchomp|0 fnt
|-damage|p2a: Swampert|87/100|[from] ability: Rough Skin|[of] p1b: Garchomp
|faint|p1b: Garchomp
|move|p1a: Floette|Light of Ruin|p2a: Swampert|[miss]
|-miss|p1a: Floette|p2a: Swampert
|
|-weather|RainDance|[upkeep]
|upkeep
|
|t:|1782589161
|switch|p1b: Basculegion|Basculegion, L50, M|100/100
|turn|5
|
|t:|1782589180
|move|p1a: Floette|Protect|p1a: Floette
|-singleturn|p1a: Floette|Protect
|move|p2a: Swampert|Earthquake|p1b: Basculegion|[spread] p1b
|-activate|p1a: Floette|move: Protect
|-immune|p2b: Pelipper
|-damage|p1b: Basculegion|53/100
|move|p2b: Pelipper|Hurricane|p1b: Basculegion
|-damage|p1b: Basculegion|0 fnt
|faint|p1b: Basculegion
|
|-weather|RainDance|[upkeep]
|upkeep
|turn|6
|-message|homerj71 forfeited.
|
|win|oscareox553
|l|☆homerj71
|player|p1|
||homerj71 is ready for game 2.
