|j|☆PaquitoelBollito
|j|☆espectrometria
|html|PaquitoelBollitoespectrometria    
|uhtml|bestof|Game 2 of a best-of-3
|t:|1785095909
|gametype|doubles
|player|p1|PaquitoelBollito|170|1122
|player|p2|espectrometria|nate|1087
|gen|9
|tier|[Gen 9 Champions] VGC 2026 Reg M-B (Bo3)
|rated|
|rule|Species Clause: Limit one of each Pokémon
|rule|Item Clause: Limit 1 of each item
|clearpoke
|poke|p1|Aerodactyl, L50, F|
|poke|p1|Kingambit, L50, M|
|poke|p1|Garchomp, L50, F|
|poke|p1|Farigiraf, L50, M|
|poke|p1|Charizard, L50, M|
|poke|p1|Sylveon, L50, F|
|poke|p2|Sylveon, L50, M|
|poke|p2|Sneasler, L50, F|
|poke|p2|Charizard, L50, M, shiny|
|poke|p2|Garchomp, L50, F|
|poke|p2|Venusaur, L50, M|
|poke|p2|Incineroar, L50, F|
|teampreview|4
|showteam|p1|Aerodactyl||Aerodactylite|Unnerve|Tailwind,DualWingbeat,IceFang,RockSlide|Jolly||F|||50|]Kingambit||BlackGlasses|Defiant|SuckerPunch,KowtowCleave,Protect,LowKick|Adamant||M|||50|]Garchomp||LifeOrb|RoughSkin|Protect,DragonClaw,Earthquake,StompingTantrum|Jolly||F|||50|]Farigiraf||SitrusBerry|ArmorTail|PsychicFangs,Thunderbolt,TrickRoom,SunnyDay|Relaxed||M|||50|]Charizard||CharizarditeY|Blaze|Protect,HeatWave,WeatherBall,SolarBeam|Modest||M|||50|]Sylveon||FairyFeather|Pixilate|HyperVoice,Protect,QuickAttack,HyperBeam|Modest||F|||50|
|showteam|p2|Sylveon||FairyFeather|Pixilate|Detect,HyperVoice,HyperBeam,QuickAttack|Modest||M|||50|]Sneasler||WhiteHerb|PoisonTouch|CloseCombat,DireClaw,RockSlide,Protect|Naughty||F|||50|]Charizard||CharizarditeY|Blaze|Protect,HeatWave,WeatherBall,SolarBeam|Rash||M|||50|]Garchomp||LifeOrb|RoughSkin|DragonClaw,Earthquake,Protect,RockSlide|Jolly||F|||50|]Venusaur||FocusSash|Chlorophyll|Protect,SludgeBomb,SleepPowder,EnergyBall|Modest||M|||50|]Incineroar||SitrusBerry|Intimidate|FakeOut,PartingShot,DarkestLariat,FlareBlitz|Serious||F|||50|
|inactive|Battle timer is ON: inactive players will automatically lose when time's up. (requested by PaquitoelBollito)
|inactive|espectrometria has 60 seconds left.
|inactive|espectrometria has 30 seconds left.
|
|t:|1785095979
|teamsize|p1|4
|teamsize|p2|4
|start
|switch|p1a: Aerodactyl|Aerodactyl, L50, F|100/100
|switch|p1b: Kingambit|Kingambit, L50, M|100/100
|switch|p2a: Sylveon|Sylveon, L50, M|100/100
|switch|p2b: Sneasler|Sneasler, L50, F|100/100
|-ability|p1a: Aerodactyl|Unnerve
|turn|1
|
|t:|1785095999
|switch|p2b: Incineroar|Incineroar, L50, F|100/100
|-ability|p2b: Incineroar|Intimidate|boost
|-unboost|p1a: Aerodactyl|atk|1
|-unboost|p1b: Kingambit|atk|1
|-ability|p1b: Kingambit|Defiant|boost
|-boost|p1b: Kingambit|atk|2
|detailschange|p1a: Aerodactyl|Aerodactyl-Mega, L50, F
|-mega|p1a: Aerodactyl|Aerodactyl|Aerodactylite
|move|p1b: Kingambit|Protect|p1b: Kingambit
|-singleturn|p1b: Kingambit|Protect
|move|p1a: Aerodactyl|Tailwind|p1a: Aerodactyl
|-sidestart|p1: PaquitoelBollito|move: Tailwind
|move|p2a: Sylveon|Hyper Beam|p1a: Aerodactyl|[miss]
|-miss|p2a: Sylveon|p1a: Aerodactyl
|
|upkeep
|turn|2
|
|t:|1785096022
|move|p2a: Sylveon|Detect|p2a: Sylveon
|-singleturn|p2a: Sylveon|Protect
|move|p1a: Aerodactyl|Rock Slide|p2b: Incineroar|[spread] p2b
|-activate|p2a: Sylveon|move: Protect
|-supereffective|p2b: Incineroar|1
|-damage|p2b: Incineroar|68/100
|move|p1b: Kingambit|Low Kick|p2b: Incineroar
|-supereffective|p2b: Incineroar|1
|-damage|p2b: Incineroar|0 fnt
|faint|p2b: Incineroar
|
|upkeep
|
|t:|1785096033
|switch|p2b: Charizard|Charizard, L50, M, shiny|100/100
|turn|3
|
|t:|1785096047
|switch|p2a: Sneasler|Sneasler, L50, F|100/100
|detailschange|p2b: Charizard|Charizard-Mega-Y, L50, M, shiny
|-mega|p2b: Charizard|Charizard|Charizardite Y
|-weather|SunnyDay|[from] ability: Drought|[of] p2b: Charizard
|move|p2b: Charizard|Protect|p2b: Charizard
|-singleturn|p2b: Charizard|Protect
|move|p1a: Aerodactyl|Rock Slide|p2b: Charizard|[spread] p2a
|-activate|p2b: Charizard|move: Protect
|-resisted|p2a: Sneasler|1
|-crit|p2a: Sneasler
|-damage|p2a: Sneasler|75/100
|move|p1b: Kingambit|Kowtow Cleave|p2a: Sneasler
|-resisted|p2a: Sneasler|1
|-damage|p2a: Sneasler|19/100
|
|-weather|SunnyDay|[upkeep]
|upkeep
|turn|4
|inactive|PaquitoelBollito has 30 seconds left.
|inactive|espectrometria has 30 seconds left.
|
|t:|1785096076
|move|p2a: Sneasler|Protect|p2a: Sneasler
|-singleturn|p2a: Sneasler|Protect
|move|p1a: Aerodactyl|Rock Slide|p2b: Charizard|[spread] p2b
|-activate|p2a: Sneasler|move: Protect
|-supereffective|p2b: Charizard|2
|-damage|p2b: Charizard|18/100
|move|p1b: Kingambit|Kowtow Cleave|p2a: Sneasler
|-activate|p2a: Sneasler|move: Protect
|cant|p2b: Charizard|flinch
|
|-weather|SunnyDay|[upkeep]
|-sideend|p1: PaquitoelBollito|move: Tailwind
|upkeep
|turn|5
|
|t:|1785096101
|move|p2b: Charizard|Protect|p2b: Charizard
|-singleturn|p2b: Charizard|Protect
|move|p1b: Kingambit|Sucker Punch||[still]
|-fail|p1b: Kingambit
|move|p1a: Aerodactyl|Dual Wingbeat|p2a: Sneasler
|-supereffective|p2a: Sneasler|1
|-damage|p2a: Sneasler|0 fnt
|faint|p2a: Sneasler
|-hitcount|p2: Sneasler|1
|
|-weather|SunnyDay|[upkeep]
|upkeep
|
|t:|1785096108
|switch|p2a: Sylveon|Sylveon, L50, M|100/100
|turn|6
|
|t:|1785096123
|move|p2b: Charizard|Protect||[still]
|-fail|p2b: Charizard
|move|p1a: Aerodactyl|Rock Slide|p2a: Sylveon|[spread] p2a,p2b
|-supereffective|p2b: Charizard|2
|-damage|p2a: Sylveon|79/100
|-damage|p2b: Charizard|0 fnt
|faint|p2b: Charizard
|move|p1b: Kingambit|Kowtow Cleave|p2a: Sylveon
|-resisted|p2a: Sylveon|1
|-damage|p2a: Sylveon|34/100
|move|p2a: Sylveon|Hyper Beam|p1b: Kingambit
|-damage|p1b: Kingambit|0 fnt
|-mustrecharge|p2a: Sylveon
|faint|p1b: Kingambit
|
|-weather|SunnyDay|[upkeep]
|upkeep
|
|t:|1785096135
|switch|p1b: Sylveon|Sylveon, L50, F|100/100
|turn|7
|
|t:|1785096149
|move|p1a: Aerodactyl|Dual Wingbeat|p2a: Sylveon
|-damage|p2a: Sylveon|15/100
|-damage|p2a: Sylveon|0 fnt
|faint|p2a: Sylveon
|-hitcount|p2: Sylveon|2
|
|win|PaquitoelBollito
|raw|PaquitoelBollito's rating: 1122 → 1144(+22 for winning)
|raw|espectrometria's rating: 1087 → 1066(-21 for losing)
