|j|☆kigokigo
|j|☆lirtyz0977
|html|kigokigolirtyz0977    
|uhtml|bestof|Game 2 of a best-of-3
|t:|1783088070
|gametype|doubles
|player|p1|kigokigo|2|1025
|player|p2|lirtyz0977|giovanni|1040
|gen|9
|tier|[Gen 9 Champions] VGC 2026 Reg M-B (Bo3)
|rated|
|rule|Species Clause: Limit one of each Pokémon
|rule|Item Clause: Limit 1 of each item
|clearpoke
|poke|p1|Whimsicott, L50, F|
|poke|p1|Clefable, L50, F|
|poke|p1|Grimmsnarl, L50, M|
|poke|p1|Incineroar, L50, M|
|poke|p1|Tsareena, L50, F|
|poke|p1|Staraptor, L50, F|
|poke|p2|Charizard, L50, M|
|poke|p2|Venusaur, L50, M|
|poke|p2|Pikachu, L50, M|
|poke|p2|Blastoise, L50, M|
|poke|p2|Snorlax, L50, M|
|poke|p2|Espeon, L50, M|
|teampreview|4
|showteam|p1|Whimsicott||FocusSash|Prankster|Charm,Encore,Taunt,Protect|Bold||F|||50|]Clefable||BabiriBerry|Unaware|FollowMe,Charm,KnockOff,Protect|Careful||F|||50|]Grimmsnarl||LightClay|Prankster|LightScreen,Reflect,PartingShot,FakeOut|Calm||M|||50|]Incineroar||ChopleBerry|Intimidate|FakeOut,PartingShot,FlareBlitz,DarkestLariat|Adamant||M|||50|]Tsareena||SitrusBerry|QueenlyMajesty|Taunt,Charm,Uturn,Protect|Careful||F|||50|]Staraptor||Staraptite|Intimidate|CloseCombat,BraveBird,Roost,Protect|Adamant||F|||50|
|showteam|p2|Charizard||CharizarditeY|Blaze|WeatherBall,AirSlash,SolarBeam,Earthquake|Hasty||M|||50|]Venusaur||MiracleSeed|Chlorophyll|Growth,SludgeWave,GigaDrain,EarthPower|Modest||M|||50|]Pikachu||LightBall|LightningRod|WildCharge,PlayRough,Surf,FakeOut|Hasty||M|||50|]Blastoise||WhiteHerb|Torrent|ShellSmash,Surf,IceBeam,Earthquake|Mild||M|||50|]Snorlax||SitrusBerry|Immunity|BellyDrum,BodySlam,Earthquake,ZenHeadbutt|Adamant||M|||50|]Espeon||FocusSash|MagicBounce|CalmMind,Psychic,ShadowBall,AlluringVoice|Timid||M|||50|
|inactive|Battle timer is ON: inactive players will automatically lose when time's up. (requested by lirtyz0977)
|
|t:|1783088095
|teamsize|p1|4
|teamsize|p2|4
|start
|switch|p1a: Grimmsnarl|Grimmsnarl, L50, M|100/100
|switch|p1b: Staraptor|Staraptor, L50, F|100/100
|switch|p2a: Pikachu|Pikachu, L50, M|100/100
|switch|p2b: Venusaur|Venusaur, L50, M|100/100
|-ability|p1b: Staraptor|Intimidate|boost
|-unboost|p2a: Pikachu|atk|1
|-unboost|p2b: Venusaur|atk|1
|turn|1
|
|t:|1783088106
|detailschange|p1b: Staraptor|Staraptor-Mega, L50, F
|-mega|p1b: Staraptor|Staraptor|Staraptite
|move|p2a: Pikachu|Fake Out|p1a: Grimmsnarl
|-damage|p1a: Grimmsnarl|87/100
|cant|p1a: Grimmsnarl|flinch
|move|p2b: Venusaur|Growth|p2b: Venusaur
|-boost|p2b: Venusaur|atk|1
|-boost|p2b: Venusaur|spa|1
|move|p1b: Staraptor|Close Combat|p2a: Pikachu
|-damage|p2a: Pikachu|0 fnt
|-boost|p1b: Staraptor|def|1
|-boost|p1b: Staraptor|spd|1
|faint|p2a: Pikachu
|
|upkeep
|
|t:|1783088114
|switch|p2a: Charizard|Charizard, L50, M|100/100
|turn|2
|inactive|kigokigo has 30 seconds left.
|
|t:|1783088142
|detailschange|p2a: Charizard|Charizard-Mega-Y, L50, M
|-mega|p2a: Charizard|Charizard|Charizardite Y
|-weather|SunnyDay|[from] ability: Drought|[of] p2a: Charizard
|move|p1b: Staraptor|Protect|p1b: Staraptor
|-singleturn|p1b: Staraptor|Protect
|move|p1a: Grimmsnarl|Parting Shot|p2a: Charizard
|-unboost|p2a: Charizard|atk|1
|-unboost|p2a: Charizard|spa|1
|
|t:|1783088152
|switch|p1a: Incineroar|Incineroar, L50, M|100/100|[from] Parting Shot
|-ability|p1a: Incineroar|Intimidate|boost
|-unboost|p2a: Charizard|atk|1
|-unboost|p2b: Venusaur|atk|1
|move|p2b: Venusaur|Growth|p2b: Venusaur
|-boost|p2b: Venusaur|atk|2
|-boost|p2b: Venusaur|spa|2
|move|p2a: Charizard|Air Slash|p1b: Staraptor
|-activate|p1b: Staraptor|move: Protect
|
|-weather|SunnyDay|[upkeep]
|upkeep
|turn|3
|
|t:|1783088165
|switch|p2a: Espeon|Espeon, L50, M|100/100
|move|p1a: Incineroar|Fake Out|p2b: Venusaur
|-damage|p2b: Venusaur|81/100
|cant|p2b: Venusaur|flinch
|move|p1b: Staraptor|Brave Bird|p2b: Venusaur
|-supereffective|p2b: Venusaur|1
|-damage|p2b: Venusaur|0 fnt
|faint|p2b: Venusaur
|-damage|p1b: Staraptor|78/100|[from] Recoil
|
|-weather|SunnyDay|[upkeep]
|upkeep
|
|t:|1783088170
|switch|p2b: Charizard|Charizard-Mega-Y, L50, M|100/100
|turn|4
|
|t:|1783088195
|move|p1b: Staraptor|Protect|p1b: Staraptor
|-singleturn|p1b: Staraptor|Protect
|move|p2a: Espeon|Alluring Voice|p1a: Incineroar
|-crit|p1a: Incineroar
|-damage|p1a: Incineroar|62/100
|move|p2b: Charizard|Weather Ball|p1a: Incineroar
|-resisted|p1a: Incineroar|1
|-damage|p1a: Incineroar|15/100
|move|p1a: Incineroar|Parting Shot|p2a: Espeon
|move|p2a: Espeon|Parting Shot|p1a: Incineroar|[from] ability: Magic Bounce
|-unboost|p1a: Incineroar|atk|1
|-unboost|p1a: Incineroar|spa|1
|
|-weather|SunnyDay|[upkeep]
|upkeep
|turn|5
|
|t:|1783088216
|switch|p1b: Grimmsnarl|Grimmsnarl, L50, M|87/100
|move|p2a: Espeon|Psychic|p1b: Grimmsnarl
|-immune|p1b: Grimmsnarl
|move|p2b: Charizard|Air Slash|p1a: Incineroar
|-damage|p1a: Incineroar|0 fnt
|faint|p1a: Incineroar
|
|-weather|SunnyDay|[upkeep]
|upkeep
|
|t:|1783088228
|switch|p1a: Staraptor|Staraptor-Mega, L50, F|78/100
|turn|6
|inactive|kigokigo has 30 seconds left.
|
|t:|1783088257
|move|p1b: Grimmsnarl|Fake Out|p2a: Espeon
|-damage|p2a: Espeon|80/100
|cant|p2a: Espeon|flinch
|move|p2b: Charizard|Weather Ball|p1b: Grimmsnarl
|-damage|p1b: Grimmsnarl|19/100
|move|p1a: Staraptor|Close Combat|p2b: Charizard
|-resisted|p2b: Charizard|1
|-damage|p2b: Charizard|45/100
|-boost|p1a: Staraptor|def|1
|-boost|p1a: Staraptor|spd|1
|
|-weather|none
|upkeep
|turn|7
|
|t:|1783088280
|move|p1b: Grimmsnarl|Light Screen|p1b: Grimmsnarl
|-sidestart|p1: kigokigo|move: Light Screen
|move|p2a: Espeon|Psychic|p1a: Staraptor
|-supereffective|p1a: Staraptor|1
|-damage|p1a: Staraptor|35/100
|move|p2b: Charizard|Air Slash|p1b: Grimmsnarl
|-damage|p1b: Grimmsnarl|0 fnt
|faint|p1b: Grimmsnarl
|move|p1a: Staraptor|Close Combat|p2b: Charizard
|-resisted|p2b: Charizard|1
|-damage|p2b: Charizard|0 fnt
|-boost|p1a: Staraptor|def|1
|-boost|p1a: Staraptor|spd|1
|faint|p2b: Charizard
|
|upkeep
|
|t:|1783088292
|switch|p1b: Whimsicott|Whimsicott, L50, F|100/100
|turn|8
|
|t:|1783088312
|move|p1b: Whimsicott|Charm|p1a: Staraptor
|-boost|p1a: Staraptor|atk|2
|move|p2a: Espeon|Psychic|p1a: Staraptor
|-supereffective|p1a: Staraptor|1
|-damage|p1a: Staraptor|5/100
|move|p1a: Staraptor|Roost|p1a: Staraptor
|-heal|p1a: Staraptor|56/100
|-singleturn|p1a: Staraptor|move: Roost
|
|upkeep
|turn|9
|
|t:|1783088329
|move|p1b: Whimsicott|Charm|p1a: Staraptor
|-boost|p1a: Staraptor|atk|2
|move|p2a: Espeon|Alluring Voice|p1a: Staraptor
|-supereffective|p1a: Staraptor|1
|-damage|p1a: Staraptor|37/100
|-start|p1a: Staraptor|confusion
|-activate|p1a: Staraptor|confusion
|-damage|p1a: Staraptor|14/100|[from] confusion
|
|upkeep
|turn|10
|inactive|kigokigo has 30 seconds left.
|
|t:|1783088356
|-activate|p1a: Staraptor|confusion
|move|p1a: Staraptor|Protect|p1a: Staraptor
|-singleturn|p1a: Staraptor|Protect
|move|p1b: Whimsicott|Taunt|p2a: Espeon
|move|p2a: Espeon|Taunt|p1b: Whimsicott|[from] ability: Magic Bounce
|-start|p1b: Whimsicott|move: Taunt
|move|p2a: Espeon|Psychic|p1a: Staraptor
|-activate|p1a: Staraptor|move: Protect
|
|upkeep
|turn|11
|-message|kigokigo forfeited.
|
|win|lirtyz0977
|raw|kigokigo's rating: 1025 → 1013(-12 for losing)
|raw|lirtyz0977's rating: 1070 → 1096(+26 for winning)
|l|☆kigokigo
|player|p1|
