|j|☆raksbach
|j|☆Nhatpia
|html|raksbachNhatpia    
|uhtml|bestof|Game 2 of a best-of-3
|t:|1783420127
|gametype|doubles
|player|p1|raksbach|265|1167
|player|p2|Nhatpia|swimmerf|1247
|gen|9
|tier|[Gen 9 Champions] VGC 2026 Reg M-B (Bo3)
|rated|
|rule|Species Clause: Limit one of each Pokémon
|rule|Item Clause: Limit 1 of each item
|clearpoke
|poke|p1|Incineroar, L50, M|
|poke|p1|Maushold, L50|
|poke|p1|Sinistcha, L50|
|poke|p1|Sneasler, L50, M|
|poke|p1|Blastoise, L50, F|
|poke|p1|Delphox, L50, F|
|poke|p2|Charizard, L50, M, shiny|
|poke|p2|Farigiraf, L50, F|
|poke|p2|Mawile, L50, F, shiny|
|poke|p2|Incineroar, L50, F, shiny|
|poke|p2|Garchomp, L50, F|
|poke|p2|Aerodactyl, L50, M, shiny|
|teampreview|4
|showteam|p1|Incineroar||SitrusBerry|Intimidate|FakeOut,FlareBlitz,DarkestLariat,PartingShot|Impish||M|||50|]Maushold||ChopleBerry|FriendGuard|SuperFang,FollowMe,Protect,Feint|Impish|||||50|]Sinistcha||OccaBerry|Hospitality|MatchaGotcha,LifeDew,RagePowder,Protect|Bold|||||50|]Sneasler||FocusSash|PoisonTouch|FakeOut,CloseCombat,DireClaw,QuickGuard|Jolly||M|||50|]Blastoise||Blastoisinite|Torrent|WaterSpout,DarkPulse,ShellSmash,Protect|Modest||F|||50|]Delphox||Delphoxite|Blaze|HeatWave,Psychic,NastyPlot,Protect|Timid||F|||50|
|showteam|p2|Charizard||CharizarditeY|Blaze|HeatWave,WeatherBall,SolarBeam,Protect|Modest||M|||50|]Farigiraf||SitrusBerry|ArmorTail|Psychic,TrickRoom,GrassKnot,HelpingHand|Quiet||F|||50|]Mawile||Mawilite|HyperCutter|PlayRough,SwordsDance,SuckerPunch,Protect|Adamant||F|||50|]Incineroar||ChopleBerry|Intimidate|FakeOut,FlareBlitz,PartingShot,ThroatChop|Careful||F|||50|]Garchomp||LifeOrb|RoughSkin|Earthquake,DragonClaw,RockSlide,Protect|Jolly||F|||50|]Aerodactyl||FocusSash|Unnerve|RockSlide,Tailwind,SunnyDay,WideGuard|Jolly||M|||50|
|inactive|Battle timer is ON: inactive players will automatically lose when time's up. (requested by raksbach)
|inactive|raksbach has 60 seconds left.
|
|t:|1783420164
|teamsize|p1|4
|teamsize|p2|4
|start
|switch|p1a: Delphox|Delphox, L50, F|100/100
|switch|p1b: Sneasler|Sneasler, L50, M|100/100
|switch|p2a: Charizard|Charizard, L50, M, shiny|100/100
|switch|p2b: Aerodactyl|Aerodactyl, L50, M, shiny|100/100
|-ability|p2b: Aerodactyl|Unnerve
|turn|1
|inactive|raksbach has 30 seconds left.
|inactive|Nhatpia has 30 seconds left.
|
|t:|1783420196
|detailschange|p1a: Delphox|Delphox-Mega, L50, F
|-mega|p1a: Delphox|Delphox|Delphoxite
|detailschange|p2a: Charizard|Charizard-Mega-Y, L50, M, shiny
|-mega|p2a: Charizard|Charizard|Charizardite Y
|-weather|SunnyDay|[from] ability: Drought|[of] p2a: Charizard
|move|p1b: Sneasler|Fake Out|p2b: Aerodactyl
|-resisted|p2b: Aerodactyl|1
|-damage|p2b: Aerodactyl|89/100
|cant|p2b: Aerodactyl|flinch
|move|p1a: Delphox|Nasty Plot|p1a: Delphox
|-boost|p1a: Delphox|spa|2
|move|p2a: Charizard|Heat Wave|p1a: Delphox|[spread] p1a,p1b
|-resisted|p1a: Delphox|1
|-damage|p1a: Delphox|70/100
|-damage|p1b: Sneasler|14/100
|
|-weather|SunnyDay|[upkeep]
|upkeep
|turn|2
|inactive|raksbach has 30 seconds left.
|inactive|raksbach has 20 seconds left.
|
|t:|1783420232
|switch|p1b: Maushold|Maushold, L50|100/100
|move|p2b: Aerodactyl|Rock Slide|p1a: Delphox|[spread] p1a,p1b
|-supereffective|p1a: Delphox|1
|-damage|p1a: Delphox|27/100
|-damage|p1b: Maushold|76/100
|move|p1a: Delphox|Heat Wave|p2a: Charizard|[spread] p2a,p2b
|-resisted|p2a: Charizard|1
|-resisted|p2b: Aerodactyl|1
|-damage|p2a: Charizard|45/100
|-damage|p2b: Aerodactyl|5/100
|move|p2a: Charizard|Heat Wave|p1b: Maushold|[spread] p1a,p1b
|-resisted|p1a: Delphox|1
|-damage|p1a: Delphox|4/100
|-damage|p1b: Maushold|8/100
|
|-weather|SunnyDay|[upkeep]
|upkeep
|turn|3
|inactive|Nhatpia has 30 seconds left.
|
|t:|1783420262
|switch|p2a: Farigiraf|Farigiraf, L50, F|100/100
|move|p1b: Maushold|Feint||[still]
|cant|p2a: Farigiraf|ability: Armor Tail|Feint|[of] p1b: Maushold
|move|p2b: Aerodactyl|Tailwind|p2b: Aerodactyl
|-sidestart|p2: Nhatpia|move: Tailwind
|move|p1a: Delphox|Psychic|p2a: Farigiraf
|-resisted|p2a: Farigiraf|1
|-damage|p2a: Farigiraf|52/100
|
|-weather|SunnyDay|[upkeep]
|upkeep
|turn|4
|
|t:|1783420281
|move|p1a: Delphox|Protect|p1a: Delphox
|-singleturn|p1a: Delphox|Protect
|move|p2b: Aerodactyl|Rock Slide|p1a: Delphox|[spread] p1b
|-activate|p1a: Delphox|move: Protect
|-damage|p1b: Maushold|0 fnt
|faint|p1b: Maushold
|move|p2a: Farigiraf|Psychic|p1a: Delphox
|-activate|p1a: Delphox|move: Protect
|
|-weather|SunnyDay|[upkeep]
|upkeep
|
|t:|1783420291
|switch|p1b: Sneasler|Sneasler, L50, M|14/100
|turn|5
|
|t:|1783420300
|move|p2b: Aerodactyl|Rock Slide|p1a: Delphox|[spread] p1a,p1b
|-supereffective|p1a: Delphox|1
|-resisted|p1b: Sneasler|1
|-damage|p1a: Delphox|0 fnt
|-damage|p1b: Sneasler|0 fnt
|faint|p1a: Delphox
|faint|p1b: Sneasler
|move|p2a: Farigiraf|Psychic|p1: Delphox|[notarget]
|-fail|p2a: Farigiraf
|
|-weather|none
|upkeep
|
|t:|1783420311
|switch|p1b: Sinistcha|Sinistcha, L50|100/100
|turn|6
|-message|raksbach forfeited.
|
|win|Nhatpia
|raw|raksbach's rating: 1167 → 1148(-19 for losing)
|raw|Nhatpia's rating: 1247 → 1266(+19 for winning)
