|j|☆zpoogi
|j|☆tastethekoalabear
|html|zpoogitastethekoalabear    
|uhtml|bestof|Game 1 of a best-of-3
|t:|1757692543
|gametype|doubles
|player|p1|zpoogi|az|1198
|player|p2|tastethekoalabear|101|1198
|gen|9
|tier|[Gen 9] VGC 2025 Reg H (Bo3)
|rated|
|rule|Species Clause: Limit one of each Pokémon
|rule|Item Clause: Limit 1 of each item
|clearpoke
|poke|p1|Chesnaught, L50, F|
|poke|p1|Indeedee, L50, M|
|poke|p1|Sneasler, L50, F|
|poke|p1|Jumpluff, L50, F|
|poke|p1|Charizard, L50, F|
|poke|p1|Torkoal, L50, M|
|poke|p2|Tyranitar, L50, M|
|poke|p2|Excadrill, L50, F|
|poke|p2|Annihilape, L50, F|
|poke|p2|Corviknight, L50, M|
|poke|p2|Volcarona, L50, F|
|poke|p2|Sneasler, L50, F|
|teampreview|4
|showteam|p1|Chesnaught||PsychicSeed|Bulletproof|BulkUp,KnockOff,BodyPress,Synthesis|||F|||50|,,,,,Dragon]Indeedee||ChoiceScarf|PsychicSurge|ExpandingForce,TeraBlast,Trick,Protect|||M|||50|,,,,,Psychic]Sneasler||WhiteHerb|Unburden|CloseCombat,DireClaw,FakeOut,Coaching|||F|||50|,,,,,Stellar]Jumpluff||CovertCloak|Chlorophyll|Tailwind,SleepPowder,RagePowder,SunnyDay|||F|||50|,,,,,Ghost]Charizard||ChoiceSpecs|SolarPower|WeatherBall,HeatWave,DragonPulse,AirSlash|||F|||50|,,,,,Ghost]Torkoal||EjectPack|Drought|Overheat,HelpingHand,WeatherBall,Protect|||M|||50|,,,,,Fire
|showteam|p2|Tyranitar||AssaultVest|SandStream|KnockOff,RockSlide,TeraBlast,LowKick|||M|||50|,,,,,Flying]Excadrill||FocusSash|SandRush|IronHead,HighHorsepower,Earthquake,Protect|||F|||50|,,,,,Stellar]Annihilape||SafetyGoggles|Defiant|BulkUp,RageFist,DrainPunch,Taunt|||F|||50|,,,,,Water]Corviknight||Leftovers|MirrorArmor|BraveBird,BulkUp,Roost,Tailwind|||M|||50|,,,,,Dragon]Volcarona||SitrusBerry|FlameBody|StruggleBug,GigaDrain,FieryDance,RagePowder|||F|||50|,,,,,Grass]Sneasler||WhiteHerb|Unburden|Protect,CloseCombat,DireClaw,ThroatChop|||F|||50|,,,,,Dark
|
|t:|1757692586
|teamsize|p1|4
|teamsize|p2|4
|start
|switch|p1a: Chesnaught|Chesnaught, L50, F|100/100
|switch|p1b: Indeedee|Indeedee, L50, M|100/100
|switch|p2a: So Shiny!|Corviknight, L50, M|100/100
|switch|p2b: all my apes|Annihilape, L50, F|100/100
|-fieldstart|move: Psychic Terrain|[from] ability: Psychic Surge|[of] p1b: Indeedee
|-enditem|p1a: Chesnaught|Psychic Seed
|-boost|p1a: Chesnaught|spd|1|[from] item: Psychic Seed
|turn|1
|
|t:|1757692600
|switch|p2b: susiezilla|Tyranitar, L50, M|100/100
|-weather|Sandstorm|[from] ability: Sand Stream|[of] p2b: susiezilla
|-terastallize|p1a: Chesnaught|Dragon
|move|p1b: Indeedee|Expanding Force|p2b: susiezilla|[spread] p2a
|-immune|p2b: susiezilla
|-resisted|p2a: So Shiny!
|-damage|p2a: So Shiny!|79/100
|move|p2a: So Shiny!|Tailwind|p2a: So Shiny!
|-sidestart|p2: tastethekoalabear|move: Tailwind
|move|p1a: Chesnaught|Bulk Up|p1a: Chesnaught
|-boost|p1a: Chesnaught|atk|1
|-boost|p1a: Chesnaught|def|1
|
|-weather|Sandstorm|[upkeep]
|-damage|p1b: Indeedee|95/100|[from] Sandstorm
|-damage|p1a: Chesnaught|94/100|[from] Sandstorm
|-heal|p2a: So Shiny!|85/100|[from] item: Leftovers
|upkeep
|turn|2
|
|t:|1757692621
|switch|p1b: Torkoal|Torkoal, L50, M|100/100
|-weather|SunnyDay|[from] ability: Drought|[of] p1b: Torkoal
|move|p2a: So Shiny!|Bulk Up|p2a: So Shiny!
|-boost|p2a: So Shiny!|atk|1
|-boost|p2a: So Shiny!|def|1
|move|p2b: susiezilla|Knock Off|p1b: Torkoal
|-damage|p1b: Torkoal|63/100
|-enditem|p1b: Torkoal|Eject Pack|[from] move: Knock Off|[of] p2b: susiezilla
|move|p1a: Chesnaught|Bulk Up|p1a: Chesnaught
|-boost|p1a: Chesnaught|atk|1
|-boost|p1a: Chesnaught|def|1
|
|-weather|SunnyDay|[upkeep]
|-heal|p2a: So Shiny!|91/100|[from] item: Leftovers
|upkeep
|turn|3
|
|t:|1757692646
|switch|p1b: Sneasler|Sneasler, L50, F|100/100
|-terastallize|p2a: So Shiny!|Dragon
|move|p2a: So Shiny!|Bulk Up|p2a: So Shiny!
|-boost|p2a: So Shiny!|atk|1
|-boost|p2a: So Shiny!|def|1
|move|p2b: susiezilla|Rock Slide|p1a: Chesnaught|[spread] p1b
|-miss|p2b: susiezilla|p1a: Chesnaught
|-resisted|p1b: Sneasler
|-damage|p1b: Sneasler|73/100
|move|p1a: Chesnaught|Body Press|p2a: So Shiny!
|-damage|p2a: So Shiny!|62/100
|
|-weather|SunnyDay|[upkeep]
|-heal|p2a: So Shiny!|68/100|[from] item: Leftovers
|upkeep
|turn|4
|
|t:|1757692689
|switch|p2b: all my apes|Annihilape, L50, F|100/100
|move|p2a: So Shiny!|Roost|p2a: So Shiny!
|-heal|p2a: So Shiny!|100/100
|move|p1b: Sneasler|Dire Claw|p2a: So Shiny!
|-damage|p2a: So Shiny!|83/100
|move|p1a: Chesnaught|Bulk Up|p1a: Chesnaught
|-boost|p1a: Chesnaught|atk|1
|-boost|p1a: Chesnaught|def|1
|
|-weather|SunnyDay|[upkeep]
|-heal|p2a: So Shiny!|89/100|[from] item: Leftovers
|-sideend|p2: tastethekoalabear|move: Tailwind
|upkeep
|turn|5
|
|t:|1757692709
|move|p1b: Sneasler|Coaching|p1a: Chesnaught
|-boost|p1a: Chesnaught|atk|1
|-boost|p1a: Chesnaught|def|1
|move|p2b: all my apes|Taunt|p1a: Chesnaught
|-start|p1a: Chesnaught|move: Taunt
|move|p2a: So Shiny!|Tailwind|p2a: So Shiny!
|-sidestart|p2: tastethekoalabear|move: Tailwind
|move|p1a: Chesnaught|Knock Off|p2a: So Shiny!
|-damage|p2a: So Shiny!|54/100
|-enditem|p2a: So Shiny!|Leftovers|[from] move: Knock Off|[of] p1a: Chesnaught
|
|-weather|SunnyDay|[upkeep]
|-fieldend|move: Psychic Terrain
|upkeep
|turn|6
|
|t:|1757692729
|move|p2b: all my apes|Bulk Up|p2b: all my apes
|-boost|p2b: all my apes|atk|1
|-boost|p2b: all my apes|def|1
|move|p2a: So Shiny!|Brave Bird|p1b: Sneasler
|-supereffective|p1b: Sneasler
|-damage|p1b: Sneasler|0 fnt
|faint|p1b: Sneasler
|-damage|p2a: So Shiny!|35/100|[from] Recoil
|move|p1a: Chesnaught|Body Press|p2a: So Shiny!
|-crit|p2a: So Shiny!
|-damage|p2a: So Shiny!|0 fnt
|faint|p2a: So Shiny!
|
|-weather|none
|upkeep
|
|t:|1757692763
|switch|p1b: Torkoal|Torkoal, L50, M|63/100
|switch|p2a: susiezilla|Tyranitar, L50, M|100/100
|-weather|Sandstorm|[from] ability: Sand Stream|[of] p2a: susiezilla
|-weather|SunnyDay|[from] ability: Drought|[of] p1b: Torkoal
|turn|7
|inactive|Battle timer is ON: inactive players will automatically lose when time's up. (requested by zpoogi)
|
|t:|1757692784
|switch|p2a: big drilla|Excadrill, L50, F|100/100
|move|p1b: Torkoal|Helping Hand|p1a: Chesnaught
|-singleturn|p1a: Chesnaught|Helping Hand|[of] p1b: Torkoal
|move|p2b: all my apes|Bulk Up|p2b: all my apes
|-boost|p2b: all my apes|atk|1
|-boost|p2b: all my apes|def|1
|move|p1a: Chesnaught|Knock Off|p2b: all my apes
|-damage|p2b: all my apes|40/100
|-enditem|p2b: all my apes|Safety Goggles|[from] move: Knock Off|[of] p1a: Chesnaught
|
|-weather|SunnyDay|[upkeep]
|-end|p1a: Chesnaught|move: Taunt
|upkeep
|turn|8
|
|t:|1757692803
|move|p1b: Torkoal|Protect|p1b: Torkoal
|-singleturn|p1b: Torkoal|Protect
|move|p2a: big drilla|High Horsepower|p1b: Torkoal
|-activate|p1b: Torkoal|move: Protect
|move|p2b: all my apes|Drain Punch|p1a: Chesnaught
|-damage|p1a: Chesnaught|76/100
|-heal|p2b: all my apes|49/100|[from] drain|[of] p1a: Chesnaught
|move|p1a: Chesnaught|Body Press|p2a: big drilla
|-supereffective|p2a: big drilla
|-enditem|p2a: big drilla|Focus Sash
|-damage|p2a: big drilla|1/100
|
|-weather|SunnyDay|[upkeep]
|-sideend|p2: tastethekoalabear|move: Tailwind
|upkeep
|turn|9
|
|t:|1757692822
|move|p2a: big drilla|High Horsepower|p1b: Torkoal
|-supereffective|p1b: Torkoal
|-crit|p1b: Torkoal
|-damage|p1b: Torkoal|0 fnt
|faint|p1b: Torkoal
|move|p2b: all my apes|Rage Fist|p1a: Chesnaught
|-damage|p1a: Chesnaught|50/100
|move|p1a: Chesnaught|Body Press|p2a: big drilla
|-supereffective|p2a: big drilla
|-damage|p2a: big drilla|0 fnt
|faint|p2a: big drilla
|
|-weather|SunnyDay|[upkeep]
|upkeep
|
|t:|1757692833
|switch|p2a: susiezilla|Tyranitar, L50, M|100/100
|switch|p1b: Indeedee|Indeedee, L50, M|95/100
|-fieldstart|move: Psychic Terrain|[from] ability: Psychic Surge|[of] p1b: Indeedee
|-weather|Sandstorm|[from] ability: Sand Stream|[of] p2a: susiezilla
|turn|10
|
|t:|1757692840
|move|p1b: Indeedee|Expanding Force|p2b: all my apes|[spread] p2b
|-immune|p2a: susiezilla
|-supereffective|p2b: all my apes
|-damage|p2b: all my apes|0 fnt
|faint|p2b: all my apes
|move|p1a: Chesnaught|Body Press|p2a: susiezilla
|-supereffective|p2a: susiezilla
|-damage|p2a: susiezilla|0 fnt
|faint|p2a: susiezilla
|
|win|zpoogi
||tastethekoalabear is ready for game 2.
||zpoogi is ready for game 2.
|uhtml|next|Next: Game 2 of 3
