|j|☆MangoldVGC
|j|☆GS Barnabe
|html|MangoldVGCGS Barnabe    
|uhtml|bestof|Game 1 of a best-of-3
|t:|1785695755
|gametype|doubles
|player|p1|MangoldVGC|ninjaboy|1139
|player|p2|GS Barnabe|barry|1183
|gen|9
|tier|[Gen 9 Champions] VGC 2026 Reg M-B (Bo3)
|rated|
|rule|Species Clause: Limit one of each Pokémon
|rule|Item Clause: Limit 1 of each item
|clearpoke
|poke|p1|Whimsicott, L50, F|
|poke|p1|Delphox, L50, F|
|poke|p1|Staraptor, L50, M|
|poke|p1|Garchomp, L50, F|
|poke|p1|Kingambit, L50, M|
|poke|p1|Vanilluxe, L50, M|
|poke|p2|Clefable, L50, M|
|poke|p2|Tyranitar, L50, F|
|poke|p2|Garchomp, L50, M|
|poke|p2|Gholdengo, L50|
|poke|p2|Rotom-Wash, L50|
|poke|p2|Aerodactyl, L50, F|
|teampreview|4
|showteam|p1|Whimsicott||FocusSash|Prankster|Moonblast,Tailwind,Charm,Encore|Timid||F|||50|]Delphox||Delphoxite|Blaze|Protect,HeatWave,Psychic,Substitute|Modest||F|||50|]Staraptor||Staraptite|Intimidate|Protect,BraveBird,CloseCombat,Roost|Jolly||M|||50|]Garchomp||LifeOrb|RoughSkin|Protect,Earthquake,DragonClaw,RockSlide|Jolly||F|||50|]Kingambit||ChopleBerry|Defiant|KowtowCleave,SuckerPunch,IronHead,LowKick|Adamant||M|||50|]Vanilluxe||ChoiceScarf|SnowWarning|Blizzard,FreezeDry,IcyWind,ChillingWater|Modest||M|||50|
|showteam|p2|Clefable||SitrusBerry|Unaware|Moonblast,HelpingHand,FollowMe,Protect|Bold||M|||50|]Tyranitar||ChoiceScarf|SandStream|RockSlide,KnockOff,IcePunch,Superpower|Jolly||F|||50|]Garchomp||Garchompite|SandVeil|DracoMeteor,EarthPower,PowerGem,Protect|Modest||M|||50|]Gholdengo||LifeOrb|GoodasGold|MakeItRain,ShadowBall,NastyPlot,Protect|Modest|||||50|]Rotom-Wash||Leftovers|Levitate|HydroPump,VoltSwitch,WillOWisp,Protect|Calm|||||50|]Aerodactyl||Aerodactylite|RockHead|RockSlide,DualWingbeat,Tailwind,Protect|Jolly||F|||50|
|inactive|Battle timer is ON: inactive players will automatically lose when time's up. (requested by MangoldVGC)
|inactive|MangoldVGC has 60 seconds left.
|
|t:|1785695831
|teamsize|p1|4
|teamsize|p2|4
|start
|switch|p1a: Whimsicott|Whimsicott, L50, F|100/100
|switch|p1b: Staraptor|Staraptor, L50, M|100/100
|switch|p2a: Garchomp|Garchomp, L50, M|100/100
|switch|p2b: Clefable|Clefable, L50, M|100/100
|-ability|p1b: Staraptor|Intimidate|boost
|-unboost|p2a: Garchomp|atk|1
|-unboost|p2b: Clefable|atk|1
|turn|1
|inactive|MangoldVGC has 30 seconds left.
|inactive|GS Barnabe has 30 seconds left.
|
|t:|1785695860
|detailschange|p1b: Staraptor|Staraptor-Mega, L50, M
|-mega|p1b: Staraptor|Staraptor|Staraptite
|detailschange|p2a: Garchomp|Garchomp-Mega, L50, M
|-mega|p2a: Garchomp|Garchomp|Garchompite
|move|p2b: Clefable|Helping Hand|p2a: Garchomp
|-singleturn|p2a: Garchomp|Helping Hand|[of] p2b: Clefable
|move|p1a: Whimsicott|Charm|p1b: Staraptor
|-boost|p1b: Staraptor|atk|2
|move|p1b: Staraptor|Close Combat|p2b: Clefable
|-resisted|p2b: Clefable|1
|-damage|p2b: Clefable|77/100
|-boost|p1b: Staraptor|def|1
|-boost|p1b: Staraptor|spd|1
|move|p2a: Garchomp|Power Gem|p1b: Staraptor
|-damage|p1b: Staraptor|68/100
|
|upkeep
|turn|2
|inactive|MangoldVGC has 30 seconds left.
|inactive|GS Barnabe has 30 seconds left.
|inactive|GS Barnabe has 20 seconds left.
|inactive|GS Barnabe has 15 seconds left.
|
|t:|1785695904
|move|p2a: Garchomp|Protect|p2a: Garchomp
|-singleturn|p2a: Garchomp|Protect
|move|p1a: Whimsicott|Charm|p2a: Garchomp
|-activate|p2a: Garchomp|move: Protect
|move|p1b: Staraptor|Close Combat|p2b: Clefable
|-resisted|p2b: Clefable|1
|-damage|p2b: Clefable|55/100
|-boost|p1b: Staraptor|def|1
|-boost|p1b: Staraptor|spd|1
|move|p2b: Clefable|Moonblast|p1b: Staraptor
|-supereffective|p1b: Staraptor|1
|-damage|p1b: Staraptor|9/100
|
|upkeep
|turn|3
|inactive|MangoldVGC has 30 seconds left.
|inactive|GS Barnabe has 30 seconds left.
|inactive|MangoldVGC has 20 seconds left.
|inactive|MangoldVGC has 15 seconds left.
|inactive|MangoldVGC has 10 seconds left.
|inactive|GS Barnabe has 20 seconds left.
|inactive|MangoldVGC has 5 seconds left.
|
|t:|1785695955
|move|p1b: Staraptor|Protect|p1b: Staraptor
|-singleturn|p1b: Staraptor|Protect
|move|p1a: Whimsicott|Encore|p2a: Garchomp
|-start|p2a: Garchomp|Encore
|move|p2a: Garchomp|Protect||[still]
|-fail|p2a: Garchomp
|move|p2b: Clefable|Moonblast|p1b: Staraptor
|-activate|p1b: Staraptor|move: Protect
|
|upkeep
|turn|4
|inactive|MangoldVGC has 30 seconds left.
|inactive|MangoldVGC has 20 seconds left.
|inactive|MangoldVGC has 15 seconds left.
|
|t:|1785696000
|switch|p2a: Gholdengo|Gholdengo, L50|100/100
|move|p1a: Whimsicott|Moonblast|p2b: Clefable
|-damage|p2b: Clefable|25/100
|-enditem|p2b: Clefable|Sitrus Berry|[eat]
|-heal|p2b: Clefable|50/100g|[from] item: Sitrus Berry
|move|p1b: Staraptor|Close Combat|p2b: Clefable
|-resisted|p2b: Clefable|1
|-damage|p2b: Clefable|26/100
|-boost|p1b: Staraptor|def|1
|-boost|p1b: Staraptor|spd|1
|move|p2b: Clefable|Moonblast|p1b: Staraptor
|-supereffective|p1b: Staraptor|1
|-damage|p1b: Staraptor|0 fnt
|faint|p1b: Staraptor
|
|upkeep
|
|t:|1785696022
|switch|p1b: Garchomp|Garchomp, L50, F|100/100
|turn|5
|
|t:|1785696041
|move|p1a: Whimsicott|Tailwind|p1a: Whimsicott
|-sidestart|p1: MangoldVGC|move: Tailwind
|move|p1b: Garchomp|Earthquake|p2a: Gholdengo|[spread] p1a,p2a,p2b
|-resisted|p1a: Whimsicott|1
|-supereffective|p2a: Gholdengo|1
|-damage|p1a: Whimsicott|62/100
|-damage|p2a: Gholdengo|17/100
|-damage|p2b: Clefable|0 fnt
|faint|p2b: Clefable
|-damage|p1b: Garchomp|90/100|[from] item: Life Orb
|move|p2a: Gholdengo|Make It Rain|p1b: Garchomp|[spread] p1a,p1b
|-supereffective|p1a: Whimsicott|1
|-damage|p1a: Whimsicott|0 fnt
|-damage|p1b: Garchomp|29/100
|-unboost|p2a: Gholdengo|spa|2
|faint|p1a: Whimsicott
|-damage|p2a: Gholdengo|7/100|[from] item: Life Orb
|
|upkeep
|
|t:|1785696064
|switch|p1a: Vanilluxe|Vanilluxe, L50, M|100/100
|switch|p2b: Garchomp|Garchomp-Mega, L50, M|100/100
|-weather|Snowscape|[from] ability: Snow Warning|[of] p1a: Vanilluxe
|turn|6
|
|t:|1785696088
|move|p2b: Garchomp|Protect|p2b: Garchomp
|-singleturn|p2b: Garchomp|Protect
|move|p2a: Gholdengo|Protect|p2a: Gholdengo
|-singleturn|p2a: Gholdengo|Protect
|move|p1a: Vanilluxe|Blizzard|p2a: Gholdengo|[spread] 
|-activate|p2a: Gholdengo|move: Protect
|-activate|p2b: Garchomp|move: Protect
|move|p1b: Garchomp|Dragon Claw|p2b: Garchomp
|-activate|p2b: Garchomp|move: Protect
|
|-weather|Snowscape|[upkeep]
|upkeep
|turn|7
|inactive|GS Barnabe has 30 seconds left.
|inactive|GS Barnabe has 20 seconds left.
|inactive|GS Barnabe has 15 seconds left.
|
|t:|1785696128
|switch|p2a: Tyranitar|Tyranitar, L50, F|100/100
|-weather|Sandstorm|[from] ability: Sand Stream|[of] p2a: Tyranitar
|move|p1a: Vanilluxe|Blizzard|p2b: Garchomp|[spread] 
|-miss|p1a: Vanilluxe|p2a: Tyranitar
|-miss|p1a: Vanilluxe|p2b: Garchomp
|move|p1b: Garchomp|Dragon Claw|p2b: Garchomp
|-supereffective|p2b: Garchomp|1
|-damage|p2b: Garchomp|9/100
|-damage|p1b: Garchomp|19/100|[from] item: Life Orb
|move|p2b: Garchomp|Power Gem|p1b: Garchomp
|-resisted|p1b: Garchomp|1
|-damage|p1b: Garchomp|0 fnt
|faint|p1b: Garchomp
|
|-weather|Sandstorm|[upkeep]
|-damage|p1a: Vanilluxe|93/100|[from] Sandstorm
|upkeep
|turn|8
|
|t:|1785696152
|move|p2b: Garchomp|Protect|p2b: Garchomp
|-singleturn|p2b: Garchomp|Protect
|move|p1a: Vanilluxe|Blizzard|p2b: Garchomp|[spread] 
|-activate|p2b: Garchomp|move: Protect
|-miss|p1a: Vanilluxe|p2a: Tyranitar
|move|p2a: Tyranitar|Rock Slide|p1a: Vanilluxe
|-supereffective|p1a: Vanilluxe|1
|-damage|p1a: Vanilluxe|1/100
|
|-weather|Sandstorm|[upkeep]
|-damage|p1a: Vanilluxe|0 fnt|[from] Sandstorm
|faint|p1a: Vanilluxe
|
|win|GS Barnabe
