|j|☆rogerthaAlien
|j|☆PursatiEvol
|html|rogerthaAlienPursatiEvol    
|uhtml|bestof|Game 1 of a best-of-3
|t:|1757712863
|gametype|doubles
|player|p1|rogerthaAlien|blaine|1285
|player|p2|PursatiEvol|101|1355
|gen|9
|tier|[Gen 9] VGC 2025 Reg H (Bo3)
|rated|
|rule|Species Clause: Limit one of each Pokémon
|rule|Item Clause: Limit 1 of each item
|clearpoke
|poke|p1|Porygon2, L50|
|poke|p1|Ursaluna, L50, M|
|poke|p1|Incineroar, L50, F|
|poke|p1|Amoonguss, L50, M|
|poke|p1|Flamigo, L50, F|
|poke|p1|Gholdengo, L50|
|poke|p2|Dragonite, L50, F|
|poke|p2|Ursaluna-Bloodmoon, L50, M|
|poke|p2|Amoonguss, L50, F|
|poke|p2|Sneasler, L50, F|
|poke|p2|Incineroar, L50, F|
|poke|p2|Gholdengo, L50|
|teampreview|4
|showteam|p1|Porygon2||Eviolite|Download|TeraBlast,TrickRoom,Recover,IceBeam||||||50|,,,,,Fighting]Ursaluna||FlameOrb|Guts|HeadlongRush,Facade,Protect,Earthquake|||M|||50|,,,,,Ground]Incineroar||SafetyGoggles|Intimidate|FakeOut,KnockOff,FlareBlitz,PartingShot|||F|||50|,,,,,Ghost]Amoonguss||SitrusBerry|Regenerator|Spore,RagePowder,Protect,ClearSmog|||M|||50|,,,,,Water]Flamigo||FocusSash|Scrappy|BraveBird,CloseCombat,Protect,Tailwind|||F|||50|,,,,,Ghost]Gholdengo||LifeOrb|GoodasGold|MakeItRain,ShadowBall,Protect,NastyPlot||||||50|,,,,,Steel
|showteam|p2|Dragonite||LoadedDice|Multiscale|ScaleShot,ExtremeSpeed,Haze,Tailwind|||F|||50|,,,,,Fairy]Ursaluna-Bloodmoon||AssaultVest|MindsEye|HyperVoice,BloodMoon,EarthPower,VacuumWave|||M|||50|,,,,,Normal]Amoonguss||SitrusBerry|Regenerator|Spore,RagePowder,SludgeBomb,Protect|||F|||50|,,,,,Water]Sneasler||FocusSash|PoisonTouch|FakeOut,CloseCombat,DireClaw,Protect|||F|||50|,,,,,Stellar]Incineroar||SafetyGoggles|Intimidate|FakeOut,FlareBlitz,KnockOff,PartingShot|||F|||50|,,,,,Ghost]Gholdengo||LifeOrb|GoodasGold|MakeItRain,ShadowBall,NastyPlot,Protect||||||50|,,,,,Steel
|inactive|Battle timer is ON: inactive players will automatically lose when time's up. (requested by rogerthaAlien)
|
|t:|1757712920
|teamsize|p1|4
|teamsize|p2|4
|start
|switch|p1a: Incineroar|Incineroar, L50, F|100/100
|switch|p1b: Porygon2|Porygon2, L50|100/100
|switch|p2a: Gholdengo|Gholdengo, L50|100/100
|switch|p2b: Incineroar|Incineroar, L50, F|100/100
|-ability|p2b: Incineroar|Intimidate|boost
|-unboost|p1a: Incineroar|atk|1
|-unboost|p1b: Porygon2|atk|1
|-ability|p1a: Incineroar|Intimidate|boost
|-unboost|p2a: Gholdengo|atk|1
|-unboost|p2b: Incineroar|atk|1
|-ability|p1b: Porygon2|Download|boost
|-boost|p1b: Porygon2|atk|1
|turn|1
|inactive|rogerthaAlien has 30 seconds left.
|inactive|PursatiEvol has 30 seconds left.
|inactive|rogerthaAlien has 20 seconds left.
|inactive|PursatiEvol has 20 seconds left.
|inactive|PursatiEvol has 15 seconds left.
|inactive|PursatiEvol has 10 seconds left.
|inactive|PursatiEvol has 5 seconds left.
|
|t:|1757712971
|-terastallize|p2a: Gholdengo|Steel
|move|p2b: Incineroar|Fake Out|p1b: Porygon2
|-damage|p1b: Porygon2|94/100
|move|p2a: Gholdengo|Nasty Plot|p2a: Gholdengo
|-boost|p2a: Gholdengo|spa|2
|move|p1a: Incineroar|Knock Off|p2a: Gholdengo
|-damage|p2a: Gholdengo|72/100
|-enditem|p2a: Gholdengo|Life Orb|[from] move: Knock Off|[of] p1a: Incineroar
|cant|p1b: Porygon2|flinch
|
|upkeep
|turn|2
|inactive|PursatiEvol has 30 seconds left.
|
|t:|1757713000
|-terastallize|p1b: Porygon2|Fighting
|move|p2a: Gholdengo|Make It Rain|p1a: Incineroar|[spread] p1a,p1b
|-resisted|p1a: Incineroar
|-damage|p1a: Incineroar|54/100
|-damage|p1b: Porygon2|34/100
|-unboost|p2a: Gholdengo|spa|1
|move|p2b: Incineroar|Parting Shot|p1a: Incineroar
|-unboost|p1a: Incineroar|atk|1
|-unboost|p1a: Incineroar|spa|1
|
|t:|1757713009
|switch|p2b: Amoonguss|Amoonguss, L50, F|100/100|[from] Parting Shot
|move|p1a: Incineroar|Flare Blitz|p2a: Gholdengo
|-supereffective|p2a: Gholdengo
|-damage|p2a: Gholdengo|21/100
|-status|p2a: Gholdengo|brn
|-damage|p1a: Incineroar|40/100|[from] Recoil
|move|p1b: Porygon2|Trick Room|p1b: Porygon2
|-fieldstart|move: Trick Room|[of] p1b: Porygon2
|
|-damage|p2a: Gholdengo|14/100 brn|[from] brn
|upkeep
|turn|3
|inactive|PursatiEvol has 30 seconds left.
|
|t:|1757713041
|switch|p1b: Amoonguss|Amoonguss, L50, M|100/100
|move|p2a: Gholdengo|Protect|p2a: Gholdengo
|-singleturn|p2a: Gholdengo|Protect
|move|p2b: Amoonguss|Spore|p1b: Amoonguss
|-immune|p1b: Amoonguss
|move|p1a: Incineroar|Parting Shot|p2b: Amoonguss
|-unboost|p2b: Amoonguss|atk|1
|-unboost|p2b: Amoonguss|spa|1
|
|t:|1757713051
|switch|p1a: Ursaluna|Ursaluna, L50, M|100/100|[from] Parting Shot
|
|-damage|p2a: Gholdengo|8/100 brn|[from] brn
|-status|p1a: Ursaluna|brn|[from] item: Flame Orb
|upkeep
|turn|4
|inactive|PursatiEvol has 30 seconds left.
|inactive|PursatiEvol has 20 seconds left.
|inactive|PursatiEvol has 15 seconds left.
|inactive|PursatiEvol has 10 seconds left.
|
|t:|1757713100
|switch|p2a: Incineroar|Incineroar, L50, F|100/100
|-ability|p2a: Incineroar|Intimidate|boost
|-unboost|p1a: Ursaluna|atk|1
|-unboost|p1b: Amoonguss|atk|1
|move|p1b: Amoonguss|Protect|p1b: Amoonguss
|-singleturn|p1b: Amoonguss|Protect
|move|p1a: Ursaluna|Earthquake|p2b: Amoonguss|[spread] p2a,p2b
|-activate|p1b: Amoonguss|move: Protect
|-supereffective|p2a: Incineroar
|-damage|p2a: Incineroar|5/100
|-damage|p2b: Amoonguss|64/100
|move|p2b: Amoonguss|Sludge Bomb|p1a: Ursaluna
|-resisted|p1a: Ursaluna
|-damage|p1a: Ursaluna|93/100 brn
|
|-damage|p1a: Ursaluna|87/100 brn|[from] brn
|upkeep
|turn|5
|inactive|PursatiEvol has 30 seconds left.
|
|t:|1757713133
|switch|p2b: Ursaluna|Ursaluna-Bloodmoon, L50, M|100/100
|move|p2a: Incineroar|Fake Out|p1a: Ursaluna
|-damage|p1a: Ursaluna|76/100 brn
|cant|p1a: Ursaluna|flinch
|move|p1b: Amoonguss|Clear Smog|p2a: Incineroar
|-damage|p2a: Incineroar|0 fnt
|-clearboost|p2a: Incineroar
|faint|p2a: Incineroar
|
|-damage|p1a: Ursaluna|70/100 brn|[from] brn
|upkeep
|
|t:|1757713153
|switch|p2a: Amoonguss|Amoonguss, L50, F|97/100
|turn|6
|inactive|PursatiEvol has 30 seconds left.
|
|t:|1757713187
|switch|p2b: Gholdengo|Gholdengo, L50, tera:Steel|8/100 brn
|move|p1a: Ursaluna|Facade|p2a: Amoonguss
|-damage|p2a: Amoonguss|25/100
|-enditem|p2a: Amoonguss|Sitrus Berry|[eat]
|-heal|p2a: Amoonguss|50/100|[from] item: Sitrus Berry
|move|p1b: Amoonguss|Spore|p2b: Gholdengo
|-immune|p2b: Gholdengo|[from] ability: Good as Gold
|move|p2a: Amoonguss|Sludge Bomb|p1a: Ursaluna
|-resisted|p1a: Ursaluna
|-damage|p1a: Ursaluna|57/100 brn
|
|-damage|p1a: Ursaluna|52/100 brn|[from] brn
|-damage|p2b: Gholdengo|2/100 brn|[from] brn
|-fieldend|move: Trick Room
|upkeep
|turn|7
|inactive|PursatiEvol has 30 seconds left.
|
|t:|1757713214
|switch|p2a: Ursaluna|Ursaluna-Bloodmoon, L50, M|100/100
|move|p1a: Ursaluna|Protect|p1a: Ursaluna
|-singleturn|p1a: Ursaluna|Protect
|move|p2b: Gholdengo|Make It Rain|p1b: Amoonguss|[spread] p1b
|-activate|p1a: Ursaluna|move: Protect
|-damage|p1b: Amoonguss|58/100
|-unboost|p2b: Gholdengo|spa|1
|move|p1b: Amoonguss|Spore|p2a: Ursaluna
|-status|p2a: Ursaluna|slp|[from] move: Spore
|
|-damage|p2b: Gholdengo|0 fnt|[from] brn
|faint|p2b: Gholdengo
|-damage|p1a: Ursaluna|46/100 brn|[from] brn
|upkeep
|
|t:|1757713228
|switch|p2b: Amoonguss|Amoonguss, L50, F|83/100
|turn|8
|inactive|PursatiEvol has 30 seconds left.
|
|t:|1757713256
|switch|p1b: Incineroar|Incineroar, L50, F|40/100
|-ability|p1b: Incineroar|Intimidate|boost
|-unboost|p2a: Ursaluna|atk|1
|-unboost|p2b: Amoonguss|atk|1
|cant|p2a: Ursaluna|slp
|move|p2b: Amoonguss|Sludge Bomb|p1a: Ursaluna
|-resisted|p1a: Ursaluna
|-damage|p1a: Ursaluna|33/100 brn
|move|p1a: Ursaluna|Facade|p2a: Ursaluna
|-damage|p2a: Ursaluna|36/100 slp
|
|-damage|p1a: Ursaluna|27/100 brn|[from] brn
|upkeep
|turn|9
|
|t:|1757713274
|move|p1b: Incineroar|Fake Out|p2a: Ursaluna
|-damage|p2a: Ursaluna|27/100 slp
|move|p2b: Amoonguss|Rage Powder|p2b: Amoonguss
|-singleturn|p2b: Amoonguss|move: Rage Powder
|cant|p2a: Ursaluna|slp
|move|p1a: Ursaluna|Facade|p2b: Amoonguss
|-crit|p2b: Amoonguss
|-damage|p2b: Amoonguss|0 fnt
|faint|p2b: Amoonguss
|
|-damage|p1a: Ursaluna|21/100 brn|[from] brn
|upkeep
|turn|10
|
|t:|1757713288
|move|p1b: Incineroar|Flare Blitz|p2a: Ursaluna
|-damage|p2a: Ursaluna|0 fnt
|faint|p2a: Ursaluna
|-damage|p1b: Incineroar|31/100|[from] Recoil
|
|win|rogerthaAlien
||PursatiEvol is ready for game 2.
||rogerthaAlien is ready for game 2.
|uhtml|next|Next: Game 2 of 3
|l|☆rogerthaAlien
|player|p1|
