|j|☆huatuankhoa
|j|☆chocokoala vgc
|html|huatuankhoachocokoala vgc    
|uhtml|bestof|Game 2 of a best-of-3
|t:|1784725618
|gametype|doubles
|player|p1|huatuankhoa|n|1117
|player|p2|chocokoala vgc|benga|1191
|gen|9
|tier|[Gen 9 Champions] VGC 2026 Reg M-B (Bo3)
|rated|
|rule|Species Clause: Limit one of each Pokémon
|rule|Item Clause: Limit 1 of each item
|clearpoke
|poke|p1|Sceptile, L50, F|
|poke|p1|Rotom-Heat, L50|
|poke|p1|Clefable, L50, M|
|poke|p1|Basculegion, L50, M|
|poke|p1|Aerodactyl, L50, M|
|poke|p1|Kingambit, L50, M|
|poke|p2|Scovillain, L50, M|
|poke|p2|Primarina, L50, M|
|poke|p2|Aerodactyl, L50, F|
|poke|p2|Garchomp, L50, M|
|poke|p2|Gholdengo, L50|
|poke|p2|Grimmsnarl, L50, M|
|teampreview|4
|showteam|p1|Sceptile||Sceptilite|Overgrow|EnergyBall,EarthPower,DragonPulse,Detect|Modest||F|||50|]Rotom-Heat||ChoiceScarf|Levitate|Discharge,Overheat,VoltSwitch,Trick|Timid|||||50|]Clefable||SitrusBerry|Unaware|Moonblast,FollowMe,HelpingHand,Protect|Bold||M|||50|]Basculegion||LifeOrb|Adaptability|LastRespects,AquaJet,WaveCrash,Protect|Jolly||M|||50|]Aerodactyl||FocusSash|Unnerve|RockSlide,Tailwind,DualWingbeat,Protect|Jolly||M|||50|]Kingambit||ChopleBerry|Defiant|KowtowCleave,IronHead,SuckerPunch,LowKick|Adamant||M|||50|
|showteam|p2|Scovillain||Scovillainite|Moody|Flamethrower,GigaDrain,Protect,RagePowder|Bold||M|||50|]Primarina||Leftovers|LiquidVoice|HyperVoice,Moonblast,Protect,CalmMind|Modest||M|||50|]Aerodactyl||Aerodactylite|Unnerve|RockSlide,DualWingbeat,Protect,Tailwind|Jolly||F|||50|]Garchomp||SoftSand|RoughSkin|Earthquake,StompingTantrum,Protect,DragonClaw|Jolly||M|||50|]Gholdengo||LifeOrb|GoodasGold|MakeItRain,ShadowBall,Protect,NastyPlot|Modest|||||50|]Grimmsnarl||LightClay|Prankster|LightScreen,Reflect,PartingShot,SpiritBreak|Sassy||M|||50|
|inactive|Battle timer is ON: inactive players will automatically lose when time's up. (requested by chocokoala vgc)
|
|t:|1784725637
|teamsize|p1|4
|teamsize|p2|4
|start
|switch|p1a: Rotom|Rotom-Heat, L50|100/100
|switch|p1b: Sceptile|Sceptile, L50, F|100/100
|switch|p2a: Aerodactyl|Aerodactyl, L50, F|100/100
|switch|p2b: Garchomp|Garchomp, L50, M|100/100
|-ability|p2a: Aerodactyl|Unnerve
|turn|1
|
|t:|1784725644
|detailschange|p2a: Aerodactyl|Aerodactyl-Mega, L50, F
|-mega|p2a: Aerodactyl|Aerodactyl|Aerodactylite
|detailschange|p1b: Sceptile|Sceptile-Mega, L50, F
|-mega|p1b: Sceptile|Sceptile|Sceptilite
|move|p2b: Garchomp|Protect|p2b: Garchomp
|-singleturn|p2b: Garchomp|Protect
|move|p1a: Rotom|Discharge|p2b: Garchomp|[spread] p2a
|-activate|p2b: Garchomp|move: Protect
|-ability|p1b: Sceptile|Lightning Rod|boost
|-boost|p1b: Sceptile|spa|1
|-supereffective|p2a: Aerodactyl|1
|-damage|p2a: Aerodactyl|41/100
|-status|p2a: Aerodactyl|par
|move|p1b: Sceptile|Energy Ball|p2a: Aerodactyl
|-damage|p2a: Aerodactyl|0 fnt
|faint|p2a: Aerodactyl
|
|upkeep
|
|t:|1784725663
|switch|p2a: Gholdengo|Gholdengo, L50|100/100
|turn|2
|inactive|huatuankhoa has 30 seconds left.
|
|t:|1784725695
|switch|p2b: Primarina|Primarina, L50, M|100/100
|move|p1b: Sceptile|Detect|p1b: Sceptile
|-singleturn|p1b: Sceptile|Protect
|move|p1a: Rotom|Discharge|p2b: Primarina|[spread] p2a,p2b
|-activate|p1b: Sceptile|move: Protect
|-supereffective|p2b: Primarina|1
|-damage|p2a: Gholdengo|71/100
|-damage|p2b: Primarina|53/100
|-status|p2a: Gholdengo|par
|cant|p2a: Gholdengo|par
|
|-heal|p2b: Primarina|59/100|[from] item: Leftovers
|upkeep
|turn|3
|
|t:|1784725711
|move|p2a: Gholdengo|Protect|p2a: Gholdengo
|-singleturn|p2a: Gholdengo|Protect
|move|p1a: Rotom|Discharge|p2b: Primarina|[spread] p2b
|-activate|p2a: Gholdengo|move: Protect
|-ability|p1b: Sceptile|Lightning Rod|boost
|-boost|p1b: Sceptile|spa|1
|-supereffective|p2b: Primarina|1
|-damage|p2b: Primarina|13/100
|move|p1b: Sceptile|Earth Power|p2a: Gholdengo
|-activate|p2a: Gholdengo|move: Protect
|move|p2b: Primarina|Moonblast|p1b: Sceptile
|-supereffective|p1b: Sceptile|1
|-damage|p1b: Sceptile|0 fnt
|faint|p1b: Sceptile
|
|-heal|p2b: Primarina|19/100|[from] item: Leftovers
|upkeep
|
|t:|1784725724
|switch|p1b: Clefable|Clefable, L50, M|100/100
|turn|4
|
|t:|1784725733
|switch|p2b: Garchomp|Garchomp, L50, M|100/100
|move|p1b: Clefable|Helping Hand|p1a: Rotom
|-singleturn|p1a: Rotom|Helping Hand|[of] p1b: Clefable
|move|p1a: Rotom|Discharge|p2a: Gholdengo|[spread] p1b,p2a
|-immune|p2b: Garchomp
|-damage|p1b: Clefable|63/100
|-damage|p2a: Gholdengo|27/100 par
|-status|p1b: Clefable|par
|move|p2a: Gholdengo|Make It Rain|p1a: Rotom|[spread] p1a,p1b
|-resisted|p1a: Rotom|2
|-supereffective|p1b: Clefable|1
|-damage|p1a: Rotom|76/100
|-damage|p1b: Clefable|0 fnt
|-unboost|p2a: Gholdengo|spa|2
|faint|p1b: Clefable
|-damage|p2a: Gholdengo|17/100 par|[from] item: Life Orb
|
|upkeep
|
|t:|1784725747
|switch|p1b: Basculegion|Basculegion, L50, M|100/100
|turn|5
|
|t:|1784725754
|move|p2b: Garchomp|Protect|p2b: Garchomp
|-singleturn|p2b: Garchomp|Protect
|move|p1b: Basculegion|Protect|p1b: Basculegion
|-singleturn|p1b: Basculegion|Protect
|move|p2a: Gholdengo|Protect|p2a: Gholdengo
|-singleturn|p2a: Gholdengo|Protect
|move|p1a: Rotom|Discharge|p2b: Garchomp|[spread] 
|-activate|p1b: Basculegion|move: Protect
|-activate|p2a: Gholdengo|move: Protect
|-activate|p2b: Garchomp|move: Protect
|
|upkeep
|turn|6
|
|t:|1784725767
|switch|p2b: Primarina|Primarina, L50, M|19/100
|move|p1a: Rotom|Discharge|p2b: Primarina|[spread] p1b,p2a,p2b
|-supereffective|p1b: Basculegion|1
|-supereffective|p2b: Primarina|1
|-damage|p1b: Basculegion|32/100
|-damage|p2a: Gholdengo|0 fnt
|-damage|p2b: Primarina|0 fnt
|faint|p2a: Gholdengo
|faint|p2b: Primarina
|move|p1b: Basculegion|Wave Crash|p2: Gholdengo|[notarget]
|-fail|p1b: Basculegion
|
|upkeep
|
|t:|1784725777
|switch|p2b: Garchomp|Garchomp, L50, M|100/100
|turn|7
|
|t:|1784725784
|move|p1b: Basculegion|Aqua Jet|p2b: Garchomp
|-damage|p2b: Garchomp|63/100
|-damage|p1b: Basculegion|20/100y|[from] ability: Rough Skin|[of] p2b: Garchomp
|-damage|p1b: Basculegion|11/100|[from] item: Life Orb
|move|p1a: Rotom|Discharge|p2b: Garchomp|[spread] p1b
|-immune|p2b: Garchomp
|-supereffective|p1b: Basculegion|1
|-damage|p1b: Basculegion|0 fnt
|faint|p1b: Basculegion
|move|p2b: Garchomp|Earthquake|p1a: Rotom
|-immune|p1a: Rotom|[from] ability: Levitate
|
|upkeep
|turn|8
|-message|huatuankhoa forfeited.
|
|win|chocokoala vgc
|raw|huatuankhoa's rating: 1117 → 1097(-20 for losing)
|raw|chocokoala vgc's rating: 1191 → 1211(+20 for winning)
