|j|☆maish
|j|☆Recadeco
|html|maishRecadeco    
|uhtml|bestof|Game 2 of a best-of-3
|t:|1755853349
|gametype|doubles
|player|p1|maish|roxie|1248
|player|p2|Recadeco|lucas|1337
|gen|9
|tier|[Gen 9] VGC 2025 Reg H (Bo3)
|rated|
|rule|Species Clause: Limit one of each Pokémon
|rule|Item Clause: Limit 1 of each item
|clearpoke
|poke|p1|Charizard, L50, M|
|poke|p1|Torkoal, L50, M|
|poke|p1|Porygon2, L50|
|poke|p1|Incineroar, L50, F|
|poke|p1|Jumpluff, L50, M|
|poke|p1|Ursaluna, L50, F|
|poke|p2|Kingambit, L50, M|
|poke|p2|Maushold-Four, L50|
|poke|p2|Talonflame, L50, M|
|poke|p2|Primarina, L50, F|
|poke|p2|Rillaboom, L50, F|
|poke|p2|Gholdengo, L50|
|teampreview|4
|showteam|p1|Charizard||ChoiceSpecs|SolarPower|HeatWave,Overheat,WeatherBall,AirSlash|||M|||50|,,,,,Ghost]Torkoal||EjectPack|Drought|Eruption,Overheat,HelpingHand,Protect|||M|||50|,,,,,Fire]Porygon2||Eviolite|Download|TeraBlast,IceBeam,Recover,TrickRoom||||||50|,,,,,Fighting]Incineroar||SitrusBerry|Intimidate|FlareBlitz,KnockOff,FakeOut,PartingShot|||F|||50|,,,,,Ghost]Jumpluff||CovertCloak|Chlorophyll|SleepPowder,SunnyDay,RagePowder,Tailwind|||M|||50|,,,,,Water]Ursaluna||FlameOrb|Guts|HeadlongRush,Facade,Earthquake,Protect|||F|||50|,,,,,Ghost
|showteam|p2|Kingambit||BlackGlasses|Defiant|KowtowCleave,SuckerPunch,SwordsDance,Protect|||M|||50|,,,,,Dark]Maushold-Four||SafetyGoggles|FriendGuard|SuperFang,HelpingHand,FollowMe,Taunt||||||50|,,,,,Ghost]Talonflame||CovertCloak|GaleWings|BraveBird,FlareBlitz,WillOWisp,Tailwind|||M|||50|,,,,,Stellar]Primarina||LifeOrb|LiquidVoice|HyperVoice,Moonblast,Haze,Protect|||F|||50|,,,,,Poison]Rillaboom||AssaultVest|GrassySurge|WoodHammer,HighHorsepower,Uturn,FakeOut|||F|||50|,,,,,Fire]Gholdengo||ChoiceSpecs|GoodasGold|MakeItRain,ShadowBall,Thunderbolt,PowerGem||||||50|,,,,,Steel
|inactive|Battle timer is ON: inactive players will automatically lose when time's up. (requested by Recadeco)
|inactive|Recadeco has 60 seconds left.
|inactive|Recadeco has 30 seconds left.
|
|t:|1755853414
|teamsize|p1|4
|teamsize|p2|4
|start
|switch|p1a: Porygon2|Porygon2, L50|100/100
|switch|p1b: Incineroar|Incineroar, L50, F|100/100
|switch|p2a: Ariel|Primarina, L50, F|100/100
|switch|p2b: Tom y Jerry|Maushold-Four, L50|100/100
|-ability|p1b: Incineroar|Intimidate|boost
|-unboost|p2a: Ariel|atk|1
|-unboost|p2b: Tom y Jerry|atk|1
|-ability|p1a: Porygon2|Download|boost
|-boost|p1a: Porygon2|atk|1
|turn|1
|inactive|maish has 30 seconds left.
|
|t:|1755853443
|move|p1b: Incineroar|Fake Out|p2a: Ariel
|-crit|p2a: Ariel
|-damage|p2a: Ariel|85/100
|move|p2b: Tom y Jerry|Taunt|p1a: Porygon2
|-start|p1a: Porygon2|move: Taunt
|cant|p2a: Ariel|flinch
|cant|p1a: Porygon2|move: Taunt|Trick Room
|
|upkeep
|turn|2
|
|t:|1755853465
|-terastallize|p1a: Porygon2|Fighting
|move|p2b: Tom y Jerry|Super Fang|p1a: Porygon2
|-damage|p1a: Porygon2|50/100
|move|p1b: Incineroar|Knock Off|p2a: Ariel
|-resisted|p2a: Ariel
|-damage|p2a: Ariel|68/100
|-enditem|p2a: Ariel|Life Orb|[from] move: Knock Off|[of] p1b: Incineroar
|move|p2a: Ariel|Hyper Voice|p1b: Incineroar|[spread] p1a,p1b
|-supereffective|p1b: Incineroar
|-damage|p1a: Porygon2|27/100
|-damage|p1b: Incineroar|38/100
|-enditem|p1b: Incineroar|Sitrus Berry|[eat]
|-heal|p1b: Incineroar|63/100|[from] item: Sitrus Berry
|move|p1a: Porygon2|Tera Blast|p2b: Tom y Jerry|[anim] Tera Blast Fighting
|-supereffective|p2b: Tom y Jerry
|-damage|p2b: Tom y Jerry|0 fnt
|faint|p2b: Tom y Jerry
|
|upkeep
|inactive|Recadeco has 30 seconds left.
|inactive|Recadeco has 20 seconds left.
|inactive|Recadeco has 15 seconds left.
|
|t:|1755853510
|switch|p2b: Slifer|Talonflame, L50, M, shiny|100/100
|turn|3
|inactive|Recadeco has 30 seconds left.
|
|t:|1755853535
|switch|p1a: Torkoal|Torkoal, L50, M|100/100
|-weather|SunnyDay|[from] ability: Drought|[of] p1a: Torkoal
|move|p2b: Slifer|Tailwind|p2b: Slifer
|-sidestart|p2: Recadeco|move: Tailwind
|move|p2a: Ariel|Hyper Voice|p1b: Incineroar|[spread] p1a,p1b
|-supereffective|p1a: Torkoal
|-supereffective|p1b: Incineroar
|-damage|p1a: Torkoal|53/100
|-damage|p1b: Incineroar|29/100
|move|p1b: Incineroar|Parting Shot|p2a: Ariel
|-unboost|p2a: Ariel|atk|1
|-unboost|p2a: Ariel|spa|1
|
|t:|1755853550
|switch|p1b: Ursaluna|Ursaluna, L50, F|100/100|[from] Parting Shot
|
|-weather|SunnyDay|[upkeep]
|-status|p1b: Ursaluna|brn|[from] item: Flame Orb
|upkeep
|turn|4
|inactive|Recadeco has 30 seconds left.
|
|t:|1755853577
|move|p1b: Ursaluna|Protect|p1b: Ursaluna
|-singleturn|p1b: Ursaluna|Protect
|move|p2b: Slifer|Brave Bird|p1a: Torkoal
|-damage|p1a: Torkoal|20/100
|-damage|p2b: Slifer|88/100|[from] Recoil
|move|p2a: Ariel|Hyper Voice|p1a: Torkoal|[spread] p1a
|-activate|p1b: Ursaluna|move: Protect
|-supereffective|p1a: Torkoal
|-damage|p1a: Torkoal|0 fnt
|faint|p1a: Torkoal
|
|-weather|SunnyDay|[upkeep]
|-damage|p1b: Ursaluna|95/100 brn|[from] brn
|upkeep
|
|t:|1755853591
|switch|p1a: Incineroar|Incineroar, L50, F|29/100
|-ability|p1a: Incineroar|Intimidate|boost
|-unboost|p2a: Ariel|atk|1
|-unboost|p2b: Slifer|atk|1
|turn|5
|
|t:|1755853608
|move|p2a: Ariel|Protect|p2a: Ariel
|-singleturn|p2a: Ariel|Protect
|move|p1a: Incineroar|Fake Out|p2a: Ariel
|-activate|p2a: Ariel|move: Protect
|move|p2b: Slifer|Brave Bird|p1a: Incineroar
|-damage|p1a: Incineroar|0 fnt
|faint|p1a: Incineroar
|-damage|p2b: Slifer|76/100|[from] Recoil
|move|p1b: Ursaluna|Facade|p2b: Slifer
|-damage|p2b: Slifer|0 fnt
|faint|p2b: Slifer
|
|-weather|SunnyDay|[upkeep]
|-damage|p1b: Ursaluna|89/100 brn|[from] brn
|upkeep
|
|t:|1755853621
|switch|p2b: Shreder|Kingambit, L50, M, shiny|100/100
|switch|p1a: Porygon2|Porygon2, L50, tera:Fighting|27/100
|-ability|p1a: Porygon2|Download|boost
|-boost|p1a: Porygon2|spa|1
|turn|6
|
|t:|1755853637
|-terastallize|p2b: Shreder|Dark
|move|p1b: Ursaluna|Protect|p1b: Ursaluna
|-singleturn|p1b: Ursaluna|Protect
|move|p2a: Ariel|Moonblast|p1a: Porygon2
|-supereffective|p1a: Porygon2
|-damage|p1a: Porygon2|0 fnt
|faint|p1a: Porygon2
|move|p2b: Shreder|Kowtow Cleave|p1b: Ursaluna
|-activate|p1b: Ursaluna|move: Protect
|
|-weather|SunnyDay|[upkeep]
|-damage|p1b: Ursaluna|83/100 brn|[from] brn
|-sideend|p2: Recadeco|move: Tailwind
|upkeep
|turn|7
|
|t:|1755853655
|move|p2a: Ariel|Protect|p2a: Ariel
|-singleturn|p2a: Ariel|Protect
|move|p2b: Shreder|Protect|p2b: Shreder
|-singleturn|p2b: Shreder|Protect
|move|p1b: Ursaluna|Facade|p2b: Shreder
|-activate|p2b: Shreder|move: Protect
|
|-weather|none
|-damage|p1b: Ursaluna|77/100 brn|[from] brn
|upkeep
|turn|8
|
|t:|1755853668
|move|p2b: Shreder|Sucker Punch|p1b: Ursaluna
|-damage|p1b: Ursaluna|25/100 brn
|move|p2a: Ariel|Hyper Voice|p1b: Ursaluna
|-supereffective|p1b: Ursaluna
|-damage|p1b: Ursaluna|0 fnt
|faint|p1b: Ursaluna
|
|win|Recadeco
|raw|maish's rating: 1248 → 1229(-19 for losing)
|raw|Recadeco's rating: 1337 → 1352(+15 for winning)
