|j|☆squallo
|j|‽ADenOfThieves
|html|squalloADenOfThieves    
|uhtml|bestof|Game 3 of a best-of-3
|t:|1783574386
|gametype|doubles
|player|p1|squallo|266|1000
|player|p2|ADenOfThieves|flannery|1123
|gen|9
|tier|[Gen 9 Champions] VGC 2026 Reg M-B (Bo3)
|rated|
|rule|Species Clause: Limit one of each Pokémon
|rule|Item Clause: Limit 1 of each item
|clearpoke
|poke|p1|Staraptor, L50, M|
|poke|p1|Pelipper, L50, M|
|poke|p1|Aegislash, L50, M|
|poke|p1|Swampert, L50, M|
|poke|p1|Incineroar, L50, F|
|poke|p1|Ditto, L50|
|poke|p2|Scrafty, L50, F|
|poke|p2|Sylveon, L50, F|
|poke|p2|Gholdengo, L50|
|poke|p2|Pelipper, L50, F|
|poke|p2|Dragonite, L50, F|
|poke|p2|Sinistcha, L50|
|teampreview|4
|showteam|p1|Staraptor||Staraptite|Intimidate|CloseCombat,BraveBird,Uturn,Protect|Jolly||M|||50|]Pelipper||FocusSash|Drizzle|WideGuard,WeatherBall,Tailwind,Hurricane|Modest||M|||50|]Aegislash||Leftovers|StanceChange|KingsShield,SacredSword,Poltergeist,FlashCannon|Brave||M|||50|]Swampert||Swampertite|Damp|WaveCrash,Protect,IceBeam,Earthquake|Hasty||M|||50|]Incineroar||SitrusBerry|Intimidate|FakeOut,DarkestLariat,PartingShot,LowKick|Careful||F|||50|]Ditto||ChoiceScarf|Imposter|Transform|Bold|||||50|
|showteam|p2|Scrafty||Scraftinite|Intimidate|IcePunch,ThroatChop,SwordsDance,DrainPunch|Adamant||F|||50|]Sylveon||LifeOrb|Pixilate|HyperVoice,QuickAttack,HyperBeam,Protect|Mild||F|||50|]Gholdengo||WhiteHerb|GoodasGold|MakeItRain,Protect,ShadowBall,NastyPlot|Modest|||||50|]Pelipper||SitrusBerry|Drizzle|Tailwind,Hurricane,MuddyWater,WideGuard|Modest||F|||50|]Dragonite||Leftovers|Multiscale|RockSlide,Haze,Tailwind,HelpingHand|Adamant||F|||50|]Sinistcha||FocusSash|Hospitality|MatchaGotcha,TrickRoom,RagePowder,LifeDew|Modest|||||50|
|
|t:|1783574394
|teamsize|p1|4
|teamsize|p2|4
|start
|switch|p1a: Incineroar|Incineroar, L50, F|100/100
|switch|p1b: Swampert|Swampert, L50, M|100/100
|switch|p2a: Sylveon|Sylveon, L50, F|100/100
|switch|p2b: Dragonite|Dragonite, L50, F|100/100
|-ability|p1a: Incineroar|Intimidate|boost
|-unboost|p2a: Sylveon|atk|1
|-unboost|p2b: Dragonite|atk|1
|turn|1
|
|t:|1783574423
|move|p1a: Incineroar|Fake Out|p2b: Dragonite
|-damage|p2b: Dragonite|94/100
|move|p1b: Swampert|Ice Beam|p2b: Dragonite
|-supereffective|p2b: Dragonite|2
|-damage|p2b: Dragonite|27/100
|cant|p2b: Dragonite|flinch
|move|p2a: Sylveon|Hyper Voice|p1b: Swampert|[spread] p1a,p1b
|-damage|p1a: Incineroar|54/100
|-damage|p1b: Swampert|42/100
|-damage|p2a: Sylveon|90/100|[from] item: Life Orb
|
|-heal|p2b: Dragonite|33/100|[from] item: Leftovers
|upkeep
|turn|2
|
|t:|1783574439
|switch|p2b: Gholdengo|Gholdengo, L50|100/100
|move|p1b: Swampert|Protect|p1b: Swampert
|-singleturn|p1b: Swampert|Protect
|move|p2a: Sylveon|Hyper Voice|p1b: Swampert|[spread] p1a
|-activate|p1b: Swampert|move: Protect
|-damage|p1a: Incineroar|8/100
|-enditem|p1a: Incineroar|Sitrus Berry|[eat]
|-heal|p1a: Incineroar|33/100|[from] item: Sitrus Berry
|-damage|p2a: Sylveon|80/100|[from] item: Life Orb
|move|p1a: Incineroar|Parting Shot|p2a: Sylveon
|-unboost|p2a: Sylveon|atk|1
|-unboost|p2a: Sylveon|spa|1
|
|t:|1783574458
|switch|p1a: Pelipper|Pelipper, L50, M|100/100|[from] Parting Shot
|-weather|RainDance|[from] ability: Drizzle|[of] p1a: Pelipper
|
|-weather|RainDance|[upkeep]
|upkeep
|turn|3
|inactive|Battle timer is ON: inactive players will automatically lose when time's up. (requested by squallo)
|
|t:|1783574501
|detailschange|p1b: Swampert|Swampert-Mega, L50, M
|-mega|p1b: Swampert|Swampert|Swampertite
|move|p2a: Sylveon|Protect|p2a: Sylveon
|-singleturn|p2a: Sylveon|Protect
|move|p1a: Pelipper|Wide Guard|p1a: Pelipper
|-singleturn|p1a: Pelipper|Wide Guard
|move|p1b: Swampert|Earthquake|p2b: Gholdengo|[spread] p2b
|-activate|p1a: Pelipper|move: Wide Guard
|-activate|p2a: Sylveon|move: Protect
|-supereffective|p2b: Gholdengo|1
|-damage|p2b: Gholdengo|21/100
|move|p2b: Gholdengo|Nasty Plot|p2b: Gholdengo
|-boost|p2b: Gholdengo|spa|2
|
|-weather|RainDance|[upkeep]
|upkeep
|turn|4
|inactive|ADenOfThieves has 30 seconds left.
|
|t:|1783574534
|move|p2b: Gholdengo|Protect|p2b: Gholdengo
|-singleturn|p2b: Gholdengo|Protect
|move|p1b: Swampert|Earthquake|p2a: Sylveon|[spread] p2a
|-activate|p2b: Gholdengo|move: Protect
|-immune|p1a: Pelipper
|-damage|p2a: Sylveon|17/100
|move|p2a: Sylveon|Hyper Beam|p1b: Swampert
|-damage|p1b: Swampert|0 fnt
|-mustrecharge|p2a: Sylveon
|faint|p1b: Swampert
|-damage|p2a: Sylveon|7/100|[from] item: Life Orb
|move|p1a: Pelipper|Weather Ball|p2a: Sylveon
|-damage|p2a: Sylveon|0 fnt
|faint|p2a: Sylveon
|
|-weather|RainDance|[upkeep]
|upkeep
|
|t:|1783574554
|switch|p1b: Incineroar|Incineroar, L50, F|33/100
|switch|p2a: Sinistcha|Sinistcha, L50|100/100
|-ability|p1b: Incineroar|Intimidate|boost
|-unboost|p2a: Sinistcha|atk|1
|-unboost|p2b: Gholdengo|atk|1
|-enditem|p2b: Gholdengo|White Herb
|-clearnegativeboost|p2b: Gholdengo|[silent]
|-heal|p2b: Gholdengo|46/100|[from] ability: Hospitality|[of] p2a: Sinistcha
|turn|5
|inactive|ADenOfThieves has 30 seconds left.
|inactive|ADenOfThieves has 20 seconds left.
|
|t:|1783574590
|switch|p2a: Dragonite|Dragonite, L50, F|33/100
|move|p1a: Pelipper|Wide Guard|p1a: Pelipper
|-singleturn|p1a: Pelipper|Wide Guard
|move|p2b: Gholdengo|Shadow Ball|p1a: Pelipper
|-enditem|p1a: Pelipper|Focus Sash
|-damage|p1a: Pelipper|1/100
|move|p1b: Incineroar|Darkest Lariat|p2b: Gholdengo
|-supereffective|p2b: Gholdengo|1
|-damage|p2b: Gholdengo|0 fnt
|faint|p2b: Gholdengo
|
|-weather|RainDance|[upkeep]
|-heal|p2a: Dragonite|39/100|[from] item: Leftovers
|upkeep
|
|t:|1783574603
|switch|p2b: Sinistcha|Sinistcha, L50|100/100
|-heal|p2a: Dragonite|64/100|[from] ability: Hospitality|[of] p2b: Sinistcha
|turn|6
|
|t:|1783574628
|move|p2a: Dragonite|Rock Slide|p1b: Incineroar|[spread] p1a,p1b
|-supereffective|p1a: Pelipper|1
|-supereffective|p1b: Incineroar|1
|-damage|p1a: Pelipper|0 fnt
|-damage|p1b: Incineroar|0 fnt
|faint|p1a: Pelipper
|faint|p1b: Incineroar
|move|p2b: Sinistcha|Trick Room|p2b: Sinistcha
|-fieldstart|move: Trick Room|[of] p2b: Sinistcha
|
|-weather|none
|-heal|p2a: Dragonite|70/100|[from] item: Leftovers
|upkeep
|
|t:|1783574632
|switch|p1b: ODIO|Staraptor, L50, M|100/100
|-ability|p1b: ODIO|Intimidate|boost
|-unboost|p2a: Dragonite|atk|1
|-unboost|p2b: Sinistcha|atk|1
|turn|7
|inactive|ADenOfThieves has 30 seconds left.
|
|t:|1783574658
|move|p1b: ODIO|Protect|p1b: ODIO
|-singleturn|p1b: ODIO|Protect
|move|p2b: Sinistcha|Matcha Gotcha|p1b: ODIO
|-activate|p1b: ODIO|move: Protect
|move|p2a: Dragonite|Haze|p2a: Dragonite
|-clearallboost
|
|-heal|p2a: Dragonite|76/100|[from] item: Leftovers
|upkeep
|turn|8
|
|t:|1783574676
|move|p2b: Sinistcha|Matcha Gotcha|p1b: ODIO
|-resisted|p1b: ODIO|1
|-damage|p1b: ODIO|69/100
|move|p2a: Dragonite|Rock Slide|p1b: ODIO
|-supereffective|p1b: ODIO|1
|-damage|p1b: ODIO|0 fnt
|faint|p1b: ODIO
|
|win|ADenOfThieves
|raw|squallo's rating: 1000 → 1000(+0 for losing)
|raw|ADenOfThieves's rating: 1123 → 1140(+17 for winning)
|l|☆squallo
|player|p1|
