|j|☆HeroLinik
|j|☆Cheery Cinccino
|html|HeroLinikCheery Cinccino    
|uhtml|bestof|Game 1 of a best-of-3
|t:|1783699753
|gametype|doubles
|player|p1|HeroLinik|gambler|
|player|p2|Cheery Cinccino|lucas|
|gen|9
|tier|[Gen 9 Champions] VGC 2026 Reg M-B (Bo3)
|rule|Species Clause: Limit one of each Pokémon
|rule|Item Clause: Limit 1 of each item
|clearpoke
|poke|p1|Pyroar, L50, M|
|poke|p1|Farigiraf, L50, F|
|poke|p1|Venusaur, L50, M|
|poke|p1|Primarina, L50, F|
|poke|p1|Torkoal, L50, F|
|poke|p1|Gholdengo, L50|
|poke|p2|Raichu, L50, M|
|poke|p2|Sceptile, L50, F|
|poke|p2|Metagross, L50|
|poke|p2|Staraptor, L50, F|
|poke|p2|Eelektross, L50, F|
|poke|p2|Dragalge, L50, F|
|teampreview|4
|showteam|p1|Pyroar||Pyroarite|Unnerve|Overheat,HeatWave,SolarBeam,Protect|Timid||M|||50|]Farigiraf||ColburBerry|ArmorTail|Protect,SunnyDay,TrickRoom,Psychic|Bold||F|||50|]Venusaur||FocusSash|Chlorophyll|SleepPowder,SludgeBomb,EarthPower,Protect|Timid||M|||50|]Primarina||LifeOrb|LiquidVoice|HyperVoice,Moonblast,DazzlingGleam,Protect|Quiet||F|||50|]Torkoal||Charcoal|Drought|Eruption,WeatherBall,HelpingHand,Yawn|Quiet||F|||50|]Gholdengo||ChoiceScarf|GoodasGold|MakeItRain,ShadowBall,FocusBlast,Thunderbolt|Timid|||||50|
|showteam|p2|Raichu|||Static|VoltSwitch,FocusBlast,Agility,FakeOut|Mild||M|||50|]Sceptile|||Overgrow|DragonPulse,LeafBlade,SwordsDance,Acrobatics|Serious||F|||50|]Metagross||Metagrossite|ClearBody|Psychic,Earthquake,IronHead,Explosion|Serious|||||50|]Staraptor||SitrusBerry|Intimidate|AirSlash,CloseCombat,BraveBird,Agility|Serious||F|||50|]Eelektross|||Levitate|Thunderbolt,Flamethrower,Uturn,Crunch|Serious||F|||50|]Dragalge||Leftovers|PoisonPoint|AcidArmor,SludgeBomb,ToxicSpikes,DragonTail|Serious||F|||50|
|c|☆HeroLinik|glhf
|inactive|Battle timer is ON: inactive players will automatically lose when time's up. (requested by HeroLinik)
|
|t:|1783699800
|teamsize|p1|4
|teamsize|p2|4
|start
|switch|p1a: Farigiraf|Farigiraf, L50, F|100/100
|switch|p1b: Primarina|Primarina, L50, F|100/100
|switch|p2a: Seija|Staraptor, L50, F|100/100
|switch|p2b: Tidal Wave|Eelektross, L50, F|100/100
|-ability|p2a: Seija|Intimidate|boost
|-unboost|p1a: Farigiraf|atk|1
|-unboost|p1b: Primarina|atk|1
|turn|1
|inactive|Cheery Cinccino has 30 seconds left.
|
|t:|1783699830
|move|p1b: Primarina|Protect|p1b: Primarina
|-singleturn|p1b: Primarina|Protect
|move|p2a: Seija|Air Slash|p1b: Primarina
|-activate|p1b: Primarina|move: Protect
|move|p2b: Tidal Wave|Thunderbolt|p1b: Primarina
|-activate|p1b: Primarina|move: Protect
|move|p1a: Farigiraf|Trick Room|p1a: Farigiraf
|-fieldstart|move: Trick Room|[of] p1a: Farigiraf
|
|upkeep
|turn|2
|
|t:|1783699842
|move|p2b: Tidal Wave|Thunderbolt|p1b: Primarina
|-supereffective|p1b: Primarina|1
|-damage|p1b: Primarina|48/100
|move|p1b: Primarina|Hyper Voice|p2a: Seija|[spread] p2a,p2b
|-damage|p2a: Seija|11/100
|-damage|p2b: Tidal Wave|41/100
|-enditem|p2a: Seija|Sitrus Berry|[eat]
|-heal|p2a: Seija|36/100|[from] item: Sitrus Berry
|-damage|p1b: Primarina|39/100|[from] item: Life Orb
|move|p1a: Farigiraf|Psychic|p2b: Tidal Wave
|-damage|p2b: Tidal Wave|0 fnt
|faint|p2b: Tidal Wave
|move|p2a: Seija|Air Slash|p1b: Primarina
|-damage|p1b: Primarina|26/100
|
|upkeep
|
|t:|1783699858
|switch|p2b: Zoro|Sceptile, L50, F|100/100
|turn|3
|
|t:|1783699869
|move|p1b: Primarina|Dazzling Gleam|p2b: Zoro|[spread] p2a,p2b
|-damage|p2a: Seija|0 fnt
|-damage|p2b: Zoro|33/100
|faint|p2a: Seija
|-damage|p1b: Primarina|16/100|[from] item: Life Orb
|move|p1a: Farigiraf|Psychic|p2b: Zoro
|-damage|p2b: Zoro|0 fnt
|faint|p2b: Zoro
|
|upkeep
|
|t:|1783699881
|switch|p2a: Metatron|Metagross, L50|100/100
|turn|4
|
|t:|1783699889
|move|p1b: Primarina|Hyper Voice|p2a: Metatron
|-damage|p2a: Metatron|16/100
|-damage|p1b: Primarina|6/100|[from] item: Life Orb
|move|p1a: Farigiraf|Psychic|p2a: Metatron
|-resisted|p2a: Metatron|2
|-crit|p2a: Metatron
|-damage|p2a: Metatron|2/100
|move|p2a: Metatron|Earthquake|p1b: Primarina|[spread] p1a,p1b
|-damage|p1a: Farigiraf|84/100
|-damage|p1b: Primarina|0 fnt
|faint|p1b: Primarina
|
|upkeep
|
|t:|1783699898
|switch|p1b: Torkoal|Torkoal, L50, F|100/100
|-weather|SunnyDay|[from] ability: Drought|[of] p1b: Torkoal
|turn|5
|
|t:|1783699906
|move|p1b: Torkoal|Weather Ball|p2a: Metatron
|-supereffective|p2a: Metatron|1
|-damage|p2a: Metatron|0 fnt
|faint|p2a: Metatron
|
|win|HeroLinik
||HeroLinik is ready for game 2.
||Cheery Cinccino is ready for game 2.
|uhtml|next|Next: Game 2 of 3
