|j|☆volcanicrj
|j|☆Ach0pij0
|html|volcanicrjAch0pij0    
|uhtml|bestof|Game 1 of a best-of-3
|t:|1757765431
|gametype|doubles
|player|p1|volcanicrj|flannery|1084
|player|p2|Ach0pij0|170|1029
|gen|9
|tier|[Gen 9] VGC 2025 Reg H (Bo3)
|rated|
|rule|Species Clause: Limit one of each Pokémon
|rule|Item Clause: Limit 1 of each item
|clearpoke
|poke|p1|Toxtricity-Low-Key, L50, F|
|poke|p1|Kommo-o, L50, F|
|poke|p1|Sinistcha, L50|
|poke|p1|Murkrow, L50, M|
|poke|p1|Samurott-Hisui, L50, F|
|poke|p1|Incineroar, L50, M|
|poke|p2|Dragonite, L50, M|
|poke|p2|Gholdengo, L50|
|poke|p2|Ursaluna, L50, M|
|poke|p2|Amoonguss, L50, M|
|poke|p2|Incineroar, L50, F|
|poke|p2|Ninetales-Alola, L50, F|
|teampreview|4
|showteam|p1|Toxtricity-Low-Key||ChoiceSpecs|PunkRock|Overdrive,Boomburst,SludgeBomb,VoltSwitch|||F|||50|,,,,,Normal]Kommo-o||ThroatSpray|Soundproof|ClangorousSoul,ClangingScales,Flamethrower,Protect|||F|||50|,,,,,Fire]Sinistcha||RockyHelmet|Hospitality|MatchaGotcha,RagePowder,TrickRoom,Protect||||||50|,,,,,Water]Murkrow||Eviolite|Prankster|Tailwind,Quash,Haze,BraveBird|||M|||50|,,,,,Ghost]Samurott-Hisui||AssaultVest|Sharpness|AquaCutter,CeaselessEdge,SuckerPunch,SacredSword|||F|||50|,,,,,Grass]Incineroar||SafetyGoggles|Intimidate|FlareBlitz,FakeOut,PartingShot,KnockOff|||M|||50|,,,,,Ghost
|showteam|p2|Dragonite||LoadedDice|Multiscale|ScaleShot,Tailwind,TeraBlast,Protect|||M|||50|,,,,,Flying]Gholdengo||LifeOrb|GoodasGold|MakeItRain,ShadowBall,NastyPlot,Protect||||||50|,,,,,Flying]Ursaluna||FlameOrb|Guts|HeadlongRush,Earthquake,Facade,Protect|||M|||50|,,,,,Ghost]Amoonguss||SitrusBerry|Regenerator|RagePowder,SludgeBomb,Spore,Protect|||M|||50|,,,,,Water]Incineroar||SafetyGoggles|Intimidate|KnockOff,FlareBlitz,PartingShot,FakeOut|||F|||50|,,,,,Bug]Ninetales-Alola||FocusSash|SnowWarning|Blizzard,Encore,FreezeDry,Protect|||F|||50|,,,,,Ghost
|inactive|Battle timer is ON: inactive players will automatically lose when time's up. (requested by volcanicrj)
|inactive|volcanicrj has 60 seconds left.
|inactive|Ach0pij0 has 60 seconds left.
|
|t:|1757765492
|teamsize|p1|4
|teamsize|p2|4
|start
|switch|p1a: Tyler The Creator|Murkrow, L50, M|100/100
|switch|p1b: Kendrick Lamar|Incineroar, L50, M|100/100
|switch|p2a: Incineroar|Incineroar, L50, F|100/100
|switch|p2b: Dragonite|Dragonite, L50, M|100/100
|-ability|p1b: Kendrick Lamar|Intimidate|boost
|-unboost|p2a: Incineroar|atk|1
|-unboost|p2b: Dragonite|atk|1
|-ability|p2a: Incineroar|Intimidate|boost
|-unboost|p1a: Tyler The Creator|atk|1
|-unboost|p1b: Kendrick Lamar|atk|1
|turn|1
|
|t:|1757765514
|move|p1b: Kendrick Lamar|Fake Out|p2a: Incineroar
|-damage|p2a: Incineroar|92/100
|cant|p2a: Incineroar|flinch
|move|p1a: Tyler The Creator|Tailwind|p1a: Tyler The Creator
|-sidestart|p1: volcanicrj|move: Tailwind
|move|p2b: Dragonite|Tailwind|p2b: Dragonite
|-sidestart|p2: Ach0pij0|move: Tailwind
|
|upkeep
|turn|2
|inactive|volcanicrj has 30 seconds left.
|inactive|Ach0pij0 has 30 seconds left.
|
|t:|1757765548
|move|p1a: Tyler The Creator|Quash|p2b: Dragonite
|-activate|p2b: Dragonite|move: Quash
|move|p1b: Kendrick Lamar|Parting Shot|p2b: Dragonite
|-unboost|p2b: Dragonite|atk|1
|-unboost|p2b: Dragonite|spa|1
|
|t:|1757765559
|switch|p1b: Gerard Way|Toxtricity-Low-Key, L50, F|100/100|[from] Parting Shot
|move|p2a: Incineroar|Parting Shot|p1b: Gerard Way
|-unboost|p1b: Gerard Way|atk|1
|-unboost|p1b: Gerard Way|spa|1
|
|t:|1757765565
|switch|p2a: Amoonguss|Amoonguss, L50, M|100/100|[from] Parting Shot
|move|p2b: Dragonite|Scale Shot|p1a: Tyler The Creator
|-damage|p1a: Tyler The Creator|93/100
|-damage|p1a: Tyler The Creator|86/100
|-damage|p1a: Tyler The Creator|78/100
|-damage|p1a: Tyler The Creator|71/100
|-damage|p1a: Tyler The Creator|63/100
|-hitcount|p1a: Tyler The Creator|5
|-unboost|p2b: Dragonite|def|1
|-boost|p2b: Dragonite|spe|1
|
|upkeep
|turn|3
|
|t:|1757765590
|switch|p2b: Incineroar|Incineroar, L50, F|92/100
|-ability|p2b: Incineroar|Intimidate|boost
|-unboost|p1a: Tyler The Creator|atk|1
|-unboost|p1b: Gerard Way|atk|1
|move|p1a: Tyler The Creator|Brave Bird|p2a: Amoonguss
|-supereffective|p2a: Amoonguss
|-damage|p2a: Amoonguss|72/100
|-damage|p1a: Tyler The Creator|51/100|[from] Recoil
|move|p1b: Gerard Way|Overdrive|p2b: Incineroar|[spread] p2a,p2b
|-resisted|p2a: Amoonguss
|-damage|p2a: Amoonguss|56/100
|-damage|p2b: Incineroar|61/100
|move|p2a: Amoonguss|Spore|p1b: Gerard Way
|-status|p1b: Gerard Way|slp|[from] move: Spore
|
|upkeep
|turn|4
|
|t:|1757765607
|switch|p1b: Kendrick Lamar|Incineroar, L50, M|100/100
|-ability|p1b: Kendrick Lamar|Intimidate|boost
|-unboost|p2a: Amoonguss|atk|1
|-unboost|p2b: Incineroar|atk|1
|move|p1a: Tyler The Creator|Brave Bird|p2a: Amoonguss
|-supereffective|p2a: Amoonguss
|-damage|p2a: Amoonguss|29/100
|-enditem|p2a: Amoonguss|Sitrus Berry|[eat]
|-heal|p2a: Amoonguss|54/100|[from] item: Sitrus Berry
|-damage|p1a: Tyler The Creator|39/100|[from] Recoil
|move|p2b: Incineroar|Parting Shot|p1b: Kendrick Lamar
|-unboost|p1b: Kendrick Lamar|atk|1
|-unboost|p1b: Kendrick Lamar|spa|1
|
|t:|1757765621
|switch|p2b: Dragonite|Dragonite, L50, M|100/100|[from] Parting Shot
|move|p2a: Amoonguss|Sludge Bomb|p1a: Tyler The Creator
|-damage|p1a: Tyler The Creator|8/100
|
|-sideend|p2: Ach0pij0|move: Tailwind
|-sideend|p1: volcanicrj|move: Tailwind
|upkeep
|turn|5
|
|t:|1757765643
|move|p2b: Dragonite|Protect|p2b: Dragonite
|-singleturn|p2b: Dragonite|Protect
|move|p1b: Kendrick Lamar|Fake Out|p2b: Dragonite
|-activate|p2b: Dragonite|move: Protect
|move|p1a: Tyler The Creator|Tailwind|p1a: Tyler The Creator
|-sidestart|p1: volcanicrj|move: Tailwind
|move|p2a: Amoonguss|Sludge Bomb|p1a: Tyler The Creator
|-damage|p1a: Tyler The Creator|0 fnt
|faint|p1a: Tyler The Creator
|
|upkeep
|
|t:|1757765655
|switch|p1a: Mikey Way|Samurott-Hisui, L50, F|100/100
|turn|6
|
|t:|1757765672
|-terastallize|p1a: Mikey Way|Grass
|move|p2a: Amoonguss|Rage Powder|p2a: Amoonguss
|-singleturn|p2a: Amoonguss|move: Rage Powder
|move|p1a: Mikey Way|Ceaseless Edge|p2b: Dragonite
|-damage|p2b: Dragonite|75/100
|-sidestart|p2: Ach0pij0|Spikes
|move|p1b: Kendrick Lamar|Flare Blitz|p2a: Amoonguss
|-supereffective|p2a: Amoonguss
|-damage|p2a: Amoonguss|0 fnt
|faint|p2a: Amoonguss
|-damage|p1b: Kendrick Lamar|80/100|[from] Recoil
|move|p2b: Dragonite|Scale Shot|p1a: Mikey Way|[miss]
|-miss|p2b: Dragonite|p1a: Mikey Way
|
|upkeep
|
|t:|1757765685
|switch|p2a: Ninetales|Ninetales-Alola, L50, F|100/100
|-damage|p2a: Ninetales|88/100|[from] Spikes
|-weather|Snowscape|[from] ability: Snow Warning|[of] p2a: Ninetales
|turn|7
|
|t:|1757765699
|move|p2a: Ninetales|Protect|p2a: Ninetales
|-singleturn|p2a: Ninetales|Protect
|move|p1a: Mikey Way|Sacred Sword|p2a: Ninetales
|-activate|p2a: Ninetales|move: Protect
|move|p1b: Kendrick Lamar|Flare Blitz|p2a: Ninetales
|-activate|p2a: Ninetales|move: Protect
|move|p2b: Dragonite|Tailwind|p2b: Dragonite
|-sidestart|p2: Ach0pij0|move: Tailwind
|
|-weather|Snowscape|[upkeep]
|upkeep
|turn|8
|
|t:|1757765721
|move|p2a: Ninetales|Blizzard|p1b: Kendrick Lamar|[spread] p1a,p1b
|-supereffective|p1a: Mikey Way
|-resisted|p1b: Kendrick Lamar
|-damage|p1a: Mikey Way|44/100
|-damage|p1b: Kendrick Lamar|65/100
|move|p2b: Dragonite|Scale Shot|p1a: Mikey Way
|-damage|p1a: Mikey Way|30/100
|-damage|p1a: Mikey Way|15/100
|-damage|p1a: Mikey Way|0 fnt
|faint|p1a: Mikey Way
|-hitcount|p1: Mikey Way|3
|-unboost|p2b: Dragonite|def|1
|-boost|p2b: Dragonite|spe|1
|move|p1b: Kendrick Lamar|Flare Blitz|p2a: Ninetales
|-supereffective|p2a: Ninetales
|-damage|p2a: Ninetales|16/100
|-damage|p1b: Kendrick Lamar|46/100|[from] Recoil
|
|-weather|Snowscape|[upkeep]
|-sideend|p1: volcanicrj|move: Tailwind
|upkeep
|
|t:|1757765730
|switch|p1a: Gerard Way|Toxtricity-Low-Key, L50, F|100/100 slp
|turn|9
|inactive|Ach0pij0 has 30 seconds left.
|
|t:|1757765758
|move|p2b: Dragonite|Scale Shot|p1b: Kendrick Lamar
|-damage|p1b: Kendrick Lamar|32/100
|-damage|p1b: Kendrick Lamar|17/100
|-damage|p1b: Kendrick Lamar|2/100
|-damage|p1b: Kendrick Lamar|0 fnt
|faint|p1b: Kendrick Lamar
|-hitcount|p1: Kendrick Lamar|4
|-unboost|p2b: Dragonite|def|1
|-boost|p2b: Dragonite|spe|1
|move|p2a: Ninetales|Blizzard|p1a: Gerard Way
|-damage|p1a: Gerard Way|41/100 slp
|cant|p1a: Gerard Way|slp
|
|-weather|Snowscape|[upkeep]
|upkeep
|turn|10
|
|t:|1757765776
|move|p2b: Dragonite|Tera Blast|p1a: Gerard Way
|-crit|p1a: Gerard Way
|-damage|p1a: Gerard Way|8/100 slp
|move|p2a: Ninetales|Freeze-Dry|p1a: Gerard Way
|-damage|p1a: Gerard Way|0 fnt
|faint|p1a: Gerard Way
|
|win|Ach0pij0
||volcanicrj is ready for game 2.
||Ach0pij0 is ready for game 2.
|uhtml|next|Next: Game 2 of 3
