|j|☆chineseobama
|j|☆Wikdchikn
|html|chineseobamaWikdchikn    
|uhtml|bestof|Game 2 of a best-of-3
|t:|1757791340
|gametype|doubles
|player|p1|chineseobama|101|1076
|player|p2|Wikdchikn|cameraman|1157
|gen|9
|tier|[Gen 9] VGC 2025 Reg H (Bo3)
|rated|
|rule|Species Clause: Limit one of each Pokémon
|rule|Item Clause: Limit 1 of each item
|clearpoke
|poke|p1|Ursaluna-Bloodmoon, L50, M|
|poke|p1|Gholdengo, L50|
|poke|p1|Dragonite, L50, F|
|poke|p1|Rillaboom, L50, F|
|poke|p1|Ninetales-Alola, L50, F|
|poke|p1|Annihilape, L50, M|
|poke|p2|Arboliva, L50, F|
|poke|p2|Porygon2, L50|
|poke|p2|Primarina, L50, M|
|poke|p2|Ursaluna, L50, M|
|poke|p2|Amoonguss, L50, F|
|poke|p2|Armarouge, L50, F|
|teampreview|4
|showteam|p1|Ursaluna-Bloodmoon||AssaultVest|MindsEye|HyperVoice,BloodMoon,EarthPower,VacuumWave|||M|||50|,,,,,Water]Gholdengo||LifeOrb|GoodasGold|MakeItRain,ShadowBall,NastyPlot,Protect||||||50|,,,,,Water]Dragonite||LoadedDice|Multiscale|ScaleShot,Tailwind,ExtremeSpeed,Protect|||F|||50|,,,,,Normal]Rillaboom||MiracleSeed|GrassySurge|FakeOut,GrassyGlide,WoodHammer,HighHorsepower|||F|||50|,,,,,Fire]Ninetales-Alola||FocusSash|SnowWarning|Blizzard,IcicleSpear,AuroraVeil,Encore|||F|||50|,,,,,Ghost]Annihilape||SitrusBerry|Defiant|RageFist,DrainPunch,BulkUp,Protect|||M|||50|,,,,,Fire
|showteam|p2|Arboliva||ChoiceSpecs|SeedSower|DazzlingGleam,HyperVoice,EarthPower,GigaDrain|||F|||50|,,,,,Fairy]Porygon2||Eviolite|Trace|TeraBlast,ShadowBall,TrickRoom,Protect||||||50|,,,,,Fighting]Primarina||ThroatSpray|LiquidVoice|Moonblast,HyperVoice,Haze,Protect|||M|||50|,,,,,Water]Ursaluna||FlameOrb|Guts|Protect,Facade,HeadlongRush,Earthquake|||M|||50|,,,,,Ghost]Amoonguss||RockyHelmet|Regenerator|RagePowder,Spore,FoulPlay,Protect|||F|||50|,,,,,Dark]Armarouge||SitrusBerry|FlashFire|WideGuard,TrickRoom,HeatWave,HelpingHand|||F|||50|,,,,,Grass
|inactive|Battle timer is ON: inactive players will automatically lose when time's up. (requested by Wikdchikn)
|inactive|chineseobama has 60 seconds left.
|
|t:|1757791392
|teamsize|p1|4
|teamsize|p2|4
|start
|switch|p1a: Ninetales|Ninetales-Alola, L50, F|100/100
|switch|p1b: Gholdengo|Gholdengo, L50|100/100
|switch|p2a: Pest|Amoonguss, L50, F|100/100
|switch|p2b: Undying Duck|Porygon2, L50, shiny|100/100
|-weather|Snowscape|[from] ability: Snow Warning|[of] p1a: Ninetales
|-ability|p2b: Undying Duck|Snow Warning|Trace|[from] ability: Trace|[of] p1a: Ninetales
|turn|1
|
|t:|1757791411
|switch|p2a: Bear with me|Ursaluna, L50, M|100/100
|move|p1a: Ninetales|Aurora Veil|p1a: Ninetales
|-sidestart|p1: chineseobama|move: Aurora Veil
|move|p1b: Gholdengo|Nasty Plot|p1b: Gholdengo
|-boost|p1b: Gholdengo|spa|2
|move|p2b: Undying Duck|Trick Room|p2b: Undying Duck
|-fieldstart|move: Trick Room|[of] p2b: Undying Duck
|
|-weather|Snowscape|[upkeep]
|-status|p2a: Bear with me|brn|[from] item: Flame Orb
|upkeep
|turn|2
|
|t:|1757791430
|move|p1b: Gholdengo|Protect|p1b: Gholdengo
|-singleturn|p1b: Gholdengo|Protect
|move|p2a: Bear with me|Headlong Rush|p1b: Gholdengo
|-activate|p1b: Gholdengo|move: Protect
|move|p2b: Undying Duck|Shadow Ball|p1b: Gholdengo
|-activate|p1b: Gholdengo|move: Protect
|move|p1a: Ninetales|Blizzard|p2b: Undying Duck|[spread] p2a,p2b
|-supereffective|p2a: Bear with me
|-damage|p2a: Bear with me|62/100 brn
|-damage|p2b: Undying Duck|88/100
|
|-weather|Snowscape|[upkeep]
|-damage|p2a: Bear with me|56/100 brn|[from] brn
|upkeep
|turn|3
|inactive|chineseobama has 30 seconds left.
|inactive|chineseobama has 20 seconds left.
|
|t:|1757791467
|switch|p1b: Rillaboom|Rillaboom, L50, F|100/100
|-fieldstart|move: Grassy Terrain|[from] ability: Grassy Surge|[of] p1b: Rillaboom
|move|p2a: Bear with me|Headlong Rush|p1b: Rillaboom
|-resisted|p1b: Rillaboom
|-damage|p1b: Rillaboom|64/100
|-unboost|p2a: Bear with me|def|1
|-unboost|p2a: Bear with me|spd|1
|move|p2b: Undying Duck|Tera Blast|p1b: Rillaboom
|-damage|p1b: Rillaboom|45/100
|move|p1a: Ninetales|Blizzard|p2a: Bear with me|[spread] p2a,p2b
|-supereffective|p2a: Bear with me
|-damage|p2a: Bear with me|0 fnt
|-damage|p2b: Undying Duck|76/100
|faint|p2a: Bear with me
|
|-weather|Snowscape|[upkeep]
|-heal|p2b: Undying Duck|82/100|[from] Grassy Terrain
|-heal|p1b: Rillaboom|51/100|[from] Grassy Terrain
|upkeep
|
|t:|1757791478
|switch|p2a: Olive You|Arboliva, L50, F|100/100
|turn|4
|
|t:|1757791494
|-terastallize|p2a: Olive You|Fairy
|move|p1b: Rillaboom|Fake Out|p2a: Olive You
|-damage|p2a: Olive You|87/100
|cant|p2a: Olive You|flinch
|move|p2b: Undying Duck|Tera Blast|p1b: Rillaboom
|-damage|p1b: Rillaboom|31/100
|move|p1a: Ninetales|Blizzard|p2a: Olive You|[spread] p2a,p2b
|-damage|p2a: Olive You|64/100
|-damage|p2b: Undying Duck|71/100
|
|-weather|Snowscape|[upkeep]
|-heal|p2a: Olive You|70/100|[from] Grassy Terrain
|-heal|p2b: Undying Duck|76/100|[from] Grassy Terrain
|-heal|p1b: Rillaboom|37/100|[from] Grassy Terrain
|upkeep
|turn|5
|inactive|chineseobama has 30 seconds left.
|
|t:|1757791528
|move|p1b: Rillaboom|Grassy Glide|p2a: Olive You
|-damage|p2a: Olive You|30/100
|move|p2a: Olive You|Hyper Voice|p1a: Ninetales|[spread] p1a,p1b
|-damage|p1a: Ninetales|60/100
|-damage|p1b: Rillaboom|4/100
|move|p2b: Undying Duck|Tera Blast|p1a: Ninetales
|-damage|p1a: Ninetales|42/100
|move|p1a: Ninetales|Blizzard|p2b: Undying Duck|[spread] p2a,p2b
|-damage|p2a: Olive You|5/100
|-damage|p2b: Undying Duck|64/100
|
|-weather|none
|-heal|p2a: Olive You|11/100|[from] Grassy Terrain
|-heal|p2b: Undying Duck|70/100|[from] Grassy Terrain
|-heal|p1b: Rillaboom|10/100|[from] Grassy Terrain
|-heal|p1a: Ninetales|48/100|[from] Grassy Terrain
|-sideend|p1: chineseobama|move: Aurora Veil
|-fieldend|move: Trick Room
|upkeep
|turn|6
|
|t:|1757791547
|switch|p2a: Pest|Amoonguss, L50, F|100/100
|move|p1a: Ninetales|Encore|p2b: Undying Duck
|-start|p2b: Undying Duck|Encore
|move|p1b: Rillaboom|Wood Hammer|p2a: Pest
|-resisted|p2a: Pest
|-damage|p2a: Pest|82/100
|-damage|p1b: Rillaboom|0 fnt|[from] item: Rocky Helmet|[of] p2a: Pest
|faint|p1b: Rillaboom
|move|p2b: Undying Duck|Tera Blast|p1a: Ninetales
|-damage|p1a: Ninetales|20/100
|
|-heal|p1a: Ninetales|27/100|[from] Grassy Terrain
|-heal|p2b: Undying Duck|75/100|[from] Grassy Terrain
|-heal|p2a: Pest|88/100|[from] Grassy Terrain
|upkeep
|
|t:|1757791551
|switch|p1b: Gholdengo|Gholdengo, L50|100/100
|turn|7
|
|t:|1757791566
|move|p1a: Ninetales|Blizzard|p2b: Undying Duck|[spread] p2a,p2b
|-supereffective|p2a: Pest
|-damage|p2a: Pest|48/100
|-damage|p2b: Undying Duck|62/100
|move|p1b: Gholdengo|Nasty Plot|p1b: Gholdengo
|-boost|p1b: Gholdengo|spa|2
|move|p2b: Undying Duck|Tera Blast|p1a: Ninetales
|-damage|p1a: Ninetales|0 fnt
|faint|p1a: Ninetales
|move|p2a: Pest|Foul Play|p1b: Gholdengo
|-supereffective|p1b: Gholdengo
|-damage|p1b: Gholdengo|72/100
|
|-heal|p1b: Gholdengo|78/100|[from] Grassy Terrain
|-heal|p2b: Undying Duck|68/100|[from] Grassy Terrain
|-heal|p2a: Pest|53/100|[from] Grassy Terrain
|-fieldend|move: Grassy Terrain
|upkeep
|
|t:|1757791573
|switch|p1a: Ursaluna|Ursaluna-Bloodmoon, L50, M|100/100
|turn|8
|
|t:|1757791582
|move|p2a: Pest|Rage Powder|p2a: Pest
|-singleturn|p2a: Pest|move: Rage Powder
|move|p1b: Gholdengo|Make It Rain|p2a: Pest|[spread] p2a,p2b
|-damage|p2a: Pest|0 fnt
|-damage|p2b: Undying Duck|0 fnt
|-unboost|p1b: Gholdengo|spa|1
|faint|p2a: Pest
|faint|p2b: Undying Duck
|-damage|p1b: Gholdengo|68/100|[from] item: Life Orb
|move|p1a: Ursaluna|Hyper Voice|p2: Pest|[notarget]
|-fail|p1a: Ursaluna
|
|upkeep
|
|t:|1757791584
|switch|p2b: Olive You|Arboliva, L50, F, tera:Fairy|11/100
|turn|9
|-message|Wikdchikn forfeited.
|
|win|chineseobama
|raw|chineseobama's rating: 1076 → 1111(+35 for winning)
|raw|Wikdchikn's rating: 1157 → 1126(-31 for losing)
|l|☆Wikdchikn
|player|p2|
