|j|☆araragi koyomy
|j|☆BlackStag52
|html|araragi koyomyBlackStag52    
|uhtml|bestof|Game 2 of a best-of-3
|t:|1782348593
|gametype|doubles
|player|p1|araragi koyomy|blue|1127
|player|p2|BlackStag52|lorelei-gen3|1157
|gen|9
|tier|[Gen 9 Champions] VGC 2026 Reg M-B (Bo3)
|rated|
|rule|Species Clause: Limit one of each Pokémon
|rule|Item Clause: Limit 1 of each item
|clearpoke
|poke|p1|Charizard, L50, F|
|poke|p1|Garchomp, L50, M|
|poke|p1|Sylveon, L50, M|
|poke|p1|Farigiraf, L50, M|
|poke|p1|Kingambit, L50, F|
|poke|p1|Aerodactyl, L50, F|
|poke|p2|Garchomp, L50, M|
|poke|p2|Eelektross, L50, F|
|poke|p2|Sinistcha, L50|
|poke|p2|Primarina, L50, M|
|poke|p2|Vivillon-High Plains, L50, M|
|poke|p2|Sneasler, L50, M|
|teampreview|4
|showteam|p1|Charizard||CharizarditeY|Blaze|Protect,HeatWave,WeatherBall,SolarBeam|Timid||F|||50|]Garchomp||SoftSand|RoughSkin|Protect,DragonClaw,StompingTantrum,Earthquake|Jolly||M|||50|]Sylveon||FairyFeather|Pixilate|Detect,QuickAttack,HyperVoice,HyperBeam|Modest||M|||50|]Farigiraf||SitrusBerry|ArmorTail|TwinBeam,Thunderbolt,Roar,TrickRoom|Quiet||M|||50|]Kingambit||FocusSash|Defiant|KowtowCleave,IronHead,SuckerPunch,LowKick|Adamant||F|||50|]Aerodactyl||Aerodactylite|RockHead|RockSlide,DualWingbeat,IceFang,Tailwind|Jolly||F|||50|
|showteam|p2|Garchomp||LifeOrb|RoughSkin|DragonClaw,Earthquake,Protect,RockSlide|Impish||M|||50|]Eelektross||Eelektrossite|Levitate|GrassKnot,Thunderbolt,Protect,Flamethrower|Modest||F|||50|]Sinistcha||KasibBerry|Hospitality|MatchaGotcha,RagePowder,TrickRoom,LifeDew|Bold|||||50|]Primarina||FairyFeather|LiquidVoice|DazzlingGleam,EnergyBall,HyperVoice,Protect|Modest||M|||50|]Vivillon-High Plains||FocusSash|FriendGuard|Tailwind,AirSlash,PollenPuff,Protect|Timid||M|||50|]Sneasler||WhiteHerb|Unburden|FakeOut,CloseCombat,DireClaw,Protect|Adamant||M|||50|
|inactive|Battle timer is ON: inactive players will automatically lose when time's up. (requested by araragi koyomy)
|inactive|araragi koyomy has 60 seconds left.
|
|t:|1782348636
|teamsize|p1|4
|teamsize|p2|4
|start
|switch|p1a: Sylveon|Sylveon, L50, M|100/100
|switch|p1b: Garchomp|Garchomp, L50, M|100/100
|switch|p2a: Sinistcha|Sinistcha, L50|100/100
|switch|p2b: Garchomp|Garchomp, L50, M|100/100
|turn|1
|
|t:|1782348657
|move|p2a: Sinistcha|Rage Powder|p2a: Sinistcha
|-singleturn|p2a: Sinistcha|move: Rage Powder
|move|p1b: Garchomp|Dragon Claw|p2a: Sinistcha
|-damage|p2a: Sinistcha|69/100
|move|p2b: Garchomp|Dragon Claw|p1b: Garchomp
|-supereffective|p1b: Garchomp|1
|-damage|p1b: Garchomp|14/100
|-damage|p2b: Garchomp|87/100|[from] ability: Rough Skin|[of] p1b: Garchomp
|-damage|p2b: Garchomp|77/100|[from] item: Life Orb
|move|p1a: Sylveon|Hyper Voice|p2b: Garchomp|[spread] p2a,p2b
|-supereffective|p2b: Garchomp|1
|-damage|p2a: Sinistcha|21/100
|-damage|p2b: Garchomp|0 fnt
|faint|p2b: Garchomp
|
|upkeep
|
|t:|1782348672
|switch|p2b: Sneasler|Sneasler, L50, M|100/100
|turn|2
|
|t:|1782348687
|switch|p1a: Farigiraf|Farigiraf, L50, M|100/100
|move|p2b: Sneasler|Dire Claw|p1a: Farigiraf
|-damage|p1a: Farigiraf|54/100
|-status|p1a: Farigiraf|psn
|move|p1b: Garchomp|Stomping Tantrum|p2b: Sneasler
|-supereffective|p2b: Sneasler|1
|-damage|p2b: Sneasler|0 fnt
|faint|p2b: Sneasler
|move|p2a: Sinistcha|Trick Room|p2a: Sinistcha
|-fieldstart|move: Trick Room|[of] p2a: Sinistcha
|
|-damage|p1a: Farigiraf|42/100 psn|[from] psn
|upkeep
|-enditem|p1a: Farigiraf|Sitrus Berry|[eat]
|-heal|p1a: Farigiraf|67/100 psn|[from] item: Sitrus Berry
|
|t:|1782348697
|switch|p2b: Eelektross|Eelektross, L50, F|100/100
|turn|3
|
|t:|1782348716
|detailschange|p2b: Eelektross|Eelektross-Mega, L50, F
|-mega|p2b: Eelektross|Eelektross|Eelektrossite
|move|p1b: Garchomp|Protect|p1b: Garchomp
|-singleturn|p1b: Garchomp|Protect
|move|p1a: Farigiraf|Twin Beam|p2a: Sinistcha
|-damage|p2a: Sinistcha|3/100
|-damage|p2a: Sinistcha|0 fnt
|faint|p2a: Sinistcha
|-hitcount|p2: Sinistcha|2
|move|p2b: Eelektross|Flamethrower|p1b: Garchomp
|-activate|p1b: Garchomp|move: Protect
|
|-damage|p1a: Farigiraf|55/100 psn|[from] psn
|upkeep
|turn|4
|
|t:|1782348732
|switch|p1b: Sylveon|Sylveon, L50, M|100/100
|move|p1a: Farigiraf|Twin Beam|p2b: Eelektross
|-damage|p2b: Eelektross|80/100
|-crit|p2b: Eelektross
|-damage|p2b: Eelektross|50/100g
|-hitcount|p2b: Eelektross|2
|move|p2b: Eelektross|Flamethrower|p1b: Sylveon
|-damage|p1b: Sylveon|73/100
|-status|p1b: Sylveon|brn
|
|-damage|p1a: Farigiraf|42/100 psn|[from] psn
|-damage|p1b: Sylveon|67/100 brn|[from] brn
|upkeep
|turn|5
|
|t:|1782348745
|switch|p1a: Aerodactyl|Aerodactyl, L50, F|100/100
|move|p1b: Sylveon|Hyper Beam|p2b: Eelektross
|-damage|p2b: Eelektross|0 fnt
|-mustrecharge|p1b: Sylveon
|faint|p2b: Eelektross
|
|win|araragi koyomy
|raw|araragi koyomy's rating: 1127 → 1154(+27 for winning)
|raw|BlackStag52's rating: 1157 → 1130(-27 for losing)
