|j|‚òÜPauliii23
|j|‚òÜTobiYume
|html|Pauliii23TobiYume    
|uhtml|bestof|Game 1 of a best-of-3
|t:|1756723764
|gametype|doubles
|player|p1|Pauliii23|102|
|player|p2|TobiYume|roxie|
|gen|9
|tier|[Gen 9] VGC 2025 Reg H (Bo3)
|rule|Species Clause: Limit one of each Pok√©mon
|rule|Item Clause: Limit 1 of each item
|clearpoke
|poke|p1|Archaludon, L50, M|
|poke|p1|Pelipper, L50, M|
|poke|p1|Basculegion, L50, M|
|poke|p1|Dragapult, L50, M|
|poke|p1|Sinistcha, L50|
|poke|p1|Ursaluna-Bloodmoon, L50, M|
|poke|p2|Decidueye-Hisui, L50, M|
|poke|p2|Sylveon, L50, F|
|poke|p2|Talonflame, L50, F|
|poke|p2|Tyranitar, L50, M|
|poke|p2|Garchomp, L50, M|
|poke|p2|Gholdengo, L50|
|teampreview|4
|showteam|p1|Archaludon||AssaultVest|Stamina|ElectroShot,FlashCannon,BodyPress,DracoMeteor|||M|||50|,,,,,Grass]Pelipper||FocusSash|Drizzle|Hurricane,WeatherBall,WideGuard,Tailwind|||M|||50|,,,,,Ghost]Basculegion||MysticWater|SwiftSwim|LastRespects,Protect,WaveCrash,AquaJet|||M|||50|,,,,,Water]Dragapult||ChoiceBand|ClearBody|DragonDarts,Outrage,PhantomForce,Uturn|||M|||50|,,,,,Dragon]Sinistcha||SitrusBerry|Hospitality|TrickRoom,MatchaGotcha,LifeDew,RagePowder||||||50|,,,,,Steel]Ursaluna-Bloodmoon||LifeOrb|MindsEye|HyperVoice,BloodMoon,EarthPower,Protect|||M|||50|,,,,,Grass
|showteam|p2|Decidueye-Hisui||RazorClaw|Scrappy|TripleArrows,LeafBlade,SuckerPunch,Protect|||M|||50|,,,,,Fire]Sylveon||ThroatSpray|Pixilate|HyperVoice,HyperBeam,TeraBlast,Protect|||F|||50|,,,,,Water]Talonflame||CovertCloak|GaleWings|Tailwind,WillOWisp,BraveBird,Taunt|||F|||50|,,,,,Grass]Tyranitar||AssaultVest|SandStream|RockSlide,KnockOff,TeraBlast,LowKick|||M|||50|,,,,,Flying]Garchomp||LifeOrb|RoughSkin|DragonClaw,StompingTantrum,Earthquake,Protect|||M|||50|,,,,,Steel]Gholdengo||Leftovers|GoodasGold|MakeItRain,ShadowBall,NastyPlot,Protect||||||50|,,,,,Dragon
|c|‚òÜTobiYume|guten morgen was geht ab
|c|‚òÜPauliii23|moin
|c|‚òÜTobiYume|servus
|c|‚òÜPauliii23|moin7
|c|‚òÜTobiYume|hahaha
|
|t:|1756723833
|teamsize|p1|4
|teamsize|p2|4
|start
|switch|p1a: Suppenschluk|Sinistcha, L50|100/100
|switch|p1b: Werb√§r|Ursaluna-Bloodmoon, L50, M|100/100
|switch|p2a: Elie|Talonflame, L50, F|100/100
|switch|p2b: Kloe|Sylveon, L50, F, shiny|100/100
|turn|1
|c|‚òÜPauliii23|das sind ja mal spitznamen
|c|‚òÜPauliii23|und shiny
|
|t:|1756723892
|-terastallize|p1a: Suppenschluk|Steel
|move|p2a: Elie|Taunt|p1a: Suppenschluk
|-start|p1a: Suppenschluk|move: Taunt
|move|p2b: Kloe|Hyper Voice|p1b: Werb√§r|[spread] p1a,p1b
|-resisted|p1a: Suppenschluk
|-damage|p1a: Suppenschluk|80/100
|-damage|p1b: Werb√§r|57/100
|-enditem|p2b: Kloe|Throat Spray
|-boost|p2b: Kloe|spa|1|[from] item: Throat Spray
|move|p1b: Werb√§r|Blood Moon|p2b: Kloe
|-damage|p2b: Kloe|24/100
|-damage|p1b: Werb√§r|47/100|[from] item: Life Orb
|cant|p1a: Suppenschluk|move: Taunt|Trick Room
|
|upkeep
|turn|2
|c|‚òÜTobiYume|mein nickname theme ist spielbare charaktere aus der trails in the sky trilogie und trails from zero/to azure
|c|‚òÜPauliii23|klar, kennt doch jeder
|
|t:|1756723941
|move|p2a: Elie|Tailwind|p2a: Elie
|-sidestart|p2: TobiYume|move: Tailwind
|move|p2b: Kloe|Hyper Voice|p1a: Suppenschluk|[spread] p1a,p1b
|-resisted|p1a: Suppenschluk
|-damage|p1a: Suppenschluk|47/100
|-damage|p1b: Werb√§r|0 fnt
|-enditem|p1a: Suppenschluk|Sitrus Berry|[eat]
|-heal|p1a: Suppenschluk|71/100|[from] item: Sitrus Berry
|faint|p1b: Werb√§r
|move|p1a: Suppenschluk|Matcha Gotcha|p2b: Kloe|[spread] p2a,p2b
|-resisted|p2a: Elie
|-damage|p2a: Elie|93/100
|-heal|p1a: Suppenschluk|75/100|[from] drain|[of] p2a: Elie
|-damage|p2b: Kloe|5/100
|-heal|p1a: Suppenschluk|85/100|[from] drain|[of] p2b: Kloe
|
|upkeep
|
|t:|1756723955
|switch|p1b: PelipperLP|Pelipper, L50, M|100/100
|-weather|RainDance|[from] ability: Drizzle|[of] p1b: PelipperLP
|turn|3
|c|‚òÜTobiYume|sei mal nich son hater
|c|‚òÜPauliii23|war ja nur spa√ü
|
|t:|1756724007
|switch|p2a: Randy|Tyranitar, L50, M|100/100
|-weather|Sandstorm|[from] ability: Sand Stream|[of] p2a: Randy
|move|p2b: Kloe|Hyper Beam|p1a: Suppenschluk
|-resisted|p1a: Suppenschluk
|-damage|p1a: Suppenschluk|20/100
|-mustrecharge|p2b: Kloe
|move|p1b: PelipperLP|Tailwind|p1b: PelipperLP
|-sidestart|p1: Pauliii23|move: Tailwind
|move|p1a: Suppenschluk|Matcha Gotcha|p2b: Kloe|[spread] p2a,p2b
|-supereffective|p2a: Randy
|-damage|p2a: Randy|81/100
|-heal|p1a: Suppenschluk|30/100|[from] drain|[of] p2a: Randy
|-damage|p2b: Kloe|0 fnt
|-heal|p1a: Suppenschluk|33/100|[from] drain|[of] p2b: Kloe
|faint|p2b: Kloe
|
|-weather|Sandstorm|[upkeep]
|-damage|p1b: PelipperLP|95/100|[from] Sandstorm
|-end|p1a: Suppenschluk|move: Taunt
|upkeep
|c|‚òÜTobiYume|n sp√§√üle
|
|t:|1756724031
|switch|p2b: Wazy|Gholdengo, L50|100/100
|turn|4
|c|‚òÜPauliii23|ich fand grad randy sehr super
|c|‚òÜPauliii23|der gef√§llt mi
|c|‚òÜTobiYume|randy ist die goat
|c|‚òÜPauliii23|wazy geht lowkey auf nen wellenreiter auch hart
|
|t:|1756724066
|move|p2b: Wazy|Nasty Plot|p2b: Wazy
|-boost|p2b: Wazy|spa|2
|move|p1b: PelipperLP|Hurricane|p2b: Wazy
|-resisted|p2b: Wazy
|-damage|p2b: Wazy|78/100
|move|p2a: Randy|Knock Off|p1b: PelipperLP
|-damage|p1b: PelipperLP|31/100
|-enditem|p1b: PelipperLP|Focus Sash|[from] move: Knock Off|[of] p2a: Randy
|move|p1a: Suppenschluk|Matcha Gotcha|p2b: Wazy|[spread] p2a,p2b
|-supereffective|p2a: Randy
|-resisted|p2b: Wazy
|-damage|p2a: Randy|62/100
|-heal|p1a: Suppenschluk|44/100|[from] drain|[of] p2a: Randy
|-damage|p2b: Wazy|66/100
|-heal|p1a: Suppenschluk|50/100|[from] drain|[of] p2b: Wazy
|-status|p2b: Wazy|brn
|
|-weather|Sandstorm|[upkeep]
|-damage|p1b: PelipperLP|25/100|[from] Sandstorm
|-heal|p2b: Wazy|72/100 brn|[from] item: Leftovers
|-damage|p2b: Wazy|66/100 brn|[from] brn
|upkeep
|turn|5
|c|‚òÜTobiYume|wazy ist n silly little guy und gholdengo find ich auch ziemlich silly deswegen ist das der geworden
|
|t:|1756724103
|move|p1b: PelipperLP|Wide Guard|p1b: PelipperLP
|-singleturn|p1b: PelipperLP|Wide Guard
|move|p2b: Wazy|Shadow Ball|p1a: Suppenschluk
|-damage|p1a: Suppenschluk|0 fnt
|faint|p1a: Suppenschluk
|move|p2a: Randy|Knock Off|p1b: PelipperLP
|-damage|p1b: PelipperLP|0 fnt
|faint|p1b: PelipperLP
|
|-weather|Sandstorm|[upkeep]
|-heal|p2b: Wazy|72/100 brn|[from] item: Leftovers
|-damage|p2b: Wazy|66/100 brn|[from] brn
|-sideend|p2: TobiYume|move: Tailwind
|upkeep
|
|t:|1756724111
|switch|p1b: Mittelalter|Dragapult, L50, M|100/100
|turn|6
|
|t:|1756724120
|move|p1b: Mittelalter|Dragon Darts|p2a: Randy
|-damage|p2a: Randy|30/100
|-anim|p1b: Mittelalter|Dragon Darts|p2b: Wazy
|-resisted|p2b: Wazy
|-damage|p2b: Wazy|45/100 brn
|move|p2b: Wazy|Shadow Ball|p1b: Mittelalter
|-supereffective|p1b: Mittelalter
|-damage|p1b: Mittelalter|0 fnt
|faint|p1b: Mittelalter
|
|win|TobiYume
||Pauliii23 is ready for game 2.
||TobiYume is ready for game 2.
|uhtml|next|Next: Game 2 of 3
|l|‚òÜPauliii23
|player|p1|
