|j|☆Northgdh
|j|☆Pakaan64
|html|NorthgdhPakaan64    
|uhtml|bestof|Game 1 of a best-of-3
|t:|1783984321
|gametype|doubles
|player|p1|Northgdh|1|1350
|player|p2|Pakaan64|169|1360
|gen|9
|tier|[Gen 9 Champions] VGC 2026 Reg M-B (Bo3)
|rated|
|rule|Species Clause: Limit one of each Pokémon
|rule|Item Clause: Limit 1 of each item
|clearpoke
|poke|p1|Incineroar, L50, M, shiny|
|poke|p1|Delphox, L50, F, shiny|
|poke|p1|Sinistcha, L50|
|poke|p1|Kingambit, L50, M, shiny|
|poke|p1|Blastoise, L50, M, shiny|
|poke|p1|Sneasler, L50, M|
|poke|p2|Aerodactyl, L50, F|
|poke|p2|Garchomp, L50, M|
|poke|p2|Farigiraf, L50, F|
|poke|p2|Sylveon, L50, F|
|poke|p2|Charizard, L50, F, shiny|
|poke|p2|Kingambit, L50, F|
|teampreview|4
|showteam|p1|Incineroar||SitrusBerry|Intimidate|FlareBlitz,FakeOut,HelpingHand,PartingShot|Impish||M|||50|]Delphox||Delphoxite|Blaze|HeatWave,Psychic,NastyPlot,Protect|Timid||F|||50|]Sinistcha||KasibBerry|Hospitality|MatchaGotcha,RagePowder,LifeDew,Protect|Bold|||||50|]Kingambit||LifeOrb|Defiant|KowtowCleave,SuckerPunch,SwordsDance,Protect|Adamant||M|||50|]Blastoise||Blastoisinite|RainDish|WaterSpout,DarkPulse,ShellSmash,Protect|Modest||M|||50|]Sneasler||FocusSash|PoisonTouch|CloseCombat,PoisonJab,FakeOut,QuickGuard|Jolly||M|||50|
|showteam|p2|Aerodactyl||Aerodactylite|Unnerve|Tailwind,IceFang,RockSlide,WideGuard|Adamant||F|||50|]Garchomp||SitrusBerry|RoughSkin|DragonClaw,SwordsDance,Earthquake,Protect|Impish||M|||50|]Farigiraf||ColburBerry|ArmorTail|Protect,TrickRoom,TwinBeam,HelpingHand|Sassy||F|||50|]Sylveon||LifeOrb|Pixilate|Protect,HyperBeam,HyperVoice,QuickAttack|Serious||F|||50|]Charizard||CharizarditeY|SolarPower|SolarBeam,Protect,HeatWave,WeatherBall|Serious||F|||50|]Kingambit||FocusSash|Defiant|SuckerPunch,LowKick,KowtowCleave,IronHead|Adamant||F|||50|
|inactive|Battle timer is ON: inactive players will automatically lose when time's up. (requested by Northgdh)
|inactive|Pakaan64 also wants the timer to be on.
|inactive|Northgdh has 60 seconds left.
|inactive|Northgdh has 30 seconds left.
|
|t:|1783984383
|teamsize|p1|4
|teamsize|p2|4
|start
|switch|p1a: purple|Delphox, L50, F, shiny|100/100
|switch|p1b: honeybee|Sneasler, L50, M|100/100
|switch|p2a: Kingambit|Kingambit, L50, F|100/100
|switch|p2b: Aerodactyl|Aerodactyl, L50, F|100/100
|-ability|p2b: Aerodactyl|Unnerve
|turn|1
|inactive|Pakaan64 has 30 seconds left.
|inactive|Northgdh has 30 seconds left.
|inactive|Pakaan64 has 20 seconds left.
|inactive|Northgdh has 20 seconds left.
|
|t:|1783984428
|detailschange|p2b: Aerodactyl|Aerodactyl-Mega, L50, F
|-mega|p2b: Aerodactyl|Aerodactyl|Aerodactylite
|detailschange|p1a: purple|Delphox-Mega, L50, F, shiny
|-mega|p1a: purple|Delphox|Delphoxite
|move|p1a: purple|Protect|p1a: purple
|-singleturn|p1a: purple|Protect
|move|p2b: Aerodactyl|Tailwind|p2b: Aerodactyl
|-sidestart|p2: Pakaan64|move: Tailwind
|move|p2a: Kingambit|Iron Head|p1b: honeybee
|-damage|p1b: honeybee|14/100
|move|p1b: honeybee|Close Combat|p2a: Kingambit
|-supereffective|p2a: Kingambit|2
|-enditem|p2a: Kingambit|Focus Sash
|-damage|p2a: Kingambit|1/100
|-unboost|p1b: honeybee|def|1
|-unboost|p1b: honeybee|spd|1
|
|upkeep
|turn|2
|
|t:|1783984452
|move|p1b: honeybee|Quick Guard|p1b: honeybee
|-singleturn|p1b: honeybee|Quick Guard
|move|p2a: Kingambit|Sucker Punch|p1a: purple
|-activate|p1a: purple|move: Quick Guard
|move|p2b: Aerodactyl|Rock Slide|p1b: honeybee|[spread] p1a,p1b
|-supereffective|p1a: purple|1
|-resisted|p1b: honeybee|1
|-damage|p1a: purple|21/100
|-damage|p1b: honeybee|0 fnt
|faint|p1b: honeybee
|cant|p1a: purple|flinch
|
|upkeep
|
|t:|1783984465
|switch|p1b: drop dead|Kingambit, L50, M, shiny|100/100
|turn|3
|
|t:|1783984478
|switch|p1a: stupid song|Incineroar, L50, M, shiny|100/100
|-ability|p1a: stupid song|Intimidate|boost
|-unboost|p2a: Kingambit|atk|1
|-ability|p2a: Kingambit|Defiant|boost
|-boost|p2a: Kingambit|atk|2
|-unboost|p2b: Aerodactyl|atk|1
|move|p1b: drop dead|Sucker Punch|p2a: Kingambit
|-resisted|p2a: Kingambit|1
|-damage|p2a: Kingambit|0 fnt
|faint|p2a: Kingambit
|-damage|p1b: drop dead|90/100|[from] item: Life Orb
|move|p2b: Aerodactyl|Rock Slide|p1a: stupid song|[spread] p1b
|-miss|p2b: Aerodactyl|p1a: stupid song
|-resisted|p1b: drop dead|1
|-damage|p1b: drop dead|83/100
|
|upkeep
|
|t:|1783984492
|switch|p2a: Sylveon|Sylveon, L50, F|100/100
|turn|4
|
|t:|1783984507
|switch|p2b: Farigiraf|Farigiraf, L50, F|100/100
|move|p1a: stupid song|Fake Out||[still]
|cant|p2b: Farigiraf|ability: Armor Tail|Fake Out|[of] p1a: stupid song
|move|p2a: Sylveon|Hyper Voice|p1a: stupid song|[spread] p1a,p1b
|-damage|p1a: stupid song|58/100
|-damage|p1b: drop dead|39/100
|-damage|p2a: Sylveon|90/100|[from] item: Life Orb
|move|p1b: drop dead|Kowtow Cleave|p2b: Farigiraf
|-supereffective|p2b: Farigiraf|1
|-enditem|p2b: Farigiraf|Colbur Berry|[eat]
|-enditem|p2b: Farigiraf|Colbur Berry|[weaken]
|-damage|p2b: Farigiraf|31/100
|-damage|p1b: drop dead|30/100|[from] item: Life Orb
|
|-sideend|p2: Pakaan64|move: Tailwind
|upkeep
|turn|5
|inactive|Northgdh has 30 seconds left.
|
|t:|1783984533
|move|p2b: Farigiraf|Helping Hand|p2a: Sylveon
|-singleturn|p2a: Sylveon|Helping Hand|[of] p2b: Farigiraf
|move|p1b: drop dead|Protect|p1b: drop dead
|-singleturn|p1b: drop dead|Protect
|move|p2a: Sylveon|Hyper Voice|p1b: drop dead|[spread] p1a
|-activate|p1b: drop dead|move: Protect
|-damage|p1a: stupid song|0 fnt
|faint|p1a: stupid song
|-damage|p2a: Sylveon|80/100|[from] item: Life Orb
|
|upkeep
|
|t:|1783984541
|switch|p1a: purple|Delphox-Mega, L50, F, shiny|21/100
|turn|6
|
|t:|1783984555
|move|p2a: Sylveon|Protect|p2a: Sylveon
|-singleturn|p2a: Sylveon|Protect
|move|p1a: purple|Heat Wave|p2b: Farigiraf|[spread] p2b
|-activate|p2a: Sylveon|move: Protect
|-damage|p2b: Farigiraf|4/100
|move|p1b: drop dead|Kowtow Cleave|p2a: Sylveon
|-activate|p2a: Sylveon|move: Protect
|move|p2b: Farigiraf|Twin Beam|p1a: purple
|-resisted|p1a: purple|1
|-damage|p1a: purple|15/100
|-resisted|p1a: purple|1
|-damage|p1a: purple|8/100
|-hitcount|p1a: purple|2
|
|upkeep
|turn|7
|inactive|Pakaan64 has 30 seconds left.
|
|t:|1783984580
|move|p2b: Farigiraf|Helping Hand|p2a: Sylveon
|-singleturn|p2a: Sylveon|Helping Hand|[of] p2b: Farigiraf
|move|p1a: purple|Heat Wave|p2b: Farigiraf|[spread] p2a
|-miss|p1a: purple|p2b: Farigiraf
|-damage|p2a: Sylveon|45/100
|move|p2a: Sylveon|Hyper Voice|p1b: drop dead|[spread] p1a,p1b
|-resisted|p1a: purple|1
|-damage|p1a: purple|0 fnt
|-damage|p1b: drop dead|0 fnt
|faint|p1a: purple
|faint|p1b: drop dead
|-damage|p2a: Sylveon|35/100|[from] item: Life Orb
|
|win|Pakaan64
