|j|☆therealkenkaniff
|j|☆Markingdra
|html|therealkenkaniffMarkingdra    
|uhtml|bestof|Game 2 of a best-of-3
|t:|1756697893
|gametype|doubles
|player|p1|therealkenkaniff|cynthia|1138
|player|p2|Markingdra|bugcatcher-gen4dp|1245
|gen|9
|tier|[Gen 9] VGC 2025 Reg H (Bo3)
|rated|
|rule|Species Clause: Limit one of each Pokémon
|rule|Item Clause: Limit 1 of each item
|clearpoke
|poke|p1|Whimsicott, L50, F|
|poke|p1|Dragapult, L50, M|
|poke|p1|Gholdengo, L50|
|poke|p1|Sneasler, L50, M|
|poke|p1|Hydreigon, L50, M|
|poke|p1|Amoonguss, L50, M|
|poke|p2|Archaludon, L50, M|
|poke|p2|Rillaboom, L50, F|
|poke|p2|Basculegion, L50, M|
|poke|p2|Kingambit, L50, M|
|poke|p2|Pelipper, L50, M|
|poke|p2|Electabuzz, L50, F|
|teampreview|4
|showteam|p1|Whimsicott||CovertCloak|Prankster|Moonblast,Tailwind,Encore,FakeTears|||F|||50|,,,,,Dark]Dragapult||ChoiceBand|ClearBody|DragonDarts,PhantomForce,SuckerPunch,Uturn|||M|||50|,,,,,Dragon]Gholdengo||MetalCoat|GoodasGold|Protect,MakeItRain,ShadowBall,NastyPlot||||||50|,,,,,Steel]Sneasler||WhiteHerb|Unburden|Protect,DireClaw,CloseCombat,FakeOut|||M|||50|,,,,,Stellar]Hydreigon||LifeOrb|Levitate|Protect,DracoMeteor,DarkPulse,EarthPower|||M|||50|,,,,,Ghost]Amoonguss||MentalHerb|Regenerator|Protect,RagePowder,PollenPuff,Spore|||M|||50|,,,,,Water
|showteam|p2|Archaludon||AssaultVest|Stamina|ElectroShot,DracoMeteor,FlashCannon,BodyPress|||M|||50|,,,,,Bug]Rillaboom||LoadedDice|GrassySurge|BulletSeed,GrassyGlide,FakeOut,HighHorsepower|||F|||50|,,,,,Fire]Basculegion||ChoiceBand|SwiftSwim|WaveCrash,LastRespects,FlipTurn,AquaJet|||M|||50|,,,,,Grass]Kingambit||BlackGlasses|Defiant|KowtowCleave,SuckerPunch,SwordsDance,Protect|||M|||50|,,,,,Dark]Pelipper||FocusSash|Drizzle|WeatherBall,Hurricane,Tailwind,Protect|||M|||50|,,,,,Ghost]Electabuzz||Eviolite|VitalSpirit|Electroweb,Taunt,FollowMe,Protect|||F|||50|,,,,,Ghost
|inactive|Battle timer is ON: inactive players will automatically lose when time's up. (requested by therealkenkaniff)
|inactive|therealkenkaniff has 60 seconds left.
|inactive|Markingdra has 60 seconds left.
|
|t:|1756697947
|teamsize|p1|4
|teamsize|p2|4
|start
|switch|p1a: Whimsicott|Whimsicott, L50, F|100/100
|switch|p1b: Hydreigon|Hydreigon, L50, M|100/100
|switch|p2a: Pelipper|Pelipper, L50, M|100/100
|switch|p2b: Basculegion|Basculegion, L50, M, shiny|100/100
|-weather|RainDance|[from] ability: Drizzle|[of] p2a: Pelipper
|turn|1
|j| God of restricted
|
|t:|1756697968
|switch|p2b: Kingambit|Kingambit, L50, M, shiny|100/100
|move|p1a: Whimsicott|Moonblast|p2a: Pelipper
|-damage|p2a: Pelipper|41/100
|move|p1b: Hydreigon|Dark Pulse|p2a: Pelipper
|-damage|p2a: Pelipper|0 fnt
|faint|p2a: Pelipper
|-damage|p1b: Hydreigon|91/100|[from] item: Life Orb
|
|-weather|RainDance|[upkeep]
|upkeep
|
|t:|1756697978
|switch|p2a: Archaludon|Archaludon, L50, M, shiny|100/100
|turn|2
|
|t:|1756698003
|-terastallize|p2a: Archaludon|Bug
|move|p1a: Whimsicott|Fake Tears|p2a: Archaludon
|-unboost|p2a: Archaludon|spd|2
|move|p1b: Hydreigon|Earth Power|p2a: Archaludon
|-resisted|p2a: Archaludon
|-damage|p2a: Archaludon|70/100
|-ability|p2a: Archaludon|Stamina|boost
|-boost|p2a: Archaludon|def|1
|-damage|p1b: Hydreigon|81/100|[from] item: Life Orb
|move|p2a: Archaludon|Flash Cannon|p1a: Whimsicott
|-supereffective|p1a: Whimsicott
|-damage|p1a: Whimsicott|0 fnt
|faint|p1a: Whimsicott
|move|p2b: Kingambit|Swords Dance|p2b: Kingambit
|-boost|p2b: Kingambit|atk|2
|
|-weather|RainDance|[upkeep]
|upkeep
|
|t:|1756698017
|switch|p1a: Sneasler|Sneasler, L50, M|100/100
|turn|3
|
|t:|1756698032
|-terastallize|p1a: Sneasler|Stellar
|move|p2b: Kingambit|Sucker Punch|p1a: Sneasler
|-resisted|p1a: Sneasler
|-damage|p1a: Sneasler|19/100
|move|p1a: Sneasler|Close Combat|p2a: Archaludon
|-resisted|p2a: Archaludon
|-damage|p2a: Archaludon|50/100
|-unboost|p1a: Sneasler|def|1
|-unboost|p1a: Sneasler|spd|1
|-ability|p2a: Archaludon|Stamina|boost
|-boost|p2a: Archaludon|def|1
|-enditem|p1a: Sneasler|White Herb
|-clearnegativeboost|p1a: Sneasler|[silent]
|move|p1b: Hydreigon|Draco Meteor|p2a: Archaludon
|-damage|p2a: Archaludon|0 fnt
|-unboost|p1b: Hydreigon|spa|2
|faint|p2a: Archaludon
|-damage|p1b: Hydreigon|72/100|[from] item: Life Orb
|
|-weather|RainDance|[upkeep]
|upkeep
|
|t:|1756698048
|switch|p2a: Basculegion|Basculegion, L50, M, shiny|100/100
|turn|4
|l| God of restricted
|inactive|therealkenkaniff has 30 seconds left.
|inactive|therealkenkaniff has 20 seconds left.
|
|t:|1756698087
|move|p1a: Sneasler|Protect|p1a: Sneasler
|-singleturn|p1a: Sneasler|Protect
|move|p2b: Kingambit|Sucker Punch||[still]
|-fail|p2b: Kingambit
|move|p2a: Basculegion|Wave Crash|p1b: Hydreigon
|-resisted|p1b: Hydreigon
|-damage|p1b: Hydreigon|0 fnt
|faint|p1b: Hydreigon
|-damage|p2a: Basculegion|80/100|[from] Recoil
|
|-weather|RainDance|[upkeep]
|upkeep
|
|t:|1756698095
|switch|p1b: Gholdengo|Gholdengo, L50|100/100
|turn|5
|
|t:|1756698114
|move|p1a: Sneasler|Protect|p1a: Sneasler
|-singleturn|p1a: Sneasler|Protect
|move|p1b: Gholdengo|Protect|p1b: Gholdengo
|-singleturn|p1b: Gholdengo|Protect
|move|p2b: Kingambit|Sucker Punch||[still]
|-fail|p2b: Kingambit
|move|p2a: Basculegion|Wave Crash|p1b: Gholdengo
|-activate|p1b: Gholdengo|move: Protect
|
|-weather|none
|upkeep
|turn|6
|inactive|therealkenkaniff has 30 seconds left.
|
|t:|1756698145
|move|p1a: Sneasler|Protect||[still]
|-fail|p1a: Sneasler
|move|p2b: Kingambit|Sucker Punch|p1b: Gholdengo
|-supereffective|p1b: Gholdengo
|-damage|p1b: Gholdengo|0 fnt
|faint|p1b: Gholdengo
|move|p2a: Basculegion|Wave Crash|p1a: Sneasler
|-damage|p1a: Sneasler|0 fnt
|faint|p1a: Sneasler
|-damage|p2a: Basculegion|75/100|[from] Recoil
|
|win|Markingdra
||therealkenkaniff is ready for game 3.
||Markingdra is ready for game 3.
|uhtml|next|Next: Game 3 of 3
|l|☆Markingdra
|player|p2|
