|j|☆C0ozer
|j|☆Ilzaar
|html|C0ozerIlzaar    
|uhtml|bestof|Game 1 of a best-of-3
|t:|1782337686
|gametype|doubles
|player|p1|C0ozer|lucas|1081
|player|p2|Ilzaar|169|1120
|gen|9
|tier|[Gen 9 Champions] VGC 2026 Reg M-B (Bo3)
|rated|
|rule|Species Clause: Limit one of each Pokémon
|rule|Item Clause: Limit 1 of each item
|clearpoke
|poke|p1|Charizard, L50, F|
|poke|p1|Scrafty, L50, M|
|poke|p1|Gholdengo, L50|
|poke|p1|Whimsicott, L50, F|
|poke|p1|Toxapex, L50, F|
|poke|p1|Garchomp, L50, M|
|poke|p2|Charizard, L50, F|
|poke|p2|Incineroar, L50, F|
|poke|p2|Floette-Eternal, L50, F|
|poke|p2|Venusaur, L50, F|
|poke|p2|Sinistcha-Masterpiece, L50|
|poke|p2|Garchomp, L50, F|
|teampreview|4
|showteam|p1|Charizard||CharizarditeY|Blaze|HeatWave,WeatherBall,SolarBeam,Protect|Timid||F|||50|]Scrafty||Scraftinite|Intimidate|FakeOut,KnockOff,CloseCombat,Detect|Impish||M|||50|]Gholdengo||LifeOrb|GoodasGold|FlashCannon,ShadowBall,NastyPlot,Protect|Timid|||||50|]Whimsicott||FocusSash|Prankster|Moonblast,Encore,Tailwind,Protect|Timid||F|||50|]Toxapex||Leftovers|Regenerator|Toxic,Haze,Infestation,BanefulBunker|Bold||F|||50|]Garchomp||SitrusBerry|RoughSkin|BreakingSwipe,RockSlide,StompingTantrum,Protect|Adamant||M|||50|
|showteam|p2|Charizard||CharizarditeY|Blaze|WeatherBall,HeatWave,SolarBeam,Protect|Modest||F|||50|]Incineroar||SitrusBerry|Intimidate|FakeOut,FlareBlitz,ThroatChop,PartingShot|Careful||F|||50|]Floette-Eternal||Floettite|FlowerVeil|Moonblast,DazzlingGleam,CalmMind,Protect|Modest||F|||50|]Venusaur||FocusSash|Chlorophyll|SleepPowder,SludgeBomb,EarthPower,Protect|Timid||F|||50|]Sinistcha-Masterpiece||KasibBerry|Hospitality|RagePowder,MatchaGotcha,TrickRoom,Protect|Bold|||||50|]Garchomp||ChoiceScarf|RoughSkin|Earthquake,StompingTantrum,DragonClaw,RockSlide|Adamant||F|||50|
|inactive|Battle timer is ON: inactive players will automatically lose when time's up. (requested by C0ozer)
|inactive|Ilzaar has 60 seconds left.
|inactive|Ilzaar has 30 seconds left.
|inactive|Ilzaar has 20 seconds left.
|inactive|Ilzaar has 15 seconds left.
|inactive|Ilzaar has 10 seconds left.
|inactive|Ilzaar has 5 seconds left.
|
|t:|1782337777
|teamsize|p1|4
|teamsize|p2|4
|start
|switch|p1a: Scrafty|Scrafty, L50, M|100/100
|switch|p1b: Toxapex|Toxapex, L50, F|100/100
|switch|p2a: Incineroar|Incineroar, L50, F|100/100
|switch|p2b: Garchomp|Garchomp, L50, F|100/100
|-ability|p2a: Incineroar|Intimidate|boost
|-unboost|p1a: Scrafty|atk|1
|-unboost|p1b: Toxapex|atk|1
|-ability|p1a: Scrafty|Intimidate|boost
|-unboost|p2a: Incineroar|atk|1
|-unboost|p2b: Garchomp|atk|1
|turn|1
|inactive|Ilzaar has 30 seconds left.
|inactive|Ilzaar has 20 seconds left.
|inactive|Ilzaar has 15 seconds left.
|inactive|Ilzaar has 10 seconds left.
|inactive|Ilzaar has 5 seconds left.
|
|t:|1782337828
|switch|p2b: Venusaur|Venusaur, L50, F|100/100
|detailschange|p1a: Scrafty|Scrafty-Mega, L50, M
|-mega|p1a: Scrafty|Scrafty|Scraftinite
|-ability|p1a: Scrafty|Intimidate|boost
|-unboost|p2a: Incineroar|atk|1
|-unboost|p2b: Venusaur|atk|1
|move|p2a: Incineroar|Fake Out|p1a: Scrafty
|-damage|p1a: Scrafty|96/100
|cant|p1a: Scrafty|flinch
|move|p1b: Toxapex|Toxic|p2b: Venusaur
|-immune|p2b: Venusaur
|
|upkeep
|turn|2
|inactive|C0ozer has 30 seconds left.
|inactive|Ilzaar has 30 seconds left.
|
|t:|1782337860
|move|p1b: Toxapex|Baneful Bunker|p1b: Toxapex
|-singleturn|p1b: Toxapex|move: Protect
|move|p2b: Venusaur|Earth Power|p1b: Toxapex
|-activate|p1b: Toxapex|move: Protect
|move|p2a: Incineroar|Parting Shot|p1a: Scrafty
|-unboost|p1a: Scrafty|atk|1
|-unboost|p1a: Scrafty|spa|1
|
|t:|1782337873
|switch|p2a: Garchomp|Garchomp, L50, F|100/100|[from] Parting Shot
|move|p1a: Scrafty|Close Combat|p2a: Garchomp
|-damage|p2a: Garchomp|74/100
|-unboost|p1a: Scrafty|def|1
|-unboost|p1a: Scrafty|spd|1
|-damage|p1a: Scrafty|84/100|[from] ability: Rough Skin|[of] p2a: Garchomp
|
|upkeep
|turn|3
|
|t:|1782337885
|switch|p2b: Charizard|Charizard, L50, F|100/100
|switch|p1a: Gholdengo|Gholdengo, L50|100/100
|switch|p1b: Garchomp|Garchomp, L50, M|100/100
|move|p2a: Garchomp|Earthquake|p1a: Gholdengo|[spread] p1a,p1b
|-immune|p2b: Charizard
|-supereffective|p1a: Gholdengo|1
|-damage|p1a: Gholdengo|21/100
|-damage|p1b: Garchomp|66/100
|
|upkeep
|turn|4
|inactive|C0ozer has 30 seconds left.
|inactive|Ilzaar has 30 seconds left.
|inactive|C0ozer has 20 seconds left.
|inactive|Ilzaar has 20 seconds left.
|inactive|Ilzaar has 15 seconds left.
|inactive|Ilzaar has 10 seconds left.
|
|t:|1782337931
|switch|p1a: Scrafty|Scrafty-Mega, L50, M|84/100
|-ability|p1a: Scrafty|Intimidate|boost
|-unboost|p2a: Garchomp|atk|1
|-unboost|p2b: Charizard|atk|1
|move|p2b: Charizard|Protect|p2b: Charizard
|-singleturn|p2b: Charizard|Protect
|move|p2a: Garchomp|Earthquake|p1a: Scrafty|[spread] p1a,p1b
|-activate|p2b: Charizard|move: Protect
|-damage|p1a: Scrafty|65/100
|-damage|p1b: Garchomp|41/100
|-enditem|p1b: Garchomp|Sitrus Berry|[eat]
|-heal|p1b: Garchomp|66/100|[from] item: Sitrus Berry
|move|p1b: Garchomp|Rock Slide|p2b: Charizard|[spread] p2a
|-activate|p2b: Charizard|move: Protect
|-resisted|p2a: Garchomp|1
|-damage|p2a: Garchomp|64/100
|
|upkeep
|turn|5
|inactive|C0ozer has 30 seconds left.
|inactive|Ilzaar has 30 seconds left.
|inactive|Ilzaar has 20 seconds left.
|inactive|Ilzaar has 15 seconds left.
|inactive|Ilzaar has 10 seconds left.
|
|t:|1782337980
|switch|p2a: Venusaur|Venusaur, L50, F|100/100
|switch|p2b: Incineroar|Incineroar, L50, F|100/100
|-ability|p2b: Incineroar|Intimidate|boost
|-unboost|p1a: Scrafty|atk|1
|-unboost|p1b: Garchomp|atk|1
|move|p1a: Scrafty|Fake Out|p2a: Venusaur
|-damage|p2a: Venusaur|88/100
|move|p1b: Garchomp|Breaking Swipe|p2a: Venusaur|[spread] p2a,p2b
|-crit|p2a: Venusaur
|-damage|p2a: Venusaur|38/100
|-damage|p2b: Incineroar|86/100
|-unboost|p2a: Venusaur|atk|1
|-unboost|p2b: Incineroar|atk|1
|
|upkeep
|turn|6
|inactive|C0ozer has 30 seconds left.
|inactive|Ilzaar has 30 seconds left.
|inactive|Ilzaar has 20 seconds left.
|inactive|Ilzaar has 15 seconds left.
|
|t:|1782338023
|move|p2b: Incineroar|Fake Out|p1b: Garchomp
|-damage|p1b: Garchomp|60/100
|-damage|p2b: Incineroar|73/100|[from] ability: Rough Skin|[of] p1b: Garchomp
|move|p2a: Venusaur|Sludge Bomb|p1a: Scrafty
|-damage|p1a: Scrafty|33/100
|-status|p1a: Scrafty|psn
|cant|p1b: Garchomp|flinch
|move|p1a: Scrafty|Close Combat|p2b: Incineroar
|-supereffective|p2b: Incineroar|1
|-damage|p2b: Incineroar|7/100
|-unboost|p1a: Scrafty|def|1
|-unboost|p1a: Scrafty|spd|1
|-enditem|p2b: Incineroar|Sitrus Berry|[eat]
|-heal|p2b: Incineroar|32/100|[from] item: Sitrus Berry
|
|-damage|p1a: Scrafty|21/100 psn|[from] psn
|upkeep
|turn|7
|inactive|Ilzaar has 30 seconds left.
|inactive|Ilzaar has 20 seconds left.
|inactive|Ilzaar has 15 seconds left.
|inactive|Ilzaar has 10 seconds left.
|
|t:|1782338072
|switch|p1a: Gholdengo|Gholdengo, L50|21/100
|move|p2a: Venusaur|Earth Power|p1b: Garchomp
|-crit|p1b: Garchomp
|-damage|p1b: Garchomp|25/100
|move|p1b: Garchomp|Breaking Swipe|p2a: Venusaur|[spread] p2a,p2b
|-crit|p2a: Venusaur
|-damage|p2a: Venusaur|0 fnt
|-damage|p2b: Incineroar|18/100
|-unboost|p2b: Incineroar|atk|1
|faint|p2a: Venusaur
|move|p2b: Incineroar|Flare Blitz|p1a: Gholdengo
|-supereffective|p1a: Gholdengo|1
|-damage|p1a: Gholdengo|0 fnt
|faint|p1a: Gholdengo
|-damage|p2b: Incineroar|11/100|[from] Recoil
|
|upkeep
|
|t:|1782338087
|switch|p2a: Garchomp|Garchomp, L50, F|64/100
|switch|p1a: Scrafty|Scrafty-Mega, L50, M|21/100 psn
|-ability|p1a: Scrafty|Intimidate|boost
|-unboost|p2a: Garchomp|atk|1
|-unboost|p2b: Incineroar|atk|1
|turn|8
|inactive|Ilzaar has 30 seconds left.
|inactive|Ilzaar has 20 seconds left.
|
|t:|1782338126
|move|p1a: Scrafty|Fake Out|p2a: Garchomp
|-damage|p2a: Garchomp|52/100
|-damage|p1a: Scrafty|9/100 psn|[from] ability: Rough Skin|[of] p2a: Garchomp
|cant|p2a: Garchomp|flinch
|move|p1b: Garchomp|Breaking Swipe|p2b: Incineroar|[spread] p2a,p2b
|-supereffective|p2a: Garchomp|1
|-damage|p2a: Garchomp|22/100
|-damage|p2b: Incineroar|0 fnt
|-unboost|p2a: Garchomp|atk|1
|-damage|p1b: Garchomp|13/100|[from] ability: Rough Skin|[of] p2a: Garchomp
|faint|p2b: Incineroar
|
|-damage|p1a: Scrafty|0 fnt|[from] psn
|faint|p1a: Scrafty
|upkeep
|
|t:|1782338140
|switch|p2b: Charizard|Charizard, L50, F|100/100
|switch|p1a: Toxapex|Toxapex, L50, F|100/100
|turn|9
|
|t:|1782338159
|detailschange|p2b: Charizard|Charizard-Mega-Y, L50, F
|-mega|p2b: Charizard|Charizard|Charizardite Y
|-weather|SunnyDay|[from] ability: Drought|[of] p2b: Charizard
|move|p2a: Garchomp|Earthquake|p1b: Garchomp|[spread] p1a,p1b
|-immune|p2b: Charizard
|-supereffective|p1a: Toxapex|1
|-damage|p1a: Toxapex|73/100
|-damage|p1b: Garchomp|0 fnt
|faint|p1b: Garchomp
|move|p2b: Charizard|Solar Beam||[still]
|-prepare|p2b: Charizard|Solar Beam
|-anim|p2b: Charizard|Solar Beam|p1a: Toxapex
|-damage|p1a: Toxapex|36/100
|move|p1a: Toxapex|Toxic|p2a: Garchomp
|-status|p2a: Garchomp|tox
|
|-weather|SunnyDay|[upkeep]
|-heal|p1a: Toxapex|42/100|[from] item: Leftovers
|-damage|p2a: Garchomp|16/100 tox|[from] psn
|upkeep
|turn|10
|
|t:|1782338177
|move|p1a: Toxapex|Baneful Bunker|p1a: Toxapex
|-singleturn|p1a: Toxapex|move: Protect
|move|p2a: Garchomp|Earthquake|p1a: Toxapex|[spread] 
|-activate|p1a: Toxapex|move: Protect
|-immune|p2b: Charizard
|move|p2b: Charizard|Solar Beam||[still]
|-prepare|p2b: Charizard|Solar Beam
|-anim|p2b: Charizard|Solar Beam|p1a: Toxapex
|-activate|p1a: Toxapex|move: Protect
|
|-weather|SunnyDay|[upkeep]
|-heal|p1a: Toxapex|47/100|[from] item: Leftovers
|-damage|p2a: Garchomp|4/100 tox|[from] psn
|upkeep
|turn|11
|
|t:|1782338194
|move|p1a: Toxapex|Baneful Bunker||[still]
|-fail|p1a: Toxapex
|move|p2a: Garchomp|Earthquake|p1a: Toxapex|[spread] p1a
|-immune|p2b: Charizard
|-supereffective|p1a: Toxapex|1
|-damage|p1a: Toxapex|21/100
|move|p2b: Charizard|Solar Beam||[still]
|-prepare|p2b: Charizard|Solar Beam
|-anim|p2b: Charizard|Solar Beam|p1a: Toxapex
|-damage|p1a: Toxapex|0 fnt
|faint|p1a: Toxapex
|
|win|Ilzaar
