|j|☆Dominicex
|j|☆rovbmc
|html|Dominicexrovbmc    
|uhtml|bestof|Game 2 of a best-of-3
|t:|1783898444
|gametype|doubles
|player|p1|Dominicex|#smogonxnpa2026draftee|
|player|p2|rovbmc|#dplxicratermakers|
|gen|9
|tier|[Gen 9 Champions] VGC 2026 Reg M-B (Bo3)
|rule|Species Clause: Limit one of each Pokémon
|rule|Item Clause: Limit 1 of each item
|clearpoke
|poke|p1|Blastoise, L50, F|
|poke|p1|Delphox, L50, M|
|poke|p1|Sneasler, L50, M|
|poke|p1|Incineroar, L50, F|
|poke|p1|Sinistcha-Masterpiece, L50|
|poke|p1|Kingambit, L50, M|
|poke|p2|Charizard, L50, F|
|poke|p2|Aerodactyl, L50, F|
|poke|p2|Farigiraf, L50, M|
|poke|p2|Incineroar, L50, M|
|poke|p2|Sylveon, L50, M|
|poke|p2|Garchomp, L50, F|
|teampreview|4
|showteam|p1|Blastoise||Blastoisinite|Torrent|WaterSpout,DarkPulse,ShellSmash,Protect|Modest||F|||50|]Delphox||Delphoxite|Blaze|HeatWave,Psyshock,NastyPlot,Protect|Timid||M|||50|]Sneasler||FocusSash|PoisonTouch|FakeOut,CloseCombat,DireClaw,QuickGuard|Jolly||M|||50|]Incineroar||SitrusBerry|Intimidate|FakeOut,DarkestLariat,FlareBlitz,PartingShot|Impish||F|||50|]Sinistcha-Masterpiece||KasibBerry|Hospitality|MatchaGotcha,RagePowder,TrickRoom,Protect|Bold|||||50|]Kingambit||BlackGlasses|Defiant|KowtowCleave,SuckerPunch,SwordsDance,Protect|Adamant||M|||50|
|showteam|p2|Charizard||CharizarditeY|Blaze|HeatWave,WeatherBall,SolarBeam,Protect|Modest||F|||50|]Aerodactyl||FocusSash|Unnerve|RockSlide,Tailwind,WideGuard,Protect|Jolly||F|||50|]Farigiraf||SitrusBerry|ArmorTail|Psyshock,HelpingHand,TrickRoom,Protect|Calm||M|||50|]Incineroar||Charcoal|Intimidate|FlareBlitz,DarkestLariat,PartingShot,FakeOut|Brave||M|||50|]Sylveon||FairyFeather|Pixilate|HyperVoice,Yawn,QuickAttack,Protect|Modest||M|||50|]Garchomp||LifeOrb|RoughSkin|Earthquake,DragonClaw,StompingTantrum,Protect|Jolly||F|||50|
|j| srvoltmike
|j| xmarsh
|j| Skwovetboi
|j| kunal
|j| Kenan
|j| Hasayo
|c| srvoltmike|GO COSMOGS
|j| skittycel
|j| Chris Numbers
|
|t:|1783898475
|teamsize|p1|4
|teamsize|p2|4
|start
|switch|p1a: Blastoise|Blastoise, L50, F|100/100
|switch|p1b: Sneasler|Sneasler, L50, M|100/100
|switch|p2a: Aerodactyl|Aerodactyl, L50, F|100/100
|switch|p2b: Sylveon|Sylveon, L50, M|100/100
|-ability|p2a: Aerodactyl|Unnerve
|turn|1
|
|t:|1783898500
|switch|p2b: Garchomp|Garchomp, L50, F|100/100
|detailschange|p1a: Blastoise|Blastoise-Mega, L50, F
|-mega|p1a: Blastoise|Blastoise|Blastoisinite
|move|p2a: Aerodactyl|Tailwind|p2a: Aerodactyl
|-sidestart|p2: rovbmc|move: Tailwind
|move|p1b: Sneasler|Close Combat|p2a: Aerodactyl
|-enditem|p2a: Aerodactyl|Focus Sash
|-damage|p2a: Aerodactyl|1/100
|-unboost|p1b: Sneasler|def|1
|-unboost|p1b: Sneasler|spd|1
|move|p1a: Blastoise|Water Spout|p2b: Garchomp|[spread] p2a,p2b
|-supereffective|p2a: Aerodactyl|1
|-damage|p2a: Aerodactyl|0 fnt
|-damage|p2b: Garchomp|22/100
|faint|p2a: Aerodactyl
|
|upkeep
|
|t:|1783898513
|switch|p2a: Charizard|Charizard, L50, F|100/100
|turn|2
|
|t:|1783898520
|switch|p1b: Incineroar|Incineroar, L50, F|100/100
|-ability|p1b: Incineroar|Intimidate|boost
|-unboost|p2a: Charizard|atk|1
|-unboost|p2b: Garchomp|atk|1
|detailschange|p2a: Charizard|Charizard-Mega-Y, L50, F
|-mega|p2a: Charizard|Charizard|Charizardite Y
|-weather|SunnyDay|[from] ability: Drought|[of] p2a: Charizard
|move|p1a: Blastoise|Protect|p1a: Blastoise
|-singleturn|p1a: Blastoise|Protect
|move|p2b: Garchomp|Earthquake|p1a: Blastoise|[spread] p1b
|-activate|p1a: Blastoise|move: Protect
|-immune|p2a: Charizard
|-supereffective|p1b: Incineroar|1
|-damage|p1b: Incineroar|50/100y
|-enditem|p1b: Incineroar|Sitrus Berry|[eat]
|-heal|p1b: Incineroar|74/100|[from] item: Sitrus Berry
|-damage|p2b: Garchomp|12/100|[from] item: Life Orb
|move|p2a: Charizard|Heat Wave|p1b: Incineroar|[spread] p1b
|-activate|p1a: Blastoise|move: Protect
|-resisted|p1b: Incineroar|1
|-damage|p1b: Incineroar|47/100
|
|-weather|SunnyDay|[upkeep]
|upkeep
|turn|3
|j| Chien pao master
|j| thebusinesspiggy2
|
|t:|1783898541
|move|p1b: Incineroar|Fake Out|p2a: Charizard
|-damage|p2a: Charizard|89/100
|move|p2b: Garchomp|Earthquake|p1b: Incineroar|[spread] p1a,p1b
|-immune|p2a: Charizard
|-crit|p1a: Blastoise
|-supereffective|p1b: Incineroar|1
|-damage|p1a: Blastoise|27/100
|-damage|p1b: Incineroar|0 fnt
|faint|p1b: Incineroar
|-damage|p2b: Garchomp|2/100|[from] item: Life Orb
|cant|p2a: Charizard|flinch
|move|p1a: Blastoise|Shell Smash|p1a: Blastoise
|-unboost|p1a: Blastoise|def|1
|-unboost|p1a: Blastoise|spd|1
|-boost|p1a: Blastoise|atk|2
|-boost|p1a: Blastoise|spa|2
|-boost|p1a: Blastoise|spe|2
|
|-weather|SunnyDay|[upkeep]
|upkeep
|j| AIRedzone
|j| LogIce
|
|t:|1783898556
|switch|p1b: Sinistcha|Sinistcha-Masterpiece, L50|100/100
|-heal|p1a: Blastoise|52/100|[from] ability: Hospitality|[of] p1b: Sinistcha
|turn|4
|l| Hasayo
|l| Chien pao master
|j| Chien pao master
|
|t:|1783898594
|switch|p2b: Sylveon|Sylveon, L50, M|100/100
|switch|p1b: Sneasler|Sneasler, L50, M|100/100
|move|p1a: Blastoise|Protect|p1a: Blastoise
|-singleturn|p1a: Blastoise|Protect
|move|p2a: Charizard|Heat Wave|p1b: Sneasler|[spread] p1b
|-activate|p1a: Blastoise|move: Protect
|-damage|p1b: Sneasler|17/100
|-status|p1b: Sneasler|brn
|
|-weather|SunnyDay|[upkeep]
|-damage|p1b: Sneasler|12/100 brn|[from] brn
|-sideend|p2: rovbmc|move: Tailwind
|upkeep
|turn|5
|
|t:|1783898627
|move|p1a: Blastoise|Water Spout|p2a: Charizard|[spread] p2a,p2b
|-supereffective|p2a: Charizard|1
|-damage|p2a: Charizard|29/100
|-damage|p2b: Sylveon|73/100
|move|p1b: Sneasler|Dire Claw|p2b: Sylveon
|-supereffective|p2b: Sylveon|1
|-damage|p2b: Sylveon|31/100
|-status|p2b: Sylveon|psn|[from] ability: Poison Touch|[of] p1b: Sneasler
|move|p2a: Charizard|Solar Beam||[still]
|-prepare|p2a: Charizard|Solar Beam
|-anim|p2a: Charizard|Solar Beam|p1a: Blastoise
|-supereffective|p1a: Blastoise|1
|-damage|p1a: Blastoise|0 fnt
|faint|p1a: Blastoise
|move|p2b: Sylveon|Hyper Voice|p1b: Sneasler
|-crit|p1b: Sneasler
|-damage|p1b: Sneasler|0 fnt
|faint|p1b: Sneasler
|
|-weather|SunnyDay|[upkeep]
|-damage|p2b: Sylveon|18/100 psn|[from] psn
|upkeep
|
|t:|1783898640
|switch|p1b: Sinistcha|Sinistcha-Masterpiece, L50|100/100
|turn|6
|
|t:|1783898648
|switch|p2a: Garchomp|Garchomp, L50, F|2/100
|move|p1b: Sinistcha|Matcha Gotcha|p2a: Garchomp|[spread] p2a,p2b
|-damage|p2a: Garchomp|0 fnt
|-damage|p2b: Sylveon|0 fnt
|faint|p2a: Garchomp
|faint|p2b: Sylveon
|
|-weather|none
|upkeep
|
|t:|1783898654
|switch|p2a: Charizard|Charizard-Mega-Y, L50, F|29/100
|-weather|SunnyDay|[from] ability: Drought|[of] p2a: Charizard
|turn|7
|
|t:|1783898656
|move|p2a: Charizard|Weather Ball|p1b: Sinistcha
|-supereffective|p1b: Sinistcha|1
|-damage|p1b: Sinistcha|0 fnt
|faint|p1b: Sinistcha
|
|win|rovbmc
||rovbmc is ready for game 3.
||Dominicex is ready for game 3.
|uhtml|next|Next: Game 3 of 3
|l| Chien pao master
|j|+Radio Free C-Side
|l|+Radio Free C-Side
|l| LogIce
|j| ned04817
|l| xmarsh
|j| tortuga desnuda
|j| porygon2
|l| Kenan
|j|+mizuhime
|l| porygon2
|j| Chien pao master
|l| srvoltmike
|l| Chien pao master
|l| kunal
|l| thebusinesspiggy2
|l| Skwovetboi
|l| AIRedzone
|l|☆Dominicex
|player|p1|
|j|+Radio Free C-Side
