|j|☆JLUKES
|j|☆abadanriyi92
|html|JLUKESabadanriyi92    
|uhtml|bestof|Game 3 of a best-of-3
|t:|1785895059
|gametype|doubles
|player|p1|JLUKES|265|1348
|player|p2|abadanriyi92|colress|1309
|gen|9
|tier|[Gen 9 Champions] VGC 2026 Reg M-B (Bo3)
|rated|
|rule|Species Clause: Limit one of each Pokémon
|rule|Item Clause: Limit 1 of each item
|clearpoke
|poke|p1|Delphox, L50, M|
|poke|p1|Garchomp, L50, M|
|poke|p1|Staraptor, L50, M|
|poke|p1|Whimsicott, L50, M|
|poke|p1|Glimmora, L50, M|
|poke|p1|Kingambit, L50, F|
|poke|p2|Tyranitar, L50, M|
|poke|p2|Excadrill, L50, F|
|poke|p2|Milotic, L50, M|
|poke|p2|Sinistcha, L50|
|poke|p2|Staraptor, L50, M|
|poke|p2|Gholdengo, L50|
|teampreview|4
|showteam|p1|Delphox||Delphoxite|Blaze|Psychic,HeatWave,Encore,Protect|Timid||M|||50|]Garchomp||ChoiceScarf|RoughSkin|Earthquake,StompingTantrum,DragonClaw,RockSlide|Adamant||M|||50|]Staraptor||Staraptite|Intimidate|CloseCombat,BraveBird,Roost,Protect|Jolly||M|||50|]Whimsicott||OccaBerry|Prankster|Moonblast,Charm,Tailwind,LightScreen|Timid||M|||50|]Glimmora||FocusSash|ToxicDebris|SludgeBomb,PowerGem,EarthPower,SpikyShield|Modest||M|||50|]Kingambit||ChopleBerry|Defiant|KowtowCleave,SuckerPunch,IronHead,LowKick|Adamant||F|||50|
|showteam|p2|Tyranitar||Tyranitarite|SandStream|KnockOff,RockSlide,HighHorsepower,Protect|Jolly||M|||50|]Excadrill||FocusSash|SandRush|Earthquake,IronHead,RockSlide,Protect|Adamant||F|||50|]Milotic||SitrusBerry|Competitive|Scald,IcyWind,Haze,Protect|Calm||M|||50|]Sinistcha||ColburBerry|Hospitality|MatchaGotcha,ShadowBall,Protect,RagePowder|Bold|||||50|]Staraptor||Staraptite|Intimidate|CloseCombat,BraveBird,Tailwind,Protect|Jolly||M|||50|]Gholdengo||LifeOrb|GoodasGold|MakeItRain,ShadowBall,NastyPlot,Protect|Modest|||||50|
|inactive|Battle timer is ON: inactive players will automatically lose when time's up. (requested by JLUKES)
|inactive|JLUKES has 60 seconds left.
|
|t:|1785895110
|teamsize|p1|4
|teamsize|p2|4
|start
|switch|p1a: Kingambit|Kingambit, L50, F|100/100
|switch|p1b: Whimsicott|Whimsicott, L50, M|100/100
|switch|p2a: Tyranitar|Tyranitar, L50, M|100/100
|switch|p2b: Excadrill|Excadrill, L50, F|100/100
|-weather|Sandstorm|[from] ability: Sand Stream|[of] p2a: Tyranitar
|turn|1
|inactive|abadanriyi92 has 30 seconds left.
|inactive|abadanriyi92 has 20 seconds left.
|
|t:|1785895145
|move|p2a: Tyranitar|Protect|p2a: Tyranitar
|-singleturn|p2a: Tyranitar|Protect
|move|p1b: Whimsicott|Charm|p2b: Excadrill
|-unboost|p2b: Excadrill|atk|2
|move|p2b: Excadrill|Earthquake|p1b: Whimsicott|[spread] p1a,p1b
|-activate|p2a: Tyranitar|move: Protect
|-supereffective|p1a: Kingambit|1
|-resisted|p1b: Whimsicott|1
|-damage|p1a: Kingambit|65/100
|-damage|p1b: Whimsicott|88/100
|move|p1a: Kingambit|Low Kick|p2a: Tyranitar
|-activate|p2a: Tyranitar|move: Protect
|
|-weather|Sandstorm|[upkeep]
|-damage|p1b: Whimsicott|82/100|[from] Sandstorm
|upkeep
|turn|2
|
|t:|1785895165
|move|p1b: Whimsicott|Tailwind|p1b: Whimsicott
|-sidestart|p1: JLUKES|move: Tailwind
|move|p2b: Excadrill|Iron Head|p1b: Whimsicott
|-supereffective|p1b: Whimsicott|1
|-damage|p1b: Whimsicott|38/100
|move|p1a: Kingambit|Low Kick|p2a: Tyranitar
|-supereffective|p2a: Tyranitar|2
|-damage|p2a: Tyranitar|0 fnt
|faint|p2a: Tyranitar
|
|-weather|Sandstorm|[upkeep]
|-damage|p1b: Whimsicott|32/100|[from] Sandstorm
|upkeep
|
|t:|1785895176
|switch|p2a: Staraptor|Staraptor, L50, M|100/100
|-ability|p2a: Staraptor|Intimidate|boost
|-unboost|p1a: Kingambit|atk|1
|-ability|p1a: Kingambit|Defiant|boost
|-boost|p1a: Kingambit|atk|2
|-unboost|p1b: Whimsicott|atk|1
|turn|3
|inactive|JLUKES has 30 seconds left.
|
|t:|1785895203
|detailschange|p2a: Staraptor|Staraptor-Mega, L50, M
|-mega|p2a: Staraptor|Staraptor|Staraptite
|move|p1a: Kingambit|Sucker Punch|p2b: Excadrill
|-damage|p2b: Excadrill|18/100
|move|p1b: Whimsicott|Moonblast|p2a: Staraptor
|-supereffective|p2a: Staraptor|1
|-damage|p2a: Staraptor|49/100
|move|p2b: Excadrill|Earthquake|p1a: Kingambit|[spread] p1a,p1b
|-immune|p2a: Staraptor
|-supereffective|p1a: Kingambit|1
|-resisted|p1b: Whimsicott|1
|-damage|p1a: Kingambit|30/100
|-damage|p1b: Whimsicott|23/100
|move|p2a: Staraptor|Close Combat|p1a: Kingambit
|-supereffective|p1a: Kingambit|2
|-enditem|p1a: Kingambit|Chople Berry|[eat]
|-enditem|p1a: Kingambit|Chople Berry|[weaken]
|-damage|p1a: Kingambit|0 fnt
|-boost|p2a: Staraptor|def|1
|-boost|p2a: Staraptor|spd|1
|faint|p1a: Kingambit
|
|-weather|Sandstorm|[upkeep]
|-damage|p1b: Whimsicott|17/100|[from] Sandstorm
|-damage|p2a: Staraptor|43/100|[from] Sandstorm
|upkeep
|inactive|JLUKES has 30 seconds left.
|inactive|JLUKES has 20 seconds left.
|inactive|JLUKES has 15 seconds left.
|inactive|JLUKES has 10 seconds left.
|
|t:|1785895250
|switch|p1a: Delphox|Delphox, L50, M|100/100
|turn|4
|inactive|abadanriyi92 has 30 seconds left.
|
|t:|1785895278
|switch|p2b: Milotic|Milotic, L50, M|100/100
|detailschange|p1a: Delphox|Delphox-Mega, L50, M
|-mega|p1a: Delphox|Delphox|Delphoxite
|move|p2a: Staraptor|Protect|p2a: Staraptor
|-singleturn|p2a: Staraptor|Protect
|move|p1a: Delphox|Heat Wave|p2b: Milotic|[spread] p2b
|-activate|p2a: Staraptor|move: Protect
|-resisted|p2b: Milotic|1
|-damage|p2b: Milotic|85/100
|move|p1b: Whimsicott|Moonblast|p2a: Staraptor
|-activate|p2a: Staraptor|move: Protect
|
|-weather|Sandstorm|[upkeep]
|-damage|p1a: Delphox|94/100|[from] Sandstorm
|-damage|p1b: Whimsicott|11/100|[from] Sandstorm
|-damage|p2a: Staraptor|37/100|[from] Sandstorm
|-damage|p2b: Milotic|80/100|[from] Sandstorm
|upkeep
|turn|5
|inactive|JLUKES has 30 seconds left.
|
|t:|1785895312
|move|p1b: Whimsicott|Light Screen|p1b: Whimsicott
|-sidestart|p1: JLUKES|move: Light Screen
|move|p1a: Delphox|Psychic|p2a: Staraptor
|-supereffective|p2a: Staraptor|1
|-damage|p2a: Staraptor|0 fnt
|faint|p2a: Staraptor
|move|p2b: Milotic|Icy Wind|p1b: Whimsicott|[spread] p1a,p1b
|-resisted|p1a: Delphox|1
|-supereffective|p1b: Whimsicott|1
|-damage|p1a: Delphox|91/100
|-damage|p1b: Whimsicott|0 fnt
|-unboost|p1a: Delphox|spe|1
|faint|p1b: Whimsicott
|
|-weather|none
|-sideend|p1: JLUKES|move: Tailwind
|upkeep
|
|t:|1785895328
|switch|p2a: Excadrill|Excadrill, L50, F|18/100
|switch|p1b: Glimmora|Glimmora, L50, M|100/100
|turn|6
|inactive|JLUKES has 30 seconds left.
|inactive|JLUKES has 20 seconds left.
|inactive|JLUKES has 15 seconds left.
|inactive|JLUKES has 10 seconds left.
|
|t:|1785895377
|move|p2a: Excadrill|Protect|p2a: Excadrill
|-singleturn|p2a: Excadrill|Protect
|move|p1b: Glimmora|Earth Power|p2a: Excadrill
|-activate|p2a: Excadrill|move: Protect
|move|p1a: Delphox|Encore|p2b: Milotic
|-start|p2b: Milotic|Encore
|move|p2b: Milotic|Icy Wind|p1a: Delphox|[spread] p1a,p1b
|-resisted|p1a: Delphox|1
|-damage|p1a: Delphox|88/100
|-damage|p1b: Glimmora|91/100
|-unboost|p1a: Delphox|spe|1
|-unboost|p1b: Glimmora|spe|1
|
|upkeep
|turn|7
|inactive|JLUKES has 30 seconds left.
|
|t:|1785895408
|move|p1b: Glimmora|Spiky Shield|p1b: Glimmora
|-singleturn|p1b: Glimmora|move: Protect
|move|p2a: Excadrill|Rock Slide|p1b: Glimmora|[spread] p1a
|-activate|p1b: Glimmora|move: Protect
|-supereffective|p1a: Delphox|1
|-damage|p1a: Delphox|17/100
|move|p2b: Milotic|Icy Wind|p1a: Delphox|[spread] p1a
|-activate|p1b: Glimmora|move: Protect
|-resisted|p1a: Delphox|1
|-damage|p1a: Delphox|14/100
|-unboost|p1a: Delphox|spe|1
|move|p1a: Delphox|Psychic|p2a: Excadrill
|-resisted|p2a: Excadrill|1
|-damage|p2a: Excadrill|0 fnt
|faint|p2a: Excadrill
|
|upkeep
|turn|8
|
|t:|1785895430
|move|p2b: Milotic|Icy Wind|p1b: Glimmora|[spread] p1a,p1b
|-resisted|p1a: Delphox|1
|-damage|p1a: Delphox|11/100
|-damage|p1b: Glimmora|82/100
|-unboost|p1a: Delphox|spe|1
|-unboost|p1b: Glimmora|spe|1
|move|p1b: Glimmora|Sludge Bomb|p2b: Milotic
|-damage|p2b: Milotic|42/100
|-enditem|p2b: Milotic|Sitrus Berry|[eat]
|-heal|p2b: Milotic|66/100|[from] item: Sitrus Berry
|move|p1a: Delphox|Psychic|p2b: Milotic
|-damage|p2b: Milotic|33/100
|
|-end|p2b: Milotic|Encore
|upkeep
|turn|9
|inactive|JLUKES has 30 seconds left.
|inactive|abadanriyi92 has 30 seconds left.
|
|t:|1785895461
|move|p2b: Milotic|Protect|p2b: Milotic
|-singleturn|p2b: Milotic|Protect
|move|p1b: Glimmora|Sludge Bomb|p2b: Milotic
|-activate|p2b: Milotic|move: Protect
|move|p1a: Delphox|Psychic|p2b: Milotic
|-activate|p2b: Milotic|move: Protect
|
|-sideend|p1: JLUKES|move: Light Screen
|upkeep
|turn|10
|inactive|JLUKES has 30 seconds left.
|inactive|JLUKES has 20 seconds left.
|
|t:|1785895496
|move|p2b: Milotic|Scald|p1b: Glimmora
|-supereffective|p1b: Glimmora|1
|-damage|p1b: Glimmora|5/100
|move|p1b: Glimmora|Sludge Bomb|p2b: Milotic
|-damage|p2b: Milotic|0 fnt
|faint|p2b: Milotic
|
|win|JLUKES
|raw|JLUKES's rating: 1348 → 1366(+18 for winning)
|raw|abadanriyi92's rating: 1309 → 1291(-18 for losing)
|c|☆abadanriyi92|dam ggs
|c|☆JLUKES|gg
