|j|☆ultraclaw1
|j|☆Passevgc
|html|ultraclaw1Passevgc    
|uhtml|bestof|Game 3 of a best-of-3
|t:|1783949447
|gametype|doubles
|player|p1|ultraclaw1|brycenman|1341
|player|p2|Passevgc|102|1240
|gen|9
|tier|[Gen 9 Champions] VGC 2026 Reg M-B (Bo3)
|rated|
|rule|Species Clause: Limit one of each Pokémon
|rule|Item Clause: Limit 1 of each item
|clearpoke
|poke|p1|Maushold, L50|
|poke|p1|Kingambit, L50, M|
|poke|p1|Garchomp, L50, M|
|poke|p1|Basculegion, L50, M|
|poke|p1|Talonflame, L50, M|
|poke|p1|Floette-Eternal, L50, F|
|poke|p2|Gengar, L50, M|
|poke|p2|Swampert, L50, M|
|poke|p2|Incineroar, L50, F|
|poke|p2|Politoed, L50, M|
|poke|p2|Archaludon, L50, F|
|poke|p2|Vivillon, L50, M|
|teampreview|4
|showteam|p1|Maushold||FocusSash|FriendGuard|SuperFang,Feint,FollowMe,Protect|Timid|||||50|]Kingambit||ChopleBerry|Defiant|KowtowCleave,SuckerPunch,LowKick,IronHead|Adamant||M|||50|]Garchomp||LifeOrb|RoughSkin|RockSlide,Earthquake,DragonClaw,Protect|Jolly||M|||50|]Basculegion||MysticWater|Adaptability|WaveCrash,LastRespects,AquaJet,Protect|Adamant||M|||50|]Talonflame||SharpBeak|GaleWings|QuickGuard,DualWingbeat,Tailwind,Protect|Jolly||M|||50|]Floette-Eternal||Floettite|FlowerVeil|LightofRuin,Protect,Moonblast,DazzlingGleam|Modest||F|||50|
|showteam|p2|Gengar||Gengarite|CursedBody|ShadowBall,PerishSong,SludgeBomb,Protect|Timid||M|||50|]Swampert||Swampertite|Torrent|WaveCrash,Earthquake,IcePunch,Protect|Adamant||M|||50|]Incineroar||PasshoBerry|Intimidate|ThroatChop,PartingShot,FakeOut,Protect|Sassy||F|||50|]Politoed||SitrusBerry|Drizzle|WeatherBall,PerishSong,Encore,Protect|Calm||M|||50|]Archaludon||Leftovers|Stamina|DragonPulse,FlashCannon,ElectroShot,Protect|Bold||F|||50|]Vivillon||FocusSash|CompoundEyes|Hurricane,SleepPowder,RagePowder,Protect|Timid||M|||50|
|inactive|Battle timer is ON: inactive players will automatically lose when time's up. (requested by ultraclaw1)
|inactive|Passevgc has 60 seconds left.
|
|t:|1783949481
|teamsize|p1|4
|teamsize|p2|4
|start
|switch|p1a: Talonflame|Talonflame, L50, M|100/100
|switch|p1b: Garchomp|Garchomp, L50, M|100/100
|switch|p2a: Incineroar|Incineroar, L50, F|100/100
|switch|p2b: Swampert|Swampert, L50, M|100/100
|-ability|p2a: Incineroar|Intimidate|boost
|-unboost|p1a: Talonflame|atk|1
|-unboost|p1b: Garchomp|atk|1
|turn|1
|
|t:|1783949491
|switch|p2a: Politoed|Politoed, L50, M|100/100
|-weather|RainDance|[from] ability: Drizzle|[of] p2a: Politoed
|detailschange|p2b: Swampert|Swampert-Mega, L50, M
|-mega|p2b: Swampert|Swampert|Swampertite
|move|p1a: Talonflame|Protect|p1a: Talonflame
|-singleturn|p1a: Talonflame|Protect
|move|p2b: Swampert|Wave Crash|p1a: Talonflame
|-activate|p1a: Talonflame|move: Protect
|move|p1b: Garchomp|Earthquake|p2b: Swampert|[spread] p2a,p2b
|-activate|p1a: Talonflame|move: Protect
|-damage|p2a: Politoed|64/100
|-damage|p2b: Swampert|74/100
|-damage|p1b: Garchomp|90/100|[from] item: Life Orb
|
|-weather|RainDance|[upkeep]
|upkeep
|turn|2
|inactive|Passevgc has 30 seconds left.
|
|t:|1783949524
|switch|p1b: Basculegion|Basculegion, L50, M|100/100
|switch|p2a: Incineroar|Incineroar, L50, F|100/100
|-ability|p2a: Incineroar|Intimidate|boost
|-unboost|p1a: Talonflame|atk|1
|-unboost|p1b: Basculegion|atk|1
|move|p1a: Talonflame|Tailwind|p1a: Talonflame
|-sidestart|p1: ultraclaw1|move: Tailwind
|move|p2b: Swampert|Wave Crash|p1a: Talonflame
|-supereffective|p1a: Talonflame|1
|-damage|p1a: Talonflame|0 fnt
|faint|p1a: Talonflame
|-damage|p2b: Swampert|48/100|[from] Recoil
|
|-weather|RainDance|[upkeep]
|upkeep
|
|t:|1783949529
|switch|p1a: Floette|Floette-Eternal, L50, F|100/100
|turn|3
|inactive|Passevgc has 30 seconds left.
|
|t:|1783949556
|detailschange|p1a: Floette|Floette-Mega, L50, F
|-mega|p1a: Floette|Floette|Floettite
|-ability|p1a: Floette|Fairy Aura
|move|p2a: Incineroar|Protect|p2a: Incineroar
|-singleturn|p2a: Incineroar|Protect
|move|p1a: Floette|Light of Ruin|p2a: Incineroar
|-activate|p2a: Incineroar|move: Protect
|move|p1b: Basculegion|Wave Crash|p2b: Swampert
|-damage|p2b: Swampert|0 fnt
|faint|p2b: Swampert
|-damage|p1b: Basculegion|83/100|[from] Recoil
|
|-weather|RainDance|[upkeep]
|upkeep
|inactive|Passevgc has 30 seconds left.
|
|t:|1783949588
|switch|p2b: Gengar|Gengar, L50, M|100/100
|turn|4
|
|t:|1783949604
|switch|p2a: Politoed|Politoed, L50, M|64/100
|move|p2b: Gengar|Protect|p2b: Gengar
|-singleturn|p2b: Gengar|Protect
|move|p1a: Floette|Light of Ruin|p2a: Politoed
|-damage|p2a: Politoed|0 fnt
|faint|p2a: Politoed
|-damage|p1a: Floette|59/100|[from] Recoil
|move|p1b: Basculegion|Wave Crash|p2b: Gengar
|-activate|p2b: Gengar|move: Protect
|
|-weather|RainDance|[upkeep]
|upkeep
|
|t:|1783949616
|switch|p2a: Incineroar|Incineroar, L50, F|100/100
|-ability|p2a: Incineroar|Intimidate|boost
|-unboost|p1a: Floette|atk|1
|-unboost|p1b: Basculegion|atk|1
|turn|5
|
|t:|1783949626
|switch|p1a: Garchomp|Garchomp, L50, M|90/100
|move|p2b: Gengar|Protect||[still]
|-fail|p2b: Gengar
|move|p2a: Incineroar|Fake Out|p1a: Garchomp
|-damage|p1a: Garchomp|80/100
|-damage|p2a: Incineroar|87/100|[from] ability: Rough Skin|[of] p1a: Garchomp
|move|p1b: Basculegion|Wave Crash|p2b: Gengar
|-damage|p2b: Gengar|0 fnt
|-start|p1b: Basculegion|Disable|Wave Crash|[from] ability: Cursed Body|[of] p2b: Gengar
|faint|p2b: Gengar
|-damage|p1b: Basculegion|58/100|[from] Recoil
|
|-weather|none
|-sideend|p1: ultraclaw1|move: Tailwind
|upkeep
|turn|6
|-message|Passevgc forfeited.
|
|win|ultraclaw1
|raw|ultraclaw1's rating: 1341 → 1355(+14 for winning)
|raw|Passevgc's rating: 1240 → 1222(-18 for losing)
|l|☆Passevgc
|player|p2|
|l|☆ultraclaw1
|player|p1|
|j|☆ultraclaw1
|player|p1|ultraclaw1|brycenman|
