|j|☆gwen1126
|j|☆6549p
|html|gwen11266549p    
|uhtml|bestof|Game 2 of a best-of-3
|t:|1784713175
|gametype|doubles
|player|p1|gwen1126|265|1086
|player|p2|6549p|tuberf|1121
|gen|9
|tier|[Gen 9 Champions] VGC 2026 Reg M-B (Bo3)
|rated|
|rule|Species Clause: Limit one of each Pokémon
|rule|Item Clause: Limit 1 of each item
|clearpoke
|poke|p1|Decidueye-Hisui, L50, F|
|poke|p1|Chandelure, L50, F|
|poke|p1|Liepard, L50, M|
|poke|p1|Scizor, L50, M|
|poke|p1|Greninja, L50, M|
|poke|p1|Aerodactyl, L50, M|
|poke|p2|Mudsdale, L50, F|
|poke|p2|Gardevoir, L50, M|
|poke|p2|Incineroar, L50, F|
|poke|p2|Farigiraf, L50, M|
|poke|p2|Torkoal, L50, M|
|poke|p2|Venusaur, L50, F|
|teampreview|4
|showteam|p1|Decidueye-Hisui||ScopeLens|Scrappy|LeafBlade,TripleArrows,KnockOff,Protect|Adamant||F|||50|]Chandelure||ColburBerry|FlashFire|ShadowBall,HeatWave,Taunt,Protect|Modest||F|||50|]Liepard||FocusBand|Prankster|ThroatChop,Yawn,Encore,PsychicFangs|Serious||M|||50|]Scizor||Scizorite|Technician|IronHead,CloseCombat,Lunge,Protect|Adamant||M|||50|]Greninja||LifeOrb|Protean|IceBeam,LowKick,RockTomb,Protect|Hasty||M|||50|]Aerodactyl||Aerodactylite|RockHead|RockSlide,AerialAce,PsychicFangs,Protect|Jolly||M|||50|
|showteam|p2|Mudsdale||LifeOrb|InnerFocus|HighHorsepower,RockSlide,HeavySlam,CloseCombat|Brave||F|||50|]Gardevoir||Gardevoirite|Trace|HyperVoice,Psychic,TrickRoom,Protect|Quiet||M|||50|]Incineroar||BlackGlasses|Intimidate|FlareBlitz,DarkestLariat,FakeOut,PartingShot|Sassy||F|||50|]Farigiraf||SitrusBerry|ArmorTail|Psychic,Thunderbolt,TrickRoom,Protect|Sassy||M|||50|]Torkoal||Charcoal|Drought|Eruption,WeatherBall,Yawn,Protect|Quiet||M|||50|]Venusaur||FocusSash|Chlorophyll|SludgeBomb,EnergyBall,SleepPowder,Protect|Modest||F|||50|
|
|t:|1784713221
|teamsize|p1|4
|teamsize|p2|4
|start
|switch|p1a: Aerodactyl|Aerodactyl, L50, M|100/100
|switch|p1b: Chandelure|Chandelure, L50, F|100/100
|switch|p2a: Torkoal|Torkoal, L50, M|100/100
|switch|p2b: Venusaur|Venusaur, L50, F|100/100
|-weather|SunnyDay|[from] ability: Drought|[of] p2a: Torkoal
|turn|1
|
|t:|1784713264
|switch|p2a: Incineroar|Incineroar, L50, F|100/100
|-ability|p2a: Incineroar|Intimidate|boost
|-unboost|p1a: Aerodactyl|atk|1
|-unboost|p1b: Chandelure|atk|1
|move|p2b: Venusaur|Sleep Powder|p1b: Chandelure|[miss]
|-miss|p2b: Venusaur|p1b: Chandelure
|move|p1a: Aerodactyl|Rock Slide|p2b: Venusaur|[spread] p2a,p2b
|-supereffective|p2a: Incineroar|1
|-damage|p2a: Incineroar|70/100
|-damage|p2b: Venusaur|78/100
|move|p1b: Chandelure|Taunt|p2b: Venusaur
|-start|p2b: Venusaur|move: Taunt
|
|-weather|SunnyDay|[upkeep]
|upkeep
|turn|2
|inactive|Battle timer is ON: inactive players will automatically lose when time's up. (requested by 6549p)
|
|t:|1784713310
|detailschange|p1a: Aerodactyl|Aerodactyl-Mega, L50, M
|-mega|p1a: Aerodactyl|Aerodactyl|Aerodactylite
|move|p1a: Aerodactyl|Protect|p1a: Aerodactyl
|-singleturn|p1a: Aerodactyl|Protect
|move|p1b: Chandelure|Protect|p1b: Chandelure
|-singleturn|p1b: Chandelure|Protect
|move|p2b: Venusaur|Sludge Bomb|p1b: Chandelure
|-activate|p1b: Chandelure|move: Protect
|move|p2a: Incineroar|Darkest Lariat|p1b: Chandelure
|-activate|p1b: Chandelure|move: Protect
|
|-weather|SunnyDay|[upkeep]
|upkeep
|turn|3
|inactive|gwen1126 has 30 seconds left.
|
|t:|1784713340
|move|p2b: Venusaur|Sludge Bomb|p1b: Chandelure
|-resisted|p1b: Chandelure|1
|-damage|p1b: Chandelure|76/100
|-status|p1b: Chandelure|psn
|move|p1a: Aerodactyl|Psychic Fangs|p2b: Venusaur
|-supereffective|p2b: Venusaur|1
|-damage|p2b: Venusaur|10/100
|move|p1b: Chandelure|Heat Wave|p2a: Incineroar|[spread] p2a,p2b
|-resisted|p2a: Incineroar|1
|-supereffective|p2b: Venusaur|1
|-damage|p2a: Incineroar|45/100
|-damage|p2b: Venusaur|0 fnt
|faint|p2b: Venusaur
|move|p2a: Incineroar|Darkest Lariat|p1b: Chandelure
|-supereffective|p1b: Chandelure|1
|-enditem|p1b: Chandelure|Colbur Berry|[eat]
|-enditem|p1b: Chandelure|Colbur Berry|[weaken]
|-damage|p1b: Chandelure|31/100 psn
|
|-weather|SunnyDay|[upkeep]
|-damage|p1b: Chandelure|19/100 psn|[from] psn
|upkeep
|
|t:|1784713361
|switch|p2b: Gardevoir|Gardevoir, L50, M|100/100
|-ability|p2b: Gardevoir|Flash Fire|Trace|[from] ability: Trace|[of] p1b: Chandelure
|turn|4
|inactive|gwen1126 has 30 seconds left.
|
|t:|1784713389
|switch|p2a: Torkoal|Torkoal, L50, M|100/100
|detailschange|p2b: Gardevoir|Gardevoir-Mega, L50, M
|-mega|p2b: Gardevoir|Gardevoir|Gardevoirite
|move|p1b: Chandelure|Protect|p1b: Chandelure
|-singleturn|p1b: Chandelure|Protect
|move|p1a: Aerodactyl|Rock Slide|p2b: Gardevoir|[spread] p2b
|-miss|p1a: Aerodactyl|p2a: Torkoal
|-damage|p2b: Gardevoir|70/100
|move|p2b: Gardevoir|Trick Room|p2b: Gardevoir
|-fieldstart|move: Trick Room|[of] p2b: Gardevoir
|
|-weather|SunnyDay|[upkeep]
|-damage|p1b: Chandelure|7/100 psn|[from] psn
|upkeep
|turn|5
|inactive|gwen1126 has 30 seconds left.
|
|t:|1784713423
|move|p1a: Aerodactyl|Protect|p1a: Aerodactyl
|-singleturn|p1a: Aerodactyl|Protect
|move|p2a: Torkoal|Eruption|p1a: Aerodactyl|[spread] 
|-activate|p1a: Aerodactyl|move: Protect
|-start|p1b: Chandelure|ability: Flash Fire
|move|p1b: Chandelure|Shadow Ball|p2b: Gardevoir
|-supereffective|p2b: Gardevoir|1
|-damage|p2b: Gardevoir|0 fnt
|faint|p2b: Gardevoir
|
|-weather|none
|-damage|p1b: Chandelure|0 fnt|[from] psn
|faint|p1b: Chandelure
|upkeep
|
|t:|1784713442
|switch|p1b: Greninja|Greninja, L50, M|100/100
|switch|p2b: Incineroar|Incineroar, L50, F|45/100
|-ability|p2b: Incineroar|Intimidate|boost
|-unboost|p1a: Aerodactyl|atk|1
|-unboost|p1b: Greninja|atk|1
|turn|6
|
|t:|1784713466
|move|p2a: Torkoal|Eruption|p1b: Greninja|[spread] p1a,p1b
|-resisted|p1a: Aerodactyl|1
|-resisted|p1b: Greninja|1
|-damage|p1a: Aerodactyl|68/100
|-damage|p1b: Greninja|57/100
|move|p2b: Incineroar|Darkest Lariat|p1a: Aerodactyl
|-damage|p1a: Aerodactyl|18/100
|move|p1b: Greninja|Rock Tomb|p2b: Incineroar
|-start|p1b: Greninja|typechange|Rock|[from] ability: Protean
|-supereffective|p2b: Incineroar|1
|-damage|p2b: Incineroar|17/100
|-unboost|p2b: Incineroar|spe|1
|-damage|p1b: Greninja|47/100|[from] item: Life Orb
|move|p1a: Aerodactyl|Rock Slide|p2b: Incineroar|[spread] p2a,p2b
|-supereffective|p2a: Torkoal|1
|-supereffective|p2b: Incineroar|1
|-damage|p2a: Torkoal|78/100
|-damage|p2b: Incineroar|0 fnt
|faint|p2b: Incineroar
|
|upkeep
|turn|7
|inactive|gwen1126 has 30 seconds left.
|inactive|gwen1126 has 20 seconds left.
|
|t:|1784713502
|move|p1b: Greninja|Protect|p1b: Greninja
|-singleturn|p1b: Greninja|Protect
|move|p1a: Aerodactyl|Protect|p1a: Aerodactyl
|-singleturn|p1a: Aerodactyl|Protect
|move|p2a: Torkoal|Eruption|p1a: Aerodactyl|[spread] 
|-activate|p1a: Aerodactyl|move: Protect
|-activate|p1b: Greninja|move: Protect
|
|upkeep
|turn|8
|
|t:|1784713527
|move|p2a: Torkoal|Eruption|p1b: Greninja|[spread] p1a,p1b
|-resisted|p1a: Aerodactyl|1
|-resisted|p1b: Greninja|1
|-crit|p1b: Greninja
|-damage|p1a: Aerodactyl|0 fnt
|-damage|p1b: Greninja|0 fnt
|faint|p1a: Aerodactyl
|faint|p1b: Greninja
|
|-fieldend|move: Trick Room
|upkeep
|
|t:|1784713542
|switch|p1b: Decidueye|Decidueye-Hisui, L50, F|100/100
|turn|9
|
|t:|1784713563
|move|p1b: Decidueye|Triple Arrows|p2a: Torkoal
|-damage|p2a: Torkoal|41/100
|cant|p2a: Torkoal|flinch
|
|upkeep
|turn|10
|
|t:|1784713570
|move|p1b: Decidueye|Triple Arrows|p2a: Torkoal
|-crit|p2a: Torkoal
|-damage|p2a: Torkoal|0 fnt
|faint|p2a: Torkoal
|
|win|gwen1126
|raw|gwen1126's rating: 1086 → 1118(+32 for winning)
|raw|6549p's rating: 1149 → 1120(-29 for losing)
