|j|☆lettitripppp
|j|☆aztral09
|html|lettitrippppaztral09    
|uhtml|bestof|Game 1 of a best-of-3
|t:|1785783017
|gametype|doubles
|player|p1|lettitripppp|lucas|1265
|player|p2|aztral09|2|1207
|gen|9
|tier|[Gen 9 Champions] VGC 2026 Reg M-B (Bo3)
|rated|
|rule|Species Clause: Limit one of each Pokémon
|rule|Item Clause: Limit 1 of each item
|clearpoke
|poke|p1|Charizard, L50, M|
|poke|p1|Floette-Eternal, L50, F|
|poke|p1|Basculegion, L50, M|
|poke|p1|Whimsicott, L50, M, shiny|
|poke|p1|Garchomp, L50, F|
|poke|p1|Kingambit, L50, F, shiny|
|poke|p2|Pyroar, L50, F|
|poke|p2|Torkoal, L50, F|
|poke|p2|Vileplume, L50, M|
|poke|p2|Scrafty, L50, M|
|poke|p2|Basculegion, L50, M|
|poke|p2|Malamar, L50, F|
|teampreview|4
|showteam|p1|Charizard||CharizarditeY|Blaze|WeatherBall,SolarBeam,HeatWave,Protect|Modest||M|||50|]Floette-Eternal||Floettite|Symbiosis|DazzlingGleam,LightofRuin,Moonblast,Protect|Modest||F|||50|]Basculegion||MysticWater|Adaptability|LastRespects,WaveCrash,AquaJet,Protect|Adamant||M|||50|]Whimsicott||FocusSash|Prankster|Moonblast,Tailwind,Encore,Protect|Timid||M|||50|]Garchomp||LifeOrb|RoughSkin|StompingTantrum,DragonClaw,RockSlide,Protect|Jolly||F|||50|]Kingambit||ChopleBerry|Defiant|KowtowCleave,SuckerPunch,IronHead,LowKick|Adamant||F|||50|
|showteam|p2|Pyroar||Pyroarite|Unnerve|Protect,HeatWave,Overheat,SolarBeam|Timid||F|||50|]Torkoal||Charcoal|Drought|Protect,Eruption,Overheat,HelpingHand|Quiet||F|||50|]Vileplume||FocusSash|Chlorophyll|SleepPowder,LeafStorm,SludgeBomb,AfterYou|Timid||M|||50|]Scrafty||Scraftinite|Intimidate|FakeOut,KnockOff,CloseCombat,IcePunch|Adamant||M|||50|]Basculegion||ChoiceScarf|Adaptability|WaveCrash,FlipTurn,LastRespects,AquaJet|Jolly||M|||50|]Malamar||SitrusBerry|Contrary|Superpower,TopsyTurvy,RockSlide,TrickRoom|Brave||F|||50|
|inactive|Battle timer is ON: inactive players will automatically lose when time's up. (requested by lettitripppp)
|
|t:|1785783045
|teamsize|p1|4
|teamsize|p2|4
|start
|switch|p1a: AGNI|Charizard, L50, M|100/100
|switch|p1b: LETS GO AGAIN|Whimsicott, L50, M, shiny|100/100
|switch|p2a: Malamar|Malamar, L50, F|100/100
|switch|p2b: Scrafty|Scrafty, L50, M|100/100
|-ability|p2b: Scrafty|Intimidate|boost
|-unboost|p1a: AGNI|atk|1
|-unboost|p1b: LETS GO AGAIN|atk|1
|turn|1
|
|t:|1785783060
|detailschange|p1a: AGNI|Charizard-Mega-Y, L50, M
|-mega|p1a: AGNI|Charizard|Charizardite Y
|-weather|SunnyDay|[from] ability: Drought|[of] p1a: AGNI
|move|p2b: Scrafty|Fake Out|p1b: LETS GO AGAIN
|-damage|p1b: LETS GO AGAIN|81/100
|cant|p1b: LETS GO AGAIN|flinch
|move|p1a: AGNI|Weather Ball|p2a: Malamar
|-damage|p2a: Malamar|3/100
|-enditem|p2a: Malamar|Sitrus Berry|[eat]
|-heal|p2a: Malamar|27/100|[from] item: Sitrus Berry
|move|p2a: Malamar|Rock Slide|p1b: LETS GO AGAIN|[spread] p1a,p1b
|-supereffective|p1a: AGNI|2
|-damage|p1a: AGNI|46/100
|-damage|p1b: LETS GO AGAIN|58/100
|
|-weather|SunnyDay|[upkeep]
|upkeep
|turn|2
|inactive|aztral09 has 30 seconds left.
|
|t:|1785783089
|detailschange|p2b: Scrafty|Scrafty-Mega, L50, M
|-mega|p2b: Scrafty|Scrafty|Scraftinite
|-ability|p2b: Scrafty|Intimidate|boost
|-unboost|p1a: AGNI|atk|1
|-unboost|p1b: LETS GO AGAIN|atk|1
|move|p1b: LETS GO AGAIN|Moonblast|p2b: Scrafty
|-supereffective|p2b: Scrafty|2
|-damage|p2b: Scrafty|0 fnt
|faint|p2b: Scrafty
|move|p1a: AGNI|Heat Wave|p2a: Malamar
|-damage|p2a: Malamar|0 fnt
|faint|p2a: Malamar
|
|-weather|SunnyDay|[upkeep]
|upkeep
|
|t:|1785783101
|switch|p2b: Torkoal|Torkoal, L50, F|100/100
|switch|p2a: Pyroar|Pyroar, L50, F|100/100
|-ability|p2a: Pyroar|Unnerve
|turn|3
|
|t:|1785783112
|move|p2b: Torkoal|Helping Hand|p2a: Pyroar
|-singleturn|p2a: Pyroar|Helping Hand|[of] p2b: Torkoal
|move|p1a: AGNI|Protect|p1a: AGNI
|-singleturn|p1a: AGNI|Protect
|move|p1b: LETS GO AGAIN|Tailwind|p1b: LETS GO AGAIN
|-sidestart|p1: lettitripppp|move: Tailwind
|move|p2a: Pyroar|Heat Wave|p1a: AGNI|[spread] p1b
|-activate|p1a: AGNI|move: Protect
|-supereffective|p1b: LETS GO AGAIN|1
|-damage|p1b: LETS GO AGAIN|0 fnt
|faint|p1b: LETS GO AGAIN
|
|-weather|SunnyDay|[upkeep]
|upkeep
|
|t:|1785783120
|switch|p1b: CRUSH SHARK|Garchomp, L50, F|100/100
|turn|4
|
|t:|1785783129
|move|p1b: CRUSH SHARK|Stomping Tantrum|p2b: Torkoal
|-supereffective|p2b: Torkoal|1
|-damage|p2b: Torkoal|1/100
|-damage|p1b: CRUSH SHARK|90/100|[from] item: Life Orb
|move|p1a: AGNI|Weather Ball|p2b: Torkoal
|-resisted|p2b: Torkoal|1
|-damage|p2b: Torkoal|0 fnt
|faint|p2b: Torkoal
|move|p2a: Pyroar|Solar Beam||[still]
|-prepare|p2a: Pyroar|Solar Beam
|-anim|p2a: Pyroar|Solar Beam|p1b: CRUSH SHARK
|-damage|p1b: CRUSH SHARK|45/100
|
|-weather|SunnyDay|[upkeep]
|upkeep
|turn|5
|-message|aztral09 forfeited.
|
|win|lettitripppp
|l|☆aztral09
|player|p2|
||aztral09 is ready for game 2.
