|j|☆TheHorrorHare
|j|☆pikatrod
|html|TheHorrorHarepikatrod    
|uhtml|bestof|Game 3 of a best-of-3
|t:|1785817886
|gametype|doubles
|player|p1|TheHorrorHare|#wcor2025canada|1422
|player|p2|pikatrod|265|1524
|gen|9
|tier|[Gen 9 Champions] VGC 2026 Reg M-B (Bo3)
|rated|
|rule|Species Clause: Limit one of each Pokémon
|rule|Item Clause: Limit 1 of each item
|clearpoke
|poke|p1|Raichu, L50, M|
|poke|p1|Arcanine-Hisui, L50, M|
|poke|p1|Staraptor, L50, F|
|poke|p1|Sylveon, L50, M|
|poke|p1|Kingambit, L50, M|
|poke|p1|Farigiraf, L50, F|
|poke|p2|Froslass, L50, F|
|poke|p2|Dragonite, L50, F|
|poke|p2|Toxapex, L50, F|
|poke|p2|Sneasler, L50, M|
|poke|p2|Kingambit, L50, F|
|poke|p2|Blaziken, L50, F|
|teampreview|4
|showteam|p1|Raichu||RaichuniteY|LightningRod|ZapCannon,FocusBlast,FakeOut,Protect|Timid||M|||50|]Arcanine-Hisui||FocusSash|RockHead|HeadSmash,FlareBlitz,ExtremeSpeed,Protect|Jolly||M|||50|]Staraptor||Staraptite|Intimidate|CloseCombat,DualWingbeat,Tailwind,Protect|Jolly||F|||50|]Sylveon||FairyFeather|Pixilate|HyperVoice,HyperBeam,QuickAttack,Detect|Modest||M|||50|]Kingambit||LifeOrb|Defiant|KowtowCleave,SuckerPunch,SwordsDance,Protect|Adamant||M|||50|]Farigiraf||SitrusBerry|ArmorTail|Psychic,TrickRoom,HelpingHand,Protect|Calm||F|||50|
|showteam|p2|Froslass||Froslassite|CursedBody|Blizzard,ShadowBall,AuroraVeil,Protect|Timid||F|||50|]Dragonite||LifeOrb|InnerFocus|DragonClaw,ExtremeSpeed,LowKick,Protect|Adamant||F|||50|]Toxapex||Leftovers|Regenerator|Infestation,Toxic,WideGuard,BanefulBunker|Bold||F|||50|]Sneasler||FocusSash|PoisonTouch|CloseCombat,PoisonJab,FakeOut,Protect|Jolly||M|||50|]Kingambit||BlackGlasses|Defiant|KowtowCleave,IronHead,SuckerPunch,Protect|Adamant||F|||50|]Blaziken||Blazikenite|SpeedBoost|CloseCombat,FlareBlitz,RockSlide,Protect|Adamant||F|||50|
|inactive|Battle timer is ON: inactive players will automatically lose when time's up. (requested by TheHorrorHare)
|inactive|TheHorrorHare has 60 seconds left.
|inactive|pikatrod has 60 seconds left.
|inactive|pikatrod has 30 seconds left.
|inactive|pikatrod has 20 seconds left.
|inactive|pikatrod has 15 seconds left.
|inactive|pikatrod has 10 seconds left.
|inactive|pikatrod has 5 seconds left.
|
|t:|1785817972
|teamsize|p1|4
|teamsize|p2|4
|start
|switch|p1a: Staraptor|Staraptor, L50, F|100/100
|switch|p1b: Sylveon|Sylveon, L50, M|100/100
|switch|p2a: Sneasler|Sneasler, L50, M|100/100
|switch|p2b: Blaziken|Blaziken, L50, F|100/100
|-ability|p1a: Staraptor|Intimidate|boost
|-unboost|p2a: Sneasler|atk|1
|-unboost|p2b: Blaziken|atk|1
|turn|1
|
|t:|1785817990
|switch|p2b: Toxapex|Toxapex, L50, F|100/100
|move|p2a: Sneasler|Poison Jab|p1b: Sylveon
|-supereffective|p1b: Sylveon|1
|-damage|p1b: Sylveon|39/100
|-status|p1b: Sylveon|psn|[from] ability: Poison Touch|[of] p2a: Sneasler
|move|p1a: Staraptor|Tailwind|p1a: Staraptor
|-sidestart|p1: TheHorrorHare|move: Tailwind
|move|p1b: Sylveon|Hyper Voice|p2a: Sneasler|[spread] p2a,p2b
|-resisted|p2b: Toxapex|1
|-damage|p2a: Sneasler|31/100
|-damage|p2b: Toxapex|81/100
|
|-heal|p2b: Toxapex|87/100|[from] item: Leftovers
|-damage|p1b: Sylveon|27/100 psn|[from] psn
|upkeep
|turn|2
|
|t:|1785818008
|switch|p1b: Raichu|Raichu, L50, M|100/100
|move|p2a: Sneasler|Protect|p2a: Sneasler
|-singleturn|p2a: Sneasler|Protect
|move|p1a: Staraptor|Dual Wingbeat|p2a: Sneasler
|-activate|p2a: Sneasler|move: Protect
|move|p2b: Toxapex|Infestation|p1a: Staraptor
|-resisted|p1a: Staraptor|1
|-damage|p1a: Staraptor|97/100
|-activate|p1a: Staraptor|move: Infestation|[of] p2b: Toxapex
|
|-heal|p2b: Toxapex|92/100|[from] item: Leftovers
|-damage|p1a: Staraptor|85/100|[from] move: Infestation|[partiallytrapped]
|upkeep
|turn|3
|inactive|pikatrod has 30 seconds left.
|
|t:|1785818039
|switch|p2a: Kingambit|Kingambit, L50, F|100/100
|detailschange|p1b: Raichu|Raichu-Mega-Y, L50, M
|-mega|p1b: Raichu|Raichu|Raichunite Y
|move|p2b: Toxapex|Baneful Bunker|p2b: Toxapex
|-singleturn|p2b: Toxapex|move: Protect
|move|p1b: Raichu|Zap Cannon|p2b: Toxapex
|-activate|p2b: Toxapex|move: Protect
|move|p1a: Staraptor|Dual Wingbeat|p2a: Kingambit|[miss]
|-miss|p1a: Staraptor|p2a: Kingambit
|
|-heal|p2b: Toxapex|98/100|[from] item: Leftovers
|-damage|p1a: Staraptor|73/100|[from] move: Infestation|[partiallytrapped]
|upkeep
|turn|4
|inactive|pikatrod has 30 seconds left.
|inactive|pikatrod has 20 seconds left.
|inactive|pikatrod has 15 seconds left.
|
|t:|1785818081
|move|p2a: Kingambit|Sucker Punch|p1a: Staraptor
|-damage|p1a: Staraptor|12/100
|move|p1b: Raichu|Zap Cannon|p2b: Toxapex
|-supereffective|p2b: Toxapex|1
|-damage|p2b: Toxapex|3/100
|-status|p2b: Toxapex|par
|move|p1a: Staraptor|Close Combat|p2a: Kingambit
|-supereffective|p2a: Kingambit|2
|-damage|p2a: Kingambit|10/100
|-unboost|p1a: Staraptor|def|1
|-unboost|p1a: Staraptor|spd|1
|move|p2b: Toxapex|Infestation|p1b: Raichu
|-damage|p1b: Raichu|95/100
|-activate|p1b: Raichu|move: Infestation|[of] p2b: Toxapex
|
|-heal|p2b: Toxapex|8/100 par|[from] item: Leftovers
|-damage|p1b: Raichu|83/100|[from] move: Infestation|[partiallytrapped]
|-damage|p1a: Staraptor|1/100|[from] move: Infestation|[partiallytrapped]
|-sideend|p1: TheHorrorHare|move: Tailwind
|upkeep
|turn|5
|inactive|pikatrod has 30 seconds left.
|
|t:|1785818107
|move|p1b: Raichu|Protect|p1b: Raichu
|-singleturn|p1b: Raichu|Protect
|move|p2a: Kingambit|Sucker Punch||[still]
|-fail|p2a: Kingambit
|move|p1a: Staraptor|Tailwind|p1a: Staraptor
|-sidestart|p1: TheHorrorHare|move: Tailwind
|move|p2b: Toxapex|Toxic|p1a: Staraptor
|-status|p1a: Staraptor|tox
|
|-heal|p2b: Toxapex|14/100 par|[from] item: Leftovers
|-damage|p1a: Staraptor|0 fnt|[from] psn
|faint|p1a: Staraptor
|-damage|p1b: Raichu|71/100|[from] move: Infestation|[partiallytrapped]
|upkeep
|
|t:|1785818112
|switch|p1a: Farigiraf|Farigiraf, L50, F|100/100
|turn|6
|inactive|pikatrod has 30 seconds left.
|inactive|pikatrod has 20 seconds left.
|inactive|pikatrod has 15 seconds left.
|inactive|pikatrod has 10 seconds left.
|
|t:|1785818157
|move|p2a: Kingambit|Protect|p2a: Kingambit
|-singleturn|p2a: Kingambit|Protect
|move|p2b: Toxapex|Baneful Bunker|p2b: Toxapex
|-singleturn|p2b: Toxapex|move: Protect
|move|p1b: Raichu|Zap Cannon|p2a: Kingambit
|-activate|p2a: Kingambit|move: Protect
|move|p1a: Farigiraf|Psychic|p2b: Toxapex
|-activate|p2b: Toxapex|move: Protect
|
|-heal|p2b: Toxapex|20/100y par|[from] item: Leftovers
|-damage|p1b: Raichu|59/100|[from] move: Infestation|[partiallytrapped]
|upkeep
|turn|7
|
|t:|1785818172
|switch|p2a: Sneasler|Sneasler, L50, M|31/100
|move|p1b: Raichu|Zap Cannon|p2a: Sneasler
|-damage|p2a: Sneasler|0 fnt
|faint|p2a: Sneasler
|move|p1a: Farigiraf|Psychic|p2b: Toxapex
|-supereffective|p2b: Toxapex|1
|-damage|p2b: Toxapex|0 fnt
|faint|p2b: Toxapex
|
|-end|p1b: Raichu|Infestation|[partiallytrapped]|[silent]
|upkeep
|
|t:|1785818180
|switch|p2a: Kingambit|Kingambit, L50, F|10/100
|switch|p2b: Blaziken|Blaziken, L50, F|100/100
|turn|8
|
|t:|1785818195
|switch|p1a: Sylveon|Sylveon, L50, M|27/100 psn
|detailschange|p2b: Blaziken|Blaziken-Mega, L50, F
|-mega|p2b: Blaziken|Blaziken|Blazikenite
|move|p2b: Blaziken|Protect|p2b: Blaziken
|-singleturn|p2b: Blaziken|Protect
|move|p2a: Kingambit|Protect|p2a: Kingambit
|-singleturn|p2a: Kingambit|Protect
|move|p1b: Raichu|Zap Cannon|p2a: Kingambit
|-activate|p2a: Kingambit|move: Protect
|
|-damage|p1a: Sylveon|15/100 psn|[from] psn
|-sideend|p1: TheHorrorHare|move: Tailwind
|-ability|p2b: Blaziken|Speed Boost|boost
|-boost|p2b: Blaziken|spe|1
|upkeep
|turn|9
|inactive|pikatrod has 30 seconds left.
|
|t:|1785818228
|move|p2a: Kingambit|Protect||[still]
|-fail|p2a: Kingambit
|move|p1a: Sylveon|Quick Attack|p2a: Kingambit
|-damage|p2a: Kingambit|1/100
|move|p2b: Blaziken|Rock Slide|p1a: Sylveon|[spread] p1a,p1b
|-damage|p1a: Sylveon|0 fnt
|-damage|p1b: Raichu|22/100
|faint|p1a: Sylveon
|move|p1b: Raichu|Zap Cannon|p2b: Blaziken
|-damage|p2b: Blaziken|20/100y
|-status|p2b: Blaziken|par
|
|-ability|p2b: Blaziken|Speed Boost|boost
|-boost|p2b: Blaziken|spe|1
|upkeep
|
|t:|1785818232
|switch|p1a: Farigiraf|Farigiraf, L50, F|100/100
|turn|10
|inactive|pikatrod has 30 seconds left.
|
|t:|1785818268
|move|p1b: Raichu|Protect|p1b: Raichu
|-singleturn|p1b: Raichu|Protect
|move|p2b: Blaziken|Protect|p2b: Blaziken
|-singleturn|p2b: Blaziken|Protect
|move|p2a: Kingambit|Protect|p2a: Kingambit
|-singleturn|p2a: Kingambit|Protect
|move|p1a: Farigiraf|Psychic|p2b: Blaziken
|-activate|p2b: Blaziken|move: Protect
|
|-ability|p2b: Blaziken|Speed Boost|boost
|-boost|p2b: Blaziken|spe|1
|upkeep
|turn|11
|
|t:|1785818292
|move|p2a: Kingambit|Protect||[still]
|-fail|p2a: Kingambit
|move|p1b: Raichu|Focus Blast|p2a: Kingambit
|-supereffective|p2a: Kingambit|2
|-damage|p2a: Kingambit|0 fnt
|faint|p2a: Kingambit
|move|p2b: Blaziken|Close Combat|p1b: Raichu
|-damage|p1b: Raichu|0 fnt
|-unboost|p2b: Blaziken|def|1
|-unboost|p2b: Blaziken|spd|1
|faint|p1b: Raichu
|move|p1a: Farigiraf|Psychic|p2b: Blaziken
|-supereffective|p2b: Blaziken|1
|-damage|p2b: Blaziken|0 fnt
|faint|p2b: Blaziken
|
|win|TheHorrorHare
|raw|TheHorrorHare's rating: 1422 → 1448(+26 for winning)
|raw|pikatrod's rating: 1524 → 1498(-26 for losing)
|l|☆TheHorrorHare
|player|p1|
