|j|☆GenG Fan
|j|☆TheQuacken57
|html|GenG FanTheQuacken57    
|uhtml|bestof|Game 3 of a best-of-3
|t:|1756571084
|gametype|doubles
|player|p1|GenG Fan|cynthia-gen4|1155
|player|p2|TheQuacken57|colress|1068
|gen|9
|tier|[Gen 9] VGC 2025 Reg H (Bo3)
|rated|
|rule|Species Clause: Limit one of each Pokémon
|rule|Item Clause: Limit 1 of each item
|clearpoke
|poke|p1|Torkoal, L50, M|
|poke|p1|Indeedee-F, L50, F|
|poke|p1|Gallade, L50, M|
|poke|p1|Ursaluna, L50, F|
|poke|p1|Hatterene, L50, F|
|poke|p1|Lilligant-Hisui, L50, F|
|poke|p2|Incineroar, L50, F|
|poke|p2|Sneasler, L50, F|
|poke|p2|Rillaboom, L50, M|
|poke|p2|Ursaluna-Bloodmoon, L50, M|
|poke|p2|Murkrow, L50, M|
|poke|p2|Gholdengo, L50|
|teampreview|4
|showteam|p1|Torkoal||Charcoal|Drought|Eruption,WeatherBall,EarthPower,Protect|||M|||50|,,,,,Fire]Indeedee-F||RockyHelmet|PsychicSurge|Psychic,FollowMe,HelpingHand,TrickRoom|||F|||50|,,,,,Grass]Gallade||ClearAmulet|Sharpness|SacredSword,PsychoCut,WideGuard,TrickRoom|||M|||50|,,,,,Grass]Ursaluna||FlameOrb|Guts|Facade,HeadlongRush,Substitute,Protect|||F|||50|,,,,,Ghost]Hatterene||LifeOrb|MagicBounce|ExpandingForce,DazzlingGleam,TrickRoom,Protect|||F|||50|,,,,,Water]Lilligant-Hisui||FocusSash|Chlorophyll|SolarBlade,CloseCombat,SleepPowder,AfterYou|||F|||50|,,,,,Ghost
|showteam|p2|Incineroar||SafetyGoggles|Intimidate|FakeOut,KnockOff,FlareBlitz,PartingShot|||F|||50|,,,,,Ghost]Sneasler||WhiteHerb|Unburden|DireClaw,CloseCombat,FakeOut,Protect|||F|||50|,,,,,Stellar]Rillaboom||MiracleSeed|GrassySurge|WoodHammer,GrassyGlide,FakeOut,Protect|||M|||50|,,,,,Grass]Ursaluna-Bloodmoon||LifeOrb|MindsEye|BloodMoon,HyperVoice,EarthPower,Protect|||M|||50|,,,,,Normal]Murkrow||CovertCloak|Prankster|Tailwind,Haze,FoulPlay,RainDance|||M|||50|,,,,,Dark]Gholdengo||Leftovers|GoodasGold|MakeItRain,ShadowBall,NastyPlot,Protect||||||50|,,,,,Normal
|inactive|Battle timer is ON: inactive players will automatically lose when time's up. (requested by GenG Fan)
|
|t:|1756571114
|teamsize|p1|4
|teamsize|p2|4
|start
|switch|p1a: Indeedee|Indeedee-F, L50, F|100/100
|switch|p1b: Hatterene|Hatterene, L50, F|100/100
|switch|p2a: Sneasler|Sneasler, L50, F|100/100
|switch|p2b: Incineroar|Incineroar, L50, F|100/100
|-ability|p2b: Incineroar|Intimidate|boost
|-unboost|p1a: Indeedee|atk|1
|-unboost|p1b: Hatterene|atk|1
|-fieldstart|move: Psychic Terrain|[from] ability: Psychic Surge|[of] p1a: Indeedee
|turn|1
|inactive|GenG Fan has 30 seconds left.
|inactive|TheQuacken57 has 30 seconds left.
|inactive|GenG Fan has 20 seconds left.
|inactive|TheQuacken57 has 20 seconds left.
|inactive|GenG Fan has 15 seconds left.
|inactive|TheQuacken57 has 15 seconds left.
|inactive|GenG Fan has 10 seconds left.
|inactive|TheQuacken57 has 10 seconds left.
|inactive|GenG Fan has 5 seconds left.
|
|t:|1756571169
|switch|p2b: Rillaboom|Rillaboom, L50, M|100/100
|-fieldstart|move: Grassy Terrain|[from] ability: Grassy Surge|[of] p2b: Rillaboom
|move|p2a: Sneasler|Dire Claw|p1b: Hatterene
|-supereffective|p1b: Hatterene
|-damage|p1b: Hatterene|16/100
|-status|p1b: Hatterene|slp
|move|p1a: Indeedee|Psychic|p2b: Rillaboom
|-damage|p2b: Rillaboom|65/100
|-unboost|p2b: Rillaboom|spd|1
|cant|p1b: Hatterene|slp
|
|-heal|p2b: Rillaboom|71/100|[from] Grassy Terrain
|-heal|p1b: Hatterene|22/100 slp|[from] Grassy Terrain
|upkeep
|turn|2
|c|☆GenG Fan|XD
|c|☆GenG Fan|didnt see game started
|c|☆GenG Fan|and you got sleep ok ok
|inactive|GenG Fan has 30 seconds left.
|inactive|TheQuacken57 has 30 seconds left.
|
|t:|1756571202
|move|p2a: Sneasler|Dire Claw|p1a: Indeedee
|-damage|p1a: Indeedee|60/100
|-damage|p2a: Sneasler|84/100|[from] item: Rocky Helmet|[of] p1a: Indeedee
|move|p2b: Rillaboom|Wood Hammer|p1a: Indeedee
|-damage|p1a: Indeedee|0 fnt
|-damage|p2b: Rillaboom|55/100|[from] item: Rocky Helmet|[of] p1a: Indeedee
|faint|p1a: Indeedee
|-damage|p2b: Rillaboom|38/100|[from] Recoil
|cant|p1b: Hatterene|slp
|
|-heal|p2a: Sneasler|90/100|[from] Grassy Terrain
|-heal|p2b: Rillaboom|43/100|[from] Grassy Terrain
|-heal|p1b: Hatterene|28/100 slp|[from] Grassy Terrain
|upkeep
|c|☆GenG Fan|congrats on scaming it i guess xd
|
|t:|1756571217
|switch|p1a: Torkoal|Torkoal, L50, M|100/100
|-weather|SunnyDay|[from] ability: Drought|[of] p1a: Torkoal
|turn|3
|inactive|GenG Fan has 30 seconds left.
|
|t:|1756571250
|move|p2b: Rillaboom|Grassy Glide|p1b: Hatterene
|-damage|p1b: Hatterene|0 fnt
|faint|p1b: Hatterene
|move|p2a: Sneasler|Close Combat|p1a: Torkoal
|-damage|p1a: Torkoal|49/100
|-unboost|p2a: Sneasler|def|1
|-unboost|p2a: Sneasler|spd|1
|-enditem|p2a: Sneasler|White Herb
|-clearnegativeboost|p2a: Sneasler|[silent]
|move|p1a: Torkoal|Eruption|p2a: Sneasler|[spread] p2a,p2b
|-supereffective|p2b: Rillaboom
|-damage|p2a: Sneasler|29/100
|-damage|p2b: Rillaboom|0 fnt
|faint|p2b: Rillaboom
|
|-weather|SunnyDay|[upkeep]
|-heal|p2a: Sneasler|35/100|[from] Grassy Terrain
|-heal|p1a: Torkoal|55/100|[from] Grassy Terrain
|upkeep
|
|t:|1756571268
|switch|p2b: Incineroar|Incineroar, L50, F|100/100
|switch|p1b: Ursaluna|Ursaluna, L50, F|100/100
|-ability|p2b: Incineroar|Intimidate|boost
|-unboost|p1a: Torkoal|atk|1
|-unboost|p1b: Ursaluna|atk|1
|turn|4
|c|☆GenG Fan|not hard when game decides u win
|
|t:|1756571293
|-terastallize|p1b: Ursaluna|Ghost
|move|p2a: Sneasler|Close Combat|p1b: Ursaluna
|-immune|p1b: Ursaluna
|move|p2b: Incineroar|Knock Off|p1a: Torkoal
|-damage|p1a: Torkoal|23/100
|-enditem|p1a: Torkoal|Charcoal|[from] move: Knock Off|[of] p2b: Incineroar
|move|p1b: Ursaluna|Headlong Rush|p2b: Incineroar
|-supereffective|p2b: Incineroar
|-damage|p2b: Incineroar|15/100
|-unboost|p1b: Ursaluna|def|1
|-unboost|p1b: Ursaluna|spd|1
|move|p1a: Torkoal|Weather Ball|p2a: Sneasler
|-damage|p2a: Sneasler|0 fnt
|faint|p2a: Sneasler
|
|-weather|SunnyDay|[upkeep]
|-heal|p2b: Incineroar|21/100|[from] Grassy Terrain
|-heal|p1a: Torkoal|29/100|[from] Grassy Terrain
|-status|p1b: Ursaluna|brn|[from] item: Flame Orb
|upkeep
|
|t:|1756571311
|switch|p2a: Ursaluna|Ursaluna-Bloodmoon, L50, M|100/100
|turn|5
|inactive|GenG Fan has 30 seconds left.
|
|t:|1756571342
|move|p2a: Ursaluna|Earth Power|p1a: Torkoal
|-supereffective|p1a: Torkoal
|-damage|p1a: Torkoal|0 fnt
|faint|p1a: Torkoal
|-damage|p2a: Ursaluna|91/100|[from] item: Life Orb
|move|p2b: Incineroar|Knock Off|p1b: Ursaluna
|-supereffective|p1b: Ursaluna
|-damage|p1b: Ursaluna|12/100 brn
|-enditem|p1b: Ursaluna|Flame Orb|[from] move: Knock Off|[of] p2b: Incineroar
|move|p1b: Ursaluna|Facade|p2a: Ursaluna
|-damage|p2a: Ursaluna|26/100
|
|-weather|SunnyDay|[upkeep]
|-heal|p2a: Ursaluna|32/100|[from] Grassy Terrain
|-heal|p2b: Incineroar|27/100|[from] Grassy Terrain
|-heal|p1b: Ursaluna|18/100 brn|[from] Grassy Terrain
|-damage|p1b: Ursaluna|12/100 brn|[from] brn
|-fieldend|move: Grassy Terrain
|upkeep
|turn|6
|
|t:|1756571359
|move|p2a: Ursaluna|Earth Power|p1b: Ursaluna
|-damage|p1b: Ursaluna|0 fnt
|faint|p1b: Ursaluna
|-damage|p2a: Ursaluna|22/100|[from] item: Life Orb
|
|win|TheQuacken57
|raw|GenG Fan's rating: 1155 → 1124(-31 for losing)
|raw|TheQuacken57's rating: 1068 → 1105(+37 for winning)
|c|☆GenG Fan|xd
|c|☆GenG Fan|winning on a sleep + no wake up cause i got timed out
|c|☆GenG Fan|is pretty cringe xd
|l|☆GenG Fan
|player|p1|
