|j|☆plsbringregi
|j|☆Frakub
|html|plsbringregiFrakub    
|uhtml|bestof|Game 1 of a best-of-3
|t:|1784823733
|gametype|doubles
|player|p1|plsbringregi|266|1339
|player|p2|Frakub|acetrainer-gen4dp|1289
|gen|9
|tier|[Gen 9 Champions] VGC 2026 Reg M-B (Bo3)
|rated|
|rule|Species Clause: Limit one of each Pokémon
|rule|Item Clause: Limit 1 of each item
|clearpoke
|poke|p1|Dragalge, L50, F|
|poke|p1|Mamoswine, L50, F|
|poke|p1|Annihilape, L50, M|
|poke|p1|Sinistcha, L50|
|poke|p1|Grimmsnarl, L50, M|
|poke|p1|Blastoise, L50, M|
|poke|p2|Mawile, L50, M|
|poke|p2|Farigiraf, L50, F|
|poke|p2|Torkoal, L50, M|
|poke|p2|Incineroar, L50, M|
|poke|p2|Gallade, L50, M|
|poke|p2|Vivillon, L50, F|
|teampreview|4
|showteam|p1|Dragalge||Dragalgite|PoisonPoint|DracoMeteor,FlipTurn,SludgeBomb,Protect|Modest||F|||50|]Mamoswine||LifeOrb|Oblivious|IceShard,HighHorsepower,IcicleCrash,Protect|Jolly||F|||50|]Annihilape||FocusSash|Defiant|PhantomForce,CloseCombat,RockTomb,Protect|Jolly||M|||50|]Sinistcha||KasibBerry|Hospitality|MatchaGotcha,RagePowder,TrickRoom,Protect|Bold|||||50|]Grimmsnarl||LightClay|Prankster|SpiritBreak,Reflect,LightScreen,PartingShot|Careful||M|||50|]Blastoise||Blastoisinite|RainDish|WaterSpout,DarkPulse,ShellSmash,Protect|Modest||M|||50|
|showteam|p2|Mawile||Mawilite|HyperCutter|PlayRough,SuckerPunch,RockSlide,Protect|Brave||M|||50|]Farigiraf||SitrusBerry|ArmorTail|Psychic,Thunderbolt,TrickRoom,Protect|Quiet||F|||50|]Torkoal||Charcoal|Drought|Eruption,WeatherBall,HelpingHand,Protect|Quiet||M|||50|]Incineroar||LifeOrb|Intimidate|FlareBlitz,DarkestLariat,CloseCombat,FakeOut|Brave||M|||50|]Gallade||IronBall|Sharpness|SacredSword,PsychoCut,LeafBlade,TrickRoom|Brave||M|||50|]Vivillon||FocusSash|CompoundEyes|Hurricane,SleepPowder,RagePowder,Protect|Timid||F|||50|
|inactive|Battle timer is ON: inactive players will automatically lose when time's up. (requested by Frakub)
|
|t:|1784823762
|teamsize|p1|4
|teamsize|p2|4
|start
|switch|p1a: Annihilape|Annihilape, L50, M|100/100
|switch|p1b: Dragalge|Dragalge, L50, F|100/100
|switch|p2a: Farigiraf|Farigiraf, L50, F|100/100
|switch|p2b: Incineroar|Incineroar, L50, M|100/100
|-ability|p2b: Incineroar|Intimidate|boost
|-unboost|p1a: Annihilape|atk|1
|-ability|p1a: Annihilape|Defiant|boost
|-boost|p1a: Annihilape|atk|2
|-unboost|p1b: Dragalge|atk|1
|turn|1
|inactive|plsbringregi has 30 seconds left.
|
|t:|1784823795
|detailschange|p1b: Dragalge|Dragalge-Mega, L50, F
|-mega|p1b: Dragalge|Dragalge|Dragalgite
|move|p2b: Incineroar|Fake Out|p1b: Dragalge
|-damage|p1b: Dragalge|79/100
|-damage|p2b: Incineroar|90/100|[from] item: Life Orb
|move|p1a: Annihilape|Close Combat|p2b: Incineroar
|-supereffective|p2b: Incineroar|1
|-damage|p2b: Incineroar|0 fnt
|-unboost|p1a: Annihilape|def|1
|-unboost|p1a: Annihilape|spd|1
|faint|p2b: Incineroar
|cant|p1b: Dragalge|flinch
|move|p2a: Farigiraf|Trick Room|p2a: Farigiraf
|-fieldstart|move: Trick Room|[of] p2a: Farigiraf
|
|upkeep
|
|t:|1784823807
|switch|p2b: Mawile|Mawile, L50, M|100/100
|turn|2
|
|t:|1784823818
|-heal|p1b: Dragalge|100/100|[from] ability: Regenerator|[silent]
|switch|p1b: Sinistcha|Sinistcha, L50|100/100
|detailschange|p2b: Mawile|Mawile-Mega, L50, M
|-mega|p2b: Mawile|Mawile|Mawilite
|move|p1a: Annihilape|Protect|p1a: Annihilape
|-singleturn|p1a: Annihilape|Protect
|move|p2b: Mawile|Play Rough|p1a: Annihilape
|-activate|p1a: Annihilape|move: Protect
|move|p2a: Farigiraf|Psychic|p1b: Sinistcha
|-damage|p1b: Sinistcha|62/100
|-unboost|p1b: Sinistcha|spd|1
|
|upkeep
|turn|3
|
|t:|1784823832
|move|p1b: Sinistcha|Rage Powder|p1b: Sinistcha
|-singleturn|p1b: Sinistcha|move: Rage Powder
|move|p2b: Mawile|Play Rough|p1b: Sinistcha
|-damage|p1b: Sinistcha|0 fnt
|faint|p1b: Sinistcha
|move|p2a: Farigiraf|Psychic|p1a: Annihilape
|-supereffective|p1a: Annihilape|1
|-enditem|p1a: Annihilape|Focus Sash
|-damage|p1a: Annihilape|1/100
|-unboost|p1a: Annihilape|spd|1
|-ability|p1a: Annihilape|Defiant|boost
|-boost|p1a: Annihilape|atk|2
|move|p1a: Annihilape|Phantom Force||[still]
|-prepare|p1a: Annihilape|Phantom Force
|
|upkeep
|
|t:|1784823840
|switch|p1b: Dragalge|Dragalge-Mega, L50, F|100/100
|turn|4
|
|t:|1784823853
|move|p1b: Dragalge|Protect|p1b: Dragalge
|-singleturn|p1b: Dragalge|Protect
|move|p2b: Mawile|Play Rough|p1b: Dragalge
|-activate|p1b: Dragalge|move: Protect
|move|p2a: Farigiraf|Psychic|p1b: Dragalge
|-activate|p1b: Dragalge|move: Protect
|move|p1a: Annihilape|Phantom Force|p2b: Mawile|[from] lockedmove
|-damage|p2b: Mawile|5/100
|
|upkeep
|turn|5
|
|t:|1784823869
|switch|p1b: Grimmsnarl|Grimmsnarl, L50, M|100/100
|move|p1a: Annihilape|Protect|p1a: Annihilape
|-singleturn|p1a: Annihilape|Protect
|move|p2b: Mawile|Play Rough|p1b: Grimmsnarl|[miss]
|-miss|p2b: Mawile|p1b: Grimmsnarl
|move|p2a: Farigiraf|Psychic|p1a: Annihilape
|-activate|p1a: Annihilape|move: Protect
|
|-fieldend|move: Trick Room
|upkeep
|turn|6
|inactive|plsbringregi has 30 seconds left.
|
|t:|1784823903
|switch|p1a: Dragalge|Dragalge-Mega, L50, F|100/100
|move|p2b: Mawile|Sucker Punch||[still]
|-fail|p2b: Mawile
|move|p1b: Grimmsnarl|Spirit Break|p2b: Mawile
|-resisted|p2b: Mawile|1
|-damage|p2b: Mawile|0 fnt
|faint|p2b: Mawile
|move|p2a: Farigiraf|Trick Room|p2a: Farigiraf
|-fieldstart|move: Trick Room|[of] p2a: Farigiraf
|
|upkeep
|
|t:|1784823911
|switch|p2b: Torkoal|Torkoal, L50, M|100/100
|-weather|SunnyDay|[from] ability: Drought|[of] p2b: Torkoal
|turn|7
|
|t:|1784823921
|move|p1b: Grimmsnarl|Light Screen|p1b: Grimmsnarl
|-sidestart|p1: plsbringregi|move: Light Screen
|move|p2b: Torkoal|Eruption|p1a: Dragalge|[spread] p1a,p1b
|-resisted|p1a: Dragalge|1
|-damage|p1a: Dragalge|79/100
|-damage|p1b: Grimmsnarl|47/100
|move|p2a: Farigiraf|Psychic|p1a: Dragalge
|-supereffective|p1a: Dragalge|1
|-crit|p1a: Dragalge
|-damage|p1a: Dragalge|0 fnt
|faint|p1a: Dragalge
|
|-weather|SunnyDay|[upkeep]
|upkeep
|-message|plsbringregi forfeited.
|
|win|Frakub
|l|☆plsbringregi
|player|p1|
||Frakub is ready for game 2.
||plsbringregi is ready for game 2.
|uhtml|next|Next: Game 2 of 3
