|j|☆Pranag140
|j|☆Buddy_1193
|html|Pranag140Buddy_1193    
|uhtml|bestof|Game 2 of a best-of-3
|t:|1756712360
|gametype|doubles
|player|p1|Pranag140|2|1101
|player|p2|Buddy_1193|101|1002
|gen|9
|tier|[Gen 9] VGC 2025 Reg H (Bo3)
|rated|
|rule|Species Clause: Limit one of each Pokémon
|rule|Item Clause: Limit 1 of each item
|clearpoke
|poke|p1|Archaludon, L50, F|
|poke|p1|Kingdra, L50, M|
|poke|p1|Politoed, L50, M|
|poke|p1|Gothitelle, L50, F|
|poke|p1|Amoonguss, L50, F|
|poke|p1|Incineroar, L50, F|
|poke|p2|Gholdengo, L50|
|poke|p2|Basculegion, L50, M|
|poke|p2|Archaludon, L50, F|
|poke|p2|Pelipper, L50, M|
|poke|p2|Incineroar, L50, F|
|poke|p2|Amoonguss, L50, F|
|teampreview|4
|showteam|p1|Archaludon||PowerHerb|Sturdy|Protect,ElectroShot,FlashCannon,DragonPulse|||F|||50|,,,,,Electric]Kingdra||LifeOrb|SwiftSwim|Protect,DracoMeteor,WeatherBall,MuddyWater|||M|||50|,,,,,Stellar]Politoed||Leftovers|Drizzle|Protect,WeatherBall,PerishSong,Encore|||M|||50|,,,,,Grass]Gothitelle||SitrusBerry|ShadowTag|FakeOut,Protect,Psychic,TrickRoom|||F|||50|,,,,,Dark]Amoonguss||EjectButton|Regenerator|Protect,Spore,RagePowder,PollenPuff|||F|||50|,,,,,Fairy]Incineroar||SafetyGoggles|Intimidate|FakeOut,KnockOff,PartingShot,Protect|||F|||50|,,,,,Ghost
|showteam|p2|Gholdengo||LifeOrb|GoodasGold|MakeItRain,ShadowBall,NastyPlot,Protect||||||50|,,,,,Water]Basculegion||ChoiceBand|SwiftSwim|WaveCrash,FlipTurn,LastRespects,AquaJet|||M|||50|,,,,,Water]Archaludon||AssaultVest|Stamina|ElectroShot,FlashCannon,DracoMeteor,BodyPress|||F|||50|,,,,,Bug]Pelipper||FocusSash|Drizzle|WeatherBall,Hurricane,Tailwind,Protect|||M|||50|,,,,,Ground]Incineroar||SafetyGoggles|Intimidate|FlareBlitz,KnockOff,PartingShot,FakeOut|||F|||50|,,,,,Ghost]Amoonguss||SitrusBerry|Regenerator|Spore,RagePowder,PollenPuff,Protect|||F|||50|,,,,,Psychic
|c|☆Buddy_1193|ggwp
|c|☆Pranag140|you too
|
|t:|1756712410
|teamsize|p1|4
|teamsize|p2|4
|start
|switch|p1a: Gothitelle|Gothitelle, L50, F|100/100
|switch|p1b: Politoed|Politoed, L50, M|100/100
|switch|p2a: Gholdengo|Gholdengo, L50|100/100
|switch|p2b: Pelipper|Pelipper, L50, M|100/100
|-weather|RainDance|[from] ability: Drizzle|[of] p2b: Pelipper
|turn|1
|
|t:|1756712454
|switch|p1a: Incineroar|Incineroar, L50, F|100/100
|-ability|p1a: Incineroar|Intimidate|boost
|-unboost|p2a: Gholdengo|atk|1
|-unboost|p2b: Pelipper|atk|1
|move|p2a: Gholdengo|Nasty Plot|p2a: Gholdengo
|-boost|p2a: Gholdengo|spa|2
|move|p2b: Pelipper|Tailwind|p2b: Pelipper
|-sidestart|p2: Buddy_1193|move: Tailwind
|move|p1b: Politoed|Weather Ball|p2a: Gholdengo
|-damage|p2a: Gholdengo|47/100
|
|-weather|RainDance|[upkeep]
|upkeep
|turn|2
|
|t:|1756712499
|move|p2a: Gholdengo|Make It Rain|p1b: Politoed|[spread] p1a,p1b
|-resisted|p1a: Incineroar
|-resisted|p1b: Politoed
|-damage|p1a: Incineroar|61/100
|-damage|p1b: Politoed|53/100
|-unboost|p2a: Gholdengo|spa|1
|-damage|p2a: Gholdengo|38/100|[from] item: Life Orb
|move|p2b: Pelipper|Weather Ball|p1a: Incineroar
|-supereffective|p1a: Incineroar
|-damage|p1a: Incineroar|0 fnt
|faint|p1a: Incineroar
|move|p1b: Politoed|Weather Ball|p2a: Gholdengo
|-damage|p2a: Gholdengo|0 fnt
|faint|p2a: Gholdengo
|
|-weather|RainDance|[upkeep]
|-heal|p1b: Politoed|59/100|[from] item: Leftovers
|upkeep
|
|t:|1756712515
|switch|p2a: Archaludon|Archaludon, L50, F|100/100
|switch|p1a: Gothitelle|Gothitelle, L50, F|100/100
|turn|3
|
|t:|1756712534
|move|p1a: Gothitelle|Fake Out|p2a: Archaludon
|-resisted|p2a: Archaludon
|-damage|p2a: Archaludon|98/100
|-ability|p2a: Archaludon|Stamina|boost
|-boost|p2a: Archaludon|def|1
|cant|p2a: Archaludon|flinch
|move|p2b: Pelipper|Hurricane|p1b: Politoed
|-damage|p1b: Politoed|18/100
|move|p1b: Politoed|Perish Song|p1b: Politoed
|-start|p1a: Gothitelle|perish3|[silent]
|-start|p1b: Politoed|perish3|[silent]
|-start|p2a: Archaludon|perish3|[silent]
|-start|p2b: Pelipper|perish3|[silent]
|-fieldactivate|move: Perish Song
|
|-weather|RainDance|[upkeep]
|-heal|p1b: Politoed|24/100|[from] item: Leftovers
|-start|p2a: Archaludon|perish3
|-start|p2b: Pelipper|perish3
|-start|p1b: Politoed|perish3
|-start|p1a: Gothitelle|perish3
|upkeep
|turn|4
|
|t:|1756712581
|switch|p1b: Archaludon|Archaludon, L50, F|100/100
|move|p1a: Gothitelle|Protect|p1a: Gothitelle
|-singleturn|p1a: Gothitelle|Protect
|move|p2a: Archaludon|Electro Shot||[still]
|-prepare|p2a: Archaludon|Electro Shot
|-boost|p2a: Archaludon|spa|1
|-anim|p2a: Archaludon|Electro Shot|p1b: Archaludon
|-resisted|p1b: Archaludon
|-damage|p1b: Archaludon|57/100
|move|p2b: Pelipper|Weather Ball|p1a: Gothitelle
|-activate|p1a: Gothitelle|move: Protect
|
|-weather|RainDance|[upkeep]
|-start|p2a: Archaludon|perish2
|-start|p2b: Pelipper|perish2
|-start|p1a: Gothitelle|perish2
|-sideend|p2: Buddy_1193|move: Tailwind
|upkeep
|turn|5
|
|t:|1756712620
|-terastallize|p2b: Pelipper|Ground
|move|p1b: Archaludon|Protect|p1b: Archaludon
|-singleturn|p1b: Archaludon|Protect
|move|p2a: Archaludon|Electro Shot||[still]
|-prepare|p2a: Archaludon|Electro Shot
|-boost|p2a: Archaludon|spa|1
|-anim|p2a: Archaludon|Electro Shot|p1a: Gothitelle
|-damage|p1a: Gothitelle|44/100
|-enditem|p1a: Gothitelle|Sitrus Berry|[eat]
|-heal|p1a: Gothitelle|69/100|[from] item: Sitrus Berry
|move|p2b: Pelipper|Weather Ball|p1a: Gothitelle
|-damage|p1a: Gothitelle|18/100
|move|p1a: Gothitelle|Trick Room|p1a: Gothitelle
|-fieldstart|move: Trick Room|[of] p1a: Gothitelle
|
|-weather|none
|-start|p1a: Gothitelle|perish1
|-start|p2b: Pelipper|perish1
|-start|p2a: Archaludon|perish1
|upkeep
|turn|6
|
|t:|1756712664
|switch|p1a: Politoed|Politoed, L50, M|24/100
|-weather|RainDance|[from] ability: Drizzle|[of] p1a: Politoed
|move|p1b: Archaludon|Protect||[still]
|-fail|p1b: Archaludon
|move|p2b: Pelipper|Hurricane|p1a: Politoed
|-damage|p1a: Politoed|0 fnt
|faint|p1a: Politoed
|move|p2a: Archaludon|Electro Shot||[still]
|-prepare|p2a: Archaludon|Electro Shot
|-boost|p2a: Archaludon|spa|1
|-anim|p2a: Archaludon|Electro Shot|p1b: Archaludon
|-resisted|p1b: Archaludon
|-damage|p1b: Archaludon|0 fnt
|faint|p1b: Archaludon
|
|-weather|RainDance|[upkeep]
|-start|p2b: Pelipper|perish0
|-start|p2a: Archaludon|perish0
|faint|p2b: Pelipper
|faint|p2a: Archaludon
|upkeep
|
|t:|1756712692
|switch|p2a: Amoonguss|Amoonguss, L50, F|100/100
|switch|p1b: Gothitelle|Gothitelle, L50, F|18/100
|turn|7
|
|t:|1756712701
|move|p2a: Amoonguss|Spore|p1b: Gothitelle
|-status|p1b: Gothitelle|slp|[from] move: Spore
|cant|p1b: Gothitelle|slp
|
|-weather|RainDance|[upkeep]
|upkeep
|turn|8
|
|t:|1756712708
|move|p2a: Amoonguss|Pollen Puff|p1b: Gothitelle
|-supereffective|p1b: Gothitelle
|-damage|p1b: Gothitelle|0 fnt
|faint|p1b: Gothitelle
|
|win|Buddy_1193
|c|☆Buddy_1193|ggwp
||Buddy_1193 is ready for game 3.
|c|☆Pranag140|ggwp
||Pranag140 is ready for game 3.
|uhtml|next|Next: Game 3 of 3
|l|☆Buddy_1193
|player|p2|
