|j|☆Kazthor5
|j|☆psychic system
|html|Kazthor5psychic system    
|uhtml|bestof|Game 2 of a best-of-3
|t:|1757782029
|gametype|doubles
|player|p1|Kazthor5|ingo|1033
|player|p2|psychic system|dawn|1019
|gen|9
|tier|[Gen 9] VGC 2025 Reg H (Bo3)
|rated|
|rule|Species Clause: Limit one of each Pokémon
|rule|Item Clause: Limit 1 of each item
|clearpoke
|poke|p1|Incineroar, L50, M|
|poke|p1|Kilowattrel, L50, M|
|poke|p1|Garchomp, L50, F|
|poke|p1|Annihilape, L50, M|
|poke|p1|Sinistcha, L50|
|poke|p1|Primarina, L50, F|
|poke|p2|Maushold, L50|
|poke|p2|Basculegion, L50, M|
|poke|p2|Electabuzz, L50, F|
|poke|p2|Rillaboom, L50, F|
|poke|p2|Volcarona, L50, F|
|poke|p2|Annihilape, L50, M|
|teampreview|4
|showteam|p1|Incineroar||AssaultVest|Intimidate|KnockOff,FlareBlitz,FakeOut,Uturn|||M|||50|,,,,,Grass]Kilowattrel||FocusSash|WindPower|Discharge,AirSlash,Protect,Tailwind|||M|||50|,,,,,Electric]Garchomp||LifeOrb|RoughSkin|Earthquake,DragonClaw,IronHead,Protect|||F|||50|,,,,,Steel]Annihilape||Leftovers|Defiant|DrainPunch,RageFist,BulkUp,Protect|||M|||50|,,,,,Fire]Sinistcha||SitrusBerry|Hospitality|MatchaGotcha,TrickRoom,LifeDew,RagePowder||||||50|,,,,,Water]Primarina||MysticWater|LiquidVoice|Moonblast,HyperVoice,Haze,Protect|||F|||50|,,,,,Water
|showteam|p2|Maushold||SafetyGoggles|FriendGuard|BeatUp,FollowMe,Taunt,Protect||||||50|,,,,,Normal]Basculegion||ChoiceScarf|Adaptability|WaveCrash,AquaJet,LastRespects,FlipTurn|||M|||50|,,,,,Water]Electabuzz||Eviolite|VitalSpirit|Electroweb,Taunt,FollowMe,Protect|||F|||50|,,,,,Ghost]Rillaboom||AssaultVest|GrassySurge|WoodHammer,GrassyGlide,HighHorsepower,FakeOut|||F|||50|,,,,,Fire]Volcarona||CovertCloak|FlameBody|HeatWave,TeraBlast,QuiverDance,Protect|||F|||50|,,,,,Fairy]Annihilape||Leftovers|Defiant|DrainPunch,RageFist,BulkUp,Protect|||M|||50|,,,,,Water
|
|t:|1757782039
|teamsize|p1|4
|teamsize|p2|4
|start
|switch|p1a: Kilowattrel|Kilowattrel, L50, M|100/100
|switch|p1b: Garchomp|Garchomp, L50, F|100/100
|switch|p2a: Annihilape|Annihilape, L50, M|100/100
|switch|p2b: Maushold|Maushold, L50|100/100
|turn|1
|
|t:|1757782070
|move|p1a: Kilowattrel|Protect|p1a: Kilowattrel
|-singleturn|p1a: Kilowattrel|Protect
|move|p2b: Maushold|Follow Me|p2b: Maushold
|-singleturn|p2b: Maushold|move: Follow Me
|move|p1b: Garchomp|Earthquake|p2a: Annihilape|[spread] p2a,p2b
|-activate|p1a: Kilowattrel|move: Protect
|-damage|p2a: Annihilape|63/100
|-damage|p2b: Maushold|36/100
|-damage|p1b: Garchomp|91/100|[from] item: Life Orb
|move|p2a: Annihilape|Bulk Up|p2a: Annihilape
|-boost|p2a: Annihilape|atk|1
|-boost|p2a: Annihilape|def|1
|
|-heal|p2a: Annihilape|69/100|[from] item: Leftovers
|upkeep
|turn|2
|
|t:|1757782112
|move|p2b: Maushold|Follow Me|p2b: Maushold
|-singleturn|p2b: Maushold|move: Follow Me
|move|p1a: Kilowattrel|Tailwind|p1a: Kilowattrel
|-sidestart|p1: Kazthor5|move: Tailwind
|-start|p1a: Kilowattrel|Charge|Tailwind|[from] ability: Wind Power
|move|p1b: Garchomp|Earthquake|p2b: Maushold|[spread] p2a,p2b
|-immune|p1a: Kilowattrel
|-damage|p2a: Annihilape|41/100
|-damage|p2b: Maushold|0 fnt
|faint|p2b: Maushold
|-damage|p1b: Garchomp|81/100|[from] item: Life Orb
|move|p2a: Annihilape|Rage Fist|p1b: Garchomp
|-damage|p1b: Garchomp|0 fnt
|-damage|p2a: Annihilape|28/100|[from] ability: Rough Skin|[of] p1b: Garchomp
|faint|p1b: Garchomp
|
|-heal|p2a: Annihilape|35/100|[from] item: Leftovers
|upkeep
|
|t:|1757782130
|switch|p2b: Electabuzz|Electabuzz, L50, F|100/100
|switch|p1b: Primarina|Primarina, L50, F|100/100
|turn|3
|
|t:|1757782162
|-terastallize|p1a: Kilowattrel|Electric
|move|p1b: Primarina|Protect|p1b: Primarina
|-singleturn|p1b: Primarina|Protect
|move|p2a: Annihilape|Protect|p2a: Annihilape
|-singleturn|p2a: Annihilape|Protect
|move|p1a: Kilowattrel|Discharge|p2b: Electabuzz|[spread] p2b
|-activate|p1b: Primarina|move: Protect
|-activate|p2a: Annihilape|move: Protect
|-resisted|p2b: Electabuzz
|-damage|p2b: Electabuzz|69/100
|-end|p1a: Kilowattrel|Charge|[silent]
|move|p2b: Electabuzz|Electroweb|p1b: Primarina|[spread] p1a
|-activate|p1b: Primarina|move: Protect
|-resisted|p1a: Kilowattrel
|-damage|p1a: Kilowattrel|88/100
|-unboost|p1a: Kilowattrel|spe|1
|
|-heal|p2a: Annihilape|41/100|[from] item: Leftovers
|upkeep
|turn|4
|
|t:|1757782203
|move|p1a: Kilowattrel|Air Slash|p2a: Annihilape
|-supereffective|p2a: Annihilape
|-damage|p2a: Annihilape|0 fnt
|faint|p2a: Annihilape
|move|p1b: Primarina|Moonblast|p2b: Electabuzz
|-damage|p2b: Electabuzz|25/100
|move|p2b: Electabuzz|Electroweb|p1b: Primarina|[spread] p1a,p1b
|-resisted|p1a: Kilowattrel
|-supereffective|p1b: Primarina
|-damage|p1a: Kilowattrel|75/100
|-damage|p1b: Primarina|74/100
|-unboost|p1a: Kilowattrel|spe|1
|-unboost|p1b: Primarina|spe|1
|
|upkeep
|
|t:|1757782215
|switch|p2a: Basculegion|Basculegion, L50, M|100/100
|turn|5
|
|t:|1757782232
|move|p1b: Primarina|Protect|p1b: Primarina
|-singleturn|p1b: Primarina|Protect
|move|p2a: Basculegion|Wave Crash|p1a: Kilowattrel
|-damage|p1a: Kilowattrel|0 fnt
|faint|p1a: Kilowattrel
|-damage|p2a: Basculegion|82/100|[from] Recoil
|move|p2b: Electabuzz|Electroweb|p1b: Primarina
|-activate|p1b: Primarina|move: Protect
|
|-sideend|p1: Kazthor5|move: Tailwind
|upkeep
|
|t:|1757782236
|switch|p1a: Sinistcha|Sinistcha, L50|100/100
|-heal|p1b: Primarina|99/100|[from] ability: Hospitality|[of] p1a: Sinistcha
|turn|6
|
|t:|1757782261
|-terastallize|p2a: Basculegion|Water
|move|p2a: Basculegion|Wave Crash|p1b: Primarina
|-resisted|p1b: Primarina
|-damage|p1b: Primarina|48/100
|-damage|p2a: Basculegion|68/100|[from] Recoil
|move|p2b: Electabuzz|Taunt|p1a: Sinistcha
|-start|p1a: Sinistcha|move: Taunt
|move|p1a: Sinistcha|Matcha Gotcha|p2b: Electabuzz|[spread] p2a,p2b
|-supereffective|p2a: Basculegion
|-damage|p2a: Basculegion|10/100
|-damage|p2b: Electabuzz|2/100
|-status|p2a: Basculegion|brn
|move|p1b: Primarina|Moonblast|p2a: Basculegion
|-damage|p2a: Basculegion|0 fnt
|faint|p2a: Basculegion
|
|upkeep
|turn|7
|
|t:|1757782277
|move|p2b: Electabuzz|Electroweb|p1a: Sinistcha|[spread] p1a,p1b
|-resisted|p1a: Sinistcha
|-supereffective|p1b: Primarina
|-damage|p1a: Sinistcha|94/100
|-damage|p1b: Primarina|22/100
|-unboost|p1a: Sinistcha|spe|1
|-unboost|p1b: Primarina|spe|1
|move|p1a: Sinistcha|Matcha Gotcha|p2b: Electabuzz
|-crit|p2b: Electabuzz
|-damage|p2b: Electabuzz|0 fnt
|-heal|p1a: Sinistcha|95/100|[from] drain|[of] p2b: Electabuzz
|faint|p2b: Electabuzz
|
|win|Kazthor5
|raw|Kazthor5's rating: 1033 → 1067(+34 for winning)
|raw|psychic system's rating: 1019 → 1007(-12 for losing)
|l|☆Kazthor5
|player|p1|
|l|☆psychic system
|player|p2|
|j|☆psychic system
|player|p2|psychic system|dawn|
