|j|☆aqawa
|j|☆Thinking Charizard
|html|aqawaThinking Charizard    
|uhtml|bestof|Game 2 of a best-of-3
|t:|1784318442
|gametype|doubles
|player|p1|aqawa|101|1183
|player|p2|Thinking Charizard|colress|1133
|gen|9
|tier|[Gen 9 Champions] VGC 2026 Reg M-B (Bo3)
|rated|
|rule|Species Clause: Limit one of each Pokémon
|rule|Item Clause: Limit 1 of each item
|clearpoke
|poke|p1|Talonflame, L50, F|
|poke|p1|Maushold-Four, L50|
|poke|p1|Kommo-o, L50, F|
|poke|p1|Annihilape, L50, M|
|poke|p1|Raichu, L50, M|
|poke|p1|Milotic, L50, F|
|poke|p2|Mawile, L50, M|
|poke|p2|Pelipper, L50, F|
|poke|p2|Farigiraf, L50, M|
|poke|p2|Sinistcha, L50|
|poke|p2|Basculegion, L50, M|
|poke|p2|Hydreigon, L50, M|
|teampreview|4
|showteam|p1|Talonflame||SharpBeak|GaleWings|DualWingbeat,Tailwind,FlareBlitz,Protect|Jolly||F|||50|]Maushold-Four||ChopleBerry|FriendGuard|SuperFang,FollowMe,Protect,Feint|Jolly|||||50|]Kommo-o||LifeOrb|Soundproof|Protect,DracoMeteor,ClangingScales,AuraSphere|Modest||F|||50|]Annihilape||FocusSash|Defiant|Protect,CloseCombat,PhantomForce,Taunt|Jolly||M|||50|]Raichu||RaichuniteY|LightningRod|ZapCannon,FocusBlast,Protect,FakeOut|Timid||M|||50|]Milotic||Leftovers|Competitive|MuddyWater,Coil,Protect,Hypnosis|Calm||F|||50|
|showteam|p2|Mawile||Mawilite|Intimidate|PlayRough,RockSlide,SuckerPunch,Protect|Adamant||M|||50|]Pelipper||FocusSash|Drizzle|Tailwind,WideGuard,WeatherBall,Hurricane|Modest||F|||50|]Farigiraf||SitrusBerry|ArmorTail|TrickRoom,Thunderbolt,TwinBeam,Protect|Calm||M|||50|]Sinistcha||KasibBerry|Hospitality|RagePowder,MatchaGotcha,TrickRoom,LifeDew|Calm|||||50|]Basculegion||LifeOrb|Adaptability|LastRespects,AquaJet,Liquidation,Protect|Adamant||M|||50|]Hydreigon||ChoiceScarf|Levitate|DracoMeteor,DarkPulse,EarthPower,Snarl|Modest||M|||50|
|inactive|Battle timer is ON: inactive players will automatically lose when time's up. (requested by aqawa)
|inactive|Thinking Charizard has 60 seconds left.
|
|t:|1784318478
|teamsize|p1|4
|teamsize|p2|4
|start
|switch|p1a: Annihilape|Annihilape, L50, M|100/100
|switch|p1b: Raichu|Raichu, L50, M|100/100
|switch|p2a: Farigiraf|Farigiraf, L50, M|100/100
|switch|p2b: Sinistcha|Sinistcha, L50|100/100
|turn|1
|
|t:|1784318497
|detailschange|p1b: Raichu|Raichu-Mega-Y, L50, M
|-mega|p1b: Raichu|Raichu|Raichunite Y
|move|p1b: Raichu|Zap Cannon|p2a: Farigiraf
|-damage|p2a: Farigiraf|47/100
|-status|p2a: Farigiraf|par
|-enditem|p2a: Farigiraf|Sitrus Berry|[eat]
|-heal|p2a: Farigiraf|71/100 par|[from] item: Sitrus Berry
|move|p1a: Annihilape|Taunt|p2b: Sinistcha
|-start|p2b: Sinistcha|move: Taunt
|move|p2a: Farigiraf|Twin Beam|p1a: Annihilape
|-supereffective|p1a: Annihilape|1
|-damage|p1a: Annihilape|70/100
|-supereffective|p1a: Annihilape|1
|-damage|p1a: Annihilape|34/100
|-hitcount|p1a: Annihilape|2
|cant|p2b: Sinistcha|move: Taunt|Trick Room
|
|upkeep
|turn|2
|
|t:|1784318522
|move|p1b: Raichu|Zap Cannon|p2a: Farigiraf
|-damage|p2a: Farigiraf|24/100 par
|move|p1a: Annihilape|Phantom Force||[still]
|-prepare|p1a: Annihilape|Phantom Force
|move|p2b: Sinistcha|Matcha Gotcha|p1b: Raichu|[spread] p1b
|-miss|p2b: Sinistcha|p1a: Annihilape
|-crit|p1b: Raichu
|-damage|p1b: Raichu|55/100
|-status|p1b: Raichu|brn
|move|p2a: Farigiraf|Twin Beam|p1a: Annihilape|[miss]
|-miss|p2a: Farigiraf|p1a: Annihilape
|
|-damage|p1b: Raichu|49/100 brn|[from] brn
|upkeep
|turn|3
|
|t:|1784318541
|move|p2a: Farigiraf|Protect|p2a: Farigiraf
|-singleturn|p2a: Farigiraf|Protect
|move|p1b: Raichu|Zap Cannon|p2b: Sinistcha
|-resisted|p2b: Sinistcha|1
|-damage|p2b: Sinistcha|73/100
|-status|p2b: Sinistcha|par
|move|p1a: Annihilape|Phantom Force|p2b: Sinistcha|[from] lockedmove
|-supereffective|p2b: Sinistcha|1
|-enditem|p2b: Sinistcha|Kasib Berry|[eat]
|-enditem|p2b: Sinistcha|Kasib Berry|[weaken]
|-damage|p2b: Sinistcha|34/100 par
|move|p2b: Sinistcha|Matcha Gotcha|p1a: Annihilape|[spread] p1a,p1b
|-damage|p1a: Annihilape|8/100
|-heal|p2b: Sinistcha|48/100 par|[from] drain|[of] p1a: Annihilape
|-damage|p1b: Raichu|19/100 brn
|-heal|p2b: Sinistcha|62/100 par|[from] drain|[of] p1b: Raichu
|-status|p1a: Annihilape|brn
|
|-damage|p1b: Raichu|13/100 brn|[from] brn
|-damage|p1a: Annihilape|2/100 brn|[from] brn
|-end|p2b: Sinistcha|move: Taunt
|upkeep
|turn|4
|
|t:|1784318565
|move|p2b: Sinistcha|Rage Powder|p2b: Sinistcha
|-singleturn|p2b: Sinistcha|move: Rage Powder
|move|p1b: Raichu|Zap Cannon|p2b: Sinistcha
|-resisted|p2b: Sinistcha|1
|-damage|p2b: Sinistcha|35/100 par
|move|p1a: Annihilape|Taunt|p2b: Sinistcha
|-start|p2b: Sinistcha|move: Taunt
|move|p2a: Farigiraf|Trick Room|p2a: Farigiraf
|-fieldstart|move: Trick Room|[of] p2a: Farigiraf
|
|-damage|p1a: Annihilape|0 fnt|[from] brn
|faint|p1a: Annihilape
|-damage|p1b: Raichu|7/100 brn|[from] brn
|upkeep
|
|t:|1784318577
|switch|p1a: Kommo-o|Kommo-o, L50, F|100/100
|turn|5
|
|t:|1784318581
|switch|p1b: Milotic|Milotic, L50, F|100/100
|move|p2a: Farigiraf|Twin Beam|p1a: Kommo-o
|-supereffective|p1a: Kommo-o|1
|-damage|p1a: Kommo-o|64/100
|-supereffective|p1a: Kommo-o|1
|-damage|p1a: Kommo-o|31/100
|-hitcount|p1a: Kommo-o|2
|move|p2b: Sinistcha|Matcha Gotcha|p1a: Kommo-o|[spread] p1a,p1b
|-resisted|p1a: Kommo-o|1
|-supereffective|p1b: Milotic|1
|-damage|p1a: Kommo-o|18/100
|-heal|p2b: Sinistcha|41/100 par|[from] drain|[of] p1a: Kommo-o
|-damage|p1b: Milotic|70/100
|-heal|p2b: Sinistcha|58/100 par|[from] drain|[of] p1b: Milotic
|-status|p1a: Kommo-o|brn
|move|p1a: Kommo-o|Clanging Scales|p2a: Farigiraf|[spread] p2a,p2b
|-damage|p2a: Farigiraf|0 fnt
|-damage|p2b: Sinistcha|16/100 par
|faint|p2a: Farigiraf
|-unboost|p1a: Kommo-o|def|1
|-damage|p1a: Kommo-o|8/100 brn|[from] item: Life Orb
|
|-heal|p1b: Milotic|76/100|[from] item: Leftovers
|-damage|p1a: Kommo-o|2/100 brn|[from] brn
|upkeep
|-message|aqawa forfeited.
|raw|aqawa's rating: 1183 → 1154(-29 for losing)
|raw|Thinking Charizard's rating: 1133 → 1162(+29 for winning)
|
|win|Thinking Charizard
|c|☆Thinking Charizard|gg
