|j|☆iLouca
|j|☆akechispancakesvgc
|html|iLoucaakechispancakesvgc    
|uhtml|bestof|Game 1 of a best-of-3
|t:|1756420154
|gametype|doubles
|player|p1|iLouca|acetrainer|1143
|player|p2|akechispancakesvgc|grimsley|1000
|gen|9
|tier|[Gen 9] VGC 2025 Reg H (Bo3)
|rated|
|rule|Species Clause: Limit one of each Pokémon
|rule|Item Clause: Limit 1 of each item
|clearpoke
|poke|p1|Charizard, L50, M|
|poke|p1|Dragapult, L50, M|
|poke|p1|Ursaluna, L50, M|
|poke|p1|Kingambit, L50, M|
|poke|p1|Whimsicott, L50, F|
|poke|p1|Torkoal, L50, M|
|poke|p2|Sneasler, L50, M|
|poke|p2|Dragapult, L50, F|
|poke|p2|Primarina, L50, M|
|poke|p2|Rillaboom, L50, M|
|poke|p2|Kingambit, L50, F|
|poke|p2|Magmar, L50, M|
|teampreview|4
|showteam|p1|Charizard||ChoiceSpecs|SolarPower|HeatWave,Overheat,AirSlash,SolarBeam|||M|||50|,,,,,Ghost]Dragapult||ChoiceBand|ClearBody|DragonDarts,PhantomForce,PsychicFangs,Uturn|||M|||50|,,,,,Dragon]Ursaluna||FlameOrb|Guts|Facade,HeadlongRush,Earthquake,Protect|||M|||50|,,,,,Ghost]Kingambit||BlackGlasses|Defiant|KowtowCleave,IronHead,SuckerPunch,Protect|||M|||50|,,,,,Flying]Whimsicott||FocusSash|Prankster|Moonblast,SunnyDay,Tailwind,TrickRoom|||F|||50|,,,,,Ghost]Torkoal||EjectPack|Drought|Eruption,Overheat,HelpingHand,Protect|||M|||50|,,,,,Fire
|showteam|p2|Sneasler||FocusSash|PoisonTouch|CloseCombat,DireClaw,FakeOut,Protect|||M|||50|,,,,,Stellar]Dragapult||ChoiceBand|ClearBody|DragonDarts,TeraBlast,PhantomForce,Uturn|||F|||50|,,,,,Ghost]Primarina||SitrusBerry|LiquidVoice|HyperVoice,Moonblast,Haze,Protect|||M|||50|,,,,,Water]Rillaboom||AssaultVest|GrassySurge|WoodHammer,GrassyGlide,HighHorsepower,FakeOut|||M|||50|,,,,,Fire]Kingambit||BlackGlasses|Defiant|KowtowCleave,SuckerPunch,SwordsDance,Protect|||F|||50|,,,,,Ghost]Magmar||Eviolite|VitalSpirit|Overheat,WillOWisp,FollowMe,Protect|||M|||50|,,,,,Ghost
|
|t:|1756420235
|teamsize|p1|4
|teamsize|p2|4
|start
|switch|p1a: Charizard|Charizard, L50, M|100/100
|switch|p1b: Torkoal|Torkoal, L50, M|100/100
|switch|p2a: Sneasler|Sneasler, L50, M|100/100
|switch|p2b: Dragapult|Dragapult, L50, F|100/100
|-weather|SunnyDay|[from] ability: Drought|[of] p1b: Torkoal
|turn|1
|
|t:|1756420268
|-terastallize|p1a: Charizard|Ghost
|move|p2a: Sneasler|Fake Out|p1a: Charizard
|-immune|p1a: Charizard
|move|p2b: Dragapult|Dragon Darts|p1b: Torkoal
|-damage|p1b: Torkoal|71/100
|-anim|p2b: Dragapult|Dragon Darts|p1a: Charizard
|-damage|p1a: Charizard|49/100
|move|p1a: Charizard|Heat Wave|p2b: Dragapult|[spread] p2a,p2b
|-resisted|p2b: Dragapult
|-enditem|p2a: Sneasler|Focus Sash
|-damage|p2a: Sneasler|1/100
|-damage|p2b: Dragapult|27/100
|move|p1b: Torkoal|Eruption|p2a: Sneasler|[spread] p2a,p2b
|-resisted|p2b: Dragapult
|-damage|p2a: Sneasler|0 fnt
|-damage|p2b: Dragapult|0 fnt
|faint|p2a: Sneasler
|faint|p2b: Dragapult
|
|-weather|SunnyDay|[upkeep]
|-damage|p1a: Charizard|37/100|[from] ability: Solar Power|[of] p1a: Charizard
|upkeep
|
|t:|1756420283
|switch|p2b: Kingambit|Kingambit, L50, F|100/100
|switch|p2a: Magmar|Magmar, L50, M|100/100
|turn|2
|
|t:|1756420315
|switch|p1a: Whimsicott|Whimsicott, L50, F|100/100
|-terastallize|p2b: Kingambit|Ghost
|move|p2a: Magmar|Will-O-Wisp|p1a: Whimsicott
|-status|p1a: Whimsicott|brn
|move|p2b: Kingambit|Kowtow Cleave|p1b: Torkoal
|-damage|p1b: Torkoal|29/100
|move|p1b: Torkoal|Eruption|p2a: Magmar|[spread] p2a,p2b
|-resisted|p2a: Magmar
|-crit|p2b: Kingambit
|-damage|p2a: Magmar|93/100
|-damage|p2b: Kingambit|74/100
|
|-weather|SunnyDay|[upkeep]
|-damage|p1a: Whimsicott|95/100 brn|[from] brn
|upkeep
|turn|3
|
|t:|1756420371
|move|p1a: Whimsicott|Tailwind|p1a: Whimsicott
|-sidestart|p1: iLouca|move: Tailwind
|move|p2a: Magmar|Overheat|p1a: Whimsicott
|-supereffective|p1a: Whimsicott
|-damage|p1a: Whimsicott|0 fnt
|-unboost|p2a: Magmar|spa|2
|faint|p1a: Whimsicott
|move|p2b: Kingambit|Kowtow Cleave|p1b: Torkoal
|-damage|p1b: Torkoal|0 fnt
|faint|p1b: Torkoal
|
|-weather|SunnyDay|[upkeep]
|upkeep
|
|t:|1756420385
|switch|p1a: Kingambit|Kingambit, L50, M, shiny|100/100
|switch|p1b: Charizard|Charizard, L50, M, tera:Ghost|37/100
|turn|4
|
|t:|1756420416
|move|p2b: Kingambit|Protect|p2b: Kingambit
|-singleturn|p2b: Kingambit|Protect
|move|p1b: Charizard|Heat Wave|p2b: Kingambit|[spread] p2a
|-activate|p2b: Kingambit|move: Protect
|-resisted|p2a: Magmar
|-damage|p2a: Magmar|46/100
|move|p1a: Kingambit|Kowtow Cleave|p2a: Magmar
|-damage|p2a: Magmar|0 fnt
|faint|p2a: Magmar
|
|-weather|SunnyDay|[upkeep]
|-damage|p1b: Charizard|25/100|[from] ability: Solar Power|[of] p1b: Charizard
|upkeep
|turn|5
|
|t:|1756420432
|move|p2b: Kingambit|Sucker Punch|p1b: Charizard
|-supereffective|p1b: Charizard
|-damage|p1b: Charizard|0 fnt
|faint|p1b: Charizard
|move|p1a: Kingambit|Kowtow Cleave|p2b: Kingambit
|-supereffective|p2b: Kingambit
|-damage|p2b: Kingambit|0 fnt
|faint|p2b: Kingambit
|
|win|iLouca
