|j|☆Killsbugsded
|j|☆kyoshi44
|html|Killsbugsdedkyoshi44    
|uhtml|bestof|Game 1 of a best-of-3
|t:|1757823386
|gametype|doubles
|player|p1|Killsbugsded|hiker-gen4|1171
|player|p2|kyoshi44|dawn-gen4pt|1093
|gen|9
|tier|[Gen 9] VGC 2025 Reg H (Bo3)
|rated|
|rule|Species Clause: Limit one of each Pokémon
|rule|Item Clause: Limit 1 of each item
|clearpoke
|poke|p1|Clefable, L50, M|
|poke|p1|Dragapult, L50, M|
|poke|p1|Volcarona, L50, F|
|poke|p1|Indeedee, L50, M|
|poke|p1|Sneasler, L50, F|
|poke|p1|Kilowattrel, L50, M|
|poke|p2|Porygon2, L50|
|poke|p2|Hydreigon, L50, F|
|poke|p2|Garchomp, L50, F|
|poke|p2|Amoonguss, L50, M|
|poke|p2|Gholdengo, L50|
|poke|p2|Incineroar, L50, M|
|teampreview|4
|showteam|p1|Clefable||RockyHelmet|Unaware|Moonblast,FollowMe,HelpingHand,Protect|||M|||50|,,,,,Normal]Dragapult||ChoiceBand|ClearBody|DragonDarts,PhantomForce,TeraBlast,SuckerPunch|||M|||50|,,,,,Ghost]Volcarona||LifeOrb|FlameBody|Flamethrower,GigaDrain,TeraBlast,Protect|||F|||50|,,,,,Ground]Indeedee||ChoiceSpecs|PsychicSurge|ExpandingForce,DazzlingGleam,HyperVoice,Trick|||M|||50|,,,,,Fairy]Sneasler||PsychicSeed|Unburden|DireClaw,CloseCombat,ThroatChop,Protect|||F|||50|,,,,,Stellar]Kilowattrel||FocusSash|Competitive|AirSlash,Thunderbolt,Tailwind,Protect|||M|||50|,,,,,Ghost
|showteam|p2|Porygon2||Eviolite|Download|TeraBlast,IceBeam,TrickRoom,Recover||||||50|,,,,,Fighting]Hydreigon||SafetyGoggles|Levitate|Snarl,DracoMeteor,Tailwind,Protect|||F|||50|,,,,,Ghost]Garchomp||LifeOrb|RoughSkin|DragonClaw,Earthquake,StompingTantrum,Protect|||F|||50|,,,,,Steel]Amoonguss||SitrusBerry|Regenerator|PollenPuff,Spore,RagePowder,SludgeBomb|||M|||50|,,,,,Water]Gholdengo||IronPlate|GoodasGold|MakeItRain,ShadowBall,NastyPlot,Protect||||||50|,,,,,Flying]Incineroar||AssaultVest|Intimidate|FlareBlitz,KnockOff,FakeOut,Uturn|||M|||50|,,,,,Ghost
|inactive|Battle timer is ON: inactive players will automatically lose when time's up. (requested by kyoshi44)
|inactive|Killsbugsded has 60 seconds left.
|inactive|kyoshi44 has 60 seconds left.
|
|t:|1757823437
|teamsize|p1|4
|teamsize|p2|4
|start
|switch|p1a: Indeedee|Indeedee, L50, M|100/100
|switch|p1b: Sneasler|Sneasler, L50, F|100/100
|switch|p2a: Porygon2|Porygon2, L50|100/100
|switch|p2b: Hydreigon|Hydreigon, L50, F|100/100
|-fieldstart|move: Psychic Terrain|[from] ability: Psychic Surge|[of] p1a: Indeedee
|-enditem|p1b: Sneasler|Psychic Seed
|-boost|p1b: Sneasler|spd|1|[from] item: Psychic Seed
|-ability|p2a: Porygon2|Download|boost
|-boost|p2a: Porygon2|atk|1
|turn|1
|inactive|Killsbugsded has 30 seconds left.
|inactive|kyoshi44 has 30 seconds left.
|
|t:|1757823473
|switch|p2a: Incineroar|Incineroar, L50, M|100/100
|-ability|p2a: Incineroar|Intimidate|boost
|-unboost|p1a: Indeedee|atk|1
|-unboost|p1b: Sneasler|atk|1
|move|p2b: Hydreigon|Protect|p2b: Hydreigon
|-singleturn|p2b: Hydreigon|Protect
|move|p1b: Sneasler|Throat Chop|p2b: Hydreigon
|-activate|p2b: Hydreigon|move: Protect
|move|p1a: Indeedee|Dazzling Gleam|p2a: Incineroar|[spread] p2a
|-activate|p2b: Hydreigon|move: Protect
|-damage|p2a: Incineroar|86/100
|
|upkeep
|turn|2
|inactive|Killsbugsded has 30 seconds left.
|
|t:|1757823506
|-terastallize|p1a: Indeedee|Fairy
|move|p2a: Incineroar|Fake Out|p1b: Sneasler
|-activate|p1b: Sneasler|move: Psychic Terrain
|move|p1b: Sneasler|Throat Chop|p2b: Hydreigon
|-resisted|p2b: Hydreigon
|-damage|p2b: Hydreigon|91/100
|-start|p2b: Hydreigon|Throat Chop|[silent]
|cant|p2b: Hydreigon|move: Throat Chop
|move|p1a: Indeedee|Dazzling Gleam|p2b: Hydreigon|[spread] p2a,p2b
|-supereffective|p2b: Hydreigon
|-crit|p2b: Hydreigon
|-damage|p2a: Incineroar|62/100
|-damage|p2b: Hydreigon|0 fnt
|faint|p2b: Hydreigon
|
|upkeep
|
|t:|1757823516
|switch|p2b: Porygon2|Porygon2, L50|100/100
|-ability|p2b: Porygon2|Download|boost
|-boost|p2b: Porygon2|atk|1
|turn|3
|
|t:|1757823539
|switch|p1a: Dragapult|Dragapult, L50, M|100/100
|move|p1b: Sneasler|Dire Claw|p2b: Porygon2
|-damage|p2b: Porygon2|80/100
|-status|p2b: Porygon2|psn
|move|p2a: Incineroar|Flare Blitz|p1a: Dragapult
|-resisted|p1a: Dragapult
|-damage|p1a: Dragapult|70/100
|-damage|p2a: Incineroar|53/100|[from] Recoil
|move|p2b: Porygon2|Trick Room|p2b: Porygon2
|-fieldstart|move: Trick Room|[of] p2b: Porygon2
|
|-damage|p2b: Porygon2|68/100 psn|[from] psn
|upkeep
|turn|4
|
|t:|1757823563
|switch|p2b: Garchomp|Garchomp, L50, F|100/100
|switch|p1a: Indeedee|Indeedee, L50, M, tera:Fairy|100/100
|move|p2a: Incineroar|Knock Off|p1a: Indeedee
|-resisted|p1a: Indeedee
|-damage|p1a: Indeedee|64/100
|-enditem|p1a: Indeedee|Choice Specs|[from] move: Knock Off|[of] p2a: Incineroar
|move|p1b: Sneasler|Close Combat|p2a: Incineroar
|-supereffective|p2a: Incineroar
|-damage|p2a: Incineroar|0 fnt
|-unboost|p1b: Sneasler|def|1
|-unboost|p1b: Sneasler|spd|1
|faint|p2a: Incineroar
|
|upkeep
|
|t:|1757823573
|switch|p2a: Porygon2|Porygon2, L50|68/100 psn
|-ability|p2a: Porygon2|Download|boost
|-boost|p2a: Porygon2|atk|1
|turn|5
|
|t:|1757823596
|-terastallize|p2b: Garchomp|Steel
|move|p2a: Porygon2|Ice Beam|p1b: Sneasler
|-damage|p1b: Sneasler|61/100
|move|p1a: Indeedee|Dazzling Gleam|p2a: Porygon2|[spread] p2a,p2b
|-resisted|p2b: Garchomp
|-damage|p2a: Porygon2|52/100 psn
|-damage|p2b: Garchomp|86/100
|move|p2b: Garchomp|Stomping Tantrum|p1b: Sneasler
|-supereffective|p1b: Sneasler
|-damage|p1b: Sneasler|0 fnt
|faint|p1b: Sneasler
|-damage|p2b: Garchomp|76/100|[from] item: Life Orb
|
|-damage|p2a: Porygon2|39/100 psn|[from] psn
|-fieldend|move: Psychic Terrain
|upkeep
|
|t:|1757823609
|switch|p1b: Volcarona|Volcarona, L50, F|100/100
|turn|6
|inactive|kyoshi44 has 30 seconds left.
|inactive|kyoshi44 has 20 seconds left.
|
|t:|1757823646
|move|p2b: Garchomp|Protect|p2b: Garchomp
|-singleturn|p2b: Garchomp|Protect
|move|p2a: Porygon2|Recover|p2a: Porygon2
|-heal|p2a: Porygon2|89/100 psn
|move|p1a: Indeedee|Hyper Voice|p2b: Garchomp|[spread] p2a
|-activate|p2b: Garchomp|move: Protect
|-damage|p2a: Porygon2|70/100 psn
|move|p1b: Volcarona|Flamethrower|p2b: Garchomp
|-activate|p2b: Garchomp|move: Protect
|
|-damage|p2a: Porygon2|57/100 psn|[from] psn
|upkeep
|turn|7
|
|t:|1757823665
|move|p1a: Indeedee|Trick|p2a: Porygon2
|-activate|p1a: Indeedee|move: Trick|[of] p2a: Porygon2
|-enditem|p2a: Porygon2|Eviolite|[silent]|[from] move: Trick
|-item|p1a: Indeedee|Eviolite|[from] move: Trick
|move|p1b: Volcarona|Flamethrower|p2b: Garchomp
|-supereffective|p2b: Garchomp
|-damage|p2b: Garchomp|0 fnt
|faint|p2b: Garchomp
|-damage|p1b: Volcarona|91/100|[from] item: Life Orb
|move|p2a: Porygon2|Trick Room|p2a: Porygon2
|-fieldend|move: Trick Room
|
|-damage|p2a: Porygon2|45/100 psn|[from] psn
|upkeep
|turn|8
|-message|kyoshi44 forfeited.
|
|win|Killsbugsded
|l|☆kyoshi44
|player|p2|
||kyoshi44 is ready for game 2.
||Killsbugsded is ready for game 2.
|uhtml|next|Next: Game 2 of 3
