|j|☆nulsen3
|j|☆Leuco9
|html|nulsen3Leuco9    
|uhtml|bestof|Game 1 of a best-of-3
|t:|1785936290
|gametype|doubles
|player|p1|nulsen3|1|1147
|player|p2|Leuco9|acetrainer|1125
|gen|9
|tier|[Gen 9 Champions] VGC 2026 Reg M-B (Bo3)
|rated|
|rule|Species Clause: Limit one of each Pokémon
|rule|Item Clause: Limit 1 of each item
|clearpoke
|poke|p1|Delphox, L50, M|
|poke|p1|Sinistcha-Masterpiece, L50|
|poke|p1|Farigiraf, L50, F|
|poke|p1|Camerupt, L50, F|
|poke|p1|Kingambit, L50, M|
|poke|p1|Vivillon, L50, M|
|poke|p2|Staraptor, L50, M, shiny|
|poke|p2|Grimmsnarl, L50, M, shiny|
|poke|p2|Sinistcha, L50|
|poke|p2|Milotic, L50, M|
|poke|p2|Arcanine-Hisui, L50, M|
|poke|p2|Kingambit, L50, F|
|teampreview|4
|showteam|p1|Delphox||Delphoxite|Blaze|NastyPlot,HeatWave,Psychic,Protect|Timid||M|||50|]Sinistcha-Masterpiece||MentalHerb|Hospitality|TrickRoom,RagePowder,MatchaGotcha,LifeDew|Sassy|||||50|]Farigiraf||ColburBerry|ArmorTail|Imprison,TrickRoom,HelpingHand,TwinBeam|Sassy||F|||50|]Camerupt||Cameruptite|MagmaArmor|HeatWave,EarthPower,AncientPower,Protect|Quiet||F|||50|]Kingambit||BlackGlasses|Defiant|LowKick,SuckerPunch,SwordsDance,Protect|Brave||M|||50|]Vivillon||FocusSash|CompoundEyes|SleepPowder,Hurricane,Tailwind,Protect|Timid||M|||50|
|showteam|p2|Staraptor||Staraptite|Intimidate|CloseCombat,DualWingbeat,Roost,Protect|Adamant||M|||50|]Grimmsnarl||LightClay|Prankster|SpiritBreak,PartingShot,LightScreen,Reflect|Sassy||M|||50|]Sinistcha||CobaBerry|Hospitality|MatchaGotcha,ShadowBall,TrickRoom,RagePowder|Relaxed|||||50|]Milotic||Leftovers|Competitive|MuddyWater,Hypnosis,Coil,Recover|Calm||M|||50|]Arcanine-Hisui||ChoiceScarf|RockHead|RockSlide,FlareBlitz,WildCharge,ExtremeSpeed|Adamant||M|||50|]Kingambit||ChopleBerry|Defiant|KowtowCleave,IronHead,SuckerPunch,BrickBreak|Adamant||F|||50|
|
|t:|1785936340
|teamsize|p1|4
|teamsize|p2|4
|start
|switch|p1a: Farigiraf|Farigiraf, L50, F|100/100
|switch|p1b: Sinistcha|Sinistcha-Masterpiece, L50|100/100
|switch|p2a: Kingambit|Kingambit, L50, F|100/100
|switch|p2b: Arcanine|Arcanine-Hisui, L50, M|100/100
|turn|1
|
|t:|1785936391
|move|p1b: Sinistcha|Rage Powder|p1b: Sinistcha
|-singleturn|p1b: Sinistcha|move: Rage Powder
|move|p2b: Arcanine|Flare Blitz|p1b: Sinistcha
|-supereffective|p1b: Sinistcha|1
|-damage|p1b: Sinistcha|0 fnt
|faint|p1b: Sinistcha
|move|p2a: Kingambit|Kowtow Cleave|p1a: Farigiraf
|-supereffective|p1a: Farigiraf|1
|-enditem|p1a: Farigiraf|Colbur Berry|[eat]
|-enditem|p1a: Farigiraf|Colbur Berry|[weaken]
|-damage|p1a: Farigiraf|50/100g
|move|p1a: Farigiraf|Trick Room|p1a: Farigiraf
|-fieldstart|move: Trick Room|[of] p1a: Farigiraf
|
|upkeep
|
|t:|1785936394
|switch|p1b: Camerupt|Camerupt, L50, F|100/100
|turn|2
|
|t:|1785936428
|detailschange|p1b: Camerupt|Camerupt-Mega, L50, F
|-mega|p1b: Camerupt|Camerupt|Cameruptite
|move|p1a: Farigiraf|Helping Hand|p1b: Camerupt
|-singleturn|p1b: Camerupt|Helping Hand|[of] p1a: Farigiraf
|move|p1b: Camerupt|Heat Wave|p2b: Arcanine|[spread] p2a,p2b
|-supereffective|p2a: Kingambit|1
|-resisted|p2b: Arcanine|2
|-damage|p2a: Kingambit|0 fnt
|-damage|p2b: Arcanine|76/100
|faint|p2a: Kingambit
|move|p2b: Arcanine|Flare Blitz|p1a: Farigiraf
|-damage|p1a: Farigiraf|0 fnt
|faint|p1a: Farigiraf
|
|upkeep
|
|t:|1785936441
|switch|p2a: Milotic|Milotic, L50, M|100/100
|switch|p1a: Kingambit|Kingambit, L50, M|100/100
|turn|3
|
|t:|1785936479
|move|p1a: Kingambit|Sucker Punch|p2a: Milotic
|-damage|p2a: Milotic|55/100
|move|p1b: Camerupt|Earth Power|p2a: Milotic
|-damage|p2a: Milotic|11/100
|move|p2a: Milotic|Muddy Water|p1a: Kingambit|[spread] p1b
|-miss|p2a: Milotic|p1a: Kingambit
|-supereffective|p1b: Camerupt|2
|-damage|p1b: Camerupt|9/100
|-unboost|p1b: Camerupt|accuracy|1
|move|p2b: Arcanine|Flare Blitz|p1a: Kingambit
|-supereffective|p1a: Kingambit|1
|-damage|p1a: Kingambit|14/100
|
|-heal|p2a: Milotic|17/100|[from] item: Leftovers
|upkeep
|turn|4
|
|t:|1785936498
|switch|p2b: Staraptor|Staraptor, L50, M, shiny|100/100
|-ability|p2b: Staraptor|Intimidate|boost
|-unboost|p1a: Kingambit|atk|1
|-ability|p1a: Kingambit|Defiant|boost
|-boost|p1a: Kingambit|atk|2
|-unboost|p1b: Camerupt|atk|1
|move|p1a: Kingambit|Sucker Punch|p2a: Milotic
|-damage|p2a: Milotic|0 fnt
|faint|p2a: Milotic
|move|p1b: Camerupt|Earth Power|p2b: Staraptor
|-immune|p2b: Staraptor
|
|upkeep
|
|t:|1785936500
|switch|p2a: Arcanine|Arcanine-Hisui, L50, M|76/100
|turn|5
|
|t:|1785936523
|detailschange|p2b: Staraptor|Staraptor-Mega, L50, M, shiny
|-mega|p2b: Staraptor|Staraptor|Staraptite
|move|p2a: Arcanine|Extreme Speed|p1b: Camerupt
|-damage|p1b: Camerupt|0 fnt
|faint|p1b: Camerupt
|move|p1a: Kingambit|Low Kick|p2a: Arcanine
|-supereffective|p2a: Arcanine|1
|-damage|p2a: Arcanine|0 fnt
|faint|p2a: Arcanine
|move|p2b: Staraptor|Close Combat|p1a: Kingambit
|-supereffective|p1a: Kingambit|2
|-damage|p1a: Kingambit|0 fnt
|-boost|p2b: Staraptor|def|1
|-boost|p2b: Staraptor|spd|1
|faint|p1a: Kingambit
|
|win|Leuco9
||nulsen3 is ready for game 2.
|l|☆Leuco9
|player|p2|
||Leuco9 is ready for game 2.
|uhtml|next|Next: Game 2 of 3
|l|☆nulsen3
|player|p1|
|j|☆Leuco9
|player|p2|Leuco9|acetrainer|
