|j|☆Chelicerate1
|j|☆Chavo666
|html|Chelicerate1Chavo666    
|uhtml|bestof|Game 2 of a best-of-3
|t:|1785761206
|gametype|doubles
|player|p1|Chelicerate1|ethan|1275
|player|p2|Chavo666|steven|1181
|gen|9
|tier|[Gen 9 Champions] VGC 2026 Reg M-B (Bo3)
|rated|
|rule|Species Clause: Limit one of each Pokémon
|rule|Item Clause: Limit 1 of each item
|clearpoke
|poke|p1|Grimmsnarl, L50, M|
|poke|p1|Basculegion, L50, M|
|poke|p1|Charizard, L50, F|
|poke|p1|Pelipper, L50, M|
|poke|p1|Venusaur, L50, M|
|poke|p1|Archaludon, L50, M|
|poke|p2|Kangaskhan, L50, F|
|poke|p2|Mimikyu, L50, F|
|poke|p2|Ditto, L50|
|poke|p2|Pelipper, L50, M|
|poke|p2|Swampert, L50, F|
|poke|p2|Kingambit, L50, M|
|teampreview|4
|showteam|p1|Grimmsnarl||LightClay|Prankster|SpiritBreak,PartingShot,Reflect,LightScreen|Sassy||M|||50|]Basculegion||ChoiceScarf|Adaptability|LastRespects,WaveCrash,AquaJet,FlipTurn|Jolly||M|||50|]Charizard||CharizarditeY|Blaze|Protect,HeatWave,WeatherBall,SolarBeam|Modest||F|||50|]Pelipper||SitrusBerry|Drizzle|Hurricane,WeatherBall,Tailwind,WideGuard|Modest||M|||50|]Venusaur||FocusSash|Chlorophyll|SludgeBomb,SleepPowder,EarthPower,Protect|Modest||M|||50|]Archaludon||Leftovers|Stamina|ElectroShot,DragonPulse,FlashCannon,Protect|Calm||M|||50|
|showteam|p2|Kangaskhan||Kangaskhanite|EarlyBird|DrainPunch,FakeOut,SuckerPunch,DoubleEdge|Adamant||F|||50|]Mimikyu||LifeOrb|Disguise|ShadowSneak,TrickRoom,PlayRough,WoodHammer|Adamant||F|||50|]Ditto||ChoiceScarf|Imposter|Transform|Adamant|||||50|]Pelipper||FocusSash|Drizzle|Hurricane,Tailwind,WeatherBall,WideGuard|Modest||M|||50|]Swampert||Swampertite|Damp|WaveCrash,IcePunch,Earthquake,Protect|Adamant||F|||50|]Kingambit||BlackGlasses|Defiant|KowtowCleave,LowKick,SuckerPunch,IronHead|Adamant||M|||50|
|inactive|Battle timer is ON: inactive players will automatically lose when time's up. (requested by Chelicerate1)
|
|t:|1785761232
|teamsize|p1|4
|teamsize|p2|4
|start
|switch|p1a: Charizard|Charizard, L50, F|100/100
|switch|p1b: Venusaur|Venusaur, L50, M|100/100
|switch|p2a: Kangaskhan|Kangaskhan, L50, F|100/100
|switch|p2b: Swampert|Swampert, L50, F|100/100
|turn|1
|
|t:|1785761247
|switch|p2b: Ditto|Ditto, L50|100/100
|-transform|p2b: Ditto|p1a: Charizard|[from] ability: Imposter
|detailschange|p2a: Kangaskhan|Kangaskhan-Mega, L50, F
|-mega|p2a: Kangaskhan|Kangaskhan|Kangaskhanite
|move|p1a: Charizard|Protect|p1a: Charizard
|-singleturn|p1a: Charizard|Protect
|move|p1b: Venusaur|Protect|p1b: Venusaur
|-singleturn|p1b: Venusaur|Protect
|move|p2a: Kangaskhan|Double-Edge|p1a: Charizard
|-activate|p1a: Charizard|move: Protect
|
|upkeep
|turn|2
|inactive|Chavo666 has 30 seconds left.
|
|t:|1785761280
|detailschange|p1a: Charizard|Charizard-Mega-Y, L50, F
|-mega|p1a: Charizard|Charizard|Charizardite Y
|-weather|SunnyDay|[from] ability: Drought|[of] p1a: Charizard
|move|p1b: Venusaur|Sleep Powder|p2a: Kangaskhan
|-status|p2a: Kangaskhan|slp|[from] move: Sleep Powder
|move|p2b: Ditto|Heat Wave|p1a: Charizard|[spread] p1a,p1b
|-resisted|p1a: Charizard|1
|-supereffective|p1b: Venusaur|1
|-crit|p1b: Venusaur
|-damage|p1a: Charizard|80/100
|-enditem|p1b: Venusaur|Focus Sash
|-damage|p1b: Venusaur|1/100
|move|p1a: Charizard|Heat Wave|p2b: Ditto|[spread] p2a,p2b
|-resisted|p2b: Ditto|1
|-damage|p2a: Kangaskhan|47/100 slp
|-damage|p2b: Ditto|57/100
|cant|p2a: Kangaskhan|slp
|
|-weather|SunnyDay|[upkeep]
|upkeep
|turn|3
|
|t:|1785761298
|switch|p1b: Pelipper|Pelipper, L50, M|100/100
|-weather|RainDance|[from] ability: Drizzle|[of] p1b: Pelipper
|switch|p2a: Pelipper|Pelipper, L50, M|100/100
|move|p2b: Ditto|Heat Wave|p1b: Pelipper|[spread] p1a,p1b
|-resisted|p1a: Charizard|1
|-resisted|p1b: Pelipper|1
|-damage|p1a: Charizard|73/100
|-damage|p1b: Pelipper|90/100
|move|p1a: Charizard|Weather Ball|p2b: Ditto
|-supereffective|p2b: Ditto|1
|-damage|p2b: Ditto|0 fnt
|faint|p2b: Ditto
|
|-weather|RainDance|[upkeep]
|upkeep
|
|t:|1785761306
|switch|p2b: Swampert|Swampert, L50, F|100/100
|turn|4
|
|t:|1785761319
|switch|p1a: Archaludon|Archaludon, L50, M|100/100
|move|p2a: Pelipper|Tailwind|p2a: Pelipper
|-sidestart|p2: Chavo666|move: Tailwind
|move|p2b: Swampert|Earthquake|p1b: Pelipper|[spread] p1a
|-immune|p2a: Pelipper
|-immune|p1b: Pelipper
|-supereffective|p1a: Archaludon|1
|-damage|p1a: Archaludon|40/100
|-ability|p1a: Archaludon|Stamina|boost
|-boost|p1a: Archaludon|def|1
|move|p1b: Pelipper|Tailwind|p1b: Pelipper
|-sidestart|p1: Chelicerate1|move: Tailwind
|
|-weather|RainDance|[upkeep]
|-heal|p1a: Archaludon|47/100|[from] item: Leftovers
|upkeep
|turn|5
|inactiveoff|Battle timer is now OFF.
|
|t:|1785761334
|move|p1b: Pelipper|Wide Guard|p1b: Pelipper
|-singleturn|p1b: Pelipper|Wide Guard
|move|p1a: Archaludon|Electro Shot||[still]
|-prepare|p1a: Archaludon|Electro Shot
|-boost|p1a: Archaludon|spa|1
|-anim|p1a: Archaludon|Electro Shot|p2a: Pelipper
|-supereffective|p2a: Pelipper|2
|-enditem|p2a: Pelipper|Focus Sash
|-damage|p2a: Pelipper|1/100
|move|p2a: Pelipper|Weather Ball|p1a: Archaludon
|-resisted|p1a: Archaludon|1
|-damage|p1a: Archaludon|19/100
|-ability|p1a: Archaludon|Stamina|boost
|-boost|p1a: Archaludon|def|1
|move|p2b: Swampert|Wave Crash|p1a: Archaludon
|-resisted|p1a: Archaludon|1
|-damage|p1a: Archaludon|3/100
|-ability|p1a: Archaludon|Stamina|boost
|-boost|p1a: Archaludon|def|1
|-damage|p2b: Swampert|94/100|[from] Recoil
|
|-weather|RainDance|[upkeep]
|-heal|p1a: Archaludon|9/100|[from] item: Leftovers
|upkeep
|turn|6
|
|t:|1785761362
|switch|p2a: Kangaskhan|Kangaskhan-Mega, L50, F|47/100 slp
|move|p1a: Archaludon|Dragon Pulse|p2b: Swampert
|-damage|p2b: Swampert|32/100
|move|p2b: Swampert|Earthquake|p1a: Archaludon|[spread] p2a,p1a
|-immune|p1b: Pelipper
|-supereffective|p1a: Archaludon|1
|-damage|p2a: Kangaskhan|17/100 slp
|-damage|p1a: Archaludon|0 fnt
|faint|p1a: Archaludon
|move|p1b: Pelipper|Weather Ball|p2a: Kangaskhan
|-damage|p2a: Kangaskhan|0 fnt
|faint|p2a: Kangaskhan
|
|-weather|RainDance|[upkeep]
|upkeep
|inactive|Battle timer is ON: inactive players will automatically lose when time's up. (requested by Chelicerate1)
|
|t:|1785761376
|switch|p2a: Pelipper|Pelipper, L50, M|1/100
|switch|p1a: Venusaur|Venusaur, L50, M|1/100
|turn|7
|
|t:|1785761389
|move|p1a: Venusaur|Earth Power|p2b: Swampert
|-damage|p2b: Swampert|0 fnt
|faint|p2b: Swampert
|move|p2a: Pelipper|Hurricane|p1b: Pelipper
|-damage|p1b: Pelipper|31/100
|-enditem|p1b: Pelipper|Sitrus Berry|[eat]
|-heal|p1b: Pelipper|56/100|[from] item: Sitrus Berry
|move|p1b: Pelipper|Weather Ball|p2a: Pelipper
|-resisted|p2a: Pelipper|1
|-damage|p2a: Pelipper|0 fnt
|faint|p2a: Pelipper
|
|win|Chelicerate1
