|j|☆mumu2
|j|☆gefson500
|html|mumu2gefson500    
|uhtml|bestof|Game 1 of a best-of-3
|t:|1785014007
|gametype|doubles
|player|p1|mumu2|cyclistf|1090
|player|p2|gefson500|ninjaboy|1000
|gen|9
|tier|[Gen 9 Champions] VGC 2026 Reg M-B (Bo3)
|rated|
|rule|Species Clause: Limit one of each Pokémon
|rule|Item Clause: Limit 1 of each item
|clearpoke
|poke|p1|Charizard, L50, M|
|poke|p1|Venusaur, L50, F|
|poke|p1|Garchomp, L50, M|
|poke|p1|Annihilape, L50, M|
|poke|p1|Incineroar, L50, M|
|poke|p1|Toxapex, L50, M|
|poke|p2|Arcanine-Hisui, L50, M, shiny|
|poke|p2|Whimsicott, L50, M|
|poke|p2|Sneasler, L50, F|
|poke|p2|Dragonite, L50, M|
|poke|p2|Kingambit, L50, F|
|poke|p2|Froslass, L50, F|
|teampreview|4
|showteam|p1|Charizard||CharizarditeY|Blaze|HeatWave,WeatherBall,HelpingHand,Protect|Modest||M|||50|]Venusaur||LifeOrb|Chlorophyll|SludgeBomb,SolarBeam,EarthPower,Protect|Modest||F|||50|]Garchomp||ChoiceScarf|RoughSkin|DragonClaw,Earthquake,RockSlide,StompingTantrum|Adamant||M|||50|]Annihilape||FocusSash|Defiant|PhantomForce,CloseCombat,Protect,RockTomb|Jolly||M|||50|]Incineroar||SitrusBerry|Intimidate|FlareBlitz,ThroatChop,PartingShot,FakeOut|Impish||M|||50|]Toxapex||Leftovers|Regenerator|Toxic,Infestation,WideGuard,BanefulBunker|Bold||M|||50|
|showteam|p2|Arcanine-Hisui||FocusSash|RockHead|FlareBlitz,RockSlide,ExtremeSpeed,Protect|Jolly||M|||50|]Whimsicott||OccaBerry|Prankster|Protect,Encore,Tailwind,Moonblast|Bold||M|||50|]Sneasler||WhiteHerb|Unburden|FakeOut,DireClaw,CloseCombat,Protect|Adamant||F|||50|]Dragonite||DragonFang|Multiscale|DragonClaw,ExtremeSpeed,Protect,LowKick|Adamant||M|||50|]Kingambit||BlackGlasses|Defiant|KowtowCleave,IronHead,SuckerPunch,Protect|Adamant||F|||50|]Froslass||Froslassite|SnowCloak|Blizzard,ShadowBall,AuroraVeil,Protect|Modest||F|||50|
|
|t:|1785014066
|teamsize|p1|4
|teamsize|p2|4
|start
|switch|p1a: Charizard|Charizard, L50, M|100/100
|switch|p1b: Toxapex|Toxapex, L50, M|100/100
|switch|p2a: Arcanine|Arcanine-Hisui, L50, M, shiny|100/100
|switch|p2b: Whimsicott|Whimsicott, L50, M|100/100
|turn|1
|
|t:|1785014105
|detailschange|p1a: Charizard|Charizard-Mega-Y, L50, M
|-mega|p1a: Charizard|Charizard|Charizardite Y
|-weather|SunnyDay|[from] ability: Drought|[of] p1a: Charizard
|move|p1a: Charizard|Protect|p1a: Charizard
|-singleturn|p1a: Charizard|Protect
|move|p2b: Whimsicott|Tailwind|p2b: Whimsicott
|-sidestart|p2: gefson500|move: Tailwind
|move|p2a: Arcanine|Rock Slide|p1b: Toxapex|[spread] p1b
|-activate|p1a: Charizard|move: Protect
|-damage|p1b: Toxapex|82/100
|move|p1b: Toxapex|Infestation|p2a: Arcanine
|-resisted|p2a: Arcanine|1
|-damage|p2a: Arcanine|98/100
|-activate|p2a: Arcanine|move: Infestation|[of] p1b: Toxapex
|
|-weather|SunnyDay|[upkeep]
|-heal|p1b: Toxapex|88/100|[from] item: Leftovers
|-damage|p2a: Arcanine|85/100|[from] move: Infestation|[partiallytrapped]
|upkeep
|turn|2
|
|t:|1785014145
|move|p1b: Toxapex|Wide Guard|p1b: Toxapex
|-singleturn|p1b: Toxapex|Wide Guard
|move|p2b: Whimsicott|Encore|p1a: Charizard
|-start|p1a: Charizard|Encore
|move|p1a: Charizard|Protect||[still]
|-fail|p1a: Charizard
|move|p2a: Arcanine|Rock Slide|p1b: Toxapex|[spread] 
|-activate|p1a: Charizard|move: Wide Guard
|-activate|p1b: Toxapex|move: Wide Guard
|
|-weather|SunnyDay|[upkeep]
|-heal|p1b: Toxapex|94/100|[from] item: Leftovers
|-damage|p2a: Arcanine|73/100|[from] move: Infestation|[partiallytrapped]
|upkeep
|turn|3
|
|t:|1785014161
|switch|p1a: Garchomp|Garchomp, L50, M|100/100
|move|p2a: Arcanine|Rock Slide|p1a: Garchomp|[spread] p1a,p1b
|-resisted|p1a: Garchomp|1
|-damage|p1a: Garchomp|88/100
|-damage|p1b: Toxapex|77/100
|move|p2b: Whimsicott|Moonblast|p1a: Garchomp
|-supereffective|p1a: Garchomp|1
|-damage|p1a: Garchomp|29/100
|move|p1b: Toxapex|Toxic|p2a: Arcanine
|-status|p2a: Arcanine|tox
|
|-weather|SunnyDay|[upkeep]
|-heal|p1b: Toxapex|82/100|[from] item: Leftovers
|-damage|p2a: Arcanine|67/100 tox|[from] psn
|-damage|p2a: Arcanine|55/100 tox|[from] move: Infestation|[partiallytrapped]
|upkeep
|turn|4
|
|t:|1785014182
|switch|p1a: Venusaur|Venusaur, L50, F|100/100
|move|p2a: Arcanine|Flare Blitz|p1b: Toxapex
|-resisted|p1b: Toxapex|1
|-damage|p1b: Toxapex|53/100
|move|p2b: Whimsicott|Moonblast|p1a: Venusaur
|-resisted|p1a: Venusaur|1
|-damage|p1a: Venusaur|86/100
|-unboost|p1a: Venusaur|spa|1
|move|p1b: Toxapex|Infestation|p2b: Whimsicott
|-damage|p2b: Whimsicott|96/100
|-activate|p2b: Whimsicott|move: Infestation|[of] p1b: Toxapex
|
|-weather|SunnyDay|[upkeep]
|-heal|p1b: Toxapex|59/100|[from] item: Leftovers
|-damage|p2a: Arcanine|43/100 tox|[from] psn
|-damage|p2a: Arcanine|31/100 tox|[from] move: Infestation|[partiallytrapped]
|-damage|p2b: Whimsicott|84/100|[from] move: Infestation|[partiallytrapped]
|-sideend|p2: gefson500|move: Tailwind
|upkeep
|turn|5
|
|t:|1785014209
|-heal|p1b: Toxapex|92/100|[from] ability: Regenerator|[silent]
|switch|p1b: Garchomp|Garchomp, L50, M|29/100
|move|p2b: Whimsicott|Protect|p2b: Whimsicott
|-singleturn|p2b: Whimsicott|Protect
|move|p1a: Venusaur|Protect|p1a: Venusaur
|-singleturn|p1a: Venusaur|Protect
|move|p2a: Arcanine|Flare Blitz|p1a: Venusaur
|-activate|p1a: Venusaur|move: Protect
|
|-weather|none
|-damage|p2a: Arcanine|13/100 tox|[from] psn
|-end|p2a: Arcanine|Infestation|[partiallytrapped]|[silent]
|-end|p2b: Whimsicott|Infestation|[partiallytrapped]|[silent]
|upkeep
|turn|6
|
|t:|1785014234
|switch|p1a: Toxapex|Toxapex, L50, M|92/100
|move|p2b: Whimsicott|Tailwind|p2b: Whimsicott
|-sidestart|p2: gefson500|move: Tailwind
|move|p2a: Arcanine|Flare Blitz|p1b: Garchomp
|-resisted|p1b: Garchomp|1
|-damage|p1b: Garchomp|1/100
|-damage|p2a: Arcanine|1/100 tox|[from] ability: Rough Skin|[of] p1b: Garchomp
|move|p1b: Garchomp|Rock Slide|p2a: Arcanine|[spread] p2a,p2b
|-supereffective|p2a: Arcanine|1
|-damage|p2a: Arcanine|0 fnt
|-damage|p2b: Whimsicott|62/100
|faint|p2a: Arcanine
|
|-heal|p1a: Toxapex|98/100|[from] item: Leftovers
|upkeep
|
|t:|1785014248
|switch|p2a: Dragonite|Dragonite, L50, M|100/100
|turn|7
|
|t:|1785014263
|switch|p2b: Kingambit|Kingambit, L50, F|100/100
|switch|p1b: Venusaur|Venusaur, L50, F|86/100
|move|p2a: Dragonite|Extreme Speed|p1b: Venusaur
|-damage|p1b: Venusaur|46/100
|move|p1a: Toxapex|Toxic|p2a: Dragonite
|-status|p2a: Dragonite|tox
|
|-heal|p1a: Toxapex|100/100|[from] item: Leftovers
|-damage|p2a: Dragonite|93/100 tox|[from] psn
|upkeep
|turn|8
|
|t:|1785014309
|move|p1b: Venusaur|Protect|p1b: Venusaur
|-singleturn|p1b: Venusaur|Protect
|move|p2a: Dragonite|Extreme Speed|p1b: Venusaur
|-activate|p1b: Venusaur|move: Protect
|move|p2b: Kingambit|Sucker Punch||[still]
|-fail|p2b: Kingambit
|move|p1a: Toxapex|Infestation|p2b: Kingambit
|-damage|p2b: Kingambit|96/100
|-activate|p2b: Kingambit|move: Infestation|[of] p1a: Toxapex
|
|-damage|p2a: Dragonite|81/100 tox|[from] psn
|-damage|p2b: Kingambit|84/100|[from] move: Infestation|[partiallytrapped]
|upkeep
|turn|9
|
|t:|1785014318
|switch|p1b: Garchomp|Garchomp, L50, M|1/100
|move|p2a: Dragonite|Extreme Speed|p1b: Garchomp
|-damage|p1b: Garchomp|0 fnt
|-damage|p2a: Dragonite|69/100 tox|[from] ability: Rough Skin|[of] p1b: Garchomp
|faint|p1b: Garchomp
|move|p2b: Kingambit|Sucker Punch|p1a: Toxapex
|-damage|p1a: Toxapex|64/100
|move|p1a: Toxapex|Infestation|p2a: Dragonite
|-resisted|p2a: Dragonite|1
|-damage|p2a: Dragonite|68/100 tox
|-activate|p2a: Dragonite|move: Infestation|[of] p1a: Toxapex
|
|-heal|p1a: Toxapex|70/100|[from] item: Leftovers
|-damage|p2a: Dragonite|50/100y tox|[from] psn
|-damage|p2a: Dragonite|37/100 tox|[from] move: Infestation|[partiallytrapped]
|-damage|p2b: Kingambit|72/100|[from] move: Infestation|[partiallytrapped]
|-sideend|p2: gefson500|move: Tailwind
|upkeep
|
|t:|1785014325
|switch|p1b: Charizard|Charizard-Mega-Y, L50, M|100/100
|-weather|SunnyDay|[from] ability: Drought|[of] p1b: Charizard
|turn|10
|
|t:|1785014342
|-heal|p1a: Toxapex|100/100|[from] ability: Regenerator|[silent]
|switch|p1a: Venusaur|Venusaur, L50, F|46/100
|move|p2a: Dragonite|Extreme Speed|p1b: Charizard
|-damage|p1b: Charizard|68/100
|move|p2b: Kingambit|Sucker Punch|p1b: Charizard
|-damage|p1b: Charizard|19/100
|move|p1b: Charizard|Heat Wave|p2a: Dragonite|[spread] p2a,p2b
|-resisted|p2a: Dragonite|1
|-supereffective|p2b: Kingambit|1
|-damage|p2a: Dragonite|9/100 tox
|-damage|p2b: Kingambit|0 fnt
|faint|p2b: Kingambit
|
|-weather|SunnyDay|[upkeep]
|-damage|p2a: Dragonite|0 fnt|[from] psn
|faint|p2a: Dragonite
|upkeep
|-message|gefson500 forfeited.
|
|win|mumu2
|l|☆gefson500
|player|p2|
||mumu2 is ready for game 2.
|raw|mumu2's rating: 1090 → 1110(+20 for winning)
|raw|gefson500's rating: 1000 → 1000(+0 for losing)
