|j|☆luisreey
|j|☆RadonVGC
|html|luisreeyRadonVGC    
|uhtml|bestof|Game 2 of a best-of-3
|t:|1783350576
|gametype|doubles
|player|p1|luisreey|n|1217
|player|p2|RadonVGC|aaron|1177
|gen|9
|tier|[Gen 9 Champions] VGC 2026 Reg M-B (Bo3)
|rated|
|rule|Species Clause: Limit one of each Pokémon
|rule|Item Clause: Limit 1 of each item
|clearpoke
|poke|p1|Metagross, L50, shiny|
|poke|p1|Blaziken, L50, M|
|poke|p1|Farigiraf, L50, M|
|poke|p1|Hydreigon, L50, M|
|poke|p1|Basculegion, L50, M|
|poke|p1|Whimsicott, L50, M|
|poke|p2|Venusaur, L50, M|
|poke|p2|Incineroar, L50, M|
|poke|p2|Rotom-Wash, L50|
|poke|p2|Gholdengo, L50|
|poke|p2|Dragonite, L50, F|
|poke|p2|Floette-Eternal, L50, F|
|teampreview|4
|showteam|p1|Metagross||Metagrossite|ClearBody|BulletPunch,PsychicFangs,Protect,StompingTantrum|Jolly|||||50|]Blaziken||Blazikenite|SpeedBoost|RockSlide,FlareBlitz,CloseCombat,Detect|Adamant||M|||50|]Farigiraf||SitrusBerry|ArmorTail|Thunderbolt,Psychic,Roar,TrickRoom|Bold||M|||50|]Hydreigon||ChoiceScarf|Levitate|HeatWave,DarkPulse,DracoMeteor,Snarl|Modest||M|||50|]Basculegion||LifeOrb|Adaptability|WaveCrash,AquaJet,Protect,LastRespects|Adamant||M|||50|]Whimsicott||FocusSash|Prankster|EnergyBall,Moonblast,Tailwind,Protect|Serious||M|||50|
|showteam|p2|Venusaur||Venusaurite|Overgrow|SludgeBomb,GigaDrain,EarthPower,Protect|Modest||M|||50|]Incineroar||ChartiBerry|Intimidate|FakeOut,PartingShot,FlareBlitz,ThroatChop|Impish||M|||50|]Rotom-Wash||SitrusBerry|Levitate|HydroPump,WillOWisp,VoltSwitch,Protect|Modest|||||50|]Gholdengo||LifeOrb|GoodasGold|NastyPlot,MakeItRain,ShadowBall,Protect|Modest|||||50|]Dragonite||DragonFang|Multiscale|DragonClaw,LowKick,Tailwind,Protect|Adamant||F|||50|]Floette-Eternal||Floettite|FlowerVeil|Moonblast,LightofRuin,DazzlingGleam,Protect|Modest||F|||50|
|inactive|Battle timer is ON: inactive players will automatically lose when time's up. (requested by RadonVGC)
|inactive|luisreey has 60 seconds left.
|
|t:|1783350620
|teamsize|p1|4
|teamsize|p2|4
|start
|switch|p1a: Hydreigon|Hydreigon, L50, M|100/100
|switch|p1b: Whimsicott|Whimsicott, L50, M|100/100
|switch|p2a: Gholdengo|Gholdengo, L50|100/100
|switch|p2b: Dragonite|Dragonite, L50, F|100/100
|turn|1
|inactive|luisreey has 30 seconds left.
|
|t:|1783350651
|switch|p2a: Incineroar|Incineroar, L50, M|100/100
|-ability|p2a: Incineroar|Intimidate|boost
|-unboost|p1a: Hydreigon|atk|1
|-unboost|p1b: Whimsicott|atk|1
|move|p1a: Hydreigon|Draco Meteor|p2b: Dragonite
|-supereffective|p2b: Dragonite|1
|-damage|p2b: Dragonite|22/100
|-unboost|p1a: Hydreigon|spa|2
|move|p1b: Whimsicott|Moonblast|p2b: Dragonite
|-supereffective|p2b: Dragonite|1
|-damage|p2b: Dragonite|0 fnt
|faint|p2b: Dragonite
|
|upkeep
|
|t:|1783350661
|switch|p2b: Gholdengo|Gholdengo, L50|100/100
|turn|2
|inactive|luisreey has 30 seconds left.
|inactive|luisreey has 20 seconds left.
|
|t:|1783350698
|switch|p1a: Basculegion|Basculegion, L50, M|100/100
|move|p1b: Whimsicott|Tailwind|p1b: Whimsicott
|-sidestart|p1: luisreey|move: Tailwind
|move|p2b: Gholdengo|Make It Rain|p1b: Whimsicott|[spread] p1a,p1b
|-resisted|p1a: Basculegion|1
|-supereffective|p1b: Whimsicott|1
|-damage|p1a: Basculegion|61/100
|-enditem|p1b: Whimsicott|Focus Sash
|-damage|p1b: Whimsicott|1/100
|-unboost|p2b: Gholdengo|spa|2
|-damage|p2b: Gholdengo|90/100|[from] item: Life Orb
|move|p2a: Incineroar|Parting Shot|p1a: Basculegion
|-unboost|p1a: Basculegion|atk|1
|-unboost|p1a: Basculegion|spa|1
|
|t:|1783350705
|switch|p2a: Venusaur|Venusaur, L50, M|100/100|[from] Parting Shot
|
|upkeep
|turn|3
|inactive|luisreey has 30 seconds left.
|inactive|luisreey has 20 seconds left.
|inactive|luisreey has 15 seconds left.
|inactive|luisreey has 10 seconds left.
|inactive|luisreey has 5 seconds left.
|
|t:|1783350756
|switch|p1a: Metagross|Metagross, L50, shiny|100/100
|detailschange|p2a: Venusaur|Venusaur-Mega, L50, M
|-mega|p2a: Venusaur|Venusaur|Venusaurite
|move|p2b: Gholdengo|Protect|p2b: Gholdengo
|-singleturn|p2b: Gholdengo|Protect
|move|p1b: Whimsicott|Moonblast|p2a: Venusaur
|-resisted|p2a: Venusaur|1
|-damage|p2a: Venusaur|86/100
|move|p2a: Venusaur|Giga Drain|p1a: Metagross
|-resisted|p1a: Metagross|1
|-damage|p1a: Metagross|76/100
|-heal|p2a: Venusaur|97/100|[from] drain|[of] p1a: Metagross
|
|upkeep
|turn|4
|inactive|luisreey has 30 seconds left.
|
|t:|1783350782
|detailschange|p1a: Metagross|Metagross-Mega, L50, shiny
|-mega|p1a: Metagross|Metagross|Metagrossite
|move|p2a: Venusaur|Protect|p2a: Venusaur
|-singleturn|p2a: Venusaur|Protect
|move|p1a: Metagross|Psychic Fangs|p2a: Venusaur
|-activate|p2a: Venusaur|move: Protect
|move|p1b: Whimsicott|Moonblast|p2b: Gholdengo
|-resisted|p2b: Gholdengo|1
|-damage|p2b: Gholdengo|72/100
|move|p2b: Gholdengo|Shadow Ball|p1a: Metagross
|-supereffective|p1a: Metagross|1
|-damage|p1a: Metagross|15/100
|-damage|p2b: Gholdengo|63/100|[from] item: Life Orb
|
|upkeep
|turn|5
|
|t:|1783350798
|switch|p2a: Incineroar|Incineroar, L50, M|100/100
|-ability|p2a: Incineroar|Intimidate|boost
|-unboost|p1a: Metagross|atk|1
|-unboost|p1b: Whimsicott|atk|1
|move|p1b: Whimsicott|Protect|p1b: Whimsicott
|-singleturn|p1b: Whimsicott|Protect
|move|p1a: Metagross|Protect|p1a: Metagross
|-singleturn|p1a: Metagross|Protect
|move|p2b: Gholdengo|Make It Rain|p1a: Metagross|[spread] 
|-activate|p1a: Metagross|move: Protect
|-activate|p1b: Whimsicott|move: Protect
|
|-sideend|p1: luisreey|move: Tailwind
|upkeep
|turn|6
|inactive|luisreey has 30 seconds left.
|
|t:|1783350825
|switch|p1a: Hydreigon|Hydreigon, L50, M|100/100
|switch|p2b: Venusaur|Venusaur-Mega, L50, M|97/100
|move|p2a: Incineroar|Fake Out|p1a: Hydreigon
|-damage|p1a: Hydreigon|88/100
|move|p1b: Whimsicott|Tailwind|p1b: Whimsicott
|-sidestart|p1: luisreey|move: Tailwind
|
|upkeep
|turn|7
|
|t:|1783350847
|move|p1a: Hydreigon|Dark Pulse|p2b: Venusaur
|-damage|p2b: Venusaur|65/100
|move|p1b: Whimsicott|Moonblast|p2a: Incineroar
|-damage|p2a: Incineroar|69/100
|move|p2b: Venusaur|Sludge Bomb|p1b: Whimsicott
|-supereffective|p1b: Whimsicott|2
|-damage|p1b: Whimsicott|0 fnt
|faint|p1b: Whimsicott
|move|p2a: Incineroar|Parting Shot|p1a: Hydreigon
|-unboost|p1a: Hydreigon|atk|1
|-unboost|p1a: Hydreigon|spa|1
|
|t:|1783350855
|switch|p2a: Gholdengo|Gholdengo, L50|63/100|[from] Parting Shot
|
|upkeep
|
|t:|1783350878
|switch|p1b: Metagross|Metagross-Mega, L50, shiny|15/100
|turn|8
|
|t:|1783350887
|switch|p2a: Incineroar|Incineroar, L50, M|69/100
|-ability|p2a: Incineroar|Intimidate|boost
|-unboost|p1a: Hydreigon|atk|1
|-unboost|p1b: Metagross|atk|1
|move|p2b: Venusaur|Protect|p2b: Venusaur
|-singleturn|p2b: Venusaur|Protect
|move|p1a: Hydreigon|Dark Pulse|p2a: Incineroar
|-resisted|p2a: Incineroar|1
|-damage|p2a: Incineroar|57/100
|move|p1b: Metagross|Psychic Fangs|p2b: Venusaur
|-activate|p2b: Venusaur|move: Protect
|
|upkeep
|turn|9
|inactive|luisreey has 30 seconds left.
|
|t:|1783350913
|move|p1b: Metagross|Protect|p1b: Metagross
|-singleturn|p1b: Metagross|Protect
|move|p2a: Incineroar|Fake Out|p1b: Metagross
|-activate|p1b: Metagross|move: Protect
|move|p1a: Hydreigon|Dark Pulse|p2b: Venusaur
|-damage|p2b: Venusaur|45/100
|move|p2b: Venusaur|Sludge Bomb|p1a: Hydreigon
|-damage|p1a: Hydreigon|38/100
|
|-sideend|p1: luisreey|move: Tailwind
|upkeep
|turn|10
|
|t:|1783350929
|move|p2b: Venusaur|Protect|p2b: Venusaur
|-singleturn|p2b: Venusaur|Protect
|move|p1a: Hydreigon|Dark Pulse|p2b: Venusaur
|-activate|p2b: Venusaur|move: Protect
|move|p1b: Metagross|Psychic Fangs|p2b: Venusaur
|-activate|p2b: Venusaur|move: Protect
|move|p2a: Incineroar|Throat Chop|p1b: Metagross
|-supereffective|p1b: Metagross|1
|-damage|p1b: Metagross|0 fnt
|faint|p1b: Metagross
|
|upkeep
|
|t:|1783350938
|switch|p1b: Basculegion|Basculegion, L50, M|61/100
|turn|11
|
|t:|1783350951
|move|p1b: Basculegion|Protect|p1b: Basculegion
|-singleturn|p1b: Basculegion|Protect
|move|p1a: Hydreigon|Dark Pulse|p2b: Venusaur
|-damage|p2b: Venusaur|23/100
|move|p2b: Venusaur|Giga Drain|p1b: Basculegion
|-activate|p1b: Basculegion|move: Protect
|move|p2a: Incineroar|Throat Chop|p1b: Basculegion
|-activate|p1b: Basculegion|move: Protect
|
|upkeep
|turn|12
|
|t:|1783350976
|move|p1b: Basculegion|Aqua Jet|p2a: Incineroar
|-supereffective|p2a: Incineroar|1
|-damage|p2a: Incineroar|0 fnt
|faint|p2a: Incineroar
|-damage|p1b: Basculegion|51/100|[from] item: Life Orb
|move|p1a: Hydreigon|Dark Pulse|p2b: Venusaur
|-damage|p2b: Venusaur|2/100
|move|p2b: Venusaur|Giga Drain|p1b: Basculegion
|-supereffective|p1b: Basculegion|1
|-crit|p1b: Basculegion
|-damage|p1b: Basculegion|0 fnt
|-heal|p2b: Venusaur|31/100|[from] drain|[of] p1b: Basculegion
|faint|p1b: Basculegion
|
|upkeep
|
|t:|1783350978
|switch|p2a: Gholdengo|Gholdengo, L50|63/100
|turn|13
|
|t:|1783350989
|move|p1a: Hydreigon|Dark Pulse|p2a: Gholdengo
|-supereffective|p2a: Gholdengo|1
|-damage|p2a: Gholdengo|1/100
|move|p2a: Gholdengo|Make It Rain|p1a: Hydreigon
|-damage|p1a: Hydreigon|0 fnt
|-unboost|p2a: Gholdengo|spa|2
|faint|p1a: Hydreigon
|-damage|p2a: Gholdengo|0 fnt|[from] item: Life Orb
|faint|p2a: Gholdengo
|
|win|RadonVGC
|raw|luisreey's rating: 1217 → 1189(-28 for losing)
|raw|RadonVGC's rating: 1177 → 1205(+28 for winning)
