|j|☆Scoseb
|j|☆123Chip123
|html|Scoseb123Chip123    
|uhtml|bestof|Game 2 of a best-of-3
|t:|1784618941
|gametype|doubles
|player|p1|Scoseb|brycenman|1317
|player|p2|123Chip123|265|1201
|gen|9
|tier|[Gen 9 Champions] VGC 2026 Reg M-B (Bo3)
|rated|
|rule|Species Clause: Limit one of each Pokémon
|rule|Item Clause: Limit 1 of each item
|clearpoke
|poke|p1|Gholdengo, L50|
|poke|p1|Zoroark-Hisui, L50, F|
|poke|p1|Incineroar, L50, M|
|poke|p1|Whimsicott, L50, F|
|poke|p1|Staraptor, L50, F|
|poke|p1|Garchomp, L50, F|
|poke|p2|Aerodactyl, L50, M|
|poke|p2|Kingambit, L50, M|
|poke|p2|Sylveon, L50, F|
|poke|p2|Charizard, L50, M|
|poke|p2|Garchomp, L50, M|
|poke|p2|Farigiraf, L50, M|
|teampreview|4
|showteam|p1|Gholdengo||LifeOrb|GoodasGold|PowerGem,Protect,MakeItRain,ShadowBall|Modest|||||50|]Zoroark-Hisui||FocusSash|Illusion|Taunt,IcyWind,FakeTears,BitterMalice|Timid||F|||50|]Incineroar||SitrusBerry|Intimidate|FakeOut,PartingShot,FlareBlitz,DarkestLariat|Careful||M|||50|]Whimsicott||FairyFeather|Prankster|Moonblast,Tailwind,Charm,Encore|Modest||F|||50|]Staraptor||Staraptite|Reckless|CloseCombat,Protect,BraveBird,Roost|Jolly||F|||50|]Garchomp||Garchompite|RoughSkin|Protect,Earthquake,DragonClaw,RockSlide|Adamant||F|||50|
|showteam|p2|Aerodactyl||Aerodactylite|Unnerve|RockSlide,DualWingbeat,IceFang,Tailwind|Jolly||M|||50|]Kingambit||BlackGlasses|Defiant|KowtowCleave,IronHead,SuckerPunch,LowKick|Jolly||M|||50|]Sylveon||FairyFeather|Pixilate|HyperVoice,QuickAttack,HyperBeam,Detect|Modest||F|||50|]Charizard||CharizarditeY|Blaze|HeatWave,WeatherBall,SolarBeam,Protect|Modest||M|||50|]Garchomp||LifeOrb|RoughSkin|DragonClaw,Earthquake,RockSlide,Protect|Jolly||M|||50|]Farigiraf||SitrusBerry|ArmorTail|TwinBeam,Thunderbolt,TrickRoom,HelpingHand|Relaxed||M|||50|
|inactive|Battle timer is ON: inactive players will automatically lose when time's up. (requested by Scoseb)
|
|t:|1784618966
|teamsize|p1|4
|teamsize|p2|4
|start
|switch|p1a: Staraptor|Staraptor, L50, F|100/100
|switch|p1b: Gholdengo|Gholdengo, L50|100/100
|switch|p2a: Charizard|Charizard, L50, M|100/100
|switch|p2b: Sylveon|Sylveon, L50, F|100/100
|turn|1
|inactive|123Chip123 has 30 seconds left.
|inactive|123Chip123 has 20 seconds left.
|inactive|123Chip123 has 15 seconds left.
|
|t:|1784619010
|switch|p2a: Farigiraf|Farigiraf, L50, M|100/100
|move|p1a: Staraptor|Icy Wind|p2b: Sylveon|[spread] p2b
|-miss|p1a: Staraptor|p2a: Farigiraf
|-damage|p2b: Sylveon|89/100
|-unboost|p2b: Sylveon|spe|1
|move|p1b: Gholdengo|Power Gem|p2a: Farigiraf
|-damage|p2a: Farigiraf|63/100
|-damage|p1b: Gholdengo|90/100|[from] item: Life Orb
|move|p2b: Sylveon|Hyper Voice|p1a: Staraptor|[spread] p1a,p1b
|-resisted|p1b: Gholdengo|1
|-damage|p1a: Staraptor|18/100
|-damage|p1b: Gholdengo|69/100
|replace|p1a: Zoroark|Zoroark-Hisui, L50, F
|-end|p1a: Zoroark|Illusion
|
|upkeep
|turn|2
|inactive|Scoseb has 30 seconds left.
|inactive|123Chip123 has 30 seconds left.
|inactive|Scoseb has 20 seconds left.
|inactive|123Chip123 has 20 seconds left.
|inactive|Scoseb has 15 seconds left.
|inactive|123Chip123 has 15 seconds left.
|
|t:|1784619054
|move|p2b: Sylveon|Detect|p2b: Sylveon
|-singleturn|p2b: Sylveon|Protect
|move|p1a: Zoroark|Taunt|p2a: Farigiraf
|-start|p2a: Farigiraf|move: Taunt
|move|p1b: Gholdengo|Make It Rain|p2b: Sylveon|[spread] p2a
|-activate|p2b: Sylveon|move: Protect
|-damage|p2a: Farigiraf|5/100
|-unboost|p1b: Gholdengo|spa|2
|-enditem|p2a: Farigiraf|Sitrus Berry|[eat]
|-heal|p2a: Farigiraf|30/100|[from] item: Sitrus Berry
|-damage|p1b: Gholdengo|60/100|[from] item: Life Orb
|cant|p2a: Farigiraf|move: Taunt|Trick Room
|
|upkeep
|turn|3
|inactive|Scoseb has 30 seconds left.
|
|t:|1784619080
|switch|p1b: Whimsicott|Whimsicott, L50, F|100/100
|switch|p2a: Garchomp|Garchomp, L50, M|100/100
|switch|p2b: Charizard|Charizard, L50, M|100/100
|move|p1a: Zoroark|Bitter Malice|p2b: Charizard
|-damage|p2b: Charizard|51/100
|-unboost|p2b: Charizard|atk|1
|
|upkeep
|turn|4
|inactive|Scoseb has 30 seconds left.
|
|t:|1784619107
|detailschange|p2b: Charizard|Charizard-Mega-Y, L50, M
|-mega|p2b: Charizard|Charizard|Charizardite Y
|-weather|SunnyDay|[from] ability: Drought|[of] p2b: Charizard
|move|p2a: Garchomp|Protect|p2a: Garchomp
|-singleturn|p2a: Garchomp|Protect
|move|p1a: Zoroark|Bitter Malice|p2b: Charizard
|-damage|p2b: Charizard|14/100
|-unboost|p2b: Charizard|atk|1
|move|p1b: Whimsicott|Moonblast|p2b: Charizard
|-resisted|p2b: Charizard|1
|-damage|p2b: Charizard|0 fnt
|faint|p2b: Charizard
|
|-weather|SunnyDay|[upkeep]
|upkeep
|inactive|123Chip123 has 30 seconds left.
|
|t:|1784619134
|switch|p2b: Sylveon|Sylveon, L50, F|89/100
|turn|5
|
|t:|1784619157
|move|p2a: Garchomp|Protect|p2a: Garchomp
|-singleturn|p2a: Garchomp|Protect
|move|p1b: Whimsicott|Charm|p2b: Sylveon
|-unboost|p2b: Sylveon|atk|2
|move|p1a: Zoroark|Icy Wind|p2b: Sylveon|[spread] p2b
|-activate|p2a: Garchomp|move: Protect
|-damage|p2b: Sylveon|79/100
|-unboost|p2b: Sylveon|spe|1
|move|p2b: Sylveon|Hyper Beam|p1b: Whimsicott
|-damage|p1b: Whimsicott|0 fnt
|-mustrecharge|p2b: Sylveon
|faint|p1b: Whimsicott
|
|-weather|SunnyDay|[upkeep]
|upkeep
|
|t:|1784619170
|switch|p1b: Staraptor|Staraptor, L50, F|100/100
|turn|6
|
|t:|1784619180
|detailschange|p1b: Staraptor|Staraptor-Mega, L50, F
|-mega|p1b: Staraptor|Staraptor|Staraptite
|move|p1a: Zoroark|Icy Wind|p2b: Sylveon|[spread] p2a,p2b
|-supereffective|p2a: Garchomp|2
|-damage|p2a: Garchomp|37/100
|-damage|p2b: Sylveon|69/100
|-unboost|p2a: Garchomp|spe|1
|-unboost|p2b: Sylveon|spe|1
|move|p1b: Staraptor|Close Combat|p2a: Garchomp
|-damage|p2a: Garchomp|0 fnt
|-boost|p1b: Staraptor|def|1
|-boost|p1b: Staraptor|spd|1
|-damage|p1b: Staraptor|87/100|[from] ability: Rough Skin|[of] p2a: Garchomp
|faint|p2a: Garchomp
|cant|p2b: Sylveon|recharge
|
|-weather|SunnyDay|[upkeep]
|upkeep
|
|t:|1784619195
|switch|p2a: Farigiraf|Farigiraf, L50, M|30/100
|turn|7
|
|t:|1784619214
|move|p1b: Staraptor|Protect|p1b: Staraptor
|-singleturn|p1b: Staraptor|Protect
|move|p2b: Sylveon|Detect|p2b: Sylveon
|-singleturn|p2b: Sylveon|Protect
|move|p1a: Zoroark|Taunt|p2a: Farigiraf
|-start|p2a: Farigiraf|move: Taunt
|cant|p2a: Farigiraf|move: Taunt|Trick Room
|
|-weather|SunnyDay|[upkeep]
|upkeep
|turn|8
|
|t:|1784619234
|move|p2b: Sylveon|Quick Attack|p1a: Zoroark
|-damage|p1a: Zoroark|3/100
|move|p1a: Zoroark|Bitter Malice|p2b: Sylveon
|-damage|p2b: Sylveon|40/100
|-unboost|p2b: Sylveon|atk|1
|move|p1b: Staraptor|Brave Bird|p2b: Sylveon
|-damage|p2b: Sylveon|0 fnt
|faint|p2b: Sylveon
|-damage|p1b: Staraptor|74/100|[from] Recoil
|move|p2a: Farigiraf|Thunderbolt|p1b: Staraptor
|-supereffective|p1b: Staraptor|1
|-damage|p1b: Staraptor|44/100
|
|-weather|none
|upkeep
|turn|9
|-message|123Chip123 forfeited.
|
|win|Scoseb
|l|☆123Chip123
|player|p2|
||123Chip123 is ready for game 3.
||Scoseb is ready for game 3.
|uhtml|next|Next: Game 3 of 3
