|j|☆the Batterwitch
|j|☆rowansmuscleshirt
|html|the Batterwitchrowansmuscleshirt    
|uhtml|bestof|Game 2 of a best-of-3
|t:|1757705462
|gametype|doubles
|player|p1|the Batterwitch|baker|1246
|player|p2|rowansmuscleshirt|ltsurge|1216
|gen|9
|tier|[Gen 9] VGC 2025 Reg H (Bo3)
|rated|
|rule|Species Clause: Limit one of each Pokémon
|rule|Item Clause: Limit 1 of each item
|clearpoke
|poke|p1|Archaludon, L50, M|
|poke|p1|Pelipper, L50, M|
|poke|p1|Basculegion, L50, M|
|poke|p1|Ursaluna, L50, F|
|poke|p1|Volcarona, L50, M|
|poke|p1|Porygon2, L50|
|poke|p2|Dragonite, L50, M|
|poke|p2|Gholdengo, L50|
|poke|p2|Ursaluna-Bloodmoon, L50, M|
|poke|p2|Pelipper, L50, M|
|poke|p2|Archaludon, L50, M|
|poke|p2|Basculegion, L50, M|
|teampreview|4
|showteam|p1|Archaludon||PowerHerb|Sturdy|ElectroShot,DracoMeteor,FlashCannon,Protect|||M|||50|,,,,,Grass]Pelipper||FocusSash|Drizzle|Hurricane,WeatherBall,WideGuard,Tailwind|||M|||50|,,,,,Ghost]Basculegion||LifeOrb|SwiftSwim|WaveCrash,LastRespects,AquaJet,Protect|||M|||50|,,,,,Fairy]Ursaluna||FlameOrb|Guts|Facade,Earthquake,HeadlongRush,Protect|||F|||50|,,,,,Fairy]Volcarona||CovertCloak|FlameBody|Overheat,StruggleBug,RagePowder,WillOWisp|||M|||50|,,,,,Dragon]Porygon2||Eviolite|Trace|TriAttack,IceBeam,Recover,TrickRoom||||||50|,,,,,Ghost
|showteam|p2|Dragonite||LoadedDice|Multiscale|ScaleShot,Tailwind,Haze,Protect|||M|||50|,,,,,Fairy]Gholdengo||LifeOrb|GoodasGold|MakeItRain,ShadowBall,NastyPlot,Protect||||||50|,,,,,Water]Ursaluna-Bloodmoon||AssaultVest|MindsEye|BloodMoon,EarthPower,HyperVoice,VacuumWave|||M|||50|,,,,,Water]Pelipper||FocusSash|Drizzle|WeatherBall,Hurricane,Tailwind,Protect|||M|||50|,,,,,Stellar]Archaludon||PowerHerb|Sturdy|Thunderbolt,ElectroShot,FlashCannon,Protect|||M|||50|,,,,,Electric]Basculegion||ChoiceBand|SwiftSwim|WaveCrash,FlipTurn,LastRespects,AquaJet|||M|||50|,,,,,Grass
|inactive|Battle timer is ON: inactive players will automatically lose when time's up. (requested by rowansmuscleshirt)
|inactive|the Batterwitch has 60 seconds left.
|inactive|rowansmuscleshirt has 60 seconds left.
|
|t:|1757705505
|teamsize|p1|4
|teamsize|p2|4
|start
|switch|p1a: Porygon2|Porygon2, L50, shiny|100/100
|switch|p1b: Volcarona|Volcarona, L50, M|100/100
|switch|p2a: Gholdengo|Gholdengo, L50|100/100
|switch|p2b: Dragonite|Dragonite, L50, M|100/100
|-ability|p1a: Porygon2|Multiscale|Trace|[from] ability: Trace|[of] p2b: Dragonite
|turn|1
|
|t:|1757705527
|-terastallize|p2a: Gholdengo|Water
|move|p1b: Volcarona|Will-O-Wisp|p2b: Dragonite
|-status|p2b: Dragonite|brn
|move|p2a: Gholdengo|Nasty Plot|p2a: Gholdengo
|-boost|p2a: Gholdengo|spa|2
|move|p2b: Dragonite|Scale Shot|p1a: Porygon2
|-damage|p1a: Porygon2|98/100
|-damage|p1a: Porygon2|94/100
|-damage|p1a: Porygon2|90/100
|-damage|p1a: Porygon2|86/100
|-damage|p1a: Porygon2|82/100
|-hitcount|p1a: Porygon2|5
|-unboost|p2b: Dragonite|def|1
|-boost|p2b: Dragonite|spe|1
|move|p1a: Porygon2|Trick Room|p1a: Porygon2
|-fieldstart|move: Trick Room|[of] p1a: Porygon2
|
|-damage|p2b: Dragonite|95/100 brn|[from] brn
|upkeep
|turn|2
|inactive|the Batterwitch has 30 seconds left.
|inactive|rowansmuscleshirt has 30 seconds left.
|
|t:|1757705569
|switch|p2b: Archaludon|Archaludon, L50, M|100/100
|move|p1a: Porygon2|Tri Attack|p2a: Gholdengo
|-damage|p2a: Gholdengo|63/100
|move|p2a: Gholdengo|Nasty Plot|p2a: Gholdengo
|-boost|p2a: Gholdengo|spa|2
|move|p1b: Volcarona|Struggle Bug|p2a: Gholdengo|[spread] p2a,p2b
|-resisted|p2b: Archaludon
|-damage|p2a: Gholdengo|46/100
|-damage|p2b: Archaludon|88/100
|-unboost|p2a: Gholdengo|spa|1
|-unboost|p2b: Archaludon|spa|1
|
|upkeep
|turn|3
|
|t:|1757705594
|move|p1a: Porygon2|Tri Attack|p2a: Gholdengo
|-damage|p2a: Gholdengo|12/100
|move|p2a: Gholdengo|Make It Rain|p1b: Volcarona|[spread] p1a,p1b
|-resisted|p1b: Volcarona
|-damage|p1a: Porygon2|0 fnt
|-damage|p1b: Volcarona|33/100
|-unboost|p2a: Gholdengo|spa|1
|faint|p1a: Porygon2
|-damage|p2a: Gholdengo|2/100|[from] item: Life Orb
|move|p2b: Archaludon|Electro Shot||[still]
|-prepare|p2b: Archaludon|Electro Shot
|-boost|p2b: Archaludon|spa|1
|-enditem|p2b: Archaludon|Power Herb
|-anim|p2b: Archaludon|Electro Shot|p1b: Volcarona
|-damage|p1b: Volcarona|0 fnt
|faint|p1b: Volcarona
|
|upkeep
|
|t:|1757705600
|switch|p1a: Ursaluna|Ursaluna, L50, F|100/100
|switch|p1b: Archaludon|Archaludon, L50, M|100/100
|turn|4
|
|t:|1757705614
|move|p2a: Gholdengo|Protect|p2a: Gholdengo
|-singleturn|p2a: Gholdengo|Protect
|move|p1b: Archaludon|Protect|p1b: Archaludon
|-singleturn|p1b: Archaludon|Protect
|move|p2b: Archaludon|Protect|p2b: Archaludon
|-singleturn|p2b: Archaludon|Protect
|move|p1a: Ursaluna|Earthquake|p2b: Archaludon|[spread] 
|-activate|p1b: Archaludon|move: Protect
|-activate|p2a: Gholdengo|move: Protect
|-activate|p2b: Archaludon|move: Protect
|
|-status|p1a: Ursaluna|brn|[from] item: Flame Orb
|upkeep
|turn|5
|inactive|rowansmuscleshirt has 30 seconds left.
|
|t:|1757705641
|switch|p2a: Dragonite|Dragonite, L50, M|95/100 brn
|-terastallize|p1b: Archaludon|Grass
|move|p1a: Ursaluna|Earthquake|p2a: Dragonite|[spread] p1b,p2b
|-immune|p2a: Dragonite
|-resisted|p1b: Archaludon
|-supereffective|p2b: Archaludon
|-damage|p1b: Archaludon|73/100
|-damage|p2b: Archaludon|0 fnt
|faint|p2b: Archaludon
|move|p1b: Archaludon|Electro Shot||[still]
|-prepare|p1b: Archaludon|Electro Shot
|-boost|p1b: Archaludon|spa|1
|-enditem|p1b: Archaludon|Power Herb
|-anim|p1b: Archaludon|Electro Shot|p2a: Dragonite
|-damage|p2a: Dragonite|25/100 brn
|
|-damage|p1a: Ursaluna|95/100 brn|[from] brn
|-damage|p2a: Dragonite|19/100 brn|[from] brn
|-fieldend|move: Trick Room
|upkeep
|
|t:|1757705654
|switch|p2b: Gholdengo|Gholdengo, L50, tera:Water|2/100
|turn|6
|inactive|the Batterwitch has 30 seconds left.
|
|t:|1757705679
|move|p1b: Archaludon|Protect|p1b: Archaludon
|-singleturn|p1b: Archaludon|Protect
|move|p2b: Gholdengo|Make It Rain|p1a: Ursaluna|[spread] p1a
|-activate|p1b: Archaludon|move: Protect
|-damage|p1a: Ursaluna|41/100 brn
|-unboost|p2b: Gholdengo|spa|1
|-damage|p2b: Gholdengo|0 fnt|[from] item: Life Orb
|faint|p2b: Gholdengo
|move|p2a: Dragonite|Tailwind|p2a: Dragonite
|-sidestart|p2: rowansmuscleshirt|move: Tailwind
|move|p1a: Ursaluna|Facade|p2a: Dragonite
|-damage|p2a: Dragonite|0 fnt
|faint|p2a: Dragonite
|
|-damage|p1a: Ursaluna|35/100 brn|[from] brn
|upkeep
|
|t:|1757705685
|switch|p2b: Basculegion|Basculegion, L50, M|100/100
|turn|7
|
|t:|1757705696
|move|p2b: Basculegion|Wave Crash|p1b: Archaludon
|-resisted|p1b: Archaludon
|-damage|p1b: Archaludon|34/100
|-damage|p2b: Basculegion|90/100|[from] Recoil
|move|p1b: Archaludon|Draco Meteor|p2b: Basculegion
|-damage|p2b: Basculegion|0 fnt
|-unboost|p1b: Archaludon|spa|2
|faint|p2b: Basculegion
|
|win|the Batterwitch
|raw|the Batterwitch's rating: 1246 → 1269(+23 for winning)
|raw|rowansmuscleshirt's rating: 1216 → 1193(-23 for losing)
|l|☆rowansmuscleshirt
|player|p2|
