|j|☆void25o
|j|‽Joltaru
|html|void25oJoltaru    
|uhtml|bestof|Game 1 of a best-of-3
|t:|1786068450
|gametype|doubles
|player|p1|void25o|miku-ghost|1217
|player|p2|Joltaru|1|1023
|gen|9
|tier|[Gen 9 Champions] VGC 2026 Reg M-B (Bo3)
|rated|
|rule|Species Clause: Limit one of each Pokémon
|rule|Item Clause: Limit 1 of each item
|clearpoke
|poke|p1|Garchomp, L50, M|
|poke|p1|Whimsicott, L50, M|
|poke|p1|Delphox, L50, F|
|poke|p1|Tsareena, L50, F, shiny|
|poke|p1|Basculegion, L50, M|
|poke|p1|Raichu, L50, M|
|poke|p2|Scrafty, L50, M|
|poke|p2|Gholdengo, L50|
|poke|p2|Sylveon, L50, F|
|poke|p2|Garchomp, L50, M|
|poke|p2|Talonflame, L50, M|
|poke|p2|Vivillon, L50, M|
|teampreview|4
|showteam|p1|Garchomp||LifeOrb|RoughSkin|DragonClaw,Earthquake,RockSlide,Protect|Jolly||M|||50|]Whimsicott||FocusSash|Prankster|Moonblast,Encore,Tailwind,Protect|Timid||M|||50|]Delphox||Delphoxite|Blaze|HeatWave,Psychic,Encore,Protect|Timid||F|||50|]Tsareena||WideLens|QueenlyMajesty|PowerWhip,HighJumpKick,TripleAxel,Protect|Adamant||F|||50|]Basculegion||MysticWater|Adaptability|WaveCrash,LastRespects,AquaJet,Protect|Adamant||M|||50|]Raichu||RaichuniteY|LightningRod|FakeOut,ZapCannon,FocusBlast,Protect|Timid||M|||50|
|showteam|p2|Scrafty||Scraftinite|Intimidate|DrainPunch,KnockOff,Protect,DragonDance|Jolly||M|||50|]Gholdengo||WhiteHerb|GoodasGold|MakeItRain,ShadowBall,Protect,NastyPlot|Timid|||||50|]Sylveon||FairyFeather|Pixilate|CalmMind,HyperVoice,Protect,DrainingKiss|Timid||F|||50|]Garchomp||LifeOrb|RoughSkin|RockSlide,Earthquake,DragonClaw,Protect|Jolly||M|||50|]Talonflame||Charcoal|GaleWings|Tailwind,BraveBird,FlareBlitz,Protect|Adamant||M|||50|]Vivillon||FocusSash|FriendGuard|Tailwind,SleepPowder,RagePowder,PollenPuff|Timid||M|||50|
|inactive|Battle timer is ON: inactive players will automatically lose when time's up. (requested by Joltaru)
|inactive|void25o has 60 seconds left.
|inactive|Joltaru has 60 seconds left.
|
|t:|1786068498
|teamsize|p1|4
|teamsize|p2|4
|start
|switch|p1a: Jawn|Whimsicott, L50, M|100/100
|switch|p1b: Jean|Garchomp, L50, M|100/100
|switch|p2a: Garchomp|Garchomp, L50, M|100/100
|switch|p2b: Vivillon|Vivillon, L50, M|100/100
|turn|1
|inactive|Joltaru has 30 seconds left.
|
|t:|1786068525
|move|p1a: Jawn|Moonblast|p2b: Vivillon
|-damage|p2b: Vivillon|43/100
|move|p1b: Jean|Dragon Claw|p2b: Vivillon
|-damage|p2b: Vivillon|0 fnt
|faint|p2b: Vivillon
|-damage|p1b: Jean|90/100|[from] item: Life Orb
|move|p2a: Garchomp|Dragon Claw|p1b: Jean
|-supereffective|p1b: Jean|1
|-damage|p1b: Jean|0 fnt
|-damage|p2a: Garchomp|87/100|[from] ability: Rough Skin|[of] p1b: Jean
|faint|p1b: Jean
|-damage|p2a: Garchomp|77/100|[from] item: Life Orb
|
|upkeep
|
|t:|1786068542
|switch|p1b: Delphox|Delphox, L50, F|100/100
|switch|p2b: Talonflame|Talonflame, L50, M|100/100
|turn|2
|
|t:|1786068550
|switch|p1b: Koroleva|Tsareena, L50, F, shiny|100/100
|move|p2b: Talonflame|Tailwind|p2b: Talonflame
|-sidestart|p2: Joltaru|move: Tailwind
|move|p2a: Garchomp|Earthquake|p1b: Koroleva|[spread] p1a,p1b
|-immune|p2b: Talonflame
|-resisted|p1a: Jawn|1
|-resisted|p1b: Koroleva|1
|-damage|p1a: Jawn|61/100
|-damage|p1b: Koroleva|73/100
|-damage|p2a: Garchomp|68/100|[from] item: Life Orb
|move|p1a: Jawn|Moonblast|p2a: Garchomp
|-supereffective|p2a: Garchomp|1
|-damage|p2a: Garchomp|0 fnt
|faint|p2a: Garchomp
|
|upkeep
|
|t:|1786068566
|switch|p2a: Scrafty|Scrafty, L50, M|100/100
|-ability|p2a: Scrafty|Intimidate|boost
|-unboost|p1a: Jawn|atk|1
|-unboost|p1b: Koroleva|atk|1
|turn|3
|inactive|Joltaru has 30 seconds left.
|
|t:|1786068592
|detailschange|p2a: Scrafty|Scrafty-Mega, L50, M
|-mega|p2a: Scrafty|Scrafty|Scraftinite
|-ability|p2a: Scrafty|Intimidate|boost
|-unboost|p1a: Jawn|atk|1
|-unboost|p1b: Koroleva|atk|1
|move|p2a: Scrafty|Protect|p2a: Scrafty
|-singleturn|p2a: Scrafty|Protect
|move|p1a: Jawn|Tailwind|p1a: Jawn
|-sidestart|p1: void25o|move: Tailwind
|move|p2b: Talonflame|Flare Blitz|p1a: Jawn
|-supereffective|p1a: Jawn|1
|-damage|p1a: Jawn|0 fnt
|faint|p1a: Jawn
|-damage|p2b: Talonflame|81/100|[from] Recoil
|move|p1b: Koroleva|High Jump Kick|p2a: Scrafty
|-activate|p2a: Scrafty|move: Protect
|-damage|p1b: Koroleva|23/100|[from] highjumpkick
|
|upkeep
|
|t:|1786068603
|switch|p1a: Delphox|Delphox, L50, F|100/100
|turn|4
|
|t:|1786068627
|detailschange|p1a: Delphox|Delphox-Mega, L50, F
|-mega|p1a: Delphox|Delphox|Delphoxite
|move|p1a: Delphox|Encore|p2a: Scrafty
|-start|p2a: Scrafty|Encore
|move|p2a: Scrafty|Protect||[still]
|-fail|p2a: Scrafty
|move|p2b: Talonflame|Brave Bird|p1b: Koroleva
|-supereffective|p1b: Koroleva|1
|-damage|p1b: Koroleva|0 fnt
|faint|p1b: Koroleva
|-damage|p2b: Talonflame|74/100|[from] Recoil
|
|upkeep
|turn|5
|
|t:|1786068645
|move|p2b: Talonflame|Protect|p2b: Talonflame
|-singleturn|p2b: Talonflame|Protect
|move|p2a: Scrafty|Protect|p2a: Scrafty
|-singleturn|p2a: Scrafty|Protect
|move|p1a: Delphox|Psychic|p2b: Talonflame
|-activate|p2b: Talonflame|move: Protect
|
|-sideend|p2: Joltaru|move: Tailwind
|upkeep
|turn|6
|
|t:|1786068661
|move|p2a: Scrafty|Protect||[still]
|-fail|p2a: Scrafty
|move|p1a: Delphox|Psychic|p2b: Talonflame
|-damage|p2b: Talonflame|0 fnt
|faint|p2b: Talonflame
|
|-end|p2a: Scrafty|Encore
|-sideend|p1: void25o|move: Tailwind
|upkeep
|turn|7
|
|t:|1786068674
|move|p1a: Delphox|Encore|p2a: Scrafty
|-start|p2a: Scrafty|Encore
|move|p2a: Scrafty|Protect||[still]
|-fail|p2a: Scrafty
|
|upkeep
|turn|8
|
|t:|1786068680
|move|p2a: Scrafty|Protect|p2a: Scrafty
|-singleturn|p2a: Scrafty|Protect
|move|p1a: Delphox|Heat Wave|p2a: Scrafty
|-activate|p2a: Scrafty|move: Protect
|
|upkeep
|turn|9
|
|t:|1786068686
|move|p2a: Scrafty|Protect||[still]
|-fail|p2a: Scrafty
|move|p1a: Delphox|Heat Wave|p2a: Scrafty
|-damage|p2a: Scrafty|55/100
|
|-end|p2a: Scrafty|Encore
|upkeep
|turn|10
|
|t:|1786068697
|move|p1a: Delphox|Encore|p2a: Scrafty
|-start|p2a: Scrafty|Encore
|move|p2a: Scrafty|Protect||[still]
|-fail|p2a: Scrafty
|
|-end|p2a: Scrafty|Encore
|upkeep
|turn|11
|-message|Joltaru forfeited.
|
|win|void25o
|l|‽Joltaru
|player|p2|
||void25o is ready for game 2.
||Joltaru is ready for game 2.
|uhtml|next|Next: Game 2 of 3
