|j|â˜†KyleTampy
|j|â˜†Oldcow
|html|KyleTampyOldcow    
|uhtml|bestof|Game 1 of a best-of-3
|t:|1784569224
|gametype|doubles
|player|p1|KyleTampy|lucian|
|player|p2|Oldcow|shadowtriad|
|gen|9
|tier|[Gen 9 Champions] VGC 2026 Reg M-B (Bo3)
|rule|Species Clause: Limit one of each PokÃ©mon
|rule|Item Clause: Limit 1 of each item
|clearpoke
|poke|p1|Charizard, L50, M|
|poke|p1|Pelipper, L50, F, shiny|
|poke|p1|Basculegion, L50, M|
|poke|p1|Archaludon, L50, M|
|poke|p1|Farigiraf, L50, M|
|poke|p1|Meganium, L50, F, shiny|
|poke|p2|Raichu, L50, M|
|poke|p2|Staraptor, L50, M, shiny|
|poke|p2|Tyranitar, L50, F, shiny|
|poke|p2|Drampa, L50, F|
|poke|p2|Grimmsnarl, L50, M, shiny|
|poke|p2|Sinistcha, L50|
|teampreview|4
|showteam|p1|Charizard||CharizarditeY|Blaze|HeatWave,AncientPower,WeatherBall,Protect|Modest||M|||50|]Pelipper||FocusSash|Drizzle|Hurricane,WeatherBall,Tailwind,Protect|Timid||F|||50|]Basculegion||ChoiceScarf|Adaptability|WaveCrash,AquaJet,LastRespects,FlipTurn|Jolly||M|||50|]Archaludon||Leftovers|Stamina|ElectroShot,DragonPulse,FlashCannon,Protect|Modest||M|||50|]Farigiraf||SitrusBerry|ArmorTail|TrickRoom,Thunderbolt,Psychic,HelpingHand|Relaxed||M|||50|]Meganium||Meganiumite|Overgrow|SolarBeam,DazzlingGleam,Protect,WeatherBall|Modest||F|||50|
|showteam|p2|Raichu||RaichuniteY|LightningRod|ZapCannon,FocusBlast,VoltSwitch,Protect|Timid||M|||50|]Staraptor||Staraptite|Intimidate|BraveBird,CloseCombat,Tailwind,Protect|Jolly||M|||50|]Tyranitar||PasshoBerry|SandStream|RockSlide,KnockOff,HighHorsepower,Protect|Adamant||F|||50|]Drampa||Leftovers|CloudNine|HyperVoice,Flamethrower,EarthPower,Protect|Quiet||F|||50|]Grimmsnarl||LightClay|Prankster|FoulPlay,Reflect,LightScreen,PartingShot|Calm||M|||50|]Sinistcha||CobaBerry|Hospitality|MatchaGotcha,RagePowder,TrickRoom,Imprison|Calm|||||50|
|
|t:|1784569276
|teamsize|p1|4
|teamsize|p2|4
|start
|switch|p1a: Farigiraf|Farigiraf, L50, M|100/100
|switch|p1b: Pink Pony Club|Meganium, L50, F, shiny|100/100
|switch|p2a: Staraptor|Staraptor, L50, M, shiny|100/100
|switch|p2b: Tyranitar|Tyranitar, L50, F, shiny|100/100
|-ability|p2a: Staraptor|Intimidate|boost
|-unboost|p1a: Farigiraf|atk|1
|-unboost|p1b: Pink Pony Club|atk|1
|-weather|Sandstorm|[from] ability: Sand Stream|[of] p2b: Tyranitar
|turn|1
|
|t:|1784569298
|switch|p1a: Archaludon|Archaludon, L50, M|100/100
|detailschange|p2a: Staraptor|Staraptor-Mega, L50, M, shiny
|-mega|p2a: Staraptor|Staraptor|Staraptite
|detailschange|p1b: Pink Pony Club|Meganium-Mega, L50, F, shiny
|-mega|p1b: Pink Pony Club|Meganium|Meganiumite
|move|p2a: Staraptor|Close Combat|p1a: Archaludon
|-supereffective|p1a: Archaludon|1
|-damage|p1a: Archaludon|3/100
|-boost|p2a: Staraptor|def|1
|-boost|p2a: Staraptor|spd|1
|-ability|p1a: Archaludon|Stamina|boost
|-boost|p1a: Archaludon|def|1
|move|p1b: Pink Pony Club|Dazzling Gleam|p2b: Tyranitar|[spread] p2a,p2b
|-supereffective|p2a: Staraptor|1
|-supereffective|p2b: Tyranitar|1
|-damage|p2a: Staraptor|55/100
|-damage|p2b: Tyranitar|36/100
|move|p2b: Tyranitar|Rock Slide|p1b: Pink Pony Club|[spread] p1a,p1b
|-resisted|p1a: Archaludon|1
|-damage|p1a: Archaludon|0 fnt
|-damage|p1b: Pink Pony Club|72/100
|faint|p1a: Archaludon
|
|-weather|Sandstorm|[upkeep]
|-damage|p2a: Staraptor|48/100|[from] Sandstorm
|-damage|p1b: Pink Pony Club|66/100|[from] Sandstorm
|upkeep
|
|t:|1784569304
|switch|p1a: Basculegion|Basculegion, L50, M|100/100
|turn|2
|
|t:|1784569325
|move|p1a: Basculegion|Wave Crash|p2a: Staraptor
|-damage|p2a: Staraptor|0 fnt
|faint|p2a: Staraptor
|-damage|p1a: Basculegion|84/100|[from] Recoil
|move|p1b: Pink Pony Club|Dazzling Gleam|p2b: Tyranitar
|-supereffective|p2b: Tyranitar|1
|-damage|p2b: Tyranitar|0 fnt
|faint|p2b: Tyranitar
|
|-weather|Sandstorm|[upkeep]
|-damage|p1a: Basculegion|78/100|[from] Sandstorm
|-damage|p1b: Pink Pony Club|60/100|[from] Sandstorm
|upkeep
|c|â˜†Oldcow|noooooooo
|
|t:|1784569337
|switch|p2a: Grimmsnarl|Grimmsnarl, L50, M, shiny|100/100
|switch|p2b: Drampa|Drampa, L50, F|100/100
|-ability|p2b: Drampa|Cloud Nine
|turn|3
|c|â˜†KyleTampy|Yes
|
|t:|1784569344
|move|p2b: Drampa|Protect|p2b: Drampa
|-singleturn|p2b: Drampa|Protect
|move|p2a: Grimmsnarl|Light Screen|p2a: Grimmsnarl
|-sidestart|p2: Oldcow|move: Light Screen
|move|p1a: Basculegion|Wave Crash|p2a: Grimmsnarl
|-damage|p2a: Grimmsnarl|13/100
|-damage|p1a: Basculegion|50/100g|[from] Recoil
|move|p1b: Pink Pony Club|Dazzling Gleam|p2a: Grimmsnarl|[spread] p2a
|-activate|p2b: Drampa|move: Protect
|-supereffective|p2a: Grimmsnarl|1
|-damage|p2a: Grimmsnarl|0 fnt
|faint|p2a: Grimmsnarl
|
|-weather|Sandstorm|[upkeep]
|upkeep
|turn|4
|c|â˜†Oldcow|oh god
|
|t:|1784569384
|move|p1a: Basculegion|Wave Crash|p2b: Drampa
|-resisted|p2b: Drampa|1
|-damage|p2b: Drampa|65/100
|-damage|p1a: Basculegion|40/100|[from] Recoil
|move|p1b: Pink Pony Club|Dazzling Gleam|p2b: Drampa
|-supereffective|p2b: Drampa|1
|-damage|p2b: Drampa|8/100
|move|p2b: Drampa|Earth Power|p1a: Basculegion
|-damage|p1a: Basculegion|4/100
|
|-weather|Sandstorm|[upkeep]
|-heal|p2b: Drampa|14/100|[from] item: Leftovers
|upkeep
|turn|5
|c|â˜†KyleTampy|Rn pinapractice ko yung
|c|â˜†KyleTampy|Finoforce ko pumili yung opp ano papatayin nya eh
|c|â˜†KyleTampy|Gambits i think they're called sa chess
|
|t:|1784569427
|move|p2b: Drampa|Protect|p2b: Drampa
|-singleturn|p2b: Drampa|Protect
|move|p1a: Basculegion|Wave Crash|p2b: Drampa
|-activate|p2b: Drampa|move: Protect
|move|p1b: Pink Pony Club|Dazzling Gleam|p2b: Drampa
|-activate|p2b: Drampa|move: Protect
|
|-weather|none
|-heal|p2b: Drampa|20/100y|[from] item: Leftovers
|upkeep
|turn|6
|c|â˜†Oldcow|interesting
|
|t:|1784569441
|move|p1a: Basculegion|Wave Crash|p2b: Drampa
|-resisted|p2b: Drampa|1
|-damage|p2b: Drampa|0 fnt
|faint|p2b: Drampa
|-damage|p1a: Basculegion|0 fnt|[from] Recoil
|faint|p1a: Basculegion
|
|win|KyleTampy
||KyleTampy is ready for game 2.
|c|â˜†Oldcow|gg
||Oldcow is ready for game 2.
|uhtml|next|Next: Game 2 of 3
|c|â˜†KyleTampy|Gg
