|j|☆isthis6thgood
|j|☆Anazawa Nizimi
|html|isthis6thgoodAnazawa Nizimi    
|uhtml|bestof|Game 3 of a best-of-3
|t:|1785681057
|gametype|doubles
|player|p1|isthis6thgood|170|1230
|player|p2|Anazawa Nizimi|102|1271
|gen|9
|tier|[Gen 9 Champions] VGC 2026 Reg M-B (Bo3)
|rated|
|rule|Species Clause: Limit one of each Pokémon
|rule|Item Clause: Limit 1 of each item
|clearpoke
|poke|p1|Swampert, L50, F|
|poke|p1|Mawile, L50, M|
|poke|p1|Pelipper, L50, F|
|poke|p1|Archaludon, L50, M|
|poke|p1|Sableye, L50, M, shiny|
|poke|p1|Farigiraf, L50, F, shiny|
|poke|p2|Staraptor, L50, M|
|poke|p2|Delphox, L50, F|
|poke|p2|Sinistcha, L50|
|poke|p2|Excadrill, L50, M|
|poke|p2|Tyranitar, L50, M|
|poke|p2|Sneasler, L50, M|
|teampreview|4
|showteam|p1|Swampert||Swampertite|Damp|Protect,IcePunch,WaveCrash,Earthquake|Adamant||F|||50|]Mawile||Mawilite|Intimidate|Protect,RockSlide,SuckerPunch,PlayRough|Adamant||M|||50|]Pelipper||FocusSash|Drizzle|Tailwind,WideGuard,WeatherBall,Hurricane|Modest||F|||50|]Archaludon||Leftovers|Stamina|Protect,ElectroShot,FlashCannon,DragonPulse|Modest||M|||50|]Sableye||RoseliBerry|Prankster|LightScreen,FoulPlay,RainDance,Reflect|Sassy||M|||50|]Farigiraf||SitrusBerry|ArmorTail|Roar,TrickRoom,Psychic,Thunderbolt|Relaxed||F|||50|
|showteam|p2|Staraptor||Staraptite|Intimidate|BraveBird,CloseCombat,Tailwind,Protect|Jolly||M|||50|]Delphox||Delphoxite|Blaze|HeatWave,Psychic,NastyPlot,Protect|Timid||F|||50|]Sinistcha||SitrusBerry|Hospitality|LifeDew,MatchaGotcha,RagePowder,Protect|Bold|||||50|]Excadrill||FocusSash|SandRush|Earthquake,IronHead,RockSlide,Protect|Adamant||M|||50|]Tyranitar||ChoiceScarf|SandStream|KnockOff,LowKick,IcePunch,RockSlide|Jolly||M|||50|]Sneasler||WhiteHerb|Unburden|CloseCombat,GunkShot,FakeOut,QuickGuard|Jolly||M|||50|
|inactive|Battle timer is ON: inactive players will automatically lose when time's up. (requested by isthis6thgood)
|inactive|Anazawa Nizimi has 60 seconds left.
|inactiveoff|Battle timer is now OFF.
|
|t:|1785681120
|teamsize|p1|4
|teamsize|p2|4
|start
|switch|p1a: Sableye|Sableye, L50, M, shiny|100/100
|switch|p1b: Archaludon|Archaludon, L50, M|100/100
|switch|p2a: Staraptor|Staraptor, L50, M|100/100
|switch|p2b: Excadrill|Excadrill, L50, M|100/100
|-ability|p2a: Staraptor|Intimidate|boost
|-unboost|p1a: Sableye|atk|1
|-unboost|p1b: Archaludon|atk|1
|turn|1
|
|t:|1785681135
|detailschange|p2a: Staraptor|Staraptor-Mega, L50, M
|-mega|p2a: Staraptor|Staraptor|Staraptite
|move|p1b: Archaludon|Protect|p1b: Archaludon
|-singleturn|p1b: Archaludon|Protect
|move|p1a: Sableye|Reflect|p1a: Sableye
|-sidestart|p1: isthis6thgood|Reflect
|move|p2a: Staraptor|Close Combat|p1b: Archaludon
|-activate|p1b: Archaludon|move: Protect
|move|p2b: Excadrill|Earthquake|p1a: Sableye|[spread] p1a
|-activate|p1b: Archaludon|move: Protect
|-immune|p2a: Staraptor
|-damage|p1a: Sableye|64/100
|
|upkeep
|turn|2
|inactive|Battle timer is ON: inactive players will automatically lose when time's up. (requested by isthis6thgood)
|
|t:|1785681153
|switch|p1a: Pelipper|Pelipper, L50, F|100/100
|-weather|RainDance|[from] ability: Drizzle|[of] p1a: Pelipper
|move|p2a: Staraptor|Close Combat|p1b: Archaludon
|-supereffective|p1b: Archaludon|1
|-damage|p1b: Archaludon|45/100
|-boost|p2a: Staraptor|def|1
|-boost|p2a: Staraptor|spd|1
|-ability|p1b: Archaludon|Stamina|boost
|-boost|p1b: Archaludon|def|1
|move|p2b: Excadrill|Earthquake|p1a: Pelipper|[spread] p1b
|-immune|p2a: Staraptor
|-immune|p1a: Pelipper
|-supereffective|p1b: Archaludon|1
|-damage|p1b: Archaludon|16/100
|-ability|p1b: Archaludon|Stamina|boost
|-boost|p1b: Archaludon|def|1
|move|p1b: Archaludon|Electro Shot||[still]
|-prepare|p1b: Archaludon|Electro Shot
|-boost|p1b: Archaludon|spa|1
|-anim|p1b: Archaludon|Electro Shot|p2a: Staraptor
|-supereffective|p2a: Staraptor|1
|-damage|p2a: Staraptor|16/100
|
|-weather|RainDance|[upkeep]
|-heal|p1b: Archaludon|22/100|[from] item: Leftovers
|upkeep
|turn|3
|inactive|Anazawa Nizimi has 30 seconds left.
|
|t:|1785681185
|move|p1b: Archaludon|Protect|p1b: Archaludon
|-singleturn|p1b: Archaludon|Protect
|move|p2a: Staraptor|Tailwind|p2a: Staraptor
|-sidestart|p2: Anazawa Nizimi|move: Tailwind
|move|p2b: Excadrill|Rock Slide|p1a: Pelipper|[spread] p1a
|-activate|p1b: Archaludon|move: Protect
|-supereffective|p1a: Pelipper|1
|-damage|p1a: Pelipper|64/100
|move|p1a: Pelipper|Tailwind|p1a: Pelipper
|-sidestart|p1: isthis6thgood|move: Tailwind
|
|-weather|RainDance|[upkeep]
|-heal|p1b: Archaludon|28/100|[from] item: Leftovers
|upkeep
|turn|4
|inactive|Anazawa Nizimi has 30 seconds left.
|inactive|Anazawa Nizimi has 20 seconds left.
|inactive|Anazawa Nizimi has 15 seconds left.
|inactive|Anazawa Nizimi has 10 seconds left.
|
|t:|1785681231
|switch|p1b: Swampert|Swampert, L50, F|100/100
|move|p2a: Staraptor|Brave Bird|p1a: Pelipper
|-crit|p1a: Pelipper
|-damage|p1a: Pelipper|0 fnt
|faint|p1a: Pelipper
|-damage|p2a: Staraptor|0 fnt|[from] Recoil
|faint|p2a: Staraptor
|move|p2b: Excadrill|Rock Slide|p1b: Swampert
|-resisted|p1b: Swampert|1
|-damage|p1b: Swampert|89/100
|
|-weather|RainDance|[upkeep]
|upkeep
|
|t:|1785681254
|switch|p2a: Sinistcha|Sinistcha, L50|100/100
|switch|p1a: Sableye|Sableye, L50, M, shiny|64/100
|turn|5
|inactive|isthis6thgood has 30 seconds left.
|
|t:|1785681291
|detailschange|p1b: Swampert|Swampert-Mega, L50, F
|-mega|p1b: Swampert|Swampert|Swampertite
|move|p1b: Swampert|Ice Punch|p2b: Excadrill
|-crit|p2b: Excadrill
|-damage|p2b: Excadrill|36/100
|move|p2b: Excadrill|Iron Head|p1a: Sableye
|-damage|p1a: Sableye|24/100
|move|p2a: Sinistcha|Matcha Gotcha|p1b: Swampert|[spread] p1a,p1b
|-supereffective|p1b: Swampert|2
|-damage|p1a: Sableye|0 fnt
|-damage|p1b: Swampert|6/100
|-status|p1b: Swampert|brn
|faint|p1a: Sableye
|
|-weather|RainDance|[upkeep]
|-damage|p1b: Swampert|1/100 brn|[from] brn
|-sideend|p1: isthis6thgood|Reflect
|upkeep
|
|t:|1785681305
|switch|p1a: Archaludon|Archaludon, L50, M|28/100
|turn|6
|
|t:|1785681323
|switch|p2a: Tyranitar|Tyranitar, L50, M|100/100
|-weather|Sandstorm|[from] ability: Sand Stream|[of] p2a: Tyranitar
|move|p2b: Excadrill|Earthquake|p1a: Archaludon|[spread] p2a,p1a,p1b
|-supereffective|p2a: Tyranitar|1
|-supereffective|p1a: Archaludon|1
|-damage|p2a: Tyranitar|15/100
|-damage|p1a: Archaludon|0 fnt
|-damage|p1b: Swampert|0 fnt
|faint|p1a: Archaludon
|faint|p1b: Swampert
|
|win|Anazawa Nizimi
|raw|isthis6thgood's rating: 1230 → 1208(-22 for losing)
|raw|Anazawa Nizimi's rating: 1271 → 1293(+22 for winning)
