|j|☆lettitripppp
|j|☆trevYAH
|html|lettitripppptrevYAH    
|uhtml|bestof|Game 2 of a best-of-3
|t:|1784325181
|gametype|doubles
|player|p1|lettitripppp|lucas|1247
|player|p2|trevYAH|trevor|1394
|gen|9
|tier|[Gen 9 Champions] VGC 2026 Reg M-B (Bo3)
|rated|
|rule|Species Clause: Limit one of each Pokémon
|rule|Item Clause: Limit 1 of each item
|clearpoke
|poke|p1|Charizard, L50, M, shiny|
|poke|p1|Basculegion, L50, M, shiny|
|poke|p1|Pelipper, L50, M|
|poke|p1|Venusaur, L50, F|
|poke|p1|Archaludon, L50, M|
|poke|p1|Grimmsnarl, L50, M, shiny|
|poke|p2|Floette-Eternal, L50, F|
|poke|p2|Gengar, L50, M|
|poke|p2|Incineroar, L50, M|
|poke|p2|Kommo-o, L50, F|
|poke|p2|Altaria, L50, M|
|poke|p2|Palafin, L50, F|
|teampreview|4
|showteam|p1|Charizard||CharizarditeY|Blaze|WeatherBall,SolarBeam,HeatWave,Protect|Modest||M|||50|]Basculegion||ChoiceScarf|Adaptability|LastRespects,WaveCrash,FlipTurn,AquaJet|Jolly||M|||50|]Pelipper||SitrusBerry|Drizzle|WeatherBall,WideGuard,Hurricane,Tailwind|Modest||M|||50|]Venusaur||FocusSash|Chlorophyll|SleepPowder,SludgeBomb,EarthPower,Protect|Modest||F|||50|]Archaludon||Leftovers|Stamina|FlashCannon,DragonPulse,ElectroShot,Protect|Calm||M|||50|]Grimmsnarl||LightClay|Prankster|PartingShot,LightScreen,SpiritBreak,Reflect|Relaxed||M|||50|
|showteam|p2|Floette-Eternal||Floettite|FlowerVeil|Moonblast,DazzlingGleam,LightofRuin,Protect|Timid||F|||50|]Gengar||Gengarite|CursedBody|ShadowBall,Disable,PerishSong,Protect|Modest||M|||50|]Incineroar||SitrusBerry|Intimidate|FlareBlitz,PartingShot,FakeOut,Protect|Sassy||M|||50|]Kommo-o||LifeOrb|Soundproof|ClangingScales,DracoMeteor,AuraSphere,Protect|Modest||F|||50|]Altaria||Leftovers|CloudNine|BraveBird,PerishSong,Tailwind,Protect|Sassy||M|||50|]Palafin||MysticWater|ZerotoHero|WaveCrash,JetPunch,Encore,Protect|Jolly||F|||50|
|inactive|Battle timer is ON: inactive players will automatically lose when time's up. (requested by lettitripppp)
|
|t:|1784325211
|teamsize|p1|4
|teamsize|p2|4
|start
|switch|p1a: SOFT-SLEEP|Venusaur, L50, F|100/100
|switch|p1b: AGNI|Charizard, L50, M, shiny|100/100
|switch|p2a: Kommo-o|Kommo-o, L50, F|100/100
|switch|p2b: Altaria|Altaria, L50, M|100/100
|-ability|p2b: Altaria|Cloud Nine
|turn|1
|
|t:|1784325226
|switch|p1b: WET-BEAK|Pelipper, L50, M|100/100
|-weather|RainDance|[from] ability: Drizzle|[of] p1b: WET-BEAK
|move|p2a: Kommo-o|Clanging Scales|p1b: WET-BEAK|[spread] p1a,p1b
|-damage|p1a: SOFT-SLEEP|39/100
|-damage|p1b: WET-BEAK|32/100
|-enditem|p1b: WET-BEAK|Sitrus Berry|[eat]
|-heal|p1b: WET-BEAK|56/100|[from] item: Sitrus Berry
|-unboost|p2a: Kommo-o|def|1
|-damage|p2a: Kommo-o|90/100|[from] item: Life Orb
|move|p1a: SOFT-SLEEP|Sleep Powder|p2a: Kommo-o
|-status|p2a: Kommo-o|slp|[from] move: Sleep Powder
|move|p2b: Altaria|Tailwind|p2b: Altaria
|-sidestart|p2: trevYAH|move: Tailwind
|
|-weather|RainDance|[upkeep]
|upkeep
|turn|2
|
|t:|1784325241
|switch|p2a: Gengar|Gengar, L50, M|100/100
|move|p1a: SOFT-SLEEP|Protect|p1a: SOFT-SLEEP
|-singleturn|p1a: SOFT-SLEEP|Protect
|move|p2b: Altaria|Perish Song|p2b: Altaria
|-start|p1a: SOFT-SLEEP|perish3|[silent]
|-start|p1b: WET-BEAK|perish3|[silent]
|-start|p2a: Gengar|perish3|[silent]
|-start|p2b: Altaria|perish3|[silent]
|-fieldactivate|move: Perish Song
|move|p1b: WET-BEAK|Tailwind|p1b: WET-BEAK
|-sidestart|p1: lettitripppp|move: Tailwind
|
|-weather|RainDance|[upkeep]
|-start|p2a: Gengar|perish3
|-start|p1a: SOFT-SLEEP|perish3
|-start|p1b: WET-BEAK|perish3
|-start|p2b: Altaria|perish3
|upkeep
|turn|3
|
|t:|1784325255
|detailschange|p2a: Gengar|Gengar-Mega, L50, M
|-mega|p2a: Gengar|Gengar|Gengarite
|move|p2a: Gengar|Shadow Ball|p1a: SOFT-SLEEP
|-damage|p1a: SOFT-SLEEP|0 fnt
|faint|p1a: SOFT-SLEEP
|move|p1b: WET-BEAK|Hurricane|p2b: Altaria
|-damage|p2b: Altaria|61/100
|move|p2b: Altaria|Brave Bird|p1b: WET-BEAK
|-damage|p1b: WET-BEAK|24/100
|-damage|p2b: Altaria|51/100|[from] Recoil
|
|-weather|RainDance|[upkeep]
|-heal|p2b: Altaria|57/100|[from] item: Leftovers
|-start|p2a: Gengar|perish2
|-start|p1b: WET-BEAK|perish2
|-start|p2b: Altaria|perish2
|upkeep
|
|t:|1784325265
|switch|p1a: GHOSTWAVE|Basculegion, L50, M, shiny|100/100
|turn|4
|
|t:|1784325278
|move|p2a: Gengar|Protect|p2a: Gengar
|-singleturn|p2a: Gengar|Protect
|move|p1a: GHOSTWAVE|Last Respects|p2b: Altaria
|-damage|p2b: Altaria|3/100
|move|p1b: WET-BEAK|Weather Ball|p2b: Altaria
|-damage|p2b: Altaria|0 fnt
|faint|p2b: Altaria
|
|-weather|RainDance|[upkeep]
|-start|p2a: Gengar|perish1
|-start|p1b: WET-BEAK|perish1
|-sideend|p2: trevYAH|move: Tailwind
|upkeep
|
|t:|1784325286
|switch|p2b: Incineroar|Incineroar, L50, M|100/100
|-ability|p2b: Incineroar|Intimidate|boost
|-unboost|p1a: GHOSTWAVE|atk|1
|-unboost|p1b: WET-BEAK|atk|1
|turn|5
|
|t:|1784325301
|move|p2b: Incineroar|Fake Out|p1b: WET-BEAK
|-damage|p1b: WET-BEAK|11/100
|move|p1a: GHOSTWAVE|Last Respects|p2a: Gengar
|-supereffective|p2a: Gengar|1
|-damage|p2a: Gengar|4/100
|cant|p1b: WET-BEAK|flinch
|move|p2a: Gengar|Shadow Ball|p1a: GHOSTWAVE
|-supereffective|p1a: GHOSTWAVE|1
|-damage|p1a: GHOSTWAVE|0 fnt
|faint|p1a: GHOSTWAVE
|
|-weather|none
|-start|p1b: WET-BEAK|perish0
|-start|p2a: Gengar|perish0
|-sideend|p1: lettitripppp|move: Tailwind
|upkeep
|faint|p1b: WET-BEAK
|faint|p2a: Gengar
|
|t:|1784325312
|switch|p2a: Kommo-o|Kommo-o, L50, F|90/100 slp
|switch|p1b: AGNI|Charizard, L50, M, shiny|100/100
|turn|6
|
|t:|1784325321
|detailschange|p1b: AGNI|Charizard-Mega-Y, L50, M, shiny
|-mega|p1b: AGNI|Charizard|Charizardite Y
|-weather|SunnyDay|[from] ability: Drought|[of] p1b: AGNI
|move|p1b: AGNI|Weather Ball|p2a: Kommo-o
|-resisted|p2a: Kommo-o|1
|-damage|p2a: Kommo-o|44/100 slp
|cant|p2a: Kommo-o|slp
|move|p2b: Incineroar|Flare Blitz|p1b: AGNI
|-resisted|p1b: AGNI|1
|-damage|p1b: AGNI|63/100
|-damage|p2b: Incineroar|90/100|[from] Recoil
|
|-weather|SunnyDay|[upkeep]
|upkeep
|turn|7
|
|t:|1784325331
|move|p1b: AGNI|Weather Ball|p2a: Kommo-o
|-resisted|p2a: Kommo-o|1
|-damage|p2a: Kommo-o|0 fnt
|faint|p2a: Kommo-o
|move|p2b: Incineroar|Flare Blitz|p1b: AGNI
|-resisted|p1b: AGNI|1
|-damage|p1b: AGNI|27/100
|-damage|p2b: Incineroar|79/100|[from] Recoil
|
|-weather|SunnyDay|[upkeep]
|upkeep
|turn|8
|
|t:|1784325335
|move|p1b: AGNI|Weather Ball|p2b: Incineroar
|-resisted|p2b: Incineroar|1
|-damage|p2b: Incineroar|42/100
|-enditem|p2b: Incineroar|Sitrus Berry|[eat]
|-heal|p2b: Incineroar|66/100|[from] item: Sitrus Berry
|move|p2b: Incineroar|Flare Blitz|p1b: AGNI
|-resisted|p1b: AGNI|1
|-damage|p1b: AGNI|0 fnt
|faint|p1b: AGNI
|-damage|p2b: Incineroar|58/100|[from] Recoil
|
|win|trevYAH
||trevYAH is ready for game 3.
