|j|☆Interceptor555
|j|☆Shadow of metrunui
|html|Interceptor555Shadow of metrunui    
|uhtml|bestof|Game 2 of a best-of-3
|t:|1756674217
|gametype|doubles
|player|p1|Interceptor555|steven|
|player|p2|Shadow of metrunui|170|
|gen|9
|tier|[Gen 9] VGC 2025 Reg H (Bo3)
|rule|Species Clause: Limit one of each Pokémon
|rule|Item Clause: Limit 1 of each item
|clearpoke
|poke|p1|Gholdengo, L50|
|poke|p1|Tyranitar, L50, M|
|poke|p1|Amoonguss, L50, F|
|poke|p1|Indeedee-F, L50, F|
|poke|p1|Rillaboom, L50, M|
|poke|p1|Armarouge, L50, F|
|poke|p2|Whimsicott, L50, M|
|poke|p2|Hydreigon, L50, M|
|poke|p2|Garchomp, L50, M|
|poke|p2|Mienshao, L50, M|
|poke|p2|Incineroar, L50, M|
|poke|p2|Gholdengo, L50|
|teampreview|4
|showteam|p1|Gholdengo||LifeOrb|GoodasGold|MakeItRain,ShadowBall,Protect,NastyPlot||||||50|,,,,,Steel]Tyranitar||Leftovers|SandStream|DarkPulse,PowerGem,Protect,EarthPower|||M|||50|,,,,,Grass]Amoonguss||SitrusBerry|Regenerator|Spore,RagePowder,Protect,PollenPuff|||F|||50|,,,,,Fire]Indeedee-F||PsychicSeed|PsychicSurge|Imprison,FollowMe,HelpingHand,TrickRoom|||F|||50|,,,,,Dark]Rillaboom||AssaultVest|GrassySurge|FakeOut,WoodHammer,Uturn,GrassyGlide|||M|||50|,,,,,Grass]Armarouge||PowerHerb|FlashFire|MeteorBeam,ArmorCannon,ExpandingForce,Protect|||F|||50|,,,,,Grass
|showteam|p2|Whimsicott||CovertCloak|Prankster|Tailwind,Taunt,Moonblast,Encore|||M|||50|,,,,,Ghost]Hydreigon||SafetyGoggles|Levitate|DracoMeteor,Snarl,Protect,Tailwind|||M|||50|,,,,,Steel]Garchomp||LifeOrb|RoughSkin|Earthquake,StompingTantrum,Protect,DragonClaw|||M|||50|,,,,,Grass]Mienshao||FocusSash|InnerFocus|CloseCombat,FakeOut,IceSpinner,Protect|||M|||50|,,,,,Grass]Incineroar||RockyHelmet|Intimidate|FakeOut,FlareBlitz,KnockOff,PartingShot|||M|||50|,,,,,Ghost]Gholdengo||MetalCoat|GoodasGold|MakeItRain,Protect,ShadowBall,NastyPlot||||||50|,,,,,Steel
|
|t:|1756674256
|teamsize|p1|4
|teamsize|p2|4
|start
|switch|p1a: Indeedee|Indeedee-F, L50, F|100/100
|switch|p1b: Armarouge|Armarouge, L50, F|100/100
|switch|p2a: Whimsicott|Whimsicott, L50, M|100/100
|switch|p2b: Incineroar|Incineroar, L50, M|100/100
|-fieldstart|move: Psychic Terrain|[from] ability: Psychic Surge|[of] p1a: Indeedee
|-enditem|p1a: Indeedee|Psychic Seed
|-boost|p1a: Indeedee|spd|1|[from] item: Psychic Seed
|-ability|p2b: Incineroar|Intimidate|boost
|-unboost|p1a: Indeedee|atk|1
|-unboost|p1b: Armarouge|atk|1
|turn|1
|
|t:|1756674316
|move|p1a: Indeedee|Helping Hand|p1b: Armarouge
|-singleturn|p1b: Armarouge|Helping Hand|[of] p1a: Indeedee
|move|p2b: Incineroar|Fake Out|p1b: Armarouge
|-activate|p1b: Armarouge|move: Psychic Terrain
|move|p2a: Whimsicott|Taunt|p1a: Indeedee
|-activate|p1a: Indeedee|move: Psychic Terrain
|move|p1b: Armarouge|Meteor Beam||[still]
|-prepare|p1b: Armarouge|Meteor Beam
|-boost|p1b: Armarouge|spa|1
|-enditem|p1b: Armarouge|Power Herb
|-anim|p1b: Armarouge|Meteor Beam|p2b: Incineroar
|-supereffective|p2b: Incineroar
|-damage|p2b: Incineroar|0 fnt
|faint|p2b: Incineroar
|
|upkeep
|
|t:|1756674332
|switch|p2b: Hydreigon|Hydreigon, L50, M|100/100
|turn|2
|
|t:|1756674384
|switch|p1a: Amoonguss|Amoonguss, L50, F|100/100
|-terastallize|p2a: Whimsicott|Ghost
|move|p1b: Armarouge|Protect|p1b: Armarouge
|-singleturn|p1b: Armarouge|Protect
|move|p2b: Hydreigon|Snarl|p1a: Amoonguss|[spread] p1a
|-activate|p1b: Armarouge|move: Protect
|-damage|p1a: Amoonguss|84/100
|-unboost|p1a: Amoonguss|spa|1
|move|p2a: Whimsicott|Moonblast|p1a: Amoonguss
|-resisted|p1a: Amoonguss
|-damage|p1a: Amoonguss|73/100
|
|upkeep
|turn|3
|
|t:|1756674437
|switch|p2a: Garchomp|Garchomp, L50, M|100/100
|move|p2b: Hydreigon|Protect|p2b: Hydreigon
|-singleturn|p2b: Hydreigon|Protect
|move|p1b: Armarouge|Armor Cannon|p2a: Garchomp
|-resisted|p2a: Garchomp
|-damage|p2a: Garchomp|51/100
|-unboost|p1b: Armarouge|def|1
|-unboost|p1b: Armarouge|spd|1
|move|p1a: Amoonguss|Pollen Puff|p2b: Hydreigon
|-activate|p2b: Hydreigon|move: Protect
|
|upkeep
|turn|4
|
|t:|1756674481
|move|p2a: Garchomp|Protect|p2a: Garchomp
|-singleturn|p2a: Garchomp|Protect
|move|p1b: Armarouge|Protect|p1b: Armarouge
|-singleturn|p1b: Armarouge|Protect
|move|p2b: Hydreigon|Draco Meteor|p1a: Amoonguss
|-damage|p1a: Amoonguss|20/100
|-unboost|p2b: Hydreigon|spa|2
|-enditem|p1a: Amoonguss|Sitrus Berry|[eat]
|-heal|p1a: Amoonguss|44/100|[from] item: Sitrus Berry
|move|p1a: Amoonguss|Spore|p2a: Garchomp
|-activate|p2a: Garchomp|move: Protect
|
|upkeep
|turn|5
|
|t:|1756674510
|switch|p1a: Tyranitar|Tyranitar, L50, M|100/100
|-weather|Sandstorm|[from] ability: Sand Stream|[of] p1a: Tyranitar
|move|p2a: Garchomp|Earthquake|p1a: Tyranitar|[spread] p1a,p1b
|-immune|p2b: Hydreigon|[from] ability: Levitate
|-supereffective|p1a: Tyranitar
|-supereffective|p1b: Armarouge
|-damage|p1a: Tyranitar|20/100
|-damage|p1b: Armarouge|0 fnt
|faint|p1b: Armarouge
|-damage|p2a: Garchomp|41/100|[from] item: Life Orb
|move|p2b: Hydreigon|Snarl|p1a: Tyranitar
|-resisted|p1a: Tyranitar
|-damage|p1a: Tyranitar|17/100
|-unboost|p1a: Tyranitar|spa|1
|
|-weather|Sandstorm|[upkeep]
|-heal|p1a: Tyranitar|23/100|[from] item: Leftovers
|-fieldend|move: Psychic Terrain
|upkeep
|
|t:|1756674527
|switch|p1b: Indeedee|Indeedee-F, L50, F|100/100
|-fieldstart|move: Psychic Terrain|[from] ability: Psychic Surge|[of] p1b: Indeedee
|turn|6
|
|t:|1756674577
|move|p1a: Tyranitar|Protect|p1a: Tyranitar
|-singleturn|p1a: Tyranitar|Protect
|move|p2a: Garchomp|Earthquake|p1b: Indeedee|[spread] p1b
|-activate|p1a: Tyranitar|move: Protect
|-immune|p2b: Hydreigon|[from] ability: Levitate
|-damage|p1b: Indeedee|51/100
|-damage|p2a: Garchomp|32/100|[from] item: Life Orb
|move|p2b: Hydreigon|Snarl|p1a: Tyranitar|[spread] p1b
|-activate|p1a: Tyranitar|move: Protect
|-supereffective|p1b: Indeedee
|-damage|p1b: Indeedee|33/100
|-unboost|p1b: Indeedee|spa|1
|move|p1b: Indeedee|Trick Room|p1b: Indeedee
|-fieldstart|move: Trick Room|[of] p1b: Indeedee
|
|-weather|Sandstorm|[upkeep]
|-damage|p1b: Indeedee|27/100|[from] Sandstorm
|-heal|p1a: Tyranitar|29/100|[from] item: Leftovers
|upkeep
|turn|7
|
|t:|1756674628
|switch|p1b: Amoonguss|Amoonguss, L50, F|77/100
|move|p2b: Hydreigon|Protect|p2b: Hydreigon
|-singleturn|p2b: Hydreigon|Protect
|move|p2a: Garchomp|Protect|p2a: Garchomp
|-singleturn|p2a: Garchomp|Protect
|move|p1a: Tyranitar|Dark Pulse|p2a: Garchomp
|-activate|p2a: Garchomp|move: Protect
|
|-weather|Sandstorm|[upkeep]
|-damage|p1b: Amoonguss|72/100|[from] Sandstorm
|-heal|p1a: Tyranitar|34/100|[from] item: Leftovers
|upkeep
|turn|8
|
|t:|1756674685
|move|p1b: Amoonguss|Pollen Puff|p1a: Tyranitar
|-heal|p1a: Tyranitar|84/100
|move|p1a: Tyranitar|Dark Pulse|p2a: Garchomp
|-damage|p2a: Garchomp|4/100
|move|p2b: Hydreigon|Snarl|p1b: Amoonguss|[spread] p1a,p1b
|-resisted|p1a: Tyranitar
|-damage|p1a: Tyranitar|81/100
|-damage|p1b: Amoonguss|63/100
|-unboost|p1a: Tyranitar|spa|1
|-unboost|p1b: Amoonguss|spa|1
|move|p2a: Garchomp|Earthquake|p1b: Amoonguss|[spread] p1a,p1b
|-immune|p2b: Hydreigon|[from] ability: Levitate
|-supereffective|p1a: Tyranitar
|-damage|p1a: Tyranitar|6/100
|-damage|p1b: Amoonguss|20/100
|-damage|p2a: Garchomp|0 fnt|[from] item: Life Orb
|faint|p2a: Garchomp
|
|-weather|Sandstorm|[upkeep]
|-damage|p1b: Amoonguss|15/100|[from] Sandstorm
|-heal|p1a: Tyranitar|12/100|[from] item: Leftovers
|upkeep
|
|t:|1756674705
|switch|p2a: Whimsicott|Whimsicott, L50, M, tera:Ghost|100/100
|turn|9
|
|t:|1756674747
|-terastallize|p1a: Tyranitar|Grass
|move|p2b: Hydreigon|Protect|p2b: Hydreigon
|-singleturn|p2b: Hydreigon|Protect
|move|p1b: Amoonguss|Pollen Puff|p1a: Tyranitar
|-heal|p1a: Tyranitar|61/100
|move|p1a: Tyranitar|Dark Pulse|p2a: Whimsicott
|-supereffective|p2a: Whimsicott
|-damage|p2a: Whimsicott|61/100
|move|p2a: Whimsicott|Moonblast|p1b: Amoonguss
|-resisted|p1b: Amoonguss
|-damage|p1b: Amoonguss|4/100
|
|-weather|none
|-heal|p1a: Tyranitar|67/100|[from] item: Leftovers
|upkeep
|turn|10
|
|t:|1756674796
|switch|p1b: Indeedee|Indeedee-F, L50, F|27/100
|move|p1a: Tyranitar|Dark Pulse|p2a: Whimsicott
|-supereffective|p2a: Whimsicott
|-damage|p2a: Whimsicott|21/100
|move|p2a: Whimsicott|Moonblast|p1b: Indeedee
|-damage|p1b: Indeedee|3/100
|move|p2b: Hydreigon|Draco Meteor|p1a: Tyranitar|[miss]
|-miss|p2b: Hydreigon|p1a: Tyranitar
|
|-heal|p1a: Tyranitar|73/100|[from] item: Leftovers
|-fieldend|move: Trick Room
|-fieldend|move: Psychic Terrain
|upkeep
|turn|11
|
|t:|1756674836
|switch|p1b: Amoonguss|Amoonguss, L50, F|37/100
|move|p2a: Whimsicott|Taunt|p1b: Amoonguss
|-start|p1b: Amoonguss|move: Taunt
|move|p2b: Hydreigon|Draco Meteor|p1a: Tyranitar
|-damage|p1a: Tyranitar|48/100
|-unboost|p2b: Hydreigon|spa|2
|move|p1a: Tyranitar|Dark Pulse|p2a: Whimsicott
|-supereffective|p2a: Whimsicott
|-damage|p2a: Whimsicott|0 fnt
|faint|p2a: Whimsicott
|
|-heal|p1a: Tyranitar|54/100|[from] item: Leftovers
|upkeep
|turn|12
|
|t:|1756674876
|switch|p1b: Indeedee|Indeedee-F, L50, F|3/100
|-fieldstart|move: Psychic Terrain|[from] ability: Psychic Surge|[of] p1b: Indeedee
|move|p2b: Hydreigon|Draco Meteor|p1b: Indeedee
|-damage|p1b: Indeedee|0 fnt
|-unboost|p2b: Hydreigon|spa|2
|faint|p1b: Indeedee
|move|p1a: Tyranitar|Power Gem|p2b: Hydreigon
|-damage|p2b: Hydreigon|80/100
|
|-heal|p1a: Tyranitar|60/100|[from] item: Leftovers
|upkeep
|
|t:|1756674887
|switch|p1b: Amoonguss|Amoonguss, L50, F|70/100
|turn|13
|
|t:|1756674903
|move|p2b: Hydreigon|Draco Meteor|p1a: Tyranitar
|-damage|p1a: Tyranitar|46/100
|move|p1a: Tyranitar|Power Gem|p2b: Hydreigon
|-damage|p2b: Hydreigon|60/100
|move|p1b: Amoonguss|Pollen Puff|p1a: Tyranitar
|-heal|p1a: Tyranitar|96/100
|
|-heal|p1a: Tyranitar|100/100|[from] item: Leftovers
|upkeep
|turn|14
|
|t:|1756674932
|move|p2b: Hydreigon|Protect|p2b: Hydreigon
|-singleturn|p2b: Hydreigon|Protect
|move|p1b: Amoonguss|Protect|p1b: Amoonguss
|-singleturn|p1b: Amoonguss|Protect
|move|p1a: Tyranitar|Power Gem|p2b: Hydreigon
|-activate|p2b: Hydreigon|move: Protect
|
|upkeep
|turn|15
|
|t:|1756674945
|move|p2b: Hydreigon|Draco Meteor|p1b: Amoonguss|[miss]
|-miss|p2b: Hydreigon|p1b: Amoonguss
|move|p1a: Tyranitar|Power Gem|p2b: Hydreigon
|-damage|p2b: Hydreigon|39/100
|move|p1b: Amoonguss|Pollen Puff|p2b: Hydreigon
|-supereffective|p2b: Hydreigon
|-damage|p2b: Hydreigon|0 fnt
|faint|p2b: Hydreigon
|
|win|Interceptor555
|l|☆Interceptor555
|player|p1|
