|j|☆Sedrav
|j|☆afkchampion2
|html|Sedravafkchampion2    
|uhtml|bestof|Game 3 of a best-of-3
|t:|1756936111
|gametype|doubles
|player|p1|Sedrav|265|1293
|player|p2|afkchampion2|101|1205
|gen|9
|tier|[Gen 9] VGC 2025 Reg H (Bo3)
|rated|
|rule|Species Clause: Limit one of each Pokémon
|rule|Item Clause: Limit 1 of each item
|clearpoke
|poke|p1|Garchomp, L50, F|
|poke|p1|Talonflame, L50, M|
|poke|p1|Gholdengo, L50|
|poke|p1|Tyranitar, L50, F|
|poke|p1|Amoonguss, L50, F|
|poke|p1|Milotic, L50, F|
|poke|p2|Ninetales-Alola, L50, M|
|poke|p2|Rillaboom, L50, F|
|poke|p2|Sneasler, L50, M|
|poke|p2|Kingambit, L50, F|
|poke|p2|Basculegion, L50, M|
|poke|p2|Magmar, L50, M|
|teampreview|4
|showteam|p1|Garchomp||LifeOrb|RoughSkin|DragonClaw,StompingTantrum,Earthquake,Protect|||F|||50|,,,,,Fairy]Talonflame||CovertCloak|GaleWings|BraveBird,Tailwind,WillOWisp,Taunt|||M|||50|,,,,,Grass]Gholdengo||MetalCoat|GoodasGold|MakeItRain,ShadowBall,NastyPlot,Protect||||||50|,,,,,Flying]Tyranitar||AssaultVest|SandStream|RockSlide,KnockOff,LowKick,TeraBlast|||F|||50|,,,,,Flying]Amoonguss||SitrusBerry|Regenerator|Spore,RagePowder,PollenPuff,Protect|||F|||50|,,,,,Water]Milotic||SafetyGoggles|Competitive|Scald,IcyWind,Haze,Protect|||F|||50|,,,,,Dragon
|showteam|p2|Ninetales-Alola||NeverMeltIce|SnowWarning|Blizzard,FreezeDry,Encore,Protect|||M|||50|,,,,,Ghost]Rillaboom||AssaultVest|GrassySurge|WoodHammer,GrassyGlide,HighHorsepower,FakeOut|||F|||50|,,,,,Ghost]Sneasler||FocusSash|PoisonTouch|DireClaw,CloseCombat,FakeOut,Protect|||M|||50|,,,,,Ghost]Kingambit||BlackGlasses|Defiant|KowtowCleave,SuckerPunch,SwordsDance,Protect|||F|||50|,,,,,Fire]Basculegion||ChoiceScarf|Adaptability|WaveCrash,FlipTurn,TeraBlast,LastRespects|||M|||50|,,,,,Fighting]Magmar||Eviolite|VitalSpirit|HeatWave,Taunt,FollowMe,Protect|||M|||50|,,,,,Ghost
|
|t:|1756936159
|teamsize|p1|4
|teamsize|p2|4
|start
|switch|p1a: Garchomp|Garchomp, L50, F|100/100
|switch|p1b: Amoonguss|Amoonguss, L50, F|100/100
|switch|p2a: Sneasler|Sneasler, L50, M|100/100
|switch|p2b: Kingambit|Kingambit, L50, F|100/100
|turn|1
|inactive|Battle timer is ON: inactive players will automatically lose when time's up. (requested by Sedrav)
|inactive|Sedrav has 60 seconds left.
|inactive|afkchampion2 has 60 seconds left.
|
|t:|1756936202
|move|p2a: Sneasler|Fake Out|p1b: Amoonguss
|-damage|p1b: Amoonguss|88/100
|move|p1a: Garchomp|Stomping Tantrum|p2b: Kingambit
|-supereffective|p2b: Kingambit
|-damage|p2b: Kingambit|15/100
|-damage|p1a: Garchomp|91/100|[from] item: Life Orb
|move|p2b: Kingambit|Swords Dance|p2b: Kingambit
|-boost|p2b: Kingambit|atk|2
|cant|p1b: Amoonguss|flinch
|
|upkeep
|turn|2
|inactive|Sedrav has 30 seconds left.
|j| Arkhept
|l| Arkhept
|
|t:|1756936237
|switch|p2a: Rillaboom|Rillaboom, L50, F|100/100
|-fieldstart|move: Grassy Terrain|[from] ability: Grassy Surge|[of] p2a: Rillaboom
|move|p2b: Kingambit|Protect|p2b: Kingambit
|-singleturn|p2b: Kingambit|Protect
|move|p1a: Garchomp|Dragon Claw|p2a: Rillaboom
|-damage|p2a: Rillaboom|45/100
|-damage|p1a: Garchomp|81/100|[from] item: Life Orb
|move|p1b: Amoonguss|Pollen Puff|p2a: Rillaboom
|-supereffective|p2a: Rillaboom
|-damage|p2a: Rillaboom|17/100
|
|-heal|p1a: Garchomp|87/100|[from] Grassy Terrain
|-heal|p2a: Rillaboom|23/100|[from] Grassy Terrain
|-heal|p2b: Kingambit|21/100|[from] Grassy Terrain
|-heal|p1b: Amoonguss|94/100|[from] Grassy Terrain
|upkeep
|turn|3
|inactive|Sedrav has 30 seconds left.
|inactive|Sedrav has 20 seconds left.
|inactive|Sedrav has 15 seconds left.
|
|t:|1756936280
|-terastallize|p1a: Garchomp|Fairy
|move|p2a: Rillaboom|Fake Out|p1a: Garchomp
|-damage|p1a: Garchomp|73/100
|-damage|p2a: Rillaboom|11/100|[from] ability: Rough Skin|[of] p1a: Garchomp
|cant|p1a: Garchomp|flinch
|move|p2b: Kingambit|Kowtow Cleave|p1b: Amoonguss
|-damage|p1b: Amoonguss|0 fnt
|faint|p1b: Amoonguss
|
|-heal|p1a: Garchomp|79/100|[from] Grassy Terrain
|-heal|p2a: Rillaboom|17/100|[from] Grassy Terrain
|-heal|p2b: Kingambit|27/100|[from] Grassy Terrain
|upkeep
|
|t:|1756936294
|switch|p1b: Gholdengo|Gholdengo, L50|100/100
|turn|4
|inactive|Sedrav has 30 seconds left.
|inactive|Sedrav has 20 seconds left.
|
|t:|1756936333
|move|p2a: Rillaboom|Grassy Glide|p1a: Garchomp
|-crit|p1a: Garchomp
|-damage|p1a: Garchomp|27/100
|-damage|p2a: Rillaboom|4/100|[from] ability: Rough Skin|[of] p1a: Garchomp
|move|p2b: Kingambit|Sucker Punch|p1a: Garchomp
|-resisted|p1a: Garchomp
|-damage|p1a: Garchomp|0 fnt
|-damage|p2b: Kingambit|15/100|[from] ability: Rough Skin|[of] p1a: Garchomp
|faint|p1a: Garchomp
|move|p1b: Gholdengo|Make It Rain|p2a: Rillaboom|[spread] p2a,p2b
|-resisted|p2b: Kingambit
|-damage|p2a: Rillaboom|0 fnt
|-damage|p2b: Kingambit|0 fnt
|-unboost|p1b: Gholdengo|spa|1
|faint|p2a: Rillaboom
|faint|p2b: Kingambit
|
|upkeep
|
|t:|1756936349
|switch|p1a: Tyranitar|Tyranitar, L50, F|100/100
|switch|p2a: Basculegion|Basculegion, L50, M|100/100
|switch|p2b: Sneasler|Sneasler, L50, M|100/100
|-weather|Sandstorm|[from] ability: Sand Stream|[of] p1a: Tyranitar
|turn|5
|
|t:|1756936367
|-terastallize|p2a: Basculegion|Fighting
|move|p2a: Basculegion|Last Respects|p1b: Gholdengo
|-supereffective|p1b: Gholdengo
|-damage|p1b: Gholdengo|0 fnt
|faint|p1b: Gholdengo
|move|p2b: Sneasler|Close Combat|p1a: Tyranitar
|-supereffective|p1a: Tyranitar
|-damage|p1a: Tyranitar|0 fnt
|-unboost|p2b: Sneasler|def|1
|-unboost|p2b: Sneasler|spd|1
|faint|p1a: Tyranitar
|
|win|afkchampion2
|raw|Sedrav's rating: 1293 → 1262(-31 for losing)
|raw|afkchampion2's rating: 1205 → 1236(+31 for winning)
