|j|☆HeroLinik
|j|☆twilightgaming
|html|HeroLiniktwilightgaming    
|uhtml|bestof|Game 2 of a best-of-3
|t:|1783534940
|gametype|doubles
|player|p1|HeroLinik|gambler|
|player|p2|twilightgaming|sabrina-masters|
|gen|9
|tier|[Gen 9 Champions] VGC 2026 Reg M-B (Bo3)
|rule|Species Clause: Limit one of each Pokémon
|rule|Item Clause: Limit 1 of each item
|clearpoke
|poke|p1|Pyroar, L50, M|
|poke|p1|Farigiraf, L50, F|
|poke|p1|Venusaur, L50, F|
|poke|p1|Primarina, L50, F|
|poke|p1|Torkoal, L50, M|
|poke|p1|Gholdengo, L50|
|poke|p2|Staraptor, L50, F, shiny|
|poke|p2|Mimikyu, L50, M|
|poke|p2|Whimsicott, L50, M|
|poke|p2|Sylveon, L50, F|
|poke|p2|Grimmsnarl, L50, M|
|poke|p2|Kingambit, L50, F, shiny|
|teampreview|4
|showteam|p1|Pyroar||Pyroarite|Unnerve|Overheat,HeatWave,SolarBeam,Protect|Timid||M|||50|]Farigiraf||ColburBerry|ArmorTail|Protect,SunnyDay,TrickRoom,Psychic|Bold||F|||50|]Venusaur||FocusSash|Chlorophyll|SleepPowder,SludgeBomb,EarthPower,Protect|Timid||F|||50|]Primarina||LifeOrb|LiquidVoice|HyperVoice,Moonblast,DazzlingGleam,Protect|Quiet||F|||50|]Torkoal||Charcoal|Drought|Eruption,WeatherBall,HelpingHand,Yawn|Quiet||M|||50|]Gholdengo||ChoiceScarf|GoodasGold|MakeItRain,ShadowBall,FocusBlast,Thunderbolt|Timid|||||50|
|showteam|p2|Staraptor||Staraptite|Intimidate|BraveBird,CloseCombat,Roost,Protect|Timid||F|||50|]Mimikyu||SpellTag|Disguise|ShadowClaw,ShadowSneak,PlayRough,Protect|Adamant||M|||50|]Whimsicott||FocusSash|Prankster|Tailwind,Moonblast,Protect,Encore|Calm||M|||50|]Sylveon||Leftovers|Pixilate|HyperVoice,CalmMind,Wish,Protect|Bold||F|||50|]Grimmsnarl||RoseliBerry|Prankster|FakeOut,PartingShot,SpiritBreak,ScaryFace|Careful||M|||50|]Kingambit||ChopleBerry|Defiant|KowtowCleave,SuckerPunch,IronHead,Protect|Adamant||F|||50|
|inactive|Battle timer is ON: inactive players will automatically lose when time's up. (requested by HeroLinik)
|
|t:|1783534963
|teamsize|p1|4
|teamsize|p2|4
|start
|switch|p1a: Farigiraf|Farigiraf, L50, F|100/100
|switch|p1b: Primarina|Primarina, L50, F|100/100
|switch|p2a: Staraptor|Staraptor, L50, F, shiny|100/100
|switch|p2b: Grimmsnarl|Grimmsnarl, L50, M|100/100
|-ability|p2a: Staraptor|Intimidate|boost
|-unboost|p1a: Farigiraf|atk|1
|-unboost|p1b: Primarina|atk|1
|turn|1
|inactive|twilightgaming has 30 seconds left.
|inactive|twilightgaming has 20 seconds left.
|
|t:|1783535001
|detailschange|p2a: Staraptor|Staraptor-Mega, L50, F, shiny
|-mega|p2a: Staraptor|Staraptor|Staraptite
|move|p2a: Staraptor|Protect|p2a: Staraptor
|-singleturn|p2a: Staraptor|Protect
|move|p2b: Grimmsnarl|Spirit Break|p1b: Primarina
|-damage|p1b: Primarina|63/100
|-unboost|p1b: Primarina|spa|1
|move|p1b: Primarina|Dazzling Gleam|p2a: Staraptor|[spread] p2b
|-activate|p2a: Staraptor|move: Protect
|-supereffective|p2b: Grimmsnarl|1
|-enditem|p2b: Grimmsnarl|Roseli Berry|[eat]
|-enditem|p2b: Grimmsnarl|Roseli Berry|[weaken]
|-damage|p2b: Grimmsnarl|74/100
|-damage|p1b: Primarina|53/100|[from] item: Life Orb
|move|p1a: Farigiraf|Trick Room|p1a: Farigiraf
|-fieldstart|move: Trick Room|[of] p1a: Farigiraf
|
|upkeep
|turn|2
|inactive|twilightgaming has 30 seconds left.
|inactive|twilightgaming has 20 seconds left.
|inactive|twilightgaming has 15 seconds left.
|inactive|twilightgaming has 10 seconds left.
|
|t:|1783535048
|switch|p2a: Sylveon|Sylveon, L50, F|100/100
|move|p1b: Primarina|Moonblast|p2a: Sylveon
|-damage|p2a: Sylveon|65/100
|-damage|p1b: Primarina|43/100|[from] item: Life Orb
|move|p2b: Grimmsnarl|Spirit Break|p1b: Primarina
|-damage|p1b: Primarina|8/100
|-unboost|p1b: Primarina|spa|1
|move|p1a: Farigiraf|Psychic|p2a: Sylveon
|-damage|p2a: Sylveon|40/100
|
|-heal|p2a: Sylveon|46/100|[from] item: Leftovers
|upkeep
|turn|3
|
|t:|1783535073
|move|p1b: Primarina|Hyper Voice|p2a: Sylveon|[spread] p2a,p2b
|-damage|p2a: Sylveon|26/100
|-damage|p2b: Grimmsnarl|50/100g
|-damage|p1b: Primarina|0 fnt|[from] item: Life Orb
|faint|p1b: Primarina
|move|p2b: Grimmsnarl|Spirit Break|p1a: Farigiraf
|-damage|p1a: Farigiraf|76/100
|-unboost|p1a: Farigiraf|spa|1
|move|p1a: Farigiraf|Psychic|p2a: Sylveon
|-damage|p2a: Sylveon|10/100
|move|p2a: Sylveon|Wish|p2a: Sylveon
|
|-heal|p2a: Sylveon|16/100|[from] item: Leftovers
|upkeep
|
|t:|1783535085
|switch|p1b: Torkoal|Torkoal, L50, M|100/100
|-weather|SunnyDay|[from] ability: Drought|[of] p1b: Torkoal
|turn|4
|
|t:|1783535100
|move|p2a: Sylveon|Protect|p2a: Sylveon
|-singleturn|p2a: Sylveon|Protect
|move|p1a: Farigiraf|Protect|p1a: Farigiraf
|-singleturn|p1a: Farigiraf|Protect
|move|p1b: Torkoal|Eruption|p2a: Sylveon|[spread] p2b
|-activate|p2a: Sylveon|move: Protect
|-damage|p2b: Grimmsnarl|0 fnt
|faint|p2b: Grimmsnarl
|
|-weather|SunnyDay|[upkeep]
|-heal|p2a: Sylveon|66/100|[from] move: Wish|[wisher] Sylveon
|-heal|p2a: Sylveon|72/100|[from] item: Leftovers
|upkeep
|
|t:|1783535112
|switch|p2b: Mimikyu|Mimikyu, L50, M|100/100
|turn|5
|inactive|twilightgaming has 30 seconds left.
|
|t:|1783535138
|move|p1b: Torkoal|Eruption|p2a: Sylveon|[spread] p2a,p2b
|-damage|p2a: Sylveon|10/100
|-activate|p2b: Mimikyu|ability: Disguise
|-damage|p2b: Mimikyu|100/100
|detailschange|p2b: Mimikyu|Mimikyu-Busted, L50, M
|-damage|p2b: Mimikyu|87/100|[from] pokemon: Mimikyu-Busted
|move|p2a: Sylveon|Hyper Voice|p1a: Farigiraf|[spread] p1a,p1b
|-crit|p1a: Farigiraf
|-resisted|p1b: Torkoal|1
|-damage|p1a: Farigiraf|28/100
|-damage|p1b: Torkoal|79/100
|move|p1a: Farigiraf|Psychic|p2b: Mimikyu
|-damage|p2b: Mimikyu|55/100
|move|p2b: Mimikyu|Play Rough|p1a: Farigiraf
|-damage|p1a: Farigiraf|0 fnt
|faint|p1a: Farigiraf
|
|-weather|SunnyDay|[upkeep]
|-heal|p2a: Sylveon|16/100|[from] item: Leftovers
|-fieldend|move: Trick Room
|upkeep
|
|t:|1783535153
|switch|p1a: Pyroar|Pyroar, L50, M|100/100
|-ability|p1a: Pyroar|Unnerve
|turn|6
|inactive|twilightgaming has 30 seconds left.
|inactive|twilightgaming has 20 seconds left.
|inactive|twilightgaming has 15 seconds left.
|inactive|twilightgaming has 10 seconds left.
|
|t:|1783535198
|detailschange|p1a: Pyroar|Pyroar-Mega, L50, M
|-mega|p1a: Pyroar|Pyroar|Pyroarite
|move|p1b: Torkoal|Helping Hand|p1a: Pyroar
|-singleturn|p1a: Pyroar|Helping Hand|[of] p1b: Torkoal
|move|p1a: Pyroar|Heat Wave|p2b: Mimikyu|[spread] p2a
|-miss|p1a: Pyroar|p2b: Mimikyu
|-damage|p2a: Sylveon|0 fnt
|faint|p2a: Sylveon
|move|p2b: Mimikyu|Shadow Claw|p1b: Torkoal
|-crit|p1b: Torkoal
|-damage|p1b: Torkoal|36/100
|
|-weather|SunnyDay|[upkeep]
|upkeep
|
|t:|1783535210
|switch|p2a: Staraptor|Staraptor-Mega, L50, F, shiny|100/100
|turn|7
|
|t:|1783535221
|move|p1b: Torkoal|Helping Hand|p1a: Pyroar
|-singleturn|p1a: Pyroar|Helping Hand|[of] p1b: Torkoal
|move|p2a: Staraptor|Protect|p2a: Staraptor
|-singleturn|p2a: Staraptor|Protect
|move|p2b: Mimikyu|Protect|p2b: Mimikyu
|-singleturn|p2b: Mimikyu|Protect
|move|p1a: Pyroar|Heat Wave|p2a: Staraptor|[spread] 
|-activate|p2a: Staraptor|move: Protect
|-activate|p2b: Mimikyu|move: Protect
|
|-weather|SunnyDay|[upkeep]
|upkeep
|turn|8
|
|t:|1783535241
|move|p1b: Torkoal|Helping Hand|p1a: Pyroar
|-singleturn|p1a: Pyroar|Helping Hand|[of] p1b: Torkoal
|move|p2b: Mimikyu|Shadow Sneak|p1b: Torkoal
|-damage|p1b: Torkoal|19/100
|move|p1a: Pyroar|Heat Wave|p2a: Staraptor|[spread] p2a,p2b
|-damage|p2a: Staraptor|0 fnt
|-damage|p2b: Mimikyu|0 fnt
|faint|p2a: Staraptor
|faint|p2b: Mimikyu
|
|win|HeroLinik
|c|☆HeroLinik|gg
|c|☆twilightgaming|gg
