|j|☆AtomicTwilight
|j|☆Hhoodeee
|html|AtomicTwilightHhoodeee    
|uhtml|bestof|Game 1 of a best-of-3
|t:|1783738100
|gametype|doubles
|player|p1|AtomicTwilight|canari|
|player|p2|Hhoodeee|juggler|
|gen|9
|tier|[Gen 9 Champions] VGC 2026 Reg M-B (Bo3)
|rule|Species Clause: Limit one of each Pokémon
|rule|Item Clause: Limit 1 of each item
|clearpoke
|poke|p1|Greninja, L50, F|
|poke|p1|Slowking-Galar, L50, F|
|poke|p1|Rotom-Frost, L50|
|poke|p1|Klefki, L50, F|
|poke|p1|Krookodile, L50, M|
|poke|p1|Floette-Eternal, L50, F|
|poke|p2|Cofagrigus, L50, M|
|poke|p2|Emboar, L50, F|
|poke|p2|Chandelure, L50, F|
|poke|p2|Floette-Eternal, L50, F|
|poke|p2|Krookodile, L50, M|
|poke|p2|Slowbro, L50, M|
|teampreview|4
|showteam|p1|Greninja||Greninjite|Protean|Blizzard,DarkPulse,Extrasensory,Protect|Modest||F|||50|]Slowking-Galar||Leftovers|Regenerator|ChillyReception,Protect,Toxic,ChillingWater|Calm||F|||50|]Rotom-Frost||ChoiceScarf|Levitate|VoltSwitch,Blizzard,Discharge,Electroweb|Timid|||||50|]Klefki||LightClay|Prankster|ThunderWave,Reflect,LightScreen,DazzlingGleam|Timid||F|||50|]Krookodile||LifeOrb|Intimidate|Earthquake,KnockOff,CloseCombat,Protect|Jolly||M|||50|]Floette-Eternal||FairyFeather|FlowerVeil|Protect,DazzlingGleam,Moonblast,LightofRuin|Timid||F|||50|
|showteam|p2|Cofagrigus||MentalHerb|Mummy|WillOWisp,TrickRoom,Curse,NightShade|Sassy||M|||50|]Emboar||Emboarite|Reckless|Protect,DrainPunch,WildCharge,FlareBlitz|Adamant||F|||50|]Chandelure||Chandelurite|FlashFire|ShadowBall,HeatWave,Protect,TrickRoom|Calm||F|||50|]Floette-Eternal||FairyFeather|FlowerVeil|Moonblast,Protect,GigaDrain,DazzlingGleam|Modest||F|||50|]Krookodile||LifeOrb|Intimidate|KnockOff,StompingTantrum,RockSlide,Protect|Jolly||M|||50|]Slowbro||ColburBerry|Oblivious|Psychic,Scald,TrickRoom,LightScreen|Quiet||M|||50|
|c|☆AtomicTwilight|glhf!
|
|t:|1783738173
|teamsize|p1|4
|teamsize|p2|4
|start
|switch|p1a: Rotom|Rotom-Frost, L50|100/100
|switch|p1b: Krookodile|Krookodile, L50, M|100/100
|switch|p2a: Emboar|Emboar, L50, F|100/100
|switch|p2b: Krookodile|Krookodile, L50, M|100/100
|-ability|p1b: Krookodile|Intimidate|boost
|-unboost|p2a: Emboar|atk|1
|-unboost|p2b: Krookodile|atk|1
|-ability|p2b: Krookodile|Intimidate|boost
|-unboost|p1a: Rotom|atk|1
|-unboost|p1b: Krookodile|atk|1
|turn|1
|
|t:|1783738226
|move|p2b: Krookodile|Protect|p2b: Krookodile
|-singleturn|p2b: Krookodile|Protect
|move|p1a: Rotom|Volt Switch|p2a: Emboar
|-damage|p2a: Emboar|62/100
|
|t:|1783738234
|switch|p1a: Greninja|Greninja, L50, F|100/100|[from] Volt Switch
|move|p1b: Krookodile|Close Combat|p2b: Krookodile
|-activate|p2b: Krookodile|move: Protect
|move|p2a: Emboar|Drain Punch|p1b: Krookodile
|-supereffective|p1b: Krookodile|1
|-damage|p1b: Krookodile|25/100
|-heal|p2a: Emboar|91/100|[from] drain|[of] p1b: Krookodile
|
|upkeep
|turn|2
|
|t:|1783738266
|switch|p2b: Slowbro|Slowbro, L50, M|100/100
|detailschange|p1a: Greninja|Greninja-Mega, L50, F
|-mega|p1a: Greninja|Greninja|Greninjite
|move|p2a: Emboar|Protect|p2a: Emboar
|-singleturn|p2a: Emboar|Protect
|move|p1a: Greninja|Extrasensory|p2a: Emboar
|-start|p1a: Greninja|typechange|Psychic|[from] ability: Protean
|-activate|p2a: Emboar|move: Protect
|move|p1b: Krookodile|Close Combat|p2b: Slowbro
|-resisted|p2b: Slowbro|1
|-damage|p2b: Slowbro|87/100
|-unboost|p1b: Krookodile|def|1
|-unboost|p1b: Krookodile|spd|1
|-damage|p1b: Krookodile|15/100|[from] item: Life Orb
|
|upkeep
|turn|3
|
|t:|1783738289
|switch|p1b: Slowking|Slowking-Galar, L50, F|100/100
|switch|p2a: Krookodile|Krookodile, L50, M|100/100
|-ability|p2a: Krookodile|Intimidate|boost
|-unboost|p1a: Greninja|atk|1
|-unboost|p1b: Slowking|atk|1
|move|p1a: Greninja|Extrasensory|p2a: Krookodile
|-immune|p2a: Krookodile
|move|p2b: Slowbro|Trick Room|p2b: Slowbro
|-fieldstart|move: Trick Room|[of] p2b: Slowbro
|
|upkeep
|turn|4
|
|t:|1783738330
|switch|p1a: Krookodile|Krookodile, L50, M|15/100
|-ability|p1a: Krookodile|Intimidate|boost
|-unboost|p2a: Krookodile|atk|1
|-fail|p2b: Slowbro|unboost|Attack|[from] ability: Oblivious|[of] p2b: Slowbro
|move|p2b: Slowbro|Psychic|p1b: Slowking
|-crit|p1b: Slowking
|-damage|p1b: Slowking|62/100
|-unboost|p1b: Slowking|spd|1
|move|p1b: Slowking|Chilling Water|p2a: Krookodile
|-supereffective|p2a: Krookodile|1
|-damage|p2a: Krookodile|62/100
|-unboost|p2a: Krookodile|atk|1
|move|p2a: Krookodile|Knock Off|p1a: Krookodile
|-resisted|p1a: Krookodile|1
|-damage|p1a: Krookodile|0 fnt
|-enditem|p1a: Krookodile|Life Orb|[from] move: Knock Off|[of] p2a: Krookodile
|faint|p1a: Krookodile
|-damage|p2a: Krookodile|52/100|[from] item: Life Orb
|
|-heal|p1b: Slowking|68/100|[from] item: Leftovers
|upkeep
|
|t:|1783738350
|switch|p1a: Greninja|Greninja-Mega, L50, F|100/100
|turn|5
|
|t:|1783738382
|move|p1b: Slowking|Protect|p1b: Slowking
|-singleturn|p1b: Slowking|Protect
|move|p2b: Slowbro|Light Screen|p2b: Slowbro
|-sidestart|p2: Hhoodeee|move: Light Screen
|move|p2a: Krookodile|Stomping Tantrum|p1b: Slowking
|-activate|p1b: Slowking|move: Protect
|move|p1a: Greninja|Blizzard|p2b: Slowbro|[spread] p2a,p2b
|-start|p1a: Greninja|typechange|Ice|[from] ability: Protean
|-supereffective|p2a: Krookodile|1
|-resisted|p2b: Slowbro|1
|-damage|p2a: Krookodile|0 fnt
|-damage|p2b: Slowbro|69/100
|faint|p2a: Krookodile
|
|-heal|p1b: Slowking|74/100|[from] item: Leftovers
|upkeep
|
|t:|1783738400
|switch|p2a: Chandelure|Chandelure, L50, F|100/100
|turn|6
|
|t:|1783738420
|move|p1a: Greninja|Protect|p1a: Greninja
|-singleturn|p1a: Greninja|Protect
|move|p2b: Slowbro|Psychic|p1b: Slowking
|-damage|p1b: Slowking|38/100
|move|p1b: Slowking|Toxic|p2b: Slowbro
|-status|p2b: Slowbro|tox
|move|p2a: Chandelure|Heat Wave|p1b: Slowking|[spread] p1b
|-activate|p1a: Greninja|move: Protect
|-damage|p1b: Slowking|8/100
|
|-heal|p1b: Slowking|14/100|[from] item: Leftovers
|-damage|p2b: Slowbro|63/100 tox|[from] psn
|upkeep
|turn|7
|
|t:|1783738452
|switch|p1a: Rotom|Rotom-Frost, L50|100/100
|move|p1b: Slowking|Protect|p1b: Slowking
|-singleturn|p1b: Slowking|Protect
|move|p2b: Slowbro|Psychic|p1a: Rotom
|-damage|p1a: Rotom|37/100
|-unboost|p1a: Rotom|spd|1
|move|p2a: Chandelure|Heat Wave|p1b: Slowking|[spread] p1a
|-activate|p1b: Slowking|move: Protect
|-supereffective|p1a: Rotom|1
|-damage|p1a: Rotom|0 fnt
|faint|p1a: Rotom
|
|-heal|p1b: Slowking|20/100y|[from] item: Leftovers
|-damage|p2b: Slowbro|51/100 tox|[from] psn
|-fieldend|move: Trick Room
|upkeep
|
|t:|1783738463
|switch|p1a: Greninja|Greninja-Mega, L50, F|100/100
|turn|8
|
|t:|1783738482
|move|p1a: Greninja|Dark Pulse|p2b: Slowbro
|-start|p1a: Greninja|typechange|Dark|[from] ability: Protean
|-supereffective|p2b: Slowbro|1
|-enditem|p2b: Slowbro|Colbur Berry|[eat]
|-enditem|p2b: Slowbro|Colbur Berry|[weaken]
|-damage|p2b: Slowbro|19/100 tox
|move|p1b: Slowking|Chilling Water|p2b: Slowbro
|-resisted|p2b: Slowbro|1
|-damage|p2b: Slowbro|14/100 tox
|-unboost|p2b: Slowbro|atk|1
|move|p2b: Slowbro|Psychic|p1b: Slowking
|-damage|p1b: Slowking|0 fnt
|faint|p1b: Slowking
|move|p2a: Chandelure|Trick Room|p2a: Chandelure
|-fieldstart|move: Trick Room|[of] p2a: Chandelure
|
|-damage|p2b: Slowbro|0 fnt|[from] psn
|faint|p2b: Slowbro
|upkeep
|
|t:|1783738500
|switch|p2b: Emboar|Emboar, L50, F|91/100
|turn|9
|
|t:|1783738514
|detailschange|p2b: Emboar|Emboar-Mega, L50, F
|-mega|p2b: Emboar|Emboar|Emboarite
|-ability|p2b: Emboar|Mold Breaker
|move|p2b: Emboar|Drain Punch|p1a: Greninja
|-supereffective|p1a: Greninja|1
|-damage|p1a: Greninja|0 fnt
|-heal|p2b: Emboar|100/100|[from] drain|[of] p1a: Greninja
|faint|p1a: Greninja
|
|win|Hhoodeee
||AtomicTwilight is ready for game 2.
|inactive|Hhoodeee has 30 seconds to confirm battle start!
||Hhoodeee is ready for game 2.
|uhtml|next|Next: Game 2 of 3
|l|☆Hhoodeee
|player|p2|
|n|☆AtomicTwilight|atomictwilight
