|j|☆Foffa
|j|☆regHater
|html|FoffaregHater    
|uhtml|bestof|Game 2 of a best-of-3
|t:|1756986662
|gametype|doubles
|player|p1|Foffa|265|1310
|player|p2|regHater|2|1336
|gen|9
|tier|[Gen 9] VGC 2025 Reg H (Bo3)
|rated|
|rule|Species Clause: Limit one of each Pokémon
|rule|Item Clause: Limit 1 of each item
|clearpoke
|poke|p1|Chesnaught, L50, M|
|poke|p1|Ninetales-Alola, L50, M|
|poke|p1|Incineroar, L50, F|
|poke|p1|Gholdengo, L50|
|poke|p1|Garchomp, L50, M|
|poke|p1|Glimmora, L50, M|
|poke|p2|Dragonite, L50, F|
|poke|p2|Gholdengo, L50|
|poke|p2|Rillaboom, L50, M|
|poke|p2|Arcanine-Hisui, L50, F|
|poke|p2|Annihilape, L50, M|
|poke|p2|Murkrow, L50, F|
|teampreview|4
|showteam|p1|Chesnaught||Leftovers|Bulletproof|SpikyShield,IronDefense,BodyPress,LeechSeed|||M|||50|,,,,,Steel]Ninetales-Alola||LightClay|SnowWarning|Protect,AuroraVeil,Blizzard,IcyWind|||M|||50|,,,,,Fire]Incineroar||RockyHelmet|Intimidate|FlareBlitz,FakeOut,KnockOff,PartingShot|||F|||50|,,,,,Fairy]Gholdengo||ChoiceScarf|GoodasGold|MakeItRain,ShadowBall,Trick,PowerGem||||||50|,,,,,Steel]Garchomp||ClearAmulet|RoughSkin|DragonClaw,Protect,StompingTantrum,Earthquake|||M|||50|,,,,,Fire]Glimmora||AssaultVest|ToxicDebris|PowerGem,EarthPower,SludgeBomb,MortalSpin|||M|||50|,,,,,Grass
|showteam|p2|Dragonite||LoadedDice|Multiscale|Protect,ScaleShot,LowKick,ExtremeSpeed|||F|||50|,,,,,Fairy]Gholdengo||ChoiceSpecs|GoodasGold|Thunderbolt,PowerGem,MakeItRain,ShadowBall||||||50|,,,,,Steel]Rillaboom||AssaultVest|GrassySurge|FakeOut,HighHorsepower,WoodHammer,GrassyGlide|||M|||50|,,,,,Fire]Arcanine-Hisui||ClearAmulet|Intimidate|Protect,FlareBlitz,RockSlide,ExtremeSpeed|||F|||50|,,,,,Water]Annihilape||FocusSash|Defiant|Coaching,CloseCombat,RageFist,FinalGambit|||M|||50|,,,,,Stellar]Murkrow||Eviolite|Prankster|Haze,Tailwind,FoulPlay,Taunt|||F|||50|,,,,,Ghost
|
|t:|1756986695
|teamsize|p1|4
|teamsize|p2|4
|start
|switch|p1a: Garchomp|Garchomp, L50, M|100/100
|switch|p1b: Chesnaught|Chesnaught, L50, M|100/100
|switch|p2a: Gholdengo|Gholdengo, L50|100/100
|switch|p2b: Murkrow|Murkrow, L50, F, shiny|100/100
|turn|1
|
|t:|1756986769
|switch|p2a: Annihilape|Annihilape, L50, M|100/100
|switch|p1a: Incineroar|Incineroar, L50, F|100/100
|-ability|p1a: Incineroar|Intimidate|boost
|-unboost|p2a: Annihilape|atk|1
|-ability|p2a: Annihilape|Defiant|boost
|-boost|p2a: Annihilape|atk|2
|-unboost|p2b: Murkrow|atk|1
|move|p1b: Chesnaught|Spiky Shield|p1b: Chesnaught
|-singleturn|p1b: Chesnaught|move: Protect
|move|p2b: Murkrow|Taunt|p1b: Chesnaught
|-activate|p1b: Chesnaught|move: Protect
|
|upkeep
|turn|2
|
|t:|1756986807
|switch|p1a: Gholdengo|Gholdengo, L50|100/100
|-terastallize|p2b: Murkrow|Ghost
|move|p2b: Murkrow|Taunt|p1b: Chesnaught
|-start|p1b: Chesnaught|move: Taunt
|move|p2a: Annihilape|Close Combat|p1a: Gholdengo
|-immune|p1a: Gholdengo
|cant|p1b: Chesnaught|move: Taunt|Leech Seed
|
|upkeep
|turn|3
|
|t:|1756986880
|switch|p2b: Arcanine|Arcanine-Hisui, L50, F|100/100
|-ability|p2b: Arcanine|Intimidate|boost
|-unboost|p1a: Gholdengo|atk|1
|-unboost|p1b: Chesnaught|atk|1
|switch|p1b: Garchomp|Garchomp, L50, M|100/100
|move|p1a: Gholdengo|Shadow Ball|p2b: Arcanine
|-damage|p2b: Arcanine|54/100
|move|p2a: Annihilape|Rage Fist|p1a: Gholdengo
|-supereffective|p1a: Gholdengo
|-damage|p1a: Gholdengo|34/100
|
|upkeep
|turn|4
|inactive|Battle timer is ON: inactive players will automatically lose when time's up. (requested by Foffa)
|
|t:|1756986961
|move|p2b: Arcanine|Protect|p2b: Arcanine
|-singleturn|p2b: Arcanine|Protect
|move|p1a: Gholdengo|Shadow Ball|p2a: Annihilape
|-supereffective|p2a: Annihilape
|-damage|p2a: Annihilape|22/100
|move|p2a: Annihilape|Close Combat|p1b: Garchomp
|-damage|p1b: Garchomp|35/100
|-unboost|p2a: Annihilape|def|1
|-unboost|p2a: Annihilape|spd|1
|-damage|p2a: Annihilape|10/100|[from] ability: Rough Skin|[of] p1b: Garchomp
|move|p1b: Garchomp|Earthquake|p2a: Annihilape|[spread] p1a,p2a
|-activate|p2b: Arcanine|move: Protect
|-supereffective|p1a: Gholdengo
|-damage|p1a: Gholdengo|0 fnt
|-damage|p2a: Annihilape|0 fnt
|faint|p1a: Gholdengo
|faint|p2a: Annihilape
|
|upkeep
|inactive|regHater has 30 seconds left.
|
|t:|1756986990
|switch|p2a: Gholdengo|Gholdengo, L50|100/100
|switch|p1a: Incineroar|Incineroar, L50, F|100/100
|-ability|p1a: Incineroar|Intimidate|boost
|-unboost|p2a: Gholdengo|atk|1
|-fail|p2b: Arcanine|unboost|[from] item: Clear Amulet|[of] p2b: Arcanine
|turn|5
|inactive|Foffa has 30 seconds left.
|inactive|regHater has 30 seconds left.
|inactive|Foffa has 20 seconds left.
|inactive|Foffa has 15 seconds left.
|
|t:|1756987035
|move|p1a: Incineroar|Fake Out|p2b: Arcanine
|-resisted|p2b: Arcanine
|-damage|p2b: Arcanine|46/100
|cant|p2b: Arcanine|flinch
|move|p2a: Gholdengo|Make It Rain|p1a: Incineroar|[spread] p1a,p1b
|-resisted|p1a: Incineroar
|-crit|p1a: Incineroar
|-damage|p1a: Incineroar|59/100
|-damage|p1b: Garchomp|0 fnt
|-unboost|p2a: Gholdengo|spa|1
|faint|p1b: Garchomp
|
|upkeep
|
|t:|1756987042
|switch|p1b: Chesnaught|Chesnaught, L50, M|100/100
|turn|6
|inactive|regHater has 30 seconds left.
|
|t:|1756987070
|switch|p2a: Murkrow|Murkrow, L50, F, shiny, tera:Ghost|100/100
|move|p2b: Arcanine|Rock Slide|p1b: Chesnaught|[spread] p1a
|-miss|p2b: Arcanine|p1b: Chesnaught
|-supereffective|p1a: Incineroar
|-damage|p1a: Incineroar|13/100
|move|p1b: Chesnaught|Body Press|p2b: Arcanine
|-supereffective|p2b: Arcanine
|-damage|p2b: Arcanine|0 fnt
|faint|p2b: Arcanine
|cant|p1a: Incineroar|flinch
|
|upkeep
|
|t:|1756987084
|switch|p2b: Gholdengo|Gholdengo, L50|100/100
|turn|7
|
|t:|1756987103
|-terastallize|p1b: Chesnaught|Steel
|move|p2a: Murkrow|Taunt|p1b: Chesnaught
|-start|p1b: Chesnaught|move: Taunt
|move|p2b: Gholdengo|Shadow Ball|p1a: Incineroar
|-resisted|p1a: Incineroar
|-damage|p1a: Incineroar|0 fnt
|faint|p1a: Incineroar
|cant|p1b: Chesnaught|move: Taunt|Leech Seed
|
|upkeep
|turn|8
|-message|Foffa forfeited.
|raw|Foffa's rating: 1310 → 1291(-19 for losing)
|raw|regHater's rating: 1336 → 1355(+19 for winning)
|
|win|regHater
|l|☆Foffa
|player|p1|
