|j|☆SomeKidJon
|j|☆mariocansado
|html|SomeKidJonmariocansado    
|uhtml|bestof|Game 2 of a best-of-3
|t:|1756328354
|gametype|doubles
|player|p1|SomeKidJon|scientistf|1081
|player|p2|mariocansado|arven-v|1133
|gen|9
|tier|[Gen 9] VGC 2025 Reg H (Bo3)
|rated|
|rule|Species Clause: Limit one of each Pokémon
|rule|Item Clause: Limit 1 of each item
|clearpoke
|poke|p1|Zoroark-Hisui, L50, M|
|poke|p1|Serperior, L50, F|
|poke|p1|Basculegion, L50, M|
|poke|p1|Pelipper, L50, M|
|poke|p1|Kingambit, L50, F|
|poke|p1|Dragalge, L50, F|
|poke|p2|Gholdengo, L50|
|poke|p2|Rillaboom, L50, M|
|poke|p2|Dragapult, L50, M|
|poke|p2|Electabuzz, L50, M|
|poke|p2|Volcarona, L50, F|
|poke|p2|Gyarados, L50, M|
|teampreview|4
|showteam|p1|Zoroark-Hisui||ChoiceSpecs|Illusion|TeraBlast,HyperVoice,Snarl,ShadowBall|||M|||50|,,,,,Stellar]Serperior||LightClay|Contrary|LeafStorm,Reflect,LightScreen,TeraBlast|||F|||50|,,,,,Stellar]Basculegion||ChoiceBand|SwiftSwim|WaveCrash,LastRespects,AquaJet,FlipTurn|||M|||50|,,,,,Water]Pelipper||FocusSash|Drizzle|HelpingHand,Tailwind,WeatherBall,Hurricane|||M|||50|,,,,,Ghost]Kingambit||AssaultVest|Defiant|KowtowCleave,SuckerPunch,LowKick,IronHead|||F|||50|,,,,,Fairy]Dragalge||LifeOrb|Adaptability|SludgeBomb,MuddyWater,DracoMeteor,Protect|||F|||50|,,,,,Grass
|showteam|p2|Gholdengo||ChoiceScarf|GoodasGold|MakeItRain,ShadowBall,PowerGem,Trick||||||50|,,,,,Steel]Rillaboom||AssaultVest|GrassySurge|FakeOut,WoodHammer,Uturn,HighHorsepower|||M|||50|,,,,,Fire]Dragapult||ChoiceBand|ClearBody|DragonDarts,DragonClaw,PhantomForce,Uturn|||M|||50|,,,,,Dragon]Electabuzz||Eviolite|VitalSpirit|Electroweb,Taunt,FollowMe,Protect|||M|||50|,,,,,Ghost]Volcarona||Leftovers|FlameBody|HeatWave,QuiverDance,Protect,GigaDrain|||F|||50|,,,,,Grass]Gyarados||SitrusBerry|Intimidate|Waterfall,Taunt,ThunderWave,Protect|||M|||50|,,,,,Grass
|
|t:|1756328415
|teamsize|p1|4
|teamsize|p2|4
|start
|switch|p1a: Esquie|Pelipper, L50, M|100/100
|switch|p1b: Monocco|Basculegion, L50, M|100/100
|switch|p2a: Electabuzz|Electabuzz, L50, M|100/100
|switch|p2b: Dragapult|Dragapult, L50, M|100/100
|-weather|RainDance|[from] ability: Drizzle|[of] p1a: Esquie
|turn|1
|
|t:|1756328434
|-terastallize|p2b: Dragapult|Dragon
|move|p1b: Monocco|Wave Crash|p2a: Electabuzz
|-damage|p2a: Electabuzz|0 fnt
|faint|p2a: Electabuzz
|-damage|p1b: Monocco|72/100|[from] Recoil
|move|p2b: Dragapult|Dragon Darts|p1a: Esquie
|-damage|p1a: Esquie|37/100
|-anim|p2b: Dragapult|Dragon Darts|p1b: Monocco
|-damage|p1b: Monocco|3/100
|move|p1a: Esquie|Tailwind|p1a: Esquie
|-sidestart|p1: SomeKidJon|move: Tailwind
|
|-weather|RainDance|[upkeep]
|upkeep
|
|t:|1756328442
|switch|p2a: Big Jerry|Rillaboom, L50, M|100/100
|-fieldstart|move: Grassy Terrain|[from] ability: Grassy Surge|[of] p2a: Big Jerry
|turn|2
|
|t:|1756328449
|move|p2a: Big Jerry|Fake Out|p1a: Esquie
|-damage|p1a: Esquie|17/100
|move|p1b: Monocco|Wave Crash|p2b: Dragapult
|-resisted|p2b: Dragapult
|-damage|p2b: Dragapult|0 fnt
|faint|p2b: Dragapult
|-damage|p1b: Monocco|0 fnt|[from] Recoil
|faint|p1b: Monocco
|cant|p1a: Esquie|flinch
|
|-weather|RainDance|[upkeep]
|upkeep
|
|t:|1756328457
|switch|p2b: Volcarona|Volcarona, L50, F, shiny|100/100
|switch|p1b: Sciel|Serperior, L50, F|100/100
|turn|3
|
|t:|1756328477
|-terastallize|p1b: Sciel|Stellar
|move|p1b: Sciel|Tera Blast|p2a: Big Jerry|[anim] Tera Blast Stellar
|-damage|p2a: Big Jerry|83/100
|-boost|p1b: Sciel|atk|1
|-boost|p1b: Sciel|spa|1
|move|p1a: Esquie|Hurricane|p2a: Big Jerry
|-supereffective|p2a: Big Jerry
|-damage|p2a: Big Jerry|3/100
|-start|p2a: Big Jerry|confusion
|move|p2b: Volcarona|Quiver Dance|p2b: Volcarona
|-boost|p2b: Volcarona|spa|1
|-boost|p2b: Volcarona|spd|1
|-boost|p2b: Volcarona|spe|1
|-activate|p2a: Big Jerry|confusion
|move|p2a: Big Jerry|Wood Hammer|p1a: Esquie
|-damage|p1a: Esquie|0 fnt
|faint|p1a: Esquie
|-damage|p2a: Big Jerry|0 fnt|[from] Recoil
|faint|p2a: Big Jerry
|
|-weather|RainDance|[upkeep]
|upkeep
|
|t:|1756328486
|switch|p1a: Maelle|Kingambit, L50, F, shiny|100/100
|turn|4
|
|t:|1756328499
|move|p1b: Sciel|Light Screen|p1b: Sciel
|-sidestart|p1: SomeKidJon|move: Light Screen
|move|p2b: Volcarona|Quiver Dance|p2b: Volcarona
|-boost|p2b: Volcarona|spa|1
|-boost|p2b: Volcarona|spd|1
|-boost|p2b: Volcarona|spe|1
|move|p1a: Maelle|Kowtow Cleave|p2b: Volcarona
|-damage|p2b: Volcarona|47/100
|-status|p1a: Maelle|brn|[from] ability: Flame Body|[of] p2b: Volcarona
|
|-weather|RainDance|[upkeep]
|-heal|p2b: Volcarona|53/100|[from] Grassy Terrain
|-heal|p2b: Volcarona|59/100|[from] item: Leftovers
|-damage|p1a: Maelle|95/100 brn|[from] brn
|-sideend|p1: SomeKidJon|move: Tailwind
|upkeep
|turn|5
|
|t:|1756328505
|move|p2b: Volcarona|Protect|p2b: Volcarona
|-singleturn|p2b: Volcarona|Protect
|move|p1b: Sciel|Tera Blast|p2b: Volcarona|[anim] Tera Blast Stellar
|-activate|p2b: Volcarona|move: Protect
|move|p1a: Maelle|Kowtow Cleave|p2b: Volcarona
|-activate|p2b: Volcarona|move: Protect
|
|-weather|none
|-heal|p2b: Volcarona|66/100|[from] Grassy Terrain
|-heal|p2b: Volcarona|72/100|[from] item: Leftovers
|-heal|p1a: Maelle|100/100 brn|[from] Grassy Terrain
|-damage|p1a: Maelle|95/100 brn|[from] brn
|upkeep
|turn|6
|
|t:|1756328513
|move|p2b: Volcarona|Heat Wave|p1a: Maelle|[spread] p1a,p1b
|-supereffective|p1a: Maelle
|-supereffective|p1b: Sciel
|-damage|p1a: Maelle|37/100 brn
|-damage|p1b: Sciel|0 fnt
|faint|p1b: Sciel
|move|p1a: Maelle|Kowtow Cleave|p2b: Volcarona
|-damage|p2b: Volcarona|42/100
|
|-heal|p2b: Volcarona|48/100|[from] Grassy Terrain
|-heal|p2b: Volcarona|55/100|[from] item: Leftovers
|-heal|p1a: Maelle|43/100 brn|[from] Grassy Terrain
|-damage|p1a: Maelle|37/100 brn|[from] brn
|-fieldend|move: Grassy Terrain
|upkeep
|turn|7
|
|t:|1756328517
|move|p1a: Maelle|Sucker Punch|p2b: Volcarona
|-damage|p2b: Volcarona|30/100
|move|p2b: Volcarona|Heat Wave|p1a: Maelle
|-supereffective|p1a: Maelle
|-damage|p1a: Maelle|0 fnt
|faint|p1a: Maelle
|
|win|mariocansado
|raw|SomeKidJon's rating: 1081 → 1062(-19 for losing)
|raw|mariocansado's rating: 1133 → 1154(+21 for winning)
|l|☆SomeKidJon
|player|p1|
