|j|☆Starbai
|j|☆Sonja Hilmer
|html|StarbaiSonja Hilmer    
|uhtml|bestof|Game 1 of a best-of-3
|t:|1756750682
|gametype|doubles
|player|p1|Starbai|acetrainer-gen4dp|1320
|player|p2|Sonja Hilmer|lady|1539
|gen|9
|tier|[Gen 9] VGC 2025 Reg H (Bo3)
|rated|
|rule|Species Clause: Limit one of each Pokémon
|rule|Item Clause: Limit 1 of each item
|clearpoke
|poke|p1|Dragonite, L50, F|
|poke|p1|Volcarona, L50, M|
|poke|p1|Kingambit, L50, M|
|poke|p1|Sneasler, L50, F|
|poke|p1|Electabuzz, L50, M|
|poke|p1|Rillaboom, L50, M|
|poke|p2|Dachsbun, L50, M|
|poke|p2|Typhlosion-Hisui, L50, F|
|poke|p2|Kingambit, L50, M|
|poke|p2|Jumpluff, L50, M|
|poke|p2|Rillaboom, L50, M|
|poke|p2|Torkoal, L50, M|
|teampreview|4
|showteam|p1|Dragonite||LoadedDice|Multiscale|ScaleShot,ExtremeSpeed,Haze,Protect|||F|||50|,,,,,Normal]Volcarona||CovertCloak|FlameBody|HeatWave,TeraBlast,QuiverDance,Protect|||M|||50|,,,,,Fairy]Kingambit||BlackGlasses|Defiant|KowtowCleave,SuckerPunch,SwordsDance,Protect|||M|||50|,,,,,Dark]Sneasler||FocusSash|Unburden|CloseCombat,DireClaw,FakeOut,Coaching|||F|||50|,,,,,Stellar]Electabuzz||Eviolite|VitalSpirit|Thunderbolt,FollowMe,Taunt,Protect|||M|||50|,,,,,Ghost]Rillaboom||AssaultVest|GrassySurge|WoodHammer,GrassyGlide,FakeOut,HighHorsepower|||M|||50|,,,,,Fire
|showteam|p2|Dachsbun||Leftovers|WellBakedBody|BodyPress,Snarl,HelpingHand,Protect|||M|||50|,,,,,Steel]Typhlosion-Hisui||ChoiceSpecs|Blaze|Eruption,LavaPlume,Overheat,ShadowBall|||F|||50|,,,,,Fire]Kingambit||SafetyGoggles|Defiant|Protect,KowtowCleave,SuckerPunch,SwordsDance|||M|||50|,,,,,Dark]Jumpluff||CovertCloak|Chlorophyll|SleepPowder,SunnyDay,RagePowder,Tailwind|||M|||50|,,,,,Water]Rillaboom||AssaultVest|GrassySurge|WoodHammer,GrassyGlide,FakeOut,HighHorsepower|||M|||50|,,,,,Water]Torkoal||SitrusBerry|Drought|HeatWave,LavaPlume,ClearSmog,Protect|||M|||50|,,,,,Fairy
|inactive|Battle timer is ON: inactive players will automatically lose when time's up. (requested by Sonja Hilmer)
|inactive|Starbai has 60 seconds left.
|inactive|Sonja Hilmer has 60 seconds left.
|inactive|Starbai has 30 seconds left.
|
|t:|1756750752
|teamsize|p1|4
|teamsize|p2|4
|start
|switch|p1a: Electabuzz|Electabuzz, L50, M|100/100
|switch|p1b: Kingambit|Kingambit, L50, M|100/100
|switch|p2a: Typhlosion|Typhlosion-Hisui, L50, F|100/100
|switch|p2b: Torkoal|Torkoal, L50, M|100/100
|-weather|SunnyDay|[from] ability: Drought|[of] p2b: Torkoal
|turn|1
|inactive|Starbai has 30 seconds left.
|
|t:|1756750780
|switch|p2a: Dachsbun|Dachsbun, L50, M|100/100
|-terastallize|p1b: Kingambit|Dark
|move|p1a: Electabuzz|Thunderbolt|p2b: Torkoal
|-damage|p2b: Torkoal|69/100
|move|p1b: Kingambit|Kowtow Cleave|p2b: Torkoal
|-damage|p2b: Torkoal|16/100
|-enditem|p2b: Torkoal|Sitrus Berry|[eat]
|-heal|p2b: Torkoal|41/100|[from] item: Sitrus Berry
|move|p2b: Torkoal|Lava Plume|p1a: Electabuzz|[spread] p1a,p1b
|-ability|p2a: Dachsbun|Well-Baked Body|boost
|-boost|p2a: Dachsbun|def|2
|-damage|p1a: Electabuzz|80/100
|-damage|p1b: Kingambit|77/100
|-status|p1b: Kingambit|brn
|
|-weather|SunnyDay|[upkeep]
|-damage|p1b: Kingambit|71/100 brn|[from] brn
|upkeep
|turn|2
|j| teamthief420
|
|t:|1756750801
|switch|p1b: Volcarona|Volcarona, L50, M|100/100
|move|p2b: Torkoal|Protect|p2b: Torkoal
|-singleturn|p2b: Torkoal|Protect
|move|p1a: Electabuzz|Thunderbolt|p2a: Dachsbun
|-damage|p2a: Dachsbun|62/100
|move|p2a: Dachsbun|Body Press|p1a: Electabuzz
|-damage|p1a: Electabuzz|31/100
|
|-weather|SunnyDay|[upkeep]
|-heal|p2a: Dachsbun|68/100|[from] item: Leftovers
|upkeep
|turn|3
|
|t:|1756750813
|move|p1a: Electabuzz|Thunderbolt|p2a: Dachsbun
|-damage|p2a: Dachsbun|28/100
|move|p1b: Volcarona|Quiver Dance|p1b: Volcarona
|-boost|p1b: Volcarona|spa|1
|-boost|p1b: Volcarona|spd|1
|-boost|p1b: Volcarona|spe|1
|move|p2a: Dachsbun|Body Press|p1a: Electabuzz
|-damage|p1a: Electabuzz|0 fnt
|faint|p1a: Electabuzz
|move|p2b: Torkoal|Clear Smog|p1b: Volcarona
|-damage|p1b: Volcarona|94/100
|-clearboost|p1b: Volcarona
|
|-weather|SunnyDay|[upkeep]
|-heal|p2a: Dachsbun|34/100|[from] item: Leftovers
|upkeep
|
|t:|1756750817
|switch|p1a: Dragonite|Dragonite, L50, F|100/100
|turn|4
|inactive|Sonja Hilmer has 30 seconds left.
|
|t:|1756750842
|-terastallize|p2b: Torkoal|Fairy
|move|p1b: Volcarona|Tera Blast|p2a: Dachsbun
|-damage|p2a: Dachsbun|0 fnt
|faint|p2a: Dachsbun
|move|p1a: Dragonite|Scale Shot|p2b: Torkoal
|-immune|p2b: Torkoal
|move|p2b: Torkoal|Clear Smog|p1b: Volcarona
|-damage|p1b: Volcarona|85/100
|-clearboost|p1b: Volcarona
|
|-weather|SunnyDay|[upkeep]
|upkeep
|c|☆Starbai|covert cloak doesn't black clear smog?
|c|☆Sonja Hilmer|nop
|c|☆Sonja Hilmer|its not secondary effect
|c|☆Starbai|good to know
|inactive|Sonja Hilmer has 30 seconds left.
|
|t:|1756750870
|switch|p2a: Typhlosion|Typhlosion-Hisui, L50, F|100/100
|turn|5
|
|t:|1756750884
|switch|p2a: Kingambit|Kingambit, L50, M|100/100
|switch|p1b: Kingambit|Kingambit, L50, M, tera:Dark|71/100 brn
|move|p1a: Dragonite|Scale Shot|p2a: Kingambit
|-resisted|p2a: Kingambit
|-damage|p2a: Kingambit|95/100
|-resisted|p2a: Kingambit
|-damage|p2a: Kingambit|88/100
|-resisted|p2a: Kingambit
|-damage|p2a: Kingambit|82/100
|-resisted|p2a: Kingambit
|-damage|p2a: Kingambit|76/100
|-hitcount|p2a: Kingambit|4
|-unboost|p1a: Dragonite|def|1
|-boost|p1a: Dragonite|spe|1
|move|p2b: Torkoal|Clear Smog|p1a: Dragonite
|-damage|p1a: Dragonite|95/100
|-clearboost|p1a: Dragonite
|
|-weather|none
|-damage|p1b: Kingambit|65/100 brn|[from] brn
|upkeep
|turn|6
|
|t:|1756750902
|switch|p1b: Volcarona|Volcarona, L50, M|85/100
|move|p1a: Dragonite|Extreme Speed|p2b: Torkoal
|-damage|p2b: Torkoal|21/100
|move|p2a: Kingambit|Kowtow Cleave|p1a: Dragonite
|-crit|p1a: Dragonite
|-damage|p1a: Dragonite|11/100
|move|p2b: Torkoal|Heat Wave|p1a: Dragonite|[spread] p1a,p1b
|-resisted|p1a: Dragonite
|-crit|p1b: Volcarona
|-damage|p1a: Dragonite|0 fnt
|-damage|p1b: Volcarona|56/100
|faint|p1a: Dragonite
|
|upkeep
|
|t:|1756750907
|switch|p1a: Kingambit|Kingambit, L50, M, tera:Dark|65/100 brn
|turn|7
|inactive|Sonja Hilmer has 30 seconds left.
|inactive|Sonja Hilmer has 20 seconds left.
|
|t:|1756750944
|move|p2a: Kingambit|Protect|p2a: Kingambit
|-singleturn|p2a: Kingambit|Protect
|move|p1b: Volcarona|Heat Wave|p2b: Torkoal|[spread] p2b
|-activate|p2a: Kingambit|move: Protect
|-damage|p2b: Torkoal|0 fnt
|faint|p2b: Torkoal
|move|p1a: Kingambit|Swords Dance|p1a: Kingambit
|-boost|p1a: Kingambit|atk|2
|
|-damage|p1a: Kingambit|59/100 brn|[from] brn
|upkeep
|
|t:|1756750951
|switch|p2b: Typhlosion|Typhlosion-Hisui, L50, F|100/100
|turn|8
|
|t:|1756750969
|move|p2a: Kingambit|Sucker Punch|p1b: Volcarona
|-damage|p1b: Volcarona|9/100
|move|p1a: Kingambit|Sucker Punch|p2b: Typhlosion
|-supereffective|p2b: Typhlosion
|-damage|p2b: Typhlosion|0 fnt
|faint|p2b: Typhlosion
|move|p1b: Volcarona|Heat Wave|p2a: Kingambit
|-supereffective|p2a: Kingambit
|-damage|p2a: Kingambit|0 fnt
|faint|p2a: Kingambit
|
|win|Starbai
||Sonja Hilmer is ready for game 2.
||Starbai is ready for game 2.
|uhtml|next|Next: Game 2 of 3
|l| teamthief420
|l|☆Sonja Hilmer
|player|p2|
