|j|☆oriozz
|j|☆ginjiiiiii
|html|oriozzginjiiiiii    
|uhtml|bestof|Game 1 of a best-of-3
|t:|1783993136
|gametype|doubles
|player|p1|oriozz|101|1074
|player|p2|ginjiiiiii|169|1000
|gen|9
|tier|[Gen 9 Champions] VGC 2026 Reg M-B (Bo3)
|rated|
|rule|Species Clause: Limit one of each Pokémon
|rule|Item Clause: Limit 1 of each item
|clearpoke
|poke|p1|Charizard, L50, M|
|poke|p1|Grimmsnarl, L50, M|
|poke|p1|Pelipper, L50, F|
|poke|p1|Archaludon, L50, M|
|poke|p1|Basculegion, L50, M|
|poke|p1|Venusaur, L50, M|
|poke|p2|Gengar, L50, M|
|poke|p2|Sinistcha, L50|
|poke|p2|Sneasler, L50, M|
|poke|p2|Staraptor, L50, F|
|poke|p2|Garchomp, L50, F|
|poke|p2|Whimsicott, L50, F|
|teampreview|4
|showteam|p1|Charizard||CharizarditeY|Blaze|Protect,HeatWave,WeatherBall,SolarBeam|Timid||M|||50|]Grimmsnarl||LightClay|Prankster|SpiritBreak,Reflect,LightScreen,PartingShot|Careful||M|||50|]Pelipper||SitrusBerry|Drizzle|Hurricane,WeatherBall,Tailwind,WideGuard|Modest||F|||50|]Archaludon||Leftovers|Stamina|Protect,ElectroShot,DragonPulse,FlashCannon|Modest||M|||50|]Basculegion||ChoiceScarf|Adaptability|FlipTurn,WaveCrash,AquaJet,LastRespects|Jolly||M|||50|]Venusaur||FocusSash|Chlorophyll|Protect,SleepPowder,SludgeBomb,EarthPower|Modest||M|||50|
|showteam|p2|Gengar||Gengarite|CursedBody|Disable,Protect,SludgeBomb,ShadowBall|Timid||M|||50|]Sinistcha||SitrusBerry|Hospitality|RagePowder,StrengthSap,MatchaGotcha,LifeDew|Relaxed|||||50|]Sneasler||FocusSash|PoisonTouch|DireClaw,CloseCombat,FakeOut,Protect|Jolly||M|||50|]Staraptor||Staraptite|Intimidate|CloseCombat,BraveBird,Roost,Protect|Adamant||F|||50|]Garchomp||ChoiceScarf|RoughSkin|RockSlide,DragonClaw,Earthquake,Protect|Jolly||F|||50|]Whimsicott||MentalHerb|Prankster|Tailwind,Charm,Moonblast,Protect|Bold||F|||50|
|inactive|Battle timer is ON: inactive players will automatically lose when time's up. (requested by oriozz)
|inactive|oriozz has 60 seconds left.
|
|t:|1783993192
|teamsize|p1|4
|teamsize|p2|4
|start
|switch|p1a: Charizard|Charizard, L50, M|100/100
|switch|p1b: Venusaur|Venusaur, L50, M|100/100
|switch|p2a: Whimsicott|Whimsicott, L50, F|100/100
|switch|p2b: Staraptor|Staraptor, L50, F|100/100
|-ability|p2b: Staraptor|Intimidate|boost
|-unboost|p1a: Charizard|atk|1
|-unboost|p1b: Venusaur|atk|1
|turn|1
|inactive|oriozz has 30 seconds left.
|
|t:|1783993218
|detailschange|p1a: Charizard|Charizard-Mega-Y, L50, M
|-mega|p1a: Charizard|Charizard|Charizardite Y
|-weather|SunnyDay|[from] ability: Drought|[of] p1a: Charizard
|detailschange|p2b: Staraptor|Staraptor-Mega, L50, F
|-mega|p2b: Staraptor|Staraptor|Staraptite
|move|p2a: Whimsicott|Charm|p2b: Staraptor
|-boost|p2b: Staraptor|atk|2
|move|p1b: Venusaur|Sleep Powder|p2b: Staraptor
|-status|p2b: Staraptor|slp|[from] move: Sleep Powder
|move|p1a: Charizard|Heat Wave|p2a: Whimsicott|[spread] p2a,p2b
|-supereffective|p2a: Whimsicott|1
|-damage|p2a: Whimsicott|0 fnt
|-damage|p2b: Staraptor|33/100 slp
|faint|p2a: Whimsicott
|cant|p2b: Staraptor|slp
|
|-weather|SunnyDay|[upkeep]
|upkeep
|
|t:|1783993233
|switch|p2a: Sinistcha|Sinistcha, L50|100/100
|-heal|p2b: Staraptor|58/100 slp|[from] ability: Hospitality|[of] p2a: Sinistcha
|turn|2
|inactive|oriozz has 30 seconds left.
|inactive|oriozz has 20 seconds left.
|
|t:|1783993271
|switch|p2a: Garchomp|Garchomp, L50, F|100/100
|move|p1b: Venusaur|Sludge Bomb|p2b: Staraptor
|-damage|p2b: Staraptor|13/100 slp
|move|p1a: Charizard|Heat Wave|p2b: Staraptor|[spread] p2a,p2b
|-resisted|p2a: Garchomp|1
|-crit|p2b: Staraptor
|-damage|p2a: Garchomp|62/100
|-damage|p2b: Staraptor|0 fnt
|faint|p2b: Staraptor
|
|-weather|SunnyDay|[upkeep]
|upkeep
|inactive|ginjiiiiii has 30 seconds left.
|
|t:|1783993297
|switch|p2b: Sinistcha|Sinistcha, L50|100/100
|-heal|p2a: Garchomp|87/100|[from] ability: Hospitality|[of] p2b: Sinistcha
|turn|3
|
|t:|1783993310
|move|p1a: Charizard|Protect|p1a: Charizard
|-singleturn|p1a: Charizard|Protect
|move|p1b: Venusaur|Sleep Powder|p2a: Garchomp|[miss]
|-miss|p1b: Venusaur|p2a: Garchomp
|move|p2a: Garchomp|Rock Slide|p1b: Venusaur|[spread] p1b
|-activate|p1a: Charizard|move: Protect
|-damage|p1b: Venusaur|73/100
|move|p2b: Sinistcha|Life Dew||[still]|[spread] p2a,p2b
|-heal|p2a: Garchomp|100/100
|-fail|p2b: Sinistcha|heal
|
|-weather|SunnyDay|[upkeep]
|upkeep
|turn|4
|inactive|oriozz has 30 seconds left.
|
|t:|1783993337
|switch|p1a: Grimmsnarl|Grimmsnarl, L50, M|100/100
|move|p1b: Venusaur|Sleep Powder|p2a: Garchomp
|-status|p2a: Garchomp|slp|[from] move: Sleep Powder
|cant|p2a: Garchomp|slp
|move|p2b: Sinistcha|Matcha Gotcha|p1b: Venusaur|[spread] p1a,p1b
|-resisted|p1b: Venusaur|2
|-damage|p1a: Grimmsnarl|80/100
|-damage|p1b: Venusaur|66/100
|
|-weather|SunnyDay|[upkeep]
|upkeep
|turn|5
|-message|ginjiiiiii forfeited.
|
|win|oriozz
|l|☆ginjiiiiii
|player|p2|
|raw|oriozz's rating: 1074 → 1097(+23 for winning)
|raw|ginjiiiiii's rating: 1000 → 1000(+0 for losing)
