|j|â˜†pokeplaygg
|j|â˜†Tchoubib
|html|pokeplayggTchoubib    
|uhtml|bestof|Game 3 of a best-of-3
|t:|1782667615
|gametype|doubles
|player|p1|pokeplaygg|170|1321
|player|p2|Tchoubib|1|1397
|gen|9
|tier|[Gen 9 Champions] VGC 2026 Reg M-B (Bo3)
|rated|
|rule|Species Clause: Limit one of each PokÃ©mon
|rule|Item Clause: Limit 1 of each item
|clearpoke
|poke|p1|Pelipper, L50, F|
|poke|p1|Archaludon, L50, M|
|poke|p1|Swampert, L50, F|
|poke|p1|Venusaur, L50, F|
|poke|p1|Aerodactyl, L50, F|
|poke|p1|Basculegion, L50, M|
|poke|p2|Incineroar, L50, M|
|poke|p2|Floette-Eternal, L50, F|
|poke|p2|Sinistcha, L50|
|poke|p2|Sneasler, L50, M|
|poke|p2|Delphox, L50, F|
|poke|p2|Kingambit, L50, M|
|teampreview|4
|showteam|p1|Pelipper||LifeOrb|Drizzle|Protect,Hurricane,MuddyWater,Tailwind|Modest||F|||50|]Archaludon||Leftovers|Stamina|Protect,ElectroShot,DracoMeteor,FlashCannon|Modest||M|||50|]Swampert||Swampertite|Torrent|Protect,WaveCrash,Earthquake,IcePunch|Adamant||F|||50|]Venusaur||Venusaurite|Chlorophyll|Protect,SleepPowder,SludgeBomb,EarthPower|Modest||F|||50|]Aerodactyl||FocusSash|Unnerve|Protect,Tailwind,RockSlide,PsychicFangs|Jolly||F|||50|]Basculegion||ChoiceScarf|Adaptability|LastRespects,WaveCrash,FlipTurn,AquaJet|Jolly||M|||50|
|showteam|p2|Incineroar||SitrusBerry|Intimidate|FakeOut,PartingShot,ThroatChop,FlareBlitz|Careful||M|||50|]Floette-Eternal||Floettite|FlowerVeil|DazzlingGleam,Moonblast,CalmMind,Protect|Modest||F|||50|]Sinistcha||OccaBerry|Hospitality|MatchaGotcha,RagePowder,TrickRoom,Protect|Bold|||||50|]Sneasler||FocusSash|PoisonTouch|QuickGuard,FakeOut,PoisonJab,CloseCombat|Jolly||M|||50|]Delphox||Delphoxite|Blaze|Protect,NastyPlot,HeatWave,Psyshock|Timid||F|||50|]Kingambit||BlackGlasses|Defiant|Protect,SwordsDance,KowtowCleave,SuckerPunch|Adamant||M|||50|
|inactive|Battle timer is ON: inactive players will automatically lose when time's up. (requested by pokeplaygg)
|inactive|Tchoubib has 60 seconds left.
|
|t:|1782667666
|teamsize|p1|4
|teamsize|p2|4
|start
|switch|p1a: Pelipper|Pelipper, L50, F|100/100
|switch|p1b: Archaludon|Archaludon, L50, M|100/100
|switch|p2a: Sneasler|Sneasler, L50, M|100/100
|switch|p2b: Delphox|Delphox, L50, F|100/100
|-weather|RainDance|[from] ability: Drizzle|[of] p1a: Pelipper
|turn|1
|l|â˜†pokeplaygg
|inactive|pokeplaygg disconnected and has a minute to reconnect!
|player|p1|
|j|â˜†pokeplaygg
|inactive|pokeplaygg reconnected and has 35 seconds left.
|player|p1|pokeplaygg|170|
|inactive|pokeplaygg has 30 seconds left.
|inactive|Tchoubib has 30 seconds left.
|inactive|Tchoubib has 20 seconds left.
|inactive|Tchoubib has 15 seconds left.
|
|t:|1782667709
|switch|p1a: Swampert|Swampert, L50, F|100/100
|detailschange|p2b: Delphox|Delphox-Mega, L50, F
|-mega|p2b: Delphox|Delphox|Delphoxite
|move|p2a: Sneasler|Fake Out|p1a: Swampert
|-damage|p1a: Swampert|84/100
|move|p2b: Delphox|Nasty Plot|p2b: Delphox
|-boost|p2b: Delphox|spa|2
|move|p1b: Archaludon|Electro Shot||[still]
|-prepare|p1b: Archaludon|Electro Shot
|-boost|p1b: Archaludon|spa|1
|-anim|p1b: Archaludon|Electro Shot|p2b: Delphox
|-damage|p2b: Delphox|31/100
|
|-weather|RainDance|[upkeep]
|upkeep
|turn|2
|inactive|pokeplaygg has 30 seconds left.
|inactive|Tchoubib has 30 seconds left.
|
|t:|1782667740
|switch|p2a: Sinistcha|Sinistcha, L50|100/100
|-heal|p2b: Delphox|55/100|[from] ability: Hospitality|[of] p2a: Sinistcha
|detailschange|p1a: Swampert|Swampert-Mega, L50, F
|-mega|p1a: Swampert|Swampert|Swampertite
|move|p2b: Delphox|Protect|p2b: Delphox
|-singleturn|p2b: Delphox|Protect
|move|p1a: Swampert|Ice Punch|p2a: Sinistcha
|-supereffective|p2a: Sinistcha|1
|-damage|p2a: Sinistcha|50/100g
|move|p1b: Archaludon|Draco Meteor|p2a: Sinistcha
|-damage|p2a: Sinistcha|0 fnt
|-unboost|p1b: Archaludon|spa|2
|faint|p2a: Sinistcha
|
|-weather|RainDance|[upkeep]
|upkeep
|
|t:|1782667749
|switch|p2a: Sneasler|Sneasler, L50, M|100/100
|turn|3
|inactive|Tchoubib has 30 seconds left.
|
|t:|1782667775
|move|p1a: Swampert|Protect|p1a: Swampert
|-singleturn|p1a: Swampert|Protect
|move|p1b: Archaludon|Protect|p1b: Archaludon
|-singleturn|p1b: Archaludon|Protect
|move|p2b: Delphox|Heat Wave|p1b: Archaludon|[spread] 
|-activate|p1a: Swampert|move: Protect
|-activate|p1b: Archaludon|move: Protect
|move|p2a: Sneasler|Close Combat|p1b: Archaludon
|-activate|p1b: Archaludon|move: Protect
|
|-weather|RainDance|[upkeep]
|upkeep
|turn|4
|
|t:|1782667797
|switch|p1b: Venusaur|Venusaur, L50, F|100/100
|move|p1a: Swampert|Wave Crash|p2b: Delphox
|-supereffective|p2b: Delphox|1
|-damage|p2b: Delphox|0 fnt
|faint|p2b: Delphox
|-damage|p1a: Swampert|67/100|[from] Recoil
|move|p2a: Sneasler|Close Combat|p1b: Venusaur
|-resisted|p1b: Venusaur|1
|-damage|p1b: Venusaur|63/100
|-unboost|p2a: Sneasler|def|1
|-unboost|p2a: Sneasler|spd|1
|
|-weather|RainDance|[upkeep]
|upkeep
|
|t:|1782667802
|switch|p2b: Kingambit|Kingambit, L50, M|100/100
|turn|5
|
|t:|1782667822
|move|p1b: Venusaur|Protect|p1b: Venusaur
|-singleturn|p1b: Venusaur|Protect
|move|p1a: Swampert|Earthquake|p2a: Sneasler|[spread] p2a,p2b
|-activate|p1b: Venusaur|move: Protect
|-supereffective|p2a: Sneasler|1
|-supereffective|p2b: Kingambit|1
|-enditem|p2a: Sneasler|Focus Sash
|-damage|p2a: Sneasler|1/100
|-damage|p2b: Kingambit|24/100
|move|p2a: Sneasler|Poison Jab|p1b: Venusaur
|-activate|p1b: Venusaur|move: Protect
|move|p2b: Kingambit|Swords Dance|p2b: Kingambit
|-boost|p2b: Kingambit|atk|2
|
|-weather|none
|upkeep
|turn|6
|
|t:|1782667839
|move|p1a: Swampert|Protect|p1a: Swampert
|-singleturn|p1a: Swampert|Protect
|move|p2b: Kingambit|Sucker Punch||[still]
|-fail|p2b: Kingambit
|move|p2a: Sneasler|Poison Jab|p1b: Venusaur
|-damage|p1b: Venusaur|13/100
|move|p1b: Venusaur|Sleep Powder|p2b: Kingambit
|-status|p2b: Kingambit|slp|[from] move: Sleep Powder
|
|upkeep
|turn|7
|-message|Tchoubib forfeited.
|
|win|pokeplaygg
|raw|pokeplaygg's rating: 1321 → 1345(+24 for winning)
|raw|Tchoubib's rating: 1397 → 1373(-24 for losing)
|l|â˜†Tchoubib
|player|p2|
|l|â˜†pokeplaygg
|player|p1|
|j|â˜†Tchoubib
|player|p2|Tchoubib|1|
