|j|☆FinaPalomares
|j|☆jANMxRin
|html|FinaPalomaresjANMxRin    
|uhtml|bestof|Game 2 of a best-of-3
|t:|1756294135
|gametype|doubles
|player|p1|FinaPalomares|1|1040
|player|p2|jANMxRin|acerola-masters|1031
|gen|9
|tier|[Gen 9] VGC 2025 Reg H (Bo3)
|rated|
|rule|Species Clause: Limit one of each Pokémon
|rule|Item Clause: Limit 1 of each item
|clearpoke
|poke|p1|Indeedee-F, L50, F|
|poke|p1|Armarouge, L50, M|
|poke|p1|Torkoal, L50, M|
|poke|p1|Ursaluna, L50, M|
|poke|p1|Hatterene, L50, F|
|poke|p1|Annihilape, L50, M|
|poke|p2|Sneasler, L50, F|
|poke|p2|Indeedee, L50, M|
|poke|p2|Volcarona, L50, F|
|poke|p2|Ursaluna-Bloodmoon, L50, M|
|poke|p2|Annihilape, L50, F|
|poke|p2|Tyranitar, L50, M|
|teampreview|4
|showteam|p1|Indeedee-F||RockyHelmet|PsychicSurge|Psychic,FollowMe,HelpingHand,TrickRoom|||F|||50|,,,,,Grass]Armarouge||PowerHerb|FlashFire|ExpandingForce,ArmorCannon,MeteorBeam,TrickRoom|||M|||50|,,,,,Grass]Torkoal||Charcoal|Drought|Protect,Eruption,WeatherBall,ClearSmog|||M|||50|,,,,,Fire]Ursaluna||FlameOrb|Guts|Protect,Substitute,Facade,HeadlongRush|||M|||50|,,,,,Ghost]Hatterene||LifeOrb|MagicBounce|Protect,ExpandingForce,DazzlingGleam,TrickRoom|||F|||50|,,,,,Water]Annihilape||ChoiceScarf|Defiant|CloseCombat,ShadowClaw,Uturn,FinalGambit|||M|||50|,,,,,Stellar
|showteam|p2|Sneasler||PsychicSeed|Unburden|CloseCombat,DireClaw,ThroatChop,Protect|||F|||50|,,,,,Dark]Indeedee||ChoiceScarf|PsychicSurge|ExpandingForce,TeraBlast,Trick,Protect|||M|||50|,,,,,Psychic]Volcarona||SitrusBerry|FlameBody|Overheat,StruggleBug,RagePowder,Tailwind|||F|||50|,,,,,Grass]Ursaluna-Bloodmoon||LifeOrb|MindsEye|BloodMoon,HyperVoice,EarthPower,Protect|||M|||50|,,,,,Normal]Annihilape||SafetyGoggles|Defiant|CloseCombat,RageFist,Taunt,FinalGambit|||F|||50|,,,,,Fairy]Tyranitar||AssaultVest|SandStream|RockSlide,KnockOff,TeraBlast,LowKick|||M|||50|,,,,,Flying
|
|t:|1756294184
|teamsize|p1|4
|teamsize|p2|4
|start
|switch|p1a: Indeedee|Indeedee-F, L50, F|100/100
|switch|p1b: Annihilape|Annihilape, L50, M|100/100
|switch|p2a: Indeedee|Indeedee, L50, M|100/100
|switch|p2b: Sneasler|Sneasler, L50, F|100/100
|-fieldstart|move: Psychic Terrain|[from] ability: Psychic Surge|[of] p2a: Indeedee
|-enditem|p2b: Sneasler|Psychic Seed
|-boost|p2b: Sneasler|spd|1|[from] item: Psychic Seed
|turn|1
|inactive|Battle timer is ON: inactive players will automatically lose when time's up. (requested by FinaPalomares)
|
|t:|1756294225
|switch|p1b: Hatterene|Hatterene, L50, F|100/100
|move|p2b: Sneasler|Throat Chop|p1a: Indeedee
|-supereffective|p1a: Indeedee
|-damage|p1a: Indeedee|32/100
|-start|p1a: Indeedee|Throat Chop|[silent]
|-damage|p2b: Sneasler|84/100|[from] item: Rocky Helmet|[of] p1a: Indeedee
|move|p2a: Indeedee|Expanding Force|p1b: Hatterene|[spread] p1a,p1b
|-resisted|p1a: Indeedee
|-resisted|p1b: Hatterene
|-damage|p1a: Indeedee|6/100
|-damage|p1b: Hatterene|70/100
|move|p1a: Indeedee|Trick Room|p1a: Indeedee
|-fieldstart|move: Trick Room|[of] p1a: Indeedee
|
|upkeep
|turn|2
|inactive|FinaPalomares has 30 seconds left.
|
|t:|1756294254
|move|p1a: Indeedee|Helping Hand|p1b: Hatterene
|-singleturn|p1b: Hatterene|Helping Hand|[of] p1a: Indeedee
|move|p2b: Sneasler|Protect|p2b: Sneasler
|-singleturn|p2b: Sneasler|Protect
|move|p1b: Hatterene|Dazzling Gleam|p2b: Sneasler|[spread] p2a
|-activate|p2b: Sneasler|move: Protect
|-damage|p2a: Indeedee|8/100
|-damage|p1b: Hatterene|61/100|[from] item: Life Orb
|move|p2a: Indeedee|Expanding Force|p1b: Hatterene|[spread] p1a,p1b
|-resisted|p1a: Indeedee
|-resisted|p1b: Hatterene
|-damage|p1a: Indeedee|0 fnt
|-damage|p1b: Hatterene|33/100
|faint|p1a: Indeedee
|
|upkeep
|
|t:|1756294265
|switch|p1a: Ursaluna|Ursaluna, L50, M|100/100
|turn|3
|inactive|jANMxRin has 30 seconds left.
|
|t:|1756294292
|move|p2b: Sneasler|Protect|p2b: Sneasler
|-singleturn|p2b: Sneasler|Protect
|move|p1b: Hatterene|Expanding Force|p2a: Indeedee|[spread] p2a
|-activate|p2b: Sneasler|move: Protect
|-resisted|p2a: Indeedee
|-damage|p2a: Indeedee|0 fnt
|faint|p2a: Indeedee
|-damage|p1b: Hatterene|23/100|[from] item: Life Orb
|move|p1a: Ursaluna|Substitute|p1a: Ursaluna
|-start|p1a: Ursaluna|Substitute
|-damage|p1a: Ursaluna|76/100
|
|-status|p1a: Ursaluna|brn|[from] item: Flame Orb
|upkeep
|
|t:|1756294300
|switch|p2a: Tyranitar|Tyranitar, L50, M|100/100
|-weather|Sandstorm|[from] ability: Sand Stream|[of] p2a: Tyranitar
|turn|4
|inactive|jANMxRin has 30 seconds left.
|
|t:|1756294327
|-terastallize|p2a: Tyranitar|Flying
|move|p1b: Hatterene|Protect|p1b: Hatterene
|-singleturn|p1b: Hatterene|Protect
|move|p2b: Sneasler|Protect||[still]
|-fail|p2b: Sneasler
|move|p1a: Ursaluna|Facade|p2b: Sneasler
|-damage|p2b: Sneasler|0 fnt
|faint|p2b: Sneasler
|move|p2a: Tyranitar|Rock Slide|p1b: Hatterene|[spread] p1a
|-activate|p1b: Hatterene|move: Protect
|-resisted|p1a: Ursaluna
|-activate|p1a: Ursaluna|move: Substitute|[damage]
|
|-weather|Sandstorm|[upkeep]
|-damage|p1b: Hatterene|17/100|[from] Sandstorm
|-damage|p2a: Tyranitar|95/100|[from] Sandstorm
|-damage|p1a: Ursaluna|70/100 brn|[from] brn
|upkeep
|
|t:|1756294341
|switch|p2b: Ursaluna|Ursaluna-Bloodmoon, L50, M|100/100
|turn|5
|
|t:|1756294354
|move|p1b: Hatterene|Expanding Force|p2b: Ursaluna|[spread] p2a,p2b
|-damage|p2a: Tyranitar|42/100
|-damage|p2b: Ursaluna|0 fnt
|faint|p2b: Ursaluna
|-damage|p1b: Hatterene|8/100|[from] item: Life Orb
|move|p1a: Ursaluna|Facade|p2a: Tyranitar
|-damage|p2a: Tyranitar|0 fnt
|faint|p2a: Tyranitar
|
|win|FinaPalomares
|raw|FinaPalomares's rating: 1040 → 1073(+33 for winning)
|raw|jANMxRin's rating: 1031 → 1017(-14 for losing)
