|j|☆snailboss
|j|☆Mahdrescher
|html|snailbossMahdrescher    
|uhtml|bestof|Game 3 of a best-of-3
|t:|1756411577
|gametype|doubles
|player|p1|snailboss|hilda-wonderlauncher|1244
|player|p2|Mahdrescher|265|1410
|gen|9
|tier|[Gen 9] VGC 2025 Reg H (Bo3)
|rated|
|rule|Species Clause: Limit one of each Pokémon
|rule|Item Clause: Limit 1 of each item
|clearpoke
|poke|p1|Kingambit, L50, M|
|poke|p1|Rillaboom, L50, F|
|poke|p1|Volcarona, L50, M|
|poke|p1|Tauros-Paldea-Aqua, L50, M|
|poke|p1|Electabuzz, L50, M|
|poke|p1|Ninetales-Alola, L50, M|
|poke|p2|Rillaboom, L50, F|
|poke|p2|Electabuzz, L50, M|
|poke|p2|Archaludon, L50, M|
|poke|p2|Kingambit, L50, M|
|poke|p2|Pelipper, L50, M|
|poke|p2|Basculegion, L50, M|
|teampreview|4
|showteam|p1|Kingambit||BlackGlasses|Defiant|SuckerPunch,KowtowCleave,SwordsDance,Protect|||M|||50|,,,,,Ghost]Rillaboom||AssaultVest|GrassySurge|FakeOut,GrassyGlide,WoodHammer,HighHorsepower|||F|||50|,,,,,Fire]Volcarona||CovertCloak|FlameBody|QuiverDance,HeatWave,GigaDrain,Protect|||M|||50|,,,,,Grass]Tauros-Paldea-Aqua||GrassySeed|Intimidate|WaveCrash,BodyPress,Protect,AquaJet|||M|||50|,,,,,Fire]Electabuzz||Eviolite|VitalSpirit|HelpingHand,Thunderbolt,Protect,FollowMe|||M|||50|,,,,,Fairy]Ninetales-Alola||FocusSash|SnowWarning|Protect,Encore,FreezeDry,Disable|||M|||50|,,,,,Ghost
|showteam|p2|Rillaboom||LoadedDice|GrassySurge|BulletSeed,GrassyGlide,HighHorsepower,FakeOut|||F|||50|,,,,,Fire]Electabuzz||Eviolite|VitalSpirit|Electroweb,Taunt,FollowMe,Protect|||M|||50|,,,,,Ghost]Archaludon||AssaultVest|Stamina|ElectroShot,BodyPress,FlashCannon,DragonPulse|||M|||50|,,,,,Bug]Kingambit||BlackGlasses|Defiant|KowtowCleave,SuckerPunch,SwordsDance,Protect|||M|||50|,,,,,Dark]Pelipper||FocusSash|Drizzle|WeatherBall,Hurricane,Tailwind,Protect|||M|||50|,,,,,Ghost]Basculegion||ChoiceBand|SwiftSwim|WaveCrash,AquaJet,FlipTurn,LastRespects|||M|||50|,,,,,Grass
|inactive|Battle timer is ON: inactive players will automatically lose when time's up. (requested by snailboss)
|inactive|Mahdrescher has 60 seconds left.
|
|t:|1756411631
|teamsize|p1|4
|teamsize|p2|4
|start
|switch|p1a: Kingambit|Kingambit, L50, M|100/100
|switch|p1b: Rillaboom|Rillaboom, L50, F|100/100
|switch|p2a: Zeus|Electabuzz, L50, M|100/100
|switch|p2b: Ares|Kingambit, L50, M|100/100
|-fieldstart|move: Grassy Terrain|[from] ability: Grassy Surge|[of] p1b: Rillaboom
|turn|1
|inactive|snailboss has 30 seconds left.
|inactive|Mahdrescher has 30 seconds left.
|inactive|snailboss has 20 seconds left.
|inactive|Mahdrescher has 20 seconds left.
|
|t:|1756411667
|-terastallize|p2b: Ares|Dark
|move|p1b: Rillaboom|Fake Out|p2b: Ares
|-damage|p2b: Ares|90/100
|move|p2a: Zeus|Taunt|p1a: Kingambit
|-start|p1a: Kingambit|move: Taunt
|cant|p2b: Ares|flinch
|cant|p1a: Kingambit|move: Taunt|Swords Dance
|
|-heal|p2b: Ares|96/100|[from] Grassy Terrain
|upkeep
|turn|2
|
|t:|1756411690
|switch|p1a: Tauros|Tauros-Paldea-Aqua, L50, M|100/100
|-ability|p1a: Tauros|Intimidate|boost
|-unboost|p2a: Zeus|atk|1
|-unboost|p2b: Ares|atk|1
|-ability|p2b: Ares|Defiant|boost
|-boost|p2b: Ares|atk|2
|-enditem|p1a: Tauros|Grassy Seed
|-boost|p1a: Tauros|def|1|[from] item: Grassy Seed
|move|p2a: Zeus|Follow Me|p2a: Zeus
|-singleturn|p2a: Zeus|move: Follow Me
|move|p1b: Rillaboom|Wood Hammer|p2a: Zeus
|-damage|p2a: Zeus|46/100
|-damage|p1b: Rillaboom|85/100|[from] Recoil
|move|p2b: Ares|Swords Dance|p2b: Ares
|-boost|p2b: Ares|atk|2
|
|-heal|p2a: Zeus|52/100|[from] Grassy Terrain
|-heal|p1b: Rillaboom|91/100|[from] Grassy Terrain
|-heal|p2b: Ares|100/100|[from] Grassy Terrain
|upkeep
|turn|3
|inactive|snailboss has 30 seconds left.
|inactive|Mahdrescher has 30 seconds left.
|inactive|snailboss has 20 seconds left.
|inactive|Mahdrescher has 20 seconds left.
|inactive|snailboss has 15 seconds left.
|
|t:|1756411731
|move|p2b: Ares|Protect|p2b: Ares
|-singleturn|p2b: Ares|Protect
|move|p1a: Tauros|Body Press|p2b: Ares
|-activate|p2b: Ares|move: Protect
|move|p2a: Zeus|Electroweb|p1a: Tauros|[spread] p1a,p1b
|-supereffective|p1a: Tauros
|-resisted|p1b: Rillaboom
|-damage|p1a: Tauros|61/100
|-damage|p1b: Rillaboom|86/100
|-unboost|p1a: Tauros|spe|1
|-unboost|p1b: Rillaboom|spe|1
|move|p1b: Rillaboom|Wood Hammer|p2a: Zeus
|-damage|p2a: Zeus|0 fnt
|faint|p2a: Zeus
|-damage|p1b: Rillaboom|72/100|[from] Recoil
|
|-heal|p1a: Tauros|67/100|[from] Grassy Terrain
|-heal|p1b: Rillaboom|78/100|[from] Grassy Terrain
|upkeep
|inactive|Mahdrescher has 30 seconds left.
|
|t:|1756411758
|switch|p2a: Ikarus|Pelipper, L50, M|100/100
|-weather|RainDance|[from] ability: Drizzle|[of] p2a: Ikarus
|turn|4
|inactive|snailboss has 30 seconds left.
|
|t:|1756411792
|move|p1b: Rillaboom|Grassy Glide|p2b: Ares
|-damage|p2b: Ares|71/100
|move|p2b: Ares|Sucker Punch||[still]
|-fail|p2b: Ares
|move|p2a: Ikarus|Hurricane|p1a: Tauros
|-supereffective|p1a: Tauros
|-damage|p1a: Tauros|0 fnt
|faint|p1a: Tauros
|
|-weather|RainDance|[upkeep]
|-heal|p1b: Rillaboom|84/100|[from] Grassy Terrain
|-heal|p2b: Ares|77/100|[from] Grassy Terrain
|upkeep
|
|t:|1756411802
|switch|p1a: Ninetales|Ninetales-Alola, L50, M|100/100
|-weather|Snowscape|[from] ability: Snow Warning|[of] p1a: Ninetales
|turn|5
|inactive|Mahdrescher has 30 seconds left.
|inactive|Mahdrescher has 20 seconds left.
|
|t:|1756411841
|switch|p2a: Poseidon|Basculegion, L50, M|100/100
|-terastallize|p1b: Rillaboom|Fire
|move|p1b: Rillaboom|Grassy Glide|p2a: Poseidon
|-supereffective|p2a: Poseidon
|-damage|p2a: Poseidon|9/100
|move|p1a: Ninetales|Encore|p2b: Ares
|-start|p2b: Ares|Encore
|move|p2b: Ares|Sucker Punch||[still]
|-fail|p2b: Ares
|
|-weather|Snowscape|[upkeep]
|-heal|p2a: Poseidon|15/100|[from] Grassy Terrain
|-heal|p1b: Rillaboom|90/100|[from] Grassy Terrain
|-heal|p2b: Ares|83/100|[from] Grassy Terrain
|-fieldend|move: Grassy Terrain
|upkeep
|turn|6
|inactive|snailboss has 30 seconds left.
|inactive|Mahdrescher has 30 seconds left.
|inactive|snailboss has 20 seconds left.
|
|t:|1756411878
|switch|p1b: Kingambit|Kingambit, L50, M|100/100
|switch|p2b: Ikarus|Pelipper, L50, M|100/100
|-weather|RainDance|[from] ability: Drizzle|[of] p2b: Ikarus
|move|p2a: Poseidon|Aqua Jet|p1b: Kingambit
|-damage|p1b: Kingambit|67/100
|move|p1a: Ninetales|Disable||[still]
|-fail|p1a: Ninetales
|
|-weather|RainDance|[upkeep]
|upkeep
|turn|7
|inactive|Mahdrescher has 30 seconds left.
|
|t:|1756411909
|switch|p2a: Ares|Kingambit, L50, M, tera:Dark|83/100
|move|p1a: Ninetales|Freeze-Dry|p2a: Ares
|-damage|p2a: Ares|56/100
|move|p2b: Ikarus|Weather Ball|p1b: Kingambit
|-damage|p1b: Kingambit|2/100
|move|p1b: Kingambit|Swords Dance|p1b: Kingambit
|-boost|p1b: Kingambit|atk|2
|
|-weather|RainDance|[upkeep]
|upkeep
|turn|8
|inactive|Mahdrescher has 30 seconds left.
|inactive|Mahdrescher has 20 seconds left.
|inactive|Mahdrescher has 15 seconds left.
|
|t:|1756411950
|move|p2b: Ikarus|Protect|p2b: Ikarus
|-singleturn|p2b: Ikarus|Protect
|move|p1b: Kingambit|Sucker Punch|p2a: Ares
|-resisted|p2a: Ares
|-damage|p2a: Ares|18/100
|move|p1a: Ninetales|Freeze-Dry|p2a: Ares
|-damage|p2a: Ares|0 fnt
|faint|p2a: Ares
|
|-weather|RainDance|[upkeep]
|upkeep
|
|t:|1756411960
|switch|p2a: Poseidon|Basculegion, L50, M|15/100
|turn|9
|-message|Mahdrescher forfeited.
|
|win|snailboss
|raw|snailboss's rating: 1244 → 1280(+36 for winning)
|raw|Mahdrescher's rating: 1410 → 1381(-29 for losing)
|l|☆Mahdrescher
|player|p2|
