|j|☆ultimatecoward
|j|☆jicxy
|html|ultimatecowardjicxy    
|uhtml|bestof|Game 1 of a best-of-3
|t:|1785411802
|gametype|doubles
|player|p1|ultimatecoward|medium|1078
|player|p2|jicxy|dancer|1055
|gen|9
|tier|[Gen 9 Champions] VGC 2026 Reg M-B (Bo3)
|rated|
|rule|Species Clause: Limit one of each Pokémon
|rule|Item Clause: Limit 1 of each item
|clearpoke
|poke|p1|Maushold, L50|
|poke|p1|Sableye, L50, M|
|poke|p1|Gengar, L50, M|
|poke|p1|Kingambit, L50, M|
|poke|p1|Charizard, L50, M, shiny|
|poke|p1|Garchomp, L50, F, shiny|
|poke|p2|Tyranitar, L50, M|
|poke|p2|Zoroark-Hisui, L50, F|
|poke|p2|Sinistcha, L50|
|poke|p2|Lucario, L50, M|
|poke|p2|Rotom-Wash, L50|
|poke|p2|Garchomp, L50, M|
|teampreview|4
|showteam|p1|Maushold||KingsRock|Technician|PopulationBomb,FollowMe,Encore,Protect|Jolly|||||50|]Sableye||SitrusBerry|Prankster|Gravity,Encore,Disable,RainDance|Careful||M|||50|]Gengar||Gengarite|CursedBody|Hex,Disable,Hypnosis,Protect|Timid||M|||50|]Kingambit||FocusSash|Defiant|KowtowCleave,SuckerPunch,IronHead,LowKick|Adamant||M|||50|]Charizard||CharizarditeY|Blaze|HeatWave,FocusBlast,SolarBeam,Protect|Modest||M|||50|]Garchomp||ChoiceScarf|RoughSkin|StompingTantrum,RockSlide,DragonClaw,Earthquake|Jolly||F|||50|
|showteam|p2|Tyranitar||Tyranitarite|SandStream|Avalanche,RockSlide,Protect,LowKick|Adamant||M|||50|]Zoroark-Hisui||FocusSash|Illusion|HyperBeam,BitterMalice,NastyPlot,Protect|Timid||F|||50|]Sinistcha||Leftovers|Hospitality|MatchaGotcha,TrickRoom,StrengthSap,Protect|Relaxed|||||50|]Lucario||Lucarionite|InnerFocus|BulletPunch,CloseCombat,IcePunch,SwordsDance|Jolly||M|||50|]Rotom-Wash||ExpertBelt|Levitate|WillOWisp,VoltSwitch,HydroPump,Protect|Calm|||||50|]Garchomp||ChoiceScarf|SandVeil|Earthquake,RockSlide,DragonRush,Protect|Jolly||M|||50|
|
|t:|1785411896
|teamsize|p1|4
|teamsize|p2|4
|start
|switch|p1a: Gengar|Gengar, L50, M|100/100
|switch|p1b: Sableye|Sableye, L50, M|100/100
|switch|p2a: Rotom|Rotom-Wash, L50|100/100
|switch|p2b: Garchomp|Garchomp, L50, M|100/100
|turn|1
|
|t:|1785411939
|detailschange|p1a: Gengar|Gengar-Mega, L50, M
|-mega|p1a: Gengar|Gengar|Gengarite
|move|p1a: Gengar|Protect|p1a: Gengar
|-singleturn|p1a: Gengar|Protect
|move|p1b: Sableye|Gravity|p1b: Sableye
|-fieldstart|move: Gravity
|move|p2b: Garchomp|Earthquake|p1b: Sableye|[spread] p2a,p1b
|-activate|p1a: Gengar|move: Protect
|-supereffective|p2a: Rotom|1
|-damage|p2a: Rotom|18/100
|-damage|p1b: Sableye|49/100
|-enditem|p1b: Sableye|Sitrus Berry|[eat]
|-heal|p1b: Sableye|74/100|[from] item: Sitrus Berry
|move|p2a: Rotom|Volt Switch|p1a: Gengar
|-activate|p1a: Gengar|move: Protect
|
|upkeep
|turn|2
|
|t:|1785411962
|move|p1b: Sableye|Disable|p2b: Garchomp
|-start|p2b: Garchomp|Disable|Earthquake
|cant|p2b: Garchomp|Disable|Earthquake
|move|p1a: Gengar|Hypnosis|p2a: Rotom
|-status|p2a: Rotom|slp|[from] move: Hypnosis
|cant|p2a: Rotom|slp
|
|upkeep
|turn|3
|
|t:|1785411982
|move|p1b: Sableye|Disable|p2a: Rotom
|-start|p2a: Rotom|Disable|Volt Switch
|-activate|p2b: Garchomp|move: Struggle
|move|p2b: Garchomp|Struggle|p1a: Gengar
|-damage|p1a: Gengar|76/100
|-damage|p2b: Garchomp|75/100|[from] recoil
|move|p1a: Gengar|Hex|p2a: Rotom
|-damage|p2a: Rotom|0 fnt
|faint|p2a: Rotom
|
|upkeep
|
|t:|1785411992
|switch|p2a: Tyranitar|Tyranitar, L50, M|100/100
|-weather|Sandstorm|[from] ability: Sand Stream|[of] p2a: Tyranitar
|turn|4
|
|t:|1785412024
|switch|p1b: Kingambit|Kingambit, L50, M|100/100
|-activate|p2b: Garchomp|move: Struggle
|move|p2b: Garchomp|Struggle|p1a: Gengar
|-damage|p1a: Gengar|54/100
|-damage|p2b: Garchomp|50/100g|[from] recoil
|move|p1a: Gengar|Hypnosis|p2a: Tyranitar
|-status|p2a: Tyranitar|slp|[from] move: Hypnosis
|cant|p2a: Tyranitar|slp
|
|-weather|Sandstorm|[upkeep]
|-damage|p1a: Gengar|48/100|[from] Sandstorm
|upkeep
|turn|5
|inactive|Battle timer is ON: inactive players will automatically lose when time's up. (requested by ultimatecoward)
|
|t:|1785412073
|cant|p2a: Tyranitar|slp
|-activate|p2b: Garchomp|move: Struggle
|move|p2b: Garchomp|Struggle|p1a: Gengar
|-damage|p1a: Gengar|26/100
|-damage|p2b: Garchomp|25/100|[from] recoil
|move|p1a: Gengar|Hypnosis|p2b: Garchomp
|-status|p2b: Garchomp|slp|[from] move: Hypnosis
|move|p1b: Kingambit|Low Kick|p2a: Tyranitar
|-supereffective|p2a: Tyranitar|2
|-damage|p2a: Tyranitar|0 fnt
|faint|p2a: Tyranitar
|
|-weather|Sandstorm|[upkeep]
|-damage|p1a: Gengar|20/100y|[from] Sandstorm
|-end|p2b: Garchomp|Disable
|-fieldend|move: Gravity
|upkeep
|
|t:|1785412076
|switch|p2a: Sinistcha|Sinistcha, L50|100/100
|-heal|p2b: Garchomp|50/100g slp|[from] ability: Hospitality|[of] p2a: Sinistcha
|turn|6
|inactive|ultimatecoward has 30 seconds left.
|inactive|ultimatecoward has 20 seconds left.
|inactive|ultimatecoward has 15 seconds left.
|inactive|ultimatecoward has 10 seconds left.
|inactive|ultimatecoward has 5 seconds left.
|
|t:|1785412130
|move|p1b: Kingambit|Sucker Punch|p2b: Garchomp
|-damage|p2b: Garchomp|8/100 slp
|cant|p2b: Garchomp|slp
|move|p1a: Gengar|Hex|p2b: Garchomp|[miss]
|-miss|p1a: Gengar|p2b: Garchomp
|move|p2a: Sinistcha|Strength Sap|p1b: Kingambit
|-unboost|p1b: Kingambit|atk|1
|-ability|p1b: Kingambit|Defiant|boost
|-boost|p1b: Kingambit|atk|2
|
|-weather|Sandstorm|[upkeep]
|-damage|p1a: Gengar|14/100|[from] Sandstorm
|-damage|p2a: Sinistcha|93/100|[from] Sandstorm
|-heal|p2a: Sinistcha|100/100|[from] item: Leftovers
|upkeep
|turn|7
|inactive|ultimatecoward has 30 seconds left.
|
|t:|1785412157
|move|p1b: Kingambit|Sucker Punch|p2b: Garchomp
|-damage|p2b: Garchomp|0 fnt
|faint|p2b: Garchomp
|move|p1a: Gengar|Disable|p2a: Sinistcha
|-start|p2a: Sinistcha|Disable|Strength Sap
|move|p2a: Sinistcha|Matcha Gotcha|p1b: Kingambit|[spread] p1a,p1b
|-resisted|p1a: Gengar|1
|-resisted|p1b: Kingambit|1
|-damage|p1a: Gengar|1/100
|-damage|p1b: Kingambit|86/100
|
|-weather|Sandstorm|[upkeep]
|-damage|p1a: Gengar|0 fnt|[from] Sandstorm
|-damage|p2a: Sinistcha|93/100|[from] Sandstorm
|faint|p1a: Gengar
|-heal|p2a: Sinistcha|100/100|[from] item: Leftovers
|upkeep
|
|t:|1785412173
|switch|p1a: Garchomp|Garchomp, L50, F, shiny|100/100
|turn|8
|
|t:|1785412179
|move|p1a: Garchomp|Dragon Claw|p2a: Sinistcha
|-damage|p2a: Sinistcha|69/100
|move|p2a: Sinistcha|Matcha Gotcha|p1a: Garchomp|[spread] p1a,p1b
|-resisted|p1b: Kingambit|1
|-damage|p1a: Garchomp|74/100
|-heal|p2a: Sinistcha|83/100|[from] drain|[of] p1a: Garchomp
|-damage|p1b: Kingambit|74/100
|-heal|p2a: Sinistcha|90/100|[from] drain|[of] p1b: Kingambit
|move|p1b: Kingambit|Kowtow Cleave|p2a: Sinistcha
|-supereffective|p2a: Sinistcha|1
|-damage|p2a: Sinistcha|0 fnt
|faint|p2a: Sinistcha
|
|win|ultimatecoward
||ultimatecoward is ready for game 2.
|l|☆jicxy
|player|p2|
|inactive|jicxy has 30 seconds to confirm battle start!
||jicxy is ready for game 2.
|uhtml|next|Next: Game 2 of 3
|l|☆ultimatecoward
|player|p1|
|j|☆ultimatecoward
|player|p1|ultimatecoward|medium|
