|j|☆dogwitdaglasses
|j|☆spearow's nest
|html|dogwitdaglassesspearow's nest    
|uhtml|bestof|Game 1 of a best-of-3
|t:|1757640383
|gametype|doubles
|player|p1|dogwitdaglasses|guzma|
|player|p2|spearow's nest|lance|
|gen|9
|tier|[Gen 9] VGC 2025 Reg H (Bo3)
|rule|Species Clause: Limit one of each Pokémon
|rule|Item Clause: Limit 1 of each item
|clearpoke
|poke|p1|Rillaboom, L50, M|
|poke|p1|Dragonite, L50, M|
|poke|p1|Sneasler, L50, M|
|poke|p1|Ninetales-Alola, L50, F|
|poke|p1|Kingambit, L50, M|
|poke|p1|Volcarona, L50, F|
|poke|p2|Gholdengo, L50|
|poke|p2|Sneasler, L50, M|
|poke|p2|Rillaboom, L50, F|
|poke|p2|Dragonite, L50, M|
|poke|p2|Ninetales-Alola, L50, M|
|poke|p2|Arcanine-Hisui, L50, F|
|teampreview|4
|showteam|p1|Rillaboom||AssaultVest|GrassySurge|WoodHammer,GrassyGlide,HighHorsepower,FakeOut|||M|||50|,,,,,Fire]Dragonite||LoadedDice|Multiscale|Protect,ScaleShot,LowKick,Haze|||M|||50|,,,,,Fairy]Sneasler||WhiteHerb|Unburden|Protect,DireClaw,CloseCombat,Coaching|||M|||50|,,,,,Ghost]Ninetales-Alola||ChoiceSpecs|SnowWarning|Blizzard,IcyWind,Moonblast,FreezeDry|||F|||50|,,,,,Ghost]Kingambit||SafetyGoggles|Defiant|Protect,KowtowCleave,SuckerPunch,SwordsDance|||M|||50|,,,,,Dark]Volcarona||LumBerry|FlameBody|StruggleBug,RagePowder,Overheat,WillOWisp|||F|||50|,,,,,Fire
|showteam|p2|Gholdengo||GrassySeed|GoodasGold|NastyPlot,MakeItRain,ShadowBall,Protect||||||50|,,,,,Water]Sneasler||WhiteHerb|Unburden|CloseCombat,DireClaw,Coaching,Protect|||M|||50|,,,,,Ghost]Rillaboom||AssaultVest|GrassySurge|FakeOut,GrassyGlide,DrumBeating,HighHorsepower|||F|||50|,,,,,Fire]Dragonite||LoadedDice|Multiscale|ScaleShot,StompingTantrum,Tailwind,Protect|||M|||50|,,,,,Ground]Ninetales-Alola||FocusSash|SnowWarning|Blizzard,IcyWind,Encore,AuroraVeil|||M|||50|,,,,,Ghost]Arcanine-Hisui||ClearAmulet|Intimidate|RockSlide,FlareBlitz,ExtremeSpeed,Protect|||F|||50|,,,,,Water
|
|t:|1757640448
|teamsize|p1|4
|teamsize|p2|4
|start
|switch|p1a: Kingambit|Kingambit, L50, M|100/100
|switch|p1b: Volcarona|Volcarona, L50, F|100/100
|switch|p2a: Sneasler|Sneasler, L50, M|100/100
|switch|p2b: Dragonite|Dragonite, L50, M|100/100
|turn|1
|
|t:|1757640477
|switch|p1a: Sneasler|Sneasler, L50, M|100/100
|move|p1b: Volcarona|Will-O-Wisp|p2b: Dragonite
|-status|p2b: Dragonite|brn
|move|p2a: Sneasler|Close Combat|p1a: Sneasler
|-resisted|p1a: Sneasler
|-damage|p1a: Sneasler|50/100
|-unboost|p2a: Sneasler|def|1
|-unboost|p2a: Sneasler|spd|1
|-enditem|p2a: Sneasler|White Herb
|-clearnegativeboost|p2a: Sneasler|[silent]
|move|p2b: Dragonite|Scale Shot|p1b: Volcarona
|-damage|p1b: Volcarona|92/100
|-damage|p1b: Volcarona|83/100
|-damage|p1b: Volcarona|73/100
|-damage|p1b: Volcarona|65/100
|-hitcount|p1b: Volcarona|4
|-unboost|p2b: Dragonite|def|1
|-boost|p2b: Dragonite|spe|1
|
|-damage|p2b: Dragonite|95/100 brn|[from] brn
|upkeep
|turn|2
|
|t:|1757640513
|move|p1b: Volcarona|Rage Powder|p1b: Volcarona
|-singleturn|p1b: Volcarona|move: Rage Powder
|move|p2a: Sneasler|Dire Claw|p1b: Volcarona
|-damage|p1b: Volcarona|12/100
|-status|p1b: Volcarona|psn
|-enditem|p1b: Volcarona|Lum Berry|[eat]
|-curestatus|p1b: Volcarona|psn|[msg]
|move|p2b: Dragonite|Scale Shot|p1b: Volcarona
|-damage|p1b: Volcarona|4/100
|-damage|p1b: Volcarona|0 fnt
|faint|p1b: Volcarona
|-hitcount|p1: Volcarona|2
|-unboost|p2b: Dragonite|def|1
|-boost|p2b: Dragonite|spe|1
|move|p1a: Sneasler|Close Combat|p2b: Dragonite
|-resisted|p2b: Dragonite
|-damage|p2b: Dragonite|23/100 brn
|-unboost|p1a: Sneasler|def|1
|-unboost|p1a: Sneasler|spd|1
|-enditem|p1a: Sneasler|White Herb
|-clearnegativeboost|p1a: Sneasler|[silent]
|
|-damage|p2b: Dragonite|17/100 brn|[from] brn
|upkeep
|
|t:|1757640536
|switch|p1b: Ninetales|Ninetales-Alola, L50, F|100/100
|-weather|Snowscape|[from] ability: Snow Warning|[of] p1b: Ninetales
|turn|3
|
|t:|1757640561
|move|p1a: Sneasler|Coaching|p1b: Ninetales
|-boost|p1b: Ninetales|atk|1
|-boost|p1b: Ninetales|def|1
|move|p2a: Sneasler|Dire Claw|p1b: Ninetales
|-supereffective|p1b: Ninetales
|-damage|p1b: Ninetales|45/100
|move|p2b: Dragonite|Tailwind|p2b: Dragonite
|-sidestart|p2: spearow's nest|move: Tailwind
|move|p1b: Ninetales|Blizzard|p2a: Sneasler|[spread] p2a,p2b
|-supereffective|p2b: Dragonite
|-damage|p2a: Sneasler|49/100
|-damage|p2b: Dragonite|0 fnt
|faint|p2b: Dragonite
|
|-weather|Snowscape|[upkeep]
|upkeep
|
|t:|1757640576
|switch|p2b: Gholdengo|Gholdengo, L50|100/100
|turn|4
|
|t:|1757640602
|move|p2a: Sneasler|Close Combat|p1b: Ninetales
|-damage|p1b: Ninetales|1/100
|-unboost|p2a: Sneasler|def|1
|-unboost|p2a: Sneasler|spd|1
|move|p1a: Sneasler|Dire Claw|p2a: Sneasler
|-resisted|p2a: Sneasler
|-crit|p2a: Sneasler
|-damage|p2a: Sneasler|0 fnt
|faint|p2a: Sneasler
|move|p2b: Gholdengo|Make It Rain|p1b: Ninetales|[spread] p1a,p1b
|-supereffective|p1b: Ninetales
|-damage|p1a: Sneasler|0 fnt
|-damage|p1b: Ninetales|0 fnt
|-unboost|p2b: Gholdengo|spa|1
|faint|p1a: Sneasler
|faint|p1b: Ninetales
|
|-weather|Snowscape|[upkeep]
|upkeep
|
|t:|1757640613
|switch|p1b: Kingambit|Kingambit, L50, M|100/100
|switch|p2a: Rillaboom|Rillaboom, L50, F|100/100
|-fieldstart|move: Grassy Terrain|[from] ability: Grassy Surge|[of] p2a: Rillaboom
|-enditem|p2b: Gholdengo|Grassy Seed
|-boost|p2b: Gholdengo|def|1|[from] item: Grassy Seed
|turn|5
|
|t:|1757640622
|-terastallize|p2b: Gholdengo|Water
|move|p2a: Rillaboom|High Horsepower|p1b: Kingambit
|-supereffective|p1b: Kingambit
|-damage|p1b: Kingambit|57/100
|move|p2b: Gholdengo|Nasty Plot|p2b: Gholdengo
|-boost|p2b: Gholdengo|spa|2
|move|p1b: Kingambit|Swords Dance|p1b: Kingambit
|-boost|p1b: Kingambit|atk|2
|
|-weather|Snowscape|[upkeep]
|-heal|p1b: Kingambit|63/100|[from] Grassy Terrain
|upkeep
|turn|6
|
|t:|1757640637
|-terastallize|p1b: Kingambit|Dark
|move|p1b: Kingambit|Sucker Punch|p2b: Gholdengo
|-damage|p2b: Gholdengo|33/100
|move|p2a: Rillaboom|High Horsepower|p1b: Kingambit
|-damage|p1b: Kingambit|42/100
|move|p2b: Gholdengo|Make It Rain|p1b: Kingambit
|-damage|p1b: Kingambit|0 fnt
|-unboost|p2b: Gholdengo|spa|1
|faint|p1b: Kingambit
|
|win|spearow's nest
