|j|☆Kyrie pokemon
|j|☆GlitchXDGOAT
|html|Kyrie pokemonGlitchXDGOAT    
|uhtml|bestof|Game 1 of a best-of-3
|t:|1784623046
|gametype|doubles
|player|p1|Kyrie pokemon|101|1308
|player|p2|GlitchXDGOAT|1|1434
|gen|9
|tier|[Gen 9 Champions] VGC 2026 Reg M-B (Bo3)
|rated|
|rule|Species Clause: Limit one of each Pokémon
|rule|Item Clause: Limit 1 of each item
|clearpoke
|poke|p1|Delphox, L50, M|
|poke|p1|Sinistcha, L50|
|poke|p1|Floette-Eternal, L50, F|
|poke|p1|Garchomp, L50, M|
|poke|p1|Sneasler, L50, F|
|poke|p1|Aerodactyl, L50, F|
|poke|p2|Farigiraf, L50, M|
|poke|p2|Floette-Eternal, L50, F|
|poke|p2|Whimsicott, L50, F|
|poke|p2|Kingambit, L50, M|
|poke|p2|Charizard, L50, F|
|poke|p2|Mamoswine, L50, M|
|teampreview|4
|showteam|p1|Delphox||Delphoxite|Blaze|HeatWave,Protect,NastyPlot,Psychic|Timid||M|||50|]Sinistcha||SitrusBerry|Hospitality|MatchaGotcha,Protect,TrickRoom,RagePowder|Calm|||||50|]Floette-Eternal||Floettite|FlowerVeil|Moonblast,Protect,LightofRuin,DazzlingGleam|Timid||F|||50|]Garchomp||LifeOrb|RoughSkin|Earthquake,Protect,RockSlide,DragonClaw|Jolly||M|||50|]Sneasler||WhiteHerb|Unburden|CloseCombat,Coaching,FakeOut,DireClaw|Adamant||F|||50|]Aerodactyl||FocusSash|Unnerve|RockSlide,Protect,Tailwind,DualWingbeat|Jolly||F|||50|
|showteam|p2|Farigiraf||SitrusBerry|ArmorTail|Psychic,HelpingHand,Roar,TrickRoom|Bold||M|||50|]Floette-Eternal||Floettite|FlowerVeil|Moonblast,DrainingKiss,CalmMind,Protect|Quiet||F|||50|]Whimsicott||FairyFeather|Prankster|Moonblast,Tailwind,Encore,Protect|Timid||F|||50|]Kingambit||FocusSash|Defiant|SuckerPunch,KowtowCleave,IronHead,LowKick|Adamant||M|||50|]Charizard||CharizarditeY|Blaze|HeatWave,WeatherBall,SolarBeam,Protect|Modest||F|||50|]Mamoswine||LifeOrb|Oblivious|IceShard,HighHorsepower,RockSlide,Protect|Adamant||M|||50|
|inactive|Battle timer is ON: inactive players will automatically lose when time's up. (requested by GlitchXDGOAT)
|inactive|Kyrie pokemon has 60 seconds left.
|inactive|GlitchXDGOAT has 60 seconds left.
|
|t:|1784623105
|teamsize|p1|4
|teamsize|p2|4
|start
|switch|p1a: Delphox|Delphox, L50, M|100/100
|switch|p1b: Sinistcha|Sinistcha, L50|100/100
|switch|p2a: Mamoswine|Mamoswine, L50, M|100/100
|switch|p2b: Whimsicott|Whimsicott, L50, F|100/100
|turn|1
|inactive|Kyrie pokemon has 30 seconds left.
|inactive|Kyrie pokemon has 20 seconds left.
|inactive|Kyrie pokemon has 15 seconds left.
|inactive|Kyrie pokemon has 10 seconds left.
|
|t:|1784623153
|detailschange|p1a: Delphox|Delphox-Mega, L50, M
|-mega|p1a: Delphox|Delphox|Delphoxite
|move|p2a: Mamoswine|Protect|p2a: Mamoswine
|-singleturn|p2a: Mamoswine|Protect
|move|p2b: Whimsicott|Tailwind|p2b: Whimsicott
|-sidestart|p2: GlitchXDGOAT|move: Tailwind
|move|p1a: Delphox|Nasty Plot|p1a: Delphox
|-boost|p1a: Delphox|spa|2
|move|p1b: Sinistcha|Matcha Gotcha|p2a: Mamoswine|[spread] p2b
|-activate|p2a: Mamoswine|move: Protect
|-resisted|p2b: Whimsicott|1
|-damage|p2b: Whimsicott|81/100
|-status|p2b: Whimsicott|brn
|
|-damage|p2b: Whimsicott|75/100 brn|[from] brn
|upkeep
|turn|2
|
|t:|1784623176
|move|p1a: Delphox|Protect|p1a: Delphox
|-singleturn|p1a: Delphox|Protect
|move|p2b: Whimsicott|Encore|p1a: Delphox
|-activate|p1a: Delphox|move: Protect
|move|p2a: Mamoswine|Ice Shard|p1b: Sinistcha
|-supereffective|p1b: Sinistcha|1
|-damage|p1b: Sinistcha|50/100g
|-damage|p2a: Mamoswine|90/100|[from] item: Life Orb
|move|p1b: Sinistcha|Trick Room|p1b: Sinistcha
|-fieldstart|move: Trick Room|[of] p1b: Sinistcha
|
|-damage|p2b: Whimsicott|69/100 brn|[from] brn
|upkeep
|turn|3
|
|t:|1784623195
|move|p1b: Sinistcha|Rage Powder|p1b: Sinistcha
|-singleturn|p1b: Sinistcha|move: Rage Powder
|move|p2a: Mamoswine|Ice Shard|p1b: Sinistcha
|-supereffective|p1b: Sinistcha|1
|-damage|p1b: Sinistcha|0 fnt
|faint|p1b: Sinistcha
|-damage|p2a: Mamoswine|80/100|[from] item: Life Orb
|move|p2b: Whimsicott|Encore|p1a: Delphox
|-start|p1a: Delphox|Encore
|move|p1a: Delphox|Protect||[still]
|-fail|p1a: Delphox
|
|-damage|p2b: Whimsicott|63/100 brn|[from] brn
|upkeep
|
|t:|1784623211
|switch|p1b: Sneasler|Sneasler, L50, F|100/100
|turn|4
|c|☆GlitchXDGOAT|Btw Whimsicott ignores rage powder
|
|t:|1784623229
|switch|p1a: Aerodactyl|Aerodactyl, L50, F|100/100
|-ability|p1a: Aerodactyl|Unnerve
|move|p1b: Sneasler|Dire Claw|p2b: Whimsicott
|-supereffective|p2b: Whimsicott|2
|-damage|p2b: Whimsicott|0 fnt
|faint|p2b: Whimsicott
|move|p2a: Mamoswine|High Horsepower|p1b: Sneasler
|-supereffective|p1b: Sneasler|1
|-damage|p1b: Sneasler|0 fnt
|faint|p1b: Sneasler
|-damage|p2a: Mamoswine|70/100|[from] item: Life Orb
|
|-sideend|p2: GlitchXDGOAT|move: Tailwind
|upkeep
|
|t:|1784623245
|switch|p1b: Delphox|Delphox-Mega, L50, M|100/100
|switch|p2b: Kingambit|Kingambit, L50, M|100/100
|turn|5
|
|t:|1784623258
|move|p1a: Aerodactyl|Protect|p1a: Aerodactyl
|-singleturn|p1a: Aerodactyl|Protect
|move|p2a: Mamoswine|Rock Slide|p1b: Delphox|[spread] 
|-activate|p1a: Aerodactyl|move: Protect
|-miss|p2a: Mamoswine|p1b: Delphox
|move|p2b: Kingambit|Iron Head|p1a: Aerodactyl
|-activate|p1a: Aerodactyl|move: Protect
|move|p1b: Delphox|Heat Wave|p2a: Mamoswine|[spread] p2b
|-miss|p1b: Delphox|p2a: Mamoswine
|-supereffective|p2b: Kingambit|1
|-enditem|p2b: Kingambit|Focus Sash
|-damage|p2b: Kingambit|1/100
|
|upkeep
|turn|6
|inactive|Kyrie pokemon has 30 seconds left.
|inactive|Kyrie pokemon has 20 seconds left.
|inactive|Kyrie pokemon has 15 seconds left.
|
|t:|1784623302
|move|p1b: Delphox|Protect|p1b: Delphox
|-singleturn|p1b: Delphox|Protect
|move|p2a: Mamoswine|Rock Slide|p1b: Delphox|[spread] p1a
|-activate|p1b: Delphox|move: Protect
|-supereffective|p1a: Aerodactyl|1
|-damage|p1a: Aerodactyl|3/100
|-damage|p2a: Mamoswine|61/100|[from] item: Life Orb
|move|p2b: Kingambit|Iron Head|p1a: Aerodactyl
|-supereffective|p1a: Aerodactyl|1
|-damage|p1a: Aerodactyl|0 fnt
|faint|p1a: Aerodactyl
|
|-fieldend|move: Trick Room
|upkeep
|turn|7
|
|t:|1784623318
|move|p2b: Kingambit|Sucker Punch|p1b: Delphox
|-supereffective|p1b: Delphox|1
|-damage|p1b: Delphox|0 fnt
|faint|p1b: Delphox
|
|win|GlitchXDGOAT
|c|☆GlitchXDGOAT|GG
||Kyrie pokemon is ready for game 2.
||GlitchXDGOAT is ready for game 2.
|uhtml|next|Next: Game 2 of 3
