|j|☆Axo of DOOM
|j|☆eklyst
|html|Axo of DOOMeklyst    
|uhtml|bestof|Game 2 of a best-of-3
|t:|1785612501
|gametype|doubles
|player|p1|Axo of DOOM|crasherwake|1267
|player|p2|eklyst|pokemaniac|1171
|gen|9
|tier|[Gen 9 Champions] VGC 2026 Reg M-B (Bo3)
|rated|
|rule|Species Clause: Limit one of each Pokémon
|rule|Item Clause: Limit 1 of each item
|clearpoke
|poke|p1|Tyranitar, L50, M|
|poke|p1|Excadrill, L50, M|
|poke|p1|Milotic, L50, M|
|poke|p1|Sinistcha, L50|
|poke|p1|Staraptor, L50, M|
|poke|p1|Gholdengo, L50|
|poke|p2|Metagross, L50|
|poke|p2|Floette-Eternal, L50, F|
|poke|p2|Garchomp, L50, M|
|poke|p2|Aerodactyl, L50, M|
|poke|p2|Sinistcha, L50|
|poke|p2|Incineroar, L50, F|
|teampreview|4
|showteam|p1|Tyranitar||Tyranitarite|SandStream|KnockOff,RockSlide,LowKick,Protect|Jolly||M|||50|]Excadrill||FocusSash|SandRush|HighHorsepower,IronHead,RockSlide,Protect|Adamant||M|||50|]Milotic||SitrusBerry|Competitive|Scald,IcyWind,IceBeam,Protect|Calm||M|||50|]Sinistcha||ColburBerry|Hospitality|MatchaGotcha,ShadowBall,Protect,RagePowder|Bold|||||50|]Staraptor||Staraptite|Intimidate|CloseCombat,BraveBird,Tailwind,Protect|Jolly||M|||50|]Gholdengo||LifeOrb|GoodasGold|MakeItRain,ShadowBall,NastyPlot,Protect|Modest|||||50|
|showteam|p2|Metagross||Metagrossite|ClearBody|PsychicFangs,IronHead,BulletPunch,Protect|Adamant|||||50|]Floette-Eternal||Floettite|FlowerVeil|DazzlingGleam,Moonblast,CalmMind,Protect|Modest||F|||50|]Garchomp||LifeOrb|RoughSkin|RockSlide,StompingTantrum,DragonClaw,Protect|Jolly||M|||50|]Aerodactyl||FocusSash|Unnerve|RockSlide,DualWingbeat,Tailwind,Protect|Jolly||M|||50|]Sinistcha||KasibBerry|Hospitality|MatchaGotcha,TrickRoom,RagePowder,Protect|Relaxed|||||50|]Incineroar||SitrusBerry|Intimidate|FakeOut,FlareBlitz,Taunt,PartingShot|Adamant||F|||50|
|inactive|Battle timer is ON: inactive players will automatically lose when time's up. (requested by eklyst)
|
|t:|1785612527
|teamsize|p1|4
|teamsize|p2|4
|start
|switch|p1a: Gholdengo|Gholdengo, L50|100/100
|switch|p1b: Tyranitar|Tyranitar, L50, M|100/100
|switch|p2a: Aerodactyl|Aerodactyl, L50, M|100/100
|switch|p2b: Floette|Floette-Eternal, L50, F|100/100
|-ability|p2a: Aerodactyl|Unnerve
|-weather|Sandstorm|[from] ability: Sand Stream|[of] p1b: Tyranitar
|turn|1
|
|t:|1785612548
|switch|p2b: Garchomp|Garchomp, L50, M|100/100
|move|p2a: Aerodactyl|Tailwind|p2a: Aerodactyl
|-sidestart|p2: eklyst|move: Tailwind
|move|p1a: Gholdengo|Nasty Plot|p1a: Gholdengo
|-boost|p1a: Gholdengo|spa|2
|move|p1b: Tyranitar|Rock Slide|p2b: Garchomp|[spread] p2a,p2b
|-supereffective|p2a: Aerodactyl|1
|-resisted|p2b: Garchomp|1
|-enditem|p2a: Aerodactyl|Focus Sash
|-damage|p2a: Aerodactyl|1/100
|-damage|p2b: Garchomp|85/100
|
|-weather|Sandstorm|[upkeep]
|upkeep
|turn|2
|
|t:|1785612571
|switch|p2a: Floette|Floette-Eternal, L50, F|100/100
|move|p1a: Gholdengo|Protect|p1a: Gholdengo
|-singleturn|p1a: Gholdengo|Protect
|move|p2b: Garchomp|Stomping Tantrum|p1a: Gholdengo
|-activate|p1a: Gholdengo|move: Protect
|move|p1b: Tyranitar|Knock Off|p2b: Garchomp
|-crit|p2b: Garchomp
|-damage|p2b: Garchomp|12/100
|-damage|p1b: Tyranitar|87/100|[from] ability: Rough Skin|[of] p2b: Garchomp
|-enditem|p2b: Garchomp|Life Orb|[from] move: Knock Off|[of] p1b: Tyranitar
|
|-weather|Sandstorm|[upkeep]
|-damage|p2a: Floette|93/100|[from] Sandstorm
|upkeep
|turn|3
|inactive|Axo of DOOM has 30 seconds left.
|inactive|eklyst has 30 seconds left.
|inactive|Axo of DOOM has 20 seconds left.
|
|t:|1785612607
|switch|p1b: Sinistcha|Sinistcha, L50|100/100
|detailschange|p2a: Floette|Floette-Mega, L50, F
|-mega|p2a: Floette|Floette|Floettite
|-ability|p2a: Floette|Fairy Aura
|move|p1a: Gholdengo|Protect||[still]
|-fail|p1a: Gholdengo
|move|p2b: Garchomp|Stomping Tantrum|p1a: Gholdengo
|-supereffective|p1a: Gholdengo|1
|-damage|p1a: Gholdengo|19/100
|move|p2a: Floette|Moonblast|p1b: Sinistcha
|-damage|p1b: Sinistcha|12/100
|
|-weather|Sandstorm|[upkeep]
|-damage|p2a: Floette|87/100|[from] Sandstorm
|-damage|p1b: Sinistcha|6/100|[from] Sandstorm
|upkeep
|turn|4
|
|t:|1785612626
|switch|p2b: Aerodactyl|Aerodactyl, L50, M|1/100
|-ability|p2b: Aerodactyl|Unnerve
|move|p1a: Gholdengo|Protect|p1a: Gholdengo
|-singleturn|p1a: Gholdengo|Protect
|move|p1b: Sinistcha|Protect|p1b: Sinistcha
|-singleturn|p1b: Sinistcha|Protect
|move|p2a: Floette|Dazzling Gleam|p1a: Gholdengo|[spread] 
|-activate|p1a: Gholdengo|move: Protect
|-activate|p1b: Sinistcha|move: Protect
|
|-weather|Sandstorm|[upkeep]
|-damage|p2a: Floette|81/100|[from] Sandstorm
|-damage|p1b: Sinistcha|0 fnt|[from] Sandstorm
|faint|p1b: Sinistcha
|-sideend|p2: eklyst|move: Tailwind
|upkeep
|
|t:|1785612640
|switch|p1b: Excadrill|Excadrill, L50, M|100/100
|turn|5
|
|t:|1785612649
|switch|p2b: Incineroar|Incineroar, L50, F|100/100
|-ability|p2b: Incineroar|Intimidate|boost
|-unboost|p1a: Gholdengo|atk|1
|-unboost|p1b: Excadrill|atk|1
|move|p2a: Floette|Protect|p2a: Floette
|-singleturn|p2a: Floette|Protect
|move|p1b: Excadrill|Rock Slide|p2b: Incineroar|[spread] p2b
|-activate|p2a: Floette|move: Protect
|-supereffective|p2b: Incineroar|1
|-damage|p2b: Incineroar|70/100
|move|p1a: Gholdengo|Make It Rain|p2b: Incineroar|[spread] p2b
|-activate|p2a: Floette|move: Protect
|-resisted|p2b: Incineroar|1
|-damage|p2b: Incineroar|12/100
|-unboost|p1a: Gholdengo|spa|2
|-enditem|p2b: Incineroar|Sitrus Berry|[eat]
|-heal|p2b: Incineroar|37/100|[from] item: Sitrus Berry
|-damage|p1a: Gholdengo|10/100|[from] item: Life Orb
|
|-weather|none
|upkeep
|turn|6
|
|t:|1785612672
|switch|p1b: Tyranitar|Tyranitar, L50, M|87/100
|-weather|Sandstorm|[from] ability: Sand Stream|[of] p1b: Tyranitar
|move|p2b: Incineroar|Fake Out|p1b: Tyranitar
|-resisted|p1b: Tyranitar|1
|-damage|p1b: Tyranitar|81/100
|move|p1a: Gholdengo|Make It Rain|p2a: Floette|[spread] p2a,p2b
|-supereffective|p2a: Floette|1
|-resisted|p2b: Incineroar|1
|-damage|p2a: Floette|0 fnt
|-damage|p2b: Incineroar|11/100
|-unboost|p1a: Gholdengo|spa|2
|faint|p2a: Floette
|-damage|p1a: Gholdengo|1/100|[from] item: Life Orb
|
|-weather|Sandstorm|[upkeep]
|-damage|p2b: Incineroar|5/100|[from] Sandstorm
|upkeep
|
|t:|1785612687
|switch|p2a: Garchomp|Garchomp, L50, M|12/100
|turn|7
|
|t:|1785612697
|move|p2a: Garchomp|Protect|p2a: Garchomp
|-singleturn|p2a: Garchomp|Protect
|move|p1b: Tyranitar|Protect|p1b: Tyranitar
|-singleturn|p1b: Tyranitar|Protect
|move|p1a: Gholdengo|Make It Rain|p2b: Incineroar|[spread] p2b
|-activate|p2a: Garchomp|move: Protect
|-resisted|p2b: Incineroar|1
|-damage|p2b: Incineroar|0 fnt
|-unboost|p1a: Gholdengo|spa|2
|faint|p2b: Incineroar
|-damage|p1a: Gholdengo|0 fnt|[from] item: Life Orb
|faint|p1a: Gholdengo
|
|-weather|Sandstorm|[upkeep]
|upkeep
|
|t:|1785612707
|switch|p1a: Excadrill|Excadrill, L50, M|100/100
|switch|p2b: Aerodactyl|Aerodactyl, L50, M|1/100
|-ability|p2b: Aerodactyl|Unnerve
|turn|8
|
|t:|1785612716
|move|p1a: Excadrill|Iron Head|p2a: Garchomp
|-damage|p2a: Garchomp|0 fnt
|-damage|p1a: Excadrill|87/100|[from] ability: Rough Skin|[of] p2a: Garchomp
|faint|p2a: Garchomp
|move|p2b: Aerodactyl|Tailwind|p2b: Aerodactyl
|-sidestart|p2: eklyst|move: Tailwind
|move|p1b: Tyranitar|Knock Off|p2b: Aerodactyl
|-damage|p2b: Aerodactyl|0 fnt
|faint|p2b: Aerodactyl
|
|win|Axo of DOOM
||eklyst is ready for game 3.
||Axo of DOOM is ready for game 3.
|uhtml|next|Next: Game 3 of 3
