|j|☆DarkKnightLabs
|j|☆washingtongargacha
|html|DarkKnightLabswashingtongargacha    
|uhtml|bestof|Game 2 of a best-of-3
|t:|1757183448
|gametype|doubles
|player|p1|DarkKnightLabs|red|1138
|player|p2|washingtongargacha|169|1128
|gen|9
|tier|[Gen 9] VGC 2025 Reg H (Bo3)
|rated|
|rule|Species Clause: Limit one of each Pokémon
|rule|Item Clause: Limit 1 of each item
|clearpoke
|poke|p1|Incineroar, L50, M|
|poke|p1|Amoonguss, L50, F|
|poke|p1|Palafin, L50, M|
|poke|p1|Ursaluna-Bloodmoon, L50, M|
|poke|p1|Kilowattrel, L50, F|
|poke|p1|Archaludon, L50, F|
|poke|p2|Talonflame, L50, M|
|poke|p2|Gholdengo, L50|
|poke|p2|Dragonite, L50, F|
|poke|p2|Archaludon, L50, M|
|poke|p2|Tyranitar, L50, M|
|poke|p2|Garchomp, L50, F|
|teampreview|4
|showteam|p1|Incineroar||SafetyGoggles|Intimidate|FakeOut,PartingShot,KnockOff,FlareBlitz|||M|||50|,,,,,Ghost]Amoonguss||SitrusBerry|Regenerator|Spore,RagePowder,SludgeBomb,Protect|||F|||50|,,,,,Water]Palafin||MysticWater|ZerotoHero|Protect,JetPunch,WaveCrash,CloseCombat|||M|||50|,,,,,Water]Ursaluna-Bloodmoon||LifeOrb|MindsEye|BloodMoon,HyperVoice,EarthPower,Protect|||M|||50|,,,,,Normal]Kilowattrel||FocusSash|Competitive|Tailwind,Thunderbolt,AirSlash,Protect|||F|||50|,,,,,Ghost]Archaludon||PowerHerb|Sturdy|ElectroShot,DragonPulse,FlashCannon,Protect|||F|||50|,,,,,Electric
|showteam|p2|Talonflame||CovertCloak|GaleWings|Tailwind,DualWingbeat,Taunt,FlareBlitz|||M|||50|,,,,,Ghost]Gholdengo||ChoiceSpecs|GoodasGold|MakeItRain,SteelBeam,ShadowBall,PowerGem||||||50|,,,,,Flying]Dragonite||LoadedDice|Multiscale|ScaleShot,IceSpinner,Haze,Protect|||F|||50|,,,,,Steel]Archaludon||PowerHerb|Sturdy|FlashCannon,ElectroShot,DracoMeteor,Protect|||M|||50|,,,,,Flying]Tyranitar||AssaultVest|SandStream|KnockOff,RockSlide,TeraBlast,LowKick|||M|||50|,,,,,Flying]Garchomp||LifeOrb|RoughSkin|DragonClaw,StompingTantrum,Earthquake,Protect|||F|||50|,,,,,Steel
|inactive|Battle timer is ON: inactive players will automatically lose when time's up. (requested by DarkKnightLabs)
|inactive|washingtongargacha has 60 seconds left.
|
|t:|1757183518
|teamsize|p1|4
|teamsize|p2|4
|start
|switch|p1a: Incineroar|Incineroar, L50, M|100/100
|switch|p1b: Palafin|Palafin, L50, M|100/100
|switch|p2a: Talonflame|Talonflame, L50, M|100/100
|switch|p2b: Gholdengo|Gholdengo, L50|100/100
|-ability|p1a: Incineroar|Intimidate|boost
|-unboost|p2a: Talonflame|atk|1
|-unboost|p2b: Gholdengo|atk|1
|turn|1
|inactive|DarkKnightLabs has 30 seconds left.
|
|t:|1757183549
|detailschange|p1b: Palafin|Palafin-Hero, L50, M
|switch|p1b: Amoonguss|Amoonguss, L50, F|100/100
|switch|p2b: Garchomp|Garchomp, L50, F|100/100
|move|p2a: Talonflame|Flare Blitz|p1b: Amoonguss
|-supereffective|p1b: Amoonguss
|-damage|p1b: Amoonguss|48/100
|-enditem|p1b: Amoonguss|Sitrus Berry|[eat]
|-heal|p1b: Amoonguss|73/100|[from] item: Sitrus Berry
|-damage|p2a: Talonflame|79/100|[from] Recoil
|move|p1a: Incineroar|Flare Blitz|p2b: Garchomp
|-resisted|p2b: Garchomp
|-damage|p2b: Garchomp|79/100
|-damage|p1a: Incineroar|88/100|[from] ability: Rough Skin|[of] p2b: Garchomp
|-damage|p1a: Incineroar|82/100|[from] Recoil
|
|upkeep
|turn|2
|inactive|DarkKnightLabs has 30 seconds left.
|inactive|washingtongargacha has 30 seconds left.
|inactive|washingtongargacha has 20 seconds left.
|
|t:|1757183589
|move|p2b: Garchomp|Protect|p2b: Garchomp
|-singleturn|p2b: Garchomp|Protect
|move|p1b: Amoonguss|Rage Powder|p1b: Amoonguss
|-singleturn|p1b: Amoonguss|move: Rage Powder
|move|p2a: Talonflame|Dual Wingbeat|p1b: Amoonguss
|-supereffective|p1b: Amoonguss
|-damage|p1b: Amoonguss|56/100
|-supereffective|p1b: Amoonguss
|-damage|p1b: Amoonguss|37/100
|-hitcount|p1b: Amoonguss|2
|move|p1a: Incineroar|Parting Shot|p2b: Garchomp
|-activate|p2b: Garchomp|move: Protect
|
|upkeep
|turn|3
|inactive|washingtongargacha has 30 seconds left.
|
|t:|1757183623
|move|p1b: Amoonguss|Rage Powder|p1b: Amoonguss
|-singleturn|p1b: Amoonguss|move: Rage Powder
|move|p2a: Talonflame|Flare Blitz|p1b: Amoonguss
|-supereffective|p1b: Amoonguss
|-damage|p1b: Amoonguss|0 fnt
|faint|p1b: Amoonguss
|-damage|p2a: Talonflame|65/100|[from] Recoil
|move|p2b: Garchomp|Earthquake|p1a: Incineroar|[spread] p1a
|-immune|p2a: Talonflame
|-supereffective|p1a: Incineroar
|-damage|p1a: Incineroar|8/100
|-damage|p2b: Garchomp|69/100|[from] item: Life Orb
|move|p1a: Incineroar|Parting Shot|p2b: Garchomp
|-unboost|p2b: Garchomp|atk|1
|-unboost|p2b: Garchomp|spa|1
|
|t:|1757183637
|switch|p1a: Palafin|Palafin-Hero, L50, M|100/100|[from] Parting Shot
|-activate|p1a: Palafin|ability: Zero to Hero
|
|upkeep
|
|t:|1757183650
|switch|p1b: Incineroar|Incineroar, L50, M|8/100
|-ability|p1b: Incineroar|Intimidate|boost
|-unboost|p2a: Talonflame|atk|1
|-unboost|p2b: Garchomp|atk|1
|turn|4
|
|t:|1757183660
|switch|p2b: Dragonite|Dragonite, L50, F|100/100
|-terastallize|p1a: Palafin|Water
|move|p1b: Incineroar|Fake Out|p2b: Dragonite
|-damage|p2b: Dragonite|95/100
|move|p1a: Palafin|Jet Punch|p2a: Talonflame
|-supereffective|p2a: Talonflame
|-damage|p2a: Talonflame|0 fnt
|faint|p2a: Talonflame
|
|upkeep
|
|t:|1757183675
|switch|p2a: Garchomp|Garchomp, L50, F|69/100
|turn|5
|
|t:|1757183697
|move|p2a: Garchomp|Protect|p2a: Garchomp
|-singleturn|p2a: Garchomp|Protect
|move|p1a: Palafin|Wave Crash|p2a: Garchomp
|-activate|p2a: Garchomp|move: Protect
|move|p2b: Dragonite|Scale Shot|p1a: Palafin
|-damage|p1a: Palafin|84/100
|-damage|p1a: Palafin|69/100
|-damage|p1a: Palafin|51/100
|-crit|p1a: Palafin
|-damage|p1a: Palafin|27/100
|-damage|p1a: Palafin|11/100
|-hitcount|p1a: Palafin|5
|-unboost|p2b: Dragonite|def|1
|-boost|p2b: Dragonite|spe|1
|move|p1b: Incineroar|Knock Off|p2b: Dragonite
|-damage|p2b: Dragonite|26/100
|-enditem|p2b: Dragonite|Loaded Dice|[from] move: Knock Off|[of] p1b: Incineroar
|
|upkeep
|turn|6
|inactive|washingtongargacha has 30 seconds left.
|
|t:|1757183729
|-terastallize|p2a: Garchomp|Steel
|move|p2b: Dragonite|Protect|p2b: Dragonite
|-singleturn|p2b: Dragonite|Protect
|move|p2a: Garchomp|Earthquake|p1a: Palafin|[spread] p1a,p1b
|-activate|p2b: Dragonite|move: Protect
|-supereffective|p1b: Incineroar
|-damage|p1a: Palafin|0 fnt
|-damage|p1b: Incineroar|0 fnt
|faint|p1a: Palafin
|faint|p1b: Incineroar
|-damage|p2a: Garchomp|59/100|[from] item: Life Orb
|
|upkeep
|
|t:|1757183737
|switch|p1b: Ursaluna|Ursaluna-Bloodmoon, L50, M|100/100
|turn|7
|inactive|washingtongargacha has 30 seconds left.
|
|t:|1757183768
|move|p2b: Dragonite|Ice Spinner|p1b: Ursaluna
|-supereffective|p1b: Ursaluna
|-damage|p1b: Ursaluna|54/100
|move|p2a: Garchomp|Dragon Claw|p1b: Ursaluna
|-damage|p1b: Ursaluna|17/100
|-damage|p2a: Garchomp|49/100|[from] item: Life Orb
|move|p1b: Ursaluna|Earth Power|p2a: Garchomp
|-supereffective|p2a: Garchomp
|-damage|p2a: Garchomp|0 fnt
|faint|p2a: Garchomp
|-damage|p1b: Ursaluna|7/100|[from] item: Life Orb
|
|upkeep
|-message|DarkKnightLabs forfeited.
|
|win|washingtongargacha
