|j|☆TetheredAvian74
|j|☆teyvgc
|html|TetheredAvian74teyvgc    
|uhtml|bestof|Game 1 of a best-of-3
|t:|1785304882
|gametype|doubles
|player|p1|TetheredAvian74|266|1170
|player|p2|teyvgc|rood|1142
|gen|9
|tier|[Gen 9 Champions] VGC 2026 Reg M-B (Bo3)
|rated|
|rule|Species Clause: Limit one of each Pokémon
|rule|Item Clause: Limit 1 of each item
|clearpoke
|poke|p1|Pelipper, L50, F|
|poke|p1|Talonflame, L50, F|
|poke|p1|Sinistcha, L50|
|poke|p1|Blastoise, L50, F|
|poke|p1|Archaludon, L50, F|
|poke|p1|Raichu, L50, M|
|poke|p2|Kingambit, L50, F|
|poke|p2|Garchomp, L50, F|
|poke|p2|Farigiraf, L50, F|
|poke|p2|Charizard, L50, M|
|poke|p2|Sylveon, L50, F|
|poke|p2|Aerodactyl, L50, M|
|teampreview|4
|showteam|p1|Pelipper||MentalHerb|Drizzle|Roost,WideGuard,Hurricane,WeatherBall|Modest||F|||50|]Talonflame||SharpBeak|GaleWings|DualWingbeat,Tailwind,TemperFlare,Protect|Jolly||F|||50|]Sinistcha||SitrusBerry|Hospitality|RagePowder,LifeDew,MatchaGotcha,Protect|Calm|||||50|]Blastoise||Blastoisinite|RainDish|ShellSmash,WaterSpout,DarkPulse,Protect|Modest||F|||50|]Archaludon||Leftovers|Stamina|ElectroShot,DragonPulse,AuraSphere,Protect|Calm||F|||50|]Raichu||RaichuniteX|LightningRod|FakeOut,VoltTackle,KnockOff,BrickBreak|Jolly||M|||50|
|showteam|p2|Kingambit||BlackGlasses|Defiant|Protect,IronHead,SuckerPunch,KowtowCleave|Brave||F|||50|]Garchomp||LifeOrb|RoughSkin|DragonClaw,Earthquake,RockSlide,Protect|Jolly||F|||50|]Farigiraf||SitrusBerry|ArmorTail|TwinBeam,Thunderbolt,TrickRoom,HelpingHand|Bold||F|||50|]Charizard||CharizarditeY|Blaze|Protect,HeatWave,SolarBeam,WeatherBall|Modest||M|||50|]Sylveon||FairyFeather|Pixilate|Detect,HyperBeam,HyperVoice,QuickAttack|Modest||F|||50|]Aerodactyl||Aerodactylite|Unnerve|WideGuard,RockSlide,DualWingbeat,Tailwind|Jolly||M|||50|
|inactive|Battle timer is ON: inactive players will automatically lose when time's up. (requested by TetheredAvian74)
|inactive|teyvgc has 60 seconds left.
|
|t:|1785304924
|teamsize|p1|4
|teamsize|p2|4
|start
|switch|p1a: Raichu|Raichu, L50, M|100/100
|switch|p1b: Archaludon|Archaludon, L50, F|100/100
|switch|p2a: Obsession|Aerodactyl, L50, M|100/100
|switch|p2b: Ian|Garchomp, L50, F|100/100
|-ability|p2a: Obsession|Unnerve
|turn|1
|
|t:|1785304942
|switch|p1a: Pelipper|Pelipper, L50, F|100/100
|-weather|RainDance|[from] ability: Drizzle|[of] p1a: Pelipper
|move|p2a: Obsession|Tailwind|p2a: Obsession
|-sidestart|p2: teyvgc|move: Tailwind
|move|p2b: Ian|Earthquake|p1a: Pelipper|[spread] p1b
|-immune|p2a: Obsession
|-immune|p1a: Pelipper
|-supereffective|p1b: Archaludon|1
|-damage|p1b: Archaludon|20/100y
|-ability|p1b: Archaludon|Stamina|boost
|-boost|p1b: Archaludon|def|1
|-damage|p2b: Ian|90/100|[from] item: Life Orb
|move|p1b: Archaludon|Electro Shot||[still]
|-prepare|p1b: Archaludon|Electro Shot
|-boost|p1b: Archaludon|spa|1
|-anim|p1b: Archaludon|Electro Shot|p2a: Obsession
|-supereffective|p2a: Obsession|1
|-damage|p2a: Obsession|0 fnt
|faint|p2a: Obsession
|
|-weather|RainDance|[upkeep]
|-heal|p1b: Archaludon|26/100|[from] item: Leftovers
|upkeep
|
|t:|1785304954
|switch|p2a: Nikki|Charizard, L50, M|100/100
|turn|2
|
|t:|1785304974
|detailschange|p2a: Nikki|Charizard-Mega-Y, L50, M
|-mega|p2a: Nikki|Charizard|Charizardite Y
|-weather|SunnyDay|[from] ability: Drought|[of] p2a: Nikki
|move|p1b: Archaludon|Protect|p1b: Archaludon
|-singleturn|p1b: Archaludon|Protect
|move|p2b: Ian|Dragon Claw|p1b: Archaludon
|-activate|p1b: Archaludon|move: Protect
|move|p2a: Nikki|Heat Wave|p1b: Archaludon|[spread] p1a
|-activate|p1b: Archaludon|move: Protect
|-resisted|p1a: Pelipper|1
|-damage|p1a: Pelipper|69/100
|move|p1a: Pelipper|Hurricane|p2b: Ian
|-damage|p2b: Ian|42/100
|
|-weather|SunnyDay|[upkeep]
|-heal|p1b: Archaludon|32/100|[from] item: Leftovers
|upkeep
|turn|3
|inactive|TetheredAvian74 has 30 seconds left.
|
|t:|1785305004
|switch|p1b: Raichu|Raichu, L50, M|100/100
|move|p2b: Ian|Dragon Claw|p1a: Pelipper
|-damage|p1a: Pelipper|14/100
|-damage|p2b: Ian|33/100|[from] item: Life Orb
|move|p2a: Nikki|Weather Ball|p1b: Raichu
|-damage|p1b: Raichu|0 fnt
|faint|p1b: Raichu
|move|p1a: Pelipper|Roost|p1a: Pelipper
|-heal|p1a: Pelipper|65/100
|-singleturn|p1a: Pelipper|move: Roost
|
|-weather|SunnyDay|[upkeep]
|upkeep
|
|t:|1785305019
|switch|p1b: Blastoise|Blastoise, L50, F|100/100
|turn|4
|
|t:|1785305034
|detailschange|p1b: Blastoise|Blastoise-Mega, L50, F
|-mega|p1b: Blastoise|Blastoise|Blastoisinite
|move|p1a: Pelipper|Wide Guard|p1a: Pelipper
|-singleturn|p1a: Pelipper|Wide Guard
|move|p2b: Ian|Dragon Claw|p1a: Pelipper
|-damage|p1a: Pelipper|11/100
|-damage|p2b: Ian|23/100|[from] item: Life Orb
|move|p2a: Nikki|Solar Beam||[still]
|-prepare|p2a: Nikki|Solar Beam
|-anim|p2a: Nikki|Solar Beam|p1b: Blastoise
|-supereffective|p1b: Blastoise|1
|-damage|p1b: Blastoise|23/100
|move|p1b: Blastoise|Shell Smash|p1b: Blastoise
|-unboost|p1b: Blastoise|def|1
|-unboost|p1b: Blastoise|spd|1
|-boost|p1b: Blastoise|atk|2
|-boost|p1b: Blastoise|spa|2
|-boost|p1b: Blastoise|spe|2
|
|-weather|SunnyDay|[upkeep]
|-sideend|p2: teyvgc|move: Tailwind
|upkeep
|turn|5
|
|t:|1785305053
|switch|p1a: Archaludon|Archaludon, L50, F|32/100
|move|p1b: Blastoise|Protect|p1b: Blastoise
|-singleturn|p1b: Blastoise|Protect
|move|p2a: Nikki|Protect|p2a: Nikki
|-singleturn|p2a: Nikki|Protect
|move|p2b: Ian|Rock Slide|p1a: Archaludon|[spread] p1a
|-activate|p1b: Blastoise|move: Protect
|-resisted|p1a: Archaludon|1
|-damage|p1a: Archaludon|23/100
|-ability|p1a: Archaludon|Stamina|boost
|-boost|p1a: Archaludon|def|1
|-damage|p2b: Ian|13/100|[from] item: Life Orb
|
|-weather|SunnyDay|[upkeep]
|-heal|p1a: Archaludon|29/100|[from] item: Leftovers
|upkeep
|turn|6
|inactive|TetheredAvian74 has 30 seconds left.
|
|t:|1785305083
|move|p1b: Blastoise|Dark Pulse|p2a: Nikki
|-damage|p2a: Nikki|13/100
|move|p2b: Ian|Earthquake|p1b: Blastoise|[spread] p1a,p1b
|-immune|p2a: Nikki
|-supereffective|p1a: Archaludon|1
|-damage|p1a: Archaludon|0 fnt
|-damage|p1b: Blastoise|0 fnt
|faint|p1a: Archaludon
|faint|p1b: Blastoise
|-damage|p2b: Ian|3/100|[from] item: Life Orb
|cant|p2a: Nikki|flinch
|
|-weather|none
|upkeep
|-message|TetheredAvian74 forfeited.
|
|win|teyvgc
