|j|☆Ake295
|j|☆TheLordNebiros
|html|Ake295TheLordNebiros    
|uhtml|bestof|Game 2 of a best-of-3
|t:|1756840138
|gametype|doubles
|player|p1|Ake295|2|1000
|player|p2|TheLordNebiros|265|1106
|gen|9
|tier|[Gen 9] VGC 2025 Reg H (Bo3)
|rated|
|rule|Species Clause: Limit one of each Pokémon
|rule|Item Clause: Limit 1 of each item
|clearpoke
|poke|p1|Archaludon, L50, F|
|poke|p1|Rillaboom, L50, F|
|poke|p1|Basculegion, L50, M|
|poke|p1|Kingambit, L50, F|
|poke|p1|Pelipper, L50, F|
|poke|p1|Electabuzz, L50, F|
|poke|p2|Dragonite, L50, F|
|poke|p2|Gholdengo, L50|
|poke|p2|Ursaluna-Bloodmoon, L50, M|
|poke|p2|Annihilape, L50, F|
|poke|p2|Maushold-Four, L50|
|poke|p2|Rillaboom, L50, F|
|teampreview|4
|showteam|p1|Archaludon||AssaultVest|Stamina|ElectroShot,DracoMeteor,FlashCannon,BodyPress|||F|||50|,,,,,Fairy]Rillaboom||LoadedDice|GrassySurge|BulletSeed,GrassyGlide,FakeOut,HighHorsepower|||F|||50|,,,,,Fire]Basculegion||ChoiceBand|SwiftSwim|WaveCrash,LastRespects,FlipTurn,AquaJet|||M|||50|,,,,,Grass]Kingambit||BlackGlasses|Defiant|KowtowCleave,SuckerPunch,SwordsDance,Protect|||F|||50|,,,,,Dark]Pelipper||FocusSash|Drizzle|WeatherBall,Hurricane,Tailwind,Protect|||F|||50|,,,,,Stellar]Electabuzz||Eviolite|VitalSpirit|Electroweb,Taunt,FollowMe,Protect|||F|||50|,,,,,Ghost
|showteam|p2|Dragonite||LoadedDice|Multiscale|ScaleShot,Tailwind,Haze,Protect|||F|||50|,,,,,Fairy]Gholdengo||LifeOrb|GoodasGold|MakeItRain,ShadowBall,NastyPlot,Protect||||||50|,,,,,Water]Ursaluna-Bloodmoon||AssaultVest|MindsEye|BloodMoon,EarthPower,HyperVoice,VacuumWave|||M|||50|,,,,,Water]Annihilape||SitrusBerry|Defiant|DrainPunch,RageFist,BulkUp,Protect|||F|||50|,,,,,Fire]Maushold-Four||FocusSash|FriendGuard|SuperFang,BeatUp,FollowMe,Protect||||||50|,,,,,Ghost]Rillaboom||MiracleSeed|GrassySurge|WoodHammer,GrassyGlide,HighHorsepower,FakeOut|||F|||50|,,,,,Fire
|inactive|Battle timer is ON: inactive players will automatically lose when time's up. (requested by TheLordNebiros)
|inactive|Ake295 has 60 seconds left.
|inactive|TheLordNebiros has 60 seconds left.
|
|t:|1756840176
|teamsize|p1|4
|teamsize|p2|4
|start
|switch|p1a: Pelipper|Pelipper, L50, F|100/100
|switch|p1b: Archaludon|Archaludon, L50, F|100/100
|switch|p2a: Rillaboom|Rillaboom, L50, F|100/100
|switch|p2b: Gholdengo|Gholdengo, L50|100/100
|-fieldstart|move: Grassy Terrain|[from] ability: Grassy Surge|[of] p2a: Rillaboom
|-weather|RainDance|[from] ability: Drizzle|[of] p1a: Pelipper
|turn|1
|inactive|Ake295 has 30 seconds left.
|
|t:|1756840202
|move|p2a: Rillaboom|Fake Out|p1a: Pelipper
|-damage|p1a: Pelipper|82/100
|move|p2b: Gholdengo|Nasty Plot|p2b: Gholdengo
|-boost|p2b: Gholdengo|spa|2
|move|p1b: Archaludon|Electro Shot||[still]
|-prepare|p1b: Archaludon|Electro Shot
|-boost|p1b: Archaludon|spa|1
|-anim|p1b: Archaludon|Electro Shot|p2b: Gholdengo
|-damage|p2b: Gholdengo|44/100
|cant|p1a: Pelipper|flinch
|
|-weather|RainDance|[upkeep]
|-heal|p2b: Gholdengo|50/100|[from] Grassy Terrain
|upkeep
|turn|2
|inactive|TheLordNebiros has 30 seconds left.
|
|t:|1756840229
|switch|p1a: Electabuzz|Electabuzz, L50, F|100/100
|move|p2b: Gholdengo|Shadow Ball|p1b: Archaludon
|-damage|p1b: Archaludon|24/100
|-ability|p1b: Archaludon|Stamina|boost
|-boost|p1b: Archaludon|def|1
|-damage|p2b: Gholdengo|41/100|[from] item: Life Orb
|move|p1b: Archaludon|Electro Shot||[still]
|-prepare|p1b: Archaludon|Electro Shot
|-boost|p1b: Archaludon|spa|1
|-anim|p1b: Archaludon|Electro Shot|p2b: Gholdengo
|-damage|p2b: Gholdengo|0 fnt
|faint|p2b: Gholdengo
|move|p2a: Rillaboom|High Horsepower|p1b: Archaludon
|-supereffective|p1b: Archaludon
|-damage|p1b: Archaludon|0 fnt
|faint|p1b: Archaludon
|
|-weather|RainDance|[upkeep]
|upkeep
|
|t:|1756840251
|switch|p2b: Dragonite|Dragonite, L50, F|100/100
|switch|p1b: Basculegion|Basculegion, L50, M|100/100
|turn|3
|inactive|Ake295 has 30 seconds left.
|inactive|TheLordNebiros has 30 seconds left.
|
|t:|1756840280
|switch|p2a: Ursaluna|Ursaluna-Bloodmoon, L50, M|100/100
|-terastallize|p1b: Basculegion|Grass
|move|p1b: Basculegion|Flip Turn|p2b: Dragonite
|-resisted|p2b: Dragonite
|-damage|p2b: Dragonite|83/100
|
|t:|1756840286
|switch|p1b: Pelipper|Pelipper, L50, F|82/100|[from] Flip Turn
|move|p1a: Electabuzz|Electroweb|p2b: Dragonite|[spread] p2b
|-immune|p2a: Ursaluna
|-damage|p2b: Dragonite|69/100
|-unboost|p2b: Dragonite|spe|1
|move|p2b: Dragonite|Scale Shot|p1a: Electabuzz
|-damage|p1a: Electabuzz|89/100
|-damage|p1a: Electabuzz|78/100
|-damage|p1a: Electabuzz|67/100
|-damage|p1a: Electabuzz|54/100
|-hitcount|p1a: Electabuzz|4
|-unboost|p2b: Dragonite|def|1
|-boost|p2b: Dragonite|spe|1
|
|-weather|RainDance|[upkeep]
|-heal|p1a: Electabuzz|60/100|[from] Grassy Terrain
|upkeep
|turn|4
|inactive|Ake295 has 30 seconds left.
|inactive|TheLordNebiros has 30 seconds left.
|inactive|TheLordNebiros has 20 seconds left.
|inactive|TheLordNebiros has 15 seconds left.
|
|t:|1756840331
|switch|p2a: Rillaboom|Rillaboom, L50, F|100/100
|move|p1a: Electabuzz|Taunt|p2b: Dragonite
|-start|p2b: Dragonite|move: Taunt
|cant|p2b: Dragonite|move: Taunt|Tailwind
|move|p1b: Pelipper|Weather Ball|p2a: Rillaboom
|-resisted|p2a: Rillaboom
|-damage|p2a: Rillaboom|61/100
|
|-weather|RainDance|[upkeep]
|-heal|p1a: Electabuzz|66/100|[from] Grassy Terrain
|-heal|p2a: Rillaboom|67/100|[from] Grassy Terrain
|upkeep
|turn|5
|
|t:|1756840347
|move|p1a: Electabuzz|Protect|p1a: Electabuzz
|-singleturn|p1a: Electabuzz|Protect
|move|p1b: Pelipper|Protect|p1b: Pelipper
|-singleturn|p1b: Pelipper|Protect
|move|p2a: Rillaboom|Fake Out|p1a: Electabuzz
|-activate|p1a: Electabuzz|move: Protect
|move|p2b: Dragonite|Scale Shot|p1b: Pelipper
|-activate|p1b: Pelipper|move: Protect
|
|-weather|none
|-heal|p1a: Electabuzz|72/100|[from] Grassy Terrain
|-heal|p2a: Rillaboom|73/100|[from] Grassy Terrain
|-fieldend|move: Grassy Terrain
|upkeep
|turn|6
|
|t:|1756840360
|switch|p1b: Basculegion|Basculegion, L50, M, tera:Grass|100/100
|move|p1a: Electabuzz|Follow Me|p1a: Electabuzz
|-singleturn|p1a: Electabuzz|move: Follow Me
|move|p2b: Dragonite|Scale Shot|p1a: Electabuzz
|-crit|p1a: Electabuzz
|-damage|p1a: Electabuzz|54/100
|-damage|p1a: Electabuzz|42/100
|-damage|p1a: Electabuzz|31/100
|-damage|p1a: Electabuzz|20/100
|-damage|p1a: Electabuzz|8/100
|-hitcount|p1a: Electabuzz|5
|-unboost|p2b: Dragonite|def|1
|-boost|p2b: Dragonite|spe|1
|move|p2a: Rillaboom|Wood Hammer|p1a: Electabuzz
|-crit|p1a: Electabuzz
|-damage|p1a: Electabuzz|0 fnt
|faint|p1a: Electabuzz
|-damage|p2a: Rillaboom|71/100|[from] Recoil
|
|-end|p2b: Dragonite|move: Taunt
|upkeep
|
|t:|1756840380
|switch|p1a: Pelipper|Pelipper, L50, F|82/100
|-weather|RainDance|[from] ability: Drizzle|[of] p1a: Pelipper
|turn|7
|inactive|Ake295 has 30 seconds left.
|inactive|TheLordNebiros has 30 seconds left.
|inactive|Ake295 has 20 seconds left.
|inactive|Ake295 has 15 seconds left.
|
|t:|1756840421
|move|p2b: Dragonite|Protect|p2b: Dragonite
|-singleturn|p2b: Dragonite|Protect
|move|p1b: Basculegion|Wave Crash|p2b: Dragonite
|-activate|p2b: Dragonite|move: Protect
|move|p2a: Rillaboom|Wood Hammer|p1a: Pelipper
|-damage|p1a: Pelipper|0 fnt
|faint|p1a: Pelipper
|-damage|p2a: Rillaboom|53/100|[from] Recoil
|
|-weather|RainDance|[upkeep]
|upkeep
|turn|8
|-message|Ake295 forfeited.
|
|win|TheLordNebiros
|raw|Ake295's rating: 1000 → 1000(+0 for losing)
|raw|TheLordNebiros's rating: 1106 → 1124(+18 for winning)
|l|☆TheLordNebiros
|player|p2|
