|j|â˜†DraKaynite
|j|â˜†Pokemaster995
|html|DraKaynitePokemaster995    
|uhtml|bestof|Game 2 of a best-of-3
|t:|1757123016
|gametype|doubles
|player|p1|DraKaynite|caitlin|
|player|p2|Pokemaster995|miku-fire|
|gen|9
|tier|[Gen 9] VGC 2025 Reg H (Bo3)
|rule|Species Clause: Limit one of each PokÃ©mon
|rule|Item Clause: Limit 1 of each item
|clearpoke
|poke|p1|Maushold-Four, L50|
|poke|p1|Rillaboom, L50, M|
|poke|p1|Gholdengo, L50|
|poke|p1|Pelipper, L50, F|
|poke|p1|Whimsicott, L50, M|
|poke|p1|Corviknight, L50, M|
|poke|p2|Dragonite, L50, M|
|poke|p2|Incineroar, L50, M|
|poke|p2|Gholdengo, L50|
|poke|p2|Sneasler, L50, F|
|poke|p2|Ursaluna-Bloodmoon, L50, M|
|poke|p2|Annihilape, L50, F|
|teampreview|4
|showteam|p1|Maushold-Four||FocusSash|FriendGuard|SuperFang,FollowMe,Protect,Encore||||||50|,,,,,Ghost]Rillaboom||AssaultVest|GrassySurge|WoodHammer,GrassyGlide,Uturn,FakeOut|||M|||50|,,,,,Fire]Gholdengo||LifeOrb|GoodasGold|MakeItRain,ShadowBall,NastyPlot,Protect||||||50|,,,,,Steel]Pelipper||CovertCloak|Drizzle|Tailwind,WeatherBall,WideGuard,Hurricane|||F|||50|,,,,,Grass]Whimsicott||MentalHerb|Prankster|Moonblast,Tailwind,Encore,MistyTerrain|||M|||50|,,,,,Steel]Corviknight||MistySeed|MirrorArmor|PowerTrip,BraveBird,BulkUp,Roost|||M|||50|,,,,,Fire
|showteam|p2|Dragonite||LoadedDice|Multiscale|ScaleShot,Protect,Haze,ExtremeSpeed|||M|||50|,,,,,Dragon]Incineroar||SafetyGoggles|Intimidate|FakeOut,KnockOff,PartingShot,FlareBlitz|||M|||50|,,,,,Fire]Gholdengo||LifeOrb|GoodasGold|MakeItRain,ShadowBall,NastyPlot,Protect||||||50|,,,,,Steel]Sneasler||FocusSash|Unburden|Protect,DireClaw,CloseCombat,ThroatChop|||F|||50|,,,,,Fighting]Ursaluna-Bloodmoon||AssaultVest|MindsEye|EarthPower,BloodMoon,HyperVoice,VacuumWave|||M|||50|,,,,,Ground]Annihilape||SitrusBerry|Defiant|RageFist,CloseCombat,Protect,DrainPunch|||F|||50|,,,,,Fighting
|j| big skib
|
|t:|1757123065
|teamsize|p1|4
|teamsize|p2|4
|start
|switch|p1a: Whimsicott|Whimsicott, L50, M|100/100
|switch|p1b: Gholdengo|Gholdengo, L50|100/100
|switch|p2a: Made|Incineroar, L50, M|100/100
|switch|p2b: Team|Sneasler, L50, F|100/100
|-ability|p2a: Made|Intimidate|boost
|-unboost|p1a: Whimsicott|atk|1
|-unboost|p1b: Gholdengo|atk|1
|turn|1
|j| Bronsted420
|l| Bronsted420
|
|t:|1757123097
|switch|p1a: Pelipper|Pelipper, L50, F|100/100
|-weather|RainDance|[from] ability: Drizzle|[of] p1a: Pelipper
|move|p1b: Gholdengo|Protect|p1b: Gholdengo
|-singleturn|p1b: Gholdengo|Protect
|move|p2a: Made|Fake Out|p1a: Pelipper
|-damage|p1a: Pelipper|82/100
|move|p2b: Team|Dire Claw|p1a: Pelipper
|-damage|p1a: Pelipper|24/100
|
|-weather|RainDance|[upkeep]
|upkeep
|turn|2
|
|t:|1757123123
|-terastallize|p1b: Gholdengo|Steel
|move|p2b: Team|Throat Chop|p1a: Pelipper
|-damage|p1a: Pelipper|0 fnt
|faint|p1a: Pelipper
|move|p1b: Gholdengo|Nasty Plot|p1b: Gholdengo
|-boost|p1b: Gholdengo|spa|2
|move|p2a: Made|Parting Shot|p1b: Gholdengo
|-immune|p1b: Gholdengo|[from] ability: Good as Gold
|
|-weather|RainDance|[upkeep]
|upkeep
|
|t:|1757123135
|switch|p1a: Whimsicott|Whimsicott, L50, M|100/100
|turn|3
|c|â˜†Pokemaster995|i dont even get to switch? rigged
|
|t:|1757123172
|move|p2b: Team|Dire Claw|p1a: Whimsicott
|-supereffective|p1a: Whimsicott
|-damage|p1a: Whimsicott|0 fnt
|faint|p1a: Whimsicott
|move|p1b: Gholdengo|Make It Rain|p2a: Made|[spread] p2a,p2b
|-resisted|p2a: Made
|-crit|p2a: Made
|-damage|p2a: Made|6/100
|-enditem|p2b: Team|Focus Sash
|-damage|p2b: Team|1/100
|-unboost|p1b: Gholdengo|spa|1
|-damage|p1b: Gholdengo|91/100|[from] item: Life Orb
|move|p2a: Made|Parting Shot|p1b: Gholdengo
|-immune|p1b: Gholdengo|[from] ability: Good as Gold
|
|-weather|RainDance|[upkeep]
|upkeep
|
|t:|1757123178
|switch|p1a: Corviknight|Corviknight, L50, M|100/100
|turn|4
|
|t:|1757123194
|move|p2b: Team|Protect|p2b: Team
|-singleturn|p2b: Team|Protect
|move|p1b: Gholdengo|Protect|p1b: Gholdengo
|-singleturn|p1b: Gholdengo|Protect
|move|p1a: Corviknight|Power Trip|p2a: Made
|-resisted|p2a: Made
|-damage|p2a: Made|3/100
|move|p2a: Made|Parting Shot|p1a: Corviknight
|-ability|p1a: Corviknight|Mirror Armor
|-unboost|p2a: Made|atk|1
|-ability|p1a: Corviknight|Mirror Armor
|-unboost|p2a: Made|spa|1
|
|t:|1757123209
|switch|p2a: Myself|Ursaluna-Bloodmoon, L50, M|100/100|[from] Parting Shot
|
|-weather|RainDance|[upkeep]
|upkeep
|turn|5
|
|t:|1757123270
|move|p2b: Team|Close Combat|p1b: Gholdengo
|-supereffective|p1b: Gholdengo
|-damage|p1b: Gholdengo|0 fnt
|-unboost|p2b: Team|def|1
|-unboost|p2b: Team|spd|1
|faint|p1b: Gholdengo
|move|p2a: Myself|Blood Moon|p1a: Corviknight
|-resisted|p1a: Corviknight
|-damage|p1a: Corviknight|64/100
|move|p1a: Corviknight|Brave Bird|p2b: Team
|-supereffective|p2b: Team
|-damage|p2b: Team|0 fnt
|faint|p2b: Team
|-damage|p1a: Corviknight|64/100|[from] Recoil
|
|-weather|none
|upkeep
|c|â˜†DraKaynite|your honor
|c|â˜†DraKaynite|i plead 3am
|
|t:|1757123286
|switch|p2b: Made|Incineroar, L50, M|3/100
|-ability|p2b: Made|Intimidate|boost
|-ability|p1a: Corviknight|Mirror Armor
|-unboost|p2b: Made|atk|1
|turn|6
|
|t:|1757123294
|move|p2b: Made|Fake Out|p1a: Corviknight
|-resisted|p1a: Corviknight
|-damage|p1a: Corviknight|60/100
|move|p2a: Myself|Hyper Voice|p1a: Corviknight
|-resisted|p1a: Corviknight
|-damage|p1a: Corviknight|37/100
|cant|p1a: Corviknight|flinch
|
|upkeep
|turn|7
|
|t:|1757123300
|move|p2a: Myself|Blood Moon|p1a: Corviknight
|-resisted|p1a: Corviknight
|-damage|p1a: Corviknight|5/100
|move|p1a: Corviknight|Roost|p1a: Corviknight
|-heal|p1a: Corviknight|55/100
|-singleturn|p1a: Corviknight|move: Roost
|move|p2b: Made|Flare Blitz|p1a: Corviknight
|-supereffective|p1a: Corviknight
|-damage|p1a: Corviknight|0 fnt
|faint|p1a: Corviknight
|-damage|p2b: Made|0 fnt|[from] Recoil
|faint|p2b: Made
|
|win|Pokemaster995
|c|â˜†Pokemaster995|GG
|l|â˜†DraKaynite
|player|p1|
|l|â˜†Pokemaster995
|player|p2|
|j|â˜†Pokemaster995
|player|p2|Pokemaster995|miku-fire|
|l| big skib
