|j|☆Malumancer
|j|☆corvid_queen
|html|Malumancercorvid_queen    
|uhtml|bestof|Game 2 of a best-of-3
|t:|1756621631
|gametype|doubles
|player|p1|Malumancer|pryce|
|player|p2|corvid_queen|guitarist|
|gen|9
|tier|[Gen 9] VGC 2025 Reg H (Bo3)
|rule|Species Clause: Limit one of each Pokémon
|rule|Item Clause: Limit 1 of each item
|clearpoke
|poke|p1|Gholdengo, L50|
|poke|p1|Incineroar, L50, F|
|poke|p1|Porygon2, L50|
|poke|p1|Amoonguss, L50, M|
|poke|p1|Ursaluna-Bloodmoon, L50, M|
|poke|p1|Dragonite, L50, M|
|poke|p2|Ursaluna-Bloodmoon, L50, M|
|poke|p2|Porygon2, L50|
|poke|p2|Amoonguss, L50, M|
|poke|p2|Incineroar, L50, M|
|poke|p2|Dragapult, L50, M|
|poke|p2|Sneasler, L50, M|
|teampreview|4
|showteam|p1|Gholdengo||LifeOrb|GoodasGold|MakeItRain,ShadowBall,NastyPlot,Protect||||||50|,,,,,Water]Incineroar||SafetyGoggles|Intimidate|KnockOff,FakeOut,PartingShot,FlareBlitz|||F|||50|,,,,,Water]Porygon2||Eviolite|Download|TeraBlast,IceBeam,TrickRoom,Recover||||||50|,,,,,Ghost]Amoonguss||CovertCloak|Regenerator|Spore,PollenPuff,RagePowder,Protect|||M|||50|,,,,,Psychic]Ursaluna-Bloodmoon||AssaultVest|MindsEye|BloodMoon,EarthPower,HyperVoice,VacuumWave|||M|||50|,,,,,Water]Dragonite||LoadedDice|Multiscale|ScaleShot,Haze,Tailwind,Protect|||M|||50|,,,,,Fairy
|showteam|p2|Ursaluna-Bloodmoon||AssaultVest|MindsEye|BloodMoon,HyperVoice,EarthPower,VacuumWave|||M|||50|,,,,,Normal]Porygon2||Eviolite|Trace|IceBeam,Thunderbolt,Recover,TrickRoom||||||50|,,,,,Ghost]Amoonguss||CovertCloak|Regenerator|Spore,RagePowder,PollenPuff,SludgeBomb|||M|||50|,,,,,Water]Incineroar||SafetyGoggles|Intimidate|KnockOff,FakeOut,PartingShot,FlareBlitz|||M|||50|,,,,,Ghost]Dragapult||ChoiceBand|ClearBody|DragonDarts,Outrage,PhantomForce,Uturn|||M|||50|,,,,,Dragon]Sneasler||FocusSash|PoisonTouch|CloseCombat,DireClaw,ThroatChop,FakeOut|||M|||50|,,,,,Dark
|inactive|Battle timer is ON: inactive players will automatically lose when time's up. (requested by Malumancer)
|inactive|Malumancer has 60 seconds left.
|inactive|corvid_queen has 60 seconds left.
|
|t:|1756621685
|teamsize|p1|4
|teamsize|p2|4
|start
|switch|p1a: Dragonite|Dragonite, L50, M|100/100
|switch|p1b: Incineroar|Incineroar, L50, F|100/100
|switch|p2a: Amoonguss|Amoonguss, L50, M|100/100
|switch|p2b: Incineroar|Incineroar, L50, M|100/100
|-ability|p1b: Incineroar|Intimidate|boost
|-unboost|p2a: Amoonguss|atk|1
|-unboost|p2b: Incineroar|atk|1
|-ability|p2b: Incineroar|Intimidate|boost
|-unboost|p1a: Dragonite|atk|1
|-unboost|p1b: Incineroar|atk|1
|turn|1
|inactive|Malumancer has 30 seconds left.
|inactive|Malumancer has 20 seconds left.
|inactive|Malumancer has 15 seconds left.
|inactive|Malumancer has 10 seconds left.
|
|t:|1756621733
|move|p2b: Incineroar|Fake Out|p1b: Incineroar
|-damage|p1b: Incineroar|92/100
|move|p1a: Dragonite|Tailwind|p1a: Dragonite
|-sidestart|p1: Malumancer|move: Tailwind
|cant|p1b: Incineroar|flinch
|move|p2a: Amoonguss|Spore|p1b: Incineroar
|-activate|p1b: Incineroar|item: Safety Goggles|Spore
|
|upkeep
|turn|2
|inactive|corvid_queen has 30 seconds left.
|inactive|Malumancer has 30 seconds left.
|inactive|corvid_queen has 20 seconds left.
|inactive|corvid_queen has 15 seconds left.
|
|t:|1756621775
|switch|p1b: Gholdengo|Gholdengo, L50|100/100
|-terastallize|p2a: Amoonguss|Water
|move|p1a: Dragonite|Scale Shot|p2a: Amoonguss
|-damage|p2a: Amoonguss|92/100
|-damage|p2a: Amoonguss|84/100
|-crit|p2a: Amoonguss
|-damage|p2a: Amoonguss|67/100
|-damage|p2a: Amoonguss|58/100
|-hitcount|p2a: Amoonguss|4
|-unboost|p1a: Dragonite|def|1
|-boost|p1a: Dragonite|spe|1
|move|p2b: Incineroar|Knock Off|p1b: Gholdengo
|-supereffective|p1b: Gholdengo
|-damage|p1b: Gholdengo|50/100
|-enditem|p1b: Gholdengo|Life Orb|[from] move: Knock Off|[of] p2b: Incineroar
|move|p2a: Amoonguss|Spore|p1b: Gholdengo
|-immune|p1b: Gholdengo|[from] ability: Good as Gold
|
|upkeep
|turn|3
|inactive|Malumancer has 30 seconds left.
|inactive|corvid_queen has 30 seconds left.
|
|t:|1756621810
|switch|p2a: Sneasler|Sneasler, L50, M|100/100
|-terastallize|p1b: Gholdengo|Water
|move|p1a: Dragonite|Scale Shot|p2a: Sneasler
|-damage|p2a: Sneasler|83/100
|-damage|p2a: Sneasler|67/100
|-damage|p2a: Sneasler|50/100
|-damage|p2a: Sneasler|34/100
|-hitcount|p2a: Sneasler|4
|-unboost|p1a: Dragonite|def|1
|-boost|p1a: Dragonite|spe|1
|move|p1b: Gholdengo|Shadow Ball|p2a: Sneasler
|-damage|p2a: Sneasler|0 fnt
|faint|p2a: Sneasler
|move|p2b: Incineroar|Parting Shot|p1b: Gholdengo
|-immune|p1b: Gholdengo|[from] ability: Good as Gold
|
|upkeep
|inactive|corvid_queen has 30 seconds left.
|
|t:|1756621835
|switch|p2a: Amoonguss|Amoonguss, L50, M, tera:Water|91/100
|turn|4
|
|t:|1756621854
|switch|p1a: Incineroar|Incineroar, L50, F|92/100
|-ability|p1a: Incineroar|Intimidate|boost
|-unboost|p2a: Amoonguss|atk|1
|-unboost|p2b: Incineroar|atk|1
|move|p1b: Gholdengo|Nasty Plot|p1b: Gholdengo
|-boost|p1b: Gholdengo|spa|2
|move|p2b: Incineroar|Knock Off|p1a: Incineroar
|-resisted|p1a: Incineroar
|-damage|p1a: Incineroar|82/100
|-enditem|p1a: Incineroar|Safety Goggles|[from] move: Knock Off|[of] p2b: Incineroar
|move|p2a: Amoonguss|Sludge Bomb|p1b: Gholdengo
|-damage|p1b: Gholdengo|21/100
|-status|p1b: Gholdengo|psn
|
|-damage|p1b: Gholdengo|8/100 psn|[from] psn
|-sideend|p1: Malumancer|move: Tailwind
|upkeep
|turn|5
|inactive|Malumancer has 30 seconds left.
|inactive|corvid_queen has 30 seconds left.
|inactive|corvid_queen has 20 seconds left.
|inactive|corvid_queen has 15 seconds left.
|inactive|corvid_queen has 10 seconds left.
|inactive|corvid_queen has 5 seconds left.
|
|t:|1756621905
|move|p1a: Incineroar|Knock Off|p2a: Amoonguss
|-damage|p2a: Amoonguss|58/100
|-enditem|p2a: Amoonguss|Covert Cloak|[from] move: Knock Off|[of] p1a: Incineroar
|move|p1b: Gholdengo|Shadow Ball|p2a: Amoonguss
|-damage|p2a: Amoonguss|0 fnt
|faint|p2a: Amoonguss
|move|p2b: Incineroar|Flare Blitz|p1a: Incineroar
|-resisted|p1a: Incineroar
|-damage|p1a: Incineroar|67/100
|-damage|p2b: Incineroar|96/100|[from] Recoil
|
|-damage|p1b: Gholdengo|0 fnt|[from] psn
|faint|p1b: Gholdengo
|upkeep
|
|t:|1756621923
|switch|p1b: Amoonguss|Amoonguss, L50, M|100/100
|switch|p2a: Ursaluna|Ursaluna-Bloodmoon, L50, M|100/100
|turn|6
|inactive|corvid_queen has 30 seconds left.
|
|t:|1756621958
|move|p1a: Incineroar|Parting Shot|p2a: Ursaluna
|-unboost|p2a: Ursaluna|atk|1
|-unboost|p2a: Ursaluna|spa|1
|
|t:|1756621961
|switch|p1a: Dragonite|Dragonite, L50, M|100/100|[from] Parting Shot
|move|p2a: Ursaluna|Blood Moon|p1b: Amoonguss
|-damage|p1b: Amoonguss|56/100
|move|p2b: Incineroar|Flare Blitz|p1b: Amoonguss
|-supereffective|p1b: Amoonguss
|-damage|p1b: Amoonguss|11/100
|-damage|p2b: Incineroar|80/100|[from] Recoil
|move|p1b: Amoonguss|Spore|p2a: Ursaluna
|-status|p2a: Ursaluna|slp|[from] move: Spore
|
|upkeep
|turn|7
|inactive|Malumancer has 30 seconds left.
|inactive|corvid_queen has 30 seconds left.
|inactive|Malumancer has 20 seconds left.
|
|t:|1756621999
|move|p1b: Amoonguss|Protect|p1b: Amoonguss
|-singleturn|p1b: Amoonguss|Protect
|move|p1a: Dragonite|Scale Shot|p2a: Ursaluna
|-damage|p2a: Ursaluna|89/100 slp
|-damage|p2a: Ursaluna|78/100 slp
|-damage|p2a: Ursaluna|66/100 slp
|-damage|p2a: Ursaluna|55/100 slp
|-damage|p2a: Ursaluna|43/100 slp
|-hitcount|p2a: Ursaluna|5
|-unboost|p1a: Dragonite|def|1
|-boost|p1a: Dragonite|spe|1
|cant|p2a: Ursaluna|slp
|move|p2b: Incineroar|Knock Off|p1a: Dragonite
|-damage|p1a: Dragonite|81/100
|-enditem|p1a: Dragonite|Loaded Dice|[from] move: Knock Off|[of] p2b: Incineroar
|
|upkeep
|turn|8
|inactive|corvid_queen has 30 seconds left.
|inactive|corvid_queen has 20 seconds left.
|
|t:|1756622036
|move|p1a: Dragonite|Scale Shot|p2a: Ursaluna
|-damage|p2a: Ursaluna|33/100 slp
|-damage|p2a: Ursaluna|20/100 slp
|-damage|p2a: Ursaluna|7/100 slp
|-hitcount|p2a: Ursaluna|3
|-unboost|p1a: Dragonite|def|1
|-boost|p1a: Dragonite|spe|1
|-curestatus|p2a: Ursaluna|slp|[msg]
|move|p2a: Ursaluna|Hyper Voice|p1b: Amoonguss|[spread] p1a,p1b
|-damage|p1a: Dragonite|55/100
|-damage|p1b: Amoonguss|0 fnt
|faint|p1b: Amoonguss
|move|p2b: Incineroar|Flare Blitz|p1a: Dragonite
|-resisted|p1a: Dragonite
|-damage|p1a: Dragonite|22/100
|-damage|p2b: Incineroar|71/100|[from] Recoil
|
|upkeep
|
|t:|1756622046
|switch|p1b: Incineroar|Incineroar, L50, F|67/100
|-ability|p1b: Incineroar|Intimidate|boost
|-unboost|p2a: Ursaluna|atk|1
|-unboost|p2b: Incineroar|atk|1
|turn|9
|inactive|Malumancer has 30 seconds left.
|inactive|corvid_queen has 30 seconds left.
|
|t:|1756622079
|move|p1a: Dragonite|Scale Shot|p2b: Incineroar
|-damage|p2b: Incineroar|57/100
|-damage|p2b: Incineroar|44/100
|-damage|p2b: Incineroar|30/100
|-hitcount|p2b: Incineroar|3
|-unboost|p1a: Dragonite|def|1
|-boost|p1a: Dragonite|spe|1
|move|p1b: Incineroar|Knock Off|p2a: Ursaluna
|-damage|p2a: Ursaluna|0 fnt
|-enditem|p2a: Ursaluna|Assault Vest|[from] move: Knock Off|[of] p1b: Incineroar
|faint|p2a: Ursaluna
|move|p2b: Incineroar|Flare Blitz|p1b: Incineroar
|-resisted|p1b: Incineroar
|-damage|p1b: Incineroar|55/100
|-damage|p2b: Incineroar|26/100|[from] Recoil
|
|upkeep
|turn|10
|
|t:|1756622099
|move|p1a: Dragonite|Scale Shot|p2b: Incineroar
|-damage|p2b: Incineroar|12/100
|-damage|p2b: Incineroar|0 fnt
|faint|p2b: Incineroar
|-hitcount|p2: Incineroar|2
|
|win|Malumancer
|c|☆Malumancer|gg
|c|☆corvid_queen|gg
|l|☆corvid_queen
|player|p2|
|j|☆corvid_queen
|player|p2|corvid_queen|guitarist|
