|j|☆farmingsim2421
|j|☆copicentrovgc
|html|farmingsim2421copicentrovgc    
|uhtml|bestof|Game 2 of a best-of-3
|t:|1756521421
|gametype|doubles
|player|p1|farmingsim2421|elesa|1139
|player|p2|copicentrovgc|265|1062
|gen|9
|tier|[Gen 9] VGC 2025 Reg H (Bo3)
|rated|
|rule|Species Clause: Limit one of each Pokémon
|rule|Item Clause: Limit 1 of each item
|clearpoke
|poke|p1|Archaludon, L50, F|
|poke|p1|Basculegion, L50, M|
|poke|p1|Pelipper, L50, M|
|poke|p1|Amoonguss, L50, M|
|poke|p1|Incineroar, L50, F|
|poke|p1|Gholdengo, L50|
|poke|p2|Garganacl, L50, M|
|poke|p2|Dondozo, L50, M|
|poke|p2|Sneasler, L50, F|
|poke|p2|Gholdengo, L50|
|poke|p2|Ninetales-Alola, L50, M|
|poke|p2|Incineroar, L50, F|
|teampreview|4
|showteam|p1|Archaludon||AssaultVest|Stamina|ElectroShot,BodyPress,FlashCannon,DracoMeteor|||F|||50|,,,,,Grass]Basculegion||LifeOrb|SwiftSwim|Protect,WaveCrash,AquaJet,LastRespects|||M|||50|,,,,,Dark]Pelipper||FocusSash|Drizzle|Hurricane,WeatherBall,Tailwind,Protect|||M|||50|,,,,,Ghost]Amoonguss||SitrusBerry|Regenerator|Spore,RagePowder,PollenPuff,BulletSeed|||M|||50|,,,,,Water]Incineroar||CovertCloak|Intimidate|FakeOut,FlareBlitz,KnockOff,PartingShot|||F|||50|,,,,,Flying]Gholdengo||MetalCoat|GoodasGold|NastyPlot,Protect,MakeItRain,ShadowBall||||||50|,,,,,Steel
|showteam|p2|Garganacl||MarangaBerry|PurifyingSalt|SaltCure,StealthRock,Protect,Recover|||M|||50|,,,,,Flying]Dondozo||Leftovers|Unaware|Liquidation,Yawn,Curse,Protect|||M|||50|,,,,,Poison]Sneasler||FocusSash|PoisonTouch|DireClaw,CloseCombat,Coaching,Protect|||F|||50|,,,,,Ghost]Gholdengo||ChoiceScarf|GoodasGold|MakeItRain,ShadowBall,Trick,PowerGem||||||50|,,,,,Steel]Ninetales-Alola||NeverMeltIce|SnowWarning|Blizzard,FreezeDry,Protect,AuroraVeil|||M|||50|,,,,,Ice]Incineroar||AssaultVest|Intimidate|FlareBlitz,KnockOff,FakeOut,Uturn|||F|||50|,,,,,Grass
|inactive|Battle timer is ON: inactive players will automatically lose when time's up. (requested by farmingsim2421)
|
|t:|1756521482
|teamsize|p1|4
|teamsize|p2|4
|start
|switch|p1a: RealWolfeyVGC|Incineroar, L50, F|100/100
|switch|p1b: Acid|Amoonguss, L50, M|100/100
|switch|p2a: Gholdengo|Gholdengo, L50|100/100
|switch|p2b: Incineroar|Incineroar, L50, F|100/100
|-ability|p1a: RealWolfeyVGC|Intimidate|boost
|-unboost|p2a: Gholdengo|atk|1
|-unboost|p2b: Incineroar|atk|1
|-ability|p2b: Incineroar|Intimidate|boost
|-unboost|p1a: RealWolfeyVGC|atk|1
|-unboost|p1b: Acid|atk|1
|turn|1
|inactive|farmingsim2421 has 30 seconds left.
|inactive|copicentrovgc has 30 seconds left.
|inactive|copicentrovgc has 20 seconds left.
|
|t:|1756521518
|switch|p1b: Dead Fish|Basculegion, L50, M|100/100
|move|p2a: Gholdengo|Shadow Ball|p1b: Dead Fish
|-supereffective|p1b: Dead Fish
|-damage|p1b: Dead Fish|10/100
|move|p1a: RealWolfeyVGC|Knock Off|p2a: Gholdengo
|-supereffective|p2a: Gholdengo
|-damage|p2a: Gholdengo|27/100
|-enditem|p2a: Gholdengo|Choice Scarf|[from] move: Knock Off|[of] p1a: RealWolfeyVGC
|move|p2b: Incineroar|Knock Off|p1a: RealWolfeyVGC
|-resisted|p1a: RealWolfeyVGC
|-damage|p1a: RealWolfeyVGC|85/100
|-enditem|p1a: RealWolfeyVGC|Covert Cloak|[from] move: Knock Off|[of] p2b: Incineroar
|
|upkeep
|turn|2
|inactive|copicentrovgc has 30 seconds left.
|inactive|copicentrovgc has 20 seconds left.
|
|t:|1756521557
|switch|p2a: Dondozo|Dondozo, L50, M|100/100
|switch|p1a: Wingman|Pelipper, L50, M, shiny|100/100
|-weather|RainDance|[from] ability: Drizzle|[of] p1a: Wingman
|-terastallize|p2b: Incineroar|Grass
|move|p1b: Dead Fish|Aqua Jet|p2a: Dondozo
|-resisted|p2a: Dondozo
|-damage|p2a: Dondozo|86/100
|-damage|p1b: Dead Fish|0 fnt|[from] item: Life Orb
|faint|p1b: Dead Fish
|move|p2b: Incineroar|U-turn|p1a: Wingman
|-resisted|p1a: Wingman
|-damage|p1a: Wingman|91/100
|
|t:|1756521575
|switch|p2b: Gholdengo|Gholdengo, L50|27/100|[from] U-turn
|
|-weather|RainDance|[upkeep]
|-heal|p2a: Dondozo|92/100|[from] item: Leftovers
|upkeep
|
|t:|1756521584
|switch|p1b: Acid|Amoonguss, L50, M|100/100
|turn|3
|inactive|copicentrovgc has 30 seconds left.
|
|t:|1756521611
|move|p2b: Gholdengo|Power Gem|p1a: Wingman
|-supereffective|p1a: Wingman
|-damage|p1a: Wingman|0 fnt
|faint|p1a: Wingman
|move|p1b: Acid|Pollen Puff|p1: Wingman|[notarget]
|-fail|p1b: Acid
|move|p2a: Dondozo|Yawn|p1b: Acid
|-start|p1b: Acid|move: Yawn|[of] p2a: Dondozo
|
|-weather|RainDance|[upkeep]
|-heal|p2a: Dondozo|98/100|[from] item: Leftovers
|upkeep
|
|t:|1756521615
|switch|p1a: RealWolfeyVGC|Incineroar, L50, F|85/100
|-ability|p1a: RealWolfeyVGC|Intimidate|boost
|-unboost|p2a: Dondozo|atk|1
|-unboost|p2b: Gholdengo|atk|1
|turn|4
|
|t:|1756521639
|-terastallize|p1a: RealWolfeyVGC|Flying
|move|p2a: Dondozo|Protect|p2a: Dondozo
|-singleturn|p2a: Dondozo|Protect
|move|p2b: Gholdengo|Power Gem|p1a: RealWolfeyVGC
|-supereffective|p1a: RealWolfeyVGC
|-damage|p1a: RealWolfeyVGC|32/100
|move|p1a: RealWolfeyVGC|Knock Off|p2b: Gholdengo
|-supereffective|p2b: Gholdengo
|-damage|p2b: Gholdengo|0 fnt
|faint|p2b: Gholdengo
|move|p1b: Acid|Spore|p2a: Dondozo
|-activate|p2a: Dondozo|move: Protect
|
|-weather|RainDance|[upkeep]
|-heal|p2a: Dondozo|100/100|[from] item: Leftovers
|-end|p1b: Acid|move: Yawn|[silent]
|-status|p1b: Acid|slp
|upkeep
|
|t:|1756521656
|switch|p2b: Sneasler|Sneasler, L50, F|100/100
|turn|5
|-message|farmingsim2421 forfeited.
|
|win|copicentrovgc
|l|☆farmingsim2421
|player|p1|
||farmingsim2421 is ready for game 3.
||copicentrovgc is ready for game 3.
|uhtml|next|Next: Game 3 of 3
