|j|☆Enriquelbebe
|j|☆EchoShadowYT
|html|EnriquelbebeEchoShadowYT    
|uhtml|bestof|Game 2 of a best-of-3
|t:|1786119776
|gametype|doubles
|player|p1|Enriquelbebe|170|1116
|player|p2|EchoShadowYT|skierf|1266
|gen|9
|tier|[Gen 9 Champions] VGC 2026 Reg M-B (Bo3)
|rated|
|rule|Species Clause: Limit one of each Pokémon
|rule|Item Clause: Limit 1 of each item
|clearpoke
|poke|p1|Charizard, L50, F|
|poke|p1|Garchomp, L50, M|
|poke|p1|Kingambit, L50, M|
|poke|p1|Sylveon, L50, F|
|poke|p1|Basculegion, L50, M|
|poke|p1|Whimsicott, L50, F|
|poke|p2|Gyarados, L50, M|
|poke|p2|Tyranitar, L50, F|
|poke|p2|Gholdengo, L50|
|poke|p2|Garchomp, L50, F|
|poke|p2|Sneasler, L50, F|
|poke|p2|Sinistcha, L50|
|teampreview|4
|showteam|p1|Charizard||CharizarditeY|Blaze|HeatWave,WeatherBall,Protect,SolarBeam|Modest||F|||50|]Garchomp||LifeOrb|RoughSkin|Earthquake,DragonClaw,RockSlide,Protect|Jolly||M|||50|]Kingambit||ChopleBerry|Defiant|SuckerPunch,KowtowCleave,IronHead,LowKick|Adamant||M|||50|]Sylveon||FairyFeather|Pixilate|HyperVoice,HyperBeam,QuickAttack,Detect|Modest||F|||50|]Basculegion||MysticWater|Adaptability|AquaJet,LastRespects,WaveCrash,Protect|Adamant||M|||50|]Whimsicott||FocusSash|Prankster|Tailwind,Encore,Moonblast,Protect|Serious||F|||50|
|showteam|p2|Gyarados||Gyaradosite|Intimidate|LashOut,DragonDance,Waterfall,Protect|Jolly||M|||50|]Tyranitar||ChoiceScarf|SandStream|RockSlide,KnockOff,IcePunch,LowKick|Jolly||F|||50|]Gholdengo||LifeOrb|GoodasGold|ShadowBall,MakeItRain,NastyPlot,Protect|Modest|||||50|]Garchomp||Garchompite|RoughSkin|DracoMeteor,EarthPower,PowerGem,Protect|Modest||F|||50|]Sneasler||WhiteHerb|Unburden|DireClaw,CloseCombat,FakeOut,Protect|Jolly||F|||50|]Sinistcha||SitrusBerry|Hospitality|MatchaGotcha,RagePowder,TrickRoom,Protect|Calm|||||50|
|inactive|Battle timer is ON: inactive players will automatically lose when time's up. (requested by EchoShadowYT)
|inactive|Enriquelbebe has 60 seconds left.
|inactive|EchoShadowYT has 60 seconds left.
|
|t:|1786119820
|teamsize|p1|4
|teamsize|p2|4
|start
|switch|p1a: Whimsicott|Whimsicott, L50, F|100/100
|switch|p1b: Garchomp|Garchomp, L50, M|100/100
|switch|p2a: Sneasler|Sneasler, L50, F|100/100
|switch|p2b: Garchomp|Garchomp, L50, F|100/100
|turn|1
|
|t:|1786119850
|detailschange|p2b: Garchomp|Garchomp-Mega, L50, F
|-mega|p2b: Garchomp|Garchomp|Garchompite
|move|p1a: Whimsicott|Protect|p1a: Whimsicott
|-singleturn|p1a: Whimsicott|Protect
|move|p1b: Garchomp|Protect|p1b: Garchomp
|-singleturn|p1b: Garchomp|Protect
|move|p2a: Sneasler|Fake Out|p1a: Whimsicott
|-activate|p1a: Whimsicott|move: Protect
|move|p2b: Garchomp|Draco Meteor|p1b: Garchomp
|-activate|p1b: Garchomp|move: Protect
|
|upkeep
|turn|2
|inactive|Enriquelbebe has 30 seconds left.
|
|t:|1786119876
|switch|p2b: Gholdengo|Gholdengo, L50|100/100
|move|p2a: Sneasler|Dire Claw|p1a: Whimsicott
|-supereffective|p1a: Whimsicott|2
|-enditem|p1a: Whimsicott|Focus Sash
|-damage|p1a: Whimsicott|1/100
|move|p1b: Garchomp|Dragon Claw|p2b: Gholdengo
|-resisted|p2b: Gholdengo|1
|-damage|p2b: Gholdengo|78/100
|-damage|p1b: Garchomp|90/100|[from] item: Life Orb
|move|p1a: Whimsicott|Moonblast|p2b: Gholdengo
|-resisted|p2b: Gholdengo|1
|-damage|p2b: Gholdengo|61/100
|
|upkeep
|turn|3
|inactive|EchoShadowYT has 30 seconds left.
|
|t:|1786119904
|switch|p2a: Tyranitar|Tyranitar, L50, F|100/100
|-weather|Sandstorm|[from] ability: Sand Stream|[of] p2a: Tyranitar
|move|p1a: Whimsicott|Tailwind|p1a: Whimsicott
|-sidestart|p1: Enriquelbebe|move: Tailwind
|move|p1b: Garchomp|Earthquake|p2b: Gholdengo|[spread] p1a,p2a,p2b
|-resisted|p1a: Whimsicott|1
|-supereffective|p2a: Tyranitar|1
|-supereffective|p2b: Gholdengo|1
|-damage|p1a: Whimsicott|0 fnt
|-damage|p2a: Tyranitar|13/100
|-damage|p2b: Gholdengo|0 fnt
|faint|p1a: Whimsicott
|faint|p2b: Gholdengo
|-damage|p1b: Garchomp|80/100|[from] item: Life Orb
|
|-weather|Sandstorm|[upkeep]
|upkeep
|
|t:|1786119919
|switch|p1a: Charizard|Charizard, L50, F|100/100
|switch|p2b: Sneasler|Sneasler, L50, F|100/100
|turn|4
|
|t:|1786119927
|switch|p2a: Garchomp|Garchomp-Mega, L50, F|100/100
|detailschange|p1a: Charizard|Charizard-Mega-Y, L50, F
|-mega|p1a: Charizard|Charizard|Charizardite Y
|-weather|SunnyDay|[from] ability: Drought|[of] p1a: Charizard
|move|p1b: Garchomp|Protect|p1b: Garchomp
|-singleturn|p1b: Garchomp|Protect
|move|p1a: Charizard|Protect|p1a: Charizard
|-singleturn|p1a: Charizard|Protect
|move|p2b: Sneasler|Fake Out|p1b: Garchomp
|-activate|p1b: Garchomp|move: Protect
|
|-weather|SunnyDay|[upkeep]
|upkeep
|turn|5
|
|t:|1786119944
|switch|p2b: Tyranitar|Tyranitar, L50, F|13/100
|-weather|Sandstorm|[from] ability: Sand Stream|[of] p2b: Tyranitar
|move|p1b: Garchomp|Dragon Claw|p2a: Garchomp
|-supereffective|p2a: Garchomp|1
|-damage|p2a: Garchomp|1/100
|-damage|p1b: Garchomp|70/100|[from] item: Life Orb
|move|p1a: Charizard|Heat Wave|p2b: Tyranitar|[spread] p2a,p2b
|-resisted|p2a: Garchomp|1
|-resisted|p2b: Tyranitar|1
|-damage|p2a: Garchomp|0 fnt
|-damage|p2b: Tyranitar|0 fnt
|faint|p2a: Garchomp
|faint|p2b: Tyranitar
|
|-weather|Sandstorm|[upkeep]
|-damage|p1a: Charizard|93/100|[from] Sandstorm
|upkeep
|-message|EchoShadowYT forfeited.
|
|win|Enriquelbebe
||EchoShadowYT is ready for game 3.
||Enriquelbebe is ready for game 3.
|uhtml|next|Next: Game 3 of 3
|l|☆Enriquelbebe
|player|p1|
