|j|☆colemarcusvgc
|j|☆UnderratedBanana
|html|colemarcusvgcUnderratedBanana    
|uhtml|bestof|Game 2 of a best-of-3
|t:|1757793946
|gametype|doubles
|player|p1|colemarcusvgc|n|1114
|player|p2|UnderratedBanana|psychic|1110
|gen|9
|tier|[Gen 9] VGC 2025 Reg H (Bo3)
|rated|
|rule|Species Clause: Limit one of each Pokémon
|rule|Item Clause: Limit 1 of each item
|clearpoke
|poke|p1|Indeedee-F, L50, F|
|poke|p1|Hatterene, L50, F|
|poke|p1|Gallade, L50, M|
|poke|p1|Ursaluna, L50, M|
|poke|p1|Torkoal, L50, F|
|poke|p1|Zoroark-Hisui, L50, F|
|poke|p2|Porygon2, L50|
|poke|p2|Incineroar, L50, M|
|poke|p2|Amoonguss, L50, M|
|poke|p2|Ursaluna, L50, F|
|poke|p2|Pelipper, L50, M|
|poke|p2|Archaludon, L50, M|
|teampreview|4
|showteam|p1|Indeedee-F||PsychicSeed|PsychicSurge|TrickRoom,FollowMe,HelpingHand,DazzlingGleam|||F|||50|,,,,,Fire]Hatterene||TwistedSpoon|MagicBounce|ExpandingForce,TrickRoom,DazzlingGleam,Protect|||F|||50|,,,,,Water]Gallade||ClearAmulet|Sharpness|SacredSword,PsychoCut,TrickRoom,WideGuard|||M|||50|,,,,,Grass]Ursaluna||FlameOrb|Guts|HeadlongRush,Facade,Earthquake,Protect|||M|||50|,,,,,Ghost]Torkoal||ChoiceSpecs|Drought|Eruption,HeatWave,WeatherBall,EarthPower|||F|||50|,,,,,Fire]Zoroark-Hisui||FocusSash|Illusion|HyperVoice,BitterMalice,Snarl,Taunt|||F|||50|,,,,,Stellar
|showteam|p2|Porygon2||Eviolite|Download|TeraBlast,IceBeam,Recover,TrickRoom||||||50|,,,,,Fairy]Incineroar||SafetyGoggles|Intimidate|FakeOut,PartingShot,KnockOff,FlareBlitz|||M|||50|,,,,,Ghost]Amoonguss||SitrusBerry|Regenerator|PollenPuff,Spore,RagePowder,ClearSmog|||M|||50|,,,,,Dark]Ursaluna||FlameOrb|Guts|Facade,HeadlongRush,Substitute,Protect|||F|||50|,,,,,Dragon]Pelipper||LifeOrb|Drizzle|WeatherBall,Hurricane,WideGuard,Protect|||M|||50|,,,,,Ghost]Archaludon||AssaultVest|Stamina|ElectroShot,DracoMeteor,FlashCannon,BodyPress|||M|||50|,,,,,Grass
|inactive|Battle timer is ON: inactive players will automatically lose when time's up. (requested by colemarcusvgc)
|inactive|UnderratedBanana has 60 seconds left.
|
|t:|1757793996
|teamsize|p1|4
|teamsize|p2|4
|start
|switch|p1a: Indeedee|Indeedee-F, L50, F|100/100
|switch|p1b: Hatterene|Hatterene, L50, F|100/100
|switch|p2a: Incineroar|Incineroar, L50, M|100/100
|switch|p2b: Archaludon|Archaludon, L50, M, shiny|100/100
|-ability|p2a: Incineroar|Intimidate|boost
|-unboost|p1a: Indeedee|atk|1
|-unboost|p1b: Hatterene|atk|1
|-fieldstart|move: Psychic Terrain|[from] ability: Psychic Surge|[of] p1a: Indeedee
|-enditem|p1a: Indeedee|Psychic Seed
|-boost|p1a: Indeedee|spd|1|[from] item: Psychic Seed
|turn|1
|
|t:|1757794021
|switch|p1b: Torkoal|Torkoal, L50, F|100/100
|-weather|SunnyDay|[from] ability: Drought|[of] p1b: Torkoal
|-terastallize|p1a: Indeedee|Fire
|move|p2b: Archaludon|Flash Cannon|p1b: Torkoal
|-resisted|p1b: Torkoal
|-damage|p1b: Torkoal|75/100
|move|p2a: Incineroar|Parting Shot|p1b: Torkoal
|-unboost|p1b: Torkoal|atk|1
|-unboost|p1b: Torkoal|spa|1
|
|t:|1757794032
|switch|p2a: Pelipper|Pelipper, L50, M|100/100|[from] Parting Shot
|-weather|RainDance|[from] ability: Drizzle|[of] p2a: Pelipper
|move|p1a: Indeedee|Trick Room|p1a: Indeedee
|-fieldstart|move: Trick Room|[of] p1a: Indeedee
|
|-weather|RainDance|[upkeep]
|upkeep
|turn|2
|
|t:|1757794053
|switch|p1b: Gallade|Gallade, L50, M|100/100
|switch|p1a: Hatterene|Hatterene, L50, F|100/100
|move|p2b: Archaludon|Electro Shot||[still]
|-prepare|p2b: Archaludon|Electro Shot
|-boost|p2b: Archaludon|spa|1
|-anim|p2b: Archaludon|Electro Shot|p1b: Gallade
|-crit|p1b: Gallade
|-damage|p1b: Gallade|26/100
|move|p2a: Pelipper|Weather Ball|p1a: Hatterene
|-damage|p1a: Hatterene|4/100
|-damage|p2a: Pelipper|91/100|[from] item: Life Orb
|
|-weather|RainDance|[upkeep]
|upkeep
|turn|3
|
|t:|1757794075
|move|p2a: Pelipper|Wide Guard|p2a: Pelipper
|-singleturn|p2a: Pelipper|Wide Guard
|move|p1a: Hatterene|Expanding Force|p2b: Archaludon|[spread] 
|-activate|p2a: Pelipper|move: Wide Guard
|-activate|p2b: Archaludon|move: Wide Guard
|move|p1b: Gallade|Sacred Sword|p2b: Archaludon
|-supereffective|p2b: Archaludon
|-damage|p2b: Archaludon|0 fnt
|faint|p2b: Archaludon
|
|-weather|RainDance|[upkeep]
|upkeep
|
|t:|1757794087
|switch|p2b: Incineroar|Incineroar, L50, M|100/100
|-ability|p2b: Incineroar|Intimidate|boost
|-unboost|p1a: Hatterene|atk|1
|-fail|p1b: Gallade|unboost|[from] item: Clear Amulet|[of] p1b: Gallade
|turn|4
|
|t:|1757794095
|move|p1a: Hatterene|Protect|p1a: Hatterene
|-singleturn|p1a: Hatterene|Protect
|move|p2a: Pelipper|Wide Guard|p2a: Pelipper
|-singleturn|p2a: Pelipper|Wide Guard
|move|p1b: Gallade|Sacred Sword|p2a: Pelipper
|-resisted|p2a: Pelipper
|-damage|p2a: Pelipper|38/100
|move|p2b: Incineroar|Knock Off|p1b: Gallade
|-crit|p1b: Gallade
|-damage|p1b: Gallade|0 fnt
|-enditem|p1b: Gallade|Clear Amulet|[from] move: Knock Off|[of] p2b: Incineroar
|faint|p1b: Gallade
|
|-weather|RainDance|[upkeep]
|upkeep
|
|t:|1757794108
|switch|p1b: Torkoal|Torkoal, L50, F|75/100
|-weather|SunnyDay|[from] ability: Drought|[of] p1b: Torkoal
|turn|5
|
|t:|1757794126
|switch|p1a: Indeedee|Indeedee-F, L50, F, tera:Fire|100/100
|move|p2a: Pelipper|Protect||[still]
|-fail|p2a: Pelipper
|move|p1b: Torkoal|Heat Wave|p2a: Pelipper|[spread] p2b
|-miss|p1b: Torkoal|p2a: Pelipper
|-resisted|p2b: Incineroar
|-damage|p2b: Incineroar|73/100
|move|p2b: Incineroar|Knock Off|p1b: Torkoal
|-damage|p1b: Torkoal|45/100
|-enditem|p1b: Torkoal|Choice Specs|[from] move: Knock Off|[of] p2b: Incineroar
|
|-weather|SunnyDay|[upkeep]
|-fieldend|move: Trick Room
|-fieldend|move: Psychic Terrain
|upkeep
|turn|6
|
|t:|1757794150
|switch|p2a: Amoonguss|Amoonguss, L50, M|100/100
|switch|p1b: Hatterene|Hatterene, L50, F|4/100
|move|p2b: Incineroar|Parting Shot|p1b: Hatterene
|move|p1b: Hatterene|Parting Shot|p2b: Incineroar|[from] ability: Magic Bounce
|-unboost|p2b: Incineroar|atk|1
|-unboost|p2b: Incineroar|spa|1
|
|t:|1757794158
|switch|p1b: Torkoal|Torkoal, L50, F|45/100|[from] Parting Shot
|move|p1a: Indeedee|Trick Room|p1a: Indeedee
|-fieldstart|move: Trick Room|[of] p1a: Indeedee
|
|-weather|SunnyDay|[upkeep]
|upkeep
|turn|7
|
|t:|1757794170
|switch|p1a: Hatterene|Hatterene, L50, F|4/100
|switch|p2b: Pelipper|Pelipper, L50, M|38/100
|-weather|RainDance|[from] ability: Drizzle|[of] p2b: Pelipper
|-terastallize|p2a: Amoonguss|Dark
|move|p1b: Torkoal|Heat Wave|p2a: Amoonguss|[spread] p2a,p2b
|-resisted|p2b: Pelipper
|-damage|p2a: Amoonguss|89/100
|-damage|p2b: Pelipper|25/100
|move|p2a: Amoonguss|Spore|p1b: Torkoal
|-status|p1b: Torkoal|slp|[from] move: Spore
|
|-weather|RainDance|[upkeep]
|upkeep
|turn|8
|inactive|colemarcusvgc has 30 seconds left.
|
|t:|1757794198
|switch|p1a: Indeedee|Indeedee-F, L50, F, tera:Fire|100/100
|-fieldstart|move: Psychic Terrain|[from] ability: Psychic Surge|[of] p1a: Indeedee
|move|p2b: Pelipper|Wide Guard|p2b: Pelipper
|-singleturn|p2b: Pelipper|Wide Guard
|cant|p1b: Torkoal|slp
|move|p2a: Amoonguss|Pollen Puff|p2b: Pelipper
|-heal|p2b: Pelipper|75/100
|
|-weather|RainDance|[upkeep]
|upkeep
|turn|9
|
|t:|1757794215
|switch|p2b: Incineroar|Incineroar, L50, M|73/100
|-ability|p2b: Incineroar|Intimidate|boost
|-unboost|p1a: Indeedee|atk|1
|-unboost|p1b: Torkoal|atk|1
|move|p1a: Indeedee|Helping Hand|p1b: Torkoal
|-singleturn|p1b: Torkoal|Helping Hand|[of] p1a: Indeedee
|cant|p1b: Torkoal|slp
|move|p2a: Amoonguss|Spore|p1a: Indeedee
|-status|p1a: Indeedee|slp|[from] move: Spore
|
|-weather|RainDance|[upkeep]
|upkeep
|turn|10
|-message|colemarcusvgc forfeited.
|
|win|UnderratedBanana
|raw|colemarcusvgc's rating: 1114 → 1089(-25 for losing)
|raw|UnderratedBanana's rating: 1110 → 1135(+25 for winning)
|l|☆colemarcusvgc
|player|p1|
|l|☆UnderratedBanana
|player|p2|
|j|☆colemarcusvgc
|player|p1|colemarcusvgc|n|
