|j|☆crullvgc
|j|☆livy_mon
|html|crullvgclivy_mon    
|uhtml|bestof|Game 1 of a best-of-3
|t:|1756526348
|gametype|doubles
|player|p1|crullvgc|janitor|1178
|player|p2|livy_mon|lady|1000
|gen|9
|tier|[Gen 9] VGC 2025 Reg H (Bo3)
|rated|
|rule|Species Clause: Limit one of each Pokémon
|rule|Item Clause: Limit 1 of each item
|clearpoke
|poke|p1|Garchomp, L50, M|
|poke|p1|Talonflame, L50, F|
|poke|p1|Primarina, L50, F|
|poke|p1|Electabuzz, L50, F|
|poke|p1|Rillaboom, L50, F|
|poke|p1|Gholdengo, L50|
|poke|p2|Dragonite, L50, F|
|poke|p2|Ursaluna-Bloodmoon, L50, M|
|poke|p2|Gholdengo, L50|
|poke|p2|Incineroar, L50, M|
|poke|p2|Whimsicott, L50, M|
|poke|p2|Primarina, L50, M|
|teampreview|4
|showteam|p1|Garchomp||LifeOrb|RoughSkin|StompingTantrum,Earthquake,DragonClaw,Protect|||M|||50|,,,,,Fire]Talonflame||CovertCloak|GaleWings|Tailwind,WillOWisp,DualWingbeat,Taunt|||F|||50|,,,,,Dark]Primarina||ThroatSpray|LiquidVoice|HyperVoice,Moonblast,Haze,Protect|||F|||50|,,,,,Poison]Electabuzz||Eviolite|VitalSpirit|FollowMe,Electroweb,HelpingHand,Protect|||F|||50|,,,,,Ghost]Rillaboom||AssaultVest|GrassySurge|FakeOut,GrassyGlide,WoodHammer,HighHorsepower|||F|||50|,,,,,Fire]Gholdengo||MetalCoat|GoodasGold|MakeItRain,ShadowBall,NastyPlot,Protect||||||50|,,,,,Steel
|showteam|p2|Dragonite||LoadedDice|InnerFocus|ScaleShot,Haze,Protect,ExtremeSpeed|||F|||50|,,,,,Water]Ursaluna-Bloodmoon||LifeOrb|MindsEye|BloodMoon,EarthPower,Protect,Moonblast|||M|||50|,,,,,Fairy]Gholdengo||Leftovers|GoodasGold|Protect,ShadowBall,MakeItRain,NastyPlot||||||50|,,,,,Water]Incineroar||SafetyGoggles|Intimidate|FakeOut,WillOWisp,KnockOff,PartingShot|||M|||50|,,,,,Ghost]Whimsicott||CovertCloak|Prankster|Encore,Moonblast,Protect,Tailwind|||M|||50|,,,,,Ground]Primarina||ThroatSpray|LiquidVoice|HyperVoice,IcyWind,DazzlingGleam,Protect|||M|||50|,,,,,Water
|inactive|Battle timer is ON: inactive players will automatically lose when time's up. (requested by livy_mon)
|inactive|crullvgc has 60 seconds left.
|
|t:|1756526390
|teamsize|p1|4
|teamsize|p2|4
|start
|switch|p1a: Gholdengo|Gholdengo, L50|100/100
|switch|p1b: Electabuzz|Electabuzz, L50, F|100/100
|switch|p2a: Whimsicott|Whimsicott, L50, M|100/100
|switch|p2b: Primarina|Primarina, L50, M|100/100
|turn|1
|
|t:|1756526408
|switch|p2b: Incineroar|Incineroar, L50, M, shiny|100/100
|-ability|p2b: Incineroar|Intimidate|boost
|-unboost|p1a: Gholdengo|atk|1
|-unboost|p1b: Electabuzz|atk|1
|move|p2a: Whimsicott|Tailwind|p2a: Whimsicott
|-sidestart|p2: livy_mon|move: Tailwind
|move|p1b: Electabuzz|Electroweb|p2a: Whimsicott|[spread] p2a,p2b
|-resisted|p2a: Whimsicott
|-damage|p2a: Whimsicott|92/100
|-damage|p2b: Incineroar|92/100
|-unboost|p2b: Incineroar|spe|1
|move|p1a: Gholdengo|Make It Rain|p2b: Incineroar|[spread] p2a,p2b
|-supereffective|p2a: Whimsicott
|-resisted|p2b: Incineroar
|-damage|p2a: Whimsicott|0 fnt
|-damage|p2b: Incineroar|71/100
|-unboost|p1a: Gholdengo|spa|1
|faint|p2a: Whimsicott
|
|upkeep
|
|t:|1756526427
|switch|p2a: Ursaluna|Ursaluna-Bloodmoon, L50, M|100/100
|turn|2
|
|t:|1756526442
|switch|p1a: Rillaboom|Rillaboom, L50, F|100/100
|-fieldstart|move: Grassy Terrain|[from] ability: Grassy Surge|[of] p1a: Rillaboom
|move|p1b: Electabuzz|Protect|p1b: Electabuzz
|-singleturn|p1b: Electabuzz|Protect
|move|p2b: Incineroar|Fake Out|p1b: Electabuzz
|-activate|p1b: Electabuzz|move: Protect
|move|p2a: Ursaluna|Earth Power|p1a: Rillaboom
|-resisted|p1a: Rillaboom
|-damage|p1a: Rillaboom|77/100
|-damage|p2a: Ursaluna|90/100|[from] item: Life Orb
|
|-heal|p2a: Ursaluna|96/100|[from] Grassy Terrain
|-heal|p1a: Rillaboom|83/100|[from] Grassy Terrain
|-heal|p2b: Incineroar|77/100|[from] Grassy Terrain
|upkeep
|turn|3
|inactive|crullvgc has 30 seconds left.
|inactive|livy_mon has 30 seconds left.
|inactive|crullvgc has 20 seconds left.
|
|t:|1756526487
|-terastallize|p2a: Ursaluna|Fairy
|-terastallize|p1a: Rillaboom|Fire
|move|p1b: Electabuzz|Helping Hand|p1a: Rillaboom
|-singleturn|p1a: Rillaboom|Helping Hand|[of] p1b: Electabuzz
|move|p2a: Ursaluna|Blood Moon|p1a: Rillaboom
|-damage|p1a: Rillaboom|19/100
|-damage|p2a: Ursaluna|86/100|[from] item: Life Orb
|move|p1a: Rillaboom|Wood Hammer|p2a: Ursaluna
|-damage|p2a: Ursaluna|9/100
|-damage|p1a: Rillaboom|0 fnt|[from] Recoil
|faint|p1a: Rillaboom
|move|p2b: Incineroar|Knock Off|p1b: Electabuzz
|-damage|p1b: Electabuzz|61/100
|-enditem|p1b: Electabuzz|Eviolite|[from] move: Knock Off|[of] p2b: Incineroar
|
|-heal|p1b: Electabuzz|67/100|[from] Grassy Terrain
|-heal|p2a: Ursaluna|15/100|[from] Grassy Terrain
|-heal|p2b: Incineroar|83/100|[from] Grassy Terrain
|upkeep
|
|t:|1756526509
|switch|p1a: Gholdengo|Gholdengo, L50|100/100
|turn|4
|
|t:|1756526522
|move|p1b: Electabuzz|Protect|p1b: Electabuzz
|-singleturn|p1b: Electabuzz|Protect
|move|p2a: Ursaluna|Protect|p2a: Ursaluna
|-singleturn|p2a: Ursaluna|Protect
|move|p1a: Gholdengo|Protect|p1a: Gholdengo
|-singleturn|p1a: Gholdengo|Protect
|move|p2b: Incineroar|Knock Off|p1a: Gholdengo
|-activate|p1a: Gholdengo|move: Protect
|
|-heal|p1b: Electabuzz|72/100|[from] Grassy Terrain
|-heal|p2a: Ursaluna|20/100|[from] Grassy Terrain
|-heal|p2b: Incineroar|89/100|[from] Grassy Terrain
|-sideend|p2: livy_mon|move: Tailwind
|upkeep
|turn|5
|
|t:|1756526543
|move|p2a: Ursaluna|Protect||[still]
|-fail|p2a: Ursaluna
|move|p1b: Electabuzz|Follow Me|p1b: Electabuzz
|-singleturn|p1b: Electabuzz|move: Follow Me
|move|p1a: Gholdengo|Make It Rain|p2b: Incineroar|[spread] p2a,p2b
|-supereffective|p2a: Ursaluna
|-resisted|p2b: Incineroar
|-damage|p2a: Ursaluna|0 fnt
|-damage|p2b: Incineroar|68/100
|-unboost|p1a: Gholdengo|spa|1
|faint|p2a: Ursaluna
|move|p2b: Incineroar|Knock Off|p1b: Electabuzz
|-damage|p1b: Electabuzz|34/100
|
|-heal|p1b: Electabuzz|40/100|[from] Grassy Terrain
|-heal|p2b: Incineroar|74/100|[from] Grassy Terrain
|upkeep
|
|t:|1756526556
|switch|p2a: Primarina|Primarina, L50, M|100/100
|turn|6
|
|t:|1756526576
|switch|p1a: Primarina|Primarina, L50, F|100/100
|move|p1b: Electabuzz|Electroweb|p2a: Primarina|[spread] p2a,p2b
|-supereffective|p2a: Primarina
|-damage|p2a: Primarina|80/100
|-damage|p2b: Incineroar|65/100
|-unboost|p2a: Primarina|spe|1
|-unboost|p2b: Incineroar|spe|1
|move|p2a: Primarina|Hyper Voice|p1b: Electabuzz|[spread] p1a,p1b
|-resisted|p1a: Primarina
|-damage|p1a: Primarina|88/100
|-damage|p1b: Electabuzz|2/100
|-enditem|p2a: Primarina|Throat Spray
|-boost|p2a: Primarina|spa|1|[from] item: Throat Spray
|move|p2b: Incineroar|Knock Off|p1a: Primarina
|-resisted|p1a: Primarina
|-damage|p1a: Primarina|67/100
|-enditem|p1a: Primarina|Throat Spray|[from] move: Knock Off|[of] p2b: Incineroar
|
|-heal|p1b: Electabuzz|8/100|[from] Grassy Terrain
|-heal|p1a: Primarina|73/100|[from] Grassy Terrain
|-heal|p2a: Primarina|86/100|[from] Grassy Terrain
|-heal|p2b: Incineroar|71/100|[from] Grassy Terrain
|-fieldend|move: Grassy Terrain
|upkeep
|turn|7
|inactive|livy_mon has 30 seconds left.
|
|t:|1756526606
|move|p1b: Electabuzz|Helping Hand|p1a: Primarina
|-singleturn|p1a: Primarina|Helping Hand|[of] p1b: Electabuzz
|move|p1a: Primarina|Hyper Voice|p2a: Primarina|[spread] p2a,p2b
|-resisted|p2a: Primarina
|-supereffective|p2b: Incineroar
|-damage|p2a: Primarina|69/100
|-damage|p2b: Incineroar|3/100
|move|p2a: Primarina|Hyper Voice|p1a: Primarina|[spread] p1a,p1b
|-resisted|p1a: Primarina
|-damage|p1a: Primarina|55/100
|-damage|p1b: Electabuzz|0 fnt
|faint|p1b: Electabuzz
|move|p2b: Incineroar|Parting Shot|p1a: Primarina
|-unboost|p1a: Primarina|atk|1
|-unboost|p1a: Primarina|spa|1
|
|upkeep
|
|t:|1756526614
|switch|p1b: Gholdengo|Gholdengo, L50|100/100
|turn|8
|
|t:|1756526623
|move|p1b: Gholdengo|Make It Rain|p2b: Incineroar|[spread] p2a,p2b
|-resisted|p2b: Incineroar
|-damage|p2a: Primarina|18/100
|-damage|p2b: Incineroar|0 fnt
|-unboost|p1b: Gholdengo|spa|1
|faint|p2b: Incineroar
|move|p1a: Primarina|Moonblast|p2a: Primarina
|-damage|p2a: Primarina|0 fnt
|faint|p2a: Primarina
|
|win|crullvgc
||livy_mon is ready for game 2.
|inactive|crullvgc has 30 seconds to confirm battle start!
||crullvgc is ready for game 2.
|uhtml|next|Next: Game 2 of 3
|l|☆livy_mon
|player|p2|
