|j|☆KKameleon8
|j|☆dondozo ate my son
|html|KKameleon8dondozo ate my son    
|uhtml|bestof|Game 3 of a best-of-3
|t:|1784422175
|gametype|doubles
|player|p1|KKameleon8|1|1405
|player|p2|dondozo ate my son|102|1355
|gen|9
|tier|[Gen 9 Champions] VGC 2026 Reg M-B (Bo3)
|rated|
|rule|Species Clause: Limit one of each Pokémon
|rule|Item Clause: Limit 1 of each item
|clearpoke
|poke|p1|Hawlucha, L50, F|
|poke|p1|Mr. Rime, L50, M|
|poke|p1|Incineroar, L50, M|
|poke|p1|Kingambit, L50, M|
|poke|p1|Sinistcha, L50|
|poke|p1|Floette-Eternal, L50, F|
|poke|p2|Gengar, L50, M|
|poke|p2|Swampert, L50, M|
|poke|p2|Incineroar, L50, F|
|poke|p2|Politoed, L50, F|
|poke|p2|Archaludon, L50, M|
|poke|p2|Vivillon, L50, F|
|teampreview|4
|showteam|p1|Hawlucha||Hawluchanite|Limber|BraveBird,StoneEdge,Entrainment,Protect|Jolly||F|||50|]Mr. Rime||FocusSash|ScreenCleaner|IceShard,FakeOut,SheerCold,Protect|Jolly||M|||50|]Incineroar||SitrusBerry|Intimidate|DarkestLariat,FlareBlitz,FakeOut,PartingShot|Impish||M|||50|]Kingambit||LifeOrb|Defiant|KowtowCleave,SuckerPunch,SwordsDance,Protect|Adamant||M|||50|]Sinistcha||CobaBerry|Hospitality|MatchaGotcha,RagePowder,TrickRoom,ShadowBall|Calm|||||50|]Floette-Eternal||Floettite|FlowerVeil|Moonblast,DazzlingGleam,LightofRuin,Protect|Timid||F|||50|
|showteam|p2|Gengar||Gengarite|CursedBody|ShadowBall,PerishSong,SludgeBomb,Protect|Timid||M|||50|]Swampert||Swampertite|Torrent|WaveCrash,Earthquake,IcePunch,Protect|Adamant||M|||50|]Incineroar||PasshoBerry|Intimidate|ThroatChop,PartingShot,FakeOut,Protect|Sassy||F|||50|]Politoed||SitrusBerry|Drizzle|WeatherBall,PerishSong,Encore,Protect|Calm||F|||50|]Archaludon||Leftovers|Stamina|DragonPulse,FlashCannon,ElectroShot,Protect|Bold||M|||50|]Vivillon||FocusSash|CompoundEyes|Hurricane,SleepPowder,RagePowder,Protect|Timid||F|||50|
|inactive|Battle timer is ON: inactive players will automatically lose when time's up. (requested by KKameleon8)
|
|t:|1784422200
|teamsize|p1|4
|teamsize|p2|4
|start
|switch|p1a: Mr. Rime|Mr. Rime, L50, M|100/100
|switch|p1b: Kingambit|Kingambit, L50, M|100/100
|switch|p2a: Vivillon|Vivillon, L50, F|100/100
|switch|p2b: Gengar|Gengar, L50, M|100/100
|turn|1
|
|t:|1784422210
|detailschange|p2b: Gengar|Gengar-Mega, L50, M
|-mega|p2b: Gengar|Gengar|Gengarite
|move|p1a: Mr. Rime|Fake Out|p2a: Vivillon
|-damage|p2a: Vivillon|78/100
|move|p2b: Gengar|Perish Song|p2b: Gengar
|-start|p1a: Mr. Rime|perish3|[silent]
|-start|p1b: Kingambit|perish3|[silent]
|-start|p2a: Vivillon|perish3|[silent]
|-start|p2b: Gengar|perish3|[silent]
|-fieldactivate|move: Perish Song
|cant|p2a: Vivillon|flinch
|move|p1b: Kingambit|Kowtow Cleave|p2b: Gengar
|-supereffective|p2b: Gengar|1
|-damage|p2b: Gengar|0 fnt
|faint|p2b: Gengar
|-damage|p1b: Kingambit|90/100|[from] item: Life Orb
|
|-start|p2a: Vivillon|perish3
|-start|p1a: Mr. Rime|perish3
|-start|p1b: Kingambit|perish3
|upkeep
|
|t:|1784422229
|switch|p2b: Politoed|Politoed, L50, F|100/100
|-weather|RainDance|[from] ability: Drizzle|[of] p2b: Politoed
|turn|2
|
|t:|1784422235
|move|p1b: Kingambit|Protect|p1b: Kingambit
|-singleturn|p1b: Kingambit|Protect
|move|p1a: Mr. Rime|Ice Shard|p2a: Vivillon
|-supereffective|p2a: Vivillon|1
|-damage|p2a: Vivillon|18/100
|move|p2a: Vivillon|Sleep Powder|p1b: Kingambit
|-activate|p1b: Kingambit|move: Protect
|move|p2b: Politoed|Weather Ball|p1b: Kingambit
|-activate|p1b: Kingambit|move: Protect
|
|-weather|RainDance|[upkeep]
|-start|p2a: Vivillon|perish2
|-start|p1a: Mr. Rime|perish2
|-start|p1b: Kingambit|perish2
|upkeep
|turn|3
|
|t:|1784422242
|switch|p1b: Sinistcha|Sinistcha, L50|100/100
|move|p1a: Mr. Rime|Ice Shard|p2a: Vivillon
|-supereffective|p2a: Vivillon|1
|-damage|p2a: Vivillon|0 fnt
|faint|p2a: Vivillon
|move|p2b: Politoed|Weather Ball|p1b: Sinistcha
|-resisted|p1b: Sinistcha|1
|-damage|p1b: Sinistcha|79/100
|
|-weather|RainDance|[upkeep]
|-start|p1a: Mr. Rime|perish1
|upkeep
|
|t:|1784422244
|switch|p2a: Incineroar|Incineroar, L50, F|100/100
|-ability|p2a: Incineroar|Intimidate|boost
|-unboost|p1a: Mr. Rime|atk|1
|-unboost|p1b: Sinistcha|atk|1
|turn|4
|
|t:|1784422250
|switch|p1a: Hawlucha|Hawlucha, L50, F|100/100
|move|p2b: Politoed|Weather Ball|p1a: Hawlucha
|-damage|p1a: Hawlucha|21/100
|move|p1b: Sinistcha|Matcha Gotcha|p2b: Politoed|[spread] p2a,p2b
|-resisted|p2a: Incineroar|1
|-supereffective|p2b: Politoed|1
|-damage|p2a: Incineroar|91/100
|-heal|p1b: Sinistcha|84/100|[from] drain|[of] p2a: Incineroar
|-damage|p2b: Politoed|60/100
|-heal|p1b: Sinistcha|100/100|[from] drain|[of] p2b: Politoed
|-status|p2b: Politoed|brn
|move|p2a: Incineroar|Throat Chop|p1a: Hawlucha
|-resisted|p1a: Hawlucha|1
|-damage|p1a: Hawlucha|0 fnt
|faint|p1a: Hawlucha
|
|-weather|RainDance|[upkeep]
|-damage|p2b: Politoed|54/100 brn|[from] brn
|upkeep
|
|t:|1784422263
|switch|p1a: Kingambit|Kingambit, L50, M|90/100
|turn|5
|
|t:|1784422275
|move|p1b: Sinistcha|Rage Powder|p1b: Sinistcha
|-singleturn|p1b: Sinistcha|move: Rage Powder
|move|p2b: Politoed|Weather Ball|p1b: Sinistcha
|-resisted|p1b: Sinistcha|1
|-damage|p1b: Sinistcha|79/100
|move|p1a: Kingambit|Swords Dance|p1a: Kingambit
|-boost|p1a: Kingambit|atk|2
|move|p2a: Incineroar|Throat Chop|p1b: Sinistcha
|-supereffective|p1b: Sinistcha|1
|-damage|p1b: Sinistcha|28/100
|-start|p1b: Sinistcha|Throat Chop|[silent]
|
|-weather|RainDance|[upkeep]
|-damage|p2b: Politoed|48/100 brn|[from] brn
|upkeep
|-enditem|p2b: Politoed|Sitrus Berry|[eat]
|-heal|p2b: Politoed|73/100 brn|[from] item: Sitrus Berry
|turn|6
|
|t:|1784422288
|move|p1b: Sinistcha|Rage Powder|p1b: Sinistcha
|-singleturn|p1b: Sinistcha|move: Rage Powder
|move|p1a: Kingambit|Sucker Punch|p2b: Politoed
|-damage|p2b: Politoed|0 fnt
|faint|p2b: Politoed
|-damage|p1a: Kingambit|80/100|[from] item: Life Orb
|move|p2a: Incineroar|Throat Chop|p1b: Sinistcha
|-supereffective|p1b: Sinistcha|1
|-damage|p1b: Sinistcha|0 fnt
|faint|p1b: Sinistcha
|
|-weather|none
|upkeep
|
|t:|1784422292
|switch|p1b: Mr. Rime|Mr. Rime, L50, M|100/100
|turn|7
|
|t:|1784422301
|move|p1b: Mr. Rime|Fake Out|p2a: Incineroar
|-damage|p2a: Incineroar|81/100
|move|p1a: Kingambit|Swords Dance|p1a: Kingambit
|-boost|p1a: Kingambit|atk|2
|cant|p2a: Incineroar|flinch
|
|upkeep
|turn|8
|
|t:|1784422309
|move|p1a: Kingambit|Protect|p1a: Kingambit
|-singleturn|p1a: Kingambit|Protect
|move|p1b: Mr. Rime|Ice Shard|p2a: Incineroar
|-resisted|p2a: Incineroar|1
|-damage|p2a: Incineroar|74/100
|move|p2a: Incineroar|Throat Chop|p1b: Mr. Rime
|-supereffective|p1b: Mr. Rime|1
|-damage|p1b: Mr. Rime|4/100
|-start|p1b: Mr. Rime|Throat Chop|[silent]
|
|upkeep
|turn|9
|
|t:|1784422315
|move|p1b: Mr. Rime|Ice Shard|p2a: Incineroar
|-resisted|p2a: Incineroar|1
|-damage|p2a: Incineroar|67/100
|move|p1a: Kingambit|Sucker Punch|p2a: Incineroar
|-resisted|p2a: Incineroar|1
|-damage|p2a: Incineroar|0 fnt
|faint|p2a: Incineroar
|-damage|p1a: Kingambit|70/100|[from] item: Life Orb
|
|win|KKameleon8
|raw|KKameleon8's rating: 1405 → 1422(+17 for winning)
|raw|dondozo ate my son's rating: 1355 → 1338(-17 for losing)
|l|☆KKameleon8
|player|p1|
