|j|☆testdigi
|j|☆Sao Pescador
|html|testdigiSao Pescador    
|uhtml|bestof|Game 2 of a best-of-3
|t:|1784312883
|gametype|doubles
|player|p1|testdigi|1|1113
|player|p2|Sao Pescador|fisherman-gen4|1026
|gen|9
|tier|[Gen 9 Champions] VGC 2026 Reg M-B (Bo3)
|rated|
|rule|Species Clause: Limit one of each Pokémon
|rule|Item Clause: Limit 1 of each item
|clearpoke
|poke|p1|Sneasler, L50, M|
|poke|p1|Delphox, L50, M, shiny|
|poke|p1|Kingambit, L50, F, shiny|
|poke|p1|Sinistcha, L50|
|poke|p1|Incineroar, L50, M|
|poke|p1|Blastoise, L50, F|
|poke|p2|Meganium, L50, F|
|poke|p2|Archaludon, L50, F|
|poke|p2|Basculegion, L50, M|
|poke|p2|Pelipper, L50, F|
|poke|p2|Overqwil, L50, F|
|poke|p2|Vileplume, L50, M|
|teampreview|4
|showteam|p1|Sneasler||FocusSash|PoisonTouch|PoisonJab,QuickGuard,CloseCombat,FakeOut|Jolly||M|||50|]Delphox||Delphoxite|Blaze|HeatWave,Psychic,NastyPlot,Protect|Timid||M|||50|]Kingambit||LifeOrb|Defiant|KowtowCleave,SuckerPunch,SwordsDance,Protect|Adamant||F|||50|]Sinistcha||ColburBerry|Hospitality|MatchaGotcha,RagePowder,TrickRoom,Protect|Bold|||||50|]Incineroar||SitrusBerry|Intimidate|FlareBlitz,HelpingHand,PartingShot,FakeOut|Impish||M|||50|]Blastoise||Blastoisinite|RainDish|WaterSpout,DarkPulse,ShellSmash,Protect|Modest||F|||50|
|showteam|p2|Meganium||Meganiumite|LeafGuard|DazzlingGleam,SolarBeam,Protect,WeatherBall|Timid||F|||50|]Archaludon||Leftovers|Stamina|ElectroShot,FlashCannon,Protect,DragonPulse|Timid||F|||50|]Basculegion||ChoiceScarf|Adaptability|LastRespects,FlipTurn,WaveCrash,PhantomForce|Jolly||M|||50|]Pelipper||FocusSash|Drizzle|Tailwind,Hurricane,Protect,WeatherBall|Bold||F|||50|]Overqwil||SitrusBerry|Intimidate|BarbBarrage,ThroatChop,Taunt,Protect|Jolly||F|||50|]Vileplume||LifeOrb|EffectSpore|LeechSeed,Protect,Toxic,LeafStorm|Calm||M|||50|
|
|t:|1784312905
|teamsize|p1|4
|teamsize|p2|4
|start
|switch|p1a: Incineroar|Incineroar, L50, M|100/100
|switch|p1b: Kingambit|Kingambit, L50, F, shiny|100/100
|switch|p2a: Basculegion|Basculegion, L50, M|100/100
|switch|p2b: Archaludon|Archaludon, L50, F|100/100
|-ability|p1a: Incineroar|Intimidate|boost
|-unboost|p2a: Basculegion|atk|1
|-unboost|p2b: Archaludon|atk|1
|turn|1
|
|t:|1784312928
|move|p1a: Incineroar|Fake Out|p2b: Archaludon
|-resisted|p2b: Archaludon|1
|-damage|p2b: Archaludon|95/100
|-ability|p2b: Archaludon|Stamina|boost
|-boost|p2b: Archaludon|def|1
|move|p2a: Basculegion|Wave Crash|p1a: Incineroar
|-supereffective|p1a: Incineroar|1
|-damage|p1a: Incineroar|26/100
|-enditem|p1a: Incineroar|Sitrus Berry|[eat]
|-heal|p1a: Incineroar|51/100|[from] item: Sitrus Berry
|-damage|p2a: Basculegion|75/100|[from] Recoil
|cant|p2b: Archaludon|flinch
|move|p1b: Kingambit|Swords Dance|p1b: Kingambit
|-boost|p1b: Kingambit|atk|2
|
|-heal|p2b: Archaludon|100/100|[from] item: Leftovers
|upkeep
|turn|2
|
|t:|1784312959
|switch|p2a: Meganium|Meganium, L50, F|100/100
|move|p1b: Kingambit|Protect|p1b: Kingambit
|-singleturn|p1b: Kingambit|Protect
|move|p2b: Archaludon|Dragon Pulse|p1a: Incineroar
|-damage|p1a: Incineroar|6/100
|move|p1a: Incineroar|Parting Shot|p2a: Meganium
|-unboost|p2a: Meganium|atk|1
|-unboost|p2a: Meganium|spa|1
|
|t:|1784312967
|switch|p1a: Sneasler|Sneasler, L50, M|100/100|[from] Parting Shot
|
|upkeep
|turn|3
|
|t:|1784312989
|detailschange|p2a: Meganium|Meganium-Mega, L50, F
|-mega|p2a: Meganium|Meganium|Meganiumite
|move|p1a: Sneasler|Poison Jab|p2a: Meganium
|-supereffective|p2a: Meganium|2
|-damage|p2a: Meganium|0 fnt
|faint|p2a: Meganium
|move|p2b: Archaludon|Flash Cannon|p1a: Sneasler
|-damage|p1a: Sneasler|47/100
|move|p1b: Kingambit|Swords Dance|p1b: Kingambit
|-boost|p1b: Kingambit|atk|2
|
|upkeep
|
|t:|1784313002
|switch|p2a: Pelipper|Pelipper, L50, F|100/100
|-weather|RainDance|[from] ability: Drizzle|[of] p2a: Pelipper
|turn|4
|
|t:|1784313021
|move|p1b: Kingambit|Sucker Punch|p2b: Archaludon
|-damage|p2b: Archaludon|3/100
|-ability|p2b: Archaludon|Stamina|boost
|-boost|p2b: Archaludon|def|1
|-damage|p1b: Kingambit|90/100|[from] item: Life Orb
|move|p1a: Sneasler|Close Combat|p2b: Archaludon
|-supereffective|p2b: Archaludon|1
|-damage|p2b: Archaludon|0 fnt
|-unboost|p1a: Sneasler|def|1
|-unboost|p1a: Sneasler|spd|1
|faint|p2b: Archaludon
|move|p2a: Pelipper|Hurricane|p1a: Sneasler
|-supereffective|p1a: Sneasler|1
|-damage|p1a: Sneasler|0 fnt
|faint|p1a: Sneasler
|
|-weather|RainDance|[upkeep]
|upkeep
|
|t:|1784313034
|switch|p1a: Incineroar|Incineroar, L50, M|6/100
|switch|p2b: Basculegion|Basculegion, L50, M|75/100
|-ability|p1a: Incineroar|Intimidate|boost
|-unboost|p2a: Pelipper|atk|1
|-unboost|p2b: Basculegion|atk|1
|turn|5
|
|t:|1784313059
|move|p1a: Incineroar|Fake Out|p2a: Pelipper
|-damage|p2a: Pelipper|91/100
|move|p2b: Basculegion|Phantom Force||[still]
|-prepare|p2b: Basculegion|Phantom Force
|cant|p2a: Pelipper|flinch
|move|p1b: Kingambit|Kowtow Cleave|p2b: Basculegion|[miss]
|-miss|p1b: Kingambit|p2b: Basculegion
|
|-weather|RainDance|[upkeep]
|upkeep
|turn|6
|
|t:|1784313073
|move|p1b: Kingambit|Protect|p1b: Kingambit
|-singleturn|p1b: Kingambit|Protect
|move|p2b: Basculegion|Phantom Force|p1b: Kingambit|[from] lockedmove
|-activate|p1b: Kingambit|move: Phantom Force|[broken]
|-resisted|p1b: Kingambit|1
|-damage|p1b: Kingambit|76/100
|move|p1a: Incineroar|Parting Shot|p2a: Pelipper
|-unboost|p2a: Pelipper|atk|1
|-unboost|p2a: Pelipper|spa|1
|
|t:|1784313107
|switch|p1a: Sinistcha|Sinistcha, L50|100/100|[from] Parting Shot
|-heal|p1b: Kingambit|100/100|[from] ability: Hospitality|[of] p1a: Sinistcha
|move|p2a: Pelipper|Weather Ball|p1a: Sinistcha
|-resisted|p1a: Sinistcha|1
|-damage|p1a: Sinistcha|83/100
|
|-weather|RainDance|[upkeep]
|upkeep
|turn|7
|
|t:|1784313120
|move|p2b: Basculegion|Phantom Force||[still]
|-prepare|p2b: Basculegion|Phantom Force
|move|p1a: Sinistcha|Matcha Gotcha|p2a: Pelipper|[spread] p2a
|-miss|p1a: Sinistcha|p2b: Basculegion
|-crit|p2a: Pelipper
|-damage|p2a: Pelipper|38/100
|-heal|p1a: Sinistcha|100/100|[from] drain|[of] p2a: Pelipper
|move|p2a: Pelipper|Hurricane|p1a: Sinistcha
|-supereffective|p1a: Sinistcha|1
|-damage|p1a: Sinistcha|48/100
|move|p1b: Kingambit|Kowtow Cleave|p2a: Pelipper
|-damage|p2a: Pelipper|0 fnt
|faint|p2a: Pelipper
|-damage|p1b: Kingambit|90/100|[from] item: Life Orb
|
|-weather|RainDance|[upkeep]
|upkeep
|turn|8
|l|☆Sao Pescador
|player|p2|
|inactive|Battle timer is ON: inactive players will automatically lose when time's up. (requested by testdigi)
|inactive|Sao Pescador has 30 seconds to reconnect!
|inactive|Sao Pescador has 20 seconds to reconnect!
|inactive|Sao Pescador has 15 seconds to reconnect!
|inactive|Sao Pescador has 10 seconds to reconnect!
|inactive|Sao Pescador has 5 seconds to reconnect!
|-message|Sao Pescador lost due to inactivity.
|
|win|testdigi
