|j|☆Whaaale Gorl
|j|☆Kdbc73
|html|Whaaale GorlKdbc73    
|uhtml|bestof|Game 1 of a best-of-3
|t:|1756181179
|gametype|doubles
|player|p1|Whaaale Gorl|caitlin|1171
|player|p2|Kdbc73|preschoolerf|1132
|gen|9
|tier|[Gen 9] VGC 2025 Reg H (Bo3)
|rated|
|rule|Species Clause: Limit one of each Pokémon
|rule|Item Clause: Limit 1 of each item
|clearpoke
|poke|p1|Dragapult, L50, M|
|poke|p1|Porygon2, L50|
|poke|p1|Ursaluna, L50, M|
|poke|p1|Whimsicott, L50, M|
|poke|p1|Kingambit, L50, F|
|poke|p1|Gholdengo, L50|
|poke|p2|Sneasler, L50, F|
|poke|p2|Indeedee, L50, M|
|poke|p2|Ursaluna-Bloodmoon, L50, M|
|poke|p2|Electabuzz, L50, M|
|poke|p2|Incineroar, L50, M|
|poke|p2|Talonflame, L50, F|
|teampreview|4
|showteam|p1|Dragapult||ChoiceBand|ClearBody|DragonDarts,PhantomForce,Outrage,Uturn|||M|||50|,,,,,Dragon]Porygon2||Eviolite|Download|TeraBlast,IceBeam,TrickRoom,Recover||||||50|,,,,,Fairy]Ursaluna||FlameOrb|Guts|Facade,HeadlongRush,Earthquake,Protect|||M|||50|,,,,,Ghost]Whimsicott||CovertCloak|Prankster|Tailwind,Moonblast,Encore,Protect|||M|||50|,,,,,Ghost]Kingambit||SafetyGoggles|Defiant|SuckerPunch,KowtowCleave,SwordsDance,Protect|||F|||50|,,,,,Dark]Gholdengo||IronPlate|GoodasGold|MakeItRain,ShadowBall,NastyPlot,Protect||||||50|,,,,,Water
|showteam|p2|Sneasler||PsychicSeed|Unburden|CloseCombat,DireClaw,ThroatChop,Protect|||F|||50|,,,,,Dark]Indeedee||FocusSash|PsychicSurge|ExpandingForce,TrickRoom,HelpingHand,Protect|||M|||50|,,,,,Psychic]Ursaluna-Bloodmoon||LifeOrb|MindsEye|BloodMoon,HyperVoice,EarthPower,Protect|||M|||50|,,,,,Normal]Electabuzz||Eviolite|VitalSpirit|Electroweb,FollowMe,Taunt,Protect|||M|||50|,,,,,Dragon]Incineroar||SafetyGoggles|Intimidate|FlareBlitz,KnockOff,PartingShot,FakeOut|||M|||50|,,,,,Ghost]Talonflame||CovertCloak|GaleWings|FlareBlitz,DualWingbeat,WillOWisp,Tailwind|||F|||50|,,,,,Fairy
|
|t:|1756181226
|teamsize|p1|4
|teamsize|p2|4
|start
|switch|p1a: Aerosmith|Dragapult, L50, M|100/100
|switch|p1b: Prescription2|Porygon2, L50|100/100
|switch|p2a: Incineroar|Incineroar, L50, M|100/100
|switch|p2b: Ursaluna|Ursaluna-Bloodmoon, L50, M|100/100
|-ability|p2a: Incineroar|Intimidate|boost
|-fail|p1a: Aerosmith|unboost|[from] ability: Clear Body|[of] p1a: Aerosmith
|-unboost|p1b: Prescription2|atk|1
|-ability|p1b: Prescription2|Download|boost
|-boost|p1b: Prescription2|spa|1
|turn|1
|
|t:|1756181268
|-terastallize|p1a: Aerosmith|Dragon
|-terastallize|p2b: Ursaluna|Normal
|move|p2a: Incineroar|Fake Out|p1b: Prescription2
|-damage|p1b: Prescription2|93/100
|move|p1a: Aerosmith|Dragon Darts|p2b: Ursaluna
|-damage|p2b: Ursaluna|57/100
|-anim|p1a: Aerosmith|Dragon Darts|p2a: Incineroar
|-damage|p2a: Incineroar|48/100
|move|p2b: Ursaluna|Hyper Voice|p1b: Prescription2|[spread] p1a,p1b
|-damage|p1a: Aerosmith|11/100
|-damage|p1b: Prescription2|51/100
|-damage|p2b: Ursaluna|48/100|[from] item: Life Orb
|cant|p1b: Prescription2|flinch
|
|upkeep
|turn|2
|
|t:|1756181315
|switch|p1b: King Nothing|Kingambit, L50, F|100/100
|move|p1a: Aerosmith|Dragon Darts|p2b: Ursaluna
|-damage|p2b: Ursaluna|0 fnt
|-anim|p1a: Aerosmith|Dragon Darts|p2a: Incineroar
|-damage|p2a: Incineroar|0 fnt
|faint|p2b: Ursaluna
|faint|p2a: Incineroar
|
|upkeep
|
|t:|1756181324
|switch|p2a: Sneasler|Sneasler, L50, F|100/100
|switch|p2b: Indeedee|Indeedee, L50, M|100/100
|-fieldstart|move: Psychic Terrain|[from] ability: Psychic Surge|[of] p2b: Indeedee
|-enditem|p2a: Sneasler|Psychic Seed
|-boost|p2a: Sneasler|spd|1|[from] item: Psychic Seed
|turn|3
|
|t:|1756181372
|move|p2b: Indeedee|Protect|p2b: Indeedee
|-singleturn|p2b: Indeedee|Protect
|move|p2a: Sneasler|Dire Claw|p1a: Aerosmith
|-damage|p1a: Aerosmith|0 fnt
|faint|p1a: Aerosmith
|move|p1b: King Nothing|Kowtow Cleave|p2b: Indeedee
|-activate|p2b: Indeedee|move: Protect
|
|upkeep
|
|t:|1756181401
|switch|p1a: Prescription2|Porygon2, L50|51/100
|-ability|p1a: Prescription2|Download|boost
|-boost|p1a: Prescription2|atk|1
|turn|4
|
|t:|1756181440
|switch|p1a: PRICE|Gholdengo, L50|100/100
|move|p2b: Indeedee|Helping Hand|p2a: Sneasler
|-singleturn|p2a: Sneasler|Helping Hand|[of] p2b: Indeedee
|move|p2a: Sneasler|Close Combat|p1a: PRICE
|-immune|p1a: PRICE
|move|p1b: King Nothing|Kowtow Cleave|p2b: Indeedee
|-supereffective|p2b: Indeedee
|-enditem|p2b: Indeedee|Focus Sash
|-damage|p2b: Indeedee|1/100
|
|upkeep
|turn|5
|
|t:|1756181494
|move|p2b: Indeedee|Protect|p2b: Indeedee
|-singleturn|p2b: Indeedee|Protect
|move|p2a: Sneasler|Throat Chop|p1a: PRICE
|-supereffective|p1a: PRICE
|-damage|p1a: PRICE|40/100
|-start|p1a: PRICE|Throat Chop|[silent]
|move|p1a: PRICE|Make It Rain|p2b: Indeedee|[spread] p2a
|-activate|p2b: Indeedee|move: Protect
|-crit|p2a: Sneasler
|-damage|p2a: Sneasler|0 fnt
|-unboost|p1a: PRICE|spa|1
|faint|p2a: Sneasler
|move|p1b: King Nothing|Kowtow Cleave|p2b: Indeedee
|-activate|p2b: Indeedee|move: Protect
|
|upkeep
|turn|6
|-message|Kdbc73 forfeited.
|
|win|Whaaale Gorl
||Whaaale Gorl is ready for game 2.
||Kdbc73 is ready for game 2.
|uhtml|next|Next: Game 2 of 3
|l|☆Whaaale Gorl
|player|p1|
