|j|☆figglewiggle
|html|fashoooofigglewiggle    
|uhtml|bestof|Game 2 of a best-of-3
|t:|1784258258
|gametype|doubles
|player|p1|fashoooo|1|
|player|p2|figglewiggle|102|
|gen|9
|tier|[Gen 9 Champions] VGC 2026 Reg M-B (Bo3)
|rule|Species Clause: Limit one of each Pokémon
|rule|Item Clause: Limit 1 of each item
|clearpoke
|poke|p1|Tyranitar, L50, F|
|poke|p1|Excadrill, L50, F|
|poke|p1|Milotic, L50, F|
|poke|p1|Sinistcha, L50|
|poke|p1|Staraptor, L50, F|
|poke|p1|Gholdengo, L50|
|poke|p2|Incineroar, L50, M|
|poke|p2|Sinistcha, L50|
|poke|p2|Sneasler, L50, M|
|poke|p2|Kingambit, L50, F|
|poke|p2|Delphox, L50, M|
|poke|p2|Floette-Eternal, L50, F|
|teampreview|4
|showteam|p1|Tyranitar||Tyranitarite|SandStream|KnockOff,RockSlide,HighHorsepower,Protect|Jolly||F|||50|]Excadrill||FocusSash|SandRush|Earthquake,IronHead,RockSlide,Protect|Adamant||F|||50|]Milotic||SitrusBerry|Competitive|Scald,IcyWind,Haze,Protect|Calm||F|||50|]Sinistcha||ColburBerry|Hospitality|MatchaGotcha,ShadowBall,Protect,RagePowder|Bold|||||50|]Staraptor||Staraptite|Intimidate|CloseCombat,BraveBird,Tailwind,Protect|Jolly||F|||50|]Gholdengo||LifeOrb|GoodasGold|MakeItRain,ShadowBall,NastyPlot,Protect|Modest|||||50|
|showteam|p2|Incineroar||SitrusBerry|Intimidate|FakeOut,PartingShot,FlareBlitz,HelpingHand|Careful||M|||50|]Sinistcha||KasibBerry|Hospitality|MatchaGotcha,RagePowder,TrickRoom,Protect|Bold|||||50|]Sneasler||FocusSash|Unburden|DireClaw,CloseCombat,QuickGuard,FakeOut|Naive||M|||50|]Kingambit||LifeOrb|Defiant|KowtowCleave,SuckerPunch,SwordsDance,Protect|Adamant||F|||50|]Delphox||Delphoxite|Blaze|HeatWave,Psychic,NastyPlot,Protect|Timid||M|||50|]Floette-Eternal||Floettite|FlowerVeil|Moonblast,DazzlingGleam,CalmMind,Protect|Timid||F|||50|
|inactive|Battle timer is ON: inactive players will automatically lose when time's up. (requested by figglewiggle)
|inactive|fashoooo disconnected and has 300 seconds to reconnect!
|j|☆fashoooo
|inactive|fashoooo reconnected and has 90 seconds left.
|player|p1|fashoooo|1|
|inactive|figglewiggle has 60 seconds left.
|inactive|fashoooo has 60 seconds left.
|inactive|fashoooo has 30 seconds left.
|inactive|fashoooo has 20 seconds left.
|inactive|fashoooo has 15 seconds left.
|inactive|fashoooo has 10 seconds left.
|
|t:|1784258345
|teamsize|p1|4
|teamsize|p2|4
|start
|switch|p1a: Excadrill|Excadrill, L50, F|100/100
|switch|p1b: Milotic|Milotic, L50, F|100/100
|switch|p2a: Floette|Floette-Eternal, L50, F|100/100
|switch|p2b: Incineroar|Incineroar, L50, M|100/100
|-ability|p2b: Incineroar|Intimidate|boost
|-unboost|p1a: Excadrill|atk|1
|-unboost|p1b: Milotic|atk|1
|-ability|p1b: Milotic|Competitive|boost
|-boost|p1b: Milotic|spa|2
|turn|1
|inactive|fashoooo has 30 seconds left.
|inactive|figglewiggle has 30 seconds left.
|
|t:|1784258379
|detailschange|p2a: Floette|Floette-Mega, L50, F
|-mega|p2a: Floette|Floette|Floettite
|-ability|p2a: Floette|Fairy Aura
|move|p2b: Incineroar|Fake Out|p1b: Milotic
|-damage|p1b: Milotic|89/100
|move|p2a: Floette|Calm Mind|p2a: Floette
|-boost|p2a: Floette|spa|1
|-boost|p2a: Floette|spd|1
|move|p1a: Excadrill|Iron Head|p2a: Floette
|-supereffective|p2a: Floette|1
|-damage|p2a: Floette|33/100
|cant|p1b: Milotic|flinch
|
|upkeep
|turn|2
|inactive|fashoooo has 30 seconds left.
|
|t:|1784258405
|switch|p2b: Sinistcha|Sinistcha, L50|100/100
|-heal|p2a: Floette|57/100|[from] ability: Hospitality|[of] p2b: Sinistcha
|move|p2a: Floette|Protect|p2a: Floette
|-singleturn|p2a: Floette|Protect
|move|p1a: Excadrill|Protect|p1a: Excadrill
|-singleturn|p1a: Excadrill|Protect
|move|p1b: Milotic|Icy Wind|p2a: Floette|[spread] p2b
|-activate|p2a: Floette|move: Protect
|-supereffective|p2b: Sinistcha|1
|-damage|p2b: Sinistcha|58/100
|-unboost|p2b: Sinistcha|spe|1
|
|upkeep
|turn|3
|inactive|figglewiggle has 30 seconds left.
|inactive|figglewiggle has 20 seconds left.
|inactive|fashoooo has 30 seconds left.
|inactive|fashoooo has 20 seconds left.
|inactive|fashoooo has 15 seconds left.
|inactive|fashoooo has 10 seconds left.
|
|t:|1784258467
|switch|p2b: Incineroar|Incineroar, L50, M|100/100
|-ability|p2b: Incineroar|Intimidate|boost
|-unboost|p1a: Excadrill|atk|1
|-unboost|p1b: Milotic|atk|1
|-ability|p1b: Milotic|Competitive|boost
|-boost|p1b: Milotic|spa|2
|move|p1b: Milotic|Protect|p1b: Milotic
|-singleturn|p1b: Milotic|Protect
|move|p2a: Floette|Moonblast|p1b: Milotic
|-activate|p1b: Milotic|move: Protect
|move|p1a: Excadrill|Iron Head|p2a: Floette
|-supereffective|p2a: Floette|1
|-crit|p2a: Floette
|-damage|p2a: Floette|0 fnt
|faint|p2a: Floette
|
|upkeep
|c|☆fashoooo|crit
|c|☆fashoooo|ouch
|
|t:|1784258486
|switch|p2a: Sinistcha|Sinistcha, L50|58/100
|turn|4
|
|t:|1784258503
|switch|p1a: Tyranitar|Tyranitar, L50, F|100/100
|-weather|Sandstorm|[from] ability: Sand Stream|[of] p1a: Tyranitar
|move|p2b: Incineroar|Fake Out|p1b: Milotic
|-damage|p1b: Milotic|77/100
|cant|p1b: Milotic|flinch
|move|p2a: Sinistcha|Matcha Gotcha|p1a: Tyranitar|[spread] p1a,p1b
|-supereffective|p1a: Tyranitar|1
|-supereffective|p1b: Milotic|1
|-damage|p1a: Tyranitar|68/100
|-heal|p2a: Sinistcha|75/100|[from] drain|[of] p1a: Tyranitar
|-damage|p1b: Milotic|43/100
|-heal|p2a: Sinistcha|93/100|[from] drain|[of] p1b: Milotic
|-status|p1b: Milotic|brn
|-enditem|p1b: Milotic|Sitrus Berry|[eat]
|-heal|p1b: Milotic|67/100 brn|[from] item: Sitrus Berry
|
|-weather|Sandstorm|[upkeep]
|-damage|p1b: Milotic|62/100 brn|[from] Sandstorm
|-damage|p2a: Sinistcha|87/100|[from] Sandstorm
|-damage|p2b: Incineroar|93/100|[from] Sandstorm
|-damage|p1b: Milotic|56/100 brn|[from] brn
|upkeep
|turn|5
|inactive|figglewiggle has 30 seconds left.
|inactive|figglewiggle has 20 seconds left.
|inactive|figglewiggle has 15 seconds left.
|inactive|figglewiggle has 10 seconds left.
|inactive|fashoooo has 30 seconds left.
|
|t:|1784258557
|detailschange|p1a: Tyranitar|Tyranitar-Mega, L50, F
|-mega|p1a: Tyranitar|Tyranitar|Tyranitarite
|move|p1a: Tyranitar|Knock Off|p2b: Incineroar
|-resisted|p2b: Incineroar|1
|-damage|p2b: Incineroar|72/100
|-enditem|p2b: Incineroar|Sitrus Berry|[from] move: Knock Off|[of] p1a: Tyranitar
|move|p1b: Milotic|Icy Wind|p2b: Incineroar|[spread] p2a,p2b
|-supereffective|p2a: Sinistcha|1
|-resisted|p2b: Incineroar|1
|-damage|p2a: Sinistcha|32/100
|-damage|p2b: Incineroar|59/100
|-unboost|p2a: Sinistcha|spe|1
|-unboost|p2b: Incineroar|spe|1
|move|p2a: Sinistcha|Matcha Gotcha|p1b: Milotic|[spread] p1a,p1b
|-supereffective|p1a: Tyranitar|1
|-supereffective|p1b: Milotic|1
|-damage|p1a: Tyranitar|42/100
|-heal|p2a: Sinistcha|46/100|[from] drain|[of] p1a: Tyranitar
|-damage|p1b: Milotic|24/100 brn
|-heal|p2a: Sinistcha|63/100|[from] drain|[of] p1b: Milotic
|move|p2b: Incineroar|Parting Shot|p1a: Tyranitar
|-unboost|p1a: Tyranitar|atk|1
|-unboost|p1a: Tyranitar|spa|1
|
|t:|1784258580
|switch|p2b: Kingambit|Kingambit, L50, F|100/100|[from] Parting Shot
|
|-weather|Sandstorm|[upkeep]
|-damage|p1b: Milotic|18/100 brn|[from] Sandstorm
|-damage|p2a: Sinistcha|57/100|[from] Sandstorm
|-damage|p1b: Milotic|13/100 brn|[from] brn
|upkeep
|turn|6
|inactive|fashoooo has 30 seconds left.
|
|t:|1784258607
|switch|p1a: Excadrill|Excadrill, L50, F|100/100
|move|p1b: Milotic|Protect|p1b: Milotic
|-singleturn|p1b: Milotic|Protect
|move|p2b: Kingambit|Protect|p2b: Kingambit
|-singleturn|p2b: Kingambit|Protect
|move|p2a: Sinistcha|Protect||[still]
|-fail|p2a: Sinistcha
|
|-weather|Sandstorm|[upkeep]
|-damage|p1b: Milotic|7/100 brn|[from] Sandstorm
|-damage|p2a: Sinistcha|51/100|[from] Sandstorm
|-damage|p1b: Milotic|1/100 brn|[from] brn
|upkeep
|turn|7
|inactive|figglewiggle has 30 seconds left.
|
|t:|1784258637
|move|p2b: Kingambit|Sucker Punch||[still]
|-fail|p2b: Kingambit
|move|p1a: Excadrill|Earthquake|p2b: Kingambit|[spread] p1b,p2a,p2b
|-resisted|p2a: Sinistcha|1
|-supereffective|p2b: Kingambit|1
|-damage|p1b: Milotic|0 fnt
|-damage|p2a: Sinistcha|32/100
|-damage|p2b: Kingambit|29/100
|faint|p1b: Milotic
|move|p2a: Sinistcha|Matcha Gotcha|p1a: Excadrill
|-damage|p1a: Excadrill|54/100
|-heal|p2a: Sinistcha|56/100|[from] drain|[of] p1a: Excadrill
|
|-weather|Sandstorm|[upkeep]
|-damage|p2a: Sinistcha|50/100g|[from] Sandstorm
|upkeep
|inactive|fashoooo has 30 seconds left.
|
|t:|1784258665
|switch|p1b: Gholdengo|Gholdengo, L50|100/100
|turn|8
|
|t:|1784258680
|switch|p2a: Incineroar|Incineroar, L50, M|59/100
|-ability|p2a: Incineroar|Intimidate|boost
|-unboost|p1a: Excadrill|atk|1
|-unboost|p1b: Gholdengo|atk|1
|move|p2b: Kingambit|Protect|p2b: Kingambit
|-singleturn|p2b: Kingambit|Protect
|move|p1a: Excadrill|Iron Head|p2a: Incineroar
|-resisted|p2a: Incineroar|1
|-damage|p2a: Incineroar|46/100
|move|p1b: Gholdengo|Nasty Plot|p1b: Gholdengo
|-boost|p1b: Gholdengo|spa|2
|
|-weather|none
|upkeep
|turn|9
|inactive|fashoooo has 30 seconds left.
|inactive|figglewiggle has 30 seconds left.
|inactive|fashoooo has 20 seconds left.
|
|t:|1784258719
|switch|p1a: Tyranitar|Tyranitar-Mega, L50, F|42/100
|-weather|Sandstorm|[from] ability: Sand Stream|[of] p1a: Tyranitar
|switch|p2b: Sinistcha|Sinistcha, L50|50/100g
|-heal|p2a: Incineroar|71/100|[from] ability: Hospitality|[of] p2b: Sinistcha
|move|p1b: Gholdengo|Make It Rain|p2a: Incineroar|[spread] p2a,p2b
|-resisted|p2a: Incineroar|1
|-crit|p2a: Incineroar
|-damage|p2a: Incineroar|4/100
|-damage|p2b: Sinistcha|0 fnt
|-unboost|p1b: Gholdengo|spa|2
|faint|p2b: Sinistcha
|-damage|p1b: Gholdengo|90/100|[from] item: Life Orb
|move|p2a: Incineroar|Flare Blitz|p1a: Tyranitar
|-resisted|p1a: Tyranitar|1
|-damage|p1a: Tyranitar|27/100
|-damage|p2a: Incineroar|0 fnt|[from] Recoil
|faint|p2a: Incineroar
|
|-weather|Sandstorm|[upkeep]
|upkeep
|
|t:|1784258740
|switch|p2b: Kingambit|Kingambit, L50, F|29/100
|turn|10
|inactive|figglewiggle has 30 seconds left.
|
|t:|1784258772
|move|p2b: Kingambit|Sucker Punch|p1a: Tyranitar
|-resisted|p1a: Tyranitar|1
|-damage|p1a: Tyranitar|9/100
|-damage|p2b: Kingambit|20/100y|[from] item: Life Orb
|move|p1a: Tyranitar|High Horsepower|p2b: Kingambit
|-supereffective|p2b: Kingambit|1
|-damage|p2b: Kingambit|0 fnt
|faint|p2b: Kingambit
|
|win|fashoooo
||figglewiggle is ready for game 3.
|inactive|fashoooo has 30 seconds to confirm battle start!
||fashoooo is ready for game 3.
|uhtml|next|Next: Game 3 of 3
|l|☆figglewiggle
|player|p2|
|j|☆figglewiggle
|player|p2|figglewiggle|102|
