|j|☆memeberserk
|j|☆KodeBeast0526
|html|memeberserkKodeBeast0526    
|uhtml|bestof|Game 1 of a best-of-3
|t:|1785103342
|gametype|doubles
|player|p1|memeberserk|lance|1181
|player|p2|KodeBeast0526|sailor|1234
|gen|9
|tier|[Gen 9 Champions] VGC 2026 Reg M-B (Bo3)
|rated|
|rule|Species Clause: Limit one of each Pokémon
|rule|Item Clause: Limit 1 of each item
|clearpoke
|poke|p1|Raichu, L50, F|
|poke|p1|Corviknight, L50, M|
|poke|p1|Sylveon, L50, F|
|poke|p1|Basculegion, L50, M|
|poke|p1|Mamoswine, L50, F|
|poke|p1|Tyranitar, L50, M|
|poke|p2|Aerodactyl, L50, M, shiny|
|poke|p2|Kingambit, L50, M, shiny|
|poke|p2|Sylveon, L50, M, shiny|
|poke|p2|Garchomp, L50, M, shiny|
|poke|p2|Charizard, L50, M, shiny|
|poke|p2|Farigiraf, L50, M, shiny|
|teampreview|4
|showteam|p1|Raichu||RaichuniteY|LightningRod|ZapCannon,FocusBlast,FakeOut,Protect|Timid||F|||50|]Corviknight||Leftovers|Unnerve|BraveBird,IronHead,Tailwind,Protect|Careful||M|||50|]Sylveon||FairyFeather|Pixilate|HyperVoice,QuickAttack,Protect,Yawn|Modest||F|||50|]Basculegion||MysticWater|SwiftSwim|WaveCrash,LastRespects,AquaJet,Protect|Adamant||M|||50|]Mamoswine||LifeOrb|Oblivious|HighHorsepower,IceShard,IcicleCrash,Protect|Adamant||F|||50|]Tyranitar||FocusSash|SandStream|RockSlide,KnockOff,Superpower,Protect|Adamant||M|||50|
|showteam|p2|Aerodactyl||Aerodactylite|Unnerve|RockSlide,IceFang,Tailwind,WideGuard|Jolly||M|||50|]Kingambit||FocusSash|Defiant|KowtowCleave,SuckerPunch,IronHead,LowKick|Adamant||M|||50|]Sylveon||FairyFeather|Pixilate|Detect,HyperVoice,HyperBeam,QuickAttack|Modest||M|||50|]Garchomp||LifeOrb|RoughSkin|Earthquake,DragonClaw,StompingTantrum,Protect|Jolly||M|||50|]Charizard||CharizarditeY|Blaze|Protect,HeatWave,SolarBeam,WeatherBall|Modest||M|||50|]Farigiraf||SitrusBerry|ArmorTail|Thunderbolt,PsychicNoise,TrickRoom,HelpingHand|Bold||M|||50|
|inactive|Battle timer is ON: inactive players will automatically lose when time's up. (requested by memeberserk)
|
|t:|1785103377
|teamsize|p1|4
|teamsize|p2|4
|start
|switch|p1a: Corviknight|Corviknight, L50, M|100/100
|switch|p1b: Mamoswine|Mamoswine, L50, F|100/100
|switch|p2a: Aerodactyl|Aerodactyl, L50, M, shiny|100/100
|switch|p2b: Garchomp|Garchomp, L50, M, shiny|100/100
|-ability|p2a: Aerodactyl|Unnerve
|-ability|p1a: Corviknight|Unnerve
|turn|1
|inactive|memeberserk has 30 seconds left.
|
|t:|1785103406
|switch|p2b: Farigiraf|Farigiraf, L50, M, shiny|100/100
|move|p1b: Mamoswine|Ice Shard||[still]
|cant|p2b: Farigiraf|ability: Armor Tail|Ice Shard|[of] p1b: Mamoswine
|move|p2a: Aerodactyl|Tailwind|p2a: Aerodactyl
|-sidestart|p2: KodeBeast0526|move: Tailwind
|move|p1a: Corviknight|Iron Head|p2a: Aerodactyl
|-supereffective|p2a: Aerodactyl|1
|-damage|p2a: Aerodactyl|36/100
|
|upkeep
|turn|2
|c|☆KodeBeast0526|glhf
|
|t:|1785103422
|switch|p1b: Tyranitar|Tyranitar, L50, M|100/100
|-weather|Sandstorm|[from] ability: Sand Stream|[of] p1b: Tyranitar
|detailschange|p2a: Aerodactyl|Aerodactyl-Mega, L50, M, shiny
|-mega|p2a: Aerodactyl|Aerodactyl|Aerodactylite
|move|p2a: Aerodactyl|Rock Slide|p1a: Corviknight|[spread] p1a,p1b
|-damage|p1a: Corviknight|76/100
|-damage|p1b: Tyranitar|74/100
|move|p2b: Farigiraf|Psychic Noise|p1b: Tyranitar
|-immune|p1b: Tyranitar
|move|p1a: Corviknight|Iron Head|p2a: Aerodactyl
|-supereffective|p2a: Aerodactyl|1
|-damage|p2a: Aerodactyl|0 fnt
|faint|p2a: Aerodactyl
|
|-weather|Sandstorm|[upkeep]
|-damage|p2b: Farigiraf|94/100|[from] Sandstorm
|-heal|p1a: Corviknight|82/100|[from] item: Leftovers
|upkeep
|
|t:|1785103429
|switch|p2a: Garchomp|Garchomp, L50, M, shiny|100/100
|turn|3
|
|t:|1785103447
|move|p1b: Tyranitar|Protect|p1b: Tyranitar
|-singleturn|p1b: Tyranitar|Protect
|move|p2a: Garchomp|Stomping Tantrum|p1b: Tyranitar
|-activate|p1b: Tyranitar|move: Protect
|move|p2b: Farigiraf|Thunderbolt|p1a: Corviknight
|-supereffective|p1a: Corviknight|1
|-damage|p1a: Corviknight|47/100
|move|p1a: Corviknight|Iron Head|p2b: Farigiraf
|-damage|p2b: Farigiraf|73/100
|
|-weather|Sandstorm|[upkeep]
|-damage|p2b: Farigiraf|67/100|[from] Sandstorm
|-heal|p1a: Corviknight|53/100|[from] item: Leftovers
|upkeep
|turn|4
|inactive|memeberserk has 30 seconds left.
|inactive|memeberserk has 20 seconds left.
|
|t:|1785103485
|move|p2a: Garchomp|Stomping Tantrum|p1b: Tyranitar
|-supereffective|p1b: Tyranitar|1
|-damage|p1b: Tyranitar|0 fnt
|faint|p1b: Tyranitar
|-damage|p2a: Garchomp|90/100|[from] item: Life Orb
|move|p2b: Farigiraf|Thunderbolt|p1a: Corviknight
|-supereffective|p1a: Corviknight|1
|-damage|p1a: Corviknight|15/100
|move|p1a: Corviknight|Brave Bird|p2b: Farigiraf
|-damage|p2b: Farigiraf|33/100
|-damage|p1a: Corviknight|3/100|[from] Recoil
|
|-weather|Sandstorm|[upkeep]
|-damage|p2b: Farigiraf|27/100|[from] Sandstorm
|-heal|p1a: Corviknight|9/100|[from] item: Leftovers
|-sideend|p2: KodeBeast0526|move: Tailwind
|upkeep
|
|t:|1785103503
|switch|p1b: Sylveon|Sylveon, L50, F|100/100
|turn|5
|
|t:|1785103516
|move|p1a: Corviknight|Protect|p1a: Corviknight
|-singleturn|p1a: Corviknight|Protect
|move|p2a: Garchomp|Dragon Claw|p1a: Corviknight
|-activate|p1a: Corviknight|move: Protect
|move|p1b: Sylveon|Hyper Voice|p2b: Farigiraf|[spread] p2a,p2b
|-supereffective|p2a: Garchomp|1
|-damage|p2a: Garchomp|0 fnt
|-damage|p2b: Farigiraf|0 fnt
|faint|p2a: Garchomp
|faint|p2b: Farigiraf
|
|-weather|Sandstorm|[upkeep]
|-damage|p1b: Sylveon|94/100|[from] Sandstorm
|-heal|p1a: Corviknight|15/100|[from] item: Leftovers
|upkeep
|
|t:|1785103519
|switch|p2b: Sylveon|Sylveon, L50, M, shiny|100/100
|turn|6
|
|t:|1785103533
|move|p2b: Sylveon|Hyper Voice|p1a: Corviknight|[spread] p1a,p1b
|-resisted|p1a: Corviknight|1
|-damage|p1a: Corviknight|0 fnt
|-damage|p1b: Sylveon|56/100
|faint|p1a: Corviknight
|move|p1b: Sylveon|Yawn|p2b: Sylveon
|-start|p2b: Sylveon|move: Yawn|[of] p1b: Sylveon
|
|-weather|none
|upkeep
|
|t:|1785103539
|switch|p1a: Mamoswine|Mamoswine, L50, F|100/100
|turn|7
|
|t:|1785103544
|move|p1a: Mamoswine|Protect|p1a: Mamoswine
|-singleturn|p1a: Mamoswine|Protect
|move|p1b: Sylveon|Protect|p1b: Sylveon
|-singleturn|p1b: Sylveon|Protect
|move|p2b: Sylveon|Hyper Beam|p1a: Mamoswine
|-activate|p1a: Mamoswine|move: Protect
|
|-end|p2b: Sylveon|move: Yawn|[silent]
|-status|p2b: Sylveon|slp
|upkeep
|turn|8
|
|t:|1785103554
|move|p1a: Mamoswine|High Horsepower|p2b: Sylveon
|-damage|p2b: Sylveon|17/100 slp
|-damage|p1a: Mamoswine|90/100|[from] item: Life Orb
|cant|p2b: Sylveon|slp
|move|p1b: Sylveon|Hyper Voice|p2b: Sylveon
|-damage|p2b: Sylveon|0 fnt
|faint|p2b: Sylveon
|
|win|memeberserk
