|j|☆retrisma
|j|☆CorkscrewRacer
|html|retrismaCorkscrewRacer    
|uhtml|bestof|Game 1 of a best-of-3
|t:|1756164483
|gametype|doubles
|player|p1|retrisma|shadowtriad|1040
|player|p2|CorkscrewRacer|266|1042
|gen|9
|tier|[Gen 9] VGC 2025 Reg H (Bo3)
|rated|
|rule|Species Clause: Limit one of each Pokémon
|rule|Item Clause: Limit 1 of each item
|clearpoke
|poke|p1|Annihilape, L50, M|
|poke|p1|Maushold, L50|
|poke|p1|Archaludon, L50, F|
|poke|p1|Pelipper, L50, M|
|poke|p1|Basculegion, L50, M|
|poke|p1|Sinistcha, L50|
|poke|p2|Sneasler, L50, F|
|poke|p2|Dragapult, L50, M|
|poke|p2|Dondozo, L50, M|
|poke|p2|Tatsugiri, L50, M|
|poke|p2|Incineroar, L50, F|
|poke|p2|Rillaboom, L50, F|
|teampreview|4
|showteam|p1|Annihilape||SitrusBerry|Defiant|RageFist,CloseCombat,Protect,Taunt|||M|||50|,,,,,Steel]Maushold||SafetyGoggles|FriendGuard|BeatUp,FollowMe,Protect,SuperFang||||||50|,,,,,Ghost]Archaludon||AssaultVest|Stamina|ElectroShot,BodyPress,FlashCannon,DragonPulse|||F|||50|,,,,,Bug]Pelipper||FocusSash|Drizzle|Hurricane,WeatherBall,Protect,Tailwind|||M|||50|,,,,,Stellar]Basculegion||ChoiceBand|SwiftSwim|WaveCrash,LastRespects,AquaJet,FlipTurn|||M|||50|,,,,,Water]Sinistcha||RockyHelmet|Hospitality|RagePowder,MatchaGotcha,LifeDew,StrengthSap||||||50|,,,,,Fire
|showteam|p2|Sneasler||GrassySeed|Unburden|DireClaw,CloseCombat,Protect,FakeOut|||F|||50|,,,,,Ghost]Dragapult||ChoiceBand|ClearBody|DragonDarts,Outrage,PhantomForce,Uturn|||M|||50|,,,,,Dragon]Dondozo||Leftovers|Unaware|WaveCrash,HeavySlam,OrderUp,Protect|||M|||50|,,,,,Grass]Tatsugiri||LifeOrb|Commander|DracoMeteor,MuddyWater,IcyWind,Protect|||M|||50|,,,,,Stellar]Incineroar||AssaultVest|Intimidate|FakeOut,FlareBlitz,KnockOff,Uturn|||F|||50|,,,,,Ghost]Rillaboom||MiracleSeed|GrassySurge|GrassyGlide,WoodHammer,FakeOut,Taunt|||F|||50|,,,,,Fire
|j| BLiiNDProdiigy
|
|t:|1756164544
|teamsize|p1|4
|teamsize|p2|4
|start
|switch|p1a: Maushold|Maushold, L50|100/100
|switch|p1b: Archaludon|Archaludon, L50, F|100/100
|switch|p2a: Dragapult|Dragapult, L50, M|100/100
|switch|p2b: Dondozo|Dondozo, L50, M|100/100
|turn|1
|
|t:|1756164596
|move|p2b: Dondozo|Protect|p2b: Dondozo
|-singleturn|p2b: Dondozo|Protect
|move|p2a: Dragapult|U-turn|p1a: Maushold
|-damage|p1a: Maushold|54/100
|
|t:|1756164601
|switch|p2a: Tatsugiri|Tatsugiri, L50, M|100/100|[from] U-turn
|-activate|p2a: Tatsugiri|ability: Commander|[of] p2b: Dondozo
|-boost|p2b: Dondozo|atk|2
|-boost|p2b: Dondozo|spa|2
|-boost|p2b: Dondozo|spe|2
|-boost|p2b: Dondozo|def|2
|-boost|p2b: Dondozo|spd|2
|move|p1a: Maushold|Beat Up|p1b: Archaludon
|-damage|p1b: Archaludon|99/100
|-ability|p1b: Archaludon|Stamina|boost
|-boost|p1b: Archaludon|def|1
|-damage|p1b: Archaludon|98/100
|-ability|p1b: Archaludon|Stamina|boost
|-boost|p1b: Archaludon|def|1
|-damage|p1b: Archaludon|97/100
|-ability|p1b: Archaludon|Stamina|boost
|-boost|p1b: Archaludon|def|1
|-damage|p1b: Archaludon|97/100
|-ability|p1b: Archaludon|Stamina|boost
|-boost|p1b: Archaludon|def|1
|-hitcount|p1b: Archaludon|4
|move|p1b: Archaludon|Dragon Pulse|p2a: Tatsugiri|[miss]
|-miss|p1b: Archaludon|p2a: Tatsugiri
|
|upkeep
|turn|2
|
|t:|1756164637
|move|p2b: Dondozo|Order Up|p1b: Archaludon
|-damage|p1b: Archaludon|68/100
|-ability|p1b: Archaludon|Stamina|boost
|-boost|p1b: Archaludon|def|1
|-boost|p2b: Dondozo|atk|1
|move|p1a: Maushold|Super Fang|p2b: Dondozo
|-damage|p2b: Dondozo|50/100
|move|p1b: Archaludon|Body Press|p2b: Dondozo
|-damage|p2b: Dondozo|42/100
|
|-heal|p2b: Dondozo|48/100|[from] item: Leftovers
|upkeep
|turn|3
|
|t:|1756164663
|move|p2b: Dondozo|Protect|p2b: Dondozo
|-singleturn|p2b: Dondozo|Protect
|move|p1a: Maushold|Super Fang|p2b: Dondozo
|-activate|p2b: Dondozo|move: Protect
|move|p1b: Archaludon|Electro Shot||[still]
|-prepare|p1b: Archaludon|Electro Shot
|-boost|p1b: Archaludon|spa|1
|
|-heal|p2b: Dondozo|54/100|[from] item: Leftovers
|upkeep
|turn|4
|
|t:|1756164685
|switch|p1a: Sinistcha|Sinistcha, L50|100/100
|-heal|p1b: Archaludon|93/100|[from] ability: Hospitality|[of] p1a: Sinistcha
|-terastallize|p2b: Dondozo|Grass
|move|p2b: Dondozo|Order Up|p1b: Archaludon
|-damage|p1b: Archaludon|44/100
|-ability|p1b: Archaludon|Stamina|boost
|-boost|p1b: Archaludon|def|1
|-boost|p2b: Dondozo|atk|1
|move|p1b: Archaludon|Electro Shot|p2b: Dondozo|[from] lockedmove
|-resisted|p2b: Dondozo
|-damage|p2b: Dondozo|44/100
|
|-heal|p2b: Dondozo|50/100|[from] item: Leftovers
|upkeep
|turn|5
|
|t:|1756164706
|move|p2b: Dondozo|Order Up|p1b: Archaludon
|-damage|p1b: Archaludon|0 fnt
|faint|p1b: Archaludon
|-boost|p2b: Dondozo|atk|1
|move|p1a: Sinistcha|Strength Sap|p2b: Dondozo
|-unboost|p2b: Dondozo|atk|1
|
|-heal|p2b: Dondozo|56/100|[from] item: Leftovers
|upkeep
|
|t:|1756164715
|switch|p1b: Annihilape|Annihilape, L50, M|100/100
|turn|6
|
|t:|1756164730
|move|p1b: Annihilape|Protect|p1b: Annihilape
|-singleturn|p1b: Annihilape|Protect
|move|p2b: Dondozo|Wave Crash|p1b: Annihilape
|-activate|p1b: Annihilape|move: Protect
|move|p1a: Sinistcha|Strength Sap|p2b: Dondozo
|-unboost|p2b: Dondozo|atk|1
|
|-heal|p2b: Dondozo|62/100|[from] item: Leftovers
|upkeep
|turn|7
|
|t:|1756164747
|switch|p1b: Maushold|Maushold, L50|54/100
|move|p2b: Dondozo|Wave Crash|p1b: Maushold
|-damage|p1b: Maushold|0 fnt
|faint|p1b: Maushold
|-damage|p2b: Dondozo|48/100|[from] Recoil
|move|p1a: Sinistcha|Strength Sap|p2b: Dondozo
|-unboost|p2b: Dondozo|atk|1
|
|-heal|p2b: Dondozo|54/100|[from] item: Leftovers
|upkeep
|
|t:|1756164753
|switch|p1b: Annihilape|Annihilape, L50, M|100/100
|turn|8
|
|t:|1756164763
|move|p1b: Annihilape|Protect|p1b: Annihilape
|-singleturn|p1b: Annihilape|Protect
|move|p2b: Dondozo|Order Up|p1a: Sinistcha
|-damage|p1a: Sinistcha|57/100
|-boost|p2b: Dondozo|atk|1
|move|p1a: Sinistcha|Strength Sap|p2b: Dondozo
|-unboost|p2b: Dondozo|atk|1
|-heal|p1a: Sinistcha|100/100
|
|-heal|p2b: Dondozo|61/100|[from] item: Leftovers
|upkeep
|turn|9
|
|t:|1756164781
|-terastallize|p1b: Annihilape|Steel
|move|p2b: Dondozo|Wave Crash|p1b: Annihilape
|-damage|p1b: Annihilape|0 fnt
|faint|p1b: Annihilape
|-damage|p2b: Dondozo|30/100|[from] Recoil
|move|p1a: Sinistcha|Strength Sap|p2b: Dondozo
|-unboost|p2b: Dondozo|atk|1
|
|-heal|p2b: Dondozo|36/100|[from] item: Leftovers
|upkeep
|turn|10
|-message|retrisma forfeited.
|
|win|CorkscrewRacer
|l|☆retrisma
|player|p1|
||retrisma is ready for game 2.
||CorkscrewRacer is ready for game 2.
|uhtml|next|Next: Game 2 of 3
