|j|☆r00mservice7
|j|☆the killer1234
|html|r00mservice7the killer1234    
|uhtml|bestof|Game 1 of a best-of-3
|t:|1784639556
|gametype|doubles
|player|p1|r00mservice7|1|1040
|player|p2|the killer1234|266|1037
|gen|9
|tier|[Gen 9 Champions] VGC 2026 Reg M-B (Bo3)
|rated|
|rule|Species Clause: Limit one of each Pokémon
|rule|Item Clause: Limit 1 of each item
|clearpoke
|poke|p1|Staraptor, L50, F|
|poke|p1|Tyranitar, L50, F|
|poke|p1|Excadrill, L50, F|
|poke|p1|Gholdengo, L50|
|poke|p1|Milotic, L50, M|
|poke|p1|Tsareena, L50, F|
|poke|p2|Charizard, L50, F|
|poke|p2|Tyranitar, L50, F|
|poke|p2|Milotic, L50, M|
|poke|p2|Incineroar, L50, F|
|poke|p2|Sinistcha, L50|
|poke|p2|Sneasler, L50, F|
|teampreview|4
|showteam|p1|Staraptor||Staraptite|Intimidate|BraveBird,CloseCombat,Tailwind,Protect|Jolly||F|||50|]Tyranitar||Tyranitarite|SandStream|RockSlide,KnockOff,DragonDance,Protect|Jolly||F|||50|]Excadrill||FocusSash|SandRush|HighHorsepower,IronHead,RockSlide,Protect|Adamant||F|||50|]Gholdengo||LifeOrb|GoodasGold|MakeItRain,ShadowBall,NastyPlot,Protect|Modest|||||50|]Milotic||SitrusBerry|Competitive|Scald,IcyWind,Haze,Protect|Calm||M|||50|]Tsareena||ExpertBelt|QueenlyMajesty|TropKick,LowKick,Taunt,Protect|Adamant||F|||50|
|showteam|p2|Charizard||CharizarditeY|Blaze|HeatWave,WeatherBall,SolarBeam,Protect|Modest||F|||50|]Tyranitar||Tyranitarite|SandStream|RockSlide,Crunch,Protect,HighHorsepower|Adamant||F|||50|]Milotic||Leftovers|Competitive|IcyWind,Scald,Protect,Recover|Calm||M|||50|]Incineroar||SitrusBerry|Intimidate|FakeOut,FlareBlitz,PartingShot,ThroatChop|Adamant||F|||50|]Sinistcha||CobaBerry|Hospitality|MatchaGotcha,RagePowder,LifeDew,TrickRoom|Bold|||||50|]Sneasler||WhiteHerb|Unburden|FakeOut,CloseCombat,DireClaw,Coaching|Adamant||F|||50|
|inactive|Battle timer is ON: inactive players will automatically lose when time's up. (requested by the killer1234)
|inactive|r00mservice7 has 60 seconds left.
|inactive|the killer1234 has 60 seconds left.
|inactive|r00mservice7 has 30 seconds left.
|
|t:|1784639619
|teamsize|p1|4
|teamsize|p2|4
|start
|switch|p1a: Excadrill|Excadrill, L50, F|100/100
|switch|p1b: Milotic|Milotic, L50, M|100/100
|switch|p2a: Charizard|Charizard, L50, F|100/100
|switch|p2b: Sneasler|Sneasler, L50, F|100/100
|turn|1
|inactive|r00mservice7 has 30 seconds left.
|inactive|the killer1234 has 30 seconds left.
|inactive|the killer1234 has 20 seconds left.
|
|t:|1784639656
|move|p1a: Excadrill|Protect|p1a: Excadrill
|-singleturn|p1a: Excadrill|Protect
|move|p2a: Charizard|Protect|p2a: Charizard
|-singleturn|p2a: Charizard|Protect
|move|p1b: Milotic|Protect|p1b: Milotic
|-singleturn|p1b: Milotic|Protect
|move|p2b: Sneasler|Coaching|p2a: Charizard
|-boost|p2a: Charizard|atk|1
|-boost|p2a: Charizard|def|1
|
|upkeep
|turn|2
|inactive|r00mservice7 has 30 seconds left.
|inactive|the killer1234 has 30 seconds left.
|
|t:|1784639686
|detailschange|p2a: Charizard|Charizard-Mega-Y, L50, F
|-mega|p2a: Charizard|Charizard|Charizardite Y
|-weather|SunnyDay|[from] ability: Drought|[of] p2a: Charizard
|move|p2b: Sneasler|Close Combat|p1b: Milotic
|-damage|p1b: Milotic|36/100
|-unboost|p2b: Sneasler|def|1
|-unboost|p2b: Sneasler|spd|1
|-enditem|p1b: Milotic|Sitrus Berry|[eat]
|-heal|p1b: Milotic|61/100|[from] item: Sitrus Berry
|-enditem|p2b: Sneasler|White Herb
|-clearnegativeboost|p2b: Sneasler|[silent]
|move|p1a: Excadrill|High Horsepower|p2b: Sneasler
|-supereffective|p2b: Sneasler|1
|-damage|p2b: Sneasler|0 fnt
|faint|p2b: Sneasler
|move|p2a: Charizard|Heat Wave|p1b: Milotic|[spread] p1a,p1b
|-supereffective|p1a: Excadrill|1
|-resisted|p1b: Milotic|1
|-enditem|p1a: Excadrill|Focus Sash
|-damage|p1a: Excadrill|1/100
|-damage|p1b: Milotic|39/100
|move|p1b: Milotic|Scald|p2a: Charizard
|-supereffective|p2a: Charizard|1
|-damage|p2a: Charizard|72/100
|
|-weather|SunnyDay|[upkeep]
|upkeep
|inactive|the killer1234 has 30 seconds left.
|
|t:|1784639718
|switch|p2b: Sinistcha|Sinistcha, L50|100/100
|-heal|p2a: Charizard|97/100|[from] ability: Hospitality|[of] p2b: Sinistcha
|turn|3
|inactive|r00mservice7 has 30 seconds left.
|
|t:|1784639747
|switch|p2a: Incineroar|Incineroar, L50, F|100/100
|-ability|p2a: Incineroar|Intimidate|boost
|-unboost|p1a: Excadrill|atk|1
|-unboost|p1b: Milotic|atk|1
|-ability|p1b: Milotic|Competitive|boost
|-boost|p1b: Milotic|spa|2
|move|p1a: Excadrill|Protect|p1a: Excadrill
|-singleturn|p1a: Excadrill|Protect
|move|p1b: Milotic|Protect|p1b: Milotic
|-singleturn|p1b: Milotic|Protect
|move|p2b: Sinistcha|Matcha Gotcha|p1b: Milotic|[spread] 
|-activate|p1a: Excadrill|move: Protect
|-activate|p1b: Milotic|move: Protect
|
|-weather|SunnyDay|[upkeep]
|upkeep
|turn|4
|
|t:|1784639771
|switch|p1a: Staraptor|Staraptor, L50, F|100/100
|-ability|p1a: Staraptor|Intimidate|boost
|-unboost|p2a: Incineroar|atk|1
|-unboost|p2b: Sinistcha|atk|1
|move|p2a: Incineroar|Fake Out|p1b: Milotic
|-damage|p1b: Milotic|31/100
|cant|p1b: Milotic|flinch
|move|p2b: Sinistcha|Matcha Gotcha|p1a: Staraptor|[spread] p1a,p1b
|-resisted|p1a: Staraptor|1
|-supereffective|p1b: Milotic|1
|-damage|p1a: Staraptor|84/100
|-damage|p1b: Milotic|0 fnt
|faint|p1b: Milotic
|
|-weather|SunnyDay|[upkeep]
|upkeep
|
|t:|1784639792
|switch|p1b: Tyranitar|Tyranitar, L50, F|100/100
|-weather|Sandstorm|[from] ability: Sand Stream|[of] p1b: Tyranitar
|turn|5
|
|t:|1784639813
|move|p2b: Sinistcha|Rage Powder|p2b: Sinistcha
|-singleturn|p2b: Sinistcha|move: Rage Powder
|move|p1a: Staraptor|Tailwind|p1a: Staraptor
|-sidestart|p1: r00mservice7|move: Tailwind
|move|p1b: Tyranitar|Knock Off|p2b: Sinistcha
|-supereffective|p2b: Sinistcha|1
|-damage|p2b: Sinistcha|20/100y
|-enditem|p2b: Sinistcha|Coba Berry|[from] move: Knock Off|[of] p1b: Tyranitar
|move|p2a: Incineroar|Parting Shot|p1b: Tyranitar
|-unboost|p1b: Tyranitar|atk|1
|-unboost|p1b: Tyranitar|spa|1
|
|t:|1784639825
|switch|p2a: Charizard|Charizard-Mega-Y, L50, F|97/100|[from] Parting Shot
|-weather|SunnyDay|[from] ability: Drought|[of] p2a: Charizard
|
|-weather|SunnyDay|[upkeep]
|upkeep
|turn|6
|inactive|the killer1234 has 30 seconds left.
|
|t:|1784639855
|switch|p2a: Incineroar|Incineroar, L50, F|100/100
|-ability|p2a: Incineroar|Intimidate|boost
|-unboost|p1a: Staraptor|atk|1
|-unboost|p1b: Tyranitar|atk|1
|detailschange|p1b: Tyranitar|Tyranitar-Mega, L50, F
|-mega|p1b: Tyranitar|Tyranitar|Tyranitarite
|-weather|Sandstorm|[from] ability: Sand Stream|[of] p1b: Tyranitar
|move|p1a: Staraptor|Brave Bird|p2b: Sinistcha
|-supereffective|p2b: Sinistcha|1
|-damage|p2b: Sinistcha|0 fnt
|faint|p2b: Sinistcha
|-damage|p1a: Staraptor|77/100|[from] Recoil
|move|p1b: Tyranitar|Rock Slide|p2a: Incineroar
|-supereffective|p2a: Incineroar|1
|-damage|p2a: Incineroar|63/100
|
|-weather|Sandstorm|[upkeep]
|-damage|p1a: Staraptor|71/100|[from] Sandstorm
|-damage|p2a: Incineroar|57/100|[from] Sandstorm
|upkeep
|
|t:|1784639871
|switch|p2b: Charizard|Charizard-Mega-Y, L50, F|97/100
|-weather|SunnyDay|[from] ability: Drought|[of] p2b: Charizard
|turn|7
|
|t:|1784639892
|switch|p1b: Excadrill|Excadrill, L50, F|1/100
|move|p1a: Staraptor|Protect|p1a: Staraptor
|-singleturn|p1a: Staraptor|Protect
|move|p2a: Incineroar|Fake Out|p1a: Staraptor
|-activate|p1a: Staraptor|move: Protect
|move|p2b: Charizard|Heat Wave|p1b: Excadrill|[spread] 
|-activate|p1a: Staraptor|move: Protect
|-miss|p2b: Charizard|p1b: Excadrill
|
|-weather|SunnyDay|[upkeep]
|upkeep
|turn|8
|inactive|the killer1234 has 30 seconds left.
|
|t:|1784639918
|move|p2b: Charizard|Protect|p2b: Charizard
|-singleturn|p2b: Charizard|Protect
|move|p1a: Staraptor|Close Combat|p2a: Incineroar
|-supereffective|p2a: Incineroar|1
|-damage|p2a: Incineroar|17/100
|-unboost|p1a: Staraptor|def|1
|-unboost|p1a: Staraptor|spd|1
|-enditem|p2a: Incineroar|Sitrus Berry|[eat]
|-heal|p2a: Incineroar|42/100|[from] item: Sitrus Berry
|move|p1b: Excadrill|High Horsepower|p2a: Incineroar
|-supereffective|p2a: Incineroar|1
|-damage|p2a: Incineroar|0 fnt
|faint|p2a: Incineroar
|
|-weather|SunnyDay|[upkeep]
|-sideend|p1: r00mservice7|move: Tailwind
|upkeep
|turn|9
|
|t:|1784639933
|move|p1a: Staraptor|Tailwind|p1a: Staraptor
|-sidestart|p1: r00mservice7|move: Tailwind
|move|p1b: Excadrill|Rock Slide|p2b: Charizard
|-supereffective|p2b: Charizard|2
|-damage|p2b: Charizard|0 fnt
|faint|p2b: Charizard
|
|win|r00mservice7
||the killer1234 is ready for game 2.
|inactive|r00mservice7 has 30 seconds to confirm battle start!
||r00mservice7 is ready for game 2.
|uhtml|next|Next: Game 2 of 3
|l|☆the killer1234
|player|p2|
