|j|☆Blacksoy
|j|☆bigpapalopa
|html|Blacksoybigpapalopa    
|uhtml|bestof|Game 1 of a best-of-3
|t:|1785123643
|gametype|doubles
|player|p1|Blacksoy|cyrus|1000
|player|p2|bigpapalopa|alder|1030
|gen|9
|tier|[Gen 9 Champions] VGC 2026 Reg M-B (Bo3)
|rated|
|rule|Species Clause: Limit one of each Pokémon
|rule|Item Clause: Limit 1 of each item
|clearpoke
|poke|p1|Grimmsnarl, L50, M, shiny|
|poke|p1|Swampert, L50, M, shiny|
|poke|p1|Sinistcha, L50, shiny|
|poke|p1|Pelipper, L50, F, shiny|
|poke|p1|Archaludon, L50, M, shiny|
|poke|p1|Sneasler, L50, M, shiny|
|poke|p2|Drampa, L50, M|
|poke|p2|Sinistcha-Masterpiece, L50|
|poke|p2|Araquanid, L50, M|
|poke|p2|Archaludon, L50, M|
|poke|p2|Maushold, L50|
|poke|p2|Oranguru, L50, M|
|teampreview|4
|showteam|p1|Grimmsnarl||LightClay|Prankster|PartingShot,LightScreen,Reflect,SpiritBreak|Impish||M|||50|]Swampert||Swampertite|Torrent|WaveCrash,Earthquake,IcePunch,Protect|Adamant||M|||50|]Sinistcha||Leftovers|Hospitality|RagePowder,MatchaGotcha,Protect,ShadowBall|Calm|||||50|]Pelipper||FocusSash|Drizzle|Hurricane,Tailwind,Protect,WeatherBall|Timid||F|||50|]Archaludon||LifeOrb|Stamina|Protect,ElectroShot,FlashCannon,DragonPulse|Modest||M|||50|]Sneasler||WhiteHerb|Unburden|FakeOut,Protect,DireClaw,CloseCombat|Jolly||M|||50|
|showteam|p2|Drampa||Drampanite|Berserk|DracoMeteor,Flamethrower,HyperVoice,CalmMind|Quiet||M|||50|]Sinistcha-Masterpiece||Leftovers|Hospitality|MatchaGotcha,Protect,LifeDew,TrickRoom|Relaxed|||||50|]Araquanid||MysticWater|WaterBubble|Liquidation,LeechLife,AquaRing,Crunch|Brave||M|||50|]Archaludon||SitrusBerry|Stamina|FlashCannon,DragonPulse,Protect,Thunderbolt|Sassy||M|||50|]Maushold||KingsRock|FriendGuard|PopulationBomb,FollowMe,Protect,Uturn|Jolly|||||50|]Oranguru||MentalHerb|InnerFocus|TrickRoom,Protect,Instruct,KnockOff|Relaxed||M|||50|
|j| CrawlingKingSnake
|l| CrawlingKingSnake
|inactive|Battle timer is ON: inactive players will automatically lose when time's up. (requested by bigpapalopa)
|inactive|bigpapalopa has 30 seconds left.
|
|t:|1785123760
|teamsize|p1|4
|teamsize|p2|4
|start
|switch|p1a: Seungmin|Grimmsnarl, L50, M, shiny|100/100
|switch|p1b: Lee know|Sneasler, L50, M, shiny|100/100
|switch|p2a: Maushold|Maushold, L50|100/100
|switch|p2b: Oranguru|Oranguru, L50, M|100/100
|turn|1
|inactive|Blacksoy has 30 seconds left.
|inactive|bigpapalopa has 30 seconds left.
|
|t:|1785123792
|move|p1b: Lee know|Fake Out|p2a: Maushold
|-damage|p2a: Maushold|82/100
|move|p1a: Seungmin|Reflect|p1a: Seungmin
|-sidestart|p1: Blacksoy|Reflect
|cant|p2a: Maushold|flinch
|move|p2b: Oranguru|Trick Room|p2b: Oranguru
|-fieldstart|move: Trick Room|[of] p2b: Oranguru
|
|upkeep
|turn|2
|inactive|Blacksoy has 30 seconds left.
|inactive|bigpapalopa has 30 seconds left.
|inactive|bigpapalopa has 20 seconds left.
|
|t:|1785123827
|switch|p2b: Drampa|Drampa, L50, M|100/100
|move|p1a: Seungmin|Parting Shot|p2b: Drampa
|-unboost|p2b: Drampa|atk|1
|-unboost|p2b: Drampa|spa|1
|
|t:|1785123835
|switch|p1a: Changbin|Swampert, L50, M, shiny|100/100|[from] Parting Shot
|move|p2a: Maushold|Population Bomb|p1a: Changbin|[miss]
|-miss|p2a: Maushold|p1a: Changbin
|move|p1b: Lee know|Close Combat|p2a: Maushold
|-supereffective|p2a: Maushold|1
|-damage|p2a: Maushold|0 fnt
|-unboost|p1b: Lee know|def|1
|-unboost|p1b: Lee know|spd|1
|faint|p2a: Maushold
|-enditem|p1b: Lee know|White Herb
|-clearnegativeboost|p1b: Lee know|[silent]
|
|upkeep
|inactive|bigpapalopa has 30 seconds left.
|
|t:|1785123867
|switch|p2a: Sinistcha|Sinistcha-Masterpiece, L50|100/100
|turn|3
|
|t:|1785123883
|detailschange|p2b: Drampa|Drampa-Mega, L50, M
|-mega|p2b: Drampa|Drampa|Drampanite
|move|p2b: Drampa|Calm Mind|p2b: Drampa
|-boost|p2b: Drampa|spa|1
|-boost|p2b: Drampa|spd|1
|move|p2a: Sinistcha|Matcha Gotcha|p1a: Changbin|[spread] p1a,p1b
|-supereffective|p1a: Changbin|2
|-resisted|p1b: Lee know|1
|-damage|p1a: Changbin|0 fnt
|-damage|p1b: Lee know|83/100
|-status|p1b: Lee know|brn
|faint|p1a: Changbin
|move|p1b: Lee know|Dire Claw|p2a: Sinistcha
|-damage|p2a: Sinistcha|85/100
|-status|p2a: Sinistcha|slp
|
|-heal|p2a: Sinistcha|91/100 slp|[from] item: Leftovers
|-damage|p1b: Lee know|77/100 brn|[from] brn
|upkeep
|
|t:|1785123902
|switch|p1a: Felix|Sinistcha, L50, shiny|100/100
|-heal|p1b: Lee know|100/100 brn|[from] ability: Hospitality|[of] p1a: Felix
|turn|4
|
|t:|1785123922
|cant|p2a: Sinistcha|slp
|move|p2b: Drampa|Calm Mind|p2b: Drampa
|-boost|p2b: Drampa|spa|1
|-boost|p2b: Drampa|spd|1
|move|p1a: Felix|Shadow Ball|p2a: Sinistcha
|-supereffective|p2a: Sinistcha|1
|-damage|p2a: Sinistcha|9/100 slp
|move|p1b: Lee know|Close Combat|p2b: Drampa
|-supereffective|p2b: Drampa|1
|-damage|p2b: Drampa|43/100
|-unboost|p1b: Lee know|def|1
|-unboost|p1b: Lee know|spd|1
|-ability|p2b: Drampa|Berserk|boost
|-boost|p2b: Drampa|spa|1
|
|-heal|p2a: Sinistcha|15/100 slp|[from] item: Leftovers
|-damage|p1b: Lee know|94/100 brn|[from] brn
|upkeep
|turn|5
|inactive|bigpapalopa has 30 seconds left.
|inactive|bigpapalopa has 20 seconds left.
|inactive|bigpapalopa has 15 seconds left.
|
|t:|1785123962
|cant|p2a: Sinistcha|slp
|move|p2b: Drampa|Flamethrower|p1a: Felix
|-supereffective|p1a: Felix|1
|-damage|p1a: Felix|0 fnt
|faint|p1a: Felix
|move|p1b: Lee know|Close Combat|p2b: Drampa
|-supereffective|p2b: Drampa|1
|-damage|p2b: Drampa|0 fnt
|-unboost|p1b: Lee know|def|1
|-unboost|p1b: Lee know|spd|1
|faint|p2b: Drampa
|
|-heal|p2a: Sinistcha|21/100 slp|[from] item: Leftovers
|-damage|p1b: Lee know|88/100 brn|[from] brn
|-fieldend|move: Trick Room
|upkeep
|
|t:|1785123977
|switch|p1a: Seungmin|Grimmsnarl, L50, M, shiny|100/100
|switch|p2b: Oranguru|Oranguru, L50, M|100/100
|turn|6
|-message|bigpapalopa forfeited.
|raw|Blacksoy's rating: 1000 → 1043(+43 for winning)
|raw|bigpapalopa's rating: 1030 → 1014(-16 for losing)
|
|win|Blacksoy
|l|☆bigpapalopa
|player|p2|
|l|☆Blacksoy
|player|p1|
|j|☆Blacksoy
|player|p1|Blacksoy|cyrus|
