|j|‽Carrielis
|j|☆sum1dum
|html|Carrielissum1dum    
|uhtml|bestof|Game 1 of a best-of-3
|t:|1784059958
|gametype|doubles
|player|p1|Carrielis|erika-masters3|1192
|player|p2|sum1dum|rosa|1129
|gen|9
|tier|[Gen 9 Champions] VGC 2026 Reg M-B (Bo3)
|rated|
|rule|Species Clause: Limit one of each Pokémon
|rule|Item Clause: Limit 1 of each item
|clearpoke
|poke|p1|Kangaskhan, L50, F|
|poke|p1|Incineroar, L50, F|
|poke|p1|Farigiraf, L50, F|
|poke|p1|Floette-Eternal, L50, F|
|poke|p1|Garchomp, L50, F|
|poke|p1|Torkoal, L50, F|
|poke|p2|Gliscor, L50, M|
|poke|p2|Primarina, L50, M|
|poke|p2|Metagross, L50|
|poke|p2|Ninetales-Alola, L50, M|
|poke|p2|Incineroar, L50, F|
|poke|p2|Sinistcha, L50|
|teampreview|4
|showteam|p1|Kangaskhan||SilkScarf|Scrappy|FakeOut,LastResort|Adamant||F|||50|]Incineroar||SitrusBerry|Intimidate|FakeOut,FlareBlitz,Taunt,PartingShot|Careful||F|||50|]Farigiraf||MentalHerb|ArmorTail|TrickRoom,Thunderbolt,Psychic,Protect|Quiet||F|||50|]Floette-Eternal||Floettite|FlowerVeil|Moonblast,DazzlingGleam,CalmMind,Protect|Modest||F|||50|]Garchomp||LifeOrb|RoughSkin|RockSlide,StompingTantrum,DragonClaw,Protect|Jolly||F|||50|]Torkoal||Charcoal|Drought|Eruption,EarthPower,WeatherBall,Protect|Modest||F|||50|
|showteam|p2|Gliscor||LifeOrb|HyperCutter|DualWingbeat,HighHorsepower,Protect,RockSlide|Jolly||M|||50|]Primarina||Leftovers|LiquidVoice|CalmMind,HyperVoice,Moonblast,Protect|Modest||M|||50|]Metagross||Metagrossite|ClearBody|BulletPunch,IronHead,Protect,PsychicFangs|Jolly|||||50|]Ninetales-Alola||LightClay|SnowWarning|AuroraVeil,FreezeDry,Moonblast,Protect|Timid||M|||50|]Incineroar||ChopleBerry|Intimidate|FakeOut,FlareBlitz,DarkestLariat,PartingShot|Impish||F|||50|]Sinistcha||SitrusBerry|Hospitality|MatchaGotcha,Protect,LifeDew,RagePowder|Bold|||||50|
|inactive|Battle timer is ON: inactive players will automatically lose when time's up. (requested by sum1dum)
|inactive|Carrielis has 60 seconds left.
|inactive|sum1dum has 60 seconds left.
|
|t:|1784060003
|teamsize|p1|4
|teamsize|p2|4
|start
|switch|p1a: Incineroar|Incineroar, L50, F|100/100
|switch|p1b: Farigiraf|Farigiraf, L50, F|100/100
|switch|p2a: Bravery|Gliscor, L50, M|100/100
|switch|p2b: Perserverance|Metagross, L50|100/100
|-ability|p1a: Incineroar|Intimidate|boost
|-fail|p2a: Bravery|unboost|Attack|[from] ability: Hyper Cutter|[of] p2a: Bravery
|-fail|p2b: Perserverance|unboost|[from] ability: Clear Body|[of] p2b: Perserverance
|turn|1
|
|t:|1784060024
|detailschange|p2b: Perserverance|Metagross-Mega, L50
|-mega|p2b: Perserverance|Metagross|Metagrossite
|move|p1a: Incineroar|Fake Out|p2a: Bravery
|-damage|p2a: Bravery|89/100
|move|p2b: Perserverance|Iron Head|p1b: Farigiraf
|-crit|p1b: Farigiraf
|-damage|p1b: Farigiraf|13/100
|cant|p2a: Bravery|flinch
|move|p1b: Farigiraf|Trick Room|p1b: Farigiraf
|-fieldstart|move: Trick Room|[of] p1b: Farigiraf
|
|upkeep
|turn|2
|
|t:|1784060045
|move|p1b: Farigiraf|Protect|p1b: Farigiraf
|-singleturn|p1b: Farigiraf|Protect
|move|p2b: Perserverance|Protect|p2b: Perserverance
|-singleturn|p2b: Perserverance|Protect
|move|p1a: Incineroar|Parting Shot|p2b: Perserverance
|-activate|p2b: Perserverance|move: Protect
|move|p2a: Bravery|Rock Slide|p1a: Incineroar|[spread] p1a
|-activate|p1b: Farigiraf|move: Protect
|-supereffective|p1a: Incineroar|1
|-crit|p1a: Incineroar
|-damage|p1a: Incineroar|47/100
|-enditem|p1a: Incineroar|Sitrus Berry|[eat]
|-heal|p1a: Incineroar|71/100|[from] item: Sitrus Berry
|-damage|p2a: Bravery|79/100|[from] item: Life Orb
|
|upkeep
|turn|3
|
|t:|1784060055
|switch|p2b: Patience|Primarina, L50, M|100/100
|move|p1b: Farigiraf|Thunderbolt|p2b: Patience
|-supereffective|p2b: Patience|1
|-damage|p2b: Patience|50/100g
|move|p1a: Incineroar|Flare Blitz|p2b: Patience
|-resisted|p2b: Patience|1
|-damage|p2b: Patience|28/100
|-damage|p1a: Incineroar|64/100|[from] Recoil
|move|p2a: Bravery|Rock Slide|p1a: Incineroar|[spread] p1a,p1b
|-supereffective|p1a: Incineroar|1
|-damage|p1a: Incineroar|30/100
|-damage|p1b: Farigiraf|0 fnt
|faint|p1b: Farigiraf
|-damage|p2a: Bravery|69/100|[from] item: Life Orb
|
|-heal|p2b: Patience|34/100|[from] item: Leftovers
|upkeep
|
|t:|1784060058
|switch|p1b: Torkoal|Torkoal, L50, F|100/100
|-weather|SunnyDay|[from] ability: Drought|[of] p1b: Torkoal
|turn|4
|
|t:|1784060074
|move|p2b: Patience|Protect|p2b: Patience
|-singleturn|p2b: Patience|Protect
|move|p2a: Bravery|Protect|p2a: Bravery
|-singleturn|p2a: Bravery|Protect
|move|p1b: Torkoal|Eruption|p2a: Bravery|[spread] 
|-activate|p2a: Bravery|move: Protect
|-activate|p2b: Patience|move: Protect
|move|p1a: Incineroar|Flare Blitz|p2b: Patience
|-activate|p2b: Patience|move: Protect
|
|-weather|SunnyDay|[upkeep]
|-heal|p2b: Patience|40/100|[from] item: Leftovers
|upkeep
|turn|5
|
|t:|1784060084
|switch|p2a: Integrity|Ninetales-Alola, L50, M|100/100
|-weather|Snowscape|[from] ability: Snow Warning|[of] p2a: Integrity
|move|p1b: Torkoal|Eruption|p2b: Patience|[spread] p2a,p2b
|-supereffective|p2a: Integrity|1
|-resisted|p2b: Patience|1
|-damage|p2a: Integrity|0 fnt
|-damage|p2b: Patience|14/100
|faint|p2a: Integrity
|move|p2b: Patience|Hyper Voice|p1b: Torkoal|[spread] p1a,p1b
|-supereffective|p1a: Incineroar|1
|-supereffective|p1b: Torkoal|1
|-damage|p1a: Incineroar|0 fnt
|-damage|p1b: Torkoal|3/100
|faint|p1a: Incineroar
|
|-weather|Snowscape|[upkeep]
|-heal|p2b: Patience|20/100y|[from] item: Leftovers
|-fieldend|move: Trick Room
|upkeep
|
|t:|1784060092
|switch|p2a: Perserverance|Metagross-Mega, L50|100/100
|switch|p1a: Kangaskhan|Kangaskhan, L50, F|100/100
|turn|6
|-message|Carrielis forfeited.
|
|win|sum1dum
