|j|☆KingDom1992
|j|☆Zeclos
|html|KingDom1992Zeclos    
|uhtml|bestof|Game 1 of a best-of-3
|t:|1756475916
|gametype|doubles
|player|p1|KingDom1992|brock|1196
|player|p2|Zeclos|juan|1139
|gen|9
|tier|[Gen 9] VGC 2025 Reg H (Bo3)
|rated|
|rule|Species Clause: Limit one of each Pokémon
|rule|Item Clause: Limit 1 of each item
|clearpoke
|poke|p1|Gholdengo, L50|
|poke|p1|Sneasler, L50, F|
|poke|p1|Incineroar, L50, F|
|poke|p1|Amoonguss, L50, M|
|poke|p1|Dragonite, L50, M|
|poke|p1|Ursaluna-Bloodmoon, L50, M|
|poke|p2|Torkoal, L50, M|
|poke|p2|Lilligant-Hisui, L50, F|
|poke|p2|Raichu, L50, F|
|poke|p2|Hydreigon, L50, M|
|poke|p2|Braviary, L50, M|
|poke|p2|Goodra-Hisui, L50, F|
|teampreview|4
|showteam|p1|Gholdengo||LifeOrb|GoodasGold|MakeItRain,ShadowBall,NastyPlot,Protect||||||50|,,,,,Water]Sneasler||FocusSash|PoisonTouch|FakeOut,CloseCombat,DireClaw,Protect|||F|||50|,,,,,Stellar]Incineroar||SafetyGoggles|Intimidate|FakeOut,FlareBlitz,KnockOff,PartingShot|||F|||50|,,,,,Ghost]Amoonguss||SitrusBerry|Regenerator|Spore,RagePowder,PollenPuff,Protect|||M|||50|,,,,,Water]Dragonite||LoadedDice|Multiscale|ScaleShot,Haze,Tailwind,ExtremeSpeed|||M|||50|,,,,,Fairy]Ursaluna-Bloodmoon||AssaultVest|MindsEye|HyperVoice,BloodMoon,EarthPower,VacuumWave|||M|||50|,,,,,Normal
|showteam|p2|Torkoal||Charcoal|Drought|Eruption,Yawn,Protect,HeatWave|||M|||50|,,,,,Fire]Lilligant-Hisui||FocusSash|Chlorophyll|AfterYou,CloseCombat,Protect,SleepPowder|||F|||50|,,,,,Ghost]Raichu||SitrusBerry|LightningRod|FakeOut,Nuzzle,Thunderbolt,Electroweb|||F|||50|,,,,,Ghost]Hydreigon||ChoiceSpecs|Levitate|DracoMeteor,DarkPulse,HeatWave,FlashCannon|||M|||50|,,,,,Fire]Braviary||CovertCloak|Defiant|Tailwind,BraveBird,DoubleEdge,Protect|||M|||50|,,,,,Flying]Goodra-Hisui||Leftovers|ShellArmor|AcidArmor,BodyPress,Protect,LifeDew|||F|||50|,,,,,Steel
|inactive|Battle timer is ON: inactive players will automatically lose when time's up. (requested by Zeclos)
|inactive|KingDom1992 has 60 seconds left.
|
|t:|1756475971
|teamsize|p1|4
|teamsize|p2|4
|start
|switch|p1a: Dragonite|Dragonite, L50, M|100/100
|switch|p1b: Sneasler|Sneasler, L50, F, shiny|100/100
|switch|p2a: Lilligant|Lilligant-Hisui, L50, F|100/100
|switch|p2b: Torkoal|Torkoal, L50, M|100/100
|-weather|SunnyDay|[from] ability: Drought|[of] p2b: Torkoal
|turn|1
|
|t:|1756475988
|move|p2a: Lilligant|Protect|p2a: Lilligant
|-singleturn|p2a: Lilligant|Protect
|move|p2b: Torkoal|Protect|p2b: Torkoal
|-singleturn|p2b: Torkoal|Protect
|move|p1b: Sneasler|Fake Out|p2b: Torkoal
|-activate|p2b: Torkoal|move: Protect
|move|p1a: Dragonite|Tailwind|p1a: Dragonite
|-sidestart|p1: KingDom1992|move: Tailwind
|
|-weather|SunnyDay|[upkeep]
|upkeep
|turn|2
|
|t:|1756475999
|move|p1a: Dragonite|Extreme Speed|p2a: Lilligant
|-damage|p2a: Lilligant|62/100
|move|p1b: Sneasler|Dire Claw|p2a: Lilligant
|-supereffective|p2a: Lilligant
|-damage|p2a: Lilligant|0 fnt
|faint|p2a: Lilligant
|move|p2b: Torkoal|Eruption|p1a: Dragonite|[spread] p1a,p1b
|-resisted|p1a: Dragonite
|-damage|p1a: Dragonite|77/100
|-enditem|p1b: Sneasler|Focus Sash
|-damage|p1b: Sneasler|1/100
|
|-weather|SunnyDay|[upkeep]
|upkeep
|
|t:|1756476004
|switch|p2a: Raichu|Raichu, L50, F|100/100
|turn|3
|
|t:|1756476015
|move|p1b: Sneasler|Protect|p1b: Sneasler
|-singleturn|p1b: Sneasler|Protect
|move|p1a: Dragonite|Scale Shot|p2a: Raichu
|-damage|p2a: Raichu|72/100
|-damage|p2a: Raichu|40/100
|-enditem|p2a: Raichu|Sitrus Berry|[eat]
|-heal|p2a: Raichu|65/100|[from] item: Sitrus Berry
|-damage|p2a: Raichu|33/100
|-damage|p2a: Raichu|0 fnt
|faint|p2a: Raichu
|-hitcount|p2: Raichu|4
|-unboost|p1a: Dragonite|def|1
|-boost|p1a: Dragonite|spe|1
|move|p2b: Torkoal|Eruption|p1a: Dragonite|[spread] p1a
|-activate|p1b: Sneasler|move: Protect
|-resisted|p1a: Dragonite
|-damage|p1a: Dragonite|33/100
|
|-weather|SunnyDay|[upkeep]
|upkeep
|
|t:|1756476024
|switch|p2a: Hydreigon|Hydreigon, L50, M|100/100
|turn|4
|
|t:|1756476039
|-terastallize|p2a: Hydreigon|Fire
|move|p2b: Torkoal|Protect|p2b: Torkoal
|-singleturn|p2b: Torkoal|Protect
|move|p1a: Dragonite|Scale Shot|p2a: Hydreigon|[miss]
|-miss|p1a: Dragonite|p2a: Hydreigon
|move|p1b: Sneasler|Dire Claw|p2b: Torkoal
|-activate|p2b: Torkoal|move: Protect
|move|p2a: Hydreigon|Heat Wave|p1a: Dragonite|[spread] p1a,p1b
|-resisted|p1a: Dragonite
|-damage|p1a: Dragonite|0 fnt
|-damage|p1b: Sneasler|0 fnt
|faint|p1a: Dragonite
|faint|p1b: Sneasler
|
|-weather|SunnyDay|[upkeep]
|-sideend|p1: KingDom1992|move: Tailwind
|upkeep
|
|t:|1756476048
|switch|p1b: Incineroar|Incineroar, L50, F, shiny|100/100
|switch|p1a: Ursaluna|Ursaluna-Bloodmoon, L50, M|100/100
|-ability|p1b: Incineroar|Intimidate|boost
|-unboost|p2a: Hydreigon|atk|1
|-unboost|p2b: Torkoal|atk|1
|turn|5
|
|t:|1756476061
|move|p1b: Incineroar|Fake Out|p2a: Hydreigon
|-damage|p2a: Hydreigon|89/100
|cant|p2a: Hydreigon|flinch
|move|p1a: Ursaluna|Earth Power|p2b: Torkoal
|-supereffective|p2b: Torkoal
|-damage|p2b: Torkoal|0 fnt
|faint|p2b: Torkoal
|
|-weather|none
|upkeep
|turn|6
|-message|Zeclos forfeited.
|
|win|KingDom1992
||Zeclos is ready for game 2.
||KingDom1992 is ready for game 2.
|uhtml|next|Next: Game 2 of 3
|l|☆Zeclos
|player|p2|
|l|☆KingDom1992
|player|p1|
|j|☆KingDom1992
|player|p1|KingDom1992|brock|
