|j|☆strikermohamud
|j|☆TJMVI
|html|strikermohamudTJMVI    
|uhtml|bestof|Game 1 of a best-of-3
|t:|1756999616
|gametype|doubles
|player|p1|strikermohamud|unknown|1124
|player|p2|TJMVI|lance|1162
|gen|9
|tier|[Gen 9] VGC 2025 Reg H (Bo3)
|rated|
|rule|Species Clause: Limit one of each Pokémon
|rule|Item Clause: Limit 1 of each item
|clearpoke
|poke|p1|Metagross, L50|
|poke|p1|Alcremie-Ruby-Swirl, L50, F|
|poke|p1|Incineroar, L50, F|
|poke|p1|Ninetales-Alola, L50, F|
|poke|p1|Dragonite, L50, M|
|poke|p1|Garchomp, L50, F|
|poke|p2|Tyranitar, L50, F|
|poke|p2|Garchomp, L50, M|
|poke|p2|Incineroar, L50, F|
|poke|p2|Sneasler, L50, M|
|poke|p2|Corviknight, L50, F|
|poke|p2|Glimmora, L50, M|
|teampreview|4
|showteam|p1|Metagross||AssaultVest|ClearBody|PsychicFangs,BulletPunch,HeavySlam,StompingTantrum||||||50|,,,,,Flying]Alcremie-Ruby-Swirl||CovertCloak|SweetVeil|Decorate,HelpingHand,DazzlingGleam,Protect|||F|||50|,,,,,Fire]Incineroar||SafetyGoggles|Intimidate|FakeOut,KnockOff,Taunt,PartingShot|||F|||50|,,,,,Bug]Ninetales-Alola||FocusSash|SnowWarning|Blizzard,Encore,AuroraVeil,Protect|||F|||50|,,,,,Ice]Dragonite||LoadedDice|Multiscale|ScaleShot,Tailwind,Haze,Protect|||M|||50|,,,,,Fairy]Garchomp||ChoiceBand|RoughSkin|Earthquake,StompingTantrum,DragonClaw,RockSlide|||F|||50|,,,,,Steel
|showteam|p2|Tyranitar||AssaultVest|SandStream|RockSlide,KnockOff,BrickBreak,TeraBlast|||F|||50|,,,,,Flying]Garchomp||ClearAmulet|SandVeil|RockSlide,DragonClaw,Earthquake,Protect|||M|||50|,,,,,Rock]Incineroar||SafetyGoggles|Intimidate|FlareBlitz,KnockOff,FakeOut,PartingShot|||F|||50|,,,,,Bug]Sneasler||WhiteHerb|Unburden|DireClaw,CloseCombat,FakeOut,Protect|||M|||50|,,,,,Stellar]Corviknight||SitrusBerry|MirrorArmor|BodyPress,BraveBird,Tailwind,BulkUp|||F|||50|,,,,,Steel]Glimmora||FocusSash|ToxicDebris|SludgeBomb,PowerGem,EarthPower,SpikyShield|||M|||50|,,,,,Grass
|inactive|Battle timer is ON: inactive players will automatically lose when time's up. (requested by TJMVI)
|inactive|strikermohamud has 60 seconds left.
|
|t:|1756999662
|teamsize|p1|4
|teamsize|p2|4
|start
|switch|p1a: Dragonite|Dragonite, L50, M|100/100
|switch|p1b: Garchomp|Garchomp, L50, F|100/100
|switch|p2a: Sneasler|Sneasler, L50, M|100/100
|switch|p2b: Corviknight|Corviknight, L50, F, shiny|100/100
|turn|1
|
|t:|1756999679
|move|p2a: Sneasler|Fake Out|p1a: Dragonite
|-damage|p1a: Dragonite|94/100
|move|p1b: Garchomp|Rock Slide|p2a: Sneasler|[spread] p2a,p2b
|-resisted|p2a: Sneasler
|-damage|p2a: Sneasler|75/100
|-damage|p2b: Corviknight|76/100
|cant|p1a: Dragonite|flinch
|cant|p2b: Corviknight|flinch
|
|upkeep
|turn|2
|
|t:|1756999699
|switch|p1b: Metagross|Metagross, L50, shiny|100/100
|move|p2a: Sneasler|Dire Claw|p1b: Metagross
|-immune|p1b: Metagross
|move|p1a: Dragonite|Tailwind|p1a: Dragonite
|-sidestart|p1: strikermohamud|move: Tailwind
|move|p2b: Corviknight|Tailwind|p2b: Corviknight
|-sidestart|p2: TJMVI|move: Tailwind
|
|upkeep
|turn|3
|
|t:|1756999718
|move|p2a: Sneasler|Dire Claw|p1a: Dragonite
|-damage|p1a: Dragonite|55/100
|move|p1a: Dragonite|Scale Shot|p2b: Corviknight
|-resisted|p2b: Corviknight
|-damage|p2b: Corviknight|70/100
|-resisted|p2b: Corviknight
|-damage|p2b: Corviknight|65/100
|-resisted|p2b: Corviknight
|-damage|p2b: Corviknight|59/100
|-resisted|p2b: Corviknight
|-damage|p2b: Corviknight|53/100
|-hitcount|p2b: Corviknight|4
|-unboost|p1a: Dragonite|def|1
|-boost|p1a: Dragonite|spe|1
|move|p1b: Metagross|Psychic Fangs|p2a: Sneasler
|-supereffective|p2a: Sneasler
|-damage|p2a: Sneasler|0 fnt
|faint|p2a: Sneasler
|move|p2b: Corviknight|Bulk Up|p2b: Corviknight
|-boost|p2b: Corviknight|atk|1
|-boost|p2b: Corviknight|def|1
|
|upkeep
|
|t:|1756999731
|switch|p2a: Tyranitar|Tyranitar, L50, F|100/100
|-weather|Sandstorm|[from] ability: Sand Stream|[of] p2a: Tyranitar
|turn|4
|
|t:|1756999751
|-terastallize|p1b: Metagross|Flying
|move|p1a: Dragonite|Haze|p1a: Dragonite
|-clearallboost
|move|p2a: Tyranitar|Knock Off|p1b: Metagross
|-crit|p1b: Metagross
|-damage|p1b: Metagross|33/100
|-enditem|p1b: Metagross|Assault Vest|[from] move: Knock Off|[of] p2a: Tyranitar
|move|p1b: Metagross|Heavy Slam|p2a: Tyranitar
|-supereffective|p2a: Tyranitar
|-damage|p2a: Tyranitar|39/100
|move|p2b: Corviknight|Bulk Up|p2b: Corviknight
|-boost|p2b: Corviknight|atk|1
|-boost|p2b: Corviknight|def|1
|
|-weather|Sandstorm|[upkeep]
|-damage|p1a: Dragonite|49/100|[from] Sandstorm
|-damage|p1b: Metagross|27/100|[from] Sandstorm
|upkeep
|turn|5
|
|t:|1756999776
|move|p2a: Tyranitar|Rock Slide|p1a: Dragonite|[spread] p1a,p1b
|-supereffective|p1a: Dragonite
|-supereffective|p1b: Metagross
|-damage|p1a: Dragonite|0 fnt
|-damage|p1b: Metagross|0 fnt
|faint|p1a: Dragonite
|faint|p1b: Metagross
|move|p2b: Corviknight|Bulk Up|p2b: Corviknight
|-boost|p2b: Corviknight|atk|1
|-boost|p2b: Corviknight|def|1
|
|-weather|Sandstorm|[upkeep]
|-sideend|p1: strikermohamud|move: Tailwind
|-sideend|p2: TJMVI|move: Tailwind
|upkeep
|
|t:|1756999779
|switch|p1a: Ninetales|Ninetales-Alola, L50, F|100/100
|switch|p1b: Garchomp|Garchomp, L50, F|100/100
|-weather|Snowscape|[from] ability: Snow Warning|[of] p1a: Ninetales
|turn|6
|inactive|TJMVI has 30 seconds left.
|
|t:|1756999810
|move|p1a: Ninetales|Blizzard|p2b: Corviknight|[spread] p2a,p2b
|-damage|p2a: Tyranitar|20/100
|-damage|p2b: Corviknight|29/100
|-status|p2b: Corviknight|frz
|-enditem|p2b: Corviknight|Sitrus Berry|[eat]
|-heal|p2b: Corviknight|53/100 frz|[from] item: Sitrus Berry
|move|p1b: Garchomp|Dragon Claw|p2a: Tyranitar
|-damage|p2a: Tyranitar|0 fnt
|faint|p2a: Tyranitar
|cant|p2b: Corviknight|frz
|
|-weather|Snowscape|[upkeep]
|upkeep
|
|t:|1756999819
|switch|p2a: Garchomp|Garchomp, L50, M|100/100
|turn|7
|
|t:|1756999830
|-terastallize|p2a: Garchomp|Rock
|move|p1a: Ninetales|Blizzard|p2b: Corviknight|[spread] p2a,p2b
|-damage|p2a: Garchomp|62/100
|-damage|p2b: Corviknight|29/100 frz
|move|p1b: Garchomp|Dragon Claw|p2b: Corviknight
|-resisted|p2b: Corviknight
|-damage|p2b: Corviknight|17/100 frz
|move|p2a: Garchomp|Dragon Claw|p1b: Garchomp
|-supereffective|p1b: Garchomp
|-damage|p1b: Garchomp|12/100
|-damage|p2a: Garchomp|50/100|[from] ability: Rough Skin|[of] p1b: Garchomp
|-curestatus|p2b: Corviknight|frz|[msg]
|move|p2b: Corviknight|Body Press|p1a: Ninetales
|-damage|p1a: Ninetales|54/100
|
|-weather|Snowscape|[upkeep]
|upkeep
|turn|8
|inactive|TJMVI has 30 seconds left.
|
|t:|1756999855
|move|p1a: Ninetales|Blizzard|p2a: Garchomp|[spread] p2a,p2b
|-damage|p2a: Garchomp|15/100
|-damage|p2b: Corviknight|0 fnt
|faint|p2b: Corviknight
|move|p1b: Garchomp|Dragon Claw|p2a: Garchomp
|-damage|p2a: Garchomp|0 fnt
|faint|p2a: Garchomp
|
|win|strikermohamud
||TJMVI is ready for game 2.
|inactive|strikermohamud has 30 seconds to confirm battle start!
