|j|☆xdi8723
|j|☆Jordan230806
|html|xdi8723Jordan230806    
|uhtml|bestof|Game 2 of a best-of-3
|t:|1785952783
|gametype|doubles
|player|p1|xdi8723|1|1071
|player|p2|Jordan230806|lucas|1072
|gen|9
|tier|[Gen 9 Champions] VGC 2026 Reg M-B (Bo3)
|rated|
|rule|Species Clause: Limit one of each Pokémon
|rule|Item Clause: Limit 1 of each item
|clearpoke
|poke|p1|Archaludon, L50, F|
|poke|p1|Pelipper, L50, F|
|poke|p1|Grimmsnarl, L50, M|
|poke|p1|Sinistcha, L50|
|poke|p1|Swampert, L50, M|
|poke|p1|Lycanroc-Dusk, L50, F|
|poke|p2|Charizard, L50, M|
|poke|p2|Sylveon, L50, M|
|poke|p2|Kingambit, L50, F|
|poke|p2|Basculegion, L50, M|
|poke|p2|Garchomp, L50, F|
|poke|p2|Aerodactyl, L50, F|
|teampreview|4
|showteam|p1|Archaludon||Leftovers|Stamina|ElectroShot,AuraSphere,FlashCannon,Protect|Modest||F|||50|]Pelipper||SitrusBerry|Drizzle|Tailwind,WeatherBall,Hurricane,WideGuard|Modest||F|||50|]Grimmsnarl||LightClay|Prankster|PartingShot,SpiritBreak,Reflect,LightScreen|Calm||M|||50|]Sinistcha||KasibBerry|Hospitality|MatchaGotcha,LifeDew,RagePowder,TrickRoom|Calm|||||50|]Swampert||Swampertite|Torrent|WaveCrash,Earthquake,IcePunch,Protect|Adamant||M|||50|]Lycanroc-Dusk||FocusSash|ToughClaws|Protect,RockSlide,Accelerock,CloseCombat|Jolly||F|||50|
|showteam|p2|Charizard||CharizarditeY|Blaze|WeatherBall,HeatWave,SolarBeam,Protect|Calm||M|||50|]Sylveon||FairyFeather|Pixilate|Detect,HyperVoice,Moonblast,Yawn|Calm||M|||50|]Kingambit||ChopleBerry|Defiant|KowtowCleave,SuckerPunch,IronHead,LowKick|Adamant||F|||50|]Basculegion||LifeOrb|Adaptability|AquaJet,Protect,LastRespects,WaveCrash|Careful||M|||50|]Garchomp||SitrusBerry|RoughSkin|RockSlide,Protect,DragonClaw,Earthquake|Timid||F|||50|]Aerodactyl||Aerodactylite|Unnerve|Tailwind,RockSlide,WideGuard,Hurricane|Timid||F|||50|
|inactive|Battle timer is ON: inactive players will automatically lose when time's up. (requested by xdi8723)
|
|t:|1785952827
|teamsize|p1|4
|teamsize|p2|4
|start
|switch|p1a: Swampert|Swampert, L50, M|100/100
|switch|p1b: Lycanroc|Lycanroc-Dusk, L50, F|100/100
|switch|p2a: Kingambit|Kingambit, L50, F|100/100
|switch|p2b: Charizard|Charizard, L50, M|100/100
|turn|1
|inactive|xdi8723 has 30 seconds left.
|inactive|Jordan230806 has 30 seconds left.
|inactive|xdi8723 has 20 seconds left.
|
|t:|1785952865
|detailschange|p2b: Charizard|Charizard-Mega-Y, L50, M
|-mega|p2b: Charizard|Charizard|Charizardite Y
|-weather|SunnyDay|[from] ability: Drought|[of] p2b: Charizard
|detailschange|p1a: Swampert|Swampert-Mega, L50, M
|-mega|p1a: Swampert|Swampert|Swampertite
|move|p1a: Swampert|Protect|p1a: Swampert
|-singleturn|p1a: Swampert|Protect
|move|p1b: Lycanroc|Close Combat|p2a: Kingambit
|-supereffective|p2a: Kingambit|2
|-enditem|p2a: Kingambit|Chople Berry|[eat]
|-enditem|p2a: Kingambit|Chople Berry|[weaken]
|-damage|p2a: Kingambit|20/100y
|-unboost|p1b: Lycanroc|def|1
|-unboost|p1b: Lycanroc|spd|1
|move|p2b: Charizard|Solar Beam||[still]
|-prepare|p2b: Charizard|Solar Beam
|-anim|p2b: Charizard|Solar Beam|p1a: Swampert
|-activate|p1a: Swampert|move: Protect
|move|p2a: Kingambit|Low Kick|p1a: Swampert
|-activate|p1a: Swampert|move: Protect
|
|-weather|SunnyDay|[upkeep]
|upkeep
|turn|2
|inactive|xdi8723 has 30 seconds left.
|inactive|Jordan230806 has 30 seconds left.
|inactive|Jordan230806 has 20 seconds left.
|
|t:|1785952903
|switch|p1a: Pelipper|Pelipper, L50, F|100/100
|-weather|RainDance|[from] ability: Drizzle|[of] p1a: Pelipper
|switch|p2a: Garchomp|Garchomp, L50, F|100/100
|move|p1b: Lycanroc|Accelerock|p2b: Charizard
|-supereffective|p2b: Charizard|2
|-damage|p2b: Charizard|0 fnt
|faint|p2b: Charizard
|
|-weather|RainDance|[upkeep]
|upkeep
|
|t:|1785952916
|switch|p2b: Aerodactyl|Aerodactyl, L50, F|100/100
|-ability|p2b: Aerodactyl|Unnerve
|turn|3
|
|t:|1785952940
|switch|p1b: Swampert|Swampert-Mega, L50, M|100/100
|move|p1a: Pelipper|Wide Guard|p1a: Pelipper
|-singleturn|p1a: Pelipper|Wide Guard
|move|p2b: Aerodactyl|Tailwind|p2b: Aerodactyl
|-sidestart|p2: Jordan230806|move: Tailwind
|move|p2a: Garchomp|Dragon Claw|p1a: Pelipper
|-damage|p1a: Pelipper|67/100
|
|-weather|RainDance|[upkeep]
|upkeep
|turn|4
|
|t:|1785952962
|move|p2a: Garchomp|Protect|p2a: Garchomp
|-singleturn|p2a: Garchomp|Protect
|move|p2b: Aerodactyl|Rock Slide|p1a: Pelipper|[spread] p1a,p1b
|-supereffective|p1a: Pelipper|1
|-resisted|p1b: Swampert|1
|-damage|p1a: Pelipper|26/100
|-damage|p1b: Swampert|93/100
|move|p1b: Swampert|Ice Punch|p2a: Garchomp
|-activate|p2a: Garchomp|move: Protect
|move|p1a: Pelipper|Weather Ball|p2b: Aerodactyl
|-supereffective|p2b: Aerodactyl|1
|-damage|p2b: Aerodactyl|0 fnt
|-enditem|p1a: Pelipper|Sitrus Berry|[eat]
|-heal|p1a: Pelipper|51/100|[from] item: Sitrus Berry
|faint|p2b: Aerodactyl
|
|-weather|RainDance|[upkeep]
|upkeep
|
|t:|1785952982
|switch|p2b: Kingambit|Kingambit, L50, F|20/100y
|turn|5
|
|t:|1785953001
|switch|p1a: Lycanroc|Lycanroc-Dusk, L50, F|100/100
|move|p2a: Garchomp|Rock Slide|p1a: Lycanroc|[spread] p1a,p1b
|-resisted|p1b: Swampert|1
|-damage|p1a: Lycanroc|77/100
|-damage|p1b: Swampert|86/100
|cant|p1b: Swampert|flinch
|move|p2b: Kingambit|Low Kick|p1b: Swampert
|-damage|p1b: Swampert|54/100
|
|-weather|RainDance|[upkeep]
|upkeep
|turn|6
|
|t:|1785953023
|move|p2a: Garchomp|Protect|p2a: Garchomp
|-singleturn|p2a: Garchomp|Protect
|move|p1a: Lycanroc|Accelerock|p2b: Kingambit
|-resisted|p2b: Kingambit|1
|-crit|p2b: Kingambit
|-damage|p2b: Kingambit|7/100
|move|p1b: Swampert|Ice Punch|p2a: Garchomp
|-activate|p2a: Garchomp|move: Protect
|move|p2b: Kingambit|Iron Head|p1a: Lycanroc
|-supereffective|p1a: Lycanroc|1
|-damage|p1a: Lycanroc|0 fnt
|faint|p1a: Lycanroc
|
|-weather|none
|-sideend|p2: Jordan230806|move: Tailwind
|upkeep
|
|t:|1785953036
|switch|p1a: Pelipper|Pelipper, L50, F|51/100
|-weather|RainDance|[from] ability: Drizzle|[of] p1a: Pelipper
|turn|7
|
|t:|1785953059
|move|p2b: Kingambit|Sucker Punch|p1b: Swampert
|-damage|p1b: Swampert|18/100
|move|p1b: Swampert|Ice Punch|p2a: Garchomp
|-supereffective|p2a: Garchomp|2
|-damage|p2a: Garchomp|0 fnt
|-damage|p1b: Swampert|6/100|[from] ability: Rough Skin|[of] p2a: Garchomp
|faint|p2a: Garchomp
|move|p1a: Pelipper|Weather Ball|p2b: Kingambit
|-damage|p2b: Kingambit|0 fnt
|faint|p2b: Kingambit
|
|win|xdi8723
|raw|xdi8723's rating: 1071 → 1100(+29 for winning)
|raw|Jordan230806's rating: 1072 → 1051(-21 for losing)
|l|☆Jordan230806
|player|p2|
