|j|☆klaustrophob97
|j|☆JakAttack101
|html|klaustrophob97JakAttack101    
|uhtml|bestof|Game 2 of a best-of-3
|t:|1756501589
|gametype|doubles
|player|p1|klaustrophob97|1|1108
|player|p2|JakAttack101|blaine|1080
|gen|9
|tier|[Gen 9] VGC 2025 Reg H (Bo3)
|rated|
|rule|Species Clause: Limit one of each Pokémon
|rule|Item Clause: Limit 1 of each item
|clearpoke
|poke|p1|Archaludon, L50, F|
|poke|p1|Pelipper, L50, M|
|poke|p1|Incineroar, L50, M|
|poke|p1|Basculegion, L50, M|
|poke|p1|Amoonguss, L50, F|
|poke|p1|Gholdengo, L50|
|poke|p2|Annihilape, L50, M|
|poke|p2|Ninetales-Alola, L50, M|
|poke|p2|Garchomp, L50, F|
|poke|p2|Dragonite, L50, M|
|poke|p2|Sneasler, L50, M|
|poke|p2|Incineroar, L50, F|
|teampreview|4
|showteam|p1|Archaludon||AssaultVest|Stamina|ElectroShot,FlashCannon,DracoMeteor,BodyPress|||F|||50|,,,,,Grass]Pelipper||FocusSash|Drizzle|WeatherBall,Hurricane,Tailwind,Protect|||M|||50|,,,,,Ghost]Incineroar||SafetyGoggles|Intimidate|KnockOff,Taunt,FakeOut,PartingShot|||M|||50|,,,,,Ghost]Basculegion||ChoiceBand|SwiftSwim|WaveCrash,LastRespects,FlipTurn,AquaJet|||M|||50|,,,,,Water]Amoonguss||SitrusBerry|Regenerator|PollenPuff,Spore,RagePowder,Protect|||F|||50|,,,,,Fairy]Gholdengo||LifeOrb|GoodasGold|MakeItRain,ShadowBall,NastyPlot,Protect||||||50|,,,,,Water
|showteam|p2|Annihilape||AssaultVest|Defiant|RageFist,DrainPunch,RockTomb,FinalGambit|||M|||50|,,,,,Fire]Ninetales-Alola||ChoiceSpecs|SnowWarning|Blizzard,Moonblast,FreezeDry,IcyWind|||M|||50|,,,,,Ghost]Garchomp||LifeOrb|RoughSkin|Earthquake,StompingTantrum,DragonClaw,Protect|||F|||50|,,,,,Steel]Dragonite||LoadedDice|Multiscale|ScaleShot,Tailwind,Protect,Haze|||M|||50|,,,,,Fairy]Sneasler||FocusSash|Unburden|CloseCombat,DireClaw,FakeOut,Coaching|||M|||50|,,,,,Ghost]Incineroar||SafetyGoggles|Intimidate|KnockOff,Taunt,FakeOut,PartingShot|||F|||50|,,,,,Fairy
|inactive|Battle timer is ON: inactive players will automatically lose when time's up. (requested by JakAttack101)
|
|t:|1756501625
|teamsize|p1|4
|teamsize|p2|4
|start
|switch|p1a: Basculegion|Basculegion, L50, M|100/100
|switch|p1b: Gholdengo|Gholdengo, L50|100/100
|switch|p2a: Dragonite|Dragonite, L50, M, shiny|100/100
|switch|p2b: Garchomp|Garchomp, L50, F|100/100
|turn|1
|inactive|JakAttack101 has 30 seconds left.
|inactive|JakAttack101 has 20 seconds left.
|inactive|JakAttack101 has 15 seconds left.
|
|t:|1756501668
|switch|p1b: Pelipper|Pelipper, L50, M|100/100
|-weather|RainDance|[from] ability: Drizzle|[of] p1b: Pelipper
|-terastallize|p2b: Garchomp|Steel
|move|p1a: Basculegion|Wave Crash|p2b: Garchomp
|-damage|p2b: Garchomp|0 fnt
|-damage|p1a: Basculegion|88/100|[from] ability: Rough Skin|[of] p2b: Garchomp
|faint|p2b: Garchomp
|-damage|p1a: Basculegion|57/100|[from] Recoil
|move|p2a: Dragonite|Scale Shot|p1b: Pelipper
|-crit|p1b: Pelipper
|-damage|p1b: Pelipper|69/100
|-damage|p1b: Pelipper|49/100
|-damage|p1b: Pelipper|31/100
|-damage|p1b: Pelipper|10/100
|-damage|p1b: Pelipper|0 fnt
|faint|p1b: Pelipper
|-hitcount|p1: Pelipper|5
|-unboost|p2a: Dragonite|def|1
|-boost|p2a: Dragonite|spe|1
|
|-weather|RainDance|[upkeep]
|upkeep
|
|t:|1756501692
|switch|p2b: Ninetales|Ninetales-Alola, L50, M, shiny|100/100
|switch|p1b: Archaludon|Archaludon, L50, F|100/100
|-weather|Snowscape|[from] ability: Snow Warning|[of] p2b: Ninetales
|turn|2
|inactive|klaustrophob97 has 30 seconds left.
|
|t:|1756501718
|switch|p1a: Gholdengo|Gholdengo, L50|100/100
|move|p2a: Dragonite|Scale Shot|p1a: Gholdengo
|-resisted|p1a: Gholdengo
|-damage|p1a: Gholdengo|94/100
|-resisted|p1a: Gholdengo
|-damage|p1a: Gholdengo|85/100
|-resisted|p1a: Gholdengo
|-damage|p1a: Gholdengo|78/100
|-resisted|p1a: Gholdengo
|-damage|p1a: Gholdengo|70/100
|-hitcount|p1a: Gholdengo|4
|-unboost|p2a: Dragonite|def|1
|-boost|p2a: Dragonite|spe|1
|move|p2b: Ninetales|Moonblast|p1b: Archaludon
|-damage|p1b: Archaludon|55/100
|-unboost|p1b: Archaludon|spa|1
|-ability|p1b: Archaludon|Stamina|boost
|-boost|p1b: Archaludon|def|1
|move|p1b: Archaludon|Flash Cannon|p2b: Ninetales
|-supereffective|p2b: Ninetales
|-damage|p2b: Ninetales|0 fnt
|faint|p2b: Ninetales
|
|-weather|Snowscape|[upkeep]
|upkeep
|
|t:|1756501724
|switch|p2b: Sneasler|Sneasler, L50, M, shiny|100/100
|turn|3
|inactive|klaustrophob97 has 30 seconds left.
|inactive|JakAttack101 has 30 seconds left.
|
|t:|1756501758
|switch|p1b: Basculegion|Basculegion, L50, M|57/100
|move|p1a: Gholdengo|Protect|p1a: Gholdengo
|-singleturn|p1a: Gholdengo|Protect
|move|p2a: Dragonite|Scale Shot|p1a: Gholdengo
|-activate|p1a: Gholdengo|move: Protect
|move|p2b: Sneasler|Dire Claw|p1b: Basculegion
|-resisted|p1b: Basculegion
|-damage|p1b: Basculegion|33/100
|-status|p1b: Basculegion|slp
|
|-weather|Snowscape|[upkeep]
|upkeep
|turn|4
|inactive|klaustrophob97 has 30 seconds left.
|inactive|JakAttack101 has 30 seconds left.
|inactive|JakAttack101 has 20 seconds left.
|
|t:|1756501797
|switch|p1a: Archaludon|Archaludon, L50, F|55/100
|move|p2a: Dragonite|Protect|p2a: Dragonite
|-singleturn|p2a: Dragonite|Protect
|cant|p1b: Basculegion|slp
|move|p2b: Sneasler|Coaching|p2a: Dragonite
|-boost|p2a: Dragonite|atk|1
|-boost|p2a: Dragonite|def|1
|
|-weather|Snowscape|[upkeep]
|upkeep
|turn|5
|inactive|klaustrophob97 has 30 seconds left.
|
|t:|1756501823
|cant|p1b: Basculegion|slp
|move|p2a: Dragonite|Scale Shot|p1b: Basculegion|[miss]
|-miss|p2a: Dragonite|p1b: Basculegion
|move|p2b: Sneasler|Close Combat|p1a: Archaludon
|-supereffective|p1a: Archaludon
|-damage|p1a: Archaludon|0 fnt
|-unboost|p2b: Sneasler|def|1
|-unboost|p2b: Sneasler|spd|1
|faint|p1a: Archaludon
|
|-weather|Snowscape|[upkeep]
|upkeep
|
|t:|1756501833
|switch|p1a: Gholdengo|Gholdengo, L50|70/100
|turn|6
|
|t:|1756501854
|move|p1a: Gholdengo|Protect|p1a: Gholdengo
|-singleturn|p1a: Gholdengo|Protect
|-curestatus|p1b: Basculegion|slp|[msg]
|move|p1b: Basculegion|Aqua Jet|p2a: Dragonite
|-resisted|p2a: Dragonite
|-damage|p2a: Dragonite|88/100
|move|p2a: Dragonite|Scale Shot|p1b: Basculegion
|-damage|p1b: Basculegion|7/100
|-damage|p1b: Basculegion|0 fnt
|faint|p1b: Basculegion
|-hitcount|p1: Basculegion|2
|-unboost|p2a: Dragonite|def|1
|-boost|p2a: Dragonite|spe|1
|move|p2b: Sneasler|Coaching|p2a: Dragonite
|-boost|p2a: Dragonite|atk|1
|-boost|p2a: Dragonite|def|1
|
|-weather|none
|upkeep
|turn|7
|-message|klaustrophob97 forfeited.
|
|win|JakAttack101
|l|☆klaustrophob97
|player|p1|
||klaustrophob97 is ready for game 3.
