|j|☆kigokigo
|j|☆K0deBeast
|html|kigokigoK0deBeast    
|uhtml|bestof|Game 2 of a best-of-3
|t:|1783029424
|gametype|doubles
|player|p1|kigokigo|169|1104
|player|p2|K0deBeast|sailor|1117
|gen|9
|tier|[Gen 9 Champions] VGC 2026 Reg M-B (Bo3)
|rated|
|rule|Species Clause: Limit one of each Pokémon
|rule|Item Clause: Limit 1 of each item
|clearpoke
|poke|p1|Malamar, L50, M|
|poke|p1|Clefable, L50, M|
|poke|p1|Grimmsnarl, L50, M|
|poke|p1|Incineroar, L50, M|
|poke|p1|Serperior, L50, M|
|poke|p1|Staraptor, L50, M|
|poke|p2|Grimmsnarl, L50, M, shiny|
|poke|p2|Zoroark-Hisui, L50, F|
|poke|p2|Charizard, L50, M, shiny|
|poke|p2|Venusaur, L50, F, shiny|
|poke|p2|Staraptor, L50, F, shiny|
|poke|p2|Milotic, L50, M, shiny|
|teampreview|4
|showteam|p1|Malamar||Malamarite|Contrary|Superpower,ThroatChop,Protect,PsychoCut|Jolly||M|||50|]Clefable||BabiriBerry|Unaware|FollowMe,Charm,KnockOff,Protect|Careful||M|||50|]Grimmsnarl||LightClay|Prankster|LightScreen,Reflect,PartingShot,FakeOut|Calm||M|||50|]Incineroar||ChopleBerry|Intimidate|FakeOut,PartingShot,FlareBlitz,DarkestLariat|Adamant||M|||50|]Serperior||SitrusBerry|Contrary|LeafStorm,Protect,DragonPulse,Synthesis|Calm||M|||50|]Staraptor||Staraptite|Intimidate|CloseCombat,BraveBird,Roost,Protect|Adamant||M|||50|
|showteam|p2|Grimmsnarl||LightClay|Prankster|LightScreen,Reflect,PartingShot,FoulPlay|Careful||M|||50|]Zoroark-Hisui||ChoiceScarf|Illusion|GrassKnot,ShadowBall,IcyWind,HyperVoice|Timid||F|||50|]Charizard||CharizarditeY|Blaze|HeatWave,WeatherBall,SolarBeam,Protect|Modest||M|||50|]Venusaur||FocusSash|Chlorophyll|EarthPower,SludgeBomb,GigaDrain,Protect|Timid||F|||50|]Staraptor||Staraptite|Intimidate|BraveBird,CloseCombat,Tailwind,Protect|Jolly||F|||50|]Milotic||Leftovers|Competitive|IcyWind,LifeDew,Scald,Protect|Bold||M|||50|
|inactive|Battle timer is ON: inactive players will automatically lose when time's up. (requested by kigokigo)
|
|t:|1783029454
|teamsize|p1|4
|teamsize|p2|4
|start
|switch|p1a: Grimmsnarl|Grimmsnarl, L50, M|100/100
|switch|p1b: Staraptor|Staraptor, L50, M|100/100
|switch|p2a: Staraptor|Staraptor, L50, F, shiny|100/100
|switch|p2b: Grimmsnarl|Grimmsnarl, L50, M, shiny|100/100
|-ability|p2a: Staraptor|Intimidate|boost
|-unboost|p1a: Grimmsnarl|atk|1
|-unboost|p1b: Staraptor|atk|1
|-ability|p1b: Staraptor|Intimidate|boost
|-unboost|p2a: Staraptor|atk|1
|-unboost|p2b: Grimmsnarl|atk|1
|turn|1
|
|t:|1783029465
|switch|p1a: Incineroar|Incineroar, L50, M|100/100
|-ability|p1a: Incineroar|Intimidate|boost
|-unboost|p2a: Staraptor|atk|1
|-unboost|p2b: Grimmsnarl|atk|1
|detailschange|p2a: Staraptor|Staraptor-Mega, L50, F, shiny
|-mega|p2a: Staraptor|Staraptor|Staraptite
|detailschange|p1b: Staraptor|Staraptor-Mega, L50, M
|-mega|p1b: Staraptor|Staraptor|Staraptite
|move|p2b: Grimmsnarl|Parting Shot|p2a: Staraptor
|-boost|p2a: Staraptor|atk|1
|-boost|p2a: Staraptor|spa|1
|
|t:|1783029474
|switch|p2b: Milotic|Milotic, L50, M, shiny|100/100|[from] Parting Shot
|move|p2a: Staraptor|Tailwind|p2a: Staraptor
|-sidestart|p2: K0deBeast|move: Tailwind
|move|p1b: Staraptor|Close Combat|p2b: Milotic
|-immune|p2b: Milotic
|
|upkeep
|turn|2
|
|t:|1783029497
|switch|p2a: Grimmsnarl|Grimmsnarl, L50, M, shiny|100/100
|move|p1a: Incineroar|Fake Out|p2a: Grimmsnarl
|-damage|p2a: Grimmsnarl|87/100
|move|p2b: Milotic|Hyper Voice|p1a: Incineroar|[spread] p1a,p1b
|-damage|p1a: Incineroar|68/100
|-damage|p1b: Staraptor|66/100
|move|p1b: Staraptor|Close Combat|p2a: Grimmsnarl
|-damage|p2a: Grimmsnarl|42/100
|-boost|p1b: Staraptor|def|1
|-boost|p1b: Staraptor|spd|1
|
|upkeep
|turn|3
|
|t:|1783029516
|move|p2a: Grimmsnarl|Reflect|p2a: Grimmsnarl
|-sidestart|p2: K0deBeast|Reflect
|move|p2b: Milotic|Hyper Voice|p1b: Staraptor|[spread] p1a,p1b
|-damage|p1a: Incineroar|38/100
|-damage|p1b: Staraptor|42/100
|move|p1b: Staraptor|Close Combat|p2a: Grimmsnarl
|-damage|p2a: Grimmsnarl|8/100
|-boost|p1b: Staraptor|def|1
|-boost|p1b: Staraptor|spd|1
|move|p1a: Incineroar|Parting Shot|p1b: Staraptor
|-boost|p1b: Staraptor|atk|1
|-boost|p1b: Staraptor|spa|1
|
|t:|1783029527
|switch|p1a: Grimmsnarl|Grimmsnarl, L50, M|100/100|[from] Parting Shot
|
|upkeep
|turn|4
|
|t:|1783029548
|move|p2a: Grimmsnarl|Light Screen|p2a: Grimmsnarl
|-sidestart|p2: K0deBeast|move: Light Screen
|move|p1a: Grimmsnarl|Light Screen|p1a: Grimmsnarl
|-sidestart|p1: kigokigo|move: Light Screen
|move|p2b: Milotic|Hyper Voice|p1b: Staraptor|[spread] p1a,p1b
|-damage|p1a: Grimmsnarl|81/100
|-damage|p1b: Staraptor|31/100
|move|p1b: Staraptor|Roost|p1b: Staraptor
|-heal|p1b: Staraptor|82/100
|-singleturn|p1b: Staraptor|move: Roost
|
|-sideend|p2: K0deBeast|move: Tailwind
|upkeep
|turn|5
|
|t:|1783029576
|switch|p2a: Staraptor|Staraptor-Mega, L50, F, shiny|100/100
|move|p1a: Grimmsnarl|Parting Shot|p1b: Staraptor
|-boost|p1b: Staraptor|atk|1
|-boost|p1b: Staraptor|spa|1
|
|t:|1783029583
|switch|p1a: Clefable|Clefable, L50, M|100/100|[from] Parting Shot
|move|p2b: Milotic|Hyper Voice|p1b: Staraptor|[spread] p1a,p1b
|-damage|p1a: Clefable|86/100
|-damage|p1b: Staraptor|69/100
|move|p1b: Staraptor|Close Combat|p2a: Staraptor
|-resisted|p2a: Staraptor|1
|-damage|p2a: Staraptor|60/100
|-boost|p1b: Staraptor|def|1
|-boost|p1b: Staraptor|spd|1
|
|upkeep
|turn|6
|inactive|kigokigo has 30 seconds left.
|
|t:|1783029609
|move|p1a: Clefable|Follow Me|p1a: Clefable
|-singleturn|p1a: Clefable|move: Follow Me
|move|p2b: Milotic|Hyper Voice|p1b: Staraptor|[spread] p1a,p1b
|-damage|p1a: Clefable|70/100
|-damage|p1b: Staraptor|60/100
|move|p2a: Staraptor|Brave Bird|p1a: Clefable
|-damage|p1a: Clefable|1/100
|-damage|p2a: Staraptor|32/100|[from] Recoil
|move|p1b: Staraptor|Brave Bird|p2a: Staraptor
|-supereffective|p2a: Staraptor|1
|-damage|p2a: Staraptor|0 fnt
|faint|p2a: Staraptor
|-damage|p1b: Staraptor|51/100|[from] Recoil
|
|upkeep
|
|t:|1783029615
|switch|p2a: Milotic|Milotic, L50, M, shiny|100/100
|turn|7
|
|t:|1783029636
|move|p2b: Milotic|Hyper Voice|p1b: Staraptor|[spread] p1a,p1b
|-damage|p1a: Clefable|0 fnt
|-damage|p1b: Staraptor|41/100
|faint|p1a: Clefable
|move|p1b: Staraptor|Roost|p1b: Staraptor
|-heal|p1b: Staraptor|92/100
|-singleturn|p1b: Staraptor|move: Roost
|move|p2a: Milotic|Scald|p1b: Staraptor
|-damage|p1b: Staraptor|84/100
|-status|p1b: Staraptor|brn
|
|-damage|p1b: Staraptor|78/100 brn|[from] brn
|upkeep
|
|t:|1783029649
|switch|p1a: Grimmsnarl|Grimmsnarl, L50, M|81/100
|turn|8
|
|t:|1783029661
|move|p1a: Grimmsnarl|Fake Out|p2a: Milotic
|-damage|p2a: Milotic|95/100
|move|p2b: Milotic|Hyper Voice|p1a: Grimmsnarl|[spread] p1a,p1b
|-damage|p1a: Grimmsnarl|63/100
|-damage|p1b: Staraptor|69/100 brn
|move|p1b: Staraptor|Close Combat|p2a: Milotic
|-damage|p2a: Milotic|69/100
|-boost|p1b: Staraptor|def|1
|-boost|p1b: Staraptor|spd|1
|cant|p2a: Milotic|flinch
|
|-heal|p2a: Milotic|75/100|[from] item: Leftovers
|-damage|p1b: Staraptor|63/100 brn|[from] brn
|upkeep
|turn|9
|inactive|kigokigo has 30 seconds left.
|
|t:|1783029690
|move|p1a: Grimmsnarl|Reflect|p1a: Grimmsnarl
|-sidestart|p1: kigokigo|Reflect
|move|p2b: Milotic|Hyper Voice|p1a: Grimmsnarl|[spread] p1a,p1b
|-damage|p1a: Grimmsnarl|46/100
|-damage|p1b: Staraptor|56/100 brn
|move|p1b: Staraptor|Close Combat|p2a: Milotic
|-damage|p2a: Milotic|48/100
|-boost|p1b: Staraptor|def|1
|-boost|p1b: Staraptor|spd|1
|move|p2a: Milotic|Scald|p1a: Grimmsnarl
|-damage|p1a: Grimmsnarl|30/100
|-status|p1a: Grimmsnarl|brn
|
|-heal|p2a: Milotic|54/100|[from] item: Leftovers
|-damage|p1b: Staraptor|50/100g brn|[from] brn
|-damage|p1a: Grimmsnarl|24/100 brn|[from] brn
|upkeep
|turn|10
|
|t:|1783029708
|move|p1a: Grimmsnarl|Parting Shot|p1b: Staraptor
|-boost|p1b: Staraptor|atk|1
|-boost|p1b: Staraptor|spa|1
|
|t:|1783029712
|switch|p1a: Incineroar|Incineroar, L50, M|38/100|[from] Parting Shot
|-ability|p1a: Incineroar|Intimidate|boost
|-unboost|p2a: Milotic|atk|1
|-ability|p2a: Milotic|Competitive|boost
|-boost|p2a: Milotic|spa|2
|-unboost|p2b: Milotic|atk|1
|move|p2b: Milotic|Hyper Voice|p1a: Incineroar|[spread] p1a,p1b
|-damage|p1a: Incineroar|17/100
|-damage|p1b: Staraptor|44/100 brn
|move|p1b: Staraptor|Close Combat|p2a: Milotic
|-damage|p2a: Milotic|19/100
|-boost|p1b: Staraptor|def|1
|-boost|p1b: Staraptor|spd|1
|move|p2a: Milotic|Life Dew||[still]|[spread] p2a,p2b
|-heal|p2a: Milotic|45/100
|-fail|p2b: Milotic|heal
|
|-heal|p2a: Milotic|50/100g|[from] item: Leftovers
|-damage|p1b: Staraptor|38/100 brn|[from] brn
|-sideend|p2: K0deBeast|Reflect
|upkeep
|turn|11
|
|t:|1783029735
|move|p2a: Milotic|Protect|p2a: Milotic
|-singleturn|p2a: Milotic|Protect
|move|p2b: Milotic|Hyper Voice|p1a: Incineroar|[spread] p1a,p1b
|-damage|p1a: Incineroar|0 fnt
|-damage|p1b: Staraptor|32/100 brn
|faint|p1a: Incineroar
|move|p1b: Staraptor|Close Combat|p2a: Milotic
|-activate|p2a: Milotic|move: Protect
|
|-heal|p2a: Milotic|56/100|[from] item: Leftovers
|-damage|p1b: Staraptor|26/100 brn|[from] brn
|-sideend|p2: K0deBeast|move: Light Screen
|-sideend|p1: kigokigo|move: Light Screen
|upkeep
|
|t:|1783029740
|switch|p1a: Grimmsnarl|Grimmsnarl, L50, M|24/100 brn
|turn|12
|
|t:|1783029748
|move|p1a: Grimmsnarl|Fake Out|p2a: Milotic
|-damage|p2a: Milotic|52/100
|move|p2b: Milotic|Hyper Voice|p1b: Staraptor|[spread] p1a,p1b
|-damage|p1a: Grimmsnarl|0 fnt
|-damage|p1b: Staraptor|18/100 brn
|faint|p1a: Grimmsnarl
|move|p1b: Staraptor|Brave Bird|p2a: Milotic
|-damage|p2a: Milotic|1/100
|-damage|p1b: Staraptor|1/100 brn|[from] Recoil
|cant|p2a: Milotic|flinch
|
|-heal|p2a: Milotic|7/100|[from] item: Leftovers
|-damage|p1b: Staraptor|0 fnt|[from] brn
|faint|p1b: Staraptor
|
|win|K0deBeast
|raw|kigokigo's rating: 1104 → 1080(-24 for losing)
|raw|K0deBeast's rating: 1117 → 1141(+24 for winning)
|l|☆kigokigo
|player|p1|
|c|☆K0deBeast|gg
