|j|‽bretmeister13
|j|☆KodeBeast0526
|html|bretmeister13KodeBeast0526    
|uhtml|bestof|Game 1 of a best-of-3
|t:|1785608798
|gametype|doubles
|player|p1|bretmeister13|101|1165
|player|p2|KodeBeast0526|hiker|1291
|gen|9
|tier|[Gen 9 Champions] VGC 2026 Reg M-B (Bo3)
|rated|
|rule|Species Clause: Limit one of each Pokémon
|rule|Item Clause: Limit 1 of each item
|clearpoke
|poke|p1|Malamar, L50, M|
|poke|p1|Whimsicott, L50, F|
|poke|p1|Ceruledge, L50, M|
|poke|p1|Basculegion, L50, M|
|poke|p1|Vileplume, L50, M|
|poke|p1|Mawile, L50, M|
|poke|p2|Basculegion, L50, M|
|poke|p2|Garchomp, L50, F|
|poke|p2|Scizor, L50, F|
|poke|p2|Tyranitar, L50, F|
|poke|p2|Sneasler, L50, F|
|poke|p2|Corviknight, L50, F|
|teampreview|4
|showteam|p1|Malamar||Malamarite|Contrary|KnockOff,Superpower,Protect,TrickRoom|Adamant||M|||50|]Whimsicott||FocusSash|Prankster|Tailwind,Moonblast,FakeTears,Charm|Modest||F|||50|]Ceruledge||Leftovers|FlashFire|BulkUp,BitterBlade,ShadowSneak,Protect|Adamant||M|||50|]Basculegion||ChoiceScarf|SwiftSwim|LastRespects,WaveCrash,FlipTurn,AquaJet|Adamant||M|||50|]Vileplume||WideLens|Chlorophyll|LeafStorm,Protect,SleepPowder,SludgeBomb|Calm||M|||50|]Mawile||Mawilite|SheerForce|KnockOff,PlayRough,RockSlide,Protect|Adamant||M|||50|
|showteam|p2|Basculegion||SitrusBerry|Adaptability|WaveCrash,LastRespects,AquaJet,Protect|Jolly||M|||50|]Garchomp||Garchompite|RoughSkin|EarthPower,DracoMeteor,PowerGem,Protect|Modest||F|||50|]Scizor||LifeOrb|Technician|BulletPunch,BugBite,SwordsDance,Protect|Adamant||F|||50|]Tyranitar||ChoiceScarf|SandStream|RockSlide,KnockOff,IcePunch,Superpower|Jolly||F|||50|]Sneasler||FocusSash|PoisonTouch|PoisonJab,CloseCombat,FakeOut,Protect|Jolly||F|||50|]Corviknight||Leftovers|MirrorArmor|IronHead,BraveBird,Tailwind,Protect|Impish||F|||50|
|inactive|Battle timer is ON: inactive players will automatically lose when time's up. (requested by bretmeister13)
|inactive|KodeBeast0526 has 60 seconds left.
|
|t:|1785608843
|teamsize|p1|4
|teamsize|p2|4
|start
|switch|p1a: Malamar|Malamar, L50, M|100/100
|switch|p1b: Whimsicott|Whimsicott, L50, F|100/100
|switch|p2a: Tyranitar|Tyranitar, L50, F|100/100
|switch|p2b: Garchomp|Garchomp, L50, F|100/100
|-weather|Sandstorm|[from] ability: Sand Stream|[of] p2a: Tyranitar
|turn|1
|
|t:|1785608862
|detailschange|p2b: Garchomp|Garchomp-Mega, L50, F
|-mega|p2b: Garchomp|Garchomp|Garchompite
|detailschange|p1a: Malamar|Malamar-Mega, L50, M
|-mega|p1a: Malamar|Malamar|Malamarite
|move|p1b: Whimsicott|Charm|p2b: Garchomp
|-unboost|p2b: Garchomp|atk|2
|move|p2a: Tyranitar|Ice Punch|p1b: Whimsicott
|-supereffective|p1b: Whimsicott|1
|-damage|p1b: Whimsicott|16/100
|move|p2b: Garchomp|Power Gem|p1b: Whimsicott
|-damage|p1b: Whimsicott|0 fnt
|faint|p1b: Whimsicott
|move|p1a: Malamar|Superpower|p2a: Tyranitar
|-supereffective|p2a: Tyranitar|2
|-damage|p2a: Tyranitar|0 fnt
|-boost|p1a: Malamar|atk|1
|-boost|p1a: Malamar|def|1
|faint|p2a: Tyranitar
|
|-weather|Sandstorm|[upkeep]
|-damage|p1a: Malamar|93/100|[from] Sandstorm
|upkeep
|
|t:|1785608878
|switch|p1b: Vileplume|Vileplume, L50, M|100/100
|switch|p2a: Basculegion|Basculegion, L50, M|100/100
|turn|2
|
|t:|1785608890
|move|p2b: Garchomp|Power Gem|p1b: Vileplume
|-damage|p1b: Vileplume|65/100
|move|p2a: Basculegion|Last Respects|p1a: Malamar
|-damage|p1a: Malamar|48/100
|move|p1a: Malamar|Knock Off|p2a: Basculegion
|-supereffective|p2a: Basculegion|1
|-crit|p2a: Basculegion
|-damage|p2a: Basculegion|0 fnt
|-enditem|p2a: Basculegion|Sitrus Berry|[from] move: Knock Off|[of] p1a: Malamar
|faint|p2a: Basculegion
|move|p1b: Vileplume|Sleep Powder|p2b: Garchomp
|-status|p2b: Garchomp|slp|[from] move: Sleep Powder
|
|-weather|Sandstorm|[upkeep]
|-damage|p1a: Malamar|42/100|[from] Sandstorm
|-damage|p1b: Vileplume|59/100|[from] Sandstorm
|upkeep
|
|t:|1785608896
|switch|p2a: Scizor|Scizor, L50, F|100/100
|turn|3
|
|t:|1785608903
|cant|p2b: Garchomp|slp
|move|p1a: Malamar|Superpower|p2a: Scizor
|-damage|p2a: Scizor|48/100
|-boost|p1a: Malamar|atk|1
|-boost|p1a: Malamar|def|1
|move|p2a: Scizor|Bug Bite|p1b: Vileplume
|-damage|p1b: Vileplume|0 fnt
|faint|p1b: Vileplume
|-damage|p2a: Scizor|38/100|[from] item: Life Orb
|
|-weather|Sandstorm|[upkeep]
|-damage|p1a: Malamar|36/100|[from] Sandstorm
|upkeep
|
|t:|1785608909
|switch|p1b: Ceruledge|Ceruledge, L50, M|100/100
|turn|4
|
|t:|1785608918
|move|p2a: Scizor|Protect|p2a: Scizor
|-singleturn|p2a: Scizor|Protect
|cant|p2b: Garchomp|slp
|move|p1a: Malamar|Superpower|p2a: Scizor
|-activate|p2a: Scizor|move: Protect
|move|p1b: Ceruledge|Bulk Up|p1b: Ceruledge
|-boost|p1b: Ceruledge|atk|1
|-boost|p1b: Ceruledge|def|1
|
|-weather|Sandstorm|[upkeep]
|-damage|p1a: Malamar|30/100|[from] Sandstorm
|-damage|p1b: Ceruledge|93/100|[from] Sandstorm
|-heal|p1b: Ceruledge|100/100|[from] item: Leftovers
|upkeep
|turn|5
|
|t:|1785608931
|move|p1b: Ceruledge|Protect|p1b: Ceruledge
|-singleturn|p1b: Ceruledge|Protect
|move|p2a: Scizor|Bullet Punch|p1a: Malamar
|-crit|p1a: Malamar
|-damage|p1a: Malamar|0 fnt
|faint|p1a: Malamar
|-damage|p2a: Scizor|28/100|[from] item: Life Orb
|-curestatus|p2b: Garchomp|slp|[msg]
|move|p2b: Garchomp|Earth Power|p1b: Ceruledge
|-activate|p1b: Ceruledge|move: Protect
|
|-weather|none
|upkeep
|turn|6
|
|t:|1785608946
|move|p2b: Garchomp|Earth Power|p1b: Ceruledge
|-supereffective|p1b: Ceruledge|1
|-damage|p1b: Ceruledge|0 fnt
|faint|p1b: Ceruledge
|
|win|KodeBeast0526
