|j|☆MrTedno
|j|☆sbhaga34
|html|MrTednosbhaga34    
|uhtml|bestof|Game 1 of a best-of-3
|t:|1782423072
|gametype|doubles
|player|p1|MrTedno|101|1148
|player|p2|sbhaga34|hugh|1232
|gen|9
|tier|[Gen 9 Champions] VGC 2026 Reg M-B (Bo3)
|rated|
|rule|Species Clause: Limit one of each Pokémon
|rule|Item Clause: Limit 1 of each item
|clearpoke
|poke|p1|Clefable, L50, M|
|poke|p1|Corviknight, L50, M|
|poke|p1|Garchomp, L50, M|
|poke|p1|Froslass, L50, F|
|poke|p1|Glimmora, L50, M|
|poke|p1|Rotom-Wash, L50|
|poke|p2|Excadrill, L50, F|
|poke|p2|Tyranitar, L50, F|
|poke|p2|Staraptor, L50, M|
|poke|p2|Rotom-Wash, L50|
|poke|p2|Sinistcha, L50|
|poke|p2|Incineroar, L50, M|
|teampreview|4
|showteam|p1|Clefable||BabiriBerry|Unaware|FollowMe,LifeDew,Moonblast,Protect|Bold||M|||50|]Corviknight||OccaBerry|MirrorArmor|BraveBird,BulkUp,Tailwind,Roost|Adamant||M|||50|]Garchomp||LifeOrb|RoughSkin|Earthquake,StompingTantrum,DragonClaw,Protect|Jolly||M|||50|]Froslass||Froslassite|CursedBody|Blizzard,ShadowBall,AuroraVeil,Protect|Modest||F|||50|]Glimmora||Glimmoranite|ToxicDebris|PowerGem,SludgeBomb,EarthPower,SpikyShield|Timid||M|||50|]Rotom-Wash||SitrusBerry|Levitate|Thunderbolt,HydroPump,WillOWisp,Protect|Modest|||||50|
|showteam|p2|Excadrill||FocusSash|SandRush|Earthquake,IronHead,SwordsDance,Protect|Adamant||F|||50|]Tyranitar||Tyranitarite|SandStream|RockSlide,KnockOff,LowKick,Protect|Adamant||F|||50|]Staraptor||Staraptite|Intimidate|CloseCombat,BraveBird,Tailwind,Protect|Jolly||M|||50|]Rotom-Wash||ChoiceScarf|Levitate|VoltSwitch,Thunderbolt,Electroweb,HydroPump|Timid|||||50|]Sinistcha||SitrusBerry|Hospitality|MatchaGotcha,TrickRoom,RagePowder,StrengthSap|Calm|||||50|]Incineroar||Charcoal|Intimidate|FakeOut,FlareBlitz,ThroatChop,PartingShot|Impish||M|||50|
|inactive|Battle timer is ON: inactive players will automatically lose when time's up. (requested by sbhaga34)
|inactive|MrTedno has 60 seconds left.
|
|t:|1782423163
|teamsize|p1|4
|teamsize|p2|4
|start
|switch|p1a: Lady Macbeth|Froslass, L50, F|100/100
|switch|p1b: Banquo|Corviknight, L50, M|100/100
|switch|p2a: Rotom|Rotom-Wash, L50|100/100
|switch|p2b: Tyranitar|Tyranitar, L50, F|100/100
|-weather|Sandstorm|[from] ability: Sand Stream|[of] p2b: Tyranitar
|turn|1
|
|t:|1782423182
|switch|p1b: Macduff|Garchomp, L50, M|100/100
|move|p1a: Lady Macbeth|Protect|p1a: Lady Macbeth
|-singleturn|p1a: Lady Macbeth|Protect
|move|p2a: Rotom|Thunderbolt|p1b: Macduff
|-immune|p1b: Macduff
|move|p2b: Tyranitar|Knock Off|p1b: Macduff
|-damage|p1b: Macduff|52/100
|-damage|p2b: Tyranitar|87/100|[from] ability: Rough Skin|[of] p1b: Macduff
|-enditem|p1b: Macduff|Life Orb|[from] move: Knock Off|[of] p2b: Tyranitar
|
|-weather|Sandstorm|[upkeep]
|-damage|p2a: Rotom|94/100|[from] Sandstorm
|-damage|p1a: Lady Macbeth|93/100|[from] Sandstorm
|upkeep
|turn|2
|inactive|MrTedno has 30 seconds left.
|inactive|sbhaga34 has 30 seconds left.
|inactive|MrTedno has 20 seconds left.
|inactive|sbhaga34 has 20 seconds left.
|
|t:|1782423221
|switch|p2a: Sinistcha|Sinistcha, L50|100/100
|-heal|p2b: Tyranitar|100/100|[from] ability: Hospitality|[of] p2a: Sinistcha
|switch|p1a: Malcolm|Rotom-Wash, L50|100/100
|detailschange|p2b: Tyranitar|Tyranitar-Mega, L50, F
|-mega|p2b: Tyranitar|Tyranitar|Tyranitarite
|move|p1b: Macduff|Earthquake|p2a: Sinistcha|[spread] p2a,p2b
|-immune|p1a: Malcolm|[from] ability: Levitate
|-resisted|p2a: Sinistcha|1
|-supereffective|p2b: Tyranitar|1
|-damage|p2a: Sinistcha|80/100
|-damage|p2b: Tyranitar|52/100
|move|p2b: Tyranitar|Rock Slide|p1a: Malcolm|[spread] p1a,p1b
|-resisted|p1b: Macduff|1
|-damage|p1a: Malcolm|63/100
|-damage|p1b: Macduff|35/100
|
|-weather|Sandstorm|[upkeep]
|-damage|p1a: Malcolm|57/100|[from] Sandstorm
|-damage|p2a: Sinistcha|74/100|[from] Sandstorm
|upkeep
|turn|3
|inactive|MrTedno has 30 seconds left.
|
|t:|1782423255
|switch|p2b: Rotom|Rotom-Wash, L50|94/100
|switch|p1a: Banquo|Corviknight, L50, M|100/100
|move|p1b: Macduff|Earthquake|p2a: Sinistcha|[spread] p2a
|-immune|p1a: Banquo
|-immune|p2b: Rotom|[from] ability: Levitate
|-resisted|p2a: Sinistcha|1
|-damage|p2a: Sinistcha|55/100
|move|p2a: Sinistcha|Matcha Gotcha|p1a: Banquo|[spread] p1a,p1b
|-resisted|p1a: Banquo|2
|-damage|p1a: Banquo|93/100
|-heal|p2a: Sinistcha|59/100|[from] drain|[of] p1a: Banquo
|-damage|p1b: Macduff|9/100
|-heal|p2a: Sinistcha|73/100|[from] drain|[of] p1b: Macduff
|-status|p1a: Banquo|brn
|-status|p1b: Macduff|brn
|
|-weather|Sandstorm|[upkeep]
|-damage|p2b: Rotom|88/100|[from] Sandstorm
|-damage|p2a: Sinistcha|66/100|[from] Sandstorm
|-damage|p1b: Macduff|3/100 brn|[from] brn
|-damage|p1a: Banquo|87/100 brn|[from] brn
|upkeep
|turn|4
|
|t:|1782423278
|switch|p1b: Malcolm|Rotom-Wash, L50|57/100
|move|p2b: Rotom|Thunderbolt|p1a: Banquo
|-supereffective|p1a: Banquo|1
|-damage|p1a: Banquo|20/100y brn
|move|p2a: Sinistcha|Matcha Gotcha|p1b: Malcolm|[spread] p1a
|-miss|p2a: Sinistcha|p1b: Malcolm
|-resisted|p1a: Banquo|2
|-damage|p1a: Banquo|15/100 brn
|-heal|p2a: Sinistcha|70/100|[from] drain|[of] p1a: Banquo
|move|p1a: Banquo|Bulk Up|p1a: Banquo
|-boost|p1a: Banquo|atk|1
|-boost|p1a: Banquo|def|1
|
|-weather|Sandstorm|[upkeep]
|-damage|p2b: Rotom|82/100|[from] Sandstorm
|-damage|p1b: Malcolm|52/100|[from] Sandstorm
|-damage|p2a: Sinistcha|64/100|[from] Sandstorm
|-damage|p1a: Banquo|9/100 brn|[from] brn
|upkeep
|turn|5
|-message|MrTedno forfeited.
|
|win|sbhaga34
