|j|☆ansufati7
|j|☆pinba2
|html|ansufati7pinba2    
|uhtml|bestof|Game 2 of a best-of-3
|t:|1757000981
|gametype|doubles
|player|p1|ansufati7|ethan|1125
|player|p2|pinba2|nate|1010
|gen|9
|tier|[Gen 9] VGC 2025 Reg H (Bo3)
|rated|
|rule|Species Clause: Limit one of each Pokémon
|rule|Item Clause: Limit 1 of each item
|clearpoke
|poke|p1|Ursaluna-Bloodmoon, L50, M|
|poke|p1|Rillaboom, L50, M|
|poke|p1|Gholdengo, L50|
|poke|p1|Incineroar, L50, F|
|poke|p1|Whimsicott, L50, M|
|poke|p1|Dragonite, L50, F|
|poke|p2|Annihilape, L50, F|
|poke|p2|Garchomp, L50, F|
|poke|p2|Incineroar, L50, M|
|poke|p2|Whimsicott, L50, M|
|poke|p2|Rillaboom, L50, M|
|poke|p2|Palafin, L50, F|
|teampreview|4
|showteam|p1|Ursaluna-Bloodmoon||AssaultVest|MindsEye|BloodMoon,VacuumWave,EarthPower,HyperVoice|||M|||50|,,,,,Ghost]Rillaboom||MiracleSeed|GrassySurge|FakeOut,GrassyGlide,Uturn,WoodHammer|||M|||50|,,,,,Fire]Gholdengo||ChoiceScarf|GoodasGold|MakeItRain,ShadowBall,Trick,NastyPlot||||||50|,,,,,Water]Incineroar||SafetyGoggles|Intimidate|FakeOut,KnockOff,PartingShot,WillOWisp|||F|||50|,,,,,Ghost]Whimsicott||CovertCloak|Prankster|Moonblast,Tailwind,SunnyDay,Encore|||M|||50|,,,,,Poison]Dragonite||LoadedDice|Multiscale|ExtremeSpeed,Protect,ScaleShot,Haze|||F|||50|,,,,,Normal
|showteam|p2|Annihilape||ChoiceScarf|Defiant|IcePunch,PoisonJab,RageFist,CloseCombat|||F|||50|,,,,,Dark]Garchomp||FocusSash|RoughSkin|ScaleShot,RockSlide,Earthquake,Protect|||F|||50|,,,,,Ground]Incineroar||CovertCloak|Intimidate|FlareBlitz,SunnyDay,KnockOff,FakeOut|||M|||50|,,,,,Bug]Whimsicott||AbilityShield|Prankster|Encore,Tailwind,DazzlingGleam,TrickRoom|||M|||50|,,,,,Dark]Rillaboom||MiracleSeed|GrassySurge|FakeOut,GrassyGlide,WoodHammer,Taunt|||M|||50|,,,,,Fire]Palafin||MysticWater|ZerotoHero|Haze,WaveCrash,IcePunch,CloseCombat|||F|||50|,,,,,Water
|inactive|Battle timer is ON: inactive players will automatically lose when time's up. (requested by pinba2)
|inactive|ansufati7 has 60 seconds left.
|inactive|pinba2 has 60 seconds left.
|
|t:|1757001022
|teamsize|p1|4
|teamsize|p2|4
|start
|switch|p1a: Whimsicott|Whimsicott, L50, M, shiny|100/100
|switch|p1b: Incineroar|Incineroar, L50, F|100/100
|switch|p2a: Annihilape|Annihilape, L50, F|100/100
|switch|p2b: Whimsicott|Whimsicott, L50, M|100/100
|-ability|p1b: Incineroar|Intimidate|boost
|-unboost|p2a: Annihilape|atk|1
|-ability|p2a: Annihilape|Defiant|boost
|-boost|p2a: Annihilape|atk|2
|-unboost|p2b: Whimsicott|atk|1
|turn|1
|inactive|ansufati7 has 30 seconds left.
|
|t:|1757001053
|-terastallize|p1b: Incineroar|Ghost
|move|p1b: Incineroar|Fake Out|p2b: Whimsicott
|-damage|p2b: Whimsicott|85/100
|cant|p2b: Whimsicott|flinch
|move|p1a: Whimsicott|Tailwind|p1a: Whimsicott
|-sidestart|p1: ansufati7|move: Tailwind
|move|p2a: Annihilape|Poison Jab|p1a: Whimsicott
|-supereffective|p1a: Whimsicott
|-damage|p1a: Whimsicott|0 fnt
|faint|p1a: Whimsicott
|
|upkeep
|
|t:|1757001072
|switch|p1a: Ursaluna|Ursaluna-Bloodmoon, L50, M|100/100
|turn|2
|
|t:|1757001089
|switch|p2a: Incineroar|Incineroar, L50, M|100/100
|-ability|p2a: Incineroar|Intimidate|boost
|-unboost|p1a: Ursaluna|atk|1
|-unboost|p1b: Incineroar|atk|1
|move|p2b: Whimsicott|Tailwind|p2b: Whimsicott
|-sidestart|p2: pinba2|move: Tailwind
|move|p1a: Ursaluna|Blood Moon|p2b: Whimsicott
|-damage|p2b: Whimsicott|0 fnt
|faint|p2b: Whimsicott
|move|p1b: Incineroar|Knock Off|p2a: Incineroar
|-resisted|p2a: Incineroar
|-damage|p2a: Incineroar|89/100
|-enditem|p2a: Incineroar|Covert Cloak|[from] move: Knock Off|[of] p1b: Incineroar
|
|upkeep
|
|t:|1757001104
|switch|p2b: Garchomp|Garchomp, L50, F|100/100
|turn|3
|inactive|pinba2 has 30 seconds left.
|inactive|pinba2 has 20 seconds left.
|inactive|pinba2 has 15 seconds left.
|
|t:|1757001146
|-terastallize|p2b: Garchomp|Ground
|move|p2a: Incineroar|Fake Out|p1a: Ursaluna
|-damage|p1a: Ursaluna|90/100
|move|p2b: Garchomp|Earthquake|p1b: Incineroar|[spread] p2a,p1a,p1b
|-supereffective|p2a: Incineroar
|-damage|p2a: Incineroar|0 fnt
|-damage|p1a: Ursaluna|56/100
|-damage|p1b: Incineroar|50/100
|faint|p2a: Incineroar
|cant|p1a: Ursaluna|flinch
|move|p1b: Incineroar|Will-O-Wisp|p2b: Garchomp
|-status|p2b: Garchomp|brn
|
|-damage|p2b: Garchomp|94/100 brn|[from] brn
|upkeep
|
|t:|1757001163
|switch|p2a: Annihilape|Annihilape, L50, F|100/100
|turn|4
|inactive|pinba2 has 30 seconds left.
|
|t:|1757001197
|move|p2a: Annihilape|Close Combat|p1a: Ursaluna
|-supereffective|p1a: Ursaluna
|-damage|p1a: Ursaluna|0 fnt
|-unboost|p2a: Annihilape|def|1
|-unboost|p2a: Annihilape|spd|1
|faint|p1a: Ursaluna
|move|p2b: Garchomp|Rock Slide|p1b: Incineroar|[miss]
|-miss|p2b: Garchomp|p1b: Incineroar
|move|p1b: Incineroar|Will-O-Wisp|p2a: Annihilape
|-status|p2a: Annihilape|brn
|
|-damage|p2a: Annihilape|95/100 brn|[from] brn
|-damage|p2b: Garchomp|88/100 brn|[from] brn
|-sideend|p1: ansufati7|move: Tailwind
|upkeep
|
|t:|1757001211
|switch|p1a: Dragonite|Dragonite, L50, F, shiny|100/100
|turn|5
|inactive|ansufati7 has 30 seconds left.
|
|t:|1757001237
|move|p1a: Dragonite|Extreme Speed|p2b: Garchomp
|-damage|p2b: Garchomp|57/100 brn
|-damage|p1a: Dragonite|89/100|[from] ability: Rough Skin|[of] p2b: Garchomp
|move|p2a: Annihilape|Close Combat|p1a: Dragonite
|-resisted|p1a: Dragonite
|-damage|p1a: Dragonite|73/100
|-unboost|p2a: Annihilape|def|1
|-unboost|p2a: Annihilape|spd|1
|move|p2b: Garchomp|Rock Slide|p1a: Dragonite|[spread] p1a
|-miss|p2b: Garchomp|p1b: Incineroar
|-supereffective|p1a: Dragonite
|-damage|p1a: Dragonite|50/100
|move|p1b: Incineroar|Knock Off|p2b: Garchomp
|-crit|p2b: Garchomp
|-damage|p2b: Garchomp|0 fnt
|-damage|p1b: Incineroar|38/100|[from] ability: Rough Skin|[of] p2b: Garchomp
|-enditem|p2b: Garchomp|Focus Sash|[from] move: Knock Off|[of] p1b: Incineroar
|faint|p2b: Garchomp
|
|-damage|p2a: Annihilape|89/100 brn|[from] brn
|-sideend|p2: pinba2|move: Tailwind
|upkeep
|turn|6
|
|t:|1757001261
|move|p2a: Annihilape|Close Combat|p1a: Dragonite
|-resisted|p1a: Dragonite
|-damage|p1a: Dragonite|33/100
|-unboost|p2a: Annihilape|def|1
|-unboost|p2a: Annihilape|spd|1
|move|p1a: Dragonite|Scale Shot|p2a: Annihilape
|-damage|p2a: Annihilape|48/100 brn
|-damage|p2a: Annihilape|2/100 brn
|-damage|p2a: Annihilape|0 fnt
|faint|p2a: Annihilape
|-hitcount|p2: Annihilape|3
|
|win|ansufati7
|inactive|ansufati7 has 30 seconds to confirm battle start!
|inactive|pinba2 has 30 seconds to confirm battle start!
|l|☆ansufati7
|player|p1|
||pinba2 is ready for game 3.
||ansufati7 is ready for game 3.
|uhtml|next|Next: Game 3 of 3
