|j|☆FilthyJonhy
|j|☆Alecat
|html|FilthyJonhyAlecat    
|uhtml|bestof|Game 3 of a best-of-3
|t:|1756451390
|gametype|doubles
|player|p1|FilthyJonhy|birdkeeper|1054
|player|p2|Alecat|scientistf|1029
|gen|9
|tier|[Gen 9] VGC 2025 Reg H (Bo3)
|rated|
|rule|Species Clause: Limit one of each Pokémon
|rule|Item Clause: Limit 1 of each item
|clearpoke
|poke|p1|Whimsicott, L50, M|
|poke|p1|Indeedee-F, L50, F|
|poke|p1|Mienshao, L50, F|
|poke|p1|Armarouge, L50, F|
|poke|p1|Ursaluna-Bloodmoon, L50, M|
|poke|p1|Incineroar, L50, M|
|poke|p2|Pawmot, L50, M|
|poke|p2|Gyarados, L50, F|
|poke|p2|Volcarona, L50, M|
|poke|p2|Murkrow, L50, M|
|poke|p2|Incineroar, L50, F|
|poke|p2|Archaludon, L50, M|
|teampreview|4
|showteam|p1|Whimsicott||CovertCloak|Prankster|SunnyDay,Tailwind,Encore,Moonblast|||M|||50|,,,,,Dark]Indeedee-F||SafetyGoggles|PsychicSurge|TrickRoom,FollowMe,Imprison,DazzlingGleam|||F|||50|,,,,,Fairy]Mienshao||FocusSash|InnerFocus|FakeOut,CloseCombat,Feint,WideGuard|||F|||50|,,,,,Dark]Armarouge||LifeOrb|FlashFire|ExpandingForce,ArmorCannon,AuraSphere,EnergyBall|||F|||50|,,,,,Grass]Ursaluna-Bloodmoon||ThroatSpray|MindsEye|BloodMoon,EarthPower,HyperVoice,Protect|||M|||50|,,,,,Normal]Incineroar||RockyHelmet|Intimidate|FakeOut,KnockOff,FlareBlitz,PartingShot|||M|||50|,,,,,Grass
|showteam|p2|Pawmot||FocusSash|VoltAbsorb|DoubleShock,Coaching,CloseCombat,Protect|||M|||50|,,,,,Electric]Gyarados||ClearAmulet|Moxie|Waterfall,DragonDance,Earthquake,Protect|||F|||50|,,,,,Ground]Volcarona||SitrusBerry|FlameBody|Overheat,StruggleBug,RagePowder,Tailwind|||M|||50|,,,,,Grass]Murkrow||Eviolite|Prankster|FoulPlay,RainDance,Tailwind,SunnyDay|||M|||50|,,,,,Dark]Incineroar||AssaultVest|Intimidate|FlareBlitz,FakeOut,Bulldoze,KnockOff|||F|||50|,,,,,Ghost]Archaludon||PowerHerb|Stalwart|DragonTail,FlashCannon,ElectroShot,Protect|||M|||50|,,,,,Grass
|inactive|Battle timer is ON: inactive players will automatically lose when time's up. (requested by Alecat)
|inactive|FilthyJonhy has 60 seconds left.
|inactive|Alecat has 60 seconds left.
|
|t:|1756451445
|teamsize|p1|4
|teamsize|p2|4
|start
|switch|p1a: Mienshao|Mienshao, L50, F|100/100
|switch|p1b: Incineroar|Incineroar, L50, M, shiny|100/100
|switch|p2a: Murkrow|Murkrow, L50, M|100/100
|switch|p2b: Archaludon|Archaludon, L50, M|100/100
|-ability|p1b: Incineroar|Intimidate|boost
|-unboost|p2a: Murkrow|atk|1
|-unboost|p2b: Archaludon|atk|1
|turn|1
|inactive|Alecat has 30 seconds left.
|
|t:|1756451470
|switch|p2b: Gyarados|Gyarados, L50, F|100/100
|move|p1b: Incineroar|Fake Out|p2a: Murkrow
|-damage|p2a: Murkrow|87/100
|cant|p2a: Murkrow|flinch
|move|p1a: Mienshao|Close Combat|p2b: Gyarados
|-resisted|p2b: Gyarados
|-damage|p2b: Gyarados|58/100
|-unboost|p1a: Mienshao|def|1
|-unboost|p1a: Mienshao|spd|1
|
|upkeep
|turn|2
|inactive|FilthyJonhy has 30 seconds left.
|
|t:|1756451500
|switch|p1a: Indeedee|Indeedee-F, L50, F|100/100
|-fieldstart|move: Psychic Terrain|[from] ability: Psychic Surge|[of] p1a: Indeedee
|move|p2b: Gyarados|Protect|p2b: Gyarados
|-singleturn|p2b: Gyarados|Protect
|move|p2a: Murkrow|Tailwind|p2a: Murkrow
|-sidestart|p2: Alecat|move: Tailwind
|move|p1b: Incineroar|Knock Off|p2b: Gyarados
|-activate|p2b: Gyarados|move: Protect
|
|upkeep
|turn|3
|
|t:|1756451515
|move|p2b: Gyarados|Earthquake|p1a: Indeedee|[spread] p1a,p1b
|-immune|p2a: Murkrow
|-supereffective|p1b: Incineroar
|-damage|p1a: Indeedee|77/100
|-damage|p1b: Incineroar|67/100
|move|p2a: Murkrow|Foul Play|p1a: Indeedee
|-supereffective|p1a: Indeedee
|-damage|p1a: Indeedee|46/100
|move|p1b: Incineroar|Knock Off|p2b: Gyarados
|-damage|p2b: Gyarados|12/100
|-enditem|p2b: Gyarados|Clear Amulet|[from] move: Knock Off|[of] p1b: Incineroar
|move|p1a: Indeedee|Trick Room|p1a: Indeedee
|-fieldstart|move: Trick Room|[of] p1a: Indeedee
|
|upkeep
|turn|4
|
|t:|1756451533
|switch|p2a: Volcarona|Volcarona, L50, M|100/100
|switch|p2b: Archaludon|Archaludon, L50, M|100/100
|move|p1b: Incineroar|Knock Off|p2a: Volcarona
|-crit|p2a: Volcarona
|-damage|p2a: Volcarona|35/100
|-enditem|p2a: Volcarona|Sitrus Berry|[from] move: Knock Off|[of] p1b: Incineroar
|move|p1a: Indeedee|Trick Room|p1a: Indeedee
|-fieldend|move: Trick Room
|
|upkeep
|turn|5
|inactive|FilthyJonhy has 30 seconds left.
|
|t:|1756451560
|switch|p1a: Armarouge|Armarouge, L50, F|100/100
|move|p2a: Volcarona|Struggle Bug|p1b: Incineroar|[spread] p1a,p1b
|-damage|p1a: Armarouge|82/100
|-damage|p1b: Incineroar|50/100
|-unboost|p1a: Armarouge|spa|1
|-unboost|p1b: Incineroar|spa|1
|move|p1b: Incineroar|Parting Shot|p2b: Archaludon
|-unboost|p2b: Archaludon|atk|1
|-unboost|p2b: Archaludon|spa|1
|
|t:|1756451571
|switch|p1b: Mienshao|Mienshao, L50, F|100/100|[from] Parting Shot
|move|p2b: Archaludon|Dragon Tail|p1a: Armarouge
|-damage|p1a: Armarouge|67/100
|drag|p1a: Incineroar|Incineroar, L50, M, shiny|50/100
|-ability|p1a: Incineroar|Intimidate|boost
|-unboost|p2a: Volcarona|atk|1
|-unboost|p2b: Archaludon|atk|1
|
|-sideend|p2: Alecat|move: Tailwind
|upkeep
|turn|6
|
|t:|1756451604
|move|p2b: Archaludon|Protect|p2b: Archaludon
|-singleturn|p2b: Archaludon|Protect
|move|p1a: Incineroar|Fake Out|p2a: Volcarona
|-activate|p2a: Volcarona|move: Psychic Terrain
|move|p2a: Volcarona|Tailwind|p2a: Volcarona
|-sidestart|p2: Alecat|move: Tailwind
|move|p1b: Mienshao|Close Combat|p2b: Archaludon
|-activate|p2b: Archaludon|move: Protect
|
|-fieldend|move: Psychic Terrain
|upkeep
|turn|7
|inactive|FilthyJonhy has 30 seconds left.
|inactive|FilthyJonhy has 20 seconds left.
|inactive|FilthyJonhy has 15 seconds left.
|
|t:|1756451648
|switch|p1a: Armarouge|Armarouge, L50, F|67/100
|move|p1b: Mienshao|Wide Guard|p1b: Mienshao
|-singleturn|p1b: Mienshao|Wide Guard
|move|p2a: Volcarona|Overheat|p1b: Mienshao
|-enditem|p1b: Mienshao|Focus Sash
|-damage|p1b: Mienshao|1/100
|-unboost|p2a: Volcarona|spa|2
|move|p2b: Archaludon|Electro Shot||[still]
|-prepare|p2b: Archaludon|Electro Shot
|-boost|p2b: Archaludon|spa|1
|-enditem|p2b: Archaludon|Power Herb
|-anim|p2b: Archaludon|Electro Shot|p1b: Mienshao
|-damage|p1b: Mienshao|0 fnt
|faint|p1b: Mienshao
|
|upkeep
|
|t:|1756451665
|switch|p1b: Indeedee|Indeedee-F, L50, F|46/100
|-fieldstart|move: Psychic Terrain|[from] ability: Psychic Surge|[of] p1b: Indeedee
|turn|8
|
|t:|1756451680
|move|p2a: Volcarona|Struggle Bug|p1a: Armarouge|[spread] p1a,p1b
|-supereffective|p1b: Indeedee
|-damage|p1a: Armarouge|58/100
|-damage|p1b: Indeedee|29/100
|-unboost|p1a: Armarouge|spa|1
|-unboost|p1b: Indeedee|spa|1
|move|p1a: Armarouge|Expanding Force|p2b: Archaludon|[spread] p2a,p2b
|-resisted|p2b: Archaludon
|-damage|p2a: Volcarona|0 fnt
|-damage|p2b: Archaludon|56/100
|faint|p2a: Volcarona
|-damage|p1a: Armarouge|48/100|[from] item: Life Orb
|move|p2b: Archaludon|Dragon Tail|p1b: Indeedee
|-damage|p1b: Indeedee|19/100
|drag|p1b: Incineroar|Incineroar, L50, M, shiny|50/100
|-ability|p1b: Incineroar|Intimidate|boost
|-unboost|p2b: Archaludon|atk|1
|
|upkeep
|
|t:|1756451701
|switch|p2a: Murkrow|Murkrow, L50, M|87/100
|turn|9
|
|t:|1756451715
|move|p2b: Archaludon|Protect|p2b: Archaludon
|-singleturn|p2b: Archaludon|Protect
|move|p1b: Incineroar|Fake Out|p2a: Murkrow
|-hint|Psychic Terrain doesn't affect Pokémon immune to Ground.
|-damage|p2a: Murkrow|72/100
|cant|p2a: Murkrow|flinch
|move|p1a: Armarouge|Aura Sphere|p2b: Archaludon
|-activate|p2b: Archaludon|move: Protect
|
|-sideend|p2: Alecat|move: Tailwind
|upkeep
|turn|10
|inactive|FilthyJonhy has 30 seconds left.
|
|t:|1756451741
|switch|p1b: Indeedee|Indeedee-F, L50, F|19/100
|move|p2a: Murkrow|Rain Dance|p2a: Murkrow
|-weather|RainDance
|move|p2b: Archaludon|Electro Shot||[still]
|-prepare|p2b: Archaludon|Electro Shot
|-boost|p2b: Archaludon|spa|1
|-anim|p2b: Archaludon|Electro Shot|p1a: Armarouge
|-damage|p1a: Armarouge|0 fnt
|faint|p1a: Armarouge
|
|-weather|RainDance|[upkeep]
|upkeep
|
|t:|1756451753
|switch|p1a: Incineroar|Incineroar, L50, M, shiny|50/100
|-ability|p1a: Incineroar|Intimidate|boost
|-unboost|p2a: Murkrow|atk|1
|-unboost|p2b: Archaludon|atk|1
|turn|11
|
|t:|1756451768
|-terastallize|p2a: Murkrow|Dark
|move|p1a: Incineroar|Fake Out|p2a: Murkrow
|-activate|p2a: Murkrow|move: Psychic Terrain
|move|p2b: Archaludon|Electro Shot||[still]
|-prepare|p2b: Archaludon|Electro Shot
|-boost|p2b: Archaludon|spa|1
|-anim|p2b: Archaludon|Electro Shot|p1a: Incineroar
|-damage|p1a: Incineroar|0 fnt
|faint|p1a: Incineroar
|move|p2a: Murkrow|Foul Play|p1b: Indeedee
|-supereffective|p1b: Indeedee
|-damage|p1b: Indeedee|0 fnt
|faint|p1b: Indeedee
|
|win|Alecat
|raw|FilthyJonhy's rating: 1054 → 1035(-19 for losing)
|raw|Alecat's rating: 1029 → 1067(+38 for winning)
|l|☆FilthyJonhy
|player|p1|
