|j|☆Mortipherus
|j|☆LaToba
|html|MortipherusLaToba    
|uhtml|bestof|Game 1 of a best-of-3
|t:|1784352282
|gametype|doubles
|player|p1|Mortipherus|biker-gen4|1049
|player|p2|LaToba|gambler|1000
|gen|9
|tier|[Gen 9 Champions] VGC 2026 Reg M-B (Bo3)
|rated|
|rule|Species Clause: Limit one of each Pokémon
|rule|Item Clause: Limit 1 of each item
|clearpoke
|poke|p1|Blastoise, L50, M|
|poke|p1|Talonflame, L50, F, shiny|
|poke|p1|Farigiraf, L50, M|
|poke|p1|Sinistcha, L50|
|poke|p1|Kingambit, L50, F|
|poke|p1|Garchomp, L50, F, shiny|
|poke|p2|Toxicroak, L50, M|
|poke|p2|Milotic, L50, F|
|poke|p2|Grimmsnarl, L50, M, shiny|
|poke|p2|Sinistcha-Masterpiece, L50|
|poke|p2|Archaludon, L50, M|
|poke|p2|Aerodactyl, L50, F, shiny|
|teampreview|4
|showteam|p1|Blastoise||Blastoisinite|RainDish|Protect,WaterSpout,DarkPulse,IceBeam|Modest||M|||50|]Talonflame||LifeOrb|GaleWings|Protect,Tailwind,RainDance,DualWingbeat|Jolly||F|||50|]Farigiraf||ColburBerry|ArmorTail|Imprison,TrickRoom,HelpingHand,TwinBeam|Bold||M|||50|]Sinistcha||SitrusBerry|Hospitality|TrickRoom,RagePowder,MatchaGotcha,ShadowBall|Bold|||||50|]Kingambit||BlackGlasses|Defiant|Protect,SuckerPunch,KowtowCleave,IronHead|Adamant||F|||50|]Garchomp||Leftovers|RoughSkin|Protect,SwordsDance,DragonClaw,StompingTantrum|Adamant||F|||50|
|showteam|p2|Toxicroak||Leftovers|DrySkin|DrainPunch,CrossPoison,SwordsDance,Protect|Adamant||M|||50|]Milotic||DampRock|Competitive|Surf,IceBeam,RainDance,Recover|Modest||F|||50|]Grimmsnarl||LightClay|Prankster|Reflect,LightScreen,PartingShot,SpiritBreak|Adamant||M|||50|]Sinistcha-Masterpiece||SitrusBerry|Hospitality|MatchaGotcha,ShadowBall,RagePowder,Protect|Bold|||||50|]Archaludon||ShucaBerry|Stamina|ElectroShot,DracoMeteor,FlashCannon,Protect|Modest||M|||50|]Aerodactyl||FocusSash|Unnerve|RockSlide,DualWingbeat,Tailwind,Protect|Jolly||F|||50|
|
|t:|1784352338
|teamsize|p1|4
|teamsize|p2|4
|start
|switch|p1a: Garchomp|Garchomp, L50, F, shiny|100/100
|switch|p1b: Talonflame|Talonflame, L50, F, shiny|100/100
|switch|p2a: Grimmsnarl|Grimmsnarl, L50, M, shiny|100/100
|switch|p2b: Aerodactyl|Aerodactyl, L50, F, shiny|100/100
|-ability|p2b: Aerodactyl|Unnerve
|turn|1
|
|t:|1784352352
|move|p1b: Talonflame|Tailwind|p1b: Talonflame
|-sidestart|p1: Mortipherus|move: Tailwind
|move|p2a: Grimmsnarl|Reflect|p2a: Grimmsnarl
|-sidestart|p2: LaToba|Reflect
|move|p1a: Garchomp|Swords Dance|p1a: Garchomp
|-boost|p1a: Garchomp|atk|2
|move|p2b: Aerodactyl|Tailwind|p2b: Aerodactyl
|-sidestart|p2: LaToba|move: Tailwind
|
|upkeep
|turn|2
|
|t:|1784352368
|move|p1b: Talonflame|Dual Wingbeat|p2b: Aerodactyl
|-resisted|p2b: Aerodactyl|1
|-damage|p2b: Aerodactyl|89/100
|-resisted|p2b: Aerodactyl|1
|-damage|p2b: Aerodactyl|79/100
|-hitcount|p2b: Aerodactyl|2
|-damage|p1b: Talonflame|90/100|[from] item: Life Orb
|move|p2a: Grimmsnarl|Parting Shot|p1a: Garchomp
|-unboost|p1a: Garchomp|atk|1
|-unboost|p1a: Garchomp|spa|1
|
|t:|1784352379
|switch|p2a: Milotic|Milotic, L50, F|100/100|[from] Parting Shot
|move|p2b: Aerodactyl|Rock Slide|p1a: Garchomp|[spread] p1b
|-miss|p2b: Aerodactyl|p1a: Garchomp
|-supereffective|p1b: Talonflame|2
|-damage|p1b: Talonflame|0 fnt
|faint|p1b: Talonflame
|move|p1a: Garchomp|Dragon Claw|p2b: Aerodactyl
|-damage|p2b: Aerodactyl|16/100
|
|upkeep
|
|t:|1784352396
|switch|p1b: Blastoise|Blastoise, L50, M|100/100
|turn|3
|
|t:|1784352420
|switch|p2b: Toxicroak|Toxicroak, L50, M|100/100
|detailschange|p1b: Blastoise|Blastoise-Mega, L50, M
|-mega|p1b: Blastoise|Blastoise|Blastoisinite
|move|p1a: Garchomp|Protect|p1a: Garchomp
|-singleturn|p1a: Garchomp|Protect
|move|p1b: Blastoise|Dark Pulse|p2a: Milotic
|-damage|p2a: Milotic|70/100
|move|p2a: Milotic|Ice Beam|p1a: Garchomp
|-activate|p1a: Garchomp|move: Protect
|
|upkeep
|turn|4
|
|t:|1784352440
|move|p2b: Toxicroak|Swords Dance|p2b: Toxicroak
|-boost|p2b: Toxicroak|atk|2
|move|p1a: Garchomp|Stomping Tantrum|p2b: Toxicroak
|-supereffective|p2b: Toxicroak|1
|-damage|p2b: Toxicroak|0 fnt
|faint|p2b: Toxicroak
|move|p1b: Blastoise|Dark Pulse|p2a: Milotic
|-damage|p2a: Milotic|38/100
|cant|p2a: Milotic|flinch
|
|-sideend|p1: Mortipherus|move: Tailwind
|-sideend|p2: LaToba|move: Tailwind
|upkeep
|
|t:|1784352451
|switch|p2b: Aerodactyl|Aerodactyl, L50, F, shiny|16/100
|-ability|p2b: Aerodactyl|Unnerve
|turn|5
|
|t:|1784352459
|move|p1a: Garchomp|Protect|p1a: Garchomp
|-singleturn|p1a: Garchomp|Protect
|move|p2b: Aerodactyl|Tailwind|p2b: Aerodactyl
|-sidestart|p2: LaToba|move: Tailwind
|move|p2a: Milotic|Recover|p2a: Milotic
|-heal|p2a: Milotic|88/100
|move|p1b: Blastoise|Water Spout|p2b: Aerodactyl|[spread] p2a,p2b
|-resisted|p2a: Milotic|1
|-supereffective|p2b: Aerodactyl|1
|-damage|p2a: Milotic|65/100
|-damage|p2b: Aerodactyl|0 fnt
|faint|p2b: Aerodactyl
|
|upkeep
|
|t:|1784352470
|switch|p2b: Grimmsnarl|Grimmsnarl, L50, M, shiny|100/100
|turn|6
|
|t:|1784352480
|switch|p1a: Sinistcha|Sinistcha, L50|100/100
|move|p2a: Milotic|Ice Beam|p1a: Sinistcha
|-supereffective|p1a: Sinistcha|1
|-damage|p1a: Sinistcha|49/100
|-enditem|p1a: Sinistcha|Sitrus Berry|[eat]
|-heal|p1a: Sinistcha|74/100|[from] item: Sitrus Berry
|move|p2b: Grimmsnarl|Spirit Break|p1b: Blastoise
|-damage|p1b: Blastoise|67/100
|-unboost|p1b: Blastoise|spa|1
|move|p1b: Blastoise|Water Spout|p2b: Grimmsnarl|[spread] p2a,p2b
|-resisted|p2a: Milotic|1
|-damage|p2a: Milotic|56/100
|-damage|p2b: Grimmsnarl|69/100
|
|upkeep
|turn|7
|
|t:|1784352501
|switch|p1b: Garchomp|Garchomp, L50, F, shiny|100/100
|move|p2b: Grimmsnarl|Light Screen|p2b: Grimmsnarl
|-sidestart|p2: LaToba|move: Light Screen
|move|p2a: Milotic|Ice Beam|p1a: Sinistcha
|-supereffective|p1a: Sinistcha|1
|-damage|p1a: Sinistcha|23/100
|move|p1a: Sinistcha|Trick Room|p1a: Sinistcha
|-fieldstart|move: Trick Room|[of] p1a: Sinistcha
|
|upkeep
|turn|8
|
|t:|1784352515
|switch|p1a: Blastoise|Blastoise-Mega, L50, M|67/100
|move|p1b: Garchomp|Dragon Claw|p2a: Milotic
|-damage|p2a: Milotic|30/100
|move|p2b: Grimmsnarl|Spirit Break|p1b: Garchomp
|-supereffective|p1b: Garchomp|1
|-damage|p1b: Garchomp|29/100
|-unboost|p1b: Garchomp|spa|1
|-damage|p2b: Grimmsnarl|57/100|[from] ability: Rough Skin|[of] p1b: Garchomp
|move|p2a: Milotic|Ice Beam|p1a: Blastoise
|-resisted|p1a: Blastoise|1
|-damage|p1a: Blastoise|56/100
|
|-heal|p1b: Garchomp|36/100|[from] item: Leftovers
|-sideend|p2: LaToba|Reflect
|-sideend|p2: LaToba|move: Tailwind
|upkeep
|turn|9
|
|t:|1784352539
|switch|p1b: Sinistcha|Sinistcha, L50|23/100
|-heal|p1a: Blastoise|81/100|[from] ability: Hospitality|[of] p1b: Sinistcha
|move|p2b: Grimmsnarl|Reflect|p2b: Grimmsnarl
|-sidestart|p2: LaToba|Reflect
|move|p2a: Milotic|Recover|p2a: Milotic
|-heal|p2a: Milotic|80/100
|move|p1a: Blastoise|Water Spout|p2b: Grimmsnarl|[spread] p2a,p2b
|-resisted|p2a: Milotic|1
|-damage|p2a: Milotic|68/100
|-damage|p2b: Grimmsnarl|20/100y
|
|upkeep
|turn|10
|
|t:|1784352560
|move|p1a: Blastoise|Protect|p1a: Blastoise
|-singleturn|p1a: Blastoise|Protect
|move|p2b: Grimmsnarl|Spirit Break|p1a: Blastoise
|-activate|p1a: Blastoise|move: Protect
|move|p1b: Sinistcha|Matcha Gotcha|p2a: Milotic|[spread] p2b
|-miss|p1b: Sinistcha|p2a: Milotic
|-damage|p2b: Grimmsnarl|2/100
|-heal|p1b: Sinistcha|33/100|[from] drain|[of] p2b: Grimmsnarl
|-status|p2b: Grimmsnarl|brn
|move|p2a: Milotic|Ice Beam|p1b: Sinistcha
|-supereffective|p1b: Sinistcha|1
|-damage|p1b: Sinistcha|0 fnt
|faint|p1b: Sinistcha
|
|-damage|p2b: Grimmsnarl|0 fnt|[from] brn
|faint|p2b: Grimmsnarl
|upkeep
|
|t:|1784352579
|switch|p1b: Garchomp|Garchomp, L50, F, shiny|36/100
|turn|11
|
|t:|1784352594
|move|p1b: Garchomp|Protect|p1b: Garchomp
|-singleturn|p1b: Garchomp|Protect
|move|p2a: Milotic|Surf|p1a: Blastoise|[spread] p1a
|-activate|p1b: Garchomp|move: Protect
|-resisted|p1a: Blastoise|1
|-damage|p1a: Blastoise|71/100
|move|p1a: Blastoise|Dark Pulse|p2a: Milotic
|-damage|p2a: Milotic|46/100
|
|-heal|p1b: Garchomp|42/100|[from] item: Leftovers
|-fieldend|move: Trick Room
|upkeep
|turn|12
|
|t:|1784352622
|move|p1b: Garchomp|Dragon Claw|p2a: Milotic
|-crit|p2a: Milotic
|-damage|p2a: Milotic|0 fnt
|faint|p2a: Milotic
|
|win|Mortipherus
||Mortipherus is ready for game 2.
|l|☆LaToba
|player|p2|
|inactive|LaToba has 30 seconds to confirm battle start!
|inactive|LaToba has 20 seconds to confirm battle start!
|inactive|LaToba has 10 seconds to confirm battle start!
|uhtml|next|Next: Game 2 of 3
