|j|☆fsdewfgkijeeoki
|j|‽Desertfreak
|html|fsdewfgkijeeokiDesertfreak    
|uhtml|bestof|Game 2 of a best-of-3
|t:|1757628333
|gametype|doubles
|player|p1|fsdewfgkijeeoki|lillie-masters|1308
|player|p2|Desertfreak|265|1370
|gen|9
|tier|[Gen 9] VGC 2025 Reg H (Bo3)
|rated|
|rule|Species Clause: Limit one of each Pokémon
|rule|Item Clause: Limit 1 of each item
|clearpoke
|poke|p1|Dondozo, L50, M|
|poke|p1|Tatsugiri, L50, F|
|poke|p1|Ursaluna-Bloodmoon, L50, M|
|poke|p1|Whimsicott, L50, M|
|poke|p1|Sneasler, L50, F|
|poke|p1|Indeedee, L50, M|
|poke|p2|Gholdengo, L50|
|poke|p2|Kilowattrel, L50, F|
|poke|p2|Incineroar, L50, M|
|poke|p2|Amoonguss, L50, M|
|poke|p2|Porygon2, L50|
|poke|p2|Ursaluna, L50, M|
|teampreview|4
|showteam|p1|Dondozo||Leftovers|Unaware|WaveCrash,OrderUp,Earthquake,Protect|||M|||50|,,,,,Grass]Tatsugiri||SafetyGoggles|Commander|DracoMeteor,MuddyWater,HelpingHand,Protect|||F|||50|,,,,,Fairy]Ursaluna-Bloodmoon||LifeOrb|MindsEye|BloodMoon,HyperVoice,EarthPower,Protect|||M|||50|,,,,,Normal]Whimsicott||CovertCloak|Prankster|Moonblast,Encore,LightScreen,Tailwind|||M|||50|,,,,,Dark]Sneasler||PsychicSeed|Unburden|CloseCombat,DireClaw,ThroatChop,Protect|||F|||50|,,,,,Dark]Indeedee||FocusSash|PsychicSurge|ExpandingForce,TeraBlast,HelpingHand,Protect|||M|||50|,,,,,Psychic
|showteam|p2|Gholdengo||LifeOrb|GoodasGold|MakeItRain,ShadowBall,Protect,NastyPlot||||||50|,,,,,Water]Kilowattrel||FocusSash|Competitive|AirSlash,Thunderbolt,Tailwind,Protect|||F|||50|,,,,,Ghost]Incineroar||SafetyGoggles|Intimidate|FakeOut,FlareBlitz,KnockOff,PartingShot|||M|||50|,,,,,Ghost]Amoonguss||SitrusBerry|Regenerator|PollenPuff,Spore,RagePowder,Protect|||M|||50|,,,,,Water]Porygon2||Eviolite|Download|TeraBlast,IceBeam,Recover,TrickRoom||||||50|,,,,,Fighting]Ursaluna||FlameOrb|Guts|Earthquake,Facade,HeadlongRush,Protect|||M|||50|,,,,,Ghost
|inactive|Battle timer is ON: inactive players will automatically lose when time's up. (requested by Desertfreak)
|
|t:|1757628350
|teamsize|p1|4
|teamsize|p2|4
|start
|switch|p1a: true leader.|Tatsugiri, L50, F|100/100
|switch|p1b: Figurehead|Dondozo, L50, M, shiny|100/100
|switch|p2a: Incineroar|Incineroar, L50, M, shiny|100/100
|switch|p2b: Porygon2|Porygon2, L50, shiny|100/100
|-ability|p2a: Incineroar|Intimidate|boost
|-unboost|p1a: true leader.|atk|1
|-unboost|p1b: Figurehead|atk|1
|-ability|p2b: Porygon2|Download|boost
|-boost|p2b: Porygon2|spa|1
|-activate|p1a: true leader.|ability: Commander|[of] p1b: Figurehead
|-boost|p1b: Figurehead|atk|2
|-boost|p1b: Figurehead|spa|2
|-boost|p1b: Figurehead|spe|2
|-boost|p1b: Figurehead|def|2
|-boost|p1b: Figurehead|spd|2
|turn|1
|
|t:|1757628357
|move|p1b: Figurehead|Protect|p1b: Figurehead
|-singleturn|p1b: Figurehead|Protect
|move|p2a: Incineroar|Fake Out|p1b: Figurehead
|-activate|p1b: Figurehead|move: Protect
|move|p2b: Porygon2|Trick Room|p2b: Porygon2
|-fieldstart|move: Trick Room|[of] p2b: Porygon2
|
|upkeep
|turn|2
|
|t:|1757628366
|move|p2b: Porygon2|Tera Blast|p1b: Figurehead
|-damage|p1b: Figurehead|83/100
|move|p2a: Incineroar|Parting Shot|p1b: Figurehead
|-unboost|p1b: Figurehead|atk|1
|-unboost|p1b: Figurehead|spa|1
|
|t:|1757628372
|switch|p2a: Amoonguss|Amoonguss, L50, M, shiny|100/100|[from] Parting Shot
|move|p1b: Figurehead|Order Up|p2a: Amoonguss
|-damage|p2a: Amoonguss|85/100
|-boost|p1b: Figurehead|atk|1
|
|-heal|p1b: Figurehead|89/100|[from] item: Leftovers
|upkeep
|turn|3
|
|t:|1757628390
|-terastallize|p1b: Figurehead|Grass
|move|p2a: Amoonguss|Spore|p1b: Figurehead
|-immune|p1b: Figurehead
|move|p2b: Porygon2|Ice Beam|p1b: Figurehead
|-supereffective|p1b: Figurehead
|-damage|p1b: Figurehead|62/100
|move|p1b: Figurehead|Order Up|p2a: Amoonguss
|-damage|p2a: Amoonguss|62/100
|-boost|p1b: Figurehead|atk|1
|
|-heal|p1b: Figurehead|68/100|[from] item: Leftovers
|upkeep
|turn|4
|
|t:|1757628412
|move|p2a: Amoonguss|Pollen Puff|p1b: Figurehead
|-supereffective|p1b: Figurehead
|-damage|p1b: Figurehead|51/100
|move|p2b: Porygon2|Ice Beam|p1b: Figurehead
|-supereffective|p1b: Figurehead
|-damage|p1b: Figurehead|21/100
|move|p1b: Figurehead|Wave Crash|p2a: Amoonguss
|-resisted|p2a: Amoonguss
|-damage|p2a: Amoonguss|26/100
|-enditem|p2a: Amoonguss|Sitrus Berry|[eat]
|-heal|p2a: Amoonguss|51/100|[from] item: Sitrus Berry
|-damage|p1b: Figurehead|9/100|[from] Recoil
|
|-heal|p1b: Figurehead|15/100|[from] item: Leftovers
|upkeep
|turn|5
|inactive|fsdewfgkijeeoki has 30 seconds left.
|inactive|Desertfreak has 30 seconds left.
|inactive|Desertfreak has 20 seconds left.
|
|t:|1757628451
|switch|p2a: Incineroar|Incineroar, L50, M, shiny|100/100
|-ability|p2a: Incineroar|Intimidate|boost
|-unboost|p1a: true leader.|atk|1
|-unboost|p1b: Figurehead|atk|1
|move|p1b: Figurehead|Protect|p1b: Figurehead
|-singleturn|p1b: Figurehead|Protect
|move|p2b: Porygon2|Recover||[still]
|-fail|p2b: Porygon2|heal
|
|-heal|p1b: Figurehead|21/100|[from] item: Leftovers
|-fieldend|move: Trick Room
|upkeep
|turn|6
|
|t:|1757628454
|move|p2a: Incineroar|Fake Out|p1b: Figurehead
|-damage|p1b: Figurehead|16/100
|cant|p1b: Figurehead|flinch
|move|p2b: Porygon2|Trick Room|p2b: Porygon2
|-fieldstart|move: Trick Room|[of] p2b: Porygon2
|
|-heal|p1b: Figurehead|23/100|[from] item: Leftovers
|upkeep
|turn|7
|
|t:|1757628459
|move|p2b: Porygon2|Ice Beam|p1b: Figurehead
|-supereffective|p1b: Figurehead
|-damage|p1b: Figurehead|0 fnt
|faint|p1b: Figurehead
|move|p2a: Incineroar|Parting Shot|p1a: true leader.
|-unboost|p1a: true leader.|atk|1
|-unboost|p1a: true leader.|spa|1
|
|t:|1757628461
|switch|p2a: Amoonguss|Amoonguss, L50, M, shiny|84/100|[from] Parting Shot
|
|upkeep
|-message|fsdewfgkijeeoki forfeited.
|
|win|Desertfreak
|raw|fsdewfgkijeeoki's rating: 1308 → 1292(-16 for losing)
|raw|Desertfreak's rating: 1370 → 1386(+16 for winning)
|l|‽Desertfreak
|player|p2|
