|j|☆zubrowka
|j|☆adandelionbreath
|html|zubrowkaadandelionbreath    
|uhtml|bestof|Game 1 of a best-of-3
|t:|1786017969
|gametype|doubles
|player|p1|zubrowka|102|1222
|player|p2|adandelionbreath|170|1340
|gen|9
|tier|[Gen 9 Champions] VGC 2026 Reg M-B (Bo3)
|rated|
|rule|Species Clause: Limit one of each Pokémon
|rule|Item Clause: Limit 1 of each item
|clearpoke
|poke|p1|Floette-Eternal, L50, F|
|poke|p1|Sinistcha, L50|
|poke|p1|Basculegion, L50, M|
|poke|p1|Glimmora, L50, F|
|poke|p1|Staraptor, L50, M|
|poke|p1|Grimmsnarl, L50, M|
|poke|p2|Garchomp, L50, M|
|poke|p2|Rotom-Frost, L50|
|poke|p2|Froslass, L50, F|
|poke|p2|Basculegion, L50, M|
|poke|p2|Blaziken, L50, M|
|poke|p2|Kingambit, L50, M|
|teampreview|4
|showteam|p1|Floette-Eternal||Floettite|FlowerVeil|DazzlingGleam,DrainingKiss,CalmMind,Protect|Modest||F|||50|]Sinistcha||ColburBerry|Hospitality|MatchaGotcha,LifeDew,RagePowder,Protect|Calm|||||50|]Basculegion||ChoiceScarf|Adaptability|WaveCrash,FlipTurn,AquaJet,LastRespects|Jolly||M|||50|]Glimmora||FocusSash|ToxicDebris|PowerGem,SludgeBomb,EarthPower,SpikyShield|Modest||F|||50|]Staraptor||Staraptite|Intimidate|DualWingbeat,CloseCombat,Tailwind,Protect|Jolly||M|||50|]Grimmsnarl||LightClay|Prankster|LightScreen,Reflect,FoulPlay,PartingShot|Impish||M|||50|
|showteam|p2|Garchomp||LifeOrb|RoughSkin|Earthquake,DragonClaw,RockSlide,Protect|Jolly||M|||50|]Rotom-Frost||ChoiceScarf|Levitate|Electroweb,Blizzard,VoltSwitch,WillOWisp|Timid|||||50|]Froslass||Froslassite|SnowCloak|Blizzard,AuroraVeil,IcyWind,Protect|Timid||F|||50|]Basculegion||MysticWater|Adaptability|AquaJet,LastRespects,WaveCrash,Protect|Adamant||M|||50|]Blaziken||FocusSash|SpeedBoost|CloseCombat,RockSlide,Overheat,Protect|Lonely||M|||50|]Kingambit||ChopleBerry|Defiant|IronHead,KowtowCleave,LowKick,SuckerPunch|Adamant||M|||50|
|inactive|Battle timer is ON: inactive players will automatically lose when time's up. (requested by adandelionbreath)
|inactive|adandelionbreath has 60 seconds left.
|
|t:|1786018022
|teamsize|p1|4
|teamsize|p2|4
|start
|switch|p1a: Floette|Floette-Eternal, L50, F|100/100
|switch|p1b: Grimmsnarl|Grimmsnarl, L50, M|100/100
|switch|p2a: Froslass|Froslass, L50, F|100/100
|switch|p2b: Rotom|Rotom-Frost, L50|100/100
|turn|1
|inactive|adandelionbreath has 30 seconds left.
|
|t:|1786018057
|detailschange|p2a: Froslass|Froslass-Mega, L50, F
|-mega|p2a: Froslass|Froslass|Froslassite
|-weather|Snowscape|[from] ability: Snow Warning|[of] p2a: Froslass
|detailschange|p1a: Floette|Floette-Mega, L50, F
|-mega|p1a: Floette|Floette|Floettite
|-ability|p1a: Floette|Fairy Aura
|move|p1b: Grimmsnarl|Light Screen|p1b: Grimmsnarl
|-sidestart|p1: zubrowka|move: Light Screen
|move|p2b: Rotom|Volt Switch|p1a: Floette
|-crit|p1a: Floette
|-damage|p1a: Floette|62/100
|
|t:|1786018066
|switch|p2b: Basculegion|Basculegion, L50, M|100/100|[from] Volt Switch
|move|p2a: Froslass|Blizzard|p1b: Grimmsnarl|[spread] p1a,p1b
|-damage|p1a: Floette|40/100
|-damage|p1b: Grimmsnarl|75/100
|move|p1a: Floette|Calm Mind|p1a: Floette
|-boost|p1a: Floette|spa|1
|-boost|p1a: Floette|spd|1
|
|-weather|Snowscape|[upkeep]
|upkeep
|turn|2
|inactive|adandelionbreath has 30 seconds left.
|inactive|adandelionbreath has 20 seconds left.
|
|t:|1786018101
|move|p1a: Floette|Protect|p1a: Floette
|-singleturn|p1a: Floette|Protect
|move|p2b: Basculegion|Aqua Jet|p1a: Floette
|-activate|p1a: Floette|move: Protect
|move|p1b: Grimmsnarl|Reflect|p1b: Grimmsnarl
|-sidestart|p1: zubrowka|Reflect
|move|p2a: Froslass|Blizzard|p1b: Grimmsnarl|[spread] p1b
|-activate|p1a: Floette|move: Protect
|-damage|p1b: Grimmsnarl|50/100y
|
|-weather|Snowscape|[upkeep]
|upkeep
|turn|3
|
|t:|1786018124
|move|p1b: Grimmsnarl|Parting Shot|p2b: Basculegion
|-unboost|p2b: Basculegion|atk|1
|-unboost|p2b: Basculegion|spa|1
|
|t:|1786018131
|switch|p1b: Basculegion|Basculegion, L50, M|100/100|[from] Parting Shot
|move|p2a: Froslass|Icy Wind|p1b: Basculegion|[spread] p1a,p1b
|-resisted|p1b: Basculegion|1
|-damage|p1a: Floette|32/100
|-damage|p1b: Basculegion|92/100
|-unboost|p1a: Floette|spe|1
|-unboost|p1b: Basculegion|spe|1
|move|p2b: Basculegion|Wave Crash|p1a: Floette
|-damage|p1a: Floette|0 fnt
|faint|p1a: Floette
|-damage|p2b: Basculegion|90/100|[from] Recoil
|
|-weather|Snowscape|[upkeep]
|upkeep
|inactive|zubrowka has 30 seconds left.
|
|t:|1786018162
|switch|p1a: Glimmora|Glimmora, L50, F|100/100
|turn|4
|
|t:|1786018180
|switch|p2b: Kingambit|Kingambit, L50, M|100/100
|move|p1a: Glimmora|Spiky Shield|p1a: Glimmora
|-singleturn|p1a: Glimmora|move: Protect
|move|p2a: Froslass|Aurora Veil|p2a: Froslass
|-sidestart|p2: adandelionbreath|move: Aurora Veil
|move|p1b: Basculegion|Last Respects|p2a: Froslass
|-supereffective|p2a: Froslass|1
|-damage|p2a: Froslass|19/100
|
|-weather|Snowscape|[upkeep]
|upkeep
|turn|5
|
|t:|1786018196
|switch|p2a: Basculegion|Basculegion, L50, M|90/100
|switch|p1b: Grimmsnarl|Grimmsnarl, L50, M|50/100y
|move|p1a: Glimmora|Earth Power|p2b: Kingambit
|-supereffective|p2b: Kingambit|1
|-damage|p2b: Kingambit|54/100
|move|p2b: Kingambit|Kowtow Cleave|p1b: Grimmsnarl
|-resisted|p1b: Grimmsnarl|2
|-damage|p1b: Grimmsnarl|42/100
|
|-weather|none
|upkeep
|turn|6
|inactive|zubrowka has 30 seconds left.
|inactive|zubrowka has 20 seconds left.
|
|t:|1786018232
|move|p1a: Glimmora|Power Gem|p2a: Basculegion
|-damage|p2a: Basculegion|52/100
|move|p2a: Basculegion|Wave Crash|p1a: Glimmora
|-supereffective|p1a: Glimmora|1
|-enditem|p1a: Glimmora|Focus Sash
|-damage|p1a: Glimmora|1/100
|-activate|p1a: Glimmora|ability: Toxic Debris
|-sidestart|p2: adandelionbreath|move: Toxic Spikes
|-damage|p2a: Basculegion|25/100|[from] Recoil
|move|p1b: Grimmsnarl|Foul Play|p2a: Basculegion
|-supereffective|p2a: Basculegion|1
|-damage|p2a: Basculegion|0 fnt
|faint|p2a: Basculegion
|move|p2b: Kingambit|Iron Head|p1b: Grimmsnarl
|-supereffective|p1b: Grimmsnarl|1
|-damage|p1b: Grimmsnarl|0 fnt
|faint|p1b: Grimmsnarl
|
|upkeep
|
|t:|1786018250
|switch|p2a: Froslass|Froslass-Mega, L50, F|19/100
|switch|p1b: Basculegion|Basculegion, L50, M|92/100
|-status|p2a: Froslass|psn
|-weather|Snowscape|[from] ability: Snow Warning|[of] p2a: Froslass
|turn|7
|inactive|adandelionbreath has 30 seconds left.
|
|t:|1786018281
|move|p1a: Glimmora|Spiky Shield|p1a: Glimmora
|-singleturn|p1a: Glimmora|move: Protect
|move|p1b: Basculegion|Aqua Jet|p2a: Froslass
|-damage|p2a: Froslass|2/100 psn
|move|p2b: Kingambit|Sucker Punch||[still]
|-fail|p2b: Kingambit
|move|p2a: Froslass|Icy Wind|p1b: Basculegion|[spread] p1b
|-activate|p1a: Glimmora|move: Protect
|-resisted|p1b: Basculegion|1
|-damage|p1b: Basculegion|85/100
|-unboost|p1b: Basculegion|spe|1
|
|-weather|Snowscape|[upkeep]
|-damage|p2a: Froslass|0 fnt|[from] psn
|faint|p2a: Froslass
|upkeep
|
|t:|1786018283
|switch|p2a: Rotom|Rotom-Frost, L50|100/100
|turn|8
|
|t:|1786018304
|move|p1a: Glimmora|Spiky Shield||[still]
|-fail|p1a: Glimmora
|move|p1b: Basculegion|Aqua Jet|p2b: Kingambit
|-damage|p2b: Kingambit|41/100
|move|p2b: Kingambit|Sucker Punch||[still]
|-fail|p2b: Kingambit
|move|p2a: Rotom|Blizzard|p1a: Glimmora|[spread] p1a,p1b
|-resisted|p1b: Basculegion|1
|-damage|p1a: Glimmora|0 fnt
|-damage|p1b: Basculegion|71/100
|faint|p1a: Glimmora
|
|-weather|Snowscape|[upkeep]
|-sideend|p1: zubrowka|move: Light Screen
|-sideend|p2: adandelionbreath|move: Aurora Veil
|upkeep
|turn|9
|-message|zubrowka forfeited.
|
|win|adandelionbreath
|l|☆zubrowka
|player|p1|
||zubrowka is ready for game 2.
||adandelionbreath is ready for game 2.
|uhtml|next|Next: Game 2 of 3
|l|☆adandelionbreath
|player|p2|
|j|☆zubrowka
|player|p1|zubrowka|102|
