|j|☆Rantix D Red
|j|☆washingtongargacha
|html|Rantix D Redwashingtongargacha    
|uhtml|bestof|Game 1 of a best-of-3
|t:|1757199254
|gametype|doubles
|player|p1|Rantix D Red|n|1121
|player|p2|washingtongargacha|169|1083
|gen|9
|tier|[Gen 9] VGC 2025 Reg H (Bo3)
|rated|
|rule|Species Clause: Limit one of each Pokémon
|rule|Item Clause: Limit 1 of each item
|clearpoke
|poke|p1|Tyranitar, L50, M|
|poke|p1|Excadrill, L50, M|
|poke|p1|Corviknight, L50, F|
|poke|p1|Gyarados, L50, M|
|poke|p1|Indeedee, L50, M|
|poke|p2|Gholdengo, L50|
|poke|p2|Amoonguss, L50, F|
|poke|p2|Ursaluna-Bloodmoon, L50, M|
|poke|p2|Sneasler, L50, F|
|poke|p2|Incineroar, L50, M|
|poke|p2|Dragonite, L50, M|
|teampreview|4
|showteam|p1|Tyranitar||AssaultVest|SandStream|TeraBlast,RockSlide,KnockOff,LowKick|||M|||50|,,,,,Flying]Excadrill||ChoiceBand|SandRush|Earthquake,StompingTantrum,IronHead,RockSlide|||M|||50|,,,,,Ghost]Corviknight||PsychicSeed|MirrorArmor|Protect,BraveBird,Roost,BulkUp|||F|||50|,,,,,Water]Gyarados||ClearAmulet|Intimidate|Waterfall,Protect,DragonDance,TeraBlast|||M|||50|,,,,,Fairy]Indeedee||ChoiceScarf|PsychicSurge|ExpandingForce,Psychic,Trick,TeraBlast|||M|||50|,,,,,Ground
|showteam|p2|Gholdengo||LifeOrb|GoodasGold|MakeItRain,ShadowBall,NastyPlot,Protect||||||50|,,,,,Water]Amoonguss||SitrusBerry|Regenerator|PollenPuff,Spore,RagePowder,Protect|||F|||50|,,,,,Water]Ursaluna-Bloodmoon||AssaultVest|MindsEye|EarthPower,HyperVoice,BloodMoon,VacuumWave|||M|||50|,,,,,Water]Sneasler||FocusSash|Unburden|CloseCombat,DireClaw,ThroatChop,Protect|||F|||50|,,,,,Stellar]Incineroar||SafetyGoggles|Intimidate|FlareBlitz,KnockOff,PartingShot,FakeOut|||M|||50|,,,,,Ghost]Dragonite||LoadedDice|Multiscale|ScaleShot,Tailwind,Haze,Protect|||M|||50|,,,,,Fairy
|inactive|Battle timer is ON: inactive players will automatically lose when time's up. (requested by Rantix D Red)
|j| mavco90
|inactive|washingtongargacha has 60 seconds left.
|
|t:|1757199302
|teamsize|p1|4
|teamsize|p2|4
|start
|switch|p1a: Corviknight|Corviknight, L50, F|100/100
|switch|p1b: Gyarados|Gyarados, L50, M|100/100
|switch|p2a: Gholdengo|Gholdengo, L50|100/100
|switch|p2b: Amoonguss|Amoonguss, L50, F|100/100
|-ability|p1b: Gyarados|Intimidate|boost
|-unboost|p2a: Gholdengo|atk|1
|-unboost|p2b: Amoonguss|atk|1
|turn|1
|inactive|Rantix D Red has 30 seconds left.
|inactive|Rantix D Red has 20 seconds left.
|inactive|Rantix D Red has 15 seconds left.
|inactive|Rantix D Red has 10 seconds left.
|inactive|Rantix D Red has 5 seconds left.
|
|t:|1757199353
|move|p1b: Gyarados|Protect|p1b: Gyarados
|-singleturn|p1b: Gyarados|Protect
|move|p2b: Amoonguss|Rage Powder|p2b: Amoonguss
|-singleturn|p2b: Amoonguss|move: Rage Powder
|move|p2a: Gholdengo|Nasty Plot|p2a: Gholdengo
|-boost|p2a: Gholdengo|spa|2
|move|p1a: Corviknight|Brave Bird|p2b: Amoonguss
|-supereffective|p2b: Amoonguss
|-damage|p2b: Amoonguss|11/100
|-enditem|p2b: Amoonguss|Sitrus Berry|[eat]
|-heal|p2b: Amoonguss|36/100|[from] item: Sitrus Berry
|-damage|p1a: Corviknight|68/100|[from] Recoil
|
|upkeep
|turn|2
|inactive|Rantix D Red has 30 seconds left.
|inactive|washingtongargacha has 30 seconds left.
|
|t:|1757199388
|switch|p1b: Excadrill|Excadrill, L50, M|100/100
|switch|p2b: Incineroar|Incineroar, L50, M|100/100
|-ability|p2b: Incineroar|Intimidate|boost
|-ability|p1a: Corviknight|Mirror Armor
|-unboost|p2b: Incineroar|atk|1
|-unboost|p1b: Excadrill|atk|1
|move|p2a: Gholdengo|Nasty Plot|p2a: Gholdengo
|-boost|p2a: Gholdengo|spa|2
|move|p1a: Corviknight|Brave Bird|p2b: Incineroar
|-damage|p2b: Incineroar|63/100
|-damage|p1a: Corviknight|56/100|[from] Recoil
|
|upkeep
|turn|3
|
|t:|1757199413
|switch|p1b: Gyarados|Gyarados, L50, M|100/100
|-ability|p1b: Gyarados|Intimidate|boost
|-unboost|p2a: Gholdengo|atk|1
|-unboost|p2b: Incineroar|atk|1
|move|p1a: Corviknight|Protect|p1a: Corviknight
|-singleturn|p1a: Corviknight|Protect
|move|p2b: Incineroar|Fake Out|p1b: Gyarados
|-damage|p1b: Gyarados|94/100
|move|p2a: Gholdengo|Make It Rain|p1a: Corviknight|[spread] p1b
|-activate|p1a: Corviknight|move: Protect
|-resisted|p1b: Gyarados
|-damage|p1b: Gyarados|17/100
|-unboost|p2a: Gholdengo|spa|1
|-damage|p2a: Gholdengo|91/100|[from] item: Life Orb
|
|upkeep
|turn|4
|inactive|Rantix D Red has 30 seconds left.
|inactive|washingtongargacha has 30 seconds left.
|
|t:|1757199445
|switch|p2b: Amoonguss|Amoonguss, L50, F|69/100
|move|p2a: Gholdengo|Protect|p2a: Gholdengo
|-singleturn|p2a: Gholdengo|Protect
|move|p1b: Gyarados|Waterfall|p2b: Amoonguss
|-resisted|p2b: Amoonguss
|-damage|p2b: Amoonguss|51/100
|move|p1a: Corviknight|Roost|p1a: Corviknight
|-heal|p1a: Corviknight|100/100
|-singleturn|p1a: Corviknight|move: Roost
|
|upkeep
|turn|5
|
|t:|1757199465
|switch|p2b: Incineroar|Incineroar, L50, M|63/100
|-ability|p2b: Incineroar|Intimidate|boost
|-ability|p1a: Corviknight|Mirror Armor
|-unboost|p2b: Incineroar|atk|1
|-fail|p1b: Gyarados|unboost|[from] item: Clear Amulet|[of] p1b: Gyarados
|move|p2a: Gholdengo|Make It Rain|p1b: Gyarados|[spread] p1a,p1b
|-resisted|p1a: Corviknight
|-crit|p1a: Corviknight
|-resisted|p1b: Gyarados
|-damage|p1a: Corviknight|0 fnt
|-damage|p1b: Gyarados|0 fnt
|-unboost|p2a: Gholdengo|spa|1
|faint|p1a: Corviknight
|faint|p1b: Gyarados
|-damage|p2a: Gholdengo|81/100|[from] item: Life Orb
|
|upkeep
|inactive|Rantix D Red has 30 seconds left.
|
|t:|1757199492
|switch|p1b: Excadrill|Excadrill, L50, M|100/100
|switch|p1a: Tyranitar|Tyranitar, L50, M|100/100
|-weather|Sandstorm|[from] ability: Sand Stream|[of] p1a: Tyranitar
|turn|6
|
|t:|1757199503
|-terastallize|p1a: Tyranitar|Flying
|move|p2b: Incineroar|Fake Out|p1b: Excadrill
|-resisted|p1b: Excadrill
|-damage|p1b: Excadrill|93/100
|cant|p1b: Excadrill|flinch
|move|p2a: Gholdengo|Make It Rain|p1b: Excadrill|[spread] p1a,p1b
|-resisted|p1b: Excadrill
|-damage|p1a: Tyranitar|30/100
|-damage|p1b: Excadrill|16/100
|-unboost|p2a: Gholdengo|spa|1
|-damage|p2a: Gholdengo|71/100|[from] item: Life Orb
|move|p1a: Tyranitar|Knock Off|p2a: Gholdengo
|-supereffective|p2a: Gholdengo
|-damage|p2a: Gholdengo|0 fnt
|-enditem|p2a: Gholdengo|Life Orb|[from] move: Knock Off|[of] p1a: Tyranitar
|faint|p2a: Gholdengo
|
|-weather|Sandstorm|[upkeep]
|-damage|p1a: Tyranitar|24/100|[from] Sandstorm
|upkeep
|
|t:|1757199523
|switch|p2a: Dragonite|Dragonite, L50, M|100/100
|turn|7
|
|t:|1757199534
|switch|p2b: Amoonguss|Amoonguss, L50, F|84/100
|move|p1b: Excadrill|Rock Slide|p2a: Dragonite|[spread] p2a,p2b
|-supereffective|p2a: Dragonite
|-damage|p2a: Dragonite|72/100
|-damage|p2b: Amoonguss|52/100
|move|p2a: Dragonite|Scale Shot|p1b: Excadrill
|-resisted|p1b: Excadrill
|-damage|p1b: Excadrill|9/100
|-resisted|p1b: Excadrill
|-damage|p1b: Excadrill|0 fnt
|faint|p1b: Excadrill
|-hitcount|p1: Excadrill|2
|-unboost|p2a: Dragonite|def|1
|-boost|p2a: Dragonite|spe|1
|move|p1a: Tyranitar|Rock Slide|p2b: Amoonguss|[spread] p2a,p2b
|-supereffective|p2a: Dragonite
|-damage|p2a: Dragonite|0 fnt
|-damage|p2b: Amoonguss|22/100
|faint|p2a: Dragonite
|
|-weather|Sandstorm|[upkeep]
|-damage|p1a: Tyranitar|18/100|[from] Sandstorm
|-damage|p2b: Amoonguss|16/100|[from] Sandstorm
|upkeep
|
|t:|1757199553
|switch|p2a: Incineroar|Incineroar, L50, M|63/100
|-ability|p2a: Incineroar|Intimidate|boost
|-unboost|p1a: Tyranitar|atk|1
|turn|8
|-message|Rantix D Red forfeited.
|
|win|washingtongargacha
