|j|☆Dysarster
|j|☆geardox
|html|Dysarstergeardox    
|uhtml|bestof|Game 2 of a best-of-3
|t:|1756341656
|gametype|doubles
|player|p1|Dysarster|swimmer-gen4dp|1117
|player|p2|geardox|cyclist|1149
|gen|9
|tier|[Gen 9] VGC 2025 Reg H (Bo3)
|rated|
|rule|Species Clause: Limit one of each Pokémon
|rule|Item Clause: Limit 1 of each item
|clearpoke
|poke|p1|Ninetales-Alola, L50, M|
|poke|p1|Rillaboom, L50, F|
|poke|p1|Arcanine-Hisui, L50, F|
|poke|p1|Mienshao, L50, M|
|poke|p1|Murkrow, L50, M|
|poke|p1|Glaceon, L50, M|
|poke|p2|Sneasler, L50, M|
|poke|p2|Garchomp, L50, M|
|poke|p2|Corviknight, L50, F|
|poke|p2|Amoonguss, L50, F|
|poke|p2|Incineroar, L50, F|
|poke|p2|Dragonite, L50, M|
|teampreview|4
|showteam|p1|Ninetales-Alola||LightClay|SnowWarning|FreezeDry,IcyWind,Moonblast,AuroraVeil|||M|||50|,,,,,Ghost]Rillaboom||AssaultVest|GrassySurge|FakeOut,Uturn,GrassyGlide,HighHorsepower|||F|||50|,,,,,Fire]Arcanine-Hisui||SafetyGoggles|Intimidate|FlareBlitz,RockSlide,ExtremeSpeed,Protect|||F|||50|,,,,,Ghost]Mienshao||FocusSash|InnerFocus|FakeOut,KnockOff,CloseCombat,WideGuard|||M|||50|,,,,,Fighting]Murkrow||Eviolite|Prankster|FoulPlay,Quash,Tailwind,Haze|||M|||50|,,,,,Dark]Glaceon||LifeOrb|SnowCloak|FreezeDry,Blizzard,WeatherBall,Protect|||M|||50|,,,,,Ice
|showteam|p2|Sneasler||FocusSash|Unburden|DireClaw,CloseCombat,FakeOut,Coaching|||M|||50|,,,,,Ghost]Garchomp||LifeOrb|RoughSkin|Protect,Earthquake,DragonClaw,StompingTantrum|||M|||50|,,,,,Ground]Corviknight||SitrusBerry|MirrorArmor|BraveBird,Tailwind,Roost,Taunt|||F|||50|,,,,,Fire]Amoonguss||RockyHelmet|Regenerator|ClearSmog,RagePowder,Spore,PollenPuff|||F|||50|,,,,,Water]Incineroar||AssaultVest|Intimidate|KnockOff,FlareBlitz,FakeOut,Uturn|||F|||50|,,,,,Ghost]Dragonite||LoadedDice|Multiscale|ScaleShot,Tailwind,Haze,ExtremeSpeed|||M|||50|,,,,,Fairy
|inactive|Battle timer is ON: inactive players will automatically lose when time's up. (requested by Dysarster)
|
|t:|1756341670
|teamsize|p1|4
|teamsize|p2|4
|start
|switch|p1a: Ninetales|Ninetales-Alola, L50, M, shiny|100/100
|switch|p1b: Mienshao|Mienshao, L50, M|100/100
|switch|p2a: Incineroar|Incineroar, L50, F|100/100
|switch|p2b: Riku|Sneasler, L50, M|100/100
|-weather|Snowscape|[from] ability: Snow Warning|[of] p1a: Ninetales
|-ability|p2a: Incineroar|Intimidate|boost
|-unboost|p1a: Ninetales|atk|1
|-fail|p1b: Mienshao|unboost|Attack|[from] ability: Inner Focus|[of] p1b: Mienshao
|turn|1
|inactive|geardox has 30 seconds left.
|inactive|geardox has 20 seconds left.
|inactive|geardox has 15 seconds left.
|
|t:|1756341711
|move|p2b: Riku|Fake Out|p1b: Mienshao
|-damage|p1b: Mienshao|74/100
|move|p1b: Mienshao|Fake Out|p2a: Incineroar
|-damage|p2a: Incineroar|86/100
|move|p1a: Ninetales|Aurora Veil|p1a: Ninetales
|-sidestart|p1: Dysarster|move: Aurora Veil
|cant|p2a: Incineroar|flinch
|
|-weather|Snowscape|[upkeep]
|upkeep
|turn|2
|
|t:|1756341734
|move|p2b: Riku|Coaching|p2a: Incineroar
|-boost|p2a: Incineroar|atk|1
|-boost|p2a: Incineroar|def|1
|move|p1a: Ninetales|Icy Wind|p2a: Incineroar|[spread] p2a,p2b
|-resisted|p2a: Incineroar
|-damage|p2a: Incineroar|81/100
|-damage|p2b: Riku|79/100
|-unboost|p2a: Incineroar|spe|1
|-unboost|p2b: Riku|spe|1
|move|p1b: Mienshao|Knock Off|p2b: Riku
|-resisted|p2b: Riku
|-damage|p2b: Riku|48/100
|-enditem|p2b: Riku|Focus Sash|[from] move: Knock Off|[of] p1b: Mienshao
|move|p2a: Incineroar|Flare Blitz|p1a: Ninetales
|-supereffective|p1a: Ninetales
|-damage|p1a: Ninetales|0 fnt
|faint|p1a: Ninetales
|-damage|p2a: Incineroar|56/100|[from] Recoil
|
|-weather|Snowscape|[upkeep]
|upkeep
|
|t:|1756341753
|switch|p1a: Glaceon|Glaceon, L50, M|100/100
|turn|3
|
|t:|1756341772
|switch|p1b: Arcanine|Arcanine-Hisui, L50, F|100/100
|-ability|p1b: Arcanine|Intimidate|boost
|-unboost|p2a: Incineroar|atk|1
|-unboost|p2b: Riku|atk|1
|-terastallize|p1a: Glaceon|Ice
|move|p2b: Riku|Close Combat|p1a: Glaceon
|-supereffective|p1a: Glaceon
|-damage|p1a: Glaceon|67/100
|-unboost|p2b: Riku|def|1
|-unboost|p2b: Riku|spd|1
|move|p1a: Glaceon|Blizzard|p2a: Incineroar|[spread] p2a,p2b
|-resisted|p2a: Incineroar
|-crit|p2a: Incineroar
|-damage|p2a: Incineroar|18/100
|-damage|p2b: Riku|0 fnt
|faint|p2b: Riku
|-damage|p1a: Glaceon|57/100|[from] item: Life Orb
|move|p2a: Incineroar|Flare Blitz|p1a: Glaceon
|-supereffective|p1a: Glaceon
|-damage|p1a: Glaceon|8/100
|-damage|p2a: Incineroar|4/100|[from] Recoil
|
|-weather|Snowscape|[upkeep]
|upkeep
|inactive|geardox has 30 seconds left.
|
|t:|1756341802
|switch|p2b: Dragonite|Dragonite, L50, M|100/100
|turn|4
|
|t:|1756341817
|switch|p2a: Stinky Pete|Garchomp, L50, M|100/100
|move|p1a: Glaceon|Protect|p1a: Glaceon
|-singleturn|p1a: Glaceon|Protect
|move|p1b: Arcanine|Rock Slide|p2a: Stinky Pete|[spread] p2a,p2b
|-resisted|p2a: Stinky Pete
|-supereffective|p2b: Dragonite
|-damage|p2a: Stinky Pete|85/100
|-damage|p2b: Dragonite|68/100
|move|p2b: Dragonite|Tailwind|p2b: Dragonite
|-sidestart|p2: geardox|move: Tailwind
|
|-weather|Snowscape|[upkeep]
|upkeep
|turn|5
|
|t:|1756341836
|-terastallize|p2a: Stinky Pete|Ground
|move|p2a: Stinky Pete|Earthquake|p1a: Glaceon|[spread] p1b
|-immune|p2b: Dragonite
|-miss|p2a: Stinky Pete|p1a: Glaceon
|-supereffective|p1b: Arcanine
|-damage|p1b: Arcanine|0 fnt
|faint|p1b: Arcanine
|-damage|p2a: Stinky Pete|75/100|[from] item: Life Orb
|move|p2b: Dragonite|Scale Shot|p1a: Glaceon
|-damage|p1a: Glaceon|1/100
|-damage|p1a: Glaceon|0 fnt
|faint|p1a: Glaceon
|-hitcount|p1: Glaceon|2
|-unboost|p2b: Dragonite|def|1
|-boost|p2b: Dragonite|spe|1
|
|-weather|none
|upkeep
|-message|Dysarster forfeited.
|
|win|geardox
|raw|Dysarster's rating: 1117 → 1094(-23 for losing)
|raw|geardox's rating: 1149 → 1172(+23 for winning)
|l|☆Dysarster
|player|p1|
