|j|☆arrascaxeira
|j|☆AUBrigade
|html|arrascaxeiraAUBrigade    
|uhtml|bestof|Game 1 of a best-of-3
|t:|1757714904
|gametype|doubles
|player|p1|arrascaxeira|1|1273
|player|p2|AUBrigade|morty|1427
|gen|9
|tier|[Gen 9] VGC 2025 Reg H (Bo3)
|rated|
|rule|Species Clause: Limit one of each Pokémon
|rule|Item Clause: Limit 1 of each item
|clearpoke
|poke|p1|Sylveon, L50, F|
|poke|p1|Indeedee-F, L50, F|
|poke|p1|Armarouge, L50, F|
|poke|p1|Torkoal, L50, F|
|poke|p1|Annihilape, L50, F|
|poke|p1|Ursaluna, L50, F|
|poke|p2|Sneasler, L50, F|
|poke|p2|Dragonite, L50, M|
|poke|p2|Incineroar, L50, F|
|poke|p2|Rillaboom, L50, M|
|poke|p2|Kingambit, L50, F|
|poke|p2|Ninetales-Alola, L50, F|
|teampreview|4
|showteam|p1|Sylveon||ChoiceSpecs|Pixilate|HyperBeam,Moonblast,HyperVoice,TeraBlast|||F|||50|,,,,,Water]Indeedee-F||PsychicSeed|PsychicSurge|FollowMe,TrickRoom,Psychic,HelpingHand|||F|||50|,,,,,Psychic]Armarouge||PowerHerb|FlashFire|MeteorBeam,ExpandingForce,ArmorCannon,TrickRoom|||F|||50|,,,,,Grass]Torkoal||Charcoal|Drought|Eruption,HeatWave,Overheat,EarthPower|||F|||50|,,,,,Fire]Annihilape||ChoiceScarf|Defiant|CloseCombat,FinalGambit,ShadowClaw,Uturn|||F|||50|,,,,,Grass]Ursaluna||FlameOrb|Guts|Facade,Earthquake,HeadlongRush,ThroatChop|||F|||50|,,,,,Ground
|showteam|p2|Sneasler||WhiteHerb|Unburden|DireClaw,Protect,Coaching,CloseCombat|||F|||50|,,,,,Ghost]Dragonite||LoadedDice|Multiscale|ScaleShot,Protect,ExtremeSpeed,Haze|||M|||50|,,,,,Steel]Incineroar||AssaultVest|Intimidate|Uturn,FakeOut,FlareBlitz,KnockOff|||F|||50|,,,,,Grass]Rillaboom||MiracleSeed|GrassySurge|GrassyGlide,WoodHammer,FakeOut,HighHorsepower|||M|||50|,,,,,Water]Kingambit||SafetyGoggles|Defiant|KowtowCleave,SuckerPunch,SwordsDance,Protect|||F|||50|,,,,,Bug]Ninetales-Alola||FocusSash|SnowWarning|Protect,Blizzard,FreezeDry,AuroraVeil|||F|||50|,,,,,Ice
|c|☆arrascaxeira|Ah dang, supposed tk be cts
|
|t:|1757714940
|teamsize|p1|4
|teamsize|p2|4
|start
|switch|p1a: Annihilape|Annihilape, L50, F, shiny|100/100
|switch|p1b: Armarouge|Armarouge, L50, F|100/100
|switch|p2a: Kingambit|Kingambit, L50, F|100/100
|switch|p2b: Dragonite|Dragonite, L50, M|100/100
|turn|1
|
|t:|1757714975
|move|p2b: Dragonite|Protect|p2b: Dragonite
|-singleturn|p2b: Dragonite|Protect
|move|p2a: Kingambit|Protect|p2a: Kingambit
|-singleturn|p2a: Kingambit|Protect
|move|p1a: Annihilape|Final Gambit|p2a: Kingambit
|-activate|p2a: Kingambit|move: Protect
|move|p1b: Armarouge|Trick Room|p1b: Armarouge
|-fieldstart|move: Trick Room|[of] p1b: Armarouge
|
|upkeep
|turn|2
|c|☆AUBrigade|It's Bo3?
|c|☆arrascaxeira|This is bo3 ladder. I was supposed to queue into bo1
|
|t:|1757715022
|switch|p2a: Incineroar|Incineroar, L50, F|100/100
|-ability|p2a: Incineroar|Intimidate|boost
|-unboost|p1a: Annihilape|atk|1
|-ability|p1a: Annihilape|Defiant|boost
|-boost|p1a: Annihilape|atk|2
|-unboost|p1b: Armarouge|atk|1
|switch|p1a: Indeedee|Indeedee-F, L50, F|100/100
|-fieldstart|move: Psychic Terrain|[from] ability: Psychic Surge|[of] p1a: Indeedee
|-enditem|p1a: Indeedee|Psychic Seed
|-boost|p1a: Indeedee|spd|1|[from] item: Psychic Seed
|-terastallize|p1b: Armarouge|Grass
|move|p1b: Armarouge|Meteor Beam||[still]
|-prepare|p1b: Armarouge|Meteor Beam
|-boost|p1b: Armarouge|spa|1
|-enditem|p1b: Armarouge|Power Herb
|-anim|p1b: Armarouge|Meteor Beam|p2b: Dragonite
|-supereffective|p2b: Dragonite
|-damage|p2b: Dragonite|27/100
|move|p2b: Dragonite|Scale Shot|p1a: Indeedee|[miss]
|-miss|p2b: Dragonite|p1a: Indeedee
|
|upkeep
|turn|3
|c|☆AUBrigade|Well glhf
|
|t:|1757715061
|switch|p1a: Torkoal|Torkoal, L50, F|100/100
|-weather|SunnyDay|[from] ability: Drought|[of] p1a: Torkoal
|move|p2b: Dragonite|Protect|p2b: Dragonite
|-singleturn|p2b: Dragonite|Protect
|move|p1b: Armarouge|Armor Cannon|p2b: Dragonite
|-activate|p2b: Dragonite|move: Protect
|move|p2a: Incineroar|U-turn|p1b: Armarouge
|-supereffective|p1b: Armarouge
|-damage|p1b: Armarouge|64/100
|c|☆arrascaxeira|I defs need luck. Fun,  want to kill myself for playing this
|
|t:|1757715092
|switch|p2a: Rillaboom|Rillaboom, L50, M|100/100|[from] U-turn
|-fieldstart|move: Grassy Terrain|[from] ability: Grassy Surge|[of] p2a: Rillaboom
|
|-weather|SunnyDay|[upkeep]
|-heal|p1b: Armarouge|70/100|[from] Grassy Terrain
|upkeep
|turn|4
|
|t:|1757715128
|switch|p1a: Indeedee|Indeedee-F, L50, F|100/100
|-fieldstart|move: Psychic Terrain|[from] ability: Psychic Surge|[of] p1a: Indeedee
|switch|p2a: Incineroar|Incineroar, L50, F|100/100
|-ability|p2a: Incineroar|Intimidate|boost
|-unboost|p1a: Indeedee|atk|1
|-unboost|p1b: Armarouge|atk|1
|move|p2b: Dragonite|Extreme Speed|p1b: Armarouge
|-activate|p1b: Armarouge|move: Psychic Terrain
|move|p1b: Armarouge|Expanding Force|p2b: Dragonite|[spread] p2b
|-immune|p2a: Incineroar
|-damage|p2b: Dragonite|0 fnt
|faint|p2b: Dragonite
|
|-weather|SunnyDay|[upkeep]
|upkeep
|
|t:|1757715143
|switch|p2b: Rillaboom|Rillaboom, L50, M|100/100
|-fieldstart|move: Grassy Terrain|[from] ability: Grassy Surge|[of] p2b: Rillaboom
|turn|5
|
|t:|1757715171
|switch|p1a: Annihilape|Annihilape, L50, F, shiny|100/100
|-terastallize|p2b: Rillaboom|Water
|move|p1b: Armarouge|Meteor Beam||[still]
|-prepare|p1b: Armarouge|Meteor Beam
|-boost|p1b: Armarouge|spa|1
|move|p2a: Incineroar|U-turn|p1b: Armarouge
|-supereffective|p1b: Armarouge
|-damage|p1b: Armarouge|32/100
|
|t:|1757715181
|switch|p2a: Kingambit|Kingambit, L50, F|100/100|[from] U-turn
|move|p2b: Rillaboom|High Horsepower|p1a: Annihilape
|-damage|p1a: Annihilape|65/100
|
|-weather|SunnyDay|[upkeep]
|-heal|p1b: Armarouge|38/100|[from] Grassy Terrain
|-heal|p1a: Annihilape|71/100|[from] Grassy Terrain
|-fieldend|move: Trick Room
|upkeep
|turn|6
|
|t:|1757715217
|move|p2a: Kingambit|Sucker Punch|p1b: Armarouge
|-damage|p1b: Armarouge|3/100
|move|p1a: Annihilape|Close Combat|p2a: Kingambit
|-supereffective|p2a: Kingambit
|-damage|p2a: Kingambit|0 fnt
|-unboost|p1a: Annihilape|def|1
|-unboost|p1a: Annihilape|spd|1
|faint|p2a: Kingambit
|move|p2b: Rillaboom|Wood Hammer|p1a: Annihilape
|-damage|p1a: Annihilape|0 fnt
|faint|p1a: Annihilape
|-damage|p2b: Rillaboom|75/100|[from] Recoil
|move|p1b: Armarouge|Meteor Beam|p2b: Rillaboom|[from] lockedmove
|-damage|p2b: Rillaboom|0 fnt
|faint|p2b: Rillaboom
|
|-weather|SunnyDay|[upkeep]
|-heal|p1b: Armarouge|9/100|[from] Grassy Terrain
|upkeep
|
|t:|1757715237
|switch|p1a: Indeedee|Indeedee-F, L50, F|100/100
|switch|p2b: Incineroar|Incineroar, L50, F|100/100
|-ability|p2b: Incineroar|Intimidate|boost
|-unboost|p1a: Indeedee|atk|1
|-unboost|p1b: Armarouge|atk|1
|-fieldstart|move: Psychic Terrain|[from] ability: Psychic Surge|[of] p1a: Indeedee
|turn|7
|
|t:|1757715245
|move|p1a: Indeedee|Follow Me|p1a: Indeedee
|-singleturn|p1a: Indeedee|move: Follow Me
|move|p2b: Incineroar|Knock Off|p1a: Indeedee
|-supereffective|p1a: Indeedee
|-damage|p1a: Indeedee|50/100
|move|p1b: Armarouge|Meteor Beam||[still]
|-prepare|p1b: Armarouge|Meteor Beam
|-boost|p1b: Armarouge|spa|1
|
|-weather|none
|upkeep
|turn|8
|
|t:|1757715255
|move|p1a: Indeedee|Follow Me|p1a: Indeedee
|-singleturn|p1a: Indeedee|move: Follow Me
|move|p2b: Incineroar|Knock Off|p1a: Indeedee
|-supereffective|p1a: Indeedee
|-damage|p1a: Indeedee|0 fnt
|faint|p1a: Indeedee
|move|p1b: Armarouge|Meteor Beam|p2b: Incineroar|[from] lockedmove
|-supereffective|p2b: Incineroar
|-damage|p2b: Incineroar|0 fnt
|faint|p2b: Incineroar
|
|win|arrascaxeira
||AUBrigade is ready for game 2.
||arrascaxeira is ready for game 2.
|uhtml|next|Next: Game 2 of 3
