|j|☆Im_Neutro
|j|☆syshj
|html|Im_Neutrosyshj    
|uhtml|bestof|Game 2 of a best-of-3
|t:|1784378188
|gametype|doubles
|player|p1|Im_Neutro|noland|1104
|player|p2|syshj|dawn|1173
|gen|9
|tier|[Gen 9 Champions] VGC 2026 Reg M-B (Bo3)
|rated|
|rule|Species Clause: Limit one of each Pokémon
|rule|Item Clause: Limit 1 of each item
|clearpoke
|poke|p1|Gengar, L50, F|
|poke|p1|Kingambit, L50, F|
|poke|p1|Incineroar, L50, F|
|poke|p1|Farigiraf, L50, M|
|poke|p1|Primarina, L50, F|
|poke|p1|Kommo-o, L50, F|
|poke|p2|Charizard, L50, M|
|poke|p2|Pelipper, L50, M|
|poke|p2|Venusaur, L50, M|
|poke|p2|Archaludon, L50, F|
|poke|p2|Grimmsnarl, L50, M|
|poke|p2|Basculegion, L50, M|
|teampreview|4
|showteam|p1|Gengar||Gengarite|CursedBody|PerishSong,Protect,ShadowBall,Disable|Timid||F|||50|]Kingambit||BlackGlasses|Defiant|KowtowCleave,IronHead,SuckerPunch,Protect|Brave||F|||50|]Incineroar||PasshoBerry|Intimidate|FlareBlitz,FakeOut,PartingShot,Protect|Relaxed||F|||50|]Farigiraf||ColburBerry|ArmorTail|TrickRoom,Roar,Protect,TwinBeam|Sassy||M|||50|]Primarina||SitrusBerry|LiquidVoice|HyperVoice,PerishSong,Protect,Encore|Sassy||F|||50|]Kommo-o||Leftovers|Soundproof|ClangorousSoul,ClangingScales,AuraSphere,Protect|Modest||F|||50|
|showteam|p2|Charizard||CharizarditeY|Blaze|HeatWave,WeatherBall,HelpingHand,Protect|Modest||M|||50|]Pelipper||SitrusBerry|Drizzle|Hurricane,WeatherBall,WideGuard,Tailwind|Modest||M|||50|]Venusaur||LifeOrb|Chlorophyll|EarthPower,SludgeBomb,LeafStorm,Protect|Modest||M|||50|]Archaludon||Leftovers|Stamina|FlashCannon,DragonPulse,ElectroShot,Protect|Calm||F|||50|]Grimmsnarl||LightClay|Prankster|SpiritBreak,Reflect,LightScreen,PartingShot|Careful||M|||50|]Basculegion||ChoiceScarf|Adaptability|WaveCrash,LastRespects,FlipTurn,AquaJet|Jolly||M|||50|
|inactive|Battle timer is ON: inactive players will automatically lose when time's up. (requested by Im_Neutro)
|
|t:|1784378215
|teamsize|p1|4
|teamsize|p2|4
|start
|switch|p1a: Gengar|Gengar, L50, F|100/100
|switch|p1b: Incineroar|Incineroar, L50, F|100/100
|switch|p2a: Venusaur|Venusaur, L50, M|100/100
|switch|p2b: Charizard|Charizard, L50, M|100/100
|-ability|p1b: Incineroar|Intimidate|boost
|-unboost|p2a: Venusaur|atk|1
|-unboost|p2b: Charizard|atk|1
|turn|1
|
|t:|1784378237
|switch|p2b: Basculegion|Basculegion, L50, M|100/100
|detailschange|p1a: Gengar|Gengar-Mega, L50, F
|-mega|p1a: Gengar|Gengar|Gengarite
|move|p1b: Incineroar|Fake Out|p2a: Venusaur
|-crit|p2a: Venusaur
|-damage|p2a: Venusaur|75/100
|move|p1a: Gengar|Perish Song|p1a: Gengar
|-start|p1a: Gengar|perish3|[silent]
|-start|p1b: Incineroar|perish3|[silent]
|-start|p2a: Venusaur|perish3|[silent]
|-start|p2b: Basculegion|perish3|[silent]
|-fieldactivate|move: Perish Song
|cant|p2a: Venusaur|flinch
|
|-start|p2b: Basculegion|perish3
|-start|p1a: Gengar|perish3
|-start|p2a: Venusaur|perish3
|-start|p1b: Incineroar|perish3
|upkeep
|turn|2
|inactive|syshj has 30 seconds left.
|
|t:|1784378269
|move|p1a: Gengar|Protect|p1a: Gengar
|-singleturn|p1a: Gengar|Protect
|move|p2b: Basculegion|Flip Turn|p1b: Incineroar
|-supereffective|p1b: Incineroar|1
|-crit|p1b: Incineroar
|-enditem|p1b: Incineroar|Passho Berry|[eat]
|-enditem|p1b: Incineroar|Passho Berry|[weaken]
|-damage|p1b: Incineroar|60/100
|
|t:|1784378287
|switch|p2b: Pelipper|Pelipper, L50, M|100/100|[from] Flip Turn
|-weather|RainDance|[from] ability: Drizzle|[of] p2b: Pelipper
|move|p2a: Venusaur|Earth Power|p1b: Incineroar
|-supereffective|p1b: Incineroar|1
|-damage|p1b: Incineroar|0 fnt
|faint|p1b: Incineroar
|-damage|p2a: Venusaur|66/100|[from] item: Life Orb
|
|-weather|RainDance|[upkeep]
|-start|p1a: Gengar|perish2
|-start|p2a: Venusaur|perish2
|upkeep
|
|t:|1784378296
|switch|p1b: Farigiraf|Farigiraf, L50, M|100/100
|turn|3
|
|t:|1784378310
|move|p1a: Gengar|Disable|p2a: Venusaur
|-start|p2a: Venusaur|Disable|Earth Power
|move|p2a: Venusaur|Leaf Storm|p1b: Farigiraf
|-damage|p1b: Farigiraf|42/100
|-unboost|p2a: Venusaur|spa|2
|-damage|p2a: Venusaur|56/100|[from] item: Life Orb
|move|p2b: Pelipper|Weather Ball|p1b: Farigiraf
|-damage|p1b: Farigiraf|1/100
|move|p1b: Farigiraf|Trick Room|p1b: Farigiraf
|-fieldstart|move: Trick Room|[of] p1b: Farigiraf
|
|-weather|RainDance|[upkeep]
|-start|p2a: Venusaur|perish1
|-start|p1a: Gengar|perish1
|upkeep
|turn|4
|inactive|Im_Neutro has 30 seconds left.
|
|t:|1784378335
|switch|p1a: Kingambit|Kingambit, L50, F|100/100
|move|p1b: Farigiraf|Twin Beam|p2b: Pelipper
|-damage|p2b: Pelipper|80/100
|-damage|p2b: Pelipper|63/100
|-hitcount|p2b: Pelipper|2
|move|p2b: Pelipper|Hurricane|p1a: Kingambit
|-resisted|p1a: Kingambit|1
|-damage|p1a: Kingambit|78/100
|-start|p1a: Kingambit|confusion
|move|p2a: Venusaur|Sludge Bomb|p1a: Kingambit
|-immune|p1a: Kingambit
|
|-weather|RainDance|[upkeep]
|-start|p2a: Venusaur|perish0
|faint|p2a: Venusaur
|upkeep
|
|t:|1784378342
|switch|p2a: Charizard|Charizard, L50, M|100/100
|turn|5
|
|t:|1784378353
|detailschange|p2a: Charizard|Charizard-Mega-Y, L50, M
|-mega|p2a: Charizard|Charizard|Charizardite Y
|-weather|SunnyDay|[from] ability: Drought|[of] p2a: Charizard
|-activate|p1a: Kingambit|confusion
|move|p1a: Kingambit|Kowtow Cleave|p2a: Charizard
|-damage|p2a: Charizard|45/100
|move|p1b: Farigiraf|Twin Beam|p2b: Pelipper
|-damage|p2b: Pelipper|45/100
|-enditem|p2b: Pelipper|Sitrus Berry|[eat]
|-heal|p2b: Pelipper|70/100|[from] item: Sitrus Berry
|-damage|p2b: Pelipper|50/100g
|-hitcount|p2b: Pelipper|2
|move|p2b: Pelipper|Weather Ball|p1a: Kingambit
|-supereffective|p1a: Kingambit|1
|-damage|p1a: Kingambit|3/100
|move|p2a: Charizard|Heat Wave|p1a: Kingambit|[spread] p1a,p1b
|-supereffective|p1a: Kingambit|1
|-damage|p1a: Kingambit|0 fnt
|-damage|p1b: Farigiraf|0 fnt
|faint|p1a: Kingambit
|faint|p1b: Farigiraf
|
|-weather|SunnyDay|[upkeep]
|upkeep
|
|t:|1784378356
|switch|p1b: Gengar|Gengar-Mega, L50, F|100/100
|turn|6
|-message|Im_Neutro forfeited.
|
|win|syshj
|raw|Im_Neutro's rating: 1104 → 1084(-20 for losing)
|raw|syshj's rating: 1173 → 1193(+20 for winning)
|l|☆Im_Neutro
|player|p1|
