|j|☆saiban004
|j|☆new mental
|html|saiban004new mental    
|uhtml|bestof|Game 2 of a best-of-3
|t:|1783946725
|gametype|doubles
|player|p1|saiban004|265|1196
|player|p2|new mental|volkner|1340
|gen|9
|tier|[Gen 9 Champions] VGC 2026 Reg M-B (Bo3)
|rated|
|rule|Species Clause: Limit one of each Pokémon
|rule|Item Clause: Limit 1 of each item
|clearpoke
|poke|p1|Metagross, L50, shiny|
|poke|p1|Sneasler, L50, F|
|poke|p1|Gardevoir, L50, F, shiny|
|poke|p1|Gallade, L50, M, shiny|
|poke|p1|Incineroar, L50, F|
|poke|p1|Aerodactyl, L50, F|
|poke|p2|Charizard, L50, M|
|poke|p2|Kingambit, L50, F|
|poke|p2|Sylveon, L50, F|
|poke|p2|Venusaur, L50, M|
|poke|p2|Aerodactyl, L50, M|
|poke|p2|Farigiraf, L50, F|
|teampreview|4
|showteam|p1|Metagross||Metagrossite|ClearBody|BulletPunch,PsychicFangs,Protect,BodyPress|Adamant|||||50|]Sneasler||WhiteHerb|Unburden|FakeOut,DireClaw,CloseCombat,Coaching|Jolly||F|||50|]Gardevoir||Gardevoirite|Trace|CalmMind,HyperVoice,Thunderbolt,Psychic|Modest||F|||50|]Gallade||ChoiceScarf|Sharpness|SacredSword,PsychoCut,AquaCutter,LeafBlade|Jolly||M|||50|]Incineroar||SitrusBerry|Intimidate|FakeOut,PartingShot,ThroatChop,FlareBlitz|Adamant||F|||50|]Aerodactyl||FocusSash|Unnerve|RockSlide,Tailwind,WideGuard,DualWingbeat|Jolly||F|||50|
|showteam|p2|Charizard||CharizarditeY|SolarPower|Protect,HeatWave,SolarBeam,WeatherBall|Modest||M|||50|]Kingambit||FocusSash|Defiant|IronHead,SuckerPunch,KowtowCleave,LowKick|Adamant||F|||50|]Sylveon||FairyFeather|Pixilate|Detect,HyperVoice,HyperBeam,QuickAttack|Modest||F|||50|]Venusaur||LifeOrb|Chlorophyll|EarthPower,SludgeBomb,SleepPowder,EnergyBall|Modest||M|||50|]Aerodactyl||Aerodactylite|Unnerve|IceFang,RockSlide,Tailwind,DualWingbeat|Jolly||M|||50|]Farigiraf||SitrusBerry|ArmorTail|TrickRoom,Psychic,Thunderbolt,Roar|Bold||F|||50|
|inactive|Battle timer is ON: inactive players will automatically lose when time's up. (requested by new mental)
|
|t:|1783946754
|teamsize|p1|4
|teamsize|p2|4
|start
|switch|p1a: Aerodactyl|Aerodactyl, L50, F|100/100
|switch|p1b: Gardevoir|Gardevoir, L50, F, shiny|100/100
|switch|p2a: Charizard|Charizard, L50, M|100/100
|switch|p2b: Venusaur|Venusaur, L50, M|100/100
|-ability|p1a: Aerodactyl|Unnerve
|-ability|p1b: Gardevoir|Solar Power|Trace|[from] ability: Trace|[of] p2a: Charizard
|turn|1
|
|t:|1783946770
|detailschange|p2a: Charizard|Charizard-Mega-Y, L50, M
|-mega|p2a: Charizard|Charizard|Charizardite Y
|-weather|SunnyDay|[from] ability: Drought|[of] p2a: Charizard
|detailschange|p1b: Gardevoir|Gardevoir-Mega, L50, F, shiny
|-mega|p1b: Gardevoir|Gardevoir|Gardevoirite
|move|p1a: Aerodactyl|Wide Guard|p1a: Aerodactyl
|-singleturn|p1a: Aerodactyl|Wide Guard
|move|p2b: Venusaur|Sleep Powder|p1a: Aerodactyl|[miss]
|-miss|p2b: Venusaur|p1a: Aerodactyl
|move|p2a: Charizard|Heat Wave|p1b: Gardevoir|[spread] 
|-activate|p1a: Aerodactyl|move: Wide Guard
|-activate|p1b: Gardevoir|move: Wide Guard
|move|p1b: Gardevoir|Psychic|p2b: Venusaur
|-supereffective|p2b: Venusaur|1
|-damage|p2b: Venusaur|0 fnt
|faint|p2b: Venusaur
|
|-weather|SunnyDay|[upkeep]
|upkeep
|
|t:|1783946782
|switch|p2b: Kingambit|Kingambit, L50, F|100/100
|turn|2
|
|t:|1783946797
|move|p2a: Charizard|Protect|p2a: Charizard
|-singleturn|p2a: Charizard|Protect
|move|p1a: Aerodactyl|Tailwind|p1a: Aerodactyl
|-sidestart|p1: saiban004|move: Tailwind
|move|p1b: Gardevoir|Thunderbolt|p2a: Charizard
|-activate|p2a: Charizard|move: Protect
|move|p2b: Kingambit|Iron Head|p1a: Aerodactyl
|-supereffective|p1a: Aerodactyl|1
|-enditem|p1a: Aerodactyl|Focus Sash
|-damage|p1a: Aerodactyl|1/100
|
|-weather|SunnyDay|[upkeep]
|upkeep
|turn|3
|
|t:|1783946809
|switch|p2a: Farigiraf|Farigiraf, L50, F|100/100
|move|p1a: Aerodactyl|Rock Slide|p2a: Farigiraf|[spread] p2a,p2b
|-resisted|p2b: Kingambit|1
|-damage|p2a: Farigiraf|83/100
|-damage|p2b: Kingambit|90/100
|move|p1b: Gardevoir|Thunderbolt|p2a: Farigiraf
|-damage|p2a: Farigiraf|42/100
|move|p2b: Kingambit|Iron Head|p1b: Gardevoir
|-supereffective|p1b: Gardevoir|1
|-damage|p1b: Gardevoir|0 fnt
|faint|p1b: Gardevoir
|
|-weather|SunnyDay|[upkeep]
|upkeep
|
|t:|1783946822
|switch|p1b: Gallade|Gallade, L50, M, shiny|100/100
|turn|4
|
|t:|1783946832
|move|p2b: Kingambit|Sucker Punch|p1a: Aerodactyl
|-damage|p1a: Aerodactyl|0 fnt
|-enditem|p2a: Farigiraf|Sitrus Berry|[eat]
|-heal|p2a: Farigiraf|67/100|[from] item: Sitrus Berry
|faint|p1a: Aerodactyl
|move|p1b: Gallade|Sacred Sword|p2a: Farigiraf
|-damage|p2a: Farigiraf|13/100
|move|p2a: Farigiraf|Trick Room|p2a: Farigiraf
|-fieldstart|move: Trick Room|[of] p2a: Farigiraf
|
|-weather|SunnyDay|[upkeep]
|upkeep
|
|t:|1783946838
|switch|p1a: Sneasler|Sneasler, L50, F|100/100
|turn|5
|
|t:|1783946860
|move|p2a: Farigiraf|Psychic|p1a: Sneasler
|-supereffective|p1a: Sneasler|2
|-damage|p1a: Sneasler|0 fnt
|faint|p1a: Sneasler
|move|p2b: Kingambit|Kowtow Cleave|p1b: Gallade
|-damage|p1b: Gallade|8/100
|move|p1b: Gallade|Sacred Sword|p2b: Kingambit
|-supereffective|p2b: Kingambit|2
|-damage|p2b: Kingambit|0 fnt
|faint|p2b: Kingambit
|
|-weather|none
|-sideend|p1: saiban004|move: Tailwind
|upkeep
|
|t:|1783946863
|switch|p2b: Charizard|Charizard-Mega-Y, L50, M|100/100
|-weather|SunnyDay|[from] ability: Drought|[of] p2b: Charizard
|turn|6
|
|t:|1783946870
|move|p2a: Farigiraf|Psychic|p1b: Gallade
|-damage|p1b: Gallade|0 fnt
|faint|p1b: Gallade
|
|win|new mental
|raw|saiban004's rating: 1196 → 1181(-15 for losing)
|raw|new mental's rating: 1340 → 1352(+12 for winning)
|c|☆new mental|gg
