|j|☆Voldemorten
|j|☆officerindeedee10
|html|Voldemortenofficerindeedee10    
|uhtml|bestof|Game 2 of a best-of-3
|t:|1783457048
|gametype|doubles
|player|p1|Voldemorten|rocketgrunt|1137
|player|p2|officerindeedee10|dragontamer|1076
|gen|9
|tier|[Gen 9 Champions] VGC 2026 Reg M-B (Bo3)
|rated|
|rule|Species Clause: Limit one of each Pokémon
|rule|Item Clause: Limit 1 of each item
|clearpoke
|poke|p1|Garbodor, L50, F|
|poke|p1|Farigiraf, L50, M|
|poke|p1|Incineroar, L50, M, shiny|
|poke|p1|Basculegion-F, L50, F|
|poke|p1|Sinistcha, L50|
|poke|p1|Clefable, L50, F|
|poke|p2|Archaludon, L50, F|
|poke|p2|Gengar, L50, F|
|poke|p2|Incineroar, L50, F|
|poke|p2|Swampert, L50, M|
|poke|p2|Pelipper, L50, M|
|poke|p2|Sinistcha, L50|
|teampreview|4
|showteam|p1|Garbodor||Leftovers|Stench|Curse,PoisonJab,DrainPunch,Protect|Adamant||F|||50|]Farigiraf||ColburBerry|ArmorTail|TwinBeam,TrickRoom,HelpingHand,Protect|Bold||M|||50|]Incineroar||ChopleBerry|Intimidate|FlareBlitz,FakeOut,PartingShot,ThroatChop|Adamant||M|||50|]Basculegion-F||LifeOrb|Adaptability|MuddyWater,AquaJet,ShadowBall,Protect|Quiet||F|||50|]Sinistcha||SitrusBerry|Hospitality|RagePowder,TrickRoom,MatchaGotcha,LifeDew|Relaxed|||||50|]Clefable||Clefablite|Unaware|DazzlingGleam,IceBeam,CalmMind,Protect|Modest||F|||50|
|showteam|p2|Archaludon||Leftovers|Stamina|ElectroShot,AuraSphere,FlashCannon,Protect|Modest||F|||50|]Gengar||Gengarite|CursedBody|Protect,Disable,PerishSong,ShadowBall|Timid||F|||50|]Incineroar||PasshoBerry|Intimidate|Protect,ThroatChop,FakeOut,PartingShot|Careful||F|||50|]Swampert||Swampertite|Torrent|Protect,KnockOff,WaveCrash,Earthquake|Adamant||M|||50|]Pelipper||FocusSash|Drizzle|WideGuard,Tailwind,WeatherBall,Hurricane|Timid||M|||50|]Sinistcha||KasibBerry|Hospitality|MatchaGotcha,RagePowder,LifeDew,Protect|Bold|||||50|
|inactive|Battle timer is ON: inactive players will automatically lose when time's up. (requested by officerindeedee10)
|inactive|officerindeedee10 has 60 seconds left.
|
|t:|1783457086
|teamsize|p1|4
|teamsize|p2|4
|start
|switch|p1a: Farigiraf|Farigiraf, L50, M|100/100
|switch|p1b: Danni-B|Incineroar, L50, M, shiny|100/100
|switch|p2a: Archaludon|Archaludon, L50, F|100/100
|switch|p2b: Pelipper|Pelipper, L50, M|100/100
|-weather|RainDance|[from] ability: Drizzle|[of] p2b: Pelipper
|-ability|p1b: Danni-B|Intimidate|boost
|-unboost|p2a: Archaludon|atk|1
|-unboost|p2b: Pelipper|atk|1
|turn|1
|
|t:|1783457102
|move|p1b: Danni-B|Fake Out|p2b: Pelipper
|-damage|p2b: Pelipper|82/100
|cant|p2b: Pelipper|flinch
|move|p2a: Archaludon|Electro Shot||[still]
|-prepare|p2a: Archaludon|Electro Shot
|-boost|p2a: Archaludon|spa|1
|-anim|p2a: Archaludon|Electro Shot|p1a: Farigiraf
|-damage|p1a: Farigiraf|48/100
|move|p1a: Farigiraf|Trick Room|p1a: Farigiraf
|-fieldstart|move: Trick Room|[of] p1a: Farigiraf
|
|-weather|RainDance|[upkeep]
|upkeep
|turn|2
|inactive|officerindeedee10 has 30 seconds left.
|
|t:|1783457131
|switch|p2b: Swampert|Swampert, L50, M|100/100
|move|p1a: Farigiraf|Twin Beam|p2b: Swampert
|-crit|p2b: Swampert
|-damage|p2b: Swampert|76/100
|-damage|p2b: Swampert|59/100
|-hitcount|p2b: Swampert|2
|move|p1b: Danni-B|Throat Chop|p2b: Swampert
|-damage|p2b: Swampert|12/100
|-start|p2b: Swampert|Throat Chop|[silent]
|move|p2a: Archaludon|Electro Shot||[still]
|-prepare|p2a: Archaludon|Electro Shot
|-boost|p2a: Archaludon|spa|1
|-anim|p2a: Archaludon|Electro Shot|p1a: Farigiraf
|-damage|p1a: Farigiraf|0 fnt
|faint|p1a: Farigiraf
|
|-weather|RainDance|[upkeep]
|upkeep
|
|t:|1783457153
|switch|p1a: Clefable|Clefable, L50, F|100/100
|turn|3
|
|t:|1783457165
|detailschange|p1a: Clefable|Clefable-Mega, L50, F
|-mega|p1a: Clefable|Clefable|Clefablite
|detailschange|p2b: Swampert|Swampert-Mega, L50, M
|-mega|p2b: Swampert|Swampert|Swampertite
|move|p2b: Swampert|Protect|p2b: Swampert
|-singleturn|p2b: Swampert|Protect
|move|p1b: Danni-B|Throat Chop|p2a: Archaludon
|-damage|p2a: Archaludon|66/100
|-start|p2a: Archaludon|Throat Chop|[silent]
|-ability|p2a: Archaludon|Stamina|boost
|-boost|p2a: Archaludon|def|1
|move|p1a: Clefable|Dazzling Gleam|p2b: Swampert|[spread] p2a
|-activate|p2b: Swampert|move: Protect
|-damage|p2a: Archaludon|32/100
|-ability|p2a: Archaludon|Stamina|boost
|-boost|p2a: Archaludon|def|1
|move|p2a: Archaludon|Flash Cannon|p1a: Clefable
|-supereffective|p1a: Clefable|1
|-damage|p1a: Clefable|0 fnt
|faint|p1a: Clefable
|
|-weather|RainDance|[upkeep]
|-heal|p2a: Archaludon|38/100|[from] item: Leftovers
|-end|p2b: Swampert|Throat Chop|[silent]
|upkeep
|
|t:|1783457183
|switch|p1a: Basculegion|Basculegion-F, L50, F|100/100
|turn|4
|
|t:|1783457194
|switch|p2b: Sinistcha|Sinistcha, L50|100/100
|-heal|p2a: Archaludon|63/100|[from] ability: Hospitality|[of] p2b: Sinistcha
|move|p1b: Danni-B|Throat Chop|p2b: Sinistcha
|-supereffective|p2b: Sinistcha|1
|-damage|p2b: Sinistcha|34/100
|-start|p2b: Sinistcha|Throat Chop|[silent]
|move|p1a: Basculegion|Shadow Ball|p2a: Archaludon
|-damage|p2a: Archaludon|1/100
|-ability|p2a: Archaludon|Stamina|boost
|-boost|p2a: Archaludon|def|1
|-damage|p1a: Basculegion|90/100|[from] item: Life Orb
|move|p2a: Archaludon|Aura Sphere|p1b: Danni-B
|-supereffective|p1b: Danni-B|1
|-enditem|p1b: Danni-B|Chople Berry|[eat]
|-enditem|p1b: Danni-B|Chople Berry|[weaken]
|-damage|p1b: Danni-B|51/100
|
|-weather|RainDance|[upkeep]
|-heal|p2a: Archaludon|7/100|[from] item: Leftovers
|-end|p2a: Archaludon|Throat Chop|[silent]
|upkeep
|turn|5
|
|t:|1783457216
|move|p2b: Sinistcha|Protect|p2b: Sinistcha
|-singleturn|p2b: Sinistcha|Protect
|move|p2a: Archaludon|Protect|p2a: Archaludon
|-singleturn|p2a: Archaludon|Protect
|move|p1b: Danni-B|Flare Blitz|p2b: Sinistcha
|-activate|p2b: Sinistcha|move: Protect
|move|p1a: Basculegion|Muddy Water|p2b: Sinistcha|[spread] 
|-activate|p2a: Archaludon|move: Protect
|-activate|p2b: Sinistcha|move: Protect
|
|-weather|none
|-heal|p2a: Archaludon|13/100|[from] item: Leftovers
|-end|p2b: Sinistcha|Throat Chop|[silent]
|-fieldend|move: Trick Room
|upkeep
|turn|6
|
|t:|1783457230
|move|p2b: Sinistcha|Rage Powder|p2b: Sinistcha
|-singleturn|p2b: Sinistcha|move: Rage Powder
|move|p2a: Archaludon|Aura Sphere|p1b: Danni-B
|-supereffective|p1b: Danni-B|1
|-damage|p1b: Danni-B|0 fnt
|faint|p1b: Danni-B
|move|p1a: Basculegion|Muddy Water|p2a: Archaludon|[spread] p2a,p2b
|-resisted|p2a: Archaludon|1
|-resisted|p2b: Sinistcha|1
|-crit|p2b: Sinistcha
|-damage|p2a: Archaludon|0 fnt
|-damage|p2b: Sinistcha|0 fnt
|faint|p2a: Archaludon
|faint|p2b: Sinistcha
|-damage|p1a: Basculegion|80/100|[from] item: Life Orb
|
|upkeep
|
|t:|1783457238
|switch|p2a: Pelipper|Pelipper, L50, M|82/100
|switch|p2b: Swampert|Swampert-Mega, L50, M|12/100
|-weather|RainDance|[from] ability: Drizzle|[of] p2a: Pelipper
|turn|7
|
|t:|1783457244
|move|p1a: Basculegion|Aqua Jet|p2b: Swampert
|-damage|p2b: Swampert|0 fnt
|faint|p2b: Swampert
|-damage|p1a: Basculegion|70/100|[from] item: Life Orb
|move|p2a: Pelipper|Hurricane|p1a: Basculegion
|-damage|p1a: Basculegion|21/100
|
|-weather|RainDance|[upkeep]
|upkeep
|turn|8
|
|t:|1783457257
|move|p2a: Pelipper|Hurricane|p1a: Basculegion
|-damage|p1a: Basculegion|0 fnt
|faint|p1a: Basculegion
|
|win|officerindeedee10
|raw|Voldemorten's rating: 1137 → 1108(-29 for losing)
|raw|officerindeedee10's rating: 1076 → 1110(+34 for winning)
