|j|☆LekyS3
|j|☆x5414
|html|LekyS3x5414    
|uhtml|bestof|Game 2 of a best-of-3
|t:|1782510120
|gametype|doubles
|player|p1|LekyS3|2|1315
|player|p2|x5414|266|1390
|gen|9
|tier|[Gen 9 Champions] VGC 2026 Reg M-B (Bo3)
|rated|
|rule|Species Clause: Limit one of each Pokémon
|rule|Item Clause: Limit 1 of each item
|clearpoke
|poke|p1|Rotom-Wash, L50|
|poke|p1|Sceptile, L50, M|
|poke|p1|Garchomp, L50, M|
|poke|p1|Hydreigon, L50, M|
|poke|p1|Ceruledge, L50, F|
|poke|p1|Floette-Eternal, L50, F|
|poke|p2|Grimmsnarl, L50, M|
|poke|p2|Incineroar, L50, F|
|poke|p2|Whimsicott, L50, F|
|poke|p2|Sinistcha, L50|
|poke|p2|Staraptor, L50, M|
|poke|p2|Glimmora, L50, F|
|teampreview|4
|showteam|p1|Rotom-Wash||ChoiceScarf|Levitate|Discharge,HydroPump,VoltSwitch,EerieImpulse|Modest|||||50|]Sceptile||Sceptilite|Overgrow|DragonPulse,GigaDrain,Protect,Substitute|Timid||M|||50|]Garchomp||LifeOrb|RoughSkin|Earthquake,RockSlide,DragonClaw,Protect|Jolly||M|||50|]Hydreigon||FocusSash|Levitate|DracoMeteor,Protect,DarkPulse,Tailwind|Modest||M|||50|]Ceruledge||ColburBerry|FlashFire|BulkUp,BitterBlade,ShadowSneak,Protect|Adamant||F|||50|]Floette-Eternal||Floettite|FlowerVeil|CalmMind,DrainingKiss,Protect,LightofRuin|Timid||F|||50|
|showteam|p2|Grimmsnarl||LightClay|Prankster|LightScreen,Reflect,PartingShot,SpiritBreak|Careful||M|||50|]Incineroar||SitrusBerry|Intimidate|FakeOut,FlareBlitz,DarkestLariat,PartingShot|Relaxed||F|||50|]Whimsicott||FocusSash|Prankster|Protect,Moonblast,Encore,Charm|Bold||F|||50|]Sinistcha||OccaBerry|Hospitality|MatchaGotcha,RagePowder,TrickRoom,LifeDew|Sassy|||||50|]Staraptor||Staraptite|Intimidate|BraveBird,CloseCombat,Roost,Protect|Jolly||M|||50|]Glimmora||ChoiceScarf|ToxicDebris|MortalSpin,EarthPower,PowerGem,SludgeBomb|Timid||F|||50|
|inactive|Battle timer is ON: inactive players will automatically lose when time's up. (requested by x5414)
|
|t:|1782510142
|teamsize|p1|4
|teamsize|p2|4
|start
|switch|p1a: Rotom|Rotom-Wash, L50|100/100
|switch|p1b: Sceptile|Sceptile, L50, M|100/100
|switch|p2a: Sinistcha|Sinistcha, L50|100/100
|switch|p2b: Grimmsnarl|Grimmsnarl, L50, M|100/100
|turn|1
|
|t:|1782510154
|detailschange|p1b: Sceptile|Sceptile-Mega, L50, M
|-mega|p1b: Sceptile|Sceptile|Sceptilite
|move|p2b: Grimmsnarl|Light Screen|p2b: Grimmsnarl
|-sidestart|p2: x5414|move: Light Screen
|move|p1b: Sceptile|Substitute|p1b: Sceptile
|-start|p1b: Sceptile|Substitute
|-damage|p1b: Sceptile|75/100
|move|p1a: Rotom|Discharge|p2a: Sinistcha|[spread] p2a,p2b
|-ability|p1b: Sceptile|Lightning Rod|boost
|-boost|p1b: Sceptile|spa|1
|-resisted|p2a: Sinistcha|1
|-damage|p2a: Sinistcha|91/100
|-damage|p2b: Grimmsnarl|84/100
|move|p2a: Sinistcha|Trick Room|p2a: Sinistcha
|-fieldstart|move: Trick Room|[of] p2a: Sinistcha
|
|upkeep
|turn|2
|
|t:|1782510178
|move|p2b: Grimmsnarl|Spirit Break|p1b: Sceptile
|-supereffective|p1b: Sceptile|1
|-end|p1b: Sceptile|Substitute
|move|p2a: Sinistcha|Matcha Gotcha|p1b: Sceptile|[spread] p1a,p1b
|-supereffective|p1a: Rotom|1
|-crit|p1a: Rotom
|-resisted|p1b: Sceptile|2
|-damage|p1a: Rotom|3/100
|-heal|p2a: Sinistcha|100/100|[from] drain|[of] p1a: Rotom
|-damage|p1b: Sceptile|66/100
|move|p1a: Rotom|Discharge|p2a: Sinistcha|[spread] p2a,p2b
|-ability|p1b: Sceptile|Lightning Rod|boost
|-boost|p1b: Sceptile|spa|1
|-resisted|p2a: Sinistcha|1
|-damage|p2a: Sinistcha|90/100
|-damage|p2b: Grimmsnarl|67/100
|-status|p2a: Sinistcha|par
|move|p1b: Sceptile|Dragon Pulse|p2a: Sinistcha
|-damage|p2a: Sinistcha|31/100 par
|
|upkeep
|turn|3
|inactive|LekyS3 has 30 seconds left.
|inactive|x5414 has 30 seconds left.
|
|t:|1782510209
|move|p2a: Sinistcha|Matcha Gotcha|p1b: Sceptile|[spread] p1a,p1b
|-supereffective|p1a: Rotom|1
|-resisted|p1b: Sceptile|2
|-damage|p1a: Rotom|0 fnt
|-heal|p2a: Sinistcha|33/100 par|[from] drain|[of] p1a: Rotom
|-damage|p1b: Sceptile|58/100
|-heal|p2a: Sinistcha|36/100 par|[from] drain|[of] p1b: Sceptile
|faint|p1a: Rotom
|move|p2b: Grimmsnarl|Spirit Break|p1b: Sceptile
|-supereffective|p1b: Sceptile|1
|-damage|p1b: Sceptile|0 fnt
|faint|p1b: Sceptile
|
|upkeep
|
|t:|1782510211
|switch|p1a: Garchomp|Garchomp, L50, M|100/100
|switch|p1b: Hydreigon|Hydreigon, L50, M|100/100
|turn|4
|
|t:|1782510232
|move|p2a: Sinistcha|Matcha Gotcha|p1b: Hydreigon|[spread] p1a,p1b
|-resisted|p1b: Hydreigon|1
|-damage|p1a: Garchomp|76/100
|-heal|p2a: Sinistcha|49/100 par|[from] drain|[of] p1a: Garchomp
|-damage|p1b: Hydreigon|85/100
|-heal|p2a: Sinistcha|56/100 par|[from] drain|[of] p1b: Hydreigon
|move|p2b: Grimmsnarl|Spirit Break|p1b: Hydreigon
|-supereffective|p1b: Hydreigon|2
|-damage|p1b: Hydreigon|0 fnt
|faint|p1b: Hydreigon
|move|p1a: Garchomp|Earthquake|p2b: Grimmsnarl|[spread] p2a,p2b
|-resisted|p2a: Sinistcha|1
|-damage|p2a: Sinistcha|37/100 par
|-damage|p2b: Grimmsnarl|11/100
|-damage|p1a: Garchomp|66/100|[from] item: Life Orb
|
|upkeep
|turn|5
|
|t:|1782510239
|move|p2a: Sinistcha|Matcha Gotcha|p1a: Garchomp
|-damage|p1a: Garchomp|33/100
|-heal|p2a: Sinistcha|55/100 par|[from] drain|[of] p1a: Garchomp
|move|p2b: Grimmsnarl|Spirit Break|p1a: Garchomp
|-supereffective|p1a: Garchomp|1
|-damage|p1a: Garchomp|0 fnt
|-damage|p2b: Grimmsnarl|0 fnt|[from] ability: Rough Skin|[of] p1a: Garchomp
|faint|p1a: Garchomp
|faint|p2b: Grimmsnarl
|
|win|x5414
|raw|LekyS3's rating: 1315 → 1299(-16 for losing)
|raw|x5414's rating: 1390 → 1406(+16 for winning)
|l|☆LekyS3
|player|p1|
