|j|☆Pietplezier7
|j|☆JNEST
|html|Pietplezier7JNEST    
|uhtml|bestof|Game 2 of a best-of-3
|t:|1756155646
|gametype|doubles
|player|p1|Pietplezier7|grimsley-gen7|1181
|player|p2|JNEST|veteran-gen4|1258
|gen|9
|tier|[Gen 9] VGC 2025 Reg H (Bo3)
|rated|
|rule|Species Clause: Limit one of each Pokémon
|rule|Item Clause: Limit 1 of each item
|clearpoke
|poke|p1|Dragonite, L50, M|
|poke|p1|Electabuzz, L50, M|
|poke|p1|Kingambit, L50, M|
|poke|p1|Rillaboom, L50, M|
|poke|p1|Sneasler, L50, F|
|poke|p1|Volcarona, L50, F|
|poke|p2|Weezing, L50, M|
|poke|p2|Indeedee, L50, M|
|poke|p2|Incineroar, L50, M|
|poke|p2|Annihilape, L50, F|
|poke|p2|Tyranitar, L50, M|
|poke|p2|Corviknight, L50, M|
|teampreview|4
|showteam|p1|Dragonite||LoadedDice|Multiscale|ScaleShot,LowKick,Protect,Haze|||M|||50|,,,,,Steel]Electabuzz||Eviolite|VitalSpirit|Thunderbolt,Taunt,Protect,FollowMe|||M|||50|,,,,,Fairy]Kingambit||SafetyGoggles|Defiant|KowtowCleave,SuckerPunch,Protect,TeraBlast|||M|||50|,,,,,Flying]Rillaboom||AssaultVest|GrassySurge|GrassyGlide,WoodHammer,FakeOut,HighHorsepower|||M|||50|,,,,,Fire]Sneasler||FocusSash|PoisonTouch|DireClaw,CloseCombat,FakeOut,Coaching|||F|||50|,,,,,Stellar]Volcarona||Leftovers|FlameBody|HeatWave,TeraBlast,Protect,QuiverDance|||F|||50|,,,,,Fairy
|showteam|p2|Weezing||SitrusBerry|NeutralizingGas|Protect,Taunt,WillOWisp,SludgeBomb|||M|||50|,,,,,Ghost]Indeedee||ChoiceScarf|PsychicSurge|ExpandingForce,TeraBlast,Trick,HyperVoice|||M|||50|,,,,,Fighting]Incineroar||AbilityShield|Intimidate|KnockOff,FlareBlitz,FakeOut,PartingShot|||M|||50|,,,,,Ghost]Annihilape||SafetyGoggles|Defiant|Taunt,RageFist,CloseCombat,FinalGambit|||F|||50|,,,,,Fairy]Tyranitar||AssaultVest|SandStream|RockSlide,KnockOff,TeraBlast,LowKick|||M|||50|,,,,,Flying]Corviknight||Leftovers|MirrorArmor|BraveBird,Tailwind,Roost,BulkUp|||M|||50|,,,,,Dragon
|inactive|Battle timer is ON: inactive players will automatically lose when time's up. (requested by Pietplezier7)
|inactive|JNEST also wants the timer to be on.
|inactive|Pietplezier7 has 60 seconds left.
|
|t:|1756155683
|teamsize|p1|4
|teamsize|p2|4
|start
|switch|p1a: Rillaboom|Rillaboom, L50, M|100/100
|switch|p1b: Volcarona|Volcarona, L50, F|100/100
|switch|p2a: Tyranitar|Tyranitar, L50, M|100/100
|switch|p2b: Annihilape|Annihilape, L50, F|100/100
|-fieldstart|move: Grassy Terrain|[from] ability: Grassy Surge|[of] p1a: Rillaboom
|-weather|Sandstorm|[from] ability: Sand Stream|[of] p2a: Tyranitar
|turn|1
|
|t:|1756155697
|-terastallize|p1b: Volcarona|Fairy
|-terastallize|p2a: Tyranitar|Flying
|move|p1a: Rillaboom|Fake Out|p2a: Tyranitar
|-damage|p2a: Tyranitar|89/100
|move|p2b: Annihilape|Final Gambit|p1b: Volcarona
|-damage|p1b: Volcarona|0 fnt
|faint|p2b: Annihilape
|faint|p1b: Volcarona
|cant|p2a: Tyranitar|flinch
|
|-weather|Sandstorm|[upkeep]
|-damage|p1a: Rillaboom|95/100|[from] Sandstorm
|-damage|p2a: Tyranitar|83/100|[from] Sandstorm
|-heal|p1a: Rillaboom|100/100|[from] Grassy Terrain
|upkeep
|
|t:|1756155711
|switch|p2b: Indeedee|Indeedee, L50, M|100/100
|switch|p1b: Electabuzz|Electabuzz, L50, M|100/100
|-fieldstart|move: Psychic Terrain|[from] ability: Psychic Surge|[of] p2b: Indeedee
|turn|2
|
|t:|1756155725
|switch|p1a: Kingambit|Kingambit, L50, M|100/100
|move|p1b: Electabuzz|Protect|p1b: Electabuzz
|-singleturn|p1b: Electabuzz|Protect
|move|p2b: Indeedee|Expanding Force|p1a: Kingambit|[spread] 
|-activate|p1b: Electabuzz|move: Protect
|-immune|p1a: Kingambit
|move|p2a: Tyranitar|Rock Slide|p1b: Electabuzz|[spread] p1a
|-activate|p1b: Electabuzz|move: Protect
|-resisted|p1a: Kingambit
|-damage|p1a: Kingambit|89/100
|
|-weather|Sandstorm|[upkeep]
|-damage|p2b: Indeedee|95/100|[from] Sandstorm
|-damage|p1b: Electabuzz|94/100|[from] Sandstorm
|-damage|p2a: Tyranitar|77/100|[from] Sandstorm
|upkeep
|turn|3
|inactive|Pietplezier7 has 30 seconds left.
|
|t:|1756155755
|switch|p2b: Corviknight|Corviknight, L50, M|100/100
|move|p1b: Electabuzz|Thunderbolt|p2a: Tyranitar
|-supereffective|p2a: Tyranitar
|-damage|p2a: Tyranitar|36/100
|move|p2a: Tyranitar|Low Kick|p1a: Kingambit
|-supereffective|p1a: Kingambit
|-damage|p1a: Kingambit|0 fnt
|faint|p1a: Kingambit
|
|-weather|Sandstorm|[upkeep]
|-damage|p1b: Electabuzz|88/100|[from] Sandstorm
|-damage|p2a: Tyranitar|30/100|[from] Sandstorm
|upkeep
|
|t:|1756155764
|switch|p1a: Rillaboom|Rillaboom, L50, M|100/100
|-fieldstart|move: Grassy Terrain|[from] ability: Grassy Surge|[of] p1a: Rillaboom
|turn|4
|
|t:|1756155772
|move|p1a: Rillaboom|Fake Out|p2b: Corviknight
|-resisted|p2b: Corviknight
|-damage|p2b: Corviknight|95/100
|move|p1b: Electabuzz|Thunderbolt|p2a: Tyranitar
|-supereffective|p2a: Tyranitar
|-damage|p2a: Tyranitar|0 fnt
|faint|p2a: Tyranitar
|cant|p2b: Corviknight|flinch
|
|-weather|Sandstorm|[upkeep]
|-damage|p1b: Electabuzz|82/100|[from] Sandstorm
|-damage|p1a: Rillaboom|95/100|[from] Sandstorm
|-heal|p1b: Electabuzz|88/100|[from] Grassy Terrain
|-heal|p1a: Rillaboom|100/100|[from] Grassy Terrain
|-heal|p2b: Corviknight|100/100|[from] item: Leftovers
|upkeep
|
|t:|1756155777
|switch|p2a: Indeedee|Indeedee, L50, M|95/100
|-fieldstart|move: Psychic Terrain|[from] ability: Psychic Surge|[of] p2a: Indeedee
|turn|5
|
|t:|1756155785
|move|p1b: Electabuzz|Protect|p1b: Electabuzz
|-singleturn|p1b: Electabuzz|Protect
|move|p2a: Indeedee|Expanding Force|p1a: Rillaboom|[spread] p1a
|-activate|p1b: Electabuzz|move: Protect
|-damage|p1a: Rillaboom|61/100
|move|p1a: Rillaboom|Wood Hammer|p2a: Indeedee
|-damage|p2a: Indeedee|0 fnt
|faint|p2a: Indeedee
|-damage|p1a: Rillaboom|40/100|[from] Recoil
|move|p2b: Corviknight|Brave Bird|p1b: Electabuzz
|-activate|p1b: Electabuzz|move: Protect
|
|-weather|none
|upkeep
|turn|6
|
|t:|1756155805
|move|p1b: Electabuzz|Taunt|p2b: Corviknight
|-start|p2b: Corviknight|move: Taunt
|move|p1a: Rillaboom|Wood Hammer|p2b: Corviknight
|-resisted|p2b: Corviknight
|-damage|p2b: Corviknight|87/100
|-damage|p1a: Rillaboom|36/100|[from] Recoil
|move|p2b: Corviknight|Brave Bird|p1a: Rillaboom
|-supereffective|p1a: Rillaboom
|-damage|p1a: Rillaboom|0 fnt
|faint|p1a: Rillaboom
|-damage|p2b: Corviknight|75/100|[from] Recoil
|
|-heal|p2b: Corviknight|81/100|[from] item: Leftovers
|upkeep
|turn|7
|
|t:|1756155826
|move|p1b: Electabuzz|Thunderbolt|p2b: Corviknight
|-supereffective|p2b: Corviknight
|-damage|p2b: Corviknight|23/100
|move|p2b: Corviknight|Brave Bird|p1b: Electabuzz
|-resisted|p1b: Electabuzz
|-damage|p1b: Electabuzz|62/100
|-damage|p2b: Corviknight|16/100|[from] Recoil
|
|-heal|p2b: Corviknight|22/100|[from] item: Leftovers
|upkeep
|turn|8
|-message|JNEST forfeited.
|
|win|Pietplezier7
|raw|Pietplezier7's rating: 1181 → 1211(+30 for winning)
|raw|JNEST's rating: 1258 → 1228(-30 for losing)
|l|☆JNEST
|player|p2|
|j|☆JNEST
|player|p2|JNEST|veteran-gen4|
