|j|☆jomivgc
|j|☆cccfff
|html|jomivgccccfff    
|uhtml|bestof|Game 2 of a best-of-3
|t:|1784039193
|gametype|doubles
|player|p1|jomivgc|falkner-gen2|1139
|player|p2|cccfff|swimmer|1221
|gen|9
|tier|[Gen 9 Champions] VGC 2026 Reg M-B (Bo3)
|rated|
|rule|Species Clause: Limit one of each Pokémon
|rule|Item Clause: Limit 1 of each item
|clearpoke
|poke|p1|Charizard, L50, F|
|poke|p1|Pelipper, L50, M|
|poke|p1|Archaludon, L50, M|
|poke|p1|Grimmsnarl, L50, M|
|poke|p1|Basculegion, L50, M|
|poke|p1|Venusaur, L50, F|
|poke|p2|Raichu, L50, M|
|poke|p2|Jolteon, L50, F, shiny|
|poke|p2|Basculegion, L50, M|
|poke|p2|Mamoswine, L50, F|
|poke|p2|Hydrapple, L50, F|
|poke|p2|Blaziken, L50, M|
|teampreview|4
|showteam|p1|Charizard||CharizarditeY|Blaze|Protect,HeatWave,SolarBeam,WeatherBall|Modest||F|||50|]Pelipper||SitrusBerry|Drizzle|Hurricane,WeatherBall,Tailwind,WideGuard|Modest||M|||50|]Archaludon||Leftovers|Stamina|ElectroShot,FlashCannon,Protect,DragonPulse|Modest||M|||50|]Grimmsnarl||LightClay|Prankster|LightScreen,PartingShot,Reflect,SpiritBreak|Careful||M|||50|]Basculegion||ChoiceScarf|Adaptability|LastRespects,AquaJet,WaveCrash,FlipTurn|Adamant||M|||50|]Venusaur||FocusSash|Chlorophyll|SludgeBomb,Protect,EarthPower,SleepPowder|Modest||F|||50|
|showteam|p2|Raichu||RaichuniteX|LightningRod|Discharge,FakeOut,Protect,RisingVoltage|Modest||M|||50|]Jolteon||LifeOrb|VoltAbsorb|Discharge,RisingVoltage,Protect,VoltSwitch|Modest||F|||50|]Basculegion||ChoiceScarf|Adaptability|AquaJet,LastRespects,FlipTurn,WaveCrash|Adamant||M|||50|]Mamoswine||NeverMeltIce|ThickFat|HighHorsepower,IceShard,IcicleCrash,Protect|Brave||F|||50|]Hydrapple||WhiteHerb|Regenerator|DracoMeteor,GrassKnot,Protect,LeafStorm|Quiet||F|||50|]Blaziken||Blazikenite|SpeedBoost|CloseCombat,Detect,FlareBlitz,Uturn|Adamant||M|||50|
|inactive|Battle timer is ON: inactive players will automatically lose when time's up. (requested by jomivgc)
|
|t:|1784039215
|teamsize|p1|4
|teamsize|p2|4
|start
|switch|p1a: Grimmsnarl|Grimmsnarl, L50, M|100/100
|switch|p1b: Venusaur|Venusaur, L50, F|100/100
|switch|p2a: Blaziken|Blaziken, L50, M|100/100
|switch|p2b: Jolteon|Jolteon, L50, F, shiny|100/100
|turn|1
|
|t:|1784039236
|detailschange|p2a: Blaziken|Blaziken-Mega, L50, M
|-mega|p2a: Blaziken|Blaziken|Blazikenite
|move|p2a: Blaziken|Detect|p2a: Blaziken
|-singleturn|p2a: Blaziken|Protect
|move|p1b: Venusaur|Protect|p1b: Venusaur
|-singleturn|p1b: Venusaur|Protect
|move|p1a: Grimmsnarl|Reflect|p1a: Grimmsnarl
|-sidestart|p1: jomivgc|Reflect
|move|p2b: Jolteon|Discharge|p1b: Venusaur|[spread] p1a
|-activate|p2a: Blaziken|move: Protect
|-activate|p1b: Venusaur|move: Protect
|-damage|p1a: Grimmsnarl|66/100
|-status|p1a: Grimmsnarl|par
|-damage|p2b: Jolteon|90/100|[from] item: Life Orb
|
|-ability|p2a: Blaziken|Speed Boost|boost
|-boost|p2a: Blaziken|spe|1
|upkeep
|turn|2
|inactive|cccfff has 30 seconds left.
|inactive|cccfff has 20 seconds left.
|
|t:|1784039274
|cant|p1a: Grimmsnarl|par
|move|p2a: Blaziken|Flare Blitz|p1b: Venusaur
|-supereffective|p1b: Venusaur|1
|-enditem|p1b: Venusaur|Focus Sash
|-damage|p1b: Venusaur|1/100
|-damage|p2a: Blaziken|67/100|[from] Recoil
|move|p2b: Jolteon|Rising Voltage|p1b: Venusaur
|-resisted|p1b: Venusaur|1
|-damage|p1b: Venusaur|0 fnt
|faint|p1b: Venusaur
|-damage|p2b: Jolteon|80/100|[from] item: Life Orb
|
|-ability|p2a: Blaziken|Speed Boost|boost
|-boost|p2a: Blaziken|spe|1
|upkeep
|
|t:|1784039292
|switch|p1b: Charizard|Charizard, L50, F|100/100
|turn|3
|
|t:|1784039314
|detailschange|p1b: Charizard|Charizard-Mega-Y, L50, F
|-mega|p1b: Charizard|Charizard|Charizardite Y
|-weather|SunnyDay|[from] ability: Drought|[of] p1b: Charizard
|move|p2a: Blaziken|Detect|p2a: Blaziken
|-singleturn|p2a: Blaziken|Protect
|move|p1a: Grimmsnarl|Light Screen|p1a: Grimmsnarl
|-sidestart|p1: jomivgc|move: Light Screen
|move|p2b: Jolteon|Volt Switch|p1b: Charizard
|-supereffective|p1b: Charizard|1
|-damage|p1b: Charizard|38/100
|-damage|p2b: Jolteon|70/100|[from] item: Life Orb
|
|t:|1784039326
|switch|p2b: Basculegion|Basculegion, L50, M|100/100|[from] Volt Switch
|move|p1b: Charizard|Heat Wave|p2a: Blaziken|[spread] p2b
|-activate|p2a: Blaziken|move: Protect
|-resisted|p2b: Basculegion|1
|-damage|p2b: Basculegion|61/100
|
|-weather|SunnyDay|[upkeep]
|-ability|p2a: Blaziken|Speed Boost|boost
|-boost|p2a: Blaziken|spe|1
|upkeep
|turn|4
|
|t:|1784039344
|move|p1b: Charizard|Protect|p1b: Charizard
|-singleturn|p1b: Charizard|Protect
|move|p1a: Grimmsnarl|Parting Shot|p2b: Basculegion
|-unboost|p2b: Basculegion|atk|1
|-unboost|p2b: Basculegion|spa|1
|
|t:|1784039348
|switch|p1a: Basculegion|Basculegion, L50, M|100/100|[from] Parting Shot
|move|p2a: Blaziken|Flare Blitz|p1b: Charizard
|-activate|p1b: Charizard|move: Protect
|move|p2b: Basculegion|Wave Crash|p1a: Basculegion
|-resisted|p1a: Basculegion|1
|-damage|p1a: Basculegion|89/100
|-damage|p2b: Basculegion|58/100|[from] Recoil
|
|-weather|SunnyDay|[upkeep]
|-ability|p2a: Blaziken|Speed Boost|boost
|-boost|p2a: Blaziken|spe|1
|upkeep
|turn|5
|inactive|jomivgc has 30 seconds left.
|
|t:|1784039378
|move|p2a: Blaziken|Detect|p2a: Blaziken
|-singleturn|p2a: Blaziken|Protect
|move|p1a: Basculegion|Last Respects|p2b: Basculegion
|-supereffective|p2b: Basculegion|1
|-damage|p2b: Basculegion|0 fnt
|faint|p2b: Basculegion
|move|p1b: Charizard|Weather Ball|p2a: Blaziken
|-activate|p2a: Blaziken|move: Protect
|
|-weather|SunnyDay|[upkeep]
|-ability|p2a: Blaziken|Speed Boost|boost
|-boost|p2a: Blaziken|spe|1
|upkeep
|
|t:|1784039388
|switch|p2b: Jolteon|Jolteon, L50, F, shiny|70/100
|turn|6
|
|t:|1784039402
|move|p1b: Charizard|Protect|p1b: Charizard
|-singleturn|p1b: Charizard|Protect
|move|p2a: Blaziken|Flare Blitz|p1a: Basculegion
|-resisted|p1a: Basculegion|1
|-damage|p1a: Basculegion|39/100
|-damage|p2a: Blaziken|47/100|[from] Recoil
|move|p1a: Basculegion|Last Respects|p2b: Jolteon
|-damage|p2b: Jolteon|0 fnt
|faint|p2b: Jolteon
|
|-weather|SunnyDay|[upkeep]
|-ability|p2a: Blaziken|Speed Boost|boost
|-boost|p2a: Blaziken|spe|1
|upkeep
|
|t:|1784039412
|switch|p2b: Mamoswine|Mamoswine, L50, F|100/100
|turn|7
|
|t:|1784039427
|switch|p1a: Grimmsnarl|Grimmsnarl, L50, M|66/100 par
|move|p2b: Mamoswine|Ice Shard|p1b: Charizard
|-damage|p1b: Charizard|10/100
|move|p2a: Blaziken|Flare Blitz|p1a: Grimmsnarl
|-damage|p1a: Grimmsnarl|0 fnt
|faint|p1a: Grimmsnarl
|-damage|p2a: Blaziken|19/100|[from] Recoil
|move|p1b: Charizard|Heat Wave|p2a: Blaziken|[spread] p2a,p2b
|-resisted|p2a: Blaziken|1
|-supereffective|p2b: Mamoswine|1
|-damage|p2a: Blaziken|0 fnt
|-damage|p2b: Mamoswine|8/100
|faint|p2a: Blaziken
|
|-weather|none
|upkeep
|
|t:|1784039439
|switch|p1a: Basculegion|Basculegion, L50, M|39/100
|turn|8
|
|t:|1784039443
|move|p2b: Mamoswine|Protect|p2b: Mamoswine
|-singleturn|p2b: Mamoswine|Protect
|move|p1a: Basculegion|Last Respects|p2b: Mamoswine
|-activate|p2b: Mamoswine|move: Protect
|move|p1b: Charizard|Heat Wave|p2b: Mamoswine
|-activate|p2b: Mamoswine|move: Protect
|
|-sideend|p1: jomivgc|Reflect
|upkeep
|turn|9
|
|t:|1784039456
|move|p2b: Mamoswine|Ice Shard|p1b: Charizard
|-damage|p1b: Charizard|0 fnt
|faint|p1b: Charizard
|move|p1a: Basculegion|Last Respects|p2b: Mamoswine
|-crit|p2b: Mamoswine
|-damage|p2b: Mamoswine|0 fnt
|faint|p2b: Mamoswine
|
|win|jomivgc
|l|☆cccfff
|player|p2|
||cccfff is ready for game 3.
