|j|â˜†PenguinOfLite
|j|â˜†TacoBurger
|html|PenguinOfLiteTacoBurger    
|uhtml|bestof|Game 3 of a best-of-3
|t:|1783784192
|gametype|doubles
|player|p1|PenguinOfLite|clair|
|player|p2|TacoBurger|tuber|
|gen|9
|tier|[Gen 9 Champions] VGC 2026 Reg M-B (Bo3)
|rule|Species Clause: Limit one of each PokÃ©mon
|rule|Item Clause: Limit 1 of each item
|clearpoke
|poke|p1|Scrafty, L50, M|
|poke|p1|Scovillain, L50, F|
|poke|p1|Incineroar, L50, M|
|poke|p1|Ninetales-Alola, L50, M|
|poke|p1|Rotom-Wash, L50|
|poke|p1|Barbaracle, L50, F|
|poke|p2|Pyroar, L50, F|
|poke|p2|Ninetales, L50, F|
|poke|p2|Incineroar, L50, M|
|poke|p2|Victreebel, L50, M|
|poke|p2|Basculegion, L50, M|
|poke|p2|Sneasler, L50, F|
|teampreview|4
|showteam|p1|Scrafty||Scraftinite|Intimidate|IcePunch,KnockOff,CloseCombat,Protect|Brave||M|||50|]Scovillain||Scovillainite|Moody|LeechSeed,Overheat,RagePowder,Protect|Calm||F|||50|]Incineroar||SitrusBerry|Intimidate|FakeOut,FlareBlitz,PartingShot,DrainPunch|Brave||M|||50|]Ninetales-Alola||FocusSash|SnowWarning|AuroraVeil,Moonblast,Blizzard,Protect|Modest||M|||50|]Rotom-Wash||ChoiceScarf|Levitate|VoltSwitch,Discharge,HydroPump,Electroweb|Timid|||||50|]Barbaracle||ScopeLens|Sniper|AquaCutter,RockPolish,StoneEdge,Protect|Adamant||F|||50|
|showteam|p2|Pyroar||Pyroarite|Unnerve|HeatWave,Overheat,SolarBeam,Protect|Timid||F|||50|]Ninetales||ChoiceScarf|Drought|HeatWave,Overheat,SolarBeam,FakeTears|Modest||F|||50|]Incineroar||SitrusBerry|Intimidate|FakeOut,FlareBlitz,ThroatChop,PartingShot|Adamant||M|||50|]Victreebel||WideLens|Chlorophyll|Protect,SleepPowder,EnergyBall,SludgeBomb|Timid||M|||50|]Basculegion||LifeOrb|Adaptability|WaveCrash,LastRespects,AquaJet,Protect|Adamant||M|||50|]Sneasler||WhiteHerb|Unburden|Protect,CloseCombat,DireClaw,RockSlide|Adamant||F|||50|
|
|t:|1783784276
|teamsize|p1|4
|teamsize|p2|4
|start
|switch|p1a: Scrafty|Scrafty, L50, M|100/100
|switch|p1b: Rotom|Rotom-Wash, L50|100/100
|switch|p2a: Pyroar|Pyroar, L50, F|100/100
|switch|p2b: Incineroar|Incineroar, L50, M|100/100
|-ability|p2a: Pyroar|Unnerve
|-ability|p2b: Incineroar|Intimidate|boost
|-unboost|p1a: Scrafty|atk|1
|-unboost|p1b: Rotom|atk|1
|-ability|p1a: Scrafty|Intimidate|boost
|-unboost|p2a: Pyroar|atk|1
|-unboost|p2b: Incineroar|atk|1
|turn|1
|
|t:|1783784350
|switch|p1b: Incineroar|Incineroar, L50, M|100/100
|-ability|p1b: Incineroar|Intimidate|boost
|-unboost|p2a: Pyroar|atk|1
|-unboost|p2b: Incineroar|atk|1
|switch|p2b: Ninetales|Ninetales, L50, F|100/100
|-weather|SunnyDay|[from] ability: Drought|[of] p2b: Ninetales
|detailschange|p2a: Pyroar|Pyroar-Mega, L50, F
|-mega|p2a: Pyroar|Pyroar|Pyroarite
|detailschange|p1a: Scrafty|Scrafty-Mega, L50, M
|-mega|p1a: Scrafty|Scrafty|Scraftinite
|-ability|p1a: Scrafty|Intimidate|boost
|-unboost|p2a: Pyroar|atk|1
|-unboost|p2b: Ninetales|atk|1
|move|p2a: Pyroar|Solar Beam||[still]
|-prepare|p2a: Pyroar|Solar Beam
|-anim|p2a: Pyroar|Solar Beam|p1b: Incineroar
|-resisted|p1b: Incineroar|1
|-damage|p1b: Incineroar|83/100
|move|p1a: Scrafty|Close Combat|p2b: Ninetales
|-damage|p2b: Ninetales|26/100
|-unboost|p1a: Scrafty|def|1
|-unboost|p1a: Scrafty|spd|1
|
|-weather|SunnyDay|[upkeep]
|upkeep
|turn|2
|
|t:|1783784390
|switch|p2b: Incineroar|Incineroar, L50, M|100/100
|-ability|p2b: Incineroar|Intimidate|boost
|-unboost|p1a: Scrafty|atk|1
|-unboost|p1b: Incineroar|atk|1
|switch|p1a: Barbaracle|Barbaracle, L50, F|100/100
|move|p2a: Pyroar|Heat Wave|p1b: Incineroar|[spread] p1a,p1b
|-resisted|p1a: Barbaracle|2
|-resisted|p1b: Incineroar|1
|-damage|p1a: Barbaracle|75/100
|-damage|p1b: Incineroar|51/100
|move|p1b: Incineroar|Drain Punch|p2a: Pyroar
|-supereffective|p2a: Pyroar|1
|-damage|p2a: Pyroar|64/100
|-heal|p1b: Incineroar|66/100|[from] drain|[of] p2a: Pyroar
|
|-weather|SunnyDay|[upkeep]
|upkeep
|turn|3
|
|t:|1783784416
|switch|p2a: Sneasler|Sneasler, L50, F|100/100
|move|p1a: Barbaracle|Protect|p1a: Barbaracle
|-singleturn|p1a: Barbaracle|Protect
|move|p2b: Incineroar|Fake Out|p1a: Barbaracle
|-activate|p1a: Barbaracle|move: Protect
|move|p1b: Incineroar|Parting Shot|p2b: Incineroar
|-unboost|p2b: Incineroar|atk|1
|-unboost|p2b: Incineroar|spa|1
|
|t:|1783784426
|switch|p1b: Scrafty|Scrafty-Mega, L50, M|100/100|[from] Parting Shot
|-ability|p1b: Scrafty|Intimidate|boost
|-unboost|p2a: Sneasler|atk|1
|-unboost|p2b: Incineroar|atk|1
|-enditem|p2a: Sneasler|White Herb
|-clearnegativeboost|p2a: Sneasler|[silent]
|
|-weather|SunnyDay|[upkeep]
|upkeep
|turn|4
|
|t:|1783784441
|switch|p1a: Rotom|Rotom-Wash, L50|100/100
|move|p2a: Sneasler|Close Combat|p1a: Rotom
|-damage|p1a: Rotom|26/100
|-unboost|p2a: Sneasler|def|1
|-unboost|p2a: Sneasler|spd|1
|move|p2b: Incineroar|Flare Blitz|p1b: Scrafty
|-damage|p1b: Scrafty|66/100
|-damage|p2b: Incineroar|90/100|[from] Recoil
|move|p1b: Scrafty|Close Combat|p2b: Incineroar
|-supereffective|p2b: Incineroar|1
|-damage|p2b: Incineroar|0 fnt
|-unboost|p1b: Scrafty|def|1
|-unboost|p1b: Scrafty|spd|1
|faint|p2b: Incineroar
|
|-weather|SunnyDay|[upkeep]
|upkeep
|
|t:|1783784458
|switch|p2b: Pyroar|Pyroar-Mega, L50, F|64/100
|turn|5
|
|t:|1783784504
|move|p1b: Scrafty|Protect|p1b: Scrafty
|-singleturn|p1b: Scrafty|Protect
|move|p2a: Sneasler|Close Combat|p1a: Rotom
|-damage|p1a: Rotom|0 fnt
|-unboost|p2a: Sneasler|def|1
|-unboost|p2a: Sneasler|spd|1
|faint|p1a: Rotom
|move|p2b: Pyroar|Heat Wave|p1b: Scrafty
|-activate|p1b: Scrafty|move: Protect
|
|-weather|none
|upkeep
|
|t:|1783784518
|switch|p1a: Incineroar|Incineroar, L50, M|66/100
|-ability|p1a: Incineroar|Intimidate|boost
|-unboost|p2a: Sneasler|atk|1
|-unboost|p2b: Pyroar|atk|1
|turn|6
|
|t:|1783784582
|switch|p2a: Ninetales|Ninetales, L50, F|26/100
|-weather|SunnyDay|[from] ability: Drought|[of] p2a: Ninetales
|move|p2b: Pyroar|Heat Wave|p1a: Incineroar|[spread] p1a,p1b
|-resisted|p1a: Incineroar|1
|-damage|p1a: Incineroar|32/100
|-damage|p1b: Scrafty|0 fnt
|-enditem|p1a: Incineroar|Sitrus Berry|[eat]
|-heal|p1a: Incineroar|57/100|[from] item: Sitrus Berry
|faint|p1b: Scrafty
|move|p1a: Incineroar|Parting Shot|p1: Scrafty|[notarget]
|-fail|p1a: Incineroar
|
|-weather|SunnyDay|[upkeep]
|upkeep
|
|t:|1783784595
|switch|p1b: Barbaracle|Barbaracle, L50, F|75/100
|turn|7
|c|â˜†TacoBurger|hova toltad a partingot? magadba?
|c|â˜†PenguinOfLite|Igen xd
|
|t:|1783784634
|move|p2b: Pyroar|Protect|p2b: Pyroar
|-singleturn|p2b: Pyroar|Protect
|move|p1b: Barbaracle|Protect|p1b: Barbaracle
|-singleturn|p1b: Barbaracle|Protect
|move|p2a: Ninetales|Fake Tears|p1a: Incineroar
|-unboost|p1a: Incineroar|spd|2
|move|p1a: Incineroar|Flare Blitz|p2a: Ninetales
|-resisted|p2a: Ninetales|1
|-damage|p2a: Ninetales|0 fnt
|faint|p2a: Ninetales
|-damage|p1a: Incineroar|50/100g|[from] Recoil
|
|-weather|SunnyDay|[upkeep]
|upkeep
|c|â˜†PenguinOfLite|Double protect read
|
|t:|1783784648
|switch|p2a: Sneasler|Sneasler, L50, F|100/100
|turn|8
|
|t:|1783784666
|move|p1b: Barbaracle|Protect||[still]
|-fail|p1b: Barbaracle
|move|p2b: Pyroar|Solar Beam||[still]
|-prepare|p2b: Pyroar|Solar Beam
|-anim|p2b: Pyroar|Solar Beam|p1b: Barbaracle
|-supereffective|p1b: Barbaracle|2
|-damage|p1b: Barbaracle|0 fnt
|faint|p1b: Barbaracle
|move|p2a: Sneasler|Close Combat|p1a: Incineroar
|-supereffective|p1a: Incineroar|1
|-damage|p1a: Incineroar|0 fnt
|-unboost|p2a: Sneasler|def|1
|-unboost|p2a: Sneasler|spd|1
|faint|p1a: Incineroar
|
|win|TacoBurger
|c|â˜†PenguinOfLite|GGs!
|c|â˜†TacoBurger|GGs
|c|â˜†PenguinOfLite|Close games, hajrÃ¡ a tourney
|c|â˜†PenguinOfLite|N
|c|â˜†TacoBurger|bekÃ¼ldÃ¶m akkor ha telorÃ³l vagy
|c|â˜†PenguinOfLite|Ã‰n megyek csobbanok egyet!!
|c|â˜†PenguinOfLite|KÃ¶szi szÃ©pen
|c|â˜†TacoBurger|hajrÃ¡ neked is!
|c|â˜†TacoBurger|hÃ¼sd le magad, erÅ‘s volt a nap
|l|â˜†PenguinOfLite
|player|p1|
