|j|☆bobsparents
|j|☆davidxrt
|html|bobsparentsdavidxrt    
|uhtml|bestof|Game 2 of a best-of-3
|t:|1784327981
|gametype|doubles
|player|p1|bobsparents|cynthia|1032
|player|p2|davidxrt|hilbert-wonderlauncher|1148
|gen|9
|tier|[Gen 9 Champions] VGC 2026 Reg M-B (Bo3)
|rated|
|rule|Species Clause: Limit one of each Pokémon
|rule|Item Clause: Limit 1 of each item
|clearpoke
|poke|p1|Clawitzer, L50, F|
|poke|p1|Farigiraf, L50, F|
|poke|p1|Camerupt, L50, F|
|poke|p1|Mawile, L50, M|
|poke|p1|Vanilluxe, L50, M|
|poke|p1|Staraptor, L50, F|
|poke|p2|Klefki, L50, F|
|poke|p2|Lycanroc-Dusk, L50, F|
|poke|p2|Pelipper, L50, F|
|poke|p2|Archaludon, L50, M|
|poke|p2|Basculegion, L50, M|
|poke|p2|Floette-Eternal, L50, F|
|teampreview|4
|showteam|p1|Clawitzer||LifeOrb|MegaLauncher|WaterPulse,DarkPulse,AuraSphere,Protect|Quiet||F|||50|]Farigiraf||SitrusBerry|ArmorTail|HyperVoice,AllySwitch,TrickRoom,Protect|Relaxed||F|||50|]Camerupt||Cameruptite|AngerPoint|HeatWave,EarthPower,AncientPower,Protect|Quiet||F|||50|]Mawile||Mawilite|HyperCutter|PlayRough,IronHead,SuckerPunch,RockSlide|Brave||M|||50|]Vanilluxe||NeverMeltIce|SnowWarning|Blizzard,IceShard,FreezeDry,Protect|Quiet||M|||50|]Staraptor||ChoiceScarf|Intimidate|FinalGambit,CloseCombat,BraveBird,Uturn|Jolly||F|||50|
|showteam|p2|Klefki||LightClay|Prankster|Reflect,LightScreen,RainDance,TrickRoom|Bold||F|||50|]Lycanroc-Dusk||FocusSash|ToughClaws|Accelerock,CloseCombat,PsychicFangs,RockSlide|Adamant||F|||50|]Pelipper||SitrusBerry|Drizzle|Protect,Tailwind,WeatherBall,Hurricane|Modest||F|||50|]Archaludon||QuickClaw|Stamina|Protect,ElectroShot,DracoMeteor,FlashCannon|Modest||M|||50|]Basculegion||LifeOrb|SwiftSwim|Protect,AquaJet,WaveCrash,LastRespects|Adamant||M|||50|]Floette-Eternal||Floettite|FlowerVeil|Protect,DazzlingGleam,Moonblast,LightofRuin|Modest||F|||50|
|inactive|Battle timer is ON: inactive players will automatically lose when time's up. (requested by davidxrt)
|inactive|bobsparents has 60 seconds left.
|
|t:|1784328023
|teamsize|p1|4
|teamsize|p2|4
|start
|switch|p1a: Farigiraf|Farigiraf, L50, F|100/100
|switch|p1b: Staraptor|Staraptor, L50, F|100/100
|switch|p2a: Archaludon|Archaludon, L50, M|100/100
|switch|p2b: Basculegion|Basculegion, L50, M|100/100
|-ability|p1b: Staraptor|Intimidate|boost
|-unboost|p2a: Archaludon|atk|1
|-unboost|p2b: Basculegion|atk|1
|turn|1
|
|t:|1784328042
|switch|p2b: Pelipper|Pelipper, L50, F|100/100
|-weather|RainDance|[from] ability: Drizzle|[of] p2b: Pelipper
|move|p1b: Staraptor|U-turn|p2b: Pelipper
|-resisted|p2b: Pelipper|1
|-damage|p2b: Pelipper|89/100
|
|t:|1784328053
|switch|p1b: Mawile|Mawile, L50, M|100/100|[from] U-turn
|move|p2a: Archaludon|Electro Shot||[still]
|-prepare|p2a: Archaludon|Electro Shot
|-boost|p2a: Archaludon|spa|1
|-anim|p2a: Archaludon|Electro Shot|p1b: Mawile
|-damage|p1b: Mawile|0 fnt
|faint|p1b: Mawile
|move|p1a: Farigiraf|Trick Room|p1a: Farigiraf
|-fieldstart|move: Trick Room|[of] p1a: Farigiraf
|
|-weather|RainDance|[upkeep]
|upkeep
|
|t:|1784328057
|switch|p1b: Clawitzer|Clawitzer, L50, F|100/100
|turn|2
|
|t:|1784328070
|move|p2a: Archaludon|Protect|p2a: Archaludon
|-singleturn|p2a: Archaludon|Protect
|move|p1b: Clawitzer|Aura Sphere|p2a: Archaludon
|-activate|p2a: Archaludon|move: Protect
|move|p1a: Farigiraf|Hyper Voice|p2b: Pelipper|[spread] p2b
|-activate|p2a: Archaludon|move: Protect
|-crit|p2b: Pelipper
|-damage|p2b: Pelipper|29/100
|-enditem|p2b: Pelipper|Sitrus Berry|[eat]
|-heal|p2b: Pelipper|53/100|[from] item: Sitrus Berry
|move|p2b: Pelipper|Hurricane|p1b: Clawitzer
|-crit|p1b: Clawitzer
|-damage|p1b: Clawitzer|10/100
|-start|p1b: Clawitzer|confusion
|
|-weather|RainDance|[upkeep]
|upkeep
|turn|3
|-activate|p2a: Archaludon|item: Quick Claw
|
|t:|1784328089
|move|p2a: Archaludon|Electro Shot||[still]
|-prepare|p2a: Archaludon|Electro Shot
|-boost|p2a: Archaludon|spa|1
|-anim|p2a: Archaludon|Electro Shot|p1a: Farigiraf
|-damage|p1a: Farigiraf|31/100
|-enditem|p1a: Farigiraf|Sitrus Berry|[eat]
|-heal|p1a: Farigiraf|56/100|[from] item: Sitrus Berry
|-activate|p1b: Clawitzer|confusion
|move|p1b: Clawitzer|Dark Pulse|p2a: Archaludon
|-damage|p2a: Archaludon|40/100
|-ability|p2a: Archaludon|Stamina|boost
|-boost|p2a: Archaludon|def|1
|-damage|p1b: Clawitzer|1/100|[from] item: Life Orb
|move|p1a: Farigiraf|Hyper Voice|p2b: Pelipper|[spread] p2a,p2b
|-resisted|p2a: Archaludon|1
|-crit|p2b: Pelipper
|-damage|p2a: Archaludon|29/100
|-damage|p2b: Pelipper|0 fnt
|-ability|p2a: Archaludon|Stamina|boost
|-boost|p2a: Archaludon|def|1
|faint|p2b: Pelipper
|
|-weather|RainDance|[upkeep]
|upkeep
|
|t:|1784328111
|switch|p2b: Floette|Floette-Eternal, L50, F|100/100
|turn|4
|
|t:|1784328124
|detailschange|p2b: Floette|Floette-Mega, L50, F
|-mega|p2b: Floette|Floette|Floettite
|-ability|p2b: Floette|Fairy Aura
|move|p2a: Archaludon|Protect|p2a: Archaludon
|-singleturn|p2a: Archaludon|Protect
|-activate|p1b: Clawitzer|confusion
|move|p1b: Clawitzer|Water Pulse|p2b: Floette
|-damage|p2b: Floette|33/100
|-damage|p1b: Clawitzer|0 fnt|[from] item: Life Orb
|faint|p1b: Clawitzer
|move|p1a: Farigiraf|Hyper Voice|p2a: Archaludon|[spread] p2b
|-activate|p2a: Archaludon|move: Protect
|-damage|p2b: Floette|13/100
|move|p2b: Floette|Dazzling Gleam|p1a: Farigiraf
|-damage|p1a: Farigiraf|2/100
|
|-weather|RainDance|[upkeep]
|upkeep
|
|t:|1784328134
|switch|p1b: Staraptor|Staraptor, L50, F|100/100
|-ability|p1b: Staraptor|Intimidate|boost
|-unboost|p2a: Archaludon|atk|1
|-unboost|p2b: Floette|atk|1
|turn|5
|-message|bobsparents forfeited.
|
|win|davidxrt
