|j|☆jirkunow
|j|☆viatles
|html|jirkunowviatles    
|uhtml|bestof|Game 1 of a best-of-3
|t:|1756193036
|gametype|doubles
|player|p1|jirkunow|1|1103
|player|p2|viatles|hiker|1033
|gen|9
|tier|[Gen 9] VGC 2025 Reg H (Bo3)
|rated|
|rule|Species Clause: Limit one of each Pokémon
|rule|Item Clause: Limit 1 of each item
|clearpoke
|poke|p1|Sneasler, L50, M|
|poke|p1|Gholdengo, L50|
|poke|p1|Rillaboom, L50, M|
|poke|p1|Incineroar, L50, F|
|poke|p1|Ursaluna, L50, F|
|poke|p1|Electabuzz, L50, M|
|poke|p2|Oricorio-Sensu, L50, F|
|poke|p2|Volcarona, L50, F|
|poke|p2|Sylveon, L50, M|
|poke|p2|Murkrow, L50, F|
|poke|p2|Dragapult, L50, M|
|poke|p2|Baxcalibur, L50, F|
|teampreview|4
|showteam|p1|Sneasler||FocusSash|Pressure|Protect,CloseCombat,Taunt,DireClaw|||M|||50|,,,,,Fighting]Gholdengo||LifeOrb|GoodasGold|MakeItRain,DazzlingGleam,ShadowBall,NastyPlot||||||50|,,,,,Fairy]Rillaboom||AssaultVest|GrassySurge|Uturn,GrassyGlide,FakeOut,DrumBeating|||M|||50|,,,,,Fire]Incineroar||SafetyGoggles|Intimidate|FakeOut,WillOWisp,PartingShot,KnockOff|||F|||50|,,,,,Ghost]Ursaluna||FlameOrb|Guts|DrainPunch,HeadlongRush,Facade,Protect|||F|||50|,,,,,Normal]Electabuzz||Eviolite|Static|Electroweb,FollowMe,Protect,HelpingHand|||M|||50|,,,,,Flying
|showteam|p2|Oricorio-Sensu||FocusSash|Dancer|QuiverDance,BatonPass,RevelationDance,Protect|||F|||50|,,,,,Fighting]Volcarona||SitrusBerry|FlameBody|QuiverDance,GigaDrain,FieryDance,Protect|||F|||50|,,,,,Grass]Sylveon||ChoiceScarf|Pixilate|HyperVoice,TeraBlast,StoredPower,SleepTalk|||M|||50|,,,,,Ground]Murkrow||Eviolite|Prankster|Tailwind,FoulPlay,Haze,FeatherDance|||F|||50|,,,,,Dark]Dragapult||CovertCloak|ClearBody|DragonCheer,DragonDarts,Protect,PhantomForce|||M|||50|,,,,,Stellar]Baxcalibur||LoadedDice|ThermalExchange|IcicleSpear,ScaleShot,GlaiveRush,Protect|||F|||50|,,,,,Grass
|c|☆viatles|gl hf
|inactive|Battle timer is ON: inactive players will automatically lose when time's up. (requested by viatles)
|
|t:|1756193063
|teamsize|p1|4
|teamsize|p2|4
|start
|switch|p1a: Gholdengo|Gholdengo, L50|100/100
|switch|p1b: Incineroar|Incineroar, L50, F|100/100
|switch|p2a: Volcarona|Volcarona, L50, F|100/100
|switch|p2b: Oricorio|Oricorio-Sensu, L50, F|100/100
|-ability|p1b: Incineroar|Intimidate|boost
|-unboost|p2a: Volcarona|atk|1
|-unboost|p2b: Oricorio|atk|1
|turn|1
|inactive|jirkunow has 30 seconds left.
|
|t:|1756193096
|move|p2b: Oricorio|Quiver Dance|p2b: Oricorio
|-boost|p2b: Oricorio|spa|1
|-boost|p2b: Oricorio|spd|1
|-boost|p2b: Oricorio|spe|1
|move|p2a: Volcarona|Quiver Dance|p2a: Volcarona
|-boost|p2a: Volcarona|spa|1
|-boost|p2a: Volcarona|spd|1
|-boost|p2a: Volcarona|spe|1
|-activate|p2b: Oricorio|ability: Dancer
|move|p2b: Oricorio|Quiver Dance|p2b: Oricorio|[from] ability: Dancer
|-boost|p2b: Oricorio|spa|1
|-boost|p2b: Oricorio|spd|1
|-boost|p2b: Oricorio|spe|1
|move|p1b: Incineroar|Knock Off|p2b: Oricorio
|-supereffective|p2b: Oricorio
|-enditem|p2b: Oricorio|Focus Sash
|-damage|p2b: Oricorio|1/100
|move|p1a: Gholdengo|Make It Rain|p2b: Oricorio|[spread] p2a,p2b
|-resisted|p2a: Volcarona
|-damage|p2a: Volcarona|82/100
|-damage|p2b: Oricorio|0 fnt
|-unboost|p1a: Gholdengo|spa|1
|faint|p2b: Oricorio
|-damage|p1a: Gholdengo|91/100|[from] item: Life Orb
|
|upkeep
|inactive|viatles has 30 seconds left.
|
|t:|1756193122
|switch|p2b: Dragapult|Dragapult, L50, M|100/100
|turn|2
|
|t:|1756193144
|switch|p1a: Ursaluna|Ursaluna, L50, F|100/100
|move|p2b: Dragapult|Protect|p2b: Dragapult
|-singleturn|p2b: Dragapult|Protect
|move|p2a: Volcarona|Fiery Dance|p1a: Ursaluna
|-damage|p1a: Ursaluna|49/100
|move|p1b: Incineroar|Parting Shot|p2b: Dragapult
|-activate|p2b: Dragapult|move: Protect
|
|-status|p1a: Ursaluna|brn|[from] item: Flame Orb
|upkeep
|turn|3
|inactive|viatles has 30 seconds left.
|
|t:|1756193170
|move|p1a: Ursaluna|Protect|p1a: Ursaluna
|-singleturn|p1a: Ursaluna|Protect
|move|p2b: Dragapult|Phantom Force||[still]
|-prepare|p2b: Dragapult|Phantom Force
|move|p2a: Volcarona|Giga Drain|p1a: Ursaluna
|-activate|p1a: Ursaluna|move: Protect
|move|p1b: Incineroar|Parting Shot|p2b: Dragapult|[miss]
|-miss|p1b: Incineroar|p2b: Dragapult
|
|-damage|p1a: Ursaluna|44/100 brn|[from] brn
|upkeep
|turn|4
|inactive|jirkunow has 30 seconds left.
|
|t:|1756193195
|switch|p1a: Gholdengo|Gholdengo, L50|91/100
|move|p2a: Volcarona|Protect|p2a: Volcarona
|-singleturn|p2a: Volcarona|Protect
|move|p2b: Dragapult|Phantom Force|p1b: Incineroar|[from] lockedmove
|-resisted|p1b: Incineroar
|-damage|p1b: Incineroar|79/100
|move|p1b: Incineroar|Parting Shot|p2b: Dragapult
|-fail|p2b: Dragapult|unboost|[from] ability: Clear Body|[of] p2b: Dragapult
|
|upkeep
|turn|5
|inactive|jirkunow has 30 seconds left.
|inactive|viatles has 30 seconds left.
|
|t:|1756193229
|switch|p1a: Ursaluna|Ursaluna, L50, F|44/100 brn
|move|p2b: Dragapult|Dragon Darts|p1a: Ursaluna
|-damage|p1a: Ursaluna|24/100 brn
|-anim|p2b: Dragapult|Dragon Darts|p1b: Incineroar
|-damage|p1b: Incineroar|54/100
|move|p2a: Volcarona|Fiery Dance|p1a: Ursaluna
|-damage|p1a: Ursaluna|0 fnt
|-boost|p2a: Volcarona|spa|1
|faint|p1a: Ursaluna
|move|p1b: Incineroar|Parting Shot|p2a: Volcarona
|-unboost|p2a: Volcarona|atk|1
|-unboost|p2a: Volcarona|spa|1
|
|t:|1756193241
|switch|p1b: Gholdengo|Gholdengo, L50|91/100|[from] Parting Shot
|
|upkeep
|
|t:|1756193250
|switch|p1a: Incineroar|Incineroar, L50, F|54/100
|-ability|p1a: Incineroar|Intimidate|boost
|-unboost|p2a: Volcarona|atk|1
|-fail|p2b: Dragapult|unboost|[from] ability: Clear Body|[of] p2b: Dragapult
|turn|6
|
|t:|1756193270
|-terastallize|p1b: Gholdengo|Fairy
|move|p2a: Volcarona|Protect|p2a: Volcarona
|-singleturn|p2a: Volcarona|Protect
|move|p2b: Dragapult|Phantom Force||[still]
|-prepare|p2b: Dragapult|Phantom Force
|move|p1a: Incineroar|Knock Off|p2b: Dragapult|[miss]
|-miss|p1a: Incineroar|p2b: Dragapult
|move|p1b: Gholdengo|Nasty Plot|p1b: Gholdengo
|-boost|p1b: Gholdengo|spa|2
|
|upkeep
|turn|7
|inactive|jirkunow has 30 seconds left.
|
|t:|1756193296
|move|p2b: Dragapult|Phantom Force|p1b: Gholdengo|[from] lockedmove
|-damage|p1b: Gholdengo|45/100
|move|p2a: Volcarona|Fiery Dance|p1b: Gholdengo
|-damage|p1b: Gholdengo|0 fnt
|faint|p1b: Gholdengo
|move|p1a: Incineroar|Knock Off|p2b: Dragapult
|-supereffective|p2b: Dragapult
|-damage|p2b: Dragapult|0 fnt
|-enditem|p2b: Dragapult|Covert Cloak|[from] move: Knock Off|[of] p1a: Incineroar
|faint|p2b: Dragapult
|
|upkeep
|
|t:|1756193306
|switch|p2b: Sylveon|Sylveon, L50, M|100/100
|switch|p1b: Rillaboom|Rillaboom, L50, M|100/100
|-fieldstart|move: Grassy Terrain|[from] ability: Grassy Surge|[of] p1b: Rillaboom
|turn|8
|
|t:|1756193320
|move|p2a: Volcarona|Protect|p2a: Volcarona
|-singleturn|p2a: Volcarona|Protect
|move|p1b: Rillaboom|Fake Out|p2a: Volcarona
|-activate|p2a: Volcarona|move: Protect
|move|p2b: Sylveon|Tera Blast|p1a: Incineroar
|-damage|p1a: Incineroar|7/100
|move|p1a: Incineroar|Will-O-Wisp|p2b: Sylveon
|-status|p2b: Sylveon|brn
|
|-heal|p2a: Volcarona|88/100|[from] Grassy Terrain
|-heal|p1a: Incineroar|13/100|[from] Grassy Terrain
|-damage|p2b: Sylveon|95/100 brn|[from] brn
|upkeep
|turn|9
|
|t:|1756193337
|move|p2a: Volcarona|Fiery Dance|p1b: Rillaboom
|-supereffective|p1b: Rillaboom
|-damage|p1b: Rillaboom|22/100
|-boost|p2a: Volcarona|spa|1
|move|p2b: Sylveon|Tera Blast|p1a: Incineroar
|-damage|p1a: Incineroar|0 fnt
|faint|p1a: Incineroar
|move|p1b: Rillaboom|Drum Beating|p2b: Sylveon
|-damage|p2b: Sylveon|17/100 brn
|-unboost|p2b: Sylveon|spe|1
|
|-heal|p2a: Volcarona|94/100|[from] Grassy Terrain
|-heal|p1b: Rillaboom|28/100|[from] Grassy Terrain
|-heal|p2b: Sylveon|23/100 brn|[from] Grassy Terrain
|-damage|p2b: Sylveon|17/100 brn|[from] brn
|upkeep
|turn|10
|
|t:|1756193355
|move|p1b: Rillaboom|Grassy Glide|p2b: Sylveon
|-damage|p2b: Sylveon|0 fnt
|faint|p2b: Sylveon
|move|p2a: Volcarona|Fiery Dance|p1b: Rillaboom
|-supereffective|p1b: Rillaboom
|-damage|p1b: Rillaboom|0 fnt
|faint|p1b: Rillaboom
|
|win|viatles
||jirkunow is ready for game 2.
||viatles is ready for game 2.
|uhtml|next|Next: Game 2 of 3
