|j|☆Echoes630
|j|☆starlight74
|html|Echoes630starlight74    
|uhtml|bestof|Game 1 of a best-of-3
|t:|1784778923
|gametype|doubles
|player|p1|Echoes630|ingo|1260
|player|p2|starlight74|anabel-gen7|1466
|gen|9
|tier|[Gen 9 Champions] VGC 2026 Reg M-B (Bo3)
|rated|
|rule|Species Clause: Limit one of each Pokémon
|rule|Item Clause: Limit 1 of each item
|clearpoke
|poke|p1|Sneasler, L50, M|
|poke|p1|Blastoise, L50, M|
|poke|p1|Kingambit, L50, M|
|poke|p1|Incineroar, L50, M|
|poke|p1|Delphox, L50, F|
|poke|p1|Sinistcha, L50|
|poke|p2|Metagross, L50, shiny|
|poke|p2|Sneasler, L50, M|
|poke|p2|Incineroar, L50, F|
|poke|p2|Lycanroc-Dusk, L50, F|
|poke|p2|Hydreigon, L50, F|
|poke|p2|Floette-Eternal, L50, F|
|teampreview|4
|showteam|p1|Sneasler||FocusSash|PoisonTouch|PoisonJab,CloseCombat,FakeOut,Protect|Jolly||M|||50|]Blastoise||Blastoisinite|RainDish|DarkPulse,WaterSpout,ShellSmash,Protect|Modest||M|||50|]Kingambit||BlackGlasses|Defiant|KowtowCleave,SuckerPunch,SwordsDance,Protect|Adamant||M|||50|]Incineroar||SitrusBerry|Intimidate|FlareBlitz,HelpingHand,PartingShot,FakeOut|Careful||M|||50|]Delphox||Delphoxite|Blaze|HeatWave,NastyPlot,Psyshock,Protect|Modest||F|||50|]Sinistcha||KasibBerry|Hospitality|MatchaGotcha,RagePowder,TrickRoom,Protect|Bold|||||50|
|showteam|p2|Metagross||Metagrossite|ClearBody|PsychicFangs,BulletPunch,Substitute,Protect|Jolly|||||50|]Sneasler||WhiteHerb|Unburden|CloseCombat,DireClaw,FakeOut,Protect|Adamant||M|||50|]Incineroar||SitrusBerry|Intimidate|FlareBlitz,PartingShot,ThroatChop,FakeOut|Impish||F|||50|]Lycanroc-Dusk||FocusSash|ToughClaws|Accelerock,CloseCombat,RockSlide,Protect|Jolly||F|||50|]Hydreigon||ChoiceScarf|Levitate|DarkPulse,DracoMeteor,HeatWave,Snarl|Timid||F|||50|]Floette-Eternal||Floettite|FlowerVeil|DazzlingGleam,DrainingKiss,CalmMind,Protect|Modest||F|||50|
|inactive|Battle timer is ON: inactive players will automatically lose when time's up. (requested by starlight74)
|inactive|starlight74 has 60 seconds left.
|inactive|starlight74 has 30 seconds left.
|
|t:|1784778988
|teamsize|p1|4
|teamsize|p2|4
|start
|switch|p1a: Incineroar|Incineroar, L50, M|100/100
|switch|p1b: Delphox|Delphox, L50, F|100/100
|switch|p2a: Floette|Floette-Eternal, L50, F|100/100
|switch|p2b: Incineroar|Incineroar, L50, F|100/100
|-ability|p1a: Incineroar|Intimidate|boost
|-unboost|p2a: Floette|atk|1
|-unboost|p2b: Incineroar|atk|1
|-ability|p2b: Incineroar|Intimidate|boost
|-unboost|p1a: Incineroar|atk|1
|-unboost|p1b: Delphox|atk|1
|turn|1
|
|t:|1784779006
|detailschange|p1b: Delphox|Delphox-Mega, L50, F
|-mega|p1b: Delphox|Delphox|Delphoxite
|detailschange|p2a: Floette|Floette-Mega, L50, F
|-mega|p2a: Floette|Floette|Floettite
|-ability|p2a: Floette|Fairy Aura
|move|p1a: Incineroar|Fake Out|p2b: Incineroar
|-damage|p2b: Incineroar|94/100
|move|p1b: Delphox|Nasty Plot|p1b: Delphox
|-boost|p1b: Delphox|spa|2
|move|p2a: Floette|Calm Mind|p2a: Floette
|-boost|p2a: Floette|spa|1
|-boost|p2a: Floette|spd|1
|cant|p2b: Incineroar|flinch
|
|upkeep
|turn|2
|
|t:|1784779016
|move|p1b: Delphox|Protect|p1b: Delphox
|-singleturn|p1b: Delphox|Protect
|move|p2a: Floette|Protect|p2a: Floette
|-singleturn|p2a: Floette|Protect
|move|p1a: Incineroar|Parting Shot|p2b: Incineroar
|-unboost|p2b: Incineroar|atk|1
|-unboost|p2b: Incineroar|spa|1
|
|t:|1784779022
|switch|p1a: Sneasler|Sneasler, L50, M|100/100|[from] Parting Shot
|move|p2b: Incineroar|Parting Shot|p1a: Sneasler
|-unboost|p1a: Sneasler|atk|1
|-unboost|p1a: Sneasler|spa|1
|
|t:|1784779026
|switch|p2b: Hydreigon|Hydreigon, L50, F|100/100|[from] Parting Shot
|
|upkeep
|turn|3
|
|t:|1784779035
|switch|p2a: Incineroar|Incineroar, L50, F|94/100
|-ability|p2a: Incineroar|Intimidate|boost
|-unboost|p1a: Sneasler|atk|1
|-unboost|p1b: Delphox|atk|1
|move|p1a: Sneasler|Fake Out|p2b: Hydreigon
|-damage|p2b: Hydreigon|91/100
|-status|p2b: Hydreigon|psn|[from] ability: Poison Touch|[of] p1a: Sneasler
|cant|p2b: Hydreigon|flinch
|move|p1b: Delphox|Heat Wave|p2a: Incineroar|[spread] p2a,p2b
|-resisted|p2a: Incineroar|1
|-resisted|p2b: Hydreigon|1
|-damage|p2a: Incineroar|53/100
|-damage|p2b: Hydreigon|46/100 psn
|
|-damage|p2b: Hydreigon|34/100 psn|[from] psn
|upkeep
|turn|4
|
|t:|1784779048
|switch|p2b: Sneasler|Sneasler, L50, M|100/100
|switch|p1a: Incineroar|Incineroar, L50, M|100/100
|-ability|p1a: Incineroar|Intimidate|boost
|-unboost|p2a: Incineroar|atk|1
|-unboost|p2b: Sneasler|atk|1
|-enditem|p2b: Sneasler|White Herb
|-clearnegativeboost|p2b: Sneasler|[silent]
|move|p1b: Delphox|Protect|p1b: Delphox
|-singleturn|p1b: Delphox|Protect
|move|p2a: Incineroar|Parting Shot|p1a: Incineroar
|-unboost|p1a: Incineroar|atk|1
|-unboost|p1a: Incineroar|spa|1
|
|t:|1784779057
|switch|p2a: Hydreigon|Hydreigon, L50, F|34/100 psn|[from] Parting Shot
|
|-damage|p2a: Hydreigon|21/100 psn|[from] psn
|upkeep
|turn|5
|
|t:|1784779070
|switch|p1b: Sneasler|Sneasler, L50, M|100/100
|move|p2b: Sneasler|Fake Out|p1a: Incineroar
|-damage|p1a: Incineroar|85/100
|move|p2a: Hydreigon|Dark Pulse|p1b: Sneasler
|-resisted|p1b: Sneasler|1
|-damage|p1b: Sneasler|71/100
|cant|p1a: Incineroar|flinch
|
|-damage|p2a: Hydreigon|9/100 psn|[from] psn
|upkeep
|turn|6
|
|t:|1784779082
|switch|p1a: Delphox|Delphox-Mega, L50, F|100/100
|move|p1b: Sneasler|Fake Out|p2a: Hydreigon
|-damage|p2a: Hydreigon|0 fnt
|faint|p2a: Hydreigon
|move|p2b: Sneasler|Close Combat|p1a: Delphox
|-resisted|p1a: Delphox|1
|-damage|p1a: Delphox|59/100
|-unboost|p2b: Sneasler|def|1
|-unboost|p2b: Sneasler|spd|1
|
|upkeep
|
|t:|1784779091
|switch|p2a: Incineroar|Incineroar, L50, F|53/100
|-ability|p2a: Incineroar|Intimidate|boost
|-unboost|p1a: Delphox|atk|1
|-unboost|p1b: Sneasler|atk|1
|turn|7
|
|t:|1784779105
|switch|p1b: Incineroar|Incineroar, L50, M|85/100
|-ability|p1b: Incineroar|Intimidate|boost
|-unboost|p2a: Incineroar|atk|1
|-unboost|p2b: Sneasler|atk|1
|move|p1a: Delphox|Protect|p1a: Delphox
|-singleturn|p1a: Delphox|Protect
|move|p2a: Incineroar|Fake Out|p1b: Incineroar
|-damage|p1b: Incineroar|77/100
|move|p2b: Sneasler|Close Combat|p1b: Incineroar
|-supereffective|p1b: Incineroar|1
|-damage|p1b: Incineroar|0 fnt
|-unboost|p2b: Sneasler|def|1
|-unboost|p2b: Sneasler|spd|1
|faint|p1b: Incineroar
|
|upkeep
|
|t:|1784779108
|switch|p1b: Sneasler|Sneasler, L50, M|71/100
|turn|8
|
|t:|1784779123
|switch|p2a: Floette|Floette-Mega, L50, F|100/100
|-ability|p2a: Floette|Fairy Aura
|move|p1b: Sneasler|Fake Out|p2a: Floette
|-damage|p2a: Floette|82/100
|move|p2b: Sneasler|Dire Claw|p1a: Delphox
|-damage|p1a: Delphox|19/100
|move|p1a: Delphox|Psyshock|p2b: Sneasler
|-supereffective|p2b: Sneasler|2
|-damage|p2b: Sneasler|0 fnt
|faint|p2b: Sneasler
|
|upkeep
|
|t:|1784779134
|switch|p2b: Incineroar|Incineroar, L50, F|53/100
|-ability|p2b: Incineroar|Intimidate|boost
|-unboost|p1a: Delphox|atk|1
|-unboost|p1b: Sneasler|atk|1
|turn|9
|
|t:|1784779141
|move|p1b: Sneasler|Protect|p1b: Sneasler
|-singleturn|p1b: Sneasler|Protect
|move|p1a: Delphox|Protect|p1a: Delphox
|-singleturn|p1a: Delphox|Protect
|move|p2b: Incineroar|Fake Out|p1b: Sneasler
|-activate|p1b: Sneasler|move: Protect
|move|p2a: Floette|Calm Mind|p2a: Floette
|-boost|p2a: Floette|spa|1
|-boost|p2a: Floette|spd|1
|
|upkeep
|turn|10
|
|t:|1784779153
|move|p2a: Floette|Protect|p2a: Floette
|-singleturn|p2a: Floette|Protect
|move|p1b: Sneasler|Close Combat|p2b: Incineroar
|-supereffective|p2b: Incineroar|1
|-damage|p2b: Incineroar|0 fnt
|-unboost|p1b: Sneasler|def|1
|-unboost|p1b: Sneasler|spd|1
|faint|p2b: Incineroar
|move|p1a: Delphox|Psyshock|p2a: Floette
|-activate|p2a: Floette|move: Protect
|
|upkeep
|turn|11
|
|t:|1784779166
|move|p1b: Sneasler|Poison Jab|p2a: Floette
|-supereffective|p2a: Floette|1
|-damage|p2a: Floette|21/100
|move|p1a: Delphox|Psyshock|p2a: Floette
|-damage|p2a: Floette|0 fnt
|faint|p2a: Floette
|
|win|Echoes630
