|j|☆Harridino
|j|☆Lucia_Tortuga
|html|HarridinoLucia_Tortuga    
|uhtml|bestof|Game 1 of a best-of-3
|t:|1756509658
|gametype|doubles
|player|p1|Harridino|pokemaniac|
|player|p2|Lucia_Tortuga|drasna|
|gen|9
|tier|[Gen 9] VGC 2025 Reg H (Bo3)
|rule|Tera Type Preview: Tera Types are shown at Team Preview
|rule|Species Clause: Limit one of each Pokémon
|rule|Item Clause: Limit 1 of each item
|raw|2 custom rules: Tera Type Preview, !Force Open Team Sheets
|clearpoke
|poke|p1|Torkoal, L50, F|
|poke|p1|Jumpluff, L50, F|
|poke|p1|Charizard, L50, M|
|poke|p1|Reuniclus, L50, M|
|poke|p1|Ursaluna, L50, M|
|poke|p1|Indeedee-F, L50, F|
|poke|p2|Meowstic, L50, M|
|poke|p2|Scrafty, L50, F|
|poke|p2|Emboar, L50, M|
|poke|p2|Metagross, L50|
|poke|p2|Dragapult, L50, F|
|poke|p2|Baxcalibur, L50, M|
|raw|Harridino's Tera Types: /  /  /  /  / 
|raw|Lucia_Tortuga's Tera Types: /  /  /  /  / 
|teampreview|4
|c|☆Harridino|glhf
|c|☆Lucia_Tortuga|u2
|j| Jewelpet2002
|c|☆Lucia_Tortuga|im so fucked chat
|
|t:|1756509742
|teamsize|p1|4
|teamsize|p2|4
|start
|switch|p1a: Bonnie|Indeedee-F, L50, F, shiny|100/100
|switch|p1b: Balloon Boy|Reuniclus, L50, M|100/100
|switch|p2a: Meowstic|Meowstic, L50, M|100/100
|switch|p2b: Dragapult|Dragapult, L50, F|100/100
|-fieldstart|move: Psychic Terrain|[from] ability: Psychic Surge|[of] p1a: Bonnie
|turn|1
|c| Jewelpet2002|glgl
|
|t:|1756509767
|move|p1a: Bonnie|Follow Me|p1a: Bonnie
|-singleturn|p1a: Bonnie|move: Follow Me
|move|p2a: Meowstic|Imprison|p2a: Meowstic
|-start|p2a: Meowstic|move: Imprison
|move|p2b: Dragapult|U-turn|p1a: Bonnie
|-supereffective|p1a: Bonnie
|-damage|p1a: Bonnie|70/100
|
|t:|1756509784
|switch|p2b: Scrafty|Scrafty, L50, F|100/100|[from] U-turn
|-ability|p2b: Scrafty|Intimidate|boost
|-unboost|p1a: Bonnie|atk|1
|-unboost|p1b: Balloon Boy|atk|1
|move|p1b: Balloon Boy|Expanding Force|p2b: Scrafty|[spread] p2a
|-immune|p2b: Scrafty
|-resisted|p2a: Meowstic
|-damage|p2a: Meowstic|38/100
|
|upkeep
|turn|2
|j| yellow juice
|
|t:|1756509802
|move|p1a: Bonnie|Follow Me|p1a: Bonnie
|-singleturn|p1a: Bonnie|move: Follow Me
|move|p2a: Meowstic|Dark Pulse|p1a: Bonnie
|-supereffective|p1a: Bonnie
|-damage|p1a: Bonnie|29/100
|-enditem|p1a: Bonnie|Sitrus Berry|[eat]
|-heal|p1a: Bonnie|54/100|[from] item: Sitrus Berry
|move|p2b: Scrafty|Snarl|p1a: Bonnie|[spread] p1a,p1b
|-supereffective|p1a: Bonnie
|-supereffective|p1b: Balloon Boy
|-damage|p1a: Bonnie|41/100
|-damage|p1b: Balloon Boy|89/100
|-unboost|p1a: Bonnie|spa|1
|-unboost|p1b: Balloon Boy|spa|1
|move|p1b: Balloon Boy|Expanding Force|p2a: Meowstic|[spread] p2a
|-immune|p2b: Scrafty
|-resisted|p2a: Meowstic
|-damage|p2a: Meowstic|0 fnt
|faint|p2a: Meowstic
|
|upkeep
|
|t:|1756509823
|switch|p2a: Dragapult|Dragapult, L50, F|100/100
|turn|3
|j| freshveggies2
|
|t:|1756509831
|move|p1a: Bonnie|Follow Me|p1a: Bonnie
|-singleturn|p1a: Bonnie|move: Follow Me
|move|p2a: Dragapult|Shadow Ball|p1a: Bonnie
|-immune|p1a: Bonnie
|move|p2b: Scrafty|Knock Off|p1a: Bonnie
|-supereffective|p1a: Bonnie
|-damage|p1a: Bonnie|0 fnt
|faint|p1a: Bonnie
|move|p1b: Balloon Boy|Trick Room|p1b: Balloon Boy
|-fieldstart|move: Trick Room|[of] p1b: Balloon Boy
|
|upkeep
|
|t:|1756509842
|switch|p1a: Chica|Torkoal, L50, F, shiny|100/100
|-weather|SunnyDay|[from] ability: Drought|[of] p1a: Chica
|turn|4
|
|t:|1756509872
|-terastallize|p1a: Chica|Fire
|move|p1a: Chica|Eruption|p2b: Scrafty|[spread] p2a,p2b
|-resisted|p2a: Dragapult
|-damage|p2a: Dragapult|36/100
|-damage|p2b: Scrafty|5/100
|-enditem|p2b: Scrafty|Sitrus Berry|[eat]
|-heal|p2b: Scrafty|30/100|[from] item: Sitrus Berry
|move|p1b: Balloon Boy|Shadow Ball|p2a: Dragapult
|-supereffective|p2a: Dragapult
|-damage|p2a: Dragapult|0 fnt
|faint|p2a: Dragapult
|move|p2b: Scrafty|Snarl|p1a: Chica|[spread] p1a,p1b
|-supereffective|p1b: Balloon Boy
|-damage|p1a: Chica|90/100
|-damage|p1b: Balloon Boy|77/100
|-unboost|p1a: Chica|spa|1
|-unboost|p1b: Balloon Boy|spa|1
|-enditem|p1a: Chica|Eject Pack
|
|t:|1756509885
|switch|p1a: Freddy|Ursaluna, L50, M, shiny|100/100
|
|-weather|SunnyDay|[upkeep]
|-status|p1a: Freddy|brn|[from] item: Flame Orb
|upkeep
|
|t:|1756509888
|switch|p2a: Metagross|Metagross, L50|100/100
|turn|5
|
|t:|1756509901
|-terastallize|p2a: Metagross|Water
|move|p1b: Balloon Boy|Protect|p1b: Balloon Boy
|-singleturn|p1b: Balloon Boy|Protect
|move|p2b: Scrafty|Drain Punch|p1a: Freddy
|-supereffective|p1a: Freddy
|-damage|p1a: Freddy|62/100 brn
|-heal|p2b: Scrafty|55/100|[from] drain|[of] p1a: Freddy
|move|p1a: Freddy|Earthquake|p2a: Metagross|[spread] p2a,p2b
|-activate|p1b: Balloon Boy|move: Protect
|-damage|p2a: Metagross|40/100
|-damage|p2b: Scrafty|9/100
|move|p2a: Metagross|Ice Punch|p1a: Freddy
|-supereffective|p1a: Freddy
|-damage|p1a: Freddy|0 fnt
|faint|p1a: Freddy
|
|-weather|SunnyDay|[upkeep]
|-fieldend|move: Psychic Terrain
|upkeep
|
|t:|1756509913
|switch|p1a: Chica|Torkoal, L50, F, shiny, tera:Fire|90/100
|turn|6
|
|t:|1756509925
|move|p1a: Chica|Eruption|p2b: Scrafty|[spread] p2a,p2b
|-resisted|p2a: Metagross
|-damage|p2a: Metagross|0 fnt
|-damage|p2b: Scrafty|0 fnt
|faint|p2a: Metagross
|faint|p2b: Scrafty
|
|win|Harridino
||Harridino is ready for game 2.
||Lucia_Tortuga is ready for game 2.
|uhtml|next|Next: Game 2 of 3
|l| yellow juice
