|j|☆ibench315
|j|☆namboyVGC
|html|ibench315namboyVGC    
|uhtml|bestof|Game 2 of a best-of-3
|t:|1754931528
|gametype|doubles
|player|p1|ibench315|proton|1221
|player|p2|namboyVGC|pokemonranger-gen4|1227
|gen|9
|tier|[Gen 9] VGC 2025 Reg H (Bo3)
|rated|
|rule|Species Clause: Limit one of each Pokémon
|rule|Item Clause: Limit 1 of each item
|clearpoke
|poke|p1|Talonflame, L50, M|
|poke|p1|Garchomp, L50, F|
|poke|p1|Primarina, L50, M|
|poke|p1|Sneasler, L50, F|
|poke|p1|Indeedee, L50, M|
|poke|p1|Gholdengo, L50|
|poke|p2|Sneasler, L50, M|
|poke|p2|Indeedee, L50, M|
|poke|p2|Volcarona, L50, M|
|poke|p2|Annihilape, L50, M|
|poke|p2|Tyranitar, L50, M|
|poke|p2|Excadrill, L50, F|
|teampreview|4
|showteam|p1|Talonflame||CovertCloak|GaleWings|BraveBird,Tailwind,WillOWisp,FlareBlitz|||M|||50|,,,,,Flying]Garchomp||LifeOrb|RoughSkin|Protect,Earthquake,StompingTantrum,ScaleShot|||F|||50|,,,,,Ground]Primarina||ThroatSpray|LiquidVoice|Protect,Haze,HyperVoice,Moonblast|||M|||50|,,,,,Poison]Sneasler||PsychicSeed|Unburden|FakeOut,CloseCombat,DireClaw,AcidSpray|||F|||50|,,,,,Dark]Indeedee||FocusSash|PsychicSurge|ExpandingForce,TrickRoom,Imprison,Protect|||M|||50|,,,,,Flying]Gholdengo||ChoiceSpecs|GoodasGold|MakeItRain,ShadowBall,PowerGem,SteelBeam||||||50|,,,,,Steel
|showteam|p2|Sneasler||PsychicSeed|Unburden|CloseCombat,DireClaw,ThroatChop,Protect|||M|||50|,,,,,Dark]Indeedee||ChoiceScarf|PsychicSurge|ExpandingForce,TeraBlast,Trick,DazzlingGleam|||M|||50|,,,,,Fire]Volcarona||SitrusBerry|FlameBody|Overheat,StruggleBug,RagePowder,Tailwind|||M|||50|,,,,,Grass]Annihilape||SafetyGoggles|Defiant|CloseCombat,RageFist,Taunt,FinalGambit|||M|||50|,,,,,Psychic]Tyranitar||AssaultVest|SandStream|RockSlide,KnockOff,TeraBlast,LowKick|||M|||50|,,,,,Flying]Excadrill||FocusSash|SandRush|HighHorsepower,Earthquake,IronHead,Protect|||F|||50|,,,,,Ground
|inactive|Battle timer is ON: inactive players will automatically lose when time's up. (requested by namboyVGC)
|inactive|namboyVGC has 60 seconds left.
|
|t:|1754931567
|teamsize|p1|4
|teamsize|p2|4
|start
|switch|p1a: Talonflame|Talonflame, L50, M|100/100
|switch|p1b: Garchomp|Garchomp, L50, F|100/100
|switch|p2a: Indeedee|Indeedee, L50, M|100/100
|switch|p2b: Volcarona|Volcarona, L50, M|100/100
|-fieldstart|move: Psychic Terrain|[from] ability: Psychic Surge|[of] p2a: Indeedee
|turn|1
|l|☆ibench315
|inactive|ibench315 disconnected and has a minute to reconnect!
|player|p1|
|j|☆ibench315
|inactive|ibench315 reconnected and has 40 seconds left.
|player|p1|ibench315|proton|
|
|t:|1754931589
|switch|p2a: Excadrill|Excadrill, L50, F|100/100
|-terastallize|p1b: Garchomp|Ground
|move|p1a: Talonflame|Tailwind|p1a: Talonflame
|-sidestart|p1: ibench315|move: Tailwind
|move|p1b: Garchomp|Earthquake|p2a: Excadrill|[spread] p2a,p2b
|-immune|p1a: Talonflame
|-supereffective|p2a: Excadrill
|-enditem|p2a: Excadrill|Focus Sash
|-damage|p2a: Excadrill|1/100
|-damage|p2b: Volcarona|11/100
|-enditem|p2b: Volcarona|Sitrus Berry|[eat]
|-heal|p2b: Volcarona|36/100|[from] item: Sitrus Berry
|-damage|p1b: Garchomp|91/100|[from] item: Life Orb
|move|p2b: Volcarona|Tailwind|p2b: Volcarona
|-sidestart|p2: namboyVGC|move: Tailwind
|
|upkeep
|turn|2
|
|t:|1754931612
|switch|p2b: Tyranitar|Tyranitar, L50, M|100/100
|-weather|Sandstorm|[from] ability: Sand Stream|[of] p2b: Tyranitar
|-terastallize|p2a: Excadrill|Ground
|move|p2a: Excadrill|High Horsepower|p1b: Garchomp
|-damage|p1b: Garchomp|18/100
|-damage|p2a: Excadrill|0 fnt|[from] ability: Rough Skin|[of] p1b: Garchomp
|faint|p2a: Excadrill
|move|p1a: Talonflame|Flare Blitz|p2b: Tyranitar
|-resisted|p2b: Tyranitar
|-damage|p2b: Tyranitar|81/100
|-damage|p1a: Talonflame|93/100|[from] Recoil
|move|p1b: Garchomp|Scale Shot|p2b: Tyranitar
|-damage|p2b: Tyranitar|65/100
|-damage|p2b: Tyranitar|50/100
|-hitcount|p2b: Tyranitar|2
|-unboost|p1b: Garchomp|def|1
|-boost|p1b: Garchomp|spe|1
|-damage|p1b: Garchomp|8/100|[from] item: Life Orb
|
|-weather|Sandstorm|[upkeep]
|-damage|p1a: Talonflame|87/100|[from] Sandstorm
|upkeep
|
|t:|1754931620
|switch|p2a: Indeedee|Indeedee, L50, M|100/100
|turn|3
|
|t:|1754931636
|switch|p1a: Sneasler|Sneasler, L50, F|100/100
|-enditem|p1a: Sneasler|Psychic Seed
|-boost|p1a: Sneasler|spd|1|[from] item: Psychic Seed
|switch|p2b: Volcarona|Volcarona, L50, M|36/100
|move|p1b: Garchomp|Earthquake|p2a: Indeedee|[spread] p1a,p2a,p2b
|-supereffective|p1a: Sneasler
|-damage|p1a: Sneasler|0 fnt
|-damage|p2a: Indeedee|0 fnt
|-damage|p2b: Volcarona|0 fnt
|faint|p1a: Sneasler
|faint|p2a: Indeedee
|faint|p2b: Volcarona
|-damage|p1b: Garchomp|0 fnt|[from] item: Life Orb
|faint|p1b: Garchomp
|
|-weather|Sandstorm|[upkeep]
|upkeep
|c|☆ibench315|Wait i forgor
|inactive|namboyVGC has 30 seconds left.
|
|t:|1754931666
|switch|p1a: Talonflame|Talonflame, L50, M|87/100
|switch|p1b: Primarina|Primarina, L50, M|100/100
|switch|p2b: Tyranitar|Tyranitar, L50, M|50/100
|turn|4
|
|t:|1754931673
|move|p1a: Talonflame|Will-O-Wisp|p2b: Tyranitar
|-status|p2b: Tyranitar|brn
|move|p2b: Tyranitar|Rock Slide|p1a: Talonflame|[spread] p1a,p1b
|-supereffective|p1a: Talonflame
|-crit|p1b: Primarina
|-damage|p1a: Talonflame|0 fnt
|-damage|p1b: Primarina|70/100
|faint|p1a: Talonflame
|move|p1b: Primarina|Hyper Voice|p2b: Tyranitar
|-supereffective|p2b: Tyranitar
|-damage|p2b: Tyranitar|12/100 brn
|-enditem|p1b: Primarina|Throat Spray
|-boost|p1b: Primarina|spa|1|[from] item: Throat Spray
|
|-weather|Sandstorm|[upkeep]
|-damage|p1b: Primarina|64/100|[from] Sandstorm
|-damage|p2b: Tyranitar|6/100 brn|[from] brn
|-sideend|p1: ibench315|move: Tailwind
|-sideend|p2: namboyVGC|move: Tailwind
|upkeep
|turn|5
|
|t:|1754931691
|move|p2b: Tyranitar|Rock Slide|p1b: Primarina
|-damage|p1b: Primarina|38/100
|move|p1b: Primarina|Hyper Voice|p2b: Tyranitar
|-supereffective|p2b: Tyranitar
|-damage|p2b: Tyranitar|0 fnt
|faint|p2b: Tyranitar
|
|win|ibench315
|raw|ibench315's rating: 1221 → 1246(+25 for winning)
|raw|namboyVGC's rating: 1227 → 1202(-25 for losing)
|l|☆ibench315
|player|p1|
