|j|☆zileu
|j|☆StarDoor01
|html|zileuStarDoor01    
|uhtml|bestof|Game 1 of a best-of-3
|t:|1785228036
|gametype|doubles
|player|p1|zileu|cyclist-gen4|1095
|player|p2|StarDoor01|2|1118
|gen|9
|tier|[Gen 9 Champions] VGC 2026 Reg M-B (Bo3)
|rated|
|rule|Species Clause: Limit one of each Pokémon
|rule|Item Clause: Limit 1 of each item
|clearpoke
|poke|p1|Heracross, L50, M|
|poke|p1|Mamoswine, L50, F|
|poke|p1|Gholdengo, L50|
|poke|p1|Milotic, L50, M|
|poke|p1|Farigiraf, L50, M|
|poke|p1|Incineroar, L50, M|
|poke|p2|Scovillain, L50, F|
|poke|p2|Sylveon, L50, M|
|poke|p2|Kingambit, L50, M|
|poke|p2|Lycanroc-Dusk, L50, M|
|poke|p2|Basculegion, L50, M|
|poke|p2|Metagross, L50|
|teampreview|4
|showteam|p1|Heracross||Heracronite|Moxie|PinMissile,RockBlast,CloseCombat,Protect|Brave||M|||50|]Mamoswine||LifeOrb|Oblivious|HighHorsepower,IceShard,IcicleCrash,Protect|Adamant||F|||50|]Gholdengo||FocusSash|GoodasGold|NastyPlot,MakeItRain,ShadowBall,Protect|Timid|||||50|]Milotic||Leftovers|Competitive|Protect,Scald,IceBeam,AlluringVoice|Modest||M|||50|]Farigiraf||ColburBerry|ArmorTail|Protect,TrickRoom,HelpingHand,Psychic|Sassy||M|||50|]Incineroar||SitrusBerry|Intimidate|FakeOut,PartingShot,DarkestLariat,FlareBlitz|Adamant||M|||50|
|showteam|p2|Scovillain||Scovillainite|Moody|GigaDrain,Overheat,RagePowder,Protect|Bold||F|||50|]Sylveon||FairyFeather|Pixilate|HyperVoice,HyperBeam,QuickAttack,Detect|Modest||M|||50|]Kingambit||BlackGlasses|Defiant|KowtowCleave,SuckerPunch,SwordsDance,Protect|Adamant||M|||50|]Lycanroc-Dusk||FocusSash|ToughClaws|CloseCombat,Accelerock,RockSlide,Protect|Adamant||M|||50|]Basculegion||SitrusBerry|Adaptability|WaveCrash,LastRespects,AquaJet,Protect|Adamant||M|||50|]Metagross||Metagrossite|ClearBody|IronHead,PsychicFangs,IcePunch,Protect|Jolly|||||50|
|inactive|Battle timer is ON: inactive players will automatically lose when time's up. (requested by zileu)
|inactive|StarDoor01 has 60 seconds left.
|
|t:|1785228102
|teamsize|p1|4
|teamsize|p2|4
|start
|switch|p1a: Gholdengo|Gholdengo, L50|100/100
|switch|p1b: Incineroar|Incineroar, L50, M|100/100
|switch|p2a: Scovillain|Scovillain, L50, F|100/100
|switch|p2b: Basculegion|Basculegion, L50, M|100/100
|-ability|p1b: Incineroar|Intimidate|boost
|-unboost|p2a: Scovillain|atk|1
|-unboost|p2b: Basculegion|atk|1
|turn|1
|inactive|zileu has 30 seconds left.
|inactive|zileu has 20 seconds left.
|inactive|zileu has 15 seconds left.
|inactive|StarDoor01 has 30 seconds left.
|
|t:|1785228149
|detailschange|p2a: Scovillain|Scovillain-Mega, L50, F
|-mega|p2a: Scovillain|Scovillain|Scovillainite
|move|p2b: Basculegion|Protect|p2b: Basculegion
|-singleturn|p2b: Basculegion|Protect
|move|p1a: Gholdengo|Nasty Plot|p1a: Gholdengo
|-boost|p1a: Gholdengo|spa|2
|move|p2a: Scovillain|Overheat|p1a: Gholdengo
|-supereffective|p1a: Gholdengo|1
|-enditem|p1a: Gholdengo|Focus Sash
|-damage|p1a: Gholdengo|1/100
|-unboost|p2a: Scovillain|spa|2
|move|p1b: Incineroar|Parting Shot|p2a: Scovillain
|-unboost|p2a: Scovillain|atk|1
|-unboost|p2a: Scovillain|spa|1
|
|t:|1785228167
|switch|p1b: Farigiraf|Farigiraf, L50, M|100/100|[from] Parting Shot
|
|upkeep
|turn|2
|
|t:|1785228188
|switch|p2b: Kingambit|Kingambit, L50, M|100/100
|move|p2a: Scovillain|Rage Powder|p2a: Scovillain
|-singleturn|p2a: Scovillain|move: Rage Powder
|move|p1a: Gholdengo|Shadow Ball|p2a: Scovillain
|-damage|p2a: Scovillain|10/100
|-unboost|p2a: Scovillain|spd|1
|-status|p1a: Gholdengo|brn|[from] ability: Spicy Spray|[of] p2a: Scovillain
|move|p1b: Farigiraf|Trick Room|p1b: Farigiraf
|-fieldstart|move: Trick Room|[of] p1b: Farigiraf
|
|-damage|p1a: Gholdengo|0 fnt|[from] brn
|faint|p1a: Gholdengo
|upkeep
|
|t:|1785228199
|switch|p1a: Incineroar|Incineroar, L50, M|100/100
|-ability|p1a: Incineroar|Intimidate|boost
|-unboost|p2a: Scovillain|atk|1
|-unboost|p2b: Kingambit|atk|1
|-ability|p2b: Kingambit|Defiant|boost
|-boost|p2b: Kingambit|atk|2
|turn|3
|inactive|StarDoor01 has 30 seconds left.
|inactive|StarDoor01 has 20 seconds left.
|inactive|StarDoor01 has 15 seconds left.
|inactive|StarDoor01 has 10 seconds left.
|inactive|StarDoor01 has 5 seconds left.
|
|t:|1785228251
|switch|p2b: Basculegion|Basculegion, L50, M|100/100
|move|p2a: Scovillain|Protect|p2a: Scovillain
|-singleturn|p2a: Scovillain|Protect
|move|p1a: Incineroar|Fake Out|p2b: Basculegion
|-immune|p2b: Basculegion
|move|p1b: Farigiraf|Psychic|p2a: Scovillain
|-activate|p2a: Scovillain|move: Protect
|
|upkeep
|turn|4
|
|t:|1785228272
|move|p2a: Scovillain|Rage Powder|p2a: Scovillain
|-singleturn|p2a: Scovillain|move: Rage Powder
|move|p1b: Farigiraf|Psychic|p2a: Scovillain
|-damage|p2a: Scovillain|0 fnt
|-status|p1b: Farigiraf|brn|[from] ability: Spicy Spray|[of] p2a: Scovillain
|faint|p2a: Scovillain
|move|p1a: Incineroar|Parting Shot|p2b: Basculegion
|-unboost|p2b: Basculegion|atk|1
|-unboost|p2b: Basculegion|spa|1
|
|t:|1785228280
|switch|p1a: Heracross|Heracross, L50, M|100/100|[from] Parting Shot
|move|p2b: Basculegion|Wave Crash|p1a: Heracross
|-damage|p1a: Heracross|34/100
|-damage|p2b: Basculegion|80/100|[from] Recoil
|
|-damage|p1b: Farigiraf|93/100 brn|[from] brn
|upkeep
|inactive|StarDoor01 has 30 seconds left.
|
|t:|1785228313
|switch|p2a: Kingambit|Kingambit, L50, M|100/100
|turn|5
|inactive|zileu has 30 seconds left.
|
|t:|1785228346
|switch|p2b: Kindred|Lycanroc-Dusk, L50, M|100/100
|detailschange|p1a: Heracross|Heracross-Mega, L50, M
|-mega|p1a: Heracross|Heracross|Heracronite
|move|p2a: Kingambit|Kowtow Cleave|p1a: Heracross
|-resisted|p1a: Heracross|1
|-damage|p1a: Heracross|8/100
|move|p1b: Farigiraf|Psychic|p2b: Kindred
|-crit|p2b: Kindred
|-damage|p2b: Kindred|8/100
|move|p1a: Heracross|Close Combat|p2a: Kingambit
|-supereffective|p2a: Kingambit|2
|-damage|p2a: Kingambit|0 fnt
|-unboost|p1a: Heracross|def|1
|-unboost|p1a: Heracross|spd|1
|faint|p2a: Kingambit
|
|-damage|p1b: Farigiraf|87/100 brn|[from] brn
|upkeep
|
|t:|1785228365
|switch|p2a: Basculegion|Basculegion, L50, M|80/100
|turn|6
|
|t:|1785228391
|move|p1b: Farigiraf|Psychic|p2b: Kindred
|-damage|p2b: Kindred|0 fnt
|faint|p2b: Kindred
|move|p1a: Heracross|Rock Blast|p2a: Basculegion
|-damage|p2a: Basculegion|66/100
|-damage|p2a: Basculegion|51/100
|-damage|p2a: Basculegion|38/100
|-enditem|p2a: Basculegion|Sitrus Berry|[eat]
|-heal|p2a: Basculegion|63/100|[from] item: Sitrus Berry
|-damage|p2a: Basculegion|48/100
|-damage|p2a: Basculegion|33/100
|-hitcount|p2a: Basculegion|5
|move|p2a: Basculegion|Wave Crash|p1a: Heracross
|-damage|p1a: Heracross|0 fnt
|faint|p1a: Heracross
|-damage|p2a: Basculegion|30/100|[from] Recoil
|
|-damage|p1b: Farigiraf|81/100 brn|[from] brn
|-fieldend|move: Trick Room
|upkeep
|
|t:|1785228398
|switch|p1a: Incineroar|Incineroar, L50, M|100/100
|-ability|p1a: Incineroar|Intimidate|boost
|-unboost|p2a: Basculegion|atk|1
|turn|7
|
|t:|1785228404
|move|p2a: Basculegion|Wave Crash|p1a: Incineroar
|-supereffective|p1a: Incineroar|1
|-damage|p1a: Incineroar|0 fnt
|faint|p1a: Incineroar
|-damage|p2a: Basculegion|0 fnt|[from] Recoil
|faint|p2a: Basculegion
|
|win|zileu
