|j|☆straightrippingit
|j|☆leafeon03
|html|straightrippingitleafeon03    
|uhtml|bestof|Game 2 of a best-of-3
|t:|1785275480
|gametype|doubles
|player|p1|straightrippingit|brycenman|
|player|p2|leafeon03|erika|
|gen|9
|tier|[Gen 9 Champions] VGC 2026 Reg M-B (Bo3)
|rule|Species Clause: Limit one of each Pokémon
|rule|Item Clause: Limit 1 of each item
|clearpoke
|poke|p1|Tyranitar, L50, F|
|poke|p1|Excadrill, L50, M|
|poke|p1|Milotic, L50, M|
|poke|p1|Sinistcha, L50|
|poke|p1|Staraptor, L50, M|
|poke|p1|Gholdengo, L50|
|poke|p2|Garchomp, L50, F, shiny|
|poke|p2|Charizard, L50, M, shiny|
|poke|p2|Whimsicott, L50, M|
|poke|p2|Floette-Eternal, L50, F|
|poke|p2|Basculegion, L50, M|
|poke|p2|Kingambit, L50, M, shiny|
|teampreview|4
|showteam|p1|Tyranitar||Tyranitarite|SandStream|KnockOff,RockSlide,HighHorsepower,Protect|Jolly||F|||50|]Excadrill||FocusSash|SandRush|Earthquake,IronHead,RockSlide,Protect|Adamant||M|||50|]Milotic||SitrusBerry|Competitive|Scald,IcyWind,Haze,Protect|Calm||M|||50|]Sinistcha||ColburBerry|Hospitality|MatchaGotcha,ShadowBall,Protect,RagePowder|Bold|||||50|]Staraptor||Staraptite|Intimidate|CloseCombat,BraveBird,Tailwind,Protect|Jolly||M|||50|]Gholdengo||LifeOrb|GoodasGold|MakeItRain,ShadowBall,NastyPlot,Protect|Modest|||||50|
|showteam|p2|Garchomp||LifeOrb|RoughSkin|Earthquake,RockSlide,DragonClaw,Protect|Jolly||F|||50|]Charizard||CharizarditeY|Blaze|HeatWave,WeatherBall,SolarBeam,Protect|Modest||M|||50|]Whimsicott||FocusSash|Prankster|Moonblast,Tailwind,Encore,Protect|Timid||M|||50|]Floette-Eternal||Floettite|FlowerVeil|Moonblast,DazzlingGleam,LightofRuin,Protect|Modest||F|||50|]Basculegion||MysticWater|Adaptability|WaveCrash,LastRespects,AquaJet,Protect|Adamant||M|||50|]Kingambit||ChopleBerry|Defiant|KowtowCleave,SuckerPunch,IronHead,LowKick|Adamant||M|||50|
|
|t:|1785275561
|teamsize|p1|4
|teamsize|p2|4
|start
|switch|p1a: Gholdengo|Gholdengo, L50|100/100
|switch|p1b: Milotic|Milotic, L50, M|100/100
|switch|p2a: Whimsicott|Whimsicott, L50, M|100/100
|switch|p2b: Kingambit|Kingambit, L50, M, shiny|100/100
|turn|1
|
|t:|1785275618
|switch|p1a: Tyranitar|Tyranitar, L50, F|100/100
|-weather|Sandstorm|[from] ability: Sand Stream|[of] p1a: Tyranitar
|move|p2a: Whimsicott|Moonblast|p1b: Milotic
|-damage|p1b: Milotic|73/100
|move|p1b: Milotic|Scald|p2b: Kingambit
|-damage|p2b: Kingambit|64/100
|-status|p2b: Kingambit|brn
|move|p2b: Kingambit|Kowtow Cleave|p1b: Milotic
|-damage|p1b: Milotic|48/100
|-enditem|p1b: Milotic|Sitrus Berry|[eat]
|-heal|p1b: Milotic|73/100|[from] item: Sitrus Berry
|
|-weather|Sandstorm|[upkeep]
|-damage|p2a: Whimsicott|94/100|[from] Sandstorm
|-damage|p1b: Milotic|67/100|[from] Sandstorm
|-damage|p2b: Kingambit|58/100 brn|[from] brn
|upkeep
|turn|2
|c|☆leafeon03|societ
|c|☆leafeon03|y
|
|t:|1785275657
|move|p1b: Milotic|Protect|p1b: Milotic
|-singleturn|p1b: Milotic|Protect
|move|p2a: Whimsicott|Tailwind|p2a: Whimsicott
|-sidestart|p2: leafeon03|move: Tailwind
|move|p2b: Kingambit|Low Kick|p1a: Tyranitar
|-supereffective|p1a: Tyranitar|2
|-damage|p1a: Tyranitar|20/100y
|move|p1a: Tyranitar|High Horsepower|p2b: Kingambit
|-supereffective|p2b: Kingambit|1
|-damage|p2b: Kingambit|2/100 brn
|
|-weather|Sandstorm|[upkeep]
|-damage|p2a: Whimsicott|88/100|[from] Sandstorm
|-damage|p1b: Milotic|62/100|[from] Sandstorm
|-damage|p2b: Kingambit|0 fnt|[from] brn
|faint|p2b: Kingambit
|upkeep
|
|t:|1785275692
|switch|p2b: Floette|Floette-Eternal, L50, F|100/100
|turn|3
|
|t:|1785275723
|detailschange|p2b: Floette|Floette-Mega, L50, F
|-mega|p2b: Floette|Floette|Floettite
|-ability|p2b: Floette|Fairy Aura
|move|p2a: Whimsicott|Moonblast|p1b: Milotic
|-damage|p1b: Milotic|31/100
|move|p2b: Floette|Dazzling Gleam|p1b: Milotic|[spread] p1a,p1b
|-supereffective|p1a: Tyranitar|1
|-damage|p1a: Tyranitar|0 fnt
|-damage|p1b: Milotic|0 fnt
|faint|p1a: Tyranitar
|faint|p1b: Milotic
|
|-weather|Sandstorm|[upkeep]
|-damage|p2a: Whimsicott|82/100|[from] Sandstorm
|-damage|p2b: Floette|94/100|[from] Sandstorm
|upkeep
|
|t:|1785275733
|switch|p1a: Staraptor|Staraptor, L50, M|100/100
|switch|p1b: Gholdengo|Gholdengo, L50|100/100
|-ability|p1a: Staraptor|Intimidate|boost
|-unboost|p2a: Whimsicott|atk|1
|-unboost|p2b: Floette|atk|1
|turn|4
|
|t:|1785275810
|switch|p2a: Garchomp|Garchomp, L50, F, shiny|100/100
|detailschange|p1a: Staraptor|Staraptor-Mega, L50, M
|-mega|p1a: Staraptor|Staraptor|Staraptite
|move|p2b: Floette|Protect|p2b: Floette
|-singleturn|p2b: Floette|Protect
|move|p1a: Staraptor|Protect|p1a: Staraptor
|-singleturn|p1a: Staraptor|Protect
|move|p1b: Gholdengo|Make It Rain|p2b: Floette|[spread] p2a
|-activate|p2b: Floette|move: Protect
|-damage|p2a: Garchomp|32/100
|-unboost|p1b: Gholdengo|spa|2
|-damage|p1b: Gholdengo|90/100|[from] item: Life Orb
|
|-weather|Sandstorm|[upkeep]
|-damage|p2b: Floette|88/100|[from] Sandstorm
|-damage|p1a: Staraptor|94/100|[from] Sandstorm
|upkeep
|turn|5
|
|t:|1785275863
|move|p1a: Staraptor|Protect|p1a: Staraptor
|-singleturn|p1a: Staraptor|Protect
|move|p1b: Gholdengo|Protect|p1b: Gholdengo
|-singleturn|p1b: Gholdengo|Protect
|move|p2a: Garchomp|Rock Slide|p1a: Staraptor|[spread] 
|-activate|p1a: Staraptor|move: Protect
|-activate|p1b: Gholdengo|move: Protect
|move|p2b: Floette|Moonblast|p1a: Staraptor
|-activate|p1a: Staraptor|move: Protect
|
|-weather|none
|-sideend|p2: leafeon03|move: Tailwind
|upkeep
|turn|6
|c|☆leafeon03|yikes
|
|t:|1785275920
|move|p2a: Garchomp|Protect|p2a: Garchomp
|-singleturn|p2a: Garchomp|Protect
|move|p1a: Staraptor|Close Combat|p2a: Garchomp
|-activate|p2a: Garchomp|move: Protect
|move|p2b: Floette|Moonblast|p1a: Staraptor
|-supereffective|p1a: Staraptor|1
|-damage|p1a: Staraptor|0 fnt
|faint|p1a: Staraptor
|move|p1b: Gholdengo|Nasty Plot|p1b: Gholdengo
|-boost|p1b: Gholdengo|spa|2
|
|upkeep
|turn|7
|
|t:|1785275961
|move|p2a: Garchomp|Earthquake|p1b: Gholdengo|[spread] p2b,p1b
|-supereffective|p1b: Gholdengo|1
|-damage|p2b: Floette|23/100
|-damage|p1b: Gholdengo|0 fnt
|faint|p1b: Gholdengo
|-damage|p2a: Garchomp|22/100|[from] item: Life Orb
|
|win|leafeon03
|c|☆leafeon03|close
