|j|☆Tasty Table
|j|☆Krimzonite
|html|Tasty TableKrimzonite    
|uhtml|bestof|Game 1 of a best-of-3
|t:|1756715783
|gametype|doubles
|player|p1|Tasty Table|169|1000
|player|p2|Krimzonite|170|1000
|gen|9
|tier|[Gen 9] VGC 2025 Reg H (Bo3)
|rated|
|rule|Species Clause: Limit one of each Pokémon
|rule|Item Clause: Limit 1 of each item
|clearpoke
|poke|p1|Indeedee, L50, M|
|poke|p1|Sneasler, L50, F|
|poke|p1|Excadrill, L50, M|
|poke|p1|Electabuzz, L50, M|
|poke|p1|Corviknight, L50, F|
|poke|p1|Tyranitar, L50, F|
|poke|p2|Charizard, L50, M|
|poke|p2|Ninetales, L50, M|
|poke|p2|Venusaur, L50, M|
|poke|p2|Raichu, L50, M|
|poke|p2|Dragonite, L50, M|
|poke|p2|Clefairy, L50, M|
|teampreview|4
|showteam|p1|Indeedee||ChoiceScarf|PsychicSurge|ExpandingForce,TeraBlast,Trick,Protect|||M|||50|,,,,,Psychic]Sneasler||WhiteHerb|Unburden|FakeOut,CloseCombat,DireClaw,Coaching|||F|||50|,,,,,Flying]Excadrill||FocusSash|SandRush|Earthquake,IronHead,SwordsDance,Protect|||M|||50|,,,,,Ground]Electabuzz||Eviolite|VitalSpirit|Electroweb,Taunt,FollowMe,Protect|||M|||50|,,,,,Electric]Corviknight||PsychicSeed|MirrorArmor|BraveBird,PowerTrip,BulkUp,Roost|||F|||50|,,,,,Water]Tyranitar||AssaultVest|SandStream|RockSlide,KnockOff,LowKick,TeraBlast|||F|||50|,,,,,Flying
|showteam|p2|Charizard||ChoiceSpecs|SolarPower|HeatWave,Overheat,WeatherBall,DragonPulse|||M|||50|,,,,,Ghost]Ninetales||EjectPack|Drought|Overheat,Encore,Protect,SolarBeam|||M|||50|,,,,,Fire]Venusaur||WideLens|Chlorophyll|SolarBeam,SludgeBomb,SleepPowder,Protect|||M|||50|,,,,,Grass]Raichu||FocusSash|LightningRod|VoltSwitch,Nuzzle,Endeavor,FakeOut|||M|||50|,,,,,Fairy]Dragonite||LoadedDice|Multiscale|ScaleShot,ExtremeSpeed,Tailwind,Protect|||M|||50|,,,,,Fairy]Clefairy||Eviolite|CuteCharm|AfterYou,FollowMe,HelpingHand,SunnyDay|||M|||50|,,,,,Fairy
|inactive|Battle timer is ON: inactive players will automatically lose when time's up. (requested by Tasty Table)
|inactive|Tasty Table has 60 seconds left.
|
|t:|1756715834
|teamsize|p1|4
|teamsize|p2|4
|start
|switch|p1a: Sneasler|Sneasler, L50, F|100/100
|switch|p1b: Electabuzz|Electabuzz, L50, M|100/100
|switch|p2a: Raichu|Raichu, L50, M, shiny|100/100
|switch|p2b: Dragonite|Dragonite, L50, M|100/100
|turn|1
|inactive|Tasty Table has 30 seconds left.
|
|t:|1756715867
|move|p1a: Sneasler|Fake Out|p2a: Raichu
|-damage|p2a: Raichu|69/100
|cant|p2a: Raichu|flinch
|move|p2b: Dragonite|Scale Shot|p1b: Electabuzz
|-damage|p1b: Electabuzz|90/100
|-damage|p1b: Electabuzz|80/100
|-damage|p1b: Electabuzz|69/100
|-damage|p1b: Electabuzz|59/100
|-hitcount|p1b: Electabuzz|4
|-unboost|p2b: Dragonite|def|1
|-boost|p2b: Dragonite|spe|1
|move|p1b: Electabuzz|Taunt|p2b: Dragonite
|-start|p2b: Dragonite|move: Taunt
|
|upkeep
|turn|2
|inactive|Tasty Table has 30 seconds left.
|inactive|Krimzonite has 30 seconds left.
|inactive|Tasty Table has 20 seconds left.
|inactive|Tasty Table has 15 seconds left.
|inactive|Tasty Table has 10 seconds left.
|
|t:|1756715912
|move|p2b: Dragonite|Scale Shot|p1a: Sneasler
|-damage|p1a: Sneasler|77/100
|-damage|p1a: Sneasler|55/100
|-damage|p1a: Sneasler|31/100
|-damage|p1a: Sneasler|7/100
|-hitcount|p1a: Sneasler|4
|-unboost|p2b: Dragonite|def|1
|-boost|p2b: Dragonite|spe|1
|move|p1a: Sneasler|Dire Claw|p2a: Raichu
|-damage|p2a: Raichu|0 fnt
|faint|p2a: Raichu
|move|p1b: Electabuzz|Electroweb|p2b: Dragonite
|-damage|p2b: Dragonite|90/100
|-unboost|p2b: Dragonite|spe|1
|
|upkeep
|
|t:|1756715934
|switch|p2a: Ninetales|Ninetales, L50, M, shiny|100/100
|-weather|SunnyDay|[from] ability: Drought|[of] p2a: Ninetales
|turn|3
|
|t:|1756715954
|move|p2b: Dragonite|Extreme Speed|p1a: Sneasler
|-damage|p1a: Sneasler|0 fnt
|faint|p1a: Sneasler
|move|p1b: Electabuzz|Follow Me|p1b: Electabuzz
|-singleturn|p1b: Electabuzz|move: Follow Me
|move|p2a: Ninetales|Overheat|p1b: Electabuzz
|-damage|p1b: Electabuzz|16/100
|-unboost|p2a: Ninetales|spa|2
|-enditem|p2a: Ninetales|Eject Pack
|
|t:|1756715965
|switch|p2a: Charizard|Charizard, L50, M, shiny|100/100
|
|-weather|SunnyDay|[upkeep]
|-damage|p2a: Charizard|88/100|[from] ability: Solar Power|[of] p2a: Charizard
|upkeep
|
|t:|1756715973
|switch|p1a: Tyranitar|Tyranitar, L50, F|100/100
|-weather|Sandstorm|[from] ability: Sand Stream|[of] p1a: Tyranitar
|turn|4
|inactive|Tasty Table has 30 seconds left.
|
|t:|1756716003
|switch|p2b: Ninetales|Ninetales, L50, M, shiny|100/100
|-weather|SunnyDay|[from] ability: Drought|[of] p2b: Ninetales
|move|p2a: Charizard|Heat Wave|p1b: Electabuzz|[spread] p1a,p1b
|-resisted|p1a: Tyranitar
|-damage|p1a: Tyranitar|68/100
|-damage|p1b: Electabuzz|0 fnt
|faint|p1b: Electabuzz
|move|p1a: Tyranitar|Rock Slide|p2a: Charizard|[spread] p2b
|-miss|p1a: Tyranitar|p2a: Charizard
|-supereffective|p2b: Ninetales
|-damage|p2b: Ninetales|33/100
|
|-weather|SunnyDay|[upkeep]
|-damage|p2a: Charizard|76/100|[from] ability: Solar Power|[of] p2a: Charizard
|upkeep
|
|t:|1756716018
|switch|p1b: Excadrill|Excadrill, L50, M|100/100
|turn|5
|
|t:|1756716040
|-terastallize|p1a: Tyranitar|Flying
|move|p2a: Charizard|Heat Wave|p1b: Excadrill|[spread] p1a,p1b
|-supereffective|p1b: Excadrill
|-damage|p1a: Tyranitar|10/100
|-enditem|p1b: Excadrill|Focus Sash
|-damage|p1b: Excadrill|1/100
|move|p2b: Ninetales|Solar Beam||[still]
|-prepare|p2b: Ninetales|Solar Beam
|-anim|p2b: Ninetales|Solar Beam|p1a: Tyranitar
|-resisted|p1a: Tyranitar
|-crit|p1a: Tyranitar
|-damage|p1a: Tyranitar|0 fnt
|faint|p1a: Tyranitar
|move|p1b: Excadrill|Earthquake|p2b: Ninetales|[spread] p2b
|-immune|p2a: Charizard
|-supereffective|p2b: Ninetales
|-damage|p2b: Ninetales|0 fnt
|faint|p2b: Ninetales
|
|-weather|SunnyDay|[upkeep]
|-damage|p2a: Charizard|63/100|[from] ability: Solar Power|[of] p2a: Charizard
|upkeep
|
|t:|1756716061
|switch|p2b: Dragonite|Dragonite, L50, M|90/100
|turn|6
|
|t:|1756716067
|move|p2b: Dragonite|Extreme Speed|p1b: Excadrill
|-resisted|p1b: Excadrill
|-damage|p1b: Excadrill|0 fnt
|faint|p1b: Excadrill
|
|win|Krimzonite
|inactive|Tasty Table has 30 seconds to confirm battle start!
|inactive|Krimzonite has 30 seconds to confirm battle start!
