|j|☆Majical Forest
|j|☆latios66
|html|Majical Forestlatios66    
|uhtml|bestof|Game 3 of a best-of-3
|t:|1756762947
|gametype|doubles
|player|p1|Majical Forest|unknown|1153
|player|p2|latios66|170|1127
|gen|9
|tier|[Gen 9] VGC 2025 Reg H (Bo3)
|rated|
|rule|Species Clause: Limit one of each Pokémon
|rule|Item Clause: Limit 1 of each item
|clearpoke
|poke|p1|Archaludon, L50, F|
|poke|p1|Basculegion, L50, M|
|poke|p1|Pelipper, L50, F|
|poke|p1|Amoonguss, L50, M|
|poke|p1|Incineroar, L50, F|
|poke|p1|Maushold-Four, L50|
|poke|p2|Toedscruel, L50, M|
|poke|p2|Weezing-Galar, L50, F|
|poke|p2|Corviknight, L50, F|
|poke|p2|Pawmot, L50, F|
|poke|p2|Garchomp, L50, F|
|poke|p2|Typhlosion-Hisui, L50, M|
|teampreview|4
|showteam|p1|Archaludon||AssaultVest|Stamina|ElectroShot,DragonPulse,BodyPress,FlashCannon|||F|||50|,,,,,Grass]Basculegion||MysticWater|SwiftSwim|WaveCrash,AquaJet,LastRespects,Protect|||M|||50|,,,,,Water]Pelipper||FocusSash|Drizzle|Hurricane,WeatherBall,Tailwind,Protect|||F|||50|,,,,,Ghost]Amoonguss||SitrusBerry|Regenerator|Spore,ClearSmog,PollenPuff,RagePowder|||M|||50|,,,,,Water]Incineroar||SafetyGoggles|Intimidate|FakeOut,KnockOff,FlareBlitz,PartingShot|||F|||50|,,,,,Ghost]Maushold-Four||WideLens|Technician|PopulationBomb,Taunt,FollowMe,Protect||||||50|,,,,,Grass
|showteam|p2|Toedscruel||CovertCloak|MyceliumMight|Spore,EarthPower,AcidSpray,RagePowder|||M|||50|,,,,,Water]Weezing-Galar||ChoiceSpecs|NeutralizingGas|DazzlingGleam,SludgeBomb,StrangeSteam,Flamethrower|||F|||50|,,,,,Fire]Corviknight||SitrusBerry|MirrorArmor|Protect,Tailwind,Roost,BraveBird|||F|||50|,,,,,Dragon]Pawmot||FocusSash|NaturalCure|Protect,CloseCombat,DoubleShock,FakeOut|||F|||50|,,,,,Electric]Garchomp||LifeOrb|RoughSkin|Protect,Earthquake,DragonClaw,StompingTantrum|||F|||50|,,,,,Ground]Typhlosion-Hisui||ChoiceScarf|Blaze|Eruption,SleepTalk,HeatWave,ShadowBall|||M|||50|,,,,,Fire
|inactive|Battle timer is ON: inactive players will automatically lose when time's up. (requested by Majical Forest)
|
|t:|1756762965
|teamsize|p1|4
|teamsize|p2|4
|start
|switch|p1a: Amoonguss|Amoonguss, L50, M|100/100
|switch|p1b: Maushold|Maushold-Four, L50|100/100
|switch|p2a: Weezing|Weezing-Galar, L50, F|100/100
|switch|p2b: Typhlosion|Typhlosion-Hisui, L50, M|100/100
|-ability|p2a: Weezing|Neutralizing Gas
|turn|1
|inactive|Majical Forest has 30 seconds left.
|inactive|latios66 has 30 seconds left.
|inactive|Majical Forest has 20 seconds left.
|
|t:|1756763006
|-terastallize|p1a: Amoonguss|Water
|move|p1b: Maushold|Protect|p1b: Maushold
|-singleturn|p1b: Maushold|Protect
|move|p2b: Typhlosion|Eruption|p1b: Maushold|[spread] p1a
|-activate|p1b: Maushold|move: Protect
|-resisted|p1a: Amoonguss
|-damage|p1a: Amoonguss|73/100
|move|p2a: Weezing|Strange Steam|p1a: Amoonguss
|-damage|p1a: Amoonguss|30/100
|-enditem|p1a: Amoonguss|Sitrus Berry|[eat]
|-heal|p1a: Amoonguss|55/100|[from] item: Sitrus Berry
|move|p1a: Amoonguss|Spore|p2b: Typhlosion
|-status|p2b: Typhlosion|slp|[from] move: Spore
|
|upkeep
|turn|2
|inactive|latios66 has 30 seconds left.
|
|t:|1756763033
|switch|p2b: Corviknight|Corviknight, L50, F|100/100
|-end|p2a: Weezing|ability: Neutralizing Gas
|switch|p2a: Toedscruel|Toedscruel, L50, M|100/100
|move|p1b: Maushold|Population Bomb|p2a: Toedscruel
|-damage|p2a: Toedscruel|87/100
|-damage|p2a: Toedscruel|71/100
|-damage|p2a: Toedscruel|55/100
|-damage|p2a: Toedscruel|42/100
|-damage|p2a: Toedscruel|26/100
|-damage|p2a: Toedscruel|12/100
|-damage|p2a: Toedscruel|0 fnt
|faint|p2a: Toedscruel
|-hitcount|p2: Toedscruel|7
|move|p1a: Amoonguss|Clear Smog|p2b: Corviknight
|-immune|p2b: Corviknight
|
|upkeep
|
|t:|1756763047
|switch|p2a: Typhlosion|Typhlosion-Hisui, L50, M|100/100 slp
|turn|3
|
|t:|1756763057
|-terastallize|p2a: Typhlosion|Fire
|cant|p2a: Typhlosion|slp
|move|p2a: Typhlosion|Sleep Talk|p2a: Typhlosion
|move|p2a: Typhlosion|Shadow Ball|p1b: Maushold|[from] move: Sleep Talk
|-immune|p1b: Maushold
|move|p1b: Maushold|Taunt|p2b: Corviknight
|-start|p2b: Corviknight|move: Taunt
|move|p2b: Corviknight|Brave Bird|p1b: Maushold
|-damage|p1b: Maushold|24/100
|-damage|p2b: Corviknight|82/100|[from] Recoil
|move|p1a: Amoonguss|Spore|p2b: Corviknight
|-status|p2b: Corviknight|slp|[from] move: Spore
|
|upkeep
|turn|4
|
|t:|1756763076
|switch|p1b: Pelipper|Pelipper, L50, F|100/100
|-weather|RainDance|[from] ability: Drizzle|[of] p1b: Pelipper
|-curestatus|p2a: Typhlosion|slp|[msg]
|move|p2a: Typhlosion|Sleep Talk||[still]
|-fail|p2a: Typhlosion
|cant|p2b: Corviknight|slp
|move|p1a: Amoonguss|Pollen Puff|p1b: Pelipper
|
|-weather|RainDance|[upkeep]
|upkeep
|turn|5
|
|t:|1756763086
|switch|p2a: Weezing|Weezing-Galar, L50, F|100/100
|-ability|p2a: Weezing|Neutralizing Gas
|move|p1b: Pelipper|Weather Ball|p2b: Corviknight
|-damage|p2b: Corviknight|21/100 slp
|-enditem|p2b: Corviknight|Sitrus Berry|[eat]
|-heal|p2b: Corviknight|46/100 slp|[from] item: Sitrus Berry
|cant|p2b: Corviknight|slp
|move|p1a: Amoonguss|Spore|p2a: Weezing
|-status|p2a: Weezing|slp|[from] move: Spore
|
|-weather|RainDance|[upkeep]
|-end|p2b: Corviknight|move: Taunt
|upkeep
|turn|6
|
|t:|1756763100
|cant|p2b: Corviknight|slp
|move|p1b: Pelipper|Weather Ball|p2b: Corviknight
|-damage|p2b: Corviknight|0 fnt
|faint|p2b: Corviknight
|cant|p2a: Weezing|slp
|move|p1a: Amoonguss|Spore|p2a: Weezing
|-fail|p2a: Weezing|slp
|
|-weather|RainDance|[upkeep]
|upkeep
|
|t:|1756763103
|switch|p2b: Typhlosion|Typhlosion-Hisui, L50, M, tera:Fire|100/100
|turn|7
|
|t:|1756763127
|move|p2b: Typhlosion|Shadow Ball|p1b: Pelipper
|-damage|p1b: Pelipper|24/100
|move|p1b: Pelipper|Weather Ball|p2b: Typhlosion
|-supereffective|p2b: Typhlosion
|-damage|p2b: Typhlosion|0 fnt
|faint|p2b: Typhlosion
|cant|p2a: Weezing|slp
|move|p1a: Amoonguss|Spore|p2a: Weezing
|-fail|p2a: Weezing|slp
|
|-weather|RainDance|[upkeep]
|upkeep
|turn|8
|
|t:|1756763141
|switch|p1a: Archaludon|Archaludon, L50, F|100/100
|move|p1b: Pelipper|Hurricane|p2a: Weezing
|-damage|p2a: Weezing|34/100 slp
|cant|p2a: Weezing|slp
|
|-weather|none
|upkeep
|turn|9
|
|t:|1756763150
|move|p1b: Pelipper|Tailwind|p1b: Pelipper
|-sidestart|p1: Majical Forest|move: Tailwind
|move|p1a: Archaludon|Flash Cannon|p2a: Weezing
|-supereffective|p2a: Weezing
|-damage|p2a: Weezing|0 fnt
|faint|p2a: Weezing
|-end|p2a: Weezing|ability: Neutralizing Gas
|-weather|RainDance|[from] ability: Drizzle|[of] p1b: Pelipper
|
|win|Majical Forest
|raw|Majical Forest's rating: 1153 → 1176(+23 for winning)
|raw|latios66's rating: 1127 → 1104(-23 for losing)
|l|☆Majical Forest
|player|p1|
