|j|☆ESCharge
|j|‽YarikFireDragon
|html|ESChargeYarikFireDragon    
|uhtml|bestof|Game 1 of a best-of-3
|t:|1785867075
|gametype|doubles
|player|p1|ESCharge|byron|
|player|p2|YarikFireDragon|firebreather|
|gen|9
|tier|[Gen 9 Champions] VGC 2026 Reg M-B (Bo3)
|rule|Species Clause: Limit one of each Pokémon
|rule|Item Clause: Limit 1 of each item
|clearpoke
|poke|p1|Heliolisk, L50, M|
|poke|p1|Slowbro, L50, M|
|poke|p1|Simisage, L50, M|
|poke|p1|Runerigus, L50, F, shiny|
|poke|p1|Zoroark, L50, M|
|poke|p1|Tinkaton, L50, F|
|poke|p2|Runerigus, L50, F|
|poke|p2|Abomasnow, L50, F|
|poke|p2|Mr. Rime, L50, M|
|poke|p2|Slowbro, L50, M|
|poke|p2|Steelix, L50, F|
|poke|p2|Toucannon, L50, M|
|teampreview|4
|showteam|p1|Heliolisk||WiseGlasses|SolarPower|Discharge,MorningSun,Substitute,HyperVoice|Timid||M|||50|]Slowbro||Slowbronite|Oblivious|SlackOff,IronDefense,Amnesia,StoredPower|Calm||M|||50|]Simisage||HeatRock|Gluttony|FakeOut,SunnyDay,SolarBlade,ThroatChop|Jolly||M|||50|]Runerigus||ColburBerry|WanderingSpirit|IronDefense,BodyPress,DestinyBond,TrickRoom|Calm||F|||50|]Zoroark||ExpertBelt|Illusion|Snarl,FocusBlast,Protect,CalmMind|Timid||M|||50|]Tinkaton||Leftovers|OwnTempo|GigatonHammer,IceHammer,PlayRough,FakeOut|Adamant||F|||50|
|showteam|p2|Runerigus||SitrusBerry|WanderingSpirit|TrickRoom,BodyPress,Earthquake,Poltergeist|Sassy||F|||50|]Abomasnow||Abomasite|SnowWarning|Blizzard,IceBeam,Earthquake,Protect|Quiet||F|||50|]Mr. Rime||LightClay|IceBody|LightScreen,Reflect,Psychic,TrickRoom|Sassy||M|||50|]Slowbro||LifeOrb|Oblivious|TrickRoom,ExpandingForce,HydroPump,PsychicTerrain|Quiet||M|||50|]Steelix||Steelixite|RockHead|BodyPress,HeavySlam,WideGuard,HighHorsepower|Relaxed||F|||50|]Toucannon||FocusSash|SkillLink|Acrobatics,RockBlast,KnockOff,BulletSeed|Brave||M|||50|
|inactive|Battle timer is ON: inactive players will automatically lose when time's up. (requested by ESCharge)
|inactive|YarikFireDragon has 60 seconds left.
|
|t:|1785867136
|teamsize|p1|4
|teamsize|p2|4
|start
|switch|p1a: Simisage|Simisage, L50, M|100/100
|switch|p1b: Nicola|Heliolisk, L50, M|100/100
|switch|p2a: Runerigus|Runerigus, L50, F|100/100
|switch|p2b: Steelix|Steelix, L50, F|100/100
|turn|1
|inactive|ESCharge has 30 seconds left.
|
|t:|1785867164
|detailschange|p2b: Steelix|Steelix-Mega, L50, F
|-mega|p2b: Steelix|Steelix|Steelixite
|move|p1b: Nicola|Focus Blast|p2b: Steelix
|-supereffective|p2b: Steelix|1
|-damage|p2b: Steelix|0 fnt
|faint|p2b: Steelix
|move|p1a: Simisage|Sunny Day|p1a: Simisage
|-weather|SunnyDay
|move|p2a: Runerigus|Trick Room|p2a: Runerigus
|-fieldstart|move: Trick Room|[of] p2a: Runerigus
|
|-weather|SunnyDay|[upkeep]
|upkeep
|
|t:|1785867181
|switch|p2b: Toucannon|Toucannon, L50, M|100/100
|turn|2
|
|t:|1785867199
|move|p1b: Nicola|Protect|p1b: Nicola
|-singleturn|p1b: Nicola|Protect
|move|p2a: Runerigus|Earthquake|p1b: Nicola|[spread] p1a
|-activate|p1b: Nicola|move: Protect
|-immune|p2b: Toucannon
|-resisted|p1a: Simisage|1
|-damage|p1a: Simisage|78/100
|move|p2b: Toucannon|Acrobatics|p1a: Simisage
|-supereffective|p1a: Simisage|1
|-damage|p1a: Simisage|0 fnt
|faint|p1a: Simisage
|
|-weather|SunnyDay|[upkeep]
|upkeep
|
|t:|1785867214
|switch|p1a: Tinkaton|Tinkaton, L50, F|100/100
|turn|3
|inactive|ESCharge has 30 seconds left.
|inactive|YarikFireDragon has 30 seconds left.
|inactive|YarikFireDragon has 20 seconds left.
|inactive|YarikFireDragon has 15 seconds left.
|
|t:|1785867258
|move|p2a: Runerigus|Body Press|p1b: Nicola
|-supereffective|p1b: Nicola|1
|-damage|p1b: Nicola|0 fnt
|replace|p1b: Zoroark|Zoroark, L50, M
|-end|p1b: Zoroark|Illusion
|faint|p1b: Zoroark
|move|p2b: Toucannon|Knock Off|p1a: Tinkaton
|-resisted|p1a: Tinkaton|1
|-damage|p1a: Tinkaton|81/100
|-enditem|p1a: Tinkaton|Leftovers|[from] move: Knock Off|[of] p2b: Toucannon
|move|p1a: Tinkaton|Gigaton Hammer|p2a: Runerigus
|-damage|p2a: Runerigus|52/100
|
|-weather|SunnyDay|[upkeep]
|upkeep
|
|t:|1785867272
|switch|p1b: Nicola|Heliolisk, L50, M|100/100
|turn|4
|
|t:|1785867290
|move|p2a: Runerigus|Earthquake|p1a: Tinkaton|[spread] p1a,p1b
|-immune|p2b: Toucannon
|-supereffective|p1a: Tinkaton|1
|-supereffective|p1b: Nicola|1
|-damage|p1a: Tinkaton|21/100
|-damage|p1b: Nicola|0 fnt
|faint|p1b: Nicola
|move|p2b: Toucannon|Acrobatics|p1a: Tinkaton
|-resisted|p1a: Tinkaton|1
|-damage|p1a: Tinkaton|5/100
|move|p1a: Tinkaton|Ice Hammer|p2a: Runerigus
|-supereffective|p2a: Runerigus|1
|-crit|p2a: Runerigus
|-damage|p2a: Runerigus|0 fnt
|-unboost|p1a: Tinkaton|spe|1
|-activate|p1a: Tinkaton|Skill Swap|Wandering Spirit|Own Tempo|[of] p2a: Runerigus
|faint|p2a: Runerigus
|
|-weather|SunnyDay|[upkeep]
|upkeep
|
|t:|1785867298
|switch|p2a: Slowbro|Slowbro, L50, M|100/100
|turn|5
|
|t:|1785867319
|move|p2a: Slowbro|Expanding Force|p1a: Tinkaton
|-resisted|p1a: Tinkaton|1
|-damage|p1a: Tinkaton|0 fnt
|faint|p1a: Tinkaton
|-damage|p2a: Slowbro|90/100|[from] item: Life Orb
|
|win|YarikFireDragon
||ESCharge is ready for game 2.
