|j|☆Fedemitra9
|j|☆Frakub
|html|Fedemitra9Frakub    
|uhtml|bestof|Game 1 of a best-of-3
|t:|1756842735
|gametype|doubles
|player|p1|Fedemitra9|hiker-gen4|1344
|player|p2|Frakub|acetrainer-gen4dp|1294
|gen|9
|tier|[Gen 9] VGC 2025 Reg H (Bo3)
|rated|
|rule|Species Clause: Limit one of each Pokémon
|rule|Item Clause: Limit 1 of each item
|clearpoke
|poke|p1|Charizard, L50, M|
|poke|p1|Torkoal, L50, M|
|poke|p1|Porygon2, L50|
|poke|p1|Incineroar, L50, M|
|poke|p1|Jumpluff, L50, M|
|poke|p1|Ursaluna, L50, M|
|poke|p2|Volcarona, L50, F|
|poke|p2|Kingambit, L50, F|
|poke|p2|Dragonite, L50, F|
|poke|p2|Sneasler, L50, M|
|poke|p2|Rillaboom, L50, F|
|poke|p2|Electabuzz, L50, F|
|teampreview|4
|showteam|p1|Charizard||ChoiceSpecs|SolarPower|HeatWave,Overheat,WeatherBall,AirSlash|||M|||50|,,,,,Ghost]Torkoal||EjectPack|Drought|Eruption,Overheat,HelpingHand,Protect|||M|||50|,,,,,Fire]Porygon2||Eviolite|Download|TeraBlast,IceBeam,Recover,TrickRoom||||||50|,,,,,Fighting]Incineroar||SitrusBerry|Intimidate|FlareBlitz,KnockOff,FakeOut,PartingShot|||M|||50|,,,,,Ghost]Jumpluff||CovertCloak|Chlorophyll|SleepPowder,SunnyDay,RagePowder,Tailwind|||M|||50|,,,,,Water]Ursaluna||FlameOrb|Guts|HeadlongRush,Facade,Earthquake,Protect|||M|||50|,,,,,Ghost
|showteam|p2|Volcarona||Leftovers|FlameBody|HeatWave,TeraBlast,QuiverDance,Protect|||F|||50|,,,,,Fairy]Kingambit||BlackGlasses|Defiant|KowtowCleave,SuckerPunch,SwordsDance,Protect|||F|||50|,,,,,Dark]Dragonite||LoadedDice|Multiscale|ScaleShot,ExtremeSpeed,Haze,Protect|||F|||50|,,,,,Steel]Sneasler||FocusSash|PoisonTouch|CloseCombat,DireClaw,FakeOut,Coaching|||M|||50|,,,,,Stellar]Rillaboom||AssaultVest|GrassySurge|WoodHammer,GrassyGlide,HighHorsepower,FakeOut|||F|||50|,,,,,Fire]Electabuzz||Eviolite|VitalSpirit|Thunderbolt,Taunt,FollowMe,Protect|||F|||50|,,,,,Ghost
|inactive|Battle timer is ON: inactive players will automatically lose when time's up. (requested by Frakub)
|inactive|Fedemitra9 has 60 seconds left.
|inactive|Frakub has 60 seconds left.
|
|t:|1756842780
|teamsize|p1|4
|teamsize|p2|4
|start
|switch|p1a: Jumpluff|Jumpluff, L50, M, shiny|100/100
|switch|p1b: Torkoal|Torkoal, L50, M, shiny|100/100
|switch|p2a: Kingambit|Kingambit, L50, F|100/100
|switch|p2b: Electabuzz|Electabuzz, L50, F|100/100
|-weather|SunnyDay|[from] ability: Drought|[of] p1b: Torkoal
|turn|1
|
|t:|1756842798
|move|p2b: Electabuzz|Follow Me|p2b: Electabuzz
|-singleturn|p2b: Electabuzz|move: Follow Me
|move|p1a: Jumpluff|Tailwind|p1a: Jumpluff
|-sidestart|p1: Fedemitra9|move: Tailwind
|move|p2a: Kingambit|Kowtow Cleave|p1b: Torkoal
|-damage|p1b: Torkoal|51/100
|move|p1b: Torkoal|Overheat|p2b: Electabuzz
|-damage|p2b: Electabuzz|39/100
|-unboost|p1b: Torkoal|spa|2
|-enditem|p1b: Torkoal|Eject Pack
|
|t:|1756842809
|switch|p1b: Charizard|Charizard, L50, M, shiny|100/100
|
|-weather|SunnyDay|[upkeep]
|-damage|p1b: Charizard|88/100|[from] ability: Solar Power|[of] p1b: Charizard
|upkeep
|turn|2
|
|t:|1756842823
|move|p2a: Kingambit|Protect|p2a: Kingambit
|-singleturn|p2a: Kingambit|Protect
|move|p1a: Jumpluff|Rage Powder|p1a: Jumpluff
|-singleturn|p1a: Jumpluff|move: Rage Powder
|move|p1b: Charizard|Heat Wave|p2a: Kingambit|[spread] p2b
|-activate|p2a: Kingambit|move: Protect
|-damage|p2b: Electabuzz|0 fnt
|faint|p2b: Electabuzz
|
|-weather|SunnyDay|[upkeep]
|-damage|p1b: Charizard|76/100|[from] ability: Solar Power|[of] p1b: Charizard
|upkeep
|inactive|Frakub has 30 seconds left.
|
|t:|1756842851
|switch|p2b: Dragonite|Dragonite, L50, F|100/100
|turn|3
|
|t:|1756842863
|-terastallize|p2a: Kingambit|Dark
|move|p1a: Jumpluff|Sleep Powder|p2b: Dragonite
|-status|p2b: Dragonite|slp|[from] move: Sleep Powder
|move|p1b: Charizard|Heat Wave|p2a: Kingambit|[spread] p2a,p2b
|-resisted|p2b: Dragonite
|-damage|p2a: Kingambit|0 fnt
|-damage|p2b: Dragonite|72/100 slp
|faint|p2a: Kingambit
|cant|p2b: Dragonite|slp
|
|-weather|SunnyDay|[upkeep]
|-damage|p1b: Charizard|63/100|[from] ability: Solar Power|[of] p1b: Charizard
|upkeep
|
|t:|1756842872
|switch|p2a: Sneasler|Sneasler, L50, M|100/100
|turn|4
|
|t:|1756842886
|-terastallize|p1a: Jumpluff|Water
|move|p1a: Jumpluff|Sleep Powder|p2a: Sneasler
|-status|p2a: Sneasler|slp|[from] move: Sleep Powder
|move|p1b: Charizard|Heat Wave|p2a: Sneasler|[spread] p2a,p2b
|-resisted|p2b: Dragonite
|-enditem|p2a: Sneasler|Focus Sash
|-damage|p2a: Sneasler|1/100 slp
|-damage|p2b: Dragonite|15/100 slp
|cant|p2a: Sneasler|slp
|-curestatus|p2b: Dragonite|slp|[msg]
|move|p2b: Dragonite|Scale Shot|p1b: Charizard
|-damage|p1b: Charizard|44/100
|-damage|p1b: Charizard|24/100
|-crit|p1b: Charizard
|-damage|p1b: Charizard|0 fnt
|faint|p1b: Charizard
|-hitcount|p1: Charizard|3
|-unboost|p2b: Dragonite|def|1
|-boost|p2b: Dragonite|spe|1
|
|-weather|SunnyDay|[upkeep]
|-sideend|p1: Fedemitra9|move: Tailwind
|upkeep
|inactive|Fedemitra9 has 30 seconds left.
|
|t:|1756842914
|switch|p1b: Torkoal|Torkoal, L50, M, shiny|51/100
|turn|5
|
|t:|1756842931
|move|p1a: Jumpluff|Rage Powder|p1a: Jumpluff
|-singleturn|p1a: Jumpluff|move: Rage Powder
|move|p2b: Dragonite|Scale Shot|p1a: Jumpluff
|-damage|p1a: Jumpluff|81/100
|-damage|p1a: Jumpluff|63/100
|-damage|p1a: Jumpluff|44/100
|-crit|p1a: Jumpluff
|-damage|p1a: Jumpluff|18/100
|-damage|p1a: Jumpluff|0 fnt
|faint|p1a: Jumpluff
|-hitcount|p1: Jumpluff|5
|-unboost|p2b: Dragonite|def|1
|-boost|p2b: Dragonite|spe|1
|cant|p2a: Sneasler|slp
|move|p1b: Torkoal|Eruption|p2a: Sneasler|[spread] p2a,p2b
|-resisted|p2b: Dragonite
|-damage|p2a: Sneasler|0 fnt
|-damage|p2b: Dragonite|0 fnt
|faint|p2a: Sneasler
|faint|p2b: Dragonite
|
|win|Fedemitra9
||Frakub is ready for game 2.
|inactive|Fedemitra9 has 30 seconds to confirm battle start!
||Fedemitra9 is ready for game 2.
|uhtml|next|Next: Game 2 of 3
