|j|☆ennuismile
|j|☆wingblade33
|html|ennuismilewingblade33    
|uhtml|bestof|Game 1 of a best-of-3
|t:|1786041916
|gametype|doubles
|player|p1|ennuismile|cheryl|1247
|player|p2|wingblade33|102|1361
|gen|9
|tier|[Gen 9 Champions] VGC 2026 Reg M-B (Bo3)
|rated|
|rule|Species Clause: Limit one of each Pokémon
|rule|Item Clause: Limit 1 of each item
|clearpoke
|poke|p1|Staraptor, L50, F|
|poke|p1|Arcanine-Hisui, L50, F|
|poke|p1|Kingambit, L50, M|
|poke|p1|Raichu, L50, M|
|poke|p1|Farigiraf, L50, M|
|poke|p1|Sylveon, L50, F|
|poke|p2|Tyranitar, L50, M|
|poke|p2|Milotic, L50, F|
|poke|p2|Farigiraf, L50, M|
|poke|p2|Gholdengo, L50|
|poke|p2|Excadrill, L50, M|
|poke|p2|Staraptor, L50, F|
|teampreview|4
|showteam|p1|Staraptor||Staraptite|Intimidate|DualWingbeat,CloseCombat,Tailwind,Protect|Jolly||F|||50|]Arcanine-Hisui||FocusSash|RockHead|FlareBlitz,HeadSmash,ExtremeSpeed,Protect|Jolly||F|||50|]Kingambit||LifeOrb|Defiant|KowtowCleave,SuckerPunch,SwordsDance,Protect|Adamant||M|||50|]Raichu||RaichuniteY|LightningRod|ZapCannon,FocusBlast,FakeOut,Protect|Timid||M|||50|]Farigiraf||SitrusBerry|ArmorTail|Psychic,HelpingHand,TrickRoom,Protect|Calm||M|||50|]Sylveon||FairyFeather|Pixilate|HyperVoice,HyperBeam,BabyDollEyes,Detect|Modest||F|||50|
|showteam|p2|Tyranitar||Tyranitarite|SandStream|KnockOff,DragonDance,RockSlide,Protect|Adamant||M|||50|]Milotic||Leftovers|Competitive|IcyWind,Scald,Haze,Protect|Calm||F|||50|]Farigiraf||SitrusBerry|ArmorTail|Psychic,TrickRoom,Roar,Thunderbolt|Modest||M|||50|]Gholdengo||LifeOrb|GoodasGold|MakeItRain,ShadowBall,NastyPlot,Protect|Modest|||||50|]Excadrill||FocusSash|SandRush|HighHorsepower,IronHead,RockSlide,Protect|Adamant||M|||50|]Staraptor||Staraptite|Intimidate|CloseCombat,BraveBird,Tailwind,Protect|Jolly||F|||50|
|inactive|Battle timer is ON: inactive players will automatically lose when time's up. (requested by ennuismile)
|inactive|ennuismile has 60 seconds left.
|inactive|wingblade33 has 60 seconds left.
|
|t:|1786041965
|teamsize|p1|4
|teamsize|p2|4
|start
|switch|p1a: Raichu|Raichu, L50, M|100/100
|switch|p1b: Farigiraf|Farigiraf, L50, M|100/100
|switch|p2a: Gholdengo|Gholdengo, L50|100/100
|switch|p2b: Staraptor|Staraptor, L50, F|100/100
|-ability|p2b: Staraptor|Intimidate|boost
|-unboost|p1a: Raichu|atk|1
|-unboost|p1b: Farigiraf|atk|1
|turn|1
|inactive|ennuismile has 30 seconds left.
|inactive|wingblade33 has 30 seconds left.
|inactive|ennuismile has 20 seconds left.
|inactive|ennuismile has 15 seconds left.
|
|t:|1786042007
|detailschange|p1a: Raichu|Raichu-Mega-Y, L50, M
|-mega|p1a: Raichu|Raichu|Raichunite Y
|move|p2b: Staraptor|Protect|p2b: Staraptor
|-singleturn|p2b: Staraptor|Protect
|move|p1b: Farigiraf|Protect|p1b: Farigiraf
|-singleturn|p1b: Farigiraf|Protect
|move|p1a: Raichu|Zap Cannon|p2a: Gholdengo
|-damage|p2a: Gholdengo|41/100
|-status|p2a: Gholdengo|par
|move|p2a: Gholdengo|Shadow Ball|p1a: Raichu
|-damage|p1a: Raichu|31/100
|-damage|p2a: Gholdengo|31/100 par|[from] item: Life Orb
|
|upkeep
|turn|2
|inactive|wingblade33 has 30 seconds left.
|
|t:|1786042038
|switch|p2b: Excadrill|Excadrill, L50, M|100/100
|move|p1a: Raichu|Zap Cannon|p2b: Excadrill
|-immune|p2b: Excadrill
|move|p2a: Gholdengo|Make It Rain|p1a: Raichu|[spread] p1a,p1b
|-resisted|p1a: Raichu|1
|-damage|p1a: Raichu|0 fnt
|-damage|p1b: Farigiraf|48/100
|-unboost|p2a: Gholdengo|spa|2
|-enditem|p1b: Farigiraf|Sitrus Berry|[eat]
|-heal|p1b: Farigiraf|73/100|[from] item: Sitrus Berry
|faint|p1a: Raichu
|-damage|p2a: Gholdengo|21/100 par|[from] item: Life Orb
|move|p1b: Farigiraf|Trick Room|p1b: Farigiraf
|-fieldstart|move: Trick Room|[of] p1b: Farigiraf
|
|upkeep
|
|t:|1786042042
|switch|p1a: Kingambit|Kingambit, L50, M|100/100
|turn|3
|inactive|wingblade33 has 30 seconds left.
|
|t:|1786042075
|cant|p2a: Gholdengo|par
|move|p1a: Kingambit|Kowtow Cleave|p2a: Gholdengo
|-supereffective|p2a: Gholdengo|1
|-damage|p2a: Gholdengo|0 fnt
|faint|p2a: Gholdengo
|-damage|p1a: Kingambit|90/100|[from] item: Life Orb
|move|p1b: Farigiraf|Psychic|p2b: Excadrill
|-resisted|p2b: Excadrill|1
|-damage|p2b: Excadrill|79/100
|move|p2b: Excadrill|High Horsepower|p1a: Kingambit
|-supereffective|p1a: Kingambit|1
|-damage|p1a: Kingambit|11/100
|
|upkeep
|
|t:|1786042094
|switch|p2a: Tyranitar|Tyranitar, L50, M|100/100
|-weather|Sandstorm|[from] ability: Sand Stream|[of] p2a: Tyranitar
|turn|4
|inactive|wingblade33 has 30 seconds left.
|inactive|wingblade33 has 20 seconds left.
|inactive|wingblade33 has 15 seconds left.
|
|t:|1786042138
|switch|p1b: Sylveon|Sylveon, L50, F|100/100
|move|p1a: Kingambit|Protect|p1a: Kingambit
|-singleturn|p1a: Kingambit|Protect
|move|p2b: Excadrill|Protect|p2b: Excadrill
|-singleturn|p2b: Excadrill|Protect
|move|p2a: Tyranitar|Rock Slide|p1a: Kingambit|[spread] p1b
|-activate|p1a: Kingambit|move: Protect
|-damage|p1b: Sylveon|67/100
|
|-weather|Sandstorm|[upkeep]
|-damage|p1b: Sylveon|61/100|[from] Sandstorm
|upkeep
|turn|5
|inactive|wingblade33 has 30 seconds left.
|inactive|wingblade33 has 20 seconds left.
|
|t:|1786042177
|move|p1a: Kingambit|Kowtow Cleave|p2b: Excadrill
|-damage|p2b: Excadrill|0 fnt
|faint|p2b: Excadrill
|-damage|p1a: Kingambit|1/100|[from] item: Life Orb
|move|p1b: Sylveon|Hyper Beam|p2a: Tyranitar|[miss]
|-miss|p1b: Sylveon|p2a: Tyranitar
|move|p2a: Tyranitar|Knock Off|p1a: Kingambit
|-resisted|p1a: Kingambit|1
|-damage|p1a: Kingambit|0 fnt
|-enditem|p1a: Kingambit|Life Orb|[from] move: Knock Off|[of] p2a: Tyranitar
|faint|p1a: Kingambit
|
|-weather|Sandstorm|[upkeep]
|-damage|p1b: Sylveon|55/100|[from] Sandstorm
|upkeep
|
|t:|1786042191
|switch|p1a: Farigiraf|Farigiraf, L50, M|73/100
|switch|p2b: Staraptor|Staraptor, L50, F|100/100
|-ability|p2b: Staraptor|Intimidate|boost
|-unboost|p1a: Farigiraf|atk|1
|-unboost|p1b: Sylveon|atk|1
|turn|6
|
|t:|1786042207
|move|p1a: Farigiraf|Helping Hand|p1b: Sylveon
|-singleturn|p1b: Sylveon|Helping Hand|[of] p1a: Farigiraf
|move|p2a: Tyranitar|Protect|p2a: Tyranitar
|-singleturn|p2a: Tyranitar|Protect
|move|p2b: Staraptor|Protect|p2b: Staraptor
|-singleturn|p2b: Staraptor|Protect
|move|p1b: Sylveon|Hyper Voice|p2b: Staraptor|[spread] 
|-activate|p2a: Tyranitar|move: Protect
|-activate|p2b: Staraptor|move: Protect
|
|-weather|Sandstorm|[upkeep]
|-damage|p1a: Farigiraf|66/100|[from] Sandstorm
|-damage|p1b: Sylveon|48/100|[from] Sandstorm
|-damage|p2b: Staraptor|93/100|[from] Sandstorm
|-fieldend|move: Trick Room
|upkeep
|turn|7
|
|t:|1786042230
|detailschange|p2b: Staraptor|Staraptor-Mega, L50, F
|-mega|p2b: Staraptor|Staraptor|Staraptite
|move|p1a: Farigiraf|Helping Hand|p1b: Sylveon
|-singleturn|p1b: Sylveon|Helping Hand|[of] p1a: Farigiraf
|move|p2b: Staraptor|Brave Bird|p1b: Sylveon
|-damage|p1b: Sylveon|0 fnt
|faint|p1b: Sylveon
|-damage|p2b: Staraptor|76/100|[from] Recoil
|move|p2a: Tyranitar|Knock Off|p1a: Farigiraf
|-supereffective|p1a: Farigiraf|1
|-damage|p1a: Farigiraf|3/100
|
|-weather|Sandstorm|[upkeep]
|-damage|p2b: Staraptor|70/100|[from] Sandstorm
|-damage|p1a: Farigiraf|0 fnt|[from] Sandstorm
|faint|p1a: Farigiraf
|
|win|wingblade33
