|j|☆Nonowaos
|j|☆Magic Girl Sab
|html|NonowaosMagic Girl Sab    
|uhtml|bestof|Game 2 of a best-of-3
|t:|1782664930
|gametype|doubles
|player|p1|Nonowaos|2|1082
|player|p2|Magic Girl Sab|gardenia|1087
|gen|9
|tier|[Gen 9 Champions] VGC 2026 Reg M-B (Bo3)
|rated|
|rule|Species Clause: Limit one of each Pokémon
|rule|Item Clause: Limit 1 of each item
|clearpoke
|poke|p1|Swampert, L50, F|
|poke|p1|Incineroar, L50, F|
|poke|p1|Sylveon, L50, F|
|poke|p1|Archaludon, L50, M|
|poke|p1|Sinistcha, L50|
|poke|p1|Pelipper, L50, F|
|poke|p2|Eelektross, L50, F|
|poke|p2|Sinistcha, L50|
|poke|p2|Garchomp, L50, F|
|poke|p2|Sneasler, L50, M|
|poke|p2|Whimsicott, L50, M, shiny|
|poke|p2|Incineroar, L50, F|
|teampreview|4
|showteam|p1|Swampert||Swampertite|Torrent|Earthquake,WaveCrash,IcePunch,Protect|Adamant||F|||50|]Incineroar||SitrusBerry|Intimidate|FakeOut,FlareBlitz,PartingShot,ThroatChop|Adamant||F|||50|]Sylveon||FairyFeather|Pixilate|QuickAttack,HyperVoice,Moonblast,Protect|Modest||F|||50|]Archaludon||WhiteHerb|Stamina|DracoMeteor,FlashCannon,Protect,ElectroShot|Modest||M|||50|]Sinistcha||CobaBerry|Hospitality|MatchaGotcha,LifeDew,RagePowder,StrengthSap|Bold|||||50|]Pelipper||FocusSash|Drizzle|Hurricane,Protect,WideGuard,WeatherBall|Bold||F|||50|
|showteam|p2|Eelektross||Eelektrossite|Levitate|Protect,Discharge,Flamethrower,DragonPulse|Quiet||F|||50|]Sinistcha||KasibBerry|Hospitality|MatchaGotcha,TrickRoom,RagePowder,LifeDew|Bold|||||50|]Garchomp||ChoiceScarf|RoughSkin|RockSlide,Earthquake,Bulldoze,DragonClaw|Adamant||F|||50|]Sneasler||WhiteHerb|Unburden|CloseCombat,DireClaw,FakeOut,Protect|Jolly||M|||50|]Whimsicott||FocusSash|Prankster|Tailwind,Encore,Moonblast,Protect|Timid||M|||50|]Incineroar||SitrusBerry|Intimidate|FakeOut,PartingShot,FlareBlitz,ThroatChop|Careful||F|||50|
|inactive|Battle timer is ON: inactive players will automatically lose when time's up. (requested by Nonowaos)
|inactive|Magic Girl Sab has 60 seconds left.
|inactive|Magic Girl Sab has 30 seconds left.
|
|t:|1782665000
|teamsize|p1|4
|teamsize|p2|4
|start
|switch|p1a: Sylveon|Sylveon, L50, F|100/100
|switch|p1b: Incineroar|Incineroar, L50, F|100/100
|switch|p2a: Whimsicott|Whimsicott, L50, M, shiny|100/100
|switch|p2b: Garchomp|Garchomp, L50, F|100/100
|-ability|p1b: Incineroar|Intimidate|boost
|-unboost|p2a: Whimsicott|atk|1
|-unboost|p2b: Garchomp|atk|1
|turn|1
|inactive|Magic Girl Sab has 30 seconds left.
|inactive|Magic Girl Sab has 20 seconds left.
|inactive|Magic Girl Sab has 15 seconds left.
|
|t:|1782665041
|switch|p2b: Sneasler|Sneasler, L50, M|100/100
|move|p2a: Whimsicott|Protect|p2a: Whimsicott
|-singleturn|p2a: Whimsicott|Protect
|move|p1b: Incineroar|Fake Out|p2a: Whimsicott
|-activate|p2a: Whimsicott|move: Protect
|move|p1a: Sylveon|Hyper Voice|p2a: Whimsicott|[spread] p2b
|-activate|p2a: Whimsicott|move: Protect
|-damage|p2b: Sneasler|36/100
|
|upkeep
|turn|2
|inactive|Nonowaos has 30 seconds left.
|inactive|Magic Girl Sab has 30 seconds left.
|
|t:|1782665074
|move|p1a: Sylveon|Protect|p1a: Sylveon
|-singleturn|p1a: Sylveon|Protect
|move|p2a: Whimsicott|Encore|p1a: Sylveon
|-activate|p1a: Sylveon|move: Protect
|move|p2b: Sneasler|Dire Claw|p1a: Sylveon
|-activate|p1a: Sylveon|move: Protect
|move|p1b: Incineroar|Flare Blitz|p2a: Whimsicott
|-supereffective|p2a: Whimsicott|1
|-enditem|p2a: Whimsicott|Focus Sash
|-damage|p2a: Whimsicott|1/100
|-damage|p1b: Incineroar|77/100|[from] Recoil
|
|upkeep
|turn|3
|inactive|Nonowaos has 30 seconds left.
|
|t:|1782665099
|move|p2a: Whimsicott|Encore|p1a: Sylveon
|-start|p1a: Sylveon|Encore
|move|p1a: Sylveon|Protect||[still]
|-fail|p1a: Sylveon
|move|p2b: Sneasler|Close Combat|p1b: Incineroar
|-supereffective|p1b: Incineroar|1
|-damage|p1b: Incineroar|0 fnt
|-unboost|p2b: Sneasler|def|1
|-unboost|p2b: Sneasler|spd|1
|faint|p1b: Incineroar
|-enditem|p2b: Sneasler|White Herb
|-clearnegativeboost|p2b: Sneasler|[silent]
|
|upkeep
|
|t:|1782665108
|switch|p1b: Swampert|Swampert, L50, F|100/100
|turn|4
|inactive|Magic Girl Sab has 30 seconds left.
|inactive|Magic Girl Sab has 20 seconds left.
|inactive|Magic Girl Sab has 15 seconds left.
|inactive|Magic Girl Sab has 10 seconds left.
|inactive|Magic Girl Sab has 5 seconds left.
|
|t:|1782665158
|detailschange|p1b: Swampert|Swampert-Mega, L50, F
|-mega|p1b: Swampert|Swampert|Swampertite
|move|p1a: Sylveon|Protect|p1a: Sylveon
|-singleturn|p1a: Sylveon|Protect
|move|p2a: Whimsicott|Tailwind|p2a: Whimsicott
|-sidestart|p2: Magic Girl Sab|move: Tailwind
|move|p2b: Sneasler|Close Combat|p1b: Swampert
|-damage|p1b: Swampert|52/100
|-unboost|p2b: Sneasler|def|1
|-unboost|p2b: Sneasler|spd|1
|move|p1b: Swampert|Earthquake|p2a: Whimsicott|[spread] p2a,p2b
|-activate|p1a: Sylveon|move: Protect
|-resisted|p2a: Whimsicott|1
|-supereffective|p2b: Sneasler|1
|-damage|p2a: Whimsicott|0 fnt
|-damage|p2b: Sneasler|0 fnt
|faint|p2a: Whimsicott
|faint|p2b: Sneasler
|
|upkeep
|
|t:|1782665173
|switch|p2b: Garchomp|Garchomp, L50, F|100/100
|switch|p2a: Eelektross|Eelektross, L50, F|100/100
|turn|5
|inactive|Magic Girl Sab has 30 seconds left.
|inactive|Magic Girl Sab has 20 seconds left.
|inactive|Magic Girl Sab has 15 seconds left.
|inactive|Magic Girl Sab has 10 seconds left.
|inactive|Magic Girl Sab has 5 seconds left.
|
|t:|1782665224
|switch|p1a: Pelipper|Pelipper, L50, F|100/100
|-weather|RainDance|[from] ability: Drizzle|[of] p1a: Pelipper
|detailschange|p2a: Eelektross|Eelektross-Mega, L50, F
|-mega|p2a: Eelektross|Eelektross|Eelektrossite
|move|p2a: Eelektross|Protect|p2a: Eelektross
|-singleturn|p2a: Eelektross|Protect
|move|p2b: Garchomp|Rock Slide|p1a: Pelipper|[spread] p1a,p1b
|-supereffective|p1a: Pelipper|1
|-resisted|p1b: Swampert|1
|-damage|p1a: Pelipper|63/100
|-damage|p1b: Swampert|43/100
|move|p1b: Swampert|Wave Crash|p2a: Eelektross
|-activate|p2a: Eelektross|move: Protect
|
|-weather|RainDance|[upkeep]
|upkeep
|turn|6
|inactive|Magic Girl Sab has 30 seconds left.
|
|t:|1782665254
|move|p2a: Eelektross|Protect|p2a: Eelektross
|-singleturn|p2a: Eelektross|Protect
|move|p2b: Garchomp|Rock Slide|p1a: Pelipper|[spread] p1a,p1b
|-supereffective|p1a: Pelipper|1
|-resisted|p1b: Swampert|1
|-damage|p1a: Pelipper|27/100
|-damage|p1b: Swampert|35/100
|cant|p1b: Swampert|flinch
|cant|p1a: Pelipper|flinch
|
|-weather|RainDance|[upkeep]
|upkeep
|turn|7
|
|t:|1782665277
|move|p2a: Eelektross|Protect||[still]
|-fail|p2a: Eelektross
|move|p1a: Pelipper|Wide Guard|p1a: Pelipper
|-singleturn|p1a: Pelipper|Wide Guard
|move|p2b: Garchomp|Rock Slide|p1b: Swampert|[spread] 
|-activate|p1a: Pelipper|move: Wide Guard
|-activate|p1b: Swampert|move: Wide Guard
|move|p1b: Swampert|Wave Crash|p2a: Eelektross
|-damage|p2a: Eelektross|0 fnt
|faint|p2a: Eelektross
|-damage|p1b: Swampert|5/100|[from] Recoil
|
|-weather|RainDance|[upkeep]
|-sideend|p2: Magic Girl Sab|move: Tailwind
|upkeep
|turn|8
|
|t:|1782665293
|move|p2b: Garchomp|Rock Slide|p1b: Swampert|[spread] p1b
|-miss|p2b: Garchomp|p1a: Pelipper
|-resisted|p1b: Swampert|1
|-damage|p1b: Swampert|0 fnt
|faint|p1b: Swampert
|move|p1a: Pelipper|Weather Ball|p2b: Garchomp
|-damage|p2b: Garchomp|46/100
|
|-weather|RainDance|[upkeep]
|upkeep
|
|t:|1782665301
|switch|p1b: Sylveon|Sylveon, L50, F|100/100
|turn|9
|
|t:|1782665305
|move|p1b: Sylveon|Quick Attack|p2b: Garchomp
|-supereffective|p2b: Garchomp|1
|-damage|p2b: Garchomp|20/100y
|-damage|p1b: Sylveon|87/100|[from] ability: Rough Skin|[of] p2b: Garchomp
|move|p2b: Garchomp|Rock Slide|p1a: Pelipper|[spread] p1a,p1b
|-supereffective|p1a: Pelipper|1
|-damage|p1a: Pelipper|0 fnt
|-damage|p1b: Sylveon|58/100
|faint|p1a: Pelipper
|
|-weather|none
|upkeep
|turn|10
|
|t:|1782665315
|move|p2b: Garchomp|Rock Slide|p1b: Sylveon
|-damage|p1b: Sylveon|21/100
|move|p1b: Sylveon|Hyper Voice|p2b: Garchomp
|-supereffective|p2b: Garchomp|1
|-damage|p2b: Garchomp|0 fnt
|faint|p2b: Garchomp
|
|win|Nonowaos
|raw|Nonowaos's rating: 1082 → 1110(+28 for winning)
|raw|Magic Girl Sab's rating: 1087 → 1064(-23 for losing)
