|j|☆kingdracothe3rd
|j|☆Cage92
|html|kingdracothe3rdCage92    
|uhtml|bestof|Game 2 of a best-of-3
|t:|1756757794
|gametype|doubles
|player|p1|kingdracothe3rd|nobunaga-conquest|1146
|player|p2|Cage92|bugsy|1261
|gen|9
|tier|[Gen 9] VGC 2025 Reg H (Bo3)
|rated|
|rule|Species Clause: Limit one of each Pokémon
|rule|Item Clause: Limit 1 of each item
|clearpoke
|poke|p1|Kingambit, L50, M|
|poke|p1|Electabuzz, L50, F|
|poke|p1|Volcarona, L50, M|
|poke|p1|Rillaboom, L50, M|
|poke|p1|Basculegion, L50, M|
|poke|p1|Corviknight, L50, F|
|poke|p2|Corviknight, L50, M|
|poke|p2|Garchomp, L50, M|
|poke|p2|Tyranitar, L50, M|
|poke|p2|Gholdengo, L50|
|poke|p2|Sneasler, L50, M|
|poke|p2|Incineroar, L50, M|
|teampreview|4
|showteam|p1|Kingambit||DreadPlate|Defiant|KowtowCleave,SuckerPunch,SwordsDance,Protect|||M|||50|,,,,,Dark]Electabuzz||Eviolite|VitalSpirit|Electroweb,FollowMe,Taunt,VoltSwitch|||F|||50|,,,,,Dragon]Volcarona||CovertCloak|FlameBody|HeatWave,GigaDrain,QuiverDance,Protect|||M|||50|,,,,,Grass]Rillaboom||AssaultVest|GrassySurge|WoodHammer,GrassyGlide,HighHorsepower,FakeOut|||M|||50|,,,,,Fire]Basculegion||ChoiceScarf|Adaptability|WaveCrash,LastRespects,FlipTurn,AquaJet|||M|||50|,,,,,Water]Corviknight||Leftovers|MirrorArmor|BraveBird,BodyPress,BulkUp,Roost|||F|||50|,,,,,Dragon
|showteam|p2|Corviknight||CovertCloak|MirrorArmor|BraveBird,Taunt,Roost,Tailwind|||M|||50|,,,,,Dragon]Garchomp||ClearAmulet|RoughSkin|Earthquake,DragonClaw,StompingTantrum,Protect|||M|||50|,,,,,Steel]Tyranitar||AssaultVest|SandStream|RockSlide,KnockOff,TeraBlast,LowKick|||M|||50|,,,,,Flying]Gholdengo||LifeOrb|GoodasGold|MakeItRain,ShadowBall,NastyPlot,Protect||||||50|,,,,,Flying]Sneasler||WhiteHerb|Unburden|DireClaw,CloseCombat,Coaching,Protect|||M|||50|,,,,,Ghost]Incineroar||SafetyGoggles|Intimidate|FlareBlitz,WillOWisp,PartingShot,FakeOut|||M|||50|,,,,,Ghost
|
|t:|1756757831
|teamsize|p1|4
|teamsize|p2|4
|start
|switch|p1a: Whitebeard|Kingambit, L50, M, shiny|100/100
|switch|p1b: Kamanari|Electabuzz, L50, F, shiny|100/100
|switch|p2a: Garchomp|Garchomp, L50, M|100/100
|switch|p2b: Sneasler|Sneasler, L50, M|100/100
|turn|1
|
|t:|1756757853
|-terastallize|p1a: Whitebeard|Dark
|move|p2b: Sneasler|Close Combat|p1a: Whitebeard
|-supereffective|p1a: Whitebeard
|-damage|p1a: Whitebeard|10/100
|-unboost|p2b: Sneasler|def|1
|-unboost|p2b: Sneasler|spd|1
|-enditem|p2b: Sneasler|White Herb
|-clearnegativeboost|p2b: Sneasler|[silent]
|move|p2a: Garchomp|Stomping Tantrum|p1a: Whitebeard
|-damage|p1a: Whitebeard|0 fnt
|faint|p1a: Whitebeard
|move|p1b: Kamanari|Taunt|p2b: Sneasler
|-start|p2b: Sneasler|move: Taunt
|
|upkeep
|
|t:|1756757867
|switch|p1a: Gojo|Basculegion, L50, M|100/100
|turn|2
|
|t:|1756757909
|move|p1b: Kamanari|Follow Me|p1b: Kamanari
|-singleturn|p1b: Kamanari|move: Follow Me
|move|p2b: Sneasler|Dire Claw|p1b: Kamanari
|-damage|p1b: Kamanari|73/100
|move|p1a: Gojo|Wave Crash|p2a: Garchomp
|-damage|p2a: Garchomp|22/100
|-damage|p1a: Gojo|88/100|[from] ability: Rough Skin|[of] p2a: Garchomp
|-damage|p1a: Gojo|64/100|[from] Recoil
|move|p2a: Garchomp|Stomping Tantrum|p1b: Kamanari
|-supereffective|p1b: Kamanari
|-damage|p1b: Kamanari|20/100
|
|upkeep
|turn|3
|
|t:|1756757935
|move|p1b: Kamanari|Follow Me|p1b: Kamanari
|-singleturn|p1b: Kamanari|move: Follow Me
|move|p2b: Sneasler|Dire Claw|p1b: Kamanari
|-damage|p1b: Kamanari|0 fnt
|faint|p1b: Kamanari
|move|p1a: Gojo|Wave Crash|p2b: Sneasler
|-damage|p2b: Sneasler|0 fnt
|faint|p2b: Sneasler
|-damage|p1a: Gojo|35/100|[from] Recoil
|move|p2a: Garchomp|Stomping Tantrum|p1a: Gojo
|-damage|p1a: Gojo|0 fnt
|faint|p1a: Gojo
|
|upkeep
|
|t:|1756757949
|switch|p2b: Incineroar|Incineroar, L50, M|100/100
|switch|p1b: Garp|Rillaboom, L50, M|100/100
|-fieldstart|move: Grassy Terrain|[from] ability: Grassy Surge|[of] p1b: Garp
|-ability|p2b: Incineroar|Intimidate|boost
|-unboost|p1b: Garp|atk|1
|turn|4
|
|t:|1756757963
|move|p2b: Incineroar|Fake Out|p1b: Garp
|-crit|p1b: Garp
|-damage|p1b: Garp|86/100
|move|p2a: Garchomp|Dragon Claw|p1b: Garp
|-damage|p1b: Garp|44/100
|cant|p1b: Garp|flinch
|
|-heal|p2a: Garchomp|28/100|[from] Grassy Terrain
|-heal|p1b: Garp|50/100|[from] Grassy Terrain
|upkeep
|turn|5
|
|t:|1756757976
|move|p2a: Garchomp|Protect|p2a: Garchomp
|-singleturn|p2a: Garchomp|Protect
|move|p1b: Garp|Wood Hammer|p2a: Garchomp
|-activate|p2a: Garchomp|move: Protect
|move|p2b: Incineroar|Parting Shot|p1b: Garp
|-unboost|p1b: Garp|atk|1
|-unboost|p1b: Garp|spa|1
|
|t:|1756757983
|switch|p2b: Tyranitar|Tyranitar, L50, M|100/100|[from] Parting Shot
|-weather|Sandstorm|[from] ability: Sand Stream|[of] p2b: Tyranitar
|
|-weather|Sandstorm|[upkeep]
|-damage|p1b: Garp|44/100|[from] Sandstorm
|-heal|p2a: Garchomp|34/100|[from] Grassy Terrain
|-heal|p1b: Garp|50/100|[from] Grassy Terrain
|upkeep
|turn|6
|inactive|Battle timer is ON: inactive players will automatically lose when time's up. (requested by Cage92)
|
|t:|1756758012
|switch|p2a: Incineroar|Incineroar, L50, M|100/100
|-ability|p2a: Incineroar|Intimidate|boost
|-unboost|p1b: Garp|atk|1
|-terastallize|p2b: Tyranitar|Flying
|move|p2b: Tyranitar|Tera Blast|p1b: Garp|[anim] Tera Blast Flying
|-supereffective|p1b: Garp
|-damage|p1b: Garp|0 fnt
|faint|p1b: Garp
|
|win|Cage92
|raw|kingdracothe3rd's rating: 1146 → 1129(-17 for losing)
|raw|Cage92's rating: 1261 → 1278(+17 for winning)
|l|☆kingdracothe3rd
|player|p1|
