|j|☆GaliVGC
|j|☆Passevgc
|html|GaliVGCPassevgc    
|uhtml|bestof|Game 3 of a best-of-3
|t:|1782490460
|gametype|doubles
|player|p1|GaliVGC|2|1136
|player|p2|Passevgc|1|1241
|gen|9
|tier|[Gen 9 Champions] VGC 2026 Reg M-B (Bo3)
|rated|
|rule|Species Clause: Limit one of each Pokémon
|rule|Item Clause: Limit 1 of each item
|clearpoke
|poke|p1|Eelektross, L50, M|
|poke|p1|Garchomp, L50, F|
|poke|p1|Talonflame, L50, F|
|poke|p1|Incineroar, L50, F|
|poke|p1|Sinistcha, L50|
|poke|p1|Floette-Eternal, L50, F|
|poke|p2|Floette-Eternal, L50, F|
|poke|p2|Charizard, L50, M|
|poke|p2|Aerodactyl, L50, F|
|poke|p2|Garchomp, L50, F|
|poke|p2|Incineroar, L50, M|
|poke|p2|Farigiraf, L50, F, shiny|
|teampreview|4
|showteam|p1|Eelektross||Eelektrossite|Levitate|Discharge,GrassKnot,Protect,Thunderbolt|Modest||M|||50|]Garchomp||LifeOrb|RoughSkin|Earthquake,DragonClaw,Protect,RockSlide|Adamant||F|||50|]Talonflame||WideLens|GaleWings|DualWingbeat,Tailwind,Protect,WillOWisp|Jolly||F|||50|]Incineroar||ChopleBerry|Intimidate|PartingShot,FakeOut,ThroatChop,FlareBlitz|Impish||F|||50|]Sinistcha||SitrusBerry|Hospitality|MatchaGotcha,RagePowder,Protect,TrickRoom|Calm|||||50|]Floette-Eternal||Floettite|FlowerVeil|Moonblast,DazzlingGleam,CalmMind,Protect|Modest||F|||50|
|showteam|p2|Floette-Eternal||Floettite|FlowerVeil|LightofRuin,DazzlingGleam,Moonblast,Protect|Modest||F|||50|]Charizard||CharizarditeY|Blaze|HeatWave,SolarBeam,WeatherBall,Protect|Modest||M|||50|]Aerodactyl||FocusSash|RockHead|RockSlide,Tailwind,WideGuard,Protect|Jolly||F|||50|]Garchomp||LifeOrb|RoughSkin|DragonClaw,Earthquake,StompingTantrum,Protect|Adamant||F|||50|]Incineroar||Charcoal|Intimidate|FakeOut,FlareBlitz,PartingShot,DarkestLariat|Impish||M|||50|]Farigiraf||SitrusBerry|ArmorTail|Psychic,HelpingHand,TrickRoom,Protect|Bold||F|||50|
|inactive|Battle timer is ON: inactive players will automatically lose when time's up. (requested by Passevgc)
|
|t:|1782490511
|teamsize|p1|4
|teamsize|p2|4
|start
|switch|p1a: Incineroar|Incineroar, L50, F|100/100
|switch|p1b: Floette|Floette-Eternal, L50, F|100/100
|switch|p2a: Floette|Floette-Eternal, L50, F|100/100
|switch|p2b: Aerodactyl|Aerodactyl, L50, F|100/100
|-ability|p1a: Incineroar|Intimidate|boost
|-unboost|p2a: Floette|atk|1
|-unboost|p2b: Aerodactyl|atk|1
|turn|1
|inactive|Passevgc has 30 seconds left.
|
|t:|1782490537
|detailschange|p1b: Floette|Floette-Mega, L50, F
|-mega|p1b: Floette|Floette|Floettite
|-ability|p1b: Floette|Fairy Aura
|detailschange|p2a: Floette|Floette-Mega, L50, F
|-mega|p2a: Floette|Floette|Floettite
|-ability|p2a: Floette|Fairy Aura
|move|p1a: Incineroar|Fake Out|p2a: Floette
|-damage|p2a: Floette|88/100
|move|p2b: Aerodactyl|Tailwind|p2b: Aerodactyl
|-sidestart|p2: Passevgc|move: Tailwind
|cant|p2a: Floette|flinch
|move|p1b: Floette|Calm Mind|p1b: Floette
|-boost|p1b: Floette|spa|1
|-boost|p1b: Floette|spd|1
|
|upkeep
|turn|2
|
|t:|1782490559
|move|p2b: Aerodactyl|Rock Slide|p1b: Floette|[spread] p1a,p1b
|-supereffective|p1a: Incineroar|1
|-crit|p1a: Incineroar
|-damage|p1a: Incineroar|39/100
|-damage|p1b: Floette|81/100
|move|p2a: Floette|Moonblast|p1a: Incineroar
|-damage|p1a: Incineroar|0 fnt
|faint|p1a: Incineroar
|move|p1b: Floette|Moonblast|p2a: Floette
|-damage|p2a: Floette|2/100
|
|upkeep
|
|t:|1782490573
|switch|p1a: Sinistcha|Sinistcha, L50|100/100
|-heal|p1b: Floette|100/100|[from] ability: Hospitality|[of] p1a: Sinistcha
|turn|3
|
|t:|1782490581
|switch|p2b: Incineroar|Incineroar, L50, M|100/100
|-ability|p2b: Incineroar|Intimidate|boost
|-unboost|p1a: Sinistcha|atk|1
|-unboost|p1b: Floette|atk|1
|move|p2a: Floette|Protect|p2a: Floette
|-singleturn|p2a: Floette|Protect
|move|p1b: Floette|Protect|p1b: Floette
|-singleturn|p1b: Floette|Protect
|move|p1a: Sinistcha|Matcha Gotcha|p2b: Incineroar|[spread] p2b
|-activate|p2a: Floette|move: Protect
|-resisted|p2b: Incineroar|1
|-damage|p2b: Incineroar|90/100
|
|upkeep
|turn|4
|inactive|Passevgc has 30 seconds left.
|
|t:|1782490615
|move|p1a: Sinistcha|Protect|p1a: Sinistcha
|-singleturn|p1a: Sinistcha|Protect
|move|p2a: Floette|Moonblast|p1a: Sinistcha
|-activate|p1a: Sinistcha|move: Protect
|move|p2b: Incineroar|Flare Blitz|p1a: Sinistcha
|-activate|p1a: Sinistcha|move: Protect
|move|p1b: Floette|Dazzling Gleam|p2b: Incineroar|[spread] p2a,p2b
|-damage|p2a: Floette|0 fnt
|-damage|p2b: Incineroar|26/100
|faint|p2a: Floette
|
|-sideend|p2: Passevgc|move: Tailwind
|upkeep
|
|t:|1782490620
|switch|p2a: Aerodactyl|Aerodactyl, L50, F|100/100
|turn|5
|
|t:|1782490631
|switch|p1a: Garchomp|Garchomp, L50, F|100/100
|move|p2a: Aerodactyl|Tailwind|p2a: Aerodactyl
|-sidestart|p2: Passevgc|move: Tailwind
|move|p2b: Incineroar|Flare Blitz|p1a: Garchomp
|-resisted|p1a: Garchomp|1
|-damage|p1a: Garchomp|74/100
|-damage|p2b: Incineroar|14/100|[from] ability: Rough Skin|[of] p1a: Garchomp
|-damage|p2b: Incineroar|6/100|[from] Recoil
|move|p1b: Floette|Calm Mind|p1b: Floette
|-boost|p1b: Floette|spa|1
|-boost|p1b: Floette|spd|1
|
|upkeep
|turn|6
|
|t:|1782490643
|move|p2a: Aerodactyl|Rock Slide|p1a: Garchomp|[spread] p1a,p1b
|-resisted|p1a: Garchomp|1
|-damage|p1a: Garchomp|60/100
|-damage|p1b: Floette|73/100
|move|p2b: Incineroar|Parting Shot|p1b: Floette
|-unboost|p1b: Floette|atk|1
|-unboost|p1b: Floette|spa|1
|
|t:|1782490648
|switch|p2b: Garchomp|Garchomp, L50, F|100/100|[from] Parting Shot
|cant|p1a: Garchomp|flinch
|cant|p1b: Floette|flinch
|
|upkeep
|turn|7
|
|t:|1782490657
|switch|p1a: Sinistcha|Sinistcha, L50|100/100
|-heal|p1b: Floette|98/100|[from] ability: Hospitality|[of] p1a: Sinistcha
|move|p1b: Floette|Protect|p1b: Floette
|-singleturn|p1b: Floette|Protect
|move|p2a: Aerodactyl|Rock Slide|p1b: Floette|[spread] p1a
|-activate|p1b: Floette|move: Protect
|-damage|p1a: Sinistcha|76/100
|move|p2b: Garchomp|Earthquake|p1b: Floette|[spread] p1a
|-activate|p1b: Floette|move: Protect
|-immune|p2a: Aerodactyl
|-resisted|p1a: Sinistcha|1
|-damage|p1a: Sinistcha|55/100
|-damage|p2b: Garchomp|90/100|[from] item: Life Orb
|
|upkeep
|turn|8
|
|t:|1782490669
|move|p2a: Aerodactyl|Rock Slide|p1a: Sinistcha|[spread] p1a,p1b
|-damage|p1a: Sinistcha|31/100
|-damage|p1b: Floette|67/100
|-enditem|p1a: Sinistcha|Sitrus Berry|[eat]
|-heal|p1a: Sinistcha|56/100|[from] item: Sitrus Berry
|move|p2b: Garchomp|Earthquake|p1a: Sinistcha|[spread] p1a,p1b
|-immune|p2a: Aerodactyl
|-resisted|p1a: Sinistcha|1
|-damage|p1a: Sinistcha|33/100
|-damage|p1b: Floette|10/100
|-damage|p2b: Garchomp|80/100|[from] item: Life Orb
|cant|p1b: Floette|flinch
|cant|p1a: Sinistcha|flinch
|
|-sideend|p2: Passevgc|move: Tailwind
|upkeep
|turn|9
|c|☆Passevgc|Sorry
|
|t:|1782490694
|move|p1b: Floette|Protect|p1b: Floette
|-singleturn|p1b: Floette|Protect
|move|p2a: Aerodactyl|Rock Slide|p1b: Floette|[spread] p1a
|-activate|p1b: Floette|move: Protect
|-damage|p1a: Sinistcha|11/100
|move|p2b: Garchomp|Earthquake|p1a: Sinistcha|[spread] p1a
|-activate|p1b: Floette|move: Protect
|-immune|p2a: Aerodactyl
|-resisted|p1a: Sinistcha|1
|-damage|p1a: Sinistcha|0 fnt
|faint|p1a: Sinistcha
|-damage|p2b: Garchomp|70/100|[from] item: Life Orb
|
|upkeep
|
|t:|1782490698
|switch|p1a: Garchomp|Garchomp, L50, F|60/100
|turn|10
|
|t:|1782490704
|move|p2a: Aerodactyl|Tailwind|p2a: Aerodactyl
|-sidestart|p2: Passevgc|move: Tailwind
|move|p2b: Garchomp|Earthquake|p1a: Garchomp|[spread] p1a,p1b
|-immune|p2a: Aerodactyl
|-crit|p1b: Floette
|-damage|p1a: Garchomp|9/100
|-damage|p1b: Floette|0 fnt
|faint|p1b: Floette
|-damage|p2b: Garchomp|61/100|[from] item: Life Orb
|move|p1a: Garchomp|Dragon Claw|p2b: Garchomp
|-supereffective|p2b: Garchomp|1
|-damage|p2b: Garchomp|0 fnt
|-damage|p1a: Garchomp|0 fnt|[from] ability: Rough Skin|[of] p2b: Garchomp
|faint|p2b: Garchomp
|faint|p1a: Garchomp
|
|win|Passevgc
|raw|GaliVGC's rating: 1136 → 1118(-18 for losing)
|raw|Passevgc's rating: 1241 → 1259(+18 for winning)
