|j|☆heatvw
|j|☆sqwrlyd00d
|html|heatvwsqwrlyd00d    
|uhtml|bestof|Game 2 of a best-of-3
|t:|1756949146
|gametype|doubles
|player|p1|heatvw|gambler|1145
|player|p2|sqwrlyd00d|102|1049
|gen|9
|tier|[Gen 9] VGC 2025 Reg H (Bo3)
|rated|
|rule|Species Clause: Limit one of each Pokémon
|rule|Item Clause: Limit 1 of each item
|clearpoke
|poke|p1|Flamigo, L50, M|
|poke|p1|Ninetales-Alola, L50, M|
|poke|p1|Garchomp, L50, M|
|poke|p1|Incineroar, L50, F|
|poke|p1|Amoonguss, L50, F|
|poke|p1|Kingambit, L50, M|
|poke|p2|Amoonguss, L50, F|
|poke|p2|Sneasler, L50, F|
|poke|p2|Gholdengo, L50|
|poke|p2|Incineroar, L50, M|
|poke|p2|Ursaluna-Bloodmoon, L50, M|
|poke|p2|Dragonite, L50, F|
|teampreview|4
|showteam|p1|Flamigo||ChoiceBand|Scrappy|Uturn,CloseCombat,BraveBird,Facade|||M|||50|,,,,,Stellar]Ninetales-Alola||FocusSash|SnowWarning|Protect,Encore,IcyWind,Blizzard|||M|||50|,,,,,Ghost]Garchomp||LifeOrb|RoughSkin|DragonClaw,StompingTantrum,Earthquake,Protect|||M|||50|,,,,,Ground]Incineroar||SafetyGoggles|Intimidate|FakeOut,FlareBlitz,KnockOff,PartingShot|||F|||50|,,,,,Ghost]Amoonguss||SitrusBerry|Regenerator|Spore,RagePowder,PollenPuff,Protect|||F|||50|,,,,,Water]Kingambit||AssaultVest|Defiant|KowtowCleave,IronHead,LowKick,SuckerPunch|||M|||50|,,,,,Fire
|showteam|p2|Amoonguss||SitrusBerry|Regenerator|RagePowder,Spore,PollenPuff,Protect|||F|||50|,,,,,Psychic]Sneasler||FocusSash|Unburden|Protect,DireClaw,CloseCombat,ThroatChop|||F|||50|,,,,,Stellar]Gholdengo||LifeOrb|GoodasGold|Protect,MakeItRain,ShadowBall,NastyPlot||||||50|,,,,,Water]Incineroar||SafetyGoggles|Intimidate|KnockOff,PartingShot,FlareBlitz,FakeOut|||M|||50|,,,,,Ghost]Ursaluna-Bloodmoon||AssaultVest|MindsEye|BloodMoon,EarthPower,VacuumWave,HyperVoice|||M|||50|,,,,,Water]Dragonite||LoadedDice|Multiscale|ScaleShot,Tailwind,Haze,Protect|||F|||50|,,,,,Fairy
|inactive|Battle timer is ON: inactive players will automatically lose when time's up. (requested by heatvw)
|inactive|sqwrlyd00d has 60 seconds left.
|
|t:|1756949178
|teamsize|p1|4
|teamsize|p2|4
|start
|switch|p1a: Incineroar|Incineroar, L50, F, shiny|100/100
|switch|p1b: Flamigo|Flamigo, L50, M, shiny|100/100
|switch|p2a: Luffy|Incineroar, L50, M|100/100
|switch|p2b: Golden Wind|Dragonite, L50, F|100/100
|-ability|p1a: Incineroar|Intimidate|boost
|-unboost|p2a: Luffy|atk|1
|-unboost|p2b: Golden Wind|atk|1
|-ability|p2a: Luffy|Intimidate|boost
|-unboost|p1a: Incineroar|atk|1
|-fail|p1b: Flamigo|unboost|Attack|[from] ability: Scrappy|[of] p1b: Flamigo
|turn|1
|inactive|heatvw has 30 seconds left.
|inactive|sqwrlyd00d has 30 seconds left.
|inactive|sqwrlyd00d has 20 seconds left.
|
|t:|1756949214
|move|p2a: Luffy|Fake Out|p1b: Flamigo
|-damage|p1b: Flamigo|89/100
|cant|p1b: Flamigo|flinch
|move|p2b: Golden Wind|Tailwind|p2b: Golden Wind
|-sidestart|p2: sqwrlyd00d|move: Tailwind
|move|p1a: Incineroar|Parting Shot|p2b: Golden Wind
|-unboost|p2b: Golden Wind|atk|1
|-unboost|p2b: Golden Wind|spa|1
|
|t:|1756949222
|switch|p1a: Garchomp|Garchomp, L50, M, shiny|100/100|[from] Parting Shot
|
|upkeep
|turn|2
|inactive|sqwrlyd00d has 30 seconds left.
|inactive|sqwrlyd00d has 20 seconds left.
|inactive|sqwrlyd00d has 15 seconds left.
|inactive|sqwrlyd00d has 10 seconds left.
|inactive|sqwrlyd00d has 5 seconds left.
|
|t:|1756949273
|-terastallize|p2b: Golden Wind|Fairy
|-terastallize|p1a: Garchomp|Ground
|move|p2b: Golden Wind|Haze|p2b: Golden Wind
|-clearallboost
|move|p2a: Luffy|Parting Shot|p1b: Flamigo
|-unboost|p1b: Flamigo|atk|1
|-unboost|p1b: Flamigo|spa|1
|
|t:|1756949281
|switch|p2a: 8|Sneasler, L50, F|100/100|[from] Parting Shot
|move|p1a: Garchomp|Earthquake|p2b: Golden Wind|[spread] p2a,p2b
|-immune|p1b: Flamigo
|-supereffective|p2a: 8
|-enditem|p2a: 8|Focus Sash
|-damage|p2a: 8|1/100
|-damage|p2b: Golden Wind|64/100
|-damage|p1a: Garchomp|91/100|[from] item: Life Orb
|move|p1b: Flamigo|Brave Bird|p2b: Golden Wind
|-damage|p2b: Golden Wind|0 fnt
|faint|p2b: Golden Wind
|-damage|p1b: Flamigo|67/100|[from] Recoil
|
|upkeep
|
|t:|1756949289
|switch|p2b: Luffy|Incineroar, L50, M|100/100
|-ability|p2b: Luffy|Intimidate|boost
|-unboost|p1a: Garchomp|atk|1
|-fail|p1b: Flamigo|unboost|Attack|[from] ability: Scrappy|[of] p1b: Flamigo
|turn|3
|inactive|sqwrlyd00d has 30 seconds left.
|
|t:|1756949320
|switch|p1b: Incineroar|Incineroar, L50, F, shiny|100/100
|-ability|p1b: Incineroar|Intimidate|boost
|-unboost|p2a: 8|atk|1
|-unboost|p2b: Luffy|atk|1
|move|p2b: Luffy|Fake Out|p1a: Garchomp
|-damage|p1a: Garchomp|83/100
|-damage|p2b: Luffy|88/100|[from] ability: Rough Skin|[of] p1a: Garchomp
|move|p2a: 8|Close Combat|p1b: Incineroar
|-supereffective|p1b: Incineroar
|-damage|p1b: Incineroar|24/100
|-unboost|p2a: 8|def|1
|-unboost|p2a: 8|spd|1
|cant|p1a: Garchomp|flinch
|
|upkeep
|turn|4
|
|t:|1756949337
|switch|p1b: Flamigo|Flamigo, L50, M, shiny|67/100
|move|p2a: 8|Protect|p2a: 8
|-singleturn|p2a: 8|Protect
|move|p2b: Luffy|Parting Shot|p1a: Garchomp
|-unboost|p1a: Garchomp|atk|1
|-unboost|p1a: Garchomp|spa|1
|
|t:|1756949344
|switch|p2b: Tony|Ursaluna-Bloodmoon, L50, M|100/100|[from] Parting Shot
|move|p1a: Garchomp|Earthquake|p2a: 8|[spread] p2b
|-activate|p2a: 8|move: Protect
|-immune|p1b: Flamigo
|-crit|p2b: Tony
|-damage|p2b: Tony|28/100
|-damage|p1a: Garchomp|73/100|[from] item: Life Orb
|
|-sideend|p2: sqwrlyd00d|move: Tailwind
|upkeep
|turn|5
|
|t:|1756949359
|move|p2a: 8|Dire Claw|p1b: Flamigo
|-damage|p1b: Flamigo|27/100
|-status|p1b: Flamigo|par
|move|p1a: Garchomp|Dragon Claw|p2a: 8
|-damage|p2a: 8|0 fnt
|faint|p2a: 8
|-damage|p1a: Garchomp|63/100|[from] item: Life Orb
|move|p2b: Tony|Blood Moon|p1a: Garchomp
|-damage|p1a: Garchomp|0 fnt
|faint|p1a: Garchomp
|cant|p1b: Flamigo|par
|
|upkeep
|
|t:|1756949377
|switch|p2a: Luffy|Incineroar, L50, M|88/100
|switch|p1a: Incineroar|Incineroar, L50, F, shiny|24/100
|-ability|p1a: Incineroar|Intimidate|boost
|-unboost|p2a: Luffy|atk|1
|-unboost|p2b: Tony|atk|1
|-ability|p2a: Luffy|Intimidate|boost
|-unboost|p1a: Incineroar|atk|1
|-fail|p1b: Flamigo|unboost|Attack|[from] ability: Scrappy|[of] p1b: Flamigo
|turn|6
|
|t:|1756949393
|move|p1a: Incineroar|Fake Out|p2b: Tony
|-damage|p2b: Tony|21/100
|move|p2a: Luffy|Fake Out|p1a: Incineroar
|-damage|p1a: Incineroar|16/100
|cant|p2b: Tony|flinch
|move|p1b: Flamigo|Close Combat|p2a: Luffy
|-supereffective|p2a: Luffy
|-damage|p2a: Luffy|0 fnt
|-unboost|p1b: Flamigo|def|1
|-unboost|p1b: Flamigo|spd|1
|faint|p2a: Luffy
|
|upkeep
|turn|7
|
|t:|1756949410
|move|p1a: Incineroar|Parting Shot|p2b: Tony
|-unboost|p2b: Tony|atk|1
|-unboost|p2b: Tony|spa|1
|
|t:|1756949413
|switch|p1a: Ninetales|Ninetales-Alola, L50, M|100/100|[from] Parting Shot
|-weather|Snowscape|[from] ability: Snow Warning|[of] p1a: Ninetales
|move|p2b: Tony|Hyper Voice|p1a: Ninetales|[spread] p1a,p1b
|-damage|p1a: Ninetales|70/100
|-damage|p1b: Flamigo|0 fnt
|faint|p1b: Flamigo
|
|-weather|Snowscape|[upkeep]
|upkeep
|-message|sqwrlyd00d forfeited.
|
|win|heatvw
|l|☆sqwrlyd00d
|player|p2|
||heatvw is ready for game 3.
||sqwrlyd00d is ready for game 3.
|uhtml|next|Next: Game 3 of 3
