|j|☆willninja08
|j|☆Dimman188
|html|willninja08Dimman188    
|uhtml|bestof|Game 1 of a best-of-3
|t:|1785504032
|gametype|doubles
|player|p1|willninja08|170|
|player|p2|Dimman188|169|
|gen|9
|tier|[Gen 9 Champions] VGC 2026 Reg M-B (Bo3)
|rule|Species Clause: Limit one of each Pokémon
|rule|Item Clause: Limit 1 of each item
|clearpoke
|poke|p1|Raichu, L50, M|
|poke|p1|Jolteon, L50, M|
|poke|p1|Ninetales-Alola, L50, F|
|poke|p1|Gyarados, L50, F|
|poke|p1|Incineroar, L50, M|
|poke|p1|Basculegion, L50, M|
|poke|p2|Annihilape, L50, F|
|poke|p2|Garchomp, L50, F|
|poke|p2|Gholdengo, L50|
|poke|p2|Aerodactyl, L50, M|
|poke|p2|Incineroar, L50, M|
|poke|p2|Zoroark-Hisui, L50, M|
|teampreview|4
|showteam|p1|Raichu||RaichuniteX|LightningRod|FakeOut,Encore,RisingVoltage,Protect|Timid||M|||50|]Jolteon||LifeOrb|VoltAbsorb|RisingVoltage,Electroweb,WeatherBall,Protect|Modest||M|||50|]Ninetales-Alola||FocusSash|SnowWarning|Blizzard,FreezeDry,Roar,Protect|Timid||F|||50|]Gyarados||Gyaradosite|Intimidate|Waterfall,Crunch,DragonDance,Protect|Jolly||F|||50|]Incineroar||SitrusBerry|Intimidate|FakeOut,PartingShot,ThroatChop,FlareBlitz|Jolly||M|||50|]Basculegion||ChoiceScarf|Adaptability|WaveCrash,LastRespects,AquaJet,FlipTurn|Jolly||M|||50|
|showteam|p2|Annihilape||SitrusBerry|Defiant|DrainPunch,PhantomForce,BulkUp,Protect|Adamant||F|||50|]Garchomp||LifeOrb|RoughSkin|DragonClaw,Earthquake,RockSlide,Protect|Jolly||F|||50|]Gholdengo||WhiteHerb|GoodasGold|MakeItRain,ShadowBall,NastyPlot,Protect|Timid|||||50|]Aerodactyl||Aerodactylite|Unnerve|RockSlide,DualWingbeat,Tailwind,Protect|Adamant||M|||50|]Incineroar||ChopleBerry|Intimidate|ThroatChop,PartingShot,FakeOut,FlareBlitz|Jolly||M|||50|]Zoroark-Hisui||ChoiceScarf|Illusion|BitterMalice,HyperVoice,HyperBeam,Flamethrower|Timid||M|||50|
|l|☆willninja08
|player|p1|
|j|☆willninja08
|player|p1|willninja08|170|
|
|t:|1785504108
|teamsize|p1|4
|teamsize|p2|4
|start
|switch|p1a: Raichu|Raichu, L50, M|100/100
|switch|p1b: Jolteon|Jolteon, L50, M|100/100
|switch|p2a: Garchomp|Garchomp, L50, F|100/100
|switch|p2b: Gholdengo|Gholdengo, L50|100/100
|turn|1
|
|t:|1785504176
|detailschange|p1a: Raichu|Raichu-Mega-X, L50, M
|-mega|p1a: Raichu|Raichu|Raichunite X
|-fieldstart|move: Electric Terrain|[from] ability: Electric Surge|[of] p1a: Raichu
|move|p2b: Gholdengo|Protect|p2b: Gholdengo
|-singleturn|p2b: Gholdengo|Protect
|move|p1a: Raichu|Fake Out|p2a: Garchomp
|-immune|p2a: Garchomp
|move|p2a: Garchomp|Hyper Beam|p1b: Jolteon
|-damage|p1b: Jolteon|2/100
|-mustrecharge|p2a: Garchomp
|move|p1b: Jolteon|Rising Voltage|p2b: Gholdengo
|-activate|p2b: Gholdengo|move: Protect
|
|upkeep
|turn|2
|
|t:|1785504203
|cant|p2a: Garchomp|recharge
|move|p1b: Jolteon|Electroweb|p2b: Gholdengo|[spread] p2a,p2b
|-damage|p2a: Garchomp|26/100
|-damage|p2b: Gholdengo|56/100
|-unboost|p2a: Garchomp|spe|1
|-unboost|p2b: Gholdengo|spe|1
|replace|p2a: Zoroark|Zoroark-Hisui, L50, M
|-end|p2a: Zoroark|Illusion
|-damage|p1b: Jolteon|0 fnt|[from] item: Life Orb
|faint|p1b: Jolteon
|-enditem|p2b: Gholdengo|White Herb
|-clearnegativeboost|p2b: Gholdengo|[silent]
|move|p1a: Raichu|Encore|p2b: Gholdengo
|-immune|p2b: Gholdengo|[from] ability: Good as Gold
|move|p2b: Gholdengo|Make It Rain|p1a: Raichu
|-resisted|p1a: Raichu|1
|-damage|p1a: Raichu|60/100
|-unboost|p2b: Gholdengo|spa|2
|
|upkeep
|
|t:|1785504224
|switch|p1b: Ninetales|Ninetales-Alola, L50, F|100/100
|-weather|Snowscape|[from] ability: Snow Warning|[of] p1b: Ninetales
|turn|3
|
|t:|1785504254
|move|p1a: Raichu|Rising Voltage|p2b: Gholdengo
|-hint|Rising Voltage's BP doubled on grounded target.
|-damage|p2b: Gholdengo|0 fnt
|faint|p2b: Gholdengo
|move|p1b: Ninetales|Blizzard|p2a: Zoroark
|-damage|p2a: Zoroark|0 fnt
|faint|p2a: Zoroark
|
|-weather|Snowscape|[upkeep]
|upkeep
|
|t:|1785504262
|switch|p2a: Incineroar|Incineroar, L50, M|100/100
|switch|p2b: Garchomp|Garchomp, L50, F|100/100
|-ability|p2a: Incineroar|Intimidate|boost
|-unboost|p1a: Raichu|atk|1
|-unboost|p1b: Ninetales|atk|1
|turn|4
|
|t:|1785504279
|move|p1a: Raichu|Protect|p1a: Raichu
|-singleturn|p1a: Raichu|Protect
|move|p1b: Ninetales|Protect|p1b: Ninetales
|-singleturn|p1b: Ninetales|Protect
|move|p2a: Incineroar|Fake Out|p1b: Ninetales
|-activate|p1b: Ninetales|move: Protect
|move|p2b: Garchomp|Dragon Claw|p1a: Raichu
|-activate|p1a: Raichu|move: Protect
|
|-weather|Snowscape|[upkeep]
|upkeep
|turn|5
|
|t:|1785504307
|move|p1a: Raichu|Encore|p2a: Incineroar
|-start|p2a: Incineroar|Encore
|move|p2a: Incineroar|Fake Out||[still]
|-hint|Fake Out only works on your first turn out.
|-fail|p2a: Incineroar
|move|p1b: Ninetales|Blizzard|p2a: Incineroar|[spread] p2a,p2b
|-resisted|p2a: Incineroar|1
|-supereffective|p2b: Garchomp|2
|-damage|p2a: Incineroar|85/100
|-damage|p2b: Garchomp|0 fnt
|faint|p2b: Garchomp
|
|-weather|Snowscape|[upkeep]
|-fieldend|move: Electric Terrain
|upkeep
|turn|6
|
|t:|1785504321
|switch|p1a: Basculegion|Basculegion, L50, M|100/100
|move|p1b: Ninetales|Blizzard|p2a: Incineroar
|-resisted|p2a: Incineroar|1
|-damage|p2a: Incineroar|62/100
|-activate|p2a: Incineroar|move: Struggle
|move|p2a: Incineroar|Struggle|p1a: Basculegion
|-damage|p1a: Basculegion|81/100
|-damage|p2a: Incineroar|37/100|[from] recoil
|
|-weather|Snowscape|[upkeep]
|upkeep
|turn|7
|
|t:|1785504335
|move|p1a: Basculegion|Wave Crash|p2a: Incineroar
|-supereffective|p2a: Incineroar|1
|-damage|p2a: Incineroar|0 fnt
|faint|p2a: Incineroar
|-damage|p1a: Basculegion|68/100|[from] Recoil
|
|win|willninja08
||Dimman188 is ready for game 2.
||willninja08 is ready for game 2.
|uhtml|next|Next: Game 2 of 3
|l|☆Dimman188
|player|p2|
