|j|☆Werma985
|j|☆FRD DecK
|html|Werma985FRD DecK    
|uhtml|bestof|Game 3 of a best-of-3
|t:|1785613445
|gametype|doubles
|player|p1|Werma985|teacher|
|player|p2|FRD DecK|cheren-gen5bw2|
|gen|9
|tier|[Gen 9 Champions] VGC 2026 Reg M-B (Bo3)
|rule|Species Clause: Limit one of each Pokémon
|rule|Item Clause: Limit 1 of each item
|clearpoke
|poke|p1|Emboar, L50, M, shiny|
|poke|p1|Scolipede, L50, M|
|poke|p1|Bellibolt, L50, F|
|poke|p1|Scrafty, L50, F|
|poke|p1|Mimikyu, L50, M|
|poke|p1|Corviknight, L50, F|
|poke|p2|Alakazam, L50, F|
|poke|p2|Meowstic, L50, M|
|poke|p2|Volcarona, L50, F|
|poke|p2|Scrafty, L50, F|
|poke|p2|Gardevoir, L50, M|
|poke|p2|Conkeldurr, L50, M|
|teampreview|4
|showteam|p1|Emboar||Emboarite|Reckless|FlareBlitz,CloseCombat,HighHorsepower,Protect|Adamant||M|||50|]Scolipede||FocusSash|SpeedBoost|PoisonJab,SwordsDance,BatonPass,Protect|Adamant||M|||50|]Bellibolt||Magnet|Electromorphosis|ParabolicCharge,Thunderbolt,MuddyWater,Protect|Modest||F|||50|]Scrafty||SitrusBerry|Intimidate|DrainPunch,KnockOff,FakeOut,Detect|Careful||F|||50|]Mimikyu||LifeOrb|Disguise|PlayRough,ShadowSneak,ShadowClaw,TrickRoom|Adamant||M|||50|]Corviknight||Leftovers|MirrorArmor|BraveBird,IronHead,Roost,Tailwind|Adamant||F|||50|
|showteam|p2|Alakazam||Alakazite|Synchronize|ExpandingForce,DazzlingGleam,Substitute,Protect|Timid||F|||50|]Meowstic||FocusSash|Prankster|PsychicTerrain,HelpingHand,ThunderWave,Psychic|Modest||M|||50|]Volcarona||Leftovers|FlameBody|HeatWave,RagePowder,WillOWisp,Protect|Modest||F|||50|]Scrafty||SitrusBerry|Intimidate|CloseCombat,Snarl,KnockOff,FakeOut|Careful||F|||50|]Gardevoir||Gardevoirite|Trace|HyperVoice,ExpandingForce,TrickRoom,Protect|Quiet||M|||50|]Conkeldurr||LifeOrb|SheerForce|BodySlam,HammerArm,RockSlide,Protect|Brave||M|||50|
|inactive|Battle timer is ON: inactive players will automatically lose when time's up. (requested by Werma985)
|inactive|Werma985 has 60 seconds left.
|inactive|FRD DecK has 60 seconds left.
|inactive|Werma985 has 30 seconds left.
|inactive|Werma985 has 20 seconds left.
|inactive|Werma985 has 15 seconds left.
|inactive|Werma985 has 10 seconds left.
|inactive|Werma985 has 5 seconds left.
|
|t:|1785613533
|teamsize|p1|4
|teamsize|p2|4
|start
|switch|p1a: Jokerinho|Bellibolt, L50, F|100/100
|switch|p1b: Melagoodo|Mimikyu, L50, M|100/100
|switch|p2a: Meowstic|Meowstic, L50, M|100/100
|switch|p2b: Alakazam|Alakazam, L50, F|100/100
|turn|1
|
|t:|1785613558
|detailschange|p2b: Alakazam|Alakazam-Mega, L50, F
|-mega|p2b: Alakazam|Alakazam|Alakazite
|-ability|p2b: Alakazam|Electromorphosis|Trace|[from] ability: Trace|[of] p1a: Jokerinho
|move|p2b: Alakazam|Protect|p2b: Alakazam
|-singleturn|p2b: Alakazam|Protect
|move|p1a: Jokerinho|Protect|p1a: Jokerinho
|-singleturn|p1a: Jokerinho|Protect
|move|p2a: Meowstic|Psychic|p1b: Melagoodo
|-activate|p1b: Melagoodo|ability: Disguise
|-damage|p1b: Melagoodo|100/100
|-unboost|p1b: Melagoodo|spd|1
|detailschange|p1b: Melagoodo|Mimikyu-Busted, L50, M
|-damage|p1b: Melagoodo|88/100|[from] pokemon: Mimikyu-Busted
|move|p1b: Melagoodo|Trick Room|p1b: Melagoodo
|-fieldstart|move: Trick Room|[of] p1b: Melagoodo
|
|upkeep
|turn|2
|inactive|Werma985 has 30 seconds left.
|inactive|FRD DecK has 30 seconds left.
|
|t:|1785613585
|switch|p2b: Scrafty|Scrafty, L50, F|100/100
|-ability|p2b: Scrafty|Intimidate|boost
|-unboost|p1a: Jokerinho|atk|1
|-unboost|p1b: Melagoodo|atk|1
|move|p1a: Jokerinho|Thunderbolt|p2a: Meowstic
|-damage|p2a: Meowstic|25/100
|move|p1b: Melagoodo|Shadow Claw|p2b: Scrafty
|-resisted|p2b: Scrafty|1
|-damage|p2b: Scrafty|87/100
|-damage|p1b: Melagoodo|78/100|[from] item: Life Orb
|move|p2a: Meowstic|Psychic|p1b: Melagoodo
|-damage|p1b: Melagoodo|22/100
|
|upkeep
|turn|3
|inactive|FRD DecK has 30 seconds left.
|
|t:|1785613611
|switch|p1b: Mike Muscala|Scolipede, L50, M|100/100
|move|p2a: Meowstic|Psychic Terrain|p2a: Meowstic
|-fieldstart|move: Psychic Terrain
|move|p1a: Jokerinho|Thunderbolt|p2a: Meowstic
|-damage|p2a: Meowstic|0 fnt
|faint|p2a: Meowstic
|move|p2b: Scrafty|Snarl|p1b: Mike Muscala|[spread] p1a,p1b
|-damage|p1a: Jokerinho|93/100
|-damage|p1b: Mike Muscala|86/100
|-unboost|p1a: Jokerinho|spa|1
|-unboost|p1b: Mike Muscala|spa|1
|-start|p1a: Jokerinho|Charge|Snarl|[from] ability: Electromorphosis
|
|upkeep
|
|t:|1785613616
|switch|p2a: Volcarona|Volcarona, L50, F|100/100
|turn|4
|inactive|Werma985 has 30 seconds left.
|inactive|FRD DecK has 30 seconds left.
|inactive|Werma985 has 20 seconds left.
|inactive|Werma985 has 15 seconds left.
|
|t:|1785613657
|move|p1a: Jokerinho|Thunderbolt|p2a: Volcarona
|-damage|p2a: Volcarona|40/100
|-end|p1a: Jokerinho|Charge|[silent]
|move|p2b: Scrafty|Snarl|p1b: Mike Muscala|[spread] p1a,p1b
|-crit|p1a: Jokerinho
|-damage|p1a: Jokerinho|83/100
|-damage|p1b: Mike Muscala|73/100
|-unboost|p1a: Jokerinho|spa|1
|-unboost|p1b: Mike Muscala|spa|1
|-start|p1a: Jokerinho|Charge|Snarl|[from] ability: Electromorphosis
|move|p2a: Volcarona|Will-O-Wisp|p1b: Mike Muscala
|-status|p1b: Mike Muscala|brn
|move|p1b: Mike Muscala|Baton Pass|p1b: Mike Muscala
|
|t:|1785613679
|switch|p1b: Mela Goduta|Corviknight, L50, F|100/100|[from] Baton Pass
|
|-heal|p2a: Volcarona|46/100|[from] item: Leftovers
|upkeep
|turn|5
|
|t:|1785613700
|switch|p1a: Mike Muscala|Scolipede, L50, M|73/100 brn
|switch|p2b: Alakazam|Alakazam-Mega, L50, F|100/100
|-ability|p2b: Alakazam|Speed Boost|Trace|[from] ability: Trace|[of] p1a: Mike Muscala
|move|p1b: Mela Goduta|Tailwind|p1b: Mela Goduta
|-sidestart|p1: Werma985|move: Tailwind
|move|p2a: Volcarona|Heat Wave|p1b: Mela Goduta|[spread] p1a,p1b
|-supereffective|p1a: Mike Muscala|1
|-supereffective|p1b: Mela Goduta|1
|-damage|p1a: Mike Muscala|0 fnt
|-damage|p1b: Mela Goduta|34/100
|faint|p1a: Mike Muscala
|
|-heal|p2a: Volcarona|53/100|[from] item: Leftovers
|-heal|p1b: Mela Goduta|40/100|[from] item: Leftovers
|-fieldend|move: Trick Room
|upkeep
|
|t:|1785613715
|switch|p1a: Jokerinho|Bellibolt, L50, F|83/100
|turn|6
|
|t:|1785613737
|move|p2a: Volcarona|Rage Powder|p2a: Volcarona
|-singleturn|p2a: Volcarona|move: Rage Powder
|move|p2b: Alakazam|Expanding Force|p1a: Jokerinho|[spread] p1a,p1b
|-resisted|p1b: Mela Goduta|1
|-damage|p1a: Jokerinho|15/100
|-damage|p1b: Mela Goduta|3/100
|-start|p1a: Jokerinho|Charge|Expanding Force|[from] ability: Electromorphosis
|move|p1b: Mela Goduta|Roost|p1b: Mela Goduta
|-heal|p1b: Mela Goduta|53/100
|-singleturn|p1b: Mela Goduta|move: Roost
|move|p1a: Jokerinho|Parabolic Charge|p2b: Alakazam|[spread] p1b,p2a,p2b
|-damage|p1b: Mela Goduta|0 fnt
|-heal|p1a: Jokerinho|41/100|[from] drain|[of] p1b: Mela Goduta
|-damage|p2a: Volcarona|1/100
|-heal|p1a: Jokerinho|65/100|[from] drain|[of] p2a: Volcarona
|-damage|p2b: Alakazam|25/100
|-heal|p1a: Jokerinho|89/100|[from] drain|[of] p2b: Alakazam
|faint|p1b: Mela Goduta
|-end|p1a: Jokerinho|Charge|[silent]
|
|-heal|p2a: Volcarona|7/100|[from] item: Leftovers
|-ability|p2b: Alakazam|Speed Boost|boost
|-boost|p2b: Alakazam|spe|1
|upkeep
|
|t:|1785613754
|switch|p1b: Melagoodo|Mimikyu-Busted, L50, M|22/100
|turn|7
|inactive|Werma985 has 30 seconds left.
|inactive|FRD DecK has 30 seconds left.
|
|t:|1785613789
|move|p2a: Volcarona|Rage Powder|p2a: Volcarona
|-singleturn|p2a: Volcarona|move: Rage Powder
|move|p2b: Alakazam|Expanding Force|p1b: Melagoodo|[spread] p1a,p1b
|-damage|p1a: Jokerinho|16/100
|-damage|p1b: Melagoodo|0 fnt
|-start|p1a: Jokerinho|Charge|Expanding Force|[from] ability: Electromorphosis
|faint|p1b: Melagoodo
|move|p1a: Jokerinho|Parabolic Charge|p2b: Alakazam|[spread] p2a,p2b
|-damage|p2a: Volcarona|0 fnt
|-heal|p1a: Jokerinho|20/100y|[from] drain|[of] p2a: Volcarona
|-damage|p2b: Alakazam|0 fnt
|-heal|p1a: Jokerinho|28/100|[from] drain|[of] p2b: Alakazam
|faint|p2a: Volcarona
|faint|p2b: Alakazam
|-end|p1a: Jokerinho|Charge|[silent]
|
|-fieldend|move: Psychic Terrain
|upkeep
|
|t:|1785613796
|switch|p2b: Scrafty|Scrafty, L50, F|87/100
|-ability|p2b: Scrafty|Intimidate|boost
|-unboost|p1a: Jokerinho|atk|1
|turn|8
|inactive|FRD DecK has 30 seconds left.
|
|t:|1785613826
|move|p1a: Jokerinho|Protect|p1a: Jokerinho
|-singleturn|p1a: Jokerinho|Protect
|move|p2b: Scrafty|Fake Out|p1a: Jokerinho
|-activate|p1a: Jokerinho|move: Protect
|
|-sideend|p1: Werma985|move: Tailwind
|upkeep
|turn|9
|
|t:|1785613839
|move|p2b: Scrafty|Close Combat|p1a: Jokerinho
|-damage|p1a: Jokerinho|0 fnt
|-unboost|p2b: Scrafty|def|1
|-unboost|p2b: Scrafty|spd|1
|faint|p1a: Jokerinho
|
|win|FRD DecK
|c|☆FRD DecK|Gg
|c|☆Werma985|Gg
