|j|☆MistaRatistel
|j|☆Rumitel
|html|MistaRatistelRumitel    
|uhtml|bestof|Game 3 of a best-of-3
|t:|1782242233
|gametype|doubles
|player|p1|MistaRatistel|iris-gen5bw2|1078
|player|p2|Rumitel|n|1060
|gen|9
|tier|[Gen 9 Champions] VGC 2026 Reg M-B (Bo3)
|rated|
|rule|Species Clause: Limit one of each Pokémon
|rule|Item Clause: Limit 1 of each item
|clearpoke
|poke|p1|Eelektross, L50, F, shiny|
|poke|p1|Garchomp, L50, F|
|poke|p1|Kingambit, L50, F|
|poke|p1|Pelipper, L50, F|
|poke|p1|Swampert, L50, F, shiny|
|poke|p1|Oranguru, L50, F|
|poke|p2|Staraptor, L50, M|
|poke|p2|Whimsicott, L50, F|
|poke|p2|Farigiraf, L50, F|
|poke|p2|Incineroar, L50, F|
|poke|p2|Garchomp, L50, F|
|poke|p2|Mawile, L50, M|
|teampreview|4
|showteam|p1|Eelektross||Eelektrossite|Levitate|Discharge,Thunderbolt,Protect,GigaDrain|Modest||F|||50|]Garchomp||LifeOrb|RoughSkin|Earthquake,DragonClaw,Protect,RockSlide|Adamant||F|||50|]Kingambit||FocusSash|Defiant|SuckerPunch,KowtowCleave,IronHead,Protect|Adamant||F|||50|]Pelipper||DampRock|Drizzle|Hurricane,Tailwind,HelpingHand,Protect|Timid||F|||50|]Swampert||Swampertite|Torrent|Earthquake,WaveCrash,Protect,IcePunch|Adamant||F|||50|]Oranguru||ColburBerry|Telepathy|TrickRoom,Instruct,Protect,Psychic|Bold||F|||50|
|showteam|p2|Staraptor||Staraptite|Intimidate|CloseCombat,Roost,BlazeKick,BraveBird|Jolly||M|||50|]Whimsicott||FocusSash|Prankster|Tailwind,Encore,WorrySeed,Moonblast|Timid||F|||50|]Farigiraf||SitrusBerry|ArmorTail|TrickRoom,HelpingHand,Psychic,Protect|Calm||F|||50|]Incineroar||Charcoal|Intimidate|FakeOut,FlareBlitz,ThroatChop,PartingShot|Adamant||F|||50|]Garchomp||LifeOrb|RoughSkin|RockSlide,DragonClaw,StompingTantrum,Protect|Jolly||F|||50|]Mawile||Mawilite|HyperCutter|Protect,PlayRough,SuckerPunch,IronHead|Adamant||M|||50|
|inactive|Battle timer is ON: inactive players will automatically lose when time's up. (requested by Rumitel)
|
|t:|1782242254
|teamsize|p1|4
|teamsize|p2|4
|start
|switch|p1a: Pelipper|Pelipper, L50, F|100/100
|switch|p1b: Swampert|Swampert, L50, F, shiny|100/100
|switch|p2a: Staraptor|Staraptor, L50, M|100/100
|switch|p2b: Incineroar|Incineroar, L50, F|100/100
|-ability|p2a: Staraptor|Intimidate|boost
|-unboost|p1a: Pelipper|atk|1
|-unboost|p1b: Swampert|atk|1
|-weather|RainDance|[from] ability: Drizzle|[of] p1a: Pelipper
|-ability|p2b: Incineroar|Intimidate|boost
|-unboost|p1a: Pelipper|atk|1
|-unboost|p1b: Swampert|atk|1
|turn|1
|inactive|MistaRatistel has 30 seconds left.
|inactive|Rumitel has 30 seconds left.
|inactive|Rumitel has 20 seconds left.
|inactive|Rumitel has 15 seconds left.
|inactive|Rumitel has 10 seconds left.
|
|t:|1782242302
|switch|p1b: Garchomp|Garchomp, L50, F|100/100
|switch|p2b: Whimsicott|Whimsicott, L50, F|100/100
|detailschange|p2a: Staraptor|Staraptor-Mega, L50, M
|-mega|p2a: Staraptor|Staraptor|Staraptite
|move|p2a: Staraptor|Close Combat|p1b: Garchomp
|-damage|p1b: Garchomp|38/100
|-boost|p2a: Staraptor|def|1
|-boost|p2a: Staraptor|spd|1
|-damage|p2a: Staraptor|87/100|[from] ability: Rough Skin|[of] p1b: Garchomp
|move|p1a: Pelipper|Tailwind|p1a: Pelipper
|-sidestart|p1: MistaRatistel|move: Tailwind
|
|-weather|RainDance|[upkeep]
|upkeep
|turn|2
|inactive|Rumitel has 30 seconds left.
|
|t:|1782242329
|move|p2b: Whimsicott|Encore|p1a: Pelipper
|-start|p1a: Pelipper|Encore
|move|p1b: Garchomp|Rock Slide|p2b: Whimsicott|[spread] p2a,p2b
|-damage|p2a: Staraptor|68/100
|-damage|p2b: Whimsicott|57/100
|-damage|p1b: Garchomp|28/100|[from] item: Life Orb
|move|p1a: Pelipper|Tailwind||[still]
|-fail|p1a: Pelipper
|cant|p2a: Staraptor|flinch
|
|-weather|RainDance|[upkeep]
|upkeep
|turn|3
|
|t:|1782242350
|switch|p1a: Kingambit|Kingambit, L50, F|100/100
|move|p2b: Whimsicott|Tailwind|p2b: Whimsicott
|-sidestart|p2: Rumitel|move: Tailwind
|move|p2a: Staraptor|Close Combat|p1b: Garchomp
|-damage|p1b: Garchomp|0 fnt
|-boost|p2a: Staraptor|def|1
|-boost|p2a: Staraptor|spd|1
|-damage|p2a: Staraptor|56/100|[from] ability: Rough Skin|[of] p1b: Garchomp
|faint|p1b: Garchomp
|
|-weather|RainDance|[upkeep]
|upkeep
|
|t:|1782242361
|switch|p1b: Swampert|Swampert, L50, F, shiny|100/100
|turn|4
|
|t:|1782242384
|switch|p2b: Garchomp|Garchomp, L50, F|100/100
|detailschange|p1b: Swampert|Swampert-Mega, L50, F, shiny
|-mega|p1b: Swampert|Swampert|Swampertite
|move|p1b: Swampert|Ice Punch|p2a: Staraptor
|-supereffective|p2a: Staraptor|1
|-damage|p2a: Staraptor|26/100
|move|p2a: Staraptor|Close Combat|p1b: Swampert
|-damage|p1b: Swampert|44/100
|-boost|p2a: Staraptor|def|1
|-boost|p2a: Staraptor|spd|1
|move|p1a: Kingambit|Iron Head|p2b: Garchomp
|-damage|p2b: Garchomp|59/100
|-damage|p1a: Kingambit|87/100|[from] ability: Rough Skin|[of] p2b: Garchomp
|
|-weather|RainDance|[upkeep]
|-sideend|p1: MistaRatistel|move: Tailwind
|upkeep
|turn|5
|inactive|Rumitel has 30 seconds left.
|inactive|MistaRatistel has 30 seconds left.
|
|t:|1782242422
|switch|p1a: Pelipper|Pelipper, L50, F|100/100
|move|p2a: Staraptor|Roost|p2a: Staraptor
|-heal|p2a: Staraptor|76/100
|-singleturn|p2a: Staraptor|move: Roost
|move|p2b: Garchomp|Stomping Tantrum|p1b: Swampert
|-damage|p1b: Swampert|0 fnt
|faint|p1b: Swampert
|-damage|p2b: Garchomp|49/100|[from] item: Life Orb
|
|-weather|RainDance|[upkeep]
|upkeep
|
|t:|1782242433
|switch|p1b: Kingambit|Kingambit, L50, F|87/100
|turn|6
|
|t:|1782242453
|move|p1b: Kingambit|Sucker Punch|p2b: Garchomp
|-damage|p2b: Garchomp|14/100
|-damage|p1b: Kingambit|75/100|[from] ability: Rough Skin|[of] p2b: Garchomp
|move|p2a: Staraptor|Close Combat|p1b: Kingambit
|-supereffective|p1b: Kingambit|2
|-damage|p1b: Kingambit|0 fnt
|-boost|p2a: Staraptor|def|1
|-boost|p2a: Staraptor|spd|1
|faint|p1b: Kingambit
|move|p2b: Garchomp|Rock Slide|p1a: Pelipper
|-supereffective|p1a: Pelipper|1
|-damage|p1a: Pelipper|11/100
|-damage|p2b: Garchomp|4/100|[from] item: Life Orb
|move|p1a: Pelipper|Hurricane|p2a: Staraptor
|-supereffective|p2a: Staraptor|1
|-damage|p2a: Staraptor|37/100
|
|-weather|RainDance|[upkeep]
|-sideend|p2: Rumitel|move: Tailwind
|upkeep
|turn|7
|-message|MistaRatistel forfeited.
|raw|MistaRatistel's rating: 1078 → 1055(-23 for losing)
|raw|Rumitel's rating: 1060 → 1093(+33 for winning)
|
|win|Rumitel
|l|☆MistaRatistel
|player|p1|
