|j|☆Clementine1997
|j|☆browe
|html|Clementine1997browe    
|uhtml|bestof|Game 1 of a best-of-3
|t:|1757732597
|gametype|doubles
|player|p1|Clementine1997|clair|1060
|player|p2|browe|shadowtriad|1173
|gen|9
|tier|[Gen 9] VGC 2025 Reg H (Bo3)
|rated|
|rule|Species Clause: Limit one of each Pokémon
|rule|Item Clause: Limit 1 of each item
|clearpoke
|poke|p1|Whimsicott, L50, F|
|poke|p1|Rillaboom, L50, M|
|poke|p1|Charizard, L50, F|
|poke|p1|Kingambit, L50, M|
|poke|p1|Electabuzz, L50, M|
|poke|p1|Incineroar, L50, M|
|poke|p2|Sneasler, L50, M|
|poke|p2|Pelipper, L50, M|
|poke|p2|Basculegion, L50, M|
|poke|p2|Indeedee, L50, M|
|poke|p2|Amoonguss, L50, M|
|poke|p2|Archaludon, L50, F|
|teampreview|4
|showteam|p1|Whimsicott||CovertCloak|Prankster|Moonblast,Tailwind,Encore,SunnyDay|||F|||50|,,,,,Fire]Rillaboom||AssaultVest|GrassySurge|GrassyGlide,Uturn,FakeOut,HighHorsepower|||M|||50|,,,,,Fire]Charizard||ChoiceSpecs|SolarPower|HeatWave,AirSlash,DragonPulse,ScorchingSands|||F|||50|,,,,,Ghost]Kingambit||SafetyGoggles|Defiant|SuckerPunch,KowtowCleave,SwordsDance,Protect|||M|||50|,,,,,Ghost]Electabuzz||Eviolite|VitalSpirit|Electroweb,Taunt,FollowMe,ThunderWave|||M|||50|,,,,,Flying]Incineroar||SitrusBerry|Intimidate|FlareBlitz,KnockOff,FakeOut,PartingShot|||M|||50|,,,,,Grass
|showteam|p2|Sneasler||PsychicSeed|Unburden|DireClaw,CloseCombat,ThroatChop,Protect|||M|||50|,,,,,Dark]Pelipper||FocusSash|Drizzle|Hurricane,WeatherBall,Tailwind,Protect|||M|||50|,,,,,Ghost]Basculegion||ChoiceBand|SwiftSwim|WaveCrash,LastRespects,AquaJet,FlipTurn|||M|||50|,,,,,Grass]Indeedee||ChoiceScarf|PsychicSurge|ExpandingForce,DazzlingGleam,ShadowBall,Trick|||M|||50|,,,,,Psychic]Amoonguss||SitrusBerry|Regenerator|PollenPuff,RagePowder,ClearSmog,Spore|||M|||50|,,,,,Psychic]Archaludon||AssaultVest|Stamina|DracoMeteor,FlashCannon,ElectroShot,BodyPress|||F|||50|,,,,,Bug
|inactive|Battle timer is ON: inactive players will automatically lose when time's up. (requested by Clementine1997)
|inactive|browe has 60 seconds left.
|
|t:|1757732631
|teamsize|p1|4
|teamsize|p2|4
|start
|switch|p1a: Kingambit|Kingambit, L50, M, shiny|100/100
|switch|p1b: Electabuzz|Electabuzz, L50, M, shiny|100/100
|switch|p2a: Sneasler|Sneasler, L50, M|100/100
|switch|p2b: Indeedee|Indeedee, L50, M|100/100
|-fieldstart|move: Psychic Terrain|[from] ability: Psychic Surge|[of] p2b: Indeedee
|-enditem|p2a: Sneasler|Psychic Seed
|-boost|p2a: Sneasler|spd|1|[from] item: Psychic Seed
|turn|1
|inactive|Clementine1997 has 30 seconds left.
|inactive|browe has 30 seconds left.
|
|t:|1757732663
|switch|p1a: Rillaboom|Rillaboom, L50, M, shiny|100/100
|-fieldstart|move: Grassy Terrain|[from] ability: Grassy Surge|[of] p1a: Rillaboom
|move|p2a: Sneasler|Close Combat|p1a: Rillaboom
|-damage|p1a: Rillaboom|44/100
|-unboost|p2a: Sneasler|def|1
|-unboost|p2a: Sneasler|spd|1
|move|p2b: Indeedee|Expanding Force|p1a: Rillaboom
|-damage|p1a: Rillaboom|14/100
|move|p1b: Electabuzz|Thunder Wave|p2a: Sneasler
|-status|p2a: Sneasler|par
|
|-heal|p1a: Rillaboom|19/100|[from] Grassy Terrain
|upkeep
|turn|2
|
|t:|1757732687
|switch|p2a: Archaludon|Archaludon, L50, F|100/100
|move|p2b: Indeedee|Expanding Force|p1a: Rillaboom
|-damage|p1a: Rillaboom|0 fnt
|faint|p1a: Rillaboom
|move|p1b: Electabuzz|Electroweb|p2b: Indeedee|[spread] p2a,p2b
|-resisted|p2a: Archaludon
|-damage|p2a: Archaludon|96/100
|-damage|p2b: Indeedee|83/100
|-unboost|p2a: Archaludon|spe|1
|-unboost|p2b: Indeedee|spe|1
|-ability|p2a: Archaludon|Stamina|boost
|-boost|p2a: Archaludon|def|1
|
|-heal|p2b: Indeedee|89/100|[from] Grassy Terrain
|-heal|p2a: Archaludon|100/100|[from] Grassy Terrain
|upkeep
|
|t:|1757732693
|switch|p1a: Kingambit|Kingambit, L50, M, shiny|100/100
|turn|3
|inactive|browe has 30 seconds left.
|inactive|browe has 20 seconds left.
|
|t:|1757732730
|switch|p2b: Sneasler|Sneasler, L50, M|100/100 par
|move|p1b: Electabuzz|Follow Me|p1b: Electabuzz
|-singleturn|p1b: Electabuzz|move: Follow Me
|move|p2a: Archaludon|Body Press|p1b: Electabuzz
|-damage|p1b: Electabuzz|65/100
|move|p1a: Kingambit|Swords Dance|p1a: Kingambit
|-boost|p1a: Kingambit|atk|2
|
|-heal|p1b: Electabuzz|71/100|[from] Grassy Terrain
|upkeep
|turn|4
|
|t:|1757732748
|move|p1b: Electabuzz|Follow Me|p1b: Electabuzz
|-singleturn|p1b: Electabuzz|move: Follow Me
|move|p2b: Sneasler|Dire Claw|p1b: Electabuzz
|-damage|p1b: Electabuzz|20/100
|-status|p1b: Electabuzz|psn
|move|p2a: Archaludon|Body Press|p1b: Electabuzz
|-damage|p1b: Electabuzz|0 fnt
|faint|p1b: Electabuzz
|move|p1a: Kingambit|Swords Dance|p1a: Kingambit
|-boost|p1a: Kingambit|atk|2
|
|upkeep
|
|t:|1757732753
|switch|p1b: Incineroar|Incineroar, L50, M, shiny|100/100
|-ability|p1b: Incineroar|Intimidate|boost
|-unboost|p2a: Archaludon|atk|1
|-unboost|p2b: Sneasler|atk|1
|turn|5
|
|t:|1757732777
|-terastallize|p1a: Kingambit|Ghost
|move|p2b: Sneasler|Throat Chop|p1a: Kingambit
|-supereffective|p1a: Kingambit
|-damage|p1a: Kingambit|70/100
|-start|p1a: Kingambit|Throat Chop|[silent]
|move|p1b: Incineroar|Flare Blitz|p2b: Sneasler
|-damage|p2b: Sneasler|7/100 par
|-damage|p1b: Incineroar|76/100|[from] Recoil
|move|p2a: Archaludon|Body Press|p1a: Kingambit
|-immune|p1a: Kingambit
|move|p1a: Kingambit|Kowtow Cleave|p2b: Sneasler
|-resisted|p2b: Sneasler
|-damage|p2b: Sneasler|0 fnt
|faint|p2b: Sneasler
|
|-heal|p1b: Incineroar|82/100|[from] Grassy Terrain
|-heal|p1a: Kingambit|75/100|[from] Grassy Terrain
|-fieldend|move: Grassy Terrain
|upkeep
|
|t:|1757732784
|switch|p2b: Indeedee|Indeedee, L50, M|89/100
|-fieldstart|move: Psychic Terrain|[from] ability: Psychic Surge|[of] p2b: Indeedee
|turn|6
|
|t:|1757732794
|move|p1a: Kingambit|Protect|p1a: Kingambit
|-singleturn|p1a: Kingambit|Protect
|move|p2b: Indeedee|Expanding Force|p1b: Incineroar|[spread] 
|-activate|p1a: Kingambit|move: Protect
|-immune|p1b: Incineroar
|move|p1b: Incineroar|Knock Off|p2b: Indeedee
|-supereffective|p2b: Indeedee
|-damage|p2b: Indeedee|0 fnt
|-enditem|p2b: Indeedee|Choice Scarf|[from] move: Knock Off|[of] p1b: Incineroar
|faint|p2b: Indeedee
|move|p2a: Archaludon|Body Press|p1b: Incineroar
|-supereffective|p1b: Incineroar
|-damage|p1b: Incineroar|20/100
|-enditem|p1b: Incineroar|Sitrus Berry|[eat]
|-heal|p1b: Incineroar|45/100|[from] item: Sitrus Berry
|
|-end|p1a: Kingambit|Throat Chop|[silent]
|upkeep
|
|t:|1757732796
|switch|p2b: Pelipper|Pelipper, L50, M|100/100
|-weather|RainDance|[from] ability: Drizzle|[of] p2b: Pelipper
|turn|7
|
|t:|1757732816
|move|p2b: Pelipper|Hurricane|p1a: Kingambit
|-damage|p1a: Kingambit|27/100
|-start|p1a: Kingambit|confusion
|move|p1b: Incineroar|Knock Off|p2a: Archaludon
|-damage|p2a: Archaludon|72/100
|-ability|p2a: Archaludon|Stamina|boost
|-boost|p2a: Archaludon|def|1
|-enditem|p2a: Archaludon|Assault Vest|[from] move: Knock Off|[of] p1b: Incineroar
|move|p2a: Archaludon|Body Press|p1b: Incineroar
|-supereffective|p1b: Incineroar
|-damage|p1b: Incineroar|0 fnt
|faint|p1b: Incineroar
|-activate|p1a: Kingambit|confusion
|-damage|p1a: Kingambit|0 fnt|[from] confusion
|faint|p1a: Kingambit
|
|win|browe
||Clementine1997 is ready for game 2.
|inactive|browe has 30 seconds to confirm battle start!
||browe is ready for game 2.
|uhtml|next|Next: Game 2 of 3
|l|☆Clementine1997
|player|p1|
