|j|☆sweetlysunny
|j|☆TeyVgc
|html|sweetlysunnyTeyVgc    
|uhtml|bestof|Game 1 of a best-of-3
|t:|1783475479
|gametype|doubles
|player|p1|sweetlysunny|serena|1150
|player|p2|TeyVgc|rood|1318
|gen|9
|tier|[Gen 9 Champions] VGC 2026 Reg M-B (Bo3)
|rated|
|rule|Species Clause: Limit one of each Pokémon
|rule|Item Clause: Limit 1 of each item
|clearpoke
|poke|p1|Torkoal, L50, M|
|poke|p1|Pyroar, L50, F|
|poke|p1|Vileplume, L50, M|
|poke|p1|Scrafty, L50, F|
|poke|p1|Farigiraf, L50, F|
|poke|p1|Sylveon, L50, F|
|poke|p2|Raichu, L50, F|
|poke|p2|Sinistcha, L50|
|poke|p2|Ceruledge, L50, M|
|poke|p2|Milotic, L50, M|
|poke|p2|Incineroar, L50, F|
|poke|p2|Floette-Eternal, L50, F|
|teampreview|4
|showteam|p1|Torkoal||Charcoal|Drought|HeatWave,Eruption,HelpingHand,Protect|Quiet||M|||50|]Pyroar||Pyroarite|Unnerve|HeatWave,Overheat,ScorchingSands,Protect|Timid||F|||50|]Vileplume||FocusSash|Chlorophyll|EnergyBall,SludgeBomb,SleepPowder,AfterYou|Timid||M|||50|]Scrafty||Scraftinite|Intimidate|FakeOut,CloseCombat,PoisonJab,KnockOff|Brave||F|||50|]Farigiraf||SitrusBerry|ArmorTail|HyperVoice,Psychic,HelpingHand,TrickRoom|Bold||F|||50|]Sylveon||FairyFeather|Pixilate|HyperVoice,HyperBeam,QuickAttack,Protect|Quiet||F|||50|
|showteam|p2|Raichu||RaichuniteY|LightningRod|ZapCannon,FocusBlast,FakeOut,Protect|Timid||F|||50|]Sinistcha||KasibBerry|Hospitality|MatchaGotcha,LifeDew,RagePowder,Protect|Relaxed|||||50|]Ceruledge||ColburBerry|FlashFire|BitterBlade,ShadowSneak,BulkUp,Protect|Adamant||M|||50|]Milotic||Leftovers|Competitive|MuddyWater,Coil,Hypnosis,Protect|Calm||M|||50|]Incineroar||SitrusBerry|Intimidate|FlareBlitz,ThroatChop,FakeOut,PartingShot|Impish||F|||50|]Floette-Eternal||Floettite|FlowerVeil|CalmMind,Protect,Moonblast,DazzlingGleam|Modest||F|||50|
|inactive|Battle timer is ON: inactive players will automatically lose when time's up. (requested by sweetlysunny)
|inactive|sweetlysunny has 60 seconds left.
|inactive|TeyVgc has 60 seconds left.
|inactive|TeyVgc has 30 seconds left.
|
|t:|1783475542
|teamsize|p1|4
|teamsize|p2|4
|start
|switch|p1a: Scrafty|Scrafty, L50, F|100/100
|switch|p1b: Farigiraf|Farigiraf, L50, F|100/100
|switch|p2a: Ceruledge|Ceruledge, L50, M|100/100
|switch|p2b: Raichu|Raichu, L50, F|100/100
|-ability|p1a: Scrafty|Intimidate|boost
|-unboost|p2a: Ceruledge|atk|1
|-unboost|p2b: Raichu|atk|1
|turn|1
|inactive|sweetlysunny has 30 seconds left.
|
|t:|1783475577
|switch|p2a: Milotic|Milotic, L50, M|100/100
|detailschange|p2b: Raichu|Raichu-Mega-Y, L50, F
|-mega|p2b: Raichu|Raichu|Raichunite Y
|detailschange|p1a: Scrafty|Scrafty-Mega, L50, F
|-mega|p1a: Scrafty|Scrafty|Scraftinite
|-ability|p1a: Scrafty|Intimidate|boost
|-unboost|p2a: Milotic|atk|1
|-ability|p2a: Milotic|Competitive|boost
|-boost|p2a: Milotic|spa|2
|-unboost|p2b: Raichu|atk|1
|move|p2b: Raichu|Zap Cannon|p1a: Scrafty
|-damage|p1a: Scrafty|52/100
|-status|p1a: Scrafty|par
|move|p1a: Scrafty|Knock Off|p2a: Milotic
|-damage|p2a: Milotic|50/100g
|-enditem|p2a: Milotic|Leftovers|[from] move: Knock Off|[of] p1a: Scrafty
|move|p1b: Farigiraf|Trick Room|p1b: Farigiraf
|-fieldstart|move: Trick Room|[of] p1b: Farigiraf
|
|upkeep
|turn|2
|
|t:|1783475601
|switch|p2b: Incineroar|Incineroar, L50, F|100/100
|-ability|p2b: Incineroar|Intimidate|boost
|-unboost|p1a: Scrafty|atk|1
|-unboost|p1b: Farigiraf|atk|1
|move|p1a: Scrafty|Knock Off|p2b: Incineroar
|-resisted|p2b: Incineroar|1
|-damage|p2b: Incineroar|86/100
|-enditem|p2b: Incineroar|Sitrus Berry|[from] move: Knock Off|[of] p1a: Scrafty
|move|p1b: Farigiraf|Hyper Voice|p2a: Milotic|[spread] p2a,p2b
|-damage|p2a: Milotic|32/100
|-damage|p2b: Incineroar|64/100
|move|p2a: Milotic|Muddy Water|p1b: Farigiraf|[spread] p1b
|-miss|p2a: Milotic|p1a: Scrafty
|-damage|p1b: Farigiraf|57/100
|-unboost|p1b: Farigiraf|accuracy|1
|
|upkeep
|turn|3
|
|t:|1783475619
|move|p1a: Scrafty|Close Combat|p2a: Milotic
|-damage|p2a: Milotic|0 fnt
|-unboost|p1a: Scrafty|def|1
|-unboost|p1a: Scrafty|spd|1
|faint|p2a: Milotic
|move|p1b: Farigiraf|Hyper Voice|p2b: Incineroar|[miss]
|-miss|p1b: Farigiraf|p2b: Incineroar
|move|p2b: Incineroar|Flare Blitz|p1a: Scrafty
|-damage|p1a: Scrafty|0 fnt
|faint|p1a: Scrafty
|-damage|p2b: Incineroar|50/100y|[from] Recoil
|
|upkeep
|
|t:|1783475628
|switch|p1a: Sylveon|Sylveon, L50, F|100/100
|switch|p2a: Ceruledge|Ceruledge, L50, M|100/100
|turn|4
|
|t:|1783475645
|move|p1a: Sylveon|Hyper Voice|p2b: Incineroar|[spread] p2a,p2b
|-resisted|p2a: Ceruledge|1
|-damage|p2a: Ceruledge|76/100
|-damage|p2b: Incineroar|1/100
|move|p1b: Farigiraf|Psychic|p2a: Ceruledge
|-damage|p2a: Ceruledge|43/100
|move|p2b: Incineroar|Flare Blitz|p1b: Farigiraf
|-damage|p1b: Farigiraf|24/100
|-enditem|p1b: Farigiraf|Sitrus Berry|[eat]
|-heal|p1b: Farigiraf|49/100|[from] item: Sitrus Berry
|-damage|p2b: Incineroar|0 fnt|[from] Recoil
|faint|p2b: Incineroar
|move|p2a: Ceruledge|Bulk Up|p2a: Ceruledge
|-boost|p2a: Ceruledge|atk|1
|-boost|p2a: Ceruledge|def|1
|
|upkeep
|
|t:|1783475653
|switch|p2b: Raichu|Raichu-Mega-Y, L50, F|100/100
|turn|5
|
|t:|1783475673
|move|p2a: Ceruledge|Protect|p2a: Ceruledge
|-singleturn|p2a: Ceruledge|Protect
|move|p2b: Raichu|Protect|p2b: Raichu
|-singleturn|p2b: Raichu|Protect
|move|p1a: Sylveon|Hyper Voice|p2a: Ceruledge|[spread] 
|-activate|p2a: Ceruledge|move: Protect
|-activate|p2b: Raichu|move: Protect
|move|p1b: Farigiraf|Hyper Voice|p2b: Raichu|[spread] 
|-activate|p2a: Ceruledge|move: Protect
|-activate|p2b: Raichu|move: Protect
|
|-fieldend|move: Trick Room
|upkeep
|turn|6
|
|t:|1783475684
|move|p2b: Raichu|Zap Cannon|p1b: Farigiraf
|-damage|p1b: Farigiraf|0 fnt
|faint|p1b: Farigiraf
|move|p2a: Ceruledge|Bitter Blade|p1a: Sylveon
|-damage|p1a: Sylveon|9/100
|-heal|p2a: Ceruledge|93/100|[from] drain|[of] p1a: Sylveon
|move|p1a: Sylveon|Hyper Beam|p2a: Ceruledge
|-resisted|p2a: Ceruledge|1
|-damage|p2a: Ceruledge|41/100
|-mustrecharge|p1a: Sylveon
|
|upkeep
|
|t:|1783475691
|switch|p1b: Torkoal|Torkoal, L50, M|100/100
|-weather|SunnyDay|[from] ability: Drought|[of] p1b: Torkoal
|turn|7
|
|t:|1783475702
|move|p2b: Raichu|Zap Cannon|p1b: Torkoal
|-damage|p1b: Torkoal|12/100
|-status|p1b: Torkoal|par
|move|p2a: Ceruledge|Bitter Blade|p1a: Sylveon
|-damage|p1a: Sylveon|0 fnt
|-heal|p2a: Ceruledge|46/100|[from] drain|[of] p1a: Sylveon
|faint|p1a: Sylveon
|cant|p1b: Torkoal|par
|
|-weather|SunnyDay|[upkeep]
|upkeep
|turn|8
|
|t:|1783475707
|move|p2b: Raichu|Zap Cannon|p1b: Torkoal
|-damage|p1b: Torkoal|0 fnt
|faint|p1b: Torkoal
|
|win|TeyVgc
||TeyVgc is ready for game 2.
||sweetlysunny is ready for game 2.
|uhtml|next|Next: Game 2 of 3
