|j|☆NoitUK_VGC
|j|☆fallenandvirtuous
|html|NoitUK_VGCfallenandvirtuous    
|uhtml|bestof|Game 2 of a best-of-3
|t:|1784914062
|gametype|doubles
|player|p1|NoitUK_VGC|266|1165
|player|p2|fallenandvirtuous|169|1132
|gen|9
|tier|[Gen 9 Champions] VGC 2026 Reg M-B (Bo3)
|rated|
|rule|Species Clause: Limit one of each Pokémon
|rule|Item Clause: Limit 1 of each item
|clearpoke
|poke|p1|Gengar, L50, M|
|poke|p1|Ninetales-Alola, L50, F|
|poke|p1|Incineroar, L50, F|
|poke|p1|Kingambit, L50, F|
|poke|p1|Staraptor, L50, M|
|poke|p1|Garchomp, L50, F|
|poke|p2|Aerodactyl, L50, M, shiny|
|poke|p2|Sylveon, L50, M|
|poke|p2|Basculegion, L50, M|
|poke|p2|Kingambit, L50, M|
|poke|p2|Charizard, L50, M|
|poke|p2|Sneasler, L50, F|
|teampreview|4
|showteam|p1|Gengar||Gengarite|CursedBody|ShadowBall,SludgeBomb,Protect,PerishSong|Timid||M|||50|]Ninetales-Alola||NeverMeltIce|SnowWarning|Blizzard,Encore,Protect,Disable|Timid||F|||50|]Incineroar||SitrusBerry|Intimidate|FlareBlitz,PartingShot,Protect,FakeOut|Relaxed||F|||50|]Kingambit||BlackGlasses|Defiant|KowtowCleave,SuckerPunch,Protect,LowKick|Adamant||F|||50|]Staraptor||ChoiceScarf|Intimidate|FinalGambit,CloseCombat,BraveBird,Uturn|Jolly||M|||50|]Garchomp||LifeOrb|RoughSkin|Protect,RockSlide,StompingTantrum,DragonClaw|Adamant||F|||50|
|showteam|p2|Aerodactyl||Aerodactylite|Unnerve|RockSlide,IceFang,Protect,Tailwind|Jolly||M|||50|]Sylveon||FairyFeather|Pixilate|Protect,HyperVoice,Yawn,QuickAttack|Modest||M|||50|]Basculegion||ChoiceScarf|Adaptability|WaveCrash,LastRespects,AquaJet,FlipTurn|Jolly||M|||50|]Kingambit||BlackGlasses|Defiant|KowtowCleave,Protect,SuckerPunch,SwordsDance|Adamant||M|||50|]Charizard||CharizarditeY|Blaze|HeatWave,SolarBeam,WeatherBall,Protect|Modest||M|||50|]Sneasler||FocusSash|PoisonTouch|DireClaw,RockTomb,CloseCombat,FakeOut|Jolly||F|||50|
|inactive|Battle timer is ON: inactive players will automatically lose when time's up. (requested by NoitUK_VGC)
|
|t:|1784914084
|teamsize|p1|4
|teamsize|p2|4
|start
|switch|p1a: Gengar|Gengar, L50, M|100/100
|switch|p1b: Incineroar|Incineroar, L50, F|100/100
|switch|p2a: Kingambit|Kingambit, L50, M|100/100
|switch|p2b: Sneasler|Sneasler, L50, F|100/100
|-ability|p1b: Incineroar|Intimidate|boost
|-unboost|p2a: Kingambit|atk|1
|-ability|p2a: Kingambit|Defiant|boost
|-boost|p2a: Kingambit|atk|2
|-unboost|p2b: Sneasler|atk|1
|turn|1
|
|t:|1784914104
|switch|p1a: Kingambit|Kingambit, L50, F|100/100
|move|p2b: Sneasler|Fake Out|p1b: Incineroar
|-damage|p1b: Incineroar|92/100
|cant|p1b: Incineroar|flinch
|move|p2a: Kingambit|Kowtow Cleave|p1a: Kingambit
|-resisted|p1a: Kingambit|1
|-damage|p1a: Kingambit|72/100
|
|upkeep
|turn|2
|inactive|NoitUK_VGC has 30 seconds left.
|inactive|fallenandvirtuous has 30 seconds left.
|
|t:|1784914130
|switch|p1a: Gengar|Gengar, L50, M|100/100
|move|p2a: Kingambit|Protect|p2a: Kingambit
|-singleturn|p2a: Kingambit|Protect
|move|p2b: Sneasler|Close Combat|p1a: Gengar
|-immune|p1a: Gengar
|move|p1b: Incineroar|Flare Blitz|p2a: Kingambit
|-activate|p2a: Kingambit|move: Protect
|
|upkeep
|turn|3
|
|t:|1784914151
|detailschange|p1a: Gengar|Gengar-Mega, L50, M
|-mega|p1a: Gengar|Gengar|Gengarite
|move|p1a: Gengar|Perish Song|p1a: Gengar
|-start|p1a: Gengar|perish3|[silent]
|-start|p1b: Incineroar|perish3|[silent]
|-start|p2a: Kingambit|perish3|[silent]
|-start|p2b: Sneasler|perish3|[silent]
|-fieldactivate|move: Perish Song
|move|p2b: Sneasler|Close Combat|p1b: Incineroar
|-supereffective|p1b: Incineroar|1
|-damage|p1b: Incineroar|25/100
|-unboost|p2b: Sneasler|def|1
|-unboost|p2b: Sneasler|spd|1
|-status|p1b: Incineroar|psn|[from] ability: Poison Touch|[of] p2b: Sneasler
|-enditem|p1b: Incineroar|Sitrus Berry|[eat]
|-heal|p1b: Incineroar|50/100g psn|[from] item: Sitrus Berry
|move|p1b: Incineroar|Flare Blitz|p2a: Kingambit
|-supereffective|p2a: Kingambit|1
|-damage|p2a: Kingambit|29/100
|-damage|p1b: Incineroar|26/100 psn|[from] Recoil
|move|p2a: Kingambit|Kowtow Cleave|p1a: Gengar
|-supereffective|p1a: Gengar|1
|-damage|p1a: Gengar|0 fnt
|faint|p1a: Gengar
|
|-damage|p1b: Incineroar|13/100 psn|[from] psn
|-start|p2b: Sneasler|perish3
|-start|p1b: Incineroar|perish3
|-start|p2a: Kingambit|perish3
|upkeep
|
|t:|1784914174
|switch|p1a: Ninetales|Ninetales-Alola, L50, F|100/100
|-weather|Snowscape|[from] ability: Snow Warning|[of] p1a: Ninetales
|turn|4
|
|t:|1784914197
|switch|p2a: Archfiend|Sylveon, L50, M|100/100
|move|p2b: Sneasler|Dire Claw|p1a: Ninetales
|-supereffective|p1a: Ninetales|1
|-damage|p1a: Ninetales|55/100
|move|p1a: Ninetales|Disable||[still]
|-fail|p1a: Ninetales
|move|p1b: Incineroar|Parting Shot|p2b: Sneasler
|-unboost|p2b: Sneasler|atk|1
|-unboost|p2b: Sneasler|spa|1
|
|t:|1784914207
|switch|p1b: Kingambit|Kingambit, L50, F|72/100|[from] Parting Shot
|
|-weather|Snowscape|[upkeep]
|-start|p2b: Sneasler|perish2
|upkeep
|turn|5
|
|t:|1784914225
|switch|p2b: Kingambit|Kingambit, L50, M|29/100
|move|p1a: Ninetales|Blizzard|p2b: Kingambit|[spread] p2a,p2b
|-resisted|p2b: Kingambit|1
|-damage|p2a: Archfiend|78/100
|-damage|p2b: Kingambit|19/100
|move|p2a: Archfiend|Hyper Voice|p1b: Kingambit|[spread] p1a,p1b
|-damage|p1a: Ninetales|11/100
|-damage|p1b: Kingambit|30/100
|move|p1b: Kingambit|Kowtow Cleave|p2a: Archfiend
|-resisted|p2a: Archfiend|1
|-damage|p2a: Archfiend|47/100
|
|-weather|Snowscape|[upkeep]
|upkeep
|turn|6
|
|t:|1784914248
|move|p2b: Kingambit|Protect|p2b: Kingambit
|-singleturn|p2b: Kingambit|Protect
|move|p2a: Archfiend|Quick Attack|p1a: Ninetales
|-damage|p1a: Ninetales|1/100
|move|p1a: Ninetales|Blizzard|p2b: Kingambit|[spread] p2a
|-activate|p2b: Kingambit|move: Protect
|-damage|p2a: Archfiend|25/100
|move|p1b: Kingambit|Low Kick|p2b: Kingambit
|-activate|p2b: Kingambit|move: Protect
|
|-weather|Snowscape|[upkeep]
|upkeep
|turn|7
|
|t:|1784914269
|move|p1a: Ninetales|Protect|p1a: Ninetales
|-singleturn|p1a: Ninetales|Protect
|move|p2a: Archfiend|Quick Attack|p1a: Ninetales
|-activate|p1a: Ninetales|move: Protect
|move|p2b: Kingambit|Sucker Punch|p1b: Kingambit
|-resisted|p1b: Kingambit|1
|-damage|p1b: Kingambit|13/100
|move|p1b: Kingambit|Kowtow Cleave|p2b: Kingambit
|-resisted|p2b: Kingambit|1
|-damage|p2b: Kingambit|0 fnt
|faint|p2b: Kingambit
|
|-weather|Snowscape|[upkeep]
|upkeep
|
|t:|1784914283
|switch|p2b: Sneasler|Sneasler, L50, F|100/100
|turn|8
|-message|NoitUK_VGC forfeited.
|
|win|fallenandvirtuous
|raw|NoitUK_VGC's rating: 1165 → 1138(-27 for losing)
|raw|fallenandvirtuous's rating: 1132 → 1159(+27 for winning)
