|j|☆new mental
|j|‽yazz96
|html|new mentalyazz96    
|uhtml|bestof|Game 1 of a best-of-3
|t:|1783253689
|gametype|doubles
|player|p1|new mental|volkner|1241
|player|p2|yazz96|265|1113
|gen|9
|tier|[Gen 9 Champions] VGC 2026 Reg M-B (Bo3)
|rated|
|rule|Species Clause: Limit one of each Pokémon
|rule|Item Clause: Limit 1 of each item
|clearpoke
|poke|p1|Aerodactyl, L50, F|
|poke|p1|Garchomp, L50, M|
|poke|p1|Kingambit, L50, F|
|poke|p1|Charizard, L50, M|
|poke|p1|Sylveon, L50, M|
|poke|p1|Farigiraf, L50, M|
|poke|p2|Farigiraf, L50, F|
|poke|p2|Meganium, L50, F|
|poke|p2|Incineroar, L50, M|
|poke|p2|Annihilape, L50, M|
|poke|p2|Pelipper, L50, F|
|poke|p2|Weavile, L50, M|
|teampreview|4
|showteam|p1|Aerodactyl||Aerodactylite|Unnerve|IceFang,RockSlide,Tailwind,DualWingbeat|Jolly||F|||50|]Garchomp||LifeOrb|RoughSkin|DragonClaw,StompingTantrum,Earthquake,Protect|Jolly||M|||50|]Kingambit||FocusSash|Defiant|SuckerPunch,KowtowCleave,IronHead,LowKick|Adamant||F|||50|]Charizard||CharizarditeY|SolarPower|Protect,HeatWave,SolarBeam,WeatherBall|Timid||M|||50|]Sylveon||FairyFeather|Pixilate|Protect,HyperVoice,HyperBeam,QuickAttack|Modest||M|||50|]Farigiraf||SitrusBerry|ArmorTail|TrickRoom,Thunderbolt,Psychic,Roar|Bold||M|||50|
|showteam|p2|Farigiraf||SitrusBerry|ArmorTail|Protect,TrickRoom,Psychic,Thunderbolt|Modest||F|||50|]Meganium||Meganiumite|Overgrow|WeatherBall,SolarBeam,DazzlingGleam,Protect|Modest||F|||50|]Incineroar||WhiteHerb|Intimidate|FakeOut,FlareBlitz,CloseCombat,DarkestLariat|Adamant||M|||50|]Annihilape||LifeOrb|Defiant|GunkShot,CloseCombat,Protect,RageFist|Jolly||M|||50|]Pelipper||Leftovers|Drizzle|WeatherBall,Hurricane,WideGuard,Protect|Modest||F|||50|]Weavile||FocusSash|Pickpocket|KnockOff,TripleAxel,IceShard,Taunt|Adamant||M|||50|
|inactive|Battle timer is ON: inactive players will automatically lose when time's up. (requested by new mental)
|
|t:|1783253732
|teamsize|p1|4
|teamsize|p2|4
|start
|switch|p1a: Sylveon|Sylveon, L50, M|100/100
|switch|p1b: Farigiraf|Farigiraf, L50, M|100/100
|switch|p2a: Annihilape|Annihilape, L50, M|100/100
|switch|p2b: Weavile|Weavile, L50, M|100/100
|turn|1
|
|t:|1783253756
|move|p2b: Weavile|Knock Off|p1b: Farigiraf
|-supereffective|p1b: Farigiraf|1
|-damage|p1b: Farigiraf|14/100
|-enditem|p1b: Farigiraf|Sitrus Berry|[from] move: Knock Off|[of] p2b: Weavile
|move|p2a: Annihilape|Gunk Shot|p1a: Sylveon
|-supereffective|p1a: Sylveon|1
|-damage|p1a: Sylveon|0 fnt
|faint|p1a: Sylveon
|-damage|p2a: Annihilape|90/100|[from] item: Life Orb
|move|p1b: Farigiraf|Trick Room|p1b: Farigiraf
|-fieldstart|move: Trick Room|[of] p1b: Farigiraf
|
|upkeep
|
|t:|1783253777
|switch|p1a: Charizard|Charizard, L50, M|100/100
|turn|2
|inactive|yazz96 has 30 seconds left.
|
|t:|1783253802
|switch|p2a: Incineroar|Incineroar, L50, M|100/100
|-ability|p2a: Incineroar|Intimidate|boost
|-unboost|p1a: Charizard|atk|1
|-unboost|p1b: Farigiraf|atk|1
|switch|p2b: Pelipper|Pelipper, L50, F|100/100
|-weather|RainDance|[from] ability: Drizzle|[of] p2b: Pelipper
|detailschange|p1a: Charizard|Charizard-Mega-Y, L50, M
|-mega|p1a: Charizard|Charizard|Charizardite Y
|-weather|SunnyDay|[from] ability: Drought|[of] p1a: Charizard
|move|p1b: Farigiraf|Psychic|p2a: Incineroar
|-immune|p2a: Incineroar
|move|p1a: Charizard|Heat Wave|p2b: Pelipper|[spread] p2a,p2b
|-resisted|p2a: Incineroar|1
|-resisted|p2b: Pelipper|1
|-damage|p2a: Incineroar|75/100
|-damage|p2b: Pelipper|49/100
|
|-weather|SunnyDay|[upkeep]
|-heal|p2b: Pelipper|55/100|[from] item: Leftovers
|upkeep
|turn|3
|inactive|yazz96 has 30 seconds left.
|
|t:|1783253828
|move|p2b: Pelipper|Wide Guard|p2b: Pelipper
|-singleturn|p2b: Pelipper|Wide Guard
|move|p1b: Farigiraf|Thunderbolt|p2b: Pelipper
|-supereffective|p2b: Pelipper|2
|-damage|p2b: Pelipper|0 fnt
|faint|p2b: Pelipper
|move|p2a: Incineroar|Darkest Lariat|p1b: Farigiraf
|-supereffective|p1b: Farigiraf|1
|-damage|p1b: Farigiraf|0 fnt
|faint|p1b: Farigiraf
|move|p1a: Charizard|Weather Ball|p2a: Incineroar
|-resisted|p2a: Incineroar|1
|-damage|p2a: Incineroar|37/100
|
|-weather|SunnyDay|[upkeep]
|upkeep
|
|t:|1783253837
|switch|p1b: Kingambit|Kingambit, L50, F|100/100
|switch|p2b: Annihilape|Annihilape, L50, M|90/100
|turn|4
|
|t:|1783253852
|move|p2a: Incineroar|Flare Blitz|p1b: Kingambit
|-supereffective|p1b: Kingambit|1
|-enditem|p1b: Kingambit|Focus Sash
|-damage|p1b: Kingambit|1/100
|-damage|p2a: Incineroar|8/100|[from] Recoil
|move|p1b: Kingambit|Low Kick|p2a: Incineroar
|-supereffective|p2a: Incineroar|1
|-damage|p2a: Incineroar|0 fnt
|faint|p2a: Incineroar
|move|p2b: Annihilape|Gunk Shot|p1a: Charizard|[miss]
|-miss|p2b: Annihilape|p1a: Charizard
|move|p1a: Charizard|Weather Ball|p2b: Annihilape
|-damage|p2b: Annihilape|18/100
|
|-weather|SunnyDay|[upkeep]
|upkeep
|
|t:|1783253858
|switch|p2a: Weavile|Weavile, L50, M|100/100
|turn|5
|
|t:|1783253870
|move|p1b: Kingambit|Sucker Punch|p2b: Annihilape
|-damage|p2b: Annihilape|0 fnt
|faint|p2b: Annihilape
|move|p2a: Weavile|Ice Shard|p1b: Kingambit
|-resisted|p1b: Kingambit|1
|-damage|p1b: Kingambit|0 fnt
|faint|p1b: Kingambit
|move|p1a: Charizard|Weather Ball|p2a: Weavile
|-supereffective|p2a: Weavile|1
|-enditem|p2a: Weavile|Focus Sash
|-damage|p2a: Weavile|1/100
|
|-weather|SunnyDay|[upkeep]
|-fieldend|move: Trick Room
|upkeep
|turn|6
|
|t:|1783253884
|move|p2a: Weavile|Knock Off|p1a: Charizard
|-damage|p1a: Charizard|67/100
|move|p1a: Charizard|Weather Ball|p2a: Weavile
|-supereffective|p2a: Weavile|1
|-damage|p2a: Weavile|0 fnt
|faint|p2a: Weavile
|
|win|new mental
||new mental is ready for game 2.
|inactive|yazz96 has 30 seconds to confirm battle start!
||yazz96 is ready for game 2.
|uhtml|next|Next: Game 2 of 3
|l|‽yazz96
|player|p2|
