|j|☆lordtentacle69
|j|☆SunFakeout
|html|lordtentacle69SunFakeout    
|uhtml|bestof|Game 2 of a best-of-3
|t:|1783749468
|gametype|doubles
|player|p1|lordtentacle69|corbeau|1349
|player|p2|SunFakeout|266|1503
|gen|9
|tier|[Gen 9 Champions] VGC 2026 Reg M-B (Bo3)
|rated|
|rule|Species Clause: Limit one of each Pokémon
|rule|Item Clause: Limit 1 of each item
|clearpoke
|poke|p1|Delphox, L50, M|
|poke|p1|Incineroar, L50, M|
|poke|p1|Maushold-Four, L50|
|poke|p1|Sinistcha, L50|
|poke|p1|Sneasler, L50, M|
|poke|p1|Blastoise, L50, M|
|poke|p2|Staraptor, L50, F|
|poke|p2|Glimmora, L50, F|
|poke|p2|Kingambit, L50, F|
|poke|p2|Raichu, L50, M|
|poke|p2|Farigiraf, L50, M|
|poke|p2|Sylveon, L50, F|
|teampreview|4
|showteam|p1|Delphox||Delphoxite|Blaze|HeatWave,Psychic,NastyPlot,Protect|Timid||M|||50|]Incineroar||SitrusBerry|Intimidate|FakeOut,PartingShot,FlareBlitz,ThroatChop|Impish||M|||50|]Maushold-Four||ChopleBerry|FriendGuard|Feint,HelpingHand,Protect,FollowMe|Impish|||||50|]Sinistcha||KasibBerry|Hospitality|Protect,MatchaGotcha,TrickRoom,RagePowder|Bold|||||50|]Sneasler||FocusSash|PoisonTouch|CloseCombat,PoisonJab,QuickGuard,FakeOut|Adamant||M|||50|]Blastoise||Blastoisinite|RainDish|Protect,WaterSpout,DarkPulse,ShellSmash|Modest||M|||50|
|showteam|p2|Staraptor||Staraptite|Intimidate|DualWingbeat,CloseCombat,Roost,Protect|Jolly||F|||50|]Glimmora||FocusSash|ToxicDebris|PowerGem,SludgeBomb,EarthPower,SpikyShield|Timid||F|||50|]Kingambit||LifeOrb|Defiant|KowtowCleave,SuckerPunch,SwordsDance,Protect|Adamant||F|||50|]Raichu||RaichuniteY|LightningRod|ZapCannon,FocusBlast,FakeOut,Protect|Timid||M|||50|]Farigiraf||SitrusBerry|ArmorTail|Psychic,HelpingHand,TrickRoom,Protect|Sassy||M|||50|]Sylveon||FairyFeather|Pixilate|HyperVoice,HyperBeam,QuickAttack,Detect|Modest||F|||50|
|
|t:|1783749495
|teamsize|p1|4
|teamsize|p2|4
|start
|switch|p1a: Delphox|Delphox, L50, M|100/100
|switch|p1b: Sarahn's OC|Sneasler, L50, M|100/100
|switch|p2a: Raichu|Raichu, L50, M|100/100
|switch|p2b: Kingambit|Kingambit, L50, F|100/100
|turn|1
|
|t:|1783749516
|switch|p1a: Green Day|Sinistcha, L50|100/100
|detailschange|p2a: Raichu|Raichu-Mega-Y, L50, M
|-mega|p2a: Raichu|Raichu|Raichunite Y
|move|p2a: Raichu|Fake Out|p1b: Sarahn's OC
|-damage|p1b: Sarahn's OC|84/100
|cant|p1b: Sarahn's OC|flinch
|move|p2b: Kingambit|Kowtow Cleave|p1b: Sarahn's OC
|-resisted|p1b: Sarahn's OC|1
|-damage|p1b: Sarahn's OC|29/100
|-damage|p2b: Kingambit|90/100|[from] item: Life Orb
|
|upkeep
|turn|2
|
|t:|1783749543
|switch|p2b: Farigiraf|Farigiraf, L50, M|100/100
|move|p1a: Green Day|Rage Powder|p1a: Green Day
|-singleturn|p1a: Green Day|move: Rage Powder
|move|p2a: Raichu|Zap Cannon|p1a: Green Day
|-resisted|p1a: Green Day|1
|-damage|p1a: Green Day|66/100
|-status|p1a: Green Day|par
|move|p1b: Sarahn's OC|Close Combat|p2a: Raichu
|-damage|p2a: Raichu|0 fnt
|-unboost|p1b: Sarahn's OC|def|1
|-unboost|p1b: Sarahn's OC|spd|1
|faint|p2a: Raichu
|
|upkeep
|
|t:|1783749560
|switch|p2a: Kingambit|Kingambit, L50, F|90/100
|turn|3
|
|t:|1783749568
|move|p2a: Kingambit|Protect|p2a: Kingambit
|-singleturn|p2a: Kingambit|Protect
|move|p1b: Sarahn's OC|Close Combat|p2b: Farigiraf
|-damage|p2b: Farigiraf|35/100
|-unboost|p1b: Sarahn's OC|def|1
|-unboost|p1b: Sarahn's OC|spd|1
|-status|p2b: Farigiraf|psn|[from] ability: Poison Touch|[of] p1b: Sarahn's OC
|-enditem|p2b: Farigiraf|Sitrus Berry|[eat]
|-heal|p2b: Farigiraf|60/100 psn|[from] item: Sitrus Berry
|move|p1a: Green Day|Matcha Gotcha|p2b: Farigiraf|[spread] p2b
|-activate|p2a: Kingambit|move: Protect
|-damage|p2b: Farigiraf|41/100 psn
|-heal|p1a: Green Day|78/100 par|[from] drain|[of] p2b: Farigiraf
|move|p2b: Farigiraf|Trick Room|p2b: Farigiraf
|-fieldstart|move: Trick Room|[of] p2b: Farigiraf
|
|-damage|p2b: Farigiraf|29/100 psn|[from] psn
|upkeep
|turn|4
|
|t:|1783749594
|move|p1a: Green Day|Protect|p1a: Green Day
|-singleturn|p1a: Green Day|Protect
|move|p2b: Farigiraf|Psychic|p1b: Sarahn's OC
|-supereffective|p1b: Sarahn's OC|2
|-damage|p1b: Sarahn's OC|0 fnt
|faint|p1b: Sarahn's OC
|move|p2a: Kingambit|Kowtow Cleave|p1a: Green Day
|-activate|p1a: Green Day|move: Protect
|
|-damage|p2b: Farigiraf|16/100 psn|[from] psn
|upkeep
|
|t:|1783749606
|switch|p1b: MMCH|Maushold-Four, L50|100/100
|turn|5
|
|t:|1783749643
|switch|p2b: Glimmora|Glimmora, L50, F|100/100
|move|p1b: MMCH|Follow Me|p1b: MMCH
|-singleturn|p1b: MMCH|move: Follow Me
|move|p1a: Green Day|Matcha Gotcha|p2b: Glimmora|[spread] p2a,p2b
|-resisted|p2a: Kingambit|1
|-damage|p2a: Kingambit|78/100
|-heal|p1a: Green Day|85/100 par|[from] drain|[of] p2a: Kingambit
|-damage|p2b: Glimmora|69/100
|-heal|p1a: Green Day|100/100 par|[from] drain|[of] p2b: Glimmora
|move|p2a: Kingambit|Kowtow Cleave|p1b: MMCH
|-damage|p1b: MMCH|37/100
|-damage|p2a: Kingambit|68/100|[from] item: Life Orb
|
|upkeep
|turn|6
|
|t:|1783749671
|move|p1b: MMCH|Follow Me|p1b: MMCH
|-singleturn|p1b: MMCH|move: Follow Me
|move|p1a: Green Day|Matcha Gotcha|p2a: Kingambit|[spread] p2a,p2b
|-resisted|p2a: Kingambit|1
|-damage|p2a: Kingambit|56/100
|-damage|p2b: Glimmora|33/100
|move|p2a: Kingambit|Kowtow Cleave|p1b: MMCH
|-damage|p1b: MMCH|0 fnt
|faint|p1b: MMCH
|-damage|p2a: Kingambit|47/100|[from] item: Life Orb
|move|p2b: Glimmora|Power Gem|p1a: Green Day
|-damage|p1a: Green Day|58/100 par
|
|upkeep
|
|t:|1783749684
|switch|p1b: Delphox|Delphox, L50, M|100/100
|turn|7
|
|t:|1783749699
|detailschange|p1b: Delphox|Delphox-Mega, L50, M
|-mega|p1b: Delphox|Delphox|Delphoxite
|move|p1a: Green Day|Protect|p1a: Green Day
|-singleturn|p1a: Green Day|Protect
|move|p1b: Delphox|Protect|p1b: Delphox
|-singleturn|p1b: Delphox|Protect
|move|p2a: Kingambit|Kowtow Cleave|p1a: Green Day
|-activate|p1a: Green Day|move: Protect
|move|p2b: Glimmora|Power Gem|p1b: Delphox
|-activate|p1b: Delphox|move: Protect
|
|-fieldend|move: Trick Room
|upkeep
|turn|8
|
|t:|1783749716
|move|p2b: Glimmora|Spiky Shield|p2b: Glimmora
|-singleturn|p2b: Glimmora|move: Protect
|cant|p1a: Green Day|par
|move|p1b: Delphox|Heat Wave|p2a: Kingambit|[spread] p2a
|-activate|p2b: Glimmora|move: Protect
|-supereffective|p2a: Kingambit|1
|-damage|p2a: Kingambit|0 fnt
|faint|p2a: Kingambit
|
|upkeep
|-message|SunFakeout forfeited.
|
|win|lordtentacle69
|raw|lordtentacle69's rating: 1349 → 1377(+28 for winning)
|raw|SunFakeout's rating: 1503 → 1475(-28 for losing)
|l|☆SunFakeout
|player|p2|
