|j|☆Yato1226
|j|☆panzonincredible
|html|Yato1226panzonincredible    
|uhtml|bestof|Game 1 of a best-of-3
|t:|1757861076
|gametype|doubles
|player|p1|Yato1226|dragontamer|1291
|player|p2|panzonincredible|170|1171
|gen|9
|tier|[Gen 9] VGC 2025 Reg H (Bo3)
|rated|
|rule|Species Clause: Limit one of each Pokémon
|rule|Item Clause: Limit 1 of each item
|clearpoke
|poke|p1|Ninetales-Alola, L50, F|
|poke|p1|Glaceon, L50, F|
|poke|p1|Incineroar, L50, M|
|poke|p1|Rillaboom, L50, M|
|poke|p1|Annihilape, L50, M|
|poke|p1|Dragonite, L50, F|
|poke|p2|Pelipper, L50, F|
|poke|p2|Gholdengo, L50|
|poke|p2|Electabuzz, L50, M|
|poke|p2|Sneasler, L50, M|
|poke|p2|Archaludon, L50, F|
|poke|p2|Rillaboom, L50, F|
|teampreview|4
|showteam|p1|Ninetales-Alola||IcyRock|SnowWarning|IcicleSpear,Blizzard,AuroraVeil,Protect|||F|||50|,,,,,Ghost]Glaceon||Leftovers|IceBody|Blizzard,TeraBlast,CalmMind,Protect|||F|||50|,,,,,Water]Incineroar||SafetyGoggles|Intimidate|KnockOff,FlareBlitz,PartingShot,FakeOut|||M|||50|,,,,,Ghost]Rillaboom||AssaultVest|GrassySurge|DrumBeating,GrassyGlide,Uturn,FakeOut|||M|||50|,,,,,Fire]Annihilape||SitrusBerry|Defiant|RageFist,DrainPunch,BulkUp,Protect|||M|||50|,,,,,Water]Dragonite||LoadedDice|Multiscale|ScaleShot,ExtremeSpeed,Haze,Protect|||F|||50|,,,,,Fairy
|showteam|p2|Pelipper||ChoiceScarf|Drizzle|Tailwind,IcyWind,Hurricane,WeatherBall|||F|||50|,,,,,Ghost]Gholdengo||LifeOrb|GoodasGold|MakeItRain,ShadowBall,NastyPlot,Protect||||||50|,,,,,Flying]Electabuzz||Eviolite|VitalSpirit|Thunderbolt,FollowMe,VoltSwitch,Protect|||M|||50|,,,,,Fairy]Sneasler||FocusSash|PoisonTouch|FakeOut,CloseCombat,DireClaw,Protect|||M|||50|,,,,,Stellar]Archaludon||AssaultVest|Stamina|ElectroShot,BodyPress,FlashCannon,DracoMeteor|||F|||50|,,,,,Bug]Rillaboom||LoadedDice|GrassySurge|FakeOut,BulletSeed,GrassyGlide,HighHorsepower|||F|||50|,,,,,Poison
|inactive|Battle timer is ON: inactive players will automatically lose when time's up. (requested by panzonincredible)
|
|t:|1757861131
|teamsize|p1|4
|teamsize|p2|4
|start
|switch|p1a: Ninetales|Ninetales-Alola, L50, F|100/100
|switch|p1b: Annihilape|Annihilape, L50, M|100/100
|switch|p2a: Pelipper|Pelipper, L50, F|100/100
|switch|p2b: Gholdengo|Gholdengo, L50|100/100
|-weather|RainDance|[from] ability: Drizzle|[of] p2a: Pelipper
|-weather|Snowscape|[from] ability: Snow Warning|[of] p1a: Ninetales
|turn|1
|inactive|panzonincredible has 30 seconds left.
|inactive|panzonincredible has 20 seconds left.
|inactive|panzonincredible has 15 seconds left.
|
|t:|1757861174
|-terastallize|p1b: Annihilape|Water
|move|p2a: Pelipper|Tailwind|p2a: Pelipper
|-sidestart|p2: panzonincredible|move: Tailwind
|move|p2b: Gholdengo|Make It Rain|p1a: Ninetales|[spread] p1a,p1b
|-supereffective|p1a: Ninetales
|-resisted|p1b: Annihilape
|-damage|p1a: Ninetales|0 fnt
|-damage|p1b: Annihilape|75/100
|-unboost|p2b: Gholdengo|spa|1
|faint|p1a: Ninetales
|-damage|p2b: Gholdengo|91/100|[from] item: Life Orb
|move|p1b: Annihilape|Bulk Up|p1b: Annihilape
|-boost|p1b: Annihilape|atk|1
|-boost|p1b: Annihilape|def|1
|
|-weather|Snowscape|[upkeep]
|upkeep
|
|t:|1757861186
|switch|p1a: Incineroar|Incineroar, L50, M|100/100
|-ability|p1a: Incineroar|Intimidate|boost
|-unboost|p2a: Pelipper|atk|1
|-unboost|p2b: Gholdengo|atk|1
|turn|2
|
|t:|1757861194
|switch|p2a: Archaludon|Archaludon, L50, F|100/100
|move|p2b: Gholdengo|Nasty Plot|p2b: Gholdengo
|-boost|p2b: Gholdengo|spa|2
|move|p1b: Annihilape|Rage Fist|p2b: Gholdengo
|-supereffective|p2b: Gholdengo
|-damage|p2b: Gholdengo|0 fnt
|faint|p2b: Gholdengo
|move|p1a: Incineroar|Parting Shot|p2a: Archaludon
|-unboost|p2a: Archaludon|atk|1
|-unboost|p2a: Archaludon|spa|1
|
|t:|1757861199
|switch|p1a: Rillaboom|Rillaboom, L50, M|100/100|[from] Parting Shot
|-fieldstart|move: Grassy Terrain|[from] ability: Grassy Surge|[of] p1a: Rillaboom
|
|-weather|Snowscape|[upkeep]
|-heal|p1b: Annihilape|81/100|[from] Grassy Terrain
|upkeep
|
|t:|1757861210
|switch|p2b: Sneasler|Sneasler, L50, M|100/100
|turn|3
|
|t:|1757861225
|switch|p2b: Pelipper|Pelipper, L50, F|100/100
|-weather|RainDance|[from] ability: Drizzle|[of] p2b: Pelipper
|switch|p1a: Incineroar|Incineroar, L50, M|100/100
|-ability|p1a: Incineroar|Intimidate|boost
|-unboost|p2a: Archaludon|atk|1
|-unboost|p2b: Pelipper|atk|1
|move|p1b: Annihilape|Protect|p1b: Annihilape
|-singleturn|p1b: Annihilape|Protect
|move|p2a: Archaludon|Electro Shot||[still]
|-prepare|p2a: Archaludon|Electro Shot
|-boost|p2a: Archaludon|spa|1
|-anim|p2a: Archaludon|Electro Shot|p1b: Annihilape
|-activate|p1b: Annihilape|move: Protect
|
|-weather|RainDance|[upkeep]
|-heal|p1b: Annihilape|87/100|[from] Grassy Terrain
|upkeep
|turn|4
|inactive|Yato1226 has 30 seconds left.
|inactive|panzonincredible has 30 seconds left.
|inactive|Yato1226 has 20 seconds left.
|inactive|panzonincredible has 20 seconds left.
|inactive|panzonincredible has 15 seconds left.
|inactive|Yato1226 has 15 seconds left.
|inactive|panzonincredible has 10 seconds left.
|inactive|Yato1226 has 10 seconds left.
|
|t:|1757861277
|-terastallize|p2a: Archaludon|Bug
|move|p1a: Incineroar|Fake Out|p2a: Archaludon
|-damage|p2a: Archaludon|92/100
|-ability|p2a: Archaludon|Stamina|boost
|-boost|p2a: Archaludon|def|1
|move|p2b: Pelipper|Weather Ball|p1a: Incineroar
|-supereffective|p1a: Incineroar
|-damage|p1a: Incineroar|0 fnt
|faint|p1a: Incineroar
|cant|p2a: Archaludon|flinch
|move|p1b: Annihilape|Rage Fist|p2a: Archaludon
|-damage|p2a: Archaludon|57/100
|-ability|p2a: Archaludon|Stamina|boost
|-boost|p2a: Archaludon|def|1
|
|-weather|RainDance|[upkeep]
|-heal|p2a: Archaludon|63/100|[from] Grassy Terrain
|-heal|p1b: Annihilape|93/100|[from] Grassy Terrain
|-sideend|p2: panzonincredible|move: Tailwind
|upkeep
|
|t:|1757861285
|switch|p1a: Rillaboom|Rillaboom, L50, M|100/100
|turn|5
|inactive|Yato1226 has 30 seconds left.
|inactive|Yato1226 has 20 seconds left.
|
|t:|1757861322
|switch|p2b: Sneasler|Sneasler, L50, M|100/100
|move|p1a: Rillaboom|Grassy Glide|p1b: Annihilape
|-supereffective|p1b: Annihilape
|-damage|p1b: Annihilape|46/100
|-enditem|p1b: Annihilape|Sitrus Berry|[eat]
|-heal|p1b: Annihilape|71/100|[from] item: Sitrus Berry
|move|p1b: Annihilape|Rage Fist|p2a: Archaludon
|-damage|p2a: Archaludon|24/100
|-ability|p2a: Archaludon|Stamina|boost
|-boost|p2a: Archaludon|def|1
|move|p2a: Archaludon|Electro Shot||[still]
|-prepare|p2a: Archaludon|Electro Shot
|-boost|p2a: Archaludon|spa|1
|-anim|p2a: Archaludon|Electro Shot|p1b: Annihilape
|-supereffective|p1b: Annihilape
|-damage|p1b: Annihilape|0 fnt
|faint|p1b: Annihilape
|
|-weather|RainDance|[upkeep]
|-heal|p2a: Archaludon|30/100|[from] Grassy Terrain
|upkeep
|turn|6
|-message|Yato1226 forfeited.
|
|win|panzonincredible
||Yato1226 is ready for game 2.
||panzonincredible is ready for game 2.
|uhtml|next|Next: Game 2 of 3
