|j|☆plaidhaxx
|j|☆terry ferry
|html|plaidhaxxterry ferry    
|uhtml|bestof|Game 2 of a best-of-3
|t:|1786203829
|gametype|doubles
|player|p1|plaidhaxx|grimsley|
|player|p2|terry ferry|gentleman|
|gen|9
|tier|[Gen 9 Champions] VGC 2026 Reg M-B (Bo3)
|rule|Species Clause: Limit one of each Pokémon
|rule|Item Clause: Limit 1 of each item
|clearpoke
|poke|p1|Kommo-o, L50, F|
|poke|p1|Excadrill, L50, F|
|poke|p1|Tyranitar, L50, M|
|poke|p1|Grimmsnarl, L50, M|
|poke|p1|Scovillain, L50, M|
|poke|p1|Basculegion, L50, M|
|poke|p2|Basculegion, L50, M|
|poke|p2|Garchomp, L50, F|
|poke|p2|Scizor, L50, M|
|poke|p2|Tyranitar, L50, M|
|poke|p2|Sneasler, L50, F|
|poke|p2|Corviknight, L50, M|
|teampreview|4
|showteam|p1|Kommo-o||Leftovers|Overcoat|ClangingScales,ClangorousSoul,AuraSphere,Protect|Modest||F|||50|]Excadrill||LifeOrb|SandRush|HighHorsepower,RockSlide,IronHead,Protect|Adamant||F|||50|]Tyranitar||Tyranitarite|SandStream|DragonDance,RockSlide,KnockOff,Protect|Jolly||M|||50|]Grimmsnarl||LightClay|Prankster|SpiritBreak,LightScreen,Reflect,FakeOut|Impish||M|||50|]Scovillain||Scovillainite|Moody|Protect,RagePowder,Overheat,EnergyBall|Bold||M|||50|]Basculegion||ChoiceScarf|Adaptability|WaveCrash,LastRespects,AquaJet,FlipTurn|Adamant||M|||50|
|showteam|p2|Basculegion||SitrusBerry|Adaptability|WaveCrash,LastRespects,AquaJet,Protect|Jolly||M|||50|]Garchomp||Garchompite|RoughSkin|EarthPower,DracoMeteor,PowerGem,Protect|Modest||F|||50|]Scizor||LifeOrb|Technician|BulletPunch,BugBite,SwordsDance,Protect|Adamant||M|||50|]Tyranitar||ChoiceScarf|SandStream|RockSlide,KnockOff,IcePunch,Superpower|Jolly||M|||50|]Sneasler||FocusSash|PoisonTouch|PoisonJab,CloseCombat,FakeOut,Protect|Jolly||F|||50|]Corviknight||Leftovers|MirrorArmor|IronHead,BraveBird,Tailwind,Protect|Impish||M|||50|
|
|t:|1786203861
|teamsize|p1|4
|teamsize|p2|4
|start
|switch|p1a: Scovillain|Scovillain, L50, M|100/100
|switch|p1b: Kommo-o|Kommo-o, L50, F|100/100
|switch|p2a: Garchomp|Garchomp, L50, F|100/100
|switch|p2b: Corviknight|Corviknight, L50, M|100/100
|turn|1
|
|t:|1786203904
|detailschange|p1a: Scovillain|Scovillain-Mega, L50, M
|-mega|p1a: Scovillain|Scovillain|Scovillainite
|move|p1a: Scovillain|Rage Powder|p1a: Scovillain
|-singleturn|p1a: Scovillain|move: Rage Powder
|move|p2a: Garchomp|Earth Power|p1a: Scovillain
|-damage|p1a: Scovillain|62/100
|-status|p2a: Garchomp|brn|[from] ability: Spicy Spray|[of] p1a: Scovillain
|move|p1b: Kommo-o|Clangorous Soul|p1b: Kommo-o
|-boost|p1b: Kommo-o|atk|1
|-boost|p1b: Kommo-o|def|1
|-boost|p1b: Kommo-o|spa|1
|-boost|p1b: Kommo-o|spd|1
|-boost|p1b: Kommo-o|spe|1
|-damage|p1b: Kommo-o|67/100
|move|p2b: Corviknight|Brave Bird|p1a: Scovillain
|-supereffective|p1a: Scovillain|1
|-damage|p1a: Scovillain|0 fnt
|-status|p2b: Corviknight|brn|[from] ability: Spicy Spray|[of] p1a: Scovillain
|faint|p1a: Scovillain
|-damage|p2b: Corviknight|82/100 brn|[from] Recoil
|
|-heal|p1b: Kommo-o|72/100|[from] item: Leftovers
|-heal|p2b: Corviknight|88/100 brn|[from] item: Leftovers
|-damage|p2a: Garchomp|93/100 brn|[from] brn
|-damage|p2b: Corviknight|82/100 brn|[from] brn
|upkeep
|
|t:|1786203970
|switch|p1a: Basculegion|Basculegion, L50, M|100/100
|turn|2
|
|t:|1786203987
|detailschange|p2a: Garchomp|Garchomp-Mega, L50, F
|-mega|p2a: Garchomp|Garchomp|Garchompite
|move|p2a: Garchomp|Protect|p2a: Garchomp
|-singleturn|p2a: Garchomp|Protect
|move|p1b: Kommo-o|Clanging Scales|p2b: Corviknight|[spread] p2b
|-activate|p2a: Garchomp|move: Protect
|-resisted|p2b: Corviknight|1
|-damage|p2b: Corviknight|60/100 brn
|-unboost|p1b: Kommo-o|def|1
|move|p1a: Basculegion|Last Respects|p2b: Corviknight
|-damage|p2b: Corviknight|11/100 brn
|move|p2b: Corviknight|Tailwind|p2b: Corviknight
|-sidestart|p2: terry ferry|move: Tailwind
|
|-heal|p1b: Kommo-o|78/100|[from] item: Leftovers
|-heal|p2b: Corviknight|17/100 brn|[from] item: Leftovers
|-damage|p2a: Garchomp|87/100 brn|[from] brn
|-damage|p2b: Corviknight|11/100 brn|[from] brn
|upkeep
|turn|3
|
|t:|1786204030
|move|p1b: Kommo-o|Protect|p1b: Kommo-o
|-singleturn|p1b: Kommo-o|Protect
|move|p2a: Garchomp|Draco Meteor|p1b: Kommo-o
|-activate|p1b: Kommo-o|move: Protect
|move|p1a: Basculegion|Last Respects|p2a: Garchomp
|-damage|p2a: Garchomp|32/100 brn
|move|p2b: Corviknight|Brave Bird|p1a: Basculegion
|-damage|p1a: Basculegion|77/100
|-damage|p2b: Corviknight|3/100 brn|[from] Recoil
|
|-heal|p1b: Kommo-o|84/100|[from] item: Leftovers
|-heal|p2b: Corviknight|9/100 brn|[from] item: Leftovers
|-damage|p2a: Garchomp|26/100 brn|[from] brn
|-damage|p2b: Corviknight|3/100 brn|[from] brn
|upkeep
|turn|4
|
|t:|1786204081
|move|p2a: Garchomp|Draco Meteor|p1b: Kommo-o
|-supereffective|p1b: Kommo-o|1
|-damage|p1b: Kommo-o|0 fnt
|-unboost|p2a: Garchomp|spa|2
|faint|p1b: Kommo-o
|move|p1a: Basculegion|Last Respects|p2a: Garchomp
|-damage|p2a: Garchomp|0 fnt
|faint|p2a: Garchomp
|move|p2b: Corviknight|Brave Bird|p1a: Basculegion
|-damage|p1a: Basculegion|55/100
|-damage|p2b: Corviknight|0 fnt|[from] Recoil
|faint|p2b: Corviknight
|
|upkeep
|
|t:|1786204094
|switch|p2a: Tyranitar|Tyranitar, L50, M|100/100
|switch|p1b: Excadrill|Excadrill, L50, F|100/100
|switch|p2b: Sneasler|Sneasler, L50, F|100/100
|-weather|Sandstorm|[from] ability: Sand Stream|[of] p2a: Tyranitar
|turn|5
|
|t:|1786204120
|move|p2b: Sneasler|Close Combat|p1b: Excadrill
|-supereffective|p1b: Excadrill|1
|-damage|p1b: Excadrill|0 fnt
|-unboost|p2b: Sneasler|def|1
|-unboost|p2b: Sneasler|spd|1
|faint|p1b: Excadrill
|move|p2a: Tyranitar|Knock Off|p1a: Basculegion
|-supereffective|p1a: Basculegion|1
|-damage|p1a: Basculegion|0 fnt
|-enditem|p1a: Basculegion|Choice Scarf|[from] move: Knock Off|[of] p2a: Tyranitar
|faint|p1a: Basculegion
|
|win|terry ferry
