|j|☆T1guel
|j|☆spellbreakvgc
|html|T1guelspellbreakvgc    
|uhtml|bestof|Game 2 of a best-of-3
|t:|1756905442
|gametype|doubles
|player|p1|T1guel|hilbert|1115
|player|p2|spellbreakvgc|lance|1209
|gen|9
|tier|[Gen 9] VGC 2025 Reg H (Bo3)
|rated|
|rule|Species Clause: Limit one of each Pokémon
|rule|Item Clause: Limit 1 of each item
|clearpoke
|poke|p1|Murkrow, L50, F|
|poke|p1|Rillaboom, L50, F|
|poke|p1|Hydreigon, L50, M|
|poke|p1|Incineroar, L50, F|
|poke|p1|Amoonguss, L50, F|
|poke|p1|Palafin, L50, M|
|poke|p2|Archaludon, L50, M|
|poke|p2|Pelipper, L50, M|
|poke|p2|Basculegion, L50, M|
|poke|p2|Sinistcha, L50|
|poke|p2|Electrode-Hisui, L50|
|poke|p2|Spiritomb, L50, F|
|teampreview|4
|showteam|p1|Murkrow||Eviolite|Prankster|FoulPlay,Haze,Protect,Tailwind|||F|||50|,,,,,Ghost]Rillaboom||AssaultVest|GrassySurge|FakeOut,GrassyGlide,Uturn,WoodHammer|||F|||50|,,,,,Fire]Hydreigon||SoftSand|Levitate|DragonPulse,EarthPower,Protect,NastyPlot|||M|||50|,,,,,Fire]Incineroar||SafetyGoggles|Intimidate|FakeOut,FlareBlitz,PartingShot,KnockOff|||F|||50|,,,,,Ghost]Amoonguss||SitrusBerry|Regenerator|RagePowder,Spore,Protect,SludgeBomb|||F|||50|,,,,,Water]Palafin||MysticWater|ZerotoHero|JetPunch,CloseCombat,Protect,FlipTurn|||M|||50|,,,,,Water
|showteam|p2|Archaludon||AssaultVest|Stamina|DragonPulse,FlashCannon,ElectroShot,BodyPress|||M|||50|,,,,,Bug]Pelipper||FocusSash|Drizzle|WeatherBall,Hurricane,Tailwind,Protect|||M|||50|,,,,,Stellar]Basculegion||LifeOrb|SwiftSwim|WaveCrash,LastRespects,AquaJet,Protect|||M|||50|,,,,,Grass]Sinistcha||SitrusBerry|Hospitality|MatchaGotcha,StrengthSap,RagePowder,TrickRoom||||||50|,,,,,Fire]Electrode-Hisui||LoadedDice|Soundproof|BulletSeed,Electroweb,Taunt,ThunderWave||||||50|,,,,,Ghost]Spiritomb||BlackGlasses|Pressure|DarkPulse,Snarl,TrickRoom,Imprison|||F|||50|,,,,,Water
|
|t:|1756905483
|teamsize|p1|4
|teamsize|p2|4
|start
|switch|p1a: Palafin|Palafin, L50, M|100/100
|switch|p1b: Amoonguss|Amoonguss, L50, F|100/100
|switch|p2a: Archaludon|Archaludon, L50, M|100/100
|switch|p2b: Electrode|Electrode-Hisui, L50|100/100
|turn|1
|
|t:|1756905509
|detailschange|p1a: Palafin|Palafin-Hero, L50, M
|switch|p1a: Incineroar|Incineroar, L50, F|100/100
|-ability|p1a: Incineroar|Intimidate|boost
|-unboost|p2a: Archaludon|atk|1
|-unboost|p2b: Electrode|atk|1
|move|p1b: Amoonguss|Rage Powder|p1b: Amoonguss
|-singleturn|p1b: Amoonguss|move: Rage Powder
|move|p2b: Electrode|Taunt|p1b: Amoonguss
|-start|p1b: Amoonguss|move: Taunt
|move|p2a: Archaludon|Electro Shot||[still]
|-prepare|p2a: Archaludon|Electro Shot
|-boost|p2a: Archaludon|spa|1
|
|upkeep
|turn|2
|
|t:|1756905528
|switch|p1b: Hydreigon|Hydreigon, L50, M|100/100
|-terastallize|p2b: Electrode|Ghost
|move|p2b: Electrode|Bullet Seed|p2a: Archaludon
|-resisted|p2a: Archaludon
|-damage|p2a: Archaludon|99/100
|-ability|p2a: Archaludon|Stamina|boost
|-boost|p2a: Archaludon|def|1
|-resisted|p2a: Archaludon
|-damage|p2a: Archaludon|99/100
|-ability|p2a: Archaludon|Stamina|boost
|-boost|p2a: Archaludon|def|1
|-resisted|p2a: Archaludon
|-damage|p2a: Archaludon|99/100
|-ability|p2a: Archaludon|Stamina|boost
|-boost|p2a: Archaludon|def|1
|-resisted|p2a: Archaludon
|-damage|p2a: Archaludon|98/100
|-ability|p2a: Archaludon|Stamina|boost
|-boost|p2a: Archaludon|def|1
|-resisted|p2a: Archaludon
|-crit|p2a: Archaludon
|-damage|p2a: Archaludon|97/100
|-ability|p2a: Archaludon|Stamina|boost
|-boost|p2a: Archaludon|def|1
|-hitcount|p2a: Archaludon|5
|move|p2a: Archaludon|Electro Shot|p1a: Incineroar|[from] lockedmove
|-damage|p1a: Incineroar|38/100
|move|p1a: Incineroar|Knock Off|p2a: Archaludon
|-damage|p2a: Archaludon|86/100
|-ability|p2a: Archaludon|Stamina|boost
|-boost|p2a: Archaludon|def|1
|-enditem|p2a: Archaludon|Assault Vest|[from] move: Knock Off|[of] p1a: Incineroar
|
|upkeep
|turn|3
|
|t:|1756905576
|move|p2b: Electrode|Electroweb|p1a: Incineroar|[spread] p1a,p1b
|-resisted|p1b: Hydreigon
|-damage|p1a: Incineroar|28/100
|-damage|p1b: Hydreigon|95/100
|-unboost|p1a: Incineroar|spe|1
|-unboost|p1b: Hydreigon|spe|1
|move|p2a: Archaludon|Body Press|p1b: Hydreigon
|-supereffective|p1b: Hydreigon
|-damage|p1b: Hydreigon|0 fnt
|faint|p1b: Hydreigon
|move|p1a: Incineroar|Knock Off|p2b: Electrode
|-supereffective|p2b: Electrode
|-damage|p2b: Electrode|0 fnt
|-enditem|p2b: Electrode|Loaded Dice|[from] move: Knock Off|[of] p1a: Incineroar
|faint|p2b: Electrode
|
|upkeep
|
|t:|1756905591
|switch|p2b: Pelipper|Pelipper, L50, M|100/100
|switch|p1b: Amoonguss|Amoonguss, L50, F|100/100
|-weather|RainDance|[from] ability: Drizzle|[of] p2b: Pelipper
|turn|4
|
|t:|1756905607
|move|p2b: Pelipper|Hurricane|p1b: Amoonguss
|-supereffective|p1b: Amoonguss
|-damage|p1b: Amoonguss|15/100
|-enditem|p1b: Amoonguss|Sitrus Berry|[eat]
|-heal|p1b: Amoonguss|40/100|[from] item: Sitrus Berry
|move|p2a: Archaludon|Electro Shot||[still]
|-prepare|p2a: Archaludon|Electro Shot
|-boost|p2a: Archaludon|spa|1
|-anim|p2a: Archaludon|Electro Shot|p1b: Amoonguss
|-resisted|p1b: Amoonguss
|-damage|p1b: Amoonguss|7/100
|move|p1a: Incineroar|Parting Shot|p2b: Pelipper
|-unboost|p2b: Pelipper|atk|1
|-unboost|p2b: Pelipper|spa|1
|
|t:|1756905619
|switch|p1a: Palafin|Palafin-Hero, L50, M|100/100|[from] Parting Shot
|-activate|p1a: Palafin|ability: Zero to Hero
|move|p1b: Amoonguss|Spore|p2a: Archaludon
|-status|p2a: Archaludon|slp|[from] move: Spore
|
|-weather|RainDance|[upkeep]
|upkeep
|turn|5
|
|t:|1756905637
|-terastallize|p1a: Palafin|Water
|move|p1b: Amoonguss|Rage Powder|p1b: Amoonguss
|-singleturn|p1b: Amoonguss|move: Rage Powder
|move|p1a: Palafin|Jet Punch|p2b: Pelipper
|-resisted|p2b: Pelipper
|-damage|p2b: Pelipper|34/100
|move|p2b: Pelipper|Tailwind|p2b: Pelipper
|-sidestart|p2: spellbreakvgc|move: Tailwind
|cant|p2a: Archaludon|slp
|
|-weather|RainDance|[upkeep]
|upkeep
|turn|6
|
|t:|1756905648
|move|p2b: Pelipper|Protect|p2b: Pelipper
|-singleturn|p2b: Pelipper|Protect
|move|p1b: Amoonguss|Rage Powder|p1b: Amoonguss
|-singleturn|p1b: Amoonguss|move: Rage Powder
|move|p1a: Palafin|Jet Punch|p2b: Pelipper
|-activate|p2b: Pelipper|move: Protect
|cant|p2a: Archaludon|slp
|
|-weather|RainDance|[upkeep]
|upkeep
|turn|7
|
|t:|1756905659
|switch|p2b: Sinistcha|Sinistcha, L50|100/100
|-heal|p2a: Archaludon|100/100 slp|[from] ability: Hospitality|[of] p2b: Sinistcha
|move|p1b: Amoonguss|Rage Powder|p1b: Amoonguss
|-singleturn|p1b: Amoonguss|move: Rage Powder
|move|p1a: Palafin|Jet Punch|p2b: Sinistcha
|-resisted|p2b: Sinistcha
|-damage|p2b: Sinistcha|63/100
|cant|p2a: Archaludon|slp
|
|-weather|RainDance|[upkeep]
|upkeep
|turn|8
|
|t:|1756905678
|move|p1a: Palafin|Protect|p1a: Palafin
|-singleturn|p1a: Palafin|Protect
|-curestatus|p2a: Archaludon|slp|[msg]
|move|p2a: Archaludon|Electro Shot||[still]
|-prepare|p2a: Archaludon|Electro Shot
|-boost|p2a: Archaludon|spa|1
|-anim|p2a: Archaludon|Electro Shot|p1b: Amoonguss
|-resisted|p1b: Amoonguss
|-damage|p1b: Amoonguss|0 fnt
|faint|p1b: Amoonguss
|move|p2b: Sinistcha|Strength Sap|p1a: Palafin
|-activate|p1a: Palafin|move: Protect
|
|-weather|none
|-sideend|p2: spellbreakvgc|move: Tailwind
|upkeep
|
|t:|1756905685
|switch|p1b: Incineroar|Incineroar, L50, F|28/100
|-ability|p1b: Incineroar|Intimidate|boost
|-unboost|p2a: Archaludon|atk|1
|-unboost|p2b: Sinistcha|atk|1
|turn|9
|
|t:|1756905701
|switch|p2b: Pelipper|Pelipper, L50, M|34/100
|-weather|RainDance|[from] ability: Drizzle|[of] p2b: Pelipper
|move|p1a: Palafin|Close Combat|p2a: Archaludon
|-supereffective|p2a: Archaludon
|-damage|p2a: Archaludon|80/100
|-unboost|p1a: Palafin|def|1
|-unboost|p1a: Palafin|spd|1
|move|p2a: Archaludon|Electro Shot||[still]
|-prepare|p2a: Archaludon|Electro Shot
|-boost|p2a: Archaludon|spa|1
|-anim|p2a: Archaludon|Electro Shot|p1a: Palafin
|-supereffective|p1a: Palafin
|-damage|p1a: Palafin|0 fnt
|faint|p1a: Palafin
|move|p1b: Incineroar|Flare Blitz|p2a: Archaludon
|-damage|p2a: Archaludon|75/100
|-damage|p1b: Incineroar|26/100|[from] Recoil
|
|-weather|RainDance|[upkeep]
|upkeep
|turn|10
|c|☆T1guel|gg
|c|☆spellbreakvgc|gg
|
|t:|1756905725
|move|p2b: Pelipper|Protect|p2b: Pelipper
|-singleturn|p2b: Pelipper|Protect
|move|p2a: Archaludon|Electro Shot||[still]
|-prepare|p2a: Archaludon|Electro Shot
|-boost|p2a: Archaludon|spa|1
|-anim|p2a: Archaludon|Electro Shot|p1b: Incineroar
|-damage|p1b: Incineroar|0 fnt
|faint|p1b: Incineroar
|
|win|spellbreakvgc
