|j|☆AyyLwin
|j|☆Astano
|html|AyyLwinAstano    
|uhtml|bestof|Game 1 of a best-of-3
|t:|1785332103
|gametype|doubles
|player|p1|AyyLwin|2|1014
|player|p2|Astano|102|1119
|gen|9
|tier|[Gen 9 Champions] VGC 2026 Reg M-B (Bo3)
|rated|
|rule|Species Clause: Limit one of each Pokémon
|rule|Item Clause: Limit 1 of each item
|clearpoke
|poke|p1|Charizard, L50, M|
|poke|p1|Swampert, L50, M|
|poke|p1|Sinistcha, L50|
|poke|p1|Politoed, L50, F|
|poke|p1|Clefable, L50, F|
|poke|p1|Vivillon-Fancy, L50, M|
|poke|p2|Swampert, L50, F|
|poke|p2|Sableye, L50, F|
|poke|p2|Archaludon, L50, F|
|poke|p2|Pelipper, L50, F|
|poke|p2|Sylveon, L50, M|
|poke|p2|Venusaur, L50, F|
|teampreview|4
|showteam|p1|Charizard||CharizarditeY|Blaze|HeatWave,Protect,WeatherBall,SolarBeam|Modest||M|||50|]Swampert||Swampertite|Torrent|FlipTurn,IcePunch,Protect,Earthquake|Adamant||M|||50|]Sinistcha||KasibBerry|Hospitality|MatchaGotcha,Protect,TrickRoom,RagePowder|Bold|||||50|]Politoed||DampRock|Drizzle|Hypnosis,Surf,WeatherBall,Protect|Sassy||F|||50|]Clefable||SitrusBerry|Unaware|FollowMe,Gravity,Protect,Moonblast|Modest||F|||50|]Vivillon-Fancy||FocusSash|CompoundEyes|SleepPowder,Protect,Hurricane,RagePowder|Timid||M|||50|
|showteam|p2|Swampert||Swampertite|Torrent|Protect,WaveCrash,Earthquake,HighHorsepower|Adamant||F|||50|]Sableye||LightClay|Prankster|Encore,Reflect,LightScreen,RainDance|Bold||F|||50|]Archaludon||Leftovers|Stamina|Protect,DragonPulse,FlashCannon,ElectroShot|Modest||F|||50|]Pelipper||SitrusBerry|Drizzle|Protect,WeatherBall,Hurricane,Tailwind|Bold||F|||50|]Sylveon||FairyFeather|Pixilate|Detect,HyperVoice,Moonblast,QuickAttack|Modest||M|||50|]Venusaur||Venusaurite|Overgrow|Protect,GigaDrain,SludgeBomb,EarthPower|Modest||F|||50|
|inactive|Battle timer is ON: inactive players will automatically lose when time's up. (requested by Astano)
|
|t:|1785332143
|teamsize|p1|4
|teamsize|p2|4
|start
|switch|p1a: Charizard|Charizard, L50, M|100/100
|switch|p1b: Vivillon|Vivillon-Fancy, L50, M|100/100
|switch|p2a: Sylveon|Sylveon, L50, M|100/100
|switch|p2b: Venusaur|Venusaur, L50, F|100/100
|turn|1
|inactive|AyyLwin has 30 seconds left.
|
|t:|1785332173
|detailschange|p2b: Venusaur|Venusaur-Mega, L50, F
|-mega|p2b: Venusaur|Venusaur|Venusaurite
|move|p1a: Charizard|Heat Wave|p2b: Venusaur|[spread] p2a,p2b
|-supereffective|p2b: Venusaur|1
|-damage|p2a: Sylveon|77/100
|-damage|p2b: Venusaur|71/100
|move|p1b: Vivillon|Hurricane|p2b: Venusaur
|-supereffective|p2b: Venusaur|1
|-damage|p2b: Venusaur|0 fnt
|faint|p2b: Venusaur
|move|p2a: Sylveon|Moonblast|p1b: Vivillon
|-crit|p1b: Vivillon
|-enditem|p1b: Vivillon|Focus Sash
|-damage|p1b: Vivillon|1/100
|
|upkeep
|
|t:|1785332183
|switch|p2b: Pelipper|Pelipper, L50, F|100/100
|-weather|RainDance|[from] ability: Drizzle|[of] p2b: Pelipper
|turn|2
|
|t:|1785332202
|switch|p2b: Swampert|Swampert, L50, F|100/100
|detailschange|p1a: Charizard|Charizard-Mega-Y, L50, M
|-mega|p1a: Charizard|Charizard|Charizardite Y
|-weather|SunnyDay|[from] ability: Drought|[of] p1a: Charizard
|move|p2a: Sylveon|Quick Attack|p1b: Vivillon
|-damage|p1b: Vivillon|0 fnt
|faint|p1b: Vivillon
|move|p1a: Charizard|Weather Ball|p2a: Sylveon
|-damage|p2a: Sylveon|7/100
|
|-weather|SunnyDay|[upkeep]
|upkeep
|
|t:|1785332218
|switch|p1b: Sinistcha|Sinistcha, L50|100/100
|turn|3
|inactive|AyyLwin has 30 seconds left.
|
|t:|1785332249
|switch|p2a: Pelipper|Pelipper, L50, F|100/100
|-weather|RainDance|[from] ability: Drizzle|[of] p2a: Pelipper
|move|p2b: Swampert|Protect|p2b: Swampert
|-singleturn|p2b: Swampert|Protect
|move|p1b: Sinistcha|Rage Powder|p1b: Sinistcha
|-singleturn|p1b: Sinistcha|move: Rage Powder
|move|p1a: Charizard|Weather Ball|p2b: Swampert
|-activate|p2b: Swampert|move: Protect
|
|-weather|RainDance|[upkeep]
|upkeep
|turn|4
|inactive|Astano has 30 seconds left.
|
|t:|1785332275
|switch|p1a: Clefable|Clefable, L50, F|100/100
|move|p1b: Sinistcha|Protect|p1b: Sinistcha
|-singleturn|p1b: Sinistcha|Protect
|move|p2b: Swampert|Wave Crash|p1b: Sinistcha
|-activate|p1b: Sinistcha|move: Protect
|move|p2a: Pelipper|Hurricane|p1b: Sinistcha
|-activate|p1b: Sinistcha|move: Protect
|
|-weather|RainDance|[upkeep]
|upkeep
|turn|5
|
|t:|1785332290
|switch|p2a: Sylveon|Sylveon, L50, M|7/100
|move|p1a: Clefable|Follow Me|p1a: Clefable
|-singleturn|p1a: Clefable|move: Follow Me
|move|p2b: Swampert|High Horsepower|p1a: Clefable
|-damage|p1a: Clefable|50/100y
|-enditem|p1a: Clefable|Sitrus Berry|[eat]
|-heal|p1a: Clefable|75/100|[from] item: Sitrus Berry
|move|p1b: Sinistcha|Matcha Gotcha|p2b: Swampert|[spread] p2a
|-miss|p1b: Sinistcha|p2b: Swampert
|-damage|p2a: Sylveon|0 fnt
|faint|p2a: Sylveon
|
|-weather|RainDance|[upkeep]
|upkeep
|
|t:|1785332296
|switch|p2a: Pelipper|Pelipper, L50, F|100/100
|turn|6
|-message|Astano forfeited.
|
|win|AyyLwin
