|j|☆Chandeliere
|j|☆riegeljr
|html|Chandeliereriegeljr    
|uhtml|bestof|Game 1 of a best-of-3
|t:|1756622290
|gametype|doubles
|player|p1|Chandeliere|ethan|1100
|player|p2|riegeljr|infielder|1076
|gen|9
|tier|[Gen 9] VGC 2025 Reg H (Bo3)
|rated|
|rule|Species Clause: Limit one of each Pokémon
|rule|Item Clause: Limit 1 of each item
|clearpoke
|poke|p1|Ninetales-Alola, L50, M|
|poke|p1|Gholdengo, L50|
|poke|p1|Garchomp, L50, M|
|poke|p1|Incineroar, L50, M|
|poke|p1|Sneasler, L50, M|
|poke|p1|Corviknight, L50, F|
|poke|p2|Gothitelle, L50, F|
|poke|p2|Primarina, L50, F|
|poke|p2|Volcarona, L50, F|
|poke|p2|Baxcalibur, L50, F|
|poke|p2|Incineroar, L50, F|
|poke|p2|Rillaboom, L50, M|
|teampreview|4
|showteam|p1|Ninetales-Alola||LightClay|SnowWarning|AuroraVeil,Blizzard,FreezeDry,Protect|||M|||50|,,,,,Ghost]Gholdengo||LifeOrb|GoodasGold|MakeItRain,ShadowBall,NastyPlot,Protect||||||50|,,,,,Water]Garchomp||ClearAmulet|RoughSkin|Earthquake,StompingTantrum,DragonClaw,Protect|||M|||50|,,,,,Ground]Incineroar||SafetyGoggles|Intimidate|FakeOut,KnockOff,FlareBlitz,PartingShot|||M|||50|,,,,,Ghost]Sneasler||WhiteHerb|Unburden|Coaching,CloseCombat,DireClaw,Protect|||M|||50|,,,,,Ghost]Corviknight||SitrusBerry|MirrorArmor|BodyPress,BraveBird,Tailwind,Protect|||F|||50|,,,,,Fire
|showteam|p2|Gothitelle||Leftovers|ShadowTag|FakeOut,PsychicNoise,TrickRoom,Protect|||F|||50|,,,,,Normal]Primarina||SitrusBerry|LiquidVoice|HyperVoice,Moonblast,PerishSong,Protect|||F|||50|,,,,,Poison]Volcarona||GrassySeed|FlameBody|HeatWave,GigaDrain,QuiverDance,Protect|||F|||50|,,,,,Grass]Baxcalibur||LoadedDice|ThermalExchange|IcicleSpear,IceShard,ScaleShot,Protect|||F|||50|,,,,,Dragon]Incineroar||SafetyGoggles|Intimidate|FakeOut,KnockOff,PartingShot,Protect|||F|||50|,,,,,Ghost]Rillaboom||AssaultVest|GrassySurge|FakeOut,WoodHammer,HighHorsepower,Uturn|||M|||50|,,,,,Ground
|inactive|Battle timer is ON: inactive players will automatically lose when time's up. (requested by riegeljr)
|inactive|Chandeliere has 60 seconds left.
|inactive|riegeljr has 60 seconds left.
|inactive|Chandeliere has 30 seconds left.
|inactive|riegeljr has 30 seconds left.
|inactive|Chandeliere has 20 seconds left.
|inactive|Chandeliere has 15 seconds left.
|inactive|Chandeliere has 10 seconds left.
|inactive|Chandeliere has 5 seconds left.
|
|t:|1756622377
|teamsize|p1|4
|teamsize|p2|4
|start
|switch|p1a: Sneasler|Sneasler, L50, M|100/100
|switch|p1b: Garchomp|Garchomp, L50, M|100/100
|switch|p2a: Primarina|Primarina, L50, F|100/100
|switch|p2b: Baxcalibur|Baxcalibur, L50, F|100/100
|turn|1
|inactive|Chandeliere has 30 seconds left.
|inactive|riegeljr has 30 seconds left.
|inactive|Chandeliere has 20 seconds left.
|inactive|Chandeliere has 15 seconds left.
|inactive|riegeljr has 20 seconds left.
|inactive|Chandeliere has 10 seconds left.
|inactive|riegeljr has 15 seconds left.
|
|t:|1756622427
|switch|p2a: Incineroar|Incineroar, L50, F|100/100
|-ability|p2a: Incineroar|Intimidate|boost
|-unboost|p1a: Sneasler|atk|1
|-fail|p1b: Garchomp|unboost|[from] item: Clear Amulet|[of] p1b: Garchomp
|-enditem|p1a: Sneasler|White Herb
|-clearnegativeboost|p1a: Sneasler|[silent]
|-terastallize|p1b: Garchomp|Ground
|-terastallize|p2b: Baxcalibur|Dragon
|move|p1a: Sneasler|Dire Claw|p2a: Incineroar
|-damage|p2a: Incineroar|61/100
|move|p1b: Garchomp|Dragon Claw|p2b: Baxcalibur
|-supereffective|p2b: Baxcalibur
|-damage|p2b: Baxcalibur|28/100
|move|p2b: Baxcalibur|Icicle Spear|p1b: Garchomp
|-supereffective|p1b: Garchomp
|-damage|p1b: Garchomp|70/100
|-supereffective|p1b: Garchomp
|-damage|p1b: Garchomp|41/100
|-supereffective|p1b: Garchomp
|-damage|p1b: Garchomp|10/100
|-supereffective|p1b: Garchomp
|-damage|p1b: Garchomp|0 fnt
|faint|p1b: Garchomp
|-hitcount|p1: Garchomp|4
|
|upkeep
|
|t:|1756622451
|switch|p1b: Incineroar|Incineroar, L50, M|100/100
|-ability|p1b: Incineroar|Intimidate|boost
|-unboost|p2a: Incineroar|atk|1
|-unboost|p2b: Baxcalibur|atk|1
|turn|2
|inactive|riegeljr has 30 seconds left.
|inactive|riegeljr has 20 seconds left.
|inactive|riegeljr has 15 seconds left.
|
|t:|1756622495
|switch|p2b: Gothitelle|Gothitelle, L50, F|100/100
|move|p2a: Incineroar|Fake Out|p1a: Sneasler
|-damage|p1a: Sneasler|89/100
|move|p1b: Incineroar|Fake Out|p2b: Gothitelle
|-damage|p2b: Gothitelle|91/100
|cant|p1a: Sneasler|flinch
|
|-heal|p2b: Gothitelle|98/100|[from] item: Leftovers
|upkeep
|turn|3
|inactive|riegeljr has 30 seconds left.
|
|t:|1756622526
|move|p2b: Gothitelle|Protect|p2b: Gothitelle
|-singleturn|p2b: Gothitelle|Protect
|move|p1a: Sneasler|Coaching|p1b: Incineroar
|-boost|p1b: Incineroar|atk|1
|-boost|p1b: Incineroar|def|1
|move|p2a: Incineroar|Parting Shot|p1a: Sneasler
|-unboost|p1a: Sneasler|atk|1
|-unboost|p1a: Sneasler|spa|1
|
|t:|1756622540
|switch|p2a: Primarina|Primarina, L50, F|100/100|[from] Parting Shot
|move|p1b: Incineroar|Knock Off|p2b: Gothitelle
|-activate|p2b: Gothitelle|move: Protect
|
|-heal|p2b: Gothitelle|100/100|[from] item: Leftovers
|upkeep
|turn|4
|
|t:|1756622558
|move|p1a: Sneasler|Dire Claw|p2a: Primarina
|-supereffective|p2a: Primarina
|-damage|p2a: Primarina|45/100
|-enditem|p2a: Primarina|Sitrus Berry|[eat]
|-heal|p2a: Primarina|69/100|[from] item: Sitrus Berry
|move|p1b: Incineroar|Knock Off|p2b: Gothitelle
|-supereffective|p2b: Gothitelle
|-damage|p2b: Gothitelle|7/100
|-enditem|p2b: Gothitelle|Leftovers|[from] move: Knock Off|[of] p1b: Incineroar
|move|p2a: Primarina|Hyper Voice|p1a: Sneasler|[spread] p1a,p1b
|-supereffective|p1b: Incineroar
|-damage|p1a: Sneasler|42/100
|-damage|p1b: Incineroar|43/100
|move|p2b: Gothitelle|Psychic Noise|p1a: Sneasler
|-supereffective|p1a: Sneasler
|-damage|p1a: Sneasler|0 fnt
|faint|p1a: Sneasler
|
|upkeep
|
|t:|1756622574
|switch|p1a: Gholdengo|Gholdengo, L50|100/100
|turn|5
|
|t:|1756622597
|switch|p2b: Incineroar|Incineroar, L50, F|61/100
|-ability|p2b: Incineroar|Intimidate|boost
|-unboost|p1a: Gholdengo|atk|1
|-unboost|p1b: Incineroar|atk|1
|move|p1a: Gholdengo|Make It Rain|p2a: Primarina|[spread] p2a,p2b
|-resisted|p2b: Incineroar
|-crit|p2b: Incineroar
|-damage|p2a: Primarina|21/100
|-damage|p2b: Incineroar|27/100
|-unboost|p1a: Gholdengo|spa|1
|-damage|p1a: Gholdengo|91/100|[from] item: Life Orb
|move|p1b: Incineroar|Knock Off|p2a: Primarina
|-resisted|p2a: Primarina
|-damage|p2a: Primarina|7/100
|move|p2a: Primarina|Hyper Voice|p1b: Incineroar|[spread] p1a,p1b
|-supereffective|p1b: Incineroar
|-damage|p1a: Gholdengo|50/100
|-damage|p1b: Incineroar|0 fnt
|faint|p1b: Incineroar
|
|upkeep
|turn|6
|inactive|riegeljr has 30 seconds left.
|
|t:|1756622627
|move|p1a: Gholdengo|Make It Rain|p2a: Primarina|[spread] p2a,p2b
|-resisted|p2b: Incineroar
|-damage|p2a: Primarina|0 fnt
|-damage|p2b: Incineroar|12/100
|-unboost|p1a: Gholdengo|spa|1
|faint|p2a: Primarina
|-damage|p1a: Gholdengo|40/100|[from] item: Life Orb
|move|p2b: Incineroar|Knock Off|p1a: Gholdengo
|-supereffective|p1a: Gholdengo
|-damage|p1a: Gholdengo|0 fnt
|-enditem|p1a: Gholdengo|Life Orb|[from] move: Knock Off|[of] p2b: Incineroar
|faint|p1a: Gholdengo
|
|win|riegeljr
||Chandeliere is ready for game 2.
|inactive|riegeljr has 30 seconds to confirm battle start!
||riegeljr is ready for game 2.
|uhtml|next|Next: Game 2 of 3
|l|☆riegeljr
|player|p2|
