|j|☆chocokoala vgc
|j|☆Cloudyan
|html|chocokoala vgcCloudyan    
|uhtml|bestof|Game 2 of a best-of-3
|t:|1784111038
|gametype|doubles
|player|p1|chocokoala vgc|benga|1244
|player|p2|Cloudyan|wallace|1225
|gen|9
|tier|[Gen 9 Champions] VGC 2026 Reg M-B (Bo3)
|rated|
|rule|Species Clause: Limit one of each Pokémon
|rule|Item Clause: Limit 1 of each item
|clearpoke
|poke|p1|Slowbro, L50, M|
|poke|p1|Appletun, L50, F|
|poke|p1|Incineroar, L50, F|
|poke|p1|Glimmora, L50, M|
|poke|p1|Ninetales-Alola, L50, M|
|poke|p1|Conkeldurr, L50, M|
|poke|p2|Archaludon, L50, M|
|poke|p2|Grimmsnarl, L50, M|
|poke|p2|Raichu, L50, F, shiny|
|poke|p2|Venusaur, L50, M|
|poke|p2|Pelipper, L50, F, shiny|
|poke|p2|Gholdengo, L50|
|teampreview|4
|showteam|p1|Slowbro||Slowbronite|Regenerator|Psychic,Scald,Protect,TrickRoom|Modest||M|||50|]Appletun||Leftovers|ThickFat|AppleAcid,DragonPulse,Protect,LeechSeed|Sassy||F|||50|]Incineroar||SitrusBerry|Intimidate|FakeOut,PartingShot,FlareBlitz,DarkestLariat|Careful||F|||50|]Glimmora||Glimmoranite|ToxicDebris|PowerGem,SludgeBomb,SpikyShield,EarthPower|Timid||M|||50|]Ninetales-Alola||LightClay|SnowWarning|Blizzard,Moonblast,Protect,AuroraVeil|Timid||M|||50|]Conkeldurr||LifeOrb|IronFist|MachPunch,DrainPunch,Protect,KnockOff|Brave||M|||50|
|showteam|p2|Archaludon||Leftovers|Stamina|FlashCannon,DragonPulse,ElectroShot,Protect|Calm||M|||50|]Grimmsnarl||LightClay|Prankster|SpiritBreak,LightScreen,Reflect,PartingShot|Careful||M|||50|]Raichu||RaichuniteY|LightningRod|ZapCannon,FocusBlast,Protect,FakeOut|Timid||F|||50|]Venusaur||Venusaurite|Chlorophyll|GigaDrain,SludgeBomb,EarthPower,Protect|Modest||M|||50|]Pelipper||SitrusBerry|Drizzle|Hurricane,WeatherBall,Tailwind,WideGuard|Bold||F|||50|]Gholdengo||LifeOrb|GoodasGold|MakeItRain,ShadowBall,NastyPlot,Protect|Modest|||||50|
|inactive|Battle timer is ON: inactive players will automatically lose when time's up. (requested by Cloudyan)
|inactive|chocokoala vgc also wants the timer to be on.
|
|t:|1784111056
|teamsize|p1|4
|teamsize|p2|4
|start
|switch|p1a: Incineroar|Incineroar, L50, F|100/100
|switch|p1b: Conkeldurr|Conkeldurr, L50, M|100/100
|switch|p2a: Grimmsnarl|Grimmsnarl, L50, M|100/100
|switch|p2b: Raichu|Raichu, L50, F, shiny|100/100
|-ability|p1a: Incineroar|Intimidate|boost
|-unboost|p2a: Grimmsnarl|atk|1
|-unboost|p2b: Raichu|atk|1
|turn|1
|
|t:|1784111070
|detailschange|p2b: Raichu|Raichu-Mega-Y, L50, F, shiny
|-mega|p2b: Raichu|Raichu|Raichunite Y
|move|p2b: Raichu|Fake Out|p1a: Incineroar
|-damage|p1a: Incineroar|94/100
|cant|p1a: Incineroar|flinch
|move|p2a: Grimmsnarl|Spirit Break|p1b: Conkeldurr
|-supereffective|p1b: Conkeldurr|1
|-damage|p1b: Conkeldurr|66/100
|-unboost|p1b: Conkeldurr|spa|1
|move|p1b: Conkeldurr|Drain Punch|p2b: Raichu
|-damage|p2b: Raichu|0 fnt
|-heal|p1b: Conkeldurr|100/100|[from] drain|[of] p2b: Raichu
|faint|p2b: Raichu
|-damage|p1b: Conkeldurr|90/100|[from] item: Life Orb
|
|upkeep
|
|t:|1784111087
|switch|p2b: Pelipper|Pelipper, L50, F, shiny|100/100
|-weather|RainDance|[from] ability: Drizzle|[of] p2b: Pelipper
|turn|2
|
|t:|1784111098
|switch|p1a: Slowbro|Slowbro, L50, M|100/100
|move|p1b: Conkeldurr|Protect|p1b: Conkeldurr
|-singleturn|p1b: Conkeldurr|Protect
|move|p2a: Grimmsnarl|Reflect|p2a: Grimmsnarl
|-sidestart|p2: Cloudyan|Reflect
|move|p2b: Pelipper|Weather Ball|p1a: Slowbro
|-resisted|p1a: Slowbro|1
|-damage|p1a: Slowbro|76/100
|
|-weather|RainDance|[upkeep]
|upkeep
|turn|3
|
|t:|1784111114
|switch|p1b: Incineroar|Incineroar, L50, F|94/100
|-ability|p1b: Incineroar|Intimidate|boost
|-unboost|p2a: Grimmsnarl|atk|1
|-unboost|p2b: Pelipper|atk|1
|move|p2b: Pelipper|Hurricane|p1a: Slowbro
|-damage|p1a: Slowbro|44/100
|move|p2a: Grimmsnarl|Spirit Break|p1a: Slowbro
|-damage|p1a: Slowbro|33/100
|-unboost|p1a: Slowbro|spa|1
|move|p1a: Slowbro|Trick Room|p1a: Slowbro
|-fieldstart|move: Trick Room|[of] p1a: Slowbro
|
|-weather|RainDance|[upkeep]
|upkeep
|turn|4
|inactive|Cloudyan has 30 seconds left.
|
|t:|1784111140
|-heal|p1a: Slowbro|67/100|[from] ability: Regenerator|[silent]
|switch|p1a: Appletun|Appletun, L50, F|100/100
|switch|p2b: Archaludon|Archaludon, L50, M|100/100
|move|p2a: Grimmsnarl|Parting Shot|p1a: Appletun
|-unboost|p1a: Appletun|atk|1
|-unboost|p1a: Appletun|spa|1
|
|t:|1784111149
|switch|p2a: Pelipper|Pelipper, L50, F, shiny|100/100|[from] Parting Shot
|move|p1b: Incineroar|Parting Shot|p2b: Archaludon
|-unboost|p2b: Archaludon|atk|1
|-unboost|p2b: Archaludon|spa|1
|
|t:|1784111156
|switch|p1b: Slowbro|Slowbro, L50, M|67/100|[from] Parting Shot
|
|-weather|RainDance|[upkeep]
|upkeep
|turn|5
|
|t:|1784111163
|detailschange|p1b: Slowbro|Slowbro-Mega, L50, M
|-mega|p1b: Slowbro|Slowbro|Slowbronite
|move|p2b: Archaludon|Protect|p2b: Archaludon
|-singleturn|p2b: Archaludon|Protect
|move|p1a: Appletun|Apple Acid|p2a: Pelipper
|-damage|p2a: Pelipper|76/100
|-unboost|p2a: Pelipper|spd|1
|move|p1b: Slowbro|Psychic|p2a: Pelipper
|-damage|p2a: Pelipper|7/100
|-unboost|p2a: Pelipper|spd|1
|-enditem|p2a: Pelipper|Sitrus Berry|[eat]
|-heal|p2a: Pelipper|31/100|[from] item: Sitrus Berry
|move|p2a: Pelipper|Hurricane|p1a: Appletun
|-supereffective|p1a: Appletun|1
|-damage|p1a: Appletun|36/100
|
|-weather|RainDance|[upkeep]
|-heal|p1a: Appletun|42/100|[from] item: Leftovers
|upkeep
|turn|6
|inactive|chocokoala vgc has 30 seconds left.
|inactive|Cloudyan has 30 seconds left.
|
|t:|1784111194
|switch|p2a: Grimmsnarl|Grimmsnarl, L50, M|100/100
|move|p1a: Appletun|Leech Seed|p2b: Archaludon
|-start|p2b: Archaludon|move: Leech Seed
|move|p1b: Slowbro|Scald|p2a: Grimmsnarl
|-damage|p2a: Grimmsnarl|44/100
|-status|p2a: Grimmsnarl|brn
|move|p2b: Archaludon|Dragon Pulse|p1a: Appletun
|-supereffective|p1a: Appletun|1
|-damage|p1a: Appletun|6/100
|
|-weather|none
|-heal|p1a: Appletun|12/100|[from] item: Leftovers
|-damage|p2b: Archaludon|87/100|[from] Leech Seed|[of] p1a: Appletun
|-heal|p1a: Appletun|23/100|[silent]
|-damage|p2a: Grimmsnarl|38/100 brn|[from] brn
|upkeep
|turn|7
|
|t:|1784111218
|move|p2a: Grimmsnarl|Light Screen|p2a: Grimmsnarl
|-sidestart|p2: Cloudyan|move: Light Screen
|move|p1a: Appletun|Apple Acid|p2a: Grimmsnarl
|-crit|p2a: Grimmsnarl
|-damage|p2a: Grimmsnarl|0 fnt
|faint|p2a: Grimmsnarl
|move|p1b: Slowbro|Scald|p2b: Archaludon
|-resisted|p2b: Archaludon|1
|-damage|p2b: Archaludon|76/100
|-status|p2b: Archaludon|brn
|-ability|p2b: Archaludon|Stamina|boost
|-boost|p2b: Archaludon|def|1
|move|p2b: Archaludon|Electro Shot||[still]
|-prepare|p2b: Archaludon|Electro Shot
|-boost|p2b: Archaludon|spa|1
|
|-heal|p1a: Appletun|29/100|[from] item: Leftovers
|-heal|p2b: Archaludon|82/100 brn|[from] item: Leftovers
|-damage|p2b: Archaludon|70/100 brn|[from] Leech Seed|[of] p1a: Appletun
|-heal|p1a: Appletun|40/100|[silent]
|-damage|p2b: Archaludon|64/100 brn|[from] brn
|-fieldend|move: Trick Room
|upkeep
|
|t:|1784111235
|switch|p2a: Pelipper|Pelipper, L50, F, shiny|31/100
|-weather|RainDance|[from] ability: Drizzle|[of] p2a: Pelipper
|turn|8
|
|t:|1784111244
|switch|p1a: Incineroar|Incineroar, L50, F|94/100
|-ability|p1a: Incineroar|Intimidate|boost
|-unboost|p2a: Pelipper|atk|1
|-unboost|p2b: Archaludon|atk|1
|move|p1b: Slowbro|Protect|p1b: Slowbro
|-singleturn|p1b: Slowbro|Protect
|move|p2b: Archaludon|Electro Shot|p1b: Slowbro|[from] lockedmove
|-activate|p1b: Slowbro|move: Protect
|move|p2a: Pelipper|Hurricane|p1a: Incineroar
|-damage|p1a: Incineroar|64/100
|-start|p1a: Incineroar|confusion
|
|-weather|RainDance|[upkeep]
|-heal|p2b: Archaludon|70/100 brn|[from] item: Leftovers
|-damage|p2b: Archaludon|58/100 brn|[from] Leech Seed|[of] p1a: Incineroar
|-heal|p1a: Incineroar|76/100|[silent]
|-damage|p2b: Archaludon|52/100 brn|[from] brn
|upkeep
|turn|9
|
|t:|1784111266
|-activate|p1a: Incineroar|confusion
|move|p1a: Incineroar|Fake Out|p2b: Archaludon
|-resisted|p2b: Archaludon|1
|-damage|p2b: Archaludon|50/100g brn
|-ability|p2b: Archaludon|Stamina|boost
|-boost|p2b: Archaludon|def|1
|cant|p2b: Archaludon|flinch
|move|p2a: Pelipper|Hurricane|p1b: Slowbro
|-damage|p1b: Slowbro|35/100
|-start|p1b: Slowbro|confusion
|-activate|p1b: Slowbro|confusion
|-damage|p1b: Slowbro|31/100|[from] confusion
|
|-weather|RainDance|[upkeep]
|-heal|p2b: Archaludon|56/100 brn|[from] item: Leftovers
|-damage|p2b: Archaludon|44/100 brn|[from] Leech Seed|[of] p1a: Incineroar
|-heal|p1a: Incineroar|88/100|[silent]
|-damage|p2b: Archaludon|38/100 brn|[from] brn
|-sideend|p2: Cloudyan|Reflect
|upkeep
|turn|10
|
|t:|1784111289
|switch|p1a: Appletun|Appletun, L50, F|40/100
|-activate|p1b: Slowbro|confusion
|-damage|p1b: Slowbro|28/100|[from] confusion
|move|p2b: Archaludon|Electro Shot||[still]
|-prepare|p2b: Archaludon|Electro Shot
|-boost|p2b: Archaludon|spa|1
|-anim|p2b: Archaludon|Electro Shot|p1b: Slowbro
|-supereffective|p1b: Slowbro|1
|-damage|p1b: Slowbro|0 fnt
|faint|p1b: Slowbro
|move|p2a: Pelipper|Weather Ball|p1a: Appletun
|-resisted|p1a: Appletun|2
|-damage|p1a: Appletun|29/100
|
|-weather|RainDance|[upkeep]
|-heal|p2b: Archaludon|44/100 brn|[from] item: Leftovers
|-heal|p1a: Appletun|35/100|[from] item: Leftovers
|-damage|p2b: Archaludon|32/100 brn|[from] Leech Seed|[of] p1a: Appletun
|-heal|p1a: Appletun|47/100|[silent]
|-damage|p2b: Archaludon|26/100 brn|[from] brn
|upkeep
|
|t:|1784111306
|switch|p1b: Conkeldurr|Conkeldurr, L50, M|90/100
|turn|11
|
|t:|1784111312
|move|p2b: Archaludon|Protect|p2b: Archaludon
|-singleturn|p2b: Archaludon|Protect
|move|p1b: Conkeldurr|Protect|p1b: Conkeldurr
|-singleturn|p1b: Conkeldurr|Protect
|move|p1a: Appletun|Protect|p1a: Appletun
|-singleturn|p1a: Appletun|Protect
|move|p2a: Pelipper|Hurricane|p1a: Appletun
|-activate|p1a: Appletun|move: Protect
|
|-weather|RainDance|[upkeep]
|-heal|p2b: Archaludon|32/100 brn|[from] item: Leftovers
|-heal|p1a: Appletun|52/100|[from] item: Leftovers
|-damage|p2b: Archaludon|20/100y brn|[from] Leech Seed|[of] p1a: Appletun
|-heal|p1a: Appletun|64/100|[silent]
|-damage|p2b: Archaludon|14/100 brn|[from] brn
|upkeep
|turn|12
|
|t:|1784111328
|move|p1b: Conkeldurr|Mach Punch|p2b: Archaludon
|-supereffective|p2b: Archaludon|1
|-damage|p2b: Archaludon|0 fnt
|faint|p2b: Archaludon
|-damage|p1b: Conkeldurr|80/100|[from] item: Life Orb
|move|p2a: Pelipper|Hurricane|p1b: Conkeldurr
|-supereffective|p1b: Conkeldurr|1
|-damage|p1b: Conkeldurr|0 fnt
|faint|p1b: Conkeldurr
|move|p1a: Appletun|Apple Acid|p2a: Pelipper
|-damage|p2a: Pelipper|10/100
|-unboost|p2a: Pelipper|spd|1
|
|-weather|none
|-heal|p1a: Appletun|70/100|[from] item: Leftovers
|upkeep
|
|t:|1784111341
|switch|p1b: Incineroar|Incineroar, L50, F|88/100
|-ability|p1b: Incineroar|Intimidate|boost
|-unboost|p2a: Pelipper|atk|1
|turn|13
|c|☆chocokoala vgc|ggs
|
|t:|1784111351
|move|p1b: Incineroar|Fake Out|p2a: Pelipper
|-damage|p2a: Pelipper|0 fnt
|faint|p2a: Pelipper
|
|win|chocokoala vgc
|raw|chocokoala vgc's rating: 1244 → 1268(+24 for winning)
|raw|Cloudyan's rating: 1225 → 1201(-24 for losing)
