|j|☆Kevinalcer
|j|☆Oscarm92
|html|KevinalcerOscarm92    
|uhtml|bestof|Game 1 of a best-of-3
|t:|1783838134
|gametype|doubles
|player|p1|Kevinalcer|101|1195
|player|p2|Oscarm92|morty|1346
|gen|9
|tier|[Gen 9 Champions] VGC 2026 Reg M-B (Bo3)
|rated|
|rule|Species Clause: Limit one of each Pokémon
|rule|Item Clause: Limit 1 of each item
|clearpoke
|poke|p1|Whimsicott, L50, M|
|poke|p1|Floette-Eternal, L50, F|
|poke|p1|Kingambit, L50, F|
|poke|p1|Basculegion, L50, M|
|poke|p1|Garchomp, L50, F|
|poke|p1|Charizard, L50, M|
|poke|p2|Charizard, L50, F, shiny|
|poke|p2|Aerodactyl, L50, F|
|poke|p2|Garchomp, L50, M, shiny|
|poke|p2|Kingambit, L50, M|
|poke|p2|Sylveon, L50, M|
|poke|p2|Farigiraf, L50, M|
|teampreview|4
|showteam|p1|Whimsicott||FocusSash|Prankster|Tailwind,Encore,Protect,Moonblast|Timid||M|||50|]Floette-Eternal||Floettite|FlowerVeil|Moonblast,DazzlingGleam,CalmMind,Protect|Timid||F|||50|]Kingambit||ChopleBerry|Defiant|KowtowCleave,Protect,SuckerPunch,LowKick|Adamant||F|||50|]Basculegion||MysticWater|Adaptability|LastRespects,WaveCrash,Protect,AquaJet|Adamant||M|||50|]Garchomp||LifeOrb|RoughSkin|Earthquake,DragonClaw,RockSlide,Protect|Jolly||F|||50|]Charizard||CharizarditeY|SolarPower|Protect,SolarBeam,WeatherBall,HeatWave|Modest||M|||50|
|showteam|p2|Charizard||CharizarditeY|Blaze|HeatWave,WeatherBall,SolarBeam,Protect|Modest||F|||50|]Aerodactyl||Aerodactylite|Unnerve|IceFang,RockSlide,Tailwind,DualWingbeat|Jolly||F|||50|]Garchomp||LifeOrb|RoughSkin|DragonClaw,StompingTantrum,Earthquake,Protect|Jolly||M|||50|]Kingambit||FocusSash|Defiant|SuckerPunch,KowtowCleave,IronHead,LowKick|Adamant||M|||50|]Sylveon||FairyFeather|Pixilate|QuickAttack,HyperVoice,HyperBeam,Protect|Modest||M|||50|]Farigiraf||SitrusBerry|ArmorTail|TrickRoom,Thunderbolt,Roar,Psychic|Bold||M|||50|
|
|t:|1783838163
|teamsize|p1|4
|teamsize|p2|4
|start
|switch|p1a: Floette|Floette-Eternal, L50, F|100/100
|switch|p1b: Basculegion|Basculegion, L50, M|100/100
|switch|p2a: Aerodactyl|Aerodactyl, L50, F|100/100
|switch|p2b: Kingambit|Kingambit, L50, M|100/100
|-ability|p2a: Aerodactyl|Unnerve
|turn|1
|inactive|Battle timer is ON: inactive players will automatically lose when time's up. (requested by Kevinalcer)
|
|t:|1783838195
|switch|p1a: Whimsicott|Whimsicott, L50, M|100/100
|detailschange|p2a: Aerodactyl|Aerodactyl-Mega, L50, F
|-mega|p2a: Aerodactyl|Aerodactyl|Aerodactylite
|move|p1b: Basculegion|Aqua Jet|p2a: Aerodactyl
|-supereffective|p2a: Aerodactyl|1
|-damage|p2a: Aerodactyl|27/100
|move|p2a: Aerodactyl|Tailwind|p2a: Aerodactyl
|-sidestart|p2: Oscarm92|move: Tailwind
|move|p2b: Kingambit|Kowtow Cleave|p1b: Basculegion
|-supereffective|p1b: Basculegion|1
|-damage|p1b: Basculegion|1/100
|
|upkeep
|turn|2
|inactive|Oscarm92 has 30 seconds left.
|inactive|Kevinalcer has 30 seconds left.
|inactive|Oscarm92 has 20 seconds left.
|inactive|Oscarm92 has 15 seconds left.
|
|t:|1783838238
|switch|p2a: Farigiraf|Farigiraf, L50, M|100/100
|move|p2b: Kingambit|Iron Head|p1a: Whimsicott
|-supereffective|p1a: Whimsicott|1
|-enditem|p1a: Whimsicott|Focus Sash
|-damage|p1a: Whimsicott|1/100
|move|p1a: Whimsicott|Moonblast|p2b: Kingambit
|-damage|p2b: Kingambit|62/100
|move|p1b: Basculegion|Wave Crash|p2b: Kingambit
|-damage|p2b: Kingambit|0 fnt
|faint|p2b: Kingambit
|-damage|p1b: Basculegion|0 fnt|[from] Recoil
|faint|p1b: Basculegion
|
|upkeep
|
|t:|1783838257
|switch|p1b: Kingambit|Kingambit, L50, F|100/100
|switch|p2b: Sylveon|Sylveon, L50, M|100/100
|turn|3
|inactive|Oscarm92 has 30 seconds left.
|
|t:|1783838282
|move|p1a: Whimsicott|Tailwind|p1a: Whimsicott
|-sidestart|p1: Kevinalcer|move: Tailwind
|move|p2b: Sylveon|Hyper Voice|p1a: Whimsicott|[spread] p1a,p1b
|-damage|p1a: Whimsicott|0 fnt
|-damage|p1b: Kingambit|59/100
|faint|p1a: Whimsicott
|move|p2a: Farigiraf|Psychic|p1b: Kingambit
|-immune|p1b: Kingambit
|move|p1b: Kingambit|Kowtow Cleave|p2a: Farigiraf
|-supereffective|p2a: Farigiraf|1
|-damage|p2a: Farigiraf|30/100
|-enditem|p2a: Farigiraf|Sitrus Berry|[eat]
|-heal|p2a: Farigiraf|55/100|[from] item: Sitrus Berry
|
|upkeep
|
|t:|1783838294
|switch|p1a: Floette|Floette-Eternal, L50, F|100/100
|turn|4
|inactive|Oscarm92 has 30 seconds left.
|inactive|Oscarm92 has 20 seconds left.
|inactive|Oscarm92 has 15 seconds left.
|
|t:|1783838335
|detailschange|p1a: Floette|Floette-Mega, L50, F
|-mega|p1a: Floette|Floette|Floettite
|-ability|p1a: Floette|Fairy Aura
|move|p1b: Kingambit|Protect|p1b: Kingambit
|-singleturn|p1b: Kingambit|Protect
|move|p1a: Floette|Calm Mind|p1a: Floette
|-boost|p1a: Floette|spa|1
|-boost|p1a: Floette|spd|1
|move|p2b: Sylveon|Hyper Voice|p1b: Kingambit|[spread] p1a
|-activate|p1b: Kingambit|move: Protect
|-damage|p1a: Floette|63/100
|move|p2a: Farigiraf|Trick Room|p2a: Farigiraf
|-fieldstart|move: Trick Room|[of] p2a: Farigiraf
|
|-sideend|p2: Oscarm92|move: Tailwind
|upkeep
|turn|5
|inactive|Oscarm92 has 30 seconds left.
|inactive|Oscarm92 has 20 seconds left.
|
|t:|1783838373
|move|p2a: Farigiraf|Psychic|p1a: Floette
|-damage|p1a: Floette|43/100
|move|p2b: Sylveon|Hyper Voice|p1a: Floette|[spread] p1a,p1b
|-damage|p1a: Floette|9/100
|-damage|p1b: Kingambit|6/100
|move|p1b: Kingambit|Kowtow Cleave|p2a: Farigiraf
|-supereffective|p2a: Farigiraf|1
|-damage|p2a: Farigiraf|0 fnt
|faint|p2a: Farigiraf
|move|p1a: Floette|Calm Mind|p1a: Floette
|-boost|p1a: Floette|spa|1
|-boost|p1a: Floette|spd|1
|
|upkeep
|
|t:|1783838380
|switch|p2a: Aerodactyl|Aerodactyl-Mega, L50, F|27/100
|turn|6
|
|t:|1783838389
|move|p1b: Kingambit|Protect|p1b: Kingambit
|-singleturn|p1b: Kingambit|Protect
|move|p1a: Floette|Protect|p1a: Floette
|-singleturn|p1a: Floette|Protect
|move|p2b: Sylveon|Hyper Voice|p1a: Floette|[spread] 
|-activate|p1a: Floette|move: Protect
|-activate|p1b: Kingambit|move: Protect
|move|p2a: Aerodactyl|Rock Slide|p1b: Kingambit|[spread] 
|-activate|p1a: Floette|move: Protect
|-activate|p1b: Kingambit|move: Protect
|
|-sideend|p1: Kevinalcer|move: Tailwind
|upkeep
|turn|7
|
|t:|1783838409
|move|p1b: Kingambit|Sucker Punch|p2a: Aerodactyl
|-damage|p2a: Aerodactyl|0 fnt
|faint|p2a: Aerodactyl
|move|p2b: Sylveon|Hyper Voice|p1a: Floette|[spread] p1a,p1b
|-damage|p1a: Floette|0 fnt
|-damage|p1b: Kingambit|0 fnt
|faint|p1a: Floette
|faint|p1b: Kingambit
|
|win|Oscarm92
|l|☆Kevinalcer
|player|p1|
||Oscarm92 is ready for game 2.
|inactive|Kevinalcer has 30 seconds to confirm battle start!
||Kevinalcer is ready for game 2.
|uhtml|next|Next: Game 2 of 3
