|j|☆frostdragon750
|j|☆teyvgc
|html|frostdragon750teyvgc    
|uhtml|bestof|Game 3 of a best-of-3
|t:|1782360320
|gametype|doubles
|player|p1|frostdragon750|2|1043
|player|p2|teyvgc|rood|1125
|gen|9
|tier|[Gen 9 Champions] VGC 2026 Reg M-B (Bo3)
|rated|
|rule|Species Clause: Limit one of each Pokémon
|rule|Item Clause: Limit 1 of each item
|clearpoke
|poke|p1|Pyroar, L50, M, shiny|
|poke|p1|Whimsicott, L50, F, shiny|
|poke|p1|Ninetales, L50, M, shiny|
|poke|p1|Farigiraf, L50, F, shiny|
|poke|p1|Pinsir, L50, M, shiny|
|poke|p1|Sneasler, L50, F, shiny|
|poke|p2|Pyroar, L50, M|
|poke|p2|Ninetales, L50, M|
|poke|p2|Whimsicott, L50, M|
|poke|p2|Floette-Eternal, L50, F|
|poke|p2|Basculegion, L50, M|
|poke|p2|Farigiraf, L50, M|
|teampreview|4
|showteam|p1|Pyroar||Pyroarite|Moxie|HeatWave,ThunderFang,HyperVoice,Protect|Naive||M|||50|]Whimsicott||FairyFeather|Prankster|Protect,Tailwind,GigaDrain,Moonblast|Timid||F|||50|]Ninetales||ChoiceScarf|Drought|FakeTears,HeatWave,WeatherBall,SolarBeam|Timid||M|||50|]Farigiraf||TwistedSpoon|ArmorTail|TwinBeam,Earthquake,Thunder,HyperVoice|Quiet||F|||50|]Pinsir||Pinsirite|Moxie|GigaImpact,XScissor,Earthquake,Detect|Jolly||M|||50|]Sneasler||WhiteHerb|Unburden|DireClaw,FakeOut,Coaching,Protect|Adamant||F|||50|
|showteam|p2|Pyroar||Pyroarite|Unnerve|HeatWave,Overheat,SolarBeam,Protect|Timid||M|||50|]Ninetales||ChoiceScarf|Drought|HeatWave,Overheat,SolarBeam,FakeTears|Modest||M|||50|]Whimsicott||FocusSash|Prankster|Moonblast,Tailwind,SunnyDay,Protect|Timid||M|||50|]Floette-Eternal||Floettite|FlowerVeil|Moonblast,LightofRuin,DazzlingGleam,Protect|Modest||F|||50|]Basculegion||LifeOrb|Adaptability|WaveCrash,LastRespects,AquaJet,Protect|Adamant||M|||50|]Farigiraf||SitrusBerry|ArmorTail|Psychic,Thunderbolt,TrickRoom,HelpingHand|Bold||M|||50|
|inactive|Battle timer is ON: inactive players will automatically lose when time's up. (requested by frostdragon750)
|
|t:|1782360343
|teamsize|p1|4
|teamsize|p2|4
|start
|switch|p1a: Whimsicott|Whimsicott, L50, F, shiny|100/100
|switch|p1b: Sneasler|Sneasler, L50, F, shiny|100/100
|switch|p2a: Whimsicott|Whimsicott, L50, M|100/100
|switch|p2b: Pyroar|Pyroar, L50, M|100/100
|-ability|p2b: Pyroar|Unnerve
|turn|1
|inactive|teyvgc has 30 seconds left.
|
|t:|1782360374
|detailschange|p2b: Pyroar|Pyroar-Mega, L50, M
|-mega|p2b: Pyroar|Pyroar|Pyroarite
|move|p1b: Sneasler|Fake Out|p2a: Whimsicott
|-damage|p2a: Whimsicott|77/100
|move|p1a: Whimsicott|Tailwind|p1a: Whimsicott
|-sidestart|p1: frostdragon750|move: Tailwind
|cant|p2a: Whimsicott|flinch
|move|p2b: Pyroar|Heat Wave|p1b: Sneasler|[spread] p1a,p1b
|-supereffective|p1a: Whimsicott|1
|-damage|p1a: Whimsicott|0 fnt
|-damage|p1b: Sneasler|17/100
|faint|p1a: Whimsicott
|
|upkeep
|
|t:|1782360388
|switch|p1a: Pyroar|Pyroar, L50, M, shiny|100/100
|turn|2
|
|t:|1782360396
|switch|p2b: Basculegion|Basculegion, L50, M|100/100
|detailschange|p1a: Pyroar|Pyroar-Mega, L50, M, shiny
|-mega|p1a: Pyroar|Pyroar|Pyroarite
|move|p2a: Whimsicott|Tailwind|p2a: Whimsicott
|-sidestart|p2: teyvgc|move: Tailwind
|move|p1a: Pyroar|Heat Wave|p2a: Whimsicott|[spread] p2b
|-miss|p1a: Pyroar|p2a: Whimsicott
|-resisted|p2b: Basculegion|1
|-damage|p2b: Basculegion|68/100
|move|p1b: Sneasler|Dire Claw|p2a: Whimsicott
|-supereffective|p2a: Whimsicott|2
|-damage|p2a: Whimsicott|0 fnt
|faint|p2a: Whimsicott
|
|upkeep
|
|t:|1782360410
|switch|p2a: Pyroar|Pyroar-Mega, L50, M|100/100
|turn|3
|
|t:|1782360417
|move|p1a: Pyroar|Protect|p1a: Pyroar
|-singleturn|p1a: Pyroar|Protect
|move|p2b: Basculegion|Aqua Jet|p1b: Sneasler
|-damage|p1b: Sneasler|0 fnt
|faint|p1b: Sneasler
|-damage|p2b: Basculegion|59/100|[from] item: Life Orb
|move|p2a: Pyroar|Overheat|p1a: Pyroar
|-activate|p1a: Pyroar|move: Protect
|
|upkeep
|
|t:|1782360428
|switch|p1b: Ninetales|Ninetales, L50, M, shiny|100/100
|-weather|SunnyDay|[from] ability: Drought|[of] p1b: Ninetales
|turn|4
|
|t:|1782360440
|move|p2b: Basculegion|Aqua Jet|p1b: Ninetales
|-supereffective|p1b: Ninetales|1
|-damage|p1b: Ninetales|47/100
|-damage|p2b: Basculegion|49/100|[from] item: Life Orb
|move|p1b: Ninetales|Heat Wave|p2b: Basculegion|[spread] p2a,p2b
|-resisted|p2a: Pyroar|1
|-resisted|p2b: Basculegion|1
|-damage|p2a: Pyroar|75/100
|-damage|p2b: Basculegion|26/100
|move|p1a: Pyroar|Heat Wave|p2a: Pyroar|[spread] p2a,p2b
|-resisted|p2a: Pyroar|1
|-resisted|p2b: Basculegion|1
|-damage|p2a: Pyroar|27/100
|-damage|p2b: Basculegion|0 fnt
|faint|p2b: Basculegion
|move|p2a: Pyroar|Heat Wave|p1b: Ninetales|[spread] p1a,p1b
|-resisted|p1a: Pyroar|1
|-resisted|p1b: Ninetales|1
|-damage|p1a: Pyroar|39/100
|-damage|p1b: Ninetales|0 fnt
|faint|p1b: Ninetales
|
|-weather|SunnyDay|[upkeep]
|-sideend|p1: frostdragon750|move: Tailwind
|upkeep
|
|t:|1782360454
|switch|p2b: Farigiraf|Farigiraf, L50, M|100/100
|turn|5
|
|t:|1782360463
|move|p2a: Pyroar|Heat Wave|p1a: Pyroar
|-resisted|p1a: Pyroar|1
|-damage|p1a: Pyroar|0 fnt
|faint|p1a: Pyroar
|
|win|teyvgc
|raw|frostdragon750's rating: 1043 → 1030(-13 for losing)
|raw|teyvgc's rating: 1125 → 1144(+19 for winning)
