|j|☆Siddharth42c
|j|☆Alecat
|html|Siddharth42cAlecat    
|uhtml|bestof|Game 3 of a best-of-3
|t:|1757837919
|gametype|doubles
|player|p1|Siddharth42c|102|1186
|player|p2|Alecat|scientistf|1099
|gen|9
|tier|[Gen 9] VGC 2025 Reg H (Bo3)
|rated|
|rule|Species Clause: Limit one of each Pokémon
|rule|Item Clause: Limit 1 of each item
|clearpoke
|poke|p1|Sneasler, L50, F|
|poke|p1|Dondozo, L50, F|
|poke|p1|Tatsugiri, L50, F|
|poke|p1|Annihilape, L50, M|
|poke|p1|Indeedee, L50, M|
|poke|p1|Magmar, L50, M|
|poke|p2|Sneasler, L50, F|
|poke|p2|Magmar, L50, M|
|poke|p2|Rillaboom, L50, M|
|poke|p2|Espathra, L50, F|
|poke|p2|Kingambit, L50, F|
|poke|p2|Arcanine-Hisui, L50, M|
|teampreview|4
|showteam|p1|Sneasler||PsychicSeed|Unburden|CloseCombat,DireClaw,ThroatChop,Protect|||F|||50|,,,,,Stellar]Dondozo||Leftovers|Unaware|Protect,WaveCrash,Earthquake,OrderUp|||F|||50|,,,,,Steel]Tatsugiri||FocusSash|Commander|DracoMeteor,MuddyWater,IcyWind,DragonPulse|||F|||50|,,,,,Ghost]Annihilape||ChoiceScarf|Defiant|CloseCombat,FinalGambit,Uturn,Coaching|||M|||50|,,,,,Grass]Indeedee||RockyHelmet|PsychicSurge|ExpandingForce,TrickRoom,Protect,HelpingHand|||M|||50|,,,,,Psychic]Magmar||Eviolite|VitalSpirit|Overheat,WillOWisp,FollowMe,Protect|||M|||50|,,,,,Ghost
|showteam|p2|Sneasler||FocusSash|Unburden|FakeOut,CloseCombat,DireClaw,Coaching|||F|||50|,,,,,Ghost]Magmar||Eviolite|VitalSpirit|FollowMe,HeatWave,Taunt,Protect|||M|||50|,,,,,Dragon]Rillaboom||AssaultVest|GrassySurge|FakeOut,WoodHammer,GrassyGlide,HighHorsepower|||M|||50|,,,,,Fire]Espathra||GrassySeed|SpeedBoost|StoredPower,TeraBlast,CalmMind,Protect|||F|||50|,,,,,Fighting]Kingambit||SafetyGoggles|Defiant|KowtowCleave,SuckerPunch,SwordsDance,Protect|||F|||50|,,,,,Dark]Arcanine-Hisui||LoadedDice|Intimidate|FlareBlitz,RockBlast,ExtremeSpeed,Protect|||M|||50|,,,,,Ghost
|inactive|Battle timer is ON: inactive players will automatically lose when time's up. (requested by Alecat)
|inactive|Siddharth42c also wants the timer to be on.
|inactive|Siddharth42c has 60 seconds left.
|
|t:|1757837974
|teamsize|p1|4
|teamsize|p2|4
|start
|switch|p1a: Annihilape|Annihilape, L50, M|100/100
|switch|p1b: Magmar|Magmar, L50, M|100/100
|switch|p2a: Espathra|Espathra, L50, F, shiny|100/100
|switch|p2b: Rillaboom|Rillaboom, L50, M|100/100
|-fieldstart|move: Grassy Terrain|[from] ability: Grassy Surge|[of] p2b: Rillaboom
|-enditem|p2a: Espathra|Grassy Seed
|-boost|p2a: Espathra|def|1|[from] item: Grassy Seed
|turn|1
|inactive|Siddharth42c has 30 seconds left.
|inactive|Alecat has 30 seconds left.
|inactive|Siddharth42c has 20 seconds left.
|inactive|Alecat has 20 seconds left.
|inactive|Alecat has 15 seconds left.
|
|t:|1757838016
|move|p1a: Annihilape|U-turn|p2b: Rillaboom
|-supereffective|p2b: Rillaboom
|-damage|p2b: Rillaboom|65/100
|
|t:|1757838021
|switch|p1a: Tatsugiri|Tatsugiri, L50, F|100/100|[from] U-turn
|move|p2a: Espathra|Calm Mind|p2a: Espathra
|-boost|p2a: Espathra|spa|1
|-boost|p2a: Espathra|spd|1
|move|p2b: Rillaboom|High Horsepower|p1b: Magmar
|-supereffective|p1b: Magmar
|-damage|p1b: Magmar|54/100
|move|p1b: Magmar|Will-O-Wisp|p2b: Rillaboom
|-status|p2b: Rillaboom|brn
|
|-heal|p2b: Rillaboom|71/100 brn|[from] Grassy Terrain
|-heal|p1b: Magmar|60/100|[from] Grassy Terrain
|-damage|p2b: Rillaboom|65/100 brn|[from] brn
|-ability|p2a: Espathra|Speed Boost|boost
|-boost|p2a: Espathra|spe|1
|upkeep
|turn|2
|
|t:|1757838039
|switch|p2b: Magmar|Magmar, L50, M|100/100
|switch|p1b: Dondozo|Dondozo, L50, F|100/100
|-activate|p1a: Tatsugiri|ability: Commander|[of] p1b: Dondozo
|-boost|p1b: Dondozo|atk|2
|-boost|p1b: Dondozo|spa|2
|-boost|p1b: Dondozo|spe|2
|-boost|p1b: Dondozo|def|2
|-boost|p1b: Dondozo|spd|2
|move|p2a: Espathra|Calm Mind|p2a: Espathra
|-boost|p2a: Espathra|spa|1
|-boost|p2a: Espathra|spd|1
|
|-ability|p2a: Espathra|Speed Boost|boost
|-boost|p2a: Espathra|spe|1
|upkeep
|turn|3
|
|t:|1757838060
|-terastallize|p2b: Magmar|Dragon
|move|p2b: Magmar|Follow Me|p2b: Magmar
|-singleturn|p2b: Magmar|move: Follow Me
|move|p2a: Espathra|Calm Mind|p2a: Espathra
|-boost|p2a: Espathra|spa|1
|-boost|p2a: Espathra|spd|1
|move|p1b: Dondozo|Wave Crash|p2b: Magmar
|-resisted|p2b: Magmar
|-damage|p2b: Magmar|37/100
|-damage|p1b: Dondozo|85/100|[from] Recoil
|
|-heal|p1b: Dondozo|91/100|[from] Grassy Terrain
|-heal|p1b: Dondozo|97/100|[from] item: Leftovers
|-heal|p2b: Magmar|43/100|[from] Grassy Terrain
|-ability|p2a: Espathra|Speed Boost|boost
|-boost|p2a: Espathra|spe|1
|upkeep
|turn|4
|
|t:|1757838075
|move|p2a: Espathra|Protect|p2a: Espathra
|-singleturn|p2a: Espathra|Protect
|move|p2b: Magmar|Protect|p2b: Magmar
|-singleturn|p2b: Magmar|Protect
|move|p1b: Dondozo|Order Up|p2a: Espathra
|-activate|p2a: Espathra|move: Protect
|
|-heal|p1b: Dondozo|100/100|[from] Grassy Terrain
|-heal|p2b: Magmar|49/100|[from] Grassy Terrain
|-ability|p2a: Espathra|Speed Boost|boost
|-boost|p2a: Espathra|spe|1
|upkeep
|turn|5
|
|t:|1757838089
|move|p2b: Magmar|Follow Me|p2b: Magmar
|-singleturn|p2b: Magmar|move: Follow Me
|move|p2a: Espathra|Calm Mind|p2a: Espathra
|-boost|p2a: Espathra|spa|1
|-boost|p2a: Espathra|spd|1
|move|p1b: Dondozo|Order Up|p2b: Magmar
|-supereffective|p2b: Magmar
|-damage|p2b: Magmar|0 fnt
|faint|p2b: Magmar
|-boost|p1b: Dondozo|atk|1
|
|-fieldend|move: Grassy Terrain
|-ability|p2a: Espathra|Speed Boost|boost
|-boost|p2a: Espathra|spe|1
|upkeep
|
|t:|1757838100
|switch|p2b: Rillaboom|Rillaboom, L50, M|65/100 brn
|-fieldstart|move: Grassy Terrain|[from] ability: Grassy Surge|[of] p2b: Rillaboom
|turn|6
|
|t:|1757838107
|move|p1b: Dondozo|Protect|p1b: Dondozo
|-singleturn|p1b: Dondozo|Protect
|move|p2b: Rillaboom|Fake Out|p1b: Dondozo
|-activate|p1b: Dondozo|move: Protect
|move|p2a: Espathra|Calm Mind|p2a: Espathra
|-boost|p2a: Espathra|spa|1
|-boost|p2a: Espathra|spd|1
|
|-heal|p2b: Rillaboom|71/100 brn|[from] Grassy Terrain
|-damage|p2b: Rillaboom|65/100 brn|[from] brn
|-ability|p2a: Espathra|Speed Boost|boost
|-boost|p2a: Espathra|spe|1
|upkeep
|turn|7
|
|t:|1757838121
|-terastallize|p1b: Dondozo|Steel
|move|p2a: Espathra|Stored Power|p1b: Dondozo
|-resisted|p1b: Dondozo
|-damage|p1b: Dondozo|64/100
|move|p1b: Dondozo|Wave Crash|p2a: Espathra
|-damage|p2a: Espathra|0 fnt
|faint|p2a: Espathra
|-damage|p1b: Dondozo|35/100|[from] Recoil
|move|p2b: Rillaboom|High Horsepower|p1b: Dondozo
|-supereffective|p1b: Dondozo
|-damage|p1b: Dondozo|24/100
|
|-heal|p1b: Dondozo|30/100|[from] Grassy Terrain
|-heal|p1b: Dondozo|36/100|[from] item: Leftovers
|-heal|p2b: Rillaboom|71/100 brn|[from] Grassy Terrain
|-damage|p2b: Rillaboom|65/100 brn|[from] brn
|upkeep
|
|t:|1757838138
|switch|p2a: Arcanine|Arcanine-Hisui, L50, M, shiny|100/100
|-ability|p2a: Arcanine|Intimidate|boost
|-unboost|p1a: Tatsugiri|atk|1
|-unboost|p1b: Dondozo|atk|1
|turn|8
|
|t:|1757838153
|move|p1b: Dondozo|Protect|p1b: Dondozo
|-singleturn|p1b: Dondozo|Protect
|move|p2a: Arcanine|Flare Blitz|p1b: Dondozo
|-activate|p1b: Dondozo|move: Protect
|move|p2b: Rillaboom|High Horsepower|p1b: Dondozo
|-activate|p1b: Dondozo|move: Protect
|
|-heal|p1b: Dondozo|43/100|[from] Grassy Terrain
|-heal|p1b: Dondozo|49/100|[from] item: Leftovers
|-heal|p2b: Rillaboom|71/100 brn|[from] Grassy Terrain
|-damage|p2b: Rillaboom|65/100 brn|[from] brn
|upkeep
|turn|9
|
|t:|1757838164
|move|p1b: Dondozo|Wave Crash|p2a: Arcanine
|-supereffective|p2a: Arcanine
|-damage|p2a: Arcanine|0 fnt
|faint|p2a: Arcanine
|-damage|p1b: Dondozo|24/100|[from] Recoil
|move|p2b: Rillaboom|High Horsepower|p1b: Dondozo
|-supereffective|p1b: Dondozo
|-damage|p1b: Dondozo|13/100
|
|-heal|p1b: Dondozo|19/100|[from] Grassy Terrain
|-heal|p1b: Dondozo|25/100|[from] item: Leftovers
|-heal|p2b: Rillaboom|71/100 brn|[from] Grassy Terrain
|-damage|p2b: Rillaboom|65/100 brn|[from] brn
|upkeep
|turn|10
|
|t:|1757838178
|move|p1b: Dondozo|Protect|p1b: Dondozo
|-singleturn|p1b: Dondozo|Protect
|move|p2b: Rillaboom|High Horsepower|p1b: Dondozo
|-activate|p1b: Dondozo|move: Protect
|
|-heal|p1b: Dondozo|31/100|[from] Grassy Terrain
|-heal|p1b: Dondozo|38/100|[from] item: Leftovers
|-heal|p2b: Rillaboom|71/100 brn|[from] Grassy Terrain
|-damage|p2b: Rillaboom|65/100 brn|[from] brn
|-fieldend|move: Grassy Terrain
|upkeep
|turn|11
|
|t:|1757838184
|move|p1b: Dondozo|Order Up|p2b: Rillaboom
|-damage|p2b: Rillaboom|22/100 brn
|-boost|p1b: Dondozo|atk|1
|move|p2b: Rillaboom|High Horsepower|p1b: Dondozo
|-supereffective|p1b: Dondozo
|-damage|p1b: Dondozo|27/100
|
|-heal|p1b: Dondozo|33/100|[from] item: Leftovers
|-damage|p2b: Rillaboom|16/100 brn|[from] brn
|upkeep
|turn|12
|
|t:|1757838195
|move|p1b: Dondozo|Protect|p1b: Dondozo
|-singleturn|p1b: Dondozo|Protect
|move|p2b: Rillaboom|High Horsepower|p1b: Dondozo
|-activate|p1b: Dondozo|move: Protect
|
|-heal|p1b: Dondozo|39/100|[from] item: Leftovers
|-damage|p2b: Rillaboom|10/100 brn|[from] brn
|upkeep
|turn|13
|
|t:|1757838200
|move|p1b: Dondozo|Protect|p1b: Dondozo
|-singleturn|p1b: Dondozo|Protect
|move|p2b: Rillaboom|High Horsepower|p1b: Dondozo
|-activate|p1b: Dondozo|move: Protect
|
|-heal|p1b: Dondozo|46/100|[from] item: Leftovers
|-damage|p2b: Rillaboom|4/100 brn|[from] brn
|upkeep
|turn|14
|
|t:|1757838209
|move|p1b: Dondozo|Protect||[still]
|-fail|p1b: Dondozo
|move|p2b: Rillaboom|High Horsepower|p1b: Dondozo
|-supereffective|p1b: Dondozo
|-damage|p1b: Dondozo|35/100
|
|-heal|p1b: Dondozo|41/100|[from] item: Leftovers
|-damage|p2b: Rillaboom|0 fnt|[from] brn
|faint|p2b: Rillaboom
|
|win|Siddharth42c
|raw|Siddharth42c's rating: 1186 → 1205(+19 for winning)
|raw|Alecat's rating: 1099 → 1080(-19 for losing)
