|j|☆sogreenitslime
|j|☆EthanO35
|html|sogreenitslimeEthanO35    
|uhtml|bestof|Game 3 of a best-of-3
|t:|1783139030
|gametype|doubles
|player|p1|sogreenitslime|pokemaniac|1125
|player|p2|EthanO35|102|1081
|gen|9
|tier|[Gen 9 Champions] VGC 2026 Reg M-B (Bo3)
|rated|
|rule|Species Clause: Limit one of each Pokémon
|rule|Item Clause: Limit 1 of each item
|clearpoke
|poke|p1|Aerodactyl, L50, F|
|poke|p1|Rotom-Wash, L50|
|poke|p1|Sceptile, L50, F|
|poke|p1|Kingambit, L50, M|
|poke|p1|Ninetales-Alola, L50, M|
|poke|p1|Incineroar, L50, F|
|poke|p2|Farigiraf, L50, F|
|poke|p2|Kingambit, L50, F|
|poke|p2|Staraptor, L50, M|
|poke|p2|Incineroar, L50, M|
|poke|p2|Whimsicott, L50, F|
|poke|p2|Gholdengo, L50|
|teampreview|4
|showteam|p1|Aerodactyl||Aerodactylite|Unnerve|Tailwind,RockSlide,DualWingbeat,Protect|Jolly||F|||50|]Rotom-Wash||ChoiceScarf|Levitate|VoltSwitch,Discharge,Electroweb,HydroPump|Timid|||||50|]Sceptile||Sceptilite|Overgrow|EnergyBall,EarthPower,DragonPulse,Protect|Timid||F|||50|]Kingambit||ChopleBerry|Defiant|KowtowCleave,SuckerPunch,IronHead,Protect|Adamant||M|||50|]Ninetales-Alola||NeverMeltIce|SnowWarning|Blizzard,AuroraVeil,Protect,Moonblast|Bold||M|||50|]Incineroar||SitrusBerry|Intimidate|WillOWisp,FlareBlitz,PartingShot,FakeOut|Careful||F|||50|
|showteam|p2|Farigiraf||SitrusBerry|ArmorTail|Psychic,Reflect,TrickRoom,HyperVoice|Quiet||F|||50|]Kingambit||ChopleBerry|Defiant|KowtowCleave,SuckerPunch,SwordsDance,Protect|Brave||F|||50|]Staraptor||Staraptite|Intimidate|CloseCombat,Protect,BraveBird,Roost|Adamant||M|||50|]Incineroar||MuscleBand|Intimidate|DarkestLariat,PartingShot,FlareBlitz,FakeOut|Serious||M|||50|]Whimsicott||FocusSash|Prankster|Moonblast,Encore,Protect,Tailwind|Modest||F|||50|]Gholdengo||LifeOrb|GoodasGold|MakeItRain,ShadowBall,Protect,NastyPlot|Modest|||||50|
|
|t:|1783139064
|teamsize|p1|4
|teamsize|p2|4
|start
|switch|p1a: Aerodactyl|Aerodactyl, L50, F|100/100
|switch|p1b: Ninetales|Ninetales-Alola, L50, M|100/100
|switch|p2a: Whimsicott|Whimsicott, L50, F|100/100
|switch|p2b: Staraptor|Staraptor, L50, M|100/100
|-ability|p1a: Aerodactyl|Unnerve
|-weather|Snowscape|[from] ability: Snow Warning|[of] p1b: Ninetales
|-ability|p2b: Staraptor|Intimidate|boost
|-unboost|p1a: Aerodactyl|atk|1
|-unboost|p1b: Ninetales|atk|1
|turn|1
|
|t:|1783139085
|detailschange|p2b: Staraptor|Staraptor-Mega, L50, M
|-mega|p2b: Staraptor|Staraptor|Staraptite
|move|p2b: Staraptor|Protect|p2b: Staraptor
|-singleturn|p2b: Staraptor|Protect
|move|p2a: Whimsicott|Tailwind|p2a: Whimsicott
|-sidestart|p2: EthanO35|move: Tailwind
|move|p1a: Aerodactyl|Tailwind|p1a: Aerodactyl
|-sidestart|p1: sogreenitslime|move: Tailwind
|move|p1b: Ninetales|Aurora Veil|p1b: Ninetales
|-sidestart|p1: sogreenitslime|move: Aurora Veil
|
|-weather|Snowscape|[upkeep]
|upkeep
|turn|2
|
|t:|1783139104
|move|p1b: Ninetales|Protect|p1b: Ninetales
|-singleturn|p1b: Ninetales|Protect
|move|p2a: Whimsicott|Encore|p1a: Aerodactyl
|-start|p1a: Aerodactyl|Encore
|move|p1a: Aerodactyl|Tailwind||[still]
|-fail|p1a: Aerodactyl
|move|p2b: Staraptor|Close Combat|p1b: Ninetales
|-activate|p1b: Ninetales|move: Protect
|
|-weather|Snowscape|[upkeep]
|upkeep
|turn|3
|
|t:|1783139120
|move|p2a: Whimsicott|Encore|p1b: Ninetales
|-start|p1b: Ninetales|Encore
|move|p1b: Ninetales|Protect|p1b: Ninetales
|-singleturn|p1b: Ninetales|Protect
|move|p1a: Aerodactyl|Tailwind||[still]
|-fail|p1a: Aerodactyl
|move|p2b: Staraptor|Close Combat|p1b: Ninetales
|-activate|p1b: Ninetales|move: Protect
|
|-weather|Snowscape|[upkeep]
|upkeep
|turn|4
|
|t:|1783139140
|move|p1b: Ninetales|Protect||[still]
|-fail|p1b: Ninetales
|move|p1a: Aerodactyl|Tailwind||[still]
|-fail|p1a: Aerodactyl
|move|p2a: Whimsicott|Moonblast|p1a: Aerodactyl
|-damage|p1a: Aerodactyl|64/100
|move|p2b: Staraptor|Close Combat|p1b: Ninetales
|-damage|p1b: Ninetales|64/100
|-boost|p2b: Staraptor|def|1
|-boost|p2b: Staraptor|spd|1
|
|-weather|Snowscape|[upkeep]
|-end|p1a: Aerodactyl|Encore
|-sideend|p1: sogreenitslime|move: Tailwind
|-sideend|p2: EthanO35|move: Tailwind
|upkeep
|turn|5
|
|t:|1783139161
|move|p1b: Ninetales|Protect|p1b: Ninetales
|-singleturn|p1b: Ninetales|Protect
|move|p2a: Whimsicott|Encore|p1a: Aerodactyl
|-start|p1a: Aerodactyl|Encore
|move|p1a: Aerodactyl|Tailwind|p1a: Aerodactyl
|-sidestart|p1: sogreenitslime|move: Tailwind
|move|p2b: Staraptor|Close Combat|p1a: Aerodactyl
|-damage|p1a: Aerodactyl|0 fnt
|-boost|p2b: Staraptor|def|1
|-boost|p2b: Staraptor|spd|1
|faint|p1a: Aerodactyl
|
|-weather|none
|-end|p1b: Ninetales|Encore
|-sideend|p1: sogreenitslime|move: Aurora Veil
|upkeep
|
|t:|1783139174
|switch|p1a: Rotom|Rotom-Wash, L50|100/100
|turn|6
|
|t:|1783139181
|move|p2b: Staraptor|Protect|p2b: Staraptor
|-singleturn|p2b: Staraptor|Protect
|move|p2a: Whimsicott|Encore|p1b: Ninetales
|-start|p1b: Ninetales|Encore
|move|p1b: Ninetales|Protect||[still]
|-fail|p1b: Ninetales
|move|p1a: Rotom|Discharge|p2a: Whimsicott|[spread] p1b,p2a
|-activate|p2b: Staraptor|move: Protect
|-resisted|p2a: Whimsicott|1
|-damage|p1b: Ninetales|41/100
|-damage|p2a: Whimsicott|78/100
|
|upkeep
|turn|7
|
|t:|1783139198
|move|p1b: Ninetales|Protect|p1b: Ninetales
|-singleturn|p1b: Ninetales|Protect
|move|p1a: Rotom|Discharge|p2b: Staraptor|[spread] p2a,p2b
|-activate|p1b: Ninetales|move: Protect
|-resisted|p2a: Whimsicott|1
|-supereffective|p2b: Staraptor|1
|-damage|p2a: Whimsicott|54/100
|-damage|p2b: Staraptor|74/100
|-status|p2b: Staraptor|par
|move|p2a: Whimsicott|Moonblast|p1a: Rotom
|-damage|p1a: Rotom|49/100
|-unboost|p1a: Rotom|spa|1
|move|p2b: Staraptor|Close Combat|p1a: Rotom
|-damage|p1a: Rotom|0 fnt
|-boost|p2b: Staraptor|def|1
|-boost|p2b: Staraptor|spd|1
|faint|p1a: Rotom
|
|upkeep
|
|t:|1783139214
|switch|p1a: Sceptile|Sceptile, L50, F|100/100
|turn|8
|
|t:|1783139232
|detailschange|p1a: Sceptile|Sceptile-Mega, L50, F
|-mega|p1a: Sceptile|Sceptile|Sceptilite
|move|p1b: Ninetales|Protect||[still]
|-fail|p1b: Ninetales
|move|p2a: Whimsicott|Tailwind|p2a: Whimsicott
|-sidestart|p2: EthanO35|move: Tailwind
|move|p1a: Sceptile|Dragon Pulse|p2b: Staraptor
|-damage|p2b: Staraptor|57/100 par
|move|p2b: Staraptor|Close Combat|p1b: Ninetales
|-damage|p1b: Ninetales|0 fnt
|-boost|p2b: Staraptor|def|1
|-boost|p2b: Staraptor|spd|1
|faint|p1b: Ninetales
|
|-sideend|p1: sogreenitslime|move: Tailwind
|upkeep
|turn|9
|-message|sogreenitslime forfeited.
|
|win|EthanO35
|raw|sogreenitslime's rating: 1125 → 1097(-28 for losing)
|raw|EthanO35's rating: 1081 → 1112(+31 for winning)
|c|☆EthanO35|Gg
|l|☆EthanO35
|player|p2|
