|j|☆lebakeogoat
|j|☆leiden2005
|html|lebakeogoatleiden2005    
|uhtml|bestof|Game 1 of a best-of-3
|t:|1784800868
|gametype|doubles
|player|p1|lebakeogoat|morty-masters|1000
|player|p2|leiden2005|101|1000
|gen|9
|tier|[Gen 9 Champions] VGC 2026 Reg M-B (Bo3)
|rated|
|rule|Species Clause: Limit one of each Pokémon
|rule|Item Clause: Limit 1 of each item
|clearpoke
|poke|p1|Drampa, L50, M, shiny|
|poke|p1|Oranguru, L50, F, shiny|
|poke|p1|Cofagrigus, L50, M, shiny|
|poke|p1|Torkoal, L50, F|
|poke|p1|Sinistcha-Masterpiece, L50, shiny|
|poke|p1|Snorlax, L50, M|
|poke|p2|Palafin, L50, M|
|poke|p2|Froslass, L50, F|
|poke|p2|Clefable, L50, F|
|poke|p2|Garchomp, L50, F|
|poke|p2|Aerodactyl, L50, F|
|poke|p2|Kingambit, L50, M|
|teampreview|4
|showteam|p1|Drampa||Drampanite|Berserk|HyperVoice,DragonPulse,CalmMind,Protect|Modest||M|||50|]Oranguru||ColburBerry|InnerFocus|TrickRoom,ChillingWater,Yawn,Instruct|Sassy||F|||50|]Cofagrigus||SitrusBerry|Mummy|ShadowBall,WillOWisp,DestinyBond,TrickRoom|Sassy||M|||50|]Torkoal||Charcoal|Drought|Eruption,SolarBeam,EarthPower,SludgeBomb|Modest||F|||50|]Sinistcha-Masterpiece||FocusSash|Hospitality|LifeDew,RagePowder,StrengthSap,ShadowBall|Modest|||||50|]Snorlax||Leftovers|Immunity|Curse,BodyPress,BodySlam,Crunch|Adamant||M|||50|
|showteam|p2|Palafin||MysticWater|ZerotoHero|JetPunch,WaveCrash,CloseCombat,Protect|Jolly||M|||50|]Froslass||Froslassite|SnowCloak|ShadowBall,Blizzard,AuroraVeil,Protect|Timid||F|||50|]Clefable||SitrusBerry|MagicGuard|FollowMe,Moonblast,HelpingHand,Protect|Calm||F|||50|]Garchomp||ChoiceScarf|RoughSkin|Earthquake,StompingTantrum,DragonClaw,RockSlide|Jolly||F|||50|]Aerodactyl||Aerodactylite|Unnerve|RockSlide,DualWingbeat,Tailwind,Protect|Jolly||F|||50|]Kingambit||BlackGlasses|Defiant|SuckerPunch,KowtowCleave,SwordsDance,Protect|Adamant||M|||50|
|inactive|Battle timer is ON: inactive players will automatically lose when time's up. (requested by lebakeogoat)
|inactive|leiden2005 has 60 seconds left.
|inactive|leiden2005 has 30 seconds left.
|inactive|leiden2005 has 20 seconds left.
|
|t:|1784800939
|teamsize|p1|4
|teamsize|p2|4
|start
|switch|p1a: Drampa|Drampa, L50, M, shiny|100/100
|switch|p1b: Cofagrigus|Cofagrigus, L50, M, shiny|100/100
|switch|p2a: Froslass|Froslass, L50, F|100/100
|switch|p2b: Kingambit|Kingambit, L50, M|100/100
|turn|1
|
|t:|1784800959
|detailschange|p2a: Froslass|Froslass-Mega, L50, F
|-mega|p2a: Froslass|Froslass|Froslassite
|-weather|Snowscape|[from] ability: Snow Warning|[of] p2a: Froslass
|detailschange|p1a: Drampa|Drampa-Mega, L50, M, shiny
|-mega|p1a: Drampa|Drampa|Drampanite
|move|p1a: Drampa|Protect|p1a: Drampa
|-singleturn|p1a: Drampa|Protect
|move|p2b: Kingambit|Sucker Punch||[still]
|-fail|p2b: Kingambit
|move|p2a: Froslass|Blizzard|p1a: Drampa|[spread] p1b
|-activate|p1a: Drampa|move: Protect
|-damage|p1b: Cofagrigus|67/100
|move|p1b: Cofagrigus|Trick Room|p1b: Cofagrigus
|-fieldstart|move: Trick Room|[of] p1b: Cofagrigus
|
|-weather|Snowscape|[upkeep]
|upkeep
|turn|2
|inactive|lebakeogoat has 30 seconds left.
|inactive|leiden2005 has 30 seconds left.
|inactive|leiden2005 has 20 seconds left.
|
|t:|1784800995
|move|p2b: Kingambit|Protect|p2b: Kingambit
|-singleturn|p2b: Kingambit|Protect
|move|p2a: Froslass|Protect|p2a: Froslass
|-singleturn|p2a: Froslass|Protect
|move|p1b: Cofagrigus|Will-O-Wisp|p2b: Kingambit
|-activate|p2b: Kingambit|move: Protect
|move|p1a: Drampa|Dragon Pulse|p2a: Froslass
|-activate|p2a: Froslass|move: Protect
|
|-weather|Snowscape|[upkeep]
|upkeep
|turn|3
|
|t:|1784801020
|switch|p2b: Garchomp|Garchomp, L50, F|100/100
|switch|p2a: Clefable|Clefable, L50, F|100/100
|move|p1b: Cofagrigus|Will-O-Wisp|p2b: Garchomp|[miss]
|-miss|p1b: Cofagrigus|p2b: Garchomp
|move|p1a: Drampa|Calm Mind|p1a: Drampa
|-boost|p1a: Drampa|spa|1
|-boost|p1a: Drampa|spd|1
|
|-weather|Snowscape|[upkeep]
|upkeep
|turn|4
|inactive|leiden2005 has 30 seconds left.
|inactive|leiden2005 has 20 seconds left.
|inactive|leiden2005 has 15 seconds left.
|inactive|leiden2005 has 10 seconds left.
|
|t:|1784801065
|move|p1b: Cofagrigus|Will-O-Wisp|p2b: Garchomp
|-status|p2b: Garchomp|brn
|move|p1a: Drampa|Calm Mind|p1a: Drampa
|-boost|p1a: Drampa|spa|1
|-boost|p1a: Drampa|spd|1
|move|p2a: Clefable|Moonblast|p1a: Drampa
|-supereffective|p1a: Drampa|1
|-damage|p1a: Drampa|70/100
|move|p2b: Garchomp|Dragon Claw|p1a: Drampa
|-supereffective|p1a: Drampa|1
|-damage|p1a: Drampa|35/100
|-ability|p1a: Drampa|Berserk|boost
|-boost|p1a: Drampa|spa|1
|
|-weather|Snowscape|[upkeep]
|-damage|p2b: Garchomp|94/100 brn|[from] brn
|upkeep
|turn|5
|inactive|leiden2005 has 30 seconds left.
|inactive|leiden2005 has 20 seconds left.
|
|t:|1784801104
|switch|p2b: Kingambit|Kingambit, L50, M|100/100
|move|p2a: Clefable|Protect|p2a: Clefable
|-singleturn|p2a: Clefable|Protect
|move|p1b: Cofagrigus|Destiny Bond|p1b: Cofagrigus
|-singlemove|p1b: Cofagrigus|Destiny Bond
|move|p1a: Drampa|Hyper Voice|p2a: Clefable|[spread] p2b
|-activate|p2a: Clefable|move: Protect
|-resisted|p2b: Kingambit|1
|-damage|p2b: Kingambit|46/100
|
|-weather|none
|-fieldend|move: Trick Room
|upkeep
|turn|6
|
|t:|1784801125
|move|p2b: Kingambit|Protect|p2b: Kingambit
|-singleturn|p2b: Kingambit|Protect
|move|p1a: Drampa|Protect|p1a: Drampa
|-singleturn|p1a: Drampa|Protect
|move|p2a: Clefable|Moonblast|p1a: Drampa
|-activate|p1a: Drampa|move: Protect
|move|p1b: Cofagrigus|Trick Room|p1b: Cofagrigus
|-fieldstart|move: Trick Room|[of] p1b: Cofagrigus
|
|upkeep
|turn|7
|inactive|leiden2005 has 30 seconds left.
|
|t:|1784801159
|move|p2a: Clefable|Follow Me|p2a: Clefable
|-singleturn|p2a: Clefable|move: Follow Me
|move|p1b: Cofagrigus|Will-O-Wisp|p2a: Clefable
|-status|p2a: Clefable|brn
|move|p1a: Drampa|Hyper Voice|p2a: Clefable|[spread] p2a,p2b
|-resisted|p2b: Kingambit|1
|-damage|p2a: Clefable|25/100 brn
|-damage|p2b: Kingambit|0 fnt
|-enditem|p2a: Clefable|Sitrus Berry|[eat]
|-heal|p2a: Clefable|50/100y brn|[from] item: Sitrus Berry
|faint|p2b: Kingambit
|
|upkeep
|
|t:|1784801176
|switch|p2b: Froslass|Froslass-Mega, L50, F|100/100
|-weather|Snowscape|[from] ability: Snow Warning|[of] p2b: Froslass
|turn|8
|
|t:|1784801190
|move|p2a: Clefable|Protect|p2a: Clefable
|-singleturn|p2a: Clefable|Protect
|move|p2b: Froslass|Protect|p2b: Froslass
|-singleturn|p2b: Froslass|Protect
|move|p1b: Cofagrigus|Shadow Ball|p2b: Froslass
|-activate|p2b: Froslass|move: Protect
|move|p1a: Drampa|Hyper Voice|p2b: Froslass|[spread] 
|-activate|p2a: Clefable|move: Protect
|-activate|p2b: Froslass|move: Protect
|
|-weather|Snowscape|[upkeep]
|upkeep
|turn|9
|inactive|leiden2005 has 30 seconds left.
|
|t:|1784801220
|switch|p2b: Garchomp|Garchomp, L50, F|94/100 brn
|move|p2a: Clefable|Follow Me|p2a: Clefable
|-singleturn|p2a: Clefable|move: Follow Me
|move|p1b: Cofagrigus|Shadow Ball|p2a: Clefable
|-damage|p2a: Clefable|30/100 brn
|move|p1a: Drampa|Hyper Voice|p2a: Clefable|[spread] p2a,p2b
|-damage|p2a: Clefable|0 fnt
|-damage|p2b: Garchomp|0 fnt
|faint|p2a: Clefable
|faint|p2b: Garchomp
|
|-weather|Snowscape|[upkeep]
|upkeep
|
|t:|1784801240
|switch|p2b: Froslass|Froslass-Mega, L50, F|100/100
|turn|10
|
|t:|1784801247
|move|p2b: Froslass|Protect|p2b: Froslass
|-singleturn|p2b: Froslass|Protect
|move|p1b: Cofagrigus|Destiny Bond|p1b: Cofagrigus
|-singlemove|p1b: Cofagrigus|Destiny Bond
|move|p1a: Drampa|Dragon Pulse|p2b: Froslass
|-activate|p2b: Froslass|move: Protect
|
|-weather|Snowscape|[upkeep]
|-fieldend|move: Trick Room
|upkeep
|turn|11
|
|t:|1784801263
|move|p1a: Drampa|Protect|p1a: Drampa
|-singleturn|p1a: Drampa|Protect
|move|p2b: Froslass|Blizzard|p1b: Cofagrigus|[spread] p1b
|-activate|p1a: Drampa|move: Protect
|-damage|p1b: Cofagrigus|35/100
|-enditem|p1b: Cofagrigus|Sitrus Berry|[eat]
|-heal|p1b: Cofagrigus|60/100|[from] item: Sitrus Berry
|move|p1b: Cofagrigus|Trick Room|p1b: Cofagrigus
|-fieldstart|move: Trick Room|[of] p1b: Cofagrigus
|
|-weather|Snowscape|[upkeep]
|upkeep
|turn|12
|-message|leiden2005 forfeited.
|raw|lebakeogoat's rating: 1000 → 1040(+40 for winning)
|raw|leiden2005's rating: 1000 → 1000(+0 for losing)
|
|win|lebakeogoat
|l|☆leiden2005
|player|p2|
|l|☆lebakeogoat
|player|p1|
|j|☆lebakeogoat
|player|p1|lebakeogoat|morty-masters|
