|j|☆pyrostevie
|j|☆Taste the raynbow
|html|pyrostevieTaste the raynbow    
|uhtml|bestof|Game 3 of a best-of-3
|t:|1757903717
|gametype|doubles
|player|p1|pyrostevie|2|1086
|player|p2|Taste the raynbow|steven-masters2|1000
|gen|9
|tier|[Gen 9] VGC 2025 Reg H (Bo3)
|rated|
|rule|Species Clause: Limit one of each Pokémon
|rule|Item Clause: Limit 1 of each item
|clearpoke
|poke|p1|Pelipper, L50, M|
|poke|p1|Basculegion, L50, M|
|poke|p1|Archaludon, L50, F|
|poke|p1|Maushold-Four, L50|
|poke|p1|Amoonguss, L50, M|
|poke|p1|Incineroar, L50, M|
|poke|p2|Sableye, L50, M|
|poke|p2|Dragonite, L50, M|
|poke|p2|Annihilape, L50, F|
|poke|p2|Rillaboom, L50, F|
|poke|p2|Ursaluna-Bloodmoon, L50, M|
|poke|p2|Maushold-Four, L50|
|teampreview|4
|showteam|p1|Pelipper||FocusSash|Drizzle|ChillingWater,Hurricane,Tailwind,Protect|||M|||50|,,,,,Ghost]Basculegion||LifeOrb|SwiftSwim|WaveCrash,AquaJet,LastRespects,Protect|||M|||50|,,,,,Water]Archaludon||AssaultVest|Stamina|DragonPulse,FlashCannon,ElectroShot,BodyPress|||F|||50|,,,,,Grass]Maushold-Four||WideLens|FriendGuard|PopulationBomb,FollowMe,Taunt,Protect||||||50|,,,,,Grass]Amoonguss||SitrusBerry|Regenerator|PollenPuff,ClearSmog,RagePowder,Spore|||M|||50|,,,,,Water]Incineroar||SafetyGoggles|Intimidate|FakeOut,FlareBlitz,KnockOff,PartingShot|||M|||50|,,,,,Ghost
|showteam|p2|Sableye||LightClay|Prankster|Disable,Taunt,LightScreen,Reflect|||M|||50|,,,,,Grass]Dragonite||LoadedDice|Multiscale|ScaleShot,Haze,Tailwind,Protect|||M|||50|,,,,,Normal]Annihilape||SitrusBerry|Defiant|RageFist,DrainPunch,BulkUp,Protect|||F|||50|,,,,,Water]Rillaboom||MiracleSeed|GrassySurge|FakeOut,GrassyGlide,WoodHammer,HighHorsepower|||F|||50|,,,,,Water]Ursaluna-Bloodmoon||AssaultVest|MindsEye|BloodMoon,HyperVoice,EarthPower,VacuumWave|||M|||50|,,,,,Ghost]Maushold-Four||WideLens|FriendGuard|PopulationBomb,FollowMe,Encore,Protect||||||50|,,,,,Ghost
|inactive|Battle timer is ON: inactive players will automatically lose when time's up. (requested by pyrostevie)
|
|t:|1757903758
|teamsize|p1|4
|teamsize|p2|4
|start
|switch|p1a: Basculegion|Basculegion, L50, M|100/100
|switch|p1b: Pelipper|Pelipper, L50, M|100/100
|switch|p2a: Rillaboom|Rillaboom, L50, F|100/100
|switch|p2b: Maushold|Maushold-Four, L50|100/100
|-weather|RainDance|[from] ability: Drizzle|[of] p1b: Pelipper
|-fieldstart|move: Grassy Terrain|[from] ability: Grassy Surge|[of] p2a: Rillaboom
|turn|1
|
|t:|1757903780
|move|p2a: Rillaboom|Grassy Glide|p1a: Basculegion
|-supereffective|p1a: Basculegion
|-damage|p1a: Basculegion|0 fnt
|faint|p1a: Basculegion
|move|p2b: Maushold|Population Bomb|p1b: Pelipper
|-damage|p1b: Pelipper|93/100
|-damage|p1b: Pelipper|84/100
|-damage|p1b: Pelipper|75/100
|-damage|p1b: Pelipper|68/100
|-damage|p1b: Pelipper|59/100
|-damage|p1b: Pelipper|52/100
|-crit|p1b: Pelipper
|-damage|p1b: Pelipper|40/100
|-damage|p1b: Pelipper|33/100
|-damage|p1b: Pelipper|24/100
|-damage|p1b: Pelipper|15/100
|-hitcount|p1b: Pelipper|10
|move|p1b: Pelipper|Hurricane|p2a: Rillaboom
|-supereffective|p2a: Rillaboom
|-damage|p2a: Rillaboom|33/100
|
|-weather|RainDance|[upkeep]
|-heal|p2a: Rillaboom|39/100|[from] Grassy Terrain
|upkeep
|
|t:|1757903787
|switch|p1a: Archaludon|Archaludon, L50, F|100/100
|turn|2
|inactive|Taste the raynbow has 30 seconds left.
|
|t:|1757903814
|switch|p2b: Sableye|Sableye, L50, M|100/100
|move|p1b: Pelipper|Protect|p1b: Pelipper
|-singleturn|p1b: Pelipper|Protect
|move|p2a: Rillaboom|Grassy Glide|p1b: Pelipper
|-activate|p1b: Pelipper|move: Protect
|move|p1a: Archaludon|Dragon Pulse|p2a: Rillaboom
|-damage|p2a: Rillaboom|0 fnt
|faint|p2a: Rillaboom
|
|-weather|RainDance|[upkeep]
|upkeep
|
|t:|1757903825
|switch|p2a: Maushold|Maushold-Four, L50|100/100
|turn|3
|
|t:|1757903835
|move|p2b: Sableye|Light Screen|p2b: Sableye
|-sidestart|p2: Taste the raynbow|move: Light Screen
|move|p2a: Maushold|Population Bomb|p1b: Pelipper
|-damage|p1b: Pelipper|6/100
|-damage|p1b: Pelipper|0 fnt
|faint|p1b: Pelipper
|-hitcount|p1: Pelipper|2
|move|p1a: Archaludon|Electro Shot||[still]
|-prepare|p1a: Archaludon|Electro Shot
|-boost|p1a: Archaludon|spa|1
|-anim|p1a: Archaludon|Electro Shot|p2b: Sableye
|-damage|p2b: Sableye|55/100
|
|-weather|RainDance|[upkeep]
|-heal|p2b: Sableye|60/100|[from] Grassy Terrain
|upkeep
|
|t:|1757903848
|switch|p1b: Maushold|Maushold-Four, L50|100/100
|turn|4
|
|t:|1757903868
|move|p2b: Sableye|Disable|p1a: Archaludon
|-start|p1a: Archaludon|Disable|Electro Shot
|move|p1b: Maushold|Taunt|p2b: Sableye
|-start|p2b: Sableye|move: Taunt
|move|p2a: Maushold|Encore|p1a: Archaludon
|-start|p1a: Archaludon|Encore
|cant|p1a: Archaludon|Disable|Electro Shot
|
|-weather|RainDance|[upkeep]
|-heal|p2b: Sableye|66/100|[from] Grassy Terrain
|upkeep
|turn|5
|
|t:|1757903886
|switch|p2b: Ursaluna|Ursaluna-Bloodmoon, L50, M|100/100
|move|p1b: Maushold|Population Bomb|p2b: Ursaluna
|-damage|p2b: Ursaluna|96/100
|-damage|p2b: Ursaluna|93/100
|-damage|p2b: Ursaluna|88/100
|-damage|p2b: Ursaluna|84/100
|-damage|p2b: Ursaluna|80/100
|-damage|p2b: Ursaluna|75/100
|-damage|p2b: Ursaluna|71/100
|-damage|p2b: Ursaluna|68/100
|-damage|p2b: Ursaluna|63/100
|-hitcount|p2b: Ursaluna|9
|move|p2a: Maushold|Population Bomb|p1b: Maushold
|-damage|p1b: Maushold|90/100
|-damage|p1b: Maushold|80/100
|-damage|p1b: Maushold|70/100
|-damage|p1b: Maushold|60/100
|-damage|p1b: Maushold|50/100
|-damage|p1b: Maushold|42/100
|-damage|p1b: Maushold|32/100
|-crit|p1b: Maushold
|-damage|p1b: Maushold|19/100
|-damage|p1b: Maushold|10/100
|-damage|p1b: Maushold|2/100
|-hitcount|p1b: Maushold|10
|-activate|p1a: Archaludon|move: Struggle
|move|p1a: Archaludon|Struggle|p2a: Maushold
|-damage|p2a: Maushold|88/100
|-damage|p1a: Archaludon|76/100|[from] recoil
|
|-weather|none
|-heal|p1b: Maushold|8/100|[from] Grassy Terrain
|-heal|p2a: Maushold|94/100|[from] Grassy Terrain
|-heal|p1a: Archaludon|82/100|[from] Grassy Terrain
|-heal|p2b: Ursaluna|70/100|[from] Grassy Terrain
|-fieldend|move: Grassy Terrain
|upkeep
|turn|6
|inactive|Taste the raynbow has 30 seconds left.
|inactive|pyrostevie has 30 seconds left.
|inactive|Taste the raynbow has 20 seconds left.
|
|t:|1757903921
|move|p1b: Maushold|Population Bomb|p2a: Maushold
|-damage|p2a: Maushold|83/100
|-damage|p2a: Maushold|74/100
|-damage|p2a: Maushold|63/100
|-damage|p2a: Maushold|53/100
|-damage|p2a: Maushold|44/100
|-damage|p2a: Maushold|33/100
|-damage|p2a: Maushold|24/100
|-damage|p2a: Maushold|14/100
|-damage|p2a: Maushold|5/100
|-damage|p2a: Maushold|0 fnt
|faint|p2a: Maushold
|-hitcount|p2: Maushold|10
|-activate|p1a: Archaludon|move: Struggle
|move|p1a: Archaludon|Struggle|p2b: Ursaluna
|-crit|p2b: Ursaluna
|-damage|p2b: Ursaluna|58/100
|-damage|p1a: Archaludon|57/100|[from] recoil
|move|p2b: Ursaluna|Earth Power|p1a: Archaludon
|-supereffective|p1a: Archaludon
|-damage|p1a: Archaludon|7/100
|-ability|p1a: Archaludon|Stamina|boost
|-boost|p1a: Archaludon|def|1
|
|-end|p1a: Archaludon|Encore
|upkeep
|
|t:|1757903944
|switch|p2a: Sableye|Sableye, L50, M|66/100
|turn|7
|
|t:|1757903959
|-terastallize|p2b: Ursaluna|Ghost
|move|p2b: Ursaluna|Vacuum Wave|p1a: Archaludon
|-supereffective|p1a: Archaludon
|-damage|p1a: Archaludon|0 fnt
|faint|p1a: Archaludon
|move|p2a: Sableye|Disable|p1b: Maushold
|-start|p1b: Maushold|Disable|Population Bomb
|cant|p1b: Maushold|Disable|Population Bomb
|
|upkeep
|turn|8
|c|☆pyrostevie|ggs
|c|☆Taste the raynbow|ggs
|
|t:|1757903973
|move|p1b: Maushold|Follow Me|p1b: Maushold
|-singleturn|p1b: Maushold|move: Follow Me
|move|p2b: Ursaluna|Vacuum Wave|p1b: Maushold
|-supereffective|p1b: Maushold
|-damage|p1b: Maushold|0 fnt
|faint|p1b: Maushold
|
|win|Taste the raynbow
|raw|pyrostevie's rating: 1086 → 1058(-28 for losing)
|raw|Taste the raynbow's rating: 1000 → 1050(+50 for winning)
|l|☆pyrostevie
|player|p1|
