|j|☆Baronismo
|j|☆Olciax34
|html|BaronismoOlciax34    
|uhtml|bestof|Game 2 of a best-of-3
|t:|1784278061
|gametype|doubles
|player|p1|Baronismo|depotagent|1365
|player|p2|Olciax34|clair|1223
|gen|9
|tier|[Gen 9 Champions] VGC 2026 Reg M-B (Bo3)
|rated|
|rule|Species Clause: Limit one of each Pokémon
|rule|Item Clause: Limit 1 of each item
|clearpoke
|poke|p1|Floette-Eternal, L50, F|
|poke|p1|Talonflame, L50, M|
|poke|p1|Basculegion, L50, M|
|poke|p1|Dragonite, L50, M|
|poke|p1|Kingambit, L50, M|
|poke|p1|Lycanroc-Dusk, L50, M|
|poke|p2|Garchomp, L50, M|
|poke|p2|Whimsicott, L50, F|
|poke|p2|Aegislash, L50, M|
|poke|p2|Incineroar, L50, F|
|poke|p2|Charizard, L50, M|
|poke|p2|Floette-Eternal, L50, F|
|teampreview|4
|showteam|p1|Floette-Eternal||Floettite|FlowerVeil|Moonblast,DazzlingGleam,LightofRuin,Protect|Modest||F|||50|]Talonflame||SharpBeak|GaleWings|DualWingbeat,FlareBlitz,Tailwind,Protect|Jolly||M|||50|]Basculegion||ChoiceScarf|Adaptability|WaveCrash,LastRespects,AquaJet,FlipTurn|Jolly||M|||50|]Dragonite||LifeOrb|InnerFocus|DragonClaw,ExtremeSpeed,LowKick,Protect|Adamant||M|||50|]Kingambit||BlackGlasses|Defiant|KowtowCleave,IronHead,SuckerPunch,Protect|Adamant||M|||50|]Lycanroc-Dusk||FocusSash|ToughClaws|RockSlide,CloseCombat,Accelerock,Protect|Jolly||M|||50|
|showteam|p2|Garchomp||LifeOrb|RoughSkin|RockSlide,Earthquake,DragonClaw,Protect|Jolly||M|||50|]Whimsicott||FocusSash|Prankster|Moonblast,Tailwind,Encore,Protect|Timid||F|||50|]Aegislash||SpellTag|StanceChange|Poltergeist,IronHead,WideGuard,KingsShield|Adamant||M|||50|]Incineroar||SitrusBerry|Intimidate|FakeOut,ThroatChop,FlareBlitz,PartingShot|Careful||F|||50|]Charizard||CharizarditeY|SolarPower|HeatWave,WeatherBall,SolarBeam,Protect|Modest||M|||50|]Floette-Eternal||Floettite|FlowerVeil|Moonblast,LightofRuin,DazzlingGleam,Protect|Modest||F|||50|
|inactive|Battle timer is ON: inactive players will automatically lose when time's up. (requested by Olciax34)
|
|t:|1784278084
|teamsize|p1|4
|teamsize|p2|4
|start
|switch|p1a: Talonflame|Talonflame, L50, M|100/100
|switch|p1b: Dragonite|Dragonite, L50, M|100/100
|switch|p2a: Aegislash|Aegislash, L50, M|100/100
|switch|p2b: Incineroar|Incineroar, L50, F|100/100
|-ability|p2b: Incineroar|Intimidate|boost
|-unboost|p1a: Talonflame|atk|1
|-fail|p1b: Dragonite|unboost|Attack|[from] ability: Inner Focus|[of] p1b: Dragonite
|turn|1
|
|t:|1784278105
|move|p1a: Talonflame|Protect|p1a: Talonflame
|-singleturn|p1a: Talonflame|Protect
|move|p2b: Incineroar|Fake Out|p1a: Talonflame
|-activate|p1a: Talonflame|move: Protect
|move|p1b: Dragonite|Low Kick|p2b: Incineroar
|-supereffective|p2b: Incineroar|1
|-damage|p2b: Incineroar|29/100
|-enditem|p2b: Incineroar|Sitrus Berry|[eat]
|-heal|p2b: Incineroar|53/100|[from] item: Sitrus Berry
|-damage|p1b: Dragonite|90/100|[from] item: Life Orb
|-formechange|p2a: Aegislash|Aegislash-Blade|
|move|p2a: Aegislash|Poltergeist|p1b: Dragonite
|-activate|p1b: Dragonite|move: Poltergeist|Life Orb
|-damage|p1b: Dragonite|0 fnt
|faint|p1b: Dragonite
|
|upkeep
|
|t:|1784278120
|switch|p1b: Basculegion|Basculegion, L50, M|100/100
|turn|2
|
|t:|1784278142
|-formechange|p2a: Aegislash|Aegislash|
|move|p2a: Aegislash|King's Shield|p2a: Aegislash
|-singleturn|p2a: Aegislash|Protect
|move|p1b: Basculegion|Flip Turn|p2b: Incineroar
|-supereffective|p2b: Incineroar|1
|-damage|p2b: Incineroar|0 fnt
|faint|p2b: Incineroar
|
|t:|1784278146
|switch|p1b: Lycanroc|Lycanroc-Dusk, L50, M|100/100|[from] Flip Turn
|move|p1a: Talonflame|Flare Blitz|p2a: Aegislash
|-activate|p2a: Aegislash|move: Protect
|-unboost|p1a: Talonflame|atk|1
|
|upkeep
|
|t:|1784278164
|switch|p2b: Whimsicott|Whimsicott, L50, F|100/100
|turn|3
|
|t:|1784278171
|move|p2b: Whimsicott|Protect|p2b: Whimsicott
|-singleturn|p2b: Whimsicott|Protect
|move|p1a: Talonflame|Dual Wingbeat|p2b: Whimsicott
|-activate|p2b: Whimsicott|move: Protect
|move|p1b: Lycanroc|Accelerock|p2b: Whimsicott
|-activate|p2b: Whimsicott|move: Protect
|-formechange|p2a: Aegislash|Aegislash-Blade|
|move|p2a: Aegislash|Poltergeist|p1a: Talonflame
|-activate|p1a: Talonflame|move: Poltergeist|Sharp Beak
|-damage|p1a: Talonflame|0 fnt
|faint|p1a: Talonflame
|
|upkeep
|
|t:|1784278174
|switch|p1a: Basculegion|Basculegion, L50, M|100/100
|turn|4
|
|t:|1784278191
|-formechange|p2a: Aegislash|Aegislash|
|move|p2a: Aegislash|King's Shield|p2a: Aegislash
|-singleturn|p2a: Aegislash|Protect
|move|p2b: Whimsicott|Tailwind|p2b: Whimsicott
|-sidestart|p2: Olciax34|move: Tailwind
|move|p1a: Basculegion|Last Respects|p2b: Whimsicott
|-enditem|p2b: Whimsicott|Focus Sash
|-damage|p2b: Whimsicott|1/100
|move|p1b: Lycanroc|Rock Slide|p2b: Whimsicott|[spread] p2b
|-activate|p2a: Aegislash|move: Protect
|-damage|p2b: Whimsicott|0 fnt
|faint|p2b: Whimsicott
|
|upkeep
|
|t:|1784278204
|switch|p2b: Floette|Floette-Eternal, L50, F|100/100
|turn|5
|
|t:|1784278213
|detailschange|p2b: Floette|Floette-Mega, L50, F
|-mega|p2b: Floette|Floette|Floettite
|-ability|p2b: Floette|Fairy Aura
|move|p2a: Aegislash|Wide Guard|p2a: Aegislash
|-singleturn|p2a: Aegislash|Wide Guard
|move|p2b: Floette|Light of Ruin|p1a: Basculegion
|-damage|p1a: Basculegion|0 fnt
|faint|p1a: Basculegion
|-damage|p2b: Floette|33/100|[from] Recoil
|move|p1b: Lycanroc|Rock Slide|p2a: Aegislash|[spread] 
|-activate|p2a: Aegislash|move: Wide Guard
|-activate|p2b: Floette|move: Wide Guard
|
|upkeep
|turn|6
|
|t:|1784278230
|move|p2a: Aegislash|Wide Guard|p2a: Aegislash
|-singleturn|p2a: Aegislash|Wide Guard
|move|p1b: Lycanroc|Accelerock|p2b: Floette
|-damage|p2b: Floette|1/100
|move|p2b: Floette|Moonblast|p1b: Lycanroc
|-enditem|p1b: Lycanroc|Focus Sash
|-damage|p1b: Lycanroc|1/100
|
|upkeep
|turn|7
|
|t:|1784278240
|move|p1b: Lycanroc|Accelerock|p2a: Aegislash
|-resisted|p2a: Aegislash|1
|-damage|p2a: Aegislash|91/100
|move|p2b: Floette|Moonblast|p1b: Lycanroc
|-damage|p1b: Lycanroc|0 fnt
|faint|p1b: Lycanroc
|
|win|Olciax34
