|j|☆IshtarVGC26
|j|☆OhNoValentine
|html|IshtarVGC26OhNoValentine    
|uhtml|bestof|Game 1 of a best-of-3
|t:|1756994842
|gametype|doubles
|player|p1|IshtarVGC26|juan|1196
|player|p2|OhNoValentine|170|1226
|gen|9
|tier|[Gen 9] VGC 2025 Reg H (Bo3)
|rated|
|rule|Species Clause: Limit one of each Pokémon
|rule|Item Clause: Limit 1 of each item
|clearpoke
|poke|p1|Charizard, L50, F|
|poke|p1|Torkoal, L50, F|
|poke|p1|Porygon2, L50|
|poke|p1|Incineroar, L50, F|
|poke|p1|Jumpluff, L50, M|
|poke|p1|Ursaluna, L50, F|
|poke|p2|Rillaboom, L50, F|
|poke|p2|Sneasler, L50, F|
|poke|p2|Gholdengo, L50|
|poke|p2|Ursaluna, L50, F|
|poke|p2|Dragonite, L50, M|
|poke|p2|Annihilape, L50, F|
|teampreview|4
|showteam|p1|Charizard||ChoiceSpecs|SolarPower|HeatWave,SolarBeam,WeatherBall,AirSlash|||F|||50|,,,,,Grass]Torkoal||FlamePlate|Drought|Eruption,Flamethrower,HelpingHand,Protect|||F|||50|,,,,,Fire]Porygon2||Eviolite|Download|TeraBlast,IceBeam,Recover,TrickRoom||||||50|,,,,,Fighting]Incineroar||SitrusBerry|Intimidate|FlareBlitz,KnockOff,FakeOut,PartingShot|||F|||50|,,,,,Ghost]Jumpluff||CovertCloak|Chlorophyll|SleepPowder,SunnyDay,RagePowder,Tailwind|||M|||50|,,,,,Water]Ursaluna||FlameOrb|Guts|HeadlongRush,Facade,Earthquake,Protect|||F|||50|,,,,,Ghost
|showteam|p2|Rillaboom||AssaultVest|GrassySurge|FakeOut,WoodHammer,Uturn,GrassyGlide|||F|||50|,,,,,Fire]Sneasler||GrassySeed|Unburden|Protect,CloseCombat,DireClaw,ThroatChop|||F|||50|,,,,,Dark]Gholdengo||LifeOrb|GoodasGold|MakeItRain,ShadowBall,NastyPlot,Protect||||||50|,,,,,Water]Ursaluna||FlameOrb|Guts|Protect,HeadlongRush,Earthquake,Facade|||F|||50|,,,,,Ghost]Dragonite||LoadedDice|Multiscale|Protect,Tailwind,ExtremeSpeed,ScaleShot|||M|||50|,,,,,Steel]Annihilape||SafetyGoggles|Defiant|RageFist,DrainPunch,Protect,BulkUp|||F|||50|,,,,,Fire
|
|t:|1756994868
|teamsize|p1|4
|teamsize|p2|4
|start
|switch|p1a: Incineroar|Incineroar, L50, F|100/100
|switch|p1b: Jumpluff|Jumpluff, L50, M|100/100
|switch|p2a: Annihilape|Annihilape, L50, F|100/100
|switch|p2b: Rillaboom|Rillaboom, L50, F|100/100
|-ability|p1a: Incineroar|Intimidate|boost
|-unboost|p2a: Annihilape|atk|1
|-ability|p2a: Annihilape|Defiant|boost
|-boost|p2a: Annihilape|atk|2
|-unboost|p2b: Rillaboom|atk|1
|-fieldstart|move: Grassy Terrain|[from] ability: Grassy Surge|[of] p2b: Rillaboom
|turn|1
|
|t:|1756994894
|-terastallize|p1a: Incineroar|Ghost
|move|p1b: Jumpluff|Tailwind|p1b: Jumpluff
|-sidestart|p1: IshtarVGC26|move: Tailwind
|move|p1a: Incineroar|Knock Off|p2a: Annihilape
|-damage|p2a: Annihilape|63/100
|-enditem|p2a: Annihilape|Safety Goggles|[from] move: Knock Off|[of] p1a: Incineroar
|move|p2a: Annihilape|Bulk Up|p2a: Annihilape
|-boost|p2a: Annihilape|atk|1
|-boost|p2a: Annihilape|def|1
|move|p2b: Rillaboom|U-turn|p1b: Jumpluff
|-damage|p1b: Jumpluff|80/100
|
|t:|1756994903
|switch|p2b: Sneasler|Sneasler, L50, F|100/100|[from] U-turn
|-enditem|p2b: Sneasler|Grassy Seed
|-boost|p2b: Sneasler|def|1|[from] item: Grassy Seed
|
|-heal|p2a: Annihilape|69/100|[from] Grassy Terrain
|upkeep
|turn|2
|
|t:|1756994925
|move|p1b: Jumpluff|Sleep Powder|p2a: Annihilape
|-status|p2a: Annihilape|slp|[from] move: Sleep Powder
|move|p2b: Sneasler|Dire Claw|p1b: Jumpluff
|-supereffective|p1b: Jumpluff
|-damage|p1b: Jumpluff|0 fnt
|faint|p1b: Jumpluff
|move|p1a: Incineroar|Parting Shot|p2b: Sneasler
|-unboost|p2b: Sneasler|atk|1
|-unboost|p2b: Sneasler|spa|1
|
|t:|1756994937
|switch|p1a: Charizard|Charizard, L50, F|100/100|[from] Parting Shot
|cant|p2a: Annihilape|slp
|
|-heal|p2a: Annihilape|75/100 slp|[from] Grassy Terrain
|upkeep
|
|t:|1756994943
|switch|p1b: Torkoal|Torkoal, L50, F|100/100
|-weather|SunnyDay|[from] ability: Drought|[of] p1b: Torkoal
|turn|3
|
|t:|1756994958
|move|p1b: Torkoal|Helping Hand|p1a: Charizard
|-singleturn|p1a: Charizard|Helping Hand|[of] p1b: Torkoal
|move|p2b: Sneasler|Protect|p2b: Sneasler
|-singleturn|p2b: Sneasler|Protect
|cant|p2a: Annihilape|slp
|move|p1a: Charizard|Heat Wave|p2a: Annihilape|[spread] p2a
|-activate|p2b: Sneasler|move: Protect
|-damage|p2a: Annihilape|0 fnt
|faint|p2a: Annihilape
|
|-weather|SunnyDay|[upkeep]
|-damage|p1a: Charizard|88/100|[from] ability: Solar Power|[of] p1a: Charizard
|upkeep
|
|t:|1756994974
|switch|p2a: Rillaboom|Rillaboom, L50, F|100/100
|turn|4
|
|t:|1756994983
|switch|p1a: Incineroar|Incineroar, L50, F, tera:Ghost|100/100
|-ability|p1a: Incineroar|Intimidate|boost
|-unboost|p2a: Rillaboom|atk|1
|-unboost|p2b: Sneasler|atk|1
|-terastallize|p2a: Rillaboom|Fire
|move|p2a: Rillaboom|Fake Out|p1a: Incineroar
|-immune|p1a: Incineroar
|move|p2b: Sneasler|Dire Claw|p1b: Torkoal
|-damage|p1b: Torkoal|83/100
|-status|p1b: Torkoal|slp
|cant|p1b: Torkoal|slp
|
|-weather|SunnyDay|[upkeep]
|-heal|p1b: Torkoal|89/100 slp|[from] Grassy Terrain
|-sideend|p1: IshtarVGC26|move: Tailwind
|upkeep
|turn|5
|
|t:|1756995017
|switch|p2b: Dragonite|Dragonite, L50, M|100/100
|move|p1a: Incineroar|Fake Out|p2a: Rillaboom
|-damage|p2a: Rillaboom|89/100
|cant|p2a: Rillaboom|flinch
|cant|p1b: Torkoal|slp
|
|-weather|SunnyDay|[upkeep]
|-heal|p2a: Rillaboom|95/100|[from] Grassy Terrain
|-heal|p1b: Torkoal|95/100 slp|[from] Grassy Terrain
|-fieldend|move: Grassy Terrain
|upkeep
|turn|6
|
|t:|1756995040
|move|p2b: Dragonite|Scale Shot|p1a: Incineroar|[miss]
|-miss|p2b: Dragonite|p1a: Incineroar
|move|p1a: Incineroar|Parting Shot|p2b: Dragonite
|-unboost|p2b: Dragonite|atk|1
|-unboost|p2b: Dragonite|spa|1
|
|t:|1756995045
|switch|p1a: Charizard|Charizard, L50, F|88/100|[from] Parting Shot
|move|p2a: Rillaboom|Wood Hammer|p1a: Charizard
|-resisted|p1a: Charizard
|-damage|p1a: Charizard|74/100
|-damage|p2a: Rillaboom|91/100|[from] Recoil
|-curestatus|p1b: Torkoal|slp|[msg]
|move|p1b: Torkoal|Flamethrower|p2b: Dragonite
|-resisted|p2b: Dragonite
|-damage|p2b: Dragonite|82/100
|
|-weather|SunnyDay|[upkeep]
|-damage|p1a: Charizard|61/100|[from] ability: Solar Power|[of] p1a: Charizard
|upkeep
|turn|7
|
|t:|1756995065
|move|p1b: Torkoal|Helping Hand|p1a: Charizard
|-singleturn|p1a: Charizard|Helping Hand|[of] p1b: Torkoal
|move|p2b: Dragonite|Protect|p2b: Dragonite
|-singleturn|p2b: Dragonite|Protect
|move|p1a: Charizard|Air Slash|p2b: Dragonite
|-activate|p2b: Dragonite|move: Protect
|move|p2a: Rillaboom|U-turn|p1a: Charizard
|-resisted|p1a: Charizard
|-damage|p1a: Charizard|55/100
|
|t:|1756995072
|switch|p2a: Sneasler|Sneasler, L50, F|100/100|[from] U-turn
|
|-weather|none
|upkeep
|turn|8
|
|t:|1756995087
|switch|p1a: Incineroar|Incineroar, L50, F, tera:Ghost|100/100
|-ability|p1a: Incineroar|Intimidate|boost
|-unboost|p2a: Sneasler|atk|1
|-unboost|p2b: Dragonite|atk|1
|move|p2a: Sneasler|Dire Claw|p1a: Incineroar
|-resisted|p1a: Incineroar
|-damage|p1a: Incineroar|87/100
|-status|p1a: Incineroar|slp
|move|p2b: Dragonite|Scale Shot|p1a: Incineroar
|-crit|p1a: Incineroar
|-damage|p1a: Incineroar|66/100 slp
|-damage|p1a: Incineroar|58/100 slp
|-damage|p1a: Incineroar|50/100 slp
|-enditem|p1a: Incineroar|Sitrus Berry|[eat]
|-heal|p1a: Incineroar|75/100 slp|[from] item: Sitrus Berry
|-damage|p1a: Incineroar|66/100 slp
|-hitcount|p1a: Incineroar|4
|-unboost|p2b: Dragonite|def|1
|-boost|p2b: Dragonite|spe|1
|move|p1b: Torkoal|Flamethrower|p2b: Dragonite
|-resisted|p2b: Dragonite
|-damage|p2b: Dragonite|55/100
|
|upkeep
|turn|9
|
|t:|1756995117
|switch|p2b: Rillaboom|Rillaboom, L50, F, tera:Fire|91/100
|-fieldstart|move: Grassy Terrain|[from] ability: Grassy Surge|[of] p2b: Rillaboom
|cant|p1a: Incineroar|slp
|move|p2a: Sneasler|Throat Chop|p1a: Incineroar
|-supereffective|p1a: Incineroar
|-damage|p1a: Incineroar|26/100 slp
|-start|p1a: Incineroar|Throat Chop|[silent]
|move|p1b: Torkoal|Eruption|p2a: Sneasler|[spread] p2a,p2b
|-resisted|p2b: Rillaboom
|-damage|p2a: Sneasler|19/100
|-damage|p2b: Rillaboom|70/100
|
|-heal|p2a: Sneasler|25/100|[from] Grassy Terrain
|-heal|p1a: Incineroar|32/100 slp|[from] Grassy Terrain
|-heal|p2b: Rillaboom|76/100|[from] Grassy Terrain
|-heal|p1b: Torkoal|100/100|[from] Grassy Terrain
|upkeep
|turn|10
|
|t:|1756995141
|switch|p1b: Charizard|Charizard, L50, F|55/100
|move|p2b: Rillaboom|Fake Out|p1b: Charizard
|-damage|p1b: Charizard|34/100
|move|p2a: Sneasler|Throat Chop|p1a: Incineroar
|-supereffective|p1a: Incineroar
|-damage|p1a: Incineroar|0 fnt
|faint|p1a: Incineroar
|
|-heal|p2a: Sneasler|31/100|[from] Grassy Terrain
|-heal|p2b: Rillaboom|82/100|[from] Grassy Terrain
|upkeep
|
|t:|1756995151
|switch|p1a: Torkoal|Torkoal, L50, F|100/100
|-weather|SunnyDay|[from] ability: Drought|[of] p1a: Torkoal
|turn|11
|
|t:|1756995169
|move|p2a: Sneasler|Dire Claw|p1b: Charizard
|-damage|p1b: Charizard|0 fnt
|faint|p1b: Charizard
|move|p2b: Rillaboom|Wood Hammer|p1a: Torkoal
|-resisted|p1a: Torkoal
|-damage|p1a: Torkoal|67/100
|-damage|p2b: Rillaboom|72/100|[from] Recoil
|move|p1a: Torkoal|Flamethrower|p2b: Rillaboom
|-resisted|p2b: Rillaboom
|-crit|p2b: Rillaboom
|-damage|p2b: Rillaboom|36/100
|
|-weather|SunnyDay|[upkeep]
|-heal|p2a: Sneasler|37/100|[from] Grassy Terrain
|-heal|p2b: Rillaboom|42/100|[from] Grassy Terrain
|-heal|p1a: Torkoal|73/100|[from] Grassy Terrain
|upkeep
|turn|12
|
|t:|1756995186
|move|p2a: Sneasler|Dire Claw|p1a: Torkoal
|-damage|p1a: Torkoal|47/100
|-status|p1a: Torkoal|par
|move|p2b: Rillaboom|Wood Hammer|p1a: Torkoal
|-resisted|p1a: Torkoal
|-damage|p1a: Torkoal|17/100 par
|-damage|p2b: Rillaboom|33/100|[from] Recoil
|move|p1a: Torkoal|Flamethrower|p2a: Sneasler
|-damage|p2a: Sneasler|0 fnt
|faint|p2a: Sneasler
|
|-weather|SunnyDay|[upkeep]
|-heal|p2b: Rillaboom|39/100|[from] Grassy Terrain
|-heal|p1a: Torkoal|23/100 par|[from] Grassy Terrain
|upkeep
|
|t:|1756995196
|switch|p2a: Dragonite|Dragonite, L50, M|55/100
|turn|13
|
|t:|1756995202
|move|p2a: Dragonite|Extreme Speed|p1a: Torkoal
|-damage|p1a: Torkoal|0 fnt
|faint|p1a: Torkoal
|
|win|OhNoValentine
