|j|☆RauSakura
|j|☆Toquill
|html|RauSakuraToquill    
|uhtml|bestof|Game 2 of a best-of-3
|t:|1783890547
|gametype|doubles
|player|p1|RauSakura|#rausakura|
|player|p2|Toquill|rika|
|gen|9
|tier|[Gen 9 Champions] VGC 2026 Reg M-B (Bo3)
|rule|Species Clause: Limit one of each Pokémon
|rule|Item Clause: Limit 1 of each item
|clearpoke
|poke|p1|Lycanroc-Dusk, L50, F, shiny|
|poke|p1|Venusaur, L50, M|
|poke|p1|Pelipper, L50, F|
|poke|p1|Archaludon, L50, F, shiny|
|poke|p1|Grimmsnarl, L50, M|
|poke|p1|Swampert, L50, F|
|poke|p2|Floette-Eternal, L50, F|
|poke|p2|Ceruledge, L50, M, shiny|
|poke|p2|Garchomp, L50, M, shiny|
|poke|p2|Talonflame, L50, F, shiny|
|poke|p2|Metagross, L50, shiny|
|poke|p2|Ninetales-Alola, L50, M, shiny|
|teampreview|4
|showteam|p1|Lycanroc-Dusk||FocusSash|ToughClaws|Accelerock,RockSlide,CloseCombat,Protect|Adamant||F|||50|]Venusaur||Venusaurite|Chlorophyll|SludgeBomb,EarthPower,GigaDrain,Protect|Modest||M|||50|]Pelipper||LifeOrb|Drizzle|WeatherBall,Hurricane,Tailwind,WideGuard|Timid||F|||50|]Archaludon||Leftovers|Stamina|ElectroShot,DragonPulse,FlashCannon,Protect|Modest||F|||50|]Grimmsnarl||RoseliBerry|Prankster|SpiritBreak,Reflect,LightScreen,PartingShot|Careful||M|||50|]Swampert||Swampertite|Torrent|WaveCrash,Earthquake,IcePunch,Protect|Adamant||F|||50|
|showteam|p2|Floette-Eternal||Floettite|FlowerVeil|Moonblast,DazzlingGleam,LightofRuin,Protect|Timid||F|||50|]Ceruledge||ColburBerry|FlashFire|BitterBlade,ShadowSneak,BulkUp,Protect|Adamant||M|||50|]Garchomp||LifeOrb|RoughSkin|Earthquake,DragonClaw,RockSlide,Protect|Jolly||M|||50|]Talonflame||SharpBeak|GaleWings|DualWingbeat,FlareBlitz,Tailwind,Protect|Jolly||F|||50|]Metagross||Metagrossite|ClearBody|IronHead,PsychicFangs,StompingTantrum,Protect|Jolly|||||50|]Ninetales-Alola||NeverMeltIce|SnowWarning|Blizzard,FreezeDry,Encore,Protect|Timid||M|||50|
|j| superstar jamie
|j| OnlyEmbers
|j| Electro backshot
|j| Cobra Mawi
|j| 2cake
|
|t:|1783890645
|teamsize|p1|4
|teamsize|p2|4
|start
|switch|p1a: Archaludon|Archaludon, L50, F, shiny|100/100
|switch|p1b: Grimmsnarl|Grimmsnarl, L50, M|100/100
|switch|p2a: Talonflame|Talonflame, L50, F, shiny|100/100
|switch|p2b: Floette|Floette-Eternal, L50, F|100/100
|turn|1
|
|t:|1783890725
|switch|p2b: Metagross|Metagross, L50, shiny|100/100
|move|p1a: Archaludon|Protect|p1a: Archaludon
|-singleturn|p1a: Archaludon|Protect
|move|p2a: Talonflame|Dual Wingbeat|p1b: Grimmsnarl
|-damage|p1b: Grimmsnarl|80/100
|-crit|p1b: Grimmsnarl
|-damage|p1b: Grimmsnarl|50/100y
|-hitcount|p1b: Grimmsnarl|2
|move|p1b: Grimmsnarl|Light Screen|p1b: Grimmsnarl
|-sidestart|p1: RauSakura|move: Light Screen
|
|upkeep
|turn|2
|
|t:|1783890756
|move|p2a: Talonflame|Protect|p2a: Talonflame
|-singleturn|p2a: Talonflame|Protect
|move|p1b: Grimmsnarl|Reflect|p1b: Grimmsnarl
|-sidestart|p1: RauSakura|Reflect
|move|p2b: Metagross|Iron Head|p1b: Grimmsnarl
|-supereffective|p1b: Grimmsnarl|1
|-damage|p1b: Grimmsnarl|0 fnt
|faint|p1b: Grimmsnarl
|move|p1a: Archaludon|Dragon Pulse|p2a: Talonflame
|-activate|p2a: Talonflame|move: Protect
|
|upkeep
|
|t:|1783890763
|switch|p1b: Lycanroc|Lycanroc-Dusk, L50, F, shiny|100/100
|turn|3
|
|t:|1783890781
|move|p2a: Talonflame|Tailwind|p2a: Talonflame
|-sidestart|p2: Toquill|move: Tailwind
|move|p2b: Metagross|Psychic Fangs|p1b: Lycanroc
|-sideend|p1: RauSakura|Reflect
|-sideend|p1: RauSakura|move: Light Screen
|-damage|p1b: Lycanroc|32/100
|move|p1b: Lycanroc|Rock Slide|p2a: Talonflame|[spread] p2a,p2b
|-supereffective|p2a: Talonflame|2
|-resisted|p2b: Metagross|1
|-damage|p2a: Talonflame|0 fnt
|-damage|p2b: Metagross|86/100
|faint|p2a: Talonflame
|move|p1a: Archaludon|Dragon Pulse|p2b: Metagross
|-resisted|p2b: Metagross|1
|-damage|p2b: Metagross|65/100
|
|upkeep
|
|t:|1783890792
|switch|p2a: Floette|Floette-Eternal, L50, F|100/100
|turn|4
|
|t:|1783890842
|detailschange|p2a: Floette|Floette-Mega, L50, F
|-mega|p2a: Floette|Floette|Floettite
|-ability|p2a: Floette|Fairy Aura
|move|p2b: Metagross|Protect|p2b: Metagross
|-singleturn|p2b: Metagross|Protect
|move|p1b: Lycanroc|Accelerock|p2a: Floette
|-damage|p2a: Floette|64/100
|move|p2a: Floette|Light of Ruin|p1a: Archaludon
|-damage|p1a: Archaludon|0 fnt
|faint|p1a: Archaludon
|-damage|p2a: Floette|0 fnt|[from] Recoil
|faint|p2a: Floette
|
|upkeep
|
|t:|1783890853
|switch|p2a: Ninetales|Ninetales-Alola, L50, M, shiny|100/100
|switch|p1a: Pelipper|Pelipper, L50, F|100/100
|-weather|Snowscape|[from] ability: Snow Warning|[of] p2a: Ninetales
|-weather|RainDance|[from] ability: Drizzle|[of] p1a: Pelipper
|turn|5
|
|t:|1783890893
|move|p1b: Lycanroc|Accelerock|p2a: Ninetales
|-supereffective|p2a: Ninetales|1
|-damage|p2a: Ninetales|11/100
|move|p2a: Ninetales|Freeze-Dry|p1a: Pelipper
|-supereffective|p1a: Pelipper|2
|-damage|p1a: Pelipper|0 fnt
|faint|p1a: Pelipper
|move|p2b: Metagross|Iron Head|p1b: Lycanroc
|-supereffective|p1b: Lycanroc|1
|-damage|p1b: Lycanroc|0 fnt
|faint|p1b: Lycanroc
|
|win|Toquill
|c|☆Toquill|ggs
|c|☆RauSakura|ggs
|l| 2cake
|l| Cobra Mawi
|l| OnlyEmbers
