|j|☆ChimpDoppio
|j|☆ZestyWalrus
|html|ChimpDoppioZestyWalrus    
|uhtml|bestof|Game 2 of a best-of-3
|t:|1756930980
|gametype|doubles
|player|p1|ChimpDoppio|ingo|1137
|player|p2|ZestyWalrus|firebreather|1072
|gen|9
|tier|[Gen 9] VGC 2025 Reg H (Bo3)
|rated|
|rule|Species Clause: Limit one of each Pokémon
|rule|Item Clause: Limit 1 of each item
|clearpoke
|poke|p1|Porygon2, L50|
|poke|p1|Ursaluna, L50, F|
|poke|p1|Volcarona, L50, F|
|poke|p1|Grimmsnarl, L50, M|
|poke|p1|Annihilape, L50, M|
|poke|p1|Hydreigon, L50, F|
|poke|p2|Gholdengo, L50|
|poke|p2|Electabuzz, L50, M|
|poke|p2|Pelipper, L50, F|
|poke|p2|Kingdra, L50, F|
|poke|p2|Serperior, L50, M|
|poke|p2|Weavile, L50, F|
|teampreview|4
|showteam|p1|Porygon2||Eviolite|Download|IceBeam,TeraBlast,Recover,TrickRoom||||||50|,,,,,Flying]Ursaluna||FlameOrb|Guts|Facade,Earthquake,HeadlongRush,Protect|||F|||50|,,,,,Ghost]Volcarona||SitrusBerry|FlameBody|GigaDrain,HeatWave,QuiverDance,RagePowder|||F|||50|,,,,,Dragon]Grimmsnarl||LightClay|Prankster|SpiritBreak,Reflect,LightScreen,PartingShot|||M|||50|,,,,,Ghost]Annihilape||SafetyGoggles|Defiant|Protect,BulkUp,DrainPunch,RageFist|||M|||50|,,,,,Water]Hydreigon||AssaultVest|Levitate|DracoMeteor,DarkPulse,EarthPower,FlashCannon|||F|||50|,,,,,Steel
|showteam|p2|Gholdengo||LifeOrb|GoodasGold|NastyPlot,MakeItRain,ShadowBall,Protect||||||50|,,,,,Steel]Electabuzz||Eviolite|VitalSpirit|FollowMe,Electroweb,Protect,HelpingHand|||M|||50|,,,,,Grass]Pelipper||CovertCloak|Drizzle|WideGuard,Tailwind,Protect,WeatherBall|||F|||50|,,,,,Ground]Kingdra||ChoiceSpecs|SwiftSwim|Surf,DracoMeteor,Hurricane,FlipTurn|||F|||50|,,,,,Water]Serperior||WideLens|Contrary|LeafStorm,TeraBlast,DragonPulse,Protect|||M|||50|,,,,,Stellar]Weavile||FocusSash|Pressure|FakeOut,KnockOff,IceSpinner,LowKick|||F|||50|,,,,,Fighting
|inactive|Battle timer is ON: inactive players will automatically lose when time's up. (requested by ChimpDoppio)
|
|t:|1756930999
|teamsize|p1|4
|teamsize|p2|4
|start
|switch|p1a: Grimmsnarl|Grimmsnarl, L50, M|100/100
|switch|p1b: Volcarona|Volcarona, L50, F, shiny|100/100
|switch|p2a: Weavile|Weavile, L50, F|100/100
|switch|p2b: Serperior|Serperior, L50, M|100/100
|-ability|p2a: Weavile|Pressure
|turn|1
|
|t:|1756931006
|move|p2a: Weavile|Fake Out|p1b: Volcarona
|-damage|p1b: Volcarona|89/100
|-status|p2a: Weavile|brn|[from] ability: Flame Body|[of] p1b: Volcarona
|move|p1a: Grimmsnarl|Light Screen|p1a: Grimmsnarl
|-sidestart|p1: ChimpDoppio|move: Light Screen
|move|p2b: Serperior|Leaf Storm|p1a: Grimmsnarl
|-damage|p1a: Grimmsnarl|73/100
|-boost|p2b: Serperior|spa|2
|cant|p1b: Volcarona|flinch
|
|-damage|p2a: Weavile|94/100 brn|[from] brn
|upkeep
|turn|2
|
|t:|1756931029
|move|p1a: Grimmsnarl|Reflect|p1a: Grimmsnarl
|-sidestart|p1: ChimpDoppio|Reflect
|move|p2a: Weavile|Knock Off|p1b: Volcarona
|-damage|p1b: Volcarona|74/100
|-enditem|p1b: Volcarona|Sitrus Berry|[from] move: Knock Off|[of] p2a: Weavile
|move|p2b: Serperior|Leaf Storm|p1a: Grimmsnarl
|-damage|p1a: Grimmsnarl|22/100
|-boost|p2b: Serperior|spa|2
|move|p1b: Volcarona|Quiver Dance|p1b: Volcarona
|-boost|p1b: Volcarona|spa|1
|-boost|p1b: Volcarona|spd|1
|-boost|p1b: Volcarona|spe|1
|
|-damage|p2a: Weavile|88/100 brn|[from] brn
|upkeep
|turn|3
|
|t:|1756931049
|switch|p2a: Electabuzz|Electabuzz, L50, M|100/100
|move|p2b: Serperior|Protect|p2b: Serperior
|-singleturn|p2b: Serperior|Protect
|move|p1a: Grimmsnarl|Parting Shot|p2a: Electabuzz
|-unboost|p2a: Electabuzz|atk|1
|-unboost|p2a: Electabuzz|spa|1
|
|t:|1756931056
|switch|p1a: Porygon2|Porygon2, L50, shiny|100/100|[from] Parting Shot
|-ability|p1a: Porygon2|Download|boost
|-boost|p1a: Porygon2|atk|1
|move|p1b: Volcarona|Heat Wave|p2a: Electabuzz|[spread] p2a
|-activate|p2b: Serperior|move: Protect
|-damage|p2a: Electabuzz|60/100
|
|upkeep
|turn|4
|
|t:|1756931072
|-terastallize|p2b: Serperior|Stellar
|move|p1b: Volcarona|Heat Wave|p2b: Serperior|[spread] p2a,p2b
|-supereffective|p2b: Serperior
|-damage|p2a: Electabuzz|20/100
|-damage|p2b: Serperior|0 fnt
|faint|p2b: Serperior
|move|p2a: Electabuzz|Electroweb|p1b: Volcarona|[spread] p1a,p1b
|-damage|p1a: Porygon2|97/100
|-damage|p1b: Volcarona|70/100
|-unboost|p1a: Porygon2|spe|1
|-unboost|p1b: Volcarona|spe|1
|move|p1a: Porygon2|Ice Beam|p2a: Electabuzz
|-damage|p2a: Electabuzz|0 fnt
|faint|p2a: Electabuzz
|
|upkeep
|
|t:|1756931078
|switch|p2b: Gholdengo|Gholdengo, L50|100/100
|switch|p2a: Weavile|Weavile, L50, F|88/100 brn
|-ability|p2a: Weavile|Pressure
|turn|5
|
|t:|1756931087
|move|p2a: Weavile|Fake Out|p1b: Volcarona
|-damage|p1b: Volcarona|67/100
|move|p2b: Gholdengo|Make It Rain|p1b: Volcarona|[spread] p1a,p1b
|-resisted|p1b: Volcarona
|-damage|p1a: Porygon2|77/100
|-damage|p1b: Volcarona|54/100
|-unboost|p2b: Gholdengo|spa|1
|-damage|p2b: Gholdengo|91/100|[from] item: Life Orb
|cant|p1b: Volcarona|flinch
|move|p1a: Porygon2|Trick Room|p1a: Porygon2
|-fieldstart|move: Trick Room|[of] p1a: Porygon2
|
|-damage|p2a: Weavile|82/100 brn|[from] brn
|upkeep
|turn|6
|
|t:|1756931101
|switch|p1a: Grimmsnarl|Grimmsnarl, L50, M|22/100
|move|p1b: Volcarona|Heat Wave|p2a: Weavile|[spread] p2a,p2b
|-supereffective|p2a: Weavile
|-supereffective|p2b: Gholdengo
|-damage|p2a: Weavile|0 fnt
|-damage|p2b: Gholdengo|0 fnt
|faint|p2a: Weavile
|faint|p2b: Gholdengo
|
|win|ChimpDoppio
|raw|ChimpDoppio's rating: 1137 → 1157(+20 for winning)
|raw|ZestyWalrus's rating: 1072 → 1055(-17 for losing)
|l|☆ZestyWalrus
|player|p2|
