|j|☆CSQ17
|j|☆natsukivgc
|html|CSQ17natsukivgc    
|uhtml|bestof|Game 1 of a best-of-3
|t:|1785709255
|gametype|doubles
|player|p1|CSQ17|102|1314
|player|p2|natsukivgc|265|1280
|gen|9
|tier|[Gen 9 Champions] VGC 2026 Reg M-B (Bo3)
|rated|
|rule|Species Clause: Limit one of each Pokémon
|rule|Item Clause: Limit 1 of each item
|clearpoke
|poke|p1|Kingambit, L50, M|
|poke|p1|Charizard, L50, M|
|poke|p1|Aerodactyl, L50, F|
|poke|p1|Farigiraf, L50, M|
|poke|p1|Garchomp, L50, F|
|poke|p1|Sylveon, L50, M|
|poke|p2|Garchomp, L50, M|
|poke|p2|Charizard, L50, F|
|poke|p2|Kingambit, L50, M|
|poke|p2|Basculegion, L50, M|
|poke|p2|Whimsicott, L50, M|
|poke|p2|Floette-Eternal, L50, F|
|teampreview|4
|showteam|p1|Kingambit||FocusSash|Defiant|KowtowCleave,IronHead,SuckerPunch,LowKick|Adamant||M|||50|]Charizard||CharizarditeY|Blaze|HeatWave,SolarBeam,WeatherBall,Protect|Modest||M|||50|]Aerodactyl||Aerodactylite|Unnerve|RockSlide,DualWingbeat,IceFang,Tailwind|Jolly||F|||50|]Farigiraf||SitrusBerry|ArmorTail|Psychic,Thunderbolt,TrickRoom,Protect|Bold||M|||50|]Garchomp||LifeOrb|RoughSkin|Earthquake,DragonClaw,StompingTantrum,Protect|Jolly||F|||50|]Sylveon||FairyFeather|Pixilate|HyperVoice,HyperBeam,QuickAttack,Protect|Modest||M|||50|
|showteam|p2|Garchomp||SitrusBerry|RoughSkin|RockSlide,DragonTail,StompingTantrum,PoisonJab|Adamant||M|||50|]Charizard||CharizarditeY|Blaze|HeatWave,SolarBeam,WeatherBall,Protect|Modest||F|||50|]Kingambit||LifeOrb|Defiant|KowtowCleave,IronHead,SuckerPunch,LowKick|Adamant||M|||50|]Basculegion||ChoiceScarf|Adaptability|LastRespects,WaveCrash,FlipTurn,AquaJet|Jolly||M|||50|]Whimsicott||FocusSash|Prankster|Tailwind,Moonblast,Encore,Protect|Timid||M|||50|]Floette-Eternal||Floettite|FlowerVeil|DazzlingGleam,Moonblast,LightofRuin,Protect|Modest||F|||50|
|inactive|Battle timer is ON: inactive players will automatically lose when time's up. (requested by CSQ17)
|inactive|CSQ17 has 60 seconds left.
|inactive|CSQ17 has 30 seconds left.
|
|t:|1785709330
|teamsize|p1|4
|teamsize|p2|4
|start
|switch|p1a: Kingambit|Kingambit, L50, M|100/100
|switch|p1b: Aerodactyl|Aerodactyl, L50, F|100/100
|switch|p2a: Whimsicott|Whimsicott, L50, M|100/100
|switch|p2b: Garchomp|Garchomp, L50, M|100/100
|-ability|p1b: Aerodactyl|Unnerve
|turn|1
|inactive|CSQ17 has 30 seconds left.
|inactive|CSQ17 has 20 seconds left.
|
|t:|1785709367
|detailschange|p1b: Aerodactyl|Aerodactyl-Mega, L50, F
|-mega|p1b: Aerodactyl|Aerodactyl|Aerodactylite
|move|p2a: Whimsicott|Tailwind|p2a: Whimsicott
|-sidestart|p2: natsukivgc|move: Tailwind
|move|p1a: Kingambit|Sucker Punch||[still]
|-fail|p1a: Kingambit
|move|p2b: Garchomp|Stomping Tantrum|p1a: Kingambit
|-supereffective|p1a: Kingambit|1
|-damage|p1a: Kingambit|24/100
|move|p1b: Aerodactyl|Ice Fang|p2b: Garchomp
|-supereffective|p2b: Garchomp|2
|-damage|p2b: Garchomp|16/100
|-damage|p1b: Aerodactyl|87/100|[from] ability: Rough Skin|[of] p2b: Garchomp
|-enditem|p2b: Garchomp|Sitrus Berry|[eat]
|-heal|p2b: Garchomp|40/100|[from] item: Sitrus Berry
|
|upkeep
|turn|2
|inactive|CSQ17 has 30 seconds left.
|inactive|natsukivgc has 30 seconds left.
|inactive|CSQ17 has 20 seconds left.
|inactive|natsukivgc has 20 seconds left.
|inactive|CSQ17 has 15 seconds left.
|inactive|CSQ17 has 10 seconds left.
|inactive|CSQ17 has 5 seconds left.
|
|t:|1785709418
|move|p1a: Kingambit|Sucker Punch|p2b: Garchomp
|-damage|p2b: Garchomp|9/100
|-damage|p1a: Kingambit|11/100|[from] ability: Rough Skin|[of] p2b: Garchomp
|move|p2a: Whimsicott|Moonblast|p1a: Kingambit
|-damage|p1a: Kingambit|0 fnt
|faint|p1a: Kingambit
|move|p2b: Garchomp|Rock Slide|p1b: Aerodactyl
|-supereffective|p1b: Aerodactyl|1
|-damage|p1b: Aerodactyl|21/100
|move|p1b: Aerodactyl|Tailwind|p1b: Aerodactyl
|-sidestart|p1: CSQ17|move: Tailwind
|
|upkeep
|
|t:|1785709433
|switch|p1a: Sylveon|Sylveon, L50, M|100/100
|turn|3
|
|t:|1785709446
|move|p2a: Whimsicott|Encore|p1b: Aerodactyl
|-start|p1b: Aerodactyl|Encore
|move|p1a: Sylveon|Quick Attack|p2b: Garchomp
|-supereffective|p2b: Garchomp|1
|-damage|p2b: Garchomp|0 fnt
|-damage|p1a: Sylveon|88/100|[from] ability: Rough Skin|[of] p2b: Garchomp
|faint|p2b: Garchomp
|move|p1b: Aerodactyl|Tailwind||[still]
|-fail|p1b: Aerodactyl
|
|upkeep
|
|t:|1785709456
|switch|p2b: Kingambit|Kingambit, L50, M|100/100
|turn|4
|inactive|natsukivgc has 30 seconds left.
|
|t:|1785709489
|switch|p1b: Garchomp|Garchomp, L50, F|100/100
|move|p1a: Sylveon|Protect|p1a: Sylveon
|-singleturn|p1a: Sylveon|Protect
|move|p2a: Whimsicott|Moonblast|p1b: Garchomp
|-supereffective|p1b: Garchomp|1
|-damage|p1b: Garchomp|24/100
|move|p2b: Kingambit|Iron Head|p1a: Sylveon
|-activate|p1a: Sylveon|move: Protect
|
|-sideend|p2: natsukivgc|move: Tailwind
|upkeep
|turn|5
|inactive|CSQ17 has 30 seconds left.
|inactive|natsukivgc has 30 seconds left.
|inactive|CSQ17 has 20 seconds left.
|inactive|CSQ17 has 15 seconds left.
|
|t:|1785709530
|move|p2a: Whimsicott|Encore|p1a: Sylveon
|-start|p1a: Sylveon|Encore
|move|p1a: Sylveon|Protect|p1a: Sylveon
|-singleturn|p1a: Sylveon|Protect
|move|p1b: Garchomp|Stomping Tantrum|p2b: Kingambit
|-supereffective|p2b: Kingambit|1
|-damage|p2b: Kingambit|2/100
|-damage|p1b: Garchomp|14/100|[from] item: Life Orb
|move|p2b: Kingambit|Iron Head|p1b: Garchomp
|-damage|p1b: Garchomp|0 fnt
|-damage|p2b: Kingambit|0 fnt|[from] ability: Rough Skin|[of] p1b: Garchomp
|faint|p1b: Garchomp
|faint|p2b: Kingambit
|
|-sideend|p1: CSQ17|move: Tailwind
|upkeep
|
|t:|1785709544
|switch|p1b: Aerodactyl|Aerodactyl-Mega, L50, F|21/100
|switch|p2b: Basculegion|Basculegion, L50, M|100/100
|turn|6
|inactive|natsukivgc has 30 seconds left.
|
|t:|1785709574
|move|p1a: Sylveon|Protect|p1a: Sylveon
|-singleturn|p1a: Sylveon|Protect
|move|p2a: Whimsicott|Tailwind|p2a: Whimsicott
|-sidestart|p2: natsukivgc|move: Tailwind
|move|p2b: Basculegion|Last Respects|p1b: Aerodactyl
|-damage|p1b: Aerodactyl|0 fnt
|faint|p1b: Aerodactyl
|
|upkeep
|turn|7
|
|t:|1785709585
|move|p1a: Sylveon|Protect||[still]
|-fail|p1a: Sylveon
|move|p2b: Basculegion|Last Respects|p1a: Sylveon
|-damage|p1a: Sylveon|0 fnt
|faint|p1a: Sylveon
|
|win|natsukivgc
