|j|☆cooledoregon
|j|☆NotThinkingVGC
|html|cooledoregonNotThinkingVGC    
|uhtml|bestof|Game 1 of a best-of-3
|t:|1783522990
|gametype|doubles
|player|p1|cooledoregon|169|1283
|player|p2|NotThinkingVGC|volkner|1323
|gen|9
|tier|[Gen 9 Champions] VGC 2026 Reg M-B (Bo3)
|rated|
|rule|Species Clause: Limit one of each Pokémon
|rule|Item Clause: Limit 1 of each item
|clearpoke
|poke|p1|Rotom-Wash, L50|
|poke|p1|Sneasler, L50, M|
|poke|p1|Froslass, L50, F|
|poke|p1|Glimmora, L50, M|
|poke|p1|Incineroar, L50, M|
|poke|p1|Sceptile, L50, M|
|poke|p2|Delphox, L50, F|
|poke|p2|Incineroar, L50, F|
|poke|p2|Maushold-Four, L50|
|poke|p2|Sinistcha, L50|
|poke|p2|Sneasler, L50, M|
|poke|p2|Blastoise, L50, F|
|teampreview|4
|showteam|p1|Rotom-Wash||ChoiceScarf|Levitate|VoltSwitch,Electroweb,HydroPump,Discharge|Timid|||||50|]Sneasler||WhiteHerb|Unburden|FakeOut,DireClaw,CloseCombat,Protect|Jolly||M|||50|]Froslass||Froslassite|CursedBody|ShadowBall,Blizzard,AuroraVeil,Protect|Timid||F|||50|]Glimmora||FocusSash|ToxicDebris|PowerGem,EarthPower,SludgeBomb,SpikyShield|Timid||M|||50|]Incineroar||SitrusBerry|Intimidate|PartingShot,FakeOut,Snarl,FlareBlitz|Careful||M|||50|]Sceptile||Sceptilite|Overgrow|EarthPower,DragonPulse,GigaDrain,Protect|Timid||M|||50|
|showteam|p2|Delphox||Delphoxite|Blaze|HeatWave,Psychic,NastyPlot,Protect|Timid||F|||50|]Incineroar||PasshoBerry|Intimidate|ThroatChop,FlareBlitz,PartingShot,FakeOut|Impish||F|||50|]Maushold-Four||ChopleBerry|FriendGuard|FollowMe,Feint,HelpingHand,Protect|Impish|||||50|]Sinistcha||KasibBerry|Hospitality|Protect,MatchaGotcha,LifeDew,RagePowder|Bold|||||50|]Sneasler||FocusSash|PoisonTouch|PoisonJab,CloseCombat,FakeOut,QuickGuard|Jolly||M|||50|]Blastoise||Blastoisinite|RainDish|Protect,WaterSpout,DarkPulse,ShellSmash|Modest||F|||50|
|inactive|Battle timer is ON: inactive players will automatically lose when time's up. (requested by NotThinkingVGC)
|inactive|cooledoregon also wants the timer to be on.
|inactive|cooledoregon has 60 seconds left.
|inactive|NotThinkingVGC has 60 seconds left.
|inactive|NotThinkingVGC has 30 seconds left.
|
|t:|1783523059
|teamsize|p1|4
|teamsize|p2|4
|start
|switch|p1a: Marta|Sneasler, L50, M|100/100
|switch|p1b: O Motor|Rotom-Wash, L50|100/100
|switch|p2a: Incineroar|Incineroar, L50, F|100/100
|switch|p2b: Delphox|Delphox, L50, F|100/100
|-ability|p2a: Incineroar|Intimidate|boost
|-unboost|p1a: Marta|atk|1
|-unboost|p1b: O Motor|atk|1
|-enditem|p1a: Marta|White Herb
|-clearnegativeboost|p1a: Marta|[silent]
|turn|1
|
|t:|1783523083
|switch|p2a: Sneasler|Sneasler, L50, M|100/100
|detailschange|p2b: Delphox|Delphox-Mega, L50, F
|-mega|p2b: Delphox|Delphox|Delphoxite
|move|p2b: Delphox|Protect|p2b: Delphox
|-singleturn|p2b: Delphox|Protect
|move|p1a: Marta|Close Combat|p2a: Sneasler
|-resisted|p2a: Sneasler|1
|-damage|p2a: Sneasler|43/100
|-unboost|p1a: Marta|def|1
|-unboost|p1a: Marta|spd|1
|move|p1b: O Motor|Volt Switch|p2a: Sneasler
|-damage|p2a: Sneasler|3/100
|
|t:|1783523103
|switch|p1b: Froslass|Froslass, L50, F|100/100|[from] Volt Switch
|
|upkeep
|turn|2
|
|t:|1783523121
|switch|p1a: Incineroar|Incineroar, L50, M|100/100
|-ability|p1a: Incineroar|Intimidate|boost
|-unboost|p2a: Sneasler|atk|1
|-unboost|p2b: Delphox|atk|1
|detailschange|p1b: Froslass|Froslass-Mega, L50, F
|-mega|p1b: Froslass|Froslass|Froslassite
|-weather|Snowscape|[from] ability: Snow Warning|[of] p1b: Froslass
|move|p1b: Froslass|Protect|p1b: Froslass
|-singleturn|p1b: Froslass|Protect
|move|p2a: Sneasler|Fake Out|p1a: Incineroar
|-damage|p1a: Incineroar|92/100
|-status|p1a: Incineroar|psn|[from] ability: Poison Touch|[of] p2a: Sneasler
|move|p2b: Delphox|Heat Wave|p1b: Froslass|[spread] p1a
|-activate|p1b: Froslass|move: Protect
|-resisted|p1a: Incineroar|1
|-damage|p1a: Incineroar|77/100 psn
|
|-weather|Snowscape|[upkeep]
|-damage|p1a: Incineroar|64/100 psn|[from] psn
|upkeep
|turn|3
|
|t:|1783523137
|switch|p1b: O Motor|Rotom-Wash, L50|100/100
|move|p2b: Delphox|Protect|p2b: Delphox
|-singleturn|p2b: Delphox|Protect
|move|p2a: Sneasler|Close Combat|p1a: Incineroar
|-supereffective|p1a: Incineroar|1
|-damage|p1a: Incineroar|0 fnt
|-unboost|p2a: Sneasler|def|1
|-unboost|p2a: Sneasler|spd|1
|faint|p1a: Incineroar
|
|-weather|Snowscape|[upkeep]
|upkeep
|
|t:|1783523150
|switch|p1a: Froslass|Froslass-Mega, L50, F|100/100
|turn|4
|
|t:|1783523165
|switch|p2b: Incineroar|Incineroar, L50, F|100/100
|-ability|p2b: Incineroar|Intimidate|boost
|-unboost|p1a: Froslass|atk|1
|-unboost|p1b: O Motor|atk|1
|move|p1b: O Motor|Electroweb|p2b: Incineroar|[spread] p2a,p2b
|-damage|p2a: Sneasler|0 fnt
|-damage|p2b: Incineroar|84/100
|-unboost|p2b: Incineroar|spe|1
|faint|p2a: Sneasler
|move|p1a: Froslass|Shadow Ball|p2b: Incineroar
|-resisted|p2b: Incineroar|1
|-damage|p2b: Incineroar|65/100
|
|-weather|Snowscape|[upkeep]
|upkeep
|
|t:|1783523171
|switch|p2a: Delphox|Delphox-Mega, L50, F|100/100
|turn|5
|inactive|cooledoregon has 30 seconds left.
|
|t:|1783523199
|move|p1a: Froslass|Protect|p1a: Froslass
|-singleturn|p1a: Froslass|Protect
|move|p2b: Incineroar|Fake Out|p1b: O Motor
|-damage|p1b: O Motor|87/100
|cant|p1b: O Motor|flinch
|move|p2a: Delphox|Nasty Plot|p2a: Delphox
|-boost|p2a: Delphox|spa|2
|
|-weather|Snowscape|[upkeep]
|upkeep
|turn|6
|inactive|cooledoregon has 30 seconds left.
|inactive|NotThinkingVGC has 30 seconds left.
|inactive|NotThinkingVGC has 20 seconds left.
|inactive|NotThinkingVGC has 15 seconds left.
|
|t:|1783523240
|move|p2a: Delphox|Protect|p2a: Delphox
|-singleturn|p2a: Delphox|Protect
|move|p1b: O Motor|Electroweb|p2b: Incineroar|[spread] p2b
|-activate|p2a: Delphox|move: Protect
|-damage|p2b: Incineroar|50/100g
|-unboost|p2b: Incineroar|spe|1
|move|p1a: Froslass|Blizzard|p2b: Incineroar|[spread] p2b
|-activate|p2a: Delphox|move: Protect
|-resisted|p2b: Incineroar|1
|-damage|p2b: Incineroar|30/100
|move|p2b: Incineroar|Parting Shot|p1a: Froslass
|-unboost|p1a: Froslass|atk|1
|-unboost|p1a: Froslass|spa|1
|
|t:|1783523241
|switch|p2b: Sinistcha|Sinistcha, L50|100/100|[from] Parting Shot
|
|-weather|none
|upkeep
|turn|7
|
|t:|1783523258
|move|p2b: Sinistcha|Rage Powder|p2b: Sinistcha
|-singleturn|p2b: Sinistcha|move: Rage Powder
|move|p1b: O Motor|Electroweb|p2b: Sinistcha|[spread] p2a,p2b
|-resisted|p2b: Sinistcha|1
|-damage|p2a: Delphox|85/100
|-damage|p2b: Sinistcha|91/100
|-unboost|p2a: Delphox|spe|1
|-unboost|p2b: Sinistcha|spe|1
|move|p1a: Froslass|Blizzard|p2b: Sinistcha|[spread] p2b
|-miss|p1a: Froslass|p2a: Delphox
|-supereffective|p2b: Sinistcha|1
|-damage|p2b: Sinistcha|30/100
|move|p2a: Delphox|Psychic|p1b: O Motor
|-damage|p1b: O Motor|0 fnt
|faint|p1b: O Motor
|
|upkeep
|
|t:|1783523271
|switch|p1b: Marta|Sneasler, L50, M|100/100
|turn|8
|
|t:|1783523290
|move|p2a: Delphox|Protect|p2a: Delphox
|-singleturn|p2a: Delphox|Protect
|move|p2b: Sinistcha|Protect|p2b: Sinistcha
|-singleturn|p2b: Sinistcha|Protect
|move|p1a: Froslass|Shadow Ball|p2a: Delphox
|-activate|p2a: Delphox|move: Protect
|move|p1b: Marta|Close Combat|p2b: Sinistcha
|-activate|p2b: Sinistcha|move: Protect
|
|upkeep
|turn|9
|
|t:|1783523305
|move|p2b: Sinistcha|Rage Powder|p2b: Sinistcha
|-singleturn|p2b: Sinistcha|move: Rage Powder
|move|p1a: Froslass|Shadow Ball|p2b: Sinistcha
|-supereffective|p2b: Sinistcha|1
|-enditem|p2b: Sinistcha|Kasib Berry|[eat]
|-enditem|p2b: Sinistcha|Kasib Berry|[weaken]
|-damage|p2b: Sinistcha|2/100
|move|p1b: Marta|Dire Claw|p2b: Sinistcha
|-damage|p2b: Sinistcha|0 fnt
|faint|p2b: Sinistcha
|move|p2a: Delphox|Heat Wave|p1a: Froslass|[spread] p1a,p1b
|-supereffective|p1a: Froslass|1
|-damage|p1a: Froslass|0 fnt
|-damage|p1b: Marta|0 fnt
|faint|p1a: Froslass
|faint|p1b: Marta
|
|win|NotThinkingVGC
