|j|☆soap858
|j|☆dracojackson
|html|soap858dracojackson    
|uhtml|bestof|Game 3 of a best-of-3
|t:|1754312069
|gametype|doubles
|player|p1|soap858|101|1237
|player|p2|dracojackson|veteranf|1335
|gen|9
|tier|[Gen 9] VGC 2025 Reg H (Bo3)
|rated|
|rule|Species Clause: Limit one of each Pokémon
|rule|Item Clause: Limit 1 of each item
|clearpoke
|poke|p1|Torkoal, L50, M|
|poke|p1|Ursaluna, L50, F|
|poke|p1|Indeedee-F, L50, F|
|poke|p1|Dragapult, L50, M|
|poke|p1|Armarouge, L50, F|
|poke|p1|Sneasler, L50, F|
|poke|p2|Kommo-o, L50, M|
|poke|p2|Rillaboom, L50, F|
|poke|p2|Clefairy, L50, M|
|poke|p2|Gyarados, L50, M|
|poke|p2|Kingambit, L50, M|
|poke|p2|Sneasler, L50, M|
|teampreview|4
|showteam|p1|Torkoal||Charcoal|Drought|Protect,Eruption,Flamethrower,EarthPower|||M|||50|,,,,,Fire]Ursaluna||FlameOrb|Guts|Facade,Earthquake,HeadlongRush,Protect|||F|||50|,,,,,Ghost]Indeedee-F||SitrusBerry|PsychicSurge|DazzlingGleam,FollowMe,HelpingHand,TrickRoom|||F|||50|,,,,,Fairy]Dragapult||ChoiceBand|ClearBody|DragonDarts,PhantomForce,Uturn,SuckerPunch|||M|||50|,,,,,Dragon]Armarouge||LifeOrb|FlashFire|Protect,ExpandingForce,ArmorCannon,TrickRoom|||F|||50|,,,,,Grass]Sneasler||PsychicSeed|Unburden|Protect,DireClaw,CloseCombat,ThroatChop|||F|||50|,,,,,Dark
|showteam|p2|Kommo-o||ThroatSpray|Overcoat|Protect,ClangingScales,ClangorousSoul,Flamethrower|||M|||50|,,,,,Fire]Rillaboom||AssaultVest|GrassySurge|FakeOut,WoodHammer,GrassyGlide,Uturn|||F|||50|,,,,,Fire]Clefairy||Eviolite|FriendGuard|FollowMe,HelpingHand,Protect,LifeDew|||M|||50|,,,,,Grass]Gyarados||CovertCloak|Intimidate|Waterfall,Taunt,IronHead,ThunderWave|||M|||50|,,,,,Fairy]Kingambit||BlackGlasses|Defiant|KowtowCleave,SuckerPunch,IronHead,Protect|||M|||50|,,,,,Ghost]Sneasler||GrassySeed|Unburden|FakeOut,CloseCombat,DireClaw,Coaching|||M|||50|,,,,,Ghost
|inactive|Battle timer is ON: inactive players will automatically lose when time's up. (requested by soap858)
|
|t:|1754312101
|teamsize|p1|4
|teamsize|p2|4
|start
|switch|p1a: Armarouge|Armarouge, L50, F|100/100
|switch|p1b: Dragapult|Dragapult, L50, M|100/100
|switch|p2a: Craig|Sneasler, L50, M|100/100
|switch|p2b: Gyarados|Gyarados, L50, M, shiny|100/100
|-ability|p2b: Gyarados|Intimidate|boost
|-unboost|p1a: Armarouge|atk|1
|-fail|p1b: Dragapult|unboost|[from] ability: Clear Body|[of] p1b: Dragapult
|turn|1
|
|t:|1754312124
|-terastallize|p1b: Dragapult|Dragon
|move|p1a: Armarouge|Protect|p1a: Armarouge
|-singleturn|p1a: Armarouge|Protect
|move|p1b: Dragapult|Dragon Darts|p2a: Craig
|-damage|p2a: Craig|13/100
|-anim|p1b: Dragapult|Dragon Darts|p2b: Gyarados
|-damage|p2b: Gyarados|47/100
|move|p2a: Craig|Dire Claw|p1a: Armarouge
|-activate|p1a: Armarouge|move: Protect
|move|p2b: Gyarados|Thunder Wave|p1b: Dragapult
|-status|p1b: Dragapult|par
|
|upkeep
|turn|2
|
|t:|1754312146
|switch|p1a: Sneasler|Sneasler, L50, F|100/100
|move|p2a: Craig|Coaching|p2b: Gyarados
|-boost|p2b: Gyarados|atk|1
|-boost|p2b: Gyarados|def|1
|move|p1b: Dragapult|Dragon Darts|p2a: Craig
|-damage|p2a: Craig|0 fnt
|-anim|p1b: Dragapult|Dragon Darts|p2b: Gyarados
|-damage|p2b: Gyarados|16/100
|faint|p2a: Craig
|move|p2b: Gyarados|Waterfall|p1a: Sneasler
|-damage|p1a: Sneasler|1/100
|
|upkeep
|
|t:|1754312155
|switch|p2a: AJ|Rillaboom, L50, F, shiny|100/100
|-fieldstart|move: Grassy Terrain|[from] ability: Grassy Surge|[of] p2a: AJ
|turn|3
|inactive|soap858 has 30 seconds left.
|inactive|dracojackson has 30 seconds left.
|inactive|soap858 has 20 seconds left.
|
|t:|1754312193
|switch|p1a: Indeedee|Indeedee-F, L50, F|100/100
|-fieldstart|move: Psychic Terrain|[from] ability: Psychic Surge|[of] p1a: Indeedee
|move|p2a: AJ|U-turn|p1a: Indeedee
|-supereffective|p1a: Indeedee
|-damage|p1a: Indeedee|54/100
|
|t:|1754312199
|switch|p2a: Jackson|Kingambit, L50, M|100/100|[from] U-turn
|move|p1b: Dragapult|Dragon Darts|p2a: Jackson
|-resisted|p2a: Jackson
|-damage|p2a: Jackson|82/100
|-anim|p1b: Dragapult|Dragon Darts|p2b: Gyarados
|-damage|p2b: Gyarados|0 fnt
|faint|p2b: Gyarados
|
|upkeep
|
|t:|1754312201
|switch|p2b: AJ|Rillaboom, L50, F, shiny|100/100
|-fieldstart|move: Grassy Terrain|[from] ability: Grassy Surge|[of] p2b: AJ
|turn|4
|
|t:|1754312225
|switch|p1a: Sneasler|Sneasler, L50, F|1/100
|move|p2b: AJ|Fake Out|p1b: Dragapult
|-damage|p1b: Dragapult|81/100 par
|cant|p1b: Dragapult|flinch
|move|p2a: Jackson|Kowtow Cleave|p1a: Sneasler
|-resisted|p1a: Sneasler
|-damage|p1a: Sneasler|0 fnt
|faint|p1a: Sneasler
|
|-heal|p1b: Dragapult|87/100 par|[from] Grassy Terrain
|-heal|p2a: Jackson|87/100|[from] Grassy Terrain
|upkeep
|
|t:|1754312240
|switch|p1a: Armarouge|Armarouge, L50, F|100/100
|turn|5
|inactive|dracojackson has 30 seconds left.
|
|t:|1754312267
|-terastallize|p2a: Jackson|Ghost
|move|p2b: AJ|U-turn|p1a: Armarouge
|-damage|p1a: Armarouge|78/100
|move|p1b: Dragapult|Dragon Darts|p2a: Jackson
|-damage|p2a: Jackson|51/100
|-anim|p1b: Dragapult|Dragon Darts|p2b: AJ
|-damage|p2b: AJ|51/100
|move|p1a: Armarouge|Armor Cannon|p2a: Jackson
|-damage|p2a: Jackson|0 fnt
|-unboost|p1a: Armarouge|def|1
|-unboost|p1a: Armarouge|spd|1
|faint|p2a: Jackson
|-damage|p1a: Armarouge|68/100|[from] item: Life Orb
|
|-heal|p2b: AJ|57/100|[from] Grassy Terrain
|-heal|p1b: Dragapult|93/100 par|[from] Grassy Terrain
|-heal|p1a: Armarouge|74/100|[from] Grassy Terrain
|upkeep
|turn|6
|inactive|soap858 has 30 seconds left.
|
|t:|1754312295
|switch|p1a: Indeedee|Indeedee-F, L50, F|54/100
|-fieldstart|move: Psychic Terrain|[from] ability: Psychic Surge|[of] p1a: Indeedee
|move|p2b: AJ|Wood Hammer|p1a: Indeedee
|-damage|p1a: Indeedee|0 fnt
|faint|p1a: Indeedee
|-damage|p2b: AJ|42/100|[from] Recoil
|move|p1b: Dragapult|Dragon Darts|p2b: AJ
|-damage|p2b: AJ|0 fnt
|faint|p2b: AJ
|
|win|soap858
|raw|soap858's rating: 1237 → 1269(+32 for winning)
|raw|dracojackson's rating: 1335 → 1310(-25 for losing)
|c|☆soap858|Gg
