|j|☆teyvgc
|j|☆B0mb3r6969
|html|teyvgcB0mb3r6969    
|uhtml|bestof|Game 2 of a best-of-3
|t:|1782584419
|gametype|doubles
|player|p1|teyvgc|1|1122
|player|p2|B0mb3r6969|cynthia-gen4|1089
|gen|9
|tier|[Gen 9 Champions] VGC 2026 Reg M-B (Bo3)
|rated|
|rule|Species Clause: Limit one of each Pokémon
|rule|Item Clause: Limit 1 of each item
|clearpoke
|poke|p1|Houndstone, L50, F|
|poke|p1|Tyranitar, L50, M|
|poke|p1|Incineroar, L50, M|
|poke|p1|Farigiraf, L50, F, shiny|
|poke|p1|Garchomp, L50, M, shiny|
|poke|p1|Corviknight, L50, M|
|poke|p2|Tsareena, L50, F|
|poke|p2|Toxapex, L50, M|
|poke|p2|Delphox, L50, F|
|poke|p2|Swampert, L50, F|
|poke|p2|Staraptor, L50, F|
|poke|p2|Grimmsnarl, L50, M|
|teampreview|4
|showteam|p1|Houndstone||FocusSash|SandRush|PsychicFangs,StompingTantrum,LastRespects,Protect|Adamant||F|||50|]Tyranitar||Tyranitarite|SandStream|RockSlide,KnockOff,LowKick,Protect|Adamant||M|||50|]Incineroar||PasshoBerry|Intimidate|FlareBlitz,DarkestLariat,FakeOut,PartingShot|Adamant||M|||50|]Farigiraf||TwistedSpoon|ArmorTail|HyperVoice,TwinBeam,TrickRoom,HelpingHand|Quiet||F|||50|]Garchomp||Garchompite|RoughSkin|StompingTantrum,DragonClaw,RockSlide,Protect|Adamant||M|||50|]Corviknight||Leftovers|MirrorArmor|BraveBird,IronHead,Tailwind,Roost|Careful||M|||50|
|showteam|p2|Tsareena||FocusSash|QueenlyMajesty|TropKick,TripleAxel,Taunt,Protect|Adamant||F|||50|]Toxapex||Leftovers|Regenerator|BanefulBunker,Hex,Recover,Toxic|Sassy||M|||50|]Delphox||Delphoxite|Blaze|Protect,DazzlingGleam,ScorchingSands,HeatWave|Timid||F|||50|]Swampert||RindoBerry|Damp|HighHorsepower,IcePunch,Liquidation,PoisonJab|Adamant||F|||50|]Staraptor||Staraptite|Intimidate|CloseCombat,Roost,BraveBird,Protect|Adamant||F|||50|]Grimmsnarl||LightClay|Prankster|Crunch,LightScreen,Reflect,PartingShot|Impish||M|||50|
|inactive|Battle timer is ON: inactive players will automatically lose when time's up. (requested by B0mb3r6969)
|
|t:|1782584439
|teamsize|p1|4
|teamsize|p2|4
|start
|switch|p1a: ShePartingOnMyShot|Incineroar, L50, M|100/100
|switch|p1b: Far Far Away|Farigiraf, L50, F, shiny|100/100
|switch|p2a: Staraptor|Staraptor, L50, F|100/100
|switch|p2b: Grimmsnarl|Grimmsnarl, L50, M|100/100
|-ability|p2a: Staraptor|Intimidate|boost
|-unboost|p1a: ShePartingOnMyShot|atk|1
|-unboost|p1b: Far Far Away|atk|1
|-ability|p1a: ShePartingOnMyShot|Intimidate|boost
|-unboost|p2a: Staraptor|atk|1
|-unboost|p2b: Grimmsnarl|atk|1
|turn|1
|inactive|B0mb3r6969 has 30 seconds left.
|
|t:|1782584469
|move|p2a: Staraptor|Protect|p2a: Staraptor
|-singleturn|p2a: Staraptor|Protect
|move|p1a: ShePartingOnMyShot|Fake Out|p2a: Staraptor
|-activate|p2a: Staraptor|move: Protect
|move|p2b: Grimmsnarl|Crunch|p1b: Far Far Away
|-supereffective|p1b: Far Far Away|1
|-damage|p1b: Far Far Away|55/100
|-unboost|p1b: Far Far Away|def|1
|move|p1b: Far Far Away|Twin Beam|p2a: Staraptor
|-activate|p2a: Staraptor|move: Protect
|
|upkeep
|turn|2
|
|t:|1782584485
|switch|p2a: Swampert|Swampert, L50, F|100/100
|switch|p1b: SpookyZoomies|Houndstone, L50, F|100/100
|move|p1a: ShePartingOnMyShot|Parting Shot|p2b: Grimmsnarl
|-unboost|p2b: Grimmsnarl|atk|1
|-unboost|p2b: Grimmsnarl|spa|1
|
|t:|1782584509
|switch|p1a: BERT|Tyranitar, L50, M|100/100|[from] Parting Shot
|-weather|Sandstorm|[from] ability: Sand Stream|[of] p1a: BERT
|move|p2b: Grimmsnarl|Crunch|p1b: SpookyZoomies
|-supereffective|p1b: SpookyZoomies|1
|-damage|p1b: SpookyZoomies|61/100
|
|-weather|Sandstorm|[upkeep]
|-damage|p2b: Grimmsnarl|94/100|[from] Sandstorm
|upkeep
|turn|3
|inactive|teyvgc has 30 seconds left.
|
|t:|1782584539
|detailschange|p1a: BERT|Tyranitar-Mega, L50, M
|-mega|p1a: BERT|Tyranitar|Tyranitarite
|move|p1b: SpookyZoomies|Protect|p1b: SpookyZoomies
|-singleturn|p1b: SpookyZoomies|Protect
|move|p2b: Grimmsnarl|Reflect|p2b: Grimmsnarl
|-sidestart|p2: B0mb3r6969|Reflect
|move|p2a: Swampert|Liquidation|p1a: BERT
|-supereffective|p1a: BERT|1
|-damage|p1a: BERT|47/100
|move|p1a: BERT|Rock Slide|p2b: Grimmsnarl|[spread] p2a,p2b
|-resisted|p2a: Swampert|1
|-damage|p2a: Swampert|85/100
|-damage|p2b: Grimmsnarl|68/100
|
|-weather|Sandstorm|[upkeep]
|-damage|p2b: Grimmsnarl|62/100|[from] Sandstorm
|upkeep
|turn|4
|
|t:|1782584562
|switch|p1a: ShePartingOnMyShot|Incineroar, L50, M|100/100
|-ability|p1a: ShePartingOnMyShot|Intimidate|boost
|-unboost|p2a: Swampert|atk|1
|-unboost|p2b: Grimmsnarl|atk|1
|move|p2b: Grimmsnarl|Parting Shot|p1b: SpookyZoomies
|-unboost|p1b: SpookyZoomies|atk|1
|-unboost|p1b: SpookyZoomies|spa|1
|
|t:|1782584569
|switch|p2b: Staraptor|Staraptor, L50, F|100/100|[from] Parting Shot
|-ability|p2b: Staraptor|Intimidate|boost
|-unboost|p1a: ShePartingOnMyShot|atk|1
|-unboost|p1b: SpookyZoomies|atk|1
|move|p1b: SpookyZoomies|Psychic Fangs|p2a: Swampert
|-sideend|p2: B0mb3r6969|Reflect
|-damage|p2a: Swampert|71/100
|move|p2a: Swampert|Liquidation|p1a: ShePartingOnMyShot
|-supereffective|p1a: ShePartingOnMyShot|1
|-enditem|p1a: ShePartingOnMyShot|Passho Berry|[eat]
|-enditem|p1a: ShePartingOnMyShot|Passho Berry|[weaken]
|-damage|p1a: ShePartingOnMyShot|69/100
|
|-weather|Sandstorm|[upkeep]
|-damage|p2b: Staraptor|93/100|[from] Sandstorm
|-damage|p1a: ShePartingOnMyShot|63/100|[from] Sandstorm
|upkeep
|turn|5
|
|t:|1782584593
|switch|p1b: Far Far Away|Farigiraf, L50, F, shiny|55/100
|detailschange|p2b: Staraptor|Staraptor-Mega, L50, F
|-mega|p2b: Staraptor|Staraptor|Staraptite
|move|p1a: ShePartingOnMyShot|Fake Out|p2b: Staraptor
|-crit|p2b: Staraptor
|-damage|p2b: Staraptor|72/100
|cant|p2b: Staraptor|flinch
|move|p2a: Swampert|Liquidation|p1b: Far Far Away
|-damage|p1b: Far Far Away|27/100
|
|-weather|Sandstorm|[upkeep]
|-damage|p2b: Staraptor|66/100|[from] Sandstorm
|-damage|p1a: ShePartingOnMyShot|57/100|[from] Sandstorm
|-damage|p1b: Far Far Away|21/100|[from] Sandstorm
|upkeep
|turn|6
|
|t:|1782584610
|move|p2b: Staraptor|Close Combat|p1a: ShePartingOnMyShot
|-supereffective|p1a: ShePartingOnMyShot|1
|-damage|p1a: ShePartingOnMyShot|0 fnt
|-boost|p2b: Staraptor|def|1
|-boost|p2b: Staraptor|spd|1
|faint|p1a: ShePartingOnMyShot
|move|p2a: Swampert|High Horsepower|p1b: Far Far Away
|-damage|p1b: Far Far Away|0 fnt
|faint|p1b: Far Far Away
|
|-weather|none
|upkeep
|
|t:|1782584615
|switch|p1a: BERT|Tyranitar-Mega, L50, M|47/100
|switch|p1b: SpookyZoomies|Houndstone, L50, F|61/100
|-weather|Sandstorm|[from] ability: Sand Stream|[of] p1a: BERT
|turn|7
|
|t:|1782584633
|move|p1a: BERT|Protect|p1a: BERT
|-singleturn|p1a: BERT|Protect
|move|p1b: SpookyZoomies|Last Respects|p2a: Swampert
|-damage|p2a: Swampert|0 fnt
|faint|p2a: Swampert
|move|p2b: Staraptor|Close Combat|p1a: BERT
|-activate|p1a: BERT|move: Protect
|
|-weather|Sandstorm|[upkeep]
|-damage|p2b: Staraptor|59/100|[from] Sandstorm
|upkeep
|inactive|B0mb3r6969 has 30 seconds left.
|inactive|B0mb3r6969 has 20 seconds left.
|inactive|B0mb3r6969 has 15 seconds left.
|inactive|B0mb3r6969 has 10 seconds left.
|
|t:|1782584682
|switch|p2a: Grimmsnarl|Grimmsnarl, L50, M|62/100
|turn|8
|
|t:|1782584706
|move|p2a: Grimmsnarl|Reflect|p2a: Grimmsnarl
|-sidestart|p2: B0mb3r6969|Reflect
|move|p1b: SpookyZoomies|Stomping Tantrum|p2a: Grimmsnarl
|-damage|p2a: Grimmsnarl|45/100
|move|p2b: Staraptor|Close Combat|p1a: BERT
|-supereffective|p1a: BERT|2
|-damage|p1a: BERT|0 fnt
|-boost|p2b: Staraptor|def|1
|-boost|p2b: Staraptor|spd|1
|faint|p1a: BERT
|
|-weather|Sandstorm|[upkeep]
|-damage|p2b: Staraptor|53/100|[from] Sandstorm
|-damage|p2a: Grimmsnarl|40/100|[from] Sandstorm
|upkeep
|turn|9
|-message|teyvgc forfeited.
|
|win|B0mb3r6969
|raw|teyvgc's rating: 1122 → 1095(-27 for losing)
|raw|B0mb3r6969's rating: 1089 → 1118(+29 for winning)
