|j|☆Jakobtc
|j|☆InTheTemple
|html|JakobtcInTheTemple    
|uhtml|bestof|Game 2 of a best-of-3
|t:|1757700186
|gametype|doubles
|player|p1|Jakobtc|riley|1171
|player|p2|InTheTemple|pokemonranger-gen4|1190
|gen|9
|tier|[Gen 9] VGC 2025 Reg H (Bo3)
|rated|
|rule|Species Clause: Limit one of each Pokémon
|rule|Item Clause: Limit 1 of each item
|clearpoke
|poke|p1|Drifblim, L50, F|
|poke|p1|Indeedee, L50, M|
|poke|p1|Arcanine-Hisui, L50, M|
|poke|p1|Garchomp, L50, M|
|poke|p1|Amoonguss, L50, M|
|poke|p1|Primarina, L50, F|
|poke|p2|Amoonguss, L50, F|
|poke|p2|Incineroar, L50, M|
|poke|p2|Porygon2, L50|
|poke|p2|Ursaluna, L50, M|
|poke|p2|Hydreigon, L50, F|
|poke|p2|Annihilape, L50, M|
|teampreview|4
|showteam|p1|Drifblim||PsychicSeed|Unburden|Tailwind,StrengthSap,WillOWisp,Acrobatics|||F|||50|,,,,,Grass]Indeedee||FocusSash|PsychicSurge|ExpandingForce,TeraBlast,SkillSwap,Protect|||M|||50|,,,,,Fighting]Arcanine-Hisui||ChoiceBand|Intimidate|RockSlide,FlareBlitz,ExtremeSpeed,CloseCombat|||M|||50|,,,,,Grass]Garchomp||LifeOrb|RoughSkin|StompingTantrum,DragonClaw,Earthquake,Protect|||M|||50|,,,,,Ground]Amoonguss||SitrusBerry|Regenerator|Spore,LeafStorm,RagePowder,Protect|||M|||50|,,,,,Water]Primarina||MysticWater|LiquidVoice|HyperVoice,Moonblast,Haze,Protect|||F|||50|,,,,,Steel
|showteam|p2|Amoonguss||SitrusBerry|Regenerator|ClearSmog,PollenPuff,Spore,RagePowder|||F|||50|,,,,,Water]Incineroar||AssaultVest|Intimidate|FakeOut,KnockOff,FlareBlitz,Uturn|||M|||50|,,,,,Grass]Porygon2||Eviolite|Download|TeraBlast,IceBeam,Recover,TrickRoom||||||50|,,,,,Fighting]Ursaluna||FlameOrb|Guts|Facade,HeadlongRush,Earthquake,Protect|||M|||50|,,,,,Fairy]Hydreigon||SafetyGoggles|Levitate|DracoMeteor,Snarl,Taunt,Protect|||F|||50|,,,,,Ghost]Annihilape||FocusSash|Defiant|CloseCombat,RageFist,BrickBreak,Coaching|||M|||50|,,,,,Fire
|inactive|Battle timer is ON: inactive players will automatically lose when time's up. (requested by Jakobtc)
|
|t:|1757700217
|teamsize|p1|4
|teamsize|p2|4
|start
|switch|p1a: Garchomp|Garchomp, L50, M|100/100
|switch|p1b: Indeedee|Indeedee, L50, M|100/100
|switch|p2a: Annihilape|Annihilape, L50, M|100/100
|switch|p2b: Ursaluna|Ursaluna, L50, M|100/100
|-fieldstart|move: Psychic Terrain|[from] ability: Psychic Surge|[of] p1b: Indeedee
|turn|1
|
|t:|1757700239
|move|p1a: Garchomp|Dragon Claw|p2a: Annihilape
|-damage|p2a: Annihilape|42/100
|-damage|p1a: Garchomp|91/100|[from] item: Life Orb
|move|p1b: Indeedee|Expanding Force|p2a: Annihilape|[spread] p2a,p2b
|-supereffective|p2a: Annihilape
|-damage|p2a: Annihilape|0 fnt
|-damage|p2b: Ursaluna|59/100
|faint|p2a: Annihilape
|move|p2b: Ursaluna|Facade|p1b: Indeedee
|-damage|p1b: Indeedee|25/100
|
|-status|p2b: Ursaluna|brn|[from] item: Flame Orb
|upkeep
|
|t:|1757700244
|switch|p2a: Porygon2|Porygon2, L50|100/100
|-ability|p2a: Porygon2|Download|boost
|-boost|p2a: Porygon2|atk|1
|turn|2
|
|t:|1757700263
|-terastallize|p1b: Indeedee|Fighting
|move|p2b: Ursaluna|Protect|p2b: Ursaluna
|-singleturn|p2b: Ursaluna|Protect
|move|p1a: Garchomp|Stomping Tantrum|p2a: Porygon2
|-damage|p2a: Porygon2|72/100
|-damage|p1a: Garchomp|81/100|[from] item: Life Orb
|move|p1b: Indeedee|Tera Blast|p2a: Porygon2|[anim] Tera Blast Fighting
|-supereffective|p2a: Porygon2
|-damage|p2a: Porygon2|22/100
|move|p2a: Porygon2|Trick Room|p2a: Porygon2
|-fieldstart|move: Trick Room|[of] p2a: Porygon2
|
|-damage|p2b: Ursaluna|53/100 brn|[from] brn
|upkeep
|turn|3
|
|t:|1757700289
|switch|p1b: Amoonguss|Amoonguss, L50, M|100/100
|switch|p1a: Arcanine|Arcanine-Hisui, L50, M|100/100
|-ability|p1a: Arcanine|Intimidate|boost
|-unboost|p2a: Porygon2|atk|1
|-unboost|p2b: Ursaluna|atk|1
|move|p2b: Ursaluna|Facade|p1b: Amoonguss
|-damage|p1b: Amoonguss|36/100
|-enditem|p1b: Amoonguss|Sitrus Berry|[eat]
|-heal|p1b: Amoonguss|61/100|[from] item: Sitrus Berry
|move|p2a: Porygon2|Ice Beam|p1a: Arcanine
|-resisted|p1a: Arcanine
|-crit|p1a: Arcanine
|-damage|p1a: Arcanine|76/100
|
|-damage|p2b: Ursaluna|47/100 brn|[from] brn
|upkeep
|turn|4
|inactive|Jakobtc has 30 seconds left.
|
|t:|1757700321
|switch|p2a: Amoonguss|Amoonguss, L50, F|100/100
|move|p1a: Arcanine|Extreme Speed|p2a: Amoonguss
|-activate|p2a: Amoonguss|move: Psychic Terrain
|move|p2b: Ursaluna|Earthquake|p1b: Amoonguss|[spread] p2a,p1a,p1b
|-supereffective|p1a: Arcanine
|-damage|p2a: Amoonguss|65/100
|-damage|p1a: Arcanine|0 fnt
|-damage|p1b: Amoonguss|29/100
|faint|p1a: Arcanine
|move|p1b: Amoonguss|Leaf Storm|p2b: Ursaluna
|-supereffective|p2b: Ursaluna
|-damage|p2b: Ursaluna|0 fnt
|-unboost|p1b: Amoonguss|spa|2
|faint|p2b: Ursaluna
|
|upkeep
|
|t:|1757700342
|switch|p2b: Porygon2|Porygon2, L50|22/100
|switch|p1a: Indeedee|Indeedee, L50, M, tera:Fighting|25/100
|-ability|p2b: Porygon2|Download|boost
|-boost|p2b: Porygon2|atk|1
|turn|5
|
|t:|1757700366
|switch|p1b: Garchomp|Garchomp, L50, M|81/100
|-terastallize|p2a: Amoonguss|Water
|move|p1a: Indeedee|Protect|p1a: Indeedee
|-singleturn|p1a: Indeedee|Protect
|move|p2a: Amoonguss|Pollen Puff|p1a: Indeedee
|-activate|p1a: Indeedee|move: Protect
|move|p2b: Porygon2|Recover|p2b: Porygon2
|-heal|p2b: Porygon2|72/100
|
|-fieldend|move: Psychic Terrain
|upkeep
|turn|6
|
|t:|1757700378
|switch|p1a: Amoonguss|Amoonguss, L50, M|62/100
|move|p1b: Garchomp|Protect|p1b: Garchomp
|-singleturn|p1b: Garchomp|Protect
|move|p2a: Amoonguss|Spore|p1b: Garchomp
|-activate|p1b: Garchomp|move: Protect
|move|p2b: Porygon2|Ice Beam|p1a: Amoonguss
|-supereffective|p1a: Amoonguss
|-damage|p1a: Amoonguss|20/100
|
|-fieldend|move: Trick Room
|upkeep
|turn|7
|
|t:|1757700398
|move|p1b: Garchomp|Dragon Claw|p2a: Amoonguss
|-damage|p2a: Amoonguss|20/100
|-enditem|p2a: Amoonguss|Sitrus Berry|[eat]
|-heal|p2a: Amoonguss|45/100|[from] item: Sitrus Berry
|-damage|p1b: Garchomp|71/100|[from] item: Life Orb
|move|p2b: Porygon2|Ice Beam|p1a: Amoonguss
|-supereffective|p1a: Amoonguss
|-damage|p1a: Amoonguss|0 fnt
|faint|p1a: Amoonguss
|move|p2a: Amoonguss|Spore|p1b: Garchomp
|-status|p1b: Garchomp|slp|[from] move: Spore
|
|upkeep
|
|t:|1757700409
|switch|p1a: Indeedee|Indeedee, L50, M, tera:Fighting|25/100
|-fieldstart|move: Psychic Terrain|[from] ability: Psychic Surge|[of] p1a: Indeedee
|turn|8
|inactive|Jakobtc has 30 seconds left.
|
|t:|1757700438
|cant|p1b: Garchomp|slp
|move|p1a: Indeedee|Expanding Force|p2b: Porygon2|[spread] p2a,p2b
|-damage|p2a: Amoonguss|2/100
|-damage|p2b: Porygon2|36/100
|move|p2a: Amoonguss|Spore|p1a: Indeedee
|-status|p1a: Indeedee|slp|[from] move: Spore
|move|p2b: Porygon2|Trick Room|p2b: Porygon2
|-fieldstart|move: Trick Room|[of] p2b: Porygon2
|
|upkeep
|turn|9
|
|t:|1757700447
|cant|p1a: Indeedee|slp
|cant|p1b: Garchomp|slp
|move|p2a: Amoonguss|Pollen Puff|p2b: Porygon2
|-heal|p2b: Porygon2|86/100
|move|p2b: Porygon2|Ice Beam|p1b: Garchomp
|-supereffective|p1b: Garchomp
|-damage|p1b: Garchomp|0 fnt
|faint|p1b: Garchomp
|
|upkeep
|turn|10
|
|t:|1757700457
|-curestatus|p1a: Indeedee|slp|[msg]
|move|p1a: Indeedee|Protect|p1a: Indeedee
|-singleturn|p1a: Indeedee|Protect
|move|p2a: Amoonguss|Pollen Puff|p2b: Porygon2
|-heal|p2b: Porygon2|100/100
|move|p2b: Porygon2|Ice Beam|p1a: Indeedee
|-activate|p1a: Indeedee|move: Protect
|
|upkeep
|turn|11
|
|t:|1757700473
|move|p2a: Amoonguss|Spore|p1a: Indeedee
|-status|p1a: Indeedee|slp|[from] move: Spore
|move|p2b: Porygon2|Ice Beam|p1a: Indeedee
|-damage|p1a: Indeedee|0 fnt
|faint|p1a: Indeedee
|
|win|InTheTemple
|raw|Jakobtc's rating: 1171 → 1147(-24 for losing)
|raw|InTheTemple's rating: 1190 → 1214(+24 for winning)
