|j|☆toast88d
|j|☆lettitripppp
|html|toast88dlettitripppp    
|uhtml|bestof|Game 1 of a best-of-3
|t:|1785187691
|gametype|doubles
|player|p1|toast88d|veteran-gen4|1117
|player|p2|lettitripppp|lucas|1246
|gen|9
|tier|[Gen 9 Champions] VGC 2026 Reg M-B (Bo3)
|rated|
|rule|Species Clause: Limit one of each Pokémon
|rule|Item Clause: Limit 1 of each item
|clearpoke
|poke|p1|Staraptor, L50, M, shiny|
|poke|p1|Whimsicott, L50, M, shiny|
|poke|p1|Basculegion, L50, M|
|poke|p1|Grimmsnarl, L50, M|
|poke|p1|Farigiraf, L50, M|
|poke|p1|Gholdengo, L50|
|poke|p2|Charizard, L50, M|
|poke|p2|Floette-Eternal, L50, F|
|poke|p2|Basculegion, L50, M|
|poke|p2|Whimsicott, L50, F, shiny|
|poke|p2|Garchomp, L50, M|
|poke|p2|Kingambit, L50, M, shiny|
|teampreview|4
|showteam|p1|Staraptor||Staraptite|Intimidate|CloseCombat,BraveBird,Roost,Protect|Jolly||M|||50|]Whimsicott||FocusSash|Prankster|Tailwind,CottonSpore,Charm,Encore|Timid||M|||50|]Basculegion||MysticWater|Adaptability|WaveCrash,LastRespects,FlipTurn,AquaJet|Adamant||M|||50|]Grimmsnarl||LightClay|Prankster|LightScreen,Reflect,FakeOut,PartingShot|Calm||M|||50|]Farigiraf||SitrusBerry|ArmorTail|HelpingHand,TrickRoom,TwinBeam,Thunderbolt|Modest||M|||50|]Gholdengo||LifeOrb|GoodasGold|MakeItRain,NastyPlot,ShadowBall,Protect|Modest|||||50|
|showteam|p2|Charizard||CharizarditeY|Blaze|AncientPower,WeatherBall,HeatWave,Protect|Modest||M|||50|]Floette-Eternal||Floettite|Symbiosis|DazzlingGleam,LightofRuin,Moonblast,Protect|Timid||F|||50|]Basculegion||LifeOrb|Adaptability|LastRespects,WaveCrash,AquaJet,Protect|Adamant||M|||50|]Whimsicott||FocusSash|Prankster|Moonblast,Tailwind,Encore,Protect|Timid||F|||50|]Garchomp||RoseliBerry|RoughSkin|DragonClaw,Earthquake,PoisonJab,RockSlide|Jolly||M|||50|]Kingambit||OccaBerry|Defiant|KowtowCleave,SuckerPunch,IronHead,Protect|Adamant||M|||50|
|inactive|Battle timer is ON: inactive players will automatically lose when time's up. (requested by lettitripppp)
|inactive|toast88d also wants the timer to be on.
|inactive|toast88d has 60 seconds left.
|inactive|lettitripppp has 60 seconds left.
|
|t:|1785187735
|teamsize|p1|4
|teamsize|p2|4
|start
|switch|p1a: Whimsicott|Whimsicott, L50, M, shiny|100/100
|switch|p1b: Grimmsnarl|Grimmsnarl, L50, M|100/100
|switch|p2a: AGNI|Charizard, L50, M|100/100
|switch|p2b: LETS GO AGAIN|Whimsicott, L50, F, shiny|100/100
|turn|1
|
|t:|1785187754
|switch|p2a: GENERAL BLADUS|Kingambit, L50, M, shiny|100/100
|move|p2b: LETS GO AGAIN|Protect|p2b: LETS GO AGAIN
|-singleturn|p2b: LETS GO AGAIN|Protect
|move|p1b: Grimmsnarl|Fake Out|p2b: LETS GO AGAIN
|-activate|p2b: LETS GO AGAIN|move: Protect
|move|p1a: Whimsicott|Tailwind|p1a: Whimsicott
|-sidestart|p1: toast88d|move: Tailwind
|
|upkeep
|turn|2
|
|t:|1785187773
|switch|p2b: AGNI|Charizard, L50, M|100/100
|move|p1a: Whimsicott|Encore||[still]
|-fail|p1a: Whimsicott
|move|p1b: Grimmsnarl|Reflect|p1b: Grimmsnarl
|-sidestart|p1: toast88d|Reflect
|move|p2a: GENERAL BLADUS|Iron Head|p1b: Grimmsnarl
|-supereffective|p1b: Grimmsnarl|1
|-damage|p1b: Grimmsnarl|36/100
|
|upkeep
|turn|3
|inactive|toast88d has 30 seconds left.
|
|t:|1785187804
|detailschange|p2b: AGNI|Charizard-Mega-Y, L50, M
|-mega|p2b: AGNI|Charizard|Charizardite Y
|-weather|SunnyDay|[from] ability: Drought|[of] p2b: AGNI
|move|p1a: Whimsicott|Cotton Spore|p2a: GENERAL BLADUS|[spread] p2b
|-hint|Since gen 7, Dark is immune to Prankster moves.
|-immune|p2a: GENERAL BLADUS
|-unboost|p2b: AGNI|spe|2
|move|p1b: Grimmsnarl|Light Screen|p1b: Grimmsnarl
|-sidestart|p1: toast88d|move: Light Screen
|move|p2a: GENERAL BLADUS|Iron Head|p1a: Whimsicott
|-supereffective|p1a: Whimsicott|1
|-damage|p1a: Whimsicott|11/100
|move|p2b: AGNI|Heat Wave|p1a: Whimsicott|[spread] p1a,p1b
|-supereffective|p1a: Whimsicott|1
|-damage|p1a: Whimsicott|0 fnt
|-damage|p1b: Grimmsnarl|0 fnt
|faint|p1a: Whimsicott
|faint|p1b: Grimmsnarl
|
|-weather|SunnyDay|[upkeep]
|upkeep
|
|t:|1785187823
|switch|p1a: Staraptor|Staraptor, L50, M, shiny|100/100
|switch|p1b: Gholdengo|Gholdengo, L50|100/100
|-ability|p1a: Staraptor|Intimidate|boost
|-unboost|p2a: GENERAL BLADUS|atk|1
|-ability|p2a: GENERAL BLADUS|Defiant|boost
|-boost|p2a: GENERAL BLADUS|atk|2
|-unboost|p2b: AGNI|atk|1
|turn|4
|
|t:|1785187835
|switch|p2b: LETS GO AGAIN|Whimsicott, L50, F, shiny|100/100
|detailschange|p1a: Staraptor|Staraptor-Mega, L50, M, shiny
|-mega|p1a: Staraptor|Staraptor|Staraptite
|move|p1b: Gholdengo|Protect|p1b: Gholdengo
|-singleturn|p1b: Gholdengo|Protect
|move|p2a: GENERAL BLADUS|Protect|p2a: GENERAL BLADUS
|-singleturn|p2a: GENERAL BLADUS|Protect
|move|p1a: Staraptor|Close Combat|p2a: GENERAL BLADUS
|-activate|p2a: GENERAL BLADUS|move: Protect
|
|-weather|SunnyDay|[upkeep]
|-sideend|p1: toast88d|move: Tailwind
|upkeep
|turn|5
|
|t:|1785187858
|switch|p2a: AGNI|Charizard-Mega-Y, L50, M|100/100
|move|p2b: LETS GO AGAIN|Tailwind|p2b: LETS GO AGAIN
|-sidestart|p2: lettitripppp|move: Tailwind
|move|p1a: Staraptor|Close Combat|p2a: AGNI
|-resisted|p2a: AGNI|1
|-damage|p2a: AGNI|70/100
|-boost|p1a: Staraptor|def|1
|-boost|p1a: Staraptor|spd|1
|move|p1b: Gholdengo|Shadow Ball|p2b: LETS GO AGAIN
|-enditem|p2b: LETS GO AGAIN|Focus Sash
|-damage|p2b: LETS GO AGAIN|1/100
|-damage|p1b: Gholdengo|90/100|[from] item: Life Orb
|
|-weather|SunnyDay|[upkeep]
|upkeep
|turn|6
|inactive|toast88d has 30 seconds left.
|
|t:|1785187884
|move|p1b: Gholdengo|Protect|p1b: Gholdengo
|-singleturn|p1b: Gholdengo|Protect
|move|p2b: LETS GO AGAIN|Moonblast|p1a: Staraptor
|-supereffective|p1a: Staraptor|1
|-damage|p1a: Staraptor|67/100
|move|p2a: AGNI|Heat Wave|p1a: Staraptor|[spread] p1a
|-activate|p1b: Gholdengo|move: Protect
|-damage|p1a: Staraptor|34/100
|move|p1a: Staraptor|Brave Bird|p2a: AGNI
|-damage|p2a: AGNI|2/100
|-damage|p1a: Staraptor|9/100|[from] Recoil
|
|-weather|SunnyDay|[upkeep]
|upkeep
|turn|7
|inactive|toast88d has 30 seconds left.
|
|t:|1785187911
|switch|p2a: GENERAL BLADUS|Kingambit, L50, M, shiny|100/100
|move|p1a: Staraptor|Protect|p1a: Staraptor
|-singleturn|p1a: Staraptor|Protect
|move|p2b: LETS GO AGAIN|Moonblast|p1a: Staraptor
|-activate|p1a: Staraptor|move: Protect
|move|p1b: Gholdengo|Make It Rain|p2b: LETS GO AGAIN|[spread] p2a,p2b
|-resisted|p2a: GENERAL BLADUS|1
|-supereffective|p2b: LETS GO AGAIN|1
|-damage|p2a: GENERAL BLADUS|63/100
|-damage|p2b: LETS GO AGAIN|0 fnt
|-unboost|p1b: Gholdengo|spa|2
|faint|p2b: LETS GO AGAIN
|-damage|p1b: Gholdengo|80/100|[from] item: Life Orb
|
|-weather|none
|upkeep
|
|t:|1785187920
|switch|p2b: AGNI|Charizard-Mega-Y, L50, M|2/100
|-weather|SunnyDay|[from] ability: Drought|[of] p2b: AGNI
|turn|8
|
|t:|1785187939
|move|p2b: AGNI|Weather Ball|p1a: Staraptor
|-damage|p1a: Staraptor|0 fnt
|faint|p1a: Staraptor
|move|p2a: GENERAL BLADUS|Kowtow Cleave|p1b: Gholdengo
|-supereffective|p1b: Gholdengo|1
|-damage|p1b: Gholdengo|22/100
|move|p1b: Gholdengo|Nasty Plot|p1b: Gholdengo
|-boost|p1b: Gholdengo|spa|2
|
|-weather|SunnyDay|[upkeep]
|-sideend|p2: lettitripppp|move: Tailwind
|upkeep
|turn|9
|
|t:|1785187953
|move|p2a: GENERAL BLADUS|Sucker Punch|p1b: Gholdengo
|-supereffective|p1b: Gholdengo|1
|-damage|p1b: Gholdengo|0 fnt
|faint|p1b: Gholdengo
|
|win|lettitripppp
