|j|☆pikatrod
|j|☆alexander1111
|html|pikatrodalexander1111    
|uhtml|bestof|Game 2 of a best-of-3
|t:|1783985014
|gametype|doubles
|player|p1|pikatrod|170|
|player|p2|alexander1111|preschooler|
|gen|9
|tier|[Gen 9 Champions] VGC 2026 Reg M-B (Bo3)
|rule|Species Clause: Limit one of each Pokémon
|rule|Item Clause: Limit 1 of each item
|clearpoke
|poke|p1|Whimsicott, L50, F|
|poke|p1|Torkoal, L50, M|
|poke|p1|Pyroar, L50, M|
|poke|p1|Farigiraf, L50, M|
|poke|p1|Scrafty, L50, M|
|poke|p1|Basculegion, L50, M|
|poke|p2|Milotic, L50, M|
|poke|p2|Maushold-Four, L50|
|poke|p2|Charizard, L50, F, shiny|
|poke|p2|Whimsicott, L50, F, shiny|
|poke|p2|Kingambit, L50, F|
|poke|p2|Garchomp, L50, F|
|teampreview|4
|showteam|p1|Whimsicott||FairyFeather|Prankster|Tailwind,Moonblast,Protect,SunnyDay|Timid||F|||50|]Torkoal||Charcoal|Drought|Eruption,WeatherBall,HelpingHand,Protect|Quiet||M|||50|]Pyroar||Pyroarite|Unnerve|HeatWave,Overheat,SolarBeam,Protect|Timid||M|||50|]Farigiraf||ColburBerry|ArmorTail|TrickRoom,Protect,HelpingHand,Psychic|Quiet||M|||50|]Scrafty||Scraftinite|Intimidate|FakeOut,RockSlide,KnockOff,CloseCombat|Adamant||M|||50|]Basculegion||FocusSash|Adaptability|LastRespects,Liquidation,AquaJet,Protect|Adamant||M|||50|
|showteam|p2|Milotic||SitrusBerry|Competitive|Scald,IceBeam,HelpingHand,Protect|Modest||M|||50|]Maushold-Four||WideLens|Technician|PopulationBomb,FollowMe,Protect,SunnyDay|Jolly|||||50|]Charizard||CharizarditeY|Blaze|SolarBeam,HeatWave,WeatherBall,Protect|Timid||F|||50|]Whimsicott||FocusSash|Prankster|Tailwind,Moonblast,Protect,Encore|Timid||F|||50|]Kingambit||ChopleBerry|Defiant|KowtowCleave,SuckerPunch,IronHead,LowKick|Adamant||F|||50|]Garchomp||LifeOrb|RoughSkin|RockSlide,Earthquake,DragonClaw,Protect|Jolly||F|||50|
|
|t:|1783985126
|teamsize|p1|4
|teamsize|p2|4
|start
|switch|p1a: Whimsicott|Whimsicott, L50, F|100/100
|switch|p1b: Pyroar|Pyroar, L50, M|100/100
|switch|p2a: Garchomp|Garchomp, L50, F|100/100
|switch|p2b: Milotic|Milotic, L50, M|100/100
|-ability|p1b: Pyroar|Unnerve
|turn|1
|
|t:|1783985202
|detailschange|p1b: Pyroar|Pyroar-Mega, L50, M
|-mega|p1b: Pyroar|Pyroar|Pyroarite
|move|p1b: Pyroar|Protect|p1b: Pyroar
|-singleturn|p1b: Pyroar|Protect
|move|p2a: Garchomp|Protect|p2a: Garchomp
|-singleturn|p2a: Garchomp|Protect
|move|p1a: Whimsicott|Moonblast|p2b: Milotic
|-damage|p2b: Milotic|71/100
|move|p2b: Milotic|Scald|p1b: Pyroar
|-activate|p1b: Pyroar|move: Protect
|
|upkeep
|turn|2
|
|t:|1783985236
|switch|p2a: Charizard|Charizard, L50, F, shiny|100/100
|move|p2b: Milotic|Protect|p2b: Milotic
|-singleturn|p2b: Milotic|Protect
|move|p1b: Pyroar|Heat Wave|p2b: Milotic|[spread] p2a
|-activate|p2b: Milotic|move: Protect
|-resisted|p2a: Charizard|1
|-damage|p2a: Charizard|65/100
|move|p1a: Whimsicott|Moonblast|p2a: Charizard
|-resisted|p2a: Charizard|1
|-damage|p2a: Charizard|43/100
|
|upkeep
|turn|3
|
|t:|1783985288
|move|p2a: Charizard|Protect|p2a: Charizard
|-singleturn|p2a: Charizard|Protect
|move|p1b: Pyroar|Heat Wave|p2b: Milotic|[spread] p2b
|-activate|p2a: Charizard|move: Protect
|-resisted|p2b: Milotic|1
|-damage|p2b: Milotic|50/100g
|-status|p2b: Milotic|brn
|move|p1a: Whimsicott|Moonblast|p2a: Charizard
|-activate|p2a: Charizard|move: Protect
|move|p2b: Milotic|Scald|p1b: Pyroar
|-supereffective|p1b: Pyroar|1
|-damage|p1b: Pyroar|9/100
|
|-damage|p2b: Milotic|44/100 brn|[from] brn
|upkeep
|-enditem|p2b: Milotic|Sitrus Berry|[eat]
|-heal|p2b: Milotic|69/100 brn|[from] item: Sitrus Berry
|turn|4
|
|t:|1783985395
|switch|p2b: Whimsicott|Whimsicott, L50, F, shiny|100/100
|move|p1b: Pyroar|Heat Wave|p2b: Whimsicott|[spread] p2a
|-miss|p1b: Pyroar|p2b: Whimsicott
|-resisted|p2a: Charizard|1
|-crit|p2a: Charizard
|-damage|p2a: Charizard|0 fnt
|faint|p2a: Charizard
|move|p1a: Whimsicott|Moonblast|p2b: Whimsicott
|-damage|p2b: Whimsicott|34/100
|
|upkeep
|
|t:|1783985428
|switch|p2a: Garchomp|Garchomp, L50, F|100/100
|turn|5
|
|t:|1783985462
|move|p2b: Whimsicott|Tailwind|p2b: Whimsicott
|-sidestart|p2: alexander1111|move: Tailwind
|move|p1a: Whimsicott|Tailwind|p1a: Whimsicott
|-sidestart|p1: pikatrod|move: Tailwind
|move|p1b: Pyroar|Heat Wave|p2b: Whimsicott|[spread] p2b
|-miss|p1b: Pyroar|p2a: Garchomp
|-supereffective|p2b: Whimsicott|1
|-damage|p2b: Whimsicott|0 fnt
|faint|p2b: Whimsicott
|move|p2a: Garchomp|Earthquake|p1a: Whimsicott|[spread] p1a,p1b
|-resisted|p1a: Whimsicott|1
|-supereffective|p1b: Pyroar|1
|-crit|p1b: Pyroar
|-damage|p1a: Whimsicott|69/100
|-damage|p1b: Pyroar|0 fnt
|faint|p1b: Pyroar
|-damage|p2a: Garchomp|90/100|[from] item: Life Orb
|
|upkeep
|
|t:|1783985477
|switch|p1b: Basculegion|Basculegion, L50, M|100/100
|switch|p2b: Milotic|Milotic, L50, M|69/100 brn
|turn|6
|
|t:|1783985497
|move|p2a: Garchomp|Protect|p2a: Garchomp
|-singleturn|p2a: Garchomp|Protect
|move|p1a: Whimsicott|Moonblast|p2a: Garchomp
|-activate|p2a: Garchomp|move: Protect
|move|p1b: Basculegion|Last Respects|p2b: Milotic
|-crit|p2b: Milotic
|-damage|p2b: Milotic|0 fnt
|faint|p2b: Milotic
|
|upkeep
|turn|7
|
|t:|1783985509
|move|p1a: Whimsicott|Moonblast|p2a: Garchomp
|-supereffective|p2a: Garchomp|1
|-damage|p2a: Garchomp|17/100
|-unboost|p2a: Garchomp|spa|1
|move|p2a: Garchomp|Earthquake|p1b: Basculegion|[spread] p1a,p1b
|-resisted|p1a: Whimsicott|1
|-damage|p1a: Whimsicott|40/100
|-damage|p1b: Basculegion|40/100
|-damage|p2a: Garchomp|7/100|[from] item: Life Orb
|move|p1b: Basculegion|Last Respects|p2a: Garchomp
|-damage|p2a: Garchomp|0 fnt
|faint|p2a: Garchomp
|
|win|pikatrod
|inactive|pikatrod has 30 seconds to confirm battle start!
|inactive|alexander1111 has 30 seconds to confirm battle start!
||alexander1111 is ready for game 3.
|inactive|pikatrod has 20 seconds to confirm battle start!
||pikatrod is ready for game 3.
|uhtml|next|Next: Game 3 of 3
