|j|☆TheMaster911
|j|☆Phonx_Ghost
|html|TheMaster911Phonx_Ghost    
|uhtml|bestof|Game 2 of a best-of-3
|t:|1783297975
|gametype|doubles
|player|p1|TheMaster911|dahlia|1000
|player|p2|Phonx_Ghost|will|1057
|gen|9
|tier|[Gen 9 Champions] VGC 2026 Reg M-B (Bo3)
|rated|
|rule|Species Clause: Limit one of each Pokémon
|rule|Item Clause: Limit 1 of each item
|clearpoke
|poke|p1|Malamar, L50, F|
|poke|p1|Sinistcha, L50|
|poke|p1|Scovillain, L50, M|
|poke|p1|Whimsicott, L50, M|
|poke|p1|Incineroar, L50, M|
|poke|p1|Primarina, L50, F|
|poke|p2|Golurk, L50, shiny|
|poke|p2|Oranguru, L50, F|
|poke|p2|Torkoal, L50, F|
|poke|p2|Staraptor, L50, F|
|poke|p2|Venusaur, L50, M|
|poke|p2|Dragonite, L50, F, shiny|
|teampreview|4
|showteam|p1|Malamar||Malamarite|Contrary|PsychoCut,Superpower,RockSlide,BatonPass|Adamant||F|||50|]Sinistcha||SitrusBerry|Hospitality|MatchaGotcha,StrengthSap,RagePowder,TrickRoom|Modest|||||50|]Scovillain||KebiaBerry|Insomnia|SeedBomb,Flamethrower,SpicyExtract,Protect|Relaxed||M|||50|]Whimsicott||FocusSash|Prankster|DazzlingGleam,Charm,TrickRoom,LightScreen|Modest||M|||50|]Incineroar||ChopleBerry|Intimidate|FlareBlitz,Acrobatics,FakeOut,PartingShot|Adamant||M|||50|]Primarina||LifeOrb|LiquidVoice|HyperVoice,DazzlingGleam,Charm,Protect|Bold||F|||50|
|showteam|p2|Golurk||Golurkite|IronFist|Poltergeist,DrainPunch,Earthquake,Protect|Adamant|||||50|]Oranguru||ColburBerry|Telepathy|TrickRoom,Instruct,ExpandingForce,FoulPlay|Bold||F|||50|]Torkoal||HeatRock|Drought|Eruption,BodyPress,Protect,StealthRock|Careful||F|||50|]Staraptor|||Intimidate|CloseCombat,Acrobatics,Facade,Protect|Adamant||F|||50|]Venusaur||Venusaurite|Chlorophyll|EnergyBall,SludgeWave,EarthPower,Protect|Timid||M|||50|]Dragonite||LifeOrb|Multiscale|ExtremeSpeed,Outrage,Fly,Protect|Adamant||F|||50|
|
|t:|1783298005
|teamsize|p1|4
|teamsize|p2|4
|start
|switch|p1a: Primarina|Primarina, L50, F|100/100
|switch|p1b: Malamar|Malamar, L50, F|100/100
|switch|p2a: Cranky Kong|Oranguru, L50, F|100/100
|switch|p2b: Tortuguita|Torkoal, L50, F|100/100
|-weather|SunnyDay|[from] ability: Drought|[of] p2b: Tortuguita
|turn|1
|
|t:|1783298022
|detailschange|p1b: Malamar|Malamar-Mega, L50, F
|-mega|p1b: Malamar|Malamar|Malamarite
|move|p2b: Tortuguita|Protect|p2b: Tortuguita
|-singleturn|p2b: Tortuguita|Protect
|move|p1b: Malamar|Superpower|p2a: Cranky Kong
|-damage|p2a: Cranky Kong|69/100
|-boost|p1b: Malamar|atk|1
|-boost|p1b: Malamar|def|1
|move|p1a: Primarina|Charm|p1b: Malamar
|-boost|p1b: Malamar|atk|2
|move|p2a: Cranky Kong|Trick Room|p2a: Cranky Kong
|-fieldstart|move: Trick Room|[of] p2a: Cranky Kong
|
|-weather|SunnyDay|[upkeep]
|upkeep
|turn|2
|
|t:|1783298046
|switch|p1b: Incineroar|Incineroar, L50, M|100/100
|-ability|p1b: Incineroar|Intimidate|boost
|-unboost|p2a: Cranky Kong|atk|1
|-unboost|p2b: Tortuguita|atk|1
|move|p2b: Tortuguita|Eruption|p1a: Primarina|[spread] p1a,p1b
|-resisted|p1a: Primarina|1
|-resisted|p1b: Incineroar|1
|-damage|p1a: Primarina|77/100
|-damage|p1b: Incineroar|77/100
|move|p2a: Cranky Kong|Foul Play|p1b: Incineroar
|-resisted|p1b: Incineroar|1
|-damage|p1b: Incineroar|62/100
|move|p1a: Primarina|Hyper Voice|p2a: Cranky Kong|[spread] p2a,p2b
|-supereffective|p2b: Tortuguita|1
|-damage|p2a: Cranky Kong|52/100
|-damage|p2b: Tortuguita|42/100
|-damage|p1a: Primarina|67/100|[from] item: Life Orb
|
|-weather|SunnyDay|[upkeep]
|upkeep
|turn|3
|
|t:|1783298071
|move|p1b: Incineroar|Fake Out|p2b: Tortuguita
|-damage|p2b: Tortuguita|33/100
|cant|p2b: Tortuguita|flinch
|move|p1a: Primarina|Hyper Voice|p2b: Tortuguita|[spread] p2a,p2b
|-supereffective|p2b: Tortuguita|1
|-damage|p2a: Cranky Kong|34/100
|-damage|p2b: Tortuguita|0 fnt
|faint|p2b: Tortuguita
|-damage|p1a: Primarina|58/100|[from] item: Life Orb
|move|p2a: Cranky Kong|Instruct|p2: Tortuguita|[notarget]
|-fail|p2a: Cranky Kong
|
|-weather|SunnyDay|[upkeep]
|upkeep
|
|t:|1783298087
|switch|p2b: Zezão|Venusaur, L50, M|100/100
|turn|4
|
|t:|1783298098
|detailschange|p2b: Zezão|Venusaur-Mega, L50, M
|-mega|p2b: Zezão|Venusaur|Venusaurite
|move|p1a: Primarina|Protect|p1a: Primarina
|-singleturn|p1a: Primarina|Protect
|move|p1b: Incineroar|Flare Blitz|p2b: Zezão
|-supereffective|p2b: Zezão|1
|-damage|p2b: Zezão|27/100
|-damage|p1b: Incineroar|40/100|[from] Recoil
|move|p2a: Cranky Kong|Instruct||[still]
|-fail|p2a: Cranky Kong
|move|p2b: Zezão|Sludge Wave|p1a: Primarina|[spread] p1b
|-activate|p1a: Primarina|move: Protect
|-activate|p2a: Cranky Kong|ability: Telepathy
|-damage|p1b: Incineroar|7/100
|-status|p1b: Incineroar|psn
|
|-weather|SunnyDay|[upkeep]
|-damage|p1b: Incineroar|0 fnt|[from] psn
|faint|p1b: Incineroar
|upkeep
|
|t:|1783298121
|switch|p1b: Whimsicott|Whimsicott, L50, M|100/100
|turn|5
|
|t:|1783298134
|move|p1b: Whimsicott|Light Screen|p1b: Whimsicott
|-sidestart|p1: TheMaster911|move: Light Screen
|move|p2a: Cranky Kong|Expanding Force|p1b: Whimsicott
|-damage|p1b: Whimsicott|71/100
|move|p1a: Primarina|Dazzling Gleam|p2b: Zezão|[spread] p2a,p2b
|-resisted|p2b: Zezão|1
|-damage|p2a: Cranky Kong|6/100
|-damage|p2b: Zezão|11/100
|-damage|p1a: Primarina|49/100|[from] item: Life Orb
|move|p2b: Zezão|Sludge Wave|p1a: Primarina|[spread] p1a,p1b
|-activate|p2a: Cranky Kong|ability: Telepathy
|-supereffective|p1a: Primarina|1
|-supereffective|p1b: Whimsicott|2
|-damage|p1a: Primarina|10/100
|-damage|p1b: Whimsicott|0 fnt
|faint|p1b: Whimsicott
|
|-weather|SunnyDay|[upkeep]
|-fieldend|move: Trick Room
|upkeep
|
|t:|1783298149
|switch|p1b: Malamar|Malamar-Mega, L50, F|100/100
|turn|6
|
|t:|1783298163
|move|p2b: Zezão|Sludge Wave|p1b: Malamar|[spread] p1a,p1b
|-activate|p2a: Cranky Kong|ability: Telepathy
|-supereffective|p1a: Primarina|1
|-damage|p1a: Primarina|0 fnt
|-damage|p1b: Malamar|81/100
|-status|p1b: Malamar|psn
|faint|p1a: Primarina
|move|p1b: Malamar|Rock Slide|p2b: Zezão|[spread] p2a,p2b
|-damage|p2a: Cranky Kong|0 fnt
|-damage|p2b: Zezão|0 fnt
|faint|p2a: Cranky Kong
|faint|p2b: Zezão
|
|-weather|SunnyDay|[upkeep]
|-damage|p1b: Malamar|69/100 psn|[from] psn
|upkeep
|
|t:|1783298182
|switch|p2a: banguela|Dragonite, L50, F, shiny|100/100
|turn|7
|
|t:|1783298204
|move|p1b: Malamar|Superpower|p2a: banguela
|-resisted|p2a: banguela|1
|-damage|p2a: banguela|91/100
|-boost|p1b: Malamar|atk|1
|-boost|p1b: Malamar|def|1
|move|p2a: banguela|Outrage|p1b: Malamar
|-damage|p1b: Malamar|6/100 psn
|-damage|p2a: banguela|81/100|[from] item: Life Orb
|
|-weather|SunnyDay|[upkeep]
|-damage|p1b: Malamar|0 fnt|[from] psn
|faint|p1b: Malamar
|
|win|Phonx_Ghost
|raw|TheMaster911's rating: 1000 → 1000(+0 for losing)
|raw|Phonx_Ghost's rating: 1057 → 1083(+26 for winning)
|l|☆TheMaster911
|player|p1|
