|j|☆ShadowOfAMan
|j|‽godbroj
|html|ShadowOfAMangodbroj    
|uhtml|bestof|Game 2 of a best-of-3
|t:|1756161622
|gametype|doubles
|player|p1|ShadowOfAMan|elio-usum|1110
|player|p2|godbroj|maid|1087
|gen|9
|tier|[Gen 9] VGC 2025 Reg H (Bo3)
|rated|
|rule|Species Clause: Limit one of each Pokémon
|rule|Item Clause: Limit 1 of each item
|clearpoke
|poke|p1|Electabuzz, L50, F|
|poke|p1|Dragonite, L50, M|
|poke|p1|Kingambit, L50, M|
|poke|p1|Volcarona, L50, F|
|poke|p1|Incineroar, L50, M|
|poke|p1|Rillaboom, L50, M|
|poke|p2|Dragapult, L50, F|
|poke|p2|Incineroar, L50, F|
|poke|p2|Glimmora, L50, F|
|poke|p2|Sylveon, L50, F|
|poke|p2|Armarouge, L50, F|
|poke|p2|Indeedee-F, L50, F|
|teampreview|4
|showteam|p1|Electabuzz||Eviolite|VitalSpirit|Electroweb,Taunt,FollowMe,Protect|||F|||50|,,,,,Dragon]Dragonite||LoadedDice|Multiscale|ScaleShot,Haze,Tailwind,Protect|||M|||50|,,,,,Fairy]Kingambit||BlackGlasses|Defiant|KowtowCleave,SuckerPunch,SwordsDance,Protect|||M|||50|,,,,,Dark]Volcarona||CovertCloak|FlameBody|TeraBlast,Protect,HeatWave,QuiverDance|||F|||50|,,,,,Fairy]Incineroar||RockyHelmet|Intimidate|KnockOff,FlareBlitz,PartingShot,FakeOut|||M|||50|,,,,,Ghost]Rillaboom||AssaultVest|GrassySurge|FakeOut,WoodHammer,Uturn,GrassyGlide|||M|||50|,,,,,Fire
|showteam|p2|Dragapult||DragonFang|ClearBody|DragonDarts,PhantomForce,PsychicFangs,WillOWisp|||F|||50|,,,,,Dragon]Incineroar||AssaultVest|Intimidate|CloseCombat,FlareBlitz,DarkestLariat,Snarl|||F|||50|,,,,,Ghost]Glimmora||FocusSash|ToxicDebris|SpikyShield,SludgeBomb,EarthPower,PowerGem|||F|||50|,,,,,Rock]Sylveon||FairyFeather|Pixilate|Protect,TeraBlast,CalmMind,HyperVoice|||F|||50|,,,,,Ground]Armarouge||LifeOrb|FlashFire|Protect,AuraSphere,ArmorCannon,ExpandingForce|||F|||50|,,,,,Grass]Indeedee-F||SafetyGoggles|PsychicSurge|FollowMe,TrickRoom,DazzlingGleam,HelpingHand|||F|||50|,,,,,Fairy
|
|t:|1756161637
|teamsize|p1|4
|teamsize|p2|4
|start
|switch|p1a: Volcarona|Volcarona, L50, F|100/100
|switch|p1b: Incineroar|Incineroar, L50, M, shiny|100/100
|switch|p2a: Sylveon|Sylveon, L50, F|100/100
|switch|p2b: Dragapult|Dragapult, L50, F|100/100
|-ability|p1b: Incineroar|Intimidate|boost
|-unboost|p2a: Sylveon|atk|1
|-fail|p2b: Dragapult|unboost|[from] ability: Clear Body|[of] p2b: Dragapult
|turn|1
|
|t:|1756161662
|switch|p2b: Indeedee|Indeedee-F, L50, F, shiny|100/100
|-fieldstart|move: Psychic Terrain|[from] ability: Psychic Surge|[of] p2b: Indeedee
|-terastallize|p1a: Volcarona|Fairy
|move|p1a: Volcarona|Quiver Dance|p1a: Volcarona
|-boost|p1a: Volcarona|spa|1
|-boost|p1a: Volcarona|spd|1
|-boost|p1a: Volcarona|spe|1
|move|p1b: Incineroar|Parting Shot|p2a: Sylveon
|-unboost|p2a: Sylveon|atk|1
|-unboost|p2a: Sylveon|spa|1
|
|t:|1756161675
|switch|p1b: Electabuzz|Electabuzz, L50, F|100/100|[from] Parting Shot
|move|p2a: Sylveon|Calm Mind|p2a: Sylveon
|-boost|p2a: Sylveon|spa|1
|-boost|p2a: Sylveon|spd|1
|
|upkeep
|turn|2
|
|t:|1756161701
|move|p2b: Indeedee|Follow Me|p2b: Indeedee
|-singleturn|p2b: Indeedee|move: Follow Me
|move|p1a: Volcarona|Quiver Dance|p1a: Volcarona
|-boost|p1a: Volcarona|spa|1
|-boost|p1a: Volcarona|spd|1
|-boost|p1a: Volcarona|spe|1
|move|p1b: Electabuzz|Taunt|p2b: Indeedee
|-start|p2b: Indeedee|move: Taunt
|move|p2a: Sylveon|Calm Mind|p2a: Sylveon
|-boost|p2a: Sylveon|spa|1
|-boost|p2a: Sylveon|spd|1
|
|upkeep
|turn|3
|
|t:|1756161717
|switch|p2b: Armarouge|Armarouge, L50, F, shiny|100/100
|move|p1a: Volcarona|Quiver Dance|p1a: Volcarona
|-boost|p1a: Volcarona|spa|1
|-boost|p1a: Volcarona|spd|1
|-boost|p1a: Volcarona|spe|1
|move|p1b: Electabuzz|Taunt|p2a: Sylveon
|-start|p2a: Sylveon|move: Taunt
|move|p2a: Sylveon|Hyper Voice|p1b: Electabuzz|[spread] p1a,p1b
|-damage|p1a: Volcarona|75/100
|-damage|p1b: Electabuzz|49/100
|
|upkeep
|turn|4
|
|t:|1756161739
|switch|p2a: Indeedee|Indeedee-F, L50, F, shiny|100/100
|move|p1a: Volcarona|Protect|p1a: Volcarona
|-singleturn|p1a: Volcarona|Protect
|move|p1b: Electabuzz|Protect|p1b: Electabuzz
|-singleturn|p1b: Electabuzz|Protect
|move|p2b: Armarouge|Expanding Force|p1b: Electabuzz|[spread] 
|-activate|p1a: Volcarona|move: Protect
|-activate|p1b: Electabuzz|move: Protect
|
|upkeep
|turn|5
|
|t:|1756161754
|move|p2a: Indeedee|Follow Me|p2a: Indeedee
|-singleturn|p2a: Indeedee|move: Follow Me
|move|p1a: Volcarona|Tera Blast|p2a: Indeedee|[anim] Tera Blast Fairy
|-damage|p2a: Indeedee|0 fnt
|faint|p2a: Indeedee
|move|p1b: Electabuzz|Taunt|p2b: Armarouge
|-start|p2b: Armarouge|move: Taunt
|move|p2b: Armarouge|Expanding Force|p1a: Volcarona|[spread] p1a,p1b
|-damage|p1a: Volcarona|45/100
|-damage|p1b: Electabuzz|0 fnt
|faint|p1b: Electabuzz
|-damage|p2b: Armarouge|91/100|[from] item: Life Orb
|
|-fieldend|move: Psychic Terrain
|upkeep
|
|t:|1756161766
|switch|p1b: Rillaboom|Rillaboom, L50, M|100/100
|switch|p2a: Dragapult|Dragapult, L50, F|100/100
|-fieldstart|move: Grassy Terrain|[from] ability: Grassy Surge|[of] p1b: Rillaboom
|turn|6
|
|t:|1756161786
|switch|p2b: Sylveon|Sylveon, L50, F|100/100
|move|p1b: Rillaboom|Fake Out|p2b: Sylveon
|-damage|p2b: Sylveon|87/100
|move|p1a: Volcarona|Tera Blast|p2a: Dragapult|[anim] Tera Blast Fairy
|-supereffective|p2a: Dragapult
|-damage|p2a: Dragapult|0 fnt
|faint|p2a: Dragapult
|
|-heal|p1a: Volcarona|50/100|[from] Grassy Terrain
|-heal|p2b: Sylveon|93/100|[from] Grassy Terrain
|upkeep
|
|t:|1756161796
|switch|p2a: Armarouge|Armarouge, L50, F, shiny|91/100
|turn|7
|
|t:|1756161810
|-terastallize|p2b: Sylveon|Ground
|move|p1a: Volcarona|Protect|p1a: Volcarona
|-singleturn|p1a: Volcarona|Protect
|move|p2a: Armarouge|Armor Cannon|p1b: Rillaboom
|-supereffective|p1b: Rillaboom
|-damage|p1b: Rillaboom|1/100
|-unboost|p2a: Armarouge|def|1
|-unboost|p2a: Armarouge|spd|1
|-damage|p2a: Armarouge|81/100|[from] item: Life Orb
|move|p1b: Rillaboom|Wood Hammer|p2b: Sylveon
|-supereffective|p2b: Sylveon
|-damage|p2b: Sylveon|0 fnt
|faint|p2b: Sylveon
|-damage|p1b: Rillaboom|0 fnt|[from] Recoil
|faint|p1b: Rillaboom
|
|-heal|p1a: Volcarona|56/100|[from] Grassy Terrain
|-heal|p2a: Armarouge|87/100|[from] Grassy Terrain
|upkeep
|-message|godbroj forfeited.
|
|win|ShadowOfAMan
|raw|ShadowOfAMan's rating: 1110 → 1133(+23 for winning)
|raw|godbroj's rating: 1087 → 1065(-22 for losing)
|l|‽godbroj
|player|p2|
