|j|☆cecco22
|j|☆entei enthusiast
|html|cecco22entei enthusiast    
|uhtml|bestof|Game 3 of a best-of-3
|t:|1783024816
|gametype|doubles
|player|p1|cecco22|cynthia|1105
|player|p2|entei enthusiast|kamado-armor|1073
|gen|9
|tier|[Gen 9 Champions] VGC 2026 Reg M-B (Bo3)
|rated|
|rule|Species Clause: Limit one of each Pokémon
|rule|Item Clause: Limit 1 of each item
|clearpoke
|poke|p1|Goodra-Hisui, L50, M|
|poke|p1|Annihilape, L50, M, shiny|
|poke|p1|Dragonite, L50, M|
|poke|p1|Sinistcha, L50, shiny|
|poke|p1|Maushold-Four, L50|
|poke|p1|Lopunny, L50, F|
|poke|p2|Gyarados, L50, F, shiny|
|poke|p2|Floette-Eternal, L50, F|
|poke|p2|Sneasler, L50, F|
|poke|p2|Sinistcha, L50|
|poke|p2|Garchomp, L50, M|
|poke|p2|Incineroar, L50, M|
|teampreview|4
|showteam|p1|Goodra-Hisui||Leftovers|ShellArmor|Shelter,BodyPress,LifeDew,Protect|Bold||M|||50|]Annihilape||LifeOrb|Defiant|RageFist,DrainPunch,IcePunch,Protect|Jolly||M|||50|]Dragonite||Dragoninite|Multiscale|DragonDance,Outrage,Waterfall,IceSpinner|Adamant||M|||50|]Sinistcha||SitrusBerry|Hospitality|RagePowder,MatchaGotcha,ShadowBall,LifeDew|Bold|||||50|]Maushold-Four||WideLens|Technician|PopulationBomb,FollowMe,BeatUp,ThunderWave|Jolly|||||50|]Lopunny||Lopunnite|Limber|FakeOut,CloseCombat,Facade,Protect|Jolly||F|||50|
|showteam|p2|Gyarados||Gyaradosite|Intimidate|Waterfall,LashOut,DragonDance,Protect|Adamant||F|||50|]Floette-Eternal||Floettite|FlowerVeil|DrainingKiss,DazzlingGleam,CalmMind,Protect|Timid||F|||50|]Sneasler||FocusSash|PoisonTouch|CloseCombat,DireClaw,FakeOut,Coaching|Jolly||F|||50|]Sinistcha||SitrusBerry|Hospitality|MatchaGotcha,LifeDew,RagePowder,Protect|Calm|||||50|]Garchomp||LifeOrb|RoughSkin|DragonClaw,RockSlide,Earthquake,Protect|Jolly||M|||50|]Incineroar||PasshoBerry|Intimidate|FlareBlitz,FakeOut,PartingShot,Taunt|Careful||M|||50|
|inactive|Battle timer is ON: inactive players will automatically lose when time's up. (requested by cecco22)
|
|t:|1783024844
|teamsize|p1|4
|teamsize|p2|4
|start
|switch|p1a: Annihilape|Annihilape, L50, M, shiny|100/100
|switch|p1b: Maushold|Maushold-Four, L50|100/100
|switch|p2a: Floette|Floette-Eternal, L50, F|100/100
|switch|p2b: Sinistcha|Sinistcha, L50|100/100
|turn|1
|
|t:|1783024853
|detailschange|p2a: Floette|Floette-Mega, L50, F
|-mega|p2a: Floette|Floette|Floettite
|-ability|p2a: Floette|Fairy Aura
|move|p2b: Sinistcha|Rage Powder|p2b: Sinistcha
|-singleturn|p2b: Sinistcha|move: Rage Powder
|move|p1b: Maushold|Beat Up|p2b: Sinistcha
|-supereffective|p2b: Sinistcha|1
|-damage|p2b: Sinistcha|86/100
|-supereffective|p2b: Sinistcha|1
|-damage|p2b: Sinistcha|77/100
|-supereffective|p2b: Sinistcha|1
|-damage|p2b: Sinistcha|69/100
|-supereffective|p2b: Sinistcha|1
|-damage|p2b: Sinistcha|60/100
|-hitcount|p2b: Sinistcha|4
|move|p2a: Floette|Calm Mind|p2a: Floette
|-boost|p2a: Floette|spa|1
|-boost|p2a: Floette|spd|1
|move|p1a: Annihilape|Ice Punch|p2b: Sinistcha
|-supereffective|p2b: Sinistcha|1
|-damage|p2b: Sinistcha|0 fnt
|faint|p2b: Sinistcha
|-damage|p1a: Annihilape|90/100|[from] item: Life Orb
|
|upkeep
|
|t:|1783024855
|switch|p2b: Incineroar|Incineroar, L50, M|100/100
|-ability|p2b: Incineroar|Intimidate|boost
|-unboost|p1a: Annihilape|atk|1
|-ability|p1a: Annihilape|Defiant|boost
|-boost|p1a: Annihilape|atk|2
|-unboost|p1b: Maushold|atk|1
|turn|2
|
|t:|1783024879
|switch|p1b: Sinistcha|Sinistcha, L50, shiny|100/100
|-heal|p1a: Annihilape|100/100|[from] ability: Hospitality|[of] p1b: Sinistcha
|move|p1a: Annihilape|Protect|p1a: Annihilape
|-singleturn|p1a: Annihilape|Protect
|move|p2b: Incineroar|Fake Out|p1b: Sinistcha
|-immune|p1b: Sinistcha
|move|p2a: Floette|Dazzling Gleam|p1a: Annihilape|[spread] p1b
|-activate|p1a: Annihilape|move: Protect
|-damage|p1b: Sinistcha|30/100
|-enditem|p1b: Sinistcha|Sitrus Berry|[eat]
|-heal|p1b: Sinistcha|55/100|[from] item: Sitrus Berry
|
|upkeep
|turn|3
|
|t:|1783024899
|move|p2a: Floette|Dazzling Gleam|p1a: Annihilape|[spread] p1a,p1b
|-supereffective|p1a: Annihilape|1
|-damage|p1a: Annihilape|0 fnt
|-damage|p1b: Sinistcha|0 fnt
|faint|p1a: Annihilape
|faint|p1b: Sinistcha
|move|p2b: Incineroar|Flare Blitz|p1: Annihilape|[notarget]
|-fail|p2b: Incineroar
|
|upkeep
|
|t:|1783024901
|switch|p1a: Lopunny|Lopunny, L50, F|100/100
|switch|p1b: Maushold|Maushold-Four, L50|100/100
|turn|4
|
|t:|1783024912
|switch|p2b: Garchomp|Garchomp, L50, M|100/100
|detailschange|p1a: Lopunny|Lopunny-Mega, L50, F
|-mega|p1a: Lopunny|Lopunny|Lopunnite
|move|p2a: Floette|Protect|p2a: Floette
|-singleturn|p2a: Floette|Protect
|move|p1a: Lopunny|Fake Out|p2b: Garchomp
|-damage|p2b: Garchomp|79/100
|-damage|p1a: Lopunny|88/100|[from] ability: Rough Skin|[of] p2b: Garchomp
|move|p1b: Maushold|Population Bomb|p2a: Floette
|-activate|p2a: Floette|move: Protect
|
|upkeep
|turn|5
|
|t:|1783024931
|switch|p2b: Incineroar|Incineroar, L50, M|100/100
|-ability|p2b: Incineroar|Intimidate|boost
|-fail|p1a: Lopunny|unboost|Attack|[from] ability: Scrappy|[of] p1a: Lopunny
|-unboost|p1b: Maushold|atk|1
|move|p1a: Lopunny|Facade|p2a: Floette
|-damage|p2a: Floette|61/100
|move|p1b: Maushold|Population Bomb|p2a: Floette
|-damage|p2a: Floette|52/100
|-damage|p2a: Floette|44/100
|-damage|p2a: Floette|35/100
|-damage|p2a: Floette|28/100
|-damage|p2a: Floette|20/100y
|-damage|p2a: Floette|12/100
|-damage|p2a: Floette|3/100
|-damage|p2a: Floette|0 fnt
|faint|p2a: Floette
|-hitcount|p2: Floette|8
|
|upkeep
|
|t:|1783024940
|switch|p2a: Garchomp|Garchomp, L50, M|79/100
|turn|6
|
|t:|1783024958
|move|p1a: Lopunny|Protect|p1a: Lopunny
|-singleturn|p1a: Lopunny|Protect
|move|p2b: Incineroar|Fake Out|p1a: Lopunny
|-activate|p1a: Lopunny|move: Protect
|move|p1b: Maushold|Thunder Wave|p2b: Incineroar
|-status|p2b: Incineroar|par
|move|p2a: Garchomp|Dragon Claw|p1b: Maushold
|-damage|p1b: Maushold|22/100
|-damage|p2a: Garchomp|69/100|[from] item: Life Orb
|
|upkeep
|turn|7
|inactive|entei enthusiast has 30 seconds left.
|
|t:|1783024988
|move|p2a: Garchomp|Protect|p2a: Garchomp
|-singleturn|p2a: Garchomp|Protect
|move|p1a: Lopunny|Close Combat|p2b: Incineroar
|-supereffective|p2b: Incineroar|1
|-damage|p2b: Incineroar|0 fnt
|-unboost|p1a: Lopunny|def|1
|-unboost|p1a: Lopunny|spd|1
|faint|p2b: Incineroar
|move|p1b: Maushold|Population Bomb|p2a: Garchomp
|-activate|p2a: Garchomp|move: Protect
|
|upkeep
|turn|8
|
|t:|1783024999
|move|p1a: Lopunny|Close Combat|p2a: Garchomp
|-crit|p2a: Garchomp
|-damage|p2a: Garchomp|0 fnt
|-unboost|p1a: Lopunny|def|1
|-unboost|p1a: Lopunny|spd|1
|-damage|p1a: Lopunny|76/100|[from] ability: Rough Skin|[of] p2a: Garchomp
|faint|p2a: Garchomp
|
|win|cecco22
|raw|cecco22's rating: 1105 → 1128(+23 for winning)
|raw|entei enthusiast's rating: 1073 → 1054(-19 for losing)
|l|☆cecco22
|player|p1|
