|j|☆catnip enthusiast
|j|☆lillyrosethedemon
|html|catnip enthusiastlillyrosethedemon    
|uhtml|bestof|Game 2 of a best-of-3
|t:|1756952943
|gametype|doubles
|player|p1|catnip enthusiast|bianca|1203
|player|p2|lillyrosethedemon|parasollady|1230
|gen|9
|tier|[Gen 9] VGC 2025 Reg H (Bo3)
|rated|
|rule|Species Clause: Limit one of each Pokémon
|rule|Item Clause: Limit 1 of each item
|clearpoke
|poke|p1|Charizard, L50, M|
|poke|p1|Jumpluff, L50, F|
|poke|p1|Torkoal, L50, M|
|poke|p1|Incineroar, L50, M|
|poke|p1|Ursaluna, L50, M|
|poke|p1|Porygon2, L50|
|poke|p2|Archaludon, L50, F|
|poke|p2|Annihilape, L50, F|
|poke|p2|Maushold, L50|
|poke|p2|Incineroar, L50, F|
|poke|p2|Primarina, L50, F|
|poke|p2|Farigiraf, L50, M|
|teampreview|4
|showteam|p1|Charizard||ChoiceSpecs|SolarPower|HeatWave,Overheat,WeatherBall,AirSlash|||M|||50|,,,,,Ghost]Jumpluff||CovertCloak|Chlorophyll|Tailwind,SleepPowder,RagePowder,SunnyDay|||F|||50|,,,,,Fire]Torkoal||EjectPack|Drought|Eruption,Overheat,HelpingHand,Protect|||M|||50|,,,,,Grass]Incineroar||SafetyGoggles|Intimidate|KnockOff,FlareBlitz,PartingShot,FakeOut|||M|||50|,,,,,Ghost]Ursaluna||FlameOrb|Guts|Facade,HeadlongRush,Protect,Earthquake|||M|||50|,,,,,Fairy]Porygon2||Eviolite|Download|TeraBlast,IceBeam,TrickRoom,Recover||||||50|,,,,,Fighting
|showteam|p2|Archaludon||PowerHerb|Stalwart|DragonPulse,ElectroShot,Thunderbolt,Protect|||F|||50|,,,,,Electric]Annihilape||LumBerry|Defiant|RageFist,CloseCombat,Taunt,FinalGambit|||F|||50|,,,,,Fire]Maushold||RockyHelmet|FriendGuard|BeatUp,FollowMe,Protect,Taunt||||||50|,,,,,Ghost]Incineroar||SafetyGoggles|Intimidate|FakeOut,FlareBlitz,KnockOff,PartingShot|||F|||50|,,,,,Water]Primarina||Leftovers|LiquidVoice|Haze,HyperVoice,Moonblast,Protect|||F|||50|,,,,,Grass]Farigiraf||ThroatSpray|ArmorTail|HyperVoice,Psychic,Protect,TrickRoom|||M|||50|,,,,,Fairy
|
|t:|1756953015
|teamsize|p1|4
|teamsize|p2|4
|start
|switch|p1a: Charizard|Charizard, L50, M, shiny|100/100
|switch|p1b: Torkoal|Torkoal, L50, M|100/100
|switch|p2a: Annihilape|Annihilape, L50, F, shiny|100/100
|switch|p2b: Maushold|Maushold, L50|100/100
|-weather|SunnyDay|[from] ability: Drought|[of] p1b: Torkoal
|turn|1
|
|t:|1756953045
|-terastallize|p1a: Charizard|Ghost
|-terastallize|p2a: Annihilape|Fire
|move|p1b: Torkoal|Helping Hand|p1a: Charizard
|-singleturn|p1a: Charizard|Helping Hand|[of] p1b: Torkoal
|move|p2b: Maushold|Beat Up|p2a: Annihilape
|-damage|p2a: Annihilape|98/100
|-damage|p2a: Annihilape|96/100
|-damage|p2a: Annihilape|93/100
|-crit|p2a: Annihilape
|-damage|p2a: Annihilape|89/100
|-hitcount|p2a: Annihilape|4
|move|p1a: Charizard|Overheat|p2a: Annihilape
|-resisted|p2a: Annihilape
|-damage|p2a: Annihilape|0 fnt
|-unboost|p1a: Charizard|spa|2
|faint|p2a: Annihilape
|
|-weather|SunnyDay|[upkeep]
|-damage|p1a: Charizard|88/100|[from] ability: Solar Power|[of] p1a: Charizard
|upkeep
|
|t:|1756953075
|switch|p2a: Archaludon|Archaludon, L50, F|100/100
|turn|2
|
|t:|1756953124
|move|p2b: Maushold|Follow Me|p2b: Maushold
|-singleturn|p2b: Maushold|move: Follow Me
|move|p1a: Charizard|Overheat|p2b: Maushold
|-crit|p2b: Maushold
|-damage|p2b: Maushold|0 fnt
|-unboost|p1a: Charizard|spa|2
|faint|p2b: Maushold
|move|p2a: Archaludon|Electro Shot||[still]
|-prepare|p2a: Archaludon|Electro Shot
|-boost|p2a: Archaludon|spa|1
|-enditem|p2a: Archaludon|Power Herb
|-anim|p2a: Archaludon|Electro Shot|p1b: Torkoal
|-damage|p1b: Torkoal|18/100
|move|p1b: Torkoal|Overheat|p2a: Archaludon
|-damage|p2a: Archaludon|0 fnt
|-unboost|p1b: Torkoal|spa|2
|faint|p2a: Archaludon
|-enditem|p1b: Torkoal|Eject Pack
|
|t:|1756953140
|switch|p1b: Jumpluff|Jumpluff, L50, F, shiny|100/100
|
|-weather|SunnyDay|[upkeep]
|-damage|p1a: Charizard|76/100|[from] ability: Solar Power|[of] p1a: Charizard
|upkeep
|
|t:|1756953146
|switch|p2b: Incineroar|Incineroar, L50, F|100/100
|-ability|p2b: Incineroar|Intimidate|boost
|-unboost|p1a: Charizard|atk|1
|-unboost|p1b: Jumpluff|atk|1
|turn|3
|
|t:|1756953155
|switch|p1a: Torkoal|Torkoal, L50, M|18/100
|move|p1b: Jumpluff|Tailwind|p1b: Jumpluff
|-sidestart|p1: catnip enthusiast|move: Tailwind
|move|p2b: Incineroar|Flare Blitz|p1a: Torkoal
|-resisted|p1a: Torkoal
|-damage|p1a: Torkoal|0 fnt
|faint|p1a: Torkoal
|-damage|p2b: Incineroar|96/100|[from] Recoil
|
|-weather|SunnyDay|[upkeep]
|upkeep
|
|t:|1756953159
|switch|p1a: Peach Cobbler|Ursaluna, L50, M, shiny|100/100
|turn|4
|
|t:|1756953167
|move|p1a: Peach Cobbler|Protect|p1a: Peach Cobbler
|-singleturn|p1a: Peach Cobbler|Protect
|move|p1b: Jumpluff|Sleep Powder|p2b: Incineroar
|-activate|p2b: Incineroar|item: Safety Goggles|Sleep Powder
|move|p2b: Incineroar|Flare Blitz|p1a: Peach Cobbler
|-activate|p1a: Peach Cobbler|move: Protect
|
|-weather|SunnyDay|[upkeep]
|-status|p1a: Peach Cobbler|brn|[from] item: Flame Orb
|upkeep
|turn|5
|
|t:|1756953176
|switch|p1b: Charizard|Charizard, L50, M, shiny, tera:Ghost|76/100
|move|p1a: Peach Cobbler|Headlong Rush|p2b: Incineroar
|-supereffective|p2b: Incineroar
|-damage|p2b: Incineroar|0 fnt
|-unboost|p1a: Peach Cobbler|def|1
|-unboost|p1a: Peach Cobbler|spd|1
|faint|p2b: Incineroar
|
|win|catnip enthusiast
||lillyrosethedemon is ready for game 3.
||catnip enthusiast is ready for game 3.
|uhtml|next|Next: Game 3 of 3
