|j|☆new mental
|j|☆Il Mule
|html|new mentalIl Mule    
|uhtml|bestof|Game 1 of a best-of-3
|t:|1785332220
|gametype|doubles
|player|p1|new mental|volkner|1370
|player|p2|Il Mule|salvatore|1452
|gen|9
|tier|[Gen 9 Champions] VGC 2026 Reg M-B (Bo3)
|rated|
|rule|Species Clause: Limit one of each Pokémon
|rule|Item Clause: Limit 1 of each item
|clearpoke
|poke|p1|Charizard, L50, F|
|poke|p1|Garchomp, L50, M|
|poke|p1|Incineroar, L50, F|
|poke|p1|Venusaur, L50, F|
|poke|p1|Toxapex, L50, M|
|poke|p1|Sylveon, L50, M|
|poke|p2|Excadrill, L50, F|
|poke|p2|Tyranitar, L50, F|
|poke|p2|Sneasler, L50, M|
|poke|p2|Incineroar, L50, F|
|poke|p2|Froslass, L50, F|
|poke|p2|Sinistcha, L50|
|teampreview|4
|showteam|p1|Charizard||CharizarditeY|SolarPower|WeatherBall,HeatWave,AncientPower,Protect|Modest||F|||50|]Garchomp||ChoiceScarf|RoughSkin|RockSlide,DragonClaw,Earthquake,StompingTantrum|Adamant||M|||50|]Incineroar||SitrusBerry|Intimidate|FlareBlitz,FakeOut,DarkestLariat,PartingShot|Impish||F|||50|]Venusaur||LifeOrb|Chlorophyll|SludgeBomb,LeafStorm,EarthPower,Protect|Modest||F|||50|]Toxapex||Leftovers|Regenerator|Infestation,Toxic,WideGuard,BanefulBunker|Bold||M|||50|]Sylveon||FairyFeather|Pixilate|HyperVoice,QuickAttack,Yawn,Detect|Modest||M|||50|
|showteam|p2|Excadrill||FocusSash|SandRush|HighHorsepower,RockSlide,IronHead,Protect|Adamant||F|||50|]Tyranitar||Tyranitarite|SandStream|KnockOff,RockSlide,DragonDance,Protect|Adamant||F|||50|]Sneasler||WhiteHerb|Unburden|CloseCombat,DireClaw,Coaching,FakeOut|Jolly||M|||50|]Incineroar||SitrusBerry|Intimidate|FlareBlitz,HelpingHand,PartingShot,FakeOut|Impish||F|||50|]Froslass||Froslassite|CursedBody|Blizzard,ShadowBall,NastyPlot,Protect|Timid||F|||50|]Sinistcha||ColburBerry|Hospitality|ShadowBall,LeafStorm,RagePowder,Protect|Bold|||||50|
|
|t:|1785332246
|teamsize|p1|4
|teamsize|p2|4
|start
|switch|p1a: Charizard|Charizard, L50, F|100/100
|switch|p1b: Garchomp|Garchomp, L50, M|100/100
|switch|p2a: Sabotage|Sneasler, L50, M|100/100
|switch|p2b: Gervasoni|Excadrill, L50, F|100/100
|turn|1
|j| estupinanthepuledr
|
|t:|1785332269
|switch|p2a: Sidy|Incineroar, L50, F|100/100
|-ability|p2a: Sidy|Intimidate|boost
|-unboost|p1a: Charizard|atk|1
|-unboost|p1b: Garchomp|atk|1
|detailschange|p1a: Charizard|Charizard-Mega-Y, L50, F
|-mega|p1a: Charizard|Charizard|Charizardite Y
|-weather|SunnyDay|[from] ability: Drought|[of] p1a: Charizard
|move|p2b: Gervasoni|Protect|p2b: Gervasoni
|-singleturn|p2b: Gervasoni|Protect
|move|p1a: Charizard|Protect|p1a: Charizard
|-singleturn|p1a: Charizard|Protect
|move|p1b: Garchomp|Earthquake|p2a: Sidy|[spread] p2a
|-activate|p1a: Charizard|move: Protect
|-activate|p2b: Gervasoni|move: Protect
|-supereffective|p2a: Sidy|1
|-damage|p2a: Sidy|58/100
|
|-weather|SunnyDay|[upkeep]
|upkeep
|turn|2
|j| lakaka siuuu
|j| Tridello
|l| lakaka siuuu
|l| Tridello
|
|t:|1785332285
|switch|p1b: Incineroar|Incineroar, L50, F|100/100
|-ability|p1b: Incineroar|Intimidate|boost
|-unboost|p2a: Sidy|atk|1
|-unboost|p2b: Gervasoni|atk|1
|move|p1a: Charizard|Protect|p1a: Charizard
|-singleturn|p1a: Charizard|Protect
|move|p2b: Gervasoni|Rock Slide|p1b: Incineroar|[spread] p1b
|-activate|p1a: Charizard|move: Protect
|-supereffective|p1b: Incineroar|1
|-damage|p1b: Incineroar|76/100
|move|p2a: Sidy|Parting Shot|p1b: Incineroar
|-unboost|p1b: Incineroar|atk|1
|-unboost|p1b: Incineroar|spa|1
|j| Tridello
|
|t:|1785332291
|switch|p2a: Quando provo|Tyranitar, L50, F|100/100|[from] Parting Shot
|-weather|Sandstorm|[from] ability: Sand Stream|[of] p2a: Quando provo
|
|-weather|Sandstorm|[upkeep]
|-damage|p1a: Charizard|94/100|[from] Sandstorm
|-damage|p1b: Incineroar|70/100|[from] Sandstorm
|upkeep
|turn|3
|
|t:|1785332299
|switch|p1a: Garchomp|Garchomp, L50, M|100/100
|move|p1b: Incineroar|Fake Out|p2b: Gervasoni
|-resisted|p2b: Gervasoni|1
|-damage|p2b: Gervasoni|94/100
|cant|p2b: Gervasoni|flinch
|move|p2a: Quando provo|Dragon Dance|p2a: Quando provo
|-boost|p2a: Quando provo|atk|1
|-boost|p2a: Quando provo|spe|1
|
|-weather|Sandstorm|[upkeep]
|-damage|p1b: Incineroar|64/100|[from] Sandstorm
|upkeep
|turn|4
|
|t:|1785332316
|switch|p2b: Sidy|Incineroar, L50, F|58/100
|-ability|p2b: Sidy|Intimidate|boost
|-unboost|p1a: Garchomp|atk|1
|-unboost|p1b: Incineroar|atk|1
|detailschange|p2a: Quando provo|Tyranitar-Mega, L50, F
|-mega|p2a: Quando provo|Tyranitar|Tyranitarite
|move|p1a: Garchomp|Earthquake|p2a: Quando provo|[spread] p1b,p2a,p2b
|-supereffective|p1b: Incineroar|1
|-supereffective|p2a: Quando provo|1
|-supereffective|p2b: Sidy|1
|-crit|p2b: Sidy
|-damage|p1b: Incineroar|21/100
|-damage|p2a: Quando provo|67/100
|-damage|p2b: Sidy|0 fnt
|-enditem|p1b: Incineroar|Sitrus Berry|[eat]
|-heal|p1b: Incineroar|46/100|[from] item: Sitrus Berry
|faint|p2b: Sidy
|move|p2a: Quando provo|Rock Slide|p1a: Garchomp|[spread] p1a,p1b
|-resisted|p1a: Garchomp|1
|-supereffective|p1b: Incineroar|1
|-damage|p1a: Garchomp|76/100
|-damage|p1b: Incineroar|0 fnt
|faint|p1b: Incineroar
|
|-weather|Sandstorm|[upkeep]
|upkeep
|l| Tridello
|
|t:|1785332339
|switch|p1b: Charizard|Charizard-Mega-Y, L50, F|94/100
|switch|p2b: Sabotage|Sneasler, L50, M|100/100
|-weather|SunnyDay|[from] ability: Drought|[of] p1b: Charizard
|turn|5
|j| Tridello
|l| Tridello
|inactive|Battle timer is ON: inactive players will automatically lose when time's up. (requested by new mental)
|
|t:|1785332360
|switch|p1a: Venusaur|Venusaur, L50, F|100/100
|move|p1b: Charizard|Protect|p1b: Charizard
|-singleturn|p1b: Charizard|Protect
|move|p2b: Sabotage|Fake Out|p1a: Venusaur
|-damage|p1a: Venusaur|86/100
|move|p2a: Quando provo|Rock Slide|p1a: Venusaur|[spread] p1a
|-activate|p1b: Charizard|move: Protect
|-damage|p1a: Venusaur|28/100
|
|-weather|SunnyDay|[upkeep]
|upkeep
|turn|6
|j| tyruntula
|j| Tridello
|j| Jenny Nencioni
|c| tyruntula|Onti
|j| rovesciaporci
|
|t:|1785332390
|move|p2a: Quando provo|Protect|p2a: Quando provo
|-singleturn|p2a: Quando provo|Protect
|move|p1a: Venusaur|Leaf Storm|p2a: Quando provo
|-activate|p2a: Quando provo|move: Protect
|move|p2b: Sabotage|Dire Claw|p1a: Venusaur
|-damage|p1a: Venusaur|0 fnt
|faint|p1a: Venusaur
|move|p1b: Charizard|Heat Wave|p2b: Sabotage|[spread] p2b
|-activate|p2a: Quando provo|move: Protect
|-damage|p2b: Sabotage|34/100
|
|-weather|SunnyDay|[upkeep]
|upkeep
|
|t:|1785332392
|switch|p1a: Garchomp|Garchomp, L50, M|76/100
|turn|7
|l| Tridello
|j| Tridello
|inactive|Il Mule has 30 seconds left.
|
|t:|1785332426
|move|p1b: Charizard|Protect|p1b: Charizard
|-singleturn|p1b: Charizard|Protect
|move|p1a: Garchomp|Earthquake|p2a: Quando provo|[spread] p2a,p2b
|-activate|p1b: Charizard|move: Protect
|-supereffective|p2a: Quando provo|1
|-supereffective|p2b: Sabotage|1
|-damage|p2a: Quando provo|13/100
|-damage|p2b: Sabotage|0 fnt
|faint|p2b: Sabotage
|move|p2a: Quando provo|Knock Off|p1a: Garchomp
|-damage|p1a: Garchomp|0 fnt
|-damage|p2a: Quando provo|1/100|[from] ability: Rough Skin|[of] p1a: Garchomp
|-enditem|p1a: Garchomp|Choice Scarf|[from] move: Knock Off|[of] p2a: Quando provo
|faint|p1a: Garchomp
|
|-weather|SunnyDay|[upkeep]
|upkeep
|
|t:|1785332435
|switch|p2b: Gervasoni|Excadrill, L50, F|94/100
|turn|8
|
|t:|1785332438
|move|p2a: Quando provo|Protect|p2a: Quando provo
|-singleturn|p2a: Quando provo|Protect
|move|p2b: Gervasoni|Rock Slide|p1b: Charizard|[miss]
|-miss|p2b: Gervasoni|p1b: Charizard
|move|p1b: Charizard|Heat Wave|p2b: Gervasoni|[spread] p2b
|-activate|p2a: Quando provo|move: Protect
|-supereffective|p2b: Gervasoni|1
|-damage|p2b: Gervasoni|0 fnt
|faint|p2b: Gervasoni
|
|-weather|SunnyDay|[upkeep]
|upkeep
|turn|9
|c| Jenny Nencioni|E godo
|
|t:|1785332447
|move|p2a: Quando provo|Rock Slide|p1b: Charizard
|-supereffective|p1b: Charizard|2
|-damage|p1b: Charizard|0 fnt
|faint|p1b: Charizard
|
|win|Il Mule
