|j|☆fayzginger
|j|☆KaiserBN1
|html|fayzgingerKaiserBN1    
|uhtml|bestof|Game 3 of a best-of-3
|t:|1756587992
|gametype|doubles
|player|p1|fayzginger|benga|1130
|player|p2|KaiserBN1|n|1141
|gen|9
|tier|[Gen 9] VGC 2025 Reg H (Bo3)
|rated|
|rule|Species Clause: Limit one of each Pokémon
|rule|Item Clause: Limit 1 of each item
|clearpoke
|poke|p1|Tyranitar, L50, M|
|poke|p1|Ursaluna-Bloodmoon, L50, M|
|poke|p1|Sneasler, L50, M|
|poke|p1|Indeedee, L50, M|
|poke|p1|Volcarona, L50, M|
|poke|p1|Annihilape, L50, M|
|poke|p2|Amoonguss, L50, F|
|poke|p2|Sneasler, L50, M|
|poke|p2|Gholdengo, L50|
|poke|p2|Incineroar, L50, M|
|poke|p2|Ursaluna-Bloodmoon, L50, M|
|poke|p2|Dragonite, L50, F|
|teampreview|4
|showteam|p1|Tyranitar||AssaultVest|SandStream|TeraBlast,KnockOff,RockSlide,LowKick|||M|||50|,,,,,Flying]Ursaluna-Bloodmoon||LifeOrb|MindsEye|Protect,BloodMoon,HyperVoice,EarthPower|||M|||50|,,,,,Normal]Sneasler||PsychicSeed|Unburden|Protect,CloseCombat,DireClaw,ThroatChop|||M|||50|,,,,,Dark]Indeedee||ChoiceScarf|PsychicSurge|ExpandingForce,TeraBlast,Trick,Protect|||M|||50|,,,,,Psychic]Volcarona||SitrusBerry|FlameBody|Overheat,RagePowder,StruggleBug,Tailwind|||M|||50|,,,,,Grass]Annihilape||SafetyGoggles|Defiant|CloseCombat,RageFist,FinalGambit,Taunt|||M|||50|,,,,,Fairy
|showteam|p2|Amoonguss||SitrusBerry|Regenerator|RagePowder,Spore,PollenPuff,Protect|||F|||50|,,,,,Psychic]Sneasler||FocusSash|Unburden|Protect,DireClaw,CloseCombat,ThroatChop|||M|||50|,,,,,Stellar]Gholdengo||LifeOrb|GoodasGold|Protect,MakeItRain,ShadowBall,NastyPlot||||||50|,,,,,Water]Incineroar||SafetyGoggles|Intimidate|KnockOff,PartingShot,FlareBlitz,FakeOut|||M|||50|,,,,,Ghost]Ursaluna-Bloodmoon||AssaultVest|MindsEye|BloodMoon,EarthPower,VacuumWave,HyperVoice|||M|||50|,,,,,Water]Dragonite||LoadedDice|Multiscale|ScaleShot,Tailwind,Haze,Protect|||F|||50|,,,,,Fairy
|inactive|Battle timer is ON: inactive players will automatically lose when time's up. (requested by KaiserBN1)
|
|t:|1756588015
|teamsize|p1|4
|teamsize|p2|4
|start
|switch|p1a: Volcarona|Volcarona, L50, M, shiny|100/100
|switch|p1b: Annihilape|Annihilape, L50, M, shiny|100/100
|switch|p2a: Luffy|Incineroar, L50, M|100/100
|switch|p2b: Golden Wind|Dragonite, L50, F|100/100
|-ability|p2a: Luffy|Intimidate|boost
|-unboost|p1a: Volcarona|atk|1
|-unboost|p1b: Annihilape|atk|1
|-ability|p1b: Annihilape|Defiant|boost
|-boost|p1b: Annihilape|atk|2
|turn|1
|inactive|KaiserBN1 has 30 seconds left.
|inactive|KaiserBN1 has 20 seconds left.
|inactive|KaiserBN1 has 15 seconds left.
|inactive|KaiserBN1 has 10 seconds left.
|inactive|KaiserBN1 has 5 seconds left.
|
|t:|1756588067
|switch|p1a: Tyranitar|Tyranitar, L50, M, shiny|100/100
|-weather|Sandstorm|[from] ability: Sand Stream|[of] p1a: Tyranitar
|move|p2a: Luffy|Fake Out|p1a: Tyranitar
|-resisted|p1a: Tyranitar
|-damage|p1a: Tyranitar|95/100
|move|p1b: Annihilape|Taunt|p2b: Golden Wind
|-start|p2b: Golden Wind|move: Taunt
|move|p2b: Golden Wind|Scale Shot|p1b: Annihilape
|-damage|p1b: Annihilape|86/100
|-damage|p1b: Annihilape|71/100
|-damage|p1b: Annihilape|55/100
|-damage|p1b: Annihilape|40/100
|-hitcount|p1b: Annihilape|4
|-unboost|p2b: Golden Wind|def|1
|-boost|p2b: Golden Wind|spe|1
|
|-weather|Sandstorm|[upkeep]
|-damage|p2b: Golden Wind|94/100|[from] Sandstorm
|upkeep
|turn|2
|inactive|KaiserBN1 has 30 seconds left.
|
|t:|1756588098
|switch|p1b: Volcarona|Volcarona, L50, M, shiny|100/100
|move|p2b: Golden Wind|Scale Shot|p1b: Volcarona
|-damage|p1b: Volcarona|82/100
|-damage|p1b: Volcarona|63/100
|-damage|p1b: Volcarona|46/100
|-enditem|p1b: Volcarona|Sitrus Berry|[eat]
|-heal|p1b: Volcarona|71/100|[from] item: Sitrus Berry
|-damage|p1b: Volcarona|52/100
|-hitcount|p1b: Volcarona|4
|-unboost|p2b: Golden Wind|def|1
|-boost|p2b: Golden Wind|spe|1
|move|p1a: Tyranitar|Rock Slide|p2a: Luffy|[spread] p2a
|-miss|p1a: Tyranitar|p2b: Golden Wind
|-supereffective|p2a: Luffy
|-damage|p2a: Luffy|44/100
|move|p2a: Luffy|Knock Off|p1b: Volcarona
|-damage|p1b: Volcarona|17/100
|
|-weather|Sandstorm|[upkeep]
|-damage|p2b: Golden Wind|88/100|[from] Sandstorm
|-damage|p1b: Volcarona|11/100|[from] Sandstorm
|upkeep
|turn|3
|inactive|KaiserBN1 has 30 seconds left.
|inactive|KaiserBN1 has 20 seconds left.
|inactive|KaiserBN1 has 15 seconds left.
|inactive|KaiserBN1 has 10 seconds left.
|
|t:|1756588147
|move|p2b: Golden Wind|Scale Shot|p1b: Volcarona
|-damage|p1b: Volcarona|0 fnt
|faint|p1b: Volcarona
|-hitcount|p1: Volcarona|1
|-unboost|p2b: Golden Wind|def|1
|-boost|p2b: Golden Wind|spe|1
|move|p1a: Tyranitar|Rock Slide|p2b: Golden Wind|[spread] p2a,p2b
|-supereffective|p2a: Luffy
|-supereffective|p2b: Golden Wind
|-damage|p2a: Luffy|0 fnt
|-damage|p2b: Golden Wind|0 fnt
|faint|p2a: Luffy
|faint|p2b: Golden Wind
|
|-weather|Sandstorm|[upkeep]
|upkeep
|
|t:|1756588169
|switch|p1b: Annihilape|Annihilape, L50, M, shiny|40/100
|switch|p2b: 8|Sneasler, L50, M|100/100
|switch|p2a: Tony|Ursaluna-Bloodmoon, L50, M|100/100
|turn|4
|inactive|KaiserBN1 has 30 seconds left.
|
|t:|1756588198
|-terastallize|p2b: 8|Stellar
|-terastallize|p1a: Tyranitar|Flying
|move|p2b: 8|Dire Claw|p1b: Annihilape
|-resisted|p1b: Annihilape
|-damage|p1b: Annihilape|10/100
|move|p1b: Annihilape|Close Combat|p2a: Tony
|-supereffective|p2a: Tony
|-damage|p2a: Tony|34/100
|-unboost|p1b: Annihilape|def|1
|-unboost|p1b: Annihilape|spd|1
|move|p1a: Tyranitar|Tera Blast|p2b: 8|[anim] Tera Blast Flying
|-supereffective|p2b: 8
|-crit|p2b: 8
|-enditem|p2b: 8|Focus Sash
|-damage|p2b: 8|1/100
|move|p2a: Tony|Earth Power|p1a: Tyranitar
|-immune|p1a: Tyranitar
|
|-weather|Sandstorm|[upkeep]
|-damage|p2b: 8|0 fnt|[from] Sandstorm
|-damage|p1a: Tyranitar|89/100|[from] Sandstorm
|faint|p2b: 8
|upkeep
|turn|5
|
|t:|1756588222
|move|p2a: Tony|Vacuum Wave|p1b: Annihilape
|-damage|p1b: Annihilape|0 fnt
|faint|p1b: Annihilape
|move|p1a: Tyranitar|Low Kick|p2a: Tony
|-supereffective|p2a: Tony
|-damage|p2a: Tony|0 fnt
|faint|p2a: Tony
|
|win|fayzginger
|raw|fayzginger's rating: 1130 → 1156(+26 for winning)
|raw|KaiserBN1's rating: 1141 → 1115(-26 for losing)
|c|☆KaiserBN1|gg
|c|☆fayzginger|gg
