|j|☆Zacharykeith
|j|☆I like tomaroes
|html|ZacharykeithI like tomaroes    
|uhtml|bestof|Game 1 of a best-of-3
|t:|1756489178
|gametype|doubles
|player|p1|Zacharykeith|fisherman-gen4|1102
|player|p2|I like tomaroes|veteran|1196
|gen|9
|tier|[Gen 9] VGC 2025 Reg H (Bo3)
|rated|
|rule|Species Clause: Limit one of each Pokémon
|rule|Item Clause: Limit 1 of each item
|clearpoke
|poke|p1|Rillaboom, L50, M|
|poke|p1|Chandelure, L50, M|
|poke|p1|Electabuzz, L50, M|
|poke|p1|Kingambit, L50, F|
|poke|p1|Primarina, L50, M|
|poke|p1|Dragapult, L50, F|
|poke|p2|Pelipper, L50, F|
|poke|p2|Sinistcha, L50|
|poke|p2|Ursaluna, L50, M|
|poke|p2|Dragonite, L50, M|
|poke|p2|Archaludon, L50, F|
|poke|p2|Basculegion, L50, M|
|teampreview|4
|showteam|p1|Rillaboom||AssaultVest|GrassySurge|FakeOut,GrassyGlide,WoodHammer,Uturn|||M|||50|,,,,,Fire]Chandelure||FocusSash|FlashFire|HeatWave,ShadowBall,TrickRoom,Protect|||M|||50|,,,,,Grass]Electabuzz||Eviolite|VitalSpirit|VoltSwitch,Electroweb,FollowMe,Taunt|||M|||50|,,,,,Ghost]Kingambit||BlackGlasses|Defiant|SuckerPunch,KowtowCleave,SwordsDance,Protect|||F|||50|,,,,,Dark]Primarina||ThroatSpray|LiquidVoice|HyperVoice,Moonblast,Haze,Protect|||M|||50|,,,,,Poison]Dragapult||ChoiceBand|ClearBody|DragonDarts,PhantomForce,Uturn,Outrage|||F|||50|,,,,,Dragon
|showteam|p2|Pelipper||FocusSash|Drizzle|WeatherBall,Hurricane,Tailwind,Protect|||F|||50|,,,,,Ghost]Sinistcha||SitrusBerry|Hospitality|MatchaGotcha,LifeDew,RagePowder,TrickRoom||||||50|,,,,,Dark]Ursaluna||FlameOrb|Guts|Facade,HeadlongRush,Earthquake,Protect|||M|||50|,,,,,Ghost]Dragonite||LoadedDice|Multiscale|ScaleShot,Haze,Tailwind,Protect|||M|||50|,,,,,Fairy]Archaludon||AssaultVest|Stamina|ElectroShot,FlashCannon,Snarl,BodyPress|||F|||50|,,,,,Bug]Basculegion||ChoiceBand|SwiftSwim|WaveCrash,FlipTurn,AquaJet,LastRespects|||M|||50|,,,,,Water
|inactive|Battle timer is ON: inactive players will automatically lose when time's up. (requested by I like tomaroes)
|inactive|Zacharykeith has 60 seconds left.
|
|t:|1756489235
|teamsize|p1|4
|teamsize|p2|4
|start
|switch|p1a: Primarina|Primarina, L50, M|100/100
|switch|p1b: Electabuzz|Electabuzz, L50, M|100/100
|switch|p2a: Ursaluna|Ursaluna, L50, M|100/100
|switch|p2b: Dragonite|Dragonite, L50, M|100/100
|turn|1
|inactive|Zacharykeith has 30 seconds left.
|inactive|I like tomaroes has 30 seconds left.
|
|t:|1756489269
|-terastallize|p2a: Ursaluna|Ghost
|move|p1b: Electabuzz|Volt Switch|p2b: Dragonite
|-damage|p2b: Dragonite|89/100
|
|t:|1756489273
|switch|p1b: Rillaboom|Rillaboom, L50, M|100/100|[from] Volt Switch
|-fieldstart|move: Grassy Terrain|[from] ability: Grassy Surge|[of] p1b: Rillaboom
|move|p2b: Dragonite|Tailwind|p2b: Dragonite
|-sidestart|p2: I like tomaroes|move: Tailwind
|move|p2a: Ursaluna|Earthquake|p1b: Rillaboom|[spread] p1a,p1b
|-immune|p2b: Dragonite
|-resisted|p1b: Rillaboom
|-damage|p1a: Primarina|76/100
|-damage|p1b: Rillaboom|89/100
|move|p1a: Primarina|Hyper Voice|p2b: Dragonite|[spread] p2a,p2b
|-resisted|p2b: Dragonite
|-damage|p2a: Ursaluna|70/100
|-damage|p2b: Dragonite|72/100
|-enditem|p1a: Primarina|Throat Spray
|-boost|p1a: Primarina|spa|1|[from] item: Throat Spray
|
|-heal|p2a: Ursaluna|75/100|[from] Grassy Terrain
|-heal|p1b: Rillaboom|95/100|[from] Grassy Terrain
|-heal|p1a: Primarina|82/100|[from] Grassy Terrain
|-status|p2a: Ursaluna|brn|[from] item: Flame Orb
|upkeep
|turn|2
|inactive|Zacharykeith has 30 seconds left.
|inactive|Zacharykeith has 20 seconds left.
|
|t:|1756489309
|switch|p2b: Archaludon|Archaludon, L50, F|100/100
|move|p1a: Primarina|Protect|p1a: Primarina
|-singleturn|p1a: Primarina|Protect
|move|p2a: Ursaluna|Facade|p1b: Rillaboom
|-damage|p1b: Rillaboom|0 fnt
|faint|p1b: Rillaboom
|
|-heal|p2a: Ursaluna|81/100 brn|[from] Grassy Terrain
|-heal|p1a: Primarina|88/100|[from] Grassy Terrain
|-damage|p2a: Ursaluna|75/100 brn|[from] brn
|upkeep
|
|t:|1756489316
|switch|p1b: Electabuzz|Electabuzz, L50, M|100/100
|turn|3
|
|t:|1756489339
|-terastallize|p1b: Electabuzz|Ghost
|move|p1b: Electabuzz|Follow Me|p1b: Electabuzz
|-singleturn|p1b: Electabuzz|move: Follow Me
|move|p2b: Archaludon|Snarl|p1a: Primarina|[spread] p1a,p1b
|-resisted|p1a: Primarina
|-crit|p1a: Primarina
|-supereffective|p1b: Electabuzz
|-damage|p1a: Primarina|80/100
|-damage|p1b: Electabuzz|81/100
|-unboost|p1a: Primarina|spa|1
|-unboost|p1b: Electabuzz|spa|1
|move|p2a: Ursaluna|Headlong Rush|p1b: Electabuzz
|-damage|p1b: Electabuzz|2/100
|-unboost|p2a: Ursaluna|def|1
|-unboost|p2a: Ursaluna|spd|1
|move|p1a: Primarina|Hyper Voice|p2a: Ursaluna|[spread] p2a,p2b
|-resisted|p2b: Archaludon
|-damage|p2a: Ursaluna|24/100 brn
|-damage|p2b: Archaludon|89/100
|-ability|p2b: Archaludon|Stamina|boost
|-boost|p2b: Archaludon|def|1
|
|-heal|p2b: Archaludon|95/100|[from] Grassy Terrain
|-heal|p2a: Ursaluna|30/100 brn|[from] Grassy Terrain
|-heal|p1b: Electabuzz|8/100|[from] Grassy Terrain
|-heal|p1a: Primarina|86/100|[from] Grassy Terrain
|-damage|p2a: Ursaluna|24/100 brn|[from] brn
|upkeep
|turn|4
|inactive|I like tomaroes has 30 seconds left.
|
|t:|1756489372
|move|p1a: Primarina|Protect|p1a: Primarina
|-singleturn|p1a: Primarina|Protect
|move|p2b: Archaludon|Snarl|p1b: Electabuzz|[spread] p1b
|-activate|p1a: Primarina|move: Protect
|-supereffective|p1b: Electabuzz
|-damage|p1b: Electabuzz|0 fnt
|faint|p1b: Electabuzz
|move|p2a: Ursaluna|Headlong Rush|p1a: Primarina
|-activate|p1a: Primarina|move: Protect
|
|-heal|p2b: Archaludon|100/100|[from] Grassy Terrain
|-heal|p2a: Ursaluna|30/100 brn|[from] Grassy Terrain
|-heal|p1a: Primarina|92/100|[from] Grassy Terrain
|-damage|p2a: Ursaluna|24/100 brn|[from] brn
|-sideend|p2: I like tomaroes|move: Tailwind
|upkeep
|
|t:|1756489385
|switch|p1b: Kingambit|Kingambit, L50, F|100/100
|turn|5
|
|t:|1756489403
|switch|p2a: Pelipper|Pelipper, L50, F|100/100
|-weather|RainDance|[from] ability: Drizzle|[of] p2a: Pelipper
|move|p1b: Kingambit|Sucker Punch||[still]
|-fail|p1b: Kingambit
|move|p2b: Archaludon|Body Press|p1b: Kingambit
|-supereffective|p1b: Kingambit
|-damage|p1b: Kingambit|0 fnt
|faint|p1b: Kingambit
|move|p1a: Primarina|Hyper Voice|p2a: Pelipper|[spread] p2a,p2b
|-resisted|p2a: Pelipper
|-resisted|p2b: Archaludon
|-damage|p2a: Pelipper|60/100
|-damage|p2b: Archaludon|84/100
|-ability|p2b: Archaludon|Stamina|boost
|-boost|p2b: Archaludon|def|1
|
|-weather|RainDance|[upkeep]
|-heal|p2b: Archaludon|90/100|[from] Grassy Terrain
|-heal|p1a: Primarina|98/100|[from] Grassy Terrain
|-fieldend|move: Grassy Terrain
|upkeep
|turn|6
|
|t:|1756489424
|move|p2a: Pelipper|Tailwind|p2a: Pelipper
|-sidestart|p2: I like tomaroes|move: Tailwind
|move|p2b: Archaludon|Electro Shot||[still]
|-prepare|p2b: Archaludon|Electro Shot
|-boost|p2b: Archaludon|spa|1
|-anim|p2b: Archaludon|Electro Shot|p1a: Primarina
|-supereffective|p1a: Primarina
|-damage|p1a: Primarina|0 fnt
|faint|p1a: Primarina
|
|win|I like tomaroes
