|j|☆bzzzzzzddddz
|j|☆castoriceball
|html|bzzzzzzddddzcastoriceball    
|uhtml|bestof|Game 1 of a best-of-3
|t:|1785125484
|gametype|doubles
|player|p1|bzzzzzzddddz|170|1236
|player|p2|castoriceball|miku-flying|1408
|gen|9
|tier|[Gen 9 Champions] VGC 2026 Reg M-B (Bo3)
|rated|
|rule|Species Clause: Limit one of each Pokémon
|rule|Item Clause: Limit 1 of each item
|clearpoke
|poke|p1|Pelipper, L50, F|
|poke|p1|Archaludon, L50, M|
|poke|p1|Scovillain, L50, M, shiny|
|poke|p1|Meganium, L50, F|
|poke|p1|Espathra, L50, F|
|poke|p1|Raichu, L50, M|
|poke|p2|Glimmora, L50, M, shiny|
|poke|p2|Ninetales-Alola, L50, F, shiny|
|poke|p2|Talonflame, L50, F, shiny|
|poke|p2|Basculegion, L50, M, shiny|
|poke|p2|Kommo-o, L50, F, shiny|
|poke|p2|Kingambit, L50, F, shiny|
|teampreview|4
|showteam|p1|Pelipper||SitrusBerry|Drizzle|WeatherBall,Hurricane,Tailwind,Uturn|Calm||F|||50|]Archaludon||Leftovers|Stamina|ElectroShot,DragonPulse,FlashCannon,Protect|Modest||M|||50|]Scovillain||Scovillainite|Moody|Flamethrower,LeechSeed,RagePowder,Protect|Bold||M|||50|]Meganium||Meganiumite|Overgrow|SolarBeam,WeatherBall,DazzlingGleam,Protect|Modest||F|||50|]Espathra||BrightPowder|SpeedBoost|LuminaCrash,CalmMind,BatonPass,Protect|Modest||F|||50|]Raichu||RaichuniteX|LightningRod|RisingVoltage,Encore,FakeOut,Protect|Timid||M|||50|
|showteam|p2|Glimmora||Glimmoranite|ToxicDebris|PowerGem,SludgeBomb,EarthPower,SpikyShield|Modest||M|||50|]Ninetales-Alola||NeverMeltIce|SnowWarning|Blizzard,FreezeDry,Encore,Protect|Timid||F|||50|]Talonflame||SharpBeak|GaleWings|DualWingbeat,FlareBlitz,Tailwind,Protect|Jolly||F|||50|]Basculegion||ChoiceScarf|Adaptability|WaveCrash,AquaJet,FlipTurn,LastRespects|Jolly||M|||50|]Kommo-o||LifeOrb|Soundproof|ClangingScales,DracoMeteor,AuraSphere,Protect|Modest||F|||50|]Kingambit||FocusSash|Defiant|SuckerPunch,KowtowCleave,IronHead,Protect|Adamant||F|||50|
|inactive|Battle timer is ON: inactive players will automatically lose when time's up. (requested by bzzzzzzddddz)
|inactive|castoriceball has 60 seconds left.
|inactive|castoriceball has 30 seconds left.
|
|t:|1785125551
|teamsize|p1|4
|teamsize|p2|4
|start
|switch|p1a: Espathra|Espathra, L50, F|100/100
|switch|p1b: Scovillain|Scovillain, L50, M, shiny|100/100
|switch|p2a: Nuke.|Glimmora, L50, M, shiny|100/100
|switch|p2b: BIRDDD|Talonflame, L50, F, shiny|100/100
|turn|1
|inactive|bzzzzzzddddz has 30 seconds left.
|
|t:|1785125576
|detailschange|p2a: Nuke.|Glimmora-Mega, L50, M, shiny
|-mega|p2a: Nuke.|Glimmora|Glimmoranite
|move|p1b: Scovillain|Protect|p1b: Scovillain
|-singleturn|p1b: Scovillain|Protect
|move|p2b: BIRDDD|Tailwind|p2b: BIRDDD
|-sidestart|p2: castoriceball|move: Tailwind
|move|p2a: Nuke.|Power Gem|p1a: Espathra
|-damage|p1a: Espathra|29/100
|move|p1a: Espathra|Lumina Crash|p2a: Nuke.
|-supereffective|p2a: Nuke.|1
|-damage|p2a: Nuke.|31/100
|-unboost|p2a: Nuke.|spd|2
|
|-ability|p1a: Espathra|Speed Boost|boost
|-boost|p1a: Espathra|spe|1
|-ability|p1b: Scovillain|Moody|boost
|-boost|p1b: Scovillain|spd|2
|-unboost|p1b: Scovillain|spe|1
|upkeep
|turn|2
|
|t:|1785125600
|detailschange|p1b: Scovillain|Scovillain-Mega, L50, M, shiny
|-mega|p1b: Scovillain|Scovillain|Scovillainite
|move|p1a: Espathra|Protect|p1a: Espathra
|-singleturn|p1a: Espathra|Protect
|move|p2b: BIRDDD|Dual Wingbeat|p1b: Scovillain
|-supereffective|p1b: Scovillain|1
|-damage|p1b: Scovillain|63/100
|-immune|p2b: BIRDDD
|-supereffective|p1b: Scovillain|1
|-damage|p1b: Scovillain|25/100
|-immune|p2b: BIRDDD
|-hitcount|p1b: Scovillain|2
|move|p2a: Nuke.|Sludge Bomb|p1a: Espathra
|-activate|p1a: Espathra|move: Protect
|move|p1b: Scovillain|Flamethrower|p2a: Nuke.
|-resisted|p2a: Nuke.|1
|-damage|p2a: Nuke.|0 fnt
|faint|p2a: Nuke.
|
|-ability|p1a: Espathra|Speed Boost|boost
|-boost|p1a: Espathra|spe|1
|upkeep
|
|t:|1785125617
|switch|p2a: ICE TALES|Ninetales-Alola, L50, F, shiny|100/100
|-weather|Snowscape|[from] ability: Snow Warning|[of] p2a: ICE TALES
|turn|3
|inactive|bzzzzzzddddz has 30 seconds left.
|inactive|bzzzzzzddddz has 20 seconds left.
|inactive|bzzzzzzddddz has 15 seconds left.
|
|t:|1785125659
|switch|p1b: Archaludon|Archaludon, L50, M|100/100
|move|p2b: BIRDDD|Dual Wingbeat|p1b: Archaludon
|-resisted|p1b: Archaludon|1
|-damage|p1b: Archaludon|92/100
|-ability|p1b: Archaludon|Stamina|boost
|-boost|p1b: Archaludon|def|1
|-resisted|p1b: Archaludon|1
|-damage|p1b: Archaludon|88/100
|-ability|p1b: Archaludon|Stamina|boost
|-boost|p1b: Archaludon|def|1
|-hitcount|p1b: Archaludon|2
|move|p2a: ICE TALES|Freeze-Dry|p1a: Espathra
|-damage|p1a: Espathra|0 fnt
|faint|p1a: Espathra
|
|-weather|Snowscape|[upkeep]
|-heal|p1b: Archaludon|94/100|[from] item: Leftovers
|upkeep
|
|t:|1785125665
|switch|p1a: Pelipper|Pelipper, L50, F|100/100
|-weather|RainDance|[from] ability: Drizzle|[of] p1a: Pelipper
|turn|4
|
|t:|1785125689
|switch|p2a: Komm-OH-NOOO|Kommo-o, L50, F, shiny|100/100
|move|p2b: BIRDDD|Protect|p2b: BIRDDD
|-singleturn|p2b: BIRDDD|Protect
|move|p1b: Archaludon|Electro Shot||[still]
|-prepare|p1b: Archaludon|Electro Shot
|-boost|p1b: Archaludon|spa|1
|-anim|p1b: Archaludon|Electro Shot|p2b: BIRDDD
|-activate|p2b: BIRDDD|move: Protect
|move|p1a: Pelipper|U-turn|p1b: Archaludon
|-resisted|p1b: Archaludon|1
|-damage|p1b: Archaludon|92/100
|-ability|p1b: Archaludon|Stamina|boost
|-boost|p1b: Archaludon|def|1
|
|t:|1785125694
|switch|p1a: Scovillain|Scovillain-Mega, L50, M, shiny|25/100|[from] U-turn
|
|-weather|RainDance|[upkeep]
|-heal|p1b: Archaludon|98/100|[from] item: Leftovers
|-sideend|p2: castoriceball|move: Tailwind
|upkeep
|turn|5
|
|t:|1785125719
|move|p2a: Komm-OH-NOOO|Protect|p2a: Komm-OH-NOOO
|-singleturn|p2a: Komm-OH-NOOO|Protect
|move|p2b: BIRDDD|Dual Wingbeat|p1a: Scovillain
|-supereffective|p1a: Scovillain|1
|-damage|p1a: Scovillain|0 fnt
|-immune|p2b: BIRDDD
|faint|p1a: Scovillain
|-hitcount|p1: Scovillain|1
|move|p1b: Archaludon|Electro Shot||[still]
|-prepare|p1b: Archaludon|Electro Shot
|-boost|p1b: Archaludon|spa|1
|-anim|p1b: Archaludon|Electro Shot|p2b: BIRDDD
|-supereffective|p2b: BIRDDD|1
|-damage|p2b: BIRDDD|0 fnt
|faint|p2b: BIRDDD
|
|-weather|RainDance|[upkeep]
|-heal|p1b: Archaludon|100/100|[from] item: Leftovers
|upkeep
|
|t:|1785125723
|switch|p2b: ICE TALES|Ninetales-Alola, L50, F, shiny|100/100
|switch|p1a: Pelipper|Pelipper, L50, F|100/100
|-weather|Snowscape|[from] ability: Snow Warning|[of] p2b: ICE TALES
|-weather|RainDance|[from] ability: Drizzle|[of] p1a: Pelipper
|turn|6
|
|t:|1785125747
|move|p2b: ICE TALES|Freeze-Dry|p1a: Pelipper
|-supereffective|p1a: Pelipper|2
|-damage|p1a: Pelipper|0 fnt
|faint|p1a: Pelipper
|move|p2a: Komm-OH-NOOO|Aura Sphere|p1b: Archaludon
|-supereffective|p1b: Archaludon|1
|-damage|p1b: Archaludon|0 fnt
|faint|p1b: Archaludon
|-damage|p2a: Komm-OH-NOOO|90/100|[from] item: Life Orb
|
|win|castoriceball
||bzzzzzzddddz is ready for game 2.
