|j|☆Dat guy In black
|j|☆Sincubii
|html|Dat guy In blackSincubii    
|uhtml|bestof|Game 2 of a best-of-3
|t:|1757816380
|gametype|doubles
|player|p1|Dat guy In black|170|1080
|player|p2|Sincubii|palmer|1129
|gen|9
|tier|[Gen 9] VGC 2025 Reg H (Bo3)
|rated|
|rule|Species Clause: Limit one of each Pokémon
|rule|Item Clause: Limit 1 of each item
|clearpoke
|poke|p1|Sneasler, L50, M|
|poke|p1|Dragapult, L50, F|
|poke|p1|Rillaboom, L50, F|
|poke|p1|Gastrodon-East, L50, M|
|poke|p1|Volcarona, L50, F|
|poke|p1|Electabuzz, L50, F|
|poke|p2|Weavile, L50, M|
|poke|p2|Weezing-Galar, L50, M|
|poke|p2|Tyranitar, L50, M|
|poke|p2|Dragonite, L50, F|
|poke|p2|Typhlosion-Hisui, L50, M|
|poke|p2|Toedscruel, L50, M|
|teampreview|4
|showteam|p1|Sneasler||FocusSash|PoisonTouch|DireClaw,CloseCombat,Coaching,Protect|||M|||50|,,,,,Ghost]Dragapult||ChoiceBand|ClearBody|DragonDarts,TeraBlast,PhantomForce,Uturn|||F|||50|,,,,,Fighting]Rillaboom||AssaultVest|GrassySurge|FakeOut,GrassyGlide,WoodHammer,Uturn|||F|||50|,,,,,Fire]GastrodonEast||GrassySeed|StormDrain|ClearSmog,EarthPower,IceBeam,Recover|||M|||50|,,,,,Poison]Volcarona||CovertCloak|FlameBody|HeatWave,TeraBlast,QuiverDance,Protect|||F|||50|,,,,,Fairy]Electabuzz||Eviolite|VitalSpirit|FollowMe,Electroweb,Taunt,Protect|||F|||50|,,,,,Ghost
|showteam|p2|Weavile||LifeOrb|Pressure|FakeOut,IceSpinner,KnockOff,LowKick|||M|||50|,,,,,Ghost]Weezing-Galar||SafetyGoggles|NeutralizingGas|StrangeSteam,WillOWisp,Taunt,Protect|||M|||50|,,,,,Fire]Tyranitar||AssaultVest|SandStream|KnockOff,RockSlide,TeraBlast,LowKick|||M|||50|,,,,,Flying]Dragonite||LoadedDice|InnerFocus|Protect,ScaleShot,Tailwind,IronHead|||F|||50|,,,,,Steel]Typhlosion-Hisui||ChoiceScarf|Blaze|Eruption,HeatWave,ShadowBall,Overheat|||M|||50|,,,,,Fire]Toedscruel||FocusSash|MyceliumMight|Spore,EarthPower,LeafStorm,Protect|||M|||50|,,,,,Fairy
|
|t:|1757816420
|teamsize|p1|4
|teamsize|p2|4
|start
|switch|p1a: Rillaboom|Rillaboom, L50, F|100/100
|switch|p1b: Dragapult|Dragapult, L50, F|100/100
|switch|p2a: Weezing|Weezing-Galar, L50, M|100/100
|switch|p2b: Weavile|Weavile, L50, M|100/100
|-ability|p2a: Weezing|Neutralizing Gas
|turn|1
|inactive|Battle timer is ON: inactive players will automatically lose when time's up. (requested by Sincubii)
|
|t:|1757816459
|move|p2b: Weavile|Fake Out|p1a: Rillaboom
|-damage|p1a: Rillaboom|84/100
|-damage|p2b: Weavile|91/100|[from] item: Life Orb
|cant|p1a: Rillaboom|flinch
|move|p1b: Dragapult|U-turn|p2b: Weavile
|-supereffective|p2b: Weavile
|-damage|p2b: Weavile|0 fnt
|faint|p2b: Weavile
|
|t:|1757816462
|switch|p1b: Electabuzz|Electabuzz, L50, F|100/100|[from] U-turn
|move|p2a: Weezing|Will-O-Wisp|p1b: Electabuzz
|-status|p1b: Electabuzz|brn
|
|-damage|p1b: Electabuzz|95/100 brn|[from] brn
|upkeep
|
|t:|1757816482
|switch|p2b: Typhlosion|Typhlosion-Hisui, L50, M|100/100
|turn|2
|
|t:|1757816501
|switch|p2b: Tyranitar|Tyranitar, L50, M|100/100
|move|p1b: Electabuzz|Electroweb|p2b: Tyranitar|[spread] p2a,p2b
|-damage|p2a: Weezing|83/100
|-damage|p2b: Tyranitar|91/100
|-unboost|p2a: Weezing|spe|1
|-unboost|p2b: Tyranitar|spe|1
|move|p1a: Rillaboom|Wood Hammer|p2a: Weezing
|-resisted|p2a: Weezing
|-damage|p2a: Weezing|60/100
|-damage|p1a: Rillaboom|77/100|[from] Recoil
|move|p2a: Weezing|Taunt|p1b: Electabuzz
|-start|p1b: Electabuzz|move: Taunt
|
|-damage|p1b: Electabuzz|89/100 brn|[from] brn
|upkeep
|turn|3
|inactive|Sincubii has 30 seconds left.
|inactive|Sincubii has 20 seconds left.
|inactive|Sincubii has 15 seconds left.
|
|t:|1757816544
|-terastallize|p2b: Tyranitar|Flying
|move|p1b: Electabuzz|Electroweb|p2b: Tyranitar|[spread] p2b
|-miss|p1b: Electabuzz|p2a: Weezing
|-supereffective|p2b: Tyranitar
|-damage|p2b: Tyranitar|75/100
|-unboost|p2b: Tyranitar|spe|1
|move|p1a: Rillaboom|Wood Hammer|p2b: Tyranitar
|-resisted|p2b: Tyranitar
|-damage|p2b: Tyranitar|50/100
|-damage|p1a: Rillaboom|69/100|[from] Recoil
|move|p2a: Weezing|Will-O-Wisp|p1a: Rillaboom
|-status|p1a: Rillaboom|brn
|move|p2b: Tyranitar|Knock Off|p1b: Electabuzz
|-damage|p1b: Electabuzz|30/100 brn
|-enditem|p1b: Electabuzz|Eviolite|[from] move: Knock Off|[of] p2b: Tyranitar
|
|-damage|p1b: Electabuzz|24/100 brn|[from] brn
|-damage|p1a: Rillaboom|62/100 brn|[from] brn
|upkeep
|turn|4
|
|t:|1757816566
|move|p1b: Electabuzz|Electroweb|p2a: Weezing|[spread] p2a,p2b
|-supereffective|p2b: Tyranitar
|-damage|p2a: Weezing|43/100
|-damage|p2b: Tyranitar|32/100
|-unboost|p2a: Weezing|spe|1
|-unboost|p2b: Tyranitar|spe|1
|move|p1a: Rillaboom|Wood Hammer|p2b: Tyranitar
|-resisted|p2b: Tyranitar
|-crit|p2b: Tyranitar
|-damage|p2b: Tyranitar|11/100
|-damage|p1a: Rillaboom|56/100 brn|[from] Recoil
|move|p2a: Weezing|Strange Steam|p1b: Electabuzz
|-damage|p1b: Electabuzz|0 fnt
|faint|p1b: Electabuzz
|move|p2b: Tyranitar|Tera Blast|p1a: Rillaboom|[anim] Tera Blast Flying
|-supereffective|p1a: Rillaboom
|-damage|p1a: Rillaboom|0 fnt
|faint|p1a: Rillaboom
|
|upkeep
|
|t:|1757816573
|switch|p1b: Sneasler|Sneasler, L50, M|100/100
|switch|p1a: Dragapult|Dragapult, L50, F|100/100
|turn|5
|inactive|Dat guy In black has 30 seconds left.
|
|t:|1757816601
|move|p1b: Sneasler|Protect|p1b: Sneasler
|-singleturn|p1b: Sneasler|Protect
|move|p1a: Dragapult|Phantom Force||[still]
|-prepare|p1a: Dragapult|Phantom Force
|move|p2a: Weezing|Strange Steam|p1b: Sneasler
|-activate|p1b: Sneasler|move: Protect
|move|p2b: Tyranitar|Rock Slide|p1b: Sneasler|[spread] 
|-miss|p2b: Tyranitar|p1a: Dragapult
|-activate|p1b: Sneasler|move: Protect
|
|upkeep
|turn|6
|
|t:|1757816615
|move|p2a: Weezing|Protect|p2a: Weezing
|-singleturn|p2a: Weezing|Protect
|move|p1a: Dragapult|Phantom Force|p2a: Weezing|[from] lockedmove
|-activate|p2a: Weezing|move: Phantom Force|[broken]
|-damage|p2a: Weezing|0 fnt
|faint|p2a: Weezing
|-end|p2a: Weezing|ability: Neutralizing Gas
|-weather|Sandstorm|[from] ability: Sand Stream|[of] p2b: Tyranitar
|move|p1b: Sneasler|Dire Claw|p2b: Tyranitar
|-damage|p2b: Tyranitar|0 fnt
|faint|p2b: Tyranitar
|
|-weather|Sandstorm|[upkeep]
|-damage|p1a: Dragapult|94/100|[from] Sandstorm
|-damage|p1b: Sneasler|95/100|[from] Sandstorm
|upkeep
|
|t:|1757816623
|switch|p2b: Typhlosion|Typhlosion-Hisui, L50, M|100/100
|turn|7
|
|t:|1757816634
|move|p2b: Typhlosion|Shadow Ball|p1a: Dragapult
|-supereffective|p1a: Dragapult
|-damage|p1a: Dragapult|0 fnt
|faint|p1a: Dragapult
|move|p1b: Sneasler|Dire Claw|p2b: Typhlosion
|-resisted|p2b: Typhlosion
|-damage|p2b: Typhlosion|71/100
|
|-weather|Sandstorm|[upkeep]
|-damage|p2b: Typhlosion|65/100|[from] Sandstorm
|-damage|p1b: Sneasler|89/100|[from] Sandstorm
|upkeep
|turn|8
|
|t:|1757816643
|move|p2b: Typhlosion|Shadow Ball|p1b: Sneasler
|-damage|p1b: Sneasler|31/100
|move|p1b: Sneasler|Dire Claw|p2b: Typhlosion
|-resisted|p2b: Typhlosion
|-damage|p2b: Typhlosion|34/100
|-status|p2b: Typhlosion|psn|[from] ability: Poison Touch|[of] p1b: Sneasler
|
|-weather|Sandstorm|[upkeep]
|-damage|p2b: Typhlosion|28/100 psn|[from] Sandstorm
|-damage|p1b: Sneasler|25/100|[from] Sandstorm
|-damage|p2b: Typhlosion|15/100 psn|[from] psn
|upkeep
|turn|9
|
|t:|1757816651
|move|p1b: Sneasler|Protect|p1b: Sneasler
|-singleturn|p1b: Sneasler|Protect
|move|p2b: Typhlosion|Shadow Ball|p1b: Sneasler
|-activate|p1b: Sneasler|move: Protect
|
|-weather|Sandstorm|[upkeep]
|-damage|p2b: Typhlosion|9/100 psn|[from] Sandstorm
|-damage|p1b: Sneasler|20/100|[from] Sandstorm
|-damage|p2b: Typhlosion|0 fnt|[from] psn
|faint|p2b: Typhlosion
|
|win|Dat guy In black
|raw|Dat guy In black's rating: 1080 → 1112(+32 for winning)
|raw|Sincubii's rating: 1129 → 1100(-29 for losing)
|l|☆Sincubii
|player|p2|
