|j|☆snocks
|j|☆Adriatic Tides
|html|snocksAdriatic Tides    
|uhtml|bestof|Game 2 of a best-of-3
|t:|1786158840
|gametype|doubles
|player|p1|snocks|266|1118
|player|p2|Adriatic Tides|leon|1258
|gen|9
|tier|[Gen 9 Champions] VGC 2026 Reg M-B (Bo3)
|rated|
|rule|Species Clause: Limit one of each Pokémon
|rule|Item Clause: Limit 1 of each item
|clearpoke
|poke|p1|Charizard, L50, F|
|poke|p1|Venusaur, L50, M|
|poke|p1|Incineroar, L50, M|
|poke|p1|Garchomp, L50, F|
|poke|p1|Whimsicott, L50, F, shiny|
|poke|p1|Basculegion, L50, M|
|poke|p2|Tyranitar, L50, M|
|poke|p2|Excadrill, L50, M|
|poke|p2|Delphox, L50, M|
|poke|p2|Sinistcha, L50|
|poke|p2|Rotom-Wash, L50|
|poke|p2|Incineroar, L50, M|
|teampreview|4
|showteam|p1|Charizard||CharizarditeY|Blaze|HeatWave,Protect,SolarBeam,WeatherBall|Modest||F|||50|]Venusaur||Venusaurite|Chlorophyll|SludgeBomb,SleepPowder,Protect,GigaDrain|Modest||M|||50|]Incineroar||ChopleBerry|Intimidate|FlareBlitz,FakeOut,PartingShot,ThroatChop|Careful||M|||50|]Garchomp||LifeOrb|RoughSkin|DragonClaw,Protect,Earthquake,RockSlide|Adamant||F|||50|]Whimsicott||OccaBerry|Prankster|Tailwind,Encore,HelpingHand,Moonblast|Timid||F|||50|]Basculegion||FocusSash|Adaptability|AquaJet,Protect,LastRespects,Liquidation|Jolly||M|||50|
|showteam|p2|Tyranitar||Tyranitarite|SandStream|KnockOff,RockSlide,Protect,LowKick|Adamant||M|||50|]Excadrill||FocusSash|SandRush|Protect,Earthquake,IronHead,RockSlide|Jolly||M|||50|]Delphox||Delphoxite|Blaze|NastyPlot,HeatWave,Psyshock,Protect|Timid||M|||50|]Sinistcha||ColburBerry|Hospitality|TrickRoom,MatchaGotcha,Protect,RagePowder|Bold|||||50|]Rotom-Wash||Leftovers|Levitate|Electroweb,HydroPump,Protect,Thunderbolt|Timid|||||50|]Incineroar||SitrusBerry|Intimidate|FakeOut,FlareBlitz,PartingShot,ThroatChop|Careful||M|||50|
|inactive|Battle timer is ON: inactive players will automatically lose when time's up. (requested by snocks)
|
|t:|1786158860
|teamsize|p1|4
|teamsize|p2|4
|start
|switch|p1a: Incineroar|Incineroar, L50, M|100/100
|switch|p1b: Charizard|Charizard, L50, F|100/100
|switch|p2a: Incineroar|Incineroar, L50, M|100/100
|switch|p2b: Delphox|Delphox, L50, M|100/100
|-ability|p1a: Incineroar|Intimidate|boost
|-unboost|p2a: Incineroar|atk|1
|-unboost|p2b: Delphox|atk|1
|-ability|p2a: Incineroar|Intimidate|boost
|-unboost|p1a: Incineroar|atk|1
|-unboost|p1b: Charizard|atk|1
|turn|1
|
|t:|1786158870
|detailschange|p2b: Delphox|Delphox-Mega, L50, M
|-mega|p2b: Delphox|Delphox|Delphoxite
|move|p1b: Charizard|Protect|p1b: Charizard
|-singleturn|p1b: Charizard|Protect
|move|p2a: Incineroar|Fake Out|p1b: Charizard
|-activate|p1b: Charizard|move: Protect
|move|p2b: Delphox|Nasty Plot|p2b: Delphox
|-boost|p2b: Delphox|spa|2
|move|p1a: Incineroar|Parting Shot|p2b: Delphox
|-unboost|p2b: Delphox|atk|1
|-unboost|p2b: Delphox|spa|1
|
|t:|1786158881
|switch|p1a: Whimsicott|Whimsicott, L50, F, shiny|100/100|[from] Parting Shot
|
|upkeep
|turn|2
|
|t:|1786158896
|switch|p2b: Rotom|Rotom-Wash, L50|100/100
|detailschange|p1b: Charizard|Charizard-Mega-Y, L50, F
|-mega|p1b: Charizard|Charizard|Charizardite Y
|-weather|SunnyDay|[from] ability: Drought|[of] p1b: Charizard
|move|p1a: Whimsicott|Encore||[still]
|-fail|p1a: Whimsicott
|move|p1b: Charizard|Heat Wave|p2b: Rotom|[spread] p2a,p2b
|-resisted|p2a: Incineroar|1
|-resisted|p2b: Rotom|1
|-damage|p2a: Incineroar|77/100
|-damage|p2b: Rotom|66/100
|move|p2a: Incineroar|Flare Blitz|p1a: Whimsicott
|-supereffective|p1a: Whimsicott|1
|-enditem|p1a: Whimsicott|Occa Berry|[eat]
|-enditem|p1a: Whimsicott|Occa Berry|[weaken]
|-damage|p1a: Whimsicott|37/100
|-damage|p2a: Incineroar|61/100|[from] Recoil
|
|-weather|SunnyDay|[upkeep]
|-heal|p2b: Rotom|72/100|[from] item: Leftovers
|upkeep
|turn|3
|
|t:|1786158919
|switch|p1a: Incineroar|Incineroar, L50, M|100/100
|-ability|p1a: Incineroar|Intimidate|boost
|-unboost|p2a: Incineroar|atk|1
|-unboost|p2b: Rotom|atk|1
|move|p2b: Rotom|Protect|p2b: Rotom
|-singleturn|p2b: Rotom|Protect
|move|p1b: Charizard|Solar Beam||[still]
|-prepare|p1b: Charizard|Solar Beam
|-anim|p1b: Charizard|Solar Beam|p2b: Rotom
|-activate|p2b: Rotom|move: Protect
|move|p2a: Incineroar|Flare Blitz|p1a: Incineroar
|-resisted|p1a: Incineroar|1
|-damage|p1a: Incineroar|84/100
|-damage|p2a: Incineroar|55/100|[from] Recoil
|
|-weather|SunnyDay|[upkeep]
|-heal|p2b: Rotom|79/100|[from] item: Leftovers
|upkeep
|turn|4
|
|t:|1786158933
|switch|p2b: Sinistcha|Sinistcha, L50|100/100
|-heal|p2a: Incineroar|80/100|[from] ability: Hospitality|[of] p2b: Sinistcha
|move|p1a: Incineroar|Fake Out|p2a: Incineroar
|-damage|p2a: Incineroar|72/100
|move|p1b: Charizard|Solar Beam||[still]
|-prepare|p1b: Charizard|Solar Beam
|-anim|p1b: Charizard|Solar Beam|p2b: Sinistcha
|-resisted|p2b: Sinistcha|1
|-damage|p2b: Sinistcha|73/100
|cant|p2a: Incineroar|flinch
|
|-weather|SunnyDay|[upkeep]
|upkeep
|turn|5
|
|t:|1786158947
|move|p2b: Sinistcha|Protect|p2b: Sinistcha
|-singleturn|p2b: Sinistcha|Protect
|move|p1b: Charizard|Weather Ball|p2b: Sinistcha
|-activate|p2b: Sinistcha|move: Protect
|move|p1a: Incineroar|Parting Shot|p2a: Incineroar
|-unboost|p2a: Incineroar|atk|1
|-unboost|p2a: Incineroar|spa|1
|
|t:|1786158958
|switch|p1a: Venusaur|Venusaur, L50, M|100/100|[from] Parting Shot
|move|p2a: Incineroar|Parting Shot|p1b: Charizard
|-unboost|p1b: Charizard|atk|1
|-unboost|p1b: Charizard|spa|1
|
|t:|1786158968
|switch|p2a: Rotom|Rotom-Wash, L50|79/100|[from] Parting Shot
|
|-weather|SunnyDay|[upkeep]
|-heal|p2a: Rotom|85/100|[from] item: Leftovers
|upkeep
|turn|6
|
|t:|1786158982
|move|p2b: Sinistcha|Rage Powder|p2b: Sinistcha
|-singleturn|p2b: Sinistcha|move: Rage Powder
|move|p1a: Venusaur|Sludge Bomb|p2b: Sinistcha
|-damage|p2b: Sinistcha|37/100
|move|p1b: Charizard|Weather Ball|p2b: Sinistcha
|-supereffective|p2b: Sinistcha|1
|-damage|p2b: Sinistcha|0 fnt
|faint|p2b: Sinistcha
|move|p2a: Rotom|Electroweb|p1a: Venusaur|[spread] p1a,p1b
|-resisted|p1a: Venusaur|1
|-supereffective|p1b: Charizard|1
|-damage|p1a: Venusaur|93/100
|-damage|p1b: Charizard|71/100
|-unboost|p1a: Venusaur|spe|1
|-unboost|p1b: Charizard|spe|1
|
|-weather|none
|-heal|p2a: Rotom|91/100|[from] item: Leftovers
|upkeep
|
|t:|1786158997
|switch|p2b: Delphox|Delphox-Mega, L50, M|100/100
|turn|7
|
|t:|1786159004
|switch|p1b: Incineroar|Incineroar, L50, M|84/100
|-ability|p1b: Incineroar|Intimidate|boost
|-unboost|p2a: Rotom|atk|1
|-unboost|p2b: Delphox|atk|1
|move|p2b: Delphox|Heat Wave|p1b: Incineroar|[spread] p1a,p1b
|-supereffective|p1a: Venusaur|1
|-resisted|p1b: Incineroar|1
|-damage|p1a: Venusaur|21/100
|-damage|p1b: Incineroar|69/100
|move|p2a: Rotom|Thunderbolt|p1b: Incineroar
|-damage|p1b: Incineroar|47/100
|move|p1a: Venusaur|Sleep Powder|p2b: Delphox|[miss]
|-miss|p1a: Venusaur|p2b: Delphox
|
|-heal|p2a: Rotom|97/100|[from] item: Leftovers
|upkeep
|turn|8
|
|t:|1786159021
|switch|p2b: Incineroar|Incineroar, L50, M|72/100
|-ability|p2b: Incineroar|Intimidate|boost
|-unboost|p1a: Venusaur|atk|1
|-unboost|p1b: Incineroar|atk|1
|switch|p1a: Charizard|Charizard-Mega-Y, L50, F|71/100
|-weather|SunnyDay|[from] ability: Drought|[of] p1a: Charizard
|move|p1b: Incineroar|Fake Out|p2b: Incineroar
|-damage|p2b: Incineroar|65/100
|move|p2a: Rotom|Electroweb|p1a: Charizard|[spread] p1a,p1b
|-supereffective|p1a: Charizard|1
|-damage|p1a: Charizard|45/100
|-damage|p1b: Incineroar|35/100
|-unboost|p1a: Charizard|spe|1
|-unboost|p1b: Incineroar|spe|1
|
|-weather|SunnyDay|[upkeep]
|-heal|p2a: Rotom|100/100|[from] item: Leftovers
|upkeep
|turn|9
|inactive|snocks has 30 seconds left.
|
|t:|1786159047
|switch|p1a: Whimsicott|Whimsicott, L50, F, shiny|37/100
|move|p2b: Incineroar|Fake Out|p1a: Whimsicott
|-damage|p1a: Whimsicott|23/100
|move|p2a: Rotom|Electroweb|p1a: Whimsicott|[spread] p1a,p1b
|-resisted|p1a: Whimsicott|1
|-damage|p1a: Whimsicott|13/100
|-damage|p1b: Incineroar|26/100
|-unboost|p1a: Whimsicott|spe|1
|-unboost|p1b: Incineroar|spe|1
|move|p1b: Incineroar|Parting Shot|p2a: Rotom
|-unboost|p2a: Rotom|atk|1
|-unboost|p2a: Rotom|spa|1
|
|t:|1786159058
|switch|p1b: Charizard|Charizard-Mega-Y, L50, F|45/100|[from] Parting Shot
|
|-weather|SunnyDay|[upkeep]
|upkeep
|turn|10
|
|t:|1786159066
|move|p1a: Whimsicott|Tailwind|p1a: Whimsicott
|-sidestart|p1: snocks|move: Tailwind
|move|p1b: Charizard|Solar Beam||[still]
|-prepare|p1b: Charizard|Solar Beam
|-anim|p1b: Charizard|Solar Beam|p2a: Rotom
|-supereffective|p2a: Rotom|1
|-damage|p2a: Rotom|0 fnt
|faint|p2a: Rotom
|move|p2b: Incineroar|Throat Chop|p1b: Charizard
|-damage|p1b: Charizard|7/100
|-start|p1b: Charizard|Throat Chop|[silent]
|
|-weather|SunnyDay|[upkeep]
|upkeep
|
|t:|1786159072
|switch|p2a: Delphox|Delphox-Mega, L50, M|100/100
|turn|11
|
|t:|1786159081
|move|p1a: Whimsicott|Helping Hand|p1b: Charizard
|-singleturn|p1b: Charizard|Helping Hand|[of] p1a: Whimsicott
|move|p1b: Charizard|Heat Wave|p2a: Delphox|[spread] p2b
|-miss|p1b: Charizard|p2a: Delphox
|-resisted|p2b: Incineroar|1
|-damage|p2b: Incineroar|30/100
|-enditem|p2b: Incineroar|Sitrus Berry|[eat]
|-heal|p2b: Incineroar|54/100|[from] item: Sitrus Berry
|move|p2a: Delphox|Nasty Plot|p2a: Delphox
|-boost|p2a: Delphox|spa|2
|move|p2b: Incineroar|Flare Blitz|p1a: Whimsicott
|-supereffective|p1a: Whimsicott|1
|-damage|p1a: Whimsicott|0 fnt
|faint|p1a: Whimsicott
|-damage|p2b: Incineroar|51/100|[from] Recoil
|
|-weather|SunnyDay|[upkeep]
|-end|p1b: Charizard|Throat Chop|[silent]
|upkeep
|
|t:|1786159095
|switch|p1a: Venusaur|Venusaur, L50, M|21/100
|turn|12
|
|t:|1786159104
|move|p1b: Charizard|Protect|p1b: Charizard
|-singleturn|p1b: Charizard|Protect
|move|p2a: Delphox|Protect|p2a: Delphox
|-singleturn|p2a: Delphox|Protect
|move|p1a: Venusaur|Sleep Powder|p2a: Delphox
|-activate|p2a: Delphox|move: Protect
|move|p2b: Incineroar|Flare Blitz|p1a: Venusaur
|-supereffective|p1a: Venusaur|1
|-damage|p1a: Venusaur|0 fnt
|faint|p1a: Venusaur
|-damage|p2b: Incineroar|44/100|[from] Recoil
|
|-weather|none
|upkeep
|
|t:|1786159112
|switch|p1a: Incineroar|Incineroar, L50, M|26/100
|-ability|p1a: Incineroar|Intimidate|boost
|-unboost|p2a: Delphox|atk|1
|-unboost|p2b: Incineroar|atk|1
|turn|13
|
|t:|1786159126
|move|p1b: Charizard|Heat Wave|p2a: Delphox|[spread] p2a,p2b
|-resisted|p2a: Delphox|1
|-resisted|p2b: Incineroar|1
|-damage|p2a: Delphox|80/100
|-damage|p2b: Incineroar|29/100
|move|p2a: Delphox|Heat Wave|p1b: Charizard|[spread] p1a,p1b
|-resisted|p1a: Incineroar|1
|-resisted|p1b: Charizard|1
|-damage|p1a: Incineroar|0 fnt
|-damage|p1b: Charizard|0 fnt
|faint|p1a: Incineroar
|faint|p1b: Charizard
|
|win|Adriatic Tides
|raw|snocks's rating: 1118 → 1103(-15 for losing)
|raw|Adriatic Tides's rating: 1258 → 1273(+15 for winning)
|l|☆snocks
|player|p1|
