|j|☆FortniteTuesday
|j|☆Duca_tommy
|html|FortniteTuesdayDuca_tommy    
|uhtml|bestof|Game 2 of a best-of-3
|t:|1757702487
|gametype|doubles
|player|p1|FortniteTuesday|burgh-masters|1329
|player|p2|Duca_tommy|169|1228
|gen|9
|tier|[Gen 9] VGC 2025 Reg H (Bo3)
|rated|
|rule|Species Clause: Limit one of each Pokémon
|rule|Item Clause: Limit 1 of each item
|clearpoke
|poke|p1|Sinistcha, L50|
|poke|p1|Ursaluna, L50, M|
|poke|p1|Incineroar, L50, M|
|poke|p1|Archaludon, L50, M|
|poke|p1|Pelipper, L50, M|
|poke|p1|Basculegion, L50, M|
|poke|p2|Hydrapple, L50, M|
|poke|p2|Indeedee-F, L50, F|
|poke|p2|Gallade, L50, M|
|poke|p2|Torkoal, L50, F|
|poke|p2|Zoroark-Hisui, L50, F|
|poke|p2|Hatterene, L50, F|
|teampreview|4
|showteam|p1|Sinistcha||SitrusBerry|Hospitality|MatchaGotcha,RagePowder,TrickRoom,LifeDew||||||50|,,,,,Water]Ursaluna||FlameOrb|Guts|Facade,HeadlongRush,Earthquake,Protect|||M|||50|,,,,,Ghost]Incineroar||RockyHelmet|Intimidate|FlareBlitz,KnockOff,PartingShot,FakeOut|||M|||50|,,,,,Grass]Archaludon||AssaultVest|Stamina|ElectroShot,BodyPress,Snarl,DragonPulse|||M|||50|,,,,,Grass]Pelipper||CovertCloak|Drizzle|Hurricane,WeatherBall,Tailwind,Protect|||M|||50|,,,,,Grass]Basculegion||ChoiceScarf|Adaptability|LastRespects,AquaJet,WaveCrash,FlipTurn|||M|||50|,,,,,Water
|showteam|p2|Hydrapple||AssaultVest|Regenerator|PollenPuff,SolarBeam,EnergyBall,FickleBeam|||M|||50|,,,,,Poison]Indeedee-F||PsychicSeed|PsychicSurge|TrickRoom,FollowMe,HelpingHand,Psychic|||F|||50|,,,,,Grass]Gallade||ClearAmulet|Sharpness|PsychoCut,SacredSword,WideGuard,TrickRoom|||M|||50|,,,,,Grass]Torkoal||Charcoal|Drought|Eruption,HeatWave,WeatherBall,Protect|||F|||50|,,,,,Fire]Zoroark-Hisui||ChoiceSpecs|Illusion|HyperBeam,HyperVoice,BitterMalice,ShadowBall|||F|||50|,,,,,Normal]Hatterene||LifeOrb|MagicBounce|TrickRoom,ExpandingForce,DazzlingGleam,Protect|||F|||50|,,,,,Psychic
|inactive|Battle timer is ON: inactive players will automatically lose when time's up. (requested by FortniteTuesday)
|
|t:|1757702504
|teamsize|p1|4
|teamsize|p2|4
|start
|switch|p1a: Jim Bob|Incineroar, L50, M|100/100
|switch|p1b: Edward|Archaludon, L50, M|100/100
|switch|p2a: Indeedee|Indeedee-F, L50, F|100/100
|switch|p2b: Gallade|Gallade, L50, M|100/100
|-fieldstart|move: Psychic Terrain|[from] ability: Psychic Surge|[of] p2a: Indeedee
|-enditem|p2a: Indeedee|Psychic Seed
|-boost|p2a: Indeedee|spd|1|[from] item: Psychic Seed
|-ability|p1a: Jim Bob|Intimidate|boost
|-unboost|p2a: Indeedee|atk|1
|-fail|p2b: Gallade|unboost|[from] item: Clear Amulet|[of] p2b: Gallade
|turn|1
|inactive|FortniteTuesday has 30 seconds left.
|
|t:|1757702531
|-terastallize|p1a: Jim Bob|Grass
|move|p1b: Edward|Snarl|p2b: Gallade|[spread] p2a,p2b
|-supereffective|p2a: Indeedee
|-damage|p2a: Indeedee|84/100
|-damage|p2b: Gallade|87/100
|-unboost|p2a: Indeedee|spa|1
|move|p2b: Gallade|Sacred Sword|p1b: Edward
|-supereffective|p1b: Edward
|-damage|p1b: Edward|0 fnt
|faint|p1b: Edward
|move|p1a: Jim Bob|Knock Off|p2b: Gallade
|-damage|p2b: Gallade|30/100
|-enditem|p2b: Gallade|Clear Amulet|[from] move: Knock Off|[of] p1a: Jim Bob
|move|p2a: Indeedee|Trick Room|p2a: Indeedee
|-fieldstart|move: Trick Room|[of] p2a: Indeedee
|
|upkeep
|
|t:|1757702545
|switch|p1b: Ham|Ursaluna, L50, M|100/100
|turn|2
|
|t:|1757702562
|switch|p2b: Hydrapple|Hydrapple, L50, M|100/100
|move|p1b: Ham|Protect|p1b: Ham
|-singleturn|p1b: Ham|Protect
|move|p1a: Jim Bob|Knock Off|p2a: Indeedee
|-supereffective|p2a: Indeedee
|-damage|p2a: Indeedee|35/100
|move|p2a: Indeedee|Psychic|p1b: Ham
|-activate|p1b: Ham|move: Protect
|
|-status|p1b: Ham|brn|[from] item: Flame Orb
|upkeep
|turn|3
|inactive|FortniteTuesday has 30 seconds left.
|inactive|Duca_tommy has 30 seconds left.
|inactive|FortniteTuesday has 20 seconds left.
|
|t:|1757702601
|switch|p2a: Torkoal|Torkoal, L50, F|100/100
|-weather|SunnyDay|[from] ability: Drought|[of] p2a: Torkoal
|move|p2b: Hydrapple|Solar Beam||[still]
|-prepare|p2b: Hydrapple|Solar Beam
|-anim|p2b: Hydrapple|Solar Beam|p1b: Ham
|-supereffective|p1b: Ham
|-damage|p1b: Ham|0 fnt
|faint|p1b: Ham
|move|p1a: Jim Bob|Parting Shot|p2b: Hydrapple
|-unboost|p2b: Hydrapple|atk|1
|-unboost|p2b: Hydrapple|spa|1
|
|t:|1757702609
|switch|p1a: Jorgie|Pelipper, L50, M|100/100|[from] Parting Shot
|-weather|RainDance|[from] ability: Drizzle|[of] p1a: Jorgie
|
|-weather|RainDance|[upkeep]
|upkeep
|
|t:|1757702610
|switch|p1b: Jim Bob|Incineroar, L50, M, tera:Grass|100/100
|-ability|p1b: Jim Bob|Intimidate|boost
|-unboost|p2a: Torkoal|atk|1
|-unboost|p2b: Hydrapple|atk|1
|turn|4
|inactive|Duca_tommy has 30 seconds left.
|
|t:|1757702641
|switch|p2a: Indeedee|Indeedee-F, L50, F|35/100
|move|p2b: Hydrapple|Pollen Puff|p2a: Indeedee
|-heal|p2a: Indeedee|85/100
|move|p1b: Jim Bob|Knock Off|p2a: Indeedee
|-supereffective|p2a: Indeedee
|-damage|p2a: Indeedee|33/100
|move|p1a: Jorgie|Hurricane|p2b: Hydrapple
|-supereffective|p2b: Hydrapple
|-damage|p2b: Hydrapple|39/100
|
|-weather|RainDance|[upkeep]
|upkeep
|turn|5
|inactive|FortniteTuesday has 30 seconds left.
|
|t:|1757702671
|switch|p2b: Gallade|Gallade, L50, M|30/100
|move|p1b: Jim Bob|Flare Blitz|p2a: Indeedee
|-damage|p2a: Indeedee|12/100
|-damage|p1b: Jim Bob|94/100|[from] Recoil
|move|p2a: Indeedee|Psychic|p1a: Jorgie
|-damage|p1a: Jorgie|39/100
|move|p1a: Jorgie|Weather Ball|p2b: Gallade
|-damage|p2b: Gallade|0 fnt
|faint|p2b: Gallade
|
|-weather|RainDance|[upkeep]
|-fieldend|move: Trick Room
|-fieldend|move: Psychic Terrain
|upkeep
|
|t:|1757702676
|switch|p2b: Torkoal|Torkoal, L50, F|100/100
|-weather|SunnyDay|[from] ability: Drought|[of] p2b: Torkoal
|turn|6
|inactive|Duca_tommy has 30 seconds left.
|
|t:|1757702704
|-terastallize|p2b: Torkoal|Fire
|move|p2a: Indeedee|Follow Me|p2a: Indeedee
|-singleturn|p2a: Indeedee|move: Follow Me
|move|p1a: Jorgie|Hurricane|p2a: Indeedee
|-damage|p2a: Indeedee|0 fnt
|faint|p2a: Indeedee
|move|p1b: Jim Bob|Knock Off|p2b: Torkoal
|-damage|p2b: Torkoal|70/100
|-enditem|p2b: Torkoal|Charcoal|[from] move: Knock Off|[of] p1b: Jim Bob
|move|p2b: Torkoal|Heat Wave|p1b: Jim Bob|[spread] p1b
|-miss|p2b: Torkoal|p1a: Jorgie
|-supereffective|p1b: Jim Bob
|-damage|p1b: Jim Bob|2/100
|
|-weather|SunnyDay|[upkeep]
|upkeep
|
|t:|1757702711
|switch|p2a: Hydrapple|Hydrapple, L50, M|72/100
|turn|7
|inactive|Duca_tommy has 30 seconds left.
|
|t:|1757702736
|move|p1a: Jorgie|Hurricane|p2a: Hydrapple
|-supereffective|p2a: Hydrapple
|-damage|p2a: Hydrapple|7/100
|move|p1b: Jim Bob|Knock Off|p2a: Hydrapple
|-damage|p2a: Hydrapple|0 fnt
|-enditem|p2a: Hydrapple|Assault Vest|[from] move: Knock Off|[of] p1b: Jim Bob
|faint|p2a: Hydrapple
|move|p2b: Torkoal|Heat Wave|p1b: Jim Bob|[spread] p1a,p1b
|-resisted|p1a: Jorgie
|-supereffective|p1b: Jim Bob
|-damage|p1a: Jorgie|0 fnt
|-damage|p1b: Jim Bob|0 fnt
|faint|p1a: Jorgie
|faint|p1b: Jim Bob
|
|win|Duca_tommy
||FortniteTuesday is ready for game 3.
||Duca_tommy is ready for game 3.
|uhtml|next|Next: Game 3 of 3
|l|☆FortniteTuesday
|player|p1|
|l|☆Duca_tommy
|player|p2|
