|j|‽rey pember
|j|☆ghjk07
|html|rey pemberghjk07    
|uhtml|bestof|Game 1 of a best-of-3
|t:|1784385372
|gametype|doubles
|player|p1|rey pember|riley|1167
|player|p2|ghjk07|hilbert|1017
|gen|9
|tier|[Gen 9 Champions] VGC 2026 Reg M-B (Bo3)
|rated|
|rule|Species Clause: Limit one of each Pokémon
|rule|Item Clause: Limit 1 of each item
|clearpoke
|poke|p1|Staraptor, L50, M|
|poke|p1|Raichu, L50, F|
|poke|p1|Basculegion, L50, M|
|poke|p1|Sinistcha-Masterpiece, L50|
|poke|p1|Rotom-Wash, L50|
|poke|p1|Whimsicott, L50, M|
|poke|p2|Grimmsnarl, L50, M|
|poke|p2|Floette-Eternal, L50, F|
|poke|p2|Staraptor, L50, M|
|poke|p2|Incineroar, L50, F|
|poke|p2|Sinistcha-Masterpiece, L50|
|poke|p2|Kingambit, L50, F|
|teampreview|4
|showteam|p1|Staraptor||Staraptite|Intimidate|CloseCombat,BraveBird,Roost,Protect|Serious||M|||50|]Raichu||RaichuniteY|LightningRod|ZapCannon,FocusBlast,FakeOut,Protect|Timid||F|||50|]Basculegion||ChoiceScarf|Adaptability|FlipTurn,WaveCrash,LastRespects,Soak|Jolly||M|||50|]Sinistcha-Masterpiece||SitrusBerry|Hospitality|MatchaGotcha,RagePowder,TrickRoom,Imprison|Bold|||||50|]Rotom-Wash||Leftovers|Levitate|Discharge,WillOWisp,HydroPump,Electroweb|Timid|||||50|]Whimsicott||FocusSash|Prankster|Charm,Tailwind,Encore,Moonblast|Bold||M|||50|
|showteam|p2|Grimmsnarl||LightClay|Prankster|Reflect,PartingShot,LightScreen,SpiritBreak|Impish||M|||50|]Floette-Eternal||Floettite|FlowerVeil|CalmMind,Protect,DrainingKiss,DazzlingGleam|Modest||F|||50|]Staraptor||Staraptite|Intimidate|DualWingbeat,CloseCombat,Protect,Roost|Jolly||M|||50|]Incineroar||PasshoBerry|Intimidate|PartingShot,FakeOut,FlareBlitz,ThroatChop|Careful||F|||50|]Sinistcha-Masterpiece||SitrusBerry|Hospitality|MatchaGotcha,RagePowder,LifeDew,Protect|Relaxed|||||50|]Kingambit||ChopleBerry|Defiant|KowtowCleave,IronHead,SuckerPunch,LowKick|Adamant||F|||50|
|inactive|Battle timer is ON: inactive players will automatically lose when time's up. (requested by rey pember)
|inactive|ghjk07 has 60 seconds left.
|
|t:|1784385436
|teamsize|p1|4
|teamsize|p2|4
|start
|switch|p1a: Raichu|Raichu, L50, F|100/100
|switch|p1b: Rotom|Rotom-Wash, L50|100/100
|switch|p2a: Sinistcha|Sinistcha-Masterpiece, L50|100/100
|switch|p2b: Floette|Floette-Eternal, L50, F|100/100
|turn|1
|
|t:|1784385454
|detailschange|p2b: Floette|Floette-Mega, L50, F
|-mega|p2b: Floette|Floette|Floettite
|-ability|p2b: Floette|Fairy Aura
|move|p1a: Raichu|Fake Out|p2b: Floette
|-damage|p2b: Floette|92/100
|move|p2a: Sinistcha|Rage Powder|p2a: Sinistcha
|-singleturn|p2a: Sinistcha|move: Rage Powder
|move|p1b: Rotom|Discharge|p2b: Floette|[spread] p2a,p2b
|-ability|p1a: Raichu|Lightning Rod|boost
|-boost|p1a: Raichu|spa|1
|-resisted|p2a: Sinistcha|1
|-damage|p2a: Sinistcha|87/100
|-damage|p2b: Floette|72/100
|cant|p2b: Floette|flinch
|
|upkeep
|turn|2
|inactive|rey pember has 30 seconds left.
|inactive|rey pember has 20 seconds left.
|inactive|rey pember has 15 seconds left.
|
|t:|1784385498
|move|p1a: Raichu|Protect|p1a: Raichu
|-singleturn|p1a: Raichu|Protect
|move|p1b: Rotom|Discharge|p2a: Sinistcha|[spread] p2a,p2b
|-activate|p1a: Raichu|move: Protect
|-resisted|p2a: Sinistcha|1
|-crit|p2b: Floette
|-damage|p2a: Sinistcha|74/100
|-damage|p2b: Floette|44/100
|-status|p2a: Sinistcha|par
|move|p2b: Floette|Calm Mind|p2b: Floette
|-boost|p2b: Floette|spa|1
|-boost|p2b: Floette|spd|1
|move|p2a: Sinistcha|Matcha Gotcha|p1a: Raichu|[spread] p1b
|-activate|p1a: Raichu|move: Protect
|-supereffective|p1b: Rotom|1
|-damage|p1b: Rotom|29/100
|-heal|p2a: Sinistcha|100/100 par|[from] drain|[of] p1b: Rotom
|-status|p1b: Rotom|brn
|
|-heal|p1b: Rotom|34/100 brn|[from] item: Leftovers
|-damage|p1b: Rotom|29/100 brn|[from] brn
|upkeep
|turn|3
|inactive|ghjk07 has 30 seconds left.
|
|t:|1784385532
|switch|p1a: Sinistcha|Sinistcha-Masterpiece, L50|100/100
|-heal|p1b: Rotom|53/100 brn|[from] ability: Hospitality|[of] p1a: Sinistcha
|switch|p2a: Grimmsnarl|Grimmsnarl, L50, M|100/100
|move|p1b: Rotom|Discharge|p2b: Floette|[spread] p1a,p2a,p2b
|-resisted|p1a: Sinistcha|1
|-damage|p1a: Sinistcha|83/100
|-damage|p2a: Grimmsnarl|74/100
|-damage|p2b: Floette|32/100
|-status|p2b: Floette|par
|move|p2b: Floette|Draining Kiss|p1a: Sinistcha
|-damage|p1a: Sinistcha|14/100
|-heal|p2b: Floette|84/100 par|[from] drain|[of] p1a: Sinistcha
|-enditem|p1a: Sinistcha|Sitrus Berry|[eat]
|-heal|p1a: Sinistcha|38/100|[from] item: Sitrus Berry
|
|-heal|p1b: Rotom|59/100 brn|[from] item: Leftovers
|-damage|p1b: Rotom|53/100 brn|[from] brn
|upkeep
|turn|4
|inactive|ghjk07 has 30 seconds left.
|
|t:|1784385562
|move|p2a: Grimmsnarl|Light Screen|p2a: Grimmsnarl
|-sidestart|p2: ghjk07|move: Light Screen
|move|p1b: Rotom|Hydro Pump|p2a: Grimmsnarl
|-damage|p2a: Grimmsnarl|42/100
|move|p1a: Sinistcha|Matcha Gotcha|p2b: Floette|[spread] p2a,p2b
|-damage|p2a: Grimmsnarl|25/100
|-heal|p1a: Sinistcha|48/100|[from] drain|[of] p2a: Grimmsnarl
|-damage|p2b: Floette|77/100 par
|-heal|p1a: Sinistcha|52/100|[from] drain|[of] p2b: Floette
|move|p2b: Floette|Dazzling Gleam|p1b: Rotom|[spread] p1a,p1b
|-damage|p1a: Sinistcha|0 fnt
|-damage|p1b: Rotom|0 fnt
|faint|p1a: Sinistcha
|faint|p1b: Rotom
|
|upkeep
|
|t:|1784385577
|switch|p1b: Basculegion|Basculegion, L50, M|100/100
|switch|p1a: Raichu|Raichu, L50, F|100/100
|turn|5
|
|t:|1784385594
|detailschange|p1a: Raichu|Raichu-Mega-Y, L50, F
|-mega|p1a: Raichu|Raichu|Raichunite Y
|move|p1a: Raichu|Fake Out|p2b: Floette
|-damage|p2b: Floette|67/100 par
|move|p2a: Grimmsnarl|Reflect|p2a: Grimmsnarl
|-sidestart|p2: ghjk07|Reflect
|move|p1b: Basculegion|Last Respects|p2a: Grimmsnarl
|-resisted|p2a: Grimmsnarl|1
|-damage|p2a: Grimmsnarl|0 fnt
|faint|p2a: Grimmsnarl
|cant|p2b: Floette|flinch
|
|upkeep
|
|t:|1784385609
|switch|p2a: Kingambit|Kingambit, L50, F|100/100
|turn|6
|
|t:|1784385619
|move|p2a: Kingambit|Sucker Punch|p1b: Basculegion
|-supereffective|p1b: Basculegion|1
|-damage|p1b: Basculegion|1/100
|move|p1b: Basculegion|Last Respects|p2b: Floette
|-damage|p2b: Floette|3/100 par
|move|p1a: Raichu|Focus Blast|p2a: Kingambit
|-supereffective|p2a: Kingambit|2
|-enditem|p2a: Kingambit|Chople Berry|[eat]
|-enditem|p2a: Kingambit|Chople Berry|[weaken]
|-damage|p2a: Kingambit|38/100
|move|p2b: Floette|Draining Kiss|p1a: Raichu
|-crit|p1a: Raichu
|-damage|p1a: Raichu|0 fnt
|-heal|p2b: Floette|61/100 par|[from] drain|[of] p1a: Raichu
|faint|p1a: Raichu
|
|upkeep
|turn|7
|l|‽rey pember
|inactive|rey pember disconnected and has a minute to reconnect!
|player|p1|
|inactive|rey pember has 30 seconds left.
|inactive|rey pember has 20 seconds left.
|inactive|rey pember has 15 seconds left.
|inactive|rey pember has 10 seconds left.
|inactive|rey pember has 5 seconds left.
|-message|rey pember lost due to inactivity.
|
|win|ghjk07
