|j|☆ShmebKing
|j|☆Diglett1
|html|ShmebKingDiglett1    
|uhtml|bestof|Game 2 of a best-of-3
|t:|1783310301
|gametype|doubles
|player|p1|ShmebKing|juan|
|player|p2|Diglett1|swimmer|
|gen|9
|tier|[Gen 9 Champions] VGC 2026 Reg M-B (Bo3)
|rule|Species Clause: Limit one of each Pokémon
|rule|Item Clause: Limit 1 of each item
|clearpoke
|poke|p1|Scolipede, L50, F|
|poke|p1|Staraptor, L50, M|
|poke|p1|Zoroark-Hisui, L50, M|
|poke|p1|Aerodactyl, L50, F|
|poke|p1|Sylveon, L50, M|
|poke|p1|Liepard, L50, M|
|poke|p2|Meowstic, L50, M, shiny|
|poke|p2|Torkoal, L50, M|
|poke|p2|Kingambit, L50, F|
|poke|p2|Garchomp, L50, M, shiny|
|poke|p2|Delphox, L50, F, shiny|
|poke|p2|Farigiraf, L50, M, shiny|
|teampreview|4
|showteam|p1|Scolipede||FocusSash|SpeedBoost|Megahorn,Round,Protect,RockSlide|Jolly||F|||50|]Staraptor||Staraptite|Reckless|CloseCombat,BraveBird,Protect,Roost|Jolly||M|||50|]Zoroark-Hisui||ChoiceScarf|Illusion|Round,BitterMalice,Flamethrower,Trick|Timid||M|||50|]Aerodactyl||ChartiBerry|RockHead|RockSlide,IceFang,Protect,Tailwind|Jolly||F|||50|]Sylveon||LifeOrb|Pixilate|Round,QuickAttack,HyperVoice,Protect|Quiet||M|||50|]Liepard||MentalHerb|Prankster|FakeOut,KnockOff,Protect,Copycat|Jolly||M|||50|
|showteam|p2|Meowstic||FocusSash|Prankster|SkillSwap,FakeOut,PsychicTerrain,Protect|Sassy||M|||50|]Torkoal||HeatRock|Drought|Eruption,Flamethrower,Protect,StealthRock|Bold||M|||50|]Kingambit||LumBerry|SupremeOverlord|SuckerPunch,SwordsDance,KowtowCleave,IronHead|Adamant||F|||50|]Garchomp||ChoiceScarf|RoughSkin|RockSlide,Earthquake,IronHead,DragonClaw|Jolly||M|||50|]Delphox||Delphoxite|Blaze|Flamethrower,DazzlingGleam,ExpandingForce,Substitute|Timid||F|||50|]Farigiraf||Leftovers|ArmorTail|TrickRoom,Psychic,HyperVoice,Protect|Sassy||M|||50|
|inactive|Battle timer is ON: inactive players will automatically lose when time's up. (requested by ShmebKing)
|inactive|ShmebKing has 60 seconds left.
|inactive|Diglett1 has 60 seconds left.
|inactive|ShmebKing has 30 seconds left.
|inactive|Diglett1 has 30 seconds left.
|
|t:|1783310370
|teamsize|p1|4
|teamsize|p2|4
|start
|switch|p1a: Reckless|Staraptor, L50, M|100/100
|switch|p1b: Zoraork-Hisui|Liepard, L50, M|100/100
|switch|p2a: Andy|Farigiraf, L50, M, shiny|100/100
|switch|p2b: Big Man|Torkoal, L50, M|100/100
|-weather|SunnyDay|[from] ability: Drought|[of] p2b: Big Man
|turn|1
|inactive|ShmebKing has 30 seconds left.
|inactive|Diglett1 has 30 seconds left.
|inactive|ShmebKing has 20 seconds left.
|inactive|Diglett1 has 20 seconds left.
|inactive|ShmebKing has 15 seconds left.
|inactive|ShmebKing has 10 seconds left.
|inactive|Diglett1 has 15 seconds left.
|inactive|ShmebKing has 5 seconds left.
|
|t:|1783310425
|move|p2a: Andy|Protect|p2a: Andy
|-singleturn|p2a: Andy|Protect
|move|p1b: Zoraork-Hisui|Fake Out||[still]
|cant|p2a: Andy|ability: Armor Tail|Fake Out|[of] p1b: Zoraork-Hisui
|move|p1a: Reckless|Round|p2b: Big Man
|-damage|p2b: Big Man|61/100
|move|p2b: Big Man|Stealth Rock|p1b: Zoraork-Hisui
|-sidestart|p1: ShmebKing|move: Stealth Rock
|
|-weather|SunnyDay|[upkeep]
|upkeep
|turn|2
|inactive|ShmebKing has 30 seconds left.
|inactive|ShmebKing has 20 seconds left.
|
|t:|1783310462
|move|p2b: Big Man|Protect|p2b: Big Man
|-singleturn|p2b: Big Man|Protect
|move|p1a: Reckless|Round|p2b: Big Man
|-activate|p2b: Big Man|move: Protect
|move|p1b: Zoraork-Hisui|Knock Off|p2b: Big Man
|-activate|p2b: Big Man|move: Protect
|move|p2a: Andy|Trick Room|p2a: Andy
|-fieldstart|move: Trick Room|[of] p2a: Andy
|
|-weather|SunnyDay|[upkeep]
|upkeep
|turn|3
|
|t:|1783310475
|move|p1b: Zoraork-Hisui|Copycat|p1b: Zoraork-Hisui
|move|p1b: Zoraork-Hisui|Trick Room|p1b: Zoraork-Hisui|[from] move: Copycat
|-fieldend|move: Trick Room
|move|p1a: Reckless|Round|p2b: Big Man
|-damage|p2b: Big Man|18/100
|move|p2a: Andy|Hyper Voice|p1b: Zoraork-Hisui|[spread] p1b
|-immune|p1a: Reckless
|-damage|p1b: Zoraork-Hisui|46/100
|move|p2b: Big Man|Eruption|p1a: Reckless|[spread] p1a,p1b
|-damage|p1a: Reckless|82/100
|-damage|p1b: Zoraork-Hisui|25/100
|replace|p1a: Hi Andy|Zoroark-Hisui, L50, M
|-end|p1a: Hi Andy|Illusion
|
|-weather|SunnyDay|[upkeep]
|upkeep
|turn|4
|
|t:|1783310496
|move|p2b: Big Man|Protect|p2b: Big Man
|-singleturn|p2b: Big Man|Protect
|move|p1a: Hi Andy|Round|p2b: Big Man
|-activate|p2b: Big Man|move: Protect
|move|p1b: Zoraork-Hisui|Knock Off|p2a: Andy
|-supereffective|p2a: Andy|1
|-damage|p2a: Andy|14/100
|-enditem|p2a: Andy|Leftovers|[from] move: Knock Off|[of] p1b: Zoraork-Hisui
|move|p2a: Andy|Trick Room|p2a: Andy
|-fieldstart|move: Trick Room|[of] p2a: Andy
|
|-weather|SunnyDay|[upkeep]
|upkeep
|turn|5
|
|t:|1783310515
|switch|p2a: Andy's whore wife|Delphox, L50, F, shiny|100/100
|move|p1b: Zoraork-Hisui|Copycat|p1b: Zoraork-Hisui
|move|p1b: Zoraork-Hisui|Trick Room|p1b: Zoraork-Hisui|[from] move: Copycat
|-fieldend|move: Trick Room
|move|p1a: Hi Andy|Round|p2b: Big Man
|-damage|p2b: Big Man|0 fnt
|faint|p2b: Big Man
|
|-weather|SunnyDay|[upkeep]
|upkeep
|
|t:|1783310521
|switch|p2b: Le Mon|Meowstic, L50, M, shiny|100/100
|turn|6
|
|t:|1783310535
|move|p2b: Le Mon|Fake Out|p1b: Zoraork-Hisui
|-damage|p1b: Zoraork-Hisui|13/100
|cant|p1b: Zoraork-Hisui|flinch
|move|p1a: Hi Andy|Round|p2a: Andy's whore wife
|-damage|p2a: Andy's whore wife|64/100
|move|p2a: Andy's whore wife|Dazzling Gleam|p1b: Zoraork-Hisui|[spread] p1a,p1b
|-supereffective|p1b: Zoraork-Hisui|1
|-damage|p1a: Hi Andy|47/100
|-damage|p1b: Zoraork-Hisui|0 fnt
|faint|p1b: Zoraork-Hisui
|
|-weather|SunnyDay|[upkeep]
|upkeep
|
|t:|1783310554
|switch|p1b: Applause|Sylveon, L50, M|100/100
|-damage|p1b: Applause|87/100|[from] Stealth Rock
|turn|7
|
|t:|1783310570
|detailschange|p2a: Andy's whore wife|Delphox-Mega, L50, F, shiny
|-mega|p2a: Andy's whore wife|Delphox|Delphoxite
|move|p2b: Le Mon|Psychic Terrain|p2b: Le Mon
|-fieldstart|move: Psychic Terrain
|move|p1a: Hi Andy|Round|p2a: Andy's whore wife
|-damage|p2a: Andy's whore wife|34/100
|move|p1b: Applause|Round|p2a: Andy's whore wife|[from] move: Round
|-resisted|p2a: Andy's whore wife|1
|-damage|p2a: Andy's whore wife|0 fnt
|faint|p2a: Andy's whore wife
|-damage|p1b: Applause|77/100|[from] item: Life Orb
|
|-weather|SunnyDay|[upkeep]
|upkeep
|
|t:|1783310572
|switch|p2a: Andy|Farigiraf, L50, M, shiny|14/100
|turn|8
|
|t:|1783310596
|switch|p1a: Reckless|Staraptor, L50, M|100/100
|-damage|p1a: Reckless|75/100|[from] Stealth Rock
|move|p2b: Le Mon|Protect|p2b: Le Mon
|-singleturn|p2b: Le Mon|Protect
|move|p2a: Andy|Psychic|p1a: Reckless
|-damage|p1a: Reckless|0 fnt
|faint|p1a: Reckless
|move|p1b: Applause|Hyper Voice|p2a: Andy|[spread] p2a
|-activate|p2b: Le Mon|move: Protect
|-damage|p2a: Andy|0 fnt
|faint|p2a: Andy
|-damage|p1b: Applause|68/100|[from] item: Life Orb
|
|-weather|none
|upkeep
|
|t:|1783310611
|switch|p1a: Applause|Sylveon, L50, M|47/100
|-damage|p1a: Applause|35/100|[from] Stealth Rock
|turn|9
|
|t:|1783310624
|move|p2b: Le Mon|Skill Swap|p1b: Applause
|-activate|p1b: Applause|move: Psychic Terrain
|move|p1a: Applause|Bitter Malice|p2b: Le Mon
|-supereffective|p2b: Le Mon|1
|-damage|p2b: Le Mon|40/100
|-unboost|p2b: Le Mon|atk|1
|move|p1b: Applause|Hyper Voice|p2b: Le Mon
|-damage|p2b: Le Mon|0 fnt
|faint|p2b: Le Mon
|-damage|p1b: Applause|58/100|[from] item: Life Orb
|
|win|ShmebKing
|l|☆Diglett1
|player|p2|
