|j|☆Girharft
|j|☆kst kampfi
|html|Girharftkst kampfi    
|uhtml|bestof|Game 1 of a best-of-3
|t:|1783753398
|gametype|doubles
|player|p1|Girharft|schoolkid-gen4|1047
|player|p2|kst kampfi|colress|1061
|gen|9
|tier|[Gen 9 Champions] VGC 2026 Reg M-B (Bo3)
|rated|
|rule|Species Clause: Limit one of each Pokémon
|rule|Item Clause: Limit 1 of each item
|clearpoke
|poke|p1|Malamar, L50, F|
|poke|p1|Sableye, L50, F|
|poke|p1|Vanilluxe, L50, F|
|poke|p1|Farigiraf, L50, F|
|poke|p1|Whimsicott, L50, F|
|poke|p1|Empoleon, L50, M|
|poke|p2|Floette-Eternal, L50, F|
|poke|p2|Sneasler, L50, M|
|poke|p2|Sinistcha, L50|
|poke|p2|Grimmsnarl, L50, M|
|poke|p2|Incineroar, L50, M|
|poke|p2|Rotom-Wash, L50|
|teampreview|4
|showteam|p1|Malamar||Malamarite|Contrary|Protect,Superpower,KnockOff,PsychoCut|Careful||F|||50|]Sableye||FocusSash|Prankster|Quash,FakeOut,WillOWisp,RainDance|Careful||F|||50|]Vanilluxe||LifeOrb|SnowWarning|Blizzard,FreezeDry,AuroraVeil,Protect|Modest||F|||50|]Farigiraf||Leftovers|ArmorTail|HelpingHand,Psychic,HyperVoice,Protect|Modest||F|||50|]Whimsicott||MentalHerb|Prankster|Tailwind,Charm,Moonblast,Encore|Calm||F|||50|]Empoleon||ChoiceScarf|Competitive|FlashCannon,HydroPump,IceBeam,FlipTurn|Timid||M|||50|
|showteam|p2|Floette-Eternal||Floettite|FlowerVeil|DazzlingGleam,DrainingKiss,CalmMind,Protect|Bold||F|||50|]Sneasler||FocusSash|Unburden|DireClaw,CloseCombat,Coaching,FakeOut|Jolly||M|||50|]Sinistcha||OccaBerry|Hospitality|MatchaGotcha,LifeDew,RagePowder,TrickRoom|Calm|||||50|]Grimmsnarl||LightClay|Prankster|FoulPlay,PartingShot,LightScreen,ScaryFace|Calm||M|||50|]Incineroar||SitrusBerry|Intimidate|FlareBlitz,Taunt,FakeOut,PartingShot|Careful||M|||50|]Rotom-Wash||Magnet|Levitate|HydroPump,Thunderbolt,Protect,VoltSwitch|Modest|||||50|
|inactive|Battle timer is ON: inactive players will automatically lose when time's up. (requested by kst kampfi)
|inactive|Girharft has 60 seconds left.
|inactive|kst kampfi has 60 seconds left.
|inactive|Girharft has 30 seconds left.
|inactive|Girharft has 20 seconds left.
|inactive|Girharft has 15 seconds left.
|inactive|Girharft has 10 seconds left.
|
|t:|1783753479
|teamsize|p1|4
|teamsize|p2|4
|start
|switch|p1a: Sableye|Sableye, L50, F|100/100
|switch|p1b: Empoleon|Empoleon, L50, M|100/100
|switch|p2a: Floette|Floette-Eternal, L50, F|100/100
|switch|p2b: Sneasler|Sneasler, L50, M|100/100
|turn|1
|inactive|Girharft has 30 seconds left.
|inactive|Girharft has 20 seconds left.
|inactive|Girharft has 15 seconds left.
|
|t:|1783753522
|detailschange|p2a: Floette|Floette-Mega, L50, F
|-mega|p2a: Floette|Floette|Floettite
|-ability|p2a: Floette|Fairy Aura
|move|p2b: Sneasler|Fake Out|p1b: Empoleon
|-resisted|p1b: Empoleon|1
|-damage|p1b: Empoleon|91/100
|move|p1a: Sableye|Fake Out|p2b: Sneasler
|-damage|p2b: Sneasler|87/100
|cant|p1b: Empoleon|flinch
|move|p2a: Floette|Calm Mind|p2a: Floette
|-boost|p2a: Floette|spa|1
|-boost|p2a: Floette|spd|1
|
|upkeep
|turn|2
|inactive|Girharft has 30 seconds left.
|inactive|Girharft has 20 seconds left.
|
|t:|1783753561
|switch|p2b: Sinistcha|Sinistcha, L50|100/100
|move|p2a: Floette|Protect|p2a: Floette
|-singleturn|p2a: Floette|Protect
|move|p1a: Sableye|Will-O-Wisp|p2b: Sinistcha
|-status|p2b: Sinistcha|brn
|move|p1b: Empoleon|Flash Cannon|p2a: Floette
|-activate|p2a: Floette|move: Protect
|
|-damage|p2b: Sinistcha|93/100 brn|[from] brn
|upkeep
|turn|3
|inactive|Girharft has 30 seconds left.
|inactive|kst kampfi has 30 seconds left.
|inactive|Girharft has 20 seconds left.
|inactive|Girharft has 15 seconds left.
|inactive|Girharft has 10 seconds left.
|inactive|Girharft has 5 seconds left.
|
|t:|1783753612
|switch|p1b: Vanilluxe|Vanilluxe, L50, F|100/100
|-weather|Snowscape|[from] ability: Snow Warning|[of] p1b: Vanilluxe
|move|p2b: Sinistcha|Rage Powder|p2b: Sinistcha
|-singleturn|p2b: Sinistcha|move: Rage Powder
|move|p1a: Sableye|Will-O-Wisp|p2b: Sinistcha
|-fail|p2b: Sinistcha|brn
|move|p2a: Floette|Calm Mind|p2a: Floette
|-boost|p2a: Floette|spa|1
|-boost|p2a: Floette|spd|1
|
|-weather|Snowscape|[upkeep]
|-damage|p2b: Sinistcha|87/100 brn|[from] brn
|upkeep
|turn|4
|
|t:|1783753635
|switch|p2b: Rotom|Rotom-Wash, L50|100/100
|move|p1a: Sableye|Quash|p2a: Floette
|-activate|p2a: Floette|move: Quash
|move|p1b: Vanilluxe|Aurora Veil|p1b: Vanilluxe
|-sidestart|p1: Girharft|move: Aurora Veil
|move|p2a: Floette|Dazzling Gleam|p1b: Vanilluxe|[spread] p1a,p1b
|-supereffective|p1a: Sableye|1
|-enditem|p1a: Sableye|Focus Sash
|-damage|p1a: Sableye|1/100
|-damage|p1b: Vanilluxe|48/100
|
|-weather|Snowscape|[upkeep]
|upkeep
|turn|5
|inactive|Girharft has 30 seconds left.
|
|t:|1783753661
|move|p2b: Rotom|Protect|p2b: Rotom
|-singleturn|p2b: Rotom|Protect
|move|p1a: Sableye|Will-O-Wisp|p2a: Floette
|-status|p2a: Floette|brn
|move|p2a: Floette|Dazzling Gleam|p1a: Sableye|[spread] p1a,p1b
|-supereffective|p1a: Sableye|1
|-damage|p1a: Sableye|0 fnt
|-damage|p1b: Vanilluxe|0 fnt
|faint|p1a: Sableye
|faint|p1b: Vanilluxe
|
|-weather|Snowscape|[upkeep]
|-damage|p2a: Floette|93/100 brn|[from] brn
|upkeep
|
|t:|1783753673
|switch|p1b: Farigiraf|Farigiraf, L50, F|100/100
|switch|p1a: Empoleon|Empoleon, L50, M|91/100
|turn|6
|inactive|Girharft has 30 seconds left.
|
|t:|1783753703
|move|p1a: Empoleon|Hydro Pump|p2b: Rotom
|-resisted|p2b: Rotom|1
|-damage|p2b: Rotom|74/100
|move|p2a: Floette|Draining Kiss|p1b: Farigiraf
|-damage|p1b: Farigiraf|56/100
|-heal|p2a: Floette|100/100 brn|[from] drain|[of] p1b: Farigiraf
|move|p2b: Rotom|Thunderbolt|p1a: Empoleon
|-supereffective|p1a: Empoleon|1
|-damage|p1a: Empoleon|14/100
|-status|p1a: Empoleon|par
|move|p1b: Farigiraf|Psychic|p2b: Rotom
|-damage|p2b: Rotom|27/100
|
|-weather|Snowscape|[upkeep]
|-heal|p1b: Farigiraf|62/100|[from] item: Leftovers
|-damage|p2a: Floette|93/100 brn|[from] brn
|upkeep
|turn|7
|
|t:|1783753724
|move|p2a: Floette|Dazzling Gleam|p1b: Farigiraf|[spread] p1a,p1b
|-resisted|p1a: Empoleon|1
|-damage|p1a: Empoleon|0 fnt
|-damage|p1b: Farigiraf|9/100
|faint|p1a: Empoleon
|move|p2b: Rotom|Thunderbolt|p1b: Farigiraf
|-damage|p1b: Farigiraf|0 fnt
|faint|p1b: Farigiraf
|
|win|kst kampfi
