|j|☆kikuey
|j|☆wodaiogien
|html|kikueywodaiogien    
|uhtml|bestof|Game 1 of a best-of-3
|t:|1782242454
|gametype|doubles
|player|p1|kikuey|blue-gen2|1136
|player|p2|wodaiogien|265|1069
|gen|9
|tier|[Gen 9 Champions] VGC 2026 Reg M-B (Bo3)
|rated|
|rule|Species Clause: Limit one of each Pokémon
|rule|Item Clause: Limit 1 of each item
|clearpoke
|poke|p1|Gengar, L50, M|
|poke|p1|Ninetales-Alola, L50, M|
|poke|p1|Garchomp, L50, M|
|poke|p1|Metagross, L50|
|poke|p1|Rotom-Wash, L50|
|poke|p1|Incineroar, L50, M|
|poke|p2|Ninetales-Alola, L50, F|
|poke|p2|Raichu, L50, M|
|poke|p2|Basculegion, L50, M|
|poke|p2|Incineroar, L50, F|
|poke|p2|Kingambit, L50, F|
|poke|p2|Farigiraf, L50, M|
|teampreview|4
|showteam|p1|Gengar||Gengarite|CursedBody|SludgeBomb,ShadowBall,Disable,Protect|Timid||M|||50|]Ninetales-Alola||NeverMeltIce|SnowWarning|Encore,Protect,Blizzard,Moonblast|Timid||M|||50|]Garchomp||LifeOrb|RoughSkin|RockSlide,Earthquake,DragonClaw,Protect|Jolly||M|||50|]Metagross||Metagrossite|ClearBody|MeteorMash,PsychicFangs,Protect,RockTomb|Jolly|||||50|]Rotom-Wash||SitrusBerry|Levitate|WillOWisp,Thunderbolt,Protect,HydroPump|Bold|||||50|]Incineroar||ShucaBerry|Intimidate|FlareBlitz,ThroatChop,PartingShot,FakeOut|Impish||M|||50|
|showteam|p2|Ninetales-Alola||FocusSash|SnowWarning|Blizzard,FreezeDry,Encore,Protect|Timid||F|||50|]Raichu||RaichuniteY|LightningRod|ZapCannon,FocusBlast,FakeOut,Protect|Timid||M|||50|]Basculegion||LifeOrb|Adaptability|WaveCrash,AquaJet,LastRespects,Protect|Adamant||M|||50|]Incineroar||ShucaBerry|Intimidate|FlareBlitz,PartingShot,FakeOut,Taunt|Careful||F|||50|]Kingambit||ChopleBerry|Defiant|KowtowCleave,SuckerPunch,IronHead,LowKick|Adamant||F|||50|]Farigiraf||SitrusBerry|ArmorTail|TwinBeam,TrickRoom,HelpingHand,Protect|Relaxed||M|||50|
|inactive|Battle timer is ON: inactive players will automatically lose when time's up. (requested by kikuey)
|inactive|kikuey has 60 seconds left.
|inactive|wodaiogien has 60 seconds left.
|inactive|wodaiogien has 30 seconds left.
|inactive|wodaiogien has 20 seconds left.
|inactive|wodaiogien has 15 seconds left.
|
|t:|1782242530
|teamsize|p1|4
|teamsize|p2|4
|start
|switch|p1a: Gengar|Gengar, L50, M|100/100
|switch|p1b: Garchomp|Garchomp, L50, M|100/100
|switch|p2a: Kingambit|Kingambit, L50, F|100/100
|switch|p2b: Incineroar|Incineroar, L50, F|100/100
|-ability|p2b: Incineroar|Intimidate|boost
|-unboost|p1a: Gengar|atk|1
|-unboost|p1b: Garchomp|atk|1
|turn|1
|
|t:|1782242543
|detailschange|p1a: Gengar|Gengar-Mega, L50, M
|-mega|p1a: Gengar|Gengar|Gengarite
|move|p1a: Gengar|Protect|p1a: Gengar
|-singleturn|p1a: Gengar|Protect
|move|p2b: Incineroar|Fake Out|p1b: Garchomp
|-damage|p1b: Garchomp|89/100
|-damage|p2b: Incineroar|87/100|[from] ability: Rough Skin|[of] p1b: Garchomp
|cant|p1b: Garchomp|flinch
|move|p2a: Kingambit|Kowtow Cleave|p1a: Gengar
|-activate|p1a: Gengar|move: Protect
|
|upkeep
|turn|2
|inactive|wodaiogien has 30 seconds left.
|inactive|wodaiogien has 20 seconds left.
|inactive|wodaiogien has 15 seconds left.
|inactive|wodaiogien has 10 seconds left.
|
|t:|1782242588
|move|p2a: Kingambit|Sucker Punch||[still]
|-fail|p2a: Kingambit
|move|p1a: Gengar|Disable|p2a: Kingambit
|-start|p2a: Kingambit|Disable|Sucker Punch
|move|p1b: Garchomp|Rock Slide|p2b: Incineroar|[spread] p2a,p2b
|-resisted|p2a: Kingambit|1
|-supereffective|p2b: Incineroar|1
|-crit|p2b: Incineroar
|-damage|p2a: Kingambit|95/100
|-damage|p2b: Incineroar|21/100
|-damage|p1b: Garchomp|80/100|[from] item: Life Orb
|cant|p2b: Incineroar|flinch
|
|upkeep
|turn|3
|
|t:|1782242605
|move|p1a: Gengar|Protect|p1a: Gengar
|-singleturn|p1a: Gengar|Protect
|move|p1b: Garchomp|Earthquake|p2a: Kingambit|[spread] p2a,p2b
|-activate|p1a: Gengar|move: Protect
|-supereffective|p2a: Kingambit|1
|-supereffective|p2b: Incineroar|1
|-enditem|p2b: Incineroar|Shuca Berry|[eat]
|-enditem|p2b: Incineroar|Shuca Berry|[weaken]
|-damage|p2a: Kingambit|48/100
|-damage|p2b: Incineroar|0 fnt
|faint|p2b: Incineroar
|-damage|p1b: Garchomp|70/100|[from] item: Life Orb
|move|p2a: Kingambit|Kowtow Cleave|p1a: Gengar
|-activate|p1a: Gengar|move: Protect
|
|upkeep
|
|t:|1782242613
|switch|p2b: Raichu|Raichu, L50, M|100/100
|turn|4
|
|t:|1782242623
|switch|p1a: Rotom|Rotom-Wash, L50|100/100
|detailschange|p2b: Raichu|Raichu-Mega-Y, L50, M
|-mega|p2b: Raichu|Raichu|Raichunite Y
|move|p2b: Raichu|Fake Out|p1b: Garchomp
|-damage|p1b: Garchomp|60/100
|-damage|p2b: Raichu|88/100|[from] ability: Rough Skin|[of] p1b: Garchomp
|cant|p1b: Garchomp|flinch
|move|p2a: Kingambit|Kowtow Cleave|p1a: Rotom
|-damage|p1a: Rotom|57/100
|
|upkeep
|turn|5
|inactive|wodaiogien has 30 seconds left.
|
|t:|1782242649
|move|p1a: Rotom|Protect|p1a: Rotom
|-singleturn|p1a: Rotom|Protect
|move|p2b: Raichu|Zap Cannon|p1a: Rotom
|-activate|p1a: Rotom|move: Protect
|move|p1b: Garchomp|Earthquake|p2b: Raichu|[spread] p2a,p2b
|-activate|p1a: Rotom|move: Protect
|-supereffective|p2a: Kingambit|1
|-supereffective|p2b: Raichu|1
|-damage|p2a: Kingambit|3/100
|-damage|p2b: Raichu|0 fnt
|faint|p2b: Raichu
|-damage|p1b: Garchomp|50/100g|[from] item: Life Orb
|move|p2a: Kingambit|Kowtow Cleave|p1b: Garchomp
|-damage|p1b: Garchomp|2/100
|-damage|p2a: Kingambit|0 fnt|[from] ability: Rough Skin|[of] p1b: Garchomp
|faint|p2a: Kingambit
|
|upkeep
|-message|wodaiogien forfeited.
|
|win|kikuey
||kikuey is ready for game 2.
