|j|☆lujanray
|j|☆ToastedArt
|html|lujanrayToastedArt    
|uhtml|bestof|Game 1 of a best-of-3
|t:|1784500633
|gametype|doubles
|player|p1|lujanray|blue|1089
|player|p2|ToastedArt|iris|1097
|gen|9
|tier|[Gen 9 Champions] VGC 2026 Reg M-B (Bo3)
|rated|
|rule|Species Clause: Limit one of each Pokémon
|rule|Item Clause: Limit 1 of each item
|clearpoke
|poke|p1|Gholdengo, L50|
|poke|p1|Hatterene, L50, F|
|poke|p1|Kingambit, L50, F|
|poke|p1|Farigiraf, L50, F|
|poke|p1|Primarina, L50, M|
|poke|p1|Camerupt, L50, F|
|poke|p2|Falinks, L50, shiny|
|poke|p2|Incineroar, L50, M|
|poke|p2|Basculegion, L50, M|
|poke|p2|Sneasler, L50, F|
|poke|p2|Vanilluxe, L50, F, shiny|
|poke|p2|Dragonite, L50, M|
|teampreview|4
|showteam|p1|Gholdengo||ChoiceScarf|GoodasGold|MakeItRain,ShadowBall,PowerGem,SteelBeam|Modest|||||50|]Hatterene||FocusSash|MagicBounce|Psychic,TrickRoom,Protect,DazzlingGleam|Quiet||F|||50|]Kingambit||ChopleBerry|Defiant|KowtowCleave,SwordsDance,SuckerPunch,Protect|Brave||F|||50|]Farigiraf||SitrusBerry|ArmorTail|GrassKnot,TrickRoom,HelpingHand,Thunderbolt|Bold||F|||50|]Primarina||LifeOrb|LiquidVoice|HyperVoice,CalmMind,DrainingKiss,Protect|Modest||M|||50|]Camerupt||Cameruptite|SolidRock|HeatWave,EarthPower,AncientPower,Protect|Quiet||F|||50|
|showteam|p2|Falinks||Falinksite|Defiant|NoRetreat,CloseCombat,RockSlide,Protect|Adamant|||||50|]Incineroar||PasshoBerry|Intimidate|FakeOut,FlareBlitz,ThroatChop,PartingShot|Impish||M|||50|]Basculegion||SitrusBerry|Adaptability|WaveCrash,LastRespects,AquaJet,Protect|Adamant||M|||50|]Sneasler||FocusSash|PoisonTouch|PoisonJab,CloseCombat,FakeOut,Coaching|Jolly||F|||50|]Vanilluxe||ChoiceScarf|SnowWarning|Blizzard,FreezeDry,IcyWind,SheerCold|Modest||F|||50|]Dragonite||LifeOrb|InnerFocus|DragonClaw,ExtremeSpeed,FirePunch,Tailwind|Adamant||M|||50|
|inactive|Battle timer is ON: inactive players will automatically lose when time's up. (requested by ToastedArt)
|inactive|lujanray has 60 seconds left.
|inactive|ToastedArt has 60 seconds left.
|inactive|ToastedArt has 30 seconds left.
|inactive|ToastedArt has 20 seconds left.
|inactive|ToastedArt has 15 seconds left.
|
|t:|1784500709
|teamsize|p1|4
|teamsize|p2|4
|start
|switch|p1a: Hatterene|Hatterene, L50, F|100/100
|switch|p1b: Primarina|Primarina, L50, M|100/100
|switch|p2a: Dragonite|Dragonite, L50, M|100/100
|switch|p2b: Sneasler|Sneasler, L50, F|100/100
|turn|1
|inactive|lujanray has 30 seconds left.
|inactive|ToastedArt has 30 seconds left.
|inactive|ToastedArt has 20 seconds left.
|inactive|ToastedArt has 15 seconds left.
|inactive|ToastedArt has 10 seconds left.
|
|t:|1784500754
|move|p2b: Sneasler|Poison Jab|p1a: Hatterene
|-supereffective|p1a: Hatterene|1
|-enditem|p1a: Hatterene|Focus Sash
|-damage|p1a: Hatterene|1/100
|-status|p1a: Hatterene|psn
|move|p2a: Dragonite|Fire Punch|p1a: Hatterene
|-damage|p1a: Hatterene|0 fnt
|faint|p1a: Hatterene
|-damage|p2a: Dragonite|90/100|[from] item: Life Orb
|move|p1b: Primarina|Hyper Voice|p2b: Sneasler|[spread] p2a,p2b
|-resisted|p2a: Dragonite|1
|-damage|p2a: Dragonite|64/100
|-damage|p2b: Sneasler|32/100
|-damage|p1b: Primarina|90/100|[from] item: Life Orb
|
|upkeep
|
|t:|1784500773
|switch|p1a: Kingambit|Kingambit, L50, F|100/100
|turn|2
|
|t:|1784500798
|move|p1a: Kingambit|Protect|p1a: Kingambit
|-singleturn|p1a: Kingambit|Protect
|move|p2b: Sneasler|Coaching|p2a: Dragonite
|-boost|p2a: Dragonite|atk|1
|-boost|p2a: Dragonite|def|1
|move|p2a: Dragonite|Fire Punch|p1a: Kingambit
|-activate|p1a: Kingambit|move: Protect
|move|p1b: Primarina|Hyper Voice|p2b: Sneasler|[spread] p2a,p2b
|-resisted|p2a: Dragonite|1
|-damage|p2a: Dragonite|41/100
|-damage|p2b: Sneasler|0 fnt
|faint|p2b: Sneasler
|-damage|p1b: Primarina|80/100|[from] item: Life Orb
|
|upkeep
|
|t:|1784500801
|switch|p2b: Falinks|Falinks, L50, shiny|100/100
|turn|3
|
|t:|1784500817
|detailschange|p2b: Falinks|Falinks-Mega, L50, shiny
|-mega|p2b: Falinks|Falinks|Falinksite
|move|p2a: Dragonite|Extreme Speed|p1b: Primarina
|-damage|p1b: Primarina|2/100
|-damage|p2a: Dragonite|31/100|[from] item: Life Orb
|move|p1a: Kingambit|Sucker Punch||[still]
|-fail|p1a: Kingambit
|move|p2b: Falinks|No Retreat|p2b: Falinks
|-boost|p2b: Falinks|atk|1
|-boost|p2b: Falinks|def|1
|-boost|p2b: Falinks|spa|1
|-boost|p2b: Falinks|spd|1
|-boost|p2b: Falinks|spe|1
|-start|p2b: Falinks|move: No Retreat
|move|p1b: Primarina|Hyper Voice|p2a: Dragonite|[spread] p2a,p2b
|-resisted|p2a: Dragonite|1
|-damage|p2a: Dragonite|5/100
|-damage|p2b: Falinks|59/100
|-damage|p1b: Primarina|0 fnt|[from] item: Life Orb
|faint|p1b: Primarina
|
|upkeep
|
|t:|1784500827
|switch|p1b: Camerupt|Camerupt, L50, F|100/100
|turn|4
|
|t:|1784500842
|detailschange|p1b: Camerupt|Camerupt-Mega, L50, F
|-mega|p1b: Camerupt|Camerupt|Cameruptite
|move|p2a: Dragonite|Extreme Speed|p1b: Camerupt
|-damage|p1b: Camerupt|40/100
|-damage|p2a: Dragonite|0 fnt|[from] item: Life Orb
|faint|p2a: Dragonite
|move|p2b: Falinks|Close Combat|p1a: Kingambit
|-supereffective|p1a: Kingambit|2
|-enditem|p1a: Kingambit|Chople Berry|[eat]
|-enditem|p1a: Kingambit|Chople Berry|[weaken]
|-damage|p1a: Kingambit|0 fnt
|-unboost|p2b: Falinks|def|1
|-unboost|p2b: Falinks|spd|1
|faint|p1a: Kingambit
|move|p1b: Camerupt|Heat Wave|p2b: Falinks
|-damage|p2b: Falinks|0 fnt
|faint|p2b: Falinks
|
|upkeep
|
|t:|1784500857
|switch|p2b: Vanilluxe|Vanilluxe, L50, F, shiny|100/100
|-weather|Snowscape|[from] ability: Snow Warning|[of] p2b: Vanilluxe
|turn|5
|
|t:|1784500864
|move|p2b: Vanilluxe|Blizzard|p1b: Camerupt
|-damage|p1b: Camerupt|0 fnt
|faint|p1b: Camerupt
|
|win|ToastedArt
