|j|☆barozj1
|j|☆Megamoehre
|html|barozj1Megamoehre    
|uhtml|bestof|Game 1 of a best-of-3
|t:|1783694947
|gametype|doubles
|player|p1|barozj1|169|1293
|player|p2|Megamoehre|sabrina|1238
|gen|9
|tier|[Gen 9 Champions] VGC 2026 Reg M-B (Bo3)
|rated|
|rule|Species Clause: Limit one of each Pokémon
|rule|Item Clause: Limit 1 of each item
|clearpoke
|poke|p1|Sneasler, L50, M|
|poke|p1|Kingambit, L50, F|
|poke|p1|Incineroar, L50, M|
|poke|p1|Blastoise, L50, M|
|poke|p1|Sinistcha, L50|
|poke|p1|Delphox, L50, F|
|poke|p2|Grimmsnarl, L50, M|
|poke|p2|Swampert, L50, M|
|poke|p2|Pelipper, L50, M|
|poke|p2|Archaludon, L50, M|
|poke|p2|Sinistcha, L50|
|poke|p2|Metagross, L50, shiny|
|teampreview|4
|showteam|p1|Sneasler||FocusSash|PoisonTouch|QuickGuard,FakeOut,CloseCombat,DireClaw|Jolly||M|||50|]Kingambit||BlackGlasses|Defiant|Protect,SwordsDance,SuckerPunch,KowtowCleave|Adamant||F|||50|]Incineroar||SitrusBerry|Intimidate|FakeOut,PartingShot,FlareBlitz,ThroatChop|Impish||M|||50|]Blastoise||Blastoisinite|Torrent|Protect,ShellSmash,WaterSpout,DarkPulse|Modest||M|||50|]Sinistcha||OccaBerry|Hospitality|Protect,MatchaGotcha,TrickRoom,RagePowder|Bold|||||50|]Delphox||Delphoxite|Blaze|Protect,HeatWave,Psyshock,NastyPlot|Timid||F|||50|
|showteam|p2|Grimmsnarl||LightClay|Prankster|FoulPlay,PartingShot,Reflect,LightScreen|Calm||M|||50|]Swampert||Swampertite|Damp|WaveCrash,Earthquake,IcePunch,Protect|Adamant||M|||50|]Pelipper||SitrusBerry|Drizzle|Hurricane,WeatherBall,Tailwind,WideGuard|Modest||M|||50|]Archaludon||Leftovers|Stamina|ElectroShot,DragonPulse,FlashCannon,Protect|Modest||M|||50|]Sinistcha||CobaBerry|Hospitality|MatchaGotcha,RagePowder,TrickRoom,Protect|Relaxed|||||50|]Metagross||Metagrossite|ClearBody|IronHead,PsychicFangs,BodyPress,Protect|Jolly|||||50|
|
|t:|1783694963
|teamsize|p1|4
|teamsize|p2|4
|start
|switch|p1a: Blastoise|Blastoise, L50, M|100/100
|switch|p1b: Incineroar|Incineroar, L50, M|100/100
|switch|p2a: Swampert|Swampert, L50, M|100/100
|switch|p2b: Pelipper|Pelipper, L50, M|100/100
|-ability|p1b: Incineroar|Intimidate|boost
|-unboost|p2a: Swampert|atk|1
|-unboost|p2b: Pelipper|atk|1
|-weather|RainDance|[from] ability: Drizzle|[of] p2b: Pelipper
|turn|1
|
|t:|1783694980
|detailschange|p1a: Blastoise|Blastoise-Mega, L50, M
|-mega|p1a: Blastoise|Blastoise|Blastoisinite
|detailschange|p2a: Swampert|Swampert-Mega, L50, M
|-mega|p2a: Swampert|Swampert|Swampertite
|move|p1b: Incineroar|Fake Out|p2a: Swampert
|-damage|p2a: Swampert|91/100
|cant|p2a: Swampert|flinch
|move|p1a: Blastoise|Shell Smash|p1a: Blastoise
|-unboost|p1a: Blastoise|def|1
|-unboost|p1a: Blastoise|spd|1
|-boost|p1a: Blastoise|atk|2
|-boost|p1a: Blastoise|spa|2
|-boost|p1a: Blastoise|spe|2
|move|p2b: Pelipper|Tailwind|p2b: Pelipper
|-sidestart|p2: Megamoehre|move: Tailwind
|
|-weather|RainDance|[upkeep]
|upkeep
|turn|2
|
|t:|1783694998
|move|p1a: Blastoise|Protect|p1a: Blastoise
|-singleturn|p1a: Blastoise|Protect
|move|p2b: Pelipper|Wide Guard|p2b: Pelipper
|-singleturn|p2b: Pelipper|Wide Guard
|move|p2a: Swampert|Earthquake|p1b: Incineroar|[spread] p1b
|-activate|p2b: Pelipper|move: Wide Guard
|-activate|p1a: Blastoise|move: Protect
|-supereffective|p1b: Incineroar|1
|-damage|p1b: Incineroar|49/100
|-enditem|p1b: Incineroar|Sitrus Berry|[eat]
|-heal|p1b: Incineroar|74/100|[from] item: Sitrus Berry
|move|p1b: Incineroar|Parting Shot|p2a: Swampert
|-unboost|p2a: Swampert|atk|1
|-unboost|p2a: Swampert|spa|1
|
|t:|1783695023
|switch|p1b: Sneasler|Sneasler, L50, M|100/100|[from] Parting Shot
|
|-weather|RainDance|[upkeep]
|upkeep
|turn|3
|
|t:|1783695031
|move|p1b: Sneasler|Fake Out|p2a: Swampert
|-damage|p2a: Swampert|79/100
|-status|p2a: Swampert|psn|[from] ability: Poison Touch|[of] p1b: Sneasler
|cant|p2a: Swampert|flinch
|move|p1a: Blastoise|Dark Pulse|p2b: Pelipper
|-damage|p2b: Pelipper|0 fnt
|faint|p2b: Pelipper
|
|-weather|RainDance|[upkeep]
|-damage|p2a: Swampert|67/100 psn|[from] psn
|upkeep
|
|t:|1783695043
|switch|p2b: Sinistcha|Sinistcha, L50|100/100
|-heal|p2a: Swampert|92/100 psn|[from] ability: Hospitality|[of] p2b: Sinistcha
|turn|4
|
|t:|1783695050
|switch|p1b: Incineroar|Incineroar, L50, M|74/100
|-ability|p1b: Incineroar|Intimidate|boost
|-unboost|p2a: Swampert|atk|1
|-unboost|p2b: Sinistcha|atk|1
|move|p1a: Blastoise|Protect|p1a: Blastoise
|-singleturn|p1a: Blastoise|Protect
|move|p2a: Swampert|Earthquake|p1a: Blastoise|[spread] p2b,p1b
|-activate|p1a: Blastoise|move: Protect
|-resisted|p2b: Sinistcha|1
|-supereffective|p1b: Incineroar|1
|-damage|p2b: Sinistcha|91/100
|-damage|p1b: Incineroar|44/100
|move|p2b: Sinistcha|Matcha Gotcha|p1b: Incineroar|[spread] p1b
|-activate|p1a: Blastoise|move: Protect
|-resisted|p1b: Incineroar|1
|-damage|p1b: Incineroar|33/100
|-heal|p2b: Sinistcha|97/100|[from] drain|[of] p1b: Incineroar
|
|-weather|RainDance|[upkeep]
|-damage|p2a: Swampert|79/100 psn|[from] psn
|-sideend|p2: Megamoehre|move: Tailwind
|upkeep
|turn|5
|
|t:|1783695076
|move|p2a: Swampert|Protect|p2a: Swampert
|-singleturn|p2a: Swampert|Protect
|move|p1b: Incineroar|Fake Out|p2a: Swampert
|-activate|p2a: Swampert|move: Protect
|move|p1a: Blastoise|Dark Pulse|p2b: Sinistcha
|-supereffective|p2b: Sinistcha|1
|-damage|p2b: Sinistcha|0 fnt
|faint|p2b: Sinistcha
|
|-weather|none
|-damage|p2a: Swampert|67/100 psn|[from] psn
|upkeep
|-message|Megamoehre forfeited.
|
|win|barozj1
|l|☆Megamoehre
|player|p2|
||Megamoehre is ready for game 2.
