|j|☆TeyOnTheRox
|j|☆stanhoff
|html|TeyOnTheRoxstanhoff    
|uhtml|bestof|Game 3 of a best-of-3
|t:|1757740388
|gametype|doubles
|player|p1|TeyOnTheRox|benga|1149
|player|p2|stanhoff|falkner|1119
|gen|9
|tier|[Gen 9] VGC 2025 Reg H (Bo3)
|rated|
|rule|Species Clause: Limit one of each Pokémon
|rule|Item Clause: Limit 1 of each item
|clearpoke
|poke|p1|Tyranitar, L50, F|
|poke|p1|Excadrill, L50, F|
|poke|p1|Sneasler, L50, M|
|poke|p1|Indeedee, L50, M|
|poke|p1|Corviknight, L50, M|
|poke|p1|Annihilape, L50, F|
|poke|p2|Hatterene, L50, F|
|poke|p2|Indeedee-F, L50, F|
|poke|p2|Sneasler, L50, M|
|poke|p2|Excadrill, L50, M|
|poke|p2|Tyranitar, L50, M|
|poke|p2|Amoonguss, L50, F|
|teampreview|4
|showteam|p1|Tyranitar||AssaultVest|SandStream|RockSlide,KnockOff,TeraBlast,LowKick|||F|||50|,,,,,Flying]Excadrill||FocusSash|SandRush|IronHead,HighHorsepower,Earthquake,Protect|||F|||50|,,,,,Stellar]Sneasler||PsychicSeed|Unburden|DireClaw,CloseCombat,ThroatChop,Protect|||M|||50|,,,,,Dark]Indeedee||ChoiceScarf|PsychicSurge|ExpandingForce,TeraBlast,Protect,Trick|||M|||50|,,,,,Psychic]Corviknight||Leftovers|MirrorArmor|BraveBird,BulkUp,Roost,Tailwind|||M|||50|,,,,,Dragon]Annihilape||SafetyGoggles|Defiant|CloseCombat,FinalGambit,RageFist,Taunt|||F|||50|,,,,,Water
|showteam|p2|Hatterene||LifeOrb|MagicBounce|Protect,TrickRoom,ExpandingForce,DazzlingGleam|||F|||50|,,,,,Psychic]Indeedee-F||SafetyGoggles|PsychicSurge|FollowMe,HelpingHand,Psychic,TrickRoom|||F|||50|,,,,,Fairy]Sneasler||PsychicSeed|Unburden|DireClaw,CloseCombat,ThroatChop,Protect|||M|||50|,,,,,Dark]Excadrill||FocusSash|SandRush|Earthquake,IronHead,HighHorsepower,Protect|||M|||50|,,,,,Ground]Tyranitar||AirBalloon|SandStream|RockSlide,LowKick,KnockOff,Protect|||M|||50|,,,,,Flying]Amoonguss||RockyHelmet|Regenerator|Spore,RagePowder,SludgeBomb,ClearSmog|||F|||50|,,,,,Water
|inactive|Battle timer is ON: inactive players will automatically lose when time's up. (requested by stanhoff)
|inactive|TeyOnTheRox has 60 seconds left.
|
|t:|1757740432
|teamsize|p1|4
|teamsize|p2|4
|start
|switch|p1a: Cachiiga|Annihilape, L50, F|100/100
|switch|p1b: Cars II|Corviknight, L50, M|100/100
|switch|p2a: Sneasler|Sneasler, L50, M|100/100
|switch|p2b: Excadrill|Excadrill, L50, M|100/100
|turn|1
|inactive|TeyOnTheRox has 30 seconds left.
|inactive|stanhoff has 30 seconds left.
|
|t:|1757740461
|switch|p2a: Tyranitar|Tyranitar, L50, M|100/100
|-weather|Sandstorm|[from] ability: Sand Stream|[of] p2a: Tyranitar
|-item|p2a: Tyranitar|Air Balloon
|move|p2b: Excadrill|High Horsepower|p1a: Cachiiga
|-damage|p1a: Cachiiga|40/100
|move|p1a: Cachiiga|Close Combat|p2a: Tyranitar
|-supereffective|p2a: Tyranitar
|-damage|p2a: Tyranitar|0 fnt
|-unboost|p1a: Cachiiga|def|1
|-unboost|p1a: Cachiiga|spd|1
|-enditem|p2a: Tyranitar|Air Balloon
|faint|p2a: Tyranitar
|move|p1b: Cars II|Bulk Up|p1b: Cars II
|-boost|p1b: Cars II|atk|1
|-boost|p1b: Cars II|def|1
|
|-weather|Sandstorm|[upkeep]
|upkeep
|
|t:|1757740477
|switch|p2a: Sneasler|Sneasler, L50, M|100/100
|turn|2
|
|t:|1757740497
|-terastallize|p2a: Sneasler|Dark
|move|p2b: Excadrill|Iron Head|p1b: Cars II
|-resisted|p1b: Cars II
|-damage|p1b: Cars II|88/100
|move|p2a: Sneasler|Throat Chop|p1a: Cachiiga
|-damage|p1a: Cachiiga|0 fnt
|faint|p1a: Cachiiga
|cant|p1b: Cars II|flinch
|
|-weather|Sandstorm|[upkeep]
|-damage|p2a: Sneasler|95/100|[from] Sandstorm
|-heal|p1b: Cars II|94/100|[from] item: Leftovers
|upkeep
|
|t:|1757740515
|switch|p1a: Toe Mater|Excadrill, L50, F|100/100
|turn|3
|
|t:|1757740531
|move|p1a: Toe Mater|Earthquake|p2a: Sneasler|[spread] p2a,p2b
|-immune|p1b: Cars II
|-supereffective|p2b: Excadrill
|-damage|p2a: Sneasler|20/100
|-enditem|p2b: Excadrill|Focus Sash
|-damage|p2b: Excadrill|1/100
|move|p2b: Excadrill|High Horsepower|p1a: Toe Mater
|-supereffective|p1a: Toe Mater
|-enditem|p1a: Toe Mater|Focus Sash
|-damage|p1a: Toe Mater|1/100
|move|p2a: Sneasler|Close Combat|p1b: Cars II
|-damage|p1b: Cars II|59/100
|-unboost|p2a: Sneasler|def|1
|-unboost|p2a: Sneasler|spd|1
|move|p1b: Cars II|Tailwind|p1b: Cars II
|-sidestart|p1: TeyOnTheRox|move: Tailwind
|
|-weather|Sandstorm|[upkeep]
|-damage|p2a: Sneasler|14/100|[from] Sandstorm
|-heal|p1b: Cars II|65/100|[from] item: Leftovers
|upkeep
|turn|4
|inactive|TeyOnTheRox has 30 seconds left.
|inactive|stanhoff has 30 seconds left.
|
|t:|1757740562
|move|p2a: Sneasler|Protect|p2a: Sneasler
|-singleturn|p2a: Sneasler|Protect
|move|p1a: Toe Mater|Earthquake|p2a: Sneasler|[spread] p2b
|-activate|p2a: Sneasler|move: Protect
|-immune|p1b: Cars II
|-supereffective|p2b: Excadrill
|-damage|p2b: Excadrill|0 fnt
|faint|p2b: Excadrill
|move|p1b: Cars II|Roost|p1b: Cars II
|-heal|p1b: Cars II|100/100
|-singleturn|p1b: Cars II|move: Roost
|
|-weather|Sandstorm|[upkeep]
|-damage|p2a: Sneasler|8/100|[from] Sandstorm
|upkeep
|
|t:|1757740569
|switch|p2b: Indeedee|Indeedee-F, L50, F|100/100
|-fieldstart|move: Psychic Terrain|[from] ability: Psychic Surge|[of] p2b: Indeedee
|-enditem|p2a: Sneasler|Psychic Seed
|-boost|p2a: Sneasler|spd|1|[from] item: Psychic Seed
|turn|5
|
|t:|1757740586
|move|p2a: Sneasler|Protect|p2a: Sneasler
|-singleturn|p2a: Sneasler|Protect
|move|p1a: Toe Mater|Earthquake|p2a: Sneasler|[spread] p2b
|-activate|p2a: Sneasler|move: Protect
|-immune|p1b: Cars II
|-damage|p2b: Indeedee|59/100
|move|p1b: Cars II|Brave Bird|p2b: Indeedee
|-crit|p2b: Indeedee
|-damage|p2b: Indeedee|0 fnt
|faint|p2b: Indeedee
|-damage|p1b: Cars II|84/100|[from] Recoil
|
|-weather|none
|-heal|p1b: Cars II|90/100|[from] item: Leftovers
|upkeep
|turn|6
|
|t:|1757740603
|switch|p1a: Doc Hudson|Tyranitar, L50, F, shiny|100/100
|-weather|Sandstorm|[from] ability: Sand Stream|[of] p1a: Doc Hudson
|move|p2a: Sneasler|Throat Chop|p1a: Doc Hudson
|-resisted|p1a: Doc Hudson
|-damage|p1a: Doc Hudson|81/100
|-start|p1a: Doc Hudson|Throat Chop|[silent]
|move|p1b: Cars II|Brave Bird|p2a: Sneasler
|-damage|p2a: Sneasler|0 fnt
|faint|p2a: Sneasler
|-damage|p1b: Cars II|88/100|[from] Recoil
|
|win|TeyOnTheRox
|raw|TeyOnTheRox's rating: 1149 → 1172(+23 for winning)
|raw|stanhoff's rating: 1119 → 1096(-23 for losing)
