|j|☆sedrav
|j|☆MagickeySY
|html|sedravMagickeySY    
|uhtml|bestof|Game 2 of a best-of-3
|t:|1757045533
|gametype|doubles
|player|p1|sedrav|hilbert|1257
|player|p2|MagickeySY|steven|1167
|gen|9
|tier|[Gen 9] VGC 2025 Reg H (Bo3)
|rated|
|rule|Species Clause: Limit one of each Pokémon
|rule|Item Clause: Limit 1 of each item
|clearpoke
|poke|p1|Garchomp, L50, M|
|poke|p1|Gholdengo, L50|
|poke|p1|Tyranitar, L50, F|
|poke|p1|Amoonguss, L50, M|
|poke|p1|Kilowattrel, L50, M|
|poke|p1|Incineroar, L50, M|
|poke|p2|Dragonite, L50, F|
|poke|p2|Annihilape, L50, F|
|poke|p2|Maushold-Four, L50|
|poke|p2|Sinistcha-Masterpiece, L50|
|poke|p2|Archaludon, L50, M|
|poke|p2|Klefki, L50, M|
|teampreview|4
|showteam|p1|Garchomp||LifeOrb|RoughSkin|DragonClaw,StompingTantrum,Earthquake,Protect|||M|||50|,,,,,Ground]Gholdengo||MetalCoat|GoodasGold|MakeItRain,ShadowBall,NastyPlot,Protect||||||50|,,,,,Flying]Tyranitar||AssaultVest|SandStream|RockSlide,KnockOff,LowKick,TeraBlast|||F|||50|,,,,,Flying]Amoonguss||SitrusBerry|Regenerator|Spore,RagePowder,PollenPuff,Protect|||M|||50|,,,,,Water]Kilowattrel||FocusSash|Competitive|AirSlash,Tailwind,VoltSwitch,Protect|||M|||50|,,,,,Ghost]Incineroar||SafetyGoggles|Intimidate|FakeOut,FlareBlitz,KnockOff,PartingShot|||M|||50|,,,,,Ghost
|showteam|p2|Dragonite||LoadedDice|Multiscale|ExtremeSpeed,Haze,ScaleShot,Protect|||F|||50|,,,,,Fairy]Annihilape||Leftovers|Defiant|DrainPunch,RageFist,BulkUp,Protect|||F|||50|,,,,,Water]Maushold-Four||SafetyGoggles|FriendGuard|BeatUp,Taunt,FollowMe,Protect||||||50|,,,,,Ghost]Sinistcha-Masterpiece||SitrusBerry|Hospitality|MatchaGotcha,LifeDew,RagePowder,TrickRoom||||||50|,,,,,Water]Archaludon||AssaultVest|Stamina|BodyPress,DragonPulse,ElectroShot,FlashCannon|||M|||50|,,,,,Fairy]Klefki||LightClay|Prankster|DazzlingGleam,LightScreen,Reflect,MistyTerrain|||M|||50|,,,,,Ghost
|
|t:|1757045581
|teamsize|p1|4
|teamsize|p2|4
|start
|switch|p1a: Gholdengo|Gholdengo, L50|100/100
|switch|p1b: Garchomp|Garchomp, L50, M|100/100
|switch|p2a: Dragonite|Dragonite, L50, F|100/100
|switch|p2b: Klefki|Klefki, L50, M|100/100
|turn|1
|
|t:|1757045604
|move|p2b: Klefki|Light Screen|p2b: Klefki
|-sidestart|p2: MagickeySY|move: Light Screen
|move|p1b: Garchomp|Stomping Tantrum|p2b: Klefki
|-supereffective|p2b: Klefki
|-damage|p2b: Klefki|0 fnt
|faint|p2b: Klefki
|-damage|p1b: Garchomp|91/100|[from] item: Life Orb
|move|p1a: Gholdengo|Shadow Ball|p2a: Dragonite
|-damage|p2a: Dragonite|86/100
|move|p2a: Dragonite|Scale Shot|p1b: Garchomp
|-supereffective|p1b: Garchomp
|-damage|p1b: Garchomp|61/100
|-supereffective|p1b: Garchomp
|-damage|p1b: Garchomp|31/100
|-supereffective|p1b: Garchomp
|-damage|p1b: Garchomp|0 fnt
|faint|p1b: Garchomp
|-hitcount|p1: Garchomp|3
|-unboost|p2a: Dragonite|def|1
|-boost|p2a: Dragonite|spe|1
|
|upkeep
|
|t:|1757045632
|switch|p1b: Amoonguss|Amoonguss, L50, M|100/100
|switch|p2b: Annihilape|Annihilape, L50, F|100/100
|turn|2
|
|t:|1757045677
|switch|p2b: Sinistcha|Sinistcha-Masterpiece, L50|100/100
|-heal|p2a: Dragonite|100/100|[from] ability: Hospitality|[of] p2b: Sinistcha
|move|p2a: Dragonite|Scale Shot|p1b: Amoonguss
|-damage|p1b: Amoonguss|88/100
|-damage|p1b: Amoonguss|75/100
|-damage|p1b: Amoonguss|63/100
|-damage|p1b: Amoonguss|49/100
|-enditem|p1b: Amoonguss|Sitrus Berry|[eat]
|-heal|p1b: Amoonguss|74/100|[from] item: Sitrus Berry
|-damage|p1b: Amoonguss|62/100
|-hitcount|p1b: Amoonguss|5
|-unboost|p2a: Dragonite|def|1
|-boost|p2a: Dragonite|spe|1
|move|p1a: Gholdengo|Shadow Ball|p2a: Dragonite
|-damage|p2a: Dragonite|85/100
|move|p1b: Amoonguss|Spore|p2b: Sinistcha
|-immune|p2b: Sinistcha
|
|upkeep
|turn|3
|
|t:|1757045734
|switch|p1b: Tyranitar|Tyranitar, L50, F|100/100
|-weather|Sandstorm|[from] ability: Sand Stream|[of] p1b: Tyranitar
|-terastallize|p2b: Sinistcha|Water
|move|p2a: Dragonite|Scale Shot|p1b: Tyranitar|[miss]
|-miss|p2a: Dragonite|p1b: Tyranitar
|move|p1a: Gholdengo|Shadow Ball|p2b: Sinistcha
|-damage|p2b: Sinistcha|75/100
|-unboost|p2b: Sinistcha|spd|1
|move|p2b: Sinistcha|Trick Room|p2b: Sinistcha
|-fieldstart|move: Trick Room|[of] p2b: Sinistcha
|
|-weather|Sandstorm|[upkeep]
|-damage|p2b: Sinistcha|68/100|[from] Sandstorm
|-damage|p2a: Dragonite|79/100|[from] Sandstorm
|upkeep
|turn|4
|
|t:|1757045773
|-terastallize|p1b: Tyranitar|Flying
|move|p2a: Dragonite|Protect|p2a: Dragonite
|-singleturn|p2a: Dragonite|Protect
|move|p2b: Sinistcha|Matcha Gotcha|p1b: Tyranitar|[spread] p1a
|-miss|p2b: Sinistcha|p1b: Tyranitar
|-resisted|p1a: Gholdengo
|-damage|p1a: Gholdengo|87/100
|-heal|p2b: Sinistcha|75/100|[from] drain|[of] p1a: Gholdengo
|move|p1b: Tyranitar|Rock Slide|p2a: Dragonite|[spread] p2b
|-activate|p2a: Dragonite|move: Protect
|-damage|p2b: Sinistcha|51/100
|move|p1a: Gholdengo|Shadow Ball|p2b: Sinistcha
|-damage|p2b: Sinistcha|7/100
|-enditem|p2b: Sinistcha|Sitrus Berry|[eat]
|-heal|p2b: Sinistcha|32/100|[from] item: Sitrus Berry
|
|-weather|Sandstorm|[upkeep]
|-damage|p2b: Sinistcha|26/100|[from] Sandstorm
|-damage|p1b: Tyranitar|95/100|[from] Sandstorm
|-damage|p2a: Dragonite|73/100|[from] Sandstorm
|upkeep
|turn|5
|
|t:|1757045804
|switch|p2a: Annihilape|Annihilape, L50, F|100/100
|move|p2b: Sinistcha|Matcha Gotcha|p1b: Tyranitar|[spread] p1a,p1b
|-resisted|p1a: Gholdengo
|-resisted|p1b: Tyranitar
|-damage|p1a: Gholdengo|75/100
|-heal|p2b: Sinistcha|32/100|[from] drain|[of] p1a: Gholdengo
|-damage|p1b: Tyranitar|87/100
|-heal|p2b: Sinistcha|36/100|[from] drain|[of] p1b: Tyranitar
|-status|p1a: Gholdengo|brn
|move|p1b: Tyranitar|Rock Slide|p2b: Sinistcha|[spread] p2a
|-miss|p1b: Tyranitar|p2b: Sinistcha
|-resisted|p2a: Annihilape
|-damage|p2a: Annihilape|84/100
|move|p1a: Gholdengo|Shadow Ball|p2a: Annihilape
|-supereffective|p2a: Annihilape
|-damage|p2a: Annihilape|32/100
|
|-weather|Sandstorm|[upkeep]
|-damage|p2b: Sinistcha|30/100|[from] Sandstorm
|-damage|p1b: Tyranitar|81/100|[from] Sandstorm
|-damage|p2a: Annihilape|25/100|[from] Sandstorm
|-heal|p2a: Annihilape|32/100|[from] item: Leftovers
|-damage|p1a: Gholdengo|69/100 brn|[from] brn
|upkeep
|turn|6
|inactive|Battle timer is ON: inactive players will automatically lose when time's up. (requested by sedrav)
|
|t:|1757045874
|move|p2b: Sinistcha|Life Dew|p2b: Sinistcha|[spread] p2a,p2b
|-heal|p2a: Annihilape|57/100
|-heal|p2b: Sinistcha|56/100
|move|p1b: Tyranitar|Tera Blast|p2a: Annihilape|[anim] Tera Blast Flying
|-supereffective|p2a: Annihilape
|-damage|p2a: Annihilape|0 fnt
|faint|p2a: Annihilape
|move|p1a: Gholdengo|Shadow Ball|p2b: Sinistcha
|-damage|p2b: Sinistcha|15/100
|
|-weather|Sandstorm|[upkeep]
|-damage|p2b: Sinistcha|9/100|[from] Sandstorm
|-damage|p1b: Tyranitar|75/100|[from] Sandstorm
|-damage|p1a: Gholdengo|63/100 brn|[from] brn
|upkeep
|
|t:|1757045889
|switch|p2a: Dragonite|Dragonite, L50, F|73/100
|turn|7
|
|t:|1757045913
|move|p2b: Sinistcha|Life Dew|p2b: Sinistcha|[spread] p2a,p2b
|-heal|p2a: Dragonite|98/100
|-heal|p2b: Sinistcha|34/100
|move|p1b: Tyranitar|Rock Slide|p2b: Sinistcha|[spread] p2a
|-miss|p1b: Tyranitar|p2b: Sinistcha
|-supereffective|p2a: Dragonite
|-damage|p2a: Dragonite|33/100
|move|p2a: Dragonite|Scale Shot|p1a: Gholdengo|[miss]
|-miss|p2a: Dragonite|p1a: Gholdengo
|move|p1a: Gholdengo|Shadow Ball|p2a: Dragonite
|-damage|p2a: Dragonite|1/100
|
|-weather|none
|-damage|p1a: Gholdengo|57/100 brn|[from] brn
|-fieldend|move: Trick Room
|upkeep
|turn|8
|inactive|sedrav has 30 seconds left.
|inactive|MagickeySY has 30 seconds left.
|
|t:|1757045942
|move|p1a: Gholdengo|Make It Rain|p2a: Dragonite|[spread] p2a,p2b
|-resisted|p2b: Sinistcha
|-damage|p2a: Dragonite|0 fnt
|-damage|p2b: Sinistcha|8/100
|-unboost|p1a: Gholdengo|spa|1
|faint|p2a: Dragonite
|move|p1b: Tyranitar|Tera Blast|p2b: Sinistcha|[anim] Tera Blast Flying
|-damage|p2b: Sinistcha|0 fnt
|faint|p2b: Sinistcha
|
|win|sedrav
