|j|☆TJP195
|j|☆NicoViBrittania
|html|TJP195NicoViBrittania    
|uhtml|bestof|Game 2 of a best-of-3
|t:|1757738556
|gametype|doubles
|player|p1|TJP195|rocketgrunt|1167
|player|p2|NicoViBrittania|1|1139
|gen|9
|tier|[Gen 9] VGC 2025 Reg H (Bo3)
|rated|
|rule|Species Clause: Limit one of each Pokémon
|rule|Item Clause: Limit 1 of each item
|clearpoke
|poke|p1|Braviary-Hisui, L50, M|
|poke|p1|Ursaluna, L50, M|
|poke|p1|Indeedee-F, L50, F|
|poke|p1|Scrafty, L50, M|
|poke|p1|Meowstic, L50, M|
|poke|p1|Volcarona, L50, M|
|poke|p2|Annihilape, L50, M|
|poke|p2|Porygon2, L50|
|poke|p2|Primarina, L50, F|
|poke|p2|Torkoal, L50, M|
|poke|p2|Exeggutor-Alola, L50, F|
|poke|p2|Charizard, L50, F|
|teampreview|4
|showteam|p1|Braviary-Hisui||ChoiceSpecs|TintedLens|ExpandingForce,HeatWave,Snarl,Hurricane|||M|||50|,,,,,Psychic]Ursaluna||FlameOrb|Guts|Facade,Protect,HeadlongRush,Earthquake|||M|||50|,,,,,Ghost]Indeedee-F||SafetyGoggles|PsychicSurge|TrickRoom,FollowMe,HelpingHand,DazzlingGleam|||F|||50|,,,,,Fairy]Scrafty||AssaultVest|Intimidate|CloseCombat,KnockOff,PoisonJab,RockSlide|||M|||50|,,,,,Poison]Meowstic||MentalHerb|Prankster|PsychicTerrain,TrickRoom,LightScreen,RainDance|||M|||50|,,,,,Grass]Volcarona||RockyHelmet|FlameBody|RagePowder,Protect,FieryDance,GigaDrain|||M|||50|,,,,,Grass
|showteam|p2|Annihilape||SafetyGoggles|Defiant|Encore,Taunt,FinalGambit,RageFist|||M|||50|,,,,,Fire]Porygon2||Eviolite|Trace|TrickRoom,TriAttack,Protect,Recover||||||50|,,,,,Ghost]Primarina||ThroatSpray|LiquidVoice|Moonblast,Protect,HyperVoice,TeraBlast|||F|||50|,,,,,Ground]Torkoal||CovertCloak|Drought|HeatWave,HelpingHand,Protect,Eruption|||M|||50|,,,,,Fire]Exeggutor-Alola||SitrusBerry|Harvest|DracoMeteor,GigaDrain,TrickRoom,WoodHammer|||F|||50|,,,,,Ghost]Charizard||ChoiceScarf|SolarPower|DragonPulse,HeatWave,AirCutter,HelpingHand|||F|||50|,,,,,Fire
|
|t:|1757738590
|teamsize|p1|4
|teamsize|p2|4
|start
|switch|p1a: Indeedee|Indeedee-F, L50, F, shiny|100/100
|switch|p1b: Braviary|Braviary-Hisui, L50, M, shiny|100/100
|switch|p2a: Charizard|Charizard, L50, F|100/100
|switch|p2b: Primarina|Primarina, L50, F|100/100
|-fieldstart|move: Psychic Terrain|[from] ability: Psychic Surge|[of] p1a: Indeedee
|turn|1
|
|t:|1757738614
|-terastallize|p2a: Charizard|Fire
|-terastallize|p1b: Braviary|Psychic
|move|p2a: Charizard|Heat Wave|p1a: Indeedee|[spread] p1a,p1b
|-damage|p1a: Indeedee|50/100
|-damage|p1b: Braviary|43/100
|move|p1b: Braviary|Expanding Force|p2a: Charizard|[spread] p2a,p2b
|-damage|p2a: Charizard|0 fnt
|-damage|p2b: Primarina|4/100
|faint|p2a: Charizard
|move|p2b: Primarina|Hyper Voice|p1b: Braviary|[spread] p1a,p1b
|-damage|p1a: Indeedee|13/100
|-damage|p1b: Braviary|5/100
|-enditem|p2b: Primarina|Throat Spray
|-boost|p2b: Primarina|spa|1|[from] item: Throat Spray
|move|p1a: Indeedee|Trick Room|p1a: Indeedee
|-fieldstart|move: Trick Room|[of] p1a: Indeedee
|
|upkeep
|
|t:|1757738637
|switch|p2a: Torkoal|Torkoal, L50, M|100/100
|-weather|SunnyDay|[from] ability: Drought|[of] p2a: Torkoal
|turn|2
|
|t:|1757738650
|switch|p2b: Exeggutor|Exeggutor-Alola, L50, F|100/100
|move|p1a: Indeedee|Follow Me|p1a: Indeedee
|-singleturn|p1a: Indeedee|move: Follow Me
|move|p2a: Torkoal|Eruption|p1b: Braviary|[spread] p1a,p1b
|-damage|p1a: Indeedee|0 fnt
|-damage|p1b: Braviary|0 fnt
|faint|p1a: Indeedee
|faint|p1b: Braviary
|
|-weather|SunnyDay|[upkeep]
|upkeep
|
|t:|1757738654
|switch|p1b: Meowstic|Meowstic, L50, M, shiny|100/100
|switch|p1a: Ursaluna|Ursaluna, L50, M, shiny|100/100
|turn|3
|
|t:|1757738682
|move|p1b: Meowstic|Rain Dance|p1b: Meowstic
|-weather|RainDance
|move|p2a: Torkoal|Eruption|p1b: Meowstic|[spread] p1a,p1b
|-damage|p1a: Ursaluna|82/100
|-damage|p1b: Meowstic|73/100
|move|p2b: Exeggutor|Giga Drain|p1a: Ursaluna
|-supereffective|p1a: Ursaluna
|-damage|p1a: Ursaluna|11/100
|move|p1a: Ursaluna|Headlong Rush|p2a: Torkoal
|-supereffective|p2a: Torkoal
|-damage|p2a: Torkoal|0 fnt
|-unboost|p1a: Ursaluna|def|1
|-unboost|p1a: Ursaluna|spd|1
|faint|p2a: Torkoal
|
|-weather|RainDance|[upkeep]
|-status|p1a: Ursaluna|brn|[from] item: Flame Orb
|upkeep
|
|t:|1757738699
|switch|p2a: Primarina|Primarina, L50, F|4/100
|turn|4
|
|t:|1757738707
|move|p1b: Meowstic|Light Screen|p1b: Meowstic
|-sidestart|p1: TJP195|move: Light Screen
|move|p2b: Exeggutor|Giga Drain|p1a: Ursaluna
|-supereffective|p1a: Ursaluna
|-crit|p1a: Ursaluna
|-damage|p1a: Ursaluna|0 fnt
|faint|p1a: Ursaluna
|move|p2a: Primarina|Hyper Voice|p1b: Meowstic
|-damage|p1b: Meowstic|16/100
|
|-weather|RainDance|[upkeep]
|upkeep
|turn|5
|-message|TJP195 forfeited.
|
|win|NicoViBrittania
||TJP195 is ready for game 3.
|inactive|NicoViBrittania has 30 seconds to confirm battle start!
||NicoViBrittania is ready for game 3.
|uhtml|next|Next: Game 3 of 3
|l|☆NicoViBrittania
|player|p2|
|l|☆TJP195
|player|p1|
