|j|☆lewis94
|j|☆seemeier
|html|lewis94seemeier    
|uhtml|bestof|Game 2 of a best-of-3
|t:|1757005080
|gametype|doubles
|player|p1|lewis94|ethan-gen2|1127
|player|p2|seemeier|169|1169
|gen|9
|tier|[Gen 9] VGC 2025 Reg H (Bo3)
|rated|
|rule|Species Clause: Limit one of each Pokémon
|rule|Item Clause: Limit 1 of each item
|clearpoke
|poke|p1|Talonflame, L50, M|
|poke|p1|Ursaluna-Bloodmoon, L50, M|
|poke|p1|Tyranitar, L50, F|
|poke|p1|Sneasler, L50, M|
|poke|p1|Indeedee, L50, M|
|poke|p1|Electabuzz, L50, F|
|poke|p2|Rillaboom, L50, F|
|poke|p2|Typhlosion-Hisui, L50, F|
|poke|p2|Garchomp, L50, F|
|poke|p2|Corviknight, L50, M|
|poke|p2|Sneasler, L50, F|
|poke|p2|Baxcalibur, L50, M|
|teampreview|4
|showteam|p1|Talonflame||CovertCloak|GaleWings|FlareBlitz,DualWingbeat,WillOWisp,Tailwind|||M|||50|,,,,,Fairy]Ursaluna-Bloodmoon||LifeOrb|MindsEye|BloodMoon,HyperVoice,EarthPower,Protect|||M|||50|,,,,,Normal]Tyranitar||AssaultVest|SandStream|RockSlide,KnockOff,TeraBlast,LowKick|||F|||50|,,,,,Flying]Sneasler||PsychicSeed|Unburden|DireClaw,CloseCombat,ThroatChop,Protect|||M|||50|,,,,,Dark]Indeedee||ChoiceScarf|PsychicSurge|ExpandingForce,TeraBlast,Protect,Trick|||M|||50|,,,,,Psychic]Electabuzz||Eviolite|VitalSpirit|Electroweb,FollowMe,Taunt,Protect|||F|||50|,,,,,Ghost
|showteam|p2|Rillaboom||AssaultVest|GrassySurge|FakeOut,GrassyGlide,DrumBeating,HighHorsepower|||F|||50|,,,,,Fire]Typhlosion-Hisui||FocusSash|Blaze|Eruption,HeatWave,ShadowBall,Protect|||F|||50|,,,,,Fire]Garchomp||LifeOrb|RoughSkin|Earthquake,StompingTantrum,DragonClaw,Protect|||F|||50|,,,,,Ground]Corviknight||Leftovers|MirrorArmor|IronDefense,Tailwind,BodyPress,Protect|||M|||50|,,,,,Fighting]Sneasler||WhiteHerb|Unburden|FakeOut,CloseCombat,DireClaw,Protect|||F|||50|,,,,,Ghost]Baxcalibur||LoadedDice|ThermalExchange|IcicleSpear,ScaleShot,HighHorsepower,Protect|||M|||50|,,,,,Water
|inactive|Battle timer is ON: inactive players will automatically lose when time's up. (requested by lewis94)
|inactive|seemeier also wants the timer to be on.
|
|t:|1757005105
|teamsize|p1|4
|teamsize|p2|4
|start
|switch|p1a: Talonflame|Talonflame, L50, M|100/100
|switch|p1b: Tyranitar|Tyranitar, L50, F|100/100
|switch|p2a: Sneasler|Sneasler, L50, F|100/100
|switch|p2b: Garchomp|Garchomp, L50, F|100/100
|-weather|Sandstorm|[from] ability: Sand Stream|[of] p1b: Tyranitar
|turn|1
|inactive|lewis94 has 30 seconds left.
|
|t:|1757005133
|-terastallize|p1a: Talonflame|Fairy
|move|p2a: Sneasler|Fake Out|p1b: Tyranitar
|-resisted|p1b: Tyranitar
|-damage|p1b: Tyranitar|95/100
|move|p1a: Talonflame|Tailwind|p1a: Talonflame
|-sidestart|p1: lewis94|move: Tailwind
|cant|p1b: Tyranitar|flinch
|move|p2b: Garchomp|Dragon Claw|p1a: Talonflame
|-immune|p1a: Talonflame
|
|-weather|Sandstorm|[upkeep]
|-damage|p1a: Talonflame|95/100|[from] Sandstorm
|-damage|p2a: Sneasler|94/100|[from] Sandstorm
|upkeep
|turn|2
|inactive|seemeier has 30 seconds left.
|
|t:|1757005159
|move|p2a: Sneasler|Protect|p2a: Sneasler
|-singleturn|p2a: Sneasler|Protect
|move|p1a: Talonflame|Will-O-Wisp|p2b: Garchomp
|-status|p2b: Garchomp|brn
|move|p1b: Tyranitar|Rock Slide|p2b: Garchomp|[spread] 
|-activate|p2a: Sneasler|move: Protect
|-miss|p1b: Tyranitar|p2b: Garchomp
|move|p2b: Garchomp|Earthquake|p1b: Tyranitar|[spread] p1a,p1b
|-activate|p2a: Sneasler|move: Protect
|-supereffective|p1b: Tyranitar
|-damage|p1a: Talonflame|60/100
|-damage|p1b: Tyranitar|55/100
|-damage|p2b: Garchomp|91/100 brn|[from] item: Life Orb
|
|-weather|Sandstorm|[upkeep]
|-damage|p1a: Talonflame|55/100|[from] Sandstorm
|-damage|p2a: Sneasler|88/100|[from] Sandstorm
|-damage|p2b: Garchomp|85/100 brn|[from] brn
|upkeep
|turn|3
|inactive|lewis94 has 30 seconds left.
|inactive|seemeier has 30 seconds left.
|
|t:|1757005191
|switch|p1a: Indeedee|Indeedee, L50, M|100/100
|-fieldstart|move: Psychic Terrain|[from] ability: Psychic Surge|[of] p1a: Indeedee
|switch|p2a: Baxcalibur|Baxcalibur, L50, M|100/100
|move|p1b: Tyranitar|Rock Slide|p2b: Garchomp|[spread] p2a,p2b
|-supereffective|p2a: Baxcalibur
|-crit|p2a: Baxcalibur
|-resisted|p2b: Garchomp
|-damage|p2a: Baxcalibur|5/100
|-damage|p2b: Garchomp|69/100 brn
|move|p2b: Garchomp|Stomping Tantrum|p1b: Tyranitar
|-supereffective|p1b: Tyranitar
|-damage|p1b: Tyranitar|13/100
|-damage|p2b: Garchomp|59/100 brn|[from] item: Life Orb
|
|-weather|Sandstorm|[upkeep]
|-damage|p1a: Indeedee|95/100|[from] Sandstorm
|-damage|p2a: Baxcalibur|0 fnt|[from] Sandstorm
|faint|p2a: Baxcalibur
|-damage|p2b: Garchomp|53/100 brn|[from] brn
|upkeep
|
|t:|1757005203
|switch|p2a: Rillaboom|Rillaboom, L50, F|100/100
|-fieldstart|move: Grassy Terrain|[from] ability: Grassy Surge|[of] p2a: Rillaboom
|turn|4
|inactive|lewis94 has 30 seconds left.
|inactive|lewis94 has 20 seconds left.
|
|t:|1757005240
|switch|p1a: Sneasler|Sneasler, L50, M|100/100
|switch|p2b: Sneasler|Sneasler, L50, F|88/100
|move|p2a: Rillaboom|Fake Out|p1a: Sneasler
|-damage|p1a: Sneasler|82/100
|move|p1b: Tyranitar|Rock Slide|p2a: Rillaboom|[spread] p2a,p2b
|-resisted|p2b: Sneasler
|-damage|p2a: Rillaboom|70/100
|-damage|p2b: Sneasler|67/100
|
|-weather|Sandstorm|[upkeep]
|-damage|p1a: Sneasler|76/100|[from] Sandstorm
|-damage|p2b: Sneasler|61/100|[from] Sandstorm
|-damage|p2a: Rillaboom|65/100|[from] Sandstorm
|-heal|p1a: Sneasler|82/100|[from] Grassy Terrain
|-heal|p1b: Tyranitar|19/100|[from] Grassy Terrain
|-heal|p2b: Sneasler|67/100|[from] Grassy Terrain
|-heal|p2a: Rillaboom|70/100|[from] Grassy Terrain
|-sideend|p1: lewis94|move: Tailwind
|upkeep
|turn|5
|inactive|lewis94 has 30 seconds left.
|
|t:|1757005271
|switch|p1b: Talonflame|Talonflame, L50, M, tera:Fairy|55/100
|move|p1a: Sneasler|Dire Claw|p2a: Rillaboom
|-supereffective|p2a: Rillaboom
|-crit|p2a: Rillaboom
|-damage|p2a: Rillaboom|0 fnt
|faint|p2a: Rillaboom
|move|p2b: Sneasler|Close Combat|p1a: Sneasler
|-resisted|p1a: Sneasler
|-damage|p1a: Sneasler|33/100
|-unboost|p2b: Sneasler|def|1
|-unboost|p2b: Sneasler|spd|1
|-enditem|p2b: Sneasler|White Herb
|-clearnegativeboost|p2b: Sneasler|[silent]
|
|-weather|none
|-heal|p2b: Sneasler|73/100|[from] Grassy Terrain
|-heal|p1b: Talonflame|60/100|[from] Grassy Terrain
|-heal|p1a: Sneasler|38/100|[from] Grassy Terrain
|upkeep
|
|t:|1757005277
|switch|p2a: Garchomp|Garchomp, L50, F|53/100 brn
|turn|6
|
|t:|1757005298
|switch|p1a: Tyranitar|Tyranitar, L50, F|19/100
|-weather|Sandstorm|[from] ability: Sand Stream|[of] p1a: Tyranitar
|move|p2b: Sneasler|Dire Claw|p1b: Talonflame
|-supereffective|p1b: Talonflame
|-damage|p1b: Talonflame|0 fnt
|faint|p1b: Talonflame
|move|p2a: Garchomp|Stomping Tantrum|p1a: Tyranitar
|-supereffective|p1a: Tyranitar
|-damage|p1a: Tyranitar|0 fnt
|faint|p1a: Tyranitar
|-damage|p2a: Garchomp|43/100 brn|[from] item: Life Orb
|
|-weather|Sandstorm|[upkeep]
|-damage|p2b: Sneasler|67/100|[from] Sandstorm
|-heal|p2b: Sneasler|73/100|[from] Grassy Terrain
|-heal|p2a: Garchomp|49/100 brn|[from] Grassy Terrain
|-damage|p2a: Garchomp|43/100 brn|[from] brn
|upkeep
|
|t:|1757005315
|switch|p1b: Sneasler|Sneasler, L50, M|38/100
|switch|p1a: Indeedee|Indeedee, L50, M|95/100
|-fieldstart|move: Psychic Terrain|[from] ability: Psychic Surge|[of] p1a: Indeedee
|-enditem|p1b: Sneasler|Psychic Seed
|-boost|p1b: Sneasler|spd|1|[from] item: Psychic Seed
|turn|7
|inactive|lewis94 has 30 seconds left.
|
|t:|1757005344
|move|p1b: Sneasler|Close Combat|p2b: Sneasler
|-resisted|p2b: Sneasler
|-damage|p2b: Sneasler|25/100
|-unboost|p1b: Sneasler|def|1
|-unboost|p1b: Sneasler|spd|1
|move|p2b: Sneasler|Close Combat|p1a: Indeedee
|-damage|p1a: Indeedee|0 fnt
|-unboost|p2b: Sneasler|def|1
|-unboost|p2b: Sneasler|spd|1
|faint|p1a: Indeedee
|move|p2a: Garchomp|Stomping Tantrum|p1b: Sneasler
|-supereffective|p1b: Sneasler
|-damage|p1b: Sneasler|0 fnt
|faint|p1b: Sneasler
|-damage|p2a: Garchomp|33/100 brn|[from] item: Life Orb
|
|win|seemeier
|raw|lewis94's rating: 1127 → 1105(-22 for losing)
|raw|seemeier's rating: 1169 → 1191(+22 for winning)
|l|☆seemeier
|player|p2|
