|j|☆StosMac11
|j|☆R1ply
|html|StosMac11R1ply    
|uhtml|bestof|Game 2 of a best-of-3
|t:|1756929023
|gametype|doubles
|player|p1|StosMac11|265|
|player|p2|R1ply|acetrainer-gen4dp|
|gen|9
|tier|[Gen 9] VGC 2025 Reg H (Bo3)
|rule|Species Clause: Limit one of each Pokémon
|rule|Item Clause: Limit 1 of each item
|clearpoke
|poke|p1|Sinistcha, L50|
|poke|p1|Gholdengo, L50|
|poke|p1|Maushold, L50|
|poke|p1|Archaludon, L50, M|
|poke|p1|Armarouge, L50, F|
|poke|p1|Mimikyu, L50, M|
|poke|p2|Gholdengo, L50|
|poke|p2|Sneasler, L50, M|
|poke|p2|Rillaboom, L50, M|
|poke|p2|Dragonite, L50, F|
|poke|p2|Ninetales-Alola, L50, M|
|poke|p2|Arcanine-Hisui, L50, F|
|teampreview|4
|showteam|p1|Sinistcha||SitrusBerry|Hospitality|RagePowder,MatchaGotcha,TrickRoom,Imprison||||||50|,,,,,Normal]Gholdengo||FocusSash|GoodasGold|MakeItRain,Protect,NastyPlot,MetalSound||||||50|,,,,,Fairy]Maushold||WideLens|Technician|PopulationBomb,Protect,FollowMe,BeatUp||||||50|,,,,,Normal]Archaludon||Leftovers|Stamina|Protect,BodyPress,DragonPulse,Snarl|||M|||50|,,,,,Water]Armarouge||WeaknessPolicy|WeakArmor|HeatWave,Taunt,Endure,WideGuard|||F|||50|,,,,,Fire]Mimikyu||MentalHerb|Disguise|TrickRoom,MistyTerrain,ShadowSneak,PlayRough|||M|||50|,,,,,Fairy
|showteam|p2|Gholdengo||GrassySeed|GoodasGold|NastyPlot,MakeItRain,ShadowBall,Protect||||||50|,,,,,Water]Sneasler||WhiteHerb|Unburden|CloseCombat,DireClaw,Coaching,Protect|||M|||50|,,,,,Ghost]Rillaboom||AssaultVest|GrassySurge|FakeOut,GrassyGlide,DrumBeating,HighHorsepower|||M|||50|,,,,,Fire]Dragonite||LoadedDice|Multiscale|ScaleShot,StompingTantrum,Tailwind,Protect|||F|||50|,,,,,Ground]Ninetales-Alola||FocusSash|SnowWarning|Blizzard,IcyWind,Encore,AuroraVeil|||M|||50|,,,,,Ghost]Arcanine-Hisui||ClearAmulet|Intimidate|RockSlide,FlareBlitz,ExtremeSpeed,Protect|||F|||50|,,,,,Water
|inactive|Battle timer is ON: inactive players will automatically lose when time's up. (requested by R1ply)
|inactive|R1ply has 60 seconds left.
|
|t:|1756929057
|teamsize|p1|4
|teamsize|p2|4
|start
|switch|p1a: Gholdengo|Gholdengo, L50|100/100
|switch|p1b: Maushold|Maushold, L50|100/100
|switch|p2a: Rillaboom|Rillaboom, L50, M|100/100
|switch|p2b: Sneasler|Sneasler, L50, M|100/100
|-fieldstart|move: Grassy Terrain|[from] ability: Grassy Surge|[of] p2a: Rillaboom
|turn|1
|inactive|StosMac11 has 30 seconds left.
|inactive|R1ply has 30 seconds left.
|inactive|R1ply has 20 seconds left.
|
|t:|1756929095
|-terastallize|p2b: Sneasler|Ghost
|move|p1b: Maushold|Protect|p1b: Maushold
|-singleturn|p1b: Maushold|Protect
|move|p2b: Sneasler|Coaching|p2a: Rillaboom
|-boost|p2a: Rillaboom|atk|1
|-boost|p2a: Rillaboom|def|1
|move|p1a: Gholdengo|Nasty Plot|p1a: Gholdengo
|-boost|p1a: Gholdengo|spa|2
|move|p2a: Rillaboom|High Horsepower|p1a: Gholdengo
|-supereffective|p1a: Gholdengo
|-crit|p1a: Gholdengo
|-enditem|p1a: Gholdengo|Focus Sash
|-damage|p1a: Gholdengo|1/100
|
|-heal|p1a: Gholdengo|7/100|[from] Grassy Terrain
|upkeep
|turn|2
|
|t:|1756929119
|move|p1b: Maushold|Follow Me|p1b: Maushold
|-singleturn|p1b: Maushold|move: Follow Me
|move|p2a: Rillaboom|Grassy Glide|p1b: Maushold
|-damage|p1b: Maushold|21/100
|move|p2b: Sneasler|Close Combat|p1b: Maushold
|-supereffective|p1b: Maushold
|-damage|p1b: Maushold|0 fnt
|-unboost|p2b: Sneasler|def|1
|-unboost|p2b: Sneasler|spd|1
|faint|p1b: Maushold
|-enditem|p2b: Sneasler|White Herb
|-clearnegativeboost|p2b: Sneasler|[silent]
|move|p1a: Gholdengo|Make It Rain|p2b: Sneasler|[spread] p2a,p2b
|-damage|p2a: Rillaboom|37/100
|-damage|p2b: Sneasler|0 fnt
|-unboost|p1a: Gholdengo|spa|1
|faint|p2b: Sneasler
|
|-heal|p1a: Gholdengo|13/100|[from] Grassy Terrain
|-heal|p2a: Rillaboom|44/100|[from] Grassy Terrain
|upkeep
|inactive|StosMac11 has 30 seconds left.
|inactive|StosMac11 has 20 seconds left.
|
|t:|1756929154
|switch|p2b: Gholdengo|Gholdengo, L50|100/100
|switch|p1b: Sinistcha|Sinistcha, L50|100/100
|-enditem|p2b: Gholdengo|Grassy Seed
|-boost|p2b: Gholdengo|def|1|[from] item: Grassy Seed
|-heal|p1a: Gholdengo|38/100|[from] ability: Hospitality|[of] p1b: Sinistcha
|turn|3
|inactive|R1ply has 30 seconds left.
|
|t:|1756929182
|switch|p1b: Archaludon|Archaludon, L50, M|100/100
|move|p2b: Gholdengo|Protect|p2b: Gholdengo
|-singleturn|p2b: Gholdengo|Protect
|move|p1a: Gholdengo|Make It Rain|p2b: Gholdengo|[spread] p2a
|-activate|p2b: Gholdengo|move: Protect
|-damage|p2a: Rillaboom|0 fnt
|-unboost|p1a: Gholdengo|spa|1
|faint|p2a: Rillaboom
|
|-heal|p1a: Gholdengo|44/100|[from] Grassy Terrain
|upkeep
|
|t:|1756929192
|switch|p2a: Arcanine|Arcanine-Hisui, L50, F|100/100
|-ability|p2a: Arcanine|Intimidate|boost
|-unboost|p1a: Gholdengo|atk|1
|-unboost|p1b: Archaludon|atk|1
|turn|4
|inactive|StosMac11 has 30 seconds left.
|
|t:|1756929224
|move|p2b: Gholdengo|Protect||[still]
|-fail|p2b: Gholdengo
|move|p1a: Gholdengo|Make It Rain|p2b: Gholdengo|[spread] p2a,p2b
|-resisted|p2b: Gholdengo
|-damage|p2a: Arcanine|47/100
|-damage|p2b: Gholdengo|77/100
|-unboost|p1a: Gholdengo|spa|1
|move|p2a: Arcanine|Flare Blitz|p1a: Gholdengo
|-supereffective|p1a: Gholdengo
|-damage|p1a: Gholdengo|0 fnt
|faint|p1a: Gholdengo
|-damage|p2a: Arcanine|34/100|[from] Recoil
|move|p1b: Archaludon|Snarl|p2a: Arcanine|[spread] p2a,p2b
|-supereffective|p2b: Gholdengo
|-damage|p2a: Arcanine|19/100
|-damage|p2b: Gholdengo|53/100
|-unboost|p2b: Gholdengo|spa|1
|
|-heal|p2a: Arcanine|25/100|[from] Grassy Terrain
|-heal|p2b: Gholdengo|59/100|[from] Grassy Terrain
|upkeep
|
|t:|1756929243
|switch|p1a: Sinistcha|Sinistcha, L50|100/100
|turn|5
|
|t:|1756929267
|move|p1a: Sinistcha|Rage Powder|p1a: Sinistcha
|-singleturn|p1a: Sinistcha|move: Rage Powder
|move|p2a: Arcanine|Flare Blitz|p1a: Sinistcha
|-supereffective|p1a: Sinistcha
|-damage|p1a: Sinistcha|0 fnt
|faint|p1a: Sinistcha
|-damage|p2a: Arcanine|0 fnt|[from] Recoil
|faint|p2a: Arcanine
|move|p2b: Gholdengo|Shadow Ball|p1b: Archaludon
|-damage|p1b: Archaludon|76/100
|-ability|p1b: Archaludon|Stamina|boost
|-boost|p1b: Archaludon|def|1
|move|p1b: Archaludon|Snarl|p2b: Gholdengo
|-supereffective|p2b: Gholdengo
|-damage|p2b: Gholdengo|27/100
|-unboost|p2b: Gholdengo|spa|1
|
|-heal|p2b: Gholdengo|33/100|[from] Grassy Terrain
|-heal|p1b: Archaludon|82/100|[from] Grassy Terrain
|-heal|p1b: Archaludon|88/100|[from] item: Leftovers
|-fieldend|move: Grassy Terrain
|upkeep
|turn|6
|
|t:|1756929290
|move|p2b: Gholdengo|Nasty Plot|p2b: Gholdengo
|-boost|p2b: Gholdengo|spa|2
|move|p1b: Archaludon|Dragon Pulse|p2b: Gholdengo
|-resisted|p2b: Gholdengo
|-crit|p2b: Gholdengo
|-damage|p2b: Gholdengo|8/100
|
|-heal|p1b: Archaludon|94/100|[from] item: Leftovers
|upkeep
|turn|7
|
|t:|1756929303
|move|p2b: Gholdengo|Shadow Ball|p1b: Archaludon
|-damage|p1b: Archaludon|58/100
|-ability|p1b: Archaludon|Stamina|boost
|-boost|p1b: Archaludon|def|1
|move|p1b: Archaludon|Dragon Pulse|p2b: Gholdengo
|-resisted|p2b: Gholdengo
|-damage|p2b: Gholdengo|0 fnt
|faint|p2b: Gholdengo
|
|win|StosMac11
||R1ply is ready for game 3.
|inactive|StosMac11 has 30 seconds to confirm battle start!
|l|☆StosMac11
|player|p1|
|inactive|StosMac11 has 20 seconds to confirm battle start!
|inactive|StosMac11 has 10 seconds to confirm battle start!
|uhtml|next|Next: Game 3 of 3
