|j|☆Hal8
|j|☆pheonix13470
|html|Hal8pheonix13470    
|uhtml|bestof|Game 1 of a best-of-3
|t:|1757839553
|gametype|doubles
|player|p1|Hal8|unknown|1078
|player|p2|pheonix13470|red|1006
|gen|9
|tier|[Gen 9] VGC 2025 Reg H (Bo3)
|rated|
|rule|Species Clause: Limit one of each Pokémon
|rule|Item Clause: Limit 1 of each item
|clearpoke
|poke|p1|Torkoal, L50, M|
|poke|p1|Jumpluff, L50, M|
|poke|p1|Ursaluna, L50, M|
|poke|p1|Incineroar, L50, M|
|poke|p1|Porygon2, L50|
|poke|p1|Charizard, L50, M|
|poke|p2|Weezing, L50, F|
|poke|p2|Dondozo, L50, F|
|poke|p2|Tatsugiri-Droopy, L50, F|
|poke|p2|Kilowattrel, L50, M|
|poke|p2|Slaking, L50, M|
|poke|p2|Mamoswine, L50, M|
|teampreview|4
|showteam|p1|Torkoal||EjectPack|Drought|Eruption,Protect,HelpingHand,Overheat|||M|||50|,,,,,Fire]Jumpluff||CovertCloak|Chlorophyll|SleepPowder,Tailwind,SunnyDay,RagePowder|||M|||50|,,,,,Ghost]Ursaluna||FlameOrb|Guts|Facade,HeadlongRush,Earthquake,Protect|||M|||50|,,,,,Ghost]Incineroar||SafetyGoggles|Intimidate|FakeOut,FlareBlitz,PartingShot,KnockOff|||M|||50|,,,,,Ghost]Porygon2||Eviolite|Download|TeraBlast,IceBeam,Recover,TrickRoom||||||50|,,,,,Fighting]Charizard||LifeOrb|SolarPower|HeatWave,SolarBeam,AirSlash,Protect|||M|||50|,,,,,Grass
|showteam|p2|Weezing||CovertCloak|NeutralizingGas|Protect,SludgeBomb,WillOWisp,ToxicSpikes|||F|||50|,,,,,Fairy]Dondozo||Leftovers|Unaware|Protect,WaveCrash,Earthquake,Substitute|||F|||50|,,,,,Ground]Tatsugiri-Droopy||AssaultVest|Commander|DracoMeteor,MirrorCoat,IcyWind,MuddyWater|||F|||50|,,,,,Steel]Kilowattrel||ChoiceSpecs|Competitive|Discharge,AirSlash,VoltSwitch,Thunderbolt|||M|||50|,,,,,Ghost]Slaking||LifeOrb|Truant|Protect,DoubleEdge,SuckerPunch,HighHorsepower|||M|||50|,,,,,Ghost]Mamoswine||FocusSash|Oblivious|IceShard,IcicleCrash,Protect,Earthquake|||M|||50|,,,,,Ghost
|inactive|Battle timer is ON: inactive players will automatically lose when time's up. (requested by Hal8)
|
|t:|1757839584
|teamsize|p1|4
|teamsize|p2|4
|start
|switch|p1a: Porygon2|Porygon2, L50, shiny|100/100
|switch|p1b: Incineroar|Incineroar, L50, M, shiny|100/100
|switch|p2a: Slaking|Slaking, L50, M|100/100
|switch|p2b: Weezing|Weezing, L50, F, shiny|100/100
|-ability|p2b: Weezing|Neutralizing Gas
|turn|1
|inactive|pheonix13470 has 30 seconds left.
|inactive|pheonix13470 has 20 seconds left.
|
|t:|1757839621
|-terastallize|p2a: Slaking|Ghost
|-terastallize|p1b: Incineroar|Ghost
|move|p2a: Slaking|Double-Edge|p1a: Porygon2
|-damage|p1a: Porygon2|31/100
|-damage|p2a: Slaking|82/100|[from] Recoil
|-damage|p2a: Slaking|72/100|[from] item: Life Orb
|move|p1b: Incineroar|Parting Shot|p2a: Slaking
|-unboost|p2a: Slaking|atk|1
|-unboost|p2a: Slaking|spa|1
|
|t:|1757839631
|switch|p1b: Torkoal|Torkoal, L50, M, shiny|100/100|[from] Parting Shot
|move|p2b: Weezing|Toxic Spikes|p1a: Porygon2
|-sidestart|p1: Hal8|move: Toxic Spikes
|move|p1a: Porygon2|Trick Room|p1a: Porygon2
|-fieldstart|move: Trick Room|[of] p1a: Porygon2
|
|upkeep
|turn|2
|
|t:|1757839651
|move|p2a: Slaking|Protect|p2a: Slaking
|-singleturn|p2a: Slaking|Protect
|move|p1b: Torkoal|Eruption|p2a: Slaking|[spread] p2b
|-activate|p2a: Slaking|move: Protect
|-damage|p2b: Weezing|56/100
|move|p2b: Weezing|Sludge Bomb|p1a: Porygon2
|-damage|p1a: Porygon2|14/100
|move|p1a: Porygon2|Recover|p1a: Porygon2
|-heal|p1a: Porygon2|65/100
|
|upkeep
|turn|3
|
|t:|1757839674
|move|p2a: Slaking|Sucker Punch|p1b: Torkoal
|-damage|p1b: Torkoal|83/100
|-damage|p2a: Slaking|62/100|[from] item: Life Orb
|move|p1b: Torkoal|Eruption|p2a: Slaking|[spread] p2a,p2b
|-damage|p2a: Slaking|26/100
|-damage|p2b: Weezing|18/100
|move|p1a: Porygon2|Tera Blast|p2b: Weezing
|-damage|p2b: Weezing|0 fnt
|faint|p2b: Weezing
|-end|p2b: Weezing|ability: Neutralizing Gas
|-weather|SunnyDay|[from] ability: Drought|[of] p1b: Torkoal
|-ability|p1a: Porygon2|Download|boost
|-boost|p1a: Porygon2|spa|1
|
|-weather|SunnyDay|[upkeep]
|upkeep
|
|t:|1757839691
|switch|p2b: Dondozo|Dondozo, L50, F|100/100
|turn|4
|
|t:|1757839700
|switch|p2a: Tatsugiri|Tatsugiri-Droopy, L50, F|100/100
|-activate|p2a: Tatsugiri|ability: Commander|[of] p2b: Dondozo
|-boost|p2b: Dondozo|atk|2
|-boost|p2b: Dondozo|spa|2
|-boost|p2b: Dondozo|spe|2
|-boost|p2b: Dondozo|def|2
|-boost|p2b: Dondozo|spd|2
|move|p2b: Dondozo|Protect|p2b: Dondozo
|-singleturn|p2b: Dondozo|Protect
|move|p1b: Torkoal|Overheat|p2b: Dondozo
|-activate|p2b: Dondozo|move: Protect
|move|p1a: Porygon2|Tera Blast|p2b: Dondozo
|-activate|p2b: Dondozo|move: Protect
|
|-weather|SunnyDay|[upkeep]
|upkeep
|turn|5
|
|t:|1757839718
|move|p1b: Torkoal|Overheat|p2b: Dondozo
|-resisted|p2b: Dondozo
|-crit|p2b: Dondozo
|-damage|p2b: Dondozo|46/100
|-unboost|p1b: Torkoal|spa|2
|-enditem|p1b: Torkoal|Eject Pack
|
|t:|1757839727
|switch|p1b: Incineroar|Incineroar, L50, M, shiny, tera:Ghost|100/100
|-status|p1b: Incineroar|psn
|-ability|p1b: Incineroar|Intimidate|boost
|-unboost|p2a: Tatsugiri|atk|1
|-unboost|p2b: Dondozo|atk|1
|move|p1a: Porygon2|Tera Blast|p2b: Dondozo
|-damage|p2b: Dondozo|31/100
|move|p2b: Dondozo|Wave Crash|p1b: Incineroar
|-damage|p1b: Incineroar|60/100 psn
|-damage|p2b: Dondozo|21/100|[from] Recoil
|
|-weather|SunnyDay|[upkeep]
|-heal|p2b: Dondozo|27/100|[from] item: Leftovers
|-damage|p1b: Incineroar|48/100 psn|[from] psn
|-fieldend|move: Trick Room
|upkeep
|turn|6
|inactive|Hal8 has 30 seconds left.
|
|t:|1757839759
|move|p2b: Dondozo|Substitute|p2b: Dondozo
|-start|p2b: Dondozo|Substitute
|-damage|p2b: Dondozo|2/100
|move|p1b: Incineroar|Parting Shot|p1a: Porygon2
|-unboost|p1a: Porygon2|atk|1
|-unboost|p1a: Porygon2|spa|1
|
|t:|1757839766
|switch|p1b: Ursaluna|Ursaluna, L50, M, shiny|100/100|[from] Parting Shot
|-status|p1b: Ursaluna|psn
|move|p1a: Porygon2|Trick Room|p1a: Porygon2
|-fieldstart|move: Trick Room|[of] p1a: Porygon2
|
|-weather|SunnyDay|[upkeep]
|-heal|p2b: Dondozo|8/100|[from] item: Leftovers
|-damage|p1b: Ursaluna|88/100 psn|[from] psn
|upkeep
|turn|7
|inactive|Hal8 has 30 seconds left.
|inactive|pheonix13470 has 30 seconds left.
|
|t:|1757839792
|move|p1b: Ursaluna|Protect|p1b: Ursaluna
|-singleturn|p1b: Ursaluna|Protect
|move|p1a: Porygon2|Tera Blast|p2b: Dondozo
|-activate|p2b: Dondozo|move: Substitute|[damage]
|move|p2b: Dondozo|Wave Crash|p1b: Ursaluna
|-activate|p1b: Ursaluna|move: Protect
|
|-weather|none
|-heal|p2b: Dondozo|14/100|[from] item: Leftovers
|-damage|p1b: Ursaluna|76/100 psn|[from] psn
|upkeep
|turn|8
|
|t:|1757839806
|move|p1a: Porygon2|Tera Blast|p2b: Dondozo
|-end|p2b: Dondozo|Substitute
|move|p1b: Ursaluna|Facade|p2b: Dondozo
|-damage|p2b: Dondozo|0 fnt
|faint|p2b: Dondozo
|
|-damage|p1b: Ursaluna|64/100 psn|[from] psn
|upkeep
|
|t:|1757839816
|switch|p2b: Slaking|Slaking, L50, M, tera:Ghost|26/100
|turn|9
|-message|pheonix13470 forfeited.
|
|win|Hal8
|l|☆pheonix13470
|player|p2|
||Hal8 is ready for game 2.
|raw|Hal8's rating: 1078 → 1101(+23 for winning)
|raw|pheonix13470's rating: 1006 → 1000(-6 for losing)
|l|☆Hal8
|player|p1|
