|j|☆almagroalanzarote
|j|☆poison mouse
|html|almagroalanzarotepoison mouse    
|uhtml|bestof|Game 2 of a best-of-3
|t:|1784732976
|gametype|doubles
|player|p1|almagroalanzarote|nate|1336
|player|p2|poison mouse|tate|1281
|gen|9
|tier|[Gen 9 Champions] VGC 2026 Reg M-B (Bo3)
|rated|
|rule|Species Clause: Limit one of each Pokémon
|rule|Item Clause: Limit 1 of each item
|clearpoke
|poke|p1|Blastoise, L50, M|
|poke|p1|Delphox, L50, F|
|poke|p1|Sneasler, L50, F|
|poke|p1|Incineroar, L50, F|
|poke|p1|Kingambit, L50, M|
|poke|p1|Sinistcha, L50|
|poke|p2|Sneasler, L50, F|
|poke|p2|Kingambit, L50, F|
|poke|p2|Incineroar, L50, M|
|poke|p2|Floette-Eternal, L50, F|
|poke|p2|Sinistcha, L50|
|poke|p2|Delphox, L50, F, shiny|
|teampreview|4
|showteam|p1|Blastoise||Blastoisinite|RainDish|WaterSpout,DarkPulse,ShellSmash,Protect|Modest||M|||50|]Delphox||Delphoxite|Blaze|HeatWave,Psyshock,NastyPlot,Protect|Timid||F|||50|]Sneasler||FocusSash|PoisonTouch|FakeOut,CloseCombat,DireClaw,QuickGuard|Jolly||F|||50|]Incineroar||SitrusBerry|Intimidate|FakeOut,FlareBlitz,PartingShot,HelpingHand|Impish||F|||50|]Kingambit||BlackGlasses|Defiant|KowtowCleave,SuckerPunch,SwordsDance,Protect|Adamant||M|||50|]Sinistcha||OccaBerry|Hospitality|MatchaGotcha,RagePowder,TrickRoom,Protect|Bold|||||50|
|showteam|p2|Sneasler||FocusSash|PoisonTouch|QuickGuard,FakeOut,CloseCombat,DireClaw|Jolly||F|||50|]Kingambit||LifeOrb|Defiant|Protect,SwordsDance,SuckerPunch,KowtowCleave|Adamant||F|||50|]Incineroar||SitrusBerry|Intimidate|FakeOut,PartingShot,FlareBlitz,ThroatChop|Impish||M|||50|]Floette-Eternal||Floettite|FlowerVeil|Protect,CalmMind,Moonblast,DazzlingGleam|Modest||F|||50|]Sinistcha||OccaBerry|Hospitality|Protect,MatchaGotcha,TrickRoom,RagePowder|Bold|||||50|]Delphox||Delphoxite|Blaze|Protect,HeatWave,Psyshock,NastyPlot|Timid||F|||50|
|inactive|Battle timer is ON: inactive players will automatically lose when time's up. (requested by almagroalanzarote)
|
|t:|1784732997
|teamsize|p1|4
|teamsize|p2|4
|start
|switch|p1a: Delphox|Delphox, L50, F|100/100
|switch|p1b: Sneasler|Sneasler, L50, F|100/100
|switch|p2a: Sneasler|Sneasler, L50, F|100/100
|switch|p2b: Delphox|Delphox, L50, F, shiny|100/100
|turn|1
|inactive|poison mouse has 30 seconds left.
|
|t:|1784733024
|detailschange|p2b: Delphox|Delphox-Mega, L50, F, shiny
|-mega|p2b: Delphox|Delphox|Delphoxite
|detailschange|p1a: Delphox|Delphox-Mega, L50, F
|-mega|p1a: Delphox|Delphox|Delphoxite
|move|p1b: Sneasler|Fake Out|p2b: Delphox
|-damage|p2b: Delphox|79/100
|move|p2a: Sneasler|Fake Out|p1a: Delphox
|-damage|p1a: Delphox|78/100
|cant|p2b: Delphox|flinch
|cant|p1a: Delphox|flinch
|
|upkeep
|turn|2
|
|t:|1784733047
|switch|p1a: Incineroar|Incineroar, L50, F|100/100
|-ability|p1a: Incineroar|Intimidate|boost
|-unboost|p2a: Sneasler|atk|1
|-unboost|p2b: Delphox|atk|1
|move|p2b: Delphox|Nasty Plot|p2b: Delphox
|-boost|p2b: Delphox|spa|2
|move|p1b: Sneasler|Dire Claw|p2b: Delphox
|-damage|p2b: Delphox|22/100
|move|p2a: Sneasler|Dire Claw|p1a: Incineroar
|-crit|p1a: Incineroar
|-damage|p1a: Incineroar|45/100
|-enditem|p1a: Incineroar|Sitrus Berry|[eat]
|-heal|p1a: Incineroar|69/100|[from] item: Sitrus Berry
|
|upkeep
|turn|3
|inactive|almagroalanzarote has 30 seconds left.
|inactive|almagroalanzarote has 20 seconds left.
|inactive|almagroalanzarote has 15 seconds left.
|inactive|almagroalanzarote has 10 seconds left.
|
|t:|1784733095
|move|p2b: Delphox|Protect|p2b: Delphox
|-singleturn|p2b: Delphox|Protect
|move|p2a: Sneasler|Close Combat|p1a: Incineroar
|-supereffective|p1a: Incineroar|1
|-damage|p1a: Incineroar|4/100
|-unboost|p2a: Sneasler|def|1
|-unboost|p2a: Sneasler|spd|1
|move|p1b: Sneasler|Dire Claw|p2b: Delphox
|-activate|p2b: Delphox|move: Protect
|move|p1a: Incineroar|Parting Shot|p2a: Sneasler
|-unboost|p2a: Sneasler|atk|1
|-unboost|p2a: Sneasler|spa|1
|
|t:|1784733107
|switch|p1a: Kingambit|Kingambit, L50, M|100/100|[from] Parting Shot
|
|upkeep
|turn|4
|
|t:|1784733118
|move|p1a: Kingambit|Protect|p1a: Kingambit
|-singleturn|p1a: Kingambit|Protect
|move|p2b: Delphox|Heat Wave|p1b: Sneasler|[spread] p1b
|-activate|p1a: Kingambit|move: Protect
|-enditem|p1b: Sneasler|Focus Sash
|-damage|p1b: Sneasler|1/100
|move|p2a: Sneasler|Close Combat|p1a: Kingambit
|-activate|p1a: Kingambit|move: Protect
|move|p1b: Sneasler|Dire Claw|p2b: Delphox
|-damage|p2b: Delphox|0 fnt
|faint|p2b: Delphox
|
|upkeep
|
|t:|1784733125
|switch|p2b: Kingambit|Kingambit, L50, F|100/100
|turn|5
|
|t:|1784733147
|move|p2b: Kingambit|Sucker Punch|p1b: Sneasler
|-resisted|p1b: Sneasler|1
|-damage|p1b: Sneasler|0 fnt
|faint|p1b: Sneasler
|-damage|p2b: Kingambit|90/100|[from] item: Life Orb
|move|p1a: Kingambit|Sucker Punch|p2a: Sneasler
|-resisted|p2a: Sneasler|1
|-damage|p2a: Sneasler|37/100
|move|p2a: Sneasler|Close Combat|p1a: Kingambit
|-supereffective|p1a: Kingambit|2
|-damage|p1a: Kingambit|7/100
|-unboost|p2a: Sneasler|def|1
|-unboost|p2a: Sneasler|spd|1
|
|upkeep
|
|t:|1784733161
|switch|p1b: Delphox|Delphox-Mega, L50, F|78/100
|turn|6
|
|t:|1784733177
|switch|p2a: Incineroar|Incineroar, L50, M|100/100
|-ability|p2a: Incineroar|Intimidate|boost
|-unboost|p1a: Kingambit|atk|1
|-ability|p1a: Kingambit|Defiant|boost
|-boost|p1a: Kingambit|atk|2
|-unboost|p1b: Delphox|atk|1
|move|p1a: Kingambit|Sucker Punch||[still]
|-fail|p1a: Kingambit
|move|p1b: Delphox|Heat Wave|p2a: Incineroar|[spread] p2a,p2b
|-resisted|p2a: Incineroar|1
|-supereffective|p2b: Kingambit|1
|-damage|p2a: Incineroar|80/100
|-damage|p2b: Kingambit|9/100
|move|p2b: Kingambit|Kowtow Cleave|p1b: Delphox
|-supereffective|p1b: Delphox|1
|-damage|p1b: Delphox|0 fnt
|faint|p1b: Delphox
|-damage|p2b: Kingambit|0 fnt|[from] item: Life Orb
|faint|p2b: Kingambit
|
|upkeep
|
|t:|1784733191
|switch|p1b: Incineroar|Incineroar, L50, F|4/100
|switch|p2b: Sneasler|Sneasler, L50, F|37/100
|-ability|p1b: Incineroar|Intimidate|boost
|-unboost|p2a: Incineroar|atk|1
|-unboost|p2b: Sneasler|atk|1
|turn|7
|
|t:|1784733200
|move|p2b: Sneasler|Fake Out|p1b: Incineroar
|-damage|p1b: Incineroar|0 fnt
|faint|p1b: Incineroar
|move|p1a: Kingambit|Sucker Punch||[still]
|-fail|p1a: Kingambit
|move|p2a: Incineroar|Flare Blitz|p1a: Kingambit
|-supereffective|p1a: Kingambit|1
|-damage|p1a: Kingambit|0 fnt
|faint|p1a: Kingambit
|-damage|p2a: Incineroar|77/100|[from] Recoil
|
|win|poison mouse
||almagroalanzarote is ready for game 3.
|inactive|poison mouse has 30 seconds to confirm battle start!
||poison mouse is ready for game 3.
|uhtml|next|Next: Game 3 of 3
|l|☆almagroalanzarote
|player|p1|
