|j|☆Ur3an
|j|☆ggep123
|html|Ur3anggep123    
|uhtml|bestof|Game 1 of a best-of-3
|t:|1756403902
|gametype|doubles
|player|p1|Ur3an|n|1000
|player|p2|ggep123|1|1027
|gen|9
|tier|[Gen 9] VGC 2025 Reg H (Bo3)
|rated|
|rule|Species Clause: Limit one of each Pokémon
|rule|Item Clause: Limit 1 of each item
|clearpoke
|poke|p1|Indeedee-F, L50, F|
|poke|p1|Hatterene, L50, F|
|poke|p1|Torkoal, L50, M|
|poke|p1|Armarouge, L50, M|
|poke|p1|Lilligant-Hisui, L50, F|
|poke|p1|Ursaluna, L50, F|
|poke|p2|Dragonite, L50, M|
|poke|p2|Archaludon, L50, M|
|poke|p2|Annihilape, L50, F|
|poke|p2|Politoed, L50, M|
|poke|p2|Basculegion, L50, M|
|poke|p2|Rillaboom, L50, F|
|teampreview|4
|showteam|p1|Indeedee-F||SafetyGoggles|PsychicSurge|FollowMe,HelpingHand,TrickRoom,AlluringVoice|||F|||50|,,,,,Fairy]Hatterene||LifeOrb|MagicBounce|TrickRoom,ExpandingForce,DazzlingGleam,Psychic|||F|||50|,,,,,Water]Torkoal||ChoiceSpecs|Drought|Flamethrower,Eruption,HeatWave,ClearSmog|||M|||50|,,,,,Fire]Armarouge||PowerHerb|FlashFire|TrickRoom,MeteorBeam,ExpandingForce,ArmorCannon|||M|||50|,,,,,Grass]Lilligant-Hisui||CovertCloak|Chlorophyll|AfterYou,SleepPowder,CloseCombat,SolarBlade|||F|||50|,,,,,Fighting]Ursaluna||FlameOrb|Guts|Protect,Facade,HeadlongRush,CloseCombat|||F|||50|,,,,,Ghost
|showteam|p2|Dragonite||LoadedDice|InnerFocus|Tailwind,ScaleShot,SleepTalk,IceSpinner|||M|||50|,,,,,Dragon]Archaludon||AssaultVest|Stamina|ElectroShot,FlashCannon,BodyPress,DragonPulse|||M|||50|,,,,,Electric]Annihilape||FocusSash|Defiant|RageFist,CloseCombat,FinalGambit,Taunt|||F|||50|,,,,,Fighting]Politoed||Leftovers|Drizzle|RainDance,WeatherBall,IcyWind,Protect|||M|||50|,,,,,Water]Basculegion||ChoiceBand|SwiftSwim|WaveCrash,AquaJet,LastRespects,FlipTurn|||M|||50|,,,,,Water]Rillaboom||MiracleSeed|Overgrow|FakeOut,WoodHammer,GrassyGlide,HighHorsepower|||F|||50|,,,,,Grass
|inactive|Battle timer is ON: inactive players will automatically lose when time's up. (requested by Ur3an)
|inactive|Ur3an has 60 seconds left.
|inactive|ggep123 has 60 seconds left.
|inactive|ggep123 has 30 seconds left.
|inactive|ggep123 has 20 seconds left.
|
|t:|1756403977
|teamsize|p1|4
|teamsize|p2|4
|start
|switch|p1a: Hatterene|Hatterene, L50, F|100/100
|switch|p1b: Lilligant|Lilligant-Hisui, L50, F|100/100
|switch|p2a: Dragonite|Dragonite, L50, M|100/100
|switch|p2b: Politoed|Politoed, L50, M|100/100
|-weather|RainDance|[from] ability: Drizzle|[of] p2b: Politoed
|turn|1
|inactive|Ur3an has 30 seconds left.
|
|t:|1756404012
|move|p1b: Lilligant|After You|p1a: Hatterene
|-activate|p1a: Hatterene|move: After You
|move|p1a: Hatterene|Trick Room|p1a: Hatterene
|-fieldstart|move: Trick Room|[of] p1a: Hatterene
|move|p2b: Politoed|Weather Ball|p1a: Hatterene
|-damage|p1a: Hatterene|50/100
|move|p2a: Dragonite|Ice Spinner|p1b: Lilligant
|-supereffective|p1b: Lilligant
|-damage|p1b: Lilligant|11/100
|
|-weather|RainDance|[upkeep]
|upkeep
|turn|2
|inactive|Ur3an has 30 seconds left.
|
|t:|1756404042
|switch|p1b: Indeedee|Indeedee-F, L50, F|100/100
|-fieldstart|move: Psychic Terrain|[from] ability: Psychic Surge|[of] p1b: Indeedee
|move|p1a: Hatterene|Psychic|p2a: Dragonite
|-damage|p2a: Dragonite|0 fnt
|faint|p2a: Dragonite
|-damage|p1a: Hatterene|40/100|[from] item: Life Orb
|move|p2b: Politoed|Weather Ball|p1b: Indeedee
|-damage|p1b: Indeedee|51/100
|
|-weather|RainDance|[upkeep]
|upkeep
|
|t:|1756404056
|switch|p2a: Annihilape|Annihilape, L50, F|100/100
|turn|3
|
|t:|1756404078
|move|p1b: Indeedee|Follow Me|p1b: Indeedee
|-singleturn|p1b: Indeedee|move: Follow Me
|move|p1a: Hatterene|Dazzling Gleam|p2a: Annihilape|[spread] p2a,p2b
|-supereffective|p2a: Annihilape
|-damage|p2a: Annihilape|6/100
|-damage|p2b: Politoed|73/100
|-damage|p1a: Hatterene|31/100|[from] item: Life Orb
|move|p2b: Politoed|Weather Ball|p1b: Indeedee
|-damage|p1b: Indeedee|0 fnt
|faint|p1b: Indeedee
|move|p2a: Annihilape|Close Combat|p1a: Hatterene
|-resisted|p1a: Hatterene
|-damage|p1a: Hatterene|14/100
|-unboost|p2a: Annihilape|def|1
|-unboost|p2a: Annihilape|spd|1
|
|-weather|RainDance|[upkeep]
|-heal|p2b: Politoed|79/100|[from] item: Leftovers
|upkeep
|
|t:|1756404095
|switch|p1b: Torkoal|Torkoal, L50, M|100/100
|-weather|SunnyDay|[from] ability: Drought|[of] p1b: Torkoal
|turn|4
|inactive|ggep123 has 30 seconds left.
|
|t:|1756404124
|move|p2b: Politoed|Protect|p2b: Politoed
|-singleturn|p2b: Politoed|Protect
|move|p1b: Torkoal|Eruption|p2b: Politoed|[spread] p2a
|-activate|p2b: Politoed|move: Protect
|-damage|p2a: Annihilape|0 fnt
|faint|p2a: Annihilape
|move|p1a: Hatterene|Psychic|p2b: Politoed
|-activate|p2b: Politoed|move: Protect
|
|-weather|SunnyDay|[upkeep]
|-heal|p2b: Politoed|85/100|[from] item: Leftovers
|upkeep
|
|t:|1756404137
|switch|p2a: Basculegion|Basculegion, L50, M|100/100
|turn|5
|
|t:|1756404158
|-terastallize|p1b: Torkoal|Fire
|-terastallize|p2a: Basculegion|Water
|move|p2a: Basculegion|Aqua Jet|p1b: Torkoal
|-activate|p1b: Torkoal|move: Psychic Terrain
|move|p1b: Torkoal|Eruption|p2a: Basculegion|[spread] p2a,p2b
|-resisted|p2a: Basculegion
|-resisted|p2b: Politoed
|-damage|p2a: Basculegion|12/100
|-damage|p2b: Politoed|41/100
|move|p1a: Hatterene|Psychic|p2a: Basculegion
|-crit|p2a: Basculegion
|-damage|p2a: Basculegion|0 fnt
|faint|p2a: Basculegion
|-damage|p1a: Hatterene|4/100|[from] item: Life Orb
|move|p2b: Politoed|Weather Ball|p1a: Hatterene
|-damage|p1a: Hatterene|0 fnt
|faint|p1a: Hatterene
|
|-weather|SunnyDay|[upkeep]
|-heal|p2b: Politoed|47/100|[from] item: Leftovers
|-fieldend|move: Trick Room
|upkeep
|
|t:|1756404175
|switch|p1a: Lilligant|Lilligant-Hisui, L50, F|11/100
|turn|6
|
|t:|1756404189
|move|p2b: Politoed|Protect|p2b: Politoed
|-singleturn|p2b: Politoed|Protect
|move|p1a: Lilligant|Sleep Powder|p2b: Politoed
|-activate|p2b: Politoed|move: Protect
|move|p1b: Torkoal|Eruption|p2b: Politoed
|-activate|p2b: Politoed|move: Protect
|
|-weather|SunnyDay|[upkeep]
|-heal|p2b: Politoed|53/100|[from] item: Leftovers
|-fieldend|move: Psychic Terrain
|upkeep
|turn|7
|
|t:|1756404205
|move|p1a: Lilligant|Sleep Powder|p2b: Politoed
|-status|p2b: Politoed|slp|[from] move: Sleep Powder
|cant|p2b: Politoed|slp
|move|p1b: Torkoal|Eruption|p2b: Politoed
|-resisted|p2b: Politoed
|-damage|p2b: Politoed|0 fnt
|faint|p2b: Politoed
|
|win|Ur3an
||ggep123 is ready for game 2.
|inactive|Ur3an has 30 seconds to confirm battle start!
|inactive|Ur3an has 20 seconds to confirm battle start!
||Ur3an is ready for game 2.
|uhtml|next|Next: Game 2 of 3
|l|☆ggep123
|player|p2|
