|j|☆PixelJaguar
|j|☆ClarkSmash
|html|PixelJaguarClarkSmash    
|uhtml|bestof|Game 2 of a best-of-3
|t:|1786015828
|gametype|doubles
|player|p1|PixelJaguar|266|1058
|player|p2|ClarkSmash|red|1044
|gen|9
|tier|[Gen 9 Champions] VGC 2026 Reg M-B (Bo3)
|rated|
|rule|Species Clause: Limit one of each Pokémon
|rule|Item Clause: Limit 1 of each item
|clearpoke
|poke|p1|Whimsicott, L50, F|
|poke|p1|Staraptor, L50, M|
|poke|p1|Garchomp, L50, F|
|poke|p1|Ceruledge, L50, F|
|poke|p1|Metagross, L50|
|poke|p1|Farigiraf, L50, M|
|poke|p2|Raichu, L50, M|
|poke|p2|Incineroar, L50, M|
|poke|p2|Grimmsnarl, L50, M|
|poke|p2|Metagross, L50|
|poke|p2|Rotom-Wash, L50|
|poke|p2|Whimsicott, L50, F|
|teampreview|4
|showteam|p1|Whimsicott||FocusSash|Prankster|Encore,Tailwind,Moonblast,Charm|Timid||F|||50|]Staraptor||Staraptite|Intimidate|Protect,CloseCombat,BraveBird,Roost|Jolly||M|||50|]Garchomp||LifeOrb|RoughSkin|Protect,RockSlide,Earthquake,DragonClaw|Jolly||F|||50|]Ceruledge||ColburBerry|FlashFire|Protect,BitterBlade,BulkUp,ShadowSneak|Adamant||F|||50|]Metagross||Metagrossite|ClearBody|Protect,StompingTantrum,IronHead,PsychicFangs|Adamant|||||50|]Farigiraf||SitrusBerry|ArmorTail|HelpingHand,TrickRoom,Psychic,Thunderbolt|Calm||M|||50|
|showteam|p2|Raichu||RaichuniteY|LightningRod|Protect,FakeOut,ZapCannon,FocusBlast|Timid||M|||50|]Incineroar||SitrusBerry|Intimidate|FakeOut,WillOWisp,PartingShot,DrainPunch|Careful||M|||50|]Grimmsnarl||LightClay|Prankster|SpiritBreak,PartingShot,Reflect,LightScreen|Impish||M|||50|]Metagross||Metagrossite|ClearBody|Protect,BulletPunch,IronHead,PsychicFangs|Adamant|||||50|]Rotom-Wash||Leftovers|Levitate|WillOWisp,ThunderWave,VoltSwitch,Protect|Calm|||||50|]Whimsicott||MentalHerb|Prankster|Charm,Moonblast,Encore,Tailwind|Bold||F|||50|
|
|t:|1786015874
|teamsize|p1|4
|teamsize|p2|4
|start
|switch|p1a: Farigiraf|Farigiraf, L50, M|100/100
|switch|p1b: Ceruledge|Ceruledge, L50, F|100/100
|switch|p2a: Raichu|Raichu, L50, M|100/100
|switch|p2b: Metagross|Metagross, L50|100/100
|turn|1
|inactive|Battle timer is ON: inactive players will automatically lose when time's up. (requested by ClarkSmash)
|inactive|PixelJaguar has 60 seconds left.
|
|t:|1786015911
|detailschange|p2a: Raichu|Raichu-Mega-Y, L50, M
|-mega|p2a: Raichu|Raichu|Raichunite Y
|move|p1a: Farigiraf|Helping Hand|p1b: Ceruledge
|-singleturn|p1b: Ceruledge|Helping Hand|[of] p1a: Farigiraf
|move|p2b: Metagross|Protect|p2b: Metagross
|-singleturn|p2b: Metagross|Protect
|move|p2a: Raichu|Zap Cannon|p1a: Farigiraf
|-damage|p1a: Farigiraf|48/100
|-status|p1a: Farigiraf|par
|-enditem|p1a: Farigiraf|Sitrus Berry|[eat]
|-heal|p1a: Farigiraf|73/100 par|[from] item: Sitrus Berry
|move|p1b: Ceruledge|Bitter Blade|p2b: Metagross
|-activate|p2b: Metagross|move: Protect
|
|upkeep
|turn|2
|inactive|PixelJaguar has 30 seconds left.
|
|t:|1786015942
|move|p1b: Ceruledge|Shadow Sneak|p2b: Metagross
|-supereffective|p2b: Metagross|1
|-damage|p2b: Metagross|57/100
|move|p2a: Raichu|Zap Cannon|p1b: Ceruledge
|-damage|p1b: Ceruledge|23/100
|-status|p1b: Ceruledge|par
|move|p2b: Metagross|Psychic Fangs|p1b: Ceruledge
|-damage|p1b: Ceruledge|0 fnt
|faint|p1b: Ceruledge
|move|p1a: Farigiraf|Psychic|p2a: Raichu
|-damage|p2a: Raichu|45/100
|
|upkeep
|
|t:|1786015953
|switch|p1b: Garchomp|Garchomp, L50, F|100/100
|turn|3
|
|t:|1786015971
|cant|p1a: Farigiraf|par
|move|p2a: Raichu|Focus Blast|p1b: Garchomp
|-crit|p1b: Garchomp
|-damage|p1b: Garchomp|13/100
|move|p1b: Garchomp|Earthquake|p2b: Metagross|[spread] p1a,p2a,p2b
|-supereffective|p2a: Raichu|1
|-supereffective|p2b: Metagross|1
|-damage|p1a: Farigiraf|21/100 par
|-damage|p2a: Raichu|0 fnt
|-damage|p2b: Metagross|0 fnt
|faint|p2a: Raichu
|faint|p2b: Metagross
|-damage|p1b: Garchomp|3/100|[from] item: Life Orb
|
|upkeep
|
|t:|1786015986
|switch|p2a: Whimsicott|Whimsicott, L50, F|100/100
|switch|p2b: Grimmsnarl|Grimmsnarl, L50, M|100/100
|turn|4
|inactive|ClarkSmash has 30 seconds left.
|
|t:|1786016013
|move|p1a: Farigiraf|Helping Hand|p1b: Garchomp
|-singleturn|p1b: Garchomp|Helping Hand|[of] p1a: Farigiraf
|move|p2a: Whimsicott|Tailwind|p2a: Whimsicott
|-sidestart|p2: ClarkSmash|move: Tailwind
|move|p1b: Garchomp|Earthquake|p2b: Grimmsnarl|[spread] p1a,p2a,p2b
|-resisted|p2a: Whimsicott|1
|-damage|p1a: Farigiraf|0 fnt
|-damage|p2a: Whimsicott|66/100
|-damage|p2b: Grimmsnarl|38/100
|faint|p1a: Farigiraf
|-damage|p1b: Garchomp|0 fnt|[from] item: Life Orb
|faint|p1b: Garchomp
|move|p2b: Grimmsnarl|Spirit Break|p1: Farigiraf|[notarget]
|-fail|p2b: Grimmsnarl
|
|upkeep
|
|t:|1786016026
|switch|p1a: Staraptor|Staraptor, L50, M|100/100
|-ability|p1a: Staraptor|Intimidate|boost
|-unboost|p2a: Whimsicott|atk|1
|-unboost|p2b: Grimmsnarl|atk|1
|turn|5
|
|t:|1786016044
|detailschange|p1a: Staraptor|Staraptor-Mega, L50, M
|-mega|p1a: Staraptor|Staraptor|Staraptite
|move|p2b: Grimmsnarl|Reflect|p2b: Grimmsnarl
|-sidestart|p2: ClarkSmash|Reflect
|move|p2a: Whimsicott|Moonblast|p1a: Staraptor
|-supereffective|p1a: Staraptor|1
|-damage|p1a: Staraptor|39/100
|move|p1a: Staraptor|Close Combat|p2b: Grimmsnarl
|-damage|p2b: Grimmsnarl|1/100
|-boost|p1a: Staraptor|def|1
|-boost|p1a: Staraptor|spd|1
|
|upkeep
|turn|6
|
|t:|1786016063
|move|p2a: Whimsicott|Moonblast|p1a: Staraptor
|-supereffective|p1a: Staraptor|1
|-damage|p1a: Staraptor|0 fnt
|faint|p1a: Staraptor
|
|win|ClarkSmash
||PixelJaguar is ready for game 3.
