|j|☆AndreFra
|j|☆gnateo97
|html|AndreFragnateo97    
|uhtml|bestof|Game 1 of a best-of-3
|t:|1783278154
|gametype|doubles
|player|p1|AndreFra|266|
|player|p2|gnateo97|bruno|
|gen|9
|tier|[Gen 9 Champions] VGC 2026 Reg M-B (Bo3)
|rule|Species Clause: Limit one of each Pokémon
|rule|Item Clause: Limit 1 of each item
|clearpoke
|poke|p1|Floette-Eternal, L50, F|
|poke|p1|Charizard, L50, M|
|poke|p1|Kingambit, L50, M|
|poke|p1|Whimsicott, L50, F|
|poke|p1|Basculegion, L50, M|
|poke|p1|Garchomp, L50, F|
|poke|p2|Charizard, L50, F|
|poke|p2|Whimsicott, L50, F|
|poke|p2|Basculegion, L50, M|
|poke|p2|Garchomp, L50, F|
|poke|p2|Farigiraf, L50, M|
|poke|p2|Gholdengo, L50|
|teampreview|4
|showteam|p1|Floette-Eternal||Floettite|FlowerVeil|Moonblast,DazzlingGleam,LightofRuin,Protect|Timid||F|||50|]Charizard||CharizarditeY|Blaze|HeatWave,WeatherBall,SolarBeam,Protect|Modest||M|||50|]Kingambit||BlackGlasses|Defiant|KowtowCleave,IronHead,SuckerPunch,Protect|Adamant||M|||50|]Whimsicott||FocusSash|Prankster|Moonblast,Tailwind,Encore,Protect|Timid||F|||50|]Basculegion||MysticWater|Adaptability|WaveCrash,LastRespects,AquaJet,Protect|Adamant||M|||50|]Garchomp||LifeOrb|RoughSkin|DragonClaw,Earthquake,RockSlide,Protect|Jolly||F|||50|
|showteam|p2|Charizard||CharizarditeY|SolarPower|HeatWave,Protect,WeatherBall,SolarBeam|Modest||F|||50|]Whimsicott||FairyFeather|Prankster|Protect,Tailwind,Moonblast,Encore|Timid||F|||50|]Basculegion||MysticWater|Adaptability|Protect,AquaJet,LastRespects,WaveCrash|Adamant||M|||50|]Garchomp||SitrusBerry|RoughSkin|Protect,DragonClaw,RockSlide,Earthquake|Adamant||F|||50|]Farigiraf||ColburBerry|ArmorTail|TwinBeam,FoulPlay,HelpingHand,TrickRoom|Relaxed||M|||50|]Gholdengo||FocusSash|GoodasGold|PowerGem,MakeItRain,ShadowBall,Protect|Modest|||||50|
|c|☆AndreFra|gl hf
|c|☆gnateo97|Gl hf
|
|t:|1783278205
|teamsize|p1|4
|teamsize|p2|4
|start
|switch|p1a: Garchomp|Garchomp, L50, F|100/100
|switch|p1b: Whimsicott|Whimsicott, L50, F|100/100
|switch|p2a: Whimsicott|Whimsicott, L50, F|100/100
|switch|p2b: Charizard|Charizard, L50, F|100/100
|turn|1
|
|t:|1783278224
|switch|p2b: Garchomp|Garchomp, L50, F|100/100
|move|p1a: Garchomp|Protect|p1a: Garchomp
|-singleturn|p1a: Garchomp|Protect
|move|p1b: Whimsicott|Tailwind|p1b: Whimsicott
|-sidestart|p1: AndreFra|move: Tailwind
|move|p2a: Whimsicott|Tailwind|p2a: Whimsicott
|-sidestart|p2: gnateo97|move: Tailwind
|
|upkeep
|turn|2
|
|t:|1783278240
|move|p2a: Whimsicott|Encore|p1a: Garchomp
|-start|p1a: Garchomp|Encore
|move|p1a: Garchomp|Protect||[still]
|-fail|p1a: Garchomp
|move|p1b: Whimsicott|Encore||[still]
|-fail|p1b: Whimsicott
|move|p2b: Garchomp|Rock Slide|p1b: Whimsicott|[spread] p1a,p1b
|-resisted|p1a: Garchomp|1
|-damage|p1a: Garchomp|89/100
|-damage|p1b: Whimsicott|71/100
|
|upkeep
|turn|3
|
|t:|1783278257
|move|p1a: Garchomp|Protect|p1a: Garchomp
|-singleturn|p1a: Garchomp|Protect
|move|p2a: Whimsicott|Moonblast|p1a: Garchomp
|-activate|p1a: Garchomp|move: Protect
|move|p1b: Whimsicott|Moonblast|p2b: Garchomp
|-supereffective|p2b: Garchomp|1
|-damage|p2b: Garchomp|27/100
|-enditem|p2b: Garchomp|Sitrus Berry|[eat]
|-heal|p2b: Garchomp|52/100|[from] item: Sitrus Berry
|move|p2b: Garchomp|Rock Slide|p1b: Whimsicott|[spread] p1b
|-activate|p1a: Garchomp|move: Protect
|-damage|p1b: Whimsicott|42/100
|
|upkeep
|turn|4
|
|t:|1783278277
|switch|p1a: Basculegion|Basculegion, L50, M|100/100
|move|p1b: Whimsicott|Moonblast|p2b: Garchomp
|-supereffective|p2b: Garchomp|1
|-damage|p2b: Garchomp|0 fnt
|faint|p2b: Garchomp
|move|p2a: Whimsicott|Moonblast|p1a: Basculegion
|-damage|p1a: Basculegion|60/100
|-unboost|p1a: Basculegion|spa|1
|
|-sideend|p1: AndreFra|move: Tailwind
|-sideend|p2: gnateo97|move: Tailwind
|upkeep
|
|t:|1783278284
|switch|p2b: Charizard|Charizard, L50, F|100/100
|turn|5
|
|t:|1783278297
|detailschange|p2b: Charizard|Charizard-Mega-Y, L50, F
|-mega|p2b: Charizard|Charizard|Charizardite Y
|-weather|SunnyDay|[from] ability: Drought|[of] p2b: Charizard
|move|p1a: Basculegion|Protect|p1a: Basculegion
|-singleturn|p1a: Basculegion|Protect
|move|p2a: Whimsicott|Tailwind|p2a: Whimsicott
|-sidestart|p2: gnateo97|move: Tailwind
|move|p1b: Whimsicott|Tailwind|p1b: Whimsicott
|-sidestart|p1: AndreFra|move: Tailwind
|move|p2b: Charizard|Solar Beam||[still]
|-prepare|p2b: Charizard|Solar Beam
|-anim|p2b: Charizard|Solar Beam|p1a: Basculegion
|-activate|p1a: Basculegion|move: Protect
|
|-weather|SunnyDay|[upkeep]
|upkeep
|turn|6
|
|t:|1783278315
|switch|p1a: Charizard|Charizard, L50, M|100/100
|move|p1b: Whimsicott|Encore|p2b: Charizard
|-start|p2b: Charizard|Encore
|move|p2a: Whimsicott|Moonblast|p1a: Charizard
|-resisted|p1a: Charizard|1
|-damage|p1a: Charizard|79/100
|move|p2b: Charizard|Solar Beam||[still]
|-prepare|p2b: Charizard|Solar Beam
|-anim|p2b: Charizard|Solar Beam|p1b: Whimsicott
|-resisted|p1b: Whimsicott|1
|-damage|p1b: Whimsicott|1/100
|
|-weather|SunnyDay|[upkeep]
|upkeep
|turn|7
|c|☆gnateo97|Ho missclickato ahah
|c|☆AndreFra|non so cosa volessi fare
|c|☆AndreFra|però cmq mi sembrava safe la mossa
|
|t:|1783278379
|switch|p1b: Basculegion|Basculegion, L50, M|60/100
|detailschange|p1a: Charizard|Charizard-Mega-Y, L50, M
|-mega|p1a: Charizard|Charizard|Charizardite Y
|move|p2a: Whimsicott|Protect|p2a: Whimsicott
|-singleturn|p2a: Whimsicott|Protect
|move|p1a: Charizard|Heat Wave|p2b: Charizard|[spread] 
|-activate|p2a: Whimsicott|move: Protect
|-miss|p1a: Charizard|p2b: Charizard
|move|p2b: Charizard|Solar Beam||[still]
|-prepare|p2b: Charizard|Solar Beam
|-anim|p2b: Charizard|Solar Beam|p1b: Basculegion
|-supereffective|p1b: Basculegion|1
|-damage|p1b: Basculegion|0 fnt
|faint|p1b: Basculegion
|
|-weather|SunnyDay|[upkeep]
|upkeep
|
|t:|1783278391
|switch|p1b: Garchomp|Garchomp, L50, F|89/100
|turn|8
|
|t:|1783278429
|switch|p2b: Gholdengo|Gholdengo, L50|100/100
|move|p2a: Whimsicott|Moonblast|p1b: Garchomp
|-supereffective|p1b: Garchomp|1
|-damage|p1b: Garchomp|13/100
|move|p1b: Garchomp|Rock Slide|p2b: Gholdengo|[spread] p2a,p2b
|-resisted|p2b: Gholdengo|1
|-damage|p2a: Whimsicott|65/100
|-damage|p2b: Gholdengo|85/100
|-damage|p1b: Garchomp|3/100|[from] item: Life Orb
|move|p1a: Charizard|Weather Ball|p2a: Whimsicott
|-supereffective|p2a: Whimsicott|1
|-damage|p2a: Whimsicott|0 fnt
|faint|p2a: Whimsicott
|
|-weather|SunnyDay|[upkeep]
|-sideend|p2: gnateo97|move: Tailwind
|-sideend|p1: AndreFra|move: Tailwind
|upkeep
|
|t:|1783278452
|switch|p2a: Charizard|Charizard-Mega-Y, L50, F|100/100
|turn|9
|c|☆gnateo97|Ho rimissclickato ahahahaha
|c|☆AndreFra|vabbè fai con calma, non abbiamo il timer
|
|t:|1783278504
|move|p1b: Garchomp|Protect|p1b: Garchomp
|-singleturn|p1b: Garchomp|Protect
|move|p1a: Charizard|Weather Ball|p2b: Gholdengo
|-supereffective|p2b: Gholdengo|1
|-damage|p2b: Gholdengo|0 fnt
|faint|p2b: Gholdengo
|move|p2a: Charizard|Heat Wave|p1b: Garchomp|[spread] p1a
|-activate|p1b: Garchomp|move: Protect
|-resisted|p1a: Charizard|1
|-damage|p1a: Charizard|41/100
|
|-weather|none
|upkeep
|turn|10
|
|t:|1783278514
|move|p1a: Charizard|Protect|p1a: Charizard
|-singleturn|p1a: Charizard|Protect
|move|p1b: Garchomp|Rock Slide|p2a: Charizard
|-supereffective|p2a: Charizard|2
|-damage|p2a: Charizard|0 fnt
|faint|p2a: Charizard
|-damage|p1b: Garchomp|0 fnt|[from] item: Life Orb
|faint|p1b: Garchomp
|
|win|AndreFra
||gnateo97 is ready for game 2.
||AndreFra is ready for game 2.
|uhtml|next|Next: Game 2 of 3
|l|☆gnateo97
|player|p2|
