|j|☆arkjsmith
|j|☆dont make me walk
|html|arkjsmithdont make me walk    
|uhtml|bestof|Game 1 of a best-of-3
|t:|1756370547
|gametype|doubles
|player|p1|arkjsmith|roxie|1157
|player|p2|dont make me walk|red-masters3|1234
|gen|9
|tier|[Gen 9] VGC 2025 Reg H (Bo3)
|rated|
|rule|Species Clause: Limit one of each Pokémon
|rule|Item Clause: Limit 1 of each item
|clearpoke
|poke|p1|Dragonite, L50, M|
|poke|p1|Gholdengo, L50|
|poke|p1|Ursaluna-Bloodmoon, L50, M|
|poke|p1|Indeedee, L50, M|
|poke|p1|Tyranitar, L50, M|
|poke|p1|Talonflame, L50, M|
|poke|p2|Ursaluna-Bloodmoon, L50, M|
|poke|p2|Indeedee, L50, M|
|poke|p2|Sneasler, L50, M|
|poke|p2|Incineroar, L50, F|
|poke|p2|Electabuzz, L50, M|
|poke|p2|Talonflame, L50, F|
|teampreview|4
|showteam|p1|Dragonite||LoadedDice|Multiscale|ScaleShot,ExtremeSpeed,Haze,Protect|||M|||50|,,,,,Fairy]Gholdengo||LifeOrb|GoodasGold|MakeItRain,ShadowBall,NastyPlot,Protect||||||50|,,,,,Water]Ursaluna-Bloodmoon||AssaultVest|MindsEye|BloodMoon,HyperVoice,EarthPower,VacuumWave|||M|||50|,,,,,Water]Indeedee||ChoiceScarf|PsychicSurge|ExpandingForce,TeraBlast,Trick,Protect|||M|||50|,,,,,Fighting]Tyranitar||PsychicSeed|SandStream|KnockOff,RockSlide,LowKick,TeraBlast|||M|||50|,,,,,Ghost]Talonflame||SharpBeak|GaleWings|Tailwind,BraveBird,FlareBlitz,Protect|||M|||50|,,,,,Stellar
|showteam|p2|Ursaluna-Bloodmoon||LifeOrb|MindsEye|Protect,EarthPower,HyperVoice,BloodMoon|||M|||50|,,,,,Normal]Indeedee||FocusSash|PsychicSurge|ExpandingForce,TeraBlast,TrickRoom,Protect|||M|||50|,,,,,Fighting]Sneasler||PsychicSeed|Unburden|DireClaw,CloseCombat,ThroatChop,Protect|||M|||50|,,,,,Dark]Incineroar||AssaultVest|Intimidate|FakeOut,KnockOff,FlareBlitz,Uturn|||F|||50|,,,,,Grass]Electabuzz||Eviolite|VitalSpirit|Electroweb,Taunt,FollowMe,Protect|||M|||50|,,,,,Ghost]Talonflame||CovertCloak|GaleWings|FlareBlitz,DualWingbeat,WillOWisp,Tailwind|||F|||50|,,,,,Fairy
|inactive|Battle timer is ON: inactive players will automatically lose when time's up. (requested by arkjsmith)
|inactive|dont make me walk also wants the timer to be on.
|inactive|arkjsmith has 60 seconds left.
|inactive|arkjsmith has 30 seconds left.
|inactive|arkjsmith has 20 seconds left.
|
|t:|1756370619
|teamsize|p1|4
|teamsize|p2|4
|start
|switch|p1a: Talonflame|Talonflame, L50, M|100/100
|switch|p1b: Tyranitar|Tyranitar, L50, M|100/100
|switch|p2a: Sneasler|Sneasler, L50, M|100/100
|switch|p2b: Indeedee|Indeedee, L50, M|100/100
|-fieldstart|move: Psychic Terrain|[from] ability: Psychic Surge|[of] p2b: Indeedee
|-enditem|p2a: Sneasler|Psychic Seed
|-boost|p2a: Sneasler|spd|1|[from] item: Psychic Seed
|-enditem|p1b: Tyranitar|Psychic Seed
|-boost|p1b: Tyranitar|spd|1|[from] item: Psychic Seed
|-weather|Sandstorm|[from] ability: Sand Stream|[of] p1b: Tyranitar
|turn|1
|inactive|arkjsmith has 30 seconds left.
|
|t:|1756370645
|-terastallize|p1b: Tyranitar|Ghost
|move|p1a: Talonflame|Tailwind|p1a: Talonflame
|-sidestart|p1: arkjsmith|move: Tailwind
|move|p2a: Sneasler|Dire Claw|p1a: Talonflame
|-damage|p1a: Talonflame|36/100
|move|p1b: Tyranitar|Knock Off|p2b: Indeedee
|-supereffective|p2b: Indeedee
|-enditem|p2b: Indeedee|Focus Sash
|-damage|p2b: Indeedee|1/100
|move|p2b: Indeedee|Expanding Force|p1a: Talonflame|[spread] p1a,p1b
|-damage|p1a: Talonflame|0 fnt
|-damage|p1b: Tyranitar|68/100
|faint|p1a: Talonflame
|
|-weather|Sandstorm|[upkeep]
|-damage|p2a: Sneasler|95/100|[from] Sandstorm
|-damage|p1b: Tyranitar|61/100|[from] Sandstorm
|-damage|p2b: Indeedee|0 fnt|[from] Sandstorm
|faint|p2b: Indeedee
|upkeep
|
|t:|1756370662
|switch|p1a: Gholdengo|Gholdengo, L50|100/100
|switch|p2b: Incineroar|Incineroar, L50, F|100/100
|-ability|p2b: Incineroar|Intimidate|boost
|-unboost|p1a: Gholdengo|atk|1
|-unboost|p1b: Tyranitar|atk|1
|turn|2
|inactive|arkjsmith has 30 seconds left.
|inactive|arkjsmith has 20 seconds left.
|inactive|arkjsmith has 15 seconds left.
|inactive|arkjsmith has 10 seconds left.
|
|t:|1756370709
|-terastallize|p2a: Sneasler|Dark
|move|p1a: Gholdengo|Protect|p1a: Gholdengo
|-singleturn|p1a: Gholdengo|Protect
|move|p2a: Sneasler|Throat Chop|p1b: Tyranitar
|-supereffective|p1b: Tyranitar
|-damage|p1b: Tyranitar|0 fnt
|faint|p1b: Tyranitar
|move|p2b: Incineroar|Knock Off|p1a: Gholdengo
|-activate|p1a: Gholdengo|move: Protect
|
|-weather|Sandstorm|[upkeep]
|-damage|p2a: Sneasler|89/100|[from] Sandstorm
|-damage|p2b: Incineroar|95/100|[from] Sandstorm
|upkeep
|
|t:|1756370715
|switch|p1b: Dragonite|Dragonite, L50, M|100/100
|turn|3
|
|t:|1756370734
|move|p2a: Sneasler|Throat Chop|p1a: Gholdengo
|-supereffective|p1a: Gholdengo
|-damage|p1a: Gholdengo|14/100
|-start|p1a: Gholdengo|Throat Chop|[silent]
|move|p1a: Gholdengo|Make It Rain|p2a: Sneasler|[spread] p2a,p2b
|-crit|p2a: Sneasler
|-resisted|p2b: Incineroar
|-damage|p2a: Sneasler|0 fnt
|-damage|p2b: Incineroar|76/100
|-unboost|p1a: Gholdengo|spa|1
|faint|p2a: Sneasler
|-damage|p1a: Gholdengo|5/100|[from] item: Life Orb
|move|p1b: Dragonite|Scale Shot|p2b: Incineroar
|-damage|p2b: Incineroar|60/100
|-damage|p2b: Incineroar|45/100
|-damage|p2b: Incineroar|29/100
|-damage|p2b: Incineroar|12/100
|-hitcount|p2b: Incineroar|4
|-unboost|p1b: Dragonite|def|1
|-boost|p1b: Dragonite|spe|1
|move|p2b: Incineroar|Knock Off|p1a: Gholdengo
|-supereffective|p1a: Gholdengo
|-damage|p1a: Gholdengo|0 fnt
|-enditem|p1a: Gholdengo|Life Orb|[from] move: Knock Off|[of] p2b: Incineroar
|faint|p1a: Gholdengo
|
|-weather|Sandstorm|[upkeep]
|-damage|p1b: Dragonite|95/100|[from] Sandstorm
|-damage|p2b: Incineroar|6/100|[from] Sandstorm
|upkeep
|
|t:|1756370737
|switch|p2a: Ursaluna|Ursaluna-Bloodmoon, L50, M|100/100
|turn|4
|inactive|arkjsmith has 30 seconds left.
|
|t:|1756370766
|move|p1b: Dragonite|Protect|p1b: Dragonite
|-singleturn|p1b: Dragonite|Protect
|move|p2b: Incineroar|Knock Off|p1b: Dragonite
|-activate|p1b: Dragonite|move: Protect
|move|p2a: Ursaluna|Blood Moon|p1b: Dragonite
|-activate|p1b: Dragonite|move: Protect
|
|-weather|Sandstorm|[upkeep]
|-damage|p1b: Dragonite|89/100|[from] Sandstorm
|-damage|p2b: Incineroar|0 fnt|[from] Sandstorm
|faint|p2b: Incineroar
|-sideend|p1: arkjsmith|move: Tailwind
|upkeep
|turn|5
|
|t:|1756370777
|move|p2a: Ursaluna|Protect|p2a: Ursaluna
|-singleturn|p2a: Ursaluna|Protect
|move|p1b: Dragonite|Scale Shot|p2a: Ursaluna
|-activate|p2a: Ursaluna|move: Protect
|
|-weather|none
|-fieldend|move: Psychic Terrain
|upkeep
|turn|6
|
|t:|1756370781
|move|p1b: Dragonite|Scale Shot|p2a: Ursaluna
|-damage|p2a: Ursaluna|88/100
|-damage|p2a: Ursaluna|77/100
|-damage|p2a: Ursaluna|64/100
|-damage|p2a: Ursaluna|53/100
|-hitcount|p2a: Ursaluna|4
|-unboost|p1b: Dragonite|def|1
|-boost|p1b: Dragonite|spe|1
|move|p2a: Ursaluna|Blood Moon|p1b: Dragonite
|-damage|p1b: Dragonite|0 fnt
|faint|p1b: Dragonite
|-damage|p2a: Ursaluna|44/100|[from] item: Life Orb
|
|win|dont make me walk
||dont make me walk is ready for game 2.
||arkjsmith is ready for game 2.
|uhtml|next|Next: Game 2 of 3
|l|☆arkjsmith
|player|p1|
