|j|☆fosa25
|j|☆Nanans
|html|fosa25Nanans    
|uhtml|bestof|Game 3 of a best-of-3
|t:|1756816117
|gametype|doubles
|player|p1|fosa25|psychicf|1098
|player|p2|Nanans|2|1106
|gen|9
|tier|[Gen 9] VGC 2025 Reg H (Bo3)
|rated|
|rule|Species Clause: Limit one of each Pokémon
|rule|Item Clause: Limit 1 of each item
|clearpoke
|poke|p1|Gholdengo, L50|
|poke|p1|Magmar, L50, M|
|poke|p1|Dragonite, L50, F|
|poke|p1|Dondozo, L50, F|
|poke|p1|Rillaboom, L50, M|
|poke|p1|Annihilape, L50, M|
|poke|p2|Garchomp, L50, F|
|poke|p2|Weezing-Galar, L50, M|
|poke|p2|Incineroar, L50, M|
|poke|p2|Annihilape, L50, F|
|poke|p2|Maushold, L50|
|poke|p2|Hawlucha, L50, M|
|teampreview|4
|showteam|p1|Gholdengo||LifeOrb|GoodasGold|Protect,NastyPlot,MakeItRain,ShadowBall||||||50|,,,,,Water]Magmar||Eviolite|VitalSpirit|Taunt,WillOWisp,FollowMe,HeatWave|||M|||50|,,,,,Ghost]Dragonite||LoadedDice|Multiscale|Protect,Haze,Tailwind,ScaleShot|||F|||50|,,,,,Fairy]Dondozo||Leftovers|Unaware|Protect,Yawn,WaveCrash,Fissure|||F|||50|,,,,,Fairy]Rillaboom||AssaultVest|GrassySurge|FakeOut,GrassyGlide,WoodHammer,Uturn|||M|||50|,,,,,Fire]Annihilape||SafetyGoggles|Defiant|Protect,BulkUp,RageFist,DrainPunch|||M|||50|,,,,,Steel
|showteam|p2|Garchomp||LifeOrb|RoughSkin|Earthquake,StompingTantrum,BreakingSwipe,Protect|||F|||50|,,,,,Fairy]Weezing-Galar||SitrusBerry|NeutralizingGas|StrangeSteam,WillOWisp,Taunt,Protect|||M|||50|,,,,,Water]Incineroar||AbilityShield|Intimidate|FakeOut,PartingShot,KnockOff,Protect|||M|||50|,,,,,Grass]Annihilape||ChoiceScarf|Defiant|RageFist,CloseCombat,FinalGambit,Uturn|||F|||50|,,,,,Grass]Maushold||CovertCloak|FriendGuard|BeatUp,FollowMe,SuperFang,Protect||||||50|,,,,,Grass]Hawlucha||FocusSash|Limber|DualWingbeat,Encore,Protect,Taunt|||M|||50|,,,,,Ghost
|inactive|Battle timer is ON: inactive players will automatically lose when time's up. (requested by fosa25)
|
|t:|1756816123
|teamsize|p1|4
|teamsize|p2|4
|start
|switch|p1a: Magmar|Magmar, L50, M|100/100
|switch|p1b: Dragonite|Dragonite, L50, F|100/100
|switch|p2a: Weezing|Weezing-Galar, L50, M|100/100
|switch|p2b: Garchomp|Garchomp, L50, F|100/100
|-ability|p2a: Weezing|Neutralizing Gas
|turn|1
|
|t:|1756816142
|move|p2b: Garchomp|Breaking Swipe|p1a: Magmar|[spread] p1a,p1b
|-supereffective|p1b: Dragonite
|-damage|p1a: Magmar|73/100
|-damage|p1b: Dragonite|37/100
|-unboost|p1a: Magmar|atk|1
|-unboost|p1b: Dragonite|atk|1
|-damage|p2b: Garchomp|91/100|[from] item: Life Orb
|move|p1b: Dragonite|Tailwind|p1b: Dragonite
|-sidestart|p1: fosa25|move: Tailwind
|move|p1a: Magmar|Taunt|p2a: Weezing
|-start|p2a: Weezing|move: Taunt
|cant|p2a: Weezing|move: Taunt|Will-O-Wisp
|
|upkeep
|turn|2
|inactive|fosa25 has 30 seconds left.
|inactive|fosa25 has 20 seconds left.
|
|t:|1756816179
|switch|p1b: Gholdengo|Gholdengo, L50|100/100
|-end|p2a: Weezing|ability: Neutralizing Gas
|switch|p2a: i get a mega|Hawlucha, L50, M|100/100
|-terastallize|p2b: Garchomp|Fairy
|move|p1a: Magmar|Will-O-Wisp|p2b: Garchomp|[miss]
|-miss|p1a: Magmar|p2b: Garchomp
|move|p2b: Garchomp|Breaking Swipe|p1b: Gholdengo|[spread] p1a,p1b
|-resisted|p1b: Gholdengo
|-damage|p1a: Magmar|48/100
|-damage|p1b: Gholdengo|85/100
|-unboost|p1a: Magmar|atk|1
|-unboost|p1b: Gholdengo|atk|1
|-damage|p2b: Garchomp|81/100|[from] item: Life Orb
|
|upkeep
|turn|3
|
|t:|1756816196
|switch|p2b: Incineroar|Incineroar, L50, M|100/100
|-ability|p2b: Incineroar|Intimidate|boost
|-unboost|p1a: Magmar|atk|1
|-unboost|p1b: Gholdengo|atk|1
|move|p1b: Gholdengo|Make It Rain|p2a: i get a mega|[spread] p2a,p2b
|-crit|p2a: i get a mega
|-resisted|p2b: Incineroar
|-enditem|p2a: i get a mega|Focus Sash
|-damage|p2a: i get a mega|1/100
|-damage|p2b: Incineroar|72/100
|-unboost|p1b: Gholdengo|spa|1
|-damage|p1b: Gholdengo|75/100|[from] item: Life Orb
|move|p1a: Magmar|Will-O-Wisp|p2a: i get a mega|[miss]
|-miss|p1a: Magmar|p2a: i get a mega
|move|p2a: i get a mega|Taunt|p1a: Magmar
|-start|p1a: Magmar|move: Taunt
|
|upkeep
|turn|4
|
|t:|1756816208
|switch|p1b: Annihilape|Annihilape, L50, M|100/100
|move|p1a: Magmar|Heat Wave|p2a: i get a mega|[spread] p2a,p2b
|-resisted|p2b: Incineroar
|-damage|p2a: i get a mega|0 fnt
|-damage|p2b: Incineroar|62/100
|faint|p2a: i get a mega
|move|p2b: Incineroar|Knock Off|p1b: Annihilape
|-damage|p1b: Annihilape|52/100
|-enditem|p1b: Annihilape|Safety Goggles|[from] move: Knock Off|[of] p2b: Incineroar
|
|-sideend|p1: fosa25|move: Tailwind
|upkeep
|
|t:|1756816214
|switch|p2a: Garchomp|Garchomp, L50, F, tera:Fairy|81/100
|turn|5
|inactive|Nanans has 30 seconds left.
|
|t:|1756816241
|move|p2b: Incineroar|Protect|p2b: Incineroar
|-singleturn|p2b: Incineroar|Protect
|move|p2a: Garchomp|Earthquake|p1a: Magmar|[spread] p1a,p1b
|-activate|p2b: Incineroar|move: Protect
|-supereffective|p1a: Magmar
|-damage|p1a: Magmar|0 fnt
|-damage|p1b: Annihilape|1/100
|faint|p1a: Magmar
|-damage|p2a: Garchomp|71/100|[from] item: Life Orb
|move|p1b: Annihilape|Rage Fist|p2b: Incineroar
|-activate|p2b: Incineroar|move: Protect
|
|upkeep
|
|t:|1756816252
|switch|p1a: Dragonite|Dragonite, L50, F|37/100
|turn|6
|
|t:|1756816263
|-terastallize|p1a: Dragonite|Fairy
|move|p1b: Annihilape|Protect|p1b: Annihilape
|-singleturn|p1b: Annihilape|Protect
|move|p2a: Garchomp|Breaking Swipe|p1b: Annihilape|[spread] 
|-activate|p1b: Annihilape|move: Protect
|-immune|p1a: Dragonite
|move|p1a: Dragonite|Tailwind|p1a: Dragonite
|-sidestart|p1: fosa25|move: Tailwind
|move|p2b: Incineroar|Knock Off|p1a: Dragonite
|-resisted|p1a: Dragonite
|-damage|p1a: Dragonite|10/100
|-enditem|p1a: Dragonite|Loaded Dice|[from] move: Knock Off|[of] p2b: Incineroar
|
|upkeep
|turn|7
|inactive|Nanans has 30 seconds left.
|
|t:|1756816292
|move|p2b: Incineroar|Protect|p2b: Incineroar
|-singleturn|p2b: Incineroar|Protect
|move|p1a: Dragonite|Scale Shot|p2b: Incineroar
|-activate|p2b: Incineroar|move: Protect
|move|p1b: Annihilape|Drain Punch|p2b: Incineroar
|-activate|p2b: Incineroar|move: Protect
|move|p2a: Garchomp|Earthquake|p1b: Annihilape|[spread] p1a,p1b
|-activate|p2b: Incineroar|move: Protect
|-damage|p1a: Dragonite|0 fnt
|-damage|p1b: Annihilape|0 fnt
|faint|p1a: Dragonite
|faint|p1b: Annihilape
|-damage|p2a: Garchomp|61/100|[from] item: Life Orb
|
|upkeep
|
|t:|1756816297
|switch|p1b: Gholdengo|Gholdengo, L50|75/100
|turn|8
|-message|fosa25 forfeited.
|
|win|Nanans
|raw|fosa25's rating: 1098 → 1074(-24 for losing)
|raw|Nanans's rating: 1106 → 1130(+24 for winning)
|l|☆fosa25
|player|p1|
