|j|☆OssiGT
|j|☆C0ozer
|html|OssiGTC0ozer    
|uhtml|bestof|Game 1 of a best-of-3
|t:|1785160594
|gametype|doubles
|player|p1|OssiGT|hilbert-wonderlauncher|1184
|player|p2|C0ozer|lucas|1152
|gen|9
|tier|[Gen 9 Champions] VGC 2026 Reg M-B (Bo3)
|rated|
|rule|Species Clause: Limit one of each Pokémon
|rule|Item Clause: Limit 1 of each item
|clearpoke
|poke|p1|Raichu, L50, F|
|poke|p1|Mawile, L50, M|
|poke|p1|Sinistcha, L50|
|poke|p1|Ceruledge, L50, F|
|poke|p1|Milotic, L50, F|
|poke|p1|Incineroar, L50, F|
|poke|p2|Charizard, L50, F|
|poke|p2|Garchomp, L50, M|
|poke|p2|Whimsicott, L50, M|
|poke|p2|Tsareena, L50, F|
|poke|p2|Incineroar, L50, M|
|poke|p2|Basculegion, L50, M|
|teampreview|4
|showteam|p1|Raichu||RaichuniteY|LightningRod|ZapCannon,FocusBlast,FakeOut,Protect|Timid||F|||50|]Mawile||Mawilite|HyperCutter|PlayRough,SuckerPunch,SwordsDance,Protect|Adamant||M|||50|]Sinistcha||KasibBerry|Hospitality|MatchaGotcha,TrickRoom,RagePowder,LifeDew|Relaxed|||||50|]Ceruledge||ColburBerry|FlashFire|BitterBlade,ShadowSneak,BulkUp,Protect|Adamant||F|||50|]Milotic||Leftovers|Competitive|MuddyWater,Coil,Hypnosis,Protect|Calm||F|||50|]Incineroar||SitrusBerry|Intimidate|FlareBlitz,ThroatChop,FakeOut,PartingShot|Impish||F|||50|
|showteam|p2|Charizard||CharizarditeY|Blaze|HeatWave,WeatherBall,SolarBeam,Protect|Modest||F|||50|]Garchomp||LifeOrb|RoughSkin|Earthquake,RockSlide,DragonClaw,Protect|Jolly||M|||50|]Whimsicott||FocusSash|Prankster|Moonblast,Tailwind,Encore,Protect|Timid||M|||50|]Tsareena||WideLens|QueenlyMajesty|TripleAxel,PowerWhip,KnockOff,Protect|Jolly||F|||50|]Incineroar||SitrusBerry|Intimidate|FakeOut,FlareBlitz,ThroatChop,PartingShot|Impish||M|||50|]Basculegion||MysticWater|Adaptability|LastRespects,AquaJet,WaveCrash,Protect|Adamant||M|||50|
|inactive|Battle timer is ON: inactive players will automatically lose when time's up. (requested by C0ozer)
|inactive|C0ozer has 60 seconds left.
|
|t:|1785160632
|teamsize|p1|4
|teamsize|p2|4
|start
|switch|p1a: Milotic|Milotic, L50, F|100/100
|switch|p1b: Incineroar|Incineroar, L50, F|100/100
|switch|p2a: Floofy|Whimsicott, L50, M|100/100
|switch|p2b: No Respect|Basculegion, L50, M|100/100
|-ability|p1b: Incineroar|Intimidate|boost
|-unboost|p2a: Floofy|atk|1
|-unboost|p2b: No Respect|atk|1
|turn|1
|inactive|OssiGT has 30 seconds left.
|inactive|C0ozer has 30 seconds left.
|
|t:|1785160662
|switch|p1b: Sinistcha|Sinistcha, L50|100/100
|move|p2a: Floofy|Protect|p2a: Floofy
|-singleturn|p2a: Floofy|Protect
|move|p2b: No Respect|Wave Crash|p1b: Sinistcha
|-resisted|p1b: Sinistcha|1
|-damage|p1b: Sinistcha|70/100
|-damage|p2b: No Respect|91/100|[from] Recoil
|move|p1a: Milotic|Coil|p1a: Milotic
|-boost|p1a: Milotic|atk|1
|-boost|p1a: Milotic|def|1
|-boost|p1a: Milotic|accuracy|1
|
|upkeep
|turn|2
|
|t:|1785160676
|move|p2a: Floofy|Tailwind|p2a: Floofy
|-sidestart|p2: C0ozer|move: Tailwind
|move|p2b: No Respect|Last Respects|p1b: Sinistcha
|-supereffective|p1b: Sinistcha|1
|-enditem|p1b: Sinistcha|Kasib Berry|[eat]
|-enditem|p1b: Sinistcha|Kasib Berry|[weaken]
|-damage|p1b: Sinistcha|51/100
|move|p1a: Milotic|Coil|p1a: Milotic
|-boost|p1a: Milotic|atk|1
|-boost|p1a: Milotic|def|1
|-boost|p1a: Milotic|accuracy|1
|move|p1b: Sinistcha|Matcha Gotcha|p2b: No Respect|[spread] p2a,p2b
|-resisted|p2a: Floofy|1
|-supereffective|p2b: No Respect|1
|-damage|p2a: Floofy|80/100
|-heal|p1b: Sinistcha|58/100|[from] drain|[of] p2a: Floofy
|-damage|p2b: No Respect|38/100
|-heal|p1b: Sinistcha|87/100|[from] drain|[of] p2b: No Respect
|
|upkeep
|turn|3
|inactive|OssiGT has 30 seconds left.
|
|t:|1785160705
|switch|p2b: Chariyard|Charizard, L50, F|100/100
|switch|p1b: Incineroar|Incineroar, L50, F|100/100
|-ability|p1b: Incineroar|Intimidate|boost
|-unboost|p2a: Floofy|atk|1
|-unboost|p2b: Chariyard|atk|1
|move|p1a: Milotic|Protect|p1a: Milotic
|-singleturn|p1a: Milotic|Protect
|move|p2a: Floofy|Encore|p1a: Milotic
|-activate|p1a: Milotic|move: Protect
|
|upkeep
|turn|4
|inactive|C0ozer has 30 seconds left.
|
|t:|1785160733
|detailschange|p2b: Chariyard|Charizard-Mega-Y, L50, F
|-mega|p2b: Chariyard|Charizard|Charizardite Y
|-weather|SunnyDay|[from] ability: Drought|[of] p2b: Chariyard
|move|p1b: Incineroar|Fake Out|p2a: Floofy
|-damage|p2a: Floofy|63/100
|cant|p2a: Floofy|flinch
|move|p2b: Chariyard|Solar Beam||[still]
|-prepare|p2b: Chariyard|Solar Beam
|-anim|p2b: Chariyard|Solar Beam|p1a: Milotic
|-supereffective|p1a: Milotic|1
|-damage|p1a: Milotic|33/100
|move|p1a: Milotic|Hypnosis|p2b: Chariyard
|-status|p2b: Chariyard|slp|[from] move: Hypnosis
|
|-weather|SunnyDay|[upkeep]
|-heal|p1a: Milotic|39/100|[from] item: Leftovers
|upkeep
|turn|5
|
|t:|1785160749
|switch|p1a: Ceruledge|Ceruledge, L50, F|100/100
|cant|p2b: Chariyard|slp
|move|p2a: Floofy|Moonblast|p1a: Ceruledge
|-resisted|p1a: Ceruledge|1
|-damage|p1a: Ceruledge|82/100
|move|p1b: Incineroar|Parting Shot|p2a: Floofy
|-unboost|p2a: Floofy|atk|1
|-unboost|p2a: Floofy|spa|1
|
|t:|1785160760
|switch|p1b: Sinistcha|Sinistcha, L50|87/100|[from] Parting Shot
|-heal|p1a: Ceruledge|100/100|[from] ability: Hospitality|[of] p1b: Sinistcha
|
|-weather|SunnyDay|[upkeep]
|-sideend|p2: C0ozer|move: Tailwind
|upkeep
|turn|6
|
|t:|1785160773
|switch|p1b: Incineroar|Incineroar, L50, F|100/100
|-ability|p1b: Incineroar|Intimidate|boost
|-unboost|p2a: Floofy|atk|1
|-unboost|p2b: Chariyard|atk|1
|move|p2a: Floofy|Protect|p2a: Floofy
|-singleturn|p2a: Floofy|Protect
|-curestatus|p2b: Chariyard|slp|[msg]
|move|p2b: Chariyard|Weather Ball|p1b: Incineroar
|-resisted|p1b: Incineroar|1
|-damage|p1b: Incineroar|54/100
|move|p1a: Ceruledge|Bulk Up|p1a: Ceruledge
|-boost|p1a: Ceruledge|atk|1
|-boost|p1a: Ceruledge|def|1
|
|-weather|SunnyDay|[upkeep]
|upkeep
|turn|7
|
|t:|1785160792
|switch|p2a: No Respect|Basculegion, L50, M|38/100
|move|p1b: Incineroar|Fake Out|p2a: No Respect
|-immune|p2a: No Respect
|move|p2b: Chariyard|Weather Ball|p1b: Incineroar
|-resisted|p1b: Incineroar|1
|-damage|p1b: Incineroar|13/100
|-enditem|p1b: Incineroar|Sitrus Berry|[eat]
|-heal|p1b: Incineroar|38/100|[from] item: Sitrus Berry
|move|p1a: Ceruledge|Bitter Blade|p2b: Chariyard
|-resisted|p2b: Chariyard|1
|-damage|p2b: Chariyard|42/100
|
|-weather|SunnyDay|[upkeep]
|upkeep
|turn|8
|
|t:|1785160807
|switch|p1b: Milotic|Milotic, L50, F|39/100
|move|p2b: Chariyard|Protect|p2b: Chariyard
|-singleturn|p2b: Chariyard|Protect
|move|p2a: No Respect|Protect|p2a: No Respect
|-singleturn|p2a: No Respect|Protect
|move|p1a: Ceruledge|Shadow Sneak|p2a: No Respect
|-activate|p2a: No Respect|move: Protect
|
|-weather|none
|-heal|p1b: Milotic|45/100|[from] item: Leftovers
|upkeep
|turn|9
|
|t:|1785160824
|switch|p2b: HIgh EQ|Garchomp, L50, M|100/100
|switch|p1b: Incineroar|Incineroar, L50, F|38/100
|-ability|p1b: Incineroar|Intimidate|boost
|-unboost|p2a: No Respect|atk|1
|-unboost|p2b: HIgh EQ|atk|1
|move|p2a: No Respect|Aqua Jet|p1a: Ceruledge
|-supereffective|p1a: Ceruledge|1
|-damage|p1a: Ceruledge|64/100
|move|p1a: Ceruledge|Shadow Sneak|p2a: No Respect
|-supereffective|p2a: No Respect|1
|-crit|p2a: No Respect
|-damage|p2a: No Respect|0 fnt
|faint|p2a: No Respect
|
|upkeep
|
|t:|1785160838
|switch|p2a: Chariyard|Charizard-Mega-Y, L50, F|42/100
|-weather|SunnyDay|[from] ability: Drought|[of] p2a: Chariyard
|turn|10
|inactive|OssiGT has 30 seconds left.
|
|t:|1785160866
|move|p1b: Incineroar|Fake Out|p2b: HIgh EQ
|-damage|p2b: HIgh EQ|89/100
|-damage|p1b: Incineroar|25/100|[from] ability: Rough Skin|[of] p2b: HIgh EQ
|cant|p2b: HIgh EQ|flinch
|move|p2a: Chariyard|Weather Ball|p1b: Incineroar
|-resisted|p1b: Incineroar|1
|-crit|p1b: Incineroar
|-damage|p1b: Incineroar|0 fnt
|faint|p1b: Incineroar
|move|p1a: Ceruledge|Bitter Blade|p2b: HIgh EQ
|-resisted|p2b: HIgh EQ|1
|-damage|p2b: HIgh EQ|37/100
|-heal|p1a: Ceruledge|91/100|[from] drain|[of] p2b: HIgh EQ
|-damage|p1a: Ceruledge|79/100|[from] ability: Rough Skin|[of] p2b: HIgh EQ
|
|-weather|SunnyDay|[upkeep]
|upkeep
|
|t:|1785160869
|switch|p1b: Sinistcha|Sinistcha, L50|87/100
|-heal|p1a: Ceruledge|100/100|[from] ability: Hospitality|[of] p1b: Sinistcha
|turn|11
|
|t:|1785160888
|move|p1a: Ceruledge|Shadow Sneak|p2b: HIgh EQ
|-damage|p2b: HIgh EQ|5/100
|-damage|p1a: Ceruledge|87/100|[from] ability: Rough Skin|[of] p2b: HIgh EQ
|move|p2b: HIgh EQ|Earthquake|p1b: Sinistcha|[spread] p1a,p1b
|-immune|p2a: Chariyard
|-supereffective|p1a: Ceruledge|1
|-resisted|p1b: Sinistcha|1
|-damage|p1a: Ceruledge|35/100
|-damage|p1b: Sinistcha|74/100
|-damage|p2b: HIgh EQ|0 fnt|[from] item: Life Orb
|faint|p2b: HIgh EQ
|move|p2a: Chariyard|Weather Ball|p1b: Sinistcha
|-supereffective|p1b: Sinistcha|1
|-damage|p1b: Sinistcha|0 fnt
|faint|p1b: Sinistcha
|
|-weather|SunnyDay|[upkeep]
|upkeep
|
|t:|1785160901
|switch|p2b: Floofy|Whimsicott, L50, M|63/100
|switch|p1b: Milotic|Milotic, L50, F|45/100
|turn|12
|
|t:|1785160924
|move|p2b: Floofy|Protect|p2b: Floofy
|-singleturn|p2b: Floofy|Protect
|move|p2a: Chariyard|Solar Beam||[still]
|-prepare|p2a: Chariyard|Solar Beam
|-anim|p2a: Chariyard|Solar Beam|p1b: Milotic
|-supereffective|p1b: Milotic|1
|-damage|p1b: Milotic|0 fnt
|faint|p1b: Milotic
|move|p1a: Ceruledge|Bitter Blade|p2b: Floofy
|-activate|p2b: Floofy|move: Protect
|
|-weather|SunnyDay|[upkeep]
|upkeep
|turn|13
|
|t:|1785160940
|move|p2b: Floofy|Moonblast|p1a: Ceruledge
|-resisted|p1a: Ceruledge|1
|-damage|p1a: Ceruledge|18/100
|move|p2a: Chariyard|Solar Beam||[still]
|-prepare|p2a: Chariyard|Solar Beam
|-anim|p2a: Chariyard|Solar Beam|p1a: Ceruledge
|-resisted|p1a: Ceruledge|1
|-crit|p1a: Ceruledge
|-damage|p1a: Ceruledge|0 fnt
|faint|p1a: Ceruledge
|
|win|C0ozer
|c|☆OssiGT|Ah yes
