|j|☆saboyita
|j|☆Jadenissober
|html|saboyitaJadenissober    
|uhtml|bestof|Game 1 of a best-of-3
|t:|1756416435
|gametype|doubles
|player|p1|saboyita|grimsley|1117
|player|p2|Jadenissober|1|1000
|gen|9
|tier|[Gen 9] VGC 2025 Reg H (Bo3)
|rated|
|rule|Species Clause: Limit one of each Pokémon
|rule|Item Clause: Limit 1 of each item
|clearpoke
|poke|p1|Amoonguss, L50, M|
|poke|p1|Hydreigon, L50, M|
|poke|p1|Whimsicott, L50, F|
|poke|p1|Maushold-Four, L50|
|poke|p1|Annihilape, L50, F|
|poke|p1|Ursaluna-Bloodmoon, L50, M|
|poke|p2|Tatsugiri, L50, F|
|poke|p2|Dondozo, L50, M|
|poke|p2|Ceruledge, L50, F|
|poke|p2|Annihilape, L50, F|
|poke|p2|Maushold-Four, L50|
|poke|p2|Cyclizar, L50, F|
|teampreview|4
|showteam|p1|Amoonguss||MentalHerb|Regenerator|ClearSmog,Spore,RagePowder,Protect|||M|||50|,,,,,Water]Hydreigon||ChoiceSpecs|Levitate|Snarl,HeatWave,DarkPulse,DracoMeteor|||M|||50|,,,,,Ghost]Whimsicott||CovertCloak|Prankster|BeatUp,Encore,HelpingHand,Tailwind|||F|||50|,,,,,Dark]Maushold-Four||WideLens|Technician|PopulationBomb,Taunt,FollowMe,Protect||||||50|,,,,,Ghost]Annihilape||Leftovers|Defiant|RageFist,CloseCombat,FinalGambit,Protect|||F|||50|,,,,,Fire]Ursaluna-Bloodmoon||LifeOrb|MindsEye|HyperVoice,EarthPower,BloodMoon,Protect|||M|||50|,,,,,Water
|showteam|p2|Tatsugiri||FocusSash|Commander|Protect,DragonCheer,DragonDance,BatonPass|||F|||50|,,,,,Dragon]Dondozo||Leftovers|Unaware|OrderUp,Waterfall,Protect,RockSlide|||M|||50|,,,,,Steel]Ceruledge||LifeOrb|WeakArmor|BitterBlade,ClearSmog,ShadowClaw,ShadowSneak|||F|||50|,,,,,Fire]Annihilape||WeaknessPolicy|Defiant|DrainPunch,ThroatChop,RageFist,Protect|||F|||50|,,,,,Ghost]Maushold-Four||RockyHelmet|FriendGuard|BeatUp,FollowMe,Taunt,SuperFang||||||50|,,,,,Ghost]Cyclizar||MentalHerb|Regenerator|ShedTail,RapidSpin,Protect,IceSpinner|||F|||50|,,,,,Steel
|inactive|Battle timer is ON: inactive players will automatically lose when time's up. (requested by saboyita)
|inactive|saboyita has 60 seconds left.
|inactive|saboyita has 30 seconds left.
|c|☆Jadenissober|Stip looking at team sheets and start
|inactive|saboyita has 20 seconds left.
|
|t:|1756416510
|teamsize|p1|4
|teamsize|p2|4
|start
|switch|p1a: Whimsicott|Whimsicott, L50, F|100/100
|switch|p1b: Ursaluna|Ursaluna-Bloodmoon, L50, M|100/100
|switch|p2a: Annihilape|Annihilape, L50, F|100/100
|switch|p2b: Maushold|Maushold-Four, L50|100/100
|turn|1
|inactive|saboyita has 30 seconds left.
|
|t:|1756416536
|-terastallize|p1b: Ursaluna|Water
|move|p2b: Maushold|Follow Me|p2b: Maushold
|-singleturn|p2b: Maushold|move: Follow Me
|move|p1a: Whimsicott|Tailwind|p1a: Whimsicott
|-sidestart|p1: saboyita|move: Tailwind
|move|p1b: Ursaluna|Hyper Voice|p2b: Maushold|[spread] p2a,p2b
|-damage|p2a: Annihilape|60/100
|-damage|p2b: Maushold|37/100
|-damage|p1b: Ursaluna|91/100|[from] item: Life Orb
|move|p2a: Annihilape|Drain Punch|p1b: Ursaluna
|-crit|p1b: Ursaluna
|-damage|p1b: Ursaluna|50/100
|-heal|p2a: Annihilape|83/100|[from] drain|[of] p1b: Ursaluna
|
|upkeep
|turn|2
|
|t:|1756416557
|move|p1a: Whimsicott|Helping Hand|p1b: Ursaluna
|-singleturn|p1b: Ursaluna|Helping Hand|[of] p1a: Whimsicott
|move|p1b: Ursaluna|Hyper Voice|p2a: Annihilape|[spread] p2a,p2b
|-damage|p2a: Annihilape|22/100
|-damage|p2b: Maushold|0 fnt
|faint|p2b: Maushold
|-damage|p1b: Ursaluna|41/100|[from] item: Life Orb
|move|p2a: Annihilape|Drain Punch|p1b: Ursaluna
|-damage|p1b: Ursaluna|14/100
|-heal|p2a: Annihilape|37/100|[from] drain|[of] p1b: Ursaluna
|
|upkeep
|
|t:|1756416572
|switch|p2b: Tatsugiri|Tatsugiri, L50, F|100/100
|turn|3
|
|t:|1756416585
|switch|p1a: Amoonguss|Amoonguss, L50, M|100/100
|move|p2a: Annihilape|Protect|p2a: Annihilape
|-singleturn|p2a: Annihilape|Protect
|move|p1b: Ursaluna|Blood Moon|p2a: Annihilape
|-activate|p2a: Annihilape|move: Protect
|move|p2b: Tatsugiri|Dragon Dance|p2b: Tatsugiri
|-boost|p2b: Tatsugiri|atk|1
|-boost|p2b: Tatsugiri|spe|1
|
|upkeep
|turn|4
|inactive|Jadenissober has 30 seconds left.
|
|t:|1756416612
|switch|p2a: Dondozo|Dondozo, L50, M|100/100
|-activate|p2b: Tatsugiri|ability: Commander|[of] p2a: Dondozo
|-boost|p2a: Dondozo|atk|2
|-boost|p2a: Dondozo|spa|2
|-boost|p2a: Dondozo|spe|2
|-boost|p2a: Dondozo|def|2
|-boost|p2a: Dondozo|spd|2
|move|p1a: Amoonguss|Rage Powder|p1a: Amoonguss
|-singleturn|p1a: Amoonguss|move: Rage Powder
|move|p1b: Ursaluna|Hyper Voice|p2a: Dondozo|[spread] p2a
|-miss|p1b: Ursaluna|p2b: Tatsugiri
|-damage|p2a: Dondozo|71/100
|-damage|p1b: Ursaluna|5/100|[from] item: Life Orb
|
|-heal|p2a: Dondozo|78/100|[from] item: Leftovers
|-sideend|p1: saboyita|move: Tailwind
|upkeep
|turn|5
|
|t:|1756416635
|-terastallize|p2a: Dondozo|Steel
|move|p1b: Ursaluna|Protect|p1b: Ursaluna
|-singleturn|p1b: Ursaluna|Protect
|move|p2a: Dondozo|Rock Slide|p1b: Ursaluna|[spread] p1a
|-activate|p1b: Ursaluna|move: Protect
|-damage|p1a: Amoonguss|76/100
|move|p1a: Amoonguss|Clear Smog|p2a: Dondozo
|-immune|p2a: Dondozo
|
|-heal|p2a: Dondozo|84/100|[from] item: Leftovers
|upkeep
|turn|6
|
|t:|1756416648
|switch|p1b: Whimsicott|Whimsicott, L50, F|100/100
|move|p2a: Dondozo|Rock Slide|p1a: Amoonguss|[spread] p1a,p1b
|-damage|p1a: Amoonguss|51/100
|-damage|p1b: Whimsicott|65/100
|move|p1a: Amoonguss|Spore|p2a: Dondozo
|-status|p2a: Dondozo|slp|[from] move: Spore
|
|-heal|p2a: Dondozo|90/100 slp|[from] item: Leftovers
|upkeep
|turn|7
|inactive|Jadenissober has 30 seconds left.
|inactive|Jadenissober has 20 seconds left.
|l|☆Jadenissober
|inactive|Jadenissober disconnected and has a minute to reconnect!
|player|p2|
|inactive|Jadenissober has 15 seconds left.
|inactive|Jadenissober has 10 seconds left.
|inactive|Jadenissober has 5 seconds left.
|-message|Jadenissober lost due to inactivity.
|
|win|saboyita
