|j|☆flamingfearow
|j|☆VolanR
|html|flamingfearowVolanR    
|uhtml|bestof|Game 1 of a best-of-3
|t:|1756331605
|gametype|doubles
|player|p1|flamingfearow|170|1307
|player|p2|VolanR|veteranf|1408
|gen|9
|tier|[Gen 9] VGC 2025 Reg H (Bo3)
|rated|
|rule|Species Clause: Limit one of each Pokémon
|rule|Item Clause: Limit 1 of each item
|clearpoke
|poke|p1|Kingambit, L50, F|
|poke|p1|Primarina, L50, F|
|poke|p1|Sneasler, L50, M|
|poke|p1|Magmar, L50, M|
|poke|p1|Rillaboom, L50, F|
|poke|p1|Dragapult, L50, F|
|poke|p2|Archaludon, L50, M|
|poke|p2|Sinistcha-Masterpiece, L50|
|poke|p2|Dragonite, L50, M|
|poke|p2|Pelipper, L50, M|
|poke|p2|Ursaluna, L50, M|
|poke|p2|Gholdengo, L50|
|teampreview|4
|showteam|p1|Kingambit||BlackGlasses|Defiant|KowtowCleave,SuckerPunch,SwordsDance,Protect|||F|||50|,,,,,Dark]Primarina||SitrusBerry|LiquidVoice|HyperVoice,Moonblast,Haze,Protect|||F|||50|,,,,,Poison]Sneasler||FocusSash|PoisonTouch|CloseCombat,DireClaw,FakeOut,Protect|||M|||50|,,,,,Ghost]Magmar||Eviolite|VitalSpirit|Overheat,WillOWisp,FollowMe,Protect|||M|||50|,,,,,Ghost]Rillaboom||AssaultVest|GrassySurge|WoodHammer,GrassyGlide,HighHorsepower,FakeOut|||F|||50|,,,,,Fire]Dragapult||ChoiceBand|ClearBody|DragonDarts,PhantomForce,Outrage,Uturn|||F|||50|,,,,,Dragon
|showteam|p2|Archaludon||AssaultVest|Stamina|BodyPress,Snarl,ElectroShot,FlashCannon|||M|||50|,,,,,Fighting]Sinistcha-Masterpiece||SitrusBerry|Hospitality|MatchaGotcha,RagePowder,TrickRoom,LifeDew||||||50|,,,,,Dark]Dragonite||LoadedDice|Multiscale|ScaleShot,Protect,Tailwind,Haze|||M|||50|,,,,,Steel]Pelipper||FocusSash|Drizzle|MuddyWater,Hurricane,Tailwind,Protect|||M|||50|,,,,,Ghost]Ursaluna||FlameOrb|Guts|Facade,HeadlongRush,Earthquake,Protect|||M|||50|,,,,,Ghost]Gholdengo||ChoiceScarf|GoodasGold|MakeItRain,TeraBlast,ShadowBall,Trick||||||50|,,,,,Water
|
|t:|1756331669
|teamsize|p1|4
|teamsize|p2|4
|start
|switch|p1a: Dragapult|Dragapult, L50, F|100/100
|switch|p1b: Magmar|Magmar, L50, M|100/100
|switch|p2a: Ursaluna|Ursaluna, L50, M|100/100
|switch|p2b: Dragonite|Dragonite, L50, M|100/100
|turn|1
|
|t:|1756331688
|move|p1a: Dragapult|Dragon Darts|p2a: Ursaluna
|-damage|p2a: Ursaluna|67/100
|-anim|p1a: Dragapult|Dragon Darts|p2b: Dragonite
|-supereffective|p2b: Dragonite
|-damage|p2b: Dragonite|56/100
|move|p2b: Dragonite|Tailwind|p2b: Dragonite
|-sidestart|p2: VolanR|move: Tailwind
|move|p2a: Ursaluna|Headlong Rush|p1b: Magmar
|-supereffective|p1b: Magmar
|-damage|p1b: Magmar|0 fnt
|-unboost|p2a: Ursaluna|def|1
|-unboost|p2a: Ursaluna|spd|1
|faint|p1b: Magmar
|
|-status|p2a: Ursaluna|brn|[from] item: Flame Orb
|upkeep
|
|t:|1756331718
|switch|p1b: Sneasler|Sneasler, L50, M|100/100
|turn|2
|
|t:|1756331732
|switch|p1b: Rillaboom|Rillaboom, L50, F|100/100
|-fieldstart|move: Grassy Terrain|[from] ability: Grassy Surge|[of] p1b: Rillaboom
|move|p2b: Dragonite|Protect|p2b: Dragonite
|-singleturn|p2b: Dragonite|Protect
|move|p2a: Ursaluna|Protect|p2a: Ursaluna
|-singleturn|p2a: Ursaluna|Protect
|move|p1a: Dragapult|Dragon Darts|p2a: Ursaluna
|-activate|p2b: Dragonite|move: Protect
|
|-heal|p2a: Ursaluna|73/100 brn|[from] Grassy Terrain
|-damage|p2a: Ursaluna|67/100 brn|[from] brn
|upkeep
|turn|3
|
|t:|1756331743
|switch|p2a: Sinistcha|Sinistcha-Masterpiece, L50|100/100
|-heal|p2b: Dragonite|80/100|[from] ability: Hospitality|[of] p2a: Sinistcha
|-terastallize|p2b: Dragonite|Steel
|-terastallize|p1a: Dragapult|Dragon
|move|p1b: Rillaboom|Fake Out|p2b: Dragonite
|-resisted|p2b: Dragonite
|-damage|p2b: Dragonite|72/100
|cant|p2b: Dragonite|flinch
|move|p1a: Dragapult|Dragon Darts|p2a: Sinistcha
|-damage|p2a: Sinistcha|52/100
|-anim|p1a: Dragapult|Dragon Darts|p2b: Dragonite
|-resisted|p2b: Dragonite
|-damage|p2b: Dragonite|41/100
|
|-heal|p2b: Dragonite|47/100|[from] Grassy Terrain
|-heal|p2a: Sinistcha|58/100|[from] Grassy Terrain
|upkeep
|turn|4
|
|t:|1756331761
|switch|p1a: Sneasler|Sneasler, L50, M|100/100
|move|p2b: Dragonite|Scale Shot|p1a: Sneasler
|-damage|p1a: Sneasler|73/100
|-damage|p1a: Sneasler|48/100
|-damage|p1a: Sneasler|20/100
|-damage|p1a: Sneasler|0 fnt
|faint|p1a: Sneasler
|-hitcount|p1: Sneasler|4
|-unboost|p2b: Dragonite|def|1
|-boost|p2b: Dragonite|spe|1
|move|p1b: Rillaboom|High Horsepower|p2b: Dragonite
|-supereffective|p2b: Dragonite
|-damage|p2b: Dragonite|0 fnt
|faint|p2b: Dragonite
|move|p2a: Sinistcha|Trick Room|p2a: Sinistcha
|-fieldstart|move: Trick Room|[of] p2a: Sinistcha
|
|-heal|p2a: Sinistcha|65/100|[from] Grassy Terrain
|-sideend|p2: VolanR|move: Tailwind
|upkeep
|
|t:|1756331777
|switch|p2b: Ursaluna|Ursaluna, L50, M|67/100 brn
|switch|p1a: Dragapult|Dragapult, L50, F, tera:Dragon|100/100
|turn|5
|
|t:|1756331802
|switch|p2a: Archaludon|Archaludon, L50, M|100/100
|move|p1b: Rillaboom|Grassy Glide|p2b: Ursaluna
|-supereffective|p2b: Ursaluna
|-damage|p2b: Ursaluna|2/100 brn
|move|p2b: Ursaluna|Facade|p1a: Dragapult
|-damage|p1a: Dragapult|0 fnt
|faint|p1a: Dragapult
|
|-heal|p2b: Ursaluna|8/100 brn|[from] Grassy Terrain
|-damage|p2b: Ursaluna|2/100 brn|[from] brn
|upkeep
|turn|6
|
|t:|1756331818
|move|p2b: Ursaluna|Facade|p1b: Rillaboom
|-damage|p1b: Rillaboom|0 fnt
|faint|p1b: Rillaboom
|
|win|VolanR
||VolanR is ready for game 2.
||flamingfearow is ready for game 2.
|uhtml|next|Next: Game 2 of 3
|l|☆VolanR
|player|p2|
