|j|☆Pfendy
|j|☆NotAfrogGaming
|html|PfendyNotAfrogGaming    
|uhtml|bestof|Game 1 of a best-of-3
|t:|1785509782
|gametype|doubles
|player|p1|Pfendy|birdkeeper|1094
|player|p2|NotAfrogGaming|boarder|1168
|gen|9
|tier|[Gen 9 Champions] VGC 2026 Reg M-B (Bo3)
|rated|
|rule|Species Clause: Limit one of each Pokémon
|rule|Item Clause: Limit 1 of each item
|clearpoke
|poke|p1|Floette-Eternal, L50, F|
|poke|p1|Incineroar, L50, F, shiny|
|poke|p1|Sneasler, L50, M|
|poke|p1|Reuniclus, L50, F, shiny|
|poke|p1|Whimsicott, L50, M|
|poke|p1|Basculegion, L50, M|
|poke|p2|Gengar, L50, F|
|poke|p2|Aerodactyl, L50, F|
|poke|p2|Mamoswine, L50, M|
|poke|p2|Raichu, L50, F|
|poke|p2|Incineroar, L50, M, shiny|
|poke|p2|Decidueye-Hisui, L50, F|
|teampreview|4
|showteam|p1|Floette-Eternal||Floettite|FlowerVeil|Moonblast,CalmMind,Protect,DazzlingGleam|Bold||F|||50|]Incineroar||PasshoBerry|Intimidate|FakeOut,FlareBlitz,ThroatChop,PartingShot|Adamant||F|||50|]Sneasler||WhiteHerb|Unburden|FakeOut,DireClaw,Protect,CloseCombat|Jolly||M|||50|]Reuniclus||SitrusBerry|Regenerator|TrickRoom,Psychic,FocusBlast,HelpingHand|Quiet||F|||50|]Whimsicott||FocusSash|Prankster|Protect,Tailwind,Moonblast,Encore|Timid||M|||50|]Basculegion||MysticWater|Adaptability|Protect,WaveCrash,LastRespects,AquaJet|Adamant||M|||50|
|showteam|p2|Gengar||Gengarite|CursedBody|ShadowBall,SludgeBomb,Disable,Protect|Timid||F|||50|]Aerodactyl||FocusSash|Unnerve|RockSlide,DualWingbeat,Tailwind,Protect|Jolly||F|||50|]Mamoswine||LifeOrb|Oblivious|IcicleCrash,HighHorsepower,IceShard,Protect|Jolly||M|||50|]Raichu||RaichuniteY|LightningRod|ZapCannon,FocusBlast,FakeOut,Protect|Timid||F|||50|]Incineroar||SitrusBerry|Intimidate|FlareBlitz,DarkestLariat,PartingShot,FakeOut|Careful||M|||50|]Decidueye-Hisui||ScopeLens|Scrappy|TripleArrows,LeafBlade,KnockOff,Protect|Adamant||F|||50|
|inactive|Battle timer is ON: inactive players will automatically lose when time's up. (requested by Pfendy)
|
|t:|1785509832
|teamsize|p1|4
|teamsize|p2|4
|start
|switch|p1a: Reuniclus|Reuniclus, L50, F, shiny|100/100
|switch|p1b: Incineroar|Incineroar, L50, F, shiny|100/100
|switch|p2a: Aerodactyl|Aerodactyl, L50, F|100/100
|switch|p2b: Galaxy|Gengar, L50, F|100/100
|-ability|p2a: Aerodactyl|Unnerve
|-ability|p1b: Incineroar|Intimidate|boost
|-unboost|p2a: Aerodactyl|atk|1
|-unboost|p2b: Galaxy|atk|1
|turn|1
|
|t:|1785509850
|detailschange|p2b: Galaxy|Gengar-Mega, L50, F
|-mega|p2b: Galaxy|Gengar|Gengarite
|move|p2a: Aerodactyl|Protect|p2a: Aerodactyl
|-singleturn|p2a: Aerodactyl|Protect
|move|p1b: Incineroar|Fake Out|p2a: Aerodactyl
|-activate|p2a: Aerodactyl|move: Protect
|move|p2b: Galaxy|Shadow Ball|p1a: Reuniclus
|-supereffective|p1a: Reuniclus|1
|-crit|p1a: Reuniclus
|-damage|p1a: Reuniclus|0 fnt
|faint|p1a: Reuniclus
|
|upkeep
|
|t:|1785509872
|switch|p1a: Floette|Floette-Eternal, L50, F|100/100
|turn|2
|inactive|Pfendy has 30 seconds left.
|inactive|NotAfrogGaming has 30 seconds left.
|
|t:|1785509903
|detailschange|p1a: Floette|Floette-Mega, L50, F
|-mega|p1a: Floette|Floette|Floettite
|-ability|p1a: Floette|Fairy Aura
|move|p1a: Floette|Protect|p1a: Floette
|-singleturn|p1a: Floette|Protect
|move|p2a: Aerodactyl|Tailwind|p2a: Aerodactyl
|-sidestart|p2: NotAfrogGaming|move: Tailwind
|move|p2b: Galaxy|Sludge Bomb|p1a: Floette
|-activate|p1a: Floette|move: Protect
|move|p1b: Incineroar|Parting Shot|p2a: Aerodactyl
|-unboost|p2a: Aerodactyl|atk|1
|-unboost|p2a: Aerodactyl|spa|1
|
|t:|1785509913
|switch|p1b: Basculegion|Basculegion, L50, M|100/100|[from] Parting Shot
|
|upkeep
|turn|3
|inactive|NotAfrogGaming has 30 seconds left.
|
|t:|1785509940
|move|p2a: Aerodactyl|Protect|p2a: Aerodactyl
|-singleturn|p2a: Aerodactyl|Protect
|move|p2b: Galaxy|Sludge Bomb|p1a: Floette
|-supereffective|p1a: Floette|1
|-damage|p1a: Floette|35/100
|move|p1a: Floette|Moonblast|p2a: Aerodactyl
|-activate|p2a: Aerodactyl|move: Protect
|move|p1b: Basculegion|Last Respects|p2b: Galaxy
|-supereffective|p2b: Galaxy|1
|-damage|p2b: Galaxy|0 fnt
|faint|p2b: Galaxy
|
|upkeep
|
|t:|1785509953
|switch|p2b: Decidueye|Decidueye-Hisui, L50, F|100/100
|turn|4
|inactive|Pfendy has 30 seconds left.
|
|t:|1785509981
|switch|p2a: Manny|Mamoswine, L50, M|100/100
|switch|p1b: Incineroar|Incineroar, L50, F, shiny|100/100
|-ability|p1b: Incineroar|Intimidate|boost
|-fail|p2a: Manny|unboost|Attack|[from] ability: Oblivious|[of] p2a: Manny
|-fail|p2b: Decidueye|unboost|Attack|[from] ability: Scrappy|[of] p2b: Decidueye
|move|p1a: Floette|Protect|p1a: Floette
|-singleturn|p1a: Floette|Protect
|move|p2b: Decidueye|Leaf Blade|p1a: Floette
|-activate|p1a: Floette|move: Protect
|
|upkeep
|turn|5
|inactive|NotAfrogGaming has 30 seconds left.
|
|t:|1785510010
|switch|p1a: Basculegion|Basculegion, L50, M|100/100
|move|p1b: Incineroar|Fake Out|p2b: Decidueye
|-damage|p2b: Decidueye|84/100
|move|p2a: Manny|High Horsepower|p1a: Basculegion
|-damage|p1a: Basculegion|22/100
|-damage|p2a: Manny|90/100|[from] item: Life Orb
|cant|p2b: Decidueye|flinch
|
|-sideend|p2: NotAfrogGaming|move: Tailwind
|upkeep
|turn|6
|
|t:|1785510032
|move|p2a: Manny|Protect|p2a: Manny
|-singleturn|p2a: Manny|Protect
|move|p1a: Basculegion|Aqua Jet|p2a: Manny
|-activate|p2a: Manny|move: Protect
|move|p2b: Decidueye|Triple Arrows|p1b: Incineroar
|-supereffective|p1b: Incineroar|1
|-damage|p1b: Incineroar|18/100
|-unboost|p1b: Incineroar|def|1
|cant|p1b: Incineroar|flinch
|
|upkeep
|turn|7
|
|t:|1785510052
|switch|p2a: Aerodactyl|Aerodactyl, L50, F|100/100
|-ability|p2a: Aerodactyl|Unnerve
|move|p1a: Basculegion|Aqua Jet|p2a: Aerodactyl
|-supereffective|p2a: Aerodactyl|1
|-crit|p2a: Aerodactyl
|-enditem|p2a: Aerodactyl|Focus Sash
|-damage|p2a: Aerodactyl|1/100
|move|p2b: Decidueye|Leaf Blade|p1a: Basculegion
|-supereffective|p1a: Basculegion|1
|-damage|p1a: Basculegion|0 fnt
|faint|p1a: Basculegion
|move|p1b: Incineroar|Flare Blitz|p2b: Decidueye
|-supereffective|p2b: Decidueye|1
|-damage|p2b: Decidueye|0 fnt
|faint|p2b: Decidueye
|-damage|p1b: Incineroar|0 fnt|[from] Recoil
|faint|p1b: Incineroar
|
|upkeep
|
|t:|1785510069
|switch|p2b: Manny|Mamoswine, L50, M|90/100
|switch|p1b: Floette|Floette-Mega, L50, F|35/100
|-ability|p1b: Floette|Fairy Aura
|turn|8
|
|t:|1785510079
|move|p2a: Aerodactyl|Tailwind|p2a: Aerodactyl
|-sidestart|p2: NotAfrogGaming|move: Tailwind
|move|p2b: Manny|High Horsepower|p1b: Floette
|-damage|p1b: Floette|0 fnt
|faint|p1b: Floette
|-damage|p2b: Manny|80/100|[from] item: Life Orb
|
|win|NotAfrogGaming
||Pfendy is ready for game 2.
||NotAfrogGaming is ready for game 2.
|uhtml|next|Next: Game 2 of 3
|l|☆NotAfrogGaming
|player|p2|
