|j|☆EnzoPS
|j|☆tbpgerard
|html|EnzoPStbpgerard    
|uhtml|bestof|Game 1 of a best-of-3
|t:|1757787766
|gametype|doubles
|player|p1|EnzoPS|cynthia-gen4|1158
|player|p2|tbpgerard|guitarist|1190
|gen|9
|tier|[Gen 9] VGC 2025 Reg H (Bo3)
|rated|
|rule|Species Clause: Limit one of each Pokémon
|rule|Item Clause: Limit 1 of each item
|clearpoke
|poke|p1|Pelipper, L50, F|
|poke|p1|Amoonguss, L50, M|
|poke|p1|Archaludon, L50, F|
|poke|p1|Basculegion, L50, M|
|poke|p1|Gholdengo, L50|
|poke|p1|Incineroar, L50, M|
|poke|p2|Indeedee-F, L50, F|
|poke|p2|Hatterene, L50, F|
|poke|p2|Gallade, L50, M|
|poke|p2|Ursaluna, L50, M|
|poke|p2|Lilligant-Hisui, L50, F|
|poke|p2|Torkoal, L50, M|
|teampreview|4
|showteam|p1|Pelipper||FocusSash|Drizzle|Protect,WeatherBall,Hurricane,Tailwind|||F|||50|,,,,,Ground]Amoonguss||SitrusBerry|Regenerator|Protect,Spore,RagePowder,PollenPuff|||M|||50|,,,,,Water]Archaludon||AssaultVest|Stamina|DragonPulse,ElectroShot,FlashCannon,BodyPress|||F|||50|,,,,,Grass]Basculegion||ChoiceBand|SwiftSwim|FlipTurn,WaveCrash,AquaJet,LastRespects|||M|||50|,,,,,Grass]Gholdengo||LifeOrb|GoodasGold|Protect,MakeItRain,ShadowBall,NastyPlot||||||50|,,,,,Water]Incineroar||SafetyGoggles|Intimidate|FlareBlitz,KnockOff,PartingShot,FakeOut|||M|||50|,,,,,Ghost
|showteam|p2|Indeedee-F||SafetyGoggles|PsychicSurge|DazzlingGleam,FollowMe,HelpingHand,TrickRoom|||F|||50|,,,,,Fairy]Hatterene||LifeOrb|MagicBounce|ExpandingForce,DazzlingGleam,Protect,TrickRoom|||F|||50|,,,,,Water]Gallade||ClearAmulet|Sharpness|SacredSword,PsychoCut,WideGuard,TrickRoom|||M|||50|,,,,,Grass]Ursaluna||FlameOrb|Guts|Facade,HeadlongRush,Substitute,Protect|||M|||50|,,,,,Ghost]Lilligant-Hisui||FocusSash|Chlorophyll|CloseCombat,LeafBlade,SleepPowder,AfterYou|||F|||50|,,,,,Ghost]Torkoal||ChoiceSpecs|Drought|Eruption,HeatWave,Flamethrower,ClearSmog|||M|||50|,,,,,Fire
|
|t:|1757787814
|teamsize|p1|4
|teamsize|p2|4
|start
|switch|p1a: Amoonguss|Amoonguss, L50, M|100/100
|switch|p1b: Gholdengo|Gholdengo, L50|100/100
|switch|p2a: labubu|Indeedee-F, L50, F|100/100
|switch|p2b: matcha|Gallade, L50, M|100/100
|-fieldstart|move: Psychic Terrain|[from] ability: Psychic Surge|[of] p2a: labubu
|turn|1
|
|t:|1757787843
|-terastallize|p2b: matcha|Grass
|-terastallize|p1a: Amoonguss|Water
|move|p2a: labubu|Follow Me|p2a: labubu
|-singleturn|p2a: labubu|move: Follow Me
|move|p1b: Gholdengo|Nasty Plot|p1b: Gholdengo
|-boost|p1b: Gholdengo|spa|2
|move|p1a: Amoonguss|Spore|p2a: labubu
|-activate|p2a: labubu|item: Safety Goggles|Spore
|move|p2b: matcha|Trick Room|p2b: matcha
|-fieldstart|move: Trick Room|[of] p2b: matcha
|
|upkeep
|turn|2
|
|t:|1757787871
|move|p2a: labubu|Helping Hand|p2b: matcha
|-singleturn|p2b: matcha|Helping Hand|[of] p2a: labubu
|move|p1a: Amoonguss|Pollen Puff|p2b: matcha
|-supereffective|p2b: matcha
|-crit|p2b: matcha
|-damage|p2b: matcha|47/100
|move|p2b: matcha|Psycho Cut|p1a: Amoonguss
|-damage|p1a: Amoonguss|3/100
|-enditem|p1a: Amoonguss|Sitrus Berry|[eat]
|-heal|p1a: Amoonguss|28/100|[from] item: Sitrus Berry
|move|p1b: Gholdengo|Make It Rain|p2a: labubu|[spread] p2a,p2b
|-damage|p2a: labubu|0 fnt
|-damage|p2b: matcha|0 fnt
|-unboost|p1b: Gholdengo|spa|1
|faint|p2a: labubu
|faint|p2b: matcha
|-damage|p1b: Gholdengo|91/100|[from] item: Life Orb
|
|upkeep
|
|t:|1757787880
|switch|p2b: fem lit|Torkoal, L50, M|100/100
|switch|p2a: clairo|Hatterene, L50, F, shiny|100/100
|-weather|SunnyDay|[from] ability: Drought|[of] p2b: fem lit
|turn|3
|
|t:|1757787918
|move|p1b: Gholdengo|Protect|p1b: Gholdengo
|-singleturn|p1b: Gholdengo|Protect
|move|p2b: fem lit|Eruption|p1a: Amoonguss|[spread] p1a
|-activate|p1b: Gholdengo|move: Protect
|-resisted|p1a: Amoonguss
|-damage|p1a: Amoonguss|0 fnt
|faint|p1a: Amoonguss
|move|p2a: clairo|Expanding Force|p1b: Gholdengo
|-activate|p1b: Gholdengo|move: Protect
|
|-weather|SunnyDay|[upkeep]
|upkeep
|
|t:|1757787928
|switch|p1a: Pelipper|Pelipper, L50, F, shiny|100/100
|-weather|RainDance|[from] ability: Drizzle|[of] p1a: Pelipper
|turn|4
|
|t:|1757787939
|switch|p1b: Incineroar|Incineroar, L50, M|100/100
|-ability|p1b: Incineroar|Intimidate|boost
|-unboost|p2a: clairo|atk|1
|-unboost|p2b: fem lit|atk|1
|move|p1a: Pelipper|Protect|p1a: Pelipper
|-singleturn|p1a: Pelipper|Protect
|move|p2b: fem lit|Eruption|p1b: Incineroar|[spread] p1b
|-activate|p1a: Pelipper|move: Protect
|-resisted|p1b: Incineroar
|-damage|p1b: Incineroar|83/100
|move|p2a: clairo|Expanding Force|p1a: Pelipper|[spread] 
|-activate|p1a: Pelipper|move: Protect
|-immune|p1b: Incineroar
|
|-weather|RainDance|[upkeep]
|upkeep
|turn|5
|
|t:|1757787969
|switch|p1a: Gholdengo|Gholdengo, L50|91/100
|move|p2b: fem lit|Eruption|p1a: Gholdengo|[spread] p1a,p1b
|-supereffective|p1a: Gholdengo
|-resisted|p1b: Incineroar
|-damage|p1a: Gholdengo|6/100
|-damage|p1b: Incineroar|66/100
|move|p2a: clairo|Expanding Force|p1a: Gholdengo|[spread] p1a
|-immune|p1b: Incineroar
|-resisted|p1a: Gholdengo
|-damage|p1a: Gholdengo|0 fnt
|faint|p1a: Gholdengo
|-damage|p2a: clairo|91/100|[from] item: Life Orb
|move|p1b: Incineroar|Knock Off|p2a: clairo
|-damage|p2a: clairo|43/100
|-enditem|p2a: clairo|Life Orb|[from] move: Knock Off|[of] p1b: Incineroar
|
|-weather|RainDance|[upkeep]
|-fieldend|move: Trick Room
|-fieldend|move: Psychic Terrain
|upkeep
|
|t:|1757787978
|switch|p1a: Pelipper|Pelipper, L50, F, shiny|100/100
|turn|6
|
|t:|1757787987
|move|p1a: Pelipper|Weather Ball|p2a: clairo
|-damage|p2a: clairo|0 fnt
|faint|p2a: clairo
|move|p1b: Incineroar|Knock Off|p2b: fem lit
|-damage|p2b: fem lit|62/100
|-enditem|p2b: fem lit|Choice Specs|[from] move: Knock Off|[of] p1b: Incineroar
|move|p2b: fem lit|Eruption|p1a: Pelipper|[spread] p1a,p1b
|-resisted|p1a: Pelipper
|-resisted|p1b: Incineroar
|-damage|p1a: Pelipper|87/100
|-damage|p1b: Incineroar|60/100
|
|-weather|RainDance|[upkeep]
|upkeep
|turn|7
|
|t:|1757787998
|move|p1a: Pelipper|Weather Ball|p2b: fem lit
|-supereffective|p2b: fem lit
|-damage|p2b: fem lit|0 fnt
|faint|p2b: fem lit
|
|win|EnzoPS
||EnzoPS is ready for game 2.
||tbpgerard is ready for game 2.
|uhtml|next|Next: Game 2 of 3
