|j|☆neuesspielzeug
|j|☆Eneix1234
|html|neuesspielzeugEneix1234    
|uhtml|bestof|Game 1 of a best-of-3
|t:|1784506638
|gametype|doubles
|player|p1|neuesspielzeug|2|1099
|player|p2|Eneix1234|266|1189
|gen|9
|tier|[Gen 9 Champions] VGC 2026 Reg M-B (Bo3)
|rated|
|rule|Species Clause: Limit one of each Pokémon
|rule|Item Clause: Limit 1 of each item
|clearpoke
|poke|p1|Scrafty, L50, M|
|poke|p1|Toxapex, L50, F|
|poke|p1|Meowstic-F, L50, F|
|poke|p1|Chandelure, L50, M|
|poke|p1|Hydreigon, L50, M|
|poke|p1|Sneasler, L50, F|
|poke|p2|Gengar, L50, F|
|poke|p2|Hawlucha, L50, F|
|poke|p2|Ninetales-Alola, L50, F|
|poke|p2|Incineroar, L50, F|
|poke|p2|Maushold-Four, L50|
|poke|p2|Araquanid, L50, F|
|teampreview|4
|showteam|p1|Scrafty||Scraftinite|Intimidate|FakeOut,DrainPunch,KnockOff,PoisonJab|Careful||M|||50|]Toxapex||Leftovers|Regenerator|Infestation,Toxic,BanefulBunker,WideGuard|Bold||F|||50|]Meowstic-F||Meowsticite|KeenEye|PsychicTerrain,ExpandingForce,Protect,ShadowBall|Timid||F|||50|]Chandelure||FocusSash|FlashFire|EnergyBall,HeatWave,ShadowBall,Protect|Timid||M|||50|]Hydreigon||ChoiceScarf|Levitate|DracoMeteor,Snarl,DarkPulse,EarthPower|Modest||M|||50|]Sneasler||LifeOrb|PoisonTouch|FakeOut,CloseCombat,DireClaw,Protect|Jolly||F|||50|
|showteam|p2|Gengar||Gengarite|CursedBody|Protect,Disable,SludgeBomb,ShadowBall|Modest||F|||50|]Hawlucha||FocusSash|Unburden|Protect,DrainPunch,DualWingbeat,Encore|Jolly||F|||50|]Ninetales-Alola||NeverMeltIce|SnowWarning|Protect,Moonblast,Blizzard,Encore|Timid||F|||50|]Incineroar||ExpertBelt|Intimidate|FakeOut,FlareBlitz,DrainPunch,PartingShot|Adamant||F|||50|]Maushold-Four||ChopleBerry|FriendGuard|Protect,FollowMe,Taunt,SuperFang|Jolly|||||50|]Araquanid||MysticWater|WaterBubble|Protect,WideGuard,Liquidation,LeechLife|Brave||F|||50|
|inactive|Battle timer is ON: inactive players will automatically lose when time's up. (requested by Eneix1234)
|
|t:|1784506697
|teamsize|p1|4
|teamsize|p2|4
|start
|switch|p1a: Meowstic|Meowstic-F, L50, F|100/100
|switch|p1b: Sneasler|Sneasler, L50, F|100/100
|switch|p2a: Gengar|Gengar, L50, F|100/100
|switch|p2b: Incineroar|Incineroar, L50, F|100/100
|-ability|p2b: Incineroar|Intimidate|boost
|-unboost|p1a: Meowstic|atk|1
|-unboost|p1b: Sneasler|atk|1
|turn|1
|
|t:|1784506722
|detailschange|p1a: Meowstic|Meowstic-F-Mega, L50, F
|-mega|p1a: Meowstic|Meowstic|Meowsticite
|-ability|p1a: Meowstic|Intimidate|Trace|[from] ability: Trace|[of] p2b: Incineroar
|-ability|p1a: Meowstic|Intimidate|boost
|-unboost|p2a: Gengar|atk|1
|-unboost|p2b: Incineroar|atk|1
|detailschange|p2a: Gengar|Gengar-Mega, L50, F
|-mega|p2a: Gengar|Gengar|Gengarite
|move|p2a: Gengar|Protect|p2a: Gengar
|-singleturn|p2a: Gengar|Protect
|move|p1b: Sneasler|Fake Out|p2b: Incineroar
|-damage|p2b: Incineroar|87/100
|-damage|p1b: Sneasler|90/100|[from] item: Life Orb
|cant|p2b: Incineroar|flinch
|move|p1a: Meowstic|Psychic Terrain|p1a: Meowstic
|-fieldstart|move: Psychic Terrain
|
|upkeep
|turn|2
|inactive|Eneix1234 has 30 seconds left.
|
|t:|1784506751
|switch|p2a: Ninetales|Ninetales-Alola, L50, F|100/100
|-weather|Snowscape|[from] ability: Snow Warning|[of] p2a: Ninetales
|switch|p2b: Hawlucha|Hawlucha, L50, F|100/100
|move|p1a: Meowstic|Protect|p1a: Meowstic
|-singleturn|p1a: Meowstic|Protect
|move|p1b: Sneasler|Close Combat|p2b: Hawlucha
|-resisted|p2b: Hawlucha|1
|-damage|p2b: Hawlucha|65/100
|-unboost|p1b: Sneasler|def|1
|-unboost|p1b: Sneasler|spd|1
|-damage|p1b: Sneasler|80/100|[from] item: Life Orb
|
|-weather|Snowscape|[upkeep]
|upkeep
|turn|3
|
|t:|1784506776
|switch|p2b: Incineroar|Incineroar, L50, F|87/100
|-ability|p2b: Incineroar|Intimidate|boost
|-unboost|p1a: Meowstic|atk|1
|-unboost|p1b: Sneasler|atk|1
|move|p1a: Meowstic|Expanding Force|p2a: Ninetales|[spread] p2a
|-immune|p2b: Incineroar
|-damage|p2a: Ninetales|32/100
|move|p1b: Sneasler|Dire Claw|p2a: Ninetales
|-supereffective|p2a: Ninetales|1
|-damage|p2a: Ninetales|0 fnt
|faint|p2a: Ninetales
|-damage|p1b: Sneasler|71/100|[from] item: Life Orb
|
|-weather|Snowscape|[upkeep]
|upkeep
|
|t:|1784506799
|switch|p2a: Gengar|Gengar-Mega, L50, F|100/100
|turn|4
|
|t:|1784506810
|move|p1a: Meowstic|Protect|p1a: Meowstic
|-singleturn|p1a: Meowstic|Protect
|move|p2b: Incineroar|Fake Out|p1a: Meowstic
|-activate|p1a: Meowstic|move: Psychic Terrain
|move|p1b: Sneasler|Close Combat|p2b: Incineroar
|-supereffective|p2b: Incineroar|1
|-damage|p2b: Incineroar|7/100
|-unboost|p1b: Sneasler|def|1
|-unboost|p1b: Sneasler|spd|1
|-damage|p1b: Sneasler|61/100|[from] item: Life Orb
|move|p2a: Gengar|Shadow Ball|p1b: Sneasler
|-damage|p1b: Sneasler|0 fnt
|faint|p1b: Sneasler
|
|-weather|Snowscape|[upkeep]
|upkeep
|
|t:|1784506822
|switch|p1b: Chandelure|Chandelure, L50, M|100/100
|turn|5
|c|☆neuesspielzeug|psychic terrain, fake out doesn't work..
|inactive|Eneix1234 has 30 seconds left.
|inactive|Eneix1234 has 20 seconds left.
|
|t:|1784506858
|move|p1a: Meowstic|Expanding Force|p2b: Incineroar|[spread] p2a
|-immune|p2b: Incineroar
|-supereffective|p2a: Gengar|1
|-damage|p2a: Gengar|0 fnt
|faint|p2a: Gengar
|move|p1b: Chandelure|Shadow Ball|p2b: Incineroar
|-resisted|p2b: Incineroar|1
|-damage|p2b: Incineroar|0 fnt
|faint|p2b: Incineroar
|
|-weather|Snowscape|[upkeep]
|-fieldend|move: Psychic Terrain
|upkeep
|c|☆Eneix1234|yeah i am not really paying attention rn
|
|t:|1784506873
|switch|p2b: Hawlucha|Hawlucha, L50, F|65/100
|turn|6
|
|t:|1784506879
|move|p1a: Meowstic|Expanding Force|p2b: Hawlucha
|-supereffective|p2b: Hawlucha|1
|-damage|p2b: Hawlucha|0 fnt
|faint|p2b: Hawlucha
|
|win|neuesspielzeug
