|j|☆washingtongargacha
|j|☆ranchsauce
|html|washingtongargacharanchsauce    
|uhtml|bestof|Game 2 of a best-of-3
|t:|1757726344
|gametype|doubles
|player|p1|washingtongargacha|101|1156
|player|p2|ranchsauce|scientist-gen4dp|1112
|gen|9
|tier|[Gen 9] VGC 2025 Reg H (Bo3)
|rated|
|rule|Species Clause: Limit one of each Pokémon
|rule|Item Clause: Limit 1 of each item
|clearpoke
|poke|p1|Talonflame, L50, M|
|poke|p1|Gholdengo, L50|
|poke|p1|Dragonite, L50, M|
|poke|p1|Archaludon, L50, M|
|poke|p1|Tyranitar, L50, F|
|poke|p1|Garchomp, L50, F|
|poke|p2|Kingambit, L50, F|
|poke|p2|Rillaboom, L50, F|
|poke|p2|Clefable, L50, F|
|poke|p2|Volcarona, L50, M|
|poke|p2|Tauros-Paldea-Aqua, L50, M|
|poke|p2|Gengar, L50, M|
|teampreview|4
|showteam|p1|Talonflame||CovertCloak|GaleWings|Tailwind,DualWingbeat,Taunt,FlareBlitz|||M|||50|,,,,,Stellar]Gholdengo||LifeOrb|GoodasGold|MakeItRain,NastyPlot,ShadowBall,Protect||||||50|,,,,,Steel]Dragonite||LoadedDice|Multiscale|ScaleShot,IceSpinner,Haze,Protect|||M|||50|,,,,,Steel]Archaludon||PowerHerb|Sturdy|FlashCannon,ElectroShot,DracoMeteor,Protect|||M|||50|,,,,,Flying]Tyranitar||AssaultVest|SandStream|KnockOff,RockSlide,TeraBlast,LowKick|||F|||50|,,,,,Flying]Garchomp||ClearAmulet|RoughSkin|DragonClaw,StompingTantrum,Earthquake,Protect|||F|||50|,,,,,Steel
|showteam|p2|Kingambit||SafetyGoggles|Defiant|KowtowCleave,SuckerPunch,SwordsDance,Protect|||F|||50|,,,,,Dark]Rillaboom||AssaultVest|GrassySurge|WoodHammer,GrassyGlide,Uturn,FakeOut|||F|||50|,,,,,Fire]Clefable||SitrusBerry|Unaware|Moonblast,FollowMe,SkillSwap,Protect|||F|||50|,,,,,Grass]Volcarona||Leftovers|FlameBody|HeatWave,GigaDrain,QuiverDance,Protect|||M|||50|,,,,,Dragon]Tauros-Paldea-Aqua||ClearAmulet|Intimidate|WaveCrash,CloseCombat,AquaJet,Protect|||M|||50|,,,,,Steel]Gengar||FocusSash|CursedBody|SludgeBomb,ShadowBall,Taunt,Protect|||M|||50|,,,,,Ghost
|
|t:|1757726391
|teamsize|p1|4
|teamsize|p2|4
|start
|switch|p1a: Talonflame|Talonflame, L50, M|100/100
|switch|p1b: Gholdengo|Gholdengo, L50|100/100
|switch|p2a: Gengar|Gengar, L50, M|100/100
|switch|p2b: Tauros|Tauros-Paldea-Aqua, L50, M|100/100
|-ability|p2b: Tauros|Intimidate|boost
|-unboost|p1a: Talonflame|atk|1
|-unboost|p1b: Gholdengo|atk|1
|turn|1
|
|t:|1757726417
|-terastallize|p1b: Gholdengo|Steel
|move|p1a: Talonflame|Tailwind|p1a: Talonflame
|-sidestart|p1: washingtongargacha|move: Tailwind
|move|p1b: Gholdengo|Make It Rain|p2a: Gengar|[spread] p2a,p2b
|-resisted|p2b: Tauros
|-enditem|p2a: Gengar|Focus Sash
|-damage|p2a: Gengar|1/100
|-damage|p2b: Tauros|49/100
|-unboost|p1b: Gholdengo|spa|1
|-damage|p1b: Gholdengo|91/100|[from] item: Life Orb
|move|p2a: Gengar|Shadow Ball|p1b: Gholdengo
|-damage|p1b: Gholdengo|36/100
|move|p2b: Tauros|Wave Crash|p1a: Talonflame
|-supereffective|p1a: Talonflame
|-damage|p1a: Talonflame|0 fnt
|faint|p1a: Talonflame
|-damage|p2b: Tauros|17/100|[from] Recoil
|
|upkeep
|
|t:|1757726439
|switch|p1a: Garchomp|Garchomp, L50, F|100/100
|turn|2
|
|t:|1757726446
|move|p1b: Gholdengo|Protect|p1b: Gholdengo
|-singleturn|p1b: Gholdengo|Protect
|move|p2a: Gengar|Protect|p2a: Gengar
|-singleturn|p2a: Gengar|Protect
|move|p2b: Tauros|Aqua Jet|p1b: Gholdengo
|-activate|p1b: Gholdengo|move: Protect
|move|p1a: Garchomp|Earthquake|p2b: Tauros|[spread] p2b
|-activate|p1b: Gholdengo|move: Protect
|-activate|p2a: Gengar|move: Protect
|-damage|p2b: Tauros|0 fnt
|faint|p2b: Tauros
|
|upkeep
|l|☆ranchsauce
|player|p2|
|inactive|Battle timer is ON: inactive players will automatically lose when time's up. (requested by washingtongargacha)
|j|☆ranchsauce
|inactive|ranchsauce reconnected and has 85 seconds left.
|player|p2|ranchsauce|scientist-gen4dp|
|
|t:|1757726499
|switch|p2b: Kingambit|Kingambit, L50, F|100/100
|turn|3
|
|t:|1757726522
|-terastallize|p2b: Kingambit|Dark
|move|p2b: Kingambit|Sucker Punch|p1a: Garchomp
|-damage|p1a: Garchomp|57/100
|-damage|p2b: Kingambit|88/100|[from] ability: Rough Skin|[of] p1a: Garchomp
|move|p1a: Garchomp|Stomping Tantrum|p2b: Kingambit
|-damage|p2b: Kingambit|60/100
|move|p1b: Gholdengo|Make It Rain|p2a: Gengar|[spread] p2a,p2b
|-damage|p2a: Gengar|0 fnt
|-damage|p2b: Kingambit|10/100
|-unboost|p1b: Gholdengo|spa|1
|-start|p1b: Gholdengo|Disable|Make It Rain|[from] ability: Cursed Body|[of] p2a: Gengar
|faint|p2a: Gengar
|-damage|p1b: Gholdengo|26/100|[from] item: Life Orb
|
|upkeep
|
|t:|1757726528
|switch|p2a: Clefable|Clefable, L50, F|100/100
|turn|4
|
|t:|1757726550
|switch|p1b: Archaludon|Archaludon, L50, M|100/100
|move|p1a: Garchomp|Protect|p1a: Garchomp
|-singleturn|p1a: Garchomp|Protect
|move|p2a: Clefable|Follow Me|p2a: Clefable
|-singleturn|p2a: Clefable|move: Follow Me
|move|p2b: Kingambit|Swords Dance|p2b: Kingambit
|-boost|p2b: Kingambit|atk|2
|
|-sideend|p1: washingtongargacha|move: Tailwind
|upkeep
|turn|5
|
|t:|1757726569
|switch|p1b: Gholdengo|Gholdengo, L50, tera:Steel|26/100
|move|p1a: Garchomp|Protect||[still]
|-fail|p1a: Garchomp
|move|p2b: Kingambit|Protect|p2b: Kingambit
|-singleturn|p2b: Kingambit|Protect
|move|p2a: Clefable|Moonblast|p1a: Garchomp
|-supereffective|p1a: Garchomp
|-damage|p1a: Garchomp|0 fnt
|faint|p1a: Garchomp
|
|upkeep
|
|t:|1757726578
|switch|p1a: Archaludon|Archaludon, L50, M|100/100
|turn|6
|
|t:|1757726591
|move|p1b: Gholdengo|Protect|p1b: Gholdengo
|-singleturn|p1b: Gholdengo|Protect
|move|p2a: Clefable|Follow Me|p2a: Clefable
|-singleturn|p2a: Clefable|move: Follow Me
|move|p2b: Kingambit|Sucker Punch||[still]
|-fail|p2b: Kingambit
|move|p1a: Archaludon|Flash Cannon|p2a: Clefable
|-supereffective|p2a: Clefable
|-damage|p2a: Clefable|27/100
|-enditem|p2a: Clefable|Sitrus Berry|[eat]
|-heal|p2a: Clefable|52/100|[from] item: Sitrus Berry
|
|upkeep
|turn|7
|inactive|washingtongargacha has 30 seconds left.
|
|t:|1757726621
|move|p1b: Gholdengo|Protect||[still]
|-fail|p1b: Gholdengo
|move|p2a: Clefable|Follow Me|p2a: Clefable
|-singleturn|p2a: Clefable|move: Follow Me
|move|p2b: Kingambit|Sucker Punch||[still]
|-fail|p2b: Kingambit
|move|p1a: Archaludon|Flash Cannon|p2a: Clefable
|-supereffective|p2a: Clefable
|-damage|p2a: Clefable|0 fnt
|faint|p2a: Clefable
|
|upkeep
|turn|8
|inactive|ranchsauce has 30 seconds left.
|l|☆ranchsauce
|inactive|ranchsauce disconnected and has a minute to reconnect!
|player|p2|
|inactive|ranchsauce has 20 seconds left.
|inactive|ranchsauce has 15 seconds left.
|inactive|ranchsauce has 10 seconds left.
|inactive|ranchsauce has 5 seconds left.
|-message|ranchsauce lost due to inactivity.
|
|win|washingtongargacha
|raw|washingtongargacha's rating: 1156 → 1178(+22 for winning)
|raw|ranchsauce's rating: 1112 → 1090(-22 for losing)
