|j|☆ennuismile
|j|☆melon storme
|html|ennuismilemelon storme    
|uhtml|bestof|Game 3 of a best-of-3
|t:|1786046337
|gametype|doubles
|player|p1|ennuismile|cheryl|1274
|player|p2|melon storme|kieran-masters|1220
|gen|9
|tier|[Gen 9 Champions] VGC 2026 Reg M-B (Bo3)
|rated|
|rule|Species Clause: Limit one of each Pokémon
|rule|Item Clause: Limit 1 of each item
|clearpoke
|poke|p1|Staraptor, L50, M|
|poke|p1|Arcanine-Hisui, L50, F|
|poke|p1|Kingambit, L50, M|
|poke|p1|Raichu, L50, F|
|poke|p1|Farigiraf, L50, F|
|poke|p1|Sylveon, L50, F|
|poke|p2|Pyroar, L50, F|
|poke|p2|Aerodactyl, L50, M|
|poke|p2|Torkoal, L50, M|
|poke|p2|Vileplume, L50, M|
|poke|p2|Farigiraf, L50, F, shiny|
|poke|p2|Mawile, L50, F|
|teampreview|4
|showteam|p1|Staraptor||Staraptite|Intimidate|DualWingbeat,CloseCombat,Tailwind,Protect|Jolly||M|||50|]Arcanine-Hisui||FocusSash|RockHead|FlareBlitz,HeadSmash,ExtremeSpeed,Protect|Jolly||F|||50|]Kingambit||LifeOrb|Defiant|KowtowCleave,SuckerPunch,SwordsDance,Protect|Adamant||M|||50|]Raichu||RaichuniteY|LightningRod|ZapCannon,FocusBlast,FakeOut,Protect|Timid||F|||50|]Farigiraf||SitrusBerry|ArmorTail|Psychic,HelpingHand,TrickRoom,Protect|Calm||F|||50|]Sylveon||FairyFeather|Pixilate|HyperVoice,HyperBeam,BabyDollEyes,Detect|Modest||F|||50|
|showteam|p2|Pyroar||Pyroarite|Rivalry|Taunt,HeatWave,Overheat,Protect|Timid||F|||50|]Aerodactyl||SitrusBerry|Unnerve|RockSlide,Tailwind,WideGuard,DualWingbeat|Jolly||M|||50|]Torkoal||Charcoal|Drought|Eruption,HeatWave,SolarBeam,Protect|Quiet||M|||50|]Vileplume||FocusSash|Chlorophyll|EnergyBall,SludgeBomb,AfterYou,SleepPowder|Timid||M|||50|]Farigiraf||Leftovers|ArmorTail|HyperVoice,Psychic,Protect,TrickRoom|Relaxed||F|||50|]Mawile||Mawilite|Intimidate|IronHead,PlayRough,SwordsDance,SuckerPunch|Sassy||F|||50|
|inactive|Battle timer is ON: inactive players will automatically lose when time's up. (requested by ennuismile)
|
|t:|1786046354
|teamsize|p1|4
|teamsize|p2|4
|start
|switch|p1a: Raichu|Raichu, L50, F|100/100
|switch|p1b: Arcanine|Arcanine-Hisui, L50, F|100/100
|switch|p2a: 4-loko|Pyroar, L50, F|100/100
|switch|p2b: Ghengas Khan|Torkoal, L50, M|100/100
|-weather|SunnyDay|[from] ability: Drought|[of] p2b: Ghengas Khan
|turn|1
|
|t:|1786046366
|switch|p2b: Can of Soup|Farigiraf, L50, F, shiny|100/100
|detailschange|p2a: 4-loko|Pyroar-Mega, L50, F
|-mega|p2a: 4-loko|Pyroar|Pyroarite
|detailschange|p1a: Raichu|Raichu-Mega-Y, L50, F
|-mega|p1a: Raichu|Raichu|Raichunite Y
|move|p1a: Raichu|Protect|p1a: Raichu
|-singleturn|p1a: Raichu|Protect
|move|p2a: 4-loko|Heat Wave|p1b: Arcanine|[spread] p1b
|-activate|p1a: Raichu|move: Protect
|-resisted|p1b: Arcanine|2
|-damage|p1b: Arcanine|72/100
|move|p1b: Arcanine|Head Smash|p2a: 4-loko
|-supereffective|p2a: 4-loko|1
|-damage|p2a: 4-loko|0 fnt
|faint|p2a: 4-loko
|
|-weather|SunnyDay|[upkeep]
|upkeep
|
|t:|1786046376
|switch|p2a: Mr bean|Vileplume, L50, M|100/100
|turn|2
|
|t:|1786046386
|move|p2a: Mr bean|Sleep Powder|p1a: Raichu
|-status|p1a: Raichu|slp|[from] move: Sleep Powder
|cant|p1a: Raichu|slp
|move|p1b: Arcanine|Flare Blitz|p2a: Mr bean
|-supereffective|p2a: Mr bean|1
|-enditem|p2a: Mr bean|Focus Sash
|-damage|p2a: Mr bean|1/100
|move|p2b: Can of Soup|Psychic|p1a: Raichu
|-damage|p1a: Raichu|56/100 slp
|
|-weather|SunnyDay|[upkeep]
|upkeep
|turn|3
|
|t:|1786046404
|move|p1b: Arcanine|Protect|p1b: Arcanine
|-singleturn|p1b: Arcanine|Protect
|move|p2a: Mr bean|Energy Ball|p1b: Arcanine
|-activate|p1b: Arcanine|move: Protect
|cant|p1a: Raichu|slp
|move|p2b: Can of Soup|Hyper Voice|p1b: Arcanine|[spread] p1a
|-activate|p1b: Arcanine|move: Protect
|-damage|p1a: Raichu|24/100 slp
|
|-weather|SunnyDay|[upkeep]
|upkeep
|turn|4
|j| moonlshadowz
|
|t:|1786046417
|move|p2a: Mr bean|Energy Ball|p1a: Raichu
|-damage|p1a: Raichu|0 fnt
|faint|p1a: Raichu
|move|p1b: Arcanine|Flare Blitz|p2b: Can of Soup
|-damage|p2b: Can of Soup|25/100
|move|p2b: Can of Soup|Trick Room|p2b: Can of Soup
|-fieldstart|move: Trick Room|[of] p2b: Can of Soup
|
|-weather|SunnyDay|[upkeep]
|-heal|p2b: Can of Soup|32/100|[from] item: Leftovers
|upkeep
|
|t:|1786046424
|switch|p1a: Farigiraf|Farigiraf, L50, F|100/100
|turn|5
|
|t:|1786046438
|move|p2b: Can of Soup|Protect|p2b: Can of Soup
|-singleturn|p2b: Can of Soup|Protect
|move|p1b: Arcanine|Flare Blitz|p2a: Mr bean
|-supereffective|p2a: Mr bean|1
|-damage|p2a: Mr bean|0 fnt
|faint|p2a: Mr bean
|move|p1a: Farigiraf|Trick Room|p1a: Farigiraf
|-fieldend|move: Trick Room
|
|-weather|none
|-heal|p2b: Can of Soup|38/100|[from] item: Leftovers
|upkeep
|
|t:|1786046443
|switch|p2a: Ghengas Khan|Torkoal, L50, M|100/100
|-weather|SunnyDay|[from] ability: Drought|[of] p2a: Ghengas Khan
|turn|6
|
|t:|1786046455
|move|p2a: Ghengas Khan|Protect|p2a: Ghengas Khan
|-singleturn|p2a: Ghengas Khan|Protect
|move|p1b: Arcanine|Flare Blitz|p2b: Can of Soup
|-damage|p2b: Can of Soup|0 fnt
|faint|p2b: Can of Soup
|move|p1a: Farigiraf|Psychic|p2a: Ghengas Khan
|-activate|p2a: Ghengas Khan|move: Protect
|
|-weather|SunnyDay|[upkeep]
|upkeep
|turn|7
|
|t:|1786046462
|move|p1b: Arcanine|Head Smash|p2a: Ghengas Khan
|-supereffective|p2a: Ghengas Khan|1
|-damage|p2a: Ghengas Khan|0 fnt
|faint|p2a: Ghengas Khan
|
|win|ennuismile
|raw|ennuismile's rating: 1274 → 1295(+21 for winning)
|raw|melon storme's rating: 1220 → 1199(-21 for losing)
