|j|☆standardamerican
|j|☆acarovgc
|html|standardamericanacarovgc    
|uhtml|bestof|Game 1 of a best-of-3
|t:|1784813051
|gametype|doubles
|player|p1|standardamerican|169|1263
|player|p2|acarovgc|1|1261
|gen|9
|tier|[Gen 9 Champions] VGC 2026 Reg M-B (Bo3)
|rated|
|rule|Species Clause: Limit one of each Pokémon
|rule|Item Clause: Limit 1 of each item
|clearpoke
|poke|p1|Sinistcha, L50|
|poke|p1|Incineroar, L50, M|
|poke|p1|Milotic, L50, M|
|poke|p1|Raichu, L50, M|
|poke|p1|Gardevoir, L50, F|
|poke|p1|Ceruledge, L50, M|
|poke|p2|Milotic, L50, F|
|poke|p2|Incineroar, L50, M|
|poke|p2|Sinistcha, L50|
|poke|p2|Garchomp, L50, M|
|poke|p2|Gholdengo, L50, shiny|
|poke|p2|Floette-Eternal, L50, F|
|teampreview|4
|showteam|p1|Sinistcha||KasibBerry|Hospitality|MatchaGotcha,Imprison,RagePowder,Protect|Bold|||||50|]Incineroar||SitrusBerry|Intimidate|FlareBlitz,DarkestLariat,FakeOut,PartingShot|Careful||M|||50|]Milotic||Leftovers|Competitive|MuddyWater,Coil,Hypnosis,Protect|Calm||M|||50|]Raichu||RaichuniteY|LightningRod|ZapCannon,FocusBlast,FakeOut,Protect|Timid||M|||50|]Gardevoir||Gardevoirite|Trace|HyperVoice,Psyshock,TrickRoom,Protect|Modest||F|||50|]Ceruledge||ColburBerry|FlashFire|BitterBlade,ShadowSneak,BulkUp,Protect|Adamant||M|||50|
|showteam|p2|Milotic||Leftovers|Competitive|Scald,IcyWind,Recover,Protect|Modest||F|||50|]Incineroar||ChopleBerry|Intimidate|FakeOut,FlareBlitz,DarkestLariat,PartingShot|Adamant||M|||50|]Sinistcha||KasibBerry|Hospitality|MatchaGotcha,LifeDew,RagePowder,TrickRoom|Bold|||||50|]Garchomp||LifeOrb|RoughSkin|DragonClaw,StompingTantrum,RockSlide,Protect|Jolly||M|||50|]Gholdengo||SitrusBerry|GoodasGold|MakeItRain,ShadowBall,NastyPlot,Protect|Timid|||||50|]Floette-Eternal||Floettite|FlowerVeil|DazzlingGleam,Moonblast,CalmMind,Protect|Timid||F|||50|
|
|t:|1784813110
|teamsize|p1|4
|teamsize|p2|4
|start
|switch|p1a: Milotic|Milotic, L50, M|100/100
|switch|p1b: Ceruledge|Ceruledge, L50, M|100/100
|switch|p2a: Milotic|Milotic, L50, F|100/100
|switch|p2b: Gholdengo|Gholdengo, L50, shiny|100/100
|turn|1
|
|t:|1784813146
|move|p2b: Gholdengo|Shadow Ball|p1b: Ceruledge
|-supereffective|p1b: Ceruledge|1
|-damage|p1b: Ceruledge|17/100
|move|p2a: Milotic|Scald|p1b: Ceruledge
|-supereffective|p1b: Ceruledge|1
|-damage|p1b: Ceruledge|0 fnt
|faint|p1b: Ceruledge
|move|p1a: Milotic|Muddy Water|p2b: Gholdengo|[spread] p2a
|-miss|p1a: Milotic|p2b: Gholdengo
|-resisted|p2a: Milotic|1
|-damage|p2a: Milotic|91/100
|
|-heal|p2a: Milotic|97/100|[from] item: Leftovers
|upkeep
|
|t:|1784813154
|switch|p1b: Sinistcha|Sinistcha, L50|100/100
|turn|2
|
|t:|1784813172
|switch|p2a: Floette|Floette-Eternal, L50, F|100/100
|switch|p1b: Incineroar|Incineroar, L50, M|100/100
|-ability|p1b: Incineroar|Intimidate|boost
|-unboost|p2a: Floette|atk|1
|-unboost|p2b: Gholdengo|atk|1
|move|p2b: Gholdengo|Nasty Plot|p2b: Gholdengo
|-boost|p2b: Gholdengo|spa|2
|move|p1a: Milotic|Coil|p1a: Milotic
|-boost|p1a: Milotic|atk|1
|-boost|p1a: Milotic|def|1
|-boost|p1a: Milotic|accuracy|1
|
|upkeep
|turn|3
|
|t:|1784813200
|detailschange|p2a: Floette|Floette-Mega, L50, F
|-mega|p2a: Floette|Floette|Floettite
|-ability|p2a: Floette|Fairy Aura
|move|p2b: Gholdengo|Protect|p2b: Gholdengo
|-singleturn|p2b: Gholdengo|Protect
|move|p1b: Incineroar|Fake Out|p2a: Floette
|-damage|p2a: Floette|84/100
|cant|p2a: Floette|flinch
|move|p1a: Milotic|Hypnosis|p2a: Floette|[miss]
|-miss|p1a: Milotic|p2a: Floette
|
|upkeep
|turn|4
|
|t:|1784813226
|move|p2a: Floette|Moonblast|p1a: Milotic
|-damage|p1a: Milotic|55/100
|move|p2b: Gholdengo|Shadow Ball|p1a: Milotic
|-damage|p1a: Milotic|4/100
|move|p1a: Milotic|Hypnosis|p2a: Floette|[miss]
|-miss|p1a: Milotic|p2a: Floette
|move|p1b: Incineroar|Flare Blitz|p2b: Gholdengo
|-supereffective|p2b: Gholdengo|1
|-damage|p2b: Gholdengo|0 fnt
|faint|p2b: Gholdengo
|-damage|p1b: Incineroar|73/100|[from] Recoil
|
|-heal|p1a: Milotic|10/100|[from] item: Leftovers
|upkeep
|
|t:|1784813239
|switch|p2b: Milotic|Milotic, L50, F|97/100
|turn|5
|
|t:|1784813257
|switch|p1b: Sinistcha|Sinistcha, L50|100/100
|-heal|p1a: Milotic|35/100|[from] ability: Hospitality|[of] p1b: Sinistcha
|move|p1a: Milotic|Protect|p1a: Milotic
|-singleturn|p1a: Milotic|Protect
|move|p2a: Floette|Moonblast|p1a: Milotic
|-activate|p1a: Milotic|move: Protect
|move|p2b: Milotic|Scald|p1b: Sinistcha
|-resisted|p1b: Sinistcha|1
|-damage|p1b: Sinistcha|84/100
|-status|p1b: Sinistcha|brn
|
|-heal|p2b: Milotic|100/100|[from] item: Leftovers
|-heal|p1a: Milotic|41/100|[from] item: Leftovers
|-damage|p1b: Sinistcha|78/100 brn|[from] brn
|upkeep
|turn|6
|
|t:|1784813278
|move|p1b: Sinistcha|Rage Powder|p1b: Sinistcha
|-singleturn|p1b: Sinistcha|move: Rage Powder
|move|p2a: Floette|Dazzling Gleam|p1a: Milotic|[spread] p1a,p1b
|-damage|p1a: Milotic|13/100
|-damage|p1b: Sinistcha|32/100 brn
|move|p2b: Milotic|Scald|p1b: Sinistcha
|-resisted|p1b: Sinistcha|1
|-damage|p1b: Sinistcha|17/100 brn
|move|p1a: Milotic|Hypnosis|p2a: Floette
|-status|p2a: Floette|slp|[from] move: Hypnosis
|
|-heal|p1a: Milotic|19/100|[from] item: Leftovers
|-damage|p1b: Sinistcha|11/100 brn|[from] brn
|upkeep
|turn|7
|
|t:|1784813317
|move|p1b: Sinistcha|Protect|p1b: Sinistcha
|-singleturn|p1b: Sinistcha|Protect
|cant|p2a: Floette|slp
|move|p2b: Milotic|Scald|p1b: Sinistcha
|-activate|p1b: Sinistcha|move: Protect
|move|p1a: Milotic|Hypnosis|p2b: Milotic|[miss]
|-miss|p1a: Milotic|p2b: Milotic
|
|-heal|p1a: Milotic|25/100|[from] item: Leftovers
|-damage|p1b: Sinistcha|5/100 brn|[from] brn
|upkeep
|turn|8
|
|t:|1784813332
|switch|p1b: Incineroar|Incineroar, L50, M|73/100
|-ability|p1b: Incineroar|Intimidate|boost
|-unboost|p2a: Floette|atk|1
|-unboost|p2b: Milotic|atk|1
|-ability|p2b: Milotic|Competitive|boost
|-boost|p2b: Milotic|spa|2
|cant|p2a: Floette|slp
|move|p2b: Milotic|Scald|p1a: Milotic
|-resisted|p1a: Milotic|1
|-damage|p1a: Milotic|2/100
|move|p1a: Milotic|Muddy Water|p2a: Floette|[spread] p2a,p2b
|-resisted|p2b: Milotic|1
|-damage|p2a: Floette|67/100 slp
|-damage|p2b: Milotic|91/100
|
|-heal|p2b: Milotic|97/100|[from] item: Leftovers
|-heal|p1a: Milotic|8/100|[from] item: Leftovers
|upkeep
|turn|9
|
|t:|1784813351
|move|p1b: Incineroar|Fake Out|p2a: Floette
|-damage|p2a: Floette|54/100 slp
|-curestatus|p2a: Floette|slp|[msg]
|cant|p2a: Floette|flinch
|move|p2b: Milotic|Scald|p1a: Milotic
|-resisted|p1a: Milotic|1
|-damage|p1a: Milotic|0 fnt
|faint|p1a: Milotic
|
|-heal|p2b: Milotic|100/100|[from] item: Leftovers
|upkeep
|
|t:|1784813358
|switch|p1a: Sinistcha|Sinistcha, L50|5/100 brn
|-heal|p1b: Incineroar|98/100|[from] ability: Hospitality|[of] p1a: Sinistcha
|turn|10
|
|t:|1784813366
|move|p2a: Floette|Dazzling Gleam|p1a: Sinistcha|[spread] p1a,p1b
|-crit|p1a: Sinistcha
|-damage|p1a: Sinistcha|0 fnt
|-damage|p1b: Incineroar|65/100
|faint|p1a: Sinistcha
|move|p2b: Milotic|Scald|p1b: Incineroar
|-supereffective|p1b: Incineroar|1
|-crit|p1b: Incineroar
|-damage|p1b: Incineroar|0 fnt
|faint|p1b: Incineroar
|
|win|acarovgc
