|j|☆Boomyy
|j|☆certified urgl
|html|Boomyycertified urgl    
|uhtml|bestof|Game 3 of a best-of-3
|t:|1756638675
|gametype|doubles
|player|p1|Boomyy|brawly|1339
|player|p2|certified urgl|1|1424
|gen|9
|tier|[Gen 9] VGC 2025 Reg H (Bo3)
|rated|
|rule|Species Clause: Limit one of each Pokémon
|rule|Item Clause: Limit 1 of each item
|clearpoke
|poke|p1|Indeedee-F, L50, F|
|poke|p1|Exeggutor, L50, F|
|poke|p1|Torkoal, L50, M|
|poke|p1|Ursaluna, L50, F|
|poke|p1|Gallade, L50, M|
|poke|p1|Zoroark-Hisui, L50, M|
|poke|p2|Gholdengo, L50|
|poke|p2|Sneasler, L50, M|
|poke|p2|Rillaboom, L50, F|
|poke|p2|Dragonite, L50, F|
|poke|p2|Ninetales-Alola, L50, M|
|poke|p2|Arcanine-Hisui, L50, M|
|teampreview|4
|showteam|p1|Indeedee-F||PsychicSeed|PsychicSurge|FollowMe,Psychic,HelpingHand,TrickRoom|||F|||50|,,,,,Grass]Exeggutor||FocusSash|Chlorophyll|ExpandingForce,EnergyBall,SleepPowder,TrickRoom|||F|||50|,,,,,Psychic]Torkoal||Charcoal|Drought|Eruption,WeatherBall,ClearSmog,Protect|||M|||50|,,,,,Fire]Ursaluna||FlameOrb|Guts|Facade,HeadlongRush,Earthquake,Protect|||F|||50|,,,,,Ghost]Gallade||ClearAmulet|Sharpness|PsychoCut,SacredSword,WideGuard,TrickRoom|||M|||50|,,,,,Fire]Zoroark-Hisui||ChoiceSpecs|Illusion|HyperVoice,ShadowBall,TeraBlast,HyperBeam|||M|||50|,,,,,Stellar
|showteam|p2|Gholdengo||GrassySeed|GoodasGold|NastyPlot,MakeItRain,ShadowBall,Protect||||||50|,,,,,Dragon]Sneasler||WhiteHerb|Unburden|CloseCombat,DireClaw,Coaching,Protect|||M|||50|,,,,,Ghost]Rillaboom||AssaultVest|GrassySurge|FakeOut,GrassyGlide,DrumBeating,HighHorsepower|||F|||50|,,,,,Fire]Dragonite||LoadedDice|Multiscale|ScaleShot,StompingTantrum,Tailwind,Protect|||F|||50|,,,,,Ground]Ninetales-Alola||FocusSash|SnowWarning|Blizzard,IcyWind,Encore,AuroraVeil|||M|||50|,,,,,Ghost]Arcanine-Hisui||ClearAmulet|Intimidate|RockSlide,FlareBlitz,ExtremeSpeed,Protect|||M|||50|,,,,,Water
|inactive|Battle timer is ON: inactive players will automatically lose when time's up. (requested by Boomyy)
|inactive|certified urgl also wants the timer to be on.
|inactive|certified urgl has 60 seconds left.
|
|t:|1756638716
|teamsize|p1|4
|teamsize|p2|4
|start
|switch|p1a: Indeedee|Indeedee-F, L50, F|100/100
|switch|p1b: Exeggutor|Exeggutor, L50, F|100/100
|switch|p2a: Dragonite|Dragonite, L50, F|100/100
|switch|p2b: Arcanine|Arcanine-Hisui, L50, M|100/100
|-ability|p2b: Arcanine|Intimidate|boost
|-unboost|p1a: Indeedee|atk|1
|-unboost|p1b: Exeggutor|atk|1
|-fieldstart|move: Psychic Terrain|[from] ability: Psychic Surge|[of] p1a: Indeedee
|-enditem|p1a: Indeedee|Psychic Seed
|-boost|p1a: Indeedee|spd|1|[from] item: Psychic Seed
|turn|1
|
|t:|1756638736
|switch|p2a: Gholdengo|Gholdengo, L50|100/100
|switch|p1a: Torkoal|Torkoal, L50, M|100/100
|-weather|SunnyDay|[from] ability: Drought|[of] p1a: Torkoal
|-terastallize|p1b: Exeggutor|Psychic
|move|p1b: Exeggutor|Expanding Force|p2b: Arcanine|[spread] p2a,p2b
|-resisted|p2a: Gholdengo
|-damage|p2a: Gholdengo|55/100
|-damage|p2b: Arcanine|0 fnt
|faint|p2b: Arcanine
|
|-weather|SunnyDay|[upkeep]
|upkeep
|
|t:|1756638745
|switch|p2b: Rillaboom|Rillaboom, L50, F|100/100
|-fieldstart|move: Grassy Terrain|[from] ability: Grassy Surge|[of] p2b: Rillaboom
|-enditem|p2a: Gholdengo|Grassy Seed
|-boost|p2a: Gholdengo|def|1|[from] item: Grassy Seed
|turn|2
|
|t:|1756638769
|switch|p1b: Indeedee|Indeedee-F, L50, F|100/100
|-fieldstart|move: Psychic Terrain|[from] ability: Psychic Surge|[of] p1b: Indeedee
|-terastallize|p2b: Rillaboom|Fire
|move|p2b: Rillaboom|Drum Beating|p1b: Indeedee
|-damage|p1b: Indeedee|67/100
|-unboost|p1b: Indeedee|spe|1
|move|p2a: Gholdengo|Make It Rain|p1b: Indeedee|[spread] p1a,p1b
|-resisted|p1a: Torkoal
|-damage|p1a: Torkoal|72/100
|-damage|p1b: Indeedee|26/100
|-unboost|p2a: Gholdengo|spa|1
|move|p1a: Torkoal|Weather Ball|p2b: Rillaboom
|-resisted|p2b: Rillaboom
|-damage|p2b: Rillaboom|66/100
|
|-weather|SunnyDay|[upkeep]
|upkeep
|turn|3
|inactive|certified urgl has 30 seconds left.
|inactive|Boomyy has 30 seconds left.
|inactive|certified urgl has 20 seconds left.
|
|t:|1756638805
|switch|p2b: Dragonite|Dragonite, L50, F|100/100
|move|p1b: Indeedee|Follow Me|p1b: Indeedee
|-singleturn|p1b: Indeedee|move: Follow Me
|move|p2a: Gholdengo|Make It Rain|p1b: Indeedee|[spread] p1a,p1b
|-resisted|p1a: Torkoal
|-damage|p1a: Torkoal|51/100
|-damage|p1b: Indeedee|0 fnt
|-unboost|p2a: Gholdengo|spa|1
|faint|p1b: Indeedee
|move|p1a: Torkoal|Eruption|p2a: Gholdengo|[spread] p2a,p2b
|-supereffective|p2a: Gholdengo
|-resisted|p2b: Dragonite
|-damage|p2a: Gholdengo|0 fnt
|-damage|p2b: Dragonite|89/100
|faint|p2a: Gholdengo
|
|-weather|SunnyDay|[upkeep]
|upkeep
|
|t:|1756638824
|switch|p2a: Rillaboom|Rillaboom, L50, F, tera:Fire|66/100
|switch|p1b: Exeggutor|Exeggutor, L50, F, tera:Psychic|100/100
|-fieldstart|move: Grassy Terrain|[from] ability: Grassy Surge|[of] p2a: Rillaboom
|turn|4
|inactive|Boomyy has 30 seconds left.
|inactive|certified urgl has 30 seconds left.
|inactive|Boomyy has 20 seconds left.
|inactive|certified urgl has 20 seconds left.
|
|t:|1756638864
|move|p2a: Rillaboom|Fake Out|p1b: Exeggutor
|-damage|p1b: Exeggutor|84/100
|cant|p1b: Exeggutor|flinch
|move|p2b: Dragonite|Scale Shot|p1b: Exeggutor
|-damage|p1b: Exeggutor|66/100
|-damage|p1b: Exeggutor|48/100
|-damage|p1b: Exeggutor|28/100
|-damage|p1b: Exeggutor|10/100
|-hitcount|p1b: Exeggutor|4
|-unboost|p2b: Dragonite|def|1
|-boost|p2b: Dragonite|spe|1
|move|p1a: Torkoal|Weather Ball|p2b: Dragonite
|-resisted|p2b: Dragonite
|-damage|p2b: Dragonite|45/100
|
|-weather|SunnyDay|[upkeep]
|-heal|p1b: Exeggutor|16/100|[from] Grassy Terrain
|-heal|p2a: Rillaboom|71/100|[from] Grassy Terrain
|-heal|p1a: Torkoal|57/100|[from] Grassy Terrain
|upkeep
|turn|5
|inactive|Boomyy has 30 seconds left.
|inactive|certified urgl has 30 seconds left.
|inactive|Boomyy has 20 seconds left.
|inactive|certified urgl has 20 seconds left.
|inactive|Boomyy has 15 seconds left.
|inactive|certified urgl has 15 seconds left.
|inactive|Boomyy has 10 seconds left.
|inactive|certified urgl has 10 seconds left.
|
|t:|1756638911
|move|p2b: Dragonite|Protect|p2b: Dragonite
|-singleturn|p2b: Dragonite|Protect
|move|p2a: Rillaboom|Grassy Glide|p1b: Exeggutor
|-damage|p1b: Exeggutor|0 fnt
|faint|p1b: Exeggutor
|move|p1a: Torkoal|Weather Ball|p2b: Dragonite
|-activate|p2b: Dragonite|move: Protect
|
|-weather|none
|-heal|p2a: Rillaboom|77/100|[from] Grassy Terrain
|-heal|p1a: Torkoal|63/100|[from] Grassy Terrain
|upkeep
|
|t:|1756638915
|switch|p1b: Ursaluna|Ursaluna, L50, F|100/100
|turn|6
|
|t:|1756638940
|move|p1b: Ursaluna|Protect|p1b: Ursaluna
|-singleturn|p1b: Ursaluna|Protect
|move|p1a: Torkoal|Protect|p1a: Torkoal
|-singleturn|p1a: Torkoal|Protect
|move|p2b: Dragonite|Stomping Tantrum|p1b: Ursaluna
|-activate|p1b: Ursaluna|move: Protect
|move|p2a: Rillaboom|Drum Beating|p1b: Ursaluna
|-activate|p1b: Ursaluna|move: Protect
|
|-heal|p2a: Rillaboom|83/100|[from] Grassy Terrain
|-heal|p1a: Torkoal|69/100|[from] Grassy Terrain
|-status|p1b: Ursaluna|brn|[from] item: Flame Orb
|upkeep
|turn|7
|
|t:|1756638955
|move|p2b: Dragonite|Stomping Tantrum|p1b: Ursaluna
|-damage|p1b: Ursaluna|78/100 brn
|move|p2a: Rillaboom|Drum Beating|p1b: Ursaluna
|-supereffective|p1b: Ursaluna
|-damage|p1b: Ursaluna|8/100 brn
|-unboost|p1b: Ursaluna|spe|1
|move|p1b: Ursaluna|Facade|p2a: Rillaboom
|-damage|p2a: Rillaboom|0 fnt
|faint|p2a: Rillaboom
|move|p1a: Torkoal|Eruption|p2b: Dragonite
|-resisted|p2b: Dragonite
|-damage|p2b: Dragonite|14/100
|
|-heal|p1b: Ursaluna|14/100 brn|[from] Grassy Terrain
|-heal|p1a: Torkoal|76/100|[from] Grassy Terrain
|-damage|p1b: Ursaluna|8/100 brn|[from] brn
|upkeep
|turn|8
|inactive|certified urgl has 30 seconds left.
|-message|certified urgl forfeited.
|raw|Boomyy's rating: 1339 → 1364(+25 for winning)
|raw|certified urgl's rating: 1424 → 1399(-25 for losing)
|
|win|Boomyy
