|j|☆Rexolboy
|j|☆MSAtlos
|html|RexolboyMSAtlos    
|uhtml|bestof|Game 2 of a best-of-3
|t:|1756554000
|gametype|doubles
|player|p1|Rexolboy|266|1075
|player|p2|MSAtlos|cynthia-masters|1065
|gen|9
|tier|[Gen 9] VGC 2025 Reg H (Bo3)
|rated|
|rule|Species Clause: Limit one of each Pokémon
|rule|Item Clause: Limit 1 of each item
|clearpoke
|poke|p1|Archaludon, L50, F|
|poke|p1|Incineroar, L50, M|
|poke|p1|Whimsicott, L50, M|
|poke|p1|Ursaluna, L50, M|
|poke|p1|Indeedee-F, L50, F|
|poke|p1|Armarouge, L50, F|
|poke|p2|Ninetales-Alola, L50, F|
|poke|p2|Baxcalibur, L50, F|
|poke|p2|Electabuzz, L50, F|
|poke|p2|Rillaboom, L50, M|
|poke|p2|Sneasler, L50, M|
|poke|p2|Volcarona, L50, M|
|teampreview|4
|showteam|p1|Archaludon||PowerHerb|Stalwart|ElectroShot,AuraSphere,DragonPulse,Protect|||F|||50|,,,,,Electric]Incineroar||SitrusBerry|Intimidate|FlareBlitz,KnockOff,FakeOut,PartingShot|||M|||50|,,,,,Ghost]Whimsicott||CovertCloak|Prankster|Moonblast,Encore,LightScreen,Tailwind|||M|||50|,,,,,Water]Ursaluna||FlameOrb|Guts|Facade,RainDance,HeadlongRush,Protect|||M|||50|,,,,,Ghost]Indeedee-F||SafetyGoggles|PsychicSurge|DazzlingGleam,HelpingHand,FollowMe,TrickRoom|||F|||50|,,,,,Fairy]Armarouge||LifeOrb|FlashFire|ExpandingForce,ArmorCannon,EnergyBall,Protect|||F|||50|,,,,,Stellar
|showteam|p2|Ninetales-Alola||CovertCloak|SnowWarning|FreezeDry,Encore,AuroraVeil,Protect|||F|||50|,,,,,Water]Baxcalibur||ClearAmulet|IceBody|GlaiveRush,IceShard,SwordsDance,Protect|||F|||50|,,,,,Poison]Electabuzz||Eviolite|VitalSpirit|Electroweb,FollowMe,Taunt,Protect|||F|||50|,,,,,Water]Rillaboom||AssaultVest|GrassySurge|WoodHammer,GrassyGlide,HighHorsepower,FakeOut|||M|||50|,,,,,Fire]Sneasler||GrassySeed|Unburden|CloseCombat,DireClaw,ThroatChop,Protect|||M|||50|,,,,,Dark]Volcarona||Leftovers|FlameBody|HeatWave,TeraBlast,QuiverDance,Protect|||M|||50|,,,,,Fairy
|
|t:|1756554026
|teamsize|p1|4
|teamsize|p2|4
|start
|switch|p1a: Whimsicott|Whimsicott, L50, M|100/100
|switch|p1b: Armarouge|Armarouge, L50, F|100/100
|switch|p2a: Baxcalibur|Baxcalibur, L50, F|100/100
|switch|p2b: Ninetales|Ninetales-Alola, L50, F|100/100
|-weather|Snowscape|[from] ability: Snow Warning|[of] p2b: Ninetales
|turn|1
|
|t:|1756554071
|switch|p2b: Volcarona|Volcarona, L50, M|100/100
|-terastallize|p1b: Armarouge|Stellar
|move|p1a: Whimsicott|Tailwind|p1a: Whimsicott
|-sidestart|p1: Rexolboy|move: Tailwind
|move|p2a: Baxcalibur|Ice Shard|p1a: Whimsicott
|-supereffective|p1a: Whimsicott
|-crit|p1a: Whimsicott
|-damage|p1a: Whimsicott|14/100
|move|p1b: Armarouge|Armor Cannon|p2a: Baxcalibur
|-damage|p2a: Baxcalibur|0 fnt
|-unboost|p1b: Armarouge|def|1
|-unboost|p1b: Armarouge|spd|1
|faint|p2a: Baxcalibur
|-damage|p1b: Armarouge|91/100|[from] item: Life Orb
|
|-weather|Snowscape|[upkeep]
|upkeep
|
|t:|1756554091
|switch|p2a: Ninetales|Ninetales-Alola, L50, F|100/100
|turn|2
|
|t:|1756554129
|switch|p1b: Ursaluna|Ursaluna, L50, M|100/100
|move|p1a: Whimsicott|Light Screen|p1a: Whimsicott
|-sidestart|p1: Rexolboy|move: Light Screen
|move|p2a: Ninetales|Aurora Veil|p2a: Ninetales
|-sidestart|p2: MSAtlos|move: Aurora Veil
|move|p2b: Volcarona|Heat Wave|p1a: Whimsicott|[spread] p1a,p1b
|-supereffective|p1a: Whimsicott
|-damage|p1a: Whimsicott|0 fnt
|-damage|p1b: Ursaluna|77/100
|faint|p1a: Whimsicott
|
|-weather|Snowscape|[upkeep]
|-status|p1b: Ursaluna|brn|[from] item: Flame Orb
|upkeep
|
|t:|1756554136
|switch|p1a: Archaludon|Archaludon, L50, F|100/100
|turn|3
|
|t:|1756554177
|move|p1a: Archaludon|Electro Shot||[still]
|-prepare|p1a: Archaludon|Electro Shot
|-boost|p1a: Archaludon|spa|1
|-enditem|p1a: Archaludon|Power Herb
|-anim|p1a: Archaludon|Electro Shot|p2b: Volcarona
|-damage|p2b: Volcarona|60/100
|move|p1b: Ursaluna|Rain Dance|p1b: Ursaluna
|-weather|RainDance
|move|p2a: Ninetales|Freeze-Dry|p1a: Archaludon
|-damage|p1a: Archaludon|78/100
|move|p2b: Volcarona|Quiver Dance|p2b: Volcarona
|-boost|p2b: Volcarona|spa|1
|-boost|p2b: Volcarona|spd|1
|-boost|p2b: Volcarona|spe|1
|
|-weather|RainDance|[upkeep]
|-heal|p2b: Volcarona|66/100|[from] item: Leftovers
|-damage|p1b: Ursaluna|71/100 brn|[from] brn
|upkeep
|turn|4
|
|t:|1756554207
|-terastallize|p2b: Volcarona|Fairy
|move|p1a: Archaludon|Electro Shot||[still]
|-prepare|p1a: Archaludon|Electro Shot
|-boost|p1a: Archaludon|spa|1
|-anim|p1a: Archaludon|Electro Shot|p2a: Ninetales
|-damage|p2a: Ninetales|38/100
|move|p2b: Volcarona|Tera Blast|p1a: Archaludon|[anim] Tera Blast Fairy
|-damage|p1a: Archaludon|13/100
|move|p1b: Ursaluna|Headlong Rush|p2b: Volcarona
|-damage|p2b: Volcarona|0 fnt
|-unboost|p1b: Ursaluna|def|1
|-unboost|p1b: Ursaluna|spd|1
|faint|p2b: Volcarona
|move|p2a: Ninetales|Encore|p1b: Ursaluna
|-start|p1b: Ursaluna|Encore
|
|-weather|RainDance|[upkeep]
|-damage|p1b: Ursaluna|65/100 brn|[from] brn
|-sideend|p1: Rexolboy|move: Tailwind
|upkeep
|
|t:|1756554228
|switch|p2b: Rillaboom|Rillaboom, L50, M|100/100
|-fieldstart|move: Grassy Terrain|[from] ability: Grassy Surge|[of] p2b: Rillaboom
|turn|5
|
|t:|1756554276
|switch|p1b: Armarouge|Armarouge, L50, F, tera:Stellar|91/100
|move|p1a: Archaludon|Protect|p1a: Archaludon
|-singleturn|p1a: Archaludon|Protect
|move|p2a: Ninetales|Freeze-Dry|p1a: Archaludon
|-activate|p1a: Archaludon|move: Protect
|move|p2b: Rillaboom|Wood Hammer|p1b: Armarouge
|-resisted|p1b: Armarouge
|-damage|p1b: Armarouge|53/100
|-damage|p2b: Rillaboom|89/100|[from] Recoil
|
|-weather|RainDance|[upkeep]
|-heal|p2a: Ninetales|44/100|[from] Grassy Terrain
|-heal|p2b: Rillaboom|95/100|[from] Grassy Terrain
|-heal|p1a: Archaludon|19/100|[from] Grassy Terrain
|-heal|p1b: Armarouge|59/100|[from] Grassy Terrain
|upkeep
|turn|6
|
|t:|1756554321
|move|p2a: Ninetales|Freeze-Dry|p1a: Archaludon
|-damage|p1a: Archaludon|0 fnt
|faint|p1a: Archaludon
|move|p2b: Rillaboom|High Horsepower|p1b: Armarouge
|-supereffective|p1b: Armarouge
|-damage|p1b: Armarouge|3/100
|move|p1b: Armarouge|Armor Cannon|p2b: Rillaboom
|-supereffective|p2b: Rillaboom
|-damage|p2b: Rillaboom|48/100
|-unboost|p1b: Armarouge|def|1
|-unboost|p1b: Armarouge|spd|1
|-damage|p1b: Armarouge|0 fnt|[from] item: Life Orb
|faint|p1b: Armarouge
|
|-weather|RainDance|[upkeep]
|-heal|p2a: Ninetales|50/100|[from] Grassy Terrain
|-heal|p2b: Rillaboom|54/100|[from] Grassy Terrain
|-sideend|p1: Rexolboy|move: Light Screen
|-sideend|p2: MSAtlos|move: Aurora Veil
|upkeep
|
|t:|1756554325
|switch|p1b: Ursaluna|Ursaluna, L50, M|65/100 brn
|turn|7
|
|t:|1756554347
|move|p2a: Ninetales|Freeze-Dry|p1b: Ursaluna
|-supereffective|p1b: Ursaluna
|-damage|p1b: Ursaluna|24/100 brn
|move|p2b: Rillaboom|Wood Hammer|p1b: Ursaluna
|-supereffective|p1b: Ursaluna
|-damage|p1b: Ursaluna|0 fnt
|faint|p1b: Ursaluna
|-damage|p2b: Rillaboom|45/100|[from] Recoil
|
|win|MSAtlos
|raw|Rexolboy's rating: 1075 → 1053(-22 for losing)
|raw|MSAtlos's rating: 1065 → 1096(+31 for winning)
