|j|☆Kellogsohne
|j|☆Keith Jones
|html|KellogsohneKeith Jones    
|uhtml|bestof|Game 1 of a best-of-3
|t:|1783854665
|gametype|doubles
|player|p1|Kellogsohne|ethan|1146
|player|p2|Keith Jones|169|1352
|gen|9
|tier|[Gen 9 Champions] VGC 2026 Reg M-B (Bo3)
|rated|
|rule|Species Clause: Limit one of each Pokémon
|rule|Item Clause: Limit 1 of each item
|clearpoke
|poke|p1|Primarina, L50, M|
|poke|p1|Sinistcha, L50|
|poke|p1|Pelipper, L50, F|
|poke|p1|Swampert, L50, M|
|poke|p1|Archaludon, L50, M|
|poke|p1|Sableye, L50, M|
|poke|p2|Kleavor, L50, M|
|poke|p2|Metagross, L50|
|poke|p2|Whimsicott, L50, F|
|poke|p2|Basculegion, L50, M|
|poke|p2|Kingambit, L50, F|
|poke|p2|Floette-Eternal, L50, F|
|teampreview|4
|showteam|p1|Primarina||LifeOrb|LiquidVoice|Moonblast,CalmMind,HyperVoice,Protect|Modest||M|||50|]Sinistcha||SitrusBerry|Hospitality|TrickRoom,RagePowder,MatchaGotcha,Protect|Bold|||||50|]Pelipper||FocusSash|Drizzle|Tailwind,Protect,WeatherBall,Hurricane|Modest||F|||50|]Swampert||Swampertite|Damp|Earthquake,WaveCrash,IcePunch,Protect|Adamant||M|||50|]Archaludon||Leftovers|Stamina|FlashCannon,DragonPulse,ElectroShot,Protect|Calm||M|||50|]Sableye||LightClay|Prankster|RainDance,FakeOut,LightScreen,Reflect|Sassy||M|||50|
|showteam|p2|Kleavor||FocusSash|Sharpness|StoneAxe,XScissor,CloseCombat,Protect|Jolly||M|||50|]Metagross||Metagrossite|ClearBody|IronHead,ThunderPunch,IcePunch,Protect|Jolly|||||50|]Whimsicott||FairyFeather|Prankster|Moonblast,Tailwind,Encore,Protect|Timid||F|||50|]Basculegion||ChoiceScarf|Adaptability|WaveCrash,FlipTurn,AquaJet,LastRespects|Jolly||M|||50|]Kingambit||BlackGlasses|Defiant|KowtowCleave,SuckerPunch,LowKick,Protect|Adamant||F|||50|]Floette-Eternal||Floettite|FlowerVeil|Moonblast,DazzlingGleam,Psychic,Protect|Timid||F|||50|
|
|t:|1783854695
|teamsize|p1|4
|teamsize|p2|4
|start
|switch|p1a: Sableye|Sableye, L50, M|100/100
|switch|p1b: Primarina|Primarina, L50, M|100/100
|switch|p2a: Kleavor|Kleavor, L50, M|100/100
|switch|p2b: Whimsicott|Whimsicott, L50, F|100/100
|turn|1
|
|t:|1783854707
|move|p2b: Whimsicott|Protect|p2b: Whimsicott
|-singleturn|p2b: Whimsicott|Protect
|move|p2a: Kleavor|Protect|p2a: Kleavor
|-singleturn|p2a: Kleavor|Protect
|move|p1a: Sableye|Fake Out|p2a: Kleavor
|-activate|p2a: Kleavor|move: Protect
|move|p1b: Primarina|Hyper Voice|p2b: Whimsicott|[spread] 
|-activate|p2a: Kleavor|move: Protect
|-activate|p2b: Whimsicott|move: Protect
|
|upkeep
|turn|2
|
|t:|1783854739
|move|p1b: Primarina|Protect|p1b: Primarina
|-singleturn|p1b: Primarina|Protect
|move|p1a: Sableye|Light Screen|p1a: Sableye
|-sidestart|p1: Kellogsohne|move: Light Screen
|move|p2b: Whimsicott|Moonblast|p1b: Primarina
|-activate|p1b: Primarina|move: Protect
|move|p2a: Kleavor|Stone Axe|p1b: Primarina
|-activate|p1b: Primarina|move: Protect
|
|upkeep
|turn|3
|
|t:|1783854752
|switch|p1b: Swampert|Swampert, L50, M|100/100
|move|p2b: Whimsicott|Encore||[still]
|-fail|p2b: Whimsicott
|move|p1a: Sableye|Reflect|p1a: Sableye
|-sidestart|p1: Kellogsohne|Reflect
|move|p2a: Kleavor|Stone Axe|p1b: Swampert
|-resisted|p1b: Swampert|1
|-damage|p1b: Swampert|81/100
|-sidestart|p1: Kellogsohne|move: Stealth Rock
|
|upkeep
|turn|4
|
|t:|1783854774
|detailschange|p1b: Swampert|Swampert-Mega, L50, M
|-mega|p1b: Swampert|Swampert|Swampertite
|move|p2b: Whimsicott|Tailwind|p2b: Whimsicott
|-sidestart|p2: Keith Jones|move: Tailwind
|move|p1a: Sableye|Rain Dance|p1a: Sableye
|-weather|RainDance
|move|p2a: Kleavor|X-Scissor|p1b: Swampert
|-damage|p1b: Swampert|44/100
|move|p1b: Swampert|Ice Punch|p2b: Whimsicott
|-supereffective|p2b: Whimsicott|1
|-damage|p2b: Whimsicott|8/100
|
|-weather|RainDance|[upkeep]
|upkeep
|turn|5
|
|t:|1783854794
|switch|p1a: Sinistcha|Sinistcha, L50|100/100
|-damage|p1a: Sinistcha|87/100|[from] Stealth Rock
|-heal|p1b: Swampert|68/100|[from] ability: Hospitality|[of] p1a: Sinistcha
|move|p1b: Swampert|Protect|p1b: Swampert
|-singleturn|p1b: Swampert|Protect
|move|p2b: Whimsicott|Moonblast|p1b: Swampert
|-activate|p1b: Swampert|move: Protect
|move|p2a: Kleavor|X-Scissor|p1b: Swampert
|-activate|p1b: Swampert|move: Protect
|
|-weather|RainDance|[upkeep]
|upkeep
|turn|6
|
|t:|1783854810
|move|p1a: Sinistcha|Rage Powder|p1a: Sinistcha
|-singleturn|p1a: Sinistcha|move: Rage Powder
|move|p2b: Whimsicott|Encore|p1b: Swampert
|-start|p1b: Swampert|Encore
|move|p1b: Swampert|Protect||[still]
|-fail|p1b: Swampert
|move|p2a: Kleavor|X-Scissor|p1a: Sinistcha
|-damage|p1a: Sinistcha|52/100
|
|-weather|RainDance|[upkeep]
|upkeep
|turn|7
|
|t:|1783854832
|switch|p1b: Primarina|Primarina, L50, M|100/100
|-damage|p1b: Primarina|87/100|[from] Stealth Rock
|move|p1a: Sinistcha|Protect|p1a: Sinistcha
|-singleturn|p1a: Sinistcha|Protect
|move|p2b: Whimsicott|Encore|p1a: Sinistcha
|-activate|p1a: Sinistcha|move: Protect
|move|p2a: Kleavor|X-Scissor|p1a: Sinistcha
|-activate|p1a: Sinistcha|move: Protect
|
|-weather|RainDance|[upkeep]
|-sideend|p2: Keith Jones|move: Tailwind
|upkeep
|turn|8
|
|t:|1783854845
|move|p2b: Whimsicott|Protect|p2b: Whimsicott
|-singleturn|p2b: Whimsicott|Protect
|move|p1a: Sinistcha|Rage Powder|p1a: Sinistcha
|-singleturn|p1a: Sinistcha|move: Rage Powder
|move|p2a: Kleavor|X-Scissor|p1a: Sinistcha
|-damage|p1a: Sinistcha|16/100
|-enditem|p1a: Sinistcha|Sitrus Berry|[eat]
|-heal|p1a: Sinistcha|41/100|[from] item: Sitrus Berry
|move|p1b: Primarina|Hyper Voice|p2b: Whimsicott|[spread] p2a
|-activate|p2b: Whimsicott|move: Protect
|-supereffective|p2a: Kleavor|1
|-enditem|p2a: Kleavor|Focus Sash
|-damage|p2a: Kleavor|1/100
|-damage|p1b: Primarina|77/100|[from] item: Life Orb
|
|-weather|none
|upkeep
|turn|9
|
|t:|1783854882
|move|p2a: Kleavor|Protect|p2a: Kleavor
|-singleturn|p2a: Kleavor|Protect
|move|p2b: Whimsicott|Tailwind|p2b: Whimsicott
|-sidestart|p2: Keith Jones|move: Tailwind
|move|p1b: Primarina|Hyper Voice|p2b: Whimsicott|[spread] p2b
|-activate|p2a: Kleavor|move: Protect
|-resisted|p2b: Whimsicott|1
|-damage|p2b: Whimsicott|0 fnt
|faint|p2b: Whimsicott
|-damage|p1b: Primarina|68/100|[from] item: Life Orb
|move|p1a: Sinistcha|Trick Room|p1a: Sinistcha
|-fieldstart|move: Trick Room|[of] p1a: Sinistcha
|
|-sideend|p1: Kellogsohne|move: Light Screen
|upkeep
|
|t:|1783854891
|switch|p2b: Floette|Floette-Eternal, L50, F|100/100
|turn|10
|
|t:|1783854903
|detailschange|p2b: Floette|Floette-Mega, L50, F
|-mega|p2b: Floette|Floette|Floettite
|-ability|p2b: Floette|Fairy Aura
|move|p2a: Kleavor|Protect||[still]
|-fail|p2a: Kleavor
|move|p1b: Primarina|Calm Mind|p1b: Primarina
|-boost|p1b: Primarina|spa|1
|-boost|p1b: Primarina|spd|1
|move|p1a: Sinistcha|Matcha Gotcha|p2a: Kleavor|[spread] p2a,p2b
|-damage|p2a: Kleavor|0 fnt
|-heal|p1a: Sinistcha|42/100|[from] drain|[of] p2a: Kleavor
|-damage|p2b: Floette|78/100
|-heal|p1a: Sinistcha|51/100|[from] drain|[of] p2b: Floette
|faint|p2a: Kleavor
|move|p2b: Floette|Dazzling Gleam|p1b: Primarina|[spread] p1a,p1b
|-damage|p1a: Sinistcha|8/100
|-damage|p1b: Primarina|43/100
|
|-sideend|p1: Kellogsohne|Reflect
|upkeep
|
|t:|1783854906
|switch|p2a: Basculegion|Basculegion, L50, M|100/100
|turn|11
|inactive|Battle timer is ON: inactive players will automatically lose when time's up. (requested by Keith Jones)
|
|t:|1783854953
|move|p1b: Primarina|Protect|p1b: Primarina
|-singleturn|p1b: Primarina|Protect
|move|p1a: Sinistcha|Rage Powder|p1a: Sinistcha
|-singleturn|p1a: Sinistcha|move: Rage Powder
|move|p2b: Floette|Dazzling Gleam|p1b: Primarina|[spread] p1a
|-activate|p1b: Primarina|move: Protect
|-damage|p1a: Sinistcha|0 fnt
|faint|p1a: Sinistcha
|move|p2a: Basculegion|Last Respects|p1b: Primarina
|-activate|p1b: Primarina|move: Protect
|
|upkeep
|
|t:|1783854954
|switch|p1a: Sableye|Sableye, L50, M|100/100
|-damage|p1a: Sableye|87/100|[from] Stealth Rock
|turn|12
|
|t:|1783854969
|move|p1a: Sableye|Light Screen|p1a: Sableye
|-sidestart|p1: Kellogsohne|move: Light Screen
|move|p1b: Primarina|Moonblast|p2a: Basculegion
|-damage|p2a: Basculegion|0 fnt
|faint|p2a: Basculegion
|-damage|p1b: Primarina|33/100|[from] item: Life Orb
|move|p2b: Floette|Dazzling Gleam|p1a: Sableye|[spread] p1a,p1b
|-supereffective|p1a: Sableye|1
|-damage|p1a: Sableye|16/100
|-damage|p1b: Primarina|16/100
|
|-sideend|p2: Keith Jones|move: Tailwind
|upkeep
|turn|13
|
|t:|1783854977
|move|p2b: Floette|Protect|p2b: Floette
|-singleturn|p2b: Floette|Protect
|move|p1a: Sableye|Rain Dance|p1a: Sableye
|-weather|RainDance
|move|p1b: Primarina|Hyper Voice|p2b: Floette
|-activate|p2b: Floette|move: Protect
|
|-weather|RainDance|[upkeep]
|-fieldend|move: Trick Room
|upkeep
|turn|14
|
|t:|1783854999
|move|p2b: Floette|Protect||[still]
|-fail|p2b: Floette
|move|p1b: Primarina|Protect|p1b: Primarina
|-singleturn|p1b: Primarina|Protect
|move|p1a: Sableye|Reflect|p1a: Sableye
|-sidestart|p1: Kellogsohne|Reflect
|
|-weather|RainDance|[upkeep]
|upkeep
|turn|15
|
|t:|1783855013
|move|p2b: Floette|Protect|p2b: Floette
|-singleturn|p2b: Floette|Protect
|move|p1a: Sableye|Rain Dance||[still]
|-fail|p1a: Sableye
|move|p1b: Primarina|Hyper Voice|p2b: Floette
|-activate|p2b: Floette|move: Protect
|
|-weather|RainDance|[upkeep]
|upkeep
|turn|16
|
|t:|1783855021
|move|p1a: Sableye|Rain Dance||[still]
|-fail|p1a: Sableye
|move|p2b: Floette|Dazzling Gleam|p1a: Sableye|[spread] p1a,p1b
|-supereffective|p1a: Sableye|1
|-damage|p1a: Sableye|0 fnt
|-damage|p1b: Primarina|1/100
|faint|p1a: Sableye
|move|p1b: Primarina|Hyper Voice|p2b: Floette
|-damage|p2b: Floette|0 fnt
|faint|p2b: Floette
|-damage|p1b: Primarina|0 fnt|[from] item: Life Orb
|faint|p1b: Primarina
|
|win|Kellogsohne
||Keith Jones is ready for game 2.
|inactive|Kellogsohne has 30 seconds to confirm battle start!
||Kellogsohne is ready for game 2.
|uhtml|next|Next: Game 2 of 3
|l|☆Kellogsohne
|player|p1|
