|j|☆Ja-Orange
|j|☆snowz00
|html|Ja-Orangesnowz00    
|uhtml|bestof|Game 1 of a best-of-3
|t:|1783277944
|gametype|doubles
|player|p1|Ja-Orange|guzma|1040
|player|p2|snowz00|lucas-gen4pt|1097
|gen|9
|tier|[Gen 9 Champions] VGC 2026 Reg M-B (Bo3)
|rated|
|rule|Species Clause: Limit one of each Pokémon
|rule|Item Clause: Limit 1 of each item
|clearpoke
|poke|p1|Gengar, L50, M, shiny|
|poke|p1|Maushold-Four, L50|
|poke|p1|Annihilape, L50, M, shiny|
|poke|p1|Incineroar, L50, F, shiny|
|poke|p1|Hydreigon, L50, F|
|poke|p1|Ninetales-Alola, L50, F|
|poke|p2|Blaziken, L50, F|
|poke|p2|Aerodactyl, L50, F|
|poke|p2|Basculegion-F, L50, F|
|poke|p2|Sinistcha, L50|
|poke|p2|Kingambit, L50, M|
|poke|p2|Torkoal, L50, F|
|teampreview|4
|showteam|p1|Gengar||Gengarite|CursedBody|Protect,ShadowBall,PerishSong,Disable|Modest||M|||50|]Maushold-Four||FocusSash|FriendGuard|Protect,FollowMe,BeatUp,Encore|Jolly|||||50|]Annihilape||Leftovers|Defiant|Protect,BulkUp,DrainPunch,RageFist|Jolly||M|||50|]Incineroar||SitrusBerry|Intimidate|FakeOut,FlareBlitz,PartingShot,Protect|Careful||F|||50|]Hydreigon||ChoiceScarf|Levitate|DracoMeteor,DarkPulse,EarthPower,Snarl|Modest||F|||50|]Ninetales-Alola||NeverMeltIce|SnowWarning|Protect,Encore,Blizzard,FreezeDry|Timid||F|||50|
|showteam|p2|Blaziken||Blazikenite|SpeedBoost|FlareBlitz,CloseCombat,Protect,RockSlide|Adamant||F|||50|]Aerodactyl||Leftovers|Unnerve|Tailwind,DualWingbeat,IceFang,Protect|Jolly||F|||50|]Basculegion-F||MysticWater|Adaptability|IceBeam,Surf,ShadowBall,Protect|Modest||F|||50|]Sinistcha||SitrusBerry|Hospitality|MatchaGotcha,TrickRoom,RagePowder,LifeDew|Calm|||||50|]Kingambit||LifeOrb|Defiant|SuckerPunch,KowtowCleave,IronHead,Protect|Adamant||M|||50|]Torkoal||Charcoal|Drought|HeatWave,Eruption,Protect,WeatherBall|Quiet||F|||50|
|inactive|Battle timer is ON: inactive players will automatically lose when time's up. (requested by Ja-Orange)
|inactive|Ja-Orange has 60 seconds left.
|inactive|snowz00 has 60 seconds left.
|inactive|snowz00 has 30 seconds left.
|inactive|snowz00 has 20 seconds left.
|inactive|snowz00 has 15 seconds left.
|
|t:|1783278023
|teamsize|p1|4
|teamsize|p2|4
|start
|switch|p1a: Maushold|Maushold-Four, L50|100/100
|switch|p1b: Annihilape|Annihilape, L50, M, shiny|100/100
|switch|p2a: Aerodactyl|Aerodactyl, L50, F|100/100
|switch|p2b: Blaziken|Blaziken, L50, F|100/100
|-ability|p2a: Aerodactyl|Unnerve
|turn|1
|
|t:|1783278042
|switch|p1a: Incineroar|Incineroar, L50, F, shiny|100/100
|-ability|p1a: Incineroar|Intimidate|boost
|-unboost|p2a: Aerodactyl|atk|1
|-unboost|p2b: Blaziken|atk|1
|move|p2b: Blaziken|Protect|p2b: Blaziken
|-singleturn|p2b: Blaziken|Protect
|move|p2a: Aerodactyl|Tailwind|p2a: Aerodactyl
|-sidestart|p2: snowz00|move: Tailwind
|move|p1b: Annihilape|Bulk Up|p1b: Annihilape
|-boost|p1b: Annihilape|atk|1
|-boost|p1b: Annihilape|def|1
|
|-ability|p2b: Blaziken|Speed Boost|boost
|-boost|p2b: Blaziken|spe|1
|upkeep
|turn|2
|inactive|snowz00 has 30 seconds left.
|inactive|snowz00 has 20 seconds left.
|
|t:|1783278080
|switch|p2b: Basculegion|Basculegion-F, L50, F|100/100
|move|p2a: Aerodactyl|Protect|p2a: Aerodactyl
|-singleturn|p2a: Aerodactyl|Protect
|move|p1a: Incineroar|Fake Out|p2b: Basculegion
|-immune|p2b: Basculegion
|move|p1b: Annihilape|Bulk Up|p1b: Annihilape
|-boost|p1b: Annihilape|atk|1
|-boost|p1b: Annihilape|def|1
|
|upkeep
|turn|3
|inactive|snowz00 has 30 seconds left.
|
|t:|1783278108
|move|p1b: Annihilape|Protect|p1b: Annihilape
|-singleturn|p1b: Annihilape|Protect
|move|p2a: Aerodactyl|Dual Wingbeat|p1b: Annihilape
|-activate|p1b: Annihilape|move: Protect
|move|p2b: Basculegion|Shadow Ball|p1b: Annihilape
|-activate|p1b: Annihilape|move: Protect
|move|p1a: Incineroar|Parting Shot|p2b: Basculegion
|-unboost|p2b: Basculegion|atk|1
|-unboost|p2b: Basculegion|spa|1
|
|t:|1783278120
|switch|p1a: Maushold|Maushold-Four, L50|100/100|[from] Parting Shot
|
|upkeep
|turn|4
|
|t:|1783278138
|move|p1a: Maushold|Protect|p1a: Maushold
|-singleturn|p1a: Maushold|Protect
|move|p2a: Aerodactyl|Dual Wingbeat|p1b: Annihilape
|-supereffective|p1b: Annihilape|1
|-damage|p1b: Annihilape|90/100
|-supereffective|p1b: Annihilape|1
|-damage|p1b: Annihilape|80/100
|-hitcount|p1b: Annihilape|2
|move|p2b: Basculegion|Surf|p1b: Annihilape|[spread] p2a,p1b
|-activate|p1a: Maushold|move: Protect
|-supereffective|p2a: Aerodactyl|1
|-damage|p2a: Aerodactyl|8/100
|-damage|p1b: Annihilape|57/100
|move|p1b: Annihilape|Rage Fist|p2b: Basculegion
|-supereffective|p2b: Basculegion|1
|-damage|p2b: Basculegion|0 fnt
|faint|p2b: Basculegion
|
|-heal|p2a: Aerodactyl|14/100|[from] item: Leftovers
|-heal|p1b: Annihilape|63/100|[from] item: Leftovers
|-sideend|p2: snowz00|move: Tailwind
|upkeep
|
|t:|1783278161
|switch|p2b: Blaziken|Blaziken, L50, F|100/100
|turn|5
|
|t:|1783278179
|switch|p1a: Incineroar|Incineroar, L50, F, shiny|100/100
|-ability|p1a: Incineroar|Intimidate|boost
|-unboost|p2a: Aerodactyl|atk|1
|-unboost|p2b: Blaziken|atk|1
|detailschange|p2b: Blaziken|Blaziken-Mega, L50, F
|-mega|p2b: Blaziken|Blaziken|Blazikenite
|move|p2a: Aerodactyl|Protect|p2a: Aerodactyl
|-singleturn|p2a: Aerodactyl|Protect
|move|p1b: Annihilape|Rage Fist|p2b: Blaziken
|-damage|p2b: Blaziken|0 fnt
|faint|p2b: Blaziken
|
|-heal|p2a: Aerodactyl|19/100|[from] item: Leftovers
|-heal|p1b: Annihilape|69/100|[from] item: Leftovers
|upkeep
|
|t:|1783278196
|switch|p2b: Torkoal|Torkoal, L50, F|100/100
|-weather|SunnyDay|[from] ability: Drought|[of] p2b: Torkoal
|turn|6
|
|t:|1783278220
|move|p1a: Incineroar|Fake Out|p2b: Torkoal
|-damage|p2b: Torkoal|91/100
|move|p2a: Aerodactyl|Dual Wingbeat|p1b: Annihilape
|-supereffective|p1b: Annihilape|1
|-damage|p1b: Annihilape|60/100
|-supereffective|p1b: Annihilape|1
|-damage|p1b: Annihilape|50/100g
|-hitcount|p1b: Annihilape|2
|move|p1b: Annihilape|Drain Punch|p2a: Aerodactyl
|-damage|p2a: Aerodactyl|0 fnt
|-heal|p1b: Annihilape|58/100|[from] drain|[of] p2a: Aerodactyl
|faint|p2a: Aerodactyl
|cant|p2b: Torkoal|flinch
|
|-weather|SunnyDay|[upkeep]
|-heal|p1b: Annihilape|64/100|[from] item: Leftovers
|upkeep
|turn|7
|
|t:|1783278238
|move|p1b: Annihilape|Rage Fist|p2b: Torkoal
|-damage|p2b: Torkoal|0 fnt
|faint|p2b: Torkoal
|
|win|Ja-Orange
