|j|☆naacchhooo
|j|☆agreed1
|html|naacchhoooagreed1    
|uhtml|bestof|Game 2 of a best-of-3
|t:|1757681457
|gametype|doubles
|player|p1|naacchhooo|n|1096
|player|p2|agreed1|youngster-gen4dp|1117
|gen|9
|tier|[Gen 9] VGC 2025 Reg H (Bo3)
|rated|
|rule|Species Clause: Limit one of each Pokémon
|rule|Item Clause: Limit 1 of each item
|clearpoke
|poke|p1|Incineroar, L50, F|
|poke|p1|Rillaboom, L50, F|
|poke|p1|Sneasler, L50, F|
|poke|p1|Gholdengo, L50|
|poke|p1|Ceruledge, L50, F|
|poke|p1|Whimsicott, L50, F|
|poke|p2|Incineroar, L50, F|
|poke|p2|Serperior, L50, F|
|poke|p2|Rillaboom, L50, F|
|poke|p2|Primarina, L50, M|
|poke|p2|Greninja-*, L50, F|
|poke|p2|Blaziken, L50, M|
|teampreview|4
|showteam|p1|Incineroar||SafetyGoggles|Intimidate|FakeOut,KnockOff,PartingShot,WillOWisp|||F|||50|,,,,,Ghost]Rillaboom||AssaultVest|GrassySurge|FakeOut,GrassyGlide,WoodHammer,Uturn|||F|||50|,,,,,Water]Sneasler||FocusSash|Unburden|DireClaw,CloseCombat,Protect,FakeOut|||F|||50|,,,,,Dark]Gholdengo||MetalCoat|GoodasGold|MakeItRain,ShadowBall,NastyPlot,Protect||||||50|,,,,,Steel]Ceruledge||ClearAmulet|FlashFire|BitterBlade,Protect,ShadowSneak,SwordsDance|||F|||50|,,,,,Dark]Whimsicott||CovertCloak|Prankster|Encore,Protect,Moonblast,Tailwind|||F|||50|,,,,,Water
|showteam|p2|Incineroar||RockyHelmet|Intimidate|FakeOut,PartingShot,KnockOff,FlareBlitz|||F|||50|,,,,,Ghost]Serperior||LifeOrb|Contrary|GigaDrain,LeafStorm,GrassPledge,TeraBlast|||F|||50|,,,,,Stellar]Rillaboom||AssaultVest|GrassySurge|FakeOut,Uturn,WoodHammer,GrassPledge|||F|||50|,,,,,Poison]Primarina||ThroatSpray|LiquidVoice|WaterPledge,HyperVoice,DazzlingGleam,Protect|||M|||50|,,,,,Water]Greninja||FocusSash|Protean|WaterPledge,IcyWind,Protect,DarkPulse|||F|||50|,,,,,Ghost]Blaziken||SafetyGoggles|SpeedBoost|Detect,BraveBird,FirePledge,FlareBlitz|||M|||50|,,,,,Fire
|inactive|Battle timer is ON: inactive players will automatically lose when time's up. (requested by agreed1)
|inactive|agreed1 has 60 seconds left.
|
|t:|1757681495
|teamsize|p1|4
|teamsize|p2|4
|start
|switch|p1a: Sneasler|Sneasler, L50, F|100/100
|switch|p1b: Ceruledge|Ceruledge, L50, F|100/100
|switch|p2a: Blaziken|Blaziken, L50, M|100/100
|switch|p2b: Rillaboom|Rillaboom, L50, F|100/100
|-fieldstart|move: Grassy Terrain|[from] ability: Grassy Surge|[of] p2b: Rillaboom
|turn|1
|inactive|naacchhooo has 30 seconds left.
|
|t:|1757681520
|move|p2a: Blaziken|Detect|p2a: Blaziken
|-singleturn|p2a: Blaziken|Protect
|move|p1a: Sneasler|Fake Out|p2b: Rillaboom
|-damage|p2b: Rillaboom|89/100
|cant|p2b: Rillaboom|flinch
|move|p1b: Ceruledge|Bitter Blade|p2b: Rillaboom
|-supereffective|p2b: Rillaboom
|-damage|p2b: Rillaboom|16/100
|
|-heal|p2b: Rillaboom|22/100|[from] Grassy Terrain
|-ability|p2a: Blaziken|Speed Boost|boost
|-boost|p2a: Blaziken|spe|1
|upkeep
|turn|2
|inactive|naacchhooo has 30 seconds left.
|inactive|agreed1 has 30 seconds left.
|inactive|agreed1 has 20 seconds left.
|inactive|agreed1 has 15 seconds left.
|
|t:|1757681568
|move|p1b: Ceruledge|Shadow Sneak|p2b: Rillaboom
|-damage|p2b: Rillaboom|6/100
|move|p1a: Sneasler|Dire Claw|p2a: Blaziken
|-damage|p2a: Blaziken|52/100
|move|p2a: Blaziken|Brave Bird|p1b: Ceruledge
|-damage|p1b: Ceruledge|41/100
|-damage|p2a: Blaziken|36/100|[from] Recoil
|move|p2b: Rillaboom|U-turn|p1a: Sneasler
|-resisted|p1a: Sneasler
|-damage|p1a: Sneasler|91/100
|
|t:|1757681582
|switch|p2b: Serperior|Serperior, L50, F, shiny|100/100|[from] U-turn
|
|-heal|p1a: Sneasler|97/100|[from] Grassy Terrain
|-heal|p2a: Blaziken|42/100|[from] Grassy Terrain
|-heal|p1b: Ceruledge|47/100|[from] Grassy Terrain
|-ability|p2a: Blaziken|Speed Boost|boost
|-boost|p2a: Blaziken|spe|1
|upkeep
|turn|3
|
|t:|1757681597
|move|p1b: Ceruledge|Shadow Sneak|p2a: Blaziken
|-damage|p2a: Blaziken|18/100
|move|p2a: Blaziken|Fire Pledge|p1a: Sneasler
|-waiting|p2a: Blaziken|p2b: Serperior
|move|p2b: Serperior|Grass Pledge|p1a: Sneasler|[from] move: Fire Pledge
|-combine
|-damage|p1a: Sneasler|0 fnt
|-sidestart|p1: naacchhooo|Fire Pledge
|faint|p1a: Sneasler
|-damage|p2b: Serperior|91/100|[from] item: Life Orb
|
|-heal|p2a: Blaziken|23/100|[from] Grassy Terrain
|-heal|p1b: Ceruledge|53/100|[from] Grassy Terrain
|-heal|p2b: Serperior|97/100|[from] Grassy Terrain
|-ability|p2a: Blaziken|Speed Boost|boost
|-boost|p2a: Blaziken|spe|1
|upkeep
|
|t:|1757681601
|switch|p1a: Incineroar|Incineroar, L50, F|100/100
|-ability|p1a: Incineroar|Intimidate|boost
|-unboost|p2a: Blaziken|atk|1
|-boost|p2b: Serperior|atk|1
|turn|4
|inactive|agreed1 has 30 seconds left.
|inactive|agreed1 has 20 seconds left.
|inactive|agreed1 has 15 seconds left.
|inactive|agreed1 has 10 seconds left.
|inactive|agreed1 has 5 seconds left.
|
|t:|1757681654
|switch|p2b: Rillaboom|Rillaboom, L50, F|6/100
|move|p2a: Blaziken|Detect|p2a: Blaziken
|-singleturn|p2a: Blaziken|Protect
|move|p1a: Incineroar|Fake Out|p2b: Rillaboom
|-damage|p2b: Rillaboom|0 fnt
|faint|p2b: Rillaboom
|move|p1b: Ceruledge|Shadow Sneak|p2a: Blaziken
|-activate|p2a: Blaziken|move: Protect
|
|-heal|p2a: Blaziken|29/100|[from] Grassy Terrain
|-heal|p1b: Ceruledge|59/100|[from] Grassy Terrain
|-ability|p2a: Blaziken|Speed Boost|boost
|-boost|p2a: Blaziken|spe|1
|upkeep
|
|t:|1757681672
|switch|p2b: Greninja|Greninja, L50, F, shiny|100/100
|turn|5
|
|t:|1757681696
|move|p1b: Ceruledge|Shadow Sneak|p2a: Blaziken
|-damage|p2a: Blaziken|2/100
|move|p2a: Blaziken|Fire Pledge|p1b: Ceruledge
|-waiting|p2a: Blaziken|p2b: Greninja
|move|p2b: Greninja|Water Pledge|p1b: Ceruledge|[from] move: Fire Pledge
|-start|p2b: Greninja|typechange|Water|[from] ability: Protean
|-combine
|-supereffective|p1b: Ceruledge
|-damage|p1b: Ceruledge|0 fnt
|-sidestart|p2: agreed1|Water Pledge
|faint|p1b: Ceruledge
|move|p1a: Incineroar|Knock Off|p2a: Blaziken
|-resisted|p2a: Blaziken
|-damage|p2a: Blaziken|0 fnt
|-enditem|p2a: Blaziken|Safety Goggles|[from] move: Knock Off|[of] p1a: Incineroar
|faint|p2a: Blaziken
|
|-fieldend|move: Grassy Terrain
|upkeep
|
|t:|1757681708
|switch|p1b: Rillaboom|Rillaboom, L50, F|100/100
|switch|p2a: Serperior|Serperior, L50, F, shiny|97/100
|-fieldstart|move: Grassy Terrain|[from] ability: Grassy Surge|[of] p1b: Rillaboom
|turn|6
|
|t:|1757681720
|-terastallize|p2b: Greninja|Ghost
|move|p1b: Rillaboom|Grassy Glide|p2b: Greninja
|-damage|p2b: Greninja|39/100
|move|p2b: Greninja|Water Pledge|p1b: Rillaboom
|-waiting|p2b: Greninja|p2a: Serperior
|move|p2a: Serperior|Grass Pledge|p1b: Rillaboom|[from] move: Water Pledge
|-combine
|-resisted|p1b: Rillaboom
|-damage|p1b: Rillaboom|72/100
|-sidestart|p1: naacchhooo|Grass Pledge
|-damage|p2a: Serperior|87/100|[from] item: Life Orb
|move|p1a: Incineroar|Will-O-Wisp|p2a: Serperior
|-status|p2a: Serperior|brn
|
|-heal|p2b: Greninja|45/100|[from] Grassy Terrain
|-heal|p2a: Serperior|93/100 brn|[from] Grassy Terrain
|-damage|p1b: Rillaboom|60/100|[from] Fire Pledge
|-heal|p1b: Rillaboom|66/100|[from] Grassy Terrain
|-damage|p2a: Serperior|87/100 brn|[from] brn
|-sideend|p1: naacchhooo|Fire Pledge
|upkeep
|turn|7
|
|t:|1757681739
|move|p1b: Rillaboom|Grassy Glide|p2b: Greninja
|-damage|p2b: Greninja|0 fnt
|faint|p2b: Greninja
|move|p2a: Serperior|Leaf Storm|p1b: Rillaboom|[miss]
|-miss|p2a: Serperior|p1b: Rillaboom
|move|p1a: Incineroar|Knock Off|p2a: Serperior
|-damage|p2a: Serperior|47/100 brn
|-enditem|p2a: Serperior|Life Orb|[from] move: Knock Off|[of] p1a: Incineroar
|
|-heal|p2a: Serperior|53/100 brn|[from] Grassy Terrain
|-heal|p1b: Rillaboom|72/100|[from] Grassy Terrain
|-damage|p2a: Serperior|47/100 brn|[from] brn
|upkeep
|turn|8
|
|t:|1757681749
|move|p2a: Serperior|Leaf Storm|p1b: Rillaboom
|-resisted|p1b: Rillaboom
|-damage|p1b: Rillaboom|52/100
|-boost|p2a: Serperior|spa|2
|move|p1b: Rillaboom|U-turn|p2a: Serperior
|-supereffective|p2a: Serperior
|-damage|p2a: Serperior|0 fnt
|faint|p2a: Serperior
|
|win|naacchhooo
|l|☆agreed1
|player|p2|
||agreed1 is ready for game 3.
||naacchhooo is ready for game 3.
|uhtml|next|Next: Game 3 of 3
|l|☆naacchhooo
|player|p1|
