|j|☆lucasmalt
|j|☆UchitaWyrm
|html|lucasmaltUchitaWyrm    
|uhtml|bestof|Game 1 of a best-of-3
|t:|1785146551
|gametype|doubles
|player|p1|lucasmalt|101|1353
|player|p2|UchitaWyrm|giovanni|1249
|gen|9
|tier|[Gen 9 Champions] VGC 2026 Reg M-B (Bo3)
|rated|
|rule|Species Clause: Limit one of each Pokémon
|rule|Item Clause: Limit 1 of each item
|clearpoke
|poke|p1|Blaziken, L50, F, shiny|
|poke|p1|Incineroar, L50, F, shiny|
|poke|p1|Sinistcha, L50|
|poke|p1|Milotic, L50, M, shiny|
|poke|p1|Hydreigon, L50, M|
|poke|p1|Gardevoir, L50, M, shiny|
|poke|p2|Froslass, L50, F|
|poke|p2|Gholdengo, L50|
|poke|p2|Dragonite, L50, M|
|poke|p2|Kingambit, L50, M|
|poke|p2|Sneasler, L50, F|
|poke|p2|Rotom-Mow, L50|
|teampreview|4
|showteam|p1|Blaziken||Blazikenite|SpeedBoost|FlareBlitz,CloseCombat,RockSlide,Detect|Adamant||F|||50|]Incineroar||SitrusBerry|Intimidate|FakeOut,FlareBlitz,DarkestLariat,PartingShot|Careful||F|||50|]Sinistcha||KasibBerry|Hospitality|MatchaGotcha,RagePowder,TrickRoom,Protect|Bold|||||50|]Milotic||Leftovers|Competitive|MuddyWater,Coil,Hypnosis,Recover|Calm||M|||50|]Hydreigon||ChoiceScarf|Levitate|Snarl,DracoMeteor,DarkPulse,EarthPower|Modest||M|||50|]Gardevoir||Gardevoirite|Trace|HyperVoice,Psyshock,TrickRoom,Protect|Modest||M|||50|
|showteam|p2|Froslass||Froslassite|CursedBody|Blizzard,ShadowBall,AuroraVeil,Protect|Modest||F|||50|]Gholdengo||FocusSash|GoodasGold|MakeItRain,ShadowBall,PowerGem,NastyPlot|Timid|||||50|]Dragonite||LumBerry|Multiscale|Protect,Tailwind,LowKick,DragonClaw|Adamant||M|||50|]Kingambit||LifeOrb|Defiant|Protect,SwordsDance,SuckerPunch,KowtowCleave|Adamant||M|||50|]Sneasler||WhiteHerb|Unburden|FakeOut,Protect,GunkShot,CloseCombat|Adamant||F|||50|]Rotom-Mow||ChoiceScarf|Levitate|LeafStorm,VoltSwitch,Electroweb,Trick|Timid|||||50|
|inactive|Battle timer is ON: inactive players will automatically lose when time's up. (requested by UchitaWyrm)
|
|t:|1785146615
|teamsize|p1|4
|teamsize|p2|4
|start
|switch|p1a: Blaziken|Blaziken, L50, F, shiny|100/100
|switch|p1b: Hydreigon|Hydreigon, L50, M|100/100
|switch|p2a: Sneasler|Sneasler, L50, F|100/100
|switch|p2b: Kingambit|Kingambit, L50, M|100/100
|turn|1
|inactive|UchitaWyrm has 30 seconds left.
|
|t:|1785146645
|detailschange|p1a: Blaziken|Blaziken-Mega, L50, F, shiny
|-mega|p1a: Blaziken|Blaziken|Blazikenite
|move|p2a: Sneasler|Fake Out|p1a: Blaziken
|-damage|p1a: Blaziken|80/100
|move|p1b: Hydreigon|Earth Power|p2a: Sneasler
|-supereffective|p2a: Sneasler|1
|-damage|p2a: Sneasler|8/100
|cant|p1a: Blaziken|flinch
|move|p2b: Kingambit|Swords Dance|p2b: Kingambit
|-boost|p2b: Kingambit|atk|2
|
|-ability|p1a: Blaziken|Speed Boost|boost
|-boost|p1a: Blaziken|spe|1
|upkeep
|turn|2
|
|t:|1785146660
|switch|p2a: Dragonite|Dragonite, L50, M|100/100
|move|p2b: Kingambit|Sucker Punch|p1a: Blaziken
|-resisted|p1a: Blaziken|1
|-damage|p1a: Blaziken|15/100
|-damage|p2b: Kingambit|90/100|[from] item: Life Orb
|move|p1b: Hydreigon|Earth Power|p2a: Dragonite
|-immune|p2a: Dragonite
|move|p1a: Blaziken|Close Combat|p2b: Kingambit
|-supereffective|p2b: Kingambit|2
|-damage|p2b: Kingambit|0 fnt
|-unboost|p1a: Blaziken|def|1
|-unboost|p1a: Blaziken|spd|1
|faint|p2b: Kingambit
|
|-ability|p1a: Blaziken|Speed Boost|boost
|-boost|p1a: Blaziken|spe|1
|upkeep
|
|t:|1785146666
|switch|p2b: Sneasler|Sneasler, L50, F|8/100
|turn|3
|
|t:|1785146676
|switch|p1b: Milotic|Milotic, L50, M, shiny|100/100
|move|p1a: Blaziken|Detect|p1a: Blaziken
|-singleturn|p1a: Blaziken|Protect
|move|p2b: Sneasler|Fake Out|p1a: Blaziken
|-activate|p1a: Blaziken|move: Protect
|move|p2a: Dragonite|Tailwind|p2a: Dragonite
|-sidestart|p2: UchitaWyrm|move: Tailwind
|
|-ability|p1a: Blaziken|Speed Boost|boost
|-boost|p1a: Blaziken|spe|1
|upkeep
|turn|4
|inactive|lucasmalt has 30 seconds left.
|
|t:|1785146707
|switch|p1a: Incineroar|Incineroar, L50, F, shiny|100/100
|-ability|p1a: Incineroar|Intimidate|boost
|-unboost|p2a: Dragonite|atk|1
|-unboost|p2b: Sneasler|atk|1
|-enditem|p2b: Sneasler|White Herb
|-clearnegativeboost|p2b: Sneasler|[silent]
|move|p2b: Sneasler|Protect|p2b: Sneasler
|-singleturn|p2b: Sneasler|Protect
|move|p2a: Dragonite|Dragon Claw|p1a: Incineroar
|-damage|p1a: Incineroar|74/100
|move|p1b: Milotic|Muddy Water|p2b: Sneasler|[spread] p2a
|-activate|p2b: Sneasler|move: Protect
|-resisted|p2a: Dragonite|1
|-damage|p2a: Dragonite|94/100
|
|upkeep
|turn|5
|inactive|UchitaWyrm has 30 seconds left.
|inactive|UchitaWyrm has 20 seconds left.
|
|t:|1785146744
|move|p1a: Incineroar|Fake Out|p2b: Sneasler
|-damage|p2b: Sneasler|0 fnt
|faint|p2b: Sneasler
|move|p2a: Dragonite|Low Kick|p1a: Incineroar
|-supereffective|p1a: Incineroar|1
|-damage|p1a: Incineroar|40/100
|-enditem|p1a: Incineroar|Sitrus Berry|[eat]
|-heal|p1a: Incineroar|65/100|[from] item: Sitrus Berry
|move|p1b: Milotic|Coil|p1b: Milotic
|-boost|p1b: Milotic|atk|1
|-boost|p1b: Milotic|def|1
|-boost|p1b: Milotic|accuracy|1
|
|upkeep
|
|t:|1785146747
|switch|p2b: Froslass|Froslass, L50, F|100/100
|turn|6
|-message|UchitaWyrm forfeited.
|
|win|lucasmalt
|l|☆UchitaWyrm
|player|p2|
||UchitaWyrm is ready for game 2.
|inactive|lucasmalt has 30 seconds to confirm battle start!
