|j|☆scaccabarozzivgc
|j|☆PippoLungoCalzino
|html|scaccabarozzivgcPippoLungoCalzino    
|uhtml|bestof|Game 2 of a best-of-3
|t:|1756467060
|gametype|doubles
|player|p1|scaccabarozzivgc|harlequin|1109
|player|p2|PippoLungoCalzino|hugh|1132
|gen|9
|tier|[Gen 9] VGC 2025 Reg H (Bo3)
|rated|
|rule|Species Clause: Limit one of each Pokémon
|rule|Item Clause: Limit 1 of each item
|clearpoke
|poke|p1|Whimsicott, L50, M|
|poke|p1|Gholdengo, L50|
|poke|p1|Incineroar, L50, F|
|poke|p1|Dragonite, L50, F|
|poke|p1|Sneasler, L50, M|
|poke|p1|Garchomp, L50, M|
|poke|p2|Corviknight, L50, M|
|poke|p2|Garchomp, L50, M|
|poke|p2|Tyranitar, L50, M|
|poke|p2|Gholdengo, L50|
|poke|p2|Sneasler, L50, M|
|poke|p2|Incineroar, L50, M|
|teampreview|4
|showteam|p1|Whimsicott||FocusSash|Prankster|Moonblast,Tailwind,Encore,Protect|||M|||50|,,,,,Ghost]Gholdengo||ChoiceSpecs|GoodasGold|MakeItRain,ShadowBall,Trick,Protect||||||50|,,,,,Steel]Incineroar||AssaultVest|Intimidate|FlareBlitz,KnockOff,Uturn,FakeOut|||F|||50|,,,,,Grass]Dragonite||ChoiceBand|InnerFocus|Outrage,ExtremeSpeed,IceSpinner,StompingTantrum|||F|||50|,,,,,Normal]Sneasler||WhiteHerb|Unburden|DireClaw,CloseCombat,FakeOut,Protect|||M|||50|,,,,,Stellar]Garchomp||LifeOrb|RoughSkin|Earthquake,StompingTantrum,DragonClaw,Protect|||M|||50|,,,,,Ground
|showteam|p2|Corviknight||CovertCloak|MirrorArmor|BraveBird,Taunt,Roost,Tailwind|||M|||50|,,,,,Dragon]Garchomp||ClearAmulet|RoughSkin|Earthquake,DragonClaw,StompingTantrum,Protect|||M|||50|,,,,,Steel]Tyranitar||AssaultVest|SandStream|RockSlide,KnockOff,TeraBlast,LowKick|||M|||50|,,,,,Flying]Gholdengo||LifeOrb|GoodasGold|MakeItRain,ShadowBall,NastyPlot,Protect||||||50|,,,,,Water]Sneasler||WhiteHerb|Unburden|DireClaw,CloseCombat,Coaching,Protect|||M|||50|,,,,,Ghost]Incineroar||SitrusBerry|Intimidate|FlareBlitz,WillOWisp,PartingShot,FakeOut|||M|||50|,,,,,Grass
|inactive|Battle timer is ON: inactive players will automatically lose when time's up. (requested by scaccabarozzivgc)
|inactive|scaccabarozzivgc has 60 seconds left.
|inactive|PippoLungoCalzino has 60 seconds left.
|
|t:|1756467125
|teamsize|p1|4
|teamsize|p2|4
|start
|switch|p1a: Dragonite|Dragonite, L50, F|100/100
|switch|p1b: Garchomp|Garchomp, L50, M|100/100
|switch|p2a: Corviknight|Corviknight, L50, M, shiny|100/100
|switch|p2b: Garchomp|Garchomp, L50, M|100/100
|turn|1
|
|t:|1756467144
|switch|p1a: Whimsicott|Whimsicott, L50, M|100/100
|move|p2b: Garchomp|Protect|p2b: Garchomp
|-singleturn|p2b: Garchomp|Protect
|move|p1b: Garchomp|Protect|p1b: Garchomp
|-singleturn|p1b: Garchomp|Protect
|move|p2a: Corviknight|Tailwind|p2a: Corviknight
|-sidestart|p2: PippoLungoCalzino|move: Tailwind
|
|upkeep
|turn|2
|inactive|PippoLungoCalzino has 30 seconds left.
|
|t:|1756467177
|switch|p2a: Incineroar|Incineroar, L50, M|100/100
|-ability|p2a: Incineroar|Intimidate|boost
|-unboost|p1a: Whimsicott|atk|1
|-unboost|p1b: Garchomp|atk|1
|move|p1a: Whimsicott|Encore|p2a: Incineroar
|-hint|Since gen 7, Dark is immune to Prankster moves.
|-immune|p2a: Incineroar
|move|p2b: Garchomp|Dragon Claw|p1b: Garchomp
|-supereffective|p1b: Garchomp
|-damage|p1b: Garchomp|21/100
|-damage|p2b: Garchomp|88/100|[from] ability: Rough Skin|[of] p1b: Garchomp
|move|p1b: Garchomp|Stomping Tantrum|p2b: Garchomp
|-damage|p2b: Garchomp|52/100
|-damage|p1b: Garchomp|9/100|[from] ability: Rough Skin|[of] p2b: Garchomp
|-damage|p1b: Garchomp|0 fnt|[from] item: Life Orb
|faint|p1b: Garchomp
|
|upkeep
|
|t:|1756467192
|switch|p1b: Sneasler|Sneasler, L50, M|100/100
|turn|3
|
|t:|1756467203
|switch|p2b: Corviknight|Corviknight, L50, M, shiny|100/100
|switch|p2a: Gholdengo|Gholdengo, L50|100/100
|move|p1b: Sneasler|Protect|p1b: Sneasler
|-singleturn|p1b: Sneasler|Protect
|move|p1a: Whimsicott|Moonblast|p2b: Corviknight
|-resisted|p2b: Corviknight
|-damage|p2b: Corviknight|83/100
|
|upkeep
|turn|4
|
|t:|1756467218
|switch|p1b: Dragonite|Dragonite, L50, F|100/100
|move|p1a: Whimsicott|Tailwind|p1a: Whimsicott
|-sidestart|p1: scaccabarozzivgc|move: Tailwind
|move|p2a: Gholdengo|Nasty Plot|p2a: Gholdengo
|-boost|p2a: Gholdengo|spa|2
|move|p2b: Corviknight|Brave Bird|p1b: Dragonite
|-crit|p1b: Dragonite
|-damage|p1b: Dragonite|30/100
|-damage|p2b: Corviknight|64/100|[from] Recoil
|
|-sideend|p2: PippoLungoCalzino|move: Tailwind
|upkeep
|turn|5
|
|t:|1756467243
|move|p2a: Gholdengo|Protect|p2a: Gholdengo
|-singleturn|p2a: Gholdengo|Protect
|move|p1a: Whimsicott|Encore|p2b: Corviknight
|-start|p2b: Corviknight|Encore
|move|p1b: Dragonite|Outrage|p2a: Gholdengo
|-activate|p2a: Gholdengo|move: Protect
|move|p2b: Corviknight|Brave Bird|p1b: Dragonite
|-damage|p1b: Dragonite|0 fnt
|faint|p1b: Dragonite
|-damage|p2b: Corviknight|56/100|[from] Recoil
|
|upkeep
|-message|scaccabarozzivgc forfeited.
|
|win|PippoLungoCalzino
||scaccabarozzivgc is ready for game 3.
||PippoLungoCalzino is ready for game 3.
|uhtml|next|Next: Game 3 of 3
|l|☆scaccabarozzivgc
|player|p1|
