|j|☆bartcr0987
|j|☆ban1106
|html|bartcr0987ban1106    
|uhtml|bestof|Game 3 of a best-of-3
|t:|1783480316
|gametype|doubles
|player|p1|bartcr0987|1|
|player|p2|ban1106|brawly|
|gen|9
|tier|[Gen 9 Champions] VGC 2026 Reg M-B (Bo3)
|rule|Species Clause: Limit one of each Pokémon
|rule|Item Clause: Limit 1 of each item
|clearpoke
|poke|p1|Charizard, L50, M, shiny|
|poke|p1|Sneasler, L50, M, shiny|
|poke|p1|Floette-Eternal, L50, F|
|poke|p1|Kingambit, L50, F, shiny|
|poke|p1|Basculegion, L50, M|
|poke|p1|Farigiraf, L50, F|
|poke|p2|Charizard, L50, M|
|poke|p2|Mawile, L50, M|
|poke|p2|Basculegion, L50, M|
|poke|p2|Garchomp, L50, M|
|poke|p2|Whimsicott, L50, F|
|poke|p2|Farigiraf, L50, M|
|teampreview|4
|showteam|p1|Charizard||CharizarditeY|SolarPower|HeatWave,SolarBeam,WeatherBall,Protect|Timid||M|||50|]Sneasler||FocusSash|PoisonTouch|DireClaw,CloseCombat,Protect,FakeOut|Jolly||M|||50|]Floette-Eternal||Floettite|FlowerVeil|Moonblast,DazzlingGleam,LightofRuin,Protect|Modest||F|||50|]Kingambit||BlackGlasses|Defiant|KowtowCleave,SuckerPunch,SwordsDance,Protect|Adamant||F|||50|]Basculegion||ChoiceScarf|Adaptability|LastRespects,WaveCrash,AquaJet,FlipTurn|Jolly||M|||50|]Farigiraf||SitrusBerry|ArmorTail|TrickRoom,FoulPlay,Psychic,RainDance|Bold||F|||50|
|showteam|p2|Charizard||CharizarditeY|Blaze|WeatherBall,HeatWave,SolarBeam,Protect|Timid||M|||50|]Mawile||Mawilite|HyperCutter|PlayRough,SuckerPunch,BrickBreak,Protect|Adamant||M|||50|]Basculegion||MysticWater|Adaptability|WaveCrash,LastRespects,AquaJet,Protect|Adamant||M|||50|]Garchomp||LifeOrb|RoughSkin|Earthquake,DragonClaw,RockSlide,Protect|Jolly||M|||50|]Whimsicott||FocusSash|Prankster|Moonblast,Encore,Tailwind,Protect|Timid||F|||50|]Farigiraf||SitrusBerry|ArmorTail|TwinBeam,Thunderbolt,TrickRoom,HelpingHand|Bold||M|||50|
|inactive|Battle timer is ON: inactive players will automatically lose when time's up. (requested by ban1106)
|
|t:|1783480380
|teamsize|p1|4
|teamsize|p2|4
|start
|switch|p1a: Sneasler|Sneasler, L50, M, shiny|100/100
|switch|p1b: Kingambit|Kingambit, L50, F, shiny|100/100
|switch|p2a: Charizard|Charizard, L50, M|100/100
|switch|p2b: Garchomp|Garchomp, L50, M|100/100
|turn|1
|
|t:|1783480405
|detailschange|p2a: Charizard|Charizard-Mega-Y, L50, M
|-mega|p2a: Charizard|Charizard|Charizardite Y
|-weather|SunnyDay|[from] ability: Drought|[of] p2a: Charizard
|move|p1b: Kingambit|Protect|p1b: Kingambit
|-singleturn|p1b: Kingambit|Protect
|move|p1a: Sneasler|Close Combat|p2b: Garchomp
|-damage|p2b: Garchomp|43/100
|-unboost|p1a: Sneasler|def|1
|-unboost|p1a: Sneasler|spd|1
|-damage|p1a: Sneasler|87/100|[from] ability: Rough Skin|[of] p2b: Garchomp
|-status|p2b: Garchomp|psn|[from] ability: Poison Touch|[of] p1a: Sneasler
|move|p2b: Garchomp|Earthquake|p1a: Sneasler|[spread] p1a
|-activate|p1b: Kingambit|move: Protect
|-immune|p2a: Charizard
|-supereffective|p1a: Sneasler|1
|-damage|p1a: Sneasler|0 fnt
|faint|p1a: Sneasler
|-damage|p2b: Garchomp|34/100 psn|[from] item: Life Orb
|move|p2a: Charizard|Heat Wave|p1b: Kingambit
|-activate|p1b: Kingambit|move: Protect
|
|-weather|SunnyDay|[upkeep]
|-damage|p2b: Garchomp|22/100 psn|[from] psn
|upkeep
|
|t:|1783480416
|switch|p1a: Oscar|Basculegion, L50, M|100/100
|turn|2
|inactive|ban1106 has 30 seconds left.
|
|t:|1783480447
|switch|p2b: Farigiraf|Farigiraf, L50, M|100/100
|move|p1b: Kingambit|Sucker Punch||[still]
|cant|p2b: Farigiraf|ability: Armor Tail|Sucker Punch|[of] p1b: Kingambit
|move|p1a: Oscar|Wave Crash|p2a: Charizard
|-supereffective|p2a: Charizard|1
|-damage|p2a: Charizard|6/100
|-damage|p1a: Oscar|72/100|[from] Recoil
|move|p2a: Charizard|Solar Beam||[still]
|-prepare|p2a: Charizard|Solar Beam
|-anim|p2a: Charizard|Solar Beam|p1a: Oscar
|-supereffective|p1a: Oscar|1
|-damage|p1a: Oscar|0 fnt
|faint|p1a: Oscar
|
|-weather|SunnyDay|[upkeep]
|upkeep
|
|t:|1783480453
|switch|p1a: Charizard|Charizard, L50, M, shiny|100/100
|turn|3
|inactive|ban1106 has 30 seconds left.
|inactive|bartcr0987 has 30 seconds left.
|inactive|ban1106 has 20 seconds left.
|inactive|ban1106 has 15 seconds left.
|inactive|ban1106 has 10 seconds left.
|inactive|ban1106 has 5 seconds left.
|
|t:|1783480504
|detailschange|p1a: Charizard|Charizard-Mega-Y, L50, M, shiny
|-mega|p1a: Charizard|Charizard|Charizardite Y
|move|p1a: Charizard|Heat Wave|p2b: Farigiraf|[spread] p2a,p2b
|-resisted|p2a: Charizard|1
|-damage|p2a: Charizard|0 fnt
|-damage|p2b: Farigiraf|45/100
|-enditem|p2b: Farigiraf|Sitrus Berry|[eat]
|-heal|p2b: Farigiraf|70/100|[from] item: Sitrus Berry
|faint|p2a: Charizard
|move|p2b: Farigiraf|Thunderbolt|p1a: Charizard
|-supereffective|p1a: Charizard|1
|-damage|p1a: Charizard|50/100g
|move|p1b: Kingambit|Kowtow Cleave|p2b: Farigiraf
|-supereffective|p2b: Farigiraf|1
|-damage|p2b: Farigiraf|0 fnt
|faint|p2b: Farigiraf
|
|-weather|SunnyDay|[upkeep]
|upkeep
|
|t:|1783480521
|switch|p2a: Basculegion|Basculegion, L50, M|100/100
|switch|p2b: Garchomp|Garchomp, L50, M|22/100 psn
|turn|4
|inactive|ban1106 has 30 seconds left.
|inactive|ban1106 has 20 seconds left.
|inactive|ban1106 has 15 seconds left.
|
|t:|1783480563
|move|p1a: Charizard|Protect|p1a: Charizard
|-singleturn|p1a: Charizard|Protect
|move|p1b: Kingambit|Protect|p1b: Kingambit
|-singleturn|p1b: Kingambit|Protect
|move|p2a: Basculegion|Aqua Jet|p1a: Charizard
|-activate|p1a: Charizard|move: Protect
|move|p2b: Garchomp|Rock Slide|p1b: Kingambit|[spread] 
|-activate|p1a: Charizard|move: Protect
|-activate|p1b: Kingambit|move: Protect
|
|-weather|SunnyDay|[upkeep]
|-damage|p2b: Garchomp|10/100 psn|[from] psn
|upkeep
|turn|5
|
|t:|1783480585
|move|p2b: Garchomp|Protect|p2b: Garchomp
|-singleturn|p2b: Garchomp|Protect
|move|p2a: Basculegion|Protect|p2a: Basculegion
|-singleturn|p2a: Basculegion|Protect
|move|p1b: Kingambit|Sucker Punch||[still]
|-fail|p1b: Kingambit
|move|p1a: Charizard|Solar Beam||[still]
|-prepare|p1a: Charizard|Solar Beam
|-anim|p1a: Charizard|Solar Beam|p2a: Basculegion
|-activate|p2a: Basculegion|move: Protect
|
|-weather|none
|-damage|p2b: Garchomp|0 fnt|[from] psn
|faint|p2b: Garchomp
|upkeep
|turn|6
|
|t:|1783480604
|move|p1a: Charizard|Protect|p1a: Charizard
|-singleturn|p1a: Charizard|Protect
|move|p2a: Basculegion|Aqua Jet|p1a: Charizard
|-activate|p1a: Charizard|move: Protect
|move|p1b: Kingambit|Kowtow Cleave|p2a: Basculegion
|-supereffective|p2a: Basculegion|1
|-damage|p2a: Basculegion|0 fnt
|faint|p2a: Basculegion
|
|win|bartcr0987
