|j|☆Carlosmart7
|j|☆stewiie25
|html|Carlosmart7stewiie25    
|uhtml|bestof|Game 1 of a best-of-3
|t:|1757930158
|gametype|doubles
|player|p1|Carlosmart7|266|1066
|player|p2|stewiie25|169|1077
|gen|9
|tier|[Gen 9] VGC 2025 Reg H (Bo3)
|rated|
|rule|Species Clause: Limit one of each Pokémon
|rule|Item Clause: Limit 1 of each item
|clearpoke
|poke|p1|Annihilape, L50, M|
|poke|p1|Dragonite, L50, M|
|poke|p1|Gholdengo, L50|
|poke|p1|Electabuzz, L50, F|
|poke|p1|Rillaboom, L50, M|
|poke|p1|Incineroar, L50, M|
|poke|p2|Meowscarada, L50, F|
|poke|p2|Baxcalibur, L50, F|
|poke|p2|Gholdengo, L50|
|poke|p2|Garganacl, L50, F|
|poke|p2|Tauros-Paldea-Aqua, L50, M|
|poke|p2|Mimikyu, L50, F|
|teampreview|4
|showteam|p1|Annihilape||FocusSash|Defiant|Taunt,CloseCombat,RageFist,Coaching|||M|||50|,,,,,Stellar]Dragonite||LoadedDice|Multiscale|Protect,ScaleShot,Haze,ExtremeSpeed|||M|||50|,,,,,Fairy]Gholdengo||SitrusBerry|GoodasGold|MakeItRain,ShadowBall,NastyPlot,Protect||||||50|,,,,,Dragon]Electabuzz||Eviolite|VitalSpirit|Protect,Electroweb,Taunt,FollowMe|||F|||50|,,,,,Dragon]Rillaboom||AssaultVest|GrassySurge|FakeOut,WoodHammer,HighHorsepower,GrassyGlide|||M|||50|,,,,,Fire]Incineroar||MirrorHerb|Intimidate|FakeOut,PartingShot,FlareBlitz,KnockOff|||M|||50|,,,,,Ghost
|showteam|p2|Meowscarada||FocusSash|Overgrow|Protect,FlowerTrick,SuckerPunch,KnockOff|||F|||50|,,,,,Grass]Baxcalibur||LoadedDice|ThermalExchange|Protect,IcicleSpear,IceShard,GlaiveRush|||F|||50|,,,,,Water]Gholdengo||ChoiceSpecs|GoodasGold|MakeItRain,FocusBlast,PowerGem,ShadowBall||||||50|,,,,,Steel]Garganacl||Leftovers|PurifyingSalt|Protect,WideGuard,SaltCure,Recover|||F|||50|,,,,,Poison]Tauros-Paldea-Aqua||SitrusBerry|Intimidate|Protect,AquaJet,WaveCrash,CloseCombat|||M|||50|,,,,,Fighting]Mimikyu||LifeOrb|Disguise|Protect,ShadowClaw,DrainPunch,PlayRough|||F|||50|,,,,,Ghost
|inactive|Battle timer is ON: inactive players will automatically lose when time's up. (requested by stewiie25)
|inactive|Carlosmart7 has 60 seconds left.
|inactive|Carlosmart7 has 30 seconds left.
|inactive|Carlosmart7 has 20 seconds left.
|
|t:|1757930284
|teamsize|p1|4
|teamsize|p2|4
|start
|switch|p1a: Annihilape|Annihilape, L50, M, shiny|100/100
|switch|p1b: Dragonite|Dragonite, L50, M, shiny|100/100
|switch|p2a: Gholdengo|Gholdengo, L50|100/100
|switch|p2b: Mimikyu|Mimikyu, L50, F|100/100
|turn|1
|inactive|Carlosmart7 has 30 seconds left.
|inactive|stewiie25 has 30 seconds left.
|inactive|Carlosmart7 has 20 seconds left.
|inactive|Carlosmart7 has 15 seconds left.
|inactive|Carlosmart7 has 10 seconds left.
|inactive|Carlosmart7 has 5 seconds left.
|
|t:|1757930336
|switch|p1b: Incineroar|Incineroar, L50, M, shiny|100/100
|-ability|p1b: Incineroar|Intimidate|boost
|-unboost|p2a: Gholdengo|atk|1
|-unboost|p2b: Mimikyu|atk|1
|move|p1a: Annihilape|Rage Fist|p2a: Gholdengo
|-supereffective|p2a: Gholdengo
|-damage|p2a: Gholdengo|52/100
|move|p2b: Mimikyu|Shadow Claw|p1a: Annihilape
|-supereffective|p1a: Annihilape
|-damage|p1a: Annihilape|50/100
|-damage|p2b: Mimikyu|91/100|[from] item: Life Orb
|move|p2a: Gholdengo|Shadow Ball|p1a: Annihilape
|-supereffective|p1a: Annihilape
|-damage|p1a: Annihilape|0 fnt
|faint|p1a: Annihilape
|
|upkeep
|inactive|Carlosmart7 has 30 seconds left.
|inactive|Carlosmart7 has 20 seconds left.
|
|t:|1757930375
|switch|p1a: Electabuzz|Electabuzz, L50, F, shiny|100/100
|turn|2
|
|t:|1757930390
|switch|p2a: Tauros|Tauros-Paldea-Aqua, L50, M|100/100
|-ability|p2a: Tauros|Intimidate|boost
|-unboost|p1a: Electabuzz|atk|1
|-unboost|p1b: Incineroar|atk|1
|move|p1a: Electabuzz|Electroweb|p2a: Tauros|[spread] p2a,p2b
|-supereffective|p2a: Tauros
|-damage|p2a: Tauros|64/100
|-activate|p2b: Mimikyu|ability: Disguise
|-damage|p2b: Mimikyu|91/100
|-unboost|p2a: Tauros|spe|1
|-unboost|p2b: Mimikyu|spe|1
|detailschange|p2b: Mimikyu|Mimikyu-Busted, L50, F
|-damage|p2b: Mimikyu|79/100|[from] pokemon: Mimikyu-Busted
|move|p2b: Mimikyu|Play Rough|p1a: Electabuzz
|-damage|p1a: Electabuzz|74/100
|-damage|p2b: Mimikyu|69/100|[from] item: Life Orb
|move|p1b: Incineroar|Knock Off|p2a: Tauros
|-resisted|p2a: Tauros
|-damage|p2a: Tauros|52/100
|-enditem|p2a: Tauros|Sitrus Berry|[from] move: Knock Off|[of] p1b: Incineroar
|
|upkeep
|turn|3
|inactive|Carlosmart7 has 30 seconds left.
|
|t:|1757930425
|move|p1a: Electabuzz|Electroweb|p2a: Tauros|[spread] p2b
|-miss|p1a: Electabuzz|p2a: Tauros
|-damage|p2b: Mimikyu|55/100
|-unboost|p2b: Mimikyu|spe|1
|move|p1b: Incineroar|Knock Off|p2b: Mimikyu
|-damage|p2b: Mimikyu|17/100
|-enditem|p2b: Mimikyu|Life Orb|[from] move: Knock Off|[of] p1b: Incineroar
|move|p2a: Tauros|Close Combat|p1b: Incineroar
|-supereffective|p1b: Incineroar
|-damage|p1b: Incineroar|19/100
|-unboost|p2a: Tauros|def|1
|-unboost|p2a: Tauros|spd|1
|move|p2b: Mimikyu|Drain Punch|p1b: Incineroar
|-supereffective|p1b: Incineroar
|-damage|p1b: Incineroar|0 fnt
|-heal|p2b: Mimikyu|30/100|[from] drain|[of] p1b: Incineroar
|faint|p1b: Incineroar
|
|upkeep
|
|t:|1757930440
|switch|p1b: Dragonite|Dragonite, L50, M, shiny|100/100
|turn|4
|
|t:|1757930457
|-terastallize|p1b: Dragonite|Fairy
|move|p1a: Electabuzz|Electroweb|p2b: Mimikyu|[spread] p2a,p2b
|-supereffective|p2a: Tauros
|-damage|p2a: Tauros|7/100
|-damage|p2b: Mimikyu|15/100
|-unboost|p2a: Tauros|spe|1
|-unboost|p2b: Mimikyu|spe|1
|move|p1b: Dragonite|Scale Shot|p2a: Tauros
|-damage|p2a: Tauros|0 fnt
|faint|p2a: Tauros
|-hitcount|p2: Tauros|1
|-unboost|p1b: Dragonite|def|1
|-boost|p1b: Dragonite|spe|1
|move|p2b: Mimikyu|Play Rough|p1b: Dragonite
|-damage|p1b: Dragonite|82/100
|
|upkeep
|
|t:|1757930475
|switch|p2a: Gholdengo|Gholdengo, L50|52/100
|turn|5
|
|t:|1757930484
|move|p1b: Dragonite|Scale Shot|p2a: Gholdengo
|-resisted|p2a: Gholdengo
|-damage|p2a: Gholdengo|43/100
|-resisted|p2a: Gholdengo
|-damage|p2a: Gholdengo|36/100
|-resisted|p2a: Gholdengo
|-crit|p2a: Gholdengo
|-damage|p2a: Gholdengo|24/100
|-resisted|p2a: Gholdengo
|-damage|p2a: Gholdengo|17/100
|-resisted|p2a: Gholdengo
|-damage|p2a: Gholdengo|9/100
|-hitcount|p2a: Gholdengo|5
|-unboost|p1b: Dragonite|def|1
|-boost|p1b: Dragonite|spe|1
|move|p1a: Electabuzz|Electroweb|p2b: Mimikyu|[spread] p2a,p2b
|-damage|p2a: Gholdengo|0 fnt
|-damage|p2b: Mimikyu|0 fnt
|faint|p2a: Gholdengo
|faint|p2b: Mimikyu
|
|upkeep
|-message|stewiie25 forfeited.
|
|win|Carlosmart7
|l|☆stewiie25
|player|p2|
||Carlosmart7 is ready for game 2.
||stewiie25 is ready for game 2.
|uhtml|next|Next: Game 2 of 3
