|j|☆Welwitchia
|j|☆thedrq
|html|Welwitchiathedrq    
|uhtml|bestof|Game 2 of a best-of-3
|t:|1784204912
|gametype|doubles
|player|p1|Welwitchia|pokemonbreeder-gen4|1021
|player|p2|thedrq|169|1059
|gen|9
|tier|[Gen 9 Champions] VGC 2026 Reg M-B (Bo3)
|rated|
|rule|Species Clause: Limit one of each Pokémon
|rule|Item Clause: Limit 1 of each item
|clearpoke
|poke|p1|Banette, L50, F, shiny|
|poke|p1|Umbreon, L50, M|
|poke|p1|Blastoise, L50, F, shiny|
|poke|p1|Charizard, L50, M|
|poke|p1|Hatterene, L50, F, shiny|
|poke|p1|Venusaur, L50, M|
|poke|p2|Klefki, L50, F|
|poke|p2|Archaludon, L50, M|
|poke|p2|Garchomp, L50, F|
|poke|p2|Pelipper, L50, F|
|poke|p2|Swampert, L50, M|
|poke|p2|Charizard, L50, M|
|teampreview|4
|showteam|p1|Banette||Banettite|CursedBody|SkitterSmack,Disable,FoulPlay,DestinyBond|Careful||F|||50|]Umbreon||MentalHerb|InnerFocus|FoulPlay,Swagger,Toxic,Tickle|Calm||M|||50|]Blastoise||MysticWater|RainDish|MuddyWater,FakeOut,IceBeam,AquaJet|Quiet||F|||50|]Charizard||CharizarditeY|Blaze|AirSlash,SolarBeam,HeatWave,RockSlide|Hasty||M|||50|]Hatterene||BabiriBerry|MagicBounce|MagicPowder,TrickRoom,DazzlingGleam,LifeDew|Sassy||F|||50|]Venusaur||Leftovers|Chlorophyll|WorrySeed,SweetScent,SleepPowder,AcidSpray|Timid||M|||50|
|showteam|p2|Klefki||LightClay|Prankster|LightScreen,FoulPlay,ThunderWave,RainDance|Bold||F|||50|]Archaludon||Leftovers|Stamina|ElectroShot,DragonPulse,FlashCannon,Protect|Timid||M|||50|]Garchomp||ChoiceScarf|RoughSkin|DragonClaw,RockSlide,StompingTantrum,PoisonJab|Jolly||F|||50|]Pelipper||FocusSash|Drizzle|Hurricane,WeatherBall,Tailwind,WideGuard|Timid||F|||50|]Swampert||Swampertite|Torrent|WaveCrash,HighHorsepower,IceBeam,Protect|Lonely||M|||50|]Charizard||CharizarditeY|SolarPower|HeatWave,WeatherBall,SolarBeam,Protect|Timid||M|||50|
|
|t:|1784204937
|teamsize|p1|4
|teamsize|p2|4
|start
|switch|p1a: Umbreon|Umbreon, L50, M|100/100
|switch|p1b: Blastoise|Blastoise, L50, F, shiny|100/100
|switch|p2a: Charizard|Charizard, L50, M|100/100
|switch|p2b: Klefki|Klefki, L50, F|100/100
|turn|1
|
|t:|1784204964
|move|p2a: Charizard|Protect|p2a: Charizard
|-singleturn|p2a: Charizard|Protect
|move|p1b: Blastoise|Fake Out|p2a: Charizard
|-activate|p2a: Charizard|move: Protect
|move|p2b: Klefki|Thunder Wave|p1b: Blastoise
|-status|p1b: Blastoise|par
|move|p1a: Umbreon|Foul Play|p2a: Charizard
|-activate|p2a: Charizard|move: Protect
|
|upkeep
|turn|2
|
|t:|1784204987
|switch|p2b: Garchomp|Garchomp, L50, F|100/100
|switch|p1b: Venusaur|Venusaur, L50, M|100/100
|detailschange|p2a: Charizard|Charizard-Mega-Y, L50, M
|-mega|p2a: Charizard|Charizard|Charizardite Y
|-weather|SunnyDay|[from] ability: Drought|[of] p2a: Charizard
|move|p2a: Charizard|Solar Beam||[still]
|-prepare|p2a: Charizard|Solar Beam
|-anim|p2a: Charizard|Solar Beam|p1b: Venusaur
|-resisted|p1b: Venusaur|2
|-damage|p1b: Venusaur|88/100
|move|p1a: Umbreon|Swagger|p2a: Charizard
|-boost|p2a: Charizard|atk|2
|-start|p2a: Charizard|confusion
|
|-weather|SunnyDay|[upkeep]
|-heal|p1b: Venusaur|94/100|[from] item: Leftovers
|upkeep
|turn|3
|
|t:|1784205023
|move|p1b: Venusaur|Sleep Powder|p2b: Garchomp|[miss]
|-miss|p1b: Venusaur|p2b: Garchomp
|move|p2b: Garchomp|Rock Slide|p1a: Umbreon|[spread] p1a,p1b
|-crit|p1a: Umbreon
|-damage|p1a: Umbreon|77/100
|-damage|p1b: Venusaur|71/100
|-activate|p2a: Charizard|confusion
|move|p2a: Charizard|Weather Ball|p1b: Venusaur
|-supereffective|p1b: Venusaur|1
|-damage|p1b: Venusaur|0 fnt
|faint|p1b: Venusaur
|move|p1a: Umbreon|Swagger|p2a: Charizard
|-boost|p2a: Charizard|atk|2
|
|-weather|SunnyDay|[upkeep]
|upkeep
|
|t:|1784205037
|switch|p1b: Blastoise|Blastoise, L50, F, shiny|100/100 par
|turn|4
|
|t:|1784205050
|-end|p2a: Charizard|confusion
|move|p2a: Charizard|Protect|p2a: Charizard
|-singleturn|p2a: Charizard|Protect
|move|p1b: Blastoise|Fake Out|p2a: Charizard
|-activate|p2a: Charizard|move: Protect
|move|p2b: Garchomp|Rock Slide|p1a: Umbreon|[spread] p1a
|-miss|p2b: Garchomp|p1b: Blastoise
|-damage|p1a: Umbreon|61/100
|move|p1a: Umbreon|Foul Play|p2a: Charizard
|-activate|p2a: Charizard|move: Protect
|
|-weather|SunnyDay|[upkeep]
|upkeep
|turn|5
|
|t:|1784205065
|move|p2b: Garchomp|Rock Slide|p1b: Blastoise|[spread] p1a,p1b
|-damage|p1a: Umbreon|47/100
|-damage|p1b: Blastoise|79/100 par
|move|p2a: Charizard|Solar Beam||[still]
|-prepare|p2a: Charizard|Solar Beam
|-anim|p2a: Charizard|Solar Beam|p1b: Blastoise
|-supereffective|p1b: Blastoise|1
|-damage|p1b: Blastoise|0 fnt
|faint|p1b: Blastoise
|move|p1a: Umbreon|Foul Play|p2a: Charizard
|-damage|p2a: Charizard|0 fnt
|faint|p2a: Charizard
|
|-weather|SunnyDay|[upkeep]
|upkeep
|
|t:|1784205076
|switch|p2a: Archaludon|Archaludon, L50, M|100/100
|switch|p1b: Banette|Banette, L50, F, shiny|100/100
|turn|6
|
|t:|1784205093
|detailschange|p1b: Banette|Banette-Mega, L50, F, shiny
|-mega|p1b: Banette|Banette|Banettite
|move|p2b: Garchomp|Rock Slide|p1a: Umbreon|[spread] p1b
|-miss|p2b: Garchomp|p1a: Umbreon
|-damage|p1b: Banette|71/100
|move|p2a: Archaludon|Dragon Pulse|p1a: Umbreon
|-damage|p1a: Umbreon|24/100
|move|p1b: Banette|Skitter Smack|p2a: Archaludon
|-resisted|p2a: Archaludon|1
|-damage|p2a: Archaludon|89/100
|-unboost|p2a: Archaludon|spa|1
|-ability|p2a: Archaludon|Stamina|boost
|-boost|p2a: Archaludon|def|1
|move|p1a: Umbreon|Swagger|p2a: Archaludon
|-boost|p2a: Archaludon|atk|2
|-start|p2a: Archaludon|confusion
|
|-weather|none
|-heal|p2a: Archaludon|95/100|[from] item: Leftovers
|upkeep
|turn|7
|
|t:|1784205129
|switch|p2a: Klefki|Klefki, L50, F|100/100
|move|p1b: Banette|Disable|p2b: Garchomp
|-start|p2b: Garchomp|Disable|Rock Slide
|cant|p2b: Garchomp|Disable|Rock Slide
|move|p1a: Umbreon|Toxic|p2b: Garchomp
|-status|p2b: Garchomp|tox
|
|-damage|p2b: Garchomp|94/100 tox|[from] psn
|upkeep
|turn|8
|
|t:|1784205159
|switch|p2b: Archaludon|Archaludon, L50, M|95/100
|move|p1b: Banette|Destiny Bond|p1b: Banette
|-singlemove|p1b: Banette|Destiny Bond
|move|p2a: Klefki|Foul Play|p1b: Banette
|-supereffective|p1b: Banette|1
|-damage|p1b: Banette|0 fnt
|faint|p1b: Banette
|-activate|p1b: Banette|move: Destiny Bond
|faint|p2a: Klefki
|move|p1a: Umbreon|Foul Play|p2b: Archaludon
|-damage|p2b: Archaludon|70/100
|-ability|p2b: Archaludon|Stamina|boost
|-boost|p2b: Archaludon|def|1
|
|-heal|p2b: Archaludon|76/100|[from] item: Leftovers
|upkeep
|
|t:|1784205172
|switch|p2a: Garchomp|Garchomp, L50, F|94/100 tox
|turn|9
|
|t:|1784205179
|move|p2a: Garchomp|Dragon Claw|p1a: Umbreon
|-damage|p1a: Umbreon|0 fnt
|faint|p1a: Umbreon
|
|win|thedrq
|raw|Welwitchia's rating: 1021 → 1009(-12 for losing)
|raw|thedrq's rating: 1059 → 1087(+28 for winning)
