|j|☆screwsalesman
|j|☆sbhaga34
|html|screwsalesmansbhaga34    
|uhtml|bestof|Game 2 of a best-of-3
|t:|1756616369
|gametype|doubles
|player|p1|screwsalesman|102|1336
|player|p2|sbhaga34|hugh|1413
|gen|9
|tier|[Gen 9] VGC 2025 Reg H (Bo3)
|rated|
|rule|Species Clause: Limit one of each Pokémon
|rule|Item Clause: Limit 1 of each item
|clearpoke
|poke|p1|Porygon2, L50|
|poke|p1|Incineroar, L50, M|
|poke|p1|Ursaluna, L50, F|
|poke|p1|Jumpluff, L50, M|
|poke|p1|Charizard, L50, M|
|poke|p1|Torkoal, L50, F|
|poke|p2|Indeedee-F, L50, F|
|poke|p2|Murkrow, L50, F|
|poke|p2|Tyranitar, L50, M|
|poke|p2|Excadrill, L50, F|
|poke|p2|Gardevoir, L50, M|
|poke|p2|Ursaluna-Bloodmoon, L50, M|
|teampreview|4
|showteam|p1|Porygon2||Eviolite|Download|TeraBlast,IceBeam,TrickRoom,Recover||||||50|,,,,,Fighting]Incineroar||SitrusBerry|Intimidate|FakeOut,KnockOff,FlareBlitz,PartingShot|||M|||50|,,,,,Ghost]Ursaluna||FlameOrb|Guts|HeadlongRush,Facade,Earthquake,Protect|||F|||50|,,,,,Ghost]Jumpluff||CovertCloak|Chlorophyll|RagePowder,SunnyDay,Tailwind,SleepPowder|||M|||50|,,,,,Water]Charizard||ChoiceSpecs|SolarPower|HeatWave,Overheat,WeatherBall,DragonPulse|||M|||50|,,,,,Ghost]Torkoal||EjectPack|Drought|Overheat,Eruption,HelpingHand,Protect|||F|||50|,,,,,Fire
|showteam|p2|Indeedee-F||SafetyGoggles|PsychicSurge|FollowMe,TrickRoom,Imprison,Psychic|||F|||50|,,,,,Fairy]Murkrow||Eviolite|Prankster|Tailwind,Haze,BraveBird,FoulPlay|||F|||50|,,,,,Ghost]Tyranitar||WeaknessPolicy|SandStream|RockSlide,KnockOff,LowKick,Protect|||M|||50|,,,,,Flying]Excadrill||FocusSash|SandRush|Earthquake,IronHead,SwordsDance,Protect|||F|||50|,,,,,Ground]Gardevoir||ChoiceScarf|Telepathy|ExpandingForce,DazzlingGleam,Moonblast,IcyWind|||M|||50|,,,,,Psychic]Ursaluna-Bloodmoon||LifeOrb|MindsEye|BloodMoon,HyperVoice,EarthPower,Protect|||M|||50|,,,,,Normal
|inactive|Battle timer is ON: inactive players will automatically lose when time's up. (requested by screwsalesman)
|
|t:|1756616379
|teamsize|p1|4
|teamsize|p2|4
|start
|switch|p1a: Charizard|Charizard, L50, M, shiny|100/100
|switch|p1b: Torkoal|Torkoal, L50, F|100/100
|switch|p2a: Indeedee|Indeedee-F, L50, F|100/100
|switch|p2b: Ursaluna|Ursaluna-Bloodmoon, L50, M|100/100
|-fieldstart|move: Psychic Terrain|[from] ability: Psychic Surge|[of] p2a: Indeedee
|-weather|SunnyDay|[from] ability: Drought|[of] p1b: Torkoal
|turn|1
|
|t:|1756616392
|switch|p2a: Tyranitar|Tyranitar, L50, M|100/100
|-weather|Sandstorm|[from] ability: Sand Stream|[of] p2a: Tyranitar
|-terastallize|p2b: Ursaluna|Normal
|move|p1b: Torkoal|Helping Hand|p1a: Charizard
|-singleturn|p1a: Charizard|Helping Hand|[of] p1b: Torkoal
|move|p1a: Charizard|Heat Wave|p2a: Tyranitar|[spread] p2a,p2b
|-resisted|p2a: Tyranitar
|-damage|p2a: Tyranitar|76/100
|-damage|p2b: Ursaluna|23/100
|move|p2b: Ursaluna|Hyper Voice|p1a: Charizard|[spread] p1a,p1b
|-damage|p1a: Charizard|8/100
|-damage|p1b: Torkoal|3/100
|-damage|p2b: Ursaluna|13/100|[from] item: Life Orb
|
|-weather|Sandstorm|[upkeep]
|-damage|p1a: Charizard|2/100|[from] Sandstorm
|-damage|p2b: Ursaluna|7/100|[from] Sandstorm
|-damage|p1b: Torkoal|0 fnt|[from] Sandstorm
|faint|p1b: Torkoal
|upkeep
|
|t:|1756616407
|switch|p1b: Porygon2|Porygon2, L50, shiny|100/100
|-ability|p1b: Porygon2|Download|boost
|-boost|p1b: Porygon2|spa|1
|turn|2
|
|t:|1756616429
|switch|p2b: Indeedee|Indeedee-F, L50, F|100/100
|-terastallize|p1b: Porygon2|Fighting
|move|p1a: Charizard|Heat Wave|p2a: Tyranitar|[spread] p2a,p2b
|-resisted|p2a: Tyranitar
|-damage|p2a: Tyranitar|59/100
|-damage|p2b: Indeedee|61/100
|move|p2a: Tyranitar|Rock Slide|p1b: Porygon2|[spread] p1a,p1b
|-supereffective|p1a: Charizard
|-resisted|p1b: Porygon2
|-damage|p1a: Charizard|0 fnt
|-damage|p1b: Porygon2|91/100
|faint|p1a: Charizard
|move|p1b: Porygon2|Tera Blast|p2a: Tyranitar|[anim] Tera Blast Fighting
|-supereffective|p2a: Tyranitar
|-damage|p2a: Tyranitar|0 fnt
|faint|p2a: Tyranitar
|
|-weather|Sandstorm|[upkeep]
|-damage|p1b: Porygon2|84/100|[from] Sandstorm
|upkeep
|
|t:|1756616446
|switch|p1a: Incineroar|Incineroar, L50, M|100/100
|switch|p2a: Gardevoir|Gardevoir, L50, M, shiny|100/100
|-ability|p1a: Incineroar|Intimidate|boost
|-unboost|p2a: Gardevoir|atk|1
|-unboost|p2b: Indeedee|atk|1
|turn|3
|
|t:|1756616456
|move|p2b: Indeedee|Follow Me|p2b: Indeedee
|-singleturn|p2b: Indeedee|move: Follow Me
|move|p2a: Gardevoir|Expanding Force|p1b: Porygon2|[spread] p1b
|-immune|p1a: Incineroar
|-supereffective|p1b: Porygon2
|-damage|p1b: Porygon2|9/100
|move|p1a: Incineroar|Knock Off|p2b: Indeedee
|-supereffective|p2b: Indeedee
|-damage|p2b: Indeedee|0 fnt
|-enditem|p2b: Indeedee|Safety Goggles|[from] move: Knock Off|[of] p1a: Incineroar
|faint|p2b: Indeedee
|move|p1b: Porygon2|Trick Room|p1b: Porygon2
|-fieldstart|move: Trick Room|[of] p1b: Porygon2
|
|-weather|Sandstorm|[upkeep]
|-damage|p1b: Porygon2|3/100|[from] Sandstorm
|-damage|p1a: Incineroar|95/100|[from] Sandstorm
|-damage|p2a: Gardevoir|95/100|[from] Sandstorm
|upkeep
|
|t:|1756616469
|switch|p2b: Ursaluna|Ursaluna-Bloodmoon, L50, M, tera:Normal|7/100
|turn|4
|
|t:|1756616479
|move|p2b: Ursaluna|Protect|p2b: Ursaluna
|-singleturn|p2b: Ursaluna|Protect
|move|p1b: Porygon2|Recover|p1b: Porygon2
|-heal|p1b: Porygon2|53/100
|move|p1a: Incineroar|Knock Off|p2b: Ursaluna
|-activate|p2b: Ursaluna|move: Protect
|move|p2a: Gardevoir|Expanding Force|p1a: Incineroar|[spread] p1b
|-immune|p1a: Incineroar
|-supereffective|p1b: Porygon2
|-damage|p1b: Porygon2|0 fnt
|faint|p1b: Porygon2
|
|-weather|Sandstorm|[upkeep]
|-damage|p1a: Incineroar|89/100|[from] Sandstorm
|-damage|p2b: Ursaluna|2/100|[from] Sandstorm
|-damage|p2a: Gardevoir|89/100|[from] Sandstorm
|upkeep
|turn|5
|-message|sbhaga34 forfeited.
|
|win|screwsalesman
|l|☆sbhaga34
|player|p2|
||sbhaga34 is ready for game 3.
||screwsalesman is ready for game 3.
|uhtml|next|Next: Game 3 of 3
