|j|☆raksbach
|j|☆EBnilla
|html|raksbachEBnilla    
|uhtml|bestof|Game 3 of a best-of-3
|t:|1783689549
|gametype|doubles
|player|p1|raksbach|169|1151
|player|p2|EBnilla|backpacker|1218
|gen|9
|tier|[Gen 9 Champions] VGC 2026 Reg M-B (Bo3)
|rated|
|rule|Species Clause: Limit one of each Pokémon
|rule|Item Clause: Limit 1 of each item
|clearpoke
|poke|p1|Incineroar, L50, M|
|poke|p1|Maushold, L50|
|poke|p1|Sinistcha, L50|
|poke|p1|Sneasler, L50, M|
|poke|p1|Blastoise, L50, F|
|poke|p1|Delphox, L50, M|
|poke|p2|Grimmsnarl, L50, M|
|poke|p2|Annihilape, L50, M|
|poke|p2|Raichu, L50, M|
|poke|p2|Sinistcha, L50|
|poke|p2|Drampa, L50, M|
|poke|p2|Incineroar, L50, M|
|teampreview|4
|showteam|p1|Incineroar||SitrusBerry|Intimidate|FakeOut,FlareBlitz,DarkestLariat,PartingShot|Impish||M|||50|]Maushold||ChopleBerry|FriendGuard|SuperFang,FollowMe,Protect,Feint|Impish|||||50|]Sinistcha||OccaBerry|Hospitality|MatchaGotcha,LifeDew,RagePowder,Protect|Bold|||||50|]Sneasler||FocusSash|PoisonTouch|FakeOut,CloseCombat,DireClaw,QuickGuard|Jolly||M|||50|]Blastoise||Blastoisinite|Torrent|WaterSpout,DarkPulse,ShellSmash,Protect|Modest||F|||50|]Delphox||Delphoxite|Blaze|HeatWave,Psychic,NastyPlot,Protect|Timid||M|||50|
|showteam|p2|Grimmsnarl||LightClay|Prankster|SpiritBreak,Reflect,LightScreen,PartingShot|Relaxed||M|||50|]Annihilape||Leftovers|Defiant|RageFist,DrainPunch,BulkUp,Protect|Careful||M|||50|]Raichu||RaichuniteY|Static|ZapCannon,FocusBlast,FakeOut,Protect|Timid||M|||50|]Sinistcha||SitrusBerry|Hospitality|MatchaGotcha,RagePowder,LifeDew,Protect|Calm|||||50|]Drampa||Drampanite|CloudNine|HyperVoice,DragonPulse,Snarl,Protect|Quiet||M|||50|]Incineroar||BlackGlasses|Intimidate|FlareBlitz,DarkestLariat,FakeOut,PartingShot|Adamant||M|||50|
|inactive|Battle timer is ON: inactive players will automatically lose when time's up. (requested by raksbach)
|inactive|raksbach has 60 seconds left.
|inactive|EBnilla has 60 seconds left.
|inactive|raksbach has 30 seconds left.
|inactive|raksbach has 20 seconds left.
|inactive|raksbach has 15 seconds left.
|inactive|raksbach has 10 seconds left.
|
|t:|1783689633
|teamsize|p1|4
|teamsize|p2|4
|start
|switch|p1a: Delphox|Delphox, L50, M|100/100
|switch|p1b: Sneasler|Sneasler, L50, M|100/100
|switch|p2a: Grimmsnarl|Grimmsnarl, L50, M|100/100
|switch|p2b: Incineroar|Incineroar, L50, M|100/100
|-ability|p2b: Incineroar|Intimidate|boost
|-unboost|p1a: Delphox|atk|1
|-unboost|p1b: Sneasler|atk|1
|turn|1
|
|t:|1783689651
|detailschange|p1a: Delphox|Delphox-Mega, L50, M
|-mega|p1a: Delphox|Delphox|Delphoxite
|move|p1b: Sneasler|Fake Out|p2b: Incineroar
|-damage|p2b: Incineroar|88/100
|cant|p2b: Incineroar|flinch
|move|p2a: Grimmsnarl|Reflect|p2a: Grimmsnarl
|-sidestart|p2: EBnilla|Reflect
|move|p1a: Delphox|Nasty Plot|p1a: Delphox
|-boost|p1a: Delphox|spa|2
|
|upkeep
|turn|2
|
|t:|1783689674
|move|p2a: Grimmsnarl|Parting Shot|p1b: Sneasler
|-unboost|p1b: Sneasler|atk|1
|-unboost|p1b: Sneasler|spa|1
|
|t:|1783689677
|switch|p2a: Drampa|Drampa, L50, M|100/100|[from] Parting Shot
|-ability|p2a: Drampa|Cloud Nine
|move|p1a: Delphox|Heat Wave|p2b: Incineroar|[spread] p2a,p2b
|-resisted|p2a: Drampa|1
|-resisted|p2b: Incineroar|1
|-damage|p2a: Drampa|52/100
|-damage|p2b: Incineroar|54/100
|-status|p2a: Drampa|brn
|move|p1b: Sneasler|Close Combat|p2b: Incineroar
|-supereffective|p2b: Incineroar|1
|-damage|p2b: Incineroar|11/100
|-unboost|p1b: Sneasler|def|1
|-unboost|p1b: Sneasler|spd|1
|move|p2b: Incineroar|Darkest Lariat|p1a: Delphox
|-supereffective|p1a: Delphox|1
|-crit|p1a: Delphox
|-damage|p1a: Delphox|0 fnt
|faint|p1a: Delphox
|
|-damage|p2a: Drampa|47/100 brn|[from] brn
|upkeep
|
|t:|1783689695
|switch|p1a: Sinistcha|Sinistcha, L50|100/100
|turn|3
|inactive|EBnilla has 30 seconds left.
|
|t:|1783689723
|move|p1b: Sneasler|Dire Claw|p2a: Drampa
|-damage|p2a: Drampa|32/100 brn
|move|p1a: Sinistcha|Matcha Gotcha|p2a: Drampa|[spread] p2a,p2b
|-resisted|p2a: Drampa|1
|-resisted|p2b: Incineroar|1
|-damage|p2a: Drampa|16/100 brn
|-damage|p2b: Incineroar|1/100
|move|p2b: Incineroar|Flare Blitz|p1a: Sinistcha
|-supereffective|p1a: Sinistcha|1
|-enditem|p1a: Sinistcha|Occa Berry|[eat]
|-enditem|p1a: Sinistcha|Occa Berry|[weaken]
|-damage|p1a: Sinistcha|47/100
|-damage|p2b: Incineroar|0 fnt|[from] Recoil
|faint|p2b: Incineroar
|move|p2a: Drampa|Hyper Voice|p1b: Sneasler|[spread] p1b
|-immune|p1a: Sinistcha
|-damage|p1b: Sneasler|14/100
|
|-damage|p2a: Drampa|10/100 brn|[from] brn
|upkeep
|
|t:|1783689743
|switch|p2b: Grimmsnarl|Grimmsnarl, L50, M|100/100
|turn|4
|
|t:|1783689750
|switch|p1b: Maushold|Maushold, L50|100/100
|move|p2b: Grimmsnarl|Light Screen|p2b: Grimmsnarl
|-sidestart|p2: EBnilla|move: Light Screen
|move|p1a: Sinistcha|Life Dew||[still]|[spread] p1a,p1b
|-heal|p1a: Sinistcha|73/100
|-fail|p1b: Maushold|heal
|move|p2a: Drampa|Snarl|p1b: Maushold|[spread] p1a,p1b
|-supereffective|p1a: Sinistcha|1
|-damage|p1a: Sinistcha|52/100
|-damage|p1b: Maushold|81/100
|-unboost|p1a: Sinistcha|spa|1
|-unboost|p1b: Maushold|spa|1
|
|-damage|p2a: Drampa|4/100 brn|[from] brn
|upkeep
|turn|5
|
|t:|1783689767
|move|p1b: Maushold|Super Fang|p2b: Grimmsnarl|[miss]
|-miss|p1b: Maushold|p2b: Grimmsnarl
|move|p1a: Sinistcha|Life Dew|p1a: Sinistcha|[spread] p1a,p1b
|-heal|p1a: Sinistcha|77/100
|-heal|p1b: Maushold|100/100
|move|p2b: Grimmsnarl|Spirit Break|p1b: Maushold
|-damage|p1b: Maushold|68/100
|-unboost|p1b: Maushold|spa|1
|move|p2a: Drampa|Hyper Voice|p1a: Sinistcha|[spread] p1b
|-immune|p1a: Sinistcha
|-damage|p1b: Maushold|27/100
|
|-damage|p2a: Drampa|0 fnt|[from] brn
|faint|p2a: Drampa
|upkeep
|
|t:|1783689772
|switch|p2a: Raichu|Raichu, L50, M|100/100
|turn|6
|
|t:|1783689784
|detailschange|p2a: Raichu|Raichu-Mega-Y, L50, M
|-mega|p2a: Raichu|Raichu|Raichunite Y
|move|p1b: Maushold|Protect|p1b: Maushold
|-singleturn|p1b: Maushold|Protect
|move|p2a: Raichu|Fake Out|p1b: Maushold
|-activate|p1b: Maushold|move: Protect
|move|p1a: Sinistcha|Matcha Gotcha|p2a: Raichu|[spread] p2a,p2b
|-damage|p2a: Raichu|81/100
|-heal|p1a: Sinistcha|84/100|[from] drain|[of] p2a: Raichu
|-damage|p2b: Grimmsnarl|88/100
|-heal|p1a: Sinistcha|90/100|[from] drain|[of] p2b: Grimmsnarl
|move|p2b: Grimmsnarl|Spirit Break|p1a: Sinistcha
|-damage|p1a: Sinistcha|70/100
|-unboost|p1a: Sinistcha|spa|1
|
|upkeep
|turn|7
|
|t:|1783689801
|switch|p1a: Sneasler|Sneasler, L50, M|14/100
|move|p1b: Maushold|Follow Me|p1b: Maushold
|-singleturn|p1b: Maushold|move: Follow Me
|move|p2a: Raichu|Zap Cannon|p1b: Maushold
|-damage|p1b: Maushold|0 fnt
|faint|p1b: Maushold
|move|p2b: Grimmsnarl|Spirit Break|p1a: Sneasler
|-damage|p1a: Sneasler|0 fnt
|faint|p1a: Sneasler
|
|upkeep
|-message|raksbach forfeited.
|
|win|EBnilla
|raw|raksbach's rating: 1151 → 1131(-20 for losing)
|raw|EBnilla's rating: 1218 → 1238(+20 for winning)
