|j|☆chefbenboyrd
|j|☆Polite Peony
|html|chefbenboyrdPolite Peony    
|uhtml|bestof|Game 1 of a best-of-3
|t:|1757024633
|gametype|doubles
|player|p1|chefbenboyrd|brawly|1082
|player|p2|Polite Peony|lady|1098
|gen|9
|tier|[Gen 9] VGC 2025 Reg H (Bo3)
|rated|
|rule|Species Clause: Limit one of each Pokémon
|rule|Item Clause: Limit 1 of each item
|clearpoke
|poke|p1|Whimsicott, L50, F|
|poke|p1|Hydreigon, L50, F|
|poke|p1|Incineroar, L50, F|
|poke|p1|Gholdengo, L50|
|poke|p1|Annihilape, L50, M|
|poke|p1|Basculegion, L50, M|
|poke|p2|Gholdengo, L50|
|poke|p2|Whimsicott, L50, F|
|poke|p2|Indeedee, L50, M|
|poke|p2|Archaludon, L50, M|
|poke|p2|Ursaluna-Bloodmoon, L50, M|
|poke|p2|Sneasler, L50, F|
|teampreview|4
|showteam|p1|Whimsicott||FocusSash|Prankster|SunnyDay,Encore,Tailwind,Moonblast|||F|||50|,,,,,Ghost]Hydreigon||ChoiceSpecs|Levitate|HeatWave,DracoMeteor,Snarl,DarkPulse|||F|||50|,,,,,Fire]Incineroar||SafetyGoggles|Intimidate|KnockOff,FakeOut,PartingShot,FlareBlitz|||F|||50|,,,,,Ghost]Gholdengo||LifeOrb|GoodasGold|Protect,MakeItRain,ShadowBall,NastyPlot||||||50|,,,,,Water]Annihilape||SitrusBerry|Defiant|Protect,Taunt,RageFist,DrainPunch|||M|||50|,,,,,Fire]Basculegion||ChoiceScarf|Adaptability|LastRespects,WaveCrash,AquaJet,FlipTurn|||M|||50|,,,,,Water
|showteam|p2|Gholdengo||ChoiceSpecs|GoodasGold|MakeItRain,DazzlingGleam,ShadowBall,Trick||||||50|,,,,,Fairy]Whimsicott||CovertCloak|Prankster|Moonblast,FakeTears,Tailwind,Taunt|||F|||50|,,,,,Water]Indeedee||FocusSash|PsychicSurge|ExpandingForce,Imprison,TeraBlast,TrickRoom|||M|||50|,,,,,Psychic]Archaludon||PowerHerb|Stalwart|Protect,DragonPulse,ElectroShot,Thunderbolt|||M|||50|,,,,,Electric]Ursaluna-Bloodmoon||LifeOrb|MindsEye|Protect,BloodMoon,EarthPower,HyperBeam|||M|||50|,,,,,Normal]Sneasler||PsychicSeed|Unburden|Protect,CloseCombat,DireClaw,ThroatChop|||F|||50|,,,,,Dark
|j| Jakub666
|l| Jakub666
|inactive|Battle timer is ON: inactive players will automatically lose when time's up. (requested by chefbenboyrd)
|
|t:|1757024684
|teamsize|p1|4
|teamsize|p2|4
|start
|switch|p1a: Incineroar|Incineroar, L50, F|100/100
|switch|p1b: Hydreigon|Hydreigon, L50, F|100/100
|switch|p2a: Whimsicott|Whimsicott, L50, F|100/100
|switch|p2b: Indeedee|Indeedee, L50, M|100/100
|-fieldstart|move: Psychic Terrain|[from] ability: Psychic Surge|[of] p2b: Indeedee
|-ability|p1a: Incineroar|Intimidate|boost
|-unboost|p2a: Whimsicott|atk|1
|-unboost|p2b: Indeedee|atk|1
|turn|1
|
|t:|1757024709
|switch|p2b: Sneasler|Sneasler, L50, F|100/100
|-enditem|p2b: Sneasler|Psychic Seed
|-boost|p2b: Sneasler|spd|1|[from] item: Psychic Seed
|move|p2a: Whimsicott|Tailwind|p2a: Whimsicott
|-sidestart|p2: Polite Peony|move: Tailwind
|move|p1b: Hydreigon|Dark Pulse|p2b: Sneasler
|-resisted|p2b: Sneasler
|-damage|p2b: Sneasler|70/100
|move|p1a: Incineroar|Flare Blitz|p2a: Whimsicott
|-supereffective|p2a: Whimsicott
|-damage|p2a: Whimsicott|0 fnt
|faint|p2a: Whimsicott
|-damage|p1a: Incineroar|73/100|[from] Recoil
|
|upkeep
|
|t:|1757024730
|switch|p2a: Gholdengo|Gholdengo, L50|100/100
|turn|2
|inactive|Polite Peony has 30 seconds left.
|
|t:|1757024758
|-terastallize|p2a: Gholdengo|Fairy
|-terastallize|p1b: Hydreigon|Fire
|move|p2b: Sneasler|Dire Claw|p1a: Incineroar
|-damage|p1a: Incineroar|33/100
|-status|p1a: Incineroar|slp
|move|p2a: Gholdengo|Dazzling Gleam|p1a: Incineroar|[spread] p1a,p1b
|-resisted|p1b: Hydreigon
|-damage|p1a: Incineroar|0 fnt
|-damage|p1b: Hydreigon|71/100
|faint|p1a: Incineroar
|move|p1b: Hydreigon|Dark Pulse|p2a: Gholdengo
|-resisted|p2a: Gholdengo
|-damage|p2a: Gholdengo|59/100
|
|upkeep
|
|t:|1757024775
|switch|p1a: Gholdengo|Gholdengo, L50|100/100
|turn|3
|
|t:|1757024788
|move|p2b: Sneasler|Throat Chop|p1a: Gholdengo
|-supereffective|p1a: Gholdengo
|-damage|p1a: Gholdengo|47/100
|-start|p1a: Gholdengo|Throat Chop|[silent]
|move|p2a: Gholdengo|Dazzling Gleam|p1a: Gholdengo|[spread] p1a,p1b
|-resisted|p1a: Gholdengo
|-resisted|p1b: Hydreigon
|-damage|p1a: Gholdengo|20/100
|-damage|p1b: Hydreigon|42/100
|move|p1b: Hydreigon|Dark Pulse|p2b: Sneasler
|-resisted|p2b: Sneasler
|-damage|p2b: Sneasler|40/100
|move|p1a: Gholdengo|Make It Rain|p2a: Gholdengo|[spread] p2a,p2b
|-supereffective|p2a: Gholdengo
|-damage|p2a: Gholdengo|0 fnt
|-damage|p2b: Sneasler|0 fnt
|-unboost|p1a: Gholdengo|spa|1
|faint|p2a: Gholdengo
|faint|p2b: Sneasler
|-damage|p1a: Gholdengo|11/100|[from] item: Life Orb
|
|upkeep
|
|t:|1757024800
|switch|p2b: Indeedee|Indeedee, L50, M|100/100
|turn|4
|
|t:|1757024808
|move|p2b: Indeedee|Expanding Force|p1b: Hydreigon|[spread] p1a,p1b
|-resisted|p1a: Gholdengo
|-damage|p1a: Gholdengo|0 fnt
|-damage|p1b: Hydreigon|0 fnt
|faint|p1a: Gholdengo
|faint|p1b: Hydreigon
|
|-sideend|p2: Polite Peony|move: Tailwind
|upkeep
|
|t:|1757024812
|switch|p1b: Basculegion|Basculegion, L50, M|100/100
|turn|5
|
|t:|1757024830
|move|p1b: Basculegion|Flip Turn|p2b: Indeedee
|-damage|p2b: Indeedee|18/100
|move|p2b: Indeedee|Expanding Force|p1b: Basculegion
|-damage|p1b: Basculegion|18/100
|
|-fieldend|move: Psychic Terrain
|upkeep
|turn|6
|
|t:|1757024835
|move|p1b: Basculegion|Flip Turn|p2b: Indeedee
|-damage|p2b: Indeedee|0 fnt
|faint|p2b: Indeedee
|
|win|chefbenboyrd
||Polite Peony is ready for game 2.
