|j|☆ToastedArt
|j|☆Elitefreund12
|html|ToastedArtElitefreund12    
|uhtml|bestof|Game 1 of a best-of-3
|t:|1785364061
|gametype|doubles
|player|p1|ToastedArt|iris|1129
|player|p2|Elitefreund12|benga|1179
|gen|9
|tier|[Gen 9 Champions] VGC 2026 Reg M-B (Bo3)
|rated|
|rule|Species Clause: Limit one of each Pokémon
|rule|Item Clause: Limit 1 of each item
|clearpoke
|poke|p1|Falinks, L50, shiny|
|poke|p1|Gholdengo, L50|
|poke|p1|Sinistcha, L50|
|poke|p1|Grimmsnarl, L50, M|
|poke|p1|Incineroar, L50, M|
|poke|p1|Rotom-Wash, L50|
|poke|p2|Farigiraf, L50, F|
|poke|p2|Staraptor, L50, F|
|poke|p2|Mawile, L50, M|
|poke|p2|Kangaskhan, L50, F|
|poke|p2|Kingambit, L50, F|
|poke|p2|Blastoise, L50, F|
|teampreview|4
|showteam|p1|Falinks||Falinksite|Defiant|NoRetreat,CloseCombat,RockSlide,Protect|Adamant|||||50|]Gholdengo||LifeOrb|GoodasGold|MakeItRain,ShadowBall,NastyPlot,Protect|Modest|||||50|]Sinistcha||CobaBerry|Hospitality|MatchaGotcha,RagePowder,TrickRoom,Protect|Relaxed|||||50|]Grimmsnarl||LightClay|Prankster|SpiritBreak,LightScreen,Reflect,PartingShot|Careful||M|||50|]Incineroar||SitrusBerry|Intimidate|FlareBlitz,DarkestLariat,PartingShot,FakeOut|Careful||M|||50|]Rotom-Wash||ChoiceScarf|Levitate|Electroweb,VoltSwitch,HydroPump,WillOWisp|Timid|||||50|
|showteam|p2|Farigiraf||SitrusBerry|ArmorTail|Thunderbolt,Psychic,TrickRoom,HelpingHand|Relaxed||F|||50|]Staraptor||ChoiceScarf|Intimidate|BraveBird,FinalGambit,CloseCombat,Uturn|Jolly||F|||50|]Mawile||Mawilite|HyperCutter|PlayRough,RockSlide,Protect,IronHead|Brave||M|||50|]Kangaskhan||SilkScarf|Scrappy|FakeOut,LastResort|Brave||F|||50|]Kingambit||LifeOrb|Defiant|LowKick,KowtowCleave,Protect,SuckerPunch|Brave||F|||50|]Blastoise||Blastoisinite|Torrent|FakeOut,AuraSphere,DarkPulse,WaterPulse|Quiet||F|||50|
|inactive|Battle timer is ON: inactive players will automatically lose when time's up. (requested by Elitefreund12)
|inactive|ToastedArt also wants the timer to be on.
|inactive|ToastedArt has 60 seconds left.
|inactive|Elitefreund12 has 60 seconds left.
|
|t:|1785364105
|teamsize|p1|4
|teamsize|p2|4
|start
|switch|p1a: Gholdengo|Gholdengo, L50|100/100
|switch|p1b: Grimmsnarl|Grimmsnarl, L50, M|100/100
|switch|p2a: Farigiraf|Farigiraf, L50, F|100/100
|switch|p2b: Blastoise|Blastoise, L50, F|100/100
|turn|1
|
|t:|1785364125
|detailschange|p2b: Blastoise|Blastoise-Mega, L50, F
|-mega|p2b: Blastoise|Blastoise|Blastoisinite
|move|p2b: Blastoise|Fake Out|p1b: Grimmsnarl
|-damage|p1b: Grimmsnarl|89/100
|cant|p1b: Grimmsnarl|flinch
|move|p1a: Gholdengo|Nasty Plot|p1a: Gholdengo
|-boost|p1a: Gholdengo|spa|2
|move|p2a: Farigiraf|Trick Room|p2a: Farigiraf
|-fieldstart|move: Trick Room|[of] p2a: Farigiraf
|
|upkeep
|turn|2
|
|t:|1785364149
|move|p2a: Farigiraf|Helping Hand|p2b: Blastoise
|-singleturn|p2b: Blastoise|Helping Hand|[of] p2a: Farigiraf
|move|p1b: Grimmsnarl|Light Screen|p1b: Grimmsnarl
|-sidestart|p1: ToastedArt|move: Light Screen
|move|p2b: Blastoise|Dark Pulse|p1a: Gholdengo
|-supereffective|p1a: Gholdengo|1
|-damage|p1a: Gholdengo|0 fnt
|faint|p1a: Gholdengo
|
|upkeep
|
|t:|1785364158
|switch|p1a: Falinks|Falinks, L50, shiny|100/100
|turn|3
|
|t:|1785364166
|detailschange|p1a: Falinks|Falinks-Mega, L50, shiny
|-mega|p1a: Falinks|Falinks|Falinksite
|move|p1b: Grimmsnarl|Reflect|p1b: Grimmsnarl
|-sidestart|p1: ToastedArt|Reflect
|move|p2a: Farigiraf|Psychic|p1a: Falinks
|-supereffective|p1a: Falinks|1
|-damage|p1a: Falinks|40/100
|move|p2b: Blastoise|Water Pulse|p1b: Grimmsnarl
|-crit|p1b: Grimmsnarl
|-damage|p1b: Grimmsnarl|19/100
|move|p1a: Falinks|No Retreat|p1a: Falinks
|-boost|p1a: Falinks|atk|1
|-boost|p1a: Falinks|def|1
|-boost|p1a: Falinks|spa|1
|-boost|p1a: Falinks|spd|1
|-boost|p1a: Falinks|spe|1
|-start|p1a: Falinks|move: No Retreat
|
|upkeep
|turn|4
|
|t:|1785364184
|switch|p1b: Sinistcha|Sinistcha, L50|100/100
|-heal|p1a: Falinks|65/100|[from] ability: Hospitality|[of] p1b: Sinistcha
|move|p1a: Falinks|Protect|p1a: Falinks
|-singleturn|p1a: Falinks|Protect
|move|p2a: Farigiraf|Psychic|p1a: Falinks
|-activate|p1a: Falinks|move: Protect
|move|p2b: Blastoise|Water Pulse|p1a: Falinks
|-activate|p1a: Falinks|move: Protect
|
|upkeep
|turn|5
|
|t:|1785364204
|move|p2a: Farigiraf|Psychic|p1a: Falinks
|-supereffective|p1a: Falinks|1
|-damage|p1a: Falinks|27/100
|move|p1b: Sinistcha|Matcha Gotcha|p2a: Farigiraf|[spread] p2a
|-miss|p1b: Sinistcha|p2b: Blastoise
|-crit|p2a: Farigiraf
|-damage|p2a: Farigiraf|69/100
|move|p2b: Blastoise|Dark Pulse|p1b: Sinistcha
|-supereffective|p1b: Sinistcha|1
|-damage|p1b: Sinistcha|46/100
|move|p1a: Falinks|Rock Slide|p2b: Blastoise|[spread] p2a,p2b
|-damage|p2a: Farigiraf|46/100
|-damage|p2b: Blastoise|75/100
|-enditem|p2a: Farigiraf|Sitrus Berry|[eat]
|-heal|p2a: Farigiraf|71/100|[from] item: Sitrus Berry
|
|-fieldend|move: Trick Room
|upkeep
|turn|6
|inactive|ToastedArt has 30 seconds left.
|
|t:|1785364239
|move|p1b: Sinistcha|Rage Powder|p1b: Sinistcha
|-singleturn|p1b: Sinistcha|move: Rage Powder
|move|p1a: Falinks|Close Combat|p2b: Blastoise
|-damage|p2b: Blastoise|0 fnt
|-unboost|p1a: Falinks|def|1
|-unboost|p1a: Falinks|spd|1
|faint|p2b: Blastoise
|move|p2a: Farigiraf|Trick Room|p2a: Farigiraf
|-fieldstart|move: Trick Room|[of] p2a: Farigiraf
|
|upkeep
|
|t:|1785364246
|switch|p2b: Kangaskhan|Kangaskhan, L50, F|100/100
|turn|7
|
|t:|1785364251
|move|p1a: Falinks|Protect|p1a: Falinks
|-singleturn|p1a: Falinks|Protect
|move|p2b: Kangaskhan|Fake Out|p1b: Sinistcha
|-damage|p1b: Sinistcha|33/100
|move|p2a: Farigiraf|Psychic|p1a: Falinks
|-activate|p1a: Falinks|move: Protect
|cant|p1b: Sinistcha|flinch
|
|upkeep
|turn|8
|
|t:|1785364263
|move|p1b: Sinistcha|Rage Powder|p1b: Sinistcha
|-singleturn|p1b: Sinistcha|move: Rage Powder
|move|p2a: Farigiraf|Psychic|p1b: Sinistcha
|-damage|p1b: Sinistcha|11/100
|move|p2b: Kangaskhan|Last Resort|p1b: Sinistcha
|-damage|p1b: Sinistcha|0 fnt
|faint|p1b: Sinistcha
|move|p1a: Falinks|Close Combat|p2b: Kangaskhan
|-supereffective|p2b: Kangaskhan|1
|-damage|p2b: Kangaskhan|0 fnt
|-unboost|p1a: Falinks|def|1
|-unboost|p1a: Falinks|spd|1
|faint|p2b: Kangaskhan
|
|upkeep
|
|t:|1785364272
|switch|p1b: Grimmsnarl|Grimmsnarl, L50, M|19/100
|switch|p2b: Kingambit|Kingambit, L50, F|100/100
|turn|9
|
|t:|1785364281
|move|p1a: Falinks|Protect|p1a: Falinks
|-singleturn|p1a: Falinks|Protect
|move|p2b: Kingambit|Low Kick|p1b: Grimmsnarl
|-damage|p1b: Grimmsnarl|0 fnt
|faint|p1b: Grimmsnarl
|-damage|p2b: Kingambit|90/100|[from] item: Life Orb
|move|p2a: Farigiraf|Psychic|p1a: Falinks
|-activate|p1a: Falinks|move: Protect
|
|-sideend|p1: ToastedArt|move: Light Screen
|upkeep
|turn|10
|
|t:|1785364292
|move|p1a: Falinks|Protect||[still]
|-fail|p1a: Falinks
|move|p2b: Kingambit|Low Kick|p1a: Falinks
|-damage|p1a: Falinks|0 fnt
|faint|p1a: Falinks
|-damage|p2b: Kingambit|80/100|[from] item: Life Orb
|
|win|Elitefreund12
