|j|☆kirkin07
|j|☆vilan333
|html|kirkin07vilan333    
|uhtml|bestof|Game 3 of a best-of-3
|t:|1782366561
|gametype|doubles
|player|p1|kirkin07|169|1185
|player|p2|vilan333|marshal|1138
|gen|9
|tier|[Gen 9 Champions] VGC 2026 Reg M-B (Bo3)
|rated|
|rule|Species Clause: Limit one of each Pokémon
|rule|Item Clause: Limit 1 of each item
|clearpoke
|poke|p1|Blaziken, L50, F|
|poke|p1|Basculegion, L50, M|
|poke|p1|Hydreigon, L50, M|
|poke|p1|Farigiraf, L50, F|
|poke|p1|Metagross, L50|
|poke|p1|Whimsicott, L50, F|
|poke|p2|Farigiraf, L50, M|
|poke|p2|Torkoal, L50, M|
|poke|p2|Pyroar, L50, F|
|poke|p2|Basculegion, L50, M|
|poke|p2|Floette-Eternal, L50, F|
|poke|p2|Whimsicott, L50, F|
|teampreview|4
|showteam|p1|Blaziken||Blazikenite|SpeedBoost|FlareBlitz,CloseCombat,Detect,RockSlide|Adamant||F|||50|]Basculegion||LifeOrb|Adaptability|AquaJet,LastRespects,WaveCrash,Protect|Adamant||M|||50|]Hydreigon||ChoiceScarf|Levitate|EarthPower,DracoMeteor,DarkPulse,Snarl|Modest||M|||50|]Farigiraf||SitrusBerry|ArmorTail|Thunderbolt,Psychic,TrickRoom,Roar|Bold||F|||50|]Metagross||Metagrossite|ClearBody|IcePunch,PsychicFangs,Protect,IronHead|Jolly|||||50|]Whimsicott||FocusSash|Prankster|EnergyBall,Moonblast,Tailwind,Protect|Timid||F|||50|
|showteam|p2|Farigiraf||ColburBerry|ArmorTail|Psychic,TrickRoom,Thunderbolt,HelpingHand|Quiet||M|||50|]Torkoal||Charcoal|Drought|Eruption,HeatWave,EarthPower,Protect|Quiet||M|||50|]Pyroar||Pyroarite|Unnerve|HeatWave,Overheat,Protect,SolarBeam|Timid||F|||50|]Basculegion||LifeOrb|Adaptability|AquaJet,Liquidation,Protect,LastRespects|Adamant||M|||50|]Floette-Eternal||Floettite|FlowerVeil|DazzlingGleam,Moonblast,Protect,LightofRuin|Modest||F|||50|]Whimsicott||FocusSash|Prankster|Tailwind,SunnyDay,Moonblast,Encore|Serious||F|||50|
|inactive|Battle timer is ON: inactive players will automatically lose when time's up. (requested by kirkin07)
|inactive|kirkin07 has 60 seconds left.
|inactive|vilan333 has 60 seconds left.
|inactive|kirkin07 has 30 seconds left.
|
|t:|1782366627
|teamsize|p1|4
|teamsize|p2|4
|start
|switch|p1a: Blaziken|Blaziken, L50, F|100/100
|switch|p1b: Whimsicott|Whimsicott, L50, F|100/100
|switch|p2a: Whimsicott|Whimsicott, L50, F|100/100
|switch|p2b: Pyroar|Pyroar, L50, F|100/100
|-ability|p2b: Pyroar|Unnerve
|turn|1
|inactive|vilan333 has 30 seconds left.
|
|t:|1782366659
|detailschange|p2b: Pyroar|Pyroar-Mega, L50, F
|-mega|p2b: Pyroar|Pyroar|Pyroarite
|detailschange|p1a: Blaziken|Blaziken-Mega, L50, F
|-mega|p1a: Blaziken|Blaziken|Blazikenite
|move|p1a: Blaziken|Detect|p1a: Blaziken
|-singleturn|p1a: Blaziken|Protect
|move|p1b: Whimsicott|Tailwind|p1b: Whimsicott
|-sidestart|p1: kirkin07|move: Tailwind
|move|p2a: Whimsicott|Tailwind|p2a: Whimsicott
|-sidestart|p2: vilan333|move: Tailwind
|move|p2b: Pyroar|Heat Wave|p1a: Blaziken|[spread] p1b
|-activate|p1a: Blaziken|move: Protect
|-supereffective|p1b: Whimsicott|1
|-enditem|p1b: Whimsicott|Focus Sash
|-damage|p1b: Whimsicott|1/100
|-status|p1b: Whimsicott|brn
|
|-damage|p1b: Whimsicott|0 fnt|[from] brn
|faint|p1b: Whimsicott
|-ability|p1a: Blaziken|Speed Boost|boost
|-boost|p1a: Blaziken|spe|1
|upkeep
|inactive|kirkin07 has 30 seconds left.
|
|t:|1782366692
|switch|p1b: Farigiraf|Farigiraf, L50, F|100/100
|turn|2
|
|t:|1782366707
|switch|p2b: Floette|Floette-Eternal, L50, F|100/100
|move|p1a: Blaziken|Close Combat|p2b: Floette
|-resisted|p2b: Floette|1
|-damage|p2b: Floette|48/100
|-unboost|p1a: Blaziken|def|1
|-unboost|p1a: Blaziken|spd|1
|move|p2a: Whimsicott|Moonblast|p1a: Blaziken
|-damage|p1a: Blaziken|23/100
|move|p1b: Farigiraf|Psychic|p2a: Whimsicott
|-damage|p2a: Whimsicott|40/100
|
|-ability|p1a: Blaziken|Speed Boost|boost
|-boost|p1a: Blaziken|spe|1
|upkeep
|turn|3
|
|t:|1782366727
|move|p1a: Blaziken|Detect|p1a: Blaziken
|-singleturn|p1a: Blaziken|Protect
|move|p2a: Whimsicott|Moonblast|p1a: Blaziken
|-activate|p1a: Blaziken|move: Protect
|move|p2b: Floette|Light of Ruin|p1b: Farigiraf
|-damage|p1b: Farigiraf|35/100
|-enditem|p1b: Farigiraf|Sitrus Berry|[eat]
|-heal|p1b: Farigiraf|60/100|[from] item: Sitrus Berry
|-damage|p2b: Floette|9/100|[from] Recoil
|move|p1b: Farigiraf|Psychic|p2a: Whimsicott
|-damage|p2a: Whimsicott|0 fnt
|faint|p2a: Whimsicott
|
|-ability|p1a: Blaziken|Speed Boost|boost
|-boost|p1a: Blaziken|spe|1
|upkeep
|
|t:|1782366747
|switch|p2a: Pyroar|Pyroar-Mega, L50, F|100/100
|turn|4
|
|t:|1782366760
|move|p1a: Blaziken|Rock Slide|p2b: Floette|[spread] p2a,p2b
|-supereffective|p2a: Pyroar|1
|-damage|p2a: Pyroar|46/100
|-damage|p2b: Floette|0 fnt
|faint|p2b: Floette
|move|p2a: Pyroar|Heat Wave|p1a: Blaziken|[spread] p1a,p1b
|-resisted|p1a: Blaziken|1
|-damage|p1a: Blaziken|0 fnt
|-damage|p1b: Farigiraf|7/100
|faint|p1a: Blaziken
|move|p1b: Farigiraf|Psychic|p2a: Pyroar
|-damage|p2a: Pyroar|4/100
|
|-sideend|p2: vilan333|move: Tailwind
|-sideend|p1: kirkin07|move: Tailwind
|upkeep
|
|t:|1782366773
|switch|p1a: Hydreigon|Hydreigon, L50, M|100/100
|switch|p2b: Red Fish|Basculegion, L50, M|100/100
|turn|5
|-message|vilan333 forfeited.
|
|win|kirkin07
|raw|kirkin07's rating: 1185 → 1207(+22 for winning)
|raw|vilan333's rating: 1138 → 1116(-22 for losing)
|l|☆vilan333
|player|p2|
|j|☆vilan333
|player|p2|vilan333|marshal|
