|j|☆joniboyee
|j|☆sum1dum
|html|joniboyeesum1dum    
|uhtml|bestof|Game 1 of a best-of-3
|t:|1783302848
|gametype|doubles
|player|p1|joniboyee|265|1175
|player|p2|sum1dum|rosa|1135
|gen|9
|tier|[Gen 9 Champions] VGC 2026 Reg M-B (Bo3)
|rated|
|rule|Species Clause: Limit one of each Pokémon
|rule|Item Clause: Limit 1 of each item
|clearpoke
|poke|p1|Charizard, L50, M|
|poke|p1|Whimsicott, L50, F|
|poke|p1|Annihilape, L50, F|
|poke|p1|Garchomp, L50, M|
|poke|p1|Eelektross, L50, M|
|poke|p1|Aerodactyl, L50, F|
|poke|p2|Gliscor, L50, F|
|poke|p2|Primarina, L50, F|
|poke|p2|Metagross, L50|
|poke|p2|Ninetales-Alola, L50, M|
|poke|p2|Incineroar, L50, F|
|poke|p2|Sinistcha, L50|
|teampreview|4
|showteam|p1|Charizard||CharizarditeY|Blaze|HeatWave,SolarBeam,WeatherBall,Protect|Timid||M|||50|]Whimsicott||MentalHerb|Prankster|Tailwind,BeatUp,Moonblast,Encore|Bold||F|||50|]Annihilape||SitrusBerry|Defiant|RageFist,CloseCombat,DrainPunch,Protect|Jolly||F|||50|]Garchomp||LifeOrb|RoughSkin|SwordsDance,Earthquake,DragonClaw,Protect|Jolly||M|||50|]Eelektross||Eelektrossite|Levitate|Discharge,VoltSwitch,Flamethrower,Thunderbolt|Timid||M|||50|]Aerodactyl||FocusSash|RockHead|WideGuard,RockSlide,DualWingbeat,Protect|Jolly||F|||50|
|showteam|p2|Gliscor||LifeOrb|HyperCutter|DualWingbeat,HighHorsepower,Protect,RockSlide|Jolly||F|||50|]Primarina||Leftovers|LiquidVoice|CalmMind,HyperVoice,Moonblast,Protect|Modest||F|||50|]Metagross||Metagrossite|ClearBody|BulletPunch,IronHead,Protect,PsychicFangs|Jolly|||||50|]Ninetales-Alola||LightClay|SnowWarning|AuroraVeil,FreezeDry,Moonblast,Protect|Timid||M|||50|]Incineroar||ChopleBerry|Intimidate|FakeOut,FlareBlitz,DarkestLariat,PartingShot|Impish||F|||50|]Sinistcha||SitrusBerry|Hospitality|MatchaGotcha,Protect,LifeDew,RagePowder|Bold|||||50|
|inactive|Battle timer is ON: inactive players will automatically lose when time's up. (requested by sum1dum)
|inactive|joniboyee has 60 seconds left.
|inactive|sum1dum has 60 seconds left.
|inactive|sum1dum has 30 seconds left.
|inactive|sum1dum has 20 seconds left.
|inactive|sum1dum has 15 seconds left.
|
|t:|1783302924
|teamsize|p1|4
|teamsize|p2|4
|start
|switch|p1a: Charizard|Charizard, L50, M|100/100
|switch|p1b: Whimsicott|Whimsicott, L50, F|100/100
|switch|p2a: Perserverance|Metagross, L50|100/100
|switch|p2b: Justice|Incineroar, L50, F|100/100
|-ability|p2b: Justice|Intimidate|boost
|-unboost|p1a: Charizard|atk|1
|-unboost|p1b: Whimsicott|atk|1
|turn|1
|inactive|joniboyee has 30 seconds left.
|inactive|joniboyee has 20 seconds left.
|
|t:|1783302961
|switch|p1a: Annihilape|Annihilape, L50, F|100/100
|detailschange|p2a: Perserverance|Metagross-Mega, L50
|-mega|p2a: Perserverance|Metagross|Metagrossite
|move|p2b: Justice|Fake Out|p1a: Annihilape
|-immune|p1a: Annihilape
|move|p2a: Perserverance|Psychic Fangs|p1a: Annihilape
|-supereffective|p1a: Annihilape|1
|-damage|p1a: Annihilape|0 fnt
|faint|p1a: Annihilape
|move|p1b: Whimsicott|Beat Up|p1: Annihilape|[notarget]
|-fail|p1b: Whimsicott
|
|upkeep
|
|t:|1783302981
|switch|p1a: Charizard|Charizard, L50, M|100/100
|turn|2
|
|t:|1783302996
|switch|p2a: Bravery|Gliscor, L50, F|100/100
|detailschange|p1a: Charizard|Charizard-Mega-Y, L50, M
|-mega|p1a: Charizard|Charizard|Charizardite Y
|-weather|SunnyDay|[from] ability: Drought|[of] p1a: Charizard
|move|p1b: Whimsicott|Tailwind|p1b: Whimsicott
|-sidestart|p1: joniboyee|move: Tailwind
|move|p1a: Charizard|Heat Wave|p2a: Bravery|[spread] 
|-miss|p1a: Charizard|p2a: Bravery
|-miss|p1a: Charizard|p2b: Justice
|move|p2b: Justice|Parting Shot|p1a: Charizard
|-unboost|p1a: Charizard|atk|1
|-unboost|p1a: Charizard|spa|1
|
|t:|1783303001
|switch|p2b: Integrity|Ninetales-Alola, L50, M|100/100|[from] Parting Shot
|-weather|Snowscape|[from] ability: Snow Warning|[of] p2b: Integrity
|
|-weather|Snowscape|[upkeep]
|upkeep
|turn|3
|inactive|joniboyee has 30 seconds left.
|inactive|sum1dum has 30 seconds left.
|inactive|joniboyee has 20 seconds left.
|inactive|joniboyee has 15 seconds left.
|inactive|joniboyee has 10 seconds left.
|inactive|joniboyee has 5 seconds left.
|
|t:|1783303054
|switch|p1b: Aerodactyl|Aerodactyl, L50, F|100/100
|move|p2a: Bravery|Protect|p2a: Bravery
|-singleturn|p2a: Bravery|Protect
|move|p1a: Charizard|Weather Ball|p2a: Bravery
|-activate|p2a: Bravery|move: Protect
|move|p2b: Integrity|Aurora Veil|p2b: Integrity
|-sidestart|p2: sum1dum|move: Aurora Veil
|
|-weather|Snowscape|[upkeep]
|upkeep
|turn|4
|inactive|joniboyee has 30 seconds left.
|
|t:|1783303081
|switch|p1a: Whimsicott|Whimsicott, L50, F|100/100
|switch|p2a: Justice|Incineroar, L50, F|100/100
|-ability|p2a: Justice|Intimidate|boost
|-unboost|p1a: Whimsicott|atk|1
|-unboost|p1b: Aerodactyl|atk|1
|move|p1b: Aerodactyl|Rock Slide|p2b: Integrity|[spread] p2a
|-miss|p1b: Aerodactyl|p2b: Integrity
|-supereffective|p2a: Justice|1
|-damage|p2a: Justice|81/100
|move|p2b: Integrity|Freeze-Dry|p1b: Aerodactyl
|-supereffective|p1b: Aerodactyl|1
|-damage|p1b: Aerodactyl|26/100
|
|-weather|Snowscape|[upkeep]
|upkeep
|turn|5
|inactive|joniboyee has 30 seconds left.
|
|t:|1783303110
|move|p2a: Justice|Fake Out|p1a: Whimsicott
|-damage|p1a: Whimsicott|90/100
|move|p1b: Aerodactyl|Rock Slide|p2a: Justice|[spread] p2a,p2b
|-supereffective|p2a: Justice|1
|-supereffective|p2b: Integrity|1
|-damage|p2a: Justice|63/100
|-damage|p2b: Integrity|76/100
|cant|p1a: Whimsicott|flinch
|cant|p2b: Integrity|flinch
|
|-weather|Snowscape|[upkeep]
|-sideend|p1: joniboyee|move: Tailwind
|upkeep
|turn|6
|
|t:|1783303132
|switch|p2b: Bravery|Gliscor, L50, F|100/100
|move|p1b: Aerodactyl|Rock Slide|p2a: Justice|[spread] p2a,p2b
|-supereffective|p2a: Justice|1
|-damage|p2a: Justice|45/100
|-damage|p2b: Bravery|88/100
|move|p1a: Whimsicott|Moonblast|p2b: Bravery
|-damage|p2b: Bravery|64/100
|move|p2a: Justice|Flare Blitz|p1a: Whimsicott
|-supereffective|p1a: Whimsicott|1
|-damage|p1a: Whimsicott|13/100
|-damage|p2a: Justice|24/100|[from] Recoil
|
|-weather|none
|upkeep
|turn|7
|inactive|joniboyee has 30 seconds left.
|
|t:|1783303160
|move|p1b: Aerodactyl|Rock Slide|p2a: Justice|[spread] p2a,p2b
|-supereffective|p2a: Justice|1
|-damage|p2a: Justice|6/100
|-damage|p2b: Bravery|53/100
|cant|p2b: Bravery|flinch
|move|p1a: Whimsicott|Moonblast|p2a: Justice
|-damage|p2a: Justice|0 fnt
|faint|p2a: Justice
|
|upkeep
|
|t:|1783303164
|switch|p2a: Perserverance|Metagross-Mega, L50|100/100
|turn|8
|
|t:|1783303188
|move|p2a: Perserverance|Bullet Punch|p1a: Whimsicott
|-supereffective|p1a: Whimsicott|1
|-damage|p1a: Whimsicott|0 fnt
|faint|p1a: Whimsicott
|move|p1b: Aerodactyl|Rock Slide|p2b: Bravery|[spread] p2a,p2b
|-resisted|p2a: Perserverance|1
|-damage|p2a: Perserverance|95/100
|-damage|p2b: Bravery|41/100
|move|p2b: Bravery|Rock Slide|p1b: Aerodactyl
|-supereffective|p1b: Aerodactyl|1
|-damage|p1b: Aerodactyl|0 fnt
|faint|p1b: Aerodactyl
|-damage|p2b: Bravery|31/100|[from] item: Life Orb
|
|upkeep
|
|t:|1783303199
|switch|p1a: Charizard|Charizard-Mega-Y, L50, M|100/100
|-weather|SunnyDay|[from] ability: Drought|[of] p1a: Charizard
|turn|9
|
|t:|1783303207
|switch|p2b: Integrity|Ninetales-Alola, L50, M|76/100
|-weather|Snowscape|[from] ability: Snow Warning|[of] p2b: Integrity
|move|p2a: Perserverance|Psychic Fangs|p1a: Charizard
|-damage|p1a: Charizard|18/100
|move|p1a: Charizard|Heat Wave|p2a: Perserverance|[spread] p2a,p2b
|-supereffective|p2a: Perserverance|1
|-supereffective|p2b: Integrity|1
|-damage|p2a: Perserverance|39/100
|-damage|p2b: Integrity|6/100
|
|-weather|Snowscape|[upkeep]
|upkeep
|turn|10
|
|t:|1783303219
|move|p2b: Integrity|Protect|p2b: Integrity
|-singleturn|p2b: Integrity|Protect
|move|p2a: Perserverance|Bullet Punch|p1a: Charizard
|-resisted|p1a: Charizard|1
|-damage|p1a: Charizard|0 fnt
|faint|p1a: Charizard
|
|win|sum1dum
