|j|â˜†Dippiedaan
|j|â˜†Carrielis
|html|DippiedaanCarrielis    
|uhtml|bestof|Game 3 of a best-of-3
|t:|1783412554
|gametype|doubles
|player|p1|Dippiedaan|skyla|1125
|player|p2|Carrielis|erika-masters3|1148
|gen|9
|tier|[Gen 9 Champions] VGC 2026 Reg M-B (Bo3)
|rated|
|rule|Species Clause: Limit one of each PokÃ©mon
|rule|Item Clause: Limit 1 of each item
|clearpoke
|poke|p1|Basculegion, L50, M|
|poke|p1|Garchomp, L50, F|
|poke|p1|Kingambit, L50, F|
|poke|p1|Sylveon, L50, F|
|poke|p1|Aerodactyl, L50, F|
|poke|p1|Charizard, L50, M|
|poke|p2|Delphox, L50, F|
|poke|p2|Toxapex, L50, F, shiny|
|poke|p2|Sinistcha-Masterpiece, L50|
|poke|p2|Sneasler, L50, M|
|poke|p2|Kingambit, L50, F, shiny|
|poke|p2|Ninetales-Alola, L50, F|
|teampreview|4
|showteam|p1|Basculegion||FocusSash|Adaptability|Protect,LastRespects,AquaJet,Liquidation|Jolly||M|||50|]Garchomp||LifeOrb|RoughSkin|RockTomb,Earthquake,DragonClaw,Protect|Jolly||F|||50|]Kingambit||ChopleBerry|Defiant|SuckerPunch,KowtowCleave,LowKick,IronHead|Adamant||F|||50|]Sylveon||FairyFeather|Pixilate|Detect,HyperVoice,Moonblast,QuickAttack|Modest||F|||50|]Aerodactyl||Aerodactylite|Unnerve|Tailwind,DualWingbeat,RockSlide,Protect|Jolly||F|||50|]Charizard||CharizarditeY|Blaze|HeatWave,SolarBeam,WeatherBall,Protect|Modest||M|||50|
|showteam|p2|Delphox||Delphoxite|Blaze|HeatWave,Psyshock,NastyPlot,Protect|Modest||F|||50|]Toxapex||Leftovers|Regenerator|WideGuard,Toxic,Infestation,BanefulBunker|Calm||F|||50|]Sinistcha-Masterpiece||KasibBerry|Hospitality|MatchaGotcha,RagePowder,TrickRoom,Protect|Bold|||||50|]Sneasler||FocusSash|PoisonTouch|FakeOut,DireClaw,CloseCombat,Protect|Jolly||M|||50|]Kingambit||BlackGlasses|Defiant|KowtowCleave,SuckerPunch,SwordsDance,Protect|Adamant||F|||50|]Ninetales-Alola||NeverMeltIce|SnowWarning|FreezeDry,Blizzard,Encore,Protect|Timid||F|||50|
|
|t:|1783412588
|teamsize|p1|4
|teamsize|p2|4
|start
|switch|p1a: Kingambit|Kingambit, L50, F|100/100
|switch|p1b: Aerodactyl|Aerodactyl, L50, F|100/100
|switch|p2a: Ninetales|Ninetales-Alola, L50, F|100/100
|switch|p2b: Sneasler|Sneasler, L50, M|100/100
|-ability|p1b: Aerodactyl|Unnerve
|-weather|Snowscape|[from] ability: Snow Warning|[of] p2a: Ninetales
|turn|1
|
|t:|1783412627
|detailschange|p1b: Aerodactyl|Aerodactyl-Mega, L50, F
|-mega|p1b: Aerodactyl|Aerodactyl|Aerodactylite
|move|p2b: Sneasler|Fake Out|p1a: Kingambit
|-resisted|p1a: Kingambit|1
|-damage|p1a: Kingambit|95/100
|move|p1b: Aerodactyl|Dual Wingbeat|p2b: Sneasler
|-supereffective|p2b: Sneasler|1
|-damage|p2b: Sneasler|12/100
|-supereffective|p2b: Sneasler|1
|-damage|p2b: Sneasler|0 fnt
|faint|p2b: Sneasler
|-hitcount|p2: Sneasler|2
|move|p2a: Ninetales|Blizzard|p1b: Aerodactyl|[spread] p1a,p1b
|-resisted|p1a: Kingambit|1
|-supereffective|p1b: Aerodactyl|1
|-damage|p1a: Kingambit|79/100
|-damage|p1b: Aerodactyl|28/100
|-status|p1a: Kingambit|frz
|-status|p1b: Aerodactyl|frz
|cant|p1a: Kingambit|frz
|
|-weather|Snowscape|[upkeep]
|upkeep
|
|t:|1783412636
|switch|p2b: Delphox|Delphox, L50, F|100/100
|turn|2
|c|â˜†Dippiedaan|ah.
|c|â˜†Dippiedaan|I see how it is
|
|t:|1783412654
|detailschange|p2b: Delphox|Delphox-Mega, L50, F
|-mega|p2b: Delphox|Delphox|Delphoxite
|-curestatus|p1b: Aerodactyl|frz|[msg]
|move|p1b: Aerodactyl|Rock Slide|p2a: Ninetales|[spread] p2a,p2b
|-supereffective|p2a: Ninetales|1
|-crit|p2a: Ninetales
|-supereffective|p2b: Delphox|1
|-damage|p2a: Ninetales|26/100
|-damage|p2b: Delphox|36/100
|cant|p2b: Delphox|flinch
|cant|p2a: Ninetales|flinch
|cant|p1a: Kingambit|frz
|
|-weather|Snowscape|[upkeep]
|upkeep
|turn|3
|c|â˜†Dippiedaan|OH
|c|â˜†Dippiedaan|WHAT IS THIS GAME
|c|â˜†Dippiedaan|LMAOOO
|
|t:|1783412674
|-curestatus|p1a: Kingambit|frz|[msg]
|move|p1a: Kingambit|Sucker Punch||[still]
|-fail|p1a: Kingambit
|move|p1b: Aerodactyl|Rock Slide|p2b: Delphox|[spread] p2b
|-miss|p1b: Aerodactyl|p2a: Ninetales
|-supereffective|p2b: Delphox|1
|-damage|p2b: Delphox|0 fnt
|faint|p2b: Delphox
|move|p2a: Ninetales|Blizzard|p1a: Kingambit|[spread] p1a,p1b
|-resisted|p1a: Kingambit|1
|-supereffective|p1b: Aerodactyl|1
|-damage|p1a: Kingambit|62/100
|-damage|p1b: Aerodactyl|0 fnt
|faint|p1b: Aerodactyl
|
|-weather|Snowscape|[upkeep]
|upkeep
|
|t:|1783412690
|switch|p1b: Sylveon|Sylveon, L50, F|100/100
|switch|p2b: Toxapex|Toxapex, L50, F, shiny|100/100
|turn|4
|
|t:|1783412697
|move|p2a: Ninetales|Encore|p1a: Kingambit
|-start|p1a: Kingambit|Encore
|move|p1a: Kingambit|Sucker Punch||[still]
|-fail|p1a: Kingambit
|move|p1b: Sylveon|Moonblast|p2b: Toxapex
|-resisted|p2b: Toxapex|1
|-damage|p2b: Toxapex|81/100
|move|p2b: Toxapex|Toxic|p1b: Sylveon
|-status|p1b: Sylveon|tox
|
|-weather|Snowscape|[upkeep]
|-heal|p2b: Toxapex|87/100|[from] item: Leftovers
|-damage|p1b: Sylveon|93/100 tox|[from] psn
|upkeep
|turn|5
|
|t:|1783412732
|move|p2a: Ninetales|Protect|p2a: Ninetales
|-singleturn|p2a: Ninetales|Protect
|move|p1a: Kingambit|Sucker Punch||[still]
|-fail|p1a: Kingambit
|move|p1b: Sylveon|Moonblast|p2a: Ninetales
|-activate|p2a: Ninetales|move: Protect
|move|p2b: Toxapex|Infestation|p1a: Kingambit
|-damage|p1a: Kingambit|59/100
|-activate|p1a: Kingambit|move: Infestation|[of] p2b: Toxapex
|
|-weather|none
|-heal|p2b: Toxapex|92/100|[from] item: Leftovers
|-damage|p1b: Sylveon|81/100 tox|[from] psn
|-damage|p1a: Kingambit|47/100|[from] move: Infestation|[partiallytrapped]
|upkeep
|turn|6
|
|t:|1783412752
|move|p1a: Kingambit|Sucker Punch|p2a: Ninetales
|-resisted|p2a: Ninetales|1
|-damage|p2a: Ninetales|0 fnt
|faint|p2a: Ninetales
|move|p1b: Sylveon|Moonblast|p2b: Toxapex
|-resisted|p2b: Toxapex|1
|-damage|p2b: Toxapex|75/100
|move|p2b: Toxapex|Infestation|p1b: Sylveon
|-resisted|p1b: Sylveon|1
|-damage|p1b: Sylveon|80/100 tox
|-activate|p1b: Sylveon|move: Infestation|[of] p2b: Toxapex
|
|-heal|p2b: Toxapex|80/100|[from] item: Leftovers
|-damage|p1b: Sylveon|61/100 tox|[from] psn
|-damage|p1b: Sylveon|49/100 tox|[from] move: Infestation|[partiallytrapped]
|-damage|p1a: Kingambit|35/100|[from] move: Infestation|[partiallytrapped]
|-end|p1a: Kingambit|Encore
|upkeep
|turn|7
|
|t:|1783412764
|move|p2b: Toxapex|Baneful Bunker|p2b: Toxapex
|-singleturn|p2b: Toxapex|move: Protect
|move|p1b: Sylveon|Hyper Voice|p2b: Toxapex
|-activate|p2b: Toxapex|move: Protect
|move|p1a: Kingambit|Kowtow Cleave|p2b: Toxapex
|-activate|p2b: Toxapex|move: Protect
|
|-heal|p2b: Toxapex|86/100|[from] item: Leftovers
|-damage|p1b: Sylveon|24/100 tox|[from] psn
|-damage|p1b: Sylveon|12/100 tox|[from] move: Infestation|[partiallytrapped]
|-damage|p1a: Kingambit|22/100|[from] move: Infestation|[partiallytrapped]
|upkeep
|turn|8
|
|t:|1783412769
|move|p1b: Sylveon|Hyper Voice|p2b: Toxapex
|-resisted|p2b: Toxapex|1
|-damage|p2b: Toxapex|66/100
|move|p1a: Kingambit|Kowtow Cleave|p2b: Toxapex
|-damage|p2b: Toxapex|31/100
|move|p2b: Toxapex|Infestation|p1a: Kingambit
|-damage|p1a: Kingambit|19/100
|
|-heal|p2b: Toxapex|37/100|[from] item: Leftovers
|-damage|p1b: Sylveon|0 fnt|[from] psn
|faint|p1b: Sylveon
|-damage|p1a: Kingambit|7/100|[from] move: Infestation|[partiallytrapped]
|upkeep
|
|t:|1783412777
|switch|p1b: Garchomp|Garchomp, L50, F|100/100
|turn|9
|
|t:|1783412781
|move|p2b: Toxapex|Baneful Bunker|p2b: Toxapex
|-singleturn|p2b: Toxapex|move: Protect
|move|p1b: Garchomp|Dragon Claw|p2b: Toxapex
|-activate|p2b: Toxapex|move: Protect
|-status|p1b: Garchomp|psn
|move|p1a: Kingambit|Kowtow Cleave|p2b: Toxapex
|-activate|p2b: Toxapex|move: Protect
|
|-heal|p2b: Toxapex|43/100|[from] item: Leftovers
|-damage|p1b: Garchomp|87/100 psn|[from] psn
|-end|p1a: Kingambit|Infestation|[partiallytrapped]
|upkeep
|turn|10
|
|t:|1783412791
|move|p1b: Garchomp|Dragon Claw|p2b: Toxapex
|-damage|p2b: Toxapex|6/100
|-damage|p1b: Garchomp|78/100 psn|[from] item: Life Orb
|move|p1a: Kingambit|Kowtow Cleave|p2b: Toxapex
|-damage|p2b: Toxapex|0 fnt
|faint|p2b: Toxapex
|
|win|Dippiedaan
|raw|Dippiedaan's rating: 1125 → 1152(+27 for winning)
|raw|Carrielis's rating: 1148 → 1121(-27 for losing)
|l|â˜†Carrielis
|player|p2|
|c|â˜†Dippiedaan|ggs
