|j|☆TheParasectKing
|j|☆MoodyMukVGC
|html|TheParasectKingMoodyMukVGC    
|uhtml|bestof|Game 3 of a best-of-3
|t:|1755669821
|gametype|doubles
|player|p1|TheParasectKing|acetrainer-gen4dp|1175
|player|p2|MoodyMukVGC|bugsy|1292
|gen|9
|tier|[Gen 9] VGC 2025 Reg H (Bo3)
|rated|
|rule|Species Clause: Limit one of each Pokémon
|rule|Item Clause: Limit 1 of each item
|clearpoke
|poke|p1|Gholdengo, L50|
|poke|p1|Amoonguss, L50, M|
|poke|p1|Incineroar, L50, M|
|poke|p1|Glimmora, L50, F|
|poke|p1|Talonflame, L50, M|
|poke|p1|Basculegion, L50, M|
|poke|p2|Ursaluna, L50, M|
|poke|p2|Jumpluff, L50, M|
|poke|p2|Charizard, L50, M|
|poke|p2|Torkoal, L50, M|
|poke|p2|Incineroar, L50, M|
|poke|p2|Porygon2, L50|
|teampreview|4
|showteam|p1|Gholdengo||LifeOrb|GoodasGold|MakeItRain,ShadowBall,NastyPlot,Protect||||||50|,,,,,Steel]Amoonguss||RoomService|Regenerator|Spore,RagePowder,PollenPuff,Protect|||M|||50|,,,,,Water]Incineroar||SafetyGoggles|Intimidate|FakeOut,KnockOff,FlareBlitz,PartingShot|||M|||50|,,,,,Grass]Glimmora||PowerHerb|ToxicDebris|MeteorBeam,EarthPower,SludgeBomb,SpikyShield|||F|||50|,,,,,Ghost]Talonflame||CovertCloak|GaleWings|Tailwind,RainDance,Taunt,BraveBird|||M|||50|,,,,,Flying]Basculegion||ChoiceScarf|Adaptability|WaveCrash,LastRespects,FlipTurn,ScaleShot|||M|||50|,,,,,Dragon
|showteam|p2|Ursaluna||FlameOrb|Guts|HeadlongRush,Facade,Earthquake,Protect|||M|||50|,,,,,Ghost]Jumpluff||CovertCloak|Chlorophyll|SleepPowder,SunnyDay,Tailwind,RagePowder|||M|||50|,,,,,Fire]Charizard||ChoiceSpecs|SolarPower|DragonPulse,HeatWave,Overheat,WeatherBall|||M|||50|,,,,,Ghost]Torkoal||EjectPack|Drought|ClearSmog,Eruption,Overheat,Protect|||M|||50|,,,,,Fire]Incineroar||SafetyGoggles|Intimidate|FakeOut,FlareBlitz,KnockOff,PartingShot|||M|||50|,,,,,Ghost]Porygon2||Eviolite|Download|TeraBlast,IceBeam,Recover,TrickRoom||||||50|,,,,,Fighting
|inactive|Battle timer is ON: inactive players will automatically lose when time's up. (requested by TheParasectKing)
|
|t:|1755669849
|teamsize|p1|4
|teamsize|p2|4
|start
|switch|p1a: Talonflame|Talonflame, L50, M|100/100
|switch|p1b: Glimmora|Glimmora, L50, F|100/100
|switch|p2a: Incineroar|Incineroar, L50, M, shiny|100/100
|switch|p2b: Porygon2|Porygon2, L50, shiny|100/100
|-ability|p2a: Incineroar|Intimidate|boost
|-unboost|p1a: Talonflame|atk|1
|-unboost|p1b: Glimmora|atk|1
|-ability|p2b: Porygon2|Download|boost
|-boost|p2b: Porygon2|spa|1
|turn|1
|inactive|TheParasectKing has 30 seconds left.
|
|t:|1755669878
|switch|p1a: Incineroar|Incineroar, L50, M|100/100
|-ability|p1a: Incineroar|Intimidate|boost
|-unboost|p2a: Incineroar|atk|1
|-unboost|p2b: Porygon2|atk|1
|move|p2a: Incineroar|Fake Out|p1b: Glimmora
|-resisted|p1b: Glimmora
|-damage|p1b: Glimmora|96/100
|-activate|p1b: Glimmora|ability: Toxic Debris
|-sidestart|p2: MoodyMukVGC|move: Toxic Spikes
|cant|p1b: Glimmora|flinch
|move|p2b: Porygon2|Tera Blast|p1a: Incineroar
|-damage|p1a: Incineroar|58/100
|
|upkeep
|turn|2
|
|t:|1755669902
|switch|p1b: Basculegion|Basculegion, L50, M|100/100
|move|p1a: Incineroar|Fake Out|p2b: Porygon2
|-damage|p2b: Porygon2|93/100
|move|p2a: Incineroar|Parting Shot|p1b: Basculegion
|-unboost|p1b: Basculegion|atk|1
|-unboost|p1b: Basculegion|spa|1
|
|t:|1755669908
|switch|p2a: Charizard|Charizard, L50, M, shiny|100/100|[from] Parting Shot
|cant|p2b: Porygon2|flinch
|
|upkeep
|turn|3
|
|t:|1755669927
|move|p1b: Basculegion|Flip Turn|p2a: Charizard
|-supereffective|p2a: Charizard
|-damage|p2a: Charizard|22/100
|
|t:|1755669942
|switch|p1b: Talonflame|Talonflame, L50, M|100/100|[from] Flip Turn
|move|p2a: Charizard|Dragon Pulse|p1b: Talonflame
|-damage|p1b: Talonflame|46/100
|move|p1a: Incineroar|Knock Off|p2b: Porygon2
|-damage|p2b: Porygon2|62/100
|-enditem|p2b: Porygon2|Eviolite|[from] move: Knock Off|[of] p1a: Incineroar
|move|p2b: Porygon2|Trick Room|p2b: Porygon2
|-fieldstart|move: Trick Room|[of] p2b: Porygon2
|
|upkeep
|turn|4
|inactive|TheParasectKing has 30 seconds left.
|
|t:|1755669969
|switch|p1b: Basculegion|Basculegion, L50, M|100/100
|-terastallize|p2b: Porygon2|Fighting
|move|p1a: Incineroar|Parting Shot|p2a: Charizard
|-unboost|p2a: Charizard|atk|1
|-unboost|p2a: Charizard|spa|1
|
|t:|1755669973
|switch|p1a: Talonflame|Talonflame, L50, M|46/100|[from] Parting Shot
|move|p2b: Porygon2|Tera Blast|p1a: Talonflame|[anim] Tera Blast Fighting
|-resisted|p1a: Talonflame
|-damage|p1a: Talonflame|4/100
|move|p2a: Charizard|Dragon Pulse|p1a: Talonflame
|-damage|p1a: Talonflame|0 fnt
|faint|p1a: Talonflame
|
|upkeep
|
|t:|1755669979
|switch|p1a: Incineroar|Incineroar, L50, M|58/100
|-ability|p1a: Incineroar|Intimidate|boost
|-unboost|p2a: Charizard|atk|1
|-unboost|p2b: Porygon2|atk|1
|turn|5
|
|t:|1755669999
|move|p1a: Incineroar|Fake Out|p2b: Porygon2
|-damage|p2b: Porygon2|51/100
|cant|p2b: Porygon2|flinch
|move|p2a: Charizard|Dragon Pulse|p1b: Basculegion
|-crit|p1b: Basculegion
|-damage|p1b: Basculegion|38/100
|move|p1b: Basculegion|Flip Turn|p2a: Charizard
|-supereffective|p2a: Charizard
|-damage|p2a: Charizard|0 fnt
|faint|p2a: Charizard
|
|t:|1755670001
|switch|p1b: Glimmora|Glimmora, L50, F|96/100|[from] Flip Turn
|
|upkeep
|
|t:|1755670011
|switch|p2a: Ursaluna|Ursaluna, L50, M, shiny|100/100
|-status|p2a: Ursaluna|psn
|turn|6
|inactive|TheParasectKing has 30 seconds left.
|inactive|TheParasectKing has 20 seconds left.
|inactive|TheParasectKing has 15 seconds left.
|inactive|TheParasectKing has 10 seconds left.
|inactive|TheParasectKing has 5 seconds left.
|
|t:|1755670065
|-terastallize|p1b: Glimmora|Ghost
|move|p1a: Incineroar|Flare Blitz|p2a: Ursaluna
|-damage|p2a: Ursaluna|56/100 psn
|-damage|p1a: Incineroar|41/100|[from] Recoil
|move|p2b: Porygon2|Ice Beam|p1b: Glimmora
|-damage|p1b: Glimmora|42/100
|move|p2a: Ursaluna|Earthquake|p1a: Incineroar|[spread] p2b,p1a,p1b
|-supereffective|p1a: Incineroar
|-damage|p2b: Porygon2|0 fnt
|-damage|p1a: Incineroar|0 fnt
|-damage|p1b: Glimmora|0 fnt
|-activate|p1b: Glimmora|ability: Toxic Debris
|-sidestart|p2: MoodyMukVGC|move: Toxic Spikes
|faint|p2b: Porygon2
|faint|p1a: Incineroar
|faint|p1b: Glimmora
|
|-damage|p2a: Ursaluna|44/100 psn|[from] psn
|upkeep
|-message|TheParasectKing forfeited.
|
|win|MoodyMukVGC
|raw|TheParasectKing's rating: 1175 → 1158(-17 for losing)
|raw|MoodyMukVGC's rating: 1292 → 1309(+17 for winning)
