|j|☆DawsonChris
|j|☆SamKagami
|html|DawsonChrisSamKagami    
|uhtml|bestof|Game 1 of a best-of-3
|t:|1756995211
|gametype|doubles
|player|p1|DawsonChris|artist-gen4|
|player|p2|SamKagami|unknown|
|gen|9
|tier|[Gen 9] VGC 2025 Reg H (Bo3)
|rule|Species Clause: Limit one of each Pokémon
|rule|Item Clause: Limit 1 of each item
|clearpoke
|poke|p1|Ursaluna-Bloodmoon, L50, M|
|poke|p1|Electabuzz, L50, M|
|poke|p1|Sneasler, L50, M|
|poke|p1|Indeedee, L50, M|
|poke|p1|Whimsicott, L50, F|
|poke|p1|Typhlosion-Hisui, L50, M|
|poke|p2|Rillaboom, L50, F|
|poke|p2|Sneasler, L50, M|
|poke|p2|Dragonite, L50, F|
|poke|p2|Ceruledge, L50, M|
|poke|p2|Electabuzz, L50, F|
|poke|p2|Primarina, L50, F|
|teampreview|4
|showteam|p1|Ursaluna-Bloodmoon||LifeOrb|MindsEye|Protect,BloodMoon,EarthPower,HyperVoice|||M|||50|,,,,,Normal]Electabuzz||Eviolite|VitalSpirit|FollowMe,Taunt,Electroweb,Protect|||M|||50|,,,,,Dragon]Sneasler||PsychicSeed|Unburden|ThroatChop,DireClaw,CloseCombat,Protect|||M|||50|,,,,,Dark]Indeedee||FocusSash|PsychicSurge|ExpandingForce,TrickRoom,HelpingHand,Protect|||M|||50|,,,,,Psychic]Whimsicott||CovertCloak|Prankster|Tailwind,Moonblast,Encore,SunnyDay|||F|||50|,,,,,Ghost]Typhlosion-Hisui||ChoiceSpecs|Blaze|Eruption,ShadowBall,HeatWave,Flamethrower|||M|||50|,,,,,Fire
|showteam|p2|Rillaboom||AssaultVest|GrassySurge|FakeOut,WoodHammer,HighHorsepower,Uturn|||F|||50|,,,,,Fire]Sneasler||GrassySeed|Unburden|Coaching,DireClaw,CloseCombat,Protect|||M|||50|,,,,,Stellar]Dragonite||LoadedDice|InnerFocus|Protect,Haze,ScaleShot,ExtremeSpeed|||F|||50|,,,,,Fairy]Ceruledge||ClearAmulet|FlashFire|Protect,BitterBlade,BulkUp,ShadowSneak|||M|||50|,,,,,Grass]Electabuzz||Eviolite|VitalSpirit|Electroweb,FollowMe,Protect,Taunt|||F|||50|,,,,,Ghost]Primarina||Leftovers|LiquidVoice|CalmMind,HyperVoice,Moonblast,Protect|||F|||50|,,,,,Poison
|c|☆SamKagami|glhf!
|c|☆DawsonChris|glhf
|inactive|Battle timer is ON: inactive players will automatically lose when time's up. (requested by DawsonChris)
|inactive|SamKagami has 60 seconds left.
|
|t:|1756995291
|teamsize|p1|4
|teamsize|p2|4
|start
|switch|p1a: Electabuzz|Electabuzz, L50, M|100/100
|switch|p1b: Ursaluna|Ursaluna-Bloodmoon, L50, M|100/100
|switch|p2a: Ceruledge|Ceruledge, L50, M|100/100
|switch|p2b: Dragonite|Dragonite, L50, F|100/100
|turn|1
|
|t:|1756995314
|switch|p2a: Rillaboom|Rillaboom, L50, F|100/100
|-fieldstart|move: Grassy Terrain|[from] ability: Grassy Surge|[of] p2a: Rillaboom
|-terastallize|p1b: Ursaluna|Normal
|move|p1a: Electabuzz|Follow Me|p1a: Electabuzz
|-singleturn|p1a: Electabuzz|move: Follow Me
|move|p2b: Dragonite|Scale Shot|p1a: Electabuzz
|-damage|p1a: Electabuzz|87/100
|-damage|p1a: Electabuzz|71/100
|-damage|p1a: Electabuzz|55/100
|-damage|p1a: Electabuzz|40/100
|-damage|p1a: Electabuzz|25/100
|-hitcount|p1a: Electabuzz|5
|-unboost|p2b: Dragonite|def|1
|-boost|p2b: Dragonite|spe|1
|move|p1b: Ursaluna|Hyper Voice|p2b: Dragonite|[spread] p2a,p2b
|-damage|p2a: Rillaboom|50/100
|-damage|p2b: Dragonite|32/100
|-damage|p1b: Ursaluna|91/100|[from] item: Life Orb
|
|-heal|p1a: Electabuzz|31/100|[from] Grassy Terrain
|-heal|p2a: Rillaboom|56/100|[from] Grassy Terrain
|-heal|p1b: Ursaluna|97/100|[from] Grassy Terrain
|upkeep
|turn|2
|inactive|DawsonChris has 30 seconds left.
|inactive|SamKagami has 30 seconds left.
|
|t:|1756995348
|switch|p1a: Indeedee|Indeedee, L50, M|100/100
|-fieldstart|move: Psychic Terrain|[from] ability: Psychic Surge|[of] p1a: Indeedee
|move|p2b: Dragonite|Scale Shot|p1a: Indeedee
|-damage|p1a: Indeedee|71/100
|-damage|p1a: Indeedee|42/100
|-damage|p1a: Indeedee|13/100
|-damage|p1a: Indeedee|0 fnt
|faint|p1a: Indeedee
|-hitcount|p1: Indeedee|4
|-unboost|p2b: Dragonite|def|1
|-boost|p2b: Dragonite|spe|1
|move|p2a: Rillaboom|Wood Hammer|p1b: Ursaluna
|-damage|p1b: Ursaluna|46/100
|-damage|p2a: Rillaboom|40/100|[from] Recoil
|move|p1b: Ursaluna|Hyper Voice|p2a: Rillaboom|[spread] p2a,p2b
|-damage|p2a: Rillaboom|0 fnt
|-damage|p2b: Dragonite|0 fnt
|faint|p2a: Rillaboom
|faint|p2b: Dragonite
|-damage|p1b: Ursaluna|36/100|[from] item: Life Orb
|
|upkeep
|
|t:|1756995370
|switch|p1a: Sneasler|Sneasler, L50, M|100/100
|switch|p2b: Sneasler|Sneasler, L50, M|100/100
|switch|p2a: Ceruledge|Ceruledge, L50, M|100/100
|-enditem|p1a: Sneasler|Psychic Seed
|-boost|p1a: Sneasler|spd|1|[from] item: Psychic Seed
|turn|3
|inactive|DawsonChris has 30 seconds left.
|inactive|SamKagami has 30 seconds left.
|
|t:|1756995405
|switch|p1b: Electabuzz|Electabuzz, L50, M|31/100
|-terastallize|p2a: Ceruledge|Grass
|move|p1a: Sneasler|Dire Claw|p2a: Ceruledge
|-supereffective|p2a: Ceruledge
|-damage|p2a: Ceruledge|0 fnt
|faint|p2a: Ceruledge
|move|p2b: Sneasler|Coaching|p2: Ceruledge|[notarget]
|-fail|p2b: Sneasler
|
|upkeep
|turn|4
|c|☆SamKagami|wp
|
|t:|1756995418
|move|p1b: Electabuzz|Follow Me|p1b: Electabuzz
|-singleturn|p1b: Electabuzz|move: Follow Me
|move|p1a: Sneasler|Dire Claw|p2b: Sneasler
|-resisted|p2b: Sneasler
|-damage|p2b: Sneasler|61/100
|move|p2b: Sneasler|Close Combat|p1b: Electabuzz
|-damage|p1b: Electabuzz|0 fnt
|-unboost|p2b: Sneasler|def|1
|-unboost|p2b: Sneasler|spd|1
|faint|p1b: Electabuzz
|
|upkeep
|
|t:|1756995430
|switch|p1b: Ursaluna|Ursaluna-Bloodmoon, L50, M, tera:Normal|36/100
|turn|5
|
|t:|1756995435
|move|p2b: Sneasler|Protect|p2b: Sneasler
|-singleturn|p2b: Sneasler|Protect
|move|p1a: Sneasler|Dire Claw|p2b: Sneasler
|-activate|p2b: Sneasler|move: Protect
|move|p1b: Ursaluna|Earth Power|p2b: Sneasler
|-activate|p2b: Sneasler|move: Protect
|
|upkeep
|turn|6
|
|t:|1756995450
|move|p1a: Sneasler|Dire Claw|p2b: Sneasler
|-resisted|p2b: Sneasler
|-damage|p2b: Sneasler|6/100
|move|p2b: Sneasler|Dire Claw|p1a: Sneasler
|-resisted|p1a: Sneasler
|-damage|p1a: Sneasler|59/100
|move|p1b: Ursaluna|Earth Power|p2b: Sneasler
|-supereffective|p2b: Sneasler
|-damage|p2b: Sneasler|0 fnt
|faint|p2b: Sneasler
|-damage|p1b: Ursaluna|27/100|[from] item: Life Orb
|
|win|DawsonChris
||SamKagami is ready for game 2.
|inactive|DawsonChris has 30 seconds to confirm battle start!
