|j|☆ngfhh
|j|☆Beanybag
|html|ngfhhBeanybag    
|uhtml|bestof|Game 3 of a best-of-3
|t:|1782305186
|gametype|doubles
|player|p1|ngfhh|nate|1000
|player|p2|Beanybag|169|1123
|gen|9
|tier|[Gen 9 Champions] VGC 2026 Reg M-B (Bo3)
|rated|
|rule|Species Clause: Limit one of each Pokémon
|rule|Item Clause: Limit 1 of each item
|clearpoke
|poke|p1|Sceptile, L50, F, shiny|
|poke|p1|Sneasler, L50, M|
|poke|p1|Rotom-Heat, L50|
|poke|p1|Aegislash, L50, M, shiny|
|poke|p1|Sinistcha-Masterpiece, L50|
|poke|p1|Garchomp, L50, M|
|poke|p2|Ampharos, L50, M|
|poke|p2|Alcremie, L50, F|
|poke|p2|Sinistcha, L50|
|poke|p2|Milotic, L50, F|
|poke|p2|Bellibolt, L50, M|
|poke|p2|Snorlax, L50, M|
|teampreview|4
|showteam|p1|Sceptile||Sceptilite|Unburden|Detect,DragonPulse,EnergyBall,EarthPower|Timid||F|||50|]Sneasler||WhiteHerb|Unburden|FakeOut,DireClaw,RockSlide,CloseCombat|Jolly||M|||50|]Rotom-Heat||Leftovers|Levitate|Discharge,VoltSwitch,Protect,Overheat|Modest|||||50|]Aegislash||LifeOrb|StanceChange|KingsShield,SwordsDance,IronHead,Poltergeist|Adamant||M|||50|]Sinistcha-Masterpiece||SitrusBerry|Hospitality|TrickRoom,MatchaGotcha,LifeDew,RagePowder|Bold|||||50|]Garchomp||Garchompite|RoughSkin|Protect,DragonClaw,RockSlide,Earthquake|Jolly||M|||50|
|showteam|p2|Ampharos||Ampharosite|Static|CottonGuard,Charge,ParabolicCharge,Protect|Calm||M|||50|]Alcremie||BabiriBerry|AromaVeil|Decorate,PsychUp,StoredPower,DrainingKiss|Sassy||F|||50|]Sinistcha||FocusSash|Hospitality|MatchaGotcha,RagePowder,TrickRoom,Protect|Relaxed|||||50|]Milotic||SitrusBerry|Competitive|Coil,MuddyWater,LifeDew,Protect|Bold||F|||50|]Bellibolt||ShucaBerry|Electromorphosis|Soak,VoltSwitch,Toxic,SlackOff|Bold||M|||50|]Snorlax||Leftovers|ThickFat|Stockpile,BodyPress,Counter,Protect|Relaxed||M|||50|
|inactive|Battle timer is ON: inactive players will automatically lose when time's up. (requested by Beanybag)
|
|t:|1782305278
|teamsize|p1|4
|teamsize|p2|4
|start
|switch|p1a: Garchomp|Garchomp, L50, M|100/100
|switch|p1b: Sneasler|Sneasler, L50, M|100/100
|switch|p2a: Sinistcha|Sinistcha, L50|100/100
|switch|p2b: Bellibolt|Bellibolt, L50, M|100/100
|turn|1
|
|t:|1782305303
|switch|p2b: Snorlax|Snorlax, L50, M|100/100
|detailschange|p1a: Garchomp|Garchomp-Mega, L50, M
|-mega|p1a: Garchomp|Garchomp|Garchompite
|move|p1b: Sneasler|Fake Out|p2b: Snorlax
|-damage|p2b: Snorlax|90/100
|move|p1a: Garchomp|Dragon Claw|p2b: Snorlax
|-damage|p2b: Snorlax|56/100
|move|p2a: Sinistcha|Trick Room|p2a: Sinistcha
|-fieldstart|move: Trick Room|[of] p2a: Sinistcha
|
|-heal|p2b: Snorlax|62/100|[from] item: Leftovers
|upkeep
|turn|2
|inactive|Beanybag has 30 seconds left.
|inactive|ngfhh has 30 seconds left.
|inactive|Beanybag has 20 seconds left.
|inactive|Beanybag has 15 seconds left.
|
|t:|1782305345
|switch|p1a: Sinistcha|Sinistcha-Masterpiece, L50|100/100
|move|p2a: Sinistcha|Matcha Gotcha|p1a: Sinistcha|[spread] p1a,p1b
|-resisted|p1a: Sinistcha|1
|-resisted|p1b: Sneasler|1
|-damage|p1a: Sinistcha|84/100
|-damage|p1b: Sneasler|81/100
|-status|p1b: Sneasler|brn
|move|p1b: Sneasler|Close Combat|p2b: Snorlax
|-supereffective|p2b: Snorlax|1
|-damage|p2b: Snorlax|22/100
|-unboost|p1b: Sneasler|def|1
|-unboost|p1b: Sneasler|spd|1
|-enditem|p1b: Sneasler|White Herb
|-clearnegativeboost|p1b: Sneasler|[silent]
|move|p2b: Snorlax|Counter|p1b: Sneasler
|-damage|p1b: Sneasler|0 fnt
|faint|p1b: Sneasler
|
|-heal|p2b: Snorlax|28/100|[from] item: Leftovers
|upkeep
|
|t:|1782305362
|switch|p1b: Garchomp|Garchomp-Mega, L50, M|100/100
|turn|3
|inactive|Beanybag has 30 seconds left.
|
|t:|1782305390
|move|p1b: Garchomp|Protect|p1b: Garchomp
|-singleturn|p1b: Garchomp|Protect
|move|p2a: Sinistcha|Matcha Gotcha|p1a: Sinistcha|[spread] 
|-activate|p1b: Garchomp|move: Protect
|-miss|p2a: Sinistcha|p1a: Sinistcha
|move|p2b: Snorlax|Counter||[still]
|-fail|p2b: Snorlax
|move|p1a: Sinistcha|Trick Room|p1a: Sinistcha
|-fieldend|move: Trick Room
|
|-heal|p2b: Snorlax|34/100|[from] item: Leftovers
|upkeep
|turn|4
|
|t:|1782305412
|move|p2b: Snorlax|Protect|p2b: Snorlax
|-singleturn|p2b: Snorlax|Protect
|move|p1b: Garchomp|Rock Slide|p2a: Sinistcha|[spread] p2a
|-activate|p2b: Snorlax|move: Protect
|-damage|p2a: Sinistcha|83/100
|move|p1a: Sinistcha|Matcha Gotcha|p2a: Sinistcha|[spread] p2a
|-activate|p2b: Snorlax|move: Protect
|-resisted|p2a: Sinistcha|1
|-damage|p2a: Sinistcha|69/100
|-heal|p1a: Sinistcha|91/100|[from] drain|[of] p2a: Sinistcha
|move|p2a: Sinistcha|Trick Room|p2a: Sinistcha
|-fieldstart|move: Trick Room|[of] p2a: Sinistcha
|
|-heal|p2b: Snorlax|40/100|[from] item: Leftovers
|upkeep
|turn|5
|
|t:|1782305419
|move|p1b: Garchomp|Protect|p1b: Garchomp
|-singleturn|p1b: Garchomp|Protect
|move|p2a: Sinistcha|Matcha Gotcha|p1a: Sinistcha|[spread] p1a
|-activate|p1b: Garchomp|move: Protect
|-resisted|p1a: Sinistcha|1
|-damage|p1a: Sinistcha|77/100
|-heal|p2a: Sinistcha|75/100|[from] drain|[of] p1a: Sinistcha
|move|p2b: Snorlax|Counter||[still]
|-fail|p2b: Snorlax
|move|p1a: Sinistcha|Trick Room|p1a: Sinistcha
|-fieldend|move: Trick Room
|
|-heal|p2b: Snorlax|46/100|[from] item: Leftovers
|upkeep
|turn|6
|
|t:|1782305439
|move|p2b: Snorlax|Protect|p2b: Snorlax
|-singleturn|p2b: Snorlax|Protect
|move|p1b: Garchomp|Dragon Claw|p2a: Sinistcha
|-damage|p2a: Sinistcha|42/100
|move|p1a: Sinistcha|Matcha Gotcha|p2b: Snorlax|[spread] 
|-activate|p2b: Snorlax|move: Protect
|-miss|p1a: Sinistcha|p2a: Sinistcha
|move|p2a: Sinistcha|Trick Room|p2a: Sinistcha
|-fieldstart|move: Trick Room|[of] p2a: Sinistcha
|
|-heal|p2b: Snorlax|52/100|[from] item: Leftovers
|upkeep
|turn|7
|
|t:|1782305454
|move|p1b: Garchomp|Protect|p1b: Garchomp
|-singleturn|p1b: Garchomp|Protect
|move|p2b: Snorlax|Stockpile|p2b: Snorlax
|-start|p2b: Snorlax|stockpile1
|-boost|p2b: Snorlax|def|1
|-boost|p2b: Snorlax|spd|1
|move|p2a: Sinistcha|Matcha Gotcha|p1b: Garchomp|[spread] p1a
|-activate|p1b: Garchomp|move: Protect
|-resisted|p1a: Sinistcha|1
|-damage|p1a: Sinistcha|62/100
|-heal|p2a: Sinistcha|49/100|[from] drain|[of] p1a: Sinistcha
|move|p1a: Sinistcha|Trick Room|p1a: Sinistcha
|-fieldend|move: Trick Room
|
|-heal|p2b: Snorlax|58/100|[from] item: Leftovers
|upkeep
|turn|8
|
|t:|1782305477
|move|p2b: Snorlax|Protect|p2b: Snorlax
|-singleturn|p2b: Snorlax|Protect
|move|p1b: Garchomp|Dragon Claw|p2a: Sinistcha
|-damage|p2a: Sinistcha|16/100
|move|p1a: Sinistcha|Matcha Gotcha|p2a: Sinistcha|[spread] p2a
|-activate|p2b: Snorlax|move: Protect
|-resisted|p2a: Sinistcha|1
|-damage|p2a: Sinistcha|3/100
|-heal|p1a: Sinistcha|69/100|[from] drain|[of] p2a: Sinistcha
|-status|p2a: Sinistcha|brn
|move|p2a: Sinistcha|Trick Room|p2a: Sinistcha
|-fieldstart|move: Trick Room|[of] p2a: Sinistcha
|
|-heal|p2b: Snorlax|64/100|[from] item: Leftovers
|-damage|p2a: Sinistcha|0 fnt|[from] brn
|faint|p2a: Sinistcha
|upkeep
|
|t:|1782305490
|switch|p2a: Bellibolt|Bellibolt, L50, M|100/100
|turn|9
|
|t:|1782305509
|move|p2b: Snorlax|Stockpile|p2b: Snorlax
|-start|p2b: Snorlax|stockpile2
|-boost|p2b: Snorlax|def|1
|-boost|p2b: Snorlax|spd|1
|move|p2a: Bellibolt|Toxic|p1b: Garchomp
|-status|p1b: Garchomp|tox
|move|p1b: Garchomp|Dragon Claw|p2a: Bellibolt
|-damage|p2a: Bellibolt|68/100
|-start|p2a: Bellibolt|Charge|Dragon Claw|[from] ability: Electromorphosis
|move|p1a: Sinistcha|Trick Room|p1a: Sinistcha
|-fieldend|move: Trick Room
|
|-heal|p2b: Snorlax|70/100|[from] item: Leftovers
|-damage|p1b: Garchomp|94/100 tox|[from] psn
|upkeep
|turn|10
|
|t:|1782305534
|move|p1b: Garchomp|Dragon Claw|p2b: Snorlax
|-damage|p2b: Snorlax|55/100
|move|p1a: Sinistcha|Life Dew|p1a: Sinistcha|[spread] p1a,p1b
|-heal|p1a: Sinistcha|94/100
|-heal|p1b: Garchomp|100/100 tox
|move|p2a: Bellibolt|Slack Off|p2a: Bellibolt
|-heal|p2a: Bellibolt|100/100
|move|p2b: Snorlax|Stockpile|p2b: Snorlax
|-start|p2b: Snorlax|stockpile3
|-boost|p2b: Snorlax|def|1
|-boost|p2b: Snorlax|spd|1
|
|-heal|p2b: Snorlax|61/100|[from] item: Leftovers
|-damage|p1b: Garchomp|88/100 tox|[from] psn
|upkeep
|turn|11
|
|t:|1782305553
|move|p2b: Snorlax|Protect|p2b: Snorlax
|-singleturn|p2b: Snorlax|Protect
|move|p1b: Garchomp|Rock Slide|p2b: Snorlax|[spread] 
|-activate|p2b: Snorlax|move: Protect
|-miss|p1b: Garchomp|p2a: Bellibolt
|move|p1a: Sinistcha|Matcha Gotcha|p2a: Bellibolt|[spread] p2a
|-activate|p2b: Snorlax|move: Protect
|-crit|p2a: Bellibolt
|-damage|p2a: Bellibolt|63/100
|-heal|p1a: Sinistcha|100/100|[from] drain|[of] p2a: Bellibolt
|-start|p2a: Bellibolt|Charge|Matcha Gotcha|[from] ability: Electromorphosis
|move|p2a: Bellibolt|Soak|p1b: Garchomp
|-start|p1b: Garchomp|typechange|Water
|
|-heal|p2b: Snorlax|67/100|[from] item: Leftovers
|-damage|p1b: Garchomp|70/100 tox|[from] psn
|upkeep
|turn|12
|
|t:|1782305573
|move|p1b: Garchomp|Rock Slide|p2b: Snorlax|[spread] p2a,p2b
|-crit|p2b: Snorlax
|-damage|p2a: Bellibolt|48/100
|-damage|p2b: Snorlax|47/100
|-start|p2a: Bellibolt|Charge|Rock Slide|[from] ability: Electromorphosis
|move|p1a: Sinistcha|Matcha Gotcha|p2a: Bellibolt|[spread] p2a,p2b
|-damage|p2a: Bellibolt|24/100
|-damage|p2b: Snorlax|40/100
|-start|p2a: Bellibolt|Charge|Matcha Gotcha|[from] ability: Electromorphosis
|move|p2a: Bellibolt|Soak|p1a: Sinistcha
|-start|p1a: Sinistcha|typechange|Water
|move|p2b: Snorlax|Body Press|p1a: Sinistcha
|-damage|p1a: Sinistcha|61/100
|
|-heal|p2b: Snorlax|46/100|[from] item: Leftovers
|-damage|p1b: Garchomp|46/100 tox|[from] psn
|upkeep
|turn|13
|
|t:|1782305595
|move|p1b: Garchomp|Dragon Claw|p2a: Bellibolt
|-damage|p2a: Bellibolt|2/100
|-start|p2a: Bellibolt|Charge|Dragon Claw|[from] ability: Electromorphosis
|move|p1a: Sinistcha|Life Dew|p1a: Sinistcha|[spread] p1a,p1b
|-heal|p1a: Sinistcha|86/100
|-heal|p1b: Garchomp|71/100 tox
|move|p2a: Bellibolt|Slack Off|p2a: Bellibolt
|-heal|p2a: Bellibolt|52/100
|move|p2b: Snorlax|Counter||[still]
|-fail|p2b: Snorlax
|
|-heal|p2b: Snorlax|52/100|[from] item: Leftovers
|-damage|p1b: Garchomp|41/100 tox|[from] psn
|upkeep
|turn|14
|
|t:|1782305605
|move|p1b: Garchomp|Dragon Claw|p2b: Snorlax
|-damage|p2b: Snorlax|44/100
|move|p1a: Sinistcha|Matcha Gotcha|p2a: Bellibolt|[spread] p2a,p2b
|-damage|p2a: Bellibolt|37/100
|-heal|p1a: Sinistcha|95/100|[from] drain|[of] p2a: Bellibolt
|-damage|p2b: Snorlax|40/100
|-heal|p1a: Sinistcha|99/100|[from] drain|[of] p2b: Snorlax
|-status|p2a: Bellibolt|brn
|-start|p2a: Bellibolt|Charge|Matcha Gotcha|[from] ability: Electromorphosis
|move|p2a: Bellibolt|Slack Off|p2a: Bellibolt
|-heal|p2a: Bellibolt|87/100 brn
|move|p2b: Snorlax|Body Press|p1a: Sinistcha
|-damage|p1a: Sinistcha|63/100
|
|-heal|p2b: Snorlax|46/100|[from] item: Leftovers
|-damage|p1b: Garchomp|5/100 tox|[from] psn
|-damage|p2a: Bellibolt|81/100 brn|[from] brn
|upkeep
|turn|15
|
|t:|1782305628
|switch|p1b: Rotom|Rotom-Heat, L50|100/100
|move|p2b: Snorlax|Protect|p2b: Snorlax
|-singleturn|p2b: Snorlax|Protect
|move|p1a: Sinistcha|Life Dew||[still]|[spread] p1a,p1b
|-heal|p1a: Sinistcha|88/100
|-fail|p1b: Rotom|heal
|move|p2a: Bellibolt|Slack Off|p2a: Bellibolt
|-heal|p2a: Bellibolt|100/100 brn
|
|-heal|p2b: Snorlax|52/100|[from] item: Leftovers
|-damage|p2a: Bellibolt|93/100 brn|[from] brn
|upkeep
|turn|16
|inactive|ngfhh has 30 seconds left.
|inactive|ngfhh has 20 seconds left.
|
|t:|1782305663
|move|p1b: Rotom|Discharge|p2b: Snorlax|[spread] p1a,p2a,p2b
|-supereffective|p1a: Sinistcha|1
|-resisted|p2a: Bellibolt|1
|-damage|p1a: Sinistcha|38/100
|-damage|p2a: Bellibolt|83/100 brn
|-damage|p2b: Snorlax|46/100
|-start|p2a: Bellibolt|Charge|Discharge|[from] ability: Electromorphosis
|-enditem|p1a: Sinistcha|Sitrus Berry|[eat]
|-heal|p1a: Sinistcha|63/100|[from] item: Sitrus Berry
|move|p1a: Sinistcha|Matcha Gotcha|p2a: Bellibolt|[spread] p2a,p2b
|-damage|p2a: Bellibolt|68/100 brn
|-heal|p1a: Sinistcha|72/100|[from] drain|[of] p2a: Bellibolt
|-damage|p2b: Snorlax|41/100
|-heal|p1a: Sinistcha|76/100|[from] drain|[of] p2b: Snorlax
|-start|p2a: Bellibolt|Charge|Matcha Gotcha|[from] ability: Electromorphosis
|move|p2a: Bellibolt|Toxic|p1b: Rotom
|-status|p1b: Rotom|tox
|move|p2b: Snorlax|Body Press|p1b: Rotom
|-damage|p1b: Rotom|42/100 tox
|
|-heal|p1b: Rotom|48/100 tox|[from] item: Leftovers
|-heal|p2b: Snorlax|47/100|[from] item: Leftovers
|-damage|p1b: Rotom|42/100 tox|[from] psn
|-damage|p2a: Bellibolt|62/100 brn|[from] brn
|upkeep
|turn|17
|
|t:|1782305685
|move|p1b: Rotom|Volt Switch|p2b: Snorlax
|-crit|p2b: Snorlax
|-damage|p2b: Snorlax|23/100
|
|t:|1782305689
|switch|p1b: Garchomp|Garchomp-Mega, L50, M|5/100 tox|[from] Volt Switch
|move|p1a: Sinistcha|Matcha Gotcha|p2a: Bellibolt|[spread] p2a,p2b
|-damage|p2a: Bellibolt|45/100 brn
|-heal|p1a: Sinistcha|86/100|[from] drain|[of] p2a: Bellibolt
|-damage|p2b: Snorlax|18/100
|-heal|p1a: Sinistcha|90/100|[from] drain|[of] p2b: Snorlax
|-start|p2a: Bellibolt|Charge|Matcha Gotcha|[from] ability: Electromorphosis
|move|p2a: Bellibolt|Slack Off|p2a: Bellibolt
|-heal|p2a: Bellibolt|95/100 brn
|move|p2b: Snorlax|Body Press|p1a: Sinistcha
|-damage|p1a: Sinistcha|54/100
|
|-heal|p2b: Snorlax|24/100|[from] item: Leftovers
|-damage|p1b: Garchomp|0 fnt|[from] psn
|faint|p1b: Garchomp
|-damage|p2a: Bellibolt|89/100 brn|[from] brn
|upkeep
|
|t:|1782305709
|switch|p1b: Rotom|Rotom-Heat, L50|42/100 tox
|turn|18
|
|t:|1782305724
|move|p2b: Snorlax|Protect|p2b: Snorlax
|-singleturn|p2b: Snorlax|Protect
|move|p1b: Rotom|Volt Switch|p2b: Snorlax
|-activate|p2b: Snorlax|move: Protect
|move|p1a: Sinistcha|Matcha Gotcha|p2a: Bellibolt|[spread] p2a
|-activate|p2b: Snorlax|move: Protect
|-damage|p2a: Bellibolt|73/100 brn
|-heal|p1a: Sinistcha|65/100|[from] drain|[of] p2a: Bellibolt
|-start|p2a: Bellibolt|Charge|Matcha Gotcha|[from] ability: Electromorphosis
|move|p2a: Bellibolt|Toxic|p1a: Sinistcha
|-status|p1a: Sinistcha|tox
|
|-heal|p1b: Rotom|48/100 tox|[from] item: Leftovers
|-heal|p2b: Snorlax|30/100|[from] item: Leftovers
|-damage|p1b: Rotom|42/100 tox|[from] psn
|-damage|p1a: Sinistcha|59/100 tox|[from] psn
|-damage|p2a: Bellibolt|67/100 brn|[from] brn
|upkeep
|turn|19
|
|t:|1782305733
|move|p1b: Rotom|Volt Switch|p2b: Snorlax
|-damage|p2b: Snorlax|23/100
|move|p1a: Sinistcha|Matcha Gotcha|p2b: Snorlax|[spread] p2a
|-miss|p1a: Sinistcha|p2b: Snorlax
|-damage|p2a: Bellibolt|50/100g brn
|-heal|p1a: Sinistcha|70/100 tox|[from] drain|[of] p2a: Bellibolt
|-start|p2a: Bellibolt|Charge|Matcha Gotcha|[from] ability: Electromorphosis
|move|p2a: Bellibolt|Slack Off|p2a: Bellibolt
|-heal|p2a: Bellibolt|100/100 brn
|move|p2b: Snorlax|Body Press|p1a: Sinistcha
|-damage|p1a: Sinistcha|36/100 tox
|
|-heal|p1b: Rotom|48/100 tox|[from] item: Leftovers
|-heal|p2b: Snorlax|29/100|[from] item: Leftovers
|-damage|p1b: Rotom|36/100 tox|[from] psn
|-damage|p1a: Sinistcha|24/100 tox|[from] psn
|-damage|p2a: Bellibolt|93/100 brn|[from] brn
|upkeep
|turn|20
|
|t:|1782305744
|move|p2b: Snorlax|Protect|p2b: Snorlax
|-singleturn|p2b: Snorlax|Protect
|move|p1b: Rotom|Overheat|p2b: Snorlax
|-activate|p2b: Snorlax|move: Protect
|move|p1a: Sinistcha|Life Dew|p1a: Sinistcha|[spread] p1a,p1b
|-heal|p1a: Sinistcha|49/100 tox
|-heal|p1b: Rotom|61/100 tox
|move|p2a: Bellibolt|Soak|p1b: Rotom
|-start|p1b: Rotom|typechange|Water
|
|-heal|p1b: Rotom|67/100 tox|[from] item: Leftovers
|-heal|p2b: Snorlax|35/100|[from] item: Leftovers
|-damage|p1b: Rotom|50/100g tox|[from] psn
|-damage|p1a: Sinistcha|32/100 tox|[from] psn
|-damage|p2a: Bellibolt|87/100 brn|[from] brn
|upkeep
|turn|21
|
|t:|1782305757
|move|p1b: Rotom|Overheat|p2a: Bellibolt
|-damage|p2a: Bellibolt|56/100 brn
|-unboost|p1b: Rotom|spa|2
|-start|p2a: Bellibolt|Charge|Overheat|[from] ability: Electromorphosis
|move|p1a: Sinistcha|Life Dew|p1a: Sinistcha|[spread] p1a,p1b
|-heal|p1a: Sinistcha|57/100 tox
|-heal|p1b: Rotom|75/100 tox
|move|p2a: Bellibolt|Volt Switch|p1b: Rotom
|-supereffective|p1b: Rotom|1
|-damage|p1b: Rotom|0 fnt
|faint|p1b: Rotom
|-end|p2a: Bellibolt|Charge|[silent]
|
|t:|1782305762
|switch|p2a: Ampharos|Ampharos, L50, M|100/100|[from] Volt Switch
|move|p2b: Snorlax|Body Press|p1a: Sinistcha
|-crit|p1a: Sinistcha
|-damage|p1a: Sinistcha|7/100 tox
|
|-heal|p2b: Snorlax|41/100|[from] item: Leftovers
|-damage|p1a: Sinistcha|0 fnt|[from] psn
|faint|p1a: Sinistcha
|
|win|Beanybag
|raw|ngfhh's rating: 1000 → 1000(+0 for losing)
|raw|Beanybag's rating: 1123 → 1140(+17 for winning)
|l|☆ngfhh
|player|p1|
