|j|☆Yinobo
|j|☆Mclovingods
|html|YinoboMclovingods    
|uhtml|bestof|Game 2 of a best-of-3
|t:|1783644471
|gametype|doubles
|player|p1|Yinobo|pokemaniac|1099
|player|p2|Mclovingods|170|1241
|gen|9
|tier|[Gen 9 Champions] VGC 2026 Reg M-B (Bo3)
|rated|
|rule|Species Clause: Limit one of each Pokémon
|rule|Item Clause: Limit 1 of each item
|clearpoke
|poke|p1|Charizard, L50, M, shiny|
|poke|p1|Garchomp, L50, M, shiny|
|poke|p1|Sylveon, L50, M, shiny|
|poke|p1|Kingambit, L50, F, shiny|
|poke|p1|Farigiraf, L50, M, shiny|
|poke|p1|Aerodactyl, L50, M|
|poke|p2|Delphox, L50, M|
|poke|p2|Sinistcha, L50|
|poke|p2|Incineroar, L50, F|
|poke|p2|Blastoise, L50, F|
|poke|p2|Kingambit, L50, M|
|poke|p2|Sneasler, L50, F|
|teampreview|4
|showteam|p1|Charizard||CharizarditeY|SolarPower|Protect,HeatWave,SolarBeam,WeatherBall|Modest||M|||50|]Garchomp||LifeOrb|RoughSkin|Protect,DragonClaw,Earthquake,RockSlide|Jolly||M|||50|]Sylveon||FairyFeather|Pixilate|Detect,HyperVoice,HyperBeam,QuickAttack|Modest||M|||50|]Kingambit||FocusSash|Defiant|KowtowCleave,SuckerPunch,IronHead,LowKick|Adamant||F|||50|]Farigiraf||SitrusBerry|ArmorTail|Protect,Psychic,Thunderbolt,TrickRoom|Bold||M|||50|]Aerodactyl||Aerodactylite|Unnerve|RockSlide,DualWingbeat,Tailwind,IceFang|Jolly||M|||50|
|showteam|p2|Delphox||Delphoxite|Blaze|NastyPlot,HeatWave,Psychic,Protect|Timid||M|||50|]Sinistcha||CobaBerry|Hospitality|MatchaGotcha,RagePowder,LifeDew,TrickRoom|Calm|||||50|]Incineroar||SitrusBerry|Intimidate|FakeOut,PartingShot,FlareBlitz,Taunt|Impish||F|||50|]Blastoise||Blastoisinite|Torrent|WaterSpout,DarkPulse,Protect,ShellSmash|Modest||F|||50|]Kingambit||LifeOrb|Defiant|Protect,SwordsDance,SuckerPunch,KowtowCleave|Adamant||M|||50|]Sneasler||WhiteHerb|Unburden|FakeOut,CloseCombat,DireClaw,Protect|Jolly||F|||50|
|inactive|Battle timer is ON: inactive players will automatically lose when time's up. (requested by Mclovingods)
|inactive|Yinobo has 60 seconds left.
|
|t:|1783644527
|teamsize|p1|4
|teamsize|p2|4
|start
|switch|p1a: AEROY|Aerodactyl, L50, M|100/100
|switch|p1b: Kingambit|Kingambit, L50, F, shiny|100/100
|switch|p2a: Blastoise|Blastoise, L50, F|100/100
|switch|p2b: Incineroar|Incineroar, L50, F|100/100
|-ability|p1a: AEROY|Unnerve
|-ability|p2b: Incineroar|Intimidate|boost
|-unboost|p1a: AEROY|atk|1
|-unboost|p1b: Kingambit|atk|1
|-ability|p1b: Kingambit|Defiant|boost
|-boost|p1b: Kingambit|atk|2
|turn|1
|inactive|Yinobo has 30 seconds left.
|inactive|Yinobo has 20 seconds left.
|inactive|Yinobo has 15 seconds left.
|inactive|Yinobo has 10 seconds left.
|
|t:|1783644576
|switch|p2b: Sneasler|Sneasler, L50, F|100/100
|detailschange|p1a: AEROY|Aerodactyl-Mega, L50, M
|-mega|p1a: AEROY|Aerodactyl|Aerodactylite
|detailschange|p2a: Blastoise|Blastoise-Mega, L50, F
|-mega|p2a: Blastoise|Blastoise|Blastoisinite
|move|p2a: Blastoise|Protect|p2a: Blastoise
|-singleturn|p2a: Blastoise|Protect
|move|p1a: AEROY|Rock Slide|p2b: Sneasler|[spread] p2b
|-activate|p2a: Blastoise|move: Protect
|-resisted|p2b: Sneasler|1
|-damage|p2b: Sneasler|85/100
|move|p1b: Kingambit|Low Kick|p2b: Sneasler
|-resisted|p2b: Sneasler|1
|-damage|p2b: Sneasler|57/100
|
|upkeep
|turn|2
|inactive|Yinobo has 30 seconds left.
|inactive|Yinobo has 20 seconds left.
|
|t:|1783644614
|move|p1b: Kingambit|Sucker Punch||[still]
|-fail|p1b: Kingambit
|move|p1a: AEROY|Tailwind|p1a: AEROY
|-sidestart|p1: Yinobo|move: Tailwind
|move|p2b: Sneasler|Close Combat|p1b: Kingambit
|-supereffective|p1b: Kingambit|2
|-enditem|p1b: Kingambit|Focus Sash
|-damage|p1b: Kingambit|1/100
|-unboost|p2b: Sneasler|def|1
|-unboost|p2b: Sneasler|spd|1
|-enditem|p2b: Sneasler|White Herb
|-clearnegativeboost|p2b: Sneasler|[silent]
|move|p2a: Blastoise|Shell Smash|p2a: Blastoise
|-unboost|p2a: Blastoise|def|1
|-unboost|p2a: Blastoise|spd|1
|-boost|p2a: Blastoise|atk|2
|-boost|p2a: Blastoise|spa|2
|-boost|p2a: Blastoise|spe|2
|
|upkeep
|turn|3
|inactive|Yinobo has 30 seconds left.
|inactive|Mclovingods has 30 seconds left.
|inactive|Yinobo has 20 seconds left.
|
|t:|1783644651
|switch|p2b: Incineroar|Incineroar, L50, F|100/100
|-ability|p2b: Incineroar|Intimidate|boost
|-unboost|p1a: AEROY|atk|1
|-unboost|p1b: Kingambit|atk|1
|-ability|p1b: Kingambit|Defiant|boost
|-boost|p1b: Kingambit|atk|2
|move|p2a: Blastoise|Protect|p2a: Blastoise
|-singleturn|p2a: Blastoise|Protect
|move|p1b: Kingambit|Sucker Punch||[still]
|-fail|p1b: Kingambit
|move|p1a: AEROY|Dual Wingbeat|p2b: Incineroar
|-damage|p2b: Incineroar|90/100
|-damage|p2b: Incineroar|80/100
|-hitcount|p2b: Incineroar|2
|
|upkeep
|turn|4
|inactive|Yinobo has 30 seconds left.
|
|t:|1783644677
|switch|p1a: Farigiraf|Farigiraf, L50, M, shiny|100/100
|move|p2b: Incineroar|Fake Out||[still]
|cant|p1a: Farigiraf|ability: Armor Tail|Fake Out|[of] p2b: Incineroar
|move|p1b: Kingambit|Sucker Punch|p2a: Blastoise
|-damage|p2a: Blastoise|0 fnt
|faint|p2a: Blastoise
|
|upkeep
|
|t:|1783644684
|switch|p2a: Sneasler|Sneasler, L50, F|57/100
|turn|5
|inactive|Yinobo has 30 seconds left.
|
|t:|1783644714
|move|p1a: Farigiraf|Protect|p1a: Farigiraf
|-singleturn|p1a: Farigiraf|Protect
|move|p1b: Kingambit|Iron Head|p2a: Sneasler
|-damage|p2a: Sneasler|0 fnt
|faint|p2a: Sneasler
|move|p2b: Incineroar|Flare Blitz|p1a: Farigiraf
|-activate|p1a: Farigiraf|move: Protect
|
|-sideend|p1: Yinobo|move: Tailwind
|upkeep
|
|t:|1783644718
|switch|p2a: Sinistcha|Sinistcha, L50|100/100
|-heal|p2b: Incineroar|100/100|[from] ability: Hospitality|[of] p2a: Sinistcha
|turn|6
|-message|Mclovingods forfeited.
|
|win|Yinobo
|l|☆Mclovingods
|player|p2|
||Mclovingods is ready for game 3.
||Yinobo is ready for game 3.
|uhtml|next|Next: Game 3 of 3
