|j|☆Lewis94
|j|☆Hackervgc
|html|Lewis94Hackervgc    
|uhtml|bestof|Game 2 of a best-of-3
|t:|1756394632
|gametype|doubles
|player|p1|Lewis94|ethan-gen2|
|player|p2|Hackervgc|gentleman-gen4|
|gen|9
|tier|[Gen 9] VGC 2025 Reg H (Bo3)
|rule|Species Clause: Limit one of each Pokémon
|rule|Item Clause: Limit 1 of each item
|clearpoke
|poke|p1|Garchomp, L50, M|
|poke|p1|Whimsicott, L50, F|
|poke|p1|Dragonite, L50, F|
|poke|p1|Typhlosion-Hisui, L50, F|
|poke|p1|Torkoal, L50, M|
|poke|p1|Kingambit, L50, M|
|poke|p2|Kingambit, L50, M|
|poke|p2|Magmar, L50, M|
|poke|p2|Dragonite, L50, F|
|poke|p2|Sneasler, L50, M|
|poke|p2|Ursaluna-Bloodmoon, L50, M|
|poke|p2|Farigiraf, L50, F|
|teampreview|4
|showteam|p1|Garchomp||LifeOrb|RoughSkin|DragonClaw,StompingTantrum,Earthquake,Protect|||M|||50|,,,,,Ground]Whimsicott||CovertCloak|Prankster|Tailwind,SunnyDay,Moonblast,Encore|||F|||50|,,,,,Dark]Dragonite||LoadedDice|Multiscale|ExtremeSpeed,ScaleShot,IceSpinner,Protect|||F|||50|,,,,,Normal]Typhlosion-Hisui||ChoiceSpecs|Blaze|Eruption,ShadowBall,HeatWave,Protect|||F|||50|,,,,,Fire]Torkoal||EjectPack|Drought|Overheat,Eruption,HelpingHand,Protect|||M|||50|,,,,,Flying]Kingambit||AssaultVest|Defiant|IronHead,Assurance,SuckerPunch,LowKick|||M|||50|,,,,,Flying
|showteam|p2|Kingambit||BlackGlasses|Defiant|KowtowCleave,SuckerPunch,Protect,SwordsDance|||M|||50|,,,,,Dark]Magmar||Eviolite|VitalSpirit|FollowMe,Protect,Flamethrower,WillOWisp|||M|||50|,,,,,Grass]Dragonite||LoadedDice|Multiscale|ScaleShot,Protect,Haze,Tailwind|||F|||50|,,,,,Fairy]Sneasler||FocusSash|Unburden|ThroatChop,DireClaw,CloseCombat,Protect|||M|||50|,,,,,Stellar]Ursaluna-Bloodmoon||LifeOrb|MindsEye|BloodMoon,Protect,EarthPower,HyperVoice|||M|||50|,,,,,Normal]Farigiraf||SitrusBerry|ArmorTail|TrickRoom,HelpingHand,Psychic,Protect|||F|||50|,,,,,Water
|inactive|Battle timer is ON: inactive players will automatically lose when time's up. (requested by Lewis94)
|
|t:|1756394660
|teamsize|p1|4
|teamsize|p2|4
|start
|switch|p1a: Whimsicott|Whimsicott, L50, F|100/100
|switch|p1b: Garchomp|Garchomp, L50, M|100/100
|switch|p2a: Dragonita|Dragonite, L50, F|100/100
|switch|p2b: holy Sneasler|Sneasler, L50, M|100/100
|turn|1
|inactive|Lewis94 has 30 seconds left.
|
|t:|1756394688
|-terastallize|p1a: Whimsicott|Dark
|move|p1a: Whimsicott|Tailwind|p1a: Whimsicott
|-sidestart|p1: Lewis94|move: Tailwind
|move|p1b: Garchomp|Stomping Tantrum|p2b: holy Sneasler
|-supereffective|p2b: holy Sneasler
|-enditem|p2b: holy Sneasler|Focus Sash
|-damage|p2b: holy Sneasler|1/100
|-damage|p1b: Garchomp|91/100|[from] item: Life Orb
|move|p2b: holy Sneasler|Dire Claw|p1a: Whimsicott
|-damage|p1a: Whimsicott|40/100
|move|p2a: Dragonita|Tailwind|p2a: Dragonita
|-sidestart|p2: Hackervgc|move: Tailwind
|
|upkeep
|turn|2
|
|t:|1756394712
|move|p1a: Whimsicott|Encore|p2a: Dragonita
|-start|p2a: Dragonita|Encore
|move|p2b: holy Sneasler|Dire Claw|p1a: Whimsicott
|-damage|p1a: Whimsicott|0 fnt
|faint|p1a: Whimsicott
|move|p1b: Garchomp|Stomping Tantrum|p2b: holy Sneasler
|-supereffective|p2b: holy Sneasler
|-damage|p2b: holy Sneasler|0 fnt
|faint|p2b: holy Sneasler
|-damage|p1b: Garchomp|81/100|[from] item: Life Orb
|move|p2a: Dragonita|Tailwind||[still]
|-fail|p2a: Dragonita
|
|upkeep
|
|t:|1756394727
|switch|p2b: Kingambit|Kingambit, L50, M|100/100
|switch|p1a: Typhlosion|Typhlosion-Hisui, L50, F|100/100
|turn|3
|
|t:|1756394751
|switch|p2a: Magmar|Magmar, L50, M|100/100
|move|p2b: Kingambit|Protect|p2b: Kingambit
|-singleturn|p2b: Kingambit|Protect
|move|p1b: Garchomp|Stomping Tantrum|p2b: Kingambit
|-activate|p2b: Kingambit|move: Protect
|move|p1a: Typhlosion|Heat Wave|p2a: Magmar|[spread] p2a
|-activate|p2b: Kingambit|move: Protect
|-resisted|p2a: Magmar
|-damage|p2a: Magmar|83/100
|
|upkeep
|turn|4
|
|t:|1756394771
|switch|p1a: Dragonite|Dragonite, L50, F|100/100
|-terastallize|p2b: Kingambit|Dark
|move|p2a: Magmar|Protect|p2a: Magmar
|-singleturn|p2a: Magmar|Protect
|move|p2b: Kingambit|Sucker Punch||[still]
|-fail|p2b: Kingambit
|move|p1b: Garchomp|Earthquake|p2a: Magmar|[spread] p2b
|-activate|p2a: Magmar|move: Protect
|-immune|p1a: Dragonite
|-crit|p2b: Kingambit
|-damage|p2b: Kingambit|47/100
|-damage|p1b: Garchomp|71/100|[from] item: Life Orb
|
|-sideend|p1: Lewis94|move: Tailwind
|-sideend|p2: Hackervgc|move: Tailwind
|upkeep
|turn|5
|inactive|Lewis94 has 30 seconds left.
|
|t:|1756394796
|move|p2a: Magmar|Follow Me|p2a: Magmar
|-singleturn|p2a: Magmar|move: Follow Me
|move|p1b: Garchomp|Earthquake|p2a: Magmar|[spread] p2a,p2b
|-immune|p1a: Dragonite
|-supereffective|p2a: Magmar
|-damage|p2a: Magmar|6/100
|-damage|p2b: Kingambit|13/100
|-damage|p1b: Garchomp|61/100|[from] item: Life Orb
|move|p1a: Dragonite|Scale Shot|p2a: Magmar
|-damage|p2a: Magmar|0 fnt
|faint|p2a: Magmar
|-hitcount|p2: Magmar|1
|-unboost|p1a: Dragonite|def|1
|-boost|p1a: Dragonite|spe|1
|move|p2b: Kingambit|Kowtow Cleave|p1b: Garchomp
|-damage|p1b: Garchomp|0 fnt
|-damage|p2b: Kingambit|0 fnt|[from] ability: Rough Skin|[of] p1b: Garchomp
|faint|p1b: Garchomp
|faint|p2b: Kingambit
|
|upkeep
|
|t:|1756394814
|switch|p1b: Typhlosion|Typhlosion-Hisui, L50, F|100/100
|switch|p2b: Dragonita|Dragonite, L50, F|100/100
|turn|6
|
|t:|1756394824
|move|p1a: Dragonite|Extreme Speed|p2b: Dragonita
|-damage|p2b: Dragonita|85/100
|move|p1b: Typhlosion|Eruption|p2b: Dragonita
|-resisted|p2b: Dragonita
|-damage|p2b: Dragonita|30/100
|move|p2b: Dragonita|Scale Shot|p1a: Dragonite
|-supereffective|p1a: Dragonite
|-damage|p1a: Dragonite|79/100
|-supereffective|p1a: Dragonite
|-damage|p1a: Dragonite|38/100
|-supereffective|p1a: Dragonite
|-damage|p1a: Dragonite|0 fnt
|faint|p1a: Dragonite
|-hitcount|p1: Dragonite|3
|-unboost|p2b: Dragonita|def|1
|-boost|p2b: Dragonita|spe|1
|
|upkeep
|turn|7
|
|t:|1756394840
|move|p2b: Dragonita|Scale Shot|p1b: Typhlosion
|-damage|p1b: Typhlosion|80/100
|-damage|p1b: Typhlosion|59/100
|-damage|p1b: Typhlosion|41/100
|-damage|p1b: Typhlosion|21/100
|-hitcount|p1b: Typhlosion|4
|-unboost|p2b: Dragonita|def|1
|-boost|p2b: Dragonita|spe|1
|move|p1b: Typhlosion|Eruption|p2b: Dragonita
|-resisted|p2b: Dragonita
|-damage|p2b: Dragonita|12/100
|
|upkeep
|turn|8
|
|t:|1756394857
|move|p2b: Dragonita|Scale Shot|p1b: Typhlosion
|-damage|p1b: Typhlosion|0 fnt
|faint|p1b: Typhlosion
|-hitcount|p1: Typhlosion|1
|
|win|Hackervgc
