|j|☆Seven_Summits
|j|☆GlitterishSilver
|html|Seven_SummitsGlitterishSilver    
|uhtml|bestof|Game 1 of a best-of-3
|t:|1782368115
|gametype|doubles
|player|p1|Seven_Summits|birdkeeper-gen4dp|1087
|player|p2|GlitterishSilver|anabel-gen7|1140
|gen|9
|tier|[Gen 9 Champions] VGC 2026 Reg M-B (Bo3)
|rated|
|rule|Species Clause: Limit one of each Pokémon
|rule|Item Clause: Limit 1 of each item
|clearpoke
|poke|p1|Staraptor, L50, M|
|poke|p1|Whimsicott, L50, F|
|poke|p1|Garchomp, L50, F|
|poke|p1|Delphox, L50, F|
|poke|p1|Sinistcha-Masterpiece, L50|
|poke|p1|Incineroar, L50, M|
|poke|p2|Raichu, L50, F|
|poke|p2|Milotic, L50, M|
|poke|p2|Floette-Eternal, L50, F|
|poke|p2|Incineroar, L50, F|
|poke|p2|Ceruledge, L50, M|
|poke|p2|Sinistcha, L50|
|teampreview|4
|showteam|p1|Staraptor||Staraptite|Intimidate|Protect,Roost,BraveBird,CloseCombat|Jolly||M|||50|]Whimsicott||FocusSash|Prankster|Encore,Tailwind,Charm,Moonblast|Timid||F|||50|]Garchomp||LifeOrb|RoughSkin|Protect,Earthquake,RockSlide,DragonClaw|Jolly||F|||50|]Delphox||Delphoxite|Blaze|HeatWave,Psyshock,NastyPlot,Protect|Timid||F|||50|]Sinistcha-Masterpiece||KasibBerry|Hospitality|Protect,RagePowder,StrengthSap,MatchaGotcha|Bold|||||50|]Incineroar||SitrusBerry|Intimidate|FakeOut,PartingShot,ThroatChop,FlareBlitz|Careful||M|||50|
|showteam|p2|Raichu||RaichuniteY|LightningRod|ZapCannon,FocusBlast,FakeOut,Protect|Timid||F|||50|]Milotic||Leftovers|Competitive|MuddyWater,Coil,Hypnosis,Protect|Calm||M|||50|]Floette-Eternal||Floettite|FlowerVeil|DazzlingGleam,DrainingKiss,CalmMind,Protect|Timid||F|||50|]Incineroar||SitrusBerry|Intimidate|FlareBlitz,ThroatChop,FakeOut,PartingShot|Impish||F|||50|]Ceruledge||ColburBerry|FlashFire|BitterBlade,ShadowSneak,BulkUp,Protect|Adamant||M|||50|]Sinistcha||KasibBerry|Hospitality|MatchaGotcha,LifeDew,RagePowder,Protect|Relaxed|||||50|
|
|t:|1782368154
|teamsize|p1|4
|teamsize|p2|4
|start
|switch|p1a: Hecate|Delphox, L50, F|100/100
|switch|p1b: Incineroar|Incineroar, L50, M|100/100
|switch|p2a: Floette|Floette-Eternal, L50, F|100/100
|switch|p2b: Milotic|Milotic, L50, M|100/100
|-ability|p1b: Incineroar|Intimidate|boost
|-unboost|p2a: Floette|atk|1
|-unboost|p2b: Milotic|atk|1
|-ability|p2b: Milotic|Competitive|boost
|-boost|p2b: Milotic|spa|2
|turn|1
|
|t:|1782368175
|detailschange|p1a: Hecate|Delphox-Mega, L50, F
|-mega|p1a: Hecate|Delphox|Delphoxite
|detailschange|p2a: Floette|Floette-Mega, L50, F
|-mega|p2a: Floette|Floette|Floettite
|-ability|p2a: Floette|Fairy Aura
|move|p1b: Incineroar|Fake Out|p2b: Milotic
|-damage|p2b: Milotic|91/100
|move|p1a: Hecate|Nasty Plot|p1a: Hecate
|-boost|p1a: Hecate|spa|2
|move|p2a: Floette|Calm Mind|p2a: Floette
|-boost|p2a: Floette|spa|1
|-boost|p2a: Floette|spd|1
|cant|p2b: Milotic|flinch
|
|-heal|p2b: Milotic|97/100|[from] item: Leftovers
|upkeep
|turn|2
|
|t:|1782368208
|switch|p1b: Sinistcha|Sinistcha-Masterpiece, L50|100/100
|move|p1a: Hecate|Protect|p1a: Hecate
|-singleturn|p1a: Hecate|Protect
|move|p2a: Floette|Dazzling Gleam|p1b: Sinistcha|[spread] p1b
|-activate|p1a: Hecate|move: Protect
|-damage|p1b: Sinistcha|38/100
|move|p2b: Milotic|Muddy Water|p1a: Hecate|[spread] p1b
|-activate|p1a: Hecate|move: Protect
|-resisted|p1b: Sinistcha|1
|-damage|p1b: Sinistcha|14/100
|
|-heal|p2b: Milotic|100/100|[from] item: Leftovers
|upkeep
|turn|3
|
|t:|1782368251
|move|p1a: Hecate|Psyshock|p2b: Milotic
|-damage|p2b: Milotic|23/100
|move|p2a: Floette|Calm Mind|p2a: Floette
|-boost|p2a: Floette|spa|1
|-boost|p2a: Floette|spd|1
|move|p2b: Milotic|Muddy Water|p1b: Sinistcha|[spread] p1a,p1b
|-supereffective|p1a: Hecate|1
|-resisted|p1b: Sinistcha|1
|-damage|p1a: Hecate|20/100y
|-damage|p1b: Sinistcha|0 fnt
|faint|p1b: Sinistcha
|
|-heal|p2b: Milotic|29/100|[from] item: Leftovers
|upkeep
|
|t:|1782368266
|switch|p1b: Incineroar|Incineroar, L50, M|100/100
|-ability|p1b: Incineroar|Intimidate|boost
|-unboost|p2a: Floette|atk|1
|-unboost|p2b: Milotic|atk|1
|-ability|p2b: Milotic|Competitive|boost
|-boost|p2b: Milotic|spa|2
|turn|4
|
|t:|1782368274
|switch|p2b: Ceruledge|Ceruledge, L50, M|100/100
|move|p2a: Floette|Protect|p2a: Floette
|-singleturn|p2a: Floette|Protect
|move|p1b: Incineroar|Fake Out|p2a: Floette
|-activate|p2a: Floette|move: Protect
|move|p1a: Hecate|Psyshock|p2b: Ceruledge
|-damage|p2b: Ceruledge|3/100
|
|upkeep
|turn|5
|
|t:|1782368294
|move|p1a: Hecate|Protect|p1a: Hecate
|-singleturn|p1a: Hecate|Protect
|move|p2b: Ceruledge|Shadow Sneak|p1a: Hecate
|-activate|p1a: Hecate|move: Protect
|move|p2a: Floette|Draining Kiss|p1b: Incineroar
|-damage|p1b: Incineroar|44/100
|-enditem|p1b: Incineroar|Sitrus Berry|[eat]
|-heal|p1b: Incineroar|69/100|[from] item: Sitrus Berry
|move|p1b: Incineroar|Throat Chop|p2b: Ceruledge
|-supereffective|p2b: Ceruledge|1
|-enditem|p2b: Ceruledge|Colbur Berry|[eat]
|-enditem|p2b: Ceruledge|Colbur Berry|[weaken]
|-damage|p2b: Ceruledge|0 fnt
|faint|p2b: Ceruledge
|
|upkeep
|
|t:|1782368312
|switch|p2b: Incineroar|Incineroar, L50, F|100/100
|-ability|p2b: Incineroar|Intimidate|boost
|-unboost|p1a: Hecate|atk|1
|-unboost|p1b: Incineroar|atk|1
|turn|6
|
|t:|1782368344
|move|p1a: Hecate|Protect||[still]
|-fail|p1a: Hecate
|move|p2a: Floette|Dazzling Gleam|p1a: Hecate|[spread] p1a,p1b
|-resisted|p1a: Hecate|1
|-damage|p1a: Hecate|0 fnt
|-damage|p1b: Incineroar|5/100
|faint|p1a: Hecate
|move|p2b: Incineroar|Parting Shot|p1b: Incineroar
|-unboost|p1b: Incineroar|atk|1
|-unboost|p1b: Incineroar|spa|1
|
|t:|1782368352
|switch|p2b: Milotic|Milotic, L50, M|29/100|[from] Parting Shot
|move|p1b: Incineroar|Flare Blitz|p2a: Floette
|-damage|p2a: Floette|76/100
|-damage|p1b: Incineroar|0 fnt|[from] Recoil
|faint|p1b: Incineroar
|
|-heal|p2b: Milotic|35/100|[from] item: Leftovers
|upkeep
|
|t:|1782368360
|switch|p1b: Garchomp|Garchomp, L50, F|100/100
|turn|7
|
|t:|1782368369
|switch|p2b: Incineroar|Incineroar, L50, F|100/100
|-ability|p2b: Incineroar|Intimidate|boost
|-unboost|p1b: Garchomp|atk|1
|move|p2a: Floette|Protect|p2a: Floette
|-singleturn|p2a: Floette|Protect
|move|p1b: Garchomp|Earthquake|p2a: Floette|[spread] p2b
|-activate|p2a: Floette|move: Protect
|-supereffective|p2b: Incineroar|1
|-damage|p2b: Incineroar|46/100
|-enditem|p2b: Incineroar|Sitrus Berry|[eat]
|-heal|p2b: Incineroar|70/100|[from] item: Sitrus Berry
|-damage|p1b: Garchomp|90/100|[from] item: Life Orb
|
|upkeep
|turn|8
|-message|Seven_Summits forfeited.
|
|win|GlitterishSilver
||Seven_Summits is ready for game 2.
||GlitterishSilver is ready for game 2.
|uhtml|next|Next: Game 2 of 3
|l|☆GlitterishSilver
|player|p2|
