|j|☆robby w
|j|☆BoloinaBox
|html|robby wBoloinaBox    
|uhtml|bestof|Game 1 of a best-of-3
|t:|1756748127
|gametype|doubles
|player|p1|robby w|pokefan-gen4|1225
|player|p2|BoloinaBox|101|1145
|gen|9
|tier|[Gen 9] VGC 2025 Reg H (Bo3)
|rated|
|rule|Species Clause: Limit one of each Pokémon
|rule|Item Clause: Limit 1 of each item
|clearpoke
|poke|p1|Dondozo, L50, M|
|poke|p1|Tatsugiri, L50, F|
|poke|p1|Sneasler, L50, F|
|poke|p1|Whimsicott, L50, M|
|poke|p1|Indeedee, L50, M|
|poke|p1|Hydreigon, L50, F|
|poke|p2|Pelipper, L50, M|
|poke|p2|Archaludon, L50, F|
|poke|p2|Greninja-*, L50, M|
|poke|p2|Amoonguss, L50, M|
|poke|p2|Salamence, L50, M|
|poke|p2|Basculegion, L50, M|
|teampreview|4
|showteam|p1|Dondozo||Leftovers|Unaware|Protect,WaveCrash,Earthquake,OrderUp|||M|||50|,,,,,Grass]Tatsugiri||ChoiceScarf|Commander|DragonPulse,IcyWind,DracoMeteor,MuddyWater|||F|||50|,,,,,Stellar]Sneasler||PsychicSeed|Unburden|DireClaw,CloseCombat,Protect,ThroatChop|||F|||50|,,,,,Dark]Whimsicott||CovertCloak|Prankster|Tailwind,Moonblast,Taunt,HelpingHand|||M|||50|,,,,,Dark]Indeedee||FocusSash|PsychicSurge|ExpandingForce,TrickRoom,DazzlingGleam,Protect|||M|||50|,,,,,Fairy]Hydreigon||LifeOrb|Levitate|DracoMeteor,Snarl,HeatWave,Protect|||F|||50|,,,,,Steel
|showteam|p2|Pelipper||ChoiceScarf|Drizzle|WeatherBall,Hurricane,FeatherDance,Uturn|||M|||50|,,,,,Ghost]Archaludon||AssaultVest|Stamina|ElectroShot,FlashCannon,BodyPress,Snarl|||F|||50|,,,,,Fighting]Greninja||LoadedDice|Protean|WaterShuriken,DarkPulse,IceBeam,Protect|||M|||50|,,,,,Ghost]Amoonguss||SitrusBerry|Regenerator|ClearSmog,PollenPuff,RagePowder,Spore|||M|||50|,,,,,Fairy]Salamence||LifeOrb|Intimidate|DracoMeteor,Hurricane,Tailwind,Protect|||M|||50|,,,,,Flying]Basculegion||ChoiceBand|SwiftSwim|WaveCrash,LastRespects,TeraBlast,FlipTurn|||M|||50|,,,,,Grass
|inactive|Battle timer is ON: inactive players will automatically lose when time's up. (requested by BoloinaBox)
|
|t:|1756748154
|teamsize|p1|4
|teamsize|p2|4
|start
|switch|p1a: Sneasler|Sneasler, L50, F|100/100
|switch|p1b: Indeedee|Indeedee, L50, M|100/100
|switch|p2a: Greninja|Greninja, L50, M|100/100
|switch|p2b: Archaludon|Archaludon, L50, F, shiny|100/100
|-fieldstart|move: Psychic Terrain|[from] ability: Psychic Surge|[of] p1b: Indeedee
|-enditem|p1a: Sneasler|Psychic Seed
|-boost|p1a: Sneasler|spd|1|[from] item: Psychic Seed
|turn|1
|
|t:|1756748177
|move|p1a: Sneasler|Protect|p1a: Sneasler
|-singleturn|p1a: Sneasler|Protect
|move|p1b: Indeedee|Protect|p1b: Indeedee
|-singleturn|p1b: Indeedee|Protect
|move|p2a: Greninja|Water Shuriken|p2b: Archaludon
|-start|p2a: Greninja|typechange|Water|[from] ability: Protean
|-resisted|p2b: Archaludon
|-damage|p2b: Archaludon|98/100
|-ability|p2b: Archaludon|Stamina|boost
|-boost|p2b: Archaludon|def|1
|-resisted|p2b: Archaludon
|-damage|p2b: Archaludon|96/100
|-ability|p2b: Archaludon|Stamina|boost
|-boost|p2b: Archaludon|def|1
|-resisted|p2b: Archaludon
|-damage|p2b: Archaludon|93/100
|-ability|p2b: Archaludon|Stamina|boost
|-boost|p2b: Archaludon|def|1
|-resisted|p2b: Archaludon
|-damage|p2b: Archaludon|91/100
|-ability|p2b: Archaludon|Stamina|boost
|-boost|p2b: Archaludon|def|1
|-resisted|p2b: Archaludon
|-damage|p2b: Archaludon|89/100
|-ability|p2b: Archaludon|Stamina|boost
|-boost|p2b: Archaludon|def|1
|-hitcount|p2b: Archaludon|5
|move|p2b: Archaludon|Snarl|p1a: Sneasler|[spread] 
|-activate|p1a: Sneasler|move: Protect
|-activate|p1b: Indeedee|move: Protect
|
|upkeep
|turn|2
|inactive|robby w has 30 seconds left.
|inactive|BoloinaBox has 30 seconds left.
|
|t:|1756748211
|move|p1a: Sneasler|Dire Claw|p2a: Greninja
|-damage|p2a: Greninja|17/100
|move|p2a: Greninja|Dark Pulse|p1b: Indeedee
|-supereffective|p1b: Indeedee
|-damage|p1b: Indeedee|25/100
|move|p1b: Indeedee|Expanding Force|p2a: Greninja|[spread] p2a,p2b
|-resisted|p2b: Archaludon
|-damage|p2a: Greninja|0 fnt
|-damage|p2b: Archaludon|72/100
|-ability|p2b: Archaludon|Stamina|boost
|-boost|p2b: Archaludon|def|1
|faint|p2a: Greninja
|move|p2b: Archaludon|Snarl|p1b: Indeedee|[spread] p1a,p1b
|-resisted|p1a: Sneasler
|-crit|p1a: Sneasler
|-supereffective|p1b: Indeedee
|-damage|p1a: Sneasler|88/100
|-damage|p1b: Indeedee|0 fnt
|-unboost|p1a: Sneasler|spa|1
|faint|p1b: Indeedee
|
|upkeep
|
|t:|1756748228
|switch|p2a: Pelipper|Pelipper, L50, M|100/100
|switch|p1b: Dondozo|Dondozo, L50, M, shiny|100/100
|-weather|RainDance|[from] ability: Drizzle|[of] p2a: Pelipper
|turn|3
|inactive|BoloinaBox has 30 seconds left.
|
|t:|1756748254
|switch|p1a: Tatsugiri|Tatsugiri, L50, F|100/100
|-activate|p1a: Tatsugiri|ability: Commander|[of] p1b: Dondozo
|-boost|p1b: Dondozo|atk|2
|-boost|p1b: Dondozo|spa|2
|-boost|p1b: Dondozo|spe|2
|-boost|p1b: Dondozo|def|2
|-boost|p1b: Dondozo|spd|2
|move|p2a: Pelipper|Feather Dance|p1b: Dondozo
|-unboost|p1b: Dondozo|atk|2
|move|p1b: Dondozo|Earthquake|p2a: Pelipper|[spread] p2b
|-miss|p1b: Dondozo|p1a: Tatsugiri
|-immune|p2a: Pelipper
|-supereffective|p2b: Archaludon
|-damage|p2b: Archaludon|36/100
|move|p2b: Archaludon|Electro Shot||[still]
|-prepare|p2b: Archaludon|Electro Shot
|-boost|p2b: Archaludon|spa|1
|-anim|p2b: Archaludon|Electro Shot|p1b: Dondozo
|-supereffective|p1b: Dondozo
|-damage|p1b: Dondozo|55/100
|
|-weather|RainDance|[upkeep]
|-heal|p1b: Dondozo|62/100|[from] item: Leftovers
|upkeep
|turn|4
|inactive|robby w has 30 seconds left.
|inactive|BoloinaBox has 30 seconds left.
|inactive|robby w has 20 seconds left.
|
|t:|1756748295
|-terastallize|p2b: Archaludon|Fighting
|move|p2a: Pelipper|Feather Dance|p1b: Dondozo
|-unboost|p1b: Dondozo|atk|2
|move|p1b: Dondozo|Earthquake|p2a: Pelipper|[spread] p2b
|-miss|p1b: Dondozo|p1a: Tatsugiri
|-immune|p2a: Pelipper
|-damage|p2b: Archaludon|28/100
|move|p2b: Archaludon|Electro Shot||[still]
|-prepare|p2b: Archaludon|Electro Shot
|-boost|p2b: Archaludon|spa|1
|-anim|p2b: Archaludon|Electro Shot|p1b: Dondozo
|-supereffective|p1b: Dondozo
|-damage|p1b: Dondozo|17/100
|
|-weather|RainDance|[upkeep]
|-heal|p1b: Dondozo|24/100|[from] item: Leftovers
|upkeep
|turn|5
|inactive|BoloinaBox has 30 seconds left.
|
|t:|1756748323
|switch|p2a: Amoonguss|Amoonguss, L50, M|100/100
|move|p1b: Dondozo|Wave Crash|p2b: Archaludon
|-damage|p2b: Archaludon|0 fnt
|faint|p2b: Archaludon
|-damage|p1b: Dondozo|16/100|[from] Recoil
|
|-weather|RainDance|[upkeep]
|-heal|p1b: Dondozo|22/100|[from] item: Leftovers
|-fieldend|move: Psychic Terrain
|upkeep
|
|t:|1756748331
|switch|p2b: Pelipper|Pelipper, L50, M|100/100
|turn|6
|
|t:|1756748344
|move|p2b: Pelipper|Hurricane|p1b: Dondozo
|-damage|p1b: Dondozo|0 fnt
|faint|p1b: Dondozo
|move|p2a: Amoonguss|Spore|p1a: Tatsugiri
|-status|p1a: Tatsugiri|slp|[from] move: Spore
|
|-weather|RainDance|[upkeep]
|upkeep
|
|t:|1756748352
|switch|p1b: Sneasler|Sneasler, L50, F|88/100
|turn|7
|
|t:|1756748376
|-terastallize|p1a: Tatsugiri|Stellar
|cant|p1a: Tatsugiri|slp
|move|p2b: Pelipper|Hurricane|p1b: Sneasler
|-supereffective|p1b: Sneasler
|-damage|p1b: Sneasler|0 fnt
|faint|p1b: Sneasler
|move|p2a: Amoonguss|Pollen Puff|p1a: Tatsugiri
|-damage|p1a: Tatsugiri|77/100 slp
|
|-weather|none
|upkeep
|turn|8
|
|t:|1756748393
|cant|p1a: Tatsugiri|slp
|move|p2b: Pelipper|Hurricane|p1a: Tatsugiri
|-damage|p1a: Tatsugiri|20/100 slp
|-start|p1a: Tatsugiri|confusion
|move|p2a: Amoonguss|Spore|p1a: Tatsugiri
|-fail|p1a: Tatsugiri|slp
|
|upkeep
|turn|9
|
|t:|1756748409
|-curestatus|p1a: Tatsugiri|slp|[msg]
|-activate|p1a: Tatsugiri|confusion
|move|p1a: Tatsugiri|Draco Meteor|p2a: Amoonguss
|-damage|p2a: Amoonguss|19/100
|-unboost|p1a: Tatsugiri|spa|2
|-enditem|p2a: Amoonguss|Sitrus Berry|[eat]
|-heal|p2a: Amoonguss|44/100|[from] item: Sitrus Berry
|move|p2b: Pelipper|Hurricane|p1a: Tatsugiri
|-crit|p1a: Tatsugiri
|-damage|p1a: Tatsugiri|0 fnt
|faint|p1a: Tatsugiri
|
|win|BoloinaBox
||BoloinaBox is ready for game 2.
||robby w is ready for game 2.
|uhtml|next|Next: Game 2 of 3
|l|☆robby w
|player|p1|
|j|☆robby w
|player|p1|robby w|pokefan-gen4|
|l|☆BoloinaBox
|player|p2|
