|j|☆robinrambles
|j|☆bcam1
|html|robinramblesbcam1    
|uhtml|bestof|Game 3 of a best-of-3
|t:|1785272060
|gametype|doubles
|player|p1|robinrambles|dawn-gen4pt|1132
|player|p2|bcam1|1|1199
|gen|9
|tier|[Gen 9 Champions] VGC 2026 Reg M-B (Bo3)
|rated|
|rule|Species Clause: Limit one of each Pokémon
|rule|Item Clause: Limit 1 of each item
|clearpoke
|poke|p1|Staraptor, L50, F|
|poke|p1|Metagross, L50|
|poke|p1|Hydreigon, L50, M|
|poke|p1|Farigiraf, L50, F|
|poke|p1|Grimmsnarl, L50, M|
|poke|p1|Aerodactyl, L50, M|
|poke|p2|Garchomp, L50, F|
|poke|p2|Delphox, L50, F|
|poke|p2|Eelektross, L50, F|
|poke|p2|Whimsicott, L50, F|
|poke|p2|Ninetales, L50, F|
|poke|p2|Kingambit, L50, M|
|teampreview|4
|showteam|p1|Staraptor||Staraptite|Intimidate|Roost,Protect,CloseCombat,BraveBird|Jolly||F|||50|]Metagross||Metagrossite|ClearBody|MeteorMash,PsychicFangs,StompingTantrum,Protect|Jolly|||||50|]Hydreigon||ChoiceScarf|Levitate|DracoMeteor,Snarl,EarthPower,Flamethrower|Modest||M|||50|]Farigiraf||SitrusBerry|ArmorTail|Thunderbolt,TwinBeam,Protect,HelpingHand|Calm||F|||50|]Grimmsnarl||RoseliBerry|Prankster|SpiritBreak,Taunt,PartingShot,FakeOut|Adamant||M|||50|]Aerodactyl||WideLens|Unnerve|DualWingbeat,RockSlide,Protect,Tailwind|Jolly||M|||50|
|showteam|p2|Garchomp||ChoiceScarf|RoughSkin|Earthquake,RockSlide,DragonClaw,BrickBreak|Adamant||F|||50|]Delphox||Delphoxite|Blaze|Protect,HeatWave,NastyPlot,Psychic|Timid||F|||50|]Eelektross||Eelektrossite|Levitate|Protect,GigaDrain,Discharge,Flamethrower|Timid||F|||50|]Whimsicott||FocusSash|Prankster|Moonblast,Encore,Taunt,Charm|Bold||F|||50|]Ninetales||HeatRock|Drought|Protect,HeatWave,WillOWisp,SolarBeam|Calm||F|||50|]Kingambit||BlackGlasses|Defiant|Protect,KowtowCleave,SuckerPunch,IronHead|Adamant||M|||50|
|inactive|Battle timer is ON: inactive players will automatically lose when time's up. (requested by bcam1)
|inactive|robinrambles has 60 seconds left.
|
|t:|1785272103
|teamsize|p1|4
|teamsize|p2|4
|start
|switch|p1a: Staraptor|Staraptor, L50, F|100/100
|switch|p1b: Grimmsnarl|Grimmsnarl, L50, M|100/100
|switch|p2a: Garchomp|Garchomp, L50, F|100/100
|switch|p2b: Delphox|Delphox, L50, F|100/100
|-ability|p1a: Staraptor|Intimidate|boost
|-unboost|p2a: Garchomp|atk|1
|-unboost|p2b: Delphox|atk|1
|turn|1
|
|t:|1785272124
|switch|p2a: Ninetales|Ninetales, L50, F|100/100
|-weather|SunnyDay|[from] ability: Drought|[of] p2a: Ninetales
|detailschange|p2b: Delphox|Delphox-Mega, L50, F
|-mega|p2b: Delphox|Delphox|Delphoxite
|detailschange|p1a: Staraptor|Staraptor-Mega, L50, F
|-mega|p1a: Staraptor|Staraptor|Staraptite
|move|p1b: Grimmsnarl|Fake Out|p2b: Delphox
|-damage|p2b: Delphox|79/100
|cant|p2b: Delphox|flinch
|move|p1a: Staraptor|Close Combat|p2a: Ninetales
|-damage|p2a: Ninetales|17/100
|-boost|p1a: Staraptor|def|1
|-boost|p1a: Staraptor|spd|1
|
|-weather|SunnyDay|[upkeep]
|upkeep
|turn|2
|
|t:|1785272148
|move|p1b: Grimmsnarl|Parting Shot|p2b: Delphox
|-unboost|p2b: Delphox|atk|1
|-unboost|p2b: Delphox|spa|1
|
|t:|1785272152
|switch|p1b: Hydreigon|Hydreigon, L50, M|100/100|[from] Parting Shot
|move|p2b: Delphox|Heat Wave|p1a: Staraptor|[spread] p1a,p1b
|-resisted|p1b: Hydreigon|1
|-damage|p1a: Staraptor|64/100
|-damage|p1b: Hydreigon|80/100
|move|p1a: Staraptor|Brave Bird|p2b: Delphox
|-damage|p2b: Delphox|0 fnt
|faint|p2b: Delphox
|-damage|p1a: Staraptor|41/100|[from] Recoil
|move|p2a: Ninetales|Heat Wave|p1b: Hydreigon|[spread] p1a,p1b
|-resisted|p1b: Hydreigon|1
|-damage|p1a: Staraptor|15/100
|-damage|p1b: Hydreigon|65/100
|
|-weather|SunnyDay|[upkeep]
|upkeep
|
|t:|1785272159
|switch|p2b: Garchomp|Garchomp, L50, F|100/100
|turn|3
|
|t:|1785272176
|move|p1a: Staraptor|Protect|p1a: Staraptor
|-singleturn|p1a: Staraptor|Protect
|move|p2b: Garchomp|Rock Slide|p1b: Hydreigon|[spread] 
|-activate|p1a: Staraptor|move: Protect
|-miss|p2b: Garchomp|p1b: Hydreigon
|move|p1b: Hydreigon|Draco Meteor|p2b: Garchomp
|-supereffective|p2b: Garchomp|1
|-damage|p2b: Garchomp|0 fnt
|-unboost|p1b: Hydreigon|spa|2
|faint|p2b: Garchomp
|move|p2a: Ninetales|Heat Wave|p1a: Staraptor|[spread] p1b
|-activate|p1a: Staraptor|move: Protect
|-resisted|p1b: Hydreigon|1
|-damage|p1b: Hydreigon|48/100
|
|-weather|SunnyDay|[upkeep]
|upkeep
|
|t:|1785272180
|switch|p2b: Kingambit|Kingambit, L50, M|100/100
|turn|4
|
|t:|1785272202
|switch|p1b: Grimmsnarl|Grimmsnarl, L50, M|100/100
|move|p2b: Kingambit|Protect|p2b: Kingambit
|-singleturn|p2b: Kingambit|Protect
|move|p1a: Staraptor|Roost|p1a: Staraptor
|-heal|p1a: Staraptor|65/100
|-singleturn|p1a: Staraptor|move: Roost
|move|p2a: Ninetales|Heat Wave|p1b: Grimmsnarl|[spread] p1a,p1b
|-damage|p1a: Staraptor|40/100
|-damage|p1b: Grimmsnarl|67/100
|-status|p1a: Staraptor|brn
|
|-weather|SunnyDay|[upkeep]
|-damage|p1a: Staraptor|34/100 brn|[from] brn
|upkeep
|turn|5
|
|t:|1785272224
|move|p2a: Ninetales|Protect|p2a: Ninetales
|-singleturn|p2a: Ninetales|Protect
|move|p1b: Grimmsnarl|Fake Out|p2b: Kingambit
|-resisted|p2b: Kingambit|1
|-damage|p2b: Kingambit|94/100
|move|p1a: Staraptor|Close Combat|p2b: Kingambit
|-supereffective|p2b: Kingambit|2
|-damage|p2b: Kingambit|6/100
|-boost|p1a: Staraptor|def|1
|-boost|p1a: Staraptor|spd|1
|cant|p2b: Kingambit|flinch
|
|-weather|SunnyDay|[upkeep]
|-damage|p1a: Staraptor|28/100 brn|[from] brn
|upkeep
|turn|6
|
|t:|1785272244
|move|p1b: Grimmsnarl|Parting Shot|p2a: Ninetales
|-unboost|p2a: Ninetales|atk|1
|-unboost|p2a: Ninetales|spa|1
|
|t:|1785272250
|switch|p1b: Aerodactyl|Aerodactyl, L50, M|100/100|[from] Parting Shot
|-ability|p1b: Aerodactyl|Unnerve
|move|p2b: Kingambit|Sucker Punch||[still]
|-fail|p2b: Kingambit
|move|p1a: Staraptor|Roost|p1a: Staraptor
|-heal|p1a: Staraptor|78/100 brn
|-singleturn|p1a: Staraptor|move: Roost
|move|p2a: Ninetales|Heat Wave|p1b: Aerodactyl|[spread] p1a,p1b
|-resisted|p1b: Aerodactyl|1
|-damage|p1a: Staraptor|65/100 brn
|-damage|p1b: Aerodactyl|85/100
|
|-weather|SunnyDay|[upkeep]
|-damage|p1a: Staraptor|60/100 brn|[from] brn
|upkeep
|turn|7
|
|t:|1785272269
|move|p2b: Kingambit|Sucker Punch||[still]
|-fail|p2b: Kingambit
|move|p1b: Aerodactyl|Tailwind|p1b: Aerodactyl
|-sidestart|p1: robinrambles|move: Tailwind
|move|p1a: Staraptor|Close Combat|p2b: Kingambit
|-supereffective|p2b: Kingambit|2
|-damage|p2b: Kingambit|0 fnt
|-boost|p1a: Staraptor|def|1
|-boost|p1a: Staraptor|spd|1
|faint|p2b: Kingambit
|move|p2a: Ninetales|Heat Wave|p1b: Aerodactyl|[spread] p1a,p1b
|-resisted|p1b: Aerodactyl|1
|-damage|p1a: Staraptor|50/100g brn
|-damage|p1b: Aerodactyl|71/100
|
|-weather|SunnyDay|[upkeep]
|-damage|p1a: Staraptor|44/100 brn|[from] brn
|upkeep
|turn|8
|
|t:|1785272284
|move|p1b: Aerodactyl|Rock Slide|p2a: Ninetales
|-supereffective|p2a: Ninetales|1
|-damage|p2a: Ninetales|0 fnt
|faint|p2a: Ninetales
|
|win|robinrambles
|raw|robinrambles's rating: 1132 → 1162(+30 for winning)
|raw|bcam1's rating: 1199 → 1169(-30 for losing)
|l|☆bcam1
|player|p2|
