|j|‽SomeKidJon
|j|☆Pier (Champion)
|html|SomeKidJonPier (Champion)    
|uhtml|bestof|Game 3 of a best-of-3
|t:|1784464158
|gametype|doubles
|player|p1|SomeKidJon|scientistf|1258
|player|p2|Pier (Champion)|cynthia-gen4|1277
|gen|9
|tier|[Gen 9 Champions] VGC 2026 Reg M-B (Bo3)
|rated|
|rule|Species Clause: Limit one of each Pokémon
|rule|Item Clause: Limit 1 of each item
|clearpoke
|poke|p1|Tyranitar, L50, F|
|poke|p1|Excadrill, L50, M|
|poke|p1|Corviknight, L50, M|
|poke|p1|Basculegion, L50, M|
|poke|p1|Tsareena, L50, F|
|poke|p1|Lopunny, L50, F|
|poke|p2|Charizard, L50, F, shiny|
|poke|p2|Venusaur, L50, M|
|poke|p2|Toxapex, L50, M|
|poke|p2|Incineroar, L50, M|
|poke|p2|Garchomp, L50, F|
|poke|p2|Annihilape, L50, F|
|teampreview|4
|showteam|p1|Tyranitar||Tyranitarite|SandStream|Protect,DragonDance,KnockOff,RockSlide|Adamant||F|||50|]Excadrill||FocusSash|SandRush|IronHead,Protect,HighHorsepower,RockSlide|Adamant||M|||50|]Corviknight||Leftovers|MirrorArmor|BulkUp,Roost,BraveBird,BodyPress|Careful||M|||50|]Basculegion||ChoiceScarf|Adaptability|AquaJet,LastRespects,WaveCrash,FlipTurn|Adamant||M|||50|]Tsareena||WideLens|QueenlyMajesty|Protect,TripleAxel,PowerWhip,LowKick|Adamant||F|||50|]Lopunny||Lopunnite|Limber|CloseCombat,FakeOut,AfterYou,TripleAxel|Jolly||F|||50|
|showteam|p2|Charizard||CharizarditeY|Blaze|HeatWave,WeatherBall,HelpingHand,Protect|Modest||F|||50|]Venusaur||LifeOrb|Chlorophyll|SolarBeam,SludgeBomb,EarthPower,Protect|Modest||M|||50|]Toxapex||Leftovers|Regenerator|Infestation,Toxic,BanefulBunker,WideGuard|Impish||M|||50|]Incineroar||SitrusBerry|Intimidate|FlareBlitz,ThroatChop,PartingShot,FakeOut|Impish||M|||50|]Garchomp||ChoiceScarf|RoughSkin|DragonClaw,Earthquake,StompingTantrum,RockSlide|Adamant||F|||50|]Annihilape||FocusSash|Defiant|PhantomForce,CloseCombat,RockTomb,Protect|Jolly||F|||50|
|inactive|Battle timer is ON: inactive players will automatically lose when time's up. (requested by Pier (Champion))
|inactive|SomeKidJon has 60 seconds left.
|
|t:|1784464209
|teamsize|p1|4
|teamsize|p2|4
|start
|switch|p1a: Corviknight|Corviknight, L50, M|100/100
|switch|p1b: Basculegion|Basculegion, L50, M|100/100
|switch|p2a: Toxapex|Toxapex, L50, M|100/100
|switch|p2b: Incineroar|Incineroar, L50, M|100/100
|-ability|p2b: Incineroar|Intimidate|boost
|-ability|p1a: Corviknight|Mirror Armor
|-unboost|p2b: Incineroar|atk|1
|-unboost|p1b: Basculegion|atk|1
|turn|1
|
|t:|1784464224
|move|p2b: Incineroar|Fake Out|p1a: Corviknight
|-resisted|p1a: Corviknight|1
|-damage|p1a: Corviknight|97/100
|move|p1b: Basculegion|Flip Turn|p2b: Incineroar
|-supereffective|p2b: Incineroar|1
|-damage|p2b: Incineroar|54/100
|
|t:|1784464234
|switch|p1b: Excadrill|Excadrill, L50, M|100/100|[from] Flip Turn
|cant|p1a: Corviknight|flinch
|move|p2a: Toxapex|Toxic|p1b: Excadrill
|-immune|p1b: Excadrill
|
|-heal|p1a: Corviknight|100/100|[from] item: Leftovers
|upkeep
|turn|2
|
|t:|1784464254
|switch|p2b: Charizard|Charizard, L50, F, shiny|100/100
|move|p2a: Toxapex|Wide Guard|p2a: Toxapex
|-singleturn|p2a: Toxapex|Wide Guard
|move|p1b: Excadrill|High Horsepower|p2b: Charizard
|-immune|p2b: Charizard
|move|p1a: Corviknight|Bulk Up|p1a: Corviknight
|-boost|p1a: Corviknight|atk|1
|-boost|p1a: Corviknight|def|1
|
|upkeep
|turn|3
|
|t:|1784464264
|switch|p1a: Basculegion|Basculegion, L50, M|100/100
|detailschange|p2b: Charizard|Charizard-Mega-Y, L50, F, shiny
|-mega|p2b: Charizard|Charizard|Charizardite Y
|-weather|SunnyDay|[from] ability: Drought|[of] p2b: Charizard
|move|p1b: Excadrill|Rock Slide|p2a: Toxapex|[spread] p2a,p2b
|-supereffective|p2b: Charizard|2
|-damage|p2a: Toxapex|85/100
|-damage|p2b: Charizard|11/100
|cant|p2b: Charizard|flinch
|move|p2a: Toxapex|Infestation|p1b: Excadrill
|-resisted|p1b: Excadrill|1
|-damage|p1b: Excadrill|98/100
|-activate|p1b: Excadrill|move: Infestation|[of] p2a: Toxapex
|
|-weather|SunnyDay|[upkeep]
|-heal|p2a: Toxapex|91/100|[from] item: Leftovers
|-damage|p1b: Excadrill|86/100|[from] move: Infestation|[partiallytrapped]
|upkeep
|turn|4
|inactive|SomeKidJon has 30 seconds left.
|
|t:|1784464295
|switch|p2b: Incineroar|Incineroar, L50, M|54/100
|-ability|p2b: Incineroar|Intimidate|boost
|-unboost|p1a: Basculegion|atk|1
|-unboost|p1b: Excadrill|atk|1
|move|p1a: Basculegion|Flip Turn|p2b: Incineroar
|-supereffective|p2b: Incineroar|1
|-damage|p2b: Incineroar|32/100
|-enditem|p2b: Incineroar|Sitrus Berry|[eat]
|-heal|p2b: Incineroar|57/100|[from] item: Sitrus Berry
|
|t:|1784464297
|switch|p1a: Tyranitar|Tyranitar, L50, F|100/100|[from] Flip Turn
|-weather|Sandstorm|[from] ability: Sand Stream|[of] p1a: Tyranitar
|move|p1b: Excadrill|High Horsepower|p2a: Toxapex
|-supereffective|p2a: Toxapex|1
|-damage|p2a: Toxapex|40/100
|move|p2a: Toxapex|Toxic|p1a: Tyranitar
|-status|p1a: Tyranitar|tox
|
|-weather|Sandstorm|[upkeep]
|-damage|p2b: Incineroar|51/100|[from] Sandstorm
|-damage|p2a: Toxapex|35/100|[from] Sandstorm
|-heal|p2a: Toxapex|40/100|[from] item: Leftovers
|-damage|p1a: Tyranitar|93/100 tox|[from] psn
|-damage|p1b: Excadrill|73/100|[from] move: Infestation|[partiallytrapped]
|upkeep
|turn|5
|inactive|SomeKidJon has 30 seconds left.
|
|t:|1784464330
|switch|p1a: Basculegion|Basculegion, L50, M|100/100
|-heal|p2a: Toxapex|73/100|[from] ability: Regenerator|[silent]
|switch|p2a: Charizard|Charizard-Mega-Y, L50, F, shiny|11/100
|-weather|SunnyDay|[from] ability: Drought|[of] p2a: Charizard
|move|p1b: Excadrill|High Horsepower|p2a: Charizard
|-immune|p2a: Charizard
|move|p2b: Incineroar|Parting Shot|p1a: Basculegion
|-unboost|p1a: Basculegion|atk|1
|-unboost|p1a: Basculegion|spa|1
|
|t:|1784464343
|switch|p2b: Venusaur|Venusaur, L50, M|100/100|[from] Parting Shot
|
|-weather|SunnyDay|[upkeep]
|-end|p1b: Excadrill|Infestation|[partiallytrapped]|[silent]
|upkeep
|turn|6
|
|t:|1784464351
|switch|p1a: Tyranitar|Tyranitar, L50, F|93/100 tox
|-weather|Sandstorm|[from] ability: Sand Stream|[of] p1a: Tyranitar
|switch|p2a: Incineroar|Incineroar, L50, M|51/100
|-ability|p2a: Incineroar|Intimidate|boost
|-unboost|p1a: Tyranitar|atk|1
|-unboost|p1b: Excadrill|atk|1
|move|p1b: Excadrill|Rock Slide|p2a: Incineroar|[spread] p2b
|-miss|p1b: Excadrill|p2a: Incineroar
|-damage|p2b: Venusaur|87/100
|move|p2b: Venusaur|Earth Power|p1b: Excadrill
|-supereffective|p1b: Excadrill|1
|-damage|p1b: Excadrill|0 fnt
|faint|p1b: Excadrill
|-damage|p2b: Venusaur|77/100|[from] item: Life Orb
|
|-weather|Sandstorm|[upkeep]
|-damage|p2b: Venusaur|72/100|[from] Sandstorm
|-damage|p2a: Incineroar|45/100|[from] Sandstorm
|-damage|p1a: Tyranitar|87/100 tox|[from] psn
|upkeep
|
|t:|1784464361
|switch|p1b: Basculegion|Basculegion, L50, M|100/100
|turn|7
|
|t:|1784464372
|switch|p2a: Charizard|Charizard-Mega-Y, L50, F, shiny|11/100
|-weather|SunnyDay|[from] ability: Drought|[of] p2a: Charizard
|detailschange|p1a: Tyranitar|Tyranitar-Mega, L50, F
|-mega|p1a: Tyranitar|Tyranitar|Tyranitarite
|-weather|Sandstorm|[from] ability: Sand Stream|[of] p1a: Tyranitar
|move|p1b: Basculegion|Last Respects|p2b: Venusaur
|-damage|p2b: Venusaur|0 fnt
|faint|p2b: Venusaur
|move|p1a: Tyranitar|Dragon Dance|p1a: Tyranitar
|-boost|p1a: Tyranitar|atk|1
|-boost|p1a: Tyranitar|spe|1
|
|-weather|Sandstorm|[upkeep]
|-damage|p1b: Basculegion|93/100|[from] Sandstorm
|-damage|p2a: Charizard|5/100|[from] Sandstorm
|-damage|p1a: Tyranitar|75/100 tox|[from] psn
|upkeep
|
|t:|1784464383
|switch|p2b: Toxapex|Toxapex, L50, M|73/100
|turn|8
|
|t:|1784464393
|switch|p2a: Incineroar|Incineroar, L50, M|45/100
|-ability|p2a: Incineroar|Intimidate|boost
|-unboost|p1a: Tyranitar|atk|1
|-unboost|p1b: Basculegion|atk|1
|move|p1b: Basculegion|Last Respects|p2b: Toxapex
|-damage|p2b: Toxapex|40/100
|move|p1a: Tyranitar|Knock Off|p2a: Incineroar
|-resisted|p2a: Incineroar|1
|-damage|p2a: Incineroar|35/100
|move|p2b: Toxapex|Toxic|p1b: Basculegion
|-status|p1b: Basculegion|tox
|
|-weather|Sandstorm|[upkeep]
|-damage|p1b: Basculegion|87/100 tox|[from] Sandstorm
|-damage|p2a: Incineroar|29/100|[from] Sandstorm
|-damage|p2b: Toxapex|35/100|[from] Sandstorm
|-heal|p2b: Toxapex|40/100|[from] item: Leftovers
|-damage|p1b: Basculegion|81/100 tox|[from] psn
|-damage|p1a: Tyranitar|56/100 tox|[from] psn
|upkeep
|turn|9
|
|t:|1784464406
|switch|p1b: Corviknight|Corviknight, L50, M|100/100
|move|p2a: Incineroar|Fake Out|p1a: Tyranitar
|-resisted|p1a: Tyranitar|1
|-damage|p1a: Tyranitar|53/100 tox
|cant|p1a: Tyranitar|flinch
|move|p2b: Toxapex|Infestation|p1b: Corviknight
|-resisted|p1b: Corviknight|2
|-damage|p1b: Corviknight|99/100
|-activate|p1b: Corviknight|move: Infestation|[of] p2b: Toxapex
|
|-weather|Sandstorm|[upkeep]
|-damage|p2a: Incineroar|23/100|[from] Sandstorm
|-damage|p2b: Toxapex|35/100|[from] Sandstorm
|-heal|p1b: Corviknight|100/100|[from] item: Leftovers
|-heal|p2b: Toxapex|40/100|[from] item: Leftovers
|-damage|p1a: Tyranitar|28/100 tox|[from] psn
|-damage|p1b: Corviknight|87/100|[from] move: Infestation|[partiallytrapped]
|upkeep
|turn|10
|
|t:|1784464424
|move|p2b: Toxapex|Baneful Bunker|p2b: Toxapex
|-singleturn|p2b: Toxapex|move: Protect
|move|p1a: Tyranitar|Knock Off|p2b: Toxapex
|-activate|p2b: Toxapex|move: Protect
|move|p1b: Corviknight|Body Press|p2a: Incineroar
|-supereffective|p2a: Incineroar|1
|-damage|p2a: Incineroar|0 fnt
|faint|p2a: Incineroar
|
|-weather|Sandstorm|[upkeep]
|-damage|p2b: Toxapex|35/100|[from] Sandstorm
|-heal|p1b: Corviknight|93/100|[from] item: Leftovers
|-heal|p2b: Toxapex|40/100|[from] item: Leftovers
|-damage|p1a: Tyranitar|0 fnt|[from] psn
|faint|p1a: Tyranitar
|-damage|p1b: Corviknight|81/100|[from] move: Infestation|[partiallytrapped]
|upkeep
|
|t:|1784464433
|switch|p1a: Basculegion|Basculegion, L50, M|81/100 tox
|switch|p2a: Charizard|Charizard-Mega-Y, L50, F, shiny|5/100
|-weather|SunnyDay|[from] ability: Drought|[of] p2a: Charizard
|turn|11
|
|t:|1784464442
|move|p1a: Basculegion|Last Respects|p2a: Charizard
|-damage|p2a: Charizard|0 fnt
|faint|p2a: Charizard
|move|p1b: Corviknight|Bulk Up|p1b: Corviknight
|-boost|p1b: Corviknight|atk|1
|-boost|p1b: Corviknight|def|1
|move|p2b: Toxapex|Infestation|p1a: Basculegion
|-resisted|p1a: Basculegion|1
|-damage|p1a: Basculegion|80/100 tox
|-activate|p1a: Basculegion|move: Infestation|[of] p2b: Toxapex
|
|-weather|SunnyDay|[upkeep]
|-heal|p1b: Corviknight|87/100|[from] item: Leftovers
|-heal|p2b: Toxapex|46/100|[from] item: Leftovers
|-damage|p1a: Basculegion|74/100 tox|[from] psn
|-damage|p1a: Basculegion|61/100 tox|[from] move: Infestation|[partiallytrapped]
|-damage|p1b: Corviknight|75/100|[from] move: Infestation|[partiallytrapped]
|upkeep
|turn|12
|
|t:|1784464450
|move|p2b: Toxapex|Baneful Bunker|p2b: Toxapex
|-singleturn|p2b: Toxapex|move: Protect
|move|p1a: Basculegion|Last Respects|p2b: Toxapex
|-activate|p2b: Toxapex|move: Protect
|move|p1b: Corviknight|Bulk Up|p1b: Corviknight
|-boost|p1b: Corviknight|atk|1
|-boost|p1b: Corviknight|def|1
|
|-weather|SunnyDay|[upkeep]
|-heal|p1b: Corviknight|80/100|[from] item: Leftovers
|-heal|p2b: Toxapex|52/100|[from] item: Leftovers
|-damage|p1a: Basculegion|49/100 tox|[from] psn
|-damage|p1a: Basculegion|37/100 tox|[from] move: Infestation|[partiallytrapped]
|-damage|p1b: Corviknight|68/100|[from] move: Infestation|[partiallytrapped]
|upkeep
|turn|13
|
|t:|1784464465
|move|p1a: Basculegion|Last Respects|p2b: Toxapex
|-damage|p2b: Toxapex|0 fnt
|faint|p2b: Toxapex
|
|win|SomeKidJon
|raw|SomeKidJon's rating: 1258 → 1284(+26 for winning)
|raw|Pier (Champion)'s rating: 1277 → 1251(-26 for losing)
|l|☆Pier (Champion)
|player|p2|
