|j|☆Giocostorto
|j|☆Patata Navidenya
|html|GiocostortoPatata Navidenya    
|uhtml|bestof|Game 1 of a best-of-3
|t:|1756932916
|gametype|doubles
|player|p1|Giocostorto|palmer|1229
|player|p2|Patata Navidenya|cilan|1277
|gen|9
|tier|[Gen 9] VGC 2025 Reg H (Bo3)
|rated|
|rule|Species Clause: Limit one of each Pokémon
|rule|Item Clause: Limit 1 of each item
|clearpoke
|poke|p1|Misdreavus, L50, F|
|poke|p1|Gothitelle, L50, F|
|poke|p1|Amoonguss, L50, M|
|poke|p1|Incineroar, L50, M|
|poke|p1|Primarina, L50, F|
|poke|p1|Ursaluna, L50, M|
|poke|p2|Pelipper, L50, F|
|poke|p2|Archaludon, L50, M|
|poke|p2|Sinistcha, L50|
|poke|p2|Incineroar, L50, F|
|poke|p2|Ursaluna, L50, F|
|poke|p2|Dragonite, L50, F|
|teampreview|4
|showteam|p1|Misdreavus||Eviolite|Levitate|Protect,PerishSong,TrickRoom,ShadowBall|||F|||50|,,,,,Fire]Gothitelle||SafetyGoggles|ShadowTag|Protect,Psychic,TrickRoom,FakeOut|||F|||50|,,,,,Water]Amoonguss||MentalHerb|Regenerator|Protect,Spore,RagePowder,PollenPuff|||M|||50|,,,,,Dark]Incineroar||MirrorHerb|Intimidate|Protect,FlareBlitz,FakeOut,PartingShot|||M|||50|,,,,,Grass]Primarina||SitrusBerry|LiquidVoice|Protect,Moonblast,PerishSong,HyperVoice|||F|||50|,,,,,Steel]Ursaluna||FlameOrb|Guts|Protect,HeadlongRush,Earthquake,Facade|||M|||50|,,,,,Ghost
|showteam|p2|Pelipper||FocusSash|Drizzle|MuddyWater,Hurricane,Tailwind,Protect|||F|||50|,,,,,Ghost]Archaludon||AssaultVest|Stamina|FlashCannon,ElectroShot,BodyPress,Snarl|||M|||50|,,,,,Bug]Sinistcha||SitrusBerry|Hospitality|MatchaGotcha,LifeDew,RagePowder,TrickRoom||||||50|,,,,,Fire]Incineroar||SafetyGoggles|Intimidate|KnockOff,Taunt,PartingShot,FakeOut|||F|||50|,,,,,Ghost]Ursaluna||FlameOrb|Guts|HeadlongRush,Earthquake,Facade,Protect|||F|||50|,,,,,Ghost]Dragonite||LoadedDice|Multiscale|ScaleShot,Tailwind,Haze,Protect|||F|||50|,,,,,Steel
|inactive|Battle timer is ON: inactive players will automatically lose when time's up. (requested by Patata Navidenya)
|inactive|Giocostorto also wants the timer to be on.
|inactive|Giocostorto has 60 seconds left.
|inactive|Patata Navidenya has 60 seconds left.
|
|t:|1756932970
|teamsize|p1|4
|teamsize|p2|4
|start
|switch|p1a: Gothitelle|Gothitelle, L50, F|100/100
|switch|p1b: Primarina|Primarina, L50, F|100/100
|switch|p2a: Incineroar|Incineroar, L50, F|100/100
|switch|p2b: Pelipper|Pelipper, L50, F|100/100
|-weather|RainDance|[from] ability: Drizzle|[of] p2b: Pelipper
|-ability|p2a: Incineroar|Intimidate|boost
|-unboost|p1a: Gothitelle|atk|1
|-unboost|p1b: Primarina|atk|1
|turn|1
|inactive|Giocostorto has 30 seconds left.
|
|t:|1756932999
|move|p1a: Gothitelle|Fake Out|p2a: Incineroar
|-damage|p2a: Incineroar|98/100
|cant|p2a: Incineroar|flinch
|move|p2b: Pelipper|Muddy Water|p1a: Gothitelle|[spread] p1b
|-miss|p2b: Pelipper|p1a: Gothitelle
|-resisted|p1b: Primarina
|-damage|p1b: Primarina|79/100
|move|p1b: Primarina|Hyper Voice|p2b: Pelipper|[spread] p2a,p2b
|-supereffective|p2a: Incineroar
|-crit|p2a: Incineroar
|-resisted|p2b: Pelipper
|-damage|p2a: Incineroar|0 fnt
|-damage|p2b: Pelipper|52/100
|faint|p2a: Incineroar
|
|-weather|RainDance|[upkeep]
|upkeep
|
|t:|1756933010
|switch|p2a: Sinistcha|Sinistcha, L50|100/100
|-heal|p2b: Pelipper|77/100|[from] ability: Hospitality|[of] p2a: Sinistcha
|turn|2
|
|t:|1756933030
|move|p2b: Pelipper|Tailwind|p2b: Pelipper
|-sidestart|p2: Patata Navidenya|move: Tailwind
|move|p2a: Sinistcha|Matcha Gotcha|p1a: Gothitelle|[spread] p1a,p1b
|-supereffective|p1b: Primarina
|-damage|p1a: Gothitelle|80/100
|-damage|p1b: Primarina|30/100
|-enditem|p1b: Primarina|Sitrus Berry|[eat]
|-heal|p1b: Primarina|55/100|[from] item: Sitrus Berry
|move|p1a: Gothitelle|Psychic|p2b: Pelipper
|-damage|p2b: Pelipper|25/100
|move|p1b: Primarina|Moonblast|p2b: Pelipper
|-damage|p2b: Pelipper|0 fnt
|faint|p2b: Pelipper
|
|-weather|RainDance|[upkeep]
|upkeep
|
|t:|1756933042
|switch|p2b: Ursaluna|Ursaluna, L50, F|100/100
|turn|3
|
|t:|1756933052
|-terastallize|p2b: Ursaluna|Ghost
|move|p1b: Primarina|Protect|p1b: Primarina
|-singleturn|p1b: Primarina|Protect
|move|p2b: Ursaluna|Earthquake|p1b: Primarina|[spread] p2a,p1a
|-activate|p1b: Primarina|move: Protect
|-resisted|p2a: Sinistcha
|-damage|p2a: Sinistcha|77/100
|-damage|p1a: Gothitelle|36/100
|move|p2a: Sinistcha|Matcha Gotcha|p1b: Primarina|[spread] p1a
|-activate|p1b: Primarina|move: Protect
|-damage|p1a: Gothitelle|13/100
|-heal|p2a: Sinistcha|89/100|[from] drain|[of] p1a: Gothitelle
|-status|p1a: Gothitelle|brn
|move|p1a: Gothitelle|Trick Room|p1a: Gothitelle
|-fieldstart|move: Trick Room|[of] p1a: Gothitelle
|
|-weather|RainDance|[upkeep]
|-damage|p1a: Gothitelle|7/100 brn|[from] brn
|-status|p2b: Ursaluna|brn|[from] item: Flame Orb
|upkeep
|turn|4
|
|t:|1756933074
|switch|p1a: Amoonguss|Amoonguss, L50, M|100/100
|move|p2b: Ursaluna|Protect|p2b: Ursaluna
|-singleturn|p2b: Ursaluna|Protect
|move|p1b: Primarina|Perish Song|p1b: Primarina
|-start|p1a: Amoonguss|perish3|[silent]
|-start|p1b: Primarina|perish3|[silent]
|-start|p2a: Sinistcha|perish3|[silent]
|-start|p2b: Ursaluna|perish3|[silent]
|-fieldactivate|move: Perish Song
|move|p2a: Sinistcha|Matcha Gotcha|p1b: Primarina|[spread] p1a
|-miss|p2a: Sinistcha|p1b: Primarina
|-resisted|p1a: Amoonguss
|-damage|p1a: Amoonguss|95/100
|-heal|p2a: Sinistcha|93/100|[from] drain|[of] p1a: Amoonguss
|
|-weather|RainDance|[upkeep]
|-damage|p2b: Ursaluna|95/100 brn|[from] brn
|-start|p1a: Amoonguss|perish3
|-start|p1b: Primarina|perish3
|-start|p2a: Sinistcha|perish3
|-start|p2b: Ursaluna|perish3
|upkeep
|turn|5
|
|t:|1756933093
|move|p1a: Amoonguss|Protect|p1a: Amoonguss
|-singleturn|p1a: Amoonguss|Protect
|move|p1b: Primarina|Protect|p1b: Primarina
|-singleturn|p1b: Primarina|Protect
|move|p2a: Sinistcha|Matcha Gotcha|p1a: Amoonguss|[spread] 
|-activate|p1a: Amoonguss|move: Protect
|-activate|p1b: Primarina|move: Protect
|move|p2b: Ursaluna|Facade|p1a: Amoonguss
|-activate|p1a: Amoonguss|move: Protect
|
|-weather|none
|-damage|p2b: Ursaluna|89/100 brn|[from] brn
|-start|p1a: Amoonguss|perish2
|-start|p1b: Primarina|perish2
|-start|p2a: Sinistcha|perish2
|-start|p2b: Ursaluna|perish2
|-sideend|p2: Patata Navidenya|move: Tailwind
|upkeep
|turn|6
|
|t:|1756933115
|move|p1a: Amoonguss|Pollen Puff|p1b: Primarina
|-heal|p1b: Primarina|100/100
|move|p1b: Primarina|Hyper Voice|p2a: Sinistcha|[spread] p2a,p2b
|-resisted|p2a: Sinistcha
|-damage|p2a: Sinistcha|76/100
|-damage|p2b: Ursaluna|52/100 brn
|move|p2a: Sinistcha|Matcha Gotcha|p1b: Primarina|[spread] p1a,p1b
|-resisted|p1a: Amoonguss
|-supereffective|p1b: Primarina
|-damage|p1a: Amoonguss|88/100
|-heal|p2a: Sinistcha|80/100|[from] drain|[of] p1a: Amoonguss
|-damage|p1b: Primarina|52/100
|-heal|p2a: Sinistcha|100/100|[from] drain|[of] p1b: Primarina
|move|p2b: Ursaluna|Facade|p1a: Amoonguss
|-damage|p1a: Amoonguss|0 fnt
|faint|p1a: Amoonguss
|
|-damage|p2b: Ursaluna|46/100 brn|[from] brn
|-start|p1b: Primarina|perish1
|-start|p2a: Sinistcha|perish1
|-start|p2b: Ursaluna|perish1
|upkeep
|-message|Patata Navidenya forfeited.
|
|win|Giocostorto
||Giocostorto is ready for game 2.
||Patata Navidenya is ready for game 2.
|uhtml|next|Next: Game 2 of 3
|l|☆Patata Navidenya
|player|p2|
|l|☆Giocostorto
|player|p1|
|j|☆Patata Navidenya
|player|p2|Patata Navidenya|cilan|
