|j|☆chocokoala vgc
|j|☆Baronismo
|html|chocokoala vgcBaronismo    
|uhtml|bestof|Game 1 of a best-of-3
|t:|1784050678
|gametype|doubles
|player|p1|chocokoala vgc|aaron|1241
|player|p2|Baronismo|depotagent|1291
|gen|9
|tier|[Gen 9 Champions] VGC 2026 Reg M-B (Bo3)
|rated|
|rule|Species Clause: Limit one of each Pokémon
|rule|Item Clause: Limit 1 of each item
|clearpoke
|poke|p1|Slowbro, L50, F|
|poke|p1|Appletun, L50, M|
|poke|p1|Incineroar, L50, F|
|poke|p1|Glimmora, L50, F|
|poke|p1|Ninetales-Alola, L50, F|
|poke|p1|Conkeldurr, L50, F|
|poke|p2|Charizard, L50, F|
|poke|p2|Aerodactyl, L50, M|
|poke|p2|Garchomp, L50, F|
|poke|p2|Incineroar, L50, M|
|poke|p2|Farigiraf, L50, M|
|poke|p2|Sylveon, L50, F|
|teampreview|4
|showteam|p1|Slowbro||Slowbronite|Regenerator|Psychic,Scald,Protect,TrickRoom|Modest||F|||50|]Appletun||Leftovers|ThickFat|AppleAcid,DragonPulse,Protect,LeechSeed|Sassy||M|||50|]Incineroar||SitrusBerry|Intimidate|FakeOut,PartingShot,FlareBlitz,DarkestLariat|Careful||F|||50|]Glimmora||Glimmoranite|ToxicDebris|PowerGem,SludgeBomb,SpikyShield,EarthPower|Timid||F|||50|]Ninetales-Alola||LightClay|SnowWarning|Blizzard,Moonblast,Protect,AuroraVeil|Timid||F|||50|]Conkeldurr||LifeOrb|IronFist|MachPunch,DrainPunch,Protect,KnockOff|Brave||F|||50|
|showteam|p2|Charizard||CharizarditeY|Blaze|HeatWave,SolarBeam,WeatherBall,Protect|Modest||F|||50|]Aerodactyl||FocusSash|Unnerve|RockSlide,Tailwind,WideGuard,Protect|Jolly||M|||50|]Garchomp||LifeOrb|RoughSkin|DragonClaw,Earthquake,StompingTantrum,Protect|Jolly||F|||50|]Incineroar||Charcoal|Intimidate|FlareBlitz,DarkestLariat,PartingShot,FakeOut|Brave||M|||50|]Farigiraf||SitrusBerry|ArmorTail|Psyshock,Thunderbolt,HelpingHand,TrickRoom|Calm||M|||50|]Sylveon||FairyFeather|Pixilate|HyperVoice,QuickAttack,Yawn,Detect|Modest||F|||50|
|inactive|Battle timer is ON: inactive players will automatically lose when time's up. (requested by chocokoala vgc)
|inactive|Baronismo has 60 seconds left.
|
|t:|1784050726
|teamsize|p1|4
|teamsize|p2|4
|start
|switch|p1a: Glimmora|Glimmora, L50, F|100/100
|switch|p1b: Incineroar|Incineroar, L50, F|100/100
|switch|p2a: Garchomp|Garchomp, L50, F|100/100
|switch|p2b: Aerodactyl|Aerodactyl, L50, M|100/100
|-ability|p2b: Aerodactyl|Unnerve
|-ability|p1b: Incineroar|Intimidate|boost
|-unboost|p2a: Garchomp|atk|1
|-unboost|p2b: Aerodactyl|atk|1
|turn|1
|inactive|chocokoala vgc has 30 seconds left.
|
|t:|1784050755
|detailschange|p1a: Glimmora|Glimmora-Mega, L50, F
|-mega|p1a: Glimmora|Glimmora|Glimmoranite
|move|p2b: Aerodactyl|Protect|p2b: Aerodactyl
|-singleturn|p2b: Aerodactyl|Protect
|move|p1b: Incineroar|Fake Out|p2a: Garchomp
|-damage|p2a: Garchomp|89/100
|-damage|p1b: Incineroar|87/100|[from] ability: Rough Skin|[of] p2a: Garchomp
|cant|p2a: Garchomp|flinch
|move|p1a: Glimmora|Sludge Bomb|p2a: Garchomp
|-resisted|p2a: Garchomp|1
|-crit|p2a: Garchomp
|-damage|p2a: Garchomp|29/100
|
|upkeep
|turn|2
|
|t:|1784050769
|move|p1a: Glimmora|Spiky Shield|p1a: Glimmora
|-singleturn|p1a: Glimmora|move: Protect
|move|p2b: Aerodactyl|Rock Slide|p1b: Incineroar|[spread] p1b
|-activate|p1a: Glimmora|move: Protect
|-supereffective|p1b: Incineroar|1
|-damage|p1b: Incineroar|54/100
|move|p2a: Garchomp|Stomping Tantrum|p1b: Incineroar
|-supereffective|p1b: Incineroar|1
|-damage|p1b: Incineroar|0 fnt
|faint|p1b: Incineroar
|-damage|p2a: Garchomp|19/100|[from] item: Life Orb
|
|upkeep
|
|t:|1784050778
|switch|p1b: Conkeldurr|Conkeldurr, L50, F|100/100
|turn|3
|
|t:|1784050794
|switch|p2a: Charizard|Charizard, L50, F|100/100
|move|p1b: Conkeldurr|Mach Punch|p2a: Charizard
|-resisted|p2a: Charizard|1
|-damage|p2a: Charizard|83/100
|-damage|p1b: Conkeldurr|90/100|[from] item: Life Orb
|move|p2b: Aerodactyl|Tailwind|p2b: Aerodactyl
|-sidestart|p2: Baronismo|move: Tailwind
|move|p1a: Glimmora|Power Gem|p2b: Aerodactyl
|-supereffective|p2b: Aerodactyl|1
|-enditem|p2b: Aerodactyl|Focus Sash
|-damage|p2b: Aerodactyl|1/100
|
|upkeep
|turn|4
|
|t:|1784050807
|detailschange|p2a: Charizard|Charizard-Mega-Y, L50, F
|-mega|p2a: Charizard|Charizard|Charizardite Y
|-weather|SunnyDay|[from] ability: Drought|[of] p2a: Charizard
|move|p1a: Glimmora|Spiky Shield|p1a: Glimmora
|-singleturn|p1a: Glimmora|move: Protect
|move|p1b: Conkeldurr|Protect|p1b: Conkeldurr
|-singleturn|p1b: Conkeldurr|Protect
|move|p2b: Aerodactyl|Rock Slide|p1b: Conkeldurr|[spread] 
|-activate|p1a: Glimmora|move: Protect
|-activate|p1b: Conkeldurr|move: Protect
|move|p2a: Charizard|Heat Wave|p1b: Conkeldurr|[spread] 
|-activate|p1a: Glimmora|move: Protect
|-activate|p1b: Conkeldurr|move: Protect
|
|-weather|SunnyDay|[upkeep]
|upkeep
|turn|5
|
|t:|1784050825
|move|p2b: Aerodactyl|Protect|p2b: Aerodactyl
|-singleturn|p2b: Aerodactyl|Protect
|move|p1b: Conkeldurr|Mach Punch|p2b: Aerodactyl
|-activate|p2b: Aerodactyl|move: Protect
|move|p2a: Charizard|Weather Ball|p1b: Conkeldurr
|-damage|p1b: Conkeldurr|0 fnt
|faint|p1b: Conkeldurr
|move|p1a: Glimmora|Power Gem|p2a: Charizard
|-supereffective|p2a: Charizard|2
|-damage|p2a: Charizard|0 fnt
|faint|p2a: Charizard
|
|-weather|SunnyDay|[upkeep]
|upkeep
|
|t:|1784050837
|switch|p2a: Garchomp|Garchomp, L50, F|19/100
|switch|p1b: Ninetales|Ninetales-Alola, L50, F|100/100
|-weather|Snowscape|[from] ability: Snow Warning|[of] p1b: Ninetales
|turn|6
|
|t:|1784050849
|move|p2b: Aerodactyl|Protect||[still]
|-fail|p2b: Aerodactyl
|move|p1a: Glimmora|Spiky Shield|p1a: Glimmora
|-singleturn|p1a: Glimmora|move: Protect
|move|p2a: Garchomp|Earthquake|p1b: Ninetales|[spread] p1b
|-activate|p1a: Glimmora|move: Protect
|-immune|p2b: Aerodactyl
|-damage|p1b: Ninetales|46/100
|-damage|p2a: Garchomp|9/100|[from] item: Life Orb
|move|p1b: Ninetales|Blizzard|p2b: Aerodactyl|[spread] p2a,p2b
|-supereffective|p2a: Garchomp|2
|-supereffective|p2b: Aerodactyl|1
|-damage|p2a: Garchomp|0 fnt
|-damage|p2b: Aerodactyl|0 fnt
|faint|p2a: Garchomp
|faint|p2b: Aerodactyl
|
|-weather|Snowscape|[upkeep]
|-sideend|p2: Baronismo|move: Tailwind
|upkeep
|
|t:|1784050855
|switch|p2b: Sylveon|Sylveon, L50, F|100/100
|turn|7
|
|t:|1784050864
|move|p1b: Ninetales|Blizzard|p2b: Sylveon
|-damage|p2b: Sylveon|68/100
|move|p1a: Glimmora|Sludge Bomb|p2b: Sylveon
|-supereffective|p2b: Sylveon|1
|-damage|p2b: Sylveon|0 fnt
|faint|p2b: Sylveon
|
|win|chocokoala vgc
