|j|‽bascu spam
|j|☆beeetch
|html|bascu spambeeetch    
|uhtml|bestof|Game 2 of a best-of-3
|t:|1755525722
|gametype|doubles
|player|p1|bascu spam|clair|1180
|player|p2|beeetch|beauty-gen4dp|1286
|gen|9
|tier|[Gen 9] VGC 2025 Reg H (Bo3)
|rated|
|rule|Species Clause: Limit one of each Pokémon
|rule|Item Clause: Limit 1 of each item
|clearpoke
|poke|p1|Incineroar, L50, F|
|poke|p1|Archaludon, L50, F|
|poke|p1|Ursaluna, L50, M|
|poke|p1|Pelipper, L50, F|
|poke|p1|Sinistcha, L50|
|poke|p1|Dragonite, L50, F|
|poke|p2|Toedscruel, L50, F|
|poke|p2|Weezing-Galar, L50, F|
|poke|p2|Corviknight, L50, F|
|poke|p2|Pawmot, L50, M|
|poke|p2|Garchomp, L50, F|
|poke|p2|Typhlosion-Hisui, L50, F|
|teampreview|4
|showteam|p1|Incineroar||SafetyGoggles|Intimidate|FlareBlitz,KnockOff,Uturn,FakeOut|||F|||50|,,,,,Flying]Archaludon||AssaultVest|Stamina|ElectroShot,BodyPress,DracoMeteor,FlashCannon|||F|||50|,,,,,Bug]Ursaluna||FlameOrb|Guts|Facade,HeadlongRush,Earthquake,Protect|||M|||50|,,,,,Ghost]Pelipper||FocusSash|Drizzle|MuddyWater,Hurricane,Tailwind,Protect|||F|||50|,,,,,Ground]Sinistcha||SitrusBerry|Hospitality|MatchaGotcha,LifeDew,RagePowder,TrickRoom||||||50|,,,,,Dark]Dragonite||LoadedDice|Multiscale|ScaleShot,ExtremeSpeed,Tailwind,Protect|||F|||50|,,,,,Fairy
|showteam|p2|Toedscruel||CovertCloak|MyceliumMight|Spore,EarthPower,AcidSpray,RagePowder|||F|||50|,,,,,Water]Weezing-Galar||ChoiceSpecs|NeutralizingGas|DazzlingGleam,SludgeBomb,StrangeSteam,Flamethrower|||F|||50|,,,,,Fire]Corviknight||SitrusBerry|MirrorArmor|Protect,Tailwind,Roost,BraveBird|||F|||50|,,,,,Dragon]Pawmot||FocusSash|NaturalCure|Protect,CloseCombat,DoubleShock,FakeOut|||M|||50|,,,,,Electric]Garchomp||LifeOrb|RoughSkin|Protect,Earthquake,DragonClaw,StompingTantrum|||F|||50|,,,,,Ground]Typhlosion-Hisui||ChoiceScarf|Blaze|Eruption,SleepTalk,HeatWave,ShadowBall|||F|||50|,,,,,Fire
|
|t:|1755525755
|teamsize|p1|4
|teamsize|p2|4
|start
|switch|p1a: Incineroar|Incineroar, L50, F|100/100
|switch|p1b: Sinistcha|Sinistcha, L50, shiny|100/100
|switch|p2a: Weezing|Weezing-Galar, L50, F|100/100
|switch|p2b: Typhlosion|Typhlosion-Hisui, L50, F|100/100
|-ability|p2a: Weezing|Neutralizing Gas
|turn|1
|
|t:|1755525769
|move|p2b: Typhlosion|Eruption|p1b: Sinistcha|[spread] p1a,p1b
|-resisted|p1a: Incineroar
|-supereffective|p1b: Sinistcha
|-damage|p1a: Incineroar|73/100
|-damage|p1b: Sinistcha|0 fnt
|faint|p1b: Sinistcha
|move|p1a: Incineroar|Knock Off|p2b: Typhlosion
|-supereffective|p2b: Typhlosion
|-damage|p2b: Typhlosion|0 fnt
|-enditem|p2b: Typhlosion|Choice Scarf|[from] move: Knock Off|[of] p1a: Incineroar
|faint|p2b: Typhlosion
|move|p2a: Weezing|Dazzling Gleam|p1a: Incineroar
|-damage|p1a: Incineroar|31/100
|
|upkeep
|
|t:|1755525784
|switch|p2b: Pawmot|Pawmot, L50, M|100/100
|switch|p1b: Ursaluna|Ursaluna, L50, M|100/100
|turn|2
|
|t:|1755525804
|-terastallize|p2b: Pawmot|Electric
|-terastallize|p1b: Ursaluna|Ghost
|move|p2b: Pawmot|Double Shock|p1b: Ursaluna
|-damage|p1b: Ursaluna|39/100
|-start|p2b: Pawmot|typechange|Electric|[from] move: Double Shock
|move|p1a: Incineroar|U-turn|p2b: Pawmot
|-damage|p2b: Pawmot|66/100
|
|t:|1755525811
|switch|p1a: Dragonite|Dragonite, L50, F|100/100|[from] U-turn
|move|p1b: Ursaluna|Headlong Rush|p2a: Weezing
|-supereffective|p2a: Weezing
|-damage|p2a: Weezing|0 fnt
|-unboost|p1b: Ursaluna|def|1
|-unboost|p1b: Ursaluna|spd|1
|faint|p2a: Weezing
|-end|p2a: Weezing|ability: Neutralizing Gas
|
|-status|p1b: Ursaluna|brn|[from] item: Flame Orb
|upkeep
|
|t:|1755525818
|switch|p2a: Corviknight|Corviknight, L50, F|100/100
|turn|3
|
|t:|1755525850
|move|p2b: Pawmot|Double Shock|p1b: Ursaluna
|-damage|p1b: Ursaluna|0 fnt
|-start|p2b: Pawmot|typechange|Electric|[from] move: Double Shock
|faint|p1b: Ursaluna
|move|p1a: Dragonite|Scale Shot|p2b: Pawmot
|-damage|p2b: Pawmot|43/100
|-damage|p2b: Pawmot|20/100
|-damage|p2b: Pawmot|0 fnt
|faint|p2b: Pawmot
|-hitcount|p2: Pawmot|3
|-unboost|p1a: Dragonite|def|1
|-boost|p1a: Dragonite|spe|1
|move|p2a: Corviknight|Brave Bird|p1a: Dragonite
|-crit|p1a: Dragonite
|-damage|p1a: Dragonite|47/100
|-damage|p2a: Corviknight|86/100|[from] Recoil
|
|upkeep
|
|t:|1755525863
|switch|p1b: Incineroar|Incineroar, L50, F|31/100
|-ability|p1b: Incineroar|Intimidate|boost
|-ability|p2a: Corviknight|Mirror Armor
|-unboost|p1b: Incineroar|atk|1
|turn|4
|
|t:|1755525869
|move|p2a: Corviknight|Protect|p2a: Corviknight
|-singleturn|p2a: Corviknight|Protect
|move|p1a: Dragonite|Tailwind|p1a: Dragonite
|-sidestart|p1: bascu spam|move: Tailwind
|move|p1b: Incineroar|Flare Blitz|p2a: Corviknight
|-activate|p2a: Corviknight|move: Protect
|
|upkeep
|turn|5
|
|t:|1755525877
|move|p1a: Dragonite|Scale Shot|p2a: Corviknight
|-resisted|p2a: Corviknight
|-damage|p2a: Corviknight|80/100
|-resisted|p2a: Corviknight
|-damage|p2a: Corviknight|74/100
|-resisted|p2a: Corviknight
|-damage|p2a: Corviknight|67/100
|-resisted|p2a: Corviknight
|-damage|p2a: Corviknight|61/100
|-resisted|p2a: Corviknight
|-damage|p2a: Corviknight|55/100
|-hitcount|p2a: Corviknight|5
|-unboost|p1a: Dragonite|def|1
|-boost|p1a: Dragonite|spe|1
|move|p1b: Incineroar|Flare Blitz|p2a: Corviknight
|-supereffective|p2a: Corviknight
|-damage|p2a: Corviknight|0 fnt
|faint|p2a: Corviknight
|-damage|p1b: Incineroar|12/100|[from] Recoil
|
|win|bascu spam
|raw|bascu spam's rating: 1180 → 1212(+32 for winning)
|raw|beeetch's rating: 1286 → 1254(-32 for losing)
|l|‽bascu spam
|player|p1|
