|j|☆eklyst
|j|☆proteinman11
|html|eklystproteinman11    
|uhtml|bestof|Game 1 of a best-of-3
|t:|1783122555
|gametype|doubles
|player|p1|eklyst|pokemaniac|1061
|player|p2|proteinman11|hiker-gen4|1166
|gen|9
|tier|[Gen 9 Champions] VGC 2026 Reg M-B (Bo3)
|rated|
|rule|Species Clause: Limit one of each Pokémon
|rule|Item Clause: Limit 1 of each item
|clearpoke
|poke|p1|Metagross, L50|
|poke|p1|Floette-Eternal, L50, F|
|poke|p1|Garchomp, L50, F|
|poke|p1|Aerodactyl, L50, M|
|poke|p1|Sinistcha, L50|
|poke|p1|Incineroar, L50, F|
|poke|p2|Archaludon, L50, F|
|poke|p2|Maushold-Four, L50|
|poke|p2|Sinistcha-Masterpiece, L50|
|poke|p2|Raichu, L50, M|
|poke|p2|Basculegion, L50, M|
|poke|p2|Sableye, L50, F|
|teampreview|4
|showteam|p1|Metagross||Metagrossite|ClearBody|IronHead,BulletPunch,PsychicFangs,Protect|Adamant|||||50|]Floette-Eternal||Floettite|FlowerVeil|Moonblast,DazzlingGleam,CalmMind,Protect|Modest||F|||50|]Garchomp||LifeOrb|RoughSkin|RockSlide,StompingTantrum,DragonClaw,Protect|Jolly||F|||50|]Aerodactyl||FocusSash|Unnerve|RockSlide,DualWingbeat,Tailwind,Protect|Jolly||M|||50|]Sinistcha||KasibBerry|Hospitality|MatchaGotcha,TrickRoom,RagePowder,Protect|Relaxed|||||50|]Incineroar||SitrusBerry|Intimidate|FakeOut,FlareBlitz,ThroatChop,PartingShot|Adamant||F|||50|
|showteam|p2|Archaludon||Leftovers|Stamina|ElectroShot,DragonPulse,AuraSphere,Protect|Calm||F|||50|]Maushold-Four||WideLens|FriendGuard|FollowMe,Protect,PopulationBomb,RainDance|Jolly|||||50|]Sinistcha-Masterpiece||SitrusBerry|Hospitality|RagePowder,LifeDew,MatchaGotcha,Protect|Calm|||||50|]Raichu||RaichuniteY|LightningRod|ZapCannon,FocusBlast,FakeOut,Protect|Timid||M|||50|]Basculegion||ChoiceScarf|Adaptability|WaveCrash,FlipTurn,AquaJet,LastRespects|Adamant||M|||50|]Sableye||LightClay|Prankster|LightScreen,Protect,Encore,Disable|Calm||F|||50|
|inactive|Battle timer is ON: inactive players will automatically lose when time's up. (requested by proteinman11)
|inactive|eklyst also wants the timer to be on.
|inactive|eklyst has 60 seconds left.
|inactive|proteinman11 has 60 seconds left.
|
|t:|1783122611
|teamsize|p1|4
|teamsize|p2|4
|start
|switch|p1a: Sinistcha|Sinistcha, L50|100/100
|switch|p1b: Incineroar|Incineroar, L50, F|100/100
|switch|p2a: Dale|Sableye, L50, F|100/100
|switch|p2b: Misshold|Maushold-Four, L50|100/100
|-ability|p1b: Incineroar|Intimidate|boost
|-unboost|p2a: Dale|atk|1
|-unboost|p2b: Misshold|atk|1
|turn|1
|inactive|eklyst has 30 seconds left.
|
|t:|1783122644
|move|p2a: Dale|Light Screen|p2a: Dale
|-sidestart|p2: proteinman11|move: Light Screen
|move|p2b: Misshold|Rain Dance|p2b: Misshold
|-weather|RainDance
|move|p1b: Incineroar|Parting Shot|p2a: Dale
|-unboost|p2a: Dale|atk|1
|-unboost|p2a: Dale|spa|1
|
|t:|1783122652
|switch|p1b: Floette|Floette-Eternal, L50, F|100/100|[from] Parting Shot
|move|p1a: Sinistcha|Trick Room|p1a: Sinistcha
|-fieldstart|move: Trick Room|[of] p1a: Sinistcha
|
|-weather|RainDance|[upkeep]
|upkeep
|turn|2
|
|t:|1783122666
|switch|p2a: Arch yo shi|Archaludon, L50, F|100/100
|detailschange|p1b: Floette|Floette-Mega, L50, F
|-mega|p1b: Floette|Floette|Floettite
|-ability|p1b: Floette|Fairy Aura
|move|p1a: Sinistcha|Rage Powder|p1a: Sinistcha
|-singleturn|p1a: Sinistcha|move: Rage Powder
|move|p1b: Floette|Calm Mind|p1b: Floette
|-boost|p1b: Floette|spa|1
|-boost|p1b: Floette|spd|1
|move|p2b: Misshold|Population Bomb|p1a: Sinistcha
|-immune|p1a: Sinistcha
|
|-weather|RainDance|[upkeep]
|upkeep
|turn|3
|
|t:|1783122681
|switch|p2b: Dale|Sableye, L50, F|100/100
|move|p1a: Sinistcha|Rage Powder|p1a: Sinistcha
|-singleturn|p1a: Sinistcha|move: Rage Powder
|move|p2a: Arch yo shi|Electro Shot||[still]
|-prepare|p2a: Arch yo shi|Electro Shot
|-boost|p2a: Arch yo shi|spa|1
|-anim|p2a: Arch yo shi|Electro Shot|p1a: Sinistcha
|-resisted|p1a: Sinistcha|1
|-damage|p1a: Sinistcha|73/100
|move|p1b: Floette|Dazzling Gleam|p2b: Dale|[spread] p2a,p2b
|-supereffective|p2b: Dale|1
|-damage|p2a: Arch yo shi|57/100
|-damage|p2b: Dale|7/100
|-ability|p2a: Arch yo shi|Stamina|boost
|-boost|p2a: Arch yo shi|def|1
|
|-weather|RainDance|[upkeep]
|-heal|p2a: Arch yo shi|63/100|[from] item: Leftovers
|upkeep
|turn|4
|
|t:|1783122699
|move|p1a: Sinistcha|Rage Powder|p1a: Sinistcha
|-singleturn|p1a: Sinistcha|move: Rage Powder
|move|p2b: Dale|Disable|p1a: Sinistcha
|-start|p1a: Sinistcha|Disable|Rage Powder
|move|p2a: Arch yo shi|Electro Shot||[still]
|-prepare|p2a: Arch yo shi|Electro Shot
|-boost|p2a: Arch yo shi|spa|1
|-anim|p2a: Arch yo shi|Electro Shot|p1a: Sinistcha
|-resisted|p1a: Sinistcha|1
|-damage|p1a: Sinistcha|41/100
|move|p1b: Floette|Dazzling Gleam|p2a: Arch yo shi|[spread] p2a,p2b
|-supereffective|p2b: Dale|1
|-damage|p2a: Arch yo shi|23/100
|-damage|p2b: Dale|0 fnt
|-ability|p2a: Arch yo shi|Stamina|boost
|-boost|p2a: Arch yo shi|def|1
|faint|p2b: Dale
|
|-weather|RainDance|[upkeep]
|-heal|p2a: Arch yo shi|29/100|[from] item: Leftovers
|upkeep
|
|t:|1783122714
|switch|p2b: Basculigga|Basculegion, L50, M|100/100
|turn|5
|
|t:|1783122728
|move|p2a: Arch yo shi|Protect|p2a: Arch yo shi
|-singleturn|p2a: Arch yo shi|Protect
|move|p2b: Basculigga|Aqua Jet|p1b: Floette
|-crit|p1b: Floette
|-damage|p1b: Floette|42/100
|move|p1a: Sinistcha|Matcha Gotcha|p2b: Basculigga|[spread] p2b
|-activate|p2a: Arch yo shi|move: Protect
|-supereffective|p2b: Basculigga|1
|-damage|p2b: Basculigga|62/100
|-heal|p1a: Sinistcha|62/100|[from] drain|[of] p2b: Basculigga
|move|p1b: Floette|Dazzling Gleam|p2b: Basculigga|[spread] p2b
|-activate|p2a: Arch yo shi|move: Protect
|-crit|p2b: Basculigga
|-damage|p2b: Basculigga|0 fnt
|faint|p2b: Basculigga
|
|-weather|none
|-heal|p2a: Arch yo shi|36/100|[from] item: Leftovers
|-fieldend|move: Trick Room
|upkeep
|
|t:|1783122744
|switch|p2b: Misshold|Maushold-Four, L50|100/100
|turn|6
|
|t:|1783122759
|switch|p1b: Incineroar|Incineroar, L50, F|100/100
|-ability|p1b: Incineroar|Intimidate|boost
|-unboost|p2a: Arch yo shi|atk|1
|-unboost|p2b: Misshold|atk|1
|move|p2b: Misshold|Population Bomb|p1b: Incineroar
|-damage|p1b: Incineroar|95/100
|-damage|p1b: Incineroar|91/100
|-damage|p1b: Incineroar|86/100
|-damage|p1b: Incineroar|82/100
|-damage|p1b: Incineroar|77/100
|-damage|p1b: Incineroar|73/100
|-damage|p1b: Incineroar|68/100
|-damage|p1b: Incineroar|64/100
|-damage|p1b: Incineroar|59/100
|-damage|p1b: Incineroar|55/100
|-hitcount|p1b: Incineroar|10
|move|p2a: Arch yo shi|Dragon Pulse|p1a: Sinistcha
|-damage|p1a: Sinistcha|0 fnt
|faint|p1a: Sinistcha
|
|-heal|p2a: Arch yo shi|42/100|[from] item: Leftovers
|upkeep
|
|t:|1783122775
|switch|p1a: Garchomp|Garchomp, L50, F|100/100
|turn|7
|
|t:|1783122794
|move|p2b: Misshold|Protect|p2b: Misshold
|-singleturn|p2b: Misshold|Protect
|move|p1a: Garchomp|Protect|p1a: Garchomp
|-singleturn|p1a: Garchomp|Protect
|move|p2a: Arch yo shi|Protect|p2a: Arch yo shi
|-singleturn|p2a: Arch yo shi|Protect
|move|p1b: Incineroar|Parting Shot|p2a: Arch yo shi
|-activate|p2a: Arch yo shi|move: Protect
|
|-heal|p2a: Arch yo shi|48/100|[from] item: Leftovers
|upkeep
|turn|8
|
|t:|1783122814
|switch|p1a: Floette|Floette-Mega, L50, F|42/100
|-ability|p1a: Floette|Fairy Aura
|move|p2b: Misshold|Population Bomb|p2a: Arch yo shi
|-resisted|p2a: Arch yo shi|1
|-damage|p2a: Arch yo shi|47/100
|-ability|p2a: Arch yo shi|Stamina|boost
|-boost|p2a: Arch yo shi|def|1
|-resisted|p2a: Arch yo shi|1
|-damage|p2a: Arch yo shi|47/100
|-ability|p2a: Arch yo shi|Stamina|boost
|-boost|p2a: Arch yo shi|def|1
|-resisted|p2a: Arch yo shi|1
|-damage|p2a: Arch yo shi|46/100
|-ability|p2a: Arch yo shi|Stamina|boost
|-boost|p2a: Arch yo shi|def|1
|-resisted|p2a: Arch yo shi|1
|-crit|p2a: Arch yo shi
|-damage|p2a: Arch yo shi|44/100
|-ability|p2a: Arch yo shi|Stamina|boost
|-boost|p2a: Arch yo shi|def|1
|-resisted|p2a: Arch yo shi|1
|-damage|p2a: Arch yo shi|44/100
|-resisted|p2a: Arch yo shi|1
|-damage|p2a: Arch yo shi|43/100
|-resisted|p2a: Arch yo shi|1
|-damage|p2a: Arch yo shi|43/100
|-resisted|p2a: Arch yo shi|1
|-damage|p2a: Arch yo shi|42/100
|-resisted|p2a: Arch yo shi|1
|-damage|p2a: Arch yo shi|42/100
|-resisted|p2a: Arch yo shi|1
|-damage|p2a: Arch yo shi|41/100
|-hitcount|p2a: Arch yo shi|10
|move|p2a: Arch yo shi|Aura Sphere|p1b: Incineroar
|-supereffective|p1b: Incineroar|1
|-damage|p1b: Incineroar|0 fnt
|faint|p1b: Incineroar
|
|-heal|p2a: Arch yo shi|47/100|[from] item: Leftovers
|-sideend|p2: proteinman11|move: Light Screen
|upkeep
|inactive|eklyst has 30 seconds left.
|
|t:|1783122842
|switch|p1b: Garchomp|Garchomp, L50, F|100/100
|turn|9
|inactive|eklyst has 30 seconds left.
|inactive|eklyst has 20 seconds left.
|inactive|eklyst has 15 seconds left.
|inactive|eklyst has 10 seconds left.
|
|t:|1783122892
|move|p2a: Arch yo shi|Protect|p2a: Arch yo shi
|-singleturn|p2a: Arch yo shi|Protect
|move|p2b: Misshold|Population Bomb|p1a: Floette
|-damage|p1a: Floette|38/100
|-damage|p1a: Floette|34/100
|-damage|p1a: Floette|30/100
|-damage|p1a: Floette|27/100
|-damage|p1a: Floette|23/100
|-damage|p1a: Floette|19/100
|-damage|p1a: Floette|15/100
|-damage|p1a: Floette|11/100
|-damage|p1a: Floette|7/100
|-damage|p1a: Floette|3/100
|-hitcount|p1a: Floette|10
|move|p1b: Garchomp|Dragon Claw|p2b: Misshold
|-damage|p2b: Misshold|34/100
|-damage|p1b: Garchomp|90/100|[from] item: Life Orb
|move|p1a: Floette|Dazzling Gleam|p2b: Misshold|[spread] p2b
|-activate|p2a: Arch yo shi|move: Protect
|-damage|p2b: Misshold|0 fnt
|faint|p2b: Misshold
|
|-heal|p2a: Arch yo shi|53/100|[from] item: Leftovers
|upkeep
|turn|10
|inactive|eklyst has 30 seconds left.
|
|t:|1783122920
|move|p1b: Garchomp|Stomping Tantrum|p2a: Arch yo shi
|-supereffective|p2a: Arch yo shi|1
|-damage|p2a: Arch yo shi|32/100
|-damage|p1b: Garchomp|80/100|[from] item: Life Orb
|move|p1a: Floette|Moonblast|p2a: Arch yo shi
|-damage|p2a: Arch yo shi|0 fnt
|faint|p2a: Arch yo shi
|
|win|eklyst
||proteinman11 is ready for game 2.
||eklyst is ready for game 2.
|uhtml|next|Next: Game 2 of 3
