|j|☆nonight
|j|☆lordtentacle69
|html|nonightlordtentacle69    
|uhtml|bestof|Game 1 of a best-of-3
|t:|1784868496
|gametype|doubles
|player|p1|nonight|roxie|1295
|player|p2|lordtentacle69|corbeau|1398
|gen|9
|tier|[Gen 9 Champions] VGC 2026 Reg M-B (Bo3)
|rated|
|rule|Species Clause: Limit one of each Pokémon
|rule|Item Clause: Limit 1 of each item
|clearpoke
|poke|p1|Incineroar, L50, F|
|poke|p1|Sneasler, L50, F|
|poke|p1|Delphox, L50, M|
|poke|p1|Kingambit, L50, M|
|poke|p1|Sinistcha, L50|
|poke|p1|Metagross, L50|
|poke|p2|Delphox, L50, M|
|poke|p2|Incineroar, L50, M|
|poke|p2|Maushold-Four, L50|
|poke|p2|Sinistcha, L50|
|poke|p2|Sneasler, L50, F|
|poke|p2|Blastoise, L50, M|
|teampreview|4
|showteam|p1|Incineroar||SitrusBerry|Intimidate|HelpingHand,FakeOut,PartingShot,FlareBlitz|Impish||F|||50|]Sneasler||FocusSash|Unburden|DireClaw,CloseCombat,FakeOut,QuickGuard|Jolly||F|||50|]Delphox||Delphoxite|Blaze|Protect,Psyshock,NastyPlot,HeatWave|Timid||M|||50|]Kingambit||BlackGlasses|Defiant|KowtowCleave,SuckerPunch,Protect,SwordsDance|Adamant||M|||50|]Sinistcha||KasibBerry|Hospitality|MatchaGotcha,RagePowder,Protect,LifeDew|Bold|||||50|]Metagross||Metagrossite|ClearBody|Protect,BodyPress,CosmicPower,PsychicFangs|Impish|||||50|
|showteam|p2|Delphox||Delphoxite|Blaze|HeatWave,Psychic,NastyPlot,Protect|Timid||M|||50|]Incineroar||SitrusBerry|Intimidate|FakeOut,PartingShot,FlareBlitz,ThroatChop|Impish||M|||50|]Maushold-Four||ChopleBerry|FriendGuard|Feint,HelpingHand,Protect,FollowMe|Impish|||||50|]Sinistcha||ColburBerry|Hospitality|Protect,MatchaGotcha,TrickRoom,RagePowder|Bold|||||50|]Sneasler||FocusSash|PoisonTouch|CloseCombat,PoisonJab,QuickGuard,FakeOut|Adamant||F|||50|]Blastoise||Blastoisinite|RainDish|Protect,WaterSpout,DarkPulse,ShellSmash|Timid||M|||50|
|
|t:|1784868548
|teamsize|p1|4
|teamsize|p2|4
|start
|switch|p1a: Sneasler|Sneasler, L50, F|100/100
|switch|p1b: Kingambit|Kingambit, L50, M|100/100
|switch|p2a: Unctober|Delphox, L50, M|100/100
|switch|p2b: Sarahn's OC|Sneasler, L50, F|100/100
|turn|1
|
|t:|1784868576
|detailschange|p2a: Unctober|Delphox-Mega, L50, M
|-mega|p2a: Unctober|Delphox|Delphoxite
|move|p2a: Unctober|Protect|p2a: Unctober
|-singleturn|p2a: Unctober|Protect
|move|p1a: Sneasler|Fake Out|p2b: Sarahn's OC
|-damage|p2b: Sarahn's OC|76/100
|cant|p2b: Sarahn's OC|flinch
|move|p1b: Kingambit|Kowtow Cleave|p2a: Unctober
|-activate|p2a: Unctober|move: Protect
|
|upkeep
|turn|2
|
|t:|1784868603
|switch|p1b: Delphox|Delphox, L50, M|100/100
|move|p2a: Unctober|Nasty Plot|p2a: Unctober
|-boost|p2a: Unctober|spa|2
|move|p1a: Sneasler|Dire Claw|p2a: Unctober
|-damage|p2a: Unctober|44/100
|-status|p2a: Unctober|par
|move|p2b: Sarahn's OC|Poison Jab|p1a: Sneasler
|-resisted|p1a: Sneasler|1
|-damage|p1a: Sneasler|61/100
|
|upkeep
|turn|3
|
|t:|1784868636
|switch|p2b: Gochujang|Incineroar, L50, M|100/100
|-ability|p2b: Gochujang|Intimidate|boost
|-unboost|p1a: Sneasler|atk|1
|-unboost|p1b: Delphox|atk|1
|detailschange|p1b: Delphox|Delphox-Mega, L50, M
|-mega|p1b: Delphox|Delphox|Delphoxite
|move|p2a: Unctober|Protect|p2a: Unctober
|-singleturn|p2a: Unctober|Protect
|move|p1b: Delphox|Nasty Plot|p1b: Delphox
|-boost|p1b: Delphox|spa|2
|move|p1a: Sneasler|Dire Claw|p2b: Gochujang
|-damage|p2b: Gochujang|77/100
|
|upkeep
|turn|4
|
|t:|1784868676
|move|p1a: Sneasler|Quick Guard|p1a: Sneasler
|-singleturn|p1a: Sneasler|Quick Guard
|move|p2b: Gochujang|Fake Out|p1a: Sneasler
|-activate|p1a: Sneasler|move: Quick Guard
|move|p1b: Delphox|Psyshock|p2a: Unctober
|-resisted|p2a: Unctober|1
|-damage|p2a: Unctober|0 fnt
|faint|p2a: Unctober
|
|upkeep
|
|t:|1784868688
|switch|p2a: MMCH|Maushold-Four, L50|100/100
|turn|5
|
|t:|1784868697
|move|p1b: Delphox|Protect|p1b: Delphox
|-singleturn|p1b: Delphox|Protect
|move|p2a: MMCH|Follow Me|p2a: MMCH
|-singleturn|p2a: MMCH|move: Follow Me
|move|p1a: Sneasler|Close Combat|p2a: MMCH
|-supereffective|p2a: MMCH|1
|-enditem|p2a: MMCH|Chople Berry|[eat]
|-enditem|p2a: MMCH|Chople Berry|[weaken]
|-damage|p2a: MMCH|58/100
|-unboost|p1a: Sneasler|def|1
|-unboost|p1a: Sneasler|spd|1
|move|p2b: Gochujang|Flare Blitz|p1a: Sneasler
|-damage|p1a: Sneasler|0 fnt
|faint|p1a: Sneasler
|-damage|p2b: Gochujang|62/100|[from] Recoil
|
|upkeep
|
|t:|1784868702
|switch|p1a: Sinistcha|Sinistcha, L50|100/100
|turn|6
|
|t:|1784868722
|move|p2a: MMCH|Helping Hand|p2b: Gochujang
|-singleturn|p2b: Gochujang|Helping Hand|[of] p2a: MMCH
|move|p1a: Sinistcha|Rage Powder|p1a: Sinistcha
|-singleturn|p1a: Sinistcha|move: Rage Powder
|move|p1b: Delphox|Heat Wave|p2a: MMCH|[spread] p2a,p2b
|-resisted|p2b: Gochujang|1
|-damage|p2a: MMCH|0 fnt
|-damage|p2b: Gochujang|33/100
|-enditem|p2b: Gochujang|Sitrus Berry|[eat]
|-heal|p2b: Gochujang|58/100|[from] item: Sitrus Berry
|faint|p2a: MMCH
|move|p2b: Gochujang|Flare Blitz|p1a: Sinistcha
|-supereffective|p1a: Sinistcha|1
|-damage|p1a: Sinistcha|0 fnt
|faint|p1a: Sinistcha
|-damage|p2b: Gochujang|29/100|[from] Recoil
|
|upkeep
|
|t:|1784868737
|switch|p2a: Sarahn's OC|Sneasler, L50, F|76/100
|switch|p1a: Kingambit|Kingambit, L50, M|100/100
|turn|7
|
|t:|1784868749
|move|p1b: Delphox|Protect|p1b: Delphox
|-singleturn|p1b: Delphox|Protect
|move|p1a: Kingambit|Protect|p1a: Kingambit
|-singleturn|p1a: Kingambit|Protect
|move|p2a: Sarahn's OC|Fake Out|p1b: Delphox
|-activate|p1b: Delphox|move: Protect
|move|p2b: Gochujang|Throat Chop|p1b: Delphox
|-activate|p1b: Delphox|move: Protect
|
|upkeep
|turn|8
|
|t:|1784868775
|move|p1b: Delphox|Psyshock|p2a: Sarahn's OC
|-supereffective|p2a: Sarahn's OC|2
|-damage|p2a: Sarahn's OC|0 fnt
|faint|p2a: Sarahn's OC
|move|p2b: Gochujang|Throat Chop|p1b: Delphox
|-supereffective|p1b: Delphox|1
|-damage|p1b: Delphox|13/100
|-start|p1b: Delphox|Throat Chop|[silent]
|move|p1a: Kingambit|Kowtow Cleave|p2b: Gochujang
|-resisted|p2b: Gochujang|1
|-damage|p2b: Gochujang|2/100
|
|upkeep
|turn|9
|
|t:|1784868784
|move|p1a: Kingambit|Sucker Punch|p2b: Gochujang
|-resisted|p2b: Gochujang|1
|-damage|p2b: Gochujang|0 fnt
|faint|p2b: Gochujang
|
|win|nonight
||lordtentacle69 is ready for game 2.
||nonight is ready for game 2.
|uhtml|next|Next: Game 2 of 3
