|j|☆rokotroko
|j|☆magicalarcher57
|html|rokotrokomagicalarcher57    
|uhtml|bestof|Game 3 of a best-of-3
|t:|1784658038
|gametype|doubles
|player|p1|rokotroko|101|1202
|player|p2|magicalarcher57|diantha|1245
|gen|9
|tier|[Gen 9 Champions] VGC 2026 Reg M-B (Bo3)
|rated|
|rule|Species Clause: Limit one of each Pokémon
|rule|Item Clause: Limit 1 of each item
|clearpoke
|poke|p1|Charizard, L50, M|
|poke|p1|Whimsicott, L50, M|
|poke|p1|Zoroark-Hisui, L50, M|
|poke|p1|Sneasler, L50, M|
|poke|p1|Gardevoir, L50, F|
|poke|p1|Basculegion, L50, M|
|poke|p2|Vanilluxe, L50, F|
|poke|p2|Raichu, L50, F|
|poke|p2|Whimsicott, L50, F|
|poke|p2|Garchomp, L50, F|
|poke|p2|Kingambit, L50, F|
|poke|p2|Sneasler, L50, M|
|teampreview|4
|showteam|p1|Charizard||CharizarditeY|Blaze|SolarBeam,WeatherBall,HeatWave,Protect|Timid||M|||50|]Whimsicott||FocusSash|Prankster|Moonblast,Encore,Tailwind,SunnyDay|Timid||M|||50|]Zoroark-Hisui||LifeOrb|Illusion|ShadowBall,Protect,Taunt,DarkPulse|Timid||M|||50|]Sneasler||WhiteHerb|Unburden|DireClaw,CloseCombat,Protect,QuickGuard|Jolly||M|||50|]Gardevoir||Gardevoirite|Synchronize|Psychic,HyperVoice,TrickRoom,Protect|Modest||F|||50|]Basculegion||ChoiceScarf|Adaptability|LastRespects,WaveCrash,AquaJet,FlipTurn|Jolly||M|||50|
|showteam|p2|Vanilluxe||ChoiceScarf|SnowWarning|FreezeDry,Blizzard,IcyWind,WeatherBall|Timid||F|||50|]Raichu||RaichuniteY|LightningRod|FakeOut,ZapCannon,FocusBlast,Protect|Timid||F|||50|]Whimsicott||FocusSash|Prankster|Tailwind,Moonblast,Encore,Protect|Timid||F|||50|]Garchomp||LifeOrb|RoughSkin|Earthquake,DragonClaw,StompingTantrum,Protect|Jolly||F|||50|]Kingambit||BlackGlasses|Defiant|KowtowCleave,IronHead,SuckerPunch,Protect|Brave||F|||50|]Sneasler||WhiteHerb|Unburden|CloseCombat,FakeOut,DireClaw,Protect|Adamant||M|||50|
|inactive|Battle timer is ON: inactive players will automatically lose when time's up. (requested by magicalarcher57)
|
|t:|1784658065
|teamsize|p1|4
|teamsize|p2|4
|start
|switch|p1a: Whimsicott|Whimsicott, L50, M|100/100
|switch|p1b: Basculegion|Basculegion, L50, M|100/100
|switch|p2a: Whimsicott|Whimsicott, L50, F|100/100
|switch|p2b: Garchomp|Garchomp, L50, F|100/100
|turn|1
|
|t:|1784658089
|move|p1a: Whimsicott|Tailwind|p1a: Whimsicott
|-sidestart|p1: rokotroko|move: Tailwind
|move|p2a: Whimsicott|Tailwind|p2a: Whimsicott
|-sidestart|p2: magicalarcher57|move: Tailwind
|move|p1b: Basculegion|Wave Crash|p2b: Garchomp
|-damage|p2b: Garchomp|16/100
|-damage|p1b: Basculegion|87/100|[from] ability: Rough Skin|[of] p2b: Garchomp
|-damage|p1b: Basculegion|61/100|[from] Recoil
|move|p2b: Garchomp|Stomping Tantrum|p1a: Whimsicott
|-resisted|p1a: Whimsicott|1
|-damage|p1a: Whimsicott|62/100
|-damage|p2b: Garchomp|7/100|[from] item: Life Orb
|
|upkeep
|turn|2
|
|t:|1784658105
|switch|p2a: Kingambit|Kingambit, L50, F|100/100
|move|p1a: Whimsicott|Encore|p2a: Kingambit
|-hint|Since gen 7, Dark is immune to Prankster moves.
|-immune|p2a: Kingambit
|move|p1b: Basculegion|Wave Crash|p2b: Garchomp
|-damage|p2b: Garchomp|0 fnt
|-damage|p1b: Basculegion|49/100|[from] ability: Rough Skin|[of] p2b: Garchomp
|faint|p2b: Garchomp
|-damage|p1b: Basculegion|47/100|[from] Recoil
|
|upkeep
|inactive|magicalarcher57 has 30 seconds left.
|inactive|magicalarcher57 has 20 seconds left.
|inactive|magicalarcher57 has 15 seconds left.
|inactive|magicalarcher57 has 10 seconds left.
|
|t:|1784658151
|switch|p2b: Raichu|Raichu, L50, F|100/100
|turn|3
|
|t:|1784658166
|detailschange|p2b: Raichu|Raichu-Mega-Y, L50, F
|-mega|p2b: Raichu|Raichu|Raichunite Y
|move|p1b: Basculegion|Wave Crash|p2b: Raichu
|-damage|p2b: Raichu|0 fnt
|faint|p2b: Raichu
|-damage|p1b: Basculegion|24/100|[from] Recoil
|move|p1a: Whimsicott|Moonblast|p2a: Kingambit
|-damage|p2a: Kingambit|62/100
|-unboost|p2a: Kingambit|spa|1
|-ability|p2a: Kingambit|Defiant|boost
|-boost|p2a: Kingambit|atk|2
|move|p2a: Kingambit|Iron Head|p1a: Whimsicott
|-supereffective|p1a: Whimsicott|1
|-damage|p1a: Whimsicott|0 fnt
|faint|p1a: Whimsicott
|
|upkeep
|
|t:|1784658183
|switch|p2b: Whimsicott|Whimsicott, L50, F|100/100
|switch|p1a: Sneasler|Sneasler, L50, M|100/100
|turn|4
|
|t:|1784658196
|move|p2a: Kingambit|Protect|p2a: Kingambit
|-singleturn|p2a: Kingambit|Protect
|move|p1b: Basculegion|Wave Crash|p2a: Kingambit
|-activate|p2a: Kingambit|move: Protect
|move|p1a: Sneasler|Close Combat|p2a: Kingambit
|-activate|p2a: Kingambit|move: Protect
|move|p2b: Whimsicott|Moonblast|p1b: Basculegion
|-crit|p1b: Basculegion
|-damage|p1b: Basculegion|0 fnt
|faint|p1b: Basculegion
|
|-sideend|p2: magicalarcher57|move: Tailwind
|-sideend|p1: rokotroko|move: Tailwind
|upkeep
|
|t:|1784658208
|switch|p1b: Gardevoir|Gardevoir, L50, F|100/100
|turn|5
|inactive|magicalarcher57 has 30 seconds left.
|inactive|magicalarcher57 has 20 seconds left.
|
|t:|1784658245
|detailschange|p1b: Gardevoir|Gardevoir-Mega, L50, F
|-mega|p1b: Gardevoir|Gardevoir|Gardevoirite
|move|p2b: Whimsicott|Tailwind|p2b: Whimsicott
|-sidestart|p2: magicalarcher57|move: Tailwind
|move|p1a: Sneasler|Close Combat|p2a: Kingambit
|-supereffective|p2a: Kingambit|2
|-damage|p2a: Kingambit|0 fnt
|-unboost|p1a: Sneasler|def|1
|-unboost|p1a: Sneasler|spd|1
|faint|p2a: Kingambit
|-enditem|p1a: Sneasler|White Herb
|-clearnegativeboost|p1a: Sneasler|[silent]
|move|p1b: Gardevoir|Hyper Voice|p2b: Whimsicott
|-enditem|p2b: Whimsicott|Focus Sash
|-damage|p2b: Whimsicott|1/100
|
|upkeep
|turn|6
|-message|magicalarcher57 forfeited.
|raw|rokotroko's rating: 1202 → 1230(+28 for winning)
|raw|magicalarcher57's rating: 1245 → 1217(-28 for losing)
|
|win|rokotroko
