|j|☆proteinman11
|j|☆klkconklwa
|html|proteinman11klkconklwa    
|uhtml|bestof|Game 3 of a best-of-3
|t:|1783203659
|gametype|doubles
|player|p1|proteinman11|hiker-gen4|1135
|player|p2|klkconklwa|1|1048
|gen|9
|tier|[Gen 9 Champions] VGC 2026 Reg M-B (Bo3)
|rated|
|rule|Species Clause: Limit one of each Pokémon
|rule|Item Clause: Limit 1 of each item
|clearpoke
|poke|p1|Archaludon, L50, F|
|poke|p1|Maushold-Four, L50|
|poke|p1|Sinistcha-Masterpiece, L50|
|poke|p1|Raichu, L50, M|
|poke|p1|Espathra, L50, F|
|poke|p1|Gengar, L50, M|
|poke|p2|Charizard, L50, F, shiny|
|poke|p2|Garchomp, L50, M|
|poke|p2|Aerodactyl, L50, F|
|poke|p2|Kingambit, L50, F|
|poke|p2|Sylveon, L50, M|
|poke|p2|Farigiraf, L50, M|
|teampreview|4
|showteam|p1|Archaludon||Leftovers|Stamina|ElectroShot,DragonPulse,AuraSphere,Protect|Calm||F|||50|]Maushold-Four||WideLens|FriendGuard|FollowMe,Protect,PopulationBomb,RainDance|Jolly|||||50|]Sinistcha-Masterpiece||SitrusBerry|Hospitality|RagePowder,LifeDew,MatchaGotcha,Protect|Calm|||||50|]Raichu||RaichuniteY|LightningRod|ZapCannon,FocusBlast,FakeOut,Protect|Timid||M|||50|]Espathra||FocusSash|SpeedBoost|Protect,CalmMind,BatonPass,StoredPower|Bold||F|||50|]Gengar||Gengarite|CursedBody|SludgeBomb,ShadowBall,Protect,Hypnosis|Timid||M|||50|
|showteam|p2|Charizard||CharizarditeY|SolarPower|HeatWave,WeatherBall,SolarBeam,Protect|Modest||F|||50|]Garchomp||LifeOrb|RoughSkin|Earthquake,StompingTantrum,DragonClaw,Protect|Jolly||M|||50|]Aerodactyl||Aerodactylite|Unnerve|DualWingbeat,Tailwind,RockSlide,IceFang|Jolly||F|||50|]Kingambit||FocusSash|Defiant|KowtowCleave,SuckerPunch,LowKick,IronHead|Adamant||F|||50|]Sylveon||FairyFeather|Pixilate|HyperBeam,HyperVoice,QuickAttack,Protect|Modest||M|||50|]Farigiraf||SitrusBerry|ArmorTail|Thunderbolt,Psychic,Roar,TrickRoom|Bold||M|||50|
|inactive|Battle timer is ON: inactive players will automatically lose when time's up. (requested by proteinman11)
|inactive|klkconklwa has 60 seconds left.
|
|t:|1783203707
|teamsize|p1|4
|teamsize|p2|4
|start
|switch|p1a: Foid|Espathra, L50, F|100/100
|switch|p1b: Misshold|Maushold-Four, L50|100/100
|switch|p2a: Kingambit|Kingambit, L50, F|100/100
|switch|p2b: Aerodactyl|Aerodactyl, L50, F|100/100
|-ability|p2b: Aerodactyl|Unnerve
|turn|1
|
|t:|1783203726
|move|p1b: Misshold|Follow Me|p1b: Misshold
|-singleturn|p1b: Misshold|move: Follow Me
|move|p2b: Aerodactyl|Tailwind|p2b: Aerodactyl
|-sidestart|p2: klkconklwa|move: Tailwind
|move|p2a: Kingambit|Kowtow Cleave|p1b: Misshold
|-damage|p1b: Misshold|34/100
|move|p1a: Foid|Calm Mind|p1a: Foid
|-boost|p1a: Foid|spa|1
|-boost|p1a: Foid|spd|1
|
|-ability|p1a: Foid|Speed Boost|boost
|-boost|p1a: Foid|spe|1
|upkeep
|turn|2
|
|t:|1783203749
|move|p1b: Misshold|Protect|p1b: Misshold
|-singleturn|p1b: Misshold|Protect
|move|p2b: Aerodactyl|Rock Slide|p1b: Misshold|[spread] p1a
|-activate|p1b: Misshold|move: Protect
|-damage|p1a: Foid|86/100
|move|p2a: Kingambit|Kowtow Cleave|p1a: Foid
|-supereffective|p1a: Foid|1
|-damage|p1a: Foid|22/100
|move|p1a: Foid|Calm Mind|p1a: Foid
|-boost|p1a: Foid|spa|1
|-boost|p1a: Foid|spd|1
|
|-ability|p1a: Foid|Speed Boost|boost
|-boost|p1a: Foid|spe|1
|upkeep
|turn|3
|inactive|klkconklwa has 30 seconds left.
|inactive|klkconklwa has 20 seconds left.
|inactive|klkconklwa has 15 seconds left.
|inactive|klkconklwa has 10 seconds left.
|
|t:|1783203797
|move|p2b: Aerodactyl|Rock Slide|p1a: Foid|[spread] p1a,p1b
|-damage|p1a: Foid|7/100
|-damage|p1b: Misshold|4/100
|move|p1a: Foid|Baton Pass|p1a: Foid
|
|t:|1783203802
|switch|p1a: Arch yo shi|Archaludon, L50, F|100/100|[from] Baton Pass
|move|p2a: Kingambit|Kowtow Cleave|p1a: Arch yo shi
|-damage|p1a: Arch yo shi|70/100
|-ability|p1a: Arch yo shi|Stamina|boost
|-boost|p1a: Arch yo shi|def|1
|move|p1b: Misshold|Population Bomb|p1a: Arch yo shi
|-resisted|p1a: Arch yo shi|1
|-damage|p1a: Arch yo shi|69/100
|-ability|p1a: Arch yo shi|Stamina|boost
|-boost|p1a: Arch yo shi|def|1
|-resisted|p1a: Arch yo shi|1
|-damage|p1a: Arch yo shi|68/100
|-ability|p1a: Arch yo shi|Stamina|boost
|-boost|p1a: Arch yo shi|def|1
|-resisted|p1a: Arch yo shi|1
|-damage|p1a: Arch yo shi|68/100
|-ability|p1a: Arch yo shi|Stamina|boost
|-boost|p1a: Arch yo shi|def|1
|-resisted|p1a: Arch yo shi|1
|-damage|p1a: Arch yo shi|67/100
|-ability|p1a: Arch yo shi|Stamina|boost
|-boost|p1a: Arch yo shi|def|1
|-resisted|p1a: Arch yo shi|1
|-damage|p1a: Arch yo shi|67/100
|-ability|p1a: Arch yo shi|Stamina|boost
|-boost|p1a: Arch yo shi|def|1
|-resisted|p1a: Arch yo shi|1
|-damage|p1a: Arch yo shi|66/100
|-resisted|p1a: Arch yo shi|1
|-damage|p1a: Arch yo shi|65/100
|-resisted|p1a: Arch yo shi|1
|-damage|p1a: Arch yo shi|65/100
|-resisted|p1a: Arch yo shi|1
|-damage|p1a: Arch yo shi|64/100
|-resisted|p1a: Arch yo shi|1
|-damage|p1a: Arch yo shi|64/100
|-hitcount|p1a: Arch yo shi|10
|
|-heal|p1a: Arch yo shi|70/100|[from] item: Leftovers
|upkeep
|turn|4
|inactive|klkconklwa has 30 seconds left.
|inactive|klkconklwa has 20 seconds left.
|inactive|klkconklwa has 15 seconds left.
|
|t:|1783203843
|move|p2b: Aerodactyl|Rock Slide|p1b: Misshold|[spread] p1a,p1b
|-resisted|p1a: Arch yo shi|1
|-damage|p1a: Arch yo shi|69/100
|-damage|p1b: Misshold|0 fnt
|faint|p1b: Misshold
|move|p1a: Arch yo shi|Electro Shot||[still]
|-prepare|p1a: Arch yo shi|Electro Shot
|-boost|p1a: Arch yo shi|spa|1
|move|p2a: Kingambit|Low Kick|p1a: Arch yo shi
|-supereffective|p1a: Arch yo shi|1
|-damage|p1a: Arch yo shi|55/100
|
|-heal|p1a: Arch yo shi|61/100|[from] item: Leftovers
|-sideend|p2: klkconklwa|move: Tailwind
|upkeep
|
|t:|1783203853
|switch|p1b: The Medic|Sinistcha-Masterpiece, L50|100/100
|-heal|p1a: Arch yo shi|86/100|[from] ability: Hospitality|[of] p1b: The Medic
|turn|5
|
|t:|1783203868
|move|p1a: Arch yo shi|Electro Shot|p2b: Aerodactyl|[from] lockedmove
|-supereffective|p2b: Aerodactyl|1
|-damage|p2b: Aerodactyl|0 fnt
|faint|p2b: Aerodactyl
|move|p2a: Kingambit|Kowtow Cleave|p1b: The Medic
|-supereffective|p1b: The Medic|1
|-damage|p1b: The Medic|11/100
|-enditem|p1b: The Medic|Sitrus Berry|[eat]
|-heal|p1b: The Medic|35/100|[from] item: Sitrus Berry
|move|p1b: The Medic|Matcha Gotcha|p2a: Kingambit
|-resisted|p2a: Kingambit|1
|-damage|p2a: Kingambit|81/100
|-heal|p1b: The Medic|45/100|[from] drain|[of] p2a: Kingambit
|
|-heal|p1a: Arch yo shi|92/100|[from] item: Leftovers
|upkeep
|
|t:|1783203874
|switch|p2b: Charizard|Charizard, L50, F, shiny|100/100
|turn|6
|
|t:|1783203885
|switch|p1b: Foid|Espathra, L50, F|7/100
|detailschange|p2b: Charizard|Charizard-Mega-Y, L50, F, shiny
|-mega|p2b: Charizard|Charizard|Charizardite Y
|-weather|SunnyDay|[from] ability: Drought|[of] p2b: Charizard
|move|p1a: Arch yo shi|Dragon Pulse|p2b: Charizard
|-damage|p2b: Charizard|17/100
|move|p2b: Charizard|Weather Ball|p1a: Arch yo shi
|-damage|p1a: Arch yo shi|56/100
|move|p2a: Kingambit|Kowtow Cleave|p1b: Foid
|-supereffective|p1b: Foid|1
|-damage|p1b: Foid|0 fnt
|faint|p1b: Foid
|
|-weather|SunnyDay|[upkeep]
|-heal|p1a: Arch yo shi|62/100|[from] item: Leftovers
|upkeep
|
|t:|1783203900
|switch|p1b: The Medic|Sinistcha-Masterpiece, L50|45/100
|-heal|p1a: Arch yo shi|87/100|[from] ability: Hospitality|[of] p1b: The Medic
|turn|7
|
|t:|1783203907
|move|p1a: Arch yo shi|Dragon Pulse|p2b: Charizard
|-damage|p2b: Charizard|0 fnt
|faint|p2b: Charizard
|move|p2a: Kingambit|Kowtow Cleave|p1b: The Medic
|-supereffective|p1b: The Medic|1
|-damage|p1b: The Medic|0 fnt
|faint|p1b: The Medic
|
|-weather|SunnyDay|[upkeep]
|-heal|p1a: Arch yo shi|93/100|[from] item: Leftovers
|upkeep
|
|t:|1783203910
|switch|p2b: Farigiraf|Farigiraf, L50, M|100/100
|turn|8
|
|t:|1783203921
|move|p1a: Arch yo shi|Aura Sphere|p2a: Kingambit
|-supereffective|p2a: Kingambit|2
|-damage|p2a: Kingambit|0 fnt
|faint|p2a: Kingambit
|move|p2b: Farigiraf|Psychic|p1a: Arch yo shi
|-resisted|p1a: Arch yo shi|1
|-damage|p1a: Arch yo shi|85/100
|
|-weather|SunnyDay|[upkeep]
|-heal|p1a: Arch yo shi|91/100|[from] item: Leftovers
|upkeep
|turn|9
|-message|klkconklwa forfeited.
|
|win|proteinman11
|raw|proteinman11's rating: 1135 → 1154(+19 for winning)
|raw|klkconklwa's rating: 1048 → 1035(-13 for losing)
|l|☆klkconklwa
|player|p2|
