|j|☆floopf
|j|☆lorycana_
|html|floopflorycana_    
|uhtml|bestof|Game 2 of a best-of-3
|t:|1756670191
|gametype|doubles
|player|p1|floopf|miku-water|1119
|player|p2|lorycana_|265|1124
|gen|9
|tier|[Gen 9] VGC 2025 Reg H (Bo3)
|rated|
|rule|Species Clause: Limit one of each Pokémon
|rule|Item Clause: Limit 1 of each item
|clearpoke
|poke|p1|Vivillon-Fancy, L50, F|
|poke|p1|Garchomp, L50, F|
|poke|p1|Primarina, L50, F|
|poke|p1|Incineroar, L50, F|
|poke|p1|Gholdengo, L50|
|poke|p1|Porygon2, L50|
|poke|p2|Incineroar, L50, M|
|poke|p2|Pelipper, L50, M|
|poke|p2|Basculegion, L50, M|
|poke|p2|Amoonguss, L50, M|
|poke|p2|Maushold-Four, L50|
|poke|p2|Archaludon, L50, M|
|teampreview|4
|showteam|p1|Vivillon-Fancy||FocusSash|CompoundEyes|Hurricane,SleepPowder,RagePowder,Protect|||F|||50|,,,,,Ghost]Garchomp||LifeOrb|RoughSkin|Earthquake,DragonClaw,StompingTantrum,Protect|||F|||50|,,,,,Water]Primarina||SitrusBerry|LiquidVoice|HyperVoice,Moonblast,Haze,Protect|||F|||50|,,,,,Grass]Incineroar||SafetyGoggles|Intimidate|FakeOut,FlareBlitz,PartingShot,KnockOff|||F|||50|,,,,,Ghost]Gholdengo||MetalCoat|GoodasGold|MakeItRain,ShadowBall,NastyPlot,Protect||||||50|,,,,,Dragon]Porygon2||Eviolite|Download|TeraBlast,IceBeam,Recover,TrickRoom||||||50|,,,,,Fighting
|showteam|p2|Incineroar||SafetyGoggles|Intimidate|FakeOut,FlareBlitz,KnockOff,PartingShot|||M|||50|,,,,,Ghost]Pelipper||FocusSash|Drizzle|Hurricane,WeatherBall,Tailwind,Protect|||M|||50|,,,,,Ghost]Basculegion||MysticWater|SwiftSwim|Protect,WaveCrash,AquaJet,LastRespects|||M|||50|,,,,,Water]Amoonguss||SitrusBerry|Regenerator|Spore,RagePowder,PollenPuff,ClearSmog|||M|||50|,,,,,Water]Maushold-Four||WideLens|Technician|PopulationBomb,FollowMe,Taunt,Protect||||||50|,,,,,Grass]Archaludon||AssaultVest|Stamina|ElectroShot,DragonPulse,FlashCannon,BodyPress|||M|||50|,,,,,Grass
|inactive|Battle timer is ON: inactive players will automatically lose when time's up. (requested by lorycana_)
|
|t:|1756670200
|teamsize|p1|4
|teamsize|p2|4
|start
|switch|p1a: Sakura|Vivillon-Fancy, L50, F|100/100
|switch|p1b: Corrin|Garchomp, L50, F|100/100
|switch|p2a: Pelipper|Pelipper, L50, M|100/100
|switch|p2b: Archaludon|Archaludon, L50, M|100/100
|-weather|RainDance|[from] ability: Drizzle|[of] p2a: Pelipper
|turn|1
|
|t:|1756670218
|move|p1b: Corrin|Dragon Claw|p2b: Archaludon
|-damage|p2b: Archaludon|61/100
|-ability|p2b: Archaludon|Stamina|boost
|-boost|p2b: Archaludon|def|1
|-damage|p1b: Corrin|91/100|[from] item: Life Orb
|move|p1a: Sakura|Hurricane|p2b: Archaludon
|-resisted|p2b: Archaludon
|-damage|p2b: Archaludon|47/100
|-ability|p2b: Archaludon|Stamina|boost
|-boost|p2b: Archaludon|def|1
|move|p2a: Pelipper|Tailwind|p2a: Pelipper
|-sidestart|p2: lorycana_|move: Tailwind
|move|p2b: Archaludon|Electro Shot||[still]
|-prepare|p2b: Archaludon|Electro Shot
|-boost|p2b: Archaludon|spa|1
|-anim|p2b: Archaludon|Electro Shot|p1a: Sakura
|-supereffective|p1a: Sakura
|-enditem|p1a: Sakura|Focus Sash
|-damage|p1a: Sakura|1/100
|
|-weather|RainDance|[upkeep]
|upkeep
|turn|2
|inactive|floopf has 30 seconds left.
|
|t:|1756670249
|switch|p1a: Hinoka|Incineroar, L50, F|100/100
|-ability|p1a: Hinoka|Intimidate|boost
|-unboost|p2a: Pelipper|atk|1
|-unboost|p2b: Archaludon|atk|1
|move|p1b: Corrin|Protect|p1b: Corrin
|-singleturn|p1b: Corrin|Protect
|move|p2a: Pelipper|Weather Ball|p1a: Hinoka
|-supereffective|p1a: Hinoka
|-damage|p1a: Hinoka|0 fnt
|faint|p1a: Hinoka
|move|p2b: Archaludon|Dragon Pulse|p1b: Corrin
|-activate|p1b: Corrin|move: Protect
|
|-weather|RainDance|[upkeep]
|upkeep
|
|t:|1756670256
|switch|p1a: Sakura|Vivillon-Fancy, L50, F|1/100
|turn|3
|
|t:|1756670268
|move|p1a: Sakura|Rage Powder|p1a: Sakura
|-singleturn|p1a: Sakura|move: Rage Powder
|move|p2a: Pelipper|Hurricane|p1a: Sakura
|-supereffective|p1a: Sakura
|-damage|p1a: Sakura|0 fnt
|faint|p1a: Sakura
|move|p2b: Archaludon|Electro Shot||[still]
|-prepare|p2b: Archaludon|Electro Shot
|-boost|p2b: Archaludon|spa|1
|-anim|p2b: Archaludon|Electro Shot|p1b: Corrin
|-immune|p1b: Corrin
|move|p1b: Corrin|Stomping Tantrum|p2b: Archaludon
|-supereffective|p2b: Archaludon
|-damage|p2b: Archaludon|6/100
|-ability|p2b: Archaludon|Stamina|boost
|-boost|p2b: Archaludon|def|1
|-damage|p1b: Corrin|81/100|[from] item: Life Orb
|
|-weather|RainDance|[upkeep]
|upkeep
|
|t:|1756670273
|switch|p1a: Camilla|Gholdengo, L50|100/100
|turn|4
|
|t:|1756670293
|move|p1b: Corrin|Protect|p1b: Corrin
|-singleturn|p1b: Corrin|Protect
|move|p1a: Camilla|Protect|p1a: Camilla
|-singleturn|p1a: Camilla|Protect
|move|p2a: Pelipper|Weather Ball|p1a: Camilla
|-activate|p1a: Camilla|move: Protect
|move|p2b: Archaludon|Dragon Pulse|p1b: Corrin
|-activate|p1b: Corrin|move: Protect
|
|-weather|RainDance|[upkeep]
|-sideend|p2: lorycana_|move: Tailwind
|upkeep
|turn|5
|
|t:|1756670316
|switch|p2b: Incineroar|Incineroar, L50, M|100/100
|-ability|p2b: Incineroar|Intimidate|boost
|-unboost|p1a: Camilla|atk|1
|-unboost|p1b: Corrin|atk|1
|move|p1b: Corrin|Dragon Claw|p2a: Pelipper
|-damage|p2a: Pelipper|53/100
|-damage|p1b: Corrin|71/100|[from] item: Life Orb
|move|p1a: Camilla|Make It Rain|p2b: Incineroar|[spread] p2a,p2b
|-resisted|p2a: Pelipper
|-resisted|p2b: Incineroar
|-damage|p2a: Pelipper|6/100
|-damage|p2b: Incineroar|77/100
|-unboost|p1a: Camilla|spa|1
|move|p2a: Pelipper|Tailwind|p2a: Pelipper
|-sidestart|p2: lorycana_|move: Tailwind
|
|-weather|none
|upkeep
|turn|6
|
|t:|1756670336
|move|p2a: Pelipper|Hurricane|p1b: Corrin
|-damage|p1b: Corrin|19/100
|move|p2b: Incineroar|Knock Off|p1a: Camilla
|-supereffective|p1a: Camilla
|-damage|p1a: Camilla|9/100
|-enditem|p1a: Camilla|Metal Coat|[from] move: Knock Off|[of] p2b: Incineroar
|move|p1b: Corrin|Stomping Tantrum|p2b: Incineroar
|-supereffective|p2b: Incineroar
|-damage|p2b: Incineroar|5/100
|-damage|p1b: Corrin|9/100|[from] item: Life Orb
|move|p1a: Camilla|Nasty Plot|p1a: Camilla
|-boost|p1a: Camilla|spa|2
|
|upkeep
|turn|7
|inactive|floopf has 30 seconds left.
|inactive|floopf has 20 seconds left.
|inactive|floopf has 15 seconds left.
|inactive|floopf has 10 seconds left.
|
|t:|1756670385
|switch|p2a: Basculegion|Basculegion, L50, M|100/100
|move|p1a: Camilla|Protect|p1a: Camilla
|-singleturn|p1a: Camilla|Protect
|move|p2b: Incineroar|Knock Off|p1a: Camilla
|-activate|p1a: Camilla|move: Protect
|move|p1b: Corrin|Dragon Claw|p2b: Incineroar
|-damage|p2b: Incineroar|0 fnt
|faint|p2b: Incineroar
|-damage|p1b: Corrin|0 fnt|[from] item: Life Orb
|faint|p1b: Corrin
|
|upkeep
|
|t:|1756670400
|switch|p2b: Pelipper|Pelipper, L50, M|6/100
|-weather|RainDance|[from] ability: Drizzle|[of] p2b: Pelipper
|turn|8
|
|t:|1756670408
|move|p2a: Basculegion|Aqua Jet|p1a: Camilla
|-damage|p1a: Camilla|0 fnt
|faint|p1a: Camilla
|
|win|lorycana_
||floopf is ready for game 3.
