|j|☆okmackan
|j|☆lerry27
|html|okmackanlerry27    
|uhtml|bestof|Game 1 of a best-of-3
|t:|1784898010
|gametype|doubles
|player|p1|okmackan|266|1000
|player|p2|lerry27|brycen|1125
|gen|9
|tier|[Gen 9 Champions] VGC 2026 Reg M-B (Bo3)
|rated|
|rule|Species Clause: Limit one of each Pokémon
|rule|Item Clause: Limit 1 of each item
|clearpoke
|poke|p1|Gengar, L50, F|
|poke|p1|Politoed, L50, M|
|poke|p1|Incineroar, L50, F|
|poke|p1|Sneasler, L50, M|
|poke|p1|Archaludon, L50, F|
|poke|p1|Sinistcha, L50|
|poke|p2|Sneasler, L50, F, shiny|
|poke|p2|Pidgeot, L50, F, shiny|
|poke|p2|Excadrill, L50, M, shiny|
|poke|p2|Tyranitar, L50, M, shiny|
|poke|p2|Gholdengo, L50|
|poke|p2|Milotic, L50, M, shiny|
|teampreview|4
|showteam|p1|Gengar||Gengarite|CursedBody|Protect,PerishSong,ShadowBall,Disable|Timid||F|||50|]Politoed||SitrusBerry|Drizzle|Protect,PerishSong,WeatherBall,Encore|Bold||M|||50|]Incineroar||ShucaBerry|Intimidate|Protect,FakeOut,PartingShot,DarkestLariat|Impish||F|||50|]Sneasler||WhiteHerb|Unburden|Protect,FakeOut,CloseCombat,DireClaw|Adamant||M|||50|]Archaludon||Leftovers|Stamina|Protect,ElectroShot,DragonPulse,FlashCannon|Calm||F|||50|]Sinistcha||KasibBerry|Hospitality|Protect,MatchaGotcha,LifeDew,RagePowder|Relaxed|||||50|
|showteam|p2|Sneasler||WhiteHerb|PoisonTouch|DireClaw,CloseCombat,FakeOut,Protect|Adamant||F|||50|]Pidgeot||Pidgeotite|KeenEye|Hurricane,HeatWave,Tailwind,Protect|Timid||F|||50|]Excadrill||FocusSash|SandRush|HighHorsepower,IronHead,RockSlide,Protect|Jolly||M|||50|]Tyranitar||Tyranitarite|SandStream|RockSlide,KnockOff,Protect,IcePunch|Jolly||M|||50|]Gholdengo||ChoiceScarf|GoodasGold|MakeItRain,ShadowBall,PowerGem,Thunderbolt|Modest|||||50|]Milotic||SitrusBerry|Competitive|Scald,IcyWind,Haze,Protect|Calm||M|||50|
|c|☆okmackan|gl
|c|☆lerry27|GLHF
|
|t:|1784898058
|teamsize|p1|4
|teamsize|p2|4
|start
|switch|p1a: Incineroar|Incineroar, L50, F|100/100
|switch|p1b: Archaludon|Archaludon, L50, F|100/100
|switch|p2a: Milotic|Milotic, L50, M, shiny|100/100
|switch|p2b: Gholdengo|Gholdengo, L50|100/100
|-ability|p1a: Incineroar|Intimidate|boost
|-unboost|p2a: Milotic|atk|1
|-ability|p2a: Milotic|Competitive|boost
|-boost|p2a: Milotic|spa|2
|-unboost|p2b: Gholdengo|atk|1
|turn|1
|
|t:|1784898080
|move|p1a: Incineroar|Fake Out|p2a: Milotic
|-damage|p2a: Milotic|89/100
|move|p2b: Gholdengo|Shadow Ball|p1b: Archaludon
|-damage|p1b: Archaludon|59/100
|-ability|p1b: Archaludon|Stamina|boost
|-boost|p1b: Archaludon|def|1
|cant|p2a: Milotic|flinch
|move|p1b: Archaludon|Dragon Pulse|p2b: Gholdengo
|-resisted|p2b: Gholdengo|1
|-damage|p2b: Gholdengo|80/100
|
|-heal|p1b: Archaludon|65/100|[from] item: Leftovers
|upkeep
|turn|2
|
|t:|1784898115
|switch|p1a: Politoed|Politoed, L50, M|100/100
|-weather|RainDance|[from] ability: Drizzle|[of] p1a: Politoed
|move|p2b: Gholdengo|Shadow Ball|p1b: Archaludon
|-damage|p1b: Archaludon|29/100
|-unboost|p1b: Archaludon|spd|1
|-ability|p1b: Archaludon|Stamina|boost
|-boost|p1b: Archaludon|def|1
|move|p2a: Milotic|Scald|p1a: Politoed
|-resisted|p1a: Politoed|1
|-damage|p1a: Politoed|61/100
|move|p1b: Archaludon|Electro Shot||[still]
|-prepare|p1b: Archaludon|Electro Shot
|-boost|p1b: Archaludon|spa|1
|-anim|p1b: Archaludon|Electro Shot|p2a: Milotic
|-supereffective|p2a: Milotic|1
|-damage|p2a: Milotic|12/100
|-enditem|p2a: Milotic|Sitrus Berry|[eat]
|-heal|p2a: Milotic|37/100|[from] item: Sitrus Berry
|
|-weather|RainDance|[upkeep]
|-heal|p1b: Archaludon|35/100|[from] item: Leftovers
|upkeep
|turn|3
|
|t:|1784898157
|switch|p1a: Sinistcha|Sinistcha, L50|100/100
|-heal|p1b: Archaludon|60/100|[from] ability: Hospitality|[of] p1a: Sinistcha
|move|p2b: Gholdengo|Shadow Ball|p1b: Archaludon
|-damage|p1b: Archaludon|0 fnt
|faint|p1b: Archaludon
|move|p2a: Milotic|Haze|p2a: Milotic
|-clearallboost
|
|-weather|RainDance|[upkeep]
|upkeep
|
|t:|1784898168
|switch|p1b: Politoed|Politoed, L50, M|61/100
|turn|4
|
|t:|1784898176
|switch|p2a: Tyranitar|Tyranitar, L50, M, shiny|100/100
|-weather|Sandstorm|[from] ability: Sand Stream|[of] p2a: Tyranitar
|move|p2b: Gholdengo|Shadow Ball|p1a: Sinistcha
|-supereffective|p1a: Sinistcha|1
|-enditem|p1a: Sinistcha|Kasib Berry|[eat]
|-enditem|p1a: Sinistcha|Kasib Berry|[weaken]
|-damage|p1a: Sinistcha|57/100
|-unboost|p1a: Sinistcha|spd|1
|move|p1b: Politoed|Weather Ball|p2b: Gholdengo
|-resisted|p2b: Gholdengo|1
|-damage|p2b: Gholdengo|68/100
|move|p1a: Sinistcha|Matcha Gotcha|p2a: Tyranitar|[spread] p2b
|-miss|p1a: Sinistcha|p2a: Tyranitar
|-resisted|p2b: Gholdengo|1
|-damage|p2b: Gholdengo|54/100
|-heal|p1a: Sinistcha|64/100|[from] drain|[of] p2b: Gholdengo
|
|-weather|Sandstorm|[upkeep]
|-damage|p1b: Politoed|55/100|[from] Sandstorm
|-damage|p1a: Sinistcha|57/100|[from] Sandstorm
|upkeep
|turn|5
|
|t:|1784898202
|switch|p2a: Milotic|Milotic, L50, M, shiny|37/100
|switch|p1b: Incineroar|Incineroar, L50, F|100/100
|-ability|p1b: Incineroar|Intimidate|boost
|-unboost|p2a: Milotic|atk|1
|-ability|p2a: Milotic|Competitive|boost
|-boost|p2a: Milotic|spa|2
|-unboost|p2b: Gholdengo|atk|1
|move|p1a: Sinistcha|Rage Powder|p1a: Sinistcha
|-singleturn|p1a: Sinistcha|move: Rage Powder
|move|p2b: Gholdengo|Shadow Ball|p1a: Sinistcha
|-supereffective|p1a: Sinistcha|1
|-damage|p1a: Sinistcha|0 fnt
|faint|p1a: Sinistcha
|
|-weather|Sandstorm|[upkeep]
|-damage|p2a: Milotic|31/100|[from] Sandstorm
|-damage|p1b: Incineroar|94/100|[from] Sandstorm
|upkeep
|
|t:|1784898214
|switch|p1a: Politoed|Politoed, L50, M|55/100
|-weather|RainDance|[from] ability: Drizzle|[of] p1a: Politoed
|turn|6
|-message|okmackan forfeited.
|
|win|lerry27
|l|☆okmackan
|player|p1|
||okmackan is ready for game 2.
||lerry27 is ready for game 2.
|uhtml|next|Next: Game 2 of 3
