|j|☆DanielSantosgg
|j|☆axcoquette
|html|DanielSantosggaxcoquette    
|uhtml|bestof|Game 1 of a best-of-3
|t:|1783476408
|gametype|doubles
|player|p1|DanielSantosgg|skier|1041
|player|p2|axcoquette|maid|1188
|gen|9
|tier|[Gen 9 Champions] VGC 2026 Reg M-B (Bo3)
|rated|
|rule|Species Clause: Limit one of each Pokémon
|rule|Item Clause: Limit 1 of each item
|clearpoke
|poke|p1|Sylveon, L50, M, shiny|
|poke|p1|Incineroar, L50, M, shiny|
|poke|p1|Aerodactyl, L50, F|
|poke|p1|Charizard, L50, M, shiny|
|poke|p1|Metagross, L50, shiny|
|poke|p1|Garchomp, L50, M|
|poke|p2|Delphox, L50, M|
|poke|p2|Sneasler, L50, M|
|poke|p2|Sinistcha, L50|
|poke|p2|Incineroar, L50, F|
|poke|p2|Kingambit, L50, F|
|poke|p2|Floette-Eternal, L50, F|
|teampreview|4
|showteam|p1|Sylveon||FairyFeather|Pixilate|HyperBeam,Detect,HyperVoice,QuickAttack|Modest||M|||50|]Incineroar||SitrusBerry|Intimidate|FlareBlitz,DarkestLariat,FakeOut,PartingShot|Careful||M|||50|]Aerodactyl||FocusSash|Unnerve|Protect,Tailwind,RockSlide,DualWingbeat|Jolly||F|||50|]Charizard||CharizarditeY|Blaze|SolarBeam,HeatWave,Protect,WeatherBall|Modest||M|||50|]Metagross||Metagrossite|ClearBody|BulletPunch,BodyPress,PsychicFangs,Protect|Adamant|||||50|]Garchomp||LifeOrb|RoughSkin|DragonClaw,Earthquake,Protect,RockSlide|Jolly||M|||50|
|showteam|p2|Delphox||Delphoxite|Blaze|Protect,NastyPlot,HeatWave,Psychic|Timid||M|||50|]Sneasler||FocusSash|Unburden|Protect,FakeOut,DireClaw,CloseCombat|Jolly||M|||50|]Sinistcha||KasibBerry|Hospitality|Protect,RagePowder,MatchaGotcha,LifeDew|Bold|||||50|]Incineroar||SitrusBerry|Intimidate|FakeOut,FlareBlitz,HelpingHand,PartingShot|Careful||F|||50|]Kingambit||BlackGlasses|Defiant|KowtowCleave,SwordsDance,SuckerPunch,Protect|Adamant||F|||50|]Floette-Eternal||Floettite|FlowerVeil|Moonblast,DazzlingGleam,CalmMind,Protect|Modest||F|||50|
|inactive|Battle timer is ON: inactive players will automatically lose when time's up. (requested by axcoquette)
|inactive|DanielSantosgg has 60 seconds left.
|inactive|axcoquette has 60 seconds left.
|j| RicardoVgc5
|
|t:|1783476458
|teamsize|p1|4
|teamsize|p2|4
|start
|switch|p1a: Metagross|Metagross, L50, shiny|100/100
|switch|p1b: Aerodactyl|Aerodactyl, L50, F|100/100
|switch|p2a: Delphox|Delphox, L50, M|100/100
|switch|p2b: Incineroar|Incineroar, L50, F|100/100
|-ability|p1b: Aerodactyl|Unnerve
|-ability|p2b: Incineroar|Intimidate|boost
|-fail|p1a: Metagross|unboost|[from] ability: Clear Body|[of] p1a: Metagross
|-unboost|p1b: Aerodactyl|atk|1
|turn|1
|inactive|DanielSantosgg has 30 seconds left.
|
|t:|1783476487
|detailschange|p2a: Delphox|Delphox-Mega, L50, M
|-mega|p2a: Delphox|Delphox|Delphoxite
|detailschange|p1a: Metagross|Metagross-Mega, L50, shiny
|-mega|p1a: Metagross|Metagross|Metagrossite
|move|p2b: Incineroar|Fake Out|p1a: Metagross
|-resisted|p1a: Metagross|1
|-damage|p1a: Metagross|96/100
|move|p2a: Delphox|Nasty Plot|p2a: Delphox
|-boost|p2a: Delphox|spa|2
|move|p1b: Aerodactyl|Rock Slide|p2a: Delphox|[spread] p2a,p2b
|-supereffective|p2a: Delphox|1
|-supereffective|p2b: Incineroar|1
|-damage|p2a: Delphox|53/100
|-damage|p2b: Incineroar|72/100
|cant|p1a: Metagross|flinch
|
|upkeep
|turn|2
|l| RicardoVgc5
|inactive|DanielSantosgg has 30 seconds left.
|
|t:|1783476513
|switch|p1b: Incineroar|Incineroar, L50, M, shiny|100/100
|-ability|p1b: Incineroar|Intimidate|boost
|-unboost|p2a: Delphox|atk|1
|-unboost|p2b: Incineroar|atk|1
|switch|p2b: Sinistcha|Sinistcha, L50|100/100
|-heal|p2a: Delphox|78/100|[from] ability: Hospitality|[of] p2b: Sinistcha
|move|p2a: Delphox|Protect|p2a: Delphox
|-singleturn|p2a: Delphox|Protect
|move|p1a: Metagross|Protect||[still]
|-fail|p1a: Metagross
|
|upkeep
|turn|3
|inactive|DanielSantosgg has 30 seconds left.
|
|t:|1783476539
|move|p1a: Metagross|Protect|p1a: Metagross
|-singleturn|p1a: Metagross|Protect
|move|p2b: Sinistcha|Rage Powder|p2b: Sinistcha
|-singleturn|p2b: Sinistcha|move: Rage Powder
|move|p2a: Delphox|Heat Wave|p1a: Metagross|[spread] p1b
|-activate|p1a: Metagross|move: Protect
|-resisted|p1b: Incineroar|1
|-damage|p1b: Incineroar|68/100
|move|p1b: Incineroar|Darkest Lariat|p2b: Sinistcha
|-supereffective|p2b: Sinistcha|1
|-damage|p2b: Sinistcha|42/100
|
|upkeep
|turn|4
|
|t:|1783476557
|switch|p1a: Aerodactyl|Aerodactyl, L50, F|100/100
|-ability|p1a: Aerodactyl|Unnerve
|switch|p2b: Incineroar|Incineroar, L50, F|72/100
|-ability|p2b: Incineroar|Intimidate|boost
|-unboost|p1a: Aerodactyl|atk|1
|-unboost|p1b: Incineroar|atk|1
|move|p2a: Delphox|Heat Wave|p1b: Incineroar|[spread] p1a,p1b
|-resisted|p1a: Aerodactyl|1
|-resisted|p1b: Incineroar|1
|-damage|p1a: Aerodactyl|38/100
|-damage|p1b: Incineroar|39/100
|-enditem|p1b: Incineroar|Sitrus Berry|[eat]
|-heal|p1b: Incineroar|63/100|[from] item: Sitrus Berry
|move|p1b: Incineroar|Darkest Lariat|p2a: Delphox
|-supereffective|p2a: Delphox|1
|-damage|p2a: Delphox|18/100
|
|upkeep
|turn|5
|inactive|axcoquette has 30 seconds left.
|
|t:|1783476588
|move|p2a: Delphox|Protect|p2a: Delphox
|-singleturn|p2a: Delphox|Protect
|move|p1a: Aerodactyl|Protect|p1a: Aerodactyl
|-singleturn|p1a: Aerodactyl|Protect
|move|p1b: Incineroar|Darkest Lariat|p2a: Delphox
|-activate|p2a: Delphox|move: Protect
|move|p2b: Incineroar|Parting Shot|p1a: Aerodactyl
|-activate|p1a: Aerodactyl|move: Protect
|
|upkeep
|turn|6
|
|t:|1783476602
|switch|p2a: Sinistcha|Sinistcha, L50|42/100
|-heal|p2b: Incineroar|97/100|[from] ability: Hospitality|[of] p2a: Sinistcha
|switch|p1a: ?|Sylveon, L50, M, shiny|100/100
|move|p1b: Incineroar|Darkest Lariat|p2a: Sinistcha
|-supereffective|p2a: Sinistcha|1
|-damage|p2a: Sinistcha|11/100
|move|p2b: Incineroar|Flare Blitz|p1a: ?
|-damage|p1a: ?|51/100
|-damage|p2b: Incineroar|82/100|[from] Recoil
|
|upkeep
|turn|7
|inactive|axcoquette has 30 seconds left.
|inactive|DanielSantosgg has 30 seconds left.
|inactive|axcoquette has 20 seconds left.
|
|t:|1783476640
|move|p2a: Sinistcha|Protect|p2a: Sinistcha
|-singleturn|p2a: Sinistcha|Protect
|move|p1a: ?|Hyper Beam|p2b: Incineroar
|-damage|p2b: Incineroar|1/100
|-mustrecharge|p1a: ?
|-enditem|p2b: Incineroar|Sitrus Berry|[eat]
|-heal|p2b: Incineroar|25/100|[from] item: Sitrus Berry
|move|p1b: Incineroar|Flare Blitz|p2a: Sinistcha
|-activate|p2a: Sinistcha|move: Protect
|move|p2b: Incineroar|Parting Shot|p1a: ?
|-unboost|p1a: ?|atk|1
|-unboost|p1a: ?|spa|1
|
|t:|1783476656
|switch|p2b: Sneasler|Sneasler, L50, M|100/100|[from] Parting Shot
|
|upkeep
|turn|8
|
|t:|1783476668
|move|p2b: Sneasler|Close Combat|p1b: Incineroar
|-supereffective|p1b: Incineroar|1
|-damage|p1b: Incineroar|0 fnt
|-unboost|p2b: Sneasler|def|1
|-unboost|p2b: Sneasler|spd|1
|faint|p1b: Incineroar
|move|p2a: Sinistcha|Life Dew||[still]|[spread] p2a,p2b
|-heal|p2a: Sinistcha|36/100
|-fail|p2b: Sneasler|heal
|cant|p1a: ?|recharge
|
|upkeep
|
|t:|1783476681
|switch|p1b: Metagross|Metagross-Mega, L50, shiny|96/100
|turn|9
|
|t:|1783476700
|switch|p1a: Aerodactyl|Aerodactyl, L50, F|38/100
|-ability|p1a: Aerodactyl|Unnerve
|switch|p2a: Incineroar|Incineroar, L50, F|25/100
|-ability|p2a: Incineroar|Intimidate|boost
|-unboost|p1a: Aerodactyl|atk|1
|-unboost|p1b: Metagross|atk|1
|move|p2b: Sneasler|Protect|p2b: Sneasler
|-singleturn|p2b: Sneasler|Protect
|move|p1b: Metagross|Psychic Fangs|p2b: Sneasler
|-activate|p2b: Sneasler|move: Protect
|
|upkeep
|turn|10
|inactive|axcoquette has 30 seconds left.
|
|t:|1783476728
|switch|p2b: Sinistcha|Sinistcha, L50|36/100
|-heal|p2a: Incineroar|50/100g|[from] ability: Hospitality|[of] p2b: Sinistcha
|move|p2a: Incineroar|Fake Out|p1a: Aerodactyl
|-resisted|p1a: Aerodactyl|1
|-damage|p1a: Aerodactyl|31/100
|cant|p1a: Aerodactyl|flinch
|move|p1b: Metagross|Psychic Fangs|p2b: Sinistcha
|-crit|p2b: Sinistcha
|-damage|p2b: Sinistcha|0 fnt
|faint|p2b: Sinistcha
|
|upkeep
|
|t:|1783476741
|switch|p2b: Sneasler|Sneasler, L50, M|100/100
|turn|11
|
|t:|1783476752
|move|p1a: Aerodactyl|Protect|p1a: Aerodactyl
|-singleturn|p1a: Aerodactyl|Protect
|move|p2b: Sneasler|Protect|p2b: Sneasler
|-singleturn|p2b: Sneasler|Protect
|move|p1b: Metagross|Body Press|p2a: Incineroar
|-supereffective|p2a: Incineroar|1
|-damage|p2a: Incineroar|0 fnt
|faint|p2a: Incineroar
|
|upkeep
|
|t:|1783476759
|switch|p2a: Delphox|Delphox-Mega, L50, M|18/100
|turn|12
|
|t:|1783476773
|switch|p1a: ?|Sylveon, L50, M, shiny|51/100
|move|p1b: Metagross|Protect|p1b: Metagross
|-singleturn|p1b: Metagross|Protect
|move|p2a: Delphox|Heat Wave|p1a: ?|[spread] p1a
|-activate|p1b: Metagross|move: Protect
|-damage|p1a: ?|20/100y
|move|p2b: Sneasler|Close Combat|p1a: ?
|-resisted|p1a: ?|1
|-damage|p1a: ?|0 fnt
|-unboost|p2b: Sneasler|def|1
|-unboost|p2b: Sneasler|spd|1
|faint|p1a: ?
|
|upkeep
|
|t:|1783476790
|switch|p1a: Aerodactyl|Aerodactyl, L50, F|31/100
|-ability|p1a: Aerodactyl|Unnerve
|turn|13
|
|t:|1783476810
|move|p1a: Aerodactyl|Protect|p1a: Aerodactyl
|-singleturn|p1a: Aerodactyl|Protect
|move|p1b: Metagross|Bullet Punch|p2a: Delphox
|-resisted|p2a: Delphox|1
|-damage|p2a: Delphox|4/100
|move|p2a: Delphox|Psychic|p1a: Aerodactyl
|-activate|p1a: Aerodactyl|move: Protect
|move|p2b: Sneasler|Close Combat|p1b: Metagross
|-damage|p1b: Metagross|46/100
|-unboost|p2b: Sneasler|def|1
|-unboost|p2b: Sneasler|spd|1
|
|upkeep
|turn|14
|inactive|DanielSantosgg has 30 seconds left.
|inactive|axcoquette has 30 seconds left.
|inactive|DanielSantosgg has 20 seconds left.
|inactive|DanielSantosgg has 15 seconds left.
|inactive|DanielSantosgg has 10 seconds left.
|
|t:|1783476858
|move|p1b: Metagross|Bullet Punch|p2a: Delphox
|-resisted|p2a: Delphox|1
|-crit|p2a: Delphox
|-damage|p2a: Delphox|0 fnt
|faint|p2a: Delphox
|move|p1a: Aerodactyl|Tailwind|p1a: Aerodactyl
|-sidestart|p1: DanielSantosgg|move: Tailwind
|move|p2b: Sneasler|Close Combat|p1a: Aerodactyl
|-damage|p1a: Aerodactyl|0 fnt
|-unboost|p2b: Sneasler|def|1
|-unboost|p2b: Sneasler|spd|1
|faint|p1a: Aerodactyl
|
|upkeep
|turn|15
|
|t:|1783476872
|move|p1b: Metagross|Psychic Fangs|p2b: Sneasler
|-supereffective|p2b: Sneasler|2
|-enditem|p2b: Sneasler|Focus Sash
|-damage|p2b: Sneasler|1/100
|move|p2b: Sneasler|Close Combat|p1b: Metagross
|-damage|p1b: Metagross|0 fnt
|-unboost|p2b: Sneasler|def|1
|-unboost|p2b: Sneasler|spd|1
|faint|p1b: Metagross
|
|win|axcoquette
