|j|☆James Ferraro
|j|☆quatrokilla
|html|James Ferraroquatrokilla    
|uhtml|bestof|Game 3 of a best-of-3
|t:|1782216914
|gametype|doubles
|player|p1|James Ferraro|veteranf|1188
|player|p2|quatrokilla|2|1134
|gen|9
|tier|[Gen 9 Champions] VGC 2026 Reg M-B (Bo3)
|rated|
|rule|Species Clause: Limit one of each Pokémon
|rule|Item Clause: Limit 1 of each item
|clearpoke
|poke|p1|Basculegion, L50, M|
|poke|p1|Kingambit, L50, F|
|poke|p1|Sneasler, L50, M|
|poke|p1|Incineroar, L50, M|
|poke|p1|Sinistcha, L50|
|poke|p1|Floette-Eternal, L50, F|
|poke|p2|Toxapex, L50, M|
|poke|p2|Sinistcha, L50|
|poke|p2|Basculegion, L50, M|
|poke|p2|Mawile, L50, M|
|poke|p2|Torkoal, L50, M|
|poke|p2|Farigiraf, L50, M|
|teampreview|4
|showteam|p1|Basculegion||ChoiceScarf|Adaptability|LastRespects,WaveCrash,FlipTurn,AquaJet|Adamant||M|||50|]Kingambit||BlackGlasses|Defiant|KowtowCleave,SuckerPunch,SwordsDance,Protect|Adamant||F|||50|]Sneasler||FocusSash|PoisonTouch|CloseCombat,DireClaw,FakeOut,Protect|Jolly||M|||50|]Incineroar||SitrusBerry|Intimidate|FlareBlitz,ThroatChop,FakeOut,PartingShot|Impish||M|||50|]Sinistcha||KasibBerry|Hospitality|MatchaGotcha,LifeDew,RagePowder,Protect|Relaxed|||||50|]Floette-Eternal||Floettite|FlowerVeil|DazzlingGleam,DrainingKiss,CalmMind,Protect|Timid||F|||50|
|showteam|p2|Toxapex||Leftovers|Regenerator|BanefulBunker,Toxic,Infestation,WideGuard|Bold||M|||50|]Sinistcha||KasibBerry|Hospitality|MatchaGotcha,Protect,RagePowder,TrickRoom|Relaxed|||||50|]Basculegion||ChoiceScarf|Adaptability|WaveCrash,FlipTurn,LastRespects,AquaJet|Jolly||M|||50|]Mawile||Mawilite|Intimidate|PlayRough,SuckerPunch,Protect,SwordsDance|Adamant||M|||50|]Torkoal||Charcoal|Drought|Eruption,EarthPower,Protect,WeatherBall|Modest||M|||50|]Farigiraf||SitrusBerry|ArmorTail|TrickRoom,HelpingHand,Thunderbolt,TwinBeam|Bold||M|||50|
|inactive|Battle timer is ON: inactive players will automatically lose when time's up. (requested by James Ferraro)
|
|t:|1782216933
|teamsize|p1|4
|teamsize|p2|4
|start
|switch|p1a: Basculegion|Basculegion, L50, M|100/100
|switch|p1b: Kingambit|Kingambit, L50, F|100/100
|switch|p2a: Torkoal|Torkoal, L50, M|100/100
|switch|p2b: Sinistcha|Sinistcha, L50|100/100
|-weather|SunnyDay|[from] ability: Drought|[of] p2a: Torkoal
|turn|1
|
|t:|1782216952
|move|p1b: Kingambit|Protect|p1b: Kingambit
|-singleturn|p1b: Kingambit|Protect
|move|p2a: Torkoal|Protect|p2a: Torkoal
|-singleturn|p2a: Torkoal|Protect
|move|p1a: Basculegion|Flip Turn|p2a: Torkoal
|-activate|p2a: Torkoal|move: Protect
|move|p2b: Sinistcha|Trick Room|p2b: Sinistcha
|-fieldstart|move: Trick Room|[of] p2b: Sinistcha
|
|-weather|SunnyDay|[upkeep]
|upkeep
|turn|2
|
|t:|1782216964
|switch|p1b: Incineroar|Incineroar, L50, M|100/100
|-ability|p1b: Incineroar|Intimidate|boost
|-unboost|p2a: Torkoal|atk|1
|-unboost|p2b: Sinistcha|atk|1
|move|p2a: Torkoal|Eruption|p1a: Basculegion|[spread] p1a,p1b
|-resisted|p1a: Basculegion|1
|-resisted|p1b: Incineroar|1
|-damage|p1a: Basculegion|48/100
|-damage|p1b: Incineroar|59/100
|move|p2b: Sinistcha|Matcha Gotcha|p1a: Basculegion|[spread] p1a,p1b
|-supereffective|p1a: Basculegion|1
|-resisted|p1b: Incineroar|1
|-damage|p1a: Basculegion|0 fnt
|-damage|p1b: Incineroar|49/100
|-enditem|p1b: Incineroar|Sitrus Berry|[eat]
|-heal|p1b: Incineroar|74/100|[from] item: Sitrus Berry
|faint|p1a: Basculegion
|
|-weather|SunnyDay|[upkeep]
|upkeep
|
|t:|1782216976
|switch|p1a: Floette|Floette-Eternal, L50, F|100/100
|turn|3
|
|t:|1782216986
|detailschange|p1a: Floette|Floette-Mega, L50, F
|-mega|p1a: Floette|Floette|Floettite
|-ability|p1a: Floette|Fairy Aura
|move|p2a: Torkoal|Eruption|p1a: Floette|[spread] p1a,p1b
|-resisted|p1b: Incineroar|1
|-damage|p1a: Floette|25/100
|-damage|p1b: Incineroar|32/100
|move|p2b: Sinistcha|Matcha Gotcha|p1a: Floette|[spread] p1a
|-miss|p2b: Sinistcha|p1b: Incineroar
|-damage|p1a: Floette|5/100
|move|p1b: Incineroar|Flare Blitz|p2a: Torkoal
|-resisted|p2a: Torkoal|1
|-crit|p2a: Torkoal
|-damage|p2a: Torkoal|63/100
|-damage|p1b: Incineroar|21/100|[from] Recoil
|move|p1a: Floette|Dazzling Gleam|p2a: Torkoal|[spread] p2a,p2b
|-resisted|p2a: Torkoal|1
|-damage|p2a: Torkoal|38/100
|-damage|p2b: Sinistcha|49/100
|
|-weather|SunnyDay|[upkeep]
|upkeep
|turn|4
|
|t:|1782217007
|move|p1a: Floette|Protect|p1a: Floette
|-singleturn|p1a: Floette|Protect
|move|p2a: Torkoal|Eruption|p1a: Floette|[spread] p1b
|-activate|p1a: Floette|move: Protect
|-resisted|p1b: Incineroar|1
|-damage|p1b: Incineroar|5/100
|move|p2b: Sinistcha|Matcha Gotcha|p1b: Incineroar|[spread] p1b
|-activate|p1a: Floette|move: Protect
|-resisted|p1b: Incineroar|1
|-damage|p1b: Incineroar|0 fnt
|-heal|p2b: Sinistcha|52/100|[from] drain|[of] p1b: Incineroar
|faint|p1b: Incineroar
|
|-weather|SunnyDay|[upkeep]
|upkeep
|
|t:|1782217011
|switch|p1b: Kingambit|Kingambit, L50, F|100/100
|turn|5
|
|t:|1782217018
|move|p1a: Floette|Protect|p1a: Floette
|-singleturn|p1a: Floette|Protect
|move|p1b: Kingambit|Sucker Punch|p2a: Torkoal
|-damage|p2a: Torkoal|0 fnt
|faint|p2a: Torkoal
|move|p2b: Sinistcha|Matcha Gotcha|p1a: Floette|[spread] p1b
|-activate|p1a: Floette|move: Protect
|-resisted|p1b: Kingambit|1
|-damage|p1b: Kingambit|86/100
|-heal|p2b: Sinistcha|60/100|[from] drain|[of] p1b: Kingambit
|
|-weather|none
|-fieldend|move: Trick Room
|upkeep
|
|t:|1782217021
|switch|p2a: Mawile|Mawile, L50, M|100/100
|-ability|p2a: Mawile|Intimidate|boost
|-unboost|p1a: Floette|atk|1
|-unboost|p1b: Kingambit|atk|1
|-ability|p1b: Kingambit|Defiant|boost
|-boost|p1b: Kingambit|atk|2
|turn|6
|
|t:|1782217037
|detailschange|p2a: Mawile|Mawile-Mega, L50, M
|-mega|p2a: Mawile|Mawile|Mawilite
|move|p2a: Mawile|Sucker Punch||[still]
|-fail|p2a: Mawile
|move|p1a: Floette|Calm Mind|p1a: Floette
|-boost|p1a: Floette|spa|1
|-boost|p1a: Floette|spd|1
|move|p2b: Sinistcha|Matcha Gotcha|p1b: Kingambit|[spread] p1a,p1b
|-resisted|p1b: Kingambit|1
|-damage|p1a: Floette|0 fnt
|-heal|p2b: Sinistcha|63/100|[from] drain|[of] p1a: Floette
|-damage|p1b: Kingambit|74/100
|-heal|p2b: Sinistcha|70/100|[from] drain|[of] p1b: Kingambit
|-status|p1b: Kingambit|brn
|faint|p1a: Floette
|move|p1b: Kingambit|Kowtow Cleave|p2b: Sinistcha
|-supereffective|p2b: Sinistcha|1
|-damage|p2b: Sinistcha|12/100
|
|-damage|p1b: Kingambit|68/100 brn|[from] brn
|upkeep
|turn|7
|
|t:|1782217047
|move|p2b: Sinistcha|Rage Powder|p2b: Sinistcha
|-singleturn|p2b: Sinistcha|move: Rage Powder
|move|p2a: Mawile|Swords Dance|p2a: Mawile
|-boost|p2a: Mawile|atk|2
|move|p1b: Kingambit|Kowtow Cleave|p2b: Sinistcha
|-supereffective|p2b: Sinistcha|1
|-damage|p2b: Sinistcha|0 fnt
|faint|p2b: Sinistcha
|
|-damage|p1b: Kingambit|62/100 brn|[from] brn
|upkeep
|
|t:|1782217050
|switch|p2b: Toxapex|Toxapex, L50, M|100/100
|turn|8
|-message|James Ferraro forfeited.
|
|win|quatrokilla
|raw|James Ferraro's rating: 1188 → 1159(-29 for losing)
|raw|quatrokilla's rating: 1134 → 1163(+29 for winning)
