|j|☆ChuggleAschenazita
|j|☆Octorock
|html|ChuggleAschenazitaOctorock    
|uhtml|bestof|Game 1 of a best-of-3
|t:|1757777301
|gametype|doubles
|player|p1|ChuggleAschenazita|101|1233
|player|p2|Octorock|sailor|1214
|gen|9
|tier|[Gen 9] VGC 2025 Reg H (Bo3)
|rated|
|rule|Species Clause: Limit one of each Pokémon
|rule|Item Clause: Limit 1 of each item
|clearpoke
|poke|p1|Incineroar, L50, M|
|poke|p1|Amoonguss, L50, M|
|poke|p1|Gholdengo, L50|
|poke|p1|Ursaluna, L50, M|
|poke|p1|Porygon2, L50|
|poke|p1|Mandibuzz, L50, F|
|poke|p2|Maushold, L50|
|poke|p2|Ursaluna-Bloodmoon, L50, M|
|poke|p2|Sinistcha, L50|
|poke|p2|Incineroar, L50, M|
|poke|p2|Rillaboom, L50, F|
|poke|p2|Dragonite, L50, M|
|teampreview|4
|showteam|p1|Incineroar||SafetyGoggles|Intimidate|FlareBlitz,KnockOff,PartingShot,FakeOut|||M|||50|,,,,,Grass]Amoonguss||RockyHelmet|Regenerator|PollenPuff,ClearSmog,Spore,RagePowder|||M|||50|,,,,,Psychic]Gholdengo||LifeOrb|GoodasGold|MakeItRain,ShadowBall,NastyPlot,Protect||||||50|,,,,,Water]Ursaluna||FlameOrb|Guts|Facade,HeadlongRush,Earthquake,Protect|||M|||50|,,,,,Ghost]Porygon2||Eviolite|Download|TeraBlast,IceBeam,Recover,TrickRoom||||||50|,,,,,Fighting]Mandibuzz||CovertCloak|Overcoat|BraveBird,Snarl,Tailwind,Taunt|||F|||50|,,,,,Flying
|showteam|p2|Maushold||FocusSash|FriendGuard|SuperFang,FollowMe,Taunt,ThunderWave||||||50|,,,,,Ghost]Ursaluna-Bloodmoon||Leftovers|MindsEye|BloodMoon,EarthPower,CalmMind,Protect|||M|||50|,,,,,Electric]Sinistcha||SitrusBerry|Hospitality|MatchaGotcha,StrengthSap,TrickRoom,RagePowder||||||50|,,,,,Water]Incineroar||SafetyGoggles|Intimidate|FakeOut,FlareBlitz,PartingShot,KnockOff|||M|||50|,,,,,Water]Rillaboom||AssaultVest|GrassySurge|FakeOut,WoodHammer,GrassyGlide,HighHorsepower|||F|||50|,,,,,Fire]Dragonite||LoadedDice|Multiscale|ScaleShot,SunnyDay,Haze,Protect|||M|||50|,,,,,Fairy
|
|t:|1757777334
|teamsize|p1|4
|teamsize|p2|4
|start
|switch|p1a: Cane Mangia Cane|Incineroar, L50, M|100/100
|switch|p1b: Netturbino|Porygon2, L50|100/100
|switch|p2a: Incineroar|Incineroar, L50, M|100/100
|switch|p2b: Rillaboom|Rillaboom, L50, F|100/100
|-fieldstart|move: Grassy Terrain|[from] ability: Grassy Surge|[of] p2b: Rillaboom
|-ability|p1a: Cane Mangia Cane|Intimidate|boost
|-unboost|p2a: Incineroar|atk|1
|-unboost|p2b: Rillaboom|atk|1
|-ability|p2a: Incineroar|Intimidate|boost
|-unboost|p1a: Cane Mangia Cane|atk|1
|-unboost|p1b: Netturbino|atk|1
|-ability|p1b: Netturbino|Download|boost
|-boost|p1b: Netturbino|atk|1
|turn|1
|
|t:|1757777349
|move|p2b: Rillaboom|Fake Out|p1a: Cane Mangia Cane
|-damage|p1a: Cane Mangia Cane|92/100
|cant|p1a: Cane Mangia Cane|flinch
|move|p2a: Incineroar|Parting Shot|p1b: Netturbino
|-unboost|p1b: Netturbino|atk|1
|-unboost|p1b: Netturbino|spa|1
|
|t:|1757777357
|switch|p2a: Ursaluna|Ursaluna-Bloodmoon, L50, M|100/100|[from] Parting Shot
|move|p1b: Netturbino|Trick Room|p1b: Netturbino
|-fieldstart|move: Trick Room|[of] p1b: Netturbino
|
|-heal|p1a: Cane Mangia Cane|98/100|[from] Grassy Terrain
|upkeep
|turn|2
|
|t:|1757777411
|switch|p2b: Sinistcha|Sinistcha, L50|100/100
|-terastallize|p1b: Netturbino|Fighting
|move|p2a: Ursaluna|Calm Mind|p2a: Ursaluna
|-boost|p2a: Ursaluna|spa|1
|-boost|p2a: Ursaluna|spd|1
|move|p1b: Netturbino|Tera Blast|p2a: Ursaluna|[anim] Tera Blast Fighting
|-supereffective|p2a: Ursaluna
|-damage|p2a: Ursaluna|68/100
|move|p1a: Cane Mangia Cane|Flare Blitz|p2b: Sinistcha
|-supereffective|p2b: Sinistcha
|-damage|p2b: Sinistcha|39/100
|-enditem|p2b: Sinistcha|Sitrus Berry|[eat]
|-heal|p2b: Sinistcha|64/100|[from] item: Sitrus Berry
|-damage|p1a: Cane Mangia Cane|80/100|[from] Recoil
|
|-heal|p2a: Ursaluna|74/100|[from] Grassy Terrain
|-heal|p2a: Ursaluna|79/100|[from] item: Leftovers
|-heal|p2b: Sinistcha|70/100|[from] Grassy Terrain
|-heal|p1a: Cane Mangia Cane|86/100|[from] Grassy Terrain
|upkeep
|turn|3
|
|t:|1757777443
|move|p2a: Ursaluna|Earth Power|p1a: Cane Mangia Cane
|-supereffective|p1a: Cane Mangia Cane
|-damage|p1a: Cane Mangia Cane|0 fnt
|faint|p1a: Cane Mangia Cane
|move|p1b: Netturbino|Ice Beam|p2b: Sinistcha
|-supereffective|p2b: Sinistcha
|-damage|p2b: Sinistcha|35/100
|move|p2b: Sinistcha|Strength Sap|p1b: Netturbino
|-unboost|p1b: Netturbino|atk|1
|-heal|p2b: Sinistcha|69/100
|
|-heal|p2a: Ursaluna|85/100|[from] Grassy Terrain
|-heal|p2a: Ursaluna|91/100|[from] item: Leftovers
|-heal|p2b: Sinistcha|75/100|[from] Grassy Terrain
|upkeep
|inactive|Battle timer is ON: inactive players will automatically lose when time's up. (requested by Octorock)
|
|t:|1757777447
|switch|p1a: Di Notte|Ursaluna, L50, M|100/100
|turn|4
|inactive|Octorock has 30 seconds left.
|
|t:|1757777473
|move|p2a: Ursaluna|Protect|p2a: Ursaluna
|-singleturn|p2a: Ursaluna|Protect
|move|p1a: Di Notte|Protect|p1a: Di Notte
|-singleturn|p1a: Di Notte|Protect
|move|p1b: Netturbino|Ice Beam|p2b: Sinistcha
|-supereffective|p2b: Sinistcha
|-damage|p2b: Sinistcha|37/100
|move|p2b: Sinistcha|Matcha Gotcha|p1a: Di Notte|[spread] p1b
|-activate|p1a: Di Notte|move: Protect
|-damage|p1b: Netturbino|82/100
|-heal|p2b: Sinistcha|47/100|[from] drain|[of] p1b: Netturbino
|
|-heal|p2a: Ursaluna|97/100|[from] Grassy Terrain
|-heal|p2a: Ursaluna|100/100|[from] item: Leftovers
|-heal|p1b: Netturbino|88/100|[from] Grassy Terrain
|-heal|p2b: Sinistcha|53/100|[from] Grassy Terrain
|-status|p1a: Di Notte|brn|[from] item: Flame Orb
|upkeep
|turn|5
|inactive|ChuggleAschenazita has 30 seconds left.
|inactive|Octorock has 30 seconds left.
|
|t:|1757777504
|switch|p1a: Ho Lavorato|Gholdengo, L50|100/100
|switch|p2b: Incineroar|Incineroar, L50, M|100/100
|-ability|p2b: Incineroar|Intimidate|boost
|-unboost|p1a: Ho Lavorato|atk|1
|-unboost|p1b: Netturbino|atk|1
|move|p2a: Ursaluna|Blood Moon|p1a: Ho Lavorato
|-resisted|p1a: Ho Lavorato
|-damage|p1a: Ho Lavorato|47/100
|move|p1b: Netturbino|Ice Beam|p2b: Incineroar
|-resisted|p2b: Incineroar
|-damage|p2b: Incineroar|93/100
|
|-heal|p1b: Netturbino|94/100|[from] Grassy Terrain
|-heal|p2b: Incineroar|99/100|[from] Grassy Terrain
|-heal|p1a: Ho Lavorato|54/100|[from] Grassy Terrain
|-fieldend|move: Trick Room
|-fieldend|move: Grassy Terrain
|upkeep
|turn|6
|inactive|Octorock has 30 seconds left.
|
|t:|1757777536
|move|p1a: Ho Lavorato|Make It Rain|p2b: Incineroar|[spread] p2a,p2b
|-resisted|p2b: Incineroar
|-damage|p2a: Ursaluna|61/100
|-damage|p2b: Incineroar|73/100
|-unboost|p1a: Ho Lavorato|spa|1
|-damage|p1a: Ho Lavorato|44/100|[from] item: Life Orb
|move|p2b: Incineroar|Parting Shot|p1b: Netturbino
|-unboost|p1b: Netturbino|atk|1
|-unboost|p1b: Netturbino|spa|1
|
|t:|1757777545
|switch|p2b: Sinistcha|Sinistcha, L50|53/100|[from] Parting Shot
|-heal|p2a: Ursaluna|86/100|[from] ability: Hospitality|[of] p2b: Sinistcha
|move|p1b: Netturbino|Tera Blast|p2b: Sinistcha|[anim] Tera Blast Fighting
|-immune|p2b: Sinistcha
|move|p2a: Ursaluna|Calm Mind|p2a: Ursaluna
|-boost|p2a: Ursaluna|spa|1
|-boost|p2a: Ursaluna|spd|1
|
|-heal|p2a: Ursaluna|92/100|[from] item: Leftovers
|upkeep
|turn|7
|
|t:|1757777557
|switch|p2b: Rillaboom|Rillaboom, L50, F|100/100
|-fieldstart|move: Grassy Terrain|[from] ability: Grassy Surge|[of] p2b: Rillaboom
|switch|p1b: Di Notte|Ursaluna, L50, M|100/100 brn
|move|p1a: Ho Lavorato|Shadow Ball|p2b: Rillaboom
|-damage|p2b: Rillaboom|79/100
|-unboost|p2b: Rillaboom|spd|1
|-damage|p1a: Ho Lavorato|34/100|[from] item: Life Orb
|move|p2a: Ursaluna|Earth Power|p1a: Ho Lavorato
|-supereffective|p1a: Ho Lavorato
|-damage|p1a: Ho Lavorato|0 fnt
|faint|p1a: Ho Lavorato
|
|-heal|p2b: Rillaboom|85/100|[from] Grassy Terrain
|-heal|p2a: Ursaluna|98/100|[from] Grassy Terrain
|-heal|p2a: Ursaluna|100/100|[from] item: Leftovers
|-damage|p1b: Di Notte|95/100 brn|[from] brn
|upkeep
|
|t:|1757777561
|switch|p1a: Netturbino|Porygon2, L50, tera:Fighting|94/100
|-ability|p1a: Netturbino|Download|boost
|-boost|p1a: Netturbino|atk|1
|turn|8
|
|t:|1757777582
|switch|p2b: Incineroar|Incineroar, L50, M|73/100
|-ability|p2b: Incineroar|Intimidate|boost
|-unboost|p1a: Netturbino|atk|1
|-unboost|p1b: Di Notte|atk|1
|move|p2a: Ursaluna|Protect|p2a: Ursaluna
|-singleturn|p2a: Ursaluna|Protect
|move|p1b: Di Notte|Facade|p2a: Ursaluna
|-activate|p2a: Ursaluna|move: Protect
|move|p1a: Netturbino|Ice Beam|p2b: Incineroar
|-resisted|p2b: Incineroar
|-damage|p2b: Incineroar|62/100
|-status|p2b: Incineroar|frz
|
|-heal|p1b: Di Notte|100/100 brn|[from] Grassy Terrain
|-heal|p2b: Incineroar|68/100 frz|[from] Grassy Terrain
|-heal|p1a: Netturbino|100/100|[from] Grassy Terrain
|-damage|p1b: Di Notte|95/100 brn|[from] brn
|upkeep
|turn|9
|
|t:|1757777602
|move|p1b: Di Notte|Facade|p2a: Ursaluna
|-damage|p2a: Ursaluna|43/100
|-curestatus|p2b: Incineroar|frz|[from] move: Flare Blitz
|move|p2b: Incineroar|Flare Blitz|p1b: Di Notte
|-damage|p1b: Di Notte|56/100 brn
|-damage|p2b: Incineroar|54/100|[from] Recoil
|move|p1a: Netturbino|Tera Blast|p2b: Incineroar|[anim] Tera Blast Fighting
|-supereffective|p2b: Incineroar
|-damage|p2b: Incineroar|0 fnt
|faint|p2b: Incineroar
|move|p2a: Ursaluna|Blood Moon|p1b: Di Notte
|-damage|p1b: Di Notte|0 fnt
|faint|p1b: Di Notte
|
|-heal|p2a: Ursaluna|49/100|[from] Grassy Terrain
|-heal|p2a: Ursaluna|55/100|[from] item: Leftovers
|upkeep
|
|t:|1757777609
|switch|p2b: Sinistcha|Sinistcha, L50|53/100
|-heal|p2a: Ursaluna|79/100|[from] ability: Hospitality|[of] p2b: Sinistcha
|turn|10
|
|t:|1757777615
|move|p2b: Sinistcha|Matcha Gotcha|p1a: Netturbino
|-damage|p1a: Netturbino|75/100
|-heal|p2b: Sinistcha|68/100|[from] drain|[of] p1a: Netturbino
|move|p1a: Netturbino|Ice Beam|p2b: Sinistcha
|-supereffective|p2b: Sinistcha
|-damage|p2b: Sinistcha|16/100
|-status|p2b: Sinistcha|frz
|move|p2a: Ursaluna|Earth Power|p1a: Netturbino
|-damage|p1a: Netturbino|20/100
|-unboost|p1a: Netturbino|spd|1
|
|-heal|p2b: Sinistcha|23/100 frz|[from] Grassy Terrain
|-heal|p1a: Netturbino|26/100|[from] Grassy Terrain
|-heal|p2a: Ursaluna|85/100|[from] Grassy Terrain
|-heal|p2a: Ursaluna|91/100|[from] item: Leftovers
|upkeep
|turn|11
|
|t:|1757777636
|-curestatus|p2b: Sinistcha|frz|[from] move: Matcha Gotcha
|move|p2b: Sinistcha|Matcha Gotcha|p1a: Netturbino
|-damage|p1a: Netturbino|0 fnt
|-heal|p2b: Sinistcha|37/100|[from] drain|[of] p1a: Netturbino
|faint|p1a: Netturbino
|
|win|Octorock
||ChuggleAschenazita is ready for game 2.
||Octorock is ready for game 2.
|uhtml|next|Next: Game 2 of 3
