|j|☆kirbyvgc wow
|j|☆epom158
|html|kirbyvgc wowepom158    
|uhtml|bestof|Game 2 of a best-of-3
|t:|1756344000
|gametype|doubles
|player|p1|kirbyvgc wow|tuberf|1120
|player|p2|epom158|n|1188
|gen|9
|tier|[Gen 9] VGC 2025 Reg H (Bo3)
|rated|
|rule|Species Clause: Limit one of each Pokémon
|rule|Item Clause: Limit 1 of each item
|clearpoke
|poke|p1|Dragonite, L50, M|
|poke|p1|Volcarona, L50, F|
|poke|p1|Sneasler, L50, M|
|poke|p1|Rillaboom, L50, M|
|poke|p1|Electabuzz, L50, M|
|poke|p1|Kingambit, L50, M|
|poke|p2|Sneasler, L50, M|
|poke|p2|Basculegion, L50, M|
|poke|p2|Rillaboom, L50, M|
|poke|p2|Dragonite, L50, F|
|poke|p2|Incineroar, L50, M|
|poke|p2|Ursaluna-Bloodmoon, L50, M|
|teampreview|4
|showteam|p1|Dragonite||LoadedDice|Multiscale|ScaleShot,ExtremeSpeed,Haze,Protect|||M|||50|,,,,,Fairy]Volcarona||CovertCloak|FlameBody|HeatWave,TeraBlast,QuiverDance,Protect|||F|||50|,,,,,Fairy]Sneasler||FocusSash|Unburden|CloseCombat,DireClaw,Coaching,Protect|||M|||50|,,,,,Stellar]Rillaboom||AssaultVest|GrassySurge|WoodHammer,GrassyGlide,HighHorsepower,FakeOut|||M|||50|,,,,,Water]Electabuzz||Eviolite|VitalSpirit|Thunderbolt,FollowMe,Taunt,Protect|||M|||50|,,,,,Ghost]Kingambit||BlackGlasses|Defiant|KowtowCleave,SuckerPunch,SwordsDance,Protect|||M|||50|,,,,,Dark
|showteam|p2|Sneasler||FocusSash|Unburden|CloseCombat,DireClaw,Coaching,Protect|||M|||50|,,,,,Stellar]Basculegion||ChoiceScarf|Adaptability|WaveCrash,LastRespects,TeraBlast,FlipTurn|||M|||50|,,,,,Fighting]Rillaboom||AssaultVest|GrassySurge|WoodHammer,Uturn,FakeOut,GrassyGlide|||M|||50|,,,,,Fire]Dragonite||LoadedDice|Multiscale|ScaleShot,Tailwind,Haze,Protect|||F|||50|,,,,,Steel]Incineroar||SafetyGoggles|Intimidate|FlareBlitz,KnockOff,FakeOut,PartingShot|||M|||50|,,,,,Ghost]Ursaluna-Bloodmoon||LifeOrb|MindsEye|EarthPower,BloodMoon,HyperVoice,Protect|||M|||50|,,,,,Normal
|
|t:|1756344045
|teamsize|p1|4
|teamsize|p2|4
|start
|switch|p1a: Dragonite|Dragonite, L50, M|100/100
|switch|p1b: Rillaboom|Rillaboom, L50, M|100/100
|switch|p2a: Basculegion|Basculegion, L50, M|100/100
|switch|p2b: Dragonite|Dragonite, L50, F|100/100
|-fieldstart|move: Grassy Terrain|[from] ability: Grassy Surge|[of] p1b: Rillaboom
|turn|1
|
|t:|1756344084
|switch|p2a: Incineroar|Incineroar, L50, M|100/100
|-ability|p2a: Incineroar|Intimidate|boost
|-unboost|p1a: Dragonite|atk|1
|-unboost|p1b: Rillaboom|atk|1
|move|p2b: Dragonite|Protect|p2b: Dragonite
|-singleturn|p2b: Dragonite|Protect
|move|p1b: Rillaboom|Grassy Glide|p2a: Incineroar
|-resisted|p2a: Incineroar
|-crit|p2a: Incineroar
|-damage|p2a: Incineroar|75/100
|move|p1a: Dragonite|Scale Shot|p2b: Dragonite
|-activate|p2b: Dragonite|move: Protect
|
|-heal|p2a: Incineroar|81/100|[from] Grassy Terrain
|upkeep
|turn|2
|
|t:|1756344137
|switch|p1b: Electabuzz|Electabuzz, L50, M|100/100
|move|p1a: Dragonite|Protect|p1a: Dragonite
|-singleturn|p1a: Dragonite|Protect
|move|p2a: Incineroar|Fake Out|p1a: Dragonite
|-activate|p1a: Dragonite|move: Protect
|move|p2b: Dragonite|Scale Shot|p1b: Electabuzz
|-damage|p1b: Electabuzz|88/100
|-damage|p1b: Electabuzz|77/100
|-damage|p1b: Electabuzz|64/100
|-damage|p1b: Electabuzz|53/100
|-hitcount|p1b: Electabuzz|4
|-unboost|p2b: Dragonite|def|1
|-boost|p2b: Dragonite|spe|1
|
|-heal|p1b: Electabuzz|59/100|[from] Grassy Terrain
|-heal|p2a: Incineroar|87/100|[from] Grassy Terrain
|upkeep
|turn|3
|
|t:|1756344163
|move|p2b: Dragonite|Protect|p2b: Dragonite
|-singleturn|p2b: Dragonite|Protect
|move|p1b: Electabuzz|Follow Me|p1b: Electabuzz
|-singleturn|p1b: Electabuzz|move: Follow Me
|move|p1a: Dragonite|Haze|p1a: Dragonite
|-clearallboost
|move|p2a: Incineroar|Knock Off|p1b: Electabuzz
|-damage|p1b: Electabuzz|24/100
|-enditem|p1b: Electabuzz|Eviolite|[from] move: Knock Off|[of] p2a: Incineroar
|
|-heal|p1b: Electabuzz|30/100|[from] Grassy Terrain
|-heal|p2a: Incineroar|93/100|[from] Grassy Terrain
|upkeep
|turn|4
|
|t:|1756344188
|-terastallize|p2b: Dragonite|Steel
|move|p1b: Electabuzz|Follow Me|p1b: Electabuzz
|-singleturn|p1b: Electabuzz|move: Follow Me
|move|p1a: Dragonite|Scale Shot|p2b: Dragonite
|-resisted|p2b: Dragonite
|-damage|p2b: Dragonite|97/100
|-resisted|p2b: Dragonite
|-damage|p2b: Dragonite|88/100
|-resisted|p2b: Dragonite
|-damage|p2b: Dragonite|80/100
|-resisted|p2b: Dragonite
|-damage|p2b: Dragonite|72/100
|-resisted|p2b: Dragonite
|-damage|p2b: Dragonite|63/100
|-hitcount|p2b: Dragonite|5
|-unboost|p1a: Dragonite|def|1
|-boost|p1a: Dragonite|spe|1
|move|p2b: Dragonite|Tailwind|p2b: Dragonite
|-sidestart|p2: epom158|move: Tailwind
|move|p2a: Incineroar|Parting Shot|p1b: Electabuzz
|-unboost|p1b: Electabuzz|atk|1
|-unboost|p1b: Electabuzz|spa|1
|
|t:|1756344196
|switch|p2a: Ursaluna|Ursaluna-Bloodmoon, L50, M|100/100|[from] Parting Shot
|
|-heal|p2b: Dragonite|69/100|[from] Grassy Terrain
|-heal|p1b: Electabuzz|36/100|[from] Grassy Terrain
|upkeep
|turn|5
|
|t:|1756344242
|move|p1a: Dragonite|Protect|p1a: Dragonite
|-singleturn|p1a: Dragonite|Protect
|move|p2b: Dragonite|Scale Shot|p1b: Electabuzz
|-damage|p1b: Electabuzz|18/100
|-damage|p1b: Electabuzz|2/100
|-damage|p1b: Electabuzz|0 fnt
|faint|p1b: Electabuzz
|-hitcount|p1: Electabuzz|3
|-unboost|p2b: Dragonite|def|1
|-boost|p2b: Dragonite|spe|1
|move|p2a: Ursaluna|Hyper Voice|p1a: Dragonite
|-activate|p1a: Dragonite|move: Protect
|
|-heal|p2b: Dragonite|75/100|[from] Grassy Terrain
|-fieldend|move: Grassy Terrain
|upkeep
|
|t:|1756344257
|switch|p1b: Rillaboom|Rillaboom, L50, M|100/100
|-fieldstart|move: Grassy Terrain|[from] ability: Grassy Surge|[of] p1b: Rillaboom
|turn|6
|
|t:|1756344271
|switch|p2a: Incineroar|Incineroar, L50, M|93/100
|-ability|p2a: Incineroar|Intimidate|boost
|-unboost|p1a: Dragonite|atk|1
|-unboost|p1b: Rillaboom|atk|1
|-terastallize|p1a: Dragonite|Fairy
|move|p2b: Dragonite|Protect|p2b: Dragonite
|-singleturn|p2b: Dragonite|Protect
|move|p1b: Rillaboom|Fake Out|p2a: Incineroar
|-damage|p2a: Incineroar|83/100
|move|p1a: Dragonite|Scale Shot|p2b: Dragonite
|-activate|p2b: Dragonite|move: Protect
|
|-heal|p2b: Dragonite|81/100|[from] Grassy Terrain
|-heal|p2a: Incineroar|89/100|[from] Grassy Terrain
|upkeep
|turn|7
|
|t:|1756344308
|move|p2b: Dragonite|Scale Shot|p1b: Rillaboom|[miss]
|-miss|p2b: Dragonite|p1b: Rillaboom
|move|p2a: Incineroar|Knock Off|p1a: Dragonite
|-resisted|p1a: Dragonite
|-damage|p1a: Dragonite|84/100
|-enditem|p1a: Dragonite|Loaded Dice|[from] move: Knock Off|[of] p2a: Incineroar
|move|p1a: Dragonite|Haze|p1a: Dragonite
|-clearallboost
|move|p1b: Rillaboom|High Horsepower|p2a: Incineroar
|-supereffective|p2a: Incineroar
|-damage|p2a: Incineroar|21/100
|
|-heal|p2b: Dragonite|87/100|[from] Grassy Terrain
|-heal|p2a: Incineroar|27/100|[from] Grassy Terrain
|-heal|p1a: Dragonite|90/100|[from] Grassy Terrain
|-sideend|p2: epom158|move: Tailwind
|upkeep
|turn|8
|
|t:|1756344335
|switch|p2a: Ursaluna|Ursaluna-Bloodmoon, L50, M|100/100
|move|p1a: Dragonite|Extreme Speed|p2a: Ursaluna
|-damage|p2a: Ursaluna|74/100
|move|p2b: Dragonite|Tailwind|p2b: Dragonite
|-sidestart|p2: epom158|move: Tailwind
|move|p1b: Rillaboom|High Horsepower|p2b: Dragonite
|-supereffective|p2b: Dragonite
|-damage|p2b: Dragonite|12/100
|
|-heal|p2b: Dragonite|18/100|[from] Grassy Terrain
|-heal|p2a: Ursaluna|79/100|[from] Grassy Terrain
|-heal|p1a: Dragonite|96/100|[from] Grassy Terrain
|upkeep
|turn|9
|
|t:|1756344389
|switch|p2a: Incineroar|Incineroar, L50, M|27/100
|-ability|p2a: Incineroar|Intimidate|boost
|-unboost|p1a: Dragonite|atk|1
|-unboost|p1b: Rillaboom|atk|1
|move|p1b: Rillaboom|Grassy Glide|p2a: Incineroar
|-resisted|p2a: Incineroar
|-damage|p2a: Incineroar|15/100
|move|p2b: Dragonite|Scale Shot|p1b: Rillaboom
|-damage|p1b: Rillaboom|86/100
|-damage|p1b: Rillaboom|72/100
|-damage|p1b: Rillaboom|56/100
|-damage|p1b: Rillaboom|40/100
|-hitcount|p1b: Rillaboom|4
|-unboost|p2b: Dragonite|def|1
|-boost|p2b: Dragonite|spe|1
|move|p1a: Dragonite|Scale Shot|p2b: Dragonite|[miss]
|-miss|p1a: Dragonite|p2b: Dragonite
|
|-heal|p2b: Dragonite|24/100|[from] Grassy Terrain
|-heal|p2a: Incineroar|21/100|[from] Grassy Terrain
|-heal|p1a: Dragonite|100/100|[from] Grassy Terrain
|-heal|p1b: Rillaboom|46/100|[from] Grassy Terrain
|upkeep
|turn|10
|
|t:|1756344416
|move|p1a: Dragonite|Extreme Speed|p2a: Incineroar
|-damage|p2a: Incineroar|2/100
|move|p2b: Dragonite|Scale Shot|p1b: Rillaboom
|-damage|p1b: Rillaboom|30/100
|-damage|p1b: Rillaboom|16/100
|-damage|p1b: Rillaboom|3/100
|-damage|p1b: Rillaboom|0 fnt
|faint|p1b: Rillaboom
|-hitcount|p1: Rillaboom|4
|-unboost|p2b: Dragonite|def|1
|-boost|p2b: Dragonite|spe|1
|move|p2a: Incineroar|Parting Shot|p1a: Dragonite
|-unboost|p1a: Dragonite|atk|1
|-unboost|p1a: Dragonite|spa|1
|
|t:|1756344431
|switch|p2a: Ursaluna|Ursaluna-Bloodmoon, L50, M|79/100|[from] Parting Shot
|
|-heal|p2b: Dragonite|30/100|[from] Grassy Terrain
|-heal|p2a: Ursaluna|85/100|[from] Grassy Terrain
|-fieldend|move: Grassy Terrain
|upkeep
|
|t:|1756344436
|switch|p1b: Kingambit|Kingambit, L50, M, shiny|100/100
|turn|11
|
|t:|1756344496
|move|p2b: Dragonite|Protect|p2b: Dragonite
|-singleturn|p2b: Dragonite|Protect
|move|p2a: Ursaluna|Protect|p2a: Ursaluna
|-singleturn|p2a: Ursaluna|Protect
|move|p1b: Kingambit|Sucker Punch||[still]
|-fail|p1b: Kingambit
|move|p1a: Dragonite|Haze|p1a: Dragonite
|-clearallboost
|
|-sideend|p2: epom158|move: Tailwind
|upkeep
|turn|12
|
|t:|1756344524
|move|p1b: Kingambit|Sucker Punch|p2a: Ursaluna
|-damage|p2a: Ursaluna|48/100
|move|p2b: Dragonite|Tailwind|p2b: Dragonite
|-sidestart|p2: epom158|move: Tailwind
|move|p2a: Ursaluna|Earth Power|p1b: Kingambit
|-supereffective|p1b: Kingambit
|-damage|p1b: Kingambit|0 fnt
|faint|p1b: Kingambit
|-damage|p2a: Ursaluna|39/100|[from] item: Life Orb
|move|p1a: Dragonite|Scale Shot|p2a: Ursaluna
|-damage|p2a: Ursaluna|26/100
|-damage|p2a: Ursaluna|13/100
|-damage|p2a: Ursaluna|0 fnt
|faint|p2a: Ursaluna
|-hitcount|p2: Ursaluna|3
|-unboost|p1a: Dragonite|def|1
|-boost|p1a: Dragonite|spe|1
|
|upkeep
|
|t:|1756344534
|switch|p2a: Incineroar|Incineroar, L50, M|2/100
|-ability|p2a: Incineroar|Intimidate|boost
|-unboost|p1a: Dragonite|atk|1
|turn|13
|
|t:|1756344566
|switch|p2b: Basculegion|Basculegion, L50, M|100/100
|move|p1a: Dragonite|Protect|p1a: Dragonite
|-singleturn|p1a: Dragonite|Protect
|move|p2a: Incineroar|Fake Out|p1a: Dragonite
|-activate|p1a: Dragonite|move: Protect
|
|upkeep
|turn|14
|
|t:|1756344584
|move|p2b: Basculegion|Flip Turn|p1a: Dragonite
|-damage|p1a: Dragonite|70/100
|
|t:|1756344587
|switch|p2b: Dragonite|Dragonite, L50, F, tera:Steel|30/100|[from] Flip Turn
|move|p2a: Incineroar|Flare Blitz|p1a: Dragonite
|-damage|p1a: Dragonite|0 fnt
|faint|p1a: Dragonite
|-damage|p2a: Incineroar|0 fnt|[from] Recoil
|faint|p2a: Incineroar
|
|win|epom158
||epom158 is ready for game 3.
||kirbyvgc wow is ready for game 3.
|uhtml|next|Next: Game 3 of 3
|l|☆epom158
|player|p2|
