|j|☆tiramisaurus
|j|☆bouledefeu
|html|tiramisaurusbouledefeu    
|uhtml|bestof|Game 1 of a best-of-3
|t:|1757924896
|gametype|doubles
|player|p1|tiramisaurus|265|1315
|player|p2|bouledefeu|bugcatcher-gen4dp|1400
|gen|9
|tier|[Gen 9] VGC 2025 Reg H (Bo3)
|rated|
|rule|Species Clause: Limit one of each Pokémon
|rule|Item Clause: Limit 1 of each item
|clearpoke
|poke|p1|Kilowattrel, L50, M|
|poke|p1|Ninetales-Alola, L50, M|
|poke|p1|Garchomp, L50, F|
|poke|p1|Incineroar, L50, F|
|poke|p1|Gholdengo, L50|
|poke|p1|Annihilape, L50, M|
|poke|p2|Incineroar, L50, F|
|poke|p2|Amoonguss, L50, F|
|poke|p2|Ursaluna-Bloodmoon, L50, M|
|poke|p2|Sneasler, L50, F|
|poke|p2|Gholdengo, L50|
|poke|p2|Dragonite, L50, M|
|teampreview|4
|showteam|p1|Kilowattrel||FocusSash|Competitive|Discharge,Protect,Tailwind,AirSlash|||M|||50|,,,,,Ghost]Ninetales-Alola||CovertCloak|SnowWarning|FreezeDry,Blizzard,Moonblast,Protect|||M|||50|,,,,,Water]Garchomp||LifeOrb|RoughSkin|DragonClaw,Earthquake,StompingTantrum,Protect|||F|||50|,,,,,Steel]Incineroar||MirrorHerb|Intimidate|FakeOut,KnockOff,PartingShot,FlareBlitz|||F|||50|,,,,,Ghost]Gholdengo||MetalCoat|GoodasGold|NastyPlot,MakeItRain,ShadowBall,Protect||||||50|,,,,,Water]Annihilape||SafetyGoggles|Defiant|CloseCombat,RageFist,FinalGambit,Protect|||M|||50|,,,,,Water
|showteam|p2|Incineroar||SafetyGoggles|Intimidate|FlareBlitz,KnockOff,PartingShot,FakeOut|||F|||50|,,,,,Ghost]Amoonguss||SitrusBerry|Regenerator|Spore,RagePowder,PollenPuff,Protect|||F|||50|,,,,,Psychic]Ursaluna-Bloodmoon||AssaultVest|MindsEye|HyperVoice,BloodMoon,EarthPower,VacuumWave|||M|||50|,,,,,Water]Sneasler||FocusSash|Unburden|CloseCombat,DireClaw,ThroatChop,Protect|||F|||50|,,,,,Stellar]Gholdengo||LifeOrb|GoodasGold|MakeItRain,ShadowBall,NastyPlot,Protect||||||50|,,,,,Water]Dragonite||LoadedDice|Multiscale|ScaleShot,Tailwind,Haze,Protect|||M|||50|,,,,,Fairy
|inactive|Battle timer is ON: inactive players will automatically lose when time's up. (requested by bouledefeu)
|inactive|tiramisaurus has 60 seconds left.
|inactive|bouledefeu has 60 seconds left.
|
|t:|1757924960
|teamsize|p1|4
|teamsize|p2|4
|start
|switch|p1a: Kilowattrel|Kilowattrel, L50, M|100/100
|switch|p1b: Garchomp|Garchomp, L50, F|100/100
|switch|p2a: Dragonite|Dragonite, L50, M|100/100
|switch|p2b: Ursaluna|Ursaluna-Bloodmoon, L50, M|100/100
|turn|1
|inactive|tiramisaurus has 30 seconds left.
|inactive|tiramisaurus has 20 seconds left.
|
|t:|1757924999
|switch|p1b: Incineroar|Incineroar, L50, F|100/100
|-ability|p1b: Incineroar|Intimidate|boost
|-unboost|p2a: Dragonite|atk|1
|-unboost|p2b: Ursaluna|atk|1
|-terastallize|p2a: Dragonite|Fairy
|move|p1a: Kilowattrel|Tailwind|p1a: Kilowattrel
|-sidestart|p1: tiramisaurus|move: Tailwind
|move|p2a: Dragonite|Scale Shot|p1b: Incineroar
|-damage|p1b: Incineroar|92/100
|-damage|p1b: Incineroar|82/100
|-damage|p1b: Incineroar|73/100
|-damage|p1b: Incineroar|63/100
|-damage|p1b: Incineroar|54/100
|-hitcount|p1b: Incineroar|5
|-unboost|p2a: Dragonite|def|1
|-boost|p2a: Dragonite|spe|1
|-enditem|p1b: Incineroar|Mirror Herb
|-boost|p1b: Incineroar|spe|1|[from] item: Mirror Herb
|move|p2b: Ursaluna|Blood Moon|p1a: Kilowattrel
|-crit|p1a: Kilowattrel
|-enditem|p1a: Kilowattrel|Focus Sash
|-damage|p1a: Kilowattrel|1/100
|
|upkeep
|turn|2
|inactive|tiramisaurus has 30 seconds left.
|inactive|bouledefeu has 30 seconds left.
|inactive|tiramisaurus has 20 seconds left.
|inactive|tiramisaurus has 15 seconds left.
|
|t:|1757925041
|switch|p1a: Ninetales|Ninetales-Alola, L50, M|100/100
|-weather|Snowscape|[from] ability: Snow Warning|[of] p1a: Ninetales
|move|p2a: Dragonite|Protect|p2a: Dragonite
|-singleturn|p2a: Dragonite|Protect
|move|p1b: Incineroar|Fake Out|p2a: Dragonite
|-activate|p2a: Dragonite|move: Protect
|move|p2b: Ursaluna|Hyper Voice|p1a: Ninetales|[spread] p1a,p1b
|-damage|p1a: Ninetales|56/100
|-damage|p1b: Incineroar|19/100
|
|-weather|Snowscape|[upkeep]
|upkeep
|turn|3
|inactive|tiramisaurus has 30 seconds left.
|inactive|tiramisaurus has 20 seconds left.
|
|t:|1757925077
|move|p1a: Ninetales|Blizzard|p2b: Ursaluna|[spread] p2a,p2b
|-supereffective|p2b: Ursaluna
|-damage|p2a: Dragonite|83/100
|-damage|p2b: Ursaluna|56/100
|move|p1b: Incineroar|Knock Off|p2a: Dragonite
|-resisted|p2a: Dragonite
|-damage|p2a: Dragonite|54/100
|-enditem|p2a: Dragonite|Loaded Dice|[from] move: Knock Off|[of] p1b: Incineroar
|move|p2a: Dragonite|Scale Shot|p1b: Incineroar
|-damage|p1b: Incineroar|9/100
|-damage|p1b: Incineroar|0 fnt
|faint|p1b: Incineroar
|-hitcount|p1: Incineroar|2
|-unboost|p2a: Dragonite|def|1
|-boost|p2a: Dragonite|spe|1
|move|p2b: Ursaluna|Blood Moon|p1a: Ninetales
|-damage|p1a: Ninetales|0 fnt
|faint|p1a: Ninetales
|
|-weather|Snowscape|[upkeep]
|upkeep
|
|t:|1757925100
|switch|p1a: Kilowattrel|Kilowattrel, L50, M|1/100
|switch|p1b: Garchomp|Garchomp, L50, F|100/100
|turn|4
|
|t:|1757925113
|-terastallize|p1b: Garchomp|Steel
|move|p1a: Kilowattrel|Protect|p1a: Kilowattrel
|-singleturn|p1a: Kilowattrel|Protect
|move|p2a: Dragonite|Protect|p2a: Dragonite
|-singleturn|p2a: Dragonite|Protect
|move|p2b: Ursaluna|Vacuum Wave|p1a: Kilowattrel
|-activate|p1a: Kilowattrel|move: Protect
|move|p1b: Garchomp|Earthquake|p2b: Ursaluna|[spread] p2b
|-activate|p1a: Kilowattrel|move: Protect
|-activate|p2a: Dragonite|move: Protect
|-damage|p2b: Ursaluna|22/100
|-damage|p1b: Garchomp|91/100|[from] item: Life Orb
|
|-weather|Snowscape|[upkeep]
|-sideend|p1: tiramisaurus|move: Tailwind
|upkeep
|turn|5
|
|t:|1757925132
|move|p1a: Kilowattrel|Protect|p1a: Kilowattrel
|-singleturn|p1a: Kilowattrel|Protect
|move|p2a: Dragonite|Tailwind|p2a: Dragonite
|-sidestart|p2: bouledefeu|move: Tailwind
|move|p1b: Garchomp|Earthquake|p2a: Dragonite|[spread] p2a,p2b
|-activate|p1a: Kilowattrel|move: Protect
|-damage|p2a: Dragonite|0 fnt
|-damage|p2b: Ursaluna|0 fnt
|faint|p2a: Dragonite
|faint|p2b: Ursaluna
|-damage|p1b: Garchomp|81/100|[from] item: Life Orb
|
|-weather|Snowscape|[upkeep]
|upkeep
|
|t:|1757925140
|switch|p2a: Gholdengo|Gholdengo, L50|100/100
|switch|p2b: Incineroar|Incineroar, L50, F|100/100
|-ability|p2b: Incineroar|Intimidate|boost
|-unboost|p1a: Kilowattrel|atk|1
|-ability|p1a: Kilowattrel|Competitive|boost
|-boost|p1a: Kilowattrel|spa|2
|-unboost|p1b: Garchomp|atk|1
|turn|6
|inactive|tiramisaurus has 30 seconds left.
|inactive|tiramisaurus has 20 seconds left.
|
|t:|1757925178
|move|p2b: Incineroar|Fake Out|p1b: Garchomp
|-resisted|p1b: Garchomp
|-damage|p1b: Garchomp|75/100
|-damage|p2b: Incineroar|88/100|[from] ability: Rough Skin|[of] p1b: Garchomp
|move|p2a: Gholdengo|Shadow Ball|p1a: Kilowattrel
|-damage|p1a: Kilowattrel|0 fnt
|faint|p1a: Kilowattrel
|-damage|p2a: Gholdengo|91/100|[from] item: Life Orb
|cant|p1b: Garchomp|flinch
|
|-weather|none
|upkeep
|turn|7
|
|t:|1757925198
|move|p1b: Garchomp|Protect|p1b: Garchomp
|-singleturn|p1b: Garchomp|Protect
|move|p2a: Gholdengo|Shadow Ball|p1b: Garchomp
|-activate|p1b: Garchomp|move: Protect
|move|p2b: Incineroar|Flare Blitz|p1b: Garchomp
|-activate|p1b: Garchomp|move: Protect
|
|upkeep
|turn|8
|
|t:|1757925208
|move|p1b: Garchomp|Protect||[still]
|-fail|p1b: Garchomp
|move|p2a: Gholdengo|Shadow Ball|p1b: Garchomp
|-damage|p1b: Garchomp|0 fnt
|faint|p1b: Garchomp
|-damage|p2a: Gholdengo|81/100|[from] item: Life Orb
|
|win|bouledefeu
||bouledefeu is ready for game 2.
||tiramisaurus is ready for game 2.
|uhtml|next|Next: Game 2 of 3
