|j|☆Triir
|j|☆MiiverseVGC
|html|TriirMiiverseVGC    
|uhtml|bestof|Game 2 of a best-of-3
|t:|1784470148
|gametype|doubles
|player|p1|Triir|#smogonxnpa2025draftee2|
|player|p2|MiiverseVGC|265|
|gen|9
|tier|[Gen 9 Champions] VGC 2026 Reg M-B (Bo3)
|rule|Species Clause: Limit one of each Pokémon
|rule|Item Clause: Limit 1 of each item
|clearpoke
|poke|p1|Garchomp, L50, M|
|poke|p1|Venusaur, L50, M|
|poke|p1|Incineroar, L50, F|
|poke|p1|Charizard, L50, M|
|poke|p1|Toxapex, L50, M|
|poke|p1|Annihilape, L50, M|
|poke|p2|Charizard, L50, F|
|poke|p2|Venusaur, L50, F|
|poke|p2|Hydreigon, L50, M|
|poke|p2|Annihilape, L50, F|
|poke|p2|Toxapex, L50, M|
|poke|p2|Incineroar, L50, F|
|teampreview|4
|showteam|p1|Garchomp||ChoiceScarf|RoughSkin|Earthquake,RockSlide,DragonClaw,StompingTantrum|Adamant||M|||50|]Venusaur||LifeOrb|Chlorophyll|SludgeBomb,SolarBeam,EarthPower,Protect|Modest||M|||50|]Incineroar||SitrusBerry|Intimidate|FakeOut,FlareBlitz,ThroatChop,PartingShot|Impish||F|||50|]Charizard||CharizarditeY|Blaze|HeatWave,WeatherBall,HelpingHand,Protect|Modest||M|||50|]Toxapex||Leftovers|Regenerator|Infestation,Toxic,WideGuard,BanefulBunker|Impish||M|||50|]Annihilape||FocusSash|Defiant|CloseCombat,PhantomForce,RockTomb,Protect|Jolly||M|||50|
|showteam|p2|Charizard||CharizarditeY|Blaze|HeatWave,WeatherBall,HelpingHand,Protect|Modest||F|||50|]Venusaur||LifeOrb|Chlorophyll|SolarBeam,SludgeBomb,EarthPower,Protect|Modest||F|||50|]Hydreigon||ChoiceScarf|Levitate|DracoMeteor,DarkPulse,Snarl,EarthPower|Modest||M|||50|]Annihilape||FocusSash|Defiant|CloseCombat,PhantomForce,RockTomb,Protect|Jolly||F|||50|]Toxapex||Leftovers|Regenerator|Toxic,Infestation,WideGuard,BanefulBunker|Bold||M|||50|]Incineroar||SitrusBerry|Intimidate|FlareBlitz,DarkestLariat,PartingShot,FakeOut|Careful||F|||50|
|j| A Regu1ar Guy
|j| Finabas
|j| kynan sahur
|l| Finabas
|j| Hecate2
|j| Li Zhiyan
|j| MajorStar
|j| frostvg
|l| kynan sahur
|j| Axior
|j| expected choquet
|j| baaaaat_
|
|t:|1784470204
|teamsize|p1|4
|teamsize|p2|4
|start
|switch|p1a: Garchomp|Garchomp, L50, M|100/100
|switch|p1b: Annihilape|Annihilape, L50, M|100/100
|switch|p2a: Charizard|Charizard, L50, F|100/100
|switch|p2b: Toxapex|Toxapex, L50, M|100/100
|turn|1
|
|t:|1784470217
|move|p2a: Charizard|Protect|p2a: Charizard
|-singleturn|p2a: Charizard|Protect
|move|p1a: Garchomp|Stomping Tantrum|p2b: Toxapex
|-supereffective|p2b: Toxapex|1
|-damage|p2b: Toxapex|50/100g
|move|p1b: Annihilape|Rock Tomb|p2a: Charizard
|-activate|p2a: Charizard|move: Protect
|move|p2b: Toxapex|Infestation|p1a: Garchomp
|-damage|p1a: Garchomp|96/100
|-activate|p1a: Garchomp|move: Infestation|[of] p2b: Toxapex
|-damage|p2b: Toxapex|38/100|[from] ability: Rough Skin|[of] p1a: Garchomp
|
|-heal|p2b: Toxapex|43/100|[from] item: Leftovers
|-damage|p1a: Garchomp|84/100|[from] move: Infestation|[partiallytrapped]
|upkeep
|turn|2
|j| thacrow
|j| marcofiero
|
|t:|1784470258
|switch|p2a: Venusaur|Venusaur, L50, F|100/100
|-heal|p2b: Toxapex|77/100|[from] ability: Regenerator|[silent]
|switch|p2b: Hydreigon|Hydreigon, L50, M|100/100
|move|p1a: Garchomp|Stomping Tantrum|p2a: Venusaur
|-damage|p2a: Venusaur|45/100
|move|p1b: Annihilape|Rock Tomb|p2a: Venusaur
|-damage|p2a: Venusaur|22/100
|-unboost|p2a: Venusaur|spe|1
|
|-end|p1a: Garchomp|Infestation|[partiallytrapped]|[silent]
|upkeep
|turn|3
|j| Finabas
|l| thacrow
|
|t:|1784470279
|switch|p1a: Toxapex|Toxapex, L50, M|100/100
|switch|p2a: Toxapex|Toxapex, L50, M|77/100
|move|p1b: Annihilape|Protect|p1b: Annihilape
|-singleturn|p1b: Annihilape|Protect
|move|p2b: Hydreigon|Draco Meteor|p1a: Toxapex|[miss]
|-miss|p2b: Hydreigon|p1a: Toxapex
|
|-heal|p2a: Toxapex|82/100|[from] item: Leftovers
|upkeep
|turn|4
|l| Finabas
|
|t:|1784470312
|switch|p2b: Venusaur|Venusaur, L50, F|22/100
|move|p1b: Annihilape|Close Combat|p2b: Venusaur
|-resisted|p2b: Venusaur|1
|-damage|p2b: Venusaur|0 fnt
|-unboost|p1b: Annihilape|def|1
|-unboost|p1b: Annihilape|spd|1
|faint|p2b: Venusaur
|move|p2a: Toxapex|Toxic|p1b: Annihilape
|-status|p1b: Annihilape|tox
|move|p1a: Toxapex|Infestation|p2a: Toxapex
|-resisted|p2a: Toxapex|1
|-damage|p2a: Toxapex|81/100
|-activate|p2a: Toxapex|move: Infestation|[of] p1a: Toxapex
|
|-heal|p2a: Toxapex|87/100|[from] item: Leftovers
|-damage|p1b: Annihilape|94/100 tox|[from] psn
|-damage|p2a: Toxapex|75/100|[from] move: Infestation|[partiallytrapped]
|upkeep
|
|t:|1784470322
|switch|p2b: Hydreigon|Hydreigon, L50, M|100/100
|turn|5
|
|t:|1784470345
|move|p2b: Hydreigon|Draco Meteor|p1b: Annihilape
|-damage|p1b: Annihilape|0 fnt
|-unboost|p2b: Hydreigon|spa|2
|faint|p1b: Annihilape
|move|p2a: Toxapex|Infestation|p1a: Toxapex
|-resisted|p1a: Toxapex|1
|-damage|p1a: Toxapex|98/100
|-activate|p1a: Toxapex|move: Infestation|[of] p2a: Toxapex
|move|p1a: Toxapex|Infestation|p2b: Hydreigon
|-supereffective|p2b: Hydreigon|1
|-damage|p2b: Hydreigon|94/100
|-activate|p2b: Hydreigon|move: Infestation|[of] p1a: Toxapex
|
|-heal|p1a: Toxapex|100/100|[from] item: Leftovers
|-heal|p2a: Toxapex|80/100|[from] item: Leftovers
|-damage|p2b: Hydreigon|82/100|[from] move: Infestation|[partiallytrapped]
|-damage|p2a: Toxapex|68/100|[from] move: Infestation|[partiallytrapped]
|-damage|p1a: Toxapex|87/100|[from] move: Infestation|[partiallytrapped]
|upkeep
|
|t:|1784470349
|switch|p1b: Garchomp|Garchomp, L50, M|84/100
|turn|6
|j| Finabas
|
|t:|1784470359
|move|p1b: Garchomp|Dragon Claw|p2b: Hydreigon
|-supereffective|p2b: Hydreigon|1
|-damage|p2b: Hydreigon|0 fnt
|faint|p2b: Hydreigon
|move|p2a: Toxapex|Toxic|p1b: Garchomp
|-status|p1b: Garchomp|tox
|move|p1a: Toxapex|Infestation|p2a: Toxapex
|-resisted|p2a: Toxapex|1
|-damage|p2a: Toxapex|67/100
|
|-heal|p2a: Toxapex|73/100|[from] item: Leftovers
|-heal|p1a: Toxapex|93/100|[from] item: Leftovers
|-damage|p1b: Garchomp|78/100 tox|[from] psn
|-damage|p2a: Toxapex|61/100|[from] move: Infestation|[partiallytrapped]
|-damage|p1a: Toxapex|81/100|[from] move: Infestation|[partiallytrapped]
|upkeep
|
|t:|1784470362
|switch|p2b: Charizard|Charizard, L50, F|100/100
|turn|7
|
|t:|1784470383
|switch|p1b: Charizard|Charizard, L50, M|100/100
|detailschange|p2b: Charizard|Charizard-Mega-Y, L50, F
|-mega|p2b: Charizard|Charizard|Charizardite Y
|-weather|SunnyDay|[from] ability: Drought|[of] p2b: Charizard
|move|p2b: Charizard|Heat Wave|p1a: Toxapex|[spread] p1a,p1b
|-resisted|p1a: Toxapex|1
|-resisted|p1b: Charizard|1
|-damage|p1a: Toxapex|57/100
|-damage|p1b: Charizard|62/100
|move|p1a: Toxapex|Toxic|p2b: Charizard
|-status|p2b: Charizard|tox
|move|p2a: Toxapex|Infestation|p1b: Charizard
|-resisted|p1b: Charizard|2
|-damage|p1b: Charizard|61/100
|-activate|p1b: Charizard|move: Infestation|[of] p2a: Toxapex
|
|-weather|SunnyDay|[upkeep]
|-heal|p2a: Toxapex|66/100|[from] item: Leftovers
|-heal|p1a: Toxapex|63/100|[from] item: Leftovers
|-damage|p2b: Charizard|94/100 tox|[from] psn
|-damage|p1b: Charizard|49/100|[from] move: Infestation|[partiallytrapped]
|-damage|p1a: Toxapex|50/100g|[from] move: Infestation|[partiallytrapped]
|-damage|p2a: Toxapex|54/100|[from] move: Infestation|[partiallytrapped]
|upkeep
|turn|8
|
|t:|1784470397
|detailschange|p1b: Charizard|Charizard-Mega-Y, L50, M
|-mega|p1b: Charizard|Charizard|Charizardite Y
|move|p2b: Charizard|Weather Ball|p1a: Toxapex
|-resisted|p1a: Toxapex|1
|-damage|p1a: Toxapex|15/100
|move|p1b: Charizard|Weather Ball|p2a: Toxapex
|-resisted|p2a: Toxapex|1
|-damage|p2a: Toxapex|17/100
|move|p2a: Toxapex|Toxic|p1b: Charizard
|-status|p1b: Charizard|tox
|move|p1a: Toxapex|Infestation|p2b: Charizard
|-resisted|p2b: Charizard|2
|-damage|p2b: Charizard|93/100 tox
|-activate|p2b: Charizard|move: Infestation|[of] p1a: Toxapex
|
|-weather|SunnyDay|[upkeep]
|-heal|p2a: Toxapex|22/100|[from] item: Leftovers
|-heal|p1a: Toxapex|21/100|[from] item: Leftovers
|-damage|p2b: Charizard|82/100 tox|[from] psn
|-damage|p1b: Charizard|43/100 tox|[from] psn
|-damage|p2b: Charizard|70/100 tox|[from] move: Infestation|[partiallytrapped]
|-damage|p1b: Charizard|31/100 tox|[from] move: Infestation|[partiallytrapped]
|-damage|p2a: Toxapex|10/100|[from] move: Infestation|[partiallytrapped]
|-damage|p1a: Toxapex|8/100|[from] move: Infestation|[partiallytrapped]
|upkeep
|turn|9
|j| AnxiousApple
|j| beben la lechee
|
|t:|1784470422
|move|p1a: Toxapex|Baneful Bunker|p1a: Toxapex
|-singleturn|p1a: Toxapex|move: Protect
|move|p2b: Charizard|Weather Ball|p1b: Charizard
|-resisted|p1b: Charizard|1
|-crit|p1b: Charizard
|-damage|p1b: Charizard|0 fnt
|faint|p1b: Charizard
|move|p2a: Toxapex|Infestation|p1a: Toxapex
|-activate|p1a: Toxapex|move: Protect
|
|-weather|SunnyDay|[upkeep]
|-heal|p2a: Toxapex|16/100|[from] item: Leftovers
|-heal|p1a: Toxapex|14/100|[from] item: Leftovers
|-damage|p2b: Charizard|53/100 tox|[from] psn
|-damage|p2b: Charizard|41/100 tox|[from] move: Infestation|[partiallytrapped]
|-end|p2a: Toxapex|Infestation|[partiallytrapped]
|-damage|p1a: Toxapex|2/100|[from] move: Infestation|[partiallytrapped]
|upkeep
|
|t:|1784470426
|switch|p1b: Garchomp|Garchomp, L50, M|78/100 tox
|turn|10
|l| Finabas
|j| Finabas
|
|t:|1784470463
|move|p2a: Toxapex|Baneful Bunker|p2a: Toxapex
|-singleturn|p2a: Toxapex|move: Protect
|move|p1b: Garchomp|Dragon Claw|p2b: Charizard
|-damage|p2b: Charizard|0 fnt
|faint|p2b: Charizard
|move|p1a: Toxapex|Infestation|p2a: Toxapex
|-activate|p2a: Toxapex|move: Protect
|
|-weather|SunnyDay|[upkeep]
|-heal|p2a: Toxapex|22/100|[from] item: Leftovers
|-heal|p1a: Toxapex|8/100|[from] item: Leftovers
|-damage|p1b: Garchomp|72/100 tox|[from] psn
|-end|p1a: Toxapex|Infestation|[partiallytrapped]
|upkeep
|turn|11
|
|t:|1784470476
|move|p1b: Garchomp|Dragon Claw|p2a: Toxapex
|-damage|p2a: Toxapex|0 fnt
|faint|p2a: Toxapex
|
|win|Triir
||MiiverseVGC is ready for game 3.
||Triir is ready for game 3.
|uhtml|next|Next: Game 3 of 3
|l| Finabas
|l| marcofiero
|j| jmodri
|l| beben la lechee
|j| parlayprincewins
|j| Code
|j| marcofiero
|j| thacrow
|l| Hecate2
|l| thacrow
|l| AnxiousApple
|l| Li Zhiyan
|l| A Regu1ar Guy
|l| frostvg
|l| MajorStar
|l| Axior
|l| expected choquet
|j| TrailerParkBarbie
