|j|☆Frenchtoast1215
|j|☆lucky777n
|html|Frenchtoast1215lucky777n    
|uhtml|bestof|Game 1 of a best-of-3
|t:|1784211363
|gametype|doubles
|player|p1|Frenchtoast1215|266|1042
|player|p2|lucky777n|boarder|1208
|gen|9
|tier|[Gen 9 Champions] VGC 2026 Reg M-B (Bo3)
|rated|
|rule|Species Clause: Limit one of each Pokémon
|rule|Item Clause: Limit 1 of each item
|clearpoke
|poke|p1|Scrafty, L50, M|
|poke|p1|Rotom-Heat, L50|
|poke|p1|Empoleon, L50, M|
|poke|p1|Aromatisse, L50, M|
|poke|p1|Gholdengo, L50|
|poke|p1|Dragonite, L50, M|
|poke|p2|Gengar, L50, M|
|poke|p2|Incineroar, L50, F|
|poke|p2|Snorlax, L50, M|
|poke|p2|Ninetales-Alola, L50, M|
|poke|p2|Kingambit, L50, F|
|poke|p2|Sneasler, L50, M|
|teampreview|4
|showteam|p1|Scrafty||Scraftinite|Intimidate|FakeOut,DrainPunch,KnockOff,Coaching|Adamant||M|||50|]Rotom-Heat||PasshoBerry|Levitate|Overheat,Thunderbolt,WillOWisp,Protect|Modest|||||50|]Empoleon||ShellBell|Competitive|HydroPump,FlashCannon,Roost,Protect|Modest||M|||50|]Aromatisse||SitrusBerry|AromaVeil|Moonblast,AfterYou,HelpingHand,Protect|Relaxed||M|||50|]Gholdengo||LifeOrb|GoodasGold|MakeItRain,ShadowBall,NastyPlot,Protect|Modest|||||50|]Dragonite||Leftovers|InnerFocus|DragonClaw,ExtremeSpeed,Tailwind,Protect|Adamant||M|||50|
|showteam|p2|Gengar||Gengarite|CursedBody|ShadowBall,Disable,PerishSong,Protect|Timid||M|||50|]Incineroar||SitrusBerry|Intimidate|FakeOut,FlareBlitz,PartingShot,Protect|Relaxed||F|||50|]Snorlax||Leftovers|ThickFat|Fissure,Encore,Yawn,Protect|Relaxed||M|||50|]Ninetales-Alola||NeverMeltIce|SnowWarning|Blizzard,FreezeDry,Encore,Protect|Timid||M|||50|]Kingambit||BlackGlasses|Defiant|SuckerPunch,KowtowCleave,SwordsDance,Protect|Adamant||F|||50|]Sneasler||WhiteHerb|Unburden|FakeOut,CloseCombat,GunkShot,Protect|Jolly||M|||50|
|inactive|Battle timer is ON: inactive players will automatically lose when time's up. (requested by Frenchtoast1215)
|
|t:|1784211382
|teamsize|p1|4
|teamsize|p2|4
|start
|switch|p1a: Empoleon|Empoleon, L50, M|100/100
|switch|p1b: Dragonite|Dragonite, L50, M|100/100
|switch|p2a: Gengar|Gengar, L50, M|100/100
|switch|p2b: Incineroar|Incineroar, L50, F|100/100
|-ability|p2b: Incineroar|Intimidate|boost
|-unboost|p1a: Empoleon|atk|1
|-ability|p1a: Empoleon|Competitive|boost
|-boost|p1a: Empoleon|spa|2
|-fail|p1b: Dragonite|unboost|Attack|[from] ability: Inner Focus|[of] p1b: Dragonite
|turn|1
|inactive|Frenchtoast1215 has 30 seconds left.
|
|t:|1784211415
|detailschange|p2a: Gengar|Gengar-Mega, L50, M
|-mega|p2a: Gengar|Gengar|Gengarite
|move|p2b: Incineroar|Fake Out|p1b: Dragonite
|-damage|p1b: Dragonite|89/100
|move|p2a: Gengar|Perish Song|p2a: Gengar
|-start|p1a: Empoleon|perish3|[silent]
|-start|p1b: Dragonite|perish3|[silent]
|-start|p2a: Gengar|perish3|[silent]
|-start|p2b: Incineroar|perish3|[silent]
|-fieldactivate|move: Perish Song
|move|p1b: Dragonite|Tailwind|p1b: Dragonite
|-sidestart|p1: Frenchtoast1215|move: Tailwind
|move|p1a: Empoleon|Hydro Pump|p2b: Incineroar
|-supereffective|p2b: Incineroar|1
|-damage|p2b: Incineroar|0 fnt
|faint|p2b: Incineroar
|
|-heal|p1b: Dragonite|95/100|[from] item: Leftovers
|-start|p1b: Dragonite|perish3
|-start|p2a: Gengar|perish3
|-start|p1a: Empoleon|perish3
|upkeep
|
|t:|1784211433
|switch|p2b: Ninetales|Ninetales-Alola, L50, M|100/100
|-weather|Snowscape|[from] ability: Snow Warning|[of] p2b: Ninetales
|turn|2
|
|t:|1784211448
|move|p2a: Gengar|Protect|p2a: Gengar
|-singleturn|p2a: Gengar|Protect
|move|p2b: Ninetales|Protect|p2b: Ninetales
|-singleturn|p2b: Ninetales|Protect
|move|p1b: Dragonite|Dragon Claw|p2a: Gengar
|-activate|p2a: Gengar|move: Protect
|move|p1a: Empoleon|Flash Cannon|p2b: Ninetales
|-activate|p2b: Ninetales|move: Protect
|
|-weather|Snowscape|[upkeep]
|-heal|p1b: Dragonite|100/100|[from] item: Leftovers
|-start|p1b: Dragonite|perish2
|-start|p2a: Gengar|perish2
|-start|p1a: Empoleon|perish2
|upkeep
|turn|3
|
|t:|1784211464
|switch|p2a: Kingambit|Kingambit, L50, F|100/100
|move|p1b: Dragonite|Protect|p1b: Dragonite
|-singleturn|p1b: Dragonite|Protect
|move|p2b: Ninetales|Blizzard|p1a: Empoleon|[spread] p1a
|-activate|p1b: Dragonite|move: Protect
|-resisted|p1a: Empoleon|2
|-damage|p1a: Empoleon|93/100
|move|p1a: Empoleon|Hydro Pump|p2a: Kingambit
|-damage|p2a: Kingambit|0 fnt
|faint|p2a: Kingambit
|-heal|p1a: Empoleon|100/100|[from] item: Shell Bell|[of] p2: Kingambit
|
|-weather|Snowscape|[upkeep]
|-start|p1b: Dragonite|perish1
|-start|p1a: Empoleon|perish1
|upkeep
|
|t:|1784211470
|switch|p2a: Gengar|Gengar-Mega, L50, M|100/100
|turn|4
|
|t:|1784211494
|move|p2a: Gengar|Protect|p2a: Gengar
|-singleturn|p2a: Gengar|Protect
|move|p2b: Ninetales|Protect|p2b: Ninetales
|-singleturn|p2b: Ninetales|Protect
|move|p1b: Dragonite|Dragon Claw|p2a: Gengar
|-activate|p2a: Gengar|move: Protect
|move|p1a: Empoleon|Flash Cannon|p2b: Ninetales
|-activate|p2b: Ninetales|move: Protect
|
|-weather|Snowscape|[upkeep]
|-start|p1b: Dragonite|perish0
|-start|p1a: Empoleon|perish0
|-sideend|p1: Frenchtoast1215|move: Tailwind
|faint|p1b: Dragonite
|faint|p1a: Empoleon
|upkeep
|
|t:|1784211496
|switch|p1b: Scrafty|Scrafty, L50, M|100/100
|switch|p1a: Rotom|Rotom-Heat, L50|100/100
|-ability|p1b: Scrafty|Intimidate|boost
|-unboost|p2a: Gengar|atk|1
|-unboost|p2b: Ninetales|atk|1
|turn|5
|inactive|lucky777n has 30 seconds left.
|
|t:|1784211528
|detailschange|p1b: Scrafty|Scrafty-Mega, L50, M
|-mega|p1b: Scrafty|Scrafty|Scraftinite
|-ability|p1b: Scrafty|Intimidate|boost
|-unboost|p2a: Gengar|atk|1
|-unboost|p2b: Ninetales|atk|1
|move|p2a: Gengar|Shadow Ball|p1a: Rotom
|-damage|p1a: Rotom|56/100
|-unboost|p1a: Rotom|spd|1
|move|p2b: Ninetales|Blizzard|p1b: Scrafty|[spread] p1a,p1b
|-resisted|p1a: Rotom|1
|-damage|p1a: Rotom|30/100
|-damage|p1b: Scrafty|72/100
|move|p1a: Rotom|Overheat|p2b: Ninetales
|-supereffective|p2b: Ninetales|1
|-damage|p2b: Ninetales|0 fnt
|-unboost|p1a: Rotom|spa|2
|faint|p2b: Ninetales
|move|p1b: Scrafty|Knock Off|p2a: Gengar
|-supereffective|p2a: Gengar|1
|-damage|p2a: Gengar|22/100
|
|-weather|Snowscape|[upkeep]
|upkeep
|turn|6
|
|t:|1784211550
|move|p2a: Gengar|Shadow Ball|p1a: Rotom
|-damage|p1a: Rotom|0 fnt
|faint|p1a: Rotom
|move|p1b: Scrafty|Knock Off|p2a: Gengar
|-supereffective|p2a: Gengar|1
|-damage|p2a: Gengar|0 fnt
|faint|p2a: Gengar
|
|win|Frenchtoast1215
||Frenchtoast1215 is ready for game 2.
|l|☆Frenchtoast1215
|player|p1|
|inactive|lucky777n has 30 seconds to confirm battle start!
||lucky777n is ready for game 2.
|uhtml|next|Next: Game 2 of 3
