|j|☆Ganteeeeeee
|j|☆sashield
|html|Ganteeeeeeesashield    
|uhtml|bestof|Game 1 of a best-of-3
|t:|1785270471
|gametype|doubles
|player|p1|Ganteeeeeee|gentleman-gen4dp|1000
|player|p2|sashield|170|1046
|gen|9
|tier|[Gen 9 Champions] VGC 2026 Reg M-B (Bo3)
|rated|
|rule|Species Clause: Limit one of each Pokémon
|rule|Item Clause: Limit 1 of each item
|clearpoke
|poke|p1|Tyranitar, L50, M|
|poke|p1|Garchomp, L50, F|
|poke|p1|Farigiraf, L50, F|
|poke|p1|Sneasler, L50, M, shiny|
|poke|p1|Incineroar, L50, M|
|poke|p1|Mawile, L50, F|
|poke|p2|Dragalge, L50, M|
|poke|p2|Farigiraf, L50, F|
|poke|p2|Torkoal, L50, F|
|poke|p2|Maushold-Four, L50|
|poke|p2|Rotom-Mow, L50|
|poke|p2|Ninetales-Alola, L50, M|
|teampreview|4
|showteam|p1|Tyranitar||Tyranitarite|SandStream|RockSlide,KnockOff,Protect,Curse|Adamant||M|||50|]Garchomp||LifeOrb|SandVeil|Earthquake,RockSlide,SwordsDance,Protect|Jolly||F|||50|]Farigiraf||Leftovers|ArmorTail|TrickRoom,HyperVoice,Protect,PsychicNoise|Sassy||F|||50|]Sneasler||WhiteHerb|Unburden|DireClaw,FakeOut,Protect,CloseCombat|Jolly||M|||50|]Incineroar||SitrusBerry|Intimidate|CloseCombat,FlareBlitz,DarkestLariat,FakeOut|Adamant||M|||50|]Mawile||Mawilite|Intimidate|IronHead,PlayRough,SuckerPunch,Protect|Adamant||F|||50|
|showteam|p2|Dragalge||Dragalgite|PoisonPoint|DragonPulse,ShadowBall,SludgeBomb,Protect|Quiet||M|||50|]Farigiraf||MentalHerb|ArmorTail|TrickRoom,TwinBeam,Thunderbolt,Protect|Quiet||F|||50|]Torkoal||Charcoal|Drought|Eruption,WeatherBall,Protect,EarthPower|Quiet||F|||50|]Maushold-Four||KingsRock|FriendGuard|FollowMe,SuperFang,PopulationBomb,Protect|Jolly|||||50|]Rotom-Mow||SitrusBerry|Levitate|LeafStorm,Electroweb,Protect,WillOWisp|Calm|||||50|]Ninetales-Alola||ChoiceScarf|SnowWarning|Blizzard,FreezeDry,Moonblast,AuroraVeil|Timid||M|||50|
|
|t:|1785270549
|teamsize|p1|4
|teamsize|p2|4
|start
|switch|p1a: LeBron|Garchomp, L50, F|100/100
|switch|p1b: Mr Meta|Incineroar, L50, M|100/100
|switch|p2a: Farigiraf|Farigiraf, L50, F|100/100
|switch|p2b: Ninetales|Ninetales-Alola, L50, M|100/100
|-weather|Snowscape|[from] ability: Snow Warning|[of] p2b: Ninetales
|-ability|p1b: Mr Meta|Intimidate|boost
|-unboost|p2a: Farigiraf|atk|1
|-unboost|p2b: Ninetales|atk|1
|turn|1
|
|t:|1785270582
|switch|p2a: Dragalge|Dragalge, L50, M|100/100
|move|p1a: LeBron|Protect|p1a: LeBron
|-singleturn|p1a: LeBron|Protect
|move|p2b: Ninetales|Freeze-Dry|p1a: LeBron
|-activate|p1a: LeBron|move: Protect
|move|p1b: Mr Meta|Darkest Lariat|p2a: Dragalge
|-damage|p2a: Dragalge|59/100
|
|-weather|Snowscape|[upkeep]
|upkeep
|turn|2
|
|t:|1785270601
|switch|p1a: Chomp chomp|Mawile, L50, F|100/100
|-ability|p1a: Chomp chomp|Intimidate|boost
|-unboost|p2a: Dragalge|atk|1
|-unboost|p2b: Ninetales|atk|1
|detailschange|p2a: Dragalge|Dragalge-Mega, L50, M
|-mega|p2a: Dragalge|Dragalge|Dragalgite
|move|p2b: Ninetales|Freeze-Dry|p1a: Chomp chomp
|-resisted|p1a: Chomp chomp|1
|-damage|p1a: Chomp chomp|77/100
|move|p1b: Mr Meta|Flare Blitz|p2b: Ninetales
|-supereffective|p2b: Ninetales|1
|-damage|p2b: Ninetales|0 fnt
|faint|p2b: Ninetales
|-damage|p1b: Mr Meta|75/100|[from] Recoil
|move|p2a: Dragalge|Dragon Pulse|p1b: Mr Meta
|-damage|p1b: Mr Meta|33/100
|-enditem|p1b: Mr Meta|Sitrus Berry|[eat]
|-heal|p1b: Mr Meta|58/100|[from] item: Sitrus Berry
|
|-weather|Snowscape|[upkeep]
|upkeep
|
|t:|1785270613
|switch|p2b: Torkoal|Torkoal, L50, F|100/100
|-weather|SunnyDay|[from] ability: Drought|[of] p2b: Torkoal
|turn|3
|
|t:|1785270628
|-heal|p2a: Dragalge|92/100|[from] ability: Regenerator|[silent]
|switch|p2a: Farigiraf|Farigiraf, L50, F|100/100
|move|p1a: Chomp chomp|Protect|p1a: Chomp chomp
|-singleturn|p1a: Chomp chomp|Protect
|move|p1b: Mr Meta|Close Combat|p2b: Torkoal
|-damage|p2b: Torkoal|70/100
|-unboost|p1b: Mr Meta|def|1
|-unboost|p1b: Mr Meta|spd|1
|move|p2b: Torkoal|Eruption|p1b: Mr Meta|[spread] p1b
|-activate|p1a: Chomp chomp|move: Protect
|-resisted|p1b: Mr Meta|1
|-damage|p1b: Mr Meta|12/100
|
|-weather|SunnyDay|[upkeep]
|upkeep
|turn|4
|
|t:|1785270648
|detailschange|p1a: Chomp chomp|Mawile-Mega, L50, F
|-mega|p1a: Chomp chomp|Mawile|Mawilite
|move|p2b: Torkoal|Protect|p2b: Torkoal
|-singleturn|p2b: Torkoal|Protect
|move|p1a: Chomp chomp|Sucker Punch||[still]
|cant|p2a: Farigiraf|ability: Armor Tail|Sucker Punch|[of] p1a: Chomp chomp
|move|p1b: Mr Meta|Darkest Lariat|p2a: Farigiraf
|-supereffective|p2a: Farigiraf|1
|-damage|p2a: Farigiraf|19/100
|move|p2a: Farigiraf|Trick Room|p2a: Farigiraf
|-fieldstart|move: Trick Room|[of] p2a: Farigiraf
|
|-weather|SunnyDay|[upkeep]
|upkeep
|turn|5
|j| soulmoonvgc
|
|t:|1785270679
|switch|p1a: The GOAT|Tyranitar, L50, M|100/100
|-weather|Sandstorm|[from] ability: Sand Stream|[of] p1a: The GOAT
|move|p2b: Torkoal|Earth Power|p1b: Mr Meta
|-supereffective|p1b: Mr Meta|1
|-damage|p1b: Mr Meta|0 fnt
|faint|p1b: Mr Meta
|move|p2a: Farigiraf|Thunderbolt|p1a: The GOAT
|-crit|p1a: The GOAT
|-damage|p1a: The GOAT|79/100
|-status|p1a: The GOAT|par
|
|-weather|Sandstorm|[upkeep]
|-damage|p2b: Torkoal|64/100|[from] Sandstorm
|-damage|p2a: Farigiraf|13/100|[from] Sandstorm
|upkeep
|
|t:|1785270688
|switch|p1b: LeBron|Garchomp, L50, F|100/100
|turn|6
|
|t:|1785270699
|move|p2b: Torkoal|Protect|p2b: Torkoal
|-singleturn|p2b: Torkoal|Protect
|move|p1a: The GOAT|Protect|p1a: The GOAT
|-singleturn|p1a: The GOAT|Protect
|move|p2a: Farigiraf|Twin Beam|p1b: LeBron
|-damage|p1b: LeBron|81/100
|-damage|p1b: LeBron|65/100
|-hitcount|p1b: LeBron|2
|move|p1b: LeBron|Earthquake|p2a: Farigiraf|[spread] p2a
|-activate|p1a: The GOAT|move: Protect
|-activate|p2b: Torkoal|move: Protect
|-damage|p2a: Farigiraf|0 fnt
|faint|p2a: Farigiraf
|-damage|p1b: LeBron|55/100|[from] item: Life Orb
|
|-weather|Sandstorm|[upkeep]
|-damage|p2b: Torkoal|58/100|[from] Sandstorm
|upkeep
|
|t:|1785270709
|switch|p2a: Dragalge|Dragalge-Mega, L50, M|92/100
|turn|7
|
|t:|1785270740
|move|p1b: LeBron|Protect|p1b: LeBron
|-singleturn|p1b: LeBron|Protect
|move|p2b: Torkoal|Weather Ball|p1a: The GOAT
|-damage|p1a: The GOAT|61/100 par
|move|p1a: The GOAT|Curse|p1a: The GOAT
|-unboost|p1a: The GOAT|spe|1
|-boost|p1a: The GOAT|atk|1
|-boost|p1a: The GOAT|def|1
|move|p2a: Dragalge|Dragon Pulse|p1a: The GOAT
|-damage|p1a: The GOAT|33/100 par
|
|-weather|Sandstorm|[upkeep]
|-damage|p2b: Torkoal|51/100|[from] Sandstorm
|-damage|p2a: Dragalge|86/100|[from] Sandstorm
|upkeep
|turn|8
|
|t:|1785270776
|move|p1a: The GOAT|Knock Off|p2a: Dragalge
|-damage|p2a: Dragalge|38/100
|move|p2b: Torkoal|Earth Power|p1a: The GOAT
|-supereffective|p1a: The GOAT|1
|-damage|p1a: The GOAT|1/100 par
|move|p2a: Dragalge|Dragon Pulse|p1b: LeBron
|-supereffective|p1b: LeBron|1
|-damage|p1b: LeBron|0 fnt
|faint|p1b: LeBron
|
|-weather|Sandstorm|[upkeep]
|-damage|p2b: Torkoal|45/100|[from] Sandstorm
|-damage|p2a: Dragalge|33/100|[from] Sandstorm
|-fieldend|move: Trick Room
|upkeep
|
|t:|1785270781
|switch|p1b: Chomp chomp|Mawile-Mega, L50, F|77/100
|turn|9
|
|t:|1785270803
|move|p1b: Chomp chomp|Sucker Punch|p2b: Torkoal
|-damage|p2b: Torkoal|7/100
|move|p2a: Dragalge|Shadow Ball|p1b: Chomp chomp
|-crit|p1b: Chomp chomp
|-damage|p1b: Chomp chomp|30/100
|move|p2b: Torkoal|Eruption|p1b: Chomp chomp|[spread] p1a,p1b
|-resisted|p1a: The GOAT|1
|-crit|p1a: The GOAT
|-supereffective|p1b: Chomp chomp|1
|-damage|p1a: The GOAT|0 fnt
|-damage|p1b: Chomp chomp|19/100
|faint|p1a: The GOAT
|
|-weather|none
|upkeep
|turn|10
|
|t:|1785270820
|move|p2a: Dragalge|Protect|p2a: Dragalge
|-singleturn|p2a: Dragalge|Protect
|move|p1b: Chomp chomp|Sucker Punch||[still]
|-fail|p1b: Chomp chomp
|move|p2b: Torkoal|Earth Power|p1b: Chomp chomp
|-supereffective|p1b: Chomp chomp|1
|-damage|p1b: Chomp chomp|0 fnt
|faint|p1b: Chomp chomp
|
|win|sashield
