|j|☆Professor_J93
|j|☆Invoker Kuzan
|html|Professor_J93Invoker Kuzan    
|uhtml|bestof|Game 2 of a best-of-3
|t:|1756335811
|gametype|doubles
|player|p1|Professor_J93|170|1213
|player|p2|Invoker Kuzan|marnie-masters3|1208
|gen|9
|tier|[Gen 9] VGC 2025 Reg H (Bo3)
|rated|
|rule|Species Clause: Limit one of each Pokémon
|rule|Item Clause: Limit 1 of each item
|clearpoke
|poke|p1|Decidueye-Hisui, L50, M|
|poke|p1|Electabuzz, L50, M|
|poke|p1|Yanmega, L50, M|
|poke|p1|Chandelure, L50, F|
|poke|p1|Metagross, L50|
|poke|p1|Ursaluna, L50, F|
|poke|p2|Indeedee-F, L50, F|
|poke|p2|Hatterene, L50, F|
|poke|p2|Gallade, L50, M|
|poke|p2|Ursaluna, L50, M|
|poke|p2|Lilligant-Hisui, L50, F|
|poke|p2|Torkoal, L50, M|
|teampreview|4
|showteam|p1|Decidueye-Hisui||ScopeLens|Scrappy|TripleArrows,LeafBlade,Haze,Protect|||M|||50|,,,,,Fire]Electabuzz||Eviolite|VitalSpirit|Electroweb,FollowMe,Taunt,Thunderbolt|||M|||50|,,,,,Dragon]Yanmega||FocusSash|SpeedBoost|AirSlash,BugBuzz,Tailwind,Protect|||M|||50|,,,,,Ghost]Chandelure||FlamePlate|FlashFire|ShadowBall,HeatWave,TrickRoom,Protect|||F|||50|,,,,,Grass]Metagross||AssaultVest|ClearBody|HeavySlam,PsychicFangs,KnockOff,BulletPunch||||||50|,,,,,Fire]Ursaluna||FlameOrb|Guts|Facade,HeadlongRush,Earthquake,Protect|||F|||50|,,,,,Fairy
|showteam|p2|Indeedee-F||PsychicSeed|PsychicSurge|TrickRoom,FollowMe,HelpingHand,DazzlingGleam|||F|||50|,,,,,Fire]Hatterene||LifeOrb|MagicBounce|ExpandingForce,TrickRoom,DazzlingGleam,Protect|||F|||50|,,,,,Psychic]Gallade||ClearAmulet|Sharpness|PsychoCut,TrickRoom,SacredSword,WideGuard|||M|||50|,,,,,Grass]Ursaluna||FlameOrb|Guts|HeadlongRush,Facade,SwordsDance,Protect|||M|||50|,,,,,Ghost]Lilligant-Hisui||FocusSash|Chlorophyll|SolarBlade,SleepPowder,CloseCombat,AfterYou|||F|||50|,,,,,Ghost]Torkoal||ChoiceSpecs|Drought|Eruption,HeatWave,WeatherBall,EarthPower|||M|||50|,,,,,Fire
|inactive|Battle timer is ON: inactive players will automatically lose when time's up. (requested by Professor_J93)
|
|t:|1756335831
|teamsize|p1|4
|teamsize|p2|4
|start
|switch|p1a: ElectaGOAT|Electabuzz, L50, M, shiny|100/100
|switch|p1b: Metagross|Metagross, L50|100/100
|switch|p2a: Indeedee|Indeedee-F, L50, F, shiny|100/100
|switch|p2b: Gallade|Gallade, L50, M, shiny|100/100
|-fieldstart|move: Psychic Terrain|[from] ability: Psychic Surge|[of] p2a: Indeedee
|-enditem|p2a: Indeedee|Psychic Seed
|-boost|p2a: Indeedee|spd|1|[from] item: Psychic Seed
|turn|1
|
|t:|1756335844
|move|p2a: Indeedee|Follow Me|p2a: Indeedee
|-singleturn|p2a: Indeedee|move: Follow Me
|move|p1a: ElectaGOAT|Taunt|p2a: Indeedee
|-start|p2a: Indeedee|move: Taunt
|move|p1b: Metagross|Psychic Fangs|p2a: Indeedee
|-resisted|p2a: Indeedee
|-damage|p2a: Indeedee|72/100
|move|p2b: Gallade|Trick Room|p2b: Gallade
|-fieldstart|move: Trick Room|[of] p2b: Gallade
|
|upkeep
|turn|2
|
|t:|1756335860
|switch|p2a: Ursaluna|Ursaluna, L50, M, shiny|100/100
|move|p2b: Gallade|Psycho Cut|p1a: ElectaGOAT
|-damage|p1a: ElectaGOAT|26/100
|move|p1b: Metagross|Knock Off|p2a: Ursaluna
|-damage|p2a: Ursaluna|76/100
|-enditem|p2a: Ursaluna|Flame Orb|[from] move: Knock Off|[of] p1b: Metagross
|move|p1a: ElectaGOAT|Thunderbolt|p2b: Gallade
|-damage|p2b: Gallade|70/100
|
|upkeep
|turn|3
|
|t:|1756335882
|switch|p2b: Torkoal|Torkoal, L50, M, shiny|100/100
|-weather|SunnyDay|[from] ability: Drought|[of] p2b: Torkoal
|move|p1a: ElectaGOAT|Follow Me|p1a: ElectaGOAT
|-singleturn|p1a: ElectaGOAT|move: Follow Me
|move|p2a: Ursaluna|Headlong Rush|p1a: ElectaGOAT
|-supereffective|p1a: ElectaGOAT
|-damage|p1a: ElectaGOAT|0 fnt
|-unboost|p2a: Ursaluna|def|1
|-unboost|p2a: Ursaluna|spd|1
|faint|p1a: ElectaGOAT
|move|p1b: Metagross|Heavy Slam|p2b: Torkoal
|-resisted|p2b: Torkoal
|-damage|p2b: Torkoal|74/100
|
|-weather|SunnyDay|[upkeep]
|upkeep
|
|t:|1756335896
|switch|p1a: Chandelure|Chandelure, L50, F|100/100
|turn|4
|
|t:|1756335914
|switch|p1b: Ursaluna|Ursaluna, L50, F|100/100
|-terastallize|p2b: Torkoal|Fire
|-terastallize|p1a: Chandelure|Grass
|move|p2b: Torkoal|Weather Ball|p1b: Ursaluna
|-damage|p1b: Ursaluna|0 fnt
|faint|p1b: Ursaluna
|move|p2a: Ursaluna|Headlong Rush|p1a: Chandelure
|-resisted|p1a: Chandelure
|-damage|p1a: Chandelure|54/100
|-unboost|p2a: Ursaluna|def|1
|-unboost|p2a: Ursaluna|spd|1
|move|p1a: Chandelure|Heat Wave|p2b: Torkoal|[spread] p2a,p2b
|-resisted|p2b: Torkoal
|-damage|p2a: Ursaluna|0 fnt
|-damage|p2b: Torkoal|24/100
|faint|p2a: Ursaluna
|
|-weather|SunnyDay|[upkeep]
|upkeep
|
|t:|1756335931
|switch|p2a: Indeedee|Indeedee-F, L50, F, shiny|72/100
|switch|p1b: Metagross|Metagross, L50|100/100
|turn|5
|
|t:|1756335944
|move|p2a: Indeedee|Helping Hand|p2b: Torkoal
|-singleturn|p2b: Torkoal|Helping Hand|[of] p2a: Indeedee
|move|p2b: Torkoal|Weather Ball|p1b: Metagross
|-supereffective|p1b: Metagross
|-damage|p1b: Metagross|0 fnt
|faint|p1b: Metagross
|move|p1a: Chandelure|Heat Wave|p2b: Torkoal|[spread] p2a,p2b
|-resisted|p2b: Torkoal
|-damage|p2a: Indeedee|0 fnt
|-damage|p2b: Torkoal|0 fnt
|faint|p2a: Indeedee
|faint|p2b: Torkoal
|
|-weather|SunnyDay|[upkeep]
|-fieldend|move: Trick Room
|-fieldend|move: Psychic Terrain
|upkeep
|
|t:|1756335947
|switch|p2b: Gallade|Gallade, L50, M, shiny|70/100
|turn|6
|
|t:|1756335956
|move|p1a: Chandelure|Shadow Ball|p2b: Gallade
|-supereffective|p2b: Gallade
|-damage|p2b: Gallade|0 fnt
|faint|p2b: Gallade
|
|win|Professor_J93
||Professor_J93 is ready for game 3.
||Invoker Kuzan is ready for game 3.
|uhtml|next|Next: Game 3 of 3
|l|☆Professor_J93
|player|p1|
