|j|☆elmono11
|j|☆cubeandcroc
|html|elmono11cubeandcroc    
|uhtml|bestof|Game 3 of a best-of-3
|t:|1785601963
|gametype|doubles
|player|p1|elmono11|101|1437
|player|p2|cubeandcroc|170|1322
|gen|9
|tier|[Gen 9 Champions] VGC 2026 Reg M-B (Bo3)
|rated|
|rule|Species Clause: Limit one of each Pokémon
|rule|Item Clause: Limit 1 of each item
|clearpoke
|poke|p1|Staraptor, L50, M|
|poke|p1|Garchomp, L50, M|
|poke|p1|Whimsicott, L50, M|
|poke|p1|Delphox, L50, M|
|poke|p1|Glimmora, L50, M|
|poke|p1|Kingambit, L50, M|
|poke|p2|Pelipper, L50, F|
|poke|p2|Archaludon, L50, M|
|poke|p2|Swampert, L50, F|
|poke|p2|Sneasler, L50, F|
|poke|p2|Gholdengo, L50|
|poke|p2|Tsareena, L50, F|
|teampreview|4
|showteam|p1|Staraptor||Staraptite|Intimidate|CloseCombat,BraveBird,Roost,Protect|Jolly||M|||50|]Garchomp||LifeOrb|RoughSkin|Earthquake,DragonClaw,RockSlide,Protect|Jolly||M|||50|]Whimsicott||OccaBerry|Prankster|Moonblast,Tailwind,Charm,LightScreen|Timid||M|||50|]Delphox||Delphoxite|Magician|HeatWave,Psychic,Substitute,Protect|Timid||M|||50|]Glimmora||FocusSash|ToxicDebris|SludgeBomb,PowerGem,EarthPower,SpikyShield|Timid||M|||50|]Kingambit||ChopleBerry|Defiant|KowtowCleave,SuckerPunch,LowKick,IronHead|Adamant||M|||50|
|showteam|p2|Pelipper||FocusSash|Drizzle|WeatherBall,Hurricane,Tailwind,WideGuard|Modest||F|||50|]Archaludon||Leftovers|Stamina|DragonPulse,FlashCannon,ElectroShot,Protect|Modest||M|||50|]Swampert||Swampertite|Torrent|WaveCrash,Earthquake,IcePunch,Protect|Adamant||F|||50|]Sneasler||WhiteHerb|Unburden|FakeOut,CloseCombat,PoisonJab,Protect|Jolly||F|||50|]Gholdengo||LifeOrb|GoodasGold|MakeItRain,ShadowBall,NastyPlot,Protect|Timid|||||50|]Tsareena||SitrusBerry|QueenlyMajesty|TropKick,KnockOff,HelpingHand,Protect|Careful||F|||50|
|inactive|Battle timer is ON: inactive players will automatically lose when time's up. (requested by elmono11)
|inactive|elmono11 has 60 seconds left.
|inactive|cubeandcroc has 60 seconds left.
|
|t:|1785602020
|teamsize|p1|4
|teamsize|p2|4
|start
|switch|p1a: Whimsicott|Whimsicott, L50, M|100/100
|switch|p1b: Staraptor|Staraptor, L50, M|100/100
|switch|p2a: Sneasler|Sneasler, L50, F|100/100
|switch|p2b: Gholdengo|Gholdengo, L50|100/100
|-ability|p1b: Staraptor|Intimidate|boost
|-unboost|p2a: Sneasler|atk|1
|-unboost|p2b: Gholdengo|atk|1
|-enditem|p2a: Sneasler|White Herb
|-clearnegativeboost|p2a: Sneasler|[silent]
|turn|1
|
|t:|1785602036
|switch|p1a: Garchomp|Garchomp, L50, M|100/100
|detailschange|p1b: Staraptor|Staraptor-Mega, L50, M
|-mega|p1b: Staraptor|Staraptor|Staraptite
|move|p2a: Sneasler|Fake Out|p1a: Garchomp
|-damage|p1a: Garchomp|86/100
|-damage|p2a: Sneasler|87/100|[from] ability: Rough Skin|[of] p1a: Garchomp
|move|p1b: Staraptor|Brave Bird|p2a: Sneasler
|-supereffective|p2a: Sneasler|1
|-damage|p2a: Sneasler|0 fnt
|faint|p2a: Sneasler
|-damage|p1b: Staraptor|75/100|[from] Recoil
|move|p2b: Gholdengo|Make It Rain|p1b: Staraptor|[spread] p1a,p1b
|-crit|p1b: Staraptor
|-damage|p1a: Garchomp|22/100
|-damage|p1b: Staraptor|0 fnt
|-unboost|p2b: Gholdengo|spa|2
|faint|p1b: Staraptor
|-damage|p2b: Gholdengo|90/100|[from] item: Life Orb
|
|upkeep
|
|t:|1785602053
|switch|p2a: Swampert|Swampert, L50, F|100/100
|switch|p1b: Whimsicott|Whimsicott, L50, M|100/100
|turn|2
|inactive|elmono11 has 30 seconds left.
|inactive|elmono11 has 20 seconds left.
|
|t:|1785602088
|switch|p2b: Pelipper|Pelipper, L50, F|100/100
|-weather|RainDance|[from] ability: Drizzle|[of] p2b: Pelipper
|detailschange|p2a: Swampert|Swampert-Mega, L50, F
|-mega|p2a: Swampert|Swampert|Swampertite
|move|p1b: Whimsicott|Tailwind|p1b: Whimsicott
|-sidestart|p1: elmono11|move: Tailwind
|move|p1a: Garchomp|Rock Slide|p2b: Pelipper|[spread] p2a,p2b
|-resisted|p2a: Swampert|1
|-supereffective|p2b: Pelipper|1
|-damage|p2a: Swampert|89/100
|-damage|p2b: Pelipper|42/100
|-damage|p1a: Garchomp|12/100|[from] item: Life Orb
|cant|p2a: Swampert|flinch
|
|-weather|RainDance|[upkeep]
|upkeep
|turn|3
|inactive|elmono11 has 30 seconds left.
|inactive|cubeandcroc has 30 seconds left.
|inactive|elmono11 has 20 seconds left.
|inactive|elmono11 has 15 seconds left.
|inactive|elmono11 has 10 seconds left.
|
|t:|1785602134
|move|p1b: Whimsicott|Moonblast|p2b: Pelipper
|-damage|p2b: Pelipper|2/100
|move|p1a: Garchomp|Dragon Claw|p2a: Swampert
|-damage|p2a: Swampert|48/100
|-damage|p1a: Garchomp|2/100|[from] item: Life Orb
|move|p2a: Swampert|Earthquake|p1a: Garchomp|[spread] p1a,p1b
|-immune|p2b: Pelipper
|-resisted|p1b: Whimsicott|1
|-damage|p1a: Garchomp|0 fnt
|-damage|p1b: Whimsicott|72/100
|faint|p1a: Garchomp
|move|p2b: Pelipper|Tailwind|p2b: Pelipper
|-sidestart|p2: cubeandcroc|move: Tailwind
|
|-weather|RainDance|[upkeep]
|upkeep
|
|t:|1785602136
|switch|p1a: Glimmora|Glimmora, L50, M|100/100
|turn|4
|inactive|elmono11 has 30 seconds left.
|inactive|cubeandcroc has 30 seconds left.
|inactive|elmono11 has 20 seconds left.
|inactive|elmono11 has 15 seconds left.
|
|t:|1785602178
|move|p1a: Glimmora|Spiky Shield|p1a: Glimmora
|-singleturn|p1a: Glimmora|move: Protect
|move|p2a: Swampert|Ice Punch|p1b: Whimsicott
|-supereffective|p1b: Whimsicott|1
|-damage|p1b: Whimsicott|0 fnt
|faint|p1b: Whimsicott
|move|p2b: Pelipper|Weather Ball|p1a: Glimmora
|-activate|p1a: Glimmora|move: Protect
|
|-weather|RainDance|[upkeep]
|upkeep
|turn|5
|-message|elmono11 forfeited.
|
|win|cubeandcroc
|raw|elmono11's rating: 1437 → 1411(-26 for losing)
|raw|cubeandcroc's rating: 1322 → 1348(+26 for winning)
