|j|☆milkandcereals
|j|☆Canned Furs
|html|milkandcerealsCanned Furs    
|uhtml|bestof|Game 2 of a best-of-3
|t:|1756558116
|gametype|doubles
|player|p1|milkandcereals|blue|1111
|player|p2|Canned Furs|wulfric|1000
|gen|9
|tier|[Gen 9] VGC 2025 Reg H (Bo3)
|rated|
|rule|Species Clause: Limit one of each Pokémon
|rule|Item Clause: Limit 1 of each item
|clearpoke
|poke|p1|Porygon2, L50|
|poke|p1|Rillaboom, L50, M|
|poke|p1|Ursaluna, L50, M|
|poke|p1|Jumpluff, L50, M|
|poke|p1|Charizard, L50, M|
|poke|p1|Torkoal, L50, M|
|poke|p2|Lilligant-Hisui, L50, F|
|poke|p2|Torkoal, L50, M|
|poke|p2|Farigiraf, L50, M|
|poke|p2|Hariyama, L50, F|
|poke|p2|Rillaboom, L50, M|
|poke|p2|Wyrdeer, L50, M|
|teampreview|4
|showteam|p1|Porygon2||Eviolite|Download|TeraBlast,IceBeam,TrickRoom,Recover||||||50|,,,,,Fighting]Rillaboom||AssaultVest|GrassySurge|FakeOut,GrassyGlide,WoodHammer,HighHorsepower|||M|||50|,,,,,Water]Ursaluna||FlameOrb|Guts|Protect,Facade,Earthquake,HeadlongRush|||M|||50|,,,,,Ghost]Jumpluff||CovertCloak|Chlorophyll|SleepPowder,SunnyDay,Tailwind,RagePowder|||M|||50|,,,,,Fire]Charizard||ChoiceSpecs|SolarPower|HeatWave,Overheat,WeatherBall,DragonPulse|||M|||50|,,,,,Ghost]Torkoal||EjectPack|Drought|Overheat,Eruption,HelpingHand,Protect|||M|||50|,,,,,Fire
|showteam|p2|Lilligant-Hisui||FocusSash|Chlorophyll|CloseCombat,AfterYou,SwordsDance,GrassyGlide|||F|||50|,,,,,Ghost]Torkoal||Charcoal|Drought|HeatWave,Eruption,EarthPower,Protect|||M|||50|,,,,,Fire]Farigiraf||SafetyGoggles|ArmorTail|TrickRoom,HelpingHand,Protect,PsychicNoise|||M|||50|,,,,,Fire]Hariyama||ClearAmulet|ThickFat|FakeOut,CloseCombat,HeadlongRush,KnockOff|||F|||50|,,,,,Ground]Rillaboom||AssaultVest|GrassySurge|FakeOut,GrassyGlide,WoodHammer,Uturn|||M|||50|,,,,,Fire]Wyrdeer||MentalHerb|Intimidate|TrickRoom,Thunderbolt,HelpingHand,TeraBlast|||M|||50|,,,,,Fighting
|inactive|Battle timer is ON: inactive players will automatically lose when time's up. (requested by milkandcereals)
|
|t:|1756558128
|teamsize|p1|4
|teamsize|p2|4
|start
|switch|p1a: Jumpluff|Jumpluff, L50, M|100/100
|switch|p1b: Rillaboom|Rillaboom, L50, M|100/100
|switch|p2a: Lilligant|Lilligant-Hisui, L50, F|100/100
|switch|p2b: Torkoal|Torkoal, L50, M|100/100
|-fieldstart|move: Grassy Terrain|[from] ability: Grassy Surge|[of] p1b: Rillaboom
|-weather|SunnyDay|[from] ability: Drought|[of] p2b: Torkoal
|turn|1
|
|t:|1756558150
|switch|p2b: Farigiraf|Farigiraf, L50, M|100/100
|-terastallize|p1a: Jumpluff|Fire
|move|p1a: Jumpluff|Sleep Powder|p2b: Farigiraf
|-activate|p2b: Farigiraf|item: Safety Goggles|Sleep Powder
|move|p2a: Lilligant|Swords Dance|p2a: Lilligant
|-boost|p2a: Lilligant|atk|2
|move|p1b: Rillaboom|Wood Hammer|p2a: Lilligant
|-resisted|p2a: Lilligant
|-damage|p2a: Lilligant|36/100
|-damage|p1b: Rillaboom|86/100|[from] Recoil
|
|-weather|SunnyDay|[upkeep]
|-heal|p2a: Lilligant|43/100|[from] Grassy Terrain
|-heal|p1b: Rillaboom|91/100|[from] Grassy Terrain
|upkeep
|turn|2
|inactive|milkandcereals has 30 seconds left.
|inactive|Canned Furs has 30 seconds left.
|inactive|milkandcereals has 20 seconds left.
|inactive|milkandcereals has 15 seconds left.
|inactive|milkandcereals has 10 seconds left.
|inactive|milkandcereals has 5 seconds left.
|
|t:|1756558200
|switch|p1a: Porygon2|Porygon2, L50|100/100
|-ability|p1a: Porygon2|Download|boost
|-boost|p1a: Porygon2|atk|1
|move|p2a: Lilligant|Close Combat|p1a: Porygon2
|-supereffective|p1a: Porygon2
|-damage|p1a: Porygon2|0 fnt
|-unboost|p2a: Lilligant|def|1
|-unboost|p2a: Lilligant|spd|1
|faint|p1a: Porygon2
|move|p1b: Rillaboom|Wood Hammer|p2a: Lilligant
|-resisted|p2a: Lilligant
|-damage|p2a: Lilligant|0 fnt
|faint|p2a: Lilligant
|-damage|p1b: Rillaboom|82/100|[from] Recoil
|move|p2b: Farigiraf|Trick Room|p2b: Farigiraf
|-fieldstart|move: Trick Room|[of] p2b: Farigiraf
|
|-weather|SunnyDay|[upkeep]
|-heal|p1b: Rillaboom|87/100|[from] Grassy Terrain
|upkeep
|
|t:|1756558208
|switch|p1a: Ursaluna|Ursaluna, L50, M|100/100
|switch|p2a: Torkoal|Torkoal, L50, M|100/100
|turn|3
|
|t:|1756558227
|-terastallize|p2a: Torkoal|Fire
|move|p2b: Farigiraf|Helping Hand|p2a: Torkoal
|-singleturn|p2a: Torkoal|Helping Hand|[of] p2b: Farigiraf
|move|p1a: Ursaluna|Protect|p1a: Ursaluna
|-singleturn|p1a: Ursaluna|Protect
|move|p2a: Torkoal|Eruption|p1a: Ursaluna|[spread] p1b
|-activate|p1a: Ursaluna|move: Protect
|-supereffective|p1b: Rillaboom
|-damage|p1b: Rillaboom|0 fnt
|faint|p1b: Rillaboom
|
|-weather|SunnyDay|[upkeep]
|-status|p1a: Ursaluna|brn|[from] item: Flame Orb
|upkeep
|
|t:|1756558230
|switch|p1b: Jumpluff|Jumpluff, L50, M, tera:Fire|100/100
|turn|4
|
|t:|1756558246
|move|p2b: Farigiraf|Helping Hand|p2a: Torkoal
|-singleturn|p2a: Torkoal|Helping Hand|[of] p2b: Farigiraf
|move|p1b: Jumpluff|Rage Powder|p1b: Jumpluff
|-singleturn|p1b: Jumpluff|move: Rage Powder
|move|p2a: Torkoal|Eruption|p1b: Jumpluff|[spread] p1a,p1b
|-resisted|p1b: Jumpluff
|-damage|p1a: Ursaluna|0 fnt
|-damage|p1b: Jumpluff|13/100
|faint|p1a: Ursaluna
|
|-weather|SunnyDay|[upkeep]
|-heal|p1b: Jumpluff|19/100|[from] Grassy Terrain
|upkeep
|turn|5
|-message|milkandcereals forfeited.
|
|win|Canned Furs
|raw|milkandcereals's rating: 1111 → 1078(-33 for losing)
|raw|Canned Furs's rating: 1000 → 1052(+52 for winning)
