|j|☆icarvicoboys
|j|☆joshuajohnf
|html|icarvicoboysjoshuajohnf    
|uhtml|bestof|Game 3 of a best-of-3
|t:|1755854865
|gametype|doubles
|player|p1|icarvicoboys|clemont|1207
|player|p2|joshuajohnf|102|1248
|gen|9
|tier|[Gen 9] VGC 2025 Reg H (Bo3)
|rated|
|rule|Species Clause: Limit one of each Pokémon
|rule|Item Clause: Limit 1 of each item
|clearpoke
|poke|p1|Gholdengo, L50|
|poke|p1|Sneasler, L50, M|
|poke|p1|Rillaboom, L50, F|
|poke|p1|Dragonite, L50, M|
|poke|p1|Ninetales-Alola, L50, M|
|poke|p1|Arcanine-Hisui, L50, M|
|poke|p2|Dondozo, L50, F|
|poke|p2|Tatsugiri, L50, M|
|poke|p2|Gholdengo, L50|
|poke|p2|Murkrow, L50, M|
|poke|p2|Glimmora, L50, M|
|poke|p2|Tyranitar, L50, F|
|teampreview|4
|showteam|p1|Gholdengo||GrassySeed|GoodasGold|NastyPlot,MakeItRain,ShadowBall,Protect||||||50|,,,,,Water]Sneasler||WhiteHerb|Unburden|CloseCombat,DireClaw,Coaching,Protect|||M|||50|,,,,,Ghost]Rillaboom||AssaultVest|GrassySurge|FakeOut,GrassyGlide,DrumBeating,HighHorsepower|||F|||50|,,,,,Fire]Dragonite||LoadedDice|Multiscale|ScaleShot,Haze,StompingTantrum,Protect|||M|||50|,,,,,Ground]Ninetales-Alola||FocusSash|SnowWarning|Blizzard,IcyWind,Encore,AuroraVeil|||M|||50|,,,,,Ghost]Arcanine-Hisui||ClearAmulet|Intimidate|RockSlide,FlareBlitz,ExtremeSpeed,Protect|||M|||50|,,,,,Water
|showteam|p2|Dondozo||Leftovers|Unaware|Protect,WaveCrash,Earthquake,OrderUp|||F|||50|,,,,,Grass]Tatsugiri||ChoiceScarf|Commander|DracoMeteor,IcyWind,MuddyWater,DragonPulse|||M|||50|,,,,,Fairy]Gholdengo||ChoiceSpecs|GoodasGold|MakeItRain,Trick,ShadowBall,Thunderbolt||||||50|,,,,,Steel]Murkrow||Eviolite|Prankster|Haze,Tailwind,BraveBird,Taunt|||M|||50|,,,,,Ghost]Glimmora||PowerHerb|ToxicDebris|SpikyShield,MeteorBeam,EarthPower,SludgeBomb|||M|||50|,,,,,Grass]Tyranitar||AssaultVest|SandStream|LowKick,RockSlide,KnockOff,TeraBlast|||F|||50|,,,,,Flying
|
|t:|1755854875
|teamsize|p1|4
|teamsize|p2|4
|start
|switch|p1a: Ninetales|Ninetales-Alola, L50, M|100/100
|switch|p1b: Gholdengo|Gholdengo, L50|100/100
|switch|p2a: Murkrow|Murkrow, L50, M|100/100
|switch|p2b: Gholdengo|Gholdengo, L50|100/100
|-weather|Snowscape|[from] ability: Snow Warning|[of] p1a: Ninetales
|turn|1
|
|t:|1755854889
|switch|p2a: Tyranitar|Tyranitar, L50, F|100/100
|-weather|Sandstorm|[from] ability: Sand Stream|[of] p2a: Tyranitar
|-terastallize|p2b: Gholdengo|Steel
|-terastallize|p1b: Gholdengo|Water
|move|p1a: Ninetales|Blizzard|p2a: Tyranitar|[spread] p2a
|-miss|p1a: Ninetales|p2b: Gholdengo
|-damage|p2a: Tyranitar|86/100
|move|p2b: Gholdengo|Shadow Ball|p1b: Gholdengo
|-damage|p1b: Gholdengo|41/100
|move|p1b: Gholdengo|Shadow Ball|p2b: Gholdengo
|-damage|p2b: Gholdengo|56/100
|
|-weather|Sandstorm|[upkeep]
|-damage|p1a: Ninetales|94/100|[from] Sandstorm
|-damage|p1b: Gholdengo|35/100|[from] Sandstorm
|upkeep
|turn|2
|
|t:|1755854913
|switch|p2b: Murkrow|Murkrow, L50, M|100/100
|move|p1a: Ninetales|Icy Wind|p2b: Murkrow|[spread] p2a,p2b
|-supereffective|p2b: Murkrow
|-damage|p2a: Tyranitar|80/100
|-damage|p2b: Murkrow|75/100
|-unboost|p2a: Tyranitar|spe|1
|-unboost|p2b: Murkrow|spe|1
|move|p1b: Gholdengo|Shadow Ball|p2b: Murkrow
|-resisted|p2b: Murkrow
|-damage|p2b: Murkrow|57/100
|move|p2a: Tyranitar|Rock Slide|p1a: Ninetales|[spread] p1a,p1b
|-supereffective|p1a: Ninetales
|-damage|p1a: Ninetales|2/100
|-damage|p1b: Gholdengo|4/100
|
|-weather|Sandstorm|[upkeep]
|-damage|p1a: Ninetales|0 fnt|[from] Sandstorm
|-damage|p1b: Gholdengo|0 fnt|[from] Sandstorm
|-damage|p2b: Murkrow|51/100|[from] Sandstorm
|faint|p1a: Ninetales
|faint|p1b: Gholdengo
|upkeep
|
|t:|1755854928
|switch|p1a: Dragonite|Dragonite, L50, M|100/100
|switch|p1b: Rillaboom|Rillaboom, L50, F|100/100
|-fieldstart|move: Grassy Terrain|[from] ability: Grassy Surge|[of] p1b: Rillaboom
|turn|3
|
|t:|1755854940
|switch|p2b: Glimmora|Glimmora, L50, M|100/100
|move|p1b: Rillaboom|Fake Out|p2b: Glimmora
|-resisted|p2b: Glimmora
|-damage|p2b: Glimmora|95/100
|-activate|p2b: Glimmora|ability: Toxic Debris
|-sidestart|p1: icarvicoboys|move: Toxic Spikes
|move|p1a: Dragonite|Scale Shot|p2b: Glimmora
|-damage|p2b: Glimmora|80/100
|-activate|p2b: Glimmora|ability: Toxic Debris
|-sidestart|p1: icarvicoboys|move: Toxic Spikes
|-damage|p2b: Glimmora|64/100
|-damage|p2b: Glimmora|49/100
|-damage|p2b: Glimmora|34/100
|-damage|p2b: Glimmora|18/100
|-hitcount|p2b: Glimmora|5
|-unboost|p1a: Dragonite|def|1
|-boost|p1a: Dragonite|spe|1
|move|p2a: Tyranitar|Rock Slide|p1a: Dragonite|[spread] p1a,p1b
|-supereffective|p1a: Dragonite
|-damage|p1a: Dragonite|41/100
|-damage|p1b: Rillaboom|66/100
|
|-weather|Sandstorm|[upkeep]
|-damage|p1a: Dragonite|35/100|[from] Sandstorm
|-damage|p1b: Rillaboom|60/100|[from] Sandstorm
|-heal|p1b: Rillaboom|66/100|[from] Grassy Terrain
|-heal|p2b: Glimmora|24/100|[from] Grassy Terrain
|-heal|p2a: Tyranitar|86/100|[from] Grassy Terrain
|upkeep
|turn|4
|
|t:|1755854967
|move|p2b: Glimmora|Spiky Shield|p2b: Glimmora
|-singleturn|p2b: Glimmora|move: Protect
|move|p1a: Dragonite|Scale Shot|p2b: Glimmora
|-activate|p2b: Glimmora|move: Protect
|move|p1b: Rillaboom|Drum Beating|p2a: Tyranitar
|-supereffective|p2a: Tyranitar
|-damage|p2a: Tyranitar|0 fnt
|faint|p2a: Tyranitar
|
|-weather|Sandstorm|[upkeep]
|-damage|p1a: Dragonite|29/100|[from] Sandstorm
|-damage|p1b: Rillaboom|60/100|[from] Sandstorm
|-heal|p1b: Rillaboom|66/100|[from] Grassy Terrain
|-heal|p2b: Glimmora|30/100|[from] Grassy Terrain
|upkeep
|
|t:|1755854973
|switch|p2a: Murkrow|Murkrow, L50, M|51/100
|turn|5
|
|t:|1755854987
|move|p1b: Rillaboom|Grassy Glide|p2b: Glimmora
|-damage|p2b: Glimmora|0 fnt
|faint|p2b: Glimmora
|move|p2a: Murkrow|Tailwind|p2a: Murkrow
|-sidestart|p2: joshuajohnf|move: Tailwind
|move|p1a: Dragonite|Scale Shot|p2a: Murkrow
|-damage|p2a: Murkrow|31/100
|-damage|p2a: Murkrow|11/100
|-damage|p2a: Murkrow|0 fnt
|faint|p2a: Murkrow
|-hitcount|p2: Murkrow|3
|-unboost|p1a: Dragonite|def|1
|-boost|p1a: Dragonite|spe|1
|
|-weather|none
|-heal|p1b: Rillaboom|71/100|[from] Grassy Terrain
|upkeep
|
|t:|1755854994
|switch|p2b: Gholdengo|Gholdengo, L50, tera:Steel|56/100
|turn|6
|
|t:|1755855021
|move|p1a: Dragonite|Protect|p1a: Dragonite
|-singleturn|p1a: Dragonite|Protect
|move|p1b: Rillaboom|Grassy Glide|p2b: Gholdengo
|-resisted|p2b: Gholdengo
|-damage|p2b: Gholdengo|37/100
|move|p2b: Gholdengo|Make It Rain|p1b: Rillaboom|[spread] p1b
|-activate|p1a: Dragonite|move: Protect
|-damage|p1b: Rillaboom|0 fnt
|-unboost|p2b: Gholdengo|spa|1
|faint|p1b: Rillaboom
|
|-heal|p2b: Gholdengo|43/100|[from] Grassy Terrain
|upkeep
|turn|7
|
|t:|1755855034
|move|p2b: Gholdengo|Make It Rain|p1a: Dragonite
|-damage|p1a: Dragonite|0 fnt
|-unboost|p2b: Gholdengo|spa|1
|faint|p1a: Dragonite
|
|win|joshuajohnf
|raw|icarvicoboys's rating: 1207 → 1185(-22 for losing)
|raw|joshuajohnf's rating: 1248 → 1270(+22 for winning)
|l|☆joshuajohnf
|player|p2|
