|j|☆Prepucio Santos
|j|☆raksbach
|html|Prepucio Santosraksbach    
|uhtml|bestof|Game 1 of a best-of-3
|t:|1784034320
|gametype|doubles
|player|p1|Prepucio Santos|striker|1310
|player|p2|raksbach|1|1301
|gen|9
|tier|[Gen 9 Champions] VGC 2026 Reg M-B (Bo3)
|rated|
|rule|Species Clause: Limit one of each Pokémon
|rule|Item Clause: Limit 1 of each item
|clearpoke
|poke|p1|Incineroar, L50, M|
|poke|p1|Sinistcha-Masterpiece, L50, shiny|
|poke|p1|Floette-Eternal, L50, F|
|poke|p1|Sneasler, L50, F|
|poke|p1|Kingambit, L50, F|
|poke|p1|Blaziken, L50, M|
|poke|p2|Incineroar, L50, M|
|poke|p2|Maushold, L50|
|poke|p2|Sinistcha, L50|
|poke|p2|Sneasler, L50, F|
|poke|p2|Blastoise, L50, F|
|poke|p2|Delphox, L50, F|
|teampreview|4
|showteam|p1|Incineroar||SitrusBerry|Intimidate|FakeOut,PartingShot,ThroatChop,FlareBlitz|Careful||M|||50|]Sinistcha-Masterpiece||KasibBerry|Hospitality|MatchaGotcha,LifeDew,RagePowder,TrickRoom|Bold|||||50|]Floette-Eternal||Floettite|FlowerVeil|Moonblast,DazzlingGleam,CalmMind,Protect|Modest||F|||50|]Sneasler||FocusSash|PoisonTouch|FakeOut,CloseCombat,DireClaw,RockSlide|Jolly||F|||50|]Kingambit||BlackGlasses|Defiant|KowtowCleave,SuckerPunch,SwordsDance,Protect|Adamant||F|||50|]Blaziken||Blazikenite|SpeedBoost|CloseCombat,FlareBlitz,SwordsDance,Detect|Adamant||M|||50|
|showteam|p2|Incineroar||SitrusBerry|Intimidate|FakeOut,FlareBlitz,DarkestLariat,PartingShot|Impish||M|||50|]Maushold||ChopleBerry|FriendGuard|SuperFang,FollowMe,Protect,Feint|Impish|||||50|]Sinistcha||OccaBerry|Hospitality|MatchaGotcha,LifeDew,RagePowder,Protect|Bold|||||50|]Sneasler||FocusSash|PoisonTouch|FakeOut,CloseCombat,DireClaw,QuickGuard|Jolly||F|||50|]Blastoise||Blastoisinite|Torrent|WaterSpout,DarkPulse,ShellSmash,Protect|Modest||F|||50|]Delphox||Delphoxite|Blaze|HeatWave,Psychic,NastyPlot,Protect|Timid||F|||50|
|inactive|Battle timer is ON: inactive players will automatically lose when time's up. (requested by raksbach)
|inactive|raksbach has 60 seconds left.
|
|t:|1784034354
|teamsize|p1|4
|teamsize|p2|4
|start
|switch|p1a: Sneasler|Sneasler, L50, F|100/100
|switch|p1b: Blaziken|Blaziken, L50, M|100/100
|switch|p2a: Incineroar|Incineroar, L50, M|100/100
|switch|p2b: Delphox|Delphox, L50, F|100/100
|-ability|p2a: Incineroar|Intimidate|boost
|-unboost|p1a: Sneasler|atk|1
|-unboost|p1b: Blaziken|atk|1
|turn|1
|inactive|Prepucio Santos has 30 seconds left.
|inactive|Prepucio Santos has 20 seconds left.
|
|t:|1784034390
|detailschange|p2b: Delphox|Delphox-Mega, L50, F
|-mega|p2b: Delphox|Delphox|Delphoxite
|detailschange|p1b: Blaziken|Blaziken-Mega, L50, M
|-mega|p1b: Blaziken|Blaziken|Blazikenite
|move|p1a: Sneasler|Fake Out|p2b: Delphox
|-damage|p2b: Delphox|87/100
|cant|p2b: Delphox|flinch
|move|p1b: Blaziken|Swords Dance|p1b: Blaziken
|-boost|p1b: Blaziken|atk|2
|move|p2a: Incineroar|Parting Shot|p1b: Blaziken
|-unboost|p1b: Blaziken|atk|1
|-unboost|p1b: Blaziken|spa|1
|
|t:|1784034402
|switch|p2a: Sneasler|Sneasler, L50, F|100/100|[from] Parting Shot
|
|-ability|p1b: Blaziken|Speed Boost|boost
|-boost|p1b: Blaziken|spe|1
|upkeep
|turn|2
|inactive|Prepucio Santos has 30 seconds left.
|
|t:|1784034434
|switch|p1b: Kingambit|Kingambit, L50, F|100/100
|move|p2a: Sneasler|Fake Out|p1a: Sneasler
|-damage|p1a: Sneasler|75/100
|move|p2b: Delphox|Psychic|p1a: Sneasler
|-supereffective|p1a: Sneasler|2
|-damage|p1a: Sneasler|0 fnt
|faint|p1a: Sneasler
|
|upkeep
|
|t:|1784034441
|switch|p1a: Blaziken|Blaziken-Mega, L50, M|100/100
|turn|3
|
|t:|1784034454
|move|p1a: Blaziken|Detect|p1a: Blaziken
|-singleturn|p1a: Blaziken|Protect
|move|p1b: Kingambit|Protect|p1b: Kingambit
|-singleturn|p1b: Kingambit|Protect
|move|p2b: Delphox|Nasty Plot|p2b: Delphox
|-boost|p2b: Delphox|spa|2
|move|p2a: Sneasler|Close Combat|p1b: Kingambit
|-activate|p1b: Kingambit|move: Protect
|
|-ability|p1a: Blaziken|Speed Boost|boost
|-boost|p1a: Blaziken|spe|1
|upkeep
|turn|4
|
|t:|1784034474
|move|p2b: Delphox|Protect|p2b: Delphox
|-singleturn|p2b: Delphox|Protect
|move|p1b: Kingambit|Sucker Punch|p2a: Sneasler
|-resisted|p2a: Sneasler|1
|-damage|p2a: Sneasler|56/100
|move|p1a: Blaziken|Flare Blitz|p2a: Sneasler
|-damage|p2a: Sneasler|0 fnt
|faint|p2a: Sneasler
|-damage|p1a: Blaziken|81/100|[from] Recoil
|
|-ability|p1a: Blaziken|Speed Boost|boost
|-boost|p1a: Blaziken|spe|1
|upkeep
|
|t:|1784034486
|switch|p2a: Sinistcha|Sinistcha, L50|100/100
|-heal|p2b: Delphox|100/100|[from] ability: Hospitality|[of] p2a: Sinistcha
|turn|5
|
|t:|1784034508
|move|p1b: Kingambit|Protect|p1b: Kingambit
|-singleturn|p1b: Kingambit|Protect
|move|p2a: Sinistcha|Rage Powder|p2a: Sinistcha
|-singleturn|p2a: Sinistcha|move: Rage Powder
|move|p1a: Blaziken|Flare Blitz|p2a: Sinistcha
|-supereffective|p2a: Sinistcha|1
|-enditem|p2a: Sinistcha|Occa Berry|[eat]
|-enditem|p2a: Sinistcha|Occa Berry|[weaken]
|-damage|p2a: Sinistcha|35/100
|-damage|p1a: Blaziken|58/100|[from] Recoil
|move|p2b: Delphox|Heat Wave|p1b: Kingambit|[spread] 
|-activate|p1b: Kingambit|move: Protect
|-miss|p2b: Delphox|p1a: Blaziken
|
|-ability|p1a: Blaziken|Speed Boost|boost
|-boost|p1a: Blaziken|spe|1
|upkeep
|turn|6
|
|t:|1784034532
|switch|p1b: Sinistcha|Sinistcha-Masterpiece, L50, shiny|100/100
|-heal|p1a: Blaziken|83/100|[from] ability: Hospitality|[of] p1b: Sinistcha
|move|p2a: Sinistcha|Rage Powder|p2a: Sinistcha
|-singleturn|p2a: Sinistcha|move: Rage Powder
|move|p1a: Blaziken|Swords Dance|p1a: Blaziken
|-boost|p1a: Blaziken|atk|2
|move|p2b: Delphox|Heat Wave|p1a: Blaziken|[spread] p1a
|-miss|p2b: Delphox|p1b: Sinistcha
|-resisted|p1a: Blaziken|1
|-damage|p1a: Blaziken|27/100
|
|-ability|p1a: Blaziken|Speed Boost|boost
|-boost|p1a: Blaziken|spe|1
|upkeep
|turn|7
|
|t:|1784034549
|move|p2a: Sinistcha|Rage Powder|p2a: Sinistcha
|-singleturn|p2a: Sinistcha|move: Rage Powder
|move|p1a: Blaziken|Flare Blitz|p2a: Sinistcha
|-supereffective|p2a: Sinistcha|1
|-damage|p2a: Sinistcha|0 fnt
|faint|p2a: Sinistcha
|-damage|p1a: Blaziken|14/100|[from] Recoil
|move|p2b: Delphox|Heat Wave|p1b: Sinistcha|[spread] p1a,p1b
|-resisted|p1a: Blaziken|1
|-supereffective|p1b: Sinistcha|1
|-damage|p1a: Blaziken|0 fnt
|-damage|p1b: Sinistcha|0 fnt
|faint|p1a: Blaziken
|faint|p1b: Sinistcha
|
|upkeep
|
|t:|1784034560
|switch|p1b: Kingambit|Kingambit, L50, F|100/100
|switch|p2a: Incineroar|Incineroar, L50, M|100/100
|-ability|p2a: Incineroar|Intimidate|boost
|-unboost|p1b: Kingambit|atk|1
|-ability|p1b: Kingambit|Defiant|boost
|-boost|p1b: Kingambit|atk|2
|turn|8
|
|t:|1784034572
|move|p1b: Kingambit|Protect|p1b: Kingambit
|-singleturn|p1b: Kingambit|Protect
|move|p2a: Incineroar|Fake Out|p1b: Kingambit
|-activate|p1b: Kingambit|move: Protect
|move|p2b: Delphox|Heat Wave|p1b: Kingambit
|-activate|p1b: Kingambit|move: Protect
|
|upkeep
|turn|9
|
|t:|1784034584
|move|p2b: Delphox|Protect|p2b: Delphox
|-singleturn|p2b: Delphox|Protect
|move|p2a: Incineroar|Flare Blitz|p1b: Kingambit
|-supereffective|p1b: Kingambit|1
|-damage|p1b: Kingambit|33/100
|-damage|p2a: Incineroar|77/100|[from] Recoil
|move|p1b: Kingambit|Swords Dance|p1b: Kingambit
|-boost|p1b: Kingambit|atk|2
|
|upkeep
|turn|10
|
|t:|1784034594
|move|p1b: Kingambit|Sucker Punch|p2a: Incineroar
|-resisted|p2a: Incineroar|1
|-damage|p2a: Incineroar|28/100
|-enditem|p2a: Incineroar|Sitrus Berry|[eat]
|-heal|p2a: Incineroar|53/100|[from] item: Sitrus Berry
|move|p2b: Delphox|Heat Wave|p1b: Kingambit
|-supereffective|p1b: Kingambit|1
|-damage|p1b: Kingambit|0 fnt
|faint|p1b: Kingambit
|
|win|raksbach
||Prepucio Santos is ready for game 2.
||raksbach is ready for game 2.
|uhtml|next|Next: Game 2 of 3
