|j|☆sturmkitten69
|j|☆x-demon18
|html|sturmkitten69x-demon18    
|uhtml|bestof|Game 3 of a best-of-3
|t:|1784538585
|gametype|doubles
|player|p1|sturmkitten69|fisherman-gen4|1114
|player|p2|x-demon18|lucas|1066
|gen|9
|tier|[Gen 9 Champions] VGC 2026 Reg M-B (Bo3)
|rated|
|rule|Species Clause: Limit one of each Pokémon
|rule|Item Clause: Limit 1 of each item
|clearpoke
|poke|p1|Incineroar, L50, M, shiny|
|poke|p1|Rotom-Wash, L50, shiny|
|poke|p1|Delphox, L50, M|
|poke|p1|Farigiraf, L50, F, shiny|
|poke|p1|Sinistcha, L50|
|poke|p1|Basculegion, L50, M|
|poke|p2|Incineroar, L50, M|
|poke|p2|Rotom-Wash, L50|
|poke|p2|Venusaur, L50, M|
|poke|p2|Corviknight, L50, M|
|poke|p2|Sylveon, L50, F|
|poke|p2|Garchomp, L50, M|
|teampreview|4
|showteam|p1|Incineroar||PasshoBerry|Intimidate|FakeOut,PartingShot,ThroatChop,FlareBlitz|Impish||M|||50|]Rotom-Wash||ChoiceScarf|Levitate|VoltSwitch,Electroweb,WillOWisp,HydroPump|Timid|||||50|]Delphox||Delphoxite|Blaze|HeatWave,CalmMind,Psychic,Protect|Modest||M|||50|]Farigiraf||ColburBerry|ArmorTail|Psychic,Thunderbolt,HelpingHand,TrickRoom|Bold||F|||50|]Sinistcha||SitrusBerry|Hospitality|Protect,RagePowder,LifeDew,MatchaGotcha|Bold|||||50|]Basculegion||LifeOrb|Adaptability|LastRespects,WaveCrash,Protect,AquaJet|Adamant||M|||50|
|showteam|p2|Incineroar||ExpertBelt|Intimidate|FakeOut,TemperFlare,ThroatChop,PartingShot|Adamant||M|||50|]Rotom-Wash||RindoBerry|Levitate|HydroPump,Electroweb,WillOWisp,VoltSwitch|Modest|||||50|]Venusaur||Venusaurite|Chlorophyll|GigaDrain,SludgeBomb,EarthPower,Protect|Modest||M|||50|]Corviknight||OccaBerry|MirrorArmor|Tailwind,DualWingbeat,IronHead,BodyPress|Adamant||M|||50|]Sylveon||FairyFeather|Pixilate|HyperVoice,QuickAttack,Yawn,Detect|Modest||F|||50|]Garchomp||LifeOrb|RoughSkin|RockSlide,DragonClaw,StompingTantrum,Protect|Jolly||M|||50|
|
|t:|1784538622
|teamsize|p1|4
|teamsize|p2|4
|start
|switch|p1a: Delphox|Delphox, L50, M|100/100
|switch|p1b: Incineroar|Incineroar, L50, M, shiny|100/100
|switch|p2a: Wolverine|Incineroar, L50, M|100/100
|switch|p2b: Berserk|Garchomp, L50, M|100/100
|-ability|p2a: Wolverine|Intimidate|boost
|-unboost|p1a: Delphox|atk|1
|-unboost|p1b: Incineroar|atk|1
|-ability|p1b: Incineroar|Intimidate|boost
|-unboost|p2a: Wolverine|atk|1
|-unboost|p2b: Berserk|atk|1
|turn|1
|
|t:|1784538650
|detailschange|p1a: Delphox|Delphox-Mega, L50, M
|-mega|p1a: Delphox|Delphox|Delphoxite
|move|p1b: Incineroar|Fake Out|p2a: Wolverine
|-damage|p2a: Wolverine|93/100
|move|p1a: Delphox|Calm Mind|p1a: Delphox
|-boost|p1a: Delphox|spa|1
|-boost|p1a: Delphox|spd|1
|move|p2b: Berserk|Rock Slide|p1b: Incineroar|[spread] p1a,p1b
|-supereffective|p1a: Delphox|1
|-crit|p1a: Delphox
|-supereffective|p1b: Incineroar|1
|-damage|p1a: Delphox|11/100
|-damage|p1b: Incineroar|76/100
|-damage|p2b: Berserk|90/100|[from] item: Life Orb
|cant|p2a: Wolverine|flinch
|
|upkeep
|turn|2
|
|t:|1784538668
|move|p1a: Delphox|Protect|p1a: Delphox
|-singleturn|p1a: Delphox|Protect
|move|p2b: Berserk|Rock Slide|p1b: Incineroar|[spread] p1b
|-activate|p1a: Delphox|move: Protect
|-supereffective|p1b: Incineroar|1
|-damage|p1b: Incineroar|50/100g
|-damage|p2b: Berserk|80/100|[from] item: Life Orb
|move|p2a: Wolverine|Throat Chop|p1b: Incineroar
|-resisted|p1b: Incineroar|1
|-damage|p1b: Incineroar|40/100
|-start|p1b: Incineroar|Throat Chop|[silent]
|cant|p1b: Incineroar|flinch
|
|upkeep
|turn|3
|
|t:|1784538686
|switch|p1b: Sinistcha|Sinistcha, L50|100/100
|-heal|p1a: Delphox|36/100|[from] ability: Hospitality|[of] p1b: Sinistcha
|move|p1a: Delphox|Psychic|p2b: Berserk
|-damage|p2b: Berserk|6/100
|move|p2b: Berserk|Rock Slide|p1b: Sinistcha|[spread] p1a,p1b
|-supereffective|p1a: Delphox|1
|-damage|p1a: Delphox|0 fnt
|-damage|p1b: Sinistcha|87/100
|faint|p1a: Delphox
|-damage|p2b: Berserk|0 fnt|[from] item: Life Orb
|faint|p2b: Berserk
|move|p2a: Wolverine|Throat Chop|p1b: Sinistcha
|-supereffective|p1b: Sinistcha|1
|-damage|p1b: Sinistcha|34/100
|-start|p1b: Sinistcha|Throat Chop|[silent]
|-enditem|p1b: Sinistcha|Sitrus Berry|[eat]
|-heal|p1b: Sinistcha|59/100|[from] item: Sitrus Berry
|
|upkeep
|
|t:|1784538708
|switch|p1a: Basculegion|Basculegion, L50, M|100/100
|switch|p2b: Yggdrasil|Venusaur, L50, M|100/100
|turn|4
|
|t:|1784538721
|switch|p1a: Incineroar|Incineroar, L50, M, shiny|40/100
|-ability|p1a: Incineroar|Intimidate|boost
|-unboost|p2a: Wolverine|atk|1
|-unboost|p2b: Yggdrasil|atk|1
|switch|p2a: HydroVolt|Rotom-Wash, L50|100/100
|detailschange|p2b: Yggdrasil|Venusaur-Mega, L50, M
|-mega|p2b: Yggdrasil|Venusaur|Venusaurite
|move|p1b: Sinistcha|Protect|p1b: Sinistcha
|-singleturn|p1b: Sinistcha|Protect
|move|p2b: Yggdrasil|Giga Drain|p1a: Incineroar
|-resisted|p1a: Incineroar|1
|-damage|p1a: Incineroar|24/100
|
|-end|p1b: Sinistcha|Throat Chop|[silent]
|upkeep
|turn|5
|
|t:|1784538746
|move|p1b: Sinistcha|Rage Powder|p1b: Sinistcha
|-singleturn|p1b: Sinistcha|move: Rage Powder
|move|p2b: Yggdrasil|Sludge Bomb|p1b: Sinistcha
|-damage|p1b: Sinistcha|15/100
|-status|p1b: Sinistcha|psn
|move|p2a: HydroVolt|Volt Switch|p1b: Sinistcha
|-resisted|p1b: Sinistcha|1
|-damage|p1b: Sinistcha|1/100 psn
|
|t:|1784538756
|switch|p2a: Wolverine|Incineroar, L50, M|93/100|[from] Volt Switch
|-ability|p2a: Wolverine|Intimidate|boost
|-unboost|p1a: Incineroar|atk|1
|-unboost|p1b: Sinistcha|atk|1
|move|p1a: Incineroar|Parting Shot|p2b: Yggdrasil
|-unboost|p2b: Yggdrasil|atk|1
|-unboost|p2b: Yggdrasil|spa|1
|
|t:|1784538763
|switch|p1a: Basculegion|Basculegion, L50, M|100/100|[from] Parting Shot
|
|-damage|p1b: Sinistcha|0 fnt|[from] psn
|faint|p1b: Sinistcha
|upkeep
|
|t:|1784538768
|switch|p1b: Incineroar|Incineroar, L50, M, shiny|24/100
|-ability|p1b: Incineroar|Intimidate|boost
|-unboost|p2a: Wolverine|atk|1
|-unboost|p2b: Yggdrasil|atk|1
|turn|6
|
|t:|1784538780
|switch|p2a: HydroVolt|Rotom-Wash, L50|100/100
|move|p2b: Yggdrasil|Protect|p2b: Yggdrasil
|-singleturn|p2b: Yggdrasil|Protect
|move|p1b: Incineroar|Fake Out|p2b: Yggdrasil
|-activate|p2b: Yggdrasil|move: Protect
|move|p1a: Basculegion|Wave Crash|p2a: HydroVolt
|-resisted|p2a: HydroVolt|1
|-damage|p2a: HydroVolt|47/100
|-damage|p1a: Basculegion|86/100|[from] Recoil
|-damage|p1a: Basculegion|76/100|[from] item: Life Orb
|
|upkeep
|turn|7
|
|t:|1784538801
|switch|p2b: Wolverine|Incineroar, L50, M|93/100
|-ability|p2b: Wolverine|Intimidate|boost
|-unboost|p1a: Basculegion|atk|1
|-unboost|p1b: Incineroar|atk|1
|move|p2a: HydroVolt|Electroweb|p1a: Basculegion|[spread] p1a,p1b
|-supereffective|p1a: Basculegion|1
|-damage|p1a: Basculegion|35/100
|-damage|p1b: Incineroar|8/100
|-unboost|p1a: Basculegion|spe|1
|-unboost|p1b: Incineroar|spe|1
|move|p1a: Basculegion|Last Respects|p2b: Wolverine
|-resisted|p2b: Wolverine|1
|-damage|p2b: Wolverine|48/100
|-damage|p1a: Basculegion|25/100|[from] item: Life Orb
|move|p1b: Incineroar|Throat Chop|p2a: HydroVolt
|-damage|p2a: HydroVolt|28/100
|-start|p2a: HydroVolt|Throat Chop|[silent]
|
|upkeep
|turn|8
|
|t:|1784538821
|move|p1a: Basculegion|Aqua Jet|p2b: Wolverine
|-supereffective|p2b: Wolverine|1
|-damage|p2b: Wolverine|1/100
|-damage|p1a: Basculegion|15/100|[from] item: Life Orb
|move|p2a: HydroVolt|Electroweb|p1a: Basculegion|[spread] p1a,p1b
|-supereffective|p1a: Basculegion|1
|-damage|p1a: Basculegion|0 fnt
|-damage|p1b: Incineroar|0 fnt
|faint|p1a: Basculegion
|faint|p1b: Incineroar
|
|win|x-demon18
|raw|sturmkitten69's rating: 1114 → 1086(-28 for losing)
|raw|x-demon18's rating: 1066 → 1100(+34 for winning)
|l|☆sturmkitten69
|player|p1|
