|j|☆Promesus
|j|☆hide on whimsicott
|html|Promesushide on whimsicott    
|uhtml|bestof|Game 1 of a best-of-3
|t:|1782667051
|gametype|doubles
|player|p1|Promesus|hilbert-wonderlauncher|1189
|player|p2|hide on whimsicott|artist-gen4|1228
|gen|9
|tier|[Gen 9 Champions] VGC 2026 Reg M-B (Bo3)
|rated|
|rule|Species Clause: Limit one of each Pokémon
|rule|Item Clause: Limit 1 of each item
|clearpoke
|poke|p1|Charizard, L50, M, shiny|
|poke|p1|Floette-Eternal, L50, F|
|poke|p1|Basculegion, L50, M|
|poke|p1|Whimsicott, L50, F|
|poke|p1|Garchomp, L50, M|
|poke|p1|Kingambit, L50, F|
|poke|p2|Gardevoir, L50, F|
|poke|p2|Basculegion, L50, M|
|poke|p2|Pelipper, L50, M|
|poke|p2|Archaludon, L50, M|
|poke|p2|Maushold-Four, L50|
|poke|p2|Swampert, L50, M|
|teampreview|4
|showteam|p1|Charizard||CharizarditeY|Blaze|HeatWave,WeatherBall,SolarBeam,Protect|Modest||M|||50|]Floette-Eternal||Floettite|FlowerVeil|LightofRuin,DazzlingGleam,Moonblast,Protect|Timid||F|||50|]Basculegion||MysticWater|Adaptability|WaveCrash,AquaJet,LastRespects,Protect|Adamant||M|||50|]Whimsicott||FocusSash|Prankster|Moonblast,Encore,Protect,Tailwind|Timid||F|||50|]Garchomp||LifeOrb|RoughSkin|RockSlide,Earthquake,DragonClaw,Protect|Jolly||M|||50|]Kingambit||BlackGlasses|Defiant|KowtowCleave,IronHead,Protect,SuckerPunch|Adamant||F|||50|
|showteam|p2|Gardevoir||Gardevoirite|Trace|Psyshock,HyperVoice,Protect,TrickRoom|Modest||F|||50|]Basculegion||ChoiceScarf|Adaptability|LastRespects,WaveCrash,PsychicFangs,FlipTurn|Adamant||M|||50|]Pelipper||SitrusBerry|Drizzle|Hurricane,Tailwind,WeatherBall,RainDance|Bold||M|||50|]Archaludon||Leftovers|Stamina|ElectroShot,DragonPulse,FlashCannon,Protect|Modest||M|||50|]Maushold-Four||FocusSash|FriendGuard|Feint,SuperFang,Protect,FollowMe|Jolly|||||50|]Swampert||Swampertite|Torrent|IcePunch,HighHorsepower,WaveCrash,Protect|Adamant||M|||50|
|inactive|Battle timer is ON: inactive players will automatically lose when time's up. (requested by hide on whimsicott)
|inactive|Promesus also wants the timer to be on.
|inactive|hide on whimsicott has 60 seconds left.
|
|t:|1782667085
|teamsize|p1|4
|teamsize|p2|4
|start
|switch|p1a: Basculegion|Basculegion, L50, M|100/100
|switch|p1b: Whimsicott|Whimsicott, L50, F|100/100
|switch|p2a: Gardevoir|Gardevoir, L50, F|100/100
|switch|p2b: Basculegion|Basculegion, L50, M|100/100
|-ability|p2a: Gardevoir|Prankster|Trace|[from] ability: Trace|[of] p1b: Whimsicott
|turn|1
|
|t:|1782667104
|switch|p2a: Maushold|Maushold-Four, L50|100/100
|move|p1a: Basculegion|Protect|p1a: Basculegion
|-singleturn|p1a: Basculegion|Protect
|move|p2b: Basculegion|Flip Turn|p1b: Whimsicott
|-resisted|p1b: Whimsicott|1
|-damage|p1b: Whimsicott|74/100
|
|t:|1782667116
|switch|p2b: Gardevoir|Gardevoir, L50, F|100/100|[from] Flip Turn
|-ability|p2b: Gardevoir|Adaptability|Trace|[from] ability: Trace|[of] p1a: Basculegion
|move|p1b: Whimsicott|Moonblast|p2b: Gardevoir
|-damage|p2b: Gardevoir|72/100
|
|upkeep
|turn|2
|
|t:|1782667138
|detailschange|p2b: Gardevoir|Gardevoir-Mega, L50, F
|-mega|p2b: Gardevoir|Gardevoir|Gardevoirite
|move|p1b: Whimsicott|Protect|p1b: Whimsicott
|-singleturn|p1b: Whimsicott|Protect
|move|p2a: Maushold|Follow Me|p2a: Maushold
|-singleturn|p2a: Maushold|move: Follow Me
|move|p2b: Gardevoir|Hyper Voice|p1b: Whimsicott|[spread] p1a
|-activate|p1b: Whimsicott|move: Protect
|-damage|p1a: Basculegion|42/100
|move|p1a: Basculegion|Wave Crash|p2a: Maushold
|-enditem|p2a: Maushold|Focus Sash
|-damage|p2a: Maushold|1/100
|-damage|p1a: Basculegion|16/100|[from] Recoil
|
|upkeep
|turn|3
|inactive|Promesus has 30 seconds left.
|inactive|hide on whimsicott has 30 seconds left.
|inactive|Promesus has 20 seconds left.
|
|t:|1782667176
|switch|p2b: Basculegion|Basculegion, L50, M|100/100
|move|p2a: Maushold|Protect|p2a: Maushold
|-singleturn|p2a: Maushold|Protect
|move|p1b: Whimsicott|Tailwind|p1b: Whimsicott
|-sidestart|p1: Promesus|move: Tailwind
|move|p1a: Basculegion|Wave Crash|p2b: Basculegion
|-resisted|p2b: Basculegion|1
|-damage|p2b: Basculegion|59/100
|-damage|p1a: Basculegion|3/100|[from] Recoil
|
|upkeep
|turn|4
|
|t:|1782667198
|move|p2a: Maushold|Follow Me|p2a: Maushold
|-singleturn|p2a: Maushold|move: Follow Me
|move|p1b: Whimsicott|Encore|p2a: Maushold
|-start|p2a: Maushold|Encore
|move|p1a: Basculegion|Last Respects|p2a: Maushold
|-immune|p2a: Maushold
|move|p2b: Basculegion|Last Respects|p1b: Whimsicott
|-damage|p1b: Whimsicott|30/100
|
|upkeep
|turn|5
|
|t:|1782667212
|move|p1b: Whimsicott|Protect|p1b: Whimsicott
|-singleturn|p1b: Whimsicott|Protect
|move|p2a: Maushold|Follow Me|p2a: Maushold
|-singleturn|p2a: Maushold|move: Follow Me
|move|p1a: Basculegion|Aqua Jet|p2a: Maushold
|-damage|p2a: Maushold|0 fnt
|faint|p2a: Maushold
|move|p2b: Basculegion|Last Respects|p1a: Basculegion
|-supereffective|p1a: Basculegion|1
|-damage|p1a: Basculegion|0 fnt
|faint|p1a: Basculegion
|
|upkeep
|
|t:|1782667221
|switch|p2a: Gardevoir|Gardevoir-Mega, L50, F|72/100
|switch|p1a: Garchomp|Garchomp, L50, M|100/100
|turn|6
|inactive|Promesus has 30 seconds left.
|inactive|Promesus has 20 seconds left.
|inactive|Promesus has 15 seconds left.
|inactive|Promesus has 10 seconds left.
|inactive|Promesus has 5 seconds left.
|
|t:|1782667274
|switch|p2b: Pelipper|Pelipper, L50, M|100/100
|-weather|RainDance|[from] ability: Drizzle|[of] p2b: Pelipper
|move|p1b: Whimsicott|Moonblast|p2b: Pelipper
|-damage|p2b: Pelipper|56/100
|move|p1a: Garchomp|Dragon Claw|p2b: Pelipper
|-damage|p2b: Pelipper|8/100
|-enditem|p2b: Pelipper|Sitrus Berry|[eat]
|-heal|p2b: Pelipper|33/100|[from] item: Sitrus Berry
|-damage|p1a: Garchomp|90/100|[from] item: Life Orb
|move|p2a: Gardevoir|Hyper Voice|p1a: Garchomp|[spread] p1a,p1b
|-supereffective|p1a: Garchomp|1
|-damage|p1a: Garchomp|0 fnt
|-damage|p1b: Whimsicott|0 fnt
|faint|p1a: Garchomp
|faint|p1b: Whimsicott
|
|-weather|RainDance|[upkeep]
|-sideend|p1: Promesus|move: Tailwind
|upkeep
|
|t:|1782667294
|switch|p1a: Charizard|Charizard, L50, M, shiny|100/100
|turn|7
|
|t:|1782667307
|detailschange|p1a: Charizard|Charizard-Mega-Y, L50, M, shiny
|-mega|p1a: Charizard|Charizard|Charizardite Y
|-weather|SunnyDay|[from] ability: Drought|[of] p1a: Charizard
|move|p1a: Charizard|Heat Wave|p2a: Gardevoir|[spread] p2b
|-miss|p1a: Charizard|p2a: Gardevoir
|-resisted|p2b: Pelipper|1
|-damage|p2b: Pelipper|0 fnt
|faint|p2b: Pelipper
|move|p2a: Gardevoir|Psyshock|p1a: Charizard
|-damage|p1a: Charizard|31/100
|
|-weather|SunnyDay|[upkeep]
|upkeep
|
|t:|1782667311
|switch|p2b: Basculegion|Basculegion, L50, M|59/100
|turn|8
|-message|Promesus forfeited.
|
|win|hide on whimsicott
|l|☆Promesus
|player|p1|
