|j|☆Stefanarmy
|j|☆r4ka
|html|Stefanarmyr4ka    
|uhtml|bestof|Game 2 of a best-of-3
|t:|1757176206
|gametype|doubles
|player|p1|Stefanarmy|169|1334
|player|p2|r4ka|101|1246
|gen|9
|tier|[Gen 9] VGC 2025 Reg H (Bo3)
|rated|
|rule|Species Clause: Limit one of each Pokémon
|rule|Item Clause: Limit 1 of each item
|clearpoke
|poke|p1|Pelipper, L50, M|
|poke|p1|Basculegion, L50, M|
|poke|p1|Amoonguss, L50, F|
|poke|p1|Incineroar, L50, M|
|poke|p1|Archaludon, L50, M|
|poke|p1|Gholdengo, L50|
|poke|p2|Rillaboom, L50, F|
|poke|p2|Dragonite, L50, M|
|poke|p2|Sneasler, L50, M|
|poke|p2|Kingambit, L50, F|
|poke|p2|Electabuzz, L50, M|
|poke|p2|Volcarona, L50, F|
|teampreview|4
|showteam|p1|Pelipper||FocusSash|Drizzle|Tailwind,WeatherBall,Hurricane,Protect|||M|||50|,,,,,Ghost]Basculegion||ChoiceBand|SwiftSwim|LastRespects,WaveCrash,FlipTurn,AquaJet|||M|||50|,,,,,Water]Amoonguss||SitrusBerry|Regenerator|PollenPuff,Spore,RagePowder,Protect|||F|||50|,,,,,Fairy]Incineroar||RockyHelmet|Intimidate|KnockOff,Taunt,FakeOut,PartingShot|||M|||50|,,,,,Grass]Archaludon||AssaultVest|Stamina|BodyPress,DragonPulse,ElectroShot,FlashCannon|||M|||50|,,,,,Grass]Gholdengo||LifeOrb|GoodasGold|MakeItRain,ShadowBall,NastyPlot,Protect||||||50|,,,,,Water
|showteam|p2|Rillaboom||AssaultVest|GrassySurge|FakeOut,HighHorsepower,WoodHammer,GrassyGlide|||F|||50|,,,,,Fire]Dragonite||LoadedDice|Multiscale|ExtremeSpeed,ScaleShot,Protect,Haze|||M|||50|,,,,,Steel]Sneasler||FocusSash|PoisonTouch|DireClaw,CloseCombat,FakeOut,Coaching|||M|||50|,,,,,Stellar]Kingambit||BlackGlasses|Defiant|KowtowCleave,SuckerPunch,SwordsDance,Protect|||F|||50|,,,,,Ghost]Electabuzz||Eviolite|VitalSpirit|Thunderbolt,Taunt,Protect,FollowMe|||M|||50|,,,,,Ghost]Volcarona||Leftovers|FlameBody|HeatWave,TeraBlast,QuiverDance,Protect|||F|||50|,,,,,Fairy
|inactive|Battle timer is ON: inactive players will automatically lose when time's up. (requested by Stefanarmy)
|
|t:|1757176240
|teamsize|p1|4
|teamsize|p2|4
|start
|switch|p1a: Pelipper|Pelipper, L50, M|100/100
|switch|p1b: Basculegion|Basculegion, L50, M|100/100
|switch|p2a: Electabuzz|Electabuzz, L50, M|100/100
|switch|p2b: Sneasler|Sneasler, L50, M|100/100
|-weather|RainDance|[from] ability: Drizzle|[of] p1a: Pelipper
|turn|1
|inactive|Stefanarmy has 30 seconds left.
|inactive|Stefanarmy has 20 seconds left.
|
|t:|1757176276
|-terastallize|p1b: Basculegion|Water
|move|p2b: Sneasler|Fake Out|p1b: Basculegion
|-damage|p1b: Basculegion|82/100
|cant|p1b: Basculegion|flinch
|move|p2a: Electabuzz|Taunt|p1a: Pelipper
|-start|p1a: Pelipper|move: Taunt
|cant|p1a: Pelipper|move: Taunt|Tailwind
|
|-weather|RainDance|[upkeep]
|upkeep
|turn|2
|inactive|Stefanarmy has 30 seconds left.
|inactive|r4ka has 30 seconds left.
|inactive|Stefanarmy has 20 seconds left.
|
|t:|1757176312
|switch|p2a: Rillaboom|Rillaboom, L50, F|100/100
|-fieldstart|move: Grassy Terrain|[from] ability: Grassy Surge|[of] p2a: Rillaboom
|switch|p1a: Archaludon|Archaludon, L50, M|100/100
|move|p1b: Basculegion|Wave Crash|p2a: Rillaboom
|-resisted|p2a: Rillaboom
|-damage|p2a: Rillaboom|14/100
|-damage|p1b: Basculegion|53/100|[from] Recoil
|move|p2b: Sneasler|Dire Claw|p1a: Archaludon
|-immune|p1a: Archaludon
|
|-weather|RainDance|[upkeep]
|-heal|p1b: Basculegion|59/100|[from] Grassy Terrain
|-heal|p2a: Rillaboom|20/100|[from] Grassy Terrain
|upkeep
|turn|3
|
|t:|1757176328
|switch|p1b: Amoonguss|Amoonguss, L50, F|100/100
|move|p2a: Rillaboom|Grassy Glide|p1b: Amoonguss
|-resisted|p1b: Amoonguss
|-damage|p1b: Amoonguss|92/100
|move|p2b: Sneasler|Close Combat|p1a: Archaludon
|-supereffective|p1a: Archaludon
|-damage|p1a: Archaludon|23/100
|-unboost|p2b: Sneasler|def|1
|-unboost|p2b: Sneasler|spd|1
|-ability|p1a: Archaludon|Stamina|boost
|-boost|p1a: Archaludon|def|1
|move|p1a: Archaludon|Electro Shot||[still]
|-prepare|p1a: Archaludon|Electro Shot
|-boost|p1a: Archaludon|spa|1
|-anim|p1a: Archaludon|Electro Shot|p2a: Rillaboom
|-resisted|p2a: Rillaboom
|-damage|p2a: Rillaboom|1/100
|
|-weather|RainDance|[upkeep]
|-heal|p2a: Rillaboom|7/100|[from] Grassy Terrain
|-heal|p1a: Archaludon|29/100|[from] Grassy Terrain
|-heal|p1b: Amoonguss|98/100|[from] Grassy Terrain
|upkeep
|turn|4
|inactive|Stefanarmy has 30 seconds left.
|inactive|r4ka has 30 seconds left.
|
|t:|1757176364
|switch|p1a: Pelipper|Pelipper, L50, M|100/100
|move|p2b: Sneasler|Coaching|p2a: Rillaboom
|-boost|p2a: Rillaboom|atk|1
|-boost|p2a: Rillaboom|def|1
|move|p2a: Rillaboom|High Horsepower|p1b: Amoonguss
|-damage|p1b: Amoonguss|56/100
|move|p1b: Amoonguss|Spore|p2b: Sneasler
|-status|p2b: Sneasler|slp|[from] move: Spore
|
|-weather|RainDance|[upkeep]
|-heal|p2a: Rillaboom|13/100|[from] Grassy Terrain
|-heal|p1b: Amoonguss|62/100|[from] Grassy Terrain
|upkeep
|turn|5
|
|t:|1757176386
|cant|p2b: Sneasler|slp
|move|p2a: Rillaboom|Wood Hammer|p1a: Pelipper
|-enditem|p1a: Pelipper|Focus Sash
|-damage|p1a: Pelipper|1/100
|-damage|p2a: Rillaboom|0 fnt|[from] Recoil
|faint|p2a: Rillaboom
|move|p1a: Pelipper|Tailwind|p1a: Pelipper
|-sidestart|p1: Stefanarmy|move: Tailwind
|move|p1b: Amoonguss|Pollen Puff|p2b: Sneasler
|-resisted|p2b: Sneasler
|-damage|p2b: Sneasler|91/100 slp
|
|-weather|none
|-heal|p2b: Sneasler|97/100 slp|[from] Grassy Terrain
|-heal|p1b: Amoonguss|68/100|[from] Grassy Terrain
|upkeep
|
|t:|1757176401
|switch|p2a: Volcarona|Volcarona, L50, F|100/100
|turn|6
|
|t:|1757176413
|switch|p1a: Archaludon|Archaludon, L50, M|29/100
|cant|p2b: Sneasler|slp
|move|p2a: Volcarona|Heat Wave|p1a: Archaludon|[spread] p1a,p1b
|-crit|p1a: Archaludon
|-supereffective|p1b: Amoonguss
|-damage|p1a: Archaludon|0 fnt
|-damage|p1b: Amoonguss|19/100
|-enditem|p1b: Amoonguss|Sitrus Berry|[eat]
|-heal|p1b: Amoonguss|44/100|[from] item: Sitrus Berry
|faint|p1a: Archaludon
|move|p1b: Amoonguss|Spore|p2a: Volcarona
|-status|p2a: Volcarona|slp|[from] move: Spore
|
|-heal|p2b: Sneasler|100/100 slp|[from] Grassy Terrain
|-heal|p1b: Amoonguss|50/100|[from] Grassy Terrain
|-fieldend|move: Grassy Terrain
|upkeep
|
|t:|1757176428
|switch|p1a: Pelipper|Pelipper, L50, M|1/100
|-weather|RainDance|[from] ability: Drizzle|[of] p1a: Pelipper
|turn|7
|inactive|Stefanarmy has 30 seconds left.
|
|t:|1757176454
|move|p1b: Amoonguss|Rage Powder|p1b: Amoonguss
|-singleturn|p1b: Amoonguss|move: Rage Powder
|move|p1a: Pelipper|Weather Ball|p2a: Volcarona
|-supereffective|p2a: Volcarona
|-damage|p2a: Volcarona|0 fnt
|faint|p2a: Volcarona
|-curestatus|p2b: Sneasler|slp|[msg]
|move|p2b: Sneasler|Dire Claw|p1b: Amoonguss
|-damage|p1b: Amoonguss|8/100
|
|-weather|RainDance|[upkeep]
|upkeep
|
|t:|1757176464
|switch|p2a: Electabuzz|Electabuzz, L50, M|100/100
|turn|8
|
|t:|1757176489
|move|p1b: Amoonguss|Rage Powder|p1b: Amoonguss
|-singleturn|p1b: Amoonguss|move: Rage Powder
|move|p1a: Pelipper|Weather Ball|p2a: Electabuzz
|-damage|p2a: Electabuzz|44/100
|move|p2b: Sneasler|Dire Claw|p1b: Amoonguss
|-damage|p1b: Amoonguss|0 fnt
|faint|p1b: Amoonguss
|move|p2a: Electabuzz|Thunderbolt|p1a: Pelipper
|-supereffective|p1a: Pelipper
|-damage|p1a: Pelipper|0 fnt
|faint|p1a: Pelipper
|
|-weather|RainDance|[upkeep]
|-sideend|p1: Stefanarmy|move: Tailwind
|upkeep
|
|t:|1757176494
|switch|p1b: Basculegion|Basculegion, L50, M, tera:Water|59/100
|turn|9
|
|t:|1757176518
|move|p2a: Electabuzz|Protect|p2a: Electabuzz
|-singleturn|p2a: Electabuzz|Protect
|move|p1b: Basculegion|Last Respects|p2a: Electabuzz
|-activate|p2a: Electabuzz|move: Protect
|move|p2b: Sneasler|Close Combat|p1b: Basculegion
|-damage|p1b: Basculegion|0 fnt
|-unboost|p2b: Sneasler|def|1
|-unboost|p2b: Sneasler|spd|1
|faint|p1b: Basculegion
|
|win|r4ka
|raw|Stefanarmy's rating: 1334 → 1309(-25 for losing)
|raw|r4ka's rating: 1246 → 1277(+31 for winning)
|l|☆Stefanarmy
|player|p1|
