|j|☆lumisandi
|j|☆TobiYume
|html|lumisandiTobiYume    
|uhtml|bestof|Game 3 of a best-of-3
|t:|1757009633
|gametype|doubles
|player|p1|lumisandi|hilbert|1016
|player|p2|TobiYume|roxie|1118
|gen|9
|tier|[Gen 9] VGC 2025 Reg H (Bo3)
|rated|
|rule|Species Clause: Limit one of each Pokémon
|rule|Item Clause: Limit 1 of each item
|clearpoke
|poke|p1|Incineroar, L50, F|
|poke|p1|Porygon2, L50|
|poke|p1|Amoonguss, L50, M|
|poke|p1|Ursaluna, L50, F|
|poke|p1|Gholdengo, L50|
|poke|p1|Flamigo, L50, F|
|poke|p2|Garchomp, L50, M|
|poke|p2|Talonflame, L50, F|
|poke|p2|Sylveon, L50, F|
|poke|p2|Tyranitar, L50, M|
|poke|p2|Decidueye-Hisui, L50, F|
|poke|p2|Gholdengo, L50|
|teampreview|4
|showteam|p1|Incineroar||SafetyGoggles|Intimidate|KnockOff,FlareBlitz,PartingShot,FakeOut|||F|||50|,,,,,Grass]Porygon2||Eviolite|Download|TeraBlast,IceBeam,Recover,TrickRoom||||||50|,,,,,Fighting]Amoonguss||MentalHerb|Regenerator|Spore,RagePowder,PollenPuff,SludgeBomb|||M|||50|,,,,,Water]Ursaluna||FlameOrb|Guts|Facade,HeadlongRush,Earthquake,Protect|||F|||50|,,,,,Normal]Gholdengo||LifeOrb|GoodasGold|MakeItRain,ShadowBall,NastyPlot,Protect||||||50|,,,,,Dragon]Flamigo||FocusSash|Scrappy|CloseCombat,BraveBird,WideGuard,Protect|||F|||50|,,,,,Ghost
|showteam|p2|Garchomp||LifeOrb|RoughSkin|DragonClaw,StompingTantrum,Earthquake,Protect|||M|||50|,,,,,Steel]Talonflame||CovertCloak|GaleWings|Tailwind,WillOWisp,BraveBird,Taunt|||F|||50|,,,,,Grass]Sylveon||ThroatSpray|Pixilate|HyperVoice,HyperBeam,TeraBlast,Protect|||F|||50|,,,,,Water]Tyranitar||AssaultVest|SandStream|RockSlide,KnockOff,TeraBlast,LowKick|||M|||50|,,,,,Flying]Decidueye-Hisui||RazorClaw|Scrappy|TripleArrows,LeafBlade,SuckerPunch,Protect|||F|||50|,,,,,Fire]Gholdengo||Leftovers|GoodasGold|MakeItRain,ShadowBall,NastyPlot,Protect||||||50|,,,,,Dragon
|
|t:|1757009648
|teamsize|p1|4
|teamsize|p2|4
|start
|switch|p1a: Porygon2|Porygon2, L50, shiny|100/100
|switch|p1b: Flamigo|Flamigo, L50, F, shiny|100/100
|switch|p2a: Elie|Talonflame, L50, F|100/100
|switch|p2b: Noel|Decidueye-Hisui, L50, F|100/100
|-ability|p1a: Porygon2|Download|boost
|-boost|p1a: Porygon2|spa|1
|turn|1
|
|t:|1757009663
|move|p1b: Flamigo|Protect|p1b: Flamigo
|-singleturn|p1b: Flamigo|Protect
|move|p2b: Noel|Protect|p2b: Noel
|-singleturn|p2b: Noel|Protect
|move|p2a: Elie|Taunt|p1a: Porygon2
|-start|p1a: Porygon2|move: Taunt
|cant|p1a: Porygon2|move: Taunt|Trick Room
|
|upkeep
|turn|2
|
|t:|1757009693
|switch|p1a: Ursaluna|Ursaluna, L50, F, shiny|100/100
|-terastallize|p2b: Noel|Fire
|move|p2a: Elie|Brave Bird|p1b: Flamigo
|-supereffective|p1b: Flamigo
|-damage|p1b: Flamigo|4/100
|-damage|p2a: Elie|73/100|[from] Recoil
|move|p1b: Flamigo|Brave Bird|p2b: Noel
|-damage|p2b: Noel|23/100
|-damage|p1b: Flamigo|0 fnt|[from] Recoil
|faint|p1b: Flamigo
|move|p2b: Noel|Triple Arrows|p1a: Ursaluna
|-supereffective|p1a: Ursaluna
|-damage|p1a: Ursaluna|35/100
|-unboost|p1a: Ursaluna|def|1
|
|-status|p1a: Ursaluna|brn|[from] item: Flame Orb
|upkeep
|
|t:|1757009712
|switch|p1b: Porygon2|Porygon2, L50, shiny|100/100
|-ability|p1b: Porygon2|Download|boost
|-boost|p1b: Porygon2|spa|1
|turn|3
|
|t:|1757009733
|move|p1a: Ursaluna|Protect|p1a: Ursaluna
|-singleturn|p1a: Ursaluna|Protect
|move|p2a: Elie|Taunt|p1b: Porygon2
|-start|p1b: Porygon2|move: Taunt
|move|p2b: Noel|Triple Arrows|p1b: Porygon2
|-supereffective|p1b: Porygon2
|-damage|p1b: Porygon2|54/100
|move|p1b: Porygon2|Tera Blast|p2b: Noel
|-damage|p2b: Noel|0 fnt
|faint|p2b: Noel
|
|-damage|p1a: Ursaluna|29/100 brn|[from] brn
|upkeep
|
|t:|1757009748
|switch|p2b: Tio|Sylveon, L50, F, shiny|100/100
|turn|4
|
|t:|1757009761
|switch|p1b: Gholdengo|Gholdengo, L50, shiny|100/100
|move|p2a: Elie|Brave Bird|p1b: Gholdengo
|-resisted|p1b: Gholdengo
|-damage|p1b: Gholdengo|82/100
|-damage|p2a: Elie|67/100|[from] Recoil
|move|p2b: Tio|Hyper Voice|p1a: Ursaluna|[spread] p1a,p1b
|-resisted|p1b: Gholdengo
|-damage|p1a: Ursaluna|0 fnt
|-damage|p1b: Gholdengo|61/100
|faint|p1a: Ursaluna
|-enditem|p2b: Tio|Throat Spray
|-boost|p2b: Tio|spa|1|[from] item: Throat Spray
|
|upkeep
|
|t:|1757009773
|switch|p1a: Porygon2|Porygon2, L50, shiny|54/100
|-ability|p1a: Porygon2|Download|boost
|-boost|p1a: Porygon2|atk|1
|turn|5
|
|t:|1757009792
|move|p1b: Gholdengo|Protect|p1b: Gholdengo
|-singleturn|p1b: Gholdengo|Protect
|move|p2a: Elie|Taunt|p1a: Porygon2
|-start|p1a: Porygon2|move: Taunt
|move|p2b: Tio|Hyper Voice|p1a: Porygon2|[spread] p1a
|-activate|p1b: Gholdengo|move: Protect
|-damage|p1a: Porygon2|13/100
|move|p1a: Porygon2|Tera Blast|p2a: Elie
|-damage|p2a: Elie|25/100
|
|upkeep
|turn|6
|
|t:|1757009811
|move|p2a: Elie|Tailwind|p2a: Elie
|-sidestart|p2: TobiYume|move: Tailwind
|move|p2b: Tio|Hyper Beam|p1b: Gholdengo
|-resisted|p1b: Gholdengo
|-crit|p1b: Gholdengo
|-damage|p1b: Gholdengo|0 fnt
|-mustrecharge|p2b: Tio
|faint|p1b: Gholdengo
|move|p1a: Porygon2|Tera Blast|p2a: Elie
|-damage|p2a: Elie|0 fnt
|faint|p2a: Elie
|
|upkeep
|
|t:|1757009819
|switch|p2a: Randy|Tyranitar, L50, M|100/100
|-weather|Sandstorm|[from] ability: Sand Stream|[of] p2a: Randy
|turn|7
|
|t:|1757009827
|-terastallize|p1a: Porygon2|Fighting
|move|p2a: Randy|Knock Off|p1a: Porygon2
|-resisted|p1a: Porygon2
|-damage|p1a: Porygon2|0 fnt
|-enditem|p1a: Porygon2|Eviolite|[from] move: Knock Off|[of] p2a: Randy
|faint|p1a: Porygon2
|
|win|TobiYume
|raw|lumisandi's rating: 1016 → 1007(-9 for losing)
|raw|TobiYume's rating: 1118 → 1136(+18 for winning)
|l|☆lumisandi
|player|p1|
