|j|☆entei enthusiast
|j|☆private eyeZ
|html|entei enthusiastprivate eyeZ    
|uhtml|bestof|Game 1 of a best-of-3
|t:|1783994735
|gametype|doubles
|player|p1|entei enthusiast|kamado-armor|1277
|player|p2|private eyeZ|lass-gen4dp|1480
|gen|9
|tier|[Gen 9 Champions] VGC 2026 Reg M-B (Bo3)
|rated|
|rule|Species Clause: Limit one of each Pokémon
|rule|Item Clause: Limit 1 of each item
|clearpoke
|poke|p1|Mawile, L50, F|
|poke|p1|Charizard, L50, M|
|poke|p1|Farigiraf, L50, M|
|poke|p1|Garchomp, L50, M|
|poke|p1|Venusaur, L50, M|
|poke|p1|Basculegion, L50, M|
|poke|p2|Arcanine-Hisui, L50, F|
|poke|p2|Abomasnow, L50, F|
|poke|p2|Farigiraf, L50, M|
|poke|p2|Floette-Eternal, L50, F|
|poke|p2|Garchomp, L50, M|
|poke|p2|Corviknight, L50, M|
|teampreview|4
|showteam|p1|Mawile||Mawilite|HyperCutter|PlayRough,RockSlide,SuckerPunch,Protect|Adamant||F|||50|]Charizard||CharizarditeY|Blaze|WeatherBall,HeatWave,HelpingHand,Protect|Modest||M|||50|]Farigiraf||ColburBerry|ArmorTail|Psychic,Thunderbolt,TrickRoom,HelpingHand|Bold||M|||50|]Garchomp||ChoiceScarf|RoughSkin|DragonClaw,Earthquake,RockSlide,StompingTantrum|Adamant||M|||50|]Venusaur||LifeOrb|Chlorophyll|SludgeBomb,SolarBeam,EarthPower,Protect|Modest||M|||50|]Basculegion||SitrusBerry|Adaptability|WaveCrash,AquaJet,LastRespects,Protect|Adamant||M|||50|
|showteam|p2|Arcanine-Hisui||FocusSash|RockHead|HeadSmash,FlareBlitz,Protect,ExtremeSpeed|Jolly||F|||50|]Abomasnow||Abomasite|SnowWarning|Blizzard,EarthPower,Protect,EnergyBall|Modest||F|||50|]Farigiraf||SitrusBerry|ArmorTail|Thunderbolt,Psychic,HelpingHand,TrickRoom|Sassy||M|||50|]Floette-Eternal||Floettite|FlowerVeil|LightofRuin,Moonblast,DazzlingGleam,Protect|Timid||F|||50|]Garchomp||LifeOrb|RoughSkin|Earthquake,StompingTantrum,Protect,DragonClaw|Jolly||M|||50|]Corviknight||OccaBerry|MirrorArmor|IronHead,Protect,BraveBird,Tailwind|Adamant||M|||50|
|inactive|Battle timer is ON: inactive players will automatically lose when time's up. (requested by entei enthusiast)
|inactive|entei enthusiast has 60 seconds left.
|inactive|private eyeZ has 60 seconds left.
|
|t:|1783994786
|teamsize|p1|4
|teamsize|p2|4
|start
|switch|p1a: Garchomp|Garchomp, L50, M|100/100
|switch|p1b: Mawile|Mawile, L50, F|100/100
|switch|p2a: Arcanine|Arcanine-Hisui, L50, F|100/100
|switch|p2b: Farigiraf|Farigiraf, L50, M|100/100
|turn|1
|inactive|entei enthusiast has 30 seconds left.
|
|t:|1783994816
|detailschange|p1b: Mawile|Mawile-Mega, L50, F
|-mega|p1b: Mawile|Mawile|Mawilite
|move|p2a: Arcanine|Protect|p2a: Arcanine
|-singleturn|p2a: Arcanine|Protect
|move|p1b: Mawile|Protect|p1b: Mawile
|-singleturn|p1b: Mawile|Protect
|move|p1a: Garchomp|Stomping Tantrum|p2a: Arcanine
|-activate|p2a: Arcanine|move: Protect
|move|p2b: Farigiraf|Psychic|p1a: Garchomp
|-damage|p1a: Garchomp|61/100
|
|upkeep
|turn|2
|
|t:|1783994827
|move|p1b: Mawile|Sucker Punch||[still]
|cant|p2b: Farigiraf|ability: Armor Tail|Sucker Punch|[of] p1b: Mawile
|move|p1a: Garchomp|Stomping Tantrum|p2a: Arcanine
|-supereffective|p2a: Arcanine|2
|-crit|p2a: Arcanine
|-enditem|p2a: Arcanine|Focus Sash
|-damage|p2a: Arcanine|1/100
|move|p2a: Arcanine|Flare Blitz|p1b: Mawile
|-supereffective|p1b: Mawile|1
|-damage|p1b: Mawile|0 fnt
|faint|p1b: Mawile
|move|p2b: Farigiraf|Trick Room|p2b: Farigiraf
|-fieldstart|move: Trick Room|[of] p2b: Farigiraf
|
|upkeep
|
|t:|1783994833
|switch|p1b: Basculegion|Basculegion, L50, M|100/100
|turn|3
|c|☆entei enthusiast|whoops
|
|t:|1783994850
|switch|p2a: Abomasnow|Abomasnow, L50, F|100/100
|-weather|Snowscape|[from] ability: Snow Warning|[of] p2a: Abomasnow
|move|p2b: Farigiraf|Thunderbolt|p1b: Basculegion
|-supereffective|p1b: Basculegion|1
|-damage|p1b: Basculegion|53/100
|move|p1b: Basculegion|Wave Crash|p2b: Farigiraf
|-damage|p2b: Farigiraf|26/100
|-enditem|p2b: Farigiraf|Sitrus Berry|[eat]
|-heal|p2b: Farigiraf|51/100|[from] item: Sitrus Berry
|-damage|p1b: Basculegion|29/100|[from] Recoil
|-enditem|p1b: Basculegion|Sitrus Berry|[eat]
|-heal|p1b: Basculegion|54/100|[from] item: Sitrus Berry
|move|p1a: Garchomp|Stomping Tantrum|p2b: Farigiraf
|-damage|p2b: Farigiraf|19/100
|
|-weather|Snowscape|[upkeep]
|upkeep
|turn|4
|inactive|entei enthusiast has 30 seconds left.
|
|t:|1783994880
|detailschange|p2a: Abomasnow|Abomasnow-Mega, L50, F
|-mega|p2a: Abomasnow|Abomasnow|Abomasite
|move|p1b: Basculegion|Protect|p1b: Basculegion
|-singleturn|p1b: Basculegion|Protect
|move|p2a: Abomasnow|Blizzard|p1b: Basculegion|[spread] p1a
|-activate|p1b: Basculegion|move: Protect
|-supereffective|p1a: Garchomp|2
|-damage|p1a: Garchomp|0 fnt
|faint|p1a: Garchomp
|move|p2b: Farigiraf|Thunderbolt|p1b: Basculegion
|-activate|p1b: Basculegion|move: Protect
|
|-weather|Snowscape|[upkeep]
|upkeep
|
|t:|1783994885
|switch|p1a: Farigiraf|Farigiraf, L50, M|100/100
|turn|5
|
|t:|1783994899
|move|p2a: Abomasnow|Blizzard|p1b: Basculegion|[spread] p1a,p1b
|-resisted|p1b: Basculegion|1
|-damage|p1a: Farigiraf|60/100
|-damage|p1b: Basculegion|30/100
|move|p2b: Farigiraf|Thunderbolt|p1b: Basculegion
|-supereffective|p1b: Basculegion|1
|-damage|p1b: Basculegion|0 fnt
|faint|p1b: Basculegion
|move|p1a: Farigiraf|Psychic|p2a: Abomasnow
|-damage|p2a: Abomasnow|69/100
|
|-weather|Snowscape|[upkeep]
|upkeep
|turn|6
|
|t:|1783994908
|move|p2b: Farigiraf|Helping Hand|p2a: Abomasnow
|-singleturn|p2a: Abomasnow|Helping Hand|[of] p2b: Farigiraf
|move|p2a: Abomasnow|Blizzard|p1a: Farigiraf
|-damage|p1a: Farigiraf|0 fnt
|faint|p1a: Farigiraf
|
|win|private eyeZ
||entei enthusiast is ready for game 2.
||private eyeZ is ready for game 2.
|uhtml|next|Next: Game 2 of 3
