|j|☆Darkhyrid123
|j|☆SRareFox
|html|Darkhyrid123SRareFox    
|uhtml|bestof|Game 3 of a best-of-3
|t:|1757246908
|gametype|doubles
|player|p1|Darkhyrid123|266|1040
|player|p2|SRareFox|170|1195
|gen|9
|tier|[Gen 9] VGC 2025 Reg H (Bo3)
|rated|
|rule|Species Clause: Limit one of each Pokémon
|rule|Item Clause: Limit 1 of each item
|clearpoke
|poke|p1|Incineroar, L50, M|
|poke|p1|Pelipper, L50, M|
|poke|p1|Basculegion, L50, M|
|poke|p1|Amoonguss, L50, M|
|poke|p1|Maushold-Four, L50|
|poke|p1|Archaludon, L50, M|
|poke|p2|Indeedee-F, L50, F|
|poke|p2|Gallade, L50, M|
|poke|p2|Hatterene, L50, F|
|poke|p2|Ursaluna, L50, M|
|poke|p2|Torkoal, L50, M|
|poke|p2|Porygon2, L50|
|teampreview|4
|showteam|p1|Incineroar||SafetyGoggles|Intimidate|FakeOut,FlareBlitz,KnockOff,Uturn|||M|||50|,,,,,Ghost]Pelipper||FocusSash|Drizzle|Hurricane,WeatherBall,Tailwind,Protect|||M|||50|,,,,,Ghost]Basculegion||MysticWater|SwiftSwim|Protect,WaveCrash,AquaJet,LastRespects|||M|||50|,,,,,Water]Amoonguss||SitrusBerry|Regenerator|Spore,RagePowder,PollenPuff,ClearSmog|||M|||50|,,,,,Water]Maushold-Four||WideLens|Technician|PopulationBomb,FollowMe,Taunt,Protect||||||50|,,,,,Grass]Archaludon||AssaultVest|Stamina|ElectroShot,DragonPulse,FlashCannon,BodyPress|||M|||50|,,,,,Grass
|showteam|p2|Indeedee-F||SafetyGoggles|PsychicSurge|Psychic,FollowMe,TrickRoom,HelpingHand|||F|||50|,,,,,Water]Gallade||ClearAmulet|Sharpness|PsychoCut,SacredSword,TrickRoom,WideGuard|||M|||50|,,,,,Grass]Hatterene||LifeOrb|MagicBounce|ExpandingForce,DazzlingGleam,TrickRoom,MysticalFire|||F|||50|,,,,,Fire]Ursaluna||FlameOrb|Guts|Facade,HeadlongRush,Earthquake,Protect|||M|||50|,,,,,Ghost]Torkoal||Charcoal|Drought|Eruption,WeatherBall,ClearSmog,Protect|||M|||50|,,,,,Fire]Porygon2||Eviolite|Download|IceBeam,TeraBlast,TrickRoom,Recover||||||50|,,,,,Flying
|inactive|Battle timer is ON: inactive players will automatically lose when time's up. (requested by SRareFox)
|inactive|Darkhyrid123 also wants the timer to be on.
|
|t:|1757246931
|teamsize|p1|4
|teamsize|p2|4
|start
|switch|p1a: Incineroar|Incineroar, L50, M|100/100
|switch|p1b: Amoonguss|Amoonguss, L50, M|100/100
|switch|p2a: Indeedee|Indeedee-F, L50, F|100/100
|switch|p2b: Porygon2|Porygon2, L50|100/100
|-fieldstart|move: Psychic Terrain|[from] ability: Psychic Surge|[of] p2a: Indeedee
|-ability|p1a: Incineroar|Intimidate|boost
|-unboost|p2a: Indeedee|atk|1
|-unboost|p2b: Porygon2|atk|1
|-ability|p2b: Porygon2|Download|boost
|-boost|p2b: Porygon2|atk|1
|turn|1
|l|☆Darkhyrid123
|inactive|Darkhyrid123 disconnected and has a minute to reconnect!
|player|p1|
|inactive|Darkhyrid123 has 30 seconds left.
|inactive|SRareFox has 30 seconds left.
|inactive|Darkhyrid123 has 20 seconds left.
|inactive|Darkhyrid123 has 15 seconds left.
|j|☆Darkhyrid123
|inactive|Darkhyrid123 reconnected and has 15 seconds left.
|player|p1|Darkhyrid123|266|
|inactive|Darkhyrid123 has 10 seconds left.
|
|t:|1757246979
|move|p2a: Indeedee|Follow Me|p2a: Indeedee
|-singleturn|p2a: Indeedee|move: Follow Me
|move|p1a: Incineroar|Knock Off|p2a: Indeedee
|-supereffective|p2a: Indeedee
|-damage|p2a: Indeedee|12/100
|-enditem|p2a: Indeedee|Safety Goggles|[from] move: Knock Off|[of] p1a: Incineroar
|move|p1b: Amoonguss|Spore|p2a: Indeedee
|-status|p2a: Indeedee|slp|[from] move: Spore
|move|p2b: Porygon2|Trick Room|p2b: Porygon2
|-fieldstart|move: Trick Room|[of] p2b: Porygon2
|
|upkeep
|turn|2
|inactive|SRareFox has 30 seconds left.
|inactive|SRareFox has 20 seconds left.
|inactive|SRareFox has 15 seconds left.
|inactive|SRareFox has 10 seconds left.
|inactive|SRareFox has 5 seconds left.
|
|t:|1757247031
|cant|p2a: Indeedee|slp
|move|p1b: Amoonguss|Spore|p2b: Porygon2
|-status|p2b: Porygon2|slp|[from] move: Spore
|cant|p2b: Porygon2|slp
|move|p1a: Incineroar|Knock Off|p2b: Porygon2
|-damage|p2b: Porygon2|69/100 slp
|-enditem|p2b: Porygon2|Eviolite|[from] move: Knock Off|[of] p1a: Incineroar
|
|upkeep
|turn|3
|inactive|Darkhyrid123 has 30 seconds left.
|inactive|Darkhyrid123 has 20 seconds left.
|inactive|Darkhyrid123 has 15 seconds left.
|inactive|Darkhyrid123 has 10 seconds left.
|
|t:|1757247079
|switch|p2b: Ursaluna|Ursaluna, L50, M|100/100
|cant|p2a: Indeedee|slp
|move|p1b: Amoonguss|Pollen Puff|p2b: Ursaluna
|-damage|p2b: Ursaluna|86/100
|move|p1a: Incineroar|U-turn|p2b: Ursaluna
|-crit|p2b: Ursaluna
|-damage|p2b: Ursaluna|58/100
|
|t:|1757247095
|switch|p1a: Pelipper|Pelipper, L50, M|100/100|[from] U-turn
|-weather|RainDance|[from] ability: Drizzle|[of] p1a: Pelipper
|
|-weather|RainDance|[upkeep]
|-status|p2b: Ursaluna|brn|[from] item: Flame Orb
|upkeep
|turn|4
|inactive|SRareFox has 30 seconds left.
|inactive|Darkhyrid123 has 30 seconds left.
|inactive|SRareFox has 20 seconds left.
|
|t:|1757247134
|switch|p1b: Incineroar|Incineroar, L50, M|100/100
|-ability|p1b: Incineroar|Intimidate|boost
|-unboost|p2a: Indeedee|atk|1
|-unboost|p2b: Ursaluna|atk|1
|-terastallize|p1a: Pelipper|Ghost
|move|p2b: Ursaluna|Facade|p1a: Pelipper
|-immune|p1a: Pelipper
|cant|p2a: Indeedee|slp
|move|p1a: Pelipper|Weather Ball|p2b: Ursaluna
|-supereffective|p2b: Ursaluna
|-damage|p2b: Ursaluna|0 fnt
|faint|p2b: Ursaluna
|
|-weather|RainDance|[upkeep]
|upkeep
|
|t:|1757247144
|switch|p2b: Gallade|Gallade, L50, M|100/100
|turn|5
|
|t:|1757247166
|switch|p1b: Amoonguss|Amoonguss, L50, M|100/100
|-terastallize|p2b: Gallade|Grass
|move|p2b: Gallade|Psycho Cut|p1a: Pelipper
|-enditem|p1a: Pelipper|Focus Sash
|-damage|p1a: Pelipper|1/100
|-curestatus|p2a: Indeedee|slp|[msg]
|move|p2a: Indeedee|Psychic|p1a: Pelipper
|-damage|p1a: Pelipper|0 fnt
|faint|p1a: Pelipper
|
|-weather|RainDance|[upkeep]
|-fieldend|move: Trick Room
|-fieldend|move: Psychic Terrain
|upkeep
|
|t:|1757247178
|switch|p1a: Archaludon|Archaludon, L50, M|100/100
|turn|6
|
|t:|1757247194
|move|p2a: Indeedee|Follow Me|p2a: Indeedee
|-singleturn|p2a: Indeedee|move: Follow Me
|move|p1a: Archaludon|Electro Shot||[still]
|-prepare|p1a: Archaludon|Electro Shot
|-boost|p1a: Archaludon|spa|1
|-anim|p1a: Archaludon|Electro Shot|p2a: Indeedee
|-damage|p2a: Indeedee|0 fnt
|faint|p2a: Indeedee
|move|p1b: Amoonguss|Pollen Puff|p1a: Archaludon
|move|p2b: Gallade|Trick Room|p2b: Gallade
|-fieldstart|move: Trick Room|[of] p2b: Gallade
|
|-weather|RainDance|[upkeep]
|upkeep
|
|t:|1757247204
|switch|p2a: Porygon2|Porygon2, L50|69/100 slp
|-ability|p2a: Porygon2|Download|boost
|-boost|p2a: Porygon2|spa|1
|turn|7
|
|t:|1757247219
|move|p1b: Amoonguss|Pollen Puff|p2b: Gallade
|-supereffective|p2b: Gallade
|-damage|p2b: Gallade|66/100
|cant|p2a: Porygon2|slp
|move|p2b: Gallade|Sacred Sword|p1a: Archaludon
|-supereffective|p1a: Archaludon
|-damage|p1a: Archaludon|0 fnt
|faint|p1a: Archaludon
|
|-weather|none
|upkeep
|
|t:|1757247230
|switch|p1a: Incineroar|Incineroar, L50, M|100/100
|-ability|p1a: Incineroar|Intimidate|boost
|-unboost|p2a: Porygon2|atk|1
|-fail|p2b: Gallade|unboost|[from] item: Clear Amulet|[of] p2b: Gallade
|turn|8
|l|☆Darkhyrid123
|inactive|Darkhyrid123 disconnected and has a minute to reconnect!
|player|p1|
|inactive|Darkhyrid123 has 30 seconds left.
|inactive|Darkhyrid123 has 20 seconds left.
|inactive|Darkhyrid123 has 15 seconds left.
|inactive|Darkhyrid123 has 10 seconds left.
|inactive|Darkhyrid123 has 5 seconds left.
|-message|Darkhyrid123 lost due to inactivity.
|
|win|SRareFox
|raw|Darkhyrid123's rating: 1040 → 1031(-9 for losing)
|raw|SRareFox's rating: 1195 → 1210(+15 for winning)
