|j|☆Twiz94
|j|☆UndeadParadox
|html|Twiz94UndeadParadox    
|uhtml|bestof|Game 2 of a best-of-3
|t:|1756787167
|gametype|doubles
|player|p1|Twiz94|169|1167
|player|p2|UndeadParadox|guitarist|1198
|gen|9
|tier|[Gen 9] VGC 2025 Reg H (Bo3)
|rated|
|rule|Species Clause: Limit one of each Pokémon
|rule|Item Clause: Limit 1 of each item
|clearpoke
|poke|p1|Typhlosion-Hisui, L50, M|
|poke|p1|Garchomp, L50, M|
|poke|p1|Indeedee, L50, M|
|poke|p1|Torkoal, L50, F|
|poke|p1|Sneasler, L50, M|
|poke|p1|Talonflame, L50, F|
|poke|p2|Sneasler, L50, F|
|poke|p2|Rillaboom, L50, M|
|poke|p2|Incineroar, L50, F|
|poke|p2|Gholdengo, L50|
|poke|p2|Hydreigon, L50, F|
|poke|p2|Gengar, L50, M|
|teampreview|4
|showteam|p1|Typhlosion-Hisui||ChoiceScarf|Blaze|Eruption,HeatWave,Overheat,ShadowBall|||M|||50|,,,,,Fire]Garchomp||ClearAmulet|RoughSkin|Protect,ScaleShot,StompingTantrum,Earthquake|||M|||50|,,,,,Fairy]Indeedee||FocusSash|PsychicSurge|Protect,TeraBlast,ExpandingForce,TrickRoom|||M|||50|,,,,,Fighting]Torkoal||EjectPack|Drought|Protect,HelpingHand,Overheat,Eruption|||F|||50|,,,,,Fire]Sneasler||PsychicSeed|Unburden|FakeOut,DireClaw,CloseCombat,Coaching|||M|||50|,,,,,Stellar]Talonflame||CovertCloak|GaleWings|Tailwind,DualWingbeat,FlareBlitz,Taunt|||F|||50|,,,,,Steel
|showteam|p2|Sneasler||GrassySeed|Unburden|CloseCombat,DireClaw,Acrobatics,Protect|||F|||50|,,,,,Flying]Rillaboom||AssaultVest|GrassySurge|WoodHammer,GrassyGlide,FakeOut,HighHorsepower|||M|||50|,,,,,Fire]Incineroar||SafetyGoggles|Intimidate|FlareBlitz,KnockOff,PartingShot,FakeOut|||F|||50|,,,,,Ghost]Gholdengo||MetalCoat|GoodasGold|Protect,MakeItRain,ShadowBall,NastyPlot||||||50|,,,,,Water]Hydreigon||LifeOrb|Levitate|Flamethrower,DracoMeteor,DarkPulse,Protect|||F|||50|,,,,,Fire]Gengar||FocusSash|CursedBody|ShadowBall,Haze,Taunt,IcyWind|||M|||50|,,,,,Ghost
|inactive|Battle timer is ON: inactive players will automatically lose when time's up. (requested by Twiz94)
|inactive|UndeadParadox has 60 seconds left.
|
|t:|1756787227
|teamsize|p1|4
|teamsize|p2|4
|start
|switch|p1a: Talonflame|Talonflame, L50, F, shiny|100/100
|switch|p1b: Garchomp|Garchomp, L50, M, shiny|100/100
|switch|p2a: Rillaboom|Rillaboom, L50, M|100/100
|switch|p2b: Gholdengo|Gholdengo, L50, shiny|100/100
|-fieldstart|move: Grassy Terrain|[from] ability: Grassy Surge|[of] p2a: Rillaboom
|turn|1
|
|t:|1756787247
|-terastallize|p2b: Gholdengo|Water
|move|p1a: Talonflame|Tailwind|p1a: Talonflame
|-sidestart|p1: Twiz94|move: Tailwind
|move|p1b: Garchomp|Stomping Tantrum|p2b: Gholdengo
|-damage|p2b: Gholdengo|54/100
|move|p2b: Gholdengo|Make It Rain|p1a: Talonflame|[spread] p1a,p1b
|-resisted|p1a: Talonflame
|-damage|p1a: Talonflame|57/100
|-damage|p1b: Garchomp|40/100
|-unboost|p2b: Gholdengo|spa|1
|move|p2a: Rillaboom|Wood Hammer|p1b: Garchomp
|-damage|p1b: Garchomp|0 fnt
|-damage|p2a: Rillaboom|88/100|[from] ability: Rough Skin|[of] p1b: Garchomp
|faint|p1b: Garchomp
|-damage|p2a: Rillaboom|76/100|[from] Recoil
|
|-heal|p2b: Gholdengo|60/100|[from] Grassy Terrain
|-heal|p2a: Rillaboom|82/100|[from] Grassy Terrain
|upkeep
|
|t:|1756787268
|switch|p1b: Indeedee|Indeedee, L50, M, shiny|100/100
|-fieldstart|move: Psychic Terrain|[from] ability: Psychic Surge|[of] p1b: Indeedee
|turn|2
|inactive|Twiz94 has 30 seconds left.
|inactive|Twiz94 has 20 seconds left.
|
|t:|1756787306
|switch|p2a: Hydreigon|Hydreigon, L50, F, shiny|100/100
|-terastallize|p1b: Indeedee|Fighting
|move|p2b: Gholdengo|Protect|p2b: Gholdengo
|-singleturn|p2b: Gholdengo|Protect
|move|p1a: Talonflame|Dual Wingbeat|p2a: Hydreigon
|-damage|p2a: Hydreigon|85/100
|-damage|p2a: Hydreigon|69/100
|-hitcount|p2a: Hydreigon|2
|move|p1b: Indeedee|Tera Blast|p2a: Hydreigon|[anim] Tera Blast Fighting
|-supereffective|p2a: Hydreigon
|-damage|p2a: Hydreigon|0 fnt
|faint|p2a: Hydreigon
|
|upkeep
|
|t:|1756787320
|switch|p2a: Rillaboom|Rillaboom, L50, M|82/100
|-fieldstart|move: Grassy Terrain|[from] ability: Grassy Surge|[of] p2a: Rillaboom
|turn|3
|inactive|Twiz94 has 30 seconds left.
|inactive|UndeadParadox has 30 seconds left.
|
|t:|1756787352
|move|p1b: Indeedee|Protect|p1b: Indeedee
|-singleturn|p1b: Indeedee|Protect
|move|p2a: Rillaboom|Fake Out|p1b: Indeedee
|-activate|p1b: Indeedee|move: Protect
|move|p1a: Talonflame|Flare Blitz|p2a: Rillaboom
|-supereffective|p2a: Rillaboom
|-damage|p2a: Rillaboom|0 fnt
|faint|p2a: Rillaboom
|-damage|p1a: Talonflame|22/100|[from] Recoil
|move|p2b: Gholdengo|Nasty Plot|p2b: Gholdengo
|-boost|p2b: Gholdengo|spa|2
|
|-heal|p2b: Gholdengo|66/100|[from] Grassy Terrain
|upkeep
|
|t:|1756787356
|switch|p2a: Sneasler|Sneasler, L50, F, shiny|100/100
|-enditem|p2a: Sneasler|Grassy Seed
|-boost|p2a: Sneasler|def|1|[from] item: Grassy Seed
|turn|4
|inactive|Twiz94 has 30 seconds left.
|inactive|Twiz94 has 20 seconds left.
|inactive|Twiz94 has 15 seconds left.
|inactive|Twiz94 has 10 seconds left.
|inactive|Twiz94 has 5 seconds left.
|
|t:|1756787410
|move|p1a: Talonflame|Dual Wingbeat|p2a: Sneasler
|-supereffective|p2a: Sneasler
|-damage|p2a: Sneasler|66/100
|-supereffective|p2a: Sneasler
|-damage|p2a: Sneasler|31/100
|-hitcount|p2a: Sneasler|2
|move|p2a: Sneasler|Acrobatics|p1b: Indeedee
|-supereffective|p1b: Indeedee
|-enditem|p1b: Indeedee|Focus Sash
|-damage|p1b: Indeedee|1/100
|move|p1b: Indeedee|Expanding Force|p2b: Gholdengo
|-damage|p2b: Gholdengo|25/100
|move|p2b: Gholdengo|Make It Rain|p1b: Indeedee|[spread] p1a,p1b
|-resisted|p1a: Talonflame
|-damage|p1a: Talonflame|0 fnt
|-damage|p1b: Indeedee|0 fnt
|-unboost|p2b: Gholdengo|spa|1
|faint|p1a: Talonflame
|faint|p1b: Indeedee
|
|-heal|p2a: Sneasler|37/100|[from] Grassy Terrain
|-heal|p2b: Gholdengo|31/100|[from] Grassy Terrain
|-sideend|p1: Twiz94|move: Tailwind
|upkeep
|
|t:|1756787431
|switch|p1a: Sneasler|Sneasler, L50, M, shiny|100/100
|turn|5
|
|t:|1756787444
|move|p2a: Sneasler|Protect|p2a: Sneasler
|-singleturn|p2a: Sneasler|Protect
|move|p2b: Gholdengo|Protect|p2b: Gholdengo
|-singleturn|p2b: Gholdengo|Protect
|move|p1a: Sneasler|Dire Claw|p2b: Gholdengo
|-activate|p2b: Gholdengo|move: Protect
|
|-heal|p2a: Sneasler|43/100|[from] Grassy Terrain
|-heal|p2b: Gholdengo|37/100|[from] Grassy Terrain
|upkeep
|turn|6
|
|t:|1756787469
|move|p2a: Sneasler|Acrobatics|p1a: Sneasler
|-supereffective|p1a: Sneasler
|-damage|p1a: Sneasler|0 fnt
|faint|p1a: Sneasler
|
|win|UndeadParadox
||Twiz94 is ready for game 3.
||UndeadParadox is ready for game 3.
|uhtml|next|Next: Game 3 of 3
