|j|☆SiniVGC
|j|☆OssiGT
|html|SiniVGCOssiGT    
|uhtml|bestof|Game 1 of a best-of-3
|t:|1783685082
|gametype|doubles
|player|p1|SiniVGC|riley|1171
|player|p2|OssiGT|colress|1157
|gen|9
|tier|[Gen 9 Champions] VGC 2026 Reg M-B (Bo3)
|rated|
|rule|Species Clause: Limit one of each Pokémon
|rule|Item Clause: Limit 1 of each item
|clearpoke
|poke|p1|Mawile, L50, M|
|poke|p1|Farigiraf, L50, F|
|poke|p1|Torkoal, L50, M|
|poke|p1|Vivillon, L50, M|
|poke|p1|Incineroar, L50, M|
|poke|p1|Gallade, L50, M|
|poke|p2|Raichu, L50, M|
|poke|p2|Mawile, L50, M|
|poke|p2|Sinistcha, L50|
|poke|p2|Ceruledge, L50, M|
|poke|p2|Milotic, L50, F|
|poke|p2|Incineroar, L50, M|
|teampreview|4
|showteam|p1|Mawile||Mawilite|HyperCutter|PlayRough,SuckerPunch,RockSlide,Protect|Brave||M|||50|]Farigiraf||SitrusBerry|ArmorTail|Psychic,Thunderbolt,TrickRoom,Protect|Quiet||F|||50|]Torkoal||Charcoal|Drought|Eruption,WeatherBall,HeatWave,Protect|Quiet||M|||50|]Vivillon||FocusSash|CompoundEyes|Hurricane,SleepPowder,RagePowder,Protect|Timid||M|||50|]Incineroar||LifeOrb|Intimidate|FlareBlitz,DarkestLariat,CloseCombat,FakeOut|Brave||M|||50|]Gallade||IronBall|Sharpness|SacredSword,PsychoCut,LeafBlade,TrickRoom|Brave||M|||50|
|showteam|p2|Raichu||RaichuniteY|LightningRod|ZapCannon,FocusBlast,FakeOut,Protect|Timid||M|||50|]Mawile||Mawilite|HyperCutter|PlayRough,SuckerPunch,SwordsDance,Protect|Adamant||M|||50|]Sinistcha||KasibBerry|Hospitality|MatchaGotcha,LifeDew,RagePowder,Protect|Relaxed|||||50|]Ceruledge||ColburBerry|FlashFire|BitterBlade,ShadowSneak,BulkUp,Protect|Adamant||M|||50|]Milotic||Leftovers|Competitive|MuddyWater,Coil,Hypnosis,Protect|Calm||F|||50|]Incineroar||SitrusBerry|Intimidate|FlareBlitz,ThroatChop,FakeOut,PartingShot|Impish||M|||50|
|inactive|Battle timer is ON: inactive players will automatically lose when time's up. (requested by OssiGT)
|
|t:|1783685130
|teamsize|p1|4
|teamsize|p2|4
|start
|switch|p1a: Gallade|Gallade, L50, M|100/100
|switch|p1b: Vivillon|Vivillon, L50, M|100/100
|switch|p2a: Ceruledge|Ceruledge, L50, M|100/100
|switch|p2b: Incineroar|Incineroar, L50, M|100/100
|-ability|p2b: Incineroar|Intimidate|boost
|-unboost|p1a: Gallade|atk|1
|-unboost|p1b: Vivillon|atk|1
|turn|1
|
|t:|1783685141
|move|p2b: Incineroar|Fake Out|p1b: Vivillon
|-damage|p1b: Vivillon|79/100
|cant|p1b: Vivillon|flinch
|move|p2a: Ceruledge|Bulk Up|p2a: Ceruledge
|-boost|p2a: Ceruledge|atk|1
|-boost|p2a: Ceruledge|def|1
|move|p1a: Gallade|Trick Room|p1a: Gallade
|-fieldstart|move: Trick Room|[of] p1a: Gallade
|
|upkeep
|turn|2
|
|t:|1783685163
|switch|p2b: Mawile|Mawile, L50, M|100/100
|switch|p1b: Incineroar|Incineroar, L50, M|100/100
|-ability|p1b: Incineroar|Intimidate|boost
|-unboost|p2a: Ceruledge|atk|1
|-fail|p2b: Mawile|unboost|Attack|[from] ability: Hyper Cutter|[of] p2b: Mawile
|move|p1a: Gallade|Sacred Sword|p2b: Mawile
|-damage|p2b: Mawile|31/100
|move|p2a: Ceruledge|Bitter Blade|p1b: Incineroar
|-resisted|p1b: Incineroar|1
|-damage|p1b: Incineroar|75/100
|
|upkeep
|turn|3
|inactive|OssiGT has 30 seconds left.
|
|t:|1783685196
|switch|p2b: Incineroar|Incineroar, L50, M|100/100
|-ability|p2b: Incineroar|Intimidate|boost
|-unboost|p1a: Gallade|atk|1
|-unboost|p1b: Incineroar|atk|1
|move|p2a: Ceruledge|Shadow Sneak|p1a: Gallade
|-supereffective|p1a: Gallade|1
|-damage|p1a: Gallade|40/100
|move|p1a: Gallade|Sacred Sword|p2b: Incineroar
|-supereffective|p2b: Incineroar|1
|-damage|p2b: Incineroar|46/100
|-enditem|p2b: Incineroar|Sitrus Berry|[eat]
|-heal|p2b: Incineroar|71/100|[from] item: Sitrus Berry
|move|p1b: Incineroar|Darkest Lariat|p2a: Ceruledge
|-supereffective|p2a: Ceruledge|1
|-enditem|p2a: Ceruledge|Colbur Berry|[eat]
|-enditem|p2a: Ceruledge|Colbur Berry|[weaken]
|-damage|p2a: Ceruledge|54/100
|-damage|p1b: Incineroar|65/100|[from] item: Life Orb
|
|upkeep
|turn|4
|
|t:|1783685219
|switch|p1a: Mawile|Mawile, L50, M|100/100
|move|p2a: Ceruledge|Protect|p2a: Ceruledge
|-singleturn|p2a: Ceruledge|Protect
|move|p1b: Incineroar|Darkest Lariat|p2a: Ceruledge
|-activate|p2a: Ceruledge|move: Protect
|move|p2b: Incineroar|Parting Shot|p1a: Mawile
|-fail|p1a: Mawile|unboost|Attack|[from] ability: Hyper Cutter|[of] p1a: Mawile
|-unboost|p1a: Mawile|spa|1
|
|t:|1783685233
|switch|p2b: Sinistcha|Sinistcha, L50|100/100|[from] Parting Shot
|-heal|p2a: Ceruledge|79/100|[from] ability: Hospitality|[of] p2b: Sinistcha
|
|upkeep
|turn|5
|
|t:|1783685251
|detailschange|p1a: Mawile|Mawile-Mega, L50, M
|-mega|p1a: Mawile|Mawile|Mawilite
|move|p1a: Mawile|Rock Slide|p2b: Sinistcha|[spread] p2a,p2b
|-supereffective|p2a: Ceruledge|1
|-damage|p2a: Ceruledge|27/100
|-damage|p2b: Sinistcha|67/100
|move|p1b: Incineroar|Flare Blitz|p2b: Sinistcha
|-supereffective|p2b: Sinistcha|1
|-damage|p2b: Sinistcha|0 fnt
|faint|p2b: Sinistcha
|-damage|p1b: Incineroar|46/100|[from] Recoil
|-damage|p1b: Incineroar|36/100|[from] item: Life Orb
|move|p2a: Ceruledge|Bitter Blade|p1a: Mawile
|-supereffective|p1a: Mawile|1
|-crit|p1a: Mawile
|-damage|p1a: Mawile|0 fnt
|-heal|p2a: Ceruledge|70/100|[from] drain|[of] p1a: Mawile
|faint|p1a: Mawile
|
|-fieldend|move: Trick Room
|upkeep
|
|t:|1783685264
|switch|p2b: Incineroar|Incineroar, L50, M|71/100
|switch|p1a: Vivillon|Vivillon, L50, M|79/100
|-ability|p2b: Incineroar|Intimidate|boost
|-unboost|p1a: Vivillon|atk|1
|-unboost|p1b: Incineroar|atk|1
|turn|6
|
|t:|1783685284
|move|p1a: Vivillon|Protect|p1a: Vivillon
|-singleturn|p1a: Vivillon|Protect
|move|p2b: Incineroar|Fake Out|p1b: Incineroar
|-damage|p1b: Incineroar|25/100
|move|p2a: Ceruledge|Shadow Sneak|p1a: Vivillon
|-activate|p1a: Vivillon|move: Protect
|cant|p1b: Incineroar|flinch
|
|upkeep
|turn|7
|
|t:|1783685294
|move|p2a: Ceruledge|Protect|p2a: Ceruledge
|-singleturn|p2a: Ceruledge|Protect
|move|p1a: Vivillon|Sleep Powder|p2a: Ceruledge
|-activate|p2a: Ceruledge|move: Protect
|move|p2b: Incineroar|Parting Shot|p1a: Vivillon
|-unboost|p1a: Vivillon|atk|1
|-unboost|p1a: Vivillon|spa|1
|
|t:|1783685301
|switch|p2b: Mawile|Mawile, L50, M|31/100|[from] Parting Shot
|move|p1b: Incineroar|Close Combat|p2b: Mawile
|-damage|p2b: Mawile|0 fnt
|-unboost|p1b: Incineroar|def|1
|-unboost|p1b: Incineroar|spd|1
|faint|p2b: Mawile
|-damage|p1b: Incineroar|15/100|[from] item: Life Orb
|
|upkeep
|
|t:|1783685307
|switch|p2b: Incineroar|Incineroar, L50, M|71/100
|-ability|p2b: Incineroar|Intimidate|boost
|-unboost|p1a: Vivillon|atk|1
|-unboost|p1b: Incineroar|atk|1
|turn|8
|
|t:|1783685322
|switch|p1b: Gallade|Gallade, L50, M|40/100
|move|p1a: Vivillon|Protect|p1a: Vivillon
|-singleturn|p1a: Vivillon|Protect
|move|p2b: Incineroar|Fake Out|p1a: Vivillon
|-activate|p1a: Vivillon|move: Protect
|move|p2a: Ceruledge|Bitter Blade|p1b: Gallade
|-damage|p1b: Gallade|0 fnt
|-heal|p2a: Ceruledge|90/100|[from] drain|[of] p1b: Gallade
|faint|p1b: Gallade
|
|upkeep
|
|t:|1783685331
|switch|p1b: Incineroar|Incineroar, L50, M|15/100
|-ability|p1b: Incineroar|Intimidate|boost
|-unboost|p2a: Ceruledge|atk|1
|-unboost|p2b: Incineroar|atk|1
|turn|9
|inactive|SiniVGC has 30 seconds left.
|
|t:|1783685361
|move|p1b: Incineroar|Fake Out|p2b: Incineroar
|-damage|p2b: Incineroar|57/100
|-damage|p1b: Incineroar|5/100|[from] item: Life Orb
|move|p2a: Ceruledge|Shadow Sneak|p1b: Incineroar
|-resisted|p1b: Incineroar|1
|-damage|p1b: Incineroar|0 fnt
|faint|p1b: Incineroar
|move|p1a: Vivillon|Sleep Powder|p2a: Ceruledge
|-status|p2a: Ceruledge|slp|[from] move: Sleep Powder
|cant|p2b: Incineroar|flinch
|
|upkeep
|turn|10
|
|t:|1783685376
|move|p1a: Vivillon|Sleep Powder|p2b: Incineroar
|-status|p2b: Incineroar|slp|[from] move: Sleep Powder
|cant|p2a: Ceruledge|slp
|cant|p2b: Incineroar|slp
|
|upkeep
|turn|11
|
|t:|1783685384
|move|p1a: Vivillon|Hurricane|p2a: Ceruledge|[miss]
|-miss|p1a: Vivillon|p2a: Ceruledge
|-curestatus|p2a: Ceruledge|slp|[msg]
|move|p2a: Ceruledge|Bitter Blade|p1a: Vivillon
|-supereffective|p1a: Vivillon|1
|-damage|p1a: Vivillon|0 fnt
|-heal|p2a: Ceruledge|100/100|[from] drain|[of] p1a: Vivillon
|faint|p1a: Vivillon
|
|win|OssiGT
||SiniVGC is ready for game 2.
|inactive|OssiGT has 30 seconds to confirm battle start!
||OssiGT is ready for game 2.
|uhtml|next|Next: Game 2 of 3
|l|☆SiniVGC
|player|p1|
