|j|☆kst kampfi
|j|☆stephen greep fan
|html|kst kampfistephen greep fan    
|uhtml|bestof|Game 3 of a best-of-3
|t:|1783754665
|gametype|doubles
|player|p1|kst kampfi|colress|1091
|player|p2|stephen greep fan|265|1070
|gen|9
|tier|[Gen 9 Champions] VGC 2026 Reg M-B (Bo3)
|rated|
|rule|Species Clause: Limit one of each Pokémon
|rule|Item Clause: Limit 1 of each item
|clearpoke
|poke|p1|Floette-Eternal, L50, F|
|poke|p1|Sneasler, L50, F|
|poke|p1|Sinistcha, L50|
|poke|p1|Grimmsnarl, L50, M|
|poke|p1|Incineroar, L50, F|
|poke|p1|Rotom-Wash, L50|
|poke|p2|Aerodactyl, L50, M|
|poke|p2|Kingambit, L50, M|
|poke|p2|Sylveon, L50, F|
|poke|p2|Garchomp, L50, F|
|poke|p2|Charizard, L50, M|
|poke|p2|Incineroar, L50, F|
|teampreview|4
|showteam|p1|Floette-Eternal||Floettite|FlowerVeil|DazzlingGleam,DrainingKiss,CalmMind,Protect|Bold||F|||50|]Sneasler||FocusSash|Unburden|DireClaw,CloseCombat,Coaching,FakeOut|Jolly||F|||50|]Sinistcha||OccaBerry|Hospitality|MatchaGotcha,LifeDew,RagePowder,TrickRoom|Calm|||||50|]Grimmsnarl||LightClay|Prankster|FoulPlay,PartingShot,LightScreen,ScaryFace|Calm||M|||50|]Incineroar||SitrusBerry|Intimidate|FlareBlitz,Taunt,FakeOut,PartingShot|Careful||F|||50|]Rotom-Wash||Magnet|Levitate|HydroPump,Thunderbolt,Protect,VoltSwitch|Modest|||||50|
|showteam|p2|Aerodactyl||Aerodactylite|Unnerve|RockSlide,DualWingbeat,Tailwind,WideGuard|Jolly||M|||50|]Kingambit||FocusSash|Defiant|SuckerPunch,IronHead,LowKick,Protect|Adamant||M|||50|]Sylveon||FairyFeather|Pixilate|HyperVoice,HyperBeam,QuickAttack,Detect|Modest||F|||50|]Garchomp||LifeOrb|RoughSkin|Earthquake,DragonClaw,StompingTantrum,Protect|Jolly||F|||50|]Charizard||CharizarditeY|Blaze|HeatWave,WeatherBall,SolarBeam,Protect|Modest||M|||50|]Incineroar||SitrusBerry|Intimidate|FlareBlitz,DarkestLariat,PartingShot,FakeOut|Impish||F|||50|
|inactive|Battle timer is ON: inactive players will automatically lose when time's up. (requested by kst kampfi)
|inactive|kst kampfi has 60 seconds left.
|inactive|stephen greep fan has 60 seconds left.
|
|t:|1783754701
|teamsize|p1|4
|teamsize|p2|4
|start
|switch|p1a: Sneasler|Sneasler, L50, F|100/100
|switch|p1b: Incineroar|Incineroar, L50, F|100/100
|switch|p2a: Charizard|Charizard, L50, M|100/100
|switch|p2b: Garchomp|Garchomp, L50, F|100/100
|-ability|p1b: Incineroar|Intimidate|boost
|-unboost|p2a: Charizard|atk|1
|-unboost|p2b: Garchomp|atk|1
|turn|1
|inactive|kst kampfi has 30 seconds left.
|
|t:|1783754732
|detailschange|p2a: Charizard|Charizard-Mega-Y, L50, M
|-mega|p2a: Charizard|Charizard|Charizardite Y
|-weather|SunnyDay|[from] ability: Drought|[of] p2a: Charizard
|move|p1a: Sneasler|Fake Out|p2a: Charizard
|-damage|p2a: Charizard|84/100
|move|p2b: Garchomp|Earthquake|p1b: Incineroar|[spread] p1a,p1b
|-immune|p2a: Charizard
|-supereffective|p1a: Sneasler|1
|-supereffective|p1b: Incineroar|1
|-enditem|p1a: Sneasler|Focus Sash
|-damage|p1a: Sneasler|1/100
|-damage|p1b: Incineroar|36/100
|-enditem|p1b: Incineroar|Sitrus Berry|[eat]
|-heal|p1b: Incineroar|61/100|[from] item: Sitrus Berry
|-damage|p2b: Garchomp|90/100|[from] item: Life Orb
|cant|p2a: Charizard|flinch
|move|p1b: Incineroar|Parting Shot|p2b: Garchomp
|-unboost|p2b: Garchomp|atk|1
|-unboost|p2b: Garchomp|spa|1
|
|t:|1783754750
|switch|p1b: Floette|Floette-Eternal, L50, F|100/100|[from] Parting Shot
|
|-weather|SunnyDay|[upkeep]
|upkeep
|turn|2
|
|t:|1783754760
|detailschange|p1b: Floette|Floette-Mega, L50, F
|-mega|p1b: Floette|Floette|Floettite
|-ability|p1b: Floette|Fairy Aura
|move|p1a: Sneasler|Coaching|p1b: Floette
|-boost|p1b: Floette|atk|1
|-boost|p1b: Floette|def|1
|move|p2b: Garchomp|Earthquake|p1b: Floette|[spread] p1a,p1b
|-immune|p2a: Charizard
|-supereffective|p1a: Sneasler|1
|-damage|p1a: Sneasler|0 fnt
|-damage|p1b: Floette|85/100
|faint|p1a: Sneasler
|-damage|p2b: Garchomp|80/100|[from] item: Life Orb
|move|p2a: Charizard|Heat Wave|p1b: Floette
|-damage|p1b: Floette|26/100
|move|p1b: Floette|Calm Mind|p1b: Floette
|-boost|p1b: Floette|spa|1
|-boost|p1b: Floette|spd|1
|
|-weather|SunnyDay|[upkeep]
|upkeep
|
|t:|1783754785
|switch|p1a: Incineroar|Incineroar, L50, F|61/100
|-ability|p1a: Incineroar|Intimidate|boost
|-unboost|p2a: Charizard|atk|1
|-unboost|p2b: Garchomp|atk|1
|turn|3
|
|t:|1783754798
|switch|p1a: Sinistcha|Sinistcha, L50|100/100
|-heal|p1b: Floette|51/100|[from] ability: Hospitality|[of] p1a: Sinistcha
|move|p2b: Garchomp|Earthquake|p1a: Sinistcha|[spread] p1a,p1b
|-immune|p2a: Charizard
|-resisted|p1a: Sinistcha|1
|-crit|p1a: Sinistcha
|-damage|p1a: Sinistcha|67/100
|-damage|p1b: Floette|39/100
|-damage|p2b: Garchomp|70/100|[from] item: Life Orb
|move|p2a: Charizard|Heat Wave|p1a: Sinistcha|[spread] p1a,p1b
|-supereffective|p1a: Sinistcha|1
|-crit|p1a: Sinistcha
|-enditem|p1a: Sinistcha|Occa Berry|[eat]
|-enditem|p1a: Sinistcha|Occa Berry|[weaken]
|-damage|p1a: Sinistcha|0 fnt
|-damage|p1b: Floette|12/100
|faint|p1a: Sinistcha
|move|p1b: Floette|Draining Kiss|p2b: Garchomp
|-supereffective|p2b: Garchomp|1
|-damage|p2b: Garchomp|0 fnt
|-heal|p1b: Floette|66/100|[from] drain|[of] p2b: Garchomp
|-damage|p1b: Floette|54/100|[from] ability: Rough Skin|[of] p2b: Garchomp
|faint|p2b: Garchomp
|
|-weather|SunnyDay|[upkeep]
|upkeep
|
|t:|1783754818
|switch|p2b: Aerodactyl|Aerodactyl, L50, M|100/100
|switch|p1a: Incineroar|Incineroar, L50, F|61/100
|-ability|p2b: Aerodactyl|Unnerve
|-ability|p1a: Incineroar|Intimidate|boost
|-unboost|p2a: Charizard|atk|1
|-unboost|p2b: Aerodactyl|atk|1
|turn|4
|
|t:|1783754835
|move|p1a: Incineroar|Fake Out|p2b: Aerodactyl
|-resisted|p2b: Aerodactyl|1
|-damage|p2b: Aerodactyl|93/100
|cant|p2b: Aerodactyl|flinch
|move|p2a: Charizard|Weather Ball|p1b: Floette
|-damage|p1b: Floette|11/100
|move|p1b: Floette|Draining Kiss|p2b: Aerodactyl
|-damage|p2b: Aerodactyl|27/100
|-heal|p1b: Floette|60/100|[from] drain|[of] p2b: Aerodactyl
|
|-weather|SunnyDay|[upkeep]
|upkeep
|turn|5
|inactive|kst kampfi has 30 seconds left.
|
|t:|1783754862
|move|p2b: Aerodactyl|Tailwind|p2b: Aerodactyl
|-sidestart|p2: stephen greep fan|move: Tailwind
|move|p2a: Charizard|Heat Wave|p1b: Floette|[spread] p1a,p1b
|-resisted|p1a: Incineroar|1
|-crit|p1a: Incineroar
|-damage|p1a: Incineroar|28/100
|-damage|p1b: Floette|30/100
|move|p1b: Floette|Draining Kiss|p2b: Aerodactyl
|-damage|p2b: Aerodactyl|0 fnt
|-heal|p1b: Floette|51/100|[from] drain|[of] p2b: Aerodactyl
|faint|p2b: Aerodactyl
|move|p1a: Incineroar|Parting Shot|p2a: Charizard
|-unboost|p2a: Charizard|atk|1
|-unboost|p2a: Charizard|spa|1
|
|-weather|none
|upkeep
|
|t:|1783754868
|switch|p2b: Sylveon|Sylveon, L50, F|100/100
|turn|6
|
|t:|1783754894
|move|p1b: Floette|Protect|p1b: Floette
|-singleturn|p1b: Floette|Protect
|move|p2a: Charizard|Heat Wave|p1a: Incineroar|[spread] p1a
|-activate|p1b: Floette|move: Protect
|-resisted|p1a: Incineroar|1
|-damage|p1a: Incineroar|17/100
|move|p2b: Sylveon|Hyper Beam|p1b: Floette
|-activate|p1b: Floette|move: Protect
|move|p1a: Incineroar|Parting Shot|p2b: Sylveon
|-unboost|p2b: Sylveon|atk|1
|-unboost|p2b: Sylveon|spa|1
|
|upkeep
|turn|7
|inactive|kst kampfi has 30 seconds left.
|
|t:|1783754922
|move|p2a: Charizard|Heat Wave|p1b: Floette|[spread] p1b
|-miss|p2a: Charizard|p1a: Incineroar
|-damage|p1b: Floette|37/100
|move|p2b: Sylveon|Hyper Beam|p1b: Floette
|-damage|p1b: Floette|0 fnt
|-mustrecharge|p2b: Sylveon
|faint|p1b: Floette
|move|p1a: Incineroar|Parting Shot|p2b: Sylveon
|-unboost|p2b: Sylveon|atk|1
|-unboost|p2b: Sylveon|spa|1
|
|upkeep
|turn|8
|
|t:|1783754936
|move|p2a: Charizard|Heat Wave|p1a: Incineroar
|-resisted|p1a: Incineroar|1
|-damage|p1a: Incineroar|4/100
|cant|p2b: Sylveon|recharge
|move|p1a: Incineroar|Flare Blitz|p2a: Charizard
|-resisted|p2a: Charizard|1
|-damage|p2a: Charizard|59/100
|-damage|p1a: Incineroar|0 fnt|[from] Recoil
|faint|p1a: Incineroar
|
|win|stephen greep fan
|raw|kst kampfi's rating: 1091 → 1066(-25 for losing)
|raw|stephen greep fan's rating: 1070 → 1101(+31 for winning)
