|j|☆Mr. Johnny Test
|j|☆TheLeoj
|html|Mr. Johnny TestTheLeoj    
|uhtml|bestof|Game 1 of a best-of-3
|t:|1784055466
|gametype|doubles
|player|p1|Mr. Johnny Test|265|1122
|player|p2|TheLeoj|265|1126
|gen|9
|tier|[Gen 9 Champions] VGC 2026 Reg M-B (Bo3)
|rated|
|rule|Species Clause: Limit one of each Pokémon
|rule|Item Clause: Limit 1 of each item
|clearpoke
|poke|p1|Mawile, L50, F, shiny|
|poke|p1|Charizard, L50, M|
|poke|p1|Sinistcha-Masterpiece, L50, shiny|
|poke|p1|Milotic, L50, F, shiny|
|poke|p1|Whimsicott, L50, F, shiny|
|poke|p1|Garchomp, L50, F|
|poke|p2|Raichu, L50, M|
|poke|p2|Primarina, L50, F, shiny|
|poke|p2|Kingambit, L50, M, shiny|
|poke|p2|Incineroar, L50, M, shiny|
|poke|p2|Ninetales-Alola, L50, F, shiny|
|poke|p2|Gengar, L50, M, shiny|
|teampreview|4
|showteam|p1|Mawile||Mawilite|Intimidate|SuckerPunch,IronHead,PlayRough,Protect|Adamant||F|||50|]Charizard||CharizarditeX|Blaze|Protect,FlameCharge,DragonClaw,BellyDrum|Adamant||M|||50|]Sinistcha-Masterpiece||SitrusBerry|Hospitality|LifeDew,RagePowder,TrickRoom,MatchaGotcha|Calm|||||50|]Milotic||Leftovers|Competitive|IcyWind,MuddyWater,Coil,Hypnosis|Bold||F|||50|]Whimsicott||FocusSash|Prankster|Tailwind,GrassyTerrain,Moonblast,Protect|Timid||F|||50|]Garchomp||LifeOrb|RoughSkin|DragonClaw,StompingTantrum,RockSlide,Protect|Jolly||F|||50|
|showteam|p2|Raichu||RaichuniteY|Static|ZapCannon,FocusBlast,FakeOut,Protect|Timid||M|||50|]Primarina||LifeOrb|LiquidVoice|HyperVoice,DazzlingGleam,Protect,Moonblast|Modest||F|||50|]Kingambit||BlackGlasses|Defiant|Protect,KowtowCleave,IronHead,SuckerPunch|Adamant||M|||50|]Incineroar||SitrusBerry|Intimidate|FakeOut,FlareBlitz,DarkestLariat,PartingShot|Adamant||M|||50|]Ninetales-Alola||LightClay|SnowWarning|Protect,Blizzard,AuroraVeil,FreezeDry|Timid||F|||50|]Gengar||Gengarite|CursedBody|Protect,ShadowBall,PerishSong,SludgeBomb|Timid||M|||50|
|inactive|Battle timer is ON: inactive players will automatically lose when time's up. (requested by TheLeoj)
|inactive|TheLeoj has 60 seconds left.
|
|t:|1784055517
|teamsize|p1|4
|teamsize|p2|4
|start
|switch|p1a: Charmin Ultra|Whimsicott, L50, F, shiny|100/100
|switch|p1b: Boa Hancock|Milotic, L50, F, shiny|100/100
|switch|p2a: Raichu|Raichu, L50, M|100/100
|switch|p2b: Incineroar|Incineroar, L50, M, shiny|100/100
|-ability|p2b: Incineroar|Intimidate|boost
|-unboost|p1a: Charmin Ultra|atk|1
|-unboost|p1b: Boa Hancock|atk|1
|-ability|p1b: Boa Hancock|Competitive|boost
|-boost|p1b: Boa Hancock|spa|2
|turn|1
|
|t:|1784055541
|detailschange|p2a: Raichu|Raichu-Mega-Y, L50, M
|-mega|p2a: Raichu|Raichu|Raichunite Y
|move|p2b: Incineroar|Fake Out|p1a: Charmin Ultra
|-damage|p1a: Charmin Ultra|79/100
|cant|p1a: Charmin Ultra|flinch
|move|p2a: Raichu|Zap Cannon|p1b: Boa Hancock
|-supereffective|p1b: Boa Hancock|1
|-crit|p1b: Boa Hancock
|-damage|p1b: Boa Hancock|0 fnt
|faint|p1b: Boa Hancock
|
|upkeep
|
|t:|1784055547
|switch|p1b: HammerHead|Garchomp, L50, F|100/100
|turn|2
|
|t:|1784055560
|move|p2a: Raichu|Protect|p2a: Raichu
|-singleturn|p2a: Raichu|Protect
|move|p1b: HammerHead|Protect|p1b: HammerHead
|-singleturn|p1b: HammerHead|Protect
|move|p1a: Charmin Ultra|Tailwind|p1a: Charmin Ultra
|-sidestart|p1: Mr. Johnny Test|move: Tailwind
|move|p2b: Incineroar|Flare Blitz|p1a: Charmin Ultra
|-supereffective|p1a: Charmin Ultra|1
|-damage|p1a: Charmin Ultra|0 fnt
|faint|p1a: Charmin Ultra
|-damage|p2b: Incineroar|80/100|[from] Recoil
|
|upkeep
|
|t:|1784055567
|switch|p1a: Daenerys|Mawile, L50, F, shiny|100/100
|-ability|p1a: Daenerys|Intimidate|boost
|-unboost|p2a: Raichu|atk|1
|-unboost|p2b: Incineroar|atk|1
|turn|3
|inactive|TheLeoj has 30 seconds left.
|
|t:|1784055600
|detailschange|p1a: Daenerys|Mawile-Mega, L50, F, shiny
|-mega|p1a: Daenerys|Mawile|Mawilite
|move|p1b: HammerHead|Stomping Tantrum|p2b: Incineroar
|-supereffective|p2b: Incineroar|1
|-damage|p2b: Incineroar|0 fnt
|faint|p2b: Incineroar
|-damage|p1b: HammerHead|90/100|[from] item: Life Orb
|move|p2a: Raichu|Focus Blast|p1b: HammerHead
|-damage|p1b: HammerHead|44/100
|move|p1a: Daenerys|Play Rough|p2a: Raichu
|-damage|p2a: Raichu|0 fnt
|faint|p2a: Raichu
|
|upkeep
|
|t:|1784055614
|switch|p2a: Ninetales|Ninetales-Alola, L50, F, shiny|100/100
|switch|p2b: Primarina|Primarina, L50, F, shiny|100/100
|-weather|Snowscape|[from] ability: Snow Warning|[of] p2a: Ninetales
|turn|4
|
|t:|1784055629
|move|p1b: HammerHead|Rock Slide|p2b: Primarina|[spread] p2a,p2b
|-supereffective|p2a: Ninetales|1
|-damage|p2a: Ninetales|51/100
|-damage|p2b: Primarina|66/100
|-damage|p1b: HammerHead|35/100|[from] item: Life Orb
|move|p2a: Ninetales|Aurora Veil|p2a: Ninetales
|-sidestart|p2: TheLeoj|move: Aurora Veil
|move|p1a: Daenerys|Iron Head|p2a: Ninetales
|-supereffective|p2a: Ninetales|2
|-damage|p2a: Ninetales|0 fnt
|faint|p2a: Ninetales
|move|p2b: Primarina|Dazzling Gleam|p1a: Daenerys|[spread] p1a,p1b
|-resisted|p1a: Daenerys|1
|-supereffective|p1b: HammerHead|1
|-damage|p1a: Daenerys|77/100
|-damage|p1b: HammerHead|0 fnt
|faint|p1b: HammerHead
|-damage|p2b: Primarina|57/100|[from] item: Life Orb
|
|-weather|Snowscape|[upkeep]
|upkeep
|turn|5
|
|t:|1784055642
|move|p1a: Daenerys|Iron Head|p2b: Primarina
|-damage|p2b: Primarina|0 fnt
|faint|p2b: Primarina
|
|win|Mr. Johnny Test
