|j|☆goldenchimchar
|j|‽Guy #753
|html|goldenchimcharGuy #753    
|uhtml|bestof|Game 1 of a best-of-3
|t:|1756429544
|gametype|doubles
|player|p1|goldenchimchar|hilbert|1072
|player|p2|Guy #753|170|1069
|gen|9
|tier|[Gen 9] VGC 2025 Reg H (Bo3)
|rated|
|rule|Species Clause: Limit one of each Pokémon
|rule|Item Clause: Limit 1 of each item
|clearpoke
|poke|p1|Rillaboom, L50, F|
|poke|p1|Dragonite, L50, F|
|poke|p1|Kingambit, L50, M|
|poke|p1|Volcarona, L50, F|
|poke|p1|Sneasler, L50, M|
|poke|p1|Incineroar, L50, M|
|poke|p2|Sneasler, L50, F|
|poke|p2|Indeedee, L50, M|
|poke|p2|Volcarona, L50, M|
|poke|p2|Ursaluna-Bloodmoon, L50, M|
|poke|p2|Annihilape, L50, F|
|poke|p2|Tyranitar, L50, M|
|teampreview|4
|showteam|p1|Rillaboom||AssaultVest|GrassySurge|GrassyGlide,FakeOut,WoodHammer,Uturn|||F|||50|,,,,,Fire]Dragonite||LoadedDice|Multiscale|ScaleShot,Protect,Haze,ExtremeSpeed|||F|||50|,,,,,Fairy]Kingambit||BlackGlasses|Defiant|SuckerPunch,KowtowCleave,Protect,SwordsDance|||M|||50|,,,,,Ghost]Volcarona||CovertCloak|FlameBody|HeatWave,StruggleBug,RagePowder,Tailwind|||F|||50|,,,,,Fairy]Sneasler||GrassySeed|Unburden|CloseCombat,DireClaw,Protect,ThroatChop|||M|||50|,,,,,Dark]Incineroar||SafetyGoggles|Intimidate|FakeOut,FlareBlitz,KnockOff,PartingShot|||M|||50|,,,,,Ghost
|showteam|p2|Sneasler||PsychicSeed|Unburden|CloseCombat,DireClaw,ThroatChop,Protect|||F|||50|,,,,,Dark]Indeedee||ChoiceScarf|PsychicSurge|ExpandingForce,TeraBlast,Trick,Protect|||M|||50|,,,,,Psychic]Volcarona||SitrusBerry|FlameBody|Overheat,StruggleBug,RagePowder,Tailwind|||M|||50|,,,,,Grass]Ursaluna-Bloodmoon||LifeOrb|MindsEye|BloodMoon,HyperVoice,EarthPower,Protect|||M|||50|,,,,,Normal]Annihilape||SafetyGoggles|Defiant|CloseCombat,RageFist,Taunt,FinalGambit|||F|||50|,,,,,Fairy]Tyranitar||AssaultVest|SandStream|RockSlide,KnockOff,TeraBlast,LowKick|||M|||50|,,,,,Flying
|inactive|Battle timer is ON: inactive players will automatically lose when time's up. (requested by goldenchimchar)
|
|t:|1756429582
|teamsize|p1|4
|teamsize|p2|4
|start
|switch|p1a: Volcarona|Volcarona, L50, F|100/100
|switch|p1b: Kingambit|Kingambit, L50, M|100/100
|switch|p2a: Ursaluna|Ursaluna-Bloodmoon, L50, M|100/100
|switch|p2b: Volcarona|Volcarona, L50, M|100/100
|turn|1
|inactive|Guy #753 has 30 seconds left.
|inactive|Guy #753 has 20 seconds left.
|inactive|Guy #753 has 15 seconds left.
|inactive|Guy #753 has 10 seconds left.
|
|t:|1756429628
|move|p1b: Kingambit|Protect|p1b: Kingambit
|-singleturn|p1b: Kingambit|Protect
|move|p2b: Volcarona|Tailwind|p2b: Volcarona
|-sidestart|p2: Guy #753|move: Tailwind
|move|p2a: Ursaluna|Earth Power|p1b: Kingambit
|-activate|p1b: Kingambit|move: Protect
|move|p1a: Volcarona|Tailwind|p1a: Volcarona
|-sidestart|p1: goldenchimchar|move: Tailwind
|
|upkeep
|turn|2
|inactive|goldenchimchar has 30 seconds left.
|inactive|Guy #753 has 30 seconds left.
|inactive|goldenchimchar has 20 seconds left.
|inactive|Guy #753 has 20 seconds left.
|inactive|goldenchimchar has 15 seconds left.
|inactive|Guy #753 has 15 seconds left.
|inactive|goldenchimchar has 10 seconds left.
|inactive|Guy #753 has 10 seconds left.
|inactive|Guy #753 has 5 seconds left.
|
|t:|1756429680
|switch|p2a: Indeedee|Indeedee, L50, M|100/100
|-fieldstart|move: Psychic Terrain|[from] ability: Psychic Surge|[of] p2a: Indeedee
|move|p2b: Volcarona|Overheat|p1b: Kingambit
|-supereffective|p1b: Kingambit
|-damage|p1b: Kingambit|0 fnt
|-unboost|p2b: Volcarona|spa|2
|faint|p1b: Kingambit
|move|p1a: Volcarona|Struggle Bug|p2a: Indeedee|[spread] p2a,p2b
|-supereffective|p2a: Indeedee
|-resisted|p2b: Volcarona
|-damage|p2a: Indeedee|48/100
|-damage|p2b: Volcarona|91/100
|-unboost|p2a: Indeedee|spa|1
|-unboost|p2b: Volcarona|spa|1
|
|upkeep
|
|t:|1756429690
|switch|p1b: Rillaboom|Rillaboom, L50, F|100/100
|-fieldstart|move: Grassy Terrain|[from] ability: Grassy Surge|[of] p1b: Rillaboom
|turn|3
|inactive|Guy #753 has 30 seconds left.
|inactive|Guy #753 has 20 seconds left.
|inactive|Guy #753 has 15 seconds left.
|inactive|Guy #753 has 10 seconds left.
|inactive|Guy #753 has 5 seconds left.
|
|t:|1756429745
|move|p1b: Rillaboom|Grassy Glide|p2a: Indeedee
|-damage|p2a: Indeedee|0 fnt
|faint|p2a: Indeedee
|move|p2b: Volcarona|Overheat|p1a: Volcarona
|-damage|p1a: Volcarona|80/100
|-unboost|p2b: Volcarona|spa|2
|move|p1a: Volcarona|Heat Wave|p2b: Volcarona
|-damage|p2b: Volcarona|41/100
|-enditem|p2b: Volcarona|Sitrus Berry|[eat]
|-heal|p2b: Volcarona|66/100|[from] item: Sitrus Berry
|
|-heal|p2b: Volcarona|72/100|[from] Grassy Terrain
|-heal|p1a: Volcarona|86/100|[from] Grassy Terrain
|upkeep
|
|t:|1756429768
|switch|p2a: Sneasler|Sneasler, L50, F|100/100
|turn|4
|
|t:|1756429785
|switch|p2b: Ursaluna|Ursaluna-Bloodmoon, L50, M|100/100
|move|p1a: Volcarona|Rage Powder|p1a: Volcarona
|-singleturn|p1a: Volcarona|move: Rage Powder
|move|p2a: Sneasler|Dire Claw|p1a: Volcarona
|-damage|p1a: Volcarona|36/100
|-status|p2a: Sneasler|brn|[from] ability: Flame Body|[of] p1a: Volcarona
|move|p1b: Rillaboom|U-turn|p2a: Sneasler
|-resisted|p2a: Sneasler
|-damage|p2a: Sneasler|90/100 brn
|
|t:|1756429795
|switch|p1b: Sneasler|Sneasler, L50, M|100/100|[from] U-turn
|-enditem|p1b: Sneasler|Grassy Seed
|-boost|p1b: Sneasler|def|1|[from] item: Grassy Seed
|
|-heal|p2a: Sneasler|96/100 brn|[from] Grassy Terrain
|-heal|p1a: Volcarona|42/100|[from] Grassy Terrain
|-damage|p2a: Sneasler|90/100 brn|[from] brn
|-sideend|p1: goldenchimchar|move: Tailwind
|-sideend|p2: Guy #753|move: Tailwind
|upkeep
|turn|5
|inactive|Guy #753 has 30 seconds left.
|inactive|Guy #753 has 20 seconds left.
|inactive|Guy #753 has 15 seconds left.
|inactive|Guy #753 has 10 seconds left.
|
|t:|1756429844
|-terastallize|p2b: Ursaluna|Normal
|move|p1b: Sneasler|Close Combat|p2b: Ursaluna
|-supereffective|p2b: Ursaluna
|-damage|p2b: Ursaluna|0 fnt
|-unboost|p1b: Sneasler|def|1
|-unboost|p1b: Sneasler|spd|1
|faint|p2b: Ursaluna
|move|p2a: Sneasler|Dire Claw|p1b: Sneasler
|-resisted|p1b: Sneasler
|-damage|p1b: Sneasler|83/100
|move|p1a: Volcarona|Heat Wave|p2a: Sneasler
|-damage|p2a: Sneasler|20/100 brn
|
|-heal|p1b: Sneasler|88/100|[from] Grassy Terrain
|-heal|p2a: Sneasler|26/100 brn|[from] Grassy Terrain
|-heal|p1a: Volcarona|48/100|[from] Grassy Terrain
|-damage|p2a: Sneasler|20/100 brn|[from] brn
|upkeep
|
|t:|1756429863
|switch|p2b: Volcarona|Volcarona, L50, M|72/100
|turn|6
|
|t:|1756429882
|move|p1b: Sneasler|Protect|p1b: Sneasler
|-singleturn|p1b: Sneasler|Protect
|move|p2b: Volcarona|Rage Powder|p2b: Volcarona
|-singleturn|p2b: Volcarona|move: Rage Powder
|move|p2a: Sneasler|Close Combat|p1b: Sneasler
|-activate|p1b: Sneasler|move: Protect
|move|p1a: Volcarona|Struggle Bug|p2b: Volcarona|[spread] p2a,p2b
|-resisted|p2a: Sneasler
|-resisted|p2b: Volcarona
|-damage|p2a: Sneasler|13/100 brn
|-damage|p2b: Volcarona|64/100
|-unboost|p2a: Sneasler|spa|1
|-unboost|p2b: Volcarona|spa|1
|
|-heal|p1b: Sneasler|94/100|[from] Grassy Terrain
|-heal|p2a: Sneasler|19/100 brn|[from] Grassy Terrain
|-heal|p2b: Volcarona|70/100|[from] Grassy Terrain
|-heal|p1a: Volcarona|55/100|[from] Grassy Terrain
|-damage|p2a: Sneasler|13/100 brn|[from] brn
|upkeep
|turn|7
|
|t:|1756429903
|move|p2b: Volcarona|Rage Powder|p2b: Volcarona
|-singleturn|p2b: Volcarona|move: Rage Powder
|move|p1b: Sneasler|Dire Claw|p2b: Volcarona
|-damage|p2b: Volcarona|11/100
|-status|p1b: Sneasler|brn|[from] ability: Flame Body|[of] p2b: Volcarona
|move|p2a: Sneasler|Close Combat|p1b: Sneasler
|-resisted|p1b: Sneasler
|-damage|p1b: Sneasler|67/100 brn
|-unboost|p2a: Sneasler|def|1
|-unboost|p2a: Sneasler|spd|1
|move|p1a: Volcarona|Heat Wave|p2b: Volcarona|[spread] p2a,p2b
|-damage|p2a: Sneasler|0 fnt
|-damage|p2b: Volcarona|0 fnt
|faint|p2a: Sneasler
|faint|p2b: Volcarona
|
|win|goldenchimchar
|inactive|goldenchimchar has 30 seconds to confirm battle start!
|inactive|Guy #753 has 30 seconds to confirm battle start!
