|j|☆loveforvgctest
|j|☆DrXJ13
|html|loveforvgctestDrXJ13    
|uhtml|bestof|Game 1 of a best-of-3
|t:|1757240468
|gametype|doubles
|player|p1|loveforvgctest|266|1125
|player|p2|DrXJ13|2|1133
|gen|9
|tier|[Gen 9] VGC 2025 Reg H (Bo3)
|rated|
|rule|Species Clause: Limit one of each Pokémon
|rule|Item Clause: Limit 1 of each item
|clearpoke
|poke|p1|Volcarona, L50, F|
|poke|p1|Electabuzz, L50, F|
|poke|p1|Rillaboom, L50, M|
|poke|p1|Sneasler, L50, M|
|poke|p1|Dragonite, L50, F|
|poke|p1|Kingambit, L50, M|
|poke|p2|Sinistcha, L50|
|poke|p2|Ursaluna-Bloodmoon, L50, M|
|poke|p2|Incineroar, L50, F|
|poke|p2|Sneasler, L50, M|
|poke|p2|Dragonite, L50, F|
|poke|p2|Corviknight, L50, M|
|teampreview|4
|showteam|p1|Volcarona||Leftovers|FlameBody|HeatWave,TeraBlast,QuiverDance,Protect|||F|||50|,,,,,Fairy]Electabuzz||Eviolite|VitalSpirit|Electroweb,FollowMe,Taunt,Protect|||F|||50|,,,,,Dragon]Rillaboom||AssaultVest|GrassySurge|FakeOut,WoodHammer,GrassyGlide,HighHorsepower|||M|||50|,,,,,Fire]Sneasler||FocusSash|Unburden|FakeOut,CloseCombat,DireClaw,Coaching|||M|||50|,,,,,Stellar]Dragonite||LoadedDice|Multiscale|ScaleShot,ExtremeSpeed,Haze,Protect|||F|||50|,,,,,Fairy]Kingambit||BlackGlasses|Defiant|KowtowCleave,SuckerPunch,SwordsDance,Protect|||M|||50|,,,,,Ghost
|showteam|p2|Sinistcha||RockyHelmet|Hospitality|MatchaGotcha,ShadowBall,TrickRoom,RagePowder||||||50|,,,,,Water]Ursaluna-Bloodmoon||Leftovers|MindsEye|HyperVoice,EarthPower,CalmMind,Protect|||M|||50|,,,,,Water]Incineroar||SafetyGoggles|Intimidate|FakeOut,KnockOff,FlareBlitz,PartingShot|||F|||50|,,,,,Ghost]Sneasler||FocusSash|Unburden|Coaching,DireClaw,CloseCombat,Protect|||M|||50|,,,,,Stellar]Dragonite||LoadedDice|Multiscale|ScaleShot,ExtremeSpeed,Haze,Protect|||F|||50|,,,,,Fairy]Corviknight||CovertCloak|MirrorArmor|DualWingbeat,Tailwind,IronHead,Taunt|||M|||50|,,,,,Dragon
|inactive|Battle timer is ON: inactive players will automatically lose when time's up. (requested by DrXJ13)
|inactive|loveforvgctest has 60 seconds left.
|inactive|DrXJ13 has 60 seconds left.
|
|t:|1757240509
|teamsize|p1|4
|teamsize|p2|4
|start
|switch|p1a: Sneasler|Sneasler, L50, M|100/100
|switch|p1b: Dragonite|Dragonite, L50, F|100/100
|switch|p2a: Wellington|Ursaluna-Bloodmoon, L50, M|100/100
|switch|p2b: Tuex|Sneasler, L50, M|100/100
|turn|1
|inactive|loveforvgctest has 30 seconds left.
|inactive|DrXJ13 has 30 seconds left.
|
|t:|1757240536
|move|p1a: Sneasler|Close Combat|p2b: Tuex
|-resisted|p2b: Tuex
|-damage|p2b: Tuex|49/100
|-unboost|p1a: Sneasler|def|1
|-unboost|p1a: Sneasler|spd|1
|move|p2b: Tuex|Coaching|p2a: Wellington
|-boost|p2a: Wellington|atk|1
|-boost|p2a: Wellington|def|1
|move|p1b: Dragonite|Scale Shot|p2b: Tuex
|-damage|p2b: Tuex|24/100
|-damage|p2b: Tuex|0 fnt
|faint|p2b: Tuex
|-hitcount|p2: Tuex|2
|-unboost|p1b: Dragonite|def|1
|-boost|p1b: Dragonite|spe|1
|move|p2a: Wellington|Calm Mind|p2a: Wellington
|-boost|p2a: Wellington|spa|1
|-boost|p2a: Wellington|spd|1
|
|upkeep
|
|t:|1757240561
|switch|p2b: Onichan|Dragonite, L50, F|100/100
|turn|2
|
|t:|1757240574
|-terastallize|p1b: Dragonite|Fairy
|-terastallize|p2b: Onichan|Fairy
|move|p1b: Dragonite|Haze|p1b: Dragonite
|-clearallboost
|move|p1a: Sneasler|Close Combat|p2a: Wellington
|-supereffective|p2a: Wellington
|-damage|p2a: Wellington|14/100
|-unboost|p1a: Sneasler|def|1
|-unboost|p1a: Sneasler|spd|1
|move|p2b: Onichan|Scale Shot|p1a: Sneasler
|-damage|p1a: Sneasler|63/100
|-damage|p1a: Sneasler|22/100
|-damage|p1a: Sneasler|0 fnt
|faint|p1a: Sneasler
|-hitcount|p1: Sneasler|3
|-unboost|p2b: Onichan|def|1
|-boost|p2b: Onichan|spe|1
|move|p2a: Wellington|Hyper Voice|p1b: Dragonite
|-damage|p1b: Dragonite|74/100
|
|-heal|p2a: Wellington|20/100|[from] item: Leftovers
|upkeep
|
|t:|1757240590
|switch|p1a: Rillaboom|Rillaboom, L50, M|100/100
|-fieldstart|move: Grassy Terrain|[from] ability: Grassy Surge|[of] p1a: Rillaboom
|turn|3
|
|t:|1757240612
|switch|p2b: Té (en) tazas|Sinistcha, L50|100/100
|-heal|p2a: Wellington|45/100|[from] ability: Hospitality|[of] p2b: Té (en) tazas
|move|p2a: Wellington|Protect|p2a: Wellington
|-singleturn|p2a: Wellington|Protect
|move|p1b: Dragonite|Extreme Speed|p2b: Té (en) tazas
|-immune|p2b: Té (en) tazas
|move|p1a: Rillaboom|High Horsepower|p2a: Wellington
|-activate|p2a: Wellington|move: Protect
|
|-heal|p1b: Dragonite|80/100|[from] Grassy Terrain
|-heal|p2a: Wellington|51/100|[from] Grassy Terrain
|-heal|p2a: Wellington|58/100|[from] item: Leftovers
|upkeep
|turn|4
|
|t:|1757240630
|switch|p2a: Onichan|Dragonite, L50, F, tera:Fairy|100/100
|move|p1b: Dragonite|Scale Shot|p2b: Té (en) tazas
|-damage|p2b: Té (en) tazas|86/100
|-damage|p2b: Té (en) tazas|72/100
|-damage|p2b: Té (en) tazas|60/100
|-damage|p2b: Té (en) tazas|47/100
|-hitcount|p2b: Té (en) tazas|4
|-unboost|p1b: Dragonite|def|1
|-boost|p1b: Dragonite|spe|1
|move|p1a: Rillaboom|Wood Hammer|p2a: Onichan
|-damage|p2a: Onichan|61/100
|-damage|p1a: Rillaboom|90/100|[from] Recoil
|move|p2b: Té (en) tazas|Matcha Gotcha|p1a: Rillaboom|[spread] p1a,p1b
|-resisted|p1a: Rillaboom
|-damage|p1a: Rillaboom|78/100
|-heal|p2b: Té (en) tazas|53/100|[from] drain|[of] p1a: Rillaboom
|-damage|p1b: Dragonite|48/100
|-heal|p2b: Té (en) tazas|68/100|[from] drain|[of] p1b: Dragonite
|
|-heal|p1b: Dragonite|54/100|[from] Grassy Terrain
|-heal|p2a: Onichan|67/100|[from] Grassy Terrain
|-heal|p1a: Rillaboom|84/100|[from] Grassy Terrain
|-heal|p2b: Té (en) tazas|74/100|[from] Grassy Terrain
|upkeep
|turn|5
|inactive|loveforvgctest has 30 seconds left.
|
|t:|1757240658
|move|p1b: Dragonite|Extreme Speed|p2a: Onichan
|-damage|p2a: Onichan|34/100
|move|p1a: Rillaboom|Grassy Glide|p2a: Onichan
|-damage|p2a: Onichan|0 fnt
|faint|p2a: Onichan
|move|p2b: Té (en) tazas|Matcha Gotcha|p1a: Rillaboom|[spread] p1a,p1b
|-resisted|p1a: Rillaboom
|-damage|p1a: Rillaboom|72/100
|-heal|p2b: Té (en) tazas|81/100|[from] drain|[of] p1a: Rillaboom
|-damage|p1b: Dragonite|22/100
|-heal|p2b: Té (en) tazas|96/100|[from] drain|[of] p1b: Dragonite
|-status|p1a: Rillaboom|brn
|
|-heal|p1b: Dragonite|28/100|[from] Grassy Terrain
|-heal|p1a: Rillaboom|78/100 brn|[from] Grassy Terrain
|-heal|p2b: Té (en) tazas|100/100|[from] Grassy Terrain
|-damage|p1a: Rillaboom|72/100 brn|[from] brn
|upkeep
|
|t:|1757240665
|switch|p2a: Wellington|Ursaluna-Bloodmoon, L50, M|58/100
|turn|6
|
|t:|1757240681
|move|p1b: Dragonite|Protect|p1b: Dragonite
|-singleturn|p1b: Dragonite|Protect
|move|p2a: Wellington|Protect|p2a: Wellington
|-singleturn|p2a: Wellington|Protect
|move|p1a: Rillaboom|Grassy Glide|p2a: Wellington
|-activate|p2a: Wellington|move: Protect
|move|p2b: Té (en) tazas|Trick Room|p2b: Té (en) tazas
|-fieldstart|move: Trick Room|[of] p2b: Té (en) tazas
|
|-heal|p2a: Wellington|64/100|[from] Grassy Terrain
|-heal|p2a: Wellington|70/100|[from] item: Leftovers
|-heal|p1a: Rillaboom|78/100 brn|[from] Grassy Terrain
|-heal|p1b: Dragonite|34/100|[from] Grassy Terrain
|-damage|p1a: Rillaboom|72/100 brn|[from] brn
|upkeep
|turn|7
|inactive|DrXJ13 has 30 seconds left.
|
|t:|1757240707
|move|p1b: Dragonite|Extreme Speed|p2a: Wellington
|-damage|p2a: Wellington|48/100
|move|p1a: Rillaboom|Grassy Glide|p2a: Wellington
|-supereffective|p2a: Wellington
|-damage|p2a: Wellington|22/100
|move|p2b: Té (en) tazas|Shadow Ball|p1a: Rillaboom
|-crit|p1a: Rillaboom
|-damage|p1a: Rillaboom|38/100 brn
|move|p2a: Wellington|Hyper Voice|p1a: Rillaboom|[spread] p1a,p1b
|-damage|p1a: Rillaboom|13/100 brn
|-damage|p1b: Dragonite|0 fnt
|faint|p1b: Dragonite
|
|-heal|p2a: Wellington|28/100|[from] Grassy Terrain
|-heal|p2a: Wellington|34/100|[from] item: Leftovers
|-heal|p1a: Rillaboom|19/100 brn|[from] Grassy Terrain
|-damage|p1a: Rillaboom|13/100 brn|[from] brn
|-fieldend|move: Grassy Terrain
|upkeep
|
|t:|1757240717
|switch|p1b: Kingambit|Kingambit, L50, M|100/100
|turn|8
|
|t:|1757240742
|move|p2b: Té (en) tazas|Shadow Ball|p1a: Rillaboom
|-damage|p1a: Rillaboom|0 fnt
|faint|p1a: Rillaboom
|move|p1b: Kingambit|Kowtow Cleave|p2b: Té (en) tazas
|-supereffective|p2b: Té (en) tazas
|-crit|p2b: Té (en) tazas
|-damage|p2b: Té (en) tazas|0 fnt
|-damage|p1b: Kingambit|84/100|[from] item: Rocky Helmet|[of] p2b: Té (en) tazas
|faint|p2b: Té (en) tazas
|move|p2a: Wellington|Earth Power|p1b: Kingambit
|-supereffective|p1b: Kingambit
|-damage|p1b: Kingambit|7/100
|
|-heal|p2a: Wellington|40/100|[from] item: Leftovers
|upkeep
|turn|9
|
|t:|1757240757
|move|p2a: Wellington|Protect|p2a: Wellington
|-singleturn|p2a: Wellington|Protect
|move|p1b: Kingambit|Kowtow Cleave|p2a: Wellington
|-activate|p2a: Wellington|move: Protect
|
|-heal|p2a: Wellington|47/100|[from] item: Leftovers
|upkeep
|turn|10
|
|t:|1757240769
|move|p1b: Kingambit|Kowtow Cleave|p2a: Wellington
|-damage|p2a: Wellington|8/100
|move|p2a: Wellington|Earth Power|p1b: Kingambit
|-supereffective|p1b: Kingambit
|-damage|p1b: Kingambit|0 fnt
|faint|p1b: Kingambit
|
|win|DrXJ13
||loveforvgctest is ready for game 2.
|inactive|DrXJ13 has 30 seconds to confirm battle start!
||DrXJ13 is ready for game 2.
|uhtml|next|Next: Game 2 of 3
