|j|☆takedownmy
|j|☆timotreee
|html|takedownmytimotreee    
|uhtml|bestof|Game 3 of a best-of-3
|t:|1756164033
|gametype|doubles
|player|p1|takedownmy|101|1040
|player|p2|timotreee|1|1000
|gen|9
|tier|[Gen 9] VGC 2025 Reg H (Bo3)
|rated|
|rule|Species Clause: Limit one of each Pokémon
|rule|Item Clause: Limit 1 of each item
|clearpoke
|poke|p1|Glalie, L50, F|
|poke|p1|Incineroar, L50, M|
|poke|p1|Rillaboom, L50, M|
|poke|p1|Ninetales-Alola, L50, F|
|poke|p1|Gholdengo, L50|
|poke|p1|Sneasler, L50, M|
|poke|p2|Ursaluna-Bloodmoon, L50, M|
|poke|p2|Gholdengo, L50|
|poke|p2|Dragonite, L50, M|
|poke|p2|Sneasler, L50, M|
|poke|p2|Incineroar, L50, M|
|poke|p2|Amoonguss, L50, F|
|teampreview|4
|showteam|p1|Glalie||Leftovers|Moody|IceBeam,TeraBlast,Substitute,Protect|||F|||50|,,,,,Electric]Incineroar||SafetyGoggles|Intimidate|FlareBlitz,KnockOff,PartingShot,FakeOut|||M|||50|,,,,,Ghost]Rillaboom||AssaultVest|GrassySurge|FakeOut,GrassyGlide,DrumBeating,HighHorsepower|||M|||50|,,,,,Fire]Ninetales-Alola||FocusSash|SnowWarning|Blizzard,IcyWind,Encore,AuroraVeil|||F|||50|,,,,,Ghost]Gholdengo||GrassySeed|GoodasGold|NastyPlot,MakeItRain,ShadowBall,Protect||||||50|,,,,,Water]Sneasler||WhiteHerb|Unburden|CloseCombat,DireClaw,ThroatChop,Protect|||M|||50|,,,,,Dark
|showteam|p2|Ursaluna-Bloodmoon||AssaultVest|MindsEye|BloodMoon,EarthPower,VacuumWave,HyperVoice|||M|||50|,,,,,Water]Gholdengo||LifeOrb|GoodasGold|Protect,MakeItRain,ShadowBall,NastyPlot||||||50|,,,,,Water]Dragonite||LoadedDice|Multiscale|ScaleShot,Tailwind,Haze,Protect|||M|||50|,,,,,Fairy]Sneasler||FocusSash|Unburden|Protect,DireClaw,CloseCombat,ThroatChop|||M|||50|,,,,,Stellar]Incineroar||SafetyGoggles|Intimidate|KnockOff,PartingShot,FlareBlitz,FakeOut|||M|||50|,,,,,Ghost]Amoonguss||SitrusBerry|Regenerator|RagePowder,Spore,PollenPuff,Protect|||F|||50|,,,,,Water
|inactive|Battle timer is ON: inactive players will automatically lose when time's up. (requested by takedownmy)
|
|t:|1756164060
|teamsize|p1|4
|teamsize|p2|4
|start
|switch|p1a: Glalie|Glalie, L50, F|100/100
|switch|p1b: Incineroar|Incineroar, L50, M|100/100
|switch|p2a: Amoonguss|Amoonguss, L50, F|100/100
|switch|p2b: Ursaluna|Ursaluna-Bloodmoon, L50, M|100/100
|-ability|p1b: Incineroar|Intimidate|boost
|-unboost|p2a: Amoonguss|atk|1
|-unboost|p2b: Ursaluna|atk|1
|turn|1
|
|t:|1756164081
|switch|p2b: Gholdengo|Gholdengo, L50|100/100
|move|p1b: Incineroar|Fake Out|p2b: Gholdengo
|-immune|p2b: Gholdengo
|move|p1a: Glalie|Substitute|p1a: Glalie
|-start|p1a: Glalie|Substitute
|-damage|p1a: Glalie|75/100
|move|p2a: Amoonguss|Spore||[still]
|-fail|p2a: Amoonguss
|
|-heal|p1a: Glalie|82/100|[from] item: Leftovers
|-ability|p1a: Glalie|Moody|boost
|-boost|p1a: Glalie|spe|2
|-unboost|p1a: Glalie|spd|1
|upkeep
|turn|2
|inactive|takedownmy has 30 seconds left.
|inactive|timotreee has 30 seconds left.
|
|t:|1756164108
|-terastallize|p2b: Gholdengo|Water
|move|p1a: Glalie|Protect|p1a: Glalie
|-singleturn|p1a: Glalie|Protect
|move|p2a: Amoonguss|Protect|p2a: Amoonguss
|-singleturn|p2a: Amoonguss|Protect
|move|p2b: Gholdengo|Shadow Ball|p1a: Glalie
|-activate|p1a: Glalie|move: Protect
|move|p1b: Incineroar|Flare Blitz|p2b: Gholdengo
|-resisted|p2b: Gholdengo
|-damage|p2b: Gholdengo|78/100
|-damage|p1b: Incineroar|94/100|[from] Recoil
|
|-heal|p1a: Glalie|88/100|[from] item: Leftovers
|-ability|p1a: Glalie|Moody|boost
|-boost|p1a: Glalie|spe|2
|-unboost|p1a: Glalie|spa|1
|upkeep
|turn|3
|
|t:|1756164129
|-terastallize|p1a: Glalie|Electric
|move|p2a: Amoonguss|Rage Powder|p2a: Amoonguss
|-singleturn|p2a: Amoonguss|move: Rage Powder
|move|p1a: Glalie|Ice Beam|p2a: Amoonguss
|-supereffective|p2a: Amoonguss
|-damage|p2a: Amoonguss|67/100
|move|p2b: Gholdengo|Shadow Ball|p1a: Glalie
|-end|p1a: Glalie|Substitute
|-damage|p2b: Gholdengo|69/100|[from] item: Life Orb
|move|p1b: Incineroar|Flare Blitz|p2a: Amoonguss
|-supereffective|p2a: Amoonguss
|-damage|p2a: Amoonguss|0 fnt
|faint|p2a: Amoonguss
|-damage|p1b: Incineroar|69/100|[from] Recoil
|
|-heal|p1a: Glalie|94/100|[from] item: Leftovers
|-ability|p1a: Glalie|Moody|boost
|-boost|p1a: Glalie|spa|2
|-unboost|p1a: Glalie|spd|1
|upkeep
|
|t:|1756164147
|switch|p2a: Ursaluna|Ursaluna-Bloodmoon, L50, M|100/100
|turn|4
|
|t:|1756164158
|move|p1a: Glalie|Protect|p1a: Glalie
|-singleturn|p1a: Glalie|Protect
|move|p2b: Gholdengo|Nasty Plot|p2b: Gholdengo
|-boost|p2b: Gholdengo|spa|2
|move|p1b: Incineroar|Knock Off|p2b: Gholdengo
|-damage|p2b: Gholdengo|32/100
|-enditem|p2b: Gholdengo|Life Orb|[from] move: Knock Off|[of] p1b: Incineroar
|move|p2a: Ursaluna|Earth Power|p1b: Incineroar
|-supereffective|p1b: Incineroar
|-damage|p1b: Incineroar|0 fnt
|faint|p1b: Incineroar
|
|-heal|p1a: Glalie|100/100|[from] item: Leftovers
|-ability|p1a: Glalie|Moody|boost
|-boost|p1a: Glalie|def|2
|-unboost|p1a: Glalie|atk|1
|upkeep
|
|t:|1756164176
|switch|p1b: Sneasler|Sneasler, L50, M|100/100
|turn|5
|
|t:|1756164194
|move|p1a: Glalie|Substitute|p1a: Glalie
|-start|p1a: Glalie|Substitute
|-damage|p1a: Glalie|75/100
|move|p1b: Sneasler|Dire Claw|p2b: Gholdengo
|-damage|p2b: Gholdengo|0 fnt
|faint|p2b: Gholdengo
|move|p2a: Ursaluna|Earth Power|p1a: Glalie
|-supereffective|p1a: Glalie
|-end|p1a: Glalie|Substitute
|
|-heal|p1a: Glalie|82/100|[from] item: Leftovers
|-ability|p1a: Glalie|Moody|boost
|-boost|p1a: Glalie|spa|2
|-unboost|p1a: Glalie|spe|1
|upkeep
|
|t:|1756164206
|switch|p2b: Sneasler|Sneasler, L50, M|100/100
|turn|6
|
|t:|1756164225
|move|p1a: Glalie|Ice Beam|p2a: Ursaluna
|-supereffective|p2a: Ursaluna
|-damage|p2a: Ursaluna|13/100
|move|p2b: Sneasler|Dire Claw|p1a: Glalie
|-damage|p1a: Glalie|56/100
|move|p1b: Sneasler|Close Combat|p2a: Ursaluna
|-supereffective|p2a: Ursaluna
|-damage|p2a: Ursaluna|0 fnt
|-unboost|p1b: Sneasler|def|1
|-unboost|p1b: Sneasler|spd|1
|faint|p2a: Ursaluna
|-enditem|p1b: Sneasler|White Herb
|-clearnegativeboost|p1b: Sneasler|[silent]
|
|-heal|p1a: Glalie|62/100|[from] item: Leftovers
|-ability|p1a: Glalie|Moody|boost
|-boost|p1a: Glalie|spa|2
|-unboost|p1a: Glalie|spe|1
|upkeep
|turn|7
|-message|timotreee forfeited.
|
|win|takedownmy
