|j|☆mikoksor
|j|☆marriage4ever
|html|mikoksormarriage4ever    
|uhtml|bestof|Game 1 of a best-of-3
|t:|1783458296
|gametype|doubles
|player|p1|mikoksor|169|1174
|player|p2|marriage4ever|backersf|1127
|gen|9
|tier|[Gen 9 Champions] VGC 2026 Reg M-B (Bo3)
|rated|
|rule|Species Clause: Limit one of each Pokémon
|rule|Item Clause: Limit 1 of each item
|clearpoke
|poke|p1|Ceruledge, L50, F|
|poke|p1|Grimmsnarl, L50, M|
|poke|p1|Froslass, L50, F|
|poke|p1|Sneasler, L50, F|
|poke|p1|Garganacl, L50, F|
|poke|p1|Rotom-Wash, L50|
|poke|p2|Floette-Eternal, L50, F|
|poke|p2|Basculegion, L50, M|
|poke|p2|Kingambit, L50, M|
|poke|p2|Sinistcha, L50|
|poke|p2|Sneasler, L50, M|
|poke|p2|Ceruledge, L50, F|
|teampreview|4
|showteam|p1|Ceruledge||LifeOrb|FlashFire|BitterBlade,ShadowSneak,Poltergeist,Protect|Adamant||F|||50|]Grimmsnarl||LightClay|Prankster|SpiritBreak,LightScreen,Reflect,PartingShot|Bold||M|||50|]Froslass||Froslassite|SnowCloak|Blizzard,ShadowBall,WillOWisp,Protect|Modest||F|||50|]Sneasler||WhiteHerb|Unburden|FakeOut,CloseCombat,DireClaw,Protect|Adamant||F|||50|]Garganacl||Leftovers|PurifyingSalt|SaltCure,WideGuard,Recover,Protect|Impish||F|||50|]Rotom-Wash||ChoiceScarf|Levitate|Thunderbolt,HydroPump,VoltSwitch,Trick|Timid|||||50|
|showteam|p2|Floette-Eternal||Floettite|FlowerVeil|Moonblast,CalmMind,Protect,DazzlingGleam|Modest||F|||50|]Basculegion||ChoiceScarf|Adaptability|WaveCrash,FlipTurn,AquaJet,LastRespects|Jolly||M|||50|]Kingambit||BlackGlasses|Defiant|KowtowCleave,IronHead,SuckerPunch,Protect|Adamant||M|||50|]Sinistcha||Leftovers|Hospitality|RagePowder,MatchaGotcha,TrickRoom,LifeDew|Bold|||||50|]Sneasler||WhiteHerb|Unburden|DireClaw,FakeOut,Coaching,CloseCombat|Jolly||M|||50|]Ceruledge||ColburBerry|FlashFire|BulkUp,BitterBlade,Protect,ShadowSneak|Adamant||F|||50|
|inactive|Battle timer is ON: inactive players will automatically lose when time's up. (requested by marriage4ever)
|
|t:|1783458325
|teamsize|p1|4
|teamsize|p2|4
|start
|switch|p1a: Rotom|Rotom-Wash, L50|100/100
|switch|p1b: Garganacl|Garganacl, L50, F|100/100
|switch|p2a: Seaora|Sneasler, L50, M|100/100
|switch|p2b: Danny|Ceruledge, L50, F|100/100
|turn|1
|inactive|mikoksor has 30 seconds left.
|
|t:|1783458352
|move|p2b: Danny|Shadow Sneak|p1a: Rotom
|-damage|p1a: Rotom|70/100
|move|p1a: Rotom|Hydro Pump|p2b: Danny
|-supereffective|p2b: Danny|1
|-damage|p2b: Danny|0 fnt
|faint|p2b: Danny
|move|p2a: Seaora|Close Combat|p1a: Rotom
|-damage|p1a: Rotom|0 fnt
|-unboost|p2a: Seaora|def|1
|-unboost|p2a: Seaora|spd|1
|faint|p1a: Rotom
|-enditem|p2a: Seaora|White Herb
|-clearnegativeboost|p2a: Seaora|[silent]
|move|p1b: Garganacl|Salt Cure|p2a: Seaora
|-resisted|p2a: Seaora|1
|-damage|p2a: Seaora|88/100
|-start|p2a: Seaora|Salt Cure
|
|-damage|p2a: Seaora|82/100|[from] Salt Cure
|upkeep
|
|t:|1783458373
|switch|p1a: Sneasler|Sneasler, L50, F|100/100
|switch|p2b: Iris|Floette-Eternal, L50, F|100/100
|turn|2
|
|t:|1783458386
|move|p2b: Iris|Protect|p2b: Iris
|-singleturn|p2b: Iris|Protect
|move|p1a: Sneasler|Fake Out|p2a: Seaora
|-damage|p2a: Seaora|56/100
|cant|p2a: Seaora|flinch
|move|p1b: Garganacl|Salt Cure|p2b: Iris
|-activate|p2b: Iris|move: Protect
|
|-damage|p2a: Seaora|50/100g|[from] Salt Cure
|upkeep
|turn|3
|
|t:|1783458397
|switch|p1b: Ceruledge|Ceruledge, L50, F|100/100
|detailschange|p2b: Iris|Floette-Mega, L50, F
|-mega|p2b: Iris|Floette|Floettite
|-ability|p2b: Iris|Fairy Aura
|move|p2a: Seaora|Coaching|p2b: Iris
|-boost|p2b: Iris|atk|1
|-boost|p2b: Iris|def|1
|move|p1a: Sneasler|Dire Claw|p2b: Iris
|-supereffective|p2b: Iris|1
|-damage|p2b: Iris|39/100
|move|p2b: Iris|Moonblast|p1a: Sneasler
|-damage|p1a: Sneasler|7/100
|-unboost|p1a: Sneasler|spa|1
|-enditem|p1a: Sneasler|White Herb
|-clearnegativeboost|p1a: Sneasler|[silent]
|
|-damage|p2a: Seaora|44/100|[from] Salt Cure
|upkeep
|turn|4
|
|t:|1783458418
|move|p1a: Sneasler|Protect|p1a: Sneasler
|-singleturn|p1a: Sneasler|Protect
|move|p1b: Ceruledge|Protect|p1b: Ceruledge
|-singleturn|p1b: Ceruledge|Protect
|move|p2a: Seaora|Dire Claw|p1a: Sneasler
|-activate|p1a: Sneasler|move: Protect
|move|p2b: Iris|Moonblast|p1b: Ceruledge
|-activate|p1b: Ceruledge|move: Protect
|
|-damage|p2a: Seaora|38/100|[from] Salt Cure
|upkeep
|turn|5
|
|t:|1783458426
|move|p1b: Ceruledge|Shadow Sneak|p2a: Seaora
|-damage|p2a: Seaora|0 fnt
|faint|p2a: Seaora
|-damage|p1b: Ceruledge|90/100|[from] item: Life Orb
|move|p1a: Sneasler|Dire Claw|p2b: Iris
|-supereffective|p2b: Iris|1
|-damage|p2b: Iris|0 fnt
|faint|p2b: Iris
|
|upkeep
|
|t:|1783458434
|switch|p2b: Queen Ebony|Kingambit, L50, M|100/100
|turn|6
|
|t:|1783458438
|move|p2b: Queen Ebony|Sucker Punch|p1b: Ceruledge
|-supereffective|p1b: Ceruledge|1
|-damage|p1b: Ceruledge|0 fnt
|faint|p1b: Ceruledge
|move|p1a: Sneasler|Close Combat|p2b: Queen Ebony
|-supereffective|p2b: Queen Ebony|2
|-damage|p2b: Queen Ebony|0 fnt
|-unboost|p1a: Sneasler|def|1
|-unboost|p1a: Sneasler|spd|1
|faint|p2b: Queen Ebony
|
|win|mikoksor
||marriage4ever is ready for game 2.
