|j|☆joyfulwizard
|j|☆Bazilvts
|html|joyfulwizardBazilvts    
|uhtml|bestof|Game 2 of a best-of-3
|t:|1785183204
|gametype|doubles
|player|p1|joyfulwizard|cheren-gen5bw2|1253
|player|p2|Bazilvts|266|1241
|gen|9
|tier|[Gen 9 Champions] VGC 2026 Reg M-B (Bo3)
|rated|
|rule|Species Clause: Limit one of each Pokémon
|rule|Item Clause: Limit 1 of each item
|clearpoke
|poke|p1|Charizard, L50, M|
|poke|p1|Glimmora, L50, M|
|poke|p1|Whimsicott, L50, F|
|poke|p1|Ninetales-Alola, L50, F|
|poke|p1|Kingambit, L50, M|
|poke|p1|Kommo-o, L50, M|
|poke|p2|Blaziken, L50, M|
|poke|p2|Meowscarada, L50, M|
|poke|p2|Gholdengo, L50|
|poke|p2|Dragonite, L50, M|
|poke|p2|Sylveon, L50, M|
|poke|p2|Mudsdale, L50, M|
|teampreview|4
|showteam|p1|Charizard||CharizarditeY|Blaze|HeatWave,WeatherBall,SolarBeam,Protect|Modest||M|||50|]Glimmora||Glimmoranite|ToxicDebris|SludgeBomb,PowerGem,EarthPower,SpikyShield|Modest||M|||50|]Whimsicott||FocusSash|Prankster|Moonblast,Tailwind,Encore,Protect|Timid||F|||50|]Ninetales-Alola||NeverMeltIce|SnowWarning|Blizzard,FreezeDry,Disable,Protect|Timid||F|||50|]Kingambit||BlackGlasses|Defiant|KowtowCleave,SuckerPunch,IronHead,Protect|Adamant||M|||50|]Kommo-o||LifeOrb|Overcoat|ClangingScales,AuraSphere,VacuumWave,Protect|Modest||M|||50|
|showteam|p2|Blaziken||Blazikenite|Blaze|CloseCombat,FlareBlitz,RockSlide,Protect|Jolly||M|||50|]Meowscarada||LifeOrb|Overgrow|FlowerTrick,TripleAxel,SuckerPunch,Protect|Jolly||M|||50|]Gholdengo||ChoiceScarf|GoodasGold|MakeItRain,ShadowBall,PowerGem,FocusBlast|Modest|||||50|]Dragonite||WhiteHerb|Multiscale|ScaleShot,Superpower,ExtremeSpeed,Protect|Adamant||M|||50|]Sylveon||FocusSash|Pixilate|HyperVoice,QuickAttack,Yawn,Detect|Timid||M|||50|]Mudsdale||SitrusBerry|InnerFocus|Earthquake,HeavySlam,Protect,Curse|Brave||M|||50|
|
|t:|1785183220
|teamsize|p1|4
|teamsize|p2|4
|start
|switch|p1a: Whimsicott|Whimsicott, L50, F|100/100
|switch|p1b: Kingambit|Kingambit, L50, M|100/100
|switch|p2a: Gholdengo|Gholdengo, L50|100/100
|switch|p2b: Sylveon|Sylveon, L50, M|100/100
|turn|1
|
|t:|1785183230
|move|p1a: Whimsicott|Tailwind|p1a: Whimsicott
|-sidestart|p1: joyfulwizard|move: Tailwind
|move|p2a: Gholdengo|Focus Blast|p1b: Kingambit
|-supereffective|p1b: Kingambit|2
|-damage|p1b: Kingambit|0 fnt
|faint|p1b: Kingambit
|move|p2b: Sylveon|Hyper Voice|p1a: Whimsicott
|-damage|p1a: Whimsicott|12/100
|
|upkeep
|
|t:|1785183236
|switch|p1b: Charizard|Charizard, L50, M|100/100
|turn|2
|
|t:|1785183244
|switch|p2a: Blaziken|Blaziken, L50, M|100/100
|detailschange|p1b: Charizard|Charizard-Mega-Y, L50, M
|-mega|p1b: Charizard|Charizard|Charizardite Y
|-weather|SunnyDay|[from] ability: Drought|[of] p1b: Charizard
|move|p1a: Whimsicott|Moonblast|p2b: Sylveon
|-damage|p2b: Sylveon|70/100
|move|p1b: Charizard|Heat Wave|p2b: Sylveon|[spread] p2a,p2b
|-resisted|p2a: Blaziken|1
|-damage|p2a: Blaziken|52/100
|-damage|p2b: Sylveon|24/100
|move|p2b: Sylveon|Hyper Voice|p1b: Charizard|[spread] p1a,p1b
|-resisted|p1b: Charizard|1
|-damage|p1a: Whimsicott|0 fnt
|-damage|p1b: Charizard|83/100
|faint|p1a: Whimsicott
|
|-weather|SunnyDay|[upkeep]
|upkeep
|
|t:|1785183254
|switch|p1a: Kommo-o|Kommo-o, L50, M|100/100
|turn|3
|
|t:|1785183265
|detailschange|p2a: Blaziken|Blaziken-Mega, L50, M
|-mega|p2a: Blaziken|Blaziken|Blazikenite
|move|p2a: Blaziken|Protect|p2a: Blaziken
|-singleturn|p2a: Blaziken|Protect
|move|p2b: Sylveon|Quick Attack|p1a: Kommo-o
|-supereffective|p1a: Kommo-o|2
|-damage|p1a: Kommo-o|52/100
|move|p1a: Kommo-o|Aura Sphere|p2a: Blaziken
|-activate|p2a: Blaziken|move: Protect
|move|p1b: Charizard|Heat Wave|p2b: Sylveon|[spread] p2b
|-activate|p2a: Blaziken|move: Protect
|-damage|p2b: Sylveon|0 fnt
|faint|p2b: Sylveon
|
|-weather|SunnyDay|[upkeep]
|-ability|p2a: Blaziken|Speed Boost|boost
|-boost|p2a: Blaziken|spe|1
|upkeep
|
|t:|1785183282
|switch|p2b: Meowscarada|Meowscarada, L50, M|100/100
|turn|4
|
|t:|1785183290
|move|p2b: Meowscarada|Protect|p2b: Meowscarada
|-singleturn|p2b: Meowscarada|Protect
|move|p1a: Kommo-o|Aura Sphere|p2a: Blaziken
|-damage|p2a: Blaziken|0 fnt
|faint|p2a: Blaziken
|-damage|p1a: Kommo-o|42/100|[from] item: Life Orb
|move|p1b: Charizard|Heat Wave|p2b: Meowscarada
|-activate|p2b: Meowscarada|move: Protect
|
|-weather|SunnyDay|[upkeep]
|-sideend|p1: joyfulwizard|move: Tailwind
|upkeep
|
|t:|1785183300
|switch|p2a: Gholdengo|Gholdengo, L50|100/100
|turn|5
|inactive|Battle timer is ON: inactive players will automatically lose when time's up. (requested by joyfulwizard)
|
|t:|1785183322
|move|p1b: Charizard|Protect|p1b: Charizard
|-singleturn|p1b: Charizard|Protect
|move|p2a: Gholdengo|Power Gem|p1b: Charizard
|-activate|p1b: Charizard|move: Protect
|move|p2b: Meowscarada|Triple Axel|p1a: Kommo-o
|-supereffective|p1a: Kommo-o|1
|-damage|p1a: Kommo-o|27/100
|-supereffective|p1a: Kommo-o|1
|-damage|p1a: Kommo-o|0 fnt
|faint|p1a: Kommo-o
|-hitcount|p1: Kommo-o|2
|-damage|p2b: Meowscarada|90/100|[from] item: Life Orb
|
|-weather|SunnyDay|[upkeep]
|upkeep
|turn|6
|-message|joyfulwizard forfeited.
|
|win|Bazilvts
|raw|joyfulwizard's rating: 1253 → 1227(-26 for losing)
|raw|Bazilvts's rating: 1241 → 1267(+26 for winning)
