|j|☆liamj vgc!
|j|☆Sir AaronVGC
|html|liamj vgc!Sir AaronVGC    
|uhtml|bestof|Game 3 of a best-of-3
|t:|1783536342
|gametype|doubles
|player|p1|liamj vgc!|leon-tower|
|player|p2|Sir AaronVGC|#smogonxnpa2026draftee2|
|gen|9
|tier|[Gen 9 Champions] VGC 2026 Reg M-B (Bo3)
|rule|Species Clause: Limit one of each Pokémon
|rule|Item Clause: Limit 1 of each item
|clearpoke
|poke|p1|Gengar, L50, M, shiny|
|poke|p1|Incineroar, L50, M, shiny|
|poke|p1|Sinistcha, L50|
|poke|p1|Politoed, L50, M|
|poke|p1|Staraptor, L50, F|
|poke|p1|Archaludon, L50, F, shiny|
|poke|p2|Aerodactyl, L50, F, shiny|
|poke|p2|Sneasler, L50, M, shiny|
|poke|p2|Froslass, L50, F|
|poke|p2|Tsareena, L50, F, shiny|
|poke|p2|Kingambit, L50, M|
|poke|p2|Basculegion, L50, M|
|teampreview|4
|showteam|p1|Gengar||Gengarite|CursedBody|ShadowBall,PerishSong,Disable,Protect|Timid||M|||50|]Incineroar||PasshoBerry|Intimidate|Protect,FakeOut,ThroatChop,PartingShot|Impish||M|||50|]Sinistcha||ColburBerry|Hospitality|GigaDrain,RagePowder,StrengthSap,Protect|Calm|||||50|]Politoed||SitrusBerry|Drizzle|WeatherBall,PerishSong,Encore,Protect|Bold||M|||50|]Staraptor||Staraptite|Intimidate|CloseCombat,BraveBird,Roost,Protect|Jolly||F|||50|]Archaludon||Magnet|Stalwart|FlashCannon,ElectroShot,DragonPulse,Protect|Modest||F|||50|
|showteam|p2|Aerodactyl||Aerodactylite|Unnerve|RockSlide,DualWingbeat,Tailwind,Protect|Jolly||F|||50|]Sneasler||LifeOrb|PoisonTouch|DireClaw,CloseCombat,FakeOut,Protect|Adamant||M|||50|]Froslass||Froslassite|SnowCloak|Blizzard,ShadowBall,DestinyBond,Protect|Timid||F|||50|]Tsareena||WideLens|QueenlyMajesty|PowerWhip,LowKick,TripleAxel,HelpingHand|Adamant||F|||50|]Kingambit||BlackGlasses|Defiant|KowtowCleave,SuckerPunch,SwordsDance,Protect|Adamant||M|||50|]Basculegion||FocusSash|Adaptability|Liquidation,LastRespects,AquaJet,Protect|Adamant||M|||50|
|inactive|Battle timer is ON: inactive players will automatically lose when time's up. (requested by liamj vgc!)
|
|t:|1783536370
|teamsize|p1|4
|teamsize|p2|4
|start
|switch|p1a: Gengar|Gengar, L50, M, shiny|100/100
|switch|p1b: Staraptor|Staraptor, L50, F|100/100
|switch|p2a: Aria|Froslass, L50, F|100/100
|switch|p2b: Cupid|Aerodactyl, L50, F, shiny|100/100
|-ability|p2b: Cupid|Unnerve
|-ability|p1b: Staraptor|Intimidate|boost
|-unboost|p2a: Aria|atk|1
|-unboost|p2b: Cupid|atk|1
|turn|1
|
|t:|1783536392
|detailschange|p1a: Gengar|Gengar-Mega, L50, M, shiny
|-mega|p1a: Gengar|Gengar|Gengarite
|detailschange|p2a: Aria|Froslass-Mega, L50, F
|-mega|p2a: Aria|Froslass|Froslassite
|-weather|Snowscape|[from] ability: Snow Warning|[of] p2a: Aria
|move|p1a: Gengar|Protect|p1a: Gengar
|-singleturn|p1a: Gengar|Protect
|move|p1b: Staraptor|Protect|p1b: Staraptor
|-singleturn|p1b: Staraptor|Protect
|move|p2b: Cupid|Tailwind|p2b: Cupid
|-sidestart|p2: Sir AaronVGC|move: Tailwind
|move|p2a: Aria|Blizzard|p1a: Gengar|[spread] 
|-activate|p1a: Gengar|move: Protect
|-activate|p1b: Staraptor|move: Protect
|
|-weather|Snowscape|[upkeep]
|upkeep
|turn|2
|j| TG511
|
|t:|1783536409
|move|p2b: Cupid|Rock Slide|p1a: Gengar|[spread] p1a,p1b
|-supereffective|p1b: Staraptor|1
|-damage|p1a: Gengar|83/100
|-damage|p1b: Staraptor|65/100
|move|p2a: Aria|Shadow Ball|p1a: Gengar
|-supereffective|p1a: Gengar|1
|-damage|p1a: Gengar|0 fnt
|faint|p1a: Gengar
|move|p1b: Staraptor|Close Combat|p2b: Cupid
|-damage|p2b: Cupid|52/100
|-unboost|p1b: Staraptor|def|1
|-unboost|p1b: Staraptor|spd|1
|
|-weather|Snowscape|[upkeep]
|upkeep
|
|t:|1783536416
|switch|p1a: Politoed|Politoed, L50, M|100/100
|-weather|RainDance|[from] ability: Drizzle|[of] p1a: Politoed
|turn|3
|
|t:|1783536427
|move|p2b: Cupid|Rock Slide|p1a: Politoed|[spread] p1a
|-miss|p2b: Cupid|p1b: Staraptor
|-damage|p1a: Politoed|87/100
|move|p2a: Aria|Blizzard|p1b: Staraptor|[spread] 
|-miss|p2a: Aria|p1a: Politoed
|-miss|p2a: Aria|p1b: Staraptor
|move|p1b: Staraptor|Close Combat|p2a: Aria
|-immune|p2a: Aria
|cant|p1a: Politoed|flinch
|
|-weather|RainDance|[upkeep]
|upkeep
|turn|4
|j| TheOneAndOnlyChat
|inactive|liamj vgc! has 30 seconds left.
|
|t:|1783536454
|switch|p2a: Houndfish|Basculegion, L50, M|100/100
|move|p2b: Cupid|Protect|p2b: Cupid
|-singleturn|p2b: Cupid|Protect
|move|p1b: Staraptor|Close Combat|p2a: Houndfish
|-immune|p2a: Houndfish
|move|p1a: Politoed|Weather Ball|p2b: Cupid
|-activate|p2b: Cupid|move: Protect
|
|-weather|RainDance|[upkeep]
|-sideend|p2: Sir AaronVGC|move: Tailwind
|upkeep
|turn|5
|
|t:|1783536462
|move|p2b: Cupid|Tailwind|p2b: Cupid
|-sidestart|p2: Sir AaronVGC|move: Tailwind
|move|p2a: Houndfish|Liquidation|p1b: Staraptor
|-damage|p1b: Staraptor|0 fnt
|faint|p1b: Staraptor
|move|p1a: Politoed|Weather Ball|p2b: Cupid
|-supereffective|p2b: Cupid|1
|-damage|p2b: Cupid|0 fnt
|faint|p2b: Cupid
|
|-weather|RainDance|[upkeep]
|upkeep
|
|t:|1783536471
|switch|p2b: Robespierre|Kingambit, L50, M|100/100
|switch|p1b: Archaludon|Archaludon, L50, F, shiny|100/100
|turn|6
|
|t:|1783536479
|move|p2a: Houndfish|Last Respects|p1a: Politoed
|-damage|p1a: Politoed|27/100
|-enditem|p1a: Politoed|Sitrus Berry|[eat]
|-heal|p1a: Politoed|52/100|[from] item: Sitrus Berry
|move|p2b: Robespierre|Kowtow Cleave|p1a: Politoed
|-damage|p1a: Politoed|2/100
|move|p1b: Archaludon|Electro Shot||[still]
|-prepare|p1b: Archaludon|Electro Shot
|-boost|p1b: Archaludon|spa|1
|-anim|p1b: Archaludon|Electro Shot|p2a: Houndfish
|-supereffective|p2a: Houndfish|1
|-enditem|p2a: Houndfish|Focus Sash
|-damage|p2a: Houndfish|1/100
|move|p1a: Politoed|Weather Ball|p2a: Houndfish
|-resisted|p2a: Houndfish|1
|-damage|p2a: Houndfish|0 fnt
|faint|p2a: Houndfish
|
|-weather|RainDance|[upkeep]
|upkeep
|
|t:|1783536485
|switch|p2a: Aria|Froslass-Mega, L50, F|100/100
|-weather|Snowscape|[from] ability: Snow Warning|[of] p2a: Aria
|turn|7
|
|t:|1783536494
|move|p1a: Politoed|Protect|p1a: Politoed
|-singleturn|p1a: Politoed|Protect
|move|p2a: Aria|Destiny Bond|p2a: Aria
|-singlemove|p2a: Aria|Destiny Bond
|move|p2b: Robespierre|Kowtow Cleave|p1a: Politoed
|-activate|p1a: Politoed|move: Protect
|move|p1b: Archaludon|Flash Cannon|p2a: Aria
|-supereffective|p2a: Aria|1
|-damage|p2a: Aria|0 fnt
|faint|p2a: Aria
|-activate|p2a: Aria|move: Destiny Bond
|faint|p1b: Archaludon
|
|-weather|Snowscape|[upkeep]
|upkeep
|turn|8
|l| TheOneAndOnlyChat
|c|☆Sir AaronVGC|ggs
|c|☆liamj vgc!|ggwp
|
|t:|1783536519
|move|p1a: Politoed|Protect||[still]
|-fail|p1a: Politoed
|move|p2b: Robespierre|Kowtow Cleave|p1a: Politoed
|-damage|p1a: Politoed|0 fnt
|faint|p1a: Politoed
|
|win|Sir AaronVGC
|j| TheOneAndOnlyChat
|l|☆liamj vgc!
|player|p1|
|l| TheOneAndOnlyChat
