|j|☆MuppetsChristmas
|j|☆Lewis94
|html|MuppetsChristmasLewis94    
|uhtml|bestof|Game 1 of a best-of-3
|t:|1756223932
|gametype|doubles
|player|p1|MuppetsChristmas|pokemonbreederf-gen4|1132
|player|p2|Lewis94|ethan-gen2|1188
|gen|9
|tier|[Gen 9] VGC 2025 Reg H (Bo3)
|rated|
|rule|Species Clause: Limit one of each Pokémon
|rule|Item Clause: Limit 1 of each item
|clearpoke
|poke|p1|Gholdengo, L50|
|poke|p1|Rillaboom, L50, M|
|poke|p1|Arcanine-Hisui, L50, F|
|poke|p1|Sneasler, L50, M|
|poke|p1|Dragonite, L50, F|
|poke|p1|Ninetales-Alola, L50, M|
|poke|p2|Garchomp, L50, F|
|poke|p2|Whimsicott, L50, F|
|poke|p2|Dragonite, L50, F|
|poke|p2|Typhlosion-Hisui, L50, M|
|poke|p2|Torkoal, L50, F|
|poke|p2|Kingambit, L50, F|
|teampreview|4
|showteam|p1|Gholdengo||GrassySeed|GoodasGold|MakeItRain,NastyPlot,ShadowBall,Protect||||||50|,,,,,Water]Rillaboom||AssaultVest|GrassySurge|FakeOut,GrassyGlide,WoodHammer,Uturn|||M|||50|,,,,,Fire]Arcanine-Hisui||ClearAmulet|Intimidate|RockSlide,FlareBlitz,ExtremeSpeed,Protect|||F|||50|,,,,,Water]Sneasler||FocusSash|Unburden|CloseCombat,DireClaw,Coaching,Protect|||M|||50|,,,,,Stellar]Dragonite||LoadedDice|Multiscale|ScaleShot,StompingTantrum,Protect,Tailwind|||F|||50|,,,,,Ground]Ninetales-Alola||CovertCloak|SnowWarning|Blizzard,IcyWind,AuroraVeil,Encore|||M|||50|,,,,,Ice
|showteam|p2|Garchomp||LifeOrb|RoughSkin|DragonClaw,StompingTantrum,Earthquake,Protect|||F|||50|,,,,,Ground]Whimsicott||CovertCloak|Prankster|Tailwind,SunnyDay,Moonblast,Encore|||F|||50|,,,,,Dark]Dragonite||LoadedDice|Multiscale|ExtremeSpeed,ScaleShot,IceSpinner,Protect|||F|||50|,,,,,Normal]Typhlosion-Hisui||ChoiceSpecs|Blaze|Eruption,ShadowBall,HeatWave,Protect|||M|||50|,,,,,Fire]Torkoal||EjectPack|Drought|Overheat,Eruption,HelpingHand,Protect|||F|||50|,,,,,Flying]Kingambit||AssaultVest|Defiant|IronHead,Assurance,SuckerPunch,LowKick|||F|||50|,,,,,Flying
|inactive|Battle timer is ON: inactive players will automatically lose when time's up. (requested by Lewis94)
|inactive|Lewis94 has 60 seconds left.
|
|t:|1756223964
|teamsize|p1|4
|teamsize|p2|4
|start
|switch|p1a: Rocky Road|Sneasler, L50, M|100/100
|switch|p1b: BrewingStorm|Dragonite, L50, F|100/100
|switch|p2a: Garchomp|Garchomp, L50, F|100/100
|switch|p2b: Whimsicott|Whimsicott, L50, F|100/100
|turn|1
|l|☆MuppetsChristmas
|inactive|MuppetsChristmas disconnected and has a minute to reconnect!
|player|p1|
|j|☆MuppetsChristmas
|inactive|MuppetsChristmas reconnected and has 40 seconds left.
|player|p1|MuppetsChristmas|pokemonbreederf-gen4|
|inactive|MuppetsChristmas has 30 seconds left.
|inactive|Lewis94 has 30 seconds left.
|
|t:|1756223990
|-terastallize|p2b: Whimsicott|Dark
|move|p1a: Rocky Road|Dire Claw|p2b: Whimsicott
|-damage|p2b: Whimsicott|40/100
|move|p2b: Whimsicott|Moonblast|p1b: BrewingStorm
|-supereffective|p1b: BrewingStorm
|-damage|p1b: BrewingStorm|64/100
|move|p2a: Garchomp|Dragon Claw|p1b: BrewingStorm
|-supereffective|p1b: BrewingStorm
|-damage|p1b: BrewingStorm|0 fnt
|faint|p1b: BrewingStorm
|-damage|p2a: Garchomp|91/100|[from] item: Life Orb
|
|upkeep
|
|t:|1756223998
|switch|p1b: Linger|Ninetales-Alola, L50, M|100/100
|-weather|Snowscape|[from] ability: Snow Warning|[of] p1b: Linger
|turn|2
|inactive|Lewis94 has 30 seconds left.
|
|t:|1756224027
|switch|p2a: Torkoal|Torkoal, L50, F|100/100
|-weather|SunnyDay|[from] ability: Drought|[of] p2a: Torkoal
|move|p1a: Rocky Road|Protect|p1a: Rocky Road
|-singleturn|p1a: Rocky Road|Protect
|move|p2b: Whimsicott|Tailwind|p2b: Whimsicott
|-sidestart|p2: Lewis94|move: Tailwind
|move|p1b: Linger|Blizzard|p2b: Whimsicott|[spread] 
|-miss|p1b: Linger|p2a: Torkoal
|-miss|p1b: Linger|p2b: Whimsicott
|
|-weather|SunnyDay|[upkeep]
|upkeep
|turn|3
|inactive|Lewis94 has 30 seconds left.
|
|t:|1756224053
|switch|p1a: Dearg Doom|Arcanine-Hisui, L50, F|100/100
|-ability|p1a: Dearg Doom|Intimidate|boost
|-unboost|p2a: Torkoal|atk|1
|-unboost|p2b: Whimsicott|atk|1
|-enditem|p2a: Torkoal|Eject Pack
|
|t:|1756224060
|switch|p2a: Garchomp|Garchomp, L50, F|91/100
|move|p2b: Whimsicott|Encore||[still]
|-fail|p2b: Whimsicott
|move|p1b: Linger|Blizzard|p2a: Garchomp|[spread] p2a,p2b
|-supereffective|p2a: Garchomp
|-damage|p2a: Garchomp|0 fnt
|-damage|p2b: Whimsicott|0 fnt
|faint|p2a: Garchomp
|faint|p2b: Whimsicott
|
|-weather|SunnyDay|[upkeep]
|upkeep
|
|t:|1756224070
|switch|p2b: Typhlosion|Typhlosion-Hisui, L50, M|100/100
|switch|p2a: Torkoal|Torkoal, L50, F|100/100
|turn|4
|
|t:|1756224084
|switch|p1b: Rocky Road|Sneasler, L50, M|100/100
|move|p1a: Dearg Doom|Protect|p1a: Dearg Doom
|-singleturn|p1a: Dearg Doom|Protect
|move|p2b: Typhlosion|Eruption|p1b: Rocky Road|[spread] p1b
|-activate|p1a: Dearg Doom|move: Protect
|-enditem|p1b: Rocky Road|Focus Sash
|-damage|p1b: Rocky Road|1/100
|move|p2a: Torkoal|Eruption|p1a: Dearg Doom|[spread] p1b
|-activate|p1a: Dearg Doom|move: Protect
|-damage|p1b: Rocky Road|0 fnt
|faint|p1b: Rocky Road
|
|-weather|SunnyDay|[upkeep]
|upkeep
|
|t:|1756224091
|switch|p1b: Linger|Ninetales-Alola, L50, M|100/100
|-weather|Snowscape|[from] ability: Snow Warning|[of] p1b: Linger
|turn|5
|
|t:|1756224110
|move|p2b: Typhlosion|Eruption|p1b: Linger|[spread] p1a,p1b
|-resisted|p1a: Dearg Doom
|-supereffective|p1b: Linger
|-damage|p1a: Dearg Doom|75/100
|-damage|p1b: Linger|0 fnt
|faint|p1b: Linger
|move|p1a: Dearg Doom|Rock Slide|p2b: Typhlosion|[spread] p2a,p2b
|-supereffective|p2a: Torkoal
|-supereffective|p2b: Typhlosion
|-damage|p2a: Torkoal|60/100
|-damage|p2b: Typhlosion|19/100
|move|p2a: Torkoal|Eruption|p1a: Dearg Doom
|-resisted|p1a: Dearg Doom
|-damage|p1a: Dearg Doom|63/100
|
|-weather|Snowscape|[upkeep]
|-sideend|p2: Lewis94|move: Tailwind
|upkeep
|turn|6
|
|t:|1756224133
|move|p2a: Torkoal|Helping Hand|p2b: Typhlosion
|-singleturn|p2b: Typhlosion|Helping Hand|[of] p2a: Torkoal
|move|p2b: Typhlosion|Eruption|p1a: Dearg Doom
|-resisted|p1a: Dearg Doom
|-damage|p1a: Dearg Doom|49/100
|move|p1a: Dearg Doom|Rock Slide|p2a: Torkoal|[spread] p2a,p2b
|-supereffective|p2a: Torkoal
|-supereffective|p2b: Typhlosion
|-damage|p2a: Torkoal|20/100
|-damage|p2b: Typhlosion|0 fnt
|faint|p2b: Typhlosion
|
|-weather|Snowscape|[upkeep]
|upkeep
|turn|7
|
|t:|1756224146
|move|p1a: Dearg Doom|Rock Slide|p2a: Torkoal
|-supereffective|p2a: Torkoal
|-damage|p2a: Torkoal|0 fnt
|faint|p2a: Torkoal
|
|win|MuppetsChristmas
||MuppetsChristmas is ready for game 2.
||Lewis94 is ready for game 2.
|uhtml|next|Next: Game 2 of 3
|l|☆MuppetsChristmas
|player|p1|
