|j|☆enrico20022002
|j|☆vikaenjoyer
|html|enrico20022002vikaenjoyer    
|uhtml|bestof|Game 1 of a best-of-3
|t:|1756410768
|gametype|doubles
|player|p1|enrico20022002|1|1170
|player|p2|vikaenjoyer|169|1154
|gen|9
|tier|[Gen 9] VGC 2025 Reg H (Bo3)
|rated|
|rule|Species Clause: Limit one of each Pokémon
|rule|Item Clause: Limit 1 of each item
|clearpoke
|poke|p1|Sneasler, L50, M|
|poke|p1|Dragonite, L50, M|
|poke|p1|Electabuzz, L50, M|
|poke|p1|Volcarona, L50, M|
|poke|p1|Incineroar, L50, M|
|poke|p1|Kingambit, L50, F|
|poke|p2|Bronzong, L50|
|poke|p2|Incineroar, L50, M|
|poke|p2|Sneasler, L50, F|
|poke|p2|Vikavolt, L50, F|
|poke|p2|Ursaluna, L50, F|
|poke|p2|Ninetales-Alola, L50, M|
|teampreview|4
|showteam|p1|Sneasler||FocusSash|PoisonTouch|CloseCombat,DireClaw,FakeOut,Coaching|||M|||50|,,,,,Stellar]Dragonite||LoadedDice|Multiscale|ScaleShot,ExtremeSpeed,Protect,Haze|||M|||50|,,,,,Fairy]Electabuzz||Eviolite|VitalSpirit|Electroweb,Taunt,FollowMe,Protect|||M|||50|,,,,,Ghost]Volcarona||CovertCloak|FlameBody|QuiverDance,Protect,HeatWave,TeraBlast|||M|||50|,,,,,Fairy]Incineroar||AssaultVest|Intimidate|Snarl,FakeOut,Uturn,FlareBlitz|||M|||50|,,,,,Ghost]Kingambit||LumBerry|Defiant|SuckerPunch,KowtowCleave,SwordsDance,Protect|||F|||50|,,,,,Dark
|showteam|p2|Bronzong||SafetyGoggles|Levitate|Psychic,BodyPress,IronDefense,TrickRoom||||||50|,,,,,Water]Incineroar||LumBerry|Intimidate|FakeOut,FlareBlitz,KnockOff,PartingShot|||M|||50|,,,,,Ghost]Sneasler||FocusSash|PoisonTouch|Protect,DireClaw,CloseCombat,ThroatChop|||F|||50|,,,,,Dark]Vikavolt||Magnet|Levitate|Protect,Thunderbolt,BugBuzz,Discharge|||F|||50|,,,,,Electric]Ursaluna||FlameOrb|Guts|Protect,Facade,HeadlongRush,Earthquake|||F|||50|,,,,,Ghost]Ninetales-Alola||LightClay|SnowWarning|Protect,Blizzard,AuroraVeil,Moonblast|||M|||50|,,,,,Water
|inactive|Battle timer is ON: inactive players will automatically lose when time's up. (requested by enrico20022002)
|
|t:|1756410792
|teamsize|p1|4
|teamsize|p2|4
|start
|switch|p1a: Kingambit|Kingambit, L50, F|100/100
|switch|p1b: Electabuzz|Electabuzz, L50, M|100/100
|switch|p2a: Sneasler|Sneasler, L50, F|100/100
|switch|p2b: Bronzong|Bronzong, L50|100/100
|turn|1
|
|t:|1756410809
|-terastallize|p2b: Bronzong|Water
|move|p1b: Electabuzz|Follow Me|p1b: Electabuzz
|-singleturn|p1b: Electabuzz|move: Follow Me
|move|p2a: Sneasler|Close Combat|p1b: Electabuzz
|-damage|p1b: Electabuzz|55/100
|-unboost|p2a: Sneasler|def|1
|-unboost|p2a: Sneasler|spd|1
|move|p1a: Kingambit|Swords Dance|p1a: Kingambit
|-boost|p1a: Kingambit|atk|2
|move|p2b: Bronzong|Iron Defense|p2b: Bronzong
|-boost|p2b: Bronzong|def|2
|
|upkeep
|turn|2
|inactive|vikaenjoyer has 30 seconds left.
|
|t:|1756410836
|move|p1a: Kingambit|Protect|p1a: Kingambit
|-singleturn|p1a: Kingambit|Protect
|move|p2a: Sneasler|Close Combat|p1a: Kingambit
|-activate|p1a: Kingambit|move: Protect
|move|p1b: Electabuzz|Taunt|p2b: Bronzong
|-start|p2b: Bronzong|move: Taunt
|cant|p2b: Bronzong|move: Taunt|Iron Defense
|
|upkeep
|turn|3
|
|t:|1756410849
|switch|p2a: Ursaluna|Ursaluna, L50, F|100/100
|move|p1b: Electabuzz|Follow Me|p1b: Electabuzz
|-singleturn|p1b: Electabuzz|move: Follow Me
|move|p1a: Kingambit|Swords Dance|p1a: Kingambit
|-boost|p1a: Kingambit|atk|2
|move|p2b: Bronzong|Body Press|p1b: Electabuzz
|-damage|p1b: Electabuzz|16/100
|
|-status|p2a: Ursaluna|brn|[from] item: Flame Orb
|upkeep
|turn|4
|inactive|vikaenjoyer has 30 seconds left.
|inactive|vikaenjoyer has 20 seconds left.
|
|t:|1756410886
|-terastallize|p1a: Kingambit|Dark
|move|p1b: Electabuzz|Follow Me|p1b: Electabuzz
|-singleturn|p1b: Electabuzz|move: Follow Me
|move|p1a: Kingambit|Kowtow Cleave|p2a: Ursaluna
|-damage|p2a: Ursaluna|0 fnt
|faint|p2a: Ursaluna
|move|p2b: Bronzong|Body Press|p1b: Electabuzz
|-damage|p1b: Electabuzz|0 fnt
|faint|p1b: Electabuzz
|
|-end|p2b: Bronzong|move: Taunt
|upkeep
|
|t:|1756410896
|switch|p1b: Incineroar|Incineroar, L50, M|100/100
|switch|p2a: Sneasler|Sneasler, L50, F|100/100
|-ability|p1b: Incineroar|Intimidate|boost
|-unboost|p2a: Sneasler|atk|1
|-unboost|p2b: Bronzong|atk|1
|turn|5
|
|t:|1756410916
|move|p1b: Incineroar|Fake Out|p2b: Bronzong
|-crit|p2b: Bronzong
|-damage|p2b: Bronzong|88/100
|move|p2a: Sneasler|Close Combat|p1a: Kingambit
|-supereffective|p1a: Kingambit
|-damage|p1a: Kingambit|40/100
|-unboost|p2a: Sneasler|def|1
|-unboost|p2a: Sneasler|spd|1
|move|p1a: Kingambit|Swords Dance|p1a: Kingambit
|-boost|p1a: Kingambit|atk|2
|cant|p2b: Bronzong|flinch
|
|upkeep
|turn|6
|inactive|vikaenjoyer has 30 seconds left.
|
|t:|1756410944
|move|p1a: Kingambit|Protect|p1a: Kingambit
|-singleturn|p1a: Kingambit|Protect
|move|p2a: Sneasler|Close Combat|p1a: Kingambit
|-activate|p1a: Kingambit|move: Protect
|move|p1b: Incineroar|U-turn|p2a: Sneasler
|-resisted|p2a: Sneasler
|-damage|p2a: Sneasler|88/100
|
|t:|1756410952
|switch|p1b: Sneasler|Sneasler, L50, M|100/100|[from] U-turn
|move|p2b: Bronzong|Body Press|p1a: Kingambit
|-activate|p1a: Kingambit|move: Protect
|
|upkeep
|turn|7
|
|t:|1756410972
|move|p1b: Sneasler|Dire Claw|p2b: Bronzong
|-damage|p2b: Bronzong|73/100
|-status|p2b: Bronzong|psn
|move|p2a: Sneasler|Close Combat|p1a: Kingambit
|-supereffective|p1a: Kingambit
|-damage|p1a: Kingambit|0 fnt
|-unboost|p2a: Sneasler|def|1
|-unboost|p2a: Sneasler|spd|1
|faint|p1a: Kingambit
|move|p2b: Bronzong|Body Press|p1b: Sneasler
|-resisted|p1b: Sneasler
|-damage|p1b: Sneasler|55/100
|
|-damage|p2b: Bronzong|61/100 psn|[from] psn
|upkeep
|
|t:|1756410979
|switch|p1a: Incineroar|Incineroar, L50, M|100/100
|-ability|p1a: Incineroar|Intimidate|boost
|-unboost|p2a: Sneasler|atk|1
|-unboost|p2b: Bronzong|atk|1
|turn|8
|
|t:|1756410985
|switch|p2a: Incineroar|Incineroar, L50, M|100/100
|-ability|p2a: Incineroar|Intimidate|boost
|-unboost|p1a: Incineroar|atk|1
|-unboost|p1b: Sneasler|atk|1
|move|p1a: Incineroar|Fake Out|p2b: Bronzong
|-damage|p2b: Bronzong|58/100 psn
|move|p1b: Sneasler|Dire Claw|p2b: Bronzong
|-damage|p2b: Bronzong|47/100 psn
|cant|p2b: Bronzong|flinch
|
|-damage|p2b: Bronzong|35/100 psn|[from] psn
|upkeep
|turn|9
|
|t:|1756410998
|move|p2a: Incineroar|Fake Out|p1b: Sneasler
|-damage|p1b: Sneasler|35/100
|cant|p1b: Sneasler|flinch
|move|p1a: Incineroar|U-turn|p2b: Bronzong
|-damage|p2b: Bronzong|31/100 psn
|move|p2b: Bronzong|Psychic|p1b: Sneasler
|-supereffective|p1b: Sneasler
|-damage|p1b: Sneasler|0 fnt
|faint|p1b: Sneasler
|
|-damage|p2b: Bronzong|19/100 psn|[from] psn
|upkeep
|turn|10
|
|t:|1756411008
|move|p1a: Incineroar|Flare Blitz|p2a: Incineroar
|-resisted|p2a: Incineroar
|-damage|p2a: Incineroar|88/100
|-damage|p1a: Incineroar|97/100|[from] Recoil
|move|p2a: Incineroar|Parting Shot|p1a: Incineroar
|-unboost|p1a: Incineroar|atk|1
|-unboost|p1a: Incineroar|spa|1
|
|t:|1756411011
|switch|p2a: Sneasler|Sneasler, L50, F|88/100|[from] Parting Shot
|move|p2b: Bronzong|Body Press|p1a: Incineroar
|-supereffective|p1a: Incineroar
|-damage|p1a: Incineroar|0 fnt
|faint|p1a: Incineroar
|
|win|vikaenjoyer
||vikaenjoyer is ready for game 2.
|l|☆enrico20022002
|player|p1|
||enrico20022002 is ready for game 2.
|uhtml|next|Next: Game 2 of 3
