|j|☆KChiefs7
|j|☆Acesan24
|html|KChiefs7Acesan24    
|uhtml|bestof|Game 1 of a best-of-3
|t:|1757702084
|gametype|doubles
|player|p1|KChiefs7|swimmer-gen4|1141
|player|p2|Acesan24|170|1084
|gen|9
|tier|[Gen 9] VGC 2025 Reg H (Bo3)
|rated|
|rule|Species Clause: Limit one of each Pokémon
|rule|Item Clause: Limit 1 of each item
|clearpoke
|poke|p1|Ursaluna, L50, F|
|poke|p1|Gholdengo, L50|
|poke|p1|Amoonguss, L50, M|
|poke|p1|Porygon2, L50|
|poke|p1|Incineroar, L50, F|
|poke|p1|Flamigo, L50, M|
|poke|p2|Ursaluna-Bloodmoon, L50, M|
|poke|p2|Kleavor, L50, F|
|poke|p2|Basculegion, L50, M|
|poke|p2|Pelipper, L50, M|
|poke|p2|Indeedee, L50, M|
|poke|p2|Archaludon, L50, F|
|teampreview|4
|showteam|p1|Ursaluna||FlameOrb|Guts|Facade,Earthquake,Substitute,Protect|||F|||50|,,,,,Ghost]Gholdengo||ChoiceScarf|GoodasGold|MakeItRain,ShadowBall,DazzlingGleam,FocusBlast||||||50|,,,,,Steel]Amoonguss||SitrusBerry|Regenerator|RagePowder,Spore,PollenPuff,Protect|||M|||50|,,,,,Fairy]Porygon2||Eviolite|Download|Thunderbolt,IceBeam,Recover,TrickRoom||||||50|,,,,,Flying]Incineroar||AssaultVest|Intimidate|FlareBlitz,KnockOff,FakeOut,Uturn|||F|||50|,,,,,Grass]Flamigo||FocusSash|Scrappy|CloseCombat,BraveBird,WideGuard,Detect|||M|||50|,,,,,Stellar
|showteam|p2|Ursaluna-Bloodmoon||SilkScarf|MindsEye|BloodMoon,HyperVoice,EarthPower,Protect|||M|||50|,,,,,Ground]Kleavor||WideLens|Sharpness|XScissor,StoneAxe,DualWingbeat,Protect|||F|||50|,,,,,Flying]Basculegion||ChoiceBand|SwiftSwim|AquaJet,FlipTurn,LastRespects,WaveCrash|||M|||50|,,,,,Water]Pelipper||FocusSash|Drizzle|Hurricane,Tailwind,WeatherBall,Protect|||M|||50|,,,,,Ground]Indeedee||ChoiceScarf|PsychicSurge|Trick,ExpandingForce,DrainingKiss,EnergyBall|||M|||50|,,,,,Fairy]Archaludon||AssaultVest|Stalwart|BodyPress,ElectroShot,MirrorCoat,FlashCannon|||F|||50|,,,,,Steel
|inactive|Battle timer is ON: inactive players will automatically lose when time's up. (requested by KChiefs7)
|inactive|KChiefs7 has 60 seconds left.
|inactive|Acesan24 has 60 seconds left.
|inactive|Acesan24 has 30 seconds left.
|
|t:|1757702145
|teamsize|p1|4
|teamsize|p2|4
|start
|switch|p1a: Porygon2|Porygon2, L50|100/100
|switch|p1b: Ursaluna|Ursaluna, L50, F|100/100
|switch|p2a: Indeedee|Indeedee, L50, M|100/100
|switch|p2b: Basculegion|Basculegion, L50, M|100/100
|-fieldstart|move: Psychic Terrain|[from] ability: Psychic Surge|[of] p2a: Indeedee
|-ability|p1a: Porygon2|Download|boost
|-boost|p1a: Porygon2|atk|1
|turn|1
|inactive|KChiefs7 has 30 seconds left.
|
|t:|1757702179
|-terastallize|p2b: Basculegion|Water
|move|p1b: Ursaluna|Protect|p1b: Ursaluna
|-singleturn|p1b: Ursaluna|Protect
|move|p2a: Indeedee|Expanding Force|p1a: Porygon2|[spread] p1a
|-activate|p1b: Ursaluna|move: Protect
|-damage|p1a: Porygon2|68/100
|move|p2b: Basculegion|Wave Crash|p1a: Porygon2
|-damage|p1a: Porygon2|0 fnt
|faint|p1a: Porygon2
|-damage|p2b: Basculegion|79/100|[from] Recoil
|
|-status|p1b: Ursaluna|brn|[from] item: Flame Orb
|upkeep
|
|t:|1757702188
|switch|p1a: Incineroar|Incineroar, L50, F, shiny|100/100
|-ability|p1a: Incineroar|Intimidate|boost
|-unboost|p2a: Indeedee|atk|1
|-unboost|p2b: Basculegion|atk|1
|turn|2
|inactive|KChiefs7 has 30 seconds left.
|
|t:|1757702222
|switch|p2a: Pelipper|Pelipper, L50, M|100/100
|-weather|RainDance|[from] ability: Drizzle|[of] p2a: Pelipper
|move|p1a: Incineroar|Fake Out|p2b: Basculegion
|-activate|p2b: Basculegion|move: Psychic Terrain
|move|p2b: Basculegion|Wave Crash|p1b: Ursaluna
|-supereffective|p1b: Ursaluna
|-damage|p1b: Ursaluna|0 fnt
|faint|p1b: Ursaluna
|-damage|p2b: Basculegion|41/100|[from] Recoil
|
|-weather|RainDance|[upkeep]
|upkeep
|
|t:|1757702232
|switch|p1b: Flamigo|Flamigo, L50, M|100/100
|turn|3
|
|t:|1757702253
|-terastallize|p1a: Incineroar|Grass
|move|p2b: Basculegion|Wave Crash|p1a: Incineroar
|-resisted|p1a: Incineroar
|-damage|p1a: Incineroar|50/100
|-damage|p2b: Basculegion|24/100|[from] Recoil
|move|p1b: Flamigo|Close Combat|p2b: Basculegion
|-damage|p2b: Basculegion|0 fnt
|-unboost|p1b: Flamigo|def|1
|-unboost|p1b: Flamigo|spd|1
|faint|p2b: Basculegion
|move|p2a: Pelipper|Tailwind|p2a: Pelipper
|-sidestart|p2: Acesan24|move: Tailwind
|move|p1a: Incineroar|Knock Off|p2a: Pelipper
|-damage|p2a: Pelipper|46/100
|-enditem|p2a: Pelipper|Focus Sash|[from] move: Knock Off|[of] p1a: Incineroar
|
|-weather|RainDance|[upkeep]
|upkeep
|
|t:|1757702261
|switch|p2b: Indeedee|Indeedee, L50, M|100/100
|turn|4
|
|t:|1757702269
|move|p2b: Indeedee|Expanding Force|p1a: Incineroar|[spread] p1a,p1b
|-supereffective|p1b: Flamigo
|-damage|p1a: Incineroar|19/100
|-enditem|p1b: Flamigo|Focus Sash
|-damage|p1b: Flamigo|1/100
|move|p2a: Pelipper|Hurricane|p1b: Flamigo
|-supereffective|p1b: Flamigo
|-damage|p1b: Flamigo|0 fnt
|faint|p1b: Flamigo
|move|p1a: Incineroar|Knock Off|p2b: Indeedee
|-supereffective|p2b: Indeedee
|-damage|p2b: Indeedee|0 fnt
|-enditem|p2b: Indeedee|Choice Scarf|[from] move: Knock Off|[of] p1a: Incineroar
|faint|p2b: Indeedee
|
|-weather|RainDance|[upkeep]
|upkeep
|
|t:|1757702280
|switch|p2b: Archaludon|Archaludon, L50, F|100/100
|turn|5
|
|t:|1757702295
|move|p2b: Archaludon|Body Press|p1a: Incineroar
|-damage|p1a: Incineroar|0 fnt
|faint|p1a: Incineroar
|
|win|Acesan24
||KChiefs7 is ready for game 2.
||Acesan24 is ready for game 2.
|uhtml|next|Next: Game 2 of 3
|l|☆Acesan24
|player|p2|
