|j|☆Draikenos
|j|☆ilikeeuphonium
|html|Draikenosilikeeuphonium    
|uhtml|bestof|Game 1 of a best-of-3
|t:|1786041869
|gametype|doubles
|player|p1|Draikenos|rosa|1215
|player|p2|ilikeeuphonium|101|1089
|gen|9
|tier|[Gen 9 Champions] VGC 2026 Reg M-B (Bo3)
|rated|
|rule|Species Clause: Limit one of each Pokémon
|rule|Item Clause: Limit 1 of each item
|clearpoke
|poke|p1|Glimmora, L50, F, shiny|
|poke|p1|Whimsicott, L50, F, shiny|
|poke|p1|Kommo-o, L50, F, shiny|
|poke|p1|Ninetales-Alola, L50, M|
|poke|p1|Kingambit, L50, M|
|poke|p1|Basculegion, L50, M|
|poke|p2|Dragonite, L50, M|
|poke|p2|Politoed, L50, M|
|poke|p2|Raichu, L50, M|
|poke|p2|Archaludon, L50, F|
|poke|p2|Palafin, L50, M|
|poke|p2|Drampa, L50, F|
|teampreview|4
|showteam|p1|Glimmora||Glimmoranite|ToxicDebris|SpikyShield,PowerGem,SludgeBomb,EarthPower|Modest||F|||50|]Whimsicott||FocusSash|Prankster|Protect,Moonblast,Tailwind,Encore|Timid||F|||50|]Kommo-o||LifeOrb|Overcoat|Protect,ClangingScales,AuraSphere,VacuumWave|Modest||F|||50|]Ninetales-Alola||NeverMeltIce|SnowWarning|Protect,Blizzard,FreezeDry,Encore|Timid||M|||50|]Kingambit||ChopleBerry|Defiant|KowtowCleave,IronHead,SuckerPunch,LowKick|Adamant||M|||50|]Basculegion||ChoiceScarf|Adaptability|WaveCrash,LastRespects,AquaJet,FlipTurn|Jolly||M|||50|
|showteam|p2|Dragonite||Dragoninite|InnerFocus|DragonDance,ThunderPunch,Hurricane,DracoMeteor|Mild||M|||50|]Politoed||DampRock|Drizzle|WeatherBall,FocusBlast,Attract,IcyWind|Modest||M|||50|]Raichu||RaichuniteX|Static|VoltTackle,FakeOut,Encore,Protect|Jolly||M|||50|]Archaludon||ChopleBerry|Stamina|ElectroShot,DragonCheer,DragonPulse,FlashCannon|Serious||F|||50|]Palafin||MuscleBand|ZerotoHero|FlipTurn,JetPunch,ThroatChop,BulkUp|Jolly||M|||50|]Drampa||FocusSash|CloudNine|EarthPower,IceBeam,Glare,HyperVoice|Modest||F|||50|
|
|t:|1786042062
|teamsize|p1|4
|teamsize|p2|4
|start
|switch|p1a: Glimmora|Glimmora, L50, F, shiny|100/100
|switch|p1b: Whimsicott|Whimsicott, L50, F, shiny|100/100
|switch|p2a: Politoed|Politoed, L50, M|100/100
|switch|p2b: Archaludon|Archaludon, L50, F|100/100
|-weather|RainDance|[from] ability: Drizzle|[of] p2a: Politoed
|turn|1
|
|t:|1786042131
|detailschange|p1a: Glimmora|Glimmora-Mega, L50, F, shiny
|-mega|p1a: Glimmora|Glimmora|Glimmoranite
|move|p1a: Glimmora|Spiky Shield|p1a: Glimmora
|-singleturn|p1a: Glimmora|move: Protect
|move|p1b: Whimsicott|Moonblast|p2b: Archaludon
|-damage|p2b: Archaludon|58/100
|-ability|p2b: Archaludon|Stamina|boost
|-boost|p2b: Archaludon|def|1
|move|p2b: Archaludon|Flash Cannon|p1b: Whimsicott
|-supereffective|p1b: Whimsicott|1
|-enditem|p1b: Whimsicott|Focus Sash
|-damage|p1b: Whimsicott|1/100
|move|p2a: Politoed|Attract|p1a: Glimmora
|-activate|p1a: Glimmora|move: Protect
|
|-weather|RainDance|[upkeep]
|upkeep
|turn|2
|
|t:|1786042180
|move|p1b: Whimsicott|Encore|p2a: Politoed
|-start|p2a: Politoed|Encore
|move|p1a: Glimmora|Earth Power|p2b: Archaludon
|-supereffective|p2b: Archaludon|1
|-damage|p2b: Archaludon|0 fnt
|faint|p2b: Archaludon
|move|p2a: Politoed|Attract|p1a: Glimmora
|-start|p1a: Glimmora|Attract
|
|-weather|RainDance|[upkeep]
|upkeep
|
|t:|1786042193
|switch|p2b: Drampa|Drampa, L50, F|100/100
|-ability|p2b: Drampa|Cloud Nine
|turn|3
|
|t:|1786042235
|move|p1b: Whimsicott|Tailwind|p1b: Whimsicott
|-sidestart|p1: Draikenos|move: Tailwind
|-activate|p1a: Glimmora|move: Attract|[of] p2a: Politoed
|cant|p1a: Glimmora|Attract
|move|p2a: Politoed|Attract|p1b: Whimsicott
|-start|p1b: Whimsicott|Attract
|move|p2b: Drampa|Earth Power|p1a: Glimmora
|-supereffective|p1a: Glimmora|2
|-damage|p1a: Glimmora|0 fnt
|faint|p1a: Glimmora
|
|-weather|RainDance|[upkeep]
|upkeep
|
|t:|1786042249
|switch|p1a: Kommo-o|Kommo-o, L50, F, shiny|100/100
|turn|4
|
|t:|1786042263
|-activate|p1b: Whimsicott|move: Attract|[of] p2a: Politoed
|cant|p1b: Whimsicott|Attract
|move|p1a: Kommo-o|Clanging Scales|p2a: Politoed|[spread] p2a,p2b
|-crit|p2a: Politoed
|-supereffective|p2b: Drampa|1
|-damage|p2a: Politoed|34/100
|-damage|p2b: Drampa|1/100
|-unboost|p1a: Kommo-o|def|1
|-damage|p1a: Kommo-o|90/100|[from] item: Life Orb
|move|p2a: Politoed|Attract|p1a: Kommo-o
|-start|p1a: Kommo-o|Attract
|move|p2b: Drampa|Hyper Voice|p1b: Whimsicott|[spread] p1a,p1b
|-damage|p1a: Kommo-o|46/100
|-damage|p1b: Whimsicott|0 fnt
|faint|p1b: Whimsicott
|
|-weather|RainDance|[upkeep]
|-end|p2a: Politoed|Encore
|upkeep
|
|t:|1786042281
|switch|p1b: Basculegion|Basculegion, L50, M|100/100
|turn|5
|
|t:|1786042317
|move|p1b: Basculegion|Last Respects|p2a: Politoed
|-damage|p2a: Politoed|0 fnt
|faint|p2a: Politoed
|-end|p1a: Kommo-o|Attract|[silent]
|move|p1a: Kommo-o|Aura Sphere|p2b: Drampa
|-supereffective|p2b: Drampa|1
|-damage|p2b: Drampa|0 fnt
|faint|p2b: Drampa
|-damage|p1a: Kommo-o|37/100|[from] item: Life Orb
|
|-weather|RainDance|[upkeep]
|upkeep
|
|t:|1786042331
|switch|p2a: Raichu|Raichu, L50, M|100/100
|turn|6
|
|t:|1786042348
|detailschange|p2a: Raichu|Raichu-Mega-X, L50, M
|-mega|p2a: Raichu|Raichu|Raichunite X
|-fieldstart|move: Electric Terrain|[from] ability: Electric Surge|[of] p2a: Raichu
|move|p1b: Basculegion|Last Respects|p2a: Raichu
|-damage|p2a: Raichu|0 fnt
|faint|p2a: Raichu
|
|win|Draikenos
||ilikeeuphonium is ready for game 2.
|inactive|Draikenos has 30 seconds to confirm battle start!
||Draikenos is ready for game 2.
|uhtml|next|Next: Game 2 of 3
