|j|☆KatKraydel
|j|☆wittraid
|html|KatKraydelwittraid    
|uhtml|bestof|Game 2 of a best-of-3
|t:|1783530762
|gametype|doubles
|player|p1|KatKraydel|lebanne|
|player|p2|wittraid|169|
|gen|9
|tier|[Gen 9 Champions] VGC 2026 Reg M-B (Bo3)
|rule|Species Clause: Limit one of each Pokémon
|rule|Item Clause: Limit 1 of each item
|clearpoke
|poke|p1|Tyranitar, L50, F|
|poke|p1|Whimsicott, L50, F|
|poke|p1|Excadrill, L50, M|
|poke|p1|Kommo-o, L50, F|
|poke|p1|Venusaur, L50, F|
|poke|p1|Basculegion, L50, M|
|poke|p2|Pelipper, L50, F|
|poke|p2|Archaludon, L50, F|
|poke|p2|Swampert, L50, F|
|poke|p2|Sinistcha, L50|
|poke|p2|Kingambit, L50, M|
|poke|p2|Klefki, L50, F|
|teampreview|4
|showteam|p1|Tyranitar||Tyranitarite|SandStream|RockSlide,KnockOff,IcePunch,Protect|Adamant||F|||50|]Whimsicott||MentalHerb|Prankster|Moonblast,Tailwind,FakeTears,Protect|Bold||F|||50|]Excadrill||FocusSash|SandRush|HighHorsepower,IronHead,RockTomb,Protect|Adamant||M|||50|]Kommo-o||LifeOrb|Overcoat|ClangingScales,AuraSphere,FlashCannon,Protect|Modest||F|||50|]Venusaur||Venusaurite|Chlorophyll|EnergyBall,SludgeBomb,EarthPower,Protect|Modest||F|||50|]Basculegion||ChoiceScarf|Adaptability|WaveCrash,LastRespects,AquaJet,FlipTurn|Adamant||M|||50|
|showteam|p2|Pelipper||FocusSash|Drizzle|Hurricane,WeatherBall,Tailwind,Protect|Modest||F|||50|]Archaludon||Leftovers|Stamina|ElectroShot,Snarl,DragonPulse,Protect|Bold||F|||50|]Swampert||Swampertite|Damp|WaveCrash,HighHorsepower,IcePunch,Protect|Adamant||F|||50|]Sinistcha||SitrusBerry|Hospitality|RagePowder,TrickRoom,LifeDew,MatchaGotcha|Calm|||||50|]Kingambit||BlackGlasses|Defiant|IronHead,KowtowCleave,SuckerPunch,Protect|Adamant||M|||50|]Klefki||LightClay|Prankster|Reflect,LightScreen,RainDance,TrickRoom|Calm||F|||50|
|inactive|Battle timer is ON: inactive players will automatically lose when time's up. (requested by wittraid)
|inactive|wittraid has 60 seconds left.
|
|t:|1783530802
|teamsize|p1|4
|teamsize|p2|4
|start
|switch|p1a: my way|Tyranitar, L50, F|100/100
|switch|p1b: Boom Clap|Kommo-o, L50, F|100/100
|switch|p2a: Pelipper|Pelipper, L50, F|100/100
|switch|p2b: Kingambit|Kingambit, L50, M|100/100
|-weather|Sandstorm|[from] ability: Sand Stream|[of] p1a: my way
|-weather|RainDance|[from] ability: Drizzle|[of] p2a: Pelipper
|turn|1
|inactive|wittraid has 30 seconds left.
|inactive|wittraid has 20 seconds left.
|inactive|wittraid has 15 seconds left.
|
|t:|1783530844
|switch|p2b: Swampert|Swampert, L50, F|100/100
|detailschange|p1a: my way|Tyranitar-Mega, L50, F
|-mega|p1a: my way|Tyranitar|Tyranitarite
|-weather|Sandstorm|[from] ability: Sand Stream|[of] p1a: my way
|move|p2a: Pelipper|Protect|p2a: Pelipper
|-singleturn|p2a: Pelipper|Protect
|move|p1a: my way|Rock Slide|p2b: Swampert|[spread] p2b
|-activate|p2a: Pelipper|move: Protect
|-resisted|p2b: Swampert|1
|-damage|p2b: Swampert|83/100
|move|p1b: Boom Clap|Aura Sphere|p2b: Swampert
|-damage|p2b: Swampert|37/100
|-damage|p1b: Boom Clap|90/100|[from] item: Life Orb
|
|-weather|Sandstorm|[upkeep]
|-damage|p2a: Pelipper|93/100|[from] Sandstorm
|upkeep
|turn|2
|inactive|wittraid has 30 seconds left.
|inactive|wittraid has 20 seconds left.
|
|t:|1783530881
|switch|p2a: Sinistcha|Sinistcha, L50|100/100
|-heal|p2b: Swampert|62/100|[from] ability: Hospitality|[of] p2a: Sinistcha
|detailschange|p2b: Swampert|Swampert-Mega, L50, F
|-mega|p2b: Swampert|Swampert|Swampertite
|move|p2b: Swampert|Protect|p2b: Swampert
|-singleturn|p2b: Swampert|Protect
|move|p1a: my way|Rock Slide|p2b: Swampert|[spread] p2a
|-activate|p2b: Swampert|move: Protect
|-damage|p2a: Sinistcha|66/100
|move|p1b: Boom Clap|Clanging Scales|p2b: Swampert|[spread] p2a
|-activate|p2b: Swampert|move: Protect
|-damage|p2a: Sinistcha|22/100
|-enditem|p2a: Sinistcha|Sitrus Berry|[eat]
|-heal|p2a: Sinistcha|47/100|[from] item: Sitrus Berry
|-unboost|p1b: Boom Clap|def|1
|-damage|p1b: Boom Clap|81/100|[from] item: Life Orb
|
|-weather|Sandstorm|[upkeep]
|-damage|p2a: Sinistcha|41/100|[from] Sandstorm
|upkeep
|turn|3
|inactive|wittraid has 30 seconds left.
|inactive|wittraid has 20 seconds left.
|
|t:|1783530917
|switch|p1a: Bounce Man|Whimsicott, L50, F|100/100
|switch|p2a: Pelipper|Pelipper, L50, F|93/100
|-weather|RainDance|[from] ability: Drizzle|[of] p2a: Pelipper
|move|p1b: Boom Clap|Protect|p1b: Boom Clap
|-singleturn|p1b: Boom Clap|Protect
|move|p2b: Swampert|Ice Punch|p1b: Boom Clap
|-activate|p1b: Boom Clap|move: Protect
|
|-weather|RainDance|[upkeep]
|upkeep
|turn|4
|inactive|wittraid has 30 seconds left.
|inactive|wittraid has 20 seconds left.
|inactive|wittraid has 15 seconds left.
|inactive|wittraid has 10 seconds left.
|
|t:|1783530966
|switch|p2b: Kingambit|Kingambit, L50, M|100/100
|switch|p1b: my way|Tyranitar-Mega, L50, F|100/100
|-weather|Sandstorm|[from] ability: Sand Stream|[of] p1b: my way
|move|p1a: Bounce Man|Tailwind|p1a: Bounce Man
|-sidestart|p1: KatKraydel|move: Tailwind
|move|p2a: Pelipper|Hurricane|p1b: my way|[miss]
|-miss|p2a: Pelipper|p1b: my way
|
|-weather|Sandstorm|[upkeep]
|-damage|p1a: Bounce Man|94/100|[from] Sandstorm
|-damage|p2a: Pelipper|87/100|[from] Sandstorm
|upkeep
|turn|5
|inactive|wittraid has 30 seconds left.
|
|t:|1783530991
|switch|p1a: Boom Clap|Kommo-o, L50, F|81/100
|move|p2a: Pelipper|Protect|p2a: Pelipper
|-singleturn|p2a: Pelipper|Protect
|move|p1b: my way|Rock Slide|p2b: Kingambit|[spread] p2b
|-activate|p2a: Pelipper|move: Protect
|-resisted|p2b: Kingambit|1
|-damage|p2b: Kingambit|85/100
|move|p2b: Kingambit|Iron Head|p1b: my way
|-supereffective|p1b: my way|1
|-damage|p1b: my way|31/100
|
|-weather|Sandstorm|[upkeep]
|-damage|p2a: Pelipper|81/100|[from] Sandstorm
|upkeep
|turn|6
|inactive|wittraid has 30 seconds left.
|
|t:|1783531024
|switch|p2a: Sinistcha|Sinistcha, L50|41/100
|-heal|p2b: Kingambit|100/100|[from] ability: Hospitality|[of] p2a: Sinistcha
|move|p2b: Kingambit|Protect|p2b: Kingambit
|-singleturn|p2b: Kingambit|Protect
|move|p1b: my way|Rock Slide|p2b: Kingambit|[spread] p2a
|-activate|p2b: Kingambit|move: Protect
|-damage|p2a: Sinistcha|5/100
|move|p1a: Boom Clap|Aura Sphere|p2b: Kingambit
|-activate|p2b: Kingambit|move: Protect
|
|-weather|Sandstorm|[upkeep]
|-damage|p2a: Sinistcha|0 fnt|[from] Sandstorm
|faint|p2a: Sinistcha
|upkeep
|
|t:|1783531045
|switch|p2a: Swampert|Swampert-Mega, L50, F|62/100
|turn|7
|
|t:|1783531054
|switch|p1b: Bounce Man|Whimsicott, L50, F|94/100
|switch|p2b: Pelipper|Pelipper, L50, F|81/100
|-weather|RainDance|[from] ability: Drizzle|[of] p2b: Pelipper
|move|p1a: Boom Clap|Clanging Scales|p2b: Pelipper|[spread] p2a,p2b
|-damage|p2a: Swampert|24/100
|-damage|p2b: Pelipper|15/100
|-unboost|p1a: Boom Clap|def|1
|-damage|p1a: Boom Clap|71/100|[from] item: Life Orb
|move|p2a: Swampert|Ice Punch|p1a: Boom Clap
|-supereffective|p1a: Boom Clap|1
|-damage|p1a: Boom Clap|4/100
|
|-weather|RainDance|[upkeep]
|-sideend|p1: KatKraydel|move: Tailwind
|upkeep
|turn|8
|inactive|wittraid has 30 seconds left.
|inactive|wittraid has 20 seconds left.
|inactive|wittraid has 15 seconds left.
|inactive|wittraid has 10 seconds left.
|
|t:|1783531100
|switch|p1a: my way|Tyranitar-Mega, L50, F|31/100
|-weather|Sandstorm|[from] ability: Sand Stream|[of] p1a: my way
|switch|p2b: Kingambit|Kingambit, L50, M|100/100
|move|p2a: Swampert|Protect|p2a: Swampert
|-singleturn|p2a: Swampert|Protect
|move|p1b: Bounce Man|Tailwind|p1b: Bounce Man
|-sidestart|p1: KatKraydel|move: Tailwind
|
|-weather|Sandstorm|[upkeep]
|-damage|p1b: Bounce Man|88/100|[from] Sandstorm
|upkeep
|turn|9
|inactive|KatKraydel has 30 seconds left.
|inactive|wittraid has 30 seconds left.
|inactive|wittraid has 20 seconds left.
|
|t:|1783531136
|switch|p2a: Pelipper|Pelipper, L50, F|15/100
|-weather|RainDance|[from] ability: Drizzle|[of] p2a: Pelipper
|move|p1b: Bounce Man|Moonblast|p2a: Pelipper
|-damage|p2a: Pelipper|0 fnt
|faint|p2a: Pelipper
|move|p1a: my way|Knock Off|p2b: Kingambit
|-resisted|p2b: Kingambit|1
|-crit|p2b: Kingambit
|-damage|p2b: Kingambit|61/100
|-enditem|p2b: Kingambit|Black Glasses|[from] move: Knock Off|[of] p1a: my way
|move|p2b: Kingambit|Iron Head|p1a: my way
|-supereffective|p1a: my way|1
|-crit|p1a: my way
|-damage|p1a: my way|0 fnt
|faint|p1a: my way
|
|-weather|RainDance|[upkeep]
|upkeep
|
|t:|1783531151
|switch|p1a: Weeds|Venusaur, L50, F|100/100
|switch|p2a: Swampert|Swampert-Mega, L50, F|24/100
|turn|10
|
|t:|1783531165
|move|p1b: Bounce Man|Moonblast|p2a: Swampert
|-damage|p2a: Swampert|2/100
|move|p1a: Weeds|Earth Power|p2b: Kingambit
|-supereffective|p2b: Kingambit|1
|-damage|p2b: Kingambit|12/100
|-unboost|p2b: Kingambit|spd|1
|-ability|p2b: Kingambit|Defiant|boost
|-boost|p2b: Kingambit|atk|2
|move|p2a: Swampert|Ice Punch|p1a: Weeds
|-supereffective|p1a: Weeds|1
|-damage|p1a: Weeds|35/100
|move|p2b: Kingambit|Kowtow Cleave|p1a: Weeds
|-damage|p1a: Weeds|0 fnt
|faint|p1a: Weeds
|
|-weather|RainDance|[upkeep]
|upkeep
|
|t:|1783531171
|switch|p1a: Boom Clap|Kommo-o, L50, F|4/100
|turn|11
|
|t:|1783531187
|move|p2a: Swampert|Protect|p2a: Swampert
|-singleturn|p2a: Swampert|Protect
|move|p2b: Kingambit|Protect|p2b: Kingambit
|-singleturn|p2b: Kingambit|Protect
|move|p1b: Bounce Man|Moonblast|p2a: Swampert
|-activate|p2a: Swampert|move: Protect
|move|p1a: Boom Clap|Clanging Scales|p2a: Swampert|[spread] 
|-activate|p2a: Swampert|move: Protect
|-activate|p2b: Kingambit|move: Protect
|
|-weather|RainDance|[upkeep]
|-sideend|p1: KatKraydel|move: Tailwind
|upkeep
|turn|12
|
|t:|1783531204
|move|p1a: Boom Clap|Protect|p1a: Boom Clap
|-singleturn|p1a: Boom Clap|Protect
|move|p2b: Kingambit|Sucker Punch||[still]
|-fail|p2b: Kingambit
|move|p2a: Swampert|Ice Punch|p1b: Bounce Man
|-supereffective|p1b: Bounce Man|1
|-damage|p1b: Bounce Man|26/100
|move|p1b: Bounce Man|Moonblast|p2b: Kingambit
|-damage|p2b: Kingambit|0 fnt
|faint|p2b: Kingambit
|
|-weather|RainDance|[upkeep]
|upkeep
|turn|13
|
|t:|1783531216
|move|p2a: Swampert|Ice Punch|p1a: Boom Clap
|-supereffective|p1a: Boom Clap|1
|-damage|p1a: Boom Clap|0 fnt
|faint|p1a: Boom Clap
|move|p1b: Bounce Man|Moonblast|p2a: Swampert
|-damage|p2a: Swampert|0 fnt
|faint|p2a: Swampert
|
|win|KatKraydel
||KatKraydel is ready for game 3.
||wittraid is ready for game 3.
|uhtml|next|Next: Game 3 of 3
|l|☆KatKraydel
|player|p1|
