|j|☆Zoro92
|j|☆fili53
|html|Zoro92fili53    
|uhtml|bestof|Game 3 of a best-of-3
|t:|1783631613
|gametype|doubles
|player|p1|Zoro92|janine|1236
|player|p2|fili53|2|1270
|gen|9
|tier|[Gen 9 Champions] VGC 2026 Reg M-B (Bo3)
|rated|
|rule|Species Clause: Limit one of each Pokémon
|rule|Item Clause: Limit 1 of each item
|clearpoke
|poke|p1|Charizard, L50, M|
|poke|p1|Floette-Eternal, L50, F|
|poke|p1|Whimsicott, L50, M|
|poke|p1|Garchomp, L50, M|
|poke|p1|Incineroar, L50, F|
|poke|p1|Farigiraf, L50, F|
|poke|p2|Ceruledge, L50, F|
|poke|p2|Milotic, L50, F|
|poke|p2|Sinistcha, L50|
|poke|p2|Incineroar, L50, M|
|poke|p2|Floette-Eternal, L50, F|
|poke|p2|Sneasler, L50, F|
|teampreview|4
|showteam|p1|Charizard||CharizarditeY|Blaze|HeatWave,WeatherBall,Protect,SolarBeam|Modest||M|||50|]Floette-Eternal||Floettite|FlowerVeil|DrainingKiss,Moonblast,Protect,DazzlingGleam|Modest||F|||50|]Whimsicott||FocusSash|Prankster|Moonblast,HelpingHand,Protect,Tailwind|Modest||M|||50|]Garchomp||LifeOrb|RoughSkin|DragonClaw,StompingTantrum,Protect,RockSlide|Adamant||M|||50|]Incineroar||PasshoBerry|Intimidate|FakeOut,PartingShot,FlareBlitz,DarkestLariat|Adamant||F|||50|]Farigiraf||SitrusBerry|ArmorTail|TwinBeam,Roar,Thunderbolt,TrickRoom|Bold||F|||50|
|showteam|p2|Ceruledge||ColburBerry|FlashFire|BitterBlade,ShadowSneak,BulkUp,Protect|Adamant||F|||50|]Milotic||Leftovers|Competitive|MuddyWater,Coil,Hypnosis,Protect|Calm||F|||50|]Sinistcha||KasibBerry|Hospitality|Protect,MatchaGotcha,RagePowder,LifeDew|Bold|||||50|]Incineroar||SitrusBerry|Intimidate|FlareBlitz,FakeOut,DarkestLariat,PartingShot|Impish||M|||50|]Floette-Eternal||Floettite|FlowerVeil|DrainingKiss,DazzlingGleam,CalmMind,Protect|Modest||F|||50|]Sneasler||FocusSash|PoisonTouch|CloseCombat,PoisonJab,FakeOut,QuickGuard|Jolly||F|||50|
|c|☆Zoro92|YOU ARE A FUCKING RAT
|inactive|Battle timer is ON: inactive players will automatically lose when time's up. (requested by fili53)
|
|t:|1783631643
|teamsize|p1|4
|teamsize|p2|4
|start
|switch|p1a: Farigiraf|Farigiraf, L50, F|100/100
|switch|p1b: Floette|Floette-Eternal, L50, F|100/100
|switch|p2a: Floette|Floette-Eternal, L50, F|100/100
|switch|p2b: Milotic|Milotic, L50, F|100/100
|turn|1
|
|t:|1783631663
|detailschange|p2a: Floette|Floette-Mega, L50, F
|-mega|p2a: Floette|Floette|Floettite
|-ability|p2a: Floette|Fairy Aura
|detailschange|p1b: Floette|Floette-Mega, L50, F
|-mega|p1b: Floette|Floette|Floettite
|-ability|p1b: Floette|Fairy Aura
|move|p1b: Floette|Moonblast|p2a: Floette
|-damage|p2a: Floette|45/100
|-unboost|p2a: Floette|spa|1
|move|p2a: Floette|Calm Mind|p2a: Floette
|-boost|p2a: Floette|spa|1
|-boost|p2a: Floette|spd|1
|move|p2b: Milotic|Hypnosis|p1a: Farigiraf
|-status|p1a: Farigiraf|slp|[from] move: Hypnosis
|cant|p1a: Farigiraf|slp
|
|upkeep
|turn|2
|inactive|fili53 has 30 seconds left.
|
|t:|1783631691
|move|p2a: Floette|Draining Kiss|p1b: Floette
|-damage|p1b: Floette|64/100
|-heal|p2a: Floette|71/100|[from] drain|[of] p1b: Floette
|move|p1b: Floette|Moonblast|p2a: Floette
|-damage|p2a: Floette|34/100
|move|p2b: Milotic|Coil|p2b: Milotic
|-boost|p2b: Milotic|atk|1
|-boost|p2b: Milotic|def|1
|-boost|p2b: Milotic|accuracy|1
|-curestatus|p1a: Farigiraf|slp|[msg]
|move|p1a: Farigiraf|Roar|p2b: Milotic
|drag|p2b: Incineroar|Incineroar, L50, M|100/100
|-ability|p2b: Incineroar|Intimidate|boost
|-unboost|p1a: Farigiraf|atk|1
|-unboost|p1b: Floette|atk|1
|
|upkeep
|turn|3
|inactive|Zoro92 has 30 seconds left.
|
|t:|1783631716
|switch|p1a: Whimsicott|Whimsicott, L50, M|100/100
|move|p1b: Floette|Protect|p1b: Floette
|-singleturn|p1b: Floette|Protect
|move|p2a: Floette|Draining Kiss|p1a: Whimsicott
|-damage|p1a: Whimsicott|24/100
|-heal|p2a: Floette|78/100|[from] drain|[of] p1a: Whimsicott
|move|p2b: Incineroar|Darkest Lariat|p1a: Whimsicott
|-resisted|p1a: Whimsicott|1
|-damage|p1a: Whimsicott|1/100
|
|upkeep
|turn|4
|
|t:|1783631735
|move|p1a: Whimsicott|Tailwind|p1a: Whimsicott
|-sidestart|p1: Zoro92|move: Tailwind
|move|p1b: Floette|Draining Kiss|p2b: Incineroar
|-damage|p2b: Incineroar|59/100
|-heal|p1b: Floette|100/100|[from] drain|[of] p2b: Incineroar
|move|p2a: Floette|Draining Kiss|p1b: Floette
|-damage|p1b: Floette|68/100
|-heal|p2a: Floette|100/100|[from] drain|[of] p1b: Floette
|move|p2b: Incineroar|Flare Blitz|p1b: Floette
|-damage|p1b: Floette|21/100
|-damage|p2b: Incineroar|46/100|[from] Recoil
|-enditem|p2b: Incineroar|Sitrus Berry|[eat]
|-heal|p2b: Incineroar|71/100|[from] item: Sitrus Berry
|
|upkeep
|turn|5
|inactive|fili53 has 30 seconds left.
|
|t:|1783631762
|switch|p2b: Ceruledge|Ceruledge, L50, F|100/100
|move|p1a: Whimsicott|Helping Hand|p1b: Floette
|-singleturn|p1b: Floette|Helping Hand|[of] p1a: Whimsicott
|move|p1b: Floette|Dazzling Gleam|p2b: Ceruledge|[spread] p2a,p2b
|-crit|p2a: Floette
|-resisted|p2b: Ceruledge|1
|-damage|p2a: Floette|22/100
|-damage|p2b: Ceruledge|65/100
|move|p2a: Floette|Calm Mind|p2a: Floette
|-boost|p2a: Floette|spa|1
|-boost|p2a: Floette|spd|1
|
|upkeep
|turn|6
|inactive|Zoro92 has 30 seconds left.
|inactive|fili53 has 30 seconds left.
|
|t:|1783631789
|move|p1a: Whimsicott|Helping Hand|p1b: Floette
|-singleturn|p1b: Floette|Helping Hand|[of] p1a: Whimsicott
|move|p2a: Floette|Protect|p2a: Floette
|-singleturn|p2a: Floette|Protect
|move|p1b: Floette|Draining Kiss|p2b: Ceruledge
|-resisted|p2b: Ceruledge|1
|-crit|p2b: Ceruledge
|-damage|p2b: Ceruledge|18/100
|-heal|p1b: Floette|59/100|[from] drain|[of] p2b: Ceruledge
|move|p2b: Ceruledge|Bitter Blade|p1b: Floette
|-damage|p1b: Floette|7/100
|-heal|p2b: Ceruledge|42/100|[from] drain|[of] p1b: Floette
|
|upkeep
|turn|7
|
|t:|1783631805
|move|p1a: Whimsicott|Helping Hand|p1b: Floette
|-singleturn|p1b: Floette|Helping Hand|[of] p1a: Whimsicott
|move|p2b: Ceruledge|Shadow Sneak|p1b: Floette
|-damage|p1b: Floette|0 fnt
|faint|p1b: Floette
|move|p2a: Floette|Dazzling Gleam|p1a: Whimsicott
|-damage|p1a: Whimsicott|0 fnt
|faint|p1a: Whimsicott
|
|-sideend|p1: Zoro92|move: Tailwind
|upkeep
|
|t:|1783631815
|switch|p1a: Farigiraf|Farigiraf, L50, F|100/100
|switch|p1b: Garchomp|Garchomp, L50, M|100/100
|turn|8
|inactive|fili53 has 30 seconds left.
|inactive|fili53 has 20 seconds left.
|inactive|fili53 has 15 seconds left.
|
|t:|1783631856
|switch|p2a: Incineroar|Incineroar, L50, M|71/100
|-ability|p2a: Incineroar|Intimidate|boost
|-unboost|p1a: Farigiraf|atk|1
|-unboost|p1b: Garchomp|atk|1
|move|p1b: Garchomp|Stomping Tantrum|p2a: Incineroar
|-supereffective|p2a: Incineroar|1
|-damage|p2a: Incineroar|19/100
|-damage|p1b: Garchomp|90/100|[from] item: Life Orb
|move|p2b: Ceruledge|Bitter Blade|p1a: Farigiraf
|-damage|p1a: Farigiraf|63/100
|-heal|p2b: Ceruledge|65/100|[from] drain|[of] p1a: Farigiraf
|move|p1a: Farigiraf|Roar|p2b: Ceruledge
|drag|p2b: Milotic|Milotic, L50, F|100/100
|
|upkeep
|turn|9
|-message|Zoro92 forfeited.
|
|win|fili53
