|j|☆andorite2
|j|☆Potatomonstr
|html|andorite2Potatomonstr    
|uhtml|bestof|Game 1 of a best-of-3
|t:|1786165917
|gametype|doubles
|player|p1|andorite2|169|
|player|p2|Potatomonstr|miku-flying|
|gen|9
|tier|[Gen 9 Champions] VGC 2026 Reg M-B (Bo3)
|rule|Species Clause: Limit one of each Pokémon
|rule|Item Clause: Limit 1 of each item
|clearpoke
|poke|p1|Steelix, L50, M|
|poke|p1|Sinistcha, L50|
|poke|p1|Incineroar, L50, M|
|poke|p1|Lycanroc-Dusk, L50, F|
|poke|p1|Maushold, L50|
|poke|p1|Dragonite, L50, M|
|poke|p2|Steelix, L50, M, shiny|
|poke|p2|Klefki, L50, F|
|poke|p2|Vivillon, L50, F|
|poke|p2|Tyranitar, L50, M|
|poke|p2|Primarina, L50, M|
|poke|p2|Floette-Eternal, L50, F|
|teampreview|4
|showteam|p1|Steelix||LifeOrb|SheerForce|WideGuard,BodyPress,HeavySlam,RockSlide|Relaxed||M|||50|]Sinistcha||ColburBerry|Hospitality|MatchaGotcha,RagePowder,Protect,TrickRoom|Bold|||||50|]Incineroar||SitrusBerry|Intimidate|FakeOut,PartingShot,FlareBlitz,ThroatChop|Impish||M|||50|]Lycanroc-Dusk||FocusSash|ToughClaws|Accelerock,CloseCombat,Protect,RockSlide|Adamant||F|||50|]Maushold||WideLens|Technician|FollowMe,Protect,Crunch,PopulationBomb|Jolly|||||50|]Dragonite||Dragoninite|Multiscale|DragonDance,Protect,IronHead,Superpower|Adamant||M|||50|
|showteam|p2|Steelix||Steelixite|RockHead|Protect,Curse,HeavySlam,HighHorsepower|Sassy||M|||50|]Klefki||OccaBerry|Prankster|TrickRoom,LightScreen,DazzlingGleam,Sandstorm|Bold||F|||50|]Vivillon||FocusSash|CompoundEyes|SleepPowder,PollenPuff,Hurricane,Protect|Timid||F|||50|]Tyranitar||ChoiceScarf|SandStream|RockSlide,KnockOff,HighHorsepower,IcePunch|Jolly||M|||50|]Primarina||LifeOrb|LiquidVoice|Protect,HyperVoice,Moonblast,AquaJet|Quiet||M|||50|]Floette-Eternal||Floettite|FlowerVeil|Protect,LightofRuin,DazzlingGleam,Moonblast|Timid||F|||50|
|j| PuffTheCutie
|inactive|Battle timer is ON: inactive players will automatically lose when time's up. (requested by andorite2)
|j| falba
|j| tobyga
|j| Peppersalt1
|j| BambooCyclone
|inactive|andorite2 has 60 seconds left.
|
|t:|1786165965
|teamsize|p1|4
|teamsize|p2|4
|start
|switch|p1a: Dragonite|Dragonite, L50, M|100/100
|switch|p1b: Incineroar|Incineroar, L50, M|100/100
|switch|p2a: go to sleep|Vivillon, L50, F|100/100
|switch|p2b: Keys to ur heart|Klefki, L50, F|100/100
|-ability|p1b: Incineroar|Intimidate|boost
|-unboost|p2a: go to sleep|atk|1
|-unboost|p2b: Keys to ur heart|atk|1
|turn|1
|inactive|andorite2 has 30 seconds left.
|inactive|andorite2 has 20 seconds left.
|inactive|andorite2 has 15 seconds left.
|inactive|andorite2 has 10 seconds left.
|inactive|andorite2 has 5 seconds left.
|
|t:|1786166016
|move|p1b: Incineroar|Fake Out|p2a: go to sleep
|-damage|p2a: go to sleep|80/100
|cant|p2a: go to sleep|flinch
|move|p1a: Dragonite|Superpower|p2b: Keys to ur heart
|-damage|p2b: Keys to ur heart|54/100
|-unboost|p1a: Dragonite|atk|1
|-unboost|p1a: Dragonite|def|1
|move|p2b: Keys to ur heart|Trick Room|p2b: Keys to ur heart
|-fieldstart|move: Trick Room|[of] p2b: Keys to ur heart
|
|upkeep
|turn|2
|inactive|andorite2 has 30 seconds left.
|inactive|andorite2 has 20 seconds left.
|
|t:|1786166054
|switch|p1a: Lycanroc|Lycanroc-Dusk, L50, F|100/100
|switch|p2a: i sing u die|Primarina, L50, M|100/100
|move|p1b: Incineroar|Parting Shot|p2a: i sing u die
|-unboost|p2a: i sing u die|atk|1
|-unboost|p2a: i sing u die|spa|1
|
|t:|1786166076
|switch|p1b: Sinistcha|Sinistcha, L50|100/100|[from] Parting Shot
|move|p2b: Keys to ur heart|Dazzling Gleam|p1b: Sinistcha|[spread] p1a,p1b
|-damage|p1a: Lycanroc|69/100
|-damage|p1b: Sinistcha|83/100
|
|upkeep
|turn|3
|
|t:|1786166094
|move|p1a: Lycanroc|Protect|p1a: Lycanroc
|-singleturn|p1a: Lycanroc|Protect
|move|p2b: Keys to ur heart|Light Screen|p2b: Keys to ur heart
|-sidestart|p2: Potatomonstr|move: Light Screen
|move|p2a: i sing u die|Hyper Voice|p1b: Sinistcha|[spread] p1b
|-activate|p1a: Lycanroc|move: Protect
|-resisted|p1b: Sinistcha|1
|-damage|p1b: Sinistcha|66/100
|-damage|p2a: i sing u die|90/100|[from] item: Life Orb
|move|p1b: Sinistcha|Trick Room|p1b: Sinistcha
|-fieldend|move: Trick Room
|
|upkeep
|turn|4
|inactive|andorite2 has 30 seconds left.
|inactive|andorite2 has 20 seconds left.
|
|t:|1786166132
|switch|p1a: Incineroar|Incineroar, L50, M|100/100
|-ability|p1a: Incineroar|Intimidate|boost
|-unboost|p2a: i sing u die|atk|1
|-unboost|p2b: Keys to ur heart|atk|1
|move|p2b: Keys to ur heart|Sandstorm|p2b: Keys to ur heart
|-weather|Sandstorm
|move|p1b: Sinistcha|Matcha Gotcha|p2a: i sing u die|[spread] p2a,p2b
|-supereffective|p2a: i sing u die|1
|-resisted|p2b: Keys to ur heart|1
|-damage|p2a: i sing u die|60/100
|-heal|p1b: Sinistcha|81/100|[from] drain|[of] p2a: i sing u die
|-damage|p2b: Keys to ur heart|45/100
|-heal|p1b: Sinistcha|85/100|[from] drain|[of] p2b: Keys to ur heart
|move|p2a: i sing u die|Hyper Voice|p1a: Incineroar|[spread] p1a,p1b
|-supereffective|p1a: Incineroar|1
|-resisted|p1b: Sinistcha|1
|-damage|p1a: Incineroar|38/100
|-damage|p1b: Sinistcha|68/100
|-enditem|p1a: Incineroar|Sitrus Berry|[eat]
|-heal|p1a: Incineroar|62/100|[from] item: Sitrus Berry
|-damage|p2a: i sing u die|51/100|[from] item: Life Orb
|
|-weather|Sandstorm|[upkeep]
|-damage|p1b: Sinistcha|62/100|[from] Sandstorm
|-damage|p1a: Incineroar|56/100|[from] Sandstorm
|-damage|p2a: i sing u die|45/100|[from] Sandstorm
|upkeep
|turn|5
|inactive|andorite2 has 30 seconds left.
|inactive|Potatomonstr has 30 seconds left.
|inactive|andorite2 has 20 seconds left.
|inactive|andorite2 has 15 seconds left.
|inactive|andorite2 has 10 seconds left.
|inactive|andorite2 has 5 seconds left.
|
|t:|1786166183
|switch|p2b: go to sleep|Vivillon, L50, F|80/100
|move|p2a: i sing u die|Protect|p2a: i sing u die
|-singleturn|p2a: i sing u die|Protect
|move|p1b: Sinistcha|Matcha Gotcha|p2a: i sing u die|[spread] p2b
|-activate|p2a: i sing u die|move: Protect
|-resisted|p2b: go to sleep|2
|-damage|p2b: go to sleep|71/100
|-heal|p1b: Sinistcha|66/100|[from] drain|[of] p2b: go to sleep
|move|p1a: Incineroar|Parting Shot|p2a: i sing u die
|-activate|p2a: i sing u die|move: Protect
|
|-weather|Sandstorm|[upkeep]
|-damage|p2b: go to sleep|66/100|[from] Sandstorm
|-damage|p1b: Sinistcha|60/100|[from] Sandstorm
|-damage|p1a: Incineroar|50/100g|[from] Sandstorm
|-damage|p2a: i sing u die|39/100|[from] Sandstorm
|upkeep
|turn|6
|inactive|andorite2 has 30 seconds left.
|inactive|andorite2 has 20 seconds left.
|inactive|andorite2 has 15 seconds left.
|
|t:|1786166226
|move|p1b: Sinistcha|Rage Powder|p1b: Sinistcha
|-singleturn|p1b: Sinistcha|move: Rage Powder
|move|p2b: go to sleep|Hurricane|p1b: Sinistcha
|-supereffective|p1b: Sinistcha|1
|-damage|p1b: Sinistcha|0 fnt
|faint|p1b: Sinistcha
|move|p1a: Incineroar|Flare Blitz|p2b: go to sleep
|-supereffective|p2b: go to sleep|1
|-damage|p2b: go to sleep|0 fnt
|faint|p2b: go to sleep
|-damage|p1a: Incineroar|34/100|[from] Recoil
|move|p2a: i sing u die|Hyper Voice|p1a: Incineroar
|-supereffective|p1a: Incineroar|1
|-damage|p1a: Incineroar|0 fnt
|faint|p1a: Incineroar
|-damage|p2a: i sing u die|29/100|[from] item: Life Orb
|
|-weather|Sandstorm|[upkeep]
|-damage|p2a: i sing u die|23/100|[from] Sandstorm
|upkeep
|
|t:|1786166241
|switch|p2b: Keys to ur heart|Klefki, L50, F|45/100
|switch|p1b: Dragonite|Dragonite, L50, M|100/100
|switch|p1a: Lycanroc|Lycanroc-Dusk, L50, F|69/100
|turn|7
|
|t:|1786166265
|move|p2a: i sing u die|Protect|p2a: i sing u die
|-singleturn|p2a: i sing u die|Protect
|move|p1a: Lycanroc|Accelerock|p2a: i sing u die
|-activate|p2a: i sing u die|move: Protect
|move|p1b: Dragonite|Dragon Dance|p1b: Dragonite
|-boost|p1b: Dragonite|atk|1
|-boost|p1b: Dragonite|spe|1
|move|p2b: Keys to ur heart|Trick Room|p2b: Keys to ur heart
|-fieldstart|move: Trick Room|[of] p2b: Keys to ur heart
|
|-weather|Sandstorm|[upkeep]
|-damage|p2a: i sing u die|17/100|[from] Sandstorm
|-damage|p1b: Dragonite|94/100|[from] Sandstorm
|-sideend|p2: Potatomonstr|move: Light Screen
|upkeep
|turn|8
|
|t:|1786166282
|move|p1a: Lycanroc|Protect|p1a: Lycanroc
|-singleturn|p1a: Lycanroc|Protect
|move|p1b: Dragonite|Protect|p1b: Dragonite
|-singleturn|p1b: Dragonite|Protect
|move|p2a: i sing u die|Hyper Voice|p1b: Dragonite|[spread] 
|-activate|p1a: Lycanroc|move: Protect
|-activate|p1b: Dragonite|move: Protect
|move|p2b: Keys to ur heart|Dazzling Gleam|p1b: Dragonite|[spread] 
|-activate|p1a: Lycanroc|move: Protect
|-activate|p1b: Dragonite|move: Protect
|
|-weather|none
|upkeep
|turn|9
|
|t:|1786166298
|detailschange|p1b: Dragonite|Dragonite-Mega, L50, M
|-mega|p1b: Dragonite|Dragonite|Dragoninite
|move|p1a: Lycanroc|Accelerock|p2a: i sing u die
|-damage|p2a: i sing u die|0 fnt
|faint|p2a: i sing u die
|move|p2b: Keys to ur heart|Dazzling Gleam|p1b: Dragonite|[spread] p1a,p1b
|-supereffective|p1b: Dragonite|1
|-damage|p1a: Lycanroc|42/100
|-damage|p1b: Dragonite|65/100
|move|p1b: Dragonite|Iron Head|p2b: Keys to ur heart
|-damage|p2b: Keys to ur heart|9/100
|
|upkeep
|
|t:|1786166301
|switch|p2a: really strong worm|Steelix, L50, M, shiny|100/100
|turn|10
|c| BambooCyclone|HUGE
|c| BambooCyclone|BIG MEGA
|inactive|Potatomonstr has 30 seconds left.
|
|t:|1786166327
|detailschange|p2a: really strong worm|Steelix-Mega, L50, M, shiny
|-mega|p2a: really strong worm|Steelix|Steelixite
|move|p2b: Keys to ur heart|Sandstorm|p2b: Keys to ur heart
|-weather|Sandstorm
|move|p1a: Lycanroc|Accelerock|p2b: Keys to ur heart
|-resisted|p2b: Keys to ur heart|1
|-damage|p2b: Keys to ur heart|0 fnt
|faint|p2b: Keys to ur heart
|move|p2a: really strong worm|High Horsepower|p1a: Lycanroc
|-supereffective|p1a: Lycanroc|1
|-damage|p1a: Lycanroc|0 fnt
|faint|p1a: Lycanroc
|move|p1b: Dragonite|Superpower|p2a: really strong worm
|-supereffective|p2a: really strong worm|1
|-damage|p2a: really strong worm|35/100
|-unboost|p1b: Dragonite|atk|1
|-unboost|p1b: Dragonite|def|1
|
|-weather|Sandstorm|[upkeep]
|-damage|p1b: Dragonite|59/100|[from] Sandstorm
|upkeep
|turn|11
|
|t:|1786166335
|move|p1b: Dragonite|Protect|p1b: Dragonite
|-singleturn|p1b: Dragonite|Protect
|move|p2a: really strong worm|Heavy Slam|p1b: Dragonite
|-activate|p1b: Dragonite|move: Protect
|
|-weather|Sandstorm|[upkeep]
|-damage|p1b: Dragonite|53/100|[from] Sandstorm
|-fieldend|move: Trick Room
|upkeep
|turn|12
|
|t:|1786166338
|move|p1b: Dragonite|Superpower|p2a: really strong worm
|-supereffective|p2a: really strong worm|1
|-damage|p2a: really strong worm|0 fnt
|-unboost|p1b: Dragonite|atk|1
|-unboost|p1b: Dragonite|def|1
|faint|p2a: really strong worm
|
|win|andorite2
||andorite2 is ready for game 2.
||Potatomonstr is ready for game 2.
|uhtml|next|Next: Game 2 of 3
