|j|☆EnigmaEUW
|j|☆robodaat
|html|EnigmaEUWrobodaat    
|uhtml|bestof|Game 2 of a best-of-3
|t:|1757715300
|gametype|doubles
|player|p1|EnigmaEUW|ingo|1117
|player|p2|robodaat|1|1053
|gen|9
|tier|[Gen 9] VGC 2025 Reg H (Bo3)
|rated|
|rule|Species Clause: Limit one of each Pokémon
|rule|Item Clause: Limit 1 of each item
|clearpoke
|poke|p1|Pelipper, L50, M|
|poke|p1|Archaludon, L50, F|
|poke|p1|Incineroar, L50, F|
|poke|p1|Hydreigon, L50, F|
|poke|p1|Ursaluna, L50, M|
|poke|p1|Amoonguss, L50, F|
|poke|p2|Archaludon, L50, M|
|poke|p2|Pelipper, L50, M|
|poke|p2|Basculegion, L50, M|
|poke|p2|Rillaboom, L50, M|
|poke|p2|Chandelure, L50, M|
|poke|p2|Sinistcha, L50|
|teampreview|4
|showteam|p1|Pelipper||CovertCloak|Drizzle|WeatherBall,Hurricane,Tailwind,Protect|||M|||50|,,,,,Grass]Archaludon||AssaultVest|Stamina|ElectroShot,BodyPress,DracoMeteor,FlashCannon|||F|||50|,,,,,Bug]Incineroar||RockyHelmet|Intimidate|FlareBlitz,KnockOff,FakeOut,PartingShot|||F|||50|,,,,,Grass]Hydreigon||SafetyGoggles|Levitate|Snarl,DracoMeteor,Tailwind,Protect|||F|||50|,,,,,Poison]Ursaluna||FlameOrb|Guts|Facade,Earthquake,HeadlongRush,Protect|||M|||50|,,,,,Ghost]Amoonguss||SitrusBerry|Regenerator|Spore,RagePowder,PollenPuff,Protect|||F|||50|,,,,,Water
|showteam|p2|Archaludon||PowerHerb|Stamina|ElectroShot,FlashCannon,BodyPress,Protect|||M|||50|,,,,,Grass]Pelipper||FocusSash|Drizzle|Hurricane,WeatherBall,Tailwind,WideGuard|||M|||50|,,,,,Flying]Basculegion||LifeOrb|SwiftSwim|LastRespects,WaveCrash,Protect,PsychicFangs|||M|||50|,,,,,Ghost]Rillaboom||AssaultVest|GrassySurge|GrassyGlide,FakeOut,WoodHammer,HighHorsepower|||M|||50|,,,,,Ground]Chandelure||Leftovers|FlashFire|HeatWave,ShadowBall,Protect,DarkPulse|||M|||50|,,,,,Water]Sinistcha||SitrusBerry|Hospitality|MatchaGotcha,RagePowder,LifeDew,ShadowBall||||||50|,,,,,Fairy
|inactive|Battle timer is ON: inactive players will automatically lose when time's up. (requested by EnigmaEUW)
|
|t:|1757715320
|teamsize|p1|4
|teamsize|p2|4
|start
|switch|p1a: Amoonguss|Amoonguss, L50, F|100/100
|switch|p1b: Incineroar|Incineroar, L50, F|100/100
|switch|p2a: Chandelure|Chandelure, L50, M|100/100
|switch|p2b: Rillaboom|Rillaboom, L50, M|100/100
|-fieldstart|move: Grassy Terrain|[from] ability: Grassy Surge|[of] p2b: Rillaboom
|-ability|p1b: Incineroar|Intimidate|boost
|-unboost|p2a: Chandelure|atk|1
|-unboost|p2b: Rillaboom|atk|1
|turn|1
|
|t:|1757715341
|switch|p1b: Hydreigon|Hydreigon, L50, F|100/100
|move|p1a: Amoonguss|Protect|p1a: Amoonguss
|-singleturn|p1a: Amoonguss|Protect
|move|p2b: Rillaboom|Fake Out|p1a: Amoonguss
|-activate|p1a: Amoonguss|move: Protect
|move|p2a: Chandelure|Heat Wave|p1b: Hydreigon|[spread] p1b
|-activate|p1a: Amoonguss|move: Protect
|-resisted|p1b: Hydreigon
|-damage|p1b: Hydreigon|78/100
|-status|p1b: Hydreigon|brn
|
|-damage|p1b: Hydreigon|72/100 brn|[from] brn
|upkeep
|turn|2
|inactive|robodaat has 30 seconds left.
|inactive|EnigmaEUW has 30 seconds left.
|inactive|robodaat has 20 seconds left.
|
|t:|1757715379
|switch|p2b: Archaludon|Archaludon, L50, M|100/100
|switch|p1a: Incineroar|Incineroar, L50, F|100/100
|-ability|p1a: Incineroar|Intimidate|boost
|-unboost|p2a: Chandelure|atk|1
|-unboost|p2b: Archaludon|atk|1
|move|p1b: Hydreigon|Snarl|p2a: Chandelure|[spread] p2a,p2b
|-supereffective|p2a: Chandelure
|-damage|p2a: Chandelure|57/100
|-damage|p2b: Archaludon|69/100
|-unboost|p2a: Chandelure|spa|1
|-unboost|p2b: Archaludon|spa|1
|-ability|p2b: Archaludon|Stamina|boost
|-boost|p2b: Archaludon|def|1
|move|p2a: Chandelure|Heat Wave|p1b: Hydreigon|[spread] p1a,p1b
|-resisted|p1a: Incineroar
|-resisted|p1b: Hydreigon
|-damage|p1a: Incineroar|91/100
|-damage|p1b: Hydreigon|59/100 brn
|
|-heal|p2b: Archaludon|75/100|[from] Grassy Terrain
|-heal|p2a: Chandelure|62/100|[from] Grassy Terrain
|-heal|p2a: Chandelure|68/100|[from] item: Leftovers
|-heal|p1a: Incineroar|97/100|[from] Grassy Terrain
|-damage|p1b: Hydreigon|52/100 brn|[from] brn
|upkeep
|turn|3
|inactive|robodaat has 30 seconds left.
|
|t:|1757715405
|switch|p2a: Sinistcha|Sinistcha, L50|100/100
|-heal|p2b: Archaludon|99/100|[from] ability: Hospitality|[of] p2a: Sinistcha
|move|p2b: Archaludon|Protect|p2b: Archaludon
|-singleturn|p2b: Archaludon|Protect
|move|p1b: Hydreigon|Snarl|p2b: Archaludon|[spread] p2a
|-activate|p2b: Archaludon|move: Protect
|-supereffective|p2a: Sinistcha
|-damage|p2a: Sinistcha|60/100
|-unboost|p2a: Sinistcha|spa|1
|move|p1a: Incineroar|Knock Off|p2a: Sinistcha
|-supereffective|p2a: Sinistcha
|-damage|p2a: Sinistcha|0 fnt
|-enditem|p2a: Sinistcha|Sitrus Berry|[from] move: Knock Off|[of] p1a: Incineroar
|faint|p2a: Sinistcha
|
|-heal|p2b: Archaludon|100/100|[from] Grassy Terrain
|-heal|p1a: Incineroar|100/100|[from] Grassy Terrain
|-damage|p1b: Hydreigon|46/100 brn|[from] brn
|upkeep
|c|☆robodaat|great call
|
|t:|1757715425
|switch|p2a: Rillaboom|Rillaboom, L50, M|100/100
|turn|4
|c|☆EnigmaEUW|thats not even a call
|
|t:|1757715443
|move|p1b: Hydreigon|Protect|p1b: Hydreigon
|-singleturn|p1b: Hydreigon|Protect
|move|p2a: Rillaboom|Fake Out|p1b: Hydreigon
|-activate|p1b: Hydreigon|move: Protect
|move|p2b: Archaludon|Body Press|p1a: Incineroar
|-supereffective|p1a: Incineroar
|-damage|p1a: Incineroar|28/100
|-damage|p2b: Archaludon|84/100|[from] item: Rocky Helmet|[of] p1a: Incineroar
|move|p1a: Incineroar|Knock Off|p2b: Archaludon
|-damage|p2b: Archaludon|63/100
|-ability|p2b: Archaludon|Stamina|boost
|-boost|p2b: Archaludon|def|1
|-enditem|p2b: Archaludon|Power Herb|[from] move: Knock Off|[of] p1a: Incineroar
|
|-heal|p2b: Archaludon|69/100|[from] Grassy Terrain
|-heal|p1a: Incineroar|34/100|[from] Grassy Terrain
|-damage|p1b: Hydreigon|40/100 brn|[from] brn
|upkeep
|turn|5
|inactive|EnigmaEUW has 30 seconds left.
|inactive|robodaat has 30 seconds left.
|
|t:|1757715469
|move|p1b: Hydreigon|Snarl|p2a: Rillaboom|[spread] p2a,p2b
|-damage|p2a: Rillaboom|87/100
|-damage|p2b: Archaludon|35/100
|-unboost|p2a: Rillaboom|spa|1
|-unboost|p2b: Archaludon|spa|1
|-ability|p2b: Archaludon|Stamina|boost
|-boost|p2b: Archaludon|def|1
|move|p2b: Archaludon|Flash Cannon|p1b: Hydreigon
|-damage|p1b: Hydreigon|17/100 brn
|move|p2a: Rillaboom|High Horsepower|p1a: Incineroar
|-supereffective|p1a: Incineroar
|-damage|p1a: Incineroar|0 fnt
|-damage|p2a: Rillaboom|71/100|[from] item: Rocky Helmet|[of] p1a: Incineroar
|faint|p1a: Incineroar
|
|-heal|p2b: Archaludon|41/100|[from] Grassy Terrain
|-heal|p2a: Rillaboom|76/100|[from] Grassy Terrain
|-damage|p1b: Hydreigon|11/100 brn|[from] brn
|-fieldend|move: Grassy Terrain
|upkeep
|
|t:|1757715486
|switch|p1a: Archaludon|Archaludon, L50, F|100/100
|turn|6
|inactive|EnigmaEUW has 30 seconds left.
|inactive|EnigmaEUW has 20 seconds left.
|inactive|EnigmaEUW has 15 seconds left.
|
|t:|1757715527
|-terastallize|p2b: Archaludon|Grass
|-terastallize|p1a: Archaludon|Bug
|move|p1b: Hydreigon|Draco Meteor|p2b: Archaludon
|-damage|p2b: Archaludon|0 fnt
|-unboost|p1b: Hydreigon|spa|2
|faint|p2b: Archaludon
|move|p2a: Rillaboom|Wood Hammer|p1b: Hydreigon
|-resisted|p1b: Hydreigon
|-damage|p1b: Hydreigon|0 fnt
|faint|p1b: Hydreigon
|-damage|p2a: Rillaboom|73/100|[from] Recoil
|move|p1a: Archaludon|Draco Meteor|p2a: Rillaboom
|-damage|p2a: Rillaboom|35/100
|-unboost|p1a: Archaludon|spa|2
|
|upkeep
|
|t:|1757715542
|switch|p1b: Amoonguss|Amoonguss, L50, F|100/100
|switch|p2b: Chandelure|Chandelure, L50, M|68/100
|turn|7
|
|t:|1757715552
|move|p1b: Amoonguss|Protect|p1b: Amoonguss
|-singleturn|p1b: Amoonguss|Protect
|move|p2b: Chandelure|Heat Wave|p1b: Amoonguss|[spread] 
|-activate|p1b: Amoonguss|move: Protect
|-miss|p2b: Chandelure|p1a: Archaludon
|move|p2a: Rillaboom|High Horsepower|p1a: Archaludon
|-resisted|p1a: Archaludon
|-damage|p1a: Archaludon|91/100
|-ability|p1a: Archaludon|Stamina|boost
|-boost|p1a: Archaludon|def|1
|move|p1a: Archaludon|Draco Meteor|p2b: Chandelure
|-damage|p2b: Chandelure|31/100
|-unboost|p1a: Archaludon|spa|2
|
|-heal|p2b: Chandelure|37/100|[from] item: Leftovers
|upkeep
|turn|8
|inactive|EnigmaEUW has 30 seconds left.
|
|t:|1757715580
|move|p2b: Chandelure|Heat Wave|p1a: Archaludon|[spread] p1a
|-miss|p2b: Chandelure|p1b: Amoonguss
|-supereffective|p1a: Archaludon
|-damage|p1a: Archaludon|38/100
|-ability|p1a: Archaludon|Stamina|boost
|-boost|p1a: Archaludon|def|1
|move|p2a: Rillaboom|High Horsepower|p1a: Archaludon
|-resisted|p1a: Archaludon
|-damage|p1a: Archaludon|33/100
|-ability|p1a: Archaludon|Stamina|boost
|-boost|p1a: Archaludon|def|1
|move|p1a: Archaludon|Body Press|p2a: Rillaboom
|-damage|p2a: Rillaboom|0 fnt
|faint|p2a: Rillaboom
|move|p1b: Amoonguss|Spore|p2b: Chandelure
|-status|p2b: Chandelure|slp|[from] move: Spore
|
|-heal|p2b: Chandelure|43/100 slp|[from] item: Leftovers
|upkeep
|turn|9
|-message|robodaat forfeited.
|
|win|EnigmaEUW
|raw|EnigmaEUW's rating: 1117 → 1137(+20 for winning)
|raw|robodaat's rating: 1053 → 1038(-15 for losing)
|l|☆robodaat
|player|p2|
