|j|☆Jompinhans
|j|☆spl1702013
|html|Jompinhansspl1702013    
|uhtml|bestof|Game 1 of a best-of-3
|t:|1757908987
|gametype|doubles
|player|p1|Jompinhans|265|1066
|player|p2|spl1702013|gambler|1096
|gen|9
|tier|[Gen 9] VGC 2025 Reg H (Bo3)
|rated|
|rule|Species Clause: Limit one of each Pokémon
|rule|Item Clause: Limit 1 of each item
|clearpoke
|poke|p1|Tyranitar, L50, F|
|poke|p1|Archaludon, L50, F|
|poke|p1|Garchomp, L50, F|
|poke|p1|Talonflame, L50, M|
|poke|p1|Sinistcha, L50|
|poke|p1|Indeedee, L50, M|
|poke|p2|Dragonite, L50, M|
|poke|p2|Ursaluna-Bloodmoon, L50, M|
|poke|p2|Indeedee, L50, M|
|poke|p2|Whimsicott, L50, F|
|poke|p2|Gholdengo, L50|
|poke|p2|Incineroar, L50, F|
|teampreview|4
|showteam|p1|Tyranitar||AssaultVest|SandStream|KnockOff,RockSlide,TeraBlast,LowKick|||F|||50|,,,,,Flying]Archaludon||PowerHerb|Stamina|BodyPress,DracoMeteor,Protect,ElectroShot|||F|||50|,,,,,Grass]Garchomp||ClearAmulet|SandVeil|SwordsDance,Earthquake,DragonClaw,Protect|||F|||50|,,,,,Fairy]Talonflame||CovertCloak|GaleWings|Tailwind,WillOWisp,DualWingbeat,Taunt|||M|||50|,,,,,Grass]Sinistcha||Leftovers|Hospitality|MatchaGotcha,ShadowBall,Protect,NastyPlot||||||50|,,,,,Water]Indeedee||LifeOrb|PsychicSurge|ExpandingForce,Protect,TeraBlast,TrickRoom|||M|||50|,,,,,Fairy
|showteam|p2|Dragonite||LoadedDice|Multiscale|ScaleShot,ExtremeSpeed,Protect,Haze|||M|||50|,,,,,Fairy]Ursaluna-Bloodmoon||AssaultVest|MindsEye|BloodMoon,HyperVoice,EarthPower,VacuumWave|||M|||50|,,,,,Water]Indeedee||SafetyGoggles|PsychicSurge|Imprison,TrickRoom,ExpandingForce,Protect|||M|||50|,,,,,Water]Whimsicott||CovertCloak|Prankster|SunnyDay,Tailwind,Moonblast,LightScreen|||F|||50|,,,,,Poison]Gholdengo||ChoiceSpecs|GoodasGold|MakeItRain,ShadowBall,PowerGem,SteelBeam||||||50|,,,,,Water]Incineroar||MirrorHerb|Intimidate|FakeOut,PartingShot,KnockOff,FlareBlitz|||F|||50|,,,,,Ghost
|inactive|Battle timer is ON: inactive players will automatically lose when time's up. (requested by spl1702013)
|c|☆spl1702013|gl hf
|inactive|Jompinhans has 60 seconds left.
|inactive|spl1702013 has 60 seconds left.
|
|t:|1757909032
|teamsize|p1|4
|teamsize|p2|4
|start
|switch|p1a: Talonflame|Talonflame, L50, M|100/100
|switch|p1b: Archaludon|Archaludon, L50, F|100/100
|switch|p2a: Whimsicott|Whimsicott, L50, F|100/100
|switch|p2b: Indeedee|Indeedee, L50, M|100/100
|-fieldstart|move: Psychic Terrain|[from] ability: Psychic Surge|[of] p2b: Indeedee
|turn|1
|inactive|Jompinhans has 30 seconds left.
|
|t:|1757909060
|-terastallize|p2a: Whimsicott|Poison
|move|p2a: Whimsicott|Tailwind|p2a: Whimsicott
|-sidestart|p2: spl1702013|move: Tailwind
|move|p2b: Indeedee|Expanding Force|p1a: Talonflame|[spread] p1a,p1b
|-resisted|p1b: Archaludon
|-damage|p1a: Talonflame|27/100
|-damage|p1b: Archaludon|65/100
|-ability|p1b: Archaludon|Stamina|boost
|-boost|p1b: Archaludon|def|1
|move|p1a: Talonflame|Taunt|p2a: Whimsicott
|-start|p2a: Whimsicott|move: Taunt
|move|p1b: Archaludon|Electro Shot||[still]
|-prepare|p1b: Archaludon|Electro Shot
|-boost|p1b: Archaludon|spa|1
|-enditem|p1b: Archaludon|Power Herb
|-anim|p1b: Archaludon|Electro Shot|p2b: Indeedee
|-damage|p2b: Indeedee|0 fnt
|faint|p2b: Indeedee
|
|upkeep
|
|t:|1757909067
|switch|p2b: Incineroar|Incineroar, L50, F|100/100
|-ability|p2b: Incineroar|Intimidate|boost
|-unboost|p1a: Talonflame|atk|1
|-unboost|p1b: Archaludon|atk|1
|turn|2
|inactive|Jompinhans has 30 seconds left.
|
|t:|1757909094
|move|p2a: Whimsicott|Moonblast|p1a: Talonflame
|-resisted|p1a: Talonflame
|-damage|p1a: Talonflame|10/100
|move|p2b: Incineroar|Flare Blitz|p1b: Archaludon
|-damage|p1b: Archaludon|36/100
|-ability|p1b: Archaludon|Stamina|boost
|-boost|p1b: Archaludon|def|1
|-damage|p2b: Incineroar|92/100|[from] Recoil
|-enditem|p2b: Incineroar|Mirror Herb
|-boost|p2b: Incineroar|def|1|[from] item: Mirror Herb
|move|p1a: Talonflame|Tailwind|p1a: Talonflame
|-sidestart|p1: Jompinhans|move: Tailwind
|move|p1b: Archaludon|Body Press|p2b: Incineroar
|-supereffective|p2b: Incineroar
|-damage|p2b: Incineroar|35/100
|
|upkeep
|turn|3
|inactive|spl1702013 has 30 seconds left.
|inactive|spl1702013 has 20 seconds left.
|inactive|spl1702013 has 15 seconds left.
|
|t:|1757909138
|move|p1b: Archaludon|Protect|p1b: Archaludon
|-singleturn|p1b: Archaludon|Protect
|move|p1a: Talonflame|Dual Wingbeat|p2a: Whimsicott
|-damage|p2a: Whimsicott|89/100
|-crit|p2a: Whimsicott
|-damage|p2a: Whimsicott|62/100
|-hitcount|p2a: Whimsicott|2
|move|p2a: Whimsicott|Moonblast|p1a: Talonflame
|-resisted|p1a: Talonflame
|-damage|p1a: Talonflame|0 fnt
|faint|p1a: Talonflame
|move|p2b: Incineroar|Flare Blitz|p1b: Archaludon
|-activate|p1b: Archaludon|move: Protect
|
|upkeep
|
|t:|1757909156
|switch|p1a: Tyranitar|Tyranitar, L50, F|100/100
|-weather|Sandstorm|[from] ability: Sand Stream|[of] p1a: Tyranitar
|turn|4
|
|t:|1757909173
|move|p2a: Whimsicott|Moonblast|p1a: Tyranitar
|-supereffective|p1a: Tyranitar
|-damage|p1a: Tyranitar|81/100
|move|p1b: Archaludon|Body Press|p2b: Incineroar
|-supereffective|p2b: Incineroar
|-damage|p2b: Incineroar|0 fnt
|faint|p2b: Incineroar
|move|p1a: Tyranitar|Rock Slide|p2a: Whimsicott
|-damage|p2a: Whimsicott|12/100
|
|-weather|Sandstorm|[upkeep]
|-damage|p2a: Whimsicott|7/100|[from] Sandstorm
|-end|p2a: Whimsicott|move: Taunt
|-sideend|p2: spl1702013|move: Tailwind
|upkeep
|
|t:|1757909179
|switch|p2b: Gholdengo|Gholdengo, L50|100/100
|turn|5
|
|t:|1757909198
|move|p1b: Archaludon|Body Press|p2a: Whimsicott
|-resisted|p2a: Whimsicott
|-damage|p2a: Whimsicott|0 fnt
|faint|p2a: Whimsicott
|move|p1a: Tyranitar|Knock Off|p2b: Gholdengo
|-supereffective|p2b: Gholdengo
|-damage|p2b: Gholdengo|0 fnt
|-enditem|p2b: Gholdengo|Choice Specs|[from] move: Knock Off|[of] p1a: Tyranitar
|faint|p2b: Gholdengo
|
|win|Jompinhans
||spl1702013 is ready for game 2.
|l|☆spl1702013
|player|p2|
|inactive|Jompinhans has 30 seconds to confirm battle start!
||Jompinhans is ready for game 2.
|uhtml|next|Next: Game 2 of 3
