|j|☆dookyinmycookie
|j|☆P3pp0uz
|html|dookyinmycookieP3pp0uz    
|uhtml|bestof|Game 1 of a best-of-3
|t:|1783008108
|gametype|doubles
|player|p1|dookyinmycookie|skyla|1089
|player|p2|P3pp0uz|266|1025
|gen|9
|tier|[Gen 9 Champions] VGC 2026 Reg M-B (Bo3)
|rated|
|rule|Species Clause: Limit one of each Pokémon
|rule|Item Clause: Limit 1 of each item
|clearpoke
|poke|p1|Blastoise, L50, M, shiny|
|poke|p1|Sinistcha-Masterpiece, L50, shiny|
|poke|p1|Aerodactyl, L50, M, shiny|
|poke|p1|Sableye, L50, F, shiny|
|poke|p1|Araquanid, L50, F, shiny|
|poke|p1|Basculegion, L50, M, shiny|
|poke|p2|Gholdengo, L50|
|poke|p2|Whimsicott, L50, F|
|poke|p2|Garchomp, L50, F|
|poke|p2|Charizard, L50, M|
|poke|p2|Basculegion, L50, M|
|poke|p2|Sneasler, L50, F|
|teampreview|4
|showteam|p1|Blastoise||Blastoisinite|Torrent|FakeOut,WaterSpout,DarkPulse,AuraSphere|Modest||M|||50|]Sinistcha-Masterpiece||Leftovers|Hospitality|RagePowder,TrickRoom,MatchaGotcha,Protect|Modest|||||50|]Aerodactyl||FocusSash|Unnerve|Tailwind,RockSlide,Crunch,Protect|Jolly||M|||50|]Sableye||RoseliBerry|Prankster|FakeOut,Quash,RainDance,LightScreen|Careful||F|||50|]Araquanid||SitrusBerry|WaterBubble|Liquidation,LeechLife,WideGuard,Protect|Brave||F|||50|]Basculegion||LifeOrb|Adaptability|WaveCrash,LastRespects,FlipTurn,Protect|Brave||M|||50|
|showteam|p2|Gholdengo||MetalCoat|GoodasGold|ShadowBall,MakeItRain,NastyPlot,Protect|Modest|||||50|]Whimsicott||FocusSash|Prankster|Moonblast,Tailwind,Encore,Protect|Timid||F|||50|]Garchomp||LifeOrb|SandVeil|DragonClaw,StompingTantrum,Earthquake,Protect|Jolly||F|||50|]Charizard||CharizarditeY|Blaze|WeatherBall,HeatWave,SolarBeam,Protect|Modest||M|||50|]Basculegion||MysticWater|Adaptability|WaveCrash,LastRespects,AquaJet,Protect|Adamant||M|||50|]Sneasler||WhiteHerb|Unburden|DireClaw,FakeOut,CloseCombat,Protect|Jolly||F|||50|
|inactive|Battle timer is ON: inactive players will automatically lose when time's up. (requested by dookyinmycookie)
|
|t:|1783008158
|teamsize|p1|4
|teamsize|p2|4
|start
|switch|p1a: Araquanid|Araquanid, L50, F, shiny|100/100
|switch|p1b: Sableye|Sableye, L50, F, shiny|100/100
|switch|p2a: Whimsicott|Whimsicott, L50, F|100/100
|switch|p2b: Basculegion|Basculegion, L50, M|100/100
|turn|1
|inactive|dookyinmycookie has 30 seconds left.
|inactive|dookyinmycookie has 20 seconds left.
|inactive|dookyinmycookie has 15 seconds left.
|inactive|dookyinmycookie has 10 seconds left.
|
|t:|1783008206
|move|p1b: Sableye|Fake Out|p2a: Whimsicott
|-damage|p2a: Whimsicott|89/100
|cant|p2a: Whimsicott|flinch
|move|p2b: Basculegion|Last Respects|p1b: Sableye
|-damage|p1b: Sableye|50/100y
|move|p1a: Araquanid|Liquidation|p2b: Basculegion
|-resisted|p2b: Basculegion|1
|-damage|p2b: Basculegion|61/100
|-unboost|p2b: Basculegion|def|1
|
|upkeep
|turn|2
|inactive|dookyinmycookie has 30 seconds left.
|inactive|P3pp0uz has 30 seconds left.
|
|t:|1783008236
|move|p2a: Whimsicott|Tailwind|p2a: Whimsicott
|-sidestart|p2: P3pp0uz|move: Tailwind
|move|p1b: Sableye|Quash|p2b: Basculegion
|-activate|p2b: Basculegion|move: Quash
|move|p1a: Araquanid|Liquidation|p2b: Basculegion
|-resisted|p2b: Basculegion|1
|-damage|p2b: Basculegion|2/100
|move|p2b: Basculegion|Last Respects|p1a: Araquanid
|-damage|p1a: Araquanid|58/100
|
|upkeep
|turn|3
|
|t:|1783008255
|switch|p2b: Sneasler|Sneasler, L50, F|100/100
|move|p1b: Sableye|Light Screen|p1b: Sableye
|-sidestart|p1: dookyinmycookie|move: Light Screen
|move|p2a: Whimsicott|Moonblast|p1b: Sableye
|-supereffective|p1b: Sableye|1
|-enditem|p1b: Sableye|Roseli Berry|[eat]
|-enditem|p1b: Sableye|Roseli Berry|[weaken]
|-damage|p1b: Sableye|22/100
|move|p1a: Araquanid|Leech Life|p2a: Whimsicott
|-damage|p2a: Whimsicott|40/100
|-heal|p1a: Araquanid|77/100|[from] drain|[of] p2a: Whimsicott
|
|upkeep
|turn|4
|
|t:|1783008276
|move|p1b: Sableye|Quash|p2b: Sneasler
|-activate|p2b: Sneasler|move: Quash
|move|p2a: Whimsicott|Moonblast|p1b: Sableye
|-supereffective|p1b: Sableye|1
|-damage|p1b: Sableye|0 fnt
|faint|p1b: Sableye
|move|p1a: Araquanid|Liquidation|p2b: Sneasler
|-damage|p2b: Sneasler|0 fnt
|faint|p2b: Sneasler
|
|upkeep
|
|t:|1783008290
|switch|p2b: Basculegion|Basculegion, L50, M|2/100
|switch|p1b: Sinistcha|Sinistcha-Masterpiece, L50, shiny|100/100
|-heal|p1a: Araquanid|100/100|[from] ability: Hospitality|[of] p1b: Sinistcha
|turn|5
|
|t:|1783008299
|move|p2a: Whimsicott|Moonblast|p1a: Araquanid
|-damage|p1a: Araquanid|81/100
|move|p2b: Basculegion|Last Respects|p1b: Sinistcha
|-supereffective|p1b: Sinistcha|1
|-damage|p1b: Sinistcha|0 fnt
|faint|p1b: Sinistcha
|move|p1a: Araquanid|Leech Life|p2a: Whimsicott
|-damage|p2a: Whimsicott|0 fnt
|-heal|p1a: Araquanid|97/100|[from] drain|[of] p2a: Whimsicott
|faint|p2a: Whimsicott
|
|-sideend|p2: P3pp0uz|move: Tailwind
|upkeep
|
|t:|1783008310
|switch|p2a: Charizard|Charizard, L50, M|100/100
|switch|p1b: Blastoise|Blastoise, L50, M, shiny|100/100
|turn|6
|
|t:|1783008323
|detailschange|p2a: Charizard|Charizard-Mega-Y, L50, M
|-mega|p2a: Charizard|Charizard|Charizardite Y
|-weather|SunnyDay|[from] ability: Drought|[of] p2a: Charizard
|detailschange|p1b: Blastoise|Blastoise-Mega, L50, M, shiny
|-mega|p1b: Blastoise|Blastoise|Blastoisinite
|move|p1b: Blastoise|Fake Out|p2a: Charizard
|-crit|p2a: Charizard
|-damage|p2a: Charizard|86/100
|cant|p2a: Charizard|flinch
|move|p2b: Basculegion|Last Respects|p1a: Araquanid
|-damage|p1a: Araquanid|0 fnt
|faint|p1a: Araquanid
|
|-weather|SunnyDay|[upkeep]
|upkeep
|turn|7
|inactive|dookyinmycookie has 30 seconds left.
|
|t:|1783008349
|move|p2a: Charizard|Solar Beam||[still]
|-prepare|p2a: Charizard|Solar Beam
|-anim|p2a: Charizard|Solar Beam|p1b: Blastoise
|-supereffective|p1b: Blastoise|1
|-damage|p1b: Blastoise|45/100
|move|p2b: Basculegion|Last Respects|p1b: Blastoise
|-damage|p1b: Blastoise|0 fnt
|faint|p1b: Blastoise
|
|win|P3pp0uz
||dookyinmycookie is ready for game 2.
|inactive|P3pp0uz has 30 seconds to confirm battle start!
||P3pp0uz is ready for game 2.
|uhtml|next|Next: Game 2 of 3
|l|☆dookyinmycookie
|player|p1|
