|j|☆Terrymisu
|j|☆Etmikarily
|html|TerrymisuEtmikarily    
|uhtml|bestof|Game 2 of a best-of-3
|t:|1784767927
|gametype|doubles
|player|p1|Terrymisu|wallace|
|player|p2|Etmikarily|drayden|
|gen|9
|tier|[Gen 9 Champions] VGC 2026 Reg M-B (Bo3)
|rule|Species Clause: Limit one of each Pokémon
|rule|Item Clause: Limit 1 of each item
|clearpoke
|poke|p1|Grimmsnarl, L50, M|
|poke|p1|Florges-Blue, L50, F|
|poke|p1|Greninja, L50, M|
|poke|p1|Decidueye, L50, M|
|poke|p1|Aegislash, L50, M|
|poke|p1|Rotom-Wash, L50|
|poke|p2|Simisage, L50, F|
|poke|p2|Azumarill, L50, M|
|poke|p2|Passimian, L50, M|
|poke|p2|Mimikyu, L50, M, shiny|
|poke|p2|Blastoise, L50, F|
|poke|p2|Oranguru, L50, F|
|teampreview|4
|showteam|p1|Grimmsnarl||LightClay|Prankster|Taunt,LightScreen,Reflect,SpiritBreak|Impish||M|||50|]Florges-Blue|||FlowerVeil|Protect,CalmMind,EnergyBall,Moonblast|Relaxed||F|||50|]Greninja||Greninjite|Protean|DarkPulse,Protect,FlipTurn,HydroPump|Modest||M|||50|]Decidueye||FocusSash|Overgrow|LeafBlade,ShadowSneak,SpiritShackle,HelpingHand|Adamant||M|||50|]Aegislash||SpellTag|StanceChange|ShadowSneak,KingsShield,ShadowBall,WideGuard|Adamant||M|||50|]Rotom-Wash||ChoiceScarf|Levitate|WillOWisp,Trick,VoltSwitch,HydroPump|Timid|||||50|
|showteam|p2|Simisage||LifeOrb|Overgrow|FakeOut,Acrobatics,SeedBomb,Protect|Jolly||F|||50|]Azumarill||SitrusBerry|HugePower|BellyDrum,AquaJet,IceSpinner,PlayRough|Adamant||M|||50|]Passimian||ExpertBelt|Receiver|BrickBreak,CloseCombat,IronHead,Trailblaze|Jolly||M|||50|]Mimikyu||WhiteHerb|Disguise|PlayRough,ShadowClaw,SwordsDance,XScissor|Jolly||M|||50|]Blastoise||Blastoisinite|Torrent|AuraSphere,DarkPulse,WaterSpout,HydroPump|Modest||F|||50|]Oranguru||BrightPowder|Telepathy|Thunderbolt,CalmMind,FoulPlay,Psychic|Modest||F|||50|
|
|t:|1784767963
|teamsize|p1|4
|teamsize|p2|4
|start
|switch|p1a: Decidueye|Decidueye, L50, M|100/100
|switch|p1b: Rotom|Rotom-Wash, L50|100/100
|switch|p2a: Beautiful Baby Boy|Simisage, L50, F|100/100
|switch|p2b: Big man|Azumarill, L50, M|100/100
|turn|1
|
|t:|1784767992
|move|p2a: Beautiful Baby Boy|Fake Out|p1b: Rotom
|-damage|p1b: Rotom|80/100
|-damage|p2a: Beautiful Baby Boy|90/100|[from] item: Life Orb
|cant|p1b: Rotom|flinch
|move|p1a: Decidueye|Spirit Shackle|p2b: Big man
|-damage|p2b: Big man|52/100
|-activate|p2b: Big man|trapped
|move|p2b: Big man|Ice Spinner|p1a: Decidueye
|-supereffective|p1a: Decidueye|1
|-enditem|p1a: Decidueye|Focus Sash
|-damage|p1a: Decidueye|1/100
|
|upkeep
|turn|2
|
|t:|1784768013
|move|p2b: Big man|Aqua Jet|p1a: Decidueye
|-resisted|p1a: Decidueye|1
|-damage|p1a: Decidueye|0 fnt
|faint|p1a: Decidueye
|move|p1b: Rotom|Trick|p2a: Beautiful Baby Boy
|-activate|p1b: Rotom|move: Trick|[of] p2a: Beautiful Baby Boy
|-item|p2a: Beautiful Baby Boy|Choice Scarf|[from] move: Trick
|-item|p1b: Rotom|Life Orb|[from] move: Trick
|move|p2a: Beautiful Baby Boy|Seed Bomb|p1b: Rotom
|-supereffective|p1b: Rotom|1
|-damage|p1b: Rotom|0 fnt
|faint|p1b: Rotom
|
|upkeep
|
|t:|1784768025
|switch|p1b: Greninja|Greninja, L50, M|100/100
|switch|p1a: Aegislash|Aegislash, L50, M|100/100
|turn|3
|
|t:|1784768054
|detailschange|p1b: Greninja|Greninja-Mega, L50, M
|-mega|p1b: Greninja|Greninja|Greninjite
|-formechange|p1a: Aegislash|Aegislash-Blade|
|move|p1a: Aegislash|Shadow Sneak|p2b: Big man
|-damage|p2b: Big man|23/100
|-enditem|p2b: Big man|Sitrus Berry|[eat]
|-heal|p2b: Big man|48/100|[from] item: Sitrus Berry
|move|p2a: Beautiful Baby Boy|Seed Bomb|p1b: Greninja
|-supereffective|p1b: Greninja|1
|-damage|p1b: Greninja|10/100
|move|p1b: Greninja|Dark Pulse|p2a: Beautiful Baby Boy
|-start|p1b: Greninja|typechange|Dark|[from] ability: Protean
|-damage|p2a: Beautiful Baby Boy|10/100
|move|p2b: Big man|Belly Drum||[still]
|-fail|p2b: Big man
|
|upkeep
|turn|4
|
|t:|1784768073
|move|p1b: Greninja|Protect|p1b: Greninja
|-singleturn|p1b: Greninja|Protect
|move|p1a: Aegislash|Shadow Sneak|p2a: Beautiful Baby Boy
|-damage|p2a: Beautiful Baby Boy|0 fnt
|faint|p2a: Beautiful Baby Boy
|move|p2b: Big man|Aqua Jet|p1b: Greninja
|-activate|p1b: Greninja|move: Protect
|
|upkeep
|
|t:|1784768083
|switch|p2a: Cannon Event|Blastoise, L50, F|100/100
|turn|5
|
|t:|1784768098
|detailschange|p2a: Cannon Event|Blastoise-Mega, L50, F
|-mega|p2a: Cannon Event|Blastoise|Blastoisinite
|move|p1a: Aegislash|Shadow Sneak|p2b: Big man
|-damage|p2b: Big man|16/100
|move|p2b: Big man|Aqua Jet|p1b: Greninja
|-damage|p1b: Greninja|0 fnt
|faint|p1b: Greninja
|move|p2a: Cannon Event|Dark Pulse|p1a: Aegislash
|-supereffective|p1a: Aegislash|1
|-damage|p1a: Aegislash|0 fnt
|faint|p1a: Aegislash
|
|win|Etmikarily
