|j|☆Plopy14
|j|☆dman12352
|html|Plopy14dman12352    
|uhtml|bestof|Game 1 of a best-of-3
|t:|1785455199
|gametype|doubles
|player|p1|Plopy14|bugcatcher|
|player|p2|dman12352|265|
|gen|9
|tier|[Gen 9 Champions] VGC 2026 Reg M-B (Bo3)
|rule|Species Clause: Limit one of each Pokémon
|rule|Item Clause: Limit 1 of each item
|clearpoke
|poke|p1|Toxapex, L50, M|
|poke|p1|Annihilape, L50, M|
|poke|p1|Incineroar, L50, F|
|poke|p1|Garchomp, L50, F|
|poke|p1|Venusaur, L50, M|
|poke|p1|Charizard, L50, M|
|poke|p2|Ampharos, L50, F, shiny|
|poke|p2|Kingambit, L50, M, shiny|
|poke|p2|Sinistcha, L50, shiny|
|poke|p2|Farigiraf, L50, M, shiny|
|poke|p2|Incineroar, L50, F, shiny|
|poke|p2|Garchomp, L50, M, shiny|
|teampreview|4
|showteam|p1|Toxapex||Leftovers|Regenerator|WideGuard,Infestation,Toxic,BanefulBunker|Bold||M|||50|]Annihilape||FocusSash|Defiant|PhantomForce,CloseCombat,RockTomb,Protect|Jolly||M|||50|]Incineroar||SitrusBerry|Intimidate|FlareBlitz,DarkestLariat,FakeOut,PartingShot|Careful||F|||50|]Garchomp||ChoiceScarf|RoughSkin|StompingTantrum,DragonClaw,RockSlide,Earthquake|Jolly||F|||50|]Venusaur||LifeOrb|Chlorophyll|SludgeBomb,SolarBeam,EarthPower,Protect|Modest||M|||50|]Charizard||CharizarditeY|Blaze|HeatWave,WeatherBall,HelpingHand,Protect|Modest||M|||50|
|showteam|p2|Ampharos||Ampharosite|Static|Thunderbolt,Protect,DragonPulse,FocusBlast|Serious||F|||50|]Kingambit||BlackGlasses|Defiant|Protect,IronHead,SuckerPunch,KowtowCleave|Adamant||M|||50|]Sinistcha||BrightPowder|Hospitality|RagePowder,MatchaGotcha,Protect,TrickRoom|Serious|||||50|]Farigiraf||ColburBerry|ArmorTail|TrickRoom,HelpingHand,FoulPlay,Psychic|Bold||M|||50|]Incineroar||SitrusBerry|Intimidate|DarkestLariat,FlareBlitz,FakeOut,PartingShot|Adamant||F|||50|]Garchomp||RoseliBerry|RoughSkin|Earthquake,DragonClaw,RockSlide,PoisonJab|Jolly||M|||50|
|inactive|Battle timer is ON: inactive players will automatically lose when time's up. (requested by dman12352)
|j| Tindall64
|inactive|Plopy14 has 60 seconds left.
|inactive|dman12352 has 60 seconds left.
|inactive|Plopy14 has 30 seconds left.
|inactive|Plopy14 has 20 seconds left.
|inactive|Plopy14 has 15 seconds left.
|
|t:|1785455278
|teamsize|p1|4
|teamsize|p2|4
|start
|switch|p1a: Annihilape|Annihilape, L50, M|100/100
|switch|p1b: Charizard|Charizard, L50, M|100/100
|switch|p2a: Farigiraf|Farigiraf, L50, M, shiny|100/100
|switch|p2b: Sinistcha|Sinistcha, L50, shiny|100/100
|turn|1
|inactive|dman12352 has 30 seconds left.
|
|t:|1785455309
|detailschange|p1b: Charizard|Charizard-Mega-Y, L50, M
|-mega|p1b: Charizard|Charizard|Charizardite Y
|-weather|SunnyDay|[from] ability: Drought|[of] p1b: Charizard
|move|p2b: Sinistcha|Rage Powder|p2b: Sinistcha
|-singleturn|p2b: Sinistcha|move: Rage Powder
|move|p1a: Annihilape|Close Combat|p2b: Sinistcha
|-immune|p2b: Sinistcha
|move|p1b: Charizard|Heat Wave|p2b: Sinistcha|[spread] p2a,p2b
|-supereffective|p2b: Sinistcha|1
|-damage|p2a: Farigiraf|49/100
|-damage|p2b: Sinistcha|0 fnt
|faint|p2b: Sinistcha
|move|p2a: Farigiraf|Trick Room|p2a: Farigiraf
|-fieldstart|move: Trick Room|[of] p2a: Farigiraf
|
|-weather|SunnyDay|[upkeep]
|upkeep
|
|t:|1785455320
|switch|p2b: Ampharos|Ampharos, L50, F, shiny|100/100
|turn|2
|
|t:|1785455329
|switch|p1a: Incineroar|Incineroar, L50, F|100/100
|-ability|p1a: Incineroar|Intimidate|boost
|-unboost|p2a: Farigiraf|atk|1
|-unboost|p2b: Ampharos|atk|1
|detailschange|p2b: Ampharos|Ampharos-Mega, L50, F, shiny
|-mega|p2b: Ampharos|Ampharos|Ampharosite
|-ability|p2b: Ampharos|Mold Breaker
|move|p1b: Charizard|Protect|p1b: Charizard
|-singleturn|p1b: Charizard|Protect
|move|p2b: Ampharos|Thunderbolt|p1b: Charizard
|-activate|p1b: Charizard|move: Protect
|move|p2a: Farigiraf|Psychic|p1a: Incineroar
|-immune|p1a: Incineroar
|
|-weather|SunnyDay|[upkeep]
|upkeep
|turn|3
|
|t:|1785455344
|switch|p1a: Annihilape|Annihilape, L50, M|100/100
|switch|p1b: Garchomp|Garchomp, L50, F|100/100
|move|p2b: Ampharos|Focus Blast|p1a: Annihilape
|-immune|p1a: Annihilape
|move|p2a: Farigiraf|Psychic|p1b: Garchomp
|-damage|p1b: Garchomp|61/100
|
|-weather|SunnyDay|[upkeep]
|upkeep
|turn|4
|
|t:|1785455361
|switch|p1b: Incineroar|Incineroar, L50, F|100/100
|-ability|p1b: Incineroar|Intimidate|boost
|-unboost|p2a: Farigiraf|atk|1
|-unboost|p2b: Ampharos|atk|1
|move|p1a: Annihilape|Protect|p1a: Annihilape
|-singleturn|p1a: Annihilape|Protect
|move|p2b: Ampharos|Thunderbolt|p1b: Incineroar
|-damage|p1b: Incineroar|57/100
|move|p2a: Farigiraf|Psychic|p1a: Annihilape
|-activate|p1a: Annihilape|move: Protect
|
|-weather|SunnyDay|[upkeep]
|upkeep
|turn|5
|inactive|Plopy14 has 30 seconds left.
|inactive|Plopy14 has 20 seconds left.
|inactive|Plopy14 has 15 seconds left.
|inactive|Plopy14 has 10 seconds left.
|
|t:|1785455409
|move|p2b: Ampharos|Thunderbolt|p1a: Annihilape
|-damage|p1a: Annihilape|36/100
|move|p2a: Farigiraf|Psychic|p1a: Annihilape
|-supereffective|p1a: Annihilape|1
|-damage|p1a: Annihilape|0 fnt
|faint|p1a: Annihilape
|move|p1b: Incineroar|Parting Shot|p2b: Ampharos
|-unboost|p2b: Ampharos|atk|1
|-unboost|p2b: Ampharos|spa|1
|
|t:|1785455413
|switch|p1b: Garchomp|Garchomp, L50, F|61/100|[from] Parting Shot
|
|-weather|none
|-fieldend|move: Trick Room
|upkeep
|
|t:|1785455414
|switch|p1a: Charizard|Charizard-Mega-Y, L50, M|100/100
|-weather|SunnyDay|[from] ability: Drought|[of] p1a: Charizard
|turn|6
|
|t:|1785455436
|move|p1b: Garchomp|Earthquake|p2b: Ampharos|[spread] p2a,p2b
|-immune|p1a: Charizard
|-supereffective|p2b: Ampharos|1
|-damage|p2a: Farigiraf|18/100
|-damage|p2b: Ampharos|36/100
|move|p1a: Charizard|Heat Wave|p2a: Farigiraf|[spread] p2a,p2b
|-resisted|p2b: Ampharos|1
|-damage|p2a: Farigiraf|0 fnt
|-damage|p2b: Ampharos|12/100
|faint|p2a: Farigiraf
|move|p2b: Ampharos|Thunderbolt|p1a: Charizard
|-supereffective|p1a: Charizard|1
|-damage|p1a: Charizard|36/100
|
|-weather|SunnyDay|[upkeep]
|upkeep
|
|t:|1785455447
|switch|p2a: Kingambit|Kingambit, L50, M, shiny|100/100
|turn|7
|
|t:|1785455458
|move|p1a: Charizard|Helping Hand|p1b: Garchomp
|-singleturn|p1b: Garchomp|Helping Hand|[of] p1a: Charizard
|move|p2a: Kingambit|Sucker Punch|p1b: Garchomp
|-damage|p1b: Garchomp|10/100
|-damage|p2a: Kingambit|87/100|[from] ability: Rough Skin|[of] p1b: Garchomp
|move|p1b: Garchomp|Earthquake|p2a: Kingambit|[spread] p2a,p2b
|-immune|p1a: Charizard
|-supereffective|p2a: Kingambit|1
|-supereffective|p2b: Ampharos|1
|-damage|p2a: Kingambit|2/100
|-damage|p2b: Ampharos|0 fnt
|faint|p2b: Ampharos
|
|-weather|SunnyDay|[upkeep]
|upkeep
|turn|8
|
|t:|1785455465
|move|p2a: Kingambit|Sucker Punch|p1a: Charizard
|-damage|p1a: Charizard|0 fnt
|faint|p1a: Charizard
|move|p1b: Garchomp|Earthquake|p2a: Kingambit
|-supereffective|p2a: Kingambit|1
|-damage|p2a: Kingambit|0 fnt
|faint|p2a: Kingambit
|
|win|Plopy14
