|j|☆Aircross360
|j|☆hannahtgp_8
|html|Aircross360hannahtgp_8    
|uhtml|bestof|Game 2 of a best-of-3
|t:|1756410282
|gametype|doubles
|player|p1|Aircross360|169|1094
|player|p2|hannahtgp_8|cowgirl|1007
|gen|9
|tier|[Gen 9] VGC 2025 Reg H (Bo3)
|rated|
|rule|Species Clause: Limit one of each Pokémon
|rule|Item Clause: Limit 1 of each item
|clearpoke
|poke|p1|Annihilape, L50, F|
|poke|p1|Gholdengo, L50|
|poke|p1|Dragonite, L50, F|
|poke|p1|Ninetales-Alola, L50, F|
|poke|p1|Magmar, L50, F|
|poke|p1|Ursaluna-Bloodmoon, L50, M|
|poke|p2|Rillaboom, L50, F|
|poke|p2|Empoleon, L50, F|
|poke|p2|Incineroar, L50, F|
|poke|p2|Gholdengo, L50|
|poke|p2|Whimsicott, L50, F|
|poke|p2|Garchomp, L50, M|
|teampreview|4
|showteam|p1|Annihilape||SafetyGoggles|Defiant|DrainPunch,RageFist,BulkUp,Protect|||F|||50|,,,,,Water]Gholdengo||MetalCoat|GoodasGold|MakeItRain,ShadowBall,NastyPlot,Protect||||||50|,,,,,Dragon]Dragonite||LoadedDice|Multiscale|ScaleShot,ExtremeSpeed,Tailwind,Protect|||F|||50|,,,,,Fairy]Ninetales-Alola||LightClay|SnowWarning|Blizzard,Encore,IceShard,AuroraVeil|||F|||50|,,,,,Ghost]Magmar||Eviolite|FlameBody|Overheat,FollowMe,Protect,ClearSmog|||F|||50|,,,,,Ghost]Ursaluna-Bloodmoon||AssaultVest|MindsEye|BloodMoon,EarthPower,HyperVoice,VacuumWave|||M|||50|,,,,,Water
|showteam|p2|Rillaboom||Leftovers|GrassySurge|FakeOut,GrassyGlide,DrumBeating,KnockOff|||F|||50|,,,,,Ghost]Empoleon||BlunderPolicy|Competitive|FlashCannon,Brine,Protect,HydroPump|||F|||50|,,,,,Steel]Incineroar||SafetyGoggles|Intimidate|FakeOut,FlareBlitz,Protect,PartingShot|||F|||50|,,,,,Fairy]Gholdengo||FocusSash|GoodasGold|MakeItRain,Protect,NastyPlot,ShadowBall||||||50|,,,,,Normal]Whimsicott||EjectButton|Prankster|Tailwind,Protect,Encore,Moonblast|||F|||50|,,,,,Steel]Garchomp||LifeOrb|RoughSkin|Earthquake,DragonClaw,Protect,StompingTantrum|||M|||50|,,,,,Ground
|inactive|Battle timer is ON: inactive players will automatically lose when time's up. (requested by hannahtgp_8)
|inactive|Aircross360 has 60 seconds left.
|
|t:|1756410353
|teamsize|p1|4
|teamsize|p2|4
|start
|switch|p1a: Ninetales|Ninetales-Alola, L50, F|100/100
|switch|p1b: Annihilape|Annihilape, L50, F|100/100
|switch|p2a: Whimsicott|Whimsicott, L50, F|100/100
|switch|p2b: Garchomp|Garchomp, L50, M|100/100
|-weather|Snowscape|[from] ability: Snow Warning|[of] p1a: Ninetales
|turn|1
|c|☆hannahtgp_8|Staaaaaart
|inactive|Aircross360 has 30 seconds left.
|inactive|Aircross360 has 20 seconds left.
|inactive|Aircross360 has 15 seconds left.
|inactive|Aircross360 has 10 seconds left.
|
|t:|1756410399
|-terastallize|p1b: Annihilape|Water
|-terastallize|p2b: Garchomp|Ground
|move|p2a: Whimsicott|Tailwind|p2a: Whimsicott
|-sidestart|p2: hannahtgp_8|move: Tailwind
|move|p2b: Garchomp|Earthquake|p1b: Annihilape|[spread] p2a,p1a,p1b
|-resisted|p2a: Whimsicott
|-damage|p2a: Whimsicott|66/100
|-damage|p1a: Ninetales|46/100
|-damage|p1b: Annihilape|30/100
|-enditem|p2a: Whimsicott|Eject Button
|-damage|p2b: Garchomp|91/100|[from] item: Life Orb
|inactive|hannahtgp_8 has 30 seconds left.
|inactive|hannahtgp_8 has 20 seconds left.
|
|t:|1756410435
|switch|p2a: Incineroar|Incineroar, L50, F|100/100
|-ability|p2a: Incineroar|Intimidate|boost
|-unboost|p1a: Ninetales|atk|1
|-unboost|p1b: Annihilape|atk|1
|-ability|p1b: Annihilape|Defiant|boost
|-boost|p1b: Annihilape|atk|2
|move|p1a: Ninetales|Blizzard|p2b: Garchomp|[spread] p2a,p2b
|-resisted|p2a: Incineroar
|-supereffective|p2b: Garchomp
|-damage|p2a: Incineroar|88/100
|-damage|p2b: Garchomp|41/100
|move|p1b: Annihilape|Rage Fist|p2b: Garchomp
|-damage|p2b: Garchomp|0 fnt
|-damage|p1b: Annihilape|18/100|[from] ability: Rough Skin|[of] p2b: Garchomp
|faint|p2b: Garchomp
|
|-weather|Snowscape|[upkeep]
|upkeep
|l|☆hannahtgp_8
|inactive|hannahtgp_8 disconnected and has a minute to reconnect!
|player|p2|
|j|☆hannahtgp_8
|inactive|hannahtgp_8 reconnected and has 40 seconds left.
|player|p2|hannahtgp_8|cowgirl|
|
|t:|1756410458
|switch|p2b: Rillaboom|Rillaboom, L50, F|100/100
|-fieldstart|move: Grassy Terrain|[from] ability: Grassy Surge|[of] p2b: Rillaboom
|turn|2
|
|t:|1756410470
|move|p1b: Annihilape|Protect|p1b: Annihilape
|-singleturn|p1b: Annihilape|Protect
|move|p2a: Incineroar|Fake Out|p1a: Ninetales
|-damage|p1a: Ninetales|35/100
|move|p2b: Rillaboom|Grassy Glide|p1b: Annihilape
|-activate|p1b: Annihilape|move: Protect
|cant|p1a: Ninetales|flinch
|
|-weather|Snowscape|[upkeep]
|-heal|p2a: Incineroar|94/100|[from] Grassy Terrain
|-heal|p1a: Ninetales|41/100|[from] Grassy Terrain
|-heal|p1b: Annihilape|24/100|[from] Grassy Terrain
|upkeep
|turn|3
|inactive|Aircross360 has 30 seconds left.
|inactive|Aircross360 has 20 seconds left.
|
|t:|1756410506
|switch|p1b: Magmar|Magmar, L50, F|100/100
|move|p2b: Rillaboom|Grassy Glide|p1b: Magmar
|-resisted|p1b: Magmar
|-damage|p1b: Magmar|87/100
|move|p2a: Incineroar|Flare Blitz|p1a: Ninetales
|-supereffective|p1a: Ninetales
|-damage|p1a: Ninetales|0 fnt
|faint|p1a: Ninetales
|-damage|p2a: Incineroar|82/100|[from] Recoil
|
|-weather|Snowscape|[upkeep]
|-heal|p2a: Incineroar|88/100|[from] Grassy Terrain
|-heal|p1b: Magmar|93/100|[from] Grassy Terrain
|upkeep
|
|t:|1756410519
|switch|p1a: Annihilape|Annihilape, L50, F, tera:Water|24/100
|turn|4
|
|t:|1756410534
|move|p1b: Magmar|Follow Me|p1b: Magmar
|-singleturn|p1b: Magmar|move: Follow Me
|move|p2b: Rillaboom|Grassy Glide|p1b: Magmar
|-resisted|p1b: Magmar
|-crit|p1b: Magmar
|-damage|p1b: Magmar|74/100
|-status|p2b: Rillaboom|brn|[from] ability: Flame Body|[of] p1b: Magmar
|move|p2a: Incineroar|Parting Shot|p1b: Magmar
|-unboost|p1b: Magmar|atk|1
|-unboost|p1b: Magmar|spa|1
|
|t:|1756410544
|switch|p2a: Whimsicott|Whimsicott, L50, F|66/100|[from] Parting Shot
|move|p1a: Annihilape|Drain Punch|p2b: Rillaboom
|-damage|p2b: Rillaboom|71/100 brn
|-heal|p1a: Annihilape|37/100|[from] drain|[of] p2b: Rillaboom
|
|-weather|Snowscape|[upkeep]
|-heal|p2b: Rillaboom|77/100 brn|[from] Grassy Terrain
|-heal|p2b: Rillaboom|83/100 brn|[from] item: Leftovers
|-heal|p2a: Whimsicott|72/100|[from] Grassy Terrain
|-heal|p1a: Annihilape|43/100|[from] Grassy Terrain
|-heal|p1b: Magmar|79/100|[from] Grassy Terrain
|-damage|p2b: Rillaboom|77/100 brn|[from] brn
|-sideend|p2: hannahtgp_8|move: Tailwind
|upkeep
|turn|5
|inactive|Aircross360 has 30 seconds left.
|
|t:|1756410576
|move|p1b: Magmar|Follow Me|p1b: Magmar
|-singleturn|p1b: Magmar|move: Follow Me
|move|p2b: Rillaboom|Grassy Glide|p1b: Magmar
|-resisted|p1b: Magmar
|-damage|p1b: Magmar|73/100
|move|p2a: Whimsicott|Tailwind|p2a: Whimsicott
|-sidestart|p2: hannahtgp_8|move: Tailwind
|move|p1a: Annihilape|Bulk Up|p1a: Annihilape
|-boost|p1a: Annihilape|atk|1
|-boost|p1a: Annihilape|def|1
|
|-weather|none
|-heal|p2b: Rillaboom|83/100 brn|[from] Grassy Terrain
|-heal|p2b: Rillaboom|89/100 brn|[from] item: Leftovers
|-heal|p2a: Whimsicott|78/100|[from] Grassy Terrain
|-heal|p1a: Annihilape|50/100|[from] Grassy Terrain
|-heal|p1b: Magmar|79/100|[from] Grassy Terrain
|-damage|p2b: Rillaboom|83/100 brn|[from] brn
|upkeep
|turn|6
|
|t:|1756410598
|move|p2a: Whimsicott|Protect|p2a: Whimsicott
|-singleturn|p2a: Whimsicott|Protect
|move|p1b: Magmar|Follow Me|p1b: Magmar
|-singleturn|p1b: Magmar|move: Follow Me
|move|p2b: Rillaboom|Drum Beating|p1b: Magmar
|-resisted|p1b: Magmar
|-damage|p1b: Magmar|71/100
|-unboost|p1b: Magmar|spe|1
|move|p1a: Annihilape|Drain Punch|p2b: Rillaboom
|-damage|p2b: Rillaboom|32/100 brn
|-heal|p1a: Annihilape|72/100|[from] drain|[of] p2b: Rillaboom
|
|-heal|p2b: Rillaboom|38/100 brn|[from] Grassy Terrain
|-heal|p2b: Rillaboom|44/100 brn|[from] item: Leftovers
|-heal|p2a: Whimsicott|84/100|[from] Grassy Terrain
|-heal|p1a: Annihilape|78/100|[from] Grassy Terrain
|-heal|p1b: Magmar|77/100|[from] Grassy Terrain
|-damage|p2b: Rillaboom|38/100 brn|[from] brn
|-fieldend|move: Grassy Terrain
|upkeep
|turn|7
|
|t:|1756410618
|switch|p2b: Incineroar|Incineroar, L50, F|88/100
|-ability|p2b: Incineroar|Intimidate|boost
|-unboost|p1a: Annihilape|atk|1
|-ability|p1a: Annihilape|Defiant|boost
|-boost|p1a: Annihilape|atk|2
|-unboost|p1b: Magmar|atk|1
|move|p2a: Whimsicott|Protect||[still]
|-fail|p2a: Whimsicott
|move|p1b: Magmar|Follow Me|p1b: Magmar
|-singleturn|p1b: Magmar|move: Follow Me
|move|p1a: Annihilape|Drain Punch|p2b: Incineroar
|-supereffective|p2b: Incineroar
|-damage|p2b: Incineroar|0 fnt
|-heal|p1a: Annihilape|100/100|[from] drain|[of] p2b: Incineroar
|faint|p2b: Incineroar
|
|upkeep
|
|t:|1756410630
|switch|p2b: Rillaboom|Rillaboom, L50, F|38/100 brn
|-fieldstart|move: Grassy Terrain|[from] ability: Grassy Surge|[of] p2b: Rillaboom
|turn|8
|-message|hannahtgp_8 forfeited.
|
|win|Aircross360
|raw|Aircross360's rating: 1094 → 1114(+20 for winning)
|raw|hannahtgp_8's rating: 1007 → 1000(-7 for losing)
|l|☆hannahtgp_8
|player|p2|
