|j|☆thebrickwall285
|j|☆afdsd33
|html|thebrickwall285afdsd33    
|uhtml|bestof|Game 1 of a best-of-3
|t:|1786020818
|gametype|doubles
|player|p1|thebrickwall285|266|1103
|player|p2|afdsd33|101|1000
|gen|9
|tier|[Gen 9 Champions] VGC 2026 Reg M-B (Bo3)
|rated|
|rule|Species Clause: Limit one of each Pokémon
|rule|Item Clause: Limit 1 of each item
|clearpoke
|poke|p1|Scovillain, L50, M|
|poke|p1|Aerodactyl, L50, F|
|poke|p1|Sylveon, L50, F|
|poke|p1|Salazzle, L50, F|
|poke|p1|Meowstic, L50, M|
|poke|p1|Kingambit, L50, M|
|poke|p2|Tyranitar, L50, M|
|poke|p2|Excadrill, L50, M|
|poke|p2|Milotic, L50, F|
|poke|p2|Sinistcha, L50|
|poke|p2|Staraptor, L50, F|
|poke|p2|Gholdengo, L50|
|teampreview|4
|showteam|p1|Scovillain||Scovillainite|Chlorophyll|Flamethrower,GigaDrain,RagePowder,LeechSeed|Modest||M|||50|]Aerodactyl||Aerodactylite|RockHead|DragonClaw,Tailwind,DualWingbeat,RockSlide|Jolly||F|||50|]Sylveon||SitrusBerry|Pixilate|CalmMind,Protect,HyperVoice,ShadowBall|Modest||F|||50|]Salazzle||ShellBell|Corrosion|FakeOut,Flamethrower,SludgeBomb,Toxic|Hasty||F|||50|]Meowstic||FocusSash|Prankster|FakeOut,TrickRoom,Psychic,SunnyDay|Sassy||M|||50|]Kingambit||Leftovers|Defiant|IronHead,LowKick,SuckerPunch,KowtowCleave|Adamant||M|||50|
|showteam|p2|Tyranitar||Tyranitarite|SandStream|KnockOff,RockSlide,LowKick,Protect|Jolly||M|||50|]Excadrill||FocusSash|SandRush|HighHorsepower,IronHead,RockSlide,Protect|Jolly||M|||50|]Milotic||SitrusBerry|Competitive|Scald,IceBeam,IcyWind,Protect|Calm||F|||50|]Sinistcha||ColburBerry|Hospitality|MatchaGotcha,ShadowBall,Protect,RagePowder|Bold|||||50|]Staraptor||Staraptite|Intimidate|CloseCombat,BraveBird,Tailwind,Protect|Jolly||F|||50|]Gholdengo||LifeOrb|GoodasGold|MakeItRain,ShadowBall,NastyPlot,Protect|Modest|||||50|
|inactive|Battle timer is ON: inactive players will automatically lose when time's up. (requested by afdsd33)
|
|t:|1786020840
|teamsize|p1|4
|teamsize|p2|4
|start
|switch|p1a: Meowstic|Meowstic, L50, M|100/100
|switch|p1b: Sylveon|Sylveon, L50, F|100/100
|switch|p2a: Staraptor|Staraptor, L50, F|100/100
|switch|p2b: Tyranitar|Tyranitar, L50, M|100/100
|-ability|p2a: Staraptor|Intimidate|boost
|-unboost|p1a: Meowstic|atk|1
|-unboost|p1b: Sylveon|atk|1
|-weather|Sandstorm|[from] ability: Sand Stream|[of] p2b: Tyranitar
|turn|1
|inactive|afdsd33 has 30 seconds left.
|
|t:|1786020868
|switch|p2a: Gholdengo|Gholdengo, L50|100/100
|move|p2b: Tyranitar|Knock Off|p1a: Meowstic
|-supereffective|p1a: Meowstic|1
|-crit|p1a: Meowstic
|-enditem|p1a: Meowstic|Focus Sash
|-damage|p1a: Meowstic|1/100
|move|p1b: Sylveon|Hyper Voice|p2b: Tyranitar|[spread] p2a,p2b
|-resisted|p2a: Gholdengo|1
|-crit|p2a: Gholdengo
|-supereffective|p2b: Tyranitar|1
|-damage|p2a: Gholdengo|73/100
|-damage|p2b: Tyranitar|43/100
|move|p1a: Meowstic|Trick Room|p1a: Meowstic
|-fieldstart|move: Trick Room|[of] p1a: Meowstic
|
|-weather|Sandstorm|[upkeep]
|-damage|p1b: Sylveon|94/100|[from] Sandstorm
|-damage|p1a: Meowstic|0 fnt|[from] Sandstorm
|faint|p1a: Meowstic
|upkeep
|
|t:|1786020885
|switch|p1a: Kingambit|Kingambit, L50, M|100/100
|turn|2
|
|t:|1786020891
|detailschange|p2b: Tyranitar|Tyranitar-Mega, L50, M
|-mega|p2b: Tyranitar|Tyranitar|Tyranitarite
|move|p2a: Gholdengo|Protect|p2a: Gholdengo
|-singleturn|p2a: Gholdengo|Protect
|move|p1a: Kingambit|Low Kick|p2b: Tyranitar
|-supereffective|p2b: Tyranitar|2
|-damage|p2b: Tyranitar|0 fnt
|faint|p2b: Tyranitar
|move|p1b: Sylveon|Shadow Ball|p2a: Gholdengo
|-activate|p2a: Gholdengo|move: Protect
|
|-weather|Sandstorm|[upkeep]
|-damage|p1b: Sylveon|88/100|[from] Sandstorm
|upkeep
|
|t:|1786020904
|switch|p2b: Excadrill|Excadrill, L50, M|100/100
|turn|3
|
|t:|1786020913
|switch|p2a: Staraptor|Staraptor, L50, F|100/100
|-ability|p2a: Staraptor|Intimidate|boost
|-unboost|p1a: Kingambit|atk|1
|-ability|p1a: Kingambit|Defiant|boost
|-boost|p1a: Kingambit|atk|2
|-unboost|p1b: Sylveon|atk|1
|move|p1a: Kingambit|Low Kick|p2b: Excadrill
|-supereffective|p2b: Excadrill|1
|-damage|p2b: Excadrill|6/100
|move|p1b: Sylveon|Shadow Ball|p2a: Staraptor
|-immune|p2a: Staraptor
|move|p2b: Excadrill|High Horsepower|p1a: Kingambit
|-supereffective|p1a: Kingambit|1
|-damage|p1a: Kingambit|23/100
|
|-weather|Sandstorm|[upkeep]
|-damage|p1b: Sylveon|82/100|[from] Sandstorm
|-damage|p2a: Staraptor|94/100|[from] Sandstorm
|-heal|p1a: Kingambit|29/100|[from] item: Leftovers
|upkeep
|turn|4
|inactive|afdsd33 has 30 seconds left.
|
|t:|1786020944
|move|p2b: Excadrill|Protect|p2b: Excadrill
|-singleturn|p2b: Excadrill|Protect
|move|p1a: Kingambit|Low Kick|p2b: Excadrill
|-activate|p2b: Excadrill|move: Protect
|move|p1b: Sylveon|Hyper Voice|p2a: Staraptor|[spread] p2a
|-activate|p2b: Excadrill|move: Protect
|-damage|p2a: Staraptor|35/100
|move|p2a: Staraptor|Close Combat|p1a: Kingambit
|-supereffective|p1a: Kingambit|2
|-damage|p1a: Kingambit|0 fnt
|-unboost|p2a: Staraptor|def|1
|-unboost|p2a: Staraptor|spd|1
|faint|p1a: Kingambit
|
|-weather|Sandstorm|[upkeep]
|-damage|p1b: Sylveon|76/100|[from] Sandstorm
|-damage|p2a: Staraptor|29/100|[from] Sandstorm
|upkeep
|
|t:|1786020955
|switch|p1a: Scovillain|Scovillain, L50, M|100/100
|turn|5
|
|t:|1786020978
|switch|p2a: Gholdengo|Gholdengo, L50|73/100
|detailschange|p1a: Scovillain|Scovillain-Mega, L50, M
|-mega|p1a: Scovillain|Scovillain|Scovillainite
|move|p2b: Excadrill|Protect||[still]
|-fail|p2b: Excadrill
|move|p1b: Sylveon|Hyper Voice|p2b: Excadrill|[spread] p2a,p2b
|-resisted|p2a: Gholdengo|1
|-resisted|p2b: Excadrill|1
|-damage|p2a: Gholdengo|56/100
|-damage|p2b: Excadrill|0 fnt
|faint|p2b: Excadrill
|move|p1a: Scovillain|Flamethrower|p2a: Gholdengo
|-supereffective|p2a: Gholdengo|1
|-damage|p2a: Gholdengo|0 fnt
|faint|p2a: Gholdengo
|
|-weather|none
|-fieldend|move: Trick Room
|upkeep
|
|t:|1786020996
|switch|p2b: Staraptor|Staraptor, L50, F|29/100
|-ability|p2b: Staraptor|Intimidate|boost
|-unboost|p1a: Scovillain|atk|1
|-unboost|p1b: Sylveon|atk|1
|turn|6
|
|t:|1786021003
|move|p1a: Scovillain|Rage Powder|p1a: Scovillain
|-singleturn|p1a: Scovillain|move: Rage Powder
|move|p2b: Staraptor|Brave Bird|p1a: Scovillain
|-supereffective|p1a: Scovillain|1
|-damage|p1a: Scovillain|0 fnt
|-status|p2b: Staraptor|brn|[from] ability: Spicy Spray|[of] p1a: Scovillain
|faint|p1a: Scovillain
|-damage|p2b: Staraptor|0 fnt|[from] Recoil
|faint|p2b: Staraptor
|
|win|thebrickwall285
