|j|☆5hef
|j|☆BlackStag52
|html|5hefBlackStag52    
|uhtml|bestof|Game 1 of a best-of-3
|t:|1756169104
|gametype|doubles
|player|p1|5hef|cynthia-masters3|1099
|player|p2|BlackStag52|beauty|1059
|gen|9
|tier|[Gen 9] VGC 2025 Reg H (Bo3)
|rated|
|rule|Species Clause: Limit one of each Pokémon
|rule|Item Clause: Limit 1 of each item
|clearpoke
|poke|p1|Archaludon, L50, F|
|poke|p1|Pelipper, L50, M|
|poke|p1|Rillaboom, L50, M|
|poke|p1|Palafin, L50, M|
|poke|p1|Smeargle, L50, F|
|poke|p1|Basculegion, L50, M|
|poke|p2|Kingambit, L50, M|
|poke|p2|Gallade, L50, M|
|poke|p2|Indeedee-F, L50, F|
|poke|p2|Rampardos, L50, M|
|poke|p2|Amoonguss, L50, M|
|poke|p2|Incineroar, L50, F|
|teampreview|4
|showteam|p1|Archaludon||AssaultVest|Stamina|DracoMeteor,FlashCannon,ElectroShot,BodyPress|||F|||50|,,,,,Grass]Pelipper||CovertCloak|Drizzle|WeatherBall,Hurricane,Protect,Tailwind|||M|||50|,,,,,Grass]Rillaboom||SitrusBerry|GrassySurge|WoodHammer,GrassyGlide,FakeOut,Uturn|||M|||50|,,,,,Fire]Palafin||ChoiceBand|ZerotoHero|JetPunch,FlipTurn,WaveCrash,ZenHeadbutt|||M|||50|,,,,,Water]Smeargle||FocusSash|Technician|Spore,PopulationBomb,Decorate,FakeOut|||F|||50|,,,,,Normal]Basculegion||LifeOrb|SwiftSwim|LastRespects,WaveCrash,AquaJet,Protect|||M|||50|,,,,,Ghost
|showteam|p2|Kingambit||BlackGlasses|Defiant|KowtowCleave,IronHead,Protect,PoisonJab|||M|||50|,,,,,Psychic]Gallade||ClearAmulet|Sharpness|SacredSword,TrickRoom,PsychoCut,WideGuard|||M|||50|,,,,,Dark]Indeedee-F||PsychicSeed|PsychicSurge|TrickRoom,FollowMe,HelpingHand,HyperVoice|||F|||50|,,,,,Fairy]Rampardos||LifeOrb|SheerForce|RockSlide,HammerArm,Protect,BreakingSwipe|||M|||50|,,,,,Dragon]Amoonguss||Leftovers|Regenerator|Spore,RagePowder,SludgeBomb,PollenPuff|||M|||50|,,,,,Dark]Incineroar||SafetyGoggles|Intimidate|FakeOut,PartingShot,KnockOff,FlareBlitz|||F|||50|,,,,,Ghost
|inactive|Battle timer is ON: inactive players will automatically lose when time's up. (requested by 5hef)
|c|☆BlackStag52|glhf!
|c|☆5hef|glhf
|c|☆5hef|i like ur team
|inactive|BlackStag52 has 60 seconds left.
|
|t:|1756169142
|teamsize|p1|4
|teamsize|p2|4
|start
|switch|p1a: Archaludon|Archaludon, L50, F|100/100
|switch|p1b: Smeargle|Smeargle, L50, F|100/100
|switch|p2a: Amoonguss|Amoonguss, L50, M|100/100
|switch|p2b: Incineroar|Incineroar, L50, F|100/100
|-ability|p2b: Incineroar|Intimidate|boost
|-unboost|p1a: Archaludon|atk|1
|-unboost|p1b: Smeargle|atk|1
|turn|1
|inactive|5hef has 30 seconds left.
|
|t:|1756169169
|-terastallize|p1a: Archaludon|Grass
|move|p1b: Smeargle|Population Bomb|p1a: Archaludon
|-damage|p1a: Archaludon|98/100
|-ability|p1a: Archaludon|Stamina|boost
|-boost|p1a: Archaludon|def|1
|-damage|p1a: Archaludon|97/100
|-ability|p1a: Archaludon|Stamina|boost
|-boost|p1a: Archaludon|def|1
|-damage|p1a: Archaludon|95/100
|-ability|p1a: Archaludon|Stamina|boost
|-boost|p1a: Archaludon|def|1
|-damage|p1a: Archaludon|95/100
|-ability|p1a: Archaludon|Stamina|boost
|-boost|p1a: Archaludon|def|1
|-damage|p1a: Archaludon|94/100
|-ability|p1a: Archaludon|Stamina|boost
|-boost|p1a: Archaludon|def|1
|-damage|p1a: Archaludon|94/100
|-ability|p1a: Archaludon|Stamina|boost
|-boost|p1a: Archaludon|def|1
|-damage|p1a: Archaludon|93/100
|-damage|p1a: Archaludon|93/100
|-damage|p1a: Archaludon|92/100
|-damage|p1a: Archaludon|92/100
|-hitcount|p1a: Archaludon|10
|move|p1a: Archaludon|Body Press|p2b: Incineroar
|-supereffective|p2b: Incineroar
|-damage|p2b: Incineroar|0 fnt
|faint|p2b: Incineroar
|move|p2a: Amoonguss|Spore|p1a: Archaludon
|-immune|p1a: Archaludon
|
|upkeep
|
|t:|1756169190
|switch|p2b: Kingambit|Kingambit, L50, M|100/100
|turn|2
|
|t:|1756169209
|move|p2b: Kingambit|Protect|p2b: Kingambit
|-singleturn|p2b: Kingambit|Protect
|move|p1b: Smeargle|Spore|p2b: Kingambit
|-activate|p2b: Kingambit|move: Protect
|move|p1a: Archaludon|Body Press|p2b: Kingambit
|-activate|p2b: Kingambit|move: Protect
|move|p2a: Amoonguss|Spore|p1b: Smeargle
|-status|p1b: Smeargle|slp|[from] move: Spore
|
|upkeep
|turn|3
|
|t:|1756169223
|switch|p1b: fuk as bird|Pelipper, L50, M|100/100
|-weather|RainDance|[from] ability: Drizzle|[of] p1b: fuk as bird
|switch|p2b: Indeedee|Indeedee-F, L50, F|100/100
|-fieldstart|move: Psychic Terrain|[from] ability: Psychic Surge|[of] p2b: Indeedee
|-enditem|p2b: Indeedee|Psychic Seed
|-boost|p2b: Indeedee|spd|1|[from] item: Psychic Seed
|move|p1a: Archaludon|Body Press|p2b: Indeedee
|-damage|p2b: Indeedee|15/100
|move|p2a: Amoonguss|Sludge Bomb|p1a: Archaludon
|-supereffective|p1a: Archaludon
|-damage|p1a: Archaludon|39/100
|
|-weather|RainDance|[upkeep]
|upkeep
|turn|4
|inactive|5hef has 30 seconds left.
|
|t:|1756169248
|switch|p1a: Basculegion|Basculegion, L50, M|100/100
|move|p1b: fuk as bird|Tailwind|p1b: fuk as bird
|-sidestart|p1: 5hef|move: Tailwind
|move|p2a: Amoonguss|Sludge Bomb|p1a: Basculegion
|-resisted|p1a: Basculegion
|-damage|p1a: Basculegion|79/100
|-status|p1a: Basculegion|psn
|move|p2b: Indeedee|Trick Room|p2b: Indeedee
|-fieldstart|move: Trick Room|[of] p2b: Indeedee
|
|-weather|RainDance|[upkeep]
|-damage|p1a: Basculegion|67/100 psn|[from] psn
|upkeep
|turn|5
|inactive|5hef has 30 seconds left.
|
|t:|1756169281
|switch|p1a: Smeargle|Smeargle, L50, F|100/100 slp
|move|p2a: Amoonguss|Spore|p1b: fuk as bird
|-status|p1b: fuk as bird|slp|[from] move: Spore
|move|p2b: Indeedee|Hyper Voice|p1b: fuk as bird|[spread] p1a,p1b
|-damage|p1a: Smeargle|55/100 slp
|-damage|p1b: fuk as bird|70/100 slp
|cant|p1b: fuk as bird|slp
|
|-weather|RainDance|[upkeep]
|upkeep
|turn|6
|inactive|BlackStag52 has 30 seconds left.
|
|t:|1756169307
|switch|p2b: Kingambit|Kingambit, L50, M|100/100
|move|p2a: Amoonguss|Sludge Bomb|p1a: Smeargle
|-damage|p1a: Smeargle|0 fnt
|faint|p1a: Smeargle
|cant|p1b: fuk as bird|slp
|
|-weather|RainDance|[upkeep]
|upkeep
|
|t:|1756169315
|switch|p1a: Archaludon|Archaludon, L50, F, tera:Grass|39/100
|turn|7
|
|t:|1756169329
|move|p2a: Amoonguss|Sludge Bomb|p1a: Archaludon
|-supereffective|p1a: Archaludon
|-damage|p1a: Archaludon|0 fnt
|faint|p1a: Archaludon
|move|p2b: Kingambit|Poison Jab|p1b: fuk as bird
|-damage|p1b: fuk as bird|36/100 slp
|cant|p1b: fuk as bird|slp
|
|-weather|none
|-sideend|p1: 5hef|move: Tailwind
|-fieldend|move: Psychic Terrain
|upkeep
|
|t:|1756169338
|switch|p1a: Basculegion|Basculegion, L50, M|67/100 psn
|turn|8
|
|t:|1756169358
|move|p1a: Basculegion|Protect|p1a: Basculegion
|-singleturn|p1a: Basculegion|Protect
|move|p2a: Amoonguss|Sludge Bomb|p1b: fuk as bird
|-damage|p1b: fuk as bird|0 fnt
|faint|p1b: fuk as bird
|move|p2b: Kingambit|Kowtow Cleave|p1a: Basculegion
|-activate|p1a: Basculegion|move: Protect
|
|-damage|p1a: Basculegion|55/100 psn|[from] psn
|-fieldend|move: Trick Room
|upkeep
|turn|9
|
|t:|1756169373
|move|p2a: Amoonguss|Rage Powder|p2a: Amoonguss
|-singleturn|p2a: Amoonguss|move: Rage Powder
|move|p1a: Basculegion|Last Respects|p2a: Amoonguss
|-damage|p2a: Amoonguss|0 fnt
|faint|p2a: Amoonguss
|-damage|p1a: Basculegion|46/100 psn|[from] item: Life Orb
|move|p2b: Kingambit|Kowtow Cleave|p1a: Basculegion
|-supereffective|p1a: Basculegion
|-damage|p1a: Basculegion|0 fnt
|faint|p1a: Basculegion
|
|win|BlackStag52
