|j|☆lettuce7
|j|☆pw9090
|html|lettuce7pw9090    
|uhtml|bestof|Game 2 of a best-of-3
|t:|1786144942
|gametype|doubles
|player|p1|lettuce7|blue|
|player|p2|pw9090|169|
|gen|9
|tier|[Gen 9 Champions] VGC 2026 Reg M-B (Bo3)
|rule|Species Clause: Limit one of each Pokémon
|rule|Item Clause: Limit 1 of each item
|clearpoke
|poke|p1|Venusaur, L50, M|
|poke|p1|Floette-Eternal, L50, F|
|poke|p1|Skarmory, L50, M|
|poke|p1|Hydreigon, L50, M|
|poke|p1|Maushold, L50|
|poke|p1|Ninetales-Alola, L50, M, shiny|
|poke|p2|Corviknight, L50, F|
|poke|p2|Dragalge, L50, F, shiny|
|poke|p2|Meowstic, L50, M|
|poke|p2|Eelektross, L50, F|
|poke|p2|Scolipede, L50, F, shiny|
|poke|p2|Annihilape, L50, F|
|teampreview|4
|showteam|p1|Venusaur||Venusaurite|Overgrow|EarthPower,SludgeBomb,SleepPowder,Protect|Timid||M|||50|]Floette-Eternal||Floettite|FlowerVeil|Moonblast,DazzlingGleam,CalmMind,Protect|Timid||F|||50|]Skarmory||Leftovers|KeenEye|BraveBird,Tailwind,Roost,Protect|Adamant||M|||50|]Hydreigon||LifeOrb|Levitate|Snarl,DarkPulse,Tailwind,Protect|Timid||M|||50|]Maushold||SitrusBerry|FriendGuard|FollowMe,Crunch,HelpingHand,Protect|Careful|||||50|]Ninetales-Alola||ChoiceScarf|SnowWarning|Blizzard,DazzlingGleam,Hex,Moonblast|Modest||M|||50|
|showteam|p2|Corviknight||Leftovers|Unnerve|IronHead,Uturn,Tailwind,BraveBird|Adamant||F|||50|]Dragalge||Dragalgite|PoisonPoint|SludgeBomb,DracoMeteor,Scald,FlipTurn|Modest||F|||50|]Meowstic||MentalHerb|Prankster|ThunderWave,PsychicNoise,LightScreen,Reflect|Calm||M|||50|]Eelektross||ExpertBelt|Levitate|Thunderbolt,Flamethrower,KnockOff,DrainPunch|Brave||F|||50|]Scolipede||LifeOrb|SpeedBoost|PoisonJab,RockSlide,Megahorn,Protect|Adamant||F|||50|]Annihilape||FocusSash|Defiant|RageFist,BulkUp,DrainPunch,CloseCombat|Adamant||F|||50|
|
|t:|1786144979
|teamsize|p1|4
|teamsize|p2|4
|start
|switch|p1a: Maushold|Maushold, L50|100/100
|switch|p1b: Ice Cream|Ninetales-Alola, L50, M, shiny|100/100
|switch|p2a: Crow|Corviknight, L50, F|100/100
|switch|p2b: The Sea Dragon|Dragalge, L50, F, shiny|100/100
|-ability|p2a: Crow|Unnerve
|-weather|Snowscape|[from] ability: Snow Warning|[of] p1b: Ice Cream
|turn|1
|
|t:|1786145006
|move|p1a: Maushold|Follow Me|p1a: Maushold
|-singleturn|p1a: Maushold|move: Follow Me
|move|p1b: Ice Cream|Blizzard|p2b: The Sea Dragon|[spread] p2a,p2b
|-supereffective|p2b: The Sea Dragon|1
|-damage|p2a: Crow|63/100
|-damage|p2b: The Sea Dragon|40/100
|move|p2a: Crow|Tailwind|p2a: Crow
|-sidestart|p2: pw9090|move: Tailwind
|move|p2b: The Sea Dragon|Sludge Bomb|p1a: Maushold
|-damage|p1a: Maushold|61/100
|-status|p1a: Maushold|psn
|
|-weather|Snowscape|[upkeep]
|-heal|p2a: Crow|69/100|[from] item: Leftovers
|-damage|p1a: Maushold|49/100 psn|[from] psn
|upkeep
|turn|2
|
|t:|1786145048
|move|p1a: Maushold|Helping Hand|p1b: Ice Cream
|-singleturn|p1b: Ice Cream|Helping Hand|[of] p1a: Maushold
|move|p1b: Ice Cream|Blizzard|p2b: The Sea Dragon|[spread] p2a,p2b
|-supereffective|p2b: The Sea Dragon|1
|-damage|p2a: Crow|17/100
|-damage|p2b: The Sea Dragon|0 fnt
|faint|p2b: The Sea Dragon
|move|p2a: Crow|U-turn|p1a: Maushold
|-damage|p1a: Maushold|25/100 psn
|
|t:|1786145071
|switch|p2a: Shadow|Meowstic, L50, M|100/100|[from] U-turn
|-enditem|p1a: Maushold|Sitrus Berry|[eat]
|-heal|p1a: Maushold|50/100g psn|[from] item: Sitrus Berry
|
|-weather|Snowscape|[upkeep]
|-damage|p1a: Maushold|38/100 psn|[from] psn
|upkeep
|
|t:|1786145080
|switch|p2b: Jawless|Eelektross, L50, F|100/100
|turn|3
|
|t:|1786145120
|move|p1a: Maushold|Follow Me|p1a: Maushold
|-singleturn|p1a: Maushold|move: Follow Me
|move|p2a: Shadow|Light Screen|p2a: Shadow
|-sidestart|p2: pw9090|move: Light Screen
|move|p1b: Ice Cream|Blizzard|p2a: Shadow|[spread] p2a,p2b
|-damage|p2a: Shadow|77/100
|-damage|p2b: Jawless|72/100
|move|p2b: Jawless|Flamethrower|p1a: Maushold
|-damage|p1a: Maushold|14/100 psn
|
|-weather|Snowscape|[upkeep]
|-damage|p1a: Maushold|2/100 psn|[from] psn
|upkeep
|turn|4
|
|t:|1786145165
|move|p1a: Maushold|Helping Hand|p1b: Ice Cream
|-singleturn|p1b: Ice Cream|Helping Hand|[of] p1a: Maushold
|move|p2a: Shadow|Reflect|p2a: Shadow
|-sidestart|p2: pw9090|Reflect
|move|p1b: Ice Cream|Blizzard|p2b: Jawless|[spread] p2a,p2b
|-damage|p2a: Shadow|45/100
|-damage|p2b: Jawless|34/100
|move|p2b: Jawless|Flamethrower|p1b: Ice Cream
|-supereffective|p1b: Ice Cream|1
|-damage|p1b: Ice Cream|53/100
|
|-weather|Snowscape|[upkeep]
|-damage|p1a: Maushold|0 fnt|[from] psn
|faint|p1a: Maushold
|-sideend|p2: pw9090|move: Tailwind
|upkeep
|
|t:|1786145177
|switch|p1a: Floette|Floette-Eternal, L50, F|100/100
|turn|5
|
|t:|1786145216
|detailschange|p1a: Floette|Floette-Mega, L50, F
|-mega|p1a: Floette|Floette|Floettite
|-ability|p1a: Floette|Fairy Aura
|move|p1b: Ice Cream|Blizzard|p2b: Jawless|[spread] p2a,p2b
|-damage|p2a: Shadow|23/100
|-damage|p2b: Jawless|8/100
|move|p1a: Floette|Dazzling Gleam|p2b: Jawless|[spread] p2a,p2b
|-damage|p2a: Shadow|0 fnt
|-damage|p2b: Jawless|0 fnt
|faint|p2a: Shadow
|faint|p2b: Jawless
|
|-weather|none
|upkeep
|
|t:|1786145236
|switch|p2b: Crow|Corviknight, L50, F|17/100
|-ability|p2b: Crow|Unnerve
|turn|6
|
|t:|1786145246
|switch|p1b: Egg|Skarmory, L50, M|100/100
|move|p1a: Floette|Moonblast|p2b: Crow
|-resisted|p2b: Crow|1
|-damage|p2b: Crow|0 fnt
|faint|p2b: Crow
|
|win|lettuce7
|c|☆lettuce7|ggs!
