|j|â˜†DaVVinc1
|j|â˜†Famyos
|html|DaVVinc1Famyos    
|uhtml|bestof|Game 2 of a best-of-3
|t:|1783630975
|gametype|doubles
|player|p1|DaVVinc1|101|
|player|p2|Famyos|miku-flying|
|gen|9
|tier|[Gen 9 Champions] VGC 2026 Reg M-B (Bo3)
|rule|Species Clause: Limit one of each PokÃ©mon
|rule|Item Clause: Limit 1 of each item
|clearpoke
|poke|p1|Tinkaton, L50, F|
|poke|p1|Skarmory, L50, F|
|poke|p1|Starmie, L50|
|poke|p1|Conkeldurr, L50, F|
|poke|p1|Wyrdeer, L50, M|
|poke|p1|Golurk, L50|
|poke|p2|Reuniclus, L50, F|
|poke|p2|Empoleon, L50, M|
|poke|p2|Ceruledge, L50, F|
|poke|p2|Eelektross, L50, M|
|poke|p2|Ninetales-Alola, L50, M|
|poke|p2|Dragalge, L50, M|
|teampreview|4
|showteam|p1|Tinkaton||SitrusBerry|MoldBreaker|FakeOut,Encore,GigatonHammer,KnockOff|Jolly||F|||50|]Skarmory||Skarmorite|Sturdy|Tailwind,BraveBird,Protect,DrillRun|Adamant||F|||50|]Starmie||Starminite|NaturalCure|ZenHeadbutt,AquaJet,FlipTurn,Liquidation|Adamant|||||50|]Conkeldurr||PayapaBerry|SheerForce|CloseCombat,RockSlide,ThunderPunch,KnockOff|Adamant||F|||50|]Wyrdeer||Leftovers|SapSipper|TrickRoom,PsyshieldBash,Protect,EarthPower|Sassy||M|||50|]Golurk||LifeOrb|NoGuard|Earthquake,HeadlongRush,Poltergeist,Protect|Adamant|||||50|
|showteam|p2|Reuniclus||SitrusBerry|Overcoat|PsychicNoise,Thunder,TrickRoom,AllySwitch|Quiet||F|||50|]Empoleon||ChoiceScarf|Competitive|Surf,FlashCannon,IceBeam,HydroCannon|Timid||M|||50|]Ceruledge||FocusSash|WeakArmor|Poltergeist,ShadowSneak,BitterBlade,Protect|Jolly||F|||50|]Eelektross||Eelektrossite|Levitate|Thunderbolt,Flamethrower,GrassKnot,Protect|Modest||M|||50|]Ninetales-Alola||LightClay|SnowWarning|Moonblast,FreezeDry,Encore,AuroraVeil|Timid||M|||50|]Dragalge||Dragalgite|Adaptability|DracoMeteor,Scald,Thunderbolt,Protect|Quiet||M|||50|
|j| VaneIIa
|j| NotNumber1
|
|t:|1783631032
|teamsize|p1|4
|teamsize|p2|4
|start
|switch|p1a: Golurk|Golurk, L50|100/100
|switch|p1b: Starmie|Starmie, L50|100/100
|switch|p2a: Ceruledge|Ceruledge, L50, F|100/100
|switch|p2b: Ninetales|Ninetales-Alola, L50, M|100/100
|-weather|Snowscape|[from] ability: Snow Warning|[of] p2b: Ninetales
|turn|1
|j| iamresh
|
|t:|1783631089
|detailschange|p1b: Starmie|Starmie-Mega, L50
|-mega|p1b: Starmie|Starmie|Starminite
|move|p1b: Starmie|Liquidation|p2b: Ninetales
|-damage|p2b: Ninetales|19/100
|move|p2b: Ninetales|Aurora Veil|p2b: Ninetales
|-sidestart|p2: Famyos|move: Aurora Veil
|move|p2a: Ceruledge|Poltergeist|p1a: Golurk
|-activate|p1a: Golurk|move: Poltergeist|Life Orb
|-supereffective|p1a: Golurk|1
|-damage|p1a: Golurk|0 fnt
|faint|p1a: Golurk
|
|-weather|Snowscape|[upkeep]
|upkeep
|
|t:|1783631106
|switch|p1a: Wyrdeer|Wyrdeer, L50, M|100/100
|turn|2
|j| Prof Drix
|l| Prof Drix
|
|t:|1783631159
|move|p2b: Ninetales|Moonblast|p1a: Wyrdeer
|-damage|p1a: Wyrdeer|68/100
|move|p1b: Starmie|Flip Turn|p2b: Ninetales
|-damage|p2b: Ninetales|0 fnt
|faint|p2b: Ninetales
|
|t:|1783631166
|switch|p1b: Tinkaton|Tinkaton, L50, F|100/100|[from] Flip Turn
|-ability|p1b: Tinkaton|Mold Breaker
|move|p2a: Ceruledge|Poltergeist|p1b: Tinkaton
|-activate|p1b: Tinkaton|move: Poltergeist|Sitrus Berry
|-damage|p1b: Tinkaton|53/100
|move|p1a: Wyrdeer|Trick Room|p1a: Wyrdeer
|-fieldstart|move: Trick Room|[of] p1a: Wyrdeer
|
|-weather|Snowscape|[upkeep]
|-heal|p1a: Wyrdeer|74/100|[from] item: Leftovers
|upkeep
|c|â˜†Famyos|why is it a speed tie
|c|â˜†Famyos|wtf
|j| Prof Drix
|
|t:|1783631178
|switch|p2b: Dragalge|Dragalge, L50, M|100/100
|turn|3
|
|t:|1783631202
|move|p1b: Tinkaton|Fake Out|p2b: Dragalge
|-damage|p2b: Dragalge|94/100
|cant|p2b: Dragalge|flinch
|move|p1a: Wyrdeer|Psyshield Bash|p2a: Ceruledge
|-damage|p2a: Ceruledge|71/100
|-boost|p1a: Wyrdeer|def|1
|-ability|p2a: Ceruledge|Weak Armor|boost
|-unboost|p2a: Ceruledge|def|1
|-boost|p2a: Ceruledge|spe|2
|move|p2a: Ceruledge|Bitter Blade|p1b: Tinkaton
|-supereffective|p1b: Tinkaton|1
|-damage|p1b: Tinkaton|0 fnt
|-heal|p2a: Ceruledge|100/100|[from] drain|[of] p1b: Tinkaton
|faint|p1b: Tinkaton
|
|-weather|Snowscape|[upkeep]
|-heal|p1a: Wyrdeer|80/100|[from] item: Leftovers
|upkeep
|c| VaneIIa|wild
|
|t:|1783631219
|switch|p1b: Starmie|Starmie-Mega, L50|100/100
|turn|4
|
|t:|1783631261
|detailschange|p2b: Dragalge|Dragalge-Mega, L50, M
|-mega|p2b: Dragalge|Dragalge|Dragalgite
|move|p2a: Ceruledge|Shadow Sneak|p1b: Starmie
|-supereffective|p1b: Starmie|1
|-damage|p1b: Starmie|50/100y
|move|p2b: Dragalge|Thunderbolt|p1b: Starmie
|-supereffective|p1b: Starmie|1
|-damage|p1b: Starmie|0 fnt
|faint|p1b: Starmie
|move|p1a: Wyrdeer|Psyshield Bash|p2a: Ceruledge
|-damage|p2a: Ceruledge|53/100
|-boost|p1a: Wyrdeer|def|1
|-ability|p2a: Ceruledge|Weak Armor|boost
|-unboost|p2a: Ceruledge|def|1
|-boost|p2a: Ceruledge|spe|2
|
|-weather|Snowscape|[upkeep]
|-heal|p1a: Wyrdeer|87/100|[from] item: Leftovers
|upkeep
|turn|5
|
|t:|1783631295
|switch|p2a: Eelektross|Eelektross, L50, M|100/100
|move|p1a: Wyrdeer|Protect|p1a: Wyrdeer
|-singleturn|p1a: Wyrdeer|Protect
|move|p2b: Dragalge|Draco Meteor|p1a: Wyrdeer
|-activate|p1a: Wyrdeer|move: Protect
|
|-weather|none
|-heal|p1a: Wyrdeer|93/100|[from] item: Leftovers
|upkeep
|turn|6
|
|t:|1783631307
|move|p2b: Dragalge|Draco Meteor|p1a: Wyrdeer
|-damage|p1a: Wyrdeer|25/100
|-unboost|p2b: Dragalge|spa|2
|move|p1a: Wyrdeer|Psyshield Bash|p2b: Dragalge
|-supereffective|p2b: Dragalge|1
|-damage|p2b: Dragalge|51/100
|-boost|p1a: Wyrdeer|def|1
|move|p2a: Eelektross|Thunderbolt|p1a: Wyrdeer
|-damage|p1a: Wyrdeer|0 fnt
|faint|p1a: Wyrdeer
|
|win|Famyos
||DaVVinc1 is ready for game 3.
||Famyos is ready for game 3.
|uhtml|next|Next: Game 3 of 3
|l| Prof Drix
|j| NFE is a real tier
|l| NotNumber1
