|j|☆zubrowka
|j|☆platanoso
|html|zubrowkaplatanoso    
|uhtml|bestof|Game 1 of a best-of-3
|t:|1785971167
|gametype|doubles
|player|p1|zubrowka|clair|1192
|player|p2|platanoso|madame-gen4|1265
|gen|9
|tier|[Gen 9 Champions] VGC 2026 Reg M-B (Bo3)
|rated|
|rule|Species Clause: Limit one of each Pokémon
|rule|Item Clause: Limit 1 of each item
|clearpoke
|poke|p1|Floette-Eternal, L50, F|
|poke|p1|Sinistcha, L50|
|poke|p1|Basculegion, L50, M|
|poke|p1|Glimmora, L50, M|
|poke|p1|Staraptor, L50, F|
|poke|p1|Grimmsnarl, L50, M|
|poke|p2|Floette-Eternal, L50, F|
|poke|p2|Sneasler, L50, M|
|poke|p2|Incineroar, L50, M|
|poke|p2|Sinistcha, L50|
|poke|p2|Delphox, L50, F|
|poke|p2|Garchomp, L50, M|
|teampreview|4
|showteam|p1|Floette-Eternal||Floettite|FlowerVeil|DazzlingGleam,DrainingKiss,CalmMind,Protect|Modest||F|||50|]Sinistcha||ColburBerry|Hospitality|MatchaGotcha,LifeDew,RagePowder,Protect|Calm|||||50|]Basculegion||ChoiceScarf|Adaptability|WaveCrash,FlipTurn,AquaJet,LastRespects|Jolly||M|||50|]Glimmora||FocusSash|ToxicDebris|PowerGem,SludgeBomb,EarthPower,SpikyShield|Modest||M|||50|]Staraptor||Staraptite|Intimidate|DualWingbeat,CloseCombat,Tailwind,Protect|Jolly||F|||50|]Grimmsnarl||LightClay|Prankster|LightScreen,Reflect,FoulPlay,PartingShot|Impish||M|||50|
|showteam|p2|Floette-Eternal||Floettite|FlowerVeil|DazzlingGleam,DrainingKiss,CalmMind,Protect|Modest||F|||50|]Sneasler||FocusSash|PoisonTouch|CloseCombat,PoisonJab,FakeOut,Protect|Jolly||M|||50|]Incineroar||SitrusBerry|Intimidate|FlareBlitz,DarkestLariat,PartingShot,FakeOut|Impish||M|||50|]Sinistcha||OccaBerry|Hospitality|MatchaGotcha,RagePowder,TrickRoom,Protect|Bold|||||50|]Delphox||Delphoxite|Blaze|Psychic,HeatWave,NastyPlot,Protect|Timid||F|||50|]Garchomp||ChoiceScarf|RoughSkin|DragonClaw,StompingTantrum,Earthquake,RockSlide|Adamant||M|||50|
|inactive|Battle timer is ON: inactive players will automatically lose when time's up. (requested by zubrowka)
|inactive|platanoso has 60 seconds left.
|inactive|platanoso has 30 seconds left.
|
|t:|1785971246
|teamsize|p1|4
|teamsize|p2|4
|start
|switch|p1a: Grimmsnarl|Grimmsnarl, L50, M|100/100
|switch|p1b: Glimmora|Glimmora, L50, M|100/100
|switch|p2a: Sneasler|Sneasler, L50, M|100/100
|switch|p2b: Delphox|Delphox, L50, F|100/100
|turn|1
|
|t:|1785971270
|detailschange|p2b: Delphox|Delphox-Mega, L50, F
|-mega|p2b: Delphox|Delphox|Delphoxite
|move|p2a: Sneasler|Fake Out|p1a: Grimmsnarl
|-damage|p1a: Grimmsnarl|87/100
|-status|p1a: Grimmsnarl|psn|[from] ability: Poison Touch|[of] p2a: Sneasler
|cant|p1a: Grimmsnarl|flinch
|move|p2b: Delphox|Nasty Plot|p2b: Delphox
|-boost|p2b: Delphox|spa|2
|move|p1b: Glimmora|Earth Power|p2a: Sneasler
|-supereffective|p2a: Sneasler|1
|-damage|p2a: Sneasler|10/100
|
|-damage|p1a: Grimmsnarl|74/100 psn|[from] psn
|upkeep
|turn|2
|inactive|platanoso has 30 seconds left.
|
|t:|1785971297
|move|p1b: Glimmora|Spiky Shield|p1b: Glimmora
|-singleturn|p1b: Glimmora|move: Protect
|move|p1a: Grimmsnarl|Reflect|p1a: Grimmsnarl
|-sidestart|p1: zubrowka|Reflect
|move|p2b: Delphox|Heat Wave|p1a: Grimmsnarl|[spread] p1a
|-activate|p1b: Glimmora|move: Protect
|-damage|p1a: Grimmsnarl|4/100 psn
|move|p2a: Sneasler|Poison Jab|p1b: Glimmora
|-activate|p1b: Glimmora|move: Protect
|-damage|p2a: Sneasler|0 fnt|[from] Spiky Shield|[of] p1b: Glimmora
|faint|p2a: Sneasler
|
|-damage|p1a: Grimmsnarl|0 fnt|[from] psn
|faint|p1a: Grimmsnarl
|upkeep
|
|t:|1785971322
|switch|p2a: Garchomp|Garchomp, L50, M|100/100
|switch|p1a: Floette|Floette-Eternal, L50, F|100/100
|turn|3
|inactive|platanoso has 30 seconds left.
|inactive|platanoso has 20 seconds left.
|inactive|platanoso has 15 seconds left.
|
|t:|1785971364
|detailschange|p1a: Floette|Floette-Mega, L50, F
|-mega|p1a: Floette|Floette|Floettite
|-ability|p1a: Floette|Fairy Aura
|move|p2a: Garchomp|Earthquake|p1a: Floette|[spread] p1a,p1b
|-immune|p2b: Delphox|[from] ability: Levitate
|-supereffective|p1b: Glimmora|2
|-damage|p1a: Floette|71/100
|-enditem|p1b: Glimmora|Focus Sash
|-damage|p1b: Glimmora|1/100
|-activate|p1b: Glimmora|ability: Toxic Debris
|-sidestart|p2: platanoso|move: Toxic Spikes
|move|p2b: Delphox|Heat Wave|p1b: Glimmora|[spread] p1a,p1b
|-resisted|p1b: Glimmora|1
|-damage|p1a: Floette|17/100
|-damage|p1b: Glimmora|0 fnt
|faint|p1b: Glimmora
|move|p1a: Floette|Draining Kiss|p2a: Garchomp
|-supereffective|p2a: Garchomp|1
|-damage|p2a: Garchomp|17/100
|-heal|p1a: Floette|86/100|[from] drain|[of] p2a: Garchomp
|-damage|p1a: Floette|74/100|[from] ability: Rough Skin|[of] p2a: Garchomp
|
|upkeep
|
|t:|1785971384
|switch|p1b: Basculegion|Basculegion, L50, M|100/100
|turn|4
|inactive|zubrowka has 30 seconds left.
|inactive|platanoso has 30 seconds left.
|
|t:|1785971410
|move|p2b: Delphox|Protect|p2b: Delphox
|-singleturn|p2b: Delphox|Protect
|move|p2a: Garchomp|Earthquake|p1b: Basculegion|[spread] p1a,p1b
|-activate|p2b: Delphox|move: Protect
|-damage|p1a: Floette|45/100
|-damage|p1b: Basculegion|60/100
|move|p1b: Basculegion|Last Respects|p2b: Delphox
|-activate|p2b: Delphox|move: Protect
|move|p1a: Floette|Draining Kiss|p2a: Garchomp
|-supereffective|p2a: Garchomp|1
|-damage|p2a: Garchomp|0 fnt
|-heal|p1a: Floette|60/100|[from] drain|[of] p2a: Garchomp
|-damage|p1a: Floette|47/100|[from] ability: Rough Skin|[of] p2a: Garchomp
|faint|p2a: Garchomp
|
|upkeep
|
|t:|1785971420
|switch|p2a: Sinistcha|Sinistcha, L50|100/100
|-status|p2a: Sinistcha|psn
|turn|5
|
|t:|1785971433
|move|p2a: Sinistcha|Rage Powder|p2a: Sinistcha
|-singleturn|p2a: Sinistcha|move: Rage Powder
|move|p1b: Basculegion|Last Respects|p2a: Sinistcha
|-supereffective|p2a: Sinistcha|1
|-damage|p2a: Sinistcha|0 fnt
|faint|p2a: Sinistcha
|move|p2b: Delphox|Psychic|p1b: Basculegion
|-damage|p1b: Basculegion|0 fnt
|faint|p1b: Basculegion
|move|p1a: Floette|Calm Mind|p1a: Floette
|-boost|p1a: Floette|spa|1
|-boost|p1a: Floette|spd|1
|
|upkeep
|turn|6
|
|t:|1785971447
|move|p2b: Delphox|Psychic|p1a: Floette
|-damage|p1a: Floette|0 fnt
|faint|p1a: Floette
|
|win|platanoso
||platanoso is ready for game 2.
||zubrowka is ready for game 2.
|uhtml|next|Next: Game 2 of 3
|l|☆zubrowka
|player|p1|
|l|☆platanoso
|player|p2|
|j|☆zubrowka
|player|p1|zubrowka|clair|
