|j|☆5NitesAtTrickRoom
|j|☆patchspitzy
|html|5NitesAtTrickRoompatchspitzy    
|uhtml|bestof|Game 1 of a best-of-3
|t:|1757808690
|gametype|doubles
|player|p1|5NitesAtTrickRoom|hilbert|
|player|p2|patchspitzy|roark|
|gen|9
|tier|[Gen 9] VGC 2025 Reg H (Bo3)
|rule|Species Clause: Limit one of each Pokémon
|rule|Item Clause: Limit 1 of each item
|clearpoke
|poke|p1|Sinistcha-Masterpiece, L50|
|poke|p1|Annihilape, L50, F|
|poke|p1|Maushold-Four, L50|
|poke|p1|Incineroar, L50, F|
|poke|p1|Zoroark-Hisui, L50, F|
|poke|p1|Ursaluna-Bloodmoon, L50, M|
|poke|p2|Sneasler, L50, M|
|poke|p2|Dragapult, L50, F|
|poke|p2|Primarina, L50, F|
|poke|p2|Rillaboom, L50, M|
|poke|p2|Kingambit, L50, F|
|poke|p2|Electabuzz, L50, M|
|teampreview|4
|showteam|p1|Sinistcha-Masterpiece||SitrusBerry|Hospitality|RagePowder,MatchaGotcha,TrickRoom,LifeDew||||||50|,,,,,Dark]Annihilape||Leftovers|Defiant|DrainPunch,RageFist,BulkUp,Protect|||F|||50|,,,,,Water]Maushold-Four||SafetyGoggles|FriendGuard|Taunt,BeatUp,FollowMe,Protect||||||50|,,,,,Ghost]Incineroar||AssaultVest|Intimidate|FakeOut,FlareBlitz,KnockOff,Uturn|||F|||50|,,,,,Grass]Zoroark-Hisui||FocusSash|Illusion|HyperVoice,HyperBeam,IcyWind,BitterMalice|||F|||50|,,,,,Stellar]Ursaluna-Bloodmoon||LifeOrb|MindsEye|Protect,BloodMoon,HyperVoice,EarthPower|||M|||50|,,,,,Normal
|showteam|p2|Sneasler||FocusSash|PoisonTouch|CloseCombat,DireClaw,FakeOut,Protect|||M|||50|,,,,,Stellar]Dragapult||ChoiceBand|ClearBody|DragonDarts,Outrage,PhantomForce,Uturn|||F|||50|,,,,,Dragon]Primarina||LifeOrb|LiquidVoice|HyperVoice,Moonblast,Haze,Protect|||F|||50|,,,,,Grass]Rillaboom||AssaultVest|GrassySurge|WoodHammer,GrassyGlide,HighHorsepower,FakeOut|||M|||50|,,,,,Fire]Kingambit||BlackGlasses|Defiant|KowtowCleave,SuckerPunch,SwordsDance,Protect|||F|||50|,,,,,Ghost]Electabuzz||Eviolite|VitalSpirit|Thunderbolt,FollowMe,HelpingHand,Protect|||M|||50|,,,,,Ghost
|
|t:|1757808729
|teamsize|p1|4
|teamsize|p2|4
|start
|switch|p1a: Maushold|Maushold-Four, L50|100/100
|switch|p1b: Annihilape|Annihilape, L50, F|100/100
|switch|p2a: Queen|Kingambit, L50, F|100/100
|switch|p2b: Laa-Laa|Electabuzz, L50, M|100/100
|turn|1
|
|t:|1757808749
|move|p2b: Laa-Laa|Follow Me|p2b: Laa-Laa
|-singleturn|p2b: Laa-Laa|move: Follow Me
|move|p1a: Maushold|Taunt|p2b: Laa-Laa
|-start|p2b: Laa-Laa|move: Taunt
|move|p1b: Annihilape|Bulk Up|p1b: Annihilape
|-boost|p1b: Annihilape|atk|1
|-boost|p1b: Annihilape|def|1
|move|p2a: Queen|Swords Dance|p2a: Queen
|-boost|p2a: Queen|atk|2
|
|upkeep
|turn|2
|
|t:|1757808813
|-terastallize|p2a: Queen|Ghost
|move|p1a: Maushold|Beat Up|p1b: Annihilape
|-damage|p1b: Annihilape|99/100
|-damage|p1b: Annihilape|97/100
|-damage|p1b: Annihilape|96/100
|-damage|p1b: Annihilape|94/100
|-hitcount|p1b: Annihilape|4
|move|p1b: Annihilape|Drain Punch|p2a: Queen
|-immune|p2a: Queen
|move|p2b: Laa-Laa|Thunderbolt|p1a: Maushold
|-damage|p1a: Maushold|60/100
|move|p2a: Queen|Kowtow Cleave|p1a: Maushold
|-damage|p1a: Maushold|0 fnt
|faint|p1a: Maushold
|
|-heal|p1b: Annihilape|99/100|[from] item: Leftovers
|upkeep
|
|t:|1757808827
|switch|p1a: Sinistcha|Sinistcha-Masterpiece, L50|100/100
|-heal|p1b: Annihilape|100/100|[from] ability: Hospitality|[of] p1a: Sinistcha
|turn|3
|
|t:|1757808855
|move|p2a: Queen|Protect|p2a: Queen
|-singleturn|p2a: Queen|Protect
|move|p1b: Annihilape|Rage Fist|p2b: Laa-Laa
|-damage|p2b: Laa-Laa|0 fnt
|faint|p2b: Laa-Laa
|move|p1a: Sinistcha|Matcha Gotcha|p2a: Queen
|-activate|p2a: Queen|move: Protect
|
|upkeep
|
|t:|1757808892
|switch|p2b: B-2|Dragapult, L50, F|100/100
|turn|4
|
|t:|1757808926
|move|p1a: Sinistcha|Rage Powder|p1a: Sinistcha
|-singleturn|p1a: Sinistcha|move: Rage Powder
|move|p2b: B-2|Phantom Force||[still]
|-prepare|p2b: B-2|Phantom Force
|move|p1b: Annihilape|Rage Fist|p2a: Queen
|-supereffective|p2a: Queen
|-damage|p2a: Queen|0 fnt
|faint|p2a: Queen
|
|upkeep
|
|t:|1757808933
|switch|p2a: Slayyy|Primarina, L50, F|100/100
|turn|5
|
|t:|1757808950
|-terastallize|p1a: Sinistcha|Dark
|move|p1a: Sinistcha|Rage Powder|p1a: Sinistcha
|-singleturn|p1a: Sinistcha|move: Rage Powder
|move|p2b: B-2|Phantom Force|p1a: Sinistcha|[from] lockedmove
|-resisted|p1a: Sinistcha
|-damage|p1a: Sinistcha|70/100
|move|p1b: Annihilape|Rage Fist|p2a: Slayyy
|-damage|p2a: Slayyy|0 fnt
|faint|p2a: Slayyy
|
|upkeep
|turn|6
|
|t:|1757808964
|move|p2b: B-2|Phantom Force||[still]
|-prepare|p2b: B-2|Phantom Force
|move|p1b: Annihilape|Rage Fist|p2b: B-2|[miss]
|-miss|p1b: Annihilape|p2b: B-2
|move|p1a: Sinistcha|Life Dew||[still]|[spread] p1a,p1b
|-heal|p1a: Sinistcha|95/100
|-fail|p1b: Annihilape|heal
|
|upkeep
|turn|7
|
|t:|1757808975
|move|p1a: Sinistcha|Rage Powder|p1a: Sinistcha
|-singleturn|p1a: Sinistcha|move: Rage Powder
|move|p2b: B-2|Phantom Force|p1a: Sinistcha|[from] lockedmove
|-resisted|p1a: Sinistcha
|-damage|p1a: Sinistcha|63/100
|move|p1b: Annihilape|Rage Fist|p2b: B-2
|-supereffective|p2b: B-2
|-damage|p2b: B-2|0 fnt
|faint|p2b: B-2
|
|win|5NitesAtTrickRoom
||patchspitzy is ready for game 2.
|inactive|5NitesAtTrickRoom has 30 seconds to confirm battle start!
|inactive|5NitesAtTrickRoom has 20 seconds to confirm battle start!
|inactive|5NitesAtTrickRoom has 10 seconds to confirm battle start!
|uhtml|next|Next: Game 2 of 3
