|j|☆BeauLavorre
|j|☆WASHINGTONGARGACHA
|html|BeauLavorreWASHINGTONGARGACHA    
|uhtml|bestof|Game 3 of a best-of-3
|t:|1757853516
|gametype|doubles
|player|p1|BeauLavorre|rocketgruntf|1018
|player|p2|WASHINGTONGARGACHA|169|1120
|gen|9
|tier|[Gen 9] VGC 2025 Reg H (Bo3)
|rated|
|rule|Species Clause: Limit one of each Pokémon
|rule|Item Clause: Limit 1 of each item
|clearpoke
|poke|p1|Mimikyu, L50, F|
|poke|p1|Lilligant-Hisui, L50, F|
|poke|p1|Torkoal, L50, F|
|poke|p1|Talonflame, L50, F|
|poke|p1|Indeedee-F, L50, F|
|poke|p1|Armarouge, L50, M|
|poke|p2|Typhlosion-Hisui, L50, M|
|poke|p2|Whimsicott, L50, F|
|poke|p2|Dragapult, L50, M|
|poke|p2|Torkoal, L50, M|
|poke|p2|Lilligant-Hisui, L50, F|
|poke|p2|Electabuzz, L50, M|
|teampreview|4
|showteam|p1|Mimikyu||LifeOrb|Disguise|PlayRough,Protect,ShadowSneak,TrickRoom|||F|||50|,,,,,Fairy]Lilligant-Hisui||FocusSash|Chlorophyll|CloseCombat,SleepPowder,AfterYou,SolarBlade|||F|||50|,,,,,Fighting]Torkoal||EjectPack|Drought|EarthPower,Eruption,Overheat,Protect|||F|||50|,,,,,Fire]Talonflame||CovertCloak|GaleWings|DualWingbeat,FlareBlitz,Tailwind,SunnyDay|||F|||50|,,,,,Fire]Indeedee-F||RockyHelmet|PsychicSurge|TrickRoom,FollowMe,HelpingHand,AlluringVoice|||F|||50|,,,,,Fairy]Armarouge||PsychicSeed|FlashFire|ArmorCannon,ExpandingForce,Protect,WideGuard|||M|||50|,,,,,Dragon
|showteam|p2|Typhlosion-Hisui||ChoiceSpecs|Blaze|HeatWave,Eruption,ShadowBall,FocusPunch|||M|||50|,,,,,Fire]Whimsicott||CovertCloak|Prankster|Tailwind,Moonblast,SunnyDay,Encore|||F|||50|,,,,,Water]Dragapult||ChoiceBand|ClearBody|Uturn,DragonTail,DragonDarts,PhantomForce|||M|||50|,,,,,Dragon]Torkoal||LifeOrb|Drought|HeatWave,Eruption,Protect,WeatherBall|||M|||50|,,,,,Fire]Lilligant-Hisui||FocusSash|Chlorophyll|CloseCombat,SleepPowder,AfterYou,LeafBlade|||F|||50|,,,,,Ghost]Electabuzz||Eviolite|VitalSpirit|FollowMe,Taunt,Electroweb,Protect|||M|||50|,,,,,Grass
|inactive|Battle timer is ON: inactive players will automatically lose when time's up. (requested by BeauLavorre)
|
|t:|1757853546
|teamsize|p1|4
|teamsize|p2|4
|start
|switch|p1a: Indeedee|Indeedee-F, L50, F|100/100
|switch|p1b: Armarouge|Armarouge, L50, M|100/100
|switch|p2a: Lilligant|Lilligant-Hisui, L50, F|100/100
|switch|p2b: Electabuzz|Electabuzz, L50, M|100/100
|-fieldstart|move: Psychic Terrain|[from] ability: Psychic Surge|[of] p1a: Indeedee
|-enditem|p1b: Armarouge|Psychic Seed
|-boost|p1b: Armarouge|spd|1|[from] item: Psychic Seed
|turn|1
|
|t:|1757853567
|move|p2b: Electabuzz|Taunt|p1a: Indeedee
|-start|p1a: Indeedee|move: Taunt
|move|p2a: Lilligant|Sleep Powder|p1b: Armarouge|[miss]
|-miss|p2a: Lilligant|p1b: Armarouge
|move|p1b: Armarouge|Expanding Force|p2b: Electabuzz|[spread] p2a,p2b
|-supereffective|p2a: Lilligant
|-enditem|p2a: Lilligant|Focus Sash
|-damage|p2a: Lilligant|1/100
|-damage|p2b: Electabuzz|48/100
|move|p1a: Indeedee|Alluring Voice|p2a: Lilligant
|-supereffective|p2a: Lilligant
|-damage|p2a: Lilligant|0 fnt
|faint|p2a: Lilligant
|
|upkeep
|
|t:|1757853581
|switch|p2a: Dragapult|Dragapult, L50, M|100/100
|turn|2
|
|t:|1757853589
|switch|p1a: Torkoal|Torkoal, L50, F|100/100
|-weather|SunnyDay|[from] ability: Drought|[of] p1a: Torkoal
|move|p2a: Dragapult|Phantom Force||[still]
|-prepare|p2a: Dragapult|Phantom Force
|move|p2b: Electabuzz|Taunt|p1b: Armarouge
|-start|p1b: Armarouge|move: Taunt
|move|p1b: Armarouge|Expanding Force|p2a: Dragapult|[spread] p2b
|-miss|p1b: Armarouge|p2a: Dragapult
|-damage|p2b: Electabuzz|0 fnt
|faint|p2b: Electabuzz
|
|-weather|SunnyDay|[upkeep]
|upkeep
|
|t:|1757853601
|switch|p2b: Torkoal|Torkoal, L50, M|100/100
|turn|3
|
|t:|1757853624
|-terastallize|p2b: Torkoal|Fire
|move|p2a: Dragapult|Phantom Force|p1b: Armarouge|[from] lockedmove
|-supereffective|p1b: Armarouge
|-damage|p1b: Armarouge|0 fnt
|faint|p1b: Armarouge
|move|p2b: Torkoal|Weather Ball|p1a: Torkoal
|-resisted|p1a: Torkoal
|-damage|p1a: Torkoal|25/100
|-damage|p2b: Torkoal|91/100|[from] item: Life Orb
|move|p1a: Torkoal|Earth Power|p2b: Torkoal
|-supereffective|p2b: Torkoal
|-damage|p2b: Torkoal|24/100
|
|-weather|SunnyDay|[upkeep]
|upkeep
|
|t:|1757853642
|switch|p1b: Lilligant|Lilligant-Hisui, L50, F|100/100
|turn|4
|
|t:|1757853660
|move|p2b: Torkoal|Protect|p2b: Torkoal
|-singleturn|p2b: Torkoal|Protect
|move|p1b: Lilligant|After You|p1a: Torkoal
|-activate|p1a: Torkoal|move: After You
|move|p1a: Torkoal|Earth Power|p2b: Torkoal
|-activate|p2b: Torkoal|move: Protect
|move|p2a: Dragapult|Phantom Force||[still]
|-prepare|p2a: Dragapult|Phantom Force
|
|-weather|SunnyDay|[upkeep]
|upkeep
|turn|5
|
|t:|1757853683
|switch|p1a: Indeedee|Indeedee-F, L50, F|100/100
|move|p2b: Torkoal|Protect||[still]
|-fail|p2b: Torkoal
|move|p1b: Lilligant|Close Combat|p2b: Torkoal
|-damage|p2b: Torkoal|0 fnt
|-unboost|p1b: Lilligant|def|1
|-unboost|p1b: Lilligant|spd|1
|faint|p2b: Torkoal
|move|p2a: Dragapult|Phantom Force|p1b: Lilligant|[from] lockedmove
|-enditem|p1b: Lilligant|Focus Sash
|-damage|p1b: Lilligant|1/100
|
|-weather|SunnyDay|[upkeep]
|-fieldend|move: Psychic Terrain
|upkeep
|turn|6
|-message|WASHINGTONGARGACHA forfeited.
|
|win|BeauLavorre
|raw|BeauLavorre's rating: 1018 → 1066(+48 for winning)
|raw|WASHINGTONGARGACHA's rating: 1120 → 1088(-32 for losing)
