|j|☆NightshadeAI
|j|☆theberrybandit
|html|NightshadeAItheberrybandit    
|uhtml|bestof|Game 1 of a best-of-3
|t:|1783434024
|gametype|doubles
|player|p1|NightshadeAI|265|1112
|player|p2|theberrybandit|hiker-gen4|1129
|gen|9
|tier|[Gen 9 Champions] VGC 2026 Reg M-B (Bo3)
|rated|
|rule|Species Clause: Limit one of each Pokémon
|rule|Item Clause: Limit 1 of each item
|clearpoke
|poke|p1|Whimsicott, L50, F|
|poke|p1|Charizard, L50, F|
|poke|p1|Basculegion, L50, M|
|poke|p1|Garchomp, L50, F|
|poke|p1|Floette-Eternal, L50, F|
|poke|p1|Kingambit, L50, M|
|poke|p2|Politoed, L50, F|
|poke|p2|Incineroar, L50, F|
|poke|p2|Sinistcha, L50|
|poke|p2|Kommo-o, L50, F|
|poke|p2|Gengar, L50, F|
|poke|p2|Maushold, L50|
|teampreview|4
|showteam|p1|Whimsicott||FocusSash|Prankster|Moonblast,Tailwind,Encore,Protect|Timid||F|||50|]Charizard||CharizarditeY|Blaze|WeatherBall,SolarBeam,HeatWave,Protect|Modest||F|||50|]Basculegion||MysticWater|Adaptability|LastRespects,WaveCrash,AquaJet,Protect|Adamant||M|||50|]Garchomp||LifeOrb|RoughSkin|DragonClaw,Earthquake,RockSlide,Protect|Adamant||F|||50|]Floette-Eternal||Floettite|FlowerVeil|DazzlingGleam,LightofRuin,Moonblast,Protect|Modest||F|||50|]Kingambit||ChopleBerry|Defiant|KowtowCleave,SuckerPunch,IronHead,LowKick|Adamant||M|||50|
|showteam|p2|Politoed||SitrusBerry|Drizzle|WeatherBall,Encore,PerishSong,Protect|Calm||F|||50|]Incineroar||PasshoBerry|Intimidate|FakeOut,ThroatChop,Protect,PartingShot|Impish||F|||50|]Sinistcha||KasibBerry|Hospitality|MatchaGotcha,Protect,RagePowder,LifeDew|Relaxed|||||50|]Kommo-o||Leftovers|Soundproof|ClangingScales,AuraSphere,ClangorousSoul,Protect|Naive||F|||50|]Gengar||Gengarite|CursedBody|ShadowBall,Disable,PerishSong,Protect|Timid||F|||50|]Maushold||WideLens|Technician|Protect,PopulationBomb,FollowMe,Encore|Jolly|||||50|
|inactive|Battle timer is ON: inactive players will automatically lose when time's up. (requested by NightshadeAI)
|
|t:|1783434036
|teamsize|p1|4
|teamsize|p2|4
|start
|switch|p1a: Whimsicott|Whimsicott, L50, F|100/100
|switch|p1b: Charizard|Charizard, L50, F|100/100
|switch|p2a: Gengar|Gengar, L50, F|100/100
|switch|p2b: Incineroar|Incineroar, L50, F|100/100
|-ability|p2b: Incineroar|Intimidate|boost
|-unboost|p1a: Whimsicott|atk|1
|-unboost|p1b: Charizard|atk|1
|turn|1
|
|t:|1783434042
|detailschange|p2a: Gengar|Gengar-Mega, L50, F
|-mega|p2a: Gengar|Gengar|Gengarite
|detailschange|p1b: Charizard|Charizard-Mega-Y, L50, F
|-mega|p1b: Charizard|Charizard|Charizardite Y
|-weather|SunnyDay|[from] ability: Drought|[of] p1b: Charizard
|move|p2b: Incineroar|Fake Out|p1b: Charizard
|-damage|p1b: Charizard|84/100
|move|p1a: Whimsicott|Tailwind|p1a: Whimsicott
|-sidestart|p1: NightshadeAI|move: Tailwind
|cant|p1b: Charizard|flinch
|move|p2a: Gengar|Perish Song|p2a: Gengar
|-start|p1a: Whimsicott|perish3|[silent]
|-start|p1b: Charizard|perish3|[silent]
|-start|p2a: Gengar|perish3|[silent]
|-start|p2b: Incineroar|perish3|[silent]
|-fieldactivate|move: Perish Song
|
|-weather|SunnyDay|[upkeep]
|-start|p1a: Whimsicott|perish3
|-start|p1b: Charizard|perish3
|-start|p2a: Gengar|perish3
|-start|p2b: Incineroar|perish3
|upkeep
|turn|2
|
|t:|1783434053
|move|p2a: Gengar|Protect|p2a: Gengar
|-singleturn|p2a: Gengar|Protect
|move|p2b: Incineroar|Protect|p2b: Incineroar
|-singleturn|p2b: Incineroar|Protect
|move|p1a: Whimsicott|Moonblast|p2a: Gengar
|-activate|p2a: Gengar|move: Protect
|move|p1b: Charizard|Heat Wave|p2a: Gengar|[spread] 
|-activate|p2a: Gengar|move: Protect
|-activate|p2b: Incineroar|move: Protect
|
|-weather|SunnyDay|[upkeep]
|-start|p1a: Whimsicott|perish2
|-start|p1b: Charizard|perish2
|-start|p2a: Gengar|perish2
|-start|p2b: Incineroar|perish2
|upkeep
|turn|3
|
|t:|1783434070
|switch|p2a: Politoed|Politoed, L50, F|100/100
|-weather|RainDance|[from] ability: Drizzle|[of] p2a: Politoed
|move|p1a: Whimsicott|Moonblast|p2b: Incineroar
|-damage|p2b: Incineroar|75/100
|move|p1b: Charizard|Heat Wave|p2a: Politoed|[spread] p2b
|-miss|p1b: Charizard|p2a: Politoed
|-resisted|p2b: Incineroar|1
|-damage|p2b: Incineroar|64/100
|move|p2b: Incineroar|Parting Shot|p1a: Whimsicott
|-unboost|p1a: Whimsicott|atk|1
|-unboost|p1a: Whimsicott|spa|1
|
|t:|1783434079
|switch|p2b: Gengar|Gengar-Mega, L50, F|100/100|[from] Parting Shot
|
|-weather|RainDance|[upkeep]
|-start|p1a: Whimsicott|perish1
|-start|p1b: Charizard|perish1
|upkeep
|turn|4
|
|t:|1783434081
|move|p2b: Gengar|Protect|p2b: Gengar
|-singleturn|p2b: Gengar|Protect
|move|p2a: Politoed|Protect|p2a: Politoed
|-singleturn|p2a: Politoed|Protect
|move|p1a: Whimsicott|Moonblast|p2a: Politoed
|-activate|p2a: Politoed|move: Protect
|move|p1b: Charizard|Weather Ball|p2b: Gengar
|-activate|p2b: Gengar|move: Protect
|
|-weather|RainDance|[upkeep]
|-start|p1a: Whimsicott|perish0
|-start|p1b: Charizard|perish0
|-sideend|p1: NightshadeAI|move: Tailwind
|faint|p1a: Whimsicott
|faint|p1b: Charizard
|upkeep
|
|t:|1783434081
|switch|p1a: Basculegion|Basculegion, L50, M|100/100
|switch|p1b: Garchomp|Garchomp, L50, F|100/100
|turn|5
|
|t:|1783434092
|switch|p2a: Incineroar|Incineroar, L50, F|64/100
|-ability|p2a: Incineroar|Intimidate|boost
|-unboost|p1a: Basculegion|atk|1
|-unboost|p1b: Garchomp|atk|1
|move|p2b: Gengar|Shadow Ball|p1a: Basculegion
|-supereffective|p1a: Basculegion|1
|-damage|p1a: Basculegion|8/100
|move|p1b: Garchomp|Dragon Claw|p2b: Gengar
|-damage|p2b: Gengar|55/100
|-damage|p1b: Garchomp|90/100|[from] item: Life Orb
|move|p1a: Basculegion|Wave Crash|p2b: Gengar
|-damage|p2b: Gengar|0 fnt
|faint|p2b: Gengar
|-damage|p1a: Basculegion|0 fnt|[from] Recoil
|faint|p1a: Basculegion
|
|-weather|RainDance|[upkeep]
|upkeep
|
|t:|1783434105
|switch|p2b: Kommo-o|Kommo-o, L50, F|100/100
|turn|6
|
|t:|1783434108
|move|p2a: Incineroar|Fake Out|p1b: Garchomp
|-damage|p1b: Garchomp|79/100
|-damage|p2a: Incineroar|52/100|[from] ability: Rough Skin|[of] p1b: Garchomp
|move|p2b: Kommo-o|Clangorous Soul|p2b: Kommo-o
|-boost|p2b: Kommo-o|atk|1
|-boost|p2b: Kommo-o|def|1
|-boost|p2b: Kommo-o|spa|1
|-boost|p2b: Kommo-o|spd|1
|-boost|p2b: Kommo-o|spe|1
|-damage|p2b: Kommo-o|67/100
|cant|p1b: Garchomp|flinch
|
|-weather|RainDance|[upkeep]
|-heal|p2b: Kommo-o|73/100|[from] item: Leftovers
|upkeep
|turn|7
|
|t:|1783434112
|move|p2b: Kommo-o|Clangorous Soul|p2b: Kommo-o
|-boost|p2b: Kommo-o|atk|1
|-boost|p2b: Kommo-o|def|1
|-boost|p2b: Kommo-o|spa|1
|-boost|p2b: Kommo-o|spd|1
|-boost|p2b: Kommo-o|spe|1
|-damage|p2b: Kommo-o|40/100
|move|p1b: Garchomp|Earthquake|p2b: Kommo-o|[spread] p2a,p2b
|-supereffective|p2a: Incineroar|1
|-damage|p2a: Incineroar|0 fnt
|-damage|p2b: Kommo-o|24/100
|faint|p2a: Incineroar
|-damage|p1b: Garchomp|70/100|[from] item: Life Orb
|
|-weather|none
|-heal|p2b: Kommo-o|30/100|[from] item: Leftovers
|upkeep
|
|t:|1783434115
|switch|p2a: Politoed|Politoed, L50, F|100/100
|-weather|RainDance|[from] ability: Drizzle|[of] p2a: Politoed
|turn|8
|
|t:|1783434119
|move|p2b: Kommo-o|Clanging Scales|p1b: Garchomp
|-supereffective|p1b: Garchomp|1
|-damage|p1b: Garchomp|0 fnt
|faint|p1b: Garchomp
|
|win|theberrybandit
|l|☆NightshadeAI
|player|p1|
||theberrybandit is ready for game 2.
|inactive|NightshadeAI has 30 seconds to confirm battle start!
|inactive|NightshadeAI has 20 seconds to confirm battle start!
|inactive|NightshadeAI has 10 seconds to confirm battle start!
|inactive|NightshadeAI has 0 seconds to confirm battle start!
|uhtml|next|Next: Game 2 of 3
