|j|☆Olciax34
|j|☆G3N13
|html|Olciax34G3N13    
|uhtml|bestof|Game 2 of a best-of-3
|t:|1784713454
|gametype|doubles
|player|p1|Olciax34|clair|1300
|player|p2|G3N13|n|1214
|gen|9
|tier|[Gen 9 Champions] VGC 2026 Reg M-B (Bo3)
|rated|
|rule|Species Clause: Limit one of each Pokémon
|rule|Item Clause: Limit 1 of each item
|clearpoke
|poke|p1|Charizard, L50, M|
|poke|p1|Whimsicott, L50, M|
|poke|p1|Garchomp, L50, F|
|poke|p1|Basculegion, L50, M|
|poke|p1|Floette-Eternal, L50, F|
|poke|p1|Kingambit, L50, F|
|poke|p2|Ninetales-Alola, L50, M|
|poke|p2|Gholdengo, L50|
|poke|p2|Garchomp, L50, M|
|poke|p2|Scovillain, L50, F|
|poke|p2|Sneasler, L50, F|
|poke|p2|Aerodactyl, L50, M|
|teampreview|4
|showteam|p1|Charizard||CharizarditeY|SolarPower|HeatWave,WeatherBall,SolarBeam,Protect|Modest||M|||50|]Whimsicott||FocusSash|Prankster|Moonblast,Tailwind,Encore,Protect|Timid||M|||50|]Garchomp||LifeOrb|RoughSkin|Earthquake,DragonClaw,RockSlide,Protect|Jolly||F|||50|]Basculegion||ChoiceScarf|Adaptability|WaveCrash,FlipTurn,LastRespects,AquaJet|Jolly||M|||50|]Floette-Eternal||Floettite|FlowerVeil|DrainingKiss,Moonblast,CalmMind,Protect|Modest||F|||50|]Kingambit||ChopleBerry|Defiant|KowtowCleave,SuckerPunch,IronHead,LowKick|Adamant||F|||50|
|showteam|p2|Ninetales-Alola||LightClay|SnowWarning|Moonblast,Protect,FreezeDry,AuroraVeil|Modest||M|||50|]Gholdengo||LifeOrb|GoodasGold|MakeItRain,ShadowBall,NastyPlot,Protect|Modest|||||50|]Garchomp||HabanBerry|RoughSkin|Earthquake,DragonClaw,Protect,RockSlide|Jolly||M|||50|]Scovillain||Scovillainite|Moody|Overheat,RagePowder,Protect,GigaDrain|Bold||F|||50|]Sneasler||WhiteHerb|Unburden|CloseCombat,DireClaw,FakeOut,Protect|Adamant||F|||50|]Aerodactyl||Aerodactylite|RockHead|Tailwind,RockSlide,DualWingbeat,Protect|Jolly||M|||50|
|inactive|Battle timer is ON: inactive players will automatically lose when time's up. (requested by Olciax34)
|
|t:|1784713470
|teamsize|p1|4
|teamsize|p2|4
|start
|switch|p1a: Garchomp|Garchomp, L50, F|100/100
|switch|p1b: Charizard|Charizard, L50, M|100/100
|switch|p2a: Sneasler|Sneasler, L50, F|100/100
|switch|p2b: Gholdengo|Gholdengo, L50|100/100
|turn|1
|inactive|G3N13 has 30 seconds left.
|
|t:|1784713498
|detailschange|p1b: Charizard|Charizard-Mega-Y, L50, M
|-mega|p1b: Charizard|Charizard|Charizardite Y
|-weather|SunnyDay|[from] ability: Drought|[of] p1b: Charizard
|move|p2b: Gholdengo|Protect|p2b: Gholdengo
|-singleturn|p2b: Gholdengo|Protect
|move|p2a: Sneasler|Fake Out|p1a: Garchomp
|-damage|p1a: Garchomp|83/100
|-damage|p2a: Sneasler|87/100|[from] ability: Rough Skin|[of] p1a: Garchomp
|cant|p1a: Garchomp|flinch
|move|p1b: Charizard|Heat Wave|p2a: Sneasler|[spread] p2a
|-activate|p2b: Gholdengo|move: Protect
|-damage|p2a: Sneasler|1/100
|-status|p2a: Sneasler|brn
|
|-weather|SunnyDay|[upkeep]
|-damage|p2a: Sneasler|0 fnt|[from] brn
|faint|p2a: Sneasler
|upkeep
|
|t:|1784713504
|switch|p2a: Ninetales|Ninetales-Alola, L50, M|100/100
|-weather|Snowscape|[from] ability: Snow Warning|[of] p2a: Ninetales
|turn|2
|inactive|Olciax34 has 30 seconds left.
|
|t:|1784713534
|switch|p1b: Whimsicott|Whimsicott, L50, M|100/100
|move|p1a: Garchomp|Protect|p1a: Garchomp
|-singleturn|p1a: Garchomp|Protect
|move|p2a: Ninetales|Freeze-Dry|p1a: Garchomp
|-activate|p1a: Garchomp|move: Protect
|move|p2b: Gholdengo|Shadow Ball|p1b: Whimsicott
|-enditem|p1b: Whimsicott|Focus Sash
|-damage|p1b: Whimsicott|1/100
|-damage|p2b: Gholdengo|90/100|[from] item: Life Orb
|
|-weather|Snowscape|[upkeep]
|upkeep
|turn|3
|inactive|Olciax34 has 30 seconds left.
|
|t:|1784713562
|move|p1b: Whimsicott|Tailwind|p1b: Whimsicott
|-sidestart|p1: Olciax34|move: Tailwind
|move|p1a: Garchomp|Earthquake|p2b: Gholdengo|[spread] p1b,p2a,p2b
|-resisted|p1b: Whimsicott|1
|-supereffective|p2b: Gholdengo|1
|-damage|p1b: Whimsicott|0 fnt
|-damage|p2a: Ninetales|65/100
|-damage|p2b: Gholdengo|0 fnt
|faint|p1b: Whimsicott
|faint|p2b: Gholdengo
|-damage|p1a: Garchomp|74/100|[from] item: Life Orb
|move|p2a: Ninetales|Freeze-Dry|p1a: Garchomp
|-supereffective|p1a: Garchomp|2
|-damage|p1a: Garchomp|0 fnt
|faint|p1a: Garchomp
|
|-weather|Snowscape|[upkeep]
|upkeep
|
|t:|1784713574
|switch|p1b: Basculegion|Basculegion, L50, M|100/100
|switch|p1a: Charizard|Charizard-Mega-Y, L50, M|100/100
|switch|p2b: Scovillain|Scovillain, L50, F|100/100
|-weather|SunnyDay|[from] ability: Drought|[of] p1a: Charizard
|turn|4
|inactive|G3N13 has 30 seconds left.
|
|t:|1784713600
|detailschange|p2b: Scovillain|Scovillain-Mega, L50, F
|-mega|p2b: Scovillain|Scovillain|Scovillainite
|move|p2b: Scovillain|Rage Powder|p2b: Scovillain
|-singleturn|p2b: Scovillain|move: Rage Powder
|move|p1b: Basculegion|Last Respects|p2b: Scovillain
|-damage|p2b: Scovillain|15/100
|-status|p1b: Basculegion|brn|[from] ability: Spicy Spray|[of] p2b: Scovillain
|move|p1a: Charizard|Heat Wave|p2b: Scovillain|[spread] p2b
|-miss|p1a: Charizard|p2a: Ninetales
|-damage|p2b: Scovillain|0 fnt
|-immune|p1a: Charizard
|faint|p2b: Scovillain
|move|p2a: Ninetales|Freeze-Dry|p1b: Basculegion
|-supereffective|p1b: Basculegion|1
|-damage|p1b: Basculegion|32/100 brn
|
|-weather|SunnyDay|[upkeep]
|-damage|p1b: Basculegion|26/100 brn|[from] brn
|upkeep
|turn|5
|
|t:|1784713617
|move|p1b: Basculegion|Last Respects|p2a: Ninetales
|-damage|p2a: Ninetales|12/100
|move|p1a: Charizard|Weather Ball|p2a: Ninetales
|-supereffective|p2a: Ninetales|1
|-damage|p2a: Ninetales|0 fnt
|faint|p2a: Ninetales
|
|win|Olciax34
|raw|Olciax34's rating: 1300 → 1319(+19 for winning)
|raw|G3N13's rating: 1214 → 1195(-19 for losing)
