|j|☆snakke001
|j|☆TCM Zaukepoo
|html|snakke001TCM Zaukepoo    
|uhtml|bestof|Game 1 of a best-of-3
|t:|1756689695
|gametype|doubles
|player|p1|snakke001|102|1067
|player|p2|TCM Zaukepoo|101|1125
|gen|9
|tier|[Gen 9] VGC 2025 Reg H (Bo3)
|rated|
|rule|Species Clause: Limit one of each Pokémon
|rule|Item Clause: Limit 1 of each item
|clearpoke
|poke|p1|Hydreigon, L50, F|
|poke|p1|Indeedee-F, L50, F|
|poke|p1|Gholdengo, L50|
|poke|p1|Murkrow, L50, F|
|poke|p1|Sneasler, L50, M|
|poke|p1|Basculegion, L50, M|
|poke|p2|Tyranitar, L50, M|
|poke|p2|Volcarona, L50, F|
|poke|p2|Ursaluna, L50, F|
|poke|p2|Dragonite, L50, M|
|poke|p2|Incineroar, L50, M|
|poke|p2|Gholdengo, L50|
|teampreview|4
|showteam|p1|Hydreigon||ChoiceSpecs|Levitate|DracoMeteor,DarkPulse,HeatWave,Snarl|||F|||50|,,,,,Fire]Indeedee-F||SafetyGoggles|PsychicSurge|HyperVoice,Imprison,TrickRoom,FollowMe|||F|||50|,,,,,Ghost]Gholdengo||LifeOrb|GoodasGold|MakeItRain,ShadowBall,Protect,NastyPlot||||||50|,,,,,Dragon]Murkrow||Eviolite|Prankster|SunnyDay,FoulPlay,Haze,Tailwind|||F|||50|,,,,,Ghost]Sneasler||PsychicSeed|Unburden|CloseCombat,DireClaw,ThroatChop,SwordsDance|||M|||50|,,,,,Dark]Basculegion||ChoiceScarf|Adaptability|WaveCrash,LastRespects,TeraBlast,AquaJet|||M|||50|,,,,,Grass
|showteam|p2|Tyranitar||AssaultVest|SandStream|RockSlide,KnockOff,TeraBlast,LowKick|||M|||50|,,,,,Flying]Volcarona||CovertCloak|FlameBody|HeatWave,GigaDrain,QuiverDance,Protect|||F|||50|,,,,,Grass]Ursaluna||FlameOrb|Guts|HeadlongRush,Facade,Earthquake,Protect|||F|||50|,,,,,Ghost]Dragonite||LoadedDice|InnerFocus|ScaleShot,ExtremeSpeed,StompingTantrum,Tailwind|||M|||50|,,,,,Steel]Incineroar||SafetyGoggles|Intimidate|FakeOut,KnockOff,PartingShot,FlareBlitz|||M|||50|,,,,,Ghost]Gholdengo||LifeOrb|GoodasGold|NastyPlot,ShadowBall,MakeItRain,Protect||||||50|,,,,,Water
|inactive|Battle timer is ON: inactive players will automatically lose when time's up. (requested by TCM Zaukepoo)
|inactive|snakke001 also wants the timer to be on.
|inactive|snakke001 has 60 seconds left.
|inactive|TCM Zaukepoo has 60 seconds left.
|
|t:|1756689740
|teamsize|p1|4
|teamsize|p2|4
|start
|switch|p1a: Murkrow|Murkrow, L50, F|100/100
|switch|p1b: Hydreigon|Hydreigon, L50, F|100/100
|switch|p2a: Incineroar|Incineroar, L50, M|100/100
|switch|p2b: Volcarona|Volcarona, L50, F|100/100
|-ability|p2a: Incineroar|Intimidate|boost
|-unboost|p1a: Murkrow|atk|1
|-unboost|p1b: Hydreigon|atk|1
|turn|1
|inactive|snakke001 has 30 seconds left.
|
|t:|1756689775
|move|p2a: Incineroar|Fake Out|p1b: Hydreigon
|-damage|p1b: Hydreigon|83/100
|move|p1a: Murkrow|Tailwind|p1a: Murkrow
|-sidestart|p1: snakke001|move: Tailwind
|cant|p1b: Hydreigon|flinch
|move|p2b: Volcarona|Heat Wave|p1b: Hydreigon|[spread] p1a,p1b
|-resisted|p1b: Hydreigon
|-damage|p1a: Murkrow|68/100
|-damage|p1b: Hydreigon|59/100
|
|upkeep
|turn|2
|
|t:|1756689799
|switch|p1a: Basculegion|Basculegion, L50, M|100/100
|move|p2b: Volcarona|Protect|p2b: Volcarona
|-singleturn|p2b: Volcarona|Protect
|move|p1b: Hydreigon|Draco Meteor|p2b: Volcarona
|-activate|p2b: Volcarona|move: Protect
|move|p2a: Incineroar|Parting Shot|p1b: Hydreigon
|-unboost|p1b: Hydreigon|atk|1
|-unboost|p1b: Hydreigon|spa|1
|inactive|TCM Zaukepoo has 30 seconds left.
|
|t:|1756689826
|switch|p2a: Dragonite|Dragonite, L50, M|100/100|[from] Parting Shot
|
|upkeep
|turn|3
|
|t:|1756689836
|-terastallize|p2b: Volcarona|Grass
|move|p1a: Basculegion|Wave Crash|p2b: Volcarona
|-resisted|p2b: Volcarona
|-damage|p2b: Volcarona|56/100
|-damage|p1a: Basculegion|88/100|[from] Recoil
|move|p1b: Hydreigon|Draco Meteor|p2a: Dragonite
|-supereffective|p2a: Dragonite
|-damage|p2a: Dragonite|0 fnt
|-unboost|p1b: Hydreigon|spa|2
|faint|p2a: Dragonite
|move|p2b: Volcarona|Giga Drain|p1a: Basculegion
|-supereffective|p1a: Basculegion
|-damage|p1a: Basculegion|0 fnt
|-heal|p2b: Volcarona|100/100|[from] drain|[of] p1a: Basculegion
|faint|p1a: Basculegion
|
|upkeep
|
|t:|1756689852
|switch|p1a: Sneasler|Sneasler, L50, M|100/100
|switch|p2a: Tyranitar|Tyranitar, L50, M|100/100
|-weather|Sandstorm|[from] ability: Sand Stream|[of] p2a: Tyranitar
|turn|4
|
|t:|1756689870
|switch|p1b: Murkrow|Murkrow, L50, F|68/100
|switch|p2a: Incineroar|Incineroar, L50, M|100/100
|-ability|p2a: Incineroar|Intimidate|boost
|-unboost|p1a: Sneasler|atk|1
|-unboost|p1b: Murkrow|atk|1
|move|p1a: Sneasler|Dire Claw|p2b: Volcarona
|-supereffective|p2b: Volcarona
|-damage|p2b: Volcarona|33/100
|move|p2b: Volcarona|Quiver Dance|p2b: Volcarona
|-boost|p2b: Volcarona|spa|1
|-boost|p2b: Volcarona|spd|1
|-boost|p2b: Volcarona|spe|1
|
|-weather|Sandstorm|[upkeep]
|-damage|p1a: Sneasler|95/100|[from] Sandstorm
|-damage|p1b: Murkrow|62/100|[from] Sandstorm
|-damage|p2b: Volcarona|27/100|[from] Sandstorm
|-sideend|p1: snakke001|move: Tailwind
|upkeep
|turn|5
|
|t:|1756689891
|move|p2a: Incineroar|Fake Out|p1a: Sneasler
|-damage|p1a: Sneasler|73/100
|move|p1b: Murkrow|Haze|p1b: Murkrow
|-clearallboost
|cant|p1a: Sneasler|flinch
|move|p2b: Volcarona|Heat Wave|p1b: Murkrow|[spread] p1a,p1b
|-damage|p1a: Sneasler|24/100
|-damage|p1b: Murkrow|25/100
|
|-weather|Sandstorm|[upkeep]
|-damage|p1a: Sneasler|18/100|[from] Sandstorm
|-damage|p2b: Volcarona|21/100|[from] Sandstorm
|-damage|p1b: Murkrow|19/100|[from] Sandstorm
|upkeep
|turn|6
|
|t:|1756689908
|move|p1b: Murkrow|Tailwind|p1b: Murkrow
|-sidestart|p1: snakke001|move: Tailwind
|move|p1a: Sneasler|Close Combat|p2a: Incineroar
|-supereffective|p2a: Incineroar
|-damage|p2a: Incineroar|0 fnt
|-unboost|p1a: Sneasler|def|1
|-unboost|p1a: Sneasler|spd|1
|faint|p2a: Incineroar
|move|p2b: Volcarona|Heat Wave|p1b: Murkrow|[spread] p1b
|-miss|p2b: Volcarona|p1a: Sneasler
|-damage|p1b: Murkrow|0 fnt
|faint|p1b: Murkrow
|
|-weather|Sandstorm|[upkeep]
|-damage|p1a: Sneasler|12/100|[from] Sandstorm
|-damage|p2b: Volcarona|15/100|[from] Sandstorm
|upkeep
|c|☆TCM Zaukepoo|Ouch
|
|t:|1756689919
|switch|p1b: Hydreigon|Hydreigon, L50, F|59/100
|switch|p2a: Tyranitar|Tyranitar, L50, M|100/100
|turn|7
|
|t:|1756689940
|move|p1b: Hydreigon|Dark Pulse|p2b: Volcarona
|-crit|p2b: Volcarona
|-damage|p2b: Volcarona|0 fnt
|faint|p2b: Volcarona
|move|p1a: Sneasler|Close Combat|p2a: Tyranitar
|-supereffective|p2a: Tyranitar
|-damage|p2a: Tyranitar|0 fnt
|-unboost|p1a: Sneasler|def|1
|-unboost|p1a: Sneasler|spd|1
|faint|p2a: Tyranitar
|
|win|snakke001
|l|☆TCM Zaukepoo
|player|p2|
