|j|☆pink spoon
|j|☆PizzaSanwitch
|html|pink spoonPizzaSanwitch    
|uhtml|bestof|Game 1 of a best-of-3
|t:|1784843307
|gametype|doubles
|player|p1|pink spoon|parasollady|1142
|player|p2|PizzaSanwitch|1|1204
|gen|9
|tier|[Gen 9 Champions] VGC 2026 Reg M-B (Bo3)
|rated|
|rule|Species Clause: Limit one of each Pokémon
|rule|Item Clause: Limit 1 of each item
|clearpoke
|poke|p1|Floette-Eternal, L50, F|
|poke|p1|Ceruledge, L50, F|
|poke|p1|Whimsicott, L50, M|
|poke|p1|Samurott-Hisui, L50, F|
|poke|p1|Sneasler, L50, M|
|poke|p1|Charizard, L50, M|
|poke|p2|Pelipper, L50, F|
|poke|p2|Archaludon, L50, M|
|poke|p2|Venusaur, L50, M|
|poke|p2|Basculegion, L50, M|
|poke|p2|Grimmsnarl, L50, M|
|poke|p2|Charizard, L50, M|
|teampreview|4
|showteam|p1|Floette-Eternal||Floettite|FlowerVeil|Moonblast,LightofRuin,DazzlingGleam,Protect|Timid||F|||50|]Ceruledge||LifeOrb|FlashFire|Poltergeist,BitterBlade,ShadowSneak,Protect|Adamant||F|||50|]Whimsicott||FocusSash|Prankster|Moonblast,Tailwind,SunnyDay,Protect|Timid||M|||50|]Samurott-Hisui||BlackGlasses|Sharpness|NightSlash,SacredSword,SuckerPunch,Detect|Adamant||F|||50|]Sneasler||WhiteHerb|Unburden|CloseCombat,DireClaw,Coaching,Protect|Jolly||M|||50|]Charizard||CharizarditeY|Blaze|HeatWave,SolarBeam,WeatherBall,Protect|Modest||M|||50|
|showteam|p2|Pelipper||SitrusBerry|Drizzle|WeatherBall,Hurricane,Tailwind,Protect|Modest||F|||50|]Archaludon||Leftovers|Stamina|ElectroShot,FlashCannon,DragonPulse,Protect|Modest||M|||50|]Venusaur||Venusaurite|Chlorophyll|GigaDrain,SludgeBomb,EarthPower,Protect|Modest||M|||50|]Basculegion||ChoiceScarf|Adaptability|WaveCrash,LastRespects,AquaJet,FlipTurn|Jolly||M|||50|]Grimmsnarl||LightClay|Prankster|SpiritBreak,Reflect,LightScreen,PartingShot|Sassy||M|||50|]Charizard||CharizarditeY|SolarPower|HeatWave,WeatherBall,Hurricane,Protect|Modest||M|||50|
|
|t:|1784843350
|teamsize|p1|4
|teamsize|p2|4
|start
|switch|p1a: Ceruledge|Ceruledge, L50, F|100/100
|switch|p1b: Whimsicott|Whimsicott, L50, M|100/100
|switch|p2a: Charizard|Charizard, L50, M|100/100
|switch|p2b: Basculegion|Basculegion, L50, M|100/100
|turn|1
|inactive|Battle timer is ON: inactive players will automatically lose when time's up. (requested by PizzaSanwitch)
|inactive|PizzaSanwitch has 60 seconds left.
|
|t:|1784843412
|switch|p2b: Archaludon|Archaludon, L50, M|100/100
|detailschange|p2a: Charizard|Charizard-Mega-Y, L50, M
|-mega|p2a: Charizard|Charizard|Charizardite Y
|-weather|SunnyDay|[from] ability: Drought|[of] p2a: Charizard
|move|p1b: Whimsicott|Tailwind|p1b: Whimsicott
|-sidestart|p1: pink spoon|move: Tailwind
|move|p1a: Ceruledge|Poltergeist|p2b: Archaludon
|-activate|p2b: Archaludon|move: Poltergeist|Leftovers
|-damage|p2b: Archaludon|42/100
|-ability|p2b: Archaludon|Stamina|boost
|-boost|p2b: Archaludon|def|1
|-damage|p1a: Ceruledge|90/100|[from] item: Life Orb
|move|p2a: Charizard|Weather Ball|p1b: Whimsicott
|-supereffective|p1b: Whimsicott|1
|-enditem|p1b: Whimsicott|Focus Sash
|-damage|p1b: Whimsicott|1/100
|
|-weather|SunnyDay|[upkeep]
|-heal|p2b: Archaludon|48/100|[from] item: Leftovers
|upkeep
|turn|2
|
|t:|1784843437
|switch|p2b: Pelipper|Pelipper, L50, F|100/100
|-weather|RainDance|[from] ability: Drizzle|[of] p2b: Pelipper
|move|p1b: Whimsicott|Moonblast|p2b: Pelipper
|-damage|p2b: Pelipper|56/100
|move|p1a: Ceruledge|Poltergeist|p2a: Charizard
|-activate|p2a: Charizard|move: Poltergeist|Charizardite Y
|-damage|p2a: Charizard|2/100
|-damage|p1a: Ceruledge|81/100|[from] item: Life Orb
|move|p2a: Charizard|Weather Ball|p1a: Ceruledge
|-supereffective|p1a: Ceruledge|1
|-damage|p1a: Ceruledge|0 fnt
|faint|p1a: Ceruledge
|
|-weather|RainDance|[upkeep]
|upkeep
|
|t:|1784843450
|switch|p1a: Floette|Floette-Eternal, L50, F|100/100
|turn|3
|inactive|PizzaSanwitch has 30 seconds left.
|
|t:|1784843475
|detailschange|p1a: Floette|Floette-Mega, L50, F
|-mega|p1a: Floette|Floette|Floettite
|-ability|p1a: Floette|Fairy Aura
|move|p2a: Charizard|Protect|p2a: Charizard
|-singleturn|p2a: Charizard|Protect
|move|p2b: Pelipper|Protect|p2b: Pelipper
|-singleturn|p2b: Pelipper|Protect
|move|p1b: Whimsicott|Moonblast|p2b: Pelipper
|-activate|p2b: Pelipper|move: Protect
|move|p1a: Floette|Dazzling Gleam|p2b: Pelipper|[spread] 
|-activate|p2a: Charizard|move: Protect
|-activate|p2b: Pelipper|move: Protect
|
|-weather|RainDance|[upkeep]
|upkeep
|turn|4
|
|t:|1784843486
|switch|p2a: Archaludon|Archaludon, L50, M|48/100
|move|p1b: Whimsicott|Moonblast|p2b: Pelipper
|-damage|p2b: Pelipper|1/100
|-enditem|p2b: Pelipper|Sitrus Berry|[eat]
|-heal|p2b: Pelipper|26/100|[from] item: Sitrus Berry
|move|p1a: Floette|Dazzling Gleam|p2a: Archaludon|[spread] p2a,p2b
|-damage|p2a: Archaludon|5/100
|-damage|p2b: Pelipper|0 fnt
|-ability|p2a: Archaludon|Stamina|boost
|-boost|p2a: Archaludon|def|1
|faint|p2b: Pelipper
|
|-weather|RainDance|[upkeep]
|-heal|p2a: Archaludon|11/100|[from] item: Leftovers
|-sideend|p1: pink spoon|move: Tailwind
|upkeep
|
|t:|1784843496
|switch|p2b: Basculegion|Basculegion, L50, M|100/100
|turn|5
|inactive|PizzaSanwitch has 30 seconds left.
|
|t:|1784843528
|move|p1b: Whimsicott|Sunny Day|p1b: Whimsicott
|-weather|SunnyDay
|move|p2b: Basculegion|Wave Crash|p1a: Floette
|-damage|p1a: Floette|48/100
|-damage|p2b: Basculegion|86/100|[from] Recoil
|move|p1a: Floette|Dazzling Gleam|p2a: Archaludon|[spread] p2a,p2b
|-damage|p2a: Archaludon|0 fnt
|-damage|p2b: Basculegion|35/100
|faint|p2a: Archaludon
|
|-weather|SunnyDay|[upkeep]
|upkeep
|-message|PizzaSanwitch forfeited.
|
|win|pink spoon
||PizzaSanwitch is ready for game 2.
||pink spoon is ready for game 2.
|uhtml|next|Next: Game 2 of 3
