|j|☆waqaskakhelkhtm
|j|☆ShadowGhost4488
|html|waqaskakhelkhtmShadowGhost4488    
|uhtml|bestof|Game 3 of a best-of-3
|t:|1784293385
|gametype|doubles
|player|p1|waqaskakhelkhtm|266|1087
|player|p2|ShadowGhost4488|unknownf|1037
|gen|9
|tier|[Gen 9 Champions] VGC 2026 Reg M-B (Bo3)
|rated|
|rule|Species Clause: Limit one of each Pokémon
|rule|Item Clause: Limit 1 of each item
|clearpoke
|poke|p1|Ceruledge, L50, M|
|poke|p1|Whimsicott, L50, M|
|poke|p1|Metagross, L50|
|poke|p1|Garchomp, L50, M|
|poke|p1|Farigiraf, L50, F|
|poke|p1|Staraptor, L50, F|
|poke|p2|Tyranitar, L50, M, shiny|
|poke|p2|Staraptor, L50, F, shiny|
|poke|p2|Excadrill, L50, M, shiny|
|poke|p2|Sinistcha, L50, shiny|
|poke|p2|Gholdengo, L50, shiny|
|poke|p2|Milotic, L50, F, shiny|
|teampreview|4
|showteam|p1|Ceruledge||ColburBerry|FlashFire|BitterBlade,BulkUp,ShadowSneak,Protect|Adamant||M|||50|]Whimsicott||FocusSash|Prankster|Moonblast,Tailwind,Charm,Encore|Timid||M|||50|]Metagross||Metagrossite|ClearBody|Protect,IronHead,PsychicFangs,StompingTantrum|Adamant|||||50|]Garchomp||LifeOrb|RoughSkin|StompingTantrum,RockSlide,Protect,DragonClaw|Jolly||M|||50|]Farigiraf||SitrusBerry|ArmorTail|HelpingHand,TrickRoom,Psychic,Thunderbolt|Calm||F|||50|]Staraptor||Staraptite|Intimidate|CloseCombat,Protect,BraveBird,Roost|Jolly||F|||50|
|showteam|p2|Tyranitar||Tyranitarite|SandStream|KnockOff,RockSlide,Protect,HighHorsepower|Jolly||M|||50|]Staraptor||Staraptite|Intimidate|CloseCombat,Protect,BraveBird,Tailwind|Jolly||F|||50|]Excadrill||FocusSash|SandRush|Earthquake,IronHead,Protect,RockSlide|Jolly||M|||50|]Sinistcha||SitrusBerry|Hospitality|RagePowder,ShadowBall,MatchaGotcha,Protect|Bold|||||50|]Gholdengo||LifeOrb|GoodasGold|NastyPlot,Protect,MakeItRain,ShadowBall|Modest|||||50|]Milotic||Leftovers|Competitive|Scald,IcyWind,Haze,Protect|Calm||F|||50|
|inactive|Battle timer is ON: inactive players will automatically lose when time's up. (requested by ShadowGhost4488)
|
|t:|1784293405
|teamsize|p1|4
|teamsize|p2|4
|start
|switch|p1a: Whimsicott|Whimsicott, L50, M|100/100
|switch|p1b: Staraptor|Staraptor, L50, F|100/100
|switch|p2a: Staraptor|Staraptor, L50, F, shiny|100/100
|switch|p2b: Milotic|Milotic, L50, F, shiny|100/100
|-ability|p2a: Staraptor|Intimidate|boost
|-unboost|p1a: Whimsicott|atk|1
|-unboost|p1b: Staraptor|atk|1
|-ability|p1b: Staraptor|Intimidate|boost
|-unboost|p2a: Staraptor|atk|1
|-unboost|p2b: Milotic|atk|1
|-ability|p2b: Milotic|Competitive|boost
|-boost|p2b: Milotic|spa|2
|turn|1
|inactive|ShadowGhost4488 has 30 seconds left.
|
|t:|1784293435
|detailschange|p2a: Staraptor|Staraptor-Mega, L50, F, shiny
|-mega|p2a: Staraptor|Staraptor|Staraptite
|detailschange|p1b: Staraptor|Staraptor-Mega, L50, F
|-mega|p1b: Staraptor|Staraptor|Staraptite
|move|p1b: Staraptor|Protect|p1b: Staraptor
|-singleturn|p1b: Staraptor|Protect
|move|p1a: Whimsicott|Tailwind|p1a: Whimsicott
|-sidestart|p1: waqaskakhelkhtm|move: Tailwind
|move|p2a: Staraptor|Tailwind|p2a: Staraptor
|-sidestart|p2: ShadowGhost4488|move: Tailwind
|move|p2b: Milotic|Icy Wind|p1a: Whimsicott|[spread] p1a
|-activate|p1b: Staraptor|move: Protect
|-supereffective|p1a: Whimsicott|1
|-damage|p1a: Whimsicott|29/100
|-unboost|p1a: Whimsicott|spe|1
|
|upkeep
|turn|2
|inactive|waqaskakhelkhtm has 30 seconds left.
|
|t:|1784293460
|move|p1a: Whimsicott|Charm|p1b: Staraptor
|-boost|p1b: Staraptor|atk|2
|move|p1b: Staraptor|Brave Bird|p2a: Staraptor
|-supereffective|p2a: Staraptor|1
|-damage|p2a: Staraptor|0 fnt
|faint|p2a: Staraptor
|-damage|p1b: Staraptor|67/100|[from] Recoil
|move|p2b: Milotic|Haze|p2b: Milotic
|-clearallboost
|
|upkeep
|
|t:|1784293478
|switch|p2a: Gholdengo|Gholdengo, L50, shiny|100/100
|turn|3
|inactive|waqaskakhelkhtm has 30 seconds left.
|
|t:|1784293509
|switch|p1a: Ceruledge|Ceruledge, L50, M|100/100
|move|p1b: Staraptor|Close Combat|p2b: Milotic
|-damage|p2b: Milotic|45/100
|-boost|p1b: Staraptor|def|1
|-boost|p1b: Staraptor|spd|1
|move|p2b: Milotic|Scald|p1b: Staraptor
|-damage|p1b: Staraptor|45/100
|-status|p1b: Staraptor|brn
|move|p2a: Gholdengo|Nasty Plot|p2a: Gholdengo
|-boost|p2a: Gholdengo|spa|2
|
|-heal|p2b: Milotic|51/100|[from] item: Leftovers
|-damage|p1b: Staraptor|39/100 brn|[from] brn
|upkeep
|turn|4
|inactive|waqaskakhelkhtm has 30 seconds left.
|inactive|ShadowGhost4488 has 30 seconds left.
|inactive|waqaskakhelkhtm has 20 seconds left.
|inactive|ShadowGhost4488 has 20 seconds left.
|inactive|ShadowGhost4488 has 15 seconds left.
|
|t:|1784293549
|move|p1b: Staraptor|Close Combat|p2b: Milotic
|-damage|p2b: Milotic|26/100
|-boost|p1b: Staraptor|def|1
|-boost|p1b: Staraptor|spd|1
|move|p1a: Ceruledge|Bulk Up|p1a: Ceruledge
|-boost|p1a: Ceruledge|atk|1
|-boost|p1a: Ceruledge|def|1
|move|p2b: Milotic|Scald|p1b: Staraptor
|-damage|p1b: Staraptor|23/100 brn
|move|p2a: Gholdengo|Shadow Ball|p1a: Ceruledge
|-supereffective|p1a: Ceruledge|1
|-damage|p1a: Ceruledge|0 fnt
|faint|p1a: Ceruledge
|-damage|p2a: Gholdengo|90/100|[from] item: Life Orb
|
|-heal|p2b: Milotic|32/100|[from] item: Leftovers
|-damage|p1b: Staraptor|17/100 brn|[from] brn
|-sideend|p1: waqaskakhelkhtm|move: Tailwind
|-sideend|p2: ShadowGhost4488|move: Tailwind
|upkeep
|
|t:|1784293565
|switch|p1a: Garchomp|Garchomp, L50, M|100/100
|turn|5
|inactive|ShadowGhost4488 has 30 seconds left.
|
|t:|1784293591
|switch|p2a: Sinistcha|Sinistcha, L50, shiny|100/100
|-heal|p2b: Milotic|56/100|[from] ability: Hospitality|[of] p2a: Sinistcha
|move|p1b: Staraptor|Close Combat|p2b: Milotic
|-damage|p2b: Milotic|30/100
|-boost|p1b: Staraptor|def|1
|-boost|p1b: Staraptor|spd|1
|move|p1a: Garchomp|Stomping Tantrum|p2a: Sinistcha
|-resisted|p2a: Sinistcha|1
|-damage|p2a: Sinistcha|80/100
|-damage|p1a: Garchomp|90/100|[from] item: Life Orb
|move|p2b: Milotic|Icy Wind|p1b: Staraptor|[spread] p1a,p1b
|-supereffective|p1a: Garchomp|2
|-supereffective|p1b: Staraptor|1
|-damage|p1a: Garchomp|47/100
|-damage|p1b: Staraptor|8/100 brn
|-unboost|p1a: Garchomp|spe|1
|-boost|p1b: Staraptor|spe|1
|
|-heal|p2b: Milotic|35/100|[from] item: Leftovers
|-damage|p1b: Staraptor|2/100 brn|[from] brn
|upkeep
|turn|6
|
|t:|1784293611
|move|p1b: Staraptor|Roost|p1b: Staraptor
|-heal|p1b: Staraptor|52/100 brn
|-singleturn|p1b: Staraptor|move: Roost
|move|p2b: Milotic|Icy Wind|p1a: Garchomp|[spread] p1a,p1b
|-supereffective|p1a: Garchomp|2
|-damage|p1a: Garchomp|3/100
|-damage|p1b: Staraptor|48/100 brn
|-unboost|p1a: Garchomp|spe|1
|-boost|p1b: Staraptor|spe|1
|move|p2a: Sinistcha|Matcha Gotcha|p1a: Garchomp|[spread] p1b
|-miss|p2a: Sinistcha|p1a: Garchomp
|-damage|p1b: Staraptor|39/100 brn
|-heal|p2a: Sinistcha|85/100|[from] drain|[of] p1b: Staraptor
|move|p1a: Garchomp|Dragon Claw|p2b: Milotic
|-damage|p2b: Milotic|0 fnt
|faint|p2b: Milotic
|-damage|p1a: Garchomp|0 fnt|[from] item: Life Orb
|faint|p1a: Garchomp
|
|-damage|p1b: Staraptor|32/100 brn|[from] brn
|upkeep
|
|t:|1784293631
|switch|p1a: Whimsicott|Whimsicott, L50, M|29/100
|switch|p2b: Gholdengo|Gholdengo, L50, shiny|90/100
|turn|7
|-message|waqaskakhelkhtm forfeited.
|
|win|ShadowGhost4488
|raw|waqaskakhelkhtm's rating: 1087 → 1061(-26 for losing)
|raw|ShadowGhost4488's rating: 1037 → 1076(+39 for winning)
|l|☆waqaskakhelkhtm
|player|p1|
