|j|☆bluepropro
|j|☆BananaLoaf2
|html|blueproproBananaLoaf2    
|uhtml|bestof|Game 3 of a best-of-3
|t:|1782367408
|gametype|doubles
|player|p1|bluepropro|infielder|
|player|p2|BananaLoaf2|265|
|gen|9
|tier|[Gen 9 Champions] VGC 2026 Reg M-B (Bo3)
|rule|Species Clause: Limit one of each Pokémon
|rule|Item Clause: Limit 1 of each item
|clearpoke
|poke|p1|Lopunny, L50, M, shiny|
|poke|p1|Gholdengo, L50, shiny|
|poke|p1|Kingambit, L50, M, shiny|
|poke|p1|Garchomp, L50, M, shiny|
|poke|p1|Whimsicott, L50, F, shiny|
|poke|p1|Basculegion-F, L50, F|
|poke|p2|Swampert, L50, F, shiny|
|poke|p2|Grimmsnarl, L50, M|
|poke|p2|Pelipper, L50, F|
|poke|p2|Archaludon, L50, F|
|poke|p2|Basculegion, L50, M|
|poke|p2|Whimsicott, L50, M|
|teampreview|4
|showteam|p1|Lopunny||Lopunnite|Limber|FakeOut,CloseCombat,TripleAxel,Protect|Jolly||M|||50|]Gholdengo||LifeOrb|GoodasGold|MakeItRain,ShadowBall,PowerGem,Protect|Timid|||||50|]Kingambit||ChopleBerry|SupremeOverlord|KowtowCleave,SuckerPunch,IronHead,Protect|Adamant||M|||50|]Garchomp||Leftovers|RoughSkin|StompingTantrum,RockSlide,Earthquake,DragonClaw|Jolly||M|||50|]Whimsicott||FocusSash|Prankster|Tailwind,Moonblast,Protect,GrassKnot|Timid||F|||50|]Basculegion-F||ChoiceScarf|Adaptability|LastRespects,AquaJet,FlipTurn,WaveCrash|Jolly||F|||50|
|showteam|p2|Swampert||Swampertite|Damp|WaveCrash,Protect,IcePunch,HighHorsepower|Jolly||F|||50|]Grimmsnarl||LightClay|Prankster|LightScreen,Reflect,PartingShot,SpiritBreak|Careful||M|||50|]Pelipper||DampRock|Drizzle|Tailwind,Hurricane,WideGuard,Protect|Timid||F|||50|]Archaludon||Leftovers|Stamina|ElectroShot,DracoMeteor,Protect,FlashCannon|Modest||F|||50|]Basculegion||MysticWater|Adaptability|Protect,LastRespects,AquaJet,WaveCrash|Jolly||M|||50|]Whimsicott||FocusSash|Prankster|Protect,Tailwind,Charm,Moonblast|Timid||M|||50|
|
|t:|1782367449
|teamsize|p1|4
|teamsize|p2|4
|start
|switch|p1a: gargar|Garchomp, L50, M, shiny|100/100
|switch|p1b: lopupu|Lopunny, L50, M, shiny|100/100
|switch|p2a: Grimmsnarl|Grimmsnarl, L50, M|100/100
|switch|p2b: Archaludon|Archaludon, L50, F|100/100
|turn|1
|
|t:|1782367467
|detailschange|p1b: lopupu|Lopunny-Mega, L50, M, shiny
|-mega|p1b: lopupu|Lopunny|Lopunnite
|move|p1b: lopupu|Close Combat|p2b: Archaludon
|-supereffective|p2b: Archaludon|1
|-damage|p2b: Archaludon|0 fnt
|-unboost|p1b: lopupu|def|1
|-unboost|p1b: lopupu|spd|1
|faint|p2b: Archaludon
|move|p1a: gargar|Stomping Tantrum|p2a: Grimmsnarl
|-damage|p2a: Grimmsnarl|49/100
|move|p2a: Grimmsnarl|Spirit Break|p1a: gargar
|-supereffective|p1a: gargar|1
|-damage|p1a: gargar|37/100
|-unboost|p1a: gargar|spa|1
|-damage|p2a: Grimmsnarl|36/100|[from] ability: Rough Skin|[of] p1a: gargar
|
|-heal|p1a: gargar|43/100|[from] item: Leftovers
|upkeep
|
|t:|1782367486
|switch|p2b: Pelipper|Pelipper, L50, F|100/100
|-weather|RainDance|[from] ability: Drizzle|[of] p2b: Pelipper
|turn|2
|
|t:|1782367512
|move|p2a: Grimmsnarl|Parting Shot|p1b: lopupu
|-unboost|p1b: lopupu|atk|1
|-unboost|p1b: lopupu|spa|1
|
|t:|1782367516
|switch|p2a: Swampert|Swampert, L50, F, shiny|100/100|[from] Parting Shot
|move|p1b: lopupu|Triple Axel|p2b: Pelipper
|-damage|p2b: Pelipper|94/100
|-damage|p2b: Pelipper|84/100
|-damage|p2b: Pelipper|69/100
|-hitcount|p2b: Pelipper|3
|move|p1a: gargar|Rock Slide|p2b: Pelipper|[spread] p2b
|-miss|p1a: gargar|p2a: Swampert
|-supereffective|p2b: Pelipper|1
|-damage|p2b: Pelipper|27/100
|move|p2b: Pelipper|Tailwind|p2b: Pelipper
|-sidestart|p2: BananaLoaf2|move: Tailwind
|
|-weather|RainDance|[upkeep]
|-heal|p1a: gargar|49/100|[from] item: Leftovers
|upkeep
|turn|3
|
|t:|1782367551
|switch|p1a: lulkee|Whimsicott, L50, F, shiny|100/100
|detailschange|p2a: Swampert|Swampert-Mega, L50, F, shiny
|-mega|p2a: Swampert|Swampert|Swampertite
|move|p2b: Pelipper|Protect|p2b: Pelipper
|-singleturn|p2b: Pelipper|Protect
|move|p1b: lopupu|Protect|p1b: lopupu
|-singleturn|p1b: lopupu|Protect
|move|p2a: Swampert|Ice Punch|p1a: lulkee
|-supereffective|p1a: lulkee|1
|-damage|p1a: lulkee|6/100
|
|-weather|RainDance|[upkeep]
|upkeep
|turn|4
|
|t:|1782367587
|switch|p1a: gargar|Garchomp, L50, M, shiny|49/100
|move|p2a: Swampert|Wave Crash|p1b: lopupu
|-damage|p1b: lopupu|0 fnt
|faint|p1b: lopupu
|-damage|p2a: Swampert|76/100|[from] Recoil
|move|p2b: Pelipper|Hurricane|p1a: gargar
|-damage|p1a: gargar|7/100
|
|-weather|RainDance|[upkeep]
|-heal|p1a: gargar|12/100|[from] item: Leftovers
|upkeep
|
|t:|1782367602
|switch|p1b: deez|Basculegion-F, L50, F|100/100
|turn|5
|
|t:|1782367621
|move|p2b: Pelipper|Wide Guard|p2b: Pelipper
|-singleturn|p2b: Pelipper|Wide Guard
|move|p2a: Swampert|Ice Punch|p1a: gargar
|-supereffective|p1a: gargar|2
|-damage|p1a: gargar|0 fnt
|-damage|p2a: Swampert|63/100|[from] ability: Rough Skin|[of] p1a: gargar
|faint|p1a: gargar
|move|p1b: deez|Last Respects|p2a: Swampert
|-damage|p2a: Swampert|0 fnt
|faint|p2a: Swampert
|
|-weather|RainDance|[upkeep]
|-sideend|p2: BananaLoaf2|move: Tailwind
|upkeep
|
|t:|1782367635
|switch|p1a: lulkee|Whimsicott, L50, F, shiny|6/100
|switch|p2a: Grimmsnarl|Grimmsnarl, L50, M|36/100
|turn|6
|
|t:|1782367646
|move|p1a: lulkee|Tailwind|p1a: lulkee
|-sidestart|p1: bluepropro|move: Tailwind
|move|p1b: deez|Last Respects|p2a: Grimmsnarl
|-resisted|p2a: Grimmsnarl|1
|-damage|p2a: Grimmsnarl|0 fnt
|faint|p2a: Grimmsnarl
|move|p2b: Pelipper|Hurricane|p1a: lulkee
|-supereffective|p1a: lulkee|1
|-damage|p1a: lulkee|0 fnt
|faint|p1a: lulkee
|
|-weather|RainDance|[upkeep]
|upkeep
|turn|7
|
|t:|1782367660
|move|p1b: deez|Last Respects|p2b: Pelipper
|-damage|p2b: Pelipper|0 fnt
|faint|p2b: Pelipper
|
|win|bluepropro
