|j|☆14#coder9
|j|☆Bananadiabla
|html|14#coder9Bananadiabla    
|uhtml|bestof|Game 1 of a best-of-3
|t:|1786142907
|gametype|doubles
|player|p1|14#coder9|unknown|1183
|player|p2|Bananadiabla|102|1273
|gen|9
|tier|[Gen 9 Champions] VGC 2026 Reg M-B (Bo3)
|rated|
|rule|Species Clause: Limit one of each Pokémon
|rule|Item Clause: Limit 1 of each item
|clearpoke
|poke|p1|Charizard, L50, F, shiny|
|poke|p1|Whimsicott, L50, F, shiny|
|poke|p1|Incineroar, L50, M|
|poke|p1|Garchomp, L50, F, shiny|
|poke|p1|Rotom-Wash, L50|
|poke|p1|Staraptor, L50, M, shiny|
|poke|p2|Pelipper, L50, M|
|poke|p2|Swampert, L50, F|
|poke|p2|Sneasler, L50, F|
|poke|p2|Kingambit, L50, M|
|poke|p2|Basculegion, L50, M|
|poke|p2|Floette-Eternal, L50, F|
|teampreview|4
|showteam|p1|Charizard||CharizarditeY|Blaze|HeatWave,Overheat,SolarBeam,Protect|Modest||F|||50|]Whimsicott||FocusSash|Prankster|SunnyDay,Tailwind,Moonblast,Encore|Timid||F|||50|]Incineroar||ChopleBerry|Intimidate|FlareBlitz,PartingShot,FakeOut,ThroatChop|Careful||M|||50|]Garchomp||LifeOrb|RoughSkin|RockSlide,DragonClaw,Earthquake,Protect|Jolly||F|||50|]Rotom-Wash||SitrusBerry|Levitate|HydroPump,VoltSwitch,WillOWisp,Electroweb|Bold|||||50|]Staraptor||Staraptite|Intimidate|Protect,CloseCombat,BraveBird,Roost|Jolly||M|||50|
|showteam|p2|Pelipper||FocusSash|Drizzle|MuddyWater,Hurricane,Protect,Tailwind|Timid||M|||50|]Swampert||Swampertite|Torrent|WaveCrash,Earthquake,HighHorsepower,Protect|Adamant||F|||50|]Sneasler||WhiteHerb|Unburden|DireClaw,CloseCombat,Protect,FakeOut|Adamant||F|||50|]Kingambit||BlackGlasses|Defiant|KowtowCleave,SuckerPunch,Protect,SwordsDance|Adamant||M|||50|]Basculegion||ChoiceScarf|Adaptability|WaveCrash,FlipTurn,AquaJet,LastRespects|Jolly||M|||50|]Floette-Eternal||Floettite|FlowerVeil|Moonblast,DazzlingGleam,LightofRuin,Protect|Timid||F|||50|
|inactive|Battle timer is ON: inactive players will automatically lose when time's up. (requested by 14#coder9)
|
|t:|1786142990
|teamsize|p1|4
|teamsize|p2|4
|start
|switch|p1a: Charizard|Charizard, L50, F, shiny|100/100
|switch|p1b: Rotom|Rotom-Wash, L50|100/100
|switch|p2a: Swampert|Swampert, L50, F|100/100
|switch|p2b: Basculegion|Basculegion, L50, M|100/100
|turn|1
|inactive|Bananadiabla has 30 seconds left.
|inactive|Bananadiabla has 20 seconds left.
|inactive|Bananadiabla has 15 seconds left.
|
|t:|1786143032
|detailschange|p2a: Swampert|Swampert-Mega, L50, F
|-mega|p2a: Swampert|Swampert|Swampertite
|move|p1a: Charizard|Protect|p1a: Charizard
|-singleturn|p1a: Charizard|Protect
|move|p2b: Basculegion|Flip Turn|p1b: Rotom
|-resisted|p1b: Rotom|1
|-damage|p1b: Rotom|83/100
|
|t:|1786143042
|switch|p2b: Sneasler|Sneasler, L50, F|100/100|[from] Flip Turn
|move|p1b: Rotom|Will-O-Wisp|p2a: Swampert
|-status|p2a: Swampert|brn
|move|p2a: Swampert|Wave Crash|p1a: Charizard
|-activate|p1a: Charizard|move: Protect
|
|-damage|p2a: Swampert|94/100 brn|[from] brn
|upkeep
|turn|2
|inactive|14#coder9 has 30 seconds left.
|
|t:|1786143075
|detailschange|p1a: Charizard|Charizard-Mega-Y, L50, F, shiny
|-mega|p1a: Charizard|Charizard|Charizardite Y
|-weather|SunnyDay|[from] ability: Drought|[of] p1a: Charizard
|move|p2a: Swampert|Protect|p2a: Swampert
|-singleturn|p2a: Swampert|Protect
|move|p2b: Sneasler|Close Combat|p1b: Rotom
|-damage|p1b: Rotom|31/100
|-unboost|p2b: Sneasler|def|1
|-unboost|p2b: Sneasler|spd|1
|-enditem|p1b: Rotom|Sitrus Berry|[eat]
|-heal|p1b: Rotom|56/100|[from] item: Sitrus Berry
|-enditem|p2b: Sneasler|White Herb
|-clearnegativeboost|p2b: Sneasler|[silent]
|move|p1a: Charizard|Heat Wave|p2a: Swampert|[spread] 
|-activate|p2a: Swampert|move: Protect
|-miss|p1a: Charizard|p2b: Sneasler
|move|p1b: Rotom|Will-O-Wisp|p2b: Sneasler
|-status|p2b: Sneasler|brn
|
|-weather|SunnyDay|[upkeep]
|-damage|p2b: Sneasler|93/100 brn|[from] brn
|-damage|p2a: Swampert|88/100 brn|[from] brn
|upkeep
|turn|3
|inactive|14#coder9 has 30 seconds left.
|inactive|Bananadiabla has 30 seconds left.
|inactive|14#coder9 has 20 seconds left.
|inactive|14#coder9 has 15 seconds left.
|
|t:|1786143117
|switch|p2b: Pelipper|Pelipper, L50, M|100/100
|-weather|RainDance|[from] ability: Drizzle|[of] p2b: Pelipper
|move|p2a: Swampert|Wave Crash|p1a: Charizard
|-supereffective|p1a: Charizard|1
|-damage|p1a: Charizard|0 fnt
|faint|p1a: Charizard
|-damage|p2a: Swampert|57/100 brn|[from] Recoil
|move|p1b: Rotom|Volt Switch|p2b: Pelipper
|-supereffective|p2b: Pelipper|2
|-enditem|p2b: Pelipper|Focus Sash
|-damage|p2b: Pelipper|1/100
|
|t:|1786143130
|switch|p1b: Garchomp|Garchomp, L50, F, shiny|100/100|[from] Volt Switch
|
|-weather|RainDance|[upkeep]
|-damage|p2a: Swampert|51/100 brn|[from] brn
|upkeep
|
|t:|1786143137
|switch|p1a: Whimsicott|Whimsicott, L50, F, shiny|100/100
|turn|4
|
|t:|1786143161
|switch|p2a: Sneasler|Sneasler, L50, F|93/100 brn
|switch|p2b: Basculegion|Basculegion, L50, M|100/100
|move|p1a: Whimsicott|Sunny Day|p1a: Whimsicott
|-weather|SunnyDay
|move|p1b: Garchomp|Rock Slide|p2a: Sneasler|[spread] p2a,p2b
|-resisted|p2a: Sneasler|1
|-damage|p2a: Sneasler|77/100 brn
|-damage|p2b: Basculegion|70/100
|-damage|p1b: Garchomp|90/100|[from] item: Life Orb
|
|-weather|SunnyDay|[upkeep]
|-damage|p2a: Sneasler|71/100 brn|[from] brn
|upkeep
|turn|5
|inactive|14#coder9 has 30 seconds left.
|
|t:|1786143187
|switch|p1b: Rotom|Rotom-Wash, L50|56/100
|move|p2b: Basculegion|Aqua Jet|p1a: Whimsicott
|-resisted|p1a: Whimsicott|1
|-damage|p1a: Whimsicott|93/100
|move|p1a: Whimsicott|Tailwind|p1a: Whimsicott
|-sidestart|p1: 14#coder9|move: Tailwind
|move|p2a: Sneasler|Dire Claw|p1a: Whimsicott
|-supereffective|p1a: Whimsicott|2
|-damage|p1a: Whimsicott|2/100
|
|-weather|SunnyDay|[upkeep]
|-damage|p2a: Sneasler|65/100 brn|[from] brn
|upkeep
|turn|6
|
|t:|1786143211
|move|p2b: Basculegion|Aqua Jet|p1a: Whimsicott
|-resisted|p1a: Whimsicott|1
|-damage|p1a: Whimsicott|0 fnt
|faint|p1a: Whimsicott
|move|p1b: Rotom|Electroweb|p2a: Sneasler|[spread] p2a,p2b
|-supereffective|p2b: Basculegion|1
|-damage|p2a: Sneasler|48/100 brn
|-damage|p2b: Basculegion|36/100
|-unboost|p2a: Sneasler|spe|1
|-unboost|p2b: Basculegion|spe|1
|move|p2a: Sneasler|Close Combat|p1b: Rotom
|-damage|p1b: Rotom|30/100
|-unboost|p2a: Sneasler|def|1
|-unboost|p2a: Sneasler|spd|1
|
|-weather|SunnyDay|[upkeep]
|-damage|p2a: Sneasler|42/100 brn|[from] brn
|upkeep
|
|t:|1786143225
|switch|p1a: Garchomp|Garchomp, L50, F, shiny|90/100
|turn|7
|inactive|14#coder9 has 30 seconds left.
|inactive|Bananadiabla has 30 seconds left.
|inactive|Bananadiabla has 20 seconds left.
|
|t:|1786143263
|switch|p2b: Pelipper|Pelipper, L50, M|1/100
|-weather|RainDance|[from] ability: Drizzle|[of] p2b: Pelipper
|move|p1a: Garchomp|Dragon Claw|p2a: Sneasler
|-damage|p2a: Sneasler|0 fnt
|faint|p2a: Sneasler
|-damage|p1a: Garchomp|80/100|[from] item: Life Orb
|move|p1b: Rotom|Volt Switch|p2b: Pelipper
|-supereffective|p2b: Pelipper|2
|-damage|p2b: Pelipper|0 fnt
|faint|p2b: Pelipper
|
|-weather|RainDance|[upkeep]
|upkeep
|
|t:|1786143270
|switch|p2a: Swampert|Swampert-Mega, L50, F|51/100 brn
|switch|p2b: Basculegion|Basculegion, L50, M|36/100
|turn|8
|inactive|Bananadiabla has 30 seconds left.
|inactive|Bananadiabla has 20 seconds left.
|
|t:|1786143306
|move|p1a: Garchomp|Dragon Claw|p2b: Basculegion
|-damage|p2b: Basculegion|0 fnt
|faint|p2b: Basculegion
|-damage|p1a: Garchomp|70/100|[from] item: Life Orb
|move|p1b: Rotom|Hydro Pump|p2a: Swampert
|-damage|p2a: Swampert|0 fnt
|faint|p2a: Swampert
|
|win|14#coder9
||Bananadiabla is ready for game 2.
|inactive|14#coder9 has 30 seconds to confirm battle start!
|inactive|14#coder9 has 20 seconds to confirm battle start!
|inactive|14#coder9 has 10 seconds to confirm battle start!
||14#coder9 is ready for game 2.
|uhtml|next|Next: Game 2 of 3
