|j|☆panijc
|j|☆daunting david
|html|panijcdaunting david    
|uhtml|bestof|Game 2 of a best-of-3
|t:|1785613144
|gametype|doubles
|player|p1|panijc|170|1232
|player|p2|daunting david|ethan|1366
|gen|9
|tier|[Gen 9 Champions] VGC 2026 Reg M-B (Bo3)
|rated|
|rule|Species Clause: Limit one of each Pokémon
|rule|Item Clause: Limit 1 of each item
|clearpoke
|poke|p1|Raichu, L50, M|
|poke|p1|Mamoswine, L50, M|
|poke|p1|Sylveon, L50, F|
|poke|p1|Incineroar, L50, M|
|poke|p1|Basculegion, L50, M|
|poke|p1|Whimsicott, L50, F|
|poke|p2|Staraptor, L50, M|
|poke|p2|Garchomp, L50, M|
|poke|p2|Whimsicott, L50, M|
|poke|p2|Delphox, L50, M|
|poke|p2|Glimmora, L50, F|
|poke|p2|Kingambit, L50, M|
|teampreview|4
|showteam|p1|Raichu||RaichuniteY|LightningRod|ZapCannon,FocusBlast,FakeOut,Protect|Timid||M|||50|]Mamoswine||LifeOrb|Oblivious|IcicleCrash,HighHorsepower,IceShard,Protect|Adamant||M|||50|]Sylveon||FairyFeather|Pixilate|HyperVoice,HyperBeam,Detect,Yawn|Modest||F|||50|]Incineroar||SitrusBerry|Intimidate|ThroatChop,FlareBlitz,FakeOut,PartingShot|Impish||M|||50|]Basculegion||MysticWater|Adaptability|WaveCrash,LastRespects,AquaJet,Protect|Adamant||M|||50|]Whimsicott||FocusSash|Prankster|Moonblast,Tailwind,Protect,Encore|Timid||F|||50|
|showteam|p2|Staraptor||Staraptite|Intimidate|BraveBird,CloseCombat,Protect,Roost|Jolly||M|||50|]Garchomp||LifeOrb|RoughSkin|DragonClaw,Earthquake,Protect,RockSlide|Jolly||M|||50|]Whimsicott||OccaBerry|Prankster|LightScreen,Tailwind,Charm,Moonblast|Timid||M|||50|]Delphox||Delphoxite|Blaze|HeatWave,Protect,Psychic,Substitute|Modest||M|||50|]Glimmora||FocusSash|ToxicDebris|SludgeBomb,SpikyShield,PowerGem,EarthPower|Timid||F|||50|]Kingambit||ChopleBerry|Defiant|KowtowCleave,IronHead,Protect,LowKick|Adamant||M|||50|
|inactive|Battle timer is ON: inactive players will automatically lose when time's up. (requested by daunting david)
|
|t:|1785613160
|teamsize|p1|4
|teamsize|p2|4
|start
|switch|p1a: Basculegion|Basculegion, L50, M|100/100
|switch|p1b: Whimsicott|Whimsicott, L50, F|100/100
|switch|p2a: Glimmora|Glimmora, L50, F|100/100
|switch|p2b: Whimsicott|Whimsicott, L50, M|100/100
|turn|1
|
|t:|1785613174
|move|p2b: Whimsicott|Tailwind|p2b: Whimsicott
|-sidestart|p2: daunting david|move: Tailwind
|move|p1b: Whimsicott|Tailwind|p1b: Whimsicott
|-sidestart|p1: panijc|move: Tailwind
|move|p2a: Glimmora|Power Gem|p1a: Basculegion
|-damage|p1a: Basculegion|58/100
|move|p1a: Basculegion|Wave Crash|p2a: Glimmora
|-supereffective|p2a: Glimmora|1
|-enditem|p2a: Glimmora|Focus Sash
|-damage|p2a: Glimmora|1/100
|-activate|p2a: Glimmora|ability: Toxic Debris
|-sidestart|p1: panijc|move: Toxic Spikes
|-damage|p1a: Basculegion|33/100|[from] Recoil
|
|upkeep
|turn|2
|
|t:|1785613192
|switch|p2b: Delphox|Delphox, L50, M|100/100
|switch|p2a: Garchomp|Garchomp, L50, M|100/100
|move|p1b: Whimsicott|Encore||[still]
|-fail|p1b: Whimsicott
|move|p1a: Basculegion|Aqua Jet|p2a: Garchomp
|-damage|p2a: Garchomp|66/100
|-damage|p1a: Basculegion|21/100|[from] ability: Rough Skin|[of] p2a: Garchomp
|
|upkeep
|turn|3
|
|t:|1785613207
|switch|p2b: Glimmora|Glimmora, L50, F|1/100
|move|p1a: Basculegion|Aqua Jet|p2b: Glimmora
|-supereffective|p2b: Glimmora|1
|-damage|p2b: Glimmora|0 fnt
|-activate|p2b: Glimmora|ability: Toxic Debris
|-sidestart|p1: panijc|move: Toxic Spikes
|faint|p2b: Glimmora
|move|p1b: Whimsicott|Moonblast|p2a: Garchomp
|-supereffective|p2a: Garchomp|1
|-damage|p2a: Garchomp|0 fnt
|faint|p2a: Garchomp
|
|upkeep
|
|t:|1785613218
|switch|p2a: Whimsicott|Whimsicott, L50, M|100/100
|switch|p2b: Delphox|Delphox, L50, M|100/100
|turn|4
|
|t:|1785613232
|detailschange|p2b: Delphox|Delphox-Mega, L50, M
|-mega|p2b: Delphox|Delphox|Delphoxite
|move|p2a: Whimsicott|Charm|p1a: Basculegion
|-unboost|p1a: Basculegion|atk|2
|move|p1a: Basculegion|Aqua Jet|p2b: Delphox
|-supereffective|p2b: Delphox|1
|-damage|p2b: Delphox|54/100
|move|p1b: Whimsicott|Moonblast|p2a: Whimsicott
|-damage|p2a: Whimsicott|52/100
|move|p2b: Delphox|Heat Wave|p1a: Basculegion|[spread] p1a,p1b
|-resisted|p1a: Basculegion|1
|-supereffective|p1b: Whimsicott|1
|-damage|p1a: Basculegion|0 fnt
|-enditem|p1b: Whimsicott|Focus Sash
|-damage|p1b: Whimsicott|1/100
|faint|p1a: Basculegion
|
|-sideend|p1: panijc|move: Tailwind
|-sideend|p2: daunting david|move: Tailwind
|upkeep
|
|t:|1785613248
|switch|p1a: Raichu|Raichu, L50, M|100/100
|-status|p1a: Raichu|tox
|turn|5
|
|t:|1785613265
|detailschange|p1a: Raichu|Raichu-Mega-Y, L50, M
|-mega|p1a: Raichu|Raichu|Raichunite Y
|move|p1a: Raichu|Fake Out|p2b: Delphox
|-damage|p2b: Delphox|41/100
|move|p2a: Whimsicott|Light Screen|p2a: Whimsicott
|-sidestart|p2: daunting david|move: Light Screen
|move|p1b: Whimsicott|Encore|p2a: Whimsicott
|-start|p2a: Whimsicott|Encore
|cant|p2b: Delphox|flinch
|
|-damage|p1a: Raichu|94/100 tox|[from] psn
|upkeep
|turn|6
|
|t:|1785613277
|move|p1b: Whimsicott|Tailwind|p1b: Whimsicott
|-sidestart|p1: panijc|move: Tailwind
|move|p2a: Whimsicott|Light Screen||[still]
|-fail|p2a: Whimsicott
|move|p1a: Raichu|Zap Cannon|p2b: Delphox
|-damage|p2b: Delphox|0 fnt
|faint|p2b: Delphox
|
|-damage|p1a: Raichu|83/100 tox|[from] psn
|upkeep
|turn|7
|
|t:|1785613289
|move|p2a: Whimsicott|Light Screen||[still]
|-fail|p2a: Whimsicott
|move|p1a: Raichu|Zap Cannon|p2a: Whimsicott
|-resisted|p2a: Whimsicott|1
|-damage|p2a: Whimsicott|20/100y
|-status|p2a: Whimsicott|par
|move|p1b: Whimsicott|Moonblast|p2a: Whimsicott
|-damage|p2a: Whimsicott|0 fnt
|faint|p2a: Whimsicott
|
|win|panijc
||daunting david is ready for game 3.
||panijc is ready for game 3.
|uhtml|next|Next: Game 3 of 3
|l|☆daunting david
|player|p2|
