|j|â˜†Julituk
|j|â˜†AzureTheTimeblind
|html|JulitukAzureTheTimeblind    
|uhtml|bestof|Game 2 of a best-of-3
|t:|1783015272
|gametype|doubles
|player|p1|Julituk|veteran|1180
|player|p2|AzureTheTimeblind|265|1306
|gen|9
|tier|[Gen 9 Champions] VGC 2026 Reg M-B (Bo3)
|rated|
|rule|Species Clause: Limit one of each PokÃ©mon
|rule|Item Clause: Limit 1 of each item
|clearpoke
|poke|p1|Kingambit, L50, M|
|poke|p1|Sylveon, L50, F|
|poke|p1|Garchomp, L50, M|
|poke|p1|Aerodactyl, L50, M|
|poke|p1|Farigiraf, L50, M|
|poke|p1|Charizard, L50, M|
|poke|p2|Metagross, L50|
|poke|p2|Gyarados, L50, M|
|poke|p2|Blaziken, L50, F|
|poke|p2|Sableye, L50, M|
|poke|p2|Whimsicott, L50, M|
|poke|p2|Hatterene, L50, F|
|teampreview|4
|showteam|p1|Kingambit||FocusSash|Defiant|IronHead,SuckerPunch,KowtowCleave,LowKick|Adamant||M|||50|]Sylveon||FairyFeather|Pixilate|Detect,HyperVoice,HyperBeam,QuickAttack|Modest||F|||50|]Garchomp||LifeOrb|RoughSkin|Protect,DragonClaw,Earthquake,StompingTantrum|Jolly||M|||50|]Aerodactyl||Aerodactylite|RockHead|IceFang,RockSlide,Tailwind,DualWingbeat|Jolly||M|||50|]Farigiraf||SitrusBerry|ArmorTail|TrickRoom,Psychic,Thunderbolt,Roar|Bold||M|||50|]Charizard||CharizarditeY|Blaze|Protect,SolarBeam,WeatherBall,HeatWave|Modest||M|||50|
|showteam|p2|Metagross||Metagrossite|ClearBody|IronHead,PsychicFangs,ThunderPunch,Protect|Adamant|||||50|]Gyarados||Gyaradosite|Intimidate|Waterfall,LashOut,DragonDance,Protect|Adamant||M|||50|]Blaziken||FocusSash|SpeedBoost|HeatWave,AuraSphere,Coaching,Protect|Modest||F|||50|]Sableye||Leftovers|Prankster|FoulPlay,LightScreen,RainDance,FakeOut|Bold||M|||50|]Whimsicott||FairyFeather|Prankster|Moonblast,EnergyBall,Tailwind,Protect|Timid||M|||50|]Hatterene||LifeOrb|MagicBounce|Psychic,DazzlingGleam,MysticalFire,TrickRoom|Quiet||F|||50|
|inactive|Battle timer is ON: inactive players will automatically lose when time's up. (requested by Julituk)
|
|t:|1783015295
|teamsize|p1|4
|teamsize|p2|4
|start
|switch|p1a: Kingambit|Kingambit, L50, M|100/100
|switch|p1b: Farigiraf|Farigiraf, L50, M|100/100
|switch|p2a: Whimsicott|Whimsicott, L50, M|100/100
|switch|p2b: Metagross|Metagross, L50|100/100
|turn|1
|inactive|AzureTheTimeblind has 30 seconds left.
|
|t:|1783015321
|detailschange|p2b: Metagross|Metagross-Mega, L50
|-mega|p2b: Metagross|Metagross|Metagrossite
|move|p2a: Whimsicott|Moonblast|p1a: Kingambit
|-damage|p1a: Kingambit|60/100
|move|p2b: Metagross|Thunder Punch|p1a: Kingambit
|-damage|p1a: Kingambit|26/100
|move|p1a: Kingambit|Kowtow Cleave|p2b: Metagross
|-supereffective|p2b: Metagross|1
|-damage|p2b: Metagross|25/100
|move|p1b: Farigiraf|Trick Room|p1b: Farigiraf
|-fieldstart|move: Trick Room|[of] p1b: Farigiraf
|
|upkeep
|turn|2
|
|t:|1783015342
|switch|p2b: Hatterene|Hatterene, L50, F|100/100
|move|p1b: Farigiraf|Thunderbolt|p2a: Whimsicott
|-resisted|p2a: Whimsicott|1
|-damage|p2a: Whimsicott|87/100
|move|p1a: Kingambit|Iron Head|p2a: Whimsicott
|-supereffective|p2a: Whimsicott|1
|-damage|p2a: Whimsicott|0 fnt
|faint|p2a: Whimsicott
|
|upkeep
|
|t:|1783015352
|switch|p2a: Sableye|Sableye, L50, M|100/100
|turn|3
|
|t:|1783015373
|switch|p1b: Charizard|Charizard, L50, M|100/100
|switch|p1a: Sylveon|Sylveon, L50, F|100/100
|move|p2b: Hatterene|Dazzling Gleam|p1a: Sylveon|[spread] p1a,p1b
|-resisted|p1b: Charizard|1
|-damage|p1a: Sylveon|62/100
|-damage|p1b: Charizard|74/100
|-damage|p2b: Hatterene|90/100|[from] item: Life Orb
|move|p2a: Sableye|Foul Play|p1b: Charizard
|-damage|p1b: Charizard|48/100
|
|upkeep
|turn|4
|
|t:|1783015396
|detailschange|p1b: Charizard|Charizard-Mega-Y, L50, M
|-mega|p1b: Charizard|Charizard|Charizardite Y
|-weather|SunnyDay|[from] ability: Drought|[of] p1b: Charizard
|move|p2a: Sableye|Rain Dance|p2a: Sableye
|-weather|RainDance
|move|p2b: Hatterene|Mystical Fire|p1a: Sylveon
|-damage|p1a: Sylveon|47/100
|-unboost|p1a: Sylveon|spa|1
|-damage|p2b: Hatterene|80/100|[from] item: Life Orb
|move|p1a: Sylveon|Hyper Voice|p2a: Sableye|[spread] p2a,p2b
|-supereffective|p2a: Sableye|1
|-damage|p2a: Sableye|23/100
|-damage|p2b: Hatterene|48/100
|move|p1b: Charizard|Heat Wave|p2a: Sableye|[spread] p2b
|-miss|p1b: Charizard|p2a: Sableye
|-damage|p2b: Hatterene|29/100
|
|-weather|RainDance|[upkeep]
|-heal|p2a: Sableye|29/100|[from] item: Leftovers
|upkeep
|turn|5
|inactive|Julituk has 30 seconds left.
|
|t:|1783015423
|move|p2a: Sableye|Light Screen|p2a: Sableye
|-sidestart|p2: AzureTheTimeblind|move: Light Screen
|move|p2b: Hatterene|Dazzling Gleam|p1b: Charizard|[spread] p1a,p1b
|-resisted|p1b: Charizard|1
|-damage|p1a: Sylveon|12/100
|-damage|p1b: Charizard|26/100
|-damage|p2b: Hatterene|20/100y|[from] item: Life Orb
|move|p1a: Sylveon|Hyper Voice|p2a: Sableye|[spread] p2a,p2b
|-supereffective|p2a: Sableye|1
|-damage|p2a: Sableye|0 fnt
|-damage|p2b: Hatterene|0 fnt
|faint|p2a: Sableye
|faint|p2b: Hatterene
|move|p1b: Charizard|Weather Ball|p2: Sableye|[notarget]
|-fail|p1b: Charizard
|
|-weather|RainDance|[upkeep]
|-fieldend|move: Trick Room
|upkeep
|
|t:|1783015436
|switch|p2b: Metagross|Metagross-Mega, L50|25/100
|turn|6
|
|t:|1783015443
|move|p2b: Metagross|Iron Head|p1a: Sylveon
|-supereffective|p1a: Sylveon|1
|-damage|p1a: Sylveon|0 fnt
|faint|p1a: Sylveon
|move|p1b: Charizard|Weather Ball|p2b: Metagross
|-damage|p2b: Metagross|0 fnt
|faint|p2b: Metagross
|
|win|Julituk
||AzureTheTimeblind is ready for game 3.
||Julituk is ready for game 3.
|uhtml|next|Next: Game 3 of 3
|l|â˜†Julituk
|player|p1|
