|j|☆LastHorzion
|j|☆gostzin
|html|LastHorziongostzin    
|uhtml|bestof|Game 2 of a best-of-3
|t:|1757127121
|gametype|doubles
|player|p1|LastHorzion|steven|1338
|player|p2|gostzin|101|1269
|gen|9
|tier|[Gen 9] VGC 2025 Reg H (Bo3)
|rated|
|rule|Species Clause: Limit one of each Pokémon
|rule|Item Clause: Limit 1 of each item
|clearpoke
|poke|p1|Sneasler, L50, F|
|poke|p1|Indeedee, L50, M|
|poke|p1|Ursaluna-Bloodmoon, L50, M|
|poke|p1|Electabuzz, L50, M|
|poke|p1|Tyranitar, L50, M|
|poke|p1|Dragapult, L50, F|
|poke|p2|Incineroar, L50, F|
|poke|p2|Volcarona, L50, F|
|poke|p2|Ninetales-Alola, L50, M|
|poke|p2|Ursaluna-Bloodmoon, L50, M|
|poke|p2|Indeedee-F, L50, F|
|poke|p2|Sneasler, L50, M|
|teampreview|4
|showteam|p1|Sneasler||PsychicSeed|Unburden|CloseCombat,DireClaw,ThroatChop,Protect|||F|||50|,,,,,Dark]Indeedee||FocusSash|PsychicSurge|ExpandingForce,TrickRoom,Imprison,Protect|||M|||50|,,,,,Psychic]Ursaluna-Bloodmoon||LifeOrb|MindsEye|BloodMoon,HyperVoice,EarthPower,Protect|||M|||50|,,,,,Normal]Electabuzz||Eviolite|VitalSpirit|Electroweb,FollowMe,Taunt,Protect|||M|||50|,,,,,Dragon]Tyranitar||AssaultVest|SandStream|KnockOff,TeraBlast,RockSlide,LowKick|||M|||50|,,,,,Flying]Dragapult||ChoiceBand|ClearBody|DragonDarts,Uturn,PhantomForce,Outrage|||F|||50|,,,,,Dragon
|showteam|p2|Incineroar||SafetyGoggles|Intimidate|WillOWisp,FakeOut,Taunt,KnockOff|||F|||50|,,,,,Ghost]Volcarona||CovertCloak|FlameBody|QuiverDance,FieryDance,GigaDrain,Protect|||F|||50|,,,,,Fairy]Ninetales-Alola||FocusSash|SnowWarning|Blizzard,FreezeDry,IcyWind,AuroraVeil|||M|||50|,,,,,Ghost]Ursaluna-Bloodmoon||AssaultVest|MindsEye|BloodMoon,EarthPower,HyperVoice,VacuumWave|||M|||50|,,,,,Ghost]Indeedee-F||RockyHelmet|PsychicSurge|TrickRoom,FollowMe,DazzlingGleam,HelpingHand|||F|||50|,,,,,Grass]Sneasler||PsychicSeed|Unburden|CloseCombat,DireClaw,Protect,ThroatChop|||M|||50|,,,,,Stellar
|inactive|Battle timer is ON: inactive players will automatically lose when time's up. (requested by LastHorzion)
|
|t:|1757127140
|teamsize|p1|4
|teamsize|p2|4
|start
|switch|p1a: Electabuzz|Electabuzz, L50, M|100/100
|switch|p1b: Tyranitar|Tyranitar, L50, M|100/100
|switch|p2a: Ninetales|Ninetales-Alola, L50, M, shiny|100/100
|switch|p2b: Ursaluna|Ursaluna-Bloodmoon, L50, M|100/100
|-weather|Snowscape|[from] ability: Snow Warning|[of] p2a: Ninetales
|-weather|Sandstorm|[from] ability: Sand Stream|[of] p1b: Tyranitar
|turn|1
|
|t:|1757127159
|switch|p2a: Sneasler|Sneasler, L50, M|100/100
|move|p1a: Electabuzz|Follow Me|p1a: Electabuzz
|-singleturn|p1a: Electabuzz|move: Follow Me
|move|p1b: Tyranitar|Low Kick|p2b: Ursaluna
|-supereffective|p2b: Ursaluna
|-damage|p2b: Ursaluna|27/100
|move|p2b: Ursaluna|Earth Power|p1a: Electabuzz
|-supereffective|p1a: Electabuzz
|-damage|p1a: Electabuzz|1/100
|
|-weather|Sandstorm|[upkeep]
|-damage|p2a: Sneasler|95/100|[from] Sandstorm
|-damage|p1a: Electabuzz|0 fnt|[from] Sandstorm
|faint|p1a: Electabuzz
|upkeep
|
|t:|1757127173
|switch|p1a: Sneasler|Sneasler, L50, F|100/100
|turn|2
|
|t:|1757127196
|-terastallize|p1b: Tyranitar|Flying
|move|p1a: Sneasler|Protect|p1a: Sneasler
|-singleturn|p1a: Sneasler|Protect
|move|p2a: Sneasler|Protect|p2a: Sneasler
|-singleturn|p2a: Sneasler|Protect
|move|p2b: Ursaluna|Vacuum Wave|p1b: Tyranitar
|-resisted|p1b: Tyranitar
|-damage|p1b: Tyranitar|95/100
|move|p1b: Tyranitar|Tera Blast|p2a: Sneasler|[anim] Tera Blast Flying
|-activate|p2a: Sneasler|move: Protect
|
|-weather|Sandstorm|[upkeep]
|-damage|p2a: Sneasler|89/100|[from] Sandstorm
|-damage|p1a: Sneasler|95/100|[from] Sandstorm
|-damage|p1b: Tyranitar|89/100|[from] Sandstorm
|upkeep
|turn|3
|inactive|LastHorzion has 30 seconds left.
|inactive|gostzin has 30 seconds left.
|
|t:|1757127224
|move|p2a: Sneasler|Dire Claw|p1a: Sneasler
|-resisted|p1a: Sneasler
|-damage|p1a: Sneasler|54/100
|move|p1a: Sneasler|Dire Claw|p2b: Ursaluna
|-resisted|p2b: Ursaluna
|-damage|p2b: Ursaluna|10/100
|move|p1b: Tyranitar|Tera Blast|p2a: Sneasler|[anim] Tera Blast Flying
|-supereffective|p2a: Sneasler
|-damage|p2a: Sneasler|0 fnt
|faint|p2a: Sneasler
|move|p2b: Ursaluna|Blood Moon|p1b: Tyranitar
|-damage|p1b: Tyranitar|37/100
|
|-weather|Sandstorm|[upkeep]
|-damage|p1a: Sneasler|48/100|[from] Sandstorm
|-damage|p1b: Tyranitar|32/100|[from] Sandstorm
|upkeep
|
|t:|1757127240
|switch|p2a: Ninetales|Ninetales-Alola, L50, M, shiny|100/100
|-weather|Snowscape|[from] ability: Snow Warning|[of] p2a: Ninetales
|turn|4
|
|t:|1757127263
|-terastallize|p2a: Ninetales|Ghost
|move|p2a: Ninetales|Blizzard|p1b: Tyranitar|[spread] p1a,p1b
|-supereffective|p1b: Tyranitar
|-damage|p1a: Sneasler|11/100
|-damage|p1b: Tyranitar|0 fnt
|faint|p1b: Tyranitar
|move|p1a: Sneasler|Dire Claw|p2a: Ninetales
|-resisted|p2a: Ninetales
|-damage|p2a: Ninetales|68/100
|move|p2b: Ursaluna|Hyper Voice|p1a: Sneasler
|-damage|p1a: Sneasler|0 fnt
|faint|p1a: Sneasler
|
|-weather|Snowscape|[upkeep]
|upkeep
|
|t:|1757127279
|switch|p1b: Indeedee|Indeedee, L50, M|100/100
|-fieldstart|move: Psychic Terrain|[from] ability: Psychic Surge|[of] p1b: Indeedee
|turn|5
|
|t:|1757127287
|move|p2a: Ninetales|Aurora Veil|p2a: Ninetales
|-sidestart|p2: gostzin|move: Aurora Veil
|move|p1b: Indeedee|Expanding Force|p2b: Ursaluna|[spread] p2a,p2b
|-crit|p2a: Ninetales
|-damage|p2a: Ninetales|0 fnt
|-damage|p2b: Ursaluna|0 fnt
|faint|p2a: Ninetales
|faint|p2b: Ursaluna
|
|-weather|Snowscape|[upkeep]
|upkeep
|
|t:|1757127295
|switch|p2b: Volcarona|Volcarona, L50, F, shiny|100/100
|turn|6
|
|t:|1757127302
|move|p1b: Indeedee|Expanding Force|p2b: Volcarona
|-damage|p2b: Volcarona|56/100
|move|p2b: Volcarona|Giga Drain|p1b: Indeedee
|-damage|p1b: Indeedee|68/100
|-heal|p2b: Volcarona|67/100|[from] drain|[of] p1b: Indeedee
|
|-weather|Snowscape|[upkeep]
|upkeep
|turn|7
|
|t:|1757127309
|move|p1b: Indeedee|Expanding Force|p2b: Volcarona
|-damage|p2b: Volcarona|29/100
|move|p2b: Volcarona|Quiver Dance|p2b: Volcarona
|-boost|p2b: Volcarona|spa|1
|-boost|p2b: Volcarona|spd|1
|-boost|p2b: Volcarona|spe|1
|
|-weather|Snowscape|[upkeep]
|upkeep
|turn|8
|
|t:|1757127319
|move|p1b: Indeedee|Protect|p1b: Indeedee
|-singleturn|p1b: Indeedee|Protect
|move|p2b: Volcarona|Fiery Dance|p1b: Indeedee
|-activate|p1b: Indeedee|move: Protect
|
|-weather|none
|upkeep
|turn|9
|
|t:|1757127327
|move|p2b: Volcarona|Fiery Dance|p1b: Indeedee
|-damage|p1b: Indeedee|0 fnt
|-boost|p2b: Volcarona|spa|1
|faint|p1b: Indeedee
|
|win|gostzin
||gostzin is ready for game 3.
||LastHorzion is ready for game 3.
|uhtml|next|Next: Game 3 of 3
|l|☆gostzin
|player|p2|
