|j|☆I LOVE KOMMO-O
|j|☆Elokyyy
|html|I LOVE KOMMO-OElokyyy    
|uhtml|bestof|Game 2 of a best-of-3
|t:|1757860848
|gametype|doubles
|player|p1|I LOVE KOMMO-O|n|1212
|player|p2|Elokyyy|102|1208
|gen|9
|tier|[Gen 9] VGC 2025 Reg H (Bo3)
|rated|
|rule|Species Clause: Limit one of each Pokémon
|rule|Item Clause: Limit 1 of each item
|clearpoke
|poke|p1|Drifblim, L50, M|
|poke|p1|Kommo-o, L50, M|
|poke|p1|Toxtricity-Low-Key, L50, M|
|poke|p1|Indeedee, L50, M|
|poke|p1|Hydreigon, L50, M|
|poke|p1|Arcanine-Hisui, L50, M|
|poke|p2|Sneasler, L50, M|
|poke|p2|Rillaboom, L50, M|
|poke|p2|Dragonite, L50, M|
|poke|p2|Volcarona, L50, F|
|poke|p2|Kingambit, L50, F|
|poke|p2|Electabuzz, L50, M|
|teampreview|4
|showteam|p1|Drifblim||PsychicSeed|Unburden|Acrobatics,WillOWisp,Tailwind,StrengthSap|||M|||50|,,,,,Grass]Kommo-o||Leftovers|Soundproof|BodyPress,IronDefense,Flamethrower,Protect|||M|||50|,,,,,Fire]Toxtricity-Low-Key||ChoiceSpecs|PunkRock|Boomburst,Overdrive,SludgeBomb,VoltSwitch|||M|||50|,,,,,Normal]Indeedee||FocusSash|PsychicSurge|ExpandingForce,TeraBlast,Imprison,TrickRoom|||M|||50|,,,,,Fairy]Hydreigon||AssaultVest|Levitate|DarkPulse,Snarl,DracoMeteor,EarthPower|||M|||50|,,,,,Ghost]Arcanine-Hisui||SafetyGoggles|Intimidate|RockSlide,FlareBlitz,WillOWisp,Protect|||M|||50|,,,,,Water
|showteam|p2|Sneasler||FocusSash|PoisonTouch|CloseCombat,DireClaw,Coaching,FakeOut|||M|||50|,,,,,Ghost]Rillaboom||AssaultVest|GrassySurge|WoodHammer,GrassyGlide,HighHorsepower,FakeOut|||M|||50|,,,,,Fire]Dragonite||LoadedDice|Multiscale|ScaleShot,ExtremeSpeed,Haze,Protect|||M|||50|,,,,,Fairy]Volcarona||Leftovers|FlameBody|HeatWave,TeraBlast,QuiverDance,Protect|||F|||50|,,,,,Fairy]Kingambit||BlackGlasses|Defiant|KowtowCleave,SuckerPunch,SwordsDance,Protect|||F|||50|,,,,,Dark]Electabuzz||Eviolite|VitalSpirit|Thunderbolt,FollowMe,Taunt,Protect|||M|||50|,,,,,Ghost
|inactive|Battle timer is ON: inactive players will automatically lose when time's up. (requested by I LOVE KOMMO-O)
|
|t:|1757860874
|teamsize|p1|4
|teamsize|p2|4
|start
|switch|p1a: Pani|Drifblim, L50, M|100/100
|switch|p1b: Despacito|Indeedee, L50, M|100/100
|switch|p2a: Kingambit|Kingambit, L50, F|100/100
|switch|p2b: Sneasler|Sneasler, L50, M|100/100
|-fieldstart|move: Psychic Terrain|[from] ability: Psychic Surge|[of] p1b: Despacito
|-enditem|p1a: Pani|Psychic Seed
|-boost|p1a: Pani|spd|1|[from] item: Psychic Seed
|turn|1
|
|t:|1757860897
|switch|p1b: Kommo-o|Kommo-o, L50, M|100/100
|move|p1a: Pani|Acrobatics|p2b: Sneasler
|-supereffective|p2b: Sneasler
|-enditem|p2b: Sneasler|Focus Sash
|-damage|p2b: Sneasler|1/100
|move|p2b: Sneasler|Dire Claw|p1a: Pani
|-resisted|p1a: Pani
|-crit|p1a: Pani
|-damage|p1a: Pani|52/100
|move|p2a: Kingambit|Kowtow Cleave|p1b: Kommo-o
|-resisted|p1b: Kommo-o
|-damage|p1b: Kommo-o|81/100
|
|-heal|p1b: Kommo-o|87/100|[from] item: Leftovers
|upkeep
|turn|2
|
|t:|1757860926
|move|p1a: Pani|Acrobatics|p2b: Sneasler
|-supereffective|p2b: Sneasler
|-damage|p2b: Sneasler|0 fnt
|faint|p2b: Sneasler
|move|p1b: Kommo-o|Iron Defense|p1b: Kommo-o
|-boost|p1b: Kommo-o|def|2
|move|p2a: Kingambit|Kowtow Cleave|p1a: Pani
|-supereffective|p1a: Pani
|-damage|p1a: Pani|0 fnt
|faint|p1a: Pani
|
|-heal|p1b: Kommo-o|93/100|[from] item: Leftovers
|upkeep
|
|t:|1757860935
|switch|p2b: Dragonite|Dragonite, L50, M|100/100
|switch|p1a: Despacito|Indeedee, L50, M|100/100
|turn|3
|
|t:|1757860943
|-terastallize|p1a: Despacito|Fairy
|move|p1a: Despacito|Tera Blast|p2b: Dragonite|[anim] Tera Blast Fairy
|-supereffective|p2b: Dragonite
|-damage|p2b: Dragonite|67/100
|move|p1b: Kommo-o|Body Press|p2a: Kingambit
|-supereffective|p2a: Kingambit
|-damage|p2a: Kingambit|0 fnt
|faint|p2a: Kingambit
|move|p2b: Dragonite|Haze|p2b: Dragonite
|-clearallboost
|
|-heal|p1b: Kommo-o|99/100|[from] item: Leftovers
|upkeep
|
|t:|1757860946
|switch|p2a: Rillaboom|Rillaboom, L50, M|100/100
|-fieldstart|move: Grassy Terrain|[from] ability: Grassy Surge|[of] p2a: Rillaboom
|turn|4
|
|t:|1757860969
|switch|p1a: Arcanine|Arcanine-Hisui, L50, M|100/100
|-ability|p1a: Arcanine|Intimidate|boost
|-unboost|p2a: Rillaboom|atk|1
|-unboost|p2b: Dragonite|atk|1
|move|p2a: Rillaboom|Wood Hammer|p1b: Kommo-o
|-resisted|p1b: Kommo-o
|-damage|p1b: Kommo-o|81/100
|-damage|p2a: Rillaboom|94/100|[from] Recoil
|move|p1b: Kommo-o|Flamethrower|p2a: Rillaboom
|-supereffective|p2a: Rillaboom
|-damage|p2a: Rillaboom|54/100
|move|p2b: Dragonite|Scale Shot|p1b: Kommo-o
|-supereffective|p1b: Kommo-o
|-damage|p1b: Kommo-o|64/100
|-supereffective|p1b: Kommo-o
|-damage|p1b: Kommo-o|50/100
|-supereffective|p1b: Kommo-o
|-damage|p1b: Kommo-o|36/100
|-supereffective|p1b: Kommo-o
|-damage|p1b: Kommo-o|21/100
|-supereffective|p1b: Kommo-o
|-damage|p1b: Kommo-o|8/100
|-hitcount|p1b: Kommo-o|5
|-unboost|p2b: Dragonite|def|1
|-boost|p2b: Dragonite|spe|1
|
|-heal|p2a: Rillaboom|60/100|[from] Grassy Terrain
|-heal|p1b: Kommo-o|14/100|[from] Grassy Terrain
|-heal|p1b: Kommo-o|20/100|[from] item: Leftovers
|upkeep
|turn|5
|
|t:|1757860992
|-terastallize|p2a: Rillaboom|Fire
|move|p2a: Rillaboom|High Horsepower|p1a: Arcanine
|-supereffective|p1a: Arcanine
|-damage|p1a: Arcanine|3/100
|move|p2b: Dragonite|Scale Shot|p1b: Kommo-o
|-supereffective|p1b: Kommo-o
|-damage|p1b: Kommo-o|4/100
|-supereffective|p1b: Kommo-o
|-crit|p1b: Kommo-o
|-damage|p1b: Kommo-o|0 fnt
|faint|p1b: Kommo-o
|-hitcount|p1: Kommo-o|2
|-unboost|p2b: Dragonite|def|1
|-boost|p2b: Dragonite|spe|1
|move|p1a: Arcanine|Flare Blitz|p2a: Rillaboom
|-resisted|p2a: Rillaboom
|-damage|p2a: Rillaboom|26/100
|-damage|p1a: Arcanine|0 fnt|[from] Recoil
|faint|p1a: Arcanine
|
|-heal|p2a: Rillaboom|31/100|[from] Grassy Terrain
|upkeep
|
|t:|1757861001
|switch|p1b: Despacito|Indeedee, L50, M, tera:Fairy|100/100
|-fieldstart|move: Psychic Terrain|[from] ability: Psychic Surge|[of] p1b: Despacito
|turn|6
|
|t:|1757861011
|move|p2b: Dragonite|Extreme Speed|p1b: Despacito
|-activate|p1b: Despacito|move: Psychic Terrain
|move|p1b: Despacito|Expanding Force|p2a: Rillaboom|[spread] p2a,p2b
|-damage|p2a: Rillaboom|0 fnt
|-damage|p2b: Dragonite|20/100
|faint|p2a: Rillaboom
|
|upkeep
|turn|7
|-message|Elokyyy forfeited.
|
|win|I LOVE KOMMO-O
|l|☆Elokyyy
|player|p2|
||I LOVE KOMMO-O is ready for game 3.
||Elokyyy is ready for game 3.
|uhtml|next|Next: Game 3 of 3
