|j|☆OhNoValentine
|j|☆DewosZz
|html|OhNoValentineDewosZz    
|uhtml|bestof|Game 1 of a best-of-3
|t:|1756994503
|gametype|doubles
|player|p1|OhNoValentine|170|1197
|player|p2|DewosZz|101|1258
|gen|9
|tier|[Gen 9] VGC 2025 Reg H (Bo3)
|rated|
|rule|Species Clause: Limit one of each Pokémon
|rule|Item Clause: Limit 1 of each item
|clearpoke
|poke|p1|Rillaboom, L50, M|
|poke|p1|Sneasler, L50, F|
|poke|p1|Gholdengo, L50|
|poke|p1|Ursaluna, L50, M|
|poke|p1|Dragonite, L50, F|
|poke|p1|Annihilape, L50, M|
|poke|p2|Indeedee, L50, M|
|poke|p2|Whimsicott, L50, M|
|poke|p2|Typhlosion-Hisui, L50, F|
|poke|p2|Decidueye-Hisui, L50, F|
|poke|p2|Dragapult, L50, F|
|poke|p2|Sneasler, L50, M|
|teampreview|4
|showteam|p1|Rillaboom||AssaultVest|GrassySurge|FakeOut,WoodHammer,Uturn,GrassyGlide|||M|||50|,,,,,Fire]Sneasler||GrassySeed|Unburden|Protect,CloseCombat,DireClaw,ThroatChop|||F|||50|,,,,,Dark]Gholdengo||LifeOrb|GoodasGold|MakeItRain,ShadowBall,NastyPlot,Protect||||||50|,,,,,Water]Ursaluna||FlameOrb|Guts|Protect,HeadlongRush,Earthquake,Facade|||M|||50|,,,,,Ghost]Dragonite||LoadedDice|Multiscale|Protect,Tailwind,ExtremeSpeed,ScaleShot|||F|||50|,,,,,Steel]Annihilape||SafetyGoggles|Defiant|RageFist,DrainPunch,Protect,BulkUp|||M|||50|,,,,,Fighting
|showteam|p2|Indeedee||FocusSash|PsychicSurge|TeraBlast,ExpandingForce,TrickRoom,Imprison|||M|||50|,,,,,Fighting]Whimsicott||CovertCloak|Prankster|Moonblast,Tailwind,SunnyDay,Encore|||M|||50|,,,,,Fire]Typhlosion-Hisui||ChoiceSpecs|Blaze|Eruption,Overheat,HeatWave,ShadowBall|||F|||50|,,,,,Fire]Decidueye-Hisui||RazorClaw|Scrappy|TripleArrows,LeafBlade,Haze,Protect|||F|||50|,,,,,Water]Dragapult||ChoiceBand|ClearBody|DragonDarts,PhantomForce,TeraBlast,Uturn|||F|||50|,,,,,Ghost]Sneasler||PsychicSeed|Unburden|CloseCombat,DireClaw,ThroatChop,Protect|||M|||50|,,,,,Dark
|
|t:|1756994539
|teamsize|p1|4
|teamsize|p2|4
|start
|switch|p1a: Sneasler|Sneasler, L50, F|100/100
|switch|p1b: Rillaboom|Rillaboom, L50, M|100/100
|switch|p2a: Whimsicott|Whimsicott, L50, M|100/100
|switch|p2b: Dragapult|Dragapult, L50, F|100/100
|-fieldstart|move: Grassy Terrain|[from] ability: Grassy Surge|[of] p1b: Rillaboom
|-enditem|p1a: Sneasler|Grassy Seed
|-boost|p1a: Sneasler|def|1|[from] item: Grassy Seed
|turn|1
|
|t:|1756994557
|move|p2a: Whimsicott|Tailwind|p2a: Whimsicott
|-sidestart|p2: DewosZz|move: Tailwind
|move|p2b: Dragapult|Dragon Darts|p1a: Sneasler
|-crit|p1a: Sneasler
|-damage|p1a: Sneasler|0 fnt
|-anim|p2b: Dragapult|Dragon Darts|p1b: Rillaboom
|-damage|p1b: Rillaboom|61/100
|faint|p1a: Sneasler
|move|p1b: Rillaboom|U-turn|p2b: Dragapult
|-resisted|p2b: Dragapult
|-damage|p2b: Dragapult|84/100
|
|t:|1756994563
|switch|p1b: Gholdengo|Gholdengo, L50, shiny|100/100|[from] U-turn
|
|-heal|p2b: Dragapult|90/100|[from] Grassy Terrain
|upkeep
|
|t:|1756994566
|switch|p1a: Dragonite|Dragonite, L50, F|100/100
|turn|2
|inactive|Battle timer is ON: inactive players will automatically lose when time's up. (requested by DewosZz)
|inactive|DewosZz has 60 seconds left.
|
|t:|1756994639
|-terastallize|p1a: Dragonite|Steel
|move|p2b: Dragapult|Dragon Darts|p1a: Dragonite
|-resisted|p1a: Dragonite
|-damage|p1a: Dragonite|90/100
|-anim|p2b: Dragapult|Dragon Darts|p1b: Gholdengo
|-resisted|p1b: Gholdengo
|-damage|p1b: Gholdengo|77/100
|move|p2a: Whimsicott|Moonblast|p1a: Dragonite
|-resisted|p1a: Dragonite
|-damage|p1a: Dragonite|75/100
|-unboost|p1a: Dragonite|spa|1
|move|p1b: Gholdengo|Make It Rain|p2b: Dragapult|[spread] p2a,p2b
|-supereffective|p2a: Whimsicott
|-damage|p2a: Whimsicott|0 fnt
|-damage|p2b: Dragapult|4/100
|-unboost|p1b: Gholdengo|spa|1
|faint|p2a: Whimsicott
|-damage|p1b: Gholdengo|68/100|[from] item: Life Orb
|move|p1a: Dragonite|Tailwind|p1a: Dragonite
|-sidestart|p1: OhNoValentine|move: Tailwind
|
|-heal|p2b: Dragapult|10/100|[from] Grassy Terrain
|-heal|p1b: Gholdengo|74/100|[from] Grassy Terrain
|-heal|p1a: Dragonite|81/100|[from] Grassy Terrain
|upkeep
|
|t:|1756994648
|switch|p2a: Decidueye|Decidueye-Hisui, L50, F|100/100
|turn|3
|
|t:|1756994665
|move|p2b: Dragapult|Dragon Darts|p1a: Dragonite
|-resisted|p1a: Dragonite
|-damage|p1a: Dragonite|59/100
|-anim|p2b: Dragapult|Dragon Darts|p1b: Gholdengo
|-resisted|p1b: Gholdengo
|-damage|p1b: Gholdengo|52/100
|move|p1b: Gholdengo|Make It Rain|p2a: Decidueye|[spread] p2a,p2b
|-damage|p2a: Decidueye|60/100
|-damage|p2b: Dragapult|0 fnt
|-unboost|p1b: Gholdengo|spa|1
|faint|p2b: Dragapult
|-damage|p1b: Gholdengo|43/100|[from] item: Life Orb
|move|p1a: Dragonite|Scale Shot|p2a: Decidueye
|-damage|p2a: Decidueye|40/100
|-damage|p2a: Decidueye|23/100
|-damage|p2a: Decidueye|3/100
|-damage|p2a: Decidueye|0 fnt
|faint|p2a: Decidueye
|-hitcount|p2: Decidueye|4
|-unboost|p1a: Dragonite|def|1
|-boost|p1a: Dragonite|spe|1
|
|-heal|p1a: Dragonite|65/100|[from] Grassy Terrain
|-heal|p1b: Gholdengo|49/100|[from] Grassy Terrain
|upkeep
|
|t:|1756994670
|switch|p2b: Typhlosion|Typhlosion-Hisui, L50, F|100/100
|turn|4
|
|t:|1756994685
|-terastallize|p2b: Typhlosion|Fire
|move|p1a: Dragonite|Protect|p1a: Dragonite
|-singleturn|p1a: Dragonite|Protect
|move|p1b: Gholdengo|Protect|p1b: Gholdengo
|-singleturn|p1b: Gholdengo|Protect
|move|p2b: Typhlosion|Heat Wave|p1a: Dragonite|[spread] 
|-activate|p1a: Dragonite|move: Protect
|-activate|p1b: Gholdengo|move: Protect
|
|-heal|p1a: Dragonite|71/100|[from] Grassy Terrain
|-heal|p1b: Gholdengo|55/100|[from] Grassy Terrain
|-sideend|p2: DewosZz|move: Tailwind
|upkeep
|turn|5
|
|t:|1756994693
|move|p1a: Dragonite|Scale Shot|p2b: Typhlosion
|-damage|p2b: Typhlosion|78/100
|-damage|p2b: Typhlosion|57/100
|-damage|p2b: Typhlosion|34/100
|-damage|p2b: Typhlosion|11/100
|-hitcount|p2b: Typhlosion|4
|-unboost|p1a: Dragonite|def|1
|-boost|p1a: Dragonite|spe|1
|move|p1b: Gholdengo|Shadow Ball|p2b: Typhlosion
|-damage|p2b: Typhlosion|0 fnt
|faint|p2b: Typhlosion
|-damage|p1b: Gholdengo|45/100|[from] item: Life Orb
|
|win|OhNoValentine
