|j|â˜†SelfDestructionn
|j|â˜†Raining in Hoenn
|html|SelfDestructionnRaining in Hoenn    
|uhtml|bestof|Game 2 of a best-of-3
|t:|1757638381
|gametype|doubles
|player|p1|SelfDestructionn|ghetsis|1040
|player|p2|Raining in Hoenn|2|1093
|gen|9
|tier|[Gen 9] VGC 2025 Reg H (Bo3)
|rated|
|rule|Species Clause: Limit one of each PokÃ©mon
|rule|Item Clause: Limit 1 of each item
|clearpoke
|poke|p1|Meowscarada, L50, F|
|poke|p1|Incineroar, L50, M|
|poke|p1|Bisharp, L50, M|
|poke|p1|Primarina, L50, F|
|poke|p1|Dragapult, L50, F|
|poke|p1|Scizor, L50, M|
|poke|p2|Rillaboom, L50, M|
|poke|p2|Magmar, L50, M|
|poke|p2|Kingambit, L50, M|
|poke|p2|Ninetales-Alola, L50, F|
|poke|p2|Basculegion, L50, M|
|poke|p2|Sneasler, L50, F|
|teampreview|4
|showteam|p1|Meowscarada||ChoiceScarf|Protean|FlowerTrick,KnockOff,Uturn,ThunderPunch|||F|||50|,,,,,Water]Incineroar||AssaultVest|Intimidate|FakeOut,FlareBlitz,KnockOff,Uturn|||M|||50|,,,,,Grass]Bisharp||Eviolite|Defiant|BrickBreak,FoulPlay,LashOut,Protect|||M|||50|,,,,,Water]Primarina||LifeOrb|LiquidVoice|HyperVoice,Moonblast,Protect,LifeDew|||F|||50|,,,,,Fairy]Dragapult||ChoiceBand|ClearBody|PhantomForce,DragonDarts,SuckerPunch,Disable|||F|||50|,,,,,Dark]Scizor||ClearAmulet|Technician|CloseCombat,Protect,BulletPunch,SwordsDance|||M|||50|,,,,,Dragon
|showteam|p2|Rillaboom||AssaultVest|GrassySurge|DrumBeating,GrassyGlide,FakeOut,HighHorsepower|||M|||50|,,,,,Fire]Magmar||Eviolite|VitalSpirit|Overheat,FollowMe,Taunt,Protect|||M|||50|,,,,,Ghost]Kingambit||BlackGlasses|Defiant|KowtowCleave,SuckerPunch,SwordsDance,Protect|||M|||50|,,,,,Fire]Ninetales-Alola||LifeOrb|SnowWarning|Blizzard,FreezeDry,Encore,Protect|||F|||50|,,,,,Ghost]Basculegion||ChoiceScarf|Adaptability|WaveCrash,LastRespects,TeraBlast,FlipTurn|||M|||50|,,,,,Fighting]Sneasler||FocusSash|PoisonTouch|DireClaw,CloseCombat,FakeOut,Protect|||F|||50|,,,,,Ghost
|inactive|Battle timer is ON: inactive players will automatically lose when time's up. (requested by SelfDestructionn)
|inactive|SelfDestructionn has 60 seconds left.
|inactive|Raining in Hoenn has 60 seconds left.
|
|t:|1757638430
|teamsize|p1|4
|teamsize|p2|4
|start
|switch|p1a: Incineroar|Incineroar, L50, M|100/100
|switch|p1b: Meowscarada|Meowscarada, L50, F, shiny|100/100
|switch|p2a: Basculegion|Basculegion, L50, M|100/100
|switch|p2b: Rillaboom|Rillaboom, L50, M|100/100
|-fieldstart|move: Grassy Terrain|[from] ability: Grassy Surge|[of] p2b: Rillaboom
|-ability|p1a: Incineroar|Intimidate|boost
|-unboost|p2a: Basculegion|atk|1
|-unboost|p2b: Rillaboom|atk|1
|turn|1
|inactive|SelfDestructionn has 30 seconds left.
|inactive|Raining in Hoenn has 30 seconds left.
|inactive|SelfDestructionn has 20 seconds left.
|inactive|Raining in Hoenn has 20 seconds left.
|inactive|SelfDestructionn has 15 seconds left.
|inactive|SelfDestructionn has 10 seconds left.
|
|t:|1757638476
|move|p2b: Rillaboom|Fake Out|p1b: Meowscarada
|-damage|p1b: Meowscarada|87/100
|cant|p1b: Meowscarada|flinch
|move|p2a: Basculegion|Flip Turn|p1a: Incineroar
|-supereffective|p1a: Incineroar
|-damage|p1a: Incineroar|57/100
|
|t:|1757638485
|switch|p2a: Sneasler|Sneasler, L50, F, shiny|100/100|[from] Flip Turn
|move|p1a: Incineroar|Knock Off|p2a: Sneasler
|-resisted|p2a: Sneasler
|-damage|p2a: Sneasler|68/100
|-enditem|p2a: Sneasler|Focus Sash|[from] move: Knock Off|[of] p1a: Incineroar
|
|-heal|p1b: Meowscarada|93/100|[from] Grassy Terrain
|-heal|p2a: Sneasler|74/100|[from] Grassy Terrain
|-heal|p1a: Incineroar|63/100|[from] Grassy Terrain
|upkeep
|turn|2
|inactive|SelfDestructionn has 30 seconds left.
|inactive|Raining in Hoenn has 30 seconds left.
|inactive|SelfDestructionn has 20 seconds left.
|inactive|Raining in Hoenn has 20 seconds left.
|inactive|Raining in Hoenn has 15 seconds left.
|
|t:|1757638531
|switch|p1b: Dragapult|Dragapult, L50, F|100/100
|move|p2a: Sneasler|Dire Claw|p1a: Incineroar
|-damage|p1a: Incineroar|30/100
|-status|p1a: Incineroar|slp
|move|p2b: Rillaboom|High Horsepower|p1a: Incineroar
|-supereffective|p1a: Incineroar
|-damage|p1a: Incineroar|1/100 slp
|cant|p1a: Incineroar|slp
|
|-heal|p2a: Sneasler|79/100|[from] Grassy Terrain
|-heal|p1a: Incineroar|7/100 slp|[from] Grassy Terrain
|upkeep
|turn|3
|inactive|SelfDestructionn has 30 seconds left.
|inactive|SelfDestructionn has 20 seconds left.
|
|t:|1757638569
|move|p1b: Dragapult|Dragon Darts|p2b: Rillaboom
|-damage|p2b: Rillaboom|59/100
|-anim|p1b: Dragapult|Dragon Darts|p2a: Sneasler
|-damage|p2a: Sneasler|16/100
|move|p2a: Sneasler|Dire Claw|p1b: Dragapult
|-resisted|p1b: Dragapult
|-damage|p1b: Dragapult|73/100
|-status|p1b: Dragapult|psn
|move|p2b: Rillaboom|Drum Beating|p1b: Dragapult
|-resisted|p1b: Dragapult
|-damage|p1b: Dragapult|52/100 psn
|-curestatus|p1a: Incineroar|slp|[msg]
|move|p1a: Incineroar|U-turn|p2b: Rillaboom
|-supereffective|p2b: Rillaboom
|-damage|p2b: Rillaboom|17/100
|
|t:|1757638584
|switch|p1a: Meowscarada|Meowscarada, L50, F, shiny|93/100|[from] U-turn
|
|-heal|p1a: Meowscarada|99/100|[from] Grassy Terrain
|-heal|p1b: Dragapult|58/100 psn|[from] Grassy Terrain
|-heal|p2a: Sneasler|22/100|[from] Grassy Terrain
|-heal|p2b: Rillaboom|23/100|[from] Grassy Terrain
|-damage|p1b: Dragapult|46/100 psn|[from] psn
|upkeep
|turn|4
|inactive|Raining in Hoenn has 30 seconds left.
|
|t:|1757638617
|switch|p2b: Magmar|Magmar, L50, M, shiny|100/100
|move|p1a: Meowscarada|Flower Trick|p2b: Magmar
|-start|p1a: Meowscarada|typechange|Grass|[from] ability: Protean
|-resisted|p2b: Magmar
|-crit|p2b: Magmar
|-damage|p2b: Magmar|78/100
|move|p1b: Dragapult|Dragon Darts|p2b: Magmar
|-damage|p2b: Magmar|51/100
|-anim|p1b: Dragapult|Dragon Darts|p2a: Sneasler
|-damage|p2a: Sneasler|0 fnt
|faint|p2a: Sneasler
|
|-heal|p1a: Meowscarada|100/100|[from] Grassy Terrain
|-heal|p1b: Dragapult|52/100 psn|[from] Grassy Terrain
|-heal|p2b: Magmar|57/100|[from] Grassy Terrain
|-damage|p1b: Dragapult|40/100 psn|[from] psn
|upkeep
|
|t:|1757638636
|switch|p2a: Basculegion|Basculegion, L50, M|100/100
|turn|5
|
|t:|1757638658
|switch|p1a: Incineroar|Incineroar, L50, M|7/100
|-ability|p1a: Incineroar|Intimidate|boost
|-unboost|p2a: Basculegion|atk|1
|-unboost|p2b: Magmar|atk|1
|switch|p1b: Primarina|Primarina, L50, F|100/100
|move|p2a: Basculegion|Flip Turn|p1b: Primarina
|-resisted|p1b: Primarina
|-damage|p1b: Primarina|84/100
|
|t:|1757638667
|switch|p2a: Rillaboom|Rillaboom, L50, M|23/100|[from] Flip Turn
|move|p2b: Magmar|Overheat|p1a: Incineroar|[miss]
|-miss|p2b: Magmar|p1a: Incineroar
|
|-heal|p2a: Rillaboom|29/100|[from] Grassy Terrain
|-heal|p2b: Magmar|63/100|[from] Grassy Terrain
|-heal|p1b: Primarina|90/100|[from] Grassy Terrain
|-heal|p1a: Incineroar|13/100|[from] Grassy Terrain
|-fieldend|move: Grassy Terrain
|upkeep
|turn|6
|
|t:|1757638691
|-terastallize|p1b: Primarina|Fairy
|move|p2a: Rillaboom|Fake Out|p1b: Primarina
|-damage|p1b: Primarina|75/100
|move|p2b: Magmar|Overheat|p1a: Incineroar
|-resisted|p1a: Incineroar
|-damage|p1a: Incineroar|0 fnt
|-unboost|p2b: Magmar|spa|2
|faint|p1a: Incineroar
|cant|p1b: Primarina|flinch
|
|upkeep
|
|t:|1757638700
|switch|p1a: Meowscarada|Meowscarada, L50, F, shiny|100/100
|turn|7
|
|t:|1757638717
|switch|p2a: Basculegion|Basculegion, L50, M|100/100
|-terastallize|p2b: Magmar|Ghost
|move|p2b: Magmar|Follow Me|p2b: Magmar
|-singleturn|p2b: Magmar|move: Follow Me
|move|p1a: Meowscarada|Knock Off|p2b: Magmar
|-start|p1a: Meowscarada|typechange|Dark|[from] ability: Protean
|-supereffective|p2b: Magmar
|-damage|p2b: Magmar|0 fnt
|-enditem|p2b: Magmar|Eviolite|[from] move: Knock Off|[of] p1a: Meowscarada
|faint|p2b: Magmar
|move|p1b: Primarina|Hyper Voice|p2a: Basculegion
|-resisted|p2a: Basculegion
|-damage|p2a: Basculegion|65/100
|-damage|p1b: Primarina|66/100|[from] item: Life Orb
|
|upkeep
|
|t:|1757638731
|switch|p2b: Rillaboom|Rillaboom, L50, M|29/100
|-fieldstart|move: Grassy Terrain|[from] ability: Grassy Surge|[of] p2b: Rillaboom
|turn|8
|
|t:|1757638753
|move|p2b: Rillaboom|Fake Out|p1a: Meowscarada
|-damage|p1a: Meowscarada|80/100
|cant|p1a: Meowscarada|flinch
|move|p2a: Basculegion|Wave Crash|p1a: Meowscarada
|-damage|p1a: Meowscarada|0 fnt
|faint|p1a: Meowscarada
|-damage|p2a: Basculegion|44/100|[from] Recoil
|move|p1b: Primarina|Moonblast|p2a: Basculegion
|-damage|p2a: Basculegion|0 fnt
|faint|p2a: Basculegion
|-damage|p1b: Primarina|56/100|[from] item: Life Orb
|
|-heal|p2b: Rillaboom|35/100|[from] Grassy Terrain
|-heal|p1b: Primarina|62/100|[from] Grassy Terrain
|upkeep
|-message|Raining in Hoenn forfeited.
|
|win|SelfDestructionn
|l|â˜†Raining in Hoenn
|player|p2|
||SelfDestructionn is ready for game 3.
||Raining in Hoenn is ready for game 3.
|uhtml|next|Next: Game 3 of 3
