|j|☆bpecina03
|j|☆Crying Flurmels
|html|bpecina03Crying Flurmels    
|uhtml|bestof|Game 1 of a best-of-3
|t:|1756591942
|gametype|doubles
|player|p1|bpecina03|170|
|player|p2|Crying Flurmels|102|
|gen|9
|tier|[Gen 9] VGC 2025 Reg H (Bo3)
|rule|Species Clause: Limit one of each Pokémon
|rule|Item Clause: Limit 1 of each item
|clearpoke
|poke|p1|Dragonite, L50, M|
|poke|p1|Kingambit, L50, M|
|poke|p1|Rillaboom, L50, F|
|poke|p1|Clefable, L50, F|
|poke|p1|Archaludon, L50, F|
|poke|p1|Sneasler, L50, F|
|poke|p2|Murkrow, L50, M|
|poke|p2|Volcarona, L50, M|
|poke|p2|Sneasler, L50, M|
|poke|p2|Kingambit, L50, F|
|poke|p2|Dragonite, L50, F|
|poke|p2|Rillaboom, L50, F|
|teampreview|4
|showteam|p1|Dragonite||LoadedDice|InnerFocus|ScaleShot,ExtremeSpeed,Protect,Tailwind|||M|||50|,,,,,Fairy]Kingambit||BlackGlasses|Defiant|Protect,KowtowCleave,SwordsDance,SuckerPunch|||M|||50|,,,,,Dark]Rillaboom||AssaultVest|GrassySurge|FakeOut,WoodHammer,GrassyGlide,Uturn|||F|||50|,,,,,Water]Clefable||SafetyGoggles|MagicGuard|FollowMe,DazzlingGleam,Protect,Encore|||F|||50|,,,,,Psychic]Archaludon||PowerHerb|Stamina|BodyPress,FlashCannon,ElectroShot,Protect|||F|||50|,,,,,Steel]Sneasler||FocusSash|Pressure|FakeOut,CloseCombat,DireClaw,Protect|||F|||50|,,,,,Stellar
|showteam|p2|Murkrow||Eviolite|Prankster|FoulPlay,Tailwind,Haze,SunnyDay|||M|||50|,,,,,Ghost]Volcarona||CovertCloak|FlameBody|HeatWave,TeraBlast,QuiverDance,Protect|||M|||50|,,,,,Water]Sneasler||GrassySeed|Unburden|DireClaw,CloseCombat,Protect,Coaching|||M|||50|,,,,,Stellar]Kingambit||BlackGlasses|Defiant|KowtowCleave,SuckerPunch,SwordsDance,Protect|||F|||50|,,,,,Dark]Dragonite||ChoiceBand|InnerFocus|Outrage,StompingTantrum,LowKick,ExtremeSpeed|||F|||50|,,,,,Normal]Rillaboom||MiracleSeed|GrassySurge|WoodHammer,GrassyGlide,Uturn,FakeOut|||F|||50|,,,,,Fire
|c|☆Crying Flurmels|glhf
|c|☆bpecina03|Gl
|
|t:|1756592004
|teamsize|p1|4
|teamsize|p2|4
|start
|switch|p1a: Clefable|Clefable, L50, F|100/100
|switch|p1b: Sneasler|Sneasler, L50, F|100/100
|switch|p2a: Volcarona|Volcarona, L50, M|100/100
|switch|p2b: Sneasler|Sneasler, L50, M|100/100
|-ability|p1b: Sneasler|Pressure
|turn|1
|
|t:|1756592024
|move|p1b: Sneasler|Fake Out|p2b: Sneasler
|-damage|p2b: Sneasler|75/100
|cant|p2b: Sneasler|flinch
|move|p2a: Volcarona|Quiver Dance|p2a: Volcarona
|-boost|p2a: Volcarona|spa|1
|-boost|p2a: Volcarona|spd|1
|-boost|p2a: Volcarona|spe|1
|move|p1a: Clefable|Encore|p2a: Volcarona
|-start|p2a: Volcarona|Encore
|
|upkeep
|turn|2
|
|t:|1756592049
|switch|p1a: Kingambit|Kingambit, L50, M|100/100
|move|p2a: Volcarona|Quiver Dance|p2a: Volcarona
|-boost|p2a: Volcarona|spa|1
|-boost|p2a: Volcarona|spd|1
|-boost|p2a: Volcarona|spe|1
|move|p2b: Sneasler|Coaching|p2a: Volcarona
|-boost|p2a: Volcarona|atk|1
|-boost|p2a: Volcarona|def|1
|move|p1b: Sneasler|Dire Claw|p2a: Volcarona
|-damage|p2a: Volcarona|68/100
|
|upkeep
|turn|3
|
|t:|1756592074
|-terastallize|p2b: Sneasler|Stellar
|move|p2a: Volcarona|Quiver Dance|p2a: Volcarona
|-boost|p2a: Volcarona|spa|1
|-boost|p2a: Volcarona|spd|1
|-boost|p2a: Volcarona|spe|1
|move|p2b: Sneasler|Close Combat|p1a: Kingambit
|-supereffective|p1a: Kingambit
|-damage|p1a: Kingambit|0 fnt
|-unboost|p2b: Sneasler|def|1
|-unboost|p2b: Sneasler|spd|1
|faint|p1a: Kingambit
|move|p1b: Sneasler|Dire Claw|p2a: Volcarona
|-damage|p2a: Volcarona|37/100
|
|upkeep
|
|t:|1756592086
|switch|p1a: Clefable|Clefable, L50, F|100/100
|turn|4
|
|t:|1756592098
|move|p2a: Volcarona|Quiver Dance|p2a: Volcarona
|-boost|p2a: Volcarona|spa|1
|-boost|p2a: Volcarona|spd|1
|-boost|p2a: Volcarona|spe|1
|move|p2b: Sneasler|Coaching|p2a: Volcarona
|-boost|p2a: Volcarona|atk|1
|-boost|p2a: Volcarona|def|1
|move|p1b: Sneasler|Dire Claw|p2a: Volcarona
|-damage|p2a: Volcarona|15/100
|move|p1a: Clefable|Encore||[still]
|-fail|p1a: Clefable
|
|-end|p2a: Volcarona|Encore
|upkeep
|turn|5
|
|t:|1756592128
|move|p2a: Volcarona|Protect|p2a: Volcarona
|-singleturn|p2a: Volcarona|Protect
|move|p2b: Sneasler|Dire Claw|p1b: Sneasler
|-resisted|p1b: Sneasler
|-damage|p1b: Sneasler|50/100
|-status|p1b: Sneasler|par
|move|p1b: Sneasler|Dire Claw|p2a: Volcarona
|-activate|p2a: Volcarona|move: Protect
|move|p1a: Clefable|Dazzling Gleam|p2b: Sneasler|[spread] p2b
|-activate|p2a: Volcarona|move: Protect
|-damage|p2b: Sneasler|36/100
|
|upkeep
|turn|6
|
|t:|1756592144
|move|p1b: Sneasler|Protect|p1b: Sneasler
|-singleturn|p1b: Sneasler|Protect
|move|p1a: Clefable|Protect|p1a: Clefable
|-singleturn|p1a: Clefable|Protect
|move|p2a: Volcarona|Heat Wave|p1b: Sneasler|[spread] 
|-activate|p1a: Clefable|move: Protect
|-activate|p1b: Sneasler|move: Protect
|move|p2b: Sneasler|Dire Claw|p1a: Clefable
|-activate|p1a: Clefable|move: Protect
|
|upkeep
|turn|7
|
|t:|1756592163
|move|p2a: Volcarona|Heat Wave|p1a: Clefable|[spread] p1a,p1b
|-damage|p1a: Clefable|0 fnt
|-damage|p1b: Sneasler|0 fnt
|faint|p1a: Clefable
|faint|p1b: Sneasler
|move|p2b: Sneasler|Dire Claw|p1: Clefable|[notarget]
|-fail|p2b: Sneasler
|
|upkeep
|
|t:|1756592178
|switch|p1b: Dragonite|Dragonite, L50, M|100/100
|turn|8
|
|t:|1756592186
|move|p1b: Dragonite|Extreme Speed|p2a: Volcarona
|-damage|p2a: Volcarona|0 fnt
|faint|p2a: Volcarona
|move|p2b: Sneasler|Dire Claw|p1b: Dragonite
|-damage|p1b: Dragonite|53/100
|-status|p1b: Dragonite|slp
|
|upkeep
|
|t:|1756592193
|switch|p2a: Kingambit|Kingambit, L50, F|100/100
|turn|9
|
|t:|1756592200
|-terastallize|p1b: Dragonite|Fairy
|move|p2b: Sneasler|Dire Claw|p1b: Dragonite
|-supereffective|p1b: Dragonite
|-damage|p1b: Dragonite|0 fnt
|faint|p1b: Dragonite
|
|win|Crying Flurmels
||Crying Flurmels is ready for game 2.
||bpecina03 is ready for game 2.
|uhtml|next|Next: Game 2 of 3
|l|☆bpecina03
|player|p1|
