|j|☆MushyMia727
|j|☆maya hoppins
|html|MushyMia727maya hoppins    
|uhtml|bestof|Game 1 of a best-of-3
|t:|1785767655
|gametype|doubles
|player|p1|MushyMia727|265|
|player|p2|maya hoppins|dahlia|
|gen|9
|tier|[Gen 9 Champions] VGC 2026 Reg M-B (Bo3)
|rule|Species Clause: Limit one of each Pokémon
|rule|Item Clause: Limit 1 of each item
|clearpoke
|poke|p1|Gardevoir, L50, M, shiny|
|poke|p1|Delphox, L50, F, shiny|
|poke|p1|Tsareena, L50, F, shiny|
|poke|p1|Lucario, L50, F, shiny|
|poke|p1|Talonflame, L50, M|
|poke|p1|Garchomp, L50, F, shiny|
|poke|p2|Arcanine-Hisui, L50, M|
|poke|p2|Meowscarada, L50, F|
|poke|p2|Raichu, L50, M|
|poke|p2|Milotic, L50, M|
|poke|p2|Ninetales-Alola, L50, F|
|poke|p2|Ditto, L50|
|teampreview|4
|showteam|p1|Gardevoir||ChoiceScarf|Telepathy|DazzlingGleam,Moonblast,Psychic,EnergyBall|Modest||M|||50|]Delphox||Delphoxite|Blaze|HeatWave,Protect,Psychic,ScorchingSands|Modest||F|||50|]Tsareena||WideLens|QueenlyMajesty|HelpingHand,PowerWhip,HighJumpKick,Protect|Adamant||F|||50|]Lucario||Lucarionite|InnerFocus|ExtremeSpeed,CloseCombat,BulletPunch,Protect|Jolly||F|||50|]Talonflame||FocusSash|GaleWings|Tailwind,FlareBlitz,DualWingbeat,BraveBird|Adamant||M|||50|]Garchomp||YacheBerry|RoughSkin|RockSlide,Protect,DragonClaw,Earthquake|Adamant||F|||50|
|showteam|p2|Arcanine-Hisui||ChoiceScarf|RockHead|FlareBlitz,RockSlide,ExtremeSpeed,HeadSmash|Adamant||M|||50|]Meowscarada||FocusSash|Overgrow|Protect,FlowerTrick,ThroatChop,SuckerPunch|Adamant||F|||50|]Raichu||RaichuniteX|Static|Protect,FakeOut,VoltTackle,PlayRough|Jolly||M|||50|]Milotic||Leftovers|MarvelScale|Protect,Scald,IcyWind,MirrorCoat|Modest||M|||50|]Ninetales-Alola||BabiriBerry|SnowWarning|FreezeDry,Blizzard,IcyWind,Protect|Timid||F|||50|]Ditto||LifeOrb|Imposter|Transform|Bashful|||||50|
|
|t:|1785767694
|teamsize|p1|4
|teamsize|p2|4
|start
|switch|p1a: Talonflame|Talonflame, L50, M|100/100
|switch|p1b: Delphox|Delphox, L50, F, shiny|100/100
|switch|p2a: Raichu|Raichu, L50, M|100/100
|switch|p2b: Arcanine|Arcanine-Hisui, L50, M|100/100
|turn|1
|
|t:|1785767714
|switch|p2b: Ditto|Ditto, L50|100/100
|-transform|p2b: Ditto|p1a: Talonflame|[from] ability: Imposter
|switch|p1b: Tsareena|Tsareena, L50, F, shiny|100/100
|detailschange|p2a: Raichu|Raichu-Mega-X, L50, M
|-mega|p2a: Raichu|Raichu|Raichunite X
|-fieldstart|move: Electric Terrain|[from] ability: Electric Surge|[of] p2a: Raichu
|move|p1a: Talonflame|Tailwind|p1a: Talonflame
|-sidestart|p1: MushyMia727|move: Tailwind
|move|p2a: Raichu|Volt Tackle|p1b: Tsareena
|-resisted|p1b: Tsareena|1
|-damage|p1b: Tsareena|59/100
|-damage|p2a: Raichu|82/100|[from] Recoil
|
|upkeep
|turn|2
|
|t:|1785767746
|move|p1b: Tsareena|Helping Hand|p1a: Talonflame
|-singleturn|p1a: Talonflame|Helping Hand|[of] p1b: Tsareena
|move|p1a: Talonflame|Dual Wingbeat|p2b: Ditto
|-damage|p2b: Ditto|58/100
|-damage|p2b: Ditto|20/100r
|-hitcount|p2b: Ditto|2
|move|p2b: Ditto|Brave Bird|p1b: Tsareena
|-supereffective|p1b: Tsareena|1
|-damage|p1b: Tsareena|0 fnt
|faint|p1b: Tsareena
|-damage|p2b: Ditto|0 fnt|[from] Recoil
|faint|p2b: Ditto
|move|p2a: Raichu|Volt Tackle|p1a: Talonflame
|-supereffective|p1a: Talonflame|1
|-enditem|p1a: Talonflame|Focus Sash
|-damage|p1a: Talonflame|1/100
|-damage|p2a: Raichu|45/100|[from] Recoil
|
|upkeep
|
|t:|1785767756
|switch|p2b: Arcanine|Arcanine-Hisui, L50, M|100/100
|switch|p1b: Delphox|Delphox, L50, F, shiny|100/100
|turn|3
|
|t:|1785767765
|detailschange|p1b: Delphox|Delphox-Mega, L50, F, shiny
|-mega|p1b: Delphox|Delphox|Delphoxite
|move|p2b: Arcanine|Extreme Speed|p1a: Talonflame
|-damage|p1a: Talonflame|0 fnt
|faint|p1a: Talonflame
|move|p1b: Delphox|Scorching Sands|p2b: Arcanine
|-supereffective|p2b: Arcanine|2
|-damage|p2b: Arcanine|0 fnt
|faint|p2b: Arcanine
|move|p2a: Raichu|Volt Tackle|p1b: Delphox
|-damage|p1b: Delphox|0 fnt
|faint|p1b: Delphox
|-damage|p2a: Raichu|9/100|[from] Recoil
|
|upkeep
|
|t:|1785767773
|switch|p1b: Gardevoir|Gardevoir, L50, M, shiny|100/100
|switch|p2b: Milotic|Milotic, L50, M|100/100
|turn|4
|
|t:|1785767778
|move|p2a: Raichu|Protect|p2a: Raichu
|-singleturn|p2a: Raichu|Protect
|move|p1b: Gardevoir|Energy Ball|p2a: Raichu
|-activate|p2a: Raichu|move: Protect
|move|p2b: Milotic|Icy Wind|p1b: Gardevoir
|-damage|p1b: Gardevoir|82/100
|-unboost|p1b: Gardevoir|spe|1
|
|-sideend|p1: MushyMia727|move: Tailwind
|upkeep
|turn|5
|
|t:|1785767782
|move|p2a: Raichu|Volt Tackle|p1b: Gardevoir
|-damage|p1b: Gardevoir|0 fnt
|faint|p1b: Gardevoir
|-damage|p2a: Raichu|0 fnt|[from] Recoil
|faint|p2a: Raichu
|
|win|maya hoppins
||MushyMia727 is ready for game 2.
|inactive|maya hoppins has 30 seconds to confirm battle start!
||maya hoppins is ready for game 2.
|uhtml|next|Next: Game 2 of 3
|l|☆MushyMia727
|player|p1|
