|j|☆seeyouatthetip
|j|☆TrevenantHugger
|html|seeyouatthetipTrevenantHugger    
|uhtml|bestof|Game 3 of a best-of-3
|t:|1756829916
|gametype|doubles
|player|p1|seeyouatthetip|hiker-gen4|1360
|player|p2|TrevenantHugger|1|1320
|gen|9
|tier|[Gen 9] VGC 2025 Reg H (Bo3)
|rated|
|rule|Species Clause: Limit one of each Pokémon
|rule|Item Clause: Limit 1 of each item
|clearpoke
|poke|p1|Amoonguss, L50, F|
|poke|p1|Incineroar, L50, F|
|poke|p1|Gholdengo, L50|
|poke|p1|Annihilape, L50, M|
|poke|p1|Kingambit, L50, M|
|poke|p1|Dragonite, L50, F|
|poke|p2|Incineroar, L50, M|
|poke|p2|Ursaluna, L50, F|
|poke|p2|Annihilape, L50, F|
|poke|p2|Rillaboom, L50, F|
|poke|p2|Electabuzz, L50, M|
|poke|p2|Sneasler, L50, F|
|teampreview|4
|showteam|p1|Amoonguss||SitrusBerry|Regenerator|Spore,RagePowder,SludgeBomb,Protect|||F|||50|,,,,,Fire]Incineroar||SafetyGoggles|Intimidate|FlareBlitz,FakeOut,PartingShot,KnockOff|||F|||50|,,,,,Ghost]Gholdengo||LifeOrb|GoodasGold|MakeItRain,ShadowBall,NastyPlot,Protect||||||50|,,,,,Steel]Annihilape||FocusSash|Defiant|CloseCombat,RageFist,Coaching,FinalGambit|||M|||50|,,,,,Grass]Kingambit||AssaultVest|Defiant|KowtowCleave,SuckerPunch,IronHead,LowKick|||M|||50|,,,,,Water]Dragonite||LoadedDice|Multiscale|ScaleShot,ExtremeSpeed,Haze,Protect|||F|||50|,,,,,Normal
|showteam|p2|Incineroar||SafetyGoggles|Intimidate|FakeOut,Uturn,FlareBlitz,KnockOff|||M|||50|,,,,,Grass]Ursaluna||FlameOrb|Guts|Protect,Facade,HeadlongRush,Earthquake|||F|||50|,,,,,Dark]Annihilape||Leftovers|Defiant|DrainPunch,RageFist,Protect,BulkUp|||F|||50|,,,,,Fire]Rillaboom||AssaultVest|GrassySurge|GrassyGlide,FakeOut,DrumBeating,Uturn|||F|||50|,,,,,Fire]Electabuzz||Eviolite|VitalSpirit|FollowMe,Electroweb,Taunt,VoltSwitch|||M|||50|,,,,,Ghost]Sneasler||FocusSash|Unburden|CloseCombat,DireClaw,FakeOut,Protect|||F|||50|,,,,,Ghost
|inactive|Battle timer is ON: inactive players will automatically lose when time's up. (requested by TrevenantHugger)
|
|t:|1756829939
|teamsize|p1|4
|teamsize|p2|4
|start
|switch|p1a: Kingambit|Kingambit, L50, M, shiny|100/100
|switch|p1b: Dragonite|Dragonite, L50, F|100/100
|switch|p2a: Incineroar|Incineroar, L50, M|100/100
|switch|p2b: Annihilape|Annihilape, L50, F|100/100
|-ability|p2a: Incineroar|Intimidate|boost
|-unboost|p1a: Kingambit|atk|1
|-ability|p1a: Kingambit|Defiant|boost
|-boost|p1a: Kingambit|atk|2
|-unboost|p1b: Dragonite|atk|1
|turn|1
|inactive|seeyouatthetip has 30 seconds left.
|
|t:|1756829967
|-terastallize|p1a: Kingambit|Water
|move|p1b: Dragonite|Scale Shot|p2a: Incineroar
|-damage|p2a: Incineroar|92/100
|-damage|p2a: Incineroar|83/100
|-damage|p2a: Incineroar|74/100
|-damage|p2a: Incineroar|65/100
|-hitcount|p2a: Incineroar|4
|-unboost|p1b: Dragonite|def|1
|-boost|p1b: Dragonite|spe|1
|move|p2b: Annihilape|Bulk Up|p2b: Annihilape
|-boost|p2b: Annihilape|atk|1
|-boost|p2b: Annihilape|def|1
|move|p2a: Incineroar|U-turn|p2b: Annihilape
|-resisted|p2b: Annihilape
|-damage|p2b: Annihilape|98/100
|
|t:|1756829976
|switch|p2a: Ursaluna|Ursaluna, L50, F|100/100|[from] U-turn
|move|p1a: Kingambit|Kowtow Cleave|p2b: Annihilape
|-damage|p2b: Annihilape|61/100
|
|-heal|p2b: Annihilape|67/100|[from] item: Leftovers
|-status|p2a: Ursaluna|brn|[from] item: Flame Orb
|upkeep
|turn|2
|
|t:|1756830008
|move|p1b: Dragonite|Scale Shot|p2b: Annihilape
|-damage|p2b: Annihilape|62/100
|-damage|p2b: Annihilape|57/100
|-damage|p2b: Annihilape|51/100
|-damage|p2b: Annihilape|46/100
|-damage|p2b: Annihilape|40/100
|-hitcount|p2b: Annihilape|5
|-unboost|p1b: Dragonite|def|1
|-boost|p1b: Dragonite|spe|1
|move|p2b: Annihilape|Drain Punch|p1a: Kingambit
|-damage|p1a: Kingambit|67/100
|-heal|p2b: Annihilape|55/100|[from] drain|[of] p1a: Kingambit
|move|p1a: Kingambit|Low Kick|p2a: Ursaluna
|-supereffective|p2a: Ursaluna
|-damage|p2a: Ursaluna|0 fnt
|faint|p2a: Ursaluna
|
|-heal|p2b: Annihilape|61/100|[from] item: Leftovers
|upkeep
|
|t:|1756830015
|switch|p2a: Rillaboom|Rillaboom, L50, F|100/100
|-fieldstart|move: Grassy Terrain|[from] ability: Grassy Surge|[of] p2a: Rillaboom
|turn|3
|inactive|seeyouatthetip has 30 seconds left.
|
|t:|1756830049
|move|p1b: Dragonite|Protect|p1b: Dragonite
|-singleturn|p1b: Dragonite|Protect
|move|p2a: Rillaboom|Fake Out|p1a: Kingambit
|-damage|p1a: Kingambit|57/100
|move|p2b: Annihilape|Drain Punch|p1a: Kingambit
|-damage|p1a: Kingambit|23/100
|-heal|p2b: Annihilape|77/100|[from] drain|[of] p1a: Kingambit
|cant|p1a: Kingambit|flinch
|
|-heal|p2b: Annihilape|83/100|[from] Grassy Terrain
|-heal|p2b: Annihilape|89/100|[from] item: Leftovers
|-heal|p1a: Kingambit|29/100|[from] Grassy Terrain
|upkeep
|turn|4
|inactive|seeyouatthetip has 30 seconds left.
|
|t:|1756830076
|move|p2a: Rillaboom|Grassy Glide|p1b: Dragonite
|-resisted|p1b: Dragonite
|-damage|p1b: Dragonite|92/100
|move|p1a: Kingambit|Sucker Punch|p2b: Annihilape
|-damage|p2b: Annihilape|58/100
|move|p1b: Dragonite|Haze|p1b: Dragonite
|-clearallboost
|move|p2b: Annihilape|Rage Fist|p1b: Dragonite
|-damage|p1b: Dragonite|0 fnt
|faint|p1b: Dragonite
|
|-heal|p2b: Annihilape|64/100|[from] Grassy Terrain
|-heal|p2b: Annihilape|70/100|[from] item: Leftovers
|-heal|p1a: Kingambit|35/100|[from] Grassy Terrain
|upkeep
|
|t:|1756830094
|switch|p1b: Gholdengo|Gholdengo, L50|100/100
|turn|5
|inactive|seeyouatthetip has 30 seconds left.
|
|t:|1756830128
|-terastallize|p2b: Annihilape|Fire
|move|p1b: Gholdengo|Protect|p1b: Gholdengo
|-singleturn|p1b: Gholdengo|Protect
|move|p2a: Rillaboom|Grassy Glide|p1a: Kingambit
|-supereffective|p1a: Kingambit
|-damage|p1a: Kingambit|0 fnt
|faint|p1a: Kingambit
|move|p2b: Annihilape|Rage Fist|p1b: Gholdengo
|-activate|p1b: Gholdengo|move: Protect
|
|-heal|p2b: Annihilape|76/100|[from] Grassy Terrain
|-heal|p2b: Annihilape|82/100|[from] item: Leftovers
|upkeep
|
|t:|1756830134
|switch|p1a: Annihilape|Annihilape, L50, M|100/100
|turn|6
|inactive|seeyouatthetip has 30 seconds left.
|
|t:|1756830159
|move|p2b: Annihilape|Protect|p2b: Annihilape
|-singleturn|p2b: Annihilape|Protect
|move|p1a: Annihilape|Close Combat|p2a: Rillaboom
|-damage|p2a: Rillaboom|54/100
|-unboost|p1a: Annihilape|def|1
|-unboost|p1a: Annihilape|spd|1
|move|p1b: Gholdengo|Shadow Ball|p2a: Rillaboom
|-damage|p2a: Rillaboom|17/100
|-damage|p1b: Gholdengo|91/100|[from] item: Life Orb
|move|p2a: Rillaboom|Drum Beating|p1b: Gholdengo
|-resisted|p1b: Gholdengo
|-damage|p1b: Gholdengo|60/100
|-unboost|p1b: Gholdengo|spe|1
|
|-heal|p2b: Annihilape|88/100|[from] Grassy Terrain
|-heal|p2b: Annihilape|94/100|[from] item: Leftovers
|-heal|p2a: Rillaboom|23/100|[from] Grassy Terrain
|-heal|p1b: Gholdengo|66/100|[from] Grassy Terrain
|upkeep
|turn|7
|
|t:|1756830183
|move|p2a: Rillaboom|Grassy Glide|p1a: Annihilape
|-damage|p1a: Annihilape|49/100
|move|p1a: Annihilape|Rage Fist|p2b: Annihilape
|-damage|p2b: Annihilape|62/100
|move|p2b: Annihilape|Rage Fist|p1a: Annihilape
|-supereffective|p1a: Annihilape
|-damage|p1a: Annihilape|0 fnt
|faint|p1a: Annihilape
|move|p1b: Gholdengo|Shadow Ball|p2b: Annihilape
|-damage|p2b: Annihilape|17/100
|-damage|p1b: Gholdengo|56/100|[from] item: Life Orb
|
|-heal|p2b: Annihilape|23/100|[from] Grassy Terrain
|-heal|p2b: Annihilape|29/100|[from] item: Leftovers
|-heal|p2a: Rillaboom|29/100|[from] Grassy Terrain
|-heal|p1b: Gholdengo|62/100|[from] Grassy Terrain
|-fieldend|move: Grassy Terrain
|upkeep
|turn|8
|
|t:|1756830193
|move|p2b: Annihilape|Rage Fist|p1b: Gholdengo
|-supereffective|p1b: Gholdengo
|-damage|p1b: Gholdengo|0 fnt
|faint|p1b: Gholdengo
|
|win|TrevenantHugger
|raw|seeyouatthetip's rating: 1360 → 1338(-22 for losing)
|raw|TrevenantHugger's rating: 1320 → 1342(+22 for winning)
|c|☆TrevenantHugger|gg
|l|☆TrevenantHugger
|player|p2|
|c|☆seeyouatthetip|gg
