|j|☆Poppin722
|j|☆rockmadlegend
|html|Poppin722rockmadlegend    
|uhtml|bestof|Game 1 of a best-of-3
|t:|1785369475
|gametype|doubles
|player|p1|Poppin722|2|
|player|p2|rockmadlegend|gentleman-gen4dp|
|gen|9
|tier|[Gen 9 Champions] VGC 2026 Reg M-B (Bo3)
|rule|Species Clause: Limit one of each Pokémon
|rule|Item Clause: Limit 1 of each item
|clearpoke
|poke|p1|Pelipper, L50, M|
|poke|p1|Archaludon, L50, M|
|poke|p1|Dragonite, L50, F|
|poke|p1|Raichu, L50, M|
|poke|p1|Toxicroak, L50, M|
|poke|p1|Scizor, L50, M|
|poke|p2|Sceptile, L50, M, shiny|
|poke|p2|Sinistcha, L50, shiny|
|poke|p2|Eelektross, L50, M, shiny|
|poke|p2|Klefki, L50, M, shiny|
|poke|p2|Hatterene, L50, F, shiny|
|poke|p2|Politoed, L50, F, shiny|
|teampreview|4
|showteam|p1|Pelipper||FocusSash|Drizzle|Hurricane,WeatherBall,Tailwind,Protect|Modest||M|||50|]Archaludon||Leftovers|Stalwart|ElectroShot,DragonPulse,FlashCannon,Protect|Modest||M|||50|]Dragonite||Dragoninite|Multiscale|DragonDance,Hurricane,Thunder,Protect|Jolly||F|||50|]Raichu||QuickClaw|LightningRod|FakeOut,Thunder,VoltSwitch,Encore|Calm||M|||50|]Toxicroak||BlackBelt|DrySkin|DrainPunch,GunkShot,SuckerPunch,Protect|Jolly||M|||50|]Scizor||LifeOrb|Technician|BulletPunch,Roost,SwordsDance,Uturn|Adamant||M|||50|
|showteam|p2|Sceptile||Sceptilite|Overgrow|GigaDrain,DragonPulse,Protect,FocusBlast|Timid||M|||50|]Sinistcha||SitrusBerry|Hospitality|MatchaGotcha,RagePowder,StrengthSap,Protect|Bold|||||50|]Eelektross||Magnet|Levitate|Thunderbolt,Flamethrower,KnockOff,Protect|Sassy||M|||50|]Klefki||LightClay|Prankster|Reflect,LightScreen,ThunderWave,FoulPlay|Bold||M|||50|]Hatterene||LifeOrb|MagicBounce|TrickRoom,DazzlingGleam,Psychic,MysticalFire|Serious||F|||50|]Politoed||DampRock|Drizzle|WeatherBall,HelpingHand,IcyWind,Protect|Calm||F|||50|
|
|t:|1785369587
|teamsize|p1|4
|teamsize|p2|4
|start
|switch|p1a: Pelipper|Pelipper, L50, M|100/100
|switch|p1b: Raichu|Raichu, L50, M|100/100
|switch|p2a: Sinistcha|Sinistcha, L50, shiny|100/100
|switch|p2b: Hatterene|Hatterene, L50, F, shiny|100/100
|-weather|RainDance|[from] ability: Drizzle|[of] p1a: Pelipper
|turn|1
|
|t:|1785369623
|move|p2a: Sinistcha|Rage Powder|p2a: Sinistcha
|-singleturn|p2a: Sinistcha|move: Rage Powder
|move|p1b: Raichu|Encore|p2a: Sinistcha
|-start|p2a: Sinistcha|Encore
|move|p1a: Pelipper|Tailwind|p1a: Pelipper
|-sidestart|p1: Poppin722|move: Tailwind
|move|p2b: Hatterene|Trick Room|p2b: Hatterene
|-fieldstart|move: Trick Room|[of] p2b: Hatterene
|
|-weather|RainDance|[upkeep]
|upkeep
|turn|2
|
|t:|1785369650
|switch|p2a: Eelektross|Eelektross, L50, M, shiny|100/100
|move|p2b: Hatterene|Dazzling Gleam|p1a: Pelipper|[spread] p1a,p1b
|-damage|p1a: Pelipper|38/100
|-damage|p1b: Raichu|56/100
|-damage|p2b: Hatterene|90/100|[from] item: Life Orb
|move|p1a: Pelipper|Hurricane|p2a: Eelektross
|-resisted|p2a: Eelektross|1
|-damage|p2a: Eelektross|81/100
|move|p1b: Raichu|Volt Switch|p2b: Hatterene
|-damage|p2b: Hatterene|66/100
|
|t:|1785369664
|switch|p1b: Dragonite|Dragonite, L50, F|100/100|[from] Volt Switch
|
|-weather|RainDance|[upkeep]
|upkeep
|turn|3
|
|t:|1785369677
|move|p1a: Pelipper|Protect|p1a: Pelipper
|-singleturn|p1a: Pelipper|Protect
|move|p2b: Hatterene|Dazzling Gleam|p1b: Dragonite|[spread] p1b
|-activate|p1a: Pelipper|move: Protect
|-supereffective|p1b: Dragonite|1
|-damage|p1b: Dragonite|60/100
|-damage|p2b: Hatterene|56/100|[from] item: Life Orb
|move|p2a: Eelektross|Thunderbolt|p1a: Pelipper
|-activate|p1a: Pelipper|move: Protect
|move|p1b: Dragonite|Dragon Dance|p1b: Dragonite
|-boost|p1b: Dragonite|atk|1
|-boost|p1b: Dragonite|spe|1
|
|-weather|RainDance|[upkeep]
|upkeep
|turn|4
|
|t:|1785369700
|switch|p1a: Archaludon|Archaludon, L50, M|100/100
|move|p1b: Dragonite|Protect|p1b: Dragonite
|-singleturn|p1b: Dragonite|Protect
|move|p2b: Hatterene|Dazzling Gleam|p1a: Archaludon|[spread] p1a
|-activate|p1b: Dragonite|move: Protect
|-damage|p1a: Archaludon|47/100
|-damage|p2b: Hatterene|46/100|[from] item: Life Orb
|move|p2a: Eelektross|Thunderbolt|p1a: Archaludon
|-resisted|p1a: Archaludon|1
|-damage|p1a: Archaludon|22/100
|
|-weather|RainDance|[upkeep]
|-heal|p1a: Archaludon|28/100|[from] item: Leftovers
|-sideend|p1: Poppin722|move: Tailwind
|upkeep
|turn|5
|
|t:|1785369724
|move|p2b: Hatterene|Dazzling Gleam|p1b: Dragonite|[spread] p1a,p1b
|-supereffective|p1b: Dragonite|1
|-damage|p1a: Archaludon|0 fnt
|-damage|p1b: Dragonite|0 fnt
|faint|p1a: Archaludon
|faint|p1b: Dragonite
|-damage|p2b: Hatterene|37/100|[from] item: Life Orb
|move|p2a: Eelektross|Thunderbolt|p1: Archaludon|[notarget]
|-fail|p2a: Eelektross
|
|-weather|none
|-fieldend|move: Trick Room
|upkeep
|
|t:|1785369734
|switch|p1b: Pelipper|Pelipper, L50, M|38/100
|switch|p1a: Raichu|Raichu, L50, M|56/100
|-weather|RainDance|[from] ability: Drizzle|[of] p1b: Pelipper
|turn|6
|
|t:|1785369750
|switch|p2b: Sinistcha|Sinistcha, L50, shiny|100/100
|-heal|p2a: Eelektross|100/100|[from] ability: Hospitality|[of] p2b: Sinistcha
|move|p1a: Raichu|Thunder|p2b: Sinistcha
|-resisted|p2b: Sinistcha|1
|-damage|p2b: Sinistcha|80/100
|move|p1b: Pelipper|Weather Ball|p2a: Eelektross
|-damage|p2a: Eelektross|48/100
|move|p2a: Eelektross|Thunderbolt|p1a: Raichu
|-activate|p1a: Raichu|ability: Lightning Rod
|-ability|p1a: Raichu|Lightning Rod|boost
|-boost|p1a: Raichu|spa|1
|
|-weather|RainDance|[upkeep]
|upkeep
|turn|7
|
|t:|1785369778
|move|p2b: Sinistcha|Rage Powder|p2b: Sinistcha
|-singleturn|p2b: Sinistcha|move: Rage Powder
|move|p1a: Raichu|Encore|p2b: Sinistcha
|-start|p2b: Sinistcha|Encore
|move|p1b: Pelipper|Hurricane|p2b: Sinistcha
|-supereffective|p2b: Sinistcha|1
|-damage|p2b: Sinistcha|0 fnt
|faint|p2b: Sinistcha
|move|p2a: Eelektross|Flamethrower|p1a: Raichu
|-damage|p1a: Raichu|45/100
|
|-weather|RainDance|[upkeep]
|upkeep
|
|t:|1785369788
|switch|p2b: Sceptile|Sceptile, L50, M, shiny|100/100
|turn|8
|j| palumbo1012
|
|t:|1785369809
|detailschange|p2b: Sceptile|Sceptile-Mega, L50, M, shiny
|-mega|p2b: Sceptile|Sceptile|Sceptilite
|move|p2b: Sceptile|Dragon Pulse|p1b: Pelipper
|-damage|p1b: Pelipper|0 fnt
|faint|p1b: Pelipper
|move|p1a: Raichu|Thunder|p2b: Sceptile
|-activate|p2b: Sceptile|ability: Lightning Rod
|-ability|p2b: Sceptile|Lightning Rod|boost
|-boost|p2b: Sceptile|spa|1
|move|p2a: Eelektross|Flamethrower|p1a: Raichu
|-damage|p1a: Raichu|33/100
|-status|p1a: Raichu|brn
|
|-weather|RainDance|[upkeep]
|-damage|p1a: Raichu|28/100 brn|[from] brn
|upkeep
|turn|9
|
|t:|1785369826
|move|p2a: Eelektross|Protect|p2a: Eelektross
|-singleturn|p2a: Eelektross|Protect
|move|p2b: Sceptile|Focus Blast|p1a: Raichu
|-damage|p1a: Raichu|0 fnt
|faint|p1a: Raichu
|
|win|rockmadlegend
||Poppin722 is ready for game 2.
||rockmadlegend is ready for game 2.
|uhtml|next|Next: Game 2 of 3
|j| Red_zhar
|l| Red_zhar
|l|☆Poppin722
|player|p1|
|l| palumbo1012
|j| Red_zhar
|l| Red_zhar
