|j|☆BrotherSpike
|j|☆okes30
|html|BrotherSpikeokes30    
|uhtml|bestof|Game 1 of a best-of-3
|t:|1783965774
|gametype|doubles
|player|p1|BrotherSpike|170|1056
|player|p2|okes30|266|1062
|gen|9
|tier|[Gen 9 Champions] VGC 2026 Reg M-B (Bo3)
|rated|
|rule|Species Clause: Limit one of each Pokémon
|rule|Item Clause: Limit 1 of each item
|clearpoke
|poke|p1|Zoroark-Hisui, L50, M, shiny|
|poke|p1|Gholdengo, L50, shiny|
|poke|p1|Whimsicott, L50, M, shiny|
|poke|p1|Incineroar, L50, M, shiny|
|poke|p1|Dragonite, L50, M, shiny|
|poke|p1|Gengar, L50, M, shiny|
|poke|p2|Delphox, L50, F|
|poke|p2|Blastoise, L50, M|
|poke|p2|Sinistcha-Masterpiece, L50|
|poke|p2|Sneasler, L50, F|
|poke|p2|Incineroar, L50, M, shiny|
|poke|p2|Kingambit, L50, M|
|teampreview|4
|showteam|p1|Zoroark-Hisui||FocusSash|Illusion|BitterMalice,IcyWind,Taunt,Protect|Timid||M|||50|]Gholdengo||MetalCoat|GoodasGold|MakeItRain,ShadowBall,NastyPlot,Protect|Timid|||||50|]Whimsicott||MentalHerb|Prankster|Moonblast,Tailwind,Encore,FakeTears|Bold||M|||50|]Incineroar||SitrusBerry|Intimidate|FakeOut,FlareBlitz,CloseCombat,PartingShot|Adamant||M|||50|]Dragonite||Dragoninite|Multiscale|IceBeam,Hurricane,Roost,Protect|Calm||M|||50|]Gengar||Gengarite|CursedBody|ShadowBall,SludgeBomb,PerishSong,Protect|Timid||M|||50|
|showteam|p2|Delphox||Delphoxite|Blaze|HeatWave,Psyshock,NastyPlot,Protect|Modest||F|||50|]Blastoise||Blastoisinite|RainDish|WaterSpout,DarkPulse,ShellSmash,Protect|Modest||M|||50|]Sinistcha-Masterpiece||MentalHerb|Hospitality|TrickRoom,MatchaGotcha,RagePowder,Protect|Calm|||||50|]Sneasler||FocusSash|PoisonTouch|PoisonJab,FakeOut,QuickGuard,CloseCombat|Adamant||F|||50|]Incineroar||SitrusBerry|Intimidate|PartingShot,FakeOut,FlareBlitz,ThroatChop|Careful||M|||50|]Kingambit||BlackGlasses|Defiant|LowKick,SuckerPunch,KowtowCleave,Protect|Adamant||M|||50|
|
|t:|1783965864
|teamsize|p1|4
|teamsize|p2|4
|start
|switch|p1a: Incineroar|Incineroar, L50, M, shiny|100/100
|switch|p1b: Gholdengo|Gholdengo, L50, shiny|100/100
|switch|p2a: Kingambit|Kingambit, L50, M|100/100
|switch|p2b: Incineroar|Incineroar, L50, M, shiny|100/100
|-ability|p1a: Incineroar|Intimidate|boost
|-unboost|p2a: Kingambit|atk|1
|-ability|p2a: Kingambit|Defiant|boost
|-boost|p2a: Kingambit|atk|2
|-unboost|p2b: Incineroar|atk|1
|-ability|p2b: Incineroar|Intimidate|boost
|-unboost|p1a: Incineroar|atk|1
|-unboost|p1b: Gholdengo|atk|1
|turn|1
|l|☆okes30
|player|p2|
|j|☆okes30
|player|p2|okes30|266|
|
|t:|1783965938
|move|p1a: Incineroar|Fake Out|p2b: Incineroar
|-damage|p2b: Incineroar|90/100
|cant|p2b: Incineroar|flinch
|move|p1b: Gholdengo|Taunt|p2a: Kingambit
|-start|p2a: Kingambit|move: Taunt
|move|p2a: Kingambit|Kowtow Cleave|p1b: Gholdengo
|-supereffective|p1b: Gholdengo|1
|-enditem|p1b: Gholdengo|Focus Sash
|-damage|p1b: Gholdengo|1/100
|replace|p1b: Zoroark|Zoroark-Hisui, L50, M, shiny
|-end|p1b: Zoroark|Illusion
|
|upkeep
|turn|2
|
|t:|1783965974
|move|p1b: Zoroark|Protect|p1b: Zoroark
|-singleturn|p1b: Zoroark|Protect
|move|p2b: Incineroar|Flare Blitz|p1b: Zoroark
|-activate|p1b: Zoroark|move: Protect
|move|p1a: Incineroar|Close Combat|p2a: Kingambit
|-supereffective|p2a: Kingambit|2
|-damage|p2a: Kingambit|7/100
|-unboost|p1a: Incineroar|def|1
|-unboost|p1a: Incineroar|spd|1
|move|p2a: Kingambit|Low Kick|p1a: Incineroar
|-supereffective|p1a: Incineroar|1
|-damage|p1a: Incineroar|0 fnt
|faint|p1a: Incineroar
|
|upkeep
|
|t:|1783965993
|switch|p1a: Gholdengo|Gholdengo, L50, shiny|100/100
|turn|3
|
|t:|1783966033
|move|p1a: Gholdengo|Protect|p1a: Gholdengo
|-singleturn|p1a: Gholdengo|Protect
|move|p2a: Kingambit|Sucker Punch||[still]
|-fail|p2a: Kingambit
|move|p1b: Zoroark|Bitter Malice|p2a: Kingambit
|-resisted|p2a: Kingambit|1
|-damage|p2a: Kingambit|0 fnt
|faint|p2a: Kingambit
|move|p2b: Incineroar|Flare Blitz|p1b: Zoroark
|-damage|p1b: Zoroark|0 fnt
|faint|p1b: Zoroark
|-damage|p2b: Incineroar|90/100|[from] Recoil
|
|upkeep
|
|t:|1783966050
|switch|p1b: Gengar|Gengar, L50, M, shiny|100/100
|switch|p2a: Delphox|Delphox, L50, F|100/100
|turn|4
|
|t:|1783966085
|detailschange|p1b: Gengar|Gengar-Mega, L50, M, shiny
|-mega|p1b: Gengar|Gengar|Gengarite
|detailschange|p2a: Delphox|Delphox-Mega, L50, F
|-mega|p2a: Delphox|Delphox|Delphoxite
|move|p1b: Gengar|Protect|p1b: Gengar
|-singleturn|p1b: Gengar|Protect
|move|p2a: Delphox|Protect|p2a: Delphox
|-singleturn|p2a: Delphox|Protect
|move|p1a: Gholdengo|Shadow Ball|p2a: Delphox
|-activate|p2a: Delphox|move: Protect
|move|p2b: Incineroar|Flare Blitz|p1a: Gholdengo
|-supereffective|p1a: Gholdengo|1
|-damage|p1a: Gholdengo|23/100
|-damage|p2b: Incineroar|69/100|[from] Recoil
|
|upkeep
|turn|5
|
|t:|1783966132
|move|p1a: Gholdengo|Protect|p1a: Gholdengo
|-singleturn|p1a: Gholdengo|Protect
|move|p1b: Gengar|Shadow Ball|p2a: Delphox
|-supereffective|p2a: Delphox|1
|-damage|p2a: Delphox|10/100
|move|p2a: Delphox|Heat Wave|p1b: Gengar|[spread] p1b
|-activate|p1a: Gholdengo|move: Protect
|-damage|p1b: Gengar|35/100
|move|p2b: Incineroar|Throat Chop|p1b: Gengar
|-supereffective|p1b: Gengar|1
|-damage|p1b: Gengar|0 fnt
|faint|p1b: Gengar
|
|upkeep
|turn|6
|c|☆okes30|gg
|
|t:|1783966159
|move|p2a: Delphox|Psyshock|p1a: Gholdengo
|-resisted|p1a: Gholdengo|1
|-damage|p1a: Gholdengo|0 fnt
|faint|p1a: Gholdengo
|
|win|okes30
||okes30 is ready for game 2.
|inactive|BrotherSpike has 29 seconds to confirm battle start!
|inactive|BrotherSpike has 19 seconds to confirm battle start!
|inactive|BrotherSpike has 9 seconds to confirm battle start!
|uhtml|next|Next: Game 2 of 3
