|j|☆resourcespro
|j|☆Alysonz
|html|resourcesproAlysonz    
|uhtml|bestof|Game 3 of a best-of-3
|t:|1786130379
|gametype|doubles
|player|p1|resourcespro|169|1090
|player|p2|Alysonz|steven|1119
|gen|9
|tier|[Gen 9 Champions] VGC 2026 Reg M-B (Bo3)
|rated|
|rule|Species Clause: Limit one of each Pokémon
|rule|Item Clause: Limit 1 of each item
|clearpoke
|poke|p1|Palafin, L50, M|
|poke|p1|Aegislash, L50, M|
|poke|p1|Annihilape, L50, F|
|poke|p1|Tyranitar, L50, M|
|poke|p1|Sinistcha-Masterpiece, L50|
|poke|p1|Clefable, L50, M|
|poke|p2|Gardevoir, L50, M, shiny|
|poke|p2|Scizor, L50, M|
|poke|p2|Garchomp, L50, F|
|poke|p2|Incineroar, L50, F|
|poke|p2|Whimsicott, L50, F|
|poke|p2|Espathra, L50, F|
|teampreview|4
|showteam|p1|Palafin||ExpertBelt|ZerotoHero|JetPunch,BulkUp,FocusPunch,Liquidation|Jolly||M|||50|]Aegislash||ScopeLens|StanceChange|KingsShield,Protect,ShadowClaw,IronHead|Careful||M|||50|]Annihilape|||VitalSpirit|Acrobatics,BulkUp,DrainPunch,PhantomForce|Adamant||F|||50|]Tyranitar||SmoothRock|SandStream|IceBeam,Flamethrower,Thunderbolt,DarkPulse|Modest||M|||50|]Sinistcha-Masterpiece||Leftovers|Hospitality|CalmMind,MatchaGotcha,Hex,LifeDew|Bold|||||50|]Clefable||Clefablite|MagicGuard|Thunderbolt,DazzlingGleam,LightScreen,FollowMe|Modest||M|||50|
|showteam|p2|Gardevoir||Gardevoirite|Telepathy|HyperVoice,Psychic,MysticalFire,Protect|Modest||M|||50|]Scizor||MetalCoat|Technician|BulletPunch,CloseCombat,BugBite,Protect|Adamant||M|||50|]Garchomp||LifeOrb|RoughSkin|Earthquake,Protect,RockSlide,DragonClaw|Adamant||F|||50|]Incineroar||SitrusBerry|Intimidate|FakeOut,PartingShot,ThroatChop,FlareBlitz|Careful||F|||50|]Whimsicott||FocusSash|Prankster|Encore,Tailwind,Taunt,Moonblast|Timid||F|||50|]Espathra||ColburBerry|SpeedBoost|ExpandingForce,PsychicTerrain,BatonPass,Protect|Timid||F|||50|
|inactive|Battle timer is ON: inactive players will automatically lose when time's up. (requested by Alysonz)
|inactive|Alysonz has 60 seconds left.
|
|t:|1786130412
|teamsize|p1|4
|teamsize|p2|4
|start
|switch|p1a: Clefable|Clefable, L50, M|100/100
|switch|p1b: Palafin|Palafin, L50, M|100/100
|switch|p2a: Espathra|Espathra, L50, F|100/100
|switch|p2b: Scizor|Scizor, L50, M|100/100
|turn|1
|
|t:|1786130434
|detailschange|p1b: Palafin|Palafin-Hero, L50, M
|switch|p1b: Tyranitar|Tyranitar, L50, M|100/100
|-weather|Sandstorm|[from] ability: Sand Stream|[of] p1b: Tyranitar
|switch|p1a: Aegislash|Aegislash, L50, M|100/100
|move|p2b: Scizor|Bullet Punch|p1a: Aegislash
|-resisted|p1a: Aegislash|1
|-damage|p1a: Aegislash|83/100
|move|p2a: Espathra|Psychic Terrain|p2a: Espathra
|-fieldstart|move: Psychic Terrain
|
|-weather|Sandstorm|[upkeep]
|-damage|p2a: Espathra|94/100|[from] Sandstorm
|-ability|p2a: Espathra|Speed Boost|boost
|-boost|p2a: Espathra|spe|1
|upkeep
|turn|2
|inactive|resourcespro has 30 seconds left.
|inactive|resourcespro has 20 seconds left.
|
|t:|1786130470
|switch|p1b: Palafin|Palafin-Hero, L50, M|100/100
|-activate|p1b: Palafin|ability: Zero to Hero
|move|p2a: Espathra|Protect|p2a: Espathra
|-singleturn|p2a: Espathra|Protect
|move|p2b: Scizor|Close Combat|p1b: Palafin
|-damage|p1b: Palafin|50/100g
|-unboost|p2b: Scizor|def|1
|-unboost|p2b: Scizor|spd|1
|-formechange|p1a: Aegislash|Aegislash-Blade|
|move|p1a: Aegislash|Shadow Claw|p2a: Espathra
|-activate|p2a: Espathra|move: Protect
|
|-weather|Sandstorm|[upkeep]
|-damage|p2a: Espathra|88/100|[from] Sandstorm
|-damage|p1b: Palafin|44/100|[from] Sandstorm
|-ability|p2a: Espathra|Speed Boost|boost
|-boost|p2a: Espathra|spe|1
|upkeep
|turn|3
|inactive|resourcespro has 30 seconds left.
|inactive|Alysonz has 30 seconds left.
|inactive|resourcespro has 20 seconds left.
|inactive|Alysonz has 20 seconds left.
|inactive|resourcespro has 15 seconds left.
|inactive|Alysonz has 15 seconds left.
|inactive|Alysonz has 10 seconds left.
|
|t:|1786130520
|switch|p2b: Incineroar|Incineroar, L50, F|100/100
|-ability|p2b: Incineroar|Intimidate|boost
|-unboost|p1a: Aegislash|atk|1
|-unboost|p1b: Palafin|atk|1
|move|p2a: Espathra|Expanding Force|p1a: Aegislash|[spread] p1a,p1b
|-resisted|p1a: Aegislash|1
|-damage|p1a: Aegislash|55/100
|-damage|p1b: Palafin|0 fnt
|faint|p1b: Palafin
|move|p1a: Aegislash|Shadow Claw|p2a: Espathra
|-supereffective|p2a: Espathra|1
|-crit|p2a: Espathra
|-damage|p2a: Espathra|0 fnt
|faint|p2a: Espathra
|
|-weather|Sandstorm|[upkeep]
|-damage|p2b: Incineroar|94/100|[from] Sandstorm
|upkeep
|
|t:|1786130540
|switch|p2a: Scizor|Scizor, L50, M|100/100
|switch|p1b: Tyranitar|Tyranitar, L50, M|100/100
|turn|4
|
|t:|1786130555
|switch|p1b: Clefable|Clefable, L50, M|100/100
|-formechange|p1a: Aegislash|Aegislash|
|move|p1a: Aegislash|King's Shield|p1a: Aegislash
|-singleturn|p1a: Aegislash|Protect
|move|p2a: Scizor|Close Combat|p1b: Clefable
|-resisted|p1b: Clefable|1
|-damage|p1b: Clefable|75/100
|-unboost|p2a: Scizor|def|1
|-unboost|p2a: Scizor|spd|1
|move|p2b: Incineroar|Flare Blitz|p1a: Aegislash
|-activate|p1a: Aegislash|move: Protect
|-unboost|p2b: Incineroar|atk|1
|
|-weather|Sandstorm|[upkeep]
|-damage|p2b: Incineroar|88/100|[from] Sandstorm
|upkeep
|turn|5
|inactive|resourcespro has 30 seconds left.
|inactive|Alysonz has 30 seconds left.
|inactive|resourcespro has 20 seconds left.
|inactive|resourcespro has 15 seconds left.
|inactive|resourcespro has 10 seconds left.
|inactive|resourcespro has 5 seconds left.
|
|t:|1786130608
|switch|p2a: Gardevoir|Gardevoir, L50, M, shiny|100/100
|detailschange|p1b: Clefable|Clefable-Mega, L50, M
|-mega|p1b: Clefable|Clefable|Clefablite
|move|p1b: Clefable|Dazzling Gleam|p2b: Incineroar|[spread] p2a,p2b
|-damage|p2a: Gardevoir|64/100
|-damage|p2b: Incineroar|59/100
|-formechange|p1a: Aegislash|Aegislash-Blade|
|move|p1a: Aegislash|Shadow Claw|p2a: Gardevoir
|-supereffective|p2a: Gardevoir|1
|-crit|p2a: Gardevoir
|-damage|p2a: Gardevoir|0 fnt
|faint|p2a: Gardevoir
|move|p2b: Incineroar|Parting Shot|p1a: Aegislash
|-unboost|p1a: Aegislash|atk|1
|-unboost|p1a: Aegislash|spa|1
|
|t:|1786130622
|switch|p2b: Scizor|Scizor, L50, M|100/100|[from] Parting Shot
|
|-weather|Sandstorm|[upkeep]
|-damage|p1b: Clefable|69/100|[from] Sandstorm
|-fieldend|move: Psychic Terrain
|upkeep
|
|t:|1786130627
|switch|p2a: Incineroar|Incineroar, L50, F|59/100
|-ability|p2a: Incineroar|Intimidate|boost
|-unboost|p1a: Aegislash|atk|1
|-unboost|p1b: Clefable|atk|1
|turn|6
|inactive|resourcespro has 30 seconds left.
|inactive|resourcespro has 20 seconds left.
|inactive|resourcespro has 15 seconds left.
|inactive|resourcespro has 10 seconds left.
|
|t:|1786130677
|switch|p1a: Tyranitar|Tyranitar, L50, M|100/100
|move|p2b: Scizor|Bullet Punch|p1b: Clefable
|-supereffective|p1b: Clefable|1
|-damage|p1b: Clefable|0 fnt
|faint|p1b: Clefable
|move|p2a: Incineroar|Flare Blitz|p1a: Tyranitar
|-resisted|p1a: Tyranitar|1
|-damage|p1a: Tyranitar|81/100
|-damage|p2a: Incineroar|53/100|[from] Recoil
|
|-weather|Sandstorm|[upkeep]
|-damage|p2a: Incineroar|47/100|[from] Sandstorm
|-enditem|p2a: Incineroar|Sitrus Berry|[eat]
|-heal|p2a: Incineroar|72/100|[from] item: Sitrus Berry
|upkeep
|
|t:|1786130687
|switch|p1b: Aegislash|Aegislash, L50, M|55/100
|turn|7
|inactive|resourcespro has 30 seconds left.
|
|t:|1786130713
|move|p1b: Aegislash|King's Shield|p1b: Aegislash
|-singleturn|p1b: Aegislash|Protect
|move|p2b: Scizor|Close Combat|p1a: Tyranitar
|-supereffective|p1a: Tyranitar|2
|-damage|p1a: Tyranitar|0 fnt
|-unboost|p2b: Scizor|def|1
|-unboost|p2b: Scizor|spd|1
|faint|p1a: Tyranitar
|move|p2a: Incineroar|Flare Blitz|p1b: Aegislash
|-activate|p1b: Aegislash|move: Protect
|-unboost|p2a: Incineroar|atk|1
|
|-weather|Sandstorm|[upkeep]
|-damage|p2a: Incineroar|66/100|[from] Sandstorm
|upkeep
|turn|8
|
|t:|1786130732
|move|p2b: Scizor|Bug Bite|p1b: Aegislash
|-resisted|p1b: Aegislash|2
|-damage|p1b: Aegislash|44/100
|move|p2a: Incineroar|Flare Blitz|p1b: Aegislash
|-supereffective|p1b: Aegislash|1
|-damage|p1b: Aegislash|0 fnt
|faint|p1b: Aegislash
|-damage|p2a: Incineroar|54/100|[from] Recoil
|
|win|Alysonz
|raw|resourcespro's rating: 1090 → 1068(-22 for losing)
|raw|Alysonz's rating: 1119 → 1142(+23 for winning)
|c|☆Alysonz|gg
