|j|☆robotarmadillo
|j|☆acharmercharmander
|html|robotarmadilloacharmercharmander    
|uhtml|bestof|Game 1 of a best-of-3
|t:|1783637362
|gametype|doubles
|player|p1|robotarmadillo|red|
|player|p2|acharmercharmander|blackbelt-gen4dp|
|gen|9
|tier|[Gen 9 Champions] VGC 2026 Reg M-B (Bo3)
|rule|Species Clause: Limit one of each Pokémon
|rule|Item Clause: Limit 1 of each item
|clearpoke
|poke|p1|Tyranitar, L50, M|
|poke|p1|Garchomp, L50, F|
|poke|p1|Skarmory, L50, M|
|poke|p1|Meowscarada, L50, M|
|poke|p1|Milotic, L50, M|
|poke|p1|Chandelure, L50, F|
|poke|p2|Excadrill, L50, F|
|poke|p2|Blastoise, L50, F|
|poke|p2|Gliscor, L50, F|
|poke|p2|Greninja, L50, M|
|poke|p2|Floette-Eternal, L50, F|
|poke|p2|Houndoom, L50, M|
|teampreview|4
|showteam|p1|Tyranitar||Tyranitarite|SandStream|RockSlide,Crunch,LowKick,Protect|Adamant||M|||50|]Garchomp||LifeOrb|RoughSkin|Earthquake,RockSlide,SwordsDance,Protect|Jolly||F|||50|]Skarmory||SitrusBerry|Sturdy|Tailwind,BraveBird,IronHead,Roost|Impish||M|||50|]Meowscarada||FocusSash|Protean|KnockOff,FlowerTrick,SuckerPunch,Protect|Jolly||M|||50|]Milotic||Leftovers|Competitive|Scald,IceBeam,Recover,Protect|Bold||M|||50|]Chandelure||Chandelurite|FlashFire|HeatWave,ShadowBall,TrickRoom,Protect|Timid||F|||50|
|showteam|p2|Excadrill||FocusSash|SandRush|BrickBreak,Earthquake,XScissor,IronHead|Adamant||F|||50|]Blastoise||WhiteHerb|RainDish|AquaJet,FakeOut,ShellSmash,Liquidation|Adamant||F|||50|]Gliscor||MentalHerb|SandVeil|Tailwind,ToxicSpikes,KnockOff,Sandstorm|Careful||F|||50|]Greninja||Greninjite|Protean|SludgeWave,Protect,IceBeam,WaterShuriken|Timid||M|||50|]Floette-Eternal||Floettite|FlowerVeil|Moonblast,EnergyBall,Protect,Psychic|Timid||F|||50|]Houndoom||Charcoal|FlashFire|Flamethrower,FoulPlay,SludgeBomb,Protect|Timid||M|||50|
|
|t:|1783637505
|teamsize|p1|4
|teamsize|p2|4
|start
|switch|p1a: Skarmory|Skarmory, L50, M|100/100
|switch|p1b: Chandelure|Chandelure, L50, F|100/100
|switch|p2a: Gliscor|Gliscor, L50, F|100/100
|switch|p2b: Excadrill|Excadrill, L50, F|100/100
|turn|1
|
|t:|1783637577
|detailschange|p1b: Chandelure|Chandelure-Mega, L50, F
|-mega|p1b: Chandelure|Chandelure|Chandelurite
|move|p2b: Excadrill|Earthquake|p1b: Chandelure|[spread] p1b
|-immune|p2a: Gliscor
|-immune|p1a: Skarmory
|-supereffective|p1b: Chandelure|1
|-damage|p1b: Chandelure|0 fnt
|faint|p1b: Chandelure
|move|p2a: Gliscor|Tailwind|p2a: Gliscor
|-sidestart|p2: acharmercharmander|move: Tailwind
|move|p1a: Skarmory|Iron Head|p2a: Gliscor
|-damage|p2a: Gliscor|81/100
|
|upkeep
|
|t:|1783637681
|switch|p1b: Tyranitar|Tyranitar, L50, M|100/100
|-weather|Sandstorm|[from] ability: Sand Stream|[of] p1b: Tyranitar
|turn|2
|
|t:|1783637771
|move|p1b: Tyranitar|Protect|p1b: Tyranitar
|-singleturn|p1b: Tyranitar|Protect
|move|p2b: Excadrill|Brick Break|p1b: Tyranitar
|-activate|p1b: Tyranitar|move: Protect
|move|p2a: Gliscor|Toxic Spikes|p1b: Tyranitar
|-sidestart|p1: robotarmadillo|move: Toxic Spikes
|move|p1a: Skarmory|Iron Head|p2a: Gliscor
|-damage|p2a: Gliscor|61/100
|
|-weather|Sandstorm|[upkeep]
|upkeep
|turn|3
|
|t:|1783637829
|switch|p1b: Milotic|Milotic, L50, M|100/100
|-status|p1b: Milotic|psn
|move|p2b: Excadrill|Brick Break|p1b: Milotic
|-damage|p1b: Milotic|78/100 psn
|move|p2a: Gliscor|Knock Off|p1a: Skarmory
|-damage|p1a: Skarmory|87/100
|-enditem|p1a: Skarmory|Sitrus Berry|[from] move: Knock Off|[of] p2a: Gliscor
|move|p1a: Skarmory|Iron Head|p2a: Gliscor
|-damage|p2a: Gliscor|41/100
|
|-weather|Sandstorm|[upkeep]
|-damage|p1b: Milotic|72/100 psn|[from] Sandstorm
|-heal|p1b: Milotic|78/100 psn|[from] item: Leftovers
|-damage|p1b: Milotic|66/100 psn|[from] psn
|upkeep
|turn|4
|
|t:|1783637929
|move|p2b: Excadrill|Earthquake|p1b: Milotic|[spread] p1b
|-immune|p2a: Gliscor
|-immune|p1a: Skarmory
|-damage|p1b: Milotic|33/100 psn
|move|p2a: Gliscor|Knock Off|p1b: Milotic
|-damage|p1b: Milotic|17/100 psn
|-enditem|p1b: Milotic|Leftovers|[from] move: Knock Off|[of] p2a: Gliscor
|move|p1b: Milotic|Ice Beam|p2a: Gliscor
|-supereffective|p2a: Gliscor|2
|-damage|p2a: Gliscor|0 fnt
|faint|p2a: Gliscor
|move|p1a: Skarmory|Iron Head|p2b: Excadrill
|-resisted|p2b: Excadrill|1
|-crit|p2b: Excadrill
|-damage|p2b: Excadrill|74/100
|
|-weather|Sandstorm|[upkeep]
|-damage|p1b: Milotic|11/100 psn|[from] Sandstorm
|-damage|p1b: Milotic|0 fnt|[from] psn
|faint|p1b: Milotic
|-sideend|p2: acharmercharmander|move: Tailwind
|upkeep
|
|t:|1783637952
|switch|p2a: Greninja|Greninja, L50, M|100/100
|switch|p1b: Tyranitar|Tyranitar, L50, M|100/100
|-status|p1b: Tyranitar|psn
|turn|5
|
|t:|1783638070
|move|p1b: Tyranitar|Protect|p1b: Tyranitar
|-singleturn|p1b: Tyranitar|Protect
|move|p2b: Excadrill|Brick Break|p1b: Tyranitar
|-activate|p1b: Tyranitar|move: Protect
|move|p2a: Greninja|Ice Beam|p1a: Skarmory
|-start|p2a: Greninja|typechange|Ice|[from] ability: Protean
|-damage|p1a: Skarmory|35/100
|move|p1a: Skarmory|Iron Head|p2a: Greninja
|-supereffective|p2a: Greninja|1
|-damage|p2a: Greninja|18/100
|
|-weather|Sandstorm|[upkeep]
|-damage|p2a: Greninja|12/100|[from] Sandstorm
|-damage|p1b: Tyranitar|87/100 psn|[from] psn
|upkeep
|turn|6
|
|t:|1783638155
|move|p2b: Excadrill|Brick Break|p1b: Tyranitar
|-supereffective|p1b: Tyranitar|2
|-damage|p1b: Tyranitar|0 fnt
|faint|p1b: Tyranitar
|move|p2a: Greninja|Ice Beam|p1a: Skarmory
|-damage|p1a: Skarmory|0 fnt
|faint|p1a: Skarmory
|
|win|acharmercharmander
||acharmercharmander is ready for game 2.
||robotarmadillo is ready for game 2.
|uhtml|next|Next: Game 2 of 3
