|j|☆edhen
|j|☆RelentlessRogue
|html|edhenRelentlessRogue    
|uhtml|bestof|Game 1 of a best-of-3
|t:|1757644527
|gametype|doubles
|player|p1|edhen|clair|1186
|player|p2|RelentlessRogue|ethan|1270
|gen|9
|tier|[Gen 9] VGC 2025 Reg H (Bo3)
|rated|
|rule|Species Clause: Limit one of each Pokémon
|rule|Item Clause: Limit 1 of each item
|clearpoke
|poke|p1|Politoed, L50, F|
|poke|p1|Archaludon, L50, M|
|poke|p1|Comfey, L50, M|
|poke|p1|Rillaboom, L50, F|
|poke|p1|Basculegion, L50, M|
|poke|p1|Talonflame, L50, M|
|poke|p2|Basculegion, L50, M|
|poke|p2|Pelipper, L50, F|
|poke|p2|Archaludon, L50, F|
|poke|p2|Whimsicott, L50, F|
|poke|p2|Gholdengo, L50|
|poke|p2|Incineroar, L50, F|
|teampreview|4
|showteam|p1|Politoed||Leftovers|Drizzle|Protect,MuddyWater,Haze,Hypnosis|||F|||50|,,,,,Grass]Archaludon||AssaultVest|Stamina|ElectroShot,BodyPress,FlashCannon,DragonPulse|||M|||50|,,,,,Grass]Comfey||WikiBerry|Triage|Protect,FloralHealing,DrainingKiss,Taunt|||M|||50|,,,,,Steel]Rillaboom||LoadedDice|GrassySurge|BulletSeed,GrassyGlide,FakeOut,Uturn|||F|||50|,,,,,Fire]Basculegion||ChoiceBand|SwiftSwim|LastRespects,WaveCrash,AquaJet,FlipTurn|||M|||50|,,,,,Water]Talonflame||CovertCloak|GaleWings|Tailwind,WillOWisp,DualWingbeat,Taunt|||M|||50|,,,,,Ghost
|showteam|p2|Basculegion||ChoiceBand|SwiftSwim|WaveCrash,LastRespects,FlipTurn,AquaJet|||M|||50|,,,,,Water]Pelipper||FocusSash|Drizzle|WeatherBall,Hurricane,WideGuard,Protect|||F|||50|,,,,,Stellar]Archaludon||PowerHerb|Stalwart|ElectroShot,DracoMeteor,FlashCannon,Protect|||F|||50|,,,,,Electric]Whimsicott||CovertCloak|Prankster|Moonblast,Tailwind,Taunt,WorrySeed|||F|||50|,,,,,Steel]Gholdengo||LifeOrb|GoodasGold|MakeItRain,ShadowBall,NastyPlot,Protect||||||50|,,,,,Steel]Incineroar||SafetyGoggles|Intimidate|FlareBlitz,KnockOff,PartingShot,FakeOut|||F|||50|,,,,,Ghost
|inactive|Battle timer is ON: inactive players will automatically lose when time's up. (requested by RelentlessRogue)
|inactive|edhen has 60 seconds left.
|inactive|RelentlessRogue has 60 seconds left.
|
|t:|1757644577
|teamsize|p1|4
|teamsize|p2|4
|start
|switch|p1a: Talonflame|Talonflame, L50, M|100/100
|switch|p1b: Archaludon|Archaludon, L50, M|100/100
|switch|p2a: Incineroar|Incineroar, L50, F|100/100
|switch|p2b: Gholdengo|Gholdengo, L50|100/100
|-ability|p2a: Incineroar|Intimidate|boost
|-unboost|p1a: Talonflame|atk|1
|-unboost|p1b: Archaludon|atk|1
|turn|1
|
|t:|1757644597
|move|p1a: Talonflame|Tailwind|p1a: Talonflame
|-sidestart|p1: edhen|move: Tailwind
|move|p1b: Archaludon|Body Press|p2a: Incineroar
|-supereffective|p2a: Incineroar
|-damage|p2a: Incineroar|51/100
|move|p2b: Gholdengo|Nasty Plot|p2b: Gholdengo
|-boost|p2b: Gholdengo|spa|2
|move|p2a: Incineroar|Knock Off|p1a: Talonflame
|-damage|p1a: Talonflame|28/100
|-enditem|p1a: Talonflame|Covert Cloak|[from] move: Knock Off|[of] p2a: Incineroar
|
|upkeep
|turn|2
|
|t:|1757644622
|switch|p1a: Politoed|Politoed, L50, F|100/100
|-weather|RainDance|[from] ability: Drizzle|[of] p1a: Politoed
|switch|p2a: Whimsicott|Whimsicott, L50, F, shiny|100/100
|move|p1b: Archaludon|Electro Shot||[still]
|-prepare|p1b: Archaludon|Electro Shot
|-boost|p1b: Archaludon|spa|1
|-anim|p1b: Archaludon|Electro Shot|p2b: Gholdengo
|-damage|p2b: Gholdengo|34/100
|move|p2b: Gholdengo|Shadow Ball|p1b: Archaludon
|-damage|p1b: Archaludon|23/100
|-ability|p1b: Archaludon|Stamina|boost
|-boost|p1b: Archaludon|def|1
|-damage|p2b: Gholdengo|25/100|[from] item: Life Orb
|
|-weather|RainDance|[upkeep]
|upkeep
|turn|3
|
|t:|1757644646
|switch|p1b: Talonflame|Talonflame, L50, M|28/100
|move|p2b: Gholdengo|Protect|p2b: Gholdengo
|-singleturn|p2b: Gholdengo|Protect
|move|p2a: Whimsicott|Tailwind|p2a: Whimsicott
|-sidestart|p2: RelentlessRogue|move: Tailwind
|move|p1a: Politoed|Muddy Water|p2a: Whimsicott|[spread] p2a
|-activate|p2b: Gholdengo|move: Protect
|-resisted|p2a: Whimsicott
|-damage|p2a: Whimsicott|82/100
|
|-weather|RainDance|[upkeep]
|upkeep
|turn|4
|inactive|RelentlessRogue has 30 seconds left.
|
|t:|1757644677
|switch|p2a: Archaludon|Archaludon, L50, F|100/100
|move|p1b: Talonflame|Dual Wingbeat|p2b: Gholdengo
|-resisted|p2b: Gholdengo
|-damage|p2b: Gholdengo|16/100
|-resisted|p2b: Gholdengo
|-damage|p2b: Gholdengo|8/100
|-hitcount|p2b: Gholdengo|2
|move|p2b: Gholdengo|Shadow Ball|p1a: Politoed
|-damage|p1a: Politoed|13/100
|-damage|p2b: Gholdengo|0 fnt|[from] item: Life Orb
|faint|p2b: Gholdengo
|move|p1a: Politoed|Muddy Water|p2a: Archaludon|[miss]
|-miss|p1a: Politoed|p2a: Archaludon
|
|-weather|RainDance|[upkeep]
|-heal|p1a: Politoed|19/100|[from] item: Leftovers
|-sideend|p1: edhen|move: Tailwind
|upkeep
|
|t:|1757644688
|switch|p2b: Whimsicott|Whimsicott, L50, F, shiny|82/100
|turn|5
|
|t:|1757644702
|move|p2b: Whimsicott|Moonblast|p1a: Politoed
|-damage|p1a: Politoed|0 fnt
|faint|p1a: Politoed
|move|p2a: Archaludon|Electro Shot||[still]
|-prepare|p2a: Archaludon|Electro Shot
|-boost|p2a: Archaludon|spa|1
|-anim|p2a: Archaludon|Electro Shot|p1b: Talonflame
|-supereffective|p1b: Talonflame
|-damage|p1b: Talonflame|0 fnt
|faint|p1b: Talonflame
|
|-weather|RainDance|[upkeep]
|upkeep
|
|t:|1757644706
|switch|p1b: Archaludon|Archaludon, L50, M|23/100
|switch|p1a: Comfey|Comfey, L50, M|100/100
|turn|6
|
|t:|1757644729
|-terastallize|p2a: Archaludon|Electric
|-terastallize|p1a: Comfey|Steel
|move|p1a: Comfey|Floral Healing|p1b: Archaludon
|-heal|p1b: Archaludon|74/100
|move|p2b: Whimsicott|Taunt|p1a: Comfey
|-start|p1a: Comfey|move: Taunt
|move|p2a: Archaludon|Draco Meteor|p1b: Archaludon
|-damage|p1b: Archaludon|0 fnt
|-unboost|p2a: Archaludon|spa|2
|faint|p1b: Archaludon
|
|-weather|none
|-sideend|p2: RelentlessRogue|move: Tailwind
|upkeep
|turn|7
|-message|edhen forfeited.
|
|win|RelentlessRogue
