|j|☆Farigi no Raf
|j|☆MuseigenTest
|html|Farigi no RafMuseigenTest    
|uhtml|bestof|Game 2 of a best-of-3
|t:|1757046506
|gametype|doubles
|player|p1|Farigi no Raf|vince|1427
|player|p2|MuseigenTest|169|1361
|gen|9
|tier|[Gen 9] VGC 2025 Reg H (Bo3)
|rated|
|rule|Species Clause: Limit one of each Pokémon
|rule|Item Clause: Limit 1 of each item
|clearpoke
|poke|p1|Dragonite, L50, M|
|poke|p1|Gholdengo, L50|
|poke|p1|Sneasler, L50, F|
|poke|p1|Rillaboom, L50, M|
|poke|p1|Ursaluna-Bloodmoon, L50, M|
|poke|p1|Magmar, L50, F|
|poke|p2|Sneasler, L50, F|
|poke|p2|Indeedee, L50, M|
|poke|p2|Volcarona, L50, M|
|poke|p2|Ursaluna-Bloodmoon, L50, M|
|poke|p2|Annihilape, L50, M|
|poke|p2|Tyranitar, L50, M|
|teampreview|4
|showteam|p1|Dragonite||LoadedDice|Multiscale|ScaleShot,Tailwind,ExtremeSpeed,Protect|||M|||50|,,,,,Fairy]Gholdengo||LifeOrb|GoodasGold|MakeItRain,ShadowBall,NastyPlot,Protect||||||50|,,,,,Water]Sneasler||FocusSash|PoisonTouch|CloseCombat,DireClaw,Coaching,FakeOut|||F|||50|,,,,,Ghost]Rillaboom||AssaultVest|GrassySurge|WoodHammer,FakeOut,GrassyGlide,HighHorsepower|||M|||50|,,,,,Fire]Ursaluna-Bloodmoon||SilkScarf|MindsEye|HyperVoice,EarthPower,BloodMoon,Protect|||M|||50|,,,,,Water]Magmar||Eviolite|VitalSpirit|FollowMe,BurningJealousy,ClearSmog,Protect|||F|||50|,,,,,Dragon
|showteam|p2|Sneasler||PsychicSeed|Unburden|CloseCombat,DireClaw,ThroatChop,Protect|||F|||50|,,,,,Dark]Indeedee||ChoiceScarf|PsychicSurge|ExpandingForce,TeraBlast,Trick,Protect|||M|||50|,,,,,Psychic]Volcarona||SitrusBerry|FlameBody|Overheat,StruggleBug,RagePowder,Tailwind|||M|||50|,,,,,Grass]Ursaluna-Bloodmoon||LifeOrb|MindsEye|BloodMoon,HyperVoice,EarthPower,Protect|||M|||50|,,,,,Normal]Annihilape||SafetyGoggles|Defiant|CloseCombat,RageFist,Taunt,FinalGambit|||M|||50|,,,,,Fairy]Tyranitar||AssaultVest|SandStream|RockSlide,KnockOff,TeraBlast,LowKick|||M|||50|,,,,,Flying
|inactive|Battle timer is ON: inactive players will automatically lose when time's up. (requested by MuseigenTest)
|inactive|MuseigenTest has 60 seconds left.
|
|t:|1757046571
|teamsize|p1|4
|teamsize|p2|4
|start
|switch|p1a: Sneasler|Sneasler, L50, F|100/100
|switch|p1b: Dragonite|Dragonite, L50, M|100/100
|switch|p2a: Volcarona|Volcarona, L50, M|100/100
|switch|p2b: Tyranitar|Tyranitar, L50, M|100/100
|-weather|Sandstorm|[from] ability: Sand Stream|[of] p2b: Tyranitar
|turn|1
|inactive|MuseigenTest has 30 seconds left.
|inactive|MuseigenTest has 20 seconds left.
|inactive|MuseigenTest has 15 seconds left.
|inactive|MuseigenTest has 10 seconds left.
|
|t:|1757046618
|-terastallize|p2b: Tyranitar|Flying
|move|p1a: Sneasler|Coaching|p1b: Dragonite
|-boost|p1b: Dragonite|atk|1
|-boost|p1b: Dragonite|def|1
|move|p2a: Volcarona|Tailwind|p2a: Volcarona
|-sidestart|p2: MuseigenTest|move: Tailwind
|move|p2b: Tyranitar|Tera Blast|p1a: Sneasler|[anim] Tera Blast Flying
|-supereffective|p1a: Sneasler
|-enditem|p1a: Sneasler|Focus Sash
|-damage|p1a: Sneasler|1/100
|move|p1b: Dragonite|Scale Shot|p2a: Volcarona
|-damage|p2a: Volcarona|70/100
|-damage|p2a: Volcarona|42/100
|-enditem|p2a: Volcarona|Sitrus Berry|[eat]
|-heal|p2a: Volcarona|67/100|[from] item: Sitrus Berry
|-damage|p2a: Volcarona|41/100
|-damage|p2a: Volcarona|15/100
|-hitcount|p2a: Volcarona|4
|-unboost|p1b: Dragonite|def|1
|-boost|p1b: Dragonite|spe|1
|
|-weather|Sandstorm|[upkeep]
|-damage|p2a: Volcarona|9/100|[from] Sandstorm
|-damage|p2b: Tyranitar|95/100|[from] Sandstorm
|-damage|p1b: Dragonite|94/100|[from] Sandstorm
|-damage|p1a: Sneasler|0 fnt|[from] Sandstorm
|faint|p1a: Sneasler
|upkeep
|
|t:|1757046632
|switch|p1a: Magmar|Magmar, L50, F|100/100
|turn|2
|inactive|MuseigenTest has 30 seconds left.
|
|t:|1757046659
|move|p1b: Dragonite|Protect|p1b: Dragonite
|-singleturn|p1b: Dragonite|Protect
|move|p2a: Volcarona|Rage Powder|p2a: Volcarona
|-singleturn|p2a: Volcarona|move: Rage Powder
|move|p2b: Tyranitar|Rock Slide|p1a: Magmar|[spread] 
|-activate|p1b: Dragonite|move: Protect
|-miss|p2b: Tyranitar|p1a: Magmar
|move|p1a: Magmar|Burning Jealousy|p2b: Tyranitar|[spread] p2a,p2b
|-damage|p2a: Volcarona|0 fnt
|-damage|p2b: Tyranitar|83/100
|faint|p2a: Volcarona
|
|-weather|Sandstorm|[upkeep]
|-damage|p2b: Tyranitar|77/100|[from] Sandstorm
|-damage|p1b: Dragonite|88/100|[from] Sandstorm
|-damage|p1a: Magmar|95/100|[from] Sandstorm
|upkeep
|inactive|MuseigenTest has 30 seconds left.
|
|t:|1757046690
|switch|p2a: Sneasler|Sneasler, L50, F|100/100
|turn|3
|
|t:|1757046709
|-terastallize|p1b: Dragonite|Fairy
|move|p2a: Sneasler|Protect|p2a: Sneasler
|-singleturn|p2a: Sneasler|Protect
|move|p1a: Magmar|Follow Me|p1a: Magmar
|-singleturn|p1a: Magmar|move: Follow Me
|move|p2b: Tyranitar|Rock Slide|p1a: Magmar|[spread] p1a,p1b
|-supereffective|p1a: Magmar
|-damage|p1a: Magmar|53/100
|-damage|p1b: Dragonite|52/100
|move|p1b: Dragonite|Scale Shot|p2a: Sneasler
|-activate|p2a: Sneasler|move: Protect
|
|-weather|Sandstorm|[upkeep]
|-damage|p2a: Sneasler|95/100|[from] Sandstorm
|-damage|p2b: Tyranitar|72/100|[from] Sandstorm
|-damage|p1b: Dragonite|46/100|[from] Sandstorm
|-damage|p1a: Magmar|47/100|[from] Sandstorm
|upkeep
|turn|4
|inactive|MuseigenTest has 30 seconds left.
|inactive|MuseigenTest has 20 seconds left.
|inactive|MuseigenTest has 15 seconds left.
|inactive|MuseigenTest has 10 seconds left.
|
|t:|1757046757
|move|p1b: Dragonite|Protect|p1b: Dragonite
|-singleturn|p1b: Dragonite|Protect
|move|p1a: Magmar|Protect|p1a: Magmar
|-singleturn|p1a: Magmar|Protect
|move|p2a: Sneasler|Close Combat|p1a: Magmar
|-activate|p1a: Magmar|move: Protect
|move|p2b: Tyranitar|Tera Blast|p1b: Dragonite|[anim] Tera Blast Flying
|-activate|p1b: Dragonite|move: Protect
|
|-weather|Sandstorm|[upkeep]
|-damage|p2a: Sneasler|89/100|[from] Sandstorm
|-damage|p2b: Tyranitar|66/100|[from] Sandstorm
|-damage|p1b: Dragonite|40/100|[from] Sandstorm
|-damage|p1a: Magmar|41/100|[from] Sandstorm
|-sideend|p2: MuseigenTest|move: Tailwind
|upkeep
|turn|5
|
|t:|1757046776
|move|p2a: Sneasler|Protect|p2a: Sneasler
|-singleturn|p2a: Sneasler|Protect
|move|p1a: Magmar|Follow Me|p1a: Magmar
|-singleturn|p1a: Magmar|move: Follow Me
|move|p1b: Dragonite|Scale Shot|p2b: Tyranitar
|-damage|p2b: Tyranitar|47/100
|-damage|p2b: Tyranitar|28/100
|-damage|p2b: Tyranitar|10/100
|-damage|p2b: Tyranitar|0 fnt
|faint|p2b: Tyranitar
|-hitcount|p2: Tyranitar|4
|-unboost|p1b: Dragonite|def|1
|-boost|p1b: Dragonite|spe|1
|
|-weather|none
|upkeep
|
|t:|1757046786
|switch|p2b: Indeedee|Indeedee, L50, M|100/100
|-fieldstart|move: Psychic Terrain|[from] ability: Psychic Surge|[of] p2b: Indeedee
|-enditem|p2a: Sneasler|Psychic Seed
|-boost|p2a: Sneasler|spd|1|[from] item: Psychic Seed
|turn|6
|inactive|MuseigenTest has 30 seconds left.
|inactive|MuseigenTest has 20 seconds left.
|inactive|MuseigenTest has 15 seconds left.
|inactive|MuseigenTest has 10 seconds left.
|inactive|MuseigenTest has 5 seconds left.
|
|t:|1757046839
|move|p1a: Magmar|Follow Me|p1a: Magmar
|-singleturn|p1a: Magmar|move: Follow Me
|move|p2a: Sneasler|Dire Claw|p1a: Magmar
|-damage|p1a: Magmar|12/100
|move|p1b: Dragonite|Scale Shot|p2b: Indeedee|[miss]
|-miss|p1b: Dragonite|p2b: Indeedee
|move|p2b: Indeedee|Expanding Force|p1a: Magmar|[spread] p1a,p1b
|-damage|p1a: Magmar|0 fnt
|-damage|p1b: Dragonite|0 fnt
|faint|p1a: Magmar
|faint|p1b: Dragonite
|
|upkeep
|-message|Farigi no Raf forfeited.
|raw|Farigi no Raf's rating: 1427 → 1403(-24 for losing)
|raw|MuseigenTest's rating: 1361 → 1385(+24 for winning)
|
|win|MuseigenTest
|c|☆MuseigenTest|Gg
