|j|☆mikelpoyarzabal
|j|☆parmesanlugubre206
|html|mikelpoyarzabalparmesanlugubre206    
|uhtml|bestof|Game 2 of a best-of-3
|t:|1783881802
|gametype|doubles
|player|p1|mikelpoyarzabal|arven-s|1341
|player|p2|parmesanlugubre206|ethan|1306
|gen|9
|tier|[Gen 9 Champions] VGC 2026 Reg M-B (Bo3)
|rated|
|rule|Species Clause: Limit one of each Pokémon
|rule|Item Clause: Limit 1 of each item
|clearpoke
|poke|p1|Incineroar, L50, F|
|poke|p1|Sinistcha, L50|
|poke|p1|Sneasler, L50, M|
|poke|p1|Blastoise, L50, F|
|poke|p1|Delphox, L50, F|
|poke|p1|Kingambit, L50, F|
|poke|p2|Alakazam, L50, F|
|poke|p2|Meowstic, L50, M|
|poke|p2|Staraptor, L50, F|
|poke|p2|Sneasler, L50, F, shiny|
|poke|p2|Dragonite, L50, M|
|poke|p2|Aegislash, L50, F|
|teampreview|4
|showteam|p1|Incineroar||SitrusBerry|Intimidate|FakeOut,FlareBlitz,DarkestLariat,PartingShot|Impish||F|||50|]Sinistcha||OccaBerry|Hospitality|MatchaGotcha,TrickRoom,RagePowder,Protect|Bold|||||50|]Sneasler||FocusSash|PoisonTouch|FakeOut,CloseCombat,PoisonJab,RockTomb|Jolly||M|||50|]Blastoise||Blastoisinite|Torrent|WaterSpout,DarkPulse,ShellSmash,Protect|Modest||F|||50|]Delphox||Delphoxite|Blaze|HeatWave,Psychic,NastyPlot,Protect|Timid||F|||50|]Kingambit||LifeOrb|Defiant|SwordsDance,Protect,KowtowCleave,SuckerPunch|Adamant||F|||50|
|showteam|p2|Alakazam||Alakazite|InnerFocus|ExpandingForce,ShadowBall,Protect,Encore|Timid||F|||50|]Meowstic||FocusSash|Prankster|Psyshock,PsychicTerrain,Charm,ThunderWave|Modest||M|||50|]Staraptor||Staraptite|Intimidate|CloseCombat,BraveBird,Roost,Protect|Jolly||F|||50|]Sneasler||WhiteHerb|Unburden|CloseCombat,DireClaw,FakeOut,RockSlide|Jolly||F|||50|]Dragonite||LifeOrb|InnerFocus|DragonClaw,LowKick,Tailwind,Protect|Adamant||M|||50|]Aegislash||Leftovers|StanceChange|Poltergeist,IronHead,ShadowSneak,KingsShield|Adamant||F|||50|
|inactive|Battle timer is ON: inactive players will automatically lose when time's up. (requested by parmesanlugubre206)
|inactive|mikelpoyarzabal also wants the timer to be on.
|
|t:|1783881820
|teamsize|p1|4
|teamsize|p2|4
|start
|switch|p1a: Delphox|Delphox, L50, F|100/100
|switch|p1b: Sneasler|Sneasler, L50, M|100/100
|switch|p2a: Sneasler|Sneasler, L50, F, shiny|100/100
|switch|p2b: Meowstic|Meowstic, L50, M|100/100
|turn|1
|
|t:|1783881831
|detailschange|p1a: Delphox|Delphox-Mega, L50, F
|-mega|p1a: Delphox|Delphox|Delphoxite
|move|p1b: Sneasler|Fake Out|p2b: Meowstic
|-damage|p2b: Meowstic|78/100
|move|p2a: Sneasler|Fake Out|p1a: Delphox
|-damage|p1a: Delphox|83/100
|cant|p2b: Meowstic|flinch
|cant|p1a: Delphox|flinch
|
|upkeep
|turn|2
|
|t:|1783881855
|switch|p1a: Sinistcha|Sinistcha, L50|100/100
|move|p2b: Meowstic|Thunder Wave|p1a: Sinistcha
|-status|p1a: Sinistcha|par
|move|p2a: Sneasler|Rock Slide|p1b: Sneasler|[spread] p1b
|-miss|p2a: Sneasler|p1a: Sinistcha
|-resisted|p1b: Sneasler|1
|-damage|p1b: Sneasler|82/100
|cant|p1b: Sneasler|flinch
|
|upkeep
|turn|3
|
|t:|1783881866
|switch|p2a: Alakazam|Alakazam, L50, F|100/100
|move|p1b: Sneasler|Poison Jab|p2b: Meowstic
|-damage|p2b: Meowstic|18/100
|move|p2b: Meowstic|Psyshock|p1b: Sneasler
|-supereffective|p1b: Sneasler|2
|-damage|p1b: Sneasler|0 fnt
|faint|p1b: Sneasler
|move|p1a: Sinistcha|Trick Room|p1a: Sinistcha
|-fieldstart|move: Trick Room|[of] p1a: Sinistcha
|
|upkeep
|
|t:|1783881873
|switch|p1b: Kingambit|Kingambit, L50, F|100/100
|turn|4
|
|t:|1783881884
|detailschange|p2a: Alakazam|Alakazam-Mega, L50, F
|-mega|p2a: Alakazam|Alakazam|Alakazite
|-ability|p2a: Alakazam|Hospitality|Trace|[from] ability: Trace|[of] p1a: Sinistcha
|-heal|p2b: Meowstic|43/100|[from] ability: Hospitality|[of] p2a: Alakazam
|move|p2a: Alakazam|Protect|p2a: Alakazam
|-singleturn|p2a: Alakazam|Protect
|move|p2b: Meowstic|Psychic Terrain|p2b: Meowstic
|-fieldstart|move: Psychic Terrain
|move|p1a: Sinistcha|Matcha Gotcha|p2b: Meowstic|[spread] p2b
|-activate|p2a: Alakazam|move: Protect
|-damage|p2b: Meowstic|8/100
|move|p1b: Kingambit|Swords Dance|p1b: Kingambit
|-boost|p1b: Kingambit|atk|2
|
|upkeep
|turn|5
|
|t:|1783881897
|move|p1a: Sinistcha|Matcha Gotcha|p2b: Meowstic|[spread] p2a,p2b
|-damage|p2a: Alakazam|69/100
|-damage|p2b: Meowstic|0 fnt
|-status|p2a: Alakazam|brn
|faint|p2b: Meowstic
|move|p1b: Kingambit|Kowtow Cleave|p2a: Alakazam
|-supereffective|p2a: Alakazam|1
|-damage|p2a: Alakazam|0 fnt
|faint|p2a: Alakazam
|-damage|p1b: Kingambit|90/100|[from] item: Life Orb
|
|upkeep
|
|t:|1783881900
|switch|p2b: Sneasler|Sneasler, L50, F, shiny|100/100
|switch|p2a: Dragonite|Dragonite, L50, M|100/100
|turn|6
|
|t:|1783881913
|switch|p1a: Delphox|Delphox-Mega, L50, F|83/100
|move|p1b: Kingambit|Protect|p1b: Kingambit
|-singleturn|p1b: Kingambit|Protect
|move|p2a: Dragonite|Dragon Claw|p1a: Delphox
|-damage|p1a: Delphox|4/100
|-damage|p2a: Dragonite|90/100|[from] item: Life Orb
|move|p2b: Sneasler|Dire Claw|p1a: Delphox
|-damage|p1a: Delphox|0 fnt
|faint|p1a: Delphox
|
|upkeep
|
|t:|1783881916
|switch|p1a: Sinistcha|Sinistcha, L50|100/100 par
|-heal|p1b: Kingambit|100/100|[from] ability: Hospitality|[of] p1a: Sinistcha
|turn|7
|
|t:|1783881922
|move|p2a: Dragonite|Protect|p2a: Dragonite
|-singleturn|p2a: Dragonite|Protect
|move|p1a: Sinistcha|Matcha Gotcha|p2b: Sneasler|[spread] p2b
|-activate|p2a: Dragonite|move: Protect
|-resisted|p2b: Sneasler|1
|-damage|p2b: Sneasler|82/100
|move|p1b: Kingambit|Kowtow Cleave|p2b: Sneasler
|-resisted|p2b: Sneasler|1
|-damage|p2b: Sneasler|0 fnt
|faint|p2b: Sneasler
|-damage|p1b: Kingambit|90/100|[from] item: Life Orb
|
|-fieldend|move: Trick Room
|upkeep
|turn|8
|
|t:|1783881933
|move|p1a: Sinistcha|Rage Powder|p1a: Sinistcha
|-singleturn|p1a: Sinistcha|move: Rage Powder
|move|p2a: Dragonite|Dragon Claw|p1a: Sinistcha
|-damage|p1a: Sinistcha|46/100 par
|-damage|p2a: Dragonite|80/100|[from] item: Life Orb
|move|p1b: Kingambit|Kowtow Cleave|p2a: Dragonite
|-damage|p2a: Dragonite|0 fnt
|faint|p2a: Dragonite
|-damage|p1b: Kingambit|80/100|[from] item: Life Orb
|
|win|mikelpoyarzabal
