|j|☆KUKUMAN
|j|☆fancysushi12
|html|KUKUMANfancysushi12    
|uhtml|bestof|Game 1 of a best-of-3
|t:|1783712369
|gametype|doubles
|player|p1|KUKUMAN|scientist-gen4dp|1119
|player|p2|fancysushi12|2|1043
|gen|9
|tier|[Gen 9 Champions] VGC 2026 Reg M-B (Bo3)
|rated|
|rule|Species Clause: Limit one of each Pokémon
|rule|Item Clause: Limit 1 of each item
|clearpoke
|poke|p1|Ninetales-Alola, L50, F, shiny|
|poke|p1|Raichu, L50, M, shiny|
|poke|p1|Milotic, L50, F, shiny|
|poke|p1|Incineroar, L50, M, shiny|
|poke|p1|Ceruledge, L50, M, shiny|
|poke|p1|Sinistcha-Masterpiece, L50, shiny|
|poke|p2|Politoed, L50, F|
|poke|p2|Swampert, L50, M|
|poke|p2|Metagross, L50|
|poke|p2|Overqwil, L50, F|
|poke|p2|Sableye, L50, F|
|poke|p2|Archaludon, L50, F|
|teampreview|4
|showteam|p1|Ninetales-Alola||LightClay|SnowWarning|Blizzard,Moonblast,AuroraVeil,Protect|Timid||F|||50|]Raichu||RaichuniteY|LightningRod|ZapCannon,FocusBlast,FakeOut,Protect|Timid||M|||50|]Milotic||Leftovers|Competitive|Scald,IcyWind,LifeDew,Protect|Bold||F|||50|]Incineroar||SitrusBerry|Intimidate|FlareBlitz,ThroatChop,FakeOut,PartingShot|Impish||M|||50|]Ceruledge||ColburBerry|FlashFire|BitterBlade,ShadowSneak,BulkUp,Protect|Adamant||M|||50|]Sinistcha-Masterpiece||KasibBerry|Hospitality|MatchaGotcha,LifeDew,RagePowder,TrickRoom|Bold|||||50|
|showteam|p2|Politoed||SitrusBerry|Drizzle|Encore,IceBeam,WeatherBall,Protect|Bold||F|||50|]Swampert||Swampertite|Torrent|WaveCrash,HighHorsepower,FlipTurn,Protect|Adamant||M|||50|]Metagross||Metagrossite|ClearBody|IronHead,PsychicFangs,BodyPress,Protect|Jolly|||||50|]Overqwil||LifeOrb|SwiftSwim|PoisonJab,ThroatChop,Liquidation,Protect|Adamant||F|||50|]Sableye||LightClay|Prankster|Taunt,RainDance,LightScreen,Reflect|Bold||F|||50|]Archaludon||Leftovers|Stamina|ElectroShot,DragonPulse,FlashCannon,Protect|Modest||F|||50|
|inactive|Battle timer is ON: inactive players will automatically lose when time's up. (requested by KUKUMAN)
|inactive|KUKUMAN has 60 seconds left.
|
|t:|1783712409
|teamsize|p1|4
|teamsize|p2|4
|start
|switch|p1a: Raichu|Raichu, L50, M, shiny|100/100
|switch|p1b: Milotic|Milotic, L50, F, shiny|100/100
|switch|p2a: Sableye|Sableye, L50, F|100/100
|switch|p2b: Swampert|Swampert, L50, M|100/100
|turn|1
|inactive|fancysushi12 has 30 seconds left.
|
|t:|1783712440
|detailschange|p1a: Raichu|Raichu-Mega-Y, L50, M, shiny
|-mega|p1a: Raichu|Raichu|Raichunite Y
|move|p2b: Swampert|Protect|p2b: Swampert
|-singleturn|p2b: Swampert|Protect
|move|p1a: Raichu|Fake Out|p2b: Swampert
|-activate|p2b: Swampert|move: Protect
|move|p2a: Sableye|Light Screen|p2a: Sableye
|-sidestart|p2: fancysushi12|move: Light Screen
|move|p1b: Milotic|Scald|p2b: Swampert
|-activate|p2b: Swampert|move: Protect
|
|upkeep
|turn|2
|inactive|KUKUMAN has 30 seconds left.
|
|t:|1783712472
|switch|p1a: Ninetales|Ninetales-Alola, L50, F, shiny|100/100
|-weather|Snowscape|[from] ability: Snow Warning|[of] p1a: Ninetales
|detailschange|p2b: Swampert|Swampert-Mega, L50, M
|-mega|p2b: Swampert|Swampert|Swampertite
|move|p2a: Sableye|Rain Dance|p2a: Sableye
|-weather|RainDance
|move|p2b: Swampert|Flip Turn|p1a: Ninetales
|-damage|p1a: Ninetales|23/100
|
|t:|1783712480
|switch|p2b: Overqwil|Overqwil, L50, F|100/100|[from] Flip Turn
|move|p1b: Milotic|Scald|p2b: Overqwil
|-damage|p2b: Overqwil|53/100
|
|-weather|RainDance|[upkeep]
|upkeep
|turn|3
|
|t:|1783712502
|switch|p1a: Sinistcha|Sinistcha-Masterpiece, L50, shiny|100/100
|switch|p2a: Swampert|Swampert-Mega, L50, M|100/100
|move|p2b: Overqwil|Poison Jab|p1a: Sinistcha
|-damage|p1a: Sinistcha|50/100g
|-damage|p2b: Overqwil|43/100|[from] item: Life Orb
|move|p1b: Milotic|Scald|p2b: Overqwil
|-damage|p2b: Overqwil|1/100
|
|-weather|RainDance|[upkeep]
|upkeep
|turn|4
|
|t:|1783712521
|switch|p1a: Ninetales|Ninetales-Alola, L50, F, shiny|23/100
|-weather|Snowscape|[from] ability: Snow Warning|[of] p1a: Ninetales
|move|p2b: Overqwil|Throat Chop|p1a: Ninetales
|-resisted|p1a: Ninetales|1
|-damage|p1a: Ninetales|1/100
|-start|p1a: Ninetales|Throat Chop|[silent]
|-damage|p2b: Overqwil|0 fnt|[from] item: Life Orb
|faint|p2b: Overqwil
|move|p2a: Swampert|Flip Turn|p1b: Milotic
|-resisted|p1b: Milotic|1
|-damage|p1b: Milotic|83/100
|
|t:|1783712532
|switch|p2a: Sableye|Sableye, L50, F|100/100|[from] Flip Turn
|move|p1b: Milotic|Icy Wind|p2a: Sableye
|-damage|p2a: Sableye|89/100
|-unboost|p2a: Sableye|spe|1
|
|-weather|Snowscape|[upkeep]
|-heal|p1b: Milotic|89/100|[from] item: Leftovers
|upkeep
|
|t:|1783712540
|switch|p2b: Archaludon|Archaludon, L50, F|100/100
|turn|5
|
|t:|1783712549
|switch|p1a: Raichu|Raichu-Mega-Y, L50, M, shiny|100/100
|move|p1b: Milotic|Protect|p1b: Milotic
|-singleturn|p1b: Milotic|Protect
|move|p2a: Sableye|Rain Dance|p2a: Sableye
|-weather|RainDance
|move|p2b: Archaludon|Electro Shot||[still]
|-prepare|p2b: Archaludon|Electro Shot
|-boost|p2b: Archaludon|spa|1
|-anim|p2b: Archaludon|Electro Shot|p1b: Milotic
|-activate|p1b: Milotic|move: Protect
|
|-weather|RainDance|[upkeep]
|-heal|p1b: Milotic|95/100|[from] item: Leftovers
|upkeep
|turn|6
|
|t:|1783712567
|switch|p1b: Ninetales|Ninetales-Alola, L50, F, shiny|1/100
|-weather|Snowscape|[from] ability: Snow Warning|[of] p1b: Ninetales
|move|p2a: Sableye|Rain Dance|p2a: Sableye
|-weather|RainDance
|move|p1a: Raichu|Focus Blast|p2b: Archaludon
|-supereffective|p2b: Archaludon|1
|-damage|p2b: Archaludon|19/100
|-ability|p2b: Archaludon|Stamina|boost
|-boost|p2b: Archaludon|def|1
|move|p2b: Archaludon|Electro Shot||[still]
|-prepare|p2b: Archaludon|Electro Shot
|-boost|p2b: Archaludon|spa|1
|-anim|p2b: Archaludon|Electro Shot|p1b: Ninetales
|-damage|p1b: Ninetales|0 fnt
|faint|p1b: Ninetales
|
|-weather|RainDance|[upkeep]
|-heal|p2b: Archaludon|25/100|[from] item: Leftovers
|upkeep
|
|t:|1783712586
|switch|p1b: Sinistcha|Sinistcha-Masterpiece, L50, shiny|50/100g
|turn|7
|
|t:|1783712596
|move|p2a: Sableye|Taunt|p1b: Sinistcha
|-start|p1b: Sinistcha|move: Taunt
|move|p1a: Raichu|Focus Blast|p2b: Archaludon
|-supereffective|p2b: Archaludon|1
|-damage|p2b: Archaludon|0 fnt
|faint|p2b: Archaludon
|move|p1b: Sinistcha|Matcha Gotcha|p2a: Sableye
|-damage|p2a: Sableye|59/100
|-heal|p1b: Sinistcha|64/100|[from] drain|[of] p2a: Sableye
|
|-weather|RainDance|[upkeep]
|upkeep
|
|t:|1783712608
|switch|p2b: Swampert|Swampert-Mega, L50, M|100/100
|turn|8
|
|t:|1783712616
|switch|p1a: Milotic|Milotic, L50, F, shiny|95/100
|move|p2a: Sableye|Taunt|p1a: Milotic
|-start|p1a: Milotic|move: Taunt
|move|p2b: Swampert|High Horsepower|p1a: Milotic
|-damage|p1a: Milotic|48/100
|move|p1b: Sinistcha|Matcha Gotcha|p2b: Swampert|[spread] p2a,p2b
|-supereffective|p2b: Swampert|2
|-damage|p2a: Sableye|38/100
|-heal|p1b: Sinistcha|75/100|[from] drain|[of] p2a: Sableye
|-damage|p2b: Swampert|37/100
|-heal|p1b: Sinistcha|100/100|[from] drain|[of] p2b: Swampert
|
|-weather|RainDance|[upkeep]
|-heal|p1a: Milotic|54/100|[from] item: Leftovers
|-sideend|p2: fancysushi12|move: Light Screen
|upkeep
|turn|9
|
|t:|1783712639
|move|p2a: Sableye|Light Screen|p2a: Sableye
|-sidestart|p2: fancysushi12|move: Light Screen
|move|p2b: Swampert|High Horsepower|p1a: Milotic
|-damage|p1a: Milotic|0 fnt
|faint|p1a: Milotic
|move|p1b: Sinistcha|Matcha Gotcha|p2b: Swampert|[spread] p2a,p2b
|-supereffective|p2b: Swampert|2
|-damage|p2a: Sableye|17/100
|-damage|p2b: Swampert|0 fnt
|-status|p2a: Sableye|brn
|faint|p2b: Swampert
|
|-weather|RainDance|[upkeep]
|-damage|p2a: Sableye|12/100 brn|[from] brn
|-end|p1b: Sinistcha|move: Taunt
|upkeep
|
|t:|1783712652
|switch|p1a: Raichu|Raichu-Mega-Y, L50, M, shiny|100/100
|turn|10
|
|t:|1783712656
|move|p2a: Sableye|Taunt|p1b: Sinistcha
|-start|p1b: Sinistcha|move: Taunt
|move|p1a: Raichu|Zap Cannon|p2a: Sableye
|-damage|p2a: Sableye|0 fnt
|faint|p2a: Sableye
|
|win|KUKUMAN
||KUKUMAN is ready for game 2.
|inactive|fancysushi12 has 30 seconds to confirm battle start!
||fancysushi12 is ready for game 2.
|uhtml|next|Next: Game 2 of 3
|l|☆fancysushi12
|player|p2|
