|j|☆dchino
|j|☆rochesito
|html|dchinorochesito    
|uhtml|bestof|Game 1 of a best-of-3
|t:|1757852845
|gametype|doubles
|player|p1|dchino|101|1049
|player|p2|rochesito|102|1002
|gen|9
|tier|[Gen 9] VGC 2025 Reg H (Bo3)
|rated|
|rule|Species Clause: Limit one of each Pokémon
|rule|Item Clause: Limit 1 of each item
|clearpoke
|poke|p1|Annihilape, L50, M|
|poke|p1|Ninetales-Alola, L50, F|
|poke|p1|Talonflame, L50, M|
|poke|p1|Garchomp, L50, M|
|poke|p1|Vivillon-Ocean, L50, F|
|poke|p1|Gholdengo, L50|
|poke|p2|Haxorus, L50, M|
|poke|p2|Vivillon-Monsoon, L50, F|
|poke|p2|Incineroar, L50, M|
|poke|p2|Arboliva, L50, M|
|poke|p2|Arcanine, L50, F|
|poke|p2|Salazzle, L50, F|
|teampreview|4
|showteam|p1|Annihilape||SafetyGoggles|Defiant|RageFist,DrainPunch,BulkUp,Protect|||M|||50|,,,,,Water]Ninetales-Alola||CovertCloak|SnowWarning|Blizzard,FreezeDry,AuroraVeil,Protect|||F|||50|,,,,,Ice]Talonflame||SharpBeak|GaleWings|DualWingbeat,Tailwind,WillOWisp,Protect|||M|||50|,,,,,Ghost]Garchomp||LifeOrb|RoughSkin|Earthquake,StompingTantrum,DragonClaw,Protect|||M|||50|,,,,,Steel]Vivillon-Ocean||FocusSash|CompoundEyes|SleepPowder,Hurricane,RagePowder,Protect|||F|||50|,,,,,Ghost]Gholdengo||IronPlate|GoodasGold|MakeItRain,ShadowBall,NastyPlot,Protect||||||50|,,,,,Steel
|showteam|p2|Haxorus||ChoiceScarf|Unnerve|IronHead,DragonClaw,RockSlide,StompingTantrum|||M|||50|,,,,,Steel]Vivillon-Monsoon||CovertCloak|FriendGuard|PollenPuff,RagePowder,Protect,Tailwind|||F|||50|,,,,,Fairy]Incineroar||SitrusBerry|Intimidate|PartingShot,FakeOut,KnockOff,FlareBlitz|||M|||50|,,,,,Ghost]Arboliva||Leftovers|SeedSower|Protect,EnergyBall,StrengthSap,HelpingHand|||M|||50|,,,,,Grass]Arcanine||SafetyGoggles|Intimidate|Snarl,ExtremeSpeed,Flamethrower,WillOWisp|||F|||50|,,,,,Water]Salazzle||FocusSash|Corrosion|Protect,SludgeBomb,Disable,Encore|||F|||50|,,,,,Dark
|inactive|Battle timer is ON: inactive players will automatically lose when time's up. (requested by rochesito)
|
|t:|1757852883
|teamsize|p1|4
|teamsize|p2|4
|start
|switch|p1a: Talonflame|Talonflame, L50, M|100/100
|switch|p1b: Ninetales|Ninetales-Alola, L50, F, shiny|100/100
|switch|p2a: Haxorus|Haxorus, L50, M, shiny|100/100
|switch|p2b: Vivillon|Vivillon-Monsoon, L50, F, shiny|100/100
|-ability|p2a: Haxorus|Unnerve
|-weather|Snowscape|[from] ability: Snow Warning|[of] p1b: Ninetales
|turn|1
|
|t:|1757852896
|-terastallize|p2a: Haxorus|Steel
|move|p2a: Haxorus|Iron Head|p1b: Ninetales
|-supereffective|p1b: Ninetales
|-damage|p1b: Ninetales|0 fnt
|faint|p1b: Ninetales
|move|p1a: Talonflame|Will-O-Wisp|p2a: Haxorus
|-status|p2a: Haxorus|brn
|move|p2b: Vivillon|Tailwind|p2b: Vivillon
|-sidestart|p2: rochesito|move: Tailwind
|
|-weather|Snowscape|[upkeep]
|-damage|p2a: Haxorus|95/100 brn|[from] brn
|upkeep
|
|t:|1757852908
|switch|p1b: Garchomp|Garchomp, L50, M|100/100
|turn|2
|
|t:|1757852928
|switch|p2a: Incineroar|Incineroar, L50, M|100/100
|-ability|p2a: Incineroar|Intimidate|boost
|-unboost|p1a: Talonflame|atk|1
|-unboost|p1b: Garchomp|atk|1
|move|p2b: Vivillon|Protect|p2b: Vivillon
|-singleturn|p2b: Vivillon|Protect
|move|p1a: Talonflame|Tailwind|p1a: Talonflame
|-sidestart|p1: dchino|move: Tailwind
|move|p1b: Garchomp|Dragon Claw|p2a: Incineroar
|-damage|p2a: Incineroar|74/100
|-damage|p1b: Garchomp|91/100|[from] item: Life Orb
|
|-weather|Snowscape|[upkeep]
|upkeep
|turn|3
|
|t:|1757852953
|move|p2a: Incineroar|Fake Out|p1a: Talonflame
|-damage|p1a: Talonflame|80/100
|cant|p1a: Talonflame|flinch
|move|p1b: Garchomp|Stomping Tantrum|p2a: Incineroar
|-supereffective|p2a: Incineroar
|-damage|p2a: Incineroar|24/100
|-enditem|p2a: Incineroar|Sitrus Berry|[eat]
|-heal|p2a: Incineroar|49/100|[from] item: Sitrus Berry
|-damage|p1b: Garchomp|81/100|[from] item: Life Orb
|move|p2b: Vivillon|Pollen Puff|p2a: Incineroar
|-heal|p2a: Incineroar|99/100
|
|-weather|Snowscape|[upkeep]
|upkeep
|turn|4
|
|t:|1757852975
|move|p1b: Garchomp|Protect|p1b: Garchomp
|-singleturn|p1b: Garchomp|Protect
|move|p2b: Vivillon|Protect|p2b: Vivillon
|-singleturn|p2b: Vivillon|Protect
|move|p1a: Talonflame|Dual Wingbeat|p2b: Vivillon
|-activate|p2b: Vivillon|move: Protect
|move|p2a: Incineroar|Parting Shot|p1b: Garchomp
|-activate|p1b: Garchomp|move: Protect
|
|-weather|Snowscape|[upkeep]
|-sideend|p2: rochesito|move: Tailwind
|upkeep
|turn|5
|
|t:|1757852991
|switch|p1b: Annihilape|Annihilape, L50, M, shiny|100/100
|switch|p2b: Haxorus|Haxorus, L50, M, shiny, tera:Steel|95/100 brn
|-ability|p2b: Haxorus|Unnerve
|move|p1a: Talonflame|Dual Wingbeat|p2b: Haxorus
|-resisted|p2b: Haxorus
|-damage|p2b: Haxorus|87/100 brn
|-resisted|p2b: Haxorus
|-damage|p2b: Haxorus|80/100 brn
|-hitcount|p2b: Haxorus|2
|move|p2a: Incineroar|Parting Shot|p1b: Annihilape
|-unboost|p1b: Annihilape|atk|1
|-ability|p1b: Annihilape|Defiant|boost
|-boost|p1b: Annihilape|atk|2
|-unboost|p1b: Annihilape|spa|1
|-ability|p1b: Annihilape|Defiant|boost
|-boost|p1b: Annihilape|atk|2
|
|t:|1757852999
|switch|p2a: Salazzle|Salazzle, L50, F|100/100|[from] Parting Shot
|
|-weather|none
|-damage|p2b: Haxorus|74/100 brn|[from] brn
|-sideend|p1: dchino|move: Tailwind
|upkeep
|turn|6
|
|t:|1757853022
|move|p1a: Talonflame|Protect|p1a: Talonflame
|-singleturn|p1a: Talonflame|Protect
|move|p2a: Salazzle|Protect|p2a: Salazzle
|-singleturn|p2a: Salazzle|Protect
|move|p2b: Haxorus|Rock Slide|p1a: Talonflame|[spread] p1b
|-activate|p1a: Talonflame|move: Protect
|-resisted|p1b: Annihilape
|-damage|p1b: Annihilape|95/100
|cant|p1b: Annihilape|flinch
|
|-damage|p2b: Haxorus|68/100 brn|[from] brn
|upkeep
|turn|7
|inactive|rochesito has 30 seconds left.
|
|t:|1757853050
|move|p2b: Haxorus|Rock Slide|p1b: Annihilape|[spread] p1a,p1b
|-supereffective|p1a: Talonflame
|-resisted|p1b: Annihilape
|-damage|p1a: Talonflame|11/100
|-damage|p1b: Annihilape|90/100
|cant|p1a: Talonflame|flinch
|move|p2a: Salazzle|Sludge Bomb|p1b: Annihilape
|-resisted|p1b: Annihilape
|-damage|p1b: Annihilape|69/100
|move|p1b: Annihilape|Drain Punch|p2b: Haxorus
|-supereffective|p2b: Haxorus
|-damage|p2b: Haxorus|0 fnt
|-heal|p1b: Annihilape|95/100|[from] drain|[of] p2b: Haxorus
|faint|p2b: Haxorus
|
|upkeep
|
|t:|1757853063
|switch|p2b: Vivillon|Vivillon-Monsoon, L50, F, shiny|100/100
|turn|8
|
|t:|1757853070
|move|p1a: Talonflame|Tailwind|p1a: Talonflame
|-sidestart|p1: dchino|move: Tailwind
|move|p1b: Annihilape|Rage Fist|p2a: Salazzle
|-enditem|p2a: Salazzle|Focus Sash
|-damage|p2a: Salazzle|1/100
|move|p2a: Salazzle|Sludge Bomb|p1a: Talonflame
|-damage|p1a: Talonflame|0 fnt
|faint|p1a: Talonflame
|move|p2b: Vivillon|Tailwind|p2b: Vivillon
|-sidestart|p2: rochesito|move: Tailwind
|
|upkeep
|
|t:|1757853082
|switch|p1a: Garchomp|Garchomp, L50, M|81/100
|turn|9
|
|t:|1757853090
|move|p2a: Salazzle|Disable|p1b: Annihilape
|-start|p1b: Annihilape|Disable|Rage Fist
|move|p1a: Garchomp|Dragon Claw|p2b: Vivillon
|-damage|p2b: Vivillon|22/100
|-damage|p1a: Garchomp|71/100|[from] item: Life Orb
|move|p1b: Annihilape|Drain Punch|p2a: Salazzle
|-resisted|p2a: Salazzle
|-damage|p2a: Salazzle|0 fnt
|-heal|p1b: Annihilape|96/100|[from] drain|[of] p2a: Salazzle
|faint|p2a: Salazzle
|move|p2b: Vivillon|Pollen Puff|p2: Salazzle|[notarget]
|-fail|p2b: Vivillon
|
|upkeep
|
|t:|1757853100
|switch|p2a: Incineroar|Incineroar, L50, M|99/100
|-ability|p2a: Incineroar|Intimidate|boost
|-unboost|p1a: Garchomp|atk|1
|-unboost|p1b: Annihilape|atk|1
|-ability|p1b: Annihilape|Defiant|boost
|-boost|p1b: Annihilape|atk|2
|turn|10
|
|t:|1757853113
|move|p2b: Vivillon|Protect|p2b: Vivillon
|-singleturn|p2b: Vivillon|Protect
|move|p1a: Garchomp|Stomping Tantrum|p2a: Incineroar
|-supereffective|p2a: Incineroar
|-damage|p2a: Incineroar|46/100
|-damage|p1a: Garchomp|61/100|[from] item: Life Orb
|move|p1b: Annihilape|Drain Punch|p2a: Incineroar
|-supereffective|p2a: Incineroar
|-damage|p2a: Incineroar|0 fnt
|-heal|p1b: Annihilape|100/100|[from] drain|[of] p2a: Incineroar
|faint|p2a: Incineroar
|
|upkeep
|turn|11
|-message|rochesito forfeited.
|
|win|dchino
|l|☆rochesito
|player|p2|
||dchino is ready for game 2.
|raw|dchino's rating: 1049 → 1077(+28 for winning)
|raw|rochesito's rating: 1002 → 1000(-2 for losing)
|l|☆dchino
|player|p1|
