|j|☆Gen4lover2
|j|☆8787878i
|html|Gen4lover28787878i    
|uhtml|bestof|Game 1 of a best-of-3
|t:|1785948162
|gametype|doubles
|player|p1|Gen4lover2|wallace|1349
|player|p2|8787878i|tuberf|1361
|gen|9
|tier|[Gen 9 Champions] VGC 2026 Reg M-B (Bo3)
|rated|
|rule|Species Clause: Limit one of each Pokémon
|rule|Item Clause: Limit 1 of each item
|clearpoke
|poke|p1|Tyranitar, L50, M|
|poke|p1|Excadrill, L50, F|
|poke|p1|Staraptor, L50, F|
|poke|p1|Milotic, L50, F, shiny|
|poke|p1|Gholdengo, L50|
|poke|p1|Sinistcha-Masterpiece, L50|
|poke|p2|Froslass, L50, F|
|poke|p2|Sneasler, L50, F|
|poke|p2|Kingambit, L50, M|
|poke|p2|Basculegion, L50, M|
|poke|p2|Scovillain, L50, F|
|poke|p2|Lycanroc-Dusk, L50, M|
|teampreview|4
|showteam|p1|Tyranitar||Tyranitarite|SandStream|RockSlide,KnockOff,LowKick,Protect|Adamant||M|||50|]Excadrill||FocusSash|SandRush|HighHorsepower,IronHead,RockSlide,Protect|Adamant||F|||50|]Staraptor||Staraptite|Intimidate|BraveBird,CloseCombat,Tailwind,Protect|Jolly||F|||50|]Milotic||SitrusBerry|Competitive|Scald,IceBeam,Recover,Protect|Modest||F|||50|]Gholdengo||LifeOrb|GoodasGold|MakeItRain,ShadowBall,NastyPlot,Protect|Modest|||||50|]Sinistcha-Masterpiece||ColburBerry|Hospitality|MatchaGotcha,RagePowder,TrickRoom,Protect|Relaxed|||||50|
|showteam|p2|Froslass||Froslassite|CursedBody|Protect,Blizzard,AuroraVeil,ShadowBall|Modest||F|||50|]Sneasler||WhiteHerb|Unburden|Protect,CloseCombat,FakeOut,GunkShot|Adamant||F|||50|]Kingambit||LifeOrb|Defiant|KowtowCleave,SuckerPunch,SwordsDance,Protect|Adamant||M|||50|]Basculegion||SitrusBerry|Adaptability|Protect,WaveCrash,LastRespects,AquaJet|Adamant||M|||50|]Scovillain||Scovillainite|Moody|Protect,GigaDrain,Overheat,RagePowder|Bold||F|||50|]Lycanroc-Dusk||FocusSash|ToughClaws|Protect,Accelerock,RockSlide,CloseCombat|Adamant||M|||50|
|inactive|Battle timer is ON: inactive players will automatically lose when time's up. (requested by Gen4lover2)
|inactive|Gen4lover2 has 60 seconds left.
|inactive|8787878i has 60 seconds left.
|inactive|Gen4lover2 has 30 seconds left.
|inactive|8787878i has 30 seconds left.
|
|t:|1785948227
|teamsize|p1|4
|teamsize|p2|4
|start
|switch|p1a: Tyranitar|Tyranitar, L50, M|100/100
|switch|p1b: Excadrill|Excadrill, L50, F|100/100
|switch|p2a: Sneasler|Sneasler, L50, F|100/100
|switch|p2b: Kingambit|Kingambit, L50, M|100/100
|-weather|Sandstorm|[from] ability: Sand Stream|[of] p1a: Tyranitar
|turn|1
|inactive|8787878i has 30 seconds left.
|inactive|8787878i has 20 seconds left.
|inactive|8787878i has 15 seconds left.
|inactive|8787878i has 10 seconds left.
|inactive|8787878i has 5 seconds left.
|
|t:|1785948279
|move|p1b: Excadrill|Protect|p1b: Excadrill
|-singleturn|p1b: Excadrill|Protect
|move|p1a: Tyranitar|Protect|p1a: Tyranitar
|-singleturn|p1a: Tyranitar|Protect
|move|p2a: Sneasler|Fake Out|p1b: Excadrill
|-activate|p1b: Excadrill|move: Protect
|move|p2b: Kingambit|Swords Dance|p2b: Kingambit
|-boost|p2b: Kingambit|atk|2
|
|-weather|Sandstorm|[upkeep]
|-damage|p2a: Sneasler|94/100|[from] Sandstorm
|upkeep
|turn|2
|
|t:|1785948297
|move|p2a: Sneasler|Protect|p2a: Sneasler
|-singleturn|p2a: Sneasler|Protect
|move|p2b: Kingambit|Sucker Punch|p1b: Excadrill
|-enditem|p1b: Excadrill|Focus Sash
|-damage|p1b: Excadrill|1/100
|-damage|p2b: Kingambit|90/100|[from] item: Life Orb
|move|p1b: Excadrill|High Horsepower|p2a: Sneasler
|-activate|p2a: Sneasler|move: Protect
|move|p1a: Tyranitar|Low Kick|p2b: Kingambit
|-supereffective|p2b: Kingambit|2
|-damage|p2b: Kingambit|0 fnt
|faint|p2b: Kingambit
|
|-weather|Sandstorm|[upkeep]
|-damage|p2a: Sneasler|88/100|[from] Sandstorm
|upkeep
|inactive|8787878i has 30 seconds left.
|
|t:|1785948331
|switch|p2b: Nella|Froslass, L50, F|100/100
|turn|3
|
|t:|1785948342
|switch|p2a: Basculegion|Basculegion, L50, M|100/100
|detailschange|p2b: Nella|Froslass-Mega, L50, F
|-mega|p2b: Nella|Froslass|Froslassite
|-weather|Snowscape|[from] ability: Snow Warning|[of] p2b: Nella
|detailschange|p1a: Tyranitar|Tyranitar-Mega, L50, M
|-mega|p1a: Tyranitar|Tyranitar|Tyranitarite
|-weather|Sandstorm|[from] ability: Sand Stream|[of] p1a: Tyranitar
|move|p1b: Excadrill|High Horsepower|p2a: Basculegion
|-damage|p2a: Basculegion|46/100
|-enditem|p2a: Basculegion|Sitrus Berry|[eat]
|-heal|p2a: Basculegion|71/100|[from] item: Sitrus Berry
|move|p2b: Nella|Blizzard|p1a: Tyranitar|[spread] p1a,p1b
|-damage|p1a: Tyranitar|79/100
|-damage|p1b: Excadrill|0 fnt
|faint|p1b: Excadrill
|move|p1a: Tyranitar|Rock Slide|p2a: Basculegion|[spread] p2a,p2b
|-supereffective|p2b: Nella|1
|-damage|p2a: Basculegion|38/100
|-damage|p2b: Nella|1/100
|
|-weather|Sandstorm|[upkeep]
|-damage|p2b: Nella|0 fnt|[from] Sandstorm
|-damage|p2a: Basculegion|32/100|[from] Sandstorm
|faint|p2b: Nella
|upkeep
|
|t:|1785948367
|switch|p2b: Sneasler|Sneasler, L50, F|88/100
|switch|p1b: Staraptor|Staraptor, L50, F|100/100
|-ability|p1b: Staraptor|Intimidate|boost
|-unboost|p2a: Basculegion|atk|1
|-unboost|p2b: Sneasler|atk|1
|-enditem|p2b: Sneasler|White Herb
|-clearnegativeboost|p2b: Sneasler|[silent]
|turn|4
|
|t:|1785948381
|move|p2b: Sneasler|Protect|p2b: Sneasler
|-singleturn|p2b: Sneasler|Protect
|move|p1b: Staraptor|Protect|p1b: Staraptor
|-singleturn|p1b: Staraptor|Protect
|move|p1a: Tyranitar|Protect|p1a: Tyranitar
|-singleturn|p1a: Tyranitar|Protect
|move|p2a: Basculegion|Last Respects|p1b: Staraptor
|-activate|p1b: Staraptor|move: Protect
|
|-weather|Sandstorm|[upkeep]
|-damage|p2b: Sneasler|82/100|[from] Sandstorm
|-damage|p1b: Staraptor|93/100|[from] Sandstorm
|-damage|p2a: Basculegion|26/100|[from] Sandstorm
|upkeep
|turn|5
|inactive|8787878i has 30 seconds left.
|inactive|8787878i has 20 seconds left.
|
|t:|1785948421
|switch|p1a: Gholdengo|Gholdengo, L50|100/100
|move|p2b: Sneasler|Close Combat|p1a: Gholdengo
|-immune|p1a: Gholdengo
|move|p1b: Staraptor|Brave Bird|p2b: Sneasler
|-supereffective|p2b: Sneasler|1
|-damage|p2b: Sneasler|0 fnt
|faint|p2b: Sneasler
|-damage|p1b: Staraptor|68/100|[from] Recoil
|move|p2a: Basculegion|Last Respects|p1b: Staraptor
|-immune|p1b: Staraptor
|
|-weather|Sandstorm|[upkeep]
|-damage|p1b: Staraptor|62/100|[from] Sandstorm
|-damage|p2a: Basculegion|20/100y|[from] Sandstorm
|upkeep
|turn|6
|-message|8787878i forfeited.
|
|win|Gen4lover2
|l|☆8787878i
|player|p2|
||8787878i is ready for game 2.
|inactive|Gen4lover2 has 30 seconds to confirm battle start!
