|j|☆x5414
|j|☆25th_mang
|html|x541425th_mang    
|uhtml|bestof|Game 1 of a best-of-3
|t:|1782456749
|gametype|doubles
|player|p1|x5414|102|1190
|player|p2|25th_mang|ballguy|1205
|gen|9
|tier|[Gen 9 Champions] VGC 2026 Reg M-B (Bo3)
|rated|
|rule|Species Clause: Limit one of each Pokémon
|rule|Item Clause: Limit 1 of each item
|clearpoke
|poke|p1|Pelipper, L50, F|
|poke|p1|Basculegion, L50, M|
|poke|p1|Incineroar, L50, F|
|poke|p1|Raichu, L50, F|
|poke|p1|Scizor, L50, F|
|poke|p1|Sinistcha, L50|
|poke|p2|Crabominable, L50, M|
|poke|p2|Farigiraf, L50, F|
|poke|p2|Incineroar, L50, F|
|poke|p2|Archaludon, L50, F|
|poke|p2|Pelipper, L50, F|
|poke|p2|Sinistcha, L50|
|teampreview|4
|showteam|p1|Pelipper||FocusSash|Drizzle|Hurricane,Tailwind,WeatherBall,Protect|Timid||F|||50|]Basculegion||ChoiceScarf|Adaptability|FlipTurn,LastRespects,WaveCrash,AquaJet|Jolly||M|||50|]Incineroar||SitrusBerry|Intimidate|FlareBlitz,PartingShot,FakeOut,DarkestLariat|Relaxed||F|||50|]Raichu||RaichuniteY|LightningRod|Encore,FocusBlast,ZapCannon,Protect|Timid||F|||50|]Scizor||Leftovers|Technician|Curse,Protect,BugBite,BulletPunch|Adamant||F|||50|]Sinistcha||OccaBerry|Hospitality|MatchaGotcha,RagePowder,TrickRoom,LifeDew|Sassy|||||50|
|showteam|p2|Crabominable||Crabominite|HyperCutter|IceHammer,DrainPunch,Protect,ThunderPunch|Brave||M|||50|]Farigiraf||MentalHerb|ArmorTail|TrickRoom,Psychic,HyperVoice,HelpingHand|Relaxed||F|||50|]Incineroar||Charcoal|Intimidate|FakeOut,FlareBlitz,Assurance,Snarl|Adamant||F|||50|]Archaludon||Leftovers|Stamina|ElectroShot,AuraSphere,FlashCannon,Protect|Quiet||F|||50|]Pelipper||SharpBeak|Drizzle|Hurricane,WeatherBall,WideGuard,Protect|Modest||F|||50|]Sinistcha||SitrusBerry|Hospitality|MatchaGotcha,RagePowder,LifeDew,TrickRoom|Relaxed|||||50|
|inactive|Battle timer is ON: inactive players will automatically lose when time's up. (requested by 25th_mang)
|
|t:|1782456769
|teamsize|p1|4
|teamsize|p2|4
|start
|switch|p1a: Scizor|Scizor, L50, F|100/100
|switch|p1b: Basculegion|Basculegion, L50, M|100/100
|switch|p2a: My1stFlip|Farigiraf, L50, F|100/100
|switch|p2b: My1stRoar|Incineroar, L50, F|100/100
|-ability|p2b: My1stRoar|Intimidate|boost
|-unboost|p1a: Scizor|atk|1
|-unboost|p1b: Basculegion|atk|1
|turn|1
|
|t:|1782456780
|switch|p1a: Incineroar|Incineroar, L50, F|100/100
|-ability|p1a: Incineroar|Intimidate|boost
|-unboost|p2a: My1stFlip|atk|1
|-unboost|p2b: My1stRoar|atk|1
|move|p2b: My1stRoar|Fake Out|p1a: Incineroar
|-damage|p1a: Incineroar|94/100
|move|p1b: Basculegion|Flip Turn|p2b: My1stRoar
|-supereffective|p2b: My1stRoar|1
|-damage|p2b: My1stRoar|52/100
|
|t:|1782456783
|switch|p1b: Scizor|Scizor, L50, F|100/100|[from] Flip Turn
|move|p2a: My1stFlip|Trick Room|p2a: My1stFlip
|-fieldstart|move: Trick Room|[of] p2a: My1stFlip
|
|upkeep
|turn|2
|inactive|x5414 has 30 seconds left.
|
|t:|1782456811
|move|p1b: Scizor|Protect|p1b: Scizor
|-singleturn|p1b: Scizor|Protect
|move|p2a: My1stFlip|Psychic|p1b: Scizor
|-activate|p1b: Scizor|move: Protect
|move|p1a: Incineroar|Parting Shot|p2b: My1stRoar
|-unboost|p2b: My1stRoar|atk|1
|-unboost|p2b: My1stRoar|spa|1
|
|t:|1782456817
|switch|p1a: Basculegion|Basculegion, L50, M|100/100|[from] Parting Shot
|move|p2b: My1stRoar|Flare Blitz|p1b: Scizor
|-activate|p1b: Scizor|move: Protect
|
|upkeep
|turn|3
|
|t:|1782456834
|switch|p2b: Stup!b|Pelipper, L50, F|100/100
|-weather|RainDance|[from] ability: Drizzle|[of] p2b: Stup!b
|switch|p1b: Incineroar|Incineroar, L50, F|94/100
|-ability|p1b: Incineroar|Intimidate|boost
|-unboost|p2a: My1stFlip|atk|1
|-unboost|p2b: Stup!b|atk|1
|move|p2a: My1stFlip|Psychic|p1a: Basculegion
|-damage|p1a: Basculegion|61/100
|move|p1a: Basculegion|Flip Turn|p2b: Stup!b
|-resisted|p2b: Stup!b|1
|-damage|p2b: Stup!b|70/100
|
|t:|1782456842
|switch|p1a: Scizor|Scizor, L50, F|100/100|[from] Flip Turn
|
|-weather|RainDance|[upkeep]
|upkeep
|turn|4
|
|t:|1782456861
|move|p2a: My1stFlip|Hyper Voice|p1b: Incineroar|[spread] p1a,p1b
|-resisted|p1a: Scizor|1
|-damage|p1a: Scizor|84/100
|-damage|p1b: Incineroar|69/100
|move|p1b: Incineroar|Darkest Lariat|p2b: Stup!b
|-damage|p2b: Stup!b|37/100
|move|p2b: Stup!b|Weather Ball|p1a: Scizor
|-damage|p1a: Scizor|6/100
|move|p1a: Scizor|Bug Bite|p2b: Stup!b
|-resisted|p2b: Stup!b|1
|-damage|p2b: Stup!b|11/100
|
|-weather|RainDance|[upkeep]
|-heal|p1a: Scizor|12/100|[from] item: Leftovers
|upkeep
|turn|5
|
|t:|1782456882
|switch|p2b: My1stRoar|Incineroar, L50, F|52/100
|-ability|p2b: My1stRoar|Intimidate|boost
|-unboost|p1a: Scizor|atk|1
|-unboost|p1b: Incineroar|atk|1
|switch|p1a: Basculegion|Basculegion, L50, M|61/100
|move|p1b: Incineroar|Darkest Lariat|p2b: My1stRoar
|-resisted|p2b: My1stRoar|1
|-damage|p2b: My1stRoar|41/100
|move|p2a: My1stFlip|Psychic|p1a: Basculegion
|-damage|p1a: Basculegion|19/100
|
|-weather|RainDance|[upkeep]
|-fieldend|move: Trick Room
|upkeep
|turn|6
|inactive|25th_mang has 30 seconds left.
|
|t:|1782456908
|move|p2b: My1stRoar|Fake Out|p1b: Incineroar
|-damage|p1b: Incineroar|59/100
|move|p1a: Basculegion|Wave Crash|p2a: My1stFlip
|-damage|p2a: My1stFlip|8/100
|-damage|p1a: Basculegion|0 fnt|[from] Recoil
|faint|p1a: Basculegion
|move|p2a: My1stFlip|Psychic|p1b: Incineroar
|-immune|p1b: Incineroar
|cant|p1b: Incineroar|flinch
|
|-weather|RainDance|[upkeep]
|upkeep
|
|t:|1782456914
|switch|p1a: Raichu|Raichu, L50, F|100/100
|turn|7
|
|t:|1782456929
|detailschange|p1a: Raichu|Raichu-Mega-Y, L50, F
|-mega|p1a: Raichu|Raichu|Raichunite Y
|move|p1a: Raichu|Zap Cannon|p2b: My1stRoar
|-damage|p2b: My1stRoar|0 fnt
|faint|p2b: My1stRoar
|move|p1b: Incineroar|Darkest Lariat|p2a: My1stFlip
|-supereffective|p2a: My1stFlip|1
|-damage|p2a: My1stFlip|0 fnt
|faint|p2a: My1stFlip
|
|-weather|none
|upkeep
|
|t:|1782456935
|switch|p2b: Stup!b|Pelipper, L50, F|11/100
|switch|p2a: Doomscroll|Archaludon, L50, F|100/100
|-weather|RainDance|[from] ability: Drizzle|[of] p2b: Stup!b
|turn|8
|
|t:|1782456954
|move|p2a: Doomscroll|Protect|p2a: Doomscroll
|-singleturn|p2a: Doomscroll|Protect
|move|p1a: Raichu|Focus Blast|p2a: Doomscroll
|-activate|p2a: Doomscroll|move: Protect
|move|p2b: Stup!b|Weather Ball|p1a: Raichu
|-damage|p1a: Raichu|0 fnt
|faint|p1a: Raichu
|move|p1b: Incineroar|Darkest Lariat|p2b: Stup!b
|-damage|p2b: Stup!b|0 fnt
|faint|p2b: Stup!b
|
|-weather|RainDance|[upkeep]
|upkeep
|-message|x5414 forfeited.
|
|win|25th_mang
|l|☆x5414
|player|p1|
||x5414 is ready for game 2.
|inactive|25th_mang has 30 seconds to confirm battle start!
||25th_mang is ready for game 2.
|uhtml|next|Next: Game 2 of 3
|l|☆25th_mang
|player|p2|
|j|☆25th_mang
|player|p2|25th_mang|ballguy|
