|j|☆lipeater444
|j|☆NEZK025
|html|lipeater444NEZK025    
|uhtml|bestof|Game 1 of a best-of-3
|t:|1783710513
|gametype|doubles
|player|p1|lipeater444|skierf-gen4dp|
|player|p2|NEZK025|nate|
|gen|9
|tier|[Gen 9 Champions] VGC 2026 Reg M-B (Bo3)
|rule|Species Clause: Limit one of each Pokémon
|rule|Item Clause: Limit 1 of each item
|clearpoke
|poke|p1|Torkoal, L50, M, shiny|
|poke|p1|Trevenant, L50, M, shiny|
|poke|p1|Scrafty, L50, M|
|poke|p1|Aegislash, L50, M|
|poke|p1|Venusaur, L50, M, shiny|
|poke|p1|Charizard, L50, M|
|poke|p2|Excadrill, L50, F|
|poke|p2|Tyranitar, L50, F|
|poke|p2|Corviknight, L50, M|
|poke|p2|Hydreigon, L50, M|
|poke|p2|Rotom-Wash, L50|
|poke|p2|Mimikyu, L50, M|
|teampreview|4
|showteam|p1|Torkoal||Charcoal|Drought|HeatWave,EarthPower,SolarBeam,Protect|Quiet||M|||50|]Trevenant||SitrusBerry|Harvest|TrickRoom,HornLeech,Poltergeist,Protect|Brave||M|||50|]Scrafty||Scraftinite|Intimidate|FakeOut,CloseCombat,KnockOff,Protect|Brave||M|||50|]Aegislash||ColburBerry|StanceChange|WideGuard,IronHead,ShadowSneak,KingsShield|Careful||M|||50|]Venusaur||LifeOrb|Chlorophyll|SleepPowder,SolarBeam,SludgeBomb,Protect|Modest||M|||50|]Charizard||CharizarditeY|SolarPower|WeatherBall,SolarBeam,ScorchingSands,Protect|Timid||M|||50|
|showteam|p2|Excadrill||FocusSash|SandRush|Protect,Earthquake,IronHead,RockTomb|Adamant||F|||50|]Tyranitar||Tyranitarite|SandStream|Protect,RockSlide,KnockOff,LowKick|Adamant||F|||50|]Corviknight||Leftovers|MirrorArmor|Roost,BraveBird,Tailwind,BulkUp|Careful||M|||50|]Hydreigon||ChoiceScarf|Levitate|DragonPulse,DarkPulse,Snarl,EarthPower|Modest||M|||50|]Rotom-Wash||SitrusBerry|Levitate|Protect,Thunderbolt,HydroPump,Reflect|Modest|||||50|]Mimikyu||FairyFeather|Disguise|Protect,PlayRough,ShadowClaw,ShadowSneak|Adamant||M|||50|
|c|☆NEZK025|Glhf
|
|t:|1783710598
|teamsize|p1|4
|teamsize|p2|4
|start
|switch|p1a: Gordito|Torkoal, L50, M, shiny|100/100
|switch|p1b: Verdito|Venusaur, L50, M, shiny|100/100
|switch|p2a: Rotom|Rotom-Wash, L50|100/100
|switch|p2b: Hydreigon|Hydreigon, L50, M|100/100
|-weather|SunnyDay|[from] ability: Drought|[of] p1a: Gordito
|turn|1
|
|t:|1783710636
|switch|p2a: Tyranitar|Tyranitar, L50, F|100/100
|-weather|Sandstorm|[from] ability: Sand Stream|[of] p2a: Tyranitar
|switch|p1a: Niñito|Trevenant, L50, M, shiny|100/100
|move|p2b: Hydreigon|Snarl|p1a: Niñito|[spread] p1a,p1b
|-supereffective|p1a: Niñito|1
|-damage|p1a: Niñito|52/100
|-damage|p1b: Verdito|71/100
|-unboost|p1a: Niñito|spa|1
|-unboost|p1b: Verdito|spa|1
|move|p1b: Verdito|Sludge Bomb|p2b: Hydreigon
|-damage|p2b: Hydreigon|58/100
|-status|p2b: Hydreigon|psn
|-damage|p1b: Verdito|61/100|[from] item: Life Orb
|
|-weather|Sandstorm|[upkeep]
|-damage|p2b: Hydreigon|52/100 psn|[from] Sandstorm
|-damage|p1b: Verdito|56/100|[from] Sandstorm
|-damage|p1a: Niñito|47/100|[from] Sandstorm
|-enditem|p1a: Niñito|Sitrus Berry|[eat]
|-heal|p1a: Niñito|71/100|[from] item: Sitrus Berry
|-damage|p2b: Hydreigon|40/100 psn|[from] psn
|upkeep
|turn|2
|
|t:|1783710694
|move|p2b: Hydreigon|Snarl|p1a: Niñito|[spread] p1a,p1b
|-supereffective|p1a: Niñito|1
|-damage|p1a: Niñito|24/100
|-damage|p1b: Verdito|31/100
|-unboost|p1a: Niñito|spa|1
|-unboost|p1b: Verdito|spa|1
|move|p1b: Verdito|Sleep Powder|p2a: Tyranitar
|-status|p2a: Tyranitar|slp|[from] move: Sleep Powder
|cant|p2a: Tyranitar|slp
|move|p1a: Niñito|Horn Leech|p2a: Tyranitar
|-supereffective|p2a: Tyranitar|1
|-damage|p2a: Tyranitar|37/100 slp
|-heal|p1a: Niñito|58/100|[from] drain|[of] p2a: Tyranitar
|
|-weather|Sandstorm|[upkeep]
|-damage|p2b: Hydreigon|34/100 psn|[from] Sandstorm
|-damage|p1b: Verdito|25/100|[from] Sandstorm
|-damage|p1a: Niñito|52/100|[from] Sandstorm
|-damage|p2b: Hydreigon|22/100 psn|[from] psn
|-item|p1a: Niñito|Sitrus Berry|[from] ability: Harvest
|upkeep
|turn|3
|
|t:|1783710724
|switch|p1b: Gordito|Torkoal, L50, M, shiny|100/100
|-weather|SunnyDay|[from] ability: Drought|[of] p1b: Gordito
|move|p2b: Hydreigon|Snarl|p1b: Gordito|[spread] p1a,p1b
|-supereffective|p1a: Niñito|1
|-crit|p1b: Gordito
|-damage|p1a: Niñito|0 fnt
|-damage|p1b: Gordito|54/100
|-unboost|p1b: Gordito|spa|1
|faint|p1a: Niñito
|cant|p2a: Tyranitar|slp
|
|-weather|SunnyDay|[upkeep]
|-damage|p2b: Hydreigon|9/100 psn|[from] psn
|upkeep
|
|t:|1783710758
|switch|p1a: Cortito|Aegislash, L50, M|100/100
|turn|4
|
|t:|1783710781
|switch|p1b: Verdito|Venusaur, L50, M, shiny|25/100
|detailschange|p2a: Tyranitar|Tyranitar-Mega, L50, F
|-mega|p2a: Tyranitar|Tyranitar|Tyranitarite
|-weather|Sandstorm|[from] ability: Sand Stream|[of] p2a: Tyranitar
|move|p1a: Cortito|Wide Guard|p1a: Cortito
|-singleturn|p1a: Cortito|Wide Guard
|move|p2b: Hydreigon|Snarl|p1b: Verdito|[spread] 
|-activate|p1a: Cortito|move: Wide Guard
|-activate|p1b: Verdito|move: Wide Guard
|-curestatus|p2a: Tyranitar|slp|[msg]
|move|p2a: Tyranitar|Rock Slide|p1a: Cortito|[spread] 
|-activate|p1a: Cortito|move: Wide Guard
|-activate|p1b: Verdito|move: Wide Guard
|
|-weather|Sandstorm|[upkeep]
|-damage|p2b: Hydreigon|4/100 psn|[from] Sandstorm
|-damage|p1b: Verdito|19/100|[from] Sandstorm
|-damage|p2b: Hydreigon|0 fnt|[from] psn
|faint|p2b: Hydreigon
|upkeep
|
|t:|1783710792
|switch|p2b: Rotom|Rotom-Wash, L50|100/100
|turn|5
|
|t:|1783710814
|switch|p2a: Corviknight|Corviknight, L50, M|100/100
|switch|p1a: Gordito|Torkoal, L50, M, shiny|54/100
|-weather|SunnyDay|[from] ability: Drought|[of] p1a: Gordito
|move|p2b: Rotom|Protect|p2b: Rotom
|-singleturn|p2b: Rotom|Protect
|move|p1b: Verdito|Solar Beam||[still]
|-prepare|p1b: Verdito|Solar Beam
|-anim|p1b: Verdito|Solar Beam|p2a: Corviknight
|-resisted|p2a: Corviknight|2
|-damage|p2a: Corviknight|84/100
|-damage|p1b: Verdito|10/100|[from] item: Life Orb
|
|-weather|SunnyDay|[upkeep]
|-heal|p2a: Corviknight|90/100|[from] item: Leftovers
|upkeep
|turn|6
|
|t:|1783710860
|switch|p2a: Tyranitar|Tyranitar-Mega, L50, F|37/100
|-weather|Sandstorm|[from] ability: Sand Stream|[of] p2a: Tyranitar
|switch|p1a: Cortito|Aegislash, L50, M|100/100
|move|p1b: Verdito|Sleep Powder|p2b: Rotom
|-status|p2b: Rotom|slp|[from] move: Sleep Powder
|cant|p2b: Rotom|slp
|
|-weather|Sandstorm|[upkeep]
|-damage|p1b: Verdito|4/100|[from] Sandstorm
|-damage|p2b: Rotom|94/100 slp|[from] Sandstorm
|upkeep
|turn|7
|
|t:|1783710884
|switch|p2b: Corviknight|Corviknight, L50, M|90/100
|move|p2a: Tyranitar|Protect|p2a: Tyranitar
|-singleturn|p2a: Tyranitar|Protect
|move|p1b: Verdito|Sleep Powder|p2a: Tyranitar
|-activate|p2a: Tyranitar|move: Protect
|-formechange|p1a: Cortito|Aegislash-Blade|
|move|p1a: Cortito|Iron Head|p2a: Tyranitar
|-activate|p2a: Tyranitar|move: Protect
|
|-weather|Sandstorm|[upkeep]
|-damage|p1b: Verdito|0 fnt|[from] Sandstorm
|faint|p1b: Verdito
|-heal|p2b: Corviknight|96/100|[from] item: Leftovers
|upkeep
|
|t:|1783710892
|switch|p1b: Gordito|Torkoal, L50, M, shiny|54/100
|-weather|SunnyDay|[from] ability: Drought|[of] p1b: Gordito
|turn|8
|
|t:|1783710941
|-formechange|p1a: Cortito|Aegislash|
|move|p1a: Cortito|King's Shield|p1a: Cortito
|-singleturn|p1a: Cortito|Protect
|move|p2b: Corviknight|Brave Bird|p1b: Gordito
|-damage|p1b: Gordito|25/100
|-damage|p2b: Corviknight|87/100|[from] Recoil
|move|p2a: Tyranitar|Knock Off|p1b: Gordito
|-damage|p1b: Gordito|0 fnt
|-enditem|p1b: Gordito|Charcoal|[from] move: Knock Off|[of] p2a: Tyranitar
|faint|p1b: Gordito
|
|-weather|SunnyDay|[upkeep]
|-heal|p2b: Corviknight|93/100|[from] item: Leftovers
|upkeep
|turn|9
|
|t:|1783710952
|move|p2b: Corviknight|Bulk Up|p2b: Corviknight
|-boost|p2b: Corviknight|atk|1
|-boost|p2b: Corviknight|def|1
|move|p2a: Tyranitar|Knock Off|p1a: Cortito
|-supereffective|p1a: Cortito|1
|-enditem|p1a: Cortito|Colbur Berry|[eat]
|-enditem|p1a: Cortito|Colbur Berry|[weaken]
|-damage|p1a: Cortito|47/100
|-formechange|p1a: Cortito|Aegislash-Blade|
|move|p1a: Cortito|Iron Head|p2a: Tyranitar
|-supereffective|p2a: Tyranitar|1
|-damage|p2a: Tyranitar|0 fnt
|faint|p2a: Tyranitar
|
|-weather|SunnyDay|[upkeep]
|-heal|p2b: Corviknight|99/100|[from] item: Leftovers
|upkeep
|
|t:|1783710962
|switch|p2a: Rotom|Rotom-Wash, L50|94/100 slp
|turn|10
|
|t:|1783710972
|move|p1a: Cortito|Shadow Sneak|p2b: Corviknight
|-damage|p2b: Corviknight|87/100
|cant|p2a: Rotom|slp
|move|p2b: Corviknight|Brave Bird|p1a: Cortito
|-resisted|p1a: Cortito|1
|-damage|p1a: Cortito|0 fnt
|faint|p1a: Cortito
|-damage|p2b: Corviknight|74/100|[from] Recoil
|
|win|NEZK025
||lipeater444 is ready for game 2.
||NEZK025 is ready for game 2.
|uhtml|next|Next: Game 2 of 3
|l|☆NEZK025
|player|p2|
