|j|☆King_shuckle17
|j|☆SuperBoke
|html|King_shuckle17SuperBoke    
|uhtml|bestof|Game 1 of a best-of-3
|t:|1756880116
|gametype|doubles
|player|p1|King_shuckle17|lusamine-masters|1167
|player|p2|SuperBoke|steven|1161
|gen|9
|tier|[Gen 9] VGC 2025 Reg H (Bo3)
|rated|
|rule|Species Clause: Limit one of each Pokémon
|rule|Item Clause: Limit 1 of each item
|clearpoke
|poke|p1|Pelipper, L50, M|
|poke|p1|Archaludon, L50, M|
|poke|p1|Grimmsnarl, L50, M|
|poke|p1|Overqwil, L50, M|
|poke|p1|Maushold, L50|
|poke|p1|Basculegion, L50, M|
|poke|p2|Grimmsnarl, L50, M|
|poke|p2|Archaludon, L50, M|
|poke|p2|Sinistcha, L50|
|poke|p2|Pelipper, L50, M|
|poke|p2|Maushold, L50|
|poke|p2|Annihilape, L50, M|
|teampreview|4
|showteam|p1|Pelipper||FocusSash|Drizzle|Hurricane,WeatherBall,Tailwind,Protect|||M|||50|,,,,,Ghost]Archaludon||AssaultVest|Stamina|ElectroShot,DragonPulse,FlashCannon,BodyPress|||M|||50|,,,,,Fairy]Grimmsnarl||LightClay|Prankster|LightScreen,Reflect,SpiritBreak,SuckerPunch|||M|||50|,,,,,Ghost]Overqwil||LifeOrb|SwiftSwim|BarbBarrage,Crunch,Haze,Protect|||M|||50|,,,,,Grass]Maushold||SafetyGoggles|FriendGuard|BeatUp,FollowMe,Taunt,Protect||||||50|,,,,,Ghost]Basculegion||ChoiceScarf|Adaptability|WaveCrash,FlipTurn,AquaJet,LastRespects|||M|||50|,,,,,Water
|showteam|p2|Grimmsnarl||LightClay|Prankster|SpiritBreak,ThunderWave,Reflect,LightScreen|||M|||50|,,,,,Ghost]Archaludon||AssaultVest|Stamina|ElectroShot,FlashCannon,BodyPress,Snarl|||M|||50|,,,,,Grass]Sinistcha||SitrusBerry|Hospitality|MatchaGotcha,LifeDew,RagePowder,TrickRoom||||||50|,,,,,Dark]Pelipper||FocusSash|Drizzle|Hurricane,WeatherBall,Tailwind,Protect|||M|||50|,,,,,Ghost]Maushold||SafetyGoggles|FriendGuard|BeatUp,Taunt,FollowMe,Protect||||||50|,,,,,Ghost]Annihilape||Leftovers|Defiant|DrainPunch,RageFist,BulkUp,Protect|||M|||50|,,,,,Water
|j| Auragap
|inactive|Battle timer is ON: inactive players will automatically lose when time's up. (requested by SuperBoke)
|
|t:|1756880149
|teamsize|p1|4
|teamsize|p2|4
|start
|switch|p1a: Overqwil|Overqwil, L50, M|100/100
|switch|p1b: Grimmsnarl|Grimmsnarl, L50, M|100/100
|switch|p2a: Grimmsnarl|Grimmsnarl, L50, M|100/100
|switch|p2b: Archaludon|Archaludon, L50, M|100/100
|turn|1
|
|t:|1756880168
|move|p1b: Grimmsnarl|Reflect|p1b: Grimmsnarl
|-sidestart|p1: King_shuckle17|Reflect
|move|p2a: Grimmsnarl|Reflect|p2a: Grimmsnarl
|-sidestart|p2: SuperBoke|Reflect
|move|p1a: Overqwil|Barb Barrage|p2a: Grimmsnarl
|-supereffective|p2a: Grimmsnarl
|-damage|p2a: Grimmsnarl|41/100
|-status|p2a: Grimmsnarl|psn
|-damage|p1a: Overqwil|91/100|[from] item: Life Orb
|move|p2b: Archaludon|Flash Cannon|p1b: Grimmsnarl
|-supereffective|p1b: Grimmsnarl
|-damage|p1b: Grimmsnarl|32/100
|
|-damage|p2a: Grimmsnarl|28/100 psn|[from] psn
|upkeep
|turn|2
|
|t:|1756880185
|switch|p1b: Archaludon|Archaludon, L50, M|100/100
|move|p2a: Grimmsnarl|Light Screen|p2a: Grimmsnarl
|-sidestart|p2: SuperBoke|move: Light Screen
|move|p1a: Overqwil|Barb Barrage|p2a: Grimmsnarl
|-supereffective|p2a: Grimmsnarl
|-damage|p2a: Grimmsnarl|0 fnt
|faint|p2a: Grimmsnarl
|-damage|p1a: Overqwil|81/100|[from] item: Life Orb
|move|p2b: Archaludon|Flash Cannon|p1b: Archaludon
|-resisted|p1b: Archaludon
|-damage|p1b: Archaludon|90/100
|-ability|p1b: Archaludon|Stamina|boost
|-boost|p1b: Archaludon|def|1
|
|upkeep
|
|t:|1756880209
|switch|p2a: Pelipper|Pelipper, L50, M|100/100
|-weather|RainDance|[from] ability: Drizzle|[of] p2a: Pelipper
|turn|3
|
|t:|1756880223
|move|p1a: Overqwil|Protect|p1a: Overqwil
|-singleturn|p1a: Overqwil|Protect
|move|p2a: Pelipper|Weather Ball|p1a: Overqwil
|-activate|p1a: Overqwil|move: Protect
|move|p1b: Archaludon|Electro Shot||[still]
|-prepare|p1b: Archaludon|Electro Shot
|-boost|p1b: Archaludon|spa|1
|-anim|p1b: Archaludon|Electro Shot|p2b: Archaludon
|-resisted|p2b: Archaludon
|-damage|p2b: Archaludon|86/100
|-ability|p2b: Archaludon|Stamina|boost
|-boost|p2b: Archaludon|def|1
|move|p2b: Archaludon|Electro Shot||[still]
|-prepare|p2b: Archaludon|Electro Shot
|-boost|p2b: Archaludon|spa|1
|-anim|p2b: Archaludon|Electro Shot|p1a: Overqwil
|-activate|p1a: Overqwil|move: Protect
|
|-weather|RainDance|[upkeep]
|upkeep
|turn|4
|inactive|King_shuckle17 has 30 seconds left.
|
|t:|1756880258
|move|p1a: Overqwil|Barb Barrage|p2a: Pelipper
|-damage|p2a: Pelipper|63/100
|-damage|p1a: Overqwil|71/100|[from] item: Life Orb
|move|p2a: Pelipper|Weather Ball|p1a: Overqwil
|-damage|p1a: Overqwil|0 fnt
|faint|p1a: Overqwil
|move|p1b: Archaludon|Electro Shot||[still]
|-prepare|p1b: Archaludon|Electro Shot
|-boost|p1b: Archaludon|spa|1
|-anim|p1b: Archaludon|Electro Shot|p2a: Pelipper
|-supereffective|p2a: Pelipper
|-damage|p2a: Pelipper|0 fnt
|faint|p2a: Pelipper
|move|p2b: Archaludon|Electro Shot||[still]
|-prepare|p2b: Archaludon|Electro Shot
|-boost|p2b: Archaludon|spa|1
|-anim|p2b: Archaludon|Electro Shot|p1b: Archaludon
|-resisted|p1b: Archaludon
|-damage|p1b: Archaludon|67/100
|-ability|p1b: Archaludon|Stamina|boost
|-boost|p1b: Archaludon|def|1
|
|-weather|RainDance|[upkeep]
|upkeep
|
|t:|1756880270
|switch|p2a: Sinistcha|Sinistcha, L50|100/100
|switch|p1a: Maushold|Maushold, L50|100/100
|-heal|p2b: Archaludon|100/100|[from] ability: Hospitality|[of] p2a: Sinistcha
|turn|5
|
|t:|1756880283
|move|p1a: Maushold|Taunt|p2a: Sinistcha
|-start|p2a: Sinistcha|move: Taunt
|move|p1b: Archaludon|Dragon Pulse|p2b: Archaludon
|-damage|p2b: Archaludon|62/100
|-ability|p2b: Archaludon|Stamina|boost
|-boost|p2b: Archaludon|def|1
|move|p2b: Archaludon|Body Press|p1a: Maushold
|-supereffective|p1a: Maushold
|-damage|p1a: Maushold|12/100
|cant|p2a: Sinistcha|move: Taunt|Trick Room
|
|-weather|RainDance|[upkeep]
|upkeep
|turn|6
|inactive|SuperBoke has 30 seconds left.
|
|t:|1756880311
|-terastallize|p2b: Archaludon|Grass
|move|p1a: Maushold|Beat Up|p1b: Archaludon
|-damage|p1b: Archaludon|67/100
|-ability|p1b: Archaludon|Stamina|boost
|-boost|p1b: Archaludon|def|1
|-damage|p1b: Archaludon|66/100
|-ability|p1b: Archaludon|Stamina|boost
|-boost|p1b: Archaludon|def|1
|-damage|p1b: Archaludon|66/100
|-ability|p1b: Archaludon|Stamina|boost
|-boost|p1b: Archaludon|def|1
|-hitcount|p1b: Archaludon|3
|move|p1b: Archaludon|Body Press|p2b: Archaludon
|-damage|p2b: Archaludon|47/100
|-ability|p2b: Archaludon|Stamina|boost
|-boost|p2b: Archaludon|def|1
|move|p2b: Archaludon|Body Press|p1b: Archaludon
|-supereffective|p1b: Archaludon
|-damage|p1b: Archaludon|50/100
|-ability|p1b: Archaludon|Stamina|boost
|-boost|p1b: Archaludon|def|1
|move|p2a: Sinistcha|Matcha Gotcha|p1b: Archaludon|[spread] p1a,p1b
|-resisted|p1b: Archaludon
|-damage|p1a: Maushold|0 fnt
|-damage|p1b: Archaludon|47/100
|-status|p1b: Archaludon|brn
|faint|p1a: Maushold
|
|-weather|RainDance|[upkeep]
|-damage|p1b: Archaludon|41/100 brn|[from] brn
|upkeep
|
|t:|1756880323
|switch|p1a: Grimmsnarl|Grimmsnarl, L50, M|32/100
|turn|7
|l| Auragap
|inactive|SuperBoke has 30 seconds left.
|
|t:|1756880353
|move|p1a: Grimmsnarl|Light Screen|p1a: Grimmsnarl
|-sidestart|p1: King_shuckle17|move: Light Screen
|move|p1b: Archaludon|Dragon Pulse|p2b: Archaludon
|-damage|p2b: Archaludon|9/100
|-ability|p2b: Archaludon|Stamina|boost
|-boost|p2b: Archaludon|def|1
|move|p2b: Archaludon|Body Press|p1b: Archaludon
|-supereffective|p1b: Archaludon
|-damage|p1b: Archaludon|19/100 brn
|move|p2a: Sinistcha|Matcha Gotcha|p1b: Archaludon|[spread] p1a,p1b
|-resisted|p1b: Archaludon
|-crit|p1b: Archaludon
|-damage|p1a: Grimmsnarl|15/100
|-damage|p1b: Archaludon|13/100 brn
|-status|p1a: Grimmsnarl|brn
|
|-weather|none
|-damage|p1b: Archaludon|7/100 brn|[from] brn
|-damage|p1a: Grimmsnarl|9/100 brn|[from] brn
|-end|p2a: Sinistcha|move: Taunt
|upkeep
|turn|8
|
|t:|1756880363
|move|p1b: Archaludon|Dragon Pulse|p2b: Archaludon
|-damage|p2b: Archaludon|0 fnt
|faint|p2b: Archaludon
|move|p2a: Sinistcha|Life Dew||[still]
|-fail|p2a: Sinistcha|heal
|move|p1a: Grimmsnarl|Spirit Break|p2a: Sinistcha
|-damage|p2a: Sinistcha|92/100
|-unboost|p2a: Sinistcha|spa|1
|
|-damage|p1b: Archaludon|0 fnt|[from] brn
|faint|p1b: Archaludon
|-damage|p1a: Grimmsnarl|3/100 brn|[from] brn
|-sideend|p2: SuperBoke|Reflect
|-sideend|p1: King_shuckle17|Reflect
|upkeep
|turn|9
|
|t:|1756880370
|move|p1a: Grimmsnarl|Sucker Punch|p2a: Sinistcha
|-supereffective|p2a: Sinistcha
|-damage|p2a: Sinistcha|67/100
|move|p2a: Sinistcha|Matcha Gotcha|p1a: Grimmsnarl
|-damage|p1a: Grimmsnarl|0 fnt
|-heal|p2a: Sinistcha|69/100|[from] drain|[of] p1a: Grimmsnarl
|faint|p1a: Grimmsnarl
|
|win|SuperBoke
||King_shuckle17 is ready for game 2.
|inactive|SuperBoke has 30 seconds to confirm battle start!
|inactive|SuperBoke has 20 seconds to confirm battle start!
|inactive|SuperBoke has 10 seconds to confirm battle start!
||SuperBoke is ready for game 2.
|uhtml|next|Next: Game 2 of 3
|l|☆SuperBoke
|player|p2|
