|j|☆negaifreak
|j|☆Scobie
|html|negaifreakScobie    
|uhtml|bestof|Game 2 of a best-of-3
|t:|1756736190
|gametype|doubles
|player|p1|negaifreak|nate|1143
|player|p2|Scobie|veteran-gen4|1082
|gen|9
|tier|[Gen 9] VGC 2025 Reg H (Bo3)
|rated|
|rule|Species Clause: Limit one of each Pokémon
|rule|Item Clause: Limit 1 of each item
|clearpoke
|poke|p1|Archaludon, L50, M|
|poke|p1|Pelipper, L50, M|
|poke|p1|Grimmsnarl, L50, M|
|poke|p1|Maushold-Four, L50|
|poke|p1|Sinistcha, L50|
|poke|p1|Annihilape, L50, M|
|poke|p2|Incineroar, L50, M|
|poke|p2|Dragonite, L50, F|
|poke|p2|Archaludon, L50, M|
|poke|p2|Pelipper, L50, F|
|poke|p2|Maushold-Four, L50|
|poke|p2|Annihilape, L50, M|
|teampreview|4
|showteam|p1|Archaludon||AssaultVest|Stamina|ElectroShot,BodyPress,DragonPulse,FlashCannon|||M|||50|,,,,,Bug]Pelipper||FocusSash|Drizzle|Hurricane,Tailwind,WeatherBall,Protect|||M|||50|,,,,,Ghost]Grimmsnarl||LightClay|Prankster|SpiritBreak,LightScreen,Reflect,MistyTerrain|||M|||50|,,,,,Poison]Maushold-Four||SafetyGoggles|FriendGuard|Taunt,BeatUp,FollowMe,Protect||||||50|,,,,,Ghost]Sinistcha||SitrusBerry|Hospitality|MatchaGotcha,LifeDew,RagePowder,TrickRoom||||||50|,,,,,Fairy]Annihilape||Leftovers|Defiant|RageFist,DrainPunch,BulkUp,Protect|||M|||50|,,,,,Grass
|showteam|p2|Incineroar||SafetyGoggles|Intimidate|FakeOut,KnockOff,FlareBlitz,PartingShot|||M|||50|,,,,,Ghost]Dragonite||LoadedDice|Multiscale|ExtremeSpeed,Protect,Earthquake,ScaleShot|||F|||50|,,,,,Normal]Archaludon||AssaultVest|Stamina|DracoMeteor,FlashCannon,ElectroShot,BodyPress|||M|||50|,,,,,Grass]Pelipper||FocusSash|Drizzle|Tailwind,WeatherBall,Hurricane,Protect|||F|||50|,,,,,Grass]Maushold-Four||WideLens|Technician|Protect,PopulationBomb,FollowMe,Bite||||||50|,,,,,Ghost]Annihilape||ChoiceScarf|Defiant|DrainPunch,RageFist,FinalGambit,Coaching|||M|||50|,,,,,Water
|inactive|Battle timer is ON: inactive players will automatically lose when time's up. (requested by negaifreak)
|inactive|negaifreak has 60 seconds left.
|
|t:|1756736223
|teamsize|p1|4
|teamsize|p2|4
|start
|switch|p1a: Maushold|Maushold-Four, L50|100/100
|switch|p1b: Annihilape|Annihilape, L50, M|100/100
|switch|p2a: Annihilape|Annihilape, L50, M|100/100
|switch|p2b: Maushold|Maushold-Four, L50|100/100
|turn|1
|inactive|negaifreak has 30 seconds left.
|
|t:|1756736260
|-terastallize|p2a: Annihilape|Water
|-terastallize|p1a: Maushold|Ghost
|move|p2a: Annihilape|Drain Punch|p1a: Maushold
|-immune|p1a: Maushold
|move|p2b: Maushold|Bite|p1b: Annihilape
|-damage|p1b: Annihilape|86/100
|move|p1a: Maushold|Taunt|p2b: Maushold
|-start|p2b: Maushold|move: Taunt
|move|p1b: Annihilape|Bulk Up|p1b: Annihilape
|-boost|p1b: Annihilape|atk|1
|-boost|p1b: Annihilape|def|1
|
|-heal|p1b: Annihilape|92/100|[from] item: Leftovers
|upkeep
|turn|2
|inactive|negaifreak has 30 seconds left.
|inactive|negaifreak has 20 seconds left.
|
|t:|1756736298
|switch|p2a: Archaludon|Archaludon, L50, M|100/100
|move|p1a: Maushold|Beat Up|p1b: Annihilape
|-damage|p1b: Annihilape|91/100
|-damage|p1b: Annihilape|89/100
|-damage|p1b: Annihilape|87/100
|-damage|p1b: Annihilape|85/100
|-hitcount|p1b: Annihilape|4
|move|p2b: Maushold|Bite|p1a: Maushold
|-supereffective|p1a: Maushold
|-damage|p1a: Maushold|55/100
|move|p1b: Annihilape|Rage Fist|p2a: Archaludon
|-damage|p2a: Archaludon|0 fnt
|faint|p2a: Archaludon
|
|-heal|p1b: Annihilape|91/100|[from] item: Leftovers
|upkeep
|
|t:|1756736317
|switch|p2a: Pelipper|Pelipper, L50, F|100/100
|-weather|RainDance|[from] ability: Drizzle|[of] p2a: Pelipper
|turn|3
|
|t:|1756736339
|move|p1a: Maushold|Taunt|p2a: Pelipper
|-start|p2a: Pelipper|move: Taunt
|move|p2b: Maushold|Bite|p1a: Maushold
|-supereffective|p1a: Maushold
|-damage|p1a: Maushold|14/100
|move|p1b: Annihilape|Drain Punch|p2b: Maushold
|-supereffective|p2b: Maushold
|-damage|p2b: Maushold|0 fnt
|-heal|p1b: Annihilape|100/100|[from] drain|[of] p2b: Maushold
|faint|p2b: Maushold
|move|p2a: Pelipper|Hurricane|p1b: Annihilape
|-supereffective|p1b: Annihilape
|-damage|p1b: Annihilape|45/100
|
|-weather|RainDance|[upkeep]
|-heal|p1b: Annihilape|52/100|[from] item: Leftovers
|upkeep
|
|t:|1756736353
|switch|p2b: Annihilape|Annihilape, L50, M, tera:Water|100/100
|turn|4
|
|t:|1756736367
|switch|p1a: Sinistcha|Sinistcha, L50|100/100
|-heal|p1b: Annihilape|76/100|[from] ability: Hospitality|[of] p1a: Sinistcha
|move|p2b: Annihilape|Rage Fist|p1b: Annihilape
|-supereffective|p1b: Annihilape
|-damage|p1b: Annihilape|46/100
|move|p1b: Annihilape|Rage Fist|p2b: Annihilape
|-damage|p2b: Annihilape|0 fnt
|faint|p2b: Annihilape
|move|p2a: Pelipper|Hurricane|p1b: Annihilape
|-supereffective|p1b: Annihilape
|-damage|p1b: Annihilape|0 fnt
|faint|p1b: Annihilape
|
|-weather|RainDance|[upkeep]
|upkeep
|c|☆Scobie|gg
|
|t:|1756736383
|switch|p1b: Archaludon|Archaludon, L50, M|100/100
|turn|5
|
|t:|1756736402
|move|p2a: Pelipper|Hurricane|p1a: Sinistcha
|-supereffective|p1a: Sinistcha
|-damage|p1a: Sinistcha|22/100
|-enditem|p1a: Sinistcha|Sitrus Berry|[eat]
|-heal|p1a: Sinistcha|47/100|[from] item: Sitrus Berry
|move|p1b: Archaludon|Electro Shot||[still]
|-prepare|p1b: Archaludon|Electro Shot
|-boost|p1b: Archaludon|spa|1
|-anim|p1b: Archaludon|Electro Shot|p2a: Pelipper
|-supereffective|p2a: Pelipper
|-enditem|p2a: Pelipper|Focus Sash
|-damage|p2a: Pelipper|1/100
|move|p1a: Sinistcha|Trick Room|p1a: Sinistcha
|-fieldstart|move: Trick Room|[of] p1a: Sinistcha
|
|-weather|RainDance|[upkeep]
|-end|p2a: Pelipper|move: Taunt
|upkeep
|turn|6
|c|☆negaifreak|GG
|
|t:|1756736423
|move|p1a: Sinistcha|Matcha Gotcha|p2a: Pelipper
|-damage|p2a: Pelipper|0 fnt
|-heal|p1a: Sinistcha|47/100|[from] drain|[of] p2a: Pelipper
|faint|p2a: Pelipper
|
|win|negaifreak
||Scobie is ready for game 3.
|inactive|negaifreak has 30 seconds to confirm battle start!
||negaifreak is ready for game 3.
|uhtml|next|Next: Game 3 of 3
|l|☆Scobie
|player|p2|
