|j|☆slubkid
|j|☆PM77Switch
|html|slubkidPM77Switch    
|uhtml|bestof|Game 1 of a best-of-3
|t:|1783723269
|gametype|doubles
|player|p1|slubkid|camper|1176
|player|p2|PM77Switch|may-masters3|1152
|gen|9
|tier|[Gen 9 Champions] VGC 2026 Reg M-B (Bo3)
|rated|
|rule|Species Clause: Limit one of each Pokémon
|rule|Item Clause: Limit 1 of each item
|clearpoke
|poke|p1|Gholdengo, L50|
|poke|p1|Whimsicott, L50, M|
|poke|p1|Staraptor, L50, F|
|poke|p1|Charizard, L50, M|
|poke|p1|Sylveon, L50, F, shiny|
|poke|p1|Alakazam, L50, F|
|poke|p2|Staraptor, L50, M, shiny|
|poke|p2|Farigiraf, L50, F, shiny|
|poke|p2|Charizard, L50, F, shiny|
|poke|p2|Whimsicott, L50, M, shiny|
|poke|p2|Garchomp, L50, M, shiny|
|poke|p2|Gholdengo, L50, shiny|
|teampreview|4
|showteam|p1|Gholdengo||ChoiceScarf|GoodasGold|ShadowBall,MakeItRain,FlashCannon,PowerGem|Timid|||||50|]Whimsicott||FocusSash|Prankster|Moonblast,Charm,Tailwind,Protect|Timid||M|||50|]Staraptor||Staraptite|Intimidate|BraveBird,CloseCombat,Roost,Protect|Jolly||F|||50|]Charizard||CharizarditeY|Blaze|WeatherBall,HeatWave,SolarBeam,Protect|Modest||M|||50|]Sylveon||FairyFeather|Pixilate|HyperVoice,HyperBeam,QuickAttack,Detect|Modest||F|||50|]Alakazam||MentalHerb|InnerFocus|ThunderWave,TrickRoom,Encore,FocusBlast|Calm||F|||50|
|showteam|p2|Staraptor||Staraptite|Intimidate|DualWingbeat,CloseCombat,BlazeKick,Protect|Jolly||M|||50|]Farigiraf||SitrusBerry|ArmorTail|Psychic,HelpingHand,TrickRoom,Imprison|Bold||F|||50|]Charizard||CharizarditeY|SolarPower|HeatWave,WeatherBall,SolarBeam,Protect|Modest||F|||50|]Whimsicott||FairyFeather|Prankster|Moonblast,Tailwind,SunnyDay,Taunt|Timid||M|||50|]Garchomp||LifeOrb|RoughSkin|StompingTantrum,DragonClaw,RockSlide,Protect|Jolly||M|||50|]Gholdengo||ChoiceScarf|GoodasGold|MakeItRain,ShadowBall,PowerGem,Thunderbolt|Timid|||||50|
|inactive|Battle timer is ON: inactive players will automatically lose when time's up. (requested by PM77Switch)
|inactive|PM77Switch has 60 seconds left.
|
|t:|1783723308
|teamsize|p1|4
|teamsize|p2|4
|start
|switch|p1a: Alakazam|Alakazam, L50, F|100/100
|switch|p1b: Charizard|Charizard, L50, M|100/100
|switch|p2a: Gholdengo|Gholdengo, L50, shiny|100/100
|switch|p2b: Whimsicott|Whimsicott, L50, M, shiny|100/100
|turn|1
|inactive|slubkid has 30 seconds left.
|inactive|slubkid has 20 seconds left.
|inactive|slubkid has 15 seconds left.
|inactive|slubkid has 10 seconds left.
|
|t:|1783723354
|detailschange|p1b: Charizard|Charizard-Mega-Y, L50, M
|-mega|p1b: Charizard|Charizard|Charizardite Y
|-weather|SunnyDay|[from] ability: Drought|[of] p1b: Charizard
|move|p2a: Gholdengo|Make It Rain|p1b: Charizard|[spread] p1a,p1b
|-resisted|p1b: Charizard|1
|-damage|p1a: Alakazam|60/100
|-damage|p1b: Charizard|77/100
|-unboost|p2a: Gholdengo|spa|2
|move|p2b: Whimsicott|Moonblast|p1a: Alakazam
|-damage|p1a: Alakazam|28/100
|move|p1a: Alakazam|Thunder Wave|p2b: Whimsicott
|-status|p2b: Whimsicott|par
|move|p1b: Charizard|Heat Wave|p2a: Gholdengo|[spread] p2a,p2b
|-supereffective|p2a: Gholdengo|1
|-supereffective|p2b: Whimsicott|1
|-damage|p2a: Gholdengo|0 fnt
|-damage|p2b: Whimsicott|0 fnt
|faint|p2a: Gholdengo
|faint|p2b: Whimsicott
|
|-weather|SunnyDay|[upkeep]
|upkeep
|
|t:|1783723367
|switch|p2b: Garchomp|Garchomp, L50, M, shiny|100/100
|switch|p2a: Charizard|Charizard, L50, F, shiny|100/100
|turn|2
|
|t:|1783723386
|detailschange|p2a: Charizard|Charizard-Mega-Y, L50, F, shiny
|-mega|p2a: Charizard|Charizard|Charizardite Y
|move|p2a: Charizard|Protect|p2a: Charizard
|-singleturn|p2a: Charizard|Protect
|move|p1b: Charizard|Protect|p1b: Charizard
|-singleturn|p1b: Charizard|Protect
|move|p2b: Garchomp|Rock Slide|p1b: Charizard|[spread] 
|-activate|p1b: Charizard|move: Protect
|-miss|p2b: Garchomp|p1a: Alakazam
|move|p1a: Alakazam|Thunder Wave|p2a: Charizard
|-activate|p2a: Charizard|move: Protect
|
|-weather|SunnyDay|[upkeep]
|upkeep
|turn|3
|inactive|slubkid has 30 seconds left.
|
|t:|1783723418
|move|p2b: Garchomp|Rock Slide|p1a: Alakazam|[spread] p1a,p1b
|-supereffective|p1b: Charizard|2
|-damage|p1a: Alakazam|0 fnt
|-damage|p1b: Charizard|0 fnt
|faint|p1a: Alakazam
|faint|p1b: Charizard
|-damage|p2b: Garchomp|90/100|[from] item: Life Orb
|move|p2a: Charizard|Weather Ball|p1: Alakazam|[notarget]
|-fail|p2a: Charizard
|
|-weather|SunnyDay|[upkeep]
|upkeep
|
|t:|1783723422
|switch|p1a: Sylveon|Sylveon, L50, F, shiny|100/100
|switch|p1b: Whimsicott|Whimsicott, L50, M|100/100
|turn|4
|
|t:|1783723442
|move|p1b: Whimsicott|Tailwind|p1b: Whimsicott
|-sidestart|p1: slubkid|move: Tailwind
|move|p1a: Sylveon|Hyper Voice|p2b: Garchomp|[spread] p2a,p2b
|-resisted|p2a: Charizard|1
|-supereffective|p2b: Garchomp|1
|-damage|p2a: Charizard|77/100
|-damage|p2b: Garchomp|0 fnt
|faint|p2b: Garchomp
|move|p2a: Charizard|Heat Wave|p1a: Sylveon|[spread] p1a
|-miss|p2a: Charizard|p1b: Whimsicott
|-damage|p1a: Sylveon|51/100
|
|-weather|SunnyDay|[upkeep]
|upkeep
|turn|5
|
|t:|1783723465
|move|p1b: Whimsicott|Moonblast|p2a: Charizard
|-resisted|p2a: Charizard|1
|-damage|p2a: Charizard|59/100
|move|p1a: Sylveon|Hyper Voice|p2a: Charizard
|-resisted|p2a: Charizard|1
|-damage|p2a: Charizard|29/100
|move|p2a: Charizard|Heat Wave|p1b: Whimsicott|[spread] p1a,p1b
|-supereffective|p1b: Whimsicott|1
|-damage|p1a: Sylveon|0 fnt
|-enditem|p1b: Whimsicott|Focus Sash
|-damage|p1b: Whimsicott|1/100
|faint|p1a: Sylveon
|
|-weather|none
|upkeep
|turn|6
|
|t:|1783723479
|move|p1b: Whimsicott|Moonblast|p2a: Charizard
|-resisted|p2a: Charizard|1
|-damage|p2a: Charizard|12/100
|move|p2a: Charizard|Weather Ball|p1b: Whimsicott
|-crit|p1b: Whimsicott
|-damage|p1b: Whimsicott|0 fnt
|faint|p1b: Whimsicott
|
|win|PM77Switch
||slubkid is ready for game 2.
