|j|☆NicoHax
|j|☆2playakyle
|html|NicoHax2playakyle    
|uhtml|bestof|Game 3 of a best-of-3
|t:|1756168349
|gametype|doubles
|player|p1|NicoHax|ethan|1223
|player|p2|2playakyle|iris-masters|1210
|gen|9
|tier|[Gen 9] VGC 2025 Reg H (Bo3)
|rated|
|rule|Species Clause: Limit one of each Pokémon
|rule|Item Clause: Limit 1 of each item
|clearpoke
|poke|p1|Sneasler, L50, M|
|poke|p1|Volcarona, L50, M|
|poke|p1|Baxcalibur, L50, F|
|poke|p1|Rillaboom, L50, M|
|poke|p1|Kingambit, L50, M|
|poke|p1|Dondozo, L50, F|
|poke|p2|Dragonite, L50, M|
|poke|p2|Gholdengo, L50|
|poke|p2|Volcarona, L50, F|
|poke|p2|Ursaluna-Bloodmoon, L50, M|
|poke|p2|Sinistcha, L50|
|poke|p2|Sneasler, L50, M|
|teampreview|4
|showteam|p1|Sneasler||FocusSash|Unburden|Protect,CloseCombat,DireClaw,Coaching|||M|||50|,,,,,Stellar]Volcarona||CovertCloak|FlameBody|QuiverDance,HeatWave,TeraBlast,Protect|||M|||50|,,,,,Fairy]Baxcalibur||LoadedDice|ThermalExchange|Protect,IceShard,ScaleShot,IcicleSpear|||F|||50|,,,,,Ghost]Rillaboom||AssaultVest|GrassySurge|WoodHammer,GrassyGlide,HighHorsepower,FakeOut|||M|||50|,,,,,Water]Kingambit||SafetyGoggles|Defiant|KowtowCleave,SuckerPunch,SwordsDance,Protect|||M|||50|,,,,,Ghost]Dondozo||Leftovers|Unaware|Protect,Yawn,Liquidation,Fissure|||F|||50|,,,,,Poison
|showteam|p2|Dragonite||LoadedDice|Multiscale|ScaleShot,ExtremeSpeed,Haze,Protect|||M|||50|,,,,,Normal]Gholdengo||LifeOrb|GoodasGold|MakeItRain,ShadowBall,Protect,NastyPlot||||||50|,,,,,Water]Volcarona||SitrusBerry|FlameBody|HeatWave,StruggleBug,Tailwind,WillOWisp|||F|||50|,,,,,Water]Ursaluna-Bloodmoon||AssaultVest|MindsEye|BloodMoon,EarthPower,HyperVoice,VacuumWave|||M|||50|,,,,,Ghost]Sinistcha||RockyHelmet|Hospitality|MatchaGotcha,RagePowder,TrickRoom,LifeDew||||||50|,,,,,Fairy]Sneasler||WhiteHerb|Unburden|CloseCombat,DireClaw,ThroatChop,FakeOut|||M|||50|,,,,,Dark
|
|t:|1756168400
|teamsize|p1|4
|teamsize|p2|4
|start
|switch|p1a: Laertes|Sneasler, L50, M|100/100
|switch|p1b: Velosa|Volcarona, L50, M|100/100
|switch|p2a: Gholdengo|Gholdengo, L50, shiny|100/100
|switch|p2b: Dragonite|Dragonite, L50, M|100/100
|turn|1
|
|t:|1756168422
|switch|p1b: Kaisen|Kingambit, L50, M|100/100
|move|p2b: Dragonite|Protect|p2b: Dragonite
|-singleturn|p2b: Dragonite|Protect
|move|p1a: Laertes|Coaching|p1b: Kaisen
|-boost|p1b: Kaisen|atk|1
|-boost|p1b: Kaisen|def|1
|move|p2a: Gholdengo|Shadow Ball|p1b: Kaisen
|-resisted|p1b: Kaisen
|-damage|p1b: Kaisen|73/100
|-damage|p2a: Gholdengo|91/100|[from] item: Life Orb
|
|upkeep
|turn|2
|
|t:|1756168438
|switch|p2a: Sneasler|Sneasler, L50, M|100/100
|move|p1a: Laertes|Dire Claw|p2b: Dragonite
|-damage|p2b: Dragonite|78/100
|move|p2b: Dragonite|Scale Shot|p1a: Laertes|[miss]
|-miss|p2b: Dragonite|p1a: Laertes
|move|p1b: Kaisen|Kowtow Cleave|p2a: Sneasler
|-resisted|p2a: Sneasler
|-damage|p2a: Sneasler|33/100
|
|upkeep
|turn|3
|
|t:|1756168468
|move|p1a: Laertes|Protect|p1a: Laertes
|-singleturn|p1a: Laertes|Protect
|move|p1b: Kaisen|Protect|p1b: Kaisen
|-singleturn|p1b: Kaisen|Protect
|move|p2a: Sneasler|Fake Out|p1a: Laertes
|-activate|p1a: Laertes|move: Protect
|move|p2b: Dragonite|Scale Shot|p1a: Laertes
|-activate|p1a: Laertes|move: Protect
|
|upkeep
|turn|4
|
|t:|1756168493
|move|p1b: Kaisen|Sucker Punch|p2a: Sneasler
|-resisted|p2a: Sneasler
|-damage|p2a: Sneasler|0 fnt
|faint|p2a: Sneasler
|move|p1a: Laertes|Dire Claw|p2b: Dragonite
|-damage|p2b: Dragonite|36/100
|move|p2b: Dragonite|Scale Shot|p1a: Laertes
|-damage|p1a: Laertes|80/100
|-damage|p1a: Laertes|57/100
|-crit|p1a: Laertes
|-damage|p1a: Laertes|21/100
|-damage|p1a: Laertes|0 fnt
|faint|p1a: Laertes
|-hitcount|p1: Laertes|4
|-unboost|p2b: Dragonite|def|1
|-boost|p2b: Dragonite|spe|1
|
|upkeep
|
|t:|1756168515
|switch|p1a: Siddartha|Baxcalibur, L50, F|100/100
|switch|p2a: Ursaluna|Ursaluna-Bloodmoon, L50, M|100/100
|turn|5
|
|t:|1756168550
|-terastallize|p1a: Siddartha|Ghost
|move|p2b: Dragonite|Protect|p2b: Dragonite
|-singleturn|p2b: Dragonite|Protect
|move|p1b: Kaisen|Sucker Punch||[still]
|-fail|p1b: Kaisen
|move|p1a: Siddartha|Icicle Spear|p2a: Ursaluna
|-supereffective|p2a: Ursaluna
|-damage|p2a: Ursaluna|80/100
|-supereffective|p2a: Ursaluna
|-damage|p2a: Ursaluna|56/100
|-supereffective|p2a: Ursaluna
|-damage|p2a: Ursaluna|33/100
|-supereffective|p2a: Ursaluna
|-damage|p2a: Ursaluna|10/100
|-hitcount|p2a: Ursaluna|4
|move|p2a: Ursaluna|Blood Moon|p1a: Siddartha
|-damage|p1a: Siddartha|24/100
|
|upkeep
|turn|6
|
|t:|1756168573
|switch|p2a: Gholdengo|Gholdengo, L50, shiny|91/100
|move|p1a: Siddartha|Ice Shard|p2a: Gholdengo
|-resisted|p2a: Gholdengo
|-damage|p2a: Gholdengo|77/100
|move|p2b: Dragonite|Scale Shot|p1a: Siddartha
|-damage|p1a: Siddartha|10/100
|-crit|p1a: Siddartha
|-damage|p1a: Siddartha|0 fnt
|faint|p1a: Siddartha
|-hitcount|p1: Siddartha|2
|-unboost|p2b: Dragonite|def|1
|-boost|p2b: Dragonite|spe|1
|move|p1b: Kaisen|Kowtow Cleave|p2b: Dragonite
|-damage|p2b: Dragonite|0 fnt
|faint|p2b: Dragonite
|
|upkeep
|
|t:|1756168588
|switch|p1a: Velosa|Volcarona, L50, M|100/100
|switch|p2b: Ursaluna|Ursaluna-Bloodmoon, L50, M|10/100
|turn|7
|
|t:|1756168607
|-terastallize|p2a: Gholdengo|Water
|move|p1b: Kaisen|Protect|p1b: Kaisen
|-singleturn|p1b: Kaisen|Protect
|move|p2b: Ursaluna|Vacuum Wave|p1b: Kaisen
|-activate|p1b: Kaisen|move: Protect
|move|p2a: Gholdengo|Nasty Plot|p2a: Gholdengo
|-boost|p2a: Gholdengo|spa|2
|move|p1a: Velosa|Heat Wave|p2a: Gholdengo|[spread] p2a,p2b
|-resisted|p2a: Gholdengo
|-crit|p2b: Ursaluna
|-damage|p2a: Gholdengo|54/100
|-damage|p2b: Ursaluna|0 fnt
|faint|p2b: Ursaluna
|
|upkeep
|turn|8
|
|t:|1756168621
|move|p1b: Kaisen|Sucker Punch|p2a: Gholdengo
|-damage|p2a: Gholdengo|0 fnt
|faint|p2a: Gholdengo
|
|win|NicoHax
|raw|NicoHax's rating: 1223 → 1247(+24 for winning)
|raw|2playakyle's rating: 1210 → 1186(-24 for losing)
|l|☆2playakyle
|player|p2|
