|j|☆Rojo53
|j|☆pablittoo
|html|Rojo53pablittoo    
|uhtml|bestof|Game 1 of a best-of-3
|t:|1782765406
|gametype|doubles
|player|p1|Rojo53|266|
|player|p2|pablittoo|101|
|gen|9
|tier|[Gen 9 Champions] VGC 2026 Reg M-B (Bo3)
|rule|Species Clause: Limit one of each Pokémon
|rule|Item Clause: Limit 1 of each item
|clearpoke
|poke|p1|Meganium, L50, M|
|poke|p1|Kingambit, L50, M|
|poke|p1|Sneasler, L50, M|
|poke|p1|Hydreigon, L50, M|
|poke|p1|Delphox, L50, M|
|poke|p1|Farigiraf, L50, M|
|poke|p2|Incineroar, L50, M|
|poke|p2|Sneasler, L50, M|
|poke|p2|Kingambit, L50, M|
|poke|p2|Gengar, L50, M|
|poke|p2|Sinistcha, L50|
|poke|p2|Floette-Eternal, L50, F|
|teampreview|4
|showteam|p1|Meganium||Meganiumite|Overgrow|WeatherBall,DazzlingGleam,SolarBeam,Protect|Modest||M|||50|]Kingambit||BlackGlasses|Defiant|KowtowCleave,SuckerPunch,IronHead,Protect|Adamant||M|||50|]Sneasler||FocusSash|Unburden|CloseCombat,DireClaw,FakeOut,Protect|Adamant||M|||50|]Hydreigon||DragonFang|Levitate|DracoMeteor,Snarl,Tailwind,Protect|Timid||M|||50|]Delphox||Delphoxite|Blaze|HeatWave,Psychic,DazzlingGleam,Protect|Timid||M|||50|]Farigiraf||SitrusBerry|ArmorTail|TwinBeam,HyperVoice,Protect,TrickRoom|Relaxed||M|||50|
|showteam|p2|Incineroar||PasshoBerry|Intimidate|Protect,FlareBlitz,FakeOut,PartingShot|Relaxed||M|||50|]Sneasler||WhiteHerb|Unburden|DireClaw,FakeOut,CloseCombat,Protect|Jolly||M|||50|]Kingambit||BlackGlasses|Defiant|KowtowCleave,SwordsDance,SuckerPunch,Protect|Adamant||M|||50|]Gengar||Gengarite|CursedBody|ShadowBall,PerishSong,Protect,Disable|Modest||M|||50|]Sinistcha||SitrusBerry|Hospitality|StrengthSap,RagePowder,MatchaGotcha,Protect|Bold|||||50|]Floette-Eternal||Floettite|FlowerVeil|Protect,CalmMind,Moonblast,DazzlingGleam|Modest||F|||50|
|c|☆Rojo53|gl hf
|c|☆pablittoo|GL!
|
|t:|1782765447
|teamsize|p1|4
|teamsize|p2|4
|start
|switch|p1a: Kingambit|Kingambit, L50, M|100/100
|switch|p1b: Delphox|Delphox, L50, M|100/100
|switch|p2a: Sneasler|Sneasler, L50, M|100/100
|switch|p2b: Gengar|Gengar, L50, M|100/100
|turn|1
|
|t:|1782765490
|switch|p2a: Kingambit|Kingambit, L50, M|100/100
|switch|p1a: Farigiraf|Farigiraf, L50, M|100/100
|detailschange|p1b: Delphox|Delphox-Mega, L50, M
|-mega|p1b: Delphox|Delphox|Delphoxite
|detailschange|p2b: Gengar|Gengar-Mega, L50, M
|-mega|p2b: Gengar|Gengar|Gengarite
|move|p2b: Gengar|Protect|p2b: Gengar
|-singleturn|p2b: Gengar|Protect
|move|p1b: Delphox|Psychic|p2b: Gengar
|-activate|p2b: Gengar|move: Protect
|
|upkeep
|turn|2
|
|t:|1782765523
|move|p1b: Delphox|Heat Wave|p2b: Gengar|[spread] p2a,p2b
|-supereffective|p2a: Kingambit|1
|-damage|p2a: Kingambit|8/100
|-damage|p2b: Gengar|51/100
|move|p2b: Gengar|Perish Song|p2b: Gengar
|-start|p1a: Farigiraf|perish3|[silent]
|-start|p1b: Delphox|perish3|[silent]
|-start|p2a: Kingambit|perish3|[silent]
|-start|p2b: Gengar|perish3|[silent]
|-fieldactivate|move: Perish Song
|move|p2a: Kingambit|Kowtow Cleave|p1b: Delphox
|-supereffective|p1b: Delphox|1
|-damage|p1b: Delphox|0 fnt
|faint|p1b: Delphox
|move|p1a: Farigiraf|Twin Beam|p2b: Gengar
|-supereffective|p2b: Gengar|1
|-damage|p2b: Gengar|11/100
|-supereffective|p2b: Gengar|1
|-damage|p2b: Gengar|0 fnt
|faint|p2b: Gengar
|-hitcount|p2: Gengar|2
|
|-start|p2a: Kingambit|perish3
|-start|p1a: Farigiraf|perish3
|upkeep
|
|t:|1782765541
|switch|p1b: Sneasler|Sneasler, L50, M|100/100
|switch|p2b: Sneasler|Sneasler, L50, M|100/100
|turn|3
|
|t:|1782765571
|switch|p2b: Incineroar|Incineroar, L50, M|100/100
|-ability|p2b: Incineroar|Intimidate|boost
|-unboost|p1a: Farigiraf|atk|1
|-unboost|p1b: Sneasler|atk|1
|move|p2a: Kingambit|Protect|p2a: Kingambit
|-singleturn|p2a: Kingambit|Protect
|move|p1b: Sneasler|Close Combat|p2a: Kingambit
|-activate|p2a: Kingambit|move: Protect
|move|p1a: Farigiraf|Twin Beam|p2b: Incineroar
|-immune|p2b: Incineroar
|
|-start|p2a: Kingambit|perish2
|-start|p1a: Farigiraf|perish2
|upkeep
|turn|4
|
|t:|1782765598
|move|p2a: Kingambit|Sucker Punch||[still]
|cant|p1a: Farigiraf|ability: Armor Tail|Sucker Punch|[of] p2a: Kingambit
|move|p1b: Sneasler|Close Combat|p2a: Kingambit
|-supereffective|p2a: Kingambit|2
|-damage|p2a: Kingambit|0 fnt
|-unboost|p1b: Sneasler|def|1
|-unboost|p1b: Sneasler|spd|1
|faint|p2a: Kingambit
|move|p2b: Incineroar|Flare Blitz|p1a: Farigiraf
|-damage|p1a: Farigiraf|63/100
|-damage|p2b: Incineroar|86/100|[from] Recoil
|move|p1a: Farigiraf|Twin Beam|p2b: Incineroar
|-immune|p2b: Incineroar
|
|-start|p1a: Farigiraf|perish1
|upkeep
|
|t:|1782765601
|switch|p2a: Sneasler|Sneasler, L50, M|100/100
|turn|5
|
|t:|1782765624
|switch|p1a: Kingambit|Kingambit, L50, M|100/100
|move|p2a: Sneasler|Protect|p2a: Sneasler
|-singleturn|p2a: Sneasler|Protect
|move|p2b: Incineroar|Protect|p2b: Incineroar
|-singleturn|p2b: Incineroar|Protect
|move|p1b: Sneasler|Close Combat|p2b: Incineroar
|-activate|p2b: Incineroar|move: Protect
|
|upkeep
|turn|6
|
|t:|1782765644
|move|p1a: Kingambit|Sucker Punch|p2b: Incineroar
|-resisted|p2b: Incineroar|1
|-damage|p2b: Incineroar|69/100
|move|p2a: Sneasler|Close Combat|p1a: Kingambit
|-supereffective|p1a: Kingambit|2
|-damage|p1a: Kingambit|0 fnt
|-unboost|p2a: Sneasler|def|1
|-unboost|p2a: Sneasler|spd|1
|faint|p1a: Kingambit
|-enditem|p2a: Sneasler|White Herb
|-clearnegativeboost|p2a: Sneasler|[silent]
|move|p1b: Sneasler|Close Combat|p2b: Incineroar
|-supereffective|p2b: Incineroar|1
|-damage|p2b: Incineroar|0 fnt
|-unboost|p1b: Sneasler|def|1
|-unboost|p1b: Sneasler|spd|1
|faint|p2b: Incineroar
|
|upkeep
|
|t:|1782765650
|switch|p1a: Farigiraf|Farigiraf, L50, M|63/100
|turn|7
|
|t:|1782765656
|move|p2a: Sneasler|Close Combat|p1a: Farigiraf
|-damage|p1a: Farigiraf|12/100
|-unboost|p2a: Sneasler|def|1
|-unboost|p2a: Sneasler|spd|1
|-enditem|p1a: Farigiraf|Sitrus Berry|[eat]
|-heal|p1a: Farigiraf|37/100|[from] item: Sitrus Berry
|move|p1b: Sneasler|Dire Claw|p2a: Sneasler
|-resisted|p2a: Sneasler|1
|-damage|p2a: Sneasler|61/100
|-status|p2a: Sneasler|slp
|move|p1a: Farigiraf|Twin Beam|p2a: Sneasler
|-supereffective|p2a: Sneasler|2
|-damage|p2a: Sneasler|0 fnt
|faint|p2a: Sneasler
|-hitcount|p2: Sneasler|1
|
|win|Rojo53
||Rojo53 is ready for game 2.
||pablittoo is ready for game 2.
|uhtml|next|Next: Game 2 of 3
|l|☆pablittoo
|player|p2|
