|j|ŌśåCecho8
|j|Ōśåcalciumnyl
|html|Cecho8calciumnyl    
|uhtml|bestof|Game 1 of a best-of-3
|t:|1757676838
|gametype|doubles
|player|p1|Cecho8|shadowtriad|1395
|player|p2|calciumnyl|erika-gen1rb|1364
|gen|9
|tier|[Gen 9] VGC 2025 Reg H (Bo3)
|rated|
|rule|Species Clause: Limit one of each Pok├®mon
|rule|Item Clause: Limit 1 of each item
|clearpoke
|poke|p1|Archaludon, L50, F|
|poke|p1|Pelipper, L50, F|
|poke|p1|Basculegion, L50, M|
|poke|p1|Incineroar, L50, M|
|poke|p1|Indeedee-F, L50, F|
|poke|p1|Ursaluna, L50, F|
|poke|p2|Kommo-o, L50, F|
|poke|p2|Electabuzz, L50, F|
|poke|p2|Incineroar, L50, M|
|poke|p2|Rillaboom, L50, F|
|poke|p2|Basculegion, L50, M|
|poke|p2|Sneasler, L50, F|
|teampreview|4
|showteam|p1|Archaludon||AssaultVest|Stamina|DragonPulse,ElectroShot,BodyPress,Snarl|||F|||50|,,,,,Bug]Pelipper||FocusSash|Drizzle|WeatherBall,Hurricane,Tailwind,Protect|||F|||50|,,,,,Ghost]Basculegion||ChoiceBand|SwiftSwim|AquaJet,WaveCrash,LastRespects,FlipTurn|||M|||50|,,,,,Water]Incineroar||SafetyGoggles|Intimidate|FakeOut,KnockOff,FlareBlitz,PartingShot|||M|||50|,,,,,Ghost]Indeedee-F||PsychicSeed|PsychicSurge|FollowMe,Imprison,TrickRoom,Psychic|||F|||50|,,,,,Fairy]Ursaluna||FlameOrb|Guts|HeadlongRush,Earthquake,Facade,Protect|||F|||50|,,,,,Ghost
|showteam|p2|Kommo-o||ThroatSpray|Soundproof|ClangorousSoul,ClangingScales,Flamethrower,Protect|||F|||50|,,,,,Fire]Electabuzz||Eviolite|VitalSpirit|FollowMe,Electroweb,Taunt,Protect|||F|||50|,,,,,Ghost]Incineroar||SafetyGoggles|Intimidate|FakeOut,Uturn,FlareBlitz,KnockOff|||M|||50|,,,,,Ghost]Rillaboom||AssaultVest|GrassySurge|FakeOut,WoodHammer,GrassyGlide,Uturn|||F|||50|,,,,,Fire]Basculegion||ChoiceScarf|Adaptability|WaveCrash,FlipTurn,LastRespects,AquaJet|||M|||50|,,,,,Water]Sneasler||FocusSash|Unburden|DireClaw,CloseCombat,ThroatChop,Protect|||F|||50|,,,,,Stellar
|inactive|Battle timer is ON: inactive players will automatically lose when time's up. (requested by calciumnyl)
|
|t:|1757676861
|teamsize|p1|4
|teamsize|p2|4
|start
|switch|p1a: Pelipper|Pelipper, L50, F|100/100
|switch|p1b: Archaludon|Archaludon, L50, F|100/100
|switch|p2a: random nickname 1|Electabuzz, L50, F|100/100
|switch|p2b: noise pollution|Kommo-o, L50, F|100/100
|-weather|RainDance|[from] ability: Drizzle|[of] p1a: Pelipper
|turn|1
|
|t:|1757676879
|switch|p1b: Ursaluna|Ursaluna, L50, F|100/100
|move|p2a: random nickname 1|Follow Me|p2a: random nickname 1
|-singleturn|p2a: random nickname 1|move: Follow Me
|move|p1a: Pelipper|Tailwind|p1a: Pelipper
|-sidestart|p1: Cecho8|move: Tailwind
|move|p2b: noise pollution|Clangorous Soul|p2b: noise pollution
|-boost|p2b: noise pollution|atk|1
|-boost|p2b: noise pollution|def|1
|-boost|p2b: noise pollution|spa|1
|-boost|p2b: noise pollution|spd|1
|-boost|p2b: noise pollution|spe|1
|-damage|p2b: noise pollution|68/100
|-enditem|p2b: noise pollution|Throat Spray
|-boost|p2b: noise pollution|spa|1|[from] item: Throat Spray
|
|-weather|RainDance|[upkeep]
|-status|p1b: Ursaluna|brn|[from] item: Flame Orb
|upkeep
|turn|2
|
|t:|1757676901
|switch|p2a: ŌĆÄ|Rillaboom, L50, F|100/100
|-fieldstart|move: Grassy Terrain|[from] ability: Grassy Surge|[of] p2a: ŌĆÄ
|move|p1a: Pelipper|Protect|p1a: Pelipper
|-singleturn|p1a: Pelipper|Protect
|move|p1b: Ursaluna|Earthquake|p2b: noise pollution|[spread] p2a,p2b
|-activate|p1a: Pelipper|move: Protect
|-resisted|p2a: ŌĆÄ
|-damage|p2a: ŌĆÄ|84/100
|-damage|p2b: noise pollution|49/100
|move|p2b: noise pollution|Clanging Scales|p1a: Pelipper|[spread] p1b
|-activate|p1a: Pelipper|move: Protect
|-damage|p1b: Ursaluna|22/100 brn
|-unboost|p2b: noise pollution|def|1
|
|-weather|RainDance|[upkeep]
|-heal|p1b: Ursaluna|28/100 brn|[from] Grassy Terrain
|-heal|p2b: noise pollution|55/100|[from] Grassy Terrain
|-heal|p2a: ŌĆÄ|89/100|[from] Grassy Terrain
|-damage|p1b: Ursaluna|22/100 brn|[from] brn
|upkeep
|turn|3
|inactive|calciumnyl has 30 seconds left.
|
|t:|1757676931
|move|p2a: ŌĆÄ|Fake Out|p1a: Pelipper
|-damage|p1a: Pelipper|82/100
|cant|p1a: Pelipper|flinch
|move|p1b: Ursaluna|Facade|p2a: ŌĆÄ
|-damage|p2a: ŌĆÄ|0 fnt
|faint|p2a: ŌĆÄ
|move|p2b: noise pollution|Clanging Scales|p1b: Ursaluna|[spread] p1a,p1b
|-damage|p1a: Pelipper|0 fnt
|-damage|p1b: Ursaluna|0 fnt
|faint|p1a: Pelipper
|faint|p1b: Ursaluna
|-unboost|p2b: noise pollution|def|1
|
|-weather|RainDance|[upkeep]
|-heal|p2b: noise pollution|61/100|[from] Grassy Terrain
|upkeep
|
|t:|1757676949
|switch|p1a: Basculegion|Basculegion, L50, M|100/100
|switch|p2a: random nickname 1|Electabuzz, L50, F|100/100
|switch|p1b: Archaludon|Archaludon, L50, F|100/100
|turn|4
|
|t:|1757676960
|move|p2a: random nickname 1|Follow Me|p2a: random nickname 1
|-singleturn|p2a: random nickname 1|move: Follow Me
|move|p1a: Basculegion|Last Respects|p2a: random nickname 1
|-damage|p2a: random nickname 1|12/100
|move|p1b: Archaludon|Electro Shot||[still]
|-prepare|p1b: Archaludon|Electro Shot
|-boost|p1b: Archaludon|spa|1
|-anim|p1b: Archaludon|Electro Shot|p2a: random nickname 1
|-resisted|p2a: random nickname 1
|-damage|p2a: random nickname 1|0 fnt
|faint|p2a: random nickname 1
|move|p2b: noise pollution|Clanging Scales|p1b: Archaludon|[spread] p1a,p1b
|-damage|p1a: Basculegion|13/100
|-damage|p1b: Archaludon|41/100
|-ability|p1b: Archaludon|Stamina|boost
|-boost|p1b: Archaludon|def|1
|-unboost|p2b: noise pollution|def|1
|
|-weather|RainDance|[upkeep]
|-heal|p1a: Basculegion|19/100|[from] Grassy Terrain
|-heal|p1b: Archaludon|47/100|[from] Grassy Terrain
|-heal|p2b: noise pollution|67/100|[from] Grassy Terrain
|-sideend|p1: Cecho8|move: Tailwind
|upkeep
|
|t:|1757676968
|switch|p2a: gn|Sneasler, L50, F|100/100
|turn|5
|
|t:|1757676978
|-terastallize|p1b: Archaludon|Bug
|move|p2b: noise pollution|Protect|p2b: noise pollution
|-singleturn|p2b: noise pollution|Protect
|move|p1a: Basculegion|Last Respects|p2b: noise pollution
|-activate|p2b: noise pollution|move: Protect
|move|p2a: gn|Throat Chop|p1a: Basculegion
|-supereffective|p1a: Basculegion
|-damage|p1a: Basculegion|0 fnt
|faint|p1a: Basculegion
|move|p1b: Archaludon|Electro Shot||[still]
|-prepare|p1b: Archaludon|Electro Shot
|-boost|p1b: Archaludon|spa|1
|-anim|p1b: Archaludon|Electro Shot|p2a: gn
|-enditem|p2a: gn|Focus Sash
|-damage|p2a: gn|1/100
|
|-weather|none
|-heal|p2a: gn|7/100|[from] Grassy Terrain
|-heal|p2b: noise pollution|73/100|[from] Grassy Terrain
|-heal|p1b: Archaludon|53/100|[from] Grassy Terrain
|upkeep
|turn|6
|
|t:|1757676991
|-terastallize|p2b: noise pollution|Fire
|move|p2a: gn|Dire Claw|p1b: Archaludon
|-damage|p1b: Archaludon|33/100
|-status|p1b: Archaludon|slp
|-ability|p1b: Archaludon|Stamina|boost
|-boost|p1b: Archaludon|def|1
|move|p2b: noise pollution|Flamethrower|p1b: Archaludon
|-supereffective|p1b: Archaludon
|-damage|p1b: Archaludon|0 fnt
|faint|p1b: Archaludon
|
|win|calciumnyl
|l|Ōśåcalciumnyl
|player|p2|
||calciumnyl is ready for game 2.
||Cecho8 is ready for game 2.
|uhtml|next|Next: Game 2 of 3
