|j|☆aqoursfan1
|j|☆mertering
|html|aqoursfan1mertering    
|uhtml|bestof|Game 3 of a best-of-3
|t:|1786164950
|gametype|doubles
|player|p1|aqoursfan1|anabel-gen7|1409
|player|p2|mertering|steven|1318
|gen|9
|tier|[Gen 9 Champions] VGC 2026 Reg M-B (Bo3)
|rated|
|rule|Species Clause: Limit one of each Pokémon
|rule|Item Clause: Limit 1 of each item
|clearpoke
|poke|p1|Raichu, L50, F|
|poke|p1|Aerodactyl, L50, M|
|poke|p1|Kingambit, L50, M|
|poke|p1|Basculegion, L50, M|
|poke|p1|Sylveon, L50, F|
|poke|p1|Sneasler, L50, F|
|poke|p2|Delphox, L50, M|
|poke|p2|Whimsicott, L50, M|
|poke|p2|Basculegion, L50, M|
|poke|p2|Staraptor, L50, F|
|poke|p2|Garchomp, L50, F|
|poke|p2|Kingambit, L50, M|
|teampreview|4
|showteam|p1|Raichu||RaichuniteY|LightningRod|ZapCannon,FocusBlast,FakeOut,Protect|Timid||F|||50|]Aerodactyl||Aerodactylite|Unnerve|RockSlide,DualWingbeat,IceFang,Tailwind|Jolly||M|||50|]Kingambit||LifeOrb|Defiant|KowtowCleave,SuckerPunch,SwordsDance,Protect|Adamant||M|||50|]Basculegion||MysticWater|Adaptability|WaveCrash,LastRespects,AquaJet,Protect|Adamant||M|||50|]Sylveon||FairyFeather|Pixilate|HyperVoice,HyperBeam,QuickAttack,Detect|Modest||F|||50|]Sneasler||FocusSash|Unburden|DireClaw,CloseCombat,FakeOut,Protect|Jolly||F|||50|
|showteam|p2|Delphox||Delphoxite|Blaze|HeatWave,Psychic,Encore,Protect|Modest||M|||50|]Whimsicott||OccaBerry|Prankster|Moonblast,FakeTears,Tailwind,Charm|Bold||M|||50|]Basculegion||FocusSash|Adaptability|Liquidation,LastRespects,AquaJet,Protect|Adamant||M|||50|]Staraptor||Staraptite|Intimidate|CloseCombat,BraveBird,Roost,Protect|Adamant||F|||50|]Garchomp||LifeOrb|RoughSkin|Earthquake,RockSlide,DragonClaw,Protect|Jolly||F|||50|]Kingambit||ChopleBerry|Defiant|KowtowCleave,SuckerPunch,IronHead,LowKick|Adamant||M|||50|
|inactive|Battle timer is ON: inactive players will automatically lose when time's up. (requested by mertering)
|inactive|aqoursfan1 also wants the timer to be on.
|
|t:|1786164967
|teamsize|p1|4
|teamsize|p2|4
|start
|switch|p1a: Sylveon|Sylveon, L50, F|100/100
|switch|p1b: Aerodactyl|Aerodactyl, L50, M|100/100
|switch|p2a: Whimsicott|Whimsicott, L50, M|100/100
|switch|p2b: Staraptor|Staraptor, L50, F|100/100
|-ability|p1b: Aerodactyl|Unnerve
|-ability|p2b: Staraptor|Intimidate|boost
|-unboost|p1a: Sylveon|atk|1
|-unboost|p1b: Aerodactyl|atk|1
|turn|1
|
|t:|1786164992
|detailschange|p2b: Staraptor|Staraptor-Mega, L50, F
|-mega|p2b: Staraptor|Staraptor|Staraptite
|move|p2b: Staraptor|Protect|p2b: Staraptor
|-singleturn|p2b: Staraptor|Protect
|move|p2a: Whimsicott|Tailwind|p2a: Whimsicott
|-sidestart|p2: mertering|move: Tailwind
|move|p1b: Aerodactyl|Tailwind|p1b: Aerodactyl
|-sidestart|p1: aqoursfan1|move: Tailwind
|move|p1a: Sylveon|Hyper Voice|p2a: Whimsicott|[spread] p2a
|-activate|p2b: Staraptor|move: Protect
|-damage|p2a: Whimsicott|52/100
|
|upkeep
|turn|2
|inactive|mertering has 30 seconds left.
|inactive|mertering has 20 seconds left.
|inactive|mertering has 15 seconds left.
|inactive|mertering has 10 seconds left.
|
|t:|1786165040
|switch|p1b: Raichu|Raichu, L50, F|100/100
|move|p1a: Sylveon|Detect|p1a: Sylveon
|-singleturn|p1a: Sylveon|Protect
|move|p2a: Whimsicott|Charm|p2b: Staraptor
|-boost|p2b: Staraptor|atk|2
|move|p2b: Staraptor|Brave Bird|p1a: Sylveon
|-activate|p1a: Sylveon|move: Protect
|
|upkeep
|turn|3
|
|t:|1786165056
|detailschange|p1b: Raichu|Raichu-Mega-Y, L50, F
|-mega|p1b: Raichu|Raichu|Raichunite Y
|move|p2a: Whimsicott|Fake Tears|p2b: Staraptor
|-boost|p2b: Staraptor|spd|2
|move|p1b: Raichu|Zap Cannon|p2b: Staraptor
|-supereffective|p2b: Staraptor|1
|-damage|p2b: Staraptor|35/100
|-status|p2b: Staraptor|par
|move|p1a: Sylveon|Hyper Voice|p2a: Whimsicott|[spread] p2a,p2b
|-supereffective|p2b: Staraptor|1
|-damage|p2a: Whimsicott|4/100
|-damage|p2b: Staraptor|0 fnt
|faint|p2b: Staraptor
|
|upkeep
|
|t:|1786165078
|switch|p2b: Basculegion|Basculegion, L50, M|100/100
|turn|4
|
|t:|1786165103
|switch|p2a: Kingambit|Kingambit, L50, M|100/100
|move|p1b: Raichu|Zap Cannon|p2b: Basculegion
|-supereffective|p2b: Basculegion|1
|-crit|p2b: Basculegion
|-enditem|p2b: Basculegion|Focus Sash
|-damage|p2b: Basculegion|1/100
|-status|p2b: Basculegion|par
|move|p1a: Sylveon|Hyper Voice|p2a: Kingambit|[spread] p2a,p2b
|-damage|p2a: Kingambit|67/100
|-damage|p2b: Basculegion|0 fnt
|faint|p2b: Basculegion
|
|-sideend|p1: aqoursfan1|move: Tailwind
|-sideend|p2: mertering|move: Tailwind
|upkeep
|inactive|mertering has 30 seconds left.
|inactive|mertering has 20 seconds left.
|
|t:|1786165138
|switch|p2b: Whimsicott|Whimsicott, L50, M|4/100
|turn|5
|
|t:|1786165161
|move|p2b: Whimsicott|Tailwind|p2b: Whimsicott
|-sidestart|p2: mertering|move: Tailwind
|move|p1a: Sylveon|Quick Attack|p2b: Whimsicott
|-damage|p2b: Whimsicott|0 fnt
|faint|p2b: Whimsicott
|move|p1b: Raichu|Focus Blast|p2a: Kingambit
|-supereffective|p2a: Kingambit|2
|-crit|p2a: Kingambit
|-enditem|p2a: Kingambit|Chople Berry|[eat]
|-enditem|p2a: Kingambit|Chople Berry|[weaken]
|-damage|p2a: Kingambit|0 fnt
|faint|p2a: Kingambit
|
|win|aqoursfan1
|raw|aqoursfan1's rating: 1409 → 1424(+15 for winning)
|raw|mertering's rating: 1318 → 1303(-15 for losing)
|l|☆aqoursfan1
|player|p1|
