|j|☆BeatrizPinzon64
|j|☆VGCsoul
|html|BeatrizPinzon64VGCsoul    
|uhtml|bestof|Game 3 of a best-of-3
|t:|1782430533
|gametype|doubles
|player|p1|BeatrizPinzon64|clerkf|1098
|player|p2|VGCsoul|101|1000
|gen|9
|tier|[Gen 9 Champions] VGC 2026 Reg M-B (Bo3)
|rated|
|rule|Species Clause: Limit one of each Pokémon
|rule|Item Clause: Limit 1 of each item
|clearpoke
|poke|p1|Metagross, L50|
|poke|p1|Floette-Eternal, L50, F|
|poke|p1|Whimsicott, L50, M|
|poke|p1|Garchomp, L50, F|
|poke|p1|Kingambit, L50, F|
|poke|p1|Sneasler, L50, F|
|poke|p2|Farigiraf, L50, M|
|poke|p2|Torkoal, L50, M|
|poke|p2|Vileplume, L50, M|
|poke|p2|Clefable, L50, M|
|poke|p2|Kingambit, L50, M|
|poke|p2|Tyrantrum, L50, M|
|teampreview|4
|showteam|p1|Metagross||Metagrossite|ClearBody|IcePunch,IronHead,PsychicFangs,Protect|Jolly|||||50|]Floette-Eternal||Floettite|FlowerVeil|LightofRuin,Moonblast,DazzlingGleam,Protect|Timid||F|||50|]Whimsicott||FocusSash|Prankster|Moonblast,Tailwind,EnergyBall,Encore|Timid||M|||50|]Garchomp||LifeOrb|RoughSkin|DragonClaw,RockTomb,StompingTantrum,Protect|Jolly||F|||50|]Kingambit||ChopleBerry|Defiant|SuckerPunch,KowtowCleave,IronHead,Protect|Adamant||F|||50|]Sneasler||WhiteHerb|Unburden|CloseCombat,DireClaw,FakeOut,Protect|Jolly||F|||50|
|showteam|p2|Farigiraf||SitrusBerry|ArmorTail|TwinBeam,HyperVoice,TrickRoom,HelpingHand|Quiet||M|||50|]Torkoal||Charcoal|Drought|Eruption,HeatWave,SolarBeam,WeatherBall|Modest||M|||50|]Vileplume||FocusSash|EffectSpore|AfterYou,SleepPowder,SolarBeam,PollenPuff|Modest||M|||50|]Clefable||Clefablite|CuteCharm|FollowMe,DazzlingGleam,Thunderbolt,Encore|Relaxed||M|||50|]Kingambit||ChopleBerry|SupremeOverlord|IronHead,KowtowCleave,SuckerPunch,Protect|Adamant||M|||50|]Tyrantrum||ExpertBelt|StrongJaw|Crunch,RockSlide,DragonClaw,IceFang|Adamant||M|||50|
|
|t:|1782430629
|teamsize|p1|4
|teamsize|p2|4
|start
|switch|p1a: Sneasler|Sneasler, L50, F|100/100
|switch|p1b: Kingambit|Kingambit, L50, F|100/100
|switch|p2a: Torkoal|Torkoal, L50, M|100/100
|switch|p2b: Farigiraf|Farigiraf, L50, M|100/100
|-weather|SunnyDay|[from] ability: Drought|[of] p2a: Torkoal
|turn|1
|
|t:|1782430694
|switch|p2b: Vileplume|Vileplume, L50, M|100/100
|move|p1a: Sneasler|Close Combat|p2a: Torkoal
|-damage|p2a: Torkoal|54/100
|-unboost|p1a: Sneasler|def|1
|-unboost|p1a: Sneasler|spd|1
|-enditem|p1a: Sneasler|White Herb
|-clearnegativeboost|p1a: Sneasler|[silent]
|move|p1b: Kingambit|Kowtow Cleave|p2a: Torkoal
|-damage|p2a: Torkoal|14/100
|move|p2a: Torkoal|Eruption|p1b: Kingambit|[spread] p1a,p1b
|-supereffective|p1b: Kingambit|1
|-damage|p1a: Sneasler|83/100
|-damage|p1b: Kingambit|76/100
|
|-weather|SunnyDay|[upkeep]
|upkeep
|turn|2
|
|t:|1782430729
|switch|p2a: Farigiraf|Farigiraf, L50, M|100/100
|move|p1a: Sneasler|Dire Claw|p2a: Farigiraf
|-damage|p2a: Farigiraf|57/100
|move|p1b: Kingambit|Kowtow Cleave|p2b: Vileplume
|-damage|p2b: Vileplume|45/100
|move|p2b: Vileplume|Sleep Powder|p1a: Sneasler
|-status|p1a: Sneasler|slp|[from] move: Sleep Powder
|
|-weather|SunnyDay|[upkeep]
|upkeep
|turn|3
|
|t:|1782430748
|cant|p1a: Sneasler|slp
|move|p1b: Kingambit|Kowtow Cleave|p2a: Farigiraf
|-supereffective|p2a: Farigiraf|1
|-damage|p2a: Farigiraf|0 fnt
|faint|p2a: Farigiraf
|move|p2b: Vileplume|Sleep Powder|p1b: Kingambit
|-status|p1b: Kingambit|slp|[from] move: Sleep Powder
|
|-weather|SunnyDay|[upkeep]
|upkeep
|
|t:|1782430757
|switch|p2a: Torkoal|Torkoal, L50, M|14/100
|turn|4
|
|t:|1782430773
|cant|p1a: Sneasler|slp
|move|p2b: Vileplume|After You|p2a: Torkoal
|-activate|p2a: Torkoal|move: After You
|move|p2a: Torkoal|Eruption|p1a: Sneasler|[spread] p1a,p1b
|-supereffective|p1b: Kingambit|1
|-damage|p1a: Sneasler|66/100 slp
|-damage|p1b: Kingambit|50/100g slp
|cant|p1b: Kingambit|slp
|
|-weather|SunnyDay|[upkeep]
|upkeep
|turn|5
|
|t:|1782430786
|-curestatus|p1a: Sneasler|slp|[msg]
|move|p1a: Sneasler|Dire Claw|p2a: Torkoal
|-damage|p2a: Torkoal|0 fnt
|faint|p2a: Torkoal
|move|p2b: Vileplume|Solar Beam||[still]
|-prepare|p2b: Vileplume|Solar Beam
|-anim|p2b: Vileplume|Solar Beam|p1b: Kingambit
|-resisted|p1b: Kingambit|1
|-damage|p1b: Kingambit|20/100y slp
|-curestatus|p1b: Kingambit|slp|[msg]
|move|p1b: Kingambit|Kowtow Cleave|p2b: Vileplume
|-damage|p2b: Vileplume|0 fnt
|faint|p2b: Vileplume
|
|-weather|none
|upkeep
|
|t:|1782430802
|switch|p2a: Tyrantrum|Tyrantrum, L50, M|100/100
|turn|6
|
|t:|1782430809
|move|p1b: Kingambit|Sucker Punch|p2a: Tyrantrum
|-damage|p2a: Tyrantrum|64/100
|move|p1a: Sneasler|Close Combat|p2a: Tyrantrum
|-supereffective|p2a: Tyrantrum|1
|-damage|p2a: Tyrantrum|0 fnt
|-unboost|p1a: Sneasler|def|1
|-unboost|p1a: Sneasler|spd|1
|faint|p2a: Tyrantrum
|
|win|BeatrizPinzon64
|raw|BeatrizPinzon64's rating: 1098 → 1116(+18 for winning)
|raw|VGCsoul's rating: 1000 → 1000(+0 for losing)
|l|☆VGCsoul
|player|p2|
