|j|â˜†Kinyachta
|j|â˜†fergalhopper
|html|Kinyachtafergalhopper    
|uhtml|bestof|Game 3 of a best-of-3
|t:|1784818434
|gametype|doubles
|player|p1|Kinyachta|2|1166
|player|p2|fergalhopper|101|1082
|gen|9
|tier|[Gen 9 Champions] VGC 2026 Reg M-B (Bo3)
|rated|
|rule|Species Clause: Limit one of each PokÃ©mon
|rule|Item Clause: Limit 1 of each item
|clearpoke
|poke|p1|Tyranitar, L50, F|
|poke|p1|Sneasler, L50, M|
|poke|p1|Gardevoir, L50, F|
|poke|p1|Garchomp, L50, F|
|poke|p1|Whimsicott, L50, F|
|poke|p1|Sinistcha-Masterpiece, L50|
|poke|p2|Blaziken, L50, M|
|poke|p2|Whimsicott, L50, F|
|poke|p2|Maushold-Four, L50|
|poke|p2|Gholdengo, L50|
|poke|p2|Tsareena, L50, F|
|poke|p2|Annihilape, L50, F|
|teampreview|4
|showteam|p1|Tyranitar||Tyranitarite|SandStream|Protect,DragonDance,RockSlide,KnockOff|Jolly||F|||50|]Sneasler||WhiteHerb|Unburden|CloseCombat,Protect,DireClaw,Coaching|Adamant||M|||50|]Gardevoir||Gardevoirite|Trace|HyperVoice,CalmMind,Protect,Psyshock|Modest||F|||50|]Garchomp||LifeOrb|RoughSkin|RockSlide,Earthquake,DragonClaw,Protect|Adamant||F|||50|]Whimsicott||FocusSash|Prankster|Protect,Tailwind,Encore,Moonblast|Calm||F|||50|]Sinistcha-Masterpiece||ColburBerry|Hospitality|StrengthSap,RagePowder,MatchaGotcha,TrickRoom|Bold|||||50|
|showteam|p2|Blaziken||Blazikenite|SpeedBoost|FlareBlitz,CloseCombat,RockSlide,Protect|Adamant||M|||50|]Whimsicott||FocusSash|Prankster|Moonblast,Tailwind,Charm,Protect|Timid||F|||50|]Maushold-Four||WideLens|Technician|Protect,PopulationBomb,FollowMe,Feint|Adamant|||||50|]Gholdengo||LifeOrb|GoodasGold|MakeItRain,ShadowBall,NastyPlot,Protect|Modest|||||50|]Tsareena||LightClay|QueenlyMajesty|TropKick,LightScreen,Reflect,Taunt|Careful||F|||50|]Annihilape||SitrusBerry|Defiant|PhantomForce,CloseCombat,RockTomb,Protect|Adamant||F|||50|
|inactive|Battle timer is ON: inactive players will automatically lose when time's up. (requested by Kinyachta)
|
|t:|1784818461
|teamsize|p1|4
|teamsize|p2|4
|start
|switch|p1a: Sneasler|Sneasler, L50, M|100/100
|switch|p1b: Garchomp|Garchomp, L50, F|100/100
|switch|p2a: Whimsicott|Whimsicott, L50, F|100/100
|switch|p2b: Tsareena|Tsareena, L50, F|100/100
|turn|1
|
|t:|1784818475
|move|p2a: Whimsicott|Tailwind|p2a: Whimsicott
|-sidestart|p2: fergalhopper|move: Tailwind
|move|p2b: Tsareena|Trop Kick|p1b: Garchomp
|-damage|p1b: Garchomp|70/100
|-unboost|p1b: Garchomp|atk|1
|-damage|p2b: Tsareena|87/100|[from] ability: Rough Skin|[of] p1b: Garchomp
|move|p1a: Sneasler|Dire Claw|p2a: Whimsicott
|-supereffective|p2a: Whimsicott|2
|-enditem|p2a: Whimsicott|Focus Sash
|-damage|p2a: Whimsicott|1/100
|-status|p2a: Whimsicott|par
|move|p1b: Garchomp|Rock Slide|p2b: Tsareena|[spread] p2b
|-miss|p1b: Garchomp|p2a: Whimsicott
|-damage|p2b: Tsareena|67/100
|-damage|p1b: Garchomp|60/100|[from] item: Life Orb
|
|upkeep
|turn|2
|c|â˜†Kinyachta|damn
|inactive|Kinyachta has 30 seconds left.
|inactive|fergalhopper has 30 seconds left.
|c|â˜†Kinyachta|u wanted me to take that ko
|inactive|Kinyachta has 20 seconds left.
|
|t:|1784818512
|switch|p1b: Tyranitar|Tyranitar, L50, F|100/100
|-weather|Sandstorm|[from] ability: Sand Stream|[of] p1b: Tyranitar
|move|p2b: Tsareena|Reflect|p2b: Tsareena
|-sidestart|p2: fergalhopper|Reflect
|move|p1a: Sneasler|Dire Claw|p2b: Tsareena
|-supereffective|p2b: Tsareena|1
|-damage|p2b: Tsareena|2/100
|-status|p2b: Tsareena|psn
|move|p2a: Whimsicott|Moonblast|p1b: Tyranitar
|-supereffective|p1b: Tyranitar|1
|-damage|p1b: Tyranitar|55/100
|
|-weather|Sandstorm|[upkeep]
|-damage|p2b: Tsareena|0 fnt|[from] Sandstorm
|-damage|p1a: Sneasler|94/100|[from] Sandstorm
|-damage|p2a: Whimsicott|0 fnt|[from] Sandstorm
|faint|p2b: Tsareena
|faint|p2a: Whimsicott
|upkeep
|c|â˜†fergalhopper|Yep
|
|t:|1784818531
|switch|p2a: Blaziken|Blaziken, L50, M|100/100
|switch|p2b: Gholdengo|Gholdengo, L50|100/100
|turn|3
|inactive|fergalhopper has 30 seconds left.
|
|t:|1784818565
|detailschange|p2a: Blaziken|Blaziken-Mega, L50, M
|-mega|p2a: Blaziken|Blaziken|Blazikenite
|detailschange|p1b: Tyranitar|Tyranitar-Mega, L50, F
|-mega|p1b: Tyranitar|Tyranitar|Tyranitarite
|move|p1a: Sneasler|Protect|p1a: Sneasler
|-singleturn|p1a: Sneasler|Protect
|move|p2a: Blaziken|Flare Blitz|p1a: Sneasler
|-activate|p1a: Sneasler|move: Protect
|move|p2b: Gholdengo|Nasty Plot|p2b: Gholdengo
|-boost|p2b: Gholdengo|spa|2
|move|p1b: Tyranitar|Rock Slide|p2b: Gholdengo|[spread] p2a,p2b
|-resisted|p2b: Gholdengo|1
|-damage|p2a: Blaziken|72/100
|-damage|p2b: Gholdengo|90/100
|
|-weather|Sandstorm|[upkeep]
|-damage|p2a: Blaziken|67/100|[from] Sandstorm
|-damage|p1a: Sneasler|88/100|[from] Sandstorm
|-ability|p2a: Blaziken|Speed Boost|boost
|-boost|p2a: Blaziken|spe|1
|upkeep
|turn|4
|c|â˜†fergalhopper|nice read
|inactive|Kinyachta has 30 seconds left.
|inactive|fergalhopper has 30 seconds left.
|c|â˜†Kinyachta|it wont help me currently tho
|inactive|Kinyachta has 20 seconds left.
|
|t:|1784818604
|move|p2a: Blaziken|Flare Blitz|p1a: Sneasler
|-damage|p1a: Sneasler|0 fnt
|faint|p1a: Sneasler
|-damage|p2a: Blaziken|38/100|[from] Recoil
|move|p2b: Gholdengo|Make It Rain|p1b: Tyranitar
|-supereffective|p1b: Tyranitar|1
|-damage|p1b: Tyranitar|0 fnt
|-unboost|p2b: Gholdengo|spa|2
|faint|p1b: Tyranitar
|-damage|p2b: Gholdengo|80/100|[from] item: Life Orb
|
|-weather|Sandstorm|[upkeep]
|-damage|p2a: Blaziken|33/100|[from] Sandstorm
|-sideend|p2: fergalhopper|move: Tailwind
|-ability|p2a: Blaziken|Speed Boost|boost
|-boost|p2a: Blaziken|spe|1
|upkeep
|
|t:|1784818618
|switch|p1a: Garchomp|Garchomp, L50, F|60/100
|switch|p1b: Sinistcha|Sinistcha-Masterpiece, L50|100/100
|-heal|p1a: Garchomp|85/100|[from] ability: Hospitality|[of] p1b: Sinistcha
|turn|5
|
|t:|1784818637
|move|p2a: Blaziken|Protect|p2a: Blaziken
|-singleturn|p2a: Blaziken|Protect
|move|p1b: Sinistcha|Rage Powder|p1b: Sinistcha
|-singleturn|p1b: Sinistcha|move: Rage Powder
|move|p1a: Garchomp|Earthquake|p2a: Blaziken|[spread] p1b,p2b
|-activate|p2a: Blaziken|move: Protect
|-resisted|p1b: Sinistcha|1
|-supereffective|p2b: Gholdengo|1
|-damage|p1b: Sinistcha|80/100
|-damage|p2b: Gholdengo|19/100
|-damage|p1a: Garchomp|75/100|[from] item: Life Orb
|move|p2b: Gholdengo|Shadow Ball|p1b: Sinistcha
|-supereffective|p1b: Sinistcha|1
|-damage|p1b: Sinistcha|0 fnt
|faint|p1b: Sinistcha
|-damage|p2b: Gholdengo|10/100|[from] item: Life Orb
|
|-weather|Sandstorm|[upkeep]
|-damage|p2a: Blaziken|27/100|[from] Sandstorm
|-ability|p2a: Blaziken|Speed Boost|boost
|-boost|p2a: Blaziken|spe|1
|upkeep
|turn|6
|c|â˜†Kinyachta|ggs
|c|â˜†Kinyachta|u need flinch
|
|t:|1784818660
|move|p2a: Blaziken|Close Combat|p1a: Garchomp
|-damage|p1a: Garchomp|6/100
|-unboost|p2a: Blaziken|def|1
|-unboost|p2a: Blaziken|spd|1
|-damage|p2a: Blaziken|15/100|[from] ability: Rough Skin|[of] p1a: Garchomp
|move|p1a: Garchomp|Earthquake|p2a: Blaziken|[spread] p2a,p2b
|-supereffective|p2a: Blaziken|1
|-supereffective|p2b: Gholdengo|1
|-damage|p2a: Blaziken|0 fnt
|-damage|p2b: Gholdengo|0 fnt
|faint|p2a: Blaziken
|faint|p2b: Gholdengo
|-damage|p1a: Garchomp|0 fnt|[from] item: Life Orb
|faint|p1a: Garchomp
|
|win|Kinyachta
|raw|Kinyachta's rating: 1166 → 1185(+19 for winning)
|raw|fergalhopper's rating: 1082 → 1065(-17 for losing)
|c|â˜†fergalhopper|Well played
|c|â˜†fergalhopper|gg
|c|â˜†Kinyachta|u too
