|j|☆nyakugan
|j|☆exessvgc
|html|nyakuganexessvgc    
|uhtml|bestof|Game 2 of a best-of-3
|t:|1784755106
|gametype|doubles
|player|p1|nyakugan|2|
|player|p2|exessvgc|266|
|gen|9
|tier|[Gen 9 Champions] VGC 2026 Reg M-B (Bo3)
|rule|Species Clause: Limit one of each Pokémon
|rule|Item Clause: Limit 1 of each item
|clearpoke
|poke|p1|Annihilape, L50, M|
|poke|p1|Maushold, L50|
|poke|p1|Glimmora, L50, F|
|poke|p1|Ninetales-Alola, L50, F|
|poke|p1|Primarina, L50, M|
|poke|p1|Kingambit, L50, F|
|poke|p2|Farigiraf, L50, M|
|poke|p2|Aerodactyl, L50, M|
|poke|p2|Sylveon, L50, M|
|poke|p2|Kingambit, L50, M|
|poke|p2|Garchomp, L50, M|
|poke|p2|Charizard, L50, F|
|teampreview|4
|showteam|p1|Annihilape||Leftovers|Defiant|RageFist,DrainPunch,BulkUp,Protect|Adamant||M|||50|]Maushold||ChopleBerry|FriendGuard|BeatUp,Feint,FollowMe,Protect|Bold|||||50|]Glimmora||Glimmoranite|ToxicDebris|SludgeBomb,PowerGem,EarthPower,SpikyShield|Timid||F|||50|]Ninetales-Alola||NeverMeltIce|SnowWarning|Blizzard,FreezeDry,AuroraVeil,Protect|Timid||F|||50|]Primarina||LifeOrb|LiquidVoice|Moonblast,HyperVoice,DazzlingGleam,Protect|Modest||M|||50|]Kingambit||FocusSash|Defiant|KowtowCleave,IronHead,SuckerPunch,Protect|Adamant||F|||50|
|showteam|p2|Farigiraf||SitrusBerry|ArmorTail|TrickRoom,TwinBeam,HelpingHand,Thunderbolt|Bold||M|||50|]Aerodactyl||Aerodactylite|Unnerve|RockSlide,Protect,Tailwind,Taunt|Jolly||M|||50|]Sylveon||FairyFeather|Pixilate|HyperVoice,HyperBeam,Protect,ShadowBall|Modest||M|||50|]Kingambit||FocusSash|Defiant|IronHead,SuckerPunch,LowKick,Protect|Adamant||M|||50|]Garchomp||LifeOrb|RoughSkin|DragonClaw,Earthquake,StompingTantrum,Protect|Adamant||M|||50|]Charizard||CharizarditeY|Blaze|WeatherBall,HeatWave,SolarBeam,Protect|Modest||F|||50|
|j| Shmon
|
|t:|1784755163
|teamsize|p1|4
|teamsize|p2|4
|start
|switch|p1a: Glimmora|Glimmora, L50, F|100/100
|switch|p1b: Ninetales|Ninetales-Alola, L50, F|100/100
|switch|p2a: DINOSAUVO|Aerodactyl, L50, M|100/100
|switch|p2b: Charizard|Charizard, L50, F|100/100
|-ability|p2a: DINOSAUVO|Unnerve
|-weather|Snowscape|[from] ability: Snow Warning|[of] p1b: Ninetales
|turn|1
|
|t:|1784755186
|detailschange|p1a: Glimmora|Glimmora-Mega, L50, F
|-mega|p1a: Glimmora|Glimmora|Glimmoranite
|detailschange|p2b: Charizard|Charizard-Mega-Y, L50, F
|-mega|p2b: Charizard|Charizard|Charizardite Y
|-weather|SunnyDay|[from] ability: Drought|[of] p2b: Charizard
|move|p1b: Ninetales|Protect|p1b: Ninetales
|-singleturn|p1b: Ninetales|Protect
|move|p2a: DINOSAUVO|Tailwind|p2a: DINOSAUVO
|-sidestart|p2: exessvgc|move: Tailwind
|move|p2b: Charizard|Heat Wave|p1a: Glimmora|[spread] p1a
|-activate|p1b: Ninetales|move: Protect
|-resisted|p1a: Glimmora|1
|-damage|p1a: Glimmora|66/100
|move|p1a: Glimmora|Power Gem|p2b: Charizard
|-supereffective|p2b: Charizard|2
|-damage|p2b: Charizard|0 fnt
|faint|p2b: Charizard
|
|-weather|SunnyDay|[upkeep]
|upkeep
|
|t:|1784755201
|switch|p2b: Garchomp|Garchomp, L50, M|100/100
|turn|2
|
|t:|1784755217
|switch|p1b: Maushold|Maushold, L50|100/100
|switch|p1a: Annihilape|Annihilape, L50, M|100/100
|move|p2a: DINOSAUVO|Rock Slide|p1a: Annihilape|[spread] p1b
|-miss|p2a: DINOSAUVO|p1a: Annihilape
|-damage|p1b: Maushold|73/100
|move|p2b: Garchomp|Earthquake|p1b: Maushold|[spread] p1a,p1b
|-immune|p2a: DINOSAUVO
|-crit|p1a: Annihilape
|-damage|p1a: Annihilape|44/100
|-damage|p1b: Maushold|19/100
|-damage|p2b: Garchomp|90/100|[from] item: Life Orb
|
|-weather|SunnyDay|[upkeep]
|-heal|p1a: Annihilape|50/100g|[from] item: Leftovers
|upkeep
|turn|3
|
|t:|1784755251
|move|p1b: Maushold|Protect|p1b: Maushold
|-singleturn|p1b: Maushold|Protect
|move|p1a: Annihilape|Protect|p1a: Annihilape
|-singleturn|p1a: Annihilape|Protect
|move|p2a: DINOSAUVO|Rock Slide|p1a: Annihilape|[spread] 
|-activate|p1a: Annihilape|move: Protect
|-activate|p1b: Maushold|move: Protect
|move|p2b: Garchomp|Stomping Tantrum|p1a: Annihilape
|-activate|p1a: Annihilape|move: Protect
|
|-weather|SunnyDay|[upkeep]
|-heal|p1a: Annihilape|57/100|[from] item: Leftovers
|upkeep
|turn|4
|
|t:|1784755287
|move|p1b: Maushold|Protect||[still]
|-fail|p1b: Maushold
|move|p2a: DINOSAUVO|Rock Slide|p1b: Maushold|[spread] p1a,p1b
|-resisted|p1a: Annihilape|1
|-damage|p1a: Annihilape|49/100
|-damage|p1b: Maushold|0 fnt
|faint|p1b: Maushold
|move|p2b: Garchomp|Stomping Tantrum|p1a: Annihilape
|-damage|p1a: Annihilape|0 fnt
|faint|p1a: Annihilape
|-damage|p2b: Garchomp|80/100|[from] item: Life Orb
|
|-weather|SunnyDay|[upkeep]
|-sideend|p2: exessvgc|move: Tailwind
|upkeep
|
|t:|1784755297
|switch|p1b: Glimmora|Glimmora-Mega, L50, F|66/100
|switch|p1a: Ninetales|Ninetales-Alola, L50, F|100/100
|-weather|Snowscape|[from] ability: Snow Warning|[of] p1a: Ninetales
|turn|5
|
|t:|1784755344
|move|p2b: Garchomp|Protect|p2b: Garchomp
|-singleturn|p2b: Garchomp|Protect
|move|p2a: DINOSAUVO|Tailwind|p2a: DINOSAUVO
|-sidestart|p2: exessvgc|move: Tailwind
|move|p1a: Ninetales|Blizzard|p2b: Garchomp|[spread] p2a
|-activate|p2b: Garchomp|move: Protect
|-supereffective|p2a: DINOSAUVO|1
|-damage|p2a: DINOSAUVO|8/100
|move|p1b: Glimmora|Power Gem|p2a: DINOSAUVO
|-supereffective|p2a: DINOSAUVO|1
|-damage|p2a: DINOSAUVO|0 fnt
|faint|p2a: DINOSAUVO
|
|-weather|Snowscape|[upkeep]
|upkeep
|
|t:|1784755354
|switch|p2a: Kingambit|Kingambit, L50, M|100/100
|turn|6
|
|t:|1784755391
|move|p1b: Glimmora|Spiky Shield|p1b: Glimmora
|-singleturn|p1b: Glimmora|move: Protect
|move|p2b: Garchomp|Stomping Tantrum|p1b: Glimmora
|-activate|p1b: Glimmora|move: Protect
|-damage|p2b: Garchomp|68/100|[from] Spiky Shield|[of] p1b: Glimmora
|move|p1a: Ninetales|Blizzard|p2b: Garchomp|[spread] p2a,p2b
|-resisted|p2a: Kingambit|1
|-supereffective|p2b: Garchomp|2
|-damage|p2a: Kingambit|81/100
|-damage|p2b: Garchomp|0 fnt
|faint|p2b: Garchomp
|move|p2a: Kingambit|Iron Head|p1a: Ninetales
|-supereffective|p1a: Ninetales|2
|-damage|p1a: Ninetales|0 fnt
|faint|p1a: Ninetales
|
|-weather|Snowscape|[upkeep]
|upkeep
|turn|7
|
|t:|1784755408
|move|p2a: Kingambit|Iron Head|p1b: Glimmora
|-supereffective|p1b: Glimmora|1
|-damage|p1b: Glimmora|0 fnt
|faint|p1b: Glimmora
|
|win|exessvgc
||exessvgc is ready for game 3.
||nyakugan is ready for game 3.
|uhtml|next|Next: Game 3 of 3
|l| Shmon
