|j|☆lilacq
|j|☆natsukivgc
|html|lilacqnatsukivgc    
|uhtml|bestof|Game 2 of a best-of-3
|t:|1785943462
|gametype|doubles
|player|p1|lilacq|shauntal|1184
|player|p2|natsukivgc|265|1192
|gen|9
|tier|[Gen 9 Champions] VGC 2026 Reg M-B (Bo3)
|rated|
|rule|Species Clause: Limit one of each Pokémon
|rule|Item Clause: Limit 1 of each item
|clearpoke
|poke|p1|Whimsicott, L50, F|
|poke|p1|Sinistcha, L50|
|poke|p1|Glimmora, L50, F|
|poke|p1|Staraptor, L50, F|
|poke|p1|Ceruledge, L50, F|
|poke|p1|Sneasler, L50, F|
|poke|p2|Hydreigon, L50, M|
|poke|p2|Garchomp, L50, M|
|poke|p2|Metagross, L50|
|poke|p2|Charizard, L50, M|
|poke|p2|Grimmsnarl, L50, M|
|poke|p2|Toxapex, L50, F|
|teampreview|4
|showteam|p1|Whimsicott||MentalHerb|Prankster|Tailwind,Charm,Encore,Moonblast|Bold||F|||50|]Sinistcha||SitrusBerry|Hospitality|RagePowder,LifeDew,MatchaGotcha,TrickRoom|Bold|||||50|]Glimmora||Glimmoranite|ToxicDebris|EarthPower,PowerGem,SpikyShield,SludgeBomb|Timid||F|||50|]Staraptor||Staraptite|Intimidate|CloseCombat,BraveBird,Roost,Protect|Adamant||F|||50|]Ceruledge||ColburBerry|FlashFire|BulkUp,BitterBlade,ShadowSneak,Poltergeist|Adamant||F|||50|]Sneasler||WhiteHerb|Unburden|FakeOut,DireClaw,CloseCombat,Coaching|Adamant||F|||50|
|showteam|p2|Hydreigon||ChoiceScarf|Levitate|HeatWave,DarkPulse,DracoMeteor,Snarl|Modest||M|||50|]Garchomp||SitrusBerry|RoughSkin|Earthquake,RockSlide,DragonClaw,Protect|Adamant||M|||50|]Metagross||Metagrossite|ClearBody|IronHead,HammerArm,BulletPunch,Protect|Adamant|||||50|]Charizard||CharizarditeY|Blaze|Protect,HeatWave,SolarBeam,WeatherBall|Timid||M|||50|]Grimmsnarl||RoseliBerry|Prankster|FakeOut,FoulPlay,Reflect,PartingShot|Sassy||M|||50|]Toxapex||Leftovers|Regenerator|Infestation,Toxic,BanefulBunker,WideGuard|Bold||F|||50|
|inactive|Battle timer is ON: inactive players will automatically lose when time's up. (requested by lilacq)
|inactive|natsukivgc has 60 seconds left.
|
|t:|1785943516
|teamsize|p1|4
|teamsize|p2|4
|start
|switch|p1a: Whimsicott|Whimsicott, L50, F|100/100
|switch|p1b: Glimmora|Glimmora, L50, F|100/100
|switch|p2a: Metagross|Metagross, L50|100/100
|switch|p2b: Grimmsnarl|Grimmsnarl, L50, M|100/100
|turn|1
|inactive|natsukivgc has 30 seconds left.
|inactive|natsukivgc has 20 seconds left.
|
|t:|1785943555
|detailschange|p2a: Metagross|Metagross-Mega, L50
|-mega|p2a: Metagross|Metagross|Metagrossite
|move|p2b: Grimmsnarl|Fake Out|p1a: Whimsicott
|-damage|p1a: Whimsicott|89/100
|cant|p1a: Whimsicott|flinch
|move|p1b: Glimmora|Sludge Bomb|p2b: Grimmsnarl
|-supereffective|p2b: Grimmsnarl|1
|-damage|p2b: Grimmsnarl|18/100
|-status|p2b: Grimmsnarl|psn
|move|p2a: Metagross|Iron Head|p1b: Glimmora
|-supereffective|p1b: Glimmora|1
|-damage|p1b: Glimmora|0 fnt
|-activate|p1b: Glimmora|ability: Toxic Debris
|-sidestart|p2: natsukivgc|move: Toxic Spikes
|faint|p1b: Glimmora
|
|-damage|p2b: Grimmsnarl|5/100 psn|[from] psn
|upkeep
|inactive|lilacq has 30 seconds left.
|inactive|lilacq has 20 seconds left.
|inactive|lilacq has 15 seconds left.
|
|t:|1785943600
|switch|p1b: Ceruledge|Ceruledge, L50, F|100/100
|turn|2
|inactive|natsukivgc has 30 seconds left.
|
|t:|1785943628
|move|p1a: Whimsicott|Charm|p2a: Metagross
|-unboost|p2a: Metagross|atk|2
|move|p2b: Grimmsnarl|Reflect|p2b: Grimmsnarl
|-sidestart|p2: natsukivgc|Reflect
|move|p2a: Metagross|Iron Head|p1b: Ceruledge
|-resisted|p1b: Ceruledge|1
|-damage|p1b: Ceruledge|80/100
|move|p1b: Ceruledge|Bulk Up|p1b: Ceruledge
|-boost|p1b: Ceruledge|atk|1
|-boost|p1b: Ceruledge|def|1
|
|-damage|p2b: Grimmsnarl|0 fnt|[from] psn
|faint|p2b: Grimmsnarl
|upkeep
|inactive|natsukivgc has 30 seconds left.
|
|t:|1785943654
|switch|p2b: Toxapex|Toxapex, L50, F|100/100
|-sideend|p2: natsukivgc|move: Toxic Spikes|[of] p2b: Toxapex
|turn|3
|inactive|lilacq has 30 seconds left.
|
|t:|1785943686
|switch|p2a: Garchomp|Garchomp, L50, M|100/100
|move|p1a: Whimsicott|Moonblast|p2b: Toxapex
|-resisted|p2b: Toxapex|1
|-damage|p2b: Toxapex|89/100
|move|p1b: Ceruledge|Poltergeist|p2b: Toxapex
|-activate|p2b: Toxapex|move: Poltergeist|Leftovers
|-crit|p2b: Toxapex
|-damage|p2b: Toxapex|0 fnt
|faint|p2b: Toxapex
|
|upkeep
|
|t:|1785943696
|switch|p2b: Metagross|Metagross-Mega, L50|100/100
|turn|4
|inactive|lilacq has 30 seconds left.
|inactive|natsukivgc has 30 seconds left.
|inactive|lilacq has 20 seconds left.
|inactive|lilacq has 15 seconds left.
|inactive|lilacq has 10 seconds left.
|inactive|lilacq has 5 seconds left.
|
|t:|1785943748
|move|p1a: Whimsicott|Charm|p2b: Metagross
|-unboost|p2b: Metagross|atk|2
|move|p2b: Metagross|Bullet Punch|p1a: Whimsicott
|-supereffective|p1a: Whimsicott|1
|-damage|p1a: Whimsicott|59/100
|move|p2a: Garchomp|Rock Slide|p1b: Ceruledge|[spread] p1a,p1b
|-supereffective|p1b: Ceruledge|1
|-damage|p1a: Whimsicott|44/100
|-damage|p1b: Ceruledge|51/100
|move|p1b: Ceruledge|Bulk Up|p1b: Ceruledge
|-boost|p1b: Ceruledge|atk|1
|-boost|p1b: Ceruledge|def|1
|
|upkeep
|turn|5
|
|t:|1785943765
|move|p1a: Whimsicott|Tailwind|p1a: Whimsicott
|-sidestart|p1: lilacq|move: Tailwind
|move|p2b: Metagross|Bullet Punch|p1a: Whimsicott
|-supereffective|p1a: Whimsicott|1
|-damage|p1a: Whimsicott|17/100
|move|p1b: Ceruledge|Bitter Blade|p2b: Metagross
|-supereffective|p2b: Metagross|1
|-damage|p2b: Metagross|9/100
|-heal|p1b: Ceruledge|97/100|[from] drain|[of] p2b: Metagross
|move|p2a: Garchomp|Rock Slide|p1b: Ceruledge|[spread] p1a,p1b
|-supereffective|p1b: Ceruledge|1
|-damage|p1a: Whimsicott|2/100
|-damage|p1b: Ceruledge|73/100
|
|upkeep
|turn|6
|
|t:|1785943781
|move|p1b: Ceruledge|Shadow Sneak|p2b: Metagross
|-supereffective|p2b: Metagross|1
|-damage|p2b: Metagross|0 fnt
|faint|p2b: Metagross
|move|p1a: Whimsicott|Moonblast|p2a: Garchomp
|-supereffective|p2a: Garchomp|1
|-damage|p2a: Garchomp|52/100
|move|p2a: Garchomp|Earthquake|p1b: Ceruledge|[spread] p1a,p1b
|-resisted|p1a: Whimsicott|1
|-supereffective|p1b: Ceruledge|1
|-damage|p1a: Whimsicott|0 fnt
|-damage|p1b: Ceruledge|26/100
|faint|p1a: Whimsicott
|
|-sideend|p2: natsukivgc|Reflect
|upkeep
|
|t:|1785943788
|switch|p1a: Staraptor|Staraptor, L50, F|100/100
|-ability|p1a: Staraptor|Intimidate|boost
|-unboost|p2a: Garchomp|atk|1
|turn|7
|
|t:|1785943801
|detailschange|p1a: Staraptor|Staraptor-Mega, L50, F
|-mega|p1a: Staraptor|Staraptor|Staraptite
|move|p2a: Garchomp|Protect|p2a: Garchomp
|-singleturn|p2a: Garchomp|Protect
|move|p1b: Ceruledge|Shadow Sneak|p2a: Garchomp
|-activate|p2a: Garchomp|move: Protect
|move|p1a: Staraptor|Close Combat|p2a: Garchomp
|-activate|p2a: Garchomp|move: Protect
|
|upkeep
|turn|8
|
|t:|1785943812
|move|p2a: Garchomp|Protect|p2a: Garchomp
|-singleturn|p2a: Garchomp|Protect
|move|p1b: Ceruledge|Shadow Sneak|p2a: Garchomp
|-activate|p2a: Garchomp|move: Protect
|move|p1a: Staraptor|Close Combat|p2a: Garchomp
|-activate|p2a: Garchomp|move: Protect
|
|-sideend|p1: lilacq|move: Tailwind
|upkeep
|turn|9
|
|t:|1785943823
|move|p1b: Ceruledge|Shadow Sneak|p2a: Garchomp
|-damage|p2a: Garchomp|15/100
|-damage|p1b: Ceruledge|14/100|[from] ability: Rough Skin|[of] p2a: Garchomp
|-enditem|p2a: Garchomp|Sitrus Berry|[eat]
|-heal|p2a: Garchomp|40/100|[from] item: Sitrus Berry
|move|p2a: Garchomp|Rock Slide|p1b: Ceruledge|[spread] p1a,p1b
|-supereffective|p1b: Ceruledge|1
|-damage|p1a: Staraptor|86/100
|-damage|p1b: Ceruledge|0 fnt
|faint|p1b: Ceruledge
|move|p1a: Staraptor|Close Combat|p2a: Garchomp
|-damage|p2a: Garchomp|0 fnt
|-boost|p1a: Staraptor|def|1
|-boost|p1a: Staraptor|spd|1
|-damage|p1a: Staraptor|74/100|[from] ability: Rough Skin|[of] p2a: Garchomp
|faint|p2a: Garchomp
|
|win|lilacq
|raw|lilacq's rating: 1184 → 1210(+26 for winning)
|raw|natsukivgc's rating: 1192 → 1166(-26 for losing)
