|j|☆unspecific
|j|☆KodeBeast0526
|html|unspecificKodeBeast0526    
|uhtml|bestof|Game 3 of a best-of-3
|t:|1784903838
|gametype|doubles
|player|p1|unspecific|169|1037
|player|p2|KodeBeast0526|hiker|1158
|gen|9
|tier|[Gen 9 Champions] VGC 2026 Reg M-B (Bo3)
|rated|
|rule|Species Clause: Limit one of each Pokémon
|rule|Item Clause: Limit 1 of each item
|clearpoke
|poke|p1|Farigiraf, L50, F|
|poke|p1|Torkoal, L50, M|
|poke|p1|Kingambit, L50, M|
|poke|p1|Incineroar, L50, F|
|poke|p1|Venusaur, L50, F|
|poke|p1|Conkeldurr, L50, F|
|poke|p2|Tyranitar, L50, M|
|poke|p2|Excadrill, L50, M|
|poke|p2|Milotic, L50, M|
|poke|p2|Sinistcha, L50|
|poke|p2|Staraptor, L50, F|
|poke|p2|Gholdengo, L50|
|teampreview|4
|showteam|p1|Farigiraf||MentalHerb|ArmorTail|TrickRoom,TwinBeam,Thunderbolt,Protect|Sassy||F|||50|]Torkoal||Charcoal|Drought|HeatWave,Eruption,EarthPower,Protect|Quiet||M|||50|]Kingambit||WhiteHerb|Defiant|SuckerPunch,KowtowCleave,IronHead,Protect|Brave||M|||50|]Incineroar||SitrusBerry|Intimidate|FakeOut,PartingShot,ThroatChop,FlareBlitz|Adamant||F|||50|]Venusaur||Venusaurite|Chlorophyll|SleepPowder,GigaDrain,SludgeBomb,EarthPower|Modest||F|||50|]Conkeldurr||BlackBelt|IronFist|MachPunch,DrainPunch,IcePunch,Protect|Brave||F|||50|
|showteam|p2|Tyranitar||Tyranitarite|SandStream|KnockOff,RockSlide,HighHorsepower,Protect|Jolly||M|||50|]Excadrill||FocusSash|SandRush|Earthquake,IronHead,RockSlide,Protect|Adamant||M|||50|]Milotic||SitrusBerry|Competitive|Scald,IcyWind,Haze,Protect|Calm||M|||50|]Sinistcha||ColburBerry|Hospitality|MatchaGotcha,ShadowBall,Protect,RagePowder|Bold|||||50|]Staraptor||Staraptite|Intimidate|CloseCombat,BraveBird,Tailwind,Protect|Jolly||F|||50|]Gholdengo||LifeOrb|GoodasGold|MakeItRain,ShadowBall,NastyPlot,Protect|Modest|||||50|
|inactive|Battle timer is ON: inactive players will automatically lose when time's up. (requested by KodeBeast0526)
|
|t:|1784903892
|teamsize|p1|4
|teamsize|p2|4
|start
|switch|p1a: Torkoal|Torkoal, L50, M|100/100
|switch|p1b: Farigiraf|Farigiraf, L50, F|100/100
|switch|p2a: Excadrill|Excadrill, L50, M|100/100
|switch|p2b: Tyranitar|Tyranitar, L50, M|100/100
|-weather|Sandstorm|[from] ability: Sand Stream|[of] p2b: Tyranitar
|-weather|SunnyDay|[from] ability: Drought|[of] p1a: Torkoal
|turn|1
|
|t:|1784903916
|switch|p1a: Conkeldurr|Conkeldurr, L50, F|100/100
|detailschange|p2b: Tyranitar|Tyranitar-Mega, L50, M
|-mega|p2b: Tyranitar|Tyranitar|Tyranitarite
|-weather|Sandstorm|[from] ability: Sand Stream|[of] p2b: Tyranitar
|move|p2a: Excadrill|Rock Slide|p1b: Farigiraf|[spread] p1b
|-miss|p2a: Excadrill|p1a: Conkeldurr
|-damage|p1b: Farigiraf|78/100
|move|p2b: Tyranitar|Rock Slide|p1b: Farigiraf|[spread] p1a,p1b
|-resisted|p1a: Conkeldurr|1
|-damage|p1a: Conkeldurr|85/100
|-damage|p1b: Farigiraf|42/100
|cant|p1b: Farigiraf|flinch
|
|-weather|Sandstorm|[upkeep]
|-damage|p1b: Farigiraf|36/100|[from] Sandstorm
|-damage|p1a: Conkeldurr|79/100|[from] Sandstorm
|upkeep
|turn|2
|inactive|unspecific has 30 seconds left.
|
|t:|1784903944
|switch|p1b: Torkoal|Torkoal, L50, M|100/100
|-weather|SunnyDay|[from] ability: Drought|[of] p1b: Torkoal
|move|p1a: Conkeldurr|Mach Punch|p2b: Tyranitar
|-supereffective|p2b: Tyranitar|2
|-damage|p2b: Tyranitar|0 fnt
|faint|p2b: Tyranitar
|move|p2a: Excadrill|Rock Slide|p1b: Torkoal|[spread] p1a,p1b
|-resisted|p1a: Conkeldurr|1
|-supereffective|p1b: Torkoal|1
|-damage|p1a: Conkeldurr|70/100
|-damage|p1b: Torkoal|68/100
|
|-weather|SunnyDay|[upkeep]
|upkeep
|
|t:|1784903953
|switch|p2b: Gholdengo|Gholdengo, L50|100/100
|turn|3
|inactive|unspecific has 30 seconds left.
|
|t:|1784903979
|move|p2b: Gholdengo|Protect|p2b: Gholdengo
|-singleturn|p2b: Gholdengo|Protect
|move|p2a: Excadrill|Earthquake|p1b: Torkoal|[spread] p1a,p1b
|-activate|p2b: Gholdengo|move: Protect
|-supereffective|p1b: Torkoal|1
|-damage|p1a: Conkeldurr|33/100
|-damage|p1b: Torkoal|0 fnt
|faint|p1b: Torkoal
|move|p1a: Conkeldurr|Drain Punch|p2a: Excadrill
|-supereffective|p2a: Excadrill|1
|-enditem|p2a: Excadrill|Focus Sash
|-damage|p2a: Excadrill|1/100
|-heal|p1a: Conkeldurr|76/100|[from] drain|[of] p2a: Excadrill
|
|-weather|SunnyDay|[upkeep]
|upkeep
|
|t:|1784903993
|switch|p1b: Venusaur|Venusaur, L50, F|100/100
|turn|4
|
|t:|1784904007
|move|p1a: Conkeldurr|Mach Punch|p2a: Excadrill
|-supereffective|p2a: Excadrill|1
|-damage|p2a: Excadrill|0 fnt
|faint|p2a: Excadrill
|move|p1b: Venusaur|Earth Power|p2b: Gholdengo
|-supereffective|p2b: Gholdengo|1
|-damage|p2b: Gholdengo|48/100
|-unboost|p2b: Gholdengo|spd|1
|move|p2b: Gholdengo|Nasty Plot|p2b: Gholdengo
|-boost|p2b: Gholdengo|spa|2
|
|-weather|SunnyDay|[upkeep]
|upkeep
|
|t:|1784904016
|switch|p2a: Sinistcha|Sinistcha, L50|100/100
|-heal|p2b: Gholdengo|73/100|[from] ability: Hospitality|[of] p2a: Sinistcha
|turn|5
|
|t:|1784904040
|move|p1b: Venusaur|Earth Power|p2b: Gholdengo
|-supereffective|p2b: Gholdengo|1
|-damage|p2b: Gholdengo|0 fnt
|faint|p2b: Gholdengo
|move|p2a: Sinistcha|Matcha Gotcha|p1a: Conkeldurr|[spread] p1b
|-miss|p2a: Sinistcha|p1a: Conkeldurr
|-resisted|p1b: Venusaur|2
|-damage|p1b: Venusaur|95/100
|move|p1a: Conkeldurr|Ice Punch|p2a: Sinistcha
|-supereffective|p2a: Sinistcha|1
|-damage|p2a: Sinistcha|44/100
|
|-weather|SunnyDay|[upkeep]
|upkeep
|turn|6
|
|t:|1784904060
|move|p1b: Venusaur|Sludge Bomb|p2a: Sinistcha
|-damage|p2a: Sinistcha|1/100
|-status|p2a: Sinistcha|psn
|move|p2a: Sinistcha|Matcha Gotcha|p1b: Venusaur|[spread] p1a,p1b
|-resisted|p1b: Venusaur|2
|-damage|p1a: Conkeldurr|48/100
|-heal|p2a: Sinistcha|18/100 psn|[from] drain|[of] p1a: Conkeldurr
|-damage|p1b: Venusaur|89/100
|-heal|p2a: Sinistcha|21/100 psn|[from] drain|[of] p1b: Venusaur
|move|p1a: Conkeldurr|Ice Punch|p2a: Sinistcha
|-supereffective|p2a: Sinistcha|1
|-damage|p2a: Sinistcha|0 fnt
|faint|p2a: Sinistcha
|
|win|unspecific
|raw|unspecific's rating: 1037 → 1083(+46 for winning)
|raw|KodeBeast0526's rating: 1158 → 1125(-33 for losing)
