|j|☆Yinobo
|j|☆Anazawa Nizimi
|html|YinoboAnazawa Nizimi    
|uhtml|bestof|Game 2 of a best-of-3
|t:|1785944499
|gametype|doubles
|player|p1|Yinobo|lucas|1238
|player|p2|Anazawa Nizimi|2|1321
|gen|9
|tier|[Gen 9 Champions] VGC 2026 Reg M-B (Bo3)
|rated|
|rule|Species Clause: Limit one of each Pokémon
|rule|Item Clause: Limit 1 of each item
|clearpoke
|poke|p1|Charizard, L50, M, shiny|
|poke|p1|Garchomp, L50, M, shiny|
|poke|p1|Sylveon, L50, M, shiny|
|poke|p1|Incineroar, L50, M, shiny|
|poke|p1|Toxapex, L50, F, shiny|
|poke|p1|Venusaur, L50, M, shiny|
|poke|p2|Floette-Eternal, L50, F|
|poke|p2|Kingambit, L50, M|
|poke|p2|Sneasler, L50, F|
|poke|p2|Garchomp, L50, M|
|poke|p2|Incineroar, L50, M|
|poke|p2|Sinistcha, L50|
|teampreview|4
|showteam|p1|Charizard||CharizarditeY|Blaze|Protect,WeatherBall,AncientPower,HeatWave|Modest||M|||50|]Garchomp||ChoiceScarf|RoughSkin|StompingTantrum,RockSlide,Earthquake,DragonClaw|Adamant||M|||50|]Sylveon||FairyFeather|Pixilate|Detect,Yawn,QuickAttack,HyperVoice|Modest||M|||50|]Incineroar||SitrusBerry|Intimidate|FlareBlitz,PartingShot,DarkestLariat,FakeOut|Impish||M|||50|]Toxapex||Leftovers|Regenerator|BanefulBunker,WideGuard,Toxic,Infestation|Bold||F|||50|]Venusaur||LifeOrb|Chlorophyll|Protect,EarthPower,SludgeBomb,LeafStorm|Modest||M|||50|
|showteam|p2|Floette-Eternal||Floettite|FlowerVeil|DrainingKiss,DazzlingGleam,CalmMind,Protect|Timid||F|||50|]Kingambit||ChopleBerry|Defiant|KowtowCleave,SuckerPunch,IronHead,Protect|Adamant||M|||50|]Sneasler||FocusSash|PoisonTouch|PoisonJab,CloseCombat,FakeOut,Coaching|Jolly||F|||50|]Garchomp||Garchompite|RoughSkin|RockSlide,DragonClaw,StompingTantrum,Protect|Jolly||M|||50|]Incineroar||Leftovers|Intimidate|FakeOut,FlareBlitz,HelpingHand,PartingShot|Sassy||M|||50|]Sinistcha||SitrusBerry|Hospitality|MatchaGotcha,RagePowder,TrickRoom,Protect|Bold|||||50|
|inactive|Battle timer is ON: inactive players will automatically lose when time's up. (requested by Yinobo)
|inactive|Yinobo has 60 seconds left.
|inactive|Anazawa Nizimi has 60 seconds left.
|inactive|Yinobo has 30 seconds left.
|inactive|Yinobo has 20 seconds left.
|inactive|Yinobo has 15 seconds left.
|
|t:|1785944577
|teamsize|p1|4
|teamsize|p2|4
|start
|switch|p1a: Toxapex|Toxapex, L50, F, shiny|100/100
|switch|p1b: Incineroar|Incineroar, L50, M, shiny|100/100
|switch|p2a: Garchomp|Garchomp, L50, M|100/100
|switch|p2b: Incineroar|Incineroar, L50, M|100/100
|-ability|p1b: Incineroar|Intimidate|boost
|-unboost|p2a: Garchomp|atk|1
|-unboost|p2b: Incineroar|atk|1
|-ability|p2b: Incineroar|Intimidate|boost
|-unboost|p1a: Toxapex|atk|1
|-unboost|p1b: Incineroar|atk|1
|turn|1
|inactive|Yinobo has 30 seconds left.
|inactive|Anazawa Nizimi has 30 seconds left.
|inactive|Anazawa Nizimi has 20 seconds left.
|inactive|Anazawa Nizimi has 15 seconds left.
|inactive|Yinobo has 20 seconds left.
|inactive|Anazawa Nizimi has 10 seconds left.
|inactive|Yinobo has 15 seconds left.
|inactive|Anazawa Nizimi has 5 seconds left.
|
|t:|1785944630
|switch|p2a: Sneasler|Sneasler, L50, F|100/100
|move|p1b: Incineroar|Fake Out|p2a: Sneasler
|-damage|p2a: Sneasler|87/100
|move|p2b: Incineroar|Parting Shot|p1b: Incineroar
|-unboost|p1b: Incineroar|atk|1
|-unboost|p1b: Incineroar|spa|1
|
|t:|1785944638
|switch|p2b: Garchomp|Garchomp, L50, M|100/100|[from] Parting Shot
|move|p1a: Toxapex|Toxic|p2b: Garchomp
|-status|p2b: Garchomp|tox
|
|-damage|p2b: Garchomp|93/100 tox|[from] psn
|upkeep
|turn|2
|inactive|Yinobo has 30 seconds left.
|inactive|Anazawa Nizimi has 30 seconds left.
|inactive|Yinobo has 20 seconds left.
|inactive|Anazawa Nizimi has 20 seconds left.
|inactive|Yinobo has 15 seconds left.
|inactive|Anazawa Nizimi has 15 seconds left.
|
|t:|1785944681
|move|p2b: Garchomp|Protect|p2b: Garchomp
|-singleturn|p2b: Garchomp|Protect
|move|p2a: Sneasler|Coaching|p2b: Garchomp
|-boost|p2b: Garchomp|atk|1
|-boost|p2b: Garchomp|def|1
|move|p1b: Incineroar|Parting Shot|p2a: Sneasler
|-unboost|p2a: Sneasler|atk|1
|-unboost|p2a: Sneasler|spa|1
|
|t:|1785944693
|switch|p1b: Charizard|Charizard, L50, M, shiny|100/100|[from] Parting Shot
|move|p1a: Toxapex|Infestation|p2b: Garchomp
|-activate|p2b: Garchomp|move: Protect
|
|-damage|p2b: Garchomp|81/100 tox|[from] psn
|upkeep
|turn|3
|inactive|Anazawa Nizimi has 30 seconds left.
|inactive|Anazawa Nizimi has 20 seconds left.
|
|t:|1785944731
|detailschange|p2b: Garchomp|Garchomp-Mega, L50, M
|-mega|p2b: Garchomp|Garchomp|Garchompite
|detailschange|p1b: Charizard|Charizard-Mega-Y, L50, M, shiny
|-mega|p1b: Charizard|Charizard|Charizardite Y
|-weather|SunnyDay|[from] ability: Drought|[of] p1b: Charizard
|move|p1a: Toxapex|Wide Guard|p1a: Toxapex
|-singleturn|p1a: Toxapex|Wide Guard
|move|p2a: Sneasler|Poison Jab|p1b: Charizard
|-crit|p1b: Charizard
|-damage|p1b: Charizard|34/100
|-status|p1b: Charizard|psn
|move|p2b: Garchomp|Dragon Claw|p1b: Charizard
|-damage|p1b: Charizard|0 fnt
|faint|p1b: Charizard
|
|-weather|SunnyDay|[upkeep]
|-damage|p2b: Garchomp|62/100 tox|[from] psn
|upkeep
|
|t:|1785944752
|switch|p1b: Incineroar|Incineroar, L50, M, shiny|100/100
|-ability|p1b: Incineroar|Intimidate|boost
|-unboost|p2a: Sneasler|atk|1
|-unboost|p2b: Garchomp|atk|1
|turn|4
|
|t:|1785944777
|switch|p2b: Incineroar|Incineroar, L50, M|100/100
|-ability|p2b: Incineroar|Intimidate|boost
|-unboost|p1a: Toxapex|atk|1
|-unboost|p1b: Incineroar|atk|1
|move|p2a: Sneasler|Close Combat|p1b: Incineroar
|-supereffective|p1b: Incineroar|1
|-damage|p1b: Incineroar|49/100
|-unboost|p2a: Sneasler|def|1
|-unboost|p2a: Sneasler|spd|1
|-enditem|p1b: Incineroar|Sitrus Berry|[eat]
|-heal|p1b: Incineroar|74/100|[from] item: Sitrus Berry
|move|p1b: Incineroar|Parting Shot|p2a: Sneasler
|-unboost|p2a: Sneasler|atk|1
|-unboost|p2a: Sneasler|spa|1
|
|t:|1785944793
|switch|p1b: Garchomp|Garchomp, L50, M, shiny|100/100|[from] Parting Shot
|move|p1a: Toxapex|Infestation|p2a: Sneasler
|-resisted|p2a: Sneasler|2
|-damage|p2a: Sneasler|86/100
|-activate|p2a: Sneasler|move: Infestation|[of] p1a: Toxapex
|
|-weather|SunnyDay|[upkeep]
|-damage|p2a: Sneasler|74/100|[from] move: Infestation|[partiallytrapped]
|upkeep
|turn|5
|inactive|Anazawa Nizimi has 30 seconds left.
|
|t:|1785944825
|move|p2b: Incineroar|Fake Out|p1b: Garchomp
|-damage|p1b: Garchomp|89/100
|-damage|p2b: Incineroar|87/100|[from] ability: Rough Skin|[of] p1b: Garchomp
|cant|p1b: Garchomp|flinch
|move|p2a: Sneasler|Poison Jab|p1b: Garchomp
|-resisted|p1b: Garchomp|1
|-damage|p1b: Garchomp|80/100
|-status|p1b: Garchomp|psn
|-damage|p2a: Sneasler|62/100|[from] ability: Rough Skin|[of] p1b: Garchomp
|move|p1a: Toxapex|Toxic|p2b: Incineroar
|-status|p2b: Incineroar|tox
|
|-weather|SunnyDay|[upkeep]
|-heal|p2b: Incineroar|93/100 tox|[from] item: Leftovers
|-damage|p1b: Garchomp|68/100 psn|[from] psn
|-damage|p2b: Incineroar|87/100 tox|[from] psn
|-damage|p2a: Sneasler|50/100g|[from] move: Infestation|[partiallytrapped]
|upkeep
|turn|6
|inactive|Yinobo has 30 seconds left.
|inactive|Anazawa Nizimi has 30 seconds left.
|inactive|Yinobo has 20 seconds left.
|inactive|Yinobo has 15 seconds left.
|inactive|Yinobo has 10 seconds left.
|
|t:|1785944874
|move|p1a: Toxapex|Wide Guard|p1a: Toxapex
|-singleturn|p1a: Toxapex|Wide Guard
|move|p1b: Garchomp|Earthquake|p2a: Sneasler|[spread] p2a,p2b
|-activate|p1a: Toxapex|move: Wide Guard
|-supereffective|p2a: Sneasler|1
|-supereffective|p2b: Incineroar|1
|-damage|p2a: Sneasler|0 fnt
|-damage|p2b: Incineroar|12/100 tox
|faint|p2a: Sneasler
|move|p2b: Incineroar|Parting Shot|p1b: Garchomp
|-unboost|p1b: Garchomp|atk|1
|-unboost|p1b: Garchomp|spa|1
|
|t:|1785944886
|switch|p2b: Kingambit|Kingambit, L50, M|100/100|[from] Parting Shot
|
|-weather|SunnyDay|[upkeep]
|-damage|p1b: Garchomp|56/100 psn|[from] psn
|upkeep
|
|t:|1785944892
|switch|p2a: Garchomp|Garchomp-Mega, L50, M|62/100 tox
|turn|7
|
|t:|1785944910
|move|p1a: Toxapex|Wide Guard|p1a: Toxapex
|-singleturn|p1a: Toxapex|Wide Guard
|move|p1b: Garchomp|Earthquake|p2b: Kingambit|[spread] p2a,p2b
|-activate|p1a: Toxapex|move: Wide Guard
|-supereffective|p2b: Kingambit|1
|-damage|p2a: Garchomp|37/100 tox
|-damage|p2b: Kingambit|58/100
|move|p2a: Garchomp|Stomping Tantrum|p1a: Toxapex
|-supereffective|p1a: Toxapex|1
|-damage|p1a: Toxapex|35/100
|move|p2b: Kingambit|Kowtow Cleave|p1a: Toxapex
|-damage|p1a: Toxapex|3/100
|
|-weather|none
|-heal|p1a: Toxapex|9/100|[from] item: Leftovers
|-damage|p1b: Garchomp|44/100 psn|[from] psn
|-damage|p2a: Garchomp|31/100 tox|[from] psn
|upkeep
|turn|8
|inactive|Yinobo has 30 seconds left.
|inactive|Anazawa Nizimi has 30 seconds left.
|inactive|Yinobo has 20 seconds left.
|inactive|Anazawa Nizimi has 20 seconds left.
|inactive|Yinobo has 15 seconds left.
|inactive|Anazawa Nizimi has 15 seconds left.
|inactive|Anazawa Nizimi has 10 seconds left.
|inactive|Anazawa Nizimi has 5 seconds left.
|inactive|Yinobo has 10 seconds left.
|inactive|Yinobo has 5 seconds left.
|
|t:|1785944971
|switch|p1b: Incineroar|Incineroar, L50, M, shiny|74/100
|-ability|p1b: Incineroar|Intimidate|boost
|-unboost|p2a: Garchomp|atk|1
|-unboost|p2b: Kingambit|atk|1
|-ability|p2b: Kingambit|Defiant|boost
|-boost|p2b: Kingambit|atk|2
|switch|p2a: Incineroar|Incineroar, L50, M|12/100 tox
|-ability|p2a: Incineroar|Intimidate|boost
|-unboost|p1a: Toxapex|atk|1
|-unboost|p1b: Incineroar|atk|1
|move|p2b: Kingambit|Kowtow Cleave|p1a: Toxapex
|-damage|p1a: Toxapex|0 fnt
|faint|p1a: Toxapex
|
|-heal|p2a: Incineroar|18/100 tox|[from] item: Leftovers
|-damage|p2a: Incineroar|12/100 tox|[from] psn
|upkeep
|
|t:|1785944989
|switch|p1a: Garchomp|Garchomp, L50, M, shiny|44/100 psn
|turn|9
|inactive|Anazawa Nizimi has 30 seconds left.
|
|t:|1785945021
|move|p2b: Kingambit|Protect|p2b: Kingambit
|-singleturn|p2b: Kingambit|Protect
|move|p1b: Incineroar|Fake Out|p2b: Kingambit
|-activate|p2b: Kingambit|move: Protect
|move|p2a: Incineroar|Fake Out|p1b: Incineroar
|-damage|p1b: Incineroar|66/100
|move|p1a: Garchomp|Dragon Claw|p2a: Incineroar
|-damage|p2a: Incineroar|0 fnt
|faint|p2a: Incineroar
|
|-damage|p1a: Garchomp|32/100 psn|[from] psn
|upkeep
|
|t:|1785945033
|switch|p2a: Garchomp|Garchomp-Mega, L50, M|31/100 tox
|turn|10
|inactive|Yinobo has 30 seconds left.
|inactive|Yinobo has 20 seconds left.
|inactive|Yinobo has 15 seconds left.
|inactive|Yinobo has 10 seconds left.
|
|t:|1785945081
|move|p2b: Kingambit|Sucker Punch|p1a: Garchomp
|-damage|p1a: Garchomp|0 fnt
|-damage|p2b: Kingambit|46/100|[from] ability: Rough Skin|[of] p1a: Garchomp
|faint|p1a: Garchomp
|move|p2a: Garchomp|Stomping Tantrum|p1b: Incineroar
|-supereffective|p1b: Incineroar|1
|-damage|p1b: Incineroar|1/100
|move|p1b: Incineroar|Darkest Lariat|p2a: Garchomp
|-damage|p2a: Garchomp|12/100 tox
|
|-damage|p2a: Garchomp|6/100 tox|[from] psn
|upkeep
|turn|11
|
|t:|1785945096
|move|p2b: Kingambit|Sucker Punch|p1b: Incineroar
|-resisted|p1b: Incineroar|1
|-damage|p1b: Incineroar|0 fnt
|faint|p1b: Incineroar
|
|win|Anazawa Nizimi
||Yinobo is ready for game 3.
||Anazawa Nizimi is ready for game 3.
|uhtml|next|Next: Game 3 of 3
