|j|☆Bruneauxx
|j|☆Dat guy In black
|html|BruneauxxDat guy In black    
|uhtml|bestof|Game 2 of a best-of-3
|t:|1757817239
|gametype|doubles
|player|p1|Bruneauxx|fisherman-gen4|1178
|player|p2|Dat guy In black|170|1112
|gen|9
|tier|[Gen 9] VGC 2025 Reg H (Bo3)
|rated|
|rule|Species Clause: Limit one of each Pokémon
|rule|Item Clause: Limit 1 of each item
|clearpoke
|poke|p1|Braviary-Hisui, L50, M|
|poke|p1|Sneasler, L50, F|
|poke|p1|Indeedee-F, L50, F|
|poke|p1|Pelipper, L50, F|
|poke|p1|Archaludon, L50, M|
|poke|p1|Kingambit, L50, M|
|poke|p2|Sneasler, L50, M|
|poke|p2|Dragapult, L50, F|
|poke|p2|Rillaboom, L50, F|
|poke|p2|Gastrodon-East, L50, M|
|poke|p2|Volcarona, L50, M|
|poke|p2|Electabuzz, L50, M|
|teampreview|4
|showteam|p1|Braviary-Hisui||TwistedSpoon|TintedLens|ExpandingForce,AirSlash,EsperWing,Protect|||M|||50|,,,,,Psychic]Sneasler||PsychicSeed|Unburden|DireClaw,CloseCombat,ThroatChop,Protect|||F|||50|,,,,,Dark]Indeedee-F||SafetyGoggles|PsychicSurge|DazzlingGleam,FollowMe,TrickRoom,HelpingHand|||F|||50|,,,,,Fairy]Pelipper||FocusSash|Drizzle|Hurricane,WeatherBall,Tailwind,Protect|||F|||50|,,,,,Stellar]Archaludon||AssaultVest|Stamina|ElectroShot,FlashCannon,DragonPulse,BodyPress|||M|||50|,,,,,Grass]Kingambit||BlackGlasses|Defiant|KowtowCleave,LowKick,SuckerPunch,Protect|||M|||50|,,,,,Dark
|showteam|p2|Sneasler||FocusSash|PoisonTouch|DireClaw,CloseCombat,Coaching,Protect|||M|||50|,,,,,Ghost]Dragapult||ChoiceBand|ClearBody|DragonDarts,TeraBlast,PhantomForce,Uturn|||F|||50|,,,,,Fighting]Rillaboom||AssaultVest|GrassySurge|FakeOut,GrassyGlide,WoodHammer,Uturn|||F|||50|,,,,,Fire]GastrodonEast||GrassySeed|StormDrain|ClearSmog,EarthPower,IceBeam,Recover|||M|||50|,,,,,Poison]Volcarona||CovertCloak|FlameBody|HeatWave,TeraBlast,QuiverDance,Protect|||M|||50|,,,,,Fairy]Electabuzz||Eviolite|VitalSpirit|FollowMe,Electroweb,Taunt,Protect|||M|||50|,,,,,Ghost
|inactive|Battle timer is ON: inactive players will automatically lose when time's up. (requested by Bruneauxx)
|
|t:|1757817264
|teamsize|p1|4
|teamsize|p2|4
|start
|switch|p1a: Braviary|Braviary-Hisui, L50, M|100/100
|switch|p1b: Indeedee|Indeedee-F, L50, F|100/100
|switch|p2a: Electabuzz|Electabuzz, L50, M|100/100
|switch|p2b: Volcarona|Volcarona, L50, M|100/100
|-fieldstart|move: Psychic Terrain|[from] ability: Psychic Surge|[of] p1b: Indeedee
|turn|1
|
|t:|1757817282
|-terastallize|p1a: Braviary|Psychic
|move|p1b: Indeedee|Helping Hand|p1a: Braviary
|-singleturn|p1a: Braviary|Helping Hand|[of] p1b: Indeedee
|move|p2b: Volcarona|Protect|p2b: Volcarona
|-singleturn|p2b: Volcarona|Protect
|move|p2a: Electabuzz|Taunt|p1b: Indeedee
|-start|p1b: Indeedee|move: Taunt
|move|p1a: Braviary|Expanding Force|p2a: Electabuzz|[spread] p2a
|-activate|p2b: Volcarona|move: Protect
|-damage|p2a: Electabuzz|0 fnt
|faint|p2a: Electabuzz
|
|upkeep
|
|t:|1757817285
|switch|p2a: Rillaboom|Rillaboom, L50, F|100/100
|-fieldstart|move: Grassy Terrain|[from] ability: Grassy Surge|[of] p2a: Rillaboom
|turn|2
|
|t:|1757817301
|switch|p1b: Sneasler|Sneasler, L50, F|100/100
|move|p1a: Braviary|Protect|p1a: Braviary
|-singleturn|p1a: Braviary|Protect
|move|p2a: Rillaboom|Fake Out|p1a: Braviary
|-activate|p1a: Braviary|move: Protect
|move|p2b: Volcarona|Quiver Dance|p2b: Volcarona
|-boost|p2b: Volcarona|spa|1
|-boost|p2b: Volcarona|spd|1
|-boost|p2b: Volcarona|spe|1
|
|upkeep
|turn|3
|inactive|Dat guy In black has 30 seconds left.
|
|t:|1757817327
|move|p2b: Volcarona|Heat Wave|p1a: Braviary|[spread] p1a,p1b
|-damage|p1a: Braviary|38/100
|-damage|p1b: Sneasler|31/100
|move|p1b: Sneasler|Dire Claw|p2b: Volcarona
|-damage|p2b: Volcarona|54/100
|-status|p1b: Sneasler|brn|[from] ability: Flame Body|[of] p2b: Volcarona
|move|p2a: Rillaboom|Wood Hammer|p1b: Sneasler
|-resisted|p1b: Sneasler
|-damage|p1b: Sneasler|0 fnt
|faint|p1b: Sneasler
|-damage|p2a: Rillaboom|92/100|[from] Recoil
|move|p1a: Braviary|Esper Wing|p2a: Rillaboom
|-damage|p2a: Rillaboom|46/100
|-boost|p1a: Braviary|spe|1
|
|-heal|p2b: Volcarona|61/100|[from] Grassy Terrain
|-heal|p1a: Braviary|44/100|[from] Grassy Terrain
|-heal|p2a: Rillaboom|53/100|[from] Grassy Terrain
|upkeep
|
|t:|1757817343
|switch|p1b: Indeedee|Indeedee-F, L50, F|100/100
|-fieldstart|move: Psychic Terrain|[from] ability: Psychic Surge|[of] p1b: Indeedee
|turn|4
|
|t:|1757817360
|move|p1a: Braviary|Protect|p1a: Braviary
|-singleturn|p1a: Braviary|Protect
|move|p2b: Volcarona|Heat Wave|p1b: Indeedee|[spread] p1b
|-activate|p1a: Braviary|move: Protect
|-damage|p1b: Indeedee|53/100
|move|p2a: Rillaboom|U-turn|p1b: Indeedee
|-supereffective|p1b: Indeedee
|-damage|p1b: Indeedee|7/100
|
|t:|1757817366
|switch|p2a: Dragapult|Dragapult, L50, F|100/100|[from] U-turn
|move|p1b: Indeedee|Trick Room|p1b: Indeedee
|-fieldstart|move: Trick Room|[of] p1b: Indeedee
|
|upkeep
|turn|5
|
|t:|1757817388
|switch|p2a: Rillaboom|Rillaboom, L50, F|53/100
|-fieldstart|move: Grassy Terrain|[from] ability: Grassy Surge|[of] p2a: Rillaboom
|move|p1b: Indeedee|Helping Hand|p1a: Braviary
|-singleturn|p1a: Braviary|Helping Hand|[of] p1b: Indeedee
|move|p1a: Braviary|Expanding Force|p2b: Volcarona
|-damage|p2b: Volcarona|0 fnt
|faint|p2b: Volcarona
|
|-heal|p1b: Indeedee|13/100|[from] Grassy Terrain
|-heal|p2a: Rillaboom|59/100|[from] Grassy Terrain
|-heal|p1a: Braviary|50/100|[from] Grassy Terrain
|upkeep
|
|t:|1757817396
|switch|p2b: Dragapult|Dragapult, L50, F|100/100
|turn|6
|inactive|Dat guy In black has 30 seconds left.
|inactive|Dat guy In black has 20 seconds left.
|
|t:|1757817433
|switch|p1b: Kingambit|Kingambit, L50, M|100/100
|-terastallize|p2b: Dragapult|Fighting
|move|p1a: Braviary|Protect|p1a: Braviary
|-singleturn|p1a: Braviary|Protect
|move|p2a: Rillaboom|Wood Hammer|p1a: Braviary
|-activate|p1a: Braviary|move: Protect
|move|p2b: Dragapult|Tera Blast|p1b: Kingambit|[anim] Tera Blast Fighting
|-supereffective|p1b: Kingambit
|-damage|p1b: Kingambit|0 fnt
|faint|p1b: Kingambit
|
|-heal|p2a: Rillaboom|65/100|[from] Grassy Terrain
|-heal|p1a: Braviary|56/100|[from] Grassy Terrain
|upkeep
|
|t:|1757817445
|switch|p1b: Indeedee|Indeedee-F, L50, F|13/100
|-fieldstart|move: Psychic Terrain|[from] ability: Psychic Surge|[of] p1b: Indeedee
|turn|7
|c|☆Bruneauxx|Gg
|
|t:|1757817456
|move|p1b: Indeedee|Helping Hand|p1a: Braviary
|-singleturn|p1a: Braviary|Helping Hand|[of] p1b: Indeedee
|move|p2a: Rillaboom|Wood Hammer|p1a: Braviary
|-damage|p1a: Braviary|0 fnt
|faint|p1a: Braviary
|-damage|p2a: Rillaboom|47/100|[from] Recoil
|move|p2b: Dragapult|Tera Blast|p1b: Indeedee|[anim] Tera Blast Fighting
|-damage|p1b: Indeedee|0 fnt
|faint|p1b: Indeedee
|
|win|Dat guy In black
|c|☆Dat guy In black|gg
|inactive|Bruneauxx has 30 seconds to confirm battle start!
|inactive|Dat guy In black has 30 seconds to confirm battle start!
||Bruneauxx is ready for game 3.
|inactive|Dat guy In black has 20 seconds to confirm battle start!
||Dat guy In black is ready for game 3.
|uhtml|next|Next: Game 3 of 3
|l|☆Bruneauxx
|player|p1|
|j|☆Bruneauxx
|player|p1|Bruneauxx|fisherman-gen4|
