|j|☆efwefwefwefweifier
|j|☆Chelicerate1
|html|efwefwefwefweifierChelicerate1    
|uhtml|bestof|Game 2 of a best-of-3
|t:|1784799343
|gametype|doubles
|player|p1|efwefwefwefweifier|clown|1325
|player|p2|Chelicerate1|ethan|1354
|gen|9
|tier|[Gen 9 Champions] VGC 2026 Reg M-B (Bo3)
|rated|
|rule|Species Clause: Limit one of each Pokémon
|rule|Item Clause: Limit 1 of each item
|clearpoke
|poke|p1|Blastoise, L50, M|
|poke|p1|Sinistcha, L50|
|poke|p1|Floette-Eternal, L50, F|
|poke|p1|Incineroar, L50, M, shiny|
|poke|p1|Sneasler, L50, M|
|poke|p1|Hydreigon, L50, M|
|poke|p2|Grimmsnarl, L50, M|
|poke|p2|Basculegion, L50, M|
|poke|p2|Charizard, L50, F|
|poke|p2|Pelipper, L50, M|
|poke|p2|Venusaur, L50, M|
|poke|p2|Archaludon, L50, M|
|teampreview|4
|showteam|p1|Blastoise||Blastoisinite|RainDish|WaterSpout,DarkPulse,ShellSmash,Protect|Modest||M|||50|]Sinistcha||KasibBerry|Hospitality|MatchaGotcha,RagePowder,TrickRoom,LifeDew|Calm|||||50|]Floette-Eternal||Floettite|FlowerVeil|DazzlingGleam,DrainingKiss,CalmMind,Protect|Modest||F|||50|]Incineroar||SitrusBerry|Intimidate|FlareBlitz,DarkestLariat,FakeOut,PartingShot|Careful||M|||50|]Sneasler||FocusSash|PoisonTouch|CloseCombat,PoisonJab,FakeOut,QuickGuard|Jolly||M|||50|]Hydreigon||ChoiceScarf|Levitate|DracoMeteor,DarkPulse,Snarl,EarthPower|Modest||M|||50|
|showteam|p2|Grimmsnarl||LightClay|Prankster|SpiritBreak,PartingShot,Reflect,LightScreen|Sassy||M|||50|]Basculegion||ChoiceScarf|Adaptability|LastRespects,WaveCrash,AquaJet,FlipTurn|Jolly||M|||50|]Charizard||CharizarditeY|Blaze|Protect,HeatWave,WeatherBall,SolarBeam|Modest||F|||50|]Pelipper||SitrusBerry|Drizzle|Hurricane,WeatherBall,Tailwind,WideGuard|Modest||M|||50|]Venusaur||FocusSash|Chlorophyll|SludgeBomb,SleepPowder,EarthPower,Protect|Modest||M|||50|]Archaludon||Leftovers|Stamina|ElectroShot,DragonPulse,FlashCannon,Protect|Calm||M|||50|
|inactive|Battle timer is ON: inactive players will automatically lose when time's up. (requested by efwefwefwefweifier)
|inactive|Chelicerate1 also wants the timer to be on.
|
|t:|1784799362
|teamsize|p1|4
|teamsize|p2|4
|start
|switch|p1a: Macho Nacho|Floette-Eternal, L50, F|100/100
|switch|p1b: Merry Berry|Incineroar, L50, M, shiny|100/100
|switch|p2a: Charizard|Charizard, L50, F|100/100
|switch|p2b: Venusaur|Venusaur, L50, M|100/100
|-ability|p1b: Merry Berry|Intimidate|boost
|-unboost|p2a: Charizard|atk|1
|-unboost|p2b: Venusaur|atk|1
|turn|1
|
|t:|1784799378
|detailschange|p1a: Macho Nacho|Floette-Mega, L50, F
|-mega|p1a: Macho Nacho|Floette|Floettite
|-ability|p1a: Macho Nacho|Fairy Aura
|detailschange|p2a: Charizard|Charizard-Mega-Y, L50, F
|-mega|p2a: Charizard|Charizard|Charizardite Y
|-weather|SunnyDay|[from] ability: Drought|[of] p2a: Charizard
|move|p1b: Merry Berry|Fake Out|p2b: Venusaur
|-damage|p2b: Venusaur|85/100
|cant|p2b: Venusaur|flinch
|move|p1a: Macho Nacho|Calm Mind|p1a: Macho Nacho
|-boost|p1a: Macho Nacho|spa|1
|-boost|p1a: Macho Nacho|spd|1
|move|p2a: Charizard|Weather Ball|p1a: Macho Nacho
|-damage|p1a: Macho Nacho|50/100g
|
|-weather|SunnyDay|[upkeep]
|upkeep
|turn|2
|inactive|efwefwefwefweifier has 30 seconds left.
|
|t:|1784799408
|move|p2b: Venusaur|Sleep Powder|p1b: Merry Berry
|-status|p1b: Merry Berry|slp|[from] move: Sleep Powder
|move|p1a: Macho Nacho|Draining Kiss|p2b: Venusaur
|-resisted|p2b: Venusaur|1
|-damage|p2b: Venusaur|52/100
|-heal|p1a: Macho Nacho|73/100|[from] drain|[of] p2b: Venusaur
|move|p2a: Charizard|Weather Ball|p1a: Macho Nacho
|-damage|p1a: Macho Nacho|30/100
|cant|p1b: Merry Berry|slp
|
|-weather|SunnyDay|[upkeep]
|upkeep
|turn|3
|
|t:|1784799431
|move|p1a: Macho Nacho|Protect|p1a: Macho Nacho
|-singleturn|p1a: Macho Nacho|Protect
|move|p2b: Venusaur|Sludge Bomb|p1a: Macho Nacho
|-activate|p1a: Macho Nacho|move: Protect
|move|p2a: Charizard|Weather Ball|p1b: Merry Berry
|-resisted|p1b: Merry Berry|1
|-damage|p1b: Merry Berry|64/100 slp
|cant|p1b: Merry Berry|slp
|
|-weather|SunnyDay|[upkeep]
|upkeep
|turn|4
|
|t:|1784799454
|switch|p2b: Pelipper|Pelipper, L50, M|100/100
|-weather|RainDance|[from] ability: Drizzle|[of] p2b: Pelipper
|move|p1a: Macho Nacho|Dazzling Gleam|p2b: Pelipper|[spread] p2a,p2b
|-resisted|p2a: Charizard|1
|-damage|p2a: Charizard|68/100
|-damage|p2b: Pelipper|11/100
|-enditem|p2b: Pelipper|Sitrus Berry|[eat]
|-heal|p2b: Pelipper|36/100|[from] item: Sitrus Berry
|move|p2a: Charizard|Weather Ball|p1b: Merry Berry
|-supereffective|p1b: Merry Berry|1
|-damage|p1b: Merry Berry|0 fnt
|faint|p1b: Merry Berry
|
|-weather|RainDance|[upkeep]
|upkeep
|inactive|efwefwefwefweifier has 30 seconds left.
|
|t:|1784799481
|switch|p1b: Poison Foison|Sneasler, L50, M|100/100
|turn|5
|
|t:|1784799497
|switch|p2a: Archaludon|Archaludon, L50, M|100/100
|move|p1b: Poison Foison|Fake Out|p2b: Pelipper
|-damage|p2b: Pelipper|22/100
|cant|p2b: Pelipper|flinch
|move|p1a: Macho Nacho|Calm Mind|p1a: Macho Nacho
|-boost|p1a: Macho Nacho|spa|1
|-boost|p1a: Macho Nacho|spd|1
|
|-weather|RainDance|[upkeep]
|upkeep
|turn|6
|
|t:|1784799516
|move|p2a: Archaludon|Protect|p2a: Archaludon
|-singleturn|p2a: Archaludon|Protect
|move|p1b: Poison Foison|Poison Jab|p2b: Pelipper
|-damage|p2b: Pelipper|0 fnt
|faint|p2b: Pelipper
|move|p1a: Macho Nacho|Draining Kiss|p2a: Archaludon
|-activate|p2a: Archaludon|move: Protect
|
|-weather|RainDance|[upkeep]
|upkeep
|
|t:|1784799529
|switch|p2b: Venusaur|Venusaur, L50, M|52/100
|turn|7
|inactive|efwefwefwefweifier has 30 seconds left.
|inactive|efwefwefwefweifier has 20 seconds left.
|
|t:|1784799568
|switch|p2a: Charizard|Charizard-Mega-Y, L50, F|68/100
|-weather|SunnyDay|[from] ability: Drought|[of] p2a: Charizard
|move|p2b: Venusaur|Sleep Powder|p1a: Macho Nacho|[miss]
|-miss|p2b: Venusaur|p1a: Macho Nacho
|move|p1b: Poison Foison|Poison Jab|p2b: Venusaur
|-damage|p2b: Venusaur|0 fnt
|faint|p2b: Venusaur
|move|p1a: Macho Nacho|Draining Kiss|p2a: Charizard
|-resisted|p2a: Charizard|1
|-damage|p2a: Charizard|33/100
|-heal|p1a: Macho Nacho|57/100|[from] drain|[of] p2a: Charizard
|
|-weather|SunnyDay|[upkeep]
|upkeep
|
|t:|1784799576
|switch|p2b: Archaludon|Archaludon, L50, M|100/100
|turn|8
|
|t:|1784799593
|move|p1b: Poison Foison|Close Combat|p2b: Archaludon
|-supereffective|p2b: Archaludon|1
|-damage|p2b: Archaludon|8/100
|-unboost|p1b: Poison Foison|def|1
|-unboost|p1b: Poison Foison|spd|1
|-ability|p2b: Archaludon|Stamina|boost
|-boost|p2b: Archaludon|def|1
|move|p1a: Macho Nacho|Dazzling Gleam|p2a: Charizard|[spread] p2a,p2b
|-resisted|p2a: Charizard|1
|-damage|p2a: Charizard|0 fnt
|-damage|p2b: Archaludon|0 fnt
|faint|p2a: Charizard
|faint|p2b: Archaludon
|
|win|efwefwefwefweifier
||efwefwefwefweifier is ready for game 3.
