|j|☆Betonthecrit
|j|☆i miss my miraidon
|html|Betonthecriti miss my miraidon    
|uhtml|bestof|Game 1 of a best-of-3
|t:|1783712078
|gametype|doubles
|player|p1|Betonthecrit|265|1435
|player|p2|i miss my miraidon|170|1385
|gen|9
|tier|[Gen 9 Champions] VGC 2026 Reg M-B (Bo3)
|rated|
|rule|Species Clause: Limit one of each Pokémon
|rule|Item Clause: Limit 1 of each item
|clearpoke
|poke|p1|Incineroar, L50, F|
|poke|p1|Charizard, L50, F|
|poke|p1|Toxapex, L50, M|
|poke|p1|Whimsicott, L50, M|
|poke|p1|Basculegion, L50, M|
|poke|p1|Garchomp, L50, F|
|poke|p2|Venusaur, L50, F|
|poke|p2|Mamoswine, L50, F|
|poke|p2|Charizard, L50, M|
|poke|p2|Garchomp, L50, F|
|poke|p2|Incineroar, L50, M|
|poke|p2|Toxapex, L50, F|
|teampreview|4
|showteam|p1|Incineroar||SitrusBerry|Intimidate|FakeOut,FlareBlitz,DarkestLariat,PartingShot|Impish||F|||50|]Charizard||CharizarditeY|Blaze|HeatWave,WeatherBall,SolarBeam,Protect|Modest||F|||50|]Toxapex||Leftovers|Regenerator|Infestation,Toxic,WideGuard,BanefulBunker|Impish||M|||50|]Whimsicott||FocusSash|Prankster|Moonblast,Tailwind,Encore,Protect|Timid||M|||50|]Basculegion||MysticWater|Adaptability|WaveCrash,AquaJet,LastRespects,Protect|Adamant||M|||50|]Garchomp||LifeOrb|RoughSkin|Earthquake,DragonClaw,StompingTantrum,Protect|Jolly||F|||50|
|showteam|p2|Venusaur||LifeOrb|Chlorophyll|SolarBeam,SludgeBomb,EarthPower,Protect|Modest||F|||50|]Mamoswine||FocusSash|Oblivious|HighHorsepower,RockTomb,IceShard,Protect|Jolly||F|||50|]Charizard||CharizarditeY|Blaze|HeatWave,WeatherBall,HelpingHand,Protect|Modest||M|||50|]Garchomp||ChoiceScarf|RoughSkin|Earthquake,DragonClaw,RockSlide,IronHead|Adamant||F|||50|]Incineroar||SitrusBerry|Intimidate|FlareBlitz,DarkestLariat,FakeOut,PartingShot|Careful||M|||50|]Toxapex||Leftovers|Regenerator|Infestation,Toxic,BanefulBunker,WideGuard|Bold||F|||50|
|inactive|Battle timer is ON: inactive players will automatically lose when time's up. (requested by Betonthecrit)
|inactive|Betonthecrit has 60 seconds left.
|inactive|i miss my miraidon has 60 seconds left.
|c|☆Betonthecrit|lol
|c|☆i miss my miraidon|david?
|inactive|Betonthecrit has 30 seconds left.
|inactive|i miss my miraidon has 30 seconds left.
|c|☆Betonthecrit|yeah
|c|☆i miss my miraidon|LMAO
|c|☆Betonthecrit|bit awkward
|inactive|Betonthecrit has 20 seconds left.
|inactive|i miss my miraidon has 20 seconds left.
|inactive|Betonthecrit has 15 seconds left.
|inactive|i miss my miraidon has 15 seconds left.
|c|☆i miss my miraidon|Ya lol
|inactive|Betonthecrit has 10 seconds left.
|inactive|i miss my miraidon has 10 seconds left.
|c|☆i miss my miraidon|sorry about earlier today man
|inactive|Betonthecrit has 5 seconds left.
|inactive|i miss my miraidon has 5 seconds left.
|
|t:|1783712168
|teamsize|p1|4
|teamsize|p2|4
|start
|switch|p1a: Charizard|Charizard, L50, F|100/100
|switch|p1b: Toxapex|Toxapex, L50, M|100/100
|switch|p2a: Mamoswine|Mamoswine, L50, F|100/100
|switch|p2b: Toxapex|Toxapex, L50, F|100/100
|turn|1
|inactive|Betonthecrit has 30 seconds left.
|c|☆Betonthecrit|its cool
|inactive|Betonthecrit has 20 seconds left.
|
|t:|1783712204
|switch|p1a: Incineroar|Incineroar, L50, F|100/100
|-ability|p1a: Incineroar|Intimidate|boost
|-fail|p2a: Mamoswine|unboost|Attack|[from] ability: Oblivious|[of] p2a: Mamoswine
|-unboost|p2b: Toxapex|atk|1
|move|p2a: Mamoswine|Rock Tomb|p1a: Incineroar
|-supereffective|p1a: Incineroar|1
|-damage|p1a: Incineroar|69/100
|-unboost|p1a: Incineroar|spe|1
|move|p1b: Toxapex|Infestation|p2a: Mamoswine
|-damage|p2a: Mamoswine|95/100
|-activate|p2a: Mamoswine|move: Infestation|[of] p1b: Toxapex
|move|p2b: Toxapex|Infestation|p1b: Toxapex
|-resisted|p1b: Toxapex|1
|-damage|p1b: Toxapex|98/100
|-activate|p1b: Toxapex|move: Infestation|[of] p2b: Toxapex
|
|-heal|p1b: Toxapex|100/100|[from] item: Leftovers
|-damage|p2a: Mamoswine|83/100|[from] move: Infestation|[partiallytrapped]
|-damage|p1b: Toxapex|87/100|[from] move: Infestation|[partiallytrapped]
|upkeep
|turn|2
|c|☆i miss my miraidon|Nah man its really not its completely my fault my life has just been so awkward recently i do actually feel bad
|
|t:|1783712228
|move|p2a: Mamoswine|Protect|p2a: Mamoswine
|-singleturn|p2a: Mamoswine|Protect
|move|p2b: Toxapex|Baneful Bunker|p2b: Toxapex
|-singleturn|p2b: Toxapex|move: Protect
|move|p1a: Incineroar|Fake Out|p2b: Toxapex
|-activate|p2b: Toxapex|move: Protect
|-status|p1a: Incineroar|psn
|move|p1b: Toxapex|Toxic|p2a: Mamoswine
|-activate|p2a: Mamoswine|move: Protect
|
|-heal|p1b: Toxapex|93/100|[from] item: Leftovers
|-damage|p1a: Incineroar|56/100 psn|[from] psn
|-damage|p2a: Mamoswine|70/100|[from] move: Infestation|[partiallytrapped]
|-damage|p1b: Toxapex|81/100|[from] move: Infestation|[partiallytrapped]
|upkeep
|turn|3
|c|☆Betonthecrit|for whats it worth I think you would have won
|c|☆Betonthecrit|zard Y venu is pretty good into aero zard Y
|c|☆i miss my miraidon|it is
|c|☆Betonthecrit|although I hope that doesn't make you feel bad
|c|☆Betonthecrit|I played kind of shit
|c|☆i miss my miraidon|Nah i do feel bad its rightfully so
|inactive|Betonthecrit has 30 seconds left.
|
|t:|1783712261
|move|p2a: Mamoswine|High Horsepower|p1a: Incineroar
|-supereffective|p1a: Incineroar|1
|-damage|p1a: Incineroar|0 fnt
|faint|p1a: Incineroar
|move|p2b: Toxapex|Infestation|p1b: Toxapex
|-resisted|p1b: Toxapex|1
|-damage|p1b: Toxapex|80/100
|move|p1b: Toxapex|Toxic|p2a: Mamoswine
|-status|p2a: Mamoswine|tox
|
|-heal|p1b: Toxapex|85/100|[from] item: Leftovers
|-damage|p2a: Mamoswine|64/100 tox|[from] psn
|-damage|p2a: Mamoswine|52/100 tox|[from] move: Infestation|[partiallytrapped]
|-damage|p1b: Toxapex|73/100|[from] move: Infestation|[partiallytrapped]
|upkeep
|
|t:|1783712267
|switch|p1a: Charizard|Charizard, L50, F|100/100
|turn|4
|c|☆i miss my miraidon|like i commited to it and my irl issues and family issues shouldnt get in the way like yk
|c|☆i miss my miraidon|cos i dont want to be just making excuses and spamming the sorry button and just gettin away with it yk
|inactive|i miss my miraidon has 30 seconds left.
|
|t:|1783712294
|move|p1a: Charizard|Protect|p1a: Charizard
|-singleturn|p1a: Charizard|Protect
|move|p1b: Toxapex|Baneful Bunker|p1b: Toxapex
|-singleturn|p1b: Toxapex|move: Protect
|move|p2a: Mamoswine|High Horsepower|p1b: Toxapex
|-activate|p1b: Toxapex|move: Protect
|move|p2b: Toxapex|Infestation|p1a: Charizard
|-activate|p1a: Charizard|move: Protect
|
|-heal|p1b: Toxapex|79/100|[from] item: Leftovers
|-damage|p2a: Mamoswine|40/100 tox|[from] psn
|-damage|p2a: Mamoswine|28/100 tox|[from] move: Infestation|[partiallytrapped]
|-damage|p1b: Toxapex|67/100|[from] move: Infestation|[partiallytrapped]
|upkeep
|turn|5
|c|☆Betonthecrit|speaking of playing shit I'm losing right now
|c|☆Betonthecrit|tears man
|
|t:|1783712319
|detailschange|p1a: Charizard|Charizard-Mega-Y, L50, F
|-mega|p1a: Charizard|Charizard|Charizardite Y
|-weather|SunnyDay|[from] ability: Drought|[of] p1a: Charizard
|move|p2a: Mamoswine|Rock Tomb|p1a: Charizard
|-supereffective|p1a: Charizard|2
|-damage|p1a: Charizard|18/100
|-unboost|p1a: Charizard|spe|1
|move|p1a: Charizard|Heat Wave|p2b: Toxapex|[spread] p2a,p2b
|-supereffective|p2a: Mamoswine|1
|-resisted|p2b: Toxapex|1
|-damage|p2a: Mamoswine|0 fnt
|-damage|p2b: Toxapex|75/100
|faint|p2a: Mamoswine
|move|p1b: Toxapex|Infestation|p2b: Toxapex
|-resisted|p2b: Toxapex|1
|-crit|p2b: Toxapex
|-damage|p2b: Toxapex|73/100
|-activate|p2b: Toxapex|move: Infestation|[of] p1b: Toxapex
|move|p2b: Toxapex|Infestation|p1a: Charizard
|-resisted|p1a: Charizard|2
|-damage|p1a: Charizard|17/100
|-activate|p1a: Charizard|move: Infestation|[of] p2b: Toxapex
|
|-weather|SunnyDay|[upkeep]
|-heal|p1b: Toxapex|73/100|[from] item: Leftovers
|-heal|p2b: Toxapex|79/100|[from] item: Leftovers
|-damage|p1a: Charizard|5/100|[from] move: Infestation|[partiallytrapped]
|-damage|p1b: Toxapex|61/100|[from] move: Infestation|[partiallytrapped]
|-damage|p2b: Toxapex|67/100|[from] move: Infestation|[partiallytrapped]
|upkeep
|
|t:|1783712336
|switch|p2a: Venusaur|Venusaur, L50, F|100/100
|turn|6
|
|t:|1783712349
|move|p2a: Venusaur|Protect|p2a: Venusaur
|-singleturn|p2a: Venusaur|Protect
|move|p2b: Toxapex|Baneful Bunker|p2b: Toxapex
|-singleturn|p2b: Toxapex|move: Protect
|move|p1a: Charizard|Weather Ball|p2a: Venusaur
|-activate|p2a: Venusaur|move: Protect
|move|p1b: Toxapex|Infestation|p2a: Venusaur
|-activate|p2a: Venusaur|move: Protect
|
|-weather|SunnyDay|[upkeep]
|-heal|p1b: Toxapex|66/100|[from] item: Leftovers
|-heal|p2b: Toxapex|73/100|[from] item: Leftovers
|-damage|p1a: Charizard|0 fnt|[from] move: Infestation|[partiallytrapped]
|faint|p1a: Charizard
|-end|p1b: Toxapex|Infestation|[partiallytrapped]
|-damage|p2b: Toxapex|61/100|[from] move: Infestation|[partiallytrapped]
|upkeep
|-message|Betonthecrit forfeited.
|
|win|i miss my miraidon
||Betonthecrit is ready for game 2.
||i miss my miraidon is ready for game 2.
|uhtml|next|Next: Game 2 of 3
|l|☆Betonthecrit
|player|p1|
|j|☆Betonthecrit
|player|p1|Betonthecrit|265|
