|j|☆Chochito Pelao
|j|☆ageil2
|html|Chochito Pelaoageil2    
|uhtml|bestof|Game 2 of a best-of-3
|t:|1785085294
|gametype|doubles
|player|p1|Chochito Pelao|striker|1197
|player|p2|ageil2|1|1252
|gen|9
|tier|[Gen 9 Champions] VGC 2026 Reg M-B (Bo3)
|rated|
|rule|Species Clause: Limit one of each Pokémon
|rule|Item Clause: Limit 1 of each item
|clearpoke
|poke|p1|Incineroar, L50, M|
|poke|p1|Sinistcha-Masterpiece, L50, shiny|
|poke|p1|Floette-Eternal, L50, F|
|poke|p1|Kingambit, L50, M|
|poke|p1|Sneasler, L50, F|
|poke|p1|Garchomp, L50, M|
|poke|p2|Sinistcha, L50|
|poke|p2|Steelix, L50, F|
|poke|p2|Corviknight, L50, M|
|poke|p2|Incineroar, L50, M|
|poke|p2|Tyranitar, L50, M|
|poke|p2|Venusaur, L50, M|
|teampreview|4
|showteam|p1|Incineroar||Leftovers|Intimidate|FakeOut,PartingShot,HelpingHand,FlareBlitz|Careful||M|||50|]Sinistcha-Masterpiece||SitrusBerry|Hospitality|MatchaGotcha,Protect,RagePowder,TrickRoom|Bold|||||50|]Floette-Eternal||Floettite|FlowerVeil|DrainingKiss,DazzlingGleam,CalmMind,Protect|Modest||F|||50|]Kingambit||ChopleBerry|Defiant|KowtowCleave,SuckerPunch,IronHead,Protect|Adamant||M|||50|]Sneasler||FocusSash|PoisonTouch|FakeOut,CloseCombat,DireClaw,Coaching|Jolly||F|||50|]Garchomp||Garchompite|RoughSkin|StompingTantrum,Earthquake,RockSlide,Protect|Adamant||M|||50|
|showteam|p2|Sinistcha||SitrusBerry|Hospitality|MatchaGotcha,RagePowder,TrickRoom,Protect|Bold|||||50|]Steelix||Steelixite|Sturdy|HeavySlam,HighHorsepower,WideGuard,Protect|Adamant||F|||50|]Corviknight||Leftovers|MirrorArmor|BraveBird,IronHead,BulkUp,BodyPress|Adamant||M|||50|]Incineroar||LifeOrb|Intimidate|FakeOut,PartingShot,FlareBlitz,DarkestLariat|Adamant||M|||50|]Tyranitar||ChoiceScarf|SandStream|RockSlide,KnockOff,IcePunch,LowKick|Jolly||M|||50|]Venusaur||Venusaurite|Overgrow|EarthPower,SludgeBomb,GigaDrain,Protect|Modest||M|||50|
|inactive|Battle timer is ON: inactive players will automatically lose when time's up. (requested by Chochito Pelao)
|inactive|ageil2 has 60 seconds left.
|
|t:|1785085349
|teamsize|p1|4
|teamsize|p2|4
|start
|switch|p1a: Sneasler|Sneasler, L50, F|100/100
|switch|p1b: Kingambit|Kingambit, L50, M|100/100
|switch|p2a: Corviknight|Corviknight, L50, M|100/100
|switch|p2b: Venusaur|Venusaur, L50, M|100/100
|turn|1
|
|t:|1785085367
|detailschange|p2b: Venusaur|Venusaur-Mega, L50, M
|-mega|p2b: Venusaur|Venusaur|Venusaurite
|move|p1a: Sneasler|Fake Out|p2a: Corviknight
|-resisted|p2a: Corviknight|1
|-damage|p2a: Corviknight|93/100
|move|p2b: Venusaur|Earth Power|p1b: Kingambit
|-supereffective|p1b: Kingambit|1
|-damage|p1b: Kingambit|32/100
|cant|p2a: Corviknight|flinch
|move|p1b: Kingambit|Kowtow Cleave|p2a: Corviknight
|-damage|p2a: Corviknight|50/100y
|
|-heal|p2a: Corviknight|56/100|[from] item: Leftovers
|upkeep
|turn|2
|
|t:|1785085385
|switch|p1b: Garchomp|Garchomp, L50, M|100/100
|move|p1a: Sneasler|Close Combat|p2a: Corviknight
|-damage|p2a: Corviknight|6/100
|-unboost|p1a: Sneasler|def|1
|-unboost|p1a: Sneasler|spd|1
|move|p2b: Venusaur|Earth Power|p1a: Sneasler
|-supereffective|p1a: Sneasler|1
|-enditem|p1a: Sneasler|Focus Sash
|-damage|p1a: Sneasler|1/100
|move|p2a: Corviknight|Body Press|p1b: Garchomp
|-damage|p1b: Garchomp|79/100
|-damage|p2a: Corviknight|0 fnt|[from] ability: Rough Skin|[of] p1b: Garchomp
|faint|p2a: Corviknight
|
|upkeep
|
|t:|1785085394
|switch|p2a: Incineroar|Incineroar, L50, M|100/100
|-ability|p2a: Incineroar|Intimidate|boost
|-unboost|p1a: Sneasler|atk|1
|-unboost|p1b: Garchomp|atk|1
|turn|3
|
|t:|1785085407
|switch|p1a: Sinistcha|Sinistcha-Masterpiece, L50, shiny|100/100
|-heal|p1b: Garchomp|100/100|[from] ability: Hospitality|[of] p1a: Sinistcha
|detailschange|p1b: Garchomp|Garchomp-Mega, L50, M
|-mega|p1b: Garchomp|Garchomp|Garchompite
|move|p2a: Incineroar|Fake Out|p1a: Sinistcha
|-immune|p1a: Sinistcha
|move|p1b: Garchomp|Earthquake|p2b: Venusaur|[spread] p1a,p2a,p2b
|-resisted|p1a: Sinistcha|1
|-supereffective|p2a: Incineroar|1
|-damage|p1a: Sinistcha|86/100
|-damage|p2a: Incineroar|31/100
|-damage|p2b: Venusaur|72/100
|move|p2b: Venusaur|Giga Drain|p1b: Garchomp
|-damage|p1b: Garchomp|61/100
|-heal|p2b: Venusaur|91/100|[from] drain|[of] p1b: Garchomp
|
|upkeep
|turn|4
|inactive|Chochito Pelao has 30 seconds left.
|inactive|Chochito Pelao has 20 seconds left.
|inactive|Chochito Pelao has 15 seconds left.
|
|t:|1785085449
|switch|p1a: Kingambit|Kingambit, L50, M|32/100
|switch|p2a: Sinistcha|Sinistcha, L50|100/100
|-heal|p2b: Venusaur|100/100|[from] ability: Hospitality|[of] p2a: Sinistcha
|move|p1b: Garchomp|Stomping Tantrum|p2a: Sinistcha
|-resisted|p2a: Sinistcha|1
|-damage|p2a: Sinistcha|84/100
|move|p2b: Venusaur|Giga Drain|p1b: Garchomp
|-damage|p1b: Garchomp|20/100y
|
|upkeep
|turn|5
|inactive|ageil2 has 30 seconds left.
|inactive|ageil2 has 20 seconds left.
|inactive|ageil2 has 15 seconds left.
|
|t:|1785085490
|switch|p1b: Sinistcha|Sinistcha-Masterpiece, L50, shiny|86/100
|-heal|p1a: Kingambit|57/100|[from] ability: Hospitality|[of] p1b: Sinistcha
|move|p2a: Sinistcha|Protect|p2a: Sinistcha
|-singleturn|p2a: Sinistcha|Protect
|move|p2b: Venusaur|Earth Power|p1a: Kingambit
|-supereffective|p1a: Kingambit|1
|-damage|p1a: Kingambit|0 fnt
|faint|p1a: Kingambit
|
|upkeep
|
|t:|1785085506
|switch|p1a: Sneasler|Sneasler, L50, F|1/100
|turn|6
|
|t:|1785085514
|switch|p1b: Garchomp|Garchomp-Mega, L50, M|20/100y
|move|p2b: Venusaur|Protect|p2b: Venusaur
|-singleturn|p2b: Venusaur|Protect
|move|p1a: Sneasler|Dire Claw|p2b: Venusaur
|-activate|p2b: Venusaur|move: Protect
|move|p2a: Sinistcha|Matcha Gotcha|p1a: Sneasler|[spread] p1a,p1b
|-resisted|p1a: Sneasler|1
|-damage|p1a: Sneasler|0 fnt
|-heal|p2a: Sinistcha|84/100|[from] drain|[of] p1a: Sneasler
|-damage|p1b: Garchomp|0 fnt
|-heal|p2a: Sinistcha|95/100|[from] drain|[of] p1b: Garchomp
|faint|p1a: Sneasler
|faint|p1b: Garchomp
|
|upkeep
|-message|Chochito Pelao forfeited.
|
|win|ageil2
