|j|☆OwanTanSoup
|j|☆Capitan-N
|html|OwanTanSoupCapitan-N    
|uhtml|bestof|Game 2 of a best-of-3
|t:|1757823300
|gametype|doubles
|player|p1|OwanTanSoup|ingo|1052
|player|p2|Capitan-N|n|1061
|gen|9
|tier|[Gen 9] VGC 2025 Reg H (Bo3)
|rated|
|rule|Species Clause: Limit one of each Pokémon
|rule|Item Clause: Limit 1 of each item
|clearpoke
|poke|p1|Ursaluna-Bloodmoon, L50, M|
|poke|p1|Ceruledge, L50, M|
|poke|p1|Incineroar, L50, M|
|poke|p1|Rotom-Mow, L50|
|poke|p1|Garchomp, L50, M|
|poke|p1|Dragonite, L50, F|
|poke|p2|Morpeko, L50, F|
|poke|p2|Toucannon, L50, F|
|poke|p2|Arcanine, L50, F|
|poke|p2|Annihilape, L50, F|
|poke|p2|Porygon-Z, L50|
|poke|p2|Breloom, L50, F|
|teampreview|4
|showteam|p1|Ursaluna-Bloodmoon||CovertCloak|MindsEye|BloodMoon,Protect,HyperVoice,EarthPower|||M|||50|,,,,,Ground]Ceruledge||LifeOrb|FlashFire|BitterBlade,ShadowSneak,Protect,BulkUp|||M|||50|,,,,,Grass]Incineroar||AbilityShield|Intimidate|FakeOut,KnockOff,PartingShot,FlameCharge|||M|||50|,,,,,Fire]Rotom-Mow||WhiteHerb|Levitate|Electroweb,LeafStorm,Protect,VoltSwitch||||||50|,,,,,Grass]Garchomp||RockyHelmet|RoughSkin|SwordsDance,RockSlide,Earthquake,Protect|||M|||50|,,,,,Ground]Dragonite||Leftovers|InnerFocus|IceSpinner,Tailwind,ExtremeSpeed,Haze|||F|||50|,,,,,Normal
|showteam|p2|Morpeko||FocusSash|HungerSwitch|AuraWheel,FakeOut,Protect,Taunt|||F|||50|,,,,,Ghost]Toucannon||CovertCloak|SkillLink|BeakBlast,BulletSeed,Protect,RockBlast|||F|||50|,,,,,Grass]Arcanine||AssaultVest|Intimidate|Flamethrower,ScorchingSands,DragonPulse,Snarl|||F|||50|,,,,,Dragon]Annihilape||ChoiceScarf|Defiant|CloseCombat,PhantomForce,Uturn,FinalGambit|||F|||50|,,,,,Fire]Porygon-Z||ChoiceSpecs|Adaptability|TeraBlast,TriAttack,Thunderbolt,ShadowBall||||||50|,,,,,Fighting]Breloom||ToxicOrb|PoisonHeal|LeechSeed,Spore,Protect,DrainPunch|||F|||50|,,,,,Water
|
|t:|1757823323
|teamsize|p1|4
|teamsize|p2|4
|start
|switch|p1a: Dragonite|Dragonite, L50, F|100/100
|switch|p1b: Garchomp|Garchomp, L50, M|100/100
|switch|p2a: Annihilape|Annihilape, L50, F, shiny|100/100
|switch|p2b: Breloom|Breloom, L50, F, shiny|100/100
|turn|1
|
|t:|1757823353
|move|p1b: Garchomp|Protect|p1b: Garchomp
|-singleturn|p1b: Garchomp|Protect
|move|p1a: Dragonite|Extreme Speed|p2b: Breloom
|-damage|p2b: Breloom|72/100
|move|p2a: Annihilape|Final Gambit|p1b: Garchomp
|-activate|p1b: Garchomp|move: Protect
|move|p2b: Breloom|Spore|p1a: Dragonite
|-status|p1a: Dragonite|slp|[from] move: Spore
|
|-status|p2b: Breloom|tox|[from] item: Toxic Orb
|upkeep
|turn|2
|
|t:|1757823371
|switch|p1b: Incineroar|Incineroar, L50, M|100/100
|-ability|p1b: Incineroar|Intimidate|boost
|-unboost|p2a: Annihilape|atk|1
|-ability|p2a: Annihilape|Defiant|boost
|-boost|p2a: Annihilape|atk|2
|-unboost|p2b: Breloom|atk|1
|move|p2a: Annihilape|Final Gambit|p1a: Dragonite
|-damage|p1a: Dragonite|0 fnt
|faint|p2a: Annihilape
|faint|p1a: Dragonite
|move|p2b: Breloom|Spore|p1b: Incineroar
|-status|p1b: Incineroar|slp|[from] move: Spore
|
|-heal|p2b: Breloom|84/100 tox|[from] ability: Poison Heal
|upkeep
|
|t:|1757823391
|switch|p1a: Ceruledge|Ceruledge, L50, M, shiny|100/100
|switch|p2a: Porygon-Z|Porygon-Z, L50, shiny|100/100
|turn|3
|
|t:|1757823409
|-terastallize|p2b: Breloom|Water
|move|p1a: Ceruledge|Protect|p1a: Ceruledge
|-singleturn|p1a: Ceruledge|Protect
|cant|p1b: Incineroar|slp
|move|p2a: Porygon-Z|Tri Attack|p1a: Ceruledge
|-activate|p1a: Ceruledge|move: Protect
|move|p2b: Breloom|Leech Seed|p1b: Incineroar
|-start|p1b: Incineroar|move: Leech Seed
|
|-damage|p1b: Incineroar|88/100 slp|[from] Leech Seed|[of] p2b: Breloom
|-heal|p2b: Breloom|99/100 tox|[silent]
|-heal|p2b: Breloom|100/100 tox|[from] ability: Poison Heal
|upkeep
|turn|4
|
|t:|1757823461
|-terastallize|p1a: Ceruledge|Grass
|move|p1a: Ceruledge|Bulk Up|p1a: Ceruledge
|-boost|p1a: Ceruledge|atk|1
|-boost|p1a: Ceruledge|def|1
|move|p2a: Porygon-Z|Tri Attack|p1b: Incineroar
|-damage|p1b: Incineroar|8/100 slp
|move|p2b: Breloom|Spore|p1a: Ceruledge
|-immune|p1a: Ceruledge
|-curestatus|p1b: Incineroar|slp|[msg]
|move|p1b: Incineroar|Knock Off|p2a: Porygon-Z
|-damage|p2a: Porygon-Z|49/100
|-enditem|p2a: Porygon-Z|Choice Specs|[from] move: Knock Off|[of] p1b: Incineroar
|
|-damage|p1b: Incineroar|0 fnt|[from] Leech Seed|[of] p2b: Breloom
|faint|p1b: Incineroar
|upkeep
|
|t:|1757823477
|switch|p1b: Garchomp|Garchomp, L50, M|100/100
|turn|5
|
|t:|1757823487
|switch|p2a: Arcanine|Arcanine, L50, F|100/100
|-ability|p2a: Arcanine|Intimidate|boost
|-unboost|p1a: Ceruledge|atk|1
|-unboost|p1b: Garchomp|atk|1
|move|p1b: Garchomp|Earthquake|p2b: Breloom|[spread] p1a,p2a,p2b
|-resisted|p1a: Ceruledge
|-supereffective|p2a: Arcanine
|-damage|p1a: Ceruledge|87/100
|-damage|p2a: Arcanine|46/100
|-damage|p2b: Breloom|75/100 tox
|move|p1a: Ceruledge|Bitter Blade|p2b: Breloom
|-resisted|p2b: Breloom
|-damage|p2b: Breloom|45/100 tox
|-heal|p1a: Ceruledge|100/100|[from] drain|[of] p2b: Breloom
|-damage|p1a: Ceruledge|90/100|[from] item: Life Orb
|move|p2b: Breloom|Spore|p1b: Garchomp
|-status|p1b: Garchomp|slp|[from] move: Spore
|
|-heal|p2b: Breloom|57/100 tox|[from] ability: Poison Heal
|upkeep
|turn|6
|
|t:|1757823520
|cant|p1b: Garchomp|slp
|move|p2a: Arcanine|Dragon Pulse|p1a: Ceruledge
|-crit|p1a: Ceruledge
|-damage|p1a: Ceruledge|55/100
|move|p1a: Ceruledge|Bitter Blade|p2b: Breloom
|-resisted|p2b: Breloom
|-crit|p2b: Breloom
|-damage|p2b: Breloom|9/100 tox
|-heal|p1a: Ceruledge|81/100|[from] drain|[of] p2b: Breloom
|-damage|p1a: Ceruledge|71/100|[from] item: Life Orb
|move|p2b: Breloom|Leech Seed|p1b: Garchomp
|-start|p1b: Garchomp|move: Leech Seed
|
|-damage|p1b: Garchomp|88/100 slp|[from] Leech Seed|[of] p2b: Breloom
|-heal|p2b: Breloom|22/100 tox|[silent]
|-heal|p2b: Breloom|35/100 tox|[from] ability: Poison Heal
|upkeep
|turn|7
|
|t:|1757823538
|switch|p2a: Porygon-Z|Porygon-Z, L50, shiny|49/100
|move|p2b: Breloom|Protect|p2b: Breloom
|-singleturn|p2b: Breloom|Protect
|cant|p1b: Garchomp|slp
|move|p1a: Ceruledge|Bitter Blade|p2a: Porygon-Z
|-damage|p2a: Porygon-Z|0 fnt
|-heal|p1a: Ceruledge|100/100|[from] drain|[of] p2a: Porygon-Z
|faint|p2a: Porygon-Z
|-damage|p1a: Ceruledge|90/100|[from] item: Life Orb
|
|-damage|p1b: Garchomp|76/100 slp|[from] Leech Seed|[of] p2b: Breloom
|-heal|p2b: Breloom|49/100 tox|[silent]
|-heal|p2b: Breloom|61/100 tox|[from] ability: Poison Heal
|upkeep
|
|t:|1757823553
|switch|p2a: Arcanine|Arcanine, L50, F|46/100
|-ability|p2a: Arcanine|Intimidate|boost
|-unboost|p1a: Ceruledge|atk|1
|-unboost|p1b: Garchomp|atk|1
|turn|8
|
|t:|1757823582
|cant|p1b: Garchomp|slp
|move|p2a: Arcanine|Dragon Pulse|p1b: Garchomp
|-supereffective|p1b: Garchomp
|-damage|p1b: Garchomp|35/100 slp
|move|p1a: Ceruledge|Bitter Blade|p2b: Breloom
|-resisted|p2b: Breloom
|-damage|p2b: Breloom|39/100 tox
|-heal|p1a: Ceruledge|100/100|[from] drain|[of] p2b: Breloom
|-damage|p1a: Ceruledge|90/100|[from] item: Life Orb
|move|p2b: Breloom|Drain Punch|p1a: Ceruledge
|-damage|p1a: Ceruledge|70/100
|-heal|p2b: Breloom|48/100 tox|[from] drain|[of] p1a: Ceruledge
|
|-damage|p1b: Garchomp|23/100 slp|[from] Leech Seed|[of] p2b: Breloom
|-heal|p2b: Breloom|62/100 tox|[silent]
|-heal|p2b: Breloom|74/100 tox|[from] ability: Poison Heal
|upkeep
|turn|9
|
|t:|1757823609
|move|p1a: Ceruledge|Shadow Sneak|p2a: Arcanine
|-damage|p2a: Arcanine|25/100
|-damage|p1a: Ceruledge|60/100|[from] item: Life Orb
|-curestatus|p1b: Garchomp|slp|[msg]
|move|p1b: Garchomp|Earthquake|p2a: Arcanine|[spread] p1a,p2a,p2b
|-resisted|p1a: Ceruledge
|-supereffective|p2a: Arcanine
|-damage|p1a: Ceruledge|51/100
|-damage|p2a: Arcanine|0 fnt
|-damage|p2b: Breloom|53/100 tox
|faint|p2a: Arcanine
|move|p2b: Breloom|Drain Punch|p1a: Ceruledge
|-damage|p1a: Ceruledge|28/100
|-heal|p2b: Breloom|64/100 tox|[from] drain|[of] p1a: Ceruledge
|
|-damage|p1b: Garchomp|11/100|[from] Leech Seed|[of] p2b: Breloom
|-heal|p2b: Breloom|77/100 tox|[silent]
|-heal|p2b: Breloom|90/100 tox|[from] ability: Poison Heal
|upkeep
|turn|10
|
|t:|1757823627
|move|p1b: Garchomp|Rock Slide|p2b: Breloom
|-damage|p2b: Breloom|77/100 tox
|move|p1a: Ceruledge|Bulk Up|p1a: Ceruledge
|-boost|p1a: Ceruledge|atk|1
|-boost|p1a: Ceruledge|def|1
|move|p2b: Breloom|Drain Punch|p1a: Ceruledge
|-damage|p1a: Ceruledge|12/100
|-heal|p2b: Breloom|84/100 tox|[from] drain|[of] p1a: Ceruledge
|
|-damage|p1b: Garchomp|0 fnt|[from] Leech Seed|[of] p2b: Breloom
|-heal|p2b: Breloom|96/100 tox|[silent]
|faint|p1b: Garchomp
|-heal|p2b: Breloom|100/100 tox|[from] ability: Poison Heal
|upkeep
|turn|11
|
|t:|1757823642
|move|p1a: Ceruledge|Bitter Blade|p2b: Breloom
|-resisted|p2b: Breloom
|-crit|p2b: Breloom
|-damage|p2b: Breloom|52/100 tox
|-heal|p1a: Ceruledge|38/100|[from] drain|[of] p2b: Breloom
|-damage|p1a: Ceruledge|28/100|[from] item: Life Orb
|move|p2b: Breloom|Drain Punch|p1a: Ceruledge
|-damage|p1a: Ceruledge|10/100
|-heal|p2b: Breloom|61/100 tox|[from] drain|[of] p1a: Ceruledge
|
|-heal|p2b: Breloom|74/100 tox|[from] ability: Poison Heal
|upkeep
|turn|12
|
|t:|1757823664
|move|p1a: Ceruledge|Bitter Blade|p2b: Breloom
|-resisted|p2b: Breloom
|-damage|p2b: Breloom|43/100 tox
|-heal|p1a: Ceruledge|27/100|[from] drain|[of] p2b: Breloom
|-damage|p1a: Ceruledge|17/100|[from] item: Life Orb
|move|p2b: Breloom|Drain Punch|p1a: Ceruledge
|-crit|p1a: Ceruledge
|-damage|p1a: Ceruledge|0 fnt
|-heal|p2b: Breloom|51/100 tox|[from] drain|[of] p1a: Ceruledge
|faint|p1a: Ceruledge
|
|win|Capitan-N
||OwanTanSoup is ready for game 3.
|inactive|Capitan-N has 30 seconds to confirm battle start!
|l|☆Capitan-N
|player|p2|
||Capitan-N is ready for game 3.
|uhtml|next|Next: Game 3 of 3
