|j|☆peparro
|j|☆eviovulpix
|html|peparroeviovulpix    
|uhtml|bestof|Game 2 of a best-of-3
|t:|1783330303
|gametype|doubles
|player|p1|peparro|byron|1161
|player|p2|eviovulpix|265|1183
|gen|9
|tier|[Gen 9 Champions] VGC 2026 Reg M-B (Bo3)
|rated|
|rule|Species Clause: Limit one of each Pokémon
|rule|Item Clause: Limit 1 of each item
|clearpoke
|poke|p1|Charizard, L50, F|
|poke|p1|Garchomp, L50, M|
|poke|p1|Grimmsnarl, L50, M|
|poke|p1|Sneasler, L50, F|
|poke|p1|Metagross, L50|
|poke|p1|Sinistcha, L50|
|poke|p2|Hydreigon, L50, M|
|poke|p2|Ninetales-Alola, L50, F|
|poke|p2|Metagross, L50|
|poke|p2|Sneasler, L50, F|
|poke|p2|Volcarona, L50, M|
|poke|p2|Milotic, L50, M|
|teampreview|4
|showteam|p1|Charizard||CharizarditeY|SolarPower|WeatherBall,Protect,HeatWave,SolarBeam|Bold||F|||50|]Garchomp||LifeOrb|RoughSkin|Earthquake,DragonClaw,RockTomb,Protect|Jolly||M|||50|]Grimmsnarl||LightClay|Prankster|Reflect,LightScreen,PartingShot,FoulPlay|Careful||M|||50|]Sneasler||WhiteHerb|Unburden|CloseCombat,Protect,FakeOut,DireClaw|Jolly||F|||50|]Metagross||Metagrossite|ClearBody|PsychicFangs,IronHead,Trailblaze,Protect|Adamant|||||50|]Sinistcha||OccaBerry|Hospitality|TrickRoom,MatchaGotcha,RagePowder,Protect|Relaxed|||||50|
|showteam|p2|Hydreigon||ChoiceScarf|Levitate|DracoMeteor,DarkPulse,EarthPower,Flamethrower|Modest||M|||50|]Ninetales-Alola||LightClay|SnowWarning|Protect,Blizzard,FreezeDry,AuroraVeil|Timid||F|||50|]Metagross||Metagrossite|ClearBody|Protect,IronHead,PsychicFangs,StompingTantrum|Adamant|||||50|]Sneasler||WhiteHerb|Unburden|Protect,CloseCombat,DireClaw,FakeOut|Adamant||F|||50|]Volcarona||SitrusBerry|FlameBody|RagePowder,Overheat,StruggleBug,Protect|Bold||M|||50|]Milotic||Leftovers|Competitive|MuddyWater,Coil,Hypnosis,Protect|Calm||M|||50|
|inactive|Battle timer is ON: inactive players will automatically lose when time's up. (requested by peparro)
|
|t:|1783330325
|teamsize|p1|4
|teamsize|p2|4
|start
|switch|p1a: Grimmsnarl|Grimmsnarl, L50, M|100/100
|switch|p1b: Sinistcha|Sinistcha, L50|100/100
|switch|p2a: Ninetales|Ninetales-Alola, L50, F|100/100
|switch|p2b: Volcarona|Volcarona, L50, M|100/100
|-weather|Snowscape|[from] ability: Snow Warning|[of] p2a: Ninetales
|turn|1
|
|t:|1783330348
|move|p1a: Grimmsnarl|Light Screen|p1a: Grimmsnarl
|-sidestart|p1: peparro|move: Light Screen
|move|p2a: Ninetales|Aurora Veil|p2a: Ninetales
|-sidestart|p2: eviovulpix|move: Aurora Veil
|move|p2b: Volcarona|Overheat|p1b: Sinistcha
|-supereffective|p1b: Sinistcha|1
|-enditem|p1b: Sinistcha|Occa Berry|[eat]
|-enditem|p1b: Sinistcha|Occa Berry|[weaken]
|-damage|p1b: Sinistcha|62/100
|-unboost|p2b: Volcarona|spa|2
|move|p1b: Sinistcha|Trick Room|p1b: Sinistcha
|-fieldstart|move: Trick Room|[of] p1b: Sinistcha
|
|-weather|Snowscape|[upkeep]
|upkeep
|turn|2
|
|t:|1783330372
|switch|p2a: Milotic|Milotic, L50, M|100/100
|move|p1a: Grimmsnarl|Reflect|p1a: Grimmsnarl
|-sidestart|p1: peparro|Reflect
|move|p1b: Sinistcha|Matcha Gotcha|p2b: Volcarona|[spread] p2a,p2b
|-supereffective|p2a: Milotic|1
|-resisted|p2b: Volcarona|2
|-crit|p2b: Volcarona
|-damage|p2a: Milotic|83/100
|-heal|p1b: Sinistcha|71/100|[from] drain|[of] p2a: Milotic
|-damage|p2b: Volcarona|92/100
|-heal|p1b: Sinistcha|75/100|[from] drain|[of] p2b: Volcarona
|move|p2b: Volcarona|Struggle Bug|p1a: Grimmsnarl|[spread] p1a,p1b
|-damage|p1a: Grimmsnarl|95/100
|-damage|p1b: Sinistcha|70/100
|-unboost|p1a: Grimmsnarl|spa|1
|-unboost|p1b: Sinistcha|spa|1
|
|-weather|Snowscape|[upkeep]
|-heal|p2a: Milotic|89/100|[from] item: Leftovers
|upkeep
|turn|3
|inactive|peparro has 30 seconds left.
|
|t:|1783330399
|move|p1a: Grimmsnarl|Foul Play|p2b: Volcarona
|-damage|p2b: Volcarona|81/100
|move|p1b: Sinistcha|Matcha Gotcha|p2a: Milotic|[spread] p2a,p2b
|-supereffective|p2a: Milotic|1
|-resisted|p2b: Volcarona|2
|-damage|p2a: Milotic|77/100
|-heal|p1b: Sinistcha|77/100|[from] drain|[of] p2a: Milotic
|-damage|p2b: Volcarona|78/100
|-heal|p1b: Sinistcha|78/100|[from] drain|[of] p2b: Volcarona
|move|p2a: Milotic|Coil|p2a: Milotic
|-boost|p2a: Milotic|atk|1
|-boost|p2a: Milotic|def|1
|-boost|p2a: Milotic|accuracy|1
|move|p2b: Volcarona|Struggle Bug|p1a: Grimmsnarl|[spread] p1a,p1b
|-crit|p1b: Sinistcha
|-damage|p1a: Grimmsnarl|91/100
|-damage|p1b: Sinistcha|54/100
|-unboost|p1a: Grimmsnarl|spa|1
|-unboost|p1b: Sinistcha|spa|1
|
|-weather|Snowscape|[upkeep]
|-heal|p2a: Milotic|83/100|[from] item: Leftovers
|upkeep
|turn|4
|inactive|peparro has 30 seconds left.
|inactive|peparro has 20 seconds left.
|
|t:|1783330435
|move|p1b: Sinistcha|Protect|p1b: Sinistcha
|-singleturn|p1b: Sinistcha|Protect
|move|p1a: Grimmsnarl|Parting Shot|p2b: Volcarona
|-unboost|p2b: Volcarona|atk|1
|-unboost|p2b: Volcarona|spa|1
|
|t:|1783330443
|switch|p1a: Charizard|Charizard, L50, F|100/100|[from] Parting Shot
|move|p2a: Milotic|Hypnosis|p1b: Sinistcha
|-activate|p1b: Sinistcha|move: Protect
|move|p2b: Volcarona|Struggle Bug|p1a: Charizard|[spread] p1a
|-activate|p1b: Sinistcha|move: Protect
|-resisted|p1a: Charizard|2
|-damage|p1a: Charizard|98/100
|-unboost|p1a: Charizard|spa|1
|
|-weather|Snowscape|[upkeep]
|-heal|p2a: Milotic|89/100|[from] item: Leftovers
|upkeep
|turn|5
|inactive|peparro has 30 seconds left.
|
|t:|1783330475
|switch|p1b: Grimmsnarl|Grimmsnarl, L50, M|91/100
|switch|p2b: Hydreigon|Hydreigon, L50, M|100/100
|detailschange|p1a: Charizard|Charizard-Mega-Y, L50, F
|-mega|p1a: Charizard|Charizard|Charizardite Y
|-weather|SunnyDay|[from] ability: Drought|[of] p1a: Charizard
|move|p2a: Milotic|Hypnosis|p1a: Charizard
|-status|p1a: Charizard|slp|[from] move: Hypnosis
|cant|p1a: Charizard|slp
|
|-weather|SunnyDay|[upkeep]
|-heal|p2a: Milotic|95/100|[from] item: Leftovers
|-fieldend|move: Trick Room
|upkeep
|turn|6
|inactive|peparro has 30 seconds left.
|
|t:|1783330507
|switch|p2b: Ninetales|Ninetales-Alola, L50, F|100/100
|-weather|Snowscape|[from] ability: Snow Warning|[of] p2b: Ninetales
|cant|p1a: Charizard|slp
|move|p2a: Milotic|Coil|p2a: Milotic
|-boost|p2a: Milotic|atk|1
|-boost|p2a: Milotic|def|1
|-boost|p2a: Milotic|accuracy|1
|move|p1b: Grimmsnarl|Foul Play|p2a: Milotic
|-damage|p2a: Milotic|81/100
|
|-weather|Snowscape|[upkeep]
|-heal|p2a: Milotic|87/100|[from] item: Leftovers
|upkeep
|turn|7
|
|t:|1783330527
|switch|p1a: Sinistcha|Sinistcha, L50|54/100
|-heal|p1b: Grimmsnarl|100/100|[from] ability: Hospitality|[of] p1a: Sinistcha
|move|p2b: Ninetales|Blizzard|p1b: Grimmsnarl|[spread] p1a,p1b
|-supereffective|p1a: Sinistcha|1
|-damage|p1a: Sinistcha|11/100
|-damage|p1b: Grimmsnarl|81/100
|-status|p1b: Grimmsnarl|frz
|move|p2a: Milotic|Muddy Water|p1a: Sinistcha|[spread] p1a,p1b
|-resisted|p1a: Sinistcha|1
|-damage|p1a: Sinistcha|3/100
|-damage|p1b: Grimmsnarl|69/100 frz
|-unboost|p1b: Grimmsnarl|accuracy|1
|cant|p1b: Grimmsnarl|frz
|
|-weather|Snowscape|[upkeep]
|-heal|p2a: Milotic|93/100|[from] item: Leftovers
|upkeep
|turn|8
|inactive|peparro has 30 seconds left.
|
|t:|1783330553
|switch|p2b: Volcarona|Volcarona, L50, M|78/100
|cant|p1b: Grimmsnarl|frz
|move|p2a: Milotic|Muddy Water|p1b: Grimmsnarl|[spread] p1a,p1b
|-resisted|p1a: Sinistcha|1
|-crit|p1a: Sinistcha
|-damage|p1a: Sinistcha|0 fnt
|-damage|p1b: Grimmsnarl|56/100 frz
|faint|p1a: Sinistcha
|
|-weather|Snowscape|[upkeep]
|-heal|p2a: Milotic|99/100|[from] item: Leftovers
|-sideend|p1: peparro|move: Light Screen
|-sideend|p2: eviovulpix|move: Aurora Veil
|upkeep
|
|t:|1783330564
|switch|p1a: Garchomp|Garchomp, L50, M|100/100
|turn|9
|
|t:|1783330581
|switch|p2b: Hydreigon|Hydreigon, L50, M|100/100
|switch|p1b: Charizard|Charizard-Mega-Y, L50, F|98/100 slp
|-weather|SunnyDay|[from] ability: Drought|[of] p1b: Charizard
|move|p1a: Garchomp|Earthquake|p2b: Hydreigon|[spread] p2a
|-immune|p1b: Charizard
|-immune|p2b: Hydreigon|[from] ability: Levitate
|-damage|p2a: Milotic|74/100
|-damage|p1a: Garchomp|90/100|[from] item: Life Orb
|move|p2a: Milotic|Hypnosis|p1a: Garchomp
|-status|p1a: Garchomp|slp|[from] move: Hypnosis
|
|-weather|SunnyDay|[upkeep]
|-heal|p2a: Milotic|80/100|[from] item: Leftovers
|-sideend|p1: peparro|Reflect
|upkeep
|turn|10
|
|t:|1783330606
|switch|p2b: Ninetales|Ninetales-Alola, L50, F|100/100
|-weather|Snowscape|[from] ability: Snow Warning|[of] p2b: Ninetales
|switch|p1a: Grimmsnarl|Grimmsnarl, L50, M|56/100 frz
|-curestatus|p1b: Charizard|slp|[msg]
|move|p1b: Charizard|Heat Wave|p2a: Milotic|[spread] p2a,p2b
|-resisted|p2a: Milotic|1
|-supereffective|p2b: Ninetales|1
|-damage|p2a: Milotic|67/100
|-damage|p2b: Ninetales|3/100
|move|p2a: Milotic|Muddy Water|p1a: Grimmsnarl|[spread] p1a,p1b
|-supereffective|p1b: Charizard|1
|-damage|p1a: Grimmsnarl|35/100 frz
|-damage|p1b: Charizard|55/100
|
|-weather|Snowscape|[upkeep]
|-heal|p2a: Milotic|73/100|[from] item: Leftovers
|upkeep
|turn|11
|
|t:|1783330630
|-curestatus|p1a: Grimmsnarl|frz|[msg]
|move|p1a: Grimmsnarl|Light Screen|p1a: Grimmsnarl
|-sidestart|p1: peparro|move: Light Screen
|move|p2b: Ninetales|Aurora Veil|p2b: Ninetales
|-sidestart|p2: eviovulpix|move: Aurora Veil
|move|p1b: Charizard|Heat Wave|p2a: Milotic|[spread] p2a,p2b
|-resisted|p2a: Milotic|1
|-supereffective|p2b: Ninetales|1
|-damage|p2a: Milotic|66/100
|-damage|p2b: Ninetales|0 fnt
|faint|p2b: Ninetales
|move|p2a: Milotic|Muddy Water|p1b: Charizard|[spread] p1a,p1b
|-supereffective|p1b: Charizard|1
|-damage|p1a: Grimmsnarl|21/100
|-damage|p1b: Charizard|29/100
|
|-weather|Snowscape|[upkeep]
|-heal|p2a: Milotic|72/100|[from] item: Leftovers
|upkeep
|
|t:|1783330645
|switch|p2b: Hydreigon|Hydreigon, L50, M|100/100
|turn|12
|
|t:|1783330665
|move|p2b: Hydreigon|Draco Meteor|p1b: Charizard
|-damage|p1b: Charizard|0 fnt
|-unboost|p2b: Hydreigon|spa|2
|faint|p1b: Charizard
|move|p2a: Milotic|Hypnosis|p1a: Grimmsnarl
|-status|p1a: Grimmsnarl|slp|[from] move: Hypnosis
|cant|p1a: Grimmsnarl|slp
|
|-weather|Snowscape|[upkeep]
|-heal|p2a: Milotic|78/100|[from] item: Leftovers
|upkeep
|
|t:|1783330673
|switch|p1b: Garchomp|Garchomp, L50, M|90/100 slp
|turn|13
|
|t:|1783330684
|move|p2b: Hydreigon|Draco Meteor|p1b: Garchomp
|-supereffective|p1b: Garchomp|1
|-damage|p1b: Garchomp|43/100 slp
|-unboost|p2b: Hydreigon|spa|2
|cant|p1b: Garchomp|slp
|move|p2a: Milotic|Muddy Water|p1a: Grimmsnarl|[spread] p1a,p1b
|-damage|p1a: Grimmsnarl|7/100 slp
|-damage|p1b: Garchomp|28/100 slp
|cant|p1a: Grimmsnarl|slp
|
|-weather|Snowscape|[upkeep]
|-heal|p2a: Milotic|84/100|[from] item: Leftovers
|upkeep
|turn|14
|
|t:|1783330700
|move|p2b: Hydreigon|Draco Meteor|p1b: Garchomp
|-supereffective|p1b: Garchomp|1
|-damage|p1b: Garchomp|0 fnt
|-unboost|p2b: Hydreigon|spa|2
|faint|p1b: Garchomp
|move|p2a: Milotic|Muddy Water|p1a: Grimmsnarl
|-damage|p1a: Grimmsnarl|0 fnt
|faint|p1a: Grimmsnarl
|
|win|eviovulpix
||peparro is ready for game 3.
|inactive|eviovulpix has 30 seconds to confirm battle start!
||eviovulpix is ready for game 3.
|uhtml|next|Next: Game 3 of 3
|l|☆peparro
|player|p1|
