|j|☆BVSelf
|j|☆lordtentacle69
|html|BVSelflordtentacle69    
|uhtml|bestof|Game 1 of a best-of-3
|t:|1783753249
|gametype|doubles
|player|p1|BVSelf|juan|1430
|player|p2|lordtentacle69|corbeau|1423
|gen|9
|tier|[Gen 9 Champions] VGC 2026 Reg M-B (Bo3)
|rated|
|rule|Species Clause: Limit one of each Pokémon
|rule|Item Clause: Limit 1 of each item
|clearpoke
|poke|p1|Torkoal, L50, F|
|poke|p1|Venusaur, L50, F|
|poke|p1|Farigiraf, L50, M|
|poke|p1|Scrafty, L50, M|
|poke|p1|Mamoswine, L50, M|
|poke|p1|Pyroar, L50, M|
|poke|p2|Delphox, L50, M|
|poke|p2|Incineroar, L50, M|
|poke|p2|Maushold-Four, L50|
|poke|p2|Sinistcha, L50|
|poke|p2|Sneasler, L50, M|
|poke|p2|Blastoise, L50, M|
|teampreview|4
|showteam|p1|Torkoal||HeatRock|Drought|Eruption,WeatherBall,HelpingHand,Protect|Quiet||F|||50|]Venusaur||LifeOrb|Chlorophyll|EnergyBall,SludgeBomb,EarthPower,Protect|Modest||F|||50|]Farigiraf||SitrusBerry|ArmorTail|Psychic,Thunderbolt,TrickRoom,Protect|Bold||M|||50|]Scrafty||Scraftinite|Intimidate|KnockOff,DrainPunch,IcePunch,FakeOut|Adamant||M|||50|]Mamoswine||FocusSash|Oblivious|HighHorsepower,RockSlide,IceShard,Protect|Adamant||M|||50|]Pyroar||Pyroarite|Unnerve|HeatWave,Overheat,Yawn,Protect|Timid||M|||50|
|showteam|p2|Delphox||Delphoxite|Blaze|HeatWave,Psychic,NastyPlot,Protect|Timid||M|||50|]Incineroar||SitrusBerry|Intimidate|FakeOut,PartingShot,FlareBlitz,ThroatChop|Impish||M|||50|]Maushold-Four||ChopleBerry|FriendGuard|Feint,HelpingHand,Protect,FollowMe|Impish|||||50|]Sinistcha||KasibBerry|Hospitality|Protect,MatchaGotcha,TrickRoom,RagePowder|Bold|||||50|]Sneasler||FocusSash|PoisonTouch|CloseCombat,PoisonJab,QuickGuard,FakeOut|Adamant||M|||50|]Blastoise||Blastoisinite|RainDish|Protect,WaterSpout,DarkPulse,ShellSmash|Modest||M|||50|
|
|t:|1783753299
|teamsize|p1|4
|teamsize|p2|4
|start
|switch|p1a: Pyroar|Pyroar, L50, M|100/100
|switch|p1b: Scrafty|Scrafty, L50, M|100/100
|switch|p2a: Delphox|Delphox, L50, M|100/100
|switch|p2b: Sarahn's OC|Sneasler, L50, M|100/100
|-ability|p1a: Pyroar|Unnerve
|-ability|p1b: Scrafty|Intimidate|boost
|-unboost|p2a: Delphox|atk|1
|-unboost|p2b: Sarahn's OC|atk|1
|turn|1
|
|t:|1783753318
|switch|p1b: Venusaur|Venusaur, L50, F|100/100
|detailschange|p2a: Delphox|Delphox-Mega, L50, M
|-mega|p2a: Delphox|Delphox|Delphoxite
|move|p2b: Sarahn's OC|Fake Out|p1b: Venusaur
|-damage|p1b: Venusaur|85/100
|move|p2a: Delphox|Psychic|p1a: Pyroar
|-damage|p1a: Pyroar|21/100
|move|p1a: Pyroar|Heat Wave|p2a: Delphox|[spread] p2a,p2b
|-resisted|p2a: Delphox|1
|-damage|p2a: Delphox|84/100
|-damage|p2b: Sarahn's OC|50/100g
|
|upkeep
|turn|2
|
|t:|1783753343
|switch|p2b: MMCH|Maushold-Four, L50|100/100
|move|p1b: Venusaur|Protect|p1b: Venusaur
|-singleturn|p1b: Venusaur|Protect
|move|p2a: Delphox|Heat Wave|p1a: Pyroar|[spread] p1a
|-activate|p1b: Venusaur|move: Protect
|-resisted|p1a: Pyroar|1
|-damage|p1a: Pyroar|0 fnt
|faint|p1a: Pyroar
|
|upkeep
|
|t:|1783753351
|switch|p1a: Scrafty|Scrafty, L50, M|100/100
|-ability|p1a: Scrafty|Intimidate|boost
|-unboost|p2a: Delphox|atk|1
|-unboost|p2b: MMCH|atk|1
|turn|3
|
|t:|1783753364
|switch|p2a: Gochujang|Incineroar, L50, M|100/100
|-ability|p2a: Gochujang|Intimidate|boost
|-unboost|p1a: Scrafty|atk|1
|-unboost|p1b: Venusaur|atk|1
|switch|p2b: Sarahn's OC|Sneasler, L50, M|50/100g
|move|p1a: Scrafty|Fake Out|p2a: Gochujang
|-damage|p2a: Gochujang|93/100
|move|p1b: Venusaur|Sludge Bomb|p2b: Sarahn's OC
|-resisted|p2b: Sarahn's OC|1
|-damage|p2b: Sarahn's OC|14/100
|-damage|p1b: Venusaur|75/100|[from] item: Life Orb
|
|upkeep
|turn|4
|
|t:|1783753388
|switch|p1a: Torkoal|Torkoal, L50, F|100/100
|-weather|SunnyDay|[from] ability: Drought|[of] p1a: Torkoal
|move|p1b: Venusaur|Protect|p1b: Venusaur
|-singleturn|p1b: Venusaur|Protect
|move|p2b: Sarahn's OC|Fake Out|p1a: Torkoal
|-damage|p1a: Torkoal|87/100
|-status|p1a: Torkoal|psn|[from] ability: Poison Touch|[of] p2b: Sarahn's OC
|move|p2a: Gochujang|Parting Shot|p1a: Torkoal
|-unboost|p1a: Torkoal|atk|1
|-unboost|p1a: Torkoal|spa|1
|
|t:|1783753400
|switch|p2a: Delphox|Delphox-Mega, L50, M|84/100|[from] Parting Shot
|
|-weather|SunnyDay|[upkeep]
|-damage|p1a: Torkoal|74/100 psn|[from] psn
|upkeep
|turn|5
|
|t:|1783753416
|move|p1a: Torkoal|Helping Hand|p1b: Venusaur
|-singleturn|p1b: Venusaur|Helping Hand|[of] p1a: Torkoal
|move|p1b: Venusaur|Sludge Bomb|p2a: Delphox
|-damage|p2a: Delphox|7/100
|-damage|p1b: Venusaur|66/100|[from] item: Life Orb
|move|p2a: Delphox|Heat Wave|p1a: Torkoal|[spread] p1a
|-miss|p2a: Delphox|p1b: Venusaur
|-resisted|p1a: Torkoal|1
|-damage|p1a: Torkoal|40/100 psn
|move|p2b: Sarahn's OC|Close Combat|p1a: Torkoal
|-damage|p1a: Torkoal|0 fnt
|-unboost|p2b: Sarahn's OC|def|1
|-unboost|p2b: Sarahn's OC|spd|1
|faint|p1a: Torkoal
|
|-weather|SunnyDay|[upkeep]
|upkeep
|
|t:|1783753424
|switch|p1a: Scrafty|Scrafty, L50, M|100/100
|-ability|p1a: Scrafty|Intimidate|boost
|-unboost|p2a: Delphox|atk|1
|-unboost|p2b: Sarahn's OC|atk|1
|turn|6
|
|t:|1783753440
|switch|p2b: Gochujang|Incineroar, L50, M|93/100
|-ability|p2b: Gochujang|Intimidate|boost
|-unboost|p1a: Scrafty|atk|1
|-unboost|p1b: Venusaur|atk|1
|move|p2a: Delphox|Protect|p2a: Delphox
|-singleturn|p2a: Delphox|Protect
|move|p1b: Venusaur|Sludge Bomb|p2a: Delphox
|-activate|p2a: Delphox|move: Protect
|move|p1a: Scrafty|Knock Off|p2b: Gochujang
|-resisted|p2b: Gochujang|1
|-damage|p2b: Gochujang|81/100
|-enditem|p2b: Gochujang|Sitrus Berry|[from] move: Knock Off|[of] p1a: Scrafty
|
|-weather|SunnyDay|[upkeep]
|upkeep
|turn|7
|
|t:|1783753457
|switch|p2a: MMCH|Maushold-Four, L50|100/100
|detailschange|p1a: Scrafty|Scrafty-Mega, L50, M
|-mega|p1a: Scrafty|Scrafty|Scraftinite
|-ability|p1a: Scrafty|Intimidate|boost
|-unboost|p2a: MMCH|atk|1
|-unboost|p2b: Gochujang|atk|1
|move|p1b: Venusaur|Protect|p1b: Venusaur
|-singleturn|p1b: Venusaur|Protect
|move|p2b: Gochujang|Parting Shot|p1a: Scrafty
|-unboost|p1a: Scrafty|atk|1
|-unboost|p1a: Scrafty|spa|1
|
|t:|1783753468
|switch|p2b: Sarahn's OC|Sneasler, L50, M|14/100|[from] Parting Shot
|move|p1a: Scrafty|Drain Punch|p2a: MMCH
|-supereffective|p2a: MMCH|1
|-enditem|p2a: MMCH|Chople Berry|[eat]
|-enditem|p2a: MMCH|Chople Berry|[weaken]
|-damage|p2a: MMCH|76/100
|
|-weather|SunnyDay|[upkeep]
|upkeep
|turn|8
|
|t:|1783753483
|move|p2a: MMCH|Follow Me|p2a: MMCH
|-singleturn|p2a: MMCH|move: Follow Me
|move|p1b: Venusaur|Sludge Bomb|p2a: MMCH
|-damage|p2a: MMCH|15/100
|-damage|p1b: Venusaur|56/100|[from] item: Life Orb
|move|p2b: Sarahn's OC|Close Combat|p1a: Scrafty
|-supereffective|p1a: Scrafty|1
|-damage|p1a: Scrafty|0 fnt
|-unboost|p2b: Sarahn's OC|def|1
|-unboost|p2b: Sarahn's OC|spd|1
|faint|p1a: Scrafty
|
|-weather|SunnyDay|[upkeep]
|upkeep
|turn|9
|-message|BVSelf forfeited.
|
|win|lordtentacle69
||lordtentacle69 is ready for game 2.
||BVSelf is ready for game 2.
|uhtml|next|Next: Game 2 of 3
|l|☆lordtentacle69
|player|p2|
