|j|☆gundot
|j|☆Gab98
|html|gundotGab98    
|uhtml|bestof|Game 2 of a best-of-3
|t:|1782214857
|gametype|doubles
|player|p1|gundot|ethan|1144
|player|p2|Gab98|hilbert|1135
|gen|9
|tier|[Gen 9 Champions] VGC 2026 Reg M-B (Bo3)
|rated|
|rule|Species Clause: Limit one of each Pokémon
|rule|Item Clause: Limit 1 of each item
|clearpoke
|poke|p1|Froslass, L50, F|
|poke|p1|Scovillain, L50, F, shiny|
|poke|p1|Basculegion, L50, M|
|poke|p1|Kingambit, L50, F|
|poke|p1|Sneasler, L50, F|
|poke|p1|Lycanroc-Dusk, L50, M|
|poke|p2|Charizard, L50, M, shiny|
|poke|p2|Scrafty, L50, M, shiny|
|poke|p2|Sylveon, L50, F|
|poke|p2|Garchomp, L50, M|
|poke|p2|Grimmsnarl, L50, M|
|poke|p2|Sinistcha, L50|
|teampreview|4
|showteam|p1|Froslass||Froslassite|CursedBody|Blizzard,ShadowBall,AuroraVeil,Protect|Modest||F|||50|]Scovillain||Scovillainite|Moody|GigaDrain,Overheat,RagePowder,Protect|Bold||F|||50|]Basculegion||SitrusBerry|Adaptability|WaveCrash,LastRespects,AquaJet,Protect|Adamant||M|||50|]Kingambit||BlackGlasses|Defiant|KowtowCleave,SuckerPunch,SwordsDance,Protect|Adamant||F|||50|]Sneasler||WhiteHerb|Unburden|CloseCombat,GunkShot,Protect,FakeOut|Adamant||F|||50|]Lycanroc-Dusk||FocusSash|ToughClaws|CloseCombat,Accelerock,RockSlide,Protect|Adamant||M|||50|
|showteam|p2|Charizard||CharizarditeY|Blaze|HeatWave,WeatherBall,SolarBeam,Protect|Modest||M|||50|]Scrafty||Scraftinite|Intimidate|DrainPunch,KnockOff,FakeOut,DragonDance|Adamant||M|||50|]Sylveon||FairyFeather|Pixilate|HyperVoice,HyperBeam,QuickAttack,Detect|Modest||F|||50|]Garchomp||LifeOrb|RoughSkin|DragonClaw,Earthquake,RockTomb,Protect|Jolly||M|||50|]Grimmsnarl||LightClay|Prankster|FoulPlay,PartingShot,Reflect,LightScreen|Bold||M|||50|]Sinistcha||SitrusBerry|Hospitality|MatchaGotcha,RagePowder,LifeDew,TrickRoom|Bold|||||50|
|inactive|Battle timer is ON: inactive players will automatically lose when time's up. (requested by gundot)
|inactive|gundot has 60 seconds left.
|
|t:|1782214904
|teamsize|p1|4
|teamsize|p2|4
|start
|switch|p1a: Froslass|Froslass, L50, F|100/100
|switch|p1b: Sneasler|Sneasler, L50, F|100/100
|switch|p2a: Garchomp|Garchomp, L50, M|100/100
|switch|p2b: Grimmsnarl|Grimmsnarl, L50, M|100/100
|turn|1
|
|t:|1782214913
|detailschange|p1a: Froslass|Froslass-Mega, L50, F
|-mega|p1a: Froslass|Froslass|Froslassite
|-weather|Snowscape|[from] ability: Snow Warning|[of] p1a: Froslass
|move|p2a: Garchomp|Protect|p2a: Garchomp
|-singleturn|p2a: Garchomp|Protect
|move|p1b: Sneasler|Fake Out|p2b: Grimmsnarl
|-damage|p2b: Grimmsnarl|88/100
|cant|p2b: Grimmsnarl|flinch
|move|p1a: Froslass|Aurora Veil|p1a: Froslass
|-sidestart|p1: gundot|move: Aurora Veil
|
|-weather|Snowscape|[upkeep]
|upkeep
|turn|2
|
|t:|1782214923
|move|p2b: Grimmsnarl|Light Screen|p2b: Grimmsnarl
|-sidestart|p2: Gab98|move: Light Screen
|move|p1a: Froslass|Blizzard|p2b: Grimmsnarl|[spread] p2a,p2b
|-supereffective|p2a: Garchomp|2
|-damage|p2a: Garchomp|0 fnt
|-damage|p2b: Grimmsnarl|60/100
|faint|p2a: Garchomp
|move|p1b: Sneasler|Gunk Shot|p2b: Grimmsnarl
|-supereffective|p2b: Grimmsnarl|1
|-damage|p2b: Grimmsnarl|0 fnt
|faint|p2b: Grimmsnarl
|
|-weather|Snowscape|[upkeep]
|upkeep
|
|t:|1782214927
|switch|p2a: Charizard|Charizard, L50, M, shiny|100/100
|switch|p2b: Sinistcha|Sinistcha, L50|100/100
|turn|3
|
|t:|1782214947
|detailschange|p2a: Charizard|Charizard-Mega-Y, L50, M, shiny
|-mega|p2a: Charizard|Charizard|Charizardite Y
|-weather|SunnyDay|[from] ability: Drought|[of] p2a: Charizard
|move|p1a: Froslass|Blizzard|p2a: Charizard|[spread] p2a
|-miss|p1a: Froslass|p2b: Sinistcha
|-damage|p2a: Charizard|74/100
|move|p1b: Sneasler|Gunk Shot|p2b: Sinistcha|[miss]
|-miss|p1b: Sneasler|p2b: Sinistcha
|move|p2a: Charizard|Heat Wave|p1b: Sneasler|[spread] p1a,p1b
|-supereffective|p1a: Froslass|1
|-damage|p1a: Froslass|16/100
|-damage|p1b: Sneasler|42/100
|-status|p1a: Froslass|brn
|move|p2b: Sinistcha|Trick Room|p2b: Sinistcha
|-fieldstart|move: Trick Room|[of] p2b: Sinistcha
|
|-weather|SunnyDay|[upkeep]
|-damage|p1a: Froslass|10/100 brn|[from] brn
|upkeep
|turn|4
|
|t:|1782214971
|move|p2b: Sinistcha|Matcha Gotcha|p1b: Sneasler|[spread] p1a,p1b
|-resisted|p1b: Sneasler|1
|-damage|p1a: Froslass|0 fnt
|-damage|p1b: Sneasler|32/100
|-status|p1b: Sneasler|brn
|faint|p1a: Froslass
|move|p2a: Charizard|Heat Wave|p1b: Sneasler
|-damage|p1b: Sneasler|0 fnt
|faint|p1b: Sneasler
|
|-weather|SunnyDay|[upkeep]
|upkeep
|
|t:|1782214978
|switch|p1b: Basculegion|Basculegion, L50, M|100/100
|switch|p1a: Lycanroc|Lycanroc-Dusk, L50, M|100/100
|turn|5
|
|t:|1782214994
|move|p2b: Sinistcha|Rage Powder|p2b: Sinistcha
|-singleturn|p2b: Sinistcha|move: Rage Powder
|move|p1b: Basculegion|Last Respects|p2b: Sinistcha
|-supereffective|p2b: Sinistcha|1
|-damage|p2b: Sinistcha|0 fnt
|faint|p2b: Sinistcha
|move|p2a: Charizard|Heat Wave|p1b: Basculegion|[spread] p1a
|-miss|p2a: Charizard|p1b: Basculegion
|-resisted|p1a: Lycanroc|1
|-damage|p1a: Lycanroc|64/100
|move|p1a: Lycanroc|Rock Slide|p2a: Charizard
|-supereffective|p2a: Charizard|2
|-damage|p2a: Charizard|0 fnt
|faint|p2a: Charizard
|
|win|gundot
