|j|☆qwfadqa
|j|☆aggiorn
|html|qwfadqaaggiorn    
|uhtml|bestof|Game 1 of a best-of-3
|t:|1782235888
|gametype|doubles
|player|p1|qwfadqa|1|1165
|player|p2|aggiorn|leaf-masters2|1306
|gen|9
|tier|[Gen 9 Champions] VGC 2026 Reg M-B (Bo3)
|rated|
|rule|Species Clause: Limit one of each Pokémon
|rule|Item Clause: Limit 1 of each item
|clearpoke
|poke|p1|Lycanroc-Dusk, L50, F|
|poke|p1|Froslass, L50, F|
|poke|p1|Scovillain, L50, M|
|poke|p1|Basculegion, L50, M|
|poke|p1|Kingambit, L50, M, shiny|
|poke|p1|Sneasler, L50, M|
|poke|p2|Whimsicott, L50, M|
|poke|p2|Garchomp, L50, F|
|poke|p2|Blaziken, L50, F|
|poke|p2|Kingambit, L50, F|
|poke|p2|Froslass, L50, F|
|poke|p2|Sylveon, L50, M|
|teampreview|4
|showteam|p1|Lycanroc-Dusk||FocusSash|ToughClaws|RockSlide,CloseCombat,Accelerock,Protect|Adamant||F|||50|]Froslass||Froslassite|SnowCloak|Blizzard,ShadowBall,AuroraVeil,Protect|Timid||F|||50|]Scovillain||Scovillainite|Chlorophyll|Overheat,GigaDrain,RagePowder,Protect|Bold||M|||50|]Basculegion||SitrusBerry|Adaptability|WaveCrash,LastRespects,AquaJet,Protect|Adamant||M|||50|]Kingambit||BlackGlasses|Defiant|KowtowCleave,SuckerPunch,SwordsDance,Protect|Adamant||M|||50|]Sneasler||WhiteHerb|Unburden|CloseCombat,DireClaw,FakeOut,Protect|Adamant||M|||50|
|showteam|p2|Whimsicott||FocusSash|Prankster|Moonblast,EnergyBall,Tailwind,Protect|Modest||M|||50|]Garchomp||LifeOrb|RoughSkin|Earthquake,DragonClaw,RockSlide,Protect|Jolly||F|||50|]Blaziken||Blazikenite|SpeedBoost|FlareBlitz,CloseCombat,ThunderPunch,Protect|Adamant||F|||50|]Kingambit||BlackGlasses|Defiant|IronHead,Protect,KowtowCleave,SuckerPunch|Adamant||F|||50|]Froslass||Froslassite|CursedBody|Blizzard,ShadowBall,AuroraVeil,Protect|Modest||F|||50|]Sylveon||FairyFeather|Pixilate|HyperVoice,QuickAttack,HyperBeam,Detect|Modest||M|||50|
|inactive|Battle timer is ON: inactive players will automatically lose when time's up. (requested by aggiorn)
|inactive|qwfadqa has 60 seconds left.
|inactive|aggiorn has 60 seconds left.
|
|t:|1782235930
|teamsize|p1|4
|teamsize|p2|4
|start
|switch|p1a: Froslass|Froslass, L50, F|100/100
|switch|p1b: Kingambit|Kingambit, L50, M, shiny|100/100
|switch|p2a: Blaziken|Blaziken, L50, F|100/100
|switch|p2b: Whimsicott|Whimsicott, L50, M|100/100
|turn|1
|inactive|aggiorn has 30 seconds left.
|
|t:|1782235962
|switch|p1b: Basculegion|Basculegion, L50, M|100/100
|detailschange|p1a: Froslass|Froslass-Mega, L50, F
|-mega|p1a: Froslass|Froslass|Froslassite
|-weather|Snowscape|[from] ability: Snow Warning|[of] p1a: Froslass
|detailschange|p2a: Blaziken|Blaziken-Mega, L50, F
|-mega|p2a: Blaziken|Blaziken|Blazikenite
|move|p2b: Whimsicott|Tailwind|p2b: Whimsicott
|-sidestart|p2: aggiorn|move: Tailwind
|move|p2a: Blaziken|Close Combat|p1b: Basculegion
|-immune|p1b: Basculegion
|move|p1a: Froslass|Aurora Veil|p1a: Froslass
|-sidestart|p1: qwfadqa|move: Aurora Veil
|
|-weather|Snowscape|[upkeep]
|-ability|p2a: Blaziken|Speed Boost|boost
|-boost|p2a: Blaziken|spe|1
|upkeep
|turn|2
|
|t:|1782235979
|move|p2a: Blaziken|Thunder Punch|p1b: Basculegion
|-supereffective|p1b: Basculegion|1
|-damage|p1b: Basculegion|50/100g
|move|p2b: Whimsicott|Energy Ball|p1b: Basculegion
|-supereffective|p1b: Basculegion|1
|-damage|p1b: Basculegion|2/100
|-enditem|p1b: Basculegion|Sitrus Berry|[eat]
|-heal|p1b: Basculegion|27/100|[from] item: Sitrus Berry
|move|p1a: Froslass|Blizzard|p2a: Blaziken|[spread] p2a,p2b
|-resisted|p2a: Blaziken|1
|-supereffective|p2b: Whimsicott|1
|-damage|p2a: Blaziken|73/100
|-enditem|p2b: Whimsicott|Focus Sash
|-damage|p2b: Whimsicott|1/100
|move|p1b: Basculegion|Wave Crash|p2a: Blaziken
|-supereffective|p2a: Blaziken|1
|-damage|p2a: Blaziken|0 fnt
|faint|p2a: Blaziken
|-damage|p1b: Basculegion|9/100|[from] Recoil
|
|-weather|Snowscape|[upkeep]
|upkeep
|
|t:|1782235998
|switch|p2a: Kingambit|Kingambit, L50, F|100/100
|turn|3
|
|t:|1782236016
|switch|p2b: Garchomp|Garchomp, L50, F|100/100
|move|p2a: Kingambit|Kowtow Cleave|p1b: Basculegion
|-supereffective|p1b: Basculegion|1
|-damage|p1b: Basculegion|0 fnt
|faint|p1b: Basculegion
|move|p1a: Froslass|Blizzard|p2a: Kingambit|[spread] p2a,p2b
|-resisted|p2a: Kingambit|1
|-supereffective|p2b: Garchomp|2
|-damage|p2a: Kingambit|80/100
|-damage|p2b: Garchomp|0 fnt
|faint|p2b: Garchomp
|
|-weather|Snowscape|[upkeep]
|upkeep
|
|t:|1782236023
|switch|p2b: Whimsicott|Whimsicott, L50, M|1/100
|switch|p1b: Lycanroc|Lycanroc-Dusk, L50, F|100/100
|turn|4
|
|t:|1782236039
|move|p2b: Whimsicott|Energy Ball|p1b: Lycanroc
|-supereffective|p1b: Lycanroc|1
|-damage|p1b: Lycanroc|22/100
|-unboost|p1b: Lycanroc|spd|1
|move|p2a: Kingambit|Iron Head|p1b: Lycanroc
|-supereffective|p1b: Lycanroc|1
|-damage|p1b: Lycanroc|0 fnt
|faint|p1b: Lycanroc
|move|p1a: Froslass|Blizzard|p2a: Kingambit|[spread] p2a,p2b
|-resisted|p2a: Kingambit|1
|-supereffective|p2b: Whimsicott|1
|-damage|p2a: Kingambit|58/100
|-damage|p2b: Whimsicott|0 fnt
|faint|p2b: Whimsicott
|
|-weather|Snowscape|[upkeep]
|-sideend|p2: aggiorn|move: Tailwind
|upkeep
|
|t:|1782236045
|switch|p1b: Kingambit|Kingambit, L50, M, shiny|100/100
|turn|5
|
|t:|1782236057
|move|p1a: Froslass|Blizzard|p2a: Kingambit
|-resisted|p2a: Kingambit|1
|-damage|p2a: Kingambit|27/100
|move|p2a: Kingambit|Kowtow Cleave|p1b: Kingambit
|-resisted|p1b: Kingambit|1
|-damage|p1b: Kingambit|86/100
|move|p1b: Kingambit|Swords Dance|p1b: Kingambit
|-boost|p1b: Kingambit|atk|2
|
|-weather|none
|-sideend|p1: qwfadqa|move: Aurora Veil
|upkeep
|turn|6
|
|t:|1782236071
|move|p1a: Froslass|Shadow Ball|p2a: Kingambit
|-resisted|p2a: Kingambit|1
|-damage|p2a: Kingambit|5/100
|move|p2a: Kingambit|Iron Head|p1b: Kingambit
|-resisted|p1b: Kingambit|1
|-damage|p1b: Kingambit|68/100
|move|p1b: Kingambit|Kowtow Cleave|p2a: Kingambit
|-resisted|p2a: Kingambit|1
|-damage|p2a: Kingambit|0 fnt
|faint|p2a: Kingambit
|
|win|qwfadqa
||aggiorn is ready for game 2.
|inactive|qwfadqa has 30 seconds to confirm battle start!
||qwfadqa is ready for game 2.
|uhtml|next|Next: Game 2 of 3
