|j|☆rojo53
|j|☆RotkodDoktor
|html|rojo53RotkodDoktor    
|uhtml|bestof|Game 2 of a best-of-3
|t:|1785838086
|gametype|doubles
|player|p1|rojo53|266|
|player|p2|RotkodDoktor|scientist|
|gen|9
|tier|[Gen 9 Champions] VGC 2026 Reg M-B (Bo3)
|rule|Species Clause: Limit one of each Pokémon
|rule|Item Clause: Limit 1 of each item
|clearpoke
|poke|p1|Delphox, L50, F|
|poke|p1|Blastoise, L50, F|
|poke|p1|Sneasler, L50, F|
|poke|p1|Maushold, L50|
|poke|p1|Sinistcha-Masterpiece, L50|
|poke|p1|Incineroar, L50, F|
|poke|p2|Malamar, L50, F|
|poke|p2|Sinistcha, L50|
|poke|p2|Whimsicott, L50, M|
|poke|p2|Glimmora, L50, F|
|poke|p2|Incineroar, L50, F|
|poke|p2|Maushold-Four, L50|
|teampreview|4
|showteam|p1|Delphox||Delphoxite|Blaze|HeatWave,Psychic,Protect,NastyPlot|Timid||F|||50|]Blastoise||Blastoisinite|RainDish|WaterSpout,DarkPulse,ShellSmash,Protect|Modest||F|||50|]Sneasler||FocusSash|PoisonTouch|CloseCombat,PoisonJab,RockTomb,FakeOut|Jolly||F|||50|]Maushold||ChopleBerry|FriendGuard|FollowMe,HelpingHand,Protect,SuperFang|Jolly|||||50|]Sinistcha-Masterpiece||KasibBerry|Hospitality|MatchaGotcha,RagePowder,Protect,TrickRoom|Bold|||||50|]Incineroar||SitrusBerry|Intimidate|FakeOut,FlareBlitz,PartingShot,HelpingHand|Careful||F|||50|
|showteam|p2|Malamar||Malamarite|Contrary|KnockOff,PsychoCut,Superpower,Protect|Adamant||F|||50|]Sinistcha||ColburBerry|Hospitality|MatchaGotcha,Protect,RagePowder,TrickRoom|Bold|||||50|]Whimsicott||FocusSash|Prankster|Tailwind,Moonblast,Charm,FakeTears|Timid||M|||50|]Glimmora||Glimmoranite|ToxicDebris|PowerGem,SludgeBomb,EarthPower,SpikyShield|Timid||F|||50|]Incineroar||PasshoBerry|Intimidate|FakeOut,FlareBlitz,DarkestLariat,PartingShot|Impish||F|||50|]Maushold-Four||WideLens|Technician|PopulationBomb,Feint,FollowMe,Protect|Jolly|||||50|
|j| Paniskter
|j| qqcantabalarana
|j| LuixenS
|j| pecurto23
|inactive|Battle timer is ON: inactive players will automatically lose when time's up. (requested by rojo53)
|inactive|RotkodDoktor has 60 seconds left.
|
|t:|1785838169
|teamsize|p1|4
|teamsize|p2|4
|start
|switch|p1a: Blastoise|Blastoise, L50, F|100/100
|switch|p1b: Sneasler|Sneasler, L50, F|100/100
|switch|p2a: Malamar|Malamar, L50, F|100/100
|switch|p2b: Sinistcha|Sinistcha, L50|100/100
|turn|1
|inactive|rojo53 has 30 seconds left.
|inactive|rojo53 has 20 seconds left.
|
|t:|1785838206
|detailschange|p1a: Blastoise|Blastoise-Mega, L50, F
|-mega|p1a: Blastoise|Blastoise|Blastoisinite
|detailschange|p2a: Malamar|Malamar-Mega, L50, F
|-mega|p2a: Malamar|Malamar|Malamarite
|move|p1b: Sneasler|Rock Tomb|p1a: Blastoise|[miss]
|-miss|p1b: Sneasler|p1a: Blastoise
|move|p1a: Blastoise|Dark Pulse|p2b: Sinistcha
|-supereffective|p2b: Sinistcha|1
|-enditem|p2b: Sinistcha|Colbur Berry|[eat]
|-enditem|p2b: Sinistcha|Colbur Berry|[weaken]
|-damage|p2b: Sinistcha|56/100
|move|p2a: Malamar|Psycho Cut|p1b: Sneasler
|-supereffective|p1b: Sneasler|2
|-enditem|p1b: Sneasler|Focus Sash
|-damage|p1b: Sneasler|1/100
|move|p2b: Sinistcha|Trick Room|p2b: Sinistcha
|-fieldstart|move: Trick Room|[of] p2b: Sinistcha
|
|upkeep
|turn|2
|j| pablittoo
|inactive|rojo53 has 30 seconds left.
|inactive|rojo53 has 20 seconds left.
|inactive|rojo53 has 15 seconds left.
|
|t:|1785838251
|switch|p1b: Maushold|Maushold, L50|100/100
|move|p1a: Blastoise|Protect|p1a: Blastoise
|-singleturn|p1a: Blastoise|Protect
|move|p2b: Sinistcha|Matcha Gotcha|p1b: Maushold|[spread] p1b
|-activate|p1a: Blastoise|move: Protect
|-damage|p1b: Maushold|70/100
|-heal|p2b: Sinistcha|71/100|[from] drain|[of] p1b: Maushold
|move|p2a: Malamar|Superpower|p1a: Blastoise
|-activate|p1a: Blastoise|move: Protect
|
|upkeep
|turn|3
|
|t:|1785838265
|switch|p1a: Sinistcha|Sinistcha-Masterpiece, L50|100/100
|-heal|p1b: Maushold|95/100|[from] ability: Hospitality|[of] p1a: Sinistcha
|move|p1b: Maushold|Protect|p1b: Maushold
|-singleturn|p1b: Maushold|Protect
|move|p2b: Sinistcha|Matcha Gotcha|p1b: Maushold|[spread] p1a
|-activate|p1b: Maushold|move: Protect
|-resisted|p1a: Sinistcha|1
|-damage|p1a: Sinistcha|91/100
|-heal|p2b: Sinistcha|75/100|[from] drain|[of] p1a: Sinistcha
|move|p2a: Malamar|Superpower|p1b: Maushold
|-activate|p1b: Maushold|move: Protect
|
|upkeep
|turn|4
|inactive|RotkodDoktor has 30 seconds left.
|
|t:|1785838294
|move|p2a: Malamar|Protect|p2a: Malamar
|-singleturn|p2a: Malamar|Protect
|move|p1a: Sinistcha|Rage Powder|p1a: Sinistcha
|-singleturn|p1a: Sinistcha|move: Rage Powder
|move|p1b: Maushold|Super Fang|p2a: Malamar
|-activate|p2a: Malamar|move: Protect
|move|p2b: Sinistcha|Trick Room|p2b: Sinistcha
|-fieldend|move: Trick Room
|
|upkeep
|turn|5
|
|t:|1785838318
|move|p1b: Maushold|Protect|p1b: Maushold
|-singleturn|p1b: Maushold|Protect
|move|p2a: Malamar|Knock Off|p1a: Sinistcha
|-supereffective|p1a: Sinistcha|1
|-crit|p1a: Sinistcha
|-damage|p1a: Sinistcha|23/100
|-enditem|p1a: Sinistcha|Kasib Berry|[from] move: Knock Off|[of] p2a: Malamar
|move|p2b: Sinistcha|Matcha Gotcha|p1b: Maushold|[spread] 
|-activate|p1b: Maushold|move: Protect
|-miss|p2b: Sinistcha|p1a: Sinistcha
|move|p1a: Sinistcha|Matcha Gotcha|p2b: Sinistcha|[spread] p2a,p2b
|-resisted|p2b: Sinistcha|1
|-damage|p2a: Malamar|79/100
|-heal|p1a: Sinistcha|34/100|[from] drain|[of] p2a: Malamar
|-damage|p2b: Sinistcha|65/100
|-heal|p1a: Sinistcha|39/100|[from] drain|[of] p2b: Sinistcha
|
|upkeep
|turn|6
|
|t:|1785838334
|switch|p2b: Whimsicott|Whimsicott, L50, M|100/100
|move|p2a: Malamar|Protect|p2a: Malamar
|-singleturn|p2a: Malamar|Protect
|move|p1b: Maushold|Super Fang|p2a: Malamar
|-activate|p2a: Malamar|move: Protect
|move|p1a: Sinistcha|Matcha Gotcha|p2a: Malamar|[spread] p2b
|-activate|p2a: Malamar|move: Protect
|-resisted|p2b: Whimsicott|1
|-damage|p2b: Whimsicott|81/100
|-heal|p1a: Sinistcha|46/100|[from] drain|[of] p2b: Whimsicott
|
|upkeep
|turn|7
|
|t:|1785838352
|move|p1a: Sinistcha|Rage Powder|p1a: Sinistcha
|-singleturn|p1a: Sinistcha|move: Rage Powder
|move|p2b: Whimsicott|Charm|p2a: Malamar
|-boost|p2a: Malamar|atk|2
|move|p1b: Maushold|Super Fang|p2a: Malamar
|-damage|p2a: Malamar|39/100
|move|p2a: Malamar|Knock Off|p1a: Sinistcha
|-supereffective|p1a: Sinistcha|1
|-damage|p1a: Sinistcha|0 fnt
|faint|p1a: Sinistcha
|
|upkeep
|
|t:|1785838368
|switch|p1a: Blastoise|Blastoise-Mega, L50, F|100/100
|turn|8
|inactive|RotkodDoktor has 30 seconds left.
|inactive|RotkodDoktor has 20 seconds left.
|
|t:|1785838407
|switch|p2b: Sinistcha|Sinistcha, L50|65/100
|-heal|p2a: Malamar|64/100|[from] ability: Hospitality|[of] p2b: Sinistcha
|move|p2a: Malamar|Protect|p2a: Malamar
|-singleturn|p2a: Malamar|Protect
|move|p1b: Maushold|Follow Me|p1b: Maushold
|-singleturn|p1b: Maushold|move: Follow Me
|move|p1a: Blastoise|Water Spout|p2b: Sinistcha|[spread] p2b
|-activate|p2a: Malamar|move: Protect
|-resisted|p2b: Sinistcha|1
|-damage|p2b: Sinistcha|35/100
|
|upkeep
|turn|9
|inactive|rojo53 has 30 seconds left.
|
|t:|1785838435
|move|p1b: Maushold|Helping Hand|p1a: Blastoise
|-singleturn|p1a: Blastoise|Helping Hand|[of] p1b: Maushold
|move|p1a: Blastoise|Water Spout|p2b: Sinistcha|[spread] p2a,p2b
|-resisted|p2b: Sinistcha|1
|-damage|p2a: Malamar|0 fnt
|-damage|p2b: Sinistcha|0 fnt
|faint|p2a: Malamar
|faint|p2b: Sinistcha
|
|upkeep
|
|t:|1785838439
|switch|p2a: Maushold|Maushold-Four, L50|100/100
|switch|p2b: Whimsicott|Whimsicott, L50, M|81/100
|turn|10
|
|t:|1785838451
|move|p1b: Maushold|Follow Me|p1b: Maushold
|-singleturn|p1b: Maushold|move: Follow Me
|move|p2b: Whimsicott|Moonblast|p1b: Maushold
|-damage|p1b: Maushold|53/100
|move|p2a: Maushold|Population Bomb|p1b: Maushold
|-damage|p1b: Maushold|39/100
|-damage|p1b: Maushold|24/100
|-damage|p1b: Maushold|9/100
|-damage|p1b: Maushold|0 fnt
|faint|p1b: Maushold
|-hitcount|p1: Maushold|4
|move|p1a: Blastoise|Water Spout|p2a: Maushold|[spread] p2a,p2b
|-resisted|p2b: Whimsicott|1
|-damage|p2a: Maushold|0 fnt
|-damage|p2b: Whimsicott|24/100
|faint|p2a: Maushold
|
|upkeep
|
|t:|1785838456
|switch|p1b: Sneasler|Sneasler, L50, F|1/100
|turn|11
|
|t:|1785838468
|move|p1b: Sneasler|Poison Jab|p2b: Whimsicott
|-supereffective|p2b: Whimsicott|2
|-damage|p2b: Whimsicott|0 fnt
|faint|p2b: Whimsicott
|
|win|rojo53
|c|☆rojo53|gg
|l| LuixenS
|c|☆RotkodDoktor|Ggs
|l| qqcantabalarana
