|j|☆STARMAXXIMUS
|j|☆Giraffes in Gdansk
|html|STARMAXXIMUSGiraffes in Gdansk    
|uhtml|bestof|Game 2 of a best-of-3
|t:|1756380242
|gametype|doubles
|player|p1|STARMAXXIMUS|yellow|1291
|player|p2|Giraffes in Gdansk|acetrainer-gen4dp|1368
|gen|9
|tier|[Gen 9] VGC 2025 Reg H (Bo3)
|rated|
|rule|Species Clause: Limit one of each Pokémon
|rule|Item Clause: Limit 1 of each item
|clearpoke
|poke|p1|Rillaboom, L50, M|
|poke|p1|Electabuzz, L50, M|
|poke|p1|Kingambit, L50, M|
|poke|p1|Blaziken, L50, F|
|poke|p1|Dragapult, L50, M|
|poke|p1|Primarina, L50, M|
|poke|p2|Dragonite, L50, F|
|poke|p2|Amoonguss, L50, M|
|poke|p2|Incineroar, L50, M|
|poke|p2|Ursaluna, L50, F|
|poke|p2|Sneasler, L50, F|
|poke|p2|Farigiraf, L50, M|
|teampreview|4
|showteam|p1|Rillaboom||AssaultVest|GrassySurge|WoodHammer,GrassyGlide,HighHorsepower,FakeOut|||M|||50|,,,,,Water]Electabuzz||Eviolite|VitalSpirit|Thunderbolt,FollowMe,HelpingHand,Protect|||M|||50|,,,,,Ghost]Kingambit||BlackGlasses|Defiant|KowtowCleave,SuckerPunch,SwordsDance,Protect|||M|||50|,,,,,Dark]Blaziken||FocusSash|SpeedBoost|HeatWave,AuraSphere,Coaching,Protect|||F|||50|,,,,,Ghost]Dragapult||ChoiceBand|ClearBody|DragonDarts,Outrage,PhantomForce,Uturn|||M|||50|,,,,,Dragon]Primarina||SitrusBerry|LiquidVoice|HyperVoice,Moonblast,Haze,Protect|||M|||50|,,,,,Poison
|showteam|p2|Dragonite||LoadedDice|Multiscale|ScaleShot,Tailwind,Haze,Protect|||F|||50|,,,,,Fairy]Amoonguss||SitrusBerry|Regenerator|Spore,RagePowder,PollenPuff,Protect|||M|||50|,,,,,Psychic]Incineroar||SafetyGoggles|Intimidate|FlareBlitz,KnockOff,FakeOut,PartingShot|||M|||50|,,,,,Ghost]Ursaluna||FlameOrb|Guts|Earthquake,HeadlongRush,Facade,Protect|||F|||50|,,,,,Normal]Sneasler||FocusSash|Unburden|CloseCombat,DireClaw,Coaching,Protect|||F|||50|,,,,,Stellar]Farigiraf||ThroatSpray|ArmorTail|HyperVoice,TwinBeam,TrickRoom,Protect|||M|||50|,,,,,Fire
|inactive|Battle timer is ON: inactive players will automatically lose when time's up. (requested by STARMAXXIMUS)
|
|t:|1756380270
|teamsize|p1|4
|teamsize|p2|4
|start
|switch|p1a: Dragapult|Dragapult, L50, M|100/100
|switch|p1b: Electabuzz|Electabuzz, L50, M|100/100
|switch|p2a: Jbungo|Dragonite, L50, F, shiny|100/100
|switch|p2b: Shblingus|Sneasler, L50, F, shiny|100/100
|turn|1
|
|t:|1756380280
|-terastallize|p2a: Jbungo|Fairy
|move|p1b: Electabuzz|Follow Me|p1b: Electabuzz
|-singleturn|p1b: Electabuzz|move: Follow Me
|move|p1a: Dragapult|Dragon Darts|p2b: Shblingus
|-damage|p2b: Shblingus|26/100
|-anim|p1a: Dragapult|Dragon Darts|p2b: Shblingus
|-damage|p2b: Shblingus|0 fnt
|faint|p2b: Shblingus
|move|p2a: Jbungo|Scale Shot|p1b: Electabuzz
|-damage|p1b: Electabuzz|89/100
|-damage|p1b: Electabuzz|78/100
|-damage|p1b: Electabuzz|67/100
|-crit|p1b: Electabuzz
|-damage|p1b: Electabuzz|48/100
|-hitcount|p1b: Electabuzz|4
|-unboost|p2a: Jbungo|def|1
|-boost|p2a: Jbungo|spe|1
|
|upkeep
|
|t:|1756380286
|switch|p2b: The Incident|Incineroar, L50, M, shiny|100/100
|-ability|p2b: The Incident|Intimidate|boost
|-fail|p1a: Dragapult|unboost|[from] ability: Clear Body|[of] p1a: Dragapult
|-unboost|p1b: Electabuzz|atk|1
|turn|2
|
|t:|1756380298
|switch|p1a: Primarina|Primarina, L50, M|100/100
|move|p1b: Electabuzz|Protect|p1b: Electabuzz
|-singleturn|p1b: Electabuzz|Protect
|move|p2a: Jbungo|Scale Shot|p1b: Electabuzz
|-activate|p1b: Electabuzz|move: Protect
|move|p2b: The Incident|Knock Off|p1a: Primarina
|-resisted|p1a: Primarina
|-damage|p1a: Primarina|78/100
|-enditem|p1a: Primarina|Sitrus Berry|[from] move: Knock Off|[of] p2b: The Incident
|
|upkeep
|turn|3
|
|t:|1756380313
|move|p2a: Jbungo|Scale Shot|p1b: Electabuzz
|-damage|p1b: Electabuzz|37/100
|-damage|p1b: Electabuzz|26/100
|-damage|p1b: Electabuzz|15/100
|-crit|p1b: Electabuzz
|-damage|p1b: Electabuzz|0 fnt
|faint|p1b: Electabuzz
|-hitcount|p1: Electabuzz|4
|-unboost|p2a: Jbungo|def|1
|-boost|p2a: Jbungo|spe|1
|move|p1a: Primarina|Hyper Voice|p2a: Jbungo|[spread] p2a,p2b
|-supereffective|p2b: The Incident
|-damage|p2a: Jbungo|83/100
|-damage|p2b: The Incident|49/100
|move|p2b: The Incident|Parting Shot|p1a: Primarina
|-unboost|p1a: Primarina|atk|1
|-unboost|p1a: Primarina|spa|1
|
|t:|1756380327
|switch|p2b: Shmungus|Amoonguss, L50, M, shiny|100/100|[from] Parting Shot
|
|upkeep
|
|t:|1756380331
|switch|p1b: Rillaboom|Rillaboom, L50, M|100/100
|-fieldstart|move: Grassy Terrain|[from] ability: Grassy Surge|[of] p1b: Rillaboom
|turn|4
|
|t:|1756380338
|switch|p1a: Dragapult|Dragapult, L50, M|100/100
|move|p2b: Shmungus|Protect|p2b: Shmungus
|-singleturn|p2b: Shmungus|Protect
|move|p2a: Jbungo|Scale Shot|p1b: Rillaboom
|-damage|p1b: Rillaboom|86/100
|-damage|p1b: Rillaboom|71/100
|-damage|p1b: Rillaboom|55/100
|-damage|p1b: Rillaboom|40/100
|-hitcount|p1b: Rillaboom|4
|-unboost|p2a: Jbungo|def|1
|-boost|p2a: Jbungo|spe|1
|move|p1b: Rillaboom|Wood Hammer|p2a: Jbungo
|-damage|p2a: Jbungo|0 fnt
|faint|p2a: Jbungo
|-damage|p1b: Rillaboom|17/100|[from] Recoil
|
|-heal|p1b: Rillaboom|23/100|[from] Grassy Terrain
|upkeep
|
|t:|1756380341
|switch|p2a: The Incident|Incineroar, L50, M, shiny|49/100
|-ability|p2a: The Incident|Intimidate|boost
|-fail|p1a: Dragapult|unboost|[from] ability: Clear Body|[of] p1a: Dragapult
|-unboost|p1b: Rillaboom|atk|1
|turn|5
|
|t:|1756380360
|switch|p1b: Primarina|Primarina, L50, M|78/100
|-terastallize|p1a: Dragapult|Dragon
|move|p2a: The Incident|Fake Out|p1a: Dragapult
|-damage|p1a: Dragapult|83/100
|cant|p1a: Dragapult|flinch
|move|p2b: Shmungus|Spore|p1a: Dragapult
|-status|p1a: Dragapult|slp|[from] move: Spore
|
|-heal|p1a: Dragapult|90/100 slp|[from] Grassy Terrain
|-heal|p1b: Primarina|84/100|[from] Grassy Terrain
|-heal|p2a: The Incident|55/100|[from] Grassy Terrain
|upkeep
|turn|6
|c|☆Giraffes in Gdansk|I still lose but it was cool
|
|t:|1756380382
|move|p1b: Primarina|Protect|p1b: Primarina
|-singleturn|p1b: Primarina|Protect
|cant|p1a: Dragapult|slp
|move|p2a: The Incident|Flare Blitz|p1b: Primarina
|-activate|p1b: Primarina|move: Protect
|move|p2b: Shmungus|Spore|p1b: Primarina
|-activate|p1b: Primarina|move: Protect
|
|-heal|p1a: Dragapult|96/100 slp|[from] Grassy Terrain
|-heal|p1b: Primarina|90/100|[from] Grassy Terrain
|-heal|p2a: The Incident|61/100|[from] Grassy Terrain
|upkeep
|turn|7
|
|t:|1756380393
|cant|p1a: Dragapult|slp
|move|p1b: Primarina|Hyper Voice|p2b: Shmungus|[spread] p2a,p2b
|-supereffective|p2a: The Incident
|-resisted|p2b: Shmungus
|-damage|p2a: The Incident|7/100
|-damage|p2b: Shmungus|87/100
|move|p2a: The Incident|Flare Blitz|p1b: Primarina
|-resisted|p1b: Primarina
|-damage|p1b: Primarina|59/100
|-damage|p2a: The Incident|0 fnt|[from] Recoil
|faint|p2a: The Incident
|move|p2b: Shmungus|Spore|p1b: Primarina
|-status|p1b: Primarina|slp|[from] move: Spore
|
|-heal|p1a: Dragapult|100/100 slp|[from] Grassy Terrain
|-heal|p1b: Primarina|65/100 slp|[from] Grassy Terrain
|-heal|p2b: Shmungus|93/100|[from] Grassy Terrain
|upkeep
|turn|8
|c|☆Giraffes in Gdansk|ggwp
|-message|Giraffes in Gdansk forfeited.
|
|win|STARMAXXIMUS
|raw|STARMAXXIMUS's rating: 1291 → 1321(+30 for winning)
|raw|Giraffes in Gdansk's rating: 1368 → 1344(-24 for losing)
