|j|☆Rexar.Deco
|j|☆raineyluvsu
|html|Rexar.Decoraineyluvsu    
|uhtml|bestof|Game 1 of a best-of-3
|t:|1783773515
|gametype|doubles
|player|p1|Rexar.Deco|102|1047
|player|p2|raineyluvsu|265|1072
|gen|9
|tier|[Gen 9 Champions] VGC 2026 Reg M-B (Bo3)
|rated|
|rule|Species Clause: Limit one of each Pokémon
|rule|Item Clause: Limit 1 of each item
|clearpoke
|poke|p1|Sinistcha, L50|
|poke|p1|Tyranitar, L50, M|
|poke|p1|Incineroar, L50, M|
|poke|p1|Sylveon, L50, F|
|poke|p1|Sneasler, L50, F|
|poke|p1|Mamoswine, L50, M|
|poke|p2|Metagross, L50|
|poke|p2|Basculegion, L50, M|
|poke|p2|Blaziken, L50, M|
|poke|p2|Politoed, L50, M|
|poke|p2|Tsareena, L50, F|
|poke|p2|Kingambit, L50, F|
|teampreview|4
|showteam|p1|Sinistcha||Leftovers|Hospitality|MatchaGotcha,TrickRoom,RagePowder,Protect|Calm|||||50|]Tyranitar||Tyranitarite|SandStream|RockSlide,KnockOff,LowKick,Protect|Adamant||M|||50|]Incineroar||SitrusBerry|Intimidate|FakeOut,PartingShot,FlareBlitz,DarkestLariat|Adamant||M|||50|]Sylveon||FairyFeather|Pixilate|HyperBeam,HyperVoice,QuickAttack,Detect|Modest||F|||50|]Sneasler||WhiteHerb|Unburden|CloseCombat,DireClaw,FakeOut,Protect|Adamant||F|||50|]Mamoswine||FocusSash|Oblivious|IcicleCrash,IceShard,HighHorsepower,Protect|Adamant||M|||50|
|showteam|p2|Metagross||Metagrossite|ClearBody|IronHead,PsychicFangs,StompingTantrum,Protect|Jolly|||||50|]Basculegion||LifeOrb|Adaptability|WaveCrash,LastRespects,AquaJet,Protect|Jolly||M|||50|]Blaziken||FocusSash|SpeedBoost|Overheat,AuraSphere,Coaching,Detect|Modest||M|||50|]Politoed||SitrusBerry|Drizzle|WeatherBall,IceBeam,PerishSong,Protect|Bold||M|||50|]Tsareena||ChoiceScarf|QueenlyMajesty|TropKick,TripleAxel,LowKick,Uturn|Jolly||F|||50|]Kingambit||BlackGlasses|Defiant|KowtowCleave,SuckerPunch,SwordsDance,Protect|Brave||F|||50|
|
|t:|1783773543
|teamsize|p1|4
|teamsize|p2|4
|start
|switch|p1a: Sylveon|Sylveon, L50, F|100/100
|switch|p1b: Sneasler|Sneasler, L50, F|100/100
|switch|p2a: Blaziken|Blaziken, L50, M|100/100
|switch|p2b: Metagross|Metagross, L50|100/100
|turn|1
|
|t:|1783773569
|switch|p2a: Tsareena|Tsareena, L50, F|100/100
|detailschange|p2b: Metagross|Metagross-Mega, L50
|-mega|p2b: Metagross|Metagross|Metagrossite
|move|p1b: Sneasler|Fake Out||[still]
|cant|p2a: Tsareena|ability: Queenly Majesty|Fake Out|[of] p1b: Sneasler
|move|p2b: Metagross|Psychic Fangs|p1b: Sneasler
|-supereffective|p1b: Sneasler|2
|-damage|p1b: Sneasler|0 fnt
|faint|p1b: Sneasler
|move|p1a: Sylveon|Hyper Voice|p2b: Metagross|[spread] p2a,p2b
|-resisted|p2b: Metagross|1
|-damage|p2a: Tsareena|40/100
|-damage|p2b: Metagross|74/100
|
|upkeep
|
|t:|1783773582
|switch|p1b: Incineroar|Incineroar, L50, M|100/100
|-ability|p1b: Incineroar|Intimidate|boost
|-unboost|p2a: Tsareena|atk|1
|-unboost|p2b: Metagross|atk|1
|turn|2
|
|t:|1783773611
|move|p2a: Tsareena|Low Kick|p1b: Incineroar
|-supereffective|p1b: Incineroar|1
|-damage|p1b: Incineroar|70/100
|move|p2b: Metagross|Iron Head|p1a: Sylveon
|-supereffective|p1a: Sylveon|1
|-damage|p1a: Sylveon|12/100
|move|p1b: Incineroar|Darkest Lariat|p2b: Metagross
|-supereffective|p2b: Metagross|1
|-damage|p2b: Metagross|14/100
|cant|p1a: Sylveon|flinch
|
|upkeep
|turn|3
|c|☆Rexar.Deco|wow
|c|☆raineyluvsu|yeah..
|
|t:|1783773646
|move|p2a: Tsareena|Low Kick|p1a: Sylveon
|-resisted|p1a: Sylveon|1
|-damage|p1a: Sylveon|7/100
|move|p2b: Metagross|Stomping Tantrum|p1b: Incineroar
|-supereffective|p1b: Incineroar|1
|-damage|p1b: Incineroar|32/100
|-enditem|p1b: Incineroar|Sitrus Berry|[eat]
|-heal|p1b: Incineroar|57/100|[from] item: Sitrus Berry
|move|p1a: Sylveon|Hyper Voice|p2a: Tsareena|[spread] p2a,p2b
|-resisted|p2b: Metagross|1
|-damage|p2a: Tsareena|0 fnt
|-damage|p2b: Metagross|0 fnt
|faint|p2a: Tsareena
|faint|p2b: Metagross
|move|p1b: Incineroar|Darkest Lariat|p2: Tsareena|[notarget]
|-fail|p1b: Incineroar
|
|upkeep
|
|t:|1783773652
|switch|p2b: Basculegion|Basculegion, L50, M|100/100
|switch|p2a: Blaziken|Blaziken, L50, M|100/100
|turn|4
|
|t:|1783773671
|switch|p1b: Tyranitar|Tyranitar, L50, M|100/100
|-weather|Sandstorm|[from] ability: Sand Stream|[of] p1b: Tyranitar
|move|p2b: Basculegion|Aqua Jet|p1a: Sylveon
|-damage|p1a: Sylveon|0 fnt
|faint|p1a: Sylveon
|-damage|p2b: Basculegion|90/100|[from] item: Life Orb
|move|p2a: Blaziken|Aura Sphere|p1b: Tyranitar
|-supereffective|p1b: Tyranitar|2
|-damage|p1b: Tyranitar|1/100
|
|-weather|Sandstorm|[upkeep]
|-damage|p2b: Basculegion|84/100|[from] Sandstorm
|-damage|p2a: Blaziken|94/100|[from] Sandstorm
|-ability|p2a: Blaziken|Speed Boost|boost
|-boost|p2a: Blaziken|spe|1
|upkeep
|
|t:|1783773685
|switch|p1a: Incineroar|Incineroar, L50, M|57/100
|-ability|p1a: Incineroar|Intimidate|boost
|-unboost|p2a: Blaziken|atk|1
|-unboost|p2b: Basculegion|atk|1
|turn|5
|-message|Rexar.Deco forfeited.
|
|win|raineyluvsu
|l|☆Rexar.Deco
|player|p1|
||Rexar.Deco is ready for game 2.
