|j|☆alejandrorr
|j|☆ItsRoca
|html|alejandrorrItsRoca    
|uhtml|bestof|Game 1 of a best-of-3
|t:|1783782240
|gametype|doubles
|player|p1|alejandrorr|265|
|player|p2|ItsRoca|101|
|gen|9
|tier|[Gen 9 Champions] VGC 2026 Reg M-B (Bo3)
|rule|Species Clause: Limit one of each Pokémon
|rule|Item Clause: Limit 1 of each item
|clearpoke
|poke|p1|Snorlax, L50, F|
|poke|p1|Hawlucha, L50, M|
|poke|p1|Gengar, L50, F|
|poke|p1|Sinistcha, L50|
|poke|p1|Incineroar, L50, M|
|poke|p1|Politoed, L50, M|
|poke|p2|Metagross, L50|
|poke|p2|Sneasler, L50, F|
|poke|p2|Aerodactyl, L50, F|
|poke|p2|Sylveon, L50, M|
|poke|p2|Tsareena, L50, F|
|poke|p2|Incineroar, L50, F|
|teampreview|4
|showteam|p1|Snorlax||Leftovers|ThickFat|Protect,BodyPress,Stockpile,Fissure|Relaxed||F|||50|]Hawlucha||Hawluchanite|Limber|Detect,Entrainment,CloseCombat,BraveBird|Jolly||M|||50|]Gengar||Gengarite|CursedBody|Protect,ShadowBall,Disable,PerishSong|Timid||F|||50|]Sinistcha||KasibBerry|Hospitality|MatchaGotcha,TrickRoom,Protect,RagePowder|Relaxed|||||50|]Incineroar||PasshoBerry|Intimidate|FakeOut,ThroatChop,Protect,PartingShot|Sassy||M|||50|]Politoed||SitrusBerry|Drizzle|Protect,WeatherBall,PerishSong,Encore|Calm||M|||50|
|showteam|p2|Metagross||Metagrossite|ClearBody|Protect,PsychicFangs,IronHead,BodyPress|Jolly|||||50|]Sneasler||FocusSash|Unburden|CloseCombat,FakeOut,Coaching,Protect|Jolly||F|||50|]Aerodactyl||Aerodactylite|RockHead|RockSlide,Tailwind,DualWingbeat,IceFang|Jolly||F|||50|]Sylveon||FairyFeather|Pixilate|HyperVoice,QuickAttack,HyperBeam,Detect|Modest||M|||50|]Tsareena||WideLens|QueenlyMajesty|TripleAxel,PowerWhip,Protect,LowKick|Adamant||F|||50|]Incineroar||SitrusBerry|Intimidate|FakeOut,PartingShot,FlareBlitz,Taunt|Relaxed||F|||50|
|inactive|Battle timer is ON: inactive players will automatically lose when time's up. (requested by alejandrorr)
|inactive|ItsRoca has 60 seconds left.
|inactive|ItsRoca has 30 seconds left.
|
|t:|1783782341
|teamsize|p1|4
|teamsize|p2|4
|start
|switch|p1a: Gengar|Gengar, L50, F|100/100
|switch|p1b: Incineroar|Incineroar, L50, M|100/100
|switch|p2a: Metagross|Metagross, L50|100/100
|switch|p2b: Incineroar|Incineroar, L50, F|100/100
|-ability|p2b: Incineroar|Intimidate|boost
|-unboost|p1a: Gengar|atk|1
|-unboost|p1b: Incineroar|atk|1
|-ability|p1b: Incineroar|Intimidate|boost
|-fail|p2a: Metagross|unboost|[from] ability: Clear Body|[of] p2a: Metagross
|-unboost|p2b: Incineroar|atk|1
|turn|1
|inactive|alejandrorr has 30 seconds left.
|inactive|alejandrorr has 20 seconds left.
|inactive|alejandrorr has 15 seconds left.
|inactive|alejandrorr has 10 seconds left.
|
|t:|1783782389
|switch|p2b: Tsareena|Tsareena, L50, F|100/100
|detailschange|p1a: Gengar|Gengar-Mega, L50, F
|-mega|p1a: Gengar|Gengar|Gengarite
|detailschange|p2a: Metagross|Metagross-Mega, L50
|-mega|p2a: Metagross|Metagross|Metagrossite
|move|p1a: Gengar|Protect|p1a: Gengar
|-singleturn|p1a: Gengar|Protect
|move|p2a: Metagross|Psychic Fangs|p1a: Gengar
|-activate|p1a: Gengar|move: Protect
|move|p1b: Incineroar|Throat Chop|p2a: Metagross
|-supereffective|p2a: Metagross|1
|-damage|p2a: Metagross|68/100
|-start|p2a: Metagross|Throat Chop|[silent]
|
|upkeep
|turn|2
|inactive|alejandrorr has 30 seconds left.
|inactive|ItsRoca has 30 seconds left.
|inactive|alejandrorr has 20 seconds left.
|inactive|alejandrorr has 15 seconds left.
|
|t:|1783782430
|move|p1a: Gengar|Shadow Ball|p2a: Metagross
|-supereffective|p2a: Metagross|1
|-damage|p2a: Metagross|0 fnt
|faint|p2a: Metagross
|move|p2b: Tsareena|Low Kick|p1b: Incineroar
|-supereffective|p1b: Incineroar|1
|-damage|p1b: Incineroar|55/100
|move|p1b: Incineroar|Parting Shot|p2b: Tsareena
|-unboost|p2b: Tsareena|atk|1
|-unboost|p2b: Tsareena|spa|1
|
|t:|1783782444
|switch|p1b: Politoed|Politoed, L50, M|100/100|[from] Parting Shot
|-weather|RainDance|[from] ability: Drizzle|[of] p1b: Politoed
|
|-weather|RainDance|[upkeep]
|upkeep
|inactive|ItsRoca has 30 seconds left.
|inactive|ItsRoca has 20 seconds left.
|inactive|ItsRoca has 15 seconds left.
|inactive|ItsRoca has 10 seconds left.
|inactive|ItsRoca has 5 seconds left.
|
|t:|1783782496
|switch|p2a: Sylveon|Sylveon, L50, M|100/100
|turn|3
|
|t:|1783782516
|move|p1a: Gengar|Protect|p1a: Gengar
|-singleturn|p1a: Gengar|Protect
|move|p2b: Tsareena|Power Whip|p1b: Politoed
|-supereffective|p1b: Politoed|1
|-damage|p1b: Politoed|16/100
|-enditem|p1b: Politoed|Sitrus Berry|[eat]
|-heal|p1b: Politoed|41/100|[from] item: Sitrus Berry
|move|p1b: Politoed|Perish Song|p1b: Politoed
|-start|p1a: Gengar|perish3|[silent]
|-start|p1b: Politoed|perish3|[silent]
|-start|p2a: Sylveon|perish3|[silent]
|-start|p2b: Tsareena|perish3|[silent]
|-fieldactivate|move: Perish Song
|move|p2a: Sylveon|Hyper Voice|p1a: Gengar|[spread] p1b
|-activate|p1a: Gengar|move: Protect
|-damage|p1b: Politoed|4/100
|
|-weather|RainDance|[upkeep]
|-start|p1a: Gengar|perish3
|-start|p2b: Tsareena|perish3
|-start|p1b: Politoed|perish3
|-start|p2a: Sylveon|perish3
|upkeep
|turn|4
|inactive|alejandrorr has 30 seconds left.
|inactive|ItsRoca has 30 seconds left.
|inactive|alejandrorr has 20 seconds left.
|inactive|ItsRoca has 20 seconds left.
|inactive|alejandrorr has 15 seconds left.
|inactive|ItsRoca has 15 seconds left.
|
|t:|1783782559
|move|p2a: Sylveon|Quick Attack|p1b: Politoed
|-crit|p1b: Politoed
|-damage|p1b: Politoed|0 fnt
|faint|p1b: Politoed
|move|p1a: Gengar|Disable|p2a: Sylveon
|-start|p2a: Sylveon|Disable|Quick Attack
|move|p2b: Tsareena|Triple Axel|p1a: Gengar
|-damage|p1a: Gengar|94/100
|-damage|p1a: Gengar|83/100
|-damage|p1a: Gengar|67/100
|-hitcount|p1a: Gengar|3
|
|-weather|RainDance|[upkeep]
|-start|p1a: Gengar|perish2
|-start|p2b: Tsareena|perish2
|-start|p2a: Sylveon|perish2
|upkeep
|
|t:|1783782577
|switch|p1b: Incineroar|Incineroar, L50, M|55/100
|-ability|p1b: Incineroar|Intimidate|boost
|-unboost|p2a: Sylveon|atk|1
|-unboost|p2b: Tsareena|atk|1
|turn|5
|
|t:|1783782597
|move|p1b: Incineroar|Fake Out||[still]
|cant|p2b: Tsareena|ability: Queenly Majesty|Fake Out|[of] p1b: Incineroar
|move|p1a: Gengar|Disable|p2b: Tsareena
|-start|p2b: Tsareena|Disable|Triple Axel
|move|p2b: Tsareena|Low Kick|p1b: Incineroar
|-supereffective|p1b: Incineroar|1
|-damage|p1b: Incineroar|35/100
|move|p2a: Sylveon|Hyper Voice|p1b: Incineroar|[spread] p1a,p1b
|-resisted|p1a: Gengar|1
|-damage|p1a: Gengar|40/100
|-damage|p1b: Incineroar|1/100
|
|-weather|RainDance|[upkeep]
|-start|p1a: Gengar|perish1
|-start|p2b: Tsareena|perish1
|-start|p2a: Sylveon|perish1
|upkeep
|turn|6
|
|t:|1783782621
|move|p1a: Gengar|Protect|p1a: Gengar
|-singleturn|p1a: Gengar|Protect
|move|p1b: Incineroar|Protect|p1b: Incineroar
|-singleturn|p1b: Incineroar|Protect
|move|p2b: Tsareena|Power Whip|p1a: Gengar
|-activate|p1a: Gengar|move: Protect
|move|p2a: Sylveon|Hyper Voice|p1b: Incineroar|[spread] 
|-activate|p1a: Gengar|move: Protect
|-activate|p1b: Incineroar|move: Protect
|
|-weather|none
|-start|p1a: Gengar|perish0
|-start|p2b: Tsareena|perish0
|-start|p2a: Sylveon|perish0
|faint|p1a: Gengar
|faint|p2b: Tsareena
|faint|p2a: Sylveon
|upkeep
|
|t:|1783782640
|switch|p1a: Sinistcha|Sinistcha, L50|100/100
|switch|p2b: Incineroar|Incineroar, L50, F|100/100
|-ability|p2b: Incineroar|Intimidate|boost
|-unboost|p1a: Sinistcha|atk|1
|-unboost|p1b: Incineroar|atk|1
|-heal|p1b: Incineroar|26/100|[from] ability: Hospitality|[of] p1a: Sinistcha
|turn|7
|-message|ItsRoca forfeited.
|
|win|alejandrorr
|l|☆ItsRoca
|player|p2|
||ItsRoca is ready for game 2.
