|j|☆pablittoo
|j|☆palle synchro
|html|pablittoopalle synchro    
|uhtml|bestof|Game 2 of a best-of-3
|t:|1785852452
|gametype|doubles
|player|p1|pablittoo|265|1356
|player|p2|palle synchro|ethan|1404
|gen|9
|tier|[Gen 9 Champions] VGC 2026 Reg M-B (Bo3)
|rated|
|rule|Species Clause: Limit one of each Pokémon
|rule|Item Clause: Limit 1 of each item
|clearpoke
|poke|p1|Whimsicott, L50, F|
|poke|p1|Floette-Eternal, L50, F|
|poke|p1|Garchomp, L50, M|
|poke|p1|Kingambit, L50, F|
|poke|p1|Rotom-Heat, L50|
|poke|p1|Basculegion, L50, M|
|poke|p2|Whimsicott, L50, F|
|poke|p2|Basculegion, L50, M|
|poke|p2|Kingambit, L50, F|
|poke|p2|Floette-Eternal, L50, F|
|poke|p2|Garchomp, L50, M|
|poke|p2|Charizard, L50, M|
|teampreview|4
|showteam|p1|Whimsicott||FocusSash|Prankster|Protect,Moonblast,Encore,Tailwind|Timid||F|||50|]Floette-Eternal||Floettite|FlowerVeil|Moonblast,DazzlingGleam,LightofRuin,Protect|Modest||F|||50|]Garchomp||LifeOrb|RoughSkin|StompingTantrum,RockSlide,DragonClaw,Protect|Jolly||M|||50|]Kingambit||BlackGlasses|Defiant|KowtowCleave,SuckerPunch,IronHead,Protect|Adamant||F|||50|]Rotom-Heat||ChoiceScarf|Levitate|Electroweb,VoltSwitch,Overheat,Thunderbolt|Timid|||||50|]Basculegion||MysticWater|Adaptability|WaveCrash,AquaJet,LastRespects,Protect|Adamant||M|||50|
|showteam|p2|Whimsicott||FocusSash|Prankster|Protect,Moonblast,Tailwind,Encore|Timid||F|||50|]Basculegion||MysticWater|Adaptability|WaveCrash,Protect,LastRespects,AquaJet|Adamant||M|||50|]Kingambit||ChopleBerry|Defiant|KowtowCleave,LowKick,SuckerPunch,IronHead|Adamant||F|||50|]Floette-Eternal||Floettite|FlowerVeil|Moonblast,DazzlingGleam,LightofRuin,Protect|Modest||F|||50|]Garchomp||LifeOrb|RoughSkin|Protect,StompingTantrum,DragonClaw,RockSlide|Jolly||M|||50|]Charizard||CharizarditeY|Blaze|HeatWave,SolarBeam,WeatherBall,Protect|Modest||M|||50|
|inactive|Battle timer is ON: inactive players will automatically lose when time's up. (requested by palle synchro)
|
|t:|1785852498
|teamsize|p1|4
|teamsize|p2|4
|start
|switch|p1a: Rotom|Rotom-Heat, L50|100/100
|switch|p1b: Floette|Floette-Eternal, L50, F|100/100
|switch|p2a: Whimsicott|Whimsicott, L50, F|100/100
|switch|p2b: Floette|Floette-Eternal, L50, F|100/100
|turn|1
|
|t:|1785852517
|detailschange|p2b: Floette|Floette-Mega, L50, F
|-mega|p2b: Floette|Floette|Floettite
|-ability|p2b: Floette|Fairy Aura
|detailschange|p1b: Floette|Floette-Mega, L50, F
|-mega|p1b: Floette|Floette|Floettite
|-ability|p1b: Floette|Fairy Aura
|move|p2a: Whimsicott|Tailwind|p2a: Whimsicott
|-sidestart|p2: palle synchro|move: Tailwind
|move|p2b: Floette|Light of Ruin|p1b: Floette
|-damage|p1b: Floette|0 fnt
|faint|p1b: Floette
|-damage|p2b: Floette|49/100|[from] Recoil
|move|p1a: Rotom|Volt Switch|p2a: Whimsicott
|-resisted|p2a: Whimsicott|1
|-damage|p2a: Whimsicott|72/100
|
|t:|1785852535
|switch|p1a: Whimsicott|Whimsicott, L50, F|100/100|[from] Volt Switch
|
|upkeep
|
|t:|1785852545
|switch|p1b: Garchomp|Garchomp, L50, M|100/100
|turn|2
|
|t:|1785852551
|move|p1a: Whimsicott|Tailwind|p1a: Whimsicott
|-sidestart|p1: pablittoo|move: Tailwind
|move|p2a: Whimsicott|Moonblast|p1b: Garchomp
|-supereffective|p1b: Garchomp|1
|-damage|p1b: Garchomp|1/100
|move|p1b: Garchomp|Stomping Tantrum|p2b: Floette
|-damage|p2b: Floette|0 fnt
|faint|p2b: Floette
|-damage|p1b: Garchomp|0 fnt|[from] item: Life Orb
|faint|p1b: Garchomp
|
|upkeep
|
|t:|1785852563
|switch|p1b: Rotom|Rotom-Heat, L50|100/100
|switch|p2b: Garchomp|Garchomp, L50, M|100/100
|turn|3
|
|t:|1785852573
|move|p2a: Whimsicott|Encore|p1a: Whimsicott
|-start|p1a: Whimsicott|Encore
|move|p1a: Whimsicott|Tailwind||[still]
|-fail|p1a: Whimsicott
|move|p1b: Rotom|Overheat|p2a: Whimsicott
|-supereffective|p2a: Whimsicott|1
|-damage|p2a: Whimsicott|0 fnt
|-unboost|p1b: Rotom|spa|2
|faint|p2a: Whimsicott
|move|p2b: Garchomp|Dragon Claw|p1b: Rotom
|-damage|p1b: Rotom|31/100
|-damage|p2b: Garchomp|90/100|[from] item: Life Orb
|
|upkeep
|
|t:|1785852584
|switch|p2a: Kingambit|Kingambit, L50, F|100/100
|turn|4
|
|t:|1785852589
|move|p1a: Whimsicott|Tailwind||[still]
|-fail|p1a: Whimsicott
|move|p2a: Kingambit|Sucker Punch|p1b: Rotom
|-damage|p1b: Rotom|0 fnt
|faint|p1b: Rotom
|move|p2b: Garchomp|Stomping Tantrum|p1a: Whimsicott
|-resisted|p1a: Whimsicott|1
|-damage|p1a: Whimsicott|59/100
|-damage|p2b: Garchomp|80/100|[from] item: Life Orb
|
|-sideend|p2: palle synchro|move: Tailwind
|upkeep
|turn|5
|-message|pablittoo forfeited.
|
|win|palle synchro
|raw|pablittoo's rating: 1356 → 1339(-17 for losing)
|raw|palle synchro's rating: 1404 → 1421(+17 for winning)
