|j|☆Gi1796
|j|☆ReggioVGC
|html|Gi1796ReggioVGC    
|uhtml|bestof|Game 2 of a best-of-3
|t:|1756828351
|gametype|doubles
|player|p1|Gi1796|169|1076
|player|p2|ReggioVGC|lucas|1166
|gen|9
|tier|[Gen 9] VGC 2025 Reg H (Bo3)
|rated|
|rule|Species Clause: Limit one of each Pokémon
|rule|Item Clause: Limit 1 of each item
|clearpoke
|poke|p1|Sneasler, L50, M|
|poke|p1|Indeedee, L50, M|
|poke|p1|Annihilape, L50, M|
|poke|p1|Tyranitar, L50, M|
|poke|p1|Excadrill, L50, M|
|poke|p1|Corviknight, L50, F|
|poke|p2|Ursaluna, L50, M|
|poke|p2|Kilowattrel, L50, F|
|poke|p2|Gholdengo, L50|
|poke|p2|Incineroar, L50, M|
|poke|p2|Amoonguss, L50, M|
|poke|p2|Porygon2, L50|
|teampreview|4
|showteam|p1|Sneasler||PsychicSeed|Unburden|CloseCombat,DireClaw,ThroatChop,Protect|||M|||50|,,,,,Dark]Indeedee||ChoiceScarf|PsychicSurge|ExpandingForce,TeraBlast,Trick,DazzlingGleam|||M|||50|,,,,,Psychic]Annihilape||SafetyGoggles|Defiant|CloseCombat,RageFist,Taunt,FinalGambit|||M|||50|,,,,,Water]Tyranitar||AssaultVest|SandStream|RockSlide,KnockOff,TeraBlast,LowKick|||M|||50|,,,,,Flying]Excadrill||FocusSash|SandRush|HighHorsepower,Earthquake,IronHead,Protect|||M|||50|,,,,,Stellar]Corviknight||Leftovers|MirrorArmor|BraveBird,BulkUp,Tailwind,Roost|||F|||50|,,,,,Dragon
|showteam|p2|Ursaluna||FlameOrb|Guts|Facade,HeadlongRush,Earthquake,Protect|||M|||50|,,,,,Fairy]Kilowattrel||FocusSash|Competitive|Thunderbolt,AirSlash,Tailwind,Protect|||F|||50|,,,,,Ghost]Gholdengo||LifeOrb|GoodasGold|MakeItRain,ShadowBall,NastyPlot,Protect||||||50|,,,,,Flying]Incineroar||AssaultVest|Intimidate|KnockOff,FlareBlitz,Uturn,FakeOut|||M|||50|,,,,,Grass]Amoonguss||SitrusBerry|Regenerator|Spore,RagePowder,SludgeBomb,Protect|||M|||50|,,,,,Water]Porygon2||Eviolite|Download|TeraBlast,IceBeam,Recover,TrickRoom||||||50|,,,,,Fighting
|inactive|Battle timer is ON: inactive players will automatically lose when time's up. (requested by Gi1796)
|inactive|Gi1796 has 60 seconds left.
|
|t:|1756828390
|teamsize|p1|4
|teamsize|p2|4
|start
|switch|p1a: Annihilape|Annihilape, L50, M|100/100
|switch|p1b: Indeedee|Indeedee, L50, M|100/100
|switch|p2a: Big Bird|Kilowattrel, L50, F|100/100
|switch|p2b: Mr Worldwide|Gholdengo, L50|100/100
|-fieldstart|move: Psychic Terrain|[from] ability: Psychic Surge|[of] p1b: Indeedee
|turn|1
|inactive|ReggioVGC has 30 seconds left.
|inactive|Gi1796 has 30 seconds left.
|inactive|ReggioVGC has 20 seconds left.
|
|t:|1756828427
|move|p1b: Indeedee|Expanding Force|p2a: Big Bird|[spread] p2a,p2b
|-resisted|p2b: Mr Worldwide
|-enditem|p2a: Big Bird|Focus Sash
|-damage|p2a: Big Bird|1/100
|-damage|p2b: Mr Worldwide|68/100
|move|p2a: Big Bird|Tailwind|p2a: Big Bird
|-sidestart|p2: ReggioVGC|move: Tailwind
|move|p2b: Mr Worldwide|Shadow Ball|p1a: Annihilape
|-supereffective|p1a: Annihilape
|-damage|p1a: Annihilape|7/100
|-damage|p2b: Mr Worldwide|58/100|[from] item: Life Orb
|move|p1a: Annihilape|Rage Fist|p2b: Mr Worldwide
|-supereffective|p2b: Mr Worldwide
|-damage|p2b: Mr Worldwide|0 fnt
|faint|p2b: Mr Worldwide
|
|upkeep
|inactive|ReggioVGC has 30 seconds left.
|
|t:|1756828453
|switch|p2b: Pumpy the Grumpy|Incineroar, L50, M, shiny|100/100
|-ability|p2b: Pumpy the Grumpy|Intimidate|boost
|-unboost|p1a: Annihilape|atk|1
|-ability|p1a: Annihilape|Defiant|boost
|-boost|p1a: Annihilape|atk|2
|-unboost|p1b: Indeedee|atk|1
|turn|2
|inactive|Gi1796 has 30 seconds left.
|inactive|ReggioVGC has 30 seconds left.
|
|t:|1756828484
|switch|p1b: Tyranitar|Tyranitar, L50, M|100/100
|-weather|Sandstorm|[from] ability: Sand Stream|[of] p1b: Tyranitar
|move|p2a: Big Bird|Thunderbolt|p1a: Annihilape
|-damage|p1a: Annihilape|0 fnt
|faint|p1a: Annihilape
|move|p2b: Pumpy the Grumpy|U-turn|p1b: Tyranitar
|-supereffective|p1b: Tyranitar
|-damage|p1b: Tyranitar|60/100
|
|t:|1756828492
|switch|p2b: Dinko|Ursaluna, L50, M|100/100|[from] U-turn
|
|-weather|Sandstorm|[upkeep]
|-damage|p2a: Big Bird|0 fnt|[from] Sandstorm
|faint|p2a: Big Bird
|-status|p2b: Dinko|brn|[from] item: Flame Orb
|upkeep
|
|t:|1756828502
|switch|p2a: Pumpy the Grumpy|Incineroar, L50, M, shiny|100/100
|switch|p1a: Corviknight|Corviknight, L50, F|100/100
|-ability|p2a: Pumpy the Grumpy|Intimidate|boost
|-ability|p1a: Corviknight|Mirror Armor
|-unboost|p2a: Pumpy the Grumpy|atk|1
|-unboost|p1b: Tyranitar|atk|1
|turn|3
|inactive|Gi1796 has 30 seconds left.
|inactive|ReggioVGC has 30 seconds left.
|inactive|ReggioVGC has 20 seconds left.
|inactive|ReggioVGC has 15 seconds left.
|inactive|Gi1796 has 20 seconds left.
|
|t:|1756828550
|-terastallize|p1a: Corviknight|Dragon
|move|p2a: Pumpy the Grumpy|Fake Out|p1a: Corviknight
|-activate|p1a: Corviknight|move: Psychic Terrain
|move|p2b: Dinko|Headlong Rush|p1b: Tyranitar
|-supereffective|p1b: Tyranitar
|-damage|p1b: Tyranitar|0 fnt
|-unboost|p2b: Dinko|def|1
|-unboost|p2b: Dinko|spd|1
|faint|p1b: Tyranitar
|move|p1a: Corviknight|Bulk Up|p1a: Corviknight
|-boost|p1a: Corviknight|atk|1
|-boost|p1a: Corviknight|def|1
|
|-weather|Sandstorm|[upkeep]
|-damage|p2a: Pumpy the Grumpy|94/100|[from] Sandstorm
|-damage|p1a: Corviknight|95/100|[from] Sandstorm
|-heal|p1a: Corviknight|100/100|[from] item: Leftovers
|-damage|p2b: Dinko|95/100 brn|[from] brn
|upkeep
|
|t:|1756828567
|switch|p1b: Indeedee|Indeedee, L50, M|100/100
|turn|4
|inactive|ReggioVGC has 30 seconds left.
|
|t:|1756828594
|move|p1b: Indeedee|Expanding Force|p2b: Dinko|[spread] p2b
|-immune|p2a: Pumpy the Grumpy
|-damage|p2b: Dinko|0 fnt
|faint|p2b: Dinko
|move|p2a: Pumpy the Grumpy|Knock Off|p1a: Corviknight
|-damage|p1a: Corviknight|84/100
|-enditem|p1a: Corviknight|Leftovers|[from] move: Knock Off|[of] p2a: Pumpy the Grumpy
|move|p1a: Corviknight|Bulk Up|p1a: Corviknight
|-boost|p1a: Corviknight|atk|1
|-boost|p1a: Corviknight|def|1
|
|-weather|Sandstorm|[upkeep]
|-damage|p1b: Indeedee|95/100|[from] Sandstorm
|-damage|p2a: Pumpy the Grumpy|88/100|[from] Sandstorm
|-damage|p1a: Corviknight|78/100|[from] Sandstorm
|-sideend|p2: ReggioVGC|move: Tailwind
|upkeep
|turn|5
|
|t:|1756828612
|move|p1b: Indeedee|Expanding Force|p2a: Pumpy the Grumpy
|-immune|p2a: Pumpy the Grumpy
|move|p2a: Pumpy the Grumpy|Flare Blitz|p1a: Corviknight
|-resisted|p1a: Corviknight
|-damage|p1a: Corviknight|71/100
|-damage|p2a: Pumpy the Grumpy|86/100|[from] Recoil
|move|p1a: Corviknight|Brave Bird|p2a: Pumpy the Grumpy
|-damage|p2a: Pumpy the Grumpy|0 fnt
|faint|p2a: Pumpy the Grumpy
|-damage|p1a: Corviknight|44/100|[from] Recoil
|
|win|Gi1796
|raw|Gi1796's rating: 1076 → 1112(+36 for winning)
|raw|ReggioVGC's rating: 1166 → 1135(-31 for losing)
