|j|☆IndianCrackCoffee
|j|☆magicalarcher57
|html|IndianCrackCoffeemagicalarcher57    
|uhtml|bestof|Game 2 of a best-of-3
|t:|1756485592
|gametype|doubles
|player|p1|IndianCrackCoffee|brendan-masters|1082
|player|p2|magicalarcher57|cynthia|1179
|gen|9
|tier|[Gen 9] VGC 2025 Reg H (Bo3)
|rated|
|rule|Species Clause: Limit one of each Pokémon
|rule|Item Clause: Limit 1 of each item
|clearpoke
|poke|p1|Dragonite, L50, M|
|poke|p1|Ursaluna-Bloodmoon, L50, M|
|poke|p1|Archaludon, L50, F|
|poke|p1|Whimsicott, L50, M|
|poke|p1|Gholdengo, L50|
|poke|p1|Incineroar, L50, F|
|poke|p2|Kingambit, L50, M|
|poke|p2|Incineroar, L50, M|
|poke|p2|Basculegion, L50, M|
|poke|p2|Rillaboom, L50, M|
|poke|p2|Magmar, L50, F|
|poke|p2|Gholdengo, L50|
|teampreview|4
|showteam|p1|Dragonite||LoadedDice|Multiscale|ScaleShot,ExtremeSpeed,IceSpinner,Protect|||M|||50|,,,,,Fairy]Ursaluna-Bloodmoon||AssaultVest|MindsEye|BloodMoon,HyperVoice,EarthPower,VacuumWave|||M|||50|,,,,,Water]Archaludon||PowerHerb|Sturdy|ElectroShot,FlashCannon,DracoMeteor,Protect|||F|||50|,,,,,Stellar]Whimsicott||CovertCloak|Prankster|FakeTears,Tailwind,Encore,Moonblast|||M|||50|,,,,,Poison]Gholdengo||ChoiceSpecs|GoodasGold|MakeItRain,ShadowBall,PowerGem,SteelBeam||||||50|,,,,,Steel]Incineroar||MirrorHerb|Intimidate|FakeOut,PartingShot,KnockOff,FlareBlitz|||F|||50|,,,,,Ghost
|showteam|p2|Kingambit||BlackGlasses|Defiant|SuckerPunch,SwordsDance,KowtowCleave,Protect|||M|||50|,,,,,Ghost]Incineroar||SafetyGoggles|Intimidate|FakeOut,PartingShot,KnockOff,Taunt|||M|||50|,,,,,Ghost]Basculegion||ChoiceScarf|Adaptability|AquaJet,FlipTurn,LastRespects,WaveCrash|||M|||50|,,,,,Grass]Rillaboom||AssaultVest|GrassySurge|FakeOut,Uturn,WoodHammer,GrassyGlide|||M|||50|,,,,,Fire]Magmar||Eviolite|VitalSpirit|Overheat,WillOWisp,FollowMe,Protect|||F|||50|,,,,,Ghost]Gholdengo||LifeOrb|GoodasGold|MakeItRain,ShadowBall,NastyPlot,Protect||||||50|,,,,,Water
|
|t:|1756485632
|teamsize|p1|4
|teamsize|p2|4
|start
|switch|p1a: Incineroar|Incineroar, L50, F|100/100
|switch|p1b: Ursaluna|Ursaluna-Bloodmoon, L50, M|100/100
|switch|p2a: Kingambit|Kingambit, L50, M|100/100
|switch|p2b: Magmar|Magmar, L50, F|100/100
|-ability|p1a: Incineroar|Intimidate|boost
|-unboost|p2a: Kingambit|atk|1
|-ability|p2a: Kingambit|Defiant|boost
|-boost|p2a: Kingambit|atk|2
|-unboost|p2b: Magmar|atk|1
|-enditem|p1a: Incineroar|Mirror Herb
|-boost|p1a: Incineroar|atk|2|[from] item: Mirror Herb
|turn|1
|
|t:|1756485654
|move|p2b: Magmar|Protect|p2b: Magmar
|-singleturn|p2b: Magmar|Protect
|move|p2a: Kingambit|Protect|p2a: Kingambit
|-singleturn|p2a: Kingambit|Protect
|move|p1a: Incineroar|Knock Off|p2a: Kingambit
|-activate|p2a: Kingambit|move: Protect
|move|p1b: Ursaluna|Earth Power|p2a: Kingambit
|-activate|p2a: Kingambit|move: Protect
|
|upkeep
|turn|2
|
|t:|1756485680
|move|p2b: Magmar|Follow Me|p2b: Magmar
|-singleturn|p2b: Magmar|move: Follow Me
|move|p1a: Incineroar|Knock Off|p2b: Magmar
|-damage|p2b: Magmar|31/100
|-enditem|p2b: Magmar|Eviolite|[from] move: Knock Off|[of] p1a: Incineroar
|move|p1b: Ursaluna|Earth Power|p2b: Magmar
|-supereffective|p2b: Magmar
|-damage|p2b: Magmar|0 fnt
|faint|p2b: Magmar
|move|p2a: Kingambit|Swords Dance|p2a: Kingambit
|-boost|p2a: Kingambit|atk|2
|
|upkeep
|
|t:|1756485688
|switch|p2b: Basculegion|Basculegion, L50, M|100/100
|turn|3
|
|t:|1756485745
|-terastallize|p1a: Incineroar|Ghost
|-terastallize|p2a: Kingambit|Ghost
|move|p2a: Kingambit|Sucker Punch|p1a: Incineroar
|-supereffective|p1a: Incineroar
|-damage|p1a: Incineroar|0 fnt
|faint|p1a: Incineroar
|move|p2b: Basculegion|Wave Crash|p1b: Ursaluna
|-supereffective|p1b: Ursaluna
|-damage|p1b: Ursaluna|0 fnt
|faint|p1b: Ursaluna
|-damage|p2b: Basculegion|66/100|[from] Recoil
|
|upkeep
|
|t:|1756485757
|switch|p1a: Dragonite|Dragonite, L50, M|100/100
|switch|p1b: Archaludon|Archaludon, L50, F|100/100
|turn|4
|j| Jamstiffer
|
|t:|1756485779
|move|p1b: Archaludon|Protect|p1b: Archaludon
|-singleturn|p1b: Archaludon|Protect
|move|p2a: Kingambit|Sucker Punch||[still]
|-fail|p2a: Kingambit
|move|p2b: Basculegion|Wave Crash|p1b: Archaludon
|-activate|p1b: Archaludon|move: Protect
|move|p1a: Dragonite|Scale Shot|p2b: Basculegion
|-damage|p2b: Basculegion|47/100
|-damage|p2b: Basculegion|28/100
|-damage|p2b: Basculegion|9/100
|-damage|p2b: Basculegion|0 fnt
|faint|p2b: Basculegion
|-hitcount|p2: Basculegion|4
|-unboost|p1a: Dragonite|def|1
|-boost|p1a: Dragonite|spe|1
|
|upkeep
|
|t:|1756485800
|switch|p2b: Gholdengo|Gholdengo, L50|100/100
|turn|5
|
|t:|1756485820
|move|p2a: Kingambit|Sucker Punch|p1b: Archaludon
|-ability|p1b: Archaludon|Sturdy
|-damage|p1b: Archaludon|1/100
|move|p1a: Dragonite|Scale Shot|p2a: Kingambit
|-damage|p2a: Kingambit|88/100
|-damage|p2a: Kingambit|77/100
|-damage|p2a: Kingambit|65/100
|-damage|p2a: Kingambit|53/100
|-damage|p2a: Kingambit|41/100
|-hitcount|p2a: Kingambit|5
|-unboost|p1a: Dragonite|def|1
|-boost|p1a: Dragonite|spe|1
|move|p2b: Gholdengo|Make It Rain|p1a: Dragonite|[spread] p1a,p1b
|-resisted|p1b: Archaludon
|-damage|p1a: Dragonite|75/100
|-damage|p1b: Archaludon|0 fnt
|-unboost|p2b: Gholdengo|spa|1
|faint|p1b: Archaludon
|-damage|p2b: Gholdengo|91/100|[from] item: Life Orb
|
|upkeep
|turn|6
|
|t:|1756485851
|move|p2a: Kingambit|Sucker Punch|p1a: Dragonite
|-damage|p1a: Dragonite|0 fnt
|faint|p1a: Dragonite
|
|win|magicalarcher57
|raw|IndianCrackCoffee's rating: 1082 → 1066(-16 for losing)
|raw|magicalarcher57's rating: 1179 → 1197(+18 for winning)
