|j|☆itbeasher
|j|☆Archie09867
|html|itbeasherArchie09867    
|uhtml|bestof|Game 1 of a best-of-3
|t:|1757752782
|gametype|doubles
|player|p1|itbeasher|1|1150
|player|p2|Archie09867|scientist|1077
|gen|9
|tier|[Gen 9] VGC 2025 Reg H (Bo3)
|rated|
|rule|Species Clause: Limit one of each Pokémon
|rule|Item Clause: Limit 1 of each item
|clearpoke
|poke|p1|Dondozo, L50, F|
|poke|p1|Tatsugiri, L50, F|
|poke|p1|Whimsicott, L50, M|
|poke|p1|Ursaluna-Bloodmoon, L50, M|
|poke|p1|Indeedee, L50, M|
|poke|p1|Sneasler, L50, M|
|poke|p2|Rillaboom, L50, M|
|poke|p2|Farigiraf, L50, F|
|poke|p2|Incineroar, L50, F|
|poke|p2|Gholdengo, L50|
|poke|p2|Sneasler, L50, F|
|poke|p2|Hydreigon, L50, F|
|teampreview|4
|showteam|p1|Dondozo||Leftovers|Unaware|Protect,HeavySlam,WaveCrash,OrderUp|||F|||50|,,,,,Steel]Tatsugiri||FocusSash|Commander|MuddyWater,DracoMeteor,IcyWind,Protect|||F|||50|,,,,,Fairy]Whimsicott||CovertCloak|Prankster|Moonblast,Tailwind,HelpingHand,LightScreen|||M|||50|,,,,,Water]Ursaluna-Bloodmoon||LifeOrb|MindsEye|Protect,HyperVoice,BloodMoon,EarthPower|||M|||50|,,,,,Normal]Indeedee||ChoiceScarf|PsychicSurge|Protect,Trick,ExpandingForce,TeraBlast|||M|||50|,,,,,Psychic]Sneasler||PsychicSeed|Unburden|Protect,DireClaw,CloseCombat,ThroatChop|||M|||50|,,,,,Dark
|showteam|p2|Rillaboom||AssaultVest|GrassySurge|Uturn,FakeOut,WoodHammer,GrassyGlide|||M|||50|,,,,,Fire]Farigiraf||ThroatSpray|ArmorTail|TrickRoom,Psychic,Protect,HyperVoice|||F|||50|,,,,,Grass]Incineroar||SafetyGoggles|Intimidate|PartingShot,KnockOff,Roar,FakeOut|||F|||50|,,,,,Ghost]Gholdengo||RoomService|GoodasGold|ShadowBall,MakeItRain,Protect,NastyPlot||||||50|,,,,,Water]Sneasler||FocusSash|Unburden|CloseCombat,DireClaw,ThroatChop,Protect|||F|||50|,,,,,Stellar]Hydreigon||LifeOrb|Levitate|Protect,DracoMeteor,DarkPulse,NastyPlot|||F|||50|,,,,,Stellar
|inactive|Battle timer is ON: inactive players will automatically lose when time's up. (requested by Archie09867)
|inactive|itbeasher has 60 seconds left.
|inactive|Archie09867 has 60 seconds left.
|
|t:|1757752827
|teamsize|p1|4
|teamsize|p2|4
|start
|switch|p1a: Whimsicott|Whimsicott, L50, M|100/100
|switch|p1b: Ursaluna|Ursaluna-Bloodmoon, L50, M|100/100
|switch|p2a: Rillaboom|Rillaboom, L50, M|100/100
|switch|p2b: Farigiraf|Farigiraf, L50, F|100/100
|-fieldstart|move: Grassy Terrain|[from] ability: Grassy Surge|[of] p2a: Rillaboom
|turn|1
|inactive|itbeasher has 30 seconds left.
|
|t:|1757752855
|-terastallize|p1b: Ursaluna|Normal
|move|p2b: Farigiraf|Protect|p2b: Farigiraf
|-singleturn|p2b: Farigiraf|Protect
|move|p1a: Whimsicott|Tailwind|p1a: Whimsicott
|-sidestart|p1: itbeasher|move: Tailwind
|move|p1b: Ursaluna|Blood Moon|p2b: Farigiraf
|-activate|p2b: Farigiraf|move: Protect
|move|p2a: Rillaboom|U-turn|p1a: Whimsicott
|-damage|p1a: Whimsicott|71/100
|
|t:|1757752872
|switch|p2a: Incineroar|Incineroar, L50, F|100/100|[from] U-turn
|-ability|p2a: Incineroar|Intimidate|boost
|-unboost|p1a: Whimsicott|atk|1
|-unboost|p1b: Ursaluna|atk|1
|
|-heal|p1a: Whimsicott|77/100|[from] Grassy Terrain
|upkeep
|turn|2
|inactive|Archie09867 has 30 seconds left.
|
|t:|1757752903
|switch|p1a: Indeedee|Indeedee, L50, M|100/100
|-fieldstart|move: Psychic Terrain|[from] ability: Psychic Surge|[of] p1a: Indeedee
|switch|p2a: Rillaboom|Rillaboom, L50, M|100/100
|-fieldstart|move: Grassy Terrain|[from] ability: Grassy Surge|[of] p2a: Rillaboom
|move|p1b: Ursaluna|Hyper Voice|p2b: Farigiraf|[spread] p2a,p2b
|-damage|p2a: Rillaboom|36/100
|-damage|p2b: Farigiraf|26/100
|-damage|p1b: Ursaluna|91/100|[from] item: Life Orb
|move|p2b: Farigiraf|Trick Room|p2b: Farigiraf
|-fieldstart|move: Trick Room|[of] p2b: Farigiraf
|
|-heal|p2b: Farigiraf|32/100|[from] Grassy Terrain
|-heal|p2a: Rillaboom|42/100|[from] Grassy Terrain
|-heal|p1b: Ursaluna|97/100|[from] Grassy Terrain
|upkeep
|turn|3
|
|t:|1757752926
|switch|p1a: Whimsicott|Whimsicott, L50, M|77/100
|move|p1b: Ursaluna|Protect|p1b: Ursaluna
|-singleturn|p1b: Ursaluna|Protect
|move|p2a: Rillaboom|Fake Out|p1b: Ursaluna
|-activate|p1b: Ursaluna|move: Protect
|move|p2b: Farigiraf|Hyper Voice|p1b: Ursaluna|[spread] p1a
|-activate|p1b: Ursaluna|move: Protect
|-damage|p1a: Whimsicott|31/100
|-enditem|p2b: Farigiraf|Throat Spray
|-boost|p2b: Farigiraf|spa|1|[from] item: Throat Spray
|
|-heal|p2b: Farigiraf|38/100|[from] Grassy Terrain
|-heal|p2a: Rillaboom|48/100|[from] Grassy Terrain
|-heal|p1b: Ursaluna|100/100|[from] Grassy Terrain
|-heal|p1a: Whimsicott|37/100|[from] Grassy Terrain
|upkeep
|turn|4
|
|t:|1757752948
|switch|p1b: Indeedee|Indeedee, L50, M|100/100
|-fieldstart|move: Psychic Terrain|[from] ability: Psychic Surge|[of] p1b: Indeedee
|move|p1a: Whimsicott|Light Screen|p1a: Whimsicott
|-sidestart|p1: itbeasher|move: Light Screen
|move|p2b: Farigiraf|Hyper Voice|p1a: Whimsicott|[spread] p1a,p1b
|-damage|p1a: Whimsicott|0 fnt
|-damage|p1b: Indeedee|54/100
|faint|p1a: Whimsicott
|move|p2a: Rillaboom|Wood Hammer|p1b: Indeedee
|-damage|p1b: Indeedee|0 fnt
|faint|p1b: Indeedee
|-damage|p2a: Rillaboom|34/100|[from] Recoil
|
|-sideend|p1: itbeasher|move: Tailwind
|upkeep
|
|t:|1757752961
|switch|p1b: Sneasler|Sneasler, L50, M|100/100
|switch|p1a: Ursaluna|Ursaluna-Bloodmoon, L50, M, tera:Normal|100/100
|-enditem|p1b: Sneasler|Psychic Seed
|-boost|p1b: Sneasler|spd|1|[from] item: Psychic Seed
|turn|5
|
|t:|1757752980
|move|p1b: Sneasler|Protect|p1b: Sneasler
|-singleturn|p1b: Sneasler|Protect
|move|p2b: Farigiraf|Hyper Voice|p1a: Ursaluna|[spread] p1a
|-activate|p1b: Sneasler|move: Protect
|-crit|p1a: Ursaluna
|-damage|p1a: Ursaluna|0 fnt
|faint|p1a: Ursaluna
|move|p2a: Rillaboom|Wood Hammer|p1b: Sneasler
|-activate|p1b: Sneasler|move: Protect
|
|upkeep
|turn|6
|-message|itbeasher forfeited.
|
|win|Archie09867
|l|☆itbeasher
|player|p1|
|j|☆itbeasher
|player|p1|itbeasher|1|
