|j|☆SongokuVG Fr
|j|☆FakeOutPlot
|html|SongokuVG FrFakeOutPlot    
|uhtml|bestof|Game 3 of a best-of-3
|t:|1757098042
|gametype|doubles
|player|p1|SongokuVG Fr|lucian|1322
|player|p2|FakeOutPlot|iris|1456
|gen|9
|tier|[Gen 9] VGC 2025 Reg H (Bo3)
|rated|
|rule|Species Clause: Limit one of each Pokémon
|rule|Item Clause: Limit 1 of each item
|clearpoke
|poke|p1|Klefki, L50, M|
|poke|p1|Ursaluna-Bloodmoon, L50, M|
|poke|p1|Maushold-Four, L50|
|poke|p1|Annihilape, L50, M|
|poke|p1|Ninetales-Alola, L50, F|
|poke|p1|Sinistcha, L50|
|poke|p2|Gholdengo, L50|
|poke|p2|Incineroar, L50, M|
|poke|p2|Amoonguss, L50, F|
|poke|p2|Sneasler, L50, F|
|poke|p2|Dragonite, L50, F|
|poke|p2|Garchomp, L50, M|
|teampreview|4
|showteam|p1|Klefki||LightClay|Prankster|Reflect,LightScreen,MistyTerrain,DazzlingGleam|||M|||50|,,,,,Ghost]Ursaluna-Bloodmoon||AssaultVest|MindsEye|BloodMoon,HyperVoice,VacuumWave,EarthPower|||M|||50|,,,,,Water]Maushold-Four||SafetyGoggles|FriendGuard|FollowMe,Protect,Taunt,BeatUp||||||50|,,,,,Ghost]Annihilape||Leftovers|Defiant|DrainPunch,RageFist,Protect,BulkUp|||M|||50|,,,,,Fire]Ninetales-Alola||FocusSash|SnowWarning|Blizzard,Protect,Encore,FreezeDry|||F|||50|,,,,,Ghost]Sinistcha||SitrusBerry|Hospitality|MatchaGotcha,RagePowder,LifeDew,TrickRoom||||||50|,,,,,Water
|showteam|p2|Gholdengo||LifeOrb|GoodasGold|MakeItRain,ShadowBall,NastyPlot,Protect||||||50|,,,,,Water]Incineroar||SafetyGoggles|Intimidate|PartingShot,FlareBlitz,KnockOff,FakeOut|||M|||50|,,,,,Ghost]Amoonguss||SitrusBerry|Regenerator|Spore,RagePowder,PollenPuff,Protect|||F|||50|,,,,,Psychic]Sneasler||FocusSash|Unburden|DireClaw,CloseCombat,Coaching,Protect|||F|||50|,,,,,Flying]Dragonite||LoadedDice|Multiscale|ScaleShot,Tailwind,Haze,Protect|||F|||50|,,,,,Fairy]Garchomp||ClearAmulet|RoughSkin|Earthquake,DragonClaw,StompingTantrum,Protect|||M|||50|,,,,,Steel
|inactive|Battle timer is ON: inactive players will automatically lose when time's up. (requested by SongokuVG Fr)
|
|t:|1757098062
|teamsize|p1|4
|teamsize|p2|4
|start
|switch|p1a: Maushold|Maushold-Four, L50|100/100
|switch|p1b: Annihilape|Annihilape, L50, M|100/100
|switch|p2a: Dragonite|Dragonite, L50, F|100/100
|switch|p2b: Garchomp|Garchomp, L50, M|100/100
|turn|1
|
|t:|1757098073
|move|p1a: Maushold|Beat Up|p1b: Annihilape
|-damage|p1b: Annihilape|98/100
|-crit|p1b: Annihilape
|-damage|p1b: Annihilape|95/100
|-damage|p1b: Annihilape|92/100
|-damage|p1b: Annihilape|90/100
|-hitcount|p1b: Annihilape|4
|move|p2b: Garchomp|Earthquake|p1b: Annihilape|[spread] p1a,p1b
|-immune|p2a: Dragonite
|-damage|p1a: Maushold|55/100
|-damage|p1b: Annihilape|55/100
|move|p1b: Annihilape|Rage Fist|p2a: Dragonite
|-damage|p2a: Dragonite|27/100
|move|p2a: Dragonite|Scale Shot|p1b: Annihilape
|-damage|p1b: Annihilape|43/100
|-damage|p1b: Annihilape|31/100
|-damage|p1b: Annihilape|18/100
|-damage|p1b: Annihilape|5/100
|-hitcount|p1b: Annihilape|4
|-unboost|p2a: Dragonite|def|1
|-boost|p2a: Dragonite|spe|1
|
|-heal|p1b: Annihilape|11/100|[from] item: Leftovers
|upkeep
|turn|2
|
|t:|1757098095
|switch|p1b: Sinistcha|Sinistcha, L50|100/100
|-heal|p1a: Maushold|79/100|[from] ability: Hospitality|[of] p1b: Sinistcha
|move|p2a: Dragonite|Scale Shot|p1a: Maushold
|-damage|p1a: Maushold|58/100
|-damage|p1a: Maushold|40/100
|-damage|p1a: Maushold|19/100
|-damage|p1a: Maushold|0 fnt
|faint|p1a: Maushold
|-hitcount|p1: Maushold|4
|-unboost|p2a: Dragonite|def|1
|-boost|p2a: Dragonite|spe|1
|move|p2b: Garchomp|Earthquake|p1b: Sinistcha|[spread] p1b
|-immune|p2a: Dragonite
|-resisted|p1b: Sinistcha
|-damage|p1b: Sinistcha|83/100
|
|upkeep
|
|t:|1757098101
|switch|p1a: Klefki|Klefki, L50, M|100/100
|turn|3
|
|t:|1757098123
|move|p1a: Klefki|Reflect|p1a: Klefki
|-sidestart|p1: SongokuVG Fr|Reflect
|move|p2a: Dragonite|Scale Shot|p1b: Sinistcha
|-damage|p1b: Sinistcha|74/100
|-damage|p1b: Sinistcha|65/100
|-damage|p1b: Sinistcha|56/100
|-damage|p1b: Sinistcha|48/100
|-enditem|p1b: Sinistcha|Sitrus Berry|[eat]
|-heal|p1b: Sinistcha|73/100|[from] item: Sitrus Berry
|-hitcount|p1b: Sinistcha|4
|-unboost|p2a: Dragonite|def|1
|-boost|p2a: Dragonite|spe|1
|move|p2b: Garchomp|Earthquake|p1a: Klefki|[spread] p1a,p1b
|-immune|p2a: Dragonite
|-supereffective|p1a: Klefki
|-resisted|p1b: Sinistcha
|-damage|p1a: Klefki|40/100
|-damage|p1b: Sinistcha|61/100
|move|p1b: Sinistcha|Matcha Gotcha|p2b: Garchomp|[spread] p2a,p2b
|-resisted|p2a: Dragonite
|-damage|p2a: Dragonite|21/100
|-heal|p1b: Sinistcha|64/100|[from] drain|[of] p2a: Dragonite
|-damage|p2b: Garchomp|75/100
|-heal|p1b: Sinistcha|77/100|[from] drain|[of] p2b: Garchomp
|
|upkeep
|turn|4
|inactive|SongokuVG Fr has 30 seconds left.
|
|t:|1757098151
|move|p1a: Klefki|Light Screen|p1a: Klefki
|-sidestart|p1: SongokuVG Fr|move: Light Screen
|move|p2a: Dragonite|Scale Shot|p1b: Sinistcha|[miss]
|-miss|p2a: Dragonite|p1b: Sinistcha
|move|p2b: Garchomp|Earthquake|p1a: Klefki|[spread] p1a,p1b
|-immune|p2a: Dragonite
|-supereffective|p1a: Klefki
|-resisted|p1b: Sinistcha
|-damage|p1a: Klefki|0 fnt
|-damage|p1b: Sinistcha|65/100
|faint|p1a: Klefki
|move|p1b: Sinistcha|Trick Room|p1b: Sinistcha
|-fieldstart|move: Trick Room|[of] p1b: Sinistcha
|
|upkeep
|
|t:|1757098158
|switch|p1a: Annihilape|Annihilape, L50, M|11/100
|turn|5
|
|t:|1757098162
|move|p1a: Annihilape|Protect|p1a: Annihilape
|-singleturn|p1a: Annihilape|Protect
|move|p1b: Sinistcha|Life Dew|p1b: Sinistcha|[spread] p1a,p1b
|-heal|p1a: Annihilape|36/100
|-heal|p1b: Sinistcha|90/100
|move|p2b: Garchomp|Earthquake|p1b: Sinistcha|[spread] p1b
|-activate|p1a: Annihilape|move: Protect
|-immune|p2a: Dragonite
|-resisted|p1b: Sinistcha
|-damage|p1b: Sinistcha|78/100
|move|p2a: Dragonite|Scale Shot|p1a: Annihilape
|-activate|p1a: Annihilape|move: Protect
|
|-heal|p1a: Annihilape|42/100|[from] item: Leftovers
|upkeep
|turn|6
|
|t:|1757098177
|move|p1b: Sinistcha|Life Dew|p1b: Sinistcha|[spread] p1a,p1b
|-heal|p1a: Annihilape|67/100
|-heal|p1b: Sinistcha|100/100
|move|p1a: Annihilape|Rage Fist|p2b: Garchomp
|-damage|p2b: Garchomp|0 fnt
|-damage|p1a: Annihilape|55/100|[from] ability: Rough Skin|[of] p2b: Garchomp
|faint|p2b: Garchomp
|move|p2a: Dragonite|Scale Shot|p1b: Sinistcha
|-damage|p1b: Sinistcha|91/100
|-damage|p1b: Sinistcha|82/100
|-damage|p1b: Sinistcha|72/100
|-damage|p1b: Sinistcha|63/100
|-damage|p1b: Sinistcha|54/100
|-hitcount|p1b: Sinistcha|5
|-unboost|p2a: Dragonite|def|1
|-boost|p2a: Dragonite|spe|1
|
|-heal|p1a: Annihilape|61/100|[from] item: Leftovers
|upkeep
|
|t:|1757098182
|switch|p2b: Amoonguss|Amoonguss, L50, F, shiny|100/100
|turn|7
|
|t:|1757098194
|move|p1a: Annihilape|Protect|p1a: Annihilape
|-singleturn|p1a: Annihilape|Protect
|move|p2b: Amoonguss|Pollen Puff|p1b: Sinistcha
|-damage|p1b: Sinistcha|43/100
|move|p1b: Sinistcha|Life Dew|p1b: Sinistcha|[spread] p1a,p1b
|-heal|p1a: Annihilape|86/100
|-heal|p1b: Sinistcha|68/100
|move|p2a: Dragonite|Scale Shot|p1b: Sinistcha
|-damage|p1b: Sinistcha|59/100
|-damage|p1b: Sinistcha|50/100
|-damage|p1b: Sinistcha|41/100
|-damage|p1b: Sinistcha|32/100
|-damage|p1b: Sinistcha|22/100
|-hitcount|p1b: Sinistcha|5
|-unboost|p2a: Dragonite|def|1
|-boost|p2a: Dragonite|spe|1
|
|-heal|p1a: Annihilape|92/100|[from] item: Leftovers
|upkeep
|turn|8
|
|t:|1757098206
|move|p2b: Amoonguss|Spore|p1a: Annihilape
|-status|p1a: Annihilape|slp|[from] move: Spore
|move|p1b: Sinistcha|Life Dew|p1b: Sinistcha|[spread] p1a,p1b
|-heal|p1a: Annihilape|100/100 slp
|-heal|p1b: Sinistcha|47/100
|cant|p1a: Annihilape|slp
|move|p2a: Dragonite|Scale Shot|p1b: Sinistcha
|-damage|p1b: Sinistcha|37/100
|-damage|p1b: Sinistcha|28/100
|-damage|p1b: Sinistcha|19/100
|-damage|p1b: Sinistcha|10/100
|-damage|p1b: Sinistcha|0 fnt
|faint|p1b: Sinistcha
|-hitcount|p1: Sinistcha|5
|-unboost|p2a: Dragonite|def|1
|-boost|p2a: Dragonite|spe|1
|
|-fieldend|move: Trick Room
|upkeep
|turn|9
|
|t:|1757098215
|move|p2b: Amoonguss|Rage Powder|p2b: Amoonguss
|-singleturn|p2b: Amoonguss|move: Rage Powder
|move|p2a: Dragonite|Scale Shot|p1a: Annihilape
|-damage|p1a: Annihilape|89/100 slp
|-damage|p1a: Annihilape|78/100 slp
|-damage|p1a: Annihilape|66/100 slp
|-damage|p1a: Annihilape|56/100 slp
|-hitcount|p1a: Annihilape|4
|cant|p1a: Annihilape|slp
|
|-heal|p1a: Annihilape|62/100 slp|[from] item: Leftovers
|upkeep
|turn|10
|
|t:|1757098221
|move|p2b: Amoonguss|Rage Powder|p2b: Amoonguss
|-singleturn|p2b: Amoonguss|move: Rage Powder
|move|p2a: Dragonite|Scale Shot|p1a: Annihilape
|-damage|p1a: Annihilape|52/100 slp
|-damage|p1a: Annihilape|41/100 slp
|-damage|p1a: Annihilape|29/100 slp
|-damage|p1a: Annihilape|18/100 slp
|-damage|p1a: Annihilape|6/100 slp
|-hitcount|p1a: Annihilape|5
|cant|p1a: Annihilape|slp
|
|-heal|p1a: Annihilape|12/100 slp|[from] item: Leftovers
|-sideend|p1: SongokuVG Fr|Reflect
|upkeep
|turn|11
|
|t:|1757098229
|move|p2b: Amoonguss|Rage Powder|p2b: Amoonguss
|-singleturn|p2b: Amoonguss|move: Rage Powder
|move|p2a: Dragonite|Scale Shot|p1a: Annihilape|[miss]
|-miss|p2a: Dragonite|p1a: Annihilape
|-curestatus|p1a: Annihilape|slp|[msg]
|move|p1a: Annihilape|Rage Fist|p2b: Amoonguss
|-crit|p2b: Amoonguss
|-damage|p2b: Amoonguss|0 fnt
|faint|p2b: Amoonguss
|
|-heal|p1a: Annihilape|18/100|[from] item: Leftovers
|-sideend|p1: SongokuVG Fr|move: Light Screen
|upkeep
|
|t:|1757098231
|switch|p2b: Gholdengo|Gholdengo, L50|100/100
|turn|12
|
|t:|1757098238
|-terastallize|p1a: Annihilape|Fire
|move|p2a: Dragonite|Tailwind|p2a: Dragonite
|-sidestart|p2: FakeOutPlot|move: Tailwind
|move|p2b: Gholdengo|Shadow Ball|p1a: Annihilape
|-damage|p1a: Annihilape|0 fnt
|faint|p1a: Annihilape
|-damage|p2b: Gholdengo|91/100|[from] item: Life Orb
|
|win|FakeOutPlot
|raw|SongokuVG Fr's rating: 1322 → 1309(-13 for losing)
|raw|FakeOutPlot's rating: 1456 → 1469(+13 for winning)
