|j|☆OdeioPeugeot
|j|☆Muichiro25
|html|OdeioPeugeotMuichiro25    
|uhtml|bestof|Game 1 of a best-of-3
|t:|1783420455
|gametype|doubles
|player|p1|OdeioPeugeot|swimmer-gen4dp|1237
|player|p2|Muichiro25|n|1267
|gen|9
|tier|[Gen 9 Champions] VGC 2026 Reg M-B (Bo3)
|rated|
|rule|Species Clause: Limit one of each Pokémon
|rule|Item Clause: Limit 1 of each item
|clearpoke
|poke|p1|Basculegion, L50, M|
|poke|p1|Whimsicott, L50, M|
|poke|p1|Kingambit, L50, M|
|poke|p1|Garchomp, L50, M|
|poke|p1|Floette-Eternal, L50, F|
|poke|p1|Charizard, L50, M|
|poke|p2|Charizard, L50, M|
|poke|p2|Garchomp, L50, F|
|poke|p2|Whimsicott, L50, F|
|poke|p2|Basculegion, L50, M|
|poke|p2|Sneasler, L50, F|
|poke|p2|Froslass, L50, F|
|teampreview|4
|showteam|p1|Basculegion||LifeOrb|Adaptability|WaveCrash,LastRespects,AquaJet,Protect|Adamant||M|||50|]Whimsicott||FocusSash|Prankster|Moonblast,Encore,Tailwind,Protect|Timid||M|||50|]Kingambit||ChopleBerry|Defiant|KowtowCleave,IronHead,SuckerPunch,LowKick|Adamant||M|||50|]Garchomp||SitrusBerry|RoughSkin|Earthquake,DragonClaw,RockSlide,Protect|Adamant||M|||50|]Floette-Eternal||Floettite|FlowerVeil|Moonblast,DazzlingGleam,LightofRuin,Protect|Modest||F|||50|]Charizard||CharizarditeY|Blaze|HeatWave,SolarBeam,WeatherBall,Protect|Modest||M|||50|
|showteam|p2|Charizard||CharizarditeY|Blaze|HeatWave,SolarBeam,WeatherBall,Protect|Timid||M|||50|]Garchomp||LifeOrb|RoughSkin|Earthquake,DragonClaw,RockSlide,Protect|Jolly||F|||50|]Whimsicott||FocusSash|Prankster|Moonblast,Tailwind,Encore,Protect|Timid||F|||50|]Basculegion||ChoiceScarf|Adaptability|WaveCrash,LastRespects,AquaJet,FlipTurn|Jolly||M|||50|]Sneasler||WhiteHerb|Unburden|DireClaw,CloseCombat,FakeOut,Protect|Jolly||F|||50|]Froslass||Froslassite|SnowCloak|AuroraVeil,Blizzard,Protect,ShadowBall|Timid||F|||50|
|inactive|Battle timer is ON: inactive players will automatically lose when time's up. (requested by OdeioPeugeot)
|inactive|Muichiro25 also wants the timer to be on.
|inactive|OdeioPeugeot has 60 seconds left.
|
|t:|1783420487
|teamsize|p1|4
|teamsize|p2|4
|start
|switch|p1a: Garchomp|Garchomp, L50, M|100/100
|switch|p1b: Kingambit|Kingambit, L50, M|100/100
|switch|p2a: Whimsicott|Whimsicott, L50, F|100/100
|switch|p2b: Sneasler|Sneasler, L50, F|100/100
|turn|1
|inactive|Muichiro25 has 30 seconds left.
|inactive|Muichiro25 has 20 seconds left.
|inactive|OdeioPeugeot has 30 seconds left.
|inactive|Muichiro25 has 15 seconds left.
|inactive|Muichiro25 has 10 seconds left.
|
|t:|1783420535
|switch|p1b: Charizard|Charizard, L50, M|100/100
|move|p2b: Sneasler|Fake Out|p1b: Charizard
|-damage|p1b: Charizard|86/100
|move|p2a: Whimsicott|Tailwind|p2a: Whimsicott
|-sidestart|p2: Muichiro25|move: Tailwind
|move|p1a: Garchomp|Earthquake|p2a: Whimsicott|[spread] p2a,p2b
|-immune|p1b: Charizard
|-resisted|p2a: Whimsicott|1
|-supereffective|p2b: Sneasler|1
|-damage|p2a: Whimsicott|70/100
|-damage|p2b: Sneasler|0 fnt
|faint|p2b: Sneasler
|
|upkeep
|
|t:|1783420539
|switch|p2b: Garchomp|Garchomp, L50, F|100/100
|turn|2
|
|t:|1783420554
|switch|p1a: Whimsicott|Whimsicott, L50, M|100/100
|detailschange|p1b: Charizard|Charizard-Mega-Y, L50, M
|-mega|p1b: Charizard|Charizard|Charizardite Y
|-weather|SunnyDay|[from] ability: Drought|[of] p1b: Charizard
|move|p2a: Whimsicott|Moonblast|p1a: Whimsicott
|-damage|p1a: Whimsicott|40/100
|-unboost|p1a: Whimsicott|spa|1
|move|p2b: Garchomp|Rock Slide|p1a: Whimsicott|[spread] p1a,p1b
|-supereffective|p1b: Charizard|2
|-damage|p1a: Whimsicott|2/100
|-damage|p1b: Charizard|0 fnt
|faint|p1b: Charizard
|-damage|p2b: Garchomp|90/100|[from] item: Life Orb
|
|-weather|SunnyDay|[upkeep]
|upkeep
|
|t:|1783420575
|switch|p1b: Garchomp|Garchomp, L50, M|100/100
|turn|3
|
|t:|1783420590
|move|p1a: Whimsicott|Tailwind|p1a: Whimsicott
|-sidestart|p1: OdeioPeugeot|move: Tailwind
|move|p2a: Whimsicott|Moonblast|p1a: Whimsicott
|-damage|p1a: Whimsicott|0 fnt
|faint|p1a: Whimsicott
|move|p2b: Garchomp|Dragon Claw|p1b: Garchomp
|-supereffective|p1b: Garchomp|1
|-damage|p1b: Garchomp|16/100
|-damage|p2b: Garchomp|78/100|[from] ability: Rough Skin|[of] p1b: Garchomp
|-enditem|p1b: Garchomp|Sitrus Berry|[eat]
|-heal|p1b: Garchomp|41/100|[from] item: Sitrus Berry
|-damage|p2b: Garchomp|68/100|[from] item: Life Orb
|move|p1b: Garchomp|Dragon Claw|p2b: Garchomp
|-supereffective|p2b: Garchomp|1
|-damage|p2b: Garchomp|0 fnt
|-damage|p1b: Garchomp|28/100|[from] ability: Rough Skin|[of] p2b: Garchomp
|faint|p2b: Garchomp
|
|-weather|SunnyDay|[upkeep]
|upkeep
|
|t:|1783420606
|switch|p1a: Kingambit|Kingambit, L50, M|100/100
|switch|p2b: Charizard|Charizard, L50, M|100/100
|turn|4
|
|t:|1783420626
|detailschange|p2b: Charizard|Charizard-Mega-Y, L50, M
|-mega|p2b: Charizard|Charizard|Charizardite Y
|move|p1b: Garchomp|Protect|p1b: Garchomp
|-singleturn|p1b: Garchomp|Protect
|move|p2a: Whimsicott|Moonblast|p1b: Garchomp
|-activate|p1b: Garchomp|move: Protect
|move|p2b: Charizard|Heat Wave|p1b: Garchomp|[spread] p1a
|-activate|p1b: Garchomp|move: Protect
|-supereffective|p1a: Kingambit|1
|-damage|p1a: Kingambit|0 fnt
|faint|p1a: Kingambit
|
|-weather|SunnyDay|[upkeep]
|-sideend|p2: Muichiro25|move: Tailwind
|upkeep
|turn|5
|-message|OdeioPeugeot forfeited.
|
|win|Muichiro25
||Muichiro25 is ready for game 2.
||OdeioPeugeot is ready for game 2.
|uhtml|next|Next: Game 2 of 3
|l|☆Muichiro25
|player|p2|
|l|☆OdeioPeugeot
|player|p1|
|j|☆OdeioPeugeot
|player|p1|OdeioPeugeot|swimmer-gen4dp|
