|j|☆ramagamer107
|j|☆drakig
|html|ramagamer107drakig    
|uhtml|bestof|Game 2 of a best-of-3
|t:|1782673464
|gametype|doubles
|player|p1|ramagamer107|ghetsis-gen5bw|
|player|p2|drakig|shadowtriad|
|gen|9
|tier|[Gen 9 Champions] VGC 2026 Reg M-B (Bo3)
|rule|Species Clause: Limit one of each Pokémon
|rule|Item Clause: Limit 1 of each item
|clearpoke
|poke|p1|Eelektross, L50, F, shiny|
|poke|p1|Mawile, L50, F|
|poke|p1|Farigiraf, L50, F|
|poke|p1|Dragalge, L50, F, shiny|
|poke|p1|Annihilape, L50, M|
|poke|p1|Araquanid, L50, M, shiny|
|poke|p2|Charizard, L50, M|
|poke|p2|Aerodactyl, L50, F|
|poke|p2|Garchomp, L50, F|
|poke|p2|Kingambit, L50, M|
|poke|p2|Basculegion, L50, M|
|poke|p2|Floette-Eternal, L50, F|
|teampreview|4
|showteam|p1|Eelektross||Eelektrossite|Levitate|Thunderbolt,Flamethrower,DragonPulse,Protect|Quiet||F|||50|]Mawile||Mawilite|Intimidate|PlayRough,IronHead,Protect,SuckerPunch|Brave||F|||50|]Farigiraf||ColburBerry|ArmorTail|HelpingHand,TwinBeam,TrickRoom,FoulPlay|Relaxed||F|||50|]Dragalge||Leftovers|Adaptability|Haze,SludgeBomb,DragonPulse,Protect|Quiet||F|||50|]Annihilape||LifeOrb|Defiant|DrainPunch,RageFist,Protect,RockSlide|Adamant||M|||50|]Araquanid||MysticWater|WaterBubble|LeechLife,Liquidation,WideGuard,Soak|Brave||M|||50|
|showteam|p2|Charizard||CharizarditeY|Blaze|HeatWave,WeatherBall,SolarBeam,Protect|Modest||M|||50|]Aerodactyl||FocusSash|Unnerve|RockSlide,Tailwind,WideGuard,Protect|Jolly||F|||50|]Garchomp||LifeOrb|RoughSkin|ScaleShot,Earthquake,StompingTantrum,Protect|Adamant||F|||50|]Kingambit||ChopleBerry|Defiant|KowtowCleave,LowKick,SuckerPunch,Protect|Adamant||M|||50|]Basculegion||ChoiceScarf|Adaptability|WaveCrash,LastRespects,AquaJet,FlipTurn|Jolly||M|||50|]Floette-Eternal||Floettite|FlowerVeil|DazzlingGleam,Moonblast,LightofRuin,Protect|Modest||F|||50|
|inactive|Battle timer is ON: inactive players will automatically lose when time's up. (requested by drakig)
|inactive|ramagamer107 has 60 seconds left.
|
|t:|1782673506
|teamsize|p1|4
|teamsize|p2|4
|start
|switch|p1a: Farigiraf|Farigiraf, L50, F|100/100
|switch|p1b: Eelektross|Eelektross, L50, F, shiny|100/100
|switch|p2a: pastilla|Basculegion, L50, M|100/100
|switch|p2b: cucumber|Kingambit, L50, M|100/100
|turn|1
|inactive|drakig has 30 seconds left.
|
|t:|1782673535
|detailschange|p1b: Eelektross|Eelektross-Mega, L50, F, shiny
|-mega|p1b: Eelektross|Eelektross|Eelektrossite
|move|p2a: pastilla|Flip Turn|p1a: Farigiraf
|-damage|p1a: Farigiraf|69/100
|
|t:|1782673539
|switch|p2a: casemiro|Garchomp, L50, F|100/100|[from] Flip Turn
|move|p1b: Eelektross|Thunderbolt|p2a: casemiro
|-immune|p2a: casemiro
|move|p2b: cucumber|Kowtow Cleave|p1b: Eelektross
|-damage|p1b: Eelektross|42/100
|move|p1a: Farigiraf|Trick Room|p1a: Farigiraf
|-fieldstart|move: Trick Room|[of] p1a: Farigiraf
|
|upkeep
|turn|2
|inactive|drakig has 30 seconds left.
|inactive|drakig has 20 seconds left.
|
|t:|1782673576
|move|p1a: Farigiraf|Helping Hand|p1b: Eelektross
|-singleturn|p1b: Eelektross|Helping Hand|[of] p1a: Farigiraf
|move|p2b: cucumber|Protect|p2b: cucumber
|-singleturn|p2b: cucumber|Protect
|move|p1b: Eelektross|Flamethrower|p2b: cucumber
|-activate|p2b: cucumber|move: Protect
|move|p2a: casemiro|Stomping Tantrum|p1a: Farigiraf
|-damage|p1a: Farigiraf|29/100
|-damage|p2a: casemiro|90/100|[from] item: Life Orb
|
|upkeep
|turn|3
|
|t:|1782673597
|move|p1a: Farigiraf|Helping Hand|p1b: Eelektross
|-singleturn|p1b: Eelektross|Helping Hand|[of] p1a: Farigiraf
|move|p2b: cucumber|Kowtow Cleave|p1b: Eelektross
|-damage|p1b: Eelektross|0 fnt
|faint|p1b: Eelektross
|move|p2a: casemiro|Stomping Tantrum|p1a: Farigiraf
|-damage|p1a: Farigiraf|0 fnt
|faint|p1a: Farigiraf
|-damage|p2a: casemiro|80/100|[from] item: Life Orb
|
|upkeep
|
|t:|1782673603
|switch|p1a: Dragalge|Dragalge, L50, F, shiny|100/100
|switch|p1b: Araquanid|Araquanid, L50, M, shiny|100/100
|turn|4
|
|t:|1782673624
|switch|p2a: pastilla|Basculegion, L50, M|100/100
|move|p1b: Araquanid|Soak|p2b: cucumber
|-start|p2b: cucumber|typechange|Water
|move|p1a: Dragalge|Sludge Bomb|p2b: cucumber
|-damage|p2b: cucumber|46/100
|-status|p2b: cucumber|psn
|move|p2b: cucumber|Kowtow Cleave|p1b: Araquanid
|-damage|p1b: Araquanid|67/100
|
|-damage|p2b: cucumber|34/100 psn|[from] psn
|upkeep
|turn|5
|c|☆ramagamer107|casi
|inactive|drakig has 30 seconds left.
|inactive|drakig has 20 seconds left.
|
|t:|1782673662
|move|p2b: cucumber|Sucker Punch|p1a: Dragalge
|-damage|p1a: Dragalge|70/100
|move|p1b: Araquanid|Liquidation|p2a: pastilla
|-resisted|p2a: pastilla|1
|-damage|p2a: pastilla|51/100
|move|p1a: Dragalge|Dragon Pulse|p2a: pastilla
|-damage|p2a: pastilla|0 fnt
|faint|p2a: pastilla
|
|-heal|p1a: Dragalge|76/100|[from] item: Leftovers
|-damage|p2b: cucumber|22/100 psn|[from] psn
|-fieldend|move: Trick Room
|upkeep
|
|t:|1782673676
|switch|p2a: casemiro|Garchomp, L50, F|80/100
|turn|6
|
|t:|1782673685
|move|p2a: casemiro|Protect|p2a: casemiro
|-singleturn|p2a: casemiro|Protect
|move|p1a: Dragalge|Protect|p1a: Dragalge
|-singleturn|p1a: Dragalge|Protect
|move|p2b: cucumber|Kowtow Cleave|p1b: Araquanid
|-damage|p1b: Araquanid|34/100
|move|p1b: Araquanid|Liquidation|p2a: casemiro
|-activate|p2a: casemiro|move: Protect
|
|-heal|p1a: Dragalge|82/100|[from] item: Leftovers
|-damage|p2b: cucumber|10/100 psn|[from] psn
|upkeep
|turn|7
|
|t:|1782673704
|move|p1a: Dragalge|Protect||[still]
|-fail|p1a: Dragalge
|move|p1b: Araquanid|Wide Guard|p1b: Araquanid
|-singleturn|p1b: Araquanid|Wide Guard
|move|p2b: cucumber|Sucker Punch||[still]
|-fail|p2b: cucumber
|move|p2a: casemiro|Earthquake|p1a: Dragalge|[spread] p2b
|-activate|p1a: Dragalge|move: Wide Guard
|-activate|p1b: Araquanid|move: Wide Guard
|-damage|p2b: cucumber|0 fnt
|faint|p2b: cucumber
|-damage|p2a: casemiro|70/100|[from] item: Life Orb
|
|-heal|p1a: Dragalge|88/100|[from] item: Leftovers
|upkeep
|
|t:|1782673711
|switch|p2b: támesis|Floette-Eternal, L50, F|100/100
|turn|8
|
|t:|1782673720
|detailschange|p2b: támesis|Floette-Mega, L50, F
|-mega|p2b: támesis|Floette|Floettite
|-ability|p2b: támesis|Fairy Aura
|move|p1b: Araquanid|Wide Guard|p1b: Araquanid
|-singleturn|p1b: Araquanid|Wide Guard
|move|p2b: támesis|Moonblast|p1b: Araquanid
|-damage|p1b: Araquanid|0 fnt
|faint|p1b: Araquanid
|move|p2a: casemiro|Stomping Tantrum|p1a: Dragalge
|-supereffective|p1a: Dragalge|1
|-damage|p1a: Dragalge|0 fnt
|faint|p1a: Dragalge
|-damage|p2a: casemiro|60/100|[from] item: Life Orb
|
|win|drakig
|c|☆ramagamer107|gg
|c|☆drakig|ggs
