|j|☆CrystalGem02
|j|☆ramesses_the_ii
|html|CrystalGem02ramesses_the_ii    
|uhtml|bestof|Game 1 of a best-of-3
|t:|1756233977
|gametype|doubles
|player|p1|CrystalGem02|valerie|1174
|player|p2|ramesses_the_ii|policeman-gen4|1078
|gen|9
|tier|[Gen 9] VGC 2025 Reg H (Bo3)
|rated|
|rule|Species Clause: Limit one of each Pokémon
|rule|Item Clause: Limit 1 of each item
|clearpoke
|poke|p1|Rillaboom, L50, F|
|poke|p1|Electabuzz, L50, M|
|poke|p1|Archaludon, L50, F|
|poke|p1|Kingambit, L50, M|
|poke|p1|Pelipper, L50, F|
|poke|p1|Basculegion, L50, M|
|poke|p2|Ceruledge, L50, F|
|poke|p2|Rillaboom, L50, M|
|poke|p2|Clefairy, L50, M|
|poke|p2|Glimmora, L50, M|
|poke|p2|Whimsicott, L50, M|
|poke|p2|Hydreigon, L50, F|
|teampreview|4
|showteam|p1|Rillaboom||LoadedDice|GrassySurge|BulletSeed,GrassyGlide,HighHorsepower,FakeOut|||F|||50|,,,,,Fire]Electabuzz||Eviolite|VitalSpirit|Electroweb,Taunt,FollowMe,Protect|||M|||50|,,,,,Ghost]Archaludon||AssaultVest|Stamina|ElectroShot,DracoMeteor,FlashCannon,BodyPress|||F|||50|,,,,,Fairy]Kingambit||BlackGlasses|Defiant|KowtowCleave,SuckerPunch,SwordsDance,Protect|||M|||50|,,,,,Dark]Pelipper||FocusSash|Drizzle|WeatherBall,Hurricane,Tailwind,Protect|||F|||50|,,,,,Ghost]Basculegion||ChoiceBand|SwiftSwim|WaveCrash,FlipTurn,AquaJet,LastRespects|||M|||50|,,,,,Grass
|showteam|p2|Ceruledge||ClearAmulet|FlashFire|Protect,BulkUp,BitterBlade,ShadowSneak|||F|||50|,,,,,Grass]Rillaboom||MiracleSeed|GrassySurge|FakeOut,GrassyGlide,WoodHammer,Uturn|||M|||50|,,,,,Fire]Clefairy||Eviolite|FriendGuard|Protect,FollowMe,HelpingHand,AfterYou|||M|||50|,,,,,Dark]Glimmora||PowerHerb|ToxicDebris|SpikyShield,EarthPower,MeteorBeam,SludgeBomb|||M|||50|,,,,,Ground]Whimsicott||FocusSash|Prankster|Protect,Tailwind,Moonblast,Taunt|||M|||50|,,,,,Ghost]Hydreigon||LifeOrb|Levitate|Protect,Snarl,DarkPulse,DracoMeteor|||F|||50|,,,,,Steel
|
|t:|1756234000
|teamsize|p1|4
|teamsize|p2|4
|start
|switch|p1a: Basculegion|Basculegion, L50, M|100/100
|switch|p1b: Pelipper|Pelipper, L50, F|100/100
|switch|p2a: Glimmora|Glimmora, L50, M|100/100
|switch|p2b: Whimsicott|Whimsicott, L50, M|100/100
|-weather|RainDance|[from] ability: Drizzle|[of] p1b: Pelipper
|turn|1
|inactive|Battle timer is ON: inactive players will automatically lose when time's up. (requested by CrystalGem02)
|
|t:|1756234021
|move|p2a: Glimmora|Spiky Shield|p2a: Glimmora
|-singleturn|p2a: Glimmora|move: Protect
|move|p2b: Whimsicott|Taunt|p1b: Pelipper
|-start|p1b: Pelipper|move: Taunt
|move|p1a: Basculegion|Flip Turn|p2a: Glimmora
|-activate|p2a: Glimmora|move: Protect
|-damage|p1a: Basculegion|88/100|[from] Spiky Shield|[of] p2a: Glimmora
|cant|p1b: Pelipper|move: Taunt|Tailwind
|
|-weather|RainDance|[upkeep]
|upkeep
|turn|2
|
|t:|1756234035
|switch|p2a: Rillaboom|Rillaboom, L50, M|100/100
|-fieldstart|move: Grassy Terrain|[from] ability: Grassy Surge|[of] p2a: Rillaboom
|move|p2b: Whimsicott|Tailwind|p2b: Whimsicott
|-sidestart|p2: ramesses_the_ii|move: Tailwind
|move|p1a: Basculegion|Flip Turn|p2b: Whimsicott
|-resisted|p2b: Whimsicott
|-damage|p2b: Whimsicott|47/100
|
|t:|1756234044
|switch|p1a: Archaludon|Archaludon, L50, F|100/100|[from] Flip Turn
|move|p1b: Pelipper|Weather Ball|p2a: Rillaboom
|-resisted|p2a: Rillaboom
|-damage|p2a: Rillaboom|63/100
|
|-weather|RainDance|[upkeep]
|-heal|p2b: Whimsicott|53/100|[from] Grassy Terrain
|-heal|p2a: Rillaboom|69/100|[from] Grassy Terrain
|upkeep
|turn|3
|
|t:|1756234061
|switch|p2b: Glimmora|Glimmora, L50, M|100/100
|switch|p1b: Kingambit|Kingambit, L50, M|100/100
|move|p2a: Rillaboom|Fake Out|p1a: Archaludon
|-resisted|p1a: Archaludon
|-damage|p1a: Archaludon|95/100
|-ability|p1a: Archaludon|Stamina|boost
|-boost|p1a: Archaludon|def|1
|cant|p1a: Archaludon|flinch
|
|-weather|RainDance|[upkeep]
|-heal|p2a: Rillaboom|74/100|[from] Grassy Terrain
|-heal|p1a: Archaludon|100/100|[from] Grassy Terrain
|upkeep
|turn|4
|
|t:|1756234081
|-terastallize|p2b: Glimmora|Ground
|-terastallize|p1a: Archaludon|Fairy
|move|p2b: Glimmora|Earth Power|p1a: Archaludon
|-damage|p1a: Archaludon|68/100
|-ability|p1a: Archaludon|Stamina|boost
|-boost|p1a: Archaludon|def|1
|move|p2a: Rillaboom|U-turn|p1b: Kingambit
|-damage|p1b: Kingambit|83/100
|
|t:|1756234091
|switch|p2a: Hydreigon|Hydreigon, L50, F|100/100|[from] U-turn
|move|p1a: Archaludon|Electro Shot||[still]
|-prepare|p1a: Archaludon|Electro Shot
|-boost|p1a: Archaludon|spa|1
|-anim|p1a: Archaludon|Electro Shot|p2a: Hydreigon
|-resisted|p2a: Hydreigon
|-damage|p2a: Hydreigon|65/100
|move|p1b: Kingambit|Kowtow Cleave|p2b: Glimmora
|-damage|p2b: Glimmora|32/100
|-activate|p2b: Glimmora|ability: Toxic Debris
|-sidestart|p1: CrystalGem02|move: Toxic Spikes
|
|-weather|RainDance|[upkeep]
|-heal|p2b: Glimmora|39/100|[from] Grassy Terrain
|-heal|p1a: Archaludon|74/100|[from] Grassy Terrain
|-heal|p1b: Kingambit|88/100|[from] Grassy Terrain
|upkeep
|turn|5
|
|t:|1756234114
|move|p1b: Kingambit|Sucker Punch|p2b: Glimmora
|-damage|p2b: Glimmora|0 fnt
|-activate|p2b: Glimmora|ability: Toxic Debris
|-sidestart|p1: CrystalGem02|move: Toxic Spikes
|faint|p2b: Glimmora
|move|p2a: Hydreigon|Dark Pulse|p1b: Kingambit
|-resisted|p1b: Kingambit
|-damage|p1b: Kingambit|64/100
|-damage|p2a: Hydreigon|55/100|[from] item: Life Orb
|move|p1a: Archaludon|Draco Meteor|p2a: Hydreigon|[miss]
|-miss|p1a: Archaludon|p2a: Hydreigon
|
|-weather|none
|-heal|p1a: Archaludon|80/100|[from] Grassy Terrain
|-heal|p1b: Kingambit|70/100|[from] Grassy Terrain
|-sideend|p2: ramesses_the_ii|move: Tailwind
|upkeep
|
|t:|1756234134
|switch|p2b: Whimsicott|Whimsicott, L50, M|53/100
|turn|6
|
|t:|1756234147
|move|p1b: Kingambit|Sucker Punch|p2a: Hydreigon
|-resisted|p2a: Hydreigon
|-damage|p2a: Hydreigon|27/100
|move|p2b: Whimsicott|Moonblast|p1b: Kingambit
|-damage|p1b: Kingambit|37/100
|move|p2a: Hydreigon|Dark Pulse|p1b: Kingambit
|-resisted|p1b: Kingambit
|-damage|p1b: Kingambit|13/100
|-damage|p2a: Hydreigon|18/100|[from] item: Life Orb
|move|p1a: Archaludon|Flash Cannon|p2a: Hydreigon
|-damage|p2a: Hydreigon|0 fnt
|faint|p2a: Hydreigon
|
|-heal|p2b: Whimsicott|59/100|[from] Grassy Terrain
|-heal|p1a: Archaludon|86/100|[from] Grassy Terrain
|-heal|p1b: Kingambit|18/100|[from] Grassy Terrain
|-fieldend|move: Grassy Terrain
|upkeep
|
|t:|1756234162
|switch|p2a: Rillaboom|Rillaboom, L50, M|74/100
|-fieldstart|move: Grassy Terrain|[from] ability: Grassy Surge|[of] p2a: Rillaboom
|turn|7
|
|t:|1756234178
|move|p2a: Rillaboom|Grassy Glide|p1b: Kingambit
|-resisted|p1b: Kingambit
|-damage|p1b: Kingambit|1/100
|move|p1b: Kingambit|Sucker Punch|p1a: Archaludon
|-resisted|p1a: Archaludon
|-damage|p1a: Archaludon|76/100
|-ability|p1a: Archaludon|Stamina|boost
|-boost|p1a: Archaludon|def|1
|move|p2b: Whimsicott|Moonblast|p1a: Archaludon
|-damage|p1a: Archaludon|50/100
|-ability|p1a: Archaludon|Stamina|boost
|-boost|p1a: Archaludon|def|1
|move|p1a: Archaludon|Flash Cannon|p2a: Rillaboom
|-damage|p2a: Rillaboom|12/100
|
|-heal|p2b: Whimsicott|64/100|[from] Grassy Terrain
|-heal|p1a: Archaludon|57/100|[from] Grassy Terrain
|-heal|p2a: Rillaboom|18/100|[from] Grassy Terrain
|-heal|p1b: Kingambit|7/100|[from] Grassy Terrain
|upkeep
|turn|8
|
|t:|1756234197
|move|p1b: Kingambit|Protect|p1b: Kingambit
|-singleturn|p1b: Kingambit|Protect
|move|p2a: Rillaboom|Grassy Glide|p1b: Kingambit
|-activate|p1b: Kingambit|move: Protect
|move|p2b: Whimsicott|Moonblast|p1a: Archaludon
|-damage|p1a: Archaludon|30/100
|-ability|p1a: Archaludon|Stamina|boost
|-boost|p1a: Archaludon|def|1
|move|p1a: Archaludon|Flash Cannon|p2b: Whimsicott
|-supereffective|p2b: Whimsicott
|-damage|p2b: Whimsicott|0 fnt
|faint|p2b: Whimsicott
|
|-heal|p1a: Archaludon|36/100|[from] Grassy Terrain
|-heal|p2a: Rillaboom|24/100|[from] Grassy Terrain
|-heal|p1b: Kingambit|13/100|[from] Grassy Terrain
|upkeep
|turn|9
|
|t:|1756234215
|move|p2a: Rillaboom|Grassy Glide|p1a: Archaludon
|-damage|p1a: Archaludon|27/100
|-ability|p1a: Archaludon|Stamina|boost
|-boost|p1a: Archaludon|def|1
|move|p1b: Kingambit|Sucker Punch||[still]
|-fail|p1b: Kingambit
|move|p1a: Archaludon|Flash Cannon|p2a: Rillaboom
|-damage|p2a: Rillaboom|0 fnt
|faint|p2a: Rillaboom
|
|win|CrystalGem02
