|j|☆hunterdrago
|j|☆lucia_tortuga
|html|hunterdragolucia_tortuga    
|uhtml|bestof|Game 2 of a best-of-3
|t:|1757780930
|gametype|doubles
|player|p1|hunterdrago|rosa|
|player|p2|lucia_tortuga|veteranf|
|gen|9
|tier|[Gen 9] VGC 2025 Reg H (Bo3)
|rule|Tera Type Preview: Tera Types are shown at Team Preview
|rule|Species Clause: Limit one of each Pokémon
|rule|Item Clause: Limit 1 of each item
|raw|2 custom rules: Tera Type Preview, !Force Open Team Sheets
|clearpoke
|poke|p1|Basculegion-F, L50, F|
|poke|p1|Illumise, L50, F|
|poke|p1|Ursaluna-Bloodmoon, L50, M|
|poke|p1|Hariyama, L50, F|
|poke|p1|Sinistcha-Masterpiece, L50|
|poke|p1|Magmortar, L50, M|
|poke|p2|Meowstic, L50, M|
|poke|p2|Lurantis, L50, F|
|poke|p2|Lanturn, L50, F|
|poke|p2|Baxcalibur, L50, F|
|poke|p2|Scrafty, L50, M|
|poke|p2|Houndoom, L50, F|
|raw|hunterdrago's Tera Types: /  /  /  /  / 
|raw|lucia_tortuga's Tera Types: /  /  /  /  / 
|teampreview|4
|j| Criee
|
|t:|1757780964
|teamsize|p1|4
|teamsize|p2|4
|start
|switch|p1a: da fis|Basculegion-F, L50, F|100/100
|switch|p1b: Big Hands|Hariyama, L50, F|100/100
|switch|p2a: Scrafty|Scrafty, L50, M, shiny|100/100
|switch|p2b: Meowstic|Meowstic, L50, M, shiny|100/100
|-ability|p2a: Scrafty|Intimidate|boost
|-unboost|p1a: da fis|atk|1
|-unboost|p1b: Big Hands|atk|1
|turn|1
|
|t:|1757780999
|move|p2a: Scrafty|Fake Out|p1b: Big Hands
|-damage|p1b: Big Hands|88/100
|cant|p1b: Big Hands|flinch
|move|p2b: Meowstic|Psychic Terrain|p2b: Meowstic
|-fieldstart|move: Psychic Terrain
|move|p1a: da fis|Shadow Ball|p2b: Meowstic
|-supereffective|p2b: Meowstic
|-damage|p2b: Meowstic|20/100
|
|-status|p1b: Big Hands|brn|[from] item: Flame Orb
|upkeep
|turn|2
|
|t:|1757781017
|move|p1b: Big Hands|Protect|p1b: Big Hands
|-singleturn|p1b: Big Hands|Protect
|move|p2b: Meowstic|Light Screen|p2b: Meowstic
|-sidestart|p2: lucia_tortuga|move: Light Screen
|move|p1a: da fis|Shadow Ball|p2b: Meowstic
|-supereffective|p2b: Meowstic
|-damage|p2b: Meowstic|0 fnt
|faint|p2b: Meowstic
|move|p2a: Scrafty|Knock Off|p1a: da fis
|-supereffective|p1a: da fis
|-damage|p1a: da fis|2/100
|-enditem|p1a: da fis|Choice Scarf|[from] move: Knock Off|[of] p2a: Scrafty
|
|-damage|p1b: Big Hands|82/100 brn|[from] brn
|upkeep
|
|t:|1757781036
|switch|p2b: Baxcalibur|Baxcalibur, L50, F, shiny|100/100
|turn|3
|
|t:|1757781060
|move|p2b: Baxcalibur|Protect|p2b: Baxcalibur
|-singleturn|p2b: Baxcalibur|Protect
|move|p1a: da fis|Hydro Pump|p2a: Scrafty
|-damage|p2a: Scrafty|75/100
|move|p1b: Big Hands|Close Combat|p2b: Baxcalibur
|-activate|p2b: Baxcalibur|move: Protect
|move|p2a: Scrafty|Knock Off|p1a: da fis
|-supereffective|p1a: da fis
|-damage|p1a: da fis|0 fnt
|faint|p1a: da fis
|
|-damage|p1b: Big Hands|76/100 brn|[from] brn
|upkeep
|
|t:|1757781070
|switch|p1a: MOOOON|Ursaluna-Bloodmoon, L50, M|100/100
|turn|4
|
|t:|1757781085
|switch|p1b: LMAO RAGEBAITED|Illumise, L50, F|100/100
|move|p1a: MOOOON|Protect|p1a: MOOOON
|-singleturn|p1a: MOOOON|Protect
|move|p2b: Baxcalibur|Icicle Spear|p1a: MOOOON
|-activate|p1a: MOOOON|move: Protect
|move|p2a: Scrafty|Knock Off|p1a: MOOOON
|-activate|p1a: MOOOON|move: Protect
|
|upkeep
|turn|5
|
|t:|1757781110
|switch|p1a: Big Hands|Hariyama, L50, F|76/100 brn
|move|p1b: LMAO RAGEBAITED|Tailwind|p1b: LMAO RAGEBAITED
|-sidestart|p1: hunterdrago|move: Tailwind
|move|p2b: Baxcalibur|High Horsepower|p1a: Big Hands
|-damage|p1a: Big Hands|36/100 brn
|move|p2a: Scrafty|Knock Off|p1a: Big Hands
|-resisted|p1a: Big Hands
|-damage|p1a: Big Hands|16/100 brn
|-enditem|p1a: Big Hands|Flame Orb|[from] move: Knock Off|[of] p2a: Scrafty
|
|-damage|p1a: Big Hands|10/100 brn|[from] brn
|-fieldend|move: Psychic Terrain
|upkeep
|turn|6
|
|t:|1757781170
|-terastallize|p2a: Scrafty|Fairy
|move|p2b: Baxcalibur|Protect|p2b: Baxcalibur
|-singleturn|p2b: Baxcalibur|Protect
|move|p1b: LMAO RAGEBAITED|Struggle Bug|p2a: Scrafty|[spread] p2a
|-activate|p2b: Baxcalibur|move: Protect
|-resisted|p2a: Scrafty
|-damage|p2a: Scrafty|73/100
|-unboost|p2a: Scrafty|spa|1
|move|p1a: Big Hands|Close Combat|p2a: Scrafty
|-resisted|p2a: Scrafty
|-damage|p2a: Scrafty|33/100
|-unboost|p1a: Big Hands|def|1
|-unboost|p1a: Big Hands|spd|1
|move|p2a: Scrafty|Knock Off|p1b: LMAO RAGEBAITED
|-damage|p1b: LMAO RAGEBAITED|65/100
|-enditem|p1b: LMAO RAGEBAITED|Occa Berry|[from] move: Knock Off|[of] p2a: Scrafty
|
|-damage|p1a: Big Hands|3/100 brn|[from] brn
|-sideend|p2: lucia_tortuga|move: Light Screen
|upkeep
|turn|7
|
|t:|1757781203
|move|p1b: LMAO RAGEBAITED|Encore|p2b: Baxcalibur
|-start|p2b: Baxcalibur|Encore
|move|p1a: Big Hands|Close Combat|p2b: Baxcalibur
|-supereffective|p2b: Baxcalibur
|-damage|p2b: Baxcalibur|0 fnt
|-unboost|p1a: Big Hands|def|1
|-unboost|p1a: Big Hands|spd|1
|faint|p2b: Baxcalibur
|move|p2a: Scrafty|Drain Punch|p1a: Big Hands
|-damage|p1a: Big Hands|0 fnt
|-heal|p2a: Scrafty|35/100|[from] drain|[of] p1a: Big Hands
|faint|p1a: Big Hands
|
|upkeep
|
|t:|1757781211
|switch|p2b: Lurantis|Lurantis, L50, F, shiny|100/100
|switch|p1a: MOOOON|Ursaluna-Bloodmoon, L50, M|100/100
|turn|8
|
|t:|1757781223
|-terastallize|p1a: MOOOON|Poison
|move|p1b: LMAO RAGEBAITED|Fake Tears|p2b: Lurantis
|-boost|p2b: Lurantis|spd|2
|move|p1a: MOOOON|Hyper Voice|p2a: Scrafty|[spread] p2a,p2b
|-damage|p2a: Scrafty|7/100
|-damage|p2b: Lurantis|72/100
|-damage|p1a: MOOOON|91/100|[from] item: Life Orb
|move|p2a: Scrafty|Super Fang|p1a: MOOOON
|-damage|p1a: MOOOON|46/100
|move|p2b: Lurantis|Leaf Storm|p1a: MOOOON
|-resisted|p1a: MOOOON
|-damage|p1a: MOOOON|19/100
|-boost|p2b: Lurantis|spa|2
|
|-sideend|p1: hunterdrago|move: Tailwind
|upkeep
|turn|9
|c|☆hunterdrago|WAIT
|c|☆hunterdrago|omg
|c|☆lucia_tortuga|lmaooo
|
|t:|1757781259
|move|p1b: LMAO RAGEBAITED|Tailwind|p1b: LMAO RAGEBAITED
|-sidestart|p1: hunterdrago|move: Tailwind
|move|p1a: MOOOON|Blood Moon|p2b: Lurantis
|-damage|p2b: Lurantis|12/100
|-damage|p1a: MOOOON|9/100|[from] item: Life Orb
|move|p2a: Scrafty|Knock Off|p1a: MOOOON
|-damage|p1a: MOOOON|0 fnt
|-enditem|p1a: MOOOON|Life Orb|[from] move: Knock Off|[of] p2a: Scrafty
|faint|p1a: MOOOON
|move|p2b: Lurantis|Leaf Storm|p1b: LMAO RAGEBAITED
|-resisted|p1b: LMAO RAGEBAITED
|-damage|p1b: LMAO RAGEBAITED|10/100
|-boost|p2b: Lurantis|spa|2
|
|upkeep
|turn|10
|c|☆hunterdrago|uhhhhhhhhhhhhhhhh
|
|t:|1757781267
|move|p1b: LMAO RAGEBAITED|Struggle Bug|p2a: Scrafty|[spread] p2a,p2b
|-resisted|p2a: Scrafty
|-supereffective|p2b: Lurantis
|-damage|p2a: Scrafty|5/100
|-damage|p2b: Lurantis|0 fnt
|-unboost|p2a: Scrafty|spa|1
|faint|p2b: Lurantis
|move|p2a: Scrafty|Knock Off|p1b: LMAO RAGEBAITED
|-damage|p1b: LMAO RAGEBAITED|0 fnt
|faint|p1b: LMAO RAGEBAITED
|
|win|lucia_tortuga
||hunterdrago is ready for game 3.
||lucia_tortuga is ready for game 3.
|uhtml|next|Next: Game 3 of 3
|l| Criee
