|j|☆hatsune p2
|j|☆sir plaza
|html|hatsune p2sir plaza    
|uhtml|bestof|Game 1 of a best-of-3
|t:|1757189556
|gametype|doubles
|player|p1|hatsune p2|miku-fairy|1181
|player|p2|sir plaza|blackbelt-gen4dp|1076
|gen|9
|tier|[Gen 9] VGC 2025 Reg H (Bo3)
|rated|
|rule|Species Clause: Limit one of each Pokémon
|rule|Item Clause: Limit 1 of each item
|clearpoke
|poke|p1|Incineroar, L50, M|
|poke|p1|Farigiraf, L50, M|
|poke|p1|Sneasler, L50, F|
|poke|p1|Pelipper, L50, M|
|poke|p1|Archaludon, L50, F|
|poke|p1|Rillaboom, L50, M|
|poke|p2|Incineroar, L50, M|
|poke|p2|Sneasler, L50, M|
|poke|p2|Talonflame, L50, M|
|poke|p2|Rillaboom, L50, F|
|poke|p2|Gholdengo, L50|
|poke|p2|Kingambit, L50, M|
|teampreview|4
|showteam|p1|Incineroar||SafetyGoggles|Intimidate|FakeOut,FlareBlitz,KnockOff,Uturn|||M|||50|,,,,,Ghost]Farigiraf||ThroatSpray|ArmorTail|HyperVoice,Psychic,Protect,TrickRoom|||M|||50|,,,,,Fire]Sneasler||GrassySeed|Unburden|ThroatChop,CloseCombat,DireClaw,Protect|||F|||50|,,,,,Dark]Pelipper||ChoiceScarf|Drizzle|Uturn,IcyWind,WeatherBall,Hurricane|||M|||50|,,,,,Water]Archaludon||AssaultVest|Stamina|ElectroShot,FlashCannon,DragonPulse,BodyPress|||F|||50|,,,,,Bug]Rillaboom||LoadedDice|GrassySurge|FakeOut,BulletSeed,GrassyGlide,HighHorsepower|||M|||50|,,,,,Water
|showteam|p2|Incineroar||SafetyGoggles|Intimidate|KnockOff,FlareBlitz,FakeOut,PartingShot|||M|||50|,,,,,Ghost]Sneasler||GrassySeed|Unburden|Protect,CloseCombat,DireClaw,FakeOut|||M|||50|,,,,,Stellar]Talonflame||CovertCloak|GaleWings|DualWingbeat,FlareBlitz,Tailwind,WillOWisp|||M|||50|,,,,,Grass]Rillaboom||AssaultVest|GrassySurge|GrassyGlide,WoodHammer,FakeOut,HighHorsepower|||F|||50|,,,,,Grass]Gholdengo||LifeOrb|GoodasGold|MakeItRain,ShadowBall,NastyPlot,Protect||||||50|,,,,,Water]Kingambit||BlackGlasses|Defiant|SuckerPunch,SwordsDance,KowtowCleave,Protect|||M|||50|,,,,,Ghost
|inactive|Battle timer is ON: inactive players will automatically lose when time's up. (requested by sir plaza)
|inactive|hatsune p2 has 60 seconds left.
|
|t:|1757189628
|teamsize|p1|4
|teamsize|p2|4
|start
|switch|p1a: Farigiraf|Farigiraf, L50, M|100/100
|switch|p1b: Rillaboom|Rillaboom, L50, M|100/100
|switch|p2a: Kingambit|Kingambit, L50, M|100/100
|switch|p2b: Talonflame|Talonflame, L50, M|100/100
|-fieldstart|move: Grassy Terrain|[from] ability: Grassy Surge|[of] p1b: Rillaboom
|turn|1
|
|t:|1757189645
|move|p1b: Rillaboom|Fake Out|p2a: Kingambit
|-resisted|p2a: Kingambit
|-damage|p2a: Kingambit|95/100
|move|p2b: Talonflame|Dual Wingbeat||[still]
|cant|p1a: Farigiraf|ability: Armor Tail|Dual Wingbeat|[of] p2b: Talonflame
|cant|p2a: Kingambit|flinch
|move|p1a: Farigiraf|Trick Room|p1a: Farigiraf
|-fieldstart|move: Trick Room|[of] p1a: Farigiraf
|
|-heal|p2a: Kingambit|100/100|[from] Grassy Terrain
|upkeep
|turn|2
|c|☆sir plaza|omfg
|c|☆sir plaza|i FORGOR
|inactive|sir plaza has 30 seconds left.
|
|t:|1757189672
|switch|p1a: Archaludon|Archaludon, L50, F|100/100
|move|p2a: Kingambit|Swords Dance|p2a: Kingambit
|-boost|p2a: Kingambit|atk|2
|move|p1b: Rillaboom|Bullet Seed|p1a: Archaludon
|-resisted|p1a: Archaludon
|-damage|p1a: Archaludon|97/100
|-ability|p1a: Archaludon|Stamina|boost
|-boost|p1a: Archaludon|def|1
|-resisted|p1a: Archaludon
|-damage|p1a: Archaludon|95/100
|-ability|p1a: Archaludon|Stamina|boost
|-boost|p1a: Archaludon|def|1
|-resisted|p1a: Archaludon
|-damage|p1a: Archaludon|94/100
|-ability|p1a: Archaludon|Stamina|boost
|-boost|p1a: Archaludon|def|1
|-resisted|p1a: Archaludon
|-damage|p1a: Archaludon|93/100
|-ability|p1a: Archaludon|Stamina|boost
|-boost|p1a: Archaludon|def|1
|-resisted|p1a: Archaludon
|-damage|p1a: Archaludon|92/100
|-ability|p1a: Archaludon|Stamina|boost
|-boost|p1a: Archaludon|def|1
|-hitcount|p1a: Archaludon|5
|move|p2b: Talonflame|Flare Blitz|p1b: Rillaboom
|-supereffective|p1b: Rillaboom
|-damage|p1b: Rillaboom|18/100
|-damage|p2b: Talonflame|66/100|[from] Recoil
|
|-heal|p1a: Archaludon|98/100|[from] Grassy Terrain
|-heal|p1b: Rillaboom|24/100|[from] Grassy Terrain
|upkeep
|turn|3
|inactive|hatsune p2 has 30 seconds left.
|inactive|sir plaza has 30 seconds left.
|inactive|hatsune p2 has 20 seconds left.
|inactive|sir plaza has 20 seconds left.
|inactive|hatsune p2 has 15 seconds left.
|inactive|hatsune p2 has 10 seconds left.
|
|t:|1757189717
|switch|p2b: Rillaboom|Rillaboom, L50, F|100/100
|move|p2a: Kingambit|Protect|p2a: Kingambit
|-singleturn|p2a: Kingambit|Protect
|move|p1a: Archaludon|Dragon Pulse|p2b: Rillaboom
|-damage|p2b: Rillaboom|70/100
|move|p1b: Rillaboom|Bullet Seed|p2a: Kingambit
|-activate|p2a: Kingambit|move: Protect
|
|-heal|p2b: Rillaboom|76/100|[from] Grassy Terrain
|-heal|p1a: Archaludon|100/100|[from] Grassy Terrain
|-heal|p1b: Rillaboom|30/100|[from] Grassy Terrain
|upkeep
|turn|4
|
|t:|1757189739
|switch|p1b: Farigiraf|Farigiraf, L50, M|100/100
|-terastallize|p2a: Kingambit|Ghost
|move|p2b: Rillaboom|Fake Out||[still]
|cant|p1b: Farigiraf|ability: Armor Tail|Fake Out|[of] p2b: Rillaboom
|move|p2a: Kingambit|Kowtow Cleave|p1b: Farigiraf
|-supereffective|p1b: Farigiraf
|-damage|p1b: Farigiraf|0 fnt
|faint|p1b: Farigiraf
|move|p1a: Archaludon|Body Press|p2b: Rillaboom
|-damage|p2b: Rillaboom|0 fnt
|faint|p2b: Rillaboom
|
|upkeep
|
|t:|1757189761
|switch|p1b: Rillaboom|Rillaboom, L50, M|30/100
|switch|p2b: Sneasler|Sneasler, L50, M|100/100
|-enditem|p2b: Sneasler|Grassy Seed
|-boost|p2b: Sneasler|def|1|[from] item: Grassy Seed
|turn|5
|inactive|hatsune p2 has 30 seconds left.
|inactive|sir plaza has 30 seconds left.
|inactive|hatsune p2 has 20 seconds left.
|
|t:|1757189800
|-terastallize|p1a: Archaludon|Bug
|move|p2b: Sneasler|Fake Out|p1b: Rillaboom
|-damage|p1b: Rillaboom|15/100
|cant|p1b: Rillaboom|flinch
|move|p2a: Kingambit|Swords Dance|p2a: Kingambit
|-boost|p2a: Kingambit|atk|2
|move|p1a: Archaludon|Dragon Pulse|p2a: Kingambit
|-damage|p2a: Kingambit|60/100
|
|-heal|p2a: Kingambit|66/100|[from] Grassy Terrain
|-heal|p1b: Rillaboom|21/100|[from] Grassy Terrain
|-fieldend|move: Trick Room
|-fieldend|move: Grassy Terrain
|upkeep
|turn|6
|inactive|hatsune p2 has 30 seconds left.
|inactive|sir plaza has 30 seconds left.
|
|t:|1757189827
|switch|p1b: Incineroar|Incineroar, L50, M|100/100
|-ability|p1b: Incineroar|Intimidate|boost
|-unboost|p2a: Kingambit|atk|1
|-ability|p2a: Kingambit|Defiant|boost
|-boost|p2a: Kingambit|atk|2
|-unboost|p2b: Sneasler|atk|1
|move|p2a: Kingambit|Protect|p2a: Kingambit
|-singleturn|p2a: Kingambit|Protect
|move|p2b: Sneasler|Dire Claw|p1b: Incineroar
|-damage|p1b: Incineroar|72/100
|-status|p1b: Incineroar|slp
|move|p1a: Archaludon|Electro Shot||[still]
|-prepare|p1a: Archaludon|Electro Shot
|-boost|p1a: Archaludon|spa|1
|
|upkeep
|turn|7
|inactive|sir plaza has 30 seconds left.
|
|t:|1757189853
|move|p2a: Kingambit|Sucker Punch|p1a: Archaludon
|-crit|p1a: Archaludon
|-damage|p1a: Archaludon|0 fnt
|faint|p1a: Archaludon
|move|p2b: Sneasler|Dire Claw|p1b: Incineroar
|-damage|p1b: Incineroar|43/100 slp
|cant|p1b: Incineroar|slp
|
|upkeep
|-message|hatsune p2 forfeited.
|
|win|sir plaza
|l|☆hatsune p2
|player|p1|
||hatsune p2 is ready for game 2.
||sir plaza is ready for game 2.
|uhtml|next|Next: Game 2 of 3
