|j|☆LetherOCE
|j|☆Malumancer
|html|LetherOCEMalumancer    
|uhtml|bestof|Game 3 of a best-of-3
|t:|1756625652
|gametype|doubles
|player|p1|LetherOCE|steven|
|player|p2|Malumancer|pryce|
|gen|9
|tier|[Gen 9] VGC 2025 Reg H (Bo3)
|rule|Species Clause: Limit one of each Pokémon
|rule|Item Clause: Limit 1 of each item
|clearpoke
|poke|p1|Sneasler, L50, F|
|poke|p1|Garchomp, L50, F|
|poke|p1|Corviknight, L50, F|
|poke|p1|Volcarona, L50, F|
|poke|p1|Primarina, L50, F|
|poke|p1|Rillaboom, L50, F|
|poke|p2|Gholdengo, L50|
|poke|p2|Incineroar, L50, M|
|poke|p2|Porygon2, L50|
|poke|p2|Amoonguss, L50, M|
|poke|p2|Ursaluna-Bloodmoon, L50, M|
|poke|p2|Dragonite, L50, F|
|teampreview|4
|showteam|p1|Sneasler||FocusSash|PoisonTouch|FakeOut,DireClaw,CloseCombat,Coaching|||F|||50|,,,,,Ghost]Garchomp||LoadedDice|RoughSkin|Protect,SwordsDance,StompingTantrum,ScaleShot|||F|||50|,,,,,Fairy]Corviknight||Leftovers|MirrorArmor|BraveBird,BodyPress,BulkUp,Roost|||F|||50|,,,,,Dragon]Volcarona||RockyHelmet|FlameBody|FieryDance,Tailwind,RagePowder,StruggleBug|||F|||50|,,,,,Steel]Primarina||SitrusBerry|LiquidVoice|Protect,HyperVoice,Moonblast,Haze|||F|||50|,,,,,Poison]Rillaboom||AssaultVest|GrassySurge|FakeOut,GrassyGlide,HighHorsepower,WoodHammer|||F|||50|,,,,,Fire
|showteam|p2|Gholdengo||LifeOrb|GoodasGold|MakeItRain,ShadowBall,NastyPlot,Protect||||||50|,,,,,Water]Incineroar||SafetyGoggles|Intimidate|KnockOff,FakeOut,PartingShot,FlareBlitz|||M|||50|,,,,,Water]Porygon2||Eviolite|Download|TeraBlast,IceBeam,TrickRoom,Recover||||||50|,,,,,Ghost]Amoonguss||CovertCloak|Regenerator|Spore,PollenPuff,RagePowder,Protect|||M|||50|,,,,,Psychic]Ursaluna-Bloodmoon||AssaultVest|MindsEye|BloodMoon,EarthPower,HyperVoice,VacuumWave|||M|||50|,,,,,Water]Dragonite||LoadedDice|Multiscale|ScaleShot,Haze,Tailwind,Protect|||F|||50|,,,,,Fairy
|inactive|Battle timer is ON: inactive players will automatically lose when time's up. (requested by Malumancer)
|inactive|Malumancer has 60 seconds left.
|j| arrascaxeira
|inactive|Malumancer has 30 seconds left.
|inactive|Malumancer has 20 seconds left.
|inactive|Malumancer has 15 seconds left.
|inactive|Malumancer has 10 seconds left.
|
|t:|1756625735
|teamsize|p1|4
|teamsize|p2|4
|start
|switch|p1a: Rillaboom|Rillaboom, L50, F|100/100
|switch|p1b: Corviknight|Corviknight, L50, F|100/100
|switch|p2a: Dragonite|Dragonite, L50, F|100/100
|switch|p2b: Amoonguss|Amoonguss, L50, M|100/100
|-fieldstart|move: Grassy Terrain|[from] ability: Grassy Surge|[of] p1a: Rillaboom
|turn|1
|inactive|LetherOCE has 30 seconds left.
|inactive|LetherOCE has 20 seconds left.
|
|t:|1756625775
|switch|p1a: Volcarona|Volcarona, L50, F|100/100
|move|p2a: Dragonite|Scale Shot|p1a: Volcarona|[miss]
|-miss|p2a: Dragonite|p1a: Volcarona
|move|p1b: Corviknight|Brave Bird|p2b: Amoonguss
|-supereffective|p2b: Amoonguss
|-damage|p2b: Amoonguss|42/100
|-damage|p1b: Corviknight|79/100|[from] Recoil
|move|p2b: Amoonguss|Spore|p1b: Corviknight
|-status|p1b: Corviknight|slp|[from] move: Spore
|
|-heal|p1b: Corviknight|85/100 slp|[from] item: Leftovers
|-heal|p2b: Amoonguss|48/100|[from] Grassy Terrain
|upkeep
|turn|2
|inactive|LetherOCE has 30 seconds left.
|inactive|Malumancer has 30 seconds left.
|inactive|Malumancer has 20 seconds left.
|
|t:|1756625811
|-terastallize|p1a: Volcarona|Steel
|-terastallize|p2b: Amoonguss|Psychic
|move|p2a: Dragonite|Scale Shot|p1a: Volcarona
|-resisted|p1a: Volcarona
|-damage|p1a: Volcarona|93/100
|-resisted|p1a: Volcarona
|-damage|p1a: Volcarona|84/100
|-resisted|p1a: Volcarona
|-damage|p1a: Volcarona|76/100
|-resisted|p1a: Volcarona
|-crit|p1a: Volcarona
|-damage|p1a: Volcarona|64/100
|-resisted|p1a: Volcarona
|-damage|p1a: Volcarona|56/100
|-hitcount|p1a: Volcarona|5
|-unboost|p2a: Dragonite|def|1
|-boost|p2a: Dragonite|spe|1
|move|p1a: Volcarona|Fiery Dance|p2b: Amoonguss
|-damage|p2b: Amoonguss|16/100
|-boost|p1a: Volcarona|spa|1
|cant|p1b: Corviknight|slp
|move|p2b: Amoonguss|Spore|p1a: Volcarona
|-status|p1a: Volcarona|slp|[from] move: Spore
|
|-heal|p1a: Volcarona|62/100 slp|[from] Grassy Terrain
|-heal|p1b: Corviknight|91/100 slp|[from] item: Leftovers
|-heal|p2b: Amoonguss|22/100|[from] Grassy Terrain
|upkeep
|turn|3
|inactive|LetherOCE has 30 seconds left.
|inactive|Malumancer has 30 seconds left.
|
|t:|1756625838
|switch|p2a: Gholdengo|Gholdengo, L50|100/100
|move|p2b: Amoonguss|Protect|p2b: Amoonguss
|-singleturn|p2b: Amoonguss|Protect
|cant|p1a: Volcarona|slp
|cant|p1b: Corviknight|slp
|
|-heal|p1a: Volcarona|68/100 slp|[from] Grassy Terrain
|-heal|p1b: Corviknight|97/100 slp|[from] item: Leftovers
|-heal|p2b: Amoonguss|28/100|[from] Grassy Terrain
|upkeep
|turn|4
|inactive|Malumancer has 30 seconds left.
|
|t:|1756625868
|cant|p1a: Volcarona|slp
|move|p2a: Gholdengo|Nasty Plot|p2a: Gholdengo
|-boost|p2a: Gholdengo|spa|2
|-curestatus|p1b: Corviknight|slp|[msg]
|move|p1b: Corviknight|Brave Bird|p2b: Amoonguss
|-damage|p2b: Amoonguss|0 fnt
|faint|p2b: Amoonguss
|-damage|p1b: Corviknight|87/100|[from] Recoil
|
|-heal|p1a: Volcarona|74/100 slp|[from] Grassy Terrain
|-heal|p1b: Corviknight|93/100|[from] item: Leftovers
|upkeep
|
|t:|1756625885
|switch|p2b: Incineroar|Incineroar, L50, M|100/100
|-ability|p2b: Incineroar|Intimidate|boost
|-unboost|p1a: Volcarona|atk|1
|-ability|p1b: Corviknight|Mirror Armor
|-unboost|p2b: Incineroar|atk|1
|turn|5
|
|t:|1756625907
|move|p2a: Gholdengo|Protect|p2a: Gholdengo
|-singleturn|p2a: Gholdengo|Protect
|-curestatus|p1a: Volcarona|slp|[msg]
|move|p1a: Volcarona|Fiery Dance|p2a: Gholdengo
|-activate|p2a: Gholdengo|move: Protect
|move|p2b: Incineroar|Parting Shot|p1a: Volcarona
|-unboost|p1a: Volcarona|atk|1
|-unboost|p1a: Volcarona|spa|1
|
|t:|1756625916
|switch|p2b: Dragonite|Dragonite, L50, F|100/100|[from] Parting Shot
|move|p1b: Corviknight|Body Press|p2b: Dragonite
|-resisted|p2b: Dragonite
|-damage|p2b: Dragonite|96/100
|
|-heal|p1a: Volcarona|81/100|[from] Grassy Terrain
|-heal|p1b: Corviknight|99/100|[from] item: Leftovers
|-fieldend|move: Grassy Terrain
|upkeep
|turn|6
|
|t:|1756625938
|move|p2b: Dragonite|Tailwind|p2b: Dragonite
|-sidestart|p2: Malumancer|move: Tailwind
|move|p2a: Gholdengo|Shadow Ball|p1a: Volcarona
|-crit|p1a: Volcarona
|-damage|p1a: Volcarona|0 fnt
|faint|p1a: Volcarona
|-damage|p2a: Gholdengo|91/100|[from] item: Life Orb
|move|p1b: Corviknight|Brave Bird|p2a: Gholdengo
|-resisted|p2a: Gholdengo
|-damage|p2a: Gholdengo|75/100
|-damage|p1b: Corviknight|94/100|[from] Recoil
|
|-heal|p1b: Corviknight|100/100|[from] item: Leftovers
|upkeep
|
|t:|1756625958
|switch|p1a: Primarina|Primarina, L50, F|100/100
|turn|7
|inactive|Malumancer has 30 seconds left.
|inactive|Malumancer has 20 seconds left.
|inactive|Malumancer has 15 seconds left.
|inactive|Malumancer has 10 seconds left.
|
|t:|1756626006
|switch|p2b: Incineroar|Incineroar, L50, M|100/100
|-ability|p2b: Incineroar|Intimidate|boost
|-unboost|p1a: Primarina|atk|1
|-ability|p1b: Corviknight|Mirror Armor
|-unboost|p2b: Incineroar|atk|1
|move|p2a: Gholdengo|Nasty Plot|p2a: Gholdengo
|-boost|p2a: Gholdengo|spa|2
|move|p1b: Corviknight|Brave Bird|p2b: Incineroar
|-damage|p2b: Incineroar|65/100
|-damage|p1b: Corviknight|88/100|[from] Recoil
|move|p1a: Primarina|Haze|p1a: Primarina
|-clearallboost
|
|-heal|p1b: Corviknight|94/100|[from] item: Leftovers
|upkeep
|turn|8
|
|t:|1756626026
|move|p1a: Primarina|Protect|p1a: Primarina
|-singleturn|p1a: Primarina|Protect
|move|p2b: Incineroar|Fake Out|p1a: Primarina
|-activate|p1a: Primarina|move: Protect
|move|p2a: Gholdengo|Nasty Plot|p2a: Gholdengo
|-boost|p2a: Gholdengo|spa|2
|move|p1b: Corviknight|Body Press|p2b: Incineroar
|-supereffective|p2b: Incineroar
|-damage|p2b: Incineroar|22/100
|
|-heal|p1b: Corviknight|100/100|[from] item: Leftovers
|upkeep
|turn|9
|
|t:|1756626040
|move|p2b: Incineroar|Knock Off|p1a: Primarina
|-resisted|p1a: Primarina
|-damage|p1a: Primarina|79/100
|-enditem|p1a: Primarina|Sitrus Berry|[from] move: Knock Off|[of] p2b: Incineroar
|move|p2a: Gholdengo|Shadow Ball|p1a: Primarina
|-damage|p1a: Primarina|0 fnt
|faint|p1a: Primarina
|-damage|p2a: Gholdengo|66/100|[from] item: Life Orb
|move|p1b: Corviknight|Brave Bird|p2b: Incineroar
|-damage|p2b: Incineroar|0 fnt
|faint|p2b: Incineroar
|-damage|p1b: Corviknight|93/100|[from] Recoil
|
|-heal|p1b: Corviknight|99/100|[from] item: Leftovers
|-sideend|p2: Malumancer|move: Tailwind
|upkeep
|
|t:|1756626054
|switch|p2b: Dragonite|Dragonite, L50, F|96/100
|switch|p1a: Rillaboom|Rillaboom, L50, F|100/100
|-fieldstart|move: Grassy Terrain|[from] ability: Grassy Surge|[of] p1a: Rillaboom
|turn|10
|inactive|Malumancer has 30 seconds left.
|
|t:|1756626087
|move|p1a: Rillaboom|Fake Out|p2b: Dragonite
|-damage|p2b: Dragonite|79/100
|cant|p2b: Dragonite|flinch
|move|p2a: Gholdengo|Nasty Plot|p2a: Gholdengo
|-boost|p2a: Gholdengo|spa|2
|move|p1b: Corviknight|Brave Bird|p2b: Dragonite
|-crit|p2b: Dragonite
|-damage|p2b: Dragonite|16/100
|-damage|p1b: Corviknight|81/100|[from] Recoil
|
|-heal|p2a: Gholdengo|71/100|[from] Grassy Terrain
|-heal|p1b: Corviknight|87/100|[from] item: Leftovers
|upkeep
|turn|11
|
|t:|1756626105
|move|p2b: Dragonite|Tailwind|p2b: Dragonite
|-sidestart|p2: Malumancer|move: Tailwind
|move|p2a: Gholdengo|Shadow Ball|p1b: Corviknight
|-damage|p1b: Corviknight|0 fnt
|faint|p1b: Corviknight
|-damage|p2a: Gholdengo|62/100|[from] item: Life Orb
|move|p1a: Rillaboom|High Horsepower|p2a: Gholdengo
|-supereffective|p2a: Gholdengo
|-damage|p2a: Gholdengo|5/100
|
|-heal|p2a: Gholdengo|11/100|[from] Grassy Terrain
|upkeep
|turn|12
|
|t:|1756626126
|move|p2a: Gholdengo|Protect|p2a: Gholdengo
|-singleturn|p2a: Gholdengo|Protect
|move|p2b: Dragonite|Scale Shot|p1a: Rillaboom
|-damage|p1a: Rillaboom|86/100
|-damage|p1a: Rillaboom|72/100
|-damage|p1a: Rillaboom|56/100
|-damage|p1a: Rillaboom|41/100
|-damage|p1a: Rillaboom|27/100
|-hitcount|p1a: Rillaboom|5
|-unboost|p2b: Dragonite|def|1
|-boost|p2b: Dragonite|spe|1
|move|p1a: Rillaboom|Wood Hammer|p2b: Dragonite
|-resisted|p2b: Dragonite
|-damage|p2b: Dragonite|0 fnt
|faint|p2b: Dragonite
|-damage|p1a: Rillaboom|22/100|[from] Recoil
|
|-heal|p2a: Gholdengo|16/100|[from] Grassy Terrain
|-heal|p1a: Rillaboom|29/100|[from] Grassy Terrain
|upkeep
|turn|13
|
|t:|1756626144
|move|p1a: Rillaboom|Grassy Glide|p2a: Gholdengo
|-resisted|p2a: Gholdengo
|-damage|p2a: Gholdengo|2/100
|move|p2a: Gholdengo|Make It Rain|p1a: Rillaboom
|-damage|p1a: Rillaboom|0 fnt
|-unboost|p2a: Gholdengo|spa|1
|faint|p1a: Rillaboom
|-damage|p2a: Gholdengo|0 fnt|[from] item: Life Orb
|faint|p2a: Gholdengo
|
|win|Malumancer
|c|☆Malumancer|gg
|c|☆LetherOCE|ggwp
|c|☆Malumancer|close as hell
|c| arrascaxeira|Uffff
|c| arrascaxeira|Ggs close games
|c|☆Malumancer|Man our games are always a good time
|c|☆LetherOCE|very true
|c|☆LetherOCE|that crit nearly got me out
