|j|☆swarley3000
|j|☆Amphbros4Ever
|html|swarley3000Amphbros4Ever    
|uhtml|bestof|Game 2 of a best-of-3
|t:|1785865441
|gametype|doubles
|player|p1|swarley3000|arven-s|1387
|player|p2|Amphbros4Ever|102|1487
|gen|9
|tier|[Gen 9 Champions] VGC 2026 Reg M-B (Bo3)
|rated|
|rule|Species Clause: Limit one of each Pokémon
|rule|Item Clause: Limit 1 of each item
|clearpoke
|poke|p1|Whimsicott, L50, F|
|poke|p1|Basculegion, L50, M|
|poke|p1|Kingambit, L50, M|
|poke|p1|Floette-Eternal, L50, F|
|poke|p1|Charizard, L50, M|
|poke|p1|Garchomp, L50, M|
|poke|p2|Garchomp, L50, F|
|poke|p2|Gholdengo, L50|
|poke|p2|Sinistcha, L50|
|poke|p2|Incineroar, L50, M|
|poke|p2|Floette-Eternal, L50, F|
|poke|p2|Charizard, L50, M|
|teampreview|4
|showteam|p1|Whimsicott||FocusSash|Prankster|Protect,Moonblast,Encore,Tailwind|Timid||F|||50|]Basculegion||LifeOrb|Adaptability|Protect,WaveCrash,LastRespects,AquaJet|Adamant||M|||50|]Kingambit||BlackGlasses|Defiant|Protect,SuckerPunch,LowKick,KowtowCleave|Adamant||M|||50|]Floette-Eternal||Floettite|FlowerVeil|Protect,Moonblast,DazzlingGleam,LightofRuin|Modest||F|||50|]Charizard||CharizarditeY|Blaze|Protect,HeatWave,WeatherBall,SolarBeam|Modest||M|||50|]Garchomp||SitrusBerry|RoughSkin|PoisonJab,DragonClaw,RockSlide,Earthquake|Adamant||M|||50|
|showteam|p2|Garchomp||ChoiceScarf|RoughSkin|RockSlide,DragonClaw,Earthquake,StompingTantrum|Adamant||F|||50|]Gholdengo||FocusSash|GoodasGold|MakeItRain,ShadowBall,PowerGem,Protect|Timid|||||50|]Sinistcha||KasibBerry|Hospitality|MatchaGotcha,RagePowder,TrickRoom,Protect|Relaxed|||||50|]Incineroar||SitrusBerry|Intimidate|FlareBlitz,ThroatChop,PartingShot,FakeOut|Careful||M|||50|]Floette-Eternal||Floettite|FlowerVeil|DazzlingGleam,Moonblast,CalmMind,Protect|Modest||F|||50|]Charizard||CharizarditeY|Blaze|HeatWave,WeatherBall,SolarBeam,Protect|Modest||M|||50|
|inactive|Battle timer is ON: inactive players will automatically lose when time's up. (requested by swarley3000)
|inactive|Amphbros4Ever has 60 seconds left.
|
|t:|1785865479
|teamsize|p1|4
|teamsize|p2|4
|start
|switch|p1a: Floette|Floette-Eternal, L50, F|100/100
|switch|p1b: Garchomp|Garchomp, L50, M|100/100
|switch|p2a: Charizard|Charizard, L50, M|100/100
|switch|p2b: WeCanMakeItBetter|Sinistcha, L50|100/100
|turn|1
|
|t:|1785865493
|switch|p2a: Incineroar|Incineroar, L50, M|100/100
|-ability|p2a: Incineroar|Intimidate|boost
|-unboost|p1a: Floette|atk|1
|-unboost|p1b: Garchomp|atk|1
|detailschange|p1a: Floette|Floette-Mega, L50, F
|-mega|p1a: Floette|Floette|Floettite
|-ability|p1a: Floette|Fairy Aura
|move|p1a: Floette|Moonblast|p2b: WeCanMakeItBetter
|-damage|p2b: WeCanMakeItBetter|15/100
|move|p1b: Garchomp|Rock Slide|p2a: Incineroar|[spread] p2a,p2b
|-supereffective|p2a: Incineroar|1
|-damage|p2a: Incineroar|76/100
|-damage|p2b: WeCanMakeItBetter|4/100
|move|p2b: WeCanMakeItBetter|Matcha Gotcha|p1a: Floette|[spread] p1b
|-miss|p2b: WeCanMakeItBetter|p1a: Floette
|-damage|p1b: Garchomp|75/100
|-heal|p2b: WeCanMakeItBetter|19/100|[from] drain|[of] p1b: Garchomp
|-status|p1b: Garchomp|brn
|
|-damage|p1b: Garchomp|69/100 brn|[from] brn
|upkeep
|turn|2
|inactive|Amphbros4Ever has 30 seconds left.
|inactive|swarley3000 has 30 seconds left.
|inactive|swarley3000 has 20 seconds left.
|
|t:|1785865535
|switch|p2a: Charizard|Charizard, L50, M|100/100
|move|p2b: WeCanMakeItBetter|Protect|p2b: WeCanMakeItBetter
|-singleturn|p2b: WeCanMakeItBetter|Protect
|move|p1a: Floette|Dazzling Gleam|p2a: Charizard|[spread] p2a
|-activate|p2b: WeCanMakeItBetter|move: Protect
|-resisted|p2a: Charizard|1
|-damage|p2a: Charizard|72/100
|move|p1b: Garchomp|Rock Slide|p2a: Charizard|[spread] p2a
|-activate|p2b: WeCanMakeItBetter|move: Protect
|-supereffective|p2a: Charizard|2
|-damage|p2a: Charizard|47/100
|
|-damage|p1b: Garchomp|63/100 brn|[from] brn
|upkeep
|turn|3
|
|t:|1785865556
|switch|p2b: Incineroar|Incineroar, L50, M|76/100
|-ability|p2b: Incineroar|Intimidate|boost
|-unboost|p1a: Floette|atk|1
|-unboost|p1b: Garchomp|atk|1
|move|p2a: Charizard|Protect|p2a: Charizard
|-singleturn|p2a: Charizard|Protect
|move|p1a: Floette|Moonblast|p2b: Incineroar
|-damage|p2b: Incineroar|16/100
|-unboost|p2b: Incineroar|spa|1
|-enditem|p2b: Incineroar|Sitrus Berry|[eat]
|-heal|p2b: Incineroar|41/100|[from] item: Sitrus Berry
|move|p1b: Garchomp|Rock Slide|p2a: Charizard|[spread] p2b
|-activate|p2a: Charizard|move: Protect
|-supereffective|p2b: Incineroar|1
|-damage|p2b: Incineroar|32/100
|
|-damage|p1b: Garchomp|57/100 brn|[from] brn
|upkeep
|turn|4
|
|t:|1785865574
|detailschange|p2a: Charizard|Charizard-Mega-Y, L50, M
|-mega|p2a: Charizard|Charizard|Charizardite Y
|-weather|SunnyDay|[from] ability: Drought|[of] p2a: Charizard
|move|p1a: Floette|Protect|p1a: Floette
|-singleturn|p1a: Floette|Protect
|move|p2b: Incineroar|Fake Out|p1b: Garchomp
|-crit|p1b: Garchomp
|-damage|p1b: Garchomp|44/100 brn
|-damage|p2b: Incineroar|20/100y|[from] ability: Rough Skin|[of] p1b: Garchomp
|-enditem|p1b: Garchomp|Sitrus Berry|[eat]
|-heal|p1b: Garchomp|69/100 brn|[from] item: Sitrus Berry
|cant|p1b: Garchomp|flinch
|move|p2a: Charizard|Weather Ball|p1a: Floette
|-activate|p1a: Floette|move: Protect
|
|-weather|SunnyDay|[upkeep]
|-damage|p1b: Garchomp|63/100 brn|[from] brn
|upkeep
|turn|5
|
|t:|1785865588
|switch|p2b: WeCanMakeItBetter|Sinistcha, L50|19/100
|-heal|p2a: Charizard|72/100|[from] ability: Hospitality|[of] p2b: WeCanMakeItBetter
|move|p1a: Floette|Dazzling Gleam|p2a: Charizard|[spread] p2a,p2b
|-resisted|p2a: Charizard|1
|-damage|p2a: Charizard|51/100
|-damage|p2b: WeCanMakeItBetter|0 fnt
|faint|p2b: WeCanMakeItBetter
|move|p1b: Garchomp|Rock Slide|p2a: Charizard
|-supereffective|p2a: Charizard|2
|-damage|p2a: Charizard|25/100
|move|p2a: Charizard|Weather Ball|p1a: Floette
|-damage|p1a: Floette|24/100
|
|-weather|SunnyDay|[upkeep]
|-damage|p1b: Garchomp|57/100 brn|[from] brn
|upkeep
|
|t:|1785865594
|switch|p2b: Garchomp|Garchomp, L50, F|100/100
|turn|6
|
|t:|1785865602
|switch|p1a: Basculegion|Basculegion, L50, M|100/100
|move|p2b: Garchomp|Earthquake|p1a: Basculegion|[spread] p1a,p1b
|-immune|p2a: Charizard
|-damage|p1a: Basculegion|50/100g
|-damage|p1b: Garchomp|19/100 brn
|move|p1b: Garchomp|Rock Slide|p2b: Garchomp|[spread] p2a,p2b
|-supereffective|p2a: Charizard|2
|-resisted|p2b: Garchomp|1
|-damage|p2a: Charizard|7/100
|-damage|p2b: Garchomp|97/100
|move|p2a: Charizard|Solar Beam||[still]
|-prepare|p2a: Charizard|Solar Beam
|-anim|p2a: Charizard|Solar Beam|p1b: Garchomp
|-damage|p1b: Garchomp|0 fnt
|faint|p1b: Garchomp
|
|-weather|SunnyDay|[upkeep]
|upkeep
|
|t:|1785865611
|switch|p1b: Whimsicott|Whimsicott, L50, F|100/100
|turn|7
|
|t:|1785865628
|move|p1a: Basculegion|Protect|p1a: Basculegion
|-singleturn|p1a: Basculegion|Protect
|move|p2b: Garchomp|Earthquake|p1b: Whimsicott|[spread] p1b
|-activate|p1a: Basculegion|move: Protect
|-immune|p2a: Charizard
|-resisted|p1b: Whimsicott|1
|-damage|p1b: Whimsicott|68/100
|move|p1b: Whimsicott|Moonblast|p2a: Charizard
|-resisted|p2a: Charizard|1
|-damage|p2a: Charizard|0 fnt
|faint|p2a: Charizard
|
|-weather|SunnyDay|[upkeep]
|upkeep
|
|t:|1785865631
|switch|p2a: Incineroar|Incineroar, L50, M|20/100y
|-ability|p2a: Incineroar|Intimidate|boost
|-unboost|p1a: Basculegion|atk|1
|-unboost|p1b: Whimsicott|atk|1
|turn|8
|
|t:|1785865641
|switch|p1a: Floette|Floette-Mega, L50, F|24/100
|-ability|p1a: Floette|Fairy Aura
|move|p2a: Incineroar|Fake Out|p1b: Whimsicott
|-damage|p1b: Whimsicott|52/100
|cant|p1b: Whimsicott|flinch
|move|p2b: Garchomp|Earthquake|p1b: Whimsicott|[spread] p2a,p1a,p1b
|-supereffective|p2a: Incineroar|1
|-resisted|p1b: Whimsicott|1
|-damage|p2a: Incineroar|0 fnt
|-damage|p1a: Floette|0 fnt
|-damage|p1b: Whimsicott|21/100
|faint|p2a: Incineroar
|faint|p1a: Floette
|
|-weather|none
|upkeep
|
|t:|1785865646
|switch|p1a: Basculegion|Basculegion, L50, M|50/100g
|turn|9
|
|t:|1785865663
|move|p1a: Basculegion|Protect|p1a: Basculegion
|-singleturn|p1a: Basculegion|Protect
|move|p1b: Whimsicott|Tailwind|p1b: Whimsicott
|-sidestart|p1: swarley3000|move: Tailwind
|move|p2b: Garchomp|Earthquake|p1b: Whimsicott|[spread] p1b
|-activate|p1a: Basculegion|move: Protect
|-resisted|p1b: Whimsicott|1
|-damage|p1b: Whimsicott|0 fnt
|faint|p1b: Whimsicott
|
|upkeep
|turn|10
|
|t:|1785865667
|move|p1a: Basculegion|Last Respects|p2b: Garchomp
|-damage|p2b: Garchomp|0 fnt
|faint|p2b: Garchomp
|-damage|p1a: Basculegion|40/100|[from] item: Life Orb
|
|win|swarley3000
