|j|☆BaimeJoytWeeGeeCee
|j|☆skipply
|html|BaimeJoytWeeGeeCeeskipply    
|uhtml|bestof|Game 2 of a best-of-3
|t:|1756692638
|gametype|doubles
|player|p1|BaimeJoytWeeGeeCee|dawn|1066
|player|p2|skipply|266|1124
|gen|9
|tier|[Gen 9] VGC 2025 Reg H (Bo3)
|rated|
|rule|Species Clause: Limit one of each Pokémon
|rule|Item Clause: Limit 1 of each item
|clearpoke
|poke|p1|Maushold-Four, L50|
|poke|p1|Annihilape, L50, M|
|poke|p1|Pelipper, L50, F|
|poke|p1|Archaludon, L50, M|
|poke|p1|Basculegion, L50, M|
|poke|p1|Kingambit, L50, F|
|poke|p2|Typhlosion-Hisui, L50, F|
|poke|p2|Arcanine-Hisui, L50, F|
|poke|p2|Incineroar, L50, F|
|poke|p2|Volcarona, L50, M|
|poke|p2|Torkoal, L50, M|
|poke|p2|Talonflame, L50, M|
|teampreview|4
|showteam|p1|Maushold-Four||SafetyGoggles|FriendGuard|FollowMe,Protect,Taunt,BeatUp||||||50|,,,,,Ghost]Annihilape||Leftovers|Defiant|RageFist,DrainPunch,BulkUp,Protect|||M|||50|,,,,,Fire]Pelipper||FocusSash|Drizzle|Hurricane,WeatherBall,Tailwind,Protect|||F|||50|,,,,,Ghost]Archaludon||AssaultVest|Stamina|DracoMeteor,ElectroShot,BodyPress,FlashCannon|||M|||50|,,,,,Grass]Basculegion||ChoiceBand|SwiftSwim|LastRespects,WaveCrash,AquaJet,FlipTurn|||M|||50|,,,,,Grass]Kingambit||BlackGlasses|Defiant|KowtowCleave,SuckerPunch,IronHead,Protect|||F|||50|,,,,,Dark
|showteam|p2|Typhlosion-Hisui||ChoiceSpecs|Blaze|Eruption,HeatWave,Overheat,SleepTalk|||F|||50|,,,,,Fire]Arcanine-Hisui||ChoiceBand|RockHead|FlareBlitz,RockSlide,HeadSmash,ExtremeSpeed|||F|||50|,,,,,Water]Incineroar||SafetyGoggles|Intimidate|KnockOff,FakeOut,PartingShot,Protect|||F|||50|,,,,,Ghost]Volcarona||Leftovers|FlameBody|HeatWave,TeraBlast,QuiverDance,Protect|||M|||50|,,,,,Fairy]Torkoal||EjectPack|Drought|Eruption,HelpingHand,Overheat,Protect|||M|||50|,,,,,Fire]Talonflame||CovertCloak|GaleWings|BraveBird,Tailwind,FlareBlitz,Protect|||M|||50|,,,,,Ghost
|inactive|Battle timer is ON: inactive players will automatically lose when time's up. (requested by BaimeJoytWeeGeeCee)
|inactive|skipply has 60 seconds left.
|
|t:|1756692681
|teamsize|p1|4
|teamsize|p2|4
|start
|switch|p1a: Annihilape|Annihilape, L50, M, shiny|100/100
|switch|p1b: Maushold|Maushold-Four, L50|100/100
|switch|p2a: Arcanine|Arcanine-Hisui, L50, F|100/100
|switch|p2b: Talonflame|Talonflame, L50, M|100/100
|turn|1
|
|t:|1756692705
|-terastallize|p2a: Arcanine|Water
|move|p1b: Maushold|Protect|p1b: Maushold
|-singleturn|p1b: Maushold|Protect
|move|p2b: Talonflame|Brave Bird|p1a: Annihilape
|-supereffective|p1a: Annihilape
|-crit|p1a: Annihilape
|-damage|p1a: Annihilape|0 fnt
|faint|p1a: Annihilape
|-damage|p2b: Talonflame|63/100|[from] Recoil
|move|p2a: Arcanine|Head Smash|p1b: Maushold
|-activate|p1b: Maushold|move: Protect
|
|upkeep
|
|t:|1756692716
|switch|p1a: Basculegion|Basculegion, L50, M|100/100
|turn|2
|
|t:|1756692739
|switch|p1b: Pelipper|Pelipper, L50, F|100/100
|-weather|RainDance|[from] ability: Drizzle|[of] p1b: Pelipper
|move|p2b: Talonflame|Protect|p2b: Talonflame
|-singleturn|p2b: Talonflame|Protect
|move|p1a: Basculegion|Wave Crash|p2b: Talonflame
|-activate|p2b: Talonflame|move: Protect
|move|p2a: Arcanine|Head Smash|p1b: Pelipper
|-supereffective|p1b: Pelipper
|-enditem|p1b: Pelipper|Focus Sash
|-damage|p1b: Pelipper|1/100
|
|-weather|RainDance|[upkeep]
|upkeep
|turn|3
|
|t:|1756692763
|switch|p2a: Torkoal|Torkoal, L50, M|100/100
|-weather|SunnyDay|[from] ability: Drought|[of] p2a: Torkoal
|move|p2b: Talonflame|Brave Bird|p1a: Basculegion
|-damage|p1a: Basculegion|37/100
|-damage|p2b: Talonflame|39/100|[from] Recoil
|move|p1a: Basculegion|Wave Crash|p2b: Talonflame
|-supereffective|p2b: Talonflame
|-damage|p2b: Talonflame|0 fnt
|faint|p2b: Talonflame
|-damage|p1a: Basculegion|26/100|[from] Recoil
|move|p1b: Pelipper|Hurricane|p2a: Torkoal|[miss]
|-miss|p1b: Pelipper|p2a: Torkoal
|
|-weather|SunnyDay|[upkeep]
|upkeep
|
|t:|1756692779
|switch|p2b: Typhlosion|Typhlosion-Hisui, L50, F|100/100
|turn|4
|c|☆skipply|So this hurricane misses
|c|☆skipply|but the one that mattered hit
|c|☆skipply|and got a crit
|
|t:|1756692796
|switch|p1a: Maushold|Maushold-Four, L50|100/100
|move|p2a: Torkoal|Helping Hand|p2b: Typhlosion
|-singleturn|p2b: Typhlosion|Helping Hand|[of] p2a: Torkoal
|move|p1b: Pelipper|Protect|p1b: Pelipper
|-singleturn|p1b: Pelipper|Protect
|move|p2b: Typhlosion|Eruption|p1a: Maushold|[spread] p1a
|-activate|p1b: Pelipper|move: Protect
|-damage|p1a: Maushold|0 fnt
|faint|p1a: Maushold
|
|-weather|SunnyDay|[upkeep]
|upkeep
|c|☆skipply|crit didn’t matter but jeez man
|
|t:|1756692802
|switch|p1a: Basculegion|Basculegion, L50, M|26/100
|turn|5
|
|t:|1756692810
|move|p1a: Basculegion|Aqua Jet|p2b: Typhlosion
|-supereffective|p2b: Typhlosion
|-crit|p2b: Typhlosion
|-damage|p2b: Typhlosion|35/100
|move|p2b: Typhlosion|Eruption|p1a: Basculegion|[spread] p1a,p1b
|-resisted|p1a: Basculegion
|-crit|p1a: Basculegion
|-resisted|p1b: Pelipper
|-damage|p1a: Basculegion|0 fnt
|-damage|p1b: Pelipper|0 fnt
|faint|p1a: Basculegion
|faint|p1b: Pelipper
|
|win|skipply
||skipply is ready for game 3.
||BaimeJoytWeeGeeCee is ready for game 3.
|uhtml|next|Next: Game 3 of 3
