|j|☆emmmmyyyyy
|j|☆Mangaking202
|html|emmmmyyyyyMangaking202    
|uhtml|bestof|Game 1 of a best-of-3
|t:|1784381541
|gametype|doubles
|player|p1|emmmmyyyyy|102|1111
|player|p2|Mangaking202|169|1059
|gen|9
|tier|[Gen 9 Champions] VGC 2026 Reg M-B (Bo3)
|rated|
|rule|Species Clause: Limit one of each Pokémon
|rule|Item Clause: Limit 1 of each item
|clearpoke
|poke|p1|Staraptor, L50, M|
|poke|p1|Meganium, L50, F|
|poke|p1|Gholdengo, L50|
|poke|p1|Talonflame, L50, F|
|poke|p1|Clefable, L50, M|
|poke|p1|Incineroar, L50, M|
|poke|p2|Charizard, L50, M, shiny|
|poke|p2|Sableye, L50, F|
|poke|p2|Garchomp, L50, M|
|poke|p2|Sneasler, L50, M|
|poke|p2|Zoroark-Hisui, L50, F|
|poke|p2|Kingambit, L50, F, shiny|
|teampreview|4
|showteam|p1|Staraptor||Staraptite|Intimidate|CloseCombat,Protect,BraveBird,Roost|Adamant||M|||50|]Meganium||Meganiumite|LeafGuard|SolarBeam,Synthesis,PollenPuff,Protect|Timid||F|||50|]Gholdengo||ChoiceScarf|GoodasGold|MakeItRain,DazzlingGleam,ShadowBall,FocusBlast|Timid|||||50|]Talonflame||FocusSash|FlameBody|Tailwind,Overheat,Uturn,Protect|Timid||F|||50|]Clefable||Leftovers|MagicGuard|FollowMe,Protect,Moonblast,LifeDew|Calm||M|||50|]Incineroar||SitrusBerry|Intimidate|FakeOut,PartingShot,FlareBlitz,Protect|Careful||M|||50|
|showteam|p2|Charizard||CharizarditeY|Blaze|HeatWave,SolarBeam,Protect,WeatherBall|Modest||M|||50|]Sableye||RoseliBerry|Prankster|Reflect,PainSplit,LightScreen,Encore|Bold||F|||50|]Garchomp||SitrusBerry|RoughSkin|RockSlide,Earthquake,Protect,DragonClaw|Adamant||M|||50|]Sneasler||WhiteHerb|Unburden|DireClaw,FakeOut,Protect,CloseCombat|Jolly||M|||50|]Zoroark-Hisui||FocusSash|Illusion|BitterMalice,IcyWind,Protect,HyperBeam|Timid||F|||50|]Kingambit||LifeOrb|Defiant|IronHead,KowtowCleave,Protect,SuckerPunch|Adamant||F|||50|
|inactive|Battle timer is ON: inactive players will automatically lose when time's up. (requested by Mangaking202)
|inactive|Mangaking202 has 60 seconds left.
|inactive|Mangaking202 has 30 seconds left.
|
|t:|1784381607
|teamsize|p1|4
|teamsize|p2|4
|start
|switch|p1a: baller|Gholdengo, L50|100/100
|switch|p1b: rick ross|Incineroar, L50, M|100/100
|switch|p2a: Garchomp|Garchomp, L50, M|100/100
|switch|p2b: Shambles|Sableye, L50, F|100/100
|-ability|p1b: rick ross|Intimidate|boost
|-unboost|p2a: Garchomp|atk|1
|-unboost|p2b: Shambles|atk|1
|turn|1
|inactive|Mangaking202 has 30 seconds left.
|inactive|Mangaking202 has 20 seconds left.
|inactive|Mangaking202 has 15 seconds left.
|
|t:|1784381649
|move|p1b: rick ross|Fake Out|p2a: Garchomp
|-immune|p2a: Garchomp
|move|p2b: Shambles|Reflect|p2b: Shambles
|-sidestart|p2: Mangaking202|Reflect
|move|p1a: baller|Dazzling Gleam|p2a: Garchomp|[spread] p2a,p2b
|-supereffective|p2b: Shambles|1
|-enditem|p2b: Shambles|Roseli Berry|[eat]
|-enditem|p2b: Shambles|Roseli Berry|[weaken]
|-damage|p2a: Garchomp|57/100
|-damage|p2b: Shambles|68/100
|replace|p2a: Zoroark|Zoroark-Hisui, L50, F
|-end|p2a: Zoroark|Illusion
|move|p2a: Zoroark|Bitter Malice|p1a: baller
|-supereffective|p1a: baller|1
|-damage|p1a: baller|4/100
|-unboost|p1a: baller|atk|1
|
|upkeep
|turn|2
|inactive|emmmmyyyyy has 30 seconds left.
|inactive|Mangaking202 has 30 seconds left.
|
|t:|1784381681
|switch|p1b: pink thing|Clefable, L50, M|100/100
|move|p2b: Shambles|Light Screen|p2b: Shambles
|-sidestart|p2: Mangaking202|move: Light Screen
|move|p1a: baller|Dazzling Gleam|p2a: Zoroark|[spread] p2a,p2b
|-supereffective|p2b: Shambles|1
|-damage|p2a: Zoroark|26/100
|-damage|p2b: Shambles|24/100
|move|p2a: Zoroark|Icy Wind|p1a: baller|[spread] p1a,p1b
|-resisted|p1a: baller|1
|-crit|p1a: baller
|-damage|p1a: baller|0 fnt
|-damage|p1b: pink thing|89/100
|-unboost|p1b: pink thing|spe|1
|faint|p1a: baller
|
|-heal|p1b: pink thing|95/100|[from] item: Leftovers
|upkeep
|
|t:|1784381696
|switch|p1a: rick ross|Incineroar, L50, M|100/100
|-ability|p1a: rick ross|Intimidate|boost
|-unboost|p2a: Zoroark|atk|1
|-unboost|p2b: Shambles|atk|1
|turn|3
|
|t:|1784381708
|move|p2b: Shambles|Pain Split|p1b: pink thing
|-sethp|p1b: pink thing|54/100|[from] move: Pain Split|[silent]
|-sethp|p2b: Shambles|88/100|[from] move: Pain Split
|move|p2a: Zoroark|Hyper Beam|p1a: rick ross
|-damage|p1a: rick ross|46/100
|-mustrecharge|p2a: Zoroark
|-enditem|p1a: rick ross|Sitrus Berry|[eat]
|-heal|p1a: rick ross|70/100|[from] item: Sitrus Berry
|move|p1a: rick ross|Flare Blitz|p2a: Zoroark
|-damage|p2a: Zoroark|0 fnt
|faint|p2a: Zoroark
|-damage|p1a: rick ross|64/100|[from] Recoil
|move|p1b: pink thing|Moonblast|p2b: Shambles
|-supereffective|p2b: Shambles|1
|-damage|p2b: Shambles|27/100
|
|-heal|p1b: pink thing|60/100|[from] item: Leftovers
|upkeep
|
|t:|1784381728
|switch|p2a: Garchomp|Garchomp, L50, M|100/100
|turn|4
|
|t:|1784381746
|move|p2b: Shambles|Pain Split|p1b: pink thing
|-sethp|p1b: pink thing|38/100|[from] move: Pain Split|[silent]
|-sethp|p2b: Shambles|62/100|[from] move: Pain Split
|move|p2a: Garchomp|Earthquake|p1a: rick ross|[spread] p2b,p1a,p1b
|-crit|p2b: Shambles
|-supereffective|p1a: rick ross|1
|-damage|p2b: Shambles|0 fnt
|-damage|p1a: rick ross|0 fnt
|-damage|p1b: pink thing|0 fnt
|faint|p2b: Shambles
|faint|p1a: rick ross
|faint|p1b: pink thing
|
|upkeep
|
|t:|1784381758
|switch|p1b: cupcake|Staraptor, L50, M|100/100
|switch|p2b: Kingambit|Kingambit, L50, F, shiny|100/100
|-ability|p1b: cupcake|Intimidate|boost
|-unboost|p2a: Garchomp|atk|1
|-unboost|p2b: Kingambit|atk|1
|-ability|p2b: Kingambit|Defiant|boost
|-boost|p2b: Kingambit|atk|2
|turn|5
|
|t:|1784381777
|move|p1b: cupcake|Protect|p1b: cupcake
|-singleturn|p1b: cupcake|Protect
|move|p2b: Kingambit|Sucker Punch||[still]
|-fail|p2b: Kingambit
|move|p2a: Garchomp|Dragon Claw|p1b: cupcake
|-activate|p1b: cupcake|move: Protect
|
|-sideend|p2: Mangaking202|Reflect
|upkeep
|turn|6
|
|t:|1784381797
|detailschange|p1b: cupcake|Staraptor-Mega, L50, M
|-mega|p1b: cupcake|Staraptor|Staraptite
|move|p2b: Kingambit|Protect|p2b: Kingambit
|-singleturn|p2b: Kingambit|Protect
|move|p1b: cupcake|Close Combat|p2b: Kingambit
|-activate|p2b: Kingambit|move: Protect
|move|p2a: Garchomp|Dragon Claw|p1b: cupcake
|-damage|p1b: cupcake|68/100
|
|-sideend|p2: Mangaking202|move: Light Screen
|upkeep
|turn|7
|inactive|Mangaking202 has 30 seconds left.
|
|t:|1784381826
|move|p1b: cupcake|Close Combat|p2a: Garchomp
|-damage|p2a: Garchomp|38/100
|-boost|p1b: cupcake|def|1
|-boost|p1b: cupcake|spd|1
|-damage|p1b: cupcake|55/100|[from] ability: Rough Skin|[of] p2a: Garchomp
|-enditem|p2a: Garchomp|Sitrus Berry|[eat]
|-heal|p2a: Garchomp|63/100|[from] item: Sitrus Berry
|move|p2a: Garchomp|Dragon Claw|p1b: cupcake
|-damage|p1b: cupcake|31/100
|move|p2b: Kingambit|Iron Head|p1b: cupcake
|-damage|p1b: cupcake|0 fnt
|faint|p1b: cupcake
|-damage|p2b: Kingambit|90/100|[from] item: Life Orb
|
|win|Mangaking202
|inactive|emmmmyyyyy has 30 seconds to confirm battle start!
|inactive|Mangaking202 has 30 seconds to confirm battle start!
|l|☆emmmmyyyyy
|player|p1|
||emmmmyyyyy is ready for game 2.
|inactive|Mangaking202 has 20 seconds to confirm battle start!
||Mangaking202 is ready for game 2.
|uhtml|next|Next: Game 2 of 3
|l|☆Mangaking202
|player|p2|
|j|☆Mangaking202
|player|p2|Mangaking202|169|
|l|☆Mangaking202
|player|p2|
|j|☆Mangaking202
|player|p2|Mangaking202|169|
