|j|☆jamon_con_talco
|j|☆eliasvzqz
|html|jamon_con_talcoeliasvzqz    
|uhtml|bestof|Game 2 of a best-of-3
|t:|1786036199
|gametype|doubles
|player|p1|jamon_con_talco|swimmer|
|player|p2|eliasvzqz|miku-ghost|
|gen|9
|tier|[Gen 9 Champions] VGC 2026 Reg M-B (Bo3)
|rule|Species Clause: Limit one of each Pokémon
|rule|Item Clause: Limit 1 of each item
|clearpoke
|poke|p1|Watchog, L50, M|
|poke|p1|Garchomp, L50, M|
|poke|p1|Charizard, L50, M|
|poke|p1|Aerodactyl, L50, M|
|poke|p1|Farigiraf, L50, M|
|poke|p1|Venusaur, L50, M|
|poke|p2|Mimikyu, L50, F, shiny|
|poke|p2|Floette-Eternal, L50, F|
|poke|p2|Sylveon, L50, M, shiny|
|poke|p2|Umbreon, L50, M, shiny|
|poke|p2|Delphox, L50, M|
|poke|p2|Sinistcha, L50|
|teampreview|4
|showteam|p1|Watchog||ChopleBerry|Analytic|IcePunch,Detect,LowKick,Hypnosis|Impish||M|||50|]Garchomp||ChoiceScarf|RoughSkin|DragonClaw,RockSlide,StompingTantrum,Earthquake|Adamant||M|||50|]Charizard||CharizarditeY|Blaze|AncientPower,HeatWave,FocusBlast,Protect|Modest||M|||50|]Aerodactyl||WhiteHerb|Unnerve|WideGuard,RockSlide,Tailwind,Taunt|Jolly||M|||50|]Farigiraf||SilkScarf|ArmorTail|Psychic,TrickRoom,Imprison,HyperVoice|Modest||M|||50|]Venusaur||FocusSash|Chlorophyll|SleepPowder,SludgeBomb,Protect,EnergyBall|Timid||M|||50|
|showteam|p2|Mimikyu||LifeOrb|Disguise|ShadowSneak,ShadowClaw,PlayRough,SwordsDance|Adamant||F|||50|]Floette-Eternal||Floettite|FlowerVeil|CalmMind,Moonblast,Protect,DazzlingGleam|Timid||F|||50|]Sylveon||FairyFeather|Pixilate|HyperBeam,HyperVoice,QuickAttack,Protect|Modest||M|||50|]Umbreon||Leftovers|InnerFocus|FoulPlay,Moonlight,HelpingHand,Yawn|Careful||M|||50|]Delphox||Delphoxite|Blaze|HeatWave,Protect,CalmMind,Psyshock|Timid||M|||50|]Sinistcha||SitrusBerry|Hospitality|RagePowder,LifeDew,MatchaGotcha,StrengthSap|Calm|||||50|
|j| TheFoxGamer15
|j| ch4inisss
|c| TheFoxGamer15|Dale copi
|j| Shemages
|c| Shemages|vamos talco con jamon
|
|t:|1786036250
|teamsize|p1|4
|teamsize|p2|4
|start
|switch|p1a: Charizard|Charizard, L50, M|100/100
|switch|p1b: Venusaur|Venusaur, L50, M|100/100
|switch|p2a: Mimikyu|Mimikyu, L50, F, shiny|100/100
|switch|p2b: Umbreon|Umbreon, L50, M, shiny|100/100
|turn|1
|c| TheFoxGamer15|No hay huevos a abrir con el Watchog
|c|☆jamon_con_talco|putamadre
|c|☆jamon_con_talco|tarde
|c| TheFoxGamer15|Si van a la 3ra lo podes hacer ;)
|
|t:|1786036300
|detailschange|p1a: Charizard|Charizard-Mega-Y, L50, M
|-mega|p1a: Charizard|Charizard|Charizardite Y
|-weather|SunnyDay|[from] ability: Drought|[of] p1a: Charizard
|move|p1b: Venusaur|Sludge Bomb|p2a: Mimikyu
|-activate|p2a: Mimikyu|ability: Disguise
|-damage|p2a: Mimikyu|100/100
|detailschange|p2a: Mimikyu|Mimikyu-Busted, L50, F, shiny
|-damage|p2a: Mimikyu|87/100|[from] pokemon: Mimikyu-Busted
|move|p1a: Charizard|Heat Wave|p2a: Mimikyu|[spread] p2a,p2b
|-damage|p2a: Mimikyu|0 fnt
|-damage|p2b: Umbreon|55/100
|faint|p2a: Mimikyu
|move|p2b: Umbreon|Yawn|p1b: Venusaur
|-start|p1b: Venusaur|move: Yawn|[of] p2b: Umbreon
|
|-weather|SunnyDay|[upkeep]
|-heal|p2b: Umbreon|61/100|[from] item: Leftovers
|upkeep
|
|t:|1786036317
|switch|p2a: Delphox|Delphox, L50, M|100/100
|turn|2
|l| ch4inisss
|c| Shemages|VAMOS
|c| Shemages|ESE ES EL MEJOR PAIS DE CHILE
|
|t:|1786036346
|switch|p1b: Watchog|Watchog, L50, M|100/100
|detailschange|p2a: Delphox|Delphox-Mega, L50, M
|-mega|p2a: Delphox|Delphox|Delphoxite
|move|p2b: Umbreon|Helping Hand|p2a: Delphox
|-singleturn|p2a: Delphox|Helping Hand|[of] p2b: Umbreon
|move|p2a: Delphox|Heat Wave|p1b: Watchog|[spread] p1a,p1b
|-resisted|p1a: Charizard|1
|-damage|p1a: Charizard|47/100
|-damage|p1b: Watchog|0 fnt
|faint|p1b: Watchog
|move|p1a: Charizard|Ancient Power|p2a: Delphox
|-supereffective|p2a: Delphox|1
|-damage|p2a: Delphox|45/100
|
|-weather|SunnyDay|[upkeep]
|-heal|p2b: Umbreon|67/100|[from] item: Leftovers
|upkeep
|c|☆jamon_con_talco|xd
|c|☆jamon_con_talco|pobrecillo
|
|t:|1786036365
|switch|p1b: Garchomp|Garchomp, L50, M|100/100
|turn|3
|
|t:|1786036376
|move|p2a: Delphox|Protect|p2a: Delphox
|-singleturn|p2a: Delphox|Protect
|move|p1b: Garchomp|Rock Slide|p2a: Delphox|[spread] p2b
|-activate|p2a: Delphox|move: Protect
|-damage|p2b: Umbreon|50/100g
|move|p1a: Charizard|Heat Wave|p2b: Umbreon|[spread] p2b
|-activate|p2a: Delphox|move: Protect
|-damage|p2b: Umbreon|4/100
|move|p2b: Umbreon|Yawn|p1b: Garchomp
|-start|p1b: Garchomp|move: Yawn|[of] p2b: Umbreon
|
|-weather|SunnyDay|[upkeep]
|-heal|p2b: Umbreon|10/100|[from] item: Leftovers
|upkeep
|turn|4
|c| TheFoxGamer15|F por el vigilante
|c| Shemages|amigo watchog es de papel
|c| Shemages|jajaja
|
|t:|1786036434
|switch|p2b: Sinistcha|Sinistcha, L50|100/100
|-heal|p2a: Delphox|70/100|[from] ability: Hospitality|[of] p2b: Sinistcha
|move|p2a: Delphox|Protect||[still]
|-fail|p2a: Delphox
|move|p1a: Charizard|Protect|p1a: Charizard
|-singleturn|p1a: Charizard|Protect
|move|p1b: Garchomp|Rock Slide|p2a: Delphox|[spread] p2b
|-miss|p1b: Garchomp|p2a: Delphox
|-damage|p2b: Sinistcha|82/100
|
|-weather|SunnyDay|[upkeep]
|-end|p1b: Garchomp|move: Yawn|[silent]
|-status|p1b: Garchomp|slp
|upkeep
|turn|5
|c| TheFoxGamer15|Damn
|
|t:|1786036463
|switch|p1a: Venusaur|Venusaur, L50, M|100/100
|cant|p1b: Garchomp|slp
|move|p2a: Delphox|Calm Mind|p2a: Delphox
|-boost|p2a: Delphox|spa|1
|-boost|p2a: Delphox|spd|1
|move|p2b: Sinistcha|Strength Sap|p1b: Garchomp
|-unboost|p1b: Garchomp|atk|1
|-heal|p2b: Sinistcha|100/100
|
|-weather|none
|upkeep
|turn|6
|
|t:|1786036477
|switch|p1b: Charizard|Charizard-Mega-Y, L50, M|47/100
|-weather|SunnyDay|[from] ability: Drought|[of] p1b: Charizard
|move|p2b: Sinistcha|Rage Powder|p2b: Sinistcha
|-singleturn|p2b: Sinistcha|move: Rage Powder
|move|p1a: Venusaur|Sludge Bomb|p2b: Sinistcha
|-damage|p2b: Sinistcha|58/100
|move|p2a: Delphox|Heat Wave|p1b: Charizard|[spread] p1b
|-miss|p2a: Delphox|p1a: Venusaur
|-resisted|p1b: Charizard|1
|-damage|p1b: Charizard|1/100
|
|-weather|SunnyDay|[upkeep]
|upkeep
|turn|7
|c| TheFoxGamer15|.....
|
|t:|1786036504
|move|p1b: Charizard|Protect|p1b: Charizard
|-singleturn|p1b: Charizard|Protect
|move|p2b: Sinistcha|Rage Powder|p2b: Sinistcha
|-singleturn|p2b: Sinistcha|move: Rage Powder
|move|p1a: Venusaur|Sleep Powder|p2a: Delphox
|-status|p2a: Delphox|slp|[from] move: Sleep Powder
|cant|p2a: Delphox|slp
|
|-weather|SunnyDay|[upkeep]
|upkeep
|turn|8
|c|☆eliasvzqz|lpm
|c| TheFoxGamer15|Esto e mas epico que el prolocke
|
|t:|1786036517
|move|p2b: Sinistcha|Rage Powder|p2b: Sinistcha
|-singleturn|p2b: Sinistcha|move: Rage Powder
|move|p1a: Venusaur|Sludge Bomb|p2b: Sinistcha
|-damage|p2b: Sinistcha|21/100
|-enditem|p2b: Sinistcha|Sitrus Berry|[eat]
|-heal|p2b: Sinistcha|46/100|[from] item: Sitrus Berry
|-curestatus|p2a: Delphox|slp|[msg]
|move|p2a: Delphox|Heat Wave|p1b: Charizard|[spread] p1a,p1b
|-supereffective|p1a: Venusaur|1
|-resisted|p1b: Charizard|1
|-enditem|p1a: Venusaur|Focus Sash
|-damage|p1a: Venusaur|1/100
|-damage|p1b: Charizard|0 fnt
|-status|p1a: Venusaur|brn
|faint|p1b: Charizard
|
|-weather|SunnyDay|[upkeep]
|-damage|p1a: Venusaur|0 fnt|[from] brn
|faint|p1a: Venusaur
|upkeep
|
|t:|1786036522
|switch|p1b: Garchomp|Garchomp, L50, M|100/100 slp
|turn|9
|c|☆eliasvzqz|NAH BUENO
|c| TheFoxGamer15|WOOOOOOO
|c|☆jamon_con_talco|Sadiq curia dormir
|c|☆jamon_con_talco|nadie
|c|☆jamon_con_talco|queria
|c|☆jamon_con_talco|dormir
|c|☆jamon_con_talco|xd
|c| Shemages|JAJAJA
|c|☆eliasvzqz|te juro
|
|t:|1786036557
|cant|p1b: Garchomp|slp
|move|p2a: Delphox|Psyshock|p1b: Garchomp
|-damage|p1b: Garchomp|33/100 slp
|move|p2b: Sinistcha|Strength Sap|p1b: Garchomp
|-unboost|p1b: Garchomp|atk|1
|-heal|p2b: Sinistcha|100/100
|
|-weather|SunnyDay|[upkeep]
|upkeep
|turn|10
|c| Shemages|COMO ROBA COPITO
|
|t:|1786036570
|-curestatus|p1b: Garchomp|slp|[msg]
|move|p1b: Garchomp|Rock Slide|p2b: Sinistcha|[spread] p2a,p2b
|-supereffective|p2a: Delphox|1
|-damage|p2a: Delphox|28/100
|-damage|p2b: Sinistcha|87/100
|move|p2a: Delphox|Psyshock|p1b: Garchomp
|-damage|p1b: Garchomp|0 fnt
|faint|p1b: Garchomp
|
|win|eliasvzqz
|c| TheFoxGamer15|INVENTE ROMAN INVENTE
||jamon_con_talco is ready for game 3.
|j| mstrmiranda
|inactive|eliasvzqz has 30 seconds to confirm battle start!
||eliasvzqz is ready for game 3.
|uhtml|next|Next: Game 3 of 3
|j| ch4inisss
|l|☆jamon_con_talco
|player|p1|
|j| vertigou
|l| ch4inisss
|l| vertigou
|l| TheFoxGamer15
|l|☆eliasvzqz
|player|p2|
