|j|☆monkeychese
|j|☆new mental
|html|monkeychesenew mental    
|uhtml|bestof|Game 2 of a best-of-3
|t:|1784829621
|gametype|doubles
|player|p1|monkeychese|nate|1157
|player|p2|new mental|volkner|1257
|gen|9
|tier|[Gen 9 Champions] VGC 2026 Reg M-B (Bo3)
|rated|
|rule|Species Clause: Limit one of each Pokémon
|rule|Item Clause: Limit 1 of each item
|clearpoke
|poke|p1|Banette, L50, M|
|poke|p1|Venusaur, L50, M|
|poke|p1|Incineroar, L50, M|
|poke|p1|Rotom-Wash, L50|
|poke|p1|Garchomp, L50, M|
|poke|p1|Whimsicott, L50, M|
|poke|p2|Charizard, L50, M|
|poke|p2|Garchomp, L50, M|
|poke|p2|Incineroar, L50, F|
|poke|p2|Venusaur, L50, M|
|poke|p2|Toxapex, L50, M|
|poke|p2|Sylveon, L50, F|
|teampreview|4
|showteam|p1|Banette||Banettite|Insomnia|Poltergeist,WillOWisp,Protect,Disable|Adamant||M|||50|]Venusaur||Venusaurite|Overgrow|GigaDrain,SludgeBomb,LeechSeed,Protect|Modest||M|||50|]Incineroar||SitrusBerry|Intimidate|DarkestLariat,HelpingHand,PartingShot,FakeOut|Impish||M|||50|]Rotom-Wash||ChoiceScarf|Levitate|Thunderbolt,VoltSwitch,HydroPump,Electroweb|Timid|||||50|]Garchomp||LifeOrb|RoughSkin|Earthquake,DragonClaw,RockSlide,Protect|Jolly||M|||50|]Whimsicott||FocusSash|Prankster|Moonblast,Encore,Tailwind,Protect|Timid||M|||50|
|showteam|p2|Charizard||CharizarditeY|SolarPower|WeatherBall,HeatWave,AncientPower,Protect|Modest||M|||50|]Garchomp||ChoiceScarf|RoughSkin|RockSlide,DragonClaw,Earthquake,StompingTantrum|Adamant||M|||50|]Incineroar||SitrusBerry|Intimidate|FlareBlitz,FakeOut,DarkestLariat,PartingShot|Impish||F|||50|]Venusaur||LifeOrb|Chlorophyll|SludgeBomb,LeafStorm,EarthPower,Protect|Modest||M|||50|]Toxapex||Leftovers|Regenerator|Infestation,Toxic,WideGuard,BanefulBunker|Bold||M|||50|]Sylveon||FairyFeather|Pixilate|HyperVoice,QuickAttack,Yawn,Detect|Modest||F|||50|
|inactive|Battle timer is ON: inactive players will automatically lose when time's up. (requested by new mental)
|inactive|monkeychese has 60 seconds left.
|
|t:|1784829665
|teamsize|p1|4
|teamsize|p2|4
|start
|switch|p1a: Banette|Banette, L50, M|100/100
|switch|p1b: Rotom|Rotom-Wash, L50|100/100
|switch|p2a: Charizard|Charizard, L50, M|100/100
|switch|p2b: Venusaur|Venusaur, L50, M|100/100
|turn|1
|
|t:|1784829681
|switch|p1b: Incineroar|Incineroar, L50, M|100/100
|-ability|p1b: Incineroar|Intimidate|boost
|-unboost|p2a: Charizard|atk|1
|-unboost|p2b: Venusaur|atk|1
|detailschange|p2a: Charizard|Charizard-Mega-Y, L50, M
|-mega|p2a: Charizard|Charizard|Charizardite Y
|-weather|SunnyDay|[from] ability: Drought|[of] p2a: Charizard
|detailschange|p1a: Banette|Banette-Mega, L50, M
|-mega|p1a: Banette|Banette|Banettite
|move|p2b: Venusaur|Leaf Storm|p1b: Incineroar|[miss]
|-miss|p2b: Venusaur|p1b: Incineroar
|move|p2a: Charizard|Heat Wave|p1a: Banette|[spread] p1a,p1b
|-resisted|p1b: Incineroar|1
|-damage|p1a: Banette|36/100
|-damage|p1b: Incineroar|71/100
|move|p1a: Banette|Poltergeist|p2b: Venusaur
|-activate|p2b: Venusaur|move: Poltergeist|Life Orb
|-damage|p2b: Venusaur|24/100
|
|-weather|SunnyDay|[upkeep]
|upkeep
|turn|2
|
|t:|1784829701
|switch|p2b: Incineroar|Incineroar, L50, F|100/100
|-ability|p2b: Incineroar|Intimidate|boost
|-unboost|p1a: Banette|atk|1
|-unboost|p1b: Incineroar|atk|1
|switch|p1a: Garchomp|Garchomp, L50, M|100/100
|move|p2a: Charizard|Weather Ball|p1a: Garchomp
|-resisted|p1a: Garchomp|1
|-damage|p1a: Garchomp|53/100
|move|p1b: Incineroar|Parting Shot|p2a: Charizard
|-unboost|p2a: Charizard|atk|1
|-unboost|p2a: Charizard|spa|1
|
|t:|1784829713
|switch|p1b: Rotom|Rotom-Wash, L50|100/100|[from] Parting Shot
|
|-weather|SunnyDay|[upkeep]
|upkeep
|turn|3
|inactive|new mental has 30 seconds left.
|
|t:|1784829739
|switch|p2a: Toxapex|Toxapex, L50, M|100/100
|move|p1b: Rotom|Thunderbolt|p2a: Toxapex
|-supereffective|p2a: Toxapex|1
|-damage|p2a: Toxapex|37/100
|move|p1a: Garchomp|Rock Slide|p2a: Toxapex|[spread] p2a,p2b
|-supereffective|p2b: Incineroar|1
|-damage|p2a: Toxapex|22/100
|-damage|p2b: Incineroar|63/100
|-damage|p1a: Garchomp|43/100|[from] item: Life Orb
|move|p2b: Incineroar|Parting Shot|p1b: Rotom
|-unboost|p1b: Rotom|atk|1
|-unboost|p1b: Rotom|spa|1
|
|t:|1784829747
|switch|p2b: Charizard|Charizard-Mega-Y, L50, M|100/100|[from] Parting Shot
|
|-weather|SunnyDay|[upkeep]
|-heal|p2a: Toxapex|28/100|[from] item: Leftovers
|upkeep
|turn|4
|
|t:|1784829767
|-heal|p2a: Toxapex|61/100|[from] ability: Regenerator|[silent]
|switch|p2a: Incineroar|Incineroar, L50, F|63/100
|-ability|p2a: Incineroar|Intimidate|boost
|-unboost|p1a: Garchomp|atk|1
|-unboost|p1b: Rotom|atk|1
|move|p1b: Rotom|Thunderbolt|p2b: Charizard
|-supereffective|p2b: Charizard|1
|-damage|p2b: Charizard|56/100
|-status|p2b: Charizard|par
|move|p1a: Garchomp|Rock Slide|p2b: Charizard|[spread] p2a,p2b
|-supereffective|p2a: Incineroar|1
|-supereffective|p2b: Charizard|2
|-damage|p2a: Incineroar|36/100
|-damage|p2b: Charizard|0 fnt
|-enditem|p2a: Incineroar|Sitrus Berry|[eat]
|-heal|p2a: Incineroar|61/100|[from] item: Sitrus Berry
|faint|p2b: Charizard
|-damage|p1a: Garchomp|34/100|[from] item: Life Orb
|
|-weather|SunnyDay|[upkeep]
|upkeep
|
|t:|1784829778
|switch|p2b: Venusaur|Venusaur, L50, M|24/100
|turn|5
|
|t:|1784829786
|switch|p1b: Incineroar|Incineroar, L50, M|71/100
|-ability|p1b: Incineroar|Intimidate|boost
|-unboost|p2a: Incineroar|atk|1
|-unboost|p2b: Venusaur|atk|1
|move|p1a: Garchomp|Protect|p1a: Garchomp
|-singleturn|p1a: Garchomp|Protect
|move|p2a: Incineroar|Fake Out|p1a: Garchomp
|-activate|p1a: Garchomp|move: Protect
|move|p2b: Venusaur|Earth Power|p1b: Incineroar
|-supereffective|p1b: Incineroar|1
|-damage|p1b: Incineroar|0 fnt
|faint|p1b: Incineroar
|-damage|p2b: Venusaur|15/100|[from] item: Life Orb
|
|-weather|none
|upkeep
|
|t:|1784829789
|switch|p1b: Rotom|Rotom-Wash, L50|100/100
|turn|6
|
|t:|1784829804
|move|p1b: Rotom|Hydro Pump|p2a: Incineroar
|-supereffective|p2a: Incineroar|1
|-damage|p2a: Incineroar|0 fnt
|faint|p2a: Incineroar
|move|p1a: Garchomp|Dragon Claw|p2b: Venusaur
|-damage|p2b: Venusaur|0 fnt
|faint|p2b: Venusaur
|-damage|p1a: Garchomp|24/100|[from] item: Life Orb
|
|upkeep
|
|t:|1784829809
|switch|p2b: Toxapex|Toxapex, L50, M|61/100
|turn|7
|
|t:|1784829829
|move|p1b: Rotom|Hydro Pump|p2b: Toxapex|[miss]
|-miss|p1b: Rotom|p2b: Toxapex
|move|p1a: Garchomp|Earthquake|p2b: Toxapex|[spread] p2b
|-immune|p1b: Rotom|[from] ability: Levitate
|-supereffective|p2b: Toxapex|1
|-damage|p2b: Toxapex|20/100y
|-damage|p1a: Garchomp|14/100|[from] item: Life Orb
|move|p2b: Toxapex|Infestation|p1b: Rotom
|-damage|p1b: Rotom|95/100
|-activate|p1b: Rotom|move: Infestation|[of] p2b: Toxapex
|
|-heal|p2b: Toxapex|26/100|[from] item: Leftovers
|-damage|p1b: Rotom|83/100|[from] move: Infestation|[partiallytrapped]
|upkeep
|turn|8
|
|t:|1784829837
|move|p2b: Toxapex|Baneful Bunker|p2b: Toxapex
|-singleturn|p2b: Toxapex|move: Protect
|move|p1b: Rotom|Hydro Pump|p2b: Toxapex
|-activate|p2b: Toxapex|move: Protect
|move|p1a: Garchomp|Earthquake|p2b: Toxapex|[spread] 
|-activate|p2b: Toxapex|move: Protect
|-immune|p1b: Rotom|[from] ability: Levitate
|
|-heal|p2b: Toxapex|31/100|[from] item: Leftovers
|-damage|p1b: Rotom|71/100|[from] move: Infestation|[partiallytrapped]
|upkeep
|turn|9
|
|t:|1784829851
|move|p2b: Toxapex|Wide Guard|p2b: Toxapex
|-singleturn|p2b: Toxapex|Wide Guard
|move|p1b: Rotom|Hydro Pump|p2b: Toxapex
|-resisted|p2b: Toxapex|1
|-damage|p2b: Toxapex|12/100
|move|p1a: Garchomp|Earthquake|p2b: Toxapex|[spread] 
|-activate|p2b: Toxapex|move: Wide Guard
|-immune|p1b: Rotom|[from] ability: Levitate
|
|-heal|p2b: Toxapex|18/100|[from] item: Leftovers
|-damage|p1b: Rotom|59/100|[from] move: Infestation|[partiallytrapped]
|upkeep
|turn|10
|
|t:|1784829865
|move|p2b: Toxapex|Wide Guard|p2b: Toxapex
|-singleturn|p2b: Toxapex|Wide Guard
|move|p1b: Rotom|Hydro Pump|p2b: Toxapex
|-resisted|p2b: Toxapex|1
|-damage|p2b: Toxapex|0 fnt
|faint|p2b: Toxapex
|
|win|monkeychese
|raw|monkeychese's rating: 1157 → 1189(+32 for winning)
|raw|new mental's rating: 1257 → 1225(-32 for losing)
