|j|☆KageUyagir
|j|☆FrostyK1w1
|html|KageUyagirFrostyK1w1    
|uhtml|bestof|Game 1 of a best-of-3
|t:|1784786888
|gametype|doubles
|player|p1|KageUyagir|169|
|player|p2|FrostyK1w1|cynthia|
|gen|9
|tier|[Gen 9 Champions] VGC 2026 Reg M-B (Bo3)
|rule|Species Clause: Limit one of each Pokémon
|rule|Item Clause: Limit 1 of each item
|clearpoke
|poke|p1|Chimecho, L50, M|
|poke|p1|Aerodactyl, L50, M|
|poke|p1|Altaria, L50, F|
|poke|p1|Alcremie, L50, F, shiny|
|poke|p1|Espathra, L50, M|
|poke|p1|Farigiraf, L50, F|
|poke|p2|Staraptor, L50, M|
|poke|p2|Clefable, L50, F|
|poke|p2|Mr. Rime, L50, F|
|poke|p2|Cofagrigus, L50, F|
|poke|p2|Noivern, L50, F|
|poke|p2|Lopunny, L50, F|
|teampreview|4
|showteam|p1|Chimecho||Chimechite|Levitate|KnockOff,StoredPower,BatonPass,PsychUp|Bold||M|||50|]Aerodactyl||ExpertBelt|Unnerve|RockSlide,DualWingbeat,Protect,Tailwind|Jolly||M|||50|]Altaria||Leftovers|CloudNine|Defog,DragonPulse,Moonblast,WillOWisp|Modest||F|||50|]Alcremie||FocusSash|AromaVeil|Decorate,Protect,DrainingKiss,AcidArmor|Bold||F|||50|]Espathra||ShellBell|SpeedBoost|CalmMind,Protect,StoredPower,DazzlingGleam|Modest||M|||50|]Farigiraf||SitrusBerry|CudChew|Reflect,TwinBeam,HyperVoice,TrickRoom|Quiet||F|||50|
|showteam|p2|Staraptor||Staraptite|Intimidate|CloseCombat,Tailwind,Uturn,DualWingbeat|Adamant||M|||50|]Clefable||ChoiceScarf|CuteCharm|AfterYou,Encore,Trick,AlluringVoice|Bold||F|||50|]Mr. Rime||FocusSash|ScreenCleaner|LightScreen,FakeOut,SuckerPunch,AfterYou|Brave||F|||50|]Cofagrigus||Leftovers|Mummy|DarkPulse,ToxicSpikes,WillOWisp,Protect|Sassy||F|||50|]Noivern||BlackGlasses|Frisk|Boomburst,DracoMeteor,DarkPulse,Taunt|Modest||F|||50|]Lopunny||SilkScarf|CuteCharm|FakeOut,TripleAxel,CottonGuard,BatonPass|Serious||F|||50|
|
|t:|1784786950
|teamsize|p1|4
|teamsize|p2|4
|start
|switch|p1a: Aerodactyl|Aerodactyl, L50, M|100/100
|switch|p1b: Farigiraf|Farigiraf, L50, F|100/100
|switch|p2a: Staraptor|Staraptor, L50, M|100/100
|switch|p2b: Cofagrigus|Cofagrigus, L50, F|100/100
|-ability|p1a: Aerodactyl|Unnerve
|-ability|p2a: Staraptor|Intimidate|boost
|-unboost|p1a: Aerodactyl|atk|1
|-unboost|p1b: Farigiraf|atk|1
|turn|1
|
|t:|1784786965
|detailschange|p2a: Staraptor|Staraptor-Mega, L50, M
|-mega|p2a: Staraptor|Staraptor|Staraptite
|move|p1a: Aerodactyl|Tailwind|p1a: Aerodactyl
|-sidestart|p1: KageUyagir|move: Tailwind
|move|p2a: Staraptor|U-turn|p1b: Farigiraf
|-supereffective|p1b: Farigiraf|1
|-damage|p1b: Farigiraf|40/100
|-enditem|p1b: Farigiraf|Sitrus Berry|[eat]
|-heal|p1b: Farigiraf|65/100|[from] item: Sitrus Berry
|
|t:|1784786976
|switch|p2a: Clefable|Clefable, L50, F|100/100|[from] U-turn
|move|p1b: Farigiraf|Reflect|p1b: Farigiraf
|-sidestart|p1: KageUyagir|Reflect
|move|p2b: Cofagrigus|Toxic Spikes|p1a: Aerodactyl
|-sidestart|p1: KageUyagir|move: Toxic Spikes
|
|upkeep
|turn|2
|
|t:|1784786997
|move|p1a: Aerodactyl|Rock Slide|p2a: Clefable|[spread] p2a,p2b
|-damage|p2a: Clefable|84/100
|-damage|p2b: Cofagrigus|86/100
|move|p1b: Farigiraf|Hyper Voice|p2b: Cofagrigus|[spread] p2a
|-immune|p2b: Cofagrigus
|-damage|p2a: Clefable|52/100
|move|p2a: Clefable|Trick|p1b: Farigiraf
|-activate|p2a: Clefable|move: Trick|[of] p1b: Farigiraf
|-item|p1b: Farigiraf|Choice Scarf|[from] move: Trick
|-enditem|p2a: Clefable|Choice Scarf|[silent]|[from] move: Trick
|cant|p2b: Cofagrigus|flinch
|
|-heal|p2b: Cofagrigus|92/100|[from] item: Leftovers
|-activate|p1b: Farigiraf|ability: Cud Chew
|-enditem|p1b: Farigiraf|Sitrus Berry|[eat]
|-heal|p1b: Farigiraf|90/100|[from] item: Sitrus Berry
|upkeep
|turn|3
|
|t:|1784787053
|switch|p2a: Mr. Rime|Mr. Rime, L50, F|100/100
|-activate|p2a: Mr. Rime|ability: Screen Cleaner
|-sideend|p1: KageUyagir|Reflect
|move|p1a: Aerodactyl|Dual Wingbeat|p2a: Mr. Rime
|-damage|p2a: Mr. Rime|86/100
|-damage|p2a: Mr. Rime|72/100
|-hitcount|p2a: Mr. Rime|2
|move|p1b: Farigiraf|Twin Beam|p2a: Mr. Rime
|-resisted|p2a: Mr. Rime|1
|-damage|p2a: Mr. Rime|62/100
|-resisted|p2a: Mr. Rime|1
|-damage|p2a: Mr. Rime|52/100
|-hitcount|p2a: Mr. Rime|2
|move|p2b: Cofagrigus|Toxic Spikes|p1a: Aerodactyl
|-sidestart|p1: KageUyagir|move: Toxic Spikes
|
|-heal|p2b: Cofagrigus|97/100|[from] item: Leftovers
|upkeep
|turn|4
|
|t:|1784787080
|move|p2a: Mr. Rime|Fake Out|p1b: Farigiraf
|-damage|p1b: Farigiraf|78/100
|move|p1a: Aerodactyl|Rock Slide|p2a: Mr. Rime|[spread] p2a,p2b
|-supereffective|p2a: Mr. Rime|1
|-damage|p2a: Mr. Rime|7/100
|-damage|p2b: Cofagrigus|83/100
|cant|p1b: Farigiraf|flinch
|move|p2b: Cofagrigus|Dark Pulse|p1b: Farigiraf
|-supereffective|p1b: Farigiraf|1
|-damage|p1b: Farigiraf|33/100
|
|-heal|p2b: Cofagrigus|88/100|[from] item: Leftovers
|-sideend|p1: KageUyagir|move: Tailwind
|upkeep
|turn|5
|
|t:|1784787099
|move|p2a: Mr. Rime|Sucker Punch|p1b: Farigiraf
|-supereffective|p1b: Farigiraf|1
|-damage|p1b: Farigiraf|0 fnt
|faint|p1b: Farigiraf
|move|p1a: Aerodactyl|Rock Slide|p2b: Cofagrigus|[spread] p2a,p2b
|-supereffective|p2a: Mr. Rime|1
|-damage|p2a: Mr. Rime|0 fnt
|-damage|p2b: Cofagrigus|73/100
|faint|p2a: Mr. Rime
|cant|p2b: Cofagrigus|flinch
|
|-heal|p2b: Cofagrigus|79/100|[from] item: Leftovers
|upkeep
|
|t:|1784787139
|switch|p2a: Clefable|Clefable, L50, F|52/100
|switch|p1b: Altaria|Altaria, L50, F|100/100
|-ability|p1b: Altaria|Cloud Nine
|turn|6
|
|t:|1784787163
|move|p1a: Aerodactyl|Rock Slide|p2a: Clefable|[spread] p2a,p2b
|-damage|p2a: Clefable|35/100
|-damage|p2b: Cofagrigus|66/100
|move|p1b: Altaria|Will-O-Wisp|p2b: Cofagrigus|[miss]
|-miss|p1b: Altaria|p2b: Cofagrigus
|move|p2a: Clefable|Alluring Voice|p1b: Altaria
|-supereffective|p1b: Altaria|1
|-damage|p1b: Altaria|37/100
|move|p2b: Cofagrigus|Will-O-Wisp|p1a: Aerodactyl
|-status|p1a: Aerodactyl|brn
|
|-heal|p1b: Altaria|43/100|[from] item: Leftovers
|-heal|p2b: Cofagrigus|71/100|[from] item: Leftovers
|-damage|p1a: Aerodactyl|94/100 brn|[from] brn
|upkeep
|turn|7
|
|t:|1784787196
|move|p2b: Cofagrigus|Protect|p2b: Cofagrigus
|-singleturn|p2b: Cofagrigus|Protect
|move|p1a: Aerodactyl|Tailwind|p1a: Aerodactyl
|-sidestart|p1: KageUyagir|move: Tailwind
|move|p1b: Altaria|Moonblast|p2a: Clefable
|-damage|p2a: Clefable|9/100
|move|p2a: Clefable|Alluring Voice|p1b: Altaria
|-supereffective|p1b: Altaria|1
|-damage|p1b: Altaria|0 fnt
|faint|p1b: Altaria
|
|-heal|p2b: Cofagrigus|77/100|[from] item: Leftovers
|-damage|p1a: Aerodactyl|88/100 brn|[from] brn
|upkeep
|
|t:|1784787208
|switch|p1b: Chimecho|Chimecho, L50, M|100/100
|turn|8
|
|t:|1784787243
|detailschange|p1b: Chimecho|Chimecho-Mega, L50, M
|-mega|p1b: Chimecho|Chimecho|Chimechite
|move|p1a: Aerodactyl|Rock Slide|p2a: Clefable|[spread] p2a,p2b
|-damage|p2a: Clefable|1/100
|-damage|p2b: Cofagrigus|71/100
|move|p1b: Chimecho|Knock Off|p2b: Cofagrigus
|-supereffective|p2b: Cofagrigus|1
|-damage|p2b: Cofagrigus|50/100y
|-activate|p2b: Cofagrigus|ability: Mummy|p1b: Chimecho|[ability] Levitate
|-enditem|p2b: Cofagrigus|Leftovers|[from] move: Knock Off|[of] p1b: Chimecho
|move|p2a: Clefable|Trick|p1a: Aerodactyl
|-activate|p2a: Clefable|move: Trick|[of] p1a: Aerodactyl
|-enditem|p1a: Aerodactyl|Expert Belt|[silent]|[from] move: Trick
|-item|p2a: Clefable|Expert Belt|[from] move: Trick
|move|p2b: Cofagrigus|Dark Pulse|p1b: Chimecho
|-supereffective|p1b: Chimecho|1
|-damage|p1b: Chimecho|64/100
|
|-damage|p1a: Aerodactyl|82/100 brn|[from] brn
|upkeep
|turn|9
|
|t:|1784787284
|move|p1a: Aerodactyl|Rock Slide|p2a: Clefable|[spread] p2a,p2b
|-damage|p2a: Clefable|0 fnt
|-damage|p2b: Cofagrigus|42/100
|faint|p2a: Clefable
|move|p1b: Chimecho|Knock Off|p2b: Cofagrigus
|-supereffective|p2b: Cofagrigus|1
|-damage|p2b: Cofagrigus|26/100
|move|p2b: Cofagrigus|Dark Pulse|p1b: Chimecho
|-supereffective|p1b: Chimecho|1
|-crit|p1b: Chimecho
|-damage|p1b: Chimecho|4/100
|
|-damage|p1a: Aerodactyl|77/100 brn|[from] brn
|upkeep
|
|t:|1784787296
|switch|p2a: Staraptor|Staraptor-Mega, L50, M|100/100
|turn|10
|
|t:|1784787312
|move|p1a: Aerodactyl|Rock Slide|p2b: Cofagrigus|[spread] p2a,p2b
|-damage|p2a: Staraptor|90/100
|-damage|p2b: Cofagrigus|20/100y
|move|p1b: Chimecho|Knock Off|p2b: Cofagrigus
|-supereffective|p2b: Cofagrigus|1
|-damage|p2b: Cofagrigus|6/100
|move|p2a: Staraptor|Close Combat|p1a: Aerodactyl
|-damage|p1a: Aerodactyl|0 fnt
|-boost|p2a: Staraptor|def|1
|-boost|p2a: Staraptor|spd|1
|faint|p1a: Aerodactyl
|move|p2b: Cofagrigus|Dark Pulse|p1b: Chimecho
|-supereffective|p1b: Chimecho|1
|-damage|p1b: Chimecho|0 fnt
|faint|p1b: Chimecho
|
|win|FrostyK1w1
|inactive|KageUyagir has 30 seconds to confirm battle start!
|inactive|FrostyK1w1 has 30 seconds to confirm battle start!
|inactive|KageUyagir has 20 seconds to confirm battle start!
|inactive|FrostyK1w1 has 20 seconds to confirm battle start!
|inactive|KageUyagir has 10 seconds to confirm battle start!
|inactive|FrostyK1w1 has 10 seconds to confirm battle start!
||KageUyagir is ready for game 2.
||FrostyK1w1 is ready for game 2.
|uhtml|next|Next: Game 2 of 3
