|j|☆dialghite
|j|☆Sonja Hilmer
|html|dialghiteSonja Hilmer    
|uhtml|bestof|Game 2 of a best-of-3
|t:|1756731743
|gametype|doubles
|player|p1|dialghite|volkner|1414
|player|p2|Sonja Hilmer|lady|1596
|gen|9
|tier|[Gen 9] VGC 2025 Reg H (Bo3)
|rated|
|rule|Species Clause: Limit one of each Pokémon
|rule|Item Clause: Limit 1 of each item
|clearpoke
|poke|p1|Whimsicott, L50, M|
|poke|p1|Corviknight, L50, F|
|poke|p1|Indeedee, L50, M|
|poke|p1|Sneasler, L50, M|
|poke|p1|Ursaluna-Bloodmoon, L50, M|
|poke|p1|Archaludon, L50, F|
|poke|p2|Dachsbun, L50, M|
|poke|p2|Typhlosion-Hisui, L50, F|
|poke|p2|Kingambit, L50, M|
|poke|p2|Jumpluff, L50, M|
|poke|p2|Rillaboom, L50, M|
|poke|p2|Torkoal, L50, F|
|teampreview|4
|showteam|p1|Whimsicott||CovertCloak|Prankster|Moonblast,Taunt,Tailwind,FakeTears|||M|||50|,,,,,Water]Corviknight||Leftovers|MirrorArmor|BraveBird,BodyPress,Tailwind,BulkUp|||F|||50|,,,,,Dragon]Indeedee||FocusSash|PsychicSurge|ExpandingForce,TeraBlast,Imprison,TrickRoom|||M|||50|,,,,,Psychic]Sneasler||PsychicSeed|Unburden|CloseCombat,DireClaw,ThroatChop,Protect|||M|||50|,,,,,Dark]Ursaluna-Bloodmoon||LifeOrb|MindsEye|HyperVoice,BloodMoon,EarthPower,Protect|||M|||50|,,,,,Normal]Archaludon||PowerHerb|Stalwart|ElectroShot,DragonPulse,Thunderbolt,Protect|||F|||50|,,,,,Electric
|showteam|p2|Dachsbun||Leftovers|WellBakedBody|BodyPress,Snarl,HelpingHand,Protect|||M|||50|,,,,,Steel]Typhlosion-Hisui||ChoiceSpecs|Blaze|Eruption,LavaPlume,Overheat,ShadowBall|||F|||50|,,,,,Fire]Kingambit||SafetyGoggles|Defiant|Protect,KowtowCleave,SuckerPunch,SwordsDance|||M|||50|,,,,,Dark]Jumpluff||CovertCloak|Chlorophyll|SleepPowder,SunnyDay,RagePowder,Tailwind|||M|||50|,,,,,Water]Rillaboom||AssaultVest|GrassySurge|WoodHammer,GrassyGlide,FakeOut,HighHorsepower|||M|||50|,,,,,Water]Torkoal||SitrusBerry|Drought|HeatWave,LavaPlume,ClearSmog,Protect|||F|||50|,,,,,Fairy
|inactive|Battle timer is ON: inactive players will automatically lose when time's up. (requested by Sonja Hilmer)
|inactive|Sonja Hilmer has 60 seconds left.
|
|t:|1756731793
|teamsize|p1|4
|teamsize|p2|4
|start
|switch|p1a: Whimsicott|Whimsicott, L50, M|100/100
|switch|p1b: Ursaluna|Ursaluna-Bloodmoon, L50, M|100/100
|switch|p2a: Jumpluff|Jumpluff, L50, M|100/100
|switch|p2b: Typhlosion|Typhlosion-Hisui, L50, F|100/100
|turn|1
|inactive|dialghite has 30 seconds left.
|
|t:|1756731822
|switch|p2b: Torkoal|Torkoal, L50, F|100/100
|-weather|SunnyDay|[from] ability: Drought|[of] p2b: Torkoal
|-terastallize|p1a: Whimsicott|Water
|move|p1b: Ursaluna|Protect|p1b: Ursaluna
|-singleturn|p1b: Ursaluna|Protect
|move|p1a: Whimsicott|Taunt|p2a: Jumpluff
|-start|p2a: Jumpluff|move: Taunt
|cant|p2a: Jumpluff|move: Taunt|Tailwind
|
|-weather|SunnyDay|[upkeep]
|upkeep
|turn|2
|
|t:|1756731833
|switch|p2a: Rillaboom|Rillaboom, L50, M|100/100
|-fieldstart|move: Grassy Terrain|[from] ability: Grassy Surge|[of] p2a: Rillaboom
|move|p2b: Torkoal|Protect|p2b: Torkoal
|-singleturn|p2b: Torkoal|Protect
|move|p1a: Whimsicott|Tailwind|p1a: Whimsicott
|-sidestart|p1: dialghite|move: Tailwind
|move|p1b: Ursaluna|Blood Moon|p2a: Rillaboom
|-damage|p2a: Rillaboom|38/100
|-damage|p1b: Ursaluna|91/100|[from] item: Life Orb
|
|-weather|SunnyDay|[upkeep]
|-heal|p1b: Ursaluna|97/100|[from] Grassy Terrain
|-heal|p2a: Rillaboom|44/100|[from] Grassy Terrain
|upkeep
|turn|3
|
|t:|1756731856
|switch|p1a: Indeedee|Indeedee, L50, M|100/100
|-fieldstart|move: Psychic Terrain|[from] ability: Psychic Surge|[of] p1a: Indeedee
|switch|p2b: Jumpluff|Jumpluff, L50, M|100/100
|move|p1b: Ursaluna|Earth Power|p2b: Jumpluff
|-immune|p2b: Jumpluff
|move|p2a: Rillaboom|Wood Hammer|p1b: Ursaluna
|-supereffective|p1b: Ursaluna
|-damage|p1b: Ursaluna|4/100
|-damage|p2a: Rillaboom|15/100|[from] Recoil
|
|-weather|SunnyDay|[upkeep]
|upkeep
|turn|4
|
|t:|1756731875
|switch|p1b: Whimsicott|Whimsicott, L50, M, tera:Water|100/100
|switch|p2a: Torkoal|Torkoal, L50, F|100/100
|move|p2b: Jumpluff|Tailwind|p2b: Jumpluff
|-sidestart|p2: Sonja Hilmer|move: Tailwind
|move|p1a: Indeedee|Expanding Force|p2b: Jumpluff|[spread] p2a,p2b
|-damage|p2a: Torkoal|49/100
|-damage|p2b: Jumpluff|48/100
|-enditem|p2a: Torkoal|Sitrus Berry|[eat]
|-heal|p2a: Torkoal|74/100|[from] item: Sitrus Berry
|
|-weather|SunnyDay|[upkeep]
|upkeep
|turn|5
|inactive|Sonja Hilmer has 30 seconds left.
|
|t:|1756731910
|switch|p1a: Ursaluna|Ursaluna-Bloodmoon, L50, M|4/100
|move|p1b: Whimsicott|Taunt|p2b: Jumpluff
|-start|p2b: Jumpluff|move: Taunt
|cant|p2b: Jumpluff|move: Taunt|Sleep Powder
|move|p2a: Torkoal|Heat Wave|p1b: Whimsicott|[spread] p1a,p1b
|-resisted|p1b: Whimsicott
|-damage|p1a: Ursaluna|0 fnt
|-damage|p1b: Whimsicott|78/100
|faint|p1a: Ursaluna
|
|-weather|none
|-sideend|p1: dialghite|move: Tailwind
|upkeep
|
|t:|1756731917
|switch|p1a: Sneasler|Sneasler, L50, M|100/100
|-enditem|p1a: Sneasler|Psychic Seed
|-boost|p1a: Sneasler|spd|1|[from] item: Psychic Seed
|turn|6
|
|t:|1756731929
|-activate|p2b: Jumpluff|move: Struggle
|move|p2b: Jumpluff|Struggle|p1b: Whimsicott
|-damage|p1b: Whimsicott|71/100
|-damage|p2b: Jumpluff|23/100|[from] recoil
|move|p1a: Sneasler|Dire Claw|p2a: Torkoal
|-damage|p2a: Torkoal|44/100
|move|p1b: Whimsicott|Moonblast|p2b: Jumpluff
|-damage|p2b: Jumpluff|0 fnt
|faint|p2b: Jumpluff
|move|p2a: Torkoal|Lava Plume|p1b: Whimsicott|[spread] p1a,p1b
|-resisted|p1b: Whimsicott
|-damage|p1a: Sneasler|83/100
|-damage|p1b: Whimsicott|60/100
|
|upkeep
|
|t:|1756731941
|switch|p2b: Typhlosion|Typhlosion-Hisui, L50, F|100/100
|turn|7
|inactive|Sonja Hilmer has 30 seconds left.
|
|t:|1756731969
|-terastallize|p2b: Typhlosion|Fire
|move|p1b: Whimsicott|Tailwind|p1b: Whimsicott
|-sidestart|p1: dialghite|move: Tailwind
|move|p1a: Sneasler|Throat Chop|p2b: Typhlosion
|-damage|p2b: Typhlosion|60/100
|-start|p2b: Typhlosion|Throat Chop|[silent]
|move|p2b: Typhlosion|Overheat|p1a: Sneasler
|-damage|p1a: Sneasler|0 fnt
|-unboost|p2b: Typhlosion|spa|2
|faint|p1a: Sneasler
|move|p2a: Torkoal|Heat Wave|p1b: Whimsicott
|-resisted|p1b: Whimsicott
|-damage|p1b: Whimsicott|41/100
|
|-sideend|p2: Sonja Hilmer|move: Tailwind
|-fieldend|move: Psychic Terrain
|upkeep
|
|t:|1756731974
|switch|p1a: Indeedee|Indeedee, L50, M|100/100
|-fieldstart|move: Psychic Terrain|[from] ability: Psychic Surge|[of] p1a: Indeedee
|turn|8
|
|t:|1756731990
|move|p2a: Torkoal|Protect|p2a: Torkoal
|-singleturn|p2a: Torkoal|Protect
|move|p1b: Whimsicott|Moonblast|p2b: Typhlosion
|-resisted|p2b: Typhlosion
|-damage|p2b: Typhlosion|44/100
|move|p1a: Indeedee|Expanding Force|p2b: Typhlosion|[spread] p2b
|-activate|p2a: Torkoal|move: Protect
|-damage|p2b: Typhlosion|0 fnt
|faint|p2b: Typhlosion
|
|upkeep
|
|t:|1756731995
|switch|p2b: Rillaboom|Rillaboom, L50, M|15/100
|-fieldstart|move: Grassy Terrain|[from] ability: Grassy Surge|[of] p2b: Rillaboom
|turn|9
|
|t:|1756732013
|move|p2b: Rillaboom|Grassy Glide|p1b: Whimsicott
|-supereffective|p1b: Whimsicott
|-damage|p1b: Whimsicott|0 fnt
|faint|p1b: Whimsicott
|move|p1a: Indeedee|Expanding Force|p2b: Rillaboom
|-damage|p2b: Rillaboom|0 fnt
|faint|p2b: Rillaboom
|move|p2a: Torkoal|Heat Wave|p1a: Indeedee
|-damage|p1a: Indeedee|61/100
|
|-heal|p1a: Indeedee|67/100|[from] Grassy Terrain
|-heal|p2a: Torkoal|50/100|[from] Grassy Terrain
|upkeep
|turn|10
|
|t:|1756732030
|move|p1a: Indeedee|Expanding Force|p2a: Torkoal
|-damage|p2a: Torkoal|10/100
|move|p2a: Torkoal|Heat Wave|p1a: Indeedee
|-damage|p1a: Indeedee|26/100
|
|-heal|p1a: Indeedee|32/100|[from] Grassy Terrain
|-heal|p2a: Torkoal|16/100|[from] Grassy Terrain
|-sideend|p1: dialghite|move: Tailwind
|upkeep
|turn|11
|
|t:|1756732033
|move|p1a: Indeedee|Expanding Force|p2a: Torkoal
|-damage|p2a: Torkoal|0 fnt
|faint|p2a: Torkoal
|
|win|dialghite
|raw|dialghite's rating: 1414 → 1444(+30 for winning)
|raw|Sonja Hilmer's rating: 1596 → 1566(-30 for losing)
