|j|☆HeroLinik
|j|☆M00ncell
|html|HeroLinikM00ncell    
|uhtml|bestof|Game 1 of a best-of-3
|t:|1783355624
|gametype|doubles
|player|p1|HeroLinik|gambler|
|player|p2|M00ncell|plasmagrunt|
|gen|9
|tier|[Gen 9 Champions] VGC 2026 Reg M-B (Bo3)
|rule|Species Clause: Limit one of each Pokémon
|rule|Item Clause: Limit 1 of each item
|clearpoke
|poke|p1|Pyroar, L50, M|
|poke|p1|Farigiraf, L50, M|
|poke|p1|Venusaur, L50, M|
|poke|p1|Primarina, L50, F|
|poke|p1|Torkoal, L50, F|
|poke|p1|Gholdengo, L50|
|poke|p2|Staraptor, L50, F|
|poke|p2|Whimsicott, L50, M|
|poke|p2|Garchomp, L50, F|
|poke|p2|Basculegion, L50, M|
|poke|p2|Incineroar, L50, F|
|poke|p2|Charizard, L50, M|
|teampreview|4
|showteam|p1|Pyroar||Pyroarite|Unnerve|Overheat,HeatWave,SolarBeam,Protect|Timid||M|||50|]Farigiraf||ColburBerry|ArmorTail|Protect,SunnyDay,TrickRoom,Psychic|Bold||M|||50|]Venusaur||FocusSash|Chlorophyll|SleepPowder,SludgeBomb,EarthPower,Protect|Timid||M|||50|]Primarina||LifeOrb|LiquidVoice|HyperVoice,Moonblast,DazzlingGleam,Protect|Quiet||F|||50|]Torkoal||Charcoal|Drought|Eruption,WeatherBall,HelpingHand,Yawn|Quiet||F|||50|]Gholdengo||ChoiceScarf|GoodasGold|MakeItRain,ShadowBall,FocusBlast,Thunderbolt|Timid|||||50|
|showteam|p2|Staraptor||Staraptite|Intimidate|CloseCombat,BraveBird,Protect,Roost|Jolly||F|||50|]Whimsicott||FocusSash|Prankster|Moonblast,Tailwind,Encore,Protect|Timid||M|||50|]Garchomp||LifeOrb|RoughSkin|DragonClaw,Protect,Earthquake,RockSlide|Jolly||F|||50|]Basculegion||ChoiceScarf|Adaptability|LastRespects,AquaJet,WaveCrash,FlipTurn|Adamant||M|||50|]Incineroar||SitrusBerry|Intimidate|FakeOut,PartingShot,FlareBlitz,ThroatChop|Careful||F|||50|]Charizard||CharizarditeY|Blaze|Protect,HeatWave,SolarBeam,WeatherBall|Modest||M|||50|
|c|☆HeroLinik|okay, this is the right team
|inactive|Battle timer is ON: inactive players will automatically lose when time's up. (requested by HeroLinik)
|c|☆M00ncell|aites gl hf
|inactive|M00ncell has 60 seconds left.
|inactive|M00ncell has 30 seconds left.
|inactive|M00ncell has 20 seconds left.
|inactive|M00ncell has 15 seconds left.
|
|t:|1783355713
|teamsize|p1|4
|teamsize|p2|4
|start
|switch|p1a: Farigiraf|Farigiraf, L50, M|100/100
|switch|p1b: Primarina|Primarina, L50, F|100/100
|switch|p2a: Incineroar|Incineroar, L50, F|100/100
|switch|p2b: Garchomp|Garchomp, L50, F|100/100
|-ability|p2a: Incineroar|Intimidate|boost
|-unboost|p1a: Farigiraf|atk|1
|-unboost|p1b: Primarina|atk|1
|turn|1
|inactive|M00ncell has 30 seconds left.
|
|t:|1783355743
|move|p2b: Garchomp|Protect|p2b: Garchomp
|-singleturn|p2b: Garchomp|Protect
|move|p2a: Incineroar|Throat Chop|p1a: Farigiraf
|-supereffective|p1a: Farigiraf|1
|-enditem|p1a: Farigiraf|Colbur Berry|[eat]
|-enditem|p1a: Farigiraf|Colbur Berry|[weaken]
|-damage|p1a: Farigiraf|75/100
|-start|p1a: Farigiraf|Throat Chop|[silent]
|move|p1b: Primarina|Hyper Voice|p2a: Incineroar|[spread] p2a
|-activate|p2b: Garchomp|move: Protect
|-supereffective|p2a: Incineroar|1
|-damage|p2a: Incineroar|18/100
|-enditem|p2a: Incineroar|Sitrus Berry|[eat]
|-heal|p2a: Incineroar|43/100|[from] item: Sitrus Berry
|-damage|p1b: Primarina|90/100|[from] item: Life Orb
|move|p1a: Farigiraf|Trick Room|p1a: Farigiraf
|-fieldstart|move: Trick Room|[of] p1a: Farigiraf
|
|upkeep
|turn|2
|inactive|M00ncell has 30 seconds left.
|
|t:|1783355778
|move|p1b: Primarina|Dazzling Gleam|p2b: Garchomp|[spread] p2a,p2b
|-supereffective|p2b: Garchomp|1
|-damage|p2a: Incineroar|11/100
|-damage|p2b: Garchomp|0 fnt
|faint|p2b: Garchomp
|-damage|p1b: Primarina|80/100|[from] item: Life Orb
|move|p1a: Farigiraf|Psychic|p2a: Incineroar
|-immune|p2a: Incineroar
|move|p2a: Incineroar|Throat Chop|p1a: Farigiraf
|-supereffective|p1a: Farigiraf|1
|-damage|p1a: Farigiraf|25/100
|
|-end|p1a: Farigiraf|Throat Chop|[silent]
|upkeep
|inactive|M00ncell has 30 seconds left.
|
|t:|1783355810
|switch|p2b: Charizard|Charizard, L50, M|100/100
|turn|3
|
|t:|1783355821
|move|p2b: Charizard|Protect|p2b: Charizard
|-singleturn|p2b: Charizard|Protect
|move|p1b: Primarina|Hyper Voice|p2b: Charizard|[spread] p2a
|-activate|p2b: Charizard|move: Protect
|-supereffective|p2a: Incineroar|1
|-damage|p2a: Incineroar|0 fnt
|faint|p2a: Incineroar
|-damage|p1b: Primarina|71/100|[from] item: Life Orb
|move|p1a: Farigiraf|Psychic|p2b: Charizard
|-activate|p2b: Charizard|move: Protect
|
|upkeep
|
|t:|1783355832
|switch|p2a: Basculegion|Basculegion, L50, M|100/100
|turn|4
|inactive|M00ncell has 30 seconds left.
|
|t:|1783355858
|detailschange|p2b: Charizard|Charizard-Mega-Y, L50, M
|-mega|p2b: Charizard|Charizard|Charizardite Y
|-weather|SunnyDay|[from] ability: Drought|[of] p2b: Charizard
|move|p1b: Primarina|Moonblast|p2a: Basculegion
|-damage|p2a: Basculegion|14/100
|-damage|p1b: Primarina|61/100|[from] item: Life Orb
|move|p1a: Farigiraf|Psychic|p2a: Basculegion
|-damage|p2a: Basculegion|0 fnt
|faint|p2a: Basculegion
|move|p2b: Charizard|Heat Wave|p1b: Primarina|[spread] p1a
|-miss|p2b: Charizard|p1b: Primarina
|-damage|p1a: Farigiraf|0 fnt
|faint|p1a: Farigiraf
|
|-weather|SunnyDay|[upkeep]
|upkeep
|
|t:|1783355874
|switch|p1a: Pyroar|Pyroar, L50, M|100/100
|-ability|p1a: Pyroar|Unnerve
|turn|5
|
|t:|1783355891
|detailschange|p1a: Pyroar|Pyroar-Mega, L50, M
|-mega|p1a: Pyroar|Pyroar|Pyroarite
|move|p2b: Charizard|Protect|p2b: Charizard
|-singleturn|p2b: Charizard|Protect
|move|p1a: Pyroar|Protect|p1a: Pyroar
|-singleturn|p1a: Pyroar|Protect
|move|p1b: Primarina|Hyper Voice|p2b: Charizard
|-activate|p2b: Charizard|move: Protect
|
|-weather|SunnyDay|[upkeep]
|-fieldend|move: Trick Room
|upkeep
|turn|6
|
|t:|1783355903
|move|p1b: Primarina|Protect|p1b: Primarina
|-singleturn|p1b: Primarina|Protect
|move|p1a: Pyroar|Heat Wave|p2b: Charizard
|-resisted|p2b: Charizard|1
|-damage|p2b: Charizard|50/100g
|move|p2b: Charizard|Solar Beam||[still]
|-prepare|p2b: Charizard|Solar Beam
|-anim|p2b: Charizard|Solar Beam|p1b: Primarina
|-activate|p1b: Primarina|move: Protect
|
|-weather|SunnyDay|[upkeep]
|upkeep
|turn|7
|
|t:|1783355914
|move|p1a: Pyroar|Heat Wave|p2b: Charizard
|-resisted|p2b: Charizard|1
|-damage|p2b: Charizard|2/100
|move|p2b: Charizard|Heat Wave|p1a: Pyroar|[spread] p1a,p1b
|-resisted|p1a: Pyroar|1
|-resisted|p1b: Primarina|1
|-damage|p1a: Pyroar|65/100
|-damage|p1b: Primarina|35/100
|move|p1b: Primarina|Hyper Voice|p2b: Charizard
|-supereffective|p2b: Charizard|1
|-damage|p2b: Charizard|0 fnt
|faint|p2b: Charizard
|-damage|p1b: Primarina|26/100|[from] item: Life Orb
|
|win|HeroLinik
||M00ncell is ready for game 2.
|inactive|HeroLinik has 30 seconds to confirm battle start!
||HeroLinik is ready for game 2.
|uhtml|next|Next: Game 2 of 3
