|j|☆Fireboule
|j|☆glitterckvamp
|html|Firebouleglitterckvamp    
|uhtml|bestof|Game 1 of a best-of-3
|t:|1757775933
|gametype|doubles
|player|p1|Fireboule|bugcatcher-gen4dp|
|player|p2|glitterckvamp|artist-gen4|
|gen|9
|tier|[Gen 9] VGC 2025 Reg H (Bo3)
|rule|Species Clause: Limit one of each Pokémon
|rule|Item Clause: Limit 1 of each item
|clearpoke
|poke|p1|Incineroar, L50, M|
|poke|p1|Amoonguss, L50, F|
|poke|p1|Ursaluna-Bloodmoon, L50, M|
|poke|p1|Sneasler, L50, F|
|poke|p1|Gholdengo, L50|
|poke|p1|Dragonite, L50, F|
|poke|p2|Kingambit, L50, M|
|poke|p2|Mimikyu, L50, F|
|poke|p2|Ursaluna-Bloodmoon, L50, M|
|poke|p2|Sneasler, L50, M|
|poke|p2|Volcarona, L50, F|
|poke|p2|Farigiraf, L50, F|
|teampreview|4
|showteam|p1|Incineroar||SafetyGoggles|Intimidate|FlareBlitz,KnockOff,PartingShot,FakeOut|||M|||50|,,,,,Ghost]Amoonguss||SitrusBerry|Regenerator|Spore,RagePowder,PollenPuff,Protect|||F|||50|,,,,,Psychic]Ursaluna-Bloodmoon||AssaultVest|MindsEye|HyperVoice,BloodMoon,EarthPower,VacuumWave|||M|||50|,,,,,Water]Sneasler||FocusSash|Unburden|CloseCombat,DireClaw,ThroatChop,Protect|||F|||50|,,,,,Stellar]Gholdengo||LifeOrb|GoodasGold|MakeItRain,ShadowBall,NastyPlot,Protect||||||50|,,,,,Water]Dragonite||LoadedDice|Multiscale|ScaleShot,Tailwind,Haze,Protect|||F|||50|,,,,,Fairy
|showteam|p2|Kingambit||SafetyGoggles|Defiant|KowtowCleave,SuckerPunch,SwordsDance,Protect|||M|||50|,,,,,Dark]Mimikyu||LifeOrb|Disguise|TrickRoom,ShadowClaw,WoodHammer,DrainPunch|||F|||50|,,,,,Grass]Ursaluna-Bloodmoon||SilkScarf|MindsEye|BloodMoon,EarthPower,Protect,HyperVoice|||M|||50|,,,,,Normal]Sneasler||WhiteHerb|Unburden|DireClaw,Taunt,CloseCombat,Coaching|||M|||50|,,,,,Dark]Volcarona||Leftovers|FlameBody|Flamethrower,BugBuzz,QuiverDance,Protect|||F|||50|,,,,,Dragon]Farigiraf||CovertCloak|ArmorTail|HelpingHand,Imprison,TrickRoom,TwinBeam|||F|||50|,,,,,Fairy
|
|t:|1757775963
|teamsize|p1|4
|teamsize|p2|4
|start
|switch|p1a: Sneasler|Sneasler, L50, F|100/100
|switch|p1b: Dragonite|Dragonite, L50, F|100/100
|switch|p2a: Vegas|Kingambit, L50, M, shiny|100/100
|switch|p2b: Clawz|Sneasler, L50, M|100/100
|turn|1
|
|t:|1757775979
|switch|p2a: Hellfire|Volcarona, L50, F|100/100
|move|p1a: Sneasler|Close Combat|p2a: Hellfire
|-resisted|p2a: Hellfire
|-damage|p2a: Hellfire|65/100
|-unboost|p1a: Sneasler|def|1
|-unboost|p1a: Sneasler|spd|1
|-status|p1a: Sneasler|brn|[from] ability: Flame Body|[of] p2a: Hellfire
|move|p2b: Clawz|Dire Claw|p1b: Dragonite
|-damage|p1b: Dragonite|77/100
|move|p1b: Dragonite|Scale Shot|p2b: Clawz
|-damage|p2b: Clawz|75/100
|-damage|p2b: Clawz|49/100
|-damage|p2b: Clawz|23/100
|-damage|p2b: Clawz|0 fnt
|faint|p2b: Clawz
|-hitcount|p2: Clawz|4
|-unboost|p1b: Dragonite|def|1
|-boost|p1b: Dragonite|spe|1
|
|-heal|p2a: Hellfire|71/100|[from] item: Leftovers
|-damage|p1a: Sneasler|95/100 brn|[from] brn
|upkeep
|
|t:|1757775991
|switch|p2b: Dead Moon|Ursaluna-Bloodmoon, L50, M|100/100
|turn|2
|
|t:|1757776018
|-terastallize|p2b: Dead Moon|Normal
|move|p1b: Dragonite|Scale Shot|p2b: Dead Moon
|-damage|p2b: Dead Moon|90/100
|-damage|p2b: Dead Moon|80/100
|-damage|p2b: Dead Moon|70/100
|-damage|p2b: Dead Moon|58/100
|-hitcount|p2b: Dead Moon|4
|-unboost|p1b: Dragonite|def|1
|-boost|p1b: Dragonite|spe|1
|move|p1a: Sneasler|Close Combat|p2b: Dead Moon
|-supereffective|p2b: Dead Moon
|-damage|p2b: Dead Moon|13/100
|-unboost|p1a: Sneasler|def|1
|-unboost|p1a: Sneasler|spd|1
|move|p2a: Hellfire|Quiver Dance|p2a: Hellfire
|-boost|p2a: Hellfire|spa|1
|-boost|p2a: Hellfire|spd|1
|-boost|p2a: Hellfire|spe|1
|move|p2b: Dead Moon|Hyper Voice|p1b: Dragonite|[spread] p1a,p1b
|-damage|p1a: Sneasler|0 fnt
|-damage|p1b: Dragonite|15/100
|faint|p1a: Sneasler
|
|-heal|p2a: Hellfire|78/100|[from] item: Leftovers
|upkeep
|
|t:|1757776044
|switch|p1a: Incineroar|Incineroar, L50, M|100/100
|-ability|p1a: Incineroar|Intimidate|boost
|-unboost|p2a: Hellfire|atk|1
|-unboost|p2b: Dead Moon|atk|1
|turn|3
|
|t:|1757776057
|move|p2a: Hellfire|Protect|p2a: Hellfire
|-singleturn|p2a: Hellfire|Protect
|move|p2b: Dead Moon|Protect|p2b: Dead Moon
|-singleturn|p2b: Dead Moon|Protect
|move|p1a: Incineroar|Fake Out|p2a: Hellfire
|-activate|p2a: Hellfire|move: Protect
|move|p1b: Dragonite|Tailwind|p1b: Dragonite
|-sidestart|p1: Fireboule|move: Tailwind
|
|-heal|p2a: Hellfire|84/100|[from] item: Leftovers
|upkeep
|turn|4
|
|t:|1757776075
|move|p1b: Dragonite|Scale Shot|p2a: Hellfire
|-damage|p2a: Hellfire|66/100
|-damage|p2a: Hellfire|50/100
|-crit|p2a: Hellfire
|-damage|p2a: Hellfire|24/100
|-damage|p2a: Hellfire|6/100
|-damage|p2a: Hellfire|0 fnt
|faint|p2a: Hellfire
|-hitcount|p2: Hellfire|5
|-unboost|p1b: Dragonite|def|1
|-boost|p1b: Dragonite|spe|1
|move|p1a: Incineroar|Knock Off|p2b: Dead Moon
|-damage|p2b: Dead Moon|0 fnt
|-enditem|p2b: Dead Moon|Silk Scarf|[from] move: Knock Off|[of] p1a: Incineroar
|faint|p2b: Dead Moon
|
|upkeep
|
|t:|1757776078
|switch|p2a: Vegas|Kingambit, L50, M, shiny|100/100
|turn|5
|
|t:|1757776096
|move|p1b: Dragonite|Scale Shot|p2a: Vegas
|-resisted|p2a: Vegas
|-damage|p2a: Vegas|94/100
|-resisted|p2a: Vegas
|-damage|p2a: Vegas|89/100
|-resisted|p2a: Vegas
|-damage|p2a: Vegas|83/100
|-resisted|p2a: Vegas
|-damage|p2a: Vegas|78/100
|-resisted|p2a: Vegas
|-damage|p2a: Vegas|71/100
|-hitcount|p2a: Vegas|5
|-unboost|p1b: Dragonite|def|1
|-boost|p1b: Dragonite|spe|1
|move|p1a: Incineroar|Flare Blitz|p2a: Vegas
|-supereffective|p2a: Vegas
|-damage|p2a: Vegas|0 fnt
|faint|p2a: Vegas
|-damage|p1a: Incineroar|78/100|[from] Recoil
|
|win|Fireboule
||glitterckvamp is ready for game 2.
||Fireboule is ready for game 2.
|uhtml|next|Next: Game 2 of 3
