|j|☆Snowheart94
|j|☆Silent Ech0
|html|Snowheart94Silent Ech0    
|uhtml|bestof|Game 2 of a best-of-3
|t:|1785374868
|gametype|doubles
|player|p1|Snowheart94|dawn|1000
|player|p2|Silent Ech0|169|1000
|gen|9
|tier|[Gen 9 Champions] VGC 2026 Reg M-B (Bo3)
|rated|
|rule|Species Clause: Limit one of each Pokémon
|rule|Item Clause: Limit 1 of each item
|clearpoke
|poke|p1|Delphox, L50, M|
|poke|p1|Glimmora, L50, M|
|poke|p1|Garchomp, L50, M|
|poke|p1|Staraptor, L50, M|
|poke|p1|Whimsicott, L50, M|
|poke|p1|Kingambit, L50, M|
|poke|p2|Tyranitar, L50, M|
|poke|p2|Garchomp, L50, M|
|poke|p2|Grimmsnarl, L50, M|
|poke|p2|Corviknight, L50, M|
|poke|p2|Palafin, L50, M|
|poke|p2|Basculegion, L50, M|
|teampreview|4
|showteam|p1|Delphox||Delphoxite|Blaze|Protect,Substitute,HeatWave,Psychic|Modest||M|||50|]Glimmora||FocusSash|ToxicDebris|SpikyShield,PowerGem,SludgeBomb,EarthPower|Timid||M|||50|]Garchomp||LifeOrb|RoughSkin|Earthquake,RockSlide,DragonClaw,Protect|Jolly||M|||50|]Staraptor||Staraptite|Intimidate|Protect,BraveBird,Roost,CloseCombat|Jolly||M|||50|]Whimsicott||OccaBerry|Prankster|Moonblast,Tailwind,LightScreen,Charm|Timid||M|||50|]Kingambit||ChopleBerry|Defiant|SuckerPunch,KowtowCleave,IronHead,LowKick|Adamant||M|||50|
|showteam|p2|Tyranitar||ChoiceScarf|SandStream|RockSlide,IcePunch,Superpower,KnockOff|Jolly||M|||50|]Garchomp||Garchompite|RoughSkin|EarthPower,PowerGem,DracoMeteor,Protect|Modest||M|||50|]Grimmsnarl||LightClay|Prankster|PartingShot,LightScreen,Reflect,SpiritBreak|Careful||M|||50|]Corviknight||Leftovers|MirrorArmor|IronHead,BraveBird,Tailwind,Protect|Impish||M|||50|]Palafin||MysticWater|ZerotoHero|Protect,BulkUp,JetPunch,DrainPunch|Adamant||M|||50|]Basculegion||SitrusBerry|Adaptability|LastRespects,WaveCrash,Protect,AquaJet|Jolly||M|||50|
|j| Arise_69!
|
|t:|1785374917
|teamsize|p1|4
|teamsize|p2|4
|start
|switch|p1a: Staraptor|Staraptor, L50, M|100/100
|switch|p1b: Whimsicott|Whimsicott, L50, M|100/100
|switch|p2a: Grimmsnarl|Grimmsnarl, L50, M|100/100
|switch|p2b: Corviknight|Corviknight, L50, M|100/100
|-ability|p1a: Staraptor|Intimidate|boost
|-unboost|p2a: Grimmsnarl|atk|1
|-ability|p2b: Corviknight|Mirror Armor
|-unboost|p1a: Staraptor|atk|1
|turn|1
|
|t:|1785374946
|detailschange|p1a: Staraptor|Staraptor-Mega, L50, M
|-mega|p1a: Staraptor|Staraptor|Staraptite
|move|p1b: Whimsicott|Charm|p1a: Staraptor
|-boost|p1a: Staraptor|atk|2
|move|p2a: Grimmsnarl|Reflect|p2a: Grimmsnarl
|-sidestart|p2: Silent Ech0|Reflect
|move|p1a: Staraptor|Close Combat|p2b: Corviknight
|-damage|p2b: Corviknight|60/100
|-boost|p1a: Staraptor|def|1
|-boost|p1a: Staraptor|spd|1
|move|p2b: Corviknight|Tailwind|p2b: Corviknight
|-sidestart|p2: Silent Ech0|move: Tailwind
|
|-heal|p2b: Corviknight|66/100|[from] item: Leftovers
|upkeep
|turn|2
|
|t:|1785374981
|move|p1b: Whimsicott|Tailwind|p1b: Whimsicott
|-sidestart|p1: Snowheart94|move: Tailwind
|move|p1a: Staraptor|Close Combat|p2a: Grimmsnarl
|-damage|p2a: Grimmsnarl|39/100
|-boost|p1a: Staraptor|def|1
|-boost|p1a: Staraptor|spd|1
|move|p2b: Corviknight|Iron Head|p1a: Staraptor
|-damage|p1a: Staraptor|89/100
|move|p2a: Grimmsnarl|Spirit Break|p1a: Staraptor
|-supereffective|p1a: Staraptor|1
|-damage|p1a: Staraptor|70/100
|-boost|p1a: Staraptor|spa|1
|
|-heal|p2b: Corviknight|72/100|[from] item: Leftovers
|upkeep
|turn|3
|
|t:|1785375012
|move|p1a: Staraptor|Close Combat|p2b: Corviknight
|-damage|p2b: Corviknight|28/100
|-boost|p1a: Staraptor|def|1
|-boost|p1a: Staraptor|spd|1
|move|p1b: Whimsicott|Moonblast|p2a: Grimmsnarl
|-supereffective|p2a: Grimmsnarl|1
|-damage|p2a: Grimmsnarl|0 fnt
|faint|p2a: Grimmsnarl
|move|p2b: Corviknight|Brave Bird|p1a: Staraptor
|-supereffective|p1a: Staraptor|1
|-damage|p1a: Staraptor|44/100
|-damage|p2b: Corviknight|20/100y|[from] Recoil
|
|-heal|p2b: Corviknight|26/100|[from] item: Leftovers
|upkeep
|
|t:|1785375046
|switch|p2a: Tyranitar|Tyranitar, L50, M|100/100
|-weather|Sandstorm|[from] ability: Sand Stream|[of] p2a: Tyranitar
|turn|4
|
|t:|1785375070
|switch|p1b: Garchomp|Garchomp, L50, M|100/100
|move|p1a: Staraptor|Protect|p1a: Staraptor
|-singleturn|p1a: Staraptor|Protect
|move|p2a: Tyranitar|Rock Slide|p1b: Garchomp|[spread] p1b
|-activate|p1a: Staraptor|move: Protect
|-resisted|p1b: Garchomp|1
|-damage|p1b: Garchomp|86/100
|move|p2b: Corviknight|Brave Bird|p1a: Staraptor
|-activate|p1a: Staraptor|move: Protect
|
|-weather|Sandstorm|[upkeep]
|-damage|p1a: Staraptor|38/100|[from] Sandstorm
|-heal|p2b: Corviknight|32/100|[from] item: Leftovers
|-sideend|p2: Silent Ech0|move: Tailwind
|upkeep
|turn|5
|
|t:|1785375112
|switch|p2a: Garchomp|Garchomp, L50, M|100/100
|move|p2b: Corviknight|Protect|p2b: Corviknight
|-singleturn|p2b: Corviknight|Protect
|move|p1a: Staraptor|Close Combat|p2a: Garchomp
|-damage|p2a: Garchomp|42/100
|-boost|p1a: Staraptor|def|1
|-boost|p1a: Staraptor|spd|1
|-damage|p1a: Staraptor|25/100|[from] ability: Rough Skin|[of] p2a: Garchomp
|move|p1b: Garchomp|Rock Slide|p2b: Corviknight|[spread] p2a
|-activate|p2b: Corviknight|move: Protect
|-resisted|p2a: Garchomp|1
|-damage|p2a: Garchomp|34/100
|-damage|p1b: Garchomp|76/100|[from] item: Life Orb
|
|-weather|Sandstorm|[upkeep]
|-damage|p1a: Staraptor|19/100|[from] Sandstorm
|-heal|p2b: Corviknight|38/100|[from] item: Leftovers
|-sideend|p1: Snowheart94|move: Tailwind
|upkeep
|turn|6
|
|t:|1785375150
|move|p2a: Garchomp|Protect|p2a: Garchomp
|-singleturn|p2a: Garchomp|Protect
|move|p1a: Staraptor|Close Combat|p2b: Corviknight
|-damage|p2b: Corviknight|0 fnt
|-boost|p1a: Staraptor|def|1
|-boost|p1a: Staraptor|spd|1
|faint|p2b: Corviknight
|move|p1b: Garchomp|Dragon Claw|p2a: Garchomp
|-activate|p2a: Garchomp|move: Protect
|
|-weather|Sandstorm|[upkeep]
|-damage|p1a: Staraptor|13/100|[from] Sandstorm
|upkeep
|
|t:|1785375161
|switch|p2b: Tyranitar|Tyranitar, L50, M|100/100
|turn|7
|
|t:|1785375185
|detailschange|p2a: Garchomp|Garchomp-Mega, L50, M
|-mega|p2a: Garchomp|Garchomp|Garchompite
|move|p1b: Garchomp|Protect|p1b: Garchomp
|-singleturn|p1b: Garchomp|Protect
|move|p2b: Tyranitar|Rock Slide|p1a: Staraptor|[spread] 
|-activate|p1b: Garchomp|move: Protect
|-miss|p2b: Tyranitar|p1a: Staraptor
|move|p1a: Staraptor|Close Combat|p2b: Tyranitar
|-supereffective|p2b: Tyranitar|2
|-damage|p2b: Tyranitar|0 fnt
|-boost|p1a: Staraptor|def|1
|-boost|p1a: Staraptor|spd|1
|faint|p2b: Tyranitar
|move|p2a: Garchomp|Draco Meteor|p1b: Garchomp
|-activate|p1b: Garchomp|move: Protect
|
|-weather|Sandstorm|[upkeep]
|-damage|p1a: Staraptor|6/100|[from] Sandstorm
|upkeep
|turn|8
|c|☆Silent Ech0|lol gg mn
|-message|Silent Ech0 forfeited.
|
|win|Snowheart94
|raw|Snowheart94's rating: 1000 → 1040(+40 for winning)
|raw|Silent Ech0's rating: 1000 → 1000(+0 for losing)
|l|☆Silent Ech0
|player|p2|
