|j|☆JohnnyBoy015
|j|☆basedfortnitegamer
|html|JohnnyBoy015basedfortnitegamer    
|uhtml|bestof|Game 2 of a best-of-3
|t:|1756169834
|gametype|doubles
|player|p1|JohnnyBoy015|rosa|1052
|player|p2|basedfortnitegamer|pokefan-gen4|1146
|gen|9
|tier|[Gen 9] VGC 2025 Reg H (Bo3)
|rated|
|rule|Species Clause: Limit one of each Pokémon
|rule|Item Clause: Limit 1 of each item
|clearpoke
|poke|p1|Dragonite, L50, F|
|poke|p1|Typhlosion-Hisui, L50, F|
|poke|p1|Jumpluff, L50, F|
|poke|p1|Torkoal, L50, M|
|poke|p1|Garchomp, L50, M|
|poke|p1|Kingambit, L50, F|
|poke|p2|Incineroar, L50, M|
|poke|p2|Sinistcha-Masterpiece, L50|
|poke|p2|Ursaluna, L50, F|
|poke|p2|Annihilape, L50, F|
|poke|p2|Ninetales-Alola, L50, F|
|poke|p2|Dragonite, L50, M|
|teampreview|4
|showteam|p1|Dragonite||LoadedDice|Multiscale|ScaleShot,IceSpinner,ExtremeSpeed,Protect|||F|||50|,,,,,Steel]Typhlosion-Hisui||ChoiceSpecs|Blaze|Eruption,HeatWave,ShadowBall,Overheat|||F|||50|,,,,,Fire]Jumpluff||CovertCloak|Chlorophyll|LeafStorm,Encore,SleepPowder,Tailwind|||F|||50|,,,,,Poison]Torkoal||EjectPack|Drought|BurningJealousy,Overheat,HelpingHand,Protect|||M|||50|,,,,,Flying]Garchomp||LifeOrb|RoughSkin|DragonClaw,Earthquake,StompingTantrum,Protect|||M|||50|,,,,,Fire]Kingambit||AssaultVest|Defiant|KowtowCleave,IronHead,LowKick,SuckerPunch|||F|||50|,,,,,Flying
|showteam|p2|Incineroar||SafetyGoggles|Intimidate|FlareBlitz,KnockOff,FakeOut,PartingShot|||M|||50|,,,,,Ghost]Sinistcha-Masterpiece||SitrusBerry|Hospitality|MatchaGotcha,RagePowder,TrickRoom,LifeDew||||||50|,,,,,Water]Ursaluna||FlameOrb|Guts|Facade,HeadlongRush,Earthquake,Protect|||F|||50|,,,,,Ghost]Annihilape||FocusSash|Defiant|CloseCombat,RageFist,Coaching,Taunt|||F|||50|,,,,,Flying]Ninetales-Alola||NeverMeltIce|SnowWarning|Blizzard,FreezeDry,AuroraVeil,Protect|||F|||50|,,,,,Ghost]Dragonite||LoadedDice|Multiscale|ScaleShot,Tailwind,Haze,Protect|||M|||50|,,,,,Fairy
|inactive|Battle timer is ON: inactive players will automatically lose when time's up. (requested by basedfortnitegamer)
|inactive|JohnnyBoy015 has 60 seconds left.
|
|t:|1756169879
|teamsize|p1|4
|teamsize|p2|4
|start
|switch|p1a: Typhlosion|Typhlosion-Hisui, L50, F|100/100
|switch|p1b: Torkoal|Torkoal, L50, M|100/100
|switch|p2a: Sinistcha|Sinistcha-Masterpiece, L50|100/100
|switch|p2b: Incineroar|Incineroar, L50, M|100/100
|-ability|p2b: Incineroar|Intimidate|boost
|-unboost|p1a: Typhlosion|atk|1
|-unboost|p1b: Torkoal|atk|1
|-weather|SunnyDay|[from] ability: Drought|[of] p1b: Torkoal
|-enditem|p1b: Torkoal|Eject Pack
|
|t:|1756169889
|switch|p1b: Dragonite|Dragonite, L50, F|100/100
|turn|1
|
|t:|1756169910
|-terastallize|p2a: Sinistcha|Water
|move|p1a: Typhlosion|Eruption|p2b: Incineroar|[spread] p2a,p2b
|-resisted|p2a: Sinistcha
|-resisted|p2b: Incineroar
|-crit|p2b: Incineroar
|-damage|p2a: Sinistcha|38/100
|-damage|p2b: Incineroar|32/100
|-enditem|p2a: Sinistcha|Sitrus Berry|[eat]
|-heal|p2a: Sinistcha|63/100|[from] item: Sitrus Berry
|move|p1b: Dragonite|Scale Shot|p2a: Sinistcha
|-damage|p2a: Sinistcha|51/100
|-damage|p2a: Sinistcha|39/100
|-damage|p2a: Sinistcha|27/100
|-damage|p2a: Sinistcha|15/100
|-hitcount|p2a: Sinistcha|4
|-unboost|p1b: Dragonite|def|1
|-boost|p1b: Dragonite|spe|1
|move|p2b: Incineroar|Knock Off|p1a: Typhlosion
|-supereffective|p1a: Typhlosion
|-damage|p1a: Typhlosion|0 fnt
|-enditem|p1a: Typhlosion|Choice Specs|[from] move: Knock Off|[of] p2b: Incineroar
|faint|p1a: Typhlosion
|move|p2a: Sinistcha|Trick Room|p2a: Sinistcha
|-fieldstart|move: Trick Room|[of] p2a: Sinistcha
|
|-weather|SunnyDay|[upkeep]
|upkeep
|
|t:|1756169933
|switch|p1a: Torkoal|Torkoal, L50, M|100/100
|turn|2
|
|t:|1756169950
|move|p1b: Dragonite|Protect|p1b: Dragonite
|-singleturn|p1b: Dragonite|Protect
|move|p1a: Torkoal|Burning Jealousy|p2a: Sinistcha|[spread] p2a,p2b
|-resisted|p2a: Sinistcha
|-resisted|p2b: Incineroar
|-damage|p2a: Sinistcha|0 fnt
|-damage|p2b: Incineroar|20/100
|faint|p2a: Sinistcha
|move|p2b: Incineroar|Parting Shot|p1a: Torkoal
|-unboost|p1a: Torkoal|atk|1
|-unboost|p1a: Torkoal|spa|1
|
|t:|1756169959
|switch|p2b: Ursaluna|Ursaluna, L50, F|100/100|[from] Parting Shot
|
|-weather|SunnyDay|[upkeep]
|-status|p2b: Ursaluna|brn|[from] item: Flame Orb
|upkeep
|
|t:|1756169960
|switch|p2a: Incineroar|Incineroar, L50, M|20/100
|-ability|p2a: Incineroar|Intimidate|boost
|-unboost|p1a: Torkoal|atk|1
|-unboost|p1b: Dragonite|atk|1
|turn|3
|
|t:|1756169982
|switch|p1a: Kingambit|Kingambit, L50, F|100/100
|move|p2a: Incineroar|Fake Out|p1b: Dragonite
|-damage|p1b: Dragonite|92/100
|cant|p1b: Dragonite|flinch
|move|p2b: Ursaluna|Headlong Rush|p1a: Kingambit
|-supereffective|p1a: Kingambit
|-damage|p1a: Kingambit|0 fnt
|-unboost|p2b: Ursaluna|def|1
|-unboost|p2b: Ursaluna|spd|1
|faint|p1a: Kingambit
|
|-weather|SunnyDay|[upkeep]
|-damage|p2b: Ursaluna|94/100 brn|[from] brn
|upkeep
|
|t:|1756169995
|switch|p1a: Torkoal|Torkoal, L50, M|100/100
|turn|4
|inactive|JohnnyBoy015 has 30 seconds left.
|
|t:|1756170020
|move|p2b: Ursaluna|Protect|p2b: Ursaluna
|-singleturn|p2b: Ursaluna|Protect
|move|p1b: Dragonite|Protect|p1b: Dragonite
|-singleturn|p1b: Dragonite|Protect
|move|p1a: Torkoal|Overheat|p2b: Ursaluna
|-activate|p2b: Ursaluna|move: Protect
|move|p2a: Incineroar|Parting Shot|p1a: Torkoal
|-unboost|p1a: Torkoal|atk|1
|-unboost|p1a: Torkoal|spa|1
|
|t:|1756170032
|switch|p2a: Annihilape|Annihilape, L50, F|100/100|[from] Parting Shot
|
|-weather|SunnyDay|[upkeep]
|-damage|p2b: Ursaluna|88/100 brn|[from] brn
|upkeep
|turn|5
|
|t:|1756170048
|switch|p2b: Incineroar|Incineroar, L50, M|20/100
|-ability|p2b: Incineroar|Intimidate|boost
|-unboost|p1a: Torkoal|atk|1
|-unboost|p1b: Dragonite|atk|1
|move|p1b: Dragonite|Extreme Speed|p2b: Incineroar
|-damage|p2b: Incineroar|7/100
|move|p1a: Torkoal|Overheat|p2b: Incineroar
|-resisted|p2b: Incineroar
|-crit|p2b: Incineroar
|-damage|p2b: Incineroar|0 fnt
|-unboost|p1a: Torkoal|spa|2
|faint|p2b: Incineroar
|move|p2a: Annihilape|Rage Fist|p1b: Dragonite
|-damage|p1b: Dragonite|53/100
|
|-weather|none
|-fieldend|move: Trick Room
|upkeep
|
|t:|1756170060
|switch|p2b: Ursaluna|Ursaluna, L50, F|88/100 brn
|turn|6
|inactive|JohnnyBoy015 has 30 seconds left.
|
|t:|1756170088
|-terastallize|p1a: Torkoal|Flying
|move|p1b: Dragonite|Protect|p1b: Dragonite
|-singleturn|p1b: Dragonite|Protect
|move|p2a: Annihilape|Close Combat|p1a: Torkoal
|-resisted|p1a: Torkoal
|-crit|p1a: Torkoal
|-damage|p1a: Torkoal|68/100
|-unboost|p2a: Annihilape|def|1
|-unboost|p2a: Annihilape|spd|1
|move|p2b: Ursaluna|Facade|p1b: Dragonite
|-activate|p1b: Dragonite|move: Protect
|move|p1a: Torkoal|Overheat|p2b: Ursaluna
|-damage|p2b: Ursaluna|67/100 brn
|-unboost|p1a: Torkoal|spa|2
|
|-damage|p2b: Ursaluna|61/100 brn|[from] brn
|upkeep
|turn|7
|inactive|basedfortnitegamer has 30 seconds left.
|
|t:|1756170117
|move|p1a: Torkoal|Helping Hand|p1b: Dragonite
|-singleturn|p1b: Dragonite|Helping Hand|[of] p1a: Torkoal
|move|p1b: Dragonite|Scale Shot|p2b: Ursaluna
|-damage|p2b: Ursaluna|53/100 brn
|-damage|p2b: Ursaluna|44/100 brn
|-damage|p2b: Ursaluna|36/100 brn
|-damage|p2b: Ursaluna|28/100 brn
|-damage|p2b: Ursaluna|21/100 brn
|-hitcount|p2b: Ursaluna|5
|-unboost|p1b: Dragonite|def|1
|-boost|p1b: Dragonite|spe|1
|move|p2a: Annihilape|Rage Fist|p1b: Dragonite
|-damage|p1b: Dragonite|1/100
|move|p2b: Ursaluna|Facade|p1b: Dragonite
|-damage|p1b: Dragonite|0 fnt
|faint|p1b: Dragonite
|
|-damage|p2b: Ursaluna|14/100 brn|[from] brn
|upkeep
|turn|8
|
|t:|1756170139
|move|p1a: Torkoal|Protect|p1a: Torkoal
|-singleturn|p1a: Torkoal|Protect
|move|p2a: Annihilape|Rage Fist|p1a: Torkoal
|-activate|p1a: Torkoal|move: Protect
|move|p2b: Ursaluna|Facade|p1a: Torkoal
|-activate|p1a: Torkoal|move: Protect
|
|-damage|p2b: Ursaluna|8/100 brn|[from] brn
|upkeep
|turn|9
|
|t:|1756170149
|move|p1a: Torkoal|Protect||[still]
|-fail|p1a: Torkoal
|move|p2a: Annihilape|Rage Fist|p1a: Torkoal
|-damage|p1a: Torkoal|50/100
|move|p2b: Ursaluna|Facade|p1a: Torkoal
|-damage|p1a: Torkoal|0 fnt
|faint|p1a: Torkoal
|
|win|basedfortnitegamer
|raw|JohnnyBoy015's rating: 1052 → 1039(-13 for losing)
|raw|basedfortnitegamer's rating: 1146 → 1164(+18 for winning)
|l|☆JohnnyBoy015
|player|p1|
