|j|☆prod_axel
|j|☆cjvaldez
|html|prod_axelcjvaldez    
|uhtml|bestof|Game 3 of a best-of-3
|t:|1782232979
|gametype|doubles
|player|p1|prod_axel|unknown|1112
|player|p2|cjvaldez|aaron|1129
|gen|9
|tier|[Gen 9 Champions] VGC 2026 Reg M-B (Bo3)
|rated|
|rule|Species Clause: Limit one of each Pokémon
|rule|Item Clause: Limit 1 of each item
|clearpoke
|poke|p1|Delphox, L50, M|
|poke|p1|Floette-Eternal, L50, F|
|poke|p1|Kingambit, L50, M|
|poke|p1|Sneasler, L50, F|
|poke|p1|Incineroar, L50, F|
|poke|p1|Sinistcha, L50|
|poke|p2|Pyroar, L50, M|
|poke|p2|Ninetales, L50, F|
|poke|p2|Whimsicott, L50, F|
|poke|p2|Basculegion, L50, M|
|poke|p2|Farigiraf, L50, M|
|poke|p2|Dragalge, L50, M|
|teampreview|4
|showteam|p1|Delphox||Delphoxite|Blaze|HeatWave,Psyshock,NastyPlot,Protect|Timid||M|||50|]Floette-Eternal||Floettite|FlowerVeil|Moonblast,DazzlingGleam,CalmMind,Protect|Modest||F|||50|]Kingambit||BlackGlasses|Defiant|KowtowCleave,SuckerPunch,SwordsDance,Protect|Adamant||M|||50|]Sneasler||FocusSash|PoisonTouch|FakeOut,CloseCombat,DireClaw,QuickGuard|Jolly||F|||50|]Incineroar||SitrusBerry|Intimidate|PartingShot,FlareBlitz,ThroatChop,FakeOut|Impish||F|||50|]Sinistcha||KasibBerry|Hospitality|RagePowder,MatchaGotcha,TrickRoom,Protect|Bold|||||50|
|showteam|p2|Pyroar||Pyroarite|Unnerve|HeatWave,Overheat,SolarBeam,Protect|Modest||M|||50|]Ninetales||ChoiceScarf|Drought|FakeTears,SolarBeam,Overheat,HeatWave|Modest||F|||50|]Whimsicott||FocusSash|Prankster|Moonblast,Tailwind,SunnyDay,Protect|Timid||F|||50|]Basculegion||LifeOrb|Adaptability|WaveCrash,LastRespects,AquaJet,Protect|Adamant||M|||50|]Farigiraf||SitrusBerry|ArmorTail|Psychic,Thunderbolt,TrickRoom,HelpingHand|Quiet||M|||50|]Dragalge||Dragalgite|Adaptability|DracoMeteor,SludgeBomb,Protect,AcidArmor|Modest||M|||50|
|inactive|Battle timer is ON: inactive players will automatically lose when time's up. (requested by prod_axel)
|inactive|prod_axel has 60 seconds left.
|
|t:|1782233012
|teamsize|p1|4
|teamsize|p2|4
|start
|switch|p1a: Delphox|Delphox, L50, M|100/100
|switch|p1b: Incineroar|Incineroar, L50, F|100/100
|switch|p2a: Pyroar|Pyroar, L50, M|100/100
|switch|p2b: Ninetales|Ninetales, L50, F|100/100
|-ability|p2a: Pyroar|Unnerve
|-weather|SunnyDay|[from] ability: Drought|[of] p2b: Ninetales
|-ability|p1b: Incineroar|Intimidate|boost
|-unboost|p2a: Pyroar|atk|1
|-unboost|p2b: Ninetales|atk|1
|turn|1
|inactive|prod_axel has 30 seconds left.
|inactive|cjvaldez has 30 seconds left.
|inactive|cjvaldez has 20 seconds left.
|inactive|cjvaldez has 15 seconds left.
|inactive|cjvaldez has 10 seconds left.
|inactive|cjvaldez has 5 seconds left.
|
|t:|1782233066
|detailschange|p2a: Pyroar|Pyroar-Mega, L50, M
|-mega|p2a: Pyroar|Pyroar|Pyroarite
|detailschange|p1a: Delphox|Delphox-Mega, L50, M
|-mega|p1a: Delphox|Delphox|Delphoxite
|move|p2a: Pyroar|Protect|p2a: Pyroar
|-singleturn|p2a: Pyroar|Protect
|move|p1b: Incineroar|Fake Out|p2a: Pyroar
|-activate|p2a: Pyroar|move: Protect
|move|p2b: Ninetales|Fake Tears|p1a: Delphox
|-unboost|p1a: Delphox|spd|2
|move|p1a: Delphox|Nasty Plot|p1a: Delphox
|-boost|p1a: Delphox|spa|2
|
|-weather|SunnyDay|[upkeep]
|upkeep
|turn|2
|inactive|prod_axel has 30 seconds left.
|inactive|prod_axel has 20 seconds left.
|
|t:|1782233101
|switch|p2b: Whimsicott|Whimsicott, L50, F|100/100
|move|p2a: Pyroar|Protect|p2a: Pyroar
|-singleturn|p2a: Pyroar|Protect
|move|p1a: Delphox|Psyshock|p2a: Pyroar
|-activate|p2a: Pyroar|move: Protect
|move|p1b: Incineroar|Parting Shot|p2a: Pyroar
|-activate|p2a: Pyroar|move: Protect
|
|-weather|SunnyDay|[upkeep]
|upkeep
|turn|3
|inactive|prod_axel has 30 seconds left.
|inactive|prod_axel has 20 seconds left.
|
|t:|1782233138
|move|p1a: Delphox|Protect|p1a: Delphox
|-singleturn|p1a: Delphox|Protect
|move|p2b: Whimsicott|Tailwind|p2b: Whimsicott
|-sidestart|p2: cjvaldez|move: Tailwind
|move|p2a: Pyroar|Heat Wave|p1a: Delphox|[spread] p1b
|-activate|p1a: Delphox|move: Protect
|-resisted|p1b: Incineroar|1
|-damage|p1b: Incineroar|62/100
|move|p1b: Incineroar|Parting Shot|p2a: Pyroar
|-unboost|p2a: Pyroar|atk|1
|-unboost|p2a: Pyroar|spa|1
|
|t:|1782233144
|switch|p1b: Kingambit|Kingambit, L50, M|100/100|[from] Parting Shot
|
|-weather|SunnyDay|[upkeep]
|upkeep
|turn|4
|
|t:|1782233162
|switch|p1a: Incineroar|Incineroar, L50, F|62/100
|-ability|p1a: Incineroar|Intimidate|boost
|-unboost|p2a: Pyroar|atk|1
|-unboost|p2b: Whimsicott|atk|1
|move|p1b: Kingambit|Protect|p1b: Kingambit
|-singleturn|p1b: Kingambit|Protect
|move|p2b: Whimsicott|Moonblast|p1a: Incineroar
|-damage|p1a: Incineroar|33/100
|-enditem|p1a: Incineroar|Sitrus Berry|[eat]
|-heal|p1a: Incineroar|57/100|[from] item: Sitrus Berry
|move|p2a: Pyroar|Heat Wave|p1b: Kingambit|[spread] p1a
|-activate|p1b: Kingambit|move: Protect
|-resisted|p1a: Incineroar|1
|-damage|p1a: Incineroar|33/100
|
|-weather|SunnyDay|[upkeep]
|upkeep
|turn|5
|
|t:|1782233181
|switch|p2a: Farigiraf|Farigiraf, L50, M|100/100
|move|p2b: Whimsicott|Protect|p2b: Whimsicott
|-singleturn|p2b: Whimsicott|Protect
|move|p1a: Incineroar|Fake Out||[still]
|cant|p2a: Farigiraf|ability: Armor Tail|Fake Out|[of] p1a: Incineroar
|move|p1b: Kingambit|Swords Dance|p1b: Kingambit
|-boost|p1b: Kingambit|atk|2
|
|-weather|none
|upkeep
|turn|6
|
|t:|1782233203
|move|p2a: Farigiraf|Helping Hand|p2b: Whimsicott
|-singleturn|p2b: Whimsicott|Helping Hand|[of] p2a: Farigiraf
|move|p2b: Whimsicott|Moonblast|p1b: Kingambit
|-damage|p1b: Kingambit|50/100g
|move|p1a: Incineroar|Flare Blitz|p2b: Whimsicott
|-supereffective|p2b: Whimsicott|1
|-enditem|p2b: Whimsicott|Focus Sash
|-damage|p2b: Whimsicott|1/100
|-damage|p1a: Incineroar|10/100|[from] Recoil
|move|p1b: Kingambit|Kowtow Cleave|p2a: Farigiraf
|-supereffective|p2a: Farigiraf|1
|-damage|p2a: Farigiraf|0 fnt
|faint|p2a: Farigiraf
|
|-sideend|p2: cjvaldez|move: Tailwind
|upkeep
|
|t:|1782233220
|switch|p2a: Ninetales|Ninetales, L50, F|100/100
|-weather|SunnyDay|[from] ability: Drought|[of] p2a: Ninetales
|turn|7
|
|t:|1782233235
|move|p1b: Kingambit|Protect|p1b: Kingambit
|-singleturn|p1b: Kingambit|Protect
|move|p2b: Whimsicott|Tailwind|p2b: Whimsicott
|-sidestart|p2: cjvaldez|move: Tailwind
|move|p2a: Ninetales|Heat Wave|p1b: Kingambit|[spread] p1a
|-activate|p1b: Kingambit|move: Protect
|-resisted|p1a: Incineroar|1
|-damage|p1a: Incineroar|0 fnt
|faint|p1a: Incineroar
|
|-weather|SunnyDay|[upkeep]
|upkeep
|
|t:|1782233243
|switch|p1a: Delphox|Delphox-Mega, L50, M|100/100
|turn|8
|
|t:|1782233266
|move|p1b: Kingambit|Sucker Punch|p2b: Whimsicott
|-resisted|p2b: Whimsicott|1
|-damage|p2b: Whimsicott|0 fnt
|faint|p2b: Whimsicott
|move|p2a: Ninetales|Heat Wave|p1b: Kingambit|[spread] p1a,p1b
|-resisted|p1a: Delphox|1
|-supereffective|p1b: Kingambit|1
|-damage|p1a: Delphox|82/100
|-damage|p1b: Kingambit|0 fnt
|faint|p1b: Kingambit
|move|p1a: Delphox|Psyshock|p2a: Ninetales
|-damage|p2a: Ninetales|37/100
|
|-weather|SunnyDay|[upkeep]
|upkeep
|
|t:|1782233276
|switch|p2b: Pyroar|Pyroar-Mega, L50, M|100/100
|switch|p1b: Sinistcha|Sinistcha, L50|100/100
|-heal|p1a: Delphox|100/100|[from] ability: Hospitality|[of] p1b: Sinistcha
|turn|9
|
|t:|1782233281
|move|p1b: Sinistcha|Protect|p1b: Sinistcha
|-singleturn|p1b: Sinistcha|Protect
|move|p2a: Ninetales|Heat Wave|p1a: Delphox|[spread] p1a
|-activate|p1b: Sinistcha|move: Protect
|-resisted|p1a: Delphox|1
|-damage|p1a: Delphox|82/100
|move|p2b: Pyroar|Heat Wave|p1b: Sinistcha|[spread] p1a
|-activate|p1b: Sinistcha|move: Protect
|-resisted|p1a: Delphox|1
|-damage|p1a: Delphox|48/100
|move|p1a: Delphox|Nasty Plot|p1a: Delphox
|-boost|p1a: Delphox|spa|2
|
|-weather|SunnyDay|[upkeep]
|upkeep
|turn|10
|
|t:|1782233296
|move|p1a: Delphox|Protect|p1a: Delphox
|-singleturn|p1a: Delphox|Protect
|move|p2a: Ninetales|Heat Wave|p1b: Sinistcha|[spread] p1b
|-activate|p1a: Delphox|move: Protect
|-supereffective|p1b: Sinistcha|1
|-damage|p1b: Sinistcha|14/100
|move|p2b: Pyroar|Heat Wave|p1b: Sinistcha|[spread] p1b
|-activate|p1a: Delphox|move: Protect
|-supereffective|p1b: Sinistcha|1
|-damage|p1b: Sinistcha|0 fnt
|faint|p1b: Sinistcha
|
|-weather|SunnyDay|[upkeep]
|-sideend|p2: cjvaldez|move: Tailwind
|upkeep
|turn|11
|
|t:|1782233313
|move|p2a: Ninetales|Heat Wave|p1a: Delphox
|-resisted|p1a: Delphox|1
|-damage|p1a: Delphox|25/100
|move|p1a: Delphox|Psyshock|p2a: Ninetales
|-damage|p2a: Ninetales|0 fnt
|faint|p2a: Ninetales
|move|p2b: Pyroar|Heat Wave|p1a: Delphox
|-resisted|p1a: Delphox|1
|-damage|p1a: Delphox|0 fnt
|faint|p1a: Delphox
|
|win|cjvaldez
|raw|prod_axel's rating: 1112 → 1088(-24 for losing)
|raw|cjvaldez's rating: 1129 → 1153(+24 for winning)
|l|☆cjvaldez
|player|p2|
