|j|☆endK649
|j|☆ExpoSniffer
|html|endK649ExpoSniffer    
|uhtml|bestof|Game 2 of a best-of-3
|t:|1757095502
|gametype|doubles
|player|p1|endK649|gambler|1075
|player|p2|ExpoSniffer|2|1000
|gen|9
|tier|[Gen 9] VGC 2025 Reg H (Bo3)
|rated|
|rule|Species Clause: Limit one of each Pokémon
|rule|Item Clause: Limit 1 of each item
|clearpoke
|poke|p1|Baxcalibur, L50, F|
|poke|p1|Volcarona, L50, F|
|poke|p1|Rillaboom, L50, F|
|poke|p1|Kingambit, L50, F|
|poke|p1|Dondozo, L50, M|
|poke|p1|Sneasler, L50, F|
|poke|p2|Gholdengo, L50|
|poke|p2|Dragonite, L50, M|
|poke|p2|Ursaluna-Bloodmoon, L50, M|
|poke|p2|Ninetales-Alola, L50, M|
|poke|p2|Annihilape, L50, F|
|poke|p2|Incineroar, L50, F|
|teampreview|4
|showteam|p1|Baxcalibur||LoadedDice|ThermalExchange|IcicleSpear,ScaleShot,IceShard,Protect|||F|||50|,,,,,Ghost]Volcarona||CovertCloak|FlameBody|HeatWave,TeraBlast,QuiverDance,RagePowder|||F|||50|,,,,,Fairy]Rillaboom||AssaultVest|GrassySurge|GrassyGlide,WoodHammer,HighHorsepower,FakeOut|||F|||50|,,,,,Water]Kingambit||SafetyGoggles|Defiant|KowtowCleave,SuckerPunch,SwordsDance,Protect|||F|||50|,,,,,Dark]Dondozo||Leftovers|Unaware|WaveCrash,Fissure,Curse,Protect|||M|||50|,,,,,Bug]Sneasler||FocusSash|PoisonTouch|DireClaw,CloseCombat,Coaching,Protect|||F|||50|,,,,,Ghost
|showteam|p2|Gholdengo||MetalCoat|GoodasGold|MakeItRain,ShadowBall,NastyPlot,Protect||||||50|,,,,,Water]Dragonite||LoadedDice|Multiscale|ScaleShot,ExtremeSpeed,Haze,Protect|||M|||50|,,,,,Steel]Ursaluna-Bloodmoon||AssaultVest|MindsEye|BloodMoon,HyperVoice,EarthPower,VacuumWave|||M|||50|,,,,,Water]Ninetales-Alola||FocusSash|SnowWarning|Blizzard,IcyWind,AuroraVeil,IcicleSpear|||M|||50|,,,,,Ghost]Annihilape||SafetyGoggles|Defiant|CloseCombat,RageFist,Coaching,Taunt|||F|||50|,,,,,Fire]Incineroar||RockyHelmet|Intimidate|KnockOff,FlareBlitz,PartingShot,FakeOut|||F|||50|,,,,,Ghost
|inactive|Battle timer is ON: inactive players will automatically lose when time's up. (requested by ExpoSniffer)
|
|t:|1757095540
|teamsize|p1|4
|teamsize|p2|4
|start
|switch|p1a: Dondozo|Dondozo, L50, M, shiny|100/100
|switch|p1b: Sneasler|Sneasler, L50, F, shiny|100/100
|switch|p2a: icy wind mishtile|Ninetales-Alola, L50, M|100/100
|switch|p2b: gholdeggo|Gholdengo, L50|100/100
|-weather|Snowscape|[from] ability: Snow Warning|[of] p2a: icy wind mishtile
|turn|1
|
|t:|1757095558
|move|p2a: icy wind mishtile|Icy Wind|p1b: Sneasler|[spread] p1a,p1b
|-resisted|p1a: Dondozo
|-damage|p1a: Dondozo|96/100
|-damage|p1b: Sneasler|81/100
|-unboost|p1a: Dondozo|spe|1
|-unboost|p1b: Sneasler|spe|1
|move|p2b: gholdeggo|Nasty Plot|p2b: gholdeggo
|-boost|p2b: gholdeggo|spa|2
|move|p1b: Sneasler|Dire Claw|p2a: icy wind mishtile
|-supereffective|p2a: icy wind mishtile
|-damage|p2a: icy wind mishtile|10/100
|-status|p2a: icy wind mishtile|slp
|move|p1a: Dondozo|Fissure|p2b: gholdeggo|[miss]
|-miss|p1a: Dondozo|p2b: gholdeggo
|
|-weather|Snowscape|[upkeep]
|-heal|p1a: Dondozo|100/100|[from] item: Leftovers
|upkeep
|turn|2
|
|t:|1757095578
|switch|p1b: Kingambit|Kingambit, L50, F, shiny|100/100
|cant|p2a: icy wind mishtile|slp
|move|p2b: gholdeggo|Nasty Plot|p2b: gholdeggo
|-boost|p2b: gholdeggo|spa|2
|move|p1a: Dondozo|Fissure|p2b: gholdeggo|[miss]
|-miss|p1a: Dondozo|p2b: gholdeggo
|
|-weather|Snowscape|[upkeep]
|upkeep
|turn|3
|inactive|ExpoSniffer has 30 seconds left.
|
|t:|1757095612
|-terastallize|p2b: gholdeggo|Water
|-curestatus|p2a: icy wind mishtile|slp|[msg]
|move|p2a: icy wind mishtile|Blizzard|p1b: Kingambit|[spread] p1a,p1b
|-resisted|p1a: Dondozo
|-resisted|p1b: Kingambit
|-damage|p1a: Dondozo|89/100
|-damage|p1b: Kingambit|84/100
|move|p2b: gholdeggo|Make It Rain|p1b: Kingambit|[spread] p1a,p1b
|-resisted|p1a: Dondozo
|-resisted|p1b: Kingambit
|-damage|p1a: Dondozo|70/100
|-damage|p1b: Kingambit|5/100
|-unboost|p2b: gholdeggo|spa|1
|move|p1b: Kingambit|Swords Dance|p1b: Kingambit
|-boost|p1b: Kingambit|atk|2
|move|p1a: Dondozo|Fissure|p2b: gholdeggo
|-damage|p2b: gholdeggo|0 fnt
|faint|p2b: gholdeggo
|-ohko
|
|-weather|Snowscape|[upkeep]
|-heal|p1a: Dondozo|76/100|[from] item: Leftovers
|upkeep
|
|t:|1757095627
|switch|p2b: STOPMISHSCALESHOT|Dragonite, L50, M|100/100
|turn|4
|inactive|endK649 has 30 seconds left.
|
|t:|1757095661
|move|p1b: Kingambit|Sucker Punch||[still]
|-fail|p1b: Kingambit
|move|p2a: icy wind mishtile|Aurora Veil|p2a: icy wind mishtile
|-sidestart|p2: ExpoSniffer|move: Aurora Veil
|move|p2b: STOPMISHSCALESHOT|Scale Shot|p1b: Kingambit
|-resisted|p1b: Kingambit
|-damage|p1b: Kingambit|0 fnt
|faint|p1b: Kingambit
|-hitcount|p1: Kingambit|1
|-unboost|p2b: STOPMISHSCALESHOT|def|1
|-boost|p2b: STOPMISHSCALESHOT|spe|1
|move|p1a: Dondozo|Curse|p1a: Dondozo
|-unboost|p1a: Dondozo|spe|1
|-boost|p1a: Dondozo|atk|1
|-boost|p1a: Dondozo|def|1
|
|-weather|Snowscape|[upkeep]
|-heal|p1a: Dondozo|83/100|[from] item: Leftovers
|upkeep
|
|t:|1757095671
|switch|p1b: Sneasler|Sneasler, L50, F, shiny|81/100
|turn|5
|
|t:|1757095685
|move|p1b: Sneasler|Protect|p1b: Sneasler
|-singleturn|p1b: Sneasler|Protect
|move|p2b: STOPMISHSCALESHOT|Haze|p2b: STOPMISHSCALESHOT
|-clearallboost
|move|p2a: icy wind mishtile|Blizzard|p1b: Sneasler|[spread] p1a
|-activate|p1b: Sneasler|move: Protect
|-resisted|p1a: Dondozo
|-damage|p1a: Dondozo|72/100
|-status|p1a: Dondozo|frz
|-curestatus|p1a: Dondozo|frz|[msg]
|move|p1a: Dondozo|Curse|p1a: Dondozo
|-unboost|p1a: Dondozo|spe|1
|-boost|p1a: Dondozo|atk|1
|-boost|p1a: Dondozo|def|1
|
|-weather|none
|-heal|p1a: Dondozo|78/100|[from] item: Leftovers
|upkeep
|turn|6
|inactive|ExpoSniffer has 30 seconds left.
|
|t:|1757095720
|move|p2a: icy wind mishtile|Icy Wind|p1a: Dondozo|[spread] p1a,p1b
|-resisted|p1a: Dondozo
|-damage|p1a: Dondozo|74/100
|-damage|p1b: Sneasler|59/100
|-unboost|p1a: Dondozo|spe|1
|-unboost|p1b: Sneasler|spe|1
|move|p2b: STOPMISHSCALESHOT|Scale Shot|p1b: Sneasler
|-damage|p1b: Sneasler|31/100
|-damage|p1b: Sneasler|6/100
|-damage|p1b: Sneasler|0 fnt
|faint|p1b: Sneasler
|-hitcount|p1: Sneasler|3
|-unboost|p2b: STOPMISHSCALESHOT|def|1
|-boost|p2b: STOPMISHSCALESHOT|spe|1
|move|p1a: Dondozo|Curse|p1a: Dondozo
|-unboost|p1a: Dondozo|spe|1
|-boost|p1a: Dondozo|atk|1
|-boost|p1a: Dondozo|def|1
|
|-heal|p1a: Dondozo|80/100|[from] item: Leftovers
|upkeep
|
|t:|1757095726
|switch|p1b: Volcarona|Volcarona, L50, F, shiny|100/100
|turn|7
|
|t:|1757095738
|-terastallize|p1b: Volcarona|Fairy
|move|p2b: STOPMISHSCALESHOT|Scale Shot|p1a: Dondozo
|-damage|p1a: Dondozo|75/100
|-damage|p1a: Dondozo|70/100
|-damage|p1a: Dondozo|65/100
|-damage|p1a: Dondozo|60/100
|-hitcount|p1a: Dondozo|4
|-unboost|p2b: STOPMISHSCALESHOT|def|1
|-boost|p2b: STOPMISHSCALESHOT|spe|1
|move|p2a: icy wind mishtile|Icy Wind|p1a: Dondozo|[spread] p1a,p1b
|-resisted|p1a: Dondozo
|-damage|p1a: Dondozo|55/100
|-damage|p1b: Volcarona|87/100
|-unboost|p1a: Dondozo|spe|1
|move|p1b: Volcarona|Quiver Dance|p1b: Volcarona
|-boost|p1b: Volcarona|spa|1
|-boost|p1b: Volcarona|spd|1
|-boost|p1b: Volcarona|spe|1
|move|p1a: Dondozo|Wave Crash|p2b: STOPMISHSCALESHOT
|-resisted|p2b: STOPMISHSCALESHOT
|-damage|p2b: STOPMISHSCALESHOT|85/100
|-damage|p1a: Dondozo|52/100|[from] Recoil
|
|-heal|p1a: Dondozo|58/100|[from] item: Leftovers
|upkeep
|turn|8
|
|t:|1757095751
|switch|p2a: Pimpletile|Ursaluna-Bloodmoon, L50, M|100/100
|move|p2b: STOPMISHSCALESHOT|Haze|p2b: STOPMISHSCALESHOT
|-clearallboost
|move|p1b: Volcarona|Heat Wave|p2b: STOPMISHSCALESHOT|[spread] p2b
|-miss|p1b: Volcarona|p2a: Pimpletile
|-resisted|p2b: STOPMISHSCALESHOT
|-damage|p2b: STOPMISHSCALESHOT|73/100
|move|p1a: Dondozo|Wave Crash|p2b: STOPMISHSCALESHOT
|-resisted|p2b: STOPMISHSCALESHOT
|-damage|p2b: STOPMISHSCALESHOT|57/100
|-damage|p1a: Dondozo|54/100|[from] Recoil
|
|-heal|p1a: Dondozo|61/100|[from] item: Leftovers
|-sideend|p2: ExpoSniffer|move: Aurora Veil
|upkeep
|turn|9
|
|t:|1757095771
|move|p1b: Volcarona|Heat Wave|p2a: Pimpletile|[spread] p2a,p2b
|-resisted|p2b: STOPMISHSCALESHOT
|-damage|p2a: Pimpletile|72/100
|-damage|p2b: STOPMISHSCALESHOT|39/100
|move|p2b: STOPMISHSCALESHOT|Scale Shot|p1a: Dondozo
|-damage|p1a: Dondozo|51/100
|-damage|p1a: Dondozo|42/100
|-damage|p1a: Dondozo|32/100
|-damage|p1a: Dondozo|22/100
|-hitcount|p1a: Dondozo|4
|-unboost|p2b: STOPMISHSCALESHOT|def|1
|-boost|p2b: STOPMISHSCALESHOT|spe|1
|move|p2a: Pimpletile|Blood Moon|p1b: Volcarona
|-damage|p1b: Volcarona|14/100
|move|p1a: Dondozo|Wave Crash|p2a: Pimpletile
|-supereffective|p2a: Pimpletile
|-damage|p2a: Pimpletile|14/100
|-damage|p1a: Dondozo|6/100|[from] Recoil
|
|-heal|p1a: Dondozo|12/100|[from] item: Leftovers
|upkeep
|turn|10
|inactive|endK649 has 30 seconds left.
|
|t:|1757095805
|move|p2b: STOPMISHSCALESHOT|Extreme Speed|p1b: Volcarona
|-damage|p1b: Volcarona|0 fnt
|-status|p2b: STOPMISHSCALESHOT|brn|[from] ability: Flame Body|[of] p1b: Volcarona
|faint|p1b: Volcarona
|move|p2a: Pimpletile|Hyper Voice|p1a: Dondozo
|-crit|p1a: Dondozo
|-damage|p1a: Dondozo|0 fnt
|faint|p1a: Dondozo
|
|win|ExpoSniffer
||endK649 is ready for game 3.
||ExpoSniffer is ready for game 3.
|uhtml|next|Next: Game 3 of 3
|l|☆ExpoSniffer
|player|p2|
