|j|☆uglybeast
|j|☆Zengikk
|html|uglybeastZengikk    
|uhtml|bestof|Game 3 of a best-of-3
|t:|1756912258
|gametype|doubles
|player|p1|uglybeast|lucas|1313
|player|p2|Zengikk|giovanni|1176
|gen|9
|tier|[Gen 9] VGC 2025 Reg H (Bo3)
|rated|
|rule|Species Clause: Limit one of each Pokémon
|rule|Item Clause: Limit 1 of each item
|clearpoke
|poke|p1|Murkrow, L50, F|
|poke|p1|Ursaluna-Bloodmoon, L50, M|
|poke|p1|Sneasler, L50, M|
|poke|p1|Dragapult, L50, F|
|poke|p1|Armarouge, L50, M|
|poke|p1|Indeedee-F, L50, F|
|poke|p2|Sneasler, L50, M|
|poke|p2|Dragapult, L50, M|
|poke|p2|Primarina, L50, F|
|poke|p2|Rillaboom, L50, F|
|poke|p2|Kingambit, L50, F|
|poke|p2|Magmar, L50, F|
|teampreview|4
|showteam|p1|Murkrow||Eviolite|Prankster|Haze,SunnyDay,Tailwind,BraveBird|||F|||50|,,,,,Ghost]Ursaluna-Bloodmoon||LifeOrb|MindsEye|BloodMoon,HyperVoice,Protect,EarthPower|||M|||50|,,,,,Normal]Sneasler||PsychicSeed|Unburden|ThroatChop,DireClaw,CloseCombat,Protect|||M|||50|,,,,,Dark]Dragapult||ChoiceBand|ClearBody|DragonDarts,Outrage,Uturn,PhantomForce|||F|||50|,,,,,Dragon]Armarouge||PowerHerb|FlashFire|HeatWave,MeteorBeam,ExpandingForce,Protect|||M|||50|,,,,,Grass]Indeedee-F||RockyHelmet|PsychicSurge|DazzlingGleam,FollowMe,HelpingHand,TrickRoom|||F|||50|,,,,,Grass
|showteam|p2|Sneasler||FocusSash|PoisonTouch|CloseCombat,DireClaw,FakeOut,Protect|||M|||50|,,,,,Stellar]Dragapult||ChoiceBand|ClearBody|DragonDarts,TeraBlast,PhantomForce,Uturn|||M|||50|,,,,,Ghost]Primarina||SitrusBerry|LiquidVoice|HyperVoice,Moonblast,Haze,Protect|||F|||50|,,,,,Water]Rillaboom||AssaultVest|GrassySurge|WoodHammer,GrassyGlide,HighHorsepower,FakeOut|||F|||50|,,,,,Fire]Kingambit||BlackGlasses|Defiant|KowtowCleave,SuckerPunch,SwordsDance,Protect|||F|||50|,,,,,Ghost]Magmar||Eviolite|VitalSpirit|Overheat,WillOWisp,FollowMe,Protect|||F|||50|,,,,,Ghost
|inactive|Battle timer is ON: inactive players will automatically lose when time's up. (requested by Zengikk)
|inactive|uglybeast has 60 seconds left.
|
|t:|1756912299
|teamsize|p1|4
|teamsize|p2|4
|start
|switch|p1a: Blade|Indeedee-F, L50, F|100/100
|switch|p1b: Anagnoman|Sneasler, L50, M|100/100
|switch|p2a: Dragapult|Dragapult, L50, M|100/100
|switch|p2b: Kingambit|Kingambit, L50, F|100/100
|-fieldstart|move: Psychic Terrain|[from] ability: Psychic Surge|[of] p1a: Blade
|-enditem|p1b: Anagnoman|Psychic Seed
|-boost|p1b: Anagnoman|spd|1|[from] item: Psychic Seed
|turn|1
|inactive|uglybeast has 30 seconds left.
|inactive|Zengikk has 30 seconds left.
|inactive|Zengikk has 20 seconds left.
|
|t:|1756912337
|switch|p2a: Rillaboom|Rillaboom, L50, F|100/100
|-fieldstart|move: Grassy Terrain|[from] ability: Grassy Surge|[of] p2a: Rillaboom
|move|p1a: Blade|Helping Hand|p1b: Anagnoman
|-singleturn|p1b: Anagnoman|Helping Hand|[of] p1a: Blade
|move|p2b: Kingambit|Protect|p2b: Kingambit
|-singleturn|p2b: Kingambit|Protect
|move|p1b: Anagnoman|Throat Chop|p2a: Rillaboom
|-damage|p2a: Rillaboom|52/100
|-start|p2a: Rillaboom|Throat Chop|[silent]
|
|-heal|p2a: Rillaboom|58/100|[from] Grassy Terrain
|upkeep
|turn|2
|
|t:|1756912361
|switch|p1a: Kwstas|Murkrow, L50, F|100/100
|-terastallize|p2b: Kingambit|Ghost
|move|p1b: Anagnoman|Protect|p1b: Anagnoman
|-singleturn|p1b: Anagnoman|Protect
|move|p2a: Rillaboom|Fake Out|p1b: Anagnoman
|-activate|p1b: Anagnoman|move: Protect
|move|p2b: Kingambit|Swords Dance|p2b: Kingambit
|-boost|p2b: Kingambit|atk|2
|
|-heal|p2a: Rillaboom|64/100|[from] Grassy Terrain
|-end|p2a: Rillaboom|Throat Chop|[silent]
|upkeep
|turn|3
|inactive|Zengikk has 30 seconds left.
|
|t:|1756912393
|switch|p2a: Sneasler|Sneasler, L50, M|100/100
|move|p2b: Kingambit|Protect|p2b: Kingambit
|-singleturn|p2b: Kingambit|Protect
|move|p1a: Kwstas|Haze|p1a: Kwstas
|-clearallboost
|move|p1b: Anagnoman|Dire Claw|p2a: Sneasler
|-resisted|p2a: Sneasler
|-damage|p2a: Sneasler|62/100
|-status|p2a: Sneasler|par
|
|-heal|p2a: Sneasler|68/100 par|[from] Grassy Terrain
|upkeep
|turn|4
|
|t:|1756912414
|-terastallize|p1b: Anagnoman|Dark
|move|p1b: Anagnoman|Throat Chop|p2b: Kingambit
|-supereffective|p2b: Kingambit
|-damage|p2b: Kingambit|24/100
|-start|p2b: Kingambit|Throat Chop|[silent]
|move|p1a: Kwstas|Brave Bird|p2a: Sneasler
|-supereffective|p2a: Sneasler
|-damage|p2a: Sneasler|0 fnt
|faint|p2a: Sneasler
|-damage|p1a: Kwstas|79/100|[from] Recoil
|move|p2b: Kingambit|Kowtow Cleave|p1b: Anagnoman
|-resisted|p1b: Anagnoman
|-damage|p1b: Anagnoman|54/100
|
|-heal|p1b: Anagnoman|60/100|[from] Grassy Terrain
|-heal|p2b: Kingambit|30/100|[from] Grassy Terrain
|upkeep
|
|t:|1756912430
|switch|p2a: Dragapult|Dragapult, L50, M|100/100
|turn|5
|
|t:|1756912449
|move|p2b: Kingambit|Protect|p2b: Kingambit
|-singleturn|p2b: Kingambit|Protect
|move|p1b: Anagnoman|Throat Chop|p2a: Dragapult
|-supereffective|p2a: Dragapult
|-damage|p2a: Dragapult|0 fnt
|faint|p2a: Dragapult
|move|p1a: Kwstas|Brave Bird|p2b: Kingambit
|-activate|p2b: Kingambit|move: Protect
|
|-heal|p1b: Anagnoman|66/100|[from] Grassy Terrain
|-heal|p2b: Kingambit|37/100|[from] Grassy Terrain
|-end|p2b: Kingambit|Throat Chop|[silent]
|-fieldend|move: Grassy Terrain
|upkeep
|
|t:|1756912461
|switch|p2a: Rillaboom|Rillaboom, L50, F|64/100
|-fieldstart|move: Grassy Terrain|[from] ability: Grassy Surge|[of] p2a: Rillaboom
|turn|6
|
|t:|1756912472
|switch|p1a: Blade|Indeedee-F, L50, F|100/100
|-fieldstart|move: Psychic Terrain|[from] ability: Psychic Surge|[of] p1a: Blade
|move|p2a: Rillaboom|Fake Out|p1b: Anagnoman
|-activate|p1b: Anagnoman|move: Psychic Terrain
|move|p1b: Anagnoman|Dire Claw|p2a: Rillaboom
|-supereffective|p2a: Rillaboom
|-damage|p2a: Rillaboom|0 fnt
|faint|p2a: Rillaboom
|move|p2b: Kingambit|Kowtow Cleave|p1a: Blade
|-supereffective|p1a: Blade
|-damage|p1a: Blade|0 fnt
|-damage|p2b: Kingambit|20/100|[from] item: Rocky Helmet|[of] p1a: Blade
|faint|p1a: Blade
|
|upkeep
|
|t:|1756912483
|switch|p1a: Giandam|Armarouge, L50, M|100/100
|turn|7
|
|t:|1756912491
|move|p1b: Anagnoman|Throat Chop|p2b: Kingambit
|-supereffective|p2b: Kingambit
|-damage|p2b: Kingambit|0 fnt
|faint|p2b: Kingambit
|
|win|uglybeast
|raw|uglybeast's rating: 1313 → 1325(+12 for winning)
|raw|Zengikk's rating: 1176 → 1160(-16 for losing)
