|j|☆aliciadoors
|j|☆TimmytheGlueEater
|html|aliciadoorsTimmytheGlueEater    
|uhtml|bestof|Game 1 of a best-of-3
|t:|1757789164
|gametype|doubles
|player|p1|aliciadoors|jasmine|1465
|player|p2|TimmytheGlueEater|265|1405
|gen|9
|tier|[Gen 9] VGC 2025 Reg H (Bo3)
|rated|
|rule|Species Clause: Limit one of each Pokémon
|rule|Item Clause: Limit 1 of each item
|clearpoke
|poke|p1|Tyranitar, L50, F|
|poke|p1|Excadrill, L50, M|
|poke|p1|Corviknight, L50, F|
|poke|p1|Indeedee, L50, M|
|poke|p1|Sneasler, L50, M|
|poke|p1|Archaludon, L50, M|
|poke|p2|Ninetales-Alola, L50, F|
|poke|p2|Archaludon, L50, F|
|poke|p2|Dondozo, L50, M|
|poke|p2|Tatsugiri, L50, M|
|poke|p2|Indeedee, L50, M|
|poke|p2|Sneasler, L50, M|
|teampreview|4
|showteam|p1|Tyranitar||AssaultVest|SandStream|RockSlide,KnockOff,TeraBlast,LowKick|||F|||50|,,,,,Flying]Excadrill||FocusSash|SandRush|Earthquake,HighHorsepower,IronHead,Protect|||M|||50|,,,,,Ground]Corviknight||SitrusBerry|MirrorArmor|BraveBird,Tailwind,BulkUp,Roost|||F|||50|,,,,,Dragon]Indeedee||ChoiceScarf|PsychicSurge|ExpandingForce,TeraBlast,Trick,Protect|||M|||50|,,,,,Psychic]Sneasler||PsychicSeed|Unburden|CloseCombat,DireClaw,ThroatChop,Protect|||M|||50|,,,,,Stellar]Archaludon||PowerHerb|Sturdy|FlashCannon,DracoMeteor,ElectroShot,Protect|||M|||50|,,,,,Stellar
|showteam|p2|Ninetales-Alola||CovertCloak|SnowWarning|Blizzard,IcyWind,AuroraVeil,Encore|||F|||50|,,,,,Ice]Archaludon||PowerHerb|Sturdy|ElectroShot,DragonPulse,Thunderbolt,Protect|||F|||50|,,,,,Electric]Dondozo||Leftovers|Unaware|WaveCrash,Earthquake,OrderUp,Protect|||M|||50|,,,,,Grass]Tatsugiri||SafetyGoggles|Commander|DracoMeteor,MuddyWater,Taunt,Protect|||M|||50|,,,,,Ghost]Indeedee||FocusSash|PsychicSurge|ExpandingForce,Imprison,TrickRoom,Protect|||M|||50|,,,,,Psychic]Sneasler||PsychicSeed|Unburden|CloseCombat,DireClaw,ThroatChop,Protect|||M|||50|,,,,,Dark
|inactive|Battle timer is ON: inactive players will automatically lose when time's up. (requested by TimmytheGlueEater)
|inactive|aliciadoors also wants the timer to be on.
|inactive|TimmytheGlueEater has 60 seconds left.
|inactive|TimmytheGlueEater has 30 seconds left.
|
|t:|1757789228
|teamsize|p1|4
|teamsize|p2|4
|start
|switch|p1a: Indeedee|Indeedee, L50, M|100/100
|switch|p1b: Sneasler|Sneasler, L50, M|100/100
|switch|p2a: Indeedee|Indeedee, L50, M|100/100
|switch|p2b: Dondozo|Dondozo, L50, M|100/100
|-fieldstart|move: Psychic Terrain|[from] ability: Psychic Surge|[of] p1a: Indeedee
|-enditem|p1b: Sneasler|Psychic Seed
|-boost|p1b: Sneasler|spd|1|[from] item: Psychic Seed
|turn|1
|
|t:|1757789244
|switch|p2a: Tatsugiri|Tatsugiri, L50, M|100/100
|-activate|p2a: Tatsugiri|ability: Commander|[of] p2b: Dondozo
|-boost|p2b: Dondozo|atk|2
|-boost|p2b: Dondozo|spa|2
|-boost|p2b: Dondozo|spe|2
|-boost|p2b: Dondozo|def|2
|-boost|p2b: Dondozo|spd|2
|move|p1b: Sneasler|Throat Chop|p2a: Tatsugiri|[miss]
|-miss|p1b: Sneasler|p2a: Tatsugiri
|move|p1a: Indeedee|Expanding Force|p2a: Tatsugiri|[spread] p2b
|-miss|p1a: Indeedee|p2a: Tatsugiri
|-damage|p2b: Dondozo|75/100
|move|p2b: Dondozo|Earthquake|p1a: Indeedee|[spread] p1a,p1b
|-miss|p2b: Dondozo|p2a: Tatsugiri
|-supereffective|p1b: Sneasler
|-damage|p1a: Indeedee|9/100
|-damage|p1b: Sneasler|0 fnt
|faint|p1b: Sneasler
|
|-heal|p2b: Dondozo|81/100|[from] item: Leftovers
|upkeep
|
|t:|1757789251
|switch|p1b: Archaludon|Archaludon, L50, M|100/100
|turn|2
|
|t:|1757789274
|-terastallize|p2b: Dondozo|Grass
|move|p1b: Archaludon|Protect|p1b: Archaludon
|-singleturn|p1b: Archaludon|Protect
|move|p1a: Indeedee|Expanding Force|p2a: Tatsugiri|[spread] p2b
|-miss|p1a: Indeedee|p2a: Tatsugiri
|-damage|p2b: Dondozo|55/100
|move|p2b: Dondozo|Earthquake|p1b: Archaludon|[spread] p1a
|-miss|p2b: Dondozo|p2a: Tatsugiri
|-activate|p1b: Archaludon|move: Protect
|-damage|p1a: Indeedee|0 fnt
|faint|p1a: Indeedee
|
|-heal|p2b: Dondozo|62/100|[from] item: Leftovers
|upkeep
|
|t:|1757789283
|switch|p1a: Corviknight|Corviknight, L50, F|100/100
|turn|3
|inactive|aliciadoors has 30 seconds left.
|inactive|TimmytheGlueEater has 30 seconds left.
|
|t:|1757789319
|-terastallize|p1b: Archaludon|Stellar
|move|p2b: Dondozo|Wave Crash|p1a: Corviknight
|-damage|p1a: Corviknight|18/100
|-enditem|p1a: Corviknight|Sitrus Berry|[eat]
|-heal|p1a: Corviknight|43/100|[from] item: Sitrus Berry
|-damage|p2b: Dondozo|37/100|[from] Recoil
|move|p1b: Archaludon|Draco Meteor|p2b: Dondozo
|-damage|p2b: Dondozo|0 fnt
|-unboost|p1b: Archaludon|spa|2
|faint|p2b: Dondozo
|move|p1a: Corviknight|Tailwind|p1a: Corviknight
|-sidestart|p1: aliciadoors|move: Tailwind
|
|upkeep
|
|t:|1757789340
|switch|p2b: Sneasler|Sneasler, L50, M|100/100
|-enditem|p2b: Sneasler|Psychic Seed
|-boost|p2b: Sneasler|spd|1|[from] item: Psychic Seed
|turn|4
|
|t:|1757789367
|move|p2b: Sneasler|Protect|p2b: Sneasler
|-singleturn|p2b: Sneasler|Protect
|move|p1b: Archaludon|Draco Meteor|p2a: Tatsugiri
|-supereffective|p2a: Tatsugiri
|-crit|p2a: Tatsugiri
|-damage|p2a: Tatsugiri|0 fnt
|-unboost|p1b: Archaludon|spa|2
|faint|p2a: Tatsugiri
|move|p1a: Corviknight|Brave Bird|p2b: Sneasler
|-activate|p2b: Sneasler|move: Protect
|
|upkeep
|
|t:|1757789377
|switch|p2a: Indeedee|Indeedee, L50, M|100/100
|turn|5
|
|t:|1757789389
|move|p2b: Sneasler|Close Combat|p1a: Corviknight
|-damage|p1a: Corviknight|0 fnt
|-unboost|p2b: Sneasler|def|1
|-unboost|p2b: Sneasler|spd|1
|faint|p1a: Corviknight
|move|p1b: Archaludon|Electro Shot||[still]
|-prepare|p1b: Archaludon|Electro Shot
|-boost|p1b: Archaludon|spa|1
|-enditem|p1b: Archaludon|Power Herb
|-anim|p1b: Archaludon|Electro Shot|p2b: Sneasler
|-damage|p2b: Sneasler|69/100
|move|p2a: Indeedee|Expanding Force|p1b: Archaludon
|-resisted|p1b: Archaludon
|-damage|p1b: Archaludon|52/100
|
|-fieldend|move: Psychic Terrain
|upkeep
|turn|6
|-message|aliciadoors forfeited.
|
|win|TimmytheGlueEater
|l|☆aliciadoors
|player|p1|
||aliciadoors is ready for game 2.
||TimmytheGlueEater is ready for game 2.
|uhtml|next|Next: Game 2 of 3
