|j|☆bhs24
|j|☆TrulyTenebris
|html|bhs24TrulyTenebris    
|uhtml|bestof|Game 2 of a best-of-3
|t:|1782698889
|gametype|doubles
|player|p1|bhs24|lucas-gen4pt|1024
|player|p2|TrulyTenebris|parasollady|1000
|gen|9
|tier|[Gen 9 Champions] VGC 2026 Reg M-B (Bo3)
|rated|
|rule|Species Clause: Limit one of each Pokémon
|rule|Item Clause: Limit 1 of each item
|clearpoke
|poke|p1|Raichu, L50, F|
|poke|p1|Sinistcha, L50|
|poke|p1|Aerodactyl, L50, M|
|poke|p1|Annihilape, L50, F|
|poke|p1|Maushold, L50|
|poke|p1|Aggron, L50, F|
|poke|p2|Mawile, L50, M|
|poke|p2|Incineroar, L50, F|
|poke|p2|Farigiraf, L50, F|
|poke|p2|Torkoal, L50, M|
|poke|p2|Charizard, L50, M|
|poke|p2|Basculegion, L50, M|
|teampreview|4
|showteam|p1|Raichu||RaichuniteX|LightningRod|RisingVoltage,KnockOff,VoltSwitch,FakeOut|Timid||F|||50|]Sinistcha||SitrusBerry|Hospitality|MatchaGotcha,TrickRoom,RagePowder,StrengthSap|Relaxed|||||50|]Aerodactyl||FocusSash|Unnerve|Tailwind,RockSlide,WideGuard,DualWingbeat|Jolly||M|||50|]Annihilape||LifeOrb|Defiant|BulkUp,DrainPunch,RageFist,IcePunch|Adamant||F|||50|]Maushold||ChopleBerry|FriendGuard|BeatUp,FollowMe,SuperFang,Taunt|Bold|||||50|]Aggron||Aggronite|HeavyMetal|BodyPress,HeavySlam,Curse,RockSlide|Impish||F|||50|
|showteam|p2|Mawile||Mawilite|HyperCutter|PlayRough,RockSlide,SuckerPunch,Protect|Adamant||M|||50|]Incineroar||SitrusBerry|Intimidate|FakeOut,PartingShot,FlameCharge,BlazeKick|Jolly||F|||50|]Farigiraf||ColburBerry|ArmorTail|TrickRoom,TwinBeam,Psychic,Protect|Sassy||F|||50|]Torkoal||Charcoal|Drought|Eruption,WeatherBall,HeatWave,Protect|Modest||M|||50|]Charizard||CharizarditeY|Blaze|HeatWave,Protect,SolarBeam,WeatherBall|Timid||M|||50|]Basculegion||MysticWater|Adaptability|AquaJet,HydroPump,Protect,LastRespects|Sassy||M|||50|
|inactive|Battle timer is ON: inactive players will automatically lose when time's up. (requested by bhs24)
|
|t:|1782698905
|teamsize|p1|4
|teamsize|p2|4
|start
|switch|p1a: Aggron|Aggron, L50, F|100/100
|switch|p1b: Maushold|Maushold, L50|100/100
|switch|p2a: Mawile|Mawile, L50, M|100/100
|switch|p2b: Farigiraf|Farigiraf, L50, F|100/100
|turn|1
|inactive|bhs24 has 30 seconds left.
|
|t:|1782698938
|detailschange|p1a: Aggron|Aggron-Mega, L50, F
|-mega|p1a: Aggron|Aggron|Aggronite
|detailschange|p2a: Mawile|Mawile-Mega, L50, M
|-mega|p2a: Mawile|Mawile|Mawilite
|move|p2a: Mawile|Protect|p2a: Mawile
|-singleturn|p2a: Mawile|Protect
|move|p1b: Maushold|Super Fang|p2a: Mawile
|-activate|p2a: Mawile|move: Protect
|move|p1a: Aggron|Curse|p1a: Aggron
|-unboost|p1a: Aggron|spe|1
|-boost|p1a: Aggron|atk|1
|-boost|p1a: Aggron|def|1
|move|p2b: Farigiraf|Trick Room|p2b: Farigiraf
|-fieldstart|move: Trick Room|[of] p2b: Farigiraf
|
|upkeep
|turn|2
|
|t:|1782698955
|switch|p2b: Incineroar|Incineroar, L50, F|100/100
|-ability|p2b: Incineroar|Intimidate|boost
|-unboost|p1a: Aggron|atk|1
|-unboost|p1b: Maushold|atk|1
|move|p2a: Mawile|Sucker Punch||[still]
|-fail|p2a: Mawile
|move|p1a: Aggron|Curse|p1a: Aggron
|-unboost|p1a: Aggron|spe|1
|-boost|p1a: Aggron|atk|1
|-boost|p1a: Aggron|def|1
|move|p1b: Maushold|Super Fang|p2b: Incineroar
|-damage|p2b: Incineroar|50/100g
|
|upkeep
|turn|3
|inactive|TrulyTenebris has 30 seconds left.
|
|t:|1782698983
|move|p2b: Incineroar|Fake Out|p1a: Aggron
|-resisted|p1a: Aggron|1
|-damage|p1a: Aggron|99/100
|move|p2a: Mawile|Sucker Punch|p1b: Maushold
|-damage|p1b: Maushold|59/100
|cant|p1a: Aggron|flinch
|move|p1b: Maushold|Super Fang|p2a: Mawile
|-damage|p2a: Mawile|50/100g
|
|upkeep
|turn|4
|inactive|bhs24 has 30 seconds left.
|inactive|bhs24 has 20 seconds left.
|inactive|bhs24 has 15 seconds left.
|
|t:|1782699023
|move|p1a: Aggron|Curse|p1a: Aggron
|-unboost|p1a: Aggron|spe|1
|-boost|p1a: Aggron|atk|1
|-boost|p1a: Aggron|def|1
|move|p2a: Mawile|Rock Slide|p1a: Aggron|[spread] p1a,p1b
|-resisted|p1a: Aggron|1
|-damage|p1a: Aggron|96/100
|-damage|p1b: Maushold|22/100
|move|p2b: Incineroar|Flame Charge|p1a: Aggron
|-supereffective|p1a: Aggron|1
|-damage|p1a: Aggron|91/100
|-boost|p2b: Incineroar|spe|1
|cant|p1b: Maushold|flinch
|
|upkeep
|turn|5
|inactive|bhs24 has 30 seconds left.
|
|t:|1782699053
|switch|p2b: Farigiraf|Farigiraf, L50, F|100/100
|move|p2a: Mawile|Protect|p2a: Mawile
|-singleturn|p2a: Mawile|Protect
|move|p1a: Aggron|Curse|p1a: Aggron
|-unboost|p1a: Aggron|spe|1
|-boost|p1a: Aggron|atk|1
|-boost|p1a: Aggron|def|1
|move|p1b: Maushold|Super Fang|p2a: Mawile
|-activate|p2a: Mawile|move: Protect
|
|-fieldend|move: Trick Room
|upkeep
|turn|6
|
|t:|1782699071
|move|p1b: Maushold|Follow Me|p1b: Maushold
|-singleturn|p1b: Maushold|move: Follow Me
|move|p2a: Mawile|Sucker Punch||[still]
|-fail|p2a: Mawile
|move|p1a: Aggron|Curse|p1a: Aggron
|-unboost|p1a: Aggron|spe|1
|-boost|p1a: Aggron|atk|1
|-boost|p1a: Aggron|def|1
|move|p2b: Farigiraf|Trick Room|p2b: Farigiraf
|-fieldstart|move: Trick Room|[of] p2b: Farigiraf
|
|upkeep
|turn|7
|inactive|bhs24 has 30 seconds left.
|
|t:|1782699104
|switch|p2b: Torkoal|Torkoal, L50, M|100/100
|-weather|SunnyDay|[from] ability: Drought|[of] p2b: Torkoal
|move|p1b: Maushold|Follow Me|p1b: Maushold
|-singleturn|p1b: Maushold|move: Follow Me
|move|p1a: Aggron|Rock Slide|p2a: Mawile|[spread] p2a,p2b
|-resisted|p2a: Mawile|1
|-supereffective|p2b: Torkoal|1
|-damage|p2a: Mawile|19/100
|-damage|p2b: Torkoal|1/100
|move|p2a: Mawile|Play Rough|p1b: Maushold
|-damage|p1b: Maushold|0 fnt
|faint|p1b: Maushold
|
|-weather|SunnyDay|[upkeep]
|upkeep
|
|t:|1782699117
|switch|p1b: Aerodactyl|Aerodactyl, L50, M|100/100
|-ability|p1b: Aerodactyl|Unnerve
|turn|8
|
|t:|1782699143
|switch|p1b: Sinistcha|Sinistcha, L50|100/100
|-heal|p1a: Aggron|100/100|[from] ability: Hospitality|[of] p1b: Sinistcha
|move|p1a: Aggron|Body Press|p2b: Torkoal
|-damage|p2b: Torkoal|0 fnt
|faint|p2b: Torkoal
|move|p2a: Mawile|Rock Slide|p1b: Sinistcha|[spread] p1a,p1b
|-resisted|p1a: Aggron|1
|-damage|p1a: Aggron|97/100
|-damage|p1b: Sinistcha|70/100
|
|-weather|SunnyDay|[upkeep]
|upkeep
|
|t:|1782699161
|switch|p2b: Incineroar|Incineroar, L50, F|50/100g
|-ability|p2b: Incineroar|Intimidate|boost
|-unboost|p1a: Aggron|atk|1
|-unboost|p1b: Sinistcha|atk|1
|turn|9
|
|t:|1782699178
|switch|p1b: Aerodactyl|Aerodactyl, L50, M|100/100
|-ability|p1b: Aerodactyl|Unnerve
|move|p2b: Incineroar|Fake Out|p1a: Aggron
|-resisted|p1a: Aggron|1
|-damage|p1a: Aggron|96/100
|move|p2a: Mawile|Sucker Punch||[still]
|-fail|p2a: Mawile
|cant|p1a: Aggron|flinch
|
|-weather|SunnyDay|[upkeep]
|upkeep
|turn|10
|
|t:|1782699198
|move|p1a: Aggron|Rock Slide|p2a: Mawile|[spread] p2a,p2b
|-resisted|p2a: Mawile|1
|-supereffective|p2b: Incineroar|1
|-damage|p2a: Mawile|0 fnt
|-damage|p2b: Incineroar|0 fnt
|faint|p2a: Mawile
|faint|p2b: Incineroar
|move|p1b: Aerodactyl|Rock Slide|p2: Mawile|[notarget]
|-fail|p1b: Aerodactyl
|
|-weather|SunnyDay|[upkeep]
|-fieldend|move: Trick Room
|upkeep
|
|t:|1782699209
|switch|p2b: Farigiraf|Farigiraf, L50, F|100/100
|turn|11
|
|t:|1782699217
|switch|p1b: Sinistcha|Sinistcha, L50|70/100
|-heal|p1a: Aggron|100/100|[from] ability: Hospitality|[of] p1b: Sinistcha
|move|p2b: Farigiraf|Twin Beam|p1b: Sinistcha
|-damage|p1b: Sinistcha|55/100
|-damage|p1b: Sinistcha|37/100
|-enditem|p1b: Sinistcha|Sitrus Berry|[eat]
|-heal|p1b: Sinistcha|62/100|[from] item: Sitrus Berry
|-hitcount|p1b: Sinistcha|2
|move|p1a: Aggron|Body Press|p2b: Farigiraf
|-damage|p2b: Farigiraf|0 fnt
|faint|p2b: Farigiraf
|
|win|bhs24
||TrulyTenebris is ready for game 3.
|inactive|bhs24 has 30 seconds to confirm battle start!
|inactive|bhs24 has 20 seconds to confirm battle start!
|inactive|bhs24 has 10 seconds to confirm battle start!
|uhtml|next|Next: Game 3 of 3
|l|☆TrulyTenebris
|player|p2|
