|j|☆merr123
|j|☆Pupa202
|html|merr123Pupa202    
|uhtml|bestof|Game 2 of a best-of-3
|t:|1756885260
|gametype|doubles
|player|p1|merr123|sisandbro|1195
|player|p2|Pupa202|265|1000
|gen|9
|tier|[Gen 9] VGC 2025 Reg H (Bo3)
|rated|
|rule|Species Clause: Limit one of each Pokémon
|rule|Item Clause: Limit 1 of each item
|clearpoke
|poke|p1|Sneasler, L50, M|
|poke|p1|Gholdengo, L50|
|poke|p1|Amoonguss, L50, F|
|poke|p1|Incineroar, L50, F|
|poke|p1|Ursaluna-Bloodmoon, L50, M|
|poke|p1|Farigiraf, L50, M|
|poke|p2|Whimsicott, L50, M|
|poke|p2|Porygon2, L50|
|poke|p2|Archaludon, L50, M|
|poke|p2|Incineroar, L50, F|
|poke|p2|Rillaboom, L50, M|
|poke|p2|Rotom-Wash, L50|
|teampreview|4
|showteam|p1|Sneasler||ClearAmulet|PoisonTouch|FakeOut,CloseCombat,DireClaw,Protect|||M|||50|,,,,,Water]Gholdengo||MetalCoat|GoodasGold|NastyPlot,MakeItRain,ShadowBall,Protect||||||50|,,,,,Water]Amoonguss||MentalHerb|Regenerator|Spore,RagePowder,PollenPuff,Protect|||F|||50|,,,,,Water]Incineroar||SafetyGoggles|Intimidate|FakeOut,FlareBlitz,KnockOff,PartingShot|||F|||50|,,,,,Ghost]Ursaluna-Bloodmoon||LifeOrb|MindsEye|CalmMind,EarthPower,BloodMoon,Protect|||M|||50|,,,,,Poison]Farigiraf||ThroatSpray|ArmorTail|HyperVoice,Psychic,TrickRoom,Protect|||M|||50|,,,,,Dragon
|showteam|p2|Whimsicott||FocusSash|Prankster|Tailwind,Encore,Taunt,Moonblast|||M|||50|,,,,,Water]Porygon2||Eviolite|Trace|TrickRoom,Recover,TriAttack,IceBeam||||||50|,,,,,Ghost]Archaludon||AssaultVest|Stamina|ElectroShot,FlashCannon,DragonPulse,BodyPress|||M|||50|,,,,,Grass]Incineroar||SafetyGoggles|Intimidate|FakeOut,KnockOff,FlareBlitz,PartingShot|||F|||50|,,,,,Grass]Rillaboom||MiracleSeed|GrassySurge|GrassyGlide,WoodHammer,FakeOut,Protect|||M|||50|,,,,,Fire]Rotom-Wash||SitrusBerry|Levitate|Thunderbolt,HydroPump,WillOWisp,Protect||||||50|,,,,,Grass
|inactive|Battle timer is ON: inactive players will automatically lose when time's up. (requested by merr123)
|
|t:|1756885284
|teamsize|p1|4
|teamsize|p2|4
|start
|switch|p1a: Sneasler|Sneasler, L50, M|100/100
|switch|p1b: Farigiraf|Farigiraf, L50, M|100/100
|switch|p2a: Incineroar|Incineroar, L50, F|100/100
|switch|p2b: Whimsicott|Whimsicott, L50, M|100/100
|-ability|p2a: Incineroar|Intimidate|boost
|-fail|p1a: Sneasler|unboost|[from] item: Clear Amulet|[of] p1a: Sneasler
|-unboost|p1b: Farigiraf|atk|1
|turn|1
|inactive|Pupa202 has 30 seconds left.
|inactive|Pupa202 has 20 seconds left.
|inactive|Pupa202 has 15 seconds left.
|inactive|Pupa202 has 10 seconds left.
|
|t:|1756885333
|-terastallize|p2a: Incineroar|Grass
|move|p2b: Whimsicott|Tailwind|p2b: Whimsicott
|-sidestart|p2: Pupa202|move: Tailwind
|move|p2a: Incineroar|Flare Blitz|p1a: Sneasler
|-damage|p1a: Sneasler|29/100
|-status|p1a: Sneasler|brn
|-damage|p2a: Incineroar|80/100|[from] Recoil
|move|p1a: Sneasler|Close Combat|p2a: Incineroar
|-damage|p2a: Incineroar|44/100
|-unboost|p1a: Sneasler|def|1
|-unboost|p1a: Sneasler|spd|1
|move|p1b: Farigiraf|Trick Room|p1b: Farigiraf
|-fieldstart|move: Trick Room|[of] p1b: Farigiraf
|
|-damage|p1a: Sneasler|23/100 brn|[from] brn
|upkeep
|turn|2
|inactive|Pupa202 has 30 seconds left.
|inactive|Pupa202 has 20 seconds left.
|inactive|Pupa202 has 15 seconds left.
|inactive|Pupa202 has 10 seconds left.
|
|t:|1756885382
|switch|p2a: Archaludon|Archaludon, L50, M|100/100
|move|p1b: Farigiraf|Hyper Voice|p2b: Whimsicott|[spread] p2a,p2b
|-resisted|p2a: Archaludon
|-damage|p2a: Archaludon|89/100
|-damage|p2b: Whimsicott|57/100
|-ability|p2a: Archaludon|Stamina|boost
|-boost|p2a: Archaludon|def|1
|-enditem|p1b: Farigiraf|Throat Spray
|-boost|p1b: Farigiraf|spa|1|[from] item: Throat Spray
|move|p1a: Sneasler|Dire Claw|p2a: Archaludon
|-immune|p2a: Archaludon
|move|p2b: Whimsicott|Moonblast|p1a: Sneasler
|-damage|p1a: Sneasler|0 fnt
|faint|p1a: Sneasler
|
|upkeep
|
|t:|1756885400
|switch|p1a: Ursaluna|Ursaluna-Bloodmoon, L50, M|100/100
|turn|3
|inactive|Pupa202 has 30 seconds left.
|inactive|Pupa202 has 20 seconds left.
|inactive|Pupa202 has 15 seconds left.
|inactive|Pupa202 has 10 seconds left.
|
|t:|1756885448
|switch|p2b: Rillaboom|Rillaboom, L50, M|100/100
|-fieldstart|move: Grassy Terrain|[from] ability: Grassy Surge|[of] p2b: Rillaboom
|-terastallize|p1a: Ursaluna|Poison
|move|p1b: Farigiraf|Psychic|p2b: Rillaboom
|-damage|p2b: Rillaboom|34/100
|move|p1a: Ursaluna|Calm Mind|p1a: Ursaluna
|-boost|p1a: Ursaluna|spa|1
|-boost|p1a: Ursaluna|spd|1
|move|p2a: Archaludon|Body Press|p1b: Farigiraf
|-damage|p1b: Farigiraf|66/100
|
|-heal|p1b: Farigiraf|72/100|[from] Grassy Terrain
|-heal|p2a: Archaludon|95/100|[from] Grassy Terrain
|-heal|p2b: Rillaboom|40/100|[from] Grassy Terrain
|upkeep
|turn|4
|inactive|Pupa202 has 30 seconds left.
|
|t:|1756885477
|move|p2b: Rillaboom|Fake Out||[still]
|cant|p1b: Farigiraf|ability: Armor Tail|Fake Out|[of] p2b: Rillaboom
|move|p1b: Farigiraf|Psychic|p2b: Rillaboom
|-damage|p2b: Rillaboom|0 fnt
|faint|p2b: Rillaboom
|move|p1a: Ursaluna|Earth Power|p2a: Archaludon
|-supereffective|p2a: Archaludon
|-damage|p2a: Archaludon|0 fnt
|faint|p2a: Archaludon
|-damage|p1a: Ursaluna|91/100|[from] item: Life Orb
|
|-heal|p1b: Farigiraf|78/100|[from] Grassy Terrain
|-heal|p1a: Ursaluna|97/100|[from] Grassy Terrain
|-sideend|p2: Pupa202|move: Tailwind
|upkeep
|
|t:|1756885492
|switch|p2a: Whimsicott|Whimsicott, L50, M|57/100
|switch|p2b: Incineroar|Incineroar, L50, F, tera:Grass|44/100
|-ability|p2b: Incineroar|Intimidate|boost
|-unboost|p1a: Ursaluna|atk|1
|-unboost|p1b: Farigiraf|atk|1
|turn|5
|inactive|Pupa202 has 30 seconds left.
|
|t:|1756885524
|move|p1b: Farigiraf|Psychic|p2a: Whimsicott
|-damage|p2a: Whimsicott|0 fnt
|faint|p2a: Whimsicott
|move|p2b: Incineroar|Flare Blitz|p1a: Ursaluna
|-damage|p1a: Ursaluna|59/100
|-damage|p2b: Incineroar|31/100|[from] Recoil
|move|p1a: Ursaluna|Blood Moon|p2b: Incineroar
|-damage|p2b: Incineroar|0 fnt
|faint|p2b: Incineroar
|-damage|p1a: Ursaluna|50/100|[from] item: Life Orb
|
|win|merr123
|raw|merr123's rating: 1195 → 1207(+12 for winning)
|raw|Pupa202's rating: 1000 → 1000(+0 for losing)
