|j|☆inv2021
|j|☆new mental
|html|inv2021new mental    
|uhtml|bestof|Game 2 of a best-of-3
|t:|1784837565
|gametype|doubles
|player|p1|inv2021|102|1202
|player|p2|new mental|volkner|1240
|gen|9
|tier|[Gen 9 Champions] VGC 2026 Reg M-B (Bo3)
|rated|
|rule|Species Clause: Limit one of each Pokémon
|rule|Item Clause: Limit 1 of each item
|clearpoke
|poke|p1|Charizard, L50, F, shiny|
|poke|p1|Sylveon, L50, F, shiny|
|poke|p1|Farigiraf, L50, F|
|poke|p1|Aerodactyl, L50, F|
|poke|p1|Garchomp, L50, F|
|poke|p1|Kingambit, L50, M|
|poke|p2|Charizard, L50, F|
|poke|p2|Garchomp, L50, F|
|poke|p2|Incineroar, L50, M|
|poke|p2|Venusaur, L50, F|
|poke|p2|Toxapex, L50, F|
|poke|p2|Sylveon, L50, M|
|teampreview|4
|showteam|p1|Charizard||CharizarditeY|Blaze|SolarBeam,HeatWave,WeatherBall,Protect|Modest||F|||50|]Sylveon||FairyFeather|Pixilate|HyperVoice,HyperBeam,QuickAttack,Protect|Modest||F|||50|]Farigiraf||SitrusBerry|ArmorTail|Thunderbolt,Psychic,SunnyDay,TrickRoom|Bold||F|||50|]Aerodactyl||Aerodactylite|RockHead|DualWingbeat,Taunt,RockSlide,Tailwind|Adamant||F|||50|]Garchomp||LifeOrb|SandVeil|Earthquake,DragonClaw,RockSlide,Protect|Jolly||F|||50|]Kingambit||FocusSash|Defiant|Protect,KowtowCleave,SuckerPunch,LowKick|Adamant||M|||50|
|showteam|p2|Charizard||CharizarditeY|SolarPower|WeatherBall,HeatWave,AncientPower,Protect|Modest||F|||50|]Garchomp||ChoiceScarf|RoughSkin|RockSlide,DragonClaw,Earthquake,StompingTantrum|Adamant||F|||50|]Incineroar||SitrusBerry|Intimidate|FlareBlitz,FakeOut,DarkestLariat,PartingShot|Impish||M|||50|]Venusaur||LifeOrb|Chlorophyll|SludgeBomb,LeafStorm,EarthPower,Protect|Modest||F|||50|]Toxapex||Leftovers|Regenerator|Infestation,Toxic,WideGuard,BanefulBunker|Bold||F|||50|]Sylveon||FairyFeather|Pixilate|HyperVoice,QuickAttack,Yawn,Detect|Modest||M|||50|
|inactive|Battle timer is ON: inactive players will automatically lose when time's up. (requested by new mental)
|inactive|inv2021 has 60 seconds left.
|inactive|inv2021 has 30 seconds left.
|
|t:|1784837643
|teamsize|p1|4
|teamsize|p2|4
|start
|switch|p1a: Aerodactyl|Aerodactyl, L50, F|100/100
|switch|p1b: Farigiraf|Farigiraf, L50, F|100/100
|switch|p2a: Charizard|Charizard, L50, F|100/100
|switch|p2b: Toxapex|Toxapex, L50, F|100/100
|turn|1
|inactive|new mental has 30 seconds left.
|
|t:|1784837672
|switch|p2a: Incineroar|Incineroar, L50, M|100/100
|-ability|p2a: Incineroar|Intimidate|boost
|-unboost|p1a: Aerodactyl|atk|1
|-unboost|p1b: Farigiraf|atk|1
|detailschange|p1a: Aerodactyl|Aerodactyl-Mega, L50, F
|-mega|p1a: Aerodactyl|Aerodactyl|Aerodactylite
|move|p1a: Aerodactyl|Rock Slide|p2b: Toxapex|[spread] p2a,p2b
|-supereffective|p2a: Incineroar|1
|-damage|p2a: Incineroar|72/100
|-damage|p2b: Toxapex|85/100
|move|p1b: Farigiraf|Psychic|p2b: Toxapex
|-supereffective|p2b: Toxapex|1
|-damage|p2b: Toxapex|35/100
|move|p2b: Toxapex|Toxic|p1a: Aerodactyl
|-status|p1a: Aerodactyl|tox
|
|-heal|p2b: Toxapex|40/100|[from] item: Leftovers
|-damage|p1a: Aerodactyl|93/100 tox|[from] psn
|upkeep
|turn|2
|inactive|inv2021 has 30 seconds left.
|inactive|inv2021 has 20 seconds left.
|inactive|inv2021 has 15 seconds left.
|inactive|inv2021 has 10 seconds left.
|inactive|inv2021 has 5 seconds left.
|
|t:|1784837723
|switch|p1a: Garchomp|Garchomp, L50, F|100/100
|-heal|p2b: Toxapex|73/100|[from] ability: Regenerator|[silent]
|switch|p2b: Garchomp|Garchomp, L50, F|100/100
|move|p2a: Incineroar|Darkest Lariat|p1b: Farigiraf
|-supereffective|p1b: Farigiraf|1
|-damage|p1b: Farigiraf|47/100
|-enditem|p1b: Farigiraf|Sitrus Berry|[eat]
|-heal|p1b: Farigiraf|72/100|[from] item: Sitrus Berry
|move|p1b: Farigiraf|Psychic|p2b: Garchomp
|-damage|p2b: Garchomp|60/100
|
|upkeep
|turn|3
|
|t:|1784837742
|switch|p1b: Aerodactyl|Aerodactyl-Mega, L50, F|93/100 tox
|move|p2b: Garchomp|Dragon Claw|p1b: Aerodactyl
|-damage|p1b: Aerodactyl|41/100 tox
|move|p1a: Garchomp|Dragon Claw|p2b: Garchomp
|-supereffective|p2b: Garchomp|1
|-damage|p2b: Garchomp|0 fnt
|-damage|p1a: Garchomp|87/100|[from] ability: Rough Skin|[of] p2b: Garchomp
|faint|p2b: Garchomp
|-damage|p1a: Garchomp|77/100|[from] item: Life Orb
|move|p2a: Incineroar|Parting Shot|p1b: Aerodactyl
|-unboost|p1b: Aerodactyl|atk|1
|-unboost|p1b: Aerodactyl|spa|1
|
|t:|1784837747
|switch|p2a: Toxapex|Toxapex, L50, F|73/100|[from] Parting Shot
|
|-heal|p2a: Toxapex|79/100|[from] item: Leftovers
|-damage|p1b: Aerodactyl|35/100 tox|[from] psn
|upkeep
|
|t:|1784837749
|switch|p2b: Incineroar|Incineroar, L50, M|72/100
|-ability|p2b: Incineroar|Intimidate|boost
|-unboost|p1a: Garchomp|atk|1
|-unboost|p1b: Aerodactyl|atk|1
|turn|4
|inactive|inv2021 has 30 seconds left.
|
|t:|1784837776
|switch|p1b: Sylveon|Sylveon, L50, F, shiny|100/100
|switch|p1a: Farigiraf|Farigiraf, L50, F|72/100
|move|p2b: Incineroar|Fake Out||[still]
|cant|p1a: Farigiraf|ability: Armor Tail|Fake Out|[of] p2b: Incineroar
|move|p2a: Toxapex|Infestation|p1b: Sylveon
|-resisted|p1b: Sylveon|1
|-damage|p1b: Sylveon|98/100
|-activate|p1b: Sylveon|move: Infestation|[of] p2a: Toxapex
|
|-heal|p2a: Toxapex|85/100|[from] item: Leftovers
|-damage|p1b: Sylveon|86/100|[from] move: Infestation|[partiallytrapped]
|upkeep
|turn|5
|
|t:|1784837794
|move|p1b: Sylveon|Hyper Beam|p2b: Incineroar
|-damage|p2b: Incineroar|0 fnt
|-mustrecharge|p1b: Sylveon
|faint|p2b: Incineroar
|move|p1a: Farigiraf|Psychic|p2a: Toxapex
|-supereffective|p2a: Toxapex|1
|-damage|p2a: Toxapex|30/100
|move|p2a: Toxapex|Toxic|p1a: Farigiraf
|-status|p1a: Farigiraf|tox
|
|-heal|p2a: Toxapex|36/100|[from] item: Leftovers
|-damage|p1a: Farigiraf|66/100 tox|[from] psn
|-damage|p1b: Sylveon|74/100|[from] move: Infestation|[partiallytrapped]
|upkeep
|
|t:|1784837797
|switch|p2b: Charizard|Charizard, L50, F|100/100
|turn|6
|
|t:|1784837809
|detailschange|p2b: Charizard|Charizard-Mega-Y, L50, F
|-mega|p2b: Charizard|Charizard|Charizardite Y
|-weather|SunnyDay|[from] ability: Drought|[of] p2b: Charizard
|move|p2b: Charizard|Weather Ball|p1a: Farigiraf
|-damage|p1a: Farigiraf|0 fnt
|faint|p1a: Farigiraf
|cant|p1b: Sylveon|recharge
|move|p2a: Toxapex|Toxic|p1b: Sylveon
|-status|p1b: Sylveon|tox
|
|-weather|SunnyDay|[upkeep]
|-heal|p2a: Toxapex|42/100|[from] item: Leftovers
|-damage|p1b: Sylveon|68/100 tox|[from] psn
|-damage|p1b: Sylveon|55/100 tox|[from] move: Infestation|[partiallytrapped]
|upkeep
|inactive|inv2021 has 30 seconds left.
|inactive|inv2021 has 20 seconds left.
|inactive|inv2021 has 15 seconds left.
|inactive|inv2021 has 10 seconds left.
|inactive|inv2021 has 5 seconds left.
|
|t:|1784837861
|switch|p1a: Aerodactyl|Aerodactyl-Mega, L50, F|35/100 tox
|turn|7
|
|t:|1784837870
|move|p2a: Toxapex|Wide Guard|p2a: Toxapex
|-singleturn|p2a: Toxapex|Wide Guard
|move|p1a: Aerodactyl|Rock Slide|p2a: Toxapex|[spread] 
|-activate|p2a: Toxapex|move: Wide Guard
|-activate|p2b: Charizard|move: Wide Guard
|move|p2b: Charizard|Weather Ball|p1b: Sylveon
|-damage|p1b: Sylveon|0 fnt
|faint|p1b: Sylveon
|
|-weather|SunnyDay|[upkeep]
|-heal|p2a: Toxapex|47/100|[from] item: Leftovers
|-damage|p1a: Aerodactyl|28/100 tox|[from] psn
|upkeep
|
|t:|1784837880
|switch|p1b: Garchomp|Garchomp, L50, F|77/100
|turn|8
|
|t:|1784837890
|move|p2a: Toxapex|Wide Guard|p2a: Toxapex
|-singleturn|p2a: Toxapex|Wide Guard
|move|p1a: Aerodactyl|Taunt|p2a: Toxapex
|-start|p2a: Toxapex|move: Taunt
|move|p1b: Garchomp|Rock Slide|p2b: Charizard|[spread] 
|-activate|p2a: Toxapex|move: Wide Guard
|-activate|p2b: Charizard|move: Wide Guard
|move|p2b: Charizard|Heat Wave|p1a: Aerodactyl|[spread] p1a
|-miss|p2b: Charizard|p1b: Garchomp
|-resisted|p1a: Aerodactyl|1
|-damage|p1a: Aerodactyl|0 fnt
|faint|p1a: Aerodactyl
|
|-weather|SunnyDay|[upkeep]
|-heal|p2a: Toxapex|53/100|[from] item: Leftovers
|upkeep
|turn|9
|
|t:|1784837897
|move|p1b: Garchomp|Earthquake|p2b: Charizard|[spread] p2a
|-immune|p2b: Charizard
|-supereffective|p2a: Toxapex|1
|-damage|p2a: Toxapex|0 fnt
|faint|p2a: Toxapex
|-damage|p1b: Garchomp|68/100|[from] item: Life Orb
|move|p2b: Charizard|Weather Ball|p1b: Garchomp
|-resisted|p1b: Garchomp|1
|-damage|p1b: Garchomp|23/100
|
|-weather|SunnyDay|[upkeep]
|upkeep
|turn|10
|
|t:|1784837907
|move|p1b: Garchomp|Protect|p1b: Garchomp
|-singleturn|p1b: Garchomp|Protect
|move|p2b: Charizard|Weather Ball|p1b: Garchomp
|-activate|p1b: Garchomp|move: Protect
|
|-weather|none
|upkeep
|turn|11
|
|t:|1784837915
|move|p1b: Garchomp|Rock Slide|p2b: Charizard
|-supereffective|p2b: Charizard|2
|-damage|p2b: Charizard|0 fnt
|faint|p2b: Charizard
|-damage|p1b: Garchomp|13/100|[from] item: Life Orb
|
|win|inv2021
