|j|☆KirascendantAvatar
|j|☆Averlest
|html|KirascendantAvatarAverlest    
|uhtml|bestof|Game 1 of a best-of-3
|t:|1757794753
|gametype|doubles
|player|p1|KirascendantAvatar|266|
|player|p2|Averlest|1|
|gen|9
|tier|[Gen 9] VGC 2025 Reg H (Bo3)
|rule|Species Clause: Limit one of each Pokémon
|rule|Item Clause: Limit 1 of each item
|clearpoke
|poke|p1|Ursaluna, L50, M|
|poke|p1|Farigiraf, L50, M|
|poke|p1|Amoonguss, L50, F|
|poke|p1|Rillaboom, L50, F|
|poke|p1|Incineroar, L50, M|
|poke|p1|Torkoal, L50, F|
|poke|p2|Torterra, L50, F|
|poke|p2|Torkoal, L50, M|
|poke|p2|Avalugg, L50, M|
|poke|p2|Venusaur, L50, F|
|poke|p2|Mimikyu, L50, F|
|poke|p2|Rotom-Heat, L50|
|teampreview|4
|showteam|p1|Ursaluna||FlameOrb|Guts|Facade,Earthquake,Protect,HyperVoice|||M|||50|,,,,,Ghost]Farigiraf||ThroatSpray|ArmorTail|TrickRoom,HyperVoice,FoulPlay,DazzlingGleam|||M|||50|,,,,,Ghost]Amoonguss||MentalHerb|Regenerator|Spore,Protect,PollenPuff,RagePowder|||F|||50|,,,,,Water]Rillaboom||AssaultVest|Overgrow|FakeOut,WoodHammer,Uturn,DrumBeating|||F|||50|,,,,,Ghost]Incineroar||SafetyGoggles|Intimidate|FakeOut,PartingShot,KnockOff,FlareBlitz|||M|||50|,,,,,Fire]Torkoal||GrassySeed|Drought|Eruption,Overheat,SolarBeam,EarthPower|||F|||50|,,,,,Fire
|showteam|p2|Torterra||WhiteHerb|ShellArmor|WoodHammer,Earthquake,StealthRock,Protect|||F|||50|,,,,,Ground]Torkoal||Leftovers|Drought|Eruption,Protect,Yawn,IronDefense|||M|||50|,,,,,Fire]Avalugg||RockyHelmet|Sturdy|WideGuard,Blizzard,IceFang,IronDefense|||M|||50|,,,,,Ice]Venusaur||LifeOrb|Chlorophyll|SolarBeam,SleepPowder,EarthPower,Protect|||F|||50|,,,,,Grass]Mimikyu||SafetyGoggles|Disguise|SwordsDance,PlayRough,PhantomForce,Protect|||F|||50|,,,,,Ghost]Rotom-Heat||FocusSash|Levitate|Protect,Overheat,Thunder,ThunderWave||||||50|,,,,,Fire
|
|t:|1757794785
|teamsize|p1|4
|teamsize|p2|4
|start
|switch|p1a: Wolslow|Farigiraf, L50, M|100/100
|switch|p1b: The Villain|Incineroar, L50, M|100/100
|switch|p2a: Crispy|Torkoal, L50, M|100/100
|switch|p2b: Venusaur|Venusaur, L50, F|100/100
|-ability|p1b: The Villain|Intimidate|boost
|-unboost|p2a: Crispy|atk|1
|-unboost|p2b: Venusaur|atk|1
|-weather|SunnyDay|[from] ability: Drought|[of] p2a: Crispy
|turn|1
|
|t:|1757794822
|-terastallize|p2b: Venusaur|Grass
|move|p1b: The Villain|Fake Out|p2a: Crispy
|-damage|p2a: Crispy|89/100
|move|p2b: Venusaur|Solar Beam||[still]
|-prepare|p2b: Venusaur|Solar Beam
|-anim|p2b: Venusaur|Solar Beam|p1a: Wolslow
|-damage|p1a: Wolslow|0 fnt
|faint|p1a: Wolslow
|-damage|p2b: Venusaur|91/100|[from] item: Life Orb
|cant|p2a: Crispy|flinch
|
|-weather|SunnyDay|[upkeep]
|-heal|p2a: Crispy|95/100|[from] item: Leftovers
|upkeep
|
|t:|1757794836
|switch|p1a: Monkey|Rillaboom, L50, F|100/100
|turn|2
|
|t:|1757794846
|move|p2b: Venusaur|Protect|p2b: Venusaur
|-singleturn|p2b: Venusaur|Protect
|move|p1a: Monkey|Fake Out|p2a: Crispy
|-damage|p2a: Crispy|84/100
|move|p1b: The Villain|Parting Shot|p2b: Venusaur
|-activate|p2b: Venusaur|move: Protect
|cant|p2a: Crispy|flinch
|
|-weather|SunnyDay|[upkeep]
|-heal|p2a: Crispy|90/100|[from] item: Leftovers
|upkeep
|turn|3
|
|t:|1757794878
|move|p2b: Venusaur|Earth Power|p1b: The Villain
|-supereffective|p1b: The Villain
|-damage|p1b: The Villain|40/100
|-damage|p2b: Venusaur|81/100|[from] item: Life Orb
|move|p1a: Monkey|U-turn|p2b: Venusaur
|-supereffective|p2b: Venusaur
|-damage|p2b: Venusaur|15/100
|
|t:|1757794886
|switch|p1a: Desmond|Ursaluna, L50, M|100/100|[from] U-turn
|move|p1b: The Villain|Flare Blitz|p2b: Venusaur
|-supereffective|p2b: Venusaur
|-damage|p2b: Venusaur|0 fnt
|faint|p2b: Venusaur
|-damage|p1b: The Villain|37/100|[from] Recoil
|move|p2a: Crispy|Eruption|p1b: The Villain|[spread] p1a,p1b
|-resisted|p1b: The Villain
|-damage|p1a: Desmond|65/100
|-damage|p1b: The Villain|14/100
|
|-weather|SunnyDay|[upkeep]
|-heal|p2a: Crispy|97/100|[from] item: Leftovers
|-status|p1a: Desmond|brn|[from] item: Flame Orb
|upkeep
|
|t:|1757794900
|switch|p2b: Dipper|Torterra, L50, F|100/100
|turn|4
|
|t:|1757794916
|switch|p2a: Rotom|Rotom-Heat, L50|100/100
|-terastallize|p1b: The Villain|Fire
|move|p1b: The Villain|Flare Blitz|p2b: Dipper
|-supereffective|p2b: Dipper
|-damage|p2b: Dipper|0 fnt
|faint|p2b: Dipper
|-damage|p1b: The Villain|0 fnt|[from] Recoil
|faint|p1b: The Villain
|move|p1a: Desmond|Earthquake|p2a: Rotom
|-immune|p2a: Rotom|[from] ability: Levitate
|
|-weather|SunnyDay|[upkeep]
|-damage|p1a: Desmond|59/100 brn|[from] brn
|upkeep
|
|t:|1757794938
|switch|p1b: Monkey|Rillaboom, L50, F|100/100
|switch|p2b: Crispy|Torkoal, L50, M|97/100
|turn|5
|
|t:|1757794955
|move|p2b: Crispy|Protect|p2b: Crispy
|-singleturn|p2b: Crispy|Protect
|move|p1b: Monkey|Fake Out|p2a: Rotom
|-damage|p2a: Rotom|82/100
|cant|p2a: Rotom|flinch
|move|p1a: Desmond|Facade|p2b: Crispy
|-activate|p2b: Crispy|move: Protect
|
|-weather|none
|-heal|p2b: Crispy|100/100|[from] item: Leftovers
|-damage|p1a: Desmond|53/100 brn|[from] brn
|upkeep
|turn|6
|
|t:|1757794987
|move|p1a: Desmond|Protect|p1a: Desmond
|-singleturn|p1a: Desmond|Protect
|move|p2b: Crispy|Protect||[still]
|-fail|p2b: Crispy
|move|p1b: Monkey|Drum Beating|p2a: Rotom
|-resisted|p2a: Rotom
|-damage|p2a: Rotom|53/100
|-unboost|p2a: Rotom|spe|1
|move|p2a: Rotom|Overheat|p1b: Monkey
|-supereffective|p1b: Monkey
|-damage|p1b: Monkey|0 fnt
|-unboost|p2a: Rotom|spa|2
|faint|p1b: Monkey
|
|-damage|p1a: Desmond|47/100 brn|[from] brn
|upkeep
|turn|7
|
|t:|1757795012
|move|p2a: Rotom|Thunder Wave|p1a: Desmond
|-immune|p1a: Desmond
|move|p1a: Desmond|Hyper Voice|p2a: Rotom|[spread] p2a,p2b
|-damage|p2a: Rotom|38/100
|-damage|p2b: Crispy|90/100
|move|p2b: Crispy|Eruption|p1a: Desmond
|-crit|p1a: Desmond
|-damage|p1a: Desmond|2/100 brn
|
|-heal|p2b: Crispy|96/100|[from] item: Leftovers
|-damage|p1a: Desmond|0 fnt|[from] brn
|faint|p1a: Desmond
|
|win|Averlest
|inactive|KirascendantAvatar has 29 seconds to confirm battle start!
|inactive|Averlest has 29 seconds to confirm battle start!
|l|☆KirascendantAvatar
|player|p1|
||Averlest is ready for game 2.
|inactive|KirascendantAvatar has 19 seconds to confirm battle start!
|inactive|KirascendantAvatar has 9 seconds to confirm battle start!
||KirascendantAvatar is ready for game 2.
|uhtml|next|Next: Game 2 of 3
