|j|☆ProfessorSorin
|j|☆Pom123123123
|html|ProfessorSorinPom123123123    
|uhtml|bestof|Game 1 of a best-of-3
|t:|1784520869
|gametype|doubles
|player|p1|ProfessorSorin|169|1142
|player|p2|Pom123123123|wattson|1157
|gen|9
|tier|[Gen 9 Champions] VGC 2026 Reg M-B (Bo3)
|rated|
|rule|Species Clause: Limit one of each Pokémon
|rule|Item Clause: Limit 1 of each item
|clearpoke
|poke|p1|Farigiraf, L50, F, shiny|
|poke|p1|Blastoise, L50, F, shiny|
|poke|p1|Sylveon, L50, M, shiny|
|poke|p1|Torkoal, L50, M, shiny|
|poke|p1|Vileplume, L50, M, shiny|
|poke|p1|Kingambit, L50, M, shiny|
|poke|p2|Gengar, L50, F|
|poke|p2|Archaludon, L50, F|
|poke|p2|Politoed, L50, F|
|poke|p2|Swampert, L50, F|
|poke|p2|Vivillon, L50, F|
|poke|p2|Incineroar, L50, M|
|teampreview|4
|showteam|p1|Farigiraf||ColburBerry|ArmorTail|TrickRoom,Protect,Imprison,Psychic|Relaxed||F|||50|]Blastoise||Blastoisinite|RainDish|WaterSpout,AuraSphere,DarkPulse,FakeOut|Quiet||F|||50|]Sylveon||FairyFeather|Pixilate|HyperVoice,MysticalFire,CalmMind,Detect|Quiet||M|||50|]Torkoal||Charcoal|Drought|Eruption,HeatWave,Protect,WeatherBall|Quiet||M|||50|]Vileplume||FocusSash|Chlorophyll|AfterYou,EnergyBall,SludgeBomb,SleepPowder|Timid||M|||50|]Kingambit||BlackGlasses|Defiant|KowtowCleave,IronHead,SuckerPunch,Protect|Brave||M|||50|
|showteam|p2|Gengar||Gengarite|CursedBody|ShadowBall,SludgeBomb,PerishSong,Protect|Modest||F|||50|]Archaludon||Leftovers|Stamina|ElectroShot,DragonPulse,FlashCannon,Protect|Bold||F|||50|]Politoed||SitrusBerry|Drizzle|WeatherBall,Hypnosis,PerishSong,Protect|Calm||F|||50|]Swampert||Swampertite|Torrent|WaveCrash,Earthquake,IcePunch,Protect|Adamant||F|||50|]Vivillon||FocusSash|CompoundEyes|Hurricane,SleepPowder,RagePowder,Protect|Timid||F|||50|]Incineroar||PasshoBerry|Intimidate|ThroatChop,FakeOut,PartingShot,Protect|Impish||M|||50|
|inactive|Battle timer is ON: inactive players will automatically lose when time's up. (requested by Pom123123123)
|inactive|Pom123123123 has 60 seconds left.
|
|t:|1784520900
|teamsize|p1|4
|teamsize|p2|4
|start
|switch|p1a: Vileplume|Vileplume, L50, M, shiny|100/100
|switch|p1b: Torkoal|Torkoal, L50, M, shiny|100/100
|switch|p2a: Gengar|Gengar, L50, F|100/100
|switch|p2b: Vivillon|Vivillon, L50, F|100/100
|-weather|SunnyDay|[from] ability: Drought|[of] p1b: Torkoal
|turn|1
|
|t:|1784520920
|switch|p2b: Politoed|Politoed, L50, F|100/100
|-weather|RainDance|[from] ability: Drizzle|[of] p2b: Politoed
|detailschange|p2a: Gengar|Gengar-Mega, L50, F
|-mega|p2a: Gengar|Gengar|Gengarite
|move|p2a: Gengar|Perish Song|p2a: Gengar
|-start|p1a: Vileplume|perish3|[silent]
|-start|p1b: Torkoal|perish3|[silent]
|-start|p2a: Gengar|perish3|[silent]
|-start|p2b: Politoed|perish3|[silent]
|-fieldactivate|move: Perish Song
|move|p1a: Vileplume|After You|p1b: Torkoal
|-activate|p1b: Torkoal|move: After You
|move|p1b: Torkoal|Eruption|p2b: Politoed|[spread] p2a,p2b
|-resisted|p2b: Politoed|1
|-damage|p2a: Gengar|72/100
|-damage|p2b: Politoed|89/100
|
|-weather|RainDance|[upkeep]
|-start|p2a: Gengar|perish3
|-start|p1a: Vileplume|perish3
|-start|p2b: Politoed|perish3
|-start|p1b: Torkoal|perish3
|upkeep
|turn|2
|
|t:|1784520942
|switch|p2b: Incineroar|Incineroar, L50, M|100/100
|-ability|p2b: Incineroar|Intimidate|boost
|-unboost|p1a: Vileplume|atk|1
|-unboost|p1b: Torkoal|atk|1
|move|p2a: Gengar|Protect|p2a: Gengar
|-singleturn|p2a: Gengar|Protect
|move|p1b: Torkoal|Protect|p1b: Torkoal
|-singleturn|p1b: Torkoal|Protect
|move|p1a: Vileplume|Sleep Powder|p2b: Incineroar
|-status|p2b: Incineroar|slp|[from] move: Sleep Powder
|
|-weather|RainDance|[upkeep]
|-start|p2a: Gengar|perish2
|-start|p1a: Vileplume|perish2
|-start|p1b: Torkoal|perish2
|upkeep
|turn|3
|inactive|Pom123123123 has 30 seconds left.
|inactive|Pom123123123 has 20 seconds left.
|
|t:|1784520981
|move|p2a: Gengar|Protect||[still]
|-fail|p2a: Gengar
|cant|p2b: Incineroar|slp
|move|p1a: Vileplume|Sleep Powder|p2a: Gengar
|-status|p2a: Gengar|slp|[from] move: Sleep Powder
|move|p1b: Torkoal|Weather Ball|p2b: Incineroar
|-supereffective|p2b: Incineroar|1
|-enditem|p2b: Incineroar|Passho Berry|[eat]
|-enditem|p2b: Incineroar|Passho Berry|[weaken]
|-damage|p2b: Incineroar|61/100 slp
|
|-weather|RainDance|[upkeep]
|-start|p2a: Gengar|perish1
|-start|p1a: Vileplume|perish1
|-start|p1b: Torkoal|perish1
|upkeep
|turn|4
|
|t:|1784521011
|switch|p2a: Vivillon|Vivillon, L50, F|100/100
|cant|p2b: Incineroar|slp
|move|p1a: Vileplume|Energy Ball|p2a: Vivillon
|-resisted|p2a: Vivillon|2
|-damage|p2a: Vivillon|78/100
|move|p1b: Torkoal|Weather Ball|p2b: Incineroar
|-supereffective|p2b: Incineroar|1
|-damage|p2b: Incineroar|0 fnt
|faint|p2b: Incineroar
|
|-weather|RainDance|[upkeep]
|-start|p1a: Vileplume|perish0
|-start|p1b: Torkoal|perish0
|upkeep
|faint|p1a: Vileplume
|faint|p1b: Torkoal
|
|t:|1784521026
|switch|p1a: Farigiraf|Farigiraf, L50, F, shiny|100/100
|switch|p2b: Politoed|Politoed, L50, F|89/100
|switch|p1b: Sylveon|Sylveon, L50, M, shiny|100/100
|turn|5
|
|t:|1784521039
|move|p2a: Vivillon|Sleep Powder|p1b: Sylveon
|-status|p1b: Sylveon|slp|[from] move: Sleep Powder
|move|p2b: Politoed|Perish Song|p2b: Politoed
|-start|p1a: Farigiraf|perish3|[silent]
|-start|p1b: Sylveon|perish3|[silent]
|-start|p2a: Vivillon|perish3|[silent]
|-start|p2b: Politoed|perish3|[silent]
|-fieldactivate|move: Perish Song
|cant|p1b: Sylveon|slp
|move|p1a: Farigiraf|Trick Room|p1a: Farigiraf
|-fieldstart|move: Trick Room|[of] p1a: Farigiraf
|
|-weather|none
|-start|p1a: Farigiraf|perish3
|-start|p1b: Sylveon|perish3
|-start|p2b: Politoed|perish3
|-start|p2a: Vivillon|perish3
|upkeep
|turn|6
|
|t:|1784521062
|cant|p1b: Sylveon|slp
|move|p1a: Farigiraf|Imprison|p1a: Farigiraf
|-start|p1a: Farigiraf|move: Imprison
|move|p2b: Politoed|Hypnosis|p1a: Farigiraf|[miss]
|-miss|p2b: Politoed|p1a: Farigiraf
|move|p2a: Vivillon|Sleep Powder|p1a: Farigiraf
|-status|p1a: Farigiraf|slp|[from] move: Sleep Powder
|
|-start|p1b: Sylveon|perish2
|-start|p1a: Farigiraf|perish2
|-start|p2b: Politoed|perish2
|-start|p2a: Vivillon|perish2
|upkeep
|turn|7
|
|t:|1784521081
|move|p2a: Vivillon|Rage Powder|p2a: Vivillon
|-singleturn|p2a: Vivillon|move: Rage Powder
|cant|p1a: Farigiraf|slp
|-curestatus|p1b: Sylveon|slp|[msg]
|move|p1b: Sylveon|Hyper Voice|p2b: Politoed|[spread] p2a,p2b
|-damage|p2a: Vivillon|0 fnt
|-damage|p2b: Politoed|52/100
|faint|p2a: Vivillon
|move|p2b: Politoed|Perish Song||[still]
|-fail|p2b: Politoed
|
|-start|p1a: Farigiraf|perish1
|-start|p1b: Sylveon|perish1
|-start|p2b: Politoed|perish1
|upkeep
|
|t:|1784521092
|switch|p2a: Gengar|Gengar-Mega, L50, F|72/100 slp
|turn|8
|
|t:|1784521102
|-curestatus|p1a: Farigiraf|slp|[msg]
|move|p1a: Farigiraf|Psychic|p2a: Gengar
|-supereffective|p2a: Gengar|1
|-damage|p2a: Gengar|14/100 slp
|move|p1b: Sylveon|Hyper Voice|p2a: Gengar|[spread] p2a,p2b
|-resisted|p2a: Gengar|1
|-damage|p2a: Gengar|0 fnt
|-damage|p2b: Politoed|13/100
|-enditem|p2b: Politoed|Sitrus Berry|[eat]
|-heal|p2b: Politoed|38/100|[from] item: Sitrus Berry
|faint|p2a: Gengar
|move|p2b: Politoed|Hypnosis|p1b: Sylveon|[miss]
|-miss|p2b: Politoed|p1b: Sylveon
|
|-start|p1b: Sylveon|perish0
|-start|p1a: Farigiraf|perish0
|-start|p2b: Politoed|perish0
|faint|p1b: Sylveon
|faint|p1a: Farigiraf
|faint|p2b: Politoed
|
|win|Pom123123123
