|j|☆Philippejava
|j|☆dambro222
|html|Philippejavadambro222    
|uhtml|bestof|Game 1 of a best-of-3
|t:|1756795378
|gametype|doubles
|player|p1|Philippejava|falkner|1087
|player|p2|dambro222|ethan|1137
|gen|9
|tier|[Gen 9] VGC 2025 Reg H (Bo3)
|rated|
|rule|Species Clause: Limit one of each Pokémon
|rule|Item Clause: Limit 1 of each item
|clearpoke
|poke|p1|Ursaluna, L50, M|
|poke|p1|Indeedee-F, L50, F|
|poke|p1|Exeggutor, L50, M|
|poke|p1|Torkoal, L50, M|
|poke|p1|Gallade, L50, M|
|poke|p1|Zoroark-Hisui, L50, F|
|poke|p2|Dragonite, L50, M|
|poke|p2|Volcarona, L50, F|
|poke|p2|Sneasler, L50, M|
|poke|p2|Rillaboom, L50, M|
|poke|p2|Electabuzz, L50, M|
|poke|p2|Kingambit, L50, M|
|teampreview|4
|showteam|p1|Ursaluna||FlameOrb|Guts|Protect,Facade,Earthquake,HeadlongRush|||M|||50|,,,,,Ghost]Indeedee-F||PsychicSeed|PsychicSurge|TrickRoom,FollowMe,HelpingHand,Psychic|||F|||50|,,,,,Grass]Exeggutor||FocusSash|Chlorophyll|TrickRoom,ExpandingForce,EnergyBall,SleepPowder|||M|||50|,,,,,Psychic]Torkoal||Charcoal|Drought|Eruption,ClearSmog,Protect,WeatherBall|||M|||50|,,,,,Fire]Gallade||ClearAmulet|Sharpness|PsychoCut,TrickRoom,WideGuard,SacredSword|||M|||50|,,,,,Fire]Zoroark-Hisui||ChoiceScarf|Illusion|HyperVoice,Flamethrower,ShadowBall,IcyWind|||F|||50|,,,,,Normal
|showteam|p2|Dragonite||LoadedDice|Multiscale|ScaleShot,ExtremeSpeed,Haze,Protect|||M|||50|,,,,,Fairy]Volcarona||CovertCloak|FlameBody|HeatWave,TeraBlast,QuiverDance,Protect|||F|||50|,,,,,Fairy]Sneasler||FocusSash|Unburden|CloseCombat,DireClaw,RockSlide,Protect|||M|||50|,,,,,Stellar]Rillaboom||AssaultVest|GrassySurge|WoodHammer,GrassyGlide,HighHorsepower,FakeOut|||M|||50|,,,,,Water]Electabuzz||Eviolite|VitalSpirit|Electroweb,FollowMe,Taunt,Protect|||M|||50|,,,,,Ghost]Kingambit||BlackGlasses|Defiant|KowtowCleave,SuckerPunch,SwordsDance,Protect|||M|||50|,,,,,Dark
|inactive|Battle timer is ON: inactive players will automatically lose when time's up. (requested by dambro222)
|inactive|Philippejava also wants the timer to be on.
|inactive|dambro222 has 60 seconds left.
|inactive|dambro222 has 30 seconds left.
|
|t:|1756795445
|teamsize|p1|4
|teamsize|p2|4
|start
|switch|p1a: Torkoal|Torkoal, L50, M|100/100
|switch|p1b: Exeggutor|Exeggutor, L50, M|100/100
|switch|p2a: Kingambit|Kingambit, L50, M, shiny|100/100
|switch|p2b: Electabuzz|Electabuzz, L50, M|100/100
|-weather|SunnyDay|[from] ability: Drought|[of] p1a: Torkoal
|turn|1
|inactive|dambro222 has 30 seconds left.
|
|t:|1756795473
|move|p2b: Electabuzz|Follow Me|p2b: Electabuzz
|-singleturn|p2b: Electabuzz|move: Follow Me
|move|p1b: Exeggutor|Sleep Powder|p2b: Electabuzz
|-immune|p2b: Electabuzz|[from] ability: Vital Spirit
|move|p2a: Kingambit|Kowtow Cleave|p1a: Torkoal
|-damage|p1a: Torkoal|58/100
|move|p1a: Torkoal|Weather Ball|p2b: Electabuzz
|-damage|p2b: Electabuzz|35/100
|
|-weather|SunnyDay|[upkeep]
|upkeep
|turn|2
|inactive|dambro222 has 30 seconds left.
|
|t:|1756795501
|-terastallize|p2a: Kingambit|Dark
|move|p2b: Electabuzz|Follow Me|p2b: Electabuzz
|-singleturn|p2b: Electabuzz|move: Follow Me
|move|p2a: Kingambit|Kowtow Cleave|p1b: Exeggutor
|-supereffective|p1b: Exeggutor
|-enditem|p1b: Exeggutor|Focus Sash
|-damage|p1b: Exeggutor|1/100
|move|p1a: Torkoal|Weather Ball|p2b: Electabuzz
|-damage|p2b: Electabuzz|0 fnt
|faint|p2b: Electabuzz
|move|p1b: Exeggutor|Trick Room|p1b: Exeggutor
|-fieldstart|move: Trick Room|[of] p1b: Exeggutor
|
|-weather|SunnyDay|[upkeep]
|upkeep
|inactive|dambro222 has 30 seconds left.
|
|t:|1756795527
|switch|p2b: Dragonite|Dragonite, L50, M|100/100
|turn|3
|
|t:|1756795544
|switch|p1b: Indeedee|Indeedee-F, L50, F|100/100
|-fieldstart|move: Psychic Terrain|[from] ability: Psychic Surge|[of] p1b: Indeedee
|-enditem|p1b: Indeedee|Psychic Seed
|-boost|p1b: Indeedee|spd|1|[from] item: Psychic Seed
|move|p2a: Kingambit|Protect|p2a: Kingambit
|-singleturn|p2a: Kingambit|Protect
|move|p1a: Torkoal|Weather Ball|p2a: Kingambit
|-activate|p2a: Kingambit|move: Protect
|move|p2b: Dragonite|Scale Shot|p1a: Torkoal|[miss]
|-miss|p2b: Dragonite|p1a: Torkoal
|
|-weather|SunnyDay|[upkeep]
|upkeep
|turn|4
|inactive|Philippejava has 30 seconds left.
|inactive|dambro222 has 30 seconds left.
|inactive|dambro222 has 20 seconds left.
|
|t:|1756795583
|-terastallize|p1a: Torkoal|Fire
|move|p1a: Torkoal|Eruption|p2a: Kingambit|[spread] p2a,p2b
|-resisted|p2b: Dragonite
|-damage|p2a: Kingambit|33/100
|-damage|p2b: Dragonite|84/100
|move|p2a: Kingambit|Kowtow Cleave|p1b: Indeedee
|-supereffective|p1b: Indeedee
|-damage|p1b: Indeedee|0 fnt
|faint|p1b: Indeedee
|move|p2b: Dragonite|Scale Shot|p1a: Torkoal
|-damage|p1a: Torkoal|47/100
|-damage|p1a: Torkoal|36/100
|-damage|p1a: Torkoal|25/100
|-damage|p1a: Torkoal|14/100
|-hitcount|p1a: Torkoal|4
|-unboost|p2b: Dragonite|def|1
|-boost|p2b: Dragonite|spe|1
|
|-weather|SunnyDay|[upkeep]
|upkeep
|
|t:|1756795604
|switch|p1b: Ursaluna|Ursaluna, L50, M|100/100
|turn|5
|inactive|Philippejava has 30 seconds left.
|
|t:|1756795630
|switch|p2a: Rillaboom|Rillaboom, L50, M|100/100
|-fieldstart|move: Grassy Terrain|[from] ability: Grassy Surge|[of] p2a: Rillaboom
|move|p2b: Dragonite|Extreme Speed|p1a: Torkoal
|-damage|p1a: Torkoal|0 fnt
|faint|p1a: Torkoal
|move|p1b: Ursaluna|Facade|p2b: Dragonite
|-damage|p2b: Dragonite|18/100
|
|-weather|none
|-status|p1b: Ursaluna|brn|[from] item: Flame Orb
|upkeep
|
|t:|1756795644
|switch|p1a: Exeggutor|Exeggutor, L50, M|1/100
|turn|6
|inactive|Philippejava has 30 seconds left.
|
|t:|1756795676
|move|p2a: Rillaboom|Fake Out|p1b: Ursaluna
|-damage|p1b: Ursaluna|91/100 brn
|move|p2b: Dragonite|Extreme Speed|p1a: Exeggutor
|-damage|p1a: Exeggutor|0 fnt
|faint|p1a: Exeggutor
|cant|p1b: Ursaluna|flinch
|
|-heal|p1b: Ursaluna|97/100 brn|[from] Grassy Terrain
|-damage|p1b: Ursaluna|91/100 brn|[from] brn
|-fieldend|move: Trick Room
|upkeep
|turn|7
|-message|Philippejava forfeited.
|
|win|dambro222
|l|☆Philippejava
|player|p1|
||dambro222 is ready for game 2.
||Philippejava is ready for game 2.
|uhtml|next|Next: Game 2 of 3
