|j|☆sillyfrog2003
|j|☆Centiskorch18
|html|sillyfrog2003Centiskorch18    
|uhtml|bestof|Game 1 of a best-of-3
|t:|1757655313
|gametype|doubles
|player|p1|sillyfrog2003|guitarist|1088
|player|p2|Centiskorch18|caitlin|1208
|gen|9
|tier|[Gen 9] VGC 2025 Reg H (Bo3)
|rated|
|rule|Species Clause: Limit one of each Pokémon
|rule|Item Clause: Limit 1 of each item
|clearpoke
|poke|p1|Typhlosion-Hisui, L50, M|
|poke|p1|Whimsicott, L50, M|
|poke|p1|Sneasler, L50, M|
|poke|p1|Ursaluna, L50, M|
|poke|p1|Torkoal, L50, F|
|poke|p1|Bronzong, L50|
|poke|p2|Dragapult, L50, F|
|poke|p2|Sneasler, L50, F|
|poke|p2|Magmar, L50, M|
|poke|p2|Azumarill, L50, F|
|poke|p2|Rillaboom, L50, M|
|poke|p2|Ninetales-Alola, L50, M|
|teampreview|4
|showteam|p1|Typhlosion-Hisui||ChoiceSpecs|Frisk|Eruption,ShadowBall,Flamethrower,SleepTalk|||M|||50|,,,,,Fire]Whimsicott||CovertCloak|Prankster|Moonblast,Tailwind,Taunt,SunnyDay|||M|||50|,,,,,Dark]Sneasler||WhiteHerb|Unburden|DireClaw,CloseCombat,Acrobatics,Protect|||M|||50|,,,,,Flying]Ursaluna||FlameOrb|Guts|Protect,Facade,Earthquake,HeadlongRush|||M|||50|,,,,,Water]Torkoal||Charcoal|Drought|Eruption,Flamethrower,ClearSmog,Protect|||F|||50|,,,,,Fire]Bronzong||MentalHerb|Levitate|GyroBall,SkillSwap,PsychicTerrain,TrickRoom||||||50|,,,,,Fairy
|showteam|p2|Dragapult||LifeOrb|ClearBody|TeraBlast,DragonDarts,SuckerPunch,Protect|||F|||50|,,,,,Ghost]Sneasler||FocusSash|PoisonTouch|CloseCombat,DireClaw,FakeOut,Protect|||F|||50|,,,,,Stellar]Magmar||Eviolite|VitalSpirit|Overheat,FollowMe,ClearSmog,Protect|||M|||50|,,,,,Ghost]Azumarill||SitrusBerry|HugePower|AquaJet,PlayRough,BellyDrum,Protect|||F|||50|,,,,,Poison]Rillaboom||AssaultVest|GrassySurge|WoodHammer,GrassyGlide,FakeOut,HighHorsepower|||M|||50|,,,,,Fire]Ninetales-Alola||ChoiceSpecs|SnowWarning|Blizzard,Moonblast,IcyWind,FreezeDry|||M|||50|,,,,,Ghost
|inactive|Battle timer is ON: inactive players will automatically lose when time's up. (requested by Centiskorch18)
|c|☆Centiskorch18|glhf
|
|t:|1757655343
|teamsize|p1|4
|teamsize|p2|4
|start
|switch|p1a: Typhlosion|Typhlosion-Hisui, L50, M|100/100
|switch|p1b: Whimsicott|Whimsicott, L50, M|100/100
|switch|p2a: Dragapult|Dragapult, L50, F|100/100
|switch|p2b: Sneasler|Sneasler, L50, F|100/100
|-item|p2a: Dragapult|Life Orb|[from] ability: Frisk|[of] p1a: Typhlosion
|-item|p2b: Sneasler|Focus Sash|[from] ability: Frisk|[of] p1a: Typhlosion
|turn|1
|inactive|sillyfrog2003 has 30 seconds left.
|
|t:|1757655369
|-terastallize|p1a: Typhlosion|Fire
|move|p2a: Dragapult|Sucker Punch|p1a: Typhlosion
|-damage|p1a: Typhlosion|52/100
|-damage|p2a: Dragapult|91/100|[from] item: Life Orb
|move|p1b: Whimsicott|Tailwind|p1b: Whimsicott
|-sidestart|p1: sillyfrog2003|move: Tailwind
|move|p1a: Typhlosion|Eruption|p2a: Dragapult|[spread] p2a,p2b
|-resisted|p2a: Dragapult
|-damage|p2a: Dragapult|52/100
|-damage|p2b: Sneasler|17/100
|move|p2b: Sneasler|Dire Claw|p1b: Whimsicott
|-supereffective|p1b: Whimsicott
|-damage|p1b: Whimsicott|0 fnt
|faint|p1b: Whimsicott
|
|upkeep
|
|t:|1757655390
|switch|p1b: Sneasler|Sneasler, L50, M|100/100
|turn|2
|
|t:|1757655400
|switch|p1a: Ursaluna|Ursaluna, L50, M|100/100
|move|p2a: Dragapult|Protect|p2a: Dragapult
|-singleturn|p2a: Dragapult|Protect
|move|p1b: Sneasler|Acrobatics|p2b: Sneasler
|-supereffective|p2b: Sneasler
|-damage|p2b: Sneasler|0 fnt
|faint|p2b: Sneasler
|
|-status|p1a: Ursaluna|brn|[from] item: Flame Orb
|upkeep
|
|t:|1757655419
|switch|p2b: Rillaboom|Rillaboom, L50, M|100/100
|-fieldstart|move: Grassy Terrain|[from] ability: Grassy Surge|[of] p2b: Rillaboom
|turn|3
|
|t:|1757655431
|-terastallize|p2b: Rillaboom|Fire
|move|p1b: Sneasler|Protect|p1b: Sneasler
|-singleturn|p1b: Sneasler|Protect
|move|p1a: Ursaluna|Protect|p1a: Ursaluna
|-singleturn|p1a: Ursaluna|Protect
|move|p2b: Rillaboom|Fake Out|p1a: Ursaluna
|-activate|p1a: Ursaluna|move: Protect
|move|p2a: Dragapult|Dragon Darts|p1a: Ursaluna
|-activate|p1b: Sneasler|move: Protect
|
|-heal|p2a: Dragapult|58/100|[from] Grassy Terrain
|-damage|p1a: Ursaluna|95/100 brn|[from] brn
|upkeep
|turn|4
|
|t:|1757655453
|switch|p1a: Typhlosion|Typhlosion-Hisui, L50, M, tera:Fire|52/100
|-item|p2a: Dragapult|Life Orb|[from] ability: Frisk|[of] p1a: Typhlosion
|-item|p2b: Rillaboom|Assault Vest|[from] ability: Frisk|[of] p1a: Typhlosion
|switch|p2b: Magmar|Magmar, L50, M|100/100
|move|p2a: Dragapult|Protect|p2a: Dragapult
|-singleturn|p2a: Dragapult|Protect
|move|p1b: Sneasler|Close Combat|p2b: Magmar
|-damage|p2b: Magmar|34/100
|-unboost|p1b: Sneasler|def|1
|-unboost|p1b: Sneasler|spd|1
|-enditem|p1b: Sneasler|White Herb
|-clearnegativeboost|p1b: Sneasler|[silent]
|
|-heal|p1a: Typhlosion|58/100|[from] Grassy Terrain
|-heal|p2a: Dragapult|64/100|[from] Grassy Terrain
|-heal|p2b: Magmar|40/100|[from] Grassy Terrain
|-sideend|p1: sillyfrog2003|move: Tailwind
|upkeep
|turn|5
|
|t:|1757655475
|move|p2b: Magmar|Follow Me|p2b: Magmar
|-singleturn|p2b: Magmar|move: Follow Me
|move|p1b: Sneasler|Acrobatics|p2b: Magmar
|-damage|p2b: Magmar|0 fnt
|faint|p2b: Magmar
|move|p2a: Dragapult|Dragon Darts|p1a: Typhlosion
|-damage|p1a: Typhlosion|5/100
|-anim|p2a: Dragapult|Dragon Darts|p1b: Sneasler
|-damage|p1b: Sneasler|42/100
|-damage|p2a: Dragapult|55/100|[from] item: Life Orb
|move|p1a: Typhlosion|Eruption|p2a: Dragapult
|-resisted|p2a: Dragapult
|-crit|p2a: Dragapult
|-damage|p2a: Dragapult|47/100
|
|-heal|p1b: Sneasler|48/100|[from] Grassy Terrain
|-heal|p2a: Dragapult|53/100|[from] Grassy Terrain
|-heal|p1a: Typhlosion|11/100|[from] Grassy Terrain
|upkeep
|
|t:|1757655480
|switch|p2b: Rillaboom|Rillaboom, L50, M, tera:Fire|100/100
|turn|6
|
|t:|1757655494
|move|p1b: Sneasler|Protect|p1b: Sneasler
|-singleturn|p1b: Sneasler|Protect
|move|p2a: Dragapult|Sucker Punch|p1a: Typhlosion
|-damage|p1a: Typhlosion|0 fnt
|faint|p1a: Typhlosion
|-damage|p2a: Dragapult|43/100|[from] item: Life Orb
|move|p2b: Rillaboom|High Horsepower|p1b: Sneasler
|-activate|p1b: Sneasler|move: Protect
|
|-heal|p1b: Sneasler|54/100|[from] Grassy Terrain
|-heal|p2a: Dragapult|49/100|[from] Grassy Terrain
|upkeep
|
|t:|1757655499
|switch|p1a: Ursaluna|Ursaluna, L50, M|95/100 brn
|turn|7
|
|t:|1757655509
|move|p1b: Sneasler|Acrobatics|p2a: Dragapult
|-crit|p2a: Dragapult
|-damage|p2a: Dragapult|0 fnt
|faint|p2a: Dragapult
|move|p2b: Rillaboom|Wood Hammer|p1a: Ursaluna
|-supereffective|p1a: Ursaluna
|-damage|p1a: Ursaluna|0 fnt
|faint|p1a: Ursaluna
|-damage|p2b: Rillaboom|63/100|[from] Recoil
|
|-heal|p1b: Sneasler|60/100|[from] Grassy Terrain
|-heal|p2b: Rillaboom|69/100|[from] Grassy Terrain
|-fieldend|move: Grassy Terrain
|upkeep
|turn|8
|
|t:|1757655523
|move|p1b: Sneasler|Dire Claw|p2b: Rillaboom
|-damage|p2b: Rillaboom|24/100
|-status|p2b: Rillaboom|par
|move|p2b: Rillaboom|High Horsepower|p1b: Sneasler
|-supereffective|p1b: Sneasler
|-damage|p1b: Sneasler|0 fnt
|faint|p1b: Sneasler
|
|win|Centiskorch18
||Centiskorch18 is ready for game 2.
|l|☆sillyfrog2003
|player|p1|
||sillyfrog2003 is ready for game 2.
|uhtml|next|Next: Game 2 of 3
