|j|☆We_Are_Toasted
|j|☆CrazyyBoi
|html|We_Are_ToastedCrazyyBoi    
|uhtml|bestof|Game 1 of a best-of-3
|t:|1757205112
|gametype|doubles
|player|p1|We_Are_Toasted|larry|1200
|player|p2|CrazyyBoi|102|1252
|gen|9
|tier|[Gen 9] VGC 2025 Reg H (Bo3)
|rated|
|rule|Species Clause: Limit one of each Pokémon
|rule|Item Clause: Limit 1 of each item
|clearpoke
|poke|p1|Gholdengo, L50|
|poke|p1|Sneasler, L50, M|
|poke|p1|Rillaboom, L50, F|
|poke|p1|Dragonite, L50, M|
|poke|p1|Ninetales-Alola, L50, F|
|poke|p1|Arcanine-Hisui, L50, F|
|poke|p2|Maushold-Four, L50|
|poke|p2|Sableye, L50, M|
|poke|p2|Sinistcha, L50|
|poke|p2|Kommo-o, L50, F|
|poke|p2|Incineroar, L50, F|
|poke|p2|Primarina, L50, M|
|teampreview|4
|showteam|p1|Gholdengo||GrassySeed|GoodasGold|NastyPlot,MakeItRain,ShadowBall,Protect||||||50|,,,,,Water]Sneasler||WhiteHerb|Unburden|CloseCombat,DireClaw,Coaching,Protect|||M|||50|,,,,,Ghost]Rillaboom||AssaultVest|GrassySurge|FakeOut,GrassyGlide,DrumBeating,HighHorsepower|||F|||50|,,,,,Fire]Dragonite||LoadedDice|Multiscale|ScaleShot,StompingTantrum,Tailwind,Protect|||M|||50|,,,,,Ground]Ninetales-Alola||FocusSash|SnowWarning|Blizzard,IcyWind,Encore,AuroraVeil|||F|||50|,,,,,Ghost]Arcanine-Hisui||ClearAmulet|Intimidate|RockSlide,FlareBlitz,ExtremeSpeed,Protect|||F|||50|,,,,,Water
|showteam|p2|Maushold-Four||WideLens|Technician|Protect,PopulationBomb,Bite,FollowMe||||||50|,,,,,Poison]Sableye||FocusSash|Prankster|FakeOut,Quash,Disable,Encore|||M|||50|,,,,,Grass]Sinistcha||MentalHerb|Hospitality|RagePowder,MatchaGotcha,LifeDew,Protect||||||50|,,,,,Fire]Kommo-o||ThroatSpray|Overcoat|ClangorousSoul,ClangingScales,Protect,AuraSphere|||F|||50|,,,,,Steel]Incineroar||SafetyGoggles|Intimidate|FakeOut,PartingShot,KnockOff,Taunt|||F|||50|,,,,,Ghost]Primarina||LifeOrb|LiquidVoice|HyperVoice,Moonblast,PerishSong,Protect|||M|||50|,,,,,Dragon
|j| patman627
|inactive|Battle timer is ON: inactive players will automatically lose when time's up. (requested by We_Are_Toasted)
|l| patman627
|inactive|We_Are_Toasted has 60 seconds left.
|inactive|CrazyyBoi has 60 seconds left.
|inactive|We_Are_Toasted has 30 seconds left.
|inactive|CrazyyBoi has 30 seconds left.
|inactive|We_Are_Toasted has 20 seconds left.
|inactive|We_Are_Toasted has 15 seconds left.
|inactive|We_Are_Toasted has 10 seconds left.
|inactive|We_Are_Toasted has 5 seconds left.
|
|t:|1757205207
|teamsize|p1|4
|teamsize|p2|4
|start
|switch|p1a: Sneasler|Sneasler, L50, M, shiny|100/100
|switch|p1b: Arcanine|Arcanine-Hisui, L50, F|100/100
|switch|p2a: Incineroar|Incineroar, L50, F|100/100
|switch|p2b: Kommo-o|Kommo-o, L50, F|100/100
|-ability|p1b: Arcanine|Intimidate|boost
|-unboost|p2a: Incineroar|atk|1
|-unboost|p2b: Kommo-o|atk|1
|-ability|p2a: Incineroar|Intimidate|boost
|-unboost|p1a: Sneasler|atk|1
|-fail|p1b: Arcanine|unboost|[from] item: Clear Amulet|[of] p1b: Arcanine
|-enditem|p1a: Sneasler|White Herb
|-clearnegativeboost|p1a: Sneasler|[silent]
|turn|1
|inactive|We_Are_Toasted has 30 seconds left.
|inactive|We_Are_Toasted has 20 seconds left.
|inactive|We_Are_Toasted has 15 seconds left.
|inactive|We_Are_Toasted has 10 seconds left.
|inactive|We_Are_Toasted has 5 seconds left.
|
|t:|1757205260
|switch|p1b: Ninetales|Ninetales-Alola, L50, F|100/100
|-weather|Snowscape|[from] ability: Snow Warning|[of] p1b: Ninetales
|-terastallize|p1a: Sneasler|Ghost
|move|p2a: Incineroar|Fake Out|p1a: Sneasler
|-immune|p1a: Sneasler
|move|p1a: Sneasler|Dire Claw|p2b: Kommo-o
|-damage|p2b: Kommo-o|67/100
|move|p2b: Kommo-o|Clanging Scales|p1a: Sneasler|[spread] p1a
|-immune|p1b: Ninetales
|-damage|p1a: Sneasler|51/100
|-unboost|p2b: Kommo-o|def|1
|-enditem|p2b: Kommo-o|Throat Spray
|-boost|p2b: Kommo-o|spa|1|[from] item: Throat Spray
|
|-weather|Snowscape|[upkeep]
|upkeep
|turn|2
|inactive|We_Are_Toasted has 30 seconds left.
|inactive|CrazyyBoi has 30 seconds left.
|inactive|We_Are_Toasted has 20 seconds left.
|inactive|We_Are_Toasted has 15 seconds left.
|inactive|We_Are_Toasted has 10 seconds left.
|
|t:|1757205310
|move|p2b: Kommo-o|Protect|p2b: Kommo-o
|-singleturn|p2b: Kommo-o|Protect
|move|p1a: Sneasler|Close Combat|p2b: Kommo-o
|-activate|p2b: Kommo-o|move: Protect
|move|p1b: Ninetales|Encore|p2a: Incineroar
|-start|p2a: Incineroar|Encore
|move|p2a: Incineroar|Fake Out||[still]
|-hint|Fake Out only works on your first turn out.
|-fail|p2a: Incineroar
|
|-weather|Snowscape|[upkeep]
|upkeep
|turn|3
|
|t:|1757205328
|switch|p2b: Sableye|Sableye, L50, M|100/100
|switch|p2a: Maushold|Maushold-Four, L50|100/100
|move|p1a: Sneasler|Close Combat|p2b: Sableye
|-immune|p2b: Sableye
|move|p1b: Ninetales|Aurora Veil|p1b: Ninetales
|-sidestart|p1: We_Are_Toasted|move: Aurora Veil
|
|-weather|Snowscape|[upkeep]
|upkeep
|turn|4
|inactive|We_Are_Toasted has 30 seconds left.
|inactive|CrazyyBoi has 30 seconds left.
|inactive|We_Are_Toasted has 20 seconds left.
|inactive|CrazyyBoi has 20 seconds left.
|
|t:|1757205367
|switch|p1a: Gholdengo|Gholdengo, L50|100/100
|-terastallize|p2a: Maushold|Poison
|move|p2b: Sableye|Encore|p1a: Gholdengo
|-immune|p1a: Gholdengo|[from] ability: Good as Gold
|move|p2a: Maushold|Population Bomb|p1b: Ninetales
|-damage|p1b: Ninetales|92/100
|-crit|p1b: Ninetales
|-damage|p1b: Ninetales|76/100
|-damage|p1b: Ninetales|68/100
|-damage|p1b: Ninetales|59/100
|-damage|p1b: Ninetales|50/100
|-damage|p1b: Ninetales|42/100
|-damage|p1b: Ninetales|33/100
|-damage|p1b: Ninetales|25/100
|-damage|p1b: Ninetales|17/100
|-damage|p1b: Ninetales|9/100
|-hitcount|p1b: Ninetales|10
|move|p1b: Ninetales|Blizzard|p2b: Sableye|[spread] p2a,p2b
|-damage|p2a: Maushold|52/100
|-damage|p2b: Sableye|67/100
|
|-weather|Snowscape|[upkeep]
|upkeep
|turn|5
|inactive|We_Are_Toasted has 30 seconds left.
|inactive|CrazyyBoi has 30 seconds left.
|inactive|We_Are_Toasted has 20 seconds left.
|inactive|CrazyyBoi has 20 seconds left.
|
|t:|1757205406
|switch|p1b: Arcanine|Arcanine-Hisui, L50, F|100/100
|-ability|p1b: Arcanine|Intimidate|boost
|-unboost|p2a: Maushold|atk|1
|-unboost|p2b: Sableye|atk|1
|move|p2b: Sableye|Disable||[still]
|-fail|p2b: Sableye
|move|p2a: Maushold|Bite|p1a: Gholdengo
|-supereffective|p1a: Gholdengo
|-damage|p1a: Gholdengo|82/100
|cant|p1a: Gholdengo|flinch
|
|-weather|none
|upkeep
|turn|6
|inactive|We_Are_Toasted has 30 seconds left.
|inactive|We_Are_Toasted has 20 seconds left.
|inactive|We_Are_Toasted has 15 seconds left.
|inactive|We_Are_Toasted has 10 seconds left.
|inactive|We_Are_Toasted has 5 seconds left.
|
|t:|1757205459
|switch|p2a: Incineroar|Incineroar, L50, F|100/100
|-ability|p2a: Incineroar|Intimidate|boost
|-unboost|p1a: Gholdengo|atk|1
|-fail|p1b: Arcanine|unboost|[from] item: Clear Amulet|[of] p1b: Arcanine
|switch|p1b: Sneasler|Sneasler, L50, M, shiny, tera:Ghost|51/100
|switch|p2b: Kommo-o|Kommo-o, L50, F|67/100
|move|p1a: Gholdengo|Nasty Plot|p1a: Gholdengo
|-boost|p1a: Gholdengo|spa|2
|
|upkeep
|turn|7
|inactive|We_Are_Toasted has 30 seconds left.
|
|t:|1757205488
|move|p2b: Kommo-o|Protect|p2b: Kommo-o
|-singleturn|p2b: Kommo-o|Protect
|move|p1b: Sneasler|Close Combat|p2a: Incineroar
|-supereffective|p2a: Incineroar
|-crit|p2a: Incineroar
|-damage|p2a: Incineroar|0 fnt
|-unboost|p1b: Sneasler|def|1
|-unboost|p1b: Sneasler|spd|1
|faint|p2a: Incineroar
|move|p1a: Gholdengo|Shadow Ball|p2b: Kommo-o
|-activate|p2b: Kommo-o|move: Protect
|
|-sideend|p1: We_Are_Toasted|move: Aurora Veil
|upkeep
|
|t:|1757205500
|switch|p2a: Sableye|Sableye, L50, M|67/100
|turn|8
|-message|CrazyyBoi forfeited.
|
|win|We_Are_Toasted
|l|☆CrazyyBoi
|player|p2|
||CrazyyBoi is ready for game 2.
||We_Are_Toasted is ready for game 2.
|uhtml|next|Next: Game 2 of 3
