|j|☆kommoneitor
|j|☆escapadian
|html|kommoneitorescapadian    
|uhtml|bestof|Game 1 of a best-of-3
|t:|1757736210
|gametype|doubles
|player|p1|kommoneitor|101|1101
|player|p2|escapadian|rocketgruntf|1007
|gen|9
|tier|[Gen 9] VGC 2025 Reg H (Bo3)
|rated|
|rule|Species Clause: Limit one of each Pokémon
|rule|Item Clause: Limit 1 of each item
|clearpoke
|poke|p1|Electabuzz, L50, M|
|poke|p1|Kingambit, L50, F|
|poke|p1|Basculegion, L50, M|
|poke|p1|Ninetales-Alola, L50, M|
|poke|p1|Rillaboom, L50, M|
|poke|p1|Kommo-o, L50, M|
|poke|p2|Annihilape, L50, F|
|poke|p2|Kingambit, L50, F|
|poke|p2|Amoonguss, L50, M|
|poke|p2|Dragonite, L50, M|
|poke|p2|Incineroar, L50, M|
|poke|p2|Gholdengo, L50|
|teampreview|4
|showteam|p1|Electabuzz||Eviolite|VitalSpirit|Protect,Electroweb,Taunt,FollowMe|||M|||50|,,,,,Ghost]Kingambit||AssaultVest|Defiant|KowtowCleave,IronHead,SuckerPunch,LowKick|||F|||50|,,,,,Fire]Basculegion||ChoiceScarf|Adaptability|WaveCrash,LastRespects,AquaJet,FlipTurn|||M|||50|,,,,,Water]Ninetales-Alola||FocusSash|SnowWarning|Protect,Blizzard,AuroraVeil,Encore|||M|||50|,,,,,Ice]Rillaboom||MiracleSeed|GrassySurge|Protect,WoodHammer,GrassyGlide,FakeOut|||M|||50|,,,,,Grass]Kommo-o||ThroatSpray|Soundproof|Protect,ClangingScales,Flamethrower,ClangorousSoul|||M|||50|,,,,,Fire
|showteam|p2|Annihilape||FocusSash|Defiant|CloseCombat,RageFist,Coaching,FinalGambit|||F|||50|,,,,,Grass]Kingambit||AssaultVest|Defiant|KowtowCleave,SuckerPunch,LowKick,IronHead|||F|||50|,,,,,Dark]Amoonguss||SitrusBerry|Regenerator|Spore,RagePowder,SludgeBomb,Protect|||M|||50|,,,,,Fire]Dragonite||LoadedDice|Multiscale|ScaleShot,Tailwind,Haze,Protect|||M|||50|,,,,,Fairy]Incineroar||SafetyGoggles|Intimidate|FlareBlitz,FakeOut,PartingShot,KnockOff|||M|||50|,,,,,Ghost]Gholdengo||LifeOrb|GoodasGold|MakeItRain,ShadowBall,NastyPlot,Protect||||||50|,,,,,Water
|inactive|Battle timer is ON: inactive players will automatically lose when time's up. (requested by kommoneitor)
|
|t:|1757736281
|teamsize|p1|4
|teamsize|p2|4
|start
|switch|p1a: Ninetales|Ninetales-Alola, L50, M|100/100
|switch|p1b: Kommo-o|Kommo-o, L50, M|100/100
|switch|p2a: Stunned!|Amoonguss, L50, M|100/100
|switch|p2b: Koko Smokesign|Annihilape, L50, F|100/100
|-weather|Snowscape|[from] ability: Snow Warning|[of] p1a: Ninetales
|turn|1
|inactive|kommoneitor has 30 seconds left.
|
|t:|1757736312
|switch|p2b: Cyrus Drake|Incineroar, L50, M|100/100
|-ability|p2b: Cyrus Drake|Intimidate|boost
|-unboost|p1a: Ninetales|atk|1
|-unboost|p1b: Kommo-o|atk|1
|move|p1a: Ninetales|Blizzard|p2a: Stunned!|[spread] p2a,p2b
|-supereffective|p2a: Stunned!
|-resisted|p2b: Cyrus Drake
|-damage|p2a: Stunned!|43/100
|-damage|p2b: Cyrus Drake|88/100
|-enditem|p2a: Stunned!|Sitrus Berry|[eat]
|-heal|p2a: Stunned!|68/100|[from] item: Sitrus Berry
|move|p1b: Kommo-o|Clanging Scales|p2b: Cyrus Drake|[spread] p2a,p2b
|-damage|p2a: Stunned!|33/100
|-damage|p2b: Cyrus Drake|52/100
|-unboost|p1b: Kommo-o|def|1
|-enditem|p1b: Kommo-o|Throat Spray
|-boost|p1b: Kommo-o|spa|1|[from] item: Throat Spray
|move|p2a: Stunned!|Spore|p1b: Kommo-o
|-status|p1b: Kommo-o|slp|[from] move: Spore
|
|-weather|Snowscape|[upkeep]
|upkeep
|turn|2
|inactive|kommoneitor has 30 seconds left.
|inactive|escapadian has 30 seconds left.
|
|t:|1757736343
|switch|p2a: Koko Smokesign|Annihilape, L50, F|100/100
|move|p1a: Ninetales|Protect|p1a: Ninetales
|-singleturn|p1a: Ninetales|Protect
|cant|p1b: Kommo-o|slp
|move|p2b: Cyrus Drake|Parting Shot|p1b: Kommo-o
|-immune|p1b: Kommo-o|[from] ability: Soundproof
|
|-weather|Snowscape|[upkeep]
|upkeep
|turn|3
|inactive|escapadian has 30 seconds left.
|
|t:|1757736373
|move|p1a: Ninetales|Aurora Veil|p1a: Ninetales
|-sidestart|p1: kommoneitor|move: Aurora Veil
|move|p2a: Koko Smokesign|Close Combat|p1b: Kommo-o
|-damage|p1b: Kommo-o|48/100 slp
|-unboost|p2a: Koko Smokesign|def|1
|-unboost|p2a: Koko Smokesign|spd|1
|cant|p1b: Kommo-o|slp
|move|p2b: Cyrus Drake|Knock Off|p1a: Ninetales
|-resisted|p1a: Ninetales
|-damage|p1a: Ninetales|86/100
|-enditem|p1a: Ninetales|Focus Sash|[from] move: Knock Off|[of] p2b: Cyrus Drake
|
|-weather|Snowscape|[upkeep]
|upkeep
|turn|4
|inactive|escapadian has 30 seconds left.
|
|t:|1757736402
|-terastallize|p1a: Ninetales|Ice
|move|p1a: Ninetales|Blizzard|p2a: Koko Smokesign|[spread] p2a,p2b
|-resisted|p2b: Cyrus Drake
|-damage|p2a: Koko Smokesign|40/100
|-damage|p2b: Cyrus Drake|36/100
|-status|p2b: Cyrus Drake|frz
|move|p2a: Koko Smokesign|Rage Fist|p1b: Kommo-o
|-damage|p1b: Kommo-o|0 fnt
|faint|p1b: Kommo-o
|-curestatus|p2b: Cyrus Drake|frz|[from] move: Flare Blitz
|move|p2b: Cyrus Drake|Flare Blitz|p1a: Ninetales
|-supereffective|p1a: Ninetales
|-damage|p1a: Ninetales|13/100
|-damage|p2b: Cyrus Drake|18/100|[from] Recoil
|
|-weather|Snowscape|[upkeep]
|upkeep
|
|t:|1757736414
|switch|p1b: Rillaboom|Rillaboom, L50, M|100/100
|-fieldstart|move: Grassy Terrain|[from] ability: Grassy Surge|[of] p1b: Rillaboom
|turn|5
|
|t:|1757736428
|move|p1b: Rillaboom|Grassy Glide|p2a: Koko Smokesign
|-damage|p2a: Koko Smokesign|0 fnt
|faint|p2a: Koko Smokesign
|move|p1a: Ninetales|Blizzard|p2b: Cyrus Drake
|-resisted|p2b: Cyrus Drake
|-damage|p2b: Cyrus Drake|0 fnt
|faint|p2b: Cyrus Drake
|
|-weather|none
|-heal|p1a: Ninetales|19/100|[from] Grassy Terrain
|upkeep
|
|t:|1757736437
|switch|p2a: Scarecrow|Gholdengo, L50|100/100
|switch|p2b: Stunned!|Amoonguss, L50, M|67/100
|turn|6
|
|t:|1757736460
|move|p1a: Ninetales|Blizzard|p2a: Scarecrow|[spread] p2b
|-miss|p1a: Ninetales|p2a: Scarecrow
|-supereffective|p2b: Stunned!
|-damage|p2b: Stunned!|0 fnt
|faint|p2b: Stunned!
|move|p2a: Scarecrow|Shadow Ball|p1a: Ninetales
|-damage|p1a: Ninetales|0 fnt
|faint|p1a: Ninetales
|-damage|p2a: Scarecrow|91/100|[from] item: Life Orb
|move|p1b: Rillaboom|Wood Hammer|p2a: Scarecrow
|-resisted|p2a: Scarecrow
|-damage|p2a: Scarecrow|41/100
|-damage|p1b: Rillaboom|85/100|[from] Recoil
|
|-heal|p2a: Scarecrow|47/100|[from] Grassy Terrain
|-heal|p1b: Rillaboom|91/100|[from] Grassy Terrain
|upkeep
|
|t:|1757736478
|switch|p1a: Basculegion|Basculegion, L50, M|100/100
|turn|7
|
|t:|1757736486
|move|p1b: Rillaboom|Grassy Glide|p2a: Scarecrow
|-resisted|p2a: Scarecrow
|-damage|p2a: Scarecrow|23/100
|move|p1a: Basculegion|Last Respects|p2a: Scarecrow
|-supereffective|p2a: Scarecrow
|-damage|p2a: Scarecrow|0 fnt
|faint|p2a: Scarecrow
|
|win|kommoneitor
||escapadian is ready for game 2.
|inactive|kommoneitor has 30 seconds to confirm battle start!
|inactive|kommoneitor has 20 seconds to confirm battle start!
|inactive|kommoneitor has 10 seconds to confirm battle start!
|uhtml|next|Next: Game 2 of 3
