|j|☆Luh_simoes-04
|j|☆Lucario Palworld
|html|Luh_simoes-04Lucario Palworld    
|uhtml|bestof|Game 1 of a best-of-3
|t:|1757812212
|gametype|doubles
|player|p1|Luh_simoes-04|drayden|1284
|player|p2|Lucario Palworld|169|1370
|gen|9
|tier|[Gen 9] VGC 2025 Reg H (Bo3)
|rated|
|rule|Species Clause: Limit one of each Pokémon
|rule|Item Clause: Limit 1 of each item
|clearpoke
|poke|p1|Armarouge, L50, M|
|poke|p1|Ursaluna-Bloodmoon, L50, M|
|poke|p1|Indeedee-F, L50, F|
|poke|p1|Tsareena, L50, F|
|poke|p1|Primarina, L50, M|
|poke|p1|Gallade, L50, M|
|poke|p2|Whimsicott, L50, F|
|poke|p2|Pelipper, L50, F|
|poke|p2|Tatsugiri, L50, M|
|poke|p2|Dondozo, L50, F|
|poke|p2|Gholdengo, L50|
|poke|p2|Perrserker, L50, F|
|teampreview|4
|showteam|p1|Armarouge||PowerHerb|FlashFire|ArmorCannon,ExpandingForce,MeteorBeam,TrickRoom|||M|||50|,,,,,Grass]Ursaluna-Bloodmoon||LifeOrb|MindsEye|HyperVoice,BloodMoon,EarthPower,Protect|||M|||50|,,,,,Normal]Indeedee-F||MentalHerb|PsychicSurge|Psychic,HelpingHand,FollowMe,TrickRoom|||F|||50|,,,,,Fairy]Tsareena||WideLens|QueenlyMajesty|PowerWhip,TripleAxel,Taunt,Protect|||F|||50|,,,,,Ice]Primarina||ThroatSpray|LiquidVoice|HyperVoice,Moonblast,Haze,Protect|||M|||50|,,,,,Steel]Gallade||SafetyGoggles|Sharpness|SacredSword,PsychoCut,WideGuard,TrickRoom|||M|||50|,,,,,Water
|showteam|p2|Whimsicott||CovertCloak|Prankster|Moonblast,LightScreen,Tailwind,Encore|||F|||50|,,,,,Fire]Pelipper||FocusSash|Drizzle|Hurricane,WeatherBall,Tailwind,WideGuard|||F|||50|,,,,,Ghost]Tatsugiri||ChoiceScarf|Commander|MuddyWater,DracoMeteor,DragonPulse,IcyWind|||M|||50|,,,,,Steel]Dondozo||ClearAmulet|Unaware|Earthquake,WaveCrash,OrderUp,Protect|||F|||50|,,,,,Grass]Gholdengo||ChoiceSpecs|GoodasGold|ShadowBall,MakeItRain,FocusBlast,Thunderbolt||||||50|,,,,,Steel]Perrserker||ChopleBerry|SteelySpirit|FakeOut,IronHead,Taunt,KnockOff|||F|||50|,,,,,Steel
|inactive|Battle timer is ON: inactive players will automatically lose when time's up. (requested by Luh_simoes-04)
|inactive|Luh_simoes-04 has 60 seconds left.
|
|t:|1757812246
|teamsize|p1|4
|teamsize|p2|4
|start
|switch|p1a: Gallade|Gallade, L50, M|100/100
|switch|p1b: Armarouge|Armarouge, L50, M|100/100
|switch|p2a: Gholdengo|Gholdengo, L50|100/100
|switch|p2b: Perrserker|Perrserker, L50, F|100/100
|turn|1
|inactive|Lucario Palworld has 30 seconds left.
|
|t:|1757812280
|-terastallize|p1b: Armarouge|Grass
|move|p1a: Gallade|Wide Guard|p1a: Gallade
|-singleturn|p1a: Gallade|Wide Guard
|move|p2a: Gholdengo|Shadow Ball|p1a: Gallade
|-supereffective|p1a: Gallade
|-damage|p1a: Gallade|0 fnt
|faint|p1a: Gallade
|move|p2b: Perrserker|Taunt|p1b: Armarouge
|-start|p1b: Armarouge|move: Taunt
|cant|p1b: Armarouge|move: Taunt|Trick Room
|
|upkeep
|
|t:|1757812283
|switch|p1a: Indeedee|Indeedee-F, L50, F|100/100
|-fieldstart|move: Psychic Terrain|[from] ability: Psychic Surge|[of] p1a: Indeedee
|turn|2
|inactive|Lucario Palworld has 30 seconds left.
|
|t:|1757812309
|switch|p2a: Dondozo|Dondozo, L50, F|100/100
|move|p2b: Perrserker|Knock Off|p1b: Armarouge
|-damage|p1b: Armarouge|76/100
|-enditem|p1b: Armarouge|Power Herb|[from] move: Knock Off|[of] p2b: Perrserker
|move|p1b: Armarouge|Armor Cannon|p2a: Dondozo
|-resisted|p2a: Dondozo
|-damage|p2a: Dondozo|62/100
|-unboost|p1b: Armarouge|def|1
|-unboost|p1b: Armarouge|spd|1
|move|p1a: Indeedee|Trick Room|p1a: Indeedee
|-fieldstart|move: Trick Room|[of] p1a: Indeedee
|
|upkeep
|turn|3
|
|t:|1757812325
|switch|p1a: Primarina|Primarina, L50, M|100/100
|move|p2a: Dondozo|Protect|p2a: Dondozo
|-singleturn|p2a: Dondozo|Protect
|move|p1b: Armarouge|Armor Cannon|p2b: Perrserker
|-supereffective|p2b: Perrserker
|-damage|p2b: Perrserker|0 fnt
|-unboost|p1b: Armarouge|def|1
|-unboost|p1b: Armarouge|spd|1
|faint|p2b: Perrserker
|
|-end|p1b: Armarouge|move: Taunt
|upkeep
|
|t:|1757812336
|switch|p2b: Gholdengo|Gholdengo, L50|100/100
|turn|4
|
|t:|1757812349
|switch|p1a: Indeedee|Indeedee-F, L50, F|100/100
|switch|p2b: Tatsugiri|Tatsugiri, L50, M|100/100
|-activate|p2b: Tatsugiri|ability: Commander|[of] p2a: Dondozo
|-boost|p2a: Dondozo|atk|2
|-boost|p2a: Dondozo|spa|2
|-boost|p2a: Dondozo|spe|2
|-boost|p2a: Dondozo|def|2
|-boost|p2a: Dondozo|spd|2
|move|p1b: Armarouge|Armor Cannon|p2b: Tatsugiri|[miss]
|-miss|p1b: Armarouge|p2b: Tatsugiri
|move|p2a: Dondozo|Earthquake|p1a: Indeedee|[spread] p1a,p1b
|-miss|p2a: Dondozo|p2b: Tatsugiri
|-resisted|p1b: Armarouge
|-damage|p1a: Indeedee|49/100
|-damage|p1b: Armarouge|54/100
|
|upkeep
|turn|5
|
|t:|1757812364
|switch|p1a: Primarina|Primarina, L50, M|100/100
|move|p1b: Armarouge|Expanding Force|p2a: Dondozo|[spread] p2a
|-miss|p1b: Armarouge|p2b: Tatsugiri
|-damage|p2a: Dondozo|26/100
|move|p2a: Dondozo|Earthquake|p1b: Armarouge|[spread] p1a,p1b
|-miss|p2a: Dondozo|p2b: Tatsugiri
|-resisted|p1b: Armarouge
|-damage|p1a: Primarina|49/100
|-damage|p1b: Armarouge|32/100
|
|upkeep
|turn|6
|
|t:|1757812376
|switch|p1b: Indeedee|Indeedee-F, L50, F|49/100
|move|p1a: Primarina|Haze|p1a: Primarina
|-clearallboost
|move|p2a: Dondozo|Earthquake|p1b: Indeedee|[spread] p1a,p1b
|-miss|p2a: Dondozo|p2b: Tatsugiri
|-damage|p1a: Primarina|22/100
|-damage|p1b: Indeedee|25/100
|
|-fieldend|move: Trick Room
|-fieldend|move: Psychic Terrain
|upkeep
|turn|7
|
|t:|1757812389
|move|p2a: Dondozo|Wave Crash|p1b: Indeedee
|-damage|p1b: Indeedee|0 fnt
|faint|p1b: Indeedee
|-damage|p2a: Dondozo|20/100|[from] Recoil
|move|p1a: Primarina|Moonblast|p2a: Dondozo
|-damage|p2a: Dondozo|0 fnt
|faint|p2a: Dondozo
|
|upkeep
|
|t:|1757812397
|switch|p2a: Gholdengo|Gholdengo, L50|100/100
|switch|p1b: Armarouge|Armarouge, L50, M, tera:Grass|32/100
|turn|8
|-message|Luh_simoes-04 forfeited.
|raw|Luh_simoes-04's rating: 1284 → 1265(-19 for losing)
|raw|Lucario Palworld's rating: 1370 → 1385(+15 for winning)
|
|win|Lucario Palworld
|l|☆Luh_simoes-04
|player|p1|
|l|☆Lucario Palworld
|player|p2|
