|j|☆Clintoap
|j|☆marcosdeltasena31
|html|Clintoapmarcosdeltasena31    
|uhtml|bestof|Game 3 of a best-of-3
|t:|1757201045
|gametype|doubles
|player|p1|Clintoap|265|1217
|player|p2|marcosdeltasena31|hilbert|1351
|gen|9
|tier|[Gen 9] VGC 2025 Reg H (Bo3)
|rated|
|rule|Species Clause: Limit one of each Pokémon
|rule|Item Clause: Limit 1 of each item
|clearpoke
|poke|p1|Mandibuzz, L50, F|
|poke|p1|Corviknight, L50, F|
|poke|p1|Gholdengo, L50|
|poke|p1|Dragapult, L50, F|
|poke|p1|Sneasler, L50, M|
|poke|p1|Ceruledge, L50, F|
|poke|p2|Dragonite, L50, F|
|poke|p2|Sneasler, L50, F|
|poke|p2|Volcarona, L50, F|
|poke|p2|Rillaboom, L50, M|
|poke|p2|Kingambit, L50, F|
|poke|p2|Electabuzz, L50, F|
|teampreview|4
|showteam|p1|Mandibuzz||Leftovers|Overcoat|Tailwind,FoulPlay,Taunt,Snarl|||F|||50|,,,,,Ghost]Corviknight||SitrusBerry|MirrorArmor|BraveBird,Roost,Tailwind,BulkUp|||F|||50|,,,,,Fire]Gholdengo||LifeOrb|GoodasGold|MakeItRain,ShadowBall,Protect,NastyPlot||||||50|,,,,,Water]Dragapult||ChoiceBand|ClearBody|DragonDarts,Uturn,PhantomForce,SuckerPunch|||F|||50|,,,,,Dragon]Sneasler||FocusSash|Unburden|FakeOut,DireClaw,CloseCombat,ThroatChop|||M|||50|,,,,,Fighting]Ceruledge||ClearAmulet|FlashFire|BitterBlade,WillOWisp,Protect,PsychoCut|||F|||50|,,,,,Grass
|showteam|p2|Dragonite||LoadedDice|Multiscale|ScaleShot,ExtremeSpeed,Haze,Protect|||F|||50|,,,,,Fairy]Sneasler||FocusSash|PoisonTouch|DireClaw,CloseCombat,FakeOut,Coaching|||F|||50|,,,,,Ghost]Volcarona||CovertCloak|FlameBody|HeatWave,TeraBlast,QuiverDance,Protect|||F|||50|,,,,,Fairy]Rillaboom||AssaultVest|GrassySurge|WoodHammer,FakeOut,GrassyGlide,HighHorsepower|||M|||50|,,,,,Fire]Kingambit||BlackGlasses|Defiant|KowtowCleave,SwordsDance,SuckerPunch,Protect|||F|||50|,,,,,Dark]Electabuzz||Eviolite|VitalSpirit|Thunderbolt,FollowMe,Taunt,Protect|||F|||50|,,,,,Ghost
|inactive|Battle timer is ON: inactive players will automatically lose when time's up. (requested by Clintoap)
|
|t:|1757201104
|teamsize|p1|4
|teamsize|p2|4
|start
|switch|p1a: Sneasler|Sneasler, L50, M|100/100
|switch|p1b: Corviknight|Corviknight, L50, F|100/100
|switch|p2a: Volcarona|Volcarona, L50, F|100/100
|switch|p2b: Electabuzz|Electabuzz, L50, F|100/100
|turn|1
|
|t:|1757201128
|-terastallize|p1b: Corviknight|Fire
|move|p2a: Volcarona|Protect|p2a: Volcarona
|-singleturn|p2a: Volcarona|Protect
|move|p1a: Sneasler|Dire Claw|p2a: Volcarona
|-activate|p2a: Volcarona|move: Protect
|move|p2b: Electabuzz|Taunt|p1b: Corviknight
|-start|p1b: Corviknight|move: Taunt
|cant|p1b: Corviknight|move: Taunt|Tailwind
|
|upkeep
|turn|2
|inactive|Clintoap has 30 seconds left.
|inactive|Clintoap has 20 seconds left.
|inactive|Clintoap has 15 seconds left.
|
|t:|1757201168
|switch|p1b: Ceruledge|Ceruledge, L50, F|100/100
|move|p2b: Electabuzz|Follow Me|p2b: Electabuzz
|-singleturn|p2b: Electabuzz|move: Follow Me
|move|p1a: Sneasler|Dire Claw|p2b: Electabuzz
|-damage|p2b: Electabuzz|68/100
|move|p2a: Volcarona|Quiver Dance|p2a: Volcarona
|-boost|p2a: Volcarona|spa|1
|-boost|p2a: Volcarona|spd|1
|-boost|p2a: Volcarona|spe|1
|
|upkeep
|turn|3
|
|t:|1757201182
|move|p2a: Volcarona|Protect|p2a: Volcarona
|-singleturn|p2a: Volcarona|Protect
|move|p1a: Sneasler|Dire Claw|p2a: Volcarona
|-activate|p2a: Volcarona|move: Protect
|move|p1b: Ceruledge|Bitter Blade|p2a: Volcarona
|-activate|p2a: Volcarona|move: Protect
|move|p2b: Electabuzz|Thunderbolt|p1a: Sneasler
|-damage|p1a: Sneasler|58/100
|-status|p1a: Sneasler|par
|
|upkeep
|turn|4
|
|t:|1757201202
|-terastallize|p2a: Volcarona|Fairy
|move|p2b: Electabuzz|Follow Me|p2b: Electabuzz
|-singleturn|p2b: Electabuzz|move: Follow Me
|move|p2a: Volcarona|Tera Blast|p1a: Sneasler|[anim] Tera Blast Fairy
|-damage|p1a: Sneasler|0 fnt
|faint|p1a: Sneasler
|move|p1b: Ceruledge|Bitter Blade|p2b: Electabuzz
|-damage|p2b: Electabuzz|34/100
|
|upkeep
|
|t:|1757201211
|switch|p1a: Corviknight|Corviknight, L50, F, tera:Fire|100/100
|turn|5
|
|t:|1757201230
|move|p2a: Volcarona|Tera Blast|p1a: Corviknight|[anim] Tera Blast Fairy
|-resisted|p1a: Corviknight
|-damage|p1a: Corviknight|74/100
|move|p1b: Ceruledge|Bitter Blade|p2b: Electabuzz
|-damage|p2b: Electabuzz|0 fnt
|faint|p2b: Electabuzz
|move|p1a: Corviknight|Tailwind|p1a: Corviknight
|-sidestart|p1: Clintoap|move: Tailwind
|
|upkeep
|
|t:|1757201238
|switch|p2b: Kingambit|Kingambit, L50, F|100/100
|turn|6
|
|t:|1757201256
|move|p2b: Kingambit|Sucker Punch||[still]
|-fail|p2b: Kingambit
|move|p1b: Ceruledge|Will-O-Wisp|p2b: Kingambit
|-status|p2b: Kingambit|brn
|move|p2a: Volcarona|Tera Blast|p1b: Ceruledge|[anim] Tera Blast Fairy
|-resisted|p1b: Ceruledge
|-damage|p1b: Ceruledge|66/100
|move|p1a: Corviknight|Bulk Up|p1a: Corviknight
|-boost|p1a: Corviknight|atk|1
|-boost|p1a: Corviknight|def|1
|
|-damage|p2b: Kingambit|95/100 brn|[from] brn
|upkeep
|turn|7
|
|t:|1757201278
|move|p1b: Ceruledge|Protect|p1b: Ceruledge
|-singleturn|p1b: Ceruledge|Protect
|move|p2a: Volcarona|Protect|p2a: Volcarona
|-singleturn|p2a: Volcarona|Protect
|move|p2b: Kingambit|Sucker Punch||[still]
|-fail|p2b: Kingambit
|move|p1a: Corviknight|Bulk Up|p1a: Corviknight
|-boost|p1a: Corviknight|atk|1
|-boost|p1a: Corviknight|def|1
|
|-damage|p2b: Kingambit|89/100 brn|[from] brn
|upkeep
|turn|8
|
|t:|1757201302
|switch|p1b: Mandibuzz|Mandibuzz, L50, F|100/100
|move|p2a: Volcarona|Tera Blast|p1a: Corviknight|[anim] Tera Blast Fairy
|-resisted|p1a: Corviknight
|-damage|p1a: Corviknight|45/100
|-enditem|p1a: Corviknight|Sitrus Berry|[eat]
|-heal|p1a: Corviknight|70/100|[from] item: Sitrus Berry
|move|p1a: Corviknight|Brave Bird|p2a: Volcarona
|-damage|p2a: Volcarona|0 fnt
|faint|p2a: Volcarona
|-damage|p1a: Corviknight|40/100|[from] Recoil
|move|p2b: Kingambit|Kowtow Cleave|p1b: Mandibuzz
|-resisted|p1b: Mandibuzz
|-crit|p1b: Mandibuzz
|-damage|p1b: Mandibuzz|88/100
|
|-heal|p1b: Mandibuzz|94/100|[from] item: Leftovers
|-damage|p2b: Kingambit|83/100 brn|[from] brn
|-sideend|p1: Clintoap|move: Tailwind
|upkeep
|
|t:|1757201313
|switch|p2a: Dragonite|Dragonite, L50, F|100/100
|turn|9
|
|t:|1757201326
|move|p2a: Dragonite|Haze|p2a: Dragonite
|-clearallboost
|move|p1b: Mandibuzz|Tailwind|p1b: Mandibuzz
|-sidestart|p1: Clintoap|move: Tailwind
|move|p1a: Corviknight|Roost|p1a: Corviknight
|-heal|p1a: Corviknight|91/100
|move|p2b: Kingambit|Kowtow Cleave|p1a: Corviknight
|-damage|p1a: Corviknight|67/100
|
|-heal|p1b: Mandibuzz|99/100|[from] item: Leftovers
|-damage|p2b: Kingambit|77/100 brn|[from] brn
|upkeep
|turn|10
|
|t:|1757201346
|move|p1b: Mandibuzz|Taunt|p2a: Dragonite
|-start|p2a: Dragonite|move: Taunt
|move|p1a: Corviknight|Bulk Up|p1a: Corviknight
|-boost|p1a: Corviknight|atk|1
|-boost|p1a: Corviknight|def|1
|move|p2a: Dragonite|Scale Shot|p1a: Corviknight
|-damage|p1a: Corviknight|58/100
|-damage|p1a: Corviknight|49/100
|-damage|p1a: Corviknight|41/100
|-damage|p1a: Corviknight|34/100
|-damage|p1a: Corviknight|26/100
|-hitcount|p1a: Corviknight|5
|-unboost|p2a: Dragonite|def|1
|-boost|p2a: Dragonite|spe|1
|move|p2b: Kingambit|Swords Dance|p2b: Kingambit
|-boost|p2b: Kingambit|atk|2
|
|-heal|p1b: Mandibuzz|100/100|[from] item: Leftovers
|-damage|p2b: Kingambit|72/100 brn|[from] brn
|upkeep
|turn|11
|
|t:|1757201368
|move|p2a: Dragonite|Extreme Speed|p1a: Corviknight
|-damage|p1a: Corviknight|8/100
|move|p2b: Kingambit|Sucker Punch||[still]
|-fail|p2b: Kingambit
|move|p1b: Mandibuzz|Foul Play|p2a: Dragonite
|-damage|p2a: Dragonite|56/100
|move|p1a: Corviknight|Roost|p1a: Corviknight
|-heal|p1a: Corviknight|58/100
|
|-damage|p2b: Kingambit|66/100 brn|[from] brn
|upkeep
|turn|12
|
|t:|1757201380
|move|p1b: Mandibuzz|Foul Play|p2a: Dragonite
|-damage|p2a: Dragonite|0 fnt
|faint|p2a: Dragonite
|move|p1a: Corviknight|Roost|p1a: Corviknight
|-heal|p1a: Corviknight|100/100
|move|p2b: Kingambit|Kowtow Cleave|p1a: Corviknight
|-damage|p1a: Corviknight|67/100
|
|-damage|p2b: Kingambit|60/100 brn|[from] brn
|-sideend|p1: Clintoap|move: Tailwind
|upkeep
|turn|13
|
|t:|1757201396
|move|p1b: Mandibuzz|Foul Play|p2b: Kingambit
|-resisted|p2b: Kingambit
|-damage|p2b: Kingambit|22/100 brn
|move|p1a: Corviknight|Bulk Up|p1a: Corviknight
|-boost|p1a: Corviknight|atk|1
|-boost|p1a: Corviknight|def|1
|move|p2b: Kingambit|Kowtow Cleave|p1a: Corviknight
|-damage|p1a: Corviknight|42/100
|
|-damage|p2b: Kingambit|16/100 brn|[from] brn
|upkeep
|turn|14
|-message|marcosdeltasena31 forfeited.
|raw|Clintoap's rating: 1217 → 1251(+34 for winning)
|raw|marcosdeltasena31's rating: 1351 → 1324(-27 for losing)
|
|win|Clintoap
|l|☆Clintoap
|player|p1|
