|j|‽meattea
|j|‽propertyofcynthia
|html|meatteapropertyofcynthia    
|uhtml|bestof|Game 1 of a best-of-3
|t:|1785688792
|gametype|doubles
|player|p1|meattea|hooligans|
|player|p2|propertyofcynthia|cynthia|
|gen|9
|tier|[Gen 9 Champions] VGC 2026 Reg M-B (Bo3)
|rule|Species Clause: Limit one of each Pokémon
|rule|Item Clause: Limit 1 of each item
|clearpoke
|poke|p1|Toucannon, L50, F|
|poke|p1|Runerigus, L50, M|
|poke|p1|Tinkaton, L50, F|
|poke|p1|Zoroark, L50, F|
|poke|p1|Heliolisk, L50, M|
|poke|p1|Simisear, L50, M|
|poke|p2|Runerigus, L50, M|
|poke|p2|Toucannon, L50, M|
|poke|p2|Tinkaton, L50, F|
|poke|p2|Mr. Rime, L50, M|
|poke|p2|Zoroark, L50, F|
|poke|p2|Heliolisk, L50, F|
|teampreview|4
|showteam|p1|Toucannon||IronBall|SkillLink|HelpingHand,Protect,BraveBird,BulletSeed|Brave||F|||50|]Runerigus||WideLens|WanderingSpirit|TrickRoom,Earthquake,Poltergeist,RockSlide|Brave||M|||50|]Tinkaton||LightClay|MoldBreaker|FakeOut,Reflect,LightScreen,GigatonHammer|Jolly||F|||50|]Zoroark||FocusSash|Illusion|NastyPlot,DarkPulse,Extrasensory,Flamethrower|Timid||F|||50|]Heliolisk||SitrusBerry|DrySkin|AllySwitch,Electroweb,Thunderbolt,Surf|Timid||M|||50|]Simisear||LifeOrb|Gluttony|NastyPlot,HeatWave,GrassKnot,Protect|Timid||M|||50|
|showteam|p2|Runerigus||SitrusBerry|WanderingSpirit|Earthquake,Poltergeist,TrickRoom,Protect|Brave||M|||50|]Toucannon||KingsRock|SkillLink|BraveBird,RockBlast,BulletSeed,Protect|Brave||M|||50|]Tinkaton||OccaBerry|MoldBreaker|PlayRough,GigatonHammer,FakeOut,Protect|Jolly||F|||50|]Mr. Rime||NeverMeltIce|TangledFeet|FreezeDry,Psychic,DazzlingGleam,Protect|Quiet||M|||50|]Zoroark||LifeOrb|Illusion|NightDaze,Flamethrower,Snarl,Detect|Timid||F|||50|]Heliolisk||FocusSash|DrySkin|Thunderbolt,Electroweb,HyperVoice,Protect|Timid||F|||50|
|inactive|Battle timer is ON: inactive players will automatically lose when time's up. (requested by propertyofcynthia)
|inactive|meattea has 60 seconds left.
|
|t:|1785688848
|teamsize|p1|4
|teamsize|p2|4
|start
|switch|p1a: Runerigus|Runerigus, L50, M|100/100
|switch|p1b: Tinkaton|Tinkaton, L50, F|100/100
|switch|p2a: Runerigus|Runerigus, L50, M|100/100
|switch|p2b: Tinkaton|Tinkaton, L50, F|100/100
|-ability|p2b: Tinkaton|Mold Breaker
|-ability|p1b: Tinkaton|Mold Breaker
|turn|1
|inactive|meattea has 30 seconds left.
|inactive|propertyofcynthia has 30 seconds left.
|inactive|meattea has 20 seconds left.
|inactive|propertyofcynthia has 20 seconds left.
|
|t:|1785688886
|move|p2b: Tinkaton|Protect|p2b: Tinkaton
|-singleturn|p2b: Tinkaton|Protect
|move|p1b: Tinkaton|Fake Out|p2a: Runerigus
|-immune|p2a: Runerigus
|move|p1a: Runerigus|Nasty Plot|p1a: Runerigus
|-boost|p1a: Runerigus|spa|2
|move|p2a: Runerigus|Earthquake|p1a: Runerigus|[spread] p1a,p1b
|-activate|p2b: Tinkaton|move: Protect
|-supereffective|p1b: Tinkaton|1
|-damage|p1a: Runerigus|29/100
|-damage|p1b: Tinkaton|16/100
|replace|p1a: Zoroark|Zoroark, L50, F
|-end|p1a: Zoroark|Illusion
|
|upkeep
|turn|2
|
|t:|1785688908
|move|p1a: Zoroark|Flamethrower|p2b: Tinkaton
|-supereffective|p2b: Tinkaton|1
|-enditem|p2b: Tinkaton|Occa Berry|[eat]
|-enditem|p2b: Tinkaton|Occa Berry|[weaken]
|-damage|p2b: Tinkaton|40/100
|move|p2b: Tinkaton|Gigaton Hammer|p1a: Zoroark
|-damage|p1a: Zoroark|0 fnt
|faint|p1a: Zoroark
|move|p1b: Tinkaton|Reflect|p1b: Tinkaton
|-sidestart|p1: meattea|Reflect
|move|p2a: Runerigus|Poltergeist|p1b: Tinkaton
|-activate|p1b: Tinkaton|move: Poltergeist|Light Clay
|-damage|p1b: Tinkaton|0 fnt
|faint|p1b: Tinkaton
|
|upkeep
|
|t:|1785688921
|switch|p1a: Toucannon|Toucannon, L50, F|100/100
|switch|p1b: Runerigus|Runerigus, L50, M|100/100
|turn|3
|
|t:|1785688945
|move|p2b: Tinkaton|Play Rough|p1a: Toucannon
|-damage|p1a: Toucannon|71/100
|move|p2a: Runerigus|Poltergeist|p1b: Runerigus
|-activate|p1b: Runerigus|move: Poltergeist|Wide Lens
|-supereffective|p1b: Runerigus|1
|-damage|p1b: Runerigus|46/100
|move|p1a: Toucannon|Bullet Seed|p2a: Runerigus
|-supereffective|p2a: Runerigus|1
|-damage|p2a: Runerigus|84/100
|-supereffective|p2a: Runerigus|1
|-damage|p2a: Runerigus|69/100
|-supereffective|p2a: Runerigus|1
|-damage|p2a: Runerigus|55/100
|-supereffective|p2a: Runerigus|1
|-damage|p2a: Runerigus|39/100
|-enditem|p2a: Runerigus|Sitrus Berry|[eat]
|-heal|p2a: Runerigus|64/100|[from] item: Sitrus Berry
|-supereffective|p2a: Runerigus|1
|-damage|p2a: Runerigus|47/100
|-hitcount|p2a: Runerigus|5
|move|p1b: Runerigus|Trick Room|p1b: Runerigus
|-fieldstart|move: Trick Room|[of] p1b: Runerigus
|
|upkeep
|turn|4
|inactive|meattea has 30 seconds left.
|inactive|meattea has 20 seconds left.
|inactive|meattea has 15 seconds left.
|inactive|meattea has 10 seconds left.
|
|t:|1785688992
|move|p1a: Toucannon|Protect|p1a: Toucannon
|-singleturn|p1a: Toucannon|Protect
|move|p2b: Tinkaton|Protect|p2b: Tinkaton
|-singleturn|p2b: Tinkaton|Protect
|move|p1b: Runerigus|Earthquake|p2a: Runerigus|[spread] p2a
|-activate|p1a: Toucannon|move: Protect
|-activate|p2b: Tinkaton|move: Protect
|-damage|p2a: Runerigus|21/100
|move|p2a: Runerigus|Poltergeist|p1b: Runerigus
|-activate|p1b: Runerigus|move: Poltergeist|Wide Lens
|-supereffective|p1b: Runerigus|1
|-damage|p1b: Runerigus|0 fnt
|faint|p1b: Runerigus
|
|upkeep
|turn|5
|inactive|meattea has 30 seconds left.
|
|t:|1785689025
|switch|p2a: Mr. Rime|Mr. Rime, L50, M|100/100
|move|p1a: Toucannon|Brave Bird|p2b: Tinkaton
|-resisted|p2b: Tinkaton|1
|-damage|p2b: Tinkaton|0 fnt
|faint|p2b: Tinkaton
|-damage|p1a: Toucannon|59/100|[from] Recoil
|
|upkeep
|
|t:|1785689031
|switch|p2b: Toucannon|Toucannon, L50, M|100/100
|turn|6
|
|t:|1785689039
|move|p1a: Toucannon|Bullet Seed|p2a: Mr. Rime
|-damage|p2a: Mr. Rime|88/100
|-damage|p2a: Mr. Rime|76/100
|-damage|p2a: Mr. Rime|64/100
|-damage|p2a: Mr. Rime|52/100
|-damage|p2a: Mr. Rime|42/100
|-hitcount|p2a: Mr. Rime|5
|move|p2b: Toucannon|Rock Blast|p1a: Toucannon
|-supereffective|p1a: Toucannon|1
|-damage|p1a: Toucannon|45/100
|-supereffective|p1a: Toucannon|1
|-damage|p1a: Toucannon|29/100
|-supereffective|p1a: Toucannon|1
|-damage|p1a: Toucannon|15/100
|-supereffective|p1a: Toucannon|1
|-damage|p1a: Toucannon|1/100
|-supereffective|p1a: Toucannon|1
|-crit|p1a: Toucannon
|-damage|p1a: Toucannon|0 fnt
|faint|p1a: Toucannon
|-hitcount|p1: Toucannon|5
|
|win|propertyofcynthia
||meattea is ready for game 2.
|inactive|propertyofcynthia has 30 seconds to confirm battle start!
||propertyofcynthia is ready for game 2.
|uhtml|next|Next: Game 2 of 3
