|j|☆Lorido
|j|☆MrManlyMeep
|html|LoridoMrManlyMeep    
|uhtml|bestof|Game 1 of a best-of-3
|t:|1785770603
|gametype|doubles
|player|p1|Lorido|266|1195
|player|p2|MrManlyMeep|101|1066
|gen|9
|tier|[Gen 9 Champions] VGC 2026 Reg M-B (Bo3)
|rated|
|rule|Species Clause: Limit one of each Pokémon
|rule|Item Clause: Limit 1 of each item
|clearpoke
|poke|p1|Delphox, L50, F|
|poke|p1|Sneasler, L50, F|
|poke|p1|Incineroar, L50, M|
|poke|p1|Floette-Eternal, L50, F|
|poke|p1|Kingambit, L50, M|
|poke|p1|Sinistcha, L50|
|poke|p2|Clefable, L50, F|
|poke|p2|Tyranitar, L50, F|
|poke|p2|Gholdengo, L50|
|poke|p2|Lucario, L50, M|
|poke|p2|Hydreigon, L50, M|
|poke|p2|Azumarill, L50, M|
|teampreview|4
|showteam|p1|Delphox||Delphoxite|Blaze|HeatWave,Psychic,NastyPlot,Protect|Timid||F|||50|]Sneasler||FocusSash|PoisonTouch|CloseCombat,PoisonJab,FakeOut,QuickGuard|Jolly||F|||50|]Incineroar||SitrusBerry|Intimidate|FlareBlitz,DarkestLariat,FakeOut,PartingShot|Careful||M|||50|]Floette-Eternal||Floettite|FlowerVeil|DazzlingGleam,DrainingKiss,CalmMind,Protect|Bold||F|||50|]Kingambit||BlackGlasses|Defiant|KowtowCleave,SuckerPunch,SwordsDance,Protect|Adamant||M|||50|]Sinistcha||OccaBerry|Hospitality|MatchaGotcha,RagePowder,TrickRoom,Protect|Bold|||||50|
|showteam|p2|Clefable||Clefablite|Unaware|FollowMe,CalmMind,Moonblast,Protect|Bold||F|||50|]Tyranitar||LumBerry|SandStream|StealthRock,KnockOff,RockSlide,Protect|Careful||F|||50|]Gholdengo||LifeOrb|GoodasGold|NastyPlot,MakeItRain,ShadowBall,Protect|Modest|||||50|]Lucario||Lucarionite|InnerFocus|AuraSphere,VacuumWave,FlashCannon,Protect|Timid||M|||50|]Hydreigon||ChoiceScarf|Levitate|DracoMeteor,DarkPulse,EarthPower,HeatWave|Timid||M|||50|]Azumarill||MysticWater|HugePower|AquaJet,Liquidation,IceSpinner,Protect|Adamant||M|||50|
|
|t:|1785770682
|teamsize|p1|4
|teamsize|p2|4
|start
|switch|p1a: Sneasler|Sneasler, L50, F|100/100
|switch|p1b: Kingambit|Kingambit, L50, M|100/100
|switch|p2a: Gholdengo|Gholdengo, L50|100/100
|switch|p2b: Clefable|Clefable, L50, F|100/100
|turn|1
|
|t:|1785770719
|detailschange|p2b: Clefable|Clefable-Mega, L50, F
|-mega|p2b: Clefable|Clefable|Clefablite
|move|p2b: Clefable|Follow Me|p2b: Clefable
|-singleturn|p2b: Clefable|move: Follow Me
|move|p1a: Sneasler|Poison Jab|p2b: Clefable
|-supereffective|p2b: Clefable|1
|-damage|p2b: Clefable|45/100
|-status|p2b: Clefable|psn
|move|p2a: Gholdengo|Shadow Ball|p1a: Sneasler
|-damage|p1a: Sneasler|19/100
|-damage|p2a: Gholdengo|90/100|[from] item: Life Orb
|move|p1b: Kingambit|Swords Dance|p1b: Kingambit
|-boost|p1b: Kingambit|atk|2
|
|-damage|p2b: Clefable|33/100 psn|[from] psn
|upkeep
|turn|2
|
|t:|1785770756
|move|p1a: Sneasler|Poison Jab|p2b: Clefable
|-supereffective|p2b: Clefable|1
|-damage|p2b: Clefable|0 fnt
|faint|p2b: Clefable
|move|p2a: Gholdengo|Make It Rain|p1b: Kingambit|[spread] p1a,p1b
|-resisted|p1b: Kingambit|1
|-damage|p1a: Sneasler|0 fnt
|-damage|p1b: Kingambit|67/100
|-unboost|p2a: Gholdengo|spa|2
|faint|p1a: Sneasler
|-damage|p2a: Gholdengo|80/100|[from] item: Life Orb
|move|p1b: Kingambit|Kowtow Cleave|p2a: Gholdengo
|-supereffective|p2a: Gholdengo|1
|-damage|p2a: Gholdengo|0 fnt
|faint|p2a: Gholdengo
|
|upkeep
|
|t:|1785770775
|switch|p1a: Sinistcha|Sinistcha, L50|100/100
|switch|p2a: Azumarill|Azumarill, L50, M|100/100
|switch|p2b: Hydreigon|Hydreigon, L50, M|100/100
|-heal|p1b: Kingambit|91/100|[from] ability: Hospitality|[of] p1a: Sinistcha
|turn|3
|
|t:|1785770804
|move|p1a: Sinistcha|Protect|p1a: Sinistcha
|-singleturn|p1a: Sinistcha|Protect
|move|p1b: Kingambit|Protect|p1b: Kingambit
|-singleturn|p1b: Kingambit|Protect
|move|p2b: Hydreigon|Heat Wave|p1a: Sinistcha|[spread] 
|-activate|p1a: Sinistcha|move: Protect
|-activate|p1b: Kingambit|move: Protect
|move|p2a: Azumarill|Ice Spinner|p1a: Sinistcha
|-activate|p1a: Sinistcha|move: Protect
|
|upkeep
|turn|4
|
|t:|1785770831
|move|p1b: Kingambit|Sucker Punch|p2a: Azumarill
|-resisted|p2a: Azumarill|1
|-damage|p2a: Azumarill|50/100g
|move|p2b: Hydreigon|Heat Wave|p1b: Kingambit|[spread] p1a
|-miss|p2b: Hydreigon|p1b: Kingambit
|-supereffective|p1a: Sinistcha|1
|-enditem|p1a: Sinistcha|Occa Berry|[eat]
|-enditem|p1a: Sinistcha|Occa Berry|[weaken]
|-damage|p1a: Sinistcha|77/100
|move|p1a: Sinistcha|Matcha Gotcha|p2b: Hydreigon|[spread] p2a
|-miss|p1a: Sinistcha|p2b: Hydreigon
|-supereffective|p2a: Azumarill|1
|-damage|p2a: Azumarill|3/100
|-heal|p1a: Sinistcha|100/100|[from] drain|[of] p2a: Azumarill
|-status|p2a: Azumarill|brn
|move|p2a: Azumarill|Ice Spinner|p1a: Sinistcha
|-supereffective|p1a: Sinistcha|1
|-damage|p1a: Sinistcha|72/100
|
|-damage|p2a: Azumarill|0 fnt|[from] brn
|faint|p2a: Azumarill
|upkeep
|turn|5
|-message|MrManlyMeep forfeited.
|
|win|Lorido
