|j|☆aqawa
|j|☆Kalycgos
|html|aqawaKalycgos    
|uhtml|bestof|Game 2 of a best-of-3
|t:|1783873338
|gametype|doubles
|player|p1|aqawa|101|1013
|player|p2|Kalycgos|102|1000
|gen|9
|tier|[Gen 9 Champions] VGC 2026 Reg M-B (Bo3)
|rated|
|rule|Species Clause: Limit one of each Pokémon
|rule|Item Clause: Limit 1 of each item
|clearpoke
|poke|p1|Maushold-Four, L50|
|poke|p1|Meowscarada, L50, F|
|poke|p1|Staraptor, L50, M|
|poke|p1|Kingambit, L50, M|
|poke|p1|Torkoal, L50, F|
|poke|p1|Floette-Eternal, L50, F|
|poke|p2|Garchomp, L50, M, shiny|
|poke|p2|Charizard, L50, M, shiny|
|poke|p2|Whimsicott, L50, F|
|poke|p2|Sylveon, L50, F|
|poke|p2|Kingambit, L50, M|
|poke|p2|Basculegion, L50, M|
|teampreview|4
|showteam|p1|Maushold-Four||WideLens|Technician|PopulationBomb,FollowMe,Protect,Feint|Jolly|||||50|]Meowscarada||LifeOrb|Overgrow|FlowerTrick,KnockOff,HelpingHand,Protect|Jolly||F|||50|]Staraptor||Staraptite|Intimidate|CloseCombat,BraveBird,Facade,Protect|Adamant||M|||50|]Kingambit||FocusSash|Defiant|Protect,SuckerPunch,KowtowCleave,IronHead|Jolly||M|||50|]Torkoal||Leftovers|Drought|Protect,Yawn,BurningJealousy,Bulldoze|Sassy||F|||50|]Floette-Eternal||Floettite|FlowerVeil|Moonblast,CalmMind,DazzlingGleam,Protect|Modest||F|||50|
|showteam|p2|Garchomp||LifeOrb|RoughSkin|DragonClaw,Earthquake,RockSlide,Protect|Jolly||M|||50|]Charizard||CharizarditeY|Blaze|HeatWave,SolarBeam,AncientPower,Protect|Modest||M|||50|]Whimsicott||FocusSash|Prankster|Moonblast,Tailwind,Encore,Protect|Timid||F|||50|]Sylveon||FairyFeather|Pixilate|HyperVoice,HyperBeam,QuickAttack,Detect|Modest||F|||50|]Kingambit||BlackGlasses|Defiant|KowtowCleave,IronHead,SuckerPunch,LowKick|Adamant||M|||50|]Basculegion||MysticWater|Adaptability|LastRespects,WaveCrash,AquaJet,Protect|Adamant||M|||50|
|inactive|Battle timer is ON: inactive players will automatically lose when time's up. (requested by aqawa)
|
|t:|1783873370
|teamsize|p1|4
|teamsize|p2|4
|start
|switch|p1a: Torkoal|Torkoal, L50, F|100/100
|switch|p1b: Floette|Floette-Eternal, L50, F|100/100
|switch|p2a: Goblin|Whimsicott, L50, F|100/100
|switch|p2b: Pixl|Sylveon, L50, F|100/100
|-weather|SunnyDay|[from] ability: Drought|[of] p1a: Torkoal
|turn|1
|
|t:|1783873394
|detailschange|p1b: Floette|Floette-Mega, L50, F
|-mega|p1b: Floette|Floette|Floettite
|-ability|p1b: Floette|Fairy Aura
|move|p2a: Goblin|Tailwind|p2a: Goblin
|-sidestart|p2: Kalycgos|move: Tailwind
|move|p2b: Pixl|Hyper Voice|p1a: Torkoal|[spread] p1a,p1b
|-resisted|p1a: Torkoal|1
|-damage|p1a: Torkoal|66/100
|-damage|p1b: Floette|53/100
|move|p1b: Floette|Calm Mind|p1b: Floette
|-boost|p1b: Floette|spa|1
|-boost|p1b: Floette|spd|1
|move|p1a: Torkoal|Yawn|p2a: Goblin
|-start|p2a: Goblin|move: Yawn|[of] p1a: Torkoal
|
|-weather|SunnyDay|[upkeep]
|-heal|p1a: Torkoal|72/100|[from] item: Leftovers
|upkeep
|turn|2
|
|t:|1783873415
|move|p1b: Floette|Protect|p1b: Floette
|-singleturn|p1b: Floette|Protect
|move|p2a: Goblin|Encore|p1b: Floette
|-activate|p1b: Floette|move: Protect
|move|p2b: Pixl|Hyper Beam|p1a: Torkoal
|-resisted|p1a: Torkoal|1
|-damage|p1a: Torkoal|0 fnt
|-mustrecharge|p2b: Pixl
|faint|p1a: Torkoal
|
|-weather|SunnyDay|[upkeep]
|-end|p2a: Goblin|move: Yawn|[silent]
|-status|p2a: Goblin|slp
|upkeep
|
|t:|1783873426
|switch|p1a: Maushold|Maushold-Four, L50|100/100
|turn|3
|
|t:|1783873437
|cant|p2a: Goblin|slp
|cant|p2b: Pixl|recharge
|move|p1a: Maushold|Population Bomb|p2b: Pixl
|-damage|p2b: Pixl|86/100
|-damage|p2b: Pixl|71/100
|-damage|p2b: Pixl|56/100
|-damage|p2b: Pixl|42/100
|-damage|p2b: Pixl|27/100
|-damage|p2b: Pixl|12/100
|-damage|p2b: Pixl|0 fnt
|faint|p2b: Pixl
|-hitcount|p2: Pixl|7
|move|p1b: Floette|Dazzling Gleam|p2a: Goblin
|-enditem|p2a: Goblin|Focus Sash
|-damage|p2a: Goblin|1/100 slp
|
|-weather|SunnyDay|[upkeep]
|upkeep
|
|t:|1783873446
|switch|p2b: Nidhogg|Charizard, L50, M, shiny|100/100
|turn|4
|
|t:|1783873459
|detailschange|p2b: Nidhogg|Charizard-Mega-Y, L50, M, shiny
|-mega|p2b: Nidhogg|Charizard|Charizardite Y
|move|p1a: Maushold|Protect|p1a: Maushold
|-singleturn|p1a: Maushold|Protect
|cant|p2a: Goblin|slp
|move|p2b: Nidhogg|Solar Beam||[still]
|-prepare|p2b: Nidhogg|Solar Beam
|-anim|p2b: Nidhogg|Solar Beam|p1b: Floette
|-damage|p1b: Floette|30/100
|move|p1b: Floette|Dazzling Gleam|p2a: Goblin|[spread] p2a,p2b
|-crit|p2a: Goblin
|-resisted|p2b: Nidhogg|1
|-damage|p2a: Goblin|0 fnt
|-damage|p2b: Nidhogg|68/100
|faint|p2a: Goblin
|
|-weather|SunnyDay|[upkeep]
|-sideend|p2: Kalycgos|move: Tailwind
|upkeep
|
|t:|1783873468
|switch|p2a: Feesh|Basculegion, L50, M|100/100
|turn|5
|
|t:|1783873485
|move|p1a: Maushold|Population Bomb|p2b: Nidhogg
|-damage|p2b: Nidhogg|54/100
|-damage|p2b: Nidhogg|40/100
|-crit|p2b: Nidhogg
|-damage|p2b: Nidhogg|21/100
|-damage|p2b: Nidhogg|7/100
|-damage|p2b: Nidhogg|0 fnt
|faint|p2b: Nidhogg
|-hitcount|p2: Nidhogg|5
|move|p1b: Floette|Dazzling Gleam|p2a: Feesh
|-damage|p2a: Feesh|3/100
|move|p2a: Feesh|Last Respects|p1b: Floette
|-damage|p1b: Floette|0 fnt
|faint|p1b: Floette
|
|-weather|none
|upkeep
|
|t:|1783873500
|switch|p1b: Kingambit|Kingambit, L50, M|100/100
|turn|6
|
|t:|1783873510
|move|p1a: Maushold|Follow Me|p1a: Maushold
|-singleturn|p1a: Maushold|move: Follow Me
|move|p2a: Feesh|Wave Crash|p1a: Maushold
|-crit|p1a: Maushold
|-damage|p1a: Maushold|0 fnt
|faint|p1a: Maushold
|-damage|p2a: Feesh|0 fnt|[from] Recoil
|faint|p2a: Feesh
|
|win|aqawa
||Kalycgos is ready for game 3.
||aqawa is ready for game 3.
|uhtml|next|Next: Game 3 of 3
|l|☆aqawa
|player|p1|
