|j|☆parks34VGC
|j|☆elychee267
|html|parks34VGCelychee267    
|uhtml|bestof|Game 1 of a best-of-3
|t:|1783938527
|gametype|doubles
|player|p1|parks34VGC|steven|
|player|p2|elychee267|lucas-gen4pt|
|gen|9
|tier|[Gen 9 Champions] VGC 2026 Reg M-B (Bo3)
|rule|Species Clause: Limit one of each Pokémon
|rule|Item Clause: Limit 1 of each item
|clearpoke
|poke|p1|Metagross, L50|
|poke|p1|Whimsicott, L50, M|
|poke|p1|Staraptor, L50, M|
|poke|p1|Farigiraf, L50, M|
|poke|p1|Glimmora, L50, M|
|poke|p1|Grimmsnarl, L50, M|
|poke|p2|Mawile, L50, F|
|poke|p2|Swampert, L50, M|
|poke|p2|Pelipper, L50, M|
|poke|p2|Sinistcha-Masterpiece, L50|
|poke|p2|Incineroar, L50, F|
|poke|p2|Archaludon, L50, M|
|teampreview|4
|showteam|p1|Metagross||Metagrossite|ClearBody|BulletPunch,PsychicFangs,Protect,BodyPress|Jolly|||||50|]Whimsicott||FocusSash|Prankster|Moonblast,Charm,Protect,Tailwind|Timid||M|||50|]Staraptor||Staraptite|Intimidate|CloseCombat,BraveBird,Protect,Roost|Jolly||M|||50|]Farigiraf||SitrusBerry|ArmorTail|TrickRoom,HyperVoice,HelpingHand,Psychic|Bold||M|||50|]Glimmora||LifeOrb|ToxicDebris|SludgeBomb,EarthPower,SpikyShield,PowerGem|Timid||M|||50|]Grimmsnarl||LightClay|Prankster|LightScreen,Reflect,FakeOut,FoulPlay|Calm||M|||50|
|showteam|p2|Mawile||Mawilite|Intimidate|IronHead,PlayRough,SuckerPunch,Protect|Brave||F|||50|]Swampert||Swampertite|Torrent|WaveCrash,Earthquake,Protect,RockSlide|Adamant||M|||50|]Pelipper||FocusSash|Drizzle|WeatherBall,Hurricane,WideGuard,Tailwind|Timid||M|||50|]Sinistcha-Masterpiece||SitrusBerry|Hospitality|MatchaGotcha,TrickRoom,RagePowder,LifeDew|Sassy|||||50|]Incineroar||ShucaBerry|Intimidate|FakeOut,PartingShot,ThroatChop,Taunt|Careful||F|||50|]Archaludon||Leftovers|Stamina|ElectroShot,FlashCannon,AuraSphere,Protect|Modest||M|||50|
|inactive|Battle timer is ON: inactive players will automatically lose when time's up. (requested by elychee267)
|inactive|elychee267 has 60 seconds left.
|
|t:|1783938558
|teamsize|p1|4
|teamsize|p2|4
|start
|switch|p1a: Whimsicott|Whimsicott, L50, M|100/100
|switch|p1b: Staraptor|Staraptor, L50, M|100/100
|switch|p2a: Sinistcha|Sinistcha-Masterpiece, L50|100/100
|switch|p2b: Incineroar|Incineroar, L50, F|100/100
|-ability|p1b: Staraptor|Intimidate|boost
|-unboost|p2a: Sinistcha|atk|1
|-unboost|p2b: Incineroar|atk|1
|-ability|p2b: Incineroar|Intimidate|boost
|-unboost|p1a: Whimsicott|atk|1
|-unboost|p1b: Staraptor|atk|1
|turn|1
|
|t:|1783938580
|switch|p1b: Farigiraf|Farigiraf, L50, M|100/100
|switch|p2b: Pelipper|Pelipper, L50, M|100/100
|-weather|RainDance|[from] ability: Drizzle|[of] p2b: Pelipper
|move|p1a: Whimsicott|Protect|p1a: Whimsicott
|-singleturn|p1a: Whimsicott|Protect
|move|p2a: Sinistcha|Trick Room|p2a: Sinistcha
|-fieldstart|move: Trick Room|[of] p2a: Sinistcha
|
|-weather|RainDance|[upkeep]
|upkeep
|turn|2
|
|t:|1783938600
|move|p1b: Farigiraf|Psychic|p2a: Sinistcha
|-damage|p2a: Sinistcha|70/100
|move|p2a: Sinistcha|Matcha Gotcha|p1b: Farigiraf|[spread] p1a,p1b
|-resisted|p1a: Whimsicott|1
|-damage|p1a: Whimsicott|80/100
|-heal|p2a: Sinistcha|78/100|[from] drain|[of] p1a: Whimsicott
|-damage|p1b: Farigiraf|77/100
|-heal|p2a: Sinistcha|93/100|[from] drain|[of] p1b: Farigiraf
|-status|p1b: Farigiraf|brn
|move|p2b: Pelipper|Hurricane|p1a: Whimsicott
|-supereffective|p1a: Whimsicott|1
|-damage|p1a: Whimsicott|0 fnt
|faint|p1a: Whimsicott
|
|-weather|RainDance|[upkeep]
|-damage|p1b: Farigiraf|70/100 brn|[from] brn
|upkeep
|
|t:|1783938604
|switch|p1a: Glimmora|Glimmora, L50, M|100/100
|turn|3
|
|t:|1783938620
|move|p1b: Farigiraf|Helping Hand|p1a: Glimmora
|-singleturn|p1a: Glimmora|Helping Hand|[of] p1b: Farigiraf
|move|p2a: Sinistcha|Matcha Gotcha|p1b: Farigiraf|[spread] p1a,p1b
|-damage|p1a: Glimmora|69/100
|-heal|p2a: Sinistcha|100/100|[from] drain|[of] p1a: Glimmora
|-damage|p1b: Farigiraf|46/100 brn
|-enditem|p1b: Farigiraf|Sitrus Berry|[eat]
|-heal|p1b: Farigiraf|71/100 brn|[from] item: Sitrus Berry
|move|p2b: Pelipper|Weather Ball|p1a: Glimmora
|-supereffective|p1a: Glimmora|1
|-damage|p1a: Glimmora|0 fnt
|faint|p1a: Glimmora
|
|-weather|RainDance|[upkeep]
|-damage|p1b: Farigiraf|65/100 brn|[from] brn
|upkeep
|
|t:|1783938634
|switch|p1a: Staraptor|Staraptor, L50, M|100/100
|-ability|p1a: Staraptor|Intimidate|boost
|-unboost|p2a: Sinistcha|atk|1
|-unboost|p2b: Pelipper|atk|1
|turn|4
|
|t:|1783938644
|detailschange|p1a: Staraptor|Staraptor-Mega, L50, M
|-mega|p1a: Staraptor|Staraptor|Staraptite
|move|p1b: Farigiraf|Helping Hand|p1a: Staraptor
|-singleturn|p1a: Staraptor|Helping Hand|[of] p1b: Farigiraf
|move|p2a: Sinistcha|Matcha Gotcha|p1a: Staraptor|[spread] p1a,p1b
|-resisted|p1a: Staraptor|1
|-damage|p1a: Staraptor|87/100
|-damage|p1b: Farigiraf|43/100 brn
|move|p2b: Pelipper|Hurricane|p1a: Staraptor
|-supereffective|p1a: Staraptor|1
|-damage|p1a: Staraptor|0 fnt
|faint|p1a: Staraptor
|
|-weather|RainDance|[upkeep]
|-damage|p1b: Farigiraf|37/100 brn|[from] brn
|upkeep
|turn|5
|
|t:|1783938662
|move|p1b: Farigiraf|Hyper Voice|p2b: Pelipper|[spread] p2b
|-immune|p2a: Sinistcha
|-damage|p2b: Pelipper|60/100
|move|p2a: Sinistcha|Matcha Gotcha|p1b: Farigiraf
|-damage|p1b: Farigiraf|5/100 brn
|move|p2b: Pelipper|Weather Ball|p1b: Farigiraf
|-damage|p1b: Farigiraf|0 fnt
|faint|p1b: Farigiraf
|
|win|elychee267
||parks34VGC is ready for game 2.
||elychee267 is ready for game 2.
|uhtml|next|Next: Game 2 of 3
|l|☆parks34VGC
|player|p1|
