|j|☆Diegoelsocorrista
|j|☆Sincubii
|html|DiegoelsocorristaSincubii    
|uhtml|bestof|Game 2 of a best-of-3
|t:|1756379126
|gametype|doubles
|player|p1|Diegoelsocorrista|blaine-lgpe|1046
|player|p2|Sincubii|palmer|1097
|gen|9
|tier|[Gen 9] VGC 2025 Reg H (Bo3)
|rated|
|rule|Species Clause: Limit one of each Pokémon
|rule|Item Clause: Limit 1 of each item
|clearpoke
|poke|p1|Archaludon, L50, F|
|poke|p1|Rillaboom, L50, M|
|poke|p1|Basculegion, L50, M|
|poke|p1|Kingambit, L50, M|
|poke|p1|Pelipper, L50, M|
|poke|p1|Electabuzz, L50, F|
|poke|p2|Weavile, L50, M|
|poke|p2|Rillaboom, L50, M|
|poke|p2|Magnezone, L50|
|poke|p2|Dragonite, L50, F|
|poke|p2|Ninetales-Alola, L50, M|
|poke|p2|Infernape, L50, F|
|teampreview|4
|showteam|p1|Archaludon||AssaultVest|Stamina|ElectroShot,DracoMeteor,FlashCannon,BodyPress|||F|||50|,,,,,Fairy]Rillaboom||LoadedDice|GrassySurge|BulletSeed,GrassyGlide,FakeOut,HighHorsepower|||M|||50|,,,,,Fire]Basculegion||ChoiceBand|SwiftSwim|WaveCrash,LastRespects,FlipTurn,AquaJet|||M|||50|,,,,,Grass]Kingambit||BlackGlasses|Defiant|KowtowCleave,SuckerPunch,SwordsDance,Protect|||M|||50|,,,,,Dark]Pelipper||FocusSash|Drizzle|WeatherBall,Hurricane,Tailwind,Protect|||M|||50|,,,,,Ghost]Electabuzz||Eviolite|VitalSpirit|Electroweb,Taunt,FollowMe,Protect|||F|||50|,,,,,Ghost
|showteam|p2|Weavile||LifeOrb|Pressure|IceSpinner,FakeOut,KnockOff,IceShard|||M|||50|,,,,,Ghost]Rillaboom||MiracleSeed|GrassySurge|FakeOut,GrassyGlide,WoodHammer,Protect|||M|||50|,,,,,Grass]Magnezone||ChoiceScarf|Sturdy|VoltSwitch,Electroweb,Thunderbolt,FlashCannon||||||50|,,,,,Flying]Dragonite||LoadedDice|Multiscale|Protect,ScaleShot,Tailwind,Haze|||F|||50|,,,,,Fairy]Ninetales-Alola||CovertCloak|SnowWarning|Blizzard,AuroraVeil,Encore,IcyWind|||M|||50|,,,,,Water]Infernape||ChoiceSpecs|Blaze|HeatWave,Overheat,AuraSphere,ScorchingSands|||F|||50|,,,,,Fire
|inactive|Battle timer is ON: inactive players will automatically lose when time's up. (requested by Sincubii)
|
|t:|1756379201
|teamsize|p1|4
|teamsize|p2|4
|start
|switch|p1a: Electabuzz|Electabuzz, L50, F|100/100
|switch|p1b: Kingambit|Kingambit, L50, M, shiny|100/100
|switch|p2a: Infernape|Infernape, L50, F|100/100
|switch|p2b: Rillaboom|Rillaboom, L50, M|100/100
|-fieldstart|move: Grassy Terrain|[from] ability: Grassy Surge|[of] p2b: Rillaboom
|turn|1
|
|t:|1756379215
|move|p1a: Electabuzz|Protect|p1a: Electabuzz
|-singleturn|p1a: Electabuzz|Protect
|move|p1b: Kingambit|Protect|p1b: Kingambit
|-singleturn|p1b: Kingambit|Protect
|move|p2b: Rillaboom|Fake Out|p1b: Kingambit
|-activate|p1b: Kingambit|move: Protect
|move|p2a: Infernape|Scorching Sands|p1a: Electabuzz
|-activate|p1a: Electabuzz|move: Protect
|
|upkeep
|turn|2
|inactive|Diegoelsocorrista has 30 seconds left.
|
|t:|1756379246
|switch|p1a: Pelipper|Pelipper, L50, M|100/100
|-weather|RainDance|[from] ability: Drizzle|[of] p1a: Pelipper
|-terastallize|p1b: Kingambit|Dark
|move|p2a: Infernape|Scorching Sands|p1a: Pelipper
|-immune|p1a: Pelipper
|move|p2b: Rillaboom|Wood Hammer|p1b: Kingambit
|-damage|p1b: Kingambit|25/100
|-damage|p2b: Rillaboom|76/100|[from] Recoil
|move|p1b: Kingambit|Swords Dance|p1b: Kingambit
|-boost|p1b: Kingambit|atk|2
|
|-weather|RainDance|[upkeep]
|-heal|p2b: Rillaboom|81/100|[from] Grassy Terrain
|-heal|p1b: Kingambit|31/100|[from] Grassy Terrain
|upkeep
|turn|3
|inactive|Sincubii has 30 seconds left.
|inactive|Sincubii has 20 seconds left.
|inactive|Sincubii has 15 seconds left.
|inactive|Sincubii has 10 seconds left.
|
|t:|1756379295
|switch|p2a: Magnezone|Magnezone, L50|100/100
|-terastallize|p2b: Rillaboom|Grass
|move|p1b: Kingambit|Protect|p1b: Kingambit
|-singleturn|p1b: Kingambit|Protect
|move|p2b: Rillaboom|Grassy Glide|p1b: Kingambit
|-activate|p1b: Kingambit|move: Protect
|move|p1a: Pelipper|Hurricane|p2b: Rillaboom
|-supereffective|p2b: Rillaboom
|-damage|p2b: Rillaboom|0 fnt
|faint|p2b: Rillaboom
|
|-weather|RainDance|[upkeep]
|-heal|p1b: Kingambit|37/100|[from] Grassy Terrain
|upkeep
|
|t:|1756379309
|switch|p2b: Dragonite|Dragonite, L50, F|100/100
|turn|4
|
|t:|1756379326
|switch|p1a: Electabuzz|Electabuzz, L50, F|100/100
|move|p1b: Kingambit|Sucker Punch|p2a: Magnezone
|-ability|p2a: Magnezone|Sturdy
|-damage|p2a: Magnezone|1/100
|move|p2a: Magnezone|Electroweb|p1a: Electabuzz|[spread] p1a,p1b
|-resisted|p1a: Electabuzz
|-damage|p1a: Electabuzz|92/100
|-damage|p1b: Kingambit|15/100
|-unboost|p1a: Electabuzz|spe|1
|-unboost|p1b: Kingambit|spe|1
|-ability|p1b: Kingambit|Defiant|boost
|-boost|p1b: Kingambit|atk|2
|move|p2b: Dragonite|Scale Shot|p1a: Electabuzz
|-damage|p1a: Electabuzz|80/100
|-damage|p1a: Electabuzz|68/100
|-damage|p1a: Electabuzz|57/100
|-damage|p1a: Electabuzz|46/100
|-damage|p1a: Electabuzz|34/100
|-hitcount|p1a: Electabuzz|5
|-unboost|p2b: Dragonite|def|1
|-boost|p2b: Dragonite|spe|1
|
|-weather|RainDance|[upkeep]
|-heal|p2a: Magnezone|7/100|[from] Grassy Terrain
|-heal|p1a: Electabuzz|40/100|[from] Grassy Terrain
|-heal|p1b: Kingambit|21/100|[from] Grassy Terrain
|upkeep
|turn|5
|inactive|Diegoelsocorrista has 30 seconds left.
|
|t:|1756379352
|switch|p2a: Infernape|Infernape, L50, F|100/100
|move|p1a: Electabuzz|Follow Me|p1a: Electabuzz
|-singleturn|p1a: Electabuzz|move: Follow Me
|move|p1b: Kingambit|Sucker Punch||[still]
|-fail|p1b: Kingambit
|move|p2b: Dragonite|Haze|p2b: Dragonite
|-clearallboost
|
|-weather|RainDance|[upkeep]
|-heal|p1a: Electabuzz|46/100|[from] Grassy Terrain
|-heal|p1b: Kingambit|27/100|[from] Grassy Terrain
|-fieldend|move: Grassy Terrain
|upkeep
|turn|6
|
|t:|1756379373
|move|p1a: Electabuzz|Follow Me|p1a: Electabuzz
|-singleturn|p1a: Electabuzz|move: Follow Me
|move|p1b: Kingambit|Sucker Punch|p2a: Infernape
|-resisted|p2a: Infernape
|-damage|p2a: Infernape|48/100
|move|p2a: Infernape|Scorching Sands|p1a: Electabuzz
|-supereffective|p1a: Electabuzz
|-damage|p1a: Electabuzz|0 fnt
|faint|p1a: Electabuzz
|move|p2b: Dragonite|Scale Shot|p1b: Kingambit
|-damage|p1b: Kingambit|15/100
|-damage|p1b: Kingambit|5/100
|-damage|p1b: Kingambit|0 fnt
|faint|p1b: Kingambit
|-hitcount|p1: Kingambit|3
|-unboost|p2b: Dragonite|def|1
|-boost|p2b: Dragonite|spe|1
|
|-weather|none
|upkeep
|
|t:|1756379388
|switch|p1a: Pelipper|Pelipper, L50, M|100/100
|switch|p1b: Basculegion|Basculegion, L50, M|100/100
|-weather|RainDance|[from] ability: Drizzle|[of] p1a: Pelipper
|turn|7
|inactive|Diegoelsocorrista has 30 seconds left.
|
|t:|1756379421
|move|p1b: Basculegion|Wave Crash|p2b: Dragonite
|-resisted|p2b: Dragonite
|-damage|p2b: Dragonite|52/100
|-damage|p1b: Basculegion|85/100|[from] Recoil
|move|p2a: Infernape|Scorching Sands|p1b: Basculegion
|-crit|p1b: Basculegion
|-damage|p1b: Basculegion|28/100
|move|p2b: Dragonite|Tailwind|p2b: Dragonite
|-sidestart|p2: Sincubii|move: Tailwind
|move|p1a: Pelipper|Hurricane|p2b: Dragonite
|-crit|p2b: Dragonite
|-damage|p2b: Dragonite|0 fnt
|faint|p2b: Dragonite
|
|-weather|RainDance|[upkeep]
|upkeep
|
|t:|1756379433
|switch|p2b: Magnezone|Magnezone, L50|7/100
|turn|8
|
|t:|1756379449
|move|p2b: Magnezone|Electroweb|p1b: Basculegion|[spread] p1a,p1b
|-supereffective|p1a: Pelipper
|-supereffective|p1b: Basculegion
|-enditem|p1a: Pelipper|Focus Sash
|-damage|p1a: Pelipper|1/100
|-damage|p1b: Basculegion|0 fnt
|-unboost|p1a: Pelipper|spe|1
|faint|p1b: Basculegion
|move|p2a: Infernape|Scorching Sands|p1a: Pelipper
|-immune|p1a: Pelipper
|move|p1a: Pelipper|Weather Ball|p2a: Infernape
|-supereffective|p2a: Infernape
|-damage|p2a: Infernape|0 fnt
|faint|p2a: Infernape
|
|-weather|RainDance|[upkeep]
|upkeep
|turn|9
|
|t:|1756379461
|move|p1a: Pelipper|Protect|p1a: Pelipper
|-singleturn|p1a: Pelipper|Protect
|move|p2b: Magnezone|Electroweb|p1a: Pelipper
|-activate|p1a: Pelipper|move: Protect
|
|-weather|RainDance|[upkeep]
|upkeep
|turn|10
|
|t:|1756379469
|move|p2b: Magnezone|Electroweb|p1a: Pelipper
|-supereffective|p1a: Pelipper
|-damage|p1a: Pelipper|0 fnt
|faint|p1a: Pelipper
|
|win|Sincubii
