|j|☆barri deagol
|j|☆myshirtisdirty
|html|barri deagolmyshirtisdirty    
|uhtml|bestof|Game 1 of a best-of-3
|t:|1756532118
|gametype|doubles
|player|p1|barri deagol|collector|1137
|player|p2|myshirtisdirty|2|1139
|gen|9
|tier|[Gen 9] VGC 2025 Reg H (Bo3)
|rated|
|rule|Species Clause: Limit one of each Pokémon
|rule|Item Clause: Limit 1 of each item
|clearpoke
|poke|p1|Archaludon, L50, M|
|poke|p1|Dragonite, L50, M|
|poke|p1|Pelipper, L50, F|
|poke|p1|Ursaluna, L50, F|
|poke|p1|Sinistcha, L50|
|poke|p1|Gholdengo, L50|
|poke|p2|Ceruledge, L50, F|
|poke|p2|Rillaboom, L50, M|
|poke|p2|Whimsicott, L50, F|
|poke|p2|Sneasler, L50, M|
|poke|p2|Ninetales-Alola, L50, M|
|poke|p2|Samurott-Hisui, L50, M|
|teampreview|4
|showteam|p1|Archaludon||AssaultVest|Stamina|FlashCannon,BodyPress,ElectroShot,Snarl|||M|||50|,,,,,Fighting]Dragonite||LoadedDice|Multiscale|ScaleShot,Tailwind,Haze,Protect|||M|||50|,,,,,Fairy]Pelipper||FocusSash|Drizzle|MuddyWater,Hurricane,Tailwind,Protect|||F|||50|,,,,,Ghost]Ursaluna||FlameOrb|Guts|Facade,HeadlongRush,Earthquake,Protect|||F|||50|,,,,,Ghost]Sinistcha||SitrusBerry|Hospitality|MatchaGotcha,LifeDew,RagePowder,TrickRoom||||||50|,,,,,Dark]Gholdengo||ChoiceScarf|GoodasGold|MakeItRain,ShadowBall,Trick,Protect||||||50|,,,,,Flying
|showteam|p2|Ceruledge||ClearAmulet|FlashFire|BitterBlade,Poltergeist,BulkUp,Protect|||F|||50|,,,,,Bug]Rillaboom||MiracleSeed|GrassySurge|GrassyGlide,DrumBeating,Taunt,FakeOut|||M|||50|,,,,,Fire]Whimsicott||FocusSash|Prankster|Moonblast,WorrySeed,Tailwind,Protect|||F|||50|,,,,,Ghost]Sneasler||GrassySeed|Unburden|CloseCombat,DireClaw,Coaching,Protect|||M|||50|,,,,,Ghost]Ninetales-Alola||CovertCloak|SnowWarning|Howl,Moonblast,Blizzard,AuroraVeil|||M|||50|,,,,,Water]Samurott-Hisui||ChoiceBand|Sharpness|CeaselessEdge,SacredSword,XScissor,FlipTurn|||M|||50|,,,,,Poison
|inactive|Battle timer is ON: inactive players will automatically lose when time's up. (requested by myshirtisdirty)
|
|t:|1756532178
|teamsize|p1|4
|teamsize|p2|4
|start
|switch|p1a: Gholdengo|Gholdengo, L50|100/100
|switch|p1b: Archaludon|Archaludon, L50, M|100/100
|switch|p2a: Sneasler|Sneasler, L50, M|100/100
|switch|p2b: Rillaboom|Rillaboom, L50, M|100/100
|-fieldstart|move: Grassy Terrain|[from] ability: Grassy Surge|[of] p2b: Rillaboom
|-enditem|p2a: Sneasler|Grassy Seed
|-boost|p2a: Sneasler|def|1|[from] item: Grassy Seed
|turn|1
|inactive|barri deagol has 30 seconds left.
|inactive|myshirtisdirty has 30 seconds left.
|inactive|barri deagol has 20 seconds left.
|inactive|myshirtisdirty has 20 seconds left.
|inactive|barri deagol has 15 seconds left.
|
|t:|1756532223
|switch|p1b: Sinistcha|Sinistcha, L50|100/100
|move|p2b: Rillaboom|Fake Out|p1b: Sinistcha
|-immune|p1b: Sinistcha
|move|p2a: Sneasler|Close Combat|p1b: Sinistcha
|-immune|p1b: Sinistcha
|move|p1a: Gholdengo|Shadow Ball|p2a: Sneasler
|-damage|p2a: Sneasler|37/100
|-unboost|p2a: Sneasler|spd|1
|
|-heal|p2a: Sneasler|43/100|[from] Grassy Terrain
|upkeep
|turn|2
|inactive|barri deagol has 30 seconds left.
|
|t:|1756532255
|switch|p2b: Ceruledge|Ceruledge, L50, F|100/100
|switch|p1b: Archaludon|Archaludon, L50, M|100/100
|move|p2a: Sneasler|Coaching|p2b: Ceruledge
|-boost|p2b: Ceruledge|atk|1
|-boost|p2b: Ceruledge|def|1
|move|p1a: Gholdengo|Shadow Ball|p2a: Sneasler
|-damage|p2a: Sneasler|0 fnt
|faint|p2a: Sneasler
|
|upkeep
|
|t:|1756532269
|switch|p2a: Samurott|Samurott-Hisui, L50, M|100/100
|turn|3
|
|t:|1756532290
|switch|p1a: Pelipper|Pelipper, L50, F|100/100
|-weather|RainDance|[from] ability: Drizzle|[of] p1a: Pelipper
|-terastallize|p2b: Ceruledge|Bug
|move|p2a: Samurott|Ceaseless Edge|p1a: Pelipper
|-damage|p1a: Pelipper|12/100
|-sidestart|p1: barri deagol|Spikes
|move|p2b: Ceruledge|Bitter Blade|p1b: Archaludon
|-damage|p1b: Archaludon|80/100
|-ability|p1b: Archaludon|Stamina|boost
|-boost|p1b: Archaludon|def|1
|move|p1b: Archaludon|Electro Shot||[still]
|-prepare|p1b: Archaludon|Electro Shot
|-boost|p1b: Archaludon|spa|1
|-anim|p1b: Archaludon|Electro Shot|p2b: Ceruledge
|-damage|p2b: Ceruledge|56/100
|
|-weather|RainDance|[upkeep]
|-heal|p2b: Ceruledge|62/100|[from] Grassy Terrain
|-heal|p1b: Archaludon|86/100|[from] Grassy Terrain
|upkeep
|turn|4
|inactive|barri deagol has 30 seconds left.
|inactive|myshirtisdirty has 30 seconds left.
|
|t:|1756532321
|move|p1a: Pelipper|Protect|p1a: Pelipper
|-singleturn|p1a: Pelipper|Protect
|move|p2a: Samurott|Ceaseless Edge|p1a: Pelipper
|-activate|p1a: Pelipper|move: Protect
|move|p2b: Ceruledge|Poltergeist|p1b: Archaludon
|-activate|p1b: Archaludon|move: Poltergeist|Assault Vest
|-damage|p1b: Archaludon|54/100
|-ability|p1b: Archaludon|Stamina|boost
|-boost|p1b: Archaludon|def|1
|move|p1b: Archaludon|Electro Shot||[still]
|-prepare|p1b: Archaludon|Electro Shot
|-boost|p1b: Archaludon|spa|1
|-anim|p1b: Archaludon|Electro Shot|p2a: Samurott
|-supereffective|p2a: Samurott
|-damage|p2a: Samurott|0 fnt
|faint|p2a: Samurott
|
|-weather|RainDance|[upkeep]
|-heal|p1b: Archaludon|60/100|[from] Grassy Terrain
|-heal|p2b: Ceruledge|68/100|[from] Grassy Terrain
|upkeep
|
|t:|1756532335
|switch|p2a: Rillaboom|Rillaboom, L50, M|100/100
|turn|5
|inactive|barri deagol has 30 seconds left.
|
|t:|1756532365
|move|p2a: Rillaboom|Drum Beating|p1a: Pelipper
|-damage|p1a: Pelipper|0 fnt
|faint|p1a: Pelipper
|move|p2b: Ceruledge|Bulk Up|p2b: Ceruledge
|-boost|p2b: Ceruledge|atk|1
|-boost|p2b: Ceruledge|def|1
|move|p1b: Archaludon|Electro Shot||[still]
|-prepare|p1b: Archaludon|Electro Shot
|-boost|p1b: Archaludon|spa|1
|-anim|p1b: Archaludon|Electro Shot|p2b: Ceruledge
|-crit|p2b: Ceruledge
|-damage|p2b: Ceruledge|0 fnt
|faint|p2b: Ceruledge
|
|-weather|RainDance|[upkeep]
|-heal|p1b: Archaludon|66/100|[from] Grassy Terrain
|-fieldend|move: Grassy Terrain
|upkeep
|
|t:|1756532381
|switch|p1a: Gholdengo|Gholdengo, L50|100/100
|-damage|p1a: Gholdengo|88/100|[from] Spikes
|turn|6
|
|t:|1756532395
|move|p1a: Gholdengo|Shadow Ball|p2a: Rillaboom
|-damage|p2a: Rillaboom|44/100
|move|p2a: Rillaboom|Drum Beating|p1a: Gholdengo
|-resisted|p1a: Gholdengo
|-damage|p1a: Gholdengo|59/100
|-unboost|p1a: Gholdengo|spe|1
|move|p1b: Archaludon|Electro Shot||[still]
|-prepare|p1b: Archaludon|Electro Shot
|-boost|p1b: Archaludon|spa|1
|-anim|p1b: Archaludon|Electro Shot|p2a: Rillaboom
|-resisted|p2a: Rillaboom
|-damage|p2a: Rillaboom|0 fnt
|faint|p2a: Rillaboom
|
|win|barri deagol
|inactive|barri deagol has 30 seconds to confirm battle start!
|inactive|myshirtisdirty has 30 seconds to confirm battle start!
||myshirtisdirty is ready for game 2.
