|j|☆Jetboy57
|j|☆Testacc203
|html|Jetboy57Testacc203    
|uhtml|bestof|Game 3 of a best-of-3
|t:|1756582149
|gametype|doubles
|player|p1|Jetboy57|n|1082
|player|p2|Testacc203|dawn-gen4pt|1096
|gen|9
|tier|[Gen 9] VGC 2025 Reg H (Bo3)
|rated|
|rule|Species Clause: Limit one of each Pokémon
|rule|Item Clause: Limit 1 of each item
|clearpoke
|poke|p1|Tyranitar, L50, F|
|poke|p1|Corviknight, L50, F|
|poke|p1|Indeedee, L50, M|
|poke|p1|Amoonguss, L50, F|
|poke|p1|Sneasler, L50, F|
|poke|p1|Garchomp, L50, F|
|poke|p2|Archaludon, L50, M|
|poke|p2|Pelipper, L50, F|
|poke|p2|Basculegion, L50, M|
|poke|p2|Sinistcha, L50|
|poke|p2|Incineroar, L50, M|
|poke|p2|Primarina, L50, M|
|teampreview|4
|showteam|p1|Tyranitar||AssaultVest|SandStream|RockSlide,KnockOff,TeraBlast,LowKick|||F|||50|,,,,,Flying]Corviknight||Leftovers|MirrorArmor|BulkUp,BraveBird,Tailwind,Roost|||F|||50|,,,,,Dragon]Indeedee||FocusSash|PsychicSurge|TrickRoom,ExpandingForce,Imprison,Protect|||M|||50|,,,,,Psychic]Amoonguss||RockyHelmet|Regenerator|Spore,RagePowder,ClearSmog,Protect|||F|||50|,,,,,Water]Sneasler||PsychicSeed|Unburden|ThroatChop,DireClaw,CloseCombat,Protect|||F|||50|,,,,,Dark]Garchomp||LifeOrb|SandVeil|Earthquake,DragonClaw,RockSlide,Protect|||F|||50|,,,,,Fairy
|showteam|p2|Archaludon||AssaultVest|Stamina|ElectroShot,FlashCannon,BodyPress,DracoMeteor|||M|||50|,,,,,Grass]Pelipper||FocusSash|Drizzle|WeatherBall,Hurricane,Tailwind,Protect|||F|||50|,,,,,Ground]Basculegion||ChoiceBand|SwiftSwim|LastRespects,WaveCrash,AquaJet,FlipTurn|||M|||50|,,,,,Water]Sinistcha||SitrusBerry|Hospitality|MatchaGotcha,RagePowder,Protect,LifeDew||||||50|,,,,,Fairy]Incineroar||SafetyGoggles|Intimidate|FakeOut,KnockOff,Taunt,PartingShot|||M|||50|,,,,,Ghost]Primarina||Leftovers|LiquidVoice|HyperVoice,Moonblast,Protect,CalmMind|||M|||50|,,,,,Poison
|inactive|Battle timer is ON: inactive players will automatically lose when time's up. (requested by Testacc203)
|inactive|Jetboy57 has 60 seconds left.
|inactive|Testacc203 has 60 seconds left.
|
|t:|1756582197
|teamsize|p1|4
|teamsize|p2|4
|start
|switch|p1a: Indeedee|Indeedee, L50, M|100/100
|switch|p1b: Sneasler|Sneasler, L50, F|100/100
|switch|p2a: Primarina|Primarina, L50, M|100/100
|switch|p2b: Incineroar|Incineroar, L50, M|100/100
|-fieldstart|move: Psychic Terrain|[from] ability: Psychic Surge|[of] p1a: Indeedee
|-enditem|p1b: Sneasler|Psychic Seed
|-boost|p1b: Sneasler|spd|1|[from] item: Psychic Seed
|-ability|p2b: Incineroar|Intimidate|boost
|-unboost|p1a: Indeedee|atk|1
|-unboost|p1b: Sneasler|atk|1
|turn|1
|inactive|Jetboy57 has 30 seconds left.
|
|t:|1756582229
|move|p2a: Primarina|Protect|p2a: Primarina
|-singleturn|p2a: Primarina|Protect
|move|p1b: Sneasler|Throat Chop|p2a: Primarina
|-activate|p2a: Primarina|move: Protect
|move|p1a: Indeedee|Expanding Force|p2a: Primarina|[spread] 
|-activate|p2a: Primarina|move: Protect
|-immune|p2b: Incineroar
|move|p2b: Incineroar|Parting Shot|p1b: Sneasler
|-unboost|p1b: Sneasler|atk|1
|-unboost|p1b: Sneasler|spa|1
|
|t:|1756582237
|switch|p2b: Sinistcha|Sinistcha, L50|100/100|[from] Parting Shot
|
|upkeep
|turn|2
|
|t:|1756582254
|switch|p1b: Amoonguss|Amoonguss, L50, F|100/100
|move|p2b: Sinistcha|Rage Powder|p2b: Sinistcha
|-singleturn|p2b: Sinistcha|move: Rage Powder
|move|p1a: Indeedee|Expanding Force|p2a: Primarina|[spread] p2a,p2b
|-damage|p2a: Primarina|53/100
|-damage|p2b: Sinistcha|36/100
|-enditem|p2b: Sinistcha|Sitrus Berry|[eat]
|-heal|p2b: Sinistcha|61/100|[from] item: Sitrus Berry
|move|p2a: Primarina|Calm Mind|p2a: Primarina
|-boost|p2a: Primarina|spa|1
|-boost|p2a: Primarina|spd|1
|
|-heal|p2a: Primarina|59/100|[from] item: Leftovers
|upkeep
|turn|3
|
|t:|1756582276
|switch|p2b: Incineroar|Incineroar, L50, M|100/100
|-ability|p2b: Incineroar|Intimidate|boost
|-unboost|p1a: Indeedee|atk|1
|-unboost|p1b: Amoonguss|atk|1
|move|p2a: Primarina|Protect|p2a: Primarina
|-singleturn|p2a: Primarina|Protect
|move|p1a: Indeedee|Expanding Force|p2b: Incineroar|[spread] 
|-activate|p2a: Primarina|move: Protect
|-immune|p2b: Incineroar
|move|p1b: Amoonguss|Clear Smog|p2a: Primarina
|-activate|p2a: Primarina|move: Protect
|
|-heal|p2a: Primarina|65/100|[from] item: Leftovers
|upkeep
|turn|4
|inactive|Jetboy57 has 30 seconds left.
|
|t:|1756582301
|move|p1b: Amoonguss|Protect|p1b: Amoonguss
|-singleturn|p1b: Amoonguss|Protect
|move|p2b: Incineroar|Fake Out|p1b: Amoonguss
|-activate|p1b: Amoonguss|move: Psychic Terrain
|move|p1a: Indeedee|Expanding Force|p2b: Incineroar|[spread] p2a
|-immune|p2b: Incineroar
|-damage|p2a: Primarina|34/100
|move|p2a: Primarina|Moonblast|p1a: Indeedee
|-crit|p1a: Indeedee
|-enditem|p1a: Indeedee|Focus Sash
|-damage|p1a: Indeedee|1/100
|-unboost|p1a: Indeedee|spa|1
|
|-heal|p2a: Primarina|40/100|[from] item: Leftovers
|upkeep
|turn|5
|
|t:|1756582323
|move|p2a: Primarina|Protect|p2a: Primarina
|-singleturn|p2a: Primarina|Protect
|move|p1a: Indeedee|Expanding Force|p2a: Primarina|[spread] 
|-activate|p2a: Primarina|move: Protect
|-immune|p2b: Incineroar
|move|p2b: Incineroar|Knock Off|p1b: Amoonguss
|-damage|p1b: Amoonguss|69/100
|-damage|p2b: Incineroar|84/100|[from] item: Rocky Helmet|[of] p1b: Amoonguss
|-enditem|p1b: Amoonguss|Rocky Helmet|[from] move: Knock Off|[of] p2b: Incineroar
|move|p1b: Amoonguss|Spore|p2b: Incineroar
|-activate|p2b: Incineroar|item: Safety Goggles|Spore
|
|-heal|p2a: Primarina|46/100|[from] item: Leftovers
|-fieldend|move: Psychic Terrain
|upkeep
|turn|6
|
|t:|1756582345
|switch|p1a: Tyranitar|Tyranitar, L50, F|100/100
|-weather|Sandstorm|[from] ability: Sand Stream|[of] p1a: Tyranitar
|move|p2a: Primarina|Hyper Voice|p1a: Tyranitar|[spread] p1a,p1b
|-supereffective|p1a: Tyranitar
|-resisted|p1b: Amoonguss
|-damage|p1a: Tyranitar|56/100
|-damage|p1b: Amoonguss|45/100
|move|p2b: Incineroar|Taunt|p1b: Amoonguss
|-start|p1b: Amoonguss|move: Taunt
|move|p1b: Amoonguss|Clear Smog|p2a: Primarina
|-supereffective|p2a: Primarina
|-damage|p2a: Primarina|28/100
|-clearboost|p2a: Primarina
|
|-weather|Sandstorm|[upkeep]
|-damage|p2a: Primarina|22/100|[from] Sandstorm
|-damage|p1b: Amoonguss|40/100|[from] Sandstorm
|-heal|p2a: Primarina|28/100|[from] item: Leftovers
|upkeep
|turn|7
|
|t:|1756582367
|switch|p1b: Sneasler|Sneasler, L50, F|100/100
|move|p2a: Primarina|Protect|p2a: Primarina
|-singleturn|p2a: Primarina|Protect
|move|p1a: Tyranitar|Rock Slide|p2b: Incineroar|[spread] p2b
|-activate|p2a: Primarina|move: Protect
|-supereffective|p2b: Incineroar
|-damage|p2b: Incineroar|26/100
|move|p2b: Incineroar|Parting Shot|p1a: Tyranitar
|-unboost|p1a: Tyranitar|atk|1
|-unboost|p1a: Tyranitar|spa|1
|
|t:|1756582371
|switch|p2b: Sinistcha|Sinistcha, L50|61/100|[from] Parting Shot
|-heal|p2a: Primarina|53/100|[from] ability: Hospitality|[of] p2b: Sinistcha
|
|-weather|Sandstorm|[upkeep]
|-damage|p1b: Sneasler|95/100|[from] Sandstorm
|-damage|p2a: Primarina|47/100|[from] Sandstorm
|-damage|p2b: Sinistcha|55/100|[from] Sandstorm
|-heal|p2a: Primarina|53/100|[from] item: Leftovers
|upkeep
|turn|8
|
|t:|1756582394
|switch|p1a: Amoonguss|Amoonguss, L50, F|73/100
|move|p2b: Sinistcha|Rage Powder|p2b: Sinistcha
|-singleturn|p2b: Sinistcha|move: Rage Powder
|move|p1b: Sneasler|Dire Claw|p2b: Sinistcha
|-damage|p2b: Sinistcha|23/100
|move|p2a: Primarina|Calm Mind|p2a: Primarina
|-boost|p2a: Primarina|spa|1
|-boost|p2a: Primarina|spd|1
|
|-weather|Sandstorm|[upkeep]
|-damage|p1b: Sneasler|89/100|[from] Sandstorm
|-damage|p2a: Primarina|47/100|[from] Sandstorm
|-damage|p2b: Sinistcha|17/100|[from] Sandstorm
|-damage|p1a: Amoonguss|67/100|[from] Sandstorm
|-heal|p2a: Primarina|53/100|[from] item: Leftovers
|upkeep
|turn|9
|
|t:|1756582417
|switch|p2b: Incineroar|Incineroar, L50, M|26/100
|-ability|p2b: Incineroar|Intimidate|boost
|-unboost|p1a: Amoonguss|atk|1
|-unboost|p1b: Sneasler|atk|1
|move|p2a: Primarina|Protect|p2a: Primarina
|-singleturn|p2a: Primarina|Protect
|move|p1b: Sneasler|Close Combat|p2b: Incineroar
|-supereffective|p2b: Incineroar
|-damage|p2b: Incineroar|0 fnt
|-unboost|p1b: Sneasler|def|1
|-unboost|p1b: Sneasler|spd|1
|faint|p2b: Incineroar
|move|p1a: Amoonguss|Clear Smog|p2a: Primarina
|-activate|p2a: Primarina|move: Protect
|
|-weather|Sandstorm|[upkeep]
|-damage|p1b: Sneasler|83/100|[from] Sandstorm
|-damage|p2a: Primarina|47/100|[from] Sandstorm
|-damage|p1a: Amoonguss|61/100|[from] Sandstorm
|-heal|p2a: Primarina|53/100|[from] item: Leftovers
|upkeep
|
|t:|1756582423
|switch|p2b: Pelipper|Pelipper, L50, F|100/100
|-weather|RainDance|[from] ability: Drizzle|[of] p2b: Pelipper
|turn|10
|inactive|Testacc203 has 30 seconds left.
|
|t:|1756582455
|switch|p1a: Tyranitar|Tyranitar, L50, F|56/100
|-weather|Sandstorm|[from] ability: Sand Stream|[of] p1a: Tyranitar
|-terastallize|p2a: Primarina|Poison
|move|p1b: Sneasler|Protect|p1b: Sneasler
|-singleturn|p1b: Sneasler|Protect
|move|p2b: Pelipper|Hurricane|p1a: Tyranitar
|-resisted|p1a: Tyranitar
|-damage|p1a: Tyranitar|46/100
|move|p2a: Primarina|Hyper Voice|p1b: Sneasler|[spread] p1a
|-activate|p1b: Sneasler|move: Protect
|-supereffective|p1a: Tyranitar
|-damage|p1a: Tyranitar|0 fnt
|faint|p1a: Tyranitar
|
|-weather|Sandstorm|[upkeep]
|-damage|p1b: Sneasler|77/100|[from] Sandstorm
|-damage|p2b: Pelipper|95/100|[from] Sandstorm
|-damage|p2a: Primarina|47/100|[from] Sandstorm
|-heal|p2a: Primarina|53/100|[from] item: Leftovers
|upkeep
|
|t:|1756582478
|switch|p1a: Indeedee|Indeedee, L50, M|1/100
|-fieldstart|move: Psychic Terrain|[from] ability: Psychic Surge|[of] p1a: Indeedee
|turn|11
|
|t:|1756582495
|switch|p2b: Sinistcha|Sinistcha, L50|17/100
|-heal|p2a: Primarina|78/100|[from] ability: Hospitality|[of] p2b: Sinistcha
|-terastallize|p1a: Indeedee|Psychic
|move|p2a: Primarina|Protect|p2a: Primarina
|-singleturn|p2a: Primarina|Protect
|move|p1b: Sneasler|Dire Claw|p2b: Sinistcha
|-damage|p2b: Sinistcha|0 fnt
|faint|p2b: Sinistcha
|move|p1a: Indeedee|Expanding Force|p2a: Primarina
|-activate|p2a: Primarina|move: Protect
|
|-weather|Sandstorm|[upkeep]
|-damage|p1b: Sneasler|72/100|[from] Sandstorm
|-damage|p1a: Indeedee|0 fnt|[from] Sandstorm
|-damage|p2a: Primarina|72/100|[from] Sandstorm
|faint|p1a: Indeedee
|-heal|p2a: Primarina|78/100|[from] item: Leftovers
|upkeep
|
|t:|1756582506
|switch|p1a: Amoonguss|Amoonguss, L50, F|94/100
|switch|p2b: Pelipper|Pelipper, L50, F|95/100
|-weather|RainDance|[from] ability: Drizzle|[of] p2b: Pelipper
|turn|12
|
|t:|1756582516
|move|p1b: Sneasler|Dire Claw|p2b: Pelipper
|-damage|p2b: Pelipper|52/100
|-status|p2b: Pelipper|psn
|move|p2b: Pelipper|Hurricane|p1a: Amoonguss
|-supereffective|p1a: Amoonguss
|-damage|p1a: Amoonguss|11/100
|move|p2a: Primarina|Hyper Voice|p1a: Amoonguss|[spread] p1a,p1b
|-resisted|p1a: Amoonguss
|-damage|p1a: Amoonguss|0 fnt
|-damage|p1b: Sneasler|0 fnt
|faint|p1a: Amoonguss
|faint|p1b: Sneasler
|
|win|Testacc203
|raw|Jetboy57's rating: 1082 → 1061(-21 for losing)
|raw|Testacc203's rating: 1096 → 1121(+25 for winning)
