|j|☆lettitripppp
|j|☆we all love urshf
|html|lettitrippppwe all love urshf    
|uhtml|bestof|Game 1 of a best-of-3
|t:|1785798702
|gametype|doubles
|player|p1|lettitripppp|lucas|1183
|player|p2|we all love urshf|ingo|1226
|gen|9
|tier|[Gen 9 Champions] VGC 2026 Reg M-B (Bo3)
|rated|
|rule|Species Clause: Limit one of each Pokémon
|rule|Item Clause: Limit 1 of each item
|clearpoke
|poke|p1|Raichu, L50, M|
|poke|p1|Staraptor, L50, M|
|poke|p1|Arcanine-Hisui, L50, F, shiny|
|poke|p1|Farigiraf, L50, F|
|poke|p1|Kingambit, L50, M, shiny|
|poke|p1|Sylveon, L50, F|
|poke|p2|Delphox, L50, M|
|poke|p2|Sneasler, L50, M|
|poke|p2|Kingambit, L50, M|
|poke|p2|Basculegion, L50, M|
|poke|p2|Arcanine-Hisui, L50, M|
|poke|p2|Froslass, L50, F|
|teampreview|4
|showteam|p1|Raichu||RaichuniteY|Static|ZapCannon,FocusBlast,FakeOut,Protect|Timid||M|||50|]Staraptor||Staraptite|Intimidate|DualWingbeat,CloseCombat,Tailwind,Protect|Jolly||M|||50|]Arcanine-Hisui||FocusSash|RockHead|ExtremeSpeed,HeadSmash,FlareBlitz,Protect|Jolly||F|||50|]Farigiraf||SitrusBerry|ArmorTail|HelpingHand,TrickRoom,TwinBeam,Protect|Calm||F|||50|]Kingambit||LifeOrb|Defiant|KowtowCleave,SwordsDance,SuckerPunch,Protect|Adamant||M|||50|]Sylveon||FairyFeather|Pixilate|QuickAttack,HyperBeam,HyperVoice,Detect|Modest||F|||50|
|showteam|p2|Delphox||Delphoxite|Blaze|HeatWave,Psychic,Substitute,Protect|Timid||M|||50|]Sneasler||WhiteHerb|Unburden|FakeOut,DireClaw,CloseCombat,Protect|Adamant||M|||50|]Kingambit||ChopleBerry|Defiant|KowtowCleave,SuckerPunch,IronHead,LowKick|Adamant||M|||50|]Basculegion||ChoiceScarf|Adaptability|WaveCrash,AquaJet,FlipTurn,LastRespects|Jolly||M|||50|]Arcanine-Hisui||FocusSash|RockHead|HeadSmash,FlareBlitz,ExtremeSpeed,Protect|Adamant||M|||50|]Froslass||Froslassite|SnowCloak|Blizzard,ShadowBall,AuroraVeil,Protect|Timid||F|||50|
|inactive|Battle timer is ON: inactive players will automatically lose when time's up. (requested by lettitripppp)
|inactive|we all love urshf also wants the timer to be on.
|inactive|lettitripppp has 60 seconds left.
|inactive|we all love urshf has 60 seconds left.
|
|t:|1785798747
|teamsize|p1|4
|teamsize|p2|4
|start
|switch|p1a: MAGIC NECK|Farigiraf, L50, F|100/100
|switch|p1b: GENERAL BLADUS|Kingambit, L50, M, shiny|100/100
|switch|p2a: Sneasler|Sneasler, L50, M|100/100
|switch|p2b: Froslass|Froslass, L50, F|100/100
|turn|1
|
|t:|1785798767
|detailschange|p2b: Froslass|Froslass-Mega, L50, F
|-mega|p2b: Froslass|Froslass|Froslassite
|-weather|Snowscape|[from] ability: Snow Warning|[of] p2b: Froslass
|move|p1b: GENERAL BLADUS|Protect|p1b: GENERAL BLADUS
|-singleturn|p1b: GENERAL BLADUS|Protect
|move|p2b: Froslass|Blizzard|p1a: MAGIC NECK|[spread] p1a
|-activate|p1b: GENERAL BLADUS|move: Protect
|-damage|p1a: MAGIC NECK|66/100
|move|p2a: Sneasler|Dire Claw|p1a: MAGIC NECK
|-damage|p1a: MAGIC NECK|28/100
|-status|p1a: MAGIC NECK|psn
|-enditem|p1a: MAGIC NECK|Sitrus Berry|[eat]
|-heal|p1a: MAGIC NECK|52/100 psn|[from] item: Sitrus Berry
|move|p1a: MAGIC NECK|Trick Room|p1a: MAGIC NECK
|-fieldstart|move: Trick Room|[of] p1a: MAGIC NECK
|
|-weather|Snowscape|[upkeep]
|-damage|p1a: MAGIC NECK|40/100 psn|[from] psn
|upkeep
|turn|2
|
|t:|1785798786
|switch|p2a: Kingambit|Kingambit, L50, M|100/100
|move|p1b: GENERAL BLADUS|Kowtow Cleave|p2b: Froslass
|-supereffective|p2b: Froslass|1
|-damage|p2b: Froslass|0 fnt
|faint|p2b: Froslass
|-damage|p1b: GENERAL BLADUS|90/100|[from] item: Life Orb
|move|p1a: MAGIC NECK|Twin Beam|p2a: Kingambit
|-immune|p2a: Kingambit
|
|-weather|Snowscape|[upkeep]
|-damage|p1a: MAGIC NECK|28/100 psn|[from] psn
|upkeep
|
|t:|1785798791
|switch|p2b: Sneasler|Sneasler, L50, M|100/100
|turn|3
|
|t:|1785798799
|move|p1b: GENERAL BLADUS|Swords Dance|p1b: GENERAL BLADUS
|-boost|p1b: GENERAL BLADUS|atk|2
|move|p2a: Kingambit|Kowtow Cleave|p1a: MAGIC NECK
|-supereffective|p1a: MAGIC NECK|1
|-damage|p1a: MAGIC NECK|0 fnt
|faint|p1a: MAGIC NECK
|move|p2b: Sneasler|Close Combat|p1b: GENERAL BLADUS
|-supereffective|p1b: GENERAL BLADUS|2
|-damage|p1b: GENERAL BLADUS|0 fnt
|-unboost|p2b: Sneasler|def|1
|-unboost|p2b: Sneasler|spd|1
|faint|p1b: GENERAL BLADUS
|-enditem|p2b: Sneasler|White Herb
|-clearnegativeboost|p2b: Sneasler|[silent]
|
|-weather|Snowscape|[upkeep]
|upkeep
|
|t:|1785798804
|switch|p1b: POUND TIME|Arcanine-Hisui, L50, F, shiny|100/100
|switch|p1a: PIKU BEAM|Sylveon, L50, F|100/100
|turn|4
|
|t:|1785798816
|move|p1a: PIKU BEAM|Detect|p1a: PIKU BEAM
|-singleturn|p1a: PIKU BEAM|Protect
|move|p2a: Kingambit|Iron Head|p1a: PIKU BEAM
|-activate|p1a: PIKU BEAM|move: Protect
|move|p1b: POUND TIME|Flare Blitz|p2a: Kingambit
|-supereffective|p2a: Kingambit|1
|-damage|p2a: Kingambit|14/100
|-status|p2a: Kingambit|brn
|move|p2b: Sneasler|Close Combat|p1b: POUND TIME
|-supereffective|p1b: POUND TIME|1
|-enditem|p1b: POUND TIME|Focus Sash
|-damage|p1b: POUND TIME|1/100
|-unboost|p2b: Sneasler|def|1
|-unboost|p2b: Sneasler|spd|1
|
|-weather|Snowscape|[upkeep]
|-damage|p2a: Kingambit|9/100 brn|[from] brn
|upkeep
|turn|5
|
|t:|1785798833
|move|p2b: Sneasler|Protect|p2b: Sneasler
|-singleturn|p2b: Sneasler|Protect
|move|p1a: PIKU BEAM|Quick Attack|p2a: Kingambit
|-damage|p2a: Kingambit|0 fnt
|faint|p2a: Kingambit
|move|p1b: POUND TIME|Flare Blitz|p2b: Sneasler
|-activate|p2b: Sneasler|move: Protect
|
|-weather|none
|-fieldend|move: Trick Room
|upkeep
|
|t:|1785798836
|switch|p2a: Basculegion|Basculegion, L50, M|100/100
|turn|6
|
|t:|1785798845
|move|p1b: POUND TIME|Extreme Speed|p2b: Sneasler
|-damage|p2b: Sneasler|31/100
|move|p2b: Sneasler|Dire Claw|p1a: PIKU BEAM
|-supereffective|p1a: PIKU BEAM|1
|-damage|p1a: PIKU BEAM|0 fnt
|faint|p1a: PIKU BEAM
|move|p2a: Basculegion|Last Respects|p1b: POUND TIME
|-damage|p1b: POUND TIME|0 fnt
|faint|p1b: POUND TIME
|
|win|we all love urshf
||we all love urshf is ready for game 2.
