|j|â˜†Bergmann VGC
|j|â˜†flubberbut
|html|Bergmann VGCflubberbut    
|uhtml|bestof|Game 2 of a best-of-3
|t:|1754849643
|gametype|doubles
|player|p1|Bergmann VGC|roark|1250
|player|p2|flubberbut|265|1250
|gen|9
|tier|[Gen 9] VGC 2025 Reg H (Bo3)
|rated|
|rule|Species Clause: Limit one of each PokÃ©mon
|rule|Item Clause: Limit 1 of each item
|clearpoke
|poke|p1|Charizard, L50, M|
|poke|p1|Torkoal, L50, M|
|poke|p1|Porygon2, L50|
|poke|p1|Incineroar, L50, F|
|poke|p1|Jumpluff, L50, M|
|poke|p1|Ursaluna, L50, M|
|poke|p2|Gholdengo, L50|
|poke|p2|Glimmora, L50, M|
|poke|p2|Talonflame, L50, M|
|poke|p2|Dondozo, L50, F|
|poke|p2|Tatsugiri, L50, M|
|poke|p2|Hydreigon, L50, F|
|teampreview|4
|showteam|p1|Charizard||ChoiceSpecs|SolarPower|HeatWave,Overheat,WeatherBall,AirSlash|||M|||50|,,,,,Ghost]Torkoal||EjectPack|Drought|Eruption,Overheat,HelpingHand,Protect|||M|||50|,,,,,Fire]Porygon2||Eviolite|Download|TeraBlast,IceBeam,Recover,TrickRoom||||||50|,,,,,Fighting]Incineroar||SafetyGoggles|Intimidate|FlareBlitz,KnockOff,FakeOut,PartingShot|||F|||50|,,,,,Ghost]Jumpluff||CovertCloak|Chlorophyll|SleepPowder,SunnyDay,RagePowder,Tailwind|||M|||50|,,,,,Water]Ursaluna||FlameOrb|Guts|HeadlongRush,Facade,Earthquake,Protect|||M|||50|,,,,,Ghost
|showteam|p2|Gholdengo||ChoiceSpecs|GoodasGold|MakeItRain,ShadowBall,PowerGem,Thunderbolt||||||50|,,,,,Steel]Glimmora||PowerHerb|ToxicDebris|MeteorBeam,SludgeBomb,EarthPower,SpikyShield|||M|||50|,,,,,Grass]Talonflame||ClearAmulet|GaleWings|BraveBird,FlareBlitz,Tailwind,WillOWisp|||M|||50|,,,,,Ghost]Dondozo||CovertCloak|Unaware|WaveCrash,Earthquake,OrderUp,Protect|||F|||50|,,,,,Grass]Tatsugiri||FocusSash|Commander|DracoMeteor,MuddyWater,DragonPulse,Protect|||M|||50|,,,,,Stellar]Hydreigon||LifeOrb|Levitate|DracoMeteor,Protect,DarkPulse,HeatWave|||F|||50|,,,,,Fire
|j| acetrainerjuno
|inactive|Battle timer is ON: inactive players will automatically lose when time's up. (requested by Bergmann VGC)
|inactive|flubberbut has 60 seconds left.
|
|t:|1754849685
|teamsize|p1|4
|teamsize|p2|4
|start
|switch|p1a: Incineroar|Incineroar, L50, F|100/100
|switch|p1b: Porygon2|Porygon2, L50|100/100
|switch|p2a: Glimmora|Glimmora, L50, M|100/100
|switch|p2b: Gholdengo|Gholdengo, L50|100/100
|-ability|p1a: Incineroar|Intimidate|boost
|-unboost|p2a: Glimmora|atk|1
|-unboost|p2b: Gholdengo|atk|1
|-ability|p1b: Porygon2|Download|boost
|-boost|p1b: Porygon2|spa|1
|turn|1
|inactive|Bergmann VGC has 30 seconds left.
|
|t:|1754849715
|move|p1a: Incineroar|Fake Out|p2a: Glimmora
|-resisted|p2a: Glimmora
|-damage|p2a: Glimmora|94/100
|-activate|p2a: Glimmora|ability: Toxic Debris
|-sidestart|p1: Bergmann VGC|move: Toxic Spikes
|cant|p2a: Glimmora|flinch
|move|p2b: Gholdengo|Power Gem|p1a: Incineroar
|-supereffective|p1a: Incineroar
|-damage|p1a: Incineroar|13/100
|move|p1b: Porygon2|Trick Room|p1b: Porygon2
|-fieldstart|move: Trick Room|[of] p1b: Porygon2
|
|upkeep
|turn|2
|inactive|Bergmann VGC has 30 seconds left.
|inactive|Bergmann VGC has 20 seconds left.
|
|t:|1754849753
|switch|p2b: Dondozo|Dondozo, L50, F|100/100
|move|p1b: Porygon2|Ice Beam|p2a: Glimmora
|-damage|p2a: Glimmora|38/100
|move|p1a: Incineroar|Flare Blitz|p2b: Dondozo
|-resisted|p2b: Dondozo
|-damage|p2b: Dondozo|83/100
|-damage|p1a: Incineroar|7/100|[from] Recoil
|move|p2a: Glimmora|Meteor Beam||[still]
|-prepare|p2a: Glimmora|Meteor Beam
|-boost|p2a: Glimmora|spa|1
|-enditem|p2a: Glimmora|Power Herb
|-anim|p2a: Glimmora|Meteor Beam|p1a: Incineroar
|-supereffective|p1a: Incineroar
|-damage|p1a: Incineroar|0 fnt
|faint|p1a: Incineroar
|
|upkeep
|
|t:|1754849772
|switch|p1a: Ursaluna|Ursaluna, L50, M|100/100
|-status|p1a: Ursaluna|psn
|turn|3
|inactive|flubberbut has 30 seconds left.
|
|t:|1754849800
|switch|p2a: Tatsugiri|Tatsugiri, L50, M|100/100
|-activate|p2a: Tatsugiri|ability: Commander|[of] p2b: Dondozo
|-boost|p2b: Dondozo|atk|2
|-boost|p2b: Dondozo|spa|2
|-boost|p2b: Dondozo|spe|2
|-boost|p2b: Dondozo|def|2
|-boost|p2b: Dondozo|spd|2
|-terastallize|p1a: Ursaluna|Ghost
|move|p1b: Porygon2|Ice Beam|p2a: Tatsugiri|[miss]
|-miss|p1b: Porygon2|p2a: Tatsugiri
|move|p1a: Ursaluna|Facade|p2b: Dondozo
|-damage|p2b: Dondozo|35/100
|move|p2b: Dondozo|Wave Crash|p1a: Ursaluna
|-damage|p1a: Ursaluna|6/100 psn
|-damage|p2b: Dondozo|4/100|[from] Recoil
|
|-damage|p1a: Ursaluna|0 fnt|[from] psn
|faint|p1a: Ursaluna
|upkeep
|
|t:|1754849808
|switch|p1a: Torkoal|Torkoal, L50, M|100/100
|-status|p1a: Torkoal|psn
|-weather|SunnyDay|[from] ability: Drought|[of] p1a: Torkoal
|turn|4
|
|t:|1754849819
|move|p2b: Dondozo|Protect|p2b: Dondozo
|-singleturn|p2b: Dondozo|Protect
|move|p1a: Torkoal|Eruption|p2b: Dondozo|[spread] 
|-miss|p1a: Torkoal|p2a: Tatsugiri
|-activate|p2b: Dondozo|move: Protect
|move|p1b: Porygon2|Tera Blast|p2b: Dondozo
|-activate|p2b: Dondozo|move: Protect
|
|-weather|SunnyDay|[upkeep]
|-damage|p1a: Torkoal|88/100 psn|[from] psn
|upkeep
|turn|5
|
|t:|1754849825
|move|p2b: Dondozo|Protect||[still]
|-fail|p2b: Dondozo
|move|p1a: Torkoal|Eruption|p2b: Dondozo|[spread] p2b
|-miss|p1a: Torkoal|p2a: Tatsugiri
|-resisted|p2b: Dondozo
|-damage|p2b: Dondozo|0 fnt
|faint|p2b: Dondozo
|move|p1b: Porygon2|Tera Blast|p2a: Tatsugiri
|-damage|p2a: Tatsugiri|33/100
|
|-weather|SunnyDay|[upkeep]
|-damage|p1a: Torkoal|76/100 psn|[from] psn
|-fieldend|move: Trick Room
|upkeep
|
|t:|1754849833
|switch|p2b: Gholdengo|Gholdengo, L50|100/100
|turn|6
|
|t:|1754849845
|-terastallize|p2b: Gholdengo|Steel
|move|p1a: Torkoal|Protect|p1a: Torkoal
|-singleturn|p1a: Torkoal|Protect
|move|p2b: Gholdengo|Make It Rain|p1b: Porygon2|[spread] p1b
|-activate|p1a: Torkoal|move: Protect
|-crit|p1b: Porygon2
|-damage|p1b: Porygon2|18/100
|-unboost|p2b: Gholdengo|spa|1
|move|p2a: Tatsugiri|Dragon Pulse|p1a: Torkoal
|-activate|p1a: Torkoal|move: Protect
|move|p1b: Porygon2|Trick Room|p1b: Porygon2
|-fieldstart|move: Trick Room|[of] p1b: Porygon2
|
|-weather|SunnyDay|[upkeep]
|-damage|p1a: Torkoal|63/100 psn|[from] psn
|upkeep
|turn|7
|inactive|flubberbut has 30 seconds left.
|c|â˜†flubberbut|im re     tart       ed
|
|t:|1754849877
|switch|p2b: Glimmora|Glimmora, L50, M|38/100
|move|p2a: Tatsugiri|Protect|p2a: Tatsugiri
|-singleturn|p2a: Tatsugiri|Protect
|move|p1a: Torkoal|Eruption|p2b: Glimmora|[spread] p2b
|-activate|p2a: Tatsugiri|move: Protect
|-resisted|p2b: Glimmora
|-damage|p2b: Glimmora|6/100
|move|p1b: Porygon2|Recover|p1b: Porygon2
|-heal|p1b: Porygon2|68/100
|
|-weather|SunnyDay|[upkeep]
|-damage|p1a: Torkoal|51/100 psn|[from] psn
|upkeep
|turn|8
|
|t:|1754849890
|move|p2a: Tatsugiri|Protect||[still]
|-fail|p2a: Tatsugiri
|move|p2b: Glimmora|Spiky Shield|p2b: Glimmora
|-singleturn|p2b: Glimmora|move: Protect
|move|p1a: Torkoal|Eruption|p2b: Glimmora|[spread] p2a
|-activate|p2b: Glimmora|move: Protect
|-resisted|p2a: Tatsugiri
|-damage|p2a: Tatsugiri|21/100
|move|p1b: Porygon2|Tera Blast|p2a: Tatsugiri
|-damage|p2a: Tatsugiri|0 fnt
|faint|p2a: Tatsugiri
|
|-weather|none
|-damage|p1a: Torkoal|38/100 psn|[from] psn
|upkeep
|
|t:|1754849892
|switch|p2a: Gholdengo|Gholdengo, L50, tera:Steel|100/100
|turn|9
|
|t:|1754849910
|move|p2b: Glimmora|Spiky Shield||[still]
|-fail|p2b: Glimmora
|move|p1a: Torkoal|Overheat|p2a: Gholdengo
|-supereffective|p2a: Gholdengo
|-damage|p2a: Gholdengo|0 fnt
|-unboost|p1a: Torkoal|spa|2
|faint|p2a: Gholdengo
|move|p1b: Porygon2|Ice Beam|p2b: Glimmora
|-damage|p2b: Glimmora|0 fnt
|faint|p2b: Glimmora
|
|win|Bergmann VGC
|raw|Bergmann VGC's rating: 1250 → 1275(+25 for winning)
|raw|flubberbut's rating: 1250 → 1225(-25 for losing)
