|j|☆miss mizz
|j|☆OwanTanSoup
|html|miss mizzOwanTanSoup    
|uhtml|bestof|Game 2 of a best-of-3
|t:|1757820224
|gametype|doubles
|player|p1|miss mizz|265|1063
|player|p2|OwanTanSoup|ingo|1007
|gen|9
|tier|[Gen 9] VGC 2025 Reg H (Bo3)
|rated|
|rule|Species Clause: Limit one of each Pokémon
|rule|Item Clause: Limit 1 of each item
|clearpoke
|poke|p1|Primarina, L50, F|
|poke|p1|Sylveon, L50, M|
|poke|p1|Indeedee, L50, M|
|poke|p1|Meowscarada, L50, F|
|poke|p1|Sneasler, L50, M|
|poke|p1|Decidueye-Hisui, L50, F|
|poke|p2|Ursaluna-Bloodmoon, L50, M|
|poke|p2|Ceruledge, L50, M|
|poke|p2|Incineroar, L50, F|
|poke|p2|Rotom-Mow, L50|
|poke|p2|Garchomp, L50, M|
|poke|p2|Dragonite, L50, M|
|teampreview|4
|showteam|p1|Primarina||LifeOrb|LiquidVoice|WaterPledge,HyperVoice,Moonblast,Protect|||F|||50|,,,,,Steel]Sylveon||ChoiceSpecs|Pixilate|HyperVoice,ShadowBall,HyperBeam,Psychic|||M|||50|,,,,,Ghost]Indeedee||SafetyGoggles|PsychicSurge|ExpandingForce,TeraBlast,TrickRoom,Imprison|||M|||50|,,,,,Fire]Meowscarada||FocusSash|Overgrow|KnockOff,FlowerTrick,Protect,GrassPledge|||F|||50|,,,,,Fairy]Sneasler||PsychicSeed|Unburden|DireClaw,Acrobatics,CloseCombat,Protect|||M|||50|,,,,,Flying]Decidueye-Hisui||RazorClaw|Scrappy|TripleArrows,Haze,LeafBlade,Protect|||F|||50|,,,,,Fire
|showteam|p2|Ursaluna-Bloodmoon||CovertCloak|MindsEye|BloodMoon,Protect,HyperVoice,EarthPower|||M|||50|,,,,,Ground]Ceruledge||LifeOrb|FlashFire|BitterBlade,ShadowSneak,Protect,BulkUp|||M|||50|,,,,,Grass]Incineroar||AbilityShield|Intimidate|FakeOut,KnockOff,PartingShot,FlameCharge|||F|||50|,,,,,Fire]Rotom-Mow||WhiteHerb|Levitate|Electroweb,LeafStorm,Protect,VoltSwitch||||||50|,,,,,Grass]Garchomp||RockyHelmet|RoughSkin|SwordsDance,RockSlide,Earthquake,Protect|||M|||50|,,,,,Ground]Dragonite||Leftovers|InnerFocus|IceSpinner,Tailwind,ExtremeSpeed,Haze|||M|||50|,,,,,Normal
|inactive|Battle timer is ON: inactive players will automatically lose when time's up. (requested by OwanTanSoup)
|inactive|OwanTanSoup has 60 seconds left.
|
|t:|1757820286
|teamsize|p1|4
|teamsize|p2|4
|start
|switch|p1a: Primarina|Primarina, L50, F, shiny|100/100
|switch|p1b: Meowscarada|Meowscarada, L50, F, shiny|100/100
|switch|p2a: Rotom|Rotom-Mow, L50|100/100
|switch|p2b: Incineroar|Incineroar, L50, F|100/100
|-ability|p2b: Incineroar|Intimidate|boost
|-unboost|p1a: Primarina|atk|1
|-unboost|p1b: Meowscarada|atk|1
|turn|1
|
|t:|1757820303
|move|p1b: Meowscarada|Protect|p1b: Meowscarada
|-singleturn|p1b: Meowscarada|Protect
|move|p1a: Primarina|Protect|p1a: Primarina
|-singleturn|p1a: Primarina|Protect
|move|p2b: Incineroar|Fake Out|p1b: Meowscarada
|-activate|p1b: Meowscarada|move: Protect
|move|p2a: Rotom|Leaf Storm|p1a: Primarina
|-activate|p1a: Primarina|move: Protect
|
|upkeep
|turn|2
|
|t:|1757820322
|-terastallize|p1a: Primarina|Steel
|move|p1b: Meowscarada|Grass Pledge|p2b: Incineroar
|-waiting|p1b: Meowscarada|p1a: Primarina
|move|p1a: Primarina|Water Pledge|p2b: Incineroar|[from] move: Grass Pledge
|-combine
|-resisted|p2b: Incineroar
|-damage|p2b: Incineroar|54/100
|-sidestart|p2: OwanTanSoup|Grass Pledge
|-damage|p1a: Primarina|91/100|[from] item: Life Orb
|move|p2a: Rotom|Leaf Storm|p1a: Primarina
|-resisted|p1a: Primarina
|-damage|p1a: Primarina|66/100
|-unboost|p2a: Rotom|spa|2
|-enditem|p2a: Rotom|White Herb
|-clearnegativeboost|p2a: Rotom|[silent]
|move|p2b: Incineroar|Flame Charge|p1b: Meowscarada
|-supereffective|p1b: Meowscarada
|-damage|p1b: Meowscarada|29/100
|-boost|p2b: Incineroar|spe|1
|
|upkeep
|turn|3
|inactive|OwanTanSoup has 30 seconds left.
|
|t:|1757820355
|move|p1b: Meowscarada|Flower Trick|p2a: Rotom
|-resisted|p2a: Rotom
|-crit|p2a: Rotom
|-damage|p2a: Rotom|52/100
|move|p1a: Primarina|Hyper Voice|p2b: Incineroar|[spread] p2a,p2b
|-resisted|p2a: Rotom
|-supereffective|p2b: Incineroar
|-damage|p2a: Rotom|21/100
|-damage|p2b: Incineroar|0 fnt
|faint|p2b: Incineroar
|-damage|p1a: Primarina|57/100|[from] item: Life Orb
|move|p2a: Rotom|Volt Switch|p1a: Primarina
|-damage|p1a: Primarina|28/100
|
|t:|1757820373
|switch|p2a: Dragonite|Dragonite, L50, M|100/100|[from] Volt Switch
|
|upkeep
|
|t:|1757820381
|switch|p2b: Rotom|Rotom-Mow, L50|21/100
|turn|4
|
|t:|1757820396
|switch|p1b: Indeedee|Indeedee, L50, M, shiny|100/100
|-fieldstart|move: Psychic Terrain|[from] ability: Psychic Surge|[of] p1b: Indeedee
|-terastallize|p2a: Dragonite|Normal
|move|p1a: Primarina|Hyper Voice|p2a: Dragonite|[spread] p2a,p2b
|-resisted|p2b: Rotom
|-damage|p2a: Dragonite|53/100
|-damage|p2b: Rotom|0 fnt
|faint|p2b: Rotom
|-damage|p1a: Primarina|19/100|[from] item: Life Orb
|move|p2a: Dragonite|Ice Spinner|p1b: Indeedee
|-damage|p1b: Indeedee|61/100
|-fieldend|move: Psychic Terrain
|
|-heal|p2a: Dragonite|59/100|[from] item: Leftovers
|upkeep
|
|t:|1757820408
|switch|p2b: Ceruledge|Ceruledge, L50, M, shiny|100/100
|turn|5
|
|t:|1757820424
|move|p1a: Primarina|Protect|p1a: Primarina
|-singleturn|p1a: Primarina|Protect
|move|p2a: Dragonite|Extreme Speed|p1b: Indeedee
|-damage|p1b: Indeedee|0 fnt
|faint|p1b: Indeedee
|move|p2b: Ceruledge|Bitter Blade|p1a: Primarina
|-activate|p1a: Primarina|move: Protect
|
|-heal|p2a: Dragonite|65/100|[from] item: Leftovers
|-sideend|p2: OwanTanSoup|Grass Pledge
|upkeep
|
|t:|1757820435
|switch|p1b: Meowscarada|Meowscarada, L50, F, shiny|29/100
|turn|6
|
|t:|1757820445
|move|p2a: Dragonite|Extreme Speed|p1b: Meowscarada
|-damage|p1b: Meowscarada|0 fnt
|faint|p1b: Meowscarada
|move|p2b: Ceruledge|Shadow Sneak|p1a: Primarina
|-damage|p1a: Primarina|0 fnt
|faint|p1a: Primarina
|-damage|p2b: Ceruledge|90/100|[from] item: Life Orb
|
|-heal|p2a: Dragonite|71/100|[from] item: Leftovers
|upkeep
|
|t:|1757820456
|switch|p1b: Sylveon|Sylveon, L50, M, shiny|100/100
|turn|7
|
|t:|1757820462
|move|p2a: Dragonite|Extreme Speed|p1b: Sylveon
|-damage|p1b: Sylveon|44/100
|move|p2b: Ceruledge|Bitter Blade|p1b: Sylveon
|-damage|p1b: Sylveon|0 fnt
|-heal|p2b: Ceruledge|100/100|[from] drain|[of] p1b: Sylveon
|faint|p1b: Sylveon
|-damage|p2b: Ceruledge|90/100|[from] item: Life Orb
|
|win|OwanTanSoup
||miss mizz is ready for game 3.
|inactive|OwanTanSoup has 30 seconds to confirm battle start!
||OwanTanSoup is ready for game 3.
|uhtml|next|Next: Game 3 of 3
|l|☆OwanTanSoup
|player|p2|
