|j|☆aqoursfan1
|j|☆marcosdeltasena31
|html|aqoursfan1marcosdeltasena31    
|uhtml|bestof|Game 1 of a best-of-3
|t:|1786157632
|gametype|doubles
|player|p1|aqoursfan1|anabel-gen7|1414
|player|p2|marcosdeltasena31|hilbert|1366
|gen|9
|tier|[Gen 9 Champions] VGC 2026 Reg M-B (Bo3)
|rated|
|rule|Species Clause: Limit one of each Pokémon
|rule|Item Clause: Limit 1 of each item
|clearpoke
|poke|p1|Whimsicott, L50, F, shiny|
|poke|p1|Raichu, L50, M|
|poke|p1|Kingambit, L50, F|
|poke|p1|Sylveon, L50, M, shiny|
|poke|p1|Charizard, L50, F, shiny|
|poke|p1|Garchomp, L50, F|
|poke|p2|Staraptor, L50, M|
|poke|p2|Delphox, L50, F|
|poke|p2|Whimsicott, L50, F|
|poke|p2|Glimmora, L50, F|
|poke|p2|Garchomp, L50, M|
|poke|p2|Kingambit, L50, F|
|teampreview|4
|showteam|p1|Whimsicott||FocusSash|Prankster|Moonblast,Encore,Tailwind,Protect|Timid||F|||50|]Raichu||RaichuniteY|LightningRod|ZapCannon,FocusBlast,FakeOut,Protect|Timid||M|||50|]Kingambit||ChopleBerry|Defiant|KowtowCleave,SuckerPunch,IronHead,Protect|Adamant||F|||50|]Sylveon||FairyFeather|Pixilate|HyperVoice,HyperBeam,QuickAttack,Detect|Modest||M|||50|]Charizard||CharizarditeY|SolarPower|HeatWave,WeatherBall,SolarBeam,Protect|Modest||F|||50|]Garchomp||LifeOrb|RoughSkin|DragonClaw,Earthquake,StompingTantrum,Protect|Jolly||F|||50|
|showteam|p2|Staraptor||Staraptite|Intimidate|Protect,Roost,CloseCombat,BraveBird|Jolly||M|||50|]Delphox||Delphoxite|Magician|Protect,Psychic,HeatWave,Substitute|Timid||F|||50|]Whimsicott||OccaBerry|Prankster|Moonblast,Tailwind,Charm,LightScreen|Timid||F|||50|]Glimmora||FocusSash|ToxicDebris|SpikyShield,SludgeBomb,EarthPower,PowerGem|Timid||F|||50|]Garchomp||LifeOrb|RoughSkin|Protect,RockSlide,Earthquake,DragonClaw|Jolly||M|||50|]Kingambit||ChopleBerry|Defiant|SuckerPunch,LowKick,IronHead,KowtowCleave|Adamant||F|||50|
|inactive|Battle timer is ON: inactive players will automatically lose when time's up. (requested by aqoursfan1)
|inactive|marcosdeltasena31 has 60 seconds left.
|
|t:|1786157664
|teamsize|p1|4
|teamsize|p2|4
|start
|switch|p1a: Raichu|Raichu, L50, M|100/100
|switch|p1b: Whimsicott|Whimsicott, L50, F, shiny|100/100
|switch|p2a: Glimmora|Glimmora, L50, F|100/100
|switch|p2b: Whimsicott|Whimsicott, L50, F|100/100
|turn|1
|inactive|aqoursfan1 has 30 seconds left.
|inactive|aqoursfan1 has 20 seconds left.
|
|t:|1786157699
|detailschange|p1a: Raichu|Raichu-Mega-Y, L50, M
|-mega|p1a: Raichu|Raichu|Raichunite Y
|move|p1b: Whimsicott|Tailwind|p1b: Whimsicott
|-sidestart|p1: aqoursfan1|move: Tailwind
|move|p2b: Whimsicott|Light Screen|p2b: Whimsicott
|-sidestart|p2: marcosdeltasena31|move: Light Screen
|move|p1a: Raichu|Zap Cannon|p2a: Glimmora
|-damage|p2a: Glimmora|39/100
|-status|p2a: Glimmora|par
|move|p2a: Glimmora|Sludge Bomb|p1b: Whimsicott
|-supereffective|p1b: Whimsicott|2
|-enditem|p1b: Whimsicott|Focus Sash
|-damage|p1b: Whimsicott|1/100
|-status|p1b: Whimsicott|psn
|
|-damage|p1b: Whimsicott|0 fnt|[from] psn
|faint|p1b: Whimsicott
|upkeep
|
|t:|1786157712
|switch|p1b: Sylveon|Sylveon, L50, M, shiny|100/100
|turn|2
|
|t:|1786157717
|move|p2a: Glimmora|Spiky Shield|p2a: Glimmora
|-singleturn|p2a: Glimmora|move: Protect
|move|p2b: Whimsicott|Tailwind|p2b: Whimsicott
|-sidestart|p2: marcosdeltasena31|move: Tailwind
|move|p1a: Raichu|Zap Cannon|p2a: Glimmora
|-activate|p2a: Glimmora|move: Protect
|move|p1b: Sylveon|Hyper Voice|p2b: Whimsicott|[spread] p2b
|-activate|p2a: Glimmora|move: Protect
|-damage|p2b: Whimsicott|52/100
|
|upkeep
|turn|3
|
|t:|1786157725
|move|p1a: Raichu|Zap Cannon|p2a: Glimmora
|-damage|p2a: Glimmora|0 fnt
|faint|p2a: Glimmora
|move|p2b: Whimsicott|Moonblast|p1a: Raichu
|-crit|p1a: Raichu
|-damage|p1a: Raichu|45/100
|move|p1b: Sylveon|Hyper Voice|p2b: Whimsicott
|-damage|p2b: Whimsicott|0 fnt
|faint|p2b: Whimsicott
|
|upkeep
|
|t:|1786157733
|switch|p2b: Delphox|Delphox, L50, F|100/100
|switch|p2a: Garchomp|Garchomp, L50, M|100/100
|turn|4
|
|t:|1786157741
|switch|p1a: Kingambit|Kingambit, L50, F|100/100
|move|p2a: Garchomp|Protect|p2a: Garchomp
|-singleturn|p2a: Garchomp|Protect
|move|p2b: Delphox|Protect|p2b: Delphox
|-singleturn|p2b: Delphox|Protect
|move|p1b: Sylveon|Hyper Beam|p2a: Garchomp
|-activate|p2a: Garchomp|move: Protect
|
|-sideend|p1: aqoursfan1|move: Tailwind
|upkeep
|turn|5
|
|t:|1786157760
|detailschange|p2b: Delphox|Delphox-Mega, L50, F
|-mega|p2b: Delphox|Delphox|Delphoxite
|move|p2b: Delphox|Substitute|p2b: Delphox
|-start|p2b: Delphox|Substitute
|-damage|p2b: Delphox|75/100
|move|p2a: Garchomp|Earthquake|p1a: Kingambit|[spread] p1a,p1b
|-immune|p2b: Delphox|[from] ability: Levitate
|-supereffective|p1a: Kingambit|1
|-damage|p1a: Kingambit|32/100
|-damage|p1b: Sylveon|24/100
|-damage|p2a: Garchomp|90/100|[from] item: Life Orb
|move|p1b: Sylveon|Hyper Beam|p2a: Garchomp
|-supereffective|p2a: Garchomp|1
|-damage|p2a: Garchomp|0 fnt
|-mustrecharge|p1b: Sylveon
|faint|p2a: Garchomp
|move|p1a: Kingambit|Kowtow Cleave|p2b: Delphox
|-supereffective|p2b: Delphox|1
|-end|p2b: Delphox|Substitute
|
|-sideend|p2: marcosdeltasena31|move: Light Screen
|-sideend|p2: marcosdeltasena31|move: Tailwind
|upkeep
|turn|6
|
|t:|1786157775
|move|p1a: Kingambit|Sucker Punch||[still]
|-fail|p1a: Kingambit
|move|p2b: Delphox|Substitute|p2b: Delphox
|-start|p2b: Delphox|Substitute
|-damage|p2b: Delphox|50/100g
|cant|p1b: Sylveon|recharge
|
|upkeep
|turn|7
|
|t:|1786157795
|move|p1a: Kingambit|Protect|p1a: Kingambit
|-singleturn|p1a: Kingambit|Protect
|move|p1b: Sylveon|Quick Attack|p2b: Delphox
|-resisted|p2b: Delphox|1
|-activate|p2b: Delphox|move: Substitute|[damage]
|move|p2b: Delphox|Heat Wave|p1b: Sylveon|[spread] p1b
|-activate|p1a: Kingambit|move: Protect
|-damage|p1b: Sylveon|0 fnt
|faint|p1b: Sylveon
|
|upkeep
|
|t:|1786157801
|switch|p1b: Raichu|Raichu-Mega-Y, L50, M|45/100
|turn|8
|
|t:|1786157804
|move|p2b: Delphox|Protect|p2b: Delphox
|-singleturn|p2b: Delphox|Protect
|move|p1b: Raichu|Fake Out|p2b: Delphox
|-activate|p2b: Delphox|move: Protect
|move|p1a: Kingambit|Sucker Punch||[still]
|-fail|p1a: Kingambit
|
|upkeep
|turn|9
|
|t:|1786157809
|move|p1a: Kingambit|Sucker Punch|p2b: Delphox
|-supereffective|p2b: Delphox|1
|-end|p2b: Delphox|Substitute
|move|p2b: Delphox|Heat Wave|p1b: Raichu|[spread] p1a,p1b
|-supereffective|p1a: Kingambit|1
|-damage|p1a: Kingambit|0 fnt
|-damage|p1b: Raichu|0 fnt
|faint|p1a: Kingambit
|faint|p1b: Raichu
|
|win|marcosdeltasena31
