|j|☆Gentlefish
|j|☆chappell murkroan
|html|Gentlefishchappell murkroan    
|uhtml|bestof|Game 1 of a best-of-3
|t:|1756238161
|gametype|doubles
|player|p1|Gentlefish|dragontamer-gen9|1256
|player|p2|chappell murkroan|caitlin|1280
|gen|9
|tier|[Gen 9] VGC 2025 Reg H (Bo3)
|rated|
|rule|Species Clause: Limit one of each Pokémon
|rule|Item Clause: Limit 1 of each item
|clearpoke
|poke|p1|Garchomp, L50, F|
|poke|p1|Weezing-Galar, L50, M|
|poke|p1|Archaludon, L50, M|
|poke|p1|Gholdengo, L50|
|poke|p1|Talonflame, L50, M|
|poke|p1|Annihilape, L50, F|
|poke|p2|Ursaluna-Bloodmoon, L50, M|
|poke|p2|Whimsicott, L50, M|
|poke|p2|Dragonite, L50, F|
|poke|p2|Gholdengo, L50|
|poke|p2|Annihilape, L50, M|
|poke|p2|Incineroar, L50, M|
|teampreview|4
|showteam|p1|Garchomp||LifeOrb|RoughSkin|DragonClaw,Earthquake,StompingTantrum,Protect|||F|||50|,,,,,Ground]Weezing-Galar||FocusSash|NeutralizingGas|Protect,SludgeBomb,Taunt,StrangeSteam|||M|||50|,,,,,Flying]Archaludon||PowerHerb|Sturdy|ElectroShot,Thunderbolt,DracoMeteor,Protect|||M|||50|,,,,,Electric]Gholdengo||ChoiceSpecs|GoodasGold|ShadowBall,DazzlingGleam,PowerGem,MakeItRain||||||50|,,,,,Fairy]Talonflame||CovertCloak|GaleWings|Tailwind,DualWingbeat,WillOWisp,FlareBlitz|||M|||50|,,,,,Stellar]Annihilape||AssaultVest|Defiant|CloseCombat,RageFist,FinalGambit,IcePunch|||F|||50|,,,,,Grass
|showteam|p2|Ursaluna-Bloodmoon||LifeOrb|MindsEye|BloodMoon,HyperVoice,EarthPower,Protect|||M|||50|,,,,,Normal]Whimsicott||FocusSash|Prankster|Moonblast,Tailwind,Encore,Protect|||M|||50|,,,,,Ghost]Dragonite||LoadedDice|Multiscale|ScaleShot,ExtremeSpeed,LowKick,Protect|||F|||50|,,,,,Fairy]Gholdengo||ChoiceSpecs|GoodasGold|MakeItRain,ShadowBall,Trick,Thunderbolt||||||50|,,,,,Steel]Annihilape||SafetyGoggles|Defiant|FinalGambit,CloseCombat,RageFist,Taunt|||M|||50|,,,,,Fairy]Incineroar||AssaultVest|Intimidate|Uturn,FlareBlitz,KnockOff,FakeOut|||M|||50|,,,,,Grass
|inactive|Battle timer is ON: inactive players will automatically lose when time's up. (requested by chappell murkroan)
|c|☆Gentlefish|incredible username
|c|☆chappell murkroan|ty hhahaha
|inactive|Gentlefish has 60 seconds left.
|inactive|chappell murkroan has 60 seconds left.
|inactive|Gentlefish has 30 seconds left.
|inactive|chappell murkroan has 30 seconds left.
|inactive|Gentlefish has 20 seconds left.
|inactive|Gentlefish has 15 seconds left.
|
|t:|1756238237
|teamsize|p1|4
|teamsize|p2|4
|start
|switch|p1a: Talonflame|Talonflame, L50, M|100/100
|switch|p1b: Gholdengo|Gholdengo, L50|100/100
|switch|p2a: Whimsicott|Whimsicott, L50, M|100/100
|switch|p2b: Gholdengo|Gholdengo, L50|100/100
|turn|1
|inactive|Gentlefish has 30 seconds left.
|
|t:|1756238266
|-terastallize|p2b: Gholdengo|Steel
|move|p1a: Talonflame|Tailwind|p1a: Talonflame
|-sidestart|p1: Gentlefish|move: Tailwind
|move|p2a: Whimsicott|Tailwind|p2a: Whimsicott
|-sidestart|p2: chappell murkroan|move: Tailwind
|move|p1b: Gholdengo|Make It Rain|p2b: Gholdengo|[spread] p2a,p2b
|-supereffective|p2a: Whimsicott
|-resisted|p2b: Gholdengo
|-enditem|p2a: Whimsicott|Focus Sash
|-damage|p2a: Whimsicott|1/100
|-damage|p2b: Gholdengo|60/100
|-unboost|p1b: Gholdengo|spa|1
|move|p2b: Gholdengo|Make It Rain|p1b: Gholdengo|[spread] p1a,p1b
|-resisted|p1a: Talonflame
|-resisted|p1b: Gholdengo
|-damage|p1a: Talonflame|23/100
|-damage|p1b: Gholdengo|50/100
|-unboost|p2b: Gholdengo|spa|1
|
|upkeep
|turn|2
|inactive|Gentlefish has 30 seconds left.
|
|t:|1756238292
|move|p2a: Whimsicott|Encore|p1a: Talonflame
|-start|p1a: Talonflame|Encore
|move|p1a: Talonflame|Tailwind||[still]
|-fail|p1a: Talonflame
|move|p1b: Gholdengo|Make It Rain|p2b: Gholdengo|[spread] p2a,p2b
|-supereffective|p2a: Whimsicott
|-resisted|p2b: Gholdengo
|-damage|p2a: Whimsicott|0 fnt
|-damage|p2b: Gholdengo|37/100
|-unboost|p1b: Gholdengo|spa|1
|faint|p2a: Whimsicott
|move|p2b: Gholdengo|Make It Rain|p1a: Talonflame|[spread] p1a,p1b
|-resisted|p1a: Talonflame
|-resisted|p1b: Gholdengo
|-damage|p1a: Talonflame|0 fnt
|-damage|p1b: Gholdengo|10/100
|-unboost|p2b: Gholdengo|spa|1
|faint|p1a: Talonflame
|
|upkeep
|
|t:|1756238308
|switch|p1a: Garchomp|Garchomp, L50, F|100/100
|switch|p2a: Dragonite|Dragonite, L50, F|100/100
|turn|3
|inactive|Gentlefish has 30 seconds left.
|inactive|Gentlefish has 20 seconds left.
|inactive|Gentlefish has 15 seconds left.
|inactive|Gentlefish has 10 seconds left.
|
|t:|1756238355
|switch|p1b: Annihilape|Annihilape, L50, F|100/100
|-terastallize|p1a: Garchomp|Ground
|move|p1a: Garchomp|Stomping Tantrum|p2b: Gholdengo
|-supereffective|p2b: Gholdengo
|-damage|p2b: Gholdengo|0 fnt
|faint|p2b: Gholdengo
|-damage|p1a: Garchomp|91/100|[from] item: Life Orb
|move|p2a: Dragonite|Scale Shot|p1a: Garchomp
|-damage|p1a: Garchomp|74/100
|-damage|p1a: Garchomp|58/100
|-damage|p1a: Garchomp|43/100
|-damage|p1a: Garchomp|27/100
|-hitcount|p1a: Garchomp|4
|-unboost|p2a: Dragonite|def|1
|-boost|p2a: Dragonite|spe|1
|
|upkeep
|
|t:|1756238373
|switch|p2b: Ursaluna|Ursaluna-Bloodmoon, L50, M|100/100
|turn|4
|inactive|Gentlefish has 30 seconds left.
|
|t:|1756238407
|move|p2a: Dragonite|Scale Shot|p1a: Garchomp
|-damage|p1a: Garchomp|10/100
|-damage|p1a: Garchomp|0 fnt
|faint|p1a: Garchomp
|-hitcount|p1: Garchomp|2
|-unboost|p2a: Dragonite|def|1
|-boost|p2a: Dragonite|spe|1
|move|p1b: Annihilape|Ice Punch|p2a: Dragonite
|-supereffective|p2a: Dragonite
|-damage|p2a: Dragonite|0 fnt
|faint|p2a: Dragonite
|move|p2b: Ursaluna|Blood Moon|p1b: Annihilape
|-damage|p1b: Annihilape|23/100
|-damage|p2b: Ursaluna|91/100|[from] item: Life Orb
|
|-sideend|p1: Gentlefish|move: Tailwind
|-sideend|p2: chappell murkroan|move: Tailwind
|upkeep
|
|t:|1756238410
|switch|p1a: Gholdengo|Gholdengo, L50|10/100
|turn|5
|
|t:|1756238423
|move|p1b: Annihilape|Close Combat|p2b: Ursaluna
|-supereffective|p2b: Ursaluna
|-damage|p2b: Ursaluna|0 fnt
|-unboost|p1b: Annihilape|def|1
|-unboost|p1b: Annihilape|spd|1
|faint|p2b: Ursaluna
|
|win|Gentlefish
||chappell murkroan is ready for game 2.
||Gentlefish is ready for game 2.
|uhtml|next|Next: Game 2 of 3
|l|☆chappell murkroan
|player|p2|
