|j|☆CaratroncoSun
|j|☆AzureTheTimeblind
|html|CaratroncoSunAzureTheTimeblind    
|uhtml|bestof|Game 3 of a best-of-3
|t:|1782228275
|gametype|doubles
|player|p1|CaratroncoSun|juan|1174
|player|p2|AzureTheTimeblind|2|1126
|gen|9
|tier|[Gen 9 Champions] VGC 2026 Reg M-B (Bo3)
|rated|
|rule|Species Clause: Limit one of each Pokémon
|rule|Item Clause: Limit 1 of each item
|clearpoke
|poke|p1|Overqwil, L50, F, shiny|
|poke|p1|Swampert, L50, M|
|poke|p1|Pelipper, L50, F|
|poke|p1|Metagross, L50, shiny|
|poke|p1|Sneasler, L50, M|
|poke|p1|Sinistcha-Masterpiece, L50|
|poke|p2|Metagross, L50|
|poke|p2|Floette-Eternal, L50, F|
|poke|p2|Ninetales-Alola, L50, M|
|poke|p2|Blaziken, L50, M|
|poke|p2|Milotic, L50, F|
|poke|p2|Whimsicott, L50, M|
|teampreview|4
|showteam|p1|Overqwil||LifeOrb|SwiftSwim|Protect,PoisonJab,ThroatChop,Liquidation|Adamant||F|||50|]Swampert||Swampertite|Damp|Protect,WaveCrash,HighHorsepower,IcePunch|Adamant||M|||50|]Pelipper||FocusSash|Drizzle|Protect,Tailwind,Hurricane,WeatherBall|Modest||F|||50|]Metagross||Metagrossite|ClearBody|Protect,PsychicFangs,MeteorMash,IcePunch|Jolly|||||50|]Sneasler||WhiteHerb|Unburden|Coaching,FakeOut,DireClaw,CloseCombat|Jolly||M|||50|]Sinistcha-Masterpiece||SitrusBerry|Hospitality|MatchaGotcha,TrickRoom,LifeDew,RagePowder|Bold|||||50|
|showteam|p2|Metagross||Metagrossite|ClearBody|IronHead,PsychicFangs,ThunderPunch,Protect|Adamant|||||50|]Floette-Eternal||Floettite|FlowerVeil|Moonblast,LightofRuin,DazzlingGleam,Protect|Modest||F|||50|]Ninetales-Alola||SitrusBerry|SnowWarning|Blizzard,FreezeDry,AuroraVeil,Protect|Timid||M|||50|]Blaziken||FocusSash|SpeedBoost|HeatWave,CloseCombat,Coaching,Protect|Mild||M|||50|]Milotic||Leftovers|Competitive|MuddyWater,Scald,HelpingHand,Protect|Calm||F|||50|]Whimsicott||FairyFeather|Prankster|EnergyBall,Moonblast,Tailwind,Protect|Timid||M|||50|
|
|t:|1782228296
|teamsize|p1|4
|teamsize|p2|4
|start
|switch|p1a: Swampert|Swampert, L50, M|100/100
|switch|p1b: Sneasler|Sneasler, L50, M|100/100
|switch|p2a: Floette|Floette-Eternal, L50, F|100/100
|switch|p2b: Whimsicott|Whimsicott, L50, M|100/100
|turn|1
|inactive|Battle timer is ON: inactive players will automatically lose when time's up. (requested by AzureTheTimeblind)
|
|t:|1782228312
|detailschange|p1a: Swampert|Swampert-Mega, L50, M
|-mega|p1a: Swampert|Swampert|Swampertite
|move|p1b: Sneasler|Fake Out|p2b: Whimsicott
|-damage|p2b: Whimsicott|82/100
|cant|p2b: Whimsicott|flinch
|move|p1a: Swampert|Ice Punch|p2b: Whimsicott
|-supereffective|p2b: Whimsicott|1
|-damage|p2b: Whimsicott|1/100
|move|p2a: Floette|Light of Ruin|p1a: Swampert|[miss]
|-miss|p2a: Floette|p1a: Swampert
|
|upkeep
|turn|2
|inactive|CaratroncoSun has 30 seconds left.
|
|t:|1782228341
|detailschange|p2a: Floette|Floette-Mega, L50, F
|-mega|p2a: Floette|Floette|Floettite
|-ability|p2a: Floette|Fairy Aura
|move|p1a: Swampert|Protect|p1a: Swampert
|-singleturn|p1a: Swampert|Protect
|move|p2b: Whimsicott|Tailwind|p2b: Whimsicott
|-sidestart|p2: AzureTheTimeblind|move: Tailwind
|move|p2a: Floette|Dazzling Gleam|p1b: Sneasler|[spread] p1b
|-activate|p1a: Swampert|move: Protect
|-damage|p1b: Sneasler|43/100
|move|p1b: Sneasler|Close Combat|p2b: Whimsicott
|-resisted|p2b: Whimsicott|1
|-damage|p2b: Whimsicott|0 fnt
|-unboost|p1b: Sneasler|def|1
|-unboost|p1b: Sneasler|spd|1
|faint|p2b: Whimsicott
|-enditem|p1b: Sneasler|White Herb
|-clearnegativeboost|p1b: Sneasler|[silent]
|
|upkeep
|
|t:|1782228358
|switch|p2b: Blaziken|Blaziken, L50, M|100/100
|turn|3
|inactive|CaratroncoSun has 30 seconds left.
|inactive|AzureTheTimeblind has 30 seconds left.
|inactive|CaratroncoSun has 20 seconds left.
|inactive|CaratroncoSun has 15 seconds left.
|inactive|CaratroncoSun has 10 seconds left.
|
|t:|1782228407
|switch|p2b: Ninetales|Ninetales-Alola, L50, M|100/100
|-weather|Snowscape|[from] ability: Snow Warning|[of] p2b: Ninetales
|move|p1b: Sneasler|Dire Claw|p2a: Floette
|-supereffective|p2a: Floette|1
|-damage|p2a: Floette|19/100
|move|p2a: Floette|Light of Ruin|p1a: Swampert
|-crit|p1a: Swampert
|-damage|p1a: Swampert|0 fnt
|faint|p1a: Swampert
|-damage|p2a: Floette|0 fnt|[from] Recoil
|faint|p2a: Floette
|
|-weather|Snowscape|[upkeep]
|upkeep
|
|t:|1782228428
|switch|p2a: Blaziken|Blaziken, L50, M|100/100
|switch|p1a: Pelipper|Pelipper, L50, F|100/100
|-weather|RainDance|[from] ability: Drizzle|[of] p1a: Pelipper
|turn|4
|
|t:|1782228445
|move|p2a: Blaziken|Protect|p2a: Blaziken
|-singleturn|p2a: Blaziken|Protect
|move|p1b: Sneasler|Dire Claw|p2b: Ninetales
|-supereffective|p2b: Ninetales|1
|-damage|p2b: Ninetales|5/100
|-enditem|p2b: Ninetales|Sitrus Berry|[eat]
|-heal|p2b: Ninetales|30/100|[from] item: Sitrus Berry
|move|p2b: Ninetales|Freeze-Dry|p1a: Pelipper
|-supereffective|p1a: Pelipper|2
|-enditem|p1a: Pelipper|Focus Sash
|-damage|p1a: Pelipper|1/100
|move|p1a: Pelipper|Tailwind|p1a: Pelipper
|-sidestart|p1: CaratroncoSun|move: Tailwind
|
|-weather|RainDance|[upkeep]
|-ability|p2a: Blaziken|Speed Boost|boost
|-boost|p2a: Blaziken|spe|1
|upkeep
|turn|5
|inactive|CaratroncoSun has 30 seconds left.
|
|t:|1782228470
|move|p2b: Ninetales|Protect|p2b: Ninetales
|-singleturn|p2b: Ninetales|Protect
|move|p1b: Sneasler|Dire Claw|p2a: Blaziken
|-damage|p2a: Blaziken|32/100
|-status|p2a: Blaziken|psn
|move|p2a: Blaziken|Heat Wave|p1a: Pelipper|[spread] p1a
|-miss|p2a: Blaziken|p1b: Sneasler
|-resisted|p1a: Pelipper|1
|-damage|p1a: Pelipper|0 fnt
|faint|p1a: Pelipper
|
|-weather|RainDance|[upkeep]
|-damage|p2a: Blaziken|20/100r psn|[from] psn
|-sideend|p2: AzureTheTimeblind|move: Tailwind
|-ability|p2a: Blaziken|Speed Boost|boost
|-boost|p2a: Blaziken|spe|1
|upkeep
|
|t:|1782228485
|switch|p1a: Overqwil|Overqwil, L50, F, shiny|100/100
|turn|6
|
|t:|1782228498
|move|p1b: Sneasler|Dire Claw|p2a: Blaziken
|-damage|p2a: Blaziken|0 fnt
|-fail|p2a: Blaziken|psn
|faint|p2a: Blaziken
|move|p1a: Overqwil|Poison Jab|p2b: Ninetales
|-supereffective|p2b: Ninetales|1
|-damage|p2b: Ninetales|0 fnt
|faint|p2b: Ninetales
|-damage|p1a: Overqwil|90/100|[from] item: Life Orb
|
|win|CaratroncoSun
|raw|CaratroncoSun's rating: 1174 → 1196(+22 for winning)
|raw|AzureTheTimeblind's rating: 1126 → 1104(-22 for losing)
