|j|☆JNEST
|j|☆LOArmarouge
|html|JNESTLOArmarouge    
|uhtml|bestof|Game 1 of a best-of-3
|t:|1756166678
|gametype|doubles
|player|p1|JNEST|veteran-gen4|1159
|player|p2|LOArmarouge|1|1159
|gen|9
|tier|[Gen 9] VGC 2025 Reg H (Bo3)
|rated|
|rule|Species Clause: Limit one of each Pokémon
|rule|Item Clause: Limit 1 of each item
|clearpoke
|poke|p1|Weezing, L50, M|
|poke|p1|Incineroar, L50, M|
|poke|p1|Annihilape, L50, F|
|poke|p1|Tyranitar, L50, M|
|poke|p2|Porygon2, L50|
|poke|p2|Ursaluna, L50, F|
|poke|p2|Amoonguss, L50, M|
|poke|p2|Gholdengo, L50|
|poke|p2|Incineroar, L50, F|
|poke|p2|Mienshao, L50, M|
|teampreview|4
|showteam|p1|Weezing||SitrusBerry|NeutralizingGas|Protect,Taunt,WillOWisp,SludgeBomb|||M|||50|,,,,,Ghost]Incineroar||AbilityShield|Intimidate|KnockOff,FlareBlitz,FakeOut,PartingShot|||M|||50|,,,,,Ghost]Annihilape||SafetyGoggles|Defiant|Taunt,RageFist,CloseCombat,FinalGambit|||F|||50|,,,,,Fairy]Tyranitar||AssaultVest|SandStream|RockSlide,KnockOff,TeraBlast,LowKick|||M|||50|,,,,,Flying
|showteam|p2|Porygon2||Eviolite|Download|TeraBlast,IceBeam,TrickRoom,Recover||||||50|,,,,,Fighting]Ursaluna||FlameOrb|Guts|Facade,HeadlongRush,Earthquake,Protect|||F|||50|,,,,,Ghost]Amoonguss||CovertCloak|Regenerator|PollenPuff,RagePowder,Spore,Protect|||M|||50|,,,,,Water]Gholdengo||LifeOrb|GoodasGold|MakeItRain,ShadowBall,NastyPlot,Protect||||||50|,,,,,Dragon]Incineroar||SafetyGoggles|Intimidate|FakeOut,KnockOff,FlareBlitz,PartingShot|||F|||50|,,,,,Ghost]Mienshao||FocusSash|InnerFocus|CloseCombat,KnockOff,FakeOut,Feint|||M|||50|,,,,,Stellar
|inactive|Battle timer is ON: inactive players will automatically lose when time's up. (requested by JNEST)
|inactive|LOArmarouge has 60 seconds left.
|
|t:|1756166718
|teamsize|p1|4
|teamsize|p2|4
|start
|switch|p1a: Annihilape|Annihilape, L50, F|100/100
|switch|p1b: Tyranitar|Tyranitar, L50, M|100/100
|switch|p2a: Porygon2|Porygon2, L50|100/100
|switch|p2b: Amoonguss|Amoonguss, L50, M, shiny|100/100
|-weather|Sandstorm|[from] ability: Sand Stream|[of] p1b: Tyranitar
|-ability|p2a: Porygon2|Download|boost
|-boost|p2a: Porygon2|spa|1
|turn|1
|
|t:|1756166736
|-terastallize|p1b: Tyranitar|Flying
|move|p2b: Amoonguss|Rage Powder|p2b: Amoonguss
|-singleturn|p2b: Amoonguss|move: Rage Powder
|move|p1a: Annihilape|Final Gambit|p2a: Porygon2
|-damage|p2a: Porygon2|0 fnt
|faint|p1a: Annihilape
|faint|p2a: Porygon2
|move|p1b: Tyranitar|Tera Blast|p2b: Amoonguss|[anim] Tera Blast Flying
|-supereffective|p2b: Amoonguss
|-damage|p2b: Amoonguss|24/100
|
|-weather|Sandstorm|[upkeep]
|-damage|p1b: Tyranitar|95/100|[from] Sandstorm
|-damage|p2b: Amoonguss|18/100|[from] Sandstorm
|upkeep
|
|t:|1756166751
|switch|p1a: Incineroar|Incineroar, L50, M|100/100
|switch|p2a: Gholdengo|Gholdengo, L50|100/100
|-ability|p1a: Incineroar|Intimidate|boost
|-unboost|p2a: Gholdengo|atk|1
|-unboost|p2b: Amoonguss|atk|1
|turn|2
|
|t:|1756166761
|move|p1a: Incineroar|Fake Out|p2b: Amoonguss
|-damage|p2b: Amoonguss|7/100
|move|p2b: Amoonguss|Rage Powder|p2b: Amoonguss
|-singleturn|p2b: Amoonguss|move: Rage Powder
|move|p2a: Gholdengo|Nasty Plot|p2a: Gholdengo
|-boost|p2a: Gholdengo|spa|2
|move|p1b: Tyranitar|Knock Off|p2b: Amoonguss
|-damage|p2b: Amoonguss|0 fnt
|-enditem|p2b: Amoonguss|Covert Cloak|[from] move: Knock Off|[of] p1b: Tyranitar
|faint|p2b: Amoonguss
|
|-weather|Sandstorm|[upkeep]
|-damage|p1b: Tyranitar|89/100|[from] Sandstorm
|-damage|p1a: Incineroar|95/100|[from] Sandstorm
|upkeep
|
|t:|1756166764
|switch|p2b: Ursaluna|Ursaluna, L50, F|100/100
|turn|3
|inactive|LOArmarouge has 30 seconds left.
|
|t:|1756166790
|switch|p1a: Weezing|Weezing, L50, M|100/100
|-ability|p1a: Weezing|Neutralizing Gas
|-terastallize|p2a: Gholdengo|Dragon
|move|p2a: Gholdengo|Make It Rain|p1a: Weezing|[spread] p1a,p1b
|-damage|p1a: Weezing|0 fnt
|-damage|p1b: Tyranitar|20/100
|-unboost|p2a: Gholdengo|spa|1
|faint|p1a: Weezing
|-end|p1a: Weezing|ability: Neutralizing Gas
|-damage|p2a: Gholdengo|91/100|[from] item: Life Orb
|move|p1b: Tyranitar|Knock Off|p2a: Gholdengo
|-damage|p2a: Gholdengo|32/100
|-enditem|p2a: Gholdengo|Life Orb|[from] move: Knock Off|[of] p1b: Tyranitar
|move|p2b: Ursaluna|Headlong Rush|p1b: Tyranitar
|-immune|p1b: Tyranitar
|
|-weather|Sandstorm|[upkeep]
|-damage|p2a: Gholdengo|26/100|[from] Sandstorm
|-damage|p1b: Tyranitar|15/100|[from] Sandstorm
|-status|p2b: Ursaluna|brn|[from] item: Flame Orb
|upkeep
|
|t:|1756166808
|switch|p1a: Incineroar|Incineroar, L50, M|95/100
|-ability|p1a: Incineroar|Intimidate|boost
|-unboost|p2a: Gholdengo|atk|1
|-unboost|p2b: Ursaluna|atk|1
|turn|4
|
|t:|1756166816
|move|p2a: Gholdengo|Protect|p2a: Gholdengo
|-singleturn|p2a: Gholdengo|Protect
|move|p1a: Incineroar|Fake Out|p2a: Gholdengo
|-activate|p2a: Gholdengo|move: Protect
|move|p1b: Tyranitar|Low Kick|p2b: Ursaluna
|-supereffective|p2b: Ursaluna
|-crit|p2b: Ursaluna
|-damage|p2b: Ursaluna|10/100 brn
|move|p2b: Ursaluna|Headlong Rush|p1a: Incineroar
|-supereffective|p1a: Incineroar
|-damage|p1a: Incineroar|0 fnt
|-unboost|p2b: Ursaluna|def|1
|-unboost|p2b: Ursaluna|spd|1
|faint|p1a: Incineroar
|
|-weather|Sandstorm|[upkeep]
|-damage|p2a: Gholdengo|19/100|[from] Sandstorm
|-damage|p1b: Tyranitar|9/100|[from] Sandstorm
|-damage|p2b: Ursaluna|4/100 brn|[from] brn
|upkeep
|turn|5
|
|t:|1756166832
|move|p2a: Gholdengo|Make It Rain|p1b: Tyranitar
|-damage|p1b: Tyranitar|0 fnt
|-unboost|p2a: Gholdengo|spa|1
|faint|p1b: Tyranitar
|
|win|LOArmarouge
||LOArmarouge is ready for game 2.
