|j|☆dambro222
|j|☆Ruka Megurine
|html|dambro222Ruka Megurine    
|uhtml|bestof|Game 2 of a best-of-3
|t:|1756400549
|gametype|doubles
|player|p1|dambro222|102|1170
|player|p2|Ruka Megurine|volkner|1288
|gen|9
|tier|[Gen 9] VGC 2025 Reg H (Bo3)
|rated|
|rule|Species Clause: Limit one of each Pokémon
|rule|Item Clause: Limit 1 of each item
|clearpoke
|poke|p1|Dragonite, L50, M|
|poke|p1|Volcarona, L50, F|
|poke|p1|Sneasler, L50, M|
|poke|p1|Rillaboom, L50, M|
|poke|p1|Electabuzz, L50, M|
|poke|p1|Kingambit, L50, M|
|poke|p2|Oricorio-Sensu, L50, M|
|poke|p2|Volcarona, L50, F|
|poke|p2|Archaludon, L50, M|
|poke|p2|Pelipper, L50, F|
|poke|p2|Rillaboom, L50, M|
|poke|p2|Smeargle, L50, F|
|teampreview|4
|showteam|p1|Dragonite||LoadedDice|Multiscale|ScaleShot,ExtremeSpeed,Haze,Protect|||M|||50|,,,,,Fairy]Volcarona||CovertCloak|FlameBody|HeatWave,TeraBlast,QuiverDance,Protect|||F|||50|,,,,,Fairy]Sneasler||FocusSash|Unburden|CloseCombat,DireClaw,RockSlide,Protect|||M|||50|,,,,,Stellar]Rillaboom||AssaultVest|GrassySurge|WoodHammer,GrassyGlide,HighHorsepower,FakeOut|||M|||50|,,,,,Water]Electabuzz||Eviolite|VitalSpirit|Electroweb,FollowMe,Taunt,Protect|||M|||50|,,,,,Ghost]Kingambit||BlackGlasses|Defiant|KowtowCleave,SuckerPunch,SwordsDance,Protect|||M|||50|,,,,,Dark
|showteam|p2|Oricorio-Sensu||SitrusBerry|Dancer|Protect,QuiverDance,RevelationDance,AirSlash|||M|||50|,,,,,Fighting]Volcarona||GrassySeed|FlameBody|Protect,QuiverDance,FieryDance,TeraBlast|||F|||50|,,,,,Fairy]Archaludon||AssaultVest|Stamina|ElectroShot,DracoMeteor,FlashCannon,BodyPress|||M|||50|,,,,,Water]Pelipper||CovertCloak|Drizzle|Protect,Tailwind,Hurricane,WeatherBall|||F|||50|,,,,,Flying]Rillaboom||LoadedDice|GrassySurge|GrassyGlide,BulletSeed,Taunt,FakeOut|||M|||50|,,,,,Grass]Smeargle||FocusSash|Moody|SpikyShield,Transform,FollowMe,Spore|||F|||50|,,,,,Grass
|inactive|Battle timer is ON: inactive players will automatically lose when time's up. (requested by dambro222)
|j| Ferchoxx
|inactive|dambro222 has 60 seconds left.
|inactive|Ruka Megurine has 60 seconds left.
|
|t:|1756400586
|teamsize|p1|4
|teamsize|p2|4
|start
|switch|p1a: Electabuzz|Electabuzz, L50, M|100/100
|switch|p1b: Kingambit|Kingambit, L50, M, shiny|100/100
|switch|p2a: Volcarona|Volcarona, L50, F|100/100
|switch|p2b: Rillaboom|Rillaboom, L50, M|100/100
|-fieldstart|move: Grassy Terrain|[from] ability: Grassy Surge|[of] p2b: Rillaboom
|-enditem|p2a: Volcarona|Grassy Seed
|-boost|p2a: Volcarona|def|1|[from] item: Grassy Seed
|turn|1
|
|t:|1756400600
|move|p2a: Volcarona|Quiver Dance|p2a: Volcarona
|-boost|p2a: Volcarona|spa|1
|-boost|p2a: Volcarona|spd|1
|-boost|p2a: Volcarona|spe|1
|move|p1a: Electabuzz|Electroweb|p2a: Volcarona|[spread] p2a,p2b
|-resisted|p2b: Rillaboom
|-damage|p2a: Volcarona|93/100
|-damage|p2b: Rillaboom|91/100
|-unboost|p2a: Volcarona|spe|1
|-unboost|p2b: Rillaboom|spe|1
|move|p2b: Rillaboom|Taunt|p1b: Kingambit
|-start|p1b: Kingambit|move: Taunt
|move|p1b: Kingambit|Kowtow Cleave|p2b: Rillaboom
|-damage|p2b: Rillaboom|28/100
|
|-heal|p2a: Volcarona|99/100|[from] Grassy Terrain
|-heal|p2b: Rillaboom|34/100|[from] Grassy Terrain
|upkeep
|turn|2
|inactive|dambro222 has 30 seconds left.
|
|t:|1756400627
|-terastallize|p1b: Kingambit|Dark
|move|p1b: Kingambit|Sucker Punch||[still]
|-fail|p1b: Kingambit
|move|p2a: Volcarona|Quiver Dance|p2a: Volcarona
|-boost|p2a: Volcarona|spa|1
|-boost|p2a: Volcarona|spd|1
|-boost|p2a: Volcarona|spe|1
|move|p1a: Electabuzz|Electroweb|p2a: Volcarona|[spread] p2a,p2b
|-resisted|p2b: Rillaboom
|-damage|p2a: Volcarona|91/100
|-damage|p2b: Rillaboom|25/100
|-unboost|p2a: Volcarona|spe|1
|-unboost|p2b: Rillaboom|spe|1
|move|p2b: Rillaboom|Taunt|p1a: Electabuzz
|-start|p1a: Electabuzz|move: Taunt
|
|-heal|p2a: Volcarona|97/100|[from] Grassy Terrain
|-heal|p2b: Rillaboom|31/100|[from] Grassy Terrain
|upkeep
|turn|3
|
|t:|1756400651
|-terastallize|p2a: Volcarona|Fairy
|move|p2b: Rillaboom|Grassy Glide|p1a: Electabuzz
|-damage|p1a: Electabuzz|68/100
|move|p2a: Volcarona|Quiver Dance|p2a: Volcarona
|-boost|p2a: Volcarona|spa|1
|-boost|p2a: Volcarona|spd|1
|-boost|p2a: Volcarona|spe|1
|move|p1a: Electabuzz|Electroweb|p2a: Volcarona|[spread] p2a,p2b
|-resisted|p2b: Rillaboom
|-damage|p2a: Volcarona|93/100
|-damage|p2b: Rillaboom|22/100
|-unboost|p2a: Volcarona|spe|1
|-unboost|p2b: Rillaboom|spe|1
|move|p1b: Kingambit|Kowtow Cleave|p2a: Volcarona
|-resisted|p2a: Volcarona
|-damage|p2a: Volcarona|67/100
|
|-heal|p2a: Volcarona|73/100|[from] Grassy Terrain
|-heal|p1a: Electabuzz|74/100|[from] Grassy Terrain
|-heal|p2b: Rillaboom|28/100|[from] Grassy Terrain
|-end|p1b: Kingambit|move: Taunt
|upkeep
|turn|4
|
|t:|1756400674
|move|p2b: Rillaboom|Grassy Glide|p1a: Electabuzz
|-damage|p1a: Electabuzz|44/100
|move|p2a: Volcarona|Quiver Dance|p2a: Volcarona
|-boost|p2a: Volcarona|spa|1
|-boost|p2a: Volcarona|spd|1
|-boost|p2a: Volcarona|spe|1
|move|p1a: Electabuzz|Electroweb|p2a: Volcarona|[spread] p2a,p2b
|-resisted|p2b: Rillaboom
|-damage|p2a: Volcarona|68/100
|-damage|p2b: Rillaboom|20/100
|-unboost|p2a: Volcarona|spe|1
|-unboost|p2b: Rillaboom|spe|1
|move|p1b: Kingambit|Swords Dance|p1b: Kingambit
|-boost|p1b: Kingambit|atk|2
|
|-heal|p2a: Volcarona|74/100|[from] Grassy Terrain
|-heal|p1a: Electabuzz|50/100|[from] Grassy Terrain
|-heal|p2b: Rillaboom|26/100|[from] Grassy Terrain
|upkeep
|turn|5
|
|t:|1756400692
|move|p2a: Volcarona|Quiver Dance|p2a: Volcarona
|-boost|p2a: Volcarona|spa|1
|-boost|p2a: Volcarona|spd|1
|-boost|p2a: Volcarona|spe|1
|move|p1a: Electabuzz|Electroweb|p2b: Rillaboom|[spread] p2a,p2b
|-resisted|p2b: Rillaboom
|-damage|p2a: Volcarona|70/100
|-damage|p2b: Rillaboom|18/100
|-unboost|p2a: Volcarona|spe|1
|-unboost|p2b: Rillaboom|spe|1
|move|p1b: Kingambit|Kowtow Cleave|p2a: Volcarona
|-resisted|p2a: Volcarona
|-damage|p2a: Volcarona|11/100
|move|p2b: Rillaboom|Bullet Seed|p1a: Electabuzz
|-damage|p1a: Electabuzz|34/100
|-damage|p1a: Electabuzz|18/100
|-damage|p1a: Electabuzz|2/100
|-damage|p1a: Electabuzz|0 fnt
|faint|p1a: Electabuzz
|-hitcount|p1: Electabuzz|4
|
|-heal|p2a: Volcarona|18/100|[from] Grassy Terrain
|-heal|p2b: Rillaboom|24/100|[from] Grassy Terrain
|-fieldend|move: Grassy Terrain
|upkeep
|
|t:|1756400706
|switch|p1a: Sneasler|Sneasler, L50, M|100/100
|turn|6
|inactive|Ruka Megurine has 30 seconds left.
|-message|Ruka Megurine forfeited.
|raw|dambro222's rating: 1170 → 1203(+33 for winning)
|raw|Ruka Megurine's rating: 1288 → 1255(-33 for losing)
|
|win|dambro222
|l|☆Ruka Megurine
|player|p2|
