|j|☆Coldspice58
|j|☆chikn dinnr
|html|Coldspice58chikn dinnr    
|uhtml|bestof|Game 2 of a best-of-3
|t:|1756337403
|gametype|doubles
|player|p1|Coldspice58|cynthia-gen4|1225
|player|p2|chikn dinnr|youngster-gen4dp|1234
|gen|9
|tier|[Gen 9] VGC 2025 Reg H (Bo3)
|rated|
|rule|Species Clause: Limit one of each Pokémon
|rule|Item Clause: Limit 1 of each item
|clearpoke
|poke|p1|Tyranitar, L50, M|
|poke|p1|Garchomp, L50, F|
|poke|p1|Gyarados, L50, M|
|poke|p1|Whimsicott, L50, M|
|poke|p1|Gholdengo, L50|
|poke|p1|Annihilape, L50, F|
|poke|p2|Kingambit, L50, M|
|poke|p2|Ninetales-Alola, L50, F|
|poke|p2|Rillaboom, L50, F|
|poke|p2|Volcarona, L50, F|
|poke|p2|Tauros-Paldea-Aqua, L50, M|
|poke|p2|Electabuzz, L50, M|
|teampreview|4
|showteam|p1|Tyranitar||AssaultVest|SandStream|RockSlide,StompingTantrum,KnockOff,TeraBlast|||M|||50|,,,,,Flying]Garchomp||LifeOrb|SandVeil|RockSlide,DragonClaw,Protect,StompingTantrum|||F|||50|,,,,,Rock]Gyarados||Leftovers|Intimidate|Protect,Waterfall,ThunderWave,Avalanche|||M|||50|,,,,,Grass]Whimsicott||CovertCloak|Prankster|Moonblast,Taunt,Encore,Tailwind|||M|||50|,,,,,Dark]Gholdengo||IronPlate|GoodasGold|ShadowBall,MakeItRain,NastyPlot,Protect||||||50|,,,,,Dragon]Annihilape||ChoiceScarf|Defiant|DrainPunch,RageFist,Coaching,FinalGambit|||F|||50|,,,,,Grass
|showteam|p2|Kingambit||BlackGlasses|Defiant|SuckerPunch,KowtowCleave,SwordsDance,Protect|||M|||50|,,,,,Ghost]Ninetales-Alola||FocusSash|SnowWarning|Moonblast,FreezeDry,Encore,Protect|||F|||50|,,,,,Ghost]Rillaboom||AssaultVest|GrassySurge|FakeOut,GrassyGlide,WoodHammer,HighHorsepower|||F|||50|,,,,,Fire]Volcarona||CovertCloak|FlameBody|QuiverDance,HeatWave,GigaDrain,Protect|||F|||50|,,,,,Grass]Tauros-Paldea-Aqua||GrassySeed|Intimidate|WaveCrash,BodyPress,Protect,AquaJet|||M|||50|,,,,,Fire]Electabuzz||Eviolite|VitalSpirit|FollowMe,Electroweb,HelpingHand,Protect|||M|||50|,,,,,Ghost
|inactive|Battle timer is ON: inactive players will automatically lose when time's up. (requested by Coldspice58)
|
|t:|1756337449
|teamsize|p1|4
|teamsize|p2|4
|start
|switch|p1a: Gholdengo|Gholdengo, L50|100/100
|switch|p1b: Annihilape|Annihilape, L50, F|100/100
|switch|p2a: Kingambit|Kingambit, L50, M|100/100
|switch|p2b: Rillaboom|Rillaboom, L50, F|100/100
|-fieldstart|move: Grassy Terrain|[from] ability: Grassy Surge|[of] p2b: Rillaboom
|turn|1
|
|t:|1756337472
|-terastallize|p1a: Gholdengo|Dragon
|move|p2b: Rillaboom|Grassy Glide|p1b: Annihilape
|-damage|p1b: Annihilape|61/100
|move|p2a: Kingambit|Sucker Punch|p1b: Annihilape
|-damage|p1b: Annihilape|14/100
|move|p1b: Annihilape|Drain Punch|p2a: Kingambit
|-supereffective|p2a: Kingambit
|-damage|p2a: Kingambit|2/100
|-heal|p1b: Annihilape|59/100|[from] drain|[of] p2a: Kingambit
|move|p1a: Gholdengo|Nasty Plot|p1a: Gholdengo
|-boost|p1a: Gholdengo|spa|2
|
|-heal|p1b: Annihilape|65/100|[from] Grassy Terrain
|-heal|p2a: Kingambit|8/100|[from] Grassy Terrain
|upkeep
|turn|2
|inactive|Coldspice58 has 30 seconds left.
|inactive|chikn dinnr has 30 seconds left.
|inactive|Coldspice58 has 20 seconds left.
|
|t:|1756337511
|switch|p1b: Garchomp|Garchomp, L50, F|100/100
|switch|p2a: Volcarona|Volcarona, L50, F|100/100
|move|p1a: Gholdengo|Make It Rain|p2a: Volcarona|[spread] p2a,p2b
|-resisted|p2a: Volcarona
|-damage|p2a: Volcarona|59/100
|-damage|p2b: Rillaboom|18/100
|-unboost|p1a: Gholdengo|spa|1
|move|p2b: Rillaboom|Wood Hammer|p1a: Gholdengo
|-resisted|p1a: Gholdengo
|-damage|p1a: Gholdengo|61/100
|-damage|p2b: Rillaboom|5/100|[from] Recoil
|
|-heal|p2a: Volcarona|65/100|[from] Grassy Terrain
|-heal|p1a: Gholdengo|68/100|[from] Grassy Terrain
|-heal|p2b: Rillaboom|11/100|[from] Grassy Terrain
|upkeep
|turn|3
|
|t:|1756337534
|move|p2a: Volcarona|Protect|p2a: Volcarona
|-singleturn|p2a: Volcarona|Protect
|move|p2b: Rillaboom|Grassy Glide|p1b: Garchomp
|-damage|p1b: Garchomp|59/100
|move|p1b: Garchomp|Rock Slide|p2a: Volcarona|[spread] p2b
|-activate|p2a: Volcarona|move: Protect
|-damage|p2b: Rillaboom|0 fnt
|faint|p2b: Rillaboom
|-damage|p1b: Garchomp|49/100|[from] item: Life Orb
|move|p1a: Gholdengo|Nasty Plot|p1a: Gholdengo
|-boost|p1a: Gholdengo|spa|2
|
|-heal|p1b: Garchomp|55/100|[from] Grassy Terrain
|-heal|p2a: Volcarona|71/100|[from] Grassy Terrain
|-heal|p1a: Gholdengo|74/100|[from] Grassy Terrain
|upkeep
|
|t:|1756337555
|switch|p2b: Ninetales|Ninetales-Alola, L50, F|100/100
|-weather|Snowscape|[from] ability: Snow Warning|[of] p2b: Ninetales
|turn|4
|
|t:|1756337569
|-terastallize|p2a: Volcarona|Grass
|move|p1a: Gholdengo|Protect|p1a: Gholdengo
|-singleturn|p1a: Gholdengo|Protect
|move|p2b: Ninetales|Freeze-Dry|p1a: Gholdengo
|-activate|p1a: Gholdengo|move: Protect
|move|p1b: Garchomp|Rock Slide|p2b: Ninetales|[spread] p2a,p2b
|-supereffective|p2b: Ninetales
|-damage|p2a: Volcarona|35/100
|-damage|p2b: Ninetales|41/100
|-damage|p1b: Garchomp|46/100|[from] item: Life Orb
|move|p2a: Volcarona|Heat Wave|p1b: Garchomp|[spread] p1b
|-activate|p1a: Gholdengo|move: Protect
|-resisted|p1b: Garchomp
|-damage|p1b: Garchomp|26/100
|-status|p1b: Garchomp|brn
|
|-weather|Snowscape|[upkeep]
|-heal|p2b: Ninetales|47/100|[from] Grassy Terrain
|-heal|p1b: Garchomp|32/100 brn|[from] Grassy Terrain
|-heal|p2a: Volcarona|40/100|[from] Grassy Terrain
|-heal|p1a: Gholdengo|80/100|[from] Grassy Terrain
|-damage|p1b: Garchomp|26/100 brn|[from] brn
|upkeep
|turn|5
|inactive|Coldspice58 has 30 seconds left.
|
|t:|1756337597
|move|p2b: Ninetales|Moonblast|p1a: Gholdengo
|-supereffective|p1a: Gholdengo
|-damage|p1a: Gholdengo|11/100
|move|p1b: Garchomp|Rock Slide|p2b: Ninetales|[spread] p2a,p2b
|-supereffective|p2b: Ninetales
|-damage|p2a: Volcarona|24/100
|-damage|p2b: Ninetales|19/100
|-damage|p1b: Garchomp|16/100 brn|[from] item: Life Orb
|move|p2a: Volcarona|Heat Wave|p1a: Gholdengo|[spread] p1b
|-miss|p2a: Volcarona|p1a: Gholdengo
|-resisted|p1b: Garchomp
|-damage|p1b: Garchomp|0 fnt
|faint|p1b: Garchomp
|move|p1a: Gholdengo|Make It Rain|p2a: Volcarona|[spread] p2a,p2b
|-supereffective|p2b: Ninetales
|-damage|p2a: Volcarona|0 fnt
|-damage|p2b: Ninetales|0 fnt
|-unboost|p1a: Gholdengo|spa|1
|faint|p2a: Volcarona
|faint|p2b: Ninetales
|
|-weather|Snowscape|[upkeep]
|-heal|p1a: Gholdengo|18/100|[from] Grassy Terrain
|-fieldend|move: Grassy Terrain
|upkeep
|
|t:|1756337622
|switch|p2b: Kingambit|Kingambit, L50, M|8/100
|switch|p1b: Gyarados|Gyarados, L50, M|100/100
|-ability|p1b: Gyarados|Intimidate|boost
|-unboost|p2b: Kingambit|atk|1
|-ability|p2b: Kingambit|Defiant|boost
|-boost|p2b: Kingambit|atk|2
|turn|6
|
|t:|1756337634
|move|p2b: Kingambit|Sucker Punch|p1b: Gyarados
|-damage|p1b: Gyarados|22/100
|move|p1a: Gholdengo|Make It Rain|p2b: Kingambit
|-resisted|p2b: Kingambit
|-damage|p2b: Kingambit|0 fnt
|-unboost|p1a: Gholdengo|spa|1
|faint|p2b: Kingambit
|
|win|Coldspice58
|inactive|Coldspice58 has 30 seconds to confirm battle start!
|inactive|chikn dinnr has 30 seconds to confirm battle start!
||chikn dinnr is ready for game 3.
||Coldspice58 is ready for game 3.
|uhtml|next|Next: Game 3 of 3
|l|☆Coldspice58
|player|p1|
