|j|☆philiusVGC
|j|☆Jetboy57
|html|philiusVGCJetboy57    
|uhtml|bestof|Game 1 of a best-of-3
|t:|1756574947
|gametype|doubles
|player|p1|philiusVGC|blue|1099
|player|p2|Jetboy57|n|1000
|gen|9
|tier|[Gen 9] VGC 2025 Reg H (Bo3)
|rated|
|rule|Species Clause: Limit one of each Pokémon
|rule|Item Clause: Limit 1 of each item
|clearpoke
|poke|p1|Dondozo, L50, M|
|poke|p1|Gholdengo, L50|
|poke|p1|Sneasler, L50, F|
|poke|p1|Dragonite, L50, F|
|poke|p1|Talonflame, L50, M|
|poke|p1|Annihilape, L50, M|
|poke|p2|Tyranitar, L50, F|
|poke|p2|Corviknight, L50, F|
|poke|p2|Indeedee, L50, M|
|poke|p2|Amoonguss, L50, F|
|poke|p2|Sneasler, L50, F|
|poke|p2|Garchomp, L50, F|
|teampreview|4
|showteam|p1|Dondozo||Leftovers|Unaware|Protect,Yawn,Fissure,WaveCrash|||M|||50|,,,,,Grass]Gholdengo||LifeOrb|GoodasGold|Protect,NastyPlot,MakeItRain,ShadowBall||||||50|,,,,,Dragon]Sneasler||FocusSash|Unburden|FakeOut,Coaching,DireClaw,CloseCombat|||F|||50|,,,,,Ghost]Dragonite||LoadedDice|Multiscale|Protect,Haze,ScaleShot,StompingTantrum|||F|||50|,,,,,Steel]Talonflame||CovertCloak|GaleWings|Tailwind,WillOWisp,DualWingbeat,FlareBlitz|||M|||50|,,,,,Grass]Annihilape||SafetyGoggles|Defiant|Protect,RageFist,CloseCombat,Taunt|||M|||50|,,,,,Fairy
|showteam|p2|Tyranitar||AssaultVest|SandStream|RockSlide,KnockOff,TeraBlast,LowKick|||F|||50|,,,,,Flying]Corviknight||Leftovers|MirrorArmor|BulkUp,BraveBird,Tailwind,Roost|||F|||50|,,,,,Dragon]Indeedee||FocusSash|PsychicSurge|TrickRoom,ExpandingForce,Imprison,Protect|||M|||50|,,,,,Psychic]Amoonguss||RockyHelmet|Regenerator|Spore,RagePowder,ClearSmog,Protect|||F|||50|,,,,,Water]Sneasler||PsychicSeed|Unburden|ThroatChop,DireClaw,CloseCombat,Protect|||F|||50|,,,,,Dark]Garchomp||LifeOrb|SandVeil|Earthquake,DragonClaw,RockSlide,Protect|||F|||50|,,,,,Fairy
|inactive|Battle timer is ON: inactive players will automatically lose when time's up. (requested by philiusVGC)
|inactive|Jetboy57 has 60 seconds left.
|inactive|Jetboy57 has 30 seconds left.
|inactive|Jetboy57 has 20 seconds left.
|inactive|Jetboy57 has 15 seconds left.
|inactive|Jetboy57 has 10 seconds left.
|
|t:|1756575091
|teamsize|p1|4
|teamsize|p2|4
|start
|switch|p1a: Annihilape|Annihilape, L50, M|100/100
|switch|p1b: Talonflame|Talonflame, L50, M|100/100
|switch|p2a: Corviknight|Corviknight, L50, F|100/100
|switch|p2b: Tyranitar|Tyranitar, L50, F|100/100
|-weather|Sandstorm|[from] ability: Sand Stream|[of] p2b: Tyranitar
|turn|1
|inactive|philiusVGC has 30 seconds left.
|inactive|Jetboy57 has 30 seconds left.
|inactive|Jetboy57 has 20 seconds left.
|
|t:|1756575129
|-terastallize|p2b: Tyranitar|Flying
|move|p1a: Annihilape|Protect|p1a: Annihilape
|-singleturn|p1a: Annihilape|Protect
|move|p1b: Talonflame|Will-O-Wisp|p2b: Tyranitar|[miss]
|-miss|p1b: Talonflame|p2b: Tyranitar
|move|p2b: Tyranitar|Knock Off|p1b: Talonflame
|-damage|p1b: Talonflame|14/100
|-enditem|p1b: Talonflame|Covert Cloak|[from] move: Knock Off|[of] p2b: Tyranitar
|move|p2a: Corviknight|Bulk Up|p2a: Corviknight
|-boost|p2a: Corviknight|atk|1
|-boost|p2a: Corviknight|def|1
|
|-weather|Sandstorm|[upkeep]
|-damage|p1b: Talonflame|8/100|[from] Sandstorm
|-damage|p2b: Tyranitar|95/100|[from] Sandstorm
|upkeep
|turn|2
|inactive|Jetboy57 has 30 seconds left.
|
|t:|1756575155
|move|p1b: Talonflame|Will-O-Wisp|p2b: Tyranitar
|-status|p2b: Tyranitar|brn
|move|p1a: Annihilape|Taunt|p2a: Corviknight
|-start|p2a: Corviknight|move: Taunt
|move|p2b: Tyranitar|Tera Blast|p1a: Annihilape|[anim] Tera Blast Flying
|-supereffective|p1a: Annihilape
|-damage|p1a: Annihilape|50/100
|cant|p2a: Corviknight|move: Taunt|Tailwind
|
|-weather|Sandstorm|[upkeep]
|-damage|p1b: Talonflame|2/100|[from] Sandstorm
|-damage|p2b: Tyranitar|89/100 brn|[from] Sandstorm
|-damage|p2b: Tyranitar|83/100 brn|[from] brn
|upkeep
|turn|3
|
|t:|1756575177
|move|p1b: Talonflame|Will-O-Wisp|p2a: Corviknight|[miss]
|-miss|p1b: Talonflame|p2a: Corviknight
|move|p1a: Annihilape|Rage Fist|p2b: Tyranitar
|-damage|p2b: Tyranitar|40/100 brn
|move|p2b: Tyranitar|Rock Slide|p1b: Talonflame|[spread] p1a,p1b
|-resisted|p1a: Annihilape
|-supereffective|p1b: Talonflame
|-damage|p1a: Annihilape|39/100
|-damage|p1b: Talonflame|0 fnt
|faint|p1b: Talonflame
|move|p2a: Corviknight|Brave Bird|p1a: Annihilape
|-supereffective|p1a: Annihilape
|-damage|p1a: Annihilape|0 fnt
|faint|p1a: Annihilape
|-damage|p2a: Corviknight|89/100|[from] Recoil
|
|-weather|Sandstorm|[upkeep]
|-damage|p2b: Tyranitar|34/100 brn|[from] Sandstorm
|-heal|p2a: Corviknight|95/100|[from] item: Leftovers
|-damage|p2b: Tyranitar|28/100 brn|[from] brn
|upkeep
|
|t:|1756575191
|switch|p1b: Gholdengo|Gholdengo, L50|100/100
|switch|p1a: Dondozo|Dondozo, L50, M|100/100
|turn|4
|inactive|philiusVGC has 30 seconds left.
|inactive|Jetboy57 has 30 seconds left.
|inactive|Jetboy57 has 20 seconds left.
|inactive|Jetboy57 has 15 seconds left.
|inactive|Jetboy57 has 10 seconds left.
|
|t:|1756575237
|switch|p2b: Garchomp|Garchomp, L50, F|100/100
|move|p1b: Gholdengo|Shadow Ball|p2b: Garchomp
|-damage|p2b: Garchomp|46/100
|-damage|p1b: Gholdengo|91/100|[from] item: Life Orb
|move|p2a: Corviknight|Brave Bird|p1a: Dondozo
|-damage|p1a: Dondozo|77/100
|-damage|p2a: Corviknight|86/100|[from] Recoil
|move|p1a: Dondozo|Yawn|p2a: Corviknight
|-start|p2a: Corviknight|move: Yawn|[of] p1a: Dondozo
|
|-weather|Sandstorm|[upkeep]
|-damage|p1a: Dondozo|71/100|[from] Sandstorm
|-heal|p2a: Corviknight|92/100|[from] item: Leftovers
|-heal|p1a: Dondozo|77/100|[from] item: Leftovers
|-end|p2a: Corviknight|move: Taunt
|upkeep
|turn|5
|inactive|Jetboy57 has 30 seconds left.
|
|t:|1756575270
|-terastallize|p1b: Gholdengo|Dragon
|move|p2b: Garchomp|Earthquake|p1b: Gholdengo|[spread] p1a,p1b
|-immune|p2a: Corviknight
|-crit|p1b: Gholdengo
|-damage|p1a: Dondozo|44/100
|-damage|p1b: Gholdengo|12/100
|-damage|p2b: Garchomp|37/100|[from] item: Life Orb
|move|p1b: Gholdengo|Nasty Plot|p1b: Gholdengo
|-boost|p1b: Gholdengo|spa|2
|move|p2a: Corviknight|Bulk Up|p2a: Corviknight
|-boost|p2a: Corviknight|atk|1
|-boost|p2a: Corviknight|def|1
|move|p1a: Dondozo|Yawn|p2b: Garchomp
|-start|p2b: Garchomp|move: Yawn|[of] p1a: Dondozo
|
|-weather|none
|-heal|p2a: Corviknight|98/100|[from] item: Leftovers
|-heal|p1a: Dondozo|51/100|[from] item: Leftovers
|-end|p2a: Corviknight|move: Yawn|[silent]
|-status|p2a: Corviknight|slp
|upkeep
|turn|6
|inactive|philiusVGC has 30 seconds left.
|inactive|Jetboy57 has 30 seconds left.
|
|t:|1756575301
|switch|p2b: Tyranitar|Tyranitar, L50, F, tera:Flying|28/100 brn
|-weather|Sandstorm|[from] ability: Sand Stream|[of] p2b: Tyranitar
|move|p1b: Gholdengo|Protect|p1b: Gholdengo
|-singleturn|p1b: Gholdengo|Protect
|cant|p2a: Corviknight|slp
|move|p1a: Dondozo|Yawn||[still]
|-fail|p1a: Dondozo
|
|-weather|Sandstorm|[upkeep]
|-damage|p1b: Gholdengo|6/100|[from] Sandstorm
|-damage|p2b: Tyranitar|23/100 brn|[from] Sandstorm
|-damage|p1a: Dondozo|44/100|[from] Sandstorm
|-heal|p2a: Corviknight|100/100 slp|[from] item: Leftovers
|-heal|p1a: Dondozo|51/100|[from] item: Leftovers
|-damage|p2b: Tyranitar|17/100 brn|[from] brn
|upkeep
|turn|7
|inactive|philiusVGC has 30 seconds left.
|
|t:|1756575330
|move|p1b: Gholdengo|Make It Rain|p2b: Tyranitar|[spread] p2a,p2b
|-resisted|p2a: Corviknight
|-damage|p2a: Corviknight|45/100 slp
|-damage|p2b: Tyranitar|0 fnt
|-unboost|p1b: Gholdengo|spa|1
|faint|p2b: Tyranitar
|-damage|p1b: Gholdengo|0 fnt|[from] item: Life Orb
|faint|p1b: Gholdengo
|cant|p2a: Corviknight|slp
|move|p1a: Dondozo|Wave Crash|p2a: Corviknight
|-damage|p2a: Corviknight|14/100 slp
|-damage|p1a: Dondozo|41/100|[from] Recoil
|
|-weather|Sandstorm|[upkeep]
|-damage|p1a: Dondozo|35/100|[from] Sandstorm
|-heal|p2a: Corviknight|20/100 slp|[from] item: Leftovers
|-heal|p1a: Dondozo|41/100|[from] item: Leftovers
|upkeep
|
|t:|1756575342
|switch|p2b: Amoonguss|Amoonguss, L50, F|100/100
|turn|8
|
|t:|1756575352
|move|p2b: Amoonguss|Rage Powder|p2b: Amoonguss
|-singleturn|p2b: Amoonguss|move: Rage Powder
|-curestatus|p2a: Corviknight|slp|[msg]
|move|p2a: Corviknight|Roost|p2a: Corviknight
|-heal|p2a: Corviknight|70/100
|-singleturn|p2a: Corviknight|move: Roost
|move|p1a: Dondozo|Fissure|p2b: Amoonguss|[miss]
|-miss|p1a: Dondozo|p2b: Amoonguss
|
|-weather|Sandstorm|[upkeep]
|-damage|p1a: Dondozo|35/100|[from] Sandstorm
|-damage|p2b: Amoonguss|95/100|[from] Sandstorm
|-heal|p2a: Corviknight|76/100|[from] item: Leftovers
|-heal|p1a: Dondozo|41/100|[from] item: Leftovers
|upkeep
|turn|9
|-message|philiusVGC forfeited.
|
|win|Jetboy57
|l|☆philiusVGC
|player|p1|
||philiusVGC is ready for game 2.
|inactive|Jetboy57 has 30 seconds to confirm battle start!
|inactive|Jetboy57 has 20 seconds to confirm battle start!
|inactive|Jetboy57 has 10 seconds to confirm battle start!
|uhtml|next|Next: Game 2 of 3
