|j|☆AngryApeReturn
|j|☆Darth Floette
|html|AngryApeReturnDarth Floette    
|uhtml|bestof|Game 3 of a best-of-3
|t:|1784098677
|gametype|doubles
|player|p1|AngryApeReturn|265|1363
|player|p2|Darth Floette|unknown|1415
|gen|9
|tier|[Gen 9 Champions] VGC 2026 Reg M-B (Bo3)
|rated|
|rule|Species Clause: Limit one of each Pokémon
|rule|Item Clause: Limit 1 of each item
|clearpoke
|poke|p1|Blastoise, L50, F|
|poke|p1|Incineroar, L50, M|
|poke|p1|Sinistcha, L50|
|poke|p1|Delphox, L50, F|
|poke|p1|Sneasler, L50, F|
|poke|p1|Maushold, L50|
|poke|p2|Whimsicott, L50, F|
|poke|p2|Gholdengo, L50|
|poke|p2|Basculegion, L50, M|
|poke|p2|Charizard, L50, F|
|poke|p2|Garchomp, L50, F|
|poke|p2|Incineroar, L50, F|
|teampreview|4
|showteam|p1|Blastoise||Blastoisinite|RainDish|WaterSpout,DarkPulse,ShellSmash,Protect|Serious||F|||50|]Incineroar||SitrusBerry|Intimidate|FlareBlitz,FakeOut,PartingShot,HelpingHand|Impish||M|||50|]Sinistcha||OccaBerry|Hospitality|MatchaGotcha,RagePowder,TrickRoom,Protect|Relaxed|||||50|]Delphox||Delphoxite|Blaze|HeatWave,Psyshock,NastyPlot,Protect|Timid||F|||50|]Sneasler||FocusSash|PoisonTouch|DireClaw,CloseCombat,FakeOut,QuickGuard|Jolly||F|||50|]Maushold||ChopleBerry|FriendGuard|SuperFang,FollowMe,Feint,Protect|Timid|||||50|
|showteam|p2|Whimsicott||FocusSash|Prankster|Encore,Protect,Tailwind,Moonblast|Timid||F|||50|]Gholdengo||SpellTag|GoodasGold|Protect,NastyPlot,ShadowBall,MakeItRain|Modest|||||50|]Basculegion||ChoiceScarf|Adaptability|FlipTurn,AquaJet,WaveCrash,LastRespects|Jolly||M|||50|]Charizard||CharizarditeY|Blaze|Protect,HeatWave,SolarBeam,WeatherBall|Modest||F|||50|]Garchomp||LifeOrb|RoughSkin|Protect,StompingTantrum,RockSlide,DragonClaw|Jolly||F|||50|]Incineroar||SitrusBerry|Intimidate|FakeOut,FlareBlitz,ThroatChop,PartingShot|Impish||F|||50|
|
|t:|1784098709
|teamsize|p1|4
|teamsize|p2|4
|start
|switch|p1a: Blastoise|Blastoise, L50, F|100/100
|switch|p1b: Sneasler|Sneasler, L50, F|100/100
|switch|p2a: Gholdengo|Gholdengo, L50|100/100
|switch|p2b: Basculegion|Basculegion, L50, M|100/100
|turn|1
|
|t:|1784098734
|switch|p1b: Incineroar|Incineroar, L50, M|100/100
|-ability|p1b: Incineroar|Intimidate|boost
|-unboost|p2a: Gholdengo|atk|1
|-unboost|p2b: Basculegion|atk|1
|detailschange|p1a: Blastoise|Blastoise-Mega, L50, F
|-mega|p1a: Blastoise|Blastoise|Blastoisinite
|move|p2b: Basculegion|Flip Turn|p1b: Incineroar
|-supereffective|p1b: Incineroar|1
|-damage|p1b: Incineroar|64/100
|
|t:|1784098744
|switch|p2b: Whimsicott|Whimsicott, L50, F|100/100|[from] Flip Turn
|move|p2a: Gholdengo|Nasty Plot|p2a: Gholdengo
|-boost|p2a: Gholdengo|spa|2
|move|p1a: Blastoise|Dark Pulse|p2a: Gholdengo
|-supereffective|p2a: Gholdengo|1
|-damage|p2a: Gholdengo|10/100
|
|upkeep
|turn|2
|
|t:|1784098784
|switch|p1a: Sneasler|Sneasler, L50, F|100/100
|move|p2b: Whimsicott|Protect|p2b: Whimsicott
|-singleturn|p2b: Whimsicott|Protect
|move|p2a: Gholdengo|Protect|p2a: Gholdengo
|-singleturn|p2a: Gholdengo|Protect
|move|p1b: Incineroar|Flare Blitz|p2a: Gholdengo
|-activate|p2a: Gholdengo|move: Protect
|
|upkeep
|turn|3
|
|t:|1784098824
|switch|p2b: Basculegion|Basculegion, L50, M|100/100
|move|p1a: Sneasler|Fake Out|p2b: Basculegion
|-immune|p2b: Basculegion
|move|p2a: Gholdengo|Make It Rain|p1b: Incineroar|[spread] p1a,p1b
|-resisted|p1b: Incineroar|1
|-enditem|p1a: Sneasler|Focus Sash
|-damage|p1a: Sneasler|1/100
|-damage|p1b: Incineroar|17/100
|-unboost|p2a: Gholdengo|spa|2
|-enditem|p1b: Incineroar|Sitrus Berry|[eat]
|-heal|p1b: Incineroar|42/100|[from] item: Sitrus Berry
|move|p1b: Incineroar|Flare Blitz|p2a: Gholdengo
|-supereffective|p2a: Gholdengo|1
|-damage|p2a: Gholdengo|0 fnt
|faint|p2a: Gholdengo
|-damage|p1b: Incineroar|39/100|[from] Recoil
|
|upkeep
|
|t:|1784098849
|switch|p2a: Whimsicott|Whimsicott, L50, F|100/100
|turn|4
|inactive|Battle timer is ON: inactive players will automatically lose when time's up. (requested by Darth Floette)
|
|t:|1784098895
|switch|p1a: Sinistcha|Sinistcha, L50|100/100
|-heal|p1b: Incineroar|64/100|[from] ability: Hospitality|[of] p1a: Sinistcha
|move|p2b: Basculegion|Flip Turn|p1a: Sinistcha
|-resisted|p1a: Sinistcha|1
|-damage|p1a: Sinistcha|85/100
|
|t:|1784098903
|switch|p2b: Garchomp|Garchomp, L50, F|100/100|[from] Flip Turn
|move|p2a: Whimsicott|Moonblast|p1b: Incineroar
|-damage|p1b: Incineroar|29/100
|move|p1b: Incineroar|Parting Shot|p2b: Garchomp
|-unboost|p2b: Garchomp|atk|1
|-unboost|p2b: Garchomp|spa|1
|
|t:|1784098920
|switch|p1b: Blastoise|Blastoise-Mega, L50, F|100/100|[from] Parting Shot
|
|upkeep
|turn|5
|
|t:|1784098940
|switch|p1a: Incineroar|Incineroar, L50, M|29/100
|-ability|p1a: Incineroar|Intimidate|boost
|-unboost|p2a: Whimsicott|atk|1
|-unboost|p2b: Garchomp|atk|1
|move|p2a: Whimsicott|Moonblast|p1b: Blastoise
|-damage|p1b: Blastoise|66/100
|move|p2b: Garchomp|Rock Slide|p1a: Incineroar|[spread] p1b
|-miss|p2b: Garchomp|p1a: Incineroar
|-damage|p1b: Blastoise|55/100
|-damage|p2b: Garchomp|90/100|[from] item: Life Orb
|move|p1b: Blastoise|Shell Smash|p1b: Blastoise
|-unboost|p1b: Blastoise|def|1
|-unboost|p1b: Blastoise|spd|1
|-boost|p1b: Blastoise|atk|2
|-boost|p1b: Blastoise|spa|2
|-boost|p1b: Blastoise|spe|2
|
|upkeep
|turn|6
|inactive|AngryApeReturn has 30 seconds left.
|inactive|Darth Floette has 30 seconds left.
|inactive|AngryApeReturn has 20 seconds left.
|inactive|AngryApeReturn has 15 seconds left.
|inactive|Darth Floette has 20 seconds left.
|inactive|AngryApeReturn has 10 seconds left.
|inactive|Darth Floette has 15 seconds left.
|
|t:|1784098989
|move|p1a: Incineroar|Fake Out|p2a: Whimsicott
|-damage|p2a: Whimsicott|83/100
|cant|p2a: Whimsicott|flinch
|move|p1b: Blastoise|Dark Pulse|p2b: Garchomp
|-damage|p2b: Garchomp|0 fnt
|faint|p2b: Garchomp
|
|upkeep
|
|t:|1784098997
|switch|p2b: Basculegion|Basculegion, L50, M|100/100
|turn|7
|inactive|AngryApeReturn has 30 seconds left.
|inactive|Darth Floette has 30 seconds left.
|inactive|AngryApeReturn has 20 seconds left.
|inactive|Darth Floette has 20 seconds left.
|inactive|Darth Floette has 15 seconds left.
|inactive|Darth Floette has 10 seconds left.
|
|t:|1784099044
|move|p1b: Blastoise|Protect|p1b: Blastoise
|-singleturn|p1b: Blastoise|Protect
|move|p2a: Whimsicott|Tailwind|p2a: Whimsicott
|-sidestart|p2: Darth Floette|move: Tailwind
|move|p2b: Basculegion|Last Respects|p1b: Blastoise
|-activate|p1b: Blastoise|move: Protect
|move|p1a: Incineroar|Flare Blitz|p2a: Whimsicott
|-supereffective|p2a: Whimsicott|1
|-damage|p2a: Whimsicott|0 fnt
|faint|p2a: Whimsicott
|-damage|p1a: Incineroar|10/100|[from] Recoil
|
|upkeep
|turn|8
|-message|Darth Floette forfeited.
|
|win|AngryApeReturn
|raw|AngryApeReturn's rating: 1363 → 1386(+23 for winning)
|raw|Darth Floette's rating: 1415 → 1392(-23 for losing)
|c|☆AngryApeReturn|Ggs
|l|☆Darth Floette
|player|p2|
