|j|☆ismelllikesocksbro
|j|☆Thinking Charizard
|html|ismelllikesocksbroThinking Charizard    
|uhtml|bestof|Game 1 of a best-of-3
|t:|1786150499
|gametype|doubles
|player|p1|ismelllikesocksbro|hiker-gen4|1138
|player|p2|Thinking Charizard|colress|1226
|gen|9
|tier|[Gen 9 Champions] VGC 2026 Reg M-B (Bo3)
|rated|
|rule|Species Clause: Limit one of each Pokémon
|rule|Item Clause: Limit 1 of each item
|clearpoke
|poke|p1|Tyranitar, L50, M, shiny|
|poke|p1|Mawile, L50, M|
|poke|p1|Sinistcha, L50|
|poke|p1|Hydreigon, L50, M|
|poke|p1|Sneasler, L50, F|
|poke|p1|Houndstone, L50, F|
|poke|p2|Tyranitar, L50, M|
|poke|p2|Ninetales-Alola, L50, M|
|poke|p2|Sinistcha, L50|
|poke|p2|Corviknight, L50, M|
|poke|p2|Sneasler, L50, F|
|poke|p2|Whimsicott, L50, M|
|teampreview|4
|showteam|p1|Tyranitar||Tyranitarite|SandStream|RockSlide,Crunch,HighHorsepower,Protect|Adamant||M|||50|]Mawile||Mawilite|Intimidate|IronHead,SuckerPunch,PlayRough,Protect|Brave||M|||50|]Sinistcha||MiracleSeed|Hospitality|MatchaGotcha,RagePowder,Protect,TrickRoom|Bold|||||50|]Hydreigon||ChoiceScarf|Levitate|DracoMeteor,DarkPulse,EarthPower,Snarl|Modest||M|||50|]Sneasler||FocusSash|Unburden|FakeOut,DireClaw,CloseCombat,Coaching|Adamant||F|||50|]Houndstone||SitrusBerry|SandRush|LastRespects,WillOWisp,BodyPress,Protect|Adamant||F|||50|
|showteam|p2|Tyranitar||Tyranitarite|SandStream|RockSlide,KnockOff,HighHorsepower,Protect|Adamant||M|||50|]Ninetales-Alola||NeverMeltIce|SnowWarning|Blizzard,FreezeDry,Moonblast,Protect|Timid||M|||50|]Sinistcha||ColburBerry|Hospitality|RagePowder,MatchaGotcha,TrickRoom,LifeDew|Calm|||||50|]Corviknight||Leftovers|MirrorArmor|IronHead,BraveBird,BulkUp,Protect|Adamant||M|||50|]Sneasler||WhiteHerb|Unburden|FakeOut,CloseCombat,DireClaw,Coaching|Adamant||F|||50|]Whimsicott||FocusSash|Prankster|Tailwind,Moonblast,Encore,Protect|Timid||M|||50|
|inactive|Battle timer is ON: inactive players will automatically lose when time's up. (requested by ismelllikesocksbro)
|inactive|Thinking Charizard has 60 seconds left.
|inactive|Thinking Charizard has 30 seconds left.
|inactive|Thinking Charizard has 20 seconds left.
|inactive|Thinking Charizard has 15 seconds left.
|inactive|Thinking Charizard has 10 seconds left.
|
|t:|1786150586
|teamsize|p1|4
|teamsize|p2|4
|start
|switch|p1a: Phonk monster|Sneasler, L50, F|100/100
|switch|p1b: Mawile|Mawile, L50, M|100/100
|switch|p2a: Corviknight|Corviknight, L50, M|100/100
|switch|p2b: Sinistcha|Sinistcha, L50|100/100
|-ability|p1b: Mawile|Intimidate|boost
|-ability|p2a: Corviknight|Mirror Armor
|-unboost|p1b: Mawile|atk|1
|-unboost|p2b: Sinistcha|atk|1
|turn|1
|
|t:|1786150603
|switch|p1b: Tyranitar|Tyranitar, L50, M, shiny|100/100
|-weather|Sandstorm|[from] ability: Sand Stream|[of] p1b: Tyranitar
|move|p2a: Corviknight|Protect|p2a: Corviknight
|-singleturn|p2a: Corviknight|Protect
|move|p1a: Phonk monster|Coaching|p1b: Tyranitar
|-boost|p1b: Tyranitar|atk|1
|-boost|p1b: Tyranitar|def|1
|move|p2b: Sinistcha|Matcha Gotcha|p1a: Phonk monster|[spread] p1b
|-miss|p2b: Sinistcha|p1a: Phonk monster
|-supereffective|p1b: Tyranitar|1
|-damage|p1b: Tyranitar|73/100
|
|-weather|Sandstorm|[upkeep]
|-damage|p1a: Phonk monster|94/100|[from] Sandstorm
|-damage|p2b: Sinistcha|93/100|[from] Sandstorm
|upkeep
|turn|2
|
|t:|1786150625
|move|p2b: Sinistcha|Rage Powder|p2b: Sinistcha
|-singleturn|p2b: Sinistcha|move: Rage Powder
|move|p1a: Phonk monster|Coaching|p1b: Tyranitar
|-boost|p1b: Tyranitar|atk|1
|-boost|p1b: Tyranitar|def|1
|move|p2a: Corviknight|Bulk Up|p2a: Corviknight
|-boost|p2a: Corviknight|atk|1
|-boost|p2a: Corviknight|def|1
|move|p1b: Tyranitar|Crunch|p2b: Sinistcha
|-supereffective|p2b: Sinistcha|1
|-enditem|p2b: Sinistcha|Colbur Berry|[eat]
|-enditem|p2b: Sinistcha|Colbur Berry|[weaken]
|-damage|p2b: Sinistcha|27/100
|
|-weather|Sandstorm|[upkeep]
|-damage|p1a: Phonk monster|88/100|[from] Sandstorm
|-damage|p2b: Sinistcha|21/100|[from] Sandstorm
|upkeep
|turn|3
|
|t:|1786150641
|move|p1a: Phonk monster|Coaching|p1b: Tyranitar
|-boost|p1b: Tyranitar|atk|1
|-boost|p1b: Tyranitar|def|1
|move|p2a: Corviknight|Iron Head|p1b: Tyranitar
|-supereffective|p1b: Tyranitar|1
|-damage|p1b: Tyranitar|43/100
|move|p2b: Sinistcha|Matcha Gotcha|p1a: Phonk monster|[spread] p1a,p1b
|-resisted|p1a: Phonk monster|1
|-supereffective|p1b: Tyranitar|1
|-damage|p1a: Phonk monster|70/100
|-heal|p2b: Sinistcha|29/100|[from] drain|[of] p1a: Phonk monster
|-damage|p1b: Tyranitar|17/100
|-heal|p2b: Sinistcha|44/100|[from] drain|[of] p1b: Tyranitar
|move|p1b: Tyranitar|Rock Slide|p2b: Sinistcha|[spread] p2a,p2b
|-damage|p2a: Corviknight|59/100
|-damage|p2b: Sinistcha|0 fnt
|faint|p2b: Sinistcha
|
|-weather|Sandstorm|[upkeep]
|-damage|p1a: Phonk monster|64/100|[from] Sandstorm
|-heal|p2a: Corviknight|65/100|[from] item: Leftovers
|upkeep
|
|t:|1786150664
|switch|p2b: Whimsicott|Whimsicott, L50, M|100/100
|turn|4
|
|t:|1786150683
|move|p2b: Whimsicott|Tailwind|p2b: Whimsicott
|-sidestart|p2: Thinking Charizard|move: Tailwind
|move|p2a: Corviknight|Iron Head|p1b: Tyranitar
|-supereffective|p1b: Tyranitar|1
|-damage|p1b: Tyranitar|0 fnt
|faint|p1b: Tyranitar
|move|p1a: Phonk monster|Dire Claw|p2b: Whimsicott
|-supereffective|p2b: Whimsicott|2
|-enditem|p2b: Whimsicott|Focus Sash
|-damage|p2b: Whimsicott|1/100
|-status|p2b: Whimsicott|par
|
|-weather|Sandstorm|[upkeep]
|-damage|p2b: Whimsicott|0 fnt|[from] Sandstorm
|-damage|p1a: Phonk monster|59/100|[from] Sandstorm
|faint|p2b: Whimsicott
|-heal|p2a: Corviknight|72/100|[from] item: Leftovers
|upkeep
|
|t:|1786150690
|switch|p2b: Tyranitar|Tyranitar, L50, M|100/100
|switch|p1b: Houndstone|Houndstone, L50, F|100/100
|turn|5
|
|t:|1786150710
|switch|p1a: Mawile|Mawile, L50, M|100/100
|-ability|p1a: Mawile|Intimidate|boost
|-ability|p2a: Corviknight|Mirror Armor
|-unboost|p1a: Mawile|atk|1
|-unboost|p2b: Tyranitar|atk|1
|detailschange|p2b: Tyranitar|Tyranitar-Mega, L50, M
|-mega|p2b: Tyranitar|Tyranitar|Tyranitarite
|move|p1b: Houndstone|Will-O-Wisp|p2a: Corviknight
|-status|p2a: Corviknight|brn
|move|p2b: Tyranitar|High Horsepower|p1a: Mawile
|-supereffective|p1a: Mawile|1
|-damage|p1a: Mawile|31/100
|move|p2a: Corviknight|Brave Bird|p1b: Houndstone
|-damage|p1b: Houndstone|61/100
|-damage|p2a: Corviknight|60/100 brn|[from] Recoil
|
|-weather|none
|-heal|p2a: Corviknight|67/100 brn|[from] item: Leftovers
|-damage|p2a: Corviknight|60/100 brn|[from] brn
|upkeep
|turn|6
|inactive|Thinking Charizard has 30 seconds left.
|
|t:|1786150741
|switch|p1a: Phonk monster|Sneasler, L50, F|59/100
|move|p2b: Tyranitar|High Horsepower|p1a: Phonk monster
|-supereffective|p1a: Phonk monster|1
|-crit|p1a: Phonk monster
|-damage|p1a: Phonk monster|0 fnt
|faint|p1a: Phonk monster
|move|p2a: Corviknight|Brave Bird|p1b: Houndstone
|-damage|p1b: Houndstone|26/100
|-enditem|p1b: Houndstone|Sitrus Berry|[eat]
|-heal|p1b: Houndstone|51/100|[from] item: Sitrus Berry
|-damage|p2a: Corviknight|50/100g brn|[from] Recoil
|move|p1b: Houndstone|Will-O-Wisp|p2b: Tyranitar
|-status|p2b: Tyranitar|brn
|
|-heal|p2a: Corviknight|56/100 brn|[from] item: Leftovers
|-damage|p2b: Tyranitar|94/100 brn|[from] brn
|-damage|p2a: Corviknight|50/100g brn|[from] brn
|upkeep
|
|t:|1786150743
|switch|p1a: Mawile|Mawile, L50, M|31/100
|-ability|p1a: Mawile|Intimidate|boost
|-ability|p2a: Corviknight|Mirror Armor
|-unboost|p1a: Mawile|atk|1
|-unboost|p2b: Tyranitar|atk|1
|turn|7
|inactive|Thinking Charizard has 30 seconds left.
|
|t:|1786150770
|move|p1b: Houndstone|Protect|p1b: Houndstone
|-singleturn|p1b: Houndstone|Protect
|move|p1a: Mawile|Protect|p1a: Mawile
|-singleturn|p1a: Mawile|Protect
|move|p2b: Tyranitar|High Horsepower|p1a: Mawile
|-activate|p1a: Mawile|move: Protect
|move|p2a: Corviknight|Brave Bird|p1b: Houndstone
|-activate|p1b: Houndstone|move: Protect
|
|-heal|p2a: Corviknight|56/100 brn|[from] item: Leftovers
|-damage|p2b: Tyranitar|88/100 brn|[from] brn
|-damage|p2a: Corviknight|50/100g brn|[from] brn
|-sideend|p2: Thinking Charizard|move: Tailwind
|upkeep
|turn|8
|
|t:|1786150787
|detailschange|p1a: Mawile|Mawile-Mega, L50, M
|-mega|p1a: Mawile|Mawile|Mawilite
|move|p1b: Houndstone|Body Press|p2b: Tyranitar
|-supereffective|p2b: Tyranitar|2
|-damage|p2b: Tyranitar|34/100 brn
|move|p2b: Tyranitar|High Horsepower|p1a: Mawile
|-supereffective|p1a: Mawile|1
|-damage|p1a: Mawile|12/100
|move|p2a: Corviknight|Iron Head|p1a: Mawile
|-damage|p1a: Mawile|0 fnt
|faint|p1a: Mawile
|
|-heal|p2a: Corviknight|56/100 brn|[from] item: Leftovers
|-damage|p2b: Tyranitar|28/100 brn|[from] brn
|-damage|p2a: Corviknight|50/100g brn|[from] brn
|upkeep
|turn|9
|-message|ismelllikesocksbro forfeited.
|
|win|Thinking Charizard
|c|☆Thinking Charizard|gg
||ismelllikesocksbro is ready for game 2.
||Thinking Charizard is ready for game 2.
|uhtml|next|Next: Game 2 of 3
|c|☆ismelllikesocksbro|Gg g1
|l|☆ismelllikesocksbro
|player|p1|
