|j|☆CoolMeDownB
|j|☆beckybug
|html|CoolMeDownBbeckybug    
|uhtml|bestof|Game 1 of a best-of-3
|t:|1782695934
|gametype|doubles
|player|p1|CoolMeDownB|crasherwake|1214
|player|p2|beckybug|briar|1294
|gen|9
|tier|[Gen 9 Champions] VGC 2026 Reg M-B (Bo3)
|rated|
|rule|Species Clause: Limit one of each Pokémon
|rule|Item Clause: Limit 1 of each item
|clearpoke
|poke|p1|Incineroar, L50, F, shiny|
|poke|p1|Gholdengo, L50|
|poke|p1|Sneasler, L50, M|
|poke|p1|Sylveon, L50, F, shiny|
|poke|p1|Froslass, L50, F|
|poke|p1|Aerodactyl, L50, F|
|poke|p2|Metagross, L50, shiny|
|poke|p2|Swampert, L50, M|
|poke|p2|Pelipper, L50, M|
|poke|p2|Archaludon, L50, M|
|poke|p2|Sinistcha-Masterpiece, L50|
|poke|p2|Grimmsnarl, L50, M, shiny|
|teampreview|4
|showteam|p1|Incineroar||SitrusBerry|Intimidate|FlareBlitz,FakeOut,PartingShot,ThroatChop|Careful||F|||50|]Gholdengo||ShucaBerry|GoodasGold|ShadowBall,MakeItRain,NastyPlot,Protect|Timid|||||50|]Sneasler||WhiteHerb|Unburden|CloseCombat,DireClaw,Protect,FakeOut|Jolly||M|||50|]Sylveon||FairyFeather|Pixilate|HyperVoice,HyperBeam,QuickAttack,Detect|Modest||F|||50|]Froslass||Froslassite|SnowCloak|Blizzard,ShadowBall,AuroraVeil,Protect|Timid||F|||50|]Aerodactyl||Aerodactylite|RockHead|RockSlide,DualWingbeat,WideGuard,Tailwind|Jolly||F|||50|
|showteam|p2|Metagross||Metagrossite|ClearBody|IronHead,PsychicFangs,BodyPress,Protect|Jolly|||||50|]Swampert||Swampertite|Torrent|WaveCrash,Earthquake,IcePunch,Protect|Adamant||M|||50|]Pelipper||SitrusBerry|Drizzle|WeatherBall,Hurricane,Tailwind,Protect|Modest||M|||50|]Archaludon||Leftovers|Stamina|FlashCannon,DragonPulse,ElectroShot,Protect|Modest||M|||50|]Sinistcha-Masterpiece||CobaBerry|Hospitality|MatchaGotcha,RagePowder,TrickRoom,Protect|Relaxed|||||50|]Grimmsnarl||LightClay|Prankster|FoulPlay,PartingShot,Reflect,LightScreen|Calm||M|||50|
|c|☆CoolMeDownB|gl
|
|t:|1782695965
|teamsize|p1|4
|teamsize|p2|4
|start
|switch|p1a: Gholdengo|Gholdengo, L50|100/100
|switch|p1b: Sylveon|Sylveon, L50, F, shiny|100/100
|switch|p2a: Grimmsnarl|Grimmsnarl, L50, M, shiny|100/100
|switch|p2b: Metagross|Metagross, L50, shiny|100/100
|turn|1
|
|t:|1782695992
|move|p1b: Sylveon|Detect|p1b: Sylveon
|-singleturn|p1b: Sylveon|Protect
|move|p2a: Grimmsnarl|Light Screen|p2a: Grimmsnarl
|-sidestart|p2: beckybug|move: Light Screen
|move|p1a: Gholdengo|Nasty Plot|p1a: Gholdengo
|-boost|p1a: Gholdengo|spa|2
|move|p2b: Metagross|Iron Head|p1b: Sylveon
|-activate|p1b: Sylveon|move: Protect
|
|upkeep
|turn|2
|
|t:|1782696009
|move|p2b: Metagross|Protect|p2b: Metagross
|-singleturn|p2b: Metagross|Protect
|move|p1b: Sylveon|Detect||[still]
|-fail|p1b: Sylveon
|move|p1a: Gholdengo|Shadow Ball|p2b: Metagross
|-activate|p2b: Metagross|move: Protect
|move|p2a: Grimmsnarl|Foul Play|p1a: Gholdengo
|-supereffective|p1a: Gholdengo|1
|-damage|p1a: Gholdengo|56/100
|
|upkeep
|turn|3
|
|t:|1782696037
|switch|p2b: Pelipper|Pelipper, L50, M|100/100
|-weather|RainDance|[from] ability: Drizzle|[of] p2b: Pelipper
|move|p1b: Sylveon|Detect|p1b: Sylveon
|-singleturn|p1b: Sylveon|Protect
|move|p2a: Grimmsnarl|Parting Shot|p1a: Gholdengo
|-immune|p1a: Gholdengo|[from] ability: Good as Gold
|move|p1a: Gholdengo|Shadow Ball|p2b: Pelipper
|-damage|p2b: Pelipper|45/100
|-enditem|p2b: Pelipper|Sitrus Berry|[eat]
|-heal|p2b: Pelipper|70/100|[from] item: Sitrus Berry
|
|-weather|RainDance|[upkeep]
|upkeep
|turn|4
|
|t:|1782696059
|move|p1a: Gholdengo|Shadow Ball|p2b: Pelipper
|-damage|p2b: Pelipper|8/100
|move|p2b: Pelipper|Tailwind|p2b: Pelipper
|-sidestart|p2: beckybug|move: Tailwind
|move|p2a: Grimmsnarl|Foul Play|p1a: Gholdengo
|-supereffective|p1a: Gholdengo|1
|-damage|p1a: Gholdengo|16/100
|move|p1b: Sylveon|Hyper Voice|p2a: Grimmsnarl|[spread] p2a,p2b
|-supereffective|p2a: Grimmsnarl|1
|-damage|p2a: Grimmsnarl|44/100
|-damage|p2b: Pelipper|0 fnt
|faint|p2b: Pelipper
|
|-weather|RainDance|[upkeep]
|upkeep
|
|t:|1782696071
|switch|p2b: Metagross|Metagross, L50, shiny|100/100
|turn|5
|
|t:|1782696089
|detailschange|p2b: Metagross|Metagross-Mega, L50, shiny
|-mega|p2b: Metagross|Metagross|Metagrossite
|move|p2b: Metagross|Iron Head|p1b: Sylveon
|-supereffective|p1b: Sylveon|1
|-damage|p1b: Sylveon|0 fnt
|faint|p1b: Sylveon
|move|p2a: Grimmsnarl|Foul Play|p1a: Gholdengo
|-supereffective|p1a: Gholdengo|1
|-damage|p1a: Gholdengo|0 fnt
|faint|p1a: Gholdengo
|
|-weather|RainDance|[upkeep]
|upkeep
|
|t:|1782696097
|switch|p1a: Froslass|Froslass, L50, F|100/100
|switch|p1b: Sneasler|Sneasler, L50, M|100/100
|turn|6
|
|t:|1782696113
|detailschange|p1a: Froslass|Froslass-Mega, L50, F
|-mega|p1a: Froslass|Froslass|Froslassite
|-weather|Snowscape|[from] ability: Snow Warning|[of] p1a: Froslass
|move|p2b: Metagross|Protect|p2b: Metagross
|-singleturn|p2b: Metagross|Protect
|move|p1b: Sneasler|Fake Out|p2b: Metagross
|-activate|p2b: Metagross|move: Protect
|move|p1a: Froslass|Shadow Ball|p2b: Metagross
|-activate|p2b: Metagross|move: Protect
|move|p2a: Grimmsnarl|Foul Play|p1a: Froslass
|-supereffective|p1a: Froslass|1
|-damage|p1a: Froslass|46/100
|
|-weather|Snowscape|[upkeep]
|upkeep
|turn|7
|
|t:|1782696141
|move|p1b: Sneasler|Protect|p1b: Sneasler
|-singleturn|p1b: Sneasler|Protect
|move|p1a: Froslass|Protect|p1a: Froslass
|-singleturn|p1a: Froslass|Protect
|move|p2a: Grimmsnarl|Reflect|p2a: Grimmsnarl
|-sidestart|p2: beckybug|Reflect
|move|p2b: Metagross|Psychic Fangs|p1b: Sneasler
|-activate|p1b: Sneasler|move: Protect
|
|-weather|Snowscape|[upkeep]
|-sideend|p2: beckybug|move: Tailwind
|upkeep
|turn|8
|
|t:|1782696155
|move|p2b: Metagross|Protect|p2b: Metagross
|-singleturn|p2b: Metagross|Protect
|move|p2a: Grimmsnarl|Parting Shot|p1a: Froslass
|-unboost|p1a: Froslass|atk|1
|-unboost|p1a: Froslass|spa|1
|
|t:|1782696161
|switch|p2a: Archaludon|Archaludon, L50, M|100/100|[from] Parting Shot
|move|p1b: Sneasler|Close Combat|p2b: Metagross
|-activate|p2b: Metagross|move: Protect
|move|p1a: Froslass|Shadow Ball|p2b: Metagross
|-activate|p2b: Metagross|move: Protect
|
|-weather|Snowscape|[upkeep]
|-sideend|p2: beckybug|move: Light Screen
|upkeep
|turn|9
|
|t:|1782696176
|switch|p2b: Grimmsnarl|Grimmsnarl, L50, M, shiny|44/100
|move|p1a: Froslass|Shadow Ball|p2b: Grimmsnarl
|-resisted|p2b: Grimmsnarl|1
|-damage|p2b: Grimmsnarl|31/100
|move|p1b: Sneasler|Close Combat|p2b: Grimmsnarl
|-damage|p2b: Grimmsnarl|0 fnt
|-unboost|p1b: Sneasler|def|1
|-unboost|p1b: Sneasler|spd|1
|faint|p2b: Grimmsnarl
|-enditem|p1b: Sneasler|White Herb
|-clearnegativeboost|p1b: Sneasler|[silent]
|move|p2a: Archaludon|Flash Cannon|p1a: Froslass
|-supereffective|p1a: Froslass|1
|-damage|p1a: Froslass|0 fnt
|faint|p1a: Froslass
|
|-weather|Snowscape|[upkeep]
|upkeep
|
|t:|1782696187
|switch|p2b: Metagross|Metagross-Mega, L50, shiny|100/100
|turn|10
|-message|CoolMeDownB forfeited.
|
|win|beckybug
||CoolMeDownB is ready for game 2.
||beckybug is ready for game 2.
|uhtml|next|Next: Game 2 of 3
