|j|☆macrameee
|j|☆jomivgc
|html|macrameeejomivgc    
|uhtml|bestof|Game 1 of a best-of-3
|t:|1785169995
|gametype|doubles
|player|p1|macrameee|roark|1300
|player|p2|jomivgc|falkner-gen2|1306
|gen|9
|tier|[Gen 9 Champions] VGC 2026 Reg M-B (Bo3)
|rated|
|rule|Species Clause: Limit one of each Pokémon
|rule|Item Clause: Limit 1 of each item
|clearpoke
|poke|p1|Floette-Eternal, L50, F|
|poke|p1|Incineroar, L50, F, shiny|
|poke|p1|Sinistcha, L50|
|poke|p1|Aerodactyl, L50, M, shiny|
|poke|p1|Kangaskhan, L50, F|
|poke|p1|Basculegion, L50, M|
|poke|p2|Staraptor, L50, M|
|poke|p2|Vanilluxe, L50, M|
|poke|p2|Farigiraf, L50, M|
|poke|p2|Blastoise, L50, M|
|poke|p2|Kingambit, L50, M|
|poke|p2|Camerupt, L50, M|
|teampreview|4
|showteam|p1|Floette-Eternal||Floettite|FlowerVeil|Protect,CalmMind,DazzlingGleam,DrainingKiss|Modest||F|||50|]Incineroar||SitrusBerry|Intimidate|FakeOut,FlareBlitz,PartingShot,DarkestLariat|Impish||F|||50|]Sinistcha||KasibBerry|Hospitality|MatchaGotcha,TrickRoom,RagePowder,Protect|Bold|||||50|]Aerodactyl||FocusSash|Unnerve|Protect,RockSlide,DualWingbeat,Tailwind|Jolly||M|||50|]Kangaskhan||Kangaskhanite|Scrappy|Protect,Crunch,DoubleEdge,DrainPunch|Adamant||F|||50|]Basculegion||ChoiceScarf|Adaptability|WaveCrash,AquaJet,FlipTurn,LastRespects|Jolly||M|||50|
|showteam|p2|Staraptor||ChoiceScarf|Intimidate|FinalGambit,BraveBird,CloseCombat,Uturn|Jolly||M|||50|]Vanilluxe||NeverMeltIce|SnowWarning|Blizzard,FreezeDry,Protect,IceShard|Quiet||M|||50|]Farigiraf||SitrusBerry|ArmorTail|PsychicFangs,HyperVoice,HelpingHand,TrickRoom|Relaxed||M|||50|]Blastoise||Blastoisinite|RainDish|FakeOut,WaterSpout,AuraSphere,DarkPulse|Quiet||M|||50|]Kingambit||LifeOrb|Defiant|KowtowCleave,IronHead,Protect,SuckerPunch|Brave||M|||50|]Camerupt||Cameruptite|SolidRock|HeatWave,EarthPower,Protect,AncientPower|Quiet||M|||50|
|inactive|Battle timer is ON: inactive players will automatically lose when time's up. (requested by jomivgc)
|inactive|macrameee has 60 seconds left.
|inactive|jomivgc has 60 seconds left.
|
|t:|1785170032
|teamsize|p1|4
|teamsize|p2|4
|start
|switch|p1a: Floette|Floette-Eternal, L50, F|100/100
|switch|p1b: Basculegion|Basculegion, L50, M|100/100
|switch|p2a: Staraptor|Staraptor, L50, M|100/100
|switch|p2b: Farigiraf|Farigiraf, L50, M|100/100
|-ability|p2a: Staraptor|Intimidate|boost
|-unboost|p1a: Floette|atk|1
|-unboost|p1b: Basculegion|atk|1
|turn|1
|inactive|jomivgc has 30 seconds left.
|
|t:|1785170057
|switch|p2a: Camerupt|Camerupt, L50, M|100/100
|switch|p1b: Incineroar|Incineroar, L50, F, shiny|100/100
|-ability|p1b: Incineroar|Intimidate|boost
|-unboost|p2a: Camerupt|atk|1
|-unboost|p2b: Farigiraf|atk|1
|detailschange|p1a: Floette|Floette-Mega, L50, F
|-mega|p1a: Floette|Floette|Floettite
|-ability|p1a: Floette|Fairy Aura
|move|p1a: Floette|Calm Mind|p1a: Floette
|-boost|p1a: Floette|spa|1
|-boost|p1a: Floette|spd|1
|move|p2b: Farigiraf|Trick Room|p2b: Farigiraf
|-fieldstart|move: Trick Room|[of] p2b: Farigiraf
|
|upkeep
|turn|2
|inactive|macrameee has 30 seconds left.
|inactive|jomivgc has 30 seconds left.
|
|t:|1785170090
|detailschange|p2a: Camerupt|Camerupt-Mega, L50, M
|-mega|p2a: Camerupt|Camerupt|Cameruptite
|move|p2a: Camerupt|Earth Power|p1b: Incineroar
|-supereffective|p1b: Incineroar|1
|-damage|p1b: Incineroar|0 fnt
|faint|p1b: Incineroar
|move|p2b: Farigiraf|Hyper Voice|p1a: Floette
|-damage|p1a: Floette|82/100
|move|p1a: Floette|Draining Kiss|p2b: Farigiraf
|-damage|p2b: Farigiraf|47/100
|-heal|p1a: Floette|100/100|[from] drain|[of] p2b: Farigiraf
|-enditem|p2b: Farigiraf|Sitrus Berry|[eat]
|-heal|p2b: Farigiraf|72/100|[from] item: Sitrus Berry
|
|upkeep
|
|t:|1785170115
|switch|p1b: Sinistcha|Sinistcha, L50|100/100
|turn|3
|inactive|jomivgc has 30 seconds left.
|
|t:|1785170143
|move|p2b: Farigiraf|Helping Hand|p2a: Camerupt
|-singleturn|p2a: Camerupt|Helping Hand|[of] p2b: Farigiraf
|move|p1b: Sinistcha|Protect|p1b: Sinistcha
|-singleturn|p1b: Sinistcha|Protect
|move|p2a: Camerupt|Heat Wave|p1a: Floette|[spread] p1a
|-activate|p1b: Sinistcha|move: Protect
|-damage|p1a: Floette|56/100
|move|p1a: Floette|Calm Mind|p1a: Floette
|-boost|p1a: Floette|spa|1
|-boost|p1a: Floette|spd|1
|
|upkeep
|turn|4
|
|t:|1785170161
|switch|p1b: Basculegion|Basculegion, L50, M|100/100
|move|p2a: Camerupt|Heat Wave|p1b: Basculegion|[spread] p1a,p1b
|-resisted|p1b: Basculegion|1
|-damage|p1a: Floette|35/100
|-damage|p1b: Basculegion|69/100
|move|p2b: Farigiraf|Psychic Fangs|p1a: Floette
|-damage|p1a: Floette|18/100
|move|p1a: Floette|Draining Kiss|p2b: Farigiraf
|-damage|p2b: Farigiraf|8/100
|-heal|p1a: Floette|78/100|[from] drain|[of] p2b: Farigiraf
|
|upkeep
|turn|5
|inactive|macrameee has 30 seconds left.
|inactive|jomivgc has 30 seconds left.
|
|t:|1785170187
|switch|p1b: Sinistcha|Sinistcha, L50|100/100
|-heal|p1a: Floette|100/100|[from] ability: Hospitality|[of] p1b: Sinistcha
|move|p2b: Farigiraf|Helping Hand|p2a: Camerupt
|-singleturn|p2a: Camerupt|Helping Hand|[of] p2b: Farigiraf
|move|p2a: Camerupt|Earth Power|p1b: Sinistcha
|-resisted|p1b: Sinistcha|1
|-damage|p1b: Sinistcha|46/100
|move|p1a: Floette|Dazzling Gleam|p2b: Farigiraf|[spread] p2a,p2b
|-resisted|p2a: Camerupt|1
|-damage|p2a: Camerupt|53/100
|-damage|p2b: Farigiraf|0 fnt
|faint|p2b: Farigiraf
|
|-fieldend|move: Trick Room
|upkeep
|
|t:|1785170204
|switch|p2b: Kingambit|Kingambit, L50, M|100/100
|turn|6
|
|t:|1785170219
|move|p2b: Kingambit|Protect|p2b: Kingambit
|-singleturn|p2b: Kingambit|Protect
|move|p1b: Sinistcha|Rage Powder|p1b: Sinistcha
|-singleturn|p1b: Sinistcha|move: Rage Powder
|move|p1a: Floette|Dazzling Gleam|p2b: Kingambit|[spread] p2a
|-activate|p2b: Kingambit|move: Protect
|-resisted|p2a: Camerupt|1
|-damage|p2a: Camerupt|7/100
|move|p2a: Camerupt|Heat Wave|p1a: Floette|[spread] p1a,p1b
|-supereffective|p1b: Sinistcha|1
|-damage|p1a: Floette|79/100
|-damage|p1b: Sinistcha|0 fnt
|faint|p1b: Sinistcha
|
|upkeep
|
|t:|1785170232
|switch|p1b: Basculegion|Basculegion, L50, M|69/100
|turn|7
|
|t:|1785170239
|move|p2a: Camerupt|Protect|p2a: Camerupt
|-singleturn|p2a: Camerupt|Protect
|move|p1b: Basculegion|Aqua Jet|p2b: Kingambit
|-damage|p2b: Kingambit|79/100
|move|p1a: Floette|Dazzling Gleam|p2a: Camerupt|[spread] p2b
|-activate|p2a: Camerupt|move: Protect
|-damage|p2b: Kingambit|0 fnt
|faint|p2b: Kingambit
|
|upkeep
|
|t:|1785170247
|switch|p2b: Staraptor|Staraptor, L50, M|100/100
|-ability|p2b: Staraptor|Intimidate|boost
|-unboost|p1a: Floette|atk|1
|-unboost|p1b: Basculegion|atk|1
|turn|8
|
|t:|1785170266
|move|p1b: Basculegion|Aqua Jet|p2b: Staraptor
|-damage|p2b: Staraptor|79/100
|move|p2b: Staraptor|Brave Bird|p1b: Basculegion
|-damage|p1b: Basculegion|1/100
|-damage|p2b: Staraptor|55/100|[from] Recoil
|move|p1a: Floette|Dazzling Gleam|p2a: Camerupt|[spread] p2a,p2b
|-resisted|p2a: Camerupt|1
|-damage|p2a: Camerupt|0 fnt
|-damage|p2b: Staraptor|0 fnt
|faint|p2a: Camerupt
|faint|p2b: Staraptor
|
|win|macrameee
