|j|☆SeymoursLeftToeVGC
|j|☆vinicio499
|html|SeymoursLeftToeVGCvinicio499    
|uhtml|bestof|Game 2 of a best-of-3
|t:|1782259814
|gametype|doubles
|player|p1|SeymoursLeftToeVGC|ninjaboy|1091
|player|p2|vinicio499|miku-ghost|1130
|gen|9
|tier|[Gen 9 Champions] VGC 2026 Reg M-B (Bo3)
|rated|
|rule|Species Clause: Limit one of each Pokémon
|rule|Item Clause: Limit 1 of each item
|clearpoke
|poke|p1|Whimsicott, L50, M, shiny|
|poke|p1|Typhlosion-Hisui, L50, M, shiny|
|poke|p1|Farigiraf, L50, M|
|poke|p1|Sceptile, L50, F, shiny|
|poke|p1|Rotom-Wash, L50, shiny|
|poke|p1|Tyranitar, L50, F, shiny|
|poke|p2|Farigiraf, L50, M|
|poke|p2|Scrafty, L50, M|
|poke|p2|Mawile, L50, F|
|poke|p2|Incineroar, L50, F|
|poke|p2|Maushold-Four, L50|
|poke|p2|Clawitzer, L50, M|
|teampreview|4
|showteam|p1|Whimsicott||FocusSash|Prankster|Moonblast,FakeTears,SunnyDay,Tailwind|Modest||M|||50|]Typhlosion-Hisui||Charcoal|Blaze|Eruption,Protect,ShadowBall,HeatWave|Modest||M|||50|]Farigiraf||LifeOrb|ArmorTail|HyperVoice,TwinBeam,Protect,HelpingHand|Modest||M|||50|]Sceptile||Sceptilite|Overgrow|FrenzyPlant,DragonPulse,Protect,GigaDrain|Timid||F|||50|]Rotom-Wash||ChoiceScarf|Levitate|HydroPump,Discharge,VoltSwitch,Electroweb|Timid|||||50|]Tyranitar||Tyranitarite|SandStream|RockSlide,KnockOff,Protect,DragonDance|Adamant||F|||50|
|showteam|p2|Farigiraf||ColburBerry|ArmorTail|TrickRoom,Psychic,Protect,HelpingHand|Quiet||M|||50|]Scrafty||Scraftinite|Intimidate|FakeOut,CloseCombat,KnockOff,IronHead|Brave||M|||50|]Mawile||Mawilite|Intimidate|SwordsDance,PlayRough,Protect,SuckerPunch|Brave||F|||50|]Incineroar||ChopleBerry|Intimidate|ThroatChop,FlareBlitz,FakeOut,PartingShot|Adamant||F|||50|]Maushold-Four||FocusSash|FriendGuard|Protect,FollowMe,Feint,PopulationBomb|Jolly|||||50|]Clawitzer||LifeOrb|MegaLauncher|WaterPulse,DarkPulse,AuraSphere,Protect|Modest||M|||50|
|inactive|Battle timer is ON: inactive players will automatically lose when time's up. (requested by vinicio499)
|inactive|SeymoursLeftToeVGC also wants the timer to be on.
|
|t:|1782259825
|teamsize|p1|4
|teamsize|p2|4
|start
|switch|p1a: Sceptile|Sceptile, L50, F, shiny|100/100
|switch|p1b: Rotom|Rotom-Wash, L50, shiny|100/100
|switch|p2a: Farigiraf|Farigiraf, L50, M|100/100
|switch|p2b: Scrafty|Scrafty, L50, M|100/100
|-ability|p2b: Scrafty|Intimidate|boost
|-unboost|p1a: Sceptile|atk|1
|-unboost|p1b: Rotom|atk|1
|turn|1
|
|t:|1782259836
|switch|p1b: Farigiraf|Farigiraf, L50, M|100/100
|detailschange|p1a: Sceptile|Sceptile-Mega, L50, F, shiny
|-mega|p1a: Sceptile|Sceptile|Sceptilite
|detailschange|p2b: Scrafty|Scrafty-Mega, L50, M
|-mega|p2b: Scrafty|Scrafty|Scraftinite
|-ability|p2b: Scrafty|Intimidate|boost
|-unboost|p1a: Sceptile|atk|1
|-unboost|p1b: Farigiraf|atk|1
|move|p2b: Scrafty|Fake Out||[still]
|cant|p1b: Farigiraf|ability: Armor Tail|Fake Out|[of] p2b: Scrafty
|move|p1a: Sceptile|Frenzy Plant|p2a: Farigiraf
|-damage|p2a: Farigiraf|25/100
|-mustrecharge|p1a: Sceptile
|move|p2a: Farigiraf|Trick Room|p2a: Farigiraf
|-fieldstart|move: Trick Room|[of] p2a: Farigiraf
|
|upkeep
|turn|2
|
|t:|1782259850
|move|p2a: Farigiraf|Helping Hand|p2b: Scrafty
|-singleturn|p2b: Scrafty|Helping Hand|[of] p2a: Farigiraf
|move|p2b: Scrafty|Knock Off|p1b: Farigiraf
|-supereffective|p1b: Farigiraf|1
|-damage|p1b: Farigiraf|0 fnt
|-enditem|p1b: Farigiraf|Life Orb|[from] move: Knock Off|[of] p2b: Scrafty
|faint|p1b: Farigiraf
|cant|p1a: Sceptile|recharge
|
|upkeep
|
|t:|1782259860
|switch|p1b: Rotom|Rotom-Wash, L50, shiny|100/100
|turn|3
|
|t:|1782259867
|move|p2a: Farigiraf|Helping Hand|p2b: Scrafty
|-singleturn|p2b: Scrafty|Helping Hand|[of] p2a: Farigiraf
|move|p2b: Scrafty|Knock Off|p1a: Sceptile
|-damage|p1a: Sceptile|21/100
|move|p1a: Sceptile|Giga Drain|p2b: Scrafty
|-damage|p2b: Scrafty|64/100
|-heal|p1a: Sceptile|42/100|[from] drain|[of] p2b: Scrafty
|move|p1b: Rotom|Discharge|p2b: Scrafty|[spread] p2a,p2b
|-ability|p1a: Sceptile|Lightning Rod|boost
|-boost|p1a: Sceptile|spa|1
|-damage|p2a: Farigiraf|2/100
|-damage|p2b: Scrafty|41/100
|
|upkeep
|turn|4
|
|t:|1782259883
|move|p1a: Sceptile|Protect|p1a: Sceptile
|-singleturn|p1a: Sceptile|Protect
|move|p2b: Scrafty|Close Combat|p1b: Rotom
|-damage|p1b: Rotom|13/100
|-unboost|p2b: Scrafty|def|1
|-unboost|p2b: Scrafty|spd|1
|move|p2a: Farigiraf|Psychic|p1b: Rotom
|-damage|p1b: Rotom|0 fnt
|faint|p1b: Rotom
|
|upkeep
|
|t:|1782259892
|switch|p1b: Typhlosion|Typhlosion-Hisui, L50, M, shiny|100/100
|turn|5
|
|t:|1782259903
|move|p1b: Typhlosion|Protect|p1b: Typhlosion
|-singleturn|p1b: Typhlosion|Protect
|move|p1a: Sceptile|Protect|p1a: Sceptile
|-singleturn|p1a: Sceptile|Protect
|move|p2b: Scrafty|Knock Off|p1b: Typhlosion
|-activate|p1b: Typhlosion|move: Protect
|move|p2a: Farigiraf|Psychic|p1a: Sceptile
|-activate|p1a: Sceptile|move: Protect
|
|-fieldend|move: Trick Room
|upkeep
|turn|6
|
|t:|1782259917
|switch|p2b: Incineroar|Incineroar, L50, F|100/100
|-ability|p2b: Incineroar|Intimidate|boost
|-unboost|p1a: Sceptile|atk|1
|-unboost|p1b: Typhlosion|atk|1
|move|p1a: Sceptile|Giga Drain|p2b: Incineroar
|-resisted|p2b: Incineroar|1
|-damage|p2b: Incineroar|67/100
|-heal|p1a: Sceptile|63/100|[from] drain|[of] p2b: Incineroar
|move|p1b: Typhlosion|Eruption|p2a: Farigiraf|[spread] p2a,p2b
|-resisted|p2b: Incineroar|1
|-damage|p2a: Farigiraf|0 fnt
|-damage|p2b: Incineroar|28/100
|faint|p2a: Farigiraf
|
|upkeep
|
|t:|1782259929
|switch|p2a: Clawitzer|Clawitzer, L50, M|100/100
|turn|7
|
|t:|1782259939
|switch|p2a: Scrafty|Scrafty-Mega, L50, M|41/100
|-ability|p2a: Scrafty|Intimidate|boost
|-unboost|p1a: Sceptile|atk|1
|-unboost|p1b: Typhlosion|atk|1
|move|p1a: Sceptile|Protect|p1a: Sceptile
|-singleturn|p1a: Sceptile|Protect
|move|p1b: Typhlosion|Protect|p1b: Typhlosion
|-singleturn|p1b: Typhlosion|Protect
|move|p2b: Incineroar|Fake Out|p1a: Sceptile
|-activate|p1a: Sceptile|move: Protect
|
|upkeep
|turn|8
|
|t:|1782259959
|move|p2a: Scrafty|Fake Out|p1a: Sceptile
|-damage|p1a: Sceptile|39/100
|cant|p1a: Sceptile|flinch
|move|p1b: Typhlosion|Eruption|p2a: Scrafty|[spread] p2a,p2b
|-resisted|p2b: Incineroar|1
|-damage|p2a: Scrafty|0 fnt
|-damage|p2b: Incineroar|0 fnt
|faint|p2a: Scrafty
|faint|p2b: Incineroar
|
|upkeep
|-message|vinicio499 forfeited.
|
|win|SeymoursLeftToeVGC
|raw|SeymoursLeftToeVGC's rating: 1091 → 1120(+29 for winning)
|raw|vinicio499's rating: 1130 → 1102(-28 for losing)
