|j|☆gundi8
|j|☆maikage
|html|gundi8maikage    
|uhtml|bestof|Game 1 of a best-of-3
|t:|1757672379
|gametype|doubles
|player|p1|gundi8|ethan-gen2|1114
|player|p2|maikage|firebreather|1159
|gen|9
|tier|[Gen 9] VGC 2025 Reg H (Bo3)
|rated|
|rule|Species Clause: Limit one of each Pokémon
|rule|Item Clause: Limit 1 of each item
|clearpoke
|poke|p1|Garchomp, L50, M|
|poke|p1|Jumpluff, L50, F|
|poke|p1|Torkoal, L50, M|
|poke|p1|Dragonite, L50, F|
|poke|p1|Kingambit, L50, M|
|poke|p1|Typhlosion-Hisui, L50, M|
|poke|p2|Maushold, L50|
|poke|p2|Annihilape, L50, F|
|poke|p2|Incineroar, L50, F|
|poke|p2|Rillaboom, L50, F|
|poke|p2|Dragonite, L50, M|
|poke|p2|Gholdengo, L50|
|teampreview|4
|showteam|p1|Garchomp||LifeOrb|RoughSkin|DragonClaw,StompingTantrum,Earthquake,Protect|||M|||50|,,,,,Fire]Jumpluff||CovertCloak|Chlorophyll|LeafStorm,SleepPowder,Encore,Tailwind|||F|||50|,,,,,Dark]Torkoal||EjectPack|Drought|Overheat,BurningJealousy,HelpingHand,Protect|||M|||50|,,,,,Flying]Dragonite||LoadedDice|InnerFocus|ScaleShot,ExtremeSpeed,Haze,Protect|||F|||50|,,,,,Fairy]Kingambit||AssaultVest|Defiant|IronHead,SuckerPunch,Assurance,LowKick|||M|||50|,,,,,Flying]Typhlosion-Hisui||ChoiceSpecs|Blaze|Eruption,ShadowBall,HeatWave,Overheat|||M|||50|,,,,,Fire
|showteam|p2|Maushold||WideLens|Technician|PopulationBomb,BeatUp,Protect,FollowMe||||||50|,,,,,Ghost]Annihilape||Leftovers|Defiant|RageFist,DrainPunch,Protect,BulkUp|||F|||50|,,,,,Fire]Incineroar||SitrusBerry|Intimidate|FakeOut,KnockOff,PartingShot,FlareBlitz|||F|||50|,,,,,Grass]Rillaboom||AssaultVest|GrassySurge|FakeOut,GrassyGlide,Uturn,WoodHammer|||F|||50|,,,,,Fire]Dragonite||LoadedDice|Multiscale|ScaleShot,Tailwind,Protect,Haze|||M|||50|,,,,,Fairy]Gholdengo||LifeOrb|GoodasGold|MakeItRain,ShadowBall,Protect,NastyPlot||||||50|,,,,,Water
|inactive|Battle timer is ON: inactive players will automatically lose when time's up. (requested by maikage)
|inactive|gundi8 also wants the timer to be on.
|inactive|gundi8 has 60 seconds left.
|inactive|maikage has 60 seconds left.
|
|t:|1757672438
|teamsize|p1|4
|teamsize|p2|4
|start
|switch|p1a: Garchomp|Garchomp, L50, M|100/100
|switch|p1b: Kingambit|Kingambit, L50, M|100/100
|switch|p2a: transsexual cat|Incineroar, L50, F|100/100
|switch|p2b: capitalism|Gholdengo, L50|100/100
|-ability|p2a: transsexual cat|Intimidate|boost
|-unboost|p1a: Garchomp|atk|1
|-unboost|p1b: Kingambit|atk|1
|-ability|p1b: Kingambit|Defiant|boost
|-boost|p1b: Kingambit|atk|2
|turn|1
|inactive|gundi8 has 30 seconds left.
|inactive|maikage has 30 seconds left.
|inactive|gundi8 has 20 seconds left.
|inactive|maikage has 20 seconds left.
|inactive|gundi8 has 15 seconds left.
|inactive|gundi8 has 10 seconds left.
|
|t:|1757672485
|move|p2a: transsexual cat|Fake Out|p1a: Garchomp
|-damage|p1a: Garchomp|86/100
|-damage|p2a: transsexual cat|88/100|[from] ability: Rough Skin|[of] p1a: Garchomp
|cant|p1a: Garchomp|flinch
|move|p2b: capitalism|Nasty Plot|p2b: capitalism
|-boost|p2b: capitalism|spa|2
|move|p1b: Kingambit|Low Kick|p2a: transsexual cat
|-supereffective|p2a: transsexual cat
|-damage|p2a: transsexual cat|4/100
|-enditem|p2a: transsexual cat|Sitrus Berry|[eat]
|-heal|p2a: transsexual cat|29/100|[from] item: Sitrus Berry
|
|upkeep
|turn|2
|inactive|maikage has 30 seconds left.
|inactive|maikage has 20 seconds left.
|inactive|maikage has 15 seconds left.
|
|t:|1757672529
|switch|p2a: homosexual dog|Dragonite, L50, M|100/100
|-terastallize|p2b: capitalism|Water
|-terastallize|p1b: Kingambit|Flying
|move|p1a: Garchomp|Earthquake|p2b: capitalism|[spread] p2b
|-immune|p1b: Kingambit
|-immune|p2a: homosexual dog
|-crit|p2b: capitalism
|-damage|p2b: capitalism|15/100
|-damage|p1a: Garchomp|76/100|[from] item: Life Orb
|move|p2b: capitalism|Make It Rain|p1b: Kingambit|[spread] p1a,p1b
|-damage|p1a: Garchomp|0 fnt
|-damage|p1b: Kingambit|25/100
|-unboost|p2b: capitalism|spa|1
|faint|p1a: Garchomp
|-damage|p2b: capitalism|6/100|[from] item: Life Orb
|move|p1b: Kingambit|Assurance|p2b: capitalism
|-damage|p2b: capitalism|0 fnt
|faint|p2b: capitalism
|
|upkeep
|inactive|maikage has 30 seconds left.
|
|t:|1757672555
|switch|p1a: Typhlosion|Typhlosion-Hisui, L50, M|100/100
|switch|p2b: transsexual cat|Incineroar, L50, F|29/100
|-ability|p2b: transsexual cat|Intimidate|boost
|-unboost|p1a: Typhlosion|atk|1
|-unboost|p1b: Kingambit|atk|1
|-ability|p1b: Kingambit|Defiant|boost
|-boost|p1b: Kingambit|atk|2
|turn|3
|
|t:|1757672576
|move|p2b: transsexual cat|Fake Out|p1b: Kingambit
|-damage|p1b: Kingambit|15/100
|move|p1a: Typhlosion|Eruption|p2b: transsexual cat|[spread] p2a,p2b
|-resisted|p2a: homosexual dog
|-resisted|p2b: transsexual cat
|-damage|p2a: homosexual dog|79/100
|-damage|p2b: transsexual cat|0 fnt
|faint|p2b: transsexual cat
|move|p2a: homosexual dog|Scale Shot|p1a: Typhlosion
|-damage|p1a: Typhlosion|80/100
|-damage|p1a: Typhlosion|60/100
|-damage|p1a: Typhlosion|37/100
|-damage|p1a: Typhlosion|17/100
|-damage|p1a: Typhlosion|0 fnt
|faint|p1a: Typhlosion
|-hitcount|p1: Typhlosion|5
|-unboost|p2a: homosexual dog|def|1
|-boost|p2a: homosexual dog|spe|1
|cant|p1b: Kingambit|flinch
|
|upkeep
|
|t:|1757672594
|switch|p1a: Torkoal|Torkoal, L50, M, shiny|100/100
|switch|p2b: angsty teenage son|Annihilape, L50, F|100/100
|-weather|SunnyDay|[from] ability: Drought|[of] p1a: Torkoal
|turn|4
|
|t:|1757672610
|move|p2a: homosexual dog|Protect|p2a: homosexual dog
|-singleturn|p2a: homosexual dog|Protect
|move|p1b: Kingambit|Sucker Punch||[still]
|-fail|p1b: Kingambit
|move|p2b: angsty teenage son|Bulk Up|p2b: angsty teenage son
|-boost|p2b: angsty teenage son|atk|1
|-boost|p2b: angsty teenage son|def|1
|move|p1a: Torkoal|Burning Jealousy|p2a: homosexual dog|[spread] p2b
|-activate|p2a: homosexual dog|move: Protect
|-damage|p2b: angsty teenage son|76/100
|-status|p2b: angsty teenage son|brn
|
|-weather|SunnyDay|[upkeep]
|-heal|p2b: angsty teenage son|82/100 brn|[from] item: Leftovers
|-damage|p2b: angsty teenage son|76/100 brn|[from] brn
|upkeep
|turn|5
|
|t:|1757672634
|move|p1b: Kingambit|Sucker Punch|p2b: angsty teenage son
|-damage|p2b: angsty teenage son|16/100 brn
|move|p2a: homosexual dog|Scale Shot|p1b: Kingambit
|-damage|p1b: Kingambit|3/100
|-damage|p1b: Kingambit|0 fnt
|faint|p1b: Kingambit
|-hitcount|p1: Kingambit|2
|-unboost|p2a: homosexual dog|def|1
|-boost|p2a: homosexual dog|spe|1
|move|p2b: angsty teenage son|Rage Fist|p1a: Torkoal
|-damage|p1a: Torkoal|63/100
|move|p1a: Torkoal|Burning Jealousy|p2a: homosexual dog|[spread] p2a,p2b
|-resisted|p2a: homosexual dog
|-damage|p2a: homosexual dog|65/100
|-damage|p2b: angsty teenage son|0 fnt
|-status|p2a: homosexual dog|brn
|faint|p2b: angsty teenage son
|
|-weather|SunnyDay|[upkeep]
|-damage|p2a: homosexual dog|59/100 brn|[from] brn
|upkeep
|turn|6
|inactive|maikage has 30 seconds left.
|
|t:|1757672662
|move|p1a: Torkoal|Protect|p1a: Torkoal
|-singleturn|p1a: Torkoal|Protect
|move|p2a: homosexual dog|Scale Shot|p1a: Torkoal
|-activate|p1a: Torkoal|move: Protect
|
|-weather|SunnyDay|[upkeep]
|-damage|p2a: homosexual dog|53/100 brn|[from] brn
|upkeep
|turn|7
|
|t:|1757672668
|move|p2a: homosexual dog|Scale Shot|p1a: Torkoal
|-damage|p1a: Torkoal|58/100
|-damage|p1a: Torkoal|52/100
|-damage|p1a: Torkoal|47/100
|-damage|p1a: Torkoal|42/100
|-damage|p1a: Torkoal|36/100
|-hitcount|p1a: Torkoal|5
|-unboost|p2a: homosexual dog|def|1
|-boost|p2a: homosexual dog|spe|1
|move|p1a: Torkoal|Burning Jealousy|p2a: homosexual dog
|-resisted|p2a: homosexual dog
|-damage|p2a: homosexual dog|32/100 brn
|
|-weather|SunnyDay|[upkeep]
|-damage|p2a: homosexual dog|26/100 brn|[from] brn
|upkeep
|turn|8
|
|t:|1757672676
|move|p1a: Torkoal|Protect|p1a: Torkoal
|-singleturn|p1a: Torkoal|Protect
|move|p2a: homosexual dog|Haze|p2a: homosexual dog
|-clearallboost
|
|-weather|none
|-damage|p2a: homosexual dog|20/100 brn|[from] brn
|upkeep
|turn|9
|
|t:|1757672684
|move|p2a: homosexual dog|Scale Shot|p1a: Torkoal
|-crit|p1a: Torkoal
|-damage|p1a: Torkoal|28/100
|-damage|p1a: Torkoal|23/100
|-damage|p1a: Torkoal|17/100
|-damage|p1a: Torkoal|12/100
|-hitcount|p1a: Torkoal|4
|-unboost|p2a: homosexual dog|def|1
|-boost|p2a: homosexual dog|spe|1
|move|p1a: Torkoal|Overheat|p2a: homosexual dog|[miss]
|-miss|p1a: Torkoal|p2a: homosexual dog
|
|-damage|p2a: homosexual dog|14/100 brn|[from] brn
|upkeep
|turn|10
|
|t:|1757672697
|move|p1a: Torkoal|Protect|p1a: Torkoal
|-singleturn|p1a: Torkoal|Protect
|move|p2a: homosexual dog|Scale Shot|p1a: Torkoal
|-activate|p1a: Torkoal|move: Protect
|
|-damage|p2a: homosexual dog|8/100 brn|[from] brn
|upkeep
|turn|11
|
|t:|1757672703
|move|p1a: Torkoal|Protect||[still]
|-fail|p1a: Torkoal
|move|p2a: homosexual dog|Scale Shot|p1a: Torkoal
|-damage|p1a: Torkoal|7/100
|-damage|p1a: Torkoal|1/100
|-damage|p1a: Torkoal|0 fnt
|faint|p1a: Torkoal
|-hitcount|p1: Torkoal|3
|
|win|maikage
|l|☆maikage
|player|p2|
