|j|☆boncuss
|j|☆poodle sundae
|html|boncusspoodle sundae    
|uhtml|bestof|Game 3 of a best-of-3
|t:|1782242494
|gametype|doubles
|player|p1|boncuss|wattson|1194
|player|p2|poodle sundae|265|1259
|gen|9
|tier|[Gen 9 Champions] VGC 2026 Reg M-B (Bo3)
|rated|
|rule|Species Clause: Limit one of each Pokémon
|rule|Item Clause: Limit 1 of each item
|clearpoke
|poke|p1|Staraptor, L50, F|
|poke|p1|Liepard, L50, M|
|poke|p1|Grimmsnarl, L50, M|
|poke|p1|Sinistcha, L50|
|poke|p1|Maushold, L50|
|poke|p1|Malamar, L50, F|
|poke|p2|Metagross, L50|
|poke|p2|Hydreigon, L50, M|
|poke|p2|Blaziken, L50, F|
|poke|p2|Milotic, L50, M|
|poke|p2|Garchomp, L50, F|
|poke|p2|Ceruledge, L50, M|
|teampreview|4
|showteam|p1|Staraptor||Staraptite|Intimidate|CloseCombat,Roost,Protect,DualWingbeat|Careful||F|||50|]Liepard||FocusSash|Prankster|FakeOut,Screech,FakeTears,Charm|Jolly||M|||50|]Grimmsnarl||RoseliBerry|Prankster|SpiritBreak,ScaryFace,FakeTears,PartingShot|Careful||M|||50|]Sinistcha||KasibBerry|Hospitality|MatchaGotcha,RagePowder,PsychUp,TrickRoom|Modest|||||50|]Maushold||ChopleBerry|FriendGuard|SuperFang,FollowMe,Protect,Taunt|Careful|||||50|]Malamar||Leftovers|Contrary|Superpower,StoredPower,Protect,TrickRoom|Sassy||F|||50|
|showteam|p2|Metagross||Metagrossite|ClearBody|IronHead,PsychicFangs,BodyPress,Protect|Jolly|||||50|]Hydreigon||ChoiceScarf|Levitate|DarkPulse,DracoMeteor,Snarl,HeatWave|Modest||M|||50|]Blaziken||Blazikenite|SpeedBoost|FlareBlitz,CloseCombat,RockSlide,Detect|Adamant||F|||50|]Milotic||Leftovers|Competitive|MuddyWater,Coil,Hypnosis,Protect|Calm||M|||50|]Garchomp||LifeOrb|RoughSkin|DragonClaw,Earthquake,StompingTantrum,Protect|Jolly||F|||50|]Ceruledge||ColburBerry|FlashFire|BitterBlade,ShadowSneak,BulkUp,Protect|Adamant||M|||50|
|inactive|Battle timer is ON: inactive players will automatically lose when time's up. (requested by boncuss)
|inactive|poodle sundae has 60 seconds left.
|
|t:|1782242532
|teamsize|p1|4
|teamsize|p2|4
|start
|switch|p1a: Malamar|Malamar, L50, F|100/100
|switch|p1b: Liepard|Liepard, L50, M|100/100
|switch|p2a: Ceruledge|Ceruledge, L50, M|100/100
|switch|p2b: Hydreigon|Hydreigon, L50, M|100/100
|turn|1
|
|t:|1782242560
|switch|p2b: Metagross|Metagross, L50|100/100
|move|p1b: Liepard|Fake Out|p2b: Metagross
|-resisted|p2b: Metagross|1
|-damage|p2b: Metagross|95/100
|move|p2a: Ceruledge|Bitter Blade|p1b: Liepard
|-damage|p1b: Liepard|1/100
|move|p1a: Malamar|Superpower|p2b: Metagross
|-crit|p2b: Metagross
|-damage|p2b: Metagross|63/100
|-boost|p1a: Malamar|atk|1
|-boost|p1a: Malamar|def|1
|
|upkeep
|turn|2
|
|t:|1782242578
|detailschange|p2b: Metagross|Metagross-Mega, L50
|-mega|p2b: Metagross|Metagross|Metagrossite
|move|p1b: Liepard|Charm|p1a: Malamar
|-boost|p1a: Malamar|atk|2
|move|p2a: Ceruledge|Shadow Sneak|p1b: Liepard
|-resisted|p1b: Liepard|1
|-damage|p1b: Liepard|0 fnt
|faint|p1b: Liepard
|move|p2b: Metagross|Iron Head|p1a: Malamar
|-damage|p1a: Malamar|62/100
|move|p1a: Malamar|Superpower|p2b: Metagross
|-damage|p2b: Metagross|15/100
|-boost|p1a: Malamar|atk|1
|-boost|p1a: Malamar|def|1
|
|-heal|p1a: Malamar|68/100|[from] item: Leftovers
|upkeep
|
|t:|1782242593
|switch|p1b: Grimmsnarl|Grimmsnarl, L50, M|100/100
|turn|3
|
|t:|1782242603
|move|p1b: Grimmsnarl|Scary Face|p1a: Malamar
|-boost|p1a: Malamar|spe|2
|move|p2b: Metagross|Iron Head|p1b: Grimmsnarl
|-supereffective|p1b: Grimmsnarl|1
|-damage|p1b: Grimmsnarl|0 fnt
|faint|p1b: Grimmsnarl
|move|p1a: Malamar|Superpower|p2b: Metagross
|-damage|p2b: Metagross|0 fnt
|-boost|p1a: Malamar|atk|1
|-boost|p1a: Malamar|def|1
|faint|p2b: Metagross
|move|p2a: Ceruledge|Bulk Up|p2a: Ceruledge
|-boost|p2a: Ceruledge|atk|1
|-boost|p2a: Ceruledge|def|1
|
|-heal|p1a: Malamar|74/100|[from] item: Leftovers
|upkeep
|
|t:|1782242612
|switch|p2b: Hydreigon|Hydreigon, L50, M|100/100
|switch|p1b: Sinistcha|Sinistcha, L50|100/100
|-heal|p1a: Malamar|99/100|[from] ability: Hospitality|[of] p1b: Sinistcha
|turn|4
|
|t:|1782242631
|switch|p2b: Garchomp|Garchomp, L50, F|100/100
|move|p1a: Malamar|Superpower|p2b: Garchomp
|-damage|p2b: Garchomp|12/100
|-boost|p1a: Malamar|atk|1
|-boost|p1a: Malamar|def|1
|-damage|p1a: Malamar|87/100|[from] ability: Rough Skin|[of] p2b: Garchomp
|move|p2a: Ceruledge|Bitter Blade|p1b: Sinistcha
|-supereffective|p1b: Sinistcha|1
|-damage|p1b: Sinistcha|0 fnt
|faint|p1b: Sinistcha
|
|-heal|p1a: Malamar|93/100|[from] item: Leftovers
|upkeep
|turn|5
|
|t:|1782242645
|move|p2b: Garchomp|Dragon Claw|p1a: Malamar
|-damage|p1a: Malamar|73/100
|-damage|p2b: Garchomp|3/100|[from] item: Life Orb
|move|p1a: Malamar|Stored Power|p2a: Ceruledge
|-damage|p2a: Ceruledge|33/100
|move|p2a: Ceruledge|Bitter Blade|p1a: Malamar
|-damage|p1a: Malamar|49/100
|-heal|p2a: Ceruledge|46/100|[from] drain|[of] p1a: Malamar
|
|-heal|p1a: Malamar|55/100|[from] item: Leftovers
|upkeep
|turn|6
|
|t:|1782242654
|move|p2b: Garchomp|Dragon Claw|p1a: Malamar
|-damage|p1a: Malamar|39/100
|-damage|p2b: Garchomp|0 fnt|[from] item: Life Orb
|faint|p2b: Garchomp
|move|p1a: Malamar|Stored Power|p2a: Ceruledge
|-damage|p2a: Ceruledge|0 fnt
|faint|p2a: Ceruledge
|
|-heal|p1a: Malamar|45/100|[from] item: Leftovers
|upkeep
|
|t:|1782242661
|switch|p2a: Hydreigon|Hydreigon, L50, M|100/100
|turn|7
|
|t:|1782242666
|move|p1a: Malamar|Protect|p1a: Malamar
|-singleturn|p1a: Malamar|Protect
|move|p2a: Hydreigon|Draco Meteor|p1a: Malamar
|-activate|p1a: Malamar|move: Protect
|
|-heal|p1a: Malamar|51/100|[from] item: Leftovers
|upkeep
|turn|8
|
|t:|1782242674
|move|p2a: Hydreigon|Draco Meteor|p1a: Malamar
|-damage|p1a: Malamar|0 fnt
|-unboost|p2a: Hydreigon|spa|2
|faint|p1a: Malamar
|
|win|poodle sundae
|raw|boncuss's rating: 1194 → 1174(-20 for losing)
|raw|poodle sundae's rating: 1259 → 1279(+20 for winning)
|l|☆boncuss
|player|p1|
