|j|☆exessvgc
|j|☆munjah 14
|html|exessvgcmunjah 14    
|uhtml|bestof|Game 2 of a best-of-3
|t:|1783348882
|gametype|doubles
|player|p1|exessvgc|170|1316
|player|p2|munjah 14|101|1220
|gen|9
|tier|[Gen 9 Champions] VGC 2026 Reg M-B (Bo3)
|rated|
|rule|Species Clause: Limit one of each Pokémon
|rule|Item Clause: Limit 1 of each item
|clearpoke
|poke|p1|Charizard, L50, M|
|poke|p1|Sneasler, L50, F|
|poke|p1|Farigiraf, L50, F|
|poke|p1|Aerodactyl, L50, M|
|poke|p1|Sylveon, L50, M|
|poke|p1|Venusaur, L50, M|
|poke|p2|Vanilluxe, L50, M, shiny|
|poke|p2|Raichu, L50, F, shiny|
|poke|p2|Aerodactyl, L50, F, shiny|
|poke|p2|Floette-Eternal, L50, F|
|poke|p2|Basculegion, L50, M, shiny|
|poke|p2|Incineroar, L50, F, shiny|
|teampreview|4
|showteam|p1|Charizard||CharizarditeX|Blaze|DragonDance,DragonClaw,FlareBlitz,Protect|Jolly||M|||50|]Sneasler||WhiteHerb|Unburden|FakeOut,Protect,CloseCombat,DireClaw|Jolly||F|||50|]Farigiraf||SitrusBerry|ArmorTail|TrickRoom,PsychicNoise,HelpingHand,Thunderbolt|Bold||F|||50|]Aerodactyl||FocusSash|Unnerve|RockSlide,Tailwind,SunnyDay,Taunt|Jolly||M|||50|]Sylveon||FairyFeather|Pixilate|HyperVoice,HyperBeam,Protect,ShadowBall|Modest||M|||50|]Venusaur||WideLens|Chlorophyll|GigaDrain,EarthPower,SleepPowder,Protect|Modest||M|||50|
|showteam|p2|Vanilluxe||ChoiceScarf|SnowWarning|Blizzard,IcyWind,FreezeDry,SheerCold|Timid||M|||50|]Raichu||RaichuniteY|LightningRod|ZapCannon,FocusBlast,GrassKnot,Protect|Timid||F|||50|]Aerodactyl||FocusSash|Unnerve|RockSlide,DualWingbeat,Tailwind,WideGuard|Jolly||F|||50|]Floette-Eternal||Floettite|FlowerVeil|DazzlingGleam,Moonblast,LightofRuin,Protect|Timid||F|||50|]Basculegion||LifeOrb|Adaptability|AquaJet,WaveCrash,LastRespects,Protect|Jolly||M|||50|]Incineroar||SitrusBerry|Intimidate|FakeOut,ThroatChop,FlareBlitz,PartingShot|Adamant||F|||50|
|
|t:|1783348932
|teamsize|p1|4
|teamsize|p2|4
|start
|switch|p1a: DINOSAUVO|Aerodactyl, L50, M|100/100
|switch|p1b: IL COACH|Sneasler, L50, F|100/100
|switch|p2a: Incineroar|Incineroar, L50, F, shiny|100/100
|switch|p2b: Vanilluxe|Vanilluxe, L50, M, shiny|100/100
|-ability|p1a: DINOSAUVO|Unnerve
|-weather|Snowscape|[from] ability: Snow Warning|[of] p2b: Vanilluxe
|-ability|p2a: Incineroar|Intimidate|boost
|-unboost|p1a: DINOSAUVO|atk|1
|-unboost|p1b: IL COACH|atk|1
|-enditem|p1b: IL COACH|White Herb
|-clearnegativeboost|p1b: IL COACH|[silent]
|turn|1
|
|t:|1783348956
|move|p1b: IL COACH|Fake Out|p2b: Vanilluxe
|-damage|p2b: Vanilluxe|86/100
|move|p2a: Incineroar|Fake Out|p1b: IL COACH
|-damage|p1b: IL COACH|78/100
|cant|p2b: Vanilluxe|flinch
|move|p1a: DINOSAUVO|Tailwind|p1a: DINOSAUVO
|-sidestart|p1: exessvgc|move: Tailwind
|
|-weather|Snowscape|[upkeep]
|upkeep
|turn|2
|
|t:|1783348975
|move|p1b: IL COACH|Close Combat|p2b: Vanilluxe
|-supereffective|p2b: Vanilluxe|1
|-damage|p2b: Vanilluxe|0 fnt
|-unboost|p1b: IL COACH|def|1
|-unboost|p1b: IL COACH|spd|1
|faint|p2b: Vanilluxe
|move|p1a: DINOSAUVO|Taunt|p2a: Incineroar
|-start|p2a: Incineroar|move: Taunt
|cant|p2a: Incineroar|move: Taunt|Parting Shot
|
|-weather|Snowscape|[upkeep]
|upkeep
|
|t:|1783348986
|switch|p2b: Aerodactyl|Aerodactyl, L50, F, shiny|100/100
|-ability|p2b: Aerodactyl|Unnerve
|turn|3
|
|t:|1783348999
|move|p1b: IL COACH|Close Combat|p2a: Incineroar
|-supereffective|p2a: Incineroar|1
|-damage|p2a: Incineroar|0 fnt
|-unboost|p1b: IL COACH|def|1
|-unboost|p1b: IL COACH|spd|1
|faint|p2a: Incineroar
|move|p1a: DINOSAUVO|Taunt|p2b: Aerodactyl
|-start|p2b: Aerodactyl|move: Taunt
|move|p2b: Aerodactyl|Dual Wingbeat|p1b: IL COACH
|-supereffective|p1b: IL COACH|1
|-damage|p1b: IL COACH|0 fnt
|faint|p1b: IL COACH
|-hitcount|p1: IL COACH|1
|
|-weather|Snowscape|[upkeep]
|upkeep
|
|t:|1783349014
|switch|p1b: Marianela|Sylveon, L50, M|100/100
|switch|p2a: Raichu|Raichu, L50, F, shiny|100/100
|turn|4
|
|t:|1783349028
|move|p2a: Raichu|Protect|p2a: Raichu
|-singleturn|p2a: Raichu|Protect
|move|p1a: DINOSAUVO|Rock Slide|p2b: Aerodactyl|[spread] p2b
|-activate|p2a: Raichu|move: Protect
|-supereffective|p2b: Aerodactyl|1
|-damage|p2b: Aerodactyl|41/100
|move|p1b: Marianela|Hyper Voice|p2a: Raichu|[spread] p2b
|-activate|p2a: Raichu|move: Protect
|-damage|p2b: Aerodactyl|0 fnt
|faint|p2b: Aerodactyl
|
|-weather|Snowscape|[upkeep]
|-sideend|p1: exessvgc|move: Tailwind
|upkeep
|turn|5
|-message|munjah 14 forfeited.
|
|win|exessvgc
|raw|exessvgc's rating: 1316 → 1331(+15 for winning)
|raw|munjah 14's rating: 1220 → 1202(-18 for losing)
|l|☆munjah 14
|player|p2|
