|j|☆kidkeo257
|j|☆Tamejo
|html|kidkeo257Tamejo    
|uhtml|bestof|Game 1 of a best-of-3
|t:|1784561689
|gametype|doubles
|player|p1|kidkeo257|youngster-gen4dp|1021
|player|p2|Tamejo|caitlin|1074
|gen|9
|tier|[Gen 9 Champions] VGC 2026 Reg M-B (Bo3)
|rated|
|rule|Species Clause: Limit one of each Pokémon
|rule|Item Clause: Limit 1 of each item
|clearpoke
|poke|p1|Gengar, L50, F|
|poke|p1|Azumarill, L50, F|
|poke|p1|Sableye, L50, M|
|poke|p1|Dragonite, L50, F|
|poke|p1|Florges, L50, F|
|poke|p1|Incineroar, L50, F|
|poke|p2|Mamoswine, L50, F|
|poke|p2|Gyarados, L50, F|
|poke|p2|Sneasler, L50, F|
|poke|p2|Sinistcha, L50|
|poke|p2|Talonflame, L50, M|
|poke|p2|Metagross, L50|
|teampreview|4
|showteam|p1|Gengar||Gengarite|CursedBody|PerishSong,Protect,Disable,ShadowBall|Modest||F|||50|]Azumarill||MentalHerb|ThickFat|Protect,PerishSong,AquaJet,AlluringVoice|Bold||F|||50|]Sableye||FocusSash|Prankster|Reflect,Protect,Encore,FoulPlay|Calm||M|||50|]Dragonite||Leftovers|Multiscale|Roost,Protect,Earthquake,DragonClaw|Impish||F|||50|]Florges||BabiriBerry|FlowerVeil|PollenPuff,Protect,EnergyBall,DrainingKiss|Bold||F|||50|]Incineroar||SitrusBerry|Intimidate|FakeOut,Protect,PartingShot,FlareBlitz|Brave||F|||50|
|showteam|p2|Mamoswine||LifeOrb|Oblivious|HighHorsepower,IceShard,RockSlide,Protect|Adamant||F|||50|]Gyarados||Gyaradosite|Intimidate|Waterfall,LashOut,DragonDance,Protect|Jolly||F|||50|]Sneasler||FocusSash|PoisonTouch|PoisonJab,CloseCombat,FakeOut,Coaching|Jolly||F|||50|]Sinistcha||OccaBerry|Hospitality|MatchaGotcha,RagePowder,LifeDew,Protect|Bold|||||50|]Talonflame||SharpBeak|GaleWings|DualWingbeat,Tailwind,Taunt,QuickGuard|Jolly||M|||50|]Metagross||Metagrossite|ClearBody|PsychicFangs,IronHead,BodyPress,Protect|Adamant|||||50|
|
|t:|1784561737
|teamsize|p1|4
|teamsize|p2|4
|start
|switch|p1a: Gengar|Gengar, L50, F|100/100
|switch|p1b: Incineroar|Incineroar, L50, F|100/100
|switch|p2a: Sneasler|Sneasler, L50, F|100/100
|switch|p2b: Talonflame|Talonflame, L50, M|100/100
|-ability|p1b: Incineroar|Intimidate|boost
|-unboost|p2a: Sneasler|atk|1
|-unboost|p2b: Talonflame|atk|1
|turn|1
|
|t:|1784561774
|detailschange|p1a: Gengar|Gengar-Mega, L50, F
|-mega|p1a: Gengar|Gengar|Gengarite
|move|p2a: Sneasler|Fake Out|p1b: Incineroar
|-damage|p1b: Incineroar|91/100
|-status|p1b: Incineroar|psn|[from] ability: Poison Touch|[of] p2a: Sneasler
|cant|p1b: Incineroar|flinch
|move|p2b: Talonflame|Taunt|p1a: Gengar
|-start|p1a: Gengar|move: Taunt
|cant|p1a: Gengar|move: Taunt|Perish Song
|
|-damage|p1b: Incineroar|79/100 psn|[from] psn
|upkeep
|turn|2
|inactive|Battle timer is ON: inactive players will automatically lose when time's up. (requested by Tamejo)
|
|t:|1784561833
|move|p2b: Talonflame|Dual Wingbeat|p1b: Incineroar
|-damage|p1b: Incineroar|67/100 psn
|-damage|p1b: Incineroar|56/100 psn
|-hitcount|p1b: Incineroar|2
|move|p2a: Sneasler|Close Combat|p1b: Incineroar
|-supereffective|p1b: Incineroar|1
|-damage|p1b: Incineroar|0 fnt
|-unboost|p2a: Sneasler|def|1
|-unboost|p2a: Sneasler|spd|1
|faint|p1b: Incineroar
|move|p1a: Gengar|Shadow Ball|p2b: Talonflame
|-damage|p2b: Talonflame|6/100
|-unboost|p2b: Talonflame|spd|1
|
|upkeep
|
|t:|1784561850
|switch|p1b: Sableye|Sableye, L50, M|100/100
|turn|3
|inactive|Tamejo has 30 seconds left.
|
|t:|1784561877
|move|p2b: Talonflame|Quick Guard|p2b: Talonflame
|-singleturn|p2b: Talonflame|Quick Guard
|move|p1b: Sableye|Encore|p2a: Sneasler
|-activate|p2a: Sneasler|move: Quick Guard
|move|p2a: Sneasler|Poison Jab|p1b: Sableye
|-resisted|p1b: Sableye|1
|-damage|p1b: Sableye|80/100
|move|p1a: Gengar|Shadow Ball|p2b: Talonflame
|-damage|p2b: Talonflame|0 fnt
|faint|p2b: Talonflame
|
|-end|p1a: Gengar|move: Taunt
|upkeep
|
|t:|1784561897
|switch|p2b: Gyarados|Gyarados, L50, F|100/100
|-ability|p2b: Gyarados|Intimidate|boost
|-unboost|p1a: Gengar|atk|1
|-unboost|p1b: Sableye|atk|1
|turn|4
|inactive|kidkeo257 has 30 seconds left.
|inactive|kidkeo257 has 20 seconds left.
|
|t:|1784561935
|detailschange|p2b: Gyarados|Gyarados-Mega, L50, F
|-mega|p2b: Gyarados|Gyarados|Gyaradosite
|-ability|p2b: Gyarados|Mold Breaker
|move|p1b: Sableye|Reflect|p1b: Sableye
|-sidestart|p1: kidkeo257|Reflect
|move|p2a: Sneasler|Coaching|p2b: Gyarados
|-boost|p2b: Gyarados|atk|1
|-boost|p2b: Gyarados|def|1
|move|p1a: Gengar|Perish Song|p1a: Gengar
|-start|p1a: Gengar|perish3|[silent]
|-start|p1b: Sableye|perish3|[silent]
|-start|p2a: Sneasler|perish3|[silent]
|-start|p2b: Gyarados|perish3|[silent]
|-fieldactivate|move: Perish Song
|move|p2b: Gyarados|Lash Out|p1a: Gengar
|-supereffective|p1a: Gengar|1
|-damage|p1a: Gengar|0 fnt
|faint|p1a: Gengar
|
|-start|p2a: Sneasler|perish3
|-start|p2b: Gyarados|perish3
|-start|p1b: Sableye|perish3
|upkeep
|
|t:|1784561960
|switch|p1a: Azumarill|Azumarill, L50, F|100/100
|turn|5
|inactive|kidkeo257 has 30 seconds left.
|inactive|kidkeo257 has 20 seconds left.
|
|t:|1784561998
|move|p1b: Sableye|Protect|p1b: Sableye
|-singleturn|p1b: Sableye|Protect
|move|p2a: Sneasler|Poison Jab|p1a: Azumarill
|-supereffective|p1a: Azumarill|1
|-damage|p1a: Azumarill|66/100
|move|p2b: Gyarados|Waterfall|p1b: Sableye
|-activate|p1b: Sableye|move: Protect
|move|p1a: Azumarill|Alluring Voice|p2b: Gyarados
|-supereffective|p2b: Gyarados|1
|-damage|p2b: Gyarados|71/100
|
|-start|p2a: Sneasler|perish2
|-start|p2b: Gyarados|perish2
|-start|p1b: Sableye|perish2
|upkeep
|turn|6
|inactive|kidkeo257 has 30 seconds left.
|
|t:|1784562024
|move|p1a: Azumarill|Protect|p1a: Azumarill
|-singleturn|p1a: Azumarill|Protect
|move|p1b: Sableye|Encore|p2a: Sneasler
|-start|p2a: Sneasler|Encore
|move|p2a: Sneasler|Poison Jab|p1b: Sableye
|-resisted|p1b: Sableye|1
|-damage|p1b: Sableye|69/100
|move|p2b: Gyarados|Waterfall|p1b: Sableye
|-damage|p1b: Sableye|3/100
|
|-start|p2a: Sneasler|perish1
|-start|p2b: Gyarados|perish1
|-start|p1b: Sableye|perish1
|upkeep
|turn|7
|inactive|kidkeo257 has 30 seconds left.
|inactive|Tamejo has 30 seconds left.
|inactive|kidkeo257 has 20 seconds left.
|inactive|kidkeo257 has 15 seconds left.
|inactive|kidkeo257 has 10 seconds left.
|inactive|kidkeo257 has 5 seconds left.
|
|t:|1784562079
|switch|p2a: Mamoswine|Mamoswine, L50, F|100/100
|move|p2b: Gyarados|Waterfall|p1b: Sableye
|-damage|p1b: Sableye|0 fnt
|faint|p1b: Sableye
|move|p1a: Azumarill|Perish Song|p1a: Azumarill
|-start|p1a: Azumarill|perish3|[silent]
|-start|p2a: Mamoswine|perish3|[silent]
|-fieldactivate|move: Perish Song
|
|-start|p2b: Gyarados|perish0
|-start|p2a: Mamoswine|perish3
|faint|p2b: Gyarados
|-start|p1a: Azumarill|perish3
|upkeep
|
|t:|1784562087
|switch|p2b: Sneasler|Sneasler, L50, F|100/100
|turn|8
|
|t:|1784562100
|move|p1a: Azumarill|Protect|p1a: Azumarill
|-singleturn|p1a: Azumarill|Protect
|move|p2b: Sneasler|Fake Out|p1a: Azumarill
|-activate|p1a: Azumarill|move: Protect
|move|p2a: Mamoswine|High Horsepower|p1a: Azumarill
|-activate|p1a: Azumarill|move: Protect
|
|-start|p2a: Mamoswine|perish2
|-start|p1a: Azumarill|perish2
|-sideend|p1: kidkeo257|Reflect
|upkeep
|turn|9
|c|☆kidkeo257|ggs
|-message|kidkeo257 forfeited.
|
|win|Tamejo
|l|☆kidkeo257
|player|p1|
||Tamejo is ready for game 2.
||kidkeo257 is ready for game 2.
|uhtml|next|Next: Game 2 of 3
