|j|☆marillrag1
|j|☆1Manuel1410
|html|marillrag11Manuel1410    
|uhtml|bestof|Game 2 of a best-of-3
|t:|1785167700
|gametype|doubles
|player|p1|marillrag1|265|1156
|player|p2|1Manuel1410|pokemaniac|1125
|gen|9
|tier|[Gen 9 Champions] VGC 2026 Reg M-B (Bo3)
|rated|
|rule|Species Clause: Limit one of each Pokémon
|rule|Item Clause: Limit 1 of each item
|clearpoke
|poke|p1|Raichu, L50, F|
|poke|p1|Sylveon, L50, F|
|poke|p1|Arcanine-Hisui, L50, M|
|poke|p1|Kingambit, L50, F|
|poke|p1|Farigiraf, L50, F|
|poke|p1|Staraptor, L50, M|
|poke|p2|Gengar, L50, M|
|poke|p2|Incineroar, L50, F|
|poke|p2|Sinistcha, L50|
|poke|p2|Tinkaton, L50, F|
|poke|p2|Kommo-o, L50, M|
|poke|p2|Rotom-Wash, L50|
|teampreview|4
|showteam|p1|Raichu||RaichuniteY|LightningRod|Protect,ZapCannon,FocusBlast,FakeOut|Timid||F|||50|]Sylveon||FairyFeather|Pixilate|Detect,HyperVoice,HyperBeam,QuickAttack|Modest||F|||50|]Arcanine-Hisui||FocusSash|RockHead|Protect,FlareBlitz,HeadSmash,ExtremeSpeed|Jolly||M|||50|]Kingambit||LifeOrb|Defiant|Protect,KowtowCleave,SwordsDance,SuckerPunch|Adamant||F|||50|]Farigiraf||SitrusBerry|ArmorTail|Protect,Psychic,HelpingHand,TrickRoom|Calm||F|||50|]Staraptor||Staraptite|Intimidate|Protect,DualWingbeat,CloseCombat,Tailwind|Jolly||M|||50|
|showteam|p2|Gengar||Gengarite|CursedBody|Protect,PerishSong,Disable,ShadowBall|Modest||M|||50|]Incineroar||IronBall|Intimidate|Protect,FakeOut,PartingShot,FlareBlitz|Impish||F|||50|]Sinistcha||FocusSash|Hospitality|Protect,TrickRoom,MatchaGotcha,RagePowder|Relaxed|||||50|]Tinkaton||SitrusBerry|MoldBreaker|Protect,Encore,FakeOut,GigatonHammer|Jolly||F|||50|]Kommo-o||Leftovers|Soundproof|ClangorousSoul,AuraSphere,DragonPulse,Protect|Timid||M|||50|]Rotom-Wash||WideLens|Levitate|Protect,Thunderbolt,HydroPump,WillOWisp|Calm|||||50|
|inactive|Battle timer is ON: inactive players will automatically lose when time's up. (requested by 1Manuel1410)
|
|t:|1785167729
|teamsize|p1|4
|teamsize|p2|4
|start
|switch|p1a: Arcanine|Arcanine-Hisui, L50, M|100/100
|switch|p1b: Raichu|Raichu, L50, F|100/100
|switch|p2a: Tinkaton|Tinkaton, L50, F|100/100
|switch|p2b: Gengar|Gengar, L50, M|100/100
|-ability|p2a: Tinkaton|Mold Breaker
|turn|1
|inactive|marillrag1 has 30 seconds left.
|inactive|1Manuel1410 has 30 seconds left.
|inactive|marillrag1 has 20 seconds left.
|inactive|marillrag1 has 15 seconds left.
|inactive|marillrag1 has 10 seconds left.
|
|t:|1785167777
|switch|p2a: Rotom|Rotom-Wash, L50|100/100
|detailschange|p2b: Gengar|Gengar-Mega, L50, M
|-mega|p2b: Gengar|Gengar|Gengarite
|move|p1b: Raichu|Fake Out|p2a: Rotom
|-damage|p2a: Rotom|91/100
|move|p2b: Gengar|Shadow Ball|p1a: Arcanine
|-damage|p1a: Arcanine|41/100
|move|p1a: Arcanine|Head Smash|p2b: Gengar
|-damage|p2b: Gengar|22/100
|
|upkeep
|turn|2
|inactive|marillrag1 has 30 seconds left.
|
|t:|1785167809
|switch|p2a: Sinistcha|Sinistcha, L50|100/100
|-heal|p2b: Gengar|47/100|[from] ability: Hospitality|[of] p2a: Sinistcha
|detailschange|p1b: Raichu|Raichu-Mega-Y, L50, F
|-mega|p1b: Raichu|Raichu|Raichunite Y
|move|p2b: Gengar|Protect|p2b: Gengar
|-singleturn|p2b: Gengar|Protect
|move|p1a: Arcanine|Protect|p1a: Arcanine
|-singleturn|p1a: Arcanine|Protect
|move|p1b: Raichu|Zap Cannon|p2b: Gengar
|-activate|p2b: Gengar|move: Protect
|
|upkeep
|turn|3
|
|t:|1785167831
|move|p2a: Sinistcha|Rage Powder|p2a: Sinistcha
|-singleturn|p2a: Sinistcha|move: Rage Powder
|move|p1b: Raichu|Zap Cannon|p2a: Sinistcha
|-resisted|p2a: Sinistcha|1
|-damage|p2a: Sinistcha|65/100
|-status|p2a: Sinistcha|par
|move|p2b: Gengar|Shadow Ball|p1a: Arcanine
|-damage|p1a: Arcanine|0 fnt
|faint|p1a: Arcanine
|
|upkeep
|
|t:|1785167853
|switch|p1a: Sylveon|Sylveon, L50, F|100/100
|turn|4
|
|t:|1785167864
|move|p1b: Raichu|Zap Cannon|p2b: Gengar
|-damage|p2b: Gengar|0 fnt
|faint|p2b: Gengar
|move|p1a: Sylveon|Hyper Voice|p2a: Sinistcha
|-crit|p2a: Sinistcha
|-damage|p2a: Sinistcha|0 fnt
|faint|p2a: Sinistcha
|
|upkeep
|
|t:|1785167867
|switch|p2b: Rotom|Rotom-Wash, L50|91/100
|switch|p2a: Tinkaton|Tinkaton, L50, F|100/100
|-ability|p2a: Tinkaton|Mold Breaker
|turn|5
|
|t:|1785167876
|move|p1b: Raichu|Protect|p1b: Raichu
|-singleturn|p1b: Raichu|Protect
|move|p1a: Sylveon|Detect|p1a: Sylveon
|-singleturn|p1a: Sylveon|Protect
|move|p2a: Tinkaton|Gigaton Hammer|p1a: Sylveon
|-activate|p1a: Sylveon|move: Protect
|move|p2b: Rotom|Hydro Pump|p1b: Raichu
|-activate|p1b: Raichu|move: Protect
|
|upkeep
|turn|6
|
|t:|1785167887
|switch|p1a: Kingambit|Kingambit, L50, F|100/100
|move|p2a: Tinkaton|Protect|p2a: Tinkaton
|-singleturn|p2a: Tinkaton|Protect
|move|p2b: Rotom|Protect|p2b: Rotom
|-singleturn|p2b: Rotom|Protect
|move|p1b: Raichu|Zap Cannon|p2a: Tinkaton
|-activate|p2a: Tinkaton|move: Protect
|
|upkeep
|turn|7
|
|t:|1785167899
|move|p1b: Raichu|Zap Cannon|p2a: Tinkaton
|-damage|p2a: Tinkaton|34/100
|-status|p2a: Tinkaton|par
|-enditem|p2a: Tinkaton|Sitrus Berry|[eat]
|-heal|p2a: Tinkaton|59/100 par|[from] item: Sitrus Berry
|move|p2b: Rotom|Hydro Pump|p1b: Raichu
|-damage|p1b: Raichu|45/100
|move|p2a: Tinkaton|Gigaton Hammer|p1b: Raichu
|-resisted|p1b: Raichu|1
|-damage|p1b: Raichu|0 fnt
|faint|p1b: Raichu
|move|p1a: Kingambit|Kowtow Cleave|p2b: Rotom
|-damage|p2b: Rotom|29/100
|-damage|p1a: Kingambit|90/100|[from] item: Life Orb
|
|upkeep
|
|t:|1785167906
|switch|p1b: Sylveon|Sylveon, L50, F|100/100
|turn|8
|
|t:|1785167919
|move|p2a: Tinkaton|Protect|p2a: Tinkaton
|-singleturn|p2a: Tinkaton|Protect
|move|p2b: Rotom|Will-O-Wisp|p1a: Kingambit
|-status|p1a: Kingambit|brn
|move|p1b: Sylveon|Hyper Voice|p2b: Rotom|[spread] p2b
|-activate|p2a: Tinkaton|move: Protect
|-damage|p2b: Rotom|0 fnt
|faint|p2b: Rotom
|move|p1a: Kingambit|Kowtow Cleave|p2a: Tinkaton
|-activate|p2a: Tinkaton|move: Protect
|
|-damage|p1a: Kingambit|84/100 brn|[from] brn
|upkeep
|turn|9
|
|t:|1785167929
|move|p1b: Sylveon|Hyper Beam|p2a: Tinkaton
|-resisted|p2a: Tinkaton|1
|-damage|p2a: Tinkaton|6/100 par
|-mustrecharge|p1b: Sylveon
|move|p2a: Tinkaton|Gigaton Hammer|p1b: Sylveon
|-supereffective|p1b: Sylveon|1
|-damage|p1b: Sylveon|0 fnt
|faint|p1b: Sylveon
|move|p1a: Kingambit|Kowtow Cleave|p2a: Tinkaton
|-resisted|p2a: Tinkaton|1
|-damage|p2a: Tinkaton|0 fnt
|faint|p2a: Tinkaton
|-damage|p1a: Kingambit|74/100 brn|[from] item: Life Orb
|
|win|marillrag1
||1Manuel1410 is ready for game 3.
||marillrag1 is ready for game 3.
|uhtml|next|Next: Game 3 of 3
