|j|Ōśåuscorp
|j|Ōśåexessvgc
|html|uscorpexessvgc    
|uhtml|bestof|Game 2 of a best-of-3
|t:|1783945319
|gametype|doubles
|player|p1|uscorp|1|
|player|p2|exessvgc|lucas|
|gen|9
|tier|[Gen 9 Champions] VGC 2026 Reg M-B (Bo3)
|rule|Species Clause: Limit one of each Pok├®mon
|rule|Item Clause: Limit 1 of each item
|clearpoke
|poke|p1|Swampert, L50, M|
|poke|p1|Venusaur, L50, F|
|poke|p1|Pelipper, L50, M|
|poke|p1|Grimmsnarl, L50, M|
|poke|p1|Archaludon, L50, M|
|poke|p1|Gholdengo, L50|
|poke|p2|Archaludon, L50, F|
|poke|p2|Meganium, L50, M|
|poke|p2|Pelipper, L50, M|
|poke|p2|Basculegion, L50, M|
|poke|p2|Swampert, L50, M|
|poke|p2|Sableye, L50, M|
|teampreview|4
|showteam|p1|Swampert||Swampertite|Torrent|WaveCrash,FlipTurn,HighHorsepower,Protect|Adamant||M|||50|]Venusaur||Venusaurite|Chlorophyll|GigaDrain,SludgeBomb,EarthPower,Protect|Modest||F|||50|]Pelipper||FocusSash|Drizzle|Tailwind,WeatherBall,Hurricane,Protect|Timid||M|||50|]Grimmsnarl||LightClay|Prankster|Reflect,LightScreen,PartingShot,SpiritBreak|Careful||M|||50|]Archaludon||Leftovers|Stamina|ElectroShot,DragonPulse,FlashCannon,Protect|Calm||M|||50|]Gholdengo||ChoiceScarf|GoodasGold|Trick,MakeItRain,ShadowBall,PowerGem|Timid|||||50|
|showteam|p2|Archaludon||Leftovers|Stamina|AuraSphere,ElectroShot,DragonPulse,Protect|Calm||F|||50|]Meganium||Meganiumite|Overgrow|WeatherBall,SolarBeam,DazzlingGleam,Protect|Modest||M|||50|]Pelipper||FocusSash|Drizzle|WeatherBall,Tailwind,Protect,Hurricane|Modest||M|||50|]Basculegion||MysticWater|SwiftSwim|WaveCrash,AquaJet,LastRespects,FlipTurn|Adamant||M|||50|]Swampert||Swampertite|Torrent|HighHorsepower,WaveCrash,IcePunch,Protect|Adamant||M|||50|]Sableye||RoseliBerry|Prankster|WillOWisp,Reflect,LightScreen,Disable|Calm||M|||50|
|l|Ōśåexessvgc
|player|p2|
|j|Ōśåexessvgc
|player|p2|exessvgc|lucas|
|l|Ōśåexessvgc
|player|p2|
|j|Ōśåexessvgc
|player|p2|exessvgc|lucas|
|
|t:|1783945387
|teamsize|p1|4
|teamsize|p2|4
|start
|switch|p1a: Giudeo|Gholdengo, L50|100/100
|switch|p1b: Sesso guy|Grimmsnarl, L50, M|100/100
|switch|p2a: Archaludon|Archaludon, L50, F|100/100
|switch|p2b: Basculegion|Basculegion, L50, M|100/100
|turn|1
|l|Ōśåexessvgc
|player|p2|
|j|Ōśåexessvgc
|player|p2|exessvgc|lucas|
|l|Ōśåexessvgc
|player|p2|
|j|Ōśåexessvgc
|player|p2|exessvgc|lucas|
|l|Ōśåexessvgc
|player|p2|
|j|Ōśåexessvgc
|player|p2|exessvgc|lucas|
|l|Ōśåexessvgc
|player|p2|
|j|Ōśåexessvgc
|player|p2|exessvgc|lucas|
|l|Ōśåexessvgc
|player|p2|
|j|Ōśåexessvgc
|player|p2|exessvgc|lucas|
|
|t:|1783945532
|switch|p1a: Astrid|Archaludon, L50, M|100/100
|switch|p2a: Pelipper|Pelipper, L50, M|100/100
|-weather|RainDance|[from] ability: Drizzle|[of] p2a: Pelipper
|move|p1b: Sesso guy|Reflect|p1b: Sesso guy
|-sidestart|p1: uscorp|Reflect
|move|p2b: Basculegion|Flip Turn|p1a: Astrid
|-resisted|p1a: Astrid|1
|-damage|p1a: Astrid|87/100
|-ability|p1a: Astrid|Stamina|boost
|-boost|p1a: Astrid|def|1
|
|t:|1783945544
|switch|p2b: Meganium|Meganium, L50, M|100/100|[from] Flip Turn
|
|-weather|RainDance|[upkeep]
|-heal|p1a: Astrid|93/100|[from] item: Leftovers
|upkeep
|turn|2
|l|Ōśåexessvgc
|player|p2|
|j|Ōśåexessvgc
|player|p2|exessvgc|lucas|
|
|t:|1783945585
|detailschange|p2b: Meganium|Meganium-Mega, L50, M
|-mega|p2b: Meganium|Meganium|Meganiumite
|move|p1b: Sesso guy|Light Screen|p1b: Sesso guy
|-sidestart|p1: uscorp|move: Light Screen
|move|p2a: Pelipper|Weather Ball|p1b: Sesso guy
|-damage|p1b: Sesso guy|63/100
|move|p1a: Astrid|Electro Shot||[still]
|-prepare|p1a: Astrid|Electro Shot
|-boost|p1a: Astrid|spa|1
|-anim|p1a: Astrid|Electro Shot|p2a: Pelipper
|-supereffective|p2a: Pelipper|2
|-enditem|p2a: Pelipper|Focus Sash
|-damage|p2a: Pelipper|1/100
|move|p2b: Meganium|Dazzling Gleam|p1a: Astrid|[spread] p1a,p1b
|-supereffective|p1b: Sesso guy|1
|-damage|p1a: Astrid|70/100
|-damage|p1b: Sesso guy|23/100
|-ability|p1a: Astrid|Stamina|boost
|-boost|p1a: Astrid|def|1
|
|-weather|RainDance|[upkeep]
|-heal|p1a: Astrid|76/100|[from] item: Leftovers
|upkeep
|turn|3
|l|Ōśåexessvgc
|player|p2|
|j|Ōśåexessvgc
|player|p2|exessvgc|lucas|
|
|t:|1783945634
|switch|p2b: Archaludon|Archaludon, L50, F|100/100
|switch|p1b: Giudeo|Gholdengo, L50|100/100
|move|p2a: Pelipper|Hurricane|p1b: Giudeo
|-resisted|p1b: Giudeo|1
|-damage|p1b: Giudeo|82/100
|move|p1a: Astrid|Flash Cannon|p2b: Archaludon
|-resisted|p2b: Archaludon|1
|-damage|p2b: Archaludon|79/100
|-ability|p2b: Archaludon|Stamina|boost
|-boost|p2b: Archaludon|def|1
|
|-weather|RainDance|[upkeep]
|-heal|p1a: Astrid|82/100|[from] item: Leftovers
|-heal|p2b: Archaludon|85/100|[from] item: Leftovers
|upkeep
|turn|4
|l|Ōśåexessvgc
|player|p2|
|j|Ōśåexessvgc
|player|p2|exessvgc|lucas|
|
|t:|1783945668
|move|p2b: Archaludon|Protect|p2b: Archaludon
|-singleturn|p2b: Archaludon|Protect
|move|p1b: Giudeo|Shadow Ball|p2a: Pelipper
|-damage|p2a: Pelipper|0 fnt
|faint|p2a: Pelipper
|move|p1a: Astrid|Electro Shot||[still]
|-prepare|p1a: Astrid|Electro Shot
|-boost|p1a: Astrid|spa|1
|-anim|p1a: Astrid|Electro Shot|p2b: Archaludon
|-activate|p2b: Archaludon|move: Protect
|
|-weather|RainDance|[upkeep]
|-heal|p1a: Astrid|88/100|[from] item: Leftovers
|-heal|p2b: Archaludon|91/100|[from] item: Leftovers
|upkeep
|
|t:|1783945688
|switch|p2a: Basculegion|Basculegion, L50, M|100/100
|turn|5
|
|t:|1783945709
|move|p1b: Giudeo|Shadow Ball|p2a: Basculegion
|-supereffective|p2a: Basculegion|1
|-damage|p2a: Basculegion|5/100
|move|p2a: Basculegion|Wave Crash|p1b: Giudeo
|-damage|p1b: Giudeo|8/100
|-damage|p2a: Basculegion|0 fnt|[from] Recoil
|faint|p2a: Basculegion
|move|p1a: Astrid|Flash Cannon|p2b: Archaludon
|-resisted|p2b: Archaludon|1
|-damage|p2b: Archaludon|61/100
|-ability|p2b: Archaludon|Stamina|boost
|-boost|p2b: Archaludon|def|1
|move|p2b: Archaludon|Electro Shot||[still]
|-prepare|p2b: Archaludon|Electro Shot
|-boost|p2b: Archaludon|spa|1
|-anim|p2b: Archaludon|Electro Shot|p1b: Giudeo
|-damage|p1b: Giudeo|0 fnt
|faint|p1b: Giudeo
|
|-weather|none
|-heal|p1a: Astrid|94/100|[from] item: Leftovers
|-heal|p2b: Archaludon|68/100|[from] item: Leftovers
|upkeep
|l|Ōśåexessvgc
|player|p2|
|j|Ōśåexessvgc
|player|p2|exessvgc|lucas|
|
|t:|1783945734
|switch|p1b: Alastor|Venusaur, L50, F|100/100
|switch|p2a: Meganium|Meganium-Mega, L50, M|100/100
|turn|6
|l|Ōśåexessvgc
|player|p2|
|j|Ōśåexessvgc
|player|p2|exessvgc|lucas|
|
|t:|1783945778
|detailschange|p1b: Alastor|Venusaur-Mega, L50, F
|-mega|p1b: Alastor|Venusaur|Venusaurite
|move|p2a: Meganium|Protect|p2a: Meganium
|-singleturn|p2a: Meganium|Protect
|move|p1b: Alastor|Earth Power|p2b: Archaludon
|-supereffective|p2b: Archaludon|1
|-damage|p2b: Archaludon|11/100
|-ability|p2b: Archaludon|Stamina|boost
|-boost|p2b: Archaludon|def|1
|move|p1a: Astrid|Dragon Pulse|p2b: Archaludon
|-damage|p2b: Archaludon|0 fnt
|faint|p2b: Archaludon
|
|-heal|p1a: Astrid|100/100|[from] item: Leftovers
|upkeep
|turn|7
|l|Ōśåexessvgc
|player|p2|
|j|Ōśåexessvgc
|player|p2|exessvgc|lucas|
|l|Ōśåexessvgc
|player|p2|
|j|Ōśåexessvgc
|player|p2|exessvgc|lucas|
|
|t:|1783945873
|move|p1a: Astrid|Protect|p1a: Astrid
|-singleturn|p1a: Astrid|Protect
|move|p1b: Alastor|Earth Power|p1a: Astrid
|-activate|p1a: Astrid|move: Protect
|move|p2a: Meganium|Weather Ball|p1b: Alastor
|-supereffective|p1b: Alastor|1
|-damage|p1b: Alastor|63/100
|
|upkeep
|turn|8
|l|Ōśåexessvgc
|player|p2|
|j|Ōśåexessvgc
|player|p2|exessvgc|lucas|
|l|Ōśåexessvgc
|player|p2|
|j|Ōśåexessvgc
|player|p2|exessvgc|lucas|
|l|Ōśåexessvgc
|player|p2|
|inactive|Battle timer is ON: inactive players will automatically lose when time's up. (requested by uscorp)
|l|Ōśåuscorp
|inactive|uscorp disconnected and has 300 seconds to reconnect!
|player|p1|
|inactive|exessvgc has 270 seconds to reconnect!
|inactive|exessvgc has 240 seconds to reconnect!
|inactive|exessvgc has 210 seconds to reconnect!
|j|Ōśåuscorp
|inactive|uscorp reconnected.
|player|p1|uscorp|1|
|inactive|exessvgc has 180 seconds to reconnect!
|inactive|exessvgc has 150 seconds to reconnect!
|inactive|exessvgc has 120 seconds to reconnect!
|inactive|exessvgc has 90 seconds to reconnect!
|inactive|exessvgc has 60 seconds to reconnect!
|inactive|exessvgc has 30 seconds to reconnect!
|inactive|exessvgc has 20 seconds to reconnect!
|inactive|exessvgc has 15 seconds to reconnect!
|inactive|exessvgc has 10 seconds to reconnect!
|inactive|exessvgc has 5 seconds to reconnect!
|-message|exessvgc lost due to inactivity.
|
|win|uscorp
