|j|☆pepethegoatscrote
|j|☆tryson69
|html|pepethegoatscrotetryson69    
|uhtml|bestof|Game 2 of a best-of-3
|t:|1783963222
|gametype|doubles
|player|p1|pepethegoatscrote|170|1145
|player|p2|tryson69|crasherwake|1365
|gen|9
|tier|[Gen 9 Champions] VGC 2026 Reg M-B (Bo3)
|rated|
|rule|Species Clause: Limit one of each Pokémon
|rule|Item Clause: Limit 1 of each item
|clearpoke
|poke|p1|Charizard, L50, F|
|poke|p1|Aerodactyl, L50, F|
|poke|p1|Garchomp, L50, M|
|poke|p1|Sylveon, L50, M|
|poke|p1|Farigiraf, L50, M|
|poke|p1|Kingambit, L50, F|
|poke|p2|Raichu, L50, M|
|poke|p2|Gholdengo, L50|
|poke|p2|Garchomp, L50, F|
|poke|p2|Incineroar, L50, F|
|poke|p2|Milotic, L50, M|
|poke|p2|Whimsicott, L50, M|
|teampreview|4
|showteam|p1|Charizard||CharizarditeY|Blaze|HeatWave,WeatherBall,SolarBeam,Protect|Modest||F|||50|]Aerodactyl||Aerodactylite|Unnerve|RockSlide,DualWingbeat,IceFang,Tailwind|Jolly||F|||50|]Garchomp||LifeOrb|RoughSkin|DragonClaw,Earthquake,RockSlide,Protect|Jolly||M|||50|]Sylveon||FairyFeather|Pixilate|HyperVoice,HyperBeam,QuickAttack,Detect|Modest||M|||50|]Farigiraf||SitrusBerry|ArmorTail|Psychic,Thunderbolt,TrickRoom,Protect|Bold||M|||50|]Kingambit||FocusSash|Defiant|KowtowCleave,IronHead,SuckerPunch,LowKick|Adamant||F|||50|
|showteam|p2|Raichu||RaichuniteY|LightningRod|ZapCannon,FocusBlast,Protect,FakeOut|Timid||M|||50|]Gholdengo||SpellTag|GoodasGold|NastyPlot,ShadowBall,Protect,MakeItRain|Modest|||||50|]Garchomp||LifeOrb|RoughSkin|Earthquake,RockSlide,Protect,DragonClaw|Adamant||F|||50|]Incineroar||BlackGlasses|Intimidate|FakeOut,FlareBlitz,DarkestLariat,PartingShot|Impish||F|||50|]Milotic||Leftovers|Competitive|Coil,Hypnosis,Recover,Scald|Bold||M|||50|]Whimsicott||FocusSash|Prankster|Tailwind,Moonblast,Encore,Protect|Timid||M|||50|
|
|t:|1783963246
|teamsize|p1|4
|teamsize|p2|4
|start
|switch|p1a: Aerodactyl|Aerodactyl, L50, F|100/100
|switch|p1b: Garchomp|Garchomp, L50, M|100/100
|switch|p2a: Raichu|Raichu, L50, M|100/100
|switch|p2b: Garchomp|Garchomp, L50, F|100/100
|-ability|p1a: Aerodactyl|Unnerve
|turn|1
|
|t:|1783963266
|switch|p2b: Mr Cat|Incineroar, L50, F|100/100
|-ability|p2b: Mr Cat|Intimidate|boost
|-unboost|p1a: Aerodactyl|atk|1
|-unboost|p1b: Garchomp|atk|1
|detailschange|p1a: Aerodactyl|Aerodactyl-Mega, L50, F
|-mega|p1a: Aerodactyl|Aerodactyl|Aerodactylite
|detailschange|p2a: Raichu|Raichu-Mega-Y, L50, M
|-mega|p2a: Raichu|Raichu|Raichunite Y
|move|p1a: Aerodactyl|Tailwind|p1a: Aerodactyl
|-sidestart|p1: pepethegoatscrote|move: Tailwind
|move|p1b: Garchomp|Dragon Claw|p2b: Mr Cat
|-damage|p2b: Mr Cat|68/100
|-damage|p1b: Garchomp|90/100|[from] item: Life Orb
|move|p2a: Raichu|Zap Cannon|p1a: Aerodactyl
|-supereffective|p1a: Aerodactyl|1
|-damage|p1a: Aerodactyl|0 fnt
|faint|p1a: Aerodactyl
|
|upkeep
|
|t:|1783963279
|switch|p1a: Charizard|Charizard, L50, F|100/100
|turn|2
|
|t:|1783963295
|move|p1b: Garchomp|Protect|p1b: Garchomp
|-singleturn|p1b: Garchomp|Protect
|move|p1a: Charizard|Protect|p1a: Charizard
|-singleturn|p1a: Charizard|Protect
|move|p2a: Raichu|Protect|p2a: Raichu
|-singleturn|p2a: Raichu|Protect
|move|p2b: Mr Cat|Parting Shot|p1b: Garchomp
|-activate|p1b: Garchomp|move: Protect
|
|upkeep
|turn|3
|
|t:|1783963308
|switch|p1a: Sylveon|Sylveon, L50, M|100/100
|switch|p2a: Garchomp|Garchomp, L50, F|100/100
|move|p1b: Garchomp|Earthquake|p2b: Mr Cat|[spread] p1a,p2a,p2b
|-supereffective|p2b: Mr Cat|1
|-damage|p1a: Sylveon|63/100
|-damage|p2a: Garchomp|73/100
|-damage|p2b: Mr Cat|16/100
|-damage|p1b: Garchomp|80/100|[from] item: Life Orb
|move|p2b: Mr Cat|Parting Shot|p1b: Garchomp
|-unboost|p1b: Garchomp|atk|1
|-unboost|p1b: Garchomp|spa|1
|
|t:|1783963319
|switch|p2b: Gholdengo|Gholdengo, L50|100/100|[from] Parting Shot
|
|upkeep
|turn|4
|
|t:|1783963330
|switch|p2a: Mr Cat|Incineroar, L50, F|16/100
|-ability|p2a: Mr Cat|Intimidate|boost
|-unboost|p1a: Sylveon|atk|1
|-unboost|p1b: Garchomp|atk|1
|move|p1a: Sylveon|Detect|p1a: Sylveon
|-singleturn|p1a: Sylveon|Protect
|move|p1b: Garchomp|Earthquake|p2b: Gholdengo|[spread] p2a,p2b
|-activate|p1a: Sylveon|move: Protect
|-supereffective|p2a: Mr Cat|1
|-supereffective|p2b: Gholdengo|1
|-damage|p2a: Mr Cat|0 fnt
|-damage|p2b: Gholdengo|62/100
|faint|p2a: Mr Cat
|-damage|p1b: Garchomp|70/100|[from] item: Life Orb
|move|p2b: Gholdengo|Make It Rain|p1a: Sylveon|[spread] p1b
|-activate|p1a: Sylveon|move: Protect
|-damage|p1b: Garchomp|15/100
|-unboost|p2b: Gholdengo|spa|2
|
|-sideend|p1: pepethegoatscrote|move: Tailwind
|upkeep
|
|t:|1783963344
|switch|p2a: Raichu|Raichu-Mega-Y, L50, M|100/100
|turn|5
|inactive|Battle timer is ON: inactive players will automatically lose when time's up. (requested by tryson69)
|
|t:|1783963362
|switch|p1a: Charizard|Charizard, L50, F|100/100
|move|p2a: Raichu|Focus Blast|p1b: Garchomp
|-damage|p1b: Garchomp|0 fnt
|faint|p1b: Garchomp
|move|p2b: Gholdengo|Make It Rain|p1a: Charizard
|-resisted|p1a: Charizard|1
|-damage|p1a: Charizard|82/100
|-unboost|p2b: Gholdengo|spa|2
|
|upkeep
|
|t:|1783963370
|switch|p1b: Sylveon|Sylveon, L50, M|63/100
|turn|6
|
|t:|1783963378
|move|p2a: Raichu|Protect|p2a: Raichu
|-singleturn|p2a: Raichu|Protect
|move|p2b: Gholdengo|Protect|p2b: Gholdengo
|-singleturn|p2b: Gholdengo|Protect
|move|p1a: Charizard|Heat Wave|p2a: Raichu|[spread] 
|-activate|p2a: Raichu|move: Protect
|-activate|p2b: Gholdengo|move: Protect
|move|p1b: Sylveon|Hyper Voice|p2b: Gholdengo|[spread] 
|-activate|p2a: Raichu|move: Protect
|-activate|p2b: Gholdengo|move: Protect
|
|upkeep
|turn|7
|
|t:|1783963395
|move|p2a: Raichu|Zap Cannon|p1a: Charizard
|-supereffective|p1a: Charizard|1
|-damage|p1a: Charizard|0 fnt
|faint|p1a: Charizard
|move|p2b: Gholdengo|Make It Rain|p1b: Sylveon
|-supereffective|p1b: Sylveon|1
|-crit|p1b: Sylveon
|-damage|p1b: Sylveon|0 fnt
|-unboost|p2b: Gholdengo|spa|2
|faint|p1b: Sylveon
|
|win|tryson69
|raw|pepethegoatscrote's rating: 1145 → 1134(-11 for losing)
|raw|tryson69's rating: 1365 → 1374(+9 for winning)
|l|☆pepethegoatscrote
|player|p1|
