|j|☆penjamin calling
|j|☆ICarvicoBoys
|html|penjamin callingICarvicoBoys    
|uhtml|bestof|Game 2 of a best-of-3
|t:|1756222975
|gametype|doubles
|player|p1|penjamin calling|benga|1168
|player|p2|ICarvicoBoys|1|1211
|gen|9
|tier|[Gen 9] VGC 2025 Reg H (Bo3)
|rated|
|rule|Species Clause: Limit one of each Pokémon
|rule|Item Clause: Limit 1 of each item
|clearpoke
|poke|p1|Garchomp, L50, M|
|poke|p1|Weezing-Galar, L50, M|
|poke|p1|Corviknight, L50, F|
|poke|p1|Typhlosion-Hisui, L50, M|
|poke|p1|Toedscruel, L50, M|
|poke|p1|Porygon-Z, L50|
|poke|p2|Gholdengo, L50|
|poke|p2|Sneasler, L50, M|
|poke|p2|Rillaboom, L50, M|
|poke|p2|Dragonite, L50, F|
|poke|p2|Ninetales-Alola, L50, F|
|poke|p2|Arcanine-Hisui, L50, M|
|teampreview|4
|showteam|p1|Garchomp||LifeOrb|RoughSkin|StompingTantrum,Earthquake,DragonClaw,Protect|||M|||50|,,,,,Ground]Weezing-Galar||ChoiceSpecs|NeutralizingGas|DazzlingGleam,SludgeBomb,StrangeSteam,Flamethrower|||M|||50|,,,,,Fire]Corviknight||SitrusBerry|MirrorArmor|BraveBird,Tailwind,Roost,Protect|||F|||50|,,,,,Dragon]Typhlosion-Hisui||ChoiceScarf|Blaze|Eruption,SleepTalk,HeatWave,ShadowBall|||M|||50|,,,,,Fire]Toedscruel||CovertCloak|MyceliumMight|Spore,EarthPower,AcidSpray,RagePowder|||M|||50|,,,,,Water]Porygon-Z||FocusSash|Download|TeraBlast,ShadowBall,IceBeam,Protect||||||50|,,,,,Fighting
|showteam|p2|Gholdengo||GrassySeed|GoodasGold|NastyPlot,MakeItRain,ShadowBall,Protect||||||50|,,,,,Water]Sneasler||WhiteHerb|Unburden|CloseCombat,DireClaw,Coaching,Protect|||M|||50|,,,,,Ghost]Rillaboom||AssaultVest|GrassySurge|FakeOut,GrassyGlide,DrumBeating,HighHorsepower|||M|||50|,,,,,Fire]Dragonite||LoadedDice|Multiscale|ScaleShot,Haze,StompingTantrum,Protect|||F|||50|,,,,,Ground]Ninetales-Alola||FocusSash|SnowWarning|Blizzard,IcyWind,Encore,AuroraVeil|||F|||50|,,,,,Ghost]Arcanine-Hisui||ClearAmulet|Intimidate|RockSlide,FlareBlitz,ExtremeSpeed,Protect|||M|||50|,,,,,Water
|
|t:|1756223021
|teamsize|p1|4
|teamsize|p2|4
|start
|switch|p1a: Weezing|Weezing-Galar, L50, M|100/100
|switch|p1b: Typhlosion|Typhlosion-Hisui, L50, M|100/100
|switch|p2a: Rillaboom|Rillaboom, L50, M|100/100
|switch|p2b: Ninetales|Ninetales-Alola, L50, F|100/100
|-ability|p1a: Weezing|Neutralizing Gas
|turn|1
|
|t:|1756223054
|-terastallize|p2a: Rillaboom|Fire
|move|p1b: Typhlosion|Eruption|p2b: Ninetales|[spread] p2a,p2b
|-resisted|p2a: Rillaboom
|-supereffective|p2b: Ninetales
|-damage|p2a: Rillaboom|77/100
|-enditem|p2b: Ninetales|Focus Sash
|-damage|p2b: Ninetales|1/100
|move|p2b: Ninetales|Icy Wind|p1b: Typhlosion|[spread] p1a,p1b
|-resisted|p1b: Typhlosion
|-damage|p1a: Weezing|77/100
|-damage|p1b: Typhlosion|89/100
|-unboost|p1a: Weezing|spe|1
|-unboost|p1b: Typhlosion|spe|1
|move|p2a: Rillaboom|High Horsepower|p1b: Typhlosion
|-supereffective|p1b: Typhlosion
|-damage|p1b: Typhlosion|0 fnt
|faint|p1b: Typhlosion
|move|p1a: Weezing|Sludge Bomb|p2a: Rillaboom
|-damage|p2a: Rillaboom|33/100
|
|upkeep
|
|t:|1756223073
|switch|p1b: Corviknight|Corviknight, L50, F|100/100
|turn|2
|
|t:|1756223089
|move|p2b: Ninetales|Blizzard|p1b: Corviknight|[spread] p1a
|-miss|p2b: Ninetales|p1b: Corviknight
|-damage|p1a: Weezing|29/100
|move|p2a: Rillaboom|High Horsepower|p1a: Weezing
|-supereffective|p1a: Weezing
|-crit|p1a: Weezing
|-damage|p1a: Weezing|0 fnt
|faint|p1a: Weezing
|-end|p1a: Weezing|ability: Neutralizing Gas
|-weather|Snowscape|[from] ability: Snow Warning|[of] p2b: Ninetales
|-fieldstart|move: Grassy Terrain|[from] ability: Grassy Surge|[of] p2a: Rillaboom
|move|p1b: Corviknight|Tailwind|p1b: Corviknight
|-sidestart|p1: penjamin calling|move: Tailwind
|
|-weather|Snowscape|[upkeep]
|-heal|p2b: Ninetales|7/100|[from] Grassy Terrain
|-heal|p2a: Rillaboom|39/100|[from] Grassy Terrain
|upkeep
|
|t:|1756223096
|switch|p1a: Porygon-Z|Porygon-Z, L50, shiny|100/100
|-ability|p1a: Porygon-Z|Download|boost
|-boost|p1a: Porygon-Z|atk|1
|turn|3
|
|t:|1756223121
|switch|p2a: Gholdengo|Gholdengo, L50|100/100
|-enditem|p2a: Gholdengo|Grassy Seed
|-boost|p2a: Gholdengo|def|1|[from] item: Grassy Seed
|move|p1a: Porygon-Z|Protect|p1a: Porygon-Z
|-singleturn|p1a: Porygon-Z|Protect
|move|p1b: Corviknight|Brave Bird|p2a: Gholdengo
|-resisted|p2a: Gholdengo
|-damage|p2a: Gholdengo|87/100
|-damage|p1b: Corviknight|96/100|[from] Recoil
|move|p2b: Ninetales|Icy Wind|p1b: Corviknight|[spread] p1b
|-activate|p1a: Porygon-Z|move: Protect
|-damage|p1b: Corviknight|81/100
|-ability|p1b: Corviknight|Mirror Armor
|-unboost|p2b: Ninetales|spe|1
|
|-weather|Snowscape|[upkeep]
|-heal|p2a: Gholdengo|93/100|[from] Grassy Terrain
|-heal|p2b: Ninetales|13/100|[from] Grassy Terrain
|upkeep
|turn|4
|
|t:|1756223141
|switch|p2a: Rillaboom|Rillaboom, L50, M, tera:Fire|39/100
|move|p1a: Porygon-Z|Shadow Ball|p2a: Rillaboom
|-damage|p2a: Rillaboom|15/100
|move|p1b: Corviknight|Brave Bird|p2b: Ninetales
|-damage|p2b: Ninetales|0 fnt
|faint|p2b: Ninetales
|-damage|p1b: Corviknight|79/100|[from] Recoil
|
|-weather|Snowscape|[upkeep]
|-heal|p2a: Rillaboom|21/100|[from] Grassy Terrain
|upkeep
|
|t:|1756223159
|switch|p2b: Dragonite|Dragonite, L50, F|100/100
|turn|5
|inactive|Battle timer is ON: inactive players will automatically lose when time's up. (requested by ICarvicoBoys)
|
|t:|1756223201
|move|p2a: Rillaboom|Fake Out|p1a: Porygon-Z
|-damage|p1a: Porygon-Z|80/100
|cant|p1a: Porygon-Z|flinch
|move|p1b: Corviknight|Brave Bird|p2b: Dragonite
|-damage|p2b: Dragonite|75/100
|-damage|p1b: Corviknight|72/100|[from] Recoil
|move|p2b: Dragonite|Scale Shot|p1a: Porygon-Z|[miss]
|-miss|p2b: Dragonite|p1a: Porygon-Z
|
|-weather|Snowscape|[upkeep]
|-heal|p1a: Porygon-Z|87/100|[from] Grassy Terrain
|-heal|p2a: Rillaboom|26/100|[from] Grassy Terrain
|-sideend|p1: penjamin calling|move: Tailwind
|upkeep
|turn|6
|
|t:|1756223219
|switch|p2b: Gholdengo|Gholdengo, L50|93/100
|move|p1a: Porygon-Z|Protect|p1a: Porygon-Z
|-singleturn|p1a: Porygon-Z|Protect
|move|p2a: Rillaboom|Drum Beating|p1a: Porygon-Z
|-activate|p1a: Porygon-Z|move: Protect
|move|p1b: Corviknight|Tailwind|p1b: Corviknight
|-sidestart|p1: penjamin calling|move: Tailwind
|
|-weather|none
|-heal|p1a: Porygon-Z|93/100|[from] Grassy Terrain
|-heal|p2a: Rillaboom|32/100|[from] Grassy Terrain
|-heal|p2b: Gholdengo|99/100|[from] Grassy Terrain
|-fieldend|move: Grassy Terrain
|upkeep
|turn|7
|inactive|penjamin calling has 30 seconds left.
|
|t:|1756223247
|move|p1a: Porygon-Z|Shadow Ball|p2b: Gholdengo
|-supereffective|p2b: Gholdengo
|-damage|p2b: Gholdengo|43/100
|move|p1b: Corviknight|Brave Bird|p2a: Rillaboom
|-damage|p2a: Rillaboom|0 fnt
|faint|p2a: Rillaboom
|-damage|p1b: Corviknight|62/100|[from] Recoil
|move|p2b: Gholdengo|Make It Rain|p1a: Porygon-Z|[spread] p1a,p1b
|-resisted|p1b: Corviknight
|-damage|p1a: Porygon-Z|35/100
|-damage|p1b: Corviknight|43/100
|-unboost|p2b: Gholdengo|spa|1
|-enditem|p1b: Corviknight|Sitrus Berry|[eat]
|-heal|p1b: Corviknight|68/100|[from] item: Sitrus Berry
|
|upkeep
|
|t:|1756223258
|switch|p2a: Dragonite|Dragonite, L50, F|75/100
|turn|8
|inactive|penjamin calling has 30 seconds left.
|
|t:|1756223290
|move|p1a: Porygon-Z|Ice Beam|p2a: Dragonite
|-supereffective|p2a: Dragonite
|-damage|p2a: Dragonite|0 fnt
|faint|p2a: Dragonite
|move|p1b: Corviknight|Brave Bird|p2b: Gholdengo
|-resisted|p2b: Gholdengo
|-damage|p2b: Gholdengo|21/100
|-damage|p1b: Corviknight|61/100|[from] Recoil
|move|p2b: Gholdengo|Make It Rain|p1b: Corviknight|[spread] p1a,p1b
|-resisted|p1b: Corviknight
|-damage|p1a: Porygon-Z|0 fnt
|-damage|p1b: Corviknight|47/100
|-unboost|p2b: Gholdengo|spa|1
|faint|p1a: Porygon-Z
|
|upkeep
|turn|9
|
|t:|1756223310
|move|p1b: Corviknight|Roost|p1b: Corviknight
|-heal|p1b: Corviknight|98/100
|-singleturn|p1b: Corviknight|move: Roost
|move|p2b: Gholdengo|Nasty Plot|p2b: Gholdengo
|-boost|p2b: Gholdengo|spa|2
|
|-sideend|p1: penjamin calling|move: Tailwind
|upkeep
|turn|10
|
|t:|1756223318
|move|p2b: Gholdengo|Nasty Plot|p2b: Gholdengo
|-boost|p2b: Gholdengo|spa|2
|move|p1b: Corviknight|Tailwind|p1b: Corviknight
|-sidestart|p1: penjamin calling|move: Tailwind
|
|upkeep
|turn|11
|
|t:|1756223326
|move|p2b: Gholdengo|Protect|p2b: Gholdengo
|-singleturn|p2b: Gholdengo|Protect
|move|p1b: Corviknight|Brave Bird|p2b: Gholdengo
|-activate|p2b: Gholdengo|move: Protect
|
|upkeep
|turn|12
|
|t:|1756223330
|move|p1b: Corviknight|Brave Bird|p2b: Gholdengo
|-resisted|p2b: Gholdengo
|-damage|p2b: Gholdengo|0 fnt
|faint|p2b: Gholdengo
|-damage|p1b: Corviknight|91/100|[from] Recoil
|
|win|penjamin calling
|raw|penjamin calling's rating: 1168 → 1196(+28 for winning)
|raw|ICarvicoBoys's rating: 1211 → 1183(-28 for losing)
|l|☆ICarvicoBoys
|player|p2|
