|j|☆heatvw
|j|☆sqwrlyd00d
|html|heatvwsqwrlyd00d    
|uhtml|bestof|Game 1 of a best-of-3
|t:|1756948878
|gametype|doubles
|player|p1|heatvw|gambler|1145
|player|p2|sqwrlyd00d|102|1049
|gen|9
|tier|[Gen 9] VGC 2025 Reg H (Bo3)
|rated|
|rule|Species Clause: Limit one of each Pokémon
|rule|Item Clause: Limit 1 of each item
|clearpoke
|poke|p1|Flamigo, L50, M|
|poke|p1|Ninetales-Alola, L50, M|
|poke|p1|Garchomp, L50, M|
|poke|p1|Incineroar, L50, F|
|poke|p1|Amoonguss, L50, F|
|poke|p1|Kingambit, L50, M|
|poke|p2|Amoonguss, L50, F|
|poke|p2|Sneasler, L50, F|
|poke|p2|Gholdengo, L50|
|poke|p2|Incineroar, L50, M|
|poke|p2|Ursaluna-Bloodmoon, L50, M|
|poke|p2|Dragonite, L50, F|
|teampreview|4
|showteam|p1|Flamigo||ChoiceBand|Scrappy|Uturn,CloseCombat,BraveBird,Facade|||M|||50|,,,,,Stellar]Ninetales-Alola||FocusSash|SnowWarning|Protect,Encore,IcyWind,Blizzard|||M|||50|,,,,,Ghost]Garchomp||LifeOrb|RoughSkin|DragonClaw,StompingTantrum,Earthquake,Protect|||M|||50|,,,,,Ground]Incineroar||SafetyGoggles|Intimidate|FakeOut,FlareBlitz,KnockOff,PartingShot|||F|||50|,,,,,Ghost]Amoonguss||SitrusBerry|Regenerator|Spore,RagePowder,PollenPuff,Protect|||F|||50|,,,,,Water]Kingambit||AssaultVest|Defiant|KowtowCleave,IronHead,LowKick,SuckerPunch|||M|||50|,,,,,Fire
|showteam|p2|Amoonguss||SitrusBerry|Regenerator|RagePowder,Spore,PollenPuff,Protect|||F|||50|,,,,,Psychic]Sneasler||FocusSash|Unburden|Protect,DireClaw,CloseCombat,ThroatChop|||F|||50|,,,,,Stellar]Gholdengo||LifeOrb|GoodasGold|Protect,MakeItRain,ShadowBall,NastyPlot||||||50|,,,,,Water]Incineroar||SafetyGoggles|Intimidate|KnockOff,PartingShot,FlareBlitz,FakeOut|||M|||50|,,,,,Ghost]Ursaluna-Bloodmoon||AssaultVest|MindsEye|BloodMoon,EarthPower,VacuumWave,HyperVoice|||M|||50|,,,,,Water]Dragonite||LoadedDice|Multiscale|ScaleShot,Tailwind,Haze,Protect|||F|||50|,,,,,Fairy
|inactive|Battle timer is ON: inactive players will automatically lose when time's up. (requested by heatvw)
|inactive|sqwrlyd00d has 60 seconds left.
|
|t:|1756948925
|teamsize|p1|4
|teamsize|p2|4
|start
|switch|p1a: Garchomp|Garchomp, L50, M, shiny|100/100
|switch|p1b: Flamigo|Flamigo, L50, M, shiny|100/100
|switch|p2a: 8|Sneasler, L50, F|100/100
|switch|p2b: Golden Wind|Dragonite, L50, F|100/100
|turn|1
|inactive|heatvw has 30 seconds left.
|inactive|sqwrlyd00d has 30 seconds left.
|
|t:|1756948955
|-terastallize|p2b: Golden Wind|Fairy
|move|p2a: 8|Protect|p2a: 8
|-singleturn|p2a: 8|Protect
|move|p1a: Garchomp|Dragon Claw|p2a: 8
|-activate|p2a: 8|move: Protect
|move|p1b: Flamigo|Brave Bird|p2b: Golden Wind
|-damage|p2b: Golden Wind|52/100
|-damage|p1b: Flamigo|84/100|[from] Recoil
|move|p2b: Golden Wind|Scale Shot|p1b: Flamigo
|-damage|p1b: Flamigo|63/100
|-damage|p1b: Flamigo|40/100
|-damage|p1b: Flamigo|19/100
|-damage|p1b: Flamigo|0 fnt
|faint|p1b: Flamigo
|-hitcount|p1: Flamigo|4
|-unboost|p2b: Golden Wind|def|1
|-boost|p2b: Golden Wind|spe|1
|
|upkeep
|
|t:|1756948961
|switch|p1b: Incineroar|Incineroar, L50, F, shiny|100/100
|-ability|p1b: Incineroar|Intimidate|boost
|-unboost|p2a: 8|atk|1
|-unboost|p2b: Golden Wind|atk|1
|turn|2
|inactive|heatvw has 30 seconds left.
|inactive|sqwrlyd00d has 30 seconds left.
|inactive|heatvw has 20 seconds left.
|
|t:|1756948996
|switch|p2a: Zzzzzzzz|Amoonguss, L50, F|100/100
|-terastallize|p1b: Incineroar|Ghost
|move|p2b: Golden Wind|Protect|p2b: Golden Wind
|-singleturn|p2b: Golden Wind|Protect
|move|p1a: Garchomp|Stomping Tantrum|p2a: Zzzzzzzz
|-damage|p2a: Zzzzzzzz|59/100
|-damage|p1a: Garchomp|91/100|[from] item: Life Orb
|move|p1b: Incineroar|Flare Blitz|p2a: Zzzzzzzz
|-supereffective|p2a: Zzzzzzzz
|-damage|p2a: Zzzzzzzz|0 fnt
|faint|p2a: Zzzzzzzz
|-damage|p1b: Incineroar|79/100|[from] Recoil
|
|upkeep
|inactive|sqwrlyd00d has 30 seconds left.
|
|t:|1756949024
|switch|p2a: 8|Sneasler, L50, F|100/100
|turn|3
|inactive|sqwrlyd00d has 30 seconds left.
|inactive|sqwrlyd00d has 20 seconds left.
|
|t:|1756949064
|switch|p1a: Ninetales|Ninetales-Alola, L50, M|100/100
|-weather|Snowscape|[from] ability: Snow Warning|[of] p1a: Ninetales
|move|p2a: 8|Protect|p2a: 8
|-singleturn|p2a: 8|Protect
|move|p2b: Golden Wind|Tailwind|p2b: Golden Wind
|-sidestart|p2: sqwrlyd00d|move: Tailwind
|move|p1b: Incineroar|Flare Blitz|p2b: Golden Wind
|-damage|p2b: Golden Wind|0 fnt
|faint|p2b: Golden Wind
|-damage|p1b: Incineroar|65/100|[from] Recoil
|
|-weather|Snowscape|[upkeep]
|upkeep
|
|t:|1756949074
|switch|p2b: Tony|Ursaluna-Bloodmoon, L50, M|100/100
|turn|4
|
|t:|1756949097
|move|p1a: Ninetales|Protect|p1a: Ninetales
|-singleturn|p1a: Ninetales|Protect
|move|p2a: 8|Dire Claw|p1a: Ninetales
|-activate|p1a: Ninetales|move: Protect
|move|p2b: Tony|Blood Moon|p1b: Incineroar
|-damage|p1b: Incineroar|0 fnt
|faint|p1b: Incineroar
|
|-weather|Snowscape|[upkeep]
|upkeep
|
|t:|1756949106
|switch|p1b: Garchomp|Garchomp, L50, M, shiny|91/100
|turn|5
|
|t:|1756949124
|move|p2a: 8|Dire Claw|p1a: Ninetales
|-supereffective|p1a: Ninetales
|-damage|p1a: Ninetales|12/100
|-status|p1a: Ninetales|slp
|cant|p1a: Ninetales|slp
|move|p1b: Garchomp|Stomping Tantrum|p2a: 8
|-supereffective|p2a: 8
|-enditem|p2a: 8|Focus Sash
|-damage|p2a: 8|1/100
|-damage|p1b: Garchomp|81/100|[from] item: Life Orb
|move|p2b: Tony|Hyper Voice|p1a: Ninetales|[spread] p1a,p1b
|-crit|p1a: Ninetales
|-damage|p1a: Ninetales|0 fnt
|-damage|p1b: Garchomp|38/100
|faint|p1a: Ninetales
|
|-weather|Snowscape|[upkeep]
|upkeep
|turn|6
|
|t:|1756949136
|move|p1b: Garchomp|Protect|p1b: Garchomp
|-singleturn|p1b: Garchomp|Protect
|move|p2a: 8|Close Combat|p1b: Garchomp
|-activate|p1b: Garchomp|move: Protect
|move|p2b: Tony|Earth Power|p1b: Garchomp
|-activate|p1b: Garchomp|move: Protect
|
|-weather|Snowscape|[upkeep]
|-sideend|p2: sqwrlyd00d|move: Tailwind
|upkeep
|turn|7
|
|t:|1756949142
|move|p2a: 8|Close Combat|p1b: Garchomp
|-damage|p1b: Garchomp|0 fnt
|-unboost|p2a: 8|def|1
|-unboost|p2a: 8|spd|1
|-damage|p2a: 8|0 fnt|[from] ability: Rough Skin|[of] p1b: Garchomp
|faint|p1b: Garchomp
|faint|p2a: 8
|
|win|sqwrlyd00d
||sqwrlyd00d is ready for game 2.
||heatvw is ready for game 2.
|uhtml|next|Next: Game 2 of 3
|l|☆sqwrlyd00d
|player|p2|
