|j|☆saboyita
|j|☆AnotherDreamer
|html|saboyitaAnotherDreamer    
|uhtml|bestof|Game 2 of a best-of-3
|t:|1756335395
|gametype|doubles
|player|p1|saboyita|grimsley|1093
|player|p2|AnotherDreamer|2|1130
|gen|9
|tier|[Gen 9] VGC 2025 Reg H (Bo3)
|rated|
|rule|Species Clause: Limit one of each Pokémon
|rule|Item Clause: Limit 1 of each item
|clearpoke
|poke|p1|Amoonguss, L50, F|
|poke|p1|Hydreigon, L50, F|
|poke|p1|Whimsicott, L50, F|
|poke|p1|Maushold-Four, L50|
|poke|p1|Annihilape, L50, M|
|poke|p1|Ursaluna-Bloodmoon, L50, M|
|poke|p2|Electabuzz, L50, M|
|poke|p2|Kingambit, L50, F|
|poke|p2|Volcarona, L50, F|
|poke|p2|Dragonite, L50, M|
|poke|p2|Sneasler, L50, F|
|poke|p2|Rillaboom, L50, M|
|teampreview|4
|showteam|p1|Amoonguss||MentalHerb|Regenerator|ClearSmog,Spore,RagePowder,Protect|||F|||50|,,,,,Water]Hydreigon||ChoiceSpecs|Levitate|Snarl,HeatWave,DarkPulse,DracoMeteor|||F|||50|,,,,,Ghost]Whimsicott||CovertCloak|Prankster|BeatUp,Encore,HelpingHand,Tailwind|||F|||50|,,,,,Dark]Maushold-Four||WideLens|Technician|PopulationBomb,Taunt,FollowMe,Protect||||||50|,,,,,Ghost]Annihilape||Leftovers|Defiant|RageFist,CloseCombat,FinalGambit,Protect|||M|||50|,,,,,Water]Ursaluna-Bloodmoon||LifeOrb|MindsEye|HyperVoice,EarthPower,BloodMoon,Protect|||M|||50|,,,,,Water
|showteam|p2|Electabuzz||Eviolite|VitalSpirit|FollowMe,Thunderbolt,Taunt,Protect|||M|||50|,,,,,Ghost]Kingambit||BlackGlasses|Defiant|KowtowCleave,SuckerPunch,SwordsDance,Protect|||F|||50|,,,,,Dark]Volcarona||Leftovers|FlameBody|HeatWave,TeraBlast,QuiverDance,Protect|||F|||50|,,,,,Fairy]Dragonite||LoadedDice|Multiscale|ScaleShot,ExtremeSpeed,Haze,Protect|||M|||50|,,,,,Fairy]Sneasler||FocusSash|Unburden|DireClaw,CloseCombat,Coaching,FakeOut|||F|||50|,,,,,Stellar]Rillaboom||AssaultVest|GrassySurge|FakeOut,WoodHammer,GrassyGlide,HighHorsepower|||M|||50|,,,,,Fire
|inactive|Battle timer is ON: inactive players will automatically lose when time's up. (requested by saboyita)
|
|t:|1756335415
|teamsize|p1|4
|teamsize|p2|4
|start
|switch|p1a: Whimsicott|Whimsicott, L50, F|100/100
|switch|p1b: Maushold|Maushold-Four, L50|100/100
|switch|p2a: Sneasler|Sneasler, L50, F|100/100
|switch|p2b: Volcarona|Volcarona, L50, F|100/100
|turn|1
|inactive|saboyita has 30 seconds left.
|
|t:|1756335441
|-terastallize|p1b: Maushold|Ghost
|move|p1a: Whimsicott|Tailwind|p1a: Whimsicott
|-sidestart|p1: saboyita|move: Tailwind
|move|p1b: Maushold|Population Bomb|p2a: Sneasler
|-damage|p2a: Sneasler|80/100
|-damage|p2a: Sneasler|62/100
|-damage|p2a: Sneasler|42/100
|-damage|p2a: Sneasler|24/100
|-damage|p2a: Sneasler|5/100
|-damage|p2a: Sneasler|0 fnt
|faint|p2a: Sneasler
|-hitcount|p2: Sneasler|6
|move|p2b: Volcarona|Heat Wave|p1b: Maushold|[spread] p1a,p1b
|-supereffective|p1a: Whimsicott
|-damage|p1a: Whimsicott|0 fnt
|-damage|p1b: Maushold|50/100
|faint|p1a: Whimsicott
|
|upkeep
|inactive|saboyita has 30 seconds left.
|
|t:|1756335473
|switch|p2a: Rillaboom|Rillaboom, L50, M|100/100
|switch|p1a: Annihilape|Annihilape, L50, M|100/100
|-fieldstart|move: Grassy Terrain|[from] ability: Grassy Surge|[of] p2a: Rillaboom
|turn|2
|
|t:|1756335497
|move|p1b: Maushold|Protect|p1b: Maushold
|-singleturn|p1b: Maushold|Protect
|move|p2b: Volcarona|Protect|p2b: Volcarona
|-singleturn|p2b: Volcarona|Protect
|move|p2a: Rillaboom|Grassy Glide|p1a: Annihilape
|-damage|p1a: Annihilape|62/100
|move|p1a: Annihilape|Final Gambit|p2b: Volcarona
|-activate|p2b: Volcarona|move: Protect
|
|-heal|p1b: Maushold|56/100|[from] Grassy Terrain
|-heal|p1a: Annihilape|68/100|[from] Grassy Terrain
|-heal|p1a: Annihilape|74/100|[from] item: Leftovers
|upkeep
|turn|3
|
|t:|1756335521
|switch|p1b: Hydreigon|Hydreigon, L50, F|100/100
|-terastallize|p2b: Volcarona|Fairy
|move|p2a: Rillaboom|Grassy Glide|p1a: Annihilape
|-damage|p1a: Annihilape|33/100
|move|p1a: Annihilape|Rage Fist|p2a: Rillaboom
|-damage|p2a: Rillaboom|39/100
|move|p2b: Volcarona|Heat Wave|p1a: Annihilape|[spread] p1a,p1b
|-resisted|p1b: Hydreigon
|-damage|p1a: Annihilape|1/100
|-damage|p1b: Hydreigon|81/100
|
|-heal|p1a: Annihilape|7/100|[from] Grassy Terrain
|-heal|p1a: Annihilape|13/100|[from] item: Leftovers
|-heal|p2a: Rillaboom|45/100|[from] Grassy Terrain
|upkeep
|turn|4
|inactive|saboyita has 30 seconds left.
|
|t:|1756335554
|move|p1a: Annihilape|Protect|p1a: Annihilape
|-singleturn|p1a: Annihilape|Protect
|move|p2b: Volcarona|Protect|p2b: Volcarona
|-singleturn|p2b: Volcarona|Protect
|move|p2a: Rillaboom|Grassy Glide|p1a: Annihilape
|-activate|p1a: Annihilape|move: Protect
|move|p1b: Hydreigon|Heat Wave|p2a: Rillaboom|[spread] p2a
|-activate|p2b: Volcarona|move: Protect
|-supereffective|p2a: Rillaboom
|-damage|p2a: Rillaboom|0 fnt
|faint|p2a: Rillaboom
|
|-heal|p1a: Annihilape|19/100|[from] Grassy Terrain
|-heal|p1a: Annihilape|25/100|[from] item: Leftovers
|-sideend|p1: saboyita|move: Tailwind
|upkeep
|
|t:|1756335556
|switch|p2a: Dragonite|Dragonite, L50, M|100/100
|turn|5
|inactive|saboyita has 30 seconds left.
|inactive|saboyita has 20 seconds left.
|inactive|saboyita has 15 seconds left.
|
|t:|1756335599
|switch|p1b: Maushold|Maushold-Four, L50, tera:Ghost|56/100
|move|p1a: Annihilape|Rage Fist|p2b: Volcarona
|-damage|p2b: Volcarona|0 fnt
|faint|p2b: Volcarona
|move|p2a: Dragonite|Scale Shot|p1b: Maushold
|-damage|p1b: Maushold|31/100
|-damage|p1b: Maushold|7/100
|-damage|p1b: Maushold|0 fnt
|faint|p1b: Maushold
|-hitcount|p1: Maushold|3
|-unboost|p2a: Dragonite|def|1
|-boost|p2a: Dragonite|spe|1
|
|-heal|p1a: Annihilape|31/100|[from] Grassy Terrain
|-heal|p1a: Annihilape|37/100|[from] item: Leftovers
|upkeep
|
|t:|1756335615
|switch|p1b: Hydreigon|Hydreigon, L50, F|81/100
|turn|6
|
|t:|1756335624
|move|p2a: Dragonite|Scale Shot|p1b: Hydreigon|[miss]
|-miss|p2a: Dragonite|p1b: Hydreigon
|move|p1b: Hydreigon|Draco Meteor|p2a: Dragonite
|-supereffective|p2a: Dragonite
|-damage|p2a: Dragonite|0 fnt
|-unboost|p1b: Hydreigon|spa|2
|faint|p2a: Dragonite
|
|win|saboyita
|raw|saboyita's rating: 1093 → 1122(+29 for winning)
|raw|AnotherDreamer's rating: 1130 → 1102(-28 for losing)
|l|☆AnotherDreamer
|player|p2|
