|j|☆OssiGT
|j|☆KodeBeast0526
|html|OssiGTKodeBeast0526    
|uhtml|bestof|Game 2 of a best-of-3
|t:|1783954134
|gametype|doubles
|player|p1|OssiGT|colress|1194
|player|p2|KodeBeast0526|hiker|1277
|gen|9
|tier|[Gen 9 Champions] VGC 2026 Reg M-B (Bo3)
|rated|
|rule|Species Clause: Limit one of each Pokémon
|rule|Item Clause: Limit 1 of each item
|clearpoke
|poke|p1|Froslass, L50, F|
|poke|p1|Arcanine-Hisui, L50, F|
|poke|p1|Kingambit, L50, F|
|poke|p1|Garchomp, L50, M|
|poke|p1|Sneasler, L50, M|
|poke|p1|Milotic, L50, F|
|poke|p2|Aerodactyl, L50, M|
|poke|p2|Kingambit, L50, M|
|poke|p2|Sylveon, L50, M|
|poke|p2|Garchomp, L50, M|
|poke|p2|Charizard, L50, M|
|poke|p2|Incineroar, L50, M|
|teampreview|4
|showteam|p1|Froslass||Froslassite|CursedBody|Blizzard,Thunderbolt,AuroraVeil,Protect|Timid||F|||50|]Arcanine-Hisui||FocusSash|RockHead|FlareBlitz,HeadSmash,ExtremeSpeed,Protect|Jolly||F|||50|]Kingambit||BlackGlasses|Defiant|KowtowCleave,SuckerPunch,IronHead,Protect|Adamant||F|||50|]Garchomp||ChoiceScarf|RoughSkin|StompingTantrum,RockSlide,DragonClaw,PoisonJab|Jolly||M|||50|]Sneasler||WhiteHerb|Unburden|DireClaw,CloseCombat,FakeOut,Protect|Jolly||M|||50|]Milotic||Leftovers|Competitive|MuddyWater,Hypnosis,Coil,Recover|Calm||F|||50|
|showteam|p2|Aerodactyl||Aerodactylite|Unnerve|RockSlide,IceFang,Tailwind,WideGuard|Jolly||M|||50|]Kingambit||FocusSash|Defiant|KowtowCleave,SuckerPunch,IronHead,Protect|Adamant||M|||50|]Sylveon||FairyFeather|Pixilate|Detect,HyperVoice,HyperBeam,QuickAttack|Modest||M|||50|]Garchomp||LifeOrb|RoughSkin|Earthquake,DragonClaw,StompingTantrum,Protect|Jolly||M|||50|]Charizard||CharizarditeY|Blaze|Protect,HeatWave,SolarBeam,WeatherBall|Modest||M|||50|]Incineroar||SitrusBerry|Intimidate|DarkestLariat,FlareBlitz,FakeOut,PartingShot|Impish||M|||50|
|inactive|Battle timer is ON: inactive players will automatically lose when time's up. (requested by KodeBeast0526)
|inactive|OssiGT has 60 seconds left.
|
|t:|1783954184
|teamsize|p1|4
|teamsize|p2|4
|start
|switch|p1a: Milotic|Milotic, L50, F|100/100
|switch|p1b: Sneasler|Sneasler, L50, M|100/100
|switch|p2a: Incineroar|Incineroar, L50, M|100/100
|switch|p2b: Charizard|Charizard, L50, M|100/100
|-ability|p2a: Incineroar|Intimidate|boost
|-unboost|p1a: Milotic|atk|1
|-ability|p1a: Milotic|Competitive|boost
|-boost|p1a: Milotic|spa|2
|-unboost|p1b: Sneasler|atk|1
|-enditem|p1b: Sneasler|White Herb
|-clearnegativeboost|p1b: Sneasler|[silent]
|turn|1
|
|t:|1783954194
|detailschange|p2b: Charizard|Charizard-Mega-Y, L50, M
|-mega|p2b: Charizard|Charizard|Charizardite Y
|-weather|SunnyDay|[from] ability: Drought|[of] p2b: Charizard
|move|p1b: Sneasler|Fake Out|p2a: Incineroar
|-damage|p2a: Incineroar|91/100
|cant|p2a: Incineroar|flinch
|move|p2b: Charizard|Solar Beam||[still]
|-prepare|p2b: Charizard|Solar Beam
|-anim|p2b: Charizard|Solar Beam|p1a: Milotic
|-supereffective|p1a: Milotic|1
|-damage|p1a: Milotic|31/100
|move|p1a: Milotic|Coil|p1a: Milotic
|-boost|p1a: Milotic|atk|1
|-boost|p1a: Milotic|def|1
|-boost|p1a: Milotic|accuracy|1
|
|-weather|SunnyDay|[upkeep]
|-heal|p1a: Milotic|37/100|[from] item: Leftovers
|upkeep
|turn|2
|
|t:|1783954215
|move|p1b: Sneasler|Dire Claw|p2b: Charizard
|-damage|p2b: Charizard|62/100
|-status|p2b: Charizard|slp
|cant|p2b: Charizard|slp
|move|p1a: Milotic|Recover|p1a: Milotic
|-heal|p1a: Milotic|87/100
|move|p2a: Incineroar|Parting Shot|p1a: Milotic
|-unboost|p1a: Milotic|atk|1
|-ability|p1a: Milotic|Competitive|boost
|-boost|p1a: Milotic|spa|2
|-unboost|p1a: Milotic|spa|1
|-ability|p1a: Milotic|Competitive|boost
|-boost|p1a: Milotic|spa|2
|
|t:|1783954225
|switch|p2a: Garchomp|Garchomp, L50, M|100/100|[from] Parting Shot
|
|-weather|SunnyDay|[upkeep]
|-heal|p1a: Milotic|93/100|[from] item: Leftovers
|upkeep
|turn|3
|
|t:|1783954242
|switch|p1b: Garchomp|Garchomp, L50, M|100/100
|move|p2a: Garchomp|Earthquake|p1a: Milotic|[spread] p1a,p1b
|-immune|p2b: Charizard
|-crit|p1b: Garchomp
|-damage|p1a: Milotic|65/100
|-damage|p1b: Garchomp|27/100
|-damage|p2a: Garchomp|90/100|[from] item: Life Orb
|cant|p2b: Charizard|slp
|move|p1a: Milotic|Muddy Water|p2b: Charizard|[spread] p2a,p2b
|-supereffective|p2b: Charizard|1
|-damage|p2a: Garchomp|49/100
|-damage|p2b: Charizard|0 fnt
|faint|p2b: Charizard
|
|-weather|SunnyDay|[upkeep]
|-heal|p1a: Milotic|71/100|[from] item: Leftovers
|upkeep
|
|t:|1783954256
|switch|p2b: Incineroar|Incineroar, L50, M|91/100
|-ability|p2b: Incineroar|Intimidate|boost
|-unboost|p1a: Milotic|atk|1
|-ability|p1a: Milotic|Competitive|boost
|-boost|p1a: Milotic|spa|1
|-unboost|p1b: Garchomp|atk|1
|turn|4
|
|t:|1783954270
|switch|p2a: Sylveon|Sylveon, L50, M|100/100
|move|p2b: Incineroar|Fake Out|p1a: Milotic
|-damage|p1a: Milotic|65/100
|move|p1b: Garchomp|Stomping Tantrum|p2b: Incineroar
|-supereffective|p2b: Incineroar|1
|-damage|p2b: Incineroar|54/100
|cant|p1a: Milotic|flinch
|
|-weather|SunnyDay|[upkeep]
|-heal|p1a: Milotic|71/100|[from] item: Leftovers
|upkeep
|turn|5
|
|t:|1783954291
|move|p1b: Garchomp|Stomping Tantrum|p2b: Incineroar
|-supereffective|p2b: Incineroar|1
|-damage|p2b: Incineroar|19/100
|-enditem|p2b: Incineroar|Sitrus Berry|[eat]
|-heal|p2b: Incineroar|44/100|[from] item: Sitrus Berry
|move|p1a: Milotic|Hypnosis|p2a: Sylveon|[miss]
|-miss|p1a: Milotic|p2a: Sylveon
|move|p2a: Sylveon|Hyper Voice|p1a: Milotic|[spread] p1a,p1b
|-supereffective|p1b: Garchomp|1
|-damage|p1a: Milotic|42/100
|-damage|p1b: Garchomp|0 fnt
|faint|p1b: Garchomp
|move|p2b: Incineroar|Darkest Lariat|p1a: Milotic
|-damage|p1a: Milotic|14/100
|
|-weather|none
|-heal|p1a: Milotic|20/100y|[from] item: Leftovers
|upkeep
|
|t:|1783954304
|switch|p1b: Sneasler|Sneasler, L50, M|100/100
|turn|6
|
|t:|1783954313
|move|p2a: Sylveon|Quick Attack|p1a: Milotic
|-damage|p1a: Milotic|13/100
|move|p1b: Sneasler|Dire Claw|p2a: Sylveon
|-supereffective|p2a: Sylveon|1
|-damage|p2a: Sylveon|23/100
|-status|p2a: Sylveon|par
|move|p1a: Milotic|Muddy Water|p2a: Sylveon|[spread] p2a,p2b
|-supereffective|p2b: Incineroar|1
|-damage|p2a: Sylveon|0 fnt
|-damage|p2b: Incineroar|0 fnt
|faint|p2a: Sylveon
|faint|p2b: Incineroar
|
|-heal|p1a: Milotic|19/100|[from] item: Leftovers
|upkeep
|
|t:|1783954323
|switch|p2b: Garchomp|Garchomp, L50, M|49/100
|turn|7
|
|t:|1783954334
|move|p1b: Sneasler|Close Combat|p2b: Garchomp
|-damage|p2b: Garchomp|0 fnt
|-unboost|p1b: Sneasler|def|1
|-unboost|p1b: Sneasler|spd|1
|-damage|p1b: Sneasler|87/100|[from] ability: Rough Skin|[of] p2b: Garchomp
|faint|p2b: Garchomp
|
|win|OssiGT
|raw|OssiGT's rating: 1194 → 1225(+31 for winning)
|raw|KodeBeast0526's rating: 1277 → 1246(-31 for losing)
