|j|☆Beeetch
|j|☆macky wit the duck
|html|Beeetchmacky wit the duck    
|uhtml|bestof|Game 1 of a best-of-3
|t:|1757159791
|gametype|doubles
|player|p1|Beeetch|beauty-gen4dp|1238
|player|p2|macky wit the duck|miku-ghost|1292
|gen|9
|tier|[Gen 9] VGC 2025 Reg H (Bo3)
|rated|
|rule|Species Clause: Limit one of each Pokémon
|rule|Item Clause: Limit 1 of each item
|clearpoke
|poke|p1|Excadrill, L50, M|
|poke|p1|Tyranitar, L50, M|
|poke|p1|Sneasler, L50, F|
|poke|p1|Indeedee, L50, M|
|poke|p1|Corviknight, L50, F|
|poke|p1|Annihilape, L50, F|
|poke|p2|Porygon2, L50|
|poke|p2|Dragonite, L50, F|
|poke|p2|Volcarona, L50, F|
|poke|p2|Gholdengo, L50|
|poke|p2|Ursaluna, L50, F|
|poke|p2|Rillaboom, L50, M|
|teampreview|4
|showteam|p1|Excadrill||FocusSash|SandRush|IronHead,HighHorsepower,Earthquake,Protect|||M|||50|,,,,,Stellar]Tyranitar||AssaultVest|SandStream|RockSlide,KnockOff,TeraBlast,LowKick|||M|||50|,,,,,Flying]Sneasler||PsychicSeed|Unburden|DireClaw,CloseCombat,ThroatChop,Protect|||F|||50|,,,,,Dark]Indeedee||ChoiceScarf|PsychicSurge|ExpandingForce,TeraBlast,Protect,Trick|||M|||50|,,,,,Psychic]Corviknight||Leftovers|MirrorArmor|BraveBird,BulkUp,Roost,Tailwind|||F|||50|,,,,,Dragon]Annihilape||SafetyGoggles|Defiant|CloseCombat,FinalGambit,RageFist,Taunt|||F|||50|,,,,,Water
|showteam|p2|Porygon2||Eviolite|Download|TeraBlast,IceBeam,TrickRoom,Recover||||||50|,,,,,Fighting]Dragonite||LoadedDice|Multiscale|ScaleShot,Tailwind,Haze,Protect|||F|||50|,,,,,Fairy]Volcarona||CovertCloak|FlameBody|FieryDance,StruggleBug,WillOWisp,RagePowder|||F|||50|,,,,,Fairy]Gholdengo||LifeOrb|GoodasGold|MakeItRain,ShadowBall,NastyPlot,Protect||||||50|,,,,,Water]Ursaluna||FlameOrb|Guts|Facade,HeadlongRush,Earthquake,Protect|||F|||50|,,,,,Ghost]Rillaboom||AssaultVest|GrassySurge|GrassyGlide,WoodHammer,Uturn,FakeOut|||M|||50|,,,,,Fire
|inactive|Battle timer is ON: inactive players will automatically lose when time's up. (requested by macky wit the duck)
|inactive|Beeetch has 60 seconds left.
|inactive|macky wit the duck has 60 seconds left.
|inactive|Beeetch has 30 seconds left.
|
|t:|1757159856
|teamsize|p1|4
|teamsize|p2|4
|start
|switch|p1a: Annihilape|Annihilape, L50, F|100/100
|switch|p1b: Excadrill|Excadrill, L50, M, shiny|100/100
|switch|p2a: Gholdengo|Gholdengo, L50|100/100
|switch|p2b: Rillaboom|Rillaboom, L50, M, shiny|100/100
|-fieldstart|move: Grassy Terrain|[from] ability: Grassy Surge|[of] p2b: Rillaboom
|turn|1
|inactive|Beeetch has 30 seconds left.
|inactive|macky wit the duck has 30 seconds left.
|
|t:|1757159883
|-terastallize|p2a: Gholdengo|Water
|move|p1b: Excadrill|Protect|p1b: Excadrill
|-singleturn|p1b: Excadrill|Protect
|move|p2b: Rillaboom|Grassy Glide|p1a: Annihilape
|-damage|p1a: Annihilape|59/100
|move|p1a: Annihilape|Final Gambit|p2b: Rillaboom
|-damage|p2b: Rillaboom|42/100
|faint|p1a: Annihilape
|move|p2a: Gholdengo|Nasty Plot|p2a: Gholdengo
|-boost|p2a: Gholdengo|spa|2
|
|-heal|p2b: Rillaboom|47/100|[from] Grassy Terrain
|upkeep
|
|t:|1757159896
|switch|p1a: Indeedee|Indeedee, L50, M, shiny|100/100
|-fieldstart|move: Psychic Terrain|[from] ability: Psychic Surge|[of] p1a: Indeedee
|turn|2
|
|t:|1757159905
|switch|p2b: Porygon2|Porygon2, L50, shiny|100/100
|-ability|p2b: Porygon2|Download|boost
|-boost|p2b: Porygon2|atk|1
|-terastallize|p1a: Indeedee|Psychic
|move|p2a: Gholdengo|Protect|p2a: Gholdengo
|-singleturn|p2a: Gholdengo|Protect
|move|p1a: Indeedee|Expanding Force|p2a: Gholdengo|[spread] p2b
|-activate|p2a: Gholdengo|move: Protect
|-damage|p2b: Porygon2|49/100
|move|p1b: Excadrill|High Horsepower|p2a: Gholdengo
|-activate|p2a: Gholdengo|move: Protect
|
|upkeep
|turn|3
|
|t:|1757159920
|switch|p2b: Rillaboom|Rillaboom, L50, M, shiny|47/100
|-fieldstart|move: Grassy Terrain|[from] ability: Grassy Surge|[of] p2b: Rillaboom
|move|p1a: Indeedee|Expanding Force|p2b: Rillaboom
|-damage|p2b: Rillaboom|11/100
|move|p1b: Excadrill|High Horsepower|p2a: Gholdengo
|-damage|p2a: Gholdengo|46/100
|move|p2a: Gholdengo|Make It Rain|p1a: Indeedee|[spread] p1a,p1b
|-resisted|p1b: Excadrill
|-damage|p1a: Indeedee|0 fnt
|-damage|p1b: Excadrill|24/100
|-unboost|p2a: Gholdengo|spa|1
|faint|p1a: Indeedee
|-damage|p2a: Gholdengo|37/100|[from] item: Life Orb
|
|-heal|p1b: Excadrill|30/100|[from] Grassy Terrain
|-heal|p2a: Gholdengo|43/100|[from] Grassy Terrain
|-heal|p2b: Rillaboom|16/100|[from] Grassy Terrain
|upkeep
|
|t:|1757159931
|switch|p1a: Tyranitar|Tyranitar, L50, M, shiny|100/100
|-weather|Sandstorm|[from] ability: Sand Stream|[of] p1a: Tyranitar
|turn|4
|
|t:|1757159946
|move|p1b: Excadrill|Protect|p1b: Excadrill
|-singleturn|p1b: Excadrill|Protect
|move|p2a: Gholdengo|Make It Rain|p1b: Excadrill|[spread] p1a
|-activate|p1b: Excadrill|move: Protect
|-supereffective|p1a: Tyranitar
|-damage|p1a: Tyranitar|29/100
|-unboost|p2a: Gholdengo|spa|1
|-damage|p2a: Gholdengo|33/100|[from] item: Life Orb
|move|p2b: Rillaboom|U-turn|p1a: Tyranitar
|-supereffective|p1a: Tyranitar
|-damage|p1a: Tyranitar|0 fnt
|faint|p1a: Tyranitar
|
|t:|1757159956
|switch|p2b: Porygon2|Porygon2, L50, shiny|49/100|[from] U-turn
|-ability|p2b: Porygon2|Download|boost
|-boost|p2b: Porygon2|atk|1
|
|-weather|Sandstorm|[upkeep]
|-damage|p2a: Gholdengo|27/100|[from] Sandstorm
|-damage|p2b: Porygon2|43/100|[from] Sandstorm
|-heal|p1b: Excadrill|35/100|[from] Grassy Terrain
|-heal|p2a: Gholdengo|33/100|[from] Grassy Terrain
|-heal|p2b: Porygon2|49/100|[from] Grassy Terrain
|upkeep
|turn|5
|
|t:|1757159962
|move|p1b: Excadrill|Earthquake|p2a: Gholdengo|[spread] p2a,p2b
|-crit|p2a: Gholdengo
|-damage|p2a: Gholdengo|0 fnt
|-damage|p2b: Porygon2|35/100
|faint|p2a: Gholdengo
|move|p2b: Porygon2|Trick Room|p2b: Porygon2
|-fieldstart|move: Trick Room|[of] p2b: Porygon2
|
|-weather|Sandstorm|[upkeep]
|-damage|p2b: Porygon2|29/100|[from] Sandstorm
|-heal|p2b: Porygon2|35/100|[from] Grassy Terrain
|-heal|p1b: Excadrill|41/100|[from] Grassy Terrain
|upkeep
|
|t:|1757159966
|switch|p2a: Rillaboom|Rillaboom, L50, M, shiny|16/100
|turn|6
|
|t:|1757159973
|move|p1b: Excadrill|Protect|p1b: Excadrill
|-singleturn|p1b: Excadrill|Protect
|move|p2b: Porygon2|Ice Beam|p1b: Excadrill
|-activate|p1b: Excadrill|move: Protect
|move|p2a: Rillaboom|Wood Hammer|p1b: Excadrill
|-activate|p1b: Excadrill|move: Protect
|
|-weather|Sandstorm|[upkeep]
|-damage|p2b: Porygon2|29/100|[from] Sandstorm
|-damage|p2a: Rillaboom|11/100|[from] Sandstorm
|-heal|p2b: Porygon2|35/100|[from] Grassy Terrain
|-heal|p2a: Rillaboom|16/100|[from] Grassy Terrain
|-heal|p1b: Excadrill|47/100|[from] Grassy Terrain
|upkeep
|turn|7
|
|t:|1757159980
|move|p2b: Porygon2|Ice Beam|p1b: Excadrill
|-damage|p1b: Excadrill|11/100
|move|p2a: Rillaboom|Wood Hammer|p1b: Excadrill
|-damage|p1b: Excadrill|0 fnt
|faint|p1b: Excadrill
|-damage|p2a: Rillaboom|14/100|[from] Recoil
|
|win|macky wit the duck
||macky wit the duck is ready for game 2.
