|j|☆DkayMM
|j|☆AjaniVGC
|html|DkayMMAjaniVGC    
|uhtml|bestof|Game 3 of a best-of-3
|t:|1756987239
|gametype|doubles
|player|p1|DkayMM|1|1000
|player|p2|AjaniVGC|266|1108
|gen|9
|tier|[Gen 9] VGC 2025 Reg H (Bo3)
|rated|
|rule|Species Clause: Limit one of each Pokémon
|rule|Item Clause: Limit 1 of each item
|clearpoke
|poke|p1|Charizard, L50, M|
|poke|p1|Torkoal, L50, F|
|poke|p1|Porygon2, L50|
|poke|p1|Incineroar, L50, M|
|poke|p1|Jumpluff, L50, F|
|poke|p1|Ursaluna, L50, M|
|poke|p2|Sneasler, L50, F|
|poke|p2|Ursaluna-Bloodmoon, L50, M|
|poke|p2|Gholdengo, L50|
|poke|p2|Magmar, L50, M|
|poke|p2|Annihilape, L50, F|
|poke|p2|Whimsicott, L50, M|
|teampreview|4
|showteam|p1|Charizard||ChoiceSpecs|SolarPower|HeatWave,Overheat,WeatherBall,AirSlash|||M|||50|,,,,,Ghost]Torkoal||EjectPack|Drought|Eruption,Overheat,HelpingHand,Protect|||F|||50|,,,,,Fire]Porygon2||Eviolite|Download|TeraBlast,IceBeam,Recover,TrickRoom||||||50|,,,,,Fighting]Incineroar||SitrusBerry|Intimidate|FlareBlitz,KnockOff,FakeOut,PartingShot|||M|||50|,,,,,Ghost]Jumpluff||CovertCloak|Chlorophyll|SleepPowder,SunnyDay,RagePowder,Tailwind|||F|||50|,,,,,Water]Ursaluna||FlameOrb|Guts|HeadlongRush,Facade,Earthquake,Protect|||M|||50|,,,,,Ghost
|showteam|p2|Sneasler||FocusSash|Unburden|DireClaw,CloseCombat,FakeOut,Coaching|||F|||50|,,,,,Stellar]Ursaluna-Bloodmoon||LifeOrb|MindsEye|EarthPower,BloodMoon,HyperVoice,Protect|||M|||50|,,,,,Ghost]Gholdengo||MetalCoat|GoodasGold|MakeItRain,ShadowBall,NastyPlot,Protect||||||50|,,,,,Water]Magmar||Eviolite|VitalSpirit|FollowMe,WillOWisp,Protect,Overheat|||M|||50|,,,,,Ghost]Annihilape||Leftovers|Defiant|RageFist,DrainPunch,BulkUp,Protect|||F|||50|,,,,,Fire]Whimsicott||CovertCloak|Prankster|Moonblast,Tailwind,Encore,SunnyDay|||M|||50|,,,,,Water
|inactive|Battle timer is ON: inactive players will automatically lose when time's up. (requested by DkayMM)
|inactive|DkayMM has 60 seconds left.
|
|t:|1756987288
|teamsize|p1|4
|teamsize|p2|4
|start
|switch|p1a: Charizard|Charizard, L50, M|100/100
|switch|p1b: Jumpluff|Jumpluff, L50, F|100/100
|switch|p2a: Sneasler|Sneasler, L50, F|100/100
|switch|p2b: Gholdengo|Gholdengo, L50|100/100
|turn|1
|inactive|DkayMM has 30 seconds left.
|inactive|AjaniVGC has 30 seconds left.
|inactive|AjaniVGC has 20 seconds left.
|inactive|DkayMM has 20 seconds left.
|inactive|AjaniVGC has 15 seconds left.
|inactive|DkayMM has 15 seconds left.
|inactive|AjaniVGC has 10 seconds left.
|inactive|DkayMM has 10 seconds left.
|
|t:|1756987341
|switch|p1a: Incineroar|Incineroar, L50, M|100/100
|-ability|p1a: Incineroar|Intimidate|boost
|-unboost|p2a: Sneasler|atk|1
|-unboost|p2b: Gholdengo|atk|1
|-terastallize|p1b: Jumpluff|Water
|-terastallize|p2b: Gholdengo|Water
|move|p2a: Sneasler|Fake Out|p1a: Incineroar
|-damage|p1a: Incineroar|90/100
|move|p1b: Jumpluff|Tailwind|p1b: Jumpluff
|-sidestart|p1: DkayMM|move: Tailwind
|move|p2b: Gholdengo|Nasty Plot|p2b: Gholdengo
|-boost|p2b: Gholdengo|spa|2
|
|upkeep
|turn|2
|inactive|DkayMM has 30 seconds left.
|inactive|AjaniVGC has 30 seconds left.
|inactive|DkayMM has 20 seconds left.
|inactive|AjaniVGC has 20 seconds left.
|inactive|DkayMM has 15 seconds left.
|inactive|AjaniVGC has 15 seconds left.
|inactive|DkayMM has 10 seconds left.
|inactive|AjaniVGC has 10 seconds left.
|inactive|DkayMM has 5 seconds left.
|inactive|AjaniVGC has 5 seconds left.
|
|t:|1756987396
|switch|p1b: Ursaluna|Ursaluna, L50, M|100/100
|move|p1a: Incineroar|Fake Out|p2b: Gholdengo
|-damage|p2b: Gholdengo|86/100
|move|p2a: Sneasler|Dire Claw|p1b: Ursaluna
|-resisted|p1b: Ursaluna
|-damage|p1b: Ursaluna|90/100
|-status|p1b: Ursaluna|slp
|cant|p2b: Gholdengo|flinch
|
|upkeep
|turn|3
|inactive|DkayMM has 30 seconds left.
|inactive|DkayMM has 20 seconds left.
|
|t:|1756987435
|move|p1a: Incineroar|Knock Off|p2b: Gholdengo
|-damage|p2b: Gholdengo|34/100
|-enditem|p2b: Gholdengo|Metal Coat|[from] move: Knock Off|[of] p1a: Incineroar
|cant|p1b: Ursaluna|slp
|move|p2a: Sneasler|Close Combat|p1a: Incineroar
|-supereffective|p1a: Incineroar
|-damage|p1a: Incineroar|0 fnt
|-unboost|p2a: Sneasler|def|1
|-unboost|p2a: Sneasler|spd|1
|faint|p1a: Incineroar
|move|p2b: Gholdengo|Make It Rain|p1b: Ursaluna
|-damage|p1b: Ursaluna|0 fnt
|-unboost|p2b: Gholdengo|spa|1
|faint|p1b: Ursaluna
|
|upkeep
|
|t:|1756987446
|switch|p1a: Charizard|Charizard, L50, M|100/100
|switch|p1b: Jumpluff|Jumpluff, L50, F, tera:Water|100/100
|turn|4
|
|t:|1756987466
|move|p2b: Gholdengo|Protect|p2b: Gholdengo
|-singleturn|p2b: Gholdengo|Protect
|move|p1b: Jumpluff|Sunny Day|p1b: Jumpluff
|-weather|SunnyDay
|move|p1a: Charizard|Heat Wave|p2a: Sneasler|[spread] 
|-activate|p2b: Gholdengo|move: Protect
|-miss|p1a: Charizard|p2a: Sneasler
|move|p2a: Sneasler|Dire Claw|p1b: Jumpluff
|-damage|p1b: Jumpluff|64/100
|
|-weather|SunnyDay|[upkeep]
|-damage|p1a: Charizard|88/100|[from] ability: Solar Power|[of] p1a: Charizard
|-sideend|p1: DkayMM|move: Tailwind
|upkeep
|turn|5
|
|t:|1756987490
|move|p1b: Jumpluff|Sleep Powder|p2a: Sneasler|[miss]
|-miss|p1b: Jumpluff|p2a: Sneasler
|move|p2a: Sneasler|Dire Claw|p1b: Jumpluff
|-damage|p1b: Jumpluff|24/100
|move|p1a: Charizard|Heat Wave|p2b: Gholdengo|[spread] p2a,p2b
|-resisted|p2b: Gholdengo
|-enditem|p2a: Sneasler|Focus Sash
|-damage|p2a: Sneasler|1/100
|-damage|p2b: Gholdengo|0 fnt
|faint|p2b: Gholdengo
|
|-weather|SunnyDay|[upkeep]
|-damage|p1a: Charizard|76/100|[from] ability: Solar Power|[of] p1a: Charizard
|upkeep
|
|t:|1756987502
|switch|p2b: Annihilape|Annihilape, L50, F|100/100
|turn|6
|inactive|DkayMM has 30 seconds left.
|
|t:|1756987533
|move|p1b: Jumpluff|Sleep Powder|p2a: Sneasler
|-status|p2a: Sneasler|slp|[from] move: Sleep Powder
|cant|p2a: Sneasler|slp
|move|p1a: Charizard|Heat Wave|p2a: Sneasler|[spread] p2a,p2b
|-damage|p2a: Sneasler|0 fnt
|-damage|p2b: Annihilape|2/100
|faint|p2a: Sneasler
|move|p2b: Annihilape|Rage Fist|p1a: Charizard
|-crit|p1a: Charizard
|-damage|p1a: Charizard|0 fnt
|faint|p1a: Charizard
|
|-weather|SunnyDay|[upkeep]
|-heal|p2b: Annihilape|8/100|[from] item: Leftovers
|upkeep
|
|t:|1756987545
|switch|p2a: Ursaluna|Ursaluna-Bloodmoon, L50, M|100/100
|turn|7
|-message|DkayMM forfeited.
|
|win|AjaniVGC
|raw|DkayMM's rating: 1000 → 1000(+0 for losing)
|raw|AjaniVGC's rating: 1108 → 1125(+17 for winning)
