|j|вҳҶQaiseasy
|j|вҳҶfailandimprove5
|html|Qaiseasyfailandimprove5    
|uhtml|bestof|Game 2 of a best-of-3
|t:|1784506668
|gametype|doubles
|player|p1|Qaiseasy|266|1103
|player|p2|failandimprove5|266|1330
|gen|9
|tier|[Gen 9 Champions] VGC 2026 Reg M-B (Bo3)
|rated|
|rule|Species Clause: Limit one of each PokГ©mon
|rule|Item Clause: Limit 1 of each item
|clearpoke
|poke|p1|Whimsicott, L50, F|
|poke|p1|Charizard, L50, M|
|poke|p1|Basculegion, L50, M|
|poke|p1|Kingambit, L50, F|
|poke|p1|Garchomp, L50, F|
|poke|p1|Floette-Eternal, L50, F|
|poke|p2|Whimsicott, L50, F|
|poke|p2|Froslass, L50, F|
|poke|p2|Arcanine-Hisui, L50, M|
|poke|p2|Sneasler, L50, F|
|poke|p2|Dragonite, L50, M|
|poke|p2|Kingambit, L50, F|
|teampreview|4
|showteam|p1|Whimsicott||FocusSash|Prankster|Moonblast,Tailwind,FakeTears,Protect|Timid||F|||50|]Charizard||CharizarditeY|Blaze|HeatWave,WeatherBall,SolarBeam,Protect|Modest||M|||50|]Basculegion||LifeOrb|Adaptability|WaveCrash,LastRespects,AquaJet,Protect|Adamant||M|||50|]Kingambit||BlackGlasses|Defiant|KowtowCleave,SuckerPunch,IronHead,Protect|Adamant||F|||50|]Garchomp||HabanBerry|RoughSkin|Earthquake,DragonClaw,RockSlide,Protect|Jolly||F|||50|]Floette-Eternal||Floettite|FlowerVeil|Moonblast,DazzlingGleam,LightofRuin,Protect|Timid||F|||50|
|showteam|p2|Whimsicott||SitrusBerry|Prankster|Moonblast,Tailwind,Encore,Protect|Bold||F|||50|]Froslass||Froslassite|CursedBody|Blizzard,ShadowBall,AuroraVeil,Protect|Timid||F|||50|]Arcanine-Hisui||FocusSash|RockHead|FlareBlitz,HeadSmash,RockSlide,Protect|Jolly||M|||50|]Sneasler||WhiteHerb|Unburden|CloseCombat,GunkShot,FakeOut,Protect|Adamant||F|||50|]Dragonite||LifeOrb|InnerFocus|DragonClaw,Superpower,ExtremeSpeed,Protect|Adamant||M|||50|]Kingambit||BlackGlasses|Defiant|KowtowCleave,IronHead,SuckerPunch,Protect|Adamant||F|||50|
|inactive|Battle timer is ON: inactive players will automatically lose when time's up. (requested by failandimprove5)
|inactive|failandimprove5 has 60 seconds left.
|
|t:|1784506706
|teamsize|p1|4
|teamsize|p2|4
|start
|switch|p1a: еү–й–Ӣй»‘зҡ„|Whimsicott, L50, F|100/100
|switch|p1b: жҺғе…Ёе®¶еў“|Basculegion, L50, M|100/100
|switch|p2a: Arcanine|Arcanine-Hisui, L50, M|100/100
|switch|p2b: Whimsicott|Whimsicott, L50, F|100/100
|turn|1
|
|t:|1784506728
|move|p1a: еү–й–Ӣй»‘зҡ„|Tailwind|p1a: еү–й–Ӣй»‘зҡ„
|-sidestart|p1: Qaiseasy|move: Tailwind
|move|p2b: Whimsicott|Tailwind|p2b: Whimsicott
|-sidestart|p2: failandimprove5|move: Tailwind
|move|p2a: Arcanine|Head Smash|p1b: жҺғе…Ёе®¶еў“
|-damage|p1b: жҺғе…Ёе®¶еў“|2/100
|move|p1b: жҺғе…Ёе®¶еў“|Wave Crash|p2a: Arcanine
|-supereffective|p2a: Arcanine|2
|-enditem|p2a: Arcanine|Focus Sash
|-damage|p2a: Arcanine|1/100
|-damage|p1b: жҺғе…Ёе®¶еў“|0 fnt|[from] Recoil
|faint|p1b: жҺғе…Ёе®¶еў“
|
|upkeep
|
|t:|1784506741
|switch|p1b: йҖҖиҖҒиҷҺ|Garchomp, L50, F|100/100
|turn|2
|
|t:|1784506761
|move|p1a: еү–й–Ӣй»‘зҡ„|Protect|p1a: еү–й–Ӣй»‘зҡ„
|-singleturn|p1a: еү–й–Ӣй»‘зҡ„|Protect
|move|p1b: йҖҖиҖҒиҷҺ|Earthquake|p2b: Whimsicott|[spread] p2a,p2b
|-activate|p1a: еү–й–Ӣй»‘зҡ„|move: Protect
|-supereffective|p2a: Arcanine|2
|-resisted|p2b: Whimsicott|1
|-damage|p2a: Arcanine|0 fnt
|-damage|p2b: Whimsicott|82/100
|faint|p2a: Arcanine
|move|p2b: Whimsicott|Moonblast|p1a: еү–й–Ӣй»‘зҡ„
|-activate|p1a: еү–й–Ӣй»‘зҡ„|move: Protect
|
|upkeep
|
|t:|1784506763
|switch|p2a: Froslass|Froslass, L50, F|100/100
|turn|3
|
|t:|1784506784
|switch|p2a: Dragonite|Dragonite, L50, M|100/100
|move|p1b: йҖҖиҖҒиҷҺ|Protect|p1b: йҖҖиҖҒиҷҺ
|-singleturn|p1b: йҖҖиҖҒиҷҺ|Protect
|move|p1a: еү–й–Ӣй»‘зҡ„|Fake Tears|p2a: Dragonite
|-unboost|p2a: Dragonite|spd|2
|move|p2b: Whimsicott|Encore|p1b: йҖҖиҖҒиҷҺ
|-activate|p1b: йҖҖиҖҒиҷҺ|move: Protect
|
|upkeep
|turn|4
|
|t:|1784506802
|move|p2a: Dragonite|Protect|p2a: Dragonite
|-singleturn|p2a: Dragonite|Protect
|move|p1a: еү–й–Ӣй»‘зҡ„|Fake Tears|p2a: Dragonite
|-activate|p2a: Dragonite|move: Protect
|move|p2b: Whimsicott|Encore|p1a: еү–й–Ӣй»‘зҡ„
|-start|p1a: еү–й–Ӣй»‘зҡ„|Encore
|move|p1b: йҖҖиҖҒиҷҺ|Dragon Claw|p2a: Dragonite
|-activate|p2a: Dragonite|move: Protect
|
|-sideend|p1: Qaiseasy|move: Tailwind
|-sideend|p2: failandimprove5|move: Tailwind
|upkeep
|turn|5
|inactive|Qaiseasy has 30 seconds left.
|inactive|failandimprove5 has 30 seconds left.
|
|t:|1784506833
|move|p1a: еү–й–Ӣй»‘зҡ„|Fake Tears|p2a: Dragonite
|-unboost|p2a: Dragonite|spd|2
|move|p1b: йҖҖиҖҒиҷҺ|Dragon Claw|p2a: Dragonite
|-supereffective|p2a: Dragonite|1
|-damage|p2a: Dragonite|20/100y
|move|p2b: Whimsicott|Moonblast|p1b: йҖҖиҖҒиҷҺ
|-supereffective|p1b: йҖҖиҖҒиҷҺ|1
|-damage|p1b: йҖҖиҖҒиҷҺ|40/100
|move|p2a: Dragonite|Dragon Claw|p1b: йҖҖиҖҒиҷҺ
|-supereffective|p1b: йҖҖиҖҒиҷҺ|1
|-enditem|p1b: йҖҖиҖҒиҷҺ|Haban Berry|[eat]
|-enditem|p1b: йҖҖиҖҒиҷҺ|Haban Berry|[weaken]
|-damage|p1b: йҖҖиҖҒиҷҺ|0 fnt
|-damage|p2a: Dragonite|8/100|[from] ability: Rough Skin|[of] p1b: йҖҖиҖҒиҷҺ
|faint|p1b: йҖҖиҖҒиҷҺ
|-damage|p2a: Dragonite|0 fnt|[from] item: Life Orb
|faint|p2a: Dragonite
|
|upkeep
|
|t:|1784506841
|switch|p1b: йӣӘеӨ©з§’дәә|Charizard, L50, M|100/100
|switch|p2a: Froslass|Froslass, L50, F|100/100
|turn|6
|inactive|failandimprove5 has 30 seconds left.
|
|t:|1784506869
|detailschange|p2a: Froslass|Froslass-Mega, L50, F
|-mega|p2a: Froslass|Froslass|Froslassite
|-weather|Snowscape|[from] ability: Snow Warning|[of] p2a: Froslass
|detailschange|p1b: йӣӘеӨ©з§’дәә|Charizard-Mega-Y, L50, M
|-mega|p1b: йӣӘеӨ©з§’дәә|Charizard|Charizardite Y
|-weather|SunnyDay|[from] ability: Drought|[of] p1b: йӣӘеӨ©з§’дәә
|move|p1a: еү–й–Ӣй»‘зҡ„|Fake Tears|p2a: Froslass
|-unboost|p2a: Froslass|spd|2
|move|p2a: Froslass|Blizzard|p1a: еү–й–Ӣй»‘зҡ„|[spread] p1a,p1b
|-supereffective|p1a: еү–й–Ӣй»‘зҡ„|1
|-enditem|p1a: еү–й–Ӣй»‘зҡ„|Focus Sash
|-damage|p1a: еү–й–Ӣй»‘зҡ„|1/100
|-damage|p1b: йӣӘеӨ©з§’дәә|68/100
|move|p2b: Whimsicott|Moonblast|p1b: йӣӘеӨ©з§’дәә
|-resisted|p1b: йӣӘеӨ©з§’дәә|1
|-damage|p1b: йӣӘеӨ©з§’дәә|56/100
|move|p1b: йӣӘеӨ©з§’дәә|Heat Wave|p2a: Froslass|[spread] p2a,p2b
|-supereffective|p2a: Froslass|1
|-supereffective|p2b: Whimsicott|1
|-damage|p2a: Froslass|0 fnt
|-damage|p2b: Whimsicott|0 fnt
|faint|p2a: Froslass
|faint|p2b: Whimsicott
|
|win|Qaiseasy
