|j|☆klaustrophob97
|j|☆BenniBenBau
|html|klaustrophob97BenniBenBau    
|uhtml|bestof|Game 1 of a best-of-3
|t:|1756404076
|gametype|doubles
|player|p1|klaustrophob97|170|
|player|p2|BenniBenBau|brycen|
|gen|9
|tier|[Gen 9] VGC 2025 Reg H (Bo3)
|rule|Species Clause: Limit one of each Pokémon
|rule|Item Clause: Limit 1 of each item
|clearpoke
|poke|p1|Archaludon, L50, M|
|poke|p1|Pelipper, L50, M|
|poke|p1|Sneasler, L50, F|
|poke|p1|Basculegion, L50, M|
|poke|p1|Amoonguss, L50, M|
|poke|p1|Gholdengo, L50|
|poke|p2|Politoed, L50, M|
|poke|p2|Archaludon, L50, F|
|poke|p2|Kingdra, L50, M|
|poke|p2|Incineroar, L50, M|
|poke|p2|Amoonguss, L50, M|
|poke|p2|Gothitelle, L50, F|
|teampreview|4
|showteam|p1|Archaludon||AssaultVest|Stamina|ElectroShot,FlashCannon,DracoMeteor,BodyPress|||M|||50|,,,,,Bug]Pelipper||CovertCloak|Drizzle|WeatherBall,Hurricane,Tailwind,Protect|||M|||50|,,,,,Steel]Sneasler||FocusSash|PoisonTouch|DireClaw,CloseCombat,FakeOut,Protect|||F|||50|,,,,,Ghost]Basculegion||ChoiceBand|SwiftSwim|WaveCrash,LastRespects,FlipTurn,AquaJet|||M|||50|,,,,,Water]Amoonguss||SitrusBerry|Regenerator|PollenPuff,Spore,RagePowder,Protect|||M|||50|,,,,,Fairy]Gholdengo||LifeOrb|GoodasGold|MakeItRain,ShadowBall,NastyPlot,Protect||||||50|,,,,,Water
|showteam|p2|Politoed||Leftovers|Drizzle|Protect,WeatherBall,PerishSong,Encore|||M|||50|,,,,,Grass]Archaludon||PowerHerb|Sturdy|Protect,ElectroShot,FlashCannon,DragonPulse|||F|||50|,,,,,Electric]Kingdra||LifeOrb|SwiftSwim|Protect,DracoMeteor,WeatherBall,MuddyWater|||M|||50|,,,,,Stellar]Incineroar||SafetyGoggles|Intimidate|FakeOut,KnockOff,PartingShot,Protect|||M|||50|,,,,,Ghost]Amoonguss||EjectButton|Regenerator|Protect,RagePowder,Spore,PollenPuff|||M|||50|,,,,,Fairy]Gothitelle||SitrusBerry|ShadowTag|Protect,Psychic,FakeOut,TrickRoom|||F|||50|,,,,,Dark
|
|t:|1756404125
|teamsize|p1|4
|teamsize|p2|4
|start
|switch|p1a: Gholdengo|Gholdengo, L50|100/100
|switch|p1b: Sneasler|Sneasler, L50, F|100/100
|switch|p2a: Archaludon|Archaludon, L50, F|100/100
|switch|p2b: Gothitelle|Gothitelle, L50, F|100/100
|turn|1
|
|t:|1756404158
|move|p2a: Archaludon|Protect|p2a: Archaludon
|-singleturn|p2a: Archaludon|Protect
|move|p1b: Sneasler|Fake Out|p2a: Archaludon
|-activate|p2a: Archaludon|move: Protect
|move|p1a: Gholdengo|Nasty Plot|p1a: Gholdengo
|-boost|p1a: Gholdengo|spa|2
|move|p2b: Gothitelle|Psychic|p1b: Sneasler
|-supereffective|p1b: Sneasler
|-enditem|p1b: Sneasler|Focus Sash
|-damage|p1b: Sneasler|1/100
|
|upkeep
|turn|2
|
|t:|1756404193
|-terastallize|p2a: Archaludon|Electric
|move|p1b: Sneasler|Close Combat|p2a: Archaludon
|-damage|p2a: Archaludon|48/100
|-unboost|p1b: Sneasler|def|1
|-unboost|p1b: Sneasler|spd|1
|move|p2a: Archaludon|Electro Shot||[still]
|-prepare|p2a: Archaludon|Electro Shot
|-boost|p2a: Archaludon|spa|1
|-enditem|p2a: Archaludon|Power Herb
|-anim|p2a: Archaludon|Electro Shot|p1a: Gholdengo
|-damage|p1a: Gholdengo|0 fnt
|faint|p1a: Gholdengo
|move|p2b: Gothitelle|Psychic|p1b: Sneasler
|-supereffective|p1b: Sneasler
|-crit|p1b: Sneasler
|-damage|p1b: Sneasler|0 fnt
|faint|p1b: Sneasler
|
|upkeep
|
|t:|1756404210
|switch|p1b: Basculegion|Basculegion, L50, M|100/100
|switch|p1a: Archaludon|Archaludon, L50, M|100/100
|turn|3
|
|t:|1756404233
|move|p2a: Archaludon|Protect|p2a: Archaludon
|-singleturn|p2a: Archaludon|Protect
|move|p1a: Archaludon|Body Press|p2b: Gothitelle
|-resisted|p2b: Gothitelle
|-damage|p2b: Gothitelle|89/100
|move|p1b: Basculegion|Last Respects|p2b: Gothitelle
|-supereffective|p2b: Gothitelle
|-damage|p2b: Gothitelle|0 fnt
|faint|p2b: Gothitelle
|
|upkeep
|
|t:|1756404243
|switch|p2b: Politoed|Politoed, L50, M|100/100
|-weather|RainDance|[from] ability: Drizzle|[of] p2b: Politoed
|turn|4
|
|t:|1756404260
|move|p1b: Basculegion|Last Respects|p2a: Archaludon
|-damage|p2a: Archaludon|0 fnt
|faint|p2a: Archaludon
|move|p1a: Archaludon|Electro Shot||[still]
|-prepare|p1a: Archaludon|Electro Shot
|-boost|p1a: Archaludon|spa|1
|-anim|p1a: Archaludon|Electro Shot|p2b: Politoed
|-supereffective|p2b: Politoed
|-damage|p2b: Politoed|14/100
|move|p2b: Politoed|Perish Song|p2b: Politoed
|-start|p1a: Archaludon|perish3|[silent]
|-start|p1b: Basculegion|perish3|[silent]
|-start|p2b: Politoed|perish3|[silent]
|-fieldactivate|move: Perish Song
|
|-weather|RainDance|[upkeep]
|-heal|p2b: Politoed|20/100|[from] item: Leftovers
|-start|p1b: Basculegion|perish3
|-start|p1a: Archaludon|perish3
|-start|p2b: Politoed|perish3
|upkeep
|
|t:|1756404275
|switch|p2a: Amoonguss|Amoonguss, L50, M|100/100
|turn|5
|
|t:|1756404288
|move|p2b: Politoed|Protect|p2b: Politoed
|-singleturn|p2b: Politoed|Protect
|move|p2a: Amoonguss|Protect|p2a: Amoonguss
|-singleturn|p2a: Amoonguss|Protect
|move|p1b: Basculegion|Last Respects|p2a: Amoonguss
|-activate|p2a: Amoonguss|move: Protect
|move|p1a: Archaludon|Draco Meteor|p2a: Amoonguss
|-activate|p2a: Amoonguss|move: Protect
|
|-weather|RainDance|[upkeep]
|-heal|p2b: Politoed|26/100|[from] item: Leftovers
|-start|p1b: Basculegion|perish2
|-start|p1a: Archaludon|perish2
|-start|p2b: Politoed|perish2
|upkeep
|turn|6
|
|t:|1756404344
|move|p1b: Basculegion|Last Respects|p2b: Politoed
|-damage|p2b: Politoed|0 fnt
|faint|p2b: Politoed
|move|p1a: Archaludon|Draco Meteor|p2a: Amoonguss
|-damage|p2a: Amoonguss|33/100
|-unboost|p1a: Archaludon|spa|2
|move|p2a: Amoonguss|Pollen Puff|p2: Politoed|[notarget]
|-fail|p2a: Amoonguss
|
|-weather|RainDance|[upkeep]
|-start|p1b: Basculegion|perish1
|-start|p1a: Archaludon|perish1
|upkeep
|turn|7
|
|t:|1756404360
|move|p2a: Amoonguss|Protect|p2a: Amoonguss
|-singleturn|p2a: Amoonguss|Protect
|move|p1b: Basculegion|Last Respects|p2a: Amoonguss
|-activate|p2a: Amoonguss|move: Protect
|move|p1a: Archaludon|Electro Shot||[still]
|-prepare|p1a: Archaludon|Electro Shot
|-boost|p1a: Archaludon|spa|1
|-anim|p1a: Archaludon|Electro Shot|p2a: Amoonguss
|-activate|p2a: Amoonguss|move: Protect
|
|-weather|RainDance|[upkeep]
|-start|p1b: Basculegion|perish0
|-start|p1a: Archaludon|perish0
|faint|p1b: Basculegion
|faint|p1a: Archaludon
|
|win|BenniBenBau
||BenniBenBau is ready for game 2.
|inactive|klaustrophob97 has 30 seconds to confirm battle start!
||klaustrophob97 is ready for game 2.
|uhtml|next|Next: Game 2 of 3
|l|☆klaustrophob97
|player|p1|
