|j|☆ikerros2010
|j|☆teyvgc
|html|ikerros2010teyvgc    
|uhtml|bestof|Game 1 of a best-of-3
|t:|1782614108
|gametype|doubles
|player|p1|ikerros2010|101|1124
|player|p2|teyvgc|rood|1153
|gen|9
|tier|[Gen 9 Champions] VGC 2026 Reg M-B (Bo3)
|rated|
|rule|Species Clause: Limit one of each Pokémon
|rule|Item Clause: Limit 1 of each item
|clearpoke
|poke|p1|Delphox, L50, M|
|poke|p1|Kingambit, L50, M|
|poke|p1|Sinistcha, L50|
|poke|p1|Incineroar, L50, M|
|poke|p1|Sneasler, L50, M|
|poke|p1|Sylveon, L50, F|
|poke|p2|Houndstone, L50, F|
|poke|p2|Tyranitar, L50, F|
|poke|p2|Incineroar, L50, M|
|poke|p2|Farigiraf, L50, M, shiny|
|poke|p2|Garchomp, L50, F, shiny|
|poke|p2|Gholdengo, L50|
|teampreview|4
|showteam|p1|Delphox||Delphoxite|Blaze|HeatWave,Psyshock,NastyPlot,Protect|Timid||M|||50|]Kingambit||BlackGlasses|Defiant|KowtowCleave,SuckerPunch,Protect,SwordsDance|Adamant||M|||50|]Sinistcha||KasibBerry|Hospitality|MatchaGotcha,RagePowder,TrickRoom,Protect|Relaxed|||||50|]Incineroar||SitrusBerry|Intimidate|FlareBlitz,DarkestLariat,FakeOut,PartingShot|Impish||M|||50|]Sneasler||FocusSash|PoisonTouch|CloseCombat,DireClaw,QuickGuard,FakeOut|Jolly||M|||50|]Sylveon||FairyFeather|Pixilate|HyperVoice,Protect,HyperBeam,QuickAttack|Modest||F|||50|
|showteam|p2|Houndstone||FocusSash|SandRush|PsychicFangs,StompingTantrum,LastRespects,Protect|Adamant||F|||50|]Tyranitar||Tyranitarite|SandStream|RockSlide,KnockOff,LowKick,Protect|Adamant||F|||50|]Incineroar||PasshoBerry|Intimidate|FlareBlitz,DarkestLariat,FakeOut,PartingShot|Adamant||M|||50|]Farigiraf||TwistedSpoon|ArmorTail|HyperVoice,TwinBeam,TrickRoom,HelpingHand|Quiet||M|||50|]Garchomp||Garchompite|RoughSkin|StompingTantrum,DragonClaw,RockSlide,Protect|Brave||F|||50|]Gholdengo||ChoiceScarf|GoodasGold|MakeItRain,ShadowBall,Trick,PowerGem|Modest|||||50|
|inactive|Battle timer is ON: inactive players will automatically lose when time's up. (requested by ikerros2010)
|
|t:|1782614125
|teamsize|p1|4
|teamsize|p2|4
|start
|switch|p1a: Delphox|Delphox, L50, M|100/100
|switch|p1b: Incineroar|Incineroar, L50, M|100/100
|switch|p2a: Garchomp|Garchomp, L50, F, shiny|100/100
|switch|p2b: Tyranitar|Tyranitar, L50, F|100/100
|-ability|p1b: Incineroar|Intimidate|boost
|-unboost|p2a: Garchomp|atk|1
|-unboost|p2b: Tyranitar|atk|1
|-weather|Sandstorm|[from] ability: Sand Stream|[of] p2b: Tyranitar
|turn|1
|inactive|ikerros2010 has 30 seconds left.
|
|t:|1782614152
|switch|p1a: Sylveon|Sylveon, L50, F|100/100
|detailschange|p2a: Garchomp|Garchomp-Mega, L50, F, shiny
|-mega|p2a: Garchomp|Garchomp|Garchompite
|move|p1b: Incineroar|Fake Out|p2a: Garchomp
|-damage|p2a: Garchomp|92/100
|cant|p2a: Garchomp|flinch
|move|p2b: Tyranitar|Rock Slide|p1b: Incineroar|[spread] p1a
|-miss|p2b: Tyranitar|p1b: Incineroar
|-damage|p1a: Sylveon|74/100
|
|-weather|Sandstorm|[upkeep]
|-damage|p1a: Sylveon|68/100|[from] Sandstorm
|-damage|p1b: Incineroar|94/100|[from] Sandstorm
|upkeep
|turn|2
|
|t:|1782614173
|move|p1a: Sylveon|Protect|p1a: Sylveon
|-singleturn|p1a: Sylveon|Protect
|move|p2a: Garchomp|Rock Slide|p1b: Incineroar|[spread] p1b
|-activate|p1a: Sylveon|move: Protect
|-supereffective|p1b: Incineroar|1
|-damage|p1b: Incineroar|63/100
|move|p1b: Incineroar|Parting Shot|p2a: Garchomp
|-unboost|p2a: Garchomp|atk|1
|-unboost|p2a: Garchomp|spa|1
|
|t:|1782614184
|switch|p1b: Sneasler|Sneasler, L50, M|100/100|[from] Parting Shot
|move|p2b: Tyranitar|Rock Slide|p1b: Sneasler|[spread] p1b
|-activate|p1a: Sylveon|move: Protect
|-resisted|p1b: Sneasler|1
|-damage|p1b: Sneasler|80/100
|
|-weather|Sandstorm|[upkeep]
|-damage|p1b: Sneasler|74/100|[from] Sandstorm
|-damage|p1a: Sylveon|62/100|[from] Sandstorm
|upkeep
|turn|3
|
|t:|1782614205
|switch|p2a: Gholdengo|Gholdengo, L50|100/100
|move|p2b: Tyranitar|Protect|p2b: Tyranitar
|-singleturn|p2b: Tyranitar|Protect
|move|p1b: Sneasler|Close Combat|p2b: Tyranitar
|-activate|p2b: Tyranitar|move: Protect
|move|p1a: Sylveon|Hyper Voice|p2b: Tyranitar|[spread] p2a
|-activate|p2b: Tyranitar|move: Protect
|-resisted|p2a: Gholdengo|1
|-damage|p2a: Gholdengo|71/100
|
|-weather|Sandstorm|[upkeep]
|-damage|p1b: Sneasler|69/100|[from] Sandstorm
|-damage|p1a: Sylveon|55/100|[from] Sandstorm
|upkeep
|turn|4
|
|t:|1782614230
|switch|p2b: Houndstone|Houndstone, L50, F|100/100
|move|p1a: Sylveon|Protect|p1a: Sylveon
|-singleturn|p1a: Sylveon|Protect
|move|p2a: Gholdengo|Make It Rain|p1a: Sylveon|[spread] p1b
|-activate|p1a: Sylveon|move: Protect
|-damage|p1b: Sneasler|0 fnt
|-unboost|p2a: Gholdengo|spa|2
|faint|p1b: Sneasler
|
|-weather|Sandstorm|[upkeep]
|-damage|p1a: Sylveon|49/100|[from] Sandstorm
|upkeep
|
|t:|1782614234
|switch|p1b: Delphox|Delphox, L50, M|100/100
|turn|5
|
|t:|1782614254
|switch|p2a: Tyranitar|Tyranitar, L50, F|100/100
|detailschange|p1b: Delphox|Delphox-Mega, L50, M
|-mega|p1b: Delphox|Delphox|Delphoxite
|move|p2b: Houndstone|Stomping Tantrum|p1a: Sylveon
|-damage|p1a: Sylveon|22/100
|move|p1b: Delphox|Heat Wave|p2b: Houndstone|[spread] p2a,p2b
|-resisted|p2a: Tyranitar|1
|-damage|p2a: Tyranitar|87/100
|-damage|p2b: Houndstone|49/100
|move|p1a: Sylveon|Hyper Voice|p2b: Houndstone|[spread] p2a,p2b
|-supereffective|p2a: Tyranitar|1
|-damage|p2a: Tyranitar|34/100
|-damage|p2b: Houndstone|0 fnt
|faint|p2b: Houndstone
|
|-weather|none
|upkeep
|
|t:|1782614264
|switch|p2b: Garchomp|Garchomp-Mega, L50, F, shiny|92/100
|turn|6
|inactive|ikerros2010 has 30 seconds left.
|
|t:|1782614293
|switch|p1a: Incineroar|Incineroar, L50, M|63/100
|-ability|p1a: Incineroar|Intimidate|boost
|-unboost|p2a: Tyranitar|atk|1
|-unboost|p2b: Garchomp|atk|1
|move|p1b: Delphox|Heat Wave|p2a: Tyranitar|[spread] p2a,p2b
|-resisted|p2a: Tyranitar|1
|-resisted|p2b: Garchomp|1
|-damage|p2a: Tyranitar|16/100
|-damage|p2b: Garchomp|77/100
|move|p2b: Garchomp|Rock Slide|p1b: Delphox|[spread] p1a,p1b
|-supereffective|p1a: Incineroar|1
|-crit|p1a: Incineroar
|-supereffective|p1b: Delphox|1
|-damage|p1a: Incineroar|1/100
|-damage|p1b: Delphox|55/100
|-enditem|p1a: Incineroar|Sitrus Berry|[eat]
|-heal|p1a: Incineroar|25/100|[from] item: Sitrus Berry
|move|p2a: Tyranitar|Rock Slide|p1a: Incineroar|[spread] p1a,p1b
|-supereffective|p1a: Incineroar|1
|-supereffective|p1b: Delphox|1
|-damage|p1a: Incineroar|0 fnt
|-damage|p1b: Delphox|0 fnt
|faint|p1a: Incineroar
|faint|p1b: Delphox
|
|upkeep
|
|t:|1782614304
|switch|p1b: Sylveon|Sylveon, L50, F|22/100
|turn|7
|
|t:|1782614312
|move|p2b: Garchomp|Stomping Tantrum|p1b: Sylveon
|-damage|p1b: Sylveon|0 fnt
|faint|p1b: Sylveon
|
|win|teyvgc
