|j|☆merr123
|j|☆plebston mcbacon
|html|merr123plebston mcbacon    
|uhtml|bestof|Game 1 of a best-of-3
|t:|1756886307
|gametype|doubles
|player|p1|merr123|sisandbro|1175
|player|p2|plebston mcbacon|will|1000
|gen|9
|tier|[Gen 9] VGC 2025 Reg H (Bo3)
|rated|
|rule|Species Clause: Limit one of each Pokémon
|rule|Item Clause: Limit 1 of each item
|clearpoke
|poke|p1|Sneasler, L50, M|
|poke|p1|Gholdengo, L50|
|poke|p1|Amoonguss, L50, M|
|poke|p1|Incineroar, L50, M|
|poke|p1|Ursaluna-Bloodmoon, L50, M|
|poke|p1|Farigiraf, L50, F|
|poke|p2|Farigiraf, L50, M|
|poke|p2|Ursaluna-Bloodmoon, L50, M|
|poke|p2|Quaquaval, L50, F|
|poke|p2|Whimsicott, L50, F|
|poke|p2|Sneasler, L50, F|
|poke|p2|Volcarona, L50, M|
|teampreview|4
|showteam|p1|Sneasler||ClearAmulet|PoisonTouch|FakeOut,CloseCombat,DireClaw,Protect|||M|||50|,,,,,Water]Gholdengo||MetalCoat|GoodasGold|NastyPlot,MakeItRain,ShadowBall,Protect||||||50|,,,,,Water]Amoonguss||MentalHerb|Regenerator|Spore,RagePowder,PollenPuff,Protect|||M|||50|,,,,,Water]Incineroar||SafetyGoggles|Intimidate|FakeOut,FlareBlitz,KnockOff,PartingShot|||M|||50|,,,,,Ghost]Ursaluna-Bloodmoon||LifeOrb|MindsEye|CalmMind,EarthPower,BloodMoon,Protect|||M|||50|,,,,,Poison]Farigiraf||ThroatSpray|ArmorTail|HyperVoice,Psychic,TrickRoom,Protect|||F|||50|,,,,,Dragon
|showteam|p2|Farigiraf||SafetyGoggles|ArmorTail|PsychicNoise,FoulPlay,HelpingHand,Protect|||M|||50|,,,,,Fairy]Ursaluna-Bloodmoon||LifeOrb|MindsEye|BloodMoon,HyperVoice,EarthPower,Moonblast|||M|||50|,,,,,Normal]Quaquaval||MysticWater|Moxie|AquaStep,AquaJet,CloseCombat,Detect|||F|||50|,,,,,Water]Whimsicott||CovertCloak|Prankster|Encore,Moonblast,Tailwind,HelpingHand|||F|||50|,,,,,Grass]Sneasler||FocusSash|Unburden|CloseCombat,DireClaw,FakeOut,Protect|||F|||50|,,,,,Flying]Volcarona||MentalHerb|FlameBody|GigaDrain,BugBuzz,QuiverDance,FieryDance|||M|||50|,,,,,Grass
|inactive|Battle timer is ON: inactive players will automatically lose when time's up. (requested by merr123)
|inactive|merr123 has 60 seconds left.
|inactive|merr123 has 30 seconds left.
|inactive|merr123 has 20 seconds left.
|inactive|plebston mcbacon has 60 seconds left.
|inactive|merr123 has 15 seconds left.
|inactive|merr123 has 10 seconds left.
|inactive|merr123 has 5 seconds left.
|
|t:|1756886393
|teamsize|p1|4
|teamsize|p2|4
|start
|switch|p1a: Farigiraf|Farigiraf, L50, F|100/100
|switch|p1b: Amoonguss|Amoonguss, L50, M|100/100
|switch|p2a: Whimsicott|Whimsicott, L50, F|100/100
|switch|p2b: Farigiraf|Farigiraf, L50, M|100/100
|turn|1
|inactive|merr123 has 30 seconds left.
|
|t:|1756886421
|switch|p1b: Ursaluna|Ursaluna-Bloodmoon, L50, M|100/100
|move|p2a: Whimsicott|Tailwind|p2a: Whimsicott
|-sidestart|p2: plebston mcbacon|move: Tailwind
|move|p2b: Farigiraf|Psychic Noise|p1b: Ursaluna
|-damage|p1b: Ursaluna|66/100
|-start|p1b: Ursaluna|move: Heal Block
|move|p1a: Farigiraf|Trick Room|p1a: Farigiraf
|-fieldstart|move: Trick Room|[of] p1a: Farigiraf
|
|upkeep
|turn|2
|inactive|merr123 has 30 seconds left.
|inactive|merr123 has 20 seconds left.
|
|t:|1756886459
|move|p1b: Ursaluna|Protect|p1b: Ursaluna
|-singleturn|p1b: Ursaluna|Protect
|move|p1a: Farigiraf|Hyper Voice|p2a: Whimsicott|[spread] p2a,p2b
|-crit|p2a: Whimsicott
|-damage|p2a: Whimsicott|38/100
|-damage|p2b: Farigiraf|70/100
|-enditem|p1a: Farigiraf|Throat Spray
|-boost|p1a: Farigiraf|spa|1|[from] item: Throat Spray
|move|p2b: Farigiraf|Psychic Noise|p1b: Ursaluna
|-activate|p1b: Ursaluna|move: Protect
|move|p2a: Whimsicott|Moonblast|p1b: Ursaluna
|-activate|p1b: Ursaluna|move: Protect
|
|-end|p1b: Ursaluna|move: Heal Block
|upkeep
|turn|3
|
|t:|1756886482
|move|p1a: Farigiraf|Hyper Voice|p2a: Whimsicott|[spread] p2a,p2b
|-damage|p2a: Whimsicott|0 fnt
|-damage|p2b: Farigiraf|21/100
|faint|p2a: Whimsicott
|move|p1b: Ursaluna|Calm Mind|p1b: Ursaluna
|-boost|p1b: Ursaluna|spa|1
|-boost|p1b: Ursaluna|spd|1
|move|p2b: Farigiraf|Psychic Noise|p1b: Ursaluna
|-damage|p1b: Ursaluna|43/100
|-start|p1b: Ursaluna|move: Heal Block
|
|upkeep
|
|t:|1756886490
|switch|p2a: Sneasler|Sneasler, L50, F|100/100
|turn|4
|
|t:|1756886512
|move|p2a: Sneasler|Protect|p2a: Sneasler
|-singleturn|p2a: Sneasler|Protect
|move|p1a: Farigiraf|Hyper Voice|p2b: Farigiraf|[spread] p2b
|-activate|p2a: Sneasler|move: Protect
|-damage|p2b: Farigiraf|0 fnt
|faint|p2b: Farigiraf
|move|p1b: Ursaluna|Blood Moon|p2a: Sneasler
|-activate|p2a: Sneasler|move: Protect
|
|-end|p1b: Ursaluna|move: Heal Block
|-sideend|p2: plebston mcbacon|move: Tailwind
|upkeep
|
|t:|1756886517
|switch|p2b: Ursaluna|Ursaluna-Bloodmoon, L50, M|100/100
|turn|5
|
|t:|1756886536
|-terastallize|p2b: Ursaluna|Normal
|move|p1a: Farigiraf|Hyper Voice|p2a: Sneasler|[spread] p2a,p2b
|-damage|p2a: Sneasler|36/100
|-damage|p2b: Ursaluna|37/100
|move|p2b: Ursaluna|Hyper Voice|p1a: Farigiraf|[spread] p1a,p1b
|-damage|p1a: Farigiraf|28/100
|-damage|p1b: Ursaluna|0 fnt
|faint|p1b: Ursaluna
|-damage|p2b: Ursaluna|27/100|[from] item: Life Orb
|move|p2a: Sneasler|Close Combat|p1a: Farigiraf
|-damage|p1a: Farigiraf|0 fnt
|-unboost|p2a: Sneasler|def|1
|-unboost|p2a: Sneasler|spd|1
|faint|p1a: Farigiraf
|
|-fieldend|move: Trick Room
|upkeep
|
|t:|1756886547
|switch|p1b: Incineroar|Incineroar, L50, M|100/100
|switch|p1a: Amoonguss|Amoonguss, L50, M|100/100
|-ability|p1b: Incineroar|Intimidate|boost
|-unboost|p2a: Sneasler|atk|1
|-unboost|p2b: Ursaluna|atk|1
|turn|6
|inactive|merr123 has 30 seconds left.
|
|t:|1756886574
|-terastallize|p1b: Incineroar|Ghost
|move|p1b: Incineroar|Fake Out|p2b: Ursaluna
|-damage|p2b: Ursaluna|20/100
|move|p2a: Sneasler|Close Combat|p1b: Incineroar
|-immune|p1b: Incineroar
|cant|p2b: Ursaluna|flinch
|move|p1a: Amoonguss|Spore|p2b: Ursaluna
|-status|p2b: Ursaluna|slp|[from] move: Spore
|
|upkeep
|turn|7
|
|t:|1756886587
|move|p2a: Sneasler|Protect|p2a: Sneasler
|-singleturn|p2a: Sneasler|Protect
|move|p1b: Incineroar|Flare Blitz|p2b: Ursaluna
|-damage|p2b: Ursaluna|0 fnt
|faint|p2b: Ursaluna
|-damage|p1b: Incineroar|95/100|[from] Recoil
|move|p1a: Amoonguss|Spore|p2a: Sneasler
|-activate|p2a: Sneasler|move: Protect
|
|upkeep
|turn|8
|
|t:|1756886591
|move|p1a: Amoonguss|Rage Powder|p1a: Amoonguss
|-singleturn|p1a: Amoonguss|move: Rage Powder
|move|p2a: Sneasler|Dire Claw|p1a: Amoonguss
|-damage|p1a: Amoonguss|76/100
|-status|p1a: Amoonguss|slp
|move|p1b: Incineroar|Flare Blitz|p2a: Sneasler
|-damage|p2a: Sneasler|0 fnt
|faint|p2a: Sneasler
|-damage|p1b: Incineroar|86/100|[from] Recoil
|
|win|merr123
