|j|☆prod_axel
|j|☆Eneix1234
|html|prod_axelEneix1234    
|uhtml|bestof|Game 1 of a best-of-3
|t:|1782243599
|gametype|doubles
|player|p1|prod_axel|unknown|1095
|player|p2|Eneix1234|169|1068
|gen|9
|tier|[Gen 9 Champions] VGC 2026 Reg M-B (Bo3)
|rated|
|rule|Species Clause: Limit one of each Pokémon
|rule|Item Clause: Limit 1 of each item
|clearpoke
|poke|p1|Delphox, L50, M|
|poke|p1|Floette-Eternal, L50, F|
|poke|p1|Kingambit, L50, F|
|poke|p1|Sneasler, L50, M|
|poke|p1|Incineroar, L50, F|
|poke|p1|Sinistcha, L50|
|poke|p2|Froslass, L50, F|
|poke|p2|Tinkaton, L50, F|
|poke|p2|Arcanine, L50, M|
|poke|p2|Rotom-Wash, L50|
|poke|p2|Meowscarada, L50, F|
|poke|p2|Ditto, L50|
|teampreview|4
|showteam|p1|Delphox||Delphoxite|Blaze|HeatWave,Psyshock,NastyPlot,Protect|Timid||M|||50|]Floette-Eternal||Floettite|FlowerVeil|Moonblast,DazzlingGleam,CalmMind,Protect|Modest||F|||50|]Kingambit||BlackGlasses|Defiant|SuckerPunch,KowtowCleave,SwordsDance,Protect|Adamant||F|||50|]Sneasler||FocusSash|PoisonTouch|FakeOut,CloseCombat,DireClaw,QuickGuard|Jolly||M|||50|]Incineroar||SitrusBerry|Intimidate|PartingShot,FlareBlitz,ThroatChop,FakeOut|Impish||F|||50|]Sinistcha||KasibBerry|Hospitality|RagePowder,MatchaGotcha,TrickRoom,Protect|Bold|||||50|
|showteam|p2|Froslass||Froslassite|CursedBody|Blizzard,ShadowBall,AuroraVeil,Protect|Timid||F|||50|]Tinkaton||SitrusBerry|OwnTempo|FakeOut,SkillSwap,GigatonHammer,KnockOff|Jolly||F|||50|]Arcanine||Charcoal|Intimidate|HeatWave,Flamethrower,Protect,WillOWisp|Timid||M|||50|]Rotom-Wash||ChoiceScarf|Levitate|VoltSwitch,Thunderbolt,HydroPump,Trick|Modest|||||50|]Meowscarada||FocusSash|Protean|FlowerTrick,Protect,PlayRough,ThroatChop|Jolly||F|||50|]Ditto||Leftovers|Imposter|Transform|Serious|||||50|
|inactive|Battle timer is ON: inactive players will automatically lose when time's up. (requested by prod_axel)
|inactive|prod_axel has 60 seconds left.
|inactive|Eneix1234 has 60 seconds left.
|inactive|prod_axel has 30 seconds left.
|
|t:|1782243666
|teamsize|p1|4
|teamsize|p2|4
|start
|switch|p1a: Incineroar|Incineroar, L50, F|100/100
|switch|p1b: Delphox|Delphox, L50, M|100/100
|switch|p2a: Rotom|Rotom-Wash, L50|100/100
|switch|p2b: Arcanine|Arcanine, L50, M|100/100
|-ability|p2b: Arcanine|Intimidate|boost
|-unboost|p1a: Incineroar|atk|1
|-unboost|p1b: Delphox|atk|1
|-ability|p1a: Incineroar|Intimidate|boost
|-unboost|p2a: Rotom|atk|1
|-unboost|p2b: Arcanine|atk|1
|turn|1
|
|t:|1782243689
|detailschange|p1b: Delphox|Delphox-Mega, L50, M
|-mega|p1b: Delphox|Delphox|Delphoxite
|move|p1a: Incineroar|Fake Out|p2a: Rotom
|-damage|p2a: Rotom|90/100
|cant|p2a: Rotom|flinch
|move|p1b: Delphox|Nasty Plot|p1b: Delphox
|-boost|p1b: Delphox|spa|2
|move|p2b: Arcanine|Heat Wave|p1a: Incineroar|[spread] 
|-miss|p2b: Arcanine|p1a: Incineroar
|-miss|p2b: Arcanine|p1b: Delphox
|
|upkeep
|turn|2
|
|t:|1782243705
|switch|p1a: Sinistcha|Sinistcha, L50|100/100
|move|p1b: Delphox|Protect|p1b: Delphox
|-singleturn|p1b: Delphox|Protect
|move|p2a: Rotom|Hydro Pump|p1b: Delphox
|-activate|p1b: Delphox|move: Protect
|move|p2b: Arcanine|Heat Wave|p1b: Delphox|[spread] p1a
|-activate|p1b: Delphox|move: Protect
|-supereffective|p1a: Sinistcha|1
|-damage|p1a: Sinistcha|25/100
|
|upkeep
|turn|3
|
|t:|1782243720
|move|p1a: Sinistcha|Rage Powder|p1a: Sinistcha
|-singleturn|p1a: Sinistcha|move: Rage Powder
|move|p2a: Rotom|Hydro Pump|p1a: Sinistcha
|-resisted|p1a: Sinistcha|1
|-damage|p1a: Sinistcha|0 fnt
|faint|p1a: Sinistcha
|move|p1b: Delphox|Psyshock|p2a: Rotom
|-damage|p2a: Rotom|0 fnt
|faint|p2a: Rotom
|move|p2b: Arcanine|Heat Wave|p1b: Delphox
|-resisted|p1b: Delphox|1
|-damage|p1b: Delphox|81/100
|
|upkeep
|
|t:|1782243738
|switch|p2a: Ditto|Ditto, L50|100/100
|switch|p1a: Incineroar|Incineroar, L50, F|100/100
|-transform|p2a: Ditto|p1b: Delphox|[from] ability: Imposter
|-ability|p1a: Incineroar|Intimidate|boost
|-unboost|p2a: Ditto|atk|1
|-unboost|p2b: Arcanine|atk|1
|turn|4
|inactive|prod_axel has 30 seconds left.
|
|t:|1782243770
|move|p2a: Ditto|Protect|p2a: Ditto
|-singleturn|p2a: Ditto|Protect
|move|p1b: Delphox|Psyshock|p2b: Arcanine
|-crit|p2b: Arcanine
|-damage|p2b: Arcanine|0 fnt
|faint|p2b: Arcanine
|move|p1a: Incineroar|Throat Chop|p2a: Ditto
|-activate|p2a: Ditto|move: Protect
|
|upkeep
|
|t:|1782243780
|switch|p2b: Froslass|Froslass, L50, F|100/100
|turn|5
|inactive|prod_axel has 30 seconds left.
|inactive|Eneix1234 has 30 seconds left.
|
|t:|1782243813
|detailschange|p2b: Froslass|Froslass-Mega, L50, F
|-mega|p2b: Froslass|Froslass|Froslassite
|-weather|Snowscape|[from] ability: Snow Warning|[of] p2b: Froslass
|move|p2b: Froslass|Protect|p2b: Froslass
|-singleturn|p2b: Froslass|Protect
|move|p1b: Delphox|Protect|p1b: Delphox
|-singleturn|p1b: Delphox|Protect
|move|p2a: Ditto|Psyshock|p1b: Delphox
|-activate|p1b: Delphox|move: Protect
|move|p1a: Incineroar|Throat Chop|p2a: Ditto
|-supereffective|p2a: Ditto|1
|-damage|p2a: Ditto|26/100
|-start|p2a: Ditto|Throat Chop|[silent]
|
|-weather|Snowscape|[upkeep]
|-heal|p2a: Ditto|32/100|[from] item: Leftovers
|upkeep
|turn|6
|
|t:|1782243833
|move|p2b: Froslass|Shadow Ball|p1b: Delphox
|-supereffective|p1b: Delphox|1
|-crit|p1b: Delphox
|-damage|p1b: Delphox|0 fnt
|faint|p1b: Delphox
|move|p2a: Ditto|Psyshock|p1a: Incineroar
|-immune|p1a: Incineroar
|move|p1a: Incineroar|Flare Blitz|p2b: Froslass
|-supereffective|p2b: Froslass|1
|-damage|p2b: Froslass|0 fnt
|faint|p2b: Froslass
|-damage|p1a: Incineroar|75/100|[from] Recoil
|
|-weather|Snowscape|[upkeep]
|-heal|p2a: Ditto|38/100|[from] item: Leftovers
|-end|p2a: Ditto|Throat Chop|[silent]
|upkeep
|
|t:|1782243840
|switch|p1b: Sneasler|Sneasler, L50, M|100/100
|turn|7
|
|t:|1782243850
|move|p1b: Sneasler|Fake Out|p2a: Ditto
|-damage|p2a: Ditto|19/100
|cant|p2a: Ditto|flinch
|move|p1a: Incineroar|Throat Chop|p2a: Ditto
|-supereffective|p2a: Ditto|1
|-damage|p2a: Ditto|0 fnt
|faint|p2a: Ditto
|
|win|prod_axel
