|j|☆Jun RH
|j|☆Realfrytki
|html|Jun RHRealfrytki    
|uhtml|bestof|Game 3 of a best-of-3
|t:|1756296869
|gametype|doubles
|player|p1|Jun RH|burglar|1107
|player|p2|Realfrytki|veteranf|1242
|gen|9
|tier|[Gen 9] VGC 2025 Reg H (Bo3)
|rated|
|rule|Species Clause: Limit one of each Pokémon
|rule|Item Clause: Limit 1 of each item
|clearpoke
|poke|p1|Gholdengo, L50|
|poke|p1|Incineroar, L50, F|
|poke|p1|Amoonguss, L50, M|
|poke|p1|Dragonite, L50, F|
|poke|p1|Pelipper, L50, F|
|poke|p1|Archaludon, L50, F|
|poke|p2|Volcarona, L50, M|
|poke|p2|Rillaboom, L50, F|
|poke|p2|Dragonite, L50, F|
|poke|p2|Kingambit, L50, M|
|poke|p2|Sneasler, L50, F|
|poke|p2|Electabuzz, L50, F|
|teampreview|4
|showteam|p1|Gholdengo||LifeOrb|GoodasGold|MakeItRain,ShadowBall,NastyPlot,Protect||||||50|,,,,,Water]Incineroar||SafetyGoggles|Intimidate|KnockOff,FlareBlitz,FakeOut,PartingShot|||F|||50|,,,,,Ghost]Amoonguss||RockyHelmet|Regenerator|RagePowder,PollenPuff,Protect,Spore|||M|||50|,,,,,Fairy]Dragonite||LoadedDice|Multiscale|ScaleShot,Tailwind,Protect,Haze|||F|||50|,,,,,Fairy]Pelipper||FocusSash|Drizzle|Hurricane,WeatherBall,WideGuard,Protect|||F|||50|,,,,,Stellar]Archaludon||AssaultVest|Stamina|FlashCannon,DracoMeteor,ElectroShot,BodyPress|||F|||50|,,,,,Grass
|showteam|p2|Volcarona||Leftovers|FlameBody|HeatWave,TeraBlast,QuiverDance,Protect|||M|||50|,,,,,Fairy]Rillaboom||MiracleSeed|GrassySurge|WoodHammer,GrassyGlide,FakeOut,HighHorsepower|||F|||50|,,,,,Fire]Dragonite||LoadedDice|Multiscale|ScaleShot,ExtremeSpeed,Haze,Protect|||F|||50|,,,,,Steel]Kingambit||AssaultVest|Defiant|KowtowCleave,SuckerPunch,IronHead,TeraBlast|||M|||50|,,,,,Flying]Sneasler||FocusSash|Unburden|CloseCombat,DireClaw,Coaching,FakeOut|||F|||50|,,,,,Stellar]Electabuzz||Eviolite|VitalSpirit|Thunderbolt,FollowMe,Taunt,Protect|||F|||50|,,,,,Ghost
|j| qqllb
|l| qqllb
|
|t:|1756296929
|teamsize|p1|4
|teamsize|p2|4
|start
|switch|p1a: Incineroar|Incineroar, L50, F|100/100
|switch|p1b: Amoonguss|Amoonguss, L50, M|100/100
|switch|p2a: Rillaboom|Rillaboom, L50, F|100/100
|switch|p2b: Volcarona|Volcarona, L50, M|100/100
|-ability|p1a: Incineroar|Intimidate|boost
|-unboost|p2a: Rillaboom|atk|1
|-unboost|p2b: Volcarona|atk|1
|-fieldstart|move: Grassy Terrain|[from] ability: Grassy Surge|[of] p2a: Rillaboom
|turn|1
|
|t:|1756296949
|switch|p2b: Electabuzz|Electabuzz, L50, F|100/100
|move|p1a: Incineroar|Fake Out|p2a: Rillaboom
|-damage|p2a: Rillaboom|91/100
|cant|p2a: Rillaboom|flinch
|move|p1b: Amoonguss|Spore|p2b: Electabuzz
|-immune|p2b: Electabuzz|[from] ability: Vital Spirit
|
|-heal|p2a: Rillaboom|97/100|[from] Grassy Terrain
|upkeep
|turn|2
|
|t:|1756296974
|move|p2b: Electabuzz|Taunt|p1b: Amoonguss
|-start|p1b: Amoonguss|move: Taunt
|move|p1a: Incineroar|Knock Off|p2b: Electabuzz
|-damage|p2b: Electabuzz|72/100
|-enditem|p2b: Electabuzz|Eviolite|[from] move: Knock Off|[of] p1a: Incineroar
|move|p2a: Rillaboom|High Horsepower|p1a: Incineroar
|-supereffective|p1a: Incineroar
|-damage|p1a: Incineroar|53/100
|move|p1b: Amoonguss|Pollen Puff|p1a: Incineroar
|-heal|p1a: Incineroar|100/100
|
|-heal|p2b: Electabuzz|78/100|[from] Grassy Terrain
|-heal|p2a: Rillaboom|100/100|[from] Grassy Terrain
|upkeep
|turn|3
|
|t:|1756296998
|switch|p2a: Sneasler|Sneasler, L50, F|100/100
|move|p2b: Electabuzz|Thunderbolt|p1b: Amoonguss
|-resisted|p1b: Amoonguss
|-damage|p1b: Amoonguss|87/100
|move|p1a: Incineroar|Flare Blitz|p2b: Electabuzz
|-damage|p2b: Electabuzz|25/100
|-damage|p1a: Incineroar|85/100|[from] Recoil
|move|p1b: Amoonguss|Pollen Puff|p1a: Incineroar
|-heal|p1a: Incineroar|100/100
|
|-heal|p2b: Electabuzz|31/100|[from] Grassy Terrain
|-heal|p1b: Amoonguss|93/100|[from] Grassy Terrain
|upkeep
|turn|4
|
|t:|1756297043
|switch|p2b: Volcarona|Volcarona, L50, M|100/100
|-terastallize|p1a: Incineroar|Ghost
|move|p2a: Sneasler|Dire Claw|p1b: Amoonguss
|-damage|p1b: Amoonguss|60/100
|-damage|p2a: Sneasler|84/100|[from] item: Rocky Helmet|[of] p1b: Amoonguss
|move|p1a: Incineroar|Flare Blitz|p2b: Volcarona
|-damage|p2b: Volcarona|40/100
|-damage|p1a: Incineroar|80/100|[from] Recoil
|move|p1b: Amoonguss|Pollen Puff|p2a: Sneasler
|-resisted|p2a: Sneasler
|-damage|p2a: Sneasler|78/100
|
|-heal|p2a: Sneasler|84/100|[from] Grassy Terrain
|-heal|p2b: Volcarona|46/100|[from] Grassy Terrain
|-heal|p2b: Volcarona|52/100|[from] item: Leftovers
|-heal|p1a: Incineroar|87/100|[from] Grassy Terrain
|-heal|p1b: Amoonguss|66/100|[from] Grassy Terrain
|-end|p1b: Amoonguss|move: Taunt
|upkeep
|turn|5
|
|t:|1756297079
|switch|p1b: Pelipper|Pelipper, L50, F|100/100
|-weather|RainDance|[from] ability: Drizzle|[of] p1b: Pelipper
|move|p2b: Volcarona|Protect|p2b: Volcarona
|-singleturn|p2b: Volcarona|Protect
|move|p2a: Sneasler|Dire Claw|p1b: Pelipper
|-crit|p1b: Pelipper
|-damage|p1b: Pelipper|15/100
|move|p1a: Incineroar|Knock Off|p2b: Volcarona
|-activate|p2b: Volcarona|move: Protect
|
|-weather|RainDance|[upkeep]
|-heal|p2a: Sneasler|90/100|[from] Grassy Terrain
|-heal|p2b: Volcarona|58/100|[from] Grassy Terrain
|-heal|p2b: Volcarona|65/100|[from] item: Leftovers
|-heal|p1a: Incineroar|93/100|[from] Grassy Terrain
|-fieldend|move: Grassy Terrain
|upkeep
|turn|6
|
|t:|1756297101
|switch|p2b: Rillaboom|Rillaboom, L50, F|100/100
|-fieldstart|move: Grassy Terrain|[from] ability: Grassy Surge|[of] p2b: Rillaboom
|move|p1b: Pelipper|Protect|p1b: Pelipper
|-singleturn|p1b: Pelipper|Protect
|move|p2a: Sneasler|Dire Claw|p1b: Pelipper
|-activate|p1b: Pelipper|move: Protect
|move|p1a: Incineroar|Knock Off|p2b: Rillaboom
|-damage|p2b: Rillaboom|62/100
|-enditem|p2b: Rillaboom|Miracle Seed|[from] move: Knock Off|[of] p1a: Incineroar
|
|-weather|RainDance|[upkeep]
|-heal|p2a: Sneasler|95/100|[from] Grassy Terrain
|-heal|p1a: Incineroar|99/100|[from] Grassy Terrain
|-heal|p2b: Rillaboom|68/100|[from] Grassy Terrain
|upkeep
|turn|7
|
|t:|1756297131
|switch|p1b: Amoonguss|Amoonguss, L50, M|99/100
|move|p2a: Sneasler|Dire Claw|p1b: Amoonguss
|-damage|p1b: Amoonguss|69/100
|-damage|p2a: Sneasler|79/100|[from] item: Rocky Helmet|[of] p1b: Amoonguss
|move|p1a: Incineroar|Parting Shot|p2b: Rillaboom
|-unboost|p2b: Rillaboom|atk|1
|-unboost|p2b: Rillaboom|spa|1
|
|t:|1756297144
|switch|p1a: Dragonite|Dragonite, L50, F|100/100|[from] Parting Shot
|move|p2b: Rillaboom|Wood Hammer|p1a: Dragonite
|-resisted|p1a: Dragonite
|-damage|p1a: Dragonite|93/100
|-damage|p2b: Rillaboom|66/100|[from] Recoil
|
|-weather|RainDance|[upkeep]
|-heal|p2a: Sneasler|84/100|[from] Grassy Terrain
|-heal|p2b: Rillaboom|72/100|[from] Grassy Terrain
|-heal|p1b: Amoonguss|75/100|[from] Grassy Terrain
|upkeep
|turn|8
|
|t:|1756297179
|switch|p2a: Electabuzz|Electabuzz, L50, F|31/100
|move|p1b: Amoonguss|Rage Powder|p1b: Amoonguss
|-singleturn|p1b: Amoonguss|move: Rage Powder
|move|p1a: Dragonite|Scale Shot|p2a: Electabuzz
|-damage|p2a: Electabuzz|13/100
|-damage|p2a: Electabuzz|0 fnt
|faint|p2a: Electabuzz
|-hitcount|p2: Electabuzz|2
|-unboost|p1a: Dragonite|def|1
|-boost|p1a: Dragonite|spe|1
|move|p2b: Rillaboom|High Horsepower|p1b: Amoonguss
|-damage|p1b: Amoonguss|56/100
|-damage|p2b: Rillaboom|55/100|[from] item: Rocky Helmet|[of] p1b: Amoonguss
|
|-weather|RainDance|[upkeep]
|-heal|p2b: Rillaboom|61/100|[from] Grassy Terrain
|-heal|p1b: Amoonguss|62/100|[from] Grassy Terrain
|upkeep
|
|t:|1756297196
|switch|p2a: Volcarona|Volcarona, L50, M|65/100
|turn|9
|
|t:|1756297211
|switch|p2b: Sneasler|Sneasler, L50, F|84/100
|move|p2a: Volcarona|Protect|p2a: Volcarona
|-singleturn|p2a: Volcarona|Protect
|move|p1a: Dragonite|Scale Shot|p2b: Sneasler
|-damage|p2b: Sneasler|61/100
|-damage|p2b: Sneasler|40/100
|-damage|p2b: Sneasler|18/100
|-damage|p2b: Sneasler|0 fnt
|faint|p2b: Sneasler
|-hitcount|p2: Sneasler|4
|-unboost|p1a: Dragonite|def|1
|-boost|p1a: Dragonite|spe|1
|move|p1b: Amoonguss|Spore|p2a: Volcarona
|-activate|p2a: Volcarona|move: Protect
|
|-weather|none
|-heal|p2a: Volcarona|71/100|[from] Grassy Terrain
|-heal|p2a: Volcarona|77/100|[from] item: Leftovers
|-heal|p1b: Amoonguss|68/100|[from] Grassy Terrain
|upkeep
|
|t:|1756297231
|switch|p2b: Rillaboom|Rillaboom, L50, F|61/100
|turn|10
|
|t:|1756297243
|switch|p1a: Pelipper|Pelipper, L50, F|15/100
|-weather|RainDance|[from] ability: Drizzle|[of] p1a: Pelipper
|-terastallize|p2a: Volcarona|Fairy
|move|p2b: Rillaboom|Fake Out|p1a: Pelipper
|-damage|p1a: Pelipper|0 fnt
|faint|p1a: Pelipper
|move|p2a: Volcarona|Heat Wave|p1b: Amoonguss
|-supereffective|p1b: Amoonguss
|-damage|p1b: Amoonguss|27/100
|move|p1b: Amoonguss|Spore|p2a: Volcarona
|-status|p2a: Volcarona|slp|[from] move: Spore
|
|-weather|RainDance|[upkeep]
|-heal|p2a: Volcarona|83/100 slp|[from] Grassy Terrain
|-heal|p2a: Volcarona|90/100 slp|[from] item: Leftovers
|-heal|p2b: Rillaboom|67/100|[from] Grassy Terrain
|-heal|p1b: Amoonguss|33/100|[from] Grassy Terrain
|-fieldend|move: Grassy Terrain
|upkeep
|
|t:|1756297267
|switch|p1a: Incineroar|Incineroar, L50, F, tera:Ghost|99/100
|-ability|p1a: Incineroar|Intimidate|boost
|-unboost|p2a: Volcarona|atk|1
|-unboost|p2b: Rillaboom|atk|1
|turn|11
|
|t:|1756297278
|switch|p1b: Dragonite|Dragonite, L50, F|93/100
|cant|p2a: Volcarona|slp
|move|p1a: Incineroar|Knock Off|p2a: Volcarona
|-resisted|p2a: Volcarona
|-damage|p2a: Volcarona|65/100 slp
|-enditem|p2a: Volcarona|Leftovers|[from] move: Knock Off|[of] p1a: Incineroar
|move|p2b: Rillaboom|Wood Hammer|p1a: Incineroar
|-damage|p1a: Incineroar|55/100
|-damage|p2b: Rillaboom|53/100|[from] Recoil
|
|-weather|RainDance|[upkeep]
|upkeep
|turn|12
|
|t:|1756297302
|-curestatus|p2a: Volcarona|slp|[msg]
|move|p2a: Volcarona|Tera Blast|p1b: Dragonite|[anim] Tera Blast Fairy
|-supereffective|p1b: Dragonite
|-damage|p1b: Dragonite|6/100
|move|p1b: Dragonite|Scale Shot|p2b: Rillaboom
|-damage|p2b: Rillaboom|40/100
|-damage|p2b: Rillaboom|27/100
|-damage|p2b: Rillaboom|14/100
|-damage|p2b: Rillaboom|0 fnt
|faint|p2b: Rillaboom
|-hitcount|p2: Rillaboom|4
|-unboost|p1b: Dragonite|def|1
|-boost|p1b: Dragonite|spe|1
|move|p1a: Incineroar|Parting Shot|p2a: Volcarona
|-unboost|p2a: Volcarona|atk|1
|-unboost|p2a: Volcarona|spa|1
|
|t:|1756297320
|switch|p1a: Amoonguss|Amoonguss, L50, M|66/100|[from] Parting Shot
|
|-weather|RainDance|[upkeep]
|upkeep
|turn|13
|
|t:|1756297331
|switch|p1b: Incineroar|Incineroar, L50, F, tera:Ghost|55/100
|-ability|p1b: Incineroar|Intimidate|boost
|-unboost|p2a: Volcarona|atk|1
|move|p2a: Volcarona|Heat Wave|p1a: Amoonguss|[spread] p1a,p1b
|-supereffective|p1a: Amoonguss
|-damage|p1a: Amoonguss|46/100
|-damage|p1b: Incineroar|46/100
|move|p1a: Amoonguss|Spore|p2a: Volcarona
|-status|p2a: Volcarona|slp|[from] move: Spore
|
|-weather|RainDance|[upkeep]
|upkeep
|turn|14
|
|t:|1756297352
|cant|p2a: Volcarona|slp
|move|p1b: Incineroar|Parting Shot|p2a: Volcarona
|-unboost|p2a: Volcarona|atk|1
|-unboost|p2a: Volcarona|spa|1
|
|t:|1756297358
|switch|p1b: Dragonite|Dragonite, L50, F|6/100|[from] Parting Shot
|move|p1a: Amoonguss|Pollen Puff|p1b: Dragonite
|-heal|p1b: Dragonite|56/100
|
|-weather|none
|upkeep
|turn|15
|
|t:|1756297374
|switch|p1b: Incineroar|Incineroar, L50, F, tera:Ghost|46/100
|-ability|p1b: Incineroar|Intimidate|boost
|-unboost|p2a: Volcarona|atk|1
|cant|p2a: Volcarona|slp
|move|p1a: Amoonguss|Pollen Puff|p1b: Incineroar
|-heal|p1b: Incineroar|95/100
|
|upkeep
|turn|16
|
|t:|1756297390
|switch|p1a: Dragonite|Dragonite, L50, F|56/100
|-curestatus|p2a: Volcarona|slp|[msg]
|move|p2a: Volcarona|Quiver Dance|p2a: Volcarona
|-boost|p2a: Volcarona|spa|1
|-boost|p2a: Volcarona|spd|1
|-boost|p2a: Volcarona|spe|1
|move|p1b: Incineroar|Flare Blitz|p2a: Volcarona
|-damage|p2a: Volcarona|10/100
|-status|p1b: Incineroar|brn|[from] ability: Flame Body|[of] p2a: Volcarona
|-damage|p1b: Incineroar|77/100 brn|[from] Recoil
|
|-damage|p1b: Incineroar|71/100 brn|[from] brn
|upkeep
|turn|17
|
|t:|1756297408
|move|p2a: Volcarona|Tera Blast|p1b: Incineroar|[anim] Tera Blast Fairy
|-damage|p1b: Incineroar|47/100 brn
|move|p1a: Dragonite|Haze|p1a: Dragonite
|-clearallboost
|move|p1b: Incineroar|Flare Blitz|p2a: Volcarona
|-damage|p2a: Volcarona|0 fnt
|faint|p2a: Volcarona
|-damage|p1b: Incineroar|44/100 brn|[from] Recoil
|
|win|Jun RH
|raw|Jun RH's rating: 1107 → 1141(+34 for winning)
|raw|Realfrytki's rating: 1242 → 1208(-34 for losing)
