|j|☆pancekk
|j|☆angusgrind13
|html|pancekkangusgrind13    
|uhtml|bestof|Game 1 of a best-of-3
|t:|1785140285
|gametype|doubles
|player|p1|pancekk|265|1000
|player|p2|angusgrind13|pokemonranger-gen4|1159
|gen|9
|tier|[Gen 9 Champions] VGC 2026 Reg M-B (Bo3)
|rated|
|rule|Species Clause: Limit one of each Pokémon
|rule|Item Clause: Limit 1 of each item
|clearpoke
|poke|p1|Chandelure, L50, F|
|poke|p1|Malamar, L50, F|
|poke|p1|Froslass, L50, F|
|poke|p1|Rotom-Wash, L50|
|poke|p1|Sneasler, L50, M|
|poke|p1|Kingambit, L50, F|
|poke|p2|Primarina, L50, F|
|poke|p2|Kingambit, L50, M|
|poke|p2|Froslass, L50, F|
|poke|p2|Sneasler, L50, F|
|poke|p2|Lycanroc-Dusk, L50, F|
|poke|p2|Dragonite, L50, M|
|teampreview|4
|showteam|p1|Chandelure||Chandelurite|Infiltrator|Protect,ShadowBall,Overheat,EnergyBall|Timid||F|||50|]Malamar||ChoiceScarf|Contrary|Protect,SkillSwap,KnockOff,Switcheroo|Jolly||F|||50|]Froslass||Froslassite|SnowCloak|Protect,AuroraVeil,Blizzard,ShadowBall|Timid||F|||50|]Rotom-Wash||Leftovers|Levitate|VoltSwitch,Reflect,HydroPump,WillOWisp|Bold|||||50|]Sneasler||FocusSash|Unburden|CloseCombat,DireClaw,FakeOut,QuickGuard|Adamant||M|||50|]Kingambit||ExpertBelt|SupremeOverlord|Protect,IronHead,KowtowCleave,SuckerPunch|Adamant||F|||50|
|showteam|p2|Primarina||LifeOrb|LiquidVoice|HyperVoice,Moonblast,Haze,Protect|Modest||F|||50|]Kingambit||BlackGlasses|Defiant|KowtowCleave,SuckerPunch,SwordsDance,Protect|Adamant||M|||50|]Froslass||Froslassite|CursedBody|Blizzard,ShadowBall,AuroraVeil,Protect|Timid||F|||50|]Sneasler||WhiteHerb|Unburden|GunkShot,CloseCombat,FakeOut,Protect|Adamant||F|||50|]Lycanroc-Dusk||FocusSash|ToughClaws|RockSlide,Accelerock,CloseCombat,Protect|Adamant||F|||50|]Dragonite||Dragoninite|Multiscale|DragonPulse,Flamethrower,Tailwind,Protect|Modest||M|||50|
|inactive|Battle timer is ON: inactive players will automatically lose when time's up. (requested by angusgrind13)
|
|t:|1785140297
|teamsize|p1|4
|teamsize|p2|4
|start
|switch|p1a: Chandelure|Chandelure, L50, F|100/100
|switch|p1b: Malamar|Malamar, L50, F|100/100
|switch|p2a: Froslass|Froslass, L50, F|100/100
|switch|p2b: Sneasler|Sneasler, L50, F|100/100
|turn|1
|inactive|pancekk has 30 seconds left.
|
|t:|1785140326
|detailschange|p2a: Froslass|Froslass-Mega, L50, F
|-mega|p2a: Froslass|Froslass|Froslassite
|-weather|Snowscape|[from] ability: Snow Warning|[of] p2a: Froslass
|detailschange|p1a: Chandelure|Chandelure-Mega, L50, F
|-mega|p1a: Chandelure|Chandelure|Chandelurite
|move|p2b: Sneasler|Fake Out|p1b: Malamar
|-damage|p1b: Malamar|83/100
|cant|p1b: Malamar|flinch
|move|p2a: Froslass|Aurora Veil|p2a: Froslass
|-sidestart|p2: angusgrind13|move: Aurora Veil
|move|p1a: Chandelure|Shadow Ball|p2a: Froslass
|-supereffective|p2a: Froslass|1
|-damage|p2a: Froslass|0 fnt
|faint|p2a: Froslass
|
|-weather|Snowscape|[upkeep]
|upkeep
|
|t:|1785140342
|switch|p2a: Kingambit|Kingambit, L50, M|100/100
|turn|2
|
|t:|1785140350
|move|p1b: Malamar|Switcheroo||[still]
|-fail|p1b: Malamar
|move|p1a: Chandelure|Overheat|p2a: Kingambit|[miss]
|-miss|p1a: Chandelure|p2a: Kingambit
|move|p2b: Sneasler|Close Combat|p1b: Malamar
|-damage|p1b: Malamar|7/100
|-unboost|p2b: Sneasler|def|1
|-unboost|p2b: Sneasler|spd|1
|-enditem|p2b: Sneasler|White Herb
|-clearnegativeboost|p2b: Sneasler|[silent]
|move|p2a: Kingambit|Swords Dance|p2a: Kingambit
|-boost|p2a: Kingambit|atk|2
|
|-weather|Snowscape|[upkeep]
|upkeep
|turn|3
|inactive|pancekk has 30 seconds left.
|
|t:|1785140375
|switch|p1b: Sneasler|Sneasler, L50, M|100/100
|move|p2a: Kingambit|Sucker Punch|p1a: Chandelure
|-supereffective|p1a: Chandelure|1
|-damage|p1a: Chandelure|0 fnt
|faint|p1a: Chandelure
|move|p2b: Sneasler|Gunk Shot|p1b: Sneasler|[miss]
|-miss|p2b: Sneasler|p1b: Sneasler
|
|-weather|Snowscape|[upkeep]
|upkeep
|
|t:|1785140381
|switch|p1a: Froslass|Froslass, L50, F|100/100
|turn|4
|
|t:|1785140402
|move|p2a: Kingambit|Protect|p2a: Kingambit
|-singleturn|p2a: Kingambit|Protect
|move|p2b: Sneasler|Gunk Shot|p1b: Sneasler
|-resisted|p1b: Sneasler|1
|-damage|p1b: Sneasler|50/100g
|move|p1a: Froslass|Aurora Veil|p1a: Froslass
|-sidestart|p1: pancekk|move: Aurora Veil
|move|p1b: Sneasler|Close Combat|p2a: Kingambit
|-activate|p2a: Kingambit|move: Protect
|
|-weather|Snowscape|[upkeep]
|upkeep
|turn|5
|
|t:|1785140416
|move|p2b: Sneasler|Gunk Shot|p1b: Sneasler|[miss]
|-miss|p2b: Sneasler|p1b: Sneasler
|move|p1a: Froslass|Blizzard|p2a: Kingambit|[spread] p2a,p2b
|-resisted|p2a: Kingambit|1
|-damage|p2a: Kingambit|89/100
|-damage|p2b: Sneasler|74/100
|move|p1b: Sneasler|Close Combat|p2a: Kingambit
|-supereffective|p2a: Kingambit|2
|-damage|p2a: Kingambit|0 fnt
|-unboost|p1b: Sneasler|def|1
|-unboost|p1b: Sneasler|spd|1
|faint|p2a: Kingambit
|
|-weather|none
|-sideend|p2: angusgrind13|move: Aurora Veil
|upkeep
|
|t:|1785140429
|switch|p2a: Primarina|Primarina, L50, F|100/100
|turn|6
|
|t:|1785140441
|move|p2b: Sneasler|Protect|p2b: Sneasler
|-singleturn|p2b: Sneasler|Protect
|move|p1a: Froslass|Shadow Ball|p2b: Sneasler
|-activate|p2b: Sneasler|move: Protect
|move|p1b: Sneasler|Dire Claw|p2a: Primarina
|-supereffective|p2a: Primarina|1
|-damage|p2a: Primarina|0 fnt
|faint|p2a: Primarina
|
|upkeep
|turn|7
|-message|angusgrind13 forfeited.
|
|win|pancekk
