|j|Ōśåtestingsss
|j|Ōśåsille rovert
|html|testingssssille rovert    
|uhtml|bestof|Game 1 of a best-of-3
|t:|1782757335
|gametype|doubles
|player|p1|testingsss|unknown|1220
|player|p2|sille rovert|trevor|1310
|gen|9
|tier|[Gen 9 Champions] VGC 2026 Reg M-B (Bo3)
|rated|
|rule|Species Clause: Limit one of each Pok├®mon
|rule|Item Clause: Limit 1 of each item
|clearpoke
|poke|p1|Charizard, L50, M|
|poke|p1|Garchomp, L50, M|
|poke|p1|Incineroar, L50, M|
|poke|p1|Venusaur, L50, M|
|poke|p1|Farigiraf, L50, F|
|poke|p1|Sylveon, L50, M|
|poke|p2|Gengar, L50, M|
|poke|p2|Charizard, L50, M|
|poke|p2|Sylveon, L50, M|
|poke|p2|Incineroar, L50, M|
|poke|p2|Whimsicott, L50, M|
|poke|p2|Kingambit, L50, M|
|teampreview|4
|showteam|p1|Charizard||CharizarditeY|Blaze|HeatWave,WeatherBall,SolarBeam,Protect|Modest||M|||50|]Garchomp||LifeOrb|RoughSkin|Earthquake,DragonClaw,RockSlide,Protect|Jolly||M|||50|]Incineroar||SitrusBerry|Intimidate|FakeOut,FlareBlitz,DarkestLariat,PartingShot|Careful||M|||50|]Venusaur||FocusSash|Chlorophyll|LeafStorm,SludgeBomb,SleepPowder,Protect|Timid||M|||50|]Farigiraf||ColburBerry|ArmorTail|Psychic,Thunderbolt,HelpingHand,TrickRoom|Modest||F|||50|]Sylveon||FairyFeather|Pixilate|HyperVoice,Yawn,QuickAttack,Detect|Modest||M|||50|
|showteam|p2|Gengar||Gengarite|CursedBody|ShadowBall,PerishSong,Disable,Protect|Modest||M|||50|]Charizard||CharizarditeY|Blaze|HeatWave,WeatherBall,SolarBeam,Protect|Timid||M|||50|]Sylveon||FairyFeather|Pixilate|HyperVoice,HyperBeam,Yawn,Protect|Modest||M|||50|]Incineroar||SitrusBerry|Intimidate|FlareBlitz,PartingShot,FakeOut,Protect|Impish||M|||50|]Whimsicott||FocusSash|Prankster|Moonblast,Encore,Tailwind,Protect|Timid||M|||50|]Kingambit||ChopleBerry|Defiant|KowtowCleave,LowKick,SuckerPunch,Protect|Adamant||M|||50|
|inactive|Battle timer is ON: inactive players will automatically lose when time's up. (requested by testingsss)
|inactive|testingsss has 60 seconds left.
|inactive|sille rovert has 60 seconds left.
|
|t:|1782757392
|teamsize|p1|4
|teamsize|p2|4
|start
|switch|p1a: Charizard|Charizard, L50, M|100/100
|switch|p1b: Venusaur|Venusaur, L50, M|100/100
|switch|p2a: Gengar|Gengar, L50, M|100/100
|switch|p2b: Incineroar|Incineroar, L50, M|100/100
|-ability|p2b: Incineroar|Intimidate|boost
|-unboost|p1a: Charizard|atk|1
|-unboost|p1b: Venusaur|atk|1
|turn|1
|c|Ōśåsille rovert|IŌĆÖm on of the guys that beat Joe, dif team tho
|
|t:|1782757414
|switch|p1b: Garchomp|Garchomp, L50, M|100/100
|detailschange|p1a: Charizard|Charizard-Mega-Y, L50, M
|-mega|p1a: Charizard|Charizard|Charizardite Y
|-weather|SunnyDay|[from] ability: Drought|[of] p1a: Charizard
|detailschange|p2a: Gengar|Gengar-Mega, L50, M
|-mega|p2a: Gengar|Gengar|Gengarite
|move|p2b: Incineroar|Fake Out|p1b: Garchomp
|-damage|p1b: Garchomp|89/100
|-damage|p2b: Incineroar|87/100|[from] ability: Rough Skin|[of] p1b: Garchomp
|move|p2a: Gengar|Perish Song|p2a: Gengar
|-start|p1a: Charizard|perish3|[silent]
|-start|p1b: Garchomp|perish3|[silent]
|-start|p2a: Gengar|perish3|[silent]
|-start|p2b: Incineroar|perish3|[silent]
|-fieldactivate|move: Perish Song
|move|p1a: Charizard|Weather Ball|p2a: Gengar
|-damage|p2a: Gengar|17/100
|
|-weather|SunnyDay|[upkeep]
|-start|p1b: Garchomp|perish3
|-start|p2a: Gengar|perish3
|-start|p1a: Charizard|perish3
|-start|p2b: Incineroar|perish3
|upkeep
|turn|2
|inactive|testingsss has 30 seconds left.
|inactive|testingsss has 20 seconds left.
|c|Ōśåtestingsss|actually i built a similar team for a limitless tournament and did top 32
|inactive|testingsss has 15 seconds left.
|inactive|testingsss has 10 seconds left.
|c|Ōśåsille rovert|Nice
|inactive|testingsss has 5 seconds left.
|
|t:|1782757467
|move|p2a: Gengar|Protect|p2a: Gengar
|-singleturn|p2a: Gengar|Protect
|move|p2b: Incineroar|Protect|p2b: Incineroar
|-singleturn|p2b: Incineroar|Protect
|move|p1b: Garchomp|Earthquake|p2a: Gengar|[spread] 
|-activate|p2a: Gengar|move: Protect
|-activate|p2b: Incineroar|move: Protect
|-immune|p1a: Charizard
|move|p1a: Charizard|Heat Wave|p2b: Incineroar|[spread] 
|-activate|p2a: Gengar|move: Protect
|-activate|p2b: Incineroar|move: Protect
|
|-weather|SunnyDay|[upkeep]
|-start|p1b: Garchomp|perish2
|-start|p2a: Gengar|perish2
|-start|p1a: Charizard|perish2
|-start|p2b: Incineroar|perish2
|upkeep
|turn|3
|
|t:|1782757483
|switch|p2a: Whimsicott|Whimsicott, L50, M|100/100
|move|p1b: Garchomp|Earthquake|p2a: Whimsicott|[spread] p2a,p2b
|-immune|p1a: Charizard
|-resisted|p2a: Whimsicott|1
|-supereffective|p2b: Incineroar|1
|-damage|p2a: Whimsicott|65/100
|-damage|p2b: Incineroar|24/100
|-enditem|p2b: Incineroar|Sitrus Berry|[eat]
|-heal|p2b: Incineroar|49/100|[from] item: Sitrus Berry
|-damage|p1b: Garchomp|79/100|[from] item: Life Orb
|move|p1a: Charizard|Heat Wave|p2b: Incineroar|[spread] p2a,p2b
|-supereffective|p2a: Whimsicott|1
|-resisted|p2b: Incineroar|1
|-damage|p2a: Whimsicott|0 fnt
|-damage|p2b: Incineroar|20/100y
|faint|p2a: Whimsicott
|move|p2b: Incineroar|Parting Shot|p1b: Garchomp
|-unboost|p1b: Garchomp|atk|1
|-unboost|p1b: Garchomp|spa|1
|
|t:|1782757501
|switch|p2b: Gengar|Gengar-Mega, L50, M|17/100|[from] Parting Shot
|
|-weather|SunnyDay|[upkeep]
|-start|p1b: Garchomp|perish1
|-start|p1a: Charizard|perish1
|upkeep
|
|t:|1782757504
|switch|p2a: Sylveon|Sylveon, L50, M|100/100
|turn|4
|
|t:|1782757518
|move|p2b: Gengar|Protect|p2b: Gengar
|-singleturn|p2b: Gengar|Protect
|move|p2a: Sylveon|Protect|p2a: Sylveon
|-singleturn|p2a: Sylveon|Protect
|move|p1b: Garchomp|Earthquake|p2a: Sylveon|[spread] 
|-activate|p2a: Sylveon|move: Protect
|-activate|p2b: Gengar|move: Protect
|-immune|p1a: Charizard
|move|p1a: Charizard|Heat Wave|p2a: Sylveon|[spread] 
|-activate|p2a: Sylveon|move: Protect
|-activate|p2b: Gengar|move: Protect
|
|-weather|SunnyDay|[upkeep]
|-start|p1b: Garchomp|perish0
|-start|p1a: Charizard|perish0
|faint|p1b: Garchomp
|faint|p1a: Charizard
|upkeep
|
|t:|1782757521
|switch|p1b: Sylveon|Sylveon, L50, M|100/100
|switch|p1a: Venusaur|Venusaur, L50, M|100/100
|turn|5
|
|t:|1782757541
|switch|p2b: Incineroar|Incineroar, L50, M|20/100y
|-ability|p2b: Incineroar|Intimidate|boost
|-unboost|p1a: Venusaur|atk|1
|-unboost|p1b: Sylveon|atk|1
|move|p1a: Venusaur|Sludge Bomb|p2b: Incineroar
|-damage|p2b: Incineroar|0 fnt
|faint|p2b: Incineroar
|move|p1b: Sylveon|Yawn|p2a: Sylveon
|-start|p2a: Sylveon|move: Yawn|[of] p1b: Sylveon
|move|p2a: Sylveon|Yawn|p1a: Venusaur
|-start|p1a: Venusaur|move: Yawn|[of] p2a: Sylveon
|
|-weather|none
|upkeep
|
|t:|1782757548
|switch|p2b: Gengar|Gengar-Mega, L50, M|17/100
|turn|6
|inactive|sille rovert has 30 seconds left.
|inactive|testingsss has 30 seconds left.
|inactive|sille rovert has 20 seconds left.
|inactive|sille rovert has 15 seconds left.
|inactive|sille rovert has 10 seconds left.
|inactive|sille rovert has 5 seconds left.
|
|t:|1782757601
|move|p2a: Sylveon|Protect|p2a: Sylveon
|-singleturn|p2a: Sylveon|Protect
|move|p2b: Gengar|Perish Song|p2b: Gengar
|-start|p1a: Venusaur|perish3|[silent]
|-start|p1b: Sylveon|perish3|[silent]
|-start|p2a: Sylveon|perish3|[silent]
|-start|p2b: Gengar|perish3|[silent]
|-fieldactivate|move: Perish Song
|move|p1a: Venusaur|Sleep Powder|p2b: Gengar
|-status|p2b: Gengar|slp|[from] move: Sleep Powder
|move|p1b: Sylveon|Hyper Voice|p2b: Gengar|[spread] p2b
|-activate|p2a: Sylveon|move: Protect
|-resisted|p2b: Gengar|1
|-damage|p2b: Gengar|0 fnt
|faint|p2b: Gengar
|
|-end|p1a: Venusaur|move: Yawn|[silent]
|-status|p1a: Venusaur|slp
|-end|p2a: Sylveon|move: Yawn|[silent]
|-status|p2a: Sylveon|slp
|-start|p1a: Venusaur|perish3
|-start|p1b: Sylveon|perish3
|-start|p2a: Sylveon|perish3
|upkeep
|turn|7
|
|t:|1782757613
|cant|p2a: Sylveon|slp
|cant|p1a: Venusaur|slp
|move|p1b: Sylveon|Hyper Voice|p2a: Sylveon
|-damage|p2a: Sylveon|58/100 slp
|
|-start|p1a: Venusaur|perish2
|-start|p1b: Sylveon|perish2
|-start|p2a: Sylveon|perish2
|upkeep
|turn|8
|
|t:|1782757615
|cant|p2a: Sylveon|slp
|cant|p1a: Venusaur|slp
|move|p1b: Sylveon|Hyper Voice|p2a: Sylveon
|-damage|p2a: Sylveon|16/100 slp
|
|-start|p1a: Venusaur|perish1
|-start|p1b: Sylveon|perish1
|-start|p2a: Sylveon|perish1
|upkeep
|turn|9
|inactive|testingsss has 30 seconds left.
|inactive|testingsss has 20 seconds left.
|
|t:|1782757651
|-curestatus|p2a: Sylveon|slp|[msg]
|move|p2a: Sylveon|Protect|p2a: Sylveon
|-singleturn|p2a: Sylveon|Protect
|-curestatus|p1a: Venusaur|slp|[msg]
|move|p1a: Venusaur|Sludge Bomb|p2a: Sylveon
|-activate|p2a: Sylveon|move: Protect
|move|p1b: Sylveon|Hyper Voice|p2a: Sylveon
|-activate|p2a: Sylveon|move: Protect
|
|-start|p1a: Venusaur|perish0
|-start|p1b: Sylveon|perish0
|-start|p2a: Sylveon|perish0
|faint|p1a: Venusaur
|faint|p1b: Sylveon
|faint|p2a: Sylveon
|
|win|sille rovert
|inactive|testingsss has 30 seconds to confirm battle start!
|inactive|sille rovert has 30 seconds to confirm battle start!
