|j|☆volcanicrj
|j|☆Pauxilian_X
|html|volcanicrjPauxilian_X    
|uhtml|bestof|Game 1 of a best-of-3
|t:|1757808232
|gametype|doubles
|player|p1|volcanicrj|flannery|
|player|p2|Pauxilian_X|265|
|gen|9
|tier|[Gen 9] VGC 2025 Reg H (Bo3)
|rule|Species Clause: Limit one of each Pokémon
|rule|Item Clause: Limit 1 of each item
|clearpoke
|poke|p1|Toxtricity-Low-Key, L50, M|
|poke|p1|Kommo-o, L50, F|
|poke|p1|Sinistcha, L50|
|poke|p1|Murkrow, L50, M|
|poke|p1|Samurott-Hisui, L50, M|
|poke|p1|Incineroar, L50, F|
|poke|p2|Empoleon, L50, M|
|poke|p2|Garchomp, L50, M|
|poke|p2|Incineroar, L50, F|
|poke|p2|Rillaboom, L50, F|
|poke|p2|Clefable, L50, M|
|poke|p2|Drifblim, L50, F|
|teampreview|4
|showteam|p1|Toxtricity-Low-Key||ThroatSpray|PunkRock|Overdrive,Boomburst,SludgeBomb,Protect|||M|||50|,,,,,Normal]Kommo-o||LifeOrb|Soundproof|ClangingScales,FlashCannon,AuraSphere,Protect|||F|||50|,,,,,Steel]Sinistcha||CovertCloak|Hospitality|MatchaGotcha,RagePowder,TrickRoom,Protect||||||50|,,,,,Water]Murkrow||Eviolite|Prankster|Tailwind,Quash,Haze,BraveBird|||M|||50|,,,,,Ghost]Samurott-Hisui||ClearAmulet|Sharpness|AquaCutter,NightSlash,Detect,SacredSword|||M|||50|,,,,,Grass]Incineroar||SafetyGoggles|Intimidate|FlareBlitz,FakeOut,PartingShot,KnockOff|||F|||50|,,,,,Ghost
|showteam|p2|Empoleon||Leftovers|Competitive|IceBeam,FlashCannon,Protect,WaterPledge|||M|||50|,,,,,Grass]Garchomp||LifeOrb|RoughSkin|SwordsDance,DragonClaw,Earthquake,Protect|||M|||50|,,,,,Fairy]Incineroar||SafetyGoggles|Intimidate|FirePledge,PartingShot,KnockOff,FakeOut|||F|||50|,,,,,Ghost]Rillaboom||AssaultVest|GrassySurge|GrassPledge,FakeOut,DrainPunch,HighHorsepower|||F|||50|,,,,,Ground]Clefable||RockyHelmet|MagicGuard|FollowMe,Moonlight,Moonblast,Encore|||M|||50|,,,,,Steel]Drifblim||GrassySeed|Unburden|Tailwind,AirSlash,HelpingHand,WillOWisp|||F|||50|,,,,,Ghost
|
|t:|1757808269
|teamsize|p1|4
|teamsize|p2|4
|start
|switch|p1a: Jinu|Kommo-o, L50, F, shiny|100/100
|switch|p1b: Tyler The Creator|Murkrow, L50, M, shiny|100/100
|switch|p2a: Rillaboom|Rillaboom, L50, F|100/100
|switch|p2b: Empoleon|Empoleon, L50, M|100/100
|-fieldstart|move: Grassy Terrain|[from] ability: Grassy Surge|[of] p2a: Rillaboom
|turn|1
|
|t:|1757808290
|move|p2a: Rillaboom|Fake Out|p1b: Tyler The Creator
|-damage|p1b: Tyler The Creator|87/100
|cant|p1b: Tyler The Creator|flinch
|move|p1a: Jinu|Clanging Scales|p2a: Rillaboom|[spread] p2a,p2b
|-resisted|p2b: Empoleon
|-damage|p2a: Rillaboom|63/100
|-damage|p2b: Empoleon|81/100
|-unboost|p1a: Jinu|def|1
|-damage|p1a: Jinu|91/100|[from] item: Life Orb
|move|p2b: Empoleon|Ice Beam|p1a: Jinu
|-supereffective|p1a: Jinu
|-damage|p1a: Jinu|40/100
|
|-heal|p2a: Rillaboom|69/100|[from] Grassy Terrain
|-heal|p1a: Jinu|46/100|[from] Grassy Terrain
|-heal|p2b: Empoleon|87/100|[from] Grassy Terrain
|-heal|p2b: Empoleon|93/100|[from] item: Leftovers
|upkeep
|turn|2
|
|t:|1757808334
|switch|p2a: Garchomp|Garchomp, L50, M|100/100
|-terastallize|p1a: Jinu|Steel
|move|p2b: Empoleon|Protect|p2b: Empoleon
|-singleturn|p2b: Empoleon|Protect
|move|p1b: Tyler The Creator|Tailwind|p1b: Tyler The Creator
|-sidestart|p1: volcanicrj|move: Tailwind
|move|p1a: Jinu|Aura Sphere|p2b: Empoleon
|-activate|p2b: Empoleon|move: Protect
|
|-heal|p1a: Jinu|51/100|[from] Grassy Terrain
|-heal|p2b: Empoleon|99/100|[from] Grassy Terrain
|-heal|p2b: Empoleon|100/100|[from] item: Leftovers
|upkeep
|turn|3
|
|t:|1757808353
|switch|p1b: Kendrick Lamar|Incineroar, L50, F|100/100
|-ability|p1b: Kendrick Lamar|Intimidate|boost
|-unboost|p2a: Garchomp|atk|1
|-unboost|p2b: Empoleon|atk|1
|-ability|p2b: Empoleon|Competitive|boost
|-boost|p2b: Empoleon|spa|2
|move|p1a: Jinu|Clanging Scales|p2b: Empoleon|[spread] p2a,p2b
|-supereffective|p2a: Garchomp
|-resisted|p2b: Empoleon
|-damage|p2a: Garchomp|0 fnt
|-damage|p2b: Empoleon|81/100
|faint|p2a: Garchomp
|-unboost|p1a: Jinu|def|1
|-damage|p1a: Jinu|42/100|[from] item: Life Orb
|move|p2b: Empoleon|Ice Beam|p1a: Jinu
|-resisted|p1a: Jinu
|-damage|p1a: Jinu|18/100
|
|-heal|p1a: Jinu|24/100|[from] Grassy Terrain
|-heal|p2b: Empoleon|87/100|[from] Grassy Terrain
|-heal|p2b: Empoleon|93/100|[from] item: Leftovers
|upkeep
|
|t:|1757808376
|switch|p2a: Drifblim|Drifblim, L50, F|100/100
|-enditem|p2a: Drifblim|Grassy Seed
|-boost|p2a: Drifblim|def|1|[from] item: Grassy Seed
|turn|4
|
|t:|1757808403
|move|p2a: Drifblim|Helping Hand|p2b: Empoleon
|-singleturn|p2b: Empoleon|Helping Hand|[of] p2a: Drifblim
|move|p1a: Jinu|Protect|p1a: Jinu
|-singleturn|p1a: Jinu|Protect
|move|p1b: Kendrick Lamar|Flare Blitz|p2b: Empoleon
|-damage|p2b: Empoleon|38/100
|-damage|p1b: Kendrick Lamar|83/100|[from] Recoil
|move|p2b: Empoleon|Water Pledge|p1b: Kendrick Lamar
|-supereffective|p1b: Kendrick Lamar
|-damage|p1b: Kendrick Lamar|0 fnt
|faint|p1b: Kendrick Lamar
|
|-heal|p1a: Jinu|29/100|[from] Grassy Terrain
|-heal|p2b: Empoleon|44/100|[from] Grassy Terrain
|-heal|p2b: Empoleon|50/100|[from] item: Leftovers
|upkeep
|
|t:|1757808420
|switch|p1b: Tyler The Creator|Murkrow, L50, M, shiny|87/100
|turn|5
|
|t:|1757808436
|move|p1b: Tyler The Creator|Haze|p1b: Tyler The Creator
|-clearallboost
|move|p1a: Jinu|Clanging Scales|p2a: Drifblim|[spread] p2a,p2b
|-resisted|p2b: Empoleon
|-damage|p2a: Drifblim|58/100
|-damage|p2b: Empoleon|30/100
|-unboost|p1a: Jinu|def|1
|-damage|p1a: Jinu|20/100|[from] item: Life Orb
|move|p2a: Drifblim|Will-O-Wisp|p1a: Jinu
|-status|p1a: Jinu|brn
|move|p2b: Empoleon|Flash Cannon|p1b: Tyler The Creator
|-damage|p1b: Tyler The Creator|47/100
|-unboost|p1b: Tyler The Creator|spd|1
|
|-heal|p1a: Jinu|25/100 brn|[from] Grassy Terrain
|-heal|p2b: Empoleon|36/100|[from] Grassy Terrain
|-heal|p2b: Empoleon|42/100|[from] item: Leftovers
|-damage|p1a: Jinu|20/100 brn|[from] brn
|-sideend|p1: volcanicrj|move: Tailwind
|-fieldend|move: Grassy Terrain
|upkeep
|turn|6
|j| fancy cucudrula
|
|t:|1757808497
|switch|p2b: Rillaboom|Rillaboom, L50, F|69/100
|-fieldstart|move: Grassy Terrain|[from] ability: Grassy Surge|[of] p2b: Rillaboom
|move|p1b: Tyler The Creator|Tailwind|p1b: Tyler The Creator
|-sidestart|p1: volcanicrj|move: Tailwind
|move|p1a: Jinu|Aura Sphere|p2b: Rillaboom
|-damage|p2b: Rillaboom|37/100
|-damage|p1a: Jinu|10/100 brn|[from] item: Life Orb
|move|p2a: Drifblim|Tailwind|p2a: Drifblim
|-sidestart|p2: Pauxilian_X|move: Tailwind
|
|-heal|p2b: Rillaboom|43/100|[from] Grassy Terrain
|-heal|p1a: Jinu|16/100 brn|[from] Grassy Terrain
|-damage|p1a: Jinu|10/100 brn|[from] brn
|upkeep
|turn|7
|
|t:|1757808527
|move|p1a: Jinu|Protect|p1a: Jinu
|-singleturn|p1a: Jinu|Protect
|move|p2a: Drifblim|Air Slash|p1b: Tyler The Creator
|-damage|p1b: Tyler The Creator|8/100
|move|p2b: Rillaboom|Drain Punch|p1a: Jinu
|-activate|p1a: Jinu|move: Protect
|move|p1b: Tyler The Creator|Brave Bird|p2b: Rillaboom
|-supereffective|p2b: Rillaboom
|-damage|p2b: Rillaboom|0 fnt
|faint|p2b: Rillaboom
|-damage|p1b: Tyler The Creator|0 fnt|[from] Recoil
|faint|p1b: Tyler The Creator
|
|-heal|p1a: Jinu|16/100 brn|[from] Grassy Terrain
|-damage|p1a: Jinu|10/100 brn|[from] brn
|upkeep
|
|t:|1757808548
|switch|p2b: Empoleon|Empoleon, L50, M|42/100
|switch|p1b: Mikey Way|Samurott-Hisui, L50, M, shiny|100/100
|turn|8
|
|t:|1757808577
|move|p2a: Drifblim|Helping Hand|p2b: Empoleon
|-singleturn|p2b: Empoleon|Helping Hand|[of] p2a: Drifblim
|move|p1b: Mikey Way|Night Slash|p2a: Drifblim
|-supereffective|p2a: Drifblim
|-damage|p2a: Drifblim|0 fnt
|faint|p2a: Drifblim
|move|p1a: Jinu|Aura Sphere|p2b: Empoleon
|-supereffective|p2b: Empoleon
|-damage|p2b: Empoleon|0 fnt
|faint|p2b: Empoleon
|-damage|p1a: Jinu|0 fnt|[from] item: Life Orb
|faint|p1a: Jinu
|
|win|volcanicrj
|inactive|volcanicrj has 30 seconds to confirm battle start!
|inactive|Pauxilian_X has 30 seconds to confirm battle start!
||volcanicrj is ready for game 2.
|inactive|Pauxilian_X has 20 seconds to confirm battle start!
||Pauxilian_X is ready for game 2.
|uhtml|next|Next: Game 2 of 3
|l|☆volcanicrj
|player|p1|
