|j|☆Butternut_Cream
|j|☆AndreNocchi
|html|Butternut_CreamAndreNocchi    
|uhtml|bestof|Game 1 of a best-of-3
|t:|1784071325
|gametype|doubles
|player|p1|Butternut_Cream|lorelei-gen3|1000
|player|p2|AndreNocchi|giovanni|1049
|gen|9
|tier|[Gen 9 Champions] VGC 2026 Reg M-B (Bo3)
|rated|
|rule|Species Clause: Limit one of each Pokémon
|rule|Item Clause: Limit 1 of each item
|clearpoke
|poke|p1|Charizard, L50, M|
|poke|p1|Abomasnow, L50, M|
|poke|p1|Sneasler, L50, F|
|poke|p1|Aerodactyl, L50, F|
|poke|p1|Malamar, L50, F|
|poke|p1|Tauros-Paldea-Aqua, L50, M|
|poke|p2|Garchomp, L50, F, shiny|
|poke|p2|Basculegion, L50, M, shiny|
|poke|p2|Dragonite, L50, M, shiny|
|poke|p2|Scovillain, L50, M, shiny|
|poke|p2|Gholdengo, L50, shiny|
|poke|p2|Sylveon, L50, M, shiny|
|teampreview|4
|showteam|p1|Charizard||CharizarditeY|Blaze|HeatWave,SolarBeam,Overheat,Protect|Timid||M|||50|]Abomasnow||Abomasite|SnowWarning|LeafStorm,Blizzard,IceShard,Protect|Modest||M|||50|]Sneasler||WhiteHerb|Unburden|FakeOut,CloseCombat,DireClaw,Protect|Jolly||F|||50|]Aerodactyl||FocusSash|Unnerve|RockSlide,DualWingbeat,WideGuard,Tailwind|Jolly||F|||50|]Malamar||ChoiceScarf|Contrary|Superpower,SkillSwap,DestinyBond,TopsyTurvy|Jolly||F|||50|]Tauros-Paldea-Aqua||SitrusBerry|Intimidate|WaveCrash,AquaJet,CloseCombat,Protect|Adamant||M|||50|
|showteam|p2|Garchomp||LifeOrb|RoughSkin|StompingTantrum,DragonClaw,RockSlide,Protect|Jolly||F|||50|]Basculegion||SitrusBerry|Adaptability|WaveCrash,AquaJet,LastRespects,Protect|Adamant||M|||50|]Dragonite||Dragoninite|InnerFocus|DracoMeteor,AirSlash,Tailwind,Haze|Modest||M|||50|]Scovillain||Scovillainite|Chlorophyll|Overheat,LeechSeed,RagePowder,Protect|Bold||M|||50|]Gholdengo||FocusSash|GoodasGold|MakeItRain,ShadowBall,PowerGem,Protect|Timid|||||50|]Sylveon||FairyFeather|Pixilate|HyperVoice,QuickAttack,Yawn,Protect|Modest||M|||50|
|n|☆Butternut_Cream|butternutcream
|inactive|Battle timer is ON: inactive players will automatically lose when time's up. (requested by AndreNocchi)
|
|t:|1784071439
|teamsize|p1|4
|teamsize|p2|4
|start
|switch|p1a: Aerodactyl|Aerodactyl, L50, F|100/100
|switch|p1b: Abomasnow|Abomasnow, L50, M|100/100
|switch|p2a: Scovillain|Scovillain, L50, M, shiny|100/100
|switch|p2b: Sylveon|Sylveon, L50, M, shiny|100/100
|-ability|p1a: Aerodactyl|Unnerve
|-weather|Snowscape|[from] ability: Snow Warning|[of] p1b: Abomasnow
|turn|1
|inactive|AndreNocchi has 30 seconds left.
|inactive|AndreNocchi has 20 seconds left.
|
|t:|1784071475
|switch|p2b: Gholdengo|Gholdengo, L50, shiny|100/100
|detailschange|p2a: Scovillain|Scovillain-Mega, L50, M, shiny
|-mega|p2a: Scovillain|Scovillain|Scovillainite
|detailschange|p1b: Abomasnow|Abomasnow-Mega, L50, M
|-mega|p1b: Abomasnow|Abomasnow|Abomasite
|move|p1a: Aerodactyl|Tailwind|p1a: Aerodactyl
|-sidestart|p1: Butternut_Cream|move: Tailwind
|move|p1b: Abomasnow|Blizzard|p2a: Scovillain|[spread] p2a,p2b
|-resisted|p2b: Gholdengo|1
|-damage|p2a: Scovillain|38/100
|-damage|p2b: Gholdengo|71/100
|-status|p1b: Abomasnow|brn|[from] ability: Spicy Spray|[of] p2a: Scovillain
|move|p2a: Scovillain|Leech Seed|p1b: Abomasnow
|-immune|p1b: Abomasnow
|
|-weather|Snowscape|[upkeep]
|-damage|p1b: Abomasnow|94/100 brn|[from] brn
|upkeep
|turn|2
|inactive|Butternut_Cream has 30 seconds left.
|
|t:|1784071504
|move|p2a: Scovillain|Protect|p2a: Scovillain
|-singleturn|p2a: Scovillain|Protect
|move|p1a: Aerodactyl|Dual Wingbeat|p2b: Gholdengo
|-resisted|p2b: Gholdengo|1
|-damage|p2b: Gholdengo|61/100
|-resisted|p2b: Gholdengo|1
|-damage|p2b: Gholdengo|51/100
|-hitcount|p2b: Gholdengo|2
|move|p2b: Gholdengo|Make It Rain|p1b: Abomasnow|[spread] p1a,p1b
|-supereffective|p1a: Aerodactyl|1
|-supereffective|p1b: Abomasnow|1
|-enditem|p1a: Aerodactyl|Focus Sash
|-damage|p1a: Aerodactyl|1/100
|-damage|p1b: Abomasnow|13/100 brn
|-unboost|p2b: Gholdengo|spa|2
|move|p1b: Abomasnow|Blizzard|p2a: Scovillain|[spread] p2b
|-activate|p2a: Scovillain|move: Protect
|-resisted|p2b: Gholdengo|1
|-damage|p2b: Gholdengo|25/100
|
|-weather|Snowscape|[upkeep]
|-damage|p1b: Abomasnow|7/100 brn|[from] brn
|upkeep
|turn|3
|inactive|AndreNocchi has 30 seconds left.
|
|t:|1784071533
|switch|p2a: Sylveon|Sylveon, L50, M, shiny|100/100
|move|p2b: Gholdengo|Protect|p2b: Gholdengo
|-singleturn|p2b: Gholdengo|Protect
|move|p1a: Aerodactyl|Wide Guard|p1a: Aerodactyl
|-singleturn|p1a: Aerodactyl|Wide Guard
|move|p1b: Abomasnow|Blizzard|p2b: Gholdengo|[spread] p2a
|-activate|p2b: Gholdengo|move: Protect
|-damage|p2a: Sylveon|66/100
|
|-weather|Snowscape|[upkeep]
|-damage|p1b: Abomasnow|2/100 brn|[from] brn
|upkeep
|turn|4
|inactive|AndreNocchi has 30 seconds left.
|
|t:|1784071564
|move|p1b: Abomasnow|Ice Shard|p2b: Gholdengo
|-resisted|p2b: Gholdengo|1
|-damage|p2b: Gholdengo|21/100
|move|p1a: Aerodactyl|Rock Slide|p2b: Gholdengo|[spread] p2a,p2b
|-resisted|p2b: Gholdengo|1
|-damage|p2a: Sylveon|38/100
|-damage|p2b: Gholdengo|6/100
|cant|p2b: Gholdengo|flinch
|move|p2a: Sylveon|Hyper Voice|p1b: Abomasnow|[spread] p1a,p1b
|-crit|p1a: Aerodactyl
|-damage|p1a: Aerodactyl|0 fnt
|-damage|p1b: Abomasnow|0 fnt
|faint|p1a: Aerodactyl
|faint|p1b: Abomasnow
|
|-weather|Snowscape|[upkeep]
|-sideend|p1: Butternut_Cream|move: Tailwind
|upkeep
|
|t:|1784071578
|switch|p1a: Tauros|Tauros-Paldea-Aqua, L50, M|100/100
|switch|p1b: Sneasler|Sneasler, L50, F|100/100
|-ability|p1a: Tauros|Intimidate|boost
|-unboost|p2a: Sylveon|atk|1
|-unboost|p2b: Gholdengo|atk|1
|turn|5
|
|t:|1784071598
|switch|p2b: Basculegion|Basculegion, L50, M, shiny|100/100
|move|p1a: Tauros|Aqua Jet|p2b: Basculegion
|-resisted|p2b: Basculegion|1
|-damage|p2b: Basculegion|88/100
|move|p1b: Sneasler|Dire Claw|p2a: Sylveon
|-supereffective|p2a: Sylveon|1
|-damage|p2a: Sylveon|0 fnt
|faint|p2a: Sylveon
|
|-weather|none
|upkeep
|
|t:|1784071610
|switch|p2a: Scovillain|Scovillain-Mega, L50, M, shiny|38/100
|turn|6
|
|t:|1784071624
|move|p2a: Scovillain|Protect|p2a: Scovillain
|-singleturn|p2a: Scovillain|Protect
|move|p1b: Sneasler|Close Combat|p2a: Scovillain
|-activate|p2a: Scovillain|move: Protect
|move|p1a: Tauros|Wave Crash|p2b: Basculegion
|-resisted|p2b: Basculegion|1
|-damage|p2b: Basculegion|55/100
|-damage|p1a: Tauros|86/100|[from] Recoil
|move|p2b: Basculegion|Last Respects|p1b: Sneasler
|-damage|p1b: Sneasler|0 fnt
|faint|p1b: Sneasler
|
|upkeep
|turn|7
|
|t:|1784071643
|move|p1a: Tauros|Wave Crash|p2b: Basculegion
|-resisted|p2b: Basculegion|1
|-damage|p2b: Basculegion|23/100
|-enditem|p2b: Basculegion|Sitrus Berry|[eat]
|-heal|p2b: Basculegion|48/100|[from] item: Sitrus Berry
|-damage|p1a: Tauros|73/100|[from] Recoil
|move|p2b: Basculegion|Last Respects|p1a: Tauros
|-damage|p1a: Tauros|2/100
|-enditem|p1a: Tauros|Sitrus Berry|[eat]
|-heal|p1a: Tauros|27/100|[from] item: Sitrus Berry
|move|p2a: Scovillain|Leech Seed|p1a: Tauros
|-start|p1a: Tauros|move: Leech Seed
|
|-damage|p1a: Tauros|15/100|[from] Leech Seed|[of] p2a: Scovillain
|-heal|p2a: Scovillain|51/100|[silent]
|upkeep
|turn|8
|-message|Butternut_Cream forfeited.
|
|win|AndreNocchi
