|j|☆Scoseb
|j|☆Purp93
|html|ScosebPurp93    
|uhtml|bestof|Game 3 of a best-of-3
|t:|1783434166
|gametype|doubles
|player|p1|Scoseb|brycenman|1074
|player|p2|Purp93|170|1102
|gen|9
|tier|[Gen 9 Champions] VGC 2026 Reg M-B (Bo3)
|rated|
|rule|Species Clause: Limit one of each Pokémon
|rule|Item Clause: Limit 1 of each item
|clearpoke
|poke|p1|Staraptor, L50, M|
|poke|p1|Zoroark-Hisui, L50, F|
|poke|p1|Gholdengo, L50|
|poke|p1|Whimsicott, L50, F|
|poke|p1|Incineroar, L50, F|
|poke|p1|Drampa, L50, F|
|poke|p2|Starmie, L50|
|poke|p2|Kingambit, L50, F|
|poke|p2|Garchomp, L50, M|
|poke|p2|Pelipper, L50, M|
|poke|p2|Incineroar, L50, F|
|poke|p2|Floette-Eternal, L50, F|
|teampreview|4
|showteam|p1|Staraptor||Staraptite|Reckless|CloseCombat,Protect,BraveBird,Roost|Jolly||M|||50|]Zoroark-Hisui||FocusSash|Illusion|BitterMalice,IcyWind,Taunt,FakeTears|Timid||F|||50|]Gholdengo||LifeOrb|GoodasGold|MakeItRain,ShadowBall,Protect,PowerGem|Modest|||||50|]Whimsicott||FairyFeather|Prankster|Tailwind,Moonblast,Charm,Protect|Timid||F|||50|]Incineroar||SitrusBerry|Intimidate|FakeOut,PartingShot,FlareBlitz,DarkestLariat|Careful||F|||50|]Drampa||Drampanite|CloudNine|HyperVoice,DragonPulse,Protect,CalmMind|Timid||F|||50|
|showteam|p2|Starmie||Starminite|NaturalCure|Liquidation,ZenHeadbutt,AquaJet,Protect|Jolly|||||50|]Kingambit||ChopleBerry|Defiant|IronHead,SuckerPunch,KowtowCleave,Protect|Adamant||F|||50|]Garchomp||LifeOrb|RoughSkin|StompingTantrum,DragonClaw,RockSlide,Protect|Jolly||M|||50|]Pelipper||FocusSash|Drizzle|WeatherBall,Hurricane,Tailwind,Protect|Bold||M|||50|]Incineroar||SitrusBerry|Intimidate|FakeOut,FlareBlitz,DarkestLariat,PartingShot|Adamant||F|||50|]Floette-Eternal||Floettite|FlowerVeil|Moonblast,DrainingKiss,CalmMind,Protect|Modest||F|||50|
|inactive|Battle timer is ON: inactive players will automatically lose when time's up. (requested by Scoseb)
|j| dysondaniels5
|l| dysondaniels5
|inactive|Scoseb has 60 seconds left.
|inactive|Purp93 has 60 seconds left.
|
|t:|1783434205
|teamsize|p1|4
|teamsize|p2|4
|start
|switch|p1a: Incineroar|Incineroar, L50, F|100/100
|switch|p1b: Drampa|Drampa, L50, F|100/100
|switch|p2a: Incineroar|Incineroar, L50, F|100/100
|switch|p2b: Floette|Floette-Eternal, L50, F|100/100
|-ability|p1b: Drampa|Cloud Nine
|-ability|p2a: Incineroar|Intimidate|boost
|-unboost|p1a: Incineroar|atk|1
|-unboost|p1b: Drampa|atk|1
|-ability|p1a: Incineroar|Intimidate|boost
|-unboost|p2a: Incineroar|atk|1
|-unboost|p2b: Floette|atk|1
|turn|1
|inactive|Scoseb has 30 seconds left.
|inactive|Scoseb has 20 seconds left.
|inactive|Scoseb has 15 seconds left.
|
|t:|1783434246
|detailschange|p2b: Floette|Floette-Mega, L50, F
|-mega|p2b: Floette|Floette|Floettite
|-ability|p2b: Floette|Fairy Aura
|detailschange|p1b: Drampa|Drampa-Mega, L50, F
|-mega|p1b: Drampa|Drampa|Drampanite
|move|p2a: Incineroar|Fake Out|p1a: Incineroar
|-damage|p1a: Incineroar|93/100
|move|p2b: Floette|Calm Mind|p2b: Floette
|-boost|p2b: Floette|spa|1
|-boost|p2b: Floette|spd|1
|move|p1b: Drampa|Calm Mind|p1b: Drampa
|-boost|p1b: Drampa|spa|1
|-boost|p1b: Drampa|spd|1
|cant|p1a: Incineroar|flinch
|
|upkeep
|turn|2
|
|t:|1783434262
|move|p1b: Drampa|Protect|p1b: Drampa
|-singleturn|p1b: Drampa|Protect
|move|p2b: Floette|Moonblast|p1a: Incineroar
|-damage|p1a: Incineroar|5/100
|-enditem|p1a: Incineroar|Sitrus Berry|[eat]
|-heal|p1a: Incineroar|30/100|[from] item: Sitrus Berry
|move|p2a: Incineroar|Parting Shot|p1b: Drampa
|-activate|p1b: Drampa|move: Protect
|move|p1a: Incineroar|Parting Shot|p2b: Floette
|-unboost|p2b: Floette|atk|1
|-unboost|p2b: Floette|spa|1
|
|t:|1783434274
|switch|p1a: Whimsicott|Whimsicott, L50, F|100/100|[from] Parting Shot
|
|upkeep
|turn|3
|
|t:|1783434287
|move|p1a: Whimsicott|Icy Wind|p2a: Incineroar|[spread] p2a,p2b
|-resisted|p2a: Incineroar|1
|-damage|p2a: Incineroar|94/100
|-damage|p2b: Floette|92/100
|-unboost|p2a: Incineroar|spe|1
|-unboost|p2b: Floette|spe|1
|move|p1b: Drampa|Hyper Voice|p2a: Incineroar|[spread] p2a,p2b
|-damage|p2a: Incineroar|37/100
|-damage|p2b: Floette|57/100
|-enditem|p2a: Incineroar|Sitrus Berry|[eat]
|-heal|p2a: Incineroar|62/100|[from] item: Sitrus Berry
|move|p2b: Floette|Moonblast|p1b: Drampa
|-supereffective|p1b: Drampa|1
|-damage|p1b: Drampa|0 fnt
|faint|p1b: Drampa
|move|p2a: Incineroar|Flare Blitz|p1a: Whimsicott
|-damage|p1a: Whimsicott|29/100
|replace|p1a: Zoroark|Zoroark-Hisui, L50, F
|-end|p1a: Zoroark|Illusion
|-damage|p2a: Incineroar|47/100|[from] Recoil
|
|upkeep
|
|t:|1783434308
|switch|p1b: Whimsicott|Whimsicott, L50, F|100/100
|turn|4
|
|t:|1783434322
|move|p2b: Floette|Protect|p2b: Floette
|-singleturn|p2b: Floette|Protect
|move|p1b: Whimsicott|Moonblast|p2a: Incineroar
|-damage|p2a: Incineroar|1/100
|move|p1a: Zoroark|Fake Tears|p2a: Incineroar
|-unboost|p2a: Incineroar|spd|2
|move|p2a: Incineroar|Flare Blitz|p1b: Whimsicott
|-supereffective|p1b: Whimsicott|1
|-damage|p1b: Whimsicott|0 fnt
|faint|p1b: Whimsicott
|-damage|p2a: Incineroar|0 fnt|[from] Recoil
|faint|p2a: Incineroar
|
|upkeep
|
|t:|1783434335
|switch|p1b: Incineroar|Incineroar, L50, F|30/100
|switch|p2a: Kingambit|Kingambit, L50, F|100/100
|-ability|p1b: Incineroar|Intimidate|boost
|-unboost|p2a: Kingambit|atk|1
|-ability|p2a: Kingambit|Defiant|boost
|-boost|p2a: Kingambit|atk|2
|-unboost|p2b: Floette|atk|1
|turn|5
|inactive|Scoseb has 30 seconds left.
|-message|Scoseb forfeited.
|
|win|Purp93
|raw|Scoseb's rating: 1074 → 1055(-19 for losing)
|raw|Purp93's rating: 1102 → 1125(+23 for winning)
|l|☆Scoseb
|player|p1|
|j|☆Scoseb
|player|p1|Scoseb|brycenman|
