|j|☆KChiefs7
|j|☆No.1AnicredibleFan
|html|KChiefs7No.1AnicredibleFan    
|uhtml|bestof|Game 1 of a best-of-3
|t:|1756402897
|gametype|doubles
|player|p1|KChiefs7|swimmer-gen4|1075
|player|p2|No.1AnicredibleFan|hilbert|1052
|gen|9
|tier|[Gen 9] VGC 2025 Reg H (Bo3)
|rated|
|rule|Species Clause: Limit one of each Pokémon
|rule|Item Clause: Limit 1 of each item
|clearpoke
|poke|p1|Gholdengo, L50|
|poke|p1|Incineroar, L50, M|
|poke|p1|Amoonguss, L50, F|
|poke|p1|Archaludon, L50, M|
|poke|p1|Pelipper, L50, F|
|poke|p1|Basculegion, L50, M|
|poke|p2|Baxcalibur, L50, F|
|poke|p2|Ursaluna-Bloodmoon, L50, M|
|poke|p2|Farigiraf, L50, M|
|poke|p2|Murkrow, L50, M|
|poke|p2|Arcanine-Hisui, L50, F|
|poke|p2|Amoonguss, L50, M|
|teampreview|4
|showteam|p1|Gholdengo||LifeOrb|GoodasGold|MakeItRain,ShadowBall,NastyPlot,Protect||||||50|,,,,,Water]Incineroar||RockyHelmet|Intimidate|Taunt,KnockOff,PartingShot,FakeOut|||M|||50|,,,,,Ghost]Amoonguss||SitrusBerry|Regenerator|PollenPuff,Spore,RagePowder,Protect|||F|||50|,,,,,Water]Archaludon||AssaultVest|Stamina|DragonPulse,FlashCannon,ElectroShot,BodyPress|||M|||50|,,,,,Bug]Pelipper||FocusSash|Drizzle|WeatherBall,Hurricane,Tailwind,Protect|||F|||50|,,,,,Ground]Basculegion||ChoiceBand|SwiftSwim|WaveCrash,LastRespects,FlipTurn,AquaJet|||M|||50|,,,,,Water
|showteam|p2|Baxcalibur||LoadedDice|ThermalExchange|Protect,SwordsDance,ScaleShot,IcicleSpear|||F|||50|,,,,,Poison]Ursaluna-Bloodmoon||LifeOrb|MindsEye|Protect,EarthPower,HyperVoice,BloodMoon|||M|||50|,,,,,Normal]Farigiraf||ThroatSpray|ArmorTail|Protect,TrickRoom,HyperVoice,Psychic|||M|||50|,,,,,Water]Murkrow||Eviolite|Prankster|Protect,Tailwind,Snarl,Haze|||M|||50|,,,,,Ghost]Arcanine-Hisui||ChoiceBand|Intimidate|FlareBlitz,RockSlide,ExtremeSpeed,CloseCombat|||F|||50|,,,,,Grass]Amoonguss||SitrusBerry|Regenerator|Protect,RagePowder,PollenPuff,Spore|||M|||50|,,,,,Water
|inactive|Battle timer is ON: inactive players will automatically lose when time's up. (requested by KChiefs7)
|inactive|KChiefs7 has 60 seconds left.
|inactive|No.1AnicredibleFan has 60 seconds left.
|
|t:|1756402940
|teamsize|p1|4
|teamsize|p2|4
|start
|switch|p1a: Incineroar|Incineroar, L50, M|100/100
|switch|p1b: Gholdengo|Gholdengo, L50|100/100
|switch|p2a: Murkrow|Murkrow, L50, M|100/100
|switch|p2b: Arcanine|Arcanine-Hisui, L50, F|100/100
|-ability|p2b: Arcanine|Intimidate|boost
|-unboost|p1a: Incineroar|atk|1
|-unboost|p1b: Gholdengo|atk|1
|-ability|p1a: Incineroar|Intimidate|boost
|-unboost|p2a: Murkrow|atk|1
|-unboost|p2b: Arcanine|atk|1
|turn|1
|inactive|KChiefs7 has 30 seconds left.
|inactive|No.1AnicredibleFan has 30 seconds left.
|inactive|KChiefs7 has 20 seconds left.
|inactive|No.1AnicredibleFan has 20 seconds left.
|inactive|No.1AnicredibleFan has 15 seconds left.
|inactive|No.1AnicredibleFan has 10 seconds left.
|inactive|No.1AnicredibleFan has 5 seconds left.
|
|t:|1756402991
|move|p1a: Incineroar|Fake Out|p2b: Arcanine
|-resisted|p2b: Arcanine
|-damage|p2b: Arcanine|96/100
|move|p2a: Murkrow|Tailwind|p2a: Murkrow
|-sidestart|p2: No.1AnicredibleFan|move: Tailwind
|cant|p2b: Arcanine|flinch
|move|p1b: Gholdengo|Nasty Plot|p1b: Gholdengo
|-boost|p1b: Gholdengo|spa|2
|
|upkeep
|turn|2
|
|t:|1756403008
|move|p1b: Gholdengo|Protect|p1b: Gholdengo
|-singleturn|p1b: Gholdengo|Protect
|move|p2a: Murkrow|Haze|p2a: Murkrow
|-clearallboost
|move|p2b: Arcanine|Flare Blitz|p1b: Gholdengo
|-activate|p1b: Gholdengo|move: Protect
|move|p1a: Incineroar|Parting Shot|p2b: Arcanine
|-unboost|p2b: Arcanine|atk|1
|-unboost|p2b: Arcanine|spa|1
|
|t:|1756403018
|switch|p1a: Pelipper|Pelipper, L50, F|100/100|[from] Parting Shot
|-weather|RainDance|[from] ability: Drizzle|[of] p1a: Pelipper
|
|-weather|RainDance|[upkeep]
|upkeep
|turn|3
|inactive|KChiefs7 has 30 seconds left.
|inactive|KChiefs7 has 20 seconds left.
|inactive|KChiefs7 has 15 seconds left.
|
|t:|1756403061
|switch|p2b: Amoonguss|Amoonguss, L50, M|100/100
|move|p2a: Murkrow|Snarl|p1a: Pelipper|[spread] p1a,p1b
|-supereffective|p1b: Gholdengo
|-damage|p1a: Pelipper|78/100
|-damage|p1b: Gholdengo|71/100
|-unboost|p1a: Pelipper|spa|1
|-unboost|p1b: Gholdengo|spa|1
|move|p1b: Gholdengo|Make It Rain|p2a: Murkrow|[spread] p2a,p2b
|-damage|p2a: Murkrow|64/100
|-damage|p2b: Amoonguss|66/100
|-unboost|p1b: Gholdengo|spa|1
|-damage|p1b: Gholdengo|61/100|[from] item: Life Orb
|move|p1a: Pelipper|Tailwind|p1a: Pelipper
|-sidestart|p1: KChiefs7|move: Tailwind
|
|-weather|RainDance|[upkeep]
|upkeep
|turn|4
|inactive|KChiefs7 has 30 seconds left.
|inactive|KChiefs7 has 20 seconds left.
|inactive|KChiefs7 has 15 seconds left.
|inactive|KChiefs7 has 10 seconds left.
|
|t:|1756403110
|-terastallize|p2b: Amoonguss|Water
|move|p1b: Gholdengo|Shadow Ball|p2b: Amoonguss
|-damage|p2b: Amoonguss|43/100
|-enditem|p2b: Amoonguss|Sitrus Berry|[eat]
|-heal|p2b: Amoonguss|68/100|[from] item: Sitrus Berry
|-damage|p1b: Gholdengo|52/100|[from] item: Life Orb
|move|p1a: Pelipper|Weather Ball|p2a: Murkrow
|-damage|p2a: Murkrow|14/100
|move|p2a: Murkrow|Snarl|p1b: Gholdengo|[spread] p1a,p1b
|-supereffective|p1b: Gholdengo
|-damage|p1a: Pelipper|55/100
|-damage|p1b: Gholdengo|24/100
|-unboost|p1a: Pelipper|spa|1
|-unboost|p1b: Gholdengo|spa|1
|move|p2b: Amoonguss|Spore|p1a: Pelipper
|-status|p1a: Pelipper|slp|[from] move: Spore
|
|-weather|RainDance|[upkeep]
|-sideend|p2: No.1AnicredibleFan|move: Tailwind
|upkeep
|turn|5
|inactive|KChiefs7 has 30 seconds left.
|inactive|No.1AnicredibleFan has 30 seconds left.
|inactive|No.1AnicredibleFan has 20 seconds left.
|
|t:|1756403147
|switch|p2b: Arcanine|Arcanine-Hisui, L50, F|96/100
|-ability|p2b: Arcanine|Intimidate|boost
|-unboost|p1a: Pelipper|atk|1
|-unboost|p1b: Gholdengo|atk|1
|move|p1b: Gholdengo|Protect|p1b: Gholdengo
|-singleturn|p1b: Gholdengo|Protect
|cant|p1a: Pelipper|slp
|move|p2a: Murkrow|Tailwind|p2a: Murkrow
|-sidestart|p2: No.1AnicredibleFan|move: Tailwind
|
|-weather|RainDance|[upkeep]
|upkeep
|turn|6
|
|t:|1756403166
|switch|p1b: Incineroar|Incineroar, L50, M|100/100
|-ability|p1b: Incineroar|Intimidate|boost
|-unboost|p2a: Murkrow|atk|1
|-unboost|p2b: Arcanine|atk|1
|move|p2b: Arcanine|Rock Slide|p1b: Incineroar|[spread] p1a
|-miss|p2b: Arcanine|p1b: Incineroar
|-supereffective|p1a: Pelipper
|-damage|p1a: Pelipper|0 fnt
|faint|p1a: Pelipper
|move|p2a: Murkrow|Snarl|p1b: Incineroar
|-resisted|p1b: Incineroar
|-damage|p1b: Incineroar|93/100
|-unboost|p1b: Incineroar|spa|1
|
|-weather|none
|-sideend|p1: KChiefs7|move: Tailwind
|upkeep
|
|t:|1756403176
|switch|p1a: Archaludon|Archaludon, L50, M|100/100
|turn|7
|inactive|KChiefs7 has 30 seconds left.
|
|t:|1756403210
|switch|p2b: Amoonguss|Amoonguss, L50, M, tera:Water|100/100
|move|p1b: Incineroar|Fake Out|p2a: Murkrow
|-damage|p2a: Murkrow|0 fnt
|faint|p2a: Murkrow
|move|p1a: Archaludon|Body Press|p2b: Amoonguss
|-crit|p2b: Amoonguss
|-damage|p2b: Amoonguss|71/100
|
|upkeep
|
|t:|1756403223
|switch|p2a: Arcanine|Arcanine-Hisui, L50, F|96/100
|-ability|p2a: Arcanine|Intimidate|boost
|-unboost|p1a: Archaludon|atk|1
|-unboost|p1b: Incineroar|atk|1
|turn|8
|inactive|KChiefs7 has 30 seconds left.
|inactive|No.1AnicredibleFan has 30 seconds left.
|inactive|KChiefs7 has 20 seconds left.
|inactive|KChiefs7 has 15 seconds left.
|inactive|No.1AnicredibleFan has 20 seconds left.
|inactive|KChiefs7 has 10 seconds left.
|inactive|No.1AnicredibleFan has 15 seconds left.
|
|t:|1756403271
|-terastallize|p1b: Incineroar|Ghost
|move|p2b: Amoonguss|Rage Powder|p2b: Amoonguss
|-singleturn|p2b: Amoonguss|move: Rage Powder
|move|p2a: Arcanine|Close Combat|p1a: Archaludon
|-supereffective|p1a: Archaludon
|-damage|p1a: Archaludon|10/100
|-unboost|p2a: Arcanine|def|1
|-unboost|p2a: Arcanine|spd|1
|-ability|p1a: Archaludon|Stamina|boost
|-boost|p1a: Archaludon|def|1
|move|p1a: Archaludon|Electro Shot||[still]
|-prepare|p1a: Archaludon|Electro Shot
|-boost|p1a: Archaludon|spa|1
|move|p1b: Incineroar|Parting Shot|p2b: Amoonguss
|-unboost|p2b: Amoonguss|atk|1
|-unboost|p2b: Amoonguss|spa|1
|
|t:|1756403284
|switch|p1b: Gholdengo|Gholdengo, L50|24/100|[from] Parting Shot
|
|-sideend|p2: No.1AnicredibleFan|move: Tailwind
|upkeep
|turn|9
|inactive|No.1AnicredibleFan has 30 seconds left.
|
|t:|1756403316
|move|p2b: Amoonguss|Protect|p2b: Amoonguss
|-singleturn|p2b: Amoonguss|Protect
|move|p1b: Gholdengo|Make It Rain|p2a: Arcanine|[spread] p2a
|-activate|p2b: Amoonguss|move: Protect
|-damage|p2a: Arcanine|0 fnt
|-unboost|p1b: Gholdengo|spa|1
|faint|p2a: Arcanine
|-damage|p1b: Gholdengo|14/100|[from] item: Life Orb
|move|p1a: Archaludon|Electro Shot|p2b: Amoonguss|[from] lockedmove
|-activate|p2b: Amoonguss|move: Protect
|
|upkeep
|
|t:|1756403327
|switch|p2a: Ursaluna|Ursaluna-Bloodmoon, L50, M|100/100
|turn|10
|inactive|KChiefs7 has 30 seconds left.
|inactive|KChiefs7 has 20 seconds left.
|inactive|KChiefs7 has 15 seconds left.
|inactive|KChiefs7 has 10 seconds left.
|inactive|KChiefs7 has 5 seconds left.
|
|t:|1756403382
|move|p2a: Ursaluna|Protect|p2a: Ursaluna
|-singleturn|p2a: Ursaluna|Protect
|move|p1b: Gholdengo|Make It Rain|p2a: Ursaluna|[spread] p2b
|-activate|p2a: Ursaluna|move: Protect
|-resisted|p2b: Amoonguss
|-damage|p2b: Amoonguss|54/100
|-unboost|p1b: Gholdengo|spa|1
|-damage|p1b: Gholdengo|5/100|[from] item: Life Orb
|move|p1a: Archaludon|Dragon Pulse|p2b: Amoonguss
|-damage|p2b: Amoonguss|2/100
|move|p2b: Amoonguss|Spore|p1a: Archaludon
|-status|p1a: Archaludon|slp|[from] move: Spore
|
|upkeep
|turn|11
|inactive|KChiefs7 has 30 seconds left.
|
|t:|1756403412
|move|p1b: Gholdengo|Protect|p1b: Gholdengo
|-singleturn|p1b: Gholdengo|Protect
|move|p2b: Amoonguss|Protect|p2b: Amoonguss
|-singleturn|p2b: Amoonguss|Protect
|cant|p1a: Archaludon|slp
|move|p2a: Ursaluna|Hyper Voice|p1b: Gholdengo|[spread] p1a
|-activate|p1b: Gholdengo|move: Protect
|-resisted|p1a: Archaludon
|-damage|p1a: Archaludon|0 fnt
|faint|p1a: Archaludon
|-damage|p2a: Ursaluna|91/100|[from] item: Life Orb
|
|upkeep
|
|t:|1756403420
|switch|p1a: Incineroar|Incineroar, L50, M, tera:Ghost|93/100
|-ability|p1a: Incineroar|Intimidate|boost
|-unboost|p2a: Ursaluna|atk|1
|-unboost|p2b: Amoonguss|atk|1
|turn|12
|inactive|KChiefs7 has 30 seconds left.
|inactive|KChiefs7 has 20 seconds left.
|inactive|KChiefs7 has 15 seconds left.
|
|t:|1756403448
|move|p2b: Amoonguss|Protect|p2b: Amoonguss
|-singleturn|p2b: Amoonguss|Protect
|move|p1a: Incineroar|Fake Out|p2a: Ursaluna
|-damage|p2a: Ursaluna|82/100
|move|p1b: Gholdengo|Nasty Plot|p1b: Gholdengo
|-boost|p1b: Gholdengo|spa|2
|cant|p2a: Ursaluna|flinch
|
|upkeep
|turn|13
|inactive|KChiefs7 has 15 seconds left this turn.
|inactive|KChiefs7 has 10 seconds left.
|inactive|KChiefs7 has 5 seconds left.
|
|t:|1756403461
|move|p1b: Gholdengo|Protect|p1b: Gholdengo
|-singleturn|p1b: Gholdengo|Protect
|move|p2b: Amoonguss|Protect||[still]
|-fail|p2b: Amoonguss
|move|p1a: Incineroar|Knock Off|p2b: Amoonguss
|-damage|p2b: Amoonguss|0 fnt
|faint|p2b: Amoonguss
|move|p2a: Ursaluna|Hyper Voice|p1b: Gholdengo|[spread] p1a
|-activate|p1b: Gholdengo|move: Protect
|-damage|p1a: Incineroar|50/100
|-damage|p2a: Ursaluna|73/100|[from] item: Life Orb
|
|upkeep
|turn|14
|inactive|KChiefs7 has 5 seconds left this turn.
|-message|KChiefs7 lost due to inactivity.
|
|win|No.1AnicredibleFan
|inactive|KChiefs7 has 30 seconds to confirm battle start!
|inactive|No.1AnicredibleFan has 30 seconds to confirm battle start!
||No.1AnicredibleFan is ready for game 2.
