|j|☆ufhednarvgc
|j|☆lolgz
|html|ufhednarvgclolgz    
|uhtml|bestof|Game 3 of a best-of-3
|t:|1784748905
|gametype|doubles
|player|p1|ufhednarvgc|lance|1076
|player|p2|lolgz|dawn|1150
|gen|9
|tier|[Gen 9 Champions] VGC 2026 Reg M-B (Bo3)
|rated|
|rule|Species Clause: Limit one of each Pokémon
|rule|Item Clause: Limit 1 of each item
|clearpoke
|poke|p1|Delphox, L50, F|
|poke|p1|Sneasler, L50, F|
|poke|p1|Sinistcha, L50|
|poke|p1|Garchomp, L50, M|
|poke|p1|Incineroar, L50, M|
|poke|p1|Blastoise, L50, M|
|poke|p2|Blastoise, L50, M|
|poke|p2|Vivillon, L50, F|
|poke|p2|Farigiraf, L50, M|
|poke|p2|Gallade, L50, M|
|poke|p2|Kingambit, L50, M|
|poke|p2|Camerupt, L50, F|
|teampreview|4
|showteam|p1|Delphox||Delphoxite|Blaze|HeatWave,Psychic,NastyPlot,Protect|Timid||F|||50|]Sneasler||FocusSash|Unburden|FakeOut,DireClaw,CloseCombat,QuickGuard|Jolly||F|||50|]Sinistcha||OccaBerry|Hospitality|MatchaGotcha,RagePowder,LifeDew,Protect|Calm|||||50|]Garchomp||LifeOrb|RoughSkin|Earthquake,DragonClaw,RockSlide,Protect|Jolly||M|||50|]Incineroar||SitrusBerry|Intimidate|FakeOut,FlareBlitz,PartingShot,ThroatChop|Careful||M|||50|]Blastoise||Blastoisinite|Torrent|WaterSpout,DarkPulse,ShellSmash,Protect|Modest||M|||50|
|showteam|p2|Blastoise||Blastoisinite|Torrent|WaterSpout,DarkPulse,FakeOut,ShellSmash|Modest||M|||50|]Vivillon||ChoiceScarf|CompoundEyes|SleepPowder,RagePowder,Tailwind,Hurricane|Timid||F|||50|]Farigiraf||SitrusBerry|ArmorTail|TrickRoom,Psychic,HelpingHand,Protect|Relaxed||M|||50|]Gallade||IronBall|Sharpness|SacredSword,PsychoCut,LeafBlade,TrickRoom|Brave||M|||50|]Kingambit||BlackGlasses|Defiant|SuckerPunch,KowtowCleave,IronHead,Protect|Brave||M|||50|]Camerupt||Cameruptite|MagmaArmor|HeatWave,EarthPower,AncientPower,Protect|Quiet||F|||50|
|inactive|Battle timer is ON: inactive players will automatically lose when time's up. (requested by lolgz)
|
|t:|1784748937
|teamsize|p1|4
|teamsize|p2|4
|start
|switch|p1a: Blastoise|Blastoise, L50, M|100/100
|switch|p1b: Sinistcha|Sinistcha, L50|100/100
|switch|p2a: Farigiraf|Farigiraf, L50, M|100/100
|switch|p2b: Kingambit|Kingambit, L50, M|100/100
|turn|1
|
|t:|1784748948
|detailschange|p1a: Blastoise|Blastoise-Mega, L50, M
|-mega|p1a: Blastoise|Blastoise|Blastoisinite
|move|p1a: Blastoise|Dark Pulse|p2a: Farigiraf
|-supereffective|p2a: Farigiraf|1
|-damage|p2a: Farigiraf|3/100
|-enditem|p2a: Farigiraf|Sitrus Berry|[eat]
|-heal|p2a: Farigiraf|27/100|[from] item: Sitrus Berry
|move|p1b: Sinistcha|Matcha Gotcha|p2a: Farigiraf|[spread] p2a,p2b
|-resisted|p2b: Kingambit|1
|-damage|p2a: Farigiraf|5/100
|-damage|p2b: Kingambit|88/100
|move|p2b: Kingambit|Kowtow Cleave|p1b: Sinistcha
|-supereffective|p1b: Sinistcha|1
|-damage|p1b: Sinistcha|1/100
|move|p2a: Farigiraf|Trick Room|p2a: Farigiraf
|-fieldstart|move: Trick Room|[of] p2a: Farigiraf
|
|upkeep
|turn|2
|inactive|ufhednarvgc has 30 seconds left.
|
|t:|1784748977
|switch|p1b: Garchomp|Garchomp, L50, M|100/100
|move|p1a: Blastoise|Protect|p1a: Blastoise
|-singleturn|p1a: Blastoise|Protect
|move|p2b: Kingambit|Kowtow Cleave|p1a: Blastoise
|-activate|p1a: Blastoise|move: Protect
|move|p2a: Farigiraf|Psychic|p1b: Garchomp
|-damage|p1b: Garchomp|65/100
|
|upkeep
|turn|3
|
|t:|1784748987
|move|p2a: Farigiraf|Helping Hand|p2b: Kingambit
|-singleturn|p2b: Kingambit|Helping Hand|[of] p2a: Farigiraf
|move|p1b: Garchomp|Protect|p1b: Garchomp
|-singleturn|p1b: Garchomp|Protect
|move|p2b: Kingambit|Kowtow Cleave|p1a: Blastoise
|-damage|p1a: Blastoise|17/100
|move|p1a: Blastoise|Water Spout|p2b: Kingambit|[spread] p2a,p2b
|-damage|p2a: Farigiraf|0 fnt
|-damage|p2b: Kingambit|77/100
|faint|p2a: Farigiraf
|
|upkeep
|
|t:|1784748990
|switch|p2a: Gallade|Gallade, L50, M|100/100
|turn|4
|
|t:|1784749003
|switch|p1b: Sinistcha|Sinistcha, L50|1/100
|-heal|p1a: Blastoise|42/100|[from] ability: Hospitality|[of] p1b: Sinistcha
|move|p1a: Blastoise|Protect|p1a: Blastoise
|-singleturn|p1a: Blastoise|Protect
|move|p2a: Gallade|Sacred Sword|p1b: Sinistcha
|-immune|p1b: Sinistcha
|move|p2b: Kingambit|Kowtow Cleave|p1a: Blastoise
|-activate|p1a: Blastoise|move: Protect
|
|upkeep
|turn|5
|
|t:|1784749027
|switch|p1a: Garchomp|Garchomp, L50, M|65/100
|move|p1b: Sinistcha|Protect|p1b: Sinistcha
|-singleturn|p1b: Sinistcha|Protect
|move|p2a: Gallade|Sacred Sword|p1a: Garchomp
|-damage|p1a: Garchomp|0 fnt
|-damage|p2a: Gallade|88/100|[from] ability: Rough Skin|[of] p1a: Garchomp
|faint|p1a: Garchomp
|move|p2b: Kingambit|Kowtow Cleave|p1b: Sinistcha
|-activate|p1b: Sinistcha|move: Protect
|
|-fieldend|move: Trick Room
|upkeep
|
|t:|1784749039
|switch|p1a: Blastoise|Blastoise-Mega, L50, M|42/100
|turn|6
|
|t:|1784749046
|move|p1b: Sinistcha|Rage Powder|p1b: Sinistcha
|-singleturn|p1b: Sinistcha|move: Rage Powder
|move|p2b: Kingambit|Sucker Punch||[still]
|-fail|p2b: Kingambit
|move|p1a: Blastoise|Dark Pulse|p2a: Gallade
|-damage|p2a: Gallade|42/100
|move|p2a: Gallade|Trick Room|p2a: Gallade
|-fieldstart|move: Trick Room|[of] p2a: Gallade
|
|upkeep
|turn|7
|-message|ufhednarvgc forfeited.
|raw|ufhednarvgc's rating: 1076 → 1059(-17 for losing)
|raw|lolgz's rating: 1150 → 1170(+20 for winning)
|
|win|lolgz
