|j|â˜†Amonio
|j|â˜†pressinblades
|html|Amoniopressinblades    
|uhtml|bestof|Game 3 of a best-of-3
|t:|1782399429
|gametype|doubles
|player|p1|Amonio|1|1086
|player|p2|pressinblades|steven|1111
|gen|9
|tier|[Gen 9 Champions] VGC 2026 Reg M-B (Bo3)
|rated|
|rule|Species Clause: Limit one of each PokÃ©mon
|rule|Item Clause: Limit 1 of each item
|clearpoke
|poke|p1|Gholdengo, L50|
|poke|p1|Garchomp, L50, F|
|poke|p1|Whimsicott, L50, F|
|poke|p1|Incineroar, L50, F|
|poke|p1|Sylveon, L50, M|
|poke|p1|Staraptor, L50, M|
|poke|p2|Talonflame, L50, M|
|poke|p2|Garchomp, L50, M, shiny|
|poke|p2|Maushold, L50|
|poke|p2|Gardevoir, L50, F, shiny|
|poke|p2|Metagross, L50|
|poke|p2|Torkoal, L50, F|
|teampreview|4
|showteam|p1|Gholdengo||ColburBerry|GoodasGold|MakeItRain,ShadowBall,NastyPlot,Protect|Modest|||||50|]Garchomp||LifeOrb|RoughSkin|Earthquake,RockSlide,DragonClaw,Protect|Jolly||F|||50|]Whimsicott||FocusSash|Prankster|Tailwind,Moonblast,Charm,Protect|Timid||F|||50|]Incineroar||ChopleBerry|Intimidate|FakeOut,FlareBlitz,DarkestLariat,PartingShot|Impish||F|||50|]Sylveon||FairyFeather|Pixilate|HyperVoice,HyperBeam,QuickAttack,Detect|Modest||M|||50|]Staraptor||Staraptite|Intimidate|CloseCombat,BraveBird,Roost,Protect|Jolly||M|||50|
|showteam|p2|Talonflame||LifeOrb|GaleWings|Protect,DualWingbeat,Tailwind,Overheat|Naive||M|||50|]Garchomp||ExpertBelt|RoughSkin|Protect,RockSlide,Earthquake,DragonClaw|Adamant||M|||50|]Maushold||FocusSash|FriendGuard|Protect,SuperFang,PopulationBomb,FollowMe|Adamant|||||50|]Gardevoir||Gardevoirite|Telepathy|Protect,TrickRoom,HyperVoice,Psychic|Modest||F|||50|]Metagross||Metagrossite|ClearBody|Protect,MeteorMash,PsychicFangs,BulletPunch|Adamant|||||50|]Torkoal||Charcoal|Drought|Protect,Overheat,HeatWave,EarthPower|Quiet||F|||50|
|inactive|Battle timer is ON: inactive players will automatically lose when time's up. (requested by Amonio)
|inactive|pressinblades has 60 seconds left.
|inactive|pressinblades has 30 seconds left.
|inactive|pressinblades has 20 seconds left.
|inactive|pressinblades has 15 seconds left.
|inactive|pressinblades has 10 seconds left.
|
|t:|1782399516
|teamsize|p1|4
|teamsize|p2|4
|start
|switch|p1a: Whimsicott|Whimsicott, L50, F|100/100
|switch|p1b: Staraptor|Staraptor, L50, M|100/100
|switch|p2a: Talonflame|Talonflame, L50, M|100/100
|switch|p2b: Gardevoir|Gardevoir, L50, F, shiny|100/100
|-ability|p1b: Staraptor|Intimidate|boost
|-unboost|p2a: Talonflame|atk|1
|-unboost|p2b: Gardevoir|atk|1
|turn|1
|inactive|Amonio has 30 seconds left.
|inactive|pressinblades has 30 seconds left.
|inactive|pressinblades has 20 seconds left.
|
|t:|1782399551
|switch|p2a: Maushold|Maushold, L50|100/100
|detailschange|p1b: Staraptor|Staraptor-Mega, L50, M
|-mega|p1b: Staraptor|Staraptor|Staraptite
|detailschange|p2b: Gardevoir|Gardevoir-Mega, L50, F, shiny
|-mega|p2b: Gardevoir|Gardevoir|Gardevoirite
|move|p1b: Staraptor|Protect|p1b: Staraptor
|-singleturn|p1b: Staraptor|Protect
|move|p1a: Whimsicott|Tailwind|p1a: Whimsicott
|-sidestart|p1: Amonio|move: Tailwind
|move|p2b: Gardevoir|Hyper Voice|p1b: Staraptor|[spread] p1a
|-activate|p1b: Staraptor|move: Protect
|-damage|p1a: Whimsicott|8/100
|
|upkeep
|turn|2
|inactive|pressinblades has 30 seconds left.
|inactive|pressinblades has 20 seconds left.
|
|t:|1782399586
|move|p2a: Maushold|Follow Me|p2a: Maushold
|-singleturn|p2a: Maushold|move: Follow Me
|move|p1a: Whimsicott|Charm|p2a: Maushold
|-unboost|p2a: Maushold|atk|2
|move|p1b: Staraptor|Close Combat|p2a: Maushold
|-supereffective|p2a: Maushold|1
|-enditem|p2a: Maushold|Focus Sash
|-damage|p2a: Maushold|1/100
|-boost|p1b: Staraptor|def|1
|-boost|p1b: Staraptor|spd|1
|move|p2b: Gardevoir|Psychic|p1b: Staraptor
|-supereffective|p1b: Staraptor|1
|-damage|p1b: Staraptor|21/100
|
|upkeep
|turn|3
|inactive|Amonio has 30 seconds left.
|inactive|pressinblades has 30 seconds left.
|inactive|Amonio has 20 seconds left.
|inactive|Amonio has 15 seconds left.
|
|t:|1782399630
|switch|p1b: Garchomp|Garchomp, L50, F|100/100
|move|p2a: Maushold|Protect|p2a: Maushold
|-singleturn|p2a: Maushold|Protect
|move|p1a: Whimsicott|Moonblast|p2a: Maushold
|-activate|p2a: Maushold|move: Protect
|move|p2b: Gardevoir|Hyper Voice|p1b: Garchomp|[spread] p1a,p1b
|-supereffective|p1b: Garchomp|1
|-damage|p1a: Whimsicott|0 fnt
|-damage|p1b: Garchomp|0 fnt
|faint|p1a: Whimsicott
|faint|p1b: Garchomp
|
|upkeep
|
|t:|1782399635
|switch|p1a: Staraptor|Staraptor-Mega, L50, M|21/100
|switch|p1b: Gholdengo|Gholdengo, L50|100/100
|turn|4
|inactive|pressinblades has 30 seconds left.
|
|t:|1782399662
|move|p2b: Gardevoir|Protect|p2b: Gardevoir
|-singleturn|p2b: Gardevoir|Protect
|move|p1a: Staraptor|Close Combat|p2a: Maushold
|-supereffective|p2a: Maushold|1
|-damage|p2a: Maushold|0 fnt
|-boost|p1a: Staraptor|def|1
|-boost|p1a: Staraptor|spd|1
|faint|p2a: Maushold
|move|p1b: Gholdengo|Make It Rain|p2b: Gardevoir
|-activate|p2b: Gardevoir|move: Protect
|
|-sideend|p1: Amonio|move: Tailwind
|upkeep
|
|t:|1782399686
|switch|p2a: Talonflame|Talonflame, L50, M|100/100
|turn|5
|inactive|pressinblades has 30 seconds left.
|
|t:|1782399713
|move|p1a: Staraptor|Protect|p1a: Staraptor
|-singleturn|p1a: Staraptor|Protect
|move|p2a: Talonflame|Tailwind|p2a: Talonflame
|-sidestart|p2: pressinblades|move: Tailwind
|move|p2b: Gardevoir|Hyper Voice|p1b: Gholdengo|[spread] p1b
|-activate|p1a: Staraptor|move: Protect
|-resisted|p1b: Gholdengo|1
|-damage|p1b: Gholdengo|74/100
|move|p1b: Gholdengo|Shadow Ball|p2b: Gardevoir
|-supereffective|p2b: Gardevoir|1
|-damage|p2b: Gardevoir|32/100
|
|upkeep
|turn|6
|c|â˜†pressinblades|bangarang
|c|â˜†pressinblades|ggwp
|inactive|Amonio has 30 seconds left.
|inactive|Amonio has 20 seconds left.
|inactive|Amonio has 15 seconds left.
|
|t:|1782399756
|move|p2a: Talonflame|Overheat|p1b: Gholdengo|[miss]
|-miss|p2a: Talonflame|p1b: Gholdengo
|move|p2b: Gardevoir|Psychic|p1a: Staraptor
|-supereffective|p1a: Staraptor|1
|-damage|p1a: Staraptor|0 fnt
|faint|p1a: Staraptor
|move|p1b: Gholdengo|Make It Rain|p2a: Talonflame|[spread] p2a,p2b
|-resisted|p2a: Talonflame|1
|-supereffective|p2b: Gardevoir|1
|-damage|p2a: Talonflame|56/100
|-damage|p2b: Gardevoir|0 fnt
|-unboost|p1b: Gholdengo|spa|2
|faint|p2b: Gardevoir
|
|upkeep
|
|t:|1782399762
|switch|p2b: Garchomp|Garchomp, L50, M, shiny|100/100
|turn|7
|-message|Amonio forfeited.
|
|win|pressinblades
|raw|Amonio's rating: 1086 → 1065(-21 for losing)
|raw|pressinblades's rating: 1111 → 1134(+23 for winning)
|l|â˜†Amonio
|player|p1|
