|j|☆sergio23perez
|j|☆cocacolaindahhouse
|html|sergio23perezcocacolaindahhouse    
|uhtml|bestof|Game 3 of a best-of-3
|t:|1756893906
|gametype|doubles
|player|p1|sergio23perez|169|1277
|player|p2|cocacolaindahhouse|170|1506
|gen|9
|tier|[Gen 9] VGC 2025 Reg H (Bo3)
|rated|
|rule|Species Clause: Limit one of each Pokémon
|rule|Item Clause: Limit 1 of each item
|clearpoke
|poke|p1|Jumpluff, L50, M|
|poke|p1|Charizard, L50, M|
|poke|p1|Porygon2, L50|
|poke|p1|Torkoal, L50, F|
|poke|p1|Incineroar, L50, F|
|poke|p1|Ursaluna, L50, M|
|poke|p2|Ursaluna, L50, M|
|poke|p2|Dragonite, L50, M|
|poke|p2|Archaludon, L50, M|
|poke|p2|Sinistcha, L50|
|poke|p2|Pelipper, L50, M|
|poke|p2|Gholdengo, L50|
|teampreview|4
|showteam|p1|Jumpluff||CovertCloak|Chlorophyll|SleepPowder,SunnyDay,Tailwind,RagePowder|||M|||50|,,,,,Water]Charizard||ChoiceSpecs|SolarPower|AirSlash,HeatWave,Overheat,WeatherBall|||M|||50|,,,,,Ghost]Porygon2||Eviolite|Download|TeraBlast,IceBeam,Recover,TrickRoom||||||50|,,,,,Fighting]Torkoal||EjectPack|Drought|HelpingHand,Eruption,Overheat,Protect|||F|||50|,,,,,Fire]Incineroar||SafetyGoggles|Intimidate|FakeOut,PartingShot,FlareBlitz,KnockOff|||F|||50|,,,,,Ghost]Ursaluna||FlameOrb|Guts|HeadlongRush,Facade,Earthquake,Protect|||M|||50|,,,,,Ghost
|showteam|p2|Ursaluna||FlameOrb|Guts|Facade,Protect,HeadlongRush,Earthquake|||M|||50|,,,,,Ghost]Dragonite||LoadedDice|Multiscale|ScaleShot,Protect,Haze,Tailwind|||M|||50|,,,,,Fairy]Archaludon||AssaultVest|Stamina|FlashCannon,BodyPress,ElectroShot,Snarl|||M|||50|,,,,,Fighting]Sinistcha||SitrusBerry|Hospitality|LifeDew,MatchaGotcha,TrickRoom,RagePowder||||||50|,,,,,Dark]Pelipper||FocusSash|Drizzle|Hurricane,Tailwind,MuddyWater,Protect|||M|||50|,,,,,Ghost]Gholdengo||ChoiceScarf|GoodasGold|MakeItRain,ShadowBall,Trick,TeraBlast||||||50|,,,,,Water
|inactive|Battle timer is ON: inactive players will automatically lose when time's up. (requested by sergio23perez)
|inactive|cocacolaindahhouse has 60 seconds left.
|inactive|cocacolaindahhouse has 30 seconds left.
|
|t:|1756893975
|teamsize|p1|4
|teamsize|p2|4
|start
|switch|p1a: Porygon2|Porygon2, L50|100/100
|switch|p1b: Incineroar|Incineroar, L50, F|100/100
|switch|p2a: Gholdengo|Gholdengo, L50|100/100
|switch|p2b: Archaludon|Archaludon, L50, M|100/100
|-ability|p1b: Incineroar|Intimidate|boost
|-unboost|p2a: Gholdengo|atk|1
|-unboost|p2b: Archaludon|atk|1
|-ability|p1a: Porygon2|Download|boost
|-boost|p1a: Porygon2|spa|1
|turn|1
|inactive|cocacolaindahhouse has 30 seconds left.
|inactive|cocacolaindahhouse has 20 seconds left.
|inactive|cocacolaindahhouse has 15 seconds left.
|inactive|cocacolaindahhouse has 10 seconds left.
|
|t:|1756894024
|-terastallize|p2a: Gholdengo|Water
|move|p2a: Gholdengo|Trick|p1a: Porygon2
|-activate|p2a: Gholdengo|move: Trick|[of] p1a: Porygon2
|-item|p1a: Porygon2|Choice Scarf|[from] move: Trick
|-item|p2a: Gholdengo|Eviolite|[from] move: Trick
|move|p2b: Archaludon|Snarl|p1b: Incineroar|[spread] p1b
|-miss|p2b: Archaludon|p1a: Porygon2
|-resisted|p1b: Incineroar
|-crit|p1b: Incineroar
|-damage|p1b: Incineroar|93/100
|-unboost|p1b: Incineroar|spa|1
|move|p1b: Incineroar|Parting Shot|p2b: Archaludon
|-unboost|p2b: Archaludon|atk|1
|-unboost|p2b: Archaludon|spa|1
|
|t:|1756894033
|switch|p1b: Torkoal|Torkoal, L50, F|100/100|[from] Parting Shot
|-weather|SunnyDay|[from] ability: Drought|[of] p1b: Torkoal
|move|p1a: Porygon2|Trick Room|p1a: Porygon2
|-fieldstart|move: Trick Room|[of] p1a: Porygon2
|
|-weather|SunnyDay|[upkeep]
|upkeep
|turn|2
|inactive|cocacolaindahhouse has 30 seconds left.
|inactive|cocacolaindahhouse has 20 seconds left.
|inactive|cocacolaindahhouse has 15 seconds left.
|
|t:|1756894074
|switch|p1a: Ursaluna|Ursaluna, L50, M|100/100
|switch|p2b: Pelipper|Pelipper, L50, M|100/100
|-weather|RainDance|[from] ability: Drizzle|[of] p2b: Pelipper
|move|p1b: Torkoal|Overheat|p2b: Pelipper
|-resisted|p2b: Pelipper
|-damage|p2b: Pelipper|76/100
|-unboost|p1b: Torkoal|spa|2
|-enditem|p1b: Torkoal|Eject Pack
|
|t:|1756894090
|switch|p1b: Incineroar|Incineroar, L50, F|93/100
|-ability|p1b: Incineroar|Intimidate|boost
|-unboost|p2a: Gholdengo|atk|1
|-unboost|p2b: Pelipper|atk|1
|move|p2a: Gholdengo|Tera Blast|p1a: Ursaluna|[anim] Tera Blast Water
|-supereffective|p1a: Ursaluna
|-damage|p1a: Ursaluna|0 fnt
|faint|p1a: Ursaluna
|
|-weather|RainDance|[upkeep]
|upkeep
|
|t:|1756894093
|switch|p1a: Porygon2|Porygon2, L50|100/100
|-ability|p1a: Porygon2|Download|boost
|-boost|p1a: Porygon2|spa|1
|turn|3
|inactive|cocacolaindahhouse has 30 seconds left.
|inactive|cocacolaindahhouse has 20 seconds left.
|inactive|cocacolaindahhouse has 15 seconds left.
|
|t:|1756894136
|switch|p2b: Sinistcha|Sinistcha, L50|100/100
|switch|p2a: Archaludon|Archaludon, L50, M|100/100
|-terastallize|p1b: Incineroar|Ghost
|move|p1b: Incineroar|Knock Off|p2a: Archaludon
|-damage|p2a: Archaludon|79/100
|-ability|p2a: Archaludon|Stamina|boost
|-boost|p2a: Archaludon|def|1
|-enditem|p2a: Archaludon|Assault Vest|[from] move: Knock Off|[of] p1b: Incineroar
|move|p1a: Porygon2|Tera Blast|p2a: Archaludon
|-resisted|p2a: Archaludon
|-damage|p2a: Archaludon|50/100
|-ability|p2a: Archaludon|Stamina|boost
|-boost|p2a: Archaludon|def|1
|
|-weather|RainDance|[upkeep]
|upkeep
|turn|4
|inactive|sergio23perez has 30 seconds left.
|inactive|cocacolaindahhouse has 30 seconds left.
|
|t:|1756894165
|switch|p1a: Torkoal|Torkoal, L50, F|100/100
|-weather|SunnyDay|[from] ability: Drought|[of] p1a: Torkoal
|move|p1b: Incineroar|Flare Blitz|p2b: Sinistcha
|-supereffective|p2b: Sinistcha
|-damage|p2b: Sinistcha|0 fnt
|faint|p2b: Sinistcha
|-damage|p1b: Incineroar|63/100|[from] Recoil
|move|p2a: Archaludon|Body Press|p1a: Torkoal
|-damage|p1a: Torkoal|63/100
|
|-weather|SunnyDay|[upkeep]
|upkeep
|
|t:|1756894182
|switch|p2b: Pelipper|Pelipper, L50, M|76/100
|-weather|RainDance|[from] ability: Drizzle|[of] p2b: Pelipper
|turn|5
|inactive|cocacolaindahhouse has 30 seconds left.
|inactive|sergio23perez has 30 seconds left.
|
|t:|1756894218
|switch|p1a: Porygon2|Porygon2, L50|100/100
|-ability|p1a: Porygon2|Download|boost
|-boost|p1a: Porygon2|spa|1
|move|p2b: Pelipper|Protect|p2b: Pelipper
|-singleturn|p2b: Pelipper|Protect
|move|p1b: Incineroar|Knock Off|p2b: Pelipper
|-activate|p2b: Pelipper|move: Protect
|move|p2a: Archaludon|Body Press|p1a: Porygon2
|-supereffective|p1a: Porygon2
|-damage|p1a: Porygon2|9/100
|
|-weather|RainDance|[upkeep]
|-fieldend|move: Trick Room
|upkeep
|turn|6
|inactive|cocacolaindahhouse has 30 seconds left.
|inactive|cocacolaindahhouse has 20 seconds left.
|inactive|cocacolaindahhouse has 15 seconds left.
|
|t:|1756894258
|switch|p1a: Torkoal|Torkoal, L50, F|63/100
|-weather|SunnyDay|[from] ability: Drought|[of] p1a: Torkoal
|move|p2b: Pelipper|Muddy Water|p1a: Torkoal|[spread] p1a,p1b
|-supereffective|p1a: Torkoal
|-damage|p1a: Torkoal|17/100
|-damage|p1b: Incineroar|51/100
|-unboost|p1a: Torkoal|accuracy|1
|-unboost|p1b: Incineroar|accuracy|1
|move|p2a: Archaludon|Body Press|p1a: Torkoal
|-damage|p1a: Torkoal|0 fnt
|faint|p1a: Torkoal
|move|p1b: Incineroar|Knock Off|p2b: Pelipper
|-damage|p2b: Pelipper|28/100
|-enditem|p2b: Pelipper|Focus Sash|[from] move: Knock Off|[of] p1b: Incineroar
|
|-weather|SunnyDay|[upkeep]
|upkeep
|
|t:|1756894262
|switch|p1a: Porygon2|Porygon2, L50|9/100
|-ability|p1a: Porygon2|Download|boost
|-boost|p1a: Porygon2|spa|1
|turn|7
|-message|sergio23perez forfeited.
|raw|sergio23perez's rating: 1277 → 1266(-11 for losing)
|raw|cocacolaindahhouse's rating: 1506 → 1514(+8 for winning)
|
|win|cocacolaindahhouse
|l|☆sergio23perez
|player|p1|
