|j|☆delphigni
|j|☆taa2pm
|html|delphignitaa2pm    
|uhtml|bestof|Game 2 of a best-of-3
|t:|1756255181
|gametype|doubles
|player|p1|delphigni|1|1128
|player|p2|taa2pm|102|1106
|gen|9
|tier|[Gen 9] VGC 2025 Reg H (Bo3)
|rated|
|rule|Species Clause: Limit one of each Pokémon
|rule|Item Clause: Limit 1 of each item
|clearpoke
|poke|p1|Kommo-o, L50, F|
|poke|p1|Primarina, L50, M|
|poke|p1|Rillaboom, L50, F|
|poke|p1|Electabuzz, L50, F|
|poke|p1|Tyranitar, L50, M|
|poke|p1|Excadrill, L50, F|
|poke|p2|Garchomp, L50, M|
|poke|p2|Tyranitar, L50, F|
|poke|p2|Infernape, L50, F|
|poke|p2|Murkrow, L50, F|
|poke|p2|Rotom-Wash, L50|
|poke|p2|Annihilape, L50, M|
|teampreview|4
|showteam|p1|Kommo-o||ThroatSpray|Overcoat|ClangingScales,Flamethrower,ClangorousSoul,Protect|||F|||50|,,,,,Fire]Primarina||LifeOrb|LiquidVoice|HyperVoice,Moonblast,Haze,Protect|||M|||50|,,,,,Poison]Rillaboom||MeadowPlate|GrassySurge|WoodHammer,GrassyGlide,FakeOut,Protect|||F|||50|,,,,,Water]Electabuzz||Eviolite|VitalSpirit|FollowMe,Electroweb,HelpingHand,Protect|||F|||50|,,,,,Fairy]Tyranitar||AssaultVest|SandStream|TeraBlast,RockSlide,KnockOff,LowKick|||M|||50|,,,,,Flying]Excadrill||ClearAmulet|SandRush|RockSlide,IronHead,HighHorsepower,Protect|||F|||50|,,,,,Stellar
|showteam|p2|Garchomp||LifeOrb|RoughSkin|Earthquake,IronHead,DragonClaw,Protect|||M|||50|,,,,,Steel]Tyranitar||ClearAmulet|SandStream|KnockOff,RockSlide,TeraBlast,Protect|||F|||50|,,,,,Flying]Infernape||EjectPack|Blaze|FakeOut,AuraSphere,Overheat,Protect|||F|||50|,,,,,Stellar]Murkrow||Eviolite|Prankster|FoulPlay,Haze,Whirlwind,Tailwind|||F|||50|,,,,,Dark]Rotom-Wash||SitrusBerry|Levitate|TeraBlast,Thunderbolt,HydroPump,Protect||||||50|,,,,,Fire]Annihilape||SafetyGoggles|Defiant|DrainPunch,RageFist,BulkUp,Protect|||M|||50|,,,,,Fire
|inactive|Battle timer is ON: inactive players will automatically lose when time's up. (requested by delphigni)
|
|t:|1756255198
|teamsize|p1|4
|teamsize|p2|4
|start
|switch|p1a: Perferator|Excadrill, L50, F, shiny|100/100
|switch|p1b: Great S. Shark|Tyranitar, L50, M, shiny|100/100
|switch|p2a: Garchomp|Garchomp, L50, M|100/100
|switch|p2b: Rotom|Rotom-Wash, L50|100/100
|-weather|Sandstorm|[from] ability: Sand Stream|[of] p1b: Great S. Shark
|turn|1
|
|t:|1756255220
|-terastallize|p1b: Great S. Shark|Flying
|move|p1a: Perferator|Protect|p1a: Perferator
|-singleturn|p1a: Perferator|Protect
|move|p2a: Garchomp|Earthquake|p1b: Great S. Shark|[spread] 
|-activate|p1a: Perferator|move: Protect
|-immune|p2b: Rotom|[from] ability: Levitate
|-immune|p1b: Great S. Shark
|move|p2b: Rotom|Hydro Pump|p1a: Perferator
|-activate|p1a: Perferator|move: Protect
|move|p1b: Great S. Shark|Knock Off|p2b: Rotom
|-damage|p2b: Rotom|38/100
|-enditem|p2b: Rotom|Sitrus Berry|[from] move: Knock Off|[of] p1b: Great S. Shark
|
|-weather|Sandstorm|[upkeep]
|-damage|p2b: Rotom|32/100|[from] Sandstorm
|-damage|p1b: Great S. Shark|95/100|[from] Sandstorm
|upkeep
|turn|2
|inactive|delphigni has 30 seconds left.
|
|t:|1756255251
|move|p2b: Rotom|Protect|p2b: Rotom
|-singleturn|p2b: Rotom|Protect
|move|p1a: Perferator|Rock Slide|p2b: Rotom|[spread] p2a
|-activate|p2b: Rotom|move: Protect
|-resisted|p2a: Garchomp
|-damage|p2a: Garchomp|90/100
|move|p2a: Garchomp|Earthquake|p1b: Great S. Shark|[spread] p1a
|-activate|p2b: Rotom|move: Protect
|-immune|p1b: Great S. Shark
|-supereffective|p1a: Perferator
|-damage|p1a: Perferator|0 fnt
|faint|p1a: Perferator
|-damage|p2a: Garchomp|80/100|[from] item: Life Orb
|move|p1b: Great S. Shark|Knock Off|p2a: Garchomp
|-damage|p2a: Garchomp|26/100
|-damage|p1b: Great S. Shark|82/100|[from] ability: Rough Skin|[of] p2a: Garchomp
|-enditem|p2a: Garchomp|Life Orb|[from] move: Knock Off|[of] p1b: Great S. Shark
|
|-weather|Sandstorm|[upkeep]
|-damage|p2b: Rotom|26/100|[from] Sandstorm
|-damage|p1b: Great S. Shark|77/100|[from] Sandstorm
|upkeep
|
|t:|1756255263
|switch|p1a: Rilleboom|Rillaboom, L50, F, shiny|100/100
|-fieldstart|move: Grassy Terrain|[from] ability: Grassy Surge|[of] p1a: Rilleboom
|turn|3
|
|t:|1756255281
|switch|p2a: Annihilape|Annihilape, L50, M|100/100
|switch|p2b: Murkrow|Murkrow, L50, F|100/100
|move|p1a: Rilleboom|Grassy Glide|p2b: Murkrow
|-resisted|p2b: Murkrow
|-damage|p2b: Murkrow|77/100
|move|p1b: Great S. Shark|Tera Blast|p2b: Murkrow|[anim] Tera Blast Flying
|-damage|p2b: Murkrow|27/100
|
|-weather|Sandstorm|[upkeep]
|-damage|p1a: Rilleboom|94/100|[from] Sandstorm
|-damage|p2b: Murkrow|21/100|[from] Sandstorm
|-damage|p1b: Great S. Shark|71/100|[from] Sandstorm
|-heal|p1a: Rilleboom|100/100|[from] Grassy Terrain
|upkeep
|turn|4
|inactive|taa2pm has 30 seconds left.
|inactive|taa2pm has 20 seconds left.
|
|t:|1756255320
|move|p1a: Rilleboom|Grassy Glide|p2b: Murkrow
|-resisted|p2b: Murkrow
|-crit|p2b: Murkrow
|-damage|p2b: Murkrow|0 fnt
|faint|p2b: Murkrow
|move|p2a: Annihilape|Bulk Up|p2a: Annihilape
|-boost|p2a: Annihilape|atk|1
|-boost|p2a: Annihilape|def|1
|move|p1b: Great S. Shark|Tera Blast|p2a: Annihilape|[anim] Tera Blast Flying
|-supereffective|p2a: Annihilape
|-damage|p2a: Annihilape|32/100
|
|-weather|Sandstorm|[upkeep]
|-damage|p1a: Rilleboom|94/100|[from] Sandstorm
|-damage|p1b: Great S. Shark|65/100|[from] Sandstorm
|-heal|p2a: Annihilape|38/100|[from] Grassy Terrain
|-heal|p1a: Rilleboom|100/100|[from] Grassy Terrain
|upkeep
|
|t:|1756255336
|switch|p2b: Garchomp|Garchomp, L50, M|26/100
|turn|5
|inactive|taa2pm has 30 seconds left.
|
|t:|1756255368
|-terastallize|p2a: Annihilape|Fire
|move|p2b: Garchomp|Protect|p2b: Garchomp
|-singleturn|p2b: Garchomp|Protect
|move|p2a: Annihilape|Rage Fist|p1b: Great S. Shark
|-damage|p1b: Great S. Shark|9/100
|move|p1a: Rilleboom|Wood Hammer|p2a: Annihilape
|-resisted|p2a: Annihilape
|-damage|p2a: Annihilape|0 fnt
|faint|p2a: Annihilape
|-damage|p1a: Rilleboom|89/100|[from] Recoil
|move|p1b: Great S. Shark|Rock Slide|p2b: Garchomp
|-activate|p2b: Garchomp|move: Protect
|
|-weather|none
|-heal|p2b: Garchomp|32/100|[from] Grassy Terrain
|-heal|p1a: Rilleboom|95/100|[from] Grassy Terrain
|upkeep
|
|t:|1756255380
|switch|p2a: Rotom|Rotom-Wash, L50|26/100
|turn|6
|-message|taa2pm forfeited.
|raw|delphigni's rating: 1128 → 1151(+23 for winning)
|raw|taa2pm's rating: 1106 → 1083(-23 for losing)
|
|win|delphigni
|l|☆taa2pm
|player|p2|
