|j|☆TheCrazyMonkey14
|j|☆Kylewithasmile69
|html|TheCrazyMonkey14Kylewithasmile69    
|uhtml|bestof|Game 1 of a best-of-3
|t:|1756412218
|gametype|doubles
|player|p1|TheCrazyMonkey14|benga|1049
|player|p2|Kylewithasmile69|102|1000
|gen|9
|tier|[Gen 9] VGC 2025 Reg H (Bo3)
|rated|
|rule|Species Clause: Limit one of each Pokémon
|rule|Item Clause: Limit 1 of each item
|clearpoke
|poke|p1|Gholdengo, L50|
|poke|p1|Amoonguss, L50, M|
|poke|p1|Basculegion, L50, M|
|poke|p1|Pelipper, L50, M|
|poke|p1|Incineroar, L50, F|
|poke|p1|Archaludon, L50, F|
|poke|p2|Porygon2, L50|
|poke|p2|Incineroar, L50, F|
|poke|p2|Ursaluna, L50, M|
|poke|p2|Jumpluff, L50, F|
|poke|p2|Charizard, L50, M|
|poke|p2|Torkoal, L50, F|
|teampreview|4
|showteam|p1|Gholdengo||LifeOrb|GoodasGold|MakeItRain,ShadowBall,NastyPlot,Protect||||||50|,,,,,Water]Amoonguss||SitrusBerry|Regenerator|Spore,RagePowder,PollenPuff,Protect|||M|||50|,,,,,Psychic]Basculegion||ChoiceBand|SwiftSwim|WaveCrash,FlipTurn,LastRespects,AquaJet|||M|||50|,,,,,Water]Pelipper||FocusSash|Drizzle|WeatherBall,Hurricane,Tailwind,Protect|||M|||50|,,,,,Ground]Incineroar||SafetyGoggles|Intimidate|FlareBlitz,KnockOff,PartingShot,FakeOut|||F|||50|,,,,,Ghost]Archaludon||AssaultVest|Stamina|ElectroShot,FlashCannon,DracoMeteor,BodyPress|||F|||50|,,,,,Bug
|showteam|p2|Porygon2||Eviolite|Download|TeraBlast,IceBeam,TrickRoom,Recover||||||50|,,,,,Fighting]Incineroar||SitrusBerry|Intimidate|FakeOut,KnockOff,FlareBlitz,PartingShot|||F|||50|,,,,,Ghost]Ursaluna||FlameOrb|Guts|HeadlongRush,Facade,Earthquake,Protect|||M|||50|,,,,,Ghost]Jumpluff||CovertCloak|Chlorophyll|RagePowder,SunnyDay,Tailwind,SleepPowder|||F|||50|,,,,,Fire]Charizard||ChoiceSpecs|SolarPower|HeatWave,Overheat,WeatherBall,DragonPulse|||M|||50|,,,,,Ghost]Torkoal||EjectPack|Drought|Overheat,Eruption,HelpingHand,Protect|||F|||50|,,,,,Fire
|
|t:|1756412258
|teamsize|p1|4
|teamsize|p2|4
|start
|switch|p1a: Incineroar|Incineroar, L50, F|100/100
|switch|p1b: Basculegion|Basculegion, L50, M|100/100
|switch|p2a: Jumpluff|Jumpluff, L50, F|100/100
|switch|p2b: Charizard|Charizard, L50, M|100/100
|-ability|p1a: Incineroar|Intimidate|boost
|-unboost|p2a: Jumpluff|atk|1
|-unboost|p2b: Charizard|atk|1
|turn|1
|inactive|Battle timer is ON: inactive players will automatically lose when time's up. (requested by Kylewithasmile69)
|inactive|TheCrazyMonkey14 has 60 seconds left.
|inactive|Kylewithasmile69 has 60 seconds left.
|
|t:|1756412316
|-terastallize|p1b: Basculegion|Water
|move|p2a: Jumpluff|Rage Powder|p2a: Jumpluff
|-singleturn|p2a: Jumpluff|move: Rage Powder
|move|p2b: Charizard|Weather Ball|p1a: Incineroar
|-damage|p1a: Incineroar|82/100
|move|p1b: Basculegion|Wave Crash|p2a: Jumpluff
|-resisted|p2a: Jumpluff
|-damage|p2a: Jumpluff|21/100
|-damage|p1b: Basculegion|76/100|[from] Recoil
|move|p1a: Incineroar|Parting Shot|p2b: Charizard
|-unboost|p2b: Charizard|atk|1
|-unboost|p2b: Charizard|spa|1
|
|t:|1756412335
|switch|p1a: Archaludon|Archaludon, L50, F|100/100|[from] Parting Shot
|
|upkeep
|turn|2
|inactive|TheCrazyMonkey14 has 30 seconds left.
|
|t:|1756412360
|switch|p2b: Torkoal|Torkoal, L50, F|100/100
|-weather|SunnyDay|[from] ability: Drought|[of] p2b: Torkoal
|switch|p1a: Pelipper|Pelipper, L50, M|100/100
|-weather|RainDance|[from] ability: Drizzle|[of] p1a: Pelipper
|move|p1b: Basculegion|Wave Crash|p2b: Torkoal
|-supereffective|p2b: Torkoal
|-damage|p2b: Torkoal|0 fnt
|faint|p2b: Torkoal
|-damage|p1b: Basculegion|46/100|[from] Recoil
|move|p2a: Jumpluff|Sleep Powder|p1b: Basculegion
|-status|p1b: Basculegion|slp|[from] move: Sleep Powder
|
|-weather|RainDance|[upkeep]
|upkeep
|
|t:|1756412383
|switch|p2b: Charizard|Charizard, L50, M|100/100
|turn|3
|
|t:|1756412394
|cant|p1b: Basculegion|slp
|move|p2a: Jumpluff|Sunny Day|p2a: Jumpluff
|-weather|SunnyDay
|move|p2b: Charizard|Heat Wave|p1a: Pelipper|[spread] p1a,p1b
|-resisted|p1a: Pelipper
|-resisted|p1b: Basculegion
|-damage|p1a: Pelipper|11/100
|-damage|p1b: Basculegion|0 fnt
|-status|p1a: Pelipper|brn
|faint|p1b: Basculegion
|move|p1a: Pelipper|Weather Ball|p2b: Charizard
|-resisted|p2b: Charizard
|-damage|p2b: Charizard|69/100
|
|-weather|SunnyDay|[upkeep]
|-damage|p2b: Charizard|57/100|[from] ability: Solar Power|[of] p2b: Charizard
|-damage|p1a: Pelipper|5/100 brn|[from] brn
|upkeep
|
|t:|1756412410
|switch|p1b: Incineroar|Incineroar, L50, F|82/100
|-ability|p1b: Incineroar|Intimidate|boost
|-unboost|p2a: Jumpluff|atk|1
|-unboost|p2b: Charizard|atk|1
|turn|4
|
|t:|1756412421
|switch|p2a: Ursaluna|Ursaluna, L50, M|100/100
|switch|p1a: Archaludon|Archaludon, L50, F|100/100
|-terastallize|p2b: Charizard|Ghost
|move|p2b: Charizard|Heat Wave|p1b: Incineroar|[spread] p1a
|-miss|p2b: Charizard|p1b: Incineroar
|-damage|p1a: Archaludon|24/100
|-ability|p1a: Archaludon|Stamina|boost
|-boost|p1a: Archaludon|def|1
|move|p1b: Incineroar|Knock Off|p2b: Charizard
|-supereffective|p2b: Charizard
|-damage|p2b: Charizard|0 fnt
|-enditem|p2b: Charizard|Choice Specs|[from] move: Knock Off|[of] p1b: Incineroar
|faint|p2b: Charizard
|
|-weather|SunnyDay|[upkeep]
|-status|p2a: Ursaluna|brn|[from] item: Flame Orb
|upkeep
|
|t:|1756412442
|switch|p2b: Jumpluff|Jumpluff, L50, F|21/100
|turn|5
|
|t:|1756412455
|switch|p1a: Pelipper|Pelipper, L50, M|5/100 brn
|-weather|RainDance|[from] ability: Drizzle|[of] p1a: Pelipper
|move|p1b: Incineroar|Fake Out||[still]
|-hint|Fake Out only works on your first turn out.
|-fail|p1b: Incineroar
|move|p2b: Jumpluff|Tailwind|p2b: Jumpluff
|-sidestart|p2: Kylewithasmile69|move: Tailwind
|move|p2a: Ursaluna|Earthquake|p1b: Incineroar|[spread] p1b
|-immune|p2b: Jumpluff
|-immune|p1a: Pelipper
|-supereffective|p1b: Incineroar
|-damage|p1b: Incineroar|0 fnt
|faint|p1b: Incineroar
|
|-weather|RainDance|[upkeep]
|-damage|p2a: Ursaluna|95/100 brn|[from] brn
|-damage|p1a: Pelipper|0 fnt|[from] brn
|faint|p1a: Pelipper
|upkeep
|inactive|TheCrazyMonkey14 has 30 seconds left.
|inactive|TheCrazyMonkey14 has 20 seconds left.
|inactive|TheCrazyMonkey14 has 15 seconds left.
|inactive|TheCrazyMonkey14 has 10 seconds left.
|
|t:|1756412502
|switch|p1b: Archaludon|Archaludon, L50, F|24/100
|turn|6
|
|t:|1756412523
|move|p2b: Jumpluff|Sleep Powder|p1b: Archaludon|[miss]
|-miss|p2b: Jumpluff|p1b: Archaludon
|move|p2a: Ursaluna|Headlong Rush|p1b: Archaludon
|-supereffective|p1b: Archaludon
|-damage|p1b: Archaludon|0 fnt
|-unboost|p2a: Ursaluna|def|1
|-unboost|p2a: Ursaluna|spd|1
|faint|p1b: Archaludon
|
|win|Kylewithasmile69
||TheCrazyMonkey14 is ready for game 2.
||Kylewithasmile69 is ready for game 2.
|uhtml|next|Next: Game 2 of 3
|l|☆Kylewithasmile69
|player|p2|
