|j|☆CalliopeOKBH
|j|☆gonnatortureyou
|html|CalliopeOKBHgonnatortureyou    
|uhtml|bestof|Game 1 of a best-of-3
|t:|1757200417
|gametype|doubles
|player|p1|CalliopeOKBH|zinnia|1104
|player|p2|gonnatortureyou|2|1188
|gen|9
|tier|[Gen 9] VGC 2025 Reg H (Bo3)
|rated|
|rule|Species Clause: Limit one of each Pokémon
|rule|Item Clause: Limit 1 of each item
|clearpoke
|poke|p1|Pelipper, L50, M|
|poke|p1|Salamence, L50, M|
|poke|p1|Archaludon, L50, F|
|poke|p1|Basculegion, L50, M|
|poke|p1|Incineroar, L50, M|
|poke|p1|Amoonguss, L50, F|
|poke|p2|Dragonite, L50, M|
|poke|p2|Kingambit, L50, M|
|poke|p2|Electabuzz, L50, F|
|poke|p2|Rillaboom, L50, M|
|poke|p2|Volcarona, L50, F|
|poke|p2|Sneasler, L50, M|
|teampreview|4
|showteam|p1|Pelipper||FocusSash|Drizzle|Tailwind,WideGuard,MuddyWater,Hurricane|||M|||50|,,,,,Ground]Salamence||LifeOrb|Intimidate|Hurricane,DracoMeteor,Tailwind,Protect|||M|||50|,,,,,Flying]Archaludon||AssaultVest|Stamina|ElectroShot,FlashCannon,DracoMeteor,BodyPress|||F|||50|,,,,,Grass]Basculegion||ClearAmulet|SwiftSwim|LastRespects,WaveCrash,FlipTurn,Protect|||M|||50|,,,,,Water]Incineroar||SafetyGoggles|Intimidate|FakeOut,KnockOff,PartingShot,Taunt|||M|||50|,,,,,Ghost]Amoonguss||RockyHelmet|Regenerator|RagePowder,SludgeBomb,Spore,Protect|||F|||50|,,,,,Bug
|showteam|p2|Dragonite||LoadedDice|Multiscale|ScaleShot,ExtremeSpeed,Haze,Protect|||M|||50|,,,,,Steel]Kingambit||BlackGlasses|Defiant|KowtowCleave,SuckerPunch,SwordsDance,Protect|||M|||50|,,,,,Dark]Electabuzz||Eviolite|VitalSpirit|Thunderbolt,Taunt,FollowMe,Protect|||F|||50|,,,,,Ghost]Rillaboom||AssaultVest|GrassySurge|WoodHammer,GrassyGlide,HighHorsepower,FakeOut|||M|||50|,,,,,Fire]Volcarona||Leftovers|FlameBody|HeatWave,TeraBlast,QuiverDance,Protect|||F|||50|,,,,,Fairy]Sneasler||FocusSash|Unburden|CloseCombat,DireClaw,Coaching,Protect|||M|||50|,,,,,Stellar
|inactive|Battle timer is ON: inactive players will automatically lose when time's up. (requested by gonnatortureyou)
|inactive|CalliopeOKBH also wants the timer to be on.
|inactive|CalliopeOKBH has 60 seconds left.
|
|t:|1757200454
|teamsize|p1|4
|teamsize|p2|4
|start
|switch|p1a: Pelipper|Pelipper, L50, M|100/100
|switch|p1b: Salamence|Salamence, L50, M|100/100
|switch|p2a: Electabuzz|Electabuzz, L50, F|100/100
|switch|p2b: Kingambit|Kingambit, L50, M|100/100
|-ability|p1b: Salamence|Intimidate|boost
|-unboost|p2a: Electabuzz|atk|1
|-unboost|p2b: Kingambit|atk|1
|-ability|p2b: Kingambit|Defiant|boost
|-boost|p2b: Kingambit|atk|2
|-weather|RainDance|[from] ability: Drizzle|[of] p1a: Pelipper
|turn|1
|
|t:|1757200477
|switch|p1a: Amoonguss|Amoonguss, L50, F|100/100
|move|p1b: Salamence|Tailwind|p1b: Salamence
|-sidestart|p1: CalliopeOKBH|move: Tailwind
|move|p2a: Electabuzz|Thunderbolt|p1a: Amoonguss
|-resisted|p1a: Amoonguss
|-damage|p1a: Amoonguss|88/100
|move|p2b: Kingambit|Swords Dance|p2b: Kingambit
|-boost|p2b: Kingambit|atk|2
|
|-weather|RainDance|[upkeep]
|upkeep
|turn|2
|inactive|CalliopeOKBH has 30 seconds left.
|
|t:|1757200503
|-terastallize|p2b: Kingambit|Dark
|move|p2a: Electabuzz|Follow Me|p2a: Electabuzz
|-singleturn|p2a: Electabuzz|move: Follow Me
|move|p1b: Salamence|Draco Meteor|p2a: Electabuzz
|-damage|p2a: Electabuzz|42/100
|-unboost|p1b: Salamence|spa|2
|-damage|p1b: Salamence|91/100|[from] item: Life Orb
|move|p1a: Amoonguss|Sludge Bomb|p2a: Electabuzz
|-damage|p2a: Electabuzz|20/100
|move|p2b: Kingambit|Kowtow Cleave|p1a: Amoonguss
|-damage|p1a: Amoonguss|0 fnt
|-damage|p2b: Kingambit|84/100|[from] item: Rocky Helmet|[of] p1a: Amoonguss
|faint|p1a: Amoonguss
|
|-weather|RainDance|[upkeep]
|upkeep
|
|t:|1757200512
|switch|p1a: Pelipper|Pelipper, L50, M|100/100
|turn|3
|
|t:|1757200525
|switch|p1b: Basculegion|Basculegion, L50, M|100/100
|move|p2b: Kingambit|Sucker Punch||[still]
|-fail|p2b: Kingambit
|move|p1a: Pelipper|Muddy Water|p2a: Electabuzz|[spread] p2a,p2b
|-damage|p2a: Electabuzz|0 fnt
|-damage|p2b: Kingambit|45/100
|-unboost|p2b: Kingambit|accuracy|1
|-ability|p2b: Kingambit|Defiant|boost
|-boost|p2b: Kingambit|atk|2
|faint|p2a: Electabuzz
|
|-weather|RainDance|[upkeep]
|upkeep
|
|t:|1757200537
|switch|p2a: Dragonite|Dragonite, L50, M|100/100
|turn|4
|
|t:|1757200561
|move|p1b: Basculegion|Protect|p1b: Basculegion
|-singleturn|p1b: Basculegion|Protect
|move|p2a: Dragonite|Protect|p2a: Dragonite
|-singleturn|p2a: Dragonite|Protect
|move|p2b: Kingambit|Sucker Punch||[still]
|-fail|p2b: Kingambit
|move|p1a: Pelipper|Muddy Water|p2b: Kingambit|[spread] p2b
|-activate|p2a: Dragonite|move: Protect
|-damage|p2b: Kingambit|2/100
|
|-weather|RainDance|[upkeep]
|-sideend|p1: CalliopeOKBH|move: Tailwind
|upkeep
|turn|5
|
|t:|1757200576
|switch|p1b: Salamence|Salamence, L50, M|91/100
|-ability|p1b: Salamence|Intimidate|boost
|-unboost|p2a: Dragonite|atk|1
|-unboost|p2b: Kingambit|atk|1
|-ability|p2b: Kingambit|Defiant|boost
|-boost|p2b: Kingambit|atk|2
|move|p2b: Kingambit|Protect|p2b: Kingambit
|-singleturn|p2b: Kingambit|Protect
|move|p2a: Dragonite|Scale Shot|p1a: Pelipper
|-damage|p1a: Pelipper|87/100
|-damage|p1a: Pelipper|72/100
|-damage|p1a: Pelipper|59/100
|-damage|p1a: Pelipper|45/100
|-damage|p1a: Pelipper|31/100
|-hitcount|p1a: Pelipper|5
|-unboost|p2a: Dragonite|def|1
|-boost|p2a: Dragonite|spe|1
|move|p1a: Pelipper|Muddy Water|p2a: Dragonite|[spread] 
|-activate|p2b: Kingambit|move: Protect
|-miss|p1a: Pelipper|p2a: Dragonite
|
|-weather|none
|upkeep
|turn|6
|
|t:|1757200597
|-terastallize|p1b: Salamence|Flying
|move|p2b: Kingambit|Sucker Punch|p1a: Pelipper
|-damage|p1a: Pelipper|0 fnt
|faint|p1a: Pelipper
|move|p2a: Dragonite|Scale Shot|p1b: Salamence
|-crit|p1b: Salamence
|-damage|p1b: Salamence|64/100
|-damage|p1b: Salamence|53/100
|-damage|p1b: Salamence|41/100
|-damage|p1b: Salamence|30/100
|-hitcount|p1b: Salamence|4
|-unboost|p2a: Dragonite|def|1
|-boost|p2a: Dragonite|spe|1
|move|p1b: Salamence|Tailwind|p1b: Salamence
|-sidestart|p1: CalliopeOKBH|move: Tailwind
|
|upkeep
|
|t:|1757200601
|switch|p1a: Basculegion|Basculegion, L50, M|100/100
|turn|7
|
|t:|1757200624
|move|p1a: Basculegion|Protect|p1a: Basculegion
|-singleturn|p1a: Basculegion|Protect
|move|p2b: Kingambit|Sucker Punch||[still]
|-fail|p2b: Kingambit
|move|p1b: Salamence|Draco Meteor|p2b: Kingambit
|-damage|p2b: Kingambit|0 fnt
|-unboost|p1b: Salamence|spa|2
|faint|p2b: Kingambit
|-damage|p1b: Salamence|20/100|[from] item: Life Orb
|move|p2a: Dragonite|Scale Shot|p1b: Salamence
|-crit|p1b: Salamence
|-damage|p1b: Salamence|0 fnt
|faint|p1b: Salamence
|-hitcount|p1: Salamence|1
|-unboost|p2a: Dragonite|def|1
|-boost|p2a: Dragonite|spe|1
|
|upkeep
|
|t:|1757200636
|switch|p2b: Sneasler|Sneasler, L50, M|100/100
|turn|8
|
|t:|1757200648
|move|p2a: Dragonite|Scale Shot|p1a: Basculegion
|-damage|p1a: Basculegion|88/100
|-damage|p1a: Basculegion|75/100
|-damage|p1a: Basculegion|62/100
|-crit|p1a: Basculegion
|-damage|p1a: Basculegion|35/100
|-damage|p1a: Basculegion|24/100
|-hitcount|p1a: Basculegion|5
|-unboost|p2a: Dragonite|def|1
|-boost|p2a: Dragonite|spe|1
|move|p1a: Basculegion|Last Respects|p2b: Sneasler
|-enditem|p2b: Sneasler|Focus Sash
|-damage|p2b: Sneasler|1/100
|move|p2b: Sneasler|Coaching|p2a: Dragonite
|-boost|p2a: Dragonite|atk|1
|-boost|p2a: Dragonite|def|1
|
|upkeep
|turn|9
|
|t:|1757200658
|move|p2a: Dragonite|Scale Shot|p1a: Basculegion
|-damage|p1a: Basculegion|4/100
|-damage|p1a: Basculegion|0 fnt
|faint|p1a: Basculegion
|-hitcount|p1: Basculegion|2
|
|win|gonnatortureyou
||CalliopeOKBH is ready for game 2.
||gonnatortureyou is ready for game 2.
|uhtml|next|Next: Game 2 of 3
