|j|☆Temporary name 3
|j|☆mechabicho_14
|html|Temporary name 3mechabicho_14    
|uhtml|bestof|Game 3 of a best-of-3
|t:|1757742777
|gametype|doubles
|player|p1|Temporary name 3|musician|1016
|player|p2|mechabicho_14|266|1075
|gen|9
|tier|[Gen 9] VGC 2025 Reg H (Bo3)
|rated|
|rule|Species Clause: Limit one of each Pokémon
|rule|Item Clause: Limit 1 of each item
|clearpoke
|poke|p1|Dragonite, L50, M|
|poke|p1|Oricorio-Sensu, L50, F|
|poke|p1|Volcarona, L50, F|
|poke|p1|Farigiraf, L50, F|
|poke|p1|Gyarados, L50, M|
|poke|p1|Rillaboom, L50, M|
|poke|p2|Dragonite, L50, F|
|poke|p2|Farigiraf, L50, F|
|poke|p2|Annihilape, L50, M|
|poke|p2|Ursaluna, L50, F|
|poke|p2|Gholdengo, L50|
|poke|p2|Ninetales-Alola, L50, M|
|teampreview|4
|showteam|p1|Dragonite||LoadedDice|Multiscale|ExtremeSpeed,ScaleShot,Protect,DragonDance|||M|||50|,,,,,Normal]Oricorio-Sensu||FocusSash|Dancer|RevelationDance,QuiverDance,Protect,AirCutter|||F|||50|,,,,,Ground]Volcarona||CovertCloak|FlameBody|FieryDance,StruggleBug,Protect,QuiverDance|||F|||50|,,,,,Water]Farigiraf||ThroatSpray|ArmorTail|PsychicNoise,HyperVoice,Protect,TrickRoom|||F|||50|,,,,,Fairy]Gyarados||SafetyGoggles|Intimidate|IronHead,Taunt,ThunderWave,Waterfall|||M|||50|,,,,,Steel]Rillaboom||AssaultVest|GrassySurge|Uturn,WoodHammer,FakeOut,GrassyGlide|||M|||50|,,,,,Fire
|showteam|p2|Dragonite||LoadedDice|Multiscale|Protect,Haze,ExtremeSpeed,ScaleShot|||F|||50|,,,,,Fairy]Farigiraf||SitrusBerry|ArmorTail|HyperVoice,Psychic,TrickRoom,Imprison|||F|||50|,,,,,Fairy]Annihilape||FocusSash|Defiant|CloseCombat,RageFist,Coaching,Taunt|||M|||50|,,,,,Fire]Ursaluna||FlameOrb|Guts|Protect,HeadlongRush,Facade,Earthquake|||F|||50|,,,,,Ghost]Gholdengo||LifeOrb|GoodasGold|Protect,NastyPlot,MakeItRain,ShadowBall||||||50|,,,,,Water]Ninetales-Alola||LightClay|SnowWarning|Blizzard,Encore,AuroraVeil,IcyWind|||M|||50|,,,,,Water
|inactive|Battle timer is ON: inactive players will automatically lose when time's up. (requested by mechabicho_14)
|
|t:|1757742806
|teamsize|p1|4
|teamsize|p2|4
|start
|switch|p1a: Dragonite|Dragonite, L50, M, shiny|100/100
|switch|p1b: Farigiraf|Farigiraf, L50, F|100/100
|switch|p2a: Dragonite|Dragonite, L50, F|100/100
|switch|p2b: Annihilape|Annihilape, L50, M|100/100
|turn|1
|
|t:|1757742825
|switch|p2b: Gholdengo|Gholdengo, L50|100/100
|-terastallize|p1a: Dragonite|Normal
|move|p2a: Dragonite|Protect|p2a: Dragonite
|-singleturn|p2a: Dragonite|Protect
|move|p1a: Dragonite|Dragon Dance|p1a: Dragonite
|-boost|p1a: Dragonite|atk|1
|-boost|p1a: Dragonite|spe|1
|move|p1b: Farigiraf|Psychic Noise|p2b: Gholdengo
|-resisted|p2b: Gholdengo
|-damage|p2b: Gholdengo|86/100
|-start|p2b: Gholdengo|move: Heal Block
|-enditem|p1b: Farigiraf|Throat Spray
|-boost|p1b: Farigiraf|spa|1|[from] item: Throat Spray
|
|upkeep
|turn|2
|inactive|Temporary name 3 has 30 seconds left.
|
|t:|1757742855
|switch|p2a: Ninetales|Ninetales-Alola, L50, M|100/100
|-weather|Snowscape|[from] ability: Snow Warning|[of] p2a: Ninetales
|move|p1a: Dragonite|Scale Shot|p2b: Gholdengo
|-resisted|p2b: Gholdengo
|-damage|p2b: Gholdengo|75/100
|-resisted|p2b: Gholdengo
|-damage|p2b: Gholdengo|64/100
|-resisted|p2b: Gholdengo
|-damage|p2b: Gholdengo|51/100
|-resisted|p2b: Gholdengo
|-damage|p2b: Gholdengo|40/100
|-hitcount|p2b: Gholdengo|4
|-unboost|p1a: Dragonite|def|1
|-boost|p1a: Dragonite|spe|1
|move|p2b: Gholdengo|Nasty Plot|p2b: Gholdengo
|-boost|p2b: Gholdengo|spa|2
|move|p1b: Farigiraf|Hyper Voice|p2b: Gholdengo|[spread] p2a
|-immune|p2b: Gholdengo
|-damage|p2a: Ninetales|65/100
|
|-weather|Snowscape|[upkeep]
|-end|p2b: Gholdengo|move: Heal Block
|upkeep
|turn|3
|inactive|Temporary name 3 has 30 seconds left.
|inactive|Temporary name 3 has 20 seconds left.
|
|t:|1757742892
|move|p2b: Gholdengo|Protect|p2b: Gholdengo
|-singleturn|p2b: Gholdengo|Protect
|move|p1a: Dragonite|Extreme Speed|p2a: Ninetales
|-damage|p2a: Ninetales|10/100
|move|p2a: Ninetales|Aurora Veil|p2a: Ninetales
|-sidestart|p2: mechabicho_14|move: Aurora Veil
|move|p1b: Farigiraf|Psychic Noise|p2a: Ninetales
|-damage|p2a: Ninetales|0 fnt
|faint|p2a: Ninetales
|
|-weather|Snowscape|[upkeep]
|upkeep
|
|t:|1757742899
|switch|p2a: Dragonite|Dragonite, L50, F|100/100
|turn|4
|
|t:|1757742917
|-terastallize|p2a: Dragonite|Fairy
|move|p1a: Dragonite|Scale Shot|p2b: Gholdengo
|-resisted|p2b: Gholdengo
|-damage|p2b: Gholdengo|32/100
|-resisted|p2b: Gholdengo
|-damage|p2b: Gholdengo|25/100
|-resisted|p2b: Gholdengo
|-damage|p2b: Gholdengo|16/100
|-resisted|p2b: Gholdengo
|-damage|p2b: Gholdengo|9/100
|-hitcount|p2b: Gholdengo|4
|-unboost|p1a: Dragonite|def|1
|-boost|p1a: Dragonite|spe|1
|move|p2b: Gholdengo|Make It Rain|p1b: Farigiraf|[spread] p1a,p1b
|-damage|p1a: Dragonite|50/100
|-damage|p1b: Farigiraf|0 fnt
|-unboost|p2b: Gholdengo|spa|1
|faint|p1b: Farigiraf
|-damage|p2b: Gholdengo|0 fnt|[from] item: Life Orb
|faint|p2b: Gholdengo
|move|p2a: Dragonite|Scale Shot|p1a: Dragonite
|-damage|p1a: Dragonite|24/100
|-damage|p1a: Dragonite|0 fnt
|faint|p1a: Dragonite
|-hitcount|p1: Dragonite|2
|-unboost|p2a: Dragonite|def|1
|-boost|p2a: Dragonite|spe|1
|
|-weather|Snowscape|[upkeep]
|upkeep
|
|t:|1757742934
|switch|p2b: Annihilape|Annihilape, L50, M|100/100
|switch|p1a: Oricorio|Oricorio-Sensu, L50, F, shiny|100/100
|switch|p1b: Volcarona|Volcarona, L50, F|100/100
|turn|5
|
|t:|1757742955
|move|p2a: Dragonite|Scale Shot|p1b: Volcarona
|-damage|p1b: Volcarona|87/100
|-damage|p1b: Volcarona|73/100
|-damage|p1b: Volcarona|60/100
|-damage|p1b: Volcarona|47/100
|-damage|p1b: Volcarona|32/100
|-hitcount|p1b: Volcarona|5
|-unboost|p2a: Dragonite|def|1
|-boost|p2a: Dragonite|spe|1
|move|p2b: Annihilape|Coaching|p2a: Dragonite
|-boost|p2a: Dragonite|atk|1
|-boost|p2a: Dragonite|def|1
|move|p1b: Volcarona|Quiver Dance|p1b: Volcarona
|-boost|p1b: Volcarona|spa|1
|-boost|p1b: Volcarona|spd|1
|-boost|p1b: Volcarona|spe|1
|-activate|p1a: Oricorio|ability: Dancer
|move|p1a: Oricorio|Quiver Dance|p1a: Oricorio|[from] ability: Dancer
|-boost|p1a: Oricorio|spa|1
|-boost|p1a: Oricorio|spd|1
|-boost|p1a: Oricorio|spe|1
|move|p1a: Oricorio|Quiver Dance|p1a: Oricorio
|-boost|p1a: Oricorio|spa|1
|-boost|p1a: Oricorio|spd|1
|-boost|p1a: Oricorio|spe|1
|
|-weather|Snowscape|[upkeep]
|upkeep
|turn|6
|inactive|mechabicho_14 has 30 seconds left.
|
|t:|1757742988
|move|p2a: Dragonite|Scale Shot|p1b: Volcarona
|-damage|p1b: Volcarona|11/100
|-damage|p1b: Volcarona|0 fnt
|faint|p1b: Volcarona
|-hitcount|p1: Volcarona|2
|-unboost|p2a: Dragonite|def|1
|-boost|p2a: Dragonite|spe|1
|move|p1a: Oricorio|Air Cutter|p2a: Dragonite|[spread] p2a,p2b
|-supereffective|p2b: Annihilape
|-damage|p2a: Dragonite|86/100
|-damage|p2b: Annihilape|45/100
|move|p2b: Annihilape|Rage Fist|p1a: Oricorio
|-supereffective|p1a: Oricorio
|-enditem|p1a: Oricorio|Focus Sash
|-damage|p1a: Oricorio|1/100
|
|-weather|none
|upkeep
|turn|7
|
|t:|1757743004
|move|p2a: Dragonite|Scale Shot|p1a: Oricorio
|-damage|p1a: Oricorio|0 fnt
|faint|p1a: Oricorio
|-hitcount|p1: Oricorio|1
|
|win|mechabicho_14
|raw|Temporary name 3's rating: 1016 → 1006(-10 for losing)
|raw|mechabicho_14's rating: 1075 → 1099(+24 for winning)
|l|☆Temporary name 3
|player|p1|
|l|☆mechabicho_14
|player|p2|
