|j|☆PokeReplaysVGC
|j|☆PixelRory
|html|PokeReplaysVGCPixelRory    
|uhtml|bestof|Game 2 of a best-of-3
|t:|1784552937
|gametype|doubles
|player|p1|PokeReplaysVGC|lillie|
|player|p2|PixelRory|ingo|
|gen|9
|tier|[Gen 9 Champions] VGC 2026 Reg M-B (Bo3)
|rule|Species Clause: Limit one of each Pokémon
|rule|Item Clause: Limit 1 of each item
|clearpoke
|poke|p1|Kingambit, L50, M|
|poke|p1|Whimsicott, L50, F|
|poke|p1|Basculegion, L50, M|
|poke|p1|Garchomp, L50, M|
|poke|p1|Charizard, L50, F|
|poke|p1|Floette-Eternal, L50, F|
|poke|p2|Tyranitar, L50, F|
|poke|p2|Staraptor, L50, F|
|poke|p2|Excadrill, L50, M|
|poke|p2|Milotic, L50, F|
|poke|p2|Sinistcha, L50|
|poke|p2|Gholdengo, L50|
|teampreview|4
|showteam|p1|Kingambit||ChopleBerry|Defiant|KowtowCleave,LowKick,SuckerPunch,Protect|Adamant||M|||50|]Whimsicott||FocusSash|Prankster|Moonblast,Tailwind,Encore,Protect|Timid||F|||50|]Basculegion||MysticWater|Adaptability|WaveCrash,LastRespects,AquaJet,Protect|Adamant||M|||50|]Garchomp||LifeOrb|RoughSkin|DragonClaw,RockSlide,Earthquake,Protect|Jolly||M|||50|]Charizard||CharizarditeY|Blaze|WeatherBall,HeatWave,SolarBeam,Protect|Modest||F|||50|]Floette-Eternal||Floettite|FlowerVeil|Moonblast,DazzlingGleam,LightofRuin,Protect|Modest||F|||50|
|showteam|p2|Tyranitar||Tyranitarite|SandStream|RockSlide,KnockOff,HighHorsepower,Protect|Jolly||F|||50|]Staraptor||Staraptite|Intimidate|CloseCombat,BraveBird,Tailwind,Protect|Jolly||F|||50|]Excadrill||FocusSash|SandRush|Earthquake,IronHead,RockSlide,Protect|Jolly||M|||50|]Milotic||SitrusBerry|Competitive|Scald,IcyWind,Haze,Protect|Calm||F|||50|]Sinistcha||ColburBerry|Hospitality|MatchaGotcha,ShadowBall,RagePowder,Protect|Bold|||||50|]Gholdengo||LifeOrb|GoodasGold|MakeItRain,ShadowBall,NastyPlot,Protect|Modest|||||50|
|inactive|Battle timer is ON: inactive players will automatically lose when time's up. (requested by PokeReplaysVGC)
|j| awammy
|inactive|PokeReplaysVGC has 60 seconds left.
|inactive|PixelRory has 60 seconds left.
|j| celaerity
|
|t:|1784552987
|teamsize|p1|4
|teamsize|p2|4
|start
|switch|p1a: Floette|Floette-Eternal, L50, F|100/100
|switch|p1b: Whimsicott|Whimsicott, L50, F|100/100
|switch|p2a: Tyranitar|Tyranitar, L50, F|100/100
|switch|p2b: Excadrill|Excadrill, L50, M|100/100
|-weather|Sandstorm|[from] ability: Sand Stream|[of] p2a: Tyranitar
|turn|1
|inactive|PixelRory has 30 seconds left.
|
|t:|1784553017
|switch|p2a: Gholdengo|Gholdengo, L50|100/100
|detailschange|p1a: Floette|Floette-Mega, L50, F
|-mega|p1a: Floette|Floette|Floettite
|-ability|p1a: Floette|Fairy Aura
|move|p1b: Whimsicott|Tailwind|p1b: Whimsicott
|-sidestart|p1: PokeReplaysVGC|move: Tailwind
|move|p1a: Floette|Light of Ruin|p2a: Gholdengo|[miss]
|-miss|p1a: Floette|p2a: Gholdengo
|move|p2b: Excadrill|Iron Head|p1a: Floette
|-supereffective|p1a: Floette|1
|-damage|p1a: Floette|0 fnt
|faint|p1a: Floette
|
|-weather|Sandstorm|[upkeep]
|-damage|p1b: Whimsicott|94/100|[from] Sandstorm
|upkeep
|j| tyho45
|
|t:|1784553021
|switch|p1a: Garchomp|Garchomp, L50, M|100/100
|turn|2
|inactive|PixelRory has 30 seconds left.
|
|t:|1784553051
|move|p2b: Excadrill|Protect|p2b: Excadrill
|-singleturn|p2b: Excadrill|Protect
|move|p2a: Gholdengo|Protect|p2a: Gholdengo
|-singleturn|p2a: Gholdengo|Protect
|move|p1b: Whimsicott|Moonblast|p2b: Excadrill
|-activate|p2b: Excadrill|move: Protect
|move|p1a: Garchomp|Earthquake|p2a: Gholdengo|[spread] p1b
|-activate|p2a: Gholdengo|move: Protect
|-activate|p2b: Excadrill|move: Protect
|-resisted|p1b: Whimsicott|1
|-crit|p1b: Whimsicott
|-damage|p1b: Whimsicott|36/100
|-damage|p1a: Garchomp|90/100|[from] item: Life Orb
|
|-weather|Sandstorm|[upkeep]
|-damage|p1b: Whimsicott|30/100|[from] Sandstorm
|upkeep
|turn|3
|inactive|PixelRory has 30 seconds left.
|
|t:|1784553082
|switch|p2a: Sinistcha|Sinistcha, L50|100/100
|move|p1b: Whimsicott|Moonblast|p2a: Sinistcha
|-damage|p2a: Sinistcha|65/100
|-unboost|p2a: Sinistcha|spa|1
|move|p1a: Garchomp|Earthquake|p2a: Sinistcha|[spread] p1b,p2a,p2b
|-resisted|p1b: Whimsicott|1
|-resisted|p2a: Sinistcha|1
|-supereffective|p2b: Excadrill|1
|-damage|p1b: Whimsicott|0 fnt
|-damage|p2a: Sinistcha|47/100
|-enditem|p2b: Excadrill|Focus Sash
|-damage|p2b: Excadrill|1/100
|faint|p1b: Whimsicott
|-damage|p1a: Garchomp|80/100|[from] item: Life Orb
|move|p2b: Excadrill|Earthquake|p1a: Garchomp|[spread] p2a,p1a
|-resisted|p2a: Sinistcha|1
|-damage|p2a: Sinistcha|30/100
|-damage|p1a: Garchomp|37/100
|
|-weather|Sandstorm|[upkeep]
|-damage|p2a: Sinistcha|24/100|[from] Sandstorm
|upkeep
|
|t:|1784553087
|switch|p1b: Basculegion|Basculegion, L50, M|100/100
|turn|4
|
|t:|1784553098
|move|p1a: Garchomp|Protect|p1a: Garchomp
|-singleturn|p1a: Garchomp|Protect
|move|p2b: Excadrill|Protect|p2b: Excadrill
|-singleturn|p2b: Excadrill|Protect
|move|p2a: Sinistcha|Protect|p2a: Sinistcha
|-singleturn|p2a: Sinistcha|Protect
|move|p1b: Basculegion|Last Respects|p2a: Sinistcha
|-activate|p2a: Sinistcha|move: Protect
|
|-weather|Sandstorm|[upkeep]
|-damage|p1b: Basculegion|94/100|[from] Sandstorm
|-damage|p2a: Sinistcha|18/100|[from] Sandstorm
|-sideend|p1: PokeReplaysVGC|move: Tailwind
|upkeep
|turn|5
|inactive|PixelRory has 30 seconds left.
|
|t:|1784553125
|move|p1b: Basculegion|Protect|p1b: Basculegion
|-singleturn|p1b: Basculegion|Protect
|move|p2a: Sinistcha|Rage Powder|p2a: Sinistcha
|-singleturn|p2a: Sinistcha|move: Rage Powder
|move|p2b: Excadrill|Earthquake|p1a: Garchomp|[spread] p2a,p1a
|-activate|p1b: Basculegion|move: Protect
|-resisted|p2a: Sinistcha|1
|-damage|p2a: Sinistcha|2/100
|-damage|p1a: Garchomp|0 fnt
|faint|p1a: Garchomp
|
|-weather|none
|upkeep
|turn|6
|-message|PokeReplaysVGC forfeited.
|
|win|PixelRory
||PokeReplaysVGC is ready for game 3.
||PixelRory is ready for game 3.
|uhtml|next|Next: Game 3 of 3
|j| Aox93
|l| Aox93
|l| tyho45
|l|☆PixelRory
|player|p2|
|l| awammy
|l|☆PokeReplaysVGC
|player|p1|
|j|☆PixelRory
|player|p2|PixelRory|ingo|
