|j|☆Frisk Azzy
|j|☆LittleSunLight
|html|Frisk AzzyLittleSunLight    
|uhtml|bestof|Game 1 of a best-of-3
|t:|1784314884
|gametype|doubles
|player|p1|Frisk Azzy|265|
|player|p2|LittleSunLight|beauty|
|gen|9
|tier|[Gen 9 Champions] VGC 2026 Reg M-B (Bo3)
|rule|Species Clause: Limit one of each Pokémon
|rule|Item Clause: Limit 1 of each item
|clearpoke
|poke|p1|Charizard, L50, M, shiny|
|poke|p1|Venusaur, L50, M|
|poke|p1|Whimsicott, L50, M|
|poke|p1|Luxray, L50, M, shiny|
|poke|p1|Aegislash, L50, M|
|poke|p1|Garchomp, L50, F, shiny|
|poke|p2|Dragonite, L50, F, shiny|
|poke|p2|Froslass, L50, F|
|poke|p2|Sneasler, L50, M|
|poke|p2|Arcanine-Hisui, L50, M|
|poke|p2|Basculegion, L50, M|
|poke|p2|Kingambit, L50, F|
|teampreview|4
|showteam|p1|Charizard||CharizarditeY|SolarPower|AirSlash,HeatWave,Protect,SolarBeam|Timid||M|||50|]Venusaur||LifeOrb|Chlorophyll|GigaDrain,Protect,EarthPower,SludgeBomb|Modest||M|||50|]Whimsicott||FocusSash|Prankster|Taunt,Tailwind,SunnyDay,Moonblast|Timid||M|||50|]Luxray||SitrusBerry|Intimidate|WildCharge,Protect,VoltSwitch,Crunch|Sassy||M|||50|]Aegislash||SpellTag|StanceChange|ShadowSneak,KingsShield,WideGuard,IronHead|Adamant||M|||50|]Garchomp||YacheBerry|RoughSkin|DragonClaw,RockSlide,Earthquake,Protect|Jolly||F|||50|
|showteam|p2|Dragonite||Dragoninite|Multiscale|Protect,Tailwind,DragonPulse,Flamethrower|Modest||F|||50|]Froslass||Froslassite|CursedBody|Protect,Blizzard,ShadowBall,AuroraVeil|Timid||F|||50|]Sneasler||WhiteHerb|Unburden|Protect,CloseCombat,DireClaw,FakeOut|Jolly||M|||50|]Arcanine-Hisui||FocusSash|RockHead|FlareBlitz,HeadSmash,RockSlide,ExtremeSpeed|Jolly||M|||50|]Basculegion||LifeOrb|Adaptability|Protect,WaveCrash,AquaJet,LastRespects|Adamant||M|||50|]Kingambit||ChopleBerry|Defiant|Protect,KowtowCleave,IronHead,SuckerPunch|Adamant||F|||50|
|inactive|Battle timer is ON: inactive players will automatically lose when time's up. (requested by LittleSunLight)
|l|☆LittleSunLight
|inactive|LittleSunLight disconnected and has 300 seconds to reconnect!
|player|p2|
|j|☆LittleSunLight
|inactive|LittleSunLight reconnected and has 80 seconds left.
|player|p2|LittleSunLight|beauty|
|c|☆Frisk Azzy|glhf
|c|☆LittleSunLight|glhf
|inactive|LittleSunLight has 60 seconds left.
|
|t:|1784314953
|teamsize|p1|4
|teamsize|p2|4
|start
|switch|p1a: Bow|Garchomp, L50, F, shiny|100/100
|switch|p1b: Dr While|Whimsicott, L50, M|100/100
|switch|p2a: Elssssa|Froslass, L50, F|100/100
|switch|p2b: Mochi|Sneasler, L50, M|100/100
|turn|1
|inactive|LittleSunLight has 30 seconds left.
|inactive|LittleSunLight has 20 seconds left.
|inactive|LittleSunLight has 15 seconds left.
|
|t:|1784314996
|switch|p1b: Hexcalibern|Aegislash, L50, M|100/100
|detailschange|p2a: Elssssa|Froslass-Mega, L50, F
|-mega|p2a: Elssssa|Froslass|Froslassite
|-weather|Snowscape|[from] ability: Snow Warning|[of] p2a: Elssssa
|move|p2b: Mochi|Fake Out|p1b: Hexcalibern
|-immune|p1b: Hexcalibern
|move|p2a: Elssssa|Aurora Veil|p2a: Elssssa
|-sidestart|p2: LittleSunLight|move: Aurora Veil
|move|p1a: Bow|Rock Slide|p2b: Mochi|[spread] p2a,p2b
|-supereffective|p2a: Elssssa|1
|-resisted|p2b: Mochi|1
|-damage|p2a: Elssssa|73/100
|-damage|p2b: Mochi|89/100
|
|-weather|Snowscape|[upkeep]
|upkeep
|turn|2
|inactive|LittleSunLight has 30 seconds left.
|
|t:|1784315028
|switch|p1a: Dragoniod|Charizard, L50, M, shiny|100/100
|move|p1b: Hexcalibern|Wide Guard|p1b: Hexcalibern
|-singleturn|p1b: Hexcalibern|Wide Guard
|move|p2b: Mochi|Close Combat|p1a: Dragoniod
|-resisted|p1a: Dragoniod|1
|-damage|p1a: Dragoniod|55/100
|-unboost|p2b: Mochi|def|1
|-unboost|p2b: Mochi|spd|1
|-enditem|p2b: Mochi|White Herb
|-clearnegativeboost|p2b: Mochi|[silent]
|move|p2a: Elssssa|Shadow Ball|p1b: Hexcalibern
|-supereffective|p1b: Hexcalibern|1
|-damage|p1b: Hexcalibern|20/100r
|
|-weather|Snowscape|[upkeep]
|upkeep
|turn|3
|inactive|LittleSunLight has 30 seconds left.
|
|t:|1784315056
|detailschange|p1a: Dragoniod|Charizard-Mega-Y, L50, M, shiny
|-mega|p1a: Dragoniod|Charizard|Charizardite Y
|-weather|SunnyDay|[from] ability: Drought|[of] p1a: Dragoniod
|move|p1a: Dragoniod|Protect|p1a: Dragoniod
|-singleturn|p1a: Dragoniod|Protect
|-formechange|p1b: Hexcalibern|Aegislash-Blade|
|move|p1b: Hexcalibern|Shadow Sneak|p2a: Elssssa
|-supereffective|p2a: Elssssa|1
|-damage|p2a: Elssssa|10/100
|move|p2b: Mochi|Dire Claw|p1a: Dragoniod
|-activate|p1a: Dragoniod|move: Protect
|move|p2a: Elssssa|Shadow Ball|p1b: Hexcalibern
|-supereffective|p1b: Hexcalibern|1
|-damage|p1b: Hexcalibern|0 fnt
|faint|p1b: Hexcalibern
|
|-weather|SunnyDay|[upkeep]
|upkeep
|
|t:|1784315072
|switch|p1b: Dr While|Whimsicott, L50, M|100/100
|turn|4
|
|t:|1784315088
|switch|p2a: Chaos|Basculegion, L50, M|100/100
|move|p1b: Dr While|Tailwind|p1b: Dr While
|-sidestart|p1: Frisk Azzy|move: Tailwind
|move|p2b: Mochi|Dire Claw|p1b: Dr While
|-supereffective|p1b: Dr While|2
|-enditem|p1b: Dr While|Focus Sash
|-damage|p1b: Dr While|1/100
|move|p1a: Dragoniod|Heat Wave|p2b: Mochi|[spread] p2a,p2b
|-resisted|p2a: Chaos|1
|-damage|p2a: Chaos|74/100
|-damage|p2b: Mochi|26/100
|
|-weather|SunnyDay|[upkeep]
|upkeep
|turn|5
|inactive|LittleSunLight has 30 seconds left.
|inactive|LittleSunLight has 20 seconds left.
|inactive|LittleSunLight has 15 seconds left.
|inactive|LittleSunLight has 10 seconds left.
|
|t:|1784315133
|move|p2b: Mochi|Protect|p2b: Mochi
|-singleturn|p2b: Mochi|Protect
|move|p2a: Chaos|Aqua Jet|p1b: Dr While
|-resisted|p1b: Dr While|1
|-damage|p1b: Dr While|0 fnt
|faint|p1b: Dr While
|-damage|p2a: Chaos|64/100|[from] item: Life Orb
|move|p1a: Dragoniod|Solar Beam||[still]
|-prepare|p1a: Dragoniod|Solar Beam
|-anim|p1a: Dragoniod|Solar Beam|p2a: Chaos
|-supereffective|p2a: Chaos|1
|-damage|p2a: Chaos|0 fnt
|faint|p2a: Chaos
|
|-weather|SunnyDay|[upkeep]
|-sideend|p2: LittleSunLight|move: Aurora Veil
|upkeep
|
|t:|1784315148
|switch|p1b: Bow|Garchomp, L50, F, shiny|100/100
|switch|p2a: Elssssa|Froslass-Mega, L50, F|10/100
|-weather|Snowscape|[from] ability: Snow Warning|[of] p2a: Elssssa
|turn|6
|inactive|LittleSunLight has 30 seconds left.
|
|t:|1784315176
|switch|p2b: Helix!|Dragonite, L50, F, shiny|100/100
|move|p1b: Bow|Protect|p1b: Bow
|-singleturn|p1b: Bow|Protect
|move|p2a: Elssssa|Protect|p2a: Elssssa
|-singleturn|p2a: Elssssa|Protect
|move|p1a: Dragoniod|Heat Wave|p2a: Elssssa|[spread] 
|-activate|p2a: Elssssa|move: Protect
|-miss|p1a: Dragoniod|p2b: Helix!
|
|-weather|Snowscape|[upkeep]
|upkeep
|turn|7
|
|t:|1784315197
|switch|p2a: Mochi|Sneasler, L50, M|26/100
|move|p1b: Bow|Rock Slide|p2a: Mochi|[spread] p2a,p2b
|-resisted|p2a: Mochi|1
|-supereffective|p2b: Helix!|1
|-damage|p2a: Mochi|10/100
|-damage|p2b: Helix!|77/100
|move|p1a: Dragoniod|Heat Wave|p2b: Helix!|[spread] p2a,p2b
|-resisted|p2b: Helix!|1
|-damage|p2a: Mochi|0 fnt
|-damage|p2b: Helix!|55/100
|faint|p2a: Mochi
|move|p2b: Helix!|Tailwind|p2b: Helix!
|-sidestart|p2: LittleSunLight|move: Tailwind
|
|-weather|Snowscape|[upkeep]
|-sideend|p1: Frisk Azzy|move: Tailwind
|upkeep
|
|t:|1784315209
|switch|p2a: Elssssa|Froslass-Mega, L50, F|10/100
|turn|8
|
|t:|1784315218
|move|p1b: Bow|Protect|p1b: Bow
|-singleturn|p1b: Bow|Protect
|move|p2a: Elssssa|Blizzard|p1a: Dragoniod|[spread] p1a
|-activate|p1b: Bow|move: Protect
|-damage|p1a: Dragoniod|9/100
|move|p2b: Helix!|Dragon Pulse|p1b: Bow
|-activate|p1b: Bow|move: Protect
|move|p1a: Dragoniod|Heat Wave|p2b: Helix!|[spread] p2b
|-miss|p1a: Dragoniod|p2a: Elssssa
|-resisted|p2b: Helix!|1
|-damage|p2b: Helix!|33/100
|
|-weather|Snowscape|[upkeep]
|upkeep
|turn|9
|
|t:|1784315238
|move|p2a: Elssssa|Blizzard|p1b: Bow|[spread] p1a,p1b
|-supereffective|p1b: Bow|2
|-enditem|p1b: Bow|Yache Berry|[eat]
|-enditem|p1b: Bow|Yache Berry|[weaken]
|-damage|p1a: Dragoniod|0 fnt
|-damage|p1b: Bow|0 fnt
|faint|p1a: Dragoniod
|faint|p1b: Bow
|
|win|LittleSunLight
|inactive|Frisk Azzy has 30 seconds to confirm battle start!
|inactive|LittleSunLight has 30 seconds to confirm battle start!
|c|☆LittleSunLight|ggwp
|c|☆Frisk Azzy|ggwp
|inactive|Frisk Azzy has 20 seconds to confirm battle start!
|inactive|LittleSunLight has 20 seconds to confirm battle start!
||Frisk Azzy is ready for game 2.
