|j|☆Terminator 7007
|j|☆new mental
|html|Terminator 7007new mental    
|uhtml|bestof|Game 1 of a best-of-3
|t:|1784370365
|gametype|doubles
|player|p1|Terminator 7007|drayden|1080
|player|p2|new mental|volkner|1182
|gen|9
|tier|[Gen 9 Champions] VGC 2026 Reg M-B (Bo3)
|rated|
|rule|Species Clause: Limit one of each Pokémon
|rule|Item Clause: Limit 1 of each item
|clearpoke
|poke|p1|Charizard, L50, F, shiny|
|poke|p1|Sinistcha, L50|
|poke|p1|Milotic, L50, F|
|poke|p1|Sneasler, L50, M|
|poke|p1|Gengar, L50, M, shiny|
|poke|p1|Incineroar, L50, M|
|poke|p2|Incineroar, L50, M|
|poke|p2|Maushold, L50|
|poke|p2|Sinistcha, L50|
|poke|p2|Sneasler, L50, M|
|poke|p2|Blastoise, L50, M|
|poke|p2|Delphox, L50, M|
|teampreview|4
|showteam|p1|Charizard||CharizarditeX|Blaze|FlareBlitz,DragonClaw,DragonDance,Protect|Adamant||F|||50|]Sinistcha||KasibBerry|Hospitality|MatchaGotcha,RagePowder,LifeDew,Protect|Relaxed|||||50|]Milotic||Leftovers|Competitive|MuddyWater,Coil,Hypnosis,Protect|Calm||F|||50|]Sneasler||FocusSash|Unburden|CloseCombat,Coaching,DireClaw,FakeOut|Hasty||M|||50|]Gengar||Gengarite|CursedBody|ShadowBall,PerishSong,Disable,Protect|Modest||M|||50|]Incineroar||SitrusBerry|Intimidate|DarkestLariat,PartingShot,FakeOut,Protect|Impish||M|||50|
|showteam|p2|Incineroar||SitrusBerry|Intimidate|FakeOut,FlareBlitz,DarkestLariat,PartingShot|Impish||M|||50|]Maushold||ChopleBerry|FriendGuard|SuperFang,FollowMe,Protect,Feint|Impish|||||50|]Sinistcha||OccaBerry|Hospitality|MatchaGotcha,LifeDew,RagePowder,Protect|Bold|||||50|]Sneasler||FocusSash|PoisonTouch|FakeOut,CloseCombat,DireClaw,QuickGuard|Jolly||M|||50|]Blastoise||Blastoisinite|Torrent|WaterSpout,DarkPulse,ShellSmash,Protect|Modest||M|||50|]Delphox||Delphoxite|Blaze|HeatWave,Psychic,NastyPlot,Protect|Timid||M|||50|
|inactive|Battle timer is ON: inactive players will automatically lose when time's up. (requested by new mental)
|
|t:|1784370396
|teamsize|p1|4
|teamsize|p2|4
|start
|switch|p1a: Charizard|Charizard, L50, F, shiny|100/100
|switch|p1b: Milotic|Milotic, L50, F|100/100
|switch|p2a: Maushold|Maushold, L50|100/100
|switch|p2b: Blastoise|Blastoise, L50, M|100/100
|turn|1
|
|t:|1784370413
|detailschange|p2b: Blastoise|Blastoise-Mega, L50, M
|-mega|p2b: Blastoise|Blastoise|Blastoisinite
|detailschange|p1a: Charizard|Charizard-Mega-X, L50, F, shiny
|-mega|p1a: Charizard|Charizard|Charizardite X
|move|p2a: Maushold|Follow Me|p2a: Maushold
|-singleturn|p2a: Maushold|move: Follow Me
|move|p2b: Blastoise|Shell Smash|p2b: Blastoise
|-unboost|p2b: Blastoise|def|1
|-unboost|p2b: Blastoise|spd|1
|-boost|p2b: Blastoise|atk|2
|-boost|p2b: Blastoise|spa|2
|-boost|p2b: Blastoise|spe|2
|move|p1a: Charizard|Dragon Dance|p1a: Charizard
|-boost|p1a: Charizard|atk|1
|-boost|p1a: Charizard|spe|1
|move|p1b: Milotic|Coil|p1b: Milotic
|-boost|p1b: Milotic|atk|1
|-boost|p1b: Milotic|def|1
|-boost|p1b: Milotic|accuracy|1
|
|upkeep
|turn|2
|
|t:|1784370436
|move|p1a: Charizard|Protect|p1a: Charizard
|-singleturn|p1a: Charizard|Protect
|move|p2b: Blastoise|Water Spout|p1b: Milotic|[spread] p1b
|-activate|p1a: Charizard|move: Protect
|-resisted|p1b: Milotic|1
|-damage|p1b: Milotic|61/100
|move|p2a: Maushold|Super Fang|p1b: Milotic
|-damage|p1b: Milotic|30/100
|move|p1b: Milotic|Hypnosis|p2b: Blastoise
|-status|p2b: Blastoise|slp|[from] move: Hypnosis
|
|-heal|p1b: Milotic|36/100|[from] item: Leftovers
|upkeep
|turn|3
|
|t:|1784370459
|move|p2a: Maushold|Follow Me|p2a: Maushold
|-singleturn|p2a: Maushold|move: Follow Me
|cant|p2b: Blastoise|slp
|move|p1a: Charizard|Dragon Claw|p2a: Maushold
|-damage|p2a: Maushold|18/100
|move|p1b: Milotic|Coil|p1b: Milotic
|-boost|p1b: Milotic|atk|1
|-boost|p1b: Milotic|def|1
|-boost|p1b: Milotic|accuracy|1
|
|-heal|p1b: Milotic|42/100|[from] item: Leftovers
|upkeep
|turn|4
|
|t:|1784370468
|move|p2a: Maushold|Follow Me|p2a: Maushold
|-singleturn|p2a: Maushold|move: Follow Me
|cant|p2b: Blastoise|slp
|move|p1a: Charizard|Dragon Dance|p1a: Charizard
|-boost|p1a: Charizard|atk|1
|-boost|p1a: Charizard|spe|1
|move|p1b: Milotic|Muddy Water|p2b: Blastoise|[spread] p2a,p2b
|-resisted|p2b: Blastoise|1
|-damage|p2a: Maushold|0 fnt
|-damage|p2b: Blastoise|87/100 slp
|faint|p2a: Maushold
|
|-heal|p1b: Milotic|48/100|[from] item: Leftovers
|upkeep
|
|t:|1784370479
|switch|p2a: Sneasler|Sneasler, L50, M|100/100
|turn|5
|
|t:|1784370485
|move|p1a: Charizard|Protect|p1a: Charizard
|-singleturn|p1a: Charizard|Protect
|move|p1b: Milotic|Protect|p1b: Milotic
|-singleturn|p1b: Milotic|Protect
|move|p2a: Sneasler|Fake Out|p1a: Charizard
|-activate|p1a: Charizard|move: Protect
|-curestatus|p2b: Blastoise|slp|[msg]
|move|p2b: Blastoise|Shell Smash|p2b: Blastoise
|-unboost|p2b: Blastoise|def|1
|-unboost|p2b: Blastoise|spd|1
|-boost|p2b: Blastoise|atk|2
|-boost|p2b: Blastoise|spa|2
|-boost|p2b: Blastoise|spe|2
|
|-heal|p1b: Milotic|54/100|[from] item: Leftovers
|upkeep
|turn|6
|
|t:|1784370501
|switch|p1a: Sinistcha|Sinistcha, L50|100/100
|-heal|p1b: Milotic|79/100|[from] ability: Hospitality|[of] p1a: Sinistcha
|move|p2b: Blastoise|Water Spout|p1b: Milotic|[spread] p1a,p1b
|-resisted|p1a: Sinistcha|1
|-resisted|p1b: Milotic|1
|-damage|p1a: Sinistcha|8/100
|-damage|p1b: Milotic|28/100
|move|p2a: Sneasler|Close Combat|p1b: Milotic
|-damage|p1b: Milotic|3/100
|-unboost|p2a: Sneasler|def|1
|-unboost|p2a: Sneasler|spd|1
|move|p1b: Milotic|Hypnosis|p2b: Blastoise
|-status|p2b: Blastoise|slp|[from] move: Hypnosis
|
|-heal|p1b: Milotic|9/100|[from] item: Leftovers
|upkeep
|turn|7
|
|t:|1784370520
|switch|p2b: Sinistcha|Sinistcha, L50|100/100
|switch|p1a: Incineroar|Incineroar, L50, M|100/100
|-ability|p1a: Incineroar|Intimidate|boost
|-unboost|p2a: Sneasler|atk|1
|-unboost|p2b: Sinistcha|atk|1
|move|p1b: Milotic|Protect|p1b: Milotic
|-singleturn|p1b: Milotic|Protect
|move|p2a: Sneasler|Dire Claw|p1b: Milotic
|-activate|p1b: Milotic|move: Protect
|
|-heal|p1b: Milotic|15/100|[from] item: Leftovers
|upkeep
|turn|8
|
|t:|1784370537
|switch|p2a: Blastoise|Blastoise-Mega, L50, M|87/100 slp
|move|p1a: Incineroar|Fake Out|p2a: Blastoise
|-damage|p2a: Blastoise|77/100 slp
|move|p1b: Milotic|Hypnosis|p2b: Sinistcha
|-status|p2b: Sinistcha|slp|[from] move: Hypnosis
|cant|p2b: Sinistcha|slp
|
|-heal|p1b: Milotic|21/100|[from] item: Leftovers
|upkeep
|turn|9
|
|t:|1784370548
|cant|p2b: Sinistcha|slp
|cant|p2a: Blastoise|slp
|move|p1b: Milotic|Muddy Water|p2a: Blastoise|[spread] p2a,p2b
|-resisted|p2a: Blastoise|1
|-resisted|p2b: Sinistcha|1
|-damage|p2a: Blastoise|65/100 slp
|-damage|p2b: Sinistcha|90/100 slp
|move|p1a: Incineroar|Darkest Lariat|p2b: Sinistcha
|-supereffective|p2b: Sinistcha|1
|-damage|p2b: Sinistcha|38/100 slp
|
|-heal|p1b: Milotic|27/100|[from] item: Leftovers
|upkeep
|turn|10
|inactive|Terminator 7007 has 30 seconds left.
|
|t:|1784370574
|move|p1b: Milotic|Protect|p1b: Milotic
|-singleturn|p1b: Milotic|Protect
|cant|p2a: Blastoise|slp
|-curestatus|p2b: Sinistcha|slp|[msg]
|move|p2b: Sinistcha|Life Dew|p2b: Sinistcha|[spread] p2a,p2b
|-heal|p2a: Blastoise|90/100 slp
|-heal|p2b: Sinistcha|64/100
|move|p1a: Incineroar|Darkest Lariat|p2b: Sinistcha
|-supereffective|p2b: Sinistcha|1
|-damage|p2b: Sinistcha|6/100
|
|-heal|p1b: Milotic|33/100|[from] item: Leftovers
|upkeep
|turn|11
|
|t:|1784370586
|switch|p1a: Sinistcha|Sinistcha, L50|8/100
|-heal|p1b: Milotic|57/100|[from] ability: Hospitality|[of] p1a: Sinistcha
|move|p2b: Sinistcha|Rage Powder|p2b: Sinistcha
|-singleturn|p2b: Sinistcha|move: Rage Powder
|-curestatus|p2a: Blastoise|slp|[msg]
|move|p2a: Blastoise|Shell Smash|p2a: Blastoise
|-unboost|p2a: Blastoise|def|1
|-unboost|p2a: Blastoise|spd|1
|-boost|p2a: Blastoise|atk|2
|-boost|p2a: Blastoise|spa|2
|-boost|p2a: Blastoise|spe|2
|move|p1b: Milotic|Coil|p1b: Milotic
|-boost|p1b: Milotic|atk|1
|-boost|p1b: Milotic|def|1
|-boost|p1b: Milotic|accuracy|1
|
|-heal|p1b: Milotic|63/100|[from] item: Leftovers
|upkeep
|turn|12
|
|t:|1784370598
|move|p2a: Blastoise|Dark Pulse|p1b: Milotic
|-damage|p1b: Milotic|8/100
|move|p1b: Milotic|Muddy Water|p2b: Sinistcha|[spread] p2a,p2b
|-resisted|p2a: Blastoise|1
|-resisted|p2b: Sinistcha|1
|-damage|p2a: Blastoise|73/100
|-damage|p2b: Sinistcha|0 fnt
|faint|p2b: Sinistcha
|move|p1a: Sinistcha|Matcha Gotcha|p2a: Blastoise
|-supereffective|p2a: Blastoise|1
|-damage|p2a: Blastoise|0 fnt
|-heal|p1a: Sinistcha|41/100|[from] drain|[of] p2a: Blastoise
|faint|p2a: Blastoise
|
|-heal|p1b: Milotic|14/100|[from] item: Leftovers
|upkeep
|-message|new mental forfeited.
|
|win|Terminator 7007
