|j|☆Cevan77
|j|☆Penny_epic
|html|Cevan77Penny_epic    
|uhtml|bestof|Game 1 of a best-of-3
|t:|1783176022
|gametype|doubles
|player|p1|Cevan77|backersf|1045
|player|p2|Penny_epic|169|1048
|gen|9
|tier|[Gen 9 Champions] VGC 2026 Reg M-B (Bo3)
|rated|
|rule|Species Clause: Limit one of each Pokémon
|rule|Item Clause: Limit 1 of each item
|clearpoke
|poke|p1|Sinistcha, L50|
|poke|p1|Aggron, L50, M|
|poke|p1|Grimmsnarl, L50, M|
|poke|p1|Incineroar, L50, F|
|poke|p1|Basculegion, L50, M|
|poke|p1|Drampa, L50, F|
|poke|p2|Ninetales-Alola, L50, F|
|poke|p2|Delphox, L50, M|
|poke|p2|Garchomp, L50, M|
|poke|p2|Maushold-Four, L50|
|poke|p2|Annihilape, L50, M|
|poke|p2|Sneasler, L50, M|
|teampreview|4
|showteam|p1|Sinistcha||Leftovers|Hospitality|MatchaGotcha,RagePowder,ShadowBall,TrickRoom|Bold|||||50|]Aggron||Aggronite|Sturdy|BodyPress,HeavySlam,RockSlide,Protect|Impish||M|||50|]Grimmsnarl||LightClay|Prankster|LightScreen,PartingShot,SpiritBreak,FakeOut|Brave||M|||50|]Incineroar||SitrusBerry|Intimidate|DarkestLariat,FakeOut,FlareBlitz,PartingShot|Adamant||F|||50|]Basculegion||ChoiceScarf|Adaptability|AquaJet,IceFang,WaveCrash,LastRespects|Jolly||M|||50|]Drampa||Drampanite|CloudNine|DracoMeteor,HyperVoice,Thunderbolt,Protect|Modest||F|||50|
|showteam|p2|Ninetales-Alola||LightClay|SnowWarning|AuroraVeil,Protect,Blizzard,Moonblast|Timid||F|||50|]Delphox||Delphoxite|Blaze|CalmMind,HeatWave,Psychic,Protect|Timid||M|||50|]Garchomp||LifeOrb|RoughSkin|Earthquake,Protect,RockSlide,DragonClaw|Jolly||M|||50|]Maushold-Four||SitrusBerry|FriendGuard|Protect,FollowMe,BeatUp,SuperFang|Impish|||||50|]Annihilape||Leftovers|Defiant|Protect,DrainPunch,CloseCombat,RageFist|Adamant||M|||50|]Sneasler||WhiteHerb|Unburden|DireClaw,CloseCombat,Protect,FakeOut|Adamant||M|||50|
|
|t:|1783176108
|teamsize|p1|4
|teamsize|p2|4
|start
|switch|p1a: Basculegion|Basculegion, L50, M|100/100
|switch|p1b: Aggron|Aggron, L50, M|100/100
|switch|p2a: Annihilape|Annihilape, L50, M|100/100
|switch|p2b: Ninetales|Ninetales-Alola, L50, F|100/100
|-weather|Snowscape|[from] ability: Snow Warning|[of] p2b: Ninetales
|turn|1
|
|t:|1783176148
|detailschange|p1b: Aggron|Aggron-Mega, L50, M
|-mega|p1b: Aggron|Aggron|Aggronite
|move|p1a: Basculegion|Wave Crash|p2a: Annihilape
|-damage|p2a: Annihilape|14/100
|-damage|p1a: Basculegion|71/100|[from] Recoil
|move|p2b: Ninetales|Blizzard|p1a: Basculegion|[spread] p1a,p1b
|-resisted|p1a: Basculegion|1
|-resisted|p1b: Aggron|1
|-damage|p1a: Basculegion|54/100
|-damage|p1b: Aggron|83/100
|-status|p1b: Aggron|frz
|move|p2a: Annihilape|Close Combat|p1b: Aggron
|-supereffective|p1b: Aggron|1
|-damage|p1b: Aggron|41/100 frz
|-unboost|p2a: Annihilape|def|1
|-unboost|p2a: Annihilape|spd|1
|-curestatus|p1b: Aggron|frz|[msg]
|move|p1b: Aggron|Heavy Slam|p2b: Ninetales
|-supereffective|p2b: Ninetales|2
|-damage|p2b: Ninetales|0 fnt
|faint|p2b: Ninetales
|
|-weather|Snowscape|[upkeep]
|-heal|p2a: Annihilape|20/100y|[from] item: Leftovers
|upkeep
|c|☆Penny_epic|wow
|c|☆Penny_epic|nice luck
|
|t:|1783176182
|switch|p2b: Maushold|Maushold-Four, L50|100/100
|turn|2
|
|t:|1783176194
|switch|p2a: Delphox|Delphox, L50, M|100/100
|switch|p1b: Sinistcha|Sinistcha, L50|100/100
|-heal|p1a: Basculegion|79/100|[from] ability: Hospitality|[of] p1b: Sinistcha
|move|p2b: Maushold|Protect|p2b: Maushold
|-singleturn|p2b: Maushold|Protect
|move|p1a: Basculegion|Wave Crash|p2b: Maushold
|-activate|p2b: Maushold|move: Protect
|
|-weather|Snowscape|[upkeep]
|upkeep
|turn|3
|
|t:|1783176219
|switch|p1b: Incineroar|Incineroar, L50, F|100/100
|-ability|p1b: Incineroar|Intimidate|boost
|-unboost|p2a: Delphox|atk|1
|-unboost|p2b: Maushold|atk|1
|detailschange|p2a: Delphox|Delphox-Mega, L50, M
|-mega|p2a: Delphox|Delphox|Delphoxite
|move|p2b: Maushold|Follow Me|p2b: Maushold
|-singleturn|p2b: Maushold|move: Follow Me
|move|p1a: Basculegion|Wave Crash|p2b: Maushold
|-damage|p2b: Maushold|11/100
|-enditem|p2b: Maushold|Sitrus Berry|[eat]
|-heal|p2b: Maushold|36/100|[from] item: Sitrus Berry
|-damage|p1a: Basculegion|52/100|[from] Recoil
|move|p2a: Delphox|Psychic|p1a: Basculegion
|-damage|p1a: Basculegion|0 fnt
|faint|p1a: Basculegion
|
|-weather|Snowscape|[upkeep]
|upkeep
|
|t:|1783176238
|switch|p1a: Aggron|Aggron-Mega, L50, M|41/100
|turn|4
|
|t:|1783176266
|move|p2a: Delphox|Protect|p2a: Delphox
|-singleturn|p2a: Delphox|Protect
|move|p2b: Maushold|Protect|p2b: Maushold
|-singleturn|p2b: Maushold|Protect
|move|p1a: Aggron|Protect|p1a: Aggron
|-singleturn|p1a: Aggron|Protect
|move|p1b: Incineroar|Darkest Lariat|p2a: Delphox
|-activate|p2a: Delphox|move: Protect
|
|-weather|Snowscape|[upkeep]
|upkeep
|turn|5
|
|t:|1783176304
|switch|p1a: Sinistcha|Sinistcha, L50|100/100
|move|p2b: Maushold|Follow Me|p2b: Maushold
|-singleturn|p2b: Maushold|move: Follow Me
|move|p2a: Delphox|Heat Wave|p1a: Sinistcha|[spread] p1a,p1b
|-supereffective|p1a: Sinistcha|1
|-resisted|p1b: Incineroar|1
|-damage|p1a: Sinistcha|15/100
|-damage|p1b: Incineroar|80/100
|move|p1b: Incineroar|Darkest Lariat|p2b: Maushold
|-damage|p2b: Maushold|0 fnt
|faint|p2b: Maushold
|
|-weather|none
|-heal|p1a: Sinistcha|21/100|[from] item: Leftovers
|upkeep
|
|t:|1783176316
|switch|p2b: Annihilape|Annihilape, L50, M|20/100y
|turn|6
|
|t:|1783176347
|move|p1a: Sinistcha|Rage Powder|p1a: Sinistcha
|-singleturn|p1a: Sinistcha|move: Rage Powder
|move|p2a: Delphox|Heat Wave|p1b: Incineroar|[spread] p1a,p1b
|-supereffective|p1a: Sinistcha|1
|-resisted|p1b: Incineroar|1
|-damage|p1a: Sinistcha|0 fnt
|-damage|p1b: Incineroar|58/100
|faint|p1a: Sinistcha
|move|p2b: Annihilape|Close Combat|p1b: Incineroar
|-supereffective|p1b: Incineroar|1
|-damage|p1b: Incineroar|0 fnt
|-unboost|p2b: Annihilape|def|1
|-unboost|p2b: Annihilape|spd|1
|faint|p1b: Incineroar
|
|-heal|p2b: Annihilape|26/100|[from] item: Leftovers
|upkeep
|
|t:|1783176362
|switch|p1b: Aggron|Aggron-Mega, L50, M|41/100
|turn|7
|
|t:|1783176370
|move|p2a: Delphox|Heat Wave|p1b: Aggron
|-supereffective|p1b: Aggron|1
|-damage|p1b: Aggron|0 fnt
|faint|p1b: Aggron
|
|win|Penny_epic
||Penny_epic is ready for game 2.
|l|☆Cevan77
|player|p1|
||Cevan77 is ready for game 2.
|uhtml|next|Next: Game 2 of 3
