|j|☆causatorres
|j|☆nuovosangue
|html|causatorresnuovosangue    
|uhtml|bestof|Game 3 of a best-of-3
|t:|1757768078
|gametype|doubles
|player|p1|causatorres|brendan-e|1166
|player|p2|nuovosangue|grimsley|1231
|gen|9
|tier|[Gen 9] VGC 2025 Reg H (Bo3)
|rated|
|rule|Species Clause: Limit one of each Pokémon
|rule|Item Clause: Limit 1 of each item
|clearpoke
|poke|p1|Torkoal, L50, M|
|poke|p1|Lilligant-Hisui, L50, F|
|poke|p1|Farigiraf, L50, M|
|poke|p1|Incineroar, L50, M|
|poke|p1|Magmar, L50, M|
|poke|p1|Hitmontop, L50, M|
|poke|p2|Ursaluna, L50, F|
|poke|p2|Porygon2, L50|
|poke|p2|Incineroar, L50, M|
|poke|p2|Dragonite, L50, F|
|poke|p2|Annihilape, L50, F|
|teampreview|4
|showteam|p1|Torkoal||ChoiceSpecs|Drought|Eruption,WeatherBall,HeatWave,SolarBeam|||M|||50|,,,,,Fire]Lilligant-Hisui||FocusSash|Chlorophyll|LeafBlade,TripleAxel,CloseCombat,AfterYou|||F|||50|,,,,,Ghost]Farigiraf||SitrusBerry|ArmorTail|FoulPlay,HelpingHand,TrickRoom,Psychic|||M|||50|,,,,,Dark]Incineroar||AssaultVest|Intimidate|FakeOut,Uturn,FlareBlitz,KnockOff|||M|||50|,,,,,Ghost]Magmar||Eviolite|FlameBody|FollowMe,Overheat,Taunt,WillOWisp|||M|||50|,,,,,Grass]Hitmontop||EjectButton|Intimidate|SuckerPunch,FakeOut,WideGuard,IceSpinner|||M|||50|,,,,,Dark
|showteam|p2|Ursaluna||FlameOrb|Guts|Earthquake,Facade,HeadlongRush,Protect|||F|||50|,,,,,Ghost]Porygon2||Eviolite|Download|TeraBlast,IceBeam,TrickRoom,Recover||||||50|,,,,,Flying]Incineroar||AssaultVest|Intimidate|PartingShot,FakeOut,FlareBlitz,KnockOff|||M|||50|,,,,,Ghost]Dragonite||LoadedDice|Multiscale|ScaleShot,Haze,ExtremeSpeed,Protect|||F|||50|,,,,,Fairy]Annihilape||SafetyGoggles|Defiant|RageFist,CloseCombat,FinalGambit,Coaching|||F|||50|,,,,,Fire
|inactive|Battle timer is ON: inactive players will automatically lose when time's up. (requested by causatorres)
|j| Upsilon Sul G
|
|t:|1757768108
|teamsize|p1|4
|teamsize|p2|4
|start
|switch|p1a: Lilligant|Lilligant-Hisui, L50, F|100/100
|switch|p1b: Torkoal|Torkoal, L50, M|100/100
|switch|p2a: Porygon2|Porygon2, L50|100/100
|switch|p2b: Incineroar|Incineroar, L50, M|100/100
|-ability|p2b: Incineroar|Intimidate|boost
|-unboost|p1a: Lilligant|atk|1
|-unboost|p1b: Torkoal|atk|1
|-ability|p2a: Porygon2|Download|boost
|-boost|p2a: Porygon2|spa|1
|-weather|SunnyDay|[from] ability: Drought|[of] p1b: Torkoal
|turn|1
|inactive|causatorres has 30 seconds left.
|inactive|nuovosangue has 30 seconds left.
|
|t:|1757768141
|switch|p1b: Farigiraf|Farigiraf, L50, M|100/100
|move|p2b: Incineroar|Fake Out||[still]
|cant|p1b: Farigiraf|ability: Armor Tail|Fake Out|[of] p2b: Incineroar
|move|p1a: Lilligant|Close Combat|p2b: Incineroar
|-supereffective|p2b: Incineroar
|-damage|p2b: Incineroar|16/100
|-unboost|p1a: Lilligant|def|1
|-unboost|p1a: Lilligant|spd|1
|move|p2a: Porygon2|Tera Blast|p1b: Farigiraf
|-damage|p1b: Farigiraf|70/100
|
|-weather|SunnyDay|[upkeep]
|upkeep
|turn|2
|inactive|causatorres has 30 seconds left.
|
|t:|1757768167
|-terastallize|p2b: Incineroar|Ghost
|move|p1b: Farigiraf|Helping Hand|p1a: Lilligant
|-singleturn|p1a: Lilligant|Helping Hand|[of] p1b: Farigiraf
|move|p1a: Lilligant|Close Combat|p2a: Porygon2
|-supereffective|p2a: Porygon2
|-damage|p2a: Porygon2|24/100
|-unboost|p1a: Lilligant|def|1
|-unboost|p1a: Lilligant|spd|1
|move|p2b: Incineroar|Flare Blitz|p1a: Lilligant
|-supereffective|p1a: Lilligant
|-enditem|p1a: Lilligant|Focus Sash
|-damage|p1a: Lilligant|1/100
|-damage|p2b: Incineroar|0 fnt|[from] Recoil
|faint|p2b: Incineroar
|move|p2a: Porygon2|Tera Blast|p1a: Lilligant
|-damage|p1a: Lilligant|0 fnt
|faint|p1a: Lilligant
|
|-weather|SunnyDay|[upkeep]
|upkeep
|
|t:|1757768180
|switch|p1a: Magmar|Magmar, L50, M|100/100
|switch|p2b: Dragonite|Dragonite, L50, F|100/100
|turn|3
|
|t:|1757768194
|move|p1a: Magmar|Follow Me|p1a: Magmar
|-singleturn|p1a: Magmar|move: Follow Me
|move|p2b: Dragonite|Scale Shot|p1a: Magmar
|-damage|p1a: Magmar|88/100
|-damage|p1a: Magmar|75/100
|-damage|p1a: Magmar|62/100
|-damage|p1a: Magmar|51/100
|-hitcount|p1a: Magmar|4
|-unboost|p2b: Dragonite|def|1
|-boost|p2b: Dragonite|spe|1
|move|p1b: Farigiraf|Psychic|p2a: Porygon2
|-damage|p2a: Porygon2|7/100
|move|p2a: Porygon2|Recover|p2a: Porygon2
|-heal|p2a: Porygon2|57/100
|
|-weather|SunnyDay|[upkeep]
|upkeep
|turn|4
|
|t:|1757768216
|move|p2b: Dragonite|Scale Shot|p1a: Magmar
|-damage|p1a: Magmar|39/100
|-damage|p1a: Magmar|26/100
|-damage|p1a: Magmar|15/100
|-damage|p1a: Magmar|3/100
|-hitcount|p1a: Magmar|4
|-unboost|p2b: Dragonite|def|1
|-boost|p2b: Dragonite|spe|1
|move|p1a: Magmar|Will-O-Wisp|p2b: Dragonite
|-status|p2b: Dragonite|brn
|move|p2a: Porygon2|Tera Blast|p1a: Magmar
|-damage|p1a: Magmar|0 fnt
|faint|p1a: Magmar
|move|p1b: Farigiraf|Trick Room|p1b: Farigiraf
|-fieldstart|move: Trick Room|[of] p1b: Farigiraf
|
|-weather|SunnyDay|[upkeep]
|-damage|p2b: Dragonite|94/100 brn|[from] brn
|upkeep
|
|t:|1757768231
|switch|p1a: Torkoal|Torkoal, L50, M|100/100
|turn|5
|
|t:|1757768237
|-terastallize|p1a: Torkoal|Fire
|move|p1b: Farigiraf|Helping Hand|p1a: Torkoal
|-singleturn|p1a: Torkoal|Helping Hand|[of] p1b: Farigiraf
|move|p1a: Torkoal|Eruption|p2b: Dragonite|[spread] p2a,p2b
|-resisted|p2b: Dragonite
|-damage|p2a: Porygon2|0 fnt
|-damage|p2b: Dragonite|0 fnt
|faint|p2a: Porygon2
|faint|p2b: Dragonite
|
|-weather|none
|upkeep
|
|t:|1757768247
|switch|p2b: Ursaluna|Ursaluna, L50, F|100/100
|turn|6
|
|t:|1757768252
|move|p1b: Farigiraf|Helping Hand|p1a: Torkoal
|-singleturn|p1a: Torkoal|Helping Hand|[of] p1b: Farigiraf
|move|p2b: Ursaluna|Protect|p2b: Ursaluna
|-singleturn|p2b: Ursaluna|Protect
|move|p1a: Torkoal|Eruption|p2b: Ursaluna
|-activate|p2b: Ursaluna|move: Protect
|
|-status|p2b: Ursaluna|brn|[from] item: Flame Orb
|upkeep
|turn|7
|
|t:|1757768258
|move|p1b: Farigiraf|Helping Hand|p1a: Torkoal
|-singleturn|p1a: Torkoal|Helping Hand|[of] p1b: Farigiraf
|move|p1a: Torkoal|Eruption|p2b: Ursaluna
|-damage|p2b: Ursaluna|0 fnt
|faint|p2b: Ursaluna
|
|win|causatorres
|raw|causatorres's rating: 1166 → 1196(+30 for winning)
|raw|nuovosangue's rating: 1231 → 1201(-30 for losing)
|l|☆causatorres
|player|p1|
|l|☆nuovosangue
|player|p2|
