|j|☆int shadowbtl
|j|☆INT JAGUARR
|html|int shadowbtlINT JAGUARR    
|uhtml|bestof|Game 2 of a best-of-3
|t:|1784505457
|gametype|doubles
|player|p1|int shadowbtl|266|
|player|p2|INT JAGUARR|ethan|
|gen|9
|tier|[Gen 9 Champions] VGC 2026 Reg M-B (Bo3)
|rule|Species Clause: Limit one of each Pokémon
|rule|Item Clause: Limit 1 of each item
|clearpoke
|poke|p1|Blaziken, L50, F|
|poke|p1|Aerodactyl, L50, F|
|poke|p1|Kingambit, L50, M|
|poke|p1|Basculegion, L50, M|
|poke|p1|Sylveon, L50, M|
|poke|p1|Torkoal, L50, F|
|poke|p2|Gardevoir, L50, F, shiny|
|poke|p2|Maushold, L50, shiny|
|poke|p2|Kingambit, L50, F, shiny|
|poke|p2|Talonflame, L50, M|
|poke|p2|Basculegion, L50, M|
|poke|p2|Kommo-o, L50, M|
|teampreview|4
|showteam|p1|Blaziken||Blazikenite|SpeedBoost|FlareBlitz,CloseCombat,Protect,RockSlide|Adamant||F|||50|]Aerodactyl||Aerodactylite|Unnerve|RockSlide,DualWingbeat,IceFang,Tailwind|Jolly||F|||50|]Kingambit||LifeOrb|Defiant|KowtowCleave,Protect,IronHead,SuckerPunch|Adamant||M|||50|]Basculegion||FocusSash|Adaptability|Liquidation,Protect,LastRespects,AquaJet|Adamant||M|||50|]Sylveon||FairyFeather|Pixilate|HyperVoice,Moonblast,QuickAttack,Protect|Modest||M|||50|]Torkoal||Leftovers|Drought|BurningJealousy,WeatherBall,Protect,Yawn|Relaxed||F|||50|
|showteam|p2|Gardevoir||Gardevoirite|Trace|HyperVoice,Protect,VacuumWave,Psyshock|Modest||F|||50|]Maushold||FocusSash|FriendGuard|FollowMe,Protect,Taunt,SuperFang|Timid|||||50|]Kingambit||BlackGlasses|Defiant|KowtowCleave,Protect,LowKick,SuckerPunch|Adamant||F|||50|]Talonflame||SharpBeak|GaleWings|BraveBird,Protect,Tailwind,QuickGuard|Adamant||M|||50|]Basculegion||ChoiceScarf|Adaptability|WaveCrash,FlipTurn,AquaJet,LastRespects|Jolly||M|||50|]Kommo-o||LifeOrb|Soundproof|ClangingScales,AuraSphere,DracoMeteor,Protect|Modest||M|||50|
|inactive|Battle timer is ON: inactive players will automatically lose when time's up. (requested by INT JAGUARR)
|inactive|int shadowbtl has 60 seconds left.
|inactive|INT JAGUARR has 60 seconds left.
|inactive|int shadowbtl has 30 seconds left.
|
|t:|1784505526
|teamsize|p1|4
|teamsize|p2|4
|start
|switch|p1a: Aerodactyl|Aerodactyl, L50, F|100/100
|switch|p1b: Kingambit|Kingambit, L50, M|100/100
|switch|p2a: Gardevoir|Gardevoir, L50, F, shiny|100/100
|switch|p2b: Maushold|Maushold, L50, shiny|100/100
|-ability|p1a: Aerodactyl|Unnerve
|-ability|p2a: Gardevoir|Defiant|Trace|[from] ability: Trace|[of] p1b: Kingambit
|turn|1
|
|t:|1784505545
|detailschange|p1a: Aerodactyl|Aerodactyl-Mega, L50, F
|-mega|p1a: Aerodactyl|Aerodactyl|Aerodactylite
|detailschange|p2a: Gardevoir|Gardevoir-Mega, L50, F, shiny
|-mega|p2a: Gardevoir|Gardevoir|Gardevoirite
|move|p1a: Aerodactyl|Tailwind|p1a: Aerodactyl
|-sidestart|p1: int shadowbtl|move: Tailwind
|move|p2b: Maushold|Super Fang|p1b: Kingambit
|-damage|p1b: Kingambit|50/100g
|move|p1b: Kingambit|Iron Head|p2a: Gardevoir
|-supereffective|p2a: Gardevoir|1
|-damage|p2a: Gardevoir|0 fnt
|faint|p2a: Gardevoir
|-damage|p1b: Kingambit|40/100|[from] item: Life Orb
|
|upkeep
|
|t:|1784505557
|switch|p2a: Basculegion|Basculegion, L50, M|100/100
|turn|2
|
|t:|1784505578
|move|p2b: Maushold|Protect|p2b: Maushold
|-singleturn|p2b: Maushold|Protect
|move|p1a: Aerodactyl|Rock Slide|p2a: Basculegion|[spread] p2a
|-activate|p2b: Maushold|move: Protect
|-damage|p2a: Basculegion|73/100
|move|p2a: Basculegion|Wave Crash|p1a: Aerodactyl
|-supereffective|p1a: Aerodactyl|1
|-damage|p1a: Aerodactyl|0 fnt
|faint|p1a: Aerodactyl
|-damage|p2a: Basculegion|44/100|[from] Recoil
|move|p1b: Kingambit|Kowtow Cleave|p2a: Basculegion
|-supereffective|p2a: Basculegion|1
|-damage|p2a: Basculegion|0 fnt
|faint|p2a: Basculegion
|-damage|p1b: Kingambit|31/100|[from] item: Life Orb
|
|upkeep
|
|t:|1784505596
|switch|p1a: Blaziken|Blaziken, L50, F|100/100
|switch|p2a: Talonflame|Talonflame, L50, M|100/100
|turn|3
|
|t:|1784505621
|move|p2b: Maushold|Follow Me|p2b: Maushold
|-singleturn|p2b: Maushold|move: Follow Me
|move|p2a: Talonflame|Brave Bird|p1a: Blaziken
|-supereffective|p1a: Blaziken|1
|-damage|p1a: Blaziken|0 fnt
|faint|p1a: Blaziken
|-damage|p2a: Talonflame|71/100|[from] Recoil
|move|p1b: Kingambit|Kowtow Cleave|p2b: Maushold
|-enditem|p2b: Maushold|Focus Sash
|-damage|p2b: Maushold|1/100
|-damage|p1b: Kingambit|21/100|[from] item: Life Orb
|
|upkeep
|
|t:|1784505632
|switch|p1a: Basculegion|Basculegion, L50, M|100/100
|turn|4
|
|t:|1784505650
|move|p1a: Basculegion|Protect|p1a: Basculegion
|-singleturn|p1a: Basculegion|Protect
|move|p2b: Maushold|Protect|p2b: Maushold
|-singleturn|p2b: Maushold|Protect
|move|p1b: Kingambit|Kowtow Cleave|p2b: Maushold
|-activate|p2b: Maushold|move: Protect
|move|p2a: Talonflame|Brave Bird|p1a: Basculegion
|-activate|p1a: Basculegion|move: Protect
|
|-sideend|p1: int shadowbtl|move: Tailwind
|upkeep
|turn|5
|
|t:|1784505670
|move|p2b: Maushold|Protect||[still]
|-fail|p2b: Maushold
|move|p2a: Talonflame|Brave Bird|p1a: Basculegion
|-damage|p1a: Basculegion|26/100
|-damage|p2a: Talonflame|44/100|[from] Recoil
|move|p1a: Basculegion|Liquidation|p2a: Talonflame
|-supereffective|p2a: Talonflame|1
|-damage|p2a: Talonflame|0 fnt
|faint|p2a: Talonflame
|move|p1b: Kingambit|Kowtow Cleave|p2b: Maushold
|-damage|p2b: Maushold|0 fnt
|faint|p2b: Maushold
|-damage|p1b: Kingambit|12/100|[from] item: Life Orb
|
|win|int shadowbtl
|inactive|int shadowbtl has 30 seconds to confirm battle start!
|inactive|INT JAGUARR has 30 seconds to confirm battle start!
||int shadowbtl is ready for game 3.
||INT JAGUARR is ready for game 3.
|uhtml|next|Next: Game 3 of 3
|l|☆INT JAGUARR
|player|p2|
