|j|☆cereales revenge
|j|☆Astterio
|html|cereales revengeAstterio    
|uhtml|bestof|Game 3 of a best-of-3
|t:|1756073071
|gametype|doubles
|player|p1|cereales revenge|169|1377
|player|p2|Astterio|eusine|1405
|gen|9
|tier|[Gen 9] VGC 2025 Reg H (Bo3)
|rated|
|rule|Species Clause: Limit one of each Pokémon
|rule|Item Clause: Limit 1 of each item
|clearpoke
|poke|p1|Sneasler, L50, M|
|poke|p1|Arcanine-Hisui, L50, M|
|poke|p1|Gholdengo, L50|
|poke|p1|Ninetales-Alola, L50, M|
|poke|p1|Rillaboom, L50, F|
|poke|p1|Dragonite, L50, F|
|poke|p2|Dragonite, L50, M|
|poke|p2|Ursaluna-Bloodmoon, L50, M|
|poke|p2|Annihilape, L50, M|
|poke|p2|Incineroar, L50, F|
|poke|p2|Volcarona, L50, F|
|poke|p2|Rillaboom, L50, M|
|teampreview|4
|showteam|p1|Sneasler||WhiteHerb|Unburden|CloseCombat,DireClaw,Coaching,Protect|||M|||50|,,,,,Ghost]Arcanine-Hisui||ClearAmulet|Intimidate|RockSlide,FlareBlitz,ExtremeSpeed,Protect|||M|||50|,,,,,Water]Gholdengo||GrassySeed|GoodasGold|NastyPlot,MakeItRain,ShadowBall,Protect||||||50|,,,,,Water]Ninetales-Alola||FocusSash|SnowWarning|Blizzard,IcyWind,Encore,AuroraVeil|||M|||50|,,,,,Ghost]Rillaboom||AssaultVest|GrassySurge|FakeOut,GrassyGlide,DrumBeating,HighHorsepower|||F|||50|,,,,,Fire]Dragonite||LoadedDice|Multiscale|ScaleShot,Haze,Tailwind,Protect|||F|||50|,,,,,Steel
|showteam|p2|Dragonite||LoadedDice|Multiscale|Protect,ScaleShot,Haze,Tailwind|||M|||50|,,,,,Steel]Ursaluna-Bloodmoon||FocusSash|MindsEye|Protect,HyperVoice,BloodMoon,EarthPower|||M|||50|,,,,,Normal]Annihilape||LumBerry|Defiant|Taunt,CloseCombat,RageFist,Protect|||M|||50|,,,,,Fire]Incineroar||SafetyGoggles|Intimidate|FakeOut,PartingShot,KnockOff,FlareBlitz|||F|||50|,,,,,Ghost]Volcarona||CovertCloak|FlameBody|HeatWave,TeraBlast,QuiverDance,Protect|||F|||50|,,,,,Fairy]Rillaboom||AssaultVest|GrassySurge|GrassyGlide,FakeOut,WoodHammer,HighHorsepower|||M|||50|,,,,,Fire
|inactive|Battle timer is ON: inactive players will automatically lose when time's up. (requested by Astterio)
|inactive|cereales revenge has 60 seconds left.
|inactive|Astterio has 60 seconds left.
|
|t:|1756073127
|teamsize|p1|4
|teamsize|p2|4
|start
|switch|p1a: Sneasler|Sneasler, L50, M|100/100
|switch|p1b: Dragonite|Dragonite, L50, F|100/100
|switch|p2a: Annihilape|Annihilape, L50, M|100/100
|switch|p2b: Incineroar|Incineroar, L50, F|100/100
|-ability|p2b: Incineroar|Intimidate|boost
|-unboost|p1a: Sneasler|atk|1
|-unboost|p1b: Dragonite|atk|1
|-enditem|p1a: Sneasler|White Herb
|-clearnegativeboost|p1a: Sneasler|[silent]
|turn|1
|
|t:|1756073151
|-terastallize|p2b: Incineroar|Ghost
|move|p1a: Sneasler|Protect|p1a: Sneasler
|-singleturn|p1a: Sneasler|Protect
|move|p2a: Annihilape|Protect|p2a: Annihilape
|-singleturn|p2a: Annihilape|Protect
|move|p1b: Dragonite|Protect|p1b: Dragonite
|-singleturn|p1b: Dragonite|Protect
|move|p2b: Incineroar|Knock Off|p1b: Dragonite
|-activate|p1b: Dragonite|move: Protect
|
|upkeep
|turn|2
|inactive|cereales revenge has 30 seconds left.
|inactive|Astterio has 30 seconds left.
|
|t:|1756073177
|switch|p2a: Rillaboom|Rillaboom, L50, M|100/100
|-fieldstart|move: Grassy Terrain|[from] ability: Grassy Surge|[of] p2a: Rillaboom
|move|p1a: Sneasler|Coaching|p1b: Dragonite
|-boost|p1b: Dragonite|atk|1
|-boost|p1b: Dragonite|def|1
|move|p1b: Dragonite|Tailwind|p1b: Dragonite
|-sidestart|p1: cereales revenge|move: Tailwind
|move|p2b: Incineroar|Knock Off|p1b: Dragonite
|-damage|p1b: Dragonite|87/100
|-enditem|p1b: Dragonite|Loaded Dice|[from] move: Knock Off|[of] p2b: Incineroar
|
|upkeep
|turn|3
|
|t:|1756073195
|move|p2a: Rillaboom|Fake Out|p1a: Sneasler
|-damage|p1a: Sneasler|84/100
|cant|p1a: Sneasler|flinch
|move|p1b: Dragonite|Scale Shot|p2a: Rillaboom
|-damage|p2a: Rillaboom|87/100
|-damage|p2a: Rillaboom|73/100
|-hitcount|p2a: Rillaboom|2
|-unboost|p1b: Dragonite|def|1
|-boost|p1b: Dragonite|spe|1
|move|p2b: Incineroar|Parting Shot|p1b: Dragonite
|-unboost|p1b: Dragonite|atk|1
|-unboost|p1b: Dragonite|spa|1
|
|t:|1756073202
|switch|p2b: Annihilape|Annihilape, L50, M|100/100|[from] Parting Shot
|
|-heal|p1a: Sneasler|90/100|[from] Grassy Terrain
|-heal|p2a: Rillaboom|79/100|[from] Grassy Terrain
|upkeep
|turn|4
|
|t:|1756073215
|switch|p2a: Incineroar|Incineroar, L50, F, tera:Ghost|100/100
|-ability|p2a: Incineroar|Intimidate|boost
|-unboost|p1a: Sneasler|atk|1
|-unboost|p1b: Dragonite|atk|1
|move|p1a: Sneasler|Dire Claw|p2a: Incineroar
|-resisted|p2a: Incineroar
|-damage|p2a: Incineroar|88/100
|move|p1b: Dragonite|Scale Shot|p2a: Incineroar
|-damage|p2a: Incineroar|82/100
|-damage|p2a: Incineroar|74/100
|-damage|p2a: Incineroar|68/100
|-hitcount|p2a: Incineroar|3
|-unboost|p1b: Dragonite|def|1
|-boost|p1b: Dragonite|spe|1
|move|p2b: Annihilape|Rage Fist|p1b: Dragonite
|-damage|p1b: Dragonite|53/100
|
|-heal|p1a: Sneasler|97/100|[from] Grassy Terrain
|-heal|p2a: Incineroar|74/100|[from] Grassy Terrain
|upkeep
|turn|5
|
|t:|1756073235
|move|p1b: Dragonite|Protect|p1b: Dragonite
|-singleturn|p1b: Dragonite|Protect
|move|p2a: Incineroar|Fake Out|p1a: Sneasler
|-damage|p1a: Sneasler|84/100
|cant|p1a: Sneasler|flinch
|move|p2b: Annihilape|Rage Fist|p1a: Sneasler
|-damage|p1a: Sneasler|56/100
|
|-heal|p1a: Sneasler|63/100|[from] Grassy Terrain
|-heal|p2a: Incineroar|80/100|[from] Grassy Terrain
|-sideend|p1: cereales revenge|move: Tailwind
|upkeep
|turn|6
|inactive|cereales revenge has 30 seconds left.
|
|t:|1756073266
|switch|p1b: Gholdengo|Gholdengo, L50|100/100
|-enditem|p1b: Gholdengo|Grassy Seed
|-boost|p1b: Gholdengo|def|1|[from] item: Grassy Seed
|move|p1a: Sneasler|Dire Claw|p2a: Incineroar
|-resisted|p2a: Incineroar
|-damage|p2a: Incineroar|67/100
|move|p2b: Annihilape|Rage Fist|p1b: Gholdengo
|-supereffective|p1b: Gholdengo
|-damage|p1b: Gholdengo|74/100
|move|p2a: Incineroar|Parting Shot|p1b: Gholdengo
|-immune|p1b: Gholdengo|[from] ability: Good as Gold
|
|-heal|p1a: Sneasler|69/100|[from] Grassy Terrain
|-heal|p1b: Gholdengo|81/100|[from] Grassy Terrain
|-heal|p2a: Incineroar|73/100|[from] Grassy Terrain
|-fieldend|move: Grassy Terrain
|upkeep
|turn|7
|inactive|cereales revenge has 30 seconds left.
|
|t:|1756073300
|move|p2b: Annihilape|Protect|p2b: Annihilape
|-singleturn|p2b: Annihilape|Protect
|move|p1a: Sneasler|Dire Claw|p2a: Incineroar
|-resisted|p2a: Incineroar
|-damage|p2a: Incineroar|60/100
|-status|p2a: Incineroar|slp
|move|p1b: Gholdengo|Shadow Ball|p2a: Incineroar
|-supereffective|p2a: Incineroar
|-damage|p2a: Incineroar|0 fnt
|faint|p2a: Incineroar
|
|upkeep
|
|t:|1756073303
|switch|p2a: Volcarona|Volcarona, L50, F, shiny|100/100
|turn|8
|
|t:|1756073327
|switch|p2b: Rillaboom|Rillaboom, L50, M|79/100
|-fieldstart|move: Grassy Terrain|[from] ability: Grassy Surge|[of] p2b: Rillaboom
|-terastallize|p1b: Gholdengo|Water
|move|p1a: Sneasler|Dire Claw|p2b: Rillaboom
|-supereffective|p2b: Rillaboom
|-damage|p2b: Rillaboom|29/100
|-status|p2b: Rillaboom|par
|move|p2a: Volcarona|Quiver Dance|p2a: Volcarona
|-boost|p2a: Volcarona|spa|1
|-boost|p2a: Volcarona|spd|1
|-boost|p2a: Volcarona|spe|1
|move|p1b: Gholdengo|Shadow Ball|p2b: Rillaboom
|-damage|p2b: Rillaboom|2/100 par
|
|-heal|p1a: Sneasler|75/100|[from] Grassy Terrain
|-heal|p1b: Gholdengo|87/100|[from] Grassy Terrain
|-heal|p2b: Rillaboom|8/100 par|[from] Grassy Terrain
|upkeep
|turn|9
|
|t:|1756073348
|switch|p1a: Axel Blaze|Arcanine-Hisui, L50, M|100/100
|-ability|p1a: Axel Blaze|Intimidate|boost
|-unboost|p2a: Volcarona|atk|1
|-unboost|p2b: Rillaboom|atk|1
|move|p2b: Rillaboom|Fake Out|p1a: Axel Blaze
|-resisted|p1a: Axel Blaze
|-damage|p1a: Axel Blaze|95/100
|move|p2a: Volcarona|Quiver Dance|p2a: Volcarona
|-boost|p2a: Volcarona|spa|1
|-boost|p2a: Volcarona|spd|1
|-boost|p2a: Volcarona|spe|1
|move|p1b: Gholdengo|Shadow Ball|p2b: Rillaboom
|-damage|p2b: Rillaboom|0 fnt
|faint|p2b: Rillaboom
|
|-heal|p1a: Axel Blaze|100/100|[from] Grassy Terrain
|-heal|p1b: Gholdengo|93/100|[from] Grassy Terrain
|upkeep
|
|t:|1756073352
|switch|p2b: Annihilape|Annihilape, L50, M|100/100
|turn|10
|
|t:|1756073369
|move|p1a: Axel Blaze|Protect|p1a: Axel Blaze
|-singleturn|p1a: Axel Blaze|Protect
|move|p1b: Gholdengo|Protect|p1b: Gholdengo
|-singleturn|p1b: Gholdengo|Protect
|move|p2a: Volcarona|Heat Wave|p1a: Axel Blaze|[spread] 
|-activate|p1a: Axel Blaze|move: Protect
|-activate|p1b: Gholdengo|move: Protect
|move|p2b: Annihilape|Close Combat|p1a: Axel Blaze
|-activate|p1a: Axel Blaze|move: Protect
|
|-heal|p1b: Gholdengo|99/100|[from] Grassy Terrain
|upkeep
|turn|11
|inactive|Astterio has 30 seconds left.
|inactive|Astterio has 20 seconds left.
|
|t:|1756073406
|move|p2a: Volcarona|Tera Blast|p1b: Gholdengo
|-damage|p1b: Gholdengo|47/100
|move|p2b: Annihilape|Close Combat|p1b: Gholdengo
|-damage|p1b: Gholdengo|16/100
|-unboost|p2b: Annihilape|def|1
|-unboost|p2b: Annihilape|spd|1
|move|p1a: Axel Blaze|Rock Slide|p2b: Annihilape|[spread] p2a,p2b
|-supereffective|p2a: Volcarona
|-resisted|p2b: Annihilape
|-damage|p2a: Volcarona|0 fnt
|-damage|p2b: Annihilape|82/100
|faint|p2a: Volcarona
|move|p1b: Gholdengo|Shadow Ball|p2b: Annihilape
|-supereffective|p2b: Annihilape
|-damage|p2b: Annihilape|0 fnt
|faint|p2b: Annihilape
|
|win|cereales revenge
|raw|cereales revenge's rating: 1377 → 1399(+22 for winning)
|raw|Astterio's rating: 1405 → 1383(-22 for losing)
|c|☆Astterio|Ggs
|c|☆cereales revenge|gg wp
|c|☆cereales revenge|un placer volver a jugar contra ti
|c|☆Astterio|Igualmente
|l|☆Astterio
|player|p2|
