|j|☆Invoker Kuzan
|j|☆Lucario Palworld
|html|Invoker KuzanLucario Palworld    
|uhtml|bestof|Game 3 of a best-of-3
|t:|1756396552
|gametype|doubles
|player|p1|Invoker Kuzan|marnie-masters3|1336
|player|p2|Lucario Palworld|1|1345
|gen|9
|tier|[Gen 9] VGC 2025 Reg H (Bo3)
|rated|
|rule|Species Clause: Limit one of each Pokémon
|rule|Item Clause: Limit 1 of each item
|clearpoke
|poke|p1|Indeedee-F, L50, F|
|poke|p1|Hatterene, L50, F|
|poke|p1|Gallade, L50, M|
|poke|p1|Ursaluna, L50, M|
|poke|p1|Lilligant-Hisui, L50, F|
|poke|p1|Torkoal, L50, M|
|poke|p2|Gholdengo, L50|
|poke|p2|Perrserker, L50, M|
|poke|p2|Dondozo, L50, M|
|poke|p2|Tatsugiri, L50, M|
|poke|p2|Weezing-Galar, L50, F|
|poke|p2|Typhlosion-Hisui, L50, F|
|teampreview|4
|showteam|p1|Indeedee-F||PsychicSeed|PsychicSurge|TrickRoom,FollowMe,HelpingHand,DazzlingGleam|||F|||50|,,,,,Fire]Hatterene||LifeOrb|MagicBounce|ExpandingForce,TrickRoom,DazzlingGleam,Protect|||F|||50|,,,,,Psychic]Gallade||ClearAmulet|Sharpness|PsychoCut,TrickRoom,SacredSword,WideGuard|||M|||50|,,,,,Grass]Ursaluna||FlameOrb|Guts|HeadlongRush,Facade,SwordsDance,Protect|||M|||50|,,,,,Ghost]Lilligant-Hisui||FocusSash|Chlorophyll|SolarBlade,SleepPowder,CloseCombat,AfterYou|||F|||50|,,,,,Ghost]Torkoal||ChoiceSpecs|Drought|Eruption,HeatWave,WeatherBall,EarthPower|||M|||50|,,,,,Fire
|showteam|p2|Gholdengo||ChoiceSpecs|GoodasGold|MakeItRain,ShadowBall,Thunderbolt,FocusBlast||||||50|,,,,,Steel]Perrserker||ChopleBerry|SteelySpirit|FakeOut,IronHead,Taunt,KnockOff|||M|||50|,,,,,Steel]Dondozo||ClearAmulet|Unaware|WaveCrash,Earthquake,OrderUp,Protect|||M|||50|,,,,,Grass]Tatsugiri||ChoiceScarf|Commander|MuddyWater,DracoMeteor,DragonPulse,IcyWind|||M|||50|,,,,,Steel]Weezing-Galar||CovertCloak|NeutralizingGas|DazzlingGleam,Taunt,SludgeBomb,Protect|||F|||50|,,,,,Grass]Typhlosion-Hisui||FocusSash|Blaze|Eruption,ShadowBall,TeraBlast,Protect|||F|||50|,,,,,Fairy
|inactive|Battle timer is ON: inactive players will automatically lose when time's up. (requested by Invoker Kuzan)
|
|t:|1756396573
|teamsize|p1|4
|teamsize|p2|4
|start
|switch|p1a: Lilligant|Lilligant-Hisui, L50, F, shiny|100/100
|switch|p1b: Torkoal|Torkoal, L50, M, shiny|100/100
|switch|p2a: Weezing|Weezing-Galar, L50, F|100/100
|switch|p2b: Typhlosion|Typhlosion-Hisui, L50, F|100/100
|-ability|p2a: Weezing|Neutralizing Gas
|turn|1
|inactive|Invoker Kuzan has 30 seconds left.
|
|t:|1756396603
|switch|p1b: Ursaluna|Ursaluna, L50, M, shiny|100/100
|move|p2a: Weezing|Protect|p2a: Weezing
|-singleturn|p2a: Weezing|Protect
|move|p1a: Lilligant|Sleep Powder|p2b: Typhlosion
|-status|p2b: Typhlosion|slp|[from] move: Sleep Powder
|cant|p2b: Typhlosion|slp
|
|-status|p1b: Ursaluna|brn|[from] item: Flame Orb
|upkeep
|turn|2
|inactive|Invoker Kuzan has 30 seconds left.
|
|t:|1756396633
|switch|p1a: Indeedee|Indeedee-F, L50, F, shiny|100/100
|cant|p2b: Typhlosion|slp
|move|p2a: Weezing|Taunt|p1a: Indeedee
|-start|p1a: Indeedee|move: Taunt
|move|p1b: Ursaluna|Facade|p2a: Weezing
|-damage|p2a: Weezing|24/100
|
|-damage|p1b: Ursaluna|95/100 brn|[from] brn
|upkeep
|turn|3
|
|t:|1756396651
|cant|p2b: Typhlosion|slp
|move|p1a: Indeedee|Dazzling Gleam|p2b: Typhlosion|[spread] p2a,p2b
|-resisted|p2a: Weezing
|-resisted|p2b: Typhlosion
|-damage|p2a: Weezing|15/100
|-damage|p2b: Typhlosion|92/100 slp
|move|p2a: Weezing|Dazzling Gleam|p1b: Ursaluna|[spread] p1a,p1b
|-damage|p1a: Indeedee|77/100
|-damage|p1b: Ursaluna|73/100 brn
|move|p1b: Ursaluna|Headlong Rush|p2b: Typhlosion
|-supereffective|p2b: Typhlosion
|-crit|p2b: Typhlosion
|-damage|p2b: Typhlosion|0 fnt
|-unboost|p1b: Ursaluna|def|1
|-unboost|p1b: Ursaluna|spd|1
|faint|p2b: Typhlosion
|
|-damage|p1b: Ursaluna|67/100 brn|[from] brn
|upkeep
|
|t:|1756396656
|switch|p2b: Dondozo|Dondozo, L50, M|100/100
|turn|4
|
|t:|1756396672
|move|p2b: Dondozo|Protect|p2b: Dondozo
|-singleturn|p2b: Dondozo|Protect
|move|p1a: Indeedee|Dazzling Gleam|p2b: Dondozo|[spread] p2a
|-activate|p2b: Dondozo|move: Protect
|-resisted|p2a: Weezing
|-damage|p2a: Weezing|6/100
|move|p2a: Weezing|Dazzling Gleam|p1a: Indeedee|[spread] p1a,p1b
|-damage|p1a: Indeedee|50/100
|-damage|p1b: Ursaluna|31/100 brn
|move|p1b: Ursaluna|Facade|p2b: Dondozo
|-activate|p2b: Dondozo|move: Protect
|
|-damage|p1b: Ursaluna|25/100 brn|[from] brn
|-end|p1a: Indeedee|move: Taunt
|upkeep
|turn|5
|inactive|Lucario Palworld has 30 seconds left.
|
|t:|1756396698
|-end|p2a: Weezing|ability: Neutralizing Gas
|-fieldstart|move: Psychic Terrain|[from] ability: Psychic Surge|[of] p1a: Indeedee
|-enditem|p1a: Indeedee|Psychic Seed
|-boost|p1a: Indeedee|spd|1|[from] item: Psychic Seed
|switch|p2a: Tatsugiri|Tatsugiri, L50, M|100/100
|-activate|p2a: Tatsugiri|ability: Commander|[of] p2b: Dondozo
|-boost|p2b: Dondozo|atk|2
|-boost|p2b: Dondozo|spa|2
|-boost|p2b: Dondozo|spe|2
|-boost|p2b: Dondozo|def|2
|-boost|p2b: Dondozo|spd|2
|move|p2b: Dondozo|Earthquake|p1a: Indeedee|[spread] p1a,p1b
|-miss|p2b: Dondozo|p2a: Tatsugiri
|-damage|p1a: Indeedee|9/100
|-damage|p1b: Ursaluna|0 fnt
|faint|p1b: Ursaluna
|move|p1a: Indeedee|Dazzling Gleam|p2a: Tatsugiri|[spread] p2b
|-miss|p1a: Indeedee|p2a: Tatsugiri
|-damage|p2b: Dondozo|93/100
|
|upkeep
|
|t:|1756396707
|switch|p1b: Lilligant|Lilligant-Hisui, L50, F, shiny|100/100
|turn|6
|
|t:|1756396725
|move|p2b: Dondozo|Earthquake|p1b: Lilligant|[spread] p1a,p1b
|-miss|p2b: Dondozo|p2a: Tatsugiri
|-crit|p1a: Indeedee
|-resisted|p1b: Lilligant
|-damage|p1a: Indeedee|0 fnt
|-damage|p1b: Lilligant|65/100
|faint|p1a: Indeedee
|move|p1b: Lilligant|Sleep Powder|p2b: Dondozo
|-status|p2b: Dondozo|slp|[from] move: Sleep Powder
|
|upkeep
|
|t:|1756396727
|switch|p1a: Torkoal|Torkoal, L50, M, shiny|100/100
|-weather|SunnyDay|[from] ability: Drought|[of] p1a: Torkoal
|turn|7
|
|t:|1756396738
|-terastallize|p1a: Torkoal|Fire
|cant|p2b: Dondozo|slp
|move|p1b: Lilligant|Solar Blade||[still]
|-prepare|p1b: Lilligant|Solar Blade
|-anim|p1b: Lilligant|Solar Blade|p2b: Dondozo
|-supereffective|p2b: Dondozo
|-damage|p2b: Dondozo|54/100 slp
|move|p1a: Torkoal|Eruption|p2a: Tatsugiri|[spread] p2b
|-miss|p1a: Torkoal|p2a: Tatsugiri
|-resisted|p2b: Dondozo
|-damage|p2b: Dondozo|13/100 slp
|
|-weather|SunnyDay|[upkeep]
|upkeep
|turn|8
|
|t:|1756396757
|-curestatus|p2b: Dondozo|slp|[msg]
|move|p2b: Dondozo|Protect|p2b: Dondozo
|-singleturn|p2b: Dondozo|Protect
|move|p1b: Lilligant|Solar Blade||[still]
|-prepare|p1b: Lilligant|Solar Blade
|-anim|p1b: Lilligant|Solar Blade|p2b: Dondozo
|-activate|p2b: Dondozo|move: Protect
|move|p1a: Torkoal|Eruption|p2b: Dondozo|[spread] 
|-miss|p1a: Torkoal|p2a: Tatsugiri
|-activate|p2b: Dondozo|move: Protect
|
|-weather|SunnyDay|[upkeep]
|upkeep
|turn|9
|
|t:|1756396775
|-terastallize|p2b: Dondozo|Grass
|move|p1b: Lilligant|Solar Blade||[still]
|-prepare|p1b: Lilligant|Solar Blade
|-anim|p1b: Lilligant|Solar Blade|p2b: Dondozo
|-resisted|p2b: Dondozo
|-damage|p2b: Dondozo|3/100
|move|p2b: Dondozo|Earthquake|p1a: Torkoal|[spread] p1a,p1b
|-miss|p2b: Dondozo|p2a: Tatsugiri
|-supereffective|p1a: Torkoal
|-resisted|p1b: Lilligant
|-damage|p1a: Torkoal|33/100
|-damage|p1b: Lilligant|34/100
|move|p1a: Torkoal|Eruption|p2b: Dondozo|[spread] p2b
|-miss|p1a: Torkoal|p2a: Tatsugiri
|-supereffective|p2b: Dondozo
|-damage|p2b: Dondozo|0 fnt
|faint|p2b: Dondozo
|
|-weather|SunnyDay|[upkeep]
|-fieldend|move: Psychic Terrain
|upkeep
|
|t:|1756396786
|switch|p2b: Weezing|Weezing-Galar, L50, F|6/100
|-ability|p2b: Weezing|Neutralizing Gas
|turn|10
|
|t:|1756396802
|move|p2a: Tatsugiri|Dragon Pulse|p1b: Lilligant
|-damage|p1b: Lilligant|0 fnt
|faint|p1b: Lilligant
|move|p2b: Weezing|Sludge Bomb|p1a: Torkoal
|-damage|p1a: Torkoal|0 fnt
|faint|p1a: Torkoal
|
|win|Lucario Palworld
|raw|Invoker Kuzan's rating: 1336 → 1317(-19 for losing)
|raw|Lucario Palworld's rating: 1345 → 1364(+19 for winning)
|l|☆Lucario Palworld
|player|p2|
