|j|☆Professor_J93
|j|☆Fell Blue
|html|Professor_J93Fell Blue    
|uhtml|bestof|Game 1 of a best-of-3
|t:|1784584248
|gametype|doubles
|player|p1|Professor_J93|n|1261
|player|p2|Fell Blue|fantina|1205
|gen|9
|tier|[Gen 9 Champions] VGC 2026 Reg M-B (Bo3)
|rated|
|rule|Species Clause: Limit one of each Pokémon
|rule|Item Clause: Limit 1 of each item
|clearpoke
|poke|p1|Raichu, L50, F, shiny|
|poke|p1|Vivillon-Ocean, L50, M, shiny|
|poke|p1|Infernape, L50, M|
|poke|p1|Primarina, L50, M|
|poke|p1|Farigiraf, L50, F, shiny|
|poke|p1|Mamoswine, L50, M|
|poke|p2|Mawile, L50, F|
|poke|p2|Liepard, L50, M|
|poke|p2|Sneasler, L50, M|
|poke|p2|Chandelure, L50, F|
|poke|p2|Ninetales-Alola, L50, F|
|poke|p2|Incineroar, L50, F|
|teampreview|4
|showteam|p1|Raichu||RaichuniteY|LightningRod|ZapCannon,FocusBlast,FakeOut,Protect|Modest||F|||50|]Vivillon-Ocean||FocusSash|CompoundEyes|Hurricane,Tailwind,SleepPowder,Protect|Timid||M|||50|]Infernape||Charcoal|Blaze|Overheat,FakeOut,Encore,Protect|Timid||M|||50|]Primarina||Leftovers|LiquidVoice|HyperVoice,Moonblast,CalmMind,Protect|Modest||M|||50|]Farigiraf||SitrusBerry|ArmorTail|Psyshock,Roar,TrickRoom,HelpingHand|Relaxed||F|||50|]Mamoswine||LifeOrb|Oblivious|IcicleCrash,IceShard,Earthquake,Protect|Adamant||M|||50|
|showteam|p2|Mawile||Mawilite|HyperCutter|PlayRough,SuckerPunch,Protect,IronDefense|Adamant||F|||50|]Liepard||FocusSash|Prankster|FakeOut,ThunderWave,FoulPlay,Encore|Timid||M|||50|]Sneasler||WhiteHerb|Unburden|DireClaw,Coaching,FakeOut,CloseCombat|Adamant||M|||50|]Chandelure||Chandelurite|FlashFire|ShadowBall,HeatWave,Substitute,Protect|Modest||F|||50|]Ninetales-Alola||LightClay|SnowWarning|AuroraVeil,Protect,FreezeDry,IcyWind|Timid||F|||50|]Incineroar||SitrusBerry|Intimidate|FakeOut,PartingShot,ThroatChop,FlareBlitz|Impish||F|||50|
|
|t:|1784584295
|teamsize|p1|4
|teamsize|p2|4
|start
|switch|p1a: Pork|Mamoswine, L50, M|100/100
|switch|p1b: Maui|Vivillon-Ocean, L50, M, shiny|100/100
|switch|p2a: Chandelure|Chandelure, L50, F|100/100
|switch|p2b: Ninetales|Ninetales-Alola, L50, F|100/100
|-weather|Snowscape|[from] ability: Snow Warning|[of] p2b: Ninetales
|turn|1
|
|t:|1784584314
|detailschange|p2a: Chandelure|Chandelure-Mega, L50, F
|-mega|p2a: Chandelure|Chandelure|Chandelurite
|move|p1a: Pork|Protect|p1a: Pork
|-singleturn|p1a: Pork|Protect
|move|p2b: Ninetales|Icy Wind|p1a: Pork|[spread] p1b
|-activate|p1a: Pork|move: Protect
|-supereffective|p1b: Maui|1
|-damage|p1b: Maui|48/100
|-unboost|p1b: Maui|spe|1
|move|p2a: Chandelure|Heat Wave|p1a: Pork|[spread] p1b
|-activate|p1a: Pork|move: Protect
|-supereffective|p1b: Maui|1
|-damage|p1b: Maui|0 fnt
|faint|p1b: Maui
|
|-weather|Snowscape|[upkeep]
|upkeep
|
|t:|1784584326
|switch|p1b: Raichu|Raichu, L50, F, shiny|100/100
|turn|2
|
|t:|1784584337
|detailschange|p1b: Raichu|Raichu-Mega-Y, L50, F, shiny
|-mega|p1b: Raichu|Raichu|Raichunite Y
|move|p2a: Chandelure|Protect|p2a: Chandelure
|-singleturn|p2a: Chandelure|Protect
|move|p1b: Raichu|Zap Cannon|p2a: Chandelure
|-activate|p2a: Chandelure|move: Protect
|move|p2b: Ninetales|Aurora Veil|p2b: Ninetales
|-sidestart|p2: Fell Blue|move: Aurora Veil
|move|p1a: Pork|Icicle Crash|p2b: Ninetales
|-resisted|p2b: Ninetales|1
|-damage|p2b: Ninetales|81/100
|-damage|p1a: Pork|90/100|[from] item: Life Orb
|
|-weather|Snowscape|[upkeep]
|upkeep
|turn|3
|
|t:|1784584352
|move|p1b: Raichu|Zap Cannon|p2a: Chandelure
|-damage|p2a: Chandelure|35/100
|-status|p2a: Chandelure|par
|move|p2b: Ninetales|Icy Wind|p1a: Pork|[spread] p1a,p1b
|-damage|p1a: Pork|72/100
|-damage|p1b: Raichu|83/100
|-unboost|p1a: Pork|spe|1
|-unboost|p1b: Raichu|spe|1
|move|p1a: Pork|Earthquake|p2b: Ninetales|[spread] p1b,p2a,p2b
|-supereffective|p1b: Raichu|1
|-supereffective|p2a: Chandelure|1
|-damage|p1b: Raichu|0 fnt
|-damage|p2a: Chandelure|0 fnt
|-damage|p2b: Ninetales|48/100
|faint|p1b: Raichu
|faint|p2a: Chandelure
|-damage|p1a: Pork|62/100|[from] item: Life Orb
|
|-weather|Snowscape|[upkeep]
|upkeep
|
|t:|1784584366
|switch|p1b: Farigiraf|Farigiraf, L50, F, shiny|100/100
|switch|p2a: Incineroar|Incineroar, L50, F|100/100
|-ability|p2a: Incineroar|Intimidate|boost
|-fail|p1a: Pork|unboost|Attack|[from] ability: Oblivious|[of] p1a: Pork
|-unboost|p1b: Farigiraf|atk|1
|turn|4
|
|t:|1784584384
|move|p2b: Ninetales|Icy Wind|p1a: Pork|[spread] p1a,p1b
|-damage|p1a: Pork|44/100
|-damage|p1b: Farigiraf|89/100
|-unboost|p1a: Pork|spe|1
|-unboost|p1b: Farigiraf|spe|1
|move|p2a: Incineroar|Flare Blitz|p1a: Pork
|-supereffective|p1a: Pork|1
|-damage|p1a: Pork|0 fnt
|faint|p1a: Pork
|-damage|p2a: Incineroar|86/100|[from] Recoil
|move|p1b: Farigiraf|Trick Room|p1b: Farigiraf
|-fieldstart|move: Trick Room|[of] p1b: Farigiraf
|
|-weather|Snowscape|[upkeep]
|upkeep
|turn|5
|-message|Professor_J93 forfeited.
|
|win|Fell Blue
||Professor_J93 is ready for game 2.
