|j|☆SomeKidJon
|j|☆mariocansado
|html|SomeKidJonmariocansado    
|uhtml|bestof|Game 1 of a best-of-3
|t:|1756328062
|gametype|doubles
|player|p1|SomeKidJon|scientistf|1081
|player|p2|mariocansado|arven-v|1133
|gen|9
|tier|[Gen 9] VGC 2025 Reg H (Bo3)
|rated|
|rule|Species Clause: Limit one of each Pokémon
|rule|Item Clause: Limit 1 of each item
|clearpoke
|poke|p1|Zoroark-Hisui, L50, M|
|poke|p1|Serperior, L50, F|
|poke|p1|Basculegion, L50, M|
|poke|p1|Pelipper, L50, M|
|poke|p1|Kingambit, L50, F|
|poke|p1|Dragalge, L50, F|
|poke|p2|Gholdengo, L50|
|poke|p2|Rillaboom, L50, M|
|poke|p2|Dragapult, L50, M|
|poke|p2|Electabuzz, L50, M|
|poke|p2|Volcarona, L50, F|
|poke|p2|Gyarados, L50, M|
|teampreview|4
|showteam|p1|Zoroark-Hisui||ChoiceSpecs|Illusion|TeraBlast,HyperVoice,Snarl,ShadowBall|||M|||50|,,,,,Stellar]Serperior||LightClay|Contrary|LeafStorm,Reflect,LightScreen,TeraBlast|||F|||50|,,,,,Stellar]Basculegion||ChoiceBand|SwiftSwim|WaveCrash,LastRespects,AquaJet,FlipTurn|||M|||50|,,,,,Water]Pelipper||FocusSash|Drizzle|HelpingHand,Tailwind,WeatherBall,Hurricane|||M|||50|,,,,,Ghost]Kingambit||AssaultVest|Defiant|KowtowCleave,SuckerPunch,LowKick,IronHead|||F|||50|,,,,,Fairy]Dragalge||LifeOrb|Adaptability|SludgeBomb,MuddyWater,DracoMeteor,Protect|||F|||50|,,,,,Grass
|showteam|p2|Gholdengo||ChoiceScarf|GoodasGold|MakeItRain,ShadowBall,PowerGem,Trick||||||50|,,,,,Steel]Rillaboom||AssaultVest|GrassySurge|FakeOut,WoodHammer,Uturn,HighHorsepower|||M|||50|,,,,,Fire]Dragapult||ChoiceBand|ClearBody|DragonDarts,DragonClaw,PhantomForce,Uturn|||M|||50|,,,,,Dragon]Electabuzz||Eviolite|VitalSpirit|Electroweb,Taunt,FollowMe,Protect|||M|||50|,,,,,Ghost]Volcarona||Leftovers|FlameBody|HeatWave,QuiverDance,Protect,GigaDrain|||F|||50|,,,,,Grass]Gyarados||SitrusBerry|Intimidate|Waterfall,Taunt,ThunderWave,Protect|||M|||50|,,,,,Grass
|
|t:|1756328168
|teamsize|p1|4
|teamsize|p2|4
|start
|switch|p1a: Esquie|Pelipper, L50, M|100/100
|switch|p1b: Dragalge|Dragalge, L50, F|100/100
|switch|p2a: Electabuzz|Electabuzz, L50, M|100/100
|switch|p2b: Big Jerry|Rillaboom, L50, M|100/100
|-weather|RainDance|[from] ability: Drizzle|[of] p1a: Esquie
|-fieldstart|move: Grassy Terrain|[from] ability: Grassy Surge|[of] p2b: Big Jerry
|turn|1
|
|t:|1756328197
|move|p2a: Electabuzz|Electroweb|p1b: Dragalge|[spread] p1a,p1b
|-supereffective|p1a: Esquie
|-resisted|p1b: Dragalge
|-damage|p1a: Esquie|15/100
|-damage|p1b: Dragalge|95/100
|-unboost|p1a: Esquie|spe|1
|-unboost|p1b: Dragalge|spe|1
|move|p2b: Big Jerry|U-turn|p1a: Esquie
|-resisted|p1a: Esquie
|-damage|p1a: Esquie|0 fnt
|faint|p1a: Esquie
|
|t:|1756328207
|switch|p2b: Dragapult|Dragapult, L50, M|100/100|[from] U-turn
|move|p1b: Dragalge|Sludge Bomb|p2b: Dragapult
|-resisted|p2b: Dragapult
|-damage|p2b: Dragapult|50/100
|-damage|p1b: Dragalge|85/100|[from] item: Life Orb
|
|-weather|RainDance|[upkeep]
|-heal|p2b: Dragapult|56/100|[from] Grassy Terrain
|-heal|p1b: Dragalge|91/100|[from] Grassy Terrain
|upkeep
|
|t:|1756328211
|switch|p1a: Monocco|Basculegion, L50, M|100/100
|turn|2
|
|t:|1756328237
|-terastallize|p2b: Dragapult|Dragon
|-terastallize|p1b: Dragalge|Grass
|move|p2a: Electabuzz|Follow Me|p2a: Electabuzz
|-singleturn|p2a: Electabuzz|move: Follow Me
|move|p1a: Monocco|Flip Turn|p2a: Electabuzz
|-damage|p2a: Electabuzz|30/100
|
|t:|1756328245
|switch|p1a: Maelle|Kingambit, L50, F, shiny|100/100|[from] Flip Turn
|move|p2b: Dragapult|Dragon Darts|p1a: Maelle
|-resisted|p1a: Maelle
|-damage|p1a: Maelle|78/100
|-anim|p2b: Dragapult|Dragon Darts|p1b: Dragalge
|-damage|p1b: Dragalge|25/100
|move|p1b: Dragalge|Muddy Water|p2a: Electabuzz|[spread] p2a,p2b
|-resisted|p2b: Dragapult
|-damage|p2a: Electabuzz|0 fnt
|-damage|p2b: Dragapult|30/100
|faint|p2a: Electabuzz
|-damage|p1b: Dragalge|16/100|[from] item: Life Orb
|
|-weather|RainDance|[upkeep]
|-heal|p2b: Dragapult|36/100|[from] Grassy Terrain
|-heal|p1a: Maelle|84/100|[from] Grassy Terrain
|-heal|p1b: Dragalge|21/100|[from] Grassy Terrain
|upkeep
|
|t:|1756328256
|switch|p2a: Big Jerry|Rillaboom, L50, M|100/100
|turn|3
|
|t:|1756328269
|switch|p1b: Monocco|Basculegion, L50, M|100/100
|move|p2a: Big Jerry|Fake Out|p1a: Maelle
|-resisted|p1a: Maelle
|-crit|p1a: Maelle
|-damage|p1a: Maelle|76/100
|move|p2b: Dragapult|Dragon Darts|p1b: Monocco
|-damage|p1b: Monocco|29/100
|-anim|p2b: Dragapult|Dragon Darts|p1a: Maelle
|-resisted|p1a: Maelle
|-damage|p1a: Maelle|54/100
|cant|p1a: Maelle|flinch
|
|-weather|RainDance|[upkeep]
|-heal|p1b: Monocco|35/100|[from] Grassy Terrain
|-heal|p2b: Dragapult|42/100|[from] Grassy Terrain
|-heal|p1a: Maelle|60/100|[from] Grassy Terrain
|upkeep
|turn|4
|
|t:|1756328300
|switch|p1b: Dragalge|Dragalge, L50, F, tera:Grass|21/100
|switch|p2b: Volcarona|Volcarona, L50, F, shiny|100/100
|move|p2a: Big Jerry|Wood Hammer|p1b: Dragalge
|-resisted|p1b: Dragalge
|-damage|p1b: Dragalge|0 fnt
|faint|p1b: Dragalge
|-damage|p2a: Big Jerry|95/100|[from] Recoil
|move|p1a: Maelle|Kowtow Cleave|p2a: Big Jerry
|-damage|p2a: Big Jerry|47/100
|
|-weather|RainDance|[upkeep]
|-heal|p2a: Big Jerry|53/100|[from] Grassy Terrain
|-heal|p1a: Maelle|66/100|[from] Grassy Terrain
|upkeep
|
|t:|1756328315
|switch|p1b: Monocco|Basculegion, L50, M|35/100
|turn|5
|
|t:|1756328332
|move|p2b: Volcarona|Protect|p2b: Volcarona
|-singleturn|p2b: Volcarona|Protect
|move|p1b: Monocco|Aqua Jet|p2b: Volcarona
|-activate|p2b: Volcarona|move: Protect
|move|p2a: Big Jerry|Wood Hammer|p1b: Monocco
|-supereffective|p1b: Monocco
|-damage|p1b: Monocco|0 fnt
|faint|p1b: Monocco
|-damage|p2a: Big Jerry|42/100|[from] Recoil
|move|p1a: Maelle|Kowtow Cleave|p2a: Big Jerry
|-damage|p2a: Big Jerry|0 fnt
|faint|p2a: Big Jerry
|
|-weather|none
|-heal|p1a: Maelle|72/100|[from] Grassy Terrain
|-fieldend|move: Grassy Terrain
|upkeep
|
|t:|1756328338
|switch|p2a: Dragapult|Dragapult, L50, M, tera:Dragon|42/100
|turn|6
|
|t:|1756328345
|move|p1a: Maelle|Sucker Punch|p2a: Dragapult
|-damage|p2a: Dragapult|0 fnt
|faint|p2a: Dragapult
|move|p2b: Volcarona|Heat Wave|p1a: Maelle
|-supereffective|p1a: Maelle
|-damage|p1a: Maelle|15/100
|
|upkeep
|turn|7
|
|t:|1756328349
|move|p1a: Maelle|Sucker Punch|p2b: Volcarona
|-crit|p2b: Volcarona
|-damage|p2b: Volcarona|30/100
|move|p2b: Volcarona|Heat Wave|p1a: Maelle
|-supereffective|p1a: Maelle
|-damage|p1a: Maelle|0 fnt
|faint|p1a: Maelle
|
|win|mariocansado
||mariocansado is ready for game 2.
||SomeKidJon is ready for game 2.
|uhtml|next|Next: Game 2 of 3
|l|☆SomeKidJon
|player|p1|
