|j|☆jackpaulsartre33
|j|‽Hhhhjkjhffgb
|html|jackpaulsartre33Hhhhjkjhffgb    
|uhtml|bestof|Game 1 of a best-of-3
|t:|1785461612
|gametype|doubles
|player|p1|jackpaulsartre33|silver|1085
|player|p2|Hhhhjkjhffgb|ingo|1040
|gen|9
|tier|[Gen 9 Champions] VGC 2026 Reg M-B (Bo3)
|rated|
|rule|Species Clause: Limit one of each Pokémon
|rule|Item Clause: Limit 1 of each item
|clearpoke
|poke|p1|Gengar, L50, F|
|poke|p1|Incineroar, L50, M|
|poke|p1|Ninetales-Alola, L50, F|
|poke|p1|Garchomp, L50, F|
|poke|p1|Kingambit, L50, M|
|poke|p1|Charizard, L50, M|
|poke|p2|Eelektross, L50, F|
|poke|p2|Garchomp, L50, F|
|poke|p2|Whimsicott, L50, M|
|poke|p2|Metagross, L50|
|poke|p2|Hydreigon, L50, M|
|poke|p2|Basculegion, L50, M|
|teampreview|4
|showteam|p1|Gengar||Gengarite|CursedBody|Protect,ShadowBall,SludgeBomb,PerishSong|Timid||F|||50|]Incineroar||SitrusBerry|Intimidate|Protect,PartingShot,ThroatChop,FakeOut|Impish||M|||50|]Ninetales-Alola||NeverMeltIce|SnowWarning|Protect,Blizzard,FreezeDry,IcyWind|Timid||F|||50|]Garchomp||LifeOrb|RoughSkin|Protect,DragonClaw,StompingTantrum,RockSlide|Jolly||F|||50|]Kingambit||FocusSash|Defiant|Protect,KowtowCleave,SuckerPunch,LowKick|Adamant||M|||50|]Charizard||CharizarditeY|Blaze|Protect,HeatWave,SolarBeam,WeatherBall|Modest||M|||50|
|showteam|p2|Eelektross||Eelektrossite|Levitate|Thunderbolt,Flamethrower,GigaDrain,Protect|Timid||F|||50|]Garchomp||LifeOrb|RoughSkin|Earthquake,DragonClaw,RockSlide,Protect|Jolly||F|||50|]Whimsicott||FocusSash|Prankster|Tailwind,Encore,Moonblast,Protect|Timid||M|||50|]Metagross||Metagrossite|ClearBody|IronHead,PsychicFangs,BodyPress,Protect|Jolly|||||50|]Hydreigon||ChoiceScarf|Levitate|DarkPulse,DracoMeteor,Snarl,HeatWave|Modest||M|||50|]Basculegion||MysticWater|Adaptability|WaveCrash,LastRespects,AquaJet,Protect|Jolly||M|||50|
|inactive|Battle timer is ON: inactive players will automatically lose when time's up. (requested by Hhhhjkjhffgb)
|inactive|jackpaulsartre33 also wants the timer to be on.
|inactive|jackpaulsartre33 has 60 seconds left.
|inactive|Hhhhjkjhffgb has 60 seconds left.
|
|t:|1785461672
|teamsize|p1|4
|teamsize|p2|4
|start
|switch|p1a: Garchomp|Garchomp, L50, F|100/100
|switch|p1b: Kingambit|Kingambit, L50, M|100/100
|switch|p2a: Eelektross|Eelektross, L50, F|100/100
|switch|p2b: Garchomp|Garchomp, L50, F|100/100
|turn|1
|inactive|jackpaulsartre33 has 30 seconds left.
|inactive|jackpaulsartre33 has 20 seconds left.
|
|t:|1785461708
|detailschange|p2a: Eelektross|Eelektross-Mega, L50, F
|-mega|p2a: Eelektross|Eelektross|Eelektrossite
|move|p1b: Kingambit|Sucker Punch|p2b: Garchomp
|-damage|p2b: Garchomp|60/100
|-damage|p1b: Kingambit|87/100|[from] ability: Rough Skin|[of] p2b: Garchomp
|move|p2b: Garchomp|Earthquake|p1a: Garchomp|[spread] p1a,p1b
|-immune|p2a: Eelektross|[from] ability: Eelevate
|-supereffective|p1b: Kingambit|1
|-damage|p1a: Garchomp|47/100
|-damage|p1b: Kingambit|8/100
|-damage|p2b: Garchomp|50/100g|[from] item: Life Orb
|move|p1a: Garchomp|Dragon Claw|p2b: Garchomp
|-supereffective|p2b: Garchomp|1
|-damage|p2b: Garchomp|0 fnt
|-damage|p1a: Garchomp|34/100|[from] ability: Rough Skin|[of] p2b: Garchomp
|faint|p2b: Garchomp
|-damage|p1a: Garchomp|25/100|[from] item: Life Orb
|move|p2a: Eelektross|Flamethrower|p1b: Kingambit
|-supereffective|p1b: Kingambit|1
|-damage|p1b: Kingambit|0 fnt
|faint|p1b: Kingambit
|-ability|p2a: Eelektross|Eelevate|boost
|-boost|p2a: Eelektross|spa|1
|
|upkeep
|
|t:|1785461731
|switch|p2b: Whimsicott|Whimsicott, L50, M|100/100
|switch|p1b: Incineroar|Incineroar, L50, M|100/100
|-ability|p1b: Incineroar|Intimidate|boost
|-unboost|p2a: Eelektross|atk|1
|-unboost|p2b: Whimsicott|atk|1
|turn|2
|
|t:|1785461748
|move|p2b: Whimsicott|Protect|p2b: Whimsicott
|-singleturn|p2b: Whimsicott|Protect
|move|p2a: Eelektross|Protect|p2a: Eelektross
|-singleturn|p2a: Eelektross|Protect
|move|p1b: Incineroar|Fake Out|p2b: Whimsicott
|-activate|p2b: Whimsicott|move: Protect
|move|p1a: Garchomp|Rock Slide|p2a: Eelektross|[spread] 
|-activate|p2a: Eelektross|move: Protect
|-activate|p2b: Whimsicott|move: Protect
|
|upkeep
|turn|3
|
|t:|1785461769
|move|p1a: Garchomp|Protect|p1a: Garchomp
|-singleturn|p1a: Garchomp|Protect
|move|p2b: Whimsicott|Tailwind|p2b: Whimsicott
|-sidestart|p2: Hhhhjkjhffgb|move: Tailwind
|move|p2a: Eelektross|Giga Drain|p1a: Garchomp
|-activate|p1a: Garchomp|move: Protect
|move|p1b: Incineroar|Parting Shot|p2a: Eelektross
|-unboost|p2a: Eelektross|atk|1
|-unboost|p2a: Eelektross|spa|1
|
|t:|1785461778
|switch|p1b: Ninetales|Ninetales-Alola, L50, F|100/100|[from] Parting Shot
|-weather|Snowscape|[from] ability: Snow Warning|[of] p1b: Ninetales
|
|-weather|Snowscape|[upkeep]
|upkeep
|turn|4
|
|t:|1785461789
|switch|p1a: Incineroar|Incineroar, L50, M|100/100
|-ability|p1a: Incineroar|Intimidate|boost
|-unboost|p2a: Eelektross|atk|1
|-unboost|p2b: Whimsicott|atk|1
|move|p1b: Ninetales|Protect|p1b: Ninetales
|-singleturn|p1b: Ninetales|Protect
|move|p2b: Whimsicott|Encore|p1a: Incineroar
|-hint|Since gen 7, Dark is immune to Prankster moves.
|-immune|p1a: Incineroar
|move|p2a: Eelektross|Flamethrower|p1b: Ninetales
|-activate|p1b: Ninetales|move: Protect
|
|-weather|Snowscape|[upkeep]
|upkeep
|turn|5
|
|t:|1785461809
|switch|p2b: Basculegion|Basculegion, L50, M|100/100
|switch|p1b: Garchomp|Garchomp, L50, F|25/100
|move|p2a: Eelektross|Flamethrower|p1b: Garchomp
|-resisted|p1b: Garchomp|1
|-damage|p1b: Garchomp|7/100
|move|p1a: Incineroar|Throat Chop|p2b: Basculegion
|-supereffective|p2b: Basculegion|1
|-damage|p2b: Basculegion|13/100
|-start|p2b: Basculegion|Throat Chop|[silent]
|
|-weather|Snowscape|[upkeep]
|upkeep
|turn|6
|inactive|jackpaulsartre33 has 30 seconds left.
|
|t:|1785461838
|move|p1b: Garchomp|Protect|p1b: Garchomp
|-singleturn|p1b: Garchomp|Protect
|move|p2a: Eelektross|Flamethrower|p1b: Garchomp
|-activate|p1b: Garchomp|move: Protect
|move|p2b: Basculegion|Wave Crash|p1a: Incineroar
|-supereffective|p1a: Incineroar|1
|-damage|p1a: Incineroar|0 fnt
|faint|p1a: Incineroar
|-damage|p2b: Basculegion|0 fnt|[from] Recoil
|faint|p2b: Basculegion
|
|-weather|Snowscape|[upkeep]
|-sideend|p2: Hhhhjkjhffgb|move: Tailwind
|upkeep
|
|t:|1785461850
|switch|p2b: Whimsicott|Whimsicott, L50, M|100/100
|switch|p1a: Ninetales|Ninetales-Alola, L50, F|100/100
|turn|7
|
|t:|1785461856
|move|p2b: Whimsicott|Encore|p1b: Garchomp
|-start|p1b: Garchomp|Encore
|move|p1b: Garchomp|Protect|p1b: Garchomp
|-singleturn|p1b: Garchomp|Protect
|move|p1a: Ninetales|Blizzard|p2a: Eelektross|[spread] p2a,p2b
|-supereffective|p2b: Whimsicott|1
|-damage|p2a: Eelektross|56/100
|-enditem|p2b: Whimsicott|Focus Sash
|-damage|p2b: Whimsicott|1/100
|-status|p2b: Whimsicott|frz
|move|p2a: Eelektross|Flamethrower|p1a: Ninetales
|-supereffective|p1a: Ninetales|1
|-damage|p1a: Ninetales|22/100
|
|-weather|none
|upkeep
|turn|8
|
|t:|1785461879
|move|p1b: Garchomp|Protect||[still]
|-fail|p1b: Garchomp
|cant|p2b: Whimsicott|frz
|move|p1a: Ninetales|Blizzard|p2a: Eelektross|[spread] p2a,p2b
|-supereffective|p2b: Whimsicott|1
|-damage|p2a: Eelektross|17/100
|-damage|p2b: Whimsicott|0 fnt
|faint|p2b: Whimsicott
|move|p2a: Eelektross|Flamethrower|p1a: Ninetales
|-supereffective|p1a: Ninetales|1
|-damage|p1a: Ninetales|0 fnt
|faint|p1a: Ninetales
|-ability|p2a: Eelektross|Eelevate|boost
|-boost|p2a: Eelektross|spa|1
|
|upkeep
|turn|9
|
|t:|1785461892
|move|p1b: Garchomp|Protect|p1b: Garchomp
|-singleturn|p1b: Garchomp|Protect
|move|p2a: Eelektross|Giga Drain|p1b: Garchomp
|-activate|p1b: Garchomp|move: Protect
|
|-end|p1b: Garchomp|Encore
|upkeep
|turn|10
|
|t:|1785461901
|move|p1b: Garchomp|Dragon Claw|p2a: Eelektross
|-damage|p2a: Eelektross|0 fnt
|faint|p2a: Eelektross
|-damage|p1b: Garchomp|0 fnt|[from] item: Life Orb
|faint|p1b: Garchomp
|
|win|jackpaulsartre33
|l|‽Hhhhjkjhffgb
|player|p2|
||Hhhhjkjhffgb is ready for game 2.
||jackpaulsartre33 is ready for game 2.
|uhtml|next|Next: Game 2 of 3
