|j|☆TobiYume
|j|☆markusme100
|html|TobiYumemarkusme100    
|uhtml|bestof|Game 1 of a best-of-3
|t:|1756729167
|gametype|doubles
|player|p1|TobiYume|roxie|1174
|player|p2|markusme100|hiker-gen4|1110
|gen|9
|tier|[Gen 9] VGC 2025 Reg H (Bo3)
|rated|
|rule|Species Clause: Limit one of each Pokémon
|rule|Item Clause: Limit 1 of each item
|clearpoke
|poke|p1|Decidueye-Hisui, L50, M|
|poke|p1|Sylveon, L50, F|
|poke|p1|Talonflame, L50, F|
|poke|p1|Tyranitar, L50, M|
|poke|p1|Garchomp, L50, M|
|poke|p1|Gholdengo, L50|
|poke|p2|Garchomp, L50, M|
|poke|p2|Gholdengo, L50|
|poke|p2|Sneasler, L50, M|
|poke|p2|Dragonite, L50, F|
|poke|p2|Incineroar, L50, F|
|poke|p2|Whimsicott, L50, M|
|teampreview|4
|showteam|p1|Decidueye-Hisui||RazorClaw|Scrappy|TripleArrows,LeafBlade,SuckerPunch,Protect|||M|||50|,,,,,Fire]Sylveon||ThroatSpray|Pixilate|HyperVoice,HyperBeam,TeraBlast,Protect|||F|||50|,,,,,Water]Talonflame||CovertCloak|GaleWings|Tailwind,WillOWisp,BraveBird,Taunt|||F|||50|,,,,,Grass]Tyranitar||AssaultVest|SandStream|RockSlide,KnockOff,TeraBlast,LowKick|||M|||50|,,,,,Flying]Garchomp||LifeOrb|RoughSkin|DragonClaw,StompingTantrum,Earthquake,Protect|||M|||50|,,,,,Steel]Gholdengo||Leftovers|GoodasGold|MakeItRain,ShadowBall,NastyPlot,Protect||||||50|,,,,,Dragon
|showteam|p2|Garchomp||LifeOrb|RoughSkin|Protect,Earthquake,StompingTantrum,DragonClaw|||M|||50|,,,,,Ground]Gholdengo||ChoiceSpecs|GoodasGold|Thunderbolt,MakeItRain,ShadowBall,Trick||||||50|,,,,,Steel]Sneasler||WhiteHerb|Unburden|FakeOut,Protect,CloseCombat,DireClaw|||M|||50|,,,,,Stellar]Dragonite||ChoiceBand|InnerFocus|Outrage,ExtremeSpeed,IceSpinner,StompingTantrum|||F|||50|,,,,,Normal]Incineroar||AssaultVest|Intimidate|FakeOut,KnockOff,FlareBlitz,Uturn|||F|||50|,,,,,Grass]Whimsicott||FocusSash|Prankster|Protect,Tailwind,Moonblast,Encore|||M|||50|,,,,,Ghost
|
|t:|1756729220
|teamsize|p1|4
|teamsize|p2|4
|start
|switch|p1a: Elie|Talonflame, L50, F|100/100
|switch|p1b: Lloyd|Garchomp, L50, M|100/100
|switch|p2a: Dragonite|Dragonite, L50, F|100/100
|switch|p2b: Whimsicott|Whimsicott, L50, M|100/100
|turn|1
|
|t:|1756729236
|move|p1b: Lloyd|Protect|p1b: Lloyd
|-singleturn|p1b: Lloyd|Protect
|move|p2b: Whimsicott|Tailwind|p2b: Whimsicott
|-sidestart|p2: markusme100|move: Tailwind
|move|p2a: Dragonite|Outrage|p1a: Elie
|-damage|p1a: Elie|0 fnt
|faint|p1a: Elie
|
|upkeep
|
|t:|1756729247
|switch|p1a: Kloe|Sylveon, L50, F, shiny|100/100
|turn|2
|
|t:|1756729259
|switch|p1b: Wazy|Gholdengo, L50|100/100
|move|p2b: Whimsicott|Encore|p1b: Wazy
|-immune|p1b: Wazy|[from] ability: Good as Gold
|move|p2a: Dragonite|Outrage|p1a: Kloe|[from] lockedmove
|-immune|p1a: Kloe
|-start|p2a: Dragonite|confusion|[fatigue]
|move|p1a: Kloe|Hyper Voice|p2a: Dragonite|[spread] p2a,p2b
|-supereffective|p2a: Dragonite
|-damage|p2a: Dragonite|26/100
|-damage|p2b: Whimsicott|37/100
|-enditem|p1a: Kloe|Throat Spray
|-boost|p1a: Kloe|spa|1|[from] item: Throat Spray
|
|upkeep
|turn|3
|
|t:|1756729281
|switch|p2a: Gholdengo|Gholdengo, L50|100/100
|move|p2b: Whimsicott|Moonblast|p1b: Wazy
|-resisted|p1b: Wazy
|-damage|p1b: Wazy|85/100
|move|p1b: Wazy|Nasty Plot|p1b: Wazy
|-boost|p1b: Wazy|spa|2
|move|p1a: Kloe|Hyper Voice|p2b: Whimsicott|[spread] p2a,p2b
|-resisted|p2a: Gholdengo
|-damage|p2a: Gholdengo|69/100
|-damage|p2b: Whimsicott|0 fnt
|faint|p2b: Whimsicott
|
|-heal|p1b: Wazy|91/100|[from] item: Leftovers
|upkeep
|
|t:|1756729292
|switch|p2b: Garchomp|Garchomp, L50, M|100/100
|turn|4
|
|t:|1756729303
|-terastallize|p2a: Gholdengo|Steel
|move|p1b: Wazy|Protect|p1b: Wazy
|-singleturn|p1b: Wazy|Protect
|move|p1a: Kloe|Protect|p1a: Kloe
|-singleturn|p1a: Kloe|Protect
|move|p2b: Garchomp|Stomping Tantrum|p1b: Wazy
|-activate|p1b: Wazy|move: Protect
|move|p2a: Gholdengo|Make It Rain|p1a: Kloe|[spread] 
|-activate|p1a: Kloe|move: Protect
|-activate|p1b: Wazy|move: Protect
|
|-heal|p1b: Wazy|97/100|[from] item: Leftovers
|-sideend|p2: markusme100|move: Tailwind
|upkeep
|turn|5
|
|t:|1756729342
|-terastallize|p1a: Kloe|Water
|move|p2b: Garchomp|Stomping Tantrum|p1b: Wazy
|-supereffective|p1b: Wazy
|-damage|p1b: Wazy|3/100
|-damage|p2b: Garchomp|91/100|[from] item: Life Orb
|move|p2a: Gholdengo|Make It Rain|p1b: Wazy|[spread] p1a,p1b
|-resisted|p1a: Kloe
|-crit|p1a: Kloe
|-resisted|p1b: Wazy
|-damage|p1a: Kloe|46/100
|-damage|p1b: Wazy|0 fnt
|-unboost|p2a: Gholdengo|spa|1
|faint|p1b: Wazy
|move|p1a: Kloe|Hyper Voice|p2a: Gholdengo|[spread] p2a,p2b
|-resisted|p2a: Gholdengo
|-supereffective|p2b: Garchomp
|-damage|p2a: Gholdengo|32/100
|-damage|p2b: Garchomp|0 fnt
|faint|p2b: Garchomp
|
|upkeep
|
|t:|1756729357
|switch|p2b: Dragonite|Dragonite, L50, F|26/100
|switch|p1b: Lloyd|Garchomp, L50, M|100/100
|turn|6
|
|t:|1756729380
|move|p2b: Dragonite|Extreme Speed|p1a: Kloe
|-damage|p1a: Kloe|0 fnt
|faint|p1a: Kloe
|move|p1b: Lloyd|Stomping Tantrum|p2a: Gholdengo
|-supereffective|p2a: Gholdengo
|-damage|p2a: Gholdengo|0 fnt
|faint|p2a: Gholdengo
|-damage|p1b: Lloyd|91/100|[from] item: Life Orb
|
|upkeep
|turn|7
|
|t:|1756729395
|move|p2b: Dragonite|Extreme Speed|p1b: Lloyd
|-damage|p1b: Lloyd|36/100
|-damage|p2b: Dragonite|13/100|[from] ability: Rough Skin|[of] p1b: Lloyd
|move|p1b: Lloyd|Dragon Claw|p2b: Dragonite
|-supereffective|p2b: Dragonite
|-damage|p2b: Dragonite|0 fnt
|faint|p2b: Dragonite
|-damage|p1b: Lloyd|27/100|[from] item: Life Orb
|
|win|TobiYume
||TobiYume is ready for game 2.
||markusme100 is ready for game 2.
|uhtml|next|Next: Game 2 of 3
|l|☆markusme100
|player|p2|
