|j|☆Eggy’sDad
|j|☆conngudit
|html|Eggy’sDadconngudit    
|uhtml|bestof|Game 1 of a best-of-3
|t:|1786015411
|gametype|doubles
|player|p1|Eggy’sDad|102|1113
|player|p2|conngudit|lucas|1118
|gen|9
|tier|[Gen 9 Champions] VGC 2026 Reg M-B (Bo3)
|rated|
|rule|Species Clause: Limit one of each Pokémon
|rule|Item Clause: Limit 1 of each item
|clearpoke
|poke|p1|Gengar, L50, M, shiny|
|poke|p1|Snorlax, L50, M|
|poke|p1|Incineroar, L50, F, shiny|
|poke|p1|Hawlucha, L50, M|
|poke|p1|Politoed, L50, M|
|poke|p1|Sinistcha-Masterpiece, L50|
|poke|p2|Farigiraf, L50, F, shiny|
|poke|p2|Sylveon, L50, F, shiny|
|poke|p2|Blaziken, L50, F|
|poke|p2|Basculegion, L50, M, shiny|
|poke|p2|Incineroar, L50, M, shiny|
|poke|p2|Arcanine-Hisui, L50, M, shiny|
|teampreview|4
|showteam|p1|Gengar||Gengarite|CursedBody|PerishSong,ShadowBall,Disable,Protect|Timid||M|||50|]Snorlax||Leftovers|ThickFat|Protect,SmackDown,Stockpile,Fissure|Impish||M|||50|]Incineroar||PasshoBerry|Intimidate|FakeOut,Snarl,PartingShot,WillOWisp|Impish||F|||50|]Hawlucha||Hawluchanite|Limber|Detect,CrossChop,DualWingbeat,Entrainment|Jolly||M|||50|]Politoed||SitrusBerry|Drizzle|WeatherBall,Encore,PerishSong,Protect|Modest||M|||50|]Sinistcha-Masterpiece||FocusSash|Hospitality|MatchaGotcha,RagePowder,TrickRoom,Protect|Bold|||||50|
|showteam|p2|Farigiraf||Leftovers|ArmorTail|HyperVoice,TrickRoom,HelpingHand,Thunderbolt|Quiet||F|||50|]Sylveon||FairyFeather|Pixilate|HyperVoice,MysticalFire,Psychic,Protect|Bold||F|||50|]Blaziken||Blazikenite|SpeedBoost|RockSlide,FlareBlitz,CloseCombat,Protect|Adamant||F|||50|]Basculegion||MysticWater|Adaptability|LastRespects,WaveCrash,AquaJet,Protect|Jolly||M|||50|]Incineroar||SitrusBerry|Intimidate|DarkestLariat,FakeOut,PartingShot,FlareBlitz|Adamant||M|||50|]Arcanine-Hisui||LifeOrb|RockHead|CloseCombat,FlareBlitz,HeadSmash,ExtremeSpeed|Jolly||M|||50|
|inactive|Battle timer is ON: inactive players will automatically lose when time's up. (requested by conngudit)
|
|t:|1786015466
|teamsize|p1|4
|teamsize|p2|4
|start
|switch|p1a: Hawlucha|Hawlucha, L50, M|100/100
|switch|p1b: Snorlax|Snorlax, L50, M|100/100
|switch|p2a: Blaziken|Blaziken, L50, F|100/100
|switch|p2b: Incineroar|Incineroar, L50, M, shiny|100/100
|-ability|p2b: Incineroar|Intimidate|boost
|-unboost|p1a: Hawlucha|atk|1
|-unboost|p1b: Snorlax|atk|1
|turn|1
|
|t:|1786015485
|switch|p1a: Incineroar|Incineroar, L50, F, shiny|100/100
|-ability|p1a: Incineroar|Intimidate|boost
|-unboost|p2a: Blaziken|atk|1
|-unboost|p2b: Incineroar|atk|1
|detailschange|p2a: Blaziken|Blaziken-Mega, L50, F
|-mega|p2a: Blaziken|Blaziken|Blazikenite
|move|p2b: Incineroar|Fake Out|p1a: Incineroar
|-damage|p1a: Incineroar|93/100
|move|p2a: Blaziken|Close Combat|p1b: Snorlax
|-supereffective|p1b: Snorlax|1
|-crit|p1b: Snorlax
|-damage|p1b: Snorlax|0 fnt
|-unboost|p2a: Blaziken|def|1
|-unboost|p2a: Blaziken|spd|1
|faint|p1b: Snorlax
|
|-ability|p2a: Blaziken|Speed Boost|boost
|-boost|p2a: Blaziken|spe|1
|upkeep
|
|t:|1786015503
|switch|p1b: Hawlucha|Hawlucha, L50, M|100/100
|turn|2
|
|t:|1786015528
|detailschange|p1b: Hawlucha|Hawlucha-Mega, L50, M
|-mega|p1b: Hawlucha|Hawlucha|Hawluchanite
|move|p2a: Blaziken|Protect|p2a: Blaziken
|-singleturn|p2a: Blaziken|Protect
|move|p1a: Incineroar|Fake Out|p2a: Blaziken
|-activate|p2a: Blaziken|move: Protect
|move|p1b: Hawlucha|Cross Chop|p2b: Incineroar
|-supereffective|p2b: Incineroar|1
|-damage|p2b: Incineroar|19/100
|-enditem|p2b: Incineroar|Sitrus Berry|[eat]
|-heal|p2b: Incineroar|44/100|[from] item: Sitrus Berry
|move|p2b: Incineroar|Flare Blitz|p1b: Hawlucha
|-damage|p1b: Hawlucha|65/100
|-damage|p2b: Incineroar|34/100|[from] Recoil
|
|-ability|p2a: Blaziken|Speed Boost|boost
|-boost|p2a: Blaziken|spe|1
|upkeep
|turn|3
|inactive|Eggy’sDad has 30 seconds left.
|inactive|conngudit has 30 seconds left.
|
|t:|1786015564
|switch|p1a: Sinistcha|Sinistcha-Masterpiece, L50|100/100
|-heal|p1b: Hawlucha|90/100|[from] ability: Hospitality|[of] p1a: Sinistcha
|switch|p2b: Basculegion|Basculegion, L50, M, shiny|100/100
|move|p2a: Blaziken|Flare Blitz|p1b: Hawlucha
|-damage|p1b: Hawlucha|41/100
|-damage|p2a: Blaziken|82/100|[from] Recoil
|move|p1b: Hawlucha|Dual Wingbeat|p2a: Blaziken
|-supereffective|p2a: Blaziken|1
|-damage|p2a: Blaziken|11/100
|-supereffective|p2a: Blaziken|1
|-damage|p2a: Blaziken|0 fnt
|faint|p2a: Blaziken
|-hitcount|p2: Blaziken|2
|
|upkeep
|
|t:|1786015580
|switch|p2a: Incineroar|Incineroar, L50, M, shiny|34/100
|-ability|p2a: Incineroar|Intimidate|boost
|-unboost|p1a: Sinistcha|atk|1
|-unboost|p1b: Hawlucha|atk|1
|turn|4
|
|t:|1786015605
|switch|p1b: Incineroar|Incineroar, L50, F, shiny|93/100
|-ability|p1b: Incineroar|Intimidate|boost
|-unboost|p2a: Incineroar|atk|1
|-unboost|p2b: Basculegion|atk|1
|move|p1a: Sinistcha|Protect|p1a: Sinistcha
|-singleturn|p1a: Sinistcha|Protect
|move|p2b: Basculegion|Last Respects|p1a: Sinistcha
|-activate|p1a: Sinistcha|move: Protect
|move|p2a: Incineroar|Flare Blitz|p1a: Sinistcha
|-activate|p1a: Sinistcha|move: Protect
|
|upkeep
|turn|5
|inactive|Eggy’sDad has 30 seconds left.
|inactive|Eggy’sDad has 20 seconds left.
|inactive|conngudit has 30 seconds left.
|
|t:|1786015646
|move|p1b: Incineroar|Fake Out|p2a: Incineroar
|-damage|p2a: Incineroar|24/100
|move|p2b: Basculegion|Wave Crash|p1b: Incineroar
|-supereffective|p1b: Incineroar|1
|-enditem|p1b: Incineroar|Passho Berry|[eat]
|-enditem|p1b: Incineroar|Passho Berry|[weaken]
|-damage|p1b: Incineroar|53/100
|-damage|p2b: Basculegion|87/100|[from] Recoil
|move|p1a: Sinistcha|Matcha Gotcha|p2b: Basculegion|[spread] p2a,p2b
|-resisted|p2a: Incineroar|1
|-supereffective|p2b: Basculegion|1
|-damage|p2a: Incineroar|14/100
|-damage|p2b: Basculegion|29/100
|-status|p2b: Basculegion|brn
|cant|p2a: Incineroar|flinch
|
|-damage|p2b: Basculegion|23/100 brn|[from] brn
|upkeep
|turn|6
|inactive|Eggy’sDad has 30 seconds left.
|
|t:|1786015680
|move|p1a: Sinistcha|Protect|p1a: Sinistcha
|-singleturn|p1a: Sinistcha|Protect
|move|p2b: Basculegion|Wave Crash|p1b: Incineroar
|-supereffective|p1b: Incineroar|1
|-damage|p1b: Incineroar|15/100
|-damage|p2b: Basculegion|11/100 brn|[from] Recoil
|move|p1b: Incineroar|Parting Shot|p2b: Basculegion
|-unboost|p2b: Basculegion|atk|1
|-unboost|p2b: Basculegion|spa|1
|
|t:|1786015690
|switch|p1b: Hawlucha|Hawlucha-Mega, L50, M|41/100|[from] Parting Shot
|move|p2a: Incineroar|Flare Blitz|p1a: Sinistcha
|-activate|p1a: Sinistcha|move: Protect
|
|-damage|p2b: Basculegion|5/100 brn|[from] brn
|upkeep
|turn|7
|inactive|conngudit has 30 seconds left.
|
|t:|1786015725
|move|p1a: Sinistcha|Rage Powder|p1a: Sinistcha
|-singleturn|p1a: Sinistcha|move: Rage Powder
|move|p1b: Hawlucha|Cross Chop|p2a: Incineroar
|-supereffective|p2a: Incineroar|1
|-crit|p2a: Incineroar
|-damage|p2a: Incineroar|0 fnt
|faint|p2a: Incineroar
|move|p2b: Basculegion|Wave Crash|p1a: Sinistcha
|-resisted|p1a: Sinistcha|1
|-damage|p1a: Sinistcha|92/100
|-damage|p2b: Basculegion|3/100 brn|[from] Recoil
|
|-damage|p2b: Basculegion|0 fnt|[from] brn
|faint|p2b: Basculegion
|upkeep
|
|t:|1786015737
|switch|p2a: Arcanine|Arcanine-Hisui, L50, M, shiny|100/100
|turn|8
|
|t:|1786015762
|switch|p1b: Incineroar|Incineroar, L50, F, shiny|15/100
|-ability|p1b: Incineroar|Intimidate|boost
|-unboost|p2a: Arcanine|atk|1
|move|p1a: Sinistcha|Protect|p1a: Sinistcha
|-singleturn|p1a: Sinistcha|Protect
|move|p2a: Arcanine|Extreme Speed|p1b: Incineroar
|-crit|p1b: Incineroar
|-damage|p1b: Incineroar|0 fnt
|faint|p1b: Incineroar
|-damage|p2a: Arcanine|90/100|[from] item: Life Orb
|
|upkeep
|
|t:|1786015775
|switch|p1b: Hawlucha|Hawlucha-Mega, L50, M|41/100
|turn|9
|
|t:|1786015783
|move|p2a: Arcanine|Extreme Speed|p1b: Hawlucha
|-damage|p1b: Hawlucha|18/100
|-damage|p2a: Arcanine|80/100|[from] item: Life Orb
|move|p1a: Sinistcha|Rage Powder|p1a: Sinistcha
|-singleturn|p1a: Sinistcha|move: Rage Powder
|move|p1b: Hawlucha|Cross Chop|p2a: Arcanine
|-supereffective|p2a: Arcanine|1
|-damage|p2a: Arcanine|0 fnt
|faint|p2a: Arcanine
|
|win|Eggy’sDad
|l|☆conngudit
|player|p2|
|inactive|Eggy’sDad has 30 seconds to confirm battle start!
|inactive|conngudit has 30 seconds to confirm battle start!
||conngudit is ready for game 2.
