|j|☆Cuquabu
|j|☆ERROR BRIOCHE
|html|CuquabuERROR BRIOCHE    
|uhtml|bestof|Game 2 of a best-of-3
|t:|1785290256
|gametype|doubles
|player|p1|Cuquabu|170|1174
|player|p2|ERROR BRIOCHE|allister|1095
|gen|9
|tier|[Gen 9 Champions] VGC 2026 Reg M-B (Bo3)
|rated|
|rule|Species Clause: Limit one of each Pokémon
|rule|Item Clause: Limit 1 of each item
|clearpoke
|poke|p1|Staraptor, L50, M, shiny|
|poke|p1|Milotic, L50, F, shiny|
|poke|p1|Tyranitar, L50, M, shiny|
|poke|p1|Gholdengo, L50, shiny|
|poke|p1|Excadrill, L50, M, shiny|
|poke|p1|Sinistcha, L50, shiny|
|poke|p2|Drampa, L50, M|
|poke|p2|Sinistcha, L50|
|poke|p2|Alakazam, L50, F, shiny|
|poke|p2|Pelipper, L50, F, shiny|
|poke|p2|Basculegion, L50, M, shiny|
|poke|p2|Scizor, L50, F, shiny|
|teampreview|4
|showteam|p1|Staraptor||Staraptite|Intimidate|BraveBird,CloseCombat,Tailwind,Protect|Jolly||M|||50|]Milotic||SitrusBerry|Competitive|Scald,IceBeam,IcyWind,Recover|Modest||F|||50|]Tyranitar||Tyranitarite|SandStream|RockSlide,KnockOff,LowKick,Protect|Adamant||M|||50|]Gholdengo||LifeOrb|GoodasGold|ShadowBall,MakeItRain,NastyPlot,Protect|Modest|||||50|]Excadrill||FocusSash|SandRush|HighHorsepower,IronHead,RockSlide,Protect|Adamant||M|||50|]Sinistcha||ColburBerry|Hospitality|MatchaGotcha,RagePowder,TrickRoom,Protect|Bold|||||50|
|showteam|p2|Drampa||Drampanite|CloudNine|EarthPower,HyperVoice,CalmMind,Protect|Modest||M|||50|]Sinistcha||SitrusBerry|Hospitality|MatchaGotcha,RagePowder,LifeDew,TrickRoom|Bold|||||50|]Alakazam||ColburBerry|InnerFocus|Psychic,Reflect,LightScreen,SpeedSwap|Timid||F|||50|]Pelipper||FocusSash|Drizzle|WeatherBall,Hurricane,Tailwind,Protect|Timid||F|||50|]Basculegion||MysticWater|SwiftSwim|AquaJet,LastRespects,WaveCrash,Protect|Jolly||M|||50|]Scizor||Scizorite|Technician|BulletPunch,BugBite,SwordsDance,Protect|Adamant||F|||50|
|inactive|Battle timer is ON: inactive players will automatically lose when time's up. (requested by ERROR BRIOCHE)
|inactive|Cuquabu has 60 seconds left.
|inactive|ERROR BRIOCHE has 60 seconds left.
|inactive|Cuquabu has 30 seconds left.
|
|t:|1785290318
|teamsize|p1|4
|teamsize|p2|4
|start
|switch|p1a: Milotic|Milotic, L50, F, shiny|100/100
|switch|p1b: Tyranitar|Tyranitar, L50, M, shiny|100/100
|switch|p2a: Scizor|Scizor, L50, F, shiny|100/100
|switch|p2b: Drampa|Drampa, L50, M|100/100
|-weather|Sandstorm|[from] ability: Sand Stream|[of] p1b: Tyranitar
|-ability|p2b: Drampa|Cloud Nine
|turn|1
|inactive|Cuquabu has 30 seconds left.
|
|t:|1785290346
|switch|p1b: Gholdengo|Gholdengo, L50, shiny|100/100
|move|p1a: Milotic|Icy Wind|p2b: Drampa|[spread] p2a,p2b
|-resisted|p2a: Scizor|1
|-supereffective|p2b: Drampa|1
|-damage|p2a: Scizor|93/100
|-damage|p2b: Drampa|74/100
|-unboost|p2a: Scizor|spe|1
|-unboost|p2b: Drampa|spe|1
|move|p2a: Scizor|Swords Dance|p2a: Scizor
|-boost|p2a: Scizor|atk|2
|move|p2b: Drampa|Calm Mind|p2b: Drampa
|-boost|p2b: Drampa|spa|1
|-boost|p2b: Drampa|spd|1
|
|-weather|Sandstorm|[upkeep]
|upkeep
|turn|2
|
|t:|1785290368
|move|p1b: Gholdengo|Shadow Ball|p2a: Scizor
|-damage|p2a: Scizor|26/100
|-damage|p1b: Gholdengo|90/100|[from] item: Life Orb
|move|p1a: Milotic|Scald|p2a: Scizor
|-damage|p2a: Scizor|0 fnt
|faint|p2a: Scizor
|move|p2b: Drampa|Earth Power|p1b: Gholdengo
|-supereffective|p1b: Gholdengo|1
|-damage|p1b: Gholdengo|0 fnt
|faint|p1b: Gholdengo
|
|-weather|Sandstorm|[upkeep]
|upkeep
|
|t:|1785290381
|switch|p1b: Sinistcha|Sinistcha, L50, shiny|100/100
|switch|p2a: Pelipper|Pelipper, L50, F, shiny|100/100
|-weather|RainDance|[from] ability: Drizzle|[of] p2a: Pelipper
|turn|3
|
|t:|1785290401
|detailschange|p2b: Drampa|Drampa-Mega, L50, M
|-mega|p2b: Drampa|Drampa|Drampanite
|move|p1b: Sinistcha|Protect|p1b: Sinistcha
|-singleturn|p1b: Sinistcha|Protect
|move|p2a: Pelipper|Hurricane|p1b: Sinistcha
|-activate|p1b: Sinistcha|move: Protect
|move|p1a: Milotic|Icy Wind|p2a: Pelipper|[spread] p2a,p2b
|-supereffective|p2b: Drampa|1
|-damage|p2a: Pelipper|79/100
|-damage|p2b: Drampa|61/100
|-unboost|p2a: Pelipper|spe|1
|-unboost|p2b: Drampa|spe|1
|move|p2b: Drampa|Hyper Voice|p1b: Sinistcha|[spread] p1a
|-activate|p1b: Sinistcha|move: Protect
|-damage|p1a: Milotic|53/100
|
|-weather|RainDance|[upkeep]
|upkeep
|turn|4
|
|t:|1785290423
|switch|p2a: Basculegion|Basculegion, L50, M, shiny|100/100
|move|p1a: Milotic|Recover|p1a: Milotic
|-heal|p1a: Milotic|100/100
|move|p1b: Sinistcha|Matcha Gotcha|p2a: Basculegion|[spread] p2a,p2b
|-supereffective|p2a: Basculegion|1
|-resisted|p2b: Drampa|1
|-damage|p2a: Basculegion|48/100
|-damage|p2b: Drampa|54/100
|move|p2b: Drampa|Hyper Voice|p1b: Sinistcha|[spread] p1a
|-immune|p1b: Sinistcha
|-crit|p1a: Milotic
|-damage|p1a: Milotic|26/100
|-enditem|p1a: Milotic|Sitrus Berry|[eat]
|-heal|p1a: Milotic|51/100|[from] item: Sitrus Berry
|
|-weather|RainDance|[upkeep]
|upkeep
|turn|5
|inactive|Cuquabu has 30 seconds left.
|
|t:|1785290453
|switch|p1a: Tyranitar|Tyranitar, L50, M, shiny|100/100
|-weather|Sandstorm|[from] ability: Sand Stream|[of] p1a: Tyranitar
|move|p2a: Basculegion|Last Respects|p1b: Sinistcha
|-supereffective|p1b: Sinistcha|1
|-damage|p1b: Sinistcha|25/100
|move|p1b: Sinistcha|Matcha Gotcha|p2b: Drampa|[spread] p2a,p2b
|-supereffective|p2a: Basculegion|1
|-resisted|p2b: Drampa|1
|-damage|p2a: Basculegion|0 fnt
|-heal|p1b: Sinistcha|52/100|[from] drain|[of] p2a: Basculegion
|-damage|p2b: Drampa|48/100
|-heal|p1b: Sinistcha|56/100|[from] drain|[of] p2b: Drampa
|faint|p2a: Basculegion
|-ability|p2b: Drampa|Berserk|boost
|-boost|p2b: Drampa|spa|1
|move|p2b: Drampa|Hyper Voice|p1a: Tyranitar|[spread] p1a
|-immune|p1b: Sinistcha
|-resisted|p1a: Tyranitar|1
|-damage|p1a: Tyranitar|71/100
|
|-weather|Sandstorm|[upkeep]
|-damage|p1b: Sinistcha|50/100y|[from] Sandstorm
|-damage|p2b: Drampa|42/100|[from] Sandstorm
|upkeep
|
|t:|1785290469
|switch|p2a: Pelipper|Pelipper, L50, F, shiny|79/100
|-weather|RainDance|[from] ability: Drizzle|[of] p2a: Pelipper
|turn|6
|j| soulmoonvgc
|
|t:|1785290482
|detailschange|p1a: Tyranitar|Tyranitar-Mega, L50, M, shiny
|-mega|p1a: Tyranitar|Tyranitar|Tyranitarite
|-weather|Sandstorm|[from] ability: Sand Stream|[of] p1a: Tyranitar
|move|p2a: Pelipper|Weather Ball|p1a: Tyranitar
|-damage|p1a: Tyranitar|57/100
|move|p1a: Tyranitar|Rock Slide|p2a: Pelipper|[spread] p2a,p2b
|-supereffective|p2a: Pelipper|1
|-damage|p2a: Pelipper|0 fnt
|-damage|p2b: Drampa|14/100
|faint|p2a: Pelipper
|move|p1b: Sinistcha|Matcha Gotcha|p2b: Drampa
|-resisted|p2b: Drampa|1
|-damage|p2b: Drampa|4/100
|-heal|p1b: Sinistcha|55/100|[from] drain|[of] p2b: Drampa
|move|p2b: Drampa|Hyper Voice|p1a: Tyranitar|[spread] p1a
|-immune|p1b: Sinistcha
|-resisted|p1a: Tyranitar|1
|-damage|p1a: Tyranitar|34/100
|
|-weather|Sandstorm|[upkeep]
|-damage|p1b: Sinistcha|48/100|[from] Sandstorm
|-damage|p2b: Drampa|0 fnt|[from] Sandstorm
|faint|p2b: Drampa
|
|win|Cuquabu
|raw|Cuquabu's rating: 1174 → 1193(+19 for winning)
|raw|ERROR BRIOCHE's rating: 1095 → 1076(-19 for losing)
