|j|☆huntr/x rumi
|j|☆That_Leek
|html|huntr/x rumiThat_Leek    
|uhtml|bestof|Game 2 of a best-of-3
|t:|1755410226
|gametype|doubles
|player|p1|huntr/x rumi|guitarist|1183
|player|p2|That_Leek|blue-masters|1191
|gen|9
|tier|[Gen 9] VGC 2025 Reg H (Bo3)
|rated|
|rule|Species Clause: Limit one of each Pokémon
|rule|Item Clause: Limit 1 of each item
|clearpoke
|poke|p1|Whimsicott, L50, F|
|poke|p1|Gholdengo, L50|
|poke|p1|Garchomp, L50, F|
|poke|p1|Ditto, L50|
|poke|p1|Incineroar, L50, F|
|poke|p1|Milotic, L50, M|
|poke|p2|Incineroar, L50, M|
|poke|p2|Gholdengo, L50|
|poke|p2|Dragonite, L50, M|
|poke|p2|Amoonguss, L50, M|
|poke|p2|Ursaluna-Bloodmoon, L50, M|
|poke|p2|Gallade, L50, M|
|teampreview|4
|showteam|p1|Whimsicott||FocusSash|Prankster|Protect,Moonblast,Tailwind,Encore|||F|||50|,,,,,Ghost]Gholdengo||ChoiceSpecs|GoodasGold|MakeItRain,ShadowBall,Protect,Trick||||||50|,,,,,Steel]Garchomp||LifeOrb|RoughSkin|Protect,StompingTantrum,DragonClaw,Earthquake|||F|||50|,,,,,Ground]Ditto||CovertCloak|Imposter|Transform||||||50|,,,,,Grass]Incineroar||SafetyGoggles|Intimidate|FakeOut,FlareBlitz,KnockOff,PartingShot|||F|||50|,,,,,Ghost]Milotic||SitrusBerry|Competitive|Protect,Scald,IceBeam,Haze|||M|||50|,,,,,Grass
|showteam|p2|Incineroar||SafetyGoggles|Intimidate|FakeOut,FlareBlitz,KnockOff,PartingShot|||M|||50|,,,,,Water]Gholdengo||LifeOrb|GoodasGold|MakeItRain,ShadowBall,NastyPlot,Protect||||||50|,,,,,Dragon]Dragonite||LoadedDice|Multiscale|Tailwind,StompingTantrum,ScaleShot,Protect|||M|||50|,,,,,Fairy]Amoonguss||SitrusBerry|Regenerator|PollenPuff,Spore,RagePowder,Protect|||M|||50|,,,,,Fairy]Ursaluna-Bloodmoon||AssaultVest|MindsEye|VacuumWave,BloodMoon,HyperVoice,EarthPower|||M|||50|,,,,,Ghost]Gallade||FocusSash|Sharpness|TrickRoom,SacredSword,WideGuard,PsychoCut|||M|||50|,,,,,Fairy
|
|t:|1755410239
|teamsize|p1|4
|teamsize|p2|4
|start
|switch|p1a: Gholdengo|Gholdengo, L50|100/100
|switch|p1b: Garchomp|Garchomp, L50, F|100/100
|switch|p2a: Dragonite|Dragonite, L50, M|100/100
|switch|p2b: Gallade|Gallade, L50, M|100/100
|turn|1
|
|t:|1755410258
|-terastallize|p2a: Dragonite|Fairy
|move|p2b: Gallade|Wide Guard|p2b: Gallade
|-singleturn|p2b: Gallade|Wide Guard
|move|p1b: Garchomp|Dragon Claw|p2a: Dragonite
|-immune|p2a: Dragonite
|move|p1a: Gholdengo|Make It Rain|p2b: Gallade|[spread] 
|-activate|p2a: Dragonite|move: Wide Guard
|-activate|p2b: Gallade|move: Wide Guard
|move|p2a: Dragonite|Scale Shot|p1b: Garchomp
|-supereffective|p1b: Garchomp
|-damage|p1b: Garchomp|71/100
|-supereffective|p1b: Garchomp
|-damage|p1b: Garchomp|41/100
|-supereffective|p1b: Garchomp
|-damage|p1b: Garchomp|11/100
|-supereffective|p1b: Garchomp
|-damage|p1b: Garchomp|0 fnt
|faint|p1b: Garchomp
|-hitcount|p1: Garchomp|4
|-unboost|p2a: Dragonite|def|1
|-boost|p2a: Dragonite|spe|1
|
|upkeep
|
|t:|1755410262
|switch|p1b: Incineroar|Incineroar, L50, F|100/100
|-ability|p1b: Incineroar|Intimidate|boost
|-unboost|p2a: Dragonite|atk|1
|-unboost|p2b: Gallade|atk|1
|turn|2
|
|t:|1755410269
|switch|p2b: Incineroar|Incineroar, L50, M|100/100
|-ability|p2b: Incineroar|Intimidate|boost
|-unboost|p1a: Gholdengo|atk|1
|-unboost|p1b: Incineroar|atk|1
|move|p2a: Dragonite|Protect|p2a: Dragonite
|-singleturn|p2a: Dragonite|Protect
|move|p1b: Incineroar|Fake Out|p2b: Incineroar
|-damage|p2b: Incineroar|94/100
|move|p1a: Gholdengo|Make It Rain|p2a: Dragonite|[spread] p2b
|-activate|p2a: Dragonite|move: Protect
|-resisted|p2b: Incineroar
|-crit|p2b: Incineroar
|-damage|p2b: Incineroar|46/100
|-unboost|p1a: Gholdengo|spa|1
|
|upkeep
|turn|3
|
|t:|1755410278
|move|p2a: Dragonite|Tailwind|p2a: Dragonite
|-sidestart|p2: That_Leek|move: Tailwind
|move|p2b: Incineroar|Flare Blitz|p1a: Gholdengo
|-supereffective|p1a: Gholdengo
|-damage|p1a: Gholdengo|0 fnt
|faint|p1a: Gholdengo
|-damage|p2b: Incineroar|19/100|[from] Recoil
|move|p1b: Incineroar|Parting Shot|p2b: Incineroar
|-unboost|p2b: Incineroar|atk|1
|-unboost|p2b: Incineroar|spa|1
|
|t:|1755410282
|switch|p1b: Milotic|Milotic, L50, M, shiny|100/100|[from] Parting Shot
|
|upkeep
|
|t:|1755410283
|switch|p1a: Incineroar|Incineroar, L50, F|100/100
|-ability|p1a: Incineroar|Intimidate|boost
|-unboost|p2a: Dragonite|atk|1
|-unboost|p2b: Incineroar|atk|1
|turn|4
|
|t:|1755410291
|switch|p2a: Gallade|Gallade, L50, M|100/100
|move|p1a: Incineroar|Fake Out|p2b: Incineroar
|-damage|p2b: Incineroar|9/100
|cant|p2b: Incineroar|flinch
|move|p1b: Milotic|Scald|p2a: Gallade
|-damage|p2a: Gallade|58/100
|-status|p2a: Gallade|brn
|
|-damage|p2a: Gallade|52/100 brn|[from] brn
|upkeep
|turn|5
|
|t:|1755410304
|-terastallize|p1a: Incineroar|Ghost
|move|p2a: Gallade|Sacred Sword|p1b: Milotic
|-damage|p1b: Milotic|65/100
|move|p2b: Incineroar|Knock Off|p1b: Milotic
|-damage|p1b: Milotic|46/100
|-enditem|p1b: Milotic|Sitrus Berry|[from] move: Knock Off|[of] p2b: Incineroar
|move|p1b: Milotic|Scald|p2a: Gallade
|-damage|p2a: Gallade|12/100 brn
|move|p1a: Incineroar|Flare Blitz|p2a: Gallade
|-damage|p2a: Gallade|0 fnt
|faint|p2a: Gallade
|-damage|p1a: Incineroar|98/100|[from] Recoil
|
|upkeep
|
|t:|1755410310
|switch|p2a: Ursaluna|Ursaluna-Bloodmoon, L50, M|100/100
|turn|6
|-message|huntr/x rumi forfeited.
|
|win|That_Leek
|raw|huntr/x rumi's rating: 1183 → 1159(-24 for losing)
|raw|That_Leek's rating: 1191 → 1215(+24 for winning)
|l|☆huntr/x rumi
|player|p1|
