|j|☆lucrativelom
|j|☆Declan777
|html|lucrativelomDeclan777    
|uhtml|bestof|Game 1 of a best-of-3
|t:|1784051141
|gametype|doubles
|player|p1|lucrativelom|101|1112
|player|p2|Declan777|unknown|1013
|gen|9
|tier|[Gen 9 Champions] VGC 2026 Reg M-B (Bo3)
|rated|
|rule|Species Clause: Limit one of each Pokémon
|rule|Item Clause: Limit 1 of each item
|clearpoke
|poke|p1|Sinistcha, L50|
|poke|p1|Aerodactyl, L50, F, shiny|
|poke|p1|Venusaur, L50, F|
|poke|p1|Incineroar, L50, F|
|poke|p1|Empoleon, L50, M, shiny|
|poke|p1|Garchomp, L50, F|
|poke|p2|Ampharos, L50, F|
|poke|p2|Sinistcha, L50|
|poke|p2|Metagross, L50, shiny|
|poke|p2|Toxapex, L50, M|
|poke|p2|Ceruledge, L50, M|
|poke|p2|Tauros-Paldea-Aqua, L50, M|
|teampreview|4
|showteam|p1|Sinistcha||KasibBerry|Hospitality|MatchaGotcha,RagePowder,LifeDew,TrickRoom|Sassy|||||50|]Aerodactyl||FocusSash|Unnerve|RockSlide,DualWingbeat,Tailwind,Protect|Jolly||F|||50|]Venusaur||Venusaurite|Chlorophyll|GigaDrain,EarthPower,SludgeBomb,Protect|Modest||F|||50|]Incineroar||SitrusBerry|Intimidate|FakeOut,DarkestLariat,FireBlast,PartingShot|Calm||F|||50|]Empoleon||Leftovers|Competitive|FlashCannon,HydroPump,IceBeam,Protect|Modest||M|||50|]Garchomp||LifeOrb|RoughSkin|DragonClaw,Earthquake,RockSlide,Protect|Jolly||F|||50|
|showteam|p2|Ampharos||Ampharosite|Static|CottonGuard,Thunderbolt,DragonPulse,Protect|Modest||F|||50|]Sinistcha||SitrusBerry|Hospitality|TrickRoom,MatchaGotcha,LifeDew,Protect|Bold|||||50|]Metagross||Metagrossite|ClearBody|IronHead,BulletPunch,PsychicFangs,Protect|Jolly|||||50|]Toxapex||Leftovers|Regenerator|Toxic,BanefulBunker,Infestation,WideGuard|Sassy||M|||50|]Ceruledge||ColburBerry|FlashFire|BitterBlade,BulkUp,ShadowSneak,Protect|Jolly||M|||50|]Tauros-Paldea-Aqua||LifeOrb|Intimidate|AquaJet,CloseCombat,WaveCrash,Protect|Jolly||M|||50|
|inactive|Battle timer is ON: inactive players will automatically lose when time's up. (requested by lucrativelom)
|
|t:|1784051221
|teamsize|p1|4
|teamsize|p2|4
|start
|switch|p1a: Incineroar|Incineroar, L50, F|100/100
|switch|p1b: Aerodactyl|Aerodactyl, L50, F, shiny|100/100
|switch|p2a: Toxapex|Toxapex, L50, M|100/100
|switch|p2b: Ampharos|Ampharos, L50, F|100/100
|-ability|p1b: Aerodactyl|Unnerve
|-ability|p1a: Incineroar|Intimidate|boost
|-unboost|p2a: Toxapex|atk|1
|-unboost|p2b: Ampharos|atk|1
|turn|1
|
|t:|1784051242
|detailschange|p2b: Ampharos|Ampharos-Mega, L50, F
|-mega|p2b: Ampharos|Ampharos|Ampharosite
|-ability|p2b: Ampharos|Mold Breaker
|move|p2b: Ampharos|Protect|p2b: Ampharos
|-singleturn|p2b: Ampharos|Protect
|move|p1a: Incineroar|Fake Out|p2b: Ampharos
|-activate|p2b: Ampharos|move: Protect
|move|p1b: Aerodactyl|Rock Slide|p2b: Ampharos|[spread] p2a
|-activate|p2b: Ampharos|move: Protect
|-damage|p2a: Toxapex|80/100
|cant|p2a: Toxapex|flinch
|
|-heal|p2a: Toxapex|86/100|[from] item: Leftovers
|upkeep
|turn|2
|inactive|lucrativelom has 30 seconds left.
|inactive|Declan777 has 30 seconds left.
|inactive|Declan777 has 20 seconds left.
|inactive|Declan777 has 15 seconds left.
|inactive|Declan777 has 10 seconds left.
|
|t:|1784051287
|move|p1b: Aerodactyl|Dual Wingbeat|p2a: Toxapex
|-damage|p2a: Toxapex|72/100
|-damage|p2a: Toxapex|60/100
|-hitcount|p2a: Toxapex|2
|move|p1a: Incineroar|Parting Shot|p2b: Ampharos
|-unboost|p2b: Ampharos|atk|1
|-unboost|p2b: Ampharos|spa|1
|
|t:|1784051296
|switch|p1a: Venusaur|Venusaur, L50, F|100/100|[from] Parting Shot
|move|p2b: Ampharos|Cotton Guard|p2b: Ampharos
|-boost|p2b: Ampharos|def|3
|move|p2a: Toxapex|Toxic|p1a: Venusaur
|-immune|p1a: Venusaur
|
|-heal|p2a: Toxapex|66/100|[from] item: Leftovers
|upkeep
|turn|3
|inactive|Declan777 has 30 seconds left.
|inactive|Declan777 has 20 seconds left.
|
|t:|1784051333
|-heal|p2a: Toxapex|99/100|[from] ability: Regenerator|[silent]
|switch|p2a: Tauros|Tauros-Paldea-Aqua, L50, M|100/100
|-ability|p2a: Tauros|Intimidate|boost
|-unboost|p1a: Venusaur|atk|1
|-unboost|p1b: Aerodactyl|atk|1
|detailschange|p1a: Venusaur|Venusaur-Mega, L50, F
|-mega|p1a: Venusaur|Venusaur|Venusaurite
|move|p1b: Aerodactyl|Tailwind|p1b: Aerodactyl
|-sidestart|p1: lucrativelom|move: Tailwind
|move|p1a: Venusaur|Earth Power|p2b: Ampharos
|-supereffective|p2b: Ampharos|1
|-damage|p2b: Ampharos|49/100
|move|p2b: Ampharos|Dragon Pulse|p1a: Venusaur
|-damage|p1a: Venusaur|67/100
|
|upkeep
|turn|4
|inactive|Declan777 has 30 seconds left.
|
|t:|1784051366
|move|p2b: Ampharos|Protect|p2b: Ampharos
|-singleturn|p2b: Ampharos|Protect
|move|p2a: Tauros|Aqua Jet|p1b: Aerodactyl
|-supereffective|p1b: Aerodactyl|1
|-damage|p1b: Aerodactyl|23/100
|-damage|p2a: Tauros|90/100|[from] item: Life Orb
|move|p1b: Aerodactyl|Rock Slide|p2b: Ampharos|[spread] p2a
|-activate|p2b: Ampharos|move: Protect
|-resisted|p2a: Tauros|1
|-damage|p2a: Tauros|80/100
|move|p1a: Venusaur|Giga Drain|p2a: Tauros
|-supereffective|p2a: Tauros|1
|-damage|p2a: Tauros|0 fnt
|-heal|p1a: Venusaur|100/100|[from] drain|[of] p2a: Tauros
|faint|p2a: Tauros
|
|upkeep
|
|t:|1784051376
|switch|p2a: Ceruledge|Ceruledge, L50, M|100/100
|turn|5
|
|t:|1784051395
|move|p2a: Ceruledge|Shadow Sneak|p1b: Aerodactyl
|-damage|p1b: Aerodactyl|0 fnt
|faint|p1b: Aerodactyl
|move|p1a: Venusaur|Earth Power|p2a: Ceruledge
|-supereffective|p2a: Ceruledge|1
|-damage|p2a: Ceruledge|24/100
|move|p2b: Ampharos|Dragon Pulse|p1a: Venusaur
|-damage|p1a: Venusaur|64/100
|
|upkeep
|
|t:|1784051404
|switch|p1b: Empoleon|Empoleon, L50, M, shiny|100/100
|turn|6
|
|t:|1784051415
|move|p2a: Ceruledge|Protect|p2a: Ceruledge
|-singleturn|p2a: Ceruledge|Protect
|move|p2b: Ampharos|Protect|p2b: Ampharos
|-singleturn|p2b: Ampharos|Protect
|move|p1a: Venusaur|Earth Power|p2a: Ceruledge
|-activate|p2a: Ceruledge|move: Protect
|move|p1b: Empoleon|Ice Beam|p2b: Ampharos
|-activate|p2b: Ampharos|move: Protect
|
|-sideend|p1: lucrativelom|move: Tailwind
|upkeep
|turn|7
|inactive|lucrativelom has 30 seconds left.
|inactive|lucrativelom has 20 seconds left.
|
|t:|1784051451
|move|p2a: Ceruledge|Bitter Blade|p1a: Venusaur
|-supereffective|p1a: Venusaur|1
|-damage|p1a: Venusaur|23/100
|-heal|p2a: Ceruledge|47/100|[from] drain|[of] p1a: Venusaur
|move|p1a: Venusaur|Earth Power|p2a: Ceruledge
|-supereffective|p2a: Ceruledge|1
|-damage|p2a: Ceruledge|0 fnt
|faint|p2a: Ceruledge
|move|p1b: Empoleon|Ice Beam|p2b: Ampharos
|-supereffective|p2b: Ampharos|1
|-damage|p2b: Ampharos|0 fnt
|faint|p2b: Ampharos
|
|upkeep
|-message|Declan777 forfeited.
|
|win|lucrativelom
