|j|☆Harry Koekenpan
|j|☆ultrashxt
|html|Harry Koekenpanultrashxt    
|uhtml|bestof|Game 3 of a best-of-3
|t:|1756833822
|gametype|doubles
|player|p1|Harry Koekenpan|101|1140
|player|p2|ultrashxt|sabrina|1173
|gen|9
|tier|[Gen 9] VGC 2025 Reg H (Bo3)
|rated|
|rule|Species Clause: Limit one of each Pokémon
|rule|Item Clause: Limit 1 of each item
|clearpoke
|poke|p1|Dondozo, L50, F|
|poke|p1|Tatsugiri, L50, F|
|poke|p1|Talonflame, L50, F|
|poke|p1|Ursaluna-Bloodmoon, L50, M|
|poke|p1|Sneasler, L50, M|
|poke|p1|Indeedee, L50, M|
|poke|p2|Excadrill, L50, F|
|poke|p2|Garchomp, L50, F|
|poke|p2|Tyranitar, L50, M|
|poke|p2|Rillaboom, L50, M|
|poke|p2|Bronzong, L50|
|poke|p2|Archaludon, L50, M|
|teampreview|4
|showteam|p1|Dondozo||Leftovers|Unaware|WaveCrash,HeavySlam,OrderUp,Protect|||F|||50|,,,,,Steel]Tatsugiri||ChoiceScarf|Commander|MuddyWater,IcyWind,DragonPulse,DracoMeteor|||F|||50|,,,,,Stellar]Talonflame||CovertCloak|GaleWings|FlareBlitz,Tailwind,Taunt,DualWingbeat|||F|||50|,,,,,Grass]Ursaluna-Bloodmoon||LifeOrb|MindsEye|HyperVoice,BloodMoon,EarthPower,Protect|||M|||50|,,,,,Normal]Sneasler||PsychicSeed|Unburden|DireClaw,ThroatChop,CloseCombat,Protect|||M|||50|,,,,,Dark]Indeedee||FocusSash|PsychicSurge|ExpandingForce,TrickRoom,Imprison,HelpingHand|||M|||50|,,,,,Psychic
|showteam|p2|Excadrill||FocusSash|SandRush|HighHorsepower,IronHead,Protect,SwordsDance|||F|||50|,,,,,Grass]Garchomp||LifeOrb|SandVeil|Protect,Earthquake,PoisonJab,Outrage|||F|||50|,,,,,Poison]Tyranitar||ClearAmulet|SandStream|Protect,RockSlide,KnockOff,TeraBlast|||M|||50|,,,,,Flying]Rillaboom||AssaultVest|GrassySurge|FakeOut,GrassyGlide,Uturn,WoodHammer|||M|||50|,,,,,Water]Bronzong||MentalHerb|Levitate|TrickRoom,GyroBall,BodyPress,SkillSwap||||||50|,,,,,Fighting]Archaludon||PowerHerb|Stalwart|ElectroShot,Protect,FlashCannon,DracoMeteor|||M|||50|,,,,,Flying
|inactive|Battle timer is ON: inactive players will automatically lose when time's up. (requested by Harry Koekenpan)
|inactive|ultrashxt has 60 seconds left.
|
|t:|1756833861
|teamsize|p1|4
|teamsize|p2|4
|start
|switch|p1a: Sneasler|Sneasler, L50, M|100/100
|switch|p1b: Indeedee|Indeedee, L50, M|100/100
|switch|p2a: mr jawsum|Garchomp, L50, F|100/100
|switch|p2b: bellbert|Bronzong, L50|100/100
|-fieldstart|move: Psychic Terrain|[from] ability: Psychic Surge|[of] p1b: Indeedee
|-enditem|p1a: Sneasler|Psychic Seed
|-boost|p1a: Sneasler|spd|1|[from] item: Psychic Seed
|turn|1
|inactive|Harry Koekenpan has 30 seconds left.
|inactive|ultrashxt has 30 seconds left.
|
|t:|1756833896
|switch|p2a: 5 Big Booms|Rillaboom, L50, M|100/100
|-fieldstart|move: Grassy Terrain|[from] ability: Grassy Surge|[of] p2a: 5 Big Booms
|move|p1a: Sneasler|Close Combat|p2b: bellbert
|-damage|p2b: bellbert|46/100
|-unboost|p1a: Sneasler|def|1
|-unboost|p1a: Sneasler|spd|1
|move|p1b: Indeedee|Expanding Force|p2b: bellbert
|-resisted|p2b: bellbert
|-damage|p2b: bellbert|39/100
|move|p2b: bellbert|Gyro Ball|p1b: Indeedee
|-damage|p1b: Indeedee|17/100
|
|-heal|p1b: Indeedee|23/100|[from] Grassy Terrain
|upkeep
|turn|2
|
|t:|1756833915
|switch|p1b: Talonflame|Talonflame, L50, F|100/100
|move|p1a: Sneasler|Protect|p1a: Sneasler
|-singleturn|p1a: Sneasler|Protect
|move|p2a: 5 Big Booms|Fake Out|p1a: Sneasler
|-activate|p1a: Sneasler|move: Protect
|move|p2b: bellbert|Body Press|p1b: Talonflame
|-resisted|p1b: Talonflame
|-crit|p1b: Talonflame
|-damage|p1b: Talonflame|72/100
|
|upkeep
|turn|3
|inactive|ultrashxt has 30 seconds left.
|inactive|ultrashxt has 20 seconds left.
|inactive|ultrashxt has 15 seconds left.
|inactive|ultrashxt has 10 seconds left.
|
|t:|1756833962
|switch|p2a: mr jawsum|Garchomp, L50, F|100/100
|switch|p2b: shin|Tyranitar, L50, M|100/100
|-weather|Sandstorm|[from] ability: Sand Stream|[of] p2b: shin
|move|p1a: Sneasler|Dire Claw|p2a: mr jawsum|[miss]
|-miss|p1a: Sneasler|p2a: mr jawsum
|move|p1b: Talonflame|Flare Blitz|p2b: shin
|-resisted|p2b: shin
|-damage|p2b: shin|80/100
|-damage|p1b: Talonflame|63/100|[from] Recoil
|
|-weather|Sandstorm|[upkeep]
|-damage|p1a: Sneasler|95/100|[from] Sandstorm
|-damage|p1b: Talonflame|57/100|[from] Sandstorm
|-heal|p1a: Sneasler|100/100|[from] Grassy Terrain
|-heal|p2b: shin|86/100|[from] Grassy Terrain
|upkeep
|turn|4
|inactive|Harry Koekenpan has 30 seconds left.
|inactive|ultrashxt has 30 seconds left.
|
|t:|1756833994
|move|p2b: shin|Protect|p2b: shin
|-singleturn|p2b: shin|Protect
|move|p1a: Sneasler|Dire Claw|p2b: shin
|-activate|p2b: shin|move: Protect
|move|p1b: Talonflame|Tailwind|p1b: Talonflame
|-sidestart|p1: Harry Koekenpan|move: Tailwind
|move|p2a: mr jawsum|Outrage|p1b: Talonflame
|-damage|p1b: Talonflame|0 fnt
|faint|p1b: Talonflame
|-damage|p2a: mr jawsum|91/100|[from] item: Life Orb
|
|-weather|Sandstorm|[upkeep]
|-damage|p1a: Sneasler|95/100|[from] Sandstorm
|-heal|p1a: Sneasler|100/100|[from] Grassy Terrain
|-heal|p2a: mr jawsum|97/100|[from] Grassy Terrain
|-heal|p2b: shin|92/100|[from] Grassy Terrain
|upkeep
|
|t:|1756834011
|switch|p1b: Ursaluna|Ursaluna-Bloodmoon, L50, M|100/100
|turn|5
|
|t:|1756834030
|-terastallize|p1b: Ursaluna|Normal
|-terastallize|p2b: shin|Flying
|move|p1a: Sneasler|Dire Claw|p2b: shin
|-damage|p2b: shin|56/100
|-status|p2b: shin|par
|move|p1b: Ursaluna|Blood Moon|p2a: mr jawsum|[miss]
|-miss|p1b: Ursaluna|p2a: mr jawsum
|move|p2a: mr jawsum|Outrage|p1a: Sneasler|[from] lockedmove
|-damage|p1a: Sneasler|0 fnt
|faint|p1a: Sneasler
|-damage|p2a: mr jawsum|87/100|[from] item: Life Orb
|move|p2b: shin|Tera Blast|p1b: Ursaluna|[anim] Tera Blast Flying
|-damage|p1b: Ursaluna|65/100
|
|-weather|Sandstorm|[upkeep]
|-damage|p1b: Ursaluna|59/100|[from] Sandstorm
|-damage|p2b: shin|50/100 par|[from] Sandstorm
|-heal|p1b: Ursaluna|65/100|[from] Grassy Terrain
|-heal|p2a: mr jawsum|93/100|[from] Grassy Terrain
|-fieldend|move: Grassy Terrain
|upkeep
|
|t:|1756834052
|switch|p1a: Indeedee|Indeedee, L50, M|23/100
|-fieldstart|move: Psychic Terrain|[from] ability: Psychic Surge|[of] p1a: Indeedee
|turn|6
|
|t:|1756834072
|switch|p2b: 5 Big Booms|Rillaboom, L50, M|100/100
|-fieldstart|move: Grassy Terrain|[from] ability: Grassy Surge|[of] p2b: 5 Big Booms
|move|p1a: Indeedee|Expanding Force|p2a: mr jawsum|[miss]
|-miss|p1a: Indeedee|p2a: mr jawsum
|move|p1b: Ursaluna|Hyper Voice|p2b: 5 Big Booms|[spread] p2a,p2b
|-damage|p2a: mr jawsum|26/100
|-damage|p2b: 5 Big Booms|52/100
|-damage|p1b: Ursaluna|56/100|[from] item: Life Orb
|move|p2a: mr jawsum|Outrage|p1b: Ursaluna|[from] lockedmove
|-damage|p1b: Ursaluna|0 fnt
|faint|p1b: Ursaluna
|-damage|p2a: mr jawsum|16/100|[from] item: Life Orb
|-start|p2a: mr jawsum|confusion|[fatigue]
|
|-weather|Sandstorm|[upkeep]
|-damage|p1a: Indeedee|17/100|[from] Sandstorm
|-damage|p2b: 5 Big Booms|46/100|[from] Sandstorm
|-heal|p1a: Indeedee|23/100|[from] Grassy Terrain
|-heal|p2a: mr jawsum|22/100|[from] Grassy Terrain
|-heal|p2b: 5 Big Booms|52/100|[from] Grassy Terrain
|upkeep
|turn|7
|
|t:|1756834095
|move|p2b: 5 Big Booms|Grassy Glide|p1a: Indeedee
|-crit|p1a: Indeedee
|-damage|p1a: Indeedee|0 fnt
|faint|p1a: Indeedee
|
|win|ultrashxt
|raw|Harry Koekenpan's rating: 1140 → 1117(-23 for losing)
|raw|ultrashxt's rating: 1173 → 1196(+23 for winning)
|l|☆Harry Koekenpan
|player|p1|
