|j|☆Br1_lore
|j|☆Orion11Vgc
|html|Br1_loreOrion11Vgc    
|uhtml|bestof|Game 2 of a best-of-3
|t:|1782307847
|gametype|doubles
|player|p1|Br1_lore|101|1123
|player|p2|Orion11Vgc|lucas|1159
|gen|9
|tier|[Gen 9 Champions] VGC 2026 Reg M-B (Bo3)
|rated|
|rule|Species Clause: Limit one of each Pokémon
|rule|Item Clause: Limit 1 of each item
|clearpoke
|poke|p1|Metagross, L50|
|poke|p1|Hydreigon, L50, M|
|poke|p1|Sneasler, L50, F|
|poke|p1|Lycanroc-Dusk, L50, M|
|poke|p1|Talonflame, L50, F|
|poke|p1|Basculegion, L50, M|
|poke|p2|Metagross, L50|
|poke|p2|Sneasler, L50, M|
|poke|p2|Incineroar, L50, M|
|poke|p2|Hydreigon, L50, F|
|poke|p2|Aerodactyl, L50, F|
|poke|p2|Floette-Eternal, L50, F|
|teampreview|4
|showteam|p1|Metagross||Metagrossite|ClearBody|BulletPunch,PsychicFangs,BodyPress,Protect|Adamant|||||50|]Hydreigon||ChoiceScarf|Levitate|DragonPulse,EarthPower,Flamethrower,DarkPulse|Timid||M|||50|]Sneasler||WhiteHerb|Unburden|CloseCombat,FakeOut,DireClaw,Protect|Adamant||F|||50|]Lycanroc-Dusk||FocusSash|ToughClaws|Accelerock,CloseCombat,RockSlide,Protect|Jolly||M|||50|]Talonflame||ChartiBerry|GaleWings|BraveBird,Tailwind,RainDance,WillOWisp|Jolly||F|||50|]Basculegion||LifeOrb|SwiftSwim|AquaJet,LastRespects,Protect,WaveCrash|Adamant||M|||50|
|showteam|p2|Metagross||Metagrossite|ClearBody|IronHead,PsychicFangs,BodyPress,Protect|Jolly|||||50|]Sneasler||WhiteHerb|Unburden|FakeOut,CloseCombat,DireClaw,Coaching|Jolly||M|||50|]Incineroar||PasshoBerry|Intimidate|FakeOut,FlareBlitz,ThroatChop,PartingShot|Careful||M|||50|]Hydreigon||ChoiceScarf|Levitate|DracoMeteor,DarkPulse,Snarl,Flamethrower|Modest||F|||50|]Aerodactyl||FocusSash|Unnerve|RockSlide,Tailwind,DualWingbeat,WideGuard|Jolly||F|||50|]Floette-Eternal||Floettite|FlowerVeil|DrainingKiss,DazzlingGleam,CalmMind,Protect|Modest||F|||50|
|inactive|Battle timer is ON: inactive players will automatically lose when time's up. (requested by Orion11Vgc)
|
|t:|1782307860
|teamsize|p1|4
|teamsize|p2|4
|start
|switch|p1a: Metagross|Metagross, L50|100/100
|switch|p1b: Sneasler|Sneasler, L50, F|100/100
|switch|p2a: Hydreigon|Hydreigon, L50, F|100/100
|switch|p2b: Sneasler|Sneasler, L50, M|100/100
|turn|1
|
|t:|1782307882
|detailschange|p1a: Metagross|Metagross-Mega, L50
|-mega|p1a: Metagross|Metagross|Metagrossite
|move|p2b: Sneasler|Fake Out|p1b: Sneasler
|-damage|p1b: Sneasler|84/100
|move|p2a: Hydreigon|Draco Meteor|p1b: Sneasler
|-damage|p1b: Sneasler|0 fnt
|-unboost|p2a: Hydreigon|spa|2
|faint|p1b: Sneasler
|move|p1a: Metagross|Psychic Fangs|p2b: Sneasler
|-supereffective|p2b: Sneasler|2
|-damage|p2b: Sneasler|0 fnt
|faint|p2b: Sneasler
|
|upkeep
|
|t:|1782307897
|switch|p2b: Incineroar|Incineroar, L50, M|100/100
|switch|p1b: Talonflame|Talonflame, L50, F|100/100
|-ability|p2b: Incineroar|Intimidate|boost
|-unboost|p1a: Metagross|atk|1
|-unboost|p1b: Talonflame|atk|1
|turn|2
|
|t:|1782307910
|switch|p2a: Metagross|Metagross, L50|100/100
|move|p2b: Incineroar|Fake Out|p1b: Talonflame
|-damage|p1b: Talonflame|87/100
|cant|p1b: Talonflame|flinch
|move|p1a: Metagross|Body Press|p2a: Metagross
|-damage|p2a: Metagross|69/100
|
|upkeep
|turn|3
|inactive|Orion11Vgc has 30 seconds left.
|
|t:|1782307935
|detailschange|p2a: Metagross|Metagross-Mega, L50
|-mega|p2a: Metagross|Metagross|Metagrossite
|move|p1b: Talonflame|Tailwind|p1b: Talonflame
|-sidestart|p1: Br1_lore|move: Tailwind
|move|p1a: Metagross|Body Press|p2b: Incineroar
|-supereffective|p2b: Incineroar|1
|-damage|p2b: Incineroar|33/100
|move|p2a: Metagross|Body Press|p1a: Metagross
|-damage|p1a: Metagross|78/100
|move|p2b: Incineroar|Parting Shot|p1a: Metagross
|-unboost|p1a: Metagross|atk|1
|-unboost|p1a: Metagross|spa|1
|
|t:|1782307948
|switch|p2b: Hydreigon|Hydreigon, L50, F|100/100|[from] Parting Shot
|
|upkeep
|turn|4
|
|t:|1782307965
|switch|p2a: Incineroar|Incineroar, L50, M|33/100
|-ability|p2a: Incineroar|Intimidate|boost
|-unboost|p1a: Metagross|atk|1
|-unboost|p1b: Talonflame|atk|1
|move|p1b: Talonflame|Rain Dance|p1b: Talonflame
|-weather|RainDance
|move|p1a: Metagross|Body Press|p2b: Hydreigon
|-supereffective|p2b: Hydreigon|1
|-damage|p2b: Hydreigon|7/100
|move|p2b: Hydreigon|Dark Pulse|p1a: Metagross
|-supereffective|p1a: Metagross|1
|-damage|p1a: Metagross|0 fnt
|faint|p1a: Metagross
|
|-weather|RainDance|[upkeep]
|upkeep
|
|t:|1782307977
|switch|p1a: Basculegion|Basculegion, L50, M|100/100
|turn|5
|
|t:|1782307991
|move|p1a: Basculegion|Aqua Jet|p2b: Hydreigon
|-resisted|p2b: Hydreigon|1
|-damage|p2b: Hydreigon|0 fnt
|faint|p2b: Hydreigon
|-damage|p1a: Basculegion|90/100|[from] item: Life Orb
|move|p1b: Talonflame|Brave Bird|p2a: Incineroar
|-damage|p2a: Incineroar|16/100
|-damage|p1b: Talonflame|81/100|[from] Recoil
|move|p2a: Incineroar|Parting Shot|p1a: Basculegion
|-unboost|p1a: Basculegion|atk|1
|-unboost|p1a: Basculegion|spa|1
|
|t:|1782308003
|switch|p2a: Metagross|Metagross-Mega, L50|69/100|[from] Parting Shot
|
|-weather|RainDance|[upkeep]
|upkeep
|
|t:|1782308008
|switch|p2b: Incineroar|Incineroar, L50, M|16/100
|-ability|p2b: Incineroar|Intimidate|boost
|-unboost|p1a: Basculegion|atk|1
|-unboost|p1b: Talonflame|atk|1
|turn|6
|
|t:|1782308021
|move|p2b: Incineroar|Fake Out|p1b: Talonflame
|-damage|p1b: Talonflame|69/100
|move|p1a: Basculegion|Last Respects|p2a: Metagross
|-supereffective|p2a: Metagross|1
|-damage|p2a: Metagross|0 fnt
|faint|p2a: Metagross
|-damage|p1a: Basculegion|80/100|[from] item: Life Orb
|cant|p1b: Talonflame|flinch
|
|-weather|RainDance|[upkeep]
|-sideend|p1: Br1_lore|move: Tailwind
|upkeep
|turn|7
|-message|Orion11Vgc forfeited.
|raw|Br1_lore's rating: 1123 → 1151(+28 for winning)
|raw|Orion11Vgc's rating: 1159 → 1131(-28 for losing)
|
|win|Br1_lore
|l|☆Orion11Vgc
|player|p2|
