|j|☆Garmas
|j|☆Lightoz V
|html|GarmasLightoz V    
|uhtml|bestof|Game 1 of a best-of-3
|t:|1756898442
|gametype|doubles
|player|p1|Garmas|ethan|1190
|player|p2|Lightoz V|blue-gen2|1309
|gen|9
|tier|[Gen 9] VGC 2025 Reg H (Bo3)
|rated|
|rule|Species Clause: Limit one of each Pokémon
|rule|Item Clause: Limit 1 of each item
|clearpoke
|poke|p1|Incineroar, L50, F|
|poke|p1|Amoonguss, L50, F|
|poke|p1|Ursaluna-Bloodmoon, L50, M|
|poke|p1|Sneasler, L50, F|
|poke|p1|Gholdengo, L50|
|poke|p1|Dragonite, L50, M|
|poke|p2|Incineroar, L50, F|
|poke|p2|Annihilape, L50, F|
|poke|p2|Dragonite, L50, F|
|poke|p2|Volcarona, L50, F|
|poke|p2|Rillaboom, L50, M|
|poke|p2|Ursaluna-Bloodmoon, L50, M|
|teampreview|4
|showteam|p1|Incineroar||SafetyGoggles|Intimidate|FlareBlitz,KnockOff,PartingShot,FakeOut|||F|||50|,,,,,Ghost]Amoonguss||SitrusBerry|Regenerator|Spore,RagePowder,PollenPuff,Protect|||F|||50|,,,,,Psychic]Ursaluna-Bloodmoon||AssaultVest|MindsEye|HyperVoice,BloodMoon,EarthPower,VacuumWave|||M|||50|,,,,,Water]Sneasler||FocusSash|Unburden|CloseCombat,DireClaw,ThroatChop,Protect|||F|||50|,,,,,Stellar]Gholdengo||LifeOrb|GoodasGold|MakeItRain,ShadowBall,NastyPlot,Protect||||||50|,,,,,Water]Dragonite||LoadedDice|Multiscale|ScaleShot,Tailwind,Haze,Protect|||M|||50|,,,,,Fairy
|showteam|p2|Incineroar||SitrusBerry|Intimidate|FlareBlitz,KnockOff,FakeOut,PartingShot|||F|||50|,,,,,Ghost]Annihilape||SafetyGoggles|Defiant|CloseCombat,RageFist,Coaching,FinalGambit|||F|||50|,,,,,Water]Dragonite||LoadedDice|Multiscale|ScaleShot,Tailwind,Haze,Protect|||F|||50|,,,,,Steel]Volcarona||Leftovers|FlameBody|HeatWave,TeraBlast,QuiverDance,Protect|||F|||50|,,,,,Fairy]Rillaboom||AssaultVest|GrassySurge|WoodHammer,GrassyGlide,HighHorsepower,FakeOut|||M|||50|,,,,,Fire]Ursaluna-Bloodmoon||FocusSash|MindsEye|BloodMoon,EarthPower,HyperVoice,Protect|||M|||50|,,,,,Normal
|inactive|Battle timer is ON: inactive players will automatically lose when time's up. (requested by Lightoz V)
|inactive|Garmas has 60 seconds left.
|inactive|Garmas has 30 seconds left.
|inactive|Garmas has 20 seconds left.
|
|t:|1756898531
|teamsize|p1|4
|teamsize|p2|4
|start
|switch|p1a: Dragonite|Dragonite, L50, M|100/100
|switch|p1b: Amoonguss|Amoonguss, L50, F|100/100
|switch|p2a: Annihilape|Annihilape, L50, F, shiny|100/100
|switch|p2b: Volcarona|Volcarona, L50, F|100/100
|turn|1
|
|t:|1756898547
|move|p2a: Annihilape|Final Gambit|p1a: Dragonite
|-damage|p1a: Dragonite|0 fnt
|faint|p2a: Annihilape
|faint|p1a: Dragonite
|move|p2b: Volcarona|Quiver Dance|p2b: Volcarona
|-boost|p2b: Volcarona|spa|1
|-boost|p2b: Volcarona|spd|1
|-boost|p2b: Volcarona|spe|1
|move|p1b: Amoonguss|Spore|p2b: Volcarona
|-status|p2b: Volcarona|slp|[from] move: Spore
|
|upkeep
|
|t:|1756898560
|switch|p2a: Incineroar|Incineroar, L50, F|100/100
|switch|p1a: Incineroar|Incineroar, L50, F|100/100
|-ability|p2a: Incineroar|Intimidate|boost
|-unboost|p1a: Incineroar|atk|1
|-unboost|p1b: Amoonguss|atk|1
|-ability|p1a: Incineroar|Intimidate|boost
|-unboost|p2a: Incineroar|atk|1
|-unboost|p2b: Volcarona|atk|1
|turn|2
|
|t:|1756898578
|switch|p2a: Rillaboom|Rillaboom, L50, M, shiny|100/100
|-fieldstart|move: Grassy Terrain|[from] ability: Grassy Surge|[of] p2a: Rillaboom
|cant|p2b: Volcarona|slp
|move|p1a: Incineroar|Flare Blitz|p2b: Volcarona
|-damage|p2b: Volcarona|58/100 slp
|-damage|p1a: Incineroar|88/100|[from] Recoil
|move|p1b: Amoonguss|Spore|p2a: Rillaboom
|-immune|p2a: Rillaboom
|
|-heal|p2b: Volcarona|64/100 slp|[from] Grassy Terrain
|-heal|p2b: Volcarona|71/100 slp|[from] item: Leftovers
|-heal|p1a: Incineroar|94/100|[from] Grassy Terrain
|upkeep
|turn|3
|
|t:|1756898602
|move|p2a: Rillaboom|Fake Out|p1a: Incineroar
|-damage|p1a: Incineroar|82/100
|-curestatus|p2b: Volcarona|slp|[msg]
|move|p2b: Volcarona|Heat Wave|p1a: Incineroar|[spread] p1a
|-miss|p2b: Volcarona|p1b: Amoonguss
|-resisted|p1a: Incineroar
|-damage|p1a: Incineroar|59/100
|cant|p1a: Incineroar|flinch
|move|p1b: Amoonguss|Pollen Puff|p2a: Rillaboom
|-supereffective|p2a: Rillaboom
|-damage|p2a: Rillaboom|76/100
|
|-heal|p2b: Volcarona|77/100|[from] Grassy Terrain
|-heal|p2b: Volcarona|83/100|[from] item: Leftovers
|-heal|p2a: Rillaboom|82/100|[from] Grassy Terrain
|-heal|p1a: Incineroar|65/100|[from] Grassy Terrain
|upkeep
|turn|4
|
|t:|1756898624
|-terastallize|p1b: Amoonguss|Psychic
|move|p2b: Volcarona|Heat Wave|p1a: Incineroar|[spread] p1b
|-miss|p2b: Volcarona|p1a: Incineroar
|-damage|p1b: Amoonguss|56/100
|move|p2a: Rillaboom|High Horsepower|p1a: Incineroar
|-supereffective|p1a: Incineroar
|-damage|p1a: Incineroar|8/100
|move|p1a: Incineroar|Knock Off|p2b: Volcarona
|-damage|p2b: Volcarona|49/100
|-enditem|p2b: Volcarona|Leftovers|[from] move: Knock Off|[of] p1a: Incineroar
|move|p1b: Amoonguss|Spore|p2b: Volcarona
|-status|p2b: Volcarona|slp|[from] move: Spore
|
|-heal|p2b: Volcarona|55/100 slp|[from] Grassy Terrain
|-heal|p2a: Rillaboom|88/100|[from] Grassy Terrain
|-heal|p1a: Incineroar|14/100|[from] Grassy Terrain
|-heal|p1b: Amoonguss|62/100|[from] Grassy Terrain
|upkeep
|turn|5
|inactive|Garmas has 30 seconds left.
|
|t:|1756898650
|switch|p1a: Sneasler|Sneasler, L50, F|100/100
|cant|p2b: Volcarona|slp
|move|p2a: Rillaboom|Wood Hammer|p1a: Sneasler
|-resisted|p1a: Sneasler
|-damage|p1a: Sneasler|35/100
|-damage|p2a: Rillaboom|71/100|[from] Recoil
|move|p1b: Amoonguss|Pollen Puff|p1a: Sneasler
|-heal|p1a: Sneasler|85/100
|
|-heal|p2b: Volcarona|62/100 slp|[from] Grassy Terrain
|-heal|p1a: Sneasler|91/100|[from] Grassy Terrain
|-heal|p2a: Rillaboom|77/100|[from] Grassy Terrain
|-heal|p1b: Amoonguss|68/100|[from] Grassy Terrain
|upkeep
|turn|6
|
|t:|1756898672
|-curestatus|p2b: Volcarona|slp|[msg]
|move|p2b: Volcarona|Heat Wave|p1b: Amoonguss|[spread] p1a,p1b
|-damage|p1a: Sneasler|19/100
|-damage|p1b: Amoonguss|25/100
|-enditem|p1b: Amoonguss|Sitrus Berry|[eat]
|-heal|p1b: Amoonguss|50/100|[from] item: Sitrus Berry
|move|p1a: Sneasler|Close Combat|p2a: Rillaboom
|-damage|p2a: Rillaboom|15/100
|-unboost|p1a: Sneasler|def|1
|-unboost|p1a: Sneasler|spd|1
|move|p2a: Rillaboom|High Horsepower|p1a: Sneasler
|-supereffective|p1a: Sneasler
|-damage|p1a: Sneasler|0 fnt
|faint|p1a: Sneasler
|move|p1b: Amoonguss|Pollen Puff|p2a: Rillaboom
|-supereffective|p2a: Rillaboom
|-damage|p2a: Rillaboom|0 fnt
|faint|p2a: Rillaboom
|
|-heal|p2b: Volcarona|68/100|[from] Grassy Terrain
|-heal|p1b: Amoonguss|56/100|[from] Grassy Terrain
|-fieldend|move: Grassy Terrain
|upkeep
|
|t:|1756898689
|switch|p1a: Incineroar|Incineroar, L50, F|14/100
|switch|p2a: Incineroar|Incineroar, L50, F|100/100
|-ability|p2a: Incineroar|Intimidate|boost
|-unboost|p1a: Incineroar|atk|1
|-unboost|p1b: Amoonguss|atk|1
|-ability|p1a: Incineroar|Intimidate|boost
|-unboost|p2a: Incineroar|atk|1
|-unboost|p2b: Volcarona|atk|1
|turn|7
|
|t:|1756898708
|move|p2a: Incineroar|Fake Out|p1b: Amoonguss
|-damage|p1b: Amoonguss|50/100
|move|p1a: Incineroar|Fake Out|p2b: Volcarona
|-damage|p2b: Volcarona|59/100
|cant|p2b: Volcarona|flinch
|cant|p1b: Amoonguss|flinch
|
|upkeep
|turn|8
|
|t:|1756898720
|move|p2b: Volcarona|Heat Wave|p1b: Amoonguss|[spread] p1b
|-miss|p2b: Volcarona|p1a: Incineroar
|-damage|p1b: Amoonguss|5/100
|move|p2a: Incineroar|Flare Blitz|p1a: Incineroar
|-resisted|p1a: Incineroar
|-damage|p1a: Incineroar|0 fnt
|faint|p1a: Incineroar
|-damage|p2a: Incineroar|96/100|[from] Recoil
|move|p1b: Amoonguss|Spore|p2b: Volcarona
|-status|p2b: Volcarona|slp|[from] move: Spore
|
|upkeep
|turn|9
|
|t:|1756898728
|cant|p2b: Volcarona|slp
|move|p2a: Incineroar|Knock Off|p1b: Amoonguss
|-supereffective|p1b: Amoonguss
|-damage|p1b: Amoonguss|0 fnt
|faint|p1b: Amoonguss
|
|win|Lightoz V
