|j|☆Phantamium
|j|☆chefo
|html|Phantamiumchefo    
|uhtml|bestof|Game 1 of a best-of-3
|t:|1784884291
|gametype|doubles
|player|p1|Phantamium|burglar|1036
|player|p2|chefo|roxie|1101
|gen|9
|tier|[Gen 9 Champions] VGC 2026 Reg M-B (Bo3)
|rated|
|rule|Species Clause: Limit one of each Pokémon
|rule|Item Clause: Limit 1 of each item
|clearpoke
|poke|p1|Sceptile, L50, M|
|poke|p1|Jolteon, L50, F|
|poke|p1|Talonflame, L50, M|
|poke|p1|Mawile, L50, F|
|poke|p1|Absol, L50, M|
|poke|p1|Milotic, L50, M|
|poke|p2|Kingambit, L50, F|
|poke|p2|Basculegion, L50, M|
|poke|p2|Garchomp, L50, M|
|poke|p2|Charizard, L50, F|
|poke|p2|Whimsicott, L50, F|
|poke|p2|Sylveon, L50, M|
|teampreview|4
|showteam|p1|Sceptile||Sceptilite|Overgrow|UpperHand,EnergyBall,DragonPulse,LeafStorm|Hasty||M|||50|]Jolteon||ChoiceScarf|VoltAbsorb|Discharge,VoltSwitch,Thunderbolt,ElectroBall|Timid||F|||50|]Talonflame||LifeOrb|GaleWings|Tailwind,BraveBird,QuickGuard,FlareBlitz|Naive||M|||50|]Mawile||FocusSash|Intimidate|IronHead,Charm,Taunt,FoulPlay|Impish||F|||50|]Absol||Absolite|SuperLuck|KnockOff,CloseCombat,ThroatChop,SuckerPunch|Adamant||M|||50|]Milotic||BrightPowder|Competitive|MuddyWater,IcyWind,MirrorCoat,BreakingSwipe|Gentle||M|||50|
|showteam|p2|Kingambit||BlackGlasses|Defiant|SuckerPunch,KowtowCleave,Protect,IronHead|Adamant||F|||50|]Basculegion||MysticWater|Adaptability|LastRespects,AquaJet,WaveCrash,Protect|Adamant||M|||50|]Garchomp||LifeOrb|RoughSkin|DragonClaw,Earthquake,Protect,RockSlide|Jolly||M|||50|]Charizard||CharizarditeY|Blaze|Protect,HeatWave,WeatherBall,SolarBeam|Modest||F|||50|]Whimsicott||FocusSash|Prankster|Tailwind,Moonblast,Protect,Encore|Timid||F|||50|]Sylveon||FairyFeather|Pixilate|HyperVoice,QuickAttack,HyperBeam,Detect|Modest||M|||50|
|inactive|Battle timer is ON: inactive players will automatically lose when time's up. (requested by Phantamium)
|inactive|Phantamium has 60 seconds left.
|inactive|chefo has 60 seconds left.
|inactive|Phantamium has 30 seconds left.
|inactive|Phantamium has 20 seconds left.
|inactive|Phantamium has 15 seconds left.
|inactive|Phantamium has 10 seconds left.
|
|t:|1784884377
|teamsize|p1|4
|teamsize|p2|4
|start
|switch|p1a: Talonflame|Talonflame, L50, M|100/100
|switch|p1b: Milotic|Milotic, L50, M|100/100
|switch|p2a: Charizard|Charizard, L50, F|100/100
|switch|p2b: Whimsicott|Whimsicott, L50, F|100/100
|turn|1
|inactive|chefo has 30 seconds left.
|inactive|chefo has 20 seconds left.
|inactive|chefo has 15 seconds left.
|
|t:|1784884418
|detailschange|p2a: Charizard|Charizard-Mega-Y, L50, F
|-mega|p2a: Charizard|Charizard|Charizardite Y
|-weather|SunnyDay|[from] ability: Drought|[of] p2a: Charizard
|move|p2b: Whimsicott|Tailwind|p2b: Whimsicott
|-sidestart|p2: chefo|move: Tailwind
|move|p2a: Charizard|Solar Beam||[still]
|-prepare|p2a: Charizard|Solar Beam
|-anim|p2a: Charizard|Solar Beam|p1b: Milotic
|-supereffective|p1b: Milotic|1
|-damage|p1b: Milotic|50/100g
|move|p1a: Talonflame|Flare Blitz|p2b: Whimsicott
|-supereffective|p2b: Whimsicott|1
|-enditem|p2b: Whimsicott|Focus Sash
|-damage|p2b: Whimsicott|1/100
|-damage|p1a: Talonflame|70/100|[from] Recoil
|-damage|p1a: Talonflame|60/100|[from] item: Life Orb
|move|p1b: Milotic|Icy Wind|p2a: Charizard|[spread] p2a,p2b
|-supereffective|p2b: Whimsicott|1
|-damage|p2a: Charizard|92/100
|-damage|p2b: Whimsicott|0 fnt
|-unboost|p2a: Charizard|spe|1
|faint|p2b: Whimsicott
|
|-weather|SunnyDay|[upkeep]
|upkeep
|inactive|chefo has 30 seconds left.
|
|t:|1784884446
|switch|p2b: Sylveon|Sylveon, L50, M|100/100
|turn|2
|
|t:|1784884461
|move|p2a: Charizard|Protect|p2a: Charizard
|-singleturn|p2a: Charizard|Protect
|move|p1a: Talonflame|Tailwind|p1a: Talonflame
|-sidestart|p1: Phantamium|move: Tailwind
|move|p1b: Milotic|Muddy Water|p2b: Sylveon|[spread] p2b
|-activate|p2a: Charizard|move: Protect
|-damage|p2b: Sylveon|91/100
|-unboost|p2b: Sylveon|accuracy|1
|move|p2b: Sylveon|Hyper Beam|p1b: Milotic
|-damage|p1b: Milotic|0 fnt
|-mustrecharge|p2b: Sylveon
|faint|p1b: Milotic
|
|-weather|SunnyDay|[upkeep]
|upkeep
|
|t:|1784884473
|switch|p1b: Jolteon|Jolteon, L50, F|100/100
|turn|3
|inactive|chefo has 30 seconds left.
|inactive|chefo has 20 seconds left.
|inactive|chefo has 15 seconds left.
|inactive|chefo has 10 seconds left.
|inactive|chefo has 5 seconds left.
|
|t:|1784884523
|move|p1b: Jolteon|Thunderbolt|p2a: Charizard
|-supereffective|p2a: Charizard|1
|-damage|p2a: Charizard|16/100
|-status|p2a: Charizard|par
|move|p1a: Talonflame|Flare Blitz|p2b: Sylveon
|-damage|p2b: Sylveon|0 fnt
|faint|p2b: Sylveon
|-damage|p1a: Talonflame|25/100|[from] Recoil
|-damage|p1a: Talonflame|15/100|[from] item: Life Orb
|move|p2a: Charizard|Weather Ball|p1b: Jolteon
|-damage|p1b: Jolteon|0 fnt
|faint|p1b: Jolteon
|
|-weather|SunnyDay|[upkeep]
|upkeep
|
|t:|1784884537
|switch|p1b: Sceptile|Sceptile, L50, M|100/100
|switch|p2b: Kingambit|Kingambit, L50, F|100/100
|turn|4
|
|t:|1784884558
|detailschange|p1b: Sceptile|Sceptile-Mega, L50, M
|-mega|p1b: Sceptile|Sceptile|Sceptilite
|move|p2a: Charizard|Protect|p2a: Charizard
|-singleturn|p2a: Charizard|Protect
|move|p1b: Sceptile|Upper Hand|p2b: Kingambit
|-supereffective|p2b: Kingambit|2
|-damage|p2b: Kingambit|49/100
|cant|p2b: Kingambit|flinch
|move|p1a: Talonflame|Brave Bird|p2a: Charizard
|-activate|p2a: Charizard|move: Protect
|
|-weather|SunnyDay|[upkeep]
|-sideend|p2: chefo|move: Tailwind
|upkeep
|turn|5
|inactive|Phantamium has 30 seconds left.
|inactive|chefo has 30 seconds left.
|inactive|Phantamium has 20 seconds left.
|inactive|Phantamium has 15 seconds left.
|inactive|Phantamium has 10 seconds left.
|inactive|Phantamium has 5 seconds left.
|
|t:|1784884611
|move|p2b: Kingambit|Protect|p2b: Kingambit
|-singleturn|p2b: Kingambit|Protect
|move|p1b: Sceptile|Dragon Pulse|p2a: Charizard
|-damage|p2a: Charizard|0 fnt
|faint|p2a: Charizard
|move|p1a: Talonflame|Flare Blitz|p2b: Kingambit
|-activate|p2b: Kingambit|move: Protect
|
|-weather|none
|-sideend|p1: Phantamium|move: Tailwind
|upkeep
|turn|6
|
|t:|1784884634
|move|p1b: Sceptile|Upper Hand|p2b: Kingambit
|-supereffective|p2b: Kingambit|2
|-damage|p2b: Kingambit|1/100
|cant|p2b: Kingambit|flinch
|move|p1a: Talonflame|Flare Blitz|p2b: Kingambit
|-supereffective|p2b: Kingambit|1
|-damage|p2b: Kingambit|0 fnt
|faint|p2b: Kingambit
|-damage|p1a: Talonflame|15/100|[from] Recoil
|-damage|p1a: Talonflame|5/100|[from] item: Life Orb
|
|win|Phantamium
||Phantamium is ready for game 2.
|inactive|chefo has 30 seconds to confirm battle start!
||chefo is ready for game 2.
|uhtml|next|Next: Game 2 of 3
|l|☆Phantamium
|player|p1|
