|j|☆SleepD2
|j|☆standardamerican
|html|SleepD2standardamerican    
|uhtml|bestof|Game 2 of a best-of-3
|t:|1784893476
|gametype|doubles
|player|p1|SleepD2|102|1324
|player|p2|standardamerican|170|1296
|gen|9
|tier|[Gen 9 Champions] VGC 2026 Reg M-B (Bo3)
|rated|
|rule|Species Clause: Limit one of each Pokémon
|rule|Item Clause: Limit 1 of each item
|clearpoke
|poke|p1|Glimmora, L50, F|
|poke|p1|Whimsicott, L50, F|
|poke|p1|Ninetales-Alola, L50, M|
|poke|p1|Kingambit, L50, M|
|poke|p1|Kommo-o, L50, M|
|poke|p1|Charizard, L50, F|
|poke|p2|Sinistcha, L50|
|poke|p2|Incineroar, L50, M|
|poke|p2|Milotic, L50, F|
|poke|p2|Raichu, L50, F|
|poke|p2|Gardevoir, L50, F|
|poke|p2|Ceruledge, L50, M|
|teampreview|4
|showteam|p1|Glimmora||Glimmoranite|ToxicDebris|SludgeBomb,PowerGem,EarthPower,SpikyShield|Modest||F|||50|]Whimsicott||FocusSash|Prankster|Moonblast,Tailwind,Encore,Protect|Timid||F|||50|]Ninetales-Alola||NeverMeltIce|SnowWarning|Blizzard,FreezeDry,Disable,Protect|Timid||M|||50|]Kingambit||BlackGlasses|Defiant|KowtowCleave,SuckerPunch,IronHead,Protect|Adamant||M|||50|]Kommo-o||LifeOrb|Soundproof|ClangingScales,AuraSphere,VacuumWave,Protect|Modest||M|||50|]Charizard||CharizarditeY|Blaze|Protect,WeatherBall,HeatWave,SolarBeam|Modest||F|||50|
|showteam|p2|Sinistcha||KasibBerry|Hospitality|MatchaGotcha,TrickRoom,RagePowder,Protect|Bold|||||50|]Incineroar||SitrusBerry|Intimidate|FlareBlitz,DarkestLariat,FakeOut,PartingShot|Careful||M|||50|]Milotic||Leftovers|Competitive|MuddyWater,Coil,Hypnosis,Protect|Calm||F|||50|]Raichu||RaichuniteY|LightningRod|ZapCannon,FocusBlast,FakeOut,Protect|Timid||F|||50|]Gardevoir||Gardevoirite|Trace|HyperVoice,Psyshock,TrickRoom,Protect|Modest||F|||50|]Ceruledge||ColburBerry|FlashFire|BitterBlade,ShadowSneak,BulkUp,Protect|Adamant||M|||50|
|inactive|Battle timer is ON: inactive players will automatically lose when time's up. (requested by SleepD2)
|inactive|SleepD2 has 60 seconds left.
|
|t:|1784893514
|teamsize|p1|4
|teamsize|p2|4
|start
|switch|p1a: Kingambit|Kingambit, L50, M|100/100
|switch|p1b: Whimsicott|Whimsicott, L50, F|100/100
|switch|p2a: Milotic|Milotic, L50, F|100/100
|switch|p2b: Ceruledge|Ceruledge, L50, M|100/100
|turn|1
|inactive|standardamerican has 30 seconds left.
|
|t:|1784893549
|switch|p2a: Raichu|Raichu, L50, F|100/100
|move|p1b: Whimsicott|Protect|p1b: Whimsicott
|-singleturn|p1b: Whimsicott|Protect
|move|p2b: Ceruledge|Bitter Blade|p1a: Kingambit
|-supereffective|p1a: Kingambit|1
|-damage|p1a: Kingambit|33/100
|move|p1a: Kingambit|Kowtow Cleave|p2b: Ceruledge
|-supereffective|p2b: Ceruledge|1
|-enditem|p2b: Ceruledge|Colbur Berry|[eat]
|-enditem|p2b: Ceruledge|Colbur Berry|[weaken]
|-damage|p2b: Ceruledge|34/100
|
|upkeep
|turn|2
|inactive|SleepD2 has 30 seconds left.
|inactive|standardamerican has 30 seconds left.
|
|t:|1784893578
|switch|p1b: Ninetales|Ninetales-Alola, L50, M|100/100
|-weather|Snowscape|[from] ability: Snow Warning|[of] p1b: Ninetales
|switch|p2b: Milotic|Milotic, L50, F|100/100
|detailschange|p2a: Raichu|Raichu-Mega-Y, L50, F
|-mega|p2a: Raichu|Raichu|Raichunite Y
|move|p1a: Kingambit|Sucker Punch||[still]
|-fail|p1a: Kingambit
|move|p2a: Raichu|Zap Cannon|p1b: Ninetales
|-damage|p1b: Ninetales|36/100
|-status|p1b: Ninetales|par
|
|-weather|Snowscape|[upkeep]
|upkeep
|turn|3
|inactive|standardamerican has 30 seconds left.
|
|t:|1784893608
|move|p1a: Kingambit|Sucker Punch|p2a: Raichu
|-damage|p2a: Raichu|21/100
|move|p2a: Raichu|Zap Cannon|p1b: Ninetales
|-damage|p1b: Ninetales|0 fnt
|faint|p1b: Ninetales
|move|p2b: Milotic|Coil|p2b: Milotic
|-boost|p2b: Milotic|atk|1
|-boost|p2b: Milotic|def|1
|-boost|p2b: Milotic|accuracy|1
|
|-weather|Snowscape|[upkeep]
|upkeep
|
|t:|1784893617
|switch|p1b: Whimsicott|Whimsicott, L50, F|100/100
|turn|4
|
|t:|1784893638
|switch|p2a: Ceruledge|Ceruledge, L50, M|34/100
|move|p1b: Whimsicott|Encore|p2b: Milotic
|-start|p2b: Milotic|Encore
|move|p1a: Kingambit|Sucker Punch||[still]
|-fail|p1a: Kingambit
|move|p2b: Milotic|Coil|p2b: Milotic
|-boost|p2b: Milotic|atk|1
|-boost|p2b: Milotic|def|1
|-boost|p2b: Milotic|accuracy|1
|
|-weather|Snowscape|[upkeep]
|upkeep
|turn|5
|
|t:|1784893660
|move|p2a: Ceruledge|Protect|p2a: Ceruledge
|-singleturn|p2a: Ceruledge|Protect
|move|p1b: Whimsicott|Tailwind|p1b: Whimsicott
|-sidestart|p1: SleepD2|move: Tailwind
|move|p1a: Kingambit|Kowtow Cleave|p2a: Ceruledge
|-activate|p2a: Ceruledge|move: Protect
|move|p2b: Milotic|Coil|p2b: Milotic
|-boost|p2b: Milotic|atk|1
|-boost|p2b: Milotic|def|1
|-boost|p2b: Milotic|accuracy|1
|
|-weather|Snowscape|[upkeep]
|upkeep
|turn|6
|inactive|SleepD2 has 30 seconds left.
|
|t:|1784893687
|move|p1b: Whimsicott|Encore|p2a: Ceruledge
|-start|p2a: Ceruledge|Encore
|move|p2a: Ceruledge|Protect||[still]
|-fail|p2a: Ceruledge
|move|p1a: Kingambit|Kowtow Cleave|p2b: Milotic
|-crit|p2b: Milotic
|-damage|p2b: Milotic|26/100
|move|p2b: Milotic|Coil|p2b: Milotic
|-boost|p2b: Milotic|atk|1
|-boost|p2b: Milotic|def|1
|-boost|p2b: Milotic|accuracy|1
|
|-weather|none
|-heal|p2b: Milotic|32/100|[from] item: Leftovers
|-end|p2b: Milotic|Encore
|upkeep
|turn|7
|
|t:|1784893706
|switch|p2a: Sinistcha|Sinistcha, L50|100/100
|-heal|p2b: Milotic|57/100|[from] ability: Hospitality|[of] p2a: Sinistcha
|move|p2b: Milotic|Protect|p2b: Milotic
|-singleturn|p2b: Milotic|Protect
|move|p1b: Whimsicott|Encore|p2b: Milotic
|-activate|p2b: Milotic|move: Protect
|move|p1a: Kingambit|Kowtow Cleave|p2a: Sinistcha
|-supereffective|p2a: Sinistcha|1
|-damage|p2a: Sinistcha|8/100
|
|-heal|p2b: Milotic|63/100|[from] item: Leftovers
|upkeep
|turn|8
|inactive|standardamerican has 30 seconds left.
|
|t:|1784893731
|move|p2a: Sinistcha|Protect|p2a: Sinistcha
|-singleturn|p2a: Sinistcha|Protect
|move|p1b: Whimsicott|Encore|p2b: Milotic
|-start|p2b: Milotic|Encore
|move|p2b: Milotic|Protect||[still]
|-fail|p2b: Milotic
|move|p1a: Kingambit|Kowtow Cleave|p2b: Milotic
|-damage|p2b: Milotic|46/100
|
|-heal|p2b: Milotic|52/100|[from] item: Leftovers
|-sideend|p1: SleepD2|move: Tailwind
|upkeep
|turn|9
|
|t:|1784893749
|switch|p2a: Ceruledge|Ceruledge, L50, M|34/100
|move|p2b: Milotic|Protect|p2b: Milotic
|-singleturn|p2b: Milotic|Protect
|move|p1b: Whimsicott|Moonblast|p2b: Milotic
|-activate|p2b: Milotic|move: Protect
|move|p1a: Kingambit|Kowtow Cleave|p2a: Ceruledge
|-supereffective|p2a: Ceruledge|1
|-damage|p2a: Ceruledge|0 fnt
|faint|p2a: Ceruledge
|
|-heal|p2b: Milotic|58/100|[from] item: Leftovers
|upkeep
|
|t:|1784893766
|switch|p2a: Sinistcha|Sinistcha, L50|8/100
|-heal|p2b: Milotic|83/100|[from] ability: Hospitality|[of] p2a: Sinistcha
|turn|10
|inactive|SleepD2 has 30 seconds left.
|
|t:|1784893798
|move|p1b: Whimsicott|Protect|p1b: Whimsicott
|-singleturn|p1b: Whimsicott|Protect
|move|p2b: Milotic|Protect||[still]
|-fail|p2b: Milotic
|move|p1a: Kingambit|Protect|p1a: Kingambit
|-singleturn|p1a: Kingambit|Protect
|move|p2a: Sinistcha|Rage Powder|p2a: Sinistcha
|-singleturn|p2a: Sinistcha|move: Rage Powder
|
|-heal|p2b: Milotic|89/100|[from] item: Leftovers
|-end|p2b: Milotic|Encore
|upkeep
|turn|11
|inactive|standardamerican has 30 seconds left.
|inactive|standardamerican has 20 seconds left.
|
|t:|1784893835
|move|p1b: Whimsicott|Encore|p2b: Milotic
|-start|p2b: Milotic|Encore
|move|p2b: Milotic|Protect|p2b: Milotic
|-singleturn|p2b: Milotic|Protect
|move|p1a: Kingambit|Kowtow Cleave|p2a: Sinistcha
|-supereffective|p2a: Sinistcha|1
|-damage|p2a: Sinistcha|0 fnt
|faint|p2a: Sinistcha
|
|-heal|p2b: Milotic|95/100|[from] item: Leftovers
|upkeep
|
|t:|1784893839
|switch|p2a: Raichu|Raichu-Mega-Y, L50, F|21/100
|turn|12
|
|t:|1784893857
|move|p2b: Milotic|Protect||[still]
|-fail|p2b: Milotic
|move|p1a: Kingambit|Sucker Punch|p2a: Raichu
|-damage|p2a: Raichu|0 fnt
|faint|p2a: Raichu
|move|p1b: Whimsicott|Moonblast|p2b: Milotic
|-damage|p2b: Milotic|69/100
|
|-heal|p2b: Milotic|75/100|[from] item: Leftovers
|upkeep
|turn|13
|
|t:|1784893868
|switch|p1a: Glimmora|Glimmora, L50, F|100/100
|move|p2b: Milotic|Protect|p2b: Milotic
|-singleturn|p2b: Milotic|Protect
|move|p1b: Whimsicott|Moonblast|p2b: Milotic
|-activate|p2b: Milotic|move: Protect
|
|-heal|p2b: Milotic|81/100|[from] item: Leftovers
|-end|p2b: Milotic|Encore
|upkeep
|turn|14
|
|t:|1784893889
|detailschange|p1a: Glimmora|Glimmora-Mega, L50, F
|-mega|p1a: Glimmora|Glimmora|Glimmoranite
|move|p2b: Milotic|Protect||[still]
|-fail|p2b: Milotic
|move|p1b: Whimsicott|Encore||[still]
|-fail|p1b: Whimsicott
|move|p1a: Glimmora|Sludge Bomb|p2b: Milotic
|-damage|p2b: Milotic|32/100
|-status|p2b: Milotic|psn
|
|-heal|p2b: Milotic|38/100 psn|[from] item: Leftovers
|-damage|p2b: Milotic|25/100 psn|[from] psn
|upkeep
|turn|15
|
|t:|1784893904
|move|p1b: Whimsicott|Moonblast|p2b: Milotic
|-damage|p2b: Milotic|2/100 psn
|move|p1a: Glimmora|Sludge Bomb|p2b: Milotic
|-damage|p2b: Milotic|0 fnt
|faint|p2b: Milotic
|
|win|SleepD2
|raw|SleepD2's rating: 1324 → 1342(+18 for winning)
|raw|standardamerican's rating: 1296 → 1273(-23 for losing)
|l|☆standardamerican
|player|p2|
|l|☆SleepD2
|player|p1|
|j|☆SleepD2
|player|p1|SleepD2|102|
