|j|☆vpandur
|j|☆Atzel22
|html|vpandurAtzel22    
|uhtml|bestof|Game 3 of a best-of-3
|t:|1785216861
|gametype|doubles
|player|p1|vpandur|101|
|player|p2|Atzel22|170|
|gen|9
|tier|[Gen 9 Champions] VGC 2026 Reg M-B (Bo3)
|rule|Species Clause: Limit one of each Pokémon
|rule|Item Clause: Limit 1 of each item
|clearpoke
|poke|p1|Gardevoir, L50, M|
|poke|p1|Talonflame, L50, F|
|poke|p1|Maushold, L50|
|poke|p1|Kommo-o, L50, F|
|poke|p1|Weavile, L50, F|
|poke|p1|Gengar, L50, M|
|poke|p2|Sneasler, L50, M|
|poke|p2|Garchomp, L50, F|
|poke|p2|Tyranitar, L50, M|
|poke|p2|Skarmory, L50, F|
|poke|p2|Scovillain, L50, F|
|poke|p2|Qwilfish, L50, M|
|teampreview|4
|showteam|p1|Gardevoir||Gardevoirite|Trace|HyperVoice,Protect,Psychic,VacuumWave|Timid||M|||50|]Talonflame||SharpBeak|GaleWings|BraveBird,FlareBlitz,Protect,Tailwind|Adamant||F|||50|]Maushold||SitrusBerry|FriendGuard|FollowMe,Protect,SuperFang,Encore|Timid|||||50|]Kommo-o||Leftovers|Overcoat|AuraSphere,ClangingScales,ClangorousSoul,Protect|Timid||F|||50|]Weavile||FocusSash|Pickpocket|FakeOut,Protect,TripleAxel,KnockOff|Jolly||F|||50|]Gengar||LifeOrb|CursedBody|ShadowBall,Protect,SludgeBomb,Disable|Timid||M|||50|
|showteam|p2|Sneasler||FocusSash|PoisonTouch|CloseCombat,FakeOut,DireClaw,Protect|Jolly||M|||50|]Garchomp||LifeOrb|RoughSkin|DragonClaw,Earthquake,Protect,StompingTantrum|Jolly||F|||50|]Tyranitar||Tyranitarite|SandStream|KnockOff,BrickBreak,Protect,RockSlide|Adamant||M|||50|]Skarmory||Skarmorite|KeenEye|DrillRun,IronHead,Protect,Tailwind|Adamant||F|||50|]Scovillain||Leftovers|Moody|GigaDrain,Overheat,Protect,RagePowder|Calm||F|||50|]Qwilfish||SitrusBerry|Intimidate|FlipTurn,GunkShot,Liquidation,ThunderWave|Adamant||M|||50|
|
|t:|1785216873
|teamsize|p1|4
|teamsize|p2|4
|start
|switch|p1a: Talonflame|Talonflame, L50, F|100/100
|switch|p1b: Weavile|Weavile, L50, F|100/100
|switch|p2a: Sneasler|Sneasler, L50, M|100/100
|switch|p2b: Skarmory|Skarmory, L50, F|100/100
|turn|1
|
|t:|1785216898
|detailschange|p2b: Skarmory|Skarmory-Mega, L50, F
|-mega|p2b: Skarmory|Skarmory|Skarmorite
|move|p1b: Weavile|Fake Out|p2a: Sneasler
|-damage|p2a: Sneasler|76/100
|move|p1a: Talonflame|Brave Bird|p2a: Sneasler
|-supereffective|p2a: Sneasler|1
|-damage|p2a: Sneasler|0 fnt
|faint|p2a: Sneasler
|-damage|p1a: Talonflame|74/100|[from] Recoil
|move|p2b: Skarmory|Tailwind|p2b: Skarmory
|-sidestart|p2: Atzel22|move: Tailwind
|
|upkeep
|
|t:|1785216910
|switch|p2a: Garchomp|Garchomp, L50, F|100/100
|turn|2
|
|t:|1785216917
|move|p2b: Skarmory|Protect|p2b: Skarmory
|-singleturn|p2b: Skarmory|Protect
|move|p2a: Garchomp|Dragon Claw|p1a: Talonflame
|-damage|p1a: Talonflame|0 fnt
|faint|p1a: Talonflame
|-damage|p2a: Garchomp|90/100|[from] item: Life Orb
|move|p1b: Weavile|Triple Axel|p2a: Garchomp
|-supereffective|p2a: Garchomp|2
|-damage|p2a: Garchomp|44/100
|-damage|p1b: Weavile|87/100|[from] ability: Rough Skin|[of] p2a: Garchomp
|-supereffective|p2a: Garchomp|2
|-damage|p2a: Garchomp|0 fnt
|-damage|p1b: Weavile|75/100|[from] ability: Rough Skin|[of] p2a: Garchomp
|faint|p2a: Garchomp
|-hitcount|p2: Garchomp|2
|
|upkeep
|
|t:|1785216933
|switch|p1a: Gardevoir|Gardevoir, L50, M|100/100
|switch|p2a: Qwilfish|Qwilfish, L50, M|100/100
|-ability|p2a: Qwilfish|Intimidate|boost
|-unboost|p1a: Gardevoir|atk|1
|-unboost|p1b: Weavile|atk|1
|-ability|p1a: Gardevoir|Intimidate|Trace|[from] ability: Trace|[of] p2a: Qwilfish
|-ability|p1a: Gardevoir|Intimidate|boost
|-unboost|p2a: Qwilfish|atk|1
|-unboost|p2b: Skarmory|atk|1
|turn|3
|
|t:|1785216958
|detailschange|p1a: Gardevoir|Gardevoir-Mega, L50, M
|-mega|p1a: Gardevoir|Gardevoir|Gardevoirite
|move|p2b: Skarmory|Iron Head|p1b: Weavile
|-supereffective|p1b: Weavile|1
|-damage|p1b: Weavile|0 fnt
|faint|p1b: Weavile
|move|p2a: Qwilfish|Gunk Shot|p1a: Gardevoir
|-supereffective|p1a: Gardevoir|1
|-damage|p1a: Gardevoir|0 fnt
|faint|p1a: Gardevoir
|
|upkeep
|
|t:|1785216970
|switch|p1b: Gengar|Gengar, L50, M|100/100
|turn|4
|
|t:|1785216991
|move|p2b: Skarmory|Drill Run|p2a: Qwilfish|[miss]
|-miss|p2b: Skarmory|p2a: Qwilfish
|move|p2a: Qwilfish|Thunder Wave|p1b: Gengar
|-status|p1b: Gengar|par
|move|p1b: Gengar|Shadow Ball|p2b: Skarmory
|-damage|p2b: Skarmory|30/100
|-damage|p1b: Gengar|90/100 par|[from] item: Life Orb
|
|-sideend|p2: Atzel22|move: Tailwind
|upkeep
|turn|5
|
|t:|1785217007
|move|p2b: Skarmory|Drill Run|p1b: Gengar
|-supereffective|p1b: Gengar|1
|-damage|p1b: Gengar|8/100 par
|move|p2a: Qwilfish|Liquidation|p1b: Gengar
|-damage|p1b: Gengar|0 fnt
|faint|p1b: Gengar
|
|win|Atzel22
