|j|☆notdoodenberg
|j|☆DieGuitoRra
|html|notdoodenbergDieGuitoRra    
|uhtml|bestof|Game 2 of a best-of-3
|t:|1784567658
|gametype|doubles
|player|p1|notdoodenberg|265|1180
|player|p2|DieGuitoRra|youngcouple|1119
|gen|9
|tier|[Gen 9 Champions] VGC 2026 Reg M-B (Bo3)
|rated|
|rule|Species Clause: Limit one of each Pokémon
|rule|Item Clause: Limit 1 of each item
|clearpoke
|poke|p1|Floette-Eternal, L50, F|
|poke|p1|Delphox, L50, M|
|poke|p1|Sneasler, L50, F|
|poke|p1|Incineroar, L50, M|
|poke|p1|Kingambit, L50, M|
|poke|p1|Sinistcha, L50|
|poke|p2|Kingambit, L50, M, shiny|
|poke|p2|Charizard, L50, F, shiny|
|poke|p2|Aerodactyl, L50, F, shiny|
|poke|p2|Farigiraf, L50, F, shiny|
|poke|p2|Garchomp, L50, M, shiny|
|poke|p2|Sylveon, L50, M, shiny|
|teampreview|4
|showteam|p1|Floette-Eternal||Floettite|FlowerVeil|Protect,CalmMind,DazzlingGleam,Moonblast|Timid||F|||50|]Delphox||Delphoxite|Blaze|Protect,NastyPlot,Psychic,HeatWave|Modest||M|||50|]Sneasler||FocusSash|PoisonTouch|FakeOut,PoisonJab,CloseCombat,RockTomb|Jolly||F|||50|]Incineroar||SitrusBerry|Intimidate|FakeOut,ThroatChop,PartingShot,FlareBlitz|Careful||M|||50|]Kingambit||LifeOrb|Defiant|Protect,SwordsDance,SuckerPunch,KowtowCleave|Adamant||M|||50|]Sinistcha||OccaBerry|Hospitality|Protect,TrickRoom,RagePowder,MatchaGotcha|Bold|||||50|
|showteam|p2|Kingambit||FocusSash|Defiant|IronHead,LowKick,SuckerPunch,KowtowCleave|Adamant||M|||50|]Charizard||CharizarditeY|Blaze|HeatWave,WeatherBall,SolarBeam,Protect|Modest||F|||50|]Aerodactyl||Aerodactylite|RockHead|RockSlide,DualWingbeat,Tailwind,WideGuard|Jolly||F|||50|]Farigiraf||SitrusBerry|ArmorTail|TwinBeam,Thunderbolt,TrickRoom,Roar|Bold||F|||50|]Garchomp||LifeOrb|RoughSkin|DragonClaw,StompingTantrum,Earthquake,Protect|Jolly||M|||50|]Sylveon||FairyFeather|Pixilate|HyperVoice,HyperBeam,QuickAttack,Detect|Modest||M|||50|
|inactive|Battle timer is ON: inactive players will automatically lose when time's up. (requested by DieGuitoRra)
|inactive|notdoodenberg has 60 seconds left.
|inactive|DieGuitoRra has 60 seconds left.
|
|t:|1784567711
|teamsize|p1|4
|teamsize|p2|4
|start
|switch|p1a: Floette|Floette-Eternal, L50, F|100/100
|switch|p1b: Sneasler|Sneasler, L50, F|100/100
|switch|p2a: Farigiraf|Farigiraf, L50, F, shiny|100/100
|switch|p2b: Aerodactyl|Aerodactyl, L50, F, shiny|100/100
|turn|1
|inactive|notdoodenberg has 30 seconds left.
|inactive|DieGuitoRra has 30 seconds left.
|inactive|notdoodenberg has 20 seconds left.
|inactive|DieGuitoRra has 20 seconds left.
|inactive|DieGuitoRra has 15 seconds left.
|inactive|DieGuitoRra has 10 seconds left.
|inactive|DieGuitoRra has 5 seconds left.
|
|t:|1784567766
|switch|p1b: Incineroar|Incineroar, L50, M|100/100
|-ability|p1b: Incineroar|Intimidate|boost
|-unboost|p2a: Farigiraf|atk|1
|-unboost|p2b: Aerodactyl|atk|1
|detailschange|p1a: Floette|Floette-Mega, L50, F
|-mega|p1a: Floette|Floette|Floettite
|-ability|p1a: Floette|Fairy Aura
|move|p2b: Aerodactyl|Rock Slide|p1a: Floette|[spread] p1a,p1b
|-supereffective|p1b: Incineroar|1
|-damage|p1a: Floette|85/100
|-damage|p1b: Incineroar|75/100
|move|p1a: Floette|Moonblast|p2b: Aerodactyl
|-damage|p2b: Aerodactyl|10/100
|move|p2a: Farigiraf|Twin Beam|p1a: Floette
|-damage|p1a: Floette|74/100
|-damage|p1a: Floette|62/100
|-hitcount|p1a: Floette|2
|
|upkeep
|turn|2
|inactive|notdoodenberg has 30 seconds left.
|inactive|DieGuitoRra has 30 seconds left.
|
|t:|1784567800
|detailschange|p2b: Aerodactyl|Aerodactyl-Mega, L50, F, shiny
|-mega|p2b: Aerodactyl|Aerodactyl|Aerodactylite
|move|p2b: Aerodactyl|Rock Slide|p1b: Incineroar|[spread] p1a,p1b
|-supereffective|p1b: Incineroar|1
|-damage|p1a: Floette|44/100
|-damage|p1b: Incineroar|44/100
|-enditem|p1b: Incineroar|Sitrus Berry|[eat]
|-heal|p1b: Incineroar|69/100|[from] item: Sitrus Berry
|move|p1a: Floette|Dazzling Gleam|p2a: Farigiraf|[spread] p2a,p2b
|-damage|p2a: Farigiraf|62/100
|-damage|p2b: Aerodactyl|0 fnt
|faint|p2b: Aerodactyl
|move|p2a: Farigiraf|Thunderbolt|p1a: Floette
|-crit|p1a: Floette
|-damage|p1a: Floette|22/100
|move|p1b: Incineroar|Throat Chop|p2a: Farigiraf
|-supereffective|p2a: Farigiraf|1
|-damage|p2a: Farigiraf|12/100
|-start|p2a: Farigiraf|Throat Chop|[silent]
|-enditem|p2a: Farigiraf|Sitrus Berry|[eat]
|-heal|p2a: Farigiraf|37/100|[from] item: Sitrus Berry
|
|upkeep
|
|t:|1784567813
|switch|p2b: Sylveon|Sylveon, L50, M, shiny|100/100
|turn|3
|
|t:|1784567838
|move|p1a: Floette|Protect|p1a: Floette
|-singleturn|p1a: Floette|Protect
|move|p2b: Sylveon|Hyper Voice|p1a: Floette|[spread] p1b
|-activate|p1a: Floette|move: Protect
|-damage|p1b: Incineroar|19/100
|move|p2a: Farigiraf|Thunderbolt|p1a: Floette
|-activate|p1a: Floette|move: Protect
|move|p1b: Incineroar|Throat Chop|p2b: Sylveon
|-resisted|p2b: Sylveon|1
|-damage|p2b: Sylveon|81/100
|-start|p2b: Sylveon|Throat Chop|[silent]
|
|-end|p2a: Farigiraf|Throat Chop|[silent]
|upkeep
|turn|4
|inactive|notdoodenberg has 30 seconds left.
|inactive|DieGuitoRra has 30 seconds left.
|inactive|DieGuitoRra has 20 seconds left.
|inactive|notdoodenberg has 20 seconds left.
|
|t:|1784567882
|move|p2b: Sylveon|Quick Attack|p1a: Floette
|-damage|p1a: Floette|3/100
|move|p1a: Floette|Dazzling Gleam|p2b: Sylveon|[spread] p2a,p2b
|-damage|p2a: Farigiraf|0 fnt
|-damage|p2b: Sylveon|49/100
|faint|p2a: Farigiraf
|move|p1b: Incineroar|Flare Blitz|p2b: Sylveon
|-crit|p2b: Sylveon
|-damage|p2b: Sylveon|0 fnt
|faint|p2b: Sylveon
|-damage|p1b: Incineroar|5/100|[from] Recoil
|
|upkeep
|inactive|DieGuitoRra has 30 seconds left.
|inactive|DieGuitoRra has 20 seconds left.
|
|t:|1784567918
|switch|p2b: Kingambit|Kingambit, L50, M, shiny|100/100
|turn|5
|
|t:|1784567924
|move|p2b: Kingambit|Sucker Punch|p1b: Incineroar
|-resisted|p1b: Incineroar|1
|-damage|p1b: Incineroar|0 fnt
|faint|p1b: Incineroar
|move|p1a: Floette|Moonblast|p2b: Kingambit
|-damage|p2b: Kingambit|15/100
|
|upkeep
|
|t:|1784567929
|switch|p1b: Sneasler|Sneasler, L50, F|100/100
|turn|6
|-message|DieGuitoRra forfeited.
|
|win|notdoodenberg
|raw|notdoodenberg's rating: 1180 → 1201(+21 for winning)
|raw|DieGuitoRra's rating: 1119 → 1098(-21 for losing)
|l|☆DieGuitoRra
|player|p2|
