|j|☆supaeTheGoat
|j|☆GabeLev
|html|supaeTheGoatGabeLev    
|uhtml|bestof|Game 2 of a best-of-3
|t:|1783099188
|gametype|doubles
|player|p1|supaeTheGoat|benga|
|player|p2|GabeLev|102|
|gen|9
|tier|[Gen 9 Champions] VGC 2026 Reg M-B (Bo3)
|rule|Species Clause: Limit one of each Pokémon
|rule|Item Clause: Limit 1 of each item
|clearpoke
|poke|p1|Tyranitar, L50, M, shiny|
|poke|p1|Milotic, L50, M, shiny|
|poke|p1|Aegislash, L50, F, shiny|
|poke|p1|Basculegion, L50, M, shiny|
|poke|p1|Volcarona, L50, M, shiny|
|poke|p1|Tsareena, L50, F, shiny|
|poke|p2|Hippowdon, L50, M|
|poke|p2|Excadrill, L50, F, shiny|
|poke|p2|Sinistcha-Masterpiece, L50, shiny|
|poke|p2|Scovillain, L50, F, shiny|
|poke|p2|Slowbro-Galar, L50, M, shiny|
|poke|p2|Infernape, L50, M, shiny|
|teampreview|4
|showteam|p1|Tyranitar||Tyranitarite|SandStream|Protect,KnockOff,DragonDance,RockSlide|Adamant||M|||50|]Milotic||Leftovers|Competitive|Hypnosis,Coil,Protect,MuddyWater|Calm||M|||50|]Aegislash||LifeOrb|StanceChange|WideGuard,KingsShield,FlashCannon,ShadowBall|Modest||F|||50|]Basculegion||ChoiceScarf|Adaptability|FlipTurn,LastRespects,WaveCrash,AquaJet|Jolly||M|||50|]Volcarona||MentalHerb|FlameBody|RagePowder,WillOWisp,Protect,Overheat|Calm||M|||50|]Tsareena||SitrusBerry|QueenlyMajesty|TropKick,TripleAxel,Taunt,Protect|Careful||F|||50|
|showteam|p2|Hippowdon||SmoothRock|SandStream|HighHorsepower,Protect,RockSlide,Yawn|Impish||M|||50|]Excadrill||LifeOrb|SandRush|Earthquake,IronHead,HighHorsepower,Protect|Adamant||F|||50|]Sinistcha-Masterpiece||SitrusBerry|Hospitality|MatchaGotcha,LifeDew,RagePowder,ShadowBall|Bold|||||50|]Scovillain||Scovillainite|Chlorophyll|EnergyBall,Overheat,RagePowder,Protect|Modest||F|||50|]Slowbro-Galar||QuickClaw|QuickDraw|ShellSideArm,Psychic,IceBeam,Protect|Quiet||M|||50|]Infernape||FocusSash|IronFist|FirePunch,DrainPunch,FakeOut,Uturn|Adamant||M|||50|
|inactive|Battle timer is ON: inactive players will automatically lose when time's up. (requested by supaeTheGoat)
|inactiveoff|Battle timer is now OFF.
|
|t:|1783099217
|teamsize|p1|4
|teamsize|p2|4
|start
|switch|p1a: Volcarona|Volcarona, L50, M, shiny|100/100
|switch|p1b: Basculegion|Basculegion, L50, M, shiny|100/100
|switch|p2a: Jesus Himself|Hippowdon, L50, M|100/100
|switch|p2b: P Diddy|Excadrill, L50, F, shiny|100/100
|-weather|Sandstorm|[from] ability: Sand Stream|[of] p2a: Jesus Himself
|turn|1
|
|t:|1783099234
|move|p1a: Volcarona|Protect|p1a: Volcarona
|-singleturn|p1a: Volcarona|Protect
|move|p2b: P Diddy|Earthquake|p1b: Basculegion|[spread] p2a,p1b
|-activate|p1a: Volcarona|move: Protect
|-damage|p2a: Jesus Himself|71/100
|-damage|p1b: Basculegion|20/100y
|-damage|p2b: P Diddy|90/100|[from] item: Life Orb
|move|p1b: Basculegion|Flip Turn|p2b: P Diddy
|-supereffective|p2b: P Diddy|1
|-damage|p2b: P Diddy|0 fnt
|faint|p2b: P Diddy
|
|t:|1783099247
|switch|p1b: Milotic|Milotic, L50, M, shiny|100/100|[from] Flip Turn
|move|p2a: Jesus Himself|Rock Slide|p1a: Volcarona|[spread] p1b
|-activate|p1a: Volcarona|move: Protect
|-damage|p1b: Milotic|85/100
|
|-weather|Sandstorm|[upkeep]
|-damage|p1a: Volcarona|94/100|[from] Sandstorm
|-damage|p1b: Milotic|79/100|[from] Sandstorm
|-heal|p1b: Milotic|85/100|[from] item: Leftovers
|upkeep
|
|t:|1783099262
|switch|p2b: Spiseeeaayyy|Scovillain, L50, F, shiny|100/100
|turn|2
|
|t:|1783099282
|detailschange|p2b: Spiseeeaayyy|Scovillain-Mega, L50, F, shiny
|-mega|p2b: Spiseeeaayyy|Scovillain|Scovillainite
|move|p2b: Spiseeeaayyy|Rage Powder|p2b: Spiseeeaayyy
|-singleturn|p2b: Spiseeeaayyy|move: Rage Powder
|move|p1a: Volcarona|Overheat|p2b: Spiseeeaayyy
|-damage|p2b: Spiseeeaayyy|43/100
|-unboost|p1a: Volcarona|spa|2
|-immune|p1a: Volcarona
|move|p1b: Milotic|Coil|p1b: Milotic
|-boost|p1b: Milotic|atk|1
|-boost|p1b: Milotic|def|1
|-boost|p1b: Milotic|accuracy|1
|move|p2a: Jesus Himself|Rock Slide|p1a: Volcarona|[spread] p1a,p1b
|-supereffective|p1a: Volcarona|2
|-damage|p1a: Volcarona|23/100
|-damage|p1b: Milotic|75/100
|
|-weather|Sandstorm|[upkeep]
|-damage|p1a: Volcarona|17/100|[from] Sandstorm
|-damage|p1b: Milotic|69/100|[from] Sandstorm
|-damage|p2b: Spiseeeaayyy|37/100|[from] Sandstorm
|-heal|p1b: Milotic|75/100|[from] item: Leftovers
|upkeep
|turn|3
|
|t:|1783099338
|move|p1a: Volcarona|Will-O-Wisp|p2a: Jesus Himself
|-status|p2a: Jesus Himself|brn
|move|p1b: Milotic|Muddy Water|p2b: Spiseeeaayyy|[spread] p2a,p2b
|-supereffective|p2a: Jesus Himself|1
|-damage|p2a: Jesus Himself|18/100 brn
|-damage|p2b: Spiseeeaayyy|15/100
|-status|p1b: Milotic|brn|[from] ability: Spicy Spray|[of] p2b: Spiseeeaayyy
|move|p2b: Spiseeeaayyy|Energy Ball|p1b: Milotic
|-supereffective|p1b: Milotic|1
|-damage|p1b: Milotic|24/100 brn
|move|p2a: Jesus Himself|High Horsepower|p1b: Milotic
|-damage|p1b: Milotic|10/100 brn
|
|-weather|Sandstorm|[upkeep]
|-damage|p1a: Volcarona|11/100|[from] Sandstorm
|-damage|p1b: Milotic|4/100 brn|[from] Sandstorm
|-damage|p2b: Spiseeeaayyy|9/100|[from] Sandstorm
|-heal|p1b: Milotic|10/100 brn|[from] item: Leftovers
|-damage|p1b: Milotic|4/100 brn|[from] brn
|-damage|p2a: Jesus Himself|12/100 brn|[from] brn
|upkeep
|turn|4
|
|t:|1783099374
|move|p2b: Spiseeeaayyy|Protect|p2b: Spiseeeaayyy
|-singleturn|p2b: Spiseeeaayyy|Protect
|move|p2a: Jesus Himself|Protect|p2a: Jesus Himself
|-singleturn|p2a: Jesus Himself|Protect
|move|p1a: Volcarona|Rage Powder|p1a: Volcarona
|-singleturn|p1a: Volcarona|move: Rage Powder
|move|p1b: Milotic|Muddy Water|p2b: Spiseeeaayyy|[spread] 
|-activate|p2a: Jesus Himself|move: Protect
|-activate|p2b: Spiseeeaayyy|move: Protect
|
|-weather|Sandstorm|[upkeep]
|-damage|p1a: Volcarona|5/100|[from] Sandstorm
|-damage|p1b: Milotic|0 fnt|[from] Sandstorm
|-damage|p2b: Spiseeeaayyy|3/100|[from] Sandstorm
|faint|p1b: Milotic
|-damage|p2a: Jesus Himself|6/100 brn|[from] brn
|upkeep
|
|t:|1783099382
|switch|p1b: Tyranitar|Tyranitar, L50, M, shiny|100/100
|turn|5
|
|t:|1783099419
|move|p1a: Volcarona|Protect|p1a: Volcarona
|-singleturn|p1a: Volcarona|Protect
|move|p1b: Tyranitar|Protect|p1b: Tyranitar
|-singleturn|p1b: Tyranitar|Protect
|move|p2b: Spiseeeaayyy|Rage Powder|p2b: Spiseeeaayyy
|-singleturn|p2b: Spiseeeaayyy|move: Rage Powder
|move|p2a: Jesus Himself|Rock Slide|p1a: Volcarona|[spread] 
|-activate|p1a: Volcarona|move: Protect
|-activate|p1b: Tyranitar|move: Protect
|
|-weather|Sandstorm|[upkeep]
|-damage|p1a: Volcarona|0 fnt|[from] Sandstorm
|-damage|p2b: Spiseeeaayyy|0 fnt|[from] Sandstorm
|faint|p1a: Volcarona
|faint|p2b: Spiseeeaayyy
|-damage|p2a: Jesus Himself|0 fnt|[from] brn
|faint|p2a: Jesus Himself
|upkeep
|
|t:|1783099438
|switch|p1a: Basculegion|Basculegion, L50, M, shiny|20/100y
|switch|p2a: Kirk|Slowbro-Galar, L50, M, shiny|100/100
|turn|6
|-activate|p2a: Kirk|ability: Quick Draw
|
|t:|1783099450
|detailschange|p1b: Tyranitar|Tyranitar-Mega, L50, M, shiny
|-mega|p1b: Tyranitar|Tyranitar|Tyranitarite
|move|p2a: Kirk|Ice Beam|p1a: Basculegion
|-resisted|p1a: Basculegion|1
|-damage|p1a: Basculegion|4/100
|-status|p1a: Basculegion|frz
|cant|p1a: Basculegion|frz
|move|p1b: Tyranitar|Knock Off|p2a: Kirk
|-supereffective|p2a: Kirk|1
|-damage|p2a: Kirk|0 fnt
|-enditem|p2a: Kirk|Quick Claw|[from] move: Knock Off|[of] p1b: Tyranitar
|faint|p2a: Kirk
|
|win|supaeTheGoat
