|j|☆IronStandsEternal
|j|☆mjs_12
|html|IronStandsEternalmjs_12    
|uhtml|bestof|Game 2 of a best-of-3
|t:|1757102521
|gametype|doubles
|player|p1|IronStandsEternal|flint|1206
|player|p2|mjs_12|102|1155
|gen|9
|tier|[Gen 9] VGC 2025 Reg H (Bo3)
|rated|
|rule|Species Clause: Limit one of each Pokémon
|rule|Item Clause: Limit 1 of each item
|clearpoke
|poke|p1|Rillaboom, L50, M|
|poke|p1|Dragonite, L50, M|
|poke|p1|Sneasler, L50, M|
|poke|p1|Ninetales-Alola, L50, F|
|poke|p1|Kingambit, L50, M|
|poke|p1|Volcarona, L50, M|
|poke|p2|Reuniclus, L50, M|
|poke|p2|Indeedee-F, L50, F|
|poke|p2|Tyranitar, L50, F|
|poke|p2|Annihilape, L50, F|
|poke|p2|Incineroar, L50, F|
|poke|p2|Primarina, L50, M|
|teampreview|4
|showteam|p1|Rillaboom||AssaultVest|GrassySurge|WoodHammer,GrassyGlide,HighHorsepower,FakeOut|||M|||50|,,,,,Fire]Dragonite||LoadedDice|Multiscale|Protect,ScaleShot,LowKick,Haze|||M|||50|,,,,,Fairy]Sneasler||WhiteHerb|Unburden|Protect,DireClaw,CloseCombat,Coaching|||M|||50|,,,,,Ghost]Ninetales-Alola||ChoiceSpecs|SnowWarning|Blizzard,IcyWind,Moonblast,FreezeDry|||F|||50|,,,,,Ghost]Kingambit||SafetyGoggles|Defiant|Protect,KowtowCleave,SuckerPunch,SwordsDance|||M|||50|,,,,,Dark]Volcarona||CovertCloak|FlameBody|StruggleBug,RagePowder,Overheat,WillOWisp|||M|||50|,,,,,Fairy
|showteam|p2|Reuniclus||LifeOrb|MagicGuard|ExpandingForce,TrickRoom,EnergyBall,Protect|||M|||50|,,,,,Grass]Indeedee-F||SafetyGoggles|PsychicSurge|FollowMe,TrickRoom,Psychic,SkillSwap|||F|||50|,,,,,Fairy]Tyranitar||ClearAmulet|SandStream|RockSlide,Protect,KnockOff,HelpingHand|||F|||50|,,,,,Ghost]Annihilape||ChoiceScarf|Defiant|CloseCombat,FinalGambit,RageFist,Uturn|||F|||50|,,,,,Fire]Incineroar||AssaultVest|Intimidate|FakeOut,KnockOff,Uturn,FlareBlitz|||F|||50|,,,,,Ghost]Primarina||Leftovers|LiquidVoice|HyperVoice,Moonblast,Haze,Protect|||M|||50|,,,,,Water
|inactive|Battle timer is ON: inactive players will automatically lose when time's up. (requested by mjs_12)
|inactive|IronStandsEternal has 60 seconds left.
|
|t:|1757102600
|teamsize|p1|4
|teamsize|p2|4
|start
|switch|p1a: Sneasler|Sneasler, L50, M|100/100
|switch|p1b: Dragonite|Dragonite, L50, M|100/100
|switch|p2a: Incineroar|Incineroar, L50, F|100/100
|switch|p2b: Primarina|Primarina, L50, M|100/100
|-ability|p2a: Incineroar|Intimidate|boost
|-unboost|p1a: Sneasler|atk|1
|-unboost|p1b: Dragonite|atk|1
|-enditem|p1a: Sneasler|White Herb
|-clearnegativeboost|p1a: Sneasler|[silent]
|turn|1
|inactive|mjs_12 has 30 seconds left.
|inactive|mjs_12 has 20 seconds left.
|inactive|mjs_12 has 15 seconds left.
|inactive|mjs_12 has 10 seconds left.
|
|t:|1757102649
|switch|p2a: Annihilape|Annihilape, L50, F|100/100
|move|p1a: Sneasler|Protect|p1a: Sneasler
|-singleturn|p1a: Sneasler|Protect
|move|p1b: Dragonite|Protect|p1b: Dragonite
|-singleturn|p1b: Dragonite|Protect
|move|p2b: Primarina|Protect||[still]
|-fail|p2b: Primarina
|
|upkeep
|turn|2
|inactive|IronStandsEternal has 30 seconds left.
|inactive|mjs_12 has 30 seconds left.
|inactive|mjs_12 has 20 seconds left.
|
|t:|1757102689
|switch|p2a: Incineroar|Incineroar, L50, F|100/100
|-ability|p2a: Incineroar|Intimidate|boost
|-unboost|p1a: Sneasler|atk|1
|-unboost|p1b: Dragonite|atk|1
|-terastallize|p1a: Sneasler|Ghost
|move|p1a: Sneasler|Dire Claw|p2b: Primarina
|-supereffective|p2b: Primarina
|-damage|p2b: Primarina|32/100
|move|p1b: Dragonite|Scale Shot|p2a: Incineroar
|-crit|p2a: Incineroar
|-damage|p2a: Incineroar|80/100
|-damage|p2a: Incineroar|72/100
|-damage|p2a: Incineroar|65/100
|-damage|p2a: Incineroar|58/100
|-damage|p2a: Incineroar|51/100
|-hitcount|p2a: Incineroar|5
|-unboost|p1b: Dragonite|def|1
|-boost|p1b: Dragonite|spe|1
|move|p2b: Primarina|Moonblast|p1b: Dragonite
|-supereffective|p1b: Dragonite
|-damage|p1b: Dragonite|43/100
|
|-heal|p2b: Primarina|38/100|[from] item: Leftovers
|upkeep
|turn|3
|inactive|IronStandsEternal has 30 seconds left.
|
|t:|1757102719
|switch|p1b: Rillaboom|Rillaboom, L50, M|100/100
|-fieldstart|move: Grassy Terrain|[from] ability: Grassy Surge|[of] p1b: Rillaboom
|move|p2b: Primarina|Protect|p2b: Primarina
|-singleturn|p2b: Primarina|Protect
|move|p1a: Sneasler|Dire Claw|p2b: Primarina
|-activate|p2b: Primarina|move: Protect
|move|p2a: Incineroar|Knock Off|p1a: Sneasler
|-supereffective|p1a: Sneasler
|-damage|p1a: Sneasler|0 fnt
|faint|p1a: Sneasler
|
|-heal|p2b: Primarina|43/100|[from] Grassy Terrain
|-heal|p2b: Primarina|49/100|[from] item: Leftovers
|-heal|p2a: Incineroar|56/100|[from] Grassy Terrain
|upkeep
|
|t:|1757102724
|switch|p1a: Dragonite|Dragonite, L50, M|43/100
|turn|4
|
|t:|1757102746
|-terastallize|p2a: Incineroar|Ghost
|move|p1a: Dragonite|Scale Shot|p2a: Incineroar
|-damage|p2a: Incineroar|41/100
|-damage|p2a: Incineroar|27/100
|-damage|p2a: Incineroar|13/100
|-damage|p2a: Incineroar|0 fnt
|faint|p2a: Incineroar
|-hitcount|p2: Incineroar|4
|-unboost|p1a: Dragonite|def|1
|-boost|p1a: Dragonite|spe|1
|move|p1b: Rillaboom|Wood Hammer|p2b: Primarina
|-supereffective|p2b: Primarina
|-damage|p2b: Primarina|0 fnt
|faint|p2b: Primarina
|-damage|p1b: Rillaboom|86/100|[from] Recoil
|
|-heal|p1b: Rillaboom|92/100|[from] Grassy Terrain
|upkeep
|
|t:|1757102762
|switch|p2b: Tyranitar|Tyranitar, L50, F|100/100
|switch|p2a: Annihilape|Annihilape, L50, F|100/100
|-weather|Sandstorm|[from] ability: Sand Stream|[of] p2b: Tyranitar
|turn|5
|inactive|IronStandsEternal has 30 seconds left.
|
|t:|1757102794
|move|p2a: Annihilape|Close Combat|p1b: Rillaboom
|-damage|p1b: Rillaboom|42/100
|-unboost|p2a: Annihilape|def|1
|-unboost|p2a: Annihilape|spd|1
|move|p1a: Dragonite|Scale Shot|p2a: Annihilape
|-damage|p2a: Annihilape|80/100
|-damage|p2a: Annihilape|56/100
|-damage|p2a: Annihilape|32/100
|-damage|p2a: Annihilape|10/100
|-damage|p2a: Annihilape|0 fnt
|faint|p2a: Annihilape
|-hitcount|p2: Annihilape|5
|-unboost|p1a: Dragonite|def|1
|-boost|p1a: Dragonite|spe|1
|move|p1b: Rillaboom|Wood Hammer|p2b: Tyranitar
|-supereffective|p2b: Tyranitar
|-damage|p2b: Tyranitar|0 fnt
|faint|p2b: Tyranitar
|-damage|p1b: Rillaboom|7/100|[from] Recoil
|
|win|IronStandsEternal
|inactive|IronStandsEternal has 30 seconds to confirm battle start!
|inactive|mjs_12 has 30 seconds to confirm battle start!
||mjs_12 is ready for game 3.
|l|☆mjs_12
|player|p2|
|inactive|IronStandsEternal has 20 seconds to confirm battle start!
|inactive|IronStandsEternal has 10 seconds to confirm battle start!
||IronStandsEternal is ready for game 3.
|uhtml|next|Next: Game 3 of 3
