|j|☆testdigi
|j|☆spain core
|html|testdigispain core    
|uhtml|bestof|Game 3 of a best-of-3
|t:|1785251502
|gametype|doubles
|player|p1|testdigi|169|1106
|player|p2|spain core|leon|1193
|gen|9
|tier|[Gen 9 Champions] VGC 2026 Reg M-B (Bo3)
|rated|
|rule|Species Clause: Limit one of each Pokémon
|rule|Item Clause: Limit 1 of each item
|clearpoke
|poke|p1|Staraptor, L50, F|
|poke|p1|Garchomp, L50, M|
|poke|p1|Whimsicott, L50, F|
|poke|p1|Delphox, L50, M|
|poke|p1|Kingambit, L50, M, shiny|
|poke|p1|Sinistcha-Masterpiece, L50|
|poke|p2|Kangaskhan, L50, F|
|poke|p2|Farigiraf, L50, F|
|poke|p2|Torkoal, L50, M|
|poke|p2|Hatterene, L50, F|
|poke|p2|Kingambit, L50, F|
|poke|p2|Venusaur, L50, M|
|teampreview|4
|showteam|p1|Staraptor||Staraptite|Intimidate|Protect,Roost,CloseCombat,BraveBird|Adamant||F|||50|]Garchomp||LifeOrb|RoughSkin|Protect,RockSlide,Earthquake,DragonClaw|Jolly||M|||50|]Whimsicott||FocusSash|Prankster|Moonblast,Tailwind,Charm,FakeTears|Timid||F|||50|]Delphox||Delphoxite|Magician|Protect,Psychic,HeatWave,Substitute|Modest||M|||50|]Kingambit||ChopleBerry|Defiant|KowtowCleave,Protect,SuckerPunch,LowKick|Serious||M|||50|]Sinistcha-Masterpiece||ColburBerry|Hospitality|MatchaGotcha,LifeDew,TrickRoom,Protect|Relaxed|||||50|
|showteam|p2|Kangaskhan||Kangaskhanite|Scrappy|FakeOut,DoubleEdge,Crunch,DrainPunch|Brave||F|||50|]Farigiraf||SitrusBerry|ArmorTail|Psychic,HyperVoice,TrickRoom,Protect|Quiet||F|||50|]Torkoal||Charcoal|Drought|Eruption,WeatherBall,EarthPower,Protect|Quiet||M|||50|]Hatterene||LifeOrb|MagicBounce|Psychic,DazzlingGleam,Protect,TrickRoom|Quiet||F|||50|]Kingambit||ExpertBelt|Defiant|KowtowCleave,SuckerPunch,IronHead,LowKick|Brave||F|||50|]Venusaur||FocusSash|Chlorophyll|EarthPower,SludgeBomb,SleepPowder,Protect|Modest||M|||50|
|inactive|Battle timer is ON: inactive players will automatically lose when time's up. (requested by spain core)
|inactive|testdigi has 60 seconds left.
|inactive|testdigi has 30 seconds left.
|
|t:|1785251572
|teamsize|p1|4
|teamsize|p2|4
|start
|switch|p1a: Garchomp|Garchomp, L50, M|100/100
|switch|p1b: Delphox|Delphox, L50, M|100/100
|switch|p2a: Kangaskhan|Kangaskhan, L50, F|100/100
|switch|p2b: Hatterene|Hatterene, L50, F|100/100
|turn|1
|
|t:|1785251606
|switch|p1a: Sinistcha|Sinistcha-Masterpiece, L50|100/100
|detailschange|p1b: Delphox|Delphox-Mega, L50, M
|-mega|p1b: Delphox|Delphox|Delphoxite
|move|p2a: Kangaskhan|Fake Out|p1a: Sinistcha
|-damage|p1a: Sinistcha|86/100
|move|p1b: Delphox|Heat Wave|p2b: Hatterene|[spread] p2a,p2b
|-damage|p2a: Kangaskhan|57/100
|-damage|p2b: Hatterene|50/100g
|move|p2b: Hatterene|Trick Room|p2b: Hatterene
|-fieldstart|move: Trick Room|[of] p2b: Hatterene
|
|upkeep
|turn|2
|inactive|spain core has 30 seconds left.
|inactive|testdigi has 30 seconds left.
|inactive|spain core has 20 seconds left.
|inactive|spain core has 15 seconds left.
|
|t:|1785251648
|switch|p1b: Kingambit|Kingambit, L50, M, shiny|100/100
|move|p2b: Hatterene|Psychic|p1a: Sinistcha
|-damage|p1a: Sinistcha|0 fnt
|faint|p1a: Sinistcha
|-damage|p2b: Hatterene|41/100|[from] item: Life Orb
|move|p2a: Kangaskhan|Double-Edge|p1b: Kingambit
|-resisted|p1b: Kingambit|1
|-damage|p1b: Kingambit|78/100
|-damage|p2a: Kangaskhan|50/100g|[from] Recoil
|
|upkeep
|
|t:|1785251659
|switch|p1a: Delphox|Delphox-Mega, L50, M|100/100
|turn|3
|
|t:|1785251669
|switch|p2b: Torkoal|Torkoal, L50, M|100/100
|-weather|SunnyDay|[from] ability: Drought|[of] p2b: Torkoal
|detailschange|p2a: Kangaskhan|Kangaskhan-Mega, L50, F
|-mega|p2a: Kangaskhan|Kangaskhan|Kangaskhanite
|move|p1b: Kingambit|Low Kick|p2a: Kangaskhan
|-supereffective|p2a: Kangaskhan|1
|-damage|p2a: Kangaskhan|0 fnt
|faint|p2a: Kangaskhan
|move|p1a: Delphox|Heat Wave|p2b: Torkoal
|-resisted|p2b: Torkoal|1
|-crit|p2b: Torkoal
|-damage|p2b: Torkoal|6/100
|
|-weather|SunnyDay|[upkeep]
|upkeep
|
|t:|1785251678
|switch|p2a: Kingambit|Kingambit, L50, F|100/100
|turn|4
|inactive|spain core has 30 seconds left.
|
|t:|1785251704
|move|p2b: Torkoal|Protect|p2b: Torkoal
|-singleturn|p2b: Torkoal|Protect
|move|p1a: Delphox|Protect|p1a: Delphox
|-singleturn|p1a: Delphox|Protect
|move|p1b: Kingambit|Sucker Punch||[still]
|-fail|p1b: Kingambit
|move|p2a: Kingambit|Low Kick|p1b: Kingambit
|-supereffective|p1b: Kingambit|2
|-enditem|p1b: Kingambit|Chople Berry|[eat]
|-enditem|p1b: Kingambit|Chople Berry|[weaken]
|-damage|p1b: Kingambit|5/100
|
|-weather|SunnyDay|[upkeep]
|upkeep
|turn|5
|inactive|spain core has 30 seconds left.
|
|t:|1785251732
|switch|p1a: Garchomp|Garchomp, L50, M|100/100
|move|p1b: Kingambit|Protect|p1b: Kingambit
|-singleturn|p1b: Kingambit|Protect
|move|p2a: Kingambit|Sucker Punch||[still]
|-fail|p2a: Kingambit
|move|p2b: Torkoal|Weather Ball|p1a: Garchomp
|-resisted|p1a: Garchomp|1
|-damage|p1a: Garchomp|57/100
|
|-weather|SunnyDay|[upkeep]
|-fieldend|move: Trick Room
|upkeep
|turn|6
|
|t:|1785251751
|switch|p1b: Delphox|Delphox-Mega, L50, M|100/100
|move|p2b: Torkoal|Protect|p2b: Torkoal
|-singleturn|p2b: Torkoal|Protect
|move|p2a: Kingambit|Sucker Punch|p1a: Garchomp
|-damage|p1a: Garchomp|16/100
|-damage|p2a: Kingambit|87/100|[from] ability: Rough Skin|[of] p1a: Garchomp
|move|p1a: Garchomp|Earthquake|p2a: Kingambit|[spread] p2a
|-activate|p2b: Torkoal|move: Protect
|-immune|p1b: Delphox|[from] ability: Levitate
|-supereffective|p2a: Kingambit|1
|-damage|p2a: Kingambit|7/100
|-damage|p1a: Garchomp|6/100|[from] item: Life Orb
|
|-weather|SunnyDay|[upkeep]
|upkeep
|turn|7
|
|t:|1785251766
|switch|p1a: Kingambit|Kingambit, L50, M, shiny|5/100
|move|p2a: Kingambit|Sucker Punch||[still]
|-fail|p2a: Kingambit
|move|p1b: Delphox|Substitute|p1b: Delphox
|-start|p1b: Delphox|Substitute
|-damage|p1b: Delphox|75/100
|move|p2b: Torkoal|Eruption|p1a: Kingambit|[spread] p1a,p1b
|-resisted|p1b: Delphox|1
|-activate|p1b: Delphox|move: Substitute|[damage]
|-supereffective|p1a: Kingambit|1
|-damage|p1a: Kingambit|0 fnt
|faint|p1a: Kingambit
|
|-weather|none
|upkeep
|
|t:|1785251778
|switch|p1a: Garchomp|Garchomp, L50, M|6/100
|turn|8
|
|t:|1785251785
|move|p1a: Garchomp|Protect|p1a: Garchomp
|-singleturn|p1a: Garchomp|Protect
|move|p2b: Torkoal|Protect|p2b: Torkoal
|-singleturn|p2b: Torkoal|Protect
|move|p2a: Kingambit|Sucker Punch|p1b: Delphox
|-supereffective|p1b: Delphox|1
|-end|p1b: Delphox|Substitute
|move|p1b: Delphox|Heat Wave|p2b: Torkoal|[spread] p2a
|-activate|p2b: Torkoal|move: Protect
|-supereffective|p2a: Kingambit|1
|-damage|p2a: Kingambit|0 fnt
|faint|p2a: Kingambit
|
|upkeep
|
|t:|1785251787
|switch|p2a: Hatterene|Hatterene, L50, F|41/100
|turn|9
|
|t:|1785251797
|move|p2a: Hatterene|Protect|p2a: Hatterene
|-singleturn|p2a: Hatterene|Protect
|move|p1b: Delphox|Heat Wave|p2a: Hatterene|[spread] 
|-activate|p2a: Hatterene|move: Protect
|-miss|p1b: Delphox|p2b: Torkoal
|move|p1a: Garchomp|Earthquake|p2b: Torkoal|[spread] p2b
|-activate|p2a: Hatterene|move: Protect
|-immune|p1b: Delphox|[from] ability: Levitate
|-supereffective|p2b: Torkoal|1
|-damage|p2b: Torkoal|0 fnt
|faint|p2b: Torkoal
|-damage|p1a: Garchomp|0 fnt|[from] item: Life Orb
|faint|p1a: Garchomp
|
|upkeep
|turn|10
|
|t:|1785251818
|move|p1b: Delphox|Heat Wave|p2a: Hatterene
|-damage|p2a: Hatterene|0 fnt
|faint|p2a: Hatterene
|
|win|testdigi
