|j|☆sdfvsefve
|j|☆punishedmelody
|html|sdfvsefvepunishedmelody    
|uhtml|bestof|Game 1 of a best-of-3
|t:|1783737437
|gametype|doubles
|player|p1|sdfvsefve|169|1000
|player|p2|punishedmelody|taunie|1000
|gen|9
|tier|[Gen 9 Champions] VGC 2026 Reg M-B (Bo3)
|rated|
|rule|Species Clause: Limit one of each Pokémon
|rule|Item Clause: Limit 1 of each item
|clearpoke
|poke|p1|Clefable, L50, M|
|poke|p1|Swampert, L50, M|
|poke|p1|Pelipper, L50, F|
|poke|p1|Kingambit, L50, F|
|poke|p1|Sneasler, L50, F|
|poke|p1|Dragapult, L50, M|
|poke|p2|Blaziken, L50, M, shiny|
|poke|p2|Venusaur, L50, M|
|poke|p2|Ninetales-Alola, L50, M|
|poke|p2|Lycanroc-Dusk, L50, F|
|poke|p2|Kingambit, L50, M, shiny|
|poke|p2|Basculegion, L50, M|
|teampreview|4
|showteam|p1|Clefable||SitrusBerry|Unaware|FollowMe,Moonblast,PsychUp,SkillSwap|Modest||M|||50|]Swampert||Swampertite|Torrent|Protect,HighHorsepower,WaveCrash,IcePunch|Adamant||M|||50|]Pelipper||FocusSash|Drizzle|Hurricane,Tailwind,WeatherBall,Protect|Modest||F|||50|]Kingambit||BlackGlasses|Defiant|KowtowCleave,SuckerPunch,IronHead,Protect|Adamant||F|||50|]Sneasler||WhiteHerb|Unburden|Protect,FakeOut,DireClaw,CloseCombat|Jolly||F|||50|]Dragapult||LifeOrb|ClearBody|DracoMeteor,Protect,ShadowBall,Flamethrower|Timid||M|||50|
|showteam|p2|Blaziken||Blazikenite|SpeedBoost|FlareBlitz,CloseCombat,StoneEdge,Detect|Adamant||M|||50|]Venusaur||Venusaurite|Overgrow|GigaDrain,SludgeBomb,EarthPower,Protect|Modest||M|||50|]Ninetales-Alola||NeverMeltIce|SnowWarning|Blizzard,FreezeDry,Encore,Protect|Timid||M|||50|]Lycanroc-Dusk||FocusSash|ToughClaws|Accelerock,RockSlide,CloseCombat,Protect|Adamant||F|||50|]Kingambit||LifeOrb|Defiant|KowtowCleave,SuckerPunch,IronHead,Protect|Adamant||M|||50|]Basculegion||ChoiceScarf|Adaptability|WaveCrash,AquaJet,LastRespects,FlipTurn|Jolly||M|||50|
|inactive|Battle timer is ON: inactive players will automatically lose when time's up. (requested by sdfvsefve)
|inactive|sdfvsefve has 60 seconds left.
|inactive|punishedmelody has 60 seconds left.
|inactive|sdfvsefve has 30 seconds left.
|
|t:|1783737503
|teamsize|p1|4
|teamsize|p2|4
|start
|switch|p1a: Swampert|Swampert, L50, M|100/100
|switch|p1b: Dragapult|Dragapult, L50, M|100/100
|switch|p2a: Senbonzagura|Venusaur, L50, M|100/100
|switch|p2b: Tensa Zangetsu|Kingambit, L50, M, shiny|100/100
|turn|1
|
|t:|1783737522
|switch|p1b: Sneasler|Sneasler, L50, F|100/100
|detailschange|p2a: Senbonzagura|Venusaur-Mega, L50, M
|-mega|p2a: Senbonzagura|Venusaur|Venusaurite
|detailschange|p1a: Swampert|Swampert-Mega, L50, M
|-mega|p1a: Swampert|Swampert|Swampertite
|move|p1a: Swampert|Protect|p1a: Swampert
|-singleturn|p1a: Swampert|Protect
|move|p2b: Tensa Zangetsu|Sucker Punch||[still]
|-fail|p2b: Tensa Zangetsu
|move|p2a: Senbonzagura|Giga Drain|p1a: Swampert
|-activate|p1a: Swampert|move: Protect
|
|upkeep
|turn|2
|
|t:|1783737546
|switch|p1a: Pelipper|Pelipper, L50, F|100/100
|-weather|RainDance|[from] ability: Drizzle|[of] p1a: Pelipper
|move|p2a: Senbonzagura|Protect|p2a: Senbonzagura
|-singleturn|p2a: Senbonzagura|Protect
|move|p2b: Tensa Zangetsu|Protect|p2b: Tensa Zangetsu
|-singleturn|p2b: Tensa Zangetsu|Protect
|move|p1b: Sneasler|Fake Out|p2a: Senbonzagura
|-activate|p2a: Senbonzagura|move: Protect
|
|-weather|RainDance|[upkeep]
|upkeep
|turn|3
|
|t:|1783737557
|move|p2b: Tensa Zangetsu|Sucker Punch|p1b: Sneasler
|-resisted|p1b: Sneasler|1
|-damage|p1b: Sneasler|55/100
|-damage|p2b: Tensa Zangetsu|90/100|[from] item: Life Orb
|move|p1b: Sneasler|Close Combat|p2b: Tensa Zangetsu
|-supereffective|p2b: Tensa Zangetsu|2
|-damage|p2b: Tensa Zangetsu|0 fnt
|-unboost|p1b: Sneasler|def|1
|-unboost|p1b: Sneasler|spd|1
|faint|p2b: Tensa Zangetsu
|-enditem|p1b: Sneasler|White Herb
|-clearnegativeboost|p1b: Sneasler|[silent]
|move|p1a: Pelipper|Hurricane|p2a: Senbonzagura
|-supereffective|p2a: Senbonzagura|1
|-damage|p2a: Senbonzagura|18/100
|move|p2a: Senbonzagura|Earth Power|p1b: Sneasler
|-supereffective|p1b: Sneasler|1
|-damage|p1b: Sneasler|0 fnt
|faint|p1b: Sneasler
|
|-weather|RainDance|[upkeep]
|upkeep
|
|t:|1783737577
|switch|p1b: Dragapult|Dragapult, L50, M|100/100
|switch|p2b: Hakka no Togame|Ninetales-Alola, L50, M|100/100
|-weather|Snowscape|[from] ability: Snow Warning|[of] p2b: Hakka no Togame
|turn|4
|inactive|sdfvsefve has 30 seconds left.
|
|t:|1783737605
|switch|p1a: Swampert|Swampert-Mega, L50, M|100/100
|move|p2a: Senbonzagura|Protect|p2a: Senbonzagura
|-singleturn|p2a: Senbonzagura|Protect
|move|p1b: Dragapult|Flamethrower|p2b: Hakka no Togame
|-supereffective|p2b: Hakka no Togame|1
|-damage|p2b: Hakka no Togame|24/100
|-damage|p1b: Dragapult|90/100|[from] item: Life Orb
|move|p2b: Hakka no Togame|Blizzard|p1a: Swampert|[spread] p1a,p1b
|-supereffective|p1b: Dragapult|1
|-damage|p1a: Swampert|72/100
|-damage|p1b: Dragapult|0 fnt
|faint|p1b: Dragapult
|
|-weather|Snowscape|[upkeep]
|upkeep
|
|t:|1783737617
|switch|p1b: Pelipper|Pelipper, L50, F|100/100
|-weather|RainDance|[from] ability: Drizzle|[of] p1b: Pelipper
|turn|5
|
|t:|1783737627
|switch|p2b: La Muerte|Basculegion, L50, M|100/100
|move|p1a: Swampert|Protect|p1a: Swampert
|-singleturn|p1a: Swampert|Protect
|move|p1b: Pelipper|Hurricane|p2a: Senbonzagura
|-supereffective|p2a: Senbonzagura|1
|-damage|p2a: Senbonzagura|0 fnt
|faint|p2a: Senbonzagura
|
|-weather|RainDance|[upkeep]
|upkeep
|
|t:|1783737632
|switch|p2a: Hakka no Togame|Ninetales-Alola, L50, M|24/100
|-weather|Snowscape|[from] ability: Snow Warning|[of] p2a: Hakka no Togame
|turn|6
|
|t:|1783737651
|move|p1a: Swampert|Protect||[still]
|-fail|p1a: Swampert
|move|p2b: La Muerte|Last Respects|p1b: Pelipper
|-enditem|p1b: Pelipper|Focus Sash
|-damage|p1b: Pelipper|1/100
|move|p2a: Hakka no Togame|Freeze-Dry|p1a: Swampert
|-supereffective|p1a: Swampert|2
|-damage|p1a: Swampert|0 fnt
|faint|p1a: Swampert
|move|p1b: Pelipper|Tailwind|p1b: Pelipper
|-sidestart|p1: sdfvsefve|move: Tailwind
|
|-weather|Snowscape|[upkeep]
|upkeep
|turn|7
|
|t:|1783737664
|move|p1b: Pelipper|Hurricane|p2b: La Muerte|[miss]
|-miss|p1b: Pelipper|p2b: La Muerte
|move|p2b: La Muerte|Last Respects|p1b: Pelipper
|-damage|p1b: Pelipper|0 fnt
|faint|p1b: Pelipper
|
|win|punishedmelody
