|j|☆WASHINGTONGARGACHA
|j|☆Mkellyvgc
|html|WASHINGTONGARGACHAMkellyvgc    
|uhtml|bestof|Game 2 of a best-of-3
|t:|1756429759
|gametype|doubles
|player|p1|WASHINGTONGARGACHA|265|1078
|player|p2|Mkellyvgc|101|1164
|gen|9
|tier|[Gen 9] VGC 2025 Reg H (Bo3)
|rated|
|rule|Species Clause: Limit one of each Pokémon
|rule|Item Clause: Limit 1 of each item
|clearpoke
|poke|p1|Farigiraf, L50, F|
|poke|p1|Incineroar, L50, F|
|poke|p1|Rillaboom, L50, F|
|poke|p1|Gholdengo, L50|
|poke|p1|Kingambit, L50, M|
|poke|p1|Sneasler, L50, M|
|poke|p2|Garchomp, L50, M|
|poke|p2|Sneasler, L50, F|
|poke|p2|Gholdengo, L50|
|poke|p2|Incineroar, L50, F|
|poke|p2|Porygon2, L50|
|poke|p2|Amoonguss, L50, F|
|teampreview|4
|showteam|p1|Farigiraf||ThroatSpray|ArmorTail|HyperVoice,Psychic,TrickRoom,Protect|||F|||50|,,,,,Fairy]Incineroar||SafetyGoggles|Intimidate|FlareBlitz,FakeOut,KnockOff,PartingShot|||F|||50|,,,,,Ghost]Rillaboom||AssaultVest|GrassySurge|FakeOut,GrassyGlide,Uturn,WoodHammer|||F|||50|,,,,,Fire]Gholdengo||SitrusBerry|GoodasGold|MakeItRain,NastyPlot,ShadowBall,Protect||||||50|,,,,,Water]Kingambit||BlackGlasses|Defiant|SwordsDance,Protect,SuckerPunch,KowtowCleave|||M|||50|,,,,,Dark]Sneasler||GrassySeed|Unburden|DireClaw,CloseCombat,Protect,ThroatChop|||M|||50|,,,,,Stellar
|showteam|p2|Garchomp||LifeOrb|RoughSkin|Earthquake,StompingTantrum,DragonClaw,Protect|||M|||50|,,,,,Ground]Sneasler||FocusSash|PoisonTouch|DireClaw,CloseCombat,Coaching,Protect|||F|||50|,,,,,Stellar]Gholdengo||MetalCoat|GoodasGold|MakeItRain,ShadowBall,NastyPlot,Protect||||||50|,,,,,Water]Incineroar||SafetyGoggles|Intimidate|FakeOut,FlareBlitz,KnockOff,PartingShot|||F|||50|,,,,,Ghost]Porygon2||Eviolite|Download|TeraBlast,IceBeam,TrickRoom,Recover||||||50|,,,,,Fighting]Amoonguss||SitrusBerry|Regenerator|PollenPuff,Spore,RagePowder,Protect|||F|||50|,,,,,Fairy
|
|t:|1756429784
|teamsize|p1|4
|teamsize|p2|4
|start
|switch|p1a: Incineroar|Incineroar, L50, F|100/100
|switch|p1b: Kingambit|Kingambit, L50, M|100/100
|switch|p2a: Garchomp|Garchomp, L50, M|100/100
|switch|p2b: Sneasler|Sneasler, L50, F|100/100
|-ability|p1a: Incineroar|Intimidate|boost
|-unboost|p2a: Garchomp|atk|1
|-unboost|p2b: Sneasler|atk|1
|turn|1
|
|t:|1756429823
|-terastallize|p1b: Kingambit|Dark
|move|p2b: Sneasler|Protect|p2b: Sneasler
|-singleturn|p2b: Sneasler|Protect
|move|p1a: Incineroar|Fake Out|p2a: Garchomp
|-damage|p2a: Garchomp|86/100
|-damage|p1a: Incineroar|88/100|[from] ability: Rough Skin|[of] p2a: Garchomp
|cant|p2a: Garchomp|flinch
|move|p1b: Kingambit|Kowtow Cleave|p2a: Garchomp
|-damage|p2a: Garchomp|5/100
|-damage|p1b: Kingambit|88/100|[from] ability: Rough Skin|[of] p2a: Garchomp
|
|upkeep
|turn|2
|
|t:|1756429852
|switch|p1b: Rillaboom|Rillaboom, L50, F|100/100
|-fieldstart|move: Grassy Terrain|[from] ability: Grassy Surge|[of] p1b: Rillaboom
|-terastallize|p2b: Sneasler|Stellar
|move|p2b: Sneasler|Close Combat|p1b: Rillaboom
|-damage|p1b: Rillaboom|41/100
|-unboost|p2b: Sneasler|def|1
|-unboost|p2b: Sneasler|spd|1
|move|p2a: Garchomp|Stomping Tantrum|p1a: Incineroar
|-supereffective|p1a: Incineroar
|-damage|p1a: Incineroar|0 fnt
|faint|p1a: Incineroar
|-damage|p2a: Garchomp|0 fnt|[from] item: Life Orb
|faint|p2a: Garchomp
|
|-heal|p1b: Rillaboom|47/100|[from] Grassy Terrain
|upkeep
|
|t:|1756429873
|switch|p2a: Porygon2|Porygon2, L50|100/100
|switch|p1a: Gholdengo|Gholdengo, L50|100/100
|-ability|p2a: Porygon2|Download|boost
|-boost|p2a: Porygon2|spa|1
|turn|3
|
|t:|1756429892
|move|p2b: Sneasler|Protect|p2b: Sneasler
|-singleturn|p2b: Sneasler|Protect
|move|p1b: Rillaboom|U-turn|p2a: Porygon2
|-damage|p2a: Porygon2|86/100
|
|t:|1756429896
|switch|p1b: Kingambit|Kingambit, L50, M, tera:Dark|88/100|[from] U-turn
|move|p1a: Gholdengo|Nasty Plot|p1a: Gholdengo
|-boost|p1a: Gholdengo|spa|2
|move|p2a: Porygon2|Ice Beam|p1a: Gholdengo
|-resisted|p1a: Gholdengo
|-damage|p1a: Gholdengo|79/100
|
|-heal|p1a: Gholdengo|85/100|[from] Grassy Terrain
|-heal|p2a: Porygon2|92/100|[from] Grassy Terrain
|-heal|p1b: Kingambit|94/100|[from] Grassy Terrain
|upkeep
|turn|4
|
|t:|1756429921
|switch|p2b: Gholdengo|Gholdengo, L50|100/100
|move|p1a: Gholdengo|Make It Rain|p2b: Gholdengo|[spread] p2a,p2b
|-resisted|p2b: Gholdengo
|-damage|p2a: Porygon2|35/100
|-damage|p2b: Gholdengo|53/100
|-unboost|p1a: Gholdengo|spa|1
|move|p2a: Porygon2|Tera Blast|p1b: Kingambit
|-damage|p1b: Kingambit|36/100
|move|p1b: Kingambit|Swords Dance|p1b: Kingambit
|-boost|p1b: Kingambit|atk|2
|
|-heal|p2b: Gholdengo|59/100|[from] Grassy Terrain
|-heal|p1a: Gholdengo|91/100|[from] Grassy Terrain
|-heal|p2a: Porygon2|42/100|[from] Grassy Terrain
|-heal|p1b: Kingambit|42/100|[from] Grassy Terrain
|upkeep
|turn|5
|
|t:|1756429970
|move|p2b: Gholdengo|Protect|p2b: Gholdengo
|-singleturn|p2b: Gholdengo|Protect
|move|p1b: Kingambit|Sucker Punch||[still]
|-fail|p1b: Kingambit
|move|p1a: Gholdengo|Make It Rain|p2b: Gholdengo|[spread] p2a
|-activate|p2b: Gholdengo|move: Protect
|-damage|p2a: Porygon2|3/100
|-unboost|p1a: Gholdengo|spa|1
|move|p2a: Porygon2|Recover|p2a: Porygon2
|-heal|p2a: Porygon2|53/100
|
|-heal|p1a: Gholdengo|96/100|[from] Grassy Terrain
|-heal|p2b: Gholdengo|65/100|[from] Grassy Terrain
|-heal|p2a: Porygon2|59/100|[from] Grassy Terrain
|-heal|p1b: Kingambit|47/100|[from] Grassy Terrain
|upkeep
|turn|6
|
|t:|1756429989
|switch|p2b: Sneasler|Sneasler, L50, F, tera:Stellar|100/100
|move|p1b: Kingambit|Protect|p1b: Kingambit
|-singleturn|p1b: Kingambit|Protect
|move|p1a: Gholdengo|Nasty Plot|p1a: Gholdengo
|-boost|p1a: Gholdengo|spa|2
|move|p2a: Porygon2|Tera Blast|p1b: Kingambit
|-activate|p1b: Kingambit|move: Protect
|
|-heal|p1a: Gholdengo|100/100|[from] Grassy Terrain
|-heal|p2a: Porygon2|65/100|[from] Grassy Terrain
|-heal|p1b: Kingambit|53/100|[from] Grassy Terrain
|-fieldend|move: Grassy Terrain
|upkeep
|turn|7
|
|t:|1756430016
|switch|p1b: Rillaboom|Rillaboom, L50, F|47/100
|-fieldstart|move: Grassy Terrain|[from] ability: Grassy Surge|[of] p1b: Rillaboom
|move|p2b: Sneasler|Close Combat|p1b: Rillaboom
|-damage|p1b: Rillaboom|0 fnt
|-unboost|p2b: Sneasler|def|1
|-unboost|p2b: Sneasler|spd|1
|faint|p1b: Rillaboom
|move|p1a: Gholdengo|Nasty Plot|p1a: Gholdengo
|-boost|p1a: Gholdengo|spa|2
|move|p2a: Porygon2|Recover|p2a: Porygon2
|-heal|p2a: Porygon2|100/100
|
|upkeep
|
|t:|1756430029
|switch|p1b: Kingambit|Kingambit, L50, M, tera:Dark|53/100
|turn|8
|
|t:|1756430046
|move|p2b: Sneasler|Protect|p2b: Sneasler
|-singleturn|p2b: Sneasler|Protect
|move|p1b: Kingambit|Protect|p1b: Kingambit
|-singleturn|p1b: Kingambit|Protect
|move|p1a: Gholdengo|Make It Rain|p2a: Porygon2|[spread] p2a
|-activate|p2b: Sneasler|move: Protect
|-damage|p2a: Porygon2|19/100
|-unboost|p1a: Gholdengo|spa|1
|move|p2a: Porygon2|Recover|p2a: Porygon2
|-heal|p2a: Porygon2|69/100
|
|-heal|p2a: Porygon2|75/100|[from] Grassy Terrain
|-heal|p1b: Kingambit|59/100|[from] Grassy Terrain
|upkeep
|turn|9
|
|t:|1756430069
|move|p1b: Kingambit|Sucker Punch|p2b: Sneasler
|-resisted|p2b: Sneasler
|-damage|p2b: Sneasler|20/100
|move|p2b: Sneasler|Close Combat|p1b: Kingambit
|-supereffective|p1b: Kingambit
|-damage|p1b: Kingambit|0 fnt
|-unboost|p2b: Sneasler|def|1
|-unboost|p2b: Sneasler|spd|1
|faint|p1b: Kingambit
|move|p1a: Gholdengo|Make It Rain|p2a: Porygon2|[spread] p2a,p2b
|-damage|p2a: Porygon2|9/100
|-damage|p2b: Sneasler|0 fnt
|-unboost|p1a: Gholdengo|spa|1
|faint|p2b: Sneasler
|move|p2a: Porygon2|Recover|p2a: Porygon2
|-heal|p2a: Porygon2|59/100
|
|-heal|p2a: Porygon2|65/100|[from] Grassy Terrain
|upkeep
|
|t:|1756430084
|switch|p2b: Gholdengo|Gholdengo, L50|65/100
|turn|10
|
|t:|1756430103
|move|p2b: Gholdengo|Shadow Ball|p1a: Gholdengo
|-supereffective|p1a: Gholdengo
|-damage|p1a: Gholdengo|14/100
|-enditem|p1a: Gholdengo|Sitrus Berry|[eat]
|-heal|p1a: Gholdengo|39/100|[from] item: Sitrus Berry
|move|p1a: Gholdengo|Nasty Plot|p1a: Gholdengo
|-boost|p1a: Gholdengo|spa|2
|move|p2a: Porygon2|Recover|p2a: Porygon2
|-heal|p2a: Porygon2|100/100
|
|-heal|p1a: Gholdengo|44/100|[from] Grassy Terrain
|-heal|p2b: Gholdengo|71/100|[from] Grassy Terrain
|upkeep
|turn|11
|
|t:|1756430122
|move|p1a: Gholdengo|Nasty Plot|p1a: Gholdengo
|-boost|p1a: Gholdengo|spa|2
|move|p2b: Gholdengo|Shadow Ball|p1a: Gholdengo
|-supereffective|p1a: Gholdengo
|-damage|p1a: Gholdengo|0 fnt
|faint|p1a: Gholdengo
|
|win|Mkellyvgc
|raw|WASHINGTONGARGACHA's rating: 1078 → 1062(-16 for losing)
|raw|Mkellyvgc's rating: 1164 → 1183(+19 for winning)
