|j|☆natsukivgc
|j|☆ZeraXx
|html|natsukivgcZeraXx    
|uhtml|bestof|Game 2 of a best-of-3
|t:|1785373483
|gametype|doubles
|player|p1|natsukivgc|1|1269
|player|p2|ZeraXx|101|1369
|gen|9
|tier|[Gen 9 Champions] VGC 2026 Reg M-B (Bo3)
|rated|
|rule|Species Clause: Limit one of each Pokémon
|rule|Item Clause: Limit 1 of each item
|clearpoke
|poke|p1|Garchomp, L50, M|
|poke|p1|Venusaur, L50, M|
|poke|p1|Incineroar, L50, M|
|poke|p1|Charizard, L50, F|
|poke|p1|Toxapex, L50, M|
|poke|p1|Annihilape, L50, M|
|poke|p2|Swampert, L50, M|
|poke|p2|Pelipper, L50, M|
|poke|p2|Archaludon, L50, F|
|poke|p2|Sableye, L50, M|
|poke|p2|Sinistcha-Masterpiece, L50|
|poke|p2|Metagross, L50|
|teampreview|4
|showteam|p1|Garchomp||ChoiceScarf|RoughSkin|Earthquake,DragonClaw,StompingTantrum,RockSlide|Adamant||M|||50|]Venusaur||LifeOrb|Chlorophyll|SolarBeam,SludgeBomb,EarthPower,Protect|Modest||M|||50|]Incineroar||SitrusBerry|Intimidate|FlareBlitz,ThroatChop,FakeOut,PartingShot|Impish||M|||50|]Charizard||CharizarditeY|Blaze|HeatWave,WeatherBall,HelpingHand,Protect|Modest||F|||50|]Toxapex||Leftovers|Regenerator|Infestation,Toxic,WideGuard,BanefulBunker|Bold||M|||50|]Annihilape||FocusSash|Defiant|CloseCombat,PhantomForce,StealthRock,Protect|Jolly||M|||50|
|showteam|p2|Swampert||Swampertite|Torrent|WaveCrash,HighHorsepower,Protect,IcePunch|Adamant||M|||50|]Pelipper||FocusSash|Drizzle|Tailwind,WeatherBall,Hurricane,WideGuard|Modest||M|||50|]Archaludon||Leftovers|Stamina|DragonPulse,ElectroShot,FlashCannon,Protect|Modest||F|||50|]Sableye||LightClay|Prankster|RainDance,FoulPlay,Reflect,LightScreen|Impish||M|||50|]Sinistcha-Masterpiece||SitrusBerry|Hospitality|MatchaGotcha,RagePowder,TrickRoom,Protect|Bold|||||50|]Metagross||Metagrossite|ClearBody|MeteorMash,PsychicFangs,BodyPress,Protect|Jolly|||||50|
|inactive|Battle timer is ON: inactive players will automatically lose when time's up. (requested by ZeraXx)
|
|t:|1785373528
|teamsize|p1|4
|teamsize|p2|4
|start
|switch|p1a: Incineroar|Incineroar, L50, M|100/100
|switch|p1b: Annihilape|Annihilape, L50, M|100/100
|switch|p2a: Swampert|Swampert, L50, M|100/100
|switch|p2b: Sableye|Sableye, L50, M|100/100
|-ability|p1a: Incineroar|Intimidate|boost
|-unboost|p2a: Swampert|atk|1
|-unboost|p2b: Sableye|atk|1
|turn|1
|inactive|natsukivgc has 30 seconds left.
|
|t:|1785373557
|switch|p2a: Archaludon|Archaludon, L50, F|100/100
|move|p1a: Incineroar|Fake Out|p2a: Archaludon
|-resisted|p2a: Archaludon|1
|-damage|p2a: Archaludon|96/100
|-ability|p2a: Archaludon|Stamina|boost
|-boost|p2a: Archaludon|def|1
|move|p2b: Sableye|Reflect|p2b: Sableye
|-sidestart|p2: ZeraXx|Reflect
|move|p1b: Annihilape|Stealth Rock|p2b: Sableye
|-sidestart|p2: ZeraXx|move: Stealth Rock
|
|-heal|p2a: Archaludon|100/100|[from] item: Leftovers
|upkeep
|turn|2
|inactive|natsukivgc has 30 seconds left.
|inactive|natsukivgc has 20 seconds left.
|inactive|natsukivgc has 15 seconds left.
|
|t:|1785373598
|move|p2a: Archaludon|Protect|p2a: Archaludon
|-singleturn|p2a: Archaludon|Protect
|move|p2b: Sableye|Light Screen|p2b: Sableye
|-sidestart|p2: ZeraXx|move: Light Screen
|move|p1b: Annihilape|Close Combat|p2a: Archaludon
|-activate|p2a: Archaludon|move: Protect
|move|p1a: Incineroar|Parting Shot|p2b: Sableye
|-unboost|p2b: Sableye|atk|1
|-unboost|p2b: Sableye|spa|1
|
|t:|1785373607
|switch|p1a: Charizard|Charizard, L50, F|100/100|[from] Parting Shot
|
|upkeep
|turn|3
|inactive|natsukivgc has 30 seconds left.
|
|t:|1785373641
|detailschange|p1a: Charizard|Charizard-Mega-Y, L50, F
|-mega|p1a: Charizard|Charizard|Charizardite Y
|-weather|SunnyDay|[from] ability: Drought|[of] p1a: Charizard
|move|p2b: Sableye|Rain Dance|p2b: Sableye
|-weather|RainDance
|move|p1b: Annihilape|Close Combat|p2a: Archaludon
|-supereffective|p2a: Archaludon|1
|-damage|p2a: Archaludon|62/100
|-unboost|p1b: Annihilape|def|1
|-unboost|p1b: Annihilape|spd|1
|-ability|p2a: Archaludon|Stamina|boost
|-boost|p2a: Archaludon|def|1
|move|p1a: Charizard|Weather Ball|p2a: Archaludon
|-resisted|p2a: Archaludon|1
|-damage|p2a: Archaludon|46/100
|-ability|p2a: Archaludon|Stamina|boost
|-boost|p2a: Archaludon|def|1
|move|p2a: Archaludon|Electro Shot||[still]
|-prepare|p2a: Archaludon|Electro Shot
|-boost|p2a: Archaludon|spa|1
|-anim|p2a: Archaludon|Electro Shot|p1b: Annihilape
|-damage|p1b: Annihilape|1/100
|
|-weather|RainDance|[upkeep]
|-heal|p2a: Archaludon|52/100|[from] item: Leftovers
|upkeep
|turn|4
|inactive|natsukivgc has 30 seconds left.
|
|t:|1785373675
|switch|p1a: Venusaur|Venusaur, L50, M|100/100
|move|p1b: Annihilape|Protect|p1b: Annihilape
|-singleturn|p1b: Annihilape|Protect
|move|p2a: Archaludon|Protect|p2a: Archaludon
|-singleturn|p2a: Archaludon|Protect
|move|p2b: Sableye|Foul Play|p1b: Annihilape
|-activate|p1b: Annihilape|move: Protect
|
|-weather|RainDance|[upkeep]
|-heal|p2a: Archaludon|58/100|[from] item: Leftovers
|upkeep
|turn|5
|
|t:|1785373696
|switch|p2a: Pelipper|Pelipper, L50, M|100/100
|-damage|p2a: Pelipper|75/100|[from] Stealth Rock
|move|p1b: Annihilape|Close Combat|p2a: Pelipper
|-resisted|p2a: Pelipper|1
|-crit|p2a: Pelipper
|-damage|p2a: Pelipper|18/100
|-unboost|p1b: Annihilape|def|1
|-unboost|p1b: Annihilape|spd|1
|move|p1a: Venusaur|Earth Power|p2a: Pelipper
|-immune|p2a: Pelipper
|move|p2b: Sableye|Foul Play|p1b: Annihilape
|-damage|p1b: Annihilape|0 fnt
|faint|p1b: Annihilape
|
|-weather|RainDance|[upkeep]
|upkeep
|
|t:|1785373711
|switch|p1b: Charizard|Charizard-Mega-Y, L50, F|100/100
|-weather|SunnyDay|[from] ability: Drought|[of] p1b: Charizard
|turn|6
|
|t:|1785373735
|switch|p2a: Archaludon|Archaludon, L50, F|58/100
|-damage|p2a: Archaludon|52/100|[from] Stealth Rock
|move|p2b: Sableye|Rain Dance|p2b: Sableye
|-weather|RainDance
|move|p1b: Charizard|Weather Ball|p2a: Archaludon
|-resisted|p2a: Archaludon|1
|-damage|p2a: Archaludon|35/100
|-ability|p2a: Archaludon|Stamina|boost
|-boost|p2a: Archaludon|def|1
|move|p1a: Venusaur|Earth Power|p2b: Sableye
|-damage|p2b: Sableye|71/100
|-damage|p1a: Venusaur|90/100|[from] item: Life Orb
|
|-weather|RainDance|[upkeep]
|-heal|p2a: Archaludon|41/100|[from] item: Leftovers
|upkeep
|turn|7
|
|t:|1785373760
|switch|p1b: Incineroar|Incineroar, L50, M|100/100
|-ability|p1b: Incineroar|Intimidate|boost
|-unboost|p2a: Archaludon|atk|1
|-unboost|p2b: Sableye|atk|1
|move|p2a: Archaludon|Protect|p2a: Archaludon
|-singleturn|p2a: Archaludon|Protect
|move|p1a: Venusaur|Earth Power|p2a: Archaludon
|-activate|p2a: Archaludon|move: Protect
|move|p2b: Sableye|Foul Play|p1a: Venusaur
|-damage|p1a: Venusaur|59/100
|
|-weather|RainDance|[upkeep]
|-heal|p2a: Archaludon|47/100|[from] item: Leftovers
|upkeep
|turn|8
|
|t:|1785373783
|switch|p1b: Charizard|Charizard-Mega-Y, L50, F|100/100
|-weather|SunnyDay|[from] ability: Drought|[of] p1b: Charizard
|move|p1a: Venusaur|Earth Power|p2a: Archaludon
|-supereffective|p2a: Archaludon|1
|-damage|p2a: Archaludon|2/100
|-ability|p2a: Archaludon|Stamina|boost
|-boost|p2a: Archaludon|def|1
|-damage|p1a: Venusaur|50/100g|[from] item: Life Orb
|move|p2a: Archaludon|Dragon Pulse|p1a: Venusaur
|-damage|p1a: Venusaur|3/100
|move|p2b: Sableye|Foul Play|p1a: Venusaur
|-damage|p1a: Venusaur|0 fnt
|faint|p1a: Venusaur
|
|-weather|SunnyDay|[upkeep]
|-heal|p2a: Archaludon|8/100|[from] item: Leftovers
|-sideend|p2: ZeraXx|Reflect
|upkeep
|
|t:|1785373799
|switch|p1a: Incineroar|Incineroar, L50, M|100/100
|-ability|p1a: Incineroar|Intimidate|boost
|-unboost|p2a: Archaludon|atk|1
|-unboost|p2b: Sableye|atk|1
|turn|9
|
|t:|1785373819
|move|p2a: Archaludon|Protect|p2a: Archaludon
|-singleturn|p2a: Archaludon|Protect
|move|p1a: Incineroar|Fake Out|p2a: Archaludon
|-activate|p2a: Archaludon|move: Protect
|move|p2b: Sableye|Rain Dance|p2b: Sableye
|-weather|RainDance
|move|p1b: Charizard|Heat Wave|p2b: Sableye|[spread] p2b
|-activate|p2a: Archaludon|move: Protect
|-damage|p2b: Sableye|55/100
|
|-weather|RainDance|[upkeep]
|-heal|p2a: Archaludon|14/100|[from] item: Leftovers
|-sideend|p2: ZeraXx|move: Light Screen
|upkeep
|turn|10
|inactive|natsukivgc has 30 seconds left.
|
|t:|1785373847
|move|p2b: Sableye|Light Screen|p2b: Sableye
|-sidestart|p2: ZeraXx|move: Light Screen
|move|p1b: Charizard|Heat Wave|p2a: Archaludon|[spread] p2a,p2b
|-damage|p2a: Archaludon|1/100
|-damage|p2b: Sableye|39/100
|-ability|p2a: Archaludon|Stamina|boost
|-boost|p2a: Archaludon|def|1
|move|p2a: Archaludon|Electro Shot||[still]
|-prepare|p2a: Archaludon|Electro Shot
|-boost|p2a: Archaludon|spa|1
|-anim|p2a: Archaludon|Electro Shot|p1b: Charizard
|-supereffective|p1b: Charizard|1
|-damage|p1b: Charizard|0 fnt
|faint|p1b: Charizard
|move|p1a: Incineroar|Throat Chop|p2b: Sableye
|-crit|p2b: Sableye
|-damage|p2b: Sableye|0 fnt
|faint|p2b: Sableye
|
|-weather|RainDance|[upkeep]
|-heal|p2a: Archaludon|7/100|[from] item: Leftovers
|upkeep
|
|t:|1785373859
|switch|p2b: Swampert|Swampert, L50, M|100/100
|-damage|p2b: Swampert|94/100|[from] Stealth Rock
|turn|11
|-message|natsukivgc forfeited.
|
|win|ZeraXx
|raw|natsukivgc's rating: 1269 → 1251(-18 for losing)
|raw|ZeraXx's rating: 1369 → 1383(+14 for winning)
