|j|☆AdvaiLuffy
|j|☆new mental
|html|AdvaiLuffynew mental    
|uhtml|bestof|Game 3 of a best-of-3
|t:|1783882930
|gametype|doubles
|player|p1|AdvaiLuffy|steven|1112
|player|p2|new mental|volkner|1165
|gen|9
|tier|[Gen 9 Champions] VGC 2026 Reg M-B (Bo3)
|rated|
|rule|Species Clause: Limit one of each Pokémon
|rule|Item Clause: Limit 1 of each item
|clearpoke
|poke|p1|Castform, L50, M|
|poke|p1|Whimsicott, L50, M|
|poke|p1|Houndoom, L50, M|
|poke|p1|Basculegion, L50, M|
|poke|p1|Farigiraf, L50, M|
|poke|p1|Metagross, L50|
|poke|p2|Charizard, L50, M|
|poke|p2|Kingambit, L50, M|
|poke|p2|Sylveon, L50, M|
|poke|p2|Garchomp, L50, M|
|poke|p2|Aerodactyl, L50, F|
|poke|p2|Farigiraf, L50, F|
|teampreview|4
|showteam|p1|Castform||ExpertBelt|Forecast|Protect,WeatherBall,RainDance,EnergyBall|Modest||M|||50|]Whimsicott||FocusSash|Prankster|Tailwind,Protect,SunnyDay,Encore|Timid||M|||50|]Houndoom||Houndoominite|FlashFire|Protect,HeatWave,WillOWisp,BurningJealousy|Timid||M|||50|]Basculegion||ChoiceScarf|Adaptability|FlipTurn,WaveCrash,AquaJet,LastRespects|Adamant||M|||50|]Farigiraf||SitrusBerry|ArmorTail|Protect,TrickRoom,HelpingHand,Psychic|Sassy||M|||50|]Metagross||Metagrossite|ClearBody|Protect,MeteorMash,BulletPunch,PsychicFangs|Jolly|||||50|
|showteam|p2|Charizard||CharizarditeY|SolarPower|Protect,HeatWave,SolarBeam,WeatherBall|Modest||M|||50|]Kingambit||FocusSash|Defiant|IronHead,SuckerPunch,KowtowCleave,LowKick|Adamant||M|||50|]Sylveon||FairyFeather|Pixilate|Detect,HyperVoice,HyperBeam,QuickAttack|Modest||M|||50|]Garchomp||LifeOrb|RoughSkin|Protect,DragonClaw,Earthquake,RockSlide|Jolly||M|||50|]Aerodactyl||Aerodactylite|Unnerve|IceFang,RockSlide,Tailwind,DualWingbeat|Jolly||F|||50|]Farigiraf||SitrusBerry|ArmorTail|TrickRoom,Psychic,Thunderbolt,Roar|Bold||F|||50|
|inactive|Battle timer is ON: inactive players will automatically lose when time's up. (requested by AdvaiLuffy)
|
|t:|1783882948
|teamsize|p1|4
|teamsize|p2|4
|start
|switch|p1a: Whimsicott|Whimsicott, L50, M|100/100
|switch|p1b: Basculegion|Basculegion, L50, M|100/100
|switch|p2a: Aerodactyl|Aerodactyl, L50, F|100/100
|switch|p2b: Kingambit|Kingambit, L50, M|100/100
|-ability|p2a: Aerodactyl|Unnerve
|turn|1
|
|t:|1783882965
|switch|p2a: Farigiraf|Farigiraf, L50, F|100/100
|move|p1a: Whimsicott|Tailwind|p1a: Whimsicott
|-sidestart|p1: AdvaiLuffy|move: Tailwind
|move|p2b: Kingambit|Sucker Punch|p1b: Basculegion
|-supereffective|p1b: Basculegion|1
|-damage|p1b: Basculegion|0 fnt
|faint|p1b: Basculegion
|
|upkeep
|
|t:|1783882975
|switch|p1b: Houndoom|Houndoom, L50, M|100/100
|turn|2
|
|t:|1783882984
|switch|p1a: Metagross|Metagross, L50|100/100
|detailschange|p1b: Houndoom|Houndoom-Mega, L50, M
|-mega|p1b: Houndoom|Houndoom|Houndoominite
|move|p1b: Houndoom|Heat Wave|p2b: Kingambit|[spread] p2a
|-miss|p1b: Houndoom|p2b: Kingambit
|-damage|p2a: Farigiraf|68/100
|move|p2b: Kingambit|Low Kick|p1b: Houndoom
|-supereffective|p1b: Houndoom|1
|-damage|p1b: Houndoom|53/100
|move|p2a: Farigiraf|Trick Room|p2a: Farigiraf
|-fieldstart|move: Trick Room|[of] p2a: Farigiraf
|
|upkeep
|turn|3
|inactive|new mental has 30 seconds left.
|
|t:|1783883015
|move|p2b: Kingambit|Low Kick|p1b: Houndoom
|-supereffective|p1b: Houndoom|1
|-damage|p1b: Houndoom|6/100
|move|p1a: Metagross|Meteor Mash|p2b: Kingambit
|-resisted|p2b: Kingambit|1
|-damage|p2b: Kingambit|78/100
|move|p1b: Houndoom|Heat Wave|p2b: Kingambit|[spread] p2a,p2b
|-supereffective|p2b: Kingambit|1
|-damage|p2a: Farigiraf|39/100
|-damage|p2b: Kingambit|1/100
|-status|p2a: Farigiraf|brn
|-enditem|p2a: Farigiraf|Sitrus Berry|[eat]
|-heal|p2a: Farigiraf|64/100 brn|[from] item: Sitrus Berry
|move|p2a: Farigiraf|Roar|p1a: Metagross
|drag|p1a: Whimsicott|Whimsicott, L50, M|100/100
|
|-damage|p2a: Farigiraf|58/100 brn|[from] brn
|upkeep
|turn|4
|inactive|AdvaiLuffy has 30 seconds left.
|inactive|new mental has 30 seconds left.
|
|t:|1783883045
|move|p1a: Whimsicott|Sunny Day|p1a: Whimsicott
|-weather|SunnyDay
|move|p2a: Farigiraf|Thunderbolt|p1b: Houndoom
|-damage|p1b: Houndoom|0 fnt
|faint|p1b: Houndoom
|move|p2b: Kingambit|Iron Head|p1a: Whimsicott
|-supereffective|p1a: Whimsicott|1
|-enditem|p1a: Whimsicott|Focus Sash
|-damage|p1a: Whimsicott|1/100
|
|-weather|SunnyDay|[upkeep]
|-damage|p2a: Farigiraf|52/100 brn|[from] brn
|-sideend|p1: AdvaiLuffy|move: Tailwind
|upkeep
|
|t:|1783883046
|switch|p1b: Metagross|Metagross, L50|100/100
|turn|5
|
|t:|1783883062
|move|p1a: Whimsicott|Protect|p1a: Whimsicott
|-singleturn|p1a: Whimsicott|Protect
|move|p2a: Farigiraf|Thunderbolt|p1a: Whimsicott
|-activate|p1a: Whimsicott|move: Protect
|move|p2b: Kingambit|Kowtow Cleave|p1b: Metagross
|-supereffective|p1b: Metagross|1
|-damage|p1b: Metagross|15/100
|move|p1b: Metagross|Meteor Mash|p2b: Kingambit|[miss]
|-miss|p1b: Metagross|p2b: Kingambit
|
|-weather|SunnyDay|[upkeep]
|-damage|p2a: Farigiraf|46/100 brn|[from] brn
|upkeep
|turn|6
|-message|AdvaiLuffy forfeited.
|raw|AdvaiLuffy's rating: 1112 → 1091(-21 for losing)
|raw|new mental's rating: 1165 → 1186(+21 for winning)
|
|win|new mental
