|j|☆LaxIsLoveLaxIsLife
|j|☆Leif Abdala
|html|LaxIsLoveLaxIsLifeLeif Abdala    
|uhtml|bestof|Game 1 of a best-of-3
|t:|1783869456
|gametype|doubles
|player|p1|LaxIsLoveLaxIsLife|bugcatcher-gen4dp|1083
|player|p2|Leif Abdala|169|1100
|gen|9
|tier|[Gen 9 Champions] VGC 2026 Reg M-B (Bo3)
|rated|
|rule|Species Clause: Limit one of each Pokémon
|rule|Item Clause: Limit 1 of each item
|clearpoke
|poke|p1|Floette-Eternal, L50, F|
|poke|p1|Raichu, L50, M|
|poke|p1|Sinistcha, L50|
|poke|p1|Weavile, L50, M|
|poke|p1|Ceruledge, L50, F|
|poke|p1|Milotic, L50, F|
|poke|p2|Charizard, L50, F, shiny|
|poke|p2|Whimsicott, L50, M|
|poke|p2|Incineroar, L50, F|
|poke|p2|Venusaur, L50, M|
|poke|p2|Garchomp, L50, M|
|poke|p2|Staraptor, L50, M|
|teampreview|4
|showteam|p1|Floette-Eternal||Floettite|FlowerVeil|Protect,DrainingKiss,DazzlingGleam,CalmMind|Modest||F|||50|]Raichu||RaichuniteY|LightningRod|ZapCannon,FocusBlast,Protect,FakeOut|Timid||M|||50|]Sinistcha||KasibBerry|Hospitality|MatchaGotcha,LifeDew,Protect,RagePowder|Relaxed|||||50|]Weavile||FocusSash|Pickpocket|KnockOff,TripleAxel,LowKick,FakeOut|Jolly||M|||50|]Ceruledge||ColburBerry|FlashFire|BitterBlade,ShadowSneak,Protect,BulkUp|Adamant||F|||50|]Milotic||Leftovers|Competitive|MuddyWater,Coil,Protect,Hypnosis|Calm||F|||50|
|showteam|p2|Charizard||CharizarditeY|Blaze|WeatherBall,HeatWave,Protect,SolarBeam|Serious||F|||50|]Whimsicott||FocusSash|Prankster|Tailwind,DazzlingGleam,FakeTears,Charm|Rash||M|||50|]Incineroar||SitrusBerry|Intimidate|DarkestLariat,FakeOut,FlareBlitz,PartingShot|Adamant||F|||50|]Venusaur||LifeOrb|Chlorophyll|SludgeBomb,GigaDrain,SleepPowder,Protect|Modest||M|||50|]Garchomp||ChoiceScarf|RoughSkin|Earthquake,RockSlide,DracoMeteor,StompingTantrum|Serious||M|||50|]Staraptor||Staraptite|Intimidate|Protect,BraveBird,CloseCombat,Roost|Serious||M|||50|
|
|t:|1783869544
|teamsize|p1|4
|teamsize|p2|4
|start
|switch|p1a: Ceruledge|Ceruledge, L50, F|100/100
|switch|p1b: Weavile|Weavile, L50, M|100/100
|switch|p2a: Incineroar|Incineroar, L50, F|100/100
|switch|p2b: Garchomp|Garchomp, L50, M|100/100
|-ability|p2a: Incineroar|Intimidate|boost
|-unboost|p1a: Ceruledge|atk|1
|-unboost|p1b: Weavile|atk|1
|turn|1
|
|t:|1783869575
|move|p1a: Ceruledge|Protect|p1a: Ceruledge
|-singleturn|p1a: Ceruledge|Protect
|move|p2b: Garchomp|Rock Slide|p1a: Ceruledge|[spread] p1b
|-activate|p1a: Ceruledge|move: Protect
|-supereffective|p1b: Weavile|1
|-damage|p1b: Weavile|35/100
|cant|p1b: Weavile|flinch
|move|p2a: Incineroar|Darkest Lariat|p1a: Ceruledge
|-activate|p1a: Ceruledge|move: Protect
|
|upkeep
|turn|2
|
|t:|1783869596
|move|p2b: Garchomp|Rock Slide|p1a: Ceruledge|[spread] p1a,p1b
|-supereffective|p1a: Ceruledge|1
|-supereffective|p1b: Weavile|1
|-damage|p1a: Ceruledge|56/100
|-damage|p1b: Weavile|0 fnt
|faint|p1b: Weavile
|move|p2a: Incineroar|Darkest Lariat|p1a: Ceruledge
|-supereffective|p1a: Ceruledge|1
|-enditem|p1a: Ceruledge|Colbur Berry|[eat]
|-enditem|p1a: Ceruledge|Colbur Berry|[weaken]
|-damage|p1a: Ceruledge|8/100
|move|p1a: Ceruledge|Bulk Up|p1a: Ceruledge
|-boost|p1a: Ceruledge|atk|1
|-boost|p1a: Ceruledge|def|1
|
|upkeep
|
|t:|1783869600
|switch|p1b: Sinistcha|Sinistcha, L50|100/100
|-heal|p1a: Ceruledge|32/100|[from] ability: Hospitality|[of] p1b: Sinistcha
|turn|3
|
|t:|1783869620
|move|p1a: Ceruledge|Protect|p1a: Ceruledge
|-singleturn|p1a: Ceruledge|Protect
|move|p2b: Garchomp|Rock Slide|p1a: Ceruledge|[spread] p1b
|-activate|p1a: Ceruledge|move: Protect
|-damage|p1b: Sinistcha|83/100
|move|p2a: Incineroar|Flare Blitz|p1b: Sinistcha
|-supereffective|p1b: Sinistcha|1
|-damage|p1b: Sinistcha|0 fnt
|faint|p1b: Sinistcha
|-damage|p2a: Incineroar|73/100|[from] Recoil
|
|upkeep
|
|t:|1783869626
|switch|p1b: Raichu|Raichu, L50, M|100/100
|turn|4
|
|t:|1783869636
|detailschange|p1b: Raichu|Raichu-Mega-Y, L50, M
|-mega|p1b: Raichu|Raichu|Raichunite Y
|move|p2b: Garchomp|Rock Slide|p1a: Ceruledge|[spread] p1b
|-miss|p2b: Garchomp|p1a: Ceruledge
|-damage|p1b: Raichu|70/100
|move|p1b: Raichu|Focus Blast|p2a: Incineroar
|-supereffective|p2a: Incineroar|1
|-damage|p2a: Incineroar|0 fnt
|faint|p2a: Incineroar
|move|p1a: Ceruledge|Bulk Up|p1a: Ceruledge
|-boost|p1a: Ceruledge|atk|1
|-boost|p1a: Ceruledge|def|1
|
|upkeep
|
|t:|1783869649
|switch|p2a: Charizard|Charizard, L50, F, shiny|100/100
|turn|5
|
|t:|1783869665
|detailschange|p2a: Charizard|Charizard-Mega-Y, L50, F, shiny
|-mega|p2a: Charizard|Charizard|Charizardite Y
|-weather|SunnyDay|[from] ability: Drought|[of] p2a: Charizard
|move|p2b: Garchomp|Rock Slide|p1a: Ceruledge|[spread] p1a,p1b
|-supereffective|p1a: Ceruledge|1
|-damage|p1a: Ceruledge|8/100
|-damage|p1b: Raichu|40/100
|cant|p1b: Raichu|flinch
|move|p2a: Charizard|Heat Wave|p1b: Raichu|[spread] p1b
|-start|p1a: Ceruledge|ability: Flash Fire
|-damage|p1b: Raichu|0 fnt
|faint|p1b: Raichu
|move|p1a: Ceruledge|Bitter Blade|p2b: Garchomp
|-resisted|p2b: Garchomp|1
|-damage|p2b: Garchomp|23/100
|-heal|p1a: Ceruledge|47/100|[from] drain|[of] p2b: Garchomp
|-damage|p1a: Ceruledge|35/100|[from] ability: Rough Skin|[of] p2b: Garchomp
|
|-weather|SunnyDay|[upkeep]
|upkeep
|turn|6
|
|t:|1783869688
|move|p2b: Garchomp|Rock Slide|p1a: Ceruledge
|-supereffective|p1a: Ceruledge|1
|-damage|p1a: Ceruledge|4/100
|move|p2a: Charizard|Solar Beam||[still]
|-prepare|p2a: Charizard|Solar Beam
|-anim|p2a: Charizard|Solar Beam|p1a: Ceruledge
|-resisted|p1a: Ceruledge|1
|-damage|p1a: Ceruledge|0 fnt
|faint|p1a: Ceruledge
|
|win|Leif Abdala
||LaxIsLoveLaxIsLife is ready for game 2.
|inactive|Leif Abdala has 30 seconds to confirm battle start!
|inactive|Leif Abdala has 20 seconds to confirm battle start!
|inactive|Leif Abdala has 10 seconds to confirm battle start!
||Leif Abdala is ready for game 2.
|uhtml|next|Next: Game 2 of 3
|l|☆Leif Abdala
|player|p2|
