|j|‽Sushi Bum
|j|☆Welwitchia
|html|Sushi BumWelwitchia    
|uhtml|bestof|Game 1 of a best-of-3
|t:|1782684098
|gametype|doubles
|player|p1|Sushi Bum|beni-ninja|1073
|player|p2|Welwitchia|169|1025
|gen|9
|tier|[Gen 9 Champions] VGC 2026 Reg M-B (Bo3)
|rated|
|rule|Species Clause: Limit one of each Pokémon
|rule|Item Clause: Limit 1 of each item
|clearpoke
|poke|p1|Talonflame, L50, F|
|poke|p1|Grimmsnarl, L50, M|
|poke|p1|Raichu, L50, F|
|poke|p1|Heliolisk, L50, F|
|poke|p1|Venusaur, L50, M|
|poke|p1|Mamoswine, L50, M|
|poke|p2|Banette, L50, F, shiny|
|poke|p2|Umbreon, L50, M|
|poke|p2|Blastoise, L50, F, shiny|
|poke|p2|Charizard, L50, M|
|poke|p2|Hatterene, L50, F, shiny|
|poke|p2|Venusaur, L50, M|
|teampreview|4
|showteam|p1|Talonflame||SharpBeak|GaleWings|BraveBird,Taunt,Tailwind,UpperHand|Adamant||F|||50|]Grimmsnarl||LightClay|Prankster|PartingShot,SpiritBreak,LightScreen,Reflect|Adamant||M|||50|]Raichu||RaichuniteY|LightningRod|ZapCannon,GrassKnot,FocusBlast,Protect|Timid||F|||50|]Heliolisk||ExpertBelt|DrySkin|Thunderbolt,HyperVoice,Protect,WeatherBall|Timid||F|||50|]Venusaur||LifeOrb|Chlorophyll|SludgeBomb,SleepPowder,GigaDrain,EarthPower|Timid||M|||50|]Mamoswine||FocusSash|Oblivious|StompingTantrum,IceShard,IcicleCrash,Protect|Jolly||M|||50|
|showteam|p2|Banette||Banettite|CursedBody|SkitterSmack,Disable,FoulPlay,DestinyBond|Careful||F|||50|]Umbreon||MentalHerb|InnerFocus|FoulPlay,Swagger,Toxic,Tickle|Calm||M|||50|]Blastoise||MysticWater|RainDish|MuddyWater,FakeOut,IceBeam,AquaJet|Quiet||F|||50|]Charizard||CharizarditeY|Blaze|AirSlash,SolarBeam,HeatWave,RockSlide|Hasty||M|||50|]Hatterene||BabiriBerry|MagicBounce|MagicPowder,TrickRoom,DazzlingGleam,LightScreen|Sassy||F|||50|]Venusaur||Leftovers|Chlorophyll|WorrySeed,SweetScent,SleepPowder,AcidSpray|Timid||M|||50|
|
|t:|1782684136
|teamsize|p1|4
|teamsize|p2|4
|start
|switch|p1a: Raichu|Raichu, L50, F|100/100
|switch|p1b: Talonflame|Talonflame, L50, F|100/100
|switch|p2a: Blastoise|Blastoise, L50, F, shiny|100/100
|switch|p2b: Umbreon|Umbreon, L50, M|100/100
|turn|1
|
|t:|1782684155
|detailschange|p1a: Raichu|Raichu-Mega-Y, L50, F
|-mega|p1a: Raichu|Raichu|Raichunite Y
|move|p1b: Talonflame|Upper Hand|p2a: Blastoise
|-damage|p2a: Blastoise|81/100
|cant|p2a: Blastoise|flinch
|move|p1a: Raichu|Zap Cannon|p2b: Umbreon
|-damage|p2b: Umbreon|61/100
|-status|p2b: Umbreon|par
|move|p2b: Umbreon|Toxic|p1b: Talonflame
|-status|p1b: Talonflame|tox
|
|-damage|p1b: Talonflame|94/100 tox|[from] psn
|upkeep
|turn|2
|
|t:|1782684182
|switch|p1b: Venusaur|Venusaur, L50, M|100/100
|switch|p2a: Hatterene|Hatterene, L50, F, shiny|100/100
|move|p1a: Raichu|Zap Cannon|p2a: Hatterene
|-damage|p2a: Hatterene|43/100
|-status|p2a: Hatterene|par
|move|p2b: Umbreon|Toxic|p1a: Raichu
|-status|p1a: Raichu|tox
|
|-damage|p1a: Raichu|94/100 tox|[from] psn
|upkeep
|turn|3
|
|t:|1782684205
|move|p1a: Raichu|Focus Blast|p2b: Umbreon
|-supereffective|p2b: Umbreon|1
|-damage|p2b: Umbreon|10/100 par
|move|p1b: Venusaur|Sludge Bomb|p2a: Hatterene
|-supereffective|p2a: Hatterene|1
|-damage|p2a: Hatterene|0 fnt
|faint|p2a: Hatterene
|-damage|p1b: Venusaur|90/100|[from] item: Life Orb
|move|p2b: Umbreon|Foul Play|p1b: Venusaur
|-damage|p1b: Venusaur|57/100
|
|-damage|p1a: Raichu|82/100 tox|[from] psn
|upkeep
|
|t:|1782684215
|switch|p2a: Blastoise|Blastoise, L50, F, shiny|81/100
|turn|4
|
|t:|1782684223
|switch|p1a: Talonflame|Talonflame, L50, F|94/100 tox
|move|p2a: Blastoise|Fake Out|p1b: Venusaur
|-damage|p1b: Venusaur|45/100
|cant|p1b: Venusaur|flinch
|move|p2b: Umbreon|Foul Play|p1a: Talonflame
|-damage|p1a: Talonflame|29/100 tox
|
|-damage|p1a: Talonflame|23/100 tox|[from] psn
|upkeep
|turn|5
|
|t:|1782684242
|move|p1a: Talonflame|Taunt|p2b: Umbreon
|-start|p2b: Umbreon|move: Taunt
|-enditem|p2b: Umbreon|Mental Herb
|-end|p2b: Umbreon|move: Taunt
|move|p1b: Venusaur|Giga Drain|p2a: Blastoise
|-supereffective|p2a: Blastoise|1
|-damage|p2a: Blastoise|0 fnt
|-heal|p1b: Venusaur|94/100|[from] drain|[of] p2a: Blastoise
|faint|p2a: Blastoise
|-damage|p1b: Venusaur|85/100|[from] item: Life Orb
|move|p2b: Umbreon|Foul Play|p1b: Venusaur
|-damage|p1b: Venusaur|51/100
|
|-damage|p1a: Talonflame|11/100 tox|[from] psn
|upkeep
|
|t:|1782684250
|switch|p2a: Banette|Banette, L50, F, shiny|100/100
|turn|6
|
|t:|1782684260
|detailschange|p2a: Banette|Banette-Mega, L50, F, shiny
|-mega|p2a: Banette|Banette|Banettite
|move|p2a: Banette|Disable|p1b: Venusaur
|-start|p1b: Venusaur|Disable|Giga Drain
|move|p1a: Talonflame|Taunt|p2a: Banette
|-start|p2a: Banette|move: Taunt
|cant|p1b: Venusaur|Disable|Giga Drain
|move|p2b: Umbreon|Foul Play|p1b: Venusaur
|-damage|p1b: Venusaur|18/100
|
|-damage|p1a: Talonflame|0 fnt|[from] psn
|faint|p1a: Talonflame
|upkeep
|
|t:|1782684264
|switch|p1a: Raichu|Raichu-Mega-Y, L50, F|82/100 tox
|turn|7
|
|t:|1782684280
|move|p1a: Raichu|Zap Cannon|p2a: Banette
|-damage|p2a: Banette|40/100
|-status|p2a: Banette|par
|move|p1b: Venusaur|Sludge Bomb|p2b: Umbreon
|-damage|p2b: Umbreon|0 fnt
|faint|p2b: Umbreon
|-damage|p1b: Venusaur|9/100|[from] item: Life Orb
|move|p2a: Banette|Foul Play|p1a: Raichu
|-damage|p1a: Raichu|43/100 tox
|
|-damage|p1a: Raichu|37/100 tox|[from] psn
|upkeep
|turn|8
|
|t:|1782684298
|switch|p1b: Mamoswine|Mamoswine, L50, M|100/100
|move|p1a: Raichu|Zap Cannon|p2a: Banette
|-damage|p2a: Banette|0 fnt
|faint|p2a: Banette
|
|win|Sushi Bum
