|j|‽Ser Maestro
|j|☆SoundsGoodra
|html|Ser MaestroSoundsGoodra    
|uhtml|bestof|Game 1 of a best-of-3
|t:|1785176138
|gametype|doubles
|player|p1|Ser Maestro|266|1206
|player|p2|SoundsGoodra|dragontamer|1178
|gen|9
|tier|[Gen 9 Champions] VGC 2026 Reg M-B (Bo3)
|rated|
|rule|Species Clause: Limit one of each Pokémon
|rule|Item Clause: Limit 1 of each item
|clearpoke
|poke|p1|Camerupt, L50, F|
|poke|p1|Farigiraf, L50, F|
|poke|p1|Staraptor, L50, M|
|poke|p1|Conkeldurr, L50, M|
|poke|p1|Excadrill, L50, F|
|poke|p1|Tyranitar, L50, F|
|poke|p2|Raichu, L50, F, shiny|
|poke|p2|Sinistcha, L50, shiny|
|poke|p2|Incineroar, L50, F, shiny|
|poke|p2|Sylveon, L50, F, shiny|
|poke|p2|Metagross, L50, shiny|
|poke|p2|Hydreigon, L50, F, shiny|
|teampreview|4
|showteam|p1|Camerupt||Cameruptite|MagmaArmor|HeatWave,EarthPower,RockSlide,Substitute|Quiet||F|||50|]Farigiraf||SitrusBerry|ArmorTail|TrickRoom,HyperVoice,HelpingHand,Thunderbolt|Sassy||F|||50|]Staraptor||ChoiceScarf|Intimidate|FinalGambit,BraveBird,CloseCombat,Uturn|Jolly||M|||50|]Conkeldurr||LifeOrb|SheerForce|IcePunch,MachPunch,PoisonJab,CloseCombat|Adamant||M|||50|]Excadrill||FocusSash|SandRush|RockSlide,Protect,HighHorsepower,IronHead|Adamant||F|||50|]Tyranitar||Tyranitarite|SandStream|RockSlide,DragonDance,KnockOff,Protect|Adamant||F|||50|
|showteam|p2|Raichu||RaichuniteY|LightningRod|ZapCannon,FocusBlast,FakeOut,Protect|Timid||F|||50|]Sinistcha||SitrusBerry|Hospitality|MatchaGotcha,RagePowder,TrickRoom,Protect|Bold|||||50|]Incineroar||ShucaBerry|Intimidate|FlareBlitz,DarkestLariat,PartingShot,FakeOut|Careful||F|||50|]Sylveon||FairyFeather|Pixilate|HyperVoice,Moonblast,CalmMind,Protect|Modest||F|||50|]Metagross||Metagrossite|ClearBody|HardPress,PsychicFangs,BodyPress,Protect|Adamant|||||50|]Hydreigon||ChoiceScarf|Levitate|DracoMeteor,DarkPulse,EarthPower,Snarl|Modest||F|||50|
|inactive|Battle timer is ON: inactive players will automatically lose when time's up. (requested by Ser Maestro)
|
|t:|1785176177
|teamsize|p1|4
|teamsize|p2|4
|start
|switch|p1a: Staraptor|Staraptor, L50, M|100/100
|switch|p1b: Farigiraf|Farigiraf, L50, F|100/100
|switch|p2a: Raichu|Raichu, L50, F, shiny|100/100
|switch|p2b: Sylveon|Sylveon, L50, F, shiny|100/100
|-ability|p1a: Staraptor|Intimidate|boost
|-unboost|p2a: Raichu|atk|1
|-unboost|p2b: Sylveon|atk|1
|turn|1
|
|t:|1785176190
|move|p2a: Raichu|Protect|p2a: Raichu
|-singleturn|p2a: Raichu|Protect
|move|p2b: Sylveon|Protect|p2b: Sylveon
|-singleturn|p2b: Sylveon|Protect
|move|p1a: Staraptor|Final Gambit|p2b: Sylveon
|-activate|p2b: Sylveon|move: Protect
|move|p1b: Farigiraf|Trick Room|p1b: Farigiraf
|-fieldstart|move: Trick Room|[of] p1b: Farigiraf
|
|upkeep
|turn|2
|
|t:|1785176201
|detailschange|p2a: Raichu|Raichu-Mega-Y, L50, F, shiny
|-mega|p2a: Raichu|Raichu|Raichunite Y
|move|p1b: Farigiraf|Hyper Voice|p2b: Sylveon|[spread] p2a,p2b
|-damage|p2a: Raichu|68/100
|-damage|p2b: Sylveon|82/100
|move|p2b: Sylveon|Calm Mind|p2b: Sylveon
|-boost|p2b: Sylveon|spa|1
|-boost|p2b: Sylveon|spd|1
|move|p2a: Raichu|Focus Blast|p1a: Staraptor
|-damage|p1a: Staraptor|40/100
|move|p1a: Staraptor|Final Gambit|p2b: Sylveon
|-damage|p2b: Sylveon|43/100
|faint|p1a: Staraptor
|
|upkeep
|
|t:|1785176208
|switch|p1a: Camerupt|Camerupt, L50, F|100/100
|turn|3
|
|t:|1785176220
|switch|p2a: Incineroar|Incineroar, L50, F, shiny|100/100
|-ability|p2a: Incineroar|Intimidate|boost
|-unboost|p1a: Camerupt|atk|1
|-unboost|p1b: Farigiraf|atk|1
|detailschange|p1a: Camerupt|Camerupt-Mega, L50, F
|-mega|p1a: Camerupt|Camerupt|Cameruptite
|move|p1b: Farigiraf|Helping Hand|p1a: Camerupt
|-singleturn|p1a: Camerupt|Helping Hand|[of] p1b: Farigiraf
|move|p2b: Sylveon|Protect|p2b: Sylveon
|-singleturn|p2b: Sylveon|Protect
|move|p1a: Camerupt|Heat Wave|p2a: Incineroar|[spread] p2a
|-activate|p2b: Sylveon|move: Protect
|-resisted|p2a: Incineroar|1
|-damage|p2a: Incineroar|65/100
|
|upkeep
|turn|4
|
|t:|1785176237
|move|p1b: Farigiraf|Helping Hand|p1a: Camerupt
|-singleturn|p1a: Camerupt|Helping Hand|[of] p1b: Farigiraf
|move|p1a: Camerupt|Heat Wave|p2b: Sylveon|[spread] p2a,p2b
|-resisted|p2a: Incineroar|1
|-damage|p2a: Incineroar|36/100
|-damage|p2b: Sylveon|0 fnt
|faint|p2b: Sylveon
|move|p2a: Incineroar|Parting Shot|p1a: Camerupt
|-unboost|p1a: Camerupt|atk|1
|-unboost|p1a: Camerupt|spa|1
|
|t:|1785176251
|switch|p2a: Metagross|Metagross, L50, shiny|100/100|[from] Parting Shot
|
|upkeep
|
|t:|1785176254
|switch|p2b: Incineroar|Incineroar, L50, F, shiny|36/100
|-ability|p2b: Incineroar|Intimidate|boost
|-unboost|p1a: Camerupt|atk|1
|-unboost|p1b: Farigiraf|atk|1
|turn|5
|inactive|Ser Maestro has 30 seconds left.
|
|t:|1785176280
|move|p2a: Metagross|Protect|p2a: Metagross
|-singleturn|p2a: Metagross|Protect
|move|p1a: Camerupt|Substitute|p1a: Camerupt
|-start|p1a: Camerupt|Substitute
|-damage|p1a: Camerupt|75/100
|move|p1b: Farigiraf|Hyper Voice|p2b: Incineroar|[spread] p2b
|-activate|p2a: Metagross|move: Protect
|-damage|p2b: Incineroar|16/100
|move|p2b: Incineroar|Darkest Lariat|p1b: Farigiraf
|-supereffective|p1b: Farigiraf|1
|-crit|p1b: Farigiraf
|-damage|p1b: Farigiraf|2/100
|-enditem|p1b: Farigiraf|Sitrus Berry|[eat]
|-heal|p1b: Farigiraf|26/100|[from] item: Sitrus Berry
|
|-fieldend|move: Trick Room
|upkeep
|turn|6
|
|t:|1785176303
|move|p2a: Metagross|Psychic Fangs|p1a: Camerupt
|-end|p1a: Camerupt|Substitute
|move|p2b: Incineroar|Darkest Lariat|p1b: Farigiraf
|-supereffective|p1b: Farigiraf|1
|-damage|p1b: Farigiraf|0 fnt
|faint|p1b: Farigiraf
|move|p1a: Camerupt|Heat Wave|p2b: Incineroar|[spread] p2a,p2b
|-supereffective|p2a: Metagross|1
|-crit|p2a: Metagross
|-resisted|p2b: Incineroar|1
|-damage|p2a: Metagross|0 fnt
|-damage|p2b: Incineroar|1/100
|faint|p2a: Metagross
|
|upkeep
|
|t:|1785176312
|switch|p2a: Raichu|Raichu-Mega-Y, L50, F, shiny|68/100
|switch|p1b: Conkeldurr|Conkeldurr, L50, M|100/100
|turn|7
|
|t:|1785176330
|move|p1b: Conkeldurr|Mach Punch|p2b: Incineroar
|-supereffective|p2b: Incineroar|1
|-damage|p2b: Incineroar|0 fnt
|faint|p2b: Incineroar
|-damage|p1b: Conkeldurr|90/100|[from] item: Life Orb
|move|p2a: Raichu|Focus Blast|p1a: Camerupt
|-damage|p1a: Camerupt|34/100
|move|p1a: Camerupt|Earth Power|p2a: Raichu
|-supereffective|p2a: Raichu|1
|-damage|p2a: Raichu|0 fnt
|faint|p2a: Raichu
|
|win|Ser Maestro
