|j|☆Maziii
|j|☆Jun RH
|html|MaziiiJun RH    
|uhtml|bestof|Game 2 of a best-of-3
|t:|1755986956
|gametype|doubles
|player|p1|Maziii|gentleman-gen4|1144
|player|p2|Jun RH|burglar|1227
|gen|9
|tier|[Gen 9] VGC 2025 Reg H (Bo3)
|rated|
|rule|Species Clause: Limit one of each Pokémon
|rule|Item Clause: Limit 1 of each item
|clearpoke
|poke|p1|Tyranitar, L50, M|
|poke|p1|Electabuzz, L50, M|
|poke|p1|Annihilape, L50, F|
|poke|p1|Ursaluna-Bloodmoon, L50, M|
|poke|p1|Primarina, L50, M|
|poke|p1|Gholdengo, L50|
|poke|p2|Gholdengo, L50|
|poke|p2|Incineroar, L50, F|
|poke|p2|Amoonguss, L50, F|
|poke|p2|Dragonite, L50, M|
|poke|p2|Pelipper, L50, M|
|poke|p2|Archaludon, L50, M|
|teampreview|4
|showteam|p1|Tyranitar||ClearAmulet|SandStream|Protect,DragonDance,RockSlide,KnockOff|||M|||50|,,,,,Grass]Electabuzz||Eviolite|VitalSpirit|FollowMe,HelpingHand,Protect,Electroweb|||M|||50|,,,,,Ghost]Annihilape||FocusSash|Defiant|Protect,Coaching,CloseCombat,RageFist|||F|||50|,,,,,Stellar]Ursaluna-Bloodmoon||AssaultVest|MindsEye|BloodMoon,HyperVoice,EarthPower,VacuumWave|||M|||50|,,,,,Normal]Primarina||MysticWater|LiquidVoice|Haze,Protect,HyperVoice,Moonblast|||M|||50|,,,,,Water]Gholdengo||ChoiceSpecs|GoodasGold|Trick,ShadowBall,MakeItRain,Protect||||||50|,,,,,Grass
|showteam|p2|Gholdengo||LifeOrb|GoodasGold|MakeItRain,ShadowBall,NastyPlot,Protect||||||50|,,,,,Water]Incineroar||SafetyGoggles|Intimidate|KnockOff,FlareBlitz,FakeOut,PartingShot|||F|||50|,,,,,Ghost]Amoonguss||RockyHelmet|Regenerator|RagePowder,PollenPuff,Protect,Spore|||F|||50|,,,,,Fairy]Dragonite||LoadedDice|Multiscale|ScaleShot,Tailwind,Protect,Haze|||M|||50|,,,,,Fairy]Pelipper||FocusSash|Drizzle|Hurricane,WeatherBall,WideGuard,Protect|||M|||50|,,,,,Stellar]Archaludon||AssaultVest|Stamina|FlashCannon,DracoMeteor,ElectroShot,BodyPress|||M|||50|,,,,,Grass
|inactive|Battle timer is ON: inactive players will automatically lose when time's up. (requested by Maziii)
|inactive|Maziii has 60 seconds left.
|inactive|Jun RH has 60 seconds left.
|
|t:|1755987010
|teamsize|p1|4
|teamsize|p2|4
|start
|switch|p1a: Gholdengo|Gholdengo, L50|100/100
|switch|p1b: Tyranitar|Tyranitar, L50, M|100/100
|switch|p2a: Dragonite|Dragonite, L50, M|100/100
|switch|p2b: Amoonguss|Amoonguss, L50, F|100/100
|-weather|Sandstorm|[from] ability: Sand Stream|[of] p1b: Tyranitar
|turn|1
|inactive|Jun RH has 30 seconds left.
|inactive|Jun RH has 20 seconds left.
|
|t:|1755987047
|switch|p2b: Incineroar|Incineroar, L50, F|100/100
|-ability|p2b: Incineroar|Intimidate|boost
|-unboost|p1a: Gholdengo|atk|1
|-fail|p1b: Tyranitar|unboost|[from] item: Clear Amulet|[of] p1b: Tyranitar
|-terastallize|p1b: Tyranitar|Grass
|move|p2a: Dragonite|Protect|p2a: Dragonite
|-singleturn|p2a: Dragonite|Protect
|move|p1a: Gholdengo|Make It Rain|p2b: Incineroar|[spread] p2b
|-activate|p2a: Dragonite|move: Protect
|-resisted|p2b: Incineroar
|-damage|p2b: Incineroar|73/100
|-unboost|p1a: Gholdengo|spa|1
|move|p1b: Tyranitar|Dragon Dance|p1b: Tyranitar
|-boost|p1b: Tyranitar|atk|1
|-boost|p1b: Tyranitar|spe|1
|
|-weather|Sandstorm|[upkeep]
|-damage|p1b: Tyranitar|95/100|[from] Sandstorm
|-damage|p2a: Dragonite|95/100|[from] Sandstorm
|upkeep
|turn|2
|inactive|Maziii has 30 seconds left.
|inactive|Jun RH has 30 seconds left.
|
|t:|1755987081
|switch|p1a: Electabuzz|Electabuzz, L50, M|100/100
|move|p1b: Tyranitar|Protect|p1b: Tyranitar
|-singleturn|p1b: Tyranitar|Protect
|move|p2a: Dragonite|Haze|p2a: Dragonite
|-clearallboost
|move|p2b: Incineroar|Flare Blitz|p1b: Tyranitar
|-activate|p1b: Tyranitar|move: Protect
|
|-weather|Sandstorm|[upkeep]
|-damage|p2a: Dragonite|89/100|[from] Sandstorm
|-damage|p1a: Electabuzz|95/100|[from] Sandstorm
|-damage|p1b: Tyranitar|89/100|[from] Sandstorm
|upkeep
|turn|3
|inactive|Jun RH has 30 seconds left.
|inactive|Jun RH has 20 seconds left.
|inactive|Jun RH has 15 seconds left.
|
|t:|1755987124
|move|p1a: Electabuzz|Helping Hand|p1b: Tyranitar
|-singleturn|p1b: Tyranitar|Helping Hand|[of] p1a: Electabuzz
|move|p2a: Dragonite|Tailwind|p2a: Dragonite
|-sidestart|p2: Jun RH|move: Tailwind
|move|p2b: Incineroar|Knock Off|p1a: Electabuzz
|-damage|p1a: Electabuzz|63/100
|-enditem|p1a: Electabuzz|Eviolite|[from] move: Knock Off|[of] p2b: Incineroar
|move|p1b: Tyranitar|Rock Slide|p2b: Incineroar|[spread] p2a,p2b
|-supereffective|p2a: Dragonite
|-supereffective|p2b: Incineroar
|-damage|p2a: Dragonite|0 fnt
|-damage|p2b: Incineroar|0 fnt
|faint|p2a: Dragonite
|faint|p2b: Incineroar
|
|-weather|Sandstorm|[upkeep]
|-damage|p1a: Electabuzz|57/100|[from] Sandstorm
|-damage|p1b: Tyranitar|83/100|[from] Sandstorm
|upkeep
|
|t:|1755987142
|switch|p2a: Amoonguss|Amoonguss, L50, F|100/100
|switch|p2b: Gholdengo|Gholdengo, L50|100/100
|turn|4
|
|t:|1755987156
|-terastallize|p2b: Gholdengo|Water
|move|p2b: Gholdengo|Make It Rain|p1b: Tyranitar|[spread] p1a,p1b
|-resisted|p1a: Electabuzz
|-damage|p1a: Electabuzz|26/100
|-damage|p1b: Tyranitar|34/100
|-unboost|p2b: Gholdengo|spa|1
|-damage|p2b: Gholdengo|91/100|[from] item: Life Orb
|move|p1a: Electabuzz|Electroweb|p2b: Gholdengo|[spread] p2a,p2b
|-resisted|p2a: Amoonguss
|-supereffective|p2b: Gholdengo
|-damage|p2a: Amoonguss|94/100
|-damage|p2b: Gholdengo|59/100
|-unboost|p2a: Amoonguss|spe|1
|-unboost|p2b: Gholdengo|spe|1
|move|p1b: Tyranitar|Knock Off|p2b: Gholdengo
|-damage|p2b: Gholdengo|7/100
|-enditem|p2b: Gholdengo|Life Orb|[from] move: Knock Off|[of] p1b: Tyranitar
|move|p2a: Amoonguss|Pollen Puff|p1b: Tyranitar
|-supereffective|p1b: Tyranitar
|-damage|p1b: Tyranitar|0 fnt
|faint|p1b: Tyranitar
|
|-weather|Sandstorm|[upkeep]
|-damage|p2b: Gholdengo|1/100|[from] Sandstorm
|-damage|p1a: Electabuzz|20/100|[from] Sandstorm
|-damage|p2a: Amoonguss|88/100|[from] Sandstorm
|upkeep
|
|t:|1755987176
|switch|p1b: Gholdengo|Gholdengo, L50|100/100
|turn|5
|inactive|Jun RH has 30 seconds left.
|
|t:|1755987201
|move|p1a: Electabuzz|Follow Me|p1a: Electabuzz
|-singleturn|p1a: Electabuzz|move: Follow Me
|move|p2a: Amoonguss|Rage Powder|p2a: Amoonguss
|-singleturn|p2a: Amoonguss|move: Rage Powder
|move|p2b: Gholdengo|Shadow Ball|p1a: Electabuzz
|-damage|p1a: Electabuzz|0 fnt
|faint|p1a: Electabuzz
|move|p1b: Gholdengo|Make It Rain|p2a: Amoonguss|[spread] p2a,p2b
|-resisted|p2b: Gholdengo
|-damage|p2a: Amoonguss|34/100
|-damage|p2b: Gholdengo|0 fnt
|-unboost|p1b: Gholdengo|spa|1
|faint|p2b: Gholdengo
|
|-weather|none
|upkeep
|
|t:|1755987210
|switch|p1a: Annihilape|Annihilape, L50, F|100/100
|turn|6
|
|t:|1755987220
|move|p1b: Gholdengo|Make It Rain|p2a: Amoonguss
|-crit|p2a: Amoonguss
|-damage|p2a: Amoonguss|0 fnt
|-unboost|p1b: Gholdengo|spa|1
|faint|p2a: Amoonguss
|
|win|Maziii
|raw|Maziii's rating: 1144 → 1175(+31 for winning)
|raw|Jun RH's rating: 1227 → 1196(-31 for losing)
