|j|☆harpyhair
|j|☆WASHINGTONGARGACHA
|html|harpyhairWASHINGTONGARGACHA    
|uhtml|bestof|Game 2 of a best-of-3
|t:|1756685691
|gametype|doubles
|player|p1|harpyhair|1|1084
|player|p2|WASHINGTONGARGACHA|2|1198
|gen|9
|tier|[Gen 9] VGC 2025 Reg H (Bo3)
|rated|
|rule|Species Clause: Limit one of each Pokémon
|rule|Item Clause: Limit 1 of each item
|clearpoke
|poke|p1|Volcarona, L50, F|
|poke|p1|Indeedee-F, L50, F|
|poke|p1|Basculegion, L50, M|
|poke|p1|Dragonite, L50, F|
|poke|p1|Gholdengo, L50|
|poke|p1|Sneasler, L50, M|
|poke|p2|Gholdengo, L50|
|poke|p2|Garchomp, L50, F|
|poke|p2|Archaludon, L50, F|
|poke|p2|Murkrow, L50, M|
|poke|p2|Farigiraf, L50, M|
|poke|p2|Sneasler, L50, M|
|teampreview|4
|showteam|p1|Volcarona||RockyHelmet|FlameBody|HeatWave,TeraBlast,QuiverDance,Protect|||F|||50|,,,,,Fairy]Indeedee-F||SafetyGoggles|PsychicSurge|FollowMe,Psychic,HealPulse,Protect|||F|||50|,,,,,Fairy]Basculegion||ChoiceScarf|Adaptability|FlipTurn,LastRespects,WaveCrash,AquaJet|||M|||50|,,,,,Ghost]Dragonite||LoadedDice|Multiscale|ScaleShot,StompingTantrum,Haze,Protect|||F|||50|,,,,,Fairy]Gholdengo||LifeOrb|GoodasGold|MakeItRain,ShadowBall,FocusBlast,Protect||||||50|,,,,,Water]Sneasler||FocusSash|Unburden|DireClaw,CloseCombat,ThroatChop,Protect|||M|||50|,,,,,Dark
|showteam|p2|Gholdengo||LifeOrb|GoodasGold|ShadowBall,MakeItRain,NastyPlot,Protect||||||50|,,,,,Water]Garchomp||ChoiceScarf|RoughSkin|Earthquake,Outrage,RockSlide,StompingTantrum|||F|||50|,,,,,Ground]Archaludon||PowerHerb|Sturdy|ElectroShot,FlashCannon,DracoMeteor,Protect|||F|||50|,,,,,Grass]Murkrow||Eviolite|Prankster|Tailwind,RainDance,FoulPlay,Haze|||M|||50|,,,,,Dark]Farigiraf||ThroatSpray|ArmorTail|HyperVoice,TrickRoom,Psychic,Protect|||M|||50|,,,,,Fairy]Sneasler||WhiteHerb|Unburden|DireClaw,CloseCombat,Protect,Acrobatics|||M|||50|,,,,,Flying
|inactive|Battle timer is ON: inactive players will automatically lose when time's up. (requested by harpyhair)
|inactive|harpyhair has 60 seconds left.
|
|t:|1756685723
|teamsize|p1|4
|teamsize|p2|4
|start
|switch|p1a: Volcarona|Volcarona, L50, F|100/100
|switch|p1b: Indeedee|Indeedee-F, L50, F|100/100
|switch|p2a: Murkrow|Murkrow, L50, M|100/100
|switch|p2b: Garchomp|Garchomp, L50, F|100/100
|-fieldstart|move: Psychic Terrain|[from] ability: Psychic Surge|[of] p1b: Indeedee
|turn|1
|inactive|harpyhair has 30 seconds left.
|inactive|harpyhair has 20 seconds left.
|inactive|harpyhair has 15 seconds left.
|inactive|harpyhair has 10 seconds left.
|
|t:|1756685768
|move|p1a: Volcarona|Protect|p1a: Volcarona
|-singleturn|p1a: Volcarona|Protect
|move|p1b: Indeedee|Protect|p1b: Indeedee
|-singleturn|p1b: Indeedee|Protect
|move|p2a: Murkrow|Rain Dance|p2a: Murkrow
|-weather|RainDance
|move|p2b: Garchomp|Rock Slide|p1a: Volcarona|[spread] 
|-activate|p1a: Volcarona|move: Protect
|-activate|p1b: Indeedee|move: Protect
|
|-weather|RainDance|[upkeep]
|upkeep
|turn|2
|inactive|harpyhair has 30 seconds left.
|
|t:|1756685796
|-terastallize|p1a: Volcarona|Fairy
|move|p2b: Garchomp|Rock Slide|p1b: Indeedee|[spread] p1b
|-miss|p2b: Garchomp|p1a: Volcarona
|-damage|p1b: Indeedee|82/100
|move|p1a: Volcarona|Tera Blast|p2b: Garchomp|[anim] Tera Blast Fairy
|-supereffective|p2b: Garchomp
|-damage|p2b: Garchomp|9/100
|move|p2a: Murkrow|Foul Play|p1a: Volcarona
|-resisted|p1a: Volcarona
|-damage|p1a: Volcarona|87/100
|-damage|p2a: Murkrow|84/100|[from] item: Rocky Helmet|[of] p1a: Volcarona
|move|p1b: Indeedee|Heal Pulse|p1a: Volcarona
|-heal|p1a: Volcarona|100/100
|
|-weather|RainDance|[upkeep]
|upkeep
|turn|3
|inactive|WASHINGTONGARGACHA has 30 seconds left.
|inactive|WASHINGTONGARGACHA has 20 seconds left.
|
|t:|1756685835
|switch|p2b: Sneasler|Sneasler, L50, M|100/100
|move|p1a: Volcarona|Tera Blast|p2a: Murkrow|[anim] Tera Blast Fairy
|-supereffective|p2a: Murkrow
|-damage|p2a: Murkrow|5/100
|move|p2a: Murkrow|Foul Play|p1b: Indeedee
|-supereffective|p1b: Indeedee
|-damage|p1b: Indeedee|51/100
|move|p1b: Indeedee|Psychic|p2b: Sneasler
|-supereffective|p2b: Sneasler
|-damage|p2b: Sneasler|0 fnt
|faint|p2b: Sneasler
|
|-weather|RainDance|[upkeep]
|upkeep
|
|t:|1756685849
|switch|p2b: Archaludon|Archaludon, L50, F|100/100
|turn|4
|
|t:|1756685871
|move|p1b: Indeedee|Follow Me|p1b: Indeedee
|-singleturn|p1b: Indeedee|move: Follow Me
|move|p2a: Murkrow|Tailwind|p2a: Murkrow
|-sidestart|p2: WASHINGTONGARGACHA|move: Tailwind
|move|p2b: Archaludon|Electro Shot||[still]
|-prepare|p2b: Archaludon|Electro Shot
|-boost|p2b: Archaludon|spa|1
|-anim|p2b: Archaludon|Electro Shot|p1b: Indeedee
|-damage|p1b: Indeedee|0 fnt
|faint|p1b: Indeedee
|move|p1a: Volcarona|Quiver Dance|p1a: Volcarona
|-boost|p1a: Volcarona|spa|1
|-boost|p1a: Volcarona|spd|1
|-boost|p1a: Volcarona|spe|1
|
|-weather|RainDance|[upkeep]
|upkeep
|inactive|harpyhair has 30 seconds left.
|
|t:|1756685898
|switch|p1b: Sneasler|Sneasler, L50, M|100/100
|turn|5
|
|t:|1756685921
|-terastallize|p2b: Archaludon|Grass
|move|p2b: Archaludon|Flash Cannon|p1b: Sneasler
|-damage|p1b: Sneasler|13/100
|move|p1a: Volcarona|Heat Wave|p2b: Archaludon|[spread] p2a,p2b
|-supereffective|p2b: Archaludon
|-damage|p2a: Murkrow|0 fnt
|-damage|p2b: Archaludon|23/100
|faint|p2a: Murkrow
|move|p1b: Sneasler|Close Combat|p2b: Archaludon
|-damage|p2b: Archaludon|0 fnt
|-unboost|p1b: Sneasler|def|1
|-unboost|p1b: Sneasler|spd|1
|faint|p2b: Archaludon
|
|-weather|none
|-fieldend|move: Psychic Terrain
|upkeep
|
|t:|1756685935
|switch|p2b: Garchomp|Garchomp, L50, F|9/100
|turn|6
|
|t:|1756685952
|move|p2b: Garchomp|Earthquake|p1b: Sneasler|[spread] p1a,p1b
|-supereffective|p1b: Sneasler
|-damage|p1a: Volcarona|42/100
|-damage|p1b: Sneasler|0 fnt
|faint|p1b: Sneasler
|move|p1a: Volcarona|Tera Blast|p2b: Garchomp|[anim] Tera Blast Fairy
|-supereffective|p2b: Garchomp
|-damage|p2b: Garchomp|0 fnt
|faint|p2b: Garchomp
|
|win|harpyhair
|raw|harpyhair's rating: 1084 → 1120(+36 for winning)
|raw|WASHINGTONGARGACHA's rating: 1198 → 1165(-33 for losing)
