|j|☆chatgptdraftduel
|j|☆rager88
|html|chatgptdraftduelrager88    
|uhtml|bestof|Game 1 of a best-of-3
|t:|1786134464
|gametype|doubles
|player|p1|chatgptdraftduel|169|
|player|p2|rager88|101|
|gen|9
|tier|[Gen 9 Champions] VGC 2026 Reg M-B (Bo3)
|rule|Species Clause: Limit one of each Pokémon
|rule|Item Clause: Limit 1 of each item
|clearpoke
|poke|p1|Swampert, L50, M|
|poke|p1|Pelipper, L50, M|
|poke|p1|Blaziken, L50, F|
|poke|p1|Sceptile, L50, F|
|poke|p1|Gardevoir, L50, F|
|poke|p1|Steelix, L50, M|
|poke|p2|Vaporeon, L50, M|
|poke|p2|Torkoal, L50, F|
|poke|p2|Mawile, L50, F|
|poke|p2|Slowking-Galar, L50, M|
|poke|p2|Vileplume, L50, F|
|poke|p2|Meganium, L50, M|
|teampreview|4
|showteam|p1|Swampert||Swampertite|Torrent|Waterfall,Earthquake,IcePunch,Protect|Adamant||M|||50|]Pelipper||DampRock|Drizzle|Hurricane,WeatherBall,Tailwind,Protect|Modest||M|||50|]Blaziken||LifeOrb|SpeedBoost|FlareBlitz,CloseCombat,RockSlide,Protect|Adamant||F|||50|]Sceptile||FocusSash|Overgrow|LeafStorm,DragonPulse,EnergyBall,Protect|Timid||F|||50|]Gardevoir||Gardevoirite|Trace|HyperVoice,Psychic,TrickRoom,Protect|Calm||F|||50|]Steelix||Leftovers|Sturdy|IronHead,Earthquake,BodyPress,Protect|Impish||M|||50|
|showteam|p2|Vaporeon||Leftovers|WaterAbsorb|Copycat,CalmMind,Scald,Protect|Relaxed||M|||50|]Torkoal||Charcoal|Drought|SolarBeam,HeatWave,Protect,Eruption|Quiet||F|||50|]Mawile||Mawilite|HyperCutter|IronHead,SuckerPunch,PlayRough,Protect|Brave||F|||50|]Slowking-Galar||SitrusBerry|Regenerator|TrickRoom,SludgeBomb,HealPulse,HelpingHand|Bold||M|||50|]Vileplume||FocusSash|Chlorophyll|SleepPowder,AfterYou,SludgeBomb,SolarBeam|Timid||F|||50|]Meganium||Meganiumite|LeafGuard|SolarBeam,DazzlingGleam,WeatherBall,Synthesis|Modest||M|||50|
|
|t:|1786134691
|teamsize|p1|4
|teamsize|p2|4
|start
|switch|p1a: Pelipper|Pelipper, L50, M|100/100
|switch|p1b: Gardevoir|Gardevoir, L50, F|100/100
|switch|p2a: Meganium|Meganium, L50, M|100/100
|switch|p2b: Slowking|Slowking-Galar, L50, M|100/100
|-ability|p1b: Gardevoir|Regenerator|Trace|[from] ability: Trace|[of] p2b: Slowking
|-weather|RainDance|[from] ability: Drizzle|[of] p1a: Pelipper
|turn|1
|
|t:|1786134830
|detailschange|p2a: Meganium|Meganium-Mega, L50, M
|-mega|p2a: Meganium|Meganium|Meganiumite
|detailschange|p1b: Gardevoir|Gardevoir-Mega, L50, F
|-mega|p1b: Gardevoir|Gardevoir|Gardevoirite
|move|p1b: Gardevoir|Hyper Voice|p2a: Meganium|[spread] p2a,p2b
|-resisted|p2b: Slowking|1
|-damage|p2a: Meganium|59/100
|-damage|p2b: Slowking|81/100
|move|p2a: Meganium|Solar Beam||[still]
|-prepare|p2a: Meganium|Solar Beam
|-activate|p2a: Meganium|ability: Mega Sol
|-anim|p2a: Meganium|Solar Beam|p1a: Pelipper
|-damage|p1a: Pelipper|0 fnt
|faint|p1a: Pelipper
|move|p2b: Slowking|Sludge Bomb|p1b: Gardevoir
|-supereffective|p1b: Gardevoir|1
|-crit|p1b: Gardevoir
|-damage|p1b: Gardevoir|23/100
|
|-weather|RainDance|[upkeep]
|upkeep
|
|t:|1786134934
|switch|p1a: Steelix|Steelix, L50, M|100/100
|turn|2
|
|t:|1786134966
|move|p1b: Gardevoir|Protect|p1b: Gardevoir
|-singleturn|p1b: Gardevoir|Protect
|move|p2a: Meganium|Synthesis|p2a: Meganium
|-activate|p2a: Meganium|ability: Mega Sol
|-heal|p2a: Meganium|100/100
|move|p1a: Steelix|Iron Head|p2a: Meganium
|-supereffective|p2a: Meganium|1
|-damage|p2a: Meganium|55/100
|move|p2b: Slowking|Trick Room|p2b: Slowking
|-fieldstart|move: Trick Room|[of] p2b: Slowking
|
|-weather|RainDance|[upkeep]
|upkeep
|turn|3
|
|t:|1786135078
|move|p2b: Slowking|Sludge Bomb|p1b: Gardevoir
|-supereffective|p1b: Gardevoir|1
|-damage|p1b: Gardevoir|0 fnt
|faint|p1b: Gardevoir
|move|p1a: Steelix|Earthquake|p2a: Meganium|[spread] p2a,p2b
|-resisted|p2a: Meganium|1
|-supereffective|p2b: Slowking|1
|-damage|p2a: Meganium|46/100
|-damage|p2b: Slowking|45/100
|-enditem|p2b: Slowking|Sitrus Berry|[eat]
|-heal|p2b: Slowking|69/100|[from] item: Sitrus Berry
|move|p2a: Meganium|Weather Ball|p1a: Steelix
|-supereffective|p1a: Steelix|1
|-ability|p1a: Steelix|Sturdy
|-damage|p1a: Steelix|1/100
|
|-weather|RainDance|[upkeep]
|-heal|p1a: Steelix|6/100|[from] item: Leftovers
|upkeep
|
|t:|1786135090
|switch|p1b: Blaziken|Blaziken, L50, F|100/100
|turn|4
|
|t:|1786135188
|move|p1a: Steelix|Protect|p1a: Steelix
|-singleturn|p1a: Steelix|Protect
|move|p2b: Slowking|Heal Pulse|p2a: Meganium
|-heal|p2a: Meganium|96/100
|move|p2a: Meganium|Dazzling Gleam|p1a: Steelix|[spread] p1b
|-activate|p1a: Steelix|move: Protect
|-damage|p1b: Blaziken|47/100
|move|p1b: Blaziken|Flare Blitz|p2a: Meganium
|-supereffective|p2a: Meganium|1
|-damage|p2a: Meganium|25/100
|-damage|p1b: Blaziken|22/100|[from] Recoil
|-damage|p1b: Blaziken|12/100|[from] item: Life Orb
|
|-weather|RainDance|[upkeep]
|-heal|p1a: Steelix|12/100|[from] item: Leftovers
|-ability|p1b: Blaziken|Speed Boost|boost
|-boost|p1b: Blaziken|spe|1
|upkeep
|turn|5
|
|t:|1786135309
|move|p2b: Slowking|Helping Hand|p2a: Meganium
|-singleturn|p2a: Meganium|Helping Hand|[of] p2b: Slowking
|move|p1a: Steelix|Iron Head|p2a: Meganium
|-supereffective|p2a: Meganium|1
|-damage|p2a: Meganium|0 fnt
|faint|p2a: Meganium
|move|p1b: Blaziken|Flare Blitz|p2b: Slowking
|-damage|p2b: Slowking|35/100
|-damage|p1b: Blaziken|0 fnt|[from] Recoil
|faint|p1b: Blaziken
|
|-weather|RainDance|[upkeep]
|-heal|p1a: Steelix|18/100|[from] item: Leftovers
|upkeep
|
|t:|1786135327
|switch|p2a: Torkoal|Torkoal, L50, F|100/100
|-weather|SunnyDay|[from] ability: Drought|[of] p2a: Torkoal
|turn|6
|
|t:|1786135423
|-heal|p2b: Slowking|68/100|[from] ability: Regenerator|[silent]
|switch|p2b: Vaporeon|Vaporeon, L50, M|100/100
|move|p2a: Torkoal|Eruption|p1a: Steelix
|-supereffective|p1a: Steelix|1
|-damage|p1a: Steelix|0 fnt
|faint|p1a: Steelix
|
|win|rager88
|inactive|chatgptdraftduel has 30 seconds to confirm battle start!
|inactive|rager88 has 30 seconds to confirm battle start!
|inactive|chatgptdraftduel has 20 seconds to confirm battle start!
|inactive|rager88 has 20 seconds to confirm battle start!
|inactive|chatgptdraftduel has 10 seconds to confirm battle start!
|inactive|rager88 has 10 seconds to confirm battle start!
||chatgptdraftduel is ready for game 2.
||rager88 is ready for game 2.
|uhtml|next|Next: Game 2 of 3
|l|☆chatgptdraftduel
|player|p1|
