|j|☆huanyu0.0
|j|☆Yei_Lai
|html|huanyu0.0Yei_Lai    
|uhtml|bestof|Game 3 of a best-of-3
|t:|1786021186
|gametype|doubles
|player|p1|huanyu0.0|265|
|player|p2|Yei_Lai|101|
|gen|9
|tier|[Gen 9 Champions] VGC 2026 Reg M-B (Bo3)
|rule|Species Clause: Limit one of each Pokémon
|rule|Item Clause: Limit 1 of each item
|clearpoke
|poke|p1|Gardevoir, L50, M|
|poke|p1|Maushold, L50|
|poke|p1|Talonflame, L50, M|
|poke|p1|Garchomp, L50, M|
|poke|p1|Kingambit, L50, M|
|poke|p1|Basculegion, L50, M|
|poke|p2|Charizard, L50, F|
|poke|p2|Garchomp, L50, M|
|poke|p2|Whimsicott, L50, F|
|poke|p2|Basculegion, L50, M|
|poke|p2|Floette-Eternal, L50, F|
|poke|p2|Kingambit, L50, M|
|teampreview|4
|showteam|p1|Gardevoir||Gardevoirite|Trace|HyperVoice,Psyshock,TrickRoom,Protect|Modest||M|||50|]Maushold||FocusSash|FriendGuard|SuperFang,Feint,FollowMe,Protect|Impish|||||50|]Talonflame||SharpBeak|GaleWings|FlareBlitz,DualWingbeat,Tailwind,QuickGuard|Jolly||M|||50|]Garchomp||SitrusBerry|RoughSkin|DragonClaw,StompingTantrum,RockTomb,Protect|Adamant||M|||50|]Kingambit||ChopleBerry|Defiant|KowtowCleave,SuckerPunch,IronHead,LowKick|Adamant||M|||50|]Basculegion||MysticWater|Adaptability|WaveCrash,LastRespects,AquaJet,Protect|Adamant||M|||50|
|showteam|p2|Charizard||CharizarditeY|Blaze|HeatWave,SolarBeam,WeatherBall,Protect|Modest||F|||50|]Garchomp||LifeOrb|RoughSkin|DragonClaw,StompingTantrum,RockSlide,Protect|Jolly||M|||50|]Whimsicott||FocusSash|Prankster|Moonblast,Tailwind,Encore,Protect|Timid||F|||50|]Basculegion||MysticWater|Adaptability|WaveCrash,AquaJet,Protect,LastRespects|Adamant||M|||50|]Floette-Eternal||Floettite|FlowerVeil|Moonblast,DazzlingGleam,LightofRuin,Protect|Timid||F|||50|]Kingambit||ChopleBerry|Defiant|KowtowCleave,LowKick,SuckerPunch,IronHead|Adamant||M|||50|
|inactive|Battle timer is ON: inactive players will automatically lose when time's up. (requested by huanyu0.0)
|j| Ayabe0119
|inactive|huanyu0.0 has 60 seconds left.
|inactive|Yei_Lai has 60 seconds left.
|inactive|huanyu0.0 has 30 seconds left.
|inactive|Yei_Lai has 30 seconds left.
|inactive|huanyu0.0 has 20 seconds left.
|inactive|huanyu0.0 has 15 seconds left.
|
|t:|1786021266
|teamsize|p1|4
|teamsize|p2|4
|start
|switch|p1a: Gardevoir|Gardevoir, L50, M|100/100
|switch|p1b: Maushold|Maushold, L50|100/100
|switch|p2a: Floette|Floette-Eternal, L50, F|100/100
|switch|p2b: Garchomp|Garchomp, L50, M|100/100
|-ability|p1a: Gardevoir|Rough Skin|Trace|[from] ability: Trace|[of] p2b: Garchomp
|turn|1
|inactive|huanyu0.0 has 30 seconds left.
|inactive|Yei_Lai has 30 seconds left.
|inactive|Yei_Lai has 20 seconds left.
|inactive|Yei_Lai has 15 seconds left.
|
|t:|1786021307
|detailschange|p2a: Floette|Floette-Mega, L50, F
|-mega|p2a: Floette|Floette|Floettite
|-ability|p2a: Floette|Fairy Aura
|detailschange|p1a: Gardevoir|Gardevoir-Mega, L50, M
|-mega|p1a: Gardevoir|Gardevoir|Gardevoirite
|move|p1b: Maushold|Follow Me|p1b: Maushold
|-singleturn|p1b: Maushold|move: Follow Me
|move|p2b: Garchomp|Rock Slide|p1a: Gardevoir|[spread] p1a,p1b
|-damage|p1a: Gardevoir|77/100
|-damage|p1b: Maushold|73/100
|-damage|p2b: Garchomp|90/100|[from] item: Life Orb
|move|p2a: Floette|Dazzling Gleam|p1b: Maushold|[spread] p1a,p1b
|-damage|p1a: Gardevoir|44/100
|-damage|p1b: Maushold|23/100
|cant|p1a: Gardevoir|flinch
|
|upkeep
|turn|2
|
|t:|1786021322
|move|p1a: Gardevoir|Protect|p1a: Gardevoir
|-singleturn|p1a: Gardevoir|Protect
|move|p2b: Garchomp|Rock Slide|p1a: Gardevoir|[spread] p1b
|-activate|p1a: Gardevoir|move: Protect
|-damage|p1b: Maushold|0 fnt
|faint|p1b: Maushold
|-damage|p2b: Garchomp|80/100|[from] item: Life Orb
|move|p2a: Floette|Dazzling Gleam|p1a: Gardevoir
|-activate|p1a: Gardevoir|move: Protect
|
|upkeep
|
|t:|1786021324
|switch|p1b: Talonflame|Talonflame, L50, M|100/100
|turn|3
|inactive|huanyu0.0 has 30 seconds left.
|
|t:|1786021353
|move|p2b: Garchomp|Protect|p2b: Garchomp
|-singleturn|p2b: Garchomp|Protect
|move|p1b: Talonflame|Tailwind|p1b: Talonflame
|-sidestart|p1: huanyu0.0|move: Tailwind
|move|p1a: Gardevoir|Hyper Voice|p2b: Garchomp|[spread] p2a
|-activate|p2b: Garchomp|move: Protect
|-damage|p2a: Floette|43/100
|move|p2a: Floette|Light of Ruin|p1a: Gardevoir
|-damage|p1a: Gardevoir|0 fnt
|faint|p1a: Gardevoir
|-damage|p2a: Floette|20/100y|[from] Recoil
|
|upkeep
|
|t:|1786021355
|switch|p1a: Garchomp|Garchomp, L50, M|100/100
|turn|4
|inactive|Yei_Lai has 30 seconds left.
|
|t:|1786021385
|switch|p2b: Whimsicott|Whimsicott, L50, F|100/100
|move|p1b: Talonflame|Dual Wingbeat|p2a: Floette
|-damage|p2a: Floette|0 fnt
|faint|p2a: Floette
|-hitcount|p2: Floette|1
|move|p1a: Garchomp|Dragon Claw|p2b: Whimsicott
|-immune|p2b: Whimsicott
|
|upkeep
|
|t:|1786021398
|switch|p2a: Garchomp|Garchomp, L50, M|80/100
|turn|5
|inactive|Yei_Lai has 30 seconds left.
|inactive|Yei_Lai has 20 seconds left.
|
|t:|1786021438
|switch|p2a: Kingambit|Kingambit, L50, M|100/100
|move|p2b: Whimsicott|Protect|p2b: Whimsicott
|-singleturn|p2b: Whimsicott|Protect
|move|p1b: Talonflame|Dual Wingbeat|p2b: Whimsicott
|-activate|p2b: Whimsicott|move: Protect
|move|p1a: Garchomp|Dragon Claw|p2a: Kingambit
|-resisted|p2a: Kingambit|1
|-damage|p2a: Kingambit|85/100
|
|upkeep
|turn|6
|inactive|Yei_Lai has 30 seconds left.
|inactive|huanyu0.0 has 30 seconds left.
|inactive|huanyu0.0 has 20 seconds left.
|
|t:|1786021479
|move|p2b: Whimsicott|Encore|p1a: Garchomp
|-start|p1a: Garchomp|Encore
|move|p1b: Talonflame|Flare Blitz|p2a: Kingambit
|-supereffective|p2a: Kingambit|1
|-damage|p2a: Kingambit|12/100
|-damage|p1b: Talonflame|68/100|[from] Recoil
|move|p1a: Garchomp|Dragon Claw|p2b: Whimsicott
|-immune|p2b: Whimsicott
|move|p2a: Kingambit|Kowtow Cleave|p1b: Talonflame
|-damage|p1b: Talonflame|0 fnt
|faint|p1b: Talonflame
|
|-sideend|p1: huanyu0.0|move: Tailwind
|upkeep
|turn|7
|-message|huanyu0.0 forfeited.
|
|win|Yei_Lai
|j| dd9261248
|l| dd9261248
|l| Ayabe0119
