|j|☆Pumpkinman
|j|☆harlocker
|html|Pumpkinmanharlocker    
|uhtml|bestof|Game 2 of a best-of-3
|t:|1757167205
|gametype|doubles
|player|p1|Pumpkinman|cyclist-gen4|1170
|player|p2|harlocker|argenta|1000
|gen|9
|tier|[Gen 9] VGC 2025 Reg H (Bo3)
|rated|
|rule|Species Clause: Limit one of each Pokémon
|rule|Item Clause: Limit 1 of each item
|clearpoke
|poke|p1|Charizard, L50, M|
|poke|p1|Torkoal, L50, F|
|poke|p1|Porygon2, L50|
|poke|p1|Incineroar, L50, M|
|poke|p1|Jumpluff, L50, F|
|poke|p1|Ursaluna, L50, F|
|poke|p2|Brionne, L50, F|
|poke|p2|Gastrodon-East, L50, F|
|poke|p2|Gothitelle, L50, F|
|poke|p2|Persian-Alola, L50, F|
|poke|p2|Altaria, L50, F|
|poke|p2|Kommo-o, L50, F|
|teampreview|4
|showteam|p1|Charizard||ChoiceSpecs|SolarPower|HeatWave,Overheat,WeatherBall,AirSlash|||M|||50|,,,,,Ghost]Torkoal||EjectPack|Drought|Eruption,Overheat,HelpingHand,Protect|||F|||50|,,,,,Fire]Porygon2||Eviolite|Download|TeraBlast,IceBeam,Recover,TrickRoom||||||50|,,,,,Fighting]Incineroar||SitrusBerry|Intimidate|FlareBlitz,KnockOff,FakeOut,PartingShot|||M|||50|,,,,,Ghost]Jumpluff||CovertCloak|Chlorophyll|SleepPowder,SunnyDay,RagePowder,Tailwind|||F|||50|,,,,,Water]Ursaluna||FlameOrb|Guts|HeadlongRush,Facade,Earthquake,Protect|||F|||50|,,,,,Ghost
|showteam|p2|Brionne||Eviolite|LiquidVoice|PerishSong,Protect,HyperVoice,FlipTurn|||F|||50|,,,,,Ground]Gastrodon-East||SitrusBerry|StormDrain|Recover,AcidArmor,IceBeam,Protect|||F|||50|,,,,,Water]Gothitelle||ColburBerry|ShadowTag|Protect,FakeOut,DarkPulse,PsychicTerrain|||F|||50|,,,,,Dark]Persian-Alola||ChoiceScarf|FurCoat|Snarl,PartingShot,HyperVoice,BurningJealousy|||F|||50|,,,,,Dark]Altaria||Leftovers|CloudNine|PerishSong,Roost,Protect,DragonCheer|||F|||50|,,,,,Flying]Kommo-o||FocusSash|Soundproof|Earthquake,ClangorousSoul,Protect,ClangingScales|||F|||50|,,,,,Dragon
|inactive|Battle timer is ON: inactive players will automatically lose when time's up. (requested by Pumpkinman)
|
|t:|1757167224
|teamsize|p1|4
|teamsize|p2|4
|start
|switch|p1a: Ursaluna|Ursaluna, L50, F|100/100
|switch|p1b: Porygon2|Porygon2, L50|100/100
|switch|p2a: Brionne|Brionne, L50, F|100/100
|switch|p2b: Gastrodon|Gastrodon-East, L50, F|100/100
|-ability|p1b: Porygon2|Download|boost
|-boost|p1b: Porygon2|atk|1
|turn|1
|inactive|Pumpkinman has 30 seconds left.
|inactive|harlocker has 30 seconds left.
|
|t:|1757167258
|switch|p1b: Incineroar|Incineroar, L50, M|100/100
|-ability|p1b: Incineroar|Intimidate|boost
|-unboost|p2a: Brionne|atk|1
|-unboost|p2b: Gastrodon|atk|1
|move|p1a: Ursaluna|Facade|p2b: Gastrodon
|-damage|p2b: Gastrodon|63/100
|move|p2a: Brionne|Perish Song|p2a: Brionne
|-start|p1a: Ursaluna|perish3|[silent]
|-start|p1b: Incineroar|perish3|[silent]
|-start|p2a: Brionne|perish3|[silent]
|-ability|p2b: Gastrodon|Storm Drain|boost
|-boost|p2b: Gastrodon|spa|1
|-fieldactivate|move: Perish Song
|move|p2b: Gastrodon|Acid Armor|p2b: Gastrodon
|-boost|p2b: Gastrodon|def|2
|
|-start|p1b: Incineroar|perish3
|-start|p1a: Ursaluna|perish3
|-start|p2a: Brionne|perish3
|-status|p1a: Ursaluna|brn|[from] item: Flame Orb
|upkeep
|turn|2
|inactive|Pumpkinman has 30 seconds left.
|inactive|Pumpkinman has 20 seconds left.
|
|t:|1757167297
|move|p2a: Brionne|Protect|p2a: Brionne
|-singleturn|p2a: Brionne|Protect
|move|p1b: Incineroar|Fake Out|p2b: Gastrodon
|-damage|p2b: Gastrodon|57/100
|move|p1a: Ursaluna|Facade|p2a: Brionne
|-activate|p2a: Brionne|move: Protect
|cant|p2b: Gastrodon|flinch
|
|-damage|p1a: Ursaluna|95/100 brn|[from] brn
|-start|p1b: Incineroar|perish2
|-start|p1a: Ursaluna|perish2
|-start|p2a: Brionne|perish2
|upkeep
|turn|3
|inactive|Pumpkinman has 30 seconds left.
|
|t:|1757167326
|switch|p2a: Gothitelle|Gothitelle, L50, F|100/100
|-terastallize|p1a: Ursaluna|Ghost
|move|p1b: Incineroar|Parting Shot|p2b: Gastrodon
|-unboost|p2b: Gastrodon|atk|1
|-unboost|p2b: Gastrodon|spa|1
|
|t:|1757167335
|switch|p1b: Porygon2|Porygon2, L50|100/100|[from] Parting Shot
|-ability|p1b: Porygon2|Download|boost
|-boost|p1b: Porygon2|spa|1
|move|p1a: Ursaluna|Facade|p2a: Gothitelle
|-damage|p2a: Gothitelle|4/100
|move|p2b: Gastrodon|Recover|p2b: Gastrodon
|-heal|p2b: Gastrodon|100/100
|
|-damage|p1a: Ursaluna|89/100 brn|[from] brn
|-start|p1a: Ursaluna|perish1
|upkeep
|turn|4
|
|t:|1757167356
|switch|p1a: Incineroar|Incineroar, L50, M|100/100
|-ability|p1a: Incineroar|Intimidate|boost
|-unboost|p2a: Gothitelle|atk|1
|-unboost|p2b: Gastrodon|atk|1
|move|p2a: Gothitelle|Fake Out|p1b: Porygon2
|-damage|p1b: Porygon2|98/100
|cant|p1b: Porygon2|flinch
|move|p2b: Gastrodon|Acid Armor|p2b: Gastrodon
|-boost|p2b: Gastrodon|def|2
|
|upkeep
|turn|5
|inactive|Pumpkinman has 30 seconds left.
|inactive|harlocker has 30 seconds left.
|
|t:|1757167386
|move|p1a: Incineroar|Knock Off|p2a: Gothitelle
|-supereffective|p2a: Gothitelle
|-enditem|p2a: Gothitelle|Colbur Berry|[eat]
|-enditem|p2a: Gothitelle|Colbur Berry|[weaken]
|-damage|p2a: Gothitelle|0 fnt
|faint|p2a: Gothitelle
|move|p1b: Porygon2|Tera Blast|p2b: Gastrodon
|-damage|p2b: Gastrodon|53/100
|move|p2b: Gastrodon|Ice Beam|p1b: Porygon2
|-damage|p1b: Porygon2|84/100
|
|upkeep
|
|t:|1757167390
|switch|p2a: Brionne|Brionne, L50, F|100/100
|turn|6
|inactive|Pumpkinman has 30 seconds left.
|
|t:|1757167418
|move|p1a: Incineroar|Parting Shot|p2b: Gastrodon
|-unboost|p2b: Gastrodon|atk|1
|-unboost|p2b: Gastrodon|spa|1
|
|t:|1757167421
|switch|p1a: Ursaluna|Ursaluna, L50, F, tera:Ghost|89/100 brn|[from] Parting Shot
|move|p1b: Porygon2|Tera Blast|p2b: Gastrodon
|-damage|p2b: Gastrodon|0 fnt
|faint|p2b: Gastrodon
|move|p2a: Brionne|Perish Song|p2a: Brionne
|-start|p1a: Ursaluna|perish3|[silent]
|-start|p1b: Porygon2|perish3|[silent]
|-start|p2a: Brionne|perish3|[silent]
|-fieldactivate|move: Perish Song
|
|-damage|p1a: Ursaluna|83/100 brn|[from] brn
|-start|p1a: Ursaluna|perish3
|-start|p1b: Porygon2|perish3
|-start|p2a: Brionne|perish3
|upkeep
|
|t:|1757167430
|switch|p2b: Kommo-o|Kommo-o, L50, F|100/100
|turn|7
|inactive|Pumpkinman has 30 seconds left.
|inactive|Pumpkinman has 20 seconds left.
|
|t:|1757167465
|switch|p1b: Incineroar|Incineroar, L50, M|100/100
|-ability|p1b: Incineroar|Intimidate|boost
|-unboost|p2a: Brionne|atk|1
|-unboost|p2b: Kommo-o|atk|1
|move|p2a: Brionne|Protect|p2a: Brionne
|-singleturn|p2a: Brionne|Protect
|move|p2b: Kommo-o|Clangorous Soul|p2b: Kommo-o
|-boost|p2b: Kommo-o|atk|1
|-boost|p2b: Kommo-o|def|1
|-boost|p2b: Kommo-o|spa|1
|-boost|p2b: Kommo-o|spd|1
|-boost|p2b: Kommo-o|spe|1
|-damage|p2b: Kommo-o|68/100
|move|p1a: Ursaluna|Facade|p2b: Kommo-o
|-damage|p2b: Kommo-o|0 fnt
|faint|p2b: Kommo-o
|
|-damage|p1a: Ursaluna|77/100 brn|[from] brn
|-start|p1a: Ursaluna|perish2
|-start|p2a: Brionne|perish2
|upkeep
|turn|8
|-message|harlocker forfeited.
|
|win|Pumpkinman
|raw|Pumpkinman's rating: 1170 → 1184(+14 for winning)
|raw|harlocker's rating: 1000 → 1000(+0 for losing)
|l|☆harlocker
|player|p2|
