|j|☆toughlogvgc
|j|☆MsLn
|html|toughlogvgcMsLn    
|uhtml|bestof|Game 3 of a best-of-3
|t:|1784507907
|gametype|doubles
|player|p1|toughlogvgc|266|1194
|player|p2|MsLn|backpacker|1106
|gen|9
|tier|[Gen 9 Champions] VGC 2026 Reg M-B (Bo3)
|rated|
|rule|Species Clause: Limit one of each Pokémon
|rule|Item Clause: Limit 1 of each item
|clearpoke
|poke|p1|Charizard, L50, M|
|poke|p1|Garchomp, L50, M|
|poke|p1|Basculegion, L50, M|
|poke|p1|Whimsicott, L50, F|
|poke|p1|Kingambit, L50, F|
|poke|p1|Floette-Eternal, L50, F|
|poke|p2|Charizard, L50, F|
|poke|p2|Oranguru, L50, F|
|poke|p2|Torkoal, L50, F|
|poke|p2|Pelipper, L50, M|
|poke|p2|Mawile, L50, F|
|poke|p2|Sinistcha-Masterpiece, L50|
|teampreview|4
|showteam|p1|Charizard||CharizarditeY|Blaze|HeatWave,SolarBeam,Protect,WeatherBall|Modest||M|||50|]Garchomp||LifeOrb|RoughSkin|DragonClaw,Earthquake,RockSlide,Protect|Jolly||M|||50|]Basculegion||ChoiceScarf|Adaptability|WaveCrash,AquaJet,FlipTurn,LastRespects|Adamant||M|||50|]Whimsicott||FocusSash|Prankster|Moonblast,Tailwind,Protect,Encore|Timid||F|||50|]Kingambit||BlackGlasses|Defiant|IronHead,KowtowCleave,Protect,SuckerPunch|Adamant||F|||50|]Floette-Eternal||Floettite|FlowerVeil|Moonblast,LightofRuin,DazzlingGleam,Protect|Modest||F|||50|
|showteam|p2|Charizard||CharizarditeY|SolarPower|SolarBeam,WeatherBall,HeatWave,Protect|Modest||F|||50|]Oranguru||MentalHerb|InnerFocus|TrickRoom,AfterYou,Instruct,PsychicNoise|Sassy||F|||50|]Torkoal||Charcoal|Drought|Eruption,EarthPower,Protect,HeatWave|Quiet||F|||50|]Pelipper||FocusSash|Drizzle|Uturn,WeatherBall,Hurricane,WideGuard|Modest||M|||50|]Mawile||Mawilite|HyperCutter|Protect,PlayRough,SwordsDance,SuckerPunch|Adamant||F|||50|]Sinistcha-Masterpiece||Leftovers|Hospitality|TrickRoom,MatchaGotcha,Protect,RagePowder|Relaxed|||||50|
|inactive|Battle timer is ON: inactive players will automatically lose when time's up. (requested by MsLn)
|
|t:|1784507920
|teamsize|p1|4
|teamsize|p2|4
|start
|switch|p1a: Charizard|Charizard, L50, M|100/100
|switch|p1b: Garchomp|Garchomp, L50, M|100/100
|switch|p2a: Mawile|Mawile, L50, F|100/100
|switch|p2b: Oranguru|Oranguru, L50, F|100/100
|turn|1
|inactive|toughlogvgc has 30 seconds left.
|
|t:|1784507949
|detailschange|p1a: Charizard|Charizard-Mega-Y, L50, M
|-mega|p1a: Charizard|Charizard|Charizardite Y
|-weather|SunnyDay|[from] ability: Drought|[of] p1a: Charizard
|detailschange|p2a: Mawile|Mawile-Mega, L50, F
|-mega|p2a: Mawile|Mawile|Mawilite
|move|p2a: Mawile|Protect|p2a: Mawile
|-singleturn|p2a: Mawile|Protect
|move|p1b: Garchomp|Dragon Claw|p2b: Oranguru
|-damage|p2b: Oranguru|57/100
|-damage|p1b: Garchomp|90/100|[from] item: Life Orb
|move|p1a: Charizard|Weather Ball|p2b: Oranguru
|-damage|p2b: Oranguru|0 fnt
|faint|p2b: Oranguru
|
|-weather|SunnyDay|[upkeep]
|upkeep
|
|t:|1784507960
|switch|p2b: Pelipper|Pelipper, L50, M|100/100
|-weather|RainDance|[from] ability: Drizzle|[of] p2b: Pelipper
|turn|2
|inactive|toughlogvgc has 30 seconds left.
|
|t:|1784507988
|switch|p1b: Whimsicott|Whimsicott, L50, F|100/100
|move|p2b: Pelipper|Wide Guard|p2b: Pelipper
|-singleturn|p2b: Pelipper|Wide Guard
|move|p1a: Charizard|Heat Wave|p2a: Mawile|[spread] 
|-activate|p2a: Mawile|move: Wide Guard
|-activate|p2b: Pelipper|move: Wide Guard
|move|p2a: Mawile|Swords Dance|p2a: Mawile
|-boost|p2a: Mawile|atk|2
|
|-weather|RainDance|[upkeep]
|upkeep
|turn|3
|
|t:|1784508009
|switch|p1a: Garchomp|Garchomp, L50, M|90/100
|move|p1b: Whimsicott|Encore|p2a: Mawile
|-start|p2a: Mawile|Encore
|move|p2b: Pelipper|Hurricane|p1b: Whimsicott
|-supereffective|p1b: Whimsicott|1
|-enditem|p1b: Whimsicott|Focus Sash
|-damage|p1b: Whimsicott|1/100
|-start|p1b: Whimsicott|confusion
|move|p2a: Mawile|Swords Dance|p2a: Mawile
|-boost|p2a: Mawile|atk|2
|
|-weather|RainDance|[upkeep]
|upkeep
|turn|4
|
|t:|1784508031
|move|p2b: Pelipper|Wide Guard|p2b: Pelipper
|-singleturn|p2b: Pelipper|Wide Guard
|-activate|p1b: Whimsicott|confusion
|move|p1b: Whimsicott|Moonblast|p2a: Mawile
|-resisted|p2a: Mawile|1
|-damage|p2a: Mawile|80/100
|move|p1a: Garchomp|Dragon Claw|p2b: Pelipper
|-damage|p2b: Pelipper|33/100
|-damage|p1a: Garchomp|80/100|[from] item: Life Orb
|move|p2a: Mawile|Swords Dance|p2a: Mawile
|-boost|p2a: Mawile|atk|2
|
|-weather|RainDance|[upkeep]
|upkeep
|turn|5
|
|t:|1784508046
|move|p2b: Pelipper|Wide Guard|p2b: Pelipper
|-singleturn|p2b: Pelipper|Wide Guard
|-end|p1b: Whimsicott|confusion
|move|p1b: Whimsicott|Moonblast|p2a: Mawile
|-resisted|p2a: Mawile|1
|-damage|p2a: Mawile|60/100
|move|p1a: Garchomp|Dragon Claw|p2b: Pelipper
|-damage|p2b: Pelipper|0 fnt
|faint|p2b: Pelipper
|-damage|p1a: Garchomp|70/100|[from] item: Life Orb
|move|p2a: Mawile|Swords Dance|p2a: Mawile
|-boost|p2a: Mawile|atk|0
|
|-weather|RainDance|[upkeep]
|-end|p2a: Mawile|Encore
|upkeep
|
|t:|1784508052
|switch|p2b: Torkoal|Torkoal, L50, F|100/100
|-weather|SunnyDay|[from] ability: Drought|[of] p2b: Torkoal
|turn|6
|inactive|MsLn has 30 seconds left.
|
|t:|1784508078
|move|p2a: Mawile|Protect|p2a: Mawile
|-singleturn|p2a: Mawile|Protect
|move|p1b: Whimsicott|Encore|p2a: Mawile
|-activate|p2a: Mawile|move: Protect
|move|p1a: Garchomp|Earthquake|p2a: Mawile|[spread] p1b,p2b
|-activate|p2a: Mawile|move: Protect
|-resisted|p1b: Whimsicott|1
|-supereffective|p2b: Torkoal|1
|-damage|p1b: Whimsicott|0 fnt
|-damage|p2b: Torkoal|20/100y
|faint|p1b: Whimsicott
|-damage|p1a: Garchomp|60/100|[from] item: Life Orb
|move|p2b: Torkoal|Heat Wave|p1a: Garchomp
|-resisted|p1a: Garchomp|1
|-damage|p1a: Garchomp|22/100
|
|-weather|SunnyDay|[upkeep]
|upkeep
|
|t:|1784508093
|switch|p1b: Charizard|Charizard-Mega-Y, L50, M|100/100
|turn|7
|-message|MsLn forfeited.
|
|win|toughlogvgc
|raw|toughlogvgc's rating: 1194 → 1213(+19 for winning)
|raw|MsLn's rating: 1106 → 1087(-19 for losing)
|l|☆MsLn
|player|p2|
