|j|☆fly butterfly fly
|j|☆azumzen
|html|fly butterfly flyazumzen    
|uhtml|bestof|Game 2 of a best-of-3
|t:|1785597879
|gametype|doubles
|player|p1|fly butterfly fly|265|1175
|player|p2|azumzen|steven|1154
|gen|9
|tier|[Gen 9 Champions] VGC 2026 Reg M-B (Bo3)
|rated|
|rule|Species Clause: Limit one of each Pokémon
|rule|Item Clause: Limit 1 of each item
|clearpoke
|poke|p1|Kangaskhan, L50, F|
|poke|p1|Farigiraf, L50, F|
|poke|p1|Torkoal, L50, M|
|poke|p1|Venusaur, L50, M|
|poke|p1|Kommo-o, L50, F|
|poke|p1|Pyroar, L50, F|
|poke|p2|Mawile, L50, M, shiny|
|poke|p2|Eelektross, L50, M|
|poke|p2|Whimsicott, L50, F|
|poke|p2|Kingambit, L50, F, shiny|
|poke|p2|Garchomp, L50, F|
|poke|p2|Incineroar, L50, F|
|teampreview|4
|showteam|p1|Kangaskhan||SilkScarf|Scrappy|FakeOut,LastResort|Adamant||F|||50|]Farigiraf||ColburBerry|ArmorTail|Psychic,Thunderbolt,HelpingHand,TrickRoom|Bold||F|||50|]Torkoal||Charcoal|Drought|Eruption,WeatherBall,HelpingHand,Protect|Quiet||M|||50|]Venusaur||LifeOrb|Chlorophyll|SolarBeam,SludgeBomb,EarthPower,Protect|Modest||M|||50|]Kommo-o||HabanBerry|Overcoat|ClangingScales,AuraSphere,ClangorousSoul,Protect|Modest||F|||50|]Pyroar||Pyroarite|Unnerve|HeatWave,Overheat,ScorchingSands,Protect|Timid||F|||50|
|showteam|p2|Mawile||Mawilite|HyperCutter|SuckerPunch,PlayRough,SwordsDance,Protect|Adamant||M|||50|]Eelektross||Eelektrossite|Levitate|Thunderbolt,GigaDrain,RockSlide,Protect|Quiet||M|||50|]Whimsicott||FocusSash|Prankster|Tailwind,Encore,Moonblast,TrickRoom|Timid||F|||50|]Kingambit||BlackGlasses|Defiant|IronHead,Protect,SuckerPunch,KowtowCleave|Adamant||F|||50|]Garchomp||LifeOrb|RoughSkin|DragonClaw,RockSlide,Earthquake,Protect|Adamant||F|||50|]Incineroar||ShucaBerry|Intimidate|FlareBlitz,FakeOut,ThroatChop,PartingShot|Relaxed||F|||50|
|inactive|Battle timer is ON: inactive players will automatically lose when time's up. (requested by azumzen)
|
|t:|1785597946
|teamsize|p1|4
|teamsize|p2|4
|start
|switch|p1a: Torkoal|Torkoal, L50, M|100/100
|switch|p1b: Venusaur|Venusaur, L50, M|100/100
|switch|p2a: Garchomp|Garchomp, L50, F|100/100
|switch|p2b: Incineroar|Incineroar, L50, F|100/100
|-ability|p2b: Incineroar|Intimidate|boost
|-unboost|p1a: Torkoal|atk|1
|-unboost|p1b: Venusaur|atk|1
|-weather|SunnyDay|[from] ability: Drought|[of] p1a: Torkoal
|turn|1
|inactive|azumzen has 30 seconds left.
|
|t:|1785597980
|switch|p1a: Farigiraf|Farigiraf, L50, F|100/100
|move|p1b: Venusaur|Protect|p1b: Venusaur
|-singleturn|p1b: Venusaur|Protect
|move|p2b: Incineroar|Fake Out||[still]
|cant|p1a: Farigiraf|ability: Armor Tail|Fake Out|[of] p2b: Incineroar
|move|p2a: Garchomp|Earthquake|p1a: Farigiraf|[spread] p2b,p1a
|-activate|p1b: Venusaur|move: Protect
|-supereffective|p2b: Incineroar|1
|-enditem|p2b: Incineroar|Shuca Berry|[eat]
|-enditem|p2b: Incineroar|Shuca Berry|[weaken]
|-damage|p2b: Incineroar|57/100
|-damage|p1a: Farigiraf|56/100
|-damage|p2a: Garchomp|90/100|[from] item: Life Orb
|
|-weather|SunnyDay|[upkeep]
|upkeep
|turn|2
|inactive|fly butterfly fly has 30 seconds left.
|inactive|azumzen has 30 seconds left.
|inactive|fly butterfly fly has 20 seconds left.
|inactive|fly butterfly fly has 15 seconds left.
|
|t:|1785598024
|move|p1a: Farigiraf|Helping Hand|p1b: Venusaur
|-singleturn|p1b: Venusaur|Helping Hand|[of] p1a: Farigiraf
|move|p1b: Venusaur|Sludge Bomb|p2b: Incineroar
|-damage|p2b: Incineroar|0 fnt
|faint|p2b: Incineroar
|-damage|p1b: Venusaur|90/100|[from] item: Life Orb
|move|p2a: Garchomp|Dragon Claw|p1b: Venusaur
|-damage|p1b: Venusaur|5/100
|-damage|p2a: Garchomp|80/100|[from] item: Life Orb
|
|-weather|SunnyDay|[upkeep]
|upkeep
|
|t:|1785598036
|switch|p2b: Eelektross|Eelektross, L50, M|100/100
|turn|3
|inactive|fly butterfly fly has 30 seconds left.
|inactive|azumzen has 30 seconds left.
|inactive|fly butterfly fly has 20 seconds left.
|inactive|fly butterfly fly has 15 seconds left.
|inactive|fly butterfly fly has 10 seconds left.
|inactive|fly butterfly fly has 5 seconds left.
|
|t:|1785598088
|switch|p1a: Kommo-o|Kommo-o, L50, F|100/100
|move|p1b: Venusaur|Protect|p1b: Venusaur
|-singleturn|p1b: Venusaur|Protect
|move|p2b: Eelektross|Protect|p2b: Eelektross
|-singleturn|p2b: Eelektross|Protect
|move|p2a: Garchomp|Earthquake|p1b: Venusaur|[spread] p1a
|-activate|p2b: Eelektross|move: Protect
|-activate|p1b: Venusaur|move: Protect
|-damage|p1a: Kommo-o|50/100g
|-damage|p2a: Garchomp|70/100|[from] item: Life Orb
|
|-weather|SunnyDay|[upkeep]
|upkeep
|turn|4
|inactive|azumzen has 30 seconds left.
|
|t:|1785598113
|detailschange|p2b: Eelektross|Eelektross-Mega, L50, M
|-mega|p2b: Eelektross|Eelektross|Eelektrossite
|move|p1b: Venusaur|Solar Beam||[still]
|-prepare|p1b: Venusaur|Solar Beam
|-anim|p1b: Venusaur|Solar Beam|p2a: Garchomp
|-damage|p2a: Garchomp|1/100
|-damage|p1b: Venusaur|0 fnt|[from] item: Life Orb
|faint|p1b: Venusaur
|move|p1a: Kommo-o|Clanging Scales|p2a: Garchomp|[spread] p2a,p2b
|-supereffective|p2a: Garchomp|1
|-damage|p2a: Garchomp|0 fnt
|-damage|p2b: Eelektross|58/100
|faint|p2a: Garchomp
|-unboost|p1a: Kommo-o|def|1
|move|p2b: Eelektross|Rock Slide|p1a: Kommo-o
|-resisted|p1a: Kommo-o|1
|-damage|p1a: Kommo-o|33/100
|
|-weather|SunnyDay|[upkeep]
|upkeep
|
|t:|1785598129
|switch|p1b: Farigiraf|Farigiraf, L50, F|56/100
|switch|p2a: Whimsicott|Whimsicott, L50, F|100/100
|turn|5
|inactive|azumzen has 30 seconds left.
|inactive|azumzen has 20 seconds left.
|
|t:|1785598164
|move|p2a: Whimsicott|Moonblast|p1a: Kommo-o
|-supereffective|p1a: Kommo-o|2
|-damage|p1a: Kommo-o|0 fnt
|faint|p1a: Kommo-o
|move|p2b: Eelektross|Thunderbolt|p1b: Farigiraf
|-damage|p1b: Farigiraf|4/100
|move|p1b: Farigiraf|Trick Room|p1b: Farigiraf
|-fieldstart|move: Trick Room|[of] p1b: Farigiraf
|
|-weather|none
|upkeep
|
|t:|1785598172
|switch|p1a: Torkoal|Torkoal, L50, M|100/100
|-weather|SunnyDay|[from] ability: Drought|[of] p1a: Torkoal
|turn|6
|
|t:|1785598183
|move|p1b: Farigiraf|Helping Hand|p1a: Torkoal
|-singleturn|p1a: Torkoal|Helping Hand|[of] p1b: Farigiraf
|move|p1a: Torkoal|Eruption|p2a: Whimsicott|[spread] p2a,p2b
|-supereffective|p2a: Whimsicott|1
|-enditem|p2a: Whimsicott|Focus Sash
|-damage|p2a: Whimsicott|1/100
|-damage|p2b: Eelektross|0 fnt
|faint|p2b: Eelektross
|move|p2a: Whimsicott|Trick Room|p2a: Whimsicott
|-fieldend|move: Trick Room
|
|-weather|SunnyDay|[upkeep]
|upkeep
|turn|7
|-message|azumzen forfeited.
|
|win|fly butterfly fly
|l|☆azumzen
|player|p2|
||azumzen is ready for game 3.
