|j|☆javi fuego
|j|☆lyk0
|html|javi fuegolyk0    
|uhtml|bestof|Game 3 of a best-of-3
|t:|1785768570
|gametype|doubles
|player|p1|javi fuego|265|1321
|player|p2|lyk0|ghetsis|1300
|gen|9
|tier|[Gen 9 Champions] VGC 2026 Reg M-B (Bo3)
|rated|
|rule|Species Clause: Limit one of each Pokémon
|rule|Item Clause: Limit 1 of each item
|clearpoke
|poke|p1|Raichu, L50, M|
|poke|p1|Floette-Eternal, L50, F|
|poke|p1|Sinistcha, L50|
|poke|p1|Ceruledge, L50, M|
|poke|p1|Milotic, L50, F|
|poke|p1|Incineroar, L50, M|
|poke|p2|Staraptor, L50, F|
|poke|p2|Delphox, L50, M|
|poke|p2|Whimsicott, L50, M|
|poke|p2|Kingambit, L50, F|
|poke|p2|Garchomp, L50, F|
|poke|p2|Milotic, L50, M, shiny|
|teampreview|4
|showteam|p1|Raichu||RaichuniteY|LightningRod|ZapCannon,FocusBlast,FakeOut,Protect|Timid||M|||50|]Floette-Eternal||Floettite|FlowerVeil|CalmMind,DazzlingGleam,DrainingKiss,Protect|Timid||F|||50|]Sinistcha||KasibBerry|Hospitality|MatchaGotcha,LifeDew,RagePowder,Protect|Relaxed|||||50|]Ceruledge||ColburBerry|FlashFire|BitterBlade,ShadowSneak,BulkUp,Protect|Adamant||M|||50|]Milotic||Leftovers|Competitive|MuddyWater,Coil,Hypnosis,Protect|Calm||F|||50|]Incineroar||SitrusBerry|Intimidate|FlareBlitz,ThroatChop,FakeOut,PartingShot|Impish||M|||50|
|showteam|p2|Staraptor||Staraptite|Intimidate|BraveBird,CloseCombat,Roost,Protect|Jolly||F|||50|]Delphox||Delphoxite|Blaze|HeatWave,Psychic,Substitute,Protect|Timid||M|||50|]Whimsicott||OccaBerry|Prankster|Moonblast,Tailwind,Charm,LightScreen|Timid||M|||50|]Kingambit||ChopleBerry|Defiant|LowKick,KowtowCleave,IronHead,SuckerPunch|Adamant||F|||50|]Garchomp||LifeOrb|RoughSkin|DragonClaw,Earthquake,RockSlide,Protect|Jolly||F|||50|]Milotic||Leftovers|Competitive|Recover,Scald,IcyWind,Protect|Bold||M|||50|
|inactive|Battle timer is ON: inactive players will automatically lose when time's up. (requested by javi fuego)
|
|t:|1785768633
|teamsize|p1|4
|teamsize|p2|4
|start
|switch|p1a: Raichu|Raichu, L50, M|100/100
|switch|p1b: Sinistcha|Sinistcha, L50|100/100
|switch|p2a: Whimsicott|Whimsicott, L50, M|100/100
|switch|p2b: Staraptor|Staraptor, L50, F|100/100
|-ability|p2b: Staraptor|Intimidate|boost
|-unboost|p1a: Raichu|atk|1
|-unboost|p1b: Sinistcha|atk|1
|turn|1
|inactive|javi fuego has 30 seconds left.
|
|t:|1785768661
|detailschange|p1a: Raichu|Raichu-Mega-Y, L50, M
|-mega|p1a: Raichu|Raichu|Raichunite Y
|detailschange|p2b: Staraptor|Staraptor-Mega, L50, F
|-mega|p2b: Staraptor|Staraptor|Staraptite
|move|p2a: Whimsicott|Light Screen|p2a: Whimsicott
|-sidestart|p2: lyk0|move: Light Screen
|move|p1a: Raichu|Zap Cannon|p2b: Staraptor
|-supereffective|p2b: Staraptor|1
|-damage|p2b: Staraptor|22/100
|-status|p2b: Staraptor|par
|move|p2b: Staraptor|Close Combat|p1a: Raichu
|-damage|p1a: Raichu|17/100
|-boost|p2b: Staraptor|def|1
|-boost|p2b: Staraptor|spd|1
|move|p1b: Sinistcha|Matcha Gotcha|p2a: Whimsicott|[spread] p2a,p2b
|-resisted|p2a: Whimsicott|1
|-resisted|p2b: Staraptor|1
|-damage|p2a: Whimsicott|88/100
|-damage|p2b: Staraptor|17/100 par
|
|upkeep
|turn|2
|inactive|lyk0 has 30 seconds left.
|
|t:|1785768692
|move|p1b: Sinistcha|Rage Powder|p1b: Sinistcha
|-singleturn|p1b: Sinistcha|move: Rage Powder
|move|p1a: Raichu|Zap Cannon|p2b: Staraptor
|-supereffective|p2b: Staraptor|1
|-damage|p2b: Staraptor|0 fnt
|faint|p2b: Staraptor
|move|p2a: Whimsicott|Moonblast|p1a: Raichu
|-damage|p1a: Raichu|0 fnt
|faint|p1a: Raichu
|
|upkeep
|
|t:|1785768705
|switch|p1a: Milotic|Milotic, L50, F|100/100
|switch|p2b: Kingambit|Kingambit, L50, F|100/100
|turn|3
|
|t:|1785768722
|move|p1b: Sinistcha|Protect|p1b: Sinistcha
|-singleturn|p1b: Sinistcha|Protect
|move|p2a: Whimsicott|Tailwind|p2a: Whimsicott
|-sidestart|p2: lyk0|move: Tailwind
|move|p2b: Kingambit|Kowtow Cleave|p1b: Sinistcha
|-activate|p1b: Sinistcha|move: Protect
|move|p1a: Milotic|Coil|p1a: Milotic
|-boost|p1a: Milotic|atk|1
|-boost|p1a: Milotic|def|1
|-boost|p1a: Milotic|accuracy|1
|
|upkeep
|turn|4
|
|t:|1785768742
|move|p2a: Whimsicott|Moonblast|p1a: Milotic
|-damage|p1a: Milotic|81/100
|move|p2b: Kingambit|Kowtow Cleave|p1a: Milotic
|-damage|p1a: Milotic|54/100
|move|p1a: Milotic|Hypnosis|p2b: Kingambit
|-status|p2b: Kingambit|slp|[from] move: Hypnosis
|move|p1b: Sinistcha|Matcha Gotcha|p2b: Kingambit|[spread] p2a,p2b
|-resisted|p2a: Whimsicott|1
|-resisted|p2b: Kingambit|1
|-damage|p2a: Whimsicott|77/100
|-damage|p2b: Kingambit|91/100 slp
|
|-heal|p1a: Milotic|60/100|[from] item: Leftovers
|upkeep
|turn|5
|
|t:|1785768757
|move|p2a: Whimsicott|Moonblast|p1a: Milotic
|-damage|p1a: Milotic|41/100
|cant|p2b: Kingambit|slp
|move|p1a: Milotic|Muddy Water|p2b: Kingambit|[spread] p2a,p2b
|-resisted|p2a: Whimsicott|1
|-damage|p2a: Whimsicott|67/100
|-damage|p2b: Kingambit|77/100 slp
|move|p1b: Sinistcha|Life Dew||[still]|[spread] p1a,p1b
|-heal|p1a: Milotic|66/100
|-fail|p1b: Sinistcha|heal
|
|-heal|p1a: Milotic|72/100|[from] item: Leftovers
|-sideend|p2: lyk0|move: Light Screen
|upkeep
|turn|6
|inactive|lyk0 has 30 seconds left.
|
|t:|1785768785
|move|p2a: Whimsicott|Moonblast|p1a: Milotic
|-damage|p1a: Milotic|55/100
|-curestatus|p2b: Kingambit|slp|[msg]
|move|p2b: Kingambit|Kowtow Cleave|p1b: Sinistcha
|-supereffective|p1b: Sinistcha|1
|-damage|p1b: Sinistcha|21/100
|move|p1a: Milotic|Coil|p1a: Milotic
|-boost|p1a: Milotic|atk|1
|-boost|p1a: Milotic|def|1
|-boost|p1a: Milotic|accuracy|1
|move|p1b: Sinistcha|Life Dew|p1b: Sinistcha|[spread] p1a,p1b
|-heal|p1a: Milotic|81/100
|-heal|p1b: Sinistcha|46/100
|
|-heal|p1a: Milotic|87/100|[from] item: Leftovers
|-sideend|p2: lyk0|move: Tailwind
|upkeep
|turn|7
|
|t:|1785768802
|move|p1b: Sinistcha|Protect|p1b: Sinistcha
|-singleturn|p1b: Sinistcha|Protect
|move|p2a: Whimsicott|Light Screen|p2a: Whimsicott
|-sidestart|p2: lyk0|move: Light Screen
|move|p1a: Milotic|Hypnosis|p2b: Kingambit
|-status|p2b: Kingambit|slp|[from] move: Hypnosis
|cant|p2b: Kingambit|slp
|
|-heal|p1a: Milotic|93/100|[from] item: Leftovers
|upkeep
|turn|8
|inactive|lyk0 has 30 seconds left.
|
|t:|1785768832
|switch|p2a: Garchomp|Garchomp, L50, F|100/100
|switch|p1b: Incineroar|Incineroar, L50, M|100/100
|-ability|p1b: Incineroar|Intimidate|boost
|-unboost|p2a: Garchomp|atk|1
|-unboost|p2b: Kingambit|atk|1
|-ability|p2b: Kingambit|Defiant|boost
|-boost|p2b: Kingambit|atk|2
|move|p1a: Milotic|Hypnosis|p2a: Garchomp
|-status|p2a: Garchomp|slp|[from] move: Hypnosis
|cant|p2b: Kingambit|slp
|
|-heal|p1a: Milotic|99/100|[from] item: Leftovers
|upkeep
|turn|9
|
|t:|1785768852
|cant|p2a: Garchomp|slp
|move|p1a: Milotic|Muddy Water|p2a: Garchomp|[spread] p2a,p2b
|-damage|p2a: Garchomp|83/100 slp
|-damage|p2b: Kingambit|63/100 slp
|move|p1b: Incineroar|Flare Blitz|p2b: Kingambit
|-supereffective|p2b: Kingambit|1
|-damage|p2b: Kingambit|0 fnt
|faint|p2b: Kingambit
|-damage|p1b: Incineroar|78/100|[from] Recoil
|
|-heal|p1a: Milotic|100/100|[from] item: Leftovers
|upkeep
|
|t:|1785768860
|switch|p2b: Whimsicott|Whimsicott, L50, M|67/100
|turn|10
|
|t:|1785768876
|switch|p1b: Sinistcha|Sinistcha, L50|46/100
|cant|p2a: Garchomp|slp
|move|p2b: Whimsicott|Moonblast|p1b: Sinistcha
|-damage|p1b: Sinistcha|21/100
|move|p1a: Milotic|Hypnosis|p2b: Whimsicott
|-status|p2b: Whimsicott|slp|[from] move: Hypnosis
|
|upkeep
|turn|11
|-message|lyk0 forfeited.
|
|win|javi fuego
|raw|javi fuego's rating: 1321 → 1340(+19 for winning)
|raw|lyk0's rating: 1300 → 1277(-23 for losing)
|l|☆lyk0
|player|p2|
