|j|☆wingblade33
|j|☆the doctor rock
|html|wingblade33the doctor rock    
|uhtml|bestof|Game 3 of a best-of-3
|t:|1783363407
|gametype|doubles
|player|p1|wingblade33|101|1169
|player|p2|the doctor rock|marlon|1062
|gen|9
|tier|[Gen 9 Champions] VGC 2026 Reg M-B (Bo3)
|rated|
|rule|Species Clause: Limit one of each Pokémon
|rule|Item Clause: Limit 1 of each item
|clearpoke
|poke|p1|Staraptor, L50, M|
|poke|p1|Whimsicott, L50, M|
|poke|p1|Garchomp, L50, F|
|poke|p1|Charizard, L50, M|
|poke|p1|Gholdengo, L50|
|poke|p1|Basculegion, L50, M|
|poke|p2|Malamar, L50, F|
|poke|p2|Sylveon, L50, F|
|poke|p2|Grimmsnarl, L50, M|
|poke|p2|Sinistcha, L50|
|poke|p2|Rotom-Wash, L50|
|poke|p2|Volcarona, L50, F|
|teampreview|4
|showteam|p1|Staraptor||Staraptite|Intimidate|BraveBird,CloseCombat,Protect,Roost|Jolly||M|||50|]Whimsicott||FocusSash|Prankster|Moonblast,Tailwind,Charm,Encore|Timid||M|||50|]Garchomp||LifeOrb|RoughSkin|Protect,Earthquake,DragonClaw,RockSlide|Jolly||F|||50|]Charizard||CharizarditeY|Blaze|HeatWave,WeatherBall,SolarBeam,Protect|Modest||M|||50|]Gholdengo||Leftovers|GoodasGold|MakeItRain,ShadowBall,NastyPlot,Protect|Modest|||||50|]Basculegion||MysticWater|Adaptability|WaveCrash,AquaJet,LastRespects,Protect|Adamant||M|||50|
|showteam|p2|Malamar||Malamarite|Contrary|KnockOff,PsychoCut,Superpower,Protect|Adamant||F|||50|]Sylveon||FairyFeather|Pixilate|HyperVoice,QuickAttack,Yawn,Detect|Modest||F|||50|]Grimmsnarl||RoseliBerry|Prankster|FoulPlay,FakeTears,Taunt,PartingShot|Bold||M|||50|]Sinistcha||SitrusBerry|Hospitality|MatchaGotcha,LifeDew,RagePowder,TrickRoom|Bold|||||50|]Rotom-Wash||ChoiceScarf|Levitate|VoltSwitch,Thunderbolt,HydroPump,WillOWisp|Timid|||||50|]Volcarona||Leftovers|FlameBody|BugBuzz,HeatWave,QuiverDance,Protect|Calm||F|||50|
|inactive|Battle timer is ON: inactive players will automatically lose when time's up. (requested by the doctor rock)
|
|t:|1783363432
|teamsize|p1|4
|teamsize|p2|4
|start
|switch|p1a: Garchomp|Garchomp, L50, F|100/100
|switch|p1b: Charizard|Charizard, L50, M|100/100
|switch|p2a: Malamar|Malamar, L50, F|100/100
|switch|p2b: Grimmsnarl|Grimmsnarl, L50, M|100/100
|turn|1
|
|t:|1783363455
|switch|p2a: Rotom|Rotom-Wash, L50|100/100
|detailschange|p1b: Charizard|Charizard-Mega-Y, L50, M
|-mega|p1b: Charizard|Charizard|Charizardite Y
|-weather|SunnyDay|[from] ability: Drought|[of] p1b: Charizard
|move|p1a: Garchomp|Earthquake|p2b: Grimmsnarl|[spread] p2b
|-immune|p1b: Charizard
|-immune|p2a: Rotom|[from] ability: Levitate
|-damage|p2b: Grimmsnarl|54/100
|-damage|p1a: Garchomp|90/100|[from] item: Life Orb
|move|p1b: Charizard|Weather Ball|p2a: Rotom
|-resisted|p2a: Rotom|1
|-damage|p2a: Rotom|47/100
|move|p2b: Grimmsnarl|Foul Play|p1a: Garchomp
|-damage|p1a: Garchomp|37/100
|-damage|p2b: Grimmsnarl|42/100|[from] ability: Rough Skin|[of] p1a: Garchomp
|
|-weather|SunnyDay|[upkeep]
|upkeep
|turn|2
|inactive|wingblade33 has 30 seconds left.
|inactive|the doctor rock has 30 seconds left.
|inactive|wingblade33 has 20 seconds left.
|inactive|the doctor rock has 20 seconds left.
|inactive|wingblade33 has 15 seconds left.
|
|t:|1783363500
|move|p1b: Charizard|Protect|p1b: Charizard
|-singleturn|p1b: Charizard|Protect
|move|p2b: Grimmsnarl|Parting Shot|p1a: Garchomp
|-unboost|p1a: Garchomp|atk|1
|-unboost|p1a: Garchomp|spa|1
|
|t:|1783363504
|switch|p2b: Sinistcha|Sinistcha, L50|100/100|[from] Parting Shot
|-heal|p2a: Rotom|71/100|[from] ability: Hospitality|[of] p2b: Sinistcha
|move|p2a: Rotom|Thunderbolt|p1b: Charizard
|-activate|p1b: Charizard|move: Protect
|move|p1a: Garchomp|Dragon Claw|p2a: Rotom
|-damage|p2a: Rotom|31/100
|-damage|p1a: Garchomp|28/100|[from] item: Life Orb
|
|-weather|SunnyDay|[upkeep]
|upkeep
|turn|3
|inactive|wingblade33 has 30 seconds left.
|
|t:|1783363531
|switch|p1a: Basculegion|Basculegion, L50, M|100/100
|switch|p1b: Gholdengo|Gholdengo, L50|100/100
|switch|p2b: Grimmsnarl|Grimmsnarl, L50, M|42/100
|move|p2a: Rotom|Thunderbolt|p1b: Gholdengo
|-damage|p1b: Gholdengo|65/100
|
|-weather|SunnyDay|[upkeep]
|-heal|p1b: Gholdengo|71/100|[from] item: Leftovers
|upkeep
|turn|4
|inactive|wingblade33 has 30 seconds left.
|inactive|wingblade33 has 20 seconds left.
|
|t:|1783363567
|switch|p2a: Sinistcha|Sinistcha, L50|100/100
|-heal|p2b: Grimmsnarl|67/100|[from] ability: Hospitality|[of] p2a: Sinistcha
|switch|p1a: Garchomp|Garchomp, L50, F|28/100
|move|p1b: Gholdengo|Shadow Ball|p2a: Sinistcha
|-supereffective|p2a: Sinistcha|1
|-damage|p2a: Sinistcha|28/100
|-unboost|p2a: Sinistcha|spd|1
|-enditem|p2a: Sinistcha|Sitrus Berry|[eat]
|-heal|p2a: Sinistcha|52/100|[from] item: Sitrus Berry
|move|p2b: Grimmsnarl|Foul Play|p1a: Garchomp
|-damage|p1a: Garchomp|0 fnt
|-damage|p2b: Grimmsnarl|54/100|[from] ability: Rough Skin|[of] p1a: Garchomp
|faint|p1a: Garchomp
|
|-weather|SunnyDay|[upkeep]
|-heal|p1b: Gholdengo|77/100|[from] item: Leftovers
|upkeep
|inactive|wingblade33 has 30 seconds left.
|
|t:|1783363602
|switch|p1a: Charizard|Charizard-Mega-Y, L50, M|100/100
|turn|5
|
|t:|1783363619
|move|p2b: Grimmsnarl|Parting Shot|p1a: Charizard
|-unboost|p1a: Charizard|atk|1
|-unboost|p1a: Charizard|spa|1
|
|t:|1783363623
|switch|p2b: Rotom|Rotom-Wash, L50|31/100|[from] Parting Shot
|move|p1a: Charizard|Heat Wave|p2b: Rotom|[spread] p2a,p2b
|-supereffective|p2a: Sinistcha|1
|-resisted|p2b: Rotom|1
|-damage|p2a: Sinistcha|0 fnt
|-damage|p2b: Rotom|7/100
|faint|p2a: Sinistcha
|move|p1b: Gholdengo|Nasty Plot|p1b: Gholdengo
|-boost|p1b: Gholdengo|spa|2
|
|-weather|none
|-heal|p1b: Gholdengo|83/100|[from] item: Leftovers
|upkeep
|
|t:|1783363632
|switch|p2a: Malamar|Malamar, L50, F|100/100
|turn|6
|inactive|wingblade33 has 30 seconds left.
|
|t:|1783363659
|switch|p1a: Basculegion|Basculegion, L50, M|100/100
|detailschange|p2a: Malamar|Malamar-Mega, L50, F
|-mega|p2a: Malamar|Malamar|Malamarite
|move|p2b: Rotom|Thunderbolt|p1b: Gholdengo
|-damage|p1b: Gholdengo|52/100
|move|p1b: Gholdengo|Make It Rain|p2b: Rotom|[spread] p2a,p2b
|-resisted|p2b: Rotom|2
|-damage|p2a: Malamar|24/100
|-damage|p2b: Rotom|0 fnt
|-unboost|p1b: Gholdengo|spa|2
|faint|p2b: Rotom
|move|p2a: Malamar|Knock Off|p1b: Gholdengo
|-supereffective|p1b: Gholdengo|1
|-damage|p1b: Gholdengo|0 fnt
|-enditem|p1b: Gholdengo|Leftovers|[from] move: Knock Off|[of] p2a: Malamar
|faint|p1b: Gholdengo
|
|upkeep
|-message|the doctor rock forfeited.
|
|win|wingblade33
|raw|wingblade33's rating: 1169 → 1187(+18 for winning)
|raw|the doctor rock's rating: 1062 → 1048(-14 for losing)
|l|☆the doctor rock
|player|p2|
