|j|☆waffobaffo
|j|☆FenneccyFoxMV
|html|waffobaffoFenneccyFoxMV    
|uhtml|bestof|Game 1 of a best-of-3
|t:|1783036681
|gametype|doubles
|player|p1|waffobaffo|pokemonbreeder-gen4|
|player|p2|FenneccyFoxMV|265|
|gen|9
|tier|[Gen 9 Champions] VGC 2026 Reg M-B (Bo3)
|rule|Species Clause: Limit one of each Pokémon
|rule|Item Clause: Limit 1 of each item
|clearpoke
|poke|p1|Whimsicott, L50, F|
|poke|p1|Basculegion, L50, M|
|poke|p1|Mawile, L50, M|
|poke|p1|Raichu, L50, M|
|poke|p1|Runerigus, L50, F|
|poke|p1|Sinistcha, L50|
|poke|p2|Morpeko, L50, M|
|poke|p2|Tinkaton, L50, F|
|poke|p2|Vanilluxe, L50, M|
|poke|p2|Delphox, L50, F|
|poke|p2|Primarina, L50, F|
|poke|p2|Tsareena, L50, F|
|teampreview|4
|showteam|p1|Whimsicott||FocusSash|Prankster|Protect,DazzlingGleam,Endeavor,Tailwind|Bold||F|||50|]Basculegion||MysticWater|Adaptability|LastRespects,AquaJet,WaveCrash,Protect|Adamant||M|||50|]Mawile||Mawilite|HyperCutter|SwordsDance,PlayRough,SuckerPunch,IronHead|Adamant||M|||50|]Raichu||RaichuniteY|Static|Protect,FakeOut,FocusBlast,ZapCannon|Hasty||M|||50|]Runerigus||ColburBerry|WanderingSpirit|Protect,TrickRoom,Poltergeist,WillOWisp|Sassy||F|||50|]Sinistcha||SitrusBerry|Hospitality|RagePowder,MatchaGotcha,LifeDew,TrickRoom|Relaxed|||||50|
|showteam|p2|Morpeko||FocusSash|HungerSwitch|FakeOut,KnockOff,AuraWheel,Protect|Jolly||M|||50|]Tinkaton||OccaBerry|MoldBreaker|GigatonHammer,FakeOut,Encore,Feint|Jolly||F|||50|]Vanilluxe||ChoiceScarf|SnowWarning|Blizzard,FreezeDry,IcyWind,IceShard|Timid||M|||50|]Delphox||Delphoxite|Blaze|HeatWave,Psychic,NastyPlot,Protect|Timid||F|||50|]Primarina||Leftovers|LiquidVoice|HyperVoice,CalmMind,Moonblast,Protect|Modest||F|||50|]Tsareena||WideLens|QueenlyMajesty|Taunt,PowerWhip,HighJumpKick,Protect|Adamant||F|||50|
|
|t:|1783036915
|teamsize|p1|4
|teamsize|p2|4
|start
|switch|p1a: Whimsicott|Whimsicott, L50, F|100/100
|switch|p1b: Mawile|Mawile, L50, M|100/100
|switch|p2a: Tinkaton|Tinkaton, L50, F|100/100
|switch|p2b: Tsareena|Tsareena, L50, F|100/100
|-ability|p2a: Tinkaton|Mold Breaker
|turn|1
|
|t:|1783037026
|detailschange|p1b: Mawile|Mawile-Mega, L50, M
|-mega|p1b: Mawile|Mawile|Mawilite
|move|p2a: Tinkaton|Fake Out|p1b: Mawile
|-resisted|p1b: Mawile|1
|-damage|p1b: Mawile|96/100
|move|p1a: Whimsicott|Tailwind|p1a: Whimsicott
|-sidestart|p1: waffobaffo|move: Tailwind
|cant|p1b: Mawile|flinch
|move|p2b: Tsareena|Taunt|p1a: Whimsicott
|-start|p1a: Whimsicott|move: Taunt
|
|upkeep
|turn|2
|
|t:|1783037098
|move|p2b: Tsareena|Protect|p2b: Tsareena
|-singleturn|p2b: Tsareena|Protect
|move|p1a: Whimsicott|Dazzling Gleam|p2a: Tinkaton|[spread] p2a
|-activate|p2b: Tsareena|move: Protect
|-resisted|p2a: Tinkaton|1
|-damage|p2a: Tinkaton|92/100
|move|p2a: Tinkaton|Gigaton Hammer|p1a: Whimsicott
|-supereffective|p1a: Whimsicott|1
|-damage|p1a: Whimsicott|9/100
|move|p1b: Mawile|Iron Head|p2a: Tinkaton
|-damage|p2a: Tinkaton|9/100
|
|upkeep
|turn|3
|
|t:|1783037134
|move|p2a: Tinkaton|Feint|p1a: Whimsicott
|-damage|p1a: Whimsicott|2/100
|move|p1b: Mawile|Sucker Punch||[still]
|cant|p2b: Tsareena|ability: Queenly Majesty|Sucker Punch|[of] p1b: Mawile
|move|p1a: Whimsicott|Endeavor|p2b: Tsareena
|-damage|p2b: Tsareena|2/100
|move|p2b: Tsareena|High Jump Kick|p1b: Mawile
|-crit|p1b: Mawile
|-damage|p1b: Mawile|30/100
|
|upkeep
|turn|4
|
|t:|1783037154
|move|p2b: Tsareena|Protect|p2b: Tsareena
|-singleturn|p2b: Tsareena|Protect
|move|p2a: Tinkaton|Feint|p1a: Whimsicott
|-damage|p1a: Whimsicott|0 fnt
|faint|p1a: Whimsicott
|move|p1b: Mawile|Iron Head|p2a: Tinkaton
|-damage|p2a: Tinkaton|0 fnt
|faint|p2a: Tinkaton
|
|-sideend|p1: waffobaffo|move: Tailwind
|upkeep
|
|t:|1783037175
|switch|p1a: Raichu|Raichu, L50, M|100/100
|switch|p2a: Morpeko|Morpeko, L50, M|100/100
|turn|5
|
|t:|1783037198
|switch|p2b: Primarina|Primarina, L50, F|100/100
|move|p1a: Raichu|Protect|p1a: Raichu
|-singleturn|p1a: Raichu|Protect
|move|p2a: Morpeko|Aura Wheel|p1b: Mawile
|-damage|p1b: Mawile|0 fnt
|-boost|p2a: Morpeko|spe|1
|faint|p1b: Mawile
|
|-formechange|p2a: Morpeko|Morpeko-Hangry|
|upkeep
|
|t:|1783037209
|switch|p1b: Basculegion|Basculegion, L50, M|100/100
|turn|6
|
|t:|1783037236
|move|p1b: Basculegion|Protect|p1b: Basculegion
|-singleturn|p1b: Basculegion|Protect
|move|p2b: Primarina|Protect|p2b: Primarina
|-singleturn|p2b: Primarina|Protect
|move|p2a: Morpeko|Aura Wheel|p1b: Basculegion
|-activate|p1b: Basculegion|move: Protect
|move|p1a: Raichu|Focus Blast|p2a: Morpeko
|-supereffective|p2a: Morpeko|1
|-enditem|p2a: Morpeko|Focus Sash
|-damage|p2a: Morpeko|1/100
|
|-formechange|p2a: Morpeko|Morpeko|
|upkeep
|turn|7
|
|t:|1783037306
|move|p1b: Basculegion|Aqua Jet|p2a: Morpeko
|-damage|p2a: Morpeko|0 fnt
|faint|p2a: Morpeko
|move|p1a: Raichu|Zap Cannon|p2b: Primarina|[miss]
|-miss|p1a: Raichu|p2b: Primarina
|move|p2b: Primarina|Moonblast|p1a: Raichu
|-damage|p1a: Raichu|25/100
|
|upkeep
|
|t:|1783037315
|switch|p2a: Tsareena|Tsareena, L50, F|2/100
|turn|8
|
|t:|1783037363
|move|p2a: Tsareena|Protect|p2a: Tsareena
|-singleturn|p2a: Tsareena|Protect
|move|p1a: Raichu|Focus Blast|p2a: Tsareena
|-activate|p2a: Tsareena|move: Protect
|move|p1b: Basculegion|Last Respects|p2b: Primarina
|-damage|p2b: Primarina|1/100
|move|p2b: Primarina|Moonblast|p1a: Raichu
|-damage|p1a: Raichu|0 fnt
|faint|p1a: Raichu
|
|-heal|p2b: Primarina|6/100|[from] item: Leftovers
|upkeep
|turn|9
|
|t:|1783037487
|move|p2a: Tsareena|Power Whip|p1b: Basculegion
|-supereffective|p1b: Basculegion|1
|-crit|p1b: Basculegion
|-damage|p1b: Basculegion|0 fnt
|faint|p1b: Basculegion
|
|win|FenneccyFoxMV
||waffobaffo is ready for game 2.
|inactive|FenneccyFoxMV has 30 seconds to confirm battle start!
||FenneccyFoxMV is ready for game 2.
|uhtml|next|Next: Game 2 of 3
