|j|☆Zurneus
|j|☆SomeKidJon
|html|ZurneusSomeKidJon    
|uhtml|bestof|Game 1 of a best-of-3
|t:|1756184123
|gametype|doubles
|player|p1|Zurneus|silver|1166
|player|p2|SomeKidJon|scientistf|1186
|gen|9
|tier|[Gen 9] VGC 2025 Reg H (Bo3)
|rated|
|rule|Species Clause: Limit one of each Pokémon
|rule|Item Clause: Limit 1 of each item
|clearpoke
|poke|p1|Gyarados, L50, F|
|poke|p1|Indeedee, L50, M|
|poke|p1|Volcarona, L50, M|
|poke|p1|Excadrill, L50, M|
|poke|p1|Amoonguss, L50, M|
|poke|p1|Tyranitar, L50, F|
|poke|p2|Zoroark-Hisui, L50, M|
|poke|p2|Serperior, L50, F|
|poke|p2|Basculegion, L50, M|
|poke|p2|Pelipper, L50, M|
|poke|p2|Kingambit, L50, F|
|poke|p2|Baxcalibur, L50, F|
|teampreview|4
|showteam|p1|Gyarados||SafetyGoggles|Intimidate|Taunt,ThunderWave,Waterfall,Protect|||F|||50|,,,,,Steel]Indeedee||ChoiceScarf|PsychicSurge|DazzlingGleam,TeraBlast,Trick,ExpandingForce|||M|||50|,,,,,Psychic]Volcarona||LifeOrb|FlameBody|HeatWave,Tailwind,TeraBlast,Protect|||M|||50|,,,,,Fairy]Excadrill||ClearAmulet|SandRush|Protect,Earthquake,HighHorsepower,IronHead|||M|||50|,,,,,Ghost]Amoonguss||SitrusBerry|Regenerator|Protect,ClearSmog,RagePowder,Spore|||M|||50|,,,,,Water]Tyranitar||AssaultVest|SandStream|LowKick,TeraBlast,KnockOff,RockSlide|||F|||50|,,,,,Flying
|showteam|p2|Zoroark-Hisui||ChoiceSpecs|Illusion|TeraBlast,HyperVoice,Snarl,ShadowBall|||M|||50|,,,,,Stellar]Serperior||LightClay|Contrary|LeafStorm,Reflect,LightScreen,HelpingHand|||F|||50|,,,,,Water]Basculegion||ChoiceBand|SwiftSwim|WaveCrash,LastRespects,AquaJet,FlipTurn|||M|||50|,,,,,Water]Pelipper||FocusSash|Drizzle|HelpingHand,Tailwind,WeatherBall,Hurricane|||M|||50|,,,,,Dragon]Kingambit||AssaultVest|Defiant|KowtowCleave,SuckerPunch,LowKick,IronHead|||F|||50|,,,,,Fairy]Baxcalibur||ClearAmulet|ThermalExchange|IceShard,GlaiveRush,Protect,SwordsDance|||F|||50|,,,,,Poison
|
|t:|1756184163
|teamsize|p1|4
|teamsize|p2|4
|start
|switch|p1a: Indeedee|Indeedee, L50, M|100/100
|switch|p1b: Excadrill|Excadrill, L50, M|100/100
|switch|p2a: Maelle|Kingambit, L50, F, shiny|100/100
|switch|p2b: Monocco|Basculegion, L50, M|100/100
|-fieldstart|move: Psychic Terrain|[from] ability: Psychic Surge|[of] p1a: Indeedee
|turn|1
|
|t:|1756184196
|switch|p1a: Amoonguss|Amoonguss, L50, M|100/100
|switch|p2a: Esquie|Pelipper, L50, M|100/100
|-weather|RainDance|[from] ability: Drizzle|[of] p2a: Esquie
|move|p1b: Excadrill|Protect|p1b: Excadrill
|-singleturn|p1b: Excadrill|Protect
|move|p2b: Monocco|Flip Turn|p1a: Amoonguss
|-resisted|p1a: Amoonguss
|-crit|p1a: Amoonguss
|-damage|p1a: Amoonguss|55/100
|
|t:|1756184212
|switch|p2b: Maelle|Kingambit, L50, F, shiny|100/100|[from] Flip Turn
|
|-weather|RainDance|[upkeep]
|upkeep
|turn|2
|
|t:|1756184226
|-terastallize|p1a: Amoonguss|Water
|move|p1a: Amoonguss|Rage Powder|p1a: Amoonguss
|-singleturn|p1a: Amoonguss|move: Rage Powder
|move|p1b: Excadrill|High Horsepower|p2b: Maelle
|-supereffective|p2b: Maelle
|-damage|p2b: Maelle|17/100
|move|p2a: Esquie|Hurricane|p1a: Amoonguss
|-damage|p1a: Amoonguss|14/100
|-enditem|p1a: Amoonguss|Sitrus Berry|[eat]
|-heal|p1a: Amoonguss|39/100|[from] item: Sitrus Berry
|move|p2b: Maelle|Low Kick|p1a: Amoonguss
|-damage|p1a: Amoonguss|27/100
|
|-weather|RainDance|[upkeep]
|upkeep
|turn|3
|
|t:|1756184251
|switch|p2b: Sciel|Serperior, L50, F|100/100
|move|p1a: Amoonguss|Protect|p1a: Amoonguss
|-singleturn|p1a: Amoonguss|Protect
|move|p1b: Excadrill|Earthquake|p2a: Esquie|[spread] p2b
|-activate|p1a: Amoonguss|move: Protect
|-immune|p2a: Esquie
|-resisted|p2b: Sciel
|-damage|p2b: Sciel|77/100
|move|p2a: Esquie|Hurricane|p1a: Amoonguss
|-activate|p1a: Amoonguss|move: Protect
|
|-weather|RainDance|[upkeep]
|upkeep
|turn|4
|
|t:|1756184284
|switch|p1a: Tyranitar|Tyranitar, L50, F|100/100
|-weather|Sandstorm|[from] ability: Sand Stream|[of] p1a: Tyranitar
|move|p1b: Excadrill|Iron Head|p2a: Esquie
|-resisted|p2a: Esquie
|-damage|p2a: Esquie|70/100
|move|p2b: Sciel|Reflect|p2b: Sciel
|-sidestart|p2: SomeKidJon|Reflect
|move|p2a: Esquie|Tailwind|p2a: Esquie
|-sidestart|p2: SomeKidJon|move: Tailwind
|
|-weather|Sandstorm|[upkeep]
|-damage|p2b: Sciel|71/100|[from] Sandstorm
|-damage|p2a: Esquie|64/100|[from] Sandstorm
|upkeep
|turn|5
|
|t:|1756184314
|switch|p1b: Amoonguss|Amoonguss, L50, M, tera:Water|60/100
|switch|p2a: Maelle|Kingambit, L50, F, shiny|17/100
|move|p2b: Sciel|Leaf Storm|p1b: Amoonguss
|-supereffective|p1b: Amoonguss
|-damage|p1b: Amoonguss|0 fnt
|-boost|p2b: Sciel|spa|2
|faint|p1b: Amoonguss
|move|p1a: Tyranitar|Rock Slide|p2b: Sciel|[spread] p2a,p2b
|-resisted|p2a: Maelle
|-damage|p2a: Maelle|8/100
|-damage|p2b: Sciel|49/100
|
|-weather|Sandstorm|[upkeep]
|-damage|p2b: Sciel|43/100|[from] Sandstorm
|-fieldend|move: Psychic Terrain
|upkeep
|
|t:|1756184331
|switch|p1b: Indeedee|Indeedee, L50, M|100/100
|-fieldstart|move: Psychic Terrain|[from] ability: Psychic Surge|[of] p1b: Indeedee
|turn|6
|
|t:|1756184342
|move|p2b: Sciel|Leaf Storm|p1b: Indeedee
|-damage|p1b: Indeedee|10/100
|-boost|p2b: Sciel|spa|2
|move|p1b: Indeedee|Expanding Force|p2a: Maelle|[spread] p2b
|-immune|p2a: Maelle
|-damage|p2b: Sciel|0 fnt
|faint|p2b: Sciel
|move|p2a: Maelle|Low Kick|p1a: Tyranitar
|-supereffective|p1a: Tyranitar
|-damage|p1a: Tyranitar|0 fnt
|faint|p1a: Tyranitar
|
|-weather|Sandstorm|[upkeep]
|-damage|p1b: Indeedee|4/100|[from] Sandstorm
|upkeep
|
|t:|1756184356
|switch|p2b: Monocco|Basculegion, L50, M|100/100
|switch|p1a: Excadrill|Excadrill, L50, M|100/100
|turn|7
|
|t:|1756184377
|switch|p2a: Esquie|Pelipper, L50, M|64/100
|-weather|RainDance|[from] ability: Drizzle|[of] p2a: Esquie
|move|p2b: Monocco|Flip Turn|p1b: Indeedee
|-damage|p1b: Indeedee|0 fnt
|faint|p1b: Indeedee
|
|t:|1756184382
|switch|p2b: Maelle|Kingambit, L50, F, shiny|8/100|[from] Flip Turn
|move|p1a: Excadrill|High Horsepower|p2a: Esquie
|-immune|p2a: Esquie
|
|-weather|RainDance|[upkeep]
|-sideend|p2: SomeKidJon|move: Tailwind
|upkeep
|turn|8
|-message|Zurneus forfeited.
|
|win|SomeKidJon
||Zurneus is ready for game 2.
||SomeKidJon is ready for game 2.
|uhtml|next|Next: Game 2 of 3
