|j|☆kbcao
|j|☆shiroblast
|html|kbcaoshiroblast    
|uhtml|bestof|Game 1 of a best-of-3
|t:|1785814266
|gametype|doubles
|player|p1|kbcao|102|
|player|p2|shiroblast|benga|
|gen|9
|tier|[Gen 9 Champions] VGC 2026 Reg M-B (Bo3)
|rule|Species Clause: Limit one of each Pokémon
|rule|Item Clause: Limit 1 of each item
|clearpoke
|poke|p1|Staraptor, L50, M|
|poke|p1|Garchomp, L50, M|
|poke|p1|Whimsicott, L50, M|
|poke|p1|Delphox, L50, M|
|poke|p1|Vanilluxe, L50, F|
|poke|p1|Milotic, L50, M|
|poke|p2|Swampert, L50, F|
|poke|p2|Archaludon, L50, F|
|poke|p2|Tyranitar, L50, M|
|poke|p2|Pelipper, L50, M|
|poke|p2|Mawile, L50, F|
|poke|p2|Sinistcha-Masterpiece, L50|
|teampreview|4
|showteam|p1|Staraptor||Staraptite|Intimidate|Protect,Roost,CloseCombat,BraveBird|Jolly||M|||50|]Garchomp||LifeOrb|RoughSkin|Protect,RockSlide,Earthquake,DragonClaw|Jolly||M|||50|]Whimsicott||FocusSash|Prankster|Moonblast,Tailwind,Encore,Protect|Timid||M|||50|]Delphox||Delphoxite|Magician|Protect,Psychic,HeatWave,Substitute|Timid||M|||50|]Vanilluxe||NeverMeltIce|SnowWarning|Blizzard,FreezeDry,AuroraVeil,Protect|Modest||F|||50|]Milotic||Leftovers|Competitive|MuddyWater,Hypnosis,Coil,Recover|Calm||M|||50|
|showteam|p2|Swampert||Swampertite|Torrent|WaveCrash,IcePunch,Earthquake,Protect|Adamant||F|||50|]Archaludon||Leftovers|Stamina|DragonPulse,ElectroShot,FlashCannon,Protect|Calm||F|||50|]Tyranitar||LifeOrb|SandStream|KnockOff,RockSlide,StompingTantrum,Protect|Jolly||M|||50|]Pelipper||FocusSash|Drizzle|Hurricane,HelpingHand,Tailwind,WideGuard|Timid||M|||50|]Mawile||Mawilite|Intimidate|SuckerPunch,PlayRough,SwordsDance,Protect|Adamant||F|||50|]Sinistcha-Masterpiece||CobaBerry|Hospitality|RagePowder,MatchaGotcha,TrickRoom,Protect|Calm|||||50|
|
|t:|1785814421
|teamsize|p1|4
|teamsize|p2|4
|start
|switch|p1a: Staraptor|Staraptor, L50, M|100/100
|switch|p1b: Garchomp|Garchomp, L50, M|100/100
|switch|p2a: Pelipper|Pelipper, L50, M|100/100
|switch|p2b: Swampert|Swampert, L50, F|100/100
|-ability|p1a: Staraptor|Intimidate|boost
|-unboost|p2a: Pelipper|atk|1
|-unboost|p2b: Swampert|atk|1
|-weather|RainDance|[from] ability: Drizzle|[of] p2a: Pelipper
|turn|1
|
|t:|1785814465
|switch|p1b: Whimsicott|Whimsicott, L50, M|100/100
|detailschange|p2b: Swampert|Swampert-Mega, L50, F
|-mega|p2b: Swampert|Swampert|Swampertite
|move|p1a: Staraptor|Protect|p1a: Staraptor
|-singleturn|p1a: Staraptor|Protect
|move|p2b: Swampert|Ice Punch|p1a: Staraptor
|-activate|p1a: Staraptor|move: Protect
|move|p2a: Pelipper|Hurricane|p1a: Staraptor
|-activate|p1a: Staraptor|move: Protect
|
|-weather|RainDance|[upkeep]
|upkeep
|turn|2
|
|t:|1785814489
|detailschange|p1a: Staraptor|Staraptor-Mega, L50, M
|-mega|p1a: Staraptor|Staraptor|Staraptite
|move|p1b: Whimsicott|Tailwind|p1b: Whimsicott
|-sidestart|p1: kbcao|move: Tailwind
|move|p1a: Staraptor|Close Combat|p2a: Pelipper
|-resisted|p2a: Pelipper|1
|-damage|p2a: Pelipper|64/100
|-boost|p1a: Staraptor|def|1
|-boost|p1a: Staraptor|spd|1
|move|p2b: Swampert|Ice Punch|p1b: Whimsicott
|-supereffective|p1b: Whimsicott|1
|-damage|p1b: Whimsicott|32/100
|move|p2a: Pelipper|Hurricane|p1b: Whimsicott
|-supereffective|p1b: Whimsicott|1
|-damage|p1b: Whimsicott|0 fnt
|faint|p1b: Whimsicott
|
|-weather|RainDance|[upkeep]
|upkeep
|
|t:|1785814505
|switch|p1b: Milotic|Milotic, L50, M|100/100
|turn|3
|
|t:|1785814538
|move|p1a: Staraptor|Protect|p1a: Staraptor
|-singleturn|p1a: Staraptor|Protect
|move|p2b: Swampert|Ice Punch|p1a: Staraptor
|-activate|p1a: Staraptor|move: Protect
|move|p1b: Milotic|Coil|p1b: Milotic
|-boost|p1b: Milotic|atk|1
|-boost|p1b: Milotic|def|1
|-boost|p1b: Milotic|accuracy|1
|move|p2a: Pelipper|Hurricane|p1a: Staraptor
|-activate|p1a: Staraptor|move: Protect
|
|-weather|RainDance|[upkeep]
|upkeep
|turn|4
|
|t:|1785814556
|move|p1a: Staraptor|Close Combat|p2b: Swampert
|-damage|p2b: Swampert|53/100
|-boost|p1a: Staraptor|def|1
|-boost|p1a: Staraptor|spd|1
|move|p2b: Swampert|Ice Punch|p1a: Staraptor
|-supereffective|p1a: Staraptor|1
|-damage|p1a: Staraptor|78/100
|move|p1b: Milotic|Coil|p1b: Milotic
|-boost|p1b: Milotic|atk|1
|-boost|p1b: Milotic|def|1
|-boost|p1b: Milotic|accuracy|1
|move|p2a: Pelipper|Hurricane|p1a: Staraptor
|-supereffective|p1a: Staraptor|1
|-damage|p1a: Staraptor|31/100
|-start|p1a: Staraptor|confusion
|
|-weather|RainDance|[upkeep]
|upkeep
|turn|5
|
|t:|1785814591
|switch|p2b: Archaludon|Archaludon, L50, F|100/100
|-activate|p1a: Staraptor|confusion
|move|p1a: Staraptor|Protect|p1a: Staraptor
|-singleturn|p1a: Staraptor|Protect
|move|p1b: Milotic|Hypnosis|p2a: Pelipper
|-status|p2a: Pelipper|slp|[from] move: Hypnosis
|cant|p2a: Pelipper|slp
|
|-weather|none
|-sideend|p1: kbcao|move: Tailwind
|upkeep
|turn|6
|
|t:|1785814612
|switch|p2a: Tyranitar|Tyranitar, L50, M|100/100
|-weather|Sandstorm|[from] ability: Sand Stream|[of] p2a: Tyranitar
|-end|p1a: Staraptor|confusion
|move|p1a: Staraptor|Close Combat|p2b: Archaludon
|-supereffective|p2b: Archaludon|1
|-damage|p2b: Archaludon|27/100
|-boost|p1a: Staraptor|def|1
|-boost|p1a: Staraptor|spd|1
|-ability|p2b: Archaludon|Stamina|boost
|-boost|p2b: Archaludon|def|1
|move|p2b: Archaludon|Dragon Pulse|p1a: Staraptor
|-damage|p1a: Staraptor|16/100
|move|p1b: Milotic|Hypnosis|p2b: Archaludon
|-status|p2b: Archaludon|slp|[from] move: Hypnosis
|
|-weather|Sandstorm|[upkeep]
|-damage|p1a: Staraptor|11/100|[from] Sandstorm
|-damage|p1b: Milotic|94/100|[from] Sandstorm
|-heal|p2b: Archaludon|33/100 slp|[from] item: Leftovers
|-heal|p1b: Milotic|100/100|[from] item: Leftovers
|upkeep
|turn|7
|
|t:|1785814647
|move|p1a: Staraptor|Protect|p1a: Staraptor
|-singleturn|p1a: Staraptor|Protect
|move|p2a: Tyranitar|Rock Slide|p1b: Milotic|[spread] p1b
|-activate|p1a: Staraptor|move: Protect
|-damage|p1b: Milotic|84/100
|-damage|p2a: Tyranitar|90/100|[from] item: Life Orb
|cant|p2b: Archaludon|slp
|move|p1b: Milotic|Hypnosis|p2a: Tyranitar
|-status|p2a: Tyranitar|slp|[from] move: Hypnosis
|
|-weather|Sandstorm|[upkeep]
|-damage|p1a: Staraptor|5/100|[from] Sandstorm
|-damage|p1b: Milotic|78/100|[from] Sandstorm
|-heal|p2b: Archaludon|39/100 slp|[from] item: Leftovers
|-heal|p1b: Milotic|84/100|[from] item: Leftovers
|upkeep
|turn|8
|
|t:|1785814672
|cant|p2a: Tyranitar|slp
|-curestatus|p2b: Archaludon|slp|[msg]
|move|p2b: Archaludon|Protect|p2b: Archaludon
|-singleturn|p2b: Archaludon|Protect
|move|p1a: Staraptor|Roost|p1a: Staraptor
|-heal|p1a: Staraptor|55/100
|-singleturn|p1a: Staraptor|move: Roost
|move|p1b: Milotic|Muddy Water|p2a: Tyranitar|[spread] p2a
|-activate|p2b: Archaludon|move: Protect
|-supereffective|p2a: Tyranitar|1
|-damage|p2a: Tyranitar|61/100 slp
|
|-weather|Sandstorm|[upkeep]
|-damage|p1a: Staraptor|49/100|[from] Sandstorm
|-damage|p1b: Milotic|78/100|[from] Sandstorm
|-heal|p2b: Archaludon|45/100|[from] item: Leftovers
|-heal|p1b: Milotic|84/100|[from] item: Leftovers
|upkeep
|turn|9
|
|t:|1785814699
|move|p1a: Staraptor|Protect|p1a: Staraptor
|-singleturn|p1a: Staraptor|Protect
|-curestatus|p2a: Tyranitar|slp|[msg]
|move|p2a: Tyranitar|Knock Off|p1b: Milotic
|-damage|p1b: Milotic|56/100
|-enditem|p1b: Milotic|Leftovers|[from] move: Knock Off|[of] p2a: Tyranitar
|-damage|p2a: Tyranitar|52/100|[from] item: Life Orb
|move|p2b: Archaludon|Electro Shot||[still]
|-prepare|p2b: Archaludon|Electro Shot
|-boost|p2b: Archaludon|spa|1
|move|p1b: Milotic|Hypnosis|p2b: Archaludon
|-status|p2b: Archaludon|slp|[from] move: Hypnosis
|
|-weather|Sandstorm|[upkeep]
|-damage|p1a: Staraptor|43/100|[from] Sandstorm
|-damage|p1b: Milotic|50/100g|[from] Sandstorm
|-heal|p2b: Archaludon|52/100 slp|[from] item: Leftovers
|upkeep
|turn|10
|
|t:|1785814737
|move|p1a: Staraptor|Close Combat|p2a: Tyranitar
|-supereffective|p2a: Tyranitar|2
|-damage|p2a: Tyranitar|0 fnt
|-boost|p1a: Staraptor|def|1
|-boost|p1a: Staraptor|spd|1
|faint|p2a: Tyranitar
|cant|p2b: Archaludon|slp
|move|p1b: Milotic|Recover|p1b: Milotic
|-heal|p1b: Milotic|100/100
|
|-weather|none
|-heal|p2b: Archaludon|58/100 slp|[from] item: Leftovers
|upkeep
|
|t:|1785814744
|switch|p2a: Swampert|Swampert-Mega, L50, F|53/100
|turn|11
|
|t:|1785814766
|switch|p2b: Pelipper|Pelipper, L50, M|64/100 slp
|-weather|RainDance|[from] ability: Drizzle|[of] p2b: Pelipper
|move|p1a: Staraptor|Protect|p1a: Staraptor
|-singleturn|p1a: Staraptor|Protect
|move|p2a: Swampert|Ice Punch|p1a: Staraptor
|-activate|p1a: Staraptor|move: Protect
|move|p1b: Milotic|Hypnosis|p2a: Swampert
|-status|p2a: Swampert|slp|[from] move: Hypnosis
|
|-weather|RainDance|[upkeep]
|upkeep
|turn|12
|
|t:|1785814792
|cant|p2a: Swampert|slp
|move|p1a: Staraptor|Roost|p1a: Staraptor
|-heal|p1a: Staraptor|94/100
|-singleturn|p1a: Staraptor|move: Roost
|-curestatus|p2b: Pelipper|slp|[msg]
|move|p2b: Pelipper|Hurricane|p1b: Milotic
|-damage|p1b: Milotic|69/100
|move|p1b: Milotic|Muddy Water|p2a: Swampert|[spread] p2a,p2b
|-resisted|p2b: Pelipper|1
|-crit|p2b: Pelipper
|-damage|p2a: Swampert|25/100 slp
|-damage|p2b: Pelipper|18/100
|-unboost|p2a: Swampert|accuracy|1
|-unboost|p2b: Pelipper|accuracy|1
|
|-weather|RainDance|[upkeep]
|upkeep
|turn|13
|
|t:|1785814816
|cant|p2a: Swampert|slp
|move|p1a: Staraptor|Close Combat|p2b: Pelipper
|-resisted|p2b: Pelipper|1
|-damage|p2b: Pelipper|0 fnt
|-boost|p1a: Staraptor|def|1
|-boost|p1a: Staraptor|spd|1
|faint|p2b: Pelipper
|move|p1b: Milotic|Muddy Water|p2a: Swampert
|-damage|p2a: Swampert|0 fnt
|faint|p2a: Swampert
|
|-weather|RainDance|[upkeep]
|upkeep
|
|t:|1785814828
|switch|p2b: Archaludon|Archaludon, L50, F|58/100 slp
|turn|14
|
|t:|1785814846
|move|p1a: Staraptor|Close Combat|p2b: Archaludon
|-supereffective|p2b: Archaludon|1
|-damage|p2b: Archaludon|0 fnt
|-boost|p1a: Staraptor|def|1
|-boost|p1a: Staraptor|spd|1
|faint|p2b: Archaludon
|
|win|kbcao
