|j|☆i am saksham
|j|☆il mule
|html|i am sakshamil mule    
|uhtml|bestof|Game 1 of a best-of-3
|t:|1785639180
|gametype|doubles
|player|p1|i am saksham|wallace|1486
|player|p2|il mule|102|1618
|gen|9
|tier|[Gen 9 Champions] VGC 2026 Reg M-B (Bo3)
|rated|
|rule|Species Clause: Limit one of each Pokémon
|rule|Item Clause: Limit 1 of each item
|clearpoke
|poke|p1|Blaziken, L50, F|
|poke|p1|Sinistcha, L50|
|poke|p1|Dragonite, L50, F|
|poke|p1|Kingambit, L50, M|
|poke|p1|Aerodactyl, L50, F|
|poke|p1|Sylveon, L50, M|
|poke|p2|Excadrill, L50, F|
|poke|p2|Tyranitar, L50, M|
|poke|p2|Sneasler, L50, F|
|poke|p2|Incineroar, L50, M|
|poke|p2|Delphox, L50, M|
|poke|p2|Sinistcha, L50|
|teampreview|4
|showteam|p1|Blaziken||Blazikenite|SpeedBoost|CloseCombat,FlareBlitz,Detect,RockSlide|Adamant||F|||50|]Sinistcha||ColburBerry|Hospitality|MatchaGotcha,RagePowder,TrickRoom,Protect|Sassy|||||50|]Dragonite||LifeOrb|InnerFocus|Protect,DragonClaw,LowKick,ExtremeSpeed|Serious||F|||50|]Kingambit||BlackGlasses|Defiant|Protect,SuckerPunch,KowtowCleave,IronHead|Adamant||M|||50|]Aerodactyl||Aerodactylite|Unnerve|Tailwind,RockSlide,IceFang,DualWingbeat|Adamant||F|||50|]Sylveon||FairyFeather|Pixilate|HyperBeam,HyperVoice,Protect,QuickAttack|Modest||M|||50|
|showteam|p2|Excadrill||FocusSash|SandRush|HighHorsepower,IronHead,RockSlide,Protect|Adamant||F|||50|]Tyranitar||Tyranitarite|SandStream|KnockOff,RockSlide,DragonDance,Protect|Jolly||M|||50|]Sneasler||WhiteHerb|Unburden|CloseCombat,DireClaw,Coaching,FakeOut|Jolly||F|||50|]Incineroar||SitrusBerry|Intimidate|FlareBlitz,HelpingHand,PartingShot,FakeOut|Impish||M|||50|]Delphox||Delphoxite|Blaze|HeatWave,Psychic,NastyPlot,Protect|Timid||M|||50|]Sinistcha||KasibBerry|Hospitality|ShadowBall,MatchaGotcha,RagePowder,Protect|Bold|||||50|
|
|t:|1785639224
|teamsize|p1|4
|teamsize|p2|4
|start
|switch|p1a: Dragonite|Dragonite, L50, F|100/100
|switch|p1b: Kingambit|Kingambit, L50, M|100/100
|switch|p2a: Excadrill|Excadrill, L50, F|100/100
|switch|p2b: Quando provo|Tyranitar, L50, M|100/100
|-weather|Sandstorm|[from] ability: Sand Stream|[of] p2b: Quando provo
|turn|1
|
|t:|1785639249
|move|p2b: Quando provo|Protect|p2b: Quando provo
|-singleturn|p2b: Quando provo|Protect
|move|p1a: Dragonite|Protect|p1a: Dragonite
|-singleturn|p1a: Dragonite|Protect
|move|p1b: Kingambit|Sucker Punch|p2a: Excadrill
|-damage|p2a: Excadrill|33/100
|move|p2a: Excadrill|High Horsepower|p1b: Kingambit|[miss]
|-miss|p2a: Excadrill|p1b: Kingambit
|
|-weather|Sandstorm|[upkeep]
|-damage|p1a: Dragonite|93/100|[from] Sandstorm
|upkeep
|turn|2
|
|t:|1785639265
|switch|p2b: Sinistcha|Sinistcha, L50|100/100
|-heal|p2a: Excadrill|58/100|[from] ability: Hospitality|[of] p2b: Sinistcha
|move|p1b: Kingambit|Sucker Punch|p2a: Excadrill
|-damage|p2a: Excadrill|0 fnt
|faint|p2a: Excadrill
|move|p1a: Dragonite|Low Kick|p2b: Sinistcha
|-immune|p2b: Sinistcha
|
|-weather|Sandstorm|[upkeep]
|-damage|p1a: Dragonite|87/100|[from] Sandstorm
|-damage|p2b: Sinistcha|93/100|[from] Sandstorm
|upkeep
|
|t:|1785639272
|switch|p2a: Quando provo|Tyranitar, L50, M|100/100
|turn|3
|
|t:|1785639291
|detailschange|p2a: Quando provo|Tyranitar-Mega, L50, M
|-mega|p2a: Quando provo|Tyranitar|Tyranitarite
|move|p1a: Dragonite|Protect|p1a: Dragonite
|-singleturn|p1a: Dragonite|Protect
|move|p2b: Sinistcha|Protect|p2b: Sinistcha
|-singleturn|p2b: Sinistcha|Protect
|move|p2a: Quando provo|Dragon Dance|p2a: Quando provo
|-boost|p2a: Quando provo|atk|1
|-boost|p2a: Quando provo|spe|1
|move|p1b: Kingambit|Kowtow Cleave|p2b: Sinistcha
|-activate|p2b: Sinistcha|move: Protect
|
|-weather|Sandstorm|[upkeep]
|-damage|p1a: Dragonite|81/100|[from] Sandstorm
|-damage|p2b: Sinistcha|87/100|[from] Sandstorm
|upkeep
|turn|4
|
|t:|1785639308
|move|p2a: Quando provo|Rock Slide|p1a: Dragonite|[spread] p1a,p1b
|-supereffective|p1a: Dragonite|1
|-resisted|p1b: Kingambit|1
|-damage|p1a: Dragonite|0 fnt
|-damage|p1b: Kingambit|82/100
|faint|p1a: Dragonite
|move|p2b: Sinistcha|Matcha Gotcha|p1b: Kingambit
|-resisted|p1b: Kingambit|1
|-damage|p1b: Kingambit|66/100
|-heal|p2b: Sinistcha|97/100|[from] drain|[of] p1b: Kingambit
|cant|p1b: Kingambit|flinch
|
|-weather|Sandstorm|[upkeep]
|-damage|p2b: Sinistcha|91/100|[from] Sandstorm
|upkeep
|
|t:|1785639323
|switch|p1a: Sinistcha|Sinistcha, L50|100/100
|-heal|p1b: Kingambit|90/100|[from] ability: Hospitality|[of] p1a: Sinistcha
|turn|5
|
|t:|1785639333
|move|p2a: Quando provo|Rock Slide|p1b: Kingambit|[spread] p1a,p1b
|-resisted|p1b: Kingambit|1
|-damage|p1a: Sinistcha|58/100
|-damage|p1b: Kingambit|73/100
|move|p2b: Sinistcha|Shadow Ball|p1a: Sinistcha
|-supereffective|p1a: Sinistcha|1
|-damage|p1a: Sinistcha|4/100
|move|p1b: Kingambit|Iron Head|p2a: Quando provo
|-supereffective|p2a: Quando provo|1
|-damage|p2a: Quando provo|45/100
|move|p1a: Sinistcha|Trick Room|p1a: Sinistcha
|-fieldstart|move: Trick Room|[of] p1a: Sinistcha
|
|-weather|none
|upkeep
|turn|6
|
|t:|1785639364
|switch|p2a: Sidy|Incineroar, L50, M|100/100
|-ability|p2a: Sidy|Intimidate|boost
|-unboost|p1a: Sinistcha|atk|1
|-unboost|p1b: Kingambit|atk|1
|-ability|p1b: Kingambit|Defiant|boost
|-boost|p1b: Kingambit|atk|2
|move|p2b: Sinistcha|Protect|p2b: Sinistcha
|-singleturn|p2b: Sinistcha|Protect
|move|p1b: Kingambit|Kowtow Cleave|p2b: Sinistcha
|-activate|p2b: Sinistcha|move: Protect
|move|p1a: Sinistcha|Matcha Gotcha|p2b: Sinistcha|[spread] p2a
|-activate|p2b: Sinistcha|move: Protect
|-resisted|p2a: Sidy|1
|-damage|p2a: Sidy|89/100
|-heal|p1a: Sinistcha|10/100|[from] drain|[of] p2a: Sidy
|
|upkeep
|turn|7
|inactive|Battle timer is ON: inactive players will automatically lose when time's up. (requested by il mule)
|
|t:|1785639424
|switch|p1a: Blaziken|Blaziken, L50, F|100/100
|switch|p2b: Quando provo|Tyranitar-Mega, L50, M|45/100
|-weather|Sandstorm|[from] ability: Sand Stream|[of] p2b: Quando provo
|move|p1b: Kingambit|Protect|p1b: Kingambit
|-singleturn|p1b: Kingambit|Protect
|move|p2a: Sidy|Fake Out|p1b: Kingambit
|-activate|p1b: Kingambit|move: Protect
|
|-weather|Sandstorm|[upkeep]
|-damage|p2a: Sidy|83/100|[from] Sandstorm
|-damage|p1a: Blaziken|94/100|[from] Sandstorm
|upkeep
|turn|8
|
|t:|1785639446
|switch|p1a: Sinistcha|Sinistcha, L50|10/100
|-heal|p1b: Kingambit|98/100|[from] ability: Hospitality|[of] p1a: Sinistcha
|move|p2b: Quando provo|Protect|p2b: Quando provo
|-singleturn|p2b: Quando provo|Protect
|move|p1b: Kingambit|Iron Head|p2b: Quando provo
|-activate|p2b: Quando provo|move: Protect
|move|p2a: Sidy|Flare Blitz|p1b: Kingambit
|-supereffective|p1b: Kingambit|1
|-damage|p1b: Kingambit|30/100
|-damage|p2a: Sidy|60/100|[from] Recoil
|
|-weather|Sandstorm|[upkeep]
|-damage|p2a: Sidy|54/100|[from] Sandstorm
|-damage|p1a: Sinistcha|4/100|[from] Sandstorm
|upkeep
|turn|9
|inactive|i am saksham has 30 seconds left.
|
|t:|1785639477
|switch|p2b: Sinistcha|Sinistcha, L50|91/100
|-heal|p2a: Sidy|79/100|[from] ability: Hospitality|[of] p2b: Sinistcha
|move|p1a: Sinistcha|Rage Powder|p1a: Sinistcha
|-singleturn|p1a: Sinistcha|move: Rage Powder
|move|p1b: Kingambit|Kowtow Cleave|p2b: Sinistcha
|-supereffective|p2b: Sinistcha|1
|-damage|p2b: Sinistcha|0 fnt
|faint|p2b: Sinistcha
|move|p2a: Sidy|Flare Blitz|p1a: Sinistcha
|-supereffective|p1a: Sinistcha|1
|-damage|p1a: Sinistcha|0 fnt
|faint|p1a: Sinistcha
|-damage|p2a: Sidy|78/100|[from] Recoil
|
|-weather|Sandstorm|[upkeep]
|-damage|p2a: Sidy|72/100|[from] Sandstorm
|-fieldend|move: Trick Room
|upkeep
|
|t:|1785639488
|switch|p2b: Quando provo|Tyranitar-Mega, L50, M|45/100
|switch|p1a: Blaziken|Blaziken, L50, F|94/100
|turn|10
|
|t:|1785639500
|detailschange|p1a: Blaziken|Blaziken-Mega, L50, F
|-mega|p1a: Blaziken|Blaziken|Blazikenite
|move|p1a: Blaziken|Close Combat|p2a: Sidy
|-supereffective|p2a: Sidy|1
|-damage|p2a: Sidy|0 fnt
|-unboost|p1a: Blaziken|def|1
|-unboost|p1a: Blaziken|spd|1
|faint|p2a: Sidy
|move|p2b: Quando provo|Dragon Dance|p2b: Quando provo
|-boost|p2b: Quando provo|atk|1
|-boost|p2b: Quando provo|spe|1
|move|p1b: Kingambit|Iron Head|p2b: Quando provo
|-supereffective|p2b: Quando provo|1
|-damage|p2b: Quando provo|0 fnt
|faint|p2b: Quando provo
|
|win|i am saksham
||il mule is ready for game 2.
|inactive|i am saksham has 30 seconds to confirm battle start!
|inactive|i am saksham has 20 seconds to confirm battle start!
|inactive|i am saksham has 10 seconds to confirm battle start!
|uhtml|next|Next: Game 2 of 3
|l|☆il mule
|player|p2|
