|j|☆Moyhable
|j|☆lettitripppp
|html|Moyhablelettitripppp    
|uhtml|bestof|Game 1 of a best-of-3
|t:|1783030244
|gametype|doubles
|player|p1|Moyhable|2|1152
|player|p2|lettitripppp|lucas|1209
|gen|9
|tier|[Gen 9 Champions] VGC 2026 Reg M-B (Bo3)
|rated|
|rule|Species Clause: Limit one of each Pokémon
|rule|Item Clause: Limit 1 of each item
|clearpoke
|poke|p1|Sableye, L50, F|
|poke|p1|Dragonite, L50, M|
|poke|p1|Oranguru, L50, M|
|poke|p1|Drampa, L50, M|
|poke|p1|Gengar, L50, M|
|poke|p1|Primarina, L50, F|
|poke|p2|Charizard, L50, F|
|poke|p2|Floette-Eternal, L50, F|
|poke|p2|Basculegion, L50, M, shiny|
|poke|p2|Garchomp, L50, M|
|poke|p2|Whimsicott, L50, F, shiny|
|poke|p2|Kingambit, L50, M|
|teampreview|4
|showteam|p1|Sableye||BlackGlasses|Prankster|Gravity,WillOWisp,Snarl,RainDance|Sassy||F|||50|]Dragonite||Dragoninite|Multiscale|Blizzard,Thunder,Hurricane,HydroPump|Modest||M|||50|]Oranguru||MentalHerb|InnerFocus|TrickRoom,Instruct,Psychic,RainDance|Sassy||M|||50|]Drampa||Drampanite|Berserk|FocusBlast,FireBlast,HyperVoice,Surf|Quiet||M|||50|]Gengar||FocusSash|CursedBody|Hypnosis,DestinyBond,FocusBlast,ShadowBall|Timid||M|||50|]Primarina||MysticWater|LiquidVoice|HyperVoice,Moonblast,HydroPump,Protect|Modest||F|||50|
|showteam|p2|Charizard||CharizarditeY|Blaze|WeatherBall,SolarBeam,HeatWave,Protect|Modest||F|||50|]Floette-Eternal||Floettite|FlowerVeil|DazzlingGleam,LightofRuin,Moonblast,Protect|Timid||F|||50|]Basculegion||MysticWater|Adaptability|LastRespects,WaveCrash,AquaJet,Protect|Adamant||M|||50|]Garchomp||LifeOrb|RoughSkin|DragonClaw,Earthquake,RockSlide,Protect|Jolly||M|||50|]Whimsicott||FocusSash|Prankster|Moonblast,Tailwind,Encore,Protect|Timid||F|||50|]Kingambit||ChopleBerry|Defiant|KowtowCleave,SuckerPunch,IronHead,LowKick|Adamant||M|||50|
|inactive|Battle timer is ON: inactive players will automatically lose when time's up. (requested by lettitripppp)
|inactive|lettitripppp has 60 seconds left.
|
|t:|1783030303
|teamsize|p1|4
|teamsize|p2|4
|start
|switch|p1a: Sableye|Sableye, L50, F|100/100
|switch|p1b: Gengar|Gengar, L50, M|100/100
|switch|p2a: GENERAL BLADUS|Kingambit, L50, M|100/100
|switch|p2b: LETS GO GO|Whimsicott, L50, F, shiny|100/100
|turn|1
|inactive|Moyhable has 30 seconds left.
|
|t:|1783030333
|move|p1a: Sableye|Gravity|p1a: Sableye
|-fieldstart|move: Gravity
|move|p2b: LETS GO GO|Moonblast|p1b: Gengar
|-resisted|p1b: Gengar|1
|-damage|p1b: Gengar|75/100
|move|p1b: Gengar|Focus Blast|p2a: GENERAL BLADUS
|-supereffective|p2a: GENERAL BLADUS|2
|-enditem|p2a: GENERAL BLADUS|Chople Berry|[eat]
|-enditem|p2a: GENERAL BLADUS|Chople Berry|[weaken]
|-damage|p2a: GENERAL BLADUS|23/100
|move|p2a: GENERAL BLADUS|Kowtow Cleave|p1b: Gengar
|-supereffective|p1b: Gengar|1
|-damage|p1b: Gengar|0 fnt
|faint|p1b: Gengar
|
|upkeep
|
|t:|1783030350
|switch|p1b: Primarina|Primarina, L50, F|100/100
|turn|2
|
|t:|1783030358
|move|p2b: LETS GO GO|Tailwind|p2b: LETS GO GO
|-sidestart|p2: lettitripppp|move: Tailwind
|move|p1a: Sableye|Rain Dance|p1a: Sableye
|-weather|RainDance
|move|p2a: GENERAL BLADUS|Iron Head|p1b: Primarina
|-damage|p1b: Primarina|43/100
|move|p1b: Primarina|Hyper Voice|p2a: GENERAL BLADUS|[spread] p2a,p2b
|-resisted|p2b: LETS GO GO|1
|-damage|p2a: GENERAL BLADUS|0 fnt
|-damage|p2b: LETS GO GO|52/100
|faint|p2a: GENERAL BLADUS
|
|-weather|RainDance|[upkeep]
|upkeep
|
|t:|1783030366
|switch|p2a: GHOSTWAVE|Basculegion, L50, M, shiny|100/100
|turn|3
|
|t:|1783030376
|move|p1b: Primarina|Protect|p1b: Primarina
|-singleturn|p1b: Primarina|Protect
|move|p1a: Sableye|Will-O-Wisp|p2a: GHOSTWAVE
|-status|p2a: GHOSTWAVE|brn
|move|p2b: LETS GO GO|Moonblast|p1a: Sableye
|-supereffective|p1a: Sableye|1
|-damage|p1a: Sableye|35/100
|move|p2a: GHOSTWAVE|Wave Crash|p1a: Sableye
|-damage|p1a: Sableye|0 fnt
|faint|p1a: Sableye
|-damage|p2a: GHOSTWAVE|91/100 brn|[from] Recoil
|
|-weather|RainDance|[upkeep]
|-damage|p2a: GHOSTWAVE|85/100 brn|[from] brn
|upkeep
|
|t:|1783030387
|switch|p1a: Dragonite|Dragonite, L50, M|100/100
|turn|4
|
|t:|1783030405
|detailschange|p1a: Dragonite|Dragonite-Mega, L50, M
|-mega|p1a: Dragonite|Dragonite|Dragoninite
|move|p2b: LETS GO GO|Moonblast|p1b: Primarina
|-damage|p1b: Primarina|17/100
|move|p2a: GHOSTWAVE|Last Respects|p1b: Primarina
|-damage|p1b: Primarina|0 fnt
|faint|p1b: Primarina
|move|p1a: Dragonite|Hurricane|p2b: LETS GO GO
|-supereffective|p2b: LETS GO GO|1
|-damage|p2b: LETS GO GO|0 fnt
|faint|p2b: LETS GO GO
|
|-weather|RainDance|[upkeep]
|-damage|p2a: GHOSTWAVE|79/100 brn|[from] brn
|upkeep
|
|t:|1783030415
|switch|p2b: AGNI|Charizard, L50, F|100/100
|turn|5
|
|t:|1783030420
|detailschange|p2b: AGNI|Charizard-Mega-Y, L50, F
|-mega|p2b: AGNI|Charizard|Charizardite Y
|-weather|SunnyDay|[from] ability: Drought|[of] p2b: AGNI
|move|p2b: AGNI|Heat Wave|p1a: Dragonite
|-resisted|p1a: Dragonite|1
|-damage|p1a: Dragonite|83/100
|-status|p1a: Dragonite|brn
|move|p2a: GHOSTWAVE|Last Respects|p1a: Dragonite
|-damage|p1a: Dragonite|49/100 brn
|move|p1a: Dragonite|Hydro Pump|p2b: AGNI
|-supereffective|p2b: AGNI|1
|-damage|p2b: AGNI|62/100
|
|-weather|SunnyDay|[upkeep]
|-damage|p2a: GHOSTWAVE|72/100 brn|[from] brn
|-damage|p1a: Dragonite|43/100 brn|[from] brn
|-sideend|p2: lettitripppp|move: Tailwind
|-fieldend|move: Gravity
|upkeep
|turn|6
|
|t:|1783030434
|move|p2b: AGNI|Weather Ball|p1a: Dragonite
|-resisted|p1a: Dragonite|1
|-damage|p1a: Dragonite|7/100 brn
|move|p1a: Dragonite|Hydro Pump|p2b: AGNI|[miss]
|-miss|p1a: Dragonite|p2b: AGNI
|move|p2a: GHOSTWAVE|Last Respects|p1a: Dragonite
|-damage|p1a: Dragonite|0 fnt
|faint|p1a: Dragonite
|
|win|lettitripppp
|l|☆Moyhable
|player|p1|
||Moyhable is ready for game 2.
