|j|☆Bujero A subir
|j|☆thorn14
|html|Bujero A subirthorn14    
|uhtml|bestof|Game 2 of a best-of-3
|t:|1756549480
|gametype|doubles
|player|p1|Bujero A subir|acetrainercouple|1052
|player|p2|thorn14|hilda|1101
|gen|9
|tier|[Gen 9] VGC 2025 Reg H (Bo3)
|rated|
|rule|Species Clause: Limit one of each Pokémon
|rule|Item Clause: Limit 1 of each item
|clearpoke
|poke|p1|Rillaboom, L50, M|
|poke|p1|Kingambit, L50, M|
|poke|p1|Sneasler, L50, M|
|poke|p1|Electabuzz, L50, M|
|poke|p1|Dragonite, L50, M|
|poke|p1|Volcarona, L50, F|
|poke|p2|Archaludon, L50, F|
|poke|p2|Pelipper, L50, F|
|poke|p2|Blastoise, L50, M|
|poke|p2|Dragonite, L50, F|
|poke|p2|Sinistcha, L50|
|poke|p2|Ursaluna-Bloodmoon, L50, M|
|teampreview|4
|showteam|p1|Rillaboom||AssaultVest|GrassySurge|FakeOut,WoodHammer,HighHorsepower,GrassyGlide|||M|||50|,,,,,Fire]Kingambit||BlackGlasses|Defiant|KowtowCleave,SuckerPunch,SwordsDance,Protect|||M|||50|,,,,,Dark]Sneasler||GrassySeed|Unburden|CloseCombat,DireClaw,Protect,Coaching|||M|||50|,,,,,Stellar]Electabuzz||Eviolite|VitalSpirit|Electroweb,Taunt,FollowMe,Protect|||M|||50|,,,,,Dragon]Dragonite||LoadedDice|Multiscale|ScaleShot,Tailwind,Protect,Haze|||M|||50|,,,,,Fairy]Volcarona||CovertCloak|FlameBody|QuiverDance,TeraBlast,HeatWave,Protect|||F|||50|,,,,,Fairy
|showteam|p2|Archaludon||AssaultVest|Stamina|BodyPress,DragonPulse,ElectroShot,FlashCannon|||F|||50|,,,,,Grass]Pelipper||FocusSash|Drizzle|WideGuard,Tailwind,WeatherBall,Hurricane|||F|||50|,,,,,Ice]Blastoise||MysticWater|RainDish|WaterSpout,ShellSmash,HydroPump,FakeOut|||M|||50|,,,,,Water]Dragonite||ChoiceScarf|InnerFocus|IceSpinner,ScaleShot,ExtremeSpeed,Waterfall|||F|||50|,,,,,Normal]Sinistcha||CovertCloak|Hospitality|MatchaGotcha,ShadowBall,TrickRoom,RagePowder||||||50|,,,,,Water]Ursaluna-Bloodmoon||LifeOrb|MindsEye|BloodMoon,EarthPower,HyperVoice,Protect|||M|||50|,,,,,Normal
|inactive|Battle timer is ON: inactive players will automatically lose when time's up. (requested by Bujero A subir)
|
|t:|1756549505
|teamsize|p1|4
|teamsize|p2|4
|start
|switch|p1a: Electabuzz|Electabuzz, L50, M, shiny|100/100
|switch|p1b: Kingambit|Kingambit, L50, M, shiny|100/100
|switch|p2a: Sinistcha|Sinistcha, L50|100/100
|switch|p2b: Ursaluna|Ursaluna-Bloodmoon, L50, M|100/100
|turn|1
|
|t:|1756549527
|-terastallize|p1b: Kingambit|Dark
|move|p1a: Electabuzz|Taunt|p2a: Sinistcha
|-start|p2a: Sinistcha|move: Taunt
|move|p1b: Kingambit|Swords Dance|p1b: Kingambit
|-boost|p1b: Kingambit|atk|2
|move|p2b: Ursaluna|Earth Power|p1a: Electabuzz
|-supereffective|p1a: Electabuzz
|-damage|p1a: Electabuzz|0 fnt
|faint|p1a: Electabuzz
|-damage|p2b: Ursaluna|91/100|[from] item: Life Orb
|cant|p2a: Sinistcha|move: Taunt|Trick Room
|
|upkeep
|inactive|Bujero A subir has 30 seconds left.
|
|t:|1756549553
|switch|p1a: Dragonite|Dragonite, L50, M, shiny|100/100
|turn|2
|
|t:|1756549568
|switch|p2a: Pelipper|Pelipper, L50, F|100/100
|-weather|RainDance|[from] ability: Drizzle|[of] p2a: Pelipper
|move|p2b: Ursaluna|Protect|p2b: Ursaluna
|-singleturn|p2b: Ursaluna|Protect
|move|p1a: Dragonite|Scale Shot|p2a: Pelipper
|-damage|p2a: Pelipper|82/100
|-damage|p2a: Pelipper|62/100
|-damage|p2a: Pelipper|44/100
|-damage|p2a: Pelipper|25/100
|-hitcount|p2a: Pelipper|4
|-unboost|p1a: Dragonite|def|1
|-boost|p1a: Dragonite|spe|1
|move|p1b: Kingambit|Kowtow Cleave|p2b: Ursaluna
|-activate|p2b: Ursaluna|move: Protect
|
|-weather|RainDance|[upkeep]
|upkeep
|turn|3
|inactive|thorn14 has 30 seconds left.
|inactive|thorn14 has 20 seconds left.
|inactive|thorn14 has 15 seconds left.
|
|t:|1756549609
|switch|p2a: Sinistcha|Sinistcha, L50|100/100
|-heal|p2b: Ursaluna|100/100|[from] ability: Hospitality|[of] p2a: Sinistcha
|move|p1b: Kingambit|Sucker Punch|p2b: Ursaluna
|-damage|p2b: Ursaluna|13/100
|move|p1a: Dragonite|Scale Shot|p2a: Sinistcha
|-damage|p2a: Sinistcha|88/100
|-damage|p2a: Sinistcha|76/100
|-damage|p2a: Sinistcha|64/100
|-damage|p2a: Sinistcha|50/100
|-damage|p2a: Sinistcha|38/100
|-hitcount|p2a: Sinistcha|5
|-unboost|p1a: Dragonite|def|1
|-boost|p1a: Dragonite|spe|1
|move|p2b: Ursaluna|Blood Moon|p1b: Kingambit
|-damage|p1b: Kingambit|0 fnt
|faint|p1b: Kingambit
|-damage|p2b: Ursaluna|3/100|[from] item: Life Orb
|
|-weather|RainDance|[upkeep]
|upkeep
|
|t:|1756549617
|switch|p1b: Rillaboom|Rillaboom, L50, M, shiny|100/100
|-fieldstart|move: Grassy Terrain|[from] ability: Grassy Surge|[of] p1b: Rillaboom
|turn|4
|inactive|thorn14 has 30 seconds left.
|
|t:|1756549643
|move|p2b: Ursaluna|Protect|p2b: Ursaluna
|-singleturn|p2b: Ursaluna|Protect
|move|p1b: Rillaboom|Grassy Glide|p2b: Ursaluna
|-activate|p2b: Ursaluna|move: Protect
|move|p1a: Dragonite|Scale Shot|p2a: Sinistcha
|-damage|p2a: Sinistcha|25/100
|-damage|p2a: Sinistcha|13/100
|-damage|p2a: Sinistcha|0 fnt
|faint|p2a: Sinistcha
|-hitcount|p2: Sinistcha|3
|-unboost|p1a: Dragonite|def|1
|-boost|p1a: Dragonite|spe|1
|
|-weather|RainDance|[upkeep]
|-heal|p2b: Ursaluna|9/100|[from] Grassy Terrain
|upkeep
|
|t:|1756549663
|switch|p2a: Archaludon|Archaludon, L50, F|100/100
|turn|5
|
|t:|1756549681
|move|p1a: Dragonite|Scale Shot|p2b: Ursaluna
|-damage|p2b: Ursaluna|0 fnt
|faint|p2b: Ursaluna
|-hitcount|p2: Ursaluna|1
|-unboost|p1a: Dragonite|def|1
|-boost|p1a: Dragonite|spe|1
|move|p1b: Rillaboom|High Horsepower|p2a: Archaludon
|-supereffective|p2a: Archaludon
|-damage|p2a: Archaludon|60/100
|-ability|p2a: Archaludon|Stamina|boost
|-boost|p2a: Archaludon|def|1
|move|p2a: Archaludon|Electro Shot||[still]
|-prepare|p2a: Archaludon|Electro Shot
|-boost|p2a: Archaludon|spa|1
|-anim|p2a: Archaludon|Electro Shot|p1a: Dragonite
|-damage|p1a: Dragonite|71/100
|
|-weather|RainDance|[upkeep]
|-heal|p2a: Archaludon|65/100|[from] Grassy Terrain
|upkeep
|
|t:|1756549700
|switch|p2b: Pelipper|Pelipper, L50, F|25/100
|turn|6
|
|t:|1756549712
|move|p1a: Dragonite|Haze|p1a: Dragonite
|-clearallboost
|move|p2b: Pelipper|Tailwind|p2b: Pelipper
|-sidestart|p2: thorn14|move: Tailwind
|move|p2a: Archaludon|Dragon Pulse|p1a: Dragonite
|-supereffective|p1a: Dragonite
|-damage|p1a: Dragonite|0 fnt
|faint|p1a: Dragonite
|move|p1b: Rillaboom|High Horsepower|p2a: Archaludon
|-supereffective|p2a: Archaludon
|-damage|p2a: Archaludon|21/100
|-ability|p2a: Archaludon|Stamina|boost
|-boost|p2a: Archaludon|def|1
|
|-weather|none
|-heal|p2a: Archaludon|27/100|[from] Grassy Terrain
|upkeep
|turn|7
|-message|Bujero A subir forfeited.
|
|win|thorn14
