|j|☆Notaplaceofhonor
|j|☆bleldigs
|html|Notaplaceofhonorbleldigs    
|uhtml|bestof|Game 1 of a best-of-3
|t:|1757002352
|gametype|doubles
|player|p1|Notaplaceofhonor|juan-gen3|1177
|player|p2|bleldigs|265|1040
|gen|9
|tier|[Gen 9] VGC 2025 Reg H (Bo3)
|rated|
|rule|Species Clause: Limit one of each Pokémon
|rule|Item Clause: Limit 1 of each item
|clearpoke
|poke|p1|Ursaluna, L50, M|
|poke|p1|Incineroar, L50, F|
|poke|p1|Archaludon, L50, F|
|poke|p1|Pelipper, L50, F|
|poke|p1|Basculegion, L50, M|
|poke|p1|Sinistcha, L50|
|poke|p2|Dragonite, L50, M|
|poke|p2|Cyclizar, L50, M|
|poke|p2|Incineroar, L50, M|
|poke|p2|Ninetales-Alola, L50, F|
|poke|p2|Porygon2, L50|
|poke|p2|Ursaluna-Bloodmoon, L50, M|
|teampreview|4
|showteam|p1|Ursaluna||FlameOrb|Guts|Protect,Facade,Earthquake,HeadlongRush|||M|||50|,,,,,Ghost]Incineroar||SafetyGoggles|Intimidate|Taunt,FakeOut,KnockOff,PartingShot|||F|||50|,,,,,Ghost]Archaludon||AssaultVest|Stamina|ElectroShot,Snarl,DracoMeteor,BodyPress|||F|||50|,,,,,Grass]Pelipper||FocusSash|Drizzle|Hurricane,WeatherBall,Tailwind,Protect|||F|||50|,,,,,Ghost]Basculegion||ChoiceScarf|Adaptability|WaveCrash,LastRespects,FlipTurn,IcyWind|||M|||50|,,,,,Water]Sinistcha||SitrusBerry|Hospitality|MatchaGotcha,LifeDew,RagePowder,TrickRoom||||||50|,,,,,Water
|showteam|p2|Dragonite||LoadedDice|Multiscale|ScaleShot,ExtremeSpeed,Haze,Protect|||M|||50|,,,,,Fairy]Cyclizar||CovertCloak|Regenerator|DracoMeteor,KnockOff,ShedTail,Protect|||M|||50|,,,,,Ghost]Incineroar||SitrusBerry|Intimidate|FakeOut,PartingShot,KnockOff,FlareBlitz|||M|||50|,,,,,Grass]Ninetales-Alola||FocusSash|SnowWarning|Blizzard,AuroraVeil,Encore,Protect|||F|||50|,,,,,Ghost]Porygon2||Eviolite|Trace|TeraBlast,ShadowBall,Recover,TrickRoom||||||50|,,,,,Stellar]Ursaluna-Bloodmoon||LifeOrb|MindsEye|BloodMoon,EarthPower,HyperVoice,Protect|||M|||50|,,,,,Normal
|
|t:|1757002393
|teamsize|p1|4
|teamsize|p2|4
|start
|switch|p1a: Incineroar|Incineroar, L50, F|100/100
|switch|p1b: Sinistcha|Sinistcha, L50|100/100
|switch|p2a: Cyclizar|Cyclizar, L50, M|100/100
|switch|p2b: Incineroar|Incineroar, L50, M|100/100
|-ability|p1a: Incineroar|Intimidate|boost
|-unboost|p2a: Cyclizar|atk|1
|-unboost|p2b: Incineroar|atk|1
|-ability|p2b: Incineroar|Intimidate|boost
|-unboost|p1a: Incineroar|atk|1
|-unboost|p1b: Sinistcha|atk|1
|turn|1
|
|t:|1757002427
|move|p2a: Cyclizar|Shed Tail|p2a: Cyclizar
|-start|p2a: Cyclizar|Substitute|[from] move: Shed Tail
|-damage|p2a: Cyclizar|50/100
|
|t:|1757002431
|switch|p2a: Ursaluna|Ursaluna-Bloodmoon, L50, M|100/100|[from] Shed Tail
|move|p1a: Incineroar|Parting Shot|p2a: Ursaluna
|-unboost|p2a: Ursaluna|atk|1
|-unboost|p2a: Ursaluna|spa|1
|
|t:|1757002438
|switch|p1a: Ursaluna|Ursaluna, L50, M|100/100|[from] Parting Shot
|move|p2b: Incineroar|Knock Off|p1b: Sinistcha
|-supereffective|p1b: Sinistcha
|-damage|p1b: Sinistcha|33/100
|-enditem|p1b: Sinistcha|Sitrus Berry|[from] move: Knock Off|[of] p2b: Incineroar
|move|p1b: Sinistcha|Trick Room|p1b: Sinistcha
|-fieldstart|move: Trick Room|[of] p1b: Sinistcha
|
|-status|p1a: Ursaluna|brn|[from] item: Flame Orb
|upkeep
|turn|2
|
|t:|1757002472
|move|p2a: Ursaluna|Blood Moon|p1a: Ursaluna
|-damage|p1a: Ursaluna|32/100 brn
|-damage|p2a: Ursaluna|91/100|[from] item: Life Orb
|move|p2b: Incineroar|Parting Shot|p1b: Sinistcha
|-unboost|p1b: Sinistcha|atk|1
|-unboost|p1b: Sinistcha|spa|1
|
|t:|1757002482
|switch|p2b: Cyclizar|Cyclizar, L50, M|83/100|[from] Parting Shot
|move|p1a: Ursaluna|Facade|p2a: Ursaluna
|-end|p2a: Ursaluna|Substitute
|move|p1b: Sinistcha|Matcha Gotcha|p2b: Cyclizar|[spread] p2a,p2b
|-supereffective|p2a: Ursaluna
|-resisted|p2b: Cyclizar
|-damage|p2a: Ursaluna|59/100
|-heal|p1b: Sinistcha|52/100|[from] drain|[of] p2a: Ursaluna
|-damage|p2b: Cyclizar|67/100
|-heal|p1b: Sinistcha|58/100|[from] drain|[of] p2b: Cyclizar
|-status|p2a: Ursaluna|brn
|
|-damage|p2a: Ursaluna|53/100 brn|[from] brn
|-damage|p1a: Ursaluna|26/100 brn|[from] brn
|upkeep
|turn|3
|
|t:|1757002509
|move|p1a: Ursaluna|Protect|p1a: Ursaluna
|-singleturn|p1a: Ursaluna|Protect
|move|p2a: Ursaluna|Hyper Voice|p1b: Sinistcha|[spread] p1b
|-activate|p1a: Ursaluna|move: Protect
|-damage|p1b: Sinistcha|31/100
|-damage|p2a: Ursaluna|43/100 brn|[from] item: Life Orb
|move|p1b: Sinistcha|Life Dew|p1b: Sinistcha|[spread] p1a,p1b
|-heal|p1a: Ursaluna|51/100 brn
|-heal|p1b: Sinistcha|57/100
|move|p2b: Cyclizar|Shed Tail|p2b: Cyclizar
|-start|p2b: Cyclizar|Substitute|[from] move: Shed Tail
|-damage|p2b: Cyclizar|17/100
|
|t:|1757002523
|switch|p2b: Incineroar|Incineroar, L50, M|100/100|[from] Shed Tail
|-ability|p2b: Incineroar|Intimidate|boost
|-unboost|p1a: Ursaluna|atk|1
|-unboost|p1b: Sinistcha|atk|1
|
|-damage|p2a: Ursaluna|37/100 brn|[from] brn
|-damage|p1a: Ursaluna|45/100 brn|[from] brn
|upkeep
|turn|4
|
|t:|1757002545
|switch|p1a: Archaludon|Archaludon, L50, F|100/100
|move|p2a: Ursaluna|Blood Moon|p1a: Archaludon
|-resisted|p1a: Archaludon
|-damage|p1a: Archaludon|77/100
|-ability|p1a: Archaludon|Stamina|boost
|-boost|p1a: Archaludon|def|1
|-damage|p2a: Ursaluna|27/100 brn|[from] item: Life Orb
|move|p2b: Incineroar|Flare Blitz|p1b: Sinistcha
|-supereffective|p1b: Sinistcha
|-damage|p1b: Sinistcha|0 fnt
|faint|p1b: Sinistcha
|-damage|p2b: Incineroar|84/100|[from] Recoil
|
|-damage|p2a: Ursaluna|21/100 brn|[from] brn
|upkeep
|
|t:|1757002561
|switch|p1b: Ursaluna|Ursaluna, L50, M|45/100 brn
|turn|5
|
|t:|1757002594
|move|p1b: Ursaluna|Protect|p1b: Ursaluna
|-singleturn|p1b: Ursaluna|Protect
|move|p2a: Ursaluna|Earth Power|p1a: Archaludon
|-supereffective|p1a: Archaludon
|-damage|p1a: Archaludon|9/100
|-ability|p1a: Archaludon|Stamina|boost
|-boost|p1a: Archaludon|def|1
|-damage|p2a: Ursaluna|12/100 brn|[from] item: Life Orb
|move|p2b: Incineroar|Knock Off|p1b: Ursaluna
|-activate|p1b: Ursaluna|move: Protect
|move|p1a: Archaludon|Body Press|p2b: Incineroar
|-supereffective|p2b: Incineroar
|-crit|p2b: Incineroar
|-end|p2b: Incineroar|Substitute
|
|-damage|p2a: Ursaluna|6/100 brn|[from] brn
|-damage|p1b: Ursaluna|40/100 brn|[from] brn
|-fieldend|move: Trick Room
|upkeep
|turn|6
|
|t:|1757002626
|switch|p2b: Cyclizar|Cyclizar, L50, M|50/100
|move|p1a: Archaludon|Body Press|p2b: Cyclizar
|-supereffective|p2b: Cyclizar
|-damage|p2b: Cyclizar|0 fnt
|faint|p2b: Cyclizar
|move|p1b: Ursaluna|Facade|p2a: Ursaluna
|-damage|p2a: Ursaluna|0 fnt
|faint|p2a: Ursaluna
|
|-damage|p1b: Ursaluna|34/100 brn|[from] brn
|upkeep
|
|t:|1757002637
|switch|p2b: Incineroar|Incineroar, L50, M|84/100
|switch|p2a: Ninetales|Ninetales-Alola, L50, F|100/100
|-weather|Snowscape|[from] ability: Snow Warning|[of] p2a: Ninetales
|-ability|p2b: Incineroar|Intimidate|boost
|-unboost|p1a: Archaludon|atk|1
|-unboost|p1b: Ursaluna|atk|1
|turn|7
|
|t:|1757002672
|switch|p1a: Incineroar|Incineroar, L50, F|100/100
|-ability|p1a: Incineroar|Intimidate|boost
|-unboost|p2a: Ninetales|atk|1
|-unboost|p2b: Incineroar|atk|1
|move|p1b: Ursaluna|Protect|p1b: Ursaluna
|-singleturn|p1b: Ursaluna|Protect
|move|p2a: Ninetales|Blizzard|p1b: Ursaluna|[spread] p1a
|-activate|p1b: Ursaluna|move: Protect
|-resisted|p1a: Incineroar
|-damage|p1a: Incineroar|87/100
|move|p2b: Incineroar|Knock Off|p1a: Incineroar
|-resisted|p1a: Incineroar
|-damage|p1a: Incineroar|74/100
|-enditem|p1a: Incineroar|Safety Goggles|[from] move: Knock Off|[of] p2b: Incineroar
|
|-weather|Snowscape|[upkeep]
|-damage|p1b: Ursaluna|28/100 brn|[from] brn
|upkeep
|turn|8
|
|t:|1757002703
|switch|p1b: Archaludon|Archaludon, L50, F|9/100
|-terastallize|p2a: Ninetales|Ghost
|move|p2a: Ninetales|Blizzard|p1b: Archaludon|[spread] p1a,p1b
|-resisted|p1a: Incineroar
|-damage|p1a: Incineroar|59/100
|-damage|p1b: Archaludon|0 fnt
|faint|p1b: Archaludon
|move|p1a: Incineroar|Knock Off|p2a: Ninetales
|-supereffective|p2a: Ninetales
|-enditem|p2a: Ninetales|Focus Sash
|-damage|p2a: Ninetales|1/100
|move|p2b: Incineroar|Parting Shot|p1a: Incineroar
|-unboost|p1a: Incineroar|atk|1
|-unboost|p1a: Incineroar|spa|1
|
|-weather|Snowscape|[upkeep]
|upkeep
|
|t:|1757002715
|switch|p1b: Ursaluna|Ursaluna, L50, M|28/100 brn
|turn|9
|
|t:|1757002750
|move|p2a: Ninetales|Blizzard|p1a: Incineroar|[spread] p1a,p1b
|-resisted|p1a: Incineroar
|-supereffective|p1b: Ursaluna
|-damage|p1a: Incineroar|46/100
|-damage|p1b: Ursaluna|0 fnt
|faint|p1b: Ursaluna
|move|p1a: Incineroar|Knock Off|p2a: Ninetales
|-supereffective|p2a: Ninetales
|-damage|p2a: Ninetales|0 fnt
|faint|p2a: Ninetales
|move|p2b: Incineroar|Flare Blitz|p1a: Incineroar
|-resisted|p1a: Incineroar
|-damage|p1a: Incineroar|29/100
|-damage|p2b: Incineroar|79/100|[from] Recoil
|
|-weather|Snowscape|[upkeep]
|upkeep
|turn|10
|
|t:|1757002764
|move|p1a: Incineroar|Knock Off|p2b: Incineroar
|-resisted|p2b: Incineroar
|-damage|p2b: Incineroar|66/100
|-enditem|p2b: Incineroar|Sitrus Berry|[from] move: Knock Off|[of] p1a: Incineroar
|move|p2b: Incineroar|Flare Blitz|p1a: Incineroar
|-resisted|p1a: Incineroar
|-damage|p1a: Incineroar|12/100
|-damage|p2b: Incineroar|61/100|[from] Recoil
|
|-weather|Snowscape|[upkeep]
|upkeep
|turn|11
|
|t:|1757002795
|move|p1a: Incineroar|Knock Off|p2b: Incineroar
|-resisted|p2b: Incineroar
|-damage|p2b: Incineroar|53/100
|move|p2b: Incineroar|Flare Blitz|p1a: Incineroar
|-resisted|p1a: Incineroar
|-damage|p1a: Incineroar|0 fnt
|faint|p1a: Incineroar
|-damage|p2b: Incineroar|49/100|[from] Recoil
|
|win|bleldigs
