|j|☆humanbacon
|j|☆ultraclaw1
|html|humanbaconultraclaw1    
|uhtml|bestof|Game 2 of a best-of-3
|t:|1783944138
|gametype|doubles
|player|p1|humanbacon|acetrainer|1106
|player|p2|ultraclaw1|brycenman|1354
|gen|9
|tier|[Gen 9 Champions] VGC 2026 Reg M-B (Bo3)
|rated|
|rule|Species Clause: Limit one of each Pokémon
|rule|Item Clause: Limit 1 of each item
|clearpoke
|poke|p1|Raichu, L50, F|
|poke|p1|Venusaur, L50, F|
|poke|p1|Milotic, L50, F|
|poke|p1|Ninetales-Alola, L50, F|
|poke|p1|Garchomp, L50, M|
|poke|p1|Incineroar, L50, M|
|poke|p2|Maushold, L50|
|poke|p2|Kingambit, L50, M|
|poke|p2|Garchomp, L50, F|
|poke|p2|Basculegion, L50, M|
|poke|p2|Talonflame, L50, M|
|poke|p2|Floette-Eternal, L50, F|
|teampreview|4
|showteam|p1|Raichu||RaichuniteY|LightningRod|ZapCannon,FocusBlast,FakeOut,Protect|Timid||F|||50|]Venusaur||Venusaurite|Chlorophyll|EnergyBall,SludgeBomb,LeechSeed,Protect|Modest||F|||50|]Milotic||Leftovers|Competitive|Scald,IcyWind,LifeDew,Protect|Modest||F|||50|]Ninetales-Alola||FocusSash|SnowWarning|FreezeDry,IcyWind,Moonblast,Protect|Timid||F|||50|]Garchomp||LifeOrb|RoughSkin|DragonClaw,StompingTantrum,RockTomb,Protect|Adamant||M|||50|]Incineroar||SitrusBerry|Intimidate|FakeOut,ThroatChop,PartingShot,FlareBlitz|Adamant||M|||50|
|showteam|p2|Maushold||FocusSash|FriendGuard|SuperFang,Feint,FollowMe,Protect|Timid|||||50|]Kingambit||ChopleBerry|Defiant|KowtowCleave,SuckerPunch,LowKick,IronHead|Adamant||M|||50|]Garchomp||LifeOrb|RoughSkin|RockSlide,Earthquake,DragonClaw,Protect|Jolly||F|||50|]Basculegion||MysticWater|Adaptability|WaveCrash,LastRespects,AquaJet,Protect|Adamant||M|||50|]Talonflame||SharpBeak|GaleWings|QuickGuard,DualWingbeat,Tailwind,Protect|Jolly||M|||50|]Floette-Eternal||Floettite|FlowerVeil|LightofRuin,Protect,Moonblast,DazzlingGleam|Modest||F|||50|
|inactive|Battle timer is ON: inactive players will automatically lose when time's up. (requested by ultraclaw1)
|
|t:|1783944156
|teamsize|p1|4
|teamsize|p2|4
|start
|switch|p1a: Venusaur|Venusaur, L50, F|100/100
|switch|p1b: Incineroar|Incineroar, L50, M|100/100
|switch|p2a: Floette|Floette-Eternal, L50, F|100/100
|switch|p2b: Talonflame|Talonflame, L50, M|100/100
|-ability|p1b: Incineroar|Intimidate|boost
|-unboost|p2a: Floette|atk|1
|-unboost|p2b: Talonflame|atk|1
|turn|1
|
|t:|1783944168
|detailschange|p1a: Venusaur|Venusaur-Mega, L50, F
|-mega|p1a: Venusaur|Venusaur|Venusaurite
|move|p2a: Floette|Protect|p2a: Floette
|-singleturn|p2a: Floette|Protect
|move|p2b: Talonflame|Dual Wingbeat|p1a: Venusaur
|-supereffective|p1a: Venusaur|1
|-damage|p1a: Venusaur|79/100
|-supereffective|p1a: Venusaur|1
|-damage|p1a: Venusaur|61/100
|-hitcount|p1a: Venusaur|2
|move|p1a: Venusaur|Sludge Bomb|p2a: Floette
|-activate|p2a: Floette|move: Protect
|move|p1b: Incineroar|Parting Shot|p2b: Talonflame
|-unboost|p2b: Talonflame|atk|1
|-unboost|p2b: Talonflame|spa|1
|
|t:|1783944179
|switch|p1b: Milotic|Milotic, L50, F|100/100|[from] Parting Shot
|
|upkeep
|turn|2
|
|t:|1783944190
|detailschange|p2a: Floette|Floette-Mega, L50, F
|-mega|p2a: Floette|Floette|Floettite
|-ability|p2a: Floette|Fairy Aura
|move|p1a: Venusaur|Protect|p1a: Venusaur
|-singleturn|p1a: Venusaur|Protect
|move|p2b: Talonflame|Tailwind|p2b: Talonflame
|-sidestart|p2: ultraclaw1|move: Tailwind
|move|p2a: Floette|Light of Ruin|p1a: Venusaur
|-activate|p1a: Venusaur|move: Protect
|move|p1b: Milotic|Scald|p2b: Talonflame
|-supereffective|p2b: Talonflame|1
|-damage|p2b: Talonflame|0 fnt
|faint|p2b: Talonflame
|
|upkeep
|
|t:|1783944200
|switch|p2b: Garchomp|Garchomp, L50, F|100/100
|turn|3
|
|t:|1783944209
|switch|p1a: Incineroar|Incineroar, L50, M|100/100
|-ability|p1a: Incineroar|Intimidate|boost
|-unboost|p2a: Floette|atk|1
|-unboost|p2b: Garchomp|atk|1
|move|p2b: Garchomp|Dragon Claw|p1a: Incineroar
|-damage|p1a: Incineroar|66/100
|-damage|p2b: Garchomp|90/100|[from] item: Life Orb
|move|p2a: Floette|Dazzling Gleam|p1b: Milotic|[spread] p1a,p1b
|-damage|p1a: Incineroar|16/100
|-damage|p1b: Milotic|64/100
|-enditem|p1a: Incineroar|Sitrus Berry|[eat]
|-heal|p1a: Incineroar|41/100|[from] item: Sitrus Berry
|move|p1b: Milotic|Icy Wind|p2b: Garchomp|[spread] p2a,p2b
|-supereffective|p2b: Garchomp|2
|-damage|p2a: Floette|90/100
|-damage|p2b: Garchomp|40/100
|-unboost|p2a: Floette|spe|1
|-unboost|p2b: Garchomp|spe|1
|
|-heal|p1b: Milotic|70/100|[from] item: Leftovers
|upkeep
|turn|4
|
|t:|1783944223
|move|p2b: Garchomp|Protect|p2b: Garchomp
|-singleturn|p2b: Garchomp|Protect
|move|p2a: Floette|Protect|p2a: Floette
|-singleturn|p2a: Floette|Protect
|move|p1a: Incineroar|Fake Out|p2a: Floette
|-activate|p2a: Floette|move: Protect
|move|p1b: Milotic|Life Dew|p1b: Milotic|[spread] p1a,p1b
|-heal|p1a: Incineroar|66/100
|-heal|p1b: Milotic|95/100
|
|-heal|p1b: Milotic|100/100|[from] item: Leftovers
|upkeep
|turn|5
|
|t:|1783944231
|move|p1b: Milotic|Protect|p1b: Milotic
|-singleturn|p1b: Milotic|Protect
|move|p2b: Garchomp|Rock Slide|p1a: Incineroar|[spread] p1a
|-activate|p1b: Milotic|move: Protect
|-supereffective|p1a: Incineroar|1
|-damage|p1a: Incineroar|37/100
|-damage|p2b: Garchomp|30/100|[from] item: Life Orb
|move|p2a: Floette|Moonblast|p1a: Incineroar
|-damage|p1a: Incineroar|0 fnt
|faint|p1a: Incineroar
|
|-sideend|p2: ultraclaw1|move: Tailwind
|upkeep
|
|t:|1783944241
|switch|p1a: Ninetales|Ninetales-Alola, L50, F|100/100
|-weather|Snowscape|[from] ability: Snow Warning|[of] p1a: Ninetales
|turn|6
|
|t:|1783944251
|switch|p2b: Basculegion|Basculegion, L50, M|100/100
|move|p1a: Ninetales|Moonblast|p2a: Floette
|-damage|p2a: Floette|46/100
|-unboost|p2a: Floette|spa|1
|move|p1b: Milotic|Icy Wind|p2b: Basculegion|[spread] p2a
|-miss|p1b: Milotic|p2b: Basculegion
|-crit|p2a: Floette
|-damage|p2a: Floette|33/100
|-unboost|p2a: Floette|spe|1
|move|p2a: Floette|Dazzling Gleam|p1a: Ninetales|[spread] p1a,p1b
|-damage|p1a: Ninetales|57/100
|-damage|p1b: Milotic|72/100
|
|-weather|Snowscape|[upkeep]
|-heal|p1b: Milotic|79/100|[from] item: Leftovers
|upkeep
|turn|7
|
|t:|1783944274
|switch|p2a: Garchomp|Garchomp, L50, F|30/100
|move|p1a: Ninetales|Protect|p1a: Ninetales
|-singleturn|p1a: Ninetales|Protect
|move|p2b: Basculegion|Last Respects|p1a: Ninetales
|-activate|p1a: Ninetales|move: Protect
|move|p1b: Milotic|Life Dew|p1b: Milotic|[spread] p1a,p1b
|-heal|p1a: Ninetales|81/100
|-heal|p1b: Milotic|100/100
|
|-weather|Snowscape|[upkeep]
|upkeep
|turn|8
|
|t:|1783944285
|move|p1a: Ninetales|Icy Wind|p2b: Basculegion|[spread] p2a,p2b
|-supereffective|p2a: Garchomp|2
|-resisted|p2b: Basculegion|1
|-damage|p2a: Garchomp|0 fnt
|-damage|p2b: Basculegion|90/100
|-unboost|p2b: Basculegion|spe|1
|faint|p2a: Garchomp
|move|p1b: Milotic|Scald|p2b: Basculegion
|-resisted|p2b: Basculegion|1
|-damage|p2b: Basculegion|72/100
|-status|p2b: Basculegion|brn
|move|p2b: Basculegion|Wave Crash|p1a: Ninetales
|-damage|p1a: Ninetales|35/100
|-damage|p2b: Basculegion|60/100 brn|[from] Recoil
|
|-weather|Snowscape|[upkeep]
|-damage|p2b: Basculegion|54/100 brn|[from] brn
|upkeep
|
|t:|1783944294
|switch|p2a: Floette|Floette-Mega, L50, F|33/100
|-ability|p2a: Floette|Fairy Aura
|turn|9
|
|t:|1783944302
|move|p1a: Ninetales|Freeze-Dry|p2b: Basculegion
|-supereffective|p2b: Basculegion|1
|-damage|p2b: Basculegion|0 fnt
|faint|p2b: Basculegion
|move|p2a: Floette|Dazzling Gleam|p1b: Milotic|[spread] p1a,p1b
|-damage|p1a: Ninetales|0 fnt
|-damage|p1b: Milotic|65/100
|faint|p1a: Ninetales
|move|p1b: Milotic|Icy Wind|p2a: Floette
|-damage|p2a: Floette|20/100y
|-unboost|p2a: Floette|spe|1
|
|-weather|Snowscape|[upkeep]
|-heal|p1b: Milotic|71/100|[from] item: Leftovers
|upkeep
|
|t:|1783944307
|switch|p1a: Venusaur|Venusaur-Mega, L50, F|61/100
|turn|10
|-message|ultraclaw1 forfeited.
|
|win|humanbacon
|l|☆ultraclaw1
|player|p2|
||ultraclaw1 is ready for game 3.
||humanbacon is ready for game 3.
|uhtml|next|Next: Game 3 of 3
|l|☆humanbacon
|player|p1|
|j|☆ultraclaw1
|player|p2|ultraclaw1|brycenman|
