|j|☆Olciax34
|j|☆Gastrosophilipp
|html|Olciax34Gastrosophilipp    
|uhtml|bestof|Game 1 of a best-of-3
|t:|1784644506
|gametype|doubles
|player|p1|Olciax34|266|1233
|player|p2|Gastrosophilipp|juan|1286
|gen|9
|tier|[Gen 9 Champions] VGC 2026 Reg M-B (Bo3)
|rated|
|rule|Species Clause: Limit one of each Pokémon
|rule|Item Clause: Limit 1 of each item
|clearpoke
|poke|p1|Charizard, L50, F|
|poke|p1|Whimsicott, L50, F|
|poke|p1|Garchomp, L50, M|
|poke|p1|Incineroar, L50, M|
|poke|p1|Basculegion, L50, M|
|poke|p1|Floette-Eternal, L50, F|
|poke|p2|Espathra, L50, F|
|poke|p2|Ninetales-Alola, L50, M|
|poke|p2|Raichu, L50, M|
|poke|p2|Vaporeon, L50, M|
|poke|p2|Sinistcha, L50|
|poke|p2|Incineroar, L50, M|
|teampreview|4
|showteam|p1|Charizard||CharizarditeY|SolarPower|HeatWave,WeatherBall,SolarBeam,Protect|Modest||F|||50|]Whimsicott||FocusSash|Prankster|Moonblast,Tailwind,Encore,Protect|Timid||F|||50|]Garchomp||LifeOrb|RoughSkin|Earthquake,DragonClaw,RockSlide,Protect|Jolly||M|||50|]Incineroar||SitrusBerry|Intimidate|FakeOut,ThroatChop,FlareBlitz,PartingShot|Careful||M|||50|]Basculegion||ChoiceScarf|Adaptability|WaveCrash,FlipTurn,LastRespects,AquaJet|Jolly||M|||50|]Floette-Eternal||Floettite|FlowerVeil|DrainingKiss,Moonblast,CalmMind,Protect|Modest||F|||50|
|showteam|p2|Espathra||LifeOrb|SpeedBoost|LuminaCrash,EnergyBall,LightScreen,Protect|Timid||F|||50|]Ninetales-Alola||SitrusBerry|SnowWarning|Blizzard,FreezeDry,AuroraVeil,Protect|Timid||M|||50|]Raichu||RaichuniteY|LightningRod|ZapCannon,FocusBlast,FakeOut,Protect|Timid||M|||50|]Vaporeon||Leftovers|WaterAbsorb|Scald,IceBeam,CalmMind,Protect|Modest||M|||50|]Sinistcha||OccaBerry|Hospitality|MatchaGotcha,LifeDew,TrickRoom,RagePowder|Bold|||||50|]Incineroar||PasshoBerry|Intimidate|FlareBlitz,DarkestLariat,FakeOut,PartingShot|Careful||M|||50|
|inactive|Battle timer is ON: inactive players will automatically lose when time's up. (requested by Gastrosophilipp)
|inactive|Olciax34 has 60 seconds left.
|
|t:|1784644550
|teamsize|p1|4
|teamsize|p2|4
|start
|switch|p1a: Incineroar|Incineroar, L50, M|100/100
|switch|p1b: Floette|Floette-Eternal, L50, F|100/100
|switch|p2a: Raichu|Raichu, L50, M|100/100
|switch|p2b: Vaporeon|Vaporeon, L50, M|100/100
|-ability|p1a: Incineroar|Intimidate|boost
|-unboost|p2a: Raichu|atk|1
|-unboost|p2b: Vaporeon|atk|1
|turn|1
|
|t:|1784644573
|detailschange|p2a: Raichu|Raichu-Mega-Y, L50, M
|-mega|p2a: Raichu|Raichu|Raichunite Y
|detailschange|p1b: Floette|Floette-Mega, L50, F
|-mega|p1b: Floette|Floette|Floettite
|-ability|p1b: Floette|Fairy Aura
|move|p2a: Raichu|Fake Out|p1b: Floette
|-damage|p1b: Floette|94/100
|move|p1a: Incineroar|Fake Out|p2a: Raichu
|-damage|p2a: Raichu|83/100
|cant|p1b: Floette|flinch
|move|p2b: Vaporeon|Calm Mind|p2b: Vaporeon
|-boost|p2b: Vaporeon|spa|1
|-boost|p2b: Vaporeon|spd|1
|
|upkeep
|turn|2
|
|t:|1784644595
|switch|p1a: Whimsicott|Whimsicott, L50, F|100/100
|move|p2a: Raichu|Zap Cannon|p1b: Floette
|-damage|p1b: Floette|45/100
|-status|p1b: Floette|par
|move|p2b: Vaporeon|Scald|p1b: Floette
|-damage|p1b: Floette|7/100 par
|move|p1b: Floette|Calm Mind|p1b: Floette
|-boost|p1b: Floette|spa|1
|-boost|p1b: Floette|spd|1
|
|upkeep
|turn|3
|inactive|Gastrosophilipp has 30 seconds left.
|
|t:|1784644626
|move|p1a: Whimsicott|Tailwind|p1a: Whimsicott
|-sidestart|p1: Olciax34|move: Tailwind
|move|p2a: Raichu|Zap Cannon|p1b: Floette
|-damage|p1b: Floette|0 fnt
|faint|p1b: Floette
|move|p2b: Vaporeon|Ice Beam|p1a: Whimsicott
|-supereffective|p1a: Whimsicott|1
|-enditem|p1a: Whimsicott|Focus Sash
|-damage|p1a: Whimsicott|1/100
|
|upkeep
|
|t:|1784644639
|switch|p1b: Basculegion|Basculegion, L50, M|100/100
|turn|4
|
|t:|1784644657
|switch|p2a: Incineroar|Incineroar, L50, M|100/100
|-ability|p2a: Incineroar|Intimidate|boost
|-unboost|p1a: Whimsicott|atk|1
|-unboost|p1b: Basculegion|atk|1
|move|p1a: Whimsicott|Protect|p1a: Whimsicott
|-singleturn|p1a: Whimsicott|Protect
|move|p1b: Basculegion|Flip Turn|p2a: Incineroar
|-supereffective|p2a: Incineroar|1
|-crit|p2a: Incineroar
|-enditem|p2a: Incineroar|Passho Berry|[eat]
|-enditem|p2a: Incineroar|Passho Berry|[weaken]
|-damage|p2a: Incineroar|54/100
|
|t:|1784644667
|switch|p1b: Incineroar|Incineroar, L50, M|100/100|[from] Flip Turn
|-ability|p1b: Incineroar|Intimidate|boost
|-unboost|p2a: Incineroar|atk|1
|-unboost|p2b: Vaporeon|atk|1
|move|p2b: Vaporeon|Scald|p1b: Incineroar
|-supereffective|p1b: Incineroar|1
|-damage|p1b: Incineroar|15/100
|-enditem|p1b: Incineroar|Sitrus Berry|[eat]
|-heal|p1b: Incineroar|40/100|[from] item: Sitrus Berry
|
|upkeep
|turn|5
|inactive|Gastrosophilipp has 30 seconds left.
|inactive|Gastrosophilipp has 20 seconds left.
|inactive|Gastrosophilipp has 15 seconds left.
|inactive|Gastrosophilipp has 10 seconds left.
|inactive|Gastrosophilipp has 5 seconds left.
|
|t:|1784644721
|switch|p1a: Basculegion|Basculegion, L50, M|100/100
|move|p1b: Incineroar|Fake Out|p2b: Vaporeon
|-damage|p2b: Vaporeon|88/100
|move|p2a: Incineroar|Fake Out|p1a: Basculegion
|-immune|p1a: Basculegion
|cant|p2b: Vaporeon|flinch
|
|-heal|p2b: Vaporeon|95/100|[from] item: Leftovers
|upkeep
|turn|6
|inactive|Gastrosophilipp has 30 seconds left.
|inactive|Gastrosophilipp has 20 seconds left.
|inactive|Gastrosophilipp has 15 seconds left.
|inactive|Gastrosophilipp has 10 seconds left.
|
|t:|1784644766
|switch|p2a: Sinistcha|Sinistcha, L50|100/100
|-heal|p2b: Vaporeon|100/100|[from] ability: Hospitality|[of] p2a: Sinistcha
|move|p1a: Basculegion|Flip Turn|p2a: Sinistcha
|-resisted|p2a: Sinistcha|1
|-damage|p2a: Sinistcha|84/100
|
|t:|1784644773
|switch|p1a: Whimsicott|Whimsicott, L50, F|1/100|[from] Flip Turn
|move|p1b: Incineroar|Parting Shot|p2b: Vaporeon
|-unboost|p2b: Vaporeon|atk|1
|-unboost|p2b: Vaporeon|spa|1
|
|t:|1784644780
|switch|p1b: Basculegion|Basculegion, L50, M|100/100|[from] Parting Shot
|move|p2b: Vaporeon|Scald|p1a: Whimsicott
|-resisted|p1a: Whimsicott|1
|-damage|p1a: Whimsicott|0 fnt
|faint|p1a: Whimsicott
|
|-sideend|p1: Olciax34|move: Tailwind
|upkeep
|
|t:|1784644789
|switch|p1a: Incineroar|Incineroar, L50, M|40/100
|-ability|p1a: Incineroar|Intimidate|boost
|-unboost|p2a: Sinistcha|atk|1
|-unboost|p2b: Vaporeon|atk|1
|turn|7
|
|t:|1784644803
|switch|p2a: Incineroar|Incineroar, L50, M|54/100
|-ability|p2a: Incineroar|Intimidate|boost
|-unboost|p1a: Incineroar|atk|1
|-unboost|p1b: Basculegion|atk|1
|move|p2b: Vaporeon|Protect|p2b: Vaporeon
|-singleturn|p2b: Vaporeon|Protect
|move|p1b: Basculegion|Last Respects|p2a: Incineroar
|-resisted|p2a: Incineroar|1
|-damage|p2a: Incineroar|26/100
|move|p1a: Incineroar|Flare Blitz|p2a: Incineroar
|-resisted|p2a: Incineroar|1
|-damage|p2a: Incineroar|12/100
|-damage|p1a: Incineroar|36/100|[from] Recoil
|
|upkeep
|turn|8
|inactive|Gastrosophilipp has 30 seconds left.
|
|t:|1784644838
|move|p2a: Incineroar|Fake Out|p1a: Incineroar
|-damage|p1a: Incineroar|26/100
|move|p1b: Basculegion|Last Respects|p2b: Vaporeon
|-damage|p2b: Vaporeon|42/100
|move|p2b: Vaporeon|Scald|p1a: Incineroar
|-supereffective|p1a: Incineroar|1
|-damage|p1a: Incineroar|0 fnt
|faint|p1a: Incineroar
|
|-heal|p2b: Vaporeon|49/100|[from] item: Leftovers
|upkeep
|turn|9
|inactive|Gastrosophilipp has 30 seconds left.
|
|t:|1784644868
|switch|p2a: Sinistcha|Sinistcha, L50|84/100
|-heal|p2b: Vaporeon|74/100|[from] ability: Hospitality|[of] p2a: Sinistcha
|move|p2b: Vaporeon|Protect|p2b: Vaporeon
|-singleturn|p2b: Vaporeon|Protect
|move|p1b: Basculegion|Last Respects|p2a: Sinistcha
|-supereffective|p2a: Sinistcha|1
|-damage|p2a: Sinistcha|0 fnt
|faint|p2a: Sinistcha
|
|-heal|p2b: Vaporeon|80/100|[from] item: Leftovers
|upkeep
|
|t:|1784644879
|switch|p2a: Incineroar|Incineroar, L50, M|12/100
|-ability|p2a: Incineroar|Intimidate|boost
|-unboost|p1b: Basculegion|atk|1
|turn|10
|
|t:|1784644893
|move|p1b: Basculegion|Last Respects|p2a: Incineroar
|-resisted|p2a: Incineroar|1
|-damage|p2a: Incineroar|0 fnt
|faint|p2a: Incineroar
|move|p2b: Vaporeon|Scald|p1b: Basculegion
|-resisted|p1b: Basculegion|1
|-damage|p1b: Basculegion|78/100
|
|-heal|p2b: Vaporeon|86/100|[from] item: Leftovers
|upkeep
|
|t:|1784644901
|switch|p2a: Raichu|Raichu-Mega-Y, L50, M|83/100
|turn|11
|
|t:|1784644911
|move|p1b: Basculegion|Last Respects|p2a: Raichu
|-damage|p2a: Raichu|0 fnt
|faint|p2a: Raichu
|move|p2b: Vaporeon|Scald|p1b: Basculegion
|-resisted|p1b: Basculegion|1
|-damage|p1b: Basculegion|57/100
|
|-heal|p2b: Vaporeon|92/100|[from] item: Leftovers
|upkeep
|turn|12
|
|t:|1784644922
|move|p2b: Vaporeon|Protect|p2b: Vaporeon
|-singleturn|p2b: Vaporeon|Protect
|move|p1b: Basculegion|Last Respects|p2b: Vaporeon
|-activate|p2b: Vaporeon|move: Protect
|
|-heal|p2b: Vaporeon|99/100|[from] item: Leftovers
|upkeep
|turn|13
|
|t:|1784644931
|move|p1b: Basculegion|Last Respects|p2b: Vaporeon
|-damage|p2b: Vaporeon|38/100
|move|p2b: Vaporeon|Scald|p1b: Basculegion
|-resisted|p1b: Basculegion|1
|-damage|p1b: Basculegion|36/100
|
|-heal|p2b: Vaporeon|44/100|[from] item: Leftovers
|upkeep
|turn|14
|
|t:|1784644940
|move|p2b: Vaporeon|Protect|p2b: Vaporeon
|-singleturn|p2b: Vaporeon|Protect
|move|p1b: Basculegion|Last Respects|p2b: Vaporeon
|-activate|p2b: Vaporeon|move: Protect
|
|-heal|p2b: Vaporeon|50/100g|[from] item: Leftovers
|upkeep
|turn|15
|
|t:|1784644950
|move|p1b: Basculegion|Last Respects|p2b: Vaporeon
|-damage|p2b: Vaporeon|0 fnt
|faint|p2b: Vaporeon
|
|win|Olciax34
||Olciax34 is ready for game 2.
