|j|☆TemporalDonut
|j|☆yesertrerte
|html|TemporalDonutyesertrerte    
|uhtml|bestof|Game 3 of a best-of-3
|t:|1784911220
|gametype|doubles
|player|p1|TemporalDonut|ingo|1116
|player|p2|yesertrerte|169|1219
|gen|9
|tier|[Gen 9 Champions] VGC 2026 Reg M-B (Bo3)
|rated|
|rule|Species Clause: Limit one of each Pokémon
|rule|Item Clause: Limit 1 of each item
|clearpoke
|poke|p1|Chandelure, L50, M|
|poke|p1|Milotic, L50, M|
|poke|p1|Maushold, L50|
|poke|p1|Hydrapple, L50, M|
|poke|p1|Grimmsnarl, L50, M|
|poke|p1|Staraptor, L50, M|
|poke|p2|Aerodactyl, L50, F|
|poke|p2|Garchomp, L50, F, shiny|
|poke|p2|Kingambit, L50, M|
|poke|p2|Charizard, L50, M, shiny|
|poke|p2|Sylveon, L50, F, shiny|
|poke|p2|Farigiraf, L50, F|
|teampreview|4
|showteam|p1|Chandelure||Chandelurite|FlashFire|CalmMind,HeatWave,ShadowBall,Protect|Bold||M|||50|]Milotic||ZoomLens|Competitive|MuddyWater,Coil,Hypnosis,LifeDew|Relaxed||M|||50|]Maushold||FocusSash|FriendGuard|SuperFang,Charm,FollowMe,Protect|Jolly|||||50|]Hydrapple||Leftovers|SupersweetSyrup|FickleBeam,PollenPuff,Yawn,Protect|Calm||M|||50|]Grimmsnarl||LightClay|Prankster|SpiritBreak,Reflect,LightScreen,PartingShot|Relaxed||M|||50|]Staraptor||Staraptite|Intimidate|CloseCombat,BraveBird,Roost,Protect|Adamant||M|||50|
|showteam|p2|Aerodactyl||Aerodactylite|Unnerve|IceFang,RockSlide,Tailwind,DualWingbeat|Jolly||F|||50|]Garchomp||LifeOrb|RoughSkin|DragonClaw,Earthquake,RockSlide,Protect|Jolly||F|||50|]Kingambit||FocusSash|Defiant|KowtowCleave,IronHead,SuckerPunch,LowKick|Adamant||M|||50|]Charizard||CharizarditeY|Blaze|HeatWave,SolarBeam,WeatherBall,Protect|Modest||M|||50|]Sylveon||FairyFeather|Pixilate|Protect,HyperVoice,HyperBeam,QuickAttack|Modest||F|||50|]Farigiraf||SitrusBerry|ArmorTail|TrickRoom,Thunderbolt,Psychic,HelpingHand|Bold||F|||50|
|inactive|Battle timer is ON: inactive players will automatically lose when time's up. (requested by yesertrerte)
|inactive|yesertrerte has 60 seconds left.
|
|t:|1784911263
|teamsize|p1|4
|teamsize|p2|4
|start
|switch|p1a: Grimmsnarl|Grimmsnarl, L50, M|100/100
|switch|p1b: Milotic|Milotic, L50, M|100/100
|switch|p2a: Aerodactyl|Aerodactyl, L50, F|100/100
|switch|p2b: Kingambit|Kingambit, L50, M|100/100
|-ability|p2a: Aerodactyl|Unnerve
|turn|1
|inactive|yesertrerte has 30 seconds left.
|
|t:|1784911288
|move|p1a: Grimmsnarl|Reflect|p1a: Grimmsnarl
|-sidestart|p1: TemporalDonut|Reflect
|move|p2a: Aerodactyl|Tailwind|p2a: Aerodactyl
|-sidestart|p2: yesertrerte|move: Tailwind
|move|p2b: Kingambit|Iron Head|p1a: Grimmsnarl
|-supereffective|p1a: Grimmsnarl|1
|-damage|p1a: Grimmsnarl|44/100
|move|p1b: Milotic|Coil|p1b: Milotic
|-boost|p1b: Milotic|atk|1
|-boost|p1b: Milotic|def|1
|-boost|p1b: Milotic|accuracy|1
|
|upkeep
|turn|2
|inactive|yesertrerte has 30 seconds left.
|inactive|yesertrerte has 20 seconds left.
|inactive|yesertrerte has 15 seconds left.
|inactive|yesertrerte has 10 seconds left.
|
|t:|1784911336
|switch|p2b: Sylveon|Sylveon, L50, F, shiny|100/100
|move|p1a: Grimmsnarl|Parting Shot|p2a: Aerodactyl
|-unboost|p2a: Aerodactyl|atk|1
|-unboost|p2a: Aerodactyl|spa|1
|
|t:|1784911341
|switch|p1a: Chandelure|Chandelure, L50, M|100/100|[from] Parting Shot
|move|p2a: Aerodactyl|Rock Slide|p1a: Chandelure|[spread] p1a,p1b
|-supereffective|p1a: Chandelure|1
|-damage|p1a: Chandelure|78/100
|-damage|p1b: Milotic|93/100
|move|p1b: Milotic|Hypnosis|p2b: Sylveon
|-status|p2b: Sylveon|slp|[from] move: Hypnosis
|
|upkeep
|turn|3
|
|t:|1784911358
|detailschange|p1a: Chandelure|Chandelure-Mega, L50, M
|-mega|p1a: Chandelure|Chandelure|Chandelurite
|move|p2a: Aerodactyl|Rock Slide|p1b: Milotic|[spread] p1a,p1b
|-supereffective|p1a: Chandelure|1
|-damage|p1a: Chandelure|61/100
|-damage|p1b: Milotic|87/100
|cant|p2b: Sylveon|slp
|move|p1a: Chandelure|Calm Mind|p1a: Chandelure
|-boost|p1a: Chandelure|spa|1
|-boost|p1a: Chandelure|spd|1
|move|p1b: Milotic|Hypnosis|p2a: Aerodactyl
|-status|p2a: Aerodactyl|slp|[from] move: Hypnosis
|
|upkeep
|turn|4
|
|t:|1784911378
|cant|p2a: Aerodactyl|slp
|cant|p2b: Sylveon|slp
|move|p1a: Chandelure|Heat Wave|p2b: Sylveon|[spread] p2a,p2b
|-resisted|p2a: Aerodactyl|1
|-damage|p2a: Aerodactyl|54/100 slp
|-damage|p2b: Sylveon|55/100 slp
|move|p1b: Milotic|Muddy Water|p2b: Sylveon|[spread] p2a,p2b
|-supereffective|p2a: Aerodactyl|1
|-damage|p2a: Aerodactyl|0 fnt
|-damage|p2b: Sylveon|36/100 slp
|-unboost|p2b: Sylveon|accuracy|1
|faint|p2a: Aerodactyl
|
|-sideend|p2: yesertrerte|move: Tailwind
|upkeep
|
|t:|1784911387
|switch|p2a: Charizard|Charizard, L50, M, shiny|100/100
|turn|5
|
|t:|1784911397
|detailschange|p2a: Charizard|Charizard-Mega-Y, L50, M, shiny
|-mega|p2a: Charizard|Charizard|Charizardite Y
|-weather|SunnyDay|[from] ability: Drought|[of] p2a: Charizard
|move|p2a: Charizard|Solar Beam||[still]
|-prepare|p2a: Charizard|Solar Beam
|-anim|p2a: Charizard|Solar Beam|p1b: Milotic
|-supereffective|p1b: Milotic|1
|-damage|p1b: Milotic|12/100
|move|p1a: Chandelure|Shadow Ball|p2a: Charizard
|-damage|p2a: Charizard|32/100
|move|p1b: Milotic|Muddy Water|p2a: Charizard|[spread] p2a,p2b
|-supereffective|p2a: Charizard|1
|-damage|p2a: Charizard|11/100
|-damage|p2b: Sylveon|28/100 slp
|-unboost|p2b: Sylveon|accuracy|1
|-curestatus|p2b: Sylveon|slp|[msg]
|move|p2b: Sylveon|Hyper Beam|p1b: Milotic
|-damage|p1b: Milotic|0 fnt
|-mustrecharge|p2b: Sylveon
|faint|p1b: Milotic
|
|-weather|SunnyDay|[upkeep]
|upkeep
|
|t:|1784911419
|switch|p1b: Hydrapple|Hydrapple, L50, M|100/100
|-ability|p1b: Hydrapple|Supersweet Syrup
|-unboost|p2a: Charizard|evasion|1
|-unboost|p2b: Sylveon|evasion|1
|turn|6
|inactive|yesertrerte has 30 seconds left.
|
|t:|1784911450
|move|p2a: Charizard|Heat Wave|p1b: Hydrapple|[spread] p1a,p1b
|-resisted|p1a: Chandelure|1
|-damage|p1a: Chandelure|41/100
|-damage|p1b: Hydrapple|56/100
|move|p1a: Chandelure|Heat Wave|p2a: Charizard|[spread] p2a,p2b
|-resisted|p2a: Charizard|1
|-damage|p2a: Charizard|0 fnt
|-damage|p2b: Sylveon|0 fnt
|faint|p2a: Charizard
|faint|p2b: Sylveon
|move|p1b: Hydrapple|Pollen Puff|p1a: Chandelure
|-heal|p1a: Chandelure|91/100
|
|-weather|SunnyDay|[upkeep]
|-heal|p1b: Hydrapple|62/100|[from] item: Leftovers
|upkeep
|
|t:|1784911456
|switch|p2b: Kingambit|Kingambit, L50, M|100/100
|turn|7
|
|t:|1784911475
|move|p2b: Kingambit|Sucker Punch|p1a: Chandelure
|-supereffective|p1a: Chandelure|1
|-damage|p1a: Chandelure|50/100g
|move|p1a: Chandelure|Heat Wave|p2b: Kingambit|[miss]
|-miss|p1a: Chandelure|p2b: Kingambit
|move|p1b: Hydrapple|Yawn|p2b: Kingambit
|-start|p2b: Kingambit|move: Yawn|[of] p1b: Hydrapple
|
|-weather|SunnyDay|[upkeep]
|-heal|p1b: Hydrapple|68/100|[from] item: Leftovers
|upkeep
|turn|8
|
|t:|1784911492
|move|p1a: Chandelure|Protect|p1a: Chandelure
|-singleturn|p1a: Chandelure|Protect
|move|p2b: Kingambit|Sucker Punch||[still]
|-fail|p2b: Kingambit
|move|p1b: Hydrapple|Fickle Beam|p2b: Kingambit
|-resisted|p2b: Kingambit|1
|-damage|p2b: Kingambit|81/100
|
|-weather|SunnyDay|[upkeep]
|-heal|p1b: Hydrapple|75/100|[from] item: Leftovers
|-end|p2b: Kingambit|move: Yawn|[silent]
|-status|p2b: Kingambit|slp
|-sideend|p1: TemporalDonut|Reflect
|upkeep
|turn|9
|
|t:|1784911510
|cant|p2b: Kingambit|slp
|move|p1a: Chandelure|Heat Wave|p2b: Kingambit
|-supereffective|p2b: Kingambit|1
|-damage|p2b: Kingambit|0 fnt
|faint|p2b: Kingambit
|
|win|TemporalDonut
|raw|TemporalDonut's rating: 1116 → 1148(+32 for winning)
|raw|yesertrerte's rating: 1219 → 1187(-32 for losing)
|c|☆TemporalDonut|gg
|l|☆yesertrerte
|player|p2|
