|j|☆AndrewsWho
|j|☆Beru98
|html|AndrewsWhoBeru98    
|uhtml|bestof|Game 3 of a best-of-3
|t:|1754483478
|gametype|doubles
|player|p1|AndrewsWho|infielder|1327
|player|p2|Beru98|170|1291
|gen|9
|tier|[Gen 9] VGC 2025 Reg H (Bo3)
|rated|
|rule|Species Clause: Limit one of each Pokémon
|rule|Item Clause: Limit 1 of each item
|clearpoke
|poke|p1|Incineroar, L50, M|
|poke|p1|Amoonguss, L50, F|
|poke|p1|Gholdengo, L50|
|poke|p1|Pelipper, L50, M|
|poke|p1|Archaludon, L50, F|
|poke|p1|Basculegion, L50, M|
|poke|p2|Rillaboom, L50, F|
|poke|p2|Kingambit, L50, F|
|poke|p2|Dragapult, L50, M|
|poke|p2|Sneasler, L50, F|
|poke|p2|Primarina, L50, M|
|poke|p2|Electabuzz, L50, F|
|teampreview|4
|showteam|p1|Incineroar||SafetyGoggles|Intimidate|FakeOut,KnockOff,PartingShot,Taunt|||M|||50|,,,,,Ghost]Amoonguss||SitrusBerry|Regenerator|Spore,RagePowder,PollenPuff,Protect|||F|||50|,,,,,Fairy]Gholdengo||LifeOrb|GoodasGold|MakeItRain,ShadowBall,NastyPlot,Protect||||||50|,,,,,Water]Pelipper||FocusSash|Drizzle|WeatherBall,Hurricane,Tailwind,Protect|||M|||50|,,,,,Ground]Archaludon||AssaultVest|Stamina|DracoMeteor,ElectroShot,FlashCannon,BodyPress|||F|||50|,,,,,Grass]Basculegion||ChoiceBand|SwiftSwim|WaveCrash,AquaJet,FlipTurn,LastRespects|||M|||50|,,,,,Grass
|showteam|p2|Rillaboom||AssaultVest|GrassySurge|FakeOut,GrassyGlide,WoodHammer,Uturn|||F|||50|,,,,,Fire]Kingambit||SafetyGoggles|Defiant|KowtowCleave,SuckerPunch,SwordsDance,Protect|||F|||50|,,,,,Dark]Dragapult||ChoiceBand|ClearBody|DragonDarts,Outrage,Uturn,PhantomForce|||M|||50|,,,,,Dragon]Sneasler||FocusSash|PoisonTouch|DireClaw,CloseCombat,FakeOut,Protect|||F|||50|,,,,,Stellar]Primarina||ThroatSpray|LiquidVoice|HyperVoice,Moonblast,Haze,Protect|||M|||50|,,,,,Poison]Electabuzz||Eviolite|VitalSpirit|FollowMe,Taunt,Electroweb,Protect|||F|||50|,,,,,Dragon
|
|t:|1754483501
|teamsize|p1|4
|teamsize|p2|4
|start
|switch|p1a: Pelipper|Pelipper, L50, M|100/100
|switch|p1b: Basculegion|Basculegion, L50, M|100/100
|switch|p2a: Kingambit|Kingambit, L50, F|100/100
|switch|p2b: Sneasler|Sneasler, L50, F|100/100
|-weather|RainDance|[from] ability: Drizzle|[of] p1a: Pelipper
|turn|1
|
|t:|1754483529
|-terastallize|p1b: Basculegion|Grass
|move|p1a: Pelipper|Protect|p1a: Pelipper
|-singleturn|p1a: Pelipper|Protect
|move|p1b: Basculegion|Flip Turn|p2b: Sneasler
|-enditem|p2b: Sneasler|Focus Sash
|-damage|p2b: Sneasler|1/100
|
|t:|1754483536
|switch|p1b: Archaludon|Archaludon, L50, F|100/100|[from] Flip Turn
|move|p2b: Sneasler|Dire Claw|p1a: Pelipper
|-activate|p1a: Pelipper|move: Protect
|move|p2a: Kingambit|Swords Dance|p2a: Kingambit
|-boost|p2a: Kingambit|atk|2
|
|-weather|RainDance|[upkeep]
|upkeep
|turn|2
|
|t:|1754483554
|-terastallize|p2a: Kingambit|Dark
|move|p2a: Kingambit|Sucker Punch|p1b: Archaludon
|-damage|p1b: Archaludon|22/100
|-ability|p1b: Archaludon|Stamina|boost
|-boost|p1b: Archaludon|def|1
|move|p2b: Sneasler|Dire Claw|p1a: Pelipper
|-damage|p1a: Pelipper|41/100
|-status|p1a: Pelipper|psn|[from] ability: Poison Touch|[of] p2b: Sneasler
|move|p1b: Archaludon|Electro Shot||[still]
|-prepare|p1b: Archaludon|Electro Shot
|-boost|p1b: Archaludon|spa|1
|-anim|p1b: Archaludon|Electro Shot|p2a: Kingambit
|-damage|p2a: Kingambit|41/100
|move|p1a: Pelipper|Tailwind|p1a: Pelipper
|-sidestart|p1: AndrewsWho|move: Tailwind
|
|-weather|RainDance|[upkeep]
|-damage|p1a: Pelipper|29/100 psn|[from] psn
|upkeep
|turn|3
|
|t:|1754483581
|switch|p2b: Electabuzz|Electabuzz, L50, F|100/100
|move|p1a: Pelipper|Protect|p1a: Pelipper
|-singleturn|p1a: Pelipper|Protect
|move|p2a: Kingambit|Protect|p2a: Kingambit
|-singleturn|p2a: Kingambit|Protect
|move|p1b: Archaludon|Electro Shot||[still]
|-prepare|p1b: Archaludon|Electro Shot
|-boost|p1b: Archaludon|spa|1
|-anim|p1b: Archaludon|Electro Shot|p2a: Kingambit
|-activate|p2a: Kingambit|move: Protect
|
|-weather|RainDance|[upkeep]
|-damage|p1a: Pelipper|17/100 psn|[from] psn
|upkeep
|turn|4
|
|t:|1754483595
|move|p2b: Electabuzz|Follow Me|p2b: Electabuzz
|-singleturn|p2b: Electabuzz|move: Follow Me
|move|p2a: Kingambit|Sucker Punch|p1b: Archaludon
|-damage|p1b: Archaludon|0 fnt
|faint|p1b: Archaludon
|move|p1a: Pelipper|Weather Ball|p2b: Electabuzz
|-damage|p2b: Electabuzz|53/100
|
|-weather|RainDance|[upkeep]
|-damage|p1a: Pelipper|5/100 psn|[from] psn
|upkeep
|
|t:|1754483604
|switch|p1b: Basculegion|Basculegion, L50, M, tera:Grass|100/100
|turn|5
|
|t:|1754483614
|switch|p1a: Incineroar|Incineroar, L50, M|100/100
|-ability|p1a: Incineroar|Intimidate|boost
|-unboost|p2a: Kingambit|atk|1
|-ability|p2a: Kingambit|Defiant|boost
|-boost|p2a: Kingambit|atk|2
|-unboost|p2b: Electabuzz|atk|1
|move|p2b: Electabuzz|Protect|p2b: Electabuzz
|-singleturn|p2b: Electabuzz|Protect
|move|p2a: Kingambit|Protect|p2a: Kingambit
|-singleturn|p2a: Kingambit|Protect
|move|p1b: Basculegion|Aqua Jet|p2a: Kingambit
|-activate|p2a: Kingambit|move: Protect
|
|-weather|none
|-sideend|p1: AndrewsWho|move: Tailwind
|upkeep
|turn|6
|
|t:|1754483636
|move|p1a: Incineroar|Fake Out|p2a: Kingambit
|-damage|p2a: Kingambit|33/100
|move|p2b: Electabuzz|Follow Me|p2b: Electabuzz
|-singleturn|p2b: Electabuzz|move: Follow Me
|move|p1b: Basculegion|Aqua Jet|p2b: Electabuzz
|-damage|p2b: Electabuzz|30/100
|cant|p2a: Kingambit|flinch
|
|upkeep
|turn|7
|
|t:|1754483648
|move|p2b: Electabuzz|Follow Me|p2b: Electabuzz
|-singleturn|p2b: Electabuzz|move: Follow Me
|move|p1b: Basculegion|Aqua Jet|p2b: Electabuzz
|-damage|p2b: Electabuzz|5/100
|move|p1a: Incineroar|Knock Off|p2b: Electabuzz
|-damage|p2b: Electabuzz|0 fnt
|-enditem|p2b: Electabuzz|Eviolite|[from] move: Knock Off|[of] p1a: Incineroar
|faint|p2b: Electabuzz
|move|p2a: Kingambit|Kowtow Cleave|p1b: Basculegion
|-damage|p1b: Basculegion|0 fnt
|faint|p1b: Basculegion
|
|upkeep
|
|t:|1754483659
|switch|p1b: Pelipper|Pelipper, L50, M|5/100 psn
|switch|p2b: Sneasler|Sneasler, L50, F|1/100
|-weather|RainDance|[from] ability: Drizzle|[of] p1b: Pelipper
|turn|8
|
|t:|1754483669
|move|p2b: Sneasler|Fake Out|p1b: Pelipper
|-damage|p1b: Pelipper|0 fnt
|faint|p1b: Pelipper
|move|p1a: Incineroar|Knock Off|p2b: Sneasler
|-resisted|p2b: Sneasler
|-damage|p2b: Sneasler|0 fnt
|faint|p2b: Sneasler
|move|p2a: Kingambit|Kowtow Cleave|p1a: Incineroar
|-resisted|p1a: Incineroar
|-damage|p1a: Incineroar|42/100
|
|-weather|RainDance|[upkeep]
|upkeep
|
|t:|1754483677
|switch|p2b: Primarina|Primarina, L50, M|100/100
|turn|9
|
|t:|1754483682
|move|p2a: Kingambit|Sucker Punch|p1a: Incineroar
|-resisted|p1a: Incineroar
|-damage|p1a: Incineroar|0 fnt
|faint|p1a: Incineroar
|
|win|Beru98
|raw|AndrewsWho's rating: 1327 → 1305(-22 for losing)
|raw|Beru98's rating: 1291 → 1319(+28 for winning)
