|j|☆BeatrizPinzon64
|j|☆Fubuu
|html|BeatrizPinzon64Fubuu    
|uhtml|bestof|Game 2 of a best-of-3
|t:|1782433708
|gametype|doubles
|player|p1|BeatrizPinzon64|clerkf|1138
|player|p2|Fubuu|265|1099
|gen|9
|tier|[Gen 9 Champions] VGC 2026 Reg M-B (Bo3)
|rated|
|rule|Species Clause: Limit one of each Pokémon
|rule|Item Clause: Limit 1 of each item
|clearpoke
|poke|p1|Metagross, L50|
|poke|p1|Floette-Eternal, L50, F|
|poke|p1|Whimsicott, L50, F|
|poke|p1|Garchomp, L50, F|
|poke|p1|Kingambit, L50, M|
|poke|p1|Sneasler, L50, F|
|poke|p2|Eelektross, L50, F|
|poke|p2|Sableye, L50, F|
|poke|p2|Pelipper, L50, M|
|poke|p2|Mamoswine, L50, M|
|poke|p2|Kingambit, L50, F|
|poke|p2|Araquanid, L50, M|
|teampreview|4
|showteam|p1|Metagross||Metagrossite|ClearBody|IcePunch,IronHead,PsychicFangs,Protect|Jolly|||||50|]Floette-Eternal||Floettite|FlowerVeil|LightofRuin,Moonblast,DazzlingGleam,Protect|Timid||F|||50|]Whimsicott||FocusSash|Prankster|Moonblast,Tailwind,EnergyBall,Encore|Timid||F|||50|]Garchomp||LifeOrb|RoughSkin|DragonClaw,RockTomb,StompingTantrum,Protect|Jolly||F|||50|]Kingambit||ChopleBerry|Defiant|SuckerPunch,KowtowCleave,IronHead,Protect|Adamant||M|||50|]Sneasler||WhiteHerb|Unburden|CloseCombat,DireClaw,FakeOut,Protect|Jolly||F|||50|
|showteam|p2|Eelektross||Eelektrossite|Levitate|CloseCombat,GigaDrain,Thunder,Protect|Modest||F|||50|]Sableye||MentalHerb|Prankster|RainDance,Encore,DazzlingGleam,Quash|Calm||F|||50|]Pelipper||ExpertBelt|Drizzle|Hurricane,WeatherBall,Protect,Tailwind|Modest||M|||50|]Mamoswine||FocusSash|Oblivious|IcicleSpear,HighHorsepower,Earthquake,Protect|Adamant||M|||50|]Kingambit||ChopleBerry|Defiant|LowKick,IronHead,KowtowCleave,Protect|Adamant||F|||50|]Araquanid||MysticWater|WaterBubble|Liquidation,LeechLife,StickyWeb,Protect|Adamant||M|||50|
|inactive|Battle timer is ON: inactive players will automatically lose when time's up. (requested by Fubuu)
|
|t:|1782433730
|teamsize|p1|4
|teamsize|p2|4
|start
|switch|p1a: Floette|Floette-Eternal, L50, F|100/100
|switch|p1b: Sneasler|Sneasler, L50, F|100/100
|switch|p2a: Pelipper|Pelipper, L50, M|100/100
|switch|p2b: Araquanid|Araquanid, L50, M|100/100
|-weather|RainDance|[from] ability: Drizzle|[of] p2a: Pelipper
|turn|1
|
|t:|1782433755
|detailschange|p1a: Floette|Floette-Mega, L50, F
|-mega|p1a: Floette|Floette|Floettite
|-ability|p1a: Floette|Fairy Aura
|move|p2a: Pelipper|Protect|p2a: Pelipper
|-singleturn|p2a: Pelipper|Protect
|move|p2b: Araquanid|Protect|p2b: Araquanid
|-singleturn|p2b: Araquanid|Protect
|move|p1b: Sneasler|Fake Out|p2b: Araquanid
|-activate|p2b: Araquanid|move: Protect
|move|p1a: Floette|Light of Ruin|p2a: Pelipper
|-activate|p2a: Pelipper|move: Protect
|
|-weather|RainDance|[upkeep]
|upkeep
|turn|2
|
|t:|1782433773
|move|p1b: Sneasler|Dire Claw|p2b: Araquanid
|-damage|p2b: Araquanid|56/100
|-status|p2b: Araquanid|psn
|move|p1a: Floette|Light of Ruin|p2a: Pelipper
|-damage|p2a: Pelipper|0 fnt
|faint|p2a: Pelipper
|-damage|p1a: Floette|53/100|[from] Recoil
|move|p2b: Araquanid|Liquidation|p1a: Floette
|-damage|p1a: Floette|0 fnt
|faint|p1a: Floette
|
|-weather|RainDance|[upkeep]
|-damage|p2b: Araquanid|44/100 psn|[from] psn
|upkeep
|
|t:|1782433789
|switch|p1a: Kingambit|Kingambit, L50, M|100/100
|switch|p2a: Mamoswine|Mamoswine, L50, M|100/100
|turn|3
|
|t:|1782433794
|move|p1b: Sneasler|Protect|p1b: Sneasler
|-singleturn|p1b: Sneasler|Protect
|move|p2a: Mamoswine|Protect|p2a: Mamoswine
|-singleturn|p2a: Mamoswine|Protect
|move|p1a: Kingambit|Protect|p1a: Kingambit
|-singleturn|p1a: Kingambit|Protect
|move|p2b: Araquanid|Liquidation|p1b: Sneasler
|-activate|p1b: Sneasler|move: Protect
|
|-weather|RainDance|[upkeep]
|-damage|p2b: Araquanid|32/100 psn|[from] psn
|upkeep
|turn|4
|
|t:|1782433814
|move|p1a: Kingambit|Sucker Punch|p2a: Mamoswine
|-damage|p2a: Mamoswine|52/100
|move|p1b: Sneasler|Close Combat|p2a: Mamoswine
|-supereffective|p2a: Mamoswine|1
|-damage|p2a: Mamoswine|0 fnt
|-unboost|p1b: Sneasler|def|1
|-unboost|p1b: Sneasler|spd|1
|faint|p2a: Mamoswine
|-enditem|p1b: Sneasler|White Herb
|-clearnegativeboost|p1b: Sneasler|[silent]
|move|p2b: Araquanid|Liquidation|p1b: Sneasler
|-damage|p1b: Sneasler|0 fnt
|faint|p1b: Sneasler
|
|-weather|RainDance|[upkeep]
|-damage|p2b: Araquanid|20/100y psn|[from] psn
|upkeep
|
|t:|1782433828
|switch|p1b: Garchomp|Garchomp, L50, F|100/100
|switch|p2a: Eelektross|Eelektross, L50, F|100/100
|turn|5
|
|t:|1782433841
|detailschange|p2a: Eelektross|Eelektross-Mega, L50, F
|-mega|p2a: Eelektross|Eelektross|Eelektrossite
|move|p1b: Garchomp|Protect|p1b: Garchomp
|-singleturn|p1b: Garchomp|Protect
|move|p2b: Araquanid|Protect|p2b: Araquanid
|-singleturn|p2b: Araquanid|Protect
|move|p1a: Kingambit|Protect|p1a: Kingambit
|-singleturn|p1a: Kingambit|Protect
|move|p2a: Eelektross|Thunder|p1a: Kingambit
|-activate|p1a: Kingambit|move: Protect
|
|-weather|none
|-damage|p2b: Araquanid|8/100 psn|[from] psn
|upkeep
|turn|6
|inactive|BeatrizPinzon64 has 30 seconds left.
|inactive|Fubuu has 30 seconds left.
|
|t:|1782433874
|move|p2a: Eelektross|Protect|p2a: Eelektross
|-singleturn|p2a: Eelektross|Protect
|move|p1a: Kingambit|Sucker Punch||[still]
|-fail|p1a: Kingambit
|move|p1b: Garchomp|Dragon Claw|p2b: Araquanid
|-damage|p2b: Araquanid|0 fnt
|faint|p2b: Araquanid
|-damage|p1b: Garchomp|90/100|[from] item: Life Orb
|
|upkeep
|turn|7
|
|t:|1782433888
|move|p1b: Garchomp|Dragon Claw|p2a: Eelektross
|-damage|p2a: Eelektross|53/100
|-damage|p1b: Garchomp|80/100|[from] item: Life Orb
|move|p2a: Eelektross|Close Combat|p1a: Kingambit
|-supereffective|p1a: Kingambit|2
|-enditem|p1a: Kingambit|Chople Berry|[eat]
|-enditem|p1a: Kingambit|Chople Berry|[weaken]
|-damage|p1a: Kingambit|53/100
|-unboost|p2a: Eelektross|def|1
|-unboost|p2a: Eelektross|spd|1
|move|p1a: Kingambit|Kowtow Cleave|p2a: Eelektross
|-damage|p2a: Eelektross|0 fnt
|faint|p2a: Eelektross
|
|win|BeatrizPinzon64
|raw|BeatrizPinzon64's rating: 1138 → 1160(+22 for winning)
|raw|Fubuu's rating: 1099 → 1077(-22 for losing)
|l|☆Fubuu
|player|p2|
