|j|☆cbutty
|j|☆OreburghRanger
|html|cbuttyOreburghRanger    
|uhtml|bestof|Game 2 of a best-of-3
|t:|1756575209
|gametype|doubles
|player|p1|cbutty|acetrainer-gen4dp|
|player|p2|OreburghRanger|pokemonranger-gen4|
|gen|9
|tier|[Gen 9] VGC 2025 Reg H (Bo3)
|rule|Species Clause: Limit one of each Pokémon
|rule|Item Clause: Limit 1 of each item
|clearpoke
|poke|p1|Dragonite, L50, M|
|poke|p1|Amoonguss, L50, F|
|poke|p1|Incineroar, L50, M|
|poke|p1|Ursaluna, L50, F|
|poke|p1|Farigiraf, L50, F|
|poke|p1|Gholdengo, L50|
|poke|p2|Charizard, L50, M|
|poke|p2|Torkoal, L50, F|
|poke|p2|Porygon2, L50|
|poke|p2|Incineroar, L50, M|
|poke|p2|Jumpluff, L50, F|
|poke|p2|Ursaluna, L50, M|
|teampreview|4
|showteam|p1|Dragonite||LoadedDice|Multiscale|ScaleShot,Tailwind,Haze,Protect|||M|||50|,,,,,Fairy]Amoonguss||SitrusBerry|Regenerator|Spore,RagePowder,PollenPuff,Protect|||F|||50|,,,,,Water]Incineroar||SafetyGoggles|Intimidate|FlareBlitz,KnockOff,FakeOut,PartingShot|||M|||50|,,,,,Ghost]Ursaluna||FlameOrb|Guts|Earthquake,HeadlongRush,Facade,Protect|||F|||50|,,,,,Normal]Farigiraf||ThroatSpray|ArmorTail|HyperVoice,TwinBeam,TrickRoom,Protect|||F|||50|,,,,,Fire]Gholdengo||LifeOrb|GoodasGold|MakeItRain,ShadowBall,NastyPlot,Protect||||||50|,,,,,Water
|showteam|p2|Charizard||ChoiceSpecs|SolarPower|HeatWave,Overheat,WeatherBall,AirSlash|||M|||50|,,,,,Ghost]Torkoal||EjectPack|Drought|Eruption,Overheat,HelpingHand,Protect|||F|||50|,,,,,Fire]Porygon2||Eviolite|Download|TeraBlast,IceBeam,Recover,TrickRoom||||||50|,,,,,Fighting]Incineroar||SafetyGoggles|Intimidate|FlareBlitz,KnockOff,FakeOut,PartingShot|||M|||50|,,,,,Ghost]Jumpluff||CovertCloak|Chlorophyll|SleepPowder,SunnyDay,RagePowder,Tailwind|||F|||50|,,,,,Water]Ursaluna||FlameOrb|Guts|HeadlongRush,Facade,Earthquake,Protect|||M|||50|,,,,,Ghost
|
|t:|1756575250
|teamsize|p1|4
|teamsize|p2|4
|start
|switch|p1a: Jbungo|Dragonite, L50, M, shiny|100/100
|switch|p1b: Means apple|Gholdengo, L50, shiny|100/100
|switch|p2a: Musashi|Incineroar, L50, M|100/100
|switch|p2b: Ayanami|Porygon2, L50, shiny|100/100
|-ability|p2a: Musashi|Intimidate|boost
|-unboost|p1a: Jbungo|atk|1
|-unboost|p1b: Means apple|atk|1
|-ability|p2b: Ayanami|Download|boost
|-boost|p2b: Ayanami|atk|1
|turn|1
|
|t:|1756575282
|move|p2a: Musashi|Fake Out|p1a: Jbungo
|-damage|p1a: Jbungo|94/100
|cant|p1a: Jbungo|flinch
|move|p1b: Means apple|Make It Rain|p2b: Ayanami|[spread] p2a,p2b
|-resisted|p2a: Musashi
|-damage|p2a: Musashi|70/100
|-damage|p2b: Ayanami|61/100
|-unboost|p1b: Means apple|spa|1
|-damage|p1b: Means apple|91/100|[from] item: Life Orb
|move|p2b: Ayanami|Trick Room|p2b: Ayanami
|-fieldstart|move: Trick Room|[of] p2b: Ayanami
|
|upkeep
|turn|2
|
|t:|1756575319
|-terastallize|p1b: Means apple|Water
|move|p2b: Ayanami|Recover|p2b: Ayanami
|-heal|p2b: Ayanami|100/100
|move|p1b: Means apple|Make It Rain|p2a: Musashi|[spread] p2a,p2b
|-resisted|p2a: Musashi
|-damage|p2a: Musashi|51/100
|-damage|p2b: Ayanami|76/100
|-unboost|p1b: Means apple|spa|1
|-damage|p1b: Means apple|81/100|[from] item: Life Orb
|move|p2a: Musashi|Parting Shot|p1a: Jbungo
|-unboost|p1a: Jbungo|atk|1
|-unboost|p1a: Jbungo|spa|1
|
|t:|1756575331
|switch|p2a: Koshamain|Ursaluna, L50, M|100/100|[from] Parting Shot
|move|p1a: Jbungo|Scale Shot|p2a: Koshamain
|-damage|p2a: Koshamain|95/100
|-damage|p2a: Koshamain|89/100
|-damage|p2a: Koshamain|83/100
|-damage|p2a: Koshamain|78/100
|-damage|p2a: Koshamain|72/100
|-hitcount|p2a: Koshamain|5
|-unboost|p1a: Jbungo|def|1
|-boost|p1a: Jbungo|spe|1
|
|-status|p2a: Koshamain|brn|[from] item: Flame Orb
|upkeep
|turn|3
|
|t:|1756575360
|switch|p2b: Musashi|Incineroar, L50, M|51/100
|-ability|p2b: Musashi|Intimidate|boost
|-unboost|p1a: Jbungo|atk|1
|-unboost|p1b: Means apple|atk|1
|switch|p1a: The Incident|Incineroar, L50, M, shiny|100/100
|-ability|p1a: The Incident|Intimidate|boost
|-unboost|p2a: Koshamain|atk|1
|-unboost|p2b: Musashi|atk|1
|move|p1b: Means apple|Protect|p1b: Means apple
|-singleturn|p1b: Means apple|Protect
|move|p2a: Koshamain|Facade|p1a: The Incident
|-damage|p1a: The Incident|20/100
|
|-damage|p2a: Koshamain|66/100 brn|[from] brn
|upkeep
|turn|4
|
|t:|1756575396
|move|p2b: Musashi|Fake Out|p1b: Means apple
|-damage|p1b: Means apple|73/100
|move|p1a: The Incident|Knock Off|p2a: Koshamain
|-damage|p2a: Koshamain|33/100 brn
|-enditem|p2a: Koshamain|Flame Orb|[from] move: Knock Off|[of] p1a: The Incident
|move|p2a: Koshamain|Facade|p1b: Means apple
|-damage|p1b: Means apple|0 fnt
|faint|p1b: Means apple
|
|-damage|p2a: Koshamain|27/100 brn|[from] brn
|upkeep
|
|t:|1756575410
|switch|p1b: Jbungo|Dragonite, L50, M, shiny|94/100
|turn|5
|
|t:|1756575422
|switch|p2b: Ayanami|Porygon2, L50, shiny|76/100
|-ability|p2b: Ayanami|Download|boost
|-boost|p2b: Ayanami|atk|1
|move|p1b: Jbungo|Protect|p1b: Jbungo
|-singleturn|p1b: Jbungo|Protect
|move|p1a: The Incident|Parting Shot|p2a: Koshamain
|-unboost|p2a: Koshamain|atk|1
|-unboost|p2a: Koshamain|spa|1
|
|t:|1756575425
|switch|p1a: No Idea|Ursaluna, L50, F, shiny|100/100|[from] Parting Shot
|move|p2a: Koshamain|Headlong Rush|p1a: No Idea
|-damage|p1a: No Idea|57/100
|-unboost|p2a: Koshamain|def|1
|-unboost|p2a: Koshamain|spd|1
|
|-damage|p2a: Koshamain|22/100 brn|[from] brn
|-fieldend|move: Trick Room
|-status|p1a: No Idea|brn|[from] item: Flame Orb
|upkeep
|turn|6
|
|t:|1756575463
|switch|p2a: Musashi|Incineroar, L50, M|51/100
|-ability|p2a: Musashi|Intimidate|boost
|-unboost|p1a: No Idea|atk|1
|-unboost|p1b: Jbungo|atk|1
|move|p1b: Jbungo|Scale Shot|p2b: Ayanami
|-damage|p2b: Ayanami|69/100
|-damage|p2b: Ayanami|63/100
|-damage|p2b: Ayanami|56/100
|-damage|p2b: Ayanami|50/100
|-hitcount|p2b: Ayanami|4
|-unboost|p1b: Jbungo|def|1
|-boost|p1b: Jbungo|spe|1
|move|p1a: No Idea|Facade|p2b: Ayanami
|-damage|p2b: Ayanami|0 fnt
|faint|p2b: Ayanami
|
|-damage|p1a: No Idea|51/100 brn|[from] brn
|upkeep
|
|t:|1756575474
|switch|p2b: Koshamain|Ursaluna, L50, M|22/100 brn
|turn|7
|j| AlbertX13
|
|t:|1756575492
|switch|p2a: Ryo the Stern|Torkoal, L50, F|100/100
|-weather|SunnyDay|[from] ability: Drought|[of] p2a: Ryo the Stern
|move|p1b: Jbungo|Protect|p1b: Jbungo
|-singleturn|p1b: Jbungo|Protect
|move|p1a: No Idea|Protect|p1a: No Idea
|-singleturn|p1a: No Idea|Protect
|move|p2b: Koshamain|Facade|p1a: No Idea
|-activate|p1a: No Idea|move: Protect
|
|-weather|SunnyDay|[upkeep]
|-damage|p1a: No Idea|45/100 brn|[from] brn
|-damage|p2b: Koshamain|16/100 brn|[from] brn
|upkeep
|turn|8
|
|t:|1756575508
|switch|p2b: Musashi|Incineroar, L50, M|51/100
|-ability|p2b: Musashi|Intimidate|boost
|-unboost|p1a: No Idea|atk|1
|-unboost|p1b: Jbungo|atk|1
|move|p2a: Ryo the Stern|Protect|p2a: Ryo the Stern
|-singleturn|p2a: Ryo the Stern|Protect
|move|p1b: Jbungo|Haze|p1b: Jbungo
|-clearallboost
|move|p1a: No Idea|Earthquake|p2b: Musashi|[spread] p2b
|-activate|p2a: Ryo the Stern|move: Protect
|-immune|p1b: Jbungo
|-supereffective|p2b: Musashi
|-damage|p2b: Musashi|0 fnt
|faint|p2b: Musashi
|
|-weather|SunnyDay|[upkeep]
|-damage|p1a: No Idea|39/100 brn|[from] brn
|upkeep
|
|t:|1756575518
|switch|p2b: Koshamain|Ursaluna, L50, M|16/100 brn
|turn|9
|
|t:|1756575526
|move|p1b: Jbungo|Tailwind|p1b: Jbungo
|-sidestart|p1: cbutty|move: Tailwind
|move|p1a: No Idea|Earthquake|p2b: Koshamain|[spread] p2a,p2b
|-immune|p1b: Jbungo
|-supereffective|p2a: Ryo the Stern
|-damage|p2a: Ryo the Stern|0 fnt
|-damage|p2b: Koshamain|0 fnt
|faint|p2a: Ryo the Stern
|faint|p2b: Koshamain
|
|win|cbutty
|c|☆cbutty|Ggwp
|c|☆OreburghRanger|gg
