|j|☆long572010
|j|☆Roy_Hogator
|html|long572010Roy_Hogator    
|uhtml|bestof|Game 1 of a best-of-3
|t:|1783779421
|gametype|doubles
|player|p1|long572010|169|
|player|p2|Roy_Hogator|gambler|
|gen|9
|tier|[Gen 9 Champions] VGC 2026 Reg M-B (Bo3)
|rule|Species Clause: Limit one of each Pokémon
|rule|Item Clause: Limit 1 of each item
|clearpoke
|poke|p1|Charizard, L50, F|
|poke|p1|Aerodactyl, L50, M|
|poke|p1|Mudsdale, L50, M|
|poke|p1|Sylveon, L50, F|
|poke|p1|Kingambit, L50, M|
|poke|p1|Farigiraf, L50, M|
|poke|p2|Gengar, L50, M, shiny|
|poke|p2|Ninetales-Alola, L50, M, shiny|
|poke|p2|Kingambit, L50, M|
|poke|p2|Dragonite, L50, F|
|poke|p2|Sneasler, L50, F|
|poke|p2|Incineroar, L50, F, shiny|
|teampreview|4
|showteam|p1|Charizard||CharizarditeY|Blaze|WeatherBall,HeatWave,SolarBeam,Protect|Modest||F|||50|]Aerodactyl||Aerodactylite|Unnerve|RockSlide,DualWingbeat,Protect,Tailwind|Jolly||M|||50|]Mudsdale||SitrusBerry|Stamina|HighHorsepower,RockSlide,HeavySlam,Protect|Adamant||M|||50|]Sylveon||FairyFeather|Pixilate|HyperVoice,Moonblast,HyperBeam,Detect|Modest||F|||50|]Kingambit||ChopleBerry|Defiant|KowtowCleave,SuckerPunch,LowKick,Protect|Adamant||M|||50|]Farigiraf||ColburBerry|ArmorTail|TrickRoom,HelpingHand,Protect,Psychic|Sassy||M|||50|
|showteam|p2|Gengar||Gengarite|CursedBody|PerishSong,Disable,ShadowBall,Protect|Bold||M|||50|]Ninetales-Alola||BabiriBerry|SnowWarning|FreezeDry,Blizzard,Encore,Protect|Timid||M|||50|]Kingambit||ChopleBerry|Defiant|SuckerPunch,KowtowCleave,IronHead,Protect|Adamant||M|||50|]Dragonite||DragonFang|Multiscale|LowKick,ExtremeSpeed,DragonClaw,Protect|Adamant||F|||50|]Sneasler||WhiteHerb|Unburden|FakeOut,GunkShot,CloseCombat,Protect|Jolly||F|||50|]Incineroar||SitrusBerry|Intimidate|FlareBlitz,FakeOut,PartingShot,Protect|Impish||F|||50|
|
|t:|1783779476
|teamsize|p1|4
|teamsize|p2|4
|start
|switch|p1a: Farigiraf|Farigiraf, L50, M|100/100
|switch|p1b: Kingambit|Kingambit, L50, M|100/100
|switch|p2a: Gengar|Gengar, L50, M, shiny|100/100
|switch|p2b: Ninetales|Ninetales-Alola, L50, M, shiny|100/100
|-weather|Snowscape|[from] ability: Snow Warning|[of] p2b: Ninetales
|turn|1
|inactive|Battle timer is ON: inactive players will automatically lose when time's up. (requested by long572010)
|
|t:|1783779497
|switch|p2a: Dragonite|Dragonite, L50, F|100/100
|move|p2b: Ninetales|Blizzard|p1b: Kingambit|[spread] p1a,p1b
|-resisted|p1b: Kingambit|1
|-damage|p1a: Farigiraf|76/100
|-damage|p1b: Kingambit|87/100
|-status|p1b: Kingambit|frz
|cant|p1b: Kingambit|frz
|move|p1a: Farigiraf|Trick Room|p1a: Farigiraf
|-fieldstart|move: Trick Room|[of] p1a: Farigiraf
|
|-weather|Snowscape|[upkeep]
|upkeep
|turn|2
|
|t:|1783779512
|switch|p2b: Sneasler|Sneasler, L50, F|100/100
|move|p1a: Farigiraf|Psychic|p2a: Dragonite
|-damage|p2a: Dragonite|81/100
|-curestatus|p1b: Kingambit|frz|[msg]
|move|p1b: Kingambit|Kowtow Cleave|p2a: Dragonite
|-damage|p2a: Dragonite|26/100
|move|p2a: Dragonite|Dragon Claw|p1a: Farigiraf
|-crit|p1a: Farigiraf
|-damage|p1a: Farigiraf|7/100
|
|-weather|Snowscape|[upkeep]
|upkeep
|turn|3
|inactive|Roy_Hogator has 30 seconds left.
|
|t:|1783779539
|switch|p2a: Ninetales|Ninetales-Alola, L50, M, shiny|100/100
|move|p2b: Sneasler|Protect|p2b: Sneasler
|-singleturn|p2b: Sneasler|Protect
|move|p1a: Farigiraf|Psychic|p2b: Sneasler
|-activate|p2b: Sneasler|move: Protect
|move|p1b: Kingambit|Kowtow Cleave|p2a: Ninetales
|-resisted|p2a: Ninetales|1
|-damage|p2a: Ninetales|81/100
|
|-weather|Snowscape|[upkeep]
|upkeep
|turn|4
|
|t:|1783779558
|switch|p2b: Dragonite|Dragonite, L50, F|26/100
|move|p1a: Farigiraf|Psychic|p2b: Dragonite
|-damage|p2b: Dragonite|0 fnt
|faint|p2b: Dragonite
|move|p1b: Kingambit|Kowtow Cleave|p2a: Ninetales
|-resisted|p2a: Ninetales|1
|-damage|p2a: Ninetales|62/100
|move|p2a: Ninetales|Blizzard|p1b: Kingambit|[spread] p1a,p1b
|-resisted|p1b: Kingambit|1
|-damage|p1a: Farigiraf|0 fnt
|-damage|p1b: Kingambit|74/100
|-status|p1b: Kingambit|frz
|faint|p1a: Farigiraf
|
|-weather|Snowscape|[upkeep]
|upkeep
|
|t:|1783779573
|switch|p1a: Charizard|Charizard, L50, F|100/100
|switch|p2b: Sneasler|Sneasler, L50, F|100/100
|turn|5
|
|t:|1783779579
|switch|p2a: Gengar|Gengar, L50, M, shiny|100/100
|detailschange|p1a: Charizard|Charizard-Mega-Y, L50, F
|-mega|p1a: Charizard|Charizard|Charizardite Y
|-weather|SunnyDay|[from] ability: Drought|[of] p1a: Charizard
|move|p2b: Sneasler|Fake Out|p1a: Charizard
|-damage|p1a: Charizard|86/100
|cant|p1b: Kingambit|frz
|cant|p1a: Charizard|flinch
|
|-weather|SunnyDay|[upkeep]
|-fieldend|move: Trick Room
|upkeep
|turn|6
|
|t:|1783779599
|detailschange|p2a: Gengar|Gengar-Mega, L50, M, shiny
|-mega|p2a: Gengar|Gengar|Gengarite
|cant|p1b: Kingambit|frz
|move|p2b: Sneasler|Close Combat|p1b: Kingambit
|-supereffective|p1b: Kingambit|2
|-enditem|p1b: Kingambit|Chople Berry|[eat]
|-enditem|p1b: Kingambit|Chople Berry|[weaken]
|-damage|p1b: Kingambit|0 fnt
|-unboost|p2b: Sneasler|def|1
|-unboost|p2b: Sneasler|spd|1
|faint|p1b: Kingambit
|-enditem|p2b: Sneasler|White Herb
|-clearnegativeboost|p2b: Sneasler|[silent]
|move|p2a: Gengar|Shadow Ball|p1a: Charizard
|-damage|p1a: Charizard|42/100
|move|p1a: Charizard|Heat Wave|p2b: Sneasler|[spread] p2b
|-miss|p1a: Charizard|p2a: Gengar
|-damage|p2b: Sneasler|20/100y
|
|-weather|SunnyDay|[upkeep]
|upkeep
|
|t:|1783779613
|switch|p1b: Mudsdale|Mudsdale, L50, M|100/100
|turn|7
|inactive|Roy_Hogator has 30 seconds left.
|
|t:|1783779647
|switch|p2b: Ninetales|Ninetales-Alola, L50, M, shiny|62/100
|-weather|Snowscape|[from] ability: Snow Warning|[of] p2b: Ninetales
|move|p1a: Charizard|Protect|p1a: Charizard
|-singleturn|p1a: Charizard|Protect
|move|p2a: Gengar|Disable|p1a: Charizard
|-activate|p1a: Charizard|move: Protect
|move|p1b: Mudsdale|High Horsepower|p2a: Gengar
|-supereffective|p2a: Gengar|1
|-damage|p2a: Gengar|0 fnt
|faint|p2a: Gengar
|
|-weather|Snowscape|[upkeep]
|upkeep
|
|t:|1783779660
|switch|p2a: Sneasler|Sneasler, L50, F|20/100y
|turn|8
|inactive|long572010 has 30 seconds left.
|inactive|long572010 has 20 seconds left.
|inactive|long572010 has 15 seconds left.
|inactive|long572010 has 10 seconds left.
|
|t:|1783779707
|move|p2a: Sneasler|Fake Out|p1a: Charizard
|-damage|p1a: Charizard|29/100
|move|p2b: Ninetales|Blizzard|p1b: Mudsdale|[spread] p1a,p1b
|-supereffective|p1b: Mudsdale|1
|-crit|p1b: Mudsdale
|-damage|p1a: Charizard|4/100
|-damage|p1b: Mudsdale|33/100
|-ability|p1b: Mudsdale|Stamina|boost
|-boost|p1b: Mudsdale|def|1
|-enditem|p1b: Mudsdale|Sitrus Berry|[eat]
|-heal|p1b: Mudsdale|57/100|[from] item: Sitrus Berry
|cant|p1a: Charizard|flinch
|move|p1b: Mudsdale|Heavy Slam|p2b: Ninetales
|-supereffective|p2b: Ninetales|2
|-enditem|p2b: Ninetales|Babiri Berry|[eat]
|-enditem|p2b: Ninetales|Babiri Berry|[weaken]
|-damage|p2b: Ninetales|0 fnt
|faint|p2b: Ninetales
|
|-weather|Snowscape|[upkeep]
|upkeep
|turn|9
|
|t:|1783779724
|move|p2a: Sneasler|Close Combat|p1a: Charizard
|-resisted|p1a: Charizard|1
|-damage|p1a: Charizard|0 fnt
|-unboost|p2a: Sneasler|def|1
|-unboost|p2a: Sneasler|spd|1
|faint|p1a: Charizard
|move|p1b: Mudsdale|Heavy Slam|p2a: Sneasler
|-damage|p2a: Sneasler|0 fnt
|faint|p2a: Sneasler
|
|win|long572010
||long572010 is ready for game 2.
||Roy_Hogator is ready for game 2.
|uhtml|next|Next: Game 2 of 3
|l|☆long572010
|player|p1|
