|j|☆sum1dum
|j|☆jholloway1993
|html|sum1dumjholloway1993    
|uhtml|bestof|Game 3 of a best-of-3
|t:|1784059209
|gametype|doubles
|player|p1|sum1dum|rosa|1151
|player|p2|jholloway1993|2|1196
|gen|9
|tier|[Gen 9 Champions] VGC 2026 Reg M-B (Bo3)
|rated|
|rule|Species Clause: Limit one of each Pokémon
|rule|Item Clause: Limit 1 of each item
|clearpoke
|poke|p1|Staraptor, L50, M|
|poke|p1|Grimmsnarl, L50, M|
|poke|p1|Rotom-Heat, L50|
|poke|p1|Garchomp, L50, M|
|poke|p1|Gholdengo, L50|
|poke|p1|Ninetales-Alola, L50, M|
|poke|p2|Floette-Eternal, L50, F|
|poke|p2|Delphox, L50, F|
|poke|p2|Incineroar, L50, M|
|poke|p2|Sinistcha, L50|
|poke|p2|Sneasler, L50, M|
|poke|p2|Kingambit, L50, M|
|teampreview|4
|showteam|p1|Staraptor||Staraptite|Intimidate|CloseCombat,BraveBird,Roost,Protect|Jolly||M|||50|]Grimmsnarl||SitrusBerry|Prankster|SpiritBreak,PartingShot,ScaryFace,Taunt|Impish||M|||50|]Rotom-Heat||ChoiceScarf|Levitate|Overheat,Thunderbolt,Trick,VoltSwitch|Modest|||||50|]Garchomp||LifeOrb|RoughSkin|DragonClaw,Earthquake,Protect,RockTomb|Jolly||M|||50|]Gholdengo||WhiteHerb|GoodasGold|MakeItRain,ShadowBall,PowerGem,Protect|Modest|||||50|]Ninetales-Alola||LightClay|SnowWarning|AuroraVeil,FreezeDry,Moonblast,Protect|Timid||M|||50|
|showteam|p2|Floette-Eternal||Floettite|FlowerVeil|Moonblast,DazzlingGleam,CalmMind,Protect|Modest||F|||50|]Delphox||Delphoxite|Blaze|HeatWave,Psychic,NastyPlot,Protect|Timid||F|||50|]Incineroar||SitrusBerry|Intimidate|FlareBlitz,DarkestLariat,PartingShot,FakeOut|Impish||M|||50|]Sinistcha||OccaBerry|Hospitality|MatchaGotcha,RagePowder,TrickRoom,Protect|Bold|||||50|]Sneasler||FocusSash|PoisonTouch|CloseCombat,DireClaw,FakeOut,QuickGuard|Jolly||M|||50|]Kingambit||BlackGlasses|Defiant|KowtowCleave,SuckerPunch,SwordsDance,Protect|Adamant||M|||50|
|inactive|Battle timer is ON: inactive players will automatically lose when time's up. (requested by sum1dum)
|
|t:|1784059230
|teamsize|p1|4
|teamsize|p2|4
|start
|switch|p1a: Rotom|Rotom-Heat, L50|100/100
|switch|p1b: Garchomp|Garchomp, L50, M|100/100
|switch|p2a: Incineroar|Incineroar, L50, M|100/100
|switch|p2b: Floette|Floette-Eternal, L50, F|100/100
|-ability|p2a: Incineroar|Intimidate|boost
|-unboost|p1a: Rotom|atk|1
|-unboost|p1b: Garchomp|atk|1
|turn|1
|
|t:|1784059250
|detailschange|p2b: Floette|Floette-Mega, L50, F
|-mega|p2b: Floette|Floette|Floettite
|-ability|p2b: Floette|Fairy Aura
|move|p1b: Garchomp|Protect|p1b: Garchomp
|-singleturn|p1b: Garchomp|Protect
|move|p2a: Incineroar|Fake Out|p1a: Rotom
|-damage|p1a: Rotom|85/100
|cant|p1a: Rotom|flinch
|move|p2b: Floette|Calm Mind|p2b: Floette
|-boost|p2b: Floette|spa|1
|-boost|p2b: Floette|spd|1
|
|upkeep
|turn|2
|
|t:|1784059275
|move|p1a: Rotom|Overheat|p2b: Floette
|-damage|p2b: Floette|62/100
|-unboost|p1a: Rotom|spa|2
|move|p1b: Garchomp|Rock Tomb|p2b: Floette
|-damage|p2b: Floette|40/100
|-unboost|p2b: Floette|spe|1
|-damage|p1b: Garchomp|90/100|[from] item: Life Orb
|move|p2b: Floette|Moonblast|p1a: Rotom
|-resisted|p1a: Rotom|1
|-damage|p1a: Rotom|10/100
|-unboost|p1a: Rotom|spa|1
|move|p2a: Incineroar|Parting Shot|p1b: Garchomp
|-unboost|p1b: Garchomp|atk|1
|-unboost|p1b: Garchomp|spa|1
|
|t:|1784059290
|switch|p2a: Sinistcha|Sinistcha, L50|100/100|[from] Parting Shot
|-heal|p2b: Floette|65/100|[from] ability: Hospitality|[of] p2a: Sinistcha
|
|upkeep
|turn|3
|
|t:|1784059305
|move|p2a: Sinistcha|Rage Powder|p2a: Sinistcha
|-singleturn|p2a: Sinistcha|move: Rage Powder
|move|p1a: Rotom|Overheat|p2a: Sinistcha
|-supereffective|p2a: Sinistcha|1
|-enditem|p2a: Sinistcha|Occa Berry|[eat]
|-enditem|p2a: Sinistcha|Occa Berry|[weaken]
|-damage|p2a: Sinistcha|71/100
|-unboost|p1a: Rotom|spa|2
|move|p1b: Garchomp|Rock Tomb|p2a: Sinistcha
|-damage|p2a: Sinistcha|59/100
|-unboost|p2a: Sinistcha|spe|1
|-damage|p1b: Garchomp|80/100|[from] item: Life Orb
|move|p2b: Floette|Dazzling Gleam|p1a: Rotom|[spread] p1a,p1b
|-resisted|p1a: Rotom|1
|-crit|p1a: Rotom
|-supereffective|p1b: Garchomp|1
|-damage|p1a: Rotom|0 fnt
|-damage|p1b: Garchomp|0 fnt
|faint|p1a: Rotom
|faint|p1b: Garchomp
|
|upkeep
|
|t:|1784059307
|switch|p1b: Staraptor|Staraptor, L50, M|100/100
|switch|p1a: Grimmsnarl|Grimmsnarl, L50, M|100/100
|-ability|p1b: Staraptor|Intimidate|boost
|-unboost|p2a: Sinistcha|atk|1
|-unboost|p2b: Floette|atk|1
|turn|4
|
|t:|1784059328
|detailschange|p1b: Staraptor|Staraptor-Mega, L50, M
|-mega|p1b: Staraptor|Staraptor|Staraptite
|move|p1b: Staraptor|Protect|p1b: Staraptor
|-singleturn|p1b: Staraptor|Protect
|move|p2a: Sinistcha|Rage Powder|p2a: Sinistcha
|-singleturn|p2a: Sinistcha|move: Rage Powder
|move|p1a: Grimmsnarl|Taunt|p2a: Sinistcha
|-start|p2a: Sinistcha|move: Taunt
|move|p2b: Floette|Dazzling Gleam|p1b: Staraptor|[spread] p1a
|-activate|p1b: Staraptor|move: Protect
|-supereffective|p1a: Grimmsnarl|1
|-damage|p1a: Grimmsnarl|0 fnt
|faint|p1a: Grimmsnarl
|
|upkeep
|turn|5
|inactive|jholloway1993 has 30 seconds left.
|
|t:|1784059353
|move|p1b: Staraptor|Brave Bird|p2b: Floette
|-crit|p2b: Floette
|-damage|p2b: Floette|0 fnt
|faint|p2b: Floette
|-damage|p1b: Staraptor|78/100|[from] Recoil
|move|p2a: Sinistcha|Matcha Gotcha|p1b: Staraptor
|-resisted|p1b: Staraptor|1
|-damage|p1b: Staraptor|59/100
|-heal|p2a: Sinistcha|68/100|[from] drain|[of] p1b: Staraptor
|
|upkeep
|
|t:|1784059364
|switch|p2b: Incineroar|Incineroar, L50, M|100/100
|-ability|p2b: Incineroar|Intimidate|boost
|-boost|p1b: Staraptor|atk|1
|turn|6
|
|t:|1784059371
|move|p1b: Staraptor|Protect|p1b: Staraptor
|-singleturn|p1b: Staraptor|Protect
|move|p2b: Incineroar|Fake Out|p1b: Staraptor
|-activate|p1b: Staraptor|move: Protect
|move|p2a: Sinistcha|Matcha Gotcha|p1b: Staraptor
|-activate|p1b: Staraptor|move: Protect
|
|upkeep
|turn|7
|
|t:|1784059383
|move|p1b: Staraptor|Close Combat|p2b: Incineroar
|-supereffective|p2b: Incineroar|1
|-damage|p2b: Incineroar|0 fnt
|-boost|p1b: Staraptor|def|1
|-boost|p1b: Staraptor|spd|1
|faint|p2b: Incineroar
|move|p2a: Sinistcha|Matcha Gotcha|p1b: Staraptor
|-resisted|p1b: Staraptor|1
|-crit|p1b: Staraptor
|-damage|p1b: Staraptor|28/100
|-heal|p2a: Sinistcha|82/100|[from] drain|[of] p1b: Staraptor
|
|-end|p2a: Sinistcha|move: Taunt
|upkeep
|
|t:|1784059395
|switch|p2b: Kingambit|Kingambit, L50, M|100/100
|turn|8
|
|t:|1784059400
|move|p2b: Kingambit|Sucker Punch||[still]
|-fail|p2b: Kingambit
|move|p1b: Staraptor|Roost|p1b: Staraptor
|-heal|p1b: Staraptor|78/100
|-singleturn|p1b: Staraptor|move: Roost
|move|p2a: Sinistcha|Trick Room|p2a: Sinistcha
|-fieldstart|move: Trick Room|[of] p2a: Sinistcha
|
|upkeep
|turn|9
|
|t:|1784059418
|move|p2a: Sinistcha|Rage Powder|p2a: Sinistcha
|-singleturn|p2a: Sinistcha|move: Rage Powder
|move|p2b: Kingambit|Swords Dance|p2b: Kingambit
|-boost|p2b: Kingambit|atk|2
|move|p1b: Staraptor|Brave Bird|p2a: Sinistcha
|-supereffective|p2a: Sinistcha|1
|-damage|p2a: Sinistcha|0 fnt
|faint|p2a: Sinistcha
|-damage|p1b: Staraptor|48/100|[from] Recoil
|
|upkeep
|turn|10
|
|t:|1784059429
|move|p2b: Kingambit|Kowtow Cleave|p1b: Staraptor
|-resisted|p1b: Staraptor|1
|-crit|p1b: Staraptor
|-damage|p1b: Staraptor|0 fnt
|faint|p1b: Staraptor
|
|win|jholloway1993
|raw|sum1dum's rating: 1151 → 1129(-22 for losing)
|raw|jholloway1993's rating: 1196 → 1218(+22 for winning)
