|j|☆nocturnallynoct
|j|☆rikhothegoat
|html|nocturnallynoctrikhothegoat    
|uhtml|bestof|Game 1 of a best-of-3
|t:|1756232781
|gametype|doubles
|player|p1|nocturnallynoct|1|1102
|player|p2|rikhothegoat|blackbelt-gen4dp|1091
|gen|9
|tier|[Gen 9] VGC 2025 Reg H (Bo3)
|rated|
|rule|Species Clause: Limit one of each Pokémon
|rule|Item Clause: Limit 1 of each item
|clearpoke
|poke|p1|Sneasler, L50, M|
|poke|p1|Indeedee, L50, M|
|poke|p1|Tyranitar, L50, M|
|poke|p1|Ursaluna-Bloodmoon, L50, M|
|poke|p1|Electabuzz, L50, M|
|poke|p1|Talonflame, L50, M|
|poke|p2|Incineroar, L50, M|
|poke|p2|Gholdengo, L50|
|poke|p2|Amoonguss, L50, F|
|poke|p2|Dragonite, L50, M|
|poke|p2|Ursaluna-Bloodmoon, L50, M|
|poke|p2|Sneasler, L50, F|
|teampreview|4
|showteam|p1|Sneasler||PsychicSeed|Unburden|DireClaw,CloseCombat,ThroatChop,Protect|||M|||50|,,,,,Dark]Indeedee||FocusSash|PsychicSurge|ExpandingForce,TeraBlast,Protect,TrickRoom|||M|||50|,,,,,Fighting]Tyranitar||AssaultVest|SandStream|RockSlide,KnockOff,LowKick,TeraBlast|||M|||50|,,,,,Flying]Ursaluna-Bloodmoon||LifeOrb|MindsEye|BloodMoon,HyperVoice,EarthPower,Protect|||M|||50|,,,,,Normal]Electabuzz||Eviolite|VitalSpirit|Electroweb,FollowMe,Taunt,Protect|||M|||50|,,,,,Dragon]Talonflame||CovertCloak|GaleWings|DualWingbeat,FlareBlitz,Tailwind,WillOWisp|||M|||50|,,,,,Fairy
|showteam|p2|Incineroar||SafetyGoggles|Intimidate|FakeOut,FlareBlitz,KnockOff,PartingShot|||M|||50|,,,,,Ghost]Gholdengo||LifeOrb|GoodasGold|Protect,NastyPlot,ShadowBall,MakeItRain||||||50|,,,,,Water]Amoonguss||CovertCloak|Regenerator|RagePowder,PollenPuff,Spore,Protect|||F|||50|,,,,,Fairy]Dragonite||LoadedDice|Multiscale|ScaleShot,LowKick,Haze,Protect|||M|||50|,,,,,Fairy]Ursaluna-Bloodmoon||AssaultVest|MindsEye|BloodMoon,HyperVoice,EarthPower,VacuumWave|||M|||50|,,,,,Water]Sneasler||FocusSash|Unburden|Protect,DireClaw,CloseCombat,ThroatChop|||F|||50|,,,,,Stellar
|inactive|Battle timer is ON: inactive players will automatically lose when time's up. (requested by nocturnallynoct)
|inactive|nocturnallynoct has 60 seconds left.
|inactive|rikhothegoat has 60 seconds left.
|
|t:|1756232841
|teamsize|p1|4
|teamsize|p2|4
|start
|switch|p1a: Indeedee|Indeedee, L50, M|100/100
|switch|p1b: Ursaluna|Ursaluna-Bloodmoon, L50, M|100/100
|switch|p2a: Incineroar|Incineroar, L50, M|100/100
|switch|p2b: Gholdengo|Gholdengo, L50|100/100
|-fieldstart|move: Psychic Terrain|[from] ability: Psychic Surge|[of] p1a: Indeedee
|-ability|p2a: Incineroar|Intimidate|boost
|-unboost|p1a: Indeedee|atk|1
|-unboost|p1b: Ursaluna|atk|1
|turn|1
|inactive|nocturnallynoct has 30 seconds left.
|inactive|rikhothegoat has 30 seconds left.
|
|t:|1756232869
|switch|p2b: Dragonite|Dragonite, L50, M|100/100
|-terastallize|p1a: Indeedee|Fighting
|move|p1a: Indeedee|Tera Blast|p2a: Incineroar|[anim] Tera Blast Fighting
|-supereffective|p2a: Incineroar
|-damage|p2a: Incineroar|29/100
|move|p2a: Incineroar|Knock Off|p1a: Indeedee
|-resisted|p1a: Indeedee
|-damage|p1a: Indeedee|53/100
|-enditem|p1a: Indeedee|Focus Sash|[from] move: Knock Off|[of] p2a: Incineroar
|move|p1b: Ursaluna|Earth Power|p2b: Dragonite
|-immune|p2b: Dragonite
|
|upkeep
|turn|2
|inactive|nocturnallynoct has 30 seconds left.
|inactive|rikhothegoat has 30 seconds left.
|inactive|rikhothegoat has 20 seconds left.
|inactive|rikhothegoat has 15 seconds left.
|
|t:|1756232909
|switch|p2a: Gholdengo|Gholdengo, L50|100/100
|switch|p1b: Sneasler|Sneasler, L50, M|100/100
|-enditem|p1b: Sneasler|Psychic Seed
|-boost|p1b: Sneasler|spd|1|[from] item: Psychic Seed
|move|p1a: Indeedee|Expanding Force|p2a: Gholdengo|[spread] p2a,p2b
|-resisted|p2a: Gholdengo
|-crit|p2a: Gholdengo
|-damage|p2a: Gholdengo|55/100
|-damage|p2b: Dragonite|69/100
|move|p2b: Dragonite|Scale Shot|p1a: Indeedee
|-damage|p1a: Indeedee|20/100
|-damage|p1a: Indeedee|0 fnt
|faint|p1a: Indeedee
|-hitcount|p1: Indeedee|2
|-unboost|p2b: Dragonite|def|1
|-boost|p2b: Dragonite|spe|1
|
|upkeep
|
|t:|1756232932
|switch|p1a: Ursaluna|Ursaluna-Bloodmoon, L50, M|100/100
|turn|3
|
|t:|1756232953
|switch|p2a: Incineroar|Incineroar, L50, M|29/100
|-ability|p2a: Incineroar|Intimidate|boost
|-unboost|p1a: Ursaluna|atk|1
|-unboost|p1b: Sneasler|atk|1
|move|p2b: Dragonite|Protect|p2b: Dragonite
|-singleturn|p2b: Dragonite|Protect
|move|p1b: Sneasler|Close Combat|p2b: Dragonite
|-activate|p2b: Dragonite|move: Protect
|move|p1a: Ursaluna|Earth Power|p2a: Incineroar
|-supereffective|p2a: Incineroar
|-crit|p2a: Incineroar
|-damage|p2a: Incineroar|0 fnt
|faint|p2a: Incineroar
|-damage|p1a: Ursaluna|90/100|[from] item: Life Orb
|
|upkeep
|
|t:|1756232971
|switch|p2a: Sneasler|Sneasler, L50, F|100/100
|turn|4
|inactive|nocturnallynoct has 30 seconds left.
|
|t:|1756233005
|switch|p2b: Gholdengo|Gholdengo, L50|55/100
|move|p1a: Ursaluna|Protect|p1a: Ursaluna
|-singleturn|p1a: Ursaluna|Protect
|move|p1b: Sneasler|Close Combat|p2b: Gholdengo
|-immune|p2b: Gholdengo
|move|p2a: Sneasler|Close Combat|p1a: Ursaluna
|-activate|p1a: Ursaluna|move: Protect
|
|upkeep
|turn|5
|inactive|nocturnallynoct has 30 seconds left.
|inactive|rikhothegoat has 30 seconds left.
|inactive|nocturnallynoct has 20 seconds left.
|
|t:|1756233049
|switch|p1a: Electabuzz|Electabuzz, L50, M|100/100
|move|p2b: Gholdengo|Protect|p2b: Gholdengo
|-singleturn|p2b: Gholdengo|Protect
|move|p1b: Sneasler|Close Combat|p2a: Sneasler
|-resisted|p2a: Sneasler
|-damage|p2a: Sneasler|64/100
|-unboost|p1b: Sneasler|def|1
|-unboost|p1b: Sneasler|spd|1
|move|p2a: Sneasler|Close Combat|p1a: Electabuzz
|-damage|p1a: Electabuzz|46/100
|-unboost|p2a: Sneasler|def|1
|-unboost|p2a: Sneasler|spd|1
|
|-fieldend|move: Psychic Terrain
|upkeep
|turn|6
|inactive|nocturnallynoct has 30 seconds left.
|inactive|nocturnallynoct has 20 seconds left.
|inactive|nocturnallynoct has 15 seconds left.
|inactive|nocturnallynoct has 10 seconds left.
|inactive|nocturnallynoct has 5 seconds left.
|
|t:|1756233099
|switch|p1b: Ursaluna|Ursaluna-Bloodmoon, L50, M|90/100
|-terastallize|p2b: Gholdengo|Water
|move|p2a: Sneasler|Close Combat|p1a: Electabuzz
|-damage|p1a: Electabuzz|0 fnt
|-unboost|p2a: Sneasler|def|1
|-unboost|p2a: Sneasler|spd|1
|faint|p1a: Electabuzz
|move|p2b: Gholdengo|Nasty Plot|p2b: Gholdengo
|-boost|p2b: Gholdengo|spa|2
|
|upkeep
|
|t:|1756233110
|switch|p1a: Sneasler|Sneasler, L50, M|100/100
|turn|7
|
|t:|1756233129
|switch|p2a: Dragonite|Dragonite, L50, M|69/100
|move|p1a: Sneasler|Close Combat|p2a: Dragonite
|-resisted|p2a: Dragonite
|-damage|p2a: Dragonite|32/100
|-unboost|p1a: Sneasler|def|1
|-unboost|p1a: Sneasler|spd|1
|move|p2b: Gholdengo|Make It Rain|p1b: Ursaluna|[spread] p1a,p1b
|-damage|p1a: Sneasler|0 fnt
|-damage|p1b: Ursaluna|0 fnt
|-unboost|p2b: Gholdengo|spa|1
|faint|p1a: Sneasler
|faint|p1b: Ursaluna
|-damage|p2b: Gholdengo|46/100|[from] item: Life Orb
|
|win|rikhothegoat
||rikhothegoat is ready for game 2.
|inactive|nocturnallynoct has 30 seconds to confirm battle start!
||nocturnallynoct is ready for game 2.
|uhtml|next|Next: Game 2 of 3
