|j|☆viatles
|j|☆Sehbaiii
|html|viatlesSehbaiii    
|uhtml|bestof|Game 3 of a best-of-3
|t:|1785274040
|gametype|doubles
|player|p1|viatles|hiker|1124
|player|p2|Sehbaiii|fisherman-gen4|1196
|gen|9
|tier|[Gen 9 Champions] VGC 2026 Reg M-B (Bo3)
|rated|
|rule|Species Clause: Limit one of each Pokémon
|rule|Item Clause: Limit 1 of each item
|clearpoke
|poke|p1|Eelektross, L50, F|
|poke|p1|Raichu, L50, F|
|poke|p1|Tyranitar, L50, M|
|poke|p1|Gliscor, L50, M|
|poke|p1|Garchomp, L50, M|
|poke|p1|Sinistcha, L50|
|poke|p2|Milotic, L50, F|
|poke|p2|Tyranitar, L50, M|
|poke|p2|Excadrill, L50, F|
|poke|p2|Ceruledge, L50, M|
|poke|p2|Sneasler, L50, F|
|poke|p2|Beedrill, L50, F|
|teampreview|4
|showteam|p1|Eelektross||Eelektrossite|Levitate|Discharge,Flamethrower,GigaDrain,Protect|Modest||F|||50|]Raichu||FocusSash|LightningRod|FakeOut,Thunderbolt,Endeavor,Protect|Hasty||F|||50|]Tyranitar||Tyranitarite|SandStream|KnockOff,RockSlide,LowKick,Protect|Adamant||M|||50|]Gliscor||BrightPowder|SandVeil|RockSlide,DualWingbeat,Tailwind,Earthquake|Adamant||M|||50|]Garchomp||ChoiceScarf|RoughSkin|DragonClaw,StompingTantrum,RockSlide,Earthquake|Adamant||M|||50|]Sinistcha||SitrusBerry|Hospitality|MatchaGotcha,RagePowder,Imprison,TrickRoom|Bold|||||50|
|showteam|p2|Milotic||SitrusBerry|Competitive|Coil,Hypnosis,Waterfall,Recover|Careful||F|||50|]Tyranitar||Tyranitarite|SandStream|RockSlide,KnockOff,DragonDance,Protect|Adamant||M|||50|]Excadrill||FocusSash|SandRush|RockSlide,HighHorsepower,IronHead,Protect|Adamant||F|||50|]Ceruledge||LifeOrb|FlashFire|BitterBlade,ShadowSneak,BulkUp,Protect|Jolly||M|||50|]Sneasler||WhiteHerb|Unburden|DireClaw,FakeOut,CloseCombat,Protect|Adamant||F|||50|]Beedrill||Beedrillite|Sniper|PoisonJab,DrillRun,Uturn,KnockOff|Jolly||F|||50|
|inactive|Battle timer is ON: inactive players will automatically lose when time's up. (requested by viatles)
|
|t:|1785274058
|teamsize|p1|4
|teamsize|p2|4
|start
|switch|p1a: Eelektross|Eelektross, L50, F|100/100
|switch|p1b: Garchomp|Garchomp, L50, M|100/100
|switch|p2a: Tyranitar|Tyranitar, L50, M|100/100
|switch|p2b: Excadrill|Excadrill, L50, F|100/100
|-weather|Sandstorm|[from] ability: Sand Stream|[of] p2a: Tyranitar
|turn|1
|inactive|Sehbaiii has 30 seconds left.
|
|t:|1785274085
|switch|p1a: Gliscor|Gliscor, L50, M|100/100
|detailschange|p2a: Tyranitar|Tyranitar-Mega, L50, M
|-mega|p2a: Tyranitar|Tyranitar|Tyranitarite
|move|p2b: Excadrill|High Horsepower|p1b: Garchomp
|-damage|p1b: Garchomp|44/100
|-damage|p2b: Excadrill|87/100|[from] ability: Rough Skin|[of] p1b: Garchomp
|move|p1b: Garchomp|Earthquake|p2a: Tyranitar|[spread] p2a,p2b
|-immune|p1a: Gliscor
|-supereffective|p2a: Tyranitar|1
|-supereffective|p2b: Excadrill|1
|-damage|p2a: Tyranitar|41/100
|-damage|p2b: Excadrill|0 fnt
|faint|p2b: Excadrill
|move|p2a: Tyranitar|Knock Off|p1b: Garchomp
|-damage|p1b: Garchomp|0 fnt
|-damage|p2a: Tyranitar|28/100|[from] ability: Rough Skin|[of] p1b: Garchomp
|-enditem|p1b: Garchomp|Choice Scarf|[from] move: Knock Off|[of] p2a: Tyranitar
|faint|p1b: Garchomp
|
|-weather|Sandstorm|[upkeep]
|upkeep
|
|t:|1785274107
|switch|p1b: Eelektross|Eelektross, L50, F|100/100
|switch|p2b: Sneasler|Sneasler, L50, F|100/100
|turn|2
|
|t:|1785274123
|detailschange|p1b: Eelektross|Eelektross-Mega, L50, F
|-mega|p1b: Eelektross|Eelektross|Eelektrossite
|move|p2b: Sneasler|Fake Out|p1a: Gliscor
|-damage|p1a: Gliscor|88/100
|move|p2a: Tyranitar|Rock Slide|p1a: Gliscor|[spread] p1a,p1b
|-crit|p1a: Gliscor
|-crit|p1b: Eelektross
|-damage|p1a: Gliscor|50/100y
|-damage|p1b: Eelektross|29/100
|cant|p1b: Eelektross|flinch
|cant|p1a: Gliscor|flinch
|
|-weather|Sandstorm|[upkeep]
|-damage|p2b: Sneasler|94/100|[from] Sandstorm
|-damage|p1b: Eelektross|24/100|[from] Sandstorm
|upkeep
|turn|3
|
|t:|1785274146
|switch|p1b: Sinistcha|Sinistcha, L50|100/100
|-heal|p1a: Gliscor|74/100|[from] ability: Hospitality|[of] p1b: Sinistcha
|move|p2b: Sneasler|Close Combat|p1a: Gliscor
|-resisted|p1a: Gliscor|1
|-damage|p1a: Gliscor|48/100
|-unboost|p2b: Sneasler|def|1
|-unboost|p2b: Sneasler|spd|1
|-enditem|p2b: Sneasler|White Herb
|-clearnegativeboost|p2b: Sneasler|[silent]
|move|p2a: Tyranitar|Rock Slide|p1a: Gliscor|[spread] p1a,p1b
|-damage|p1a: Gliscor|19/100
|-damage|p1b: Sinistcha|69/100
|cant|p1a: Gliscor|flinch
|
|-weather|Sandstorm|[upkeep]
|-damage|p2b: Sneasler|88/100|[from] Sandstorm
|-damage|p1b: Sinistcha|62/100|[from] Sandstorm
|upkeep
|turn|4
|inactive|viatles has 30 seconds left.
|inactive|Sehbaiii has 30 seconds left.
|inactive|viatles has 20 seconds left.
|
|t:|1785274184
|move|p2b: Sneasler|Dire Claw|p1b: Sinistcha
|-damage|p1b: Sinistcha|26/100
|-enditem|p1b: Sinistcha|Sitrus Berry|[eat]
|-heal|p1b: Sinistcha|51/100|[from] item: Sitrus Berry
|move|p2a: Tyranitar|Rock Slide|p1b: Sinistcha|[spread] p1a,p1b
|-damage|p1a: Gliscor|0 fnt
|-damage|p1b: Sinistcha|22/100
|faint|p1a: Gliscor
|move|p1b: Sinistcha|Matcha Gotcha|p2a: Tyranitar|[spread] p2a,p2b
|-supereffective|p2a: Tyranitar|1
|-resisted|p2b: Sneasler|1
|-damage|p2a: Tyranitar|0 fnt
|-heal|p1b: Sinistcha|37/100|[from] drain|[of] p2a: Tyranitar
|-damage|p2b: Sneasler|73/100
|-heal|p1b: Sinistcha|43/100|[from] drain|[of] p2b: Sneasler
|faint|p2a: Tyranitar
|
|-weather|Sandstorm|[upkeep]
|-damage|p2b: Sneasler|67/100|[from] Sandstorm
|-damage|p1b: Sinistcha|37/100|[from] Sandstorm
|upkeep
|
|t:|1785274203
|switch|p2a: Milotic|Milotic, L50, F|100/100
|switch|p1a: Eelektross|Eelektross-Mega, L50, F|24/100
|turn|5
|
|t:|1785274216
|move|p1b: Sinistcha|Rage Powder|p1b: Sinistcha
|-singleturn|p1b: Sinistcha|move: Rage Powder
|move|p2b: Sneasler|Dire Claw|p1b: Sinistcha
|-crit|p1b: Sinistcha
|-damage|p1b: Sinistcha|0 fnt
|faint|p1b: Sinistcha
|move|p1a: Eelektross|Giga Drain|p2a: Milotic
|-supereffective|p2a: Milotic|1
|-damage|p2a: Milotic|70/100
|-heal|p1a: Eelektross|41/100|[from] drain|[of] p2a: Milotic
|move|p2a: Milotic|Waterfall|p1a: Eelektross
|-damage|p1a: Eelektross|18/100
|
|-weather|none
|upkeep
|turn|6
|c|☆viatles|ggs wp
|
|t:|1785274233
|move|p2b: Sneasler|Close Combat|p1a: Eelektross
|-damage|p1a: Eelektross|0 fnt
|-unboost|p2b: Sneasler|def|1
|-unboost|p2b: Sneasler|spd|1
|faint|p1a: Eelektross
|
|win|Sehbaiii
|raw|viatles's rating: 1124 → 1104(-20 for losing)
|raw|Sehbaiii's rating: 1196 → 1216(+20 for winning)
|c|☆Sehbaiii|ggs unlucky
|c|☆viatles|considering the team im using its karma lol
