|j|☆noexperiencesorry
|j|☆randomguy1114s
|html|noexperiencesorryrandomguy1114s    
|uhtml|bestof|Game 1 of a best-of-3
|t:|1756424075
|gametype|doubles
|player|p1|noexperiencesorry|170|1164
|player|p2|randomguy1114s|lillie-masters|1218
|gen|9
|tier|[Gen 9] VGC 2025 Reg H (Bo3)
|rated|
|rule|Species Clause: Limit one of each Pokémon
|rule|Item Clause: Limit 1 of each item
|clearpoke
|poke|p1|Dragonite, L50, M|
|poke|p1|Ursaluna-Bloodmoon, L50, M|
|poke|p1|Annihilape, L50, M|
|poke|p1|Volcarona, L50, M|
|poke|p1|Rillaboom, L50, F|
|poke|p1|Incineroar, L50, M|
|poke|p2|Archaludon, L50, M|
|poke|p2|Pelipper, L50, M|
|poke|p2|Rillaboom, L50, F|
|poke|p2|Incineroar, L50, M|
|poke|p2|Gholdengo, L50|
|poke|p2|Sneasler, L50, M|
|teampreview|4
|showteam|p1|Dragonite||LoadedDice|Multiscale|Protect,ScaleShot,Tailwind,Haze|||M|||50|,,,,,Fairy]Ursaluna-Bloodmoon||FocusSash|MindsEye|Protect,BloodMoon,EarthPower,HyperVoice|||M|||50|,,,,,Normal]Annihilape||LumBerry|Defiant|Coaching,RageFist,CloseCombat,Taunt|||M|||50|,,,,,Fire]Volcarona||CovertCloak|FlameBody|Protect,QuiverDance,HeatWave,TeraBlast|||M|||50|,,,,,Fairy]Rillaboom||AssaultVest|GrassySurge|FakeOut,WoodHammer,GrassyGlide,HighHorsepower|||F|||50|,,,,,Fire]Incineroar||SafetyGoggles|Intimidate|FakeOut,PartingShot,FlareBlitz,KnockOff|||M|||50|,,,,,Ghost
|showteam|p2|Archaludon||PowerHerb|Sturdy|ElectroShot,DragonPulse,FlashCannon,Protect|||M|||50|,,,,,Electric]Pelipper||ChoiceScarf|Drizzle|Tailwind,MuddyWater,Hurricane,WeatherBall|||M|||50|,,,,,Ghost]Rillaboom||AssaultVest|GrassySurge|FakeOut,WoodHammer,GrassyGlide,Uturn|||F|||50|,,,,,Fire]Incineroar||SafetyGoggles|Intimidate|FakeOut,KnockOff,Taunt,PartingShot|||M|||50|,,,,,Ghost]Gholdengo||MetalCoat|GoodasGold|NastyPlot,MakeItRain,ShadowBall,Protect||||||50|,,,,,Fairy]Sneasler||GrassySeed|Unburden|CloseCombat,DireClaw,ThroatChop,Protect|||M|||50|,,,,,Dark
|inactive|Battle timer is ON: inactive players will automatically lose when time's up. (requested by noexperiencesorry)
|inactive|randomguy1114s has 60 seconds left.
|
|t:|1756424143
|teamsize|p1|4
|teamsize|p2|4
|start
|switch|p1a: Ursaluna|Ursaluna-Bloodmoon, L50, M|100/100
|switch|p1b: Dragonite|Dragonite, L50, M, shiny|100/100
|switch|p2a: Pelipper|Pelipper, L50, M|100/100
|switch|p2b: Archaludon|Archaludon, L50, M|100/100
|-weather|RainDance|[from] ability: Drizzle|[of] p2a: Pelipper
|turn|1
|inactive|noexperiencesorry has 30 seconds left.
|
|t:|1756424171
|move|p1a: Ursaluna|Protect|p1a: Ursaluna
|-singleturn|p1a: Ursaluna|Protect
|move|p2a: Pelipper|Muddy Water|p1b: Dragonite|[spread] p1b
|-activate|p1a: Ursaluna|move: Protect
|-resisted|p1b: Dragonite
|-damage|p1b: Dragonite|89/100
|move|p2b: Archaludon|Dragon Pulse|p1b: Dragonite
|-supereffective|p1b: Dragonite
|-damage|p1b: Dragonite|4/100
|move|p1b: Dragonite|Tailwind|p1b: Dragonite
|-sidestart|p1: noexperiencesorry|move: Tailwind
|
|-weather|RainDance|[upkeep]
|upkeep
|turn|2
|inactive|randomguy1114s has 30 seconds left.
|
|t:|1756424203
|move|p2b: Archaludon|Protect|p2b: Archaludon
|-singleturn|p2b: Archaludon|Protect
|move|p1b: Dragonite|Scale Shot|p2a: Pelipper|[miss]
|-miss|p1b: Dragonite|p2a: Pelipper
|move|p1a: Ursaluna|Hyper Voice|p2b: Archaludon|[spread] p2a
|-activate|p2b: Archaludon|move: Protect
|-damage|p2a: Pelipper|38/100
|move|p2a: Pelipper|Muddy Water|p1a: Ursaluna|[spread] p1a,p1b
|-supereffective|p1a: Ursaluna
|-resisted|p1b: Dragonite
|-enditem|p1a: Ursaluna|Focus Sash
|-damage|p1a: Ursaluna|1/100
|-damage|p1b: Dragonite|0 fnt
|faint|p1b: Dragonite
|
|-weather|RainDance|[upkeep]
|upkeep
|
|t:|1756424218
|switch|p1b: Volcarona|Volcarona, L50, M, shiny|100/100
|turn|3
|
|t:|1756424240
|move|p1b: Volcarona|Quiver Dance|p1b: Volcarona
|-boost|p1b: Volcarona|spa|1
|-boost|p1b: Volcarona|spd|1
|-boost|p1b: Volcarona|spe|1
|move|p1a: Ursaluna|Blood Moon|p2a: Pelipper
|-damage|p2a: Pelipper|0 fnt
|faint|p2a: Pelipper
|move|p2b: Archaludon|Dragon Pulse|p1a: Ursaluna
|-damage|p1a: Ursaluna|0 fnt
|faint|p1a: Ursaluna
|
|-weather|RainDance|[upkeep]
|upkeep
|
|t:|1756424251
|switch|p2a: Incineroar|Incineroar, L50, M|100/100
|switch|p1a: Incineroar|Incineroar, L50, M, shiny|100/100
|-ability|p1a: Incineroar|Intimidate|boost
|-unboost|p2a: Incineroar|atk|1
|-unboost|p2b: Archaludon|atk|1
|-ability|p2a: Incineroar|Intimidate|boost
|-unboost|p1a: Incineroar|atk|1
|-unboost|p1b: Volcarona|atk|1
|turn|4
|
|t:|1756424274
|-terastallize|p2b: Archaludon|Electric
|move|p1a: Incineroar|Fake Out|p2a: Incineroar
|-damage|p2a: Incineroar|93/100
|move|p1b: Volcarona|Quiver Dance|p1b: Volcarona
|-boost|p1b: Volcarona|spa|1
|-boost|p1b: Volcarona|spd|1
|-boost|p1b: Volcarona|spe|1
|move|p2b: Archaludon|Electro Shot||[still]
|-prepare|p2b: Archaludon|Electro Shot
|-boost|p2b: Archaludon|spa|1
|-anim|p2b: Archaludon|Electro Shot|p1a: Incineroar
|-crit|p1a: Incineroar
|-damage|p1a: Incineroar|0 fnt
|faint|p1a: Incineroar
|cant|p2a: Incineroar|flinch
|
|-weather|RainDance|[upkeep]
|-sideend|p1: noexperiencesorry|move: Tailwind
|upkeep
|turn|5
|
|t:|1756424295
|move|p1b: Volcarona|Protect|p1b: Volcarona
|-singleturn|p1b: Volcarona|Protect
|move|p2b: Archaludon|Electro Shot||[still]
|-prepare|p2b: Archaludon|Electro Shot
|-boost|p2b: Archaludon|spa|1
|-anim|p2b: Archaludon|Electro Shot|p1b: Volcarona
|-activate|p1b: Volcarona|move: Protect
|move|p2a: Incineroar|Parting Shot|p1b: Volcarona
|-activate|p1b: Volcarona|move: Protect
|
|-weather|none
|upkeep
|turn|6
|
|t:|1756424312
|-terastallize|p1b: Volcarona|Fairy
|move|p1b: Volcarona|Tera Blast|p2a: Incineroar|[anim] Tera Blast Fairy
|-damage|p2a: Incineroar|38/100
|move|p2b: Archaludon|Electro Shot||[still]
|-prepare|p2b: Archaludon|Electro Shot
|-boost|p2b: Archaludon|spa|1
|-enditem|p2b: Archaludon|Power Herb
|-anim|p2b: Archaludon|Electro Shot|p1b: Volcarona
|-damage|p1b: Volcarona|20/100
|move|p2a: Incineroar|Parting Shot|p1b: Volcarona
|-unboost|p1b: Volcarona|atk|1
|-unboost|p1b: Volcarona|spa|1
|
|t:|1756424322
|switch|p2a: Sneasler|Sneasler, L50, M|100/100|[from] Parting Shot
|
|upkeep
|turn|7
|
|t:|1756424327
|move|p1b: Volcarona|Protect|p1b: Volcarona
|-singleturn|p1b: Volcarona|Protect
|move|p2a: Sneasler|Dire Claw|p1b: Volcarona
|-activate|p1b: Volcarona|move: Protect
|move|p2b: Archaludon|Flash Cannon|p1b: Volcarona
|-activate|p1b: Volcarona|move: Protect
|
|upkeep
|turn|8
|
|t:|1756424335
|move|p1b: Volcarona|Heat Wave|p2a: Sneasler|[spread] p2a,p2b
|-damage|p2a: Sneasler|41/100
|-damage|p2b: Archaludon|32/100
|move|p2a: Sneasler|Dire Claw|p1b: Volcarona
|-supereffective|p1b: Volcarona
|-damage|p1b: Volcarona|0 fnt
|faint|p1b: Volcarona
|
|win|randomguy1114s
||noexperiencesorry is ready for game 2.
