|j|☆andrewcips
|j|☆sbhaga34
|html|andrewcipssbhaga34    
|uhtml|bestof|Game 1 of a best-of-3
|t:|1784218713
|gametype|doubles
|player|p1|andrewcips|alder|1258
|player|p2|sbhaga34|hugh|1309
|gen|9
|tier|[Gen 9 Champions] VGC 2026 Reg M-B (Bo3)
|rated|
|rule|Species Clause: Limit one of each Pokémon
|rule|Item Clause: Limit 1 of each item
|clearpoke
|poke|p1|Charizard, L50, F|
|poke|p1|Whimsicott, L50, M|
|poke|p1|Basculegion, L50, M|
|poke|p1|Kingambit, L50, F|
|poke|p1|Garchomp, L50, F|
|poke|p1|Glimmora, L50, M|
|poke|p2|Excadrill, L50, M|
|poke|p2|Tyranitar, L50, F|
|poke|p2|Corviknight, L50, M|
|poke|p2|Rotom-Wash, L50|
|poke|p2|Chandelure, L50, M|
|poke|p2|Clefable, L50, F|
|teampreview|4
|showteam|p1|Charizard||CharizarditeY|Blaze|HeatWave,WeatherBall,SolarBeam,Protect|Modest||F|||50|]Whimsicott||FocusSash|Prankster|Moonblast,Tailwind,Encore,Protect|Timid||M|||50|]Basculegion||MysticWater|Adaptability|WaveCrash,AquaJet,LastRespects,Protect|Adamant||M|||50|]Kingambit||BlackGlasses|Defiant|Protect,LowKick,KowtowCleave,SuckerPunch|Adamant||F|||50|]Garchomp||LifeOrb|RoughSkin|StompingTantrum,RockSlide,DragonClaw,Protect|Jolly||F|||50|]Glimmora||Glimmoranite|ToxicDebris|SpikyShield,SludgeBomb,EarthPower,PowerGem|Timid||M|||50|
|showteam|p2|Excadrill||FocusSash|SandRush|Earthquake,IronHead,SwordsDance,Protect|Adamant||M|||50|]Tyranitar||Tyranitarite|SandStream|RockSlide,KnockOff,LowKick,Protect|Adamant||F|||50|]Corviknight||SharpBeak|MirrorArmor|BraveBird,Tailwind,BulkUp,Roost|Careful||M|||50|]Rotom-Wash||ChoiceScarf|Levitate|VoltSwitch,Thunderbolt,Electroweb,HydroPump|Timid|||||50|]Chandelure||ShucaBerry|FlashFire|HeatWave,ShadowBall,TrickRoom,Protect|Modest||M|||50|]Clefable||Clefablite|MagicGuard|FollowMe,Moonblast,HealPulse,Protect|Modest||F|||50|
|inactive|Battle timer is ON: inactive players will automatically lose when time's up. (requested by andrewcips)
|inactive|andrewcips has 60 seconds left.
|inactive|sbhaga34 has 60 seconds left.
|inactive|andrewcips has 30 seconds left.
|inactive|andrewcips has 20 seconds left.
|inactive|andrewcips has 15 seconds left.
|inactive|andrewcips has 10 seconds left.
|inactive|sbhaga34 has 30 seconds left.
|
|t:|1784218818
|teamsize|p1|4
|teamsize|p2|4
|start
|switch|p1a: Kingambit|Kingambit, L50, F|100/100
|switch|p1b: Whimsicott|Whimsicott, L50, M|100/100
|switch|p2a: Clefable|Clefable, L50, F|100/100
|switch|p2b: Chandelure|Chandelure, L50, M|100/100
|turn|1
|inactive|andrewcips has 30 seconds left.
|inactive|andrewcips has 20 seconds left.
|
|t:|1784218855
|switch|p1a: Garchomp|Garchomp, L50, F|100/100
|detailschange|p2a: Clefable|Clefable-Mega, L50, F
|-mega|p2a: Clefable|Clefable|Clefablite
|move|p1b: Whimsicott|Protect|p1b: Whimsicott
|-singleturn|p1b: Whimsicott|Protect
|move|p2a: Clefable|Follow Me|p2a: Clefable
|-singleturn|p2a: Clefable|move: Follow Me
|move|p2b: Chandelure|Heat Wave|p1a: Garchomp|[spread] p1a
|-activate|p1b: Whimsicott|move: Protect
|-resisted|p1a: Garchomp|1
|-damage|p1a: Garchomp|76/100
|
|upkeep
|turn|2
|inactive|sbhaga34 has 30 seconds left.
|
|t:|1784218888
|move|p1b: Whimsicott|Moonblast|p2b: Chandelure
|-resisted|p2b: Chandelure|1
|-damage|p2b: Chandelure|78/100
|move|p1a: Garchomp|Rock Slide|p2b: Chandelure|[spread] p2a,p2b
|-supereffective|p2a: Clefable|1
|-supereffective|p2b: Chandelure|1
|-damage|p2a: Clefable|50/100g
|-damage|p2b: Chandelure|16/100
|-damage|p1a: Garchomp|67/100|[from] item: Life Orb
|move|p2b: Chandelure|Heat Wave|p1a: Garchomp|[spread] p1a,p1b
|-resisted|p1a: Garchomp|1
|-supereffective|p1b: Whimsicott|1
|-damage|p1a: Garchomp|45/100
|-enditem|p1b: Whimsicott|Focus Sash
|-damage|p1b: Whimsicott|1/100
|-status|p1a: Garchomp|brn
|move|p2a: Clefable|Moonblast|p1a: Garchomp
|-supereffective|p1a: Garchomp|1
|-damage|p1a: Garchomp|0 fnt
|faint|p1a: Garchomp
|
|upkeep
|inactive|andrewcips has 30 seconds left.
|
|t:|1784218913
|switch|p1a: Glimmora|Glimmora, L50, M|100/100
|turn|3
|
|t:|1784218922
|switch|p2b: Tyranitar|Tyranitar, L50, F|100/100
|-weather|Sandstorm|[from] ability: Sand Stream|[of] p2b: Tyranitar
|detailschange|p1a: Glimmora|Glimmora-Mega, L50, M
|-mega|p1a: Glimmora|Glimmora|Glimmoranite
|move|p2a: Clefable|Protect|p2a: Clefable
|-singleturn|p2a: Clefable|Protect
|move|p1b: Whimsicott|Moonblast|p2b: Tyranitar
|-supereffective|p2b: Tyranitar|1
|-crit|p2b: Tyranitar
|-damage|p2b: Tyranitar|42/100
|move|p1a: Glimmora|Power Gem|p2a: Clefable
|-activate|p2a: Clefable|move: Protect
|
|-weather|Sandstorm|[upkeep]
|-damage|p1b: Whimsicott|0 fnt|[from] Sandstorm
|-damage|p2a: Clefable|45/100|[from] Sandstorm
|faint|p1b: Whimsicott
|upkeep
|
|t:|1784218929
|switch|p1b: Kingambit|Kingambit, L50, F|100/100
|turn|4
|
|t:|1784218952
|switch|p2a: Chandelure|Chandelure, L50, M|16/100
|move|p1a: Glimmora|Earth Power|p2b: Tyranitar
|-supereffective|p2b: Tyranitar|1
|-damage|p2b: Tyranitar|3/100
|move|p2b: Tyranitar|Rock Slide|p1b: Kingambit|[spread] p1a
|-miss|p2b: Tyranitar|p1b: Kingambit
|-damage|p1a: Glimmora|69/100
|move|p1b: Kingambit|Kowtow Cleave|p2a: Chandelure
|-supereffective|p2a: Chandelure|1
|-damage|p2a: Chandelure|0 fnt
|faint|p2a: Chandelure
|
|-weather|Sandstorm|[upkeep]
|upkeep
|
|t:|1784218963
|switch|p2a: Clefable|Clefable-Mega, L50, F|45/100
|turn|5
|
|t:|1784218972
|move|p2a: Clefable|Follow Me|p2a: Clefable
|-singleturn|p2a: Clefable|move: Follow Me
|move|p1b: Kingambit|Sucker Punch||[still]
|-fail|p1b: Kingambit
|move|p1a: Glimmora|Power Gem|p2a: Clefable
|-supereffective|p2a: Clefable|1
|-damage|p2a: Clefable|0 fnt
|faint|p2a: Clefable
|move|p2b: Tyranitar|Low Kick|p1b: Kingambit
|-supereffective|p1b: Kingambit|2
|-damage|p1b: Kingambit|7/100
|
|-weather|Sandstorm|[upkeep]
|upkeep
|
|t:|1784218982
|switch|p2a: Rotom|Rotom-Wash, L50|100/100
|turn|6
|
|t:|1784218998
|move|p1a: Glimmora|Spiky Shield|p1a: Glimmora
|-singleturn|p1a: Glimmora|move: Protect
|move|p2b: Tyranitar|Protect|p2b: Tyranitar
|-singleturn|p2b: Tyranitar|Protect
|move|p1b: Kingambit|Sucker Punch|p2a: Rotom
|-damage|p2a: Rotom|46/100
|move|p2a: Rotom|Electroweb|p1a: Glimmora|[spread] p1b
|-activate|p1a: Glimmora|move: Protect
|-damage|p1b: Kingambit|0 fnt
|faint|p1b: Kingambit
|
|-weather|Sandstorm|[upkeep]
|-damage|p2a: Rotom|40/100|[from] Sandstorm
|upkeep
|turn|7
|inactive|andrewcips has 30 seconds left.
|
|t:|1784219024
|move|p2a: Rotom|Electroweb|p1a: Glimmora
|-damage|p1a: Glimmora|53/100
|-unboost|p1a: Glimmora|spe|1
|move|p1a: Glimmora|Sludge Bomb|p2a: Rotom
|-damage|p2a: Rotom|0 fnt
|faint|p2a: Rotom
|move|p2b: Tyranitar|Rock Slide|p1a: Glimmora
|-damage|p1a: Glimmora|11/100
|
|-weather|none
|upkeep
|turn|8
|-message|sbhaga34 forfeited.
|
|win|andrewcips
