|j|☆Centiskorch18
|j|☆Sincubii
|html|Centiskorch18Sincubii    
|uhtml|bestof|Game 2 of a best-of-3
|t:|1757743739
|gametype|doubles
|player|p1|Centiskorch18|caitlin|1228
|player|p2|Sincubii|palmer|1080
|gen|9
|tier|[Gen 9] VGC 2025 Reg H (Bo3)
|rated|
|rule|Species Clause: Limit one of each Pokémon
|rule|Item Clause: Limit 1 of each item
|clearpoke
|poke|p1|Dragapult, L50, F|
|poke|p1|Sneasler, L50, M|
|poke|p1|Magmar, L50, M|
|poke|p1|Azumarill, L50, M|
|poke|p1|Rillaboom, L50, F|
|poke|p1|Ninetales-Alola, L50, M|
|poke|p2|Weavile, L50, M|
|poke|p2|Weezing-Galar, L50, M|
|poke|p2|Tyranitar, L50, F|
|poke|p2|Dragonite, L50, M|
|poke|p2|Typhlosion-Hisui, L50, M|
|poke|p2|Ursaluna-Bloodmoon, L50, M|
|teampreview|4
|showteam|p1|Dragapult||LifeOrb|ClearBody|TeraBlast,DragonDarts,SuckerPunch,Protect|||F|||50|,,,,,Ghost]Sneasler||FocusSash|PoisonTouch|CloseCombat,DireClaw,FakeOut,Protect|||M|||50|,,,,,Stellar]Magmar||Eviolite|VitalSpirit|Overheat,FollowMe,ClearSmog,Protect|||M|||50|,,,,,Ghost]Azumarill||SitrusBerry|HugePower|AquaJet,PlayRough,BellyDrum,Protect|||M|||50|,,,,,Poison]Rillaboom||AssaultVest|GrassySurge|WoodHammer,GrassyGlide,FakeOut,HighHorsepower|||F|||50|,,,,,Fire]Ninetales-Alola||ChoiceSpecs|SnowWarning|Blizzard,Moonblast,IcyWind,FreezeDry|||M|||50|,,,,,Ghost
|showteam|p2|Weavile||LifeOrb|Pressure|FakeOut,IceSpinner,KnockOff,LowKick|||M|||50|,,,,,Ghost]Weezing-Galar||SafetyGoggles|NeutralizingGas|StrangeSteam,WillOWisp,Taunt,Protect|||M|||50|,,,,,Fire]Tyranitar||AssaultVest|SandStream|KnockOff,RockSlide,TeraBlast,LowKick|||F|||50|,,,,,Flying]Dragonite||LoadedDice|InnerFocus|Protect,ScaleShot,Tailwind,IronHead|||M|||50|,,,,,Steel]Typhlosion-Hisui||ChoiceScarf|Blaze|Eruption,HeatWave,ShadowBall,Overheat|||M|||50|,,,,,Fire]Ursaluna-Bloodmoon||ThroatSpray|MindsEye|BloodMoon,HyperVoice,EarthPower,Protect|||M|||50|,,,,,Normal
|inactive|Battle timer is ON: inactive players will automatically lose when time's up. (requested by Centiskorch18)
|c|☆Centiskorch18|glhf
|inactive|Sincubii has 60 seconds left.
|
|t:|1757743795
|teamsize|p1|4
|teamsize|p2|4
|start
|switch|p1a: Azumarill|Azumarill, L50, M|100/100
|switch|p1b: Rillaboom|Rillaboom, L50, F|100/100
|switch|p2a: Weezing|Weezing-Galar, L50, M|100/100
|switch|p2b: Big Boss|Dragonite, L50, M, shiny|100/100
|-ability|p2a: Weezing|Neutralizing Gas
|turn|1
|
|t:|1757743811
|move|p1b: Rillaboom|Fake Out|p2a: Weezing
|-damage|p2a: Weezing|92/100
|move|p2b: Big Boss|Tailwind|p2b: Big Boss
|-sidestart|p2: Sincubii|move: Tailwind
|cant|p2a: Weezing|flinch
|move|p1a: Azumarill|Belly Drum|p1a: Azumarill
|-damage|p1a: Azumarill|50/100
|-setboost|p1a: Azumarill|atk|6|[from] move: Belly Drum
|-enditem|p1a: Azumarill|Sitrus Berry|[eat]
|-heal|p1a: Azumarill|75/100|[from] item: Sitrus Berry
|
|upkeep
|turn|2
|
|t:|1757743826
|switch|p1b: Magmar|Magmar, L50, M|100/100
|-terastallize|p2b: Big Boss|Steel
|move|p1a: Azumarill|Protect|p1a: Azumarill
|-singleturn|p1a: Azumarill|Protect
|move|p2b: Big Boss|Scale Shot|p1b: Magmar
|-damage|p1b: Magmar|85/100
|-damage|p1b: Magmar|71/100
|-damage|p1b: Magmar|57/100
|-damage|p1b: Magmar|43/100
|-hitcount|p1b: Magmar|4
|-unboost|p2b: Big Boss|def|1
|-boost|p2b: Big Boss|spe|1
|move|p2a: Weezing|Will-O-Wisp|p1a: Azumarill
|-activate|p1a: Azumarill|move: Protect
|
|upkeep
|turn|3
|inactive|Centiskorch18 has 30 seconds left.
|
|t:|1757743852
|move|p1b: Magmar|Follow Me|p1b: Magmar
|-singleturn|p1b: Magmar|move: Follow Me
|move|p1a: Azumarill|Aqua Jet|p2b: Big Boss
|-damage|p2b: Big Boss|34/100
|move|p2b: Big Boss|Scale Shot|p1b: Magmar
|-damage|p1b: Magmar|28/100
|-damage|p1b: Magmar|14/100
|-damage|p1b: Magmar|1/100
|-damage|p1b: Magmar|0 fnt
|faint|p1b: Magmar
|-hitcount|p1: Magmar|4
|-unboost|p2b: Big Boss|def|1
|-boost|p2b: Big Boss|spe|1
|move|p2a: Weezing|Will-O-Wisp|p1a: Azumarill
|-status|p1a: Azumarill|brn
|
|-damage|p1a: Azumarill|70/100 brn|[from] brn
|upkeep
|
|t:|1757743859
|switch|p1b: Sneasler|Sneasler, L50, M|100/100
|turn|4
|
|t:|1757743868
|move|p2b: Big Boss|Protect|p2b: Big Boss
|-singleturn|p2b: Big Boss|Protect
|move|p1b: Sneasler|Fake Out|p2a: Weezing
|-damage|p2a: Weezing|82/100
|move|p1a: Azumarill|Aqua Jet|p2b: Big Boss
|-activate|p2b: Big Boss|move: Protect
|cant|p2a: Weezing|flinch
|
|-damage|p1a: Azumarill|64/100 brn|[from] brn
|-sideend|p2: Sincubii|move: Tailwind
|upkeep
|turn|5
|inactive|Sincubii has 30 seconds left.
|
|t:|1757743896
|move|p1b: Sneasler|Protect|p1b: Sneasler
|-singleturn|p1b: Sneasler|Protect
|move|p1a: Azumarill|Aqua Jet|p2b: Big Boss
|-damage|p2b: Big Boss|0 fnt
|faint|p2b: Big Boss
|move|p2a: Weezing|Strange Steam|p1b: Sneasler
|-activate|p1b: Sneasler|move: Protect
|
|-damage|p1a: Azumarill|58/100 brn|[from] brn
|upkeep
|
|t:|1757743904
|switch|p2b: Weavile|Weavile, L50, M|100/100
|turn|6
|inactive|Centiskorch18 has 30 seconds left.
|
|t:|1757743930
|switch|p1b: Rillaboom|Rillaboom, L50, F|100/100
|move|p1a: Azumarill|Aqua Jet|p2a: Weezing
|-damage|p2a: Weezing|65/100
|move|p2b: Weavile|Ice Spinner|p1b: Rillaboom
|-supereffective|p1b: Rillaboom
|-damage|p1b: Rillaboom|0 fnt
|faint|p1b: Rillaboom
|-damage|p2b: Weavile|91/100|[from] item: Life Orb
|move|p2a: Weezing|Strange Steam|p1a: Azumarill
|-damage|p1a: Azumarill|31/100 brn
|
|-damage|p1a: Azumarill|25/100 brn|[from] brn
|upkeep
|
|t:|1757743933
|switch|p1b: Sneasler|Sneasler, L50, M|100/100
|turn|7
|inactive|Sincubii has 30 seconds left.
|
|t:|1757743964
|-terastallize|p1b: Sneasler|Stellar
|move|p2b: Weavile|Ice Spinner|p1a: Azumarill
|-resisted|p1a: Azumarill
|-damage|p1a: Azumarill|0 fnt
|faint|p1a: Azumarill
|-damage|p2b: Weavile|81/100|[from] item: Life Orb
|move|p1b: Sneasler|Dire Claw|p2a: Weezing
|-damage|p2a: Weezing|25/100
|move|p2a: Weezing|Will-O-Wisp|p1b: Sneasler|[miss]
|-miss|p2a: Weezing|p1b: Sneasler
|
|upkeep
|turn|8
|
|t:|1757743982
|move|p2b: Weavile|Ice Spinner|p1b: Sneasler
|-damage|p1b: Sneasler|18/100
|-damage|p2b: Weavile|72/100|[from] item: Life Orb
|move|p1b: Sneasler|Dire Claw|p2a: Weezing
|-damage|p2a: Weezing|0 fnt
|faint|p2a: Weezing
|-end|p2a: Weezing|ability: Neutralizing Gas
|-ability|p2b: Weavile|Pressure
|
|upkeep
|
|t:|1757743985
|switch|p2a: Typhlosion|Typhlosion-Hisui, L50, M|100/100
|turn|9
|-message|Centiskorch18 forfeited.
|
|win|Sincubii
|l|☆Centiskorch18
|player|p1|
||Centiskorch18 is ready for game 3.
||Centiskorch18 is ready for game 3.
|inactive|Sincubii has 30 seconds to confirm battle start!
|l|☆Sincubii
|player|p2|
||Sincubii is ready for game 3.
|uhtml|next|Next: Game 3 of 3
