|j|☆spearow's nest
|j|☆dogwitdaglasses
|html|spearow's nestdogwitdaglasses    
|uhtml|bestof|Game 2 of a best-of-3
|t:|1757643956
|gametype|doubles
|player|p1|spearow's nest|lance|
|player|p2|dogwitdaglasses|guzma|
|gen|9
|tier|[Gen 9] VGC 2025 Reg H (Bo3)
|rule|Species Clause: Limit one of each Pokémon
|rule|Item Clause: Limit 1 of each item
|clearpoke
|poke|p1|Incineroar, L50, M|
|poke|p1|Porygon2, L50|
|poke|p1|Amoonguss, L50, M|
|poke|p1|Ursaluna, L50, F|
|poke|p1|Gholdengo, L50|
|poke|p1|Flamigo, L50, F|
|poke|p2|Rillaboom, L50, M|
|poke|p2|Dragonite, L50, M|
|poke|p2|Sneasler, L50, M|
|poke|p2|Ninetales-Alola, L50, F|
|poke|p2|Kingambit, L50, M|
|poke|p2|Volcarona, L50, F|
|teampreview|4
|showteam|p1|Incineroar||SafetyGoggles|Intimidate|KnockOff,FlareBlitz,PartingShot,FakeOut|||M|||50|,,,,,Grass]Porygon2||Eviolite|Download|TeraBlast,IceBeam,Recover,TrickRoom||||||50|,,,,,Fighting]Amoonguss||MentalHerb|Regenerator|Spore,RagePowder,PollenPuff,SludgeBomb|||M|||50|,,,,,Water]Ursaluna||FlameOrb|Guts|Facade,HeadlongRush,Earthquake,Protect|||F|||50|,,,,,Normal]Gholdengo||LifeOrb|GoodasGold|MakeItRain,ShadowBall,NastyPlot,Protect||||||50|,,,,,Dragon]Flamigo||FocusSash|Scrappy|CloseCombat,BraveBird,WideGuard,Protect|||F|||50|,,,,,Ghost
|showteam|p2|Rillaboom||AssaultVest|GrassySurge|WoodHammer,GrassyGlide,HighHorsepower,FakeOut|||M|||50|,,,,,Fire]Dragonite||LoadedDice|Multiscale|Protect,ScaleShot,LowKick,Haze|||M|||50|,,,,,Fairy]Sneasler||WhiteHerb|Unburden|Protect,DireClaw,CloseCombat,Coaching|||M|||50|,,,,,Ghost]Ninetales-Alola||ChoiceSpecs|SnowWarning|Blizzard,IcyWind,Moonblast,FreezeDry|||F|||50|,,,,,Ghost]Kingambit||SafetyGoggles|Defiant|Protect,KowtowCleave,SuckerPunch,SwordsDance|||M|||50|,,,,,Dark]Volcarona||LumBerry|FlameBody|StruggleBug,RagePowder,Overheat,WillOWisp|||F|||50|,,,,,Fire
|
|t:|1757643964
|teamsize|p1|4
|teamsize|p2|4
|start
|switch|p1a: Flamigo|Flamigo, L50, F|100/100
|switch|p1b: Amoonguss|Amoonguss, L50, M|100/100
|switch|p2a: Sneasler|Sneasler, L50, M|100/100
|switch|p2b: Ninetales|Ninetales-Alola, L50, F|100/100
|-weather|Snowscape|[from] ability: Snow Warning|[of] p2b: Ninetales
|turn|1
|
|t:|1757643978
|move|p2a: Sneasler|Dire Claw|p1b: Amoonguss
|-damage|p1b: Amoonguss|67/100
|-status|p1b: Amoonguss|slp
|move|p2b: Ninetales|Freeze-Dry|p1b: Amoonguss
|-supereffective|p1b: Amoonguss
|-damage|p1b: Amoonguss|0 fnt
|faint|p1b: Amoonguss
|move|p1a: Flamigo|Brave Bird|p2a: Sneasler
|-supereffective|p2a: Sneasler
|-damage|p2a: Sneasler|0 fnt
|faint|p2a: Sneasler
|-damage|p1a: Flamigo|65/100|[from] Recoil
|
|-weather|Snowscape|[upkeep]
|upkeep
|
|t:|1757643992
|switch|p2a: Volcarona|Volcarona, L50, F|100/100
|switch|p1b: Porygon2|Porygon2, L50|100/100
|-ability|p1b: Porygon2|Download|boost
|-boost|p1b: Porygon2|atk|1
|turn|2
|
|t:|1757644007
|move|p2b: Ninetales|Freeze-Dry|p1a: Flamigo
|-supereffective|p1a: Flamigo
|-damage|p1a: Flamigo|0 fnt
|faint|p1a: Flamigo
|move|p2a: Volcarona|Struggle Bug|p1b: Porygon2
|-damage|p1b: Porygon2|86/100
|-unboost|p1b: Porygon2|spa|1
|move|p1b: Porygon2|Trick Room|p1b: Porygon2
|-fieldstart|move: Trick Room|[of] p1b: Porygon2
|
|-weather|Snowscape|[upkeep]
|upkeep
|
|t:|1757644015
|switch|p1a: Ursaluna|Ursaluna, L50, F|100/100
|turn|3
|
|t:|1757644026
|switch|p2b: Rillaboom|Rillaboom, L50, M|100/100
|-fieldstart|move: Grassy Terrain|[from] ability: Grassy Surge|[of] p2b: Rillaboom
|move|p1a: Ursaluna|Protect|p1a: Ursaluna
|-singleturn|p1a: Ursaluna|Protect
|move|p1b: Porygon2|Recover|p1b: Porygon2
|-heal|p1b: Porygon2|100/100
|move|p2a: Volcarona|Will-O-Wisp|p1b: Porygon2
|-status|p1b: Porygon2|brn
|
|-weather|Snowscape|[upkeep]
|-damage|p1b: Porygon2|94/100 brn|[from] brn
|-status|p1a: Ursaluna|brn|[from] item: Flame Orb
|upkeep
|turn|4
|
|t:|1757644045
|move|p2b: Rillaboom|Fake Out|p1a: Ursaluna
|-damage|p1a: Ursaluna|91/100 brn
|cant|p1a: Ursaluna|flinch
|move|p1b: Porygon2|Ice Beam|p2b: Rillaboom
|-supereffective|p2b: Rillaboom
|-damage|p2b: Rillaboom|76/100
|move|p2a: Volcarona|Struggle Bug|p1b: Porygon2|[spread] p1a,p1b
|-damage|p1a: Ursaluna|77/100 brn
|-damage|p1b: Porygon2|84/100 brn
|-unboost|p1a: Ursaluna|spa|1
|-unboost|p1b: Porygon2|spa|1
|
|-weather|Snowscape|[upkeep]
|-heal|p1a: Ursaluna|83/100 brn|[from] Grassy Terrain
|-heal|p1b: Porygon2|91/100 brn|[from] Grassy Terrain
|-heal|p2b: Rillaboom|82/100|[from] Grassy Terrain
|-damage|p1a: Ursaluna|77/100 brn|[from] brn
|-damage|p1b: Porygon2|84/100 brn|[from] brn
|upkeep
|turn|5
|
|t:|1757644066
|-terastallize|p1a: Ursaluna|Normal
|move|p2a: Volcarona|Rage Powder|p2a: Volcarona
|-singleturn|p2a: Volcarona|move: Rage Powder
|move|p1a: Ursaluna|Facade|p2a: Volcarona
|-damage|p2a: Volcarona|0 fnt
|faint|p2a: Volcarona
|move|p1b: Porygon2|Ice Beam|p2b: Rillaboom
|-supereffective|p2b: Rillaboom
|-damage|p2b: Rillaboom|62/100
|move|p2b: Rillaboom|Wood Hammer|p1a: Ursaluna
|-damage|p1a: Ursaluna|26/100 brn
|-damage|p2b: Rillaboom|42/100|[from] Recoil
|
|-weather|none
|-heal|p1a: Ursaluna|32/100 brn|[from] Grassy Terrain
|-heal|p1b: Porygon2|91/100 brn|[from] Grassy Terrain
|-heal|p2b: Rillaboom|49/100|[from] Grassy Terrain
|-damage|p1a: Ursaluna|26/100 brn|[from] brn
|-damage|p1b: Porygon2|84/100 brn|[from] brn
|upkeep
|
|t:|1757644079
|switch|p2a: Ninetales|Ninetales-Alola, L50, F|100/100
|-weather|Snowscape|[from] ability: Snow Warning|[of] p2a: Ninetales
|turn|6
|
|t:|1757644108
|-terastallize|p2b: Rillaboom|Fire
|move|p2b: Rillaboom|Grassy Glide|p1a: Ursaluna
|-damage|p1a: Ursaluna|0 fnt
|faint|p1a: Ursaluna
|move|p1b: Porygon2|Ice Beam|p2b: Rillaboom
|-resisted|p2b: Rillaboom
|-damage|p2b: Rillaboom|44/100
|move|p2a: Ninetales|Blizzard|p1b: Porygon2
|-damage|p1b: Porygon2|46/100 brn
|
|-weather|Snowscape|[upkeep]
|-heal|p1b: Porygon2|53/100 brn|[from] Grassy Terrain
|-heal|p2b: Rillaboom|50/100|[from] Grassy Terrain
|-damage|p1b: Porygon2|46/100 brn|[from] brn
|-fieldend|move: Trick Room
|upkeep
|turn|7
|
|t:|1757644121
|move|p2a: Ninetales|Blizzard|p1b: Porygon2
|-damage|p1b: Porygon2|6/100 brn
|move|p2b: Rillaboom|Wood Hammer|p1b: Porygon2
|-damage|p1b: Porygon2|0 fnt
|faint|p1b: Porygon2
|-damage|p2b: Rillaboom|49/100|[from] Recoil
|
|win|dogwitdaglasses
