|j|☆andiom123
|j|☆TrainerPoMa
|html|andiom123TrainerPoMa    
|uhtml|bestof|Game 2 of a best-of-3
|t:|1783298169
|gametype|doubles
|player|p1|andiom123|red|1162
|player|p2|TrainerPoMa|unknown|1138
|gen|9
|tier|[Gen 9 Champions] VGC 2026 Reg M-B (Bo3)
|rated|
|rule|Species Clause: Limit one of each Pokémon
|rule|Item Clause: Limit 1 of each item
|clearpoke
|poke|p1|Incineroar, L50, M|
|poke|p1|Farigiraf, L50, F|
|poke|p1|Sylveon, L50, M|
|poke|p1|Torkoal, L50, F|
|poke|p1|Kangaskhan, L50, F|
|poke|p1|Mawile, L50, F|
|poke|p2|Blastoise, L50, F, shiny|
|poke|p2|Vivillon-Icy Snow, L50, M|
|poke|p2|Pelipper, L50, F|
|poke|p2|Archaludon, L50, F|
|poke|p2|Kingambit, L50, M|
|poke|p2|Farigiraf, L50, F|
|teampreview|4
|showteam|p1|Incineroar||MuscleBand|Intimidate|ThroatChop,FlareBlitz,FakeOut,PartingShot|Brave||M|||50|]Farigiraf||SitrusBerry|ArmorTail|FoulPlay,PsychicNoise,TrickRoom,HelpingHand|Relaxed||F|||50|]Sylveon||LifeOrb|Pixilate|HyperVoice,HyperBeam,QuickAttack,Detect|Modest||M|||50|]Torkoal||Charcoal|Drought|Eruption,EarthPower,Flamethrower,Protect|Quiet||F|||50|]Kangaskhan||Kangaskhanite|Scrappy|DoubleEdge,FakeOut,IcePunch,HammerArm|Brave||F|||50|]Mawile||Mawilite|HyperCutter|RockSlide,PlayRough,SuckerPunch,Protect|Brave||F|||50|
|showteam|p2|Blastoise||Blastoisinite|RainDish|WaterSpout,DarkPulse,ShellSmash,Protect|Modest||F|||50|]Vivillon-Icy Snow||ChoiceScarf|CompoundEyes|SleepPowder,RagePowder,Hurricane,RainDance|Timid||M|||50|]Pelipper||FocusSash|Drizzle|WeatherBall,Hurricane,Tailwind,WideGuard|Modest||F|||50|]Archaludon||Leftovers|Stamina|ElectroShot,FlashCannon,DragonPulse,Protect|Modest||F|||50|]Kingambit||BlackGlasses|Defiant|SuckerPunch,KowtowCleave,LowKick,Protect|Adamant||M|||50|]Farigiraf||SitrusBerry|ArmorTail|TrickRoom,Psychic,HelpingHand,Thunderbolt|Bold||F|||50|
|inactive|Battle timer is ON: inactive players will automatically lose when time's up. (requested by TrainerPoMa)
|
|t:|1783298181
|teamsize|p1|4
|teamsize|p2|4
|start
|switch|p1a: Farigiraf|Farigiraf, L50, F|100/100
|switch|p1b: Kangaskhan|Kangaskhan, L50, F|100/100
|switch|p2a: Vivillon|Vivillon-Icy Snow, L50, M|100/100
|switch|p2b: Blastoise|Blastoise, L50, F, shiny|100/100
|turn|1
|inactive|andiom123 has 30 seconds left.
|
|t:|1783298215
|switch|p2b: Farigiraf|Farigiraf, L50, F|100/100
|detailschange|p1b: Kangaskhan|Kangaskhan-Mega, L50, F
|-mega|p1b: Kangaskhan|Kangaskhan|Kangaskhanite
|move|p2a: Vivillon|Sleep Powder|p1a: Farigiraf
|-status|p1a: Farigiraf|slp|[from] move: Sleep Powder
|move|p1b: Kangaskhan|Double-Edge|p2b: Farigiraf
|-damage|p2b: Farigiraf|55/100
|-damage|p2b: Farigiraf|44/100
|-enditem|p2b: Farigiraf|Sitrus Berry|[eat]
|-heal|p2b: Farigiraf|69/100|[from] item: Sitrus Berry
|-hitcount|p2b: Farigiraf|2
|-damage|p1b: Kangaskhan|80/100|[from] Recoil
|cant|p1a: Farigiraf|slp
|
|upkeep
|turn|2
|
|t:|1783298238
|move|p2a: Vivillon|Sleep Powder|p1b: Kangaskhan
|-status|p1b: Kangaskhan|slp|[from] move: Sleep Powder
|cant|p1b: Kangaskhan|slp
|move|p2b: Farigiraf|Psychic|p1b: Kangaskhan
|-damage|p1b: Kangaskhan|52/100 slp
|cant|p1a: Farigiraf|slp
|
|upkeep
|turn|3
|inactive|TrainerPoMa has 30 seconds left.
|
|t:|1783298263
|switch|p2a: Blastoise|Blastoise, L50, F, shiny|100/100
|cant|p1b: Kangaskhan|slp
|move|p2b: Farigiraf|Psychic|p1b: Kangaskhan
|-damage|p1b: Kangaskhan|22/100 slp
|-curestatus|p1a: Farigiraf|slp|[msg]
|move|p1a: Farigiraf|Trick Room|p1a: Farigiraf
|-fieldstart|move: Trick Room|[of] p1a: Farigiraf
|
|upkeep
|turn|4
|
|t:|1783298283
|switch|p2b: Vivillon|Vivillon-Icy Snow, L50, M|100/100
|move|p2a: Blastoise|Protect|p2a: Blastoise
|-singleturn|p2a: Blastoise|Protect
|move|p1a: Farigiraf|Psychic Noise|p2a: Blastoise
|-activate|p2a: Blastoise|move: Protect
|-curestatus|p1b: Kangaskhan|slp|[msg]
|move|p1b: Kangaskhan|Double-Edge|p2a: Blastoise
|-activate|p2a: Blastoise|move: Protect
|
|upkeep
|turn|5
|inactive|TrainerPoMa has 30 seconds left.
|inactive|TrainerPoMa has 20 seconds left.
|
|t:|1783298321
|switch|p2a: Farigiraf|Farigiraf, L50, F|69/100
|switch|p2b: Pelipper|Pelipper, L50, F|100/100
|-weather|RainDance|[from] ability: Drizzle|[of] p2b: Pelipper
|move|p1a: Farigiraf|Psychic Noise|p2a: Farigiraf
|-resisted|p2a: Farigiraf|1
|-damage|p2a: Farigiraf|55/100
|-start|p2a: Farigiraf|move: Heal Block
|move|p1b: Kangaskhan|Double-Edge|p2b: Pelipper
|-damage|p2b: Pelipper|34/100
|-damage|p2b: Pelipper|19/100
|-hitcount|p2b: Pelipper|2
|-damage|p1b: Kangaskhan|1/100|[from] Recoil
|
|-weather|RainDance|[upkeep]
|upkeep
|turn|6
|inactive|TrainerPoMa has 30 seconds left.
|
|t:|1783298348
|move|p1a: Farigiraf|Psychic Noise|p2b: Pelipper
|-damage|p2b: Pelipper|0 fnt
|faint|p2b: Pelipper
|move|p2a: Farigiraf|Thunderbolt|p1b: Kangaskhan
|-damage|p1b: Kangaskhan|0 fnt
|faint|p1b: Kangaskhan
|
|-weather|RainDance|[upkeep]
|-end|p2a: Farigiraf|move: Heal Block
|upkeep
|
|t:|1783298357
|switch|p2b: Blastoise|Blastoise, L50, F, shiny|100/100
|switch|p1b: Torkoal|Torkoal, L50, F|100/100
|-weather|SunnyDay|[from] ability: Drought|[of] p1b: Torkoal
|turn|7
|
|t:|1783298379
|move|p2b: Blastoise|Protect|p2b: Blastoise
|-singleturn|p2b: Blastoise|Protect
|move|p1b: Torkoal|Eruption|p2a: Farigiraf|[spread] p2a
|-activate|p2b: Blastoise|move: Protect
|-damage|p2a: Farigiraf|0 fnt
|faint|p2a: Farigiraf
|move|p1a: Farigiraf|Psychic Noise|p2b: Blastoise
|-activate|p2b: Blastoise|move: Protect
|
|-weather|SunnyDay|[upkeep]
|-fieldend|move: Trick Room
|upkeep
|
|t:|1783298383
|switch|p2a: Vivillon|Vivillon-Icy Snow, L50, M|100/100
|turn|8
|inactive|TrainerPoMa has 30 seconds left.
|inactive|andiom123 has 30 seconds left.
|
|t:|1783298418
|detailschange|p2b: Blastoise|Blastoise-Mega, L50, F, shiny
|-mega|p2b: Blastoise|Blastoise|Blastoisinite
|move|p2a: Vivillon|Rain Dance|p2a: Vivillon
|-weather|RainDance
|move|p2b: Blastoise|Water Spout|p1a: Farigiraf|[spread] p1a,p1b
|-supereffective|p1b: Torkoal|1
|-damage|p1a: Farigiraf|10/100
|-damage|p1b: Torkoal|0 fnt
|-enditem|p1a: Farigiraf|Sitrus Berry|[eat]
|-heal|p1a: Farigiraf|35/100|[from] item: Sitrus Berry
|faint|p1b: Torkoal
|move|p1a: Farigiraf|Trick Room|p1a: Farigiraf
|-fieldstart|move: Trick Room|[of] p1a: Farigiraf
|
|-weather|RainDance|[upkeep]
|upkeep
|
|t:|1783298429
|switch|p1b: Sylveon|Sylveon, L50, M|100/100
|turn|9
|
|t:|1783298450
|move|p1a: Farigiraf|Helping Hand|p1b: Sylveon
|-singleturn|p1b: Sylveon|Helping Hand|[of] p1a: Farigiraf
|move|p2b: Blastoise|Protect|p2b: Blastoise
|-singleturn|p2b: Blastoise|Protect
|move|p1b: Sylveon|Hyper Voice|p2b: Blastoise|[spread] p2a
|-activate|p2b: Blastoise|move: Protect
|-damage|p2a: Vivillon|0 fnt
|faint|p2a: Vivillon
|-damage|p1b: Sylveon|90/100|[from] item: Life Orb
|
|-weather|RainDance|[upkeep]
|upkeep
|turn|10
|
|t:|1783298464
|move|p1a: Farigiraf|Helping Hand|p1b: Sylveon
|-singleturn|p1b: Sylveon|Helping Hand|[of] p1a: Farigiraf
|move|p1b: Sylveon|Hyper Beam|p2b: Blastoise
|-damage|p2b: Blastoise|0 fnt
|-mustrecharge|p1b: Sylveon
|faint|p2b: Blastoise
|-damage|p1b: Sylveon|80/100|[from] item: Life Orb
|
|win|andiom123
|raw|andiom123's rating: 1162 → 1185(+23 for winning)
|raw|TrainerPoMa's rating: 1138 → 1115(-23 for losing)
