|j|вҳҶNotaplaceofhonor
|j|вҳҶMichaelDerGitano
|html|NotaplaceofhonorMichaelDerGitano    
|uhtml|bestof|Game 3 of a best-of-3
|t:|1755816333
|gametype|doubles
|player|p1|Notaplaceofhonor|juan-gen3|1212
|player|p2|MichaelDerGitano|will|1221
|gen|9
|tier|[Gen 9] VGC 2025 Reg H (Bo3)
|rated|
|rule|Species Clause: Limit one of each PokГ©mon
|rule|Item Clause: Limit 1 of each item
|clearpoke
|poke|p1|Tyranitar, L50, M|
|poke|p1|Sneasler, L50, M|
|poke|p1|Gholdengo, L50|
|poke|p1|Talonflame, L50, M|
|poke|p1|Electabuzz, L50, M|
|poke|p1|Rillaboom, L50, F|
|poke|p2|Maushold-Four, L50|
|poke|p2|Annihilape, L50, F|
|poke|p2|Klefki, L50, M|
|poke|p2|Ursaluna-Bloodmoon, L50, M|
|poke|p2|Sneasler, L50, F|
|poke|p2|Rillaboom, L50, M|
|teampreview|4
|showteam|p1|Tyranitar||AssaultVest|SandStream|RockSlide,KnockOff,LowKick,TeraBlast|||M|||50|,,,,,Flying]Sneasler||FocusSash|Unburden|Protect,FakeOut,DireClaw,CloseCombat|||M|||50|,,,,,Stellar]Gholdengo||LifeOrb|GoodasGold|Protect,NastyPlot,MakeItRain,ShadowBall||||||50|,,,,,Water]Talonflame||SharpBeak|GaleWings|Protect,Tailwind,BraveBird,FlareBlitz|||M|||50|,,,,,Flying]Electabuzz||Eviolite|VitalSpirit|Protect,Electroweb,Taunt,FollowMe|||M|||50|,,,,,Ghost]Rillaboom||GrassySeed|GrassySurge|GrassyGlide,WoodHammer,FakeOut,HighHorsepower|||F|||50|,,,,,Fire
|showteam|p2|Maushold-Four||SafetyGoggles|FriendGuard|Protect,FollowMe,Taunt,BeatUp||||||50|,,,,,Ghost]Annihilape||Leftovers|Defiant|Protect,BulkUp,RageFist,DrainPunch|||F|||50|,,,,,Fire]Klefki||LightClay|Prankster|Reflect,LightScreen,ThunderWave,DazzlingGleam|||M|||50|,,,,,Ghost]Ursaluna-Bloodmoon||AssaultVest|MindsEye|HyperVoice,BloodMoon,EarthPower,VacuumWave|||M|||50|,,,,,Ghost]Sneasler||FocusSash|Unburden|Protect,DireClaw,CloseCombat,ThroatChop|||F|||50|,,,,,Stellar]Rillaboom||LoadedDice|GrassySurge|FakeOut,GrassyGlide,BulletSeed,Uturn|||M|||50|,,,,,Grass
|
|t:|1755816364
|teamsize|p1|4
|teamsize|p2|4
|start
|switch|p1a: Gholdengo|Gholdengo, L50|100/100
|switch|p1b: Electabuzz|Electabuzz, L50, M|100/100
|switch|p2a: Los RamГӯrez|Maushold-Four, L50|100/100
|switch|p2b: йӣЁжҷҜиүІ|Annihilape, L50, F|100/100
|turn|1
|
|t:|1755816378
|move|p1b: Electabuzz|Follow Me|p1b: Electabuzz
|-singleturn|p1b: Electabuzz|move: Follow Me
|move|p2a: Los RamГӯrez|Taunt|p1b: Electabuzz
|-start|p1b: Electabuzz|move: Taunt
|move|p2b: йӣЁжҷҜиүІ|Bulk Up|p2b: йӣЁжҷҜиүІ
|-boost|p2b: йӣЁжҷҜиүІ|atk|1
|-boost|p2b: йӣЁжҷҜиүІ|def|1
|move|p1a: Gholdengo|Nasty Plot|p1a: Gholdengo
|-boost|p1a: Gholdengo|spa|2
|
|upkeep
|turn|2
|
|t:|1755816393
|move|p1a: Gholdengo|Protect|p1a: Gholdengo
|-singleturn|p1a: Gholdengo|Protect
|move|p2a: Los RamГӯrez|Beat Up|p2b: йӣЁжҷҜиүІ
|-damage|p2b: йӣЁжҷҜиүІ|99/100
|-damage|p2b: йӣЁжҷҜиүІ|97/100
|-damage|p2b: йӣЁжҷҜиүІ|96/100
|-damage|p2b: йӣЁжҷҜиүІ|94/100
|-hitcount|p2b: йӣЁжҷҜиүІ|4
|move|p1b: Electabuzz|Electroweb|p2a: Los RamГӯrez|[spread] p2a,p2b
|-crit|p2a: Los RamГӯrez
|-damage|p2a: Los RamГӯrez|73/100
|-damage|p2b: йӣЁжҷҜиүІ|85/100
|-unboost|p2a: Los RamГӯrez|spe|1
|-unboost|p2b: йӣЁжҷҜиүІ|spe|1
|-ability|p2b: йӣЁжҷҜиүІ|Defiant|boost
|-boost|p2b: йӣЁжҷҜиүІ|atk|2
|move|p2b: йӣЁжҷҜиүІ|Rage Fist|p1a: Gholdengo
|-activate|p1a: Gholdengo|move: Protect
|
|-heal|p2b: йӣЁжҷҜиүІ|91/100|[from] item: Leftovers
|upkeep
|turn|3
|
|t:|1755816420
|switch|p1b: Sneasler|Sneasler, L50, M|100/100
|-terastallize|p2b: йӣЁжҷҜиүІ|Fire
|move|p2a: Los RamГӯrez|Follow Me|p2a: Los RamГӯrez
|-singleturn|p2a: Los RamГӯrez|move: Follow Me
|move|p1a: Gholdengo|Make It Rain|p2a: Los RamГӯrez|[spread] p2a,p2b
|-resisted|p2b: йӣЁжҷҜиүІ
|-damage|p2a: Los RamГӯrez|0 fnt
|-damage|p2b: йӣЁжҷҜиүІ|52/100
|-unboost|p1a: Gholdengo|spa|1
|faint|p2a: Los RamГӯrez
|-damage|p1a: Gholdengo|91/100|[from] item: Life Orb
|move|p2b: йӣЁжҷҜиүІ|Rage Fist|p1a: Gholdengo
|-supereffective|p1a: Gholdengo
|-damage|p1a: Gholdengo|0 fnt
|faint|p1a: Gholdengo
|
|-heal|p2b: йӣЁжҷҜиүІ|58/100|[from] item: Leftovers
|upkeep
|
|t:|1755816437
|switch|p2a: жІҒгҒҝиҫјгӮҖ|Klefki, L50, M|100/100
|switch|p1a: Talonflame|Talonflame, L50, M|100/100
|turn|4
|
|t:|1755816450
|-terastallize|p1a: Talonflame|Flying
|move|p2b: йӣЁжҷҜиүІ|Protect|p2b: йӣЁжҷҜиүІ
|-singleturn|p2b: йӣЁжҷҜиүІ|Protect
|move|p1b: Sneasler|Fake Out|p2a: жІҒгҒҝиҫјгӮҖ
|-resisted|p2a: жІҒгҒҝиҫјгӮҖ
|-damage|p2a: жІҒгҒҝиҫјгӮҖ|94/100
|move|p1a: Talonflame|Brave Bird|p2b: йӣЁжҷҜиүІ
|-activate|p2b: йӣЁжҷҜиүІ|move: Protect
|cant|p2a: жІҒгҒҝиҫјгӮҖ|flinch
|
|-heal|p2b: йӣЁжҷҜиүІ|64/100|[from] item: Leftovers
|upkeep
|turn|5
|
|t:|1755816463
|move|p1a: Talonflame|Brave Bird|p2b: йӣЁжҷҜиүІ
|-damage|p2b: йӣЁжҷҜиүІ|10/100
|-damage|p1a: Talonflame|76/100|[from] Recoil
|move|p2a: жІҒгҒҝиҫјгӮҖ|Reflect|p2a: жІҒгҒҝиҫјгӮҖ
|-sidestart|p2: MichaelDerGitano|Reflect
|move|p1b: Sneasler|Close Combat|p2b: йӣЁжҷҜиүІ
|-damage|p2b: йӣЁжҷҜиүІ|0 fnt
|-unboost|p1b: Sneasler|def|1
|-unboost|p1b: Sneasler|spd|1
|faint|p2b: йӣЁжҷҜиүІ
|
|upkeep
|
|t:|1755816471
|switch|p2b: гӮўгғігӮігғјгғ«гғҖгғігӮ№|Sneasler, L50, F|100/100
|turn|6
|
|t:|1755816515
|move|p2a: жІҒгҒҝиҫјгӮҖ|Thunder Wave|p1b: Sneasler
|-status|p1b: Sneasler|par
|move|p2b: гӮўгғігӮігғјгғ«гғҖгғігӮ№|Dire Claw|p1a: Talonflame
|-damage|p1a: Talonflame|11/100
|-status|p1a: Talonflame|psn
|move|p1a: Talonflame|Flare Blitz|p2a: жІҒгҒҝиҫјгӮҖ
|-supereffective|p2a: жІҒгҒҝиҫјгӮҖ
|-damage|p2a: жІҒгҒҝиҫјгӮҖ|35/100
|-damage|p1a: Talonflame|0 fnt|[from] Recoil
|faint|p1a: Talonflame
|cant|p1b: Sneasler|par
|
|upkeep
|
|t:|1755816527
|switch|p1a: Electabuzz|Electabuzz, L50, M|100/100
|turn|7
|
|t:|1755816542
|move|p2b: гӮўгғігӮігғјгғ«гғҖгғігӮ№|Close Combat|p1b: Sneasler
|-resisted|p1b: Sneasler
|-damage|p1b: Sneasler|12/100 par
|-unboost|p2b: гӮўгғігӮігғјгғ«гғҖгғігӮ№|def|1
|-unboost|p2b: гӮўгғігӮігғјгғ«гғҖгғігӮ№|spd|1
|move|p1a: Electabuzz|Electroweb|p2b: гӮўгғігӮігғјгғ«гғҖгғігӮ№|[spread] p2a,p2b
|-damage|p2a: жІҒгҒҝиҫјгӮҖ|21/100
|-damage|p2b: гӮўгғігӮігғјгғ«гғҖгғігӮ№|70/100
|-unboost|p2a: жІҒгҒҝиҫјгӮҖ|spe|1
|-unboost|p2b: гӮўгғігӮігғјгғ«гғҖгғігӮ№|spe|1
|move|p1b: Sneasler|Close Combat|p2a: жІҒгҒҝиҫјгӮҖ
|-damage|p2a: жІҒгҒҝиҫјгӮҖ|0 fnt
|-unboost|p1b: Sneasler|def|1
|-unboost|p1b: Sneasler|spd|1
|faint|p2a: жІҒгҒҝиҫјгӮҖ
|
|upkeep
|turn|8
|
|t:|1755816561
|move|p1b: Sneasler|Protect|p1b: Sneasler
|-singleturn|p1b: Sneasler|Protect
|move|p1a: Electabuzz|Electroweb|p2b: гӮўгғігӮігғјгғ«гғҖгғігӮ№
|-damage|p2b: гӮўгғігӮігғјгғ«гғҖгғігӮ№|31/100
|-unboost|p2b: гӮўгғігӮігғјгғ«гғҖгғігӮ№|spe|1
|move|p2b: гӮўгғігӮігғјгғ«гғҖгғігӮ№|Dire Claw|p1a: Electabuzz
|-damage|p1a: Electabuzz|62/100
|
|upkeep
|turn|9
|inactive|Battle timer is ON: inactive players will automatically lose when time's up. (requested by MichaelDerGitano)
|
|t:|1755816576
|move|p1a: Electabuzz|Follow Me|p1a: Electabuzz
|-singleturn|p1a: Electabuzz|move: Follow Me
|move|p1b: Sneasler|Close Combat|p2b: гӮўгғігӮігғјгғ«гғҖгғігӮ№
|-resisted|p2b: гӮўгғігӮігғјгғ«гғҖгғігӮ№
|-damage|p2b: гӮўгғігӮігғјгғ«гғҖгғігӮ№|0 fnt
|-unboost|p1b: Sneasler|def|1
|-unboost|p1b: Sneasler|spd|1
|faint|p2b: гӮўгғігӮігғјгғ«гғҖгғігӮ№
|
|win|Notaplaceofhonor
|raw|Notaplaceofhonor's rating: 1212 → 1238(+26 for winning)
|raw|MichaelDerGitano's rating: 1221 → 1195(-26 for losing)
|l|вҳҶNotaplaceofhonor
|player|p1|
|j|вҳҶNotaplaceofhonor
|player|p1|Notaplaceofhonor|juan-gen3|
