|j|☆lukashz
|j|☆bumbumsujo
|html|lukashzbumbumsujo    
|uhtml|bestof|Game 1 of a best-of-3
|t:|1782963567
|gametype|doubles
|player|p1|lukashz|elesa|1313
|player|p2|bumbumsujo|dawn|1541
|gen|9
|tier|[Gen 9 Champions] VGC 2026 Reg M-B (Bo3)
|rated|
|rule|Species Clause: Limit one of each Pokémon
|rule|Item Clause: Limit 1 of each item
|clearpoke
|poke|p1|Chandelure, L50, M|
|poke|p1|Kangaskhan, L50, F|
|poke|p1|Basculegion, L50, M|
|poke|p1|Sylveon, L50, F|
|poke|p1|Kingambit, L50, F|
|poke|p1|Sneasler, L50, F|
|poke|p2|Gardevoir, L50, M|
|poke|p2|Talonflame, L50, M|
|poke|p2|Maushold-Four, L50|
|poke|p2|Kingambit, L50, M|
|poke|p2|Kommo-o, L50, F|
|poke|p2|Basculegion, L50, M|
|teampreview|4
|showteam|p1|Chandelure||FocusSash|FlashFire|HeatWave,ShadowBall,TrickRoom,Taunt|Quiet||M|||50|]Kangaskhan||Kangaskhanite|InnerFocus|FakeOut,DoubleEdge,SuckerPunch,SunnyDay|Brave||F|||50|]Basculegion||MysticWater|Adaptability|WaveCrash,LastRespects,AquaJet,Protect|Brave||M|||50|]Sylveon||FairyFeather|Pixilate|HyperVoice,Protect,HyperBeam,QuickAttack|Quiet||F|||50|]Kingambit||BlackGlasses|Defiant|KowtowCleave,SuckerPunch,IronHead,LowKick|Brave||F|||50|]Sneasler||WhiteHerb|Unburden|FakeOut,Coaching,CloseCombat,DireClaw|Jolly||F|||50|
|showteam|p2|Gardevoir||Gardevoirite|Trace|HyperVoice,Psychic,Thunderbolt,Protect|Modest||M|||50|]Talonflame||SharpBeak|GaleWings|DualWingbeat,FlareBlitz,Tailwind,Protect|Jolly||M|||50|]Maushold-Four||FocusSash|FriendGuard|SuperFang,Taunt,FollowMe,Protect|Jolly|||||50|]Kingambit||ExpertBelt|Defiant|KowtowCleave,SuckerPunch,LowKick,IronHead|Jolly||M|||50|]Kommo-o||LifeOrb|Soundproof|ClangingScales,ThunderPunch,AuraSphere,Protect|Mild||F|||50|]Basculegion||ChoiceScarf|Adaptability|WaveCrash,LastRespects,AquaJet,FlipTurn|Jolly||M|||50|
|
|t:|1782963650
|teamsize|p1|4
|teamsize|p2|4
|start
|switch|p1a: Chandelure|Chandelure, L50, M|100/100
|switch|p1b: Kangaskhan|Kangaskhan, L50, F|100/100
|switch|p2a: Talonflame|Talonflame, L50, M|100/100
|switch|p2b: Kingambit|Kingambit, L50, M|100/100
|turn|1
|
|t:|1782963675
|detailschange|p1b: Kangaskhan|Kangaskhan-Mega, L50, F
|-mega|p1b: Kangaskhan|Kangaskhan|Kangaskhanite
|move|p2a: Talonflame|Protect|p2a: Talonflame
|-singleturn|p2a: Talonflame|Protect
|move|p2b: Kingambit|Kowtow Cleave|p1a: Chandelure
|-supereffective|p1a: Chandelure|1
|-enditem|p1a: Chandelure|Focus Sash
|-damage|p1a: Chandelure|1/100
|move|p1b: Kangaskhan|Sunny Day|p1b: Kangaskhan
|-weather|SunnyDay
|move|p1a: Chandelure|Heat Wave|p2b: Kingambit|[spread] p2b
|-activate|p2a: Talonflame|move: Protect
|-supereffective|p2b: Kingambit|1
|-damage|p2b: Kingambit|0 fnt
|faint|p2b: Kingambit
|
|-weather|SunnyDay|[upkeep]
|upkeep
|
|t:|1782963688
|switch|p2b: Maushold|Maushold-Four, L50|100/100
|turn|2
|
|t:|1782963704
|switch|p1a: Kingambit|Kingambit, L50, F|100/100
|move|p2a: Talonflame|Dual Wingbeat|p1a: Kingambit
|-resisted|p1a: Kingambit|1
|-damage|p1a: Kingambit|92/100
|-resisted|p1a: Kingambit|1
|-damage|p1a: Kingambit|85/100
|-hitcount|p1a: Kingambit|2
|move|p2b: Maushold|Super Fang|p1b: Kangaskhan
|-damage|p1b: Kangaskhan|50/100y
|move|p1b: Kangaskhan|Double-Edge|p2a: Talonflame
|-damage|p2a: Talonflame|21/100
|-damage|p2a: Talonflame|5/100
|-hitcount|p2a: Talonflame|2
|-damage|p1b: Kangaskhan|27/100|[from] Recoil
|
|-weather|SunnyDay|[upkeep]
|upkeep
|turn|3
|
|t:|1782963729
|switch|p1b: Sylveon|Sylveon, L50, F|100/100
|switch|p1a: Chandelure|Chandelure, L50, M|1/100
|move|p2a: Talonflame|Flare Blitz|p1b: Sylveon
|-damage|p1b: Sylveon|26/100
|-damage|p2a: Talonflame|0 fnt|[from] Recoil
|faint|p2a: Talonflame
|move|p2b: Maushold|Super Fang|p1a: Chandelure
|-immune|p1a: Chandelure
|
|-weather|SunnyDay|[upkeep]
|upkeep
|
|t:|1782963736
|switch|p2a: Gardevoir|Gardevoir, L50, M|100/100
|-ability|p2a: Gardevoir|Pixilate|Trace|[from] ability: Trace|[of] p1b: Sylveon
|turn|4
|
|t:|1782963784
|switch|p1a: Kingambit|Kingambit, L50, F|85/100
|detailschange|p2a: Gardevoir|Gardevoir-Mega, L50, M
|-mega|p2a: Gardevoir|Gardevoir|Gardevoirite
|move|p1b: Sylveon|Quick Attack|p2a: Gardevoir
|-damage|p2a: Gardevoir|82/100
|move|p2b: Maushold|Super Fang|p1a: Kingambit|[miss]
|-miss|p2b: Maushold|p1a: Kingambit
|move|p2a: Gardevoir|Hyper Voice|p1a: Kingambit|[spread] p1a,p1b
|-damage|p1a: Kingambit|36/100
|-damage|p1b: Sylveon|0 fnt
|faint|p1b: Sylveon
|
|-weather|SunnyDay|[upkeep]
|upkeep
|
|t:|1782963802
|switch|p1b: Kangaskhan|Kangaskhan-Mega, L50, F|27/100
|turn|5
|
|t:|1782963812
|move|p2b: Maushold|Protect|p2b: Maushold
|-singleturn|p2b: Maushold|Protect
|move|p2a: Gardevoir|Protect|p2a: Gardevoir
|-singleturn|p2a: Gardevoir|Protect
|move|p1b: Kangaskhan|Fake Out|p2a: Gardevoir
|-activate|p2a: Gardevoir|move: Protect
|move|p1a: Kingambit|Kowtow Cleave|p2b: Maushold
|-activate|p2b: Maushold|move: Protect
|
|-weather|none
|upkeep
|turn|6
|
|t:|1782963828
|move|p2b: Maushold|Follow Me|p2b: Maushold
|-singleturn|p2b: Maushold|move: Follow Me
|move|p2a: Gardevoir|Hyper Voice|p1b: Kangaskhan|[spread] p1a,p1b
|-crit|p1b: Kangaskhan
|-damage|p1a: Kingambit|0 fnt
|-damage|p1b: Kangaskhan|0 fnt
|faint|p1a: Kingambit
|faint|p1b: Kangaskhan
|
|upkeep
|
|t:|1782963834
|switch|p1b: Chandelure|Chandelure, L50, M|1/100
|turn|7
|
|t:|1782963840
|move|p2b: Maushold|Taunt|p1b: Chandelure
|-start|p1b: Chandelure|move: Taunt
|move|p2a: Gardevoir|Psychic|p1b: Chandelure
|-damage|p1b: Chandelure|0 fnt
|faint|p1b: Chandelure
|
|win|bumbumsujo
||bumbumsujo is ready for game 2.
||lukashz is ready for game 2.
|uhtml|next|Next: Game 2 of 3
