|j|☆Garden Monke
|j|☆zileu
|html|Garden Monkezileu    
|uhtml|bestof|Game 1 of a best-of-3
|t:|1784495781
|gametype|doubles
|player|p1|Garden Monke|giacomo|1124
|player|p2|zileu|cyclist-gen4|1072
|gen|9
|tier|[Gen 9 Champions] VGC 2026 Reg M-B (Bo3)
|rated|
|rule|Species Clause: Limit one of each Pokémon
|rule|Item Clause: Limit 1 of each item
|clearpoke
|poke|p1|Incineroar, L50, M|
|poke|p1|Sinistcha, L50|
|poke|p1|Gengar, L50, M|
|poke|p1|Swampert, L50, M|
|poke|p1|Politoed, L50, F|
|poke|p1|Archaludon, L50, F|
|poke|p2|Gengar, L50, M, shiny|
|poke|p2|Incineroar, L50, F|
|poke|p2|Sinistcha, L50|
|poke|p2|Politoed, L50, M|
|poke|p2|Tinkaton, L50, F|
|poke|p2|Kommo-o, L50, M|
|teampreview|4
|showteam|p1|Incineroar||PasshoBerry|Intimidate|ThroatChop,FakeOut,PartingShot,Protect|Sassy||M|||50|]Sinistcha||ColburBerry|Hospitality|MatchaGotcha,RagePowder,TrickRoom,Protect|Calm|||||50|]Gengar||Gengarite|CursedBody|ShadowBall,Disable,PerishSong,Protect|Timid||M|||50|]Swampert||Swampertite|Damp|WaveCrash,HighHorsepower,IcePunch,Protect|Adamant||M|||50|]Politoed||SitrusBerry|Drizzle|WeatherBall,Encore,PerishSong,Protect|Calm||F|||50|]Archaludon||Leftovers|Stamina|ElectroShot,DragonPulse,FlashCannon,Protect|Modest||F|||50|
|showteam|p2|Gengar||Gengarite|CursedBody|ShadowBall,Disable,PerishSong,Protect|Timid||M|||50|]Incineroar||IronBall|Intimidate|FakeOut,ThroatChop,PartingShot,Protect|Relaxed||F|||50|]Sinistcha||KasibBerry|Hospitality|MatchaGotcha,RagePowder,LifeDew,Protect|Relaxed|||||50|]Politoed||SitrusBerry|Drizzle|WeatherBall,Encore,PerishSong,Protect|Bold||M|||50|]Tinkaton||ShucaBerry|MoldBreaker|FakeOut,GigatonHammer,Encore,Protect|Jolly||F|||50|]Kommo-o||Leftovers|Soundproof|ClangingScales,AuraSphere,ClangorousSoul,Protect|Timid||M|||50|
|inactive|Battle timer is ON: inactive players will automatically lose when time's up. (requested by Garden Monke)
|inactive|zileu has 60 seconds left.
|
|t:|1784495816
|teamsize|p1|4
|teamsize|p2|4
|start
|switch|p1a: Swampert|Swampert, L50, M|100/100
|switch|p1b: Incineroar|Incineroar, L50, M|100/100
|switch|p2a: Kommo-o|Kommo-o, L50, M|100/100
|switch|p2b: Incineroar|Incineroar, L50, F|100/100
|-ability|p1b: Incineroar|Intimidate|boost
|-unboost|p2a: Kommo-o|atk|1
|-unboost|p2b: Incineroar|atk|1
|-ability|p2b: Incineroar|Intimidate|boost
|-unboost|p1a: Swampert|atk|1
|-unboost|p1b: Incineroar|atk|1
|turn|1
|
|t:|1784495830
|detailschange|p1a: Swampert|Swampert-Mega, L50, M
|-mega|p1a: Swampert|Swampert|Swampertite
|move|p1b: Incineroar|Fake Out|p2a: Kommo-o
|-damage|p2a: Kommo-o|93/100
|move|p2b: Incineroar|Fake Out|p1a: Swampert
|-damage|p1a: Swampert|94/100
|cant|p2a: Kommo-o|flinch
|cant|p1a: Swampert|flinch
|
|-heal|p2a: Kommo-o|99/100|[from] item: Leftovers
|upkeep
|turn|2
|inactive|zileu has 30 seconds left.
|
|t:|1784495861
|switch|p1a: Politoed|Politoed, L50, F|100/100
|-weather|RainDance|[from] ability: Drizzle|[of] p1a: Politoed
|switch|p2b: Sinistcha|Sinistcha, L50|100/100
|-heal|p2a: Kommo-o|100/100|[from] ability: Hospitality|[of] p2b: Sinistcha
|move|p2a: Kommo-o|Clangorous Soul|p2a: Kommo-o
|-boost|p2a: Kommo-o|atk|1
|-boost|p2a: Kommo-o|def|1
|-boost|p2a: Kommo-o|spa|1
|-boost|p2a: Kommo-o|spd|1
|-boost|p2a: Kommo-o|spe|1
|-damage|p2a: Kommo-o|67/100
|move|p1b: Incineroar|Parting Shot|p2a: Kommo-o
|-immune|p2a: Kommo-o|[from] ability: Soundproof
|
|-weather|RainDance|[upkeep]
|-heal|p2a: Kommo-o|73/100|[from] item: Leftovers
|upkeep
|turn|3
|inactive|Garden Monke has 30 seconds left.
|inactive|zileu has 30 seconds left.
|
|t:|1784495889
|move|p1a: Politoed|Protect|p1a: Politoed
|-singleturn|p1a: Politoed|Protect
|move|p2a: Kommo-o|Clanging Scales|p1b: Incineroar|[spread] p1b
|-activate|p1a: Politoed|move: Protect
|-damage|p1b: Incineroar|56/100
|-unboost|p2a: Kommo-o|def|1
|move|p2b: Sinistcha|Life Dew||[still]|[spread] p2a,p2b
|-heal|p2a: Kommo-o|98/100
|-fail|p2b: Sinistcha|heal
|move|p1b: Incineroar|Parting Shot|p2b: Sinistcha
|-unboost|p2b: Sinistcha|atk|1
|-unboost|p2b: Sinistcha|spa|1
|
|t:|1784495899
|switch|p1b: Swampert|Swampert-Mega, L50, M|94/100|[from] Parting Shot
|
|-weather|RainDance|[upkeep]
|-heal|p2a: Kommo-o|100/100|[from] item: Leftovers
|upkeep
|turn|4
|
|t:|1784495918
|move|p1b: Swampert|Ice Punch|p2a: Kommo-o
|-supereffective|p2a: Kommo-o|1
|-damage|p2a: Kommo-o|42/100
|move|p2a: Kommo-o|Clangorous Soul|p2a: Kommo-o
|-boost|p2a: Kommo-o|atk|1
|-boost|p2a: Kommo-o|def|1
|-boost|p2a: Kommo-o|spa|1
|-boost|p2a: Kommo-o|spd|1
|-boost|p2a: Kommo-o|spe|1
|-damage|p2a: Kommo-o|9/100
|move|p1a: Politoed|Weather Ball|p2a: Kommo-o
|-resisted|p2a: Kommo-o|1
|-damage|p2a: Kommo-o|0 fnt
|faint|p2a: Kommo-o
|move|p2b: Sinistcha|Matcha Gotcha|p1a: Politoed|[spread] p1a,p1b
|-supereffective|p1a: Politoed|1
|-supereffective|p1b: Swampert|2
|-damage|p1a: Politoed|74/100
|-damage|p1b: Swampert|36/100
|
|-weather|RainDance|[upkeep]
|upkeep
|
|t:|1784495934
|switch|p2a: Incineroar|Incineroar, L50, F|100/100
|-ability|p2a: Incineroar|Intimidate|boost
|-unboost|p1a: Politoed|atk|1
|-unboost|p1b: Swampert|atk|1
|turn|5
|
|t:|1784495955
|switch|p1b: Archaludon|Archaludon, L50, F|100/100
|move|p2a: Incineroar|Fake Out|p1a: Politoed
|-damage|p1a: Politoed|63/100
|cant|p1a: Politoed|flinch
|move|p2b: Sinistcha|Matcha Gotcha|p1b: Archaludon|[spread] p1a,p1b
|-supereffective|p1a: Politoed|1
|-resisted|p1b: Archaludon|2
|-damage|p1a: Politoed|39/100
|-damage|p1b: Archaludon|96/100
|-status|p1b: Archaludon|brn
|-ability|p1b: Archaludon|Stamina|boost
|-boost|p1b: Archaludon|def|1
|-enditem|p1a: Politoed|Sitrus Berry|[eat]
|-heal|p1a: Politoed|64/100|[from] item: Sitrus Berry
|
|-weather|RainDance|[upkeep]
|-heal|p1b: Archaludon|100/100 brn|[from] item: Leftovers
|-damage|p1b: Archaludon|93/100 brn|[from] brn
|upkeep
|turn|6
|inactive|zileu has 30 seconds left.
|
|t:|1784495983
|move|p1b: Archaludon|Electro Shot||[still]
|-prepare|p1b: Archaludon|Electro Shot
|-boost|p1b: Archaludon|spa|1
|-anim|p1b: Archaludon|Electro Shot|p2a: Incineroar
|-damage|p2a: Incineroar|49/100
|move|p1a: Politoed|Weather Ball|p2a: Incineroar
|-supereffective|p2a: Incineroar|1
|-damage|p2a: Incineroar|0 fnt
|faint|p2a: Incineroar
|move|p2b: Sinistcha|Matcha Gotcha|p1b: Archaludon|[spread] p1a,p1b
|-supereffective|p1a: Politoed|1
|-resisted|p1b: Archaludon|2
|-damage|p1a: Politoed|38/100
|-damage|p1b: Archaludon|89/100 brn
|-ability|p1b: Archaludon|Stamina|boost
|-boost|p1b: Archaludon|def|1
|
|-weather|none
|-heal|p1b: Archaludon|95/100 brn|[from] item: Leftovers
|-damage|p1b: Archaludon|89/100 brn|[from] brn
|upkeep
|
|t:|1784495992
|switch|p2a: Gengar|Gengar, L50, M, shiny|100/100
|turn|7
|
|t:|1784496006
|switch|p1a: Incineroar|Incineroar, L50, M|56/100
|-ability|p1a: Incineroar|Intimidate|boost
|-unboost|p2a: Gengar|atk|1
|-unboost|p2b: Sinistcha|atk|1
|detailschange|p2a: Gengar|Gengar-Mega, L50, M, shiny
|-mega|p2a: Gengar|Gengar|Gengarite
|move|p2a: Gengar|Shadow Ball|p1b: Archaludon
|-damage|p1b: Archaludon|44/100 brn
|-ability|p1b: Archaludon|Stamina|boost
|-boost|p1b: Archaludon|def|1
|move|p1b: Archaludon|Dragon Pulse|p2b: Sinistcha
|-damage|p2b: Sinistcha|47/100
|move|p2b: Sinistcha|Matcha Gotcha|p1a: Incineroar|[spread] p1a,p1b
|-resisted|p1a: Incineroar|1
|-resisted|p1b: Archaludon|2
|-damage|p1a: Incineroar|50/100y
|-heal|p2b: Sinistcha|51/100|[from] drain|[of] p1a: Incineroar
|-damage|p1b: Archaludon|41/100 brn
|-heal|p2b: Sinistcha|52/100|[from] drain|[of] p1b: Archaludon
|-ability|p1b: Archaludon|Stamina|boost
|-boost|p1b: Archaludon|def|1
|
|-heal|p1b: Archaludon|47/100 brn|[from] item: Leftovers
|-damage|p1b: Archaludon|41/100 brn|[from] brn
|upkeep
|turn|8
|
|t:|1784496026
|move|p1b: Archaludon|Protect|p1b: Archaludon
|-singleturn|p1b: Archaludon|Protect
|move|p2a: Gengar|Shadow Ball|p1a: Incineroar
|-resisted|p1a: Incineroar|1
|-damage|p1a: Incineroar|30/100
|-unboost|p1a: Incineroar|spd|1
|move|p2b: Sinistcha|Life Dew||[still]|[spread] p2a,p2b
|-fail|p2a: Gengar|heal
|-heal|p2b: Sinistcha|78/100
|move|p1a: Incineroar|Parting Shot|p2a: Gengar
|-unboost|p2a: Gengar|atk|1
|-unboost|p2a: Gengar|spa|1
|
|t:|1784496040
|switch|p1a: Politoed|Politoed, L50, F|38/100|[from] Parting Shot
|-weather|RainDance|[from] ability: Drizzle|[of] p1a: Politoed
|
|-weather|RainDance|[upkeep]
|-heal|p1b: Archaludon|47/100 brn|[from] item: Leftovers
|-damage|p1b: Archaludon|41/100 brn|[from] brn
|upkeep
|turn|9
|
|t:|1784496051
|move|p2a: Gengar|Shadow Ball|p1b: Archaludon
|-damage|p1b: Archaludon|9/100 brn
|-unboost|p1b: Archaludon|spd|1
|-ability|p1b: Archaludon|Stamina|boost
|-boost|p1b: Archaludon|def|1
|move|p1b: Archaludon|Electro Shot||[still]
|-prepare|p1b: Archaludon|Electro Shot
|-boost|p1b: Archaludon|spa|1
|-anim|p1b: Archaludon|Electro Shot|p2a: Gengar
|-damage|p2a: Gengar|0 fnt
|faint|p2a: Gengar
|move|p1a: Politoed|Perish Song|p1a: Politoed
|-start|p1a: Politoed|perish3|[silent]
|-start|p1b: Archaludon|perish3|[silent]
|-start|p2b: Sinistcha|perish3|[silent]
|-fieldactivate|move: Perish Song
|move|p2b: Sinistcha|Matcha Gotcha|p1a: Politoed|[spread] p1a,p1b
|-supereffective|p1a: Politoed|1
|-resisted|p1b: Archaludon|2
|-damage|p1a: Politoed|14/100
|-heal|p2b: Sinistcha|91/100|[from] drain|[of] p1a: Politoed
|-damage|p1b: Archaludon|3/100 brn
|-heal|p2b: Sinistcha|94/100|[from] drain|[of] p1b: Archaludon
|-ability|p1b: Archaludon|Stamina|boost
|-boost|p1b: Archaludon|def|1
|
|-weather|RainDance|[upkeep]
|-heal|p1b: Archaludon|9/100 brn|[from] item: Leftovers
|-damage|p1b: Archaludon|3/100 brn|[from] brn
|-start|p1b: Archaludon|perish3
|-start|p1a: Politoed|perish3
|-start|p2b: Sinistcha|perish3
|upkeep
|turn|10
|inactive|Garden Monke has 30 seconds left.
|inactive|Garden Monke has 20 seconds left.
|
|t:|1784496088
|move|p1b: Archaludon|Dragon Pulse|p2b: Sinistcha
|-damage|p2b: Sinistcha|26/100
|move|p1a: Politoed|Weather Ball|p2b: Sinistcha
|-resisted|p2b: Sinistcha|1
|-damage|p2b: Sinistcha|5/100
|move|p2b: Sinistcha|Matcha Gotcha|p1a: Politoed|[spread] p1a,p1b
|-supereffective|p1a: Politoed|1
|-resisted|p1b: Archaludon|2
|-damage|p1a: Politoed|0 fnt
|-heal|p2b: Sinistcha|12/100|[from] drain|[of] p1a: Politoed
|-damage|p1b: Archaludon|0 fnt
|-heal|p2b: Sinistcha|15/100|[from] drain|[of] p1b: Archaludon
|faint|p1a: Politoed
|faint|p1b: Archaludon
|
|-weather|RainDance|[upkeep]
|-start|p2b: Sinistcha|perish2
|upkeep
|-message|zileu forfeited.
|
|win|Garden Monke
|l|☆zileu
|player|p2|
||zileu is ready for game 2.
||Garden Monke is ready for game 2.
|uhtml|next|Next: Game 2 of 3
