|j|☆Zelgius of Begnion
|j|☆Zero_BlazeVGC
|html|Zelgius of BegnionZero_BlazeVGC    
|uhtml|bestof|Game 3 of a best-of-3
|t:|1755095235
|gametype|doubles
|player|p1|Zelgius of Begnion|veteranf|1219
|player|p2|Zero_BlazeVGC|alder|1332
|gen|9
|tier|[Gen 9] VGC 2025 Reg H (Bo3)
|rated|
|rule|Species Clause: Limit one of each Pokémon
|rule|Item Clause: Limit 1 of each item
|clearpoke
|poke|p1|Rillaboom, L50, F|
|poke|p1|Electabuzz, L50, F|
|poke|p1|Archaludon, L50, M|
|poke|p1|Kingambit, L50, M|
|poke|p1|Pelipper, L50, F|
|poke|p1|Basculegion, L50, M|
|poke|p2|Gholdengo, L50|
|poke|p2|Pelipper, L50, M|
|poke|p2|Basculegion, L50, M|
|poke|p2|Archaludon, L50, M|
|poke|p2|Amoonguss, L50, F|
|poke|p2|Incineroar, L50, M|
|teampreview|4
|showteam|p1|Rillaboom||LoadedDice|GrassySurge|HighHorsepower,BulletSeed,GrassyGlide,FakeOut|||F|||50|,,,,,Fire]Electabuzz||Eviolite|VitalSpirit|Electroweb,Taunt,Protect,FollowMe|||F|||50|,,,,,Ghost]Archaludon||AssaultVest|Stamina|ElectroShot,BodyPress,FlashCannon,DracoMeteor|||M|||50|,,,,,Water]Kingambit||BlackGlasses|Defiant|Protect,KowtowCleave,SwordsDance,SuckerPunch|||M|||50|,,,,,Dark]Pelipper||FocusSash|Drizzle|WeatherBall,Hurricane,Tailwind,Protect|||F|||50|,,,,,Ground]Basculegion||ChoiceBand|SwiftSwim|WaveCrash,AquaJet,FlipTurn,LastRespects|||M|||50|,,,,,Grass
|showteam|p2|Gholdengo||LifeOrb|GoodasGold|Protect,NastyPlot,MakeItRain,ShadowBall||||||50|,,,,,Water]Pelipper||FocusSash|Drizzle|Protect,Tailwind,WeatherBall,Hurricane|||M|||50|,,,,,Stellar]Basculegion||ChoiceBand|SwiftSwim|AquaJet,WaveCrash,FlipTurn,LastRespects|||M|||50|,,,,,Fairy]Archaludon||AssaultVest|Stamina|ElectroShot,Snarl,FlashCannon,BodyPress|||M|||50|,,,,,Bug]Amoonguss||SitrusBerry|Regenerator|PollenPuff,Spore,RagePowder,Protect|||F|||50|,,,,,Fairy]Incineroar||SafetyGoggles|Intimidate|FakeOut,KnockOff,PartingShot,Taunt|||M|||50|,,,,,Ghost
|l|☆Zelgius of Begnion
|player|p1|
|inactive|Battle timer is ON: inactive players will automatically lose when time's up. (requested by Zero_BlazeVGC)
|j|☆Zelgius of Begnion
|inactive|Zelgius of Begnion reconnected and has 90 seconds left.
|player|p1|Zelgius of Begnion|veteranf|
|inactive|Zelgius of Begnion has 60 seconds left.
|
|t:|1755095294
|teamsize|p1|4
|teamsize|p2|4
|start
|switch|p1a: Archaludon|Archaludon, L50, M|100/100
|switch|p1b: Rillaboom|Rillaboom, L50, F|100/100
|switch|p2a: Oogie Boogie|Basculegion, L50, M|100/100
|switch|p2b: Berry Delite|Pelipper, L50, M|100/100
|-weather|RainDance|[from] ability: Drizzle|[of] p2b: Berry Delite
|-fieldstart|move: Grassy Terrain|[from] ability: Grassy Surge|[of] p1b: Rillaboom
|turn|1
|inactive|Zero_BlazeVGC has 30 seconds left.
|
|t:|1755095328
|move|p2a: Oogie Boogie|Flip Turn|p1b: Rillaboom
|-resisted|p1b: Rillaboom
|-damage|p1b: Rillaboom|67/100
|
|t:|1755095336
|switch|p2a: Metalman|Archaludon, L50, M|100/100|[from] Flip Turn
|move|p2b: Berry Delite|Hurricane|p1b: Rillaboom
|-supereffective|p1b: Rillaboom
|-damage|p1b: Rillaboom|0 fnt
|faint|p1b: Rillaboom
|move|p1a: Archaludon|Electro Shot||[still]
|-prepare|p1a: Archaludon|Electro Shot
|-boost|p1a: Archaludon|spa|1
|-anim|p1a: Archaludon|Electro Shot|p2a: Metalman
|-resisted|p2a: Metalman
|-damage|p2a: Metalman|76/100
|-ability|p2a: Metalman|Stamina|boost
|-boost|p2a: Metalman|def|1
|
|-weather|RainDance|[upkeep]
|-heal|p2a: Metalman|82/100|[from] Grassy Terrain
|upkeep
|
|t:|1755095346
|switch|p1b: Kingambit|Kingambit, L50, M|100/100
|turn|2
|
|t:|1755095365
|switch|p2b: Benadryl|Amoonguss, L50, F|100/100
|move|p1b: Kingambit|Protect|p1b: Kingambit
|-singleturn|p1b: Kingambit|Protect
|move|p2a: Metalman|Electro Shot||[still]
|-prepare|p2a: Metalman|Electro Shot
|-boost|p2a: Metalman|spa|1
|-anim|p2a: Metalman|Electro Shot|p1b: Kingambit
|-activate|p1b: Kingambit|move: Protect
|move|p1a: Archaludon|Electro Shot||[still]
|-prepare|p1a: Archaludon|Electro Shot
|-boost|p1a: Archaludon|spa|1
|-anim|p1a: Archaludon|Electro Shot|p2b: Benadryl
|-resisted|p2b: Benadryl
|-damage|p2b: Benadryl|66/100
|
|-weather|RainDance|[upkeep]
|-heal|p2a: Metalman|88/100|[from] Grassy Terrain
|-heal|p2b: Benadryl|72/100|[from] Grassy Terrain
|upkeep
|turn|3
|inactive|Zelgius of Begnion has 30 seconds left.
|inactive|Zero_BlazeVGC has 30 seconds left.
|
|t:|1755095395
|move|p2a: Metalman|Electro Shot||[still]
|-prepare|p2a: Metalman|Electro Shot
|-boost|p2a: Metalman|spa|1
|-anim|p2a: Metalman|Electro Shot|p1b: Kingambit
|-damage|p1b: Kingambit|26/100
|move|p1a: Archaludon|Electro Shot||[still]
|-prepare|p1a: Archaludon|Electro Shot
|-boost|p1a: Archaludon|spa|1
|-anim|p1a: Archaludon|Electro Shot|p2b: Benadryl
|-resisted|p2b: Benadryl
|-damage|p2b: Benadryl|29/100
|-enditem|p2b: Benadryl|Sitrus Berry|[eat]
|-heal|p2b: Benadryl|54/100|[from] item: Sitrus Berry
|move|p1b: Kingambit|Kowtow Cleave|p2b: Benadryl
|-damage|p2b: Benadryl|3/100
|move|p2b: Benadryl|Spore|p1a: Archaludon
|-status|p1a: Archaludon|slp|[from] move: Spore
|
|-weather|RainDance|[upkeep]
|-heal|p2a: Metalman|94/100|[from] Grassy Terrain
|-heal|p1b: Kingambit|32/100|[from] Grassy Terrain
|-heal|p2b: Benadryl|9/100|[from] Grassy Terrain
|upkeep
|turn|4
|inactive|Zelgius of Begnion has 30 seconds left.
|inactive|Zero_BlazeVGC has 30 seconds left.
|inactive|Zelgius of Begnion has 20 seconds left.
|inactive|Zero_BlazeVGC has 20 seconds left.
|inactive|Zero_BlazeVGC has 15 seconds left.
|inactive|Zero_BlazeVGC has 10 seconds left.
|inactive|Zero_BlazeVGC has 5 seconds left.
|
|t:|1755095447
|switch|p2b: Oogie Boogie|Basculegion, L50, M|100/100
|move|p2a: Metalman|Electro Shot||[still]
|-prepare|p2a: Metalman|Electro Shot
|-boost|p2a: Metalman|spa|1
|-anim|p2a: Metalman|Electro Shot|p1b: Kingambit
|-damage|p1b: Kingambit|0 fnt
|faint|p1b: Kingambit
|cant|p1a: Archaludon|slp
|
|-weather|RainDance|[upkeep]
|-heal|p2a: Metalman|100/100|[from] Grassy Terrain
|upkeep
|
|t:|1755095456
|switch|p1b: Electabuzz|Electabuzz, L50, F|100/100
|turn|5
|inactive|Zero_BlazeVGC has 30 seconds left.
|
|t:|1755095490
|move|p1b: Electabuzz|Protect|p1b: Electabuzz
|-singleturn|p1b: Electabuzz|Protect
|move|p2b: Oogie Boogie|Flip Turn|p2a: Metalman
|-resisted|p2a: Metalman
|-damage|p2a: Metalman|82/100
|-ability|p2a: Metalman|Stamina|boost
|-boost|p2a: Metalman|def|1
|
|t:|1755095497
|switch|p2b: Benadryl|Amoonguss, L50, F|42/100|[from] Flip Turn
|move|p2a: Metalman|Electro Shot||[still]
|-prepare|p2a: Metalman|Electro Shot
|-boost|p2a: Metalman|spa|1
|-anim|p2a: Metalman|Electro Shot|p1b: Electabuzz
|-activate|p1b: Electabuzz|move: Protect
|cant|p1a: Archaludon|slp
|
|-weather|none
|-heal|p2a: Metalman|88/100|[from] Grassy Terrain
|-heal|p2b: Benadryl|48/100|[from] Grassy Terrain
|-fieldend|move: Grassy Terrain
|upkeep
|turn|6
|inactive|Zero_BlazeVGC has 30 seconds left.
|
|t:|1755095526
|move|p2b: Benadryl|Protect|p2b: Benadryl
|-singleturn|p2b: Benadryl|Protect
|move|p1b: Electabuzz|Taunt|p2b: Benadryl
|-activate|p2b: Benadryl|move: Protect
|move|p2a: Metalman|Flash Cannon|p1b: Electabuzz
|-resisted|p1b: Electabuzz
|-damage|p1b: Electabuzz|57/100
|-curestatus|p1a: Archaludon|slp|[msg]
|move|p1a: Archaludon|Draco Meteor|p2a: Metalman
|-damage|p2a: Metalman|0 fnt
|-unboost|p1a: Archaludon|spa|2
|faint|p2a: Metalman
|
|upkeep
|inactive|Zero_BlazeVGC has 30 seconds left.
|l|☆Zelgius of Begnion
|inactive|Zelgius of Begnion disconnected and has a minute to reconnect!
|player|p1|
|
|t:|1755095557
|switch|p2a: Berry Delite|Pelipper, L50, M|100/100
|-weather|RainDance|[from] ability: Drizzle|[of] p2a: Berry Delite
|turn|7
|j|☆Zelgius of Begnion
|inactive|Zelgius of Begnion reconnected and has 55 seconds left.
|player|p1|Zelgius of Begnion|veteranf|
|inactive|Zelgius of Begnion has 30 seconds left.
|inactive|Zelgius of Begnion has 20 seconds left.
|inactive|Zelgius of Begnion has 15 seconds left.
|inactive|Zelgius of Begnion has 10 seconds left.
|
|t:|1755095607
|move|p2b: Benadryl|Rage Powder|p2b: Benadryl
|-singleturn|p2b: Benadryl|move: Rage Powder
|move|p1b: Electabuzz|Taunt|p2b: Benadryl
|-start|p2b: Benadryl|move: Taunt
|move|p2a: Berry Delite|Weather Ball|p1b: Electabuzz
|-damage|p1b: Electabuzz|5/100
|move|p1a: Archaludon|Flash Cannon|p2b: Benadryl
|-damage|p2b: Benadryl|1/100
|
|-weather|RainDance|[upkeep]
|upkeep
|turn|8
|inactive|Zero_BlazeVGC has 30 seconds left.
|
|t:|1755095641
|move|p2a: Berry Delite|Protect|p2a: Berry Delite
|-singleturn|p2a: Berry Delite|Protect
|move|p1b: Electabuzz|Electroweb|p2a: Berry Delite|[spread] p2b
|-activate|p2a: Berry Delite|move: Protect
|-resisted|p2b: Benadryl
|-damage|p2b: Benadryl|0 fnt
|faint|p2b: Benadryl
|move|p1a: Archaludon|Electro Shot||[still]
|-prepare|p1a: Archaludon|Electro Shot
|-boost|p1a: Archaludon|spa|1
|-anim|p1a: Archaludon|Electro Shot|p2a: Berry Delite
|-activate|p2a: Berry Delite|move: Protect
|
|-weather|RainDance|[upkeep]
|upkeep
|
|t:|1755095649
|switch|p2b: Oogie Boogie|Basculegion, L50, M|100/100
|turn|9
|inactive|Zero_BlazeVGC has 30 seconds left.
|
|t:|1755095676
|-terastallize|p2b: Oogie Boogie|Fairy
|move|p1b: Electabuzz|Follow Me|p1b: Electabuzz
|-singleturn|p1b: Electabuzz|move: Follow Me
|move|p2b: Oogie Boogie|Last Respects|p1b: Electabuzz
|-damage|p1b: Electabuzz|0 fnt
|faint|p1b: Electabuzz
|move|p2a: Berry Delite|Weather Ball|p1a: Archaludon
|-resisted|p1a: Archaludon
|-damage|p1a: Archaludon|78/100
|-ability|p1a: Archaludon|Stamina|boost
|-boost|p1a: Archaludon|def|1
|move|p1a: Archaludon|Electro Shot||[still]
|-prepare|p1a: Archaludon|Electro Shot
|-boost|p1a: Archaludon|spa|1
|-anim|p1a: Archaludon|Electro Shot|p2b: Oogie Boogie
|-damage|p2b: Oogie Boogie|0 fnt
|faint|p2b: Oogie Boogie
|
|-weather|RainDance|[upkeep]
|upkeep
|turn|10
|
|t:|1755095695
|move|p2a: Berry Delite|Weather Ball|p1a: Archaludon
|-resisted|p1a: Archaludon
|-damage|p1a: Archaludon|54/100
|-ability|p1a: Archaludon|Stamina|boost
|-boost|p1a: Archaludon|def|1
|move|p1a: Archaludon|Electro Shot||[still]
|-prepare|p1a: Archaludon|Electro Shot
|-boost|p1a: Archaludon|spa|1
|-anim|p1a: Archaludon|Electro Shot|p2a: Berry Delite
|-supereffective|p2a: Berry Delite
|-enditem|p2a: Berry Delite|Focus Sash
|-damage|p2a: Berry Delite|1/100
|
|-weather|RainDance|[upkeep]
|upkeep
|turn|11
|
|t:|1755095702
|move|p2a: Berry Delite|Protect|p2a: Berry Delite
|-singleturn|p2a: Berry Delite|Protect
|move|p1a: Archaludon|Flash Cannon|p2a: Berry Delite
|-activate|p2a: Berry Delite|move: Protect
|
|-weather|none
|upkeep
|turn|12
|
|t:|1755095706
|move|p2a: Berry Delite|Weather Ball|p1a: Archaludon
|-resisted|p1a: Archaludon
|-damage|p1a: Archaludon|49/100
|-ability|p1a: Archaludon|Stamina|boost
|-boost|p1a: Archaludon|def|1
|move|p1a: Archaludon|Flash Cannon|p2a: Berry Delite
|-resisted|p2a: Berry Delite
|-damage|p2a: Berry Delite|0 fnt
|faint|p2a: Berry Delite
|
|win|Zelgius of Begnion
|raw|Zelgius of Begnion's rating: 1219 → 1252(+33 for winning)
|raw|Zero_BlazeVGC's rating: 1332 → 1306(-26 for losing)
|c|☆Zelgius of Begnion|Gg
|l|☆Zelgius of Begnion
|player|p1|
|l|☆Zero_BlazeVGC
|player|p2|
|j|☆Zero_BlazeVGC
|player|p2|Zero_BlazeVGC|alder|
|l|☆Zero_BlazeVGC
|player|p2|
|j|☆Zelgius of Begnion
|player|p1|Zelgius of Begnion|veteranf|
