|j|☆watergoat52
|j|☆okkoso
|html|watergoat52okkoso    
|uhtml|bestof|Game 2 of a best-of-3
|t:|1756431968
|gametype|doubles
|player|p1|watergoat52|blackbelt-gen4dp|1003
|player|p2|okkoso|waiter-gen4dp|1004
|gen|9
|tier|[Gen 9] VGC 2025 Reg H (Bo3)
|rated|
|rule|Species Clause: Limit one of each Pokémon
|rule|Item Clause: Limit 1 of each item
|clearpoke
|poke|p1|Greedent, L50, M|
|poke|p1|Rabsca, L50, F|
|poke|p1|Yanmega, L50, F|
|poke|p1|Sableye, L50, M|
|poke|p1|Drifblim, L50, M|
|poke|p2|Muk-Alola, L50, F|
|poke|p2|Smeargle, L50, M|
|poke|p2|Maushold-Four, L50|
|poke|p2|Annihilape, L50, F|
|poke|p2|Sinistcha, L50|
|poke|p2|Archaludon, L50, F|
|teampreview|4
|showteam|p1|Greedent||SitrusBerry|CheekPouch|BellyDrum,Protect,Earthquake,KnockOff|||M|||50|,,,,,Ghost]Rabsca||CovertCloak|Telepathy|StruggleBug,Gravity,RevivalBlessing,TrickRoom|||F|||50|,,,,,Dragon]Yanmega||FocusSash|SpeedBoost|AirSlash,Hypnosis,Protect,DoubleTeam|||F|||50|,,,,,Dark]Sableye||MentalHerb|Prankster|Gravity,Disable,FakeOut,Encore|||M|||50|,,,,,Flying]Drifblim||Leftovers|Aftermath|StrengthSap,TrickRoom,ClearSmog,Minimize|||M|||50|,,,,,Ghost
|showteam|p2|Muk-Alola||BlackSludge|PowerofAlchemy|Minimize,KnockOff,Protect,DrainPunch|||F|||50|,,,,,Poison]Smeargle||FocusSash|Moody|FakeOut,Spore,Decorate,FollowMe|||M|||50|,,,,,Grass]Maushold-Four||SafetyGoggles|FriendGuard|PopulationBomb,Protect,FollowMe,BeatUp||||||50|,,,,,Ghost]Annihilape||ExpertBelt|Defiant|BulkUp,DrainPunch,RageFist,Protect|||F|||50|,,,,,Water]Sinistcha||SitrusBerry|Hospitality|MatchaGotcha,ShadowBall,CalmMind,RagePowder||||||50|,,,,,Ghost]Archaludon||AssaultVest|Stamina|DracoMeteor,ElectroShot,BodyPress,DragonPulse|||F|||50|,,,,,Water
|
|t:|1756431986
|teamsize|p1|4
|teamsize|p2|4
|start
|switch|p1a: Greedent|Greedent, L50, M|100/100
|switch|p1b: Rabsca|Rabsca, L50, F|100/100
|switch|p2a: Muk|Muk-Alola, L50, F|100/100
|switch|p2b: Smeargle|Smeargle, L50, M|100/100
|turn|1
|inactive|Battle timer is ON: inactive players will automatically lose when time's up. (requested by watergoat52)
|inactive|watergoat52 has 60 seconds left.
|inactive|okkoso has 60 seconds left.
|
|t:|1756432027
|switch|p1b: Yanmega|Yanmega, L50, F|100/100
|move|p1a: Greedent|Protect|p1a: Greedent
|-singleturn|p1a: Greedent|Protect
|move|p2b: Smeargle|Spore|p1a: Greedent
|-activate|p1a: Greedent|move: Protect
|move|p2a: Muk|Minimize|p2a: Muk
|-boost|p2a: Muk|evasion|2
|
|-ability|p2b: Smeargle|Moody|boost
|-boost|p2b: Smeargle|spd|2
|-unboost|p2b: Smeargle|spa|1
|upkeep
|turn|2
|
|t:|1756432048
|move|p1b: Yanmega|Hypnosis|p2b: Smeargle
|-status|p2b: Smeargle|slp|[from] move: Hypnosis
|cant|p2b: Smeargle|slp
|move|p2a: Muk|Minimize|p2a: Muk
|-boost|p2a: Muk|evasion|2
|move|p1a: Greedent|Belly Drum|p1a: Greedent
|-damage|p1a: Greedent|50/100
|-setboost|p1a: Greedent|atk|6|[from] move: Belly Drum
|-enditem|p1a: Greedent|Sitrus Berry|[eat]
|-heal|p1a: Greedent|75/100|[from] item: Sitrus Berry
|-heal|p1a: Greedent|100/100|[from] ability: Cheek Pouch
|
|-ability|p1b: Yanmega|Speed Boost|boost
|-boost|p1b: Yanmega|spe|1
|-ability|p2b: Smeargle|Moody|boost
|-boost|p2b: Smeargle|spd|2
|-unboost|p2b: Smeargle|spa|1
|upkeep
|turn|3
|inactive|watergoat52 has 30 seconds left.
|
|t:|1756432074
|move|p1b: Yanmega|Double Team|p1b: Yanmega
|-boost|p1b: Yanmega|evasion|1
|-curestatus|p2b: Smeargle|slp|[msg]
|move|p2b: Smeargle|Decorate|p2a: Muk
|-boost|p2a: Muk|atk|2
|-boost|p2a: Muk|spa|2
|move|p2a: Muk|Minimize|p2a: Muk
|-boost|p2a: Muk|evasion|2
|move|p1a: Greedent|Earthquake|p2a: Muk|[spread] p2b
|-immune|p1b: Yanmega
|-miss|p1a: Greedent|p2a: Muk
|-enditem|p2b: Smeargle|Focus Sash
|-damage|p2b: Smeargle|1/100
|
|-ability|p1b: Yanmega|Speed Boost|boost
|-boost|p1b: Yanmega|spe|1
|-ability|p2b: Smeargle|Moody|boost
|-boost|p2b: Smeargle|spd|2
|-unboost|p2b: Smeargle|spe|1
|upkeep
|turn|4
|inactive|watergoat52 has 30 seconds left.
|inactive|okkoso has 30 seconds left.
|
|t:|1756432107
|move|p1b: Yanmega|Air Slash|p2b: Smeargle
|-damage|p2b: Smeargle|0 fnt
|faint|p2b: Smeargle
|-ability|p2a: Muk|Moody|Power of Alchemy|[from] ability: Power of Alchemy|[of] p2b: Smeargle
|move|p2a: Muk|Drain Punch|p1a: Greedent
|-supereffective|p1a: Greedent
|-damage|p1a: Greedent|41/100
|move|p1a: Greedent|Earthquake|p2a: Muk|[spread] 
|-immune|p1b: Yanmega
|-miss|p1a: Greedent|p2a: Muk
|
|-ability|p1b: Yanmega|Speed Boost|boost
|-boost|p1b: Yanmega|spe|1
|-ability|p2a: Muk|Moody|boost
|-boost|p2a: Muk|spd|2
|-unboost|p2a: Muk|def|1
|upkeep
|
|t:|1756432119
|switch|p2b: Maushold|Maushold-Four, L50|100/100
|turn|5
|
|t:|1756432131
|move|p1b: Yanmega|Double Team|p1b: Yanmega
|-boost|p1b: Yanmega|evasion|1
|move|p2b: Maushold|Population Bomb|p1b: Yanmega
|-damage|p1b: Yanmega|94/100
|-damage|p1b: Yanmega|88/100
|-damage|p1b: Yanmega|82/100
|-damage|p1b: Yanmega|76/100
|-damage|p1b: Yanmega|69/100
|-damage|p1b: Yanmega|64/100
|-damage|p1b: Yanmega|58/100
|-damage|p1b: Yanmega|52/100
|-hitcount|p1b: Yanmega|8
|move|p2a: Muk|Drain Punch|p1a: Greedent
|-supereffective|p1a: Greedent
|-damage|p1a: Greedent|0 fnt
|faint|p1a: Greedent
|
|-ability|p1b: Yanmega|Speed Boost|boost
|-boost|p1b: Yanmega|spe|1
|-ability|p2a: Muk|Moody|boost
|-boost|p2a: Muk|def|2
|-unboost|p2a: Muk|spa|1
|upkeep
|
|t:|1756432154
|switch|p1a: Sableye|Sableye, L50, M|100/100
|turn|6
|
|t:|1756432174
|move|p1a: Sableye|Fake Out|p2b: Maushold
|-damage|p2b: Maushold|90/100
|move|p1b: Yanmega|Double Team|p1b: Yanmega
|-boost|p1b: Yanmega|evasion|1
|cant|p2b: Maushold|flinch
|move|p2a: Muk|Knock Off|p1b: Yanmega
|-damage|p1b: Yanmega|0 fnt
|-enditem|p1b: Yanmega|Focus Sash|[from] move: Knock Off|[of] p2a: Muk
|faint|p1b: Yanmega
|
|-ability|p2a: Muk|Moody|boost
|-boost|p2a: Muk|atk|2
|-unboost|p2a: Muk|spa|1
|upkeep
|-message|watergoat52 forfeited.
|
|win|okkoso
|l|☆watergoat52
|player|p1|
||watergoat52 is ready for game 3.
||okkoso is ready for game 3.
|uhtml|next|Next: Game 3 of 3
