|j|☆hungry hillo
|j|☆WhiteBookVGC
|html|hungry hilloWhiteBookVGC    
|uhtml|bestof|Game 3 of a best-of-3
|t:|1756758931
|gametype|doubles
|player|p1|hungry hillo|n|1165
|player|p2|WhiteBookVGC|lyra|1097
|gen|9
|tier|[Gen 9] VGC 2025 Reg H (Bo3)
|rated|
|rule|Species Clause: Limit one of each Pokémon
|rule|Item Clause: Limit 1 of each item
|clearpoke
|poke|p1|Sneasler, L50, F|
|poke|p1|Clefable, L50, M|
|poke|p1|Gholdengo, L50|
|poke|p1|Rillaboom, L50, M|
|poke|p1|Dragapult, L50, F|
|poke|p1|Incineroar, L50, F|
|poke|p2|Archaludon, L50, F|
|poke|p2|Incineroar, L50, M|
|poke|p2|Pelipper, L50, F|
|poke|p2|Amoonguss, L50, M|
|poke|p2|Basculegion, L50, M|
|poke|p2|Gholdengo, L50|
|teampreview|4
|showteam|p1|Sneasler||FocusSash|Unburden|CloseCombat,DireClaw,Protect,ThroatChop|||F|||50|,,,,,Dark]Clefable||RockyHelmet|Unaware|Moonblast,IcyWind,FollowMe,Protect|||M|||50|,,,,,Water]Gholdengo||LifeOrb|GoodasGold|MakeItRain,ShadowBall,NastyPlot,Protect||||||50|,,,,,Water]Rillaboom||AssaultVest|GrassySurge|WoodHammer,GrassyGlide,HighHorsepower,FakeOut|||M|||50|,,,,,Fire]Dragapult||ChoiceSpecs|ClearBody|ShadowBall,Flamethrower,Thunderbolt,DracoMeteor|||F|||50|,,,,,Fire]Incineroar||SitrusBerry|Intimidate|FakeOut,KnockOff,PartingShot,FlareBlitz|||F|||50|,,,,,Bug
|showteam|p2|Archaludon||AssaultVest|Stamina|DragonPulse,FlashCannon,ElectroShot,BodyPress|||F|||50|,,,,,Fairy]Incineroar||SafetyGoggles|Intimidate|KnockOff,FlareBlitz,PartingShot,FakeOut|||M|||50|,,,,,Ghost]Pelipper||FocusSash|Drizzle|MuddyWater,Hurricane,Tailwind,Protect|||F|||50|,,,,,Grass]Amoonguss||SitrusBerry|Regenerator|Spore,RagePowder,PollenPuff,Protect|||M|||50|,,,,,Water]Basculegion||ChoiceScarf|Adaptability|AquaJet,WaveCrash,LastRespects,FlipTurn|||M|||50|,,,,,Water]Gholdengo||LifeOrb|GoodasGold|MakeItRain,ShadowBall,NastyPlot,Protect||||||50|,,,,,Dragon
|inactive|Battle timer is ON: inactive players will automatically lose when time's up. (requested by hungry hillo)
|
|t:|1756758982
|teamsize|p1|4
|teamsize|p2|4
|start
|switch|p1a: ƁºƁ|Sneasler, L50, F|100/100
|switch|p1b: Dragapult|Dragapult, L50, F|100/100
|switch|p2a: Archaludon|Archaludon, L50, F, shiny|100/100
|switch|p2b: Basculegion|Basculegion, L50, M, shiny|100/100
|turn|1
|
|t:|1756759008
|-terastallize|p2a: Archaludon|Fairy
|move|p1a: ƁºƁ|Protect|p1a: ƁºƁ
|-singleturn|p1a: ƁºƁ|Protect
|move|p2b: Basculegion|Flip Turn|p1b: Dragapult
|-resisted|p1b: Dragapult
|-damage|p1b: Dragapult|74/100
|
|t:|1756759014
|switch|p2b: Pelipper|Pelipper, L50, F, shiny|100/100|[from] Flip Turn
|-weather|RainDance|[from] ability: Drizzle|[of] p2b: Pelipper
|move|p1b: Dragapult|Thunderbolt|p2b: Pelipper
|-supereffective|p2b: Pelipper
|-enditem|p2b: Pelipper|Focus Sash
|-damage|p2b: Pelipper|1/100
|move|p2a: Archaludon|Electro Shot||[still]
|-prepare|p2a: Archaludon|Electro Shot
|-boost|p2a: Archaludon|spa|1
|-anim|p2a: Archaludon|Electro Shot|p1b: Dragapult
|-resisted|p1b: Dragapult
|-damage|p1b: Dragapult|30/100
|
|-weather|RainDance|[upkeep]
|upkeep
|turn|2
|inactive|WhiteBookVGC has 30 seconds left.
|
|t:|1756759040
|switch|p2b: Amoonguss|Amoonguss, L50, M, shiny|100/100
|move|p1b: Dragapult|Thunderbolt|p2a: Archaludon
|-damage|p2a: Archaludon|70/100
|-ability|p2a: Archaludon|Stamina|boost
|-boost|p2a: Archaludon|def|1
|move|p1a: ƁºƁ|Dire Claw|p2a: Archaludon
|-supereffective|p2a: Archaludon
|-damage|p2a: Archaludon|20/100
|-status|p2a: Archaludon|psn
|-ability|p2a: Archaludon|Stamina|boost
|-boost|p2a: Archaludon|def|1
|move|p2a: Archaludon|Electro Shot||[still]
|-prepare|p2a: Archaludon|Electro Shot
|-boost|p2a: Archaludon|spa|1
|-anim|p2a: Archaludon|Electro Shot|p1b: Dragapult
|-resisted|p1b: Dragapult
|-damage|p1b: Dragapult|0 fnt
|faint|p1b: Dragapult
|
|-weather|RainDance|[upkeep]
|-damage|p2a: Archaludon|8/100 psn|[from] psn
|upkeep
|
|t:|1756759058
|switch|p1b: Incineroar|Incineroar, L50, F|100/100
|-ability|p1b: Incineroar|Intimidate|boost
|-unboost|p2a: Archaludon|atk|1
|-unboost|p2b: Amoonguss|atk|1
|turn|3
|inactive|WhiteBookVGC has 30 seconds left.
|inactive|WhiteBookVGC has 20 seconds left.
|inactive|WhiteBookVGC has 15 seconds left.
|
|t:|1756759103
|switch|p2b: Basculegion|Basculegion, L50, M, shiny|100/100
|move|p1b: Incineroar|Fake Out|p2b: Basculegion
|-immune|p2b: Basculegion
|move|p1a: ƁºƁ|Dire Claw|p2a: Archaludon
|-supereffective|p2a: Archaludon
|-damage|p2a: Archaludon|0 fnt
|faint|p2a: Archaludon
|
|-weather|RainDance|[upkeep]
|upkeep
|
|t:|1756759113
|switch|p2a: Amoonguss|Amoonguss, L50, M, shiny|100/100
|turn|4
|inactive|WhiteBookVGC has 30 seconds left.
|inactive|WhiteBookVGC has 20 seconds left.
|inactive|WhiteBookVGC has 15 seconds left.
|inactive|WhiteBookVGC has 10 seconds left.
|
|t:|1756759162
|-terastallize|p1b: Incineroar|Bug
|move|p2b: Basculegion|Wave Crash|p1b: Incineroar
|-damage|p1b: Incineroar|0 fnt
|faint|p1b: Incineroar
|-damage|p2b: Basculegion|66/100|[from] Recoil
|move|p1a: ƁºƁ|Dire Claw|p2a: Amoonguss
|-damage|p2a: Amoonguss|66/100
|-status|p2a: Amoonguss|slp
|cant|p2a: Amoonguss|slp
|
|-weather|RainDance|[upkeep]
|upkeep
|
|t:|1756759173
|switch|p1b: Mr krabe|Gholdengo, L50|100/100
|turn|5
|
|t:|1756759191
|switch|p2b: Pelipper|Pelipper, L50, F, shiny|1/100
|move|p1b: Mr krabe|Protect|p1b: Mr krabe
|-singleturn|p1b: Mr krabe|Protect
|move|p1a: ƁºƁ|Throat Chop|p2b: Pelipper
|-damage|p2b: Pelipper|0 fnt
|faint|p2b: Pelipper
|-curestatus|p2a: Amoonguss|slp|[msg]
|move|p2a: Amoonguss|Spore|p1a: ƁºƁ
|-status|p1a: ƁºƁ|slp|[from] move: Spore
|
|-weather|none
|upkeep
|
|t:|1756759202
|switch|p2b: Basculegion|Basculegion, L50, M, shiny|66/100
|turn|6
|
|t:|1756759218
|move|p2b: Basculegion|Last Respects|p1b: Mr krabe
|-supereffective|p1b: Mr krabe
|-damage|p1b: Mr krabe|0 fnt
|faint|p1b: Mr krabe
|cant|p1a: ƁºƁ|slp
|move|p2a: Amoonguss|Pollen Puff|p1a: ƁºƁ
|-resisted|p1a: ƁºƁ
|-damage|p1a: ƁºƁ|94/100 slp
|
|upkeep
|turn|7
|
|t:|1756759233
|move|p2a: Amoonguss|Rage Powder|p2a: Amoonguss
|-singleturn|p2a: Amoonguss|move: Rage Powder
|move|p2b: Basculegion|Last Respects|p1a: ƁºƁ
|-damage|p1a: ƁºƁ|0 fnt
|faint|p1a: ƁºƁ
|
|win|WhiteBookVGC
|raw|hungry hillo's rating: 1165 → 1135(-30 for losing)
|raw|WhiteBookVGC's rating: 1097 → 1127(+30 for winning)
|l|☆hungry hillo
|player|p1|
