|j|☆taj11
|j|☆Esper Yuusha
|html|taj11Esper Yuusha    
|uhtml|bestof|Game 1 of a best-of-3
|t:|1757837202
|gametype|doubles
|player|p1|taj11|265|1188
|player|p2|Esper Yuusha|burglar|1094
|gen|9
|tier|[Gen 9] VGC 2025 Reg H (Bo3)
|rated|
|rule|Species Clause: Limit one of each Pokémon
|rule|Item Clause: Limit 1 of each item
|clearpoke
|poke|p1|Volcarona, L50, M|
|poke|p1|Rillaboom, L50, M|
|poke|p1|Baxcalibur, L50, M|
|poke|p1|Kingambit, L50, F|
|poke|p1|Sneasler, L50, M|
|poke|p1|Dondozo, L50, F|
|poke|p2|Umbreon, L50, M|
|poke|p2|Sylveon, L50, F|
|poke|p2|Espeon, L50, F|
|poke|p2|Indeedee-F, L50, F|
|poke|p2|Mimikyu, L50, M|
|poke|p2|Vaporeon, L50, F|
|teampreview|4
|showteam|p1|Volcarona||CovertCloak|FlameBody|HeatWave,TeraBlast,QuiverDance,RagePowder|||M|||50|,,,,,Fairy]Rillaboom||AssaultVest|GrassySurge|WoodHammer,GrassyGlide,HighHorsepower,FakeOut|||M|||50|,,,,,Water]Baxcalibur||LoadedDice|ThermalExchange|IceShard,ScaleShot,IcicleSpear,Protect|||M|||50|,,,,,Ghost]Kingambit||BlackGlasses|Defiant|KowtowCleave,SuckerPunch,SwordsDance,Protect|||F|||50|,,,,,Ghost]Sneasler||FocusSash|PoisonTouch|CloseCombat,DireClaw,Coaching,FakeOut|||M|||50|,,,,,Stellar]Dondozo||Leftovers|Unaware|Protect,Liquidation,Yawn,Fissure|||F|||50|,,,,,Poison
|showteam|p2|Umbreon||Leftovers|InnerFocus|Snarl,FoulPlay,Moonlight,Protect|||M|||50|,,,,,Fairy]Sylveon||ThroatSpray|Pixilate|HyperVoice,QuickAttack,Moonblast,Protect|||F|||50|,,,,,Steel]Espeon||FocusSash|MagicBounce|ExpandingForce,QuickAttack,ShadowBall,Detect|||F|||50|,,,,,Psychic]Indeedee-F||PsychicSeed|PsychicSurge|HelpingHand,TrickRoom,FollowMe,Protect|||F|||50|,,,,,Fairy]Mimikyu||ClearAmulet|Disguise|PlayRough,ShadowSneak,Substitute,Protect|||M|||50|,,,,,Ghost]Vaporeon||CovertCloak|WaterAbsorb|HydroPump,IcyWind,Wish,Protect|||F|||50|,,,,,Fire
|inactive|Battle timer is ON: inactive players will automatically lose when time's up. (requested by Esper Yuusha)
|
|t:|1757837231
|teamsize|p1|4
|teamsize|p2|4
|start
|switch|p1a: Godchilla|Baxcalibur, L50, M|100/100
|switch|p1b: Clawbird|Sneasler, L50, M|100/100
|switch|p2a: Espeon|Espeon, L50, F|100/100
|switch|p2b: Indeedee|Indeedee-F, L50, F|100/100
|-fieldstart|move: Psychic Terrain|[from] ability: Psychic Surge|[of] p2b: Indeedee
|-enditem|p2b: Indeedee|Psychic Seed
|-boost|p2b: Indeedee|spd|1|[from] item: Psychic Seed
|turn|1
|inactive|taj11 has 30 seconds left.
|inactive|taj11 has 20 seconds left.
|
|t:|1757837269
|switch|p1b: BoomBoom|Rillaboom, L50, M|100/100
|-fieldstart|move: Grassy Terrain|[from] ability: Grassy Surge|[of] p1b: BoomBoom
|move|p2b: Indeedee|Follow Me|p2b: Indeedee
|-singleturn|p2b: Indeedee|move: Follow Me
|move|p2a: Espeon|Expanding Force|p1b: BoomBoom
|-crit|p1b: BoomBoom
|-damage|p1b: BoomBoom|59/100
|move|p1a: Godchilla|Icicle Spear|p2b: Indeedee
|-damage|p2b: Indeedee|78/100
|-damage|p2b: Indeedee|57/100
|-damage|p2b: Indeedee|35/100
|-damage|p2b: Indeedee|14/100
|-hitcount|p2b: Indeedee|4
|
|-heal|p1b: BoomBoom|65/100|[from] Grassy Terrain
|-heal|p2b: Indeedee|20/100|[from] Grassy Terrain
|upkeep
|turn|2
|
|t:|1757837293
|move|p2a: Espeon|Detect|p2a: Espeon
|-singleturn|p2a: Espeon|Protect
|move|p1b: BoomBoom|Fake Out|p2b: Indeedee
|-damage|p2b: Indeedee|1/100
|move|p1a: Godchilla|Scale Shot|p2a: Espeon
|-activate|p2a: Espeon|move: Protect
|cant|p2b: Indeedee|flinch
|
|-heal|p1b: BoomBoom|71/100|[from] Grassy Terrain
|-heal|p2b: Indeedee|7/100|[from] Grassy Terrain
|upkeep
|turn|3
|
|t:|1757837312
|switch|p2a: Sylveon|Sylveon, L50, F|100/100
|move|p1b: BoomBoom|Grassy Glide|p2b: Indeedee
|-damage|p2b: Indeedee|0 fnt
|faint|p2b: Indeedee
|move|p1a: Godchilla|Scale Shot|p2a: Sylveon
|-immune|p2a: Sylveon
|
|-heal|p1b: BoomBoom|77/100|[from] Grassy Terrain
|upkeep
|
|t:|1757837332
|switch|p2b: Espeon|Espeon, L50, F|100/100
|turn|4
|
|t:|1757837349
|-terastallize|p1a: Godchilla|Ghost
|move|p2b: Espeon|Expanding Force|p1a: Godchilla
|-damage|p1a: Godchilla|59/100
|move|p1a: Godchilla|Scale Shot|p2b: Espeon
|-damage|p2b: Espeon|65/100
|-damage|p2b: Espeon|30/100
|-damage|p2b: Espeon|0 fnt
|faint|p2b: Espeon
|-hitcount|p2: Espeon|3
|-unboost|p1a: Godchilla|def|1
|-boost|p1a: Godchilla|spe|1
|move|p1b: BoomBoom|Wood Hammer|p2a: Sylveon
|-damage|p2a: Sylveon|10/100
|-damage|p1b: BoomBoom|47/100|[from] Recoil
|move|p2a: Sylveon|Hyper Voice|p1a: Godchilla|[spread] p1a,p1b
|-damage|p1a: Godchilla|14/100
|-damage|p1b: BoomBoom|18/100
|-enditem|p2a: Sylveon|Throat Spray
|-boost|p2a: Sylveon|spa|1|[from] item: Throat Spray
|
|-heal|p1a: Godchilla|20/100|[from] Grassy Terrain
|-heal|p1b: BoomBoom|24/100|[from] Grassy Terrain
|-heal|p2a: Sylveon|16/100|[from] Grassy Terrain
|upkeep
|
|t:|1757837369
|switch|p2b: Vaporeon|Vaporeon, L50, F|100/100
|turn|5
|
|t:|1757837385
|-terastallize|p2b: Vaporeon|Fire
|move|p2a: Sylveon|Protect|p2a: Sylveon
|-singleturn|p2a: Sylveon|Protect
|move|p1a: Godchilla|Icicle Spear|p2a: Sylveon
|-activate|p2a: Sylveon|move: Protect
|move|p1b: BoomBoom|Wood Hammer|p2b: Vaporeon
|-resisted|p2b: Vaporeon
|-damage|p2b: Vaporeon|52/100
|-damage|p1b: BoomBoom|5/100|[from] Recoil
|move|p2b: Vaporeon|Icy Wind|p1b: BoomBoom|[spread] p1a,p1b
|-supereffective|p1b: BoomBoom
|-damage|p1a: Godchilla|9/100
|-damage|p1b: BoomBoom|0 fnt
|-unboost|p1a: Godchilla|spe|1
|faint|p1b: BoomBoom
|
|-heal|p1a: Godchilla|15/100|[from] Grassy Terrain
|-heal|p2b: Vaporeon|58/100|[from] Grassy Terrain
|-heal|p2a: Sylveon|22/100|[from] Grassy Terrain
|-fieldend|move: Grassy Terrain
|upkeep
|
|t:|1757837396
|switch|p1b: Clawbird|Sneasler, L50, M|100/100
|turn|6
|
|t:|1757837409
|move|p2a: Sylveon|Quick Attack|p1a: Godchilla
|-damage|p1a: Godchilla|0 fnt
|faint|p1a: Godchilla
|move|p1b: Clawbird|Dire Claw|p2a: Sylveon
|-supereffective|p2a: Sylveon
|-damage|p2a: Sylveon|0 fnt
|faint|p2a: Sylveon
|move|p2b: Vaporeon|Wish|p2b: Vaporeon
|
|upkeep
|
|t:|1757837415
|switch|p1a: Lè Fish|Dondozo, L50, F|100/100
|turn|7
|
|t:|1757837428
|move|p2b: Vaporeon|Protect|p2b: Vaporeon
|-singleturn|p2b: Vaporeon|Protect
|move|p1b: Clawbird|Close Combat|p2b: Vaporeon
|-activate|p2b: Vaporeon|move: Protect
|move|p1a: Lè Fish|Yawn|p2b: Vaporeon
|-activate|p2b: Vaporeon|move: Protect
|
|-heal|p2b: Vaporeon|100/100|[from] move: Wish|[wisher] Vaporeon
|upkeep
|turn|8
|
|t:|1757837441
|move|p1b: Clawbird|Close Combat|p2b: Vaporeon
|-damage|p2b: Vaporeon|30/100
|-unboost|p1b: Clawbird|def|1
|-unboost|p1b: Clawbird|spd|1
|move|p2b: Vaporeon|Wish|p2b: Vaporeon
|move|p1a: Lè Fish|Yawn|p2b: Vaporeon
|-start|p2b: Vaporeon|move: Yawn|[of] p1a: Lè Fish
|
|upkeep
|turn|9
|
|t:|1757837456
|move|p2b: Vaporeon|Protect|p2b: Vaporeon
|-singleturn|p2b: Vaporeon|Protect
|move|p1b: Clawbird|Close Combat|p2b: Vaporeon
|-activate|p2b: Vaporeon|move: Protect
|move|p1a: Lè Fish|Fissure|p2b: Vaporeon
|-activate|p2b: Vaporeon|move: Protect
|
|-heal|p2b: Vaporeon|80/100|[from] move: Wish|[wisher] Vaporeon
|-end|p2b: Vaporeon|move: Yawn|[silent]
|-status|p2b: Vaporeon|slp
|upkeep
|turn|10
|
|t:|1757837468
|move|p1b: Clawbird|Coaching|p1a: Lè Fish
|-boost|p1a: Lè Fish|atk|1
|-boost|p1a: Lè Fish|def|1
|cant|p2b: Vaporeon|slp
|move|p1a: Lè Fish|Liquidation|p2b: Vaporeon
|-heal|p2b: Vaporeon|100/100 slp|[from] ability: Water Absorb|[of] p1a: Lè Fish
|
|upkeep
|turn|11
|c|☆taj11|lolo
|
|t:|1757837481
|move|p1b: Clawbird|Close Combat|p2b: Vaporeon
|-damage|p2b: Vaporeon|23/100 slp
|-unboost|p1b: Clawbird|def|1
|-unboost|p1b: Clawbird|spd|1
|cant|p2b: Vaporeon|slp
|move|p1a: Lè Fish|Fissure|p2b: Vaporeon|[miss]
|-miss|p1a: Lè Fish|p2b: Vaporeon
|
|upkeep
|turn|12
|
|t:|1757837491
|move|p1b: Clawbird|Close Combat|p2b: Vaporeon
|-damage|p2b: Vaporeon|0 fnt
|-unboost|p1b: Clawbird|def|1
|-unboost|p1b: Clawbird|spd|1
|faint|p2b: Vaporeon
|
|win|taj11
||Esper Yuusha is ready for game 2.
||taj11 is ready for game 2.
|uhtml|next|Next: Game 2 of 3
