|j|☆Mestremarkusme
|j|☆Oblivionruler
|html|MestremarkusmeOblivionruler    
|uhtml|bestof|Game 1 of a best-of-3
|t:|1785145762
|gametype|doubles
|player|p1|Mestremarkusme|hiker-gen4|1076
|player|p2|Oblivionruler|102|1107
|gen|9
|tier|[Gen 9 Champions] VGC 2026 Reg M-B (Bo3)
|rated|
|rule|Species Clause: Limit one of each Pokémon
|rule|Item Clause: Limit 1 of each item
|clearpoke
|poke|p1|Incineroar, L50, F|
|poke|p1|Kingambit, L50, F|
|poke|p1|Sinistcha, L50|
|poke|p1|Sneasler, L50, M|
|poke|p1|Blastoise, L50, F|
|poke|p1|Delphox, L50, M|
|poke|p2|Raichu, L50, M|
|poke|p2|Tyranitar, L50, F|
|poke|p2|Tsareena, L50, F|
|poke|p2|Annihilape, L50, M|
|poke|p2|Talonflame, L50, F|
|poke|p2|Clawitzer, L50, F|
|teampreview|4
|showteam|p1|Incineroar||SitrusBerry|Intimidate|FakeOut,FlareBlitz,ThroatChop,PartingShot|Impish||F|||50|]Kingambit||BlackGlasses|Defiant|KowtowCleave,SuckerPunch,SwordsDance,Protect|Adamant||F|||50|]Sinistcha||OccaBerry|Hospitality|MatchaGotcha,RagePowder,TrickRoom,Protect|Relaxed|||||50|]Sneasler||FocusSash|PoisonTouch|FakeOut,CloseCombat,PoisonJab,QuickGuard|Jolly||M|||50|]Blastoise||Blastoisinite|RainDish|WaterSpout,DarkPulse,ShellSmash,Protect|Modest||F|||50|]Delphox||Delphoxite|Blaze|HeatWave,Psychic,NastyPlot,Protect|Timid||M|||50|
|showteam|p2|Raichu||RaichuniteY|Static|FakeOut,ZapCannon,FocusBlast,Protect|Timid||M|||50|]Tyranitar||FocusSash|SandStream|HighHorsepower,KnockOff,RockSlide,Protect|Adamant||F|||50|]Tsareena||WideLens|QueenlyMajesty|PowerWhip,HighJumpKick,TripleAxel,HelpingHand|Adamant||F|||50|]Annihilape||ChoiceScarf|Defiant|PhantomForce,CloseCombat,GunkShot,Taunt|Adamant||M|||50|]Talonflame||SharpBeak|GaleWings|DualWingbeat,Whirlwind,Tailwind,FlareBlitz|Jolly||F|||50|]Clawitzer||SitrusBerry|MegaLauncher|HealPulse,WaterPulse,DarkPulse,Protect|Quiet||F|||50|
|inactive|Battle timer is ON: inactive players will automatically lose when time's up. (requested by Oblivionruler)
|inactive|Mestremarkusme has 60 seconds left.
|
|t:|1785145835
|teamsize|p1|4
|teamsize|p2|4
|start
|switch|p1a: Blastoise|Blastoise, L50, F|100/100
|switch|p1b: Sinistcha|Sinistcha, L50|100/100
|switch|p2a: Koroleva|Tsareena, L50, F|100/100
|switch|p2b: Clawitzer|Clawitzer, L50, F|100/100
|turn|1
|inactive|Mestremarkusme has 30 seconds left.
|
|t:|1785145861
|detailschange|p1a: Blastoise|Blastoise-Mega, L50, F
|-mega|p1a: Blastoise|Blastoise|Blastoisinite
|move|p2a: Koroleva|Helping Hand|p2b: Clawitzer
|-singleturn|p2b: Clawitzer|Helping Hand|[of] p2a: Koroleva
|move|p1a: Blastoise|Protect|p1a: Blastoise
|-singleturn|p1a: Blastoise|Protect
|move|p1b: Sinistcha|Matcha Gotcha|p2a: Koroleva|[spread] p2a,p2b
|-resisted|p2a: Koroleva|1
|-supereffective|p2b: Clawitzer|1
|-damage|p2a: Koroleva|85/100
|-damage|p2b: Clawitzer|44/100
|-status|p2b: Clawitzer|brn
|-enditem|p2b: Clawitzer|Sitrus Berry|[eat]
|-heal|p2b: Clawitzer|69/100 brn|[from] item: Sitrus Berry
|move|p2b: Clawitzer|Dark Pulse|p1a: Blastoise
|-activate|p1a: Blastoise|move: Protect
|
|-damage|p2b: Clawitzer|63/100 brn|[from] brn
|upkeep
|turn|2
|inactive|Mestremarkusme has 30 seconds left.
|
|t:|1785145893
|switch|p1a: Incineroar|Incineroar, L50, F|100/100
|-ability|p1a: Incineroar|Intimidate|boost
|-unboost|p2a: Koroleva|atk|1
|-unboost|p2b: Clawitzer|atk|1
|move|p2a: Koroleva|Helping Hand|p2b: Clawitzer
|-singleturn|p2b: Clawitzer|Helping Hand|[of] p2a: Koroleva
|move|p1b: Sinistcha|Matcha Gotcha|p2b: Clawitzer|[spread] p2a,p2b
|-resisted|p2a: Koroleva|1
|-supereffective|p2b: Clawitzer|1
|-damage|p2a: Koroleva|71/100
|-damage|p2b: Clawitzer|12/100 brn
|move|p2b: Clawitzer|Dark Pulse|p1a: Incineroar
|-resisted|p1a: Incineroar|1
|-damage|p1a: Incineroar|69/100
|
|-damage|p2b: Clawitzer|6/100 brn|[from] brn
|upkeep
|turn|3
|inactive|Mestremarkusme has 30 seconds left.
|
|t:|1785145927
|move|p2a: Koroleva|Triple Axel|p1b: Sinistcha
|-supereffective|p1b: Sinistcha|1
|-damage|p1b: Sinistcha|92/100
|-supereffective|p1b: Sinistcha|1
|-damage|p1b: Sinistcha|77/100
|-supereffective|p1b: Sinistcha|1
|-damage|p1b: Sinistcha|53/100
|-hitcount|p1b: Sinistcha|3
|move|p1a: Incineroar|Parting Shot|p2a: Koroleva
|-unboost|p2a: Koroleva|atk|1
|-unboost|p2a: Koroleva|spa|1
|
|t:|1785145948
|switch|p1a: Blastoise|Blastoise-Mega, L50, F|100/100|[from] Parting Shot
|move|p1b: Sinistcha|Matcha Gotcha|p2b: Clawitzer|[spread] 
|-miss|p1b: Sinistcha|p2a: Koroleva
|-miss|p1b: Sinistcha|p2b: Clawitzer
|move|p2b: Clawitzer|Water Pulse|p1a: Blastoise
|-resisted|p1a: Blastoise|1
|-damage|p1a: Blastoise|74/100
|
|-damage|p2b: Clawitzer|1/100 brn|[from] brn
|upkeep
|turn|4
|
|t:|1785145970
|switch|p1a: Incineroar|Incineroar, L50, F|69/100
|-ability|p1a: Incineroar|Intimidate|boost
|-unboost|p2a: Koroleva|atk|1
|-unboost|p2b: Clawitzer|atk|1
|switch|p2a: Raichu|Raichu, L50, M|100/100
|move|p1b: Sinistcha|Matcha Gotcha|p2b: Clawitzer|[spread] p2a,p2b
|-supereffective|p2b: Clawitzer|1
|-damage|p2a: Raichu|66/100
|-heal|p1b: Sinistcha|69/100|[from] drain|[of] p2a: Raichu
|-damage|p2b: Clawitzer|0 fnt
|-heal|p1b: Sinistcha|70/100|[from] drain|[of] p2b: Clawitzer
|-status|p2a: Raichu|brn
|faint|p2b: Clawitzer
|
|-damage|p2a: Raichu|60/100 brn|[from] brn
|upkeep
|
|t:|1785145988
|switch|p2b: Koroleva|Tsareena, L50, F|71/100
|turn|5
|inactive|Mestremarkusme has 30 seconds left.
|
|t:|1785146021
|switch|p1a: Sneasler|Sneasler, L50, M|100/100
|detailschange|p2a: Raichu|Raichu-Mega-Y, L50, M
|-mega|p2a: Raichu|Raichu|Raichunite Y
|move|p2a: Raichu|Fake Out|p1a: Sneasler
|-damage|p1a: Sneasler|93/100
|move|p2b: Koroleva|Triple Axel|p1b: Sinistcha
|-supereffective|p1b: Sinistcha|1
|-damage|p1b: Sinistcha|58/100
|-supereffective|p1b: Sinistcha|1
|-crit|p1b: Sinistcha
|-damage|p1b: Sinistcha|21/100
|-supereffective|p1b: Sinistcha|1
|-damage|p1b: Sinistcha|0 fnt
|faint|p1b: Sinistcha
|-hitcount|p1: Sinistcha|3
|
|-damage|p2a: Raichu|54/100 brn|[from] brn
|upkeep
|
|t:|1785146041
|switch|p1b: Incineroar|Incineroar, L50, F|69/100
|-ability|p1b: Incineroar|Intimidate|boost
|-unboost|p2a: Raichu|atk|1
|-unboost|p2b: Koroleva|atk|1
|turn|6
|
|t:|1785146060
|switch|p2b: Annihilape|Annihilape, L50, M|100/100
|move|p2a: Raichu|Focus Blast|p1b: Incineroar
|-supereffective|p1b: Incineroar|1
|-damage|p1b: Incineroar|0 fnt
|faint|p1b: Incineroar
|move|p1a: Sneasler|Poison Jab|p2b: Annihilape
|-resisted|p2b: Annihilape|1
|-damage|p2b: Annihilape|77/100
|
|-damage|p2a: Raichu|48/100 brn|[from] brn
|upkeep
|
|t:|1785146071
|switch|p1b: Blastoise|Blastoise-Mega, L50, F|74/100
|turn|7
|
|t:|1785146086
|move|p2b: Annihilape|Phantom Force||[still]
|-prepare|p2b: Annihilape|Phantom Force
|move|p2a: Raichu|Zap Cannon|p1b: Blastoise
|-supereffective|p1b: Blastoise|1
|-damage|p1b: Blastoise|0 fnt
|faint|p1b: Blastoise
|move|p1a: Sneasler|Poison Jab|p2a: Raichu
|-damage|p2a: Raichu|0 fnt
|faint|p2a: Raichu
|
|upkeep
|
|t:|1785146092
|switch|p2a: Koroleva|Tsareena, L50, F|71/100
|turn|8
|
|t:|1785146117
|move|p2b: Annihilape|Phantom Force|p1a: Sneasler|[from] lockedmove
|-damage|p1a: Sneasler|20/100r
|move|p1a: Sneasler|Poison Jab|p2a: Koroleva
|-supereffective|p2a: Koroleva|1
|-damage|p2a: Koroleva|0 fnt
|faint|p2a: Koroleva
|
|upkeep
|turn|9
|-message|Mestremarkusme forfeited.
|
|win|Oblivionruler
