|j|☆cristal_vgc
|j|☆manuel frentista
|html|cristal_vgcmanuel frentista    
|uhtml|bestof|Game 2 of a best-of-3
|t:|1756389541
|gametype|doubles
|player|p1|cristal_vgc|grimsley|1000
|player|p2|manuel frentista|102|1000
|gen|9
|tier|[Gen 9] VGC 2025 Reg H (Bo3)
|rated|
|rule|Species Clause: Limit one of each Pokémon
|rule|Item Clause: Limit 1 of each item
|clearpoke
|poke|p1|Murkrow, L50, F|
|poke|p1|Ursaluna, L50, M|
|poke|p1|Ninetales-Alola, L50, F|
|poke|p1|Espathra, L50, F|
|poke|p1|Indeedee, L50, M|
|poke|p1|Sneasler, L50, M|
|poke|p2|Archaludon, L50, M|
|poke|p2|Lilligant-Hisui, L50, F|
|poke|p2|Electabuzz, L50, F|
|poke|p2|Sableye, L50, F|
|poke|p2|Excadrill, L50, M|
|poke|p2|Typhlosion-Hisui, L50, M|
|teampreview|4
|showteam|p1|Murkrow||Eviolite|Prankster|Quash,Tailwind,FoulPlay,Screech|||F|||50|,,,,,Steel]Ursaluna||ChoiceBand|Bulletproof|DoubleEdge,HeadlongRush,GunkShot,Earthquake|||M|||50|,,,,,Ground]Ninetales-Alola||LifeOrb|SnowWarning|IcyWind,Blizzard,Moonblast,Protect|||F|||50|,,,,,Ice]Espathra||FocusSash|SpeedBoost|LuminaCrash,ExpandingForce,TeraBlast,Protect|||F|||50|,,,,,Fighting]Indeedee||ChoiceSpecs|PsychicSurge|ExpandingForce,Psychic,DazzlingGleam,HyperVoice|||M|||50|,,,,,Psychic]Sneasler||PsychicSeed|Unburden|DireClaw,CloseCombat,ThroatChop,Protect|||M|||50|,,,,,Dark
|showteam|p2|Archaludon||AssaultVest|Stamina|DracoMeteor,ElectroShot,FlashCannon,Protect|||M|||50|,,,,,Electric]Lilligant-Hisui||FocusSash|Chlorophyll|SleepPowder,AxeKick,SolarBlade,PoisonJab|||F|||50|,,,,,Grass]Electabuzz||Eviolite|VitalSpirit|FollowMe,HelpingHand,Protect,Electroweb|||F|||50|,,,,,Dark]Sableye||MentalHerb|Prankster|Gravity,DarkPulse,WillOWisp,SunnyDay|||F|||50|,,,,,Poison]Excadrill||ClearAmulet|MoldBreaker|IronHead,HighHorsepower,RockSlide,Protect|||M|||50|,,,,,Flying]Typhlosion-Hisui||ChoiceSpecs|Frisk|HeatWave,Eruption,ShadowBall,TeraBlast|||M|||50|,,,,,Grass
|inactive|Battle timer is ON: inactive players will automatically lose when time's up. (requested by cristal_vgc)
|
|t:|1756389560
|teamsize|p1|4
|teamsize|p2|4
|start
|switch|p1a: Indeedee|Indeedee, L50, M|100/100
|switch|p1b: Sneasler|Sneasler, L50, M|100/100
|switch|p2a: Sableye|Sableye, L50, F|100/100
|switch|p2b: Lilligant|Lilligant-Hisui, L50, F|100/100
|-fieldstart|move: Psychic Terrain|[from] ability: Psychic Surge|[of] p1a: Indeedee
|-enditem|p1b: Sneasler|Psychic Seed
|-boost|p1b: Sneasler|spd|1|[from] item: Psychic Seed
|turn|1
|
|t:|1756389579
|-terastallize|p2b: Lilligant|Grass
|move|p2a: Sableye|Sunny Day|p2a: Sableye
|-weather|SunnyDay
|move|p1b: Sneasler|Dire Claw|p2a: Sableye
|-resisted|p2a: Sableye
|-damage|p2a: Sableye|66/100
|move|p2b: Lilligant|Solar Blade||[still]
|-prepare|p2b: Lilligant|Solar Blade
|-anim|p2b: Lilligant|Solar Blade|p1a: Indeedee
|-damage|p1a: Indeedee|0 fnt
|faint|p1a: Indeedee
|
|-weather|SunnyDay|[upkeep]
|upkeep
|
|t:|1756389591
|switch|p1a: Espathra|Espathra, L50, F|100/100
|turn|2
|
|t:|1756389605
|move|p1b: Sneasler|Protect|p1b: Sneasler
|-singleturn|p1b: Sneasler|Protect
|move|p2b: Lilligant|Sleep Powder|p1b: Sneasler
|-activate|p1b: Sneasler|move: Protect
|move|p1a: Espathra|Lumina Crash|p2b: Lilligant
|-damage|p2b: Lilligant|23/100
|-unboost|p2b: Lilligant|spd|2
|move|p2a: Sableye|Dark Pulse|p1a: Espathra
|-supereffective|p1a: Espathra
|-crit|p1a: Espathra
|-enditem|p1a: Espathra|Focus Sash
|-damage|p1a: Espathra|1/100
|
|-weather|SunnyDay|[upkeep]
|-ability|p1a: Espathra|Speed Boost|boost
|-boost|p1a: Espathra|spe|1
|upkeep
|turn|3
|inactive|cristal_vgc has 30 seconds left.
|
|t:|1756389635
|switch|p2b: Electabuzz|Electabuzz, L50, F|100/100
|move|p1a: Espathra|Protect|p1a: Espathra
|-singleturn|p1a: Espathra|Protect
|move|p1b: Sneasler|Dire Claw|p2b: Electabuzz
|-damage|p2b: Electabuzz|49/100
|move|p2a: Sableye|Dark Pulse|p1a: Espathra
|-activate|p1a: Espathra|move: Protect
|
|-weather|SunnyDay|[upkeep]
|-ability|p1a: Espathra|Speed Boost|boost
|-boost|p1a: Espathra|spe|1
|upkeep
|turn|4
|
|t:|1756389651
|move|p2b: Electabuzz|Follow Me|p2b: Electabuzz
|-singleturn|p2b: Electabuzz|move: Follow Me
|move|p1b: Sneasler|Throat Chop|p2b: Electabuzz
|-damage|p2b: Electabuzz|17/100
|-start|p2b: Electabuzz|Throat Chop|[silent]
|move|p1a: Espathra|Expanding Force|p2a: Sableye|[spread] p2b
|-immune|p2a: Sableye
|-damage|p2b: Electabuzz|0 fnt
|faint|p2b: Electabuzz
|move|p2a: Sableye|Dark Pulse|p1a: Espathra
|-supereffective|p1a: Espathra
|-damage|p1a: Espathra|0 fnt
|faint|p1a: Espathra
|
|-weather|SunnyDay|[upkeep]
|upkeep
|
|t:|1756389667
|switch|p2b: Typhlosion|Typhlosion-Hisui, L50, M|100/100
|switch|p1a: Ursaluna|Ursaluna, L50, M|100/100
|-item|p1a: Ursaluna|Choice Band|[from] ability: Frisk|[of] p2b: Typhlosion
|turn|5
|
|t:|1756389684
|-terastallize|p1a: Ursaluna|Ground
|move|p2a: Sableye|Will-O-Wisp|p1b: Sneasler
|-activate|p1b: Sneasler|move: Psychic Terrain
|move|p1b: Sneasler|Throat Chop|p2a: Sableye
|-damage|p2a: Sableye|24/100
|-start|p2a: Sableye|Throat Chop|[silent]
|move|p2b: Typhlosion|Heat Wave|p1b: Sneasler|[spread] p1b
|-miss|p2b: Typhlosion|p1a: Ursaluna
|-damage|p1b: Sneasler|26/100
|-status|p1b: Sneasler|brn
|move|p1a: Ursaluna|Headlong Rush|p2b: Typhlosion
|-supereffective|p2b: Typhlosion
|-damage|p2b: Typhlosion|0 fnt
|-unboost|p1a: Ursaluna|def|1
|-unboost|p1a: Ursaluna|spd|1
|faint|p2b: Typhlosion
|
|-weather|none
|-damage|p1b: Sneasler|20/100 brn|[from] brn
|-fieldend|move: Psychic Terrain
|upkeep
|
|t:|1756389696
|switch|p2b: Lilligant|Lilligant-Hisui, L50, F, tera:Grass|23/100
|turn|6
|
|t:|1756389711
|move|p2a: Sableye|Sunny Day|p2a: Sableye
|-weather|SunnyDay
|move|p1b: Sneasler|Dire Claw|p2b: Lilligant
|-supereffective|p2b: Lilligant
|-damage|p2b: Lilligant|0 fnt
|faint|p2b: Lilligant
|move|p1a: Ursaluna|Headlong Rush|p2a: Sableye
|-damage|p2a: Sableye|0 fnt
|-unboost|p1a: Ursaluna|def|1
|-unboost|p1a: Ursaluna|spd|1
|faint|p2a: Sableye
|
|win|cristal_vgc
|raw|cristal_vgc's rating: 1000 → 1040(+40 for winning)
|raw|manuel frentista's rating: 1000 → 1000(+0 for losing)
|l|☆manuel frentista
|player|p2|
