|j|☆OkarunConBolas
|j|☆bosilek
|html|OkarunConBolasbosilek    
|uhtml|bestof|Game 1 of a best-of-3
|t:|1756330903
|gametype|doubles
|player|p1|OkarunConBolas|schoolkid-gen4|1104
|player|p2|bosilek|hilbert-wonderlauncher|1174
|gen|9
|tier|[Gen 9] VGC 2025 Reg H (Bo3)
|rated|
|rule|Species Clause: Limit one of each Pokémon
|rule|Item Clause: Limit 1 of each item
|clearpoke
|poke|p1|Kingambit, L50, F|
|poke|p1|Rillaboom, L50, F|
|poke|p1|Volcarona, L50, F|
|poke|p1|Electabuzz, L50, F|
|poke|p1|Sneasler, L50, M|
|poke|p1|Dragonite, L50, F|
|poke|p2|Garchomp, L50, M|
|poke|p2|Talonflame, L50, F|
|poke|p2|Gholdengo, L50|
|poke|p2|Ninetales-Alola, L50, M|
|poke|p2|Hydreigon, L50, F|
|poke|p2|Annihilape, L50, F|
|teampreview|4
|showteam|p1|Kingambit||BlackGlasses|Defiant|KowtowCleave,SuckerPunch,SwordsDance,Protect|||F|||50|,,,,,Dark]Rillaboom||AssaultVest|GrassySurge|WoodHammer,HighHorsepower,GrassyGlide,FakeOut|||F|||50|,,,,,Fire]Volcarona||CovertCloak|FlameBody|HeatWave,TeraBlast,QuiverDance,Protect|||F|||50|,,,,,Fairy]Electabuzz||Eviolite|VitalSpirit|Electroweb,Taunt,FollowMe,Protect|||F|||50|,,,,,Dragon]Sneasler||FocusSash|Unburden|CloseCombat,DireClaw,FakeOut,Coaching|||M|||50|,,,,,Ghost]Dragonite||LoadedDice|Multiscale|ScaleShot,ExtremeSpeed,Haze,Protect|||F|||50|,,,,,Fairy
|showteam|p2|Garchomp||LifeOrb|RoughSkin|Protect,Earthquake,DragonClaw,StompingTantrum|||M|||50|,,,,,Steel]Talonflame||CovertCloak|GaleWings|BraveBird,Taunt,WillOWisp,Tailwind|||F|||50|,,,,,Grass]Gholdengo||MetalCoat|GoodasGold|MakeItRain,ShadowBall,Protect,NastyPlot||||||50|,,,,,Water]Ninetales-Alola||FocusSash|SnowWarning|Blizzard,FreezeDry,Encore,Protect|||M|||50|,,,,,Water]Hydreigon||ChoiceSpecs|Levitate|HeatWave,Snarl,EarthPower,DragonPulse|||F|||50|,,,,,Fire]Annihilape||SafetyGoggles|Defiant|FinalGambit,RageFist,CloseCombat,Protect|||F|||50|,,,,,Fire
|
|t:|1756330967
|teamsize|p1|4
|teamsize|p2|4
|start
|switch|p1a: Sneasler|Sneasler, L50, M|100/100
|switch|p1b: Dragonite|Dragonite, L50, F|100/100
|switch|p2a: Talonflame|Talonflame, L50, F|100/100
|switch|p2b: Annihilape|Annihilape, L50, F|100/100
|turn|1
|
|t:|1756330995
|switch|p1b: Kingambit|Kingambit, L50, F|100/100
|move|p1a: Sneasler|Fake Out|p2a: Talonflame
|-damage|p2a: Talonflame|77/100
|move|p2a: Talonflame|Tailwind|p2a: Talonflame
|-sidestart|p2: bosilek|move: Tailwind
|move|p2b: Annihilape|Final Gambit|p1b: Kingambit
|-damage|p1b: Kingambit|0 fnt
|faint|p2b: Annihilape
|faint|p1b: Kingambit
|
|upkeep
|
|t:|1756331010
|switch|p2b: Garchomp|Garchomp, L50, M|100/100
|switch|p1b: Dragonite|Dragonite, L50, F|100/100
|turn|2
|
|t:|1756331019
|-terastallize|p2b: Garchomp|Steel
|-terastallize|p1b: Dragonite|Fairy
|move|p2a: Talonflame|Will-O-Wisp|p1a: Sneasler
|-status|p1a: Sneasler|brn
|move|p2b: Garchomp|Dragon Claw|p1b: Dragonite
|-immune|p1b: Dragonite
|move|p1a: Sneasler|Close Combat|p2b: Garchomp
|-supereffective|p2b: Garchomp
|-damage|p2b: Garchomp|25/100
|-unboost|p1a: Sneasler|def|1
|-unboost|p1a: Sneasler|spd|1
|-damage|p1a: Sneasler|88/100 brn|[from] ability: Rough Skin|[of] p2b: Garchomp
|move|p1b: Dragonite|Scale Shot|p2a: Talonflame
|-damage|p2a: Talonflame|54/100
|-damage|p2a: Talonflame|32/100
|-damage|p2a: Talonflame|11/100
|-damage|p2a: Talonflame|0 fnt
|faint|p2a: Talonflame
|-hitcount|p2: Talonflame|4
|-unboost|p1b: Dragonite|def|1
|-boost|p1b: Dragonite|spe|1
|
|-damage|p1a: Sneasler|83/100 brn|[from] brn
|upkeep
|c|☆bosilek|good read
|
|t:|1756331044
|switch|p2a: Hydreigon|Hydreigon, L50, F|100/100
|turn|3
|
|t:|1756331057
|switch|p1a: Electabuzz|Electabuzz, L50, F|100/100
|move|p1b: Dragonite|Protect|p1b: Dragonite
|-singleturn|p1b: Dragonite|Protect
|move|p2b: Garchomp|Earthquake|p1b: Dragonite|[spread] p1a
|-activate|p1b: Dragonite|move: Protect
|-immune|p2a: Hydreigon|[from] ability: Levitate
|-supereffective|p1a: Electabuzz
|-damage|p1a: Electabuzz|20/100
|-damage|p2b: Garchomp|15/100|[from] item: Life Orb
|move|p2a: Hydreigon|Heat Wave|p1a: Electabuzz|[spread] p1a
|-activate|p1b: Dragonite|move: Protect
|-damage|p1a: Electabuzz|0 fnt
|faint|p1a: Electabuzz
|
|upkeep
|
|t:|1756331072
|switch|p1a: Sneasler|Sneasler, L50, M|83/100 brn
|turn|4
|
|t:|1756331083
|move|p1a: Sneasler|Fake Out|p2b: Garchomp
|-resisted|p2b: Garchomp
|-damage|p2b: Garchomp|11/100
|-damage|p1a: Sneasler|70/100 brn|[from] ability: Rough Skin|[of] p2b: Garchomp
|cant|p2b: Garchomp|flinch
|move|p2a: Hydreigon|Heat Wave|p1b: Dragonite|[spread] p1a,p1b
|-damage|p1a: Sneasler|22/100 brn
|-damage|p1b: Dragonite|81/100
|move|p1b: Dragonite|Scale Shot|p2a: Hydreigon
|-supereffective|p2a: Hydreigon
|-damage|p2a: Hydreigon|67/100
|-supereffective|p2a: Hydreigon
|-damage|p2a: Hydreigon|34/100
|-supereffective|p2a: Hydreigon
|-damage|p2a: Hydreigon|0 fnt
|faint|p2a: Hydreigon
|-hitcount|p2: Hydreigon|3
|-unboost|p1b: Dragonite|def|1
|-boost|p1b: Dragonite|spe|1
|
|-damage|p1a: Sneasler|17/100 brn|[from] brn
|-sideend|p2: bosilek|move: Tailwind
|upkeep
|turn|5
|-message|bosilek forfeited.
|
|win|OkarunConBolas
||OkarunConBolas is ready for game 2.
|inactive|bosilek has 30 seconds to confirm battle start!
||bosilek is ready for game 2.
|uhtml|next|Next: Game 2 of 3
|l|☆bosilek
|player|p2|
