|j|☆memeberserk
|j|☆mammamiapik
|html|memeberserkmammamiapik    
|uhtml|bestof|Game 1 of a best-of-3
|t:|1784141836
|gametype|doubles
|player|p1|memeberserk|lance|1082
|player|p2|mammamiapik|benga|1055
|gen|9
|tier|[Gen 9 Champions] VGC 2026 Reg M-B (Bo3)
|rated|
|rule|Species Clause: Limit one of each Pokémon
|rule|Item Clause: Limit 1 of each item
|clearpoke
|poke|p1|Raichu, L50, M|
|poke|p1|Corviknight, L50, M|
|poke|p1|Sylveon, L50, F|
|poke|p1|Basculegion, L50, M|
|poke|p1|Mamoswine, L50, F|
|poke|p1|Tyranitar, L50, F|
|poke|p2|Gengar, L50, F|
|poke|p2|Politoed, L50, F|
|poke|p2|Incineroar, L50, F|
|poke|p2|Archaludon, L50, F|
|poke|p2|Meowscarada, L50, F|
|poke|p2|Raichu, L50, F|
|teampreview|4
|showteam|p1|Raichu||RaichuniteY|LightningRod|ZapCannon,FocusBlast,FakeOut,Protect|Timid||M|||50|]Corviknight||Leftovers|Unnerve|BraveBird,IronHead,Tailwind,Protect|Careful||M|||50|]Sylveon||FairyFeather|Pixilate|HyperVoice,QuickAttack,Protect,Yawn|Modest||F|||50|]Basculegion||MysticWater|SwiftSwim|WaveCrash,LastRespects,AquaJet,Protect|Adamant||M|||50|]Mamoswine||LifeOrb|Oblivious|HighHorsepower,IceShard,IcicleCrash,Protect|Adamant||F|||50|]Tyranitar||FocusSash|SandStream|RockSlide,KnockOff,Superpower,Protect|Adamant||F|||50|
|showteam|p2|Gengar||Gengarite|CursedBody|PerishSong,ShadowBall,Substitute,Protect|Timid||F|||50|]Politoed||SitrusBerry|Drizzle|WeatherBall,PerishSong,Encore,Protect|Bold||F|||50|]Incineroar||PasshoBerry|Intimidate|FakeOut,ThroatChop,PartingShot,Protect|Sassy||F|||50|]Archaludon||Leftovers|Stamina|ElectroShot,DragonPulse,FlashCannon,Protect|Modest||F|||50|]Meowscarada||LifeOrb|Protean|FlowerTrick,SuckerPunch,TripleAxel,Protect|Jolly||F|||50|]Raichu||RaichuniteX|Static|FakeOut,RisingVoltage,VoltTackle,Protect|Hasty||F|||50|
|inactive|Battle timer is ON: inactive players will automatically lose when time's up. (requested by memeberserk)
|inactive|mammamiapik has 60 seconds left.
|inactive|mammamiapik has 30 seconds left.
|
|t:|1784141978
|teamsize|p1|4
|teamsize|p2|4
|start
|switch|p1a: Raichu|Raichu, L50, M|100/100
|switch|p1b: Basculegion|Basculegion, L50, M|100/100
|switch|p2a: Gengar|Gengar, L50, F|100/100
|switch|p2b: Incineroar|Incineroar, L50, F|100/100
|-ability|p2b: Incineroar|Intimidate|boost
|-unboost|p1a: Raichu|atk|1
|-unboost|p1b: Basculegion|atk|1
|turn|1
|inactive|memeberserk has 30 seconds left.
|inactive|mammamiapik has 30 seconds left.
|inactive|mammamiapik has 20 seconds left.
|inactive|memeberserk has 20 seconds left.
|
|t:|1784142020
|switch|p1b: Corviknight|Corviknight, L50, M|100/100
|-ability|p1b: Corviknight|Unnerve
|detailschange|p1a: Raichu|Raichu-Mega-Y, L50, M
|-mega|p1a: Raichu|Raichu|Raichunite Y
|detailschange|p2a: Gengar|Gengar-Mega, L50, F
|-mega|p2a: Gengar|Gengar|Gengarite
|move|p1a: Raichu|Fake Out|p2b: Incineroar
|-damage|p2b: Incineroar|94/100
|cant|p2b: Incineroar|flinch
|move|p2a: Gengar|Shadow Ball|p1b: Corviknight
|-damage|p1b: Corviknight|65/100
|
|-heal|p1b: Corviknight|71/100|[from] item: Leftovers
|upkeep
|turn|2
|
|t:|1784142042
|move|p2a: Gengar|Protect|p2a: Gengar
|-singleturn|p2a: Gengar|Protect
|move|p1a: Raichu|Zap Cannon|p2a: Gengar
|-activate|p2a: Gengar|move: Protect
|move|p1b: Corviknight|Tailwind|p1b: Corviknight
|-sidestart|p1: memeberserk|move: Tailwind
|move|p2b: Incineroar|Parting Shot|p1a: Raichu
|-unboost|p1a: Raichu|atk|1
|-unboost|p1a: Raichu|spa|1
|
|t:|1784142057
|switch|p2b: Meowscarada|Meowscarada, L50, F|100/100|[from] Parting Shot
|
|-heal|p1b: Corviknight|77/100|[from] item: Leftovers
|upkeep
|turn|3
|
|t:|1784142073
|switch|p2b: Incineroar|Incineroar, L50, F|94/100
|-ability|p2b: Incineroar|Intimidate|boost
|-unboost|p1a: Raichu|atk|1
|-unboost|p1b: Corviknight|atk|1
|move|p1a: Raichu|Zap Cannon|p2a: Gengar
|-damage|p2a: Gengar|44/100
|-status|p2a: Gengar|par
|move|p1b: Corviknight|Brave Bird|p2a: Gengar
|-damage|p2a: Gengar|11/100 par
|-damage|p1b: Corviknight|68/100|[from] Recoil
|move|p2a: Gengar|Perish Song|p2a: Gengar
|-start|p1a: Raichu|perish3|[silent]
|-start|p1b: Corviknight|perish3|[silent]
|-start|p2a: Gengar|perish3|[silent]
|-start|p2b: Incineroar|perish3|[silent]
|-fieldactivate|move: Perish Song
|
|-heal|p1b: Corviknight|74/100|[from] item: Leftovers
|-start|p1a: Raichu|perish3
|-start|p1b: Corviknight|perish3
|-start|p2a: Gengar|perish3
|-start|p2b: Incineroar|perish3
|upkeep
|turn|4
|inactive|mammamiapik has 30 seconds left.
|
|t:|1784142104
|switch|p2a: Meowscarada|Meowscarada, L50, F|100/100
|move|p1a: Raichu|Zap Cannon|p2b: Incineroar
|-damage|p2b: Incineroar|62/100
|-status|p2b: Incineroar|par
|move|p1b: Corviknight|Brave Bird|p2a: Meowscarada
|-supereffective|p2a: Meowscarada|1
|-damage|p2a: Meowscarada|13/100
|-damage|p1b: Corviknight|52/100|[from] Recoil
|move|p2b: Incineroar|Parting Shot|p1a: Raichu
|-unboost|p1a: Raichu|atk|1
|-unboost|p1a: Raichu|spa|1
|
|t:|1784142118
|switch|p2b: Gengar|Gengar-Mega, L50, F|11/100 par|[from] Parting Shot
|
|-heal|p1b: Corviknight|58/100|[from] item: Leftovers
|-start|p1a: Raichu|perish2
|-start|p1b: Corviknight|perish2
|upkeep
|turn|5
|
|t:|1784142129
|switch|p2a: Incineroar|Incineroar, L50, F|62/100 par
|-ability|p2a: Incineroar|Intimidate|boost
|-unboost|p1a: Raichu|atk|1
|-unboost|p1b: Corviknight|atk|1
|move|p2b: Gengar|Protect|p2b: Gengar
|-singleturn|p2b: Gengar|Protect
|move|p1a: Raichu|Zap Cannon|p2a: Incineroar
|-damage|p2a: Incineroar|39/100 par
|move|p1b: Corviknight|Brave Bird|p2b: Gengar
|-activate|p2b: Gengar|move: Protect
|
|-heal|p1b: Corviknight|64/100|[from] item: Leftovers
|-start|p1a: Raichu|perish1
|-start|p1b: Corviknight|perish1
|-sideend|p1: memeberserk|move: Tailwind
|upkeep
|turn|6
|inactive|mammamiapik has 30 seconds left.
|
|t:|1784142154
|move|p2b: Gengar|Protect|p2b: Gengar
|-singleturn|p2b: Gengar|Protect
|move|p2a: Incineroar|Protect|p2a: Incineroar
|-singleturn|p2a: Incineroar|Protect
|move|p1a: Raichu|Zap Cannon|p2b: Gengar
|-activate|p2b: Gengar|move: Protect
|move|p1b: Corviknight|Brave Bird|p2b: Gengar
|-activate|p2b: Gengar|move: Protect
|
|-heal|p1b: Corviknight|70/100|[from] item: Leftovers
|-start|p1a: Raichu|perish0
|-start|p1b: Corviknight|perish0
|faint|p1a: Raichu
|faint|p1b: Corviknight
|upkeep
|
|t:|1784142167
|switch|p1a: Basculegion|Basculegion, L50, M|100/100
|switch|p1b: Mamoswine|Mamoswine, L50, F|100/100
|turn|7
|
|t:|1784142185
|move|p1b: Mamoswine|High Horsepower|p2a: Incineroar
|-supereffective|p2a: Incineroar|1
|-damage|p2a: Incineroar|0 fnt
|faint|p2a: Incineroar
|-damage|p1b: Mamoswine|90/100|[from] item: Life Orb
|move|p1a: Basculegion|Last Respects|p2b: Gengar
|-supereffective|p2b: Gengar|1
|-damage|p2b: Gengar|0 fnt
|faint|p2b: Gengar
|
|upkeep
|
|t:|1784142192
|switch|p2b: Politoed|Politoed, L50, F|100/100
|switch|p2a: Meowscarada|Meowscarada, L50, F|13/100
|-weather|RainDance|[from] ability: Drizzle|[of] p2b: Politoed
|turn|8
|
|t:|1784142207
|move|p2a: Meowscarada|Sucker Punch|p1a: Basculegion
|-start|p2a: Meowscarada|typechange|Dark|[from] ability: Protean
|-supereffective|p1a: Basculegion|1
|-damage|p1a: Basculegion|1/100
|-damage|p2a: Meowscarada|3/100|[from] item: Life Orb
|move|p1b: Mamoswine|Ice Shard|p2a: Meowscarada
|-damage|p2a: Meowscarada|0 fnt
|faint|p2a: Meowscarada
|-damage|p1b: Mamoswine|80/100|[from] item: Life Orb
|move|p1a: Basculegion|Last Respects|p2b: Politoed
|-damage|p2b: Politoed|32/100
|-enditem|p2b: Politoed|Sitrus Berry|[eat]
|-heal|p2b: Politoed|57/100|[from] item: Sitrus Berry
|move|p2b: Politoed|Weather Ball|p1b: Mamoswine
|-supereffective|p1b: Mamoswine|1
|-damage|p1b: Mamoswine|0 fnt
|faint|p1b: Mamoswine
|
|-weather|RainDance|[upkeep]
|upkeep
|turn|9
|
|t:|1784142230
|move|p1a: Basculegion|Last Respects|p2b: Politoed
|-crit|p2b: Politoed
|-damage|p2b: Politoed|0 fnt
|faint|p2b: Politoed
|
|win|memeberserk
