|j|☆ncsha
|j|☆Gunkly
|html|ncshaGunkly    
|uhtml|bestof|Game 2 of a best-of-3
|t:|1784481162
|gametype|doubles
|player|p1|ncsha|wallace|
|player|p2|Gunkly|265|
|gen|9
|tier|[Gen 9 Champions] VGC 2026 Reg M-B (Bo3)
|rule|Species Clause: Limit one of each Pokémon
|rule|Item Clause: Limit 1 of each item
|clearpoke
|poke|p1|Charizard, L50, M|
|poke|p1|Vileplume, L50, F|
|poke|p1|Empoleon, L50, M|
|poke|p1|Rotom-Heat, L50|
|poke|p1|Excadrill, L50, F|
|poke|p1|Meowstic-F, L50, F|
|poke|p2|Starmie, L50|
|poke|p2|Grimmsnarl, L50, M|
|poke|p2|Golurk, L50|
|poke|p2|Drampa, L50, F|
|poke|p2|Zoroark-Hisui, L50, M|
|poke|p2|Sinistcha, L50|
|teampreview|4
|showteam|p1|Charizard||CharizarditeY|Blaze|HeatWave,SolarBeam,Protect,RockSlide|Hasty||M|||50|]Vileplume||FocusSash|Chlorophyll|StunSpore,SleepPowder,GigaDrain,Protect|Timid||F|||50|]Empoleon||ExpertBelt|Competitive|IceBeam,HydroPump,FlashCannon,ThroatChop|Sassy||M|||50|]Rotom-Heat||SitrusBerry|Levitate|DarkPulse,Thunderbolt,Overheat,VoltSwitch|Timid|||||50|]Excadrill||LifeOrb|MoldBreaker|Earthquake,EarthPower,RockSlide,Protect|Hasty||F|||50|]Meowstic-F||ChoiceScarf|Competitive|DarkPulse,Psychic,ShadowBall,AlluringVoice|Timid||F|||50|
|showteam|p2|Starmie||ExpertBelt|NaturalCure|Psychic,Thunderbolt,TrickRoom,RainDance|Calm|||||50|]Grimmsnarl||LightClay|Prankster|LightScreen,FakeOut,PartingShot,Crunch|Sassy||M|||50|]Golurk||Golurkite|IronFist|Protect,Poltergeist,RockSlide,Earthquake|Sassy|||||50|]Drampa||Drampanite|CloudNine|Protect,DragonPulse,Thunderbolt,HyperVoice|Quiet||F|||50|]Zoroark-Hisui||FocusSash|Illusion|Comeuppance,RainDance,HyperVoice,ShadowBall|Mild||M|||50|]Sinistcha||SitrusBerry|Hospitality|LifeDew,ShadowBall,TrickRoom,RagePowder|Calm|||||50|
|j| giby0520
|
|t:|1784481242
|teamsize|p1|4
|teamsize|p2|4
|start
|switch|p1a: Charizard|Charizard, L50, M|100/100
|switch|p1b: Vileplume|Vileplume, L50, F|100/100
|switch|p2a: Starmie|Starmie, L50|100/100
|switch|p2b: Grimmsnarl|Grimmsnarl, L50, M|100/100
|turn|1
|
|t:|1784481270
|detailschange|p1a: Charizard|Charizard-Mega-Y, L50, M
|-mega|p1a: Charizard|Charizard|Charizardite Y
|-weather|SunnyDay|[from] ability: Drought|[of] p1a: Charizard
|move|p1a: Charizard|Protect|p1a: Charizard
|-singleturn|p1a: Charizard|Protect
|move|p2b: Grimmsnarl|Fake Out|p1b: Vileplume
|-damage|p1b: Vileplume|86/100
|cant|p1b: Vileplume|flinch
|move|p2a: Starmie|Trick Room|p2a: Starmie
|-fieldstart|move: Trick Room|[of] p2a: Starmie
|
|-weather|SunnyDay|[upkeep]
|upkeep
|turn|2
|j| PinguNootxNoot
|
|t:|1784481299
|switch|p1a: Empoleon|Empoleon, L50, M|100/100
|move|p2b: Grimmsnarl|Light Screen|p2b: Grimmsnarl
|-sidestart|p2: Gunkly|move: Light Screen
|move|p2a: Starmie|Rain Dance|p2a: Starmie
|-weather|RainDance
|move|p1b: Vileplume|Sleep Powder|p2a: Starmie|[miss]
|-miss|p1b: Vileplume|p2a: Starmie
|
|-weather|RainDance|[upkeep]
|upkeep
|turn|3
|
|t:|1784481324
|move|p2b: Grimmsnarl|Parting Shot|p1b: Vileplume
|-unboost|p1b: Vileplume|atk|1
|-unboost|p1b: Vileplume|spa|1
|
|t:|1784481340
|switch|p2b: Drampa|Drampa, L50, F|100/100|[from] Parting Shot
|-ability|p2b: Drampa|Cloud Nine
|move|p1a: Empoleon|Flash Cannon|p2b: Drampa
|-damage|p2b: Drampa|80/100
|move|p1b: Vileplume|Giga Drain|p2a: Starmie
|-supereffective|p2a: Starmie|1
|-damage|p2a: Starmie|73/100
|-heal|p1b: Vileplume|99/100|[from] drain|[of] p2a: Starmie
|move|p2a: Starmie|Psychic|p1b: Vileplume
|-supereffective|p1b: Vileplume|1
|-damage|p1b: Vileplume|14/100
|
|-weather|RainDance|[upkeep]
|upkeep
|turn|4
|
|t:|1784481375
|detailschange|p2b: Drampa|Drampa-Mega, L50, F
|-mega|p2b: Drampa|Drampa|Drampanite
|move|p1b: Vileplume|Protect|p1b: Vileplume
|-singleturn|p1b: Vileplume|Protect
|move|p2b: Drampa|Thunderbolt|p1a: Empoleon
|-supereffective|p1a: Empoleon|1
|-damage|p1a: Empoleon|49/100
|move|p1a: Empoleon|Ice Beam|p2b: Drampa
|-supereffective|p2b: Drampa|1
|-damage|p2b: Drampa|48/100
|-ability|p2b: Drampa|Berserk|boost
|-boost|p2b: Drampa|spa|1
|move|p2a: Starmie|Psychic|p1b: Vileplume
|-activate|p1b: Vileplume|move: Protect
|
|-weather|RainDance|[upkeep]
|upkeep
|turn|5
|
|t:|1784481418
|switch|p1a: Excadrill|Excadrill, L50, F|100/100
|-ability|p1a: Excadrill|Mold Breaker
|switch|p2a: Sinistcha|Sinistcha, L50|100/100
|-heal|p2b: Drampa|72/100|[from] ability: Hospitality|[of] p2a: Sinistcha
|move|p2b: Drampa|Hyper Voice|p1b: Vileplume|[spread] p1a,p1b
|-resisted|p1a: Excadrill|1
|-damage|p1a: Excadrill|56/100
|-damage|p1b: Vileplume|0 fnt
|faint|p1b: Vileplume
|
|-weather|RainDance|[upkeep]
|-fieldend|move: Trick Room
|upkeep
|
|t:|1784481432
|switch|p1b: Empoleon|Empoleon, L50, M|49/100
|turn|6
|
|t:|1784481442
|move|p2b: Drampa|Protect|p2b: Drampa
|-singleturn|p2b: Drampa|Protect
|move|p1a: Excadrill|Rock Slide|p2b: Drampa|[spread] p2a
|-activate|p2b: Drampa|move: Protect
|-damage|p2a: Sinistcha|76/100
|-damage|p1a: Excadrill|47/100|[from] item: Life Orb
|move|p1b: Empoleon|Ice Beam|p2b: Drampa
|-activate|p2b: Drampa|move: Protect
|move|p2a: Sinistcha|Trick Room|p2a: Sinistcha
|-fieldstart|move: Trick Room|[of] p2a: Sinistcha
|
|-weather|none
|upkeep
|turn|7
|
|t:|1784481473
|move|p1a: Excadrill|Protect|p1a: Excadrill
|-singleturn|p1a: Excadrill|Protect
|move|p2a: Sinistcha|Rage Powder|p2a: Sinistcha
|-singleturn|p2a: Sinistcha|move: Rage Powder
|move|p2b: Drampa|Thunderbolt|p1b: Empoleon
|-supereffective|p1b: Empoleon|1
|-damage|p1b: Empoleon|0 fnt
|faint|p1b: Empoleon
|
|upkeep
|
|t:|1784481480
|switch|p1b: Charizard|Charizard-Mega-Y, L50, M|100/100
|-weather|SunnyDay|[from] ability: Drought|[of] p1b: Charizard
|turn|8
|
|t:|1784481496
|move|p2b: Drampa|Thunderbolt|p1b: Charizard
|-supereffective|p1b: Charizard|1
|-damage|p1b: Charizard|0 fnt
|faint|p1b: Charizard
|move|p2a: Sinistcha|Shadow Ball|p1a: Excadrill
|-damage|p1a: Excadrill|0 fnt
|faint|p1a: Excadrill
|
|win|Gunkly
|inactive|ncsha has 30 seconds to confirm battle start!
|inactive|Gunkly has 30 seconds to confirm battle start!
||ncsha is ready for game 3.
||Gunkly is ready for game 3.
|uhtml|next|Next: Game 3 of 3
