|j|☆palle synchro
|j|☆tessa scarlet
|html|palle synchrotessa scarlet    
|uhtml|bestof|Game 3 of a best-of-3
|t:|1754216005
|gametype|doubles
|player|p1|palle synchro|volkner|1261
|player|p2|tessa scarlet|170|1240
|gen|9
|tier|[Gen 9] VGC 2025 Reg H (Bo3)
|rated|
|rule|Species Clause: Limit one of each Pokémon
|rule|Item Clause: Limit 1 of each item
|clearpoke
|poke|p1|Whimsicott, L50, M|
|poke|p1|Gholdengo, L50|
|poke|p1|Indeedee, L50, M|
|poke|p1|Sneasler, L50, M|
|poke|p1|Ursaluna-Bloodmoon, L50, M|
|poke|p1|Archaludon, L50, F|
|poke|p2|Sneasler, L50, M|
|poke|p2|Volcarona, L50, F|
|poke|p2|Dragonite, L50, M|
|poke|p2|Rillaboom, L50, F|
|poke|p2|Maushold-Four, L50|
|poke|p2|Gholdengo, L50|
|teampreview|4
|showteam|p1|Whimsicott||CovertCloak|Prankster|Moonblast,Taunt,Tailwind,FakeTears|||M|||50|,,,,,Water]Gholdengo||LifeOrb|GoodasGold|MakeItRain,ShadowBall,NastyPlot,Protect||||||50|,,,,,Steel]Indeedee||FocusSash|PsychicSurge|ExpandingForce,TeraBlast,Imprison,TrickRoom|||M|||50|,,,,,Psychic]Sneasler||PsychicSeed|Unburden|CloseCombat,DireClaw,ThroatChop,Protect|||M|||50|,,,,,Dark]Ursaluna-Bloodmoon||SilkScarf|MindsEye|HyperVoice,BloodMoon,EarthPower,Protect|||M|||50|,,,,,Normal]Archaludon||PowerHerb|Stalwart|ElectroShot,DragonPulse,Thunderbolt,Protect|||F|||50|,,,,,Electric
|showteam|p2|Sneasler||GrassySeed|Unburden|DireClaw,CloseCombat,ThroatChop,Protect|||M|||50|,,,,,Dark]Volcarona||Leftovers|FlameBody|HeatWave,QuiverDance,Protect,TeraBlast|||F|||50|,,,,,Fairy]Dragonite||LoadedDice|Multiscale|ScaleShot,ExtremeSpeed,Haze,Protect|||M|||50|,,,,,Steel]Rillaboom||AssaultVest|GrassySurge|WoodHammer,GrassyGlide,HighHorsepower,FakeOut|||F|||50|,,,,,Fire]Maushold-Four||FocusSash|FriendGuard|FollowMe,Taunt,Protect,SuperFang||||||50|,,,,,Ghost]Gholdengo||SitrusBerry|GoodasGold|MakeItRain,ShadowBall,NastyPlot,Protect||||||50|,,,,,Water
|inactive|Battle timer is ON: inactive players will automatically lose when time's up. (requested by palle synchro)
|
|t:|1754216025
|teamsize|p1|4
|teamsize|p2|4
|start
|switch|p1a: Gholdengo|Gholdengo, L50|100/100
|switch|p1b: Sneasler|Sneasler, L50, M|100/100
|switch|p2a: Gholdengo|Gholdengo, L50|100/100
|switch|p2b: Maushold|Maushold-Four, L50|100/100
|turn|1
|inactive|tessa scarlet has 30 seconds left.
|
|t:|1754216055
|-terastallize|p1b: Sneasler|Dark
|-terastallize|p2a: Gholdengo|Water
|move|p2b: Maushold|Protect|p2b: Maushold
|-singleturn|p2b: Maushold|Protect
|move|p1b: Sneasler|Throat Chop|p2a: Gholdengo
|-damage|p2a: Gholdengo|69/100
|-start|p2a: Gholdengo|Throat Chop|[silent]
|move|p1a: Gholdengo|Nasty Plot|p1a: Gholdengo
|-boost|p1a: Gholdengo|spa|2
|move|p2a: Gholdengo|Nasty Plot|p2a: Gholdengo
|-boost|p2a: Gholdengo|spa|2
|
|upkeep
|turn|2
|
|t:|1754216072
|move|p2b: Maushold|Follow Me|p2b: Maushold
|-singleturn|p2b: Maushold|move: Follow Me
|move|p1b: Sneasler|Dire Claw|p2b: Maushold
|-damage|p2b: Maushold|44/100
|move|p1a: Gholdengo|Make It Rain|p2b: Maushold|[spread] p2a,p2b
|-resisted|p2a: Gholdengo
|-damage|p2a: Gholdengo|21/100
|-damage|p2b: Maushold|0 fnt
|-unboost|p1a: Gholdengo|spa|1
|-enditem|p2a: Gholdengo|Sitrus Berry|[eat]
|-heal|p2a: Gholdengo|46/100|[from] item: Sitrus Berry
|faint|p2b: Maushold
|-damage|p1a: Gholdengo|91/100|[from] item: Life Orb
|move|p2a: Gholdengo|Make It Rain|p1b: Sneasler|[spread] p1a,p1b
|-resisted|p1a: Gholdengo
|-damage|p1a: Gholdengo|42/100
|-damage|p1b: Sneasler|0 fnt
|-unboost|p2a: Gholdengo|spa|1
|faint|p1b: Sneasler
|
|-end|p2a: Gholdengo|Throat Chop|[silent]
|upkeep
|
|t:|1754216094
|switch|p2b: Sneasler|Sneasler, L50, M|100/100
|switch|p1b: Archaludon|Archaludon, L50, F|100/100
|turn|3
|
|t:|1754216107
|switch|p2a: Rillaboom|Rillaboom, L50, F|100/100
|-fieldstart|move: Grassy Terrain|[from] ability: Grassy Surge|[of] p2a: Rillaboom
|-enditem|p2b: Sneasler|Grassy Seed
|-boost|p2b: Sneasler|def|1|[from] item: Grassy Seed
|move|p2b: Sneasler|Throat Chop|p1a: Gholdengo
|-supereffective|p1a: Gholdengo
|-damage|p1a: Gholdengo|0 fnt
|faint|p1a: Gholdengo
|move|p1b: Archaludon|Electro Shot||[still]
|-prepare|p1b: Archaludon|Electro Shot
|-boost|p1b: Archaludon|spa|1
|-enditem|p1b: Archaludon|Power Herb
|-anim|p1b: Archaludon|Electro Shot|p2a: Rillaboom
|-resisted|p2a: Rillaboom
|-damage|p2a: Rillaboom|72/100
|
|-heal|p2a: Rillaboom|78/100|[from] Grassy Terrain
|upkeep
|
|t:|1754216114
|switch|p1a: Indeedee|Indeedee, L50, M|100/100
|-fieldstart|move: Psychic Terrain|[from] ability: Psychic Surge|[of] p1a: Indeedee
|turn|4
|
|t:|1754216126
|switch|p2a: Gholdengo|Gholdengo, L50, tera:Water|46/100
|move|p2b: Sneasler|Protect|p2b: Sneasler
|-singleturn|p2b: Sneasler|Protect
|move|p1a: Indeedee|Expanding Force|p2a: Gholdengo|[spread] p2a
|-activate|p2b: Sneasler|move: Protect
|-damage|p2a: Gholdengo|0 fnt
|faint|p2a: Gholdengo
|move|p1b: Archaludon|Dragon Pulse|p2b: Sneasler
|-activate|p2b: Sneasler|move: Protect
|
|upkeep
|
|t:|1754216129
|switch|p2a: Rillaboom|Rillaboom, L50, F|78/100
|-fieldstart|move: Grassy Terrain|[from] ability: Grassy Surge|[of] p2a: Rillaboom
|turn|5
|inactive|tessa scarlet has 30 seconds left.
|
|t:|1754216156
|move|p2a: Rillaboom|Grassy Glide|p1b: Archaludon
|-resisted|p1b: Archaludon
|-damage|p1b: Archaludon|92/100
|move|p2b: Sneasler|Close Combat|p1b: Archaludon
|-supereffective|p1b: Archaludon
|-damage|p1b: Archaludon|0 fnt
|-unboost|p2b: Sneasler|def|1
|-unboost|p2b: Sneasler|spd|1
|faint|p1b: Archaludon
|move|p1a: Indeedee|Expanding Force|p2b: Sneasler
|-supereffective|p2b: Sneasler
|-damage|p2b: Sneasler|0 fnt
|faint|p2b: Sneasler
|
|-heal|p2a: Rillaboom|84/100|[from] Grassy Terrain
|upkeep
|turn|6
|
|t:|1754216165
|move|p1a: Indeedee|Expanding Force|p2a: Rillaboom
|-damage|p2a: Rillaboom|54/100
|move|p2a: Rillaboom|Wood Hammer|p1a: Indeedee
|-enditem|p1a: Indeedee|Focus Sash
|-damage|p1a: Indeedee|1/100
|-damage|p2a: Rillaboom|31/100|[from] Recoil
|
|-heal|p1a: Indeedee|7/100|[from] Grassy Terrain
|-heal|p2a: Rillaboom|37/100|[from] Grassy Terrain
|upkeep
|turn|7
|
|t:|1754216168
|move|p2a: Rillaboom|Grassy Glide|p1a: Indeedee
|-damage|p1a: Indeedee|0 fnt
|faint|p1a: Indeedee
|
|win|tessa scarlet
|raw|palle synchro's rating: 1261 → 1234(-27 for losing)
|raw|tessa scarlet's rating: 1240 → 1267(+27 for winning)
