|j|☆Lauris
|j|☆TeyVgc
|html|LaurisTeyVgc    
|uhtml|bestof|Game 2 of a best-of-3
|t:|1756516083
|gametype|doubles
|player|p1|Lauris|102|1203
|player|p2|TeyVgc|2|1202
|gen|9
|tier|[Gen 9] VGC 2025 Reg H (Bo3)
|rated|
|rule|Species Clause: Limit one of each Pokémon
|rule|Item Clause: Limit 1 of each item
|clearpoke
|poke|p1|Incineroar, L50, F|
|poke|p1|Amoonguss, L50, M|
|poke|p1|Porygon2, L50|
|poke|p1|Gholdengo, L50|
|poke|p1|Ursaluna, L50, M|
|poke|p1|Hydreigon, L50, M|
|poke|p2|Ursaluna-Bloodmoon, L50, M|
|poke|p2|Gholdengo, L50|
|poke|p2|Dragonite, L50, F|
|poke|p2|Sneasler, L50, F|
|poke|p2|Incineroar, L50, M|
|poke|p2|Indeedee, L50, M|
|teampreview|4
|showteam|p1|Incineroar||SitrusBerry|Intimidate|FlareBlitz,KnockOff,PartingShot,FakeOut|||F|||50|,,,,,Ghost]Amoonguss||RockyHelmet|Regenerator|RagePowder,PollenPuff,Spore,Protect|||M|||50|,,,,,Fairy]Porygon2||Eviolite|Download|Recover,IceBeam,TeraBlast,TrickRoom||||||50|,,,,,Fighting]Gholdengo||LifeOrb|GoodasGold|ShadowBall,MakeItRain,NastyPlot,Protect||||||50|,,,,,Water]Ursaluna||FlameOrb|Guts|Facade,HeadlongRush,Earthquake,Protect|||M|||50|,,,,,Ghost]Hydreigon||SafetyGoggles|Levitate|DracoMeteor,Snarl,Tailwind,Protect|||M|||50|,,,,,Ghost
|showteam|p2|Ursaluna-Bloodmoon||AssaultVest|MindsEye|BloodMoon,EarthPower,VacuumWave,HyperVoice|||M|||50|,,,,,Water]Gholdengo||LifeOrb|GoodasGold|Protect,MakeItRain,ShadowBall,NastyPlot||||||50|,,,,,Water]Dragonite||LoadedDice|Multiscale|ScaleShot,Tailwind,Haze,Protect|||F|||50|,,,,,Fairy]Sneasler||PsychicSeed|Unburden|Protect,DireClaw,CloseCombat,ThroatChop|||F|||50|,,,,,Stellar]Incineroar||SafetyGoggles|Intimidate|KnockOff,PartingShot,FlareBlitz,FakeOut|||M|||50|,,,,,Ghost]Indeedee||FocusSash|PsychicSurge|ExpandingForce,TrickRoom,Imprison,TeraBlast|||M|||50|,,,,,Fighting
|
|t:|1756516142
|teamsize|p1|4
|teamsize|p2|4
|start
|switch|p1a: Hydreigon|Hydreigon, L50, M|100/100
|switch|p1b: Gholdengo|Gholdengo, L50|100/100
|switch|p2a: Joaquin|Dragonite, L50, F|100/100
|switch|p2b: Tuco|Incineroar, L50, M|100/100
|-ability|p2b: Tuco|Intimidate|boost
|-unboost|p1a: Hydreigon|atk|1
|-unboost|p1b: Gholdengo|atk|1
|turn|1
|inactive|Battle timer is ON: inactive players will automatically lose when time's up. (requested by Lauris)
|inactive|TeyVgc has 60 seconds left.
|inactive|TeyVgc has 30 seconds left.
|inactive|TeyVgc has 20 seconds left.
|inactive|TeyVgc has 15 seconds left.
|inactive|TeyVgc has 10 seconds left.
|
|t:|1756516227
|switch|p1b: Ursaluna|Ursaluna, L50, M|100/100
|move|p2b: Tuco|Fake Out|p1a: Hydreigon
|-damage|p1a: Hydreigon|86/100
|cant|p1a: Hydreigon|flinch
|move|p2a: Joaquin|Scale Shot|p1a: Hydreigon
|-supereffective|p1a: Hydreigon
|-damage|p1a: Hydreigon|50/100
|-supereffective|p1a: Hydreigon
|-damage|p1a: Hydreigon|17/100
|-supereffective|p1a: Hydreigon
|-damage|p1a: Hydreigon|0 fnt
|faint|p1a: Hydreigon
|-hitcount|p1: Hydreigon|3
|-unboost|p2a: Joaquin|def|1
|-boost|p2a: Joaquin|spe|1
|
|-status|p1b: Ursaluna|brn|[from] item: Flame Orb
|upkeep
|
|t:|1756516245
|switch|p1a: Incineroar|Incineroar, L50, F|100/100
|-ability|p1a: Incineroar|Intimidate|boost
|-unboost|p2a: Joaquin|atk|1
|-unboost|p2b: Tuco|atk|1
|turn|2
|inactive|TeyVgc has 30 seconds left.
|inactive|TeyVgc has 20 seconds left.
|inactive|TeyVgc has 15 seconds left.
|inactive|TeyVgc has 10 seconds left.
|inactive|TeyVgc has 5 seconds left.
|
|t:|1756516299
|switch|p2b: Marco|Indeedee, L50, M|100/100
|-fieldstart|move: Psychic Terrain|[from] ability: Psychic Surge|[of] p2b: Marco
|switch|p1a: Gholdengo|Gholdengo, L50|100/100
|move|p2a: Joaquin|Protect|p2a: Joaquin
|-singleturn|p2a: Joaquin|Protect
|move|p1b: Ursaluna|Facade|p2b: Marco
|-enditem|p2b: Marco|Focus Sash
|-damage|p2b: Marco|1/100
|
|-damage|p1b: Ursaluna|94/100 brn|[from] brn
|upkeep
|turn|3
|inactive|TeyVgc has 30 seconds left.
|
|t:|1756516325
|move|p2a: Joaquin|Tailwind|p2a: Joaquin
|-sidestart|p2: TeyVgc|move: Tailwind
|move|p2b: Marco|Expanding Force|p1b: Ursaluna|[spread] p1a,p1b
|-resisted|p1a: Gholdengo
|-damage|p1a: Gholdengo|70/100
|-damage|p1b: Ursaluna|39/100 brn
|move|p1a: Gholdengo|Make It Rain|p2b: Marco|[spread] p2a,p2b
|-damage|p2a: Joaquin|67/100
|-damage|p2b: Marco|0 fnt
|-unboost|p1a: Gholdengo|spa|1
|faint|p2b: Marco
|-damage|p1a: Gholdengo|60/100|[from] item: Life Orb
|move|p1b: Ursaluna|Facade|p2a: Joaquin
|-damage|p2a: Joaquin|0 fnt
|faint|p2a: Joaquin
|
|-damage|p1b: Ursaluna|33/100 brn|[from] brn
|upkeep
|
|t:|1756516343
|switch|p2b: Tuco|Incineroar, L50, M|100/100
|switch|p2a: Leonel|Sneasler, L50, F|100/100
|-ability|p2b: Tuco|Intimidate|boost
|-unboost|p1a: Gholdengo|atk|1
|-unboost|p1b: Ursaluna|atk|1
|-enditem|p2a: Leonel|Psychic Seed
|-boost|p2a: Leonel|spd|1|[from] item: Psychic Seed
|turn|4
|inactive|Lauris has 30 seconds left.
|inactive|TeyVgc has 30 seconds left.
|inactive|Lauris has 20 seconds left.
|inactive|TeyVgc has 20 seconds left.
|inactive|TeyVgc has 15 seconds left.
|inactive|TeyVgc has 10 seconds left.
|inactive|TeyVgc has 5 seconds left.
|
|t:|1756516398
|switch|p1a: Incineroar|Incineroar, L50, F|100/100
|-ability|p1a: Incineroar|Intimidate|boost
|-unboost|p2a: Leonel|atk|1
|-unboost|p2b: Tuco|atk|1
|move|p2a: Leonel|Protect|p2a: Leonel
|-singleturn|p2a: Leonel|Protect
|move|p2b: Tuco|Knock Off|p1b: Ursaluna
|-crit|p1b: Ursaluna
|-damage|p1b: Ursaluna|0 fnt
|-enditem|p1b: Ursaluna|Flame Orb|[from] move: Knock Off|[of] p2b: Tuco
|faint|p1b: Ursaluna
|
|upkeep
|
|t:|1756516407
|switch|p1b: Gholdengo|Gholdengo, L50|60/100
|turn|5
|inactive|Lauris has 30 seconds left.
|inactive|TeyVgc has 30 seconds left.
|inactive|TeyVgc has 20 seconds left.
|inactive|TeyVgc has 15 seconds left.
|inactive|TeyVgc has 10 seconds left.
|inactive|Lauris has 20 seconds left.
|inactive|TeyVgc has 5 seconds left.
|
|t:|1756516459
|-terastallize|p2a: Leonel|Stellar
|-terastallize|p1a: Incineroar|Ghost
|move|p1b: Gholdengo|Protect|p1b: Gholdengo
|-singleturn|p1b: Gholdengo|Protect
|move|p2a: Leonel|Close Combat|p1a: Incineroar
|-immune|p1a: Incineroar
|move|p2b: Tuco|Knock Off|p1b: Gholdengo
|-activate|p1b: Gholdengo|move: Protect
|move|p1a: Incineroar|Flare Blitz|p2a: Leonel
|-damage|p2a: Leonel|22/100
|-damage|p1a: Incineroar|81/100|[from] Recoil
|
|upkeep
|turn|6
|
|t:|1756516476
|move|p2a: Leonel|Throat Chop|p1b: Gholdengo
|-supereffective|p1b: Gholdengo
|-damage|p1b: Gholdengo|7/100
|-start|p1b: Gholdengo|Throat Chop|[silent]
|move|p2b: Tuco|Knock Off|p1a: Incineroar
|-supereffective|p1a: Incineroar
|-damage|p1a: Incineroar|29/100
|-enditem|p1a: Incineroar|Sitrus Berry|[from] move: Knock Off|[of] p2b: Tuco
|move|p1b: Gholdengo|Make It Rain|p2b: Tuco|[spread] p2a,p2b
|-resisted|p2b: Tuco
|-damage|p2a: Leonel|0 fnt
|-damage|p2b: Tuco|73/100
|-unboost|p1b: Gholdengo|spa|1
|faint|p2a: Leonel
|-damage|p1b: Gholdengo|0 fnt|[from] item: Life Orb
|faint|p1b: Gholdengo
|move|p1a: Incineroar|Knock Off|p2b: Tuco
|-resisted|p2b: Tuco
|-damage|p2b: Tuco|53/100
|-enditem|p2b: Tuco|Safety Goggles|[from] move: Knock Off|[of] p1a: Incineroar
|
|-sideend|p2: TeyVgc|move: Tailwind
|-fieldend|move: Psychic Terrain
|upkeep
|turn|7
|
|t:|1756516496
|move|p2b: Tuco|Knock Off|p1a: Incineroar
|-supereffective|p1a: Incineroar
|-crit|p1a: Incineroar
|-damage|p1a: Incineroar|0 fnt
|faint|p1a: Incineroar
|
|win|TeyVgc
|raw|Lauris's rating: 1203 → 1178(-25 for losing)
|raw|TeyVgc's rating: 1202 → 1227(+25 for winning)
