|j|☆MrPhoenixGC
|j|☆Squ1dge_
|html|MrPhoenixGCSqu1dge_    
|uhtml|bestof|Game 3 of a best-of-3
|t:|1783553396
|gametype|doubles
|player|p1|MrPhoenixGC|steven|1291
|player|p2|Squ1dge_|101|1186
|gen|9
|tier|[Gen 9 Champions] VGC 2026 Reg M-B (Bo3)
|rated|
|rule|Species Clause: Limit one of each Pokémon
|rule|Item Clause: Limit 1 of each item
|clearpoke
|poke|p1|Charizard, L50, F|
|poke|p1|Kingambit, L50, M|
|poke|p1|Sylveon, L50, F|
|poke|p1|Garchomp, L50, F|
|poke|p1|Aerodactyl, L50, M|
|poke|p1|Farigiraf, L50, F|
|poke|p2|Charizard, L50, M|
|poke|p2|Garchomp, L50, F|
|poke|p2|Whimsicott, L50, M|
|poke|p2|Basculegion, L50, M|
|poke|p2|Kingambit, L50, F|
|poke|p2|Floette-Eternal, L50, F|
|teampreview|4
|showteam|p1|Charizard||CharizarditeY|SolarPower|Protect,HeatWave,SolarBeam,WeatherBall|Modest||F|||50|]Kingambit||FocusSash|Defiant|IronHead,SuckerPunch,KowtowCleave,LowKick|Adamant||M|||50|]Sylveon||FairyFeather|Pixilate|Detect,HyperVoice,HyperBeam,QuickAttack|Modest||F|||50|]Garchomp||LifeOrb|RoughSkin|Protect,DragonClaw,Earthquake,RockSlide|Jolly||F|||50|]Aerodactyl||Aerodactylite|Unnerve|IceFang,RockSlide,Tailwind,DualWingbeat|Jolly||M|||50|]Farigiraf||SitrusBerry|ArmorTail|TrickRoom,Psychic,Thunderbolt,Protect|Bold||F|||50|
|showteam|p2|Charizard||CharizarditeY|Blaze|HeatWave,SolarBeam,WeatherBall,Protect|Modest||M|||50|]Garchomp||LifeOrb|RoughSkin|DragonClaw,Earthquake,RockSlide,Protect|Jolly||F|||50|]Whimsicott||FocusSash|Prankster|Moonblast,Tailwind,Encore,Protect|Timid||M|||50|]Basculegion||MysticWater|Adaptability|WaveCrash,AquaJet,Protect,LastRespects|Adamant||M|||50|]Kingambit||BlackGlasses|Defiant|KowtowCleave,SuckerPunch,IronHead,Protect|Adamant||F|||50|]Floette-Eternal||Floettite|FlowerVeil|Moonblast,DazzlingGleam,LightofRuin,Protect|Timid||F|||50|
|
|t:|1783553417
|teamsize|p1|4
|teamsize|p2|4
|start
|switch|p1a: Aerodactyl|Aerodactyl, L50, M|100/100
|switch|p1b: Kingambit|Kingambit, L50, M|100/100
|switch|p2a: Whimsicott|Whimsicott, L50, M|100/100
|switch|p2b: Floette|Floette-Eternal, L50, F|100/100
|-ability|p1a: Aerodactyl|Unnerve
|turn|1
|
|t:|1783553453
|detailschange|p1a: Aerodactyl|Aerodactyl-Mega, L50, M
|-mega|p1a: Aerodactyl|Aerodactyl|Aerodactylite
|detailschange|p2b: Floette|Floette-Mega, L50, F
|-mega|p2b: Floette|Floette|Floettite
|-ability|p2b: Floette|Fairy Aura
|move|p2b: Floette|Protect|p2b: Floette
|-singleturn|p2b: Floette|Protect
|move|p2a: Whimsicott|Tailwind|p2a: Whimsicott
|-sidestart|p2: Squ1dge_|move: Tailwind
|move|p1a: Aerodactyl|Dual Wingbeat|p2a: Whimsicott
|-supereffective|p2a: Whimsicott|1
|-damage|p2a: Whimsicott|21/100
|-supereffective|p2a: Whimsicott|1
|-damage|p2a: Whimsicott|0 fnt
|faint|p2a: Whimsicott
|-hitcount|p2: Whimsicott|2
|move|p1b: Kingambit|Iron Head|p2b: Floette
|-activate|p2b: Floette|move: Protect
|
|upkeep
|
|t:|1783553461
|switch|p2a: Garchomp|Garchomp, L50, F|100/100
|turn|2
|
|t:|1783553497
|move|p2b: Floette|Moonblast|p1b: Kingambit
|-damage|p1b: Kingambit|18/100
|move|p2a: Garchomp|Earthquake|p1b: Kingambit|[spread] p2b,p1b
|-immune|p1a: Aerodactyl
|-supereffective|p1b: Kingambit|1
|-crit|p1b: Kingambit
|-damage|p2b: Floette|34/100
|-damage|p1b: Kingambit|0 fnt
|faint|p1b: Kingambit
|-damage|p2a: Garchomp|90/100|[from] item: Life Orb
|move|p1a: Aerodactyl|Tailwind|p1a: Aerodactyl
|-sidestart|p1: MrPhoenixGC|move: Tailwind
|
|upkeep
|
|t:|1783553514
|switch|p1b: Sylveon|Sylveon, L50, F|100/100
|turn|3
|
|t:|1783553533
|move|p2a: Garchomp|Protect|p2a: Garchomp
|-singleturn|p2a: Garchomp|Protect
|move|p1a: Aerodactyl|Rock Slide|p2a: Garchomp|[spread] p2b
|-activate|p2a: Garchomp|move: Protect
|-damage|p2b: Floette|0 fnt
|faint|p2b: Floette
|move|p1b: Sylveon|Hyper Voice|p2a: Garchomp
|-activate|p2a: Garchomp|move: Protect
|
|upkeep
|
|t:|1783553541
|switch|p2b: Kingambit|Kingambit, L50, F|100/100
|turn|4
|
|t:|1783553559
|move|p2a: Garchomp|Protect||[still]
|-fail|p2a: Garchomp
|move|p1a: Aerodactyl|Rock Slide|p2b: Kingambit|[spread] p2a,p2b
|-resisted|p2a: Garchomp|1
|-resisted|p2b: Kingambit|1
|-damage|p2a: Garchomp|76/100
|-damage|p2b: Kingambit|89/100
|move|p1b: Sylveon|Hyper Beam|p2b: Kingambit|[miss]
|-miss|p1b: Sylveon|p2b: Kingambit
|move|p2b: Kingambit|Iron Head|p1b: Sylveon
|-supereffective|p1b: Sylveon|1
|-damage|p1b: Sylveon|14/100
|
|-sideend|p2: Squ1dge_|move: Tailwind
|upkeep
|turn|5
|
|t:|1783553580
|move|p2a: Garchomp|Protect|p2a: Garchomp
|-singleturn|p2a: Garchomp|Protect
|move|p1a: Aerodactyl|Rock Slide|p2b: Kingambit|[spread] p2b
|-activate|p2a: Garchomp|move: Protect
|-resisted|p2b: Kingambit|1
|-damage|p2b: Kingambit|78/100
|move|p1b: Sylveon|Hyper Voice|p2b: Kingambit|[spread] p2b
|-activate|p2a: Garchomp|move: Protect
|-damage|p2b: Kingambit|42/100
|move|p2b: Kingambit|Iron Head|p1b: Sylveon
|-supereffective|p1b: Sylveon|1
|-damage|p1b: Sylveon|0 fnt
|faint|p1b: Sylveon
|
|-sideend|p1: MrPhoenixGC|move: Tailwind
|upkeep
|
|t:|1783553596
|switch|p1b: Garchomp|Garchomp, L50, F|100/100
|turn|6
|-message|Squ1dge_ forfeited.
|raw|MrPhoenixGC's rating: 1291 → 1309(+18 for winning)
|raw|Squ1dge_'s rating: 1186 → 1168(-18 for losing)
|
|win|MrPhoenixGC
|l|☆Squ1dge_
|player|p2|
