|j|☆Nearshort
|j|☆Turtlenator6
|html|NearshortTurtlenator6    
|uhtml|bestof|Game 1 of a best-of-3
|t:|1757647196
|gametype|doubles
|player|p1|Nearshort|169|1162
|player|p2|Turtlenator6|grimsley|1254
|gen|9
|tier|[Gen 9] VGC 2025 Reg H (Bo3)
|rated|
|rule|Species Clause: Limit one of each Pokémon
|rule|Item Clause: Limit 1 of each item
|clearpoke
|poke|p1|Tyranitar, L50, F|
|poke|p1|Orthworm, L50, F|
|poke|p1|Excadrill, L50, F|
|poke|p1|Amoonguss, L50, M|
|poke|p1|Indeedee-F, L50, F|
|poke|p1|Armarouge, L50, F|
|poke|p2|Archaludon, L50, M|
|poke|p2|Pelipper, L50, M|
|poke|p2|Basculegion, L50, M|
|poke|p2|Pincurchin, L50, M|
|poke|p2|Sinistcha-Masterpiece, L50|
|poke|p2|Ursaluna, L50, M|
|teampreview|4
|showteam|p1|Tyranitar||AssaultVest|SandStream|RockSlide,LowKick,TeraBlast,KnockOff|||F|||50|,,,,,Flying]Orthworm||SitrusBerry|EarthEater|ShedTail,StompingTantrum,HelpingHand,Protect|||F|||50|,,,,,Poison]Excadrill||ChoiceScarf|SandForce|Earthquake,RockSlide,ShadowClaw,IronHead|||F|||50|,,,,,Ground]Amoonguss||RockyHelmet|Regenerator|RagePowder,Protect,ClearSmog,Spore|||M|||50|,,,,,Water]Indeedee-F||SafetyGoggles|PsychicSurge|FollowMe,Psychic,Protect,TrickRoom|||F|||50|,,,,,Fairy]Armarouge||LifeOrb|WeakArmor|ExpandingForce,HeatWave,Protect,AuraSphere|||F|||50|,,,,,Grass
|showteam|p2|Archaludon||AssaultVest|Stamina|FlashCannon,BodyPress,ElectroShot,Snarl|||M|||50|,,,,,Grass]Pelipper||FocusSash|Drizzle|WeatherBall,Hurricane,Tailwind,WideGuard|||M|||50|,,,,,Ghost]Basculegion||LifeOrb|SwiftSwim|WaveCrash,LastRespects,AquaJet,Protect|||M|||50|,,,,,Stellar]Pincurchin||EjectButton|ElectricSurge|Thunderbolt,Scald,SuckerPunch,Protect|||M|||50|,,,,,Electric]Sinistcha-Masterpiece||Leftovers|Hospitality|MatchaGotcha,RagePowder,LifeDew,TrickRoom||||||50|,,,,,Dark]Ursaluna||FlameOrb|Guts|HeadlongRush,Facade,Earthquake,Protect|||M|||50|,,,,,Normal
|
|t:|1757647253
|teamsize|p1|4
|teamsize|p2|4
|start
|switch|p1a: Orthworm|Orthworm, L50, F|100/100
|switch|p1b: Tyranitar|Tyranitar, L50, F|100/100
|switch|p2a: Trump Tower|Archaludon, L50, M, shiny|100/100
|switch|p2b: Florida Man|Pelipper, L50, M, shiny|100/100
|-weather|RainDance|[from] ability: Drizzle|[of] p2b: Florida Man
|-weather|Sandstorm|[from] ability: Sand Stream|[of] p1b: Tyranitar
|turn|1
|
|t:|1757647292
|switch|p2b: Pincurchin|Pincurchin, L50, M|100/100
|-fieldstart|move: Electric Terrain|[from] ability: Electric Surge|[of] p2b: Pincurchin
|switch|p1b: Armarouge|Armarouge, L50, F|100/100
|move|p2a: Trump Tower|Body Press|p1a: Orthworm
|-supereffective|p1a: Orthworm
|-damage|p1a: Orthworm|66/100
|move|p1a: Orthworm|Shed Tail|p1a: Orthworm
|-start|p1a: Orthworm|Substitute|[from] move: Shed Tail
|-damage|p1a: Orthworm|16/100
|-enditem|p1a: Orthworm|Sitrus Berry|[eat]
|-heal|p1a: Orthworm|40/100|[from] item: Sitrus Berry
|
|t:|1757647304
|switch|p1a: Excadrill|Excadrill, L50, F|100/100|[from] Shed Tail
|
|-weather|Sandstorm|[upkeep]
|-damage|p1b: Armarouge|94/100|[from] Sandstorm
|-damage|p2b: Pincurchin|95/100|[from] Sandstorm
|upkeep
|turn|2
|
|t:|1757647331
|switch|p2b: Florida Man|Pelipper, L50, M, shiny|100/100
|-weather|RainDance|[from] ability: Drizzle|[of] p2b: Florida Man
|-terastallize|p2a: Trump Tower|Grass
|move|p1a: Excadrill|Earthquake|p2a: Trump Tower|[spread] p1b,p2a
|-immune|p2b: Florida Man
|-supereffective|p1b: Armarouge
|-crit|p1b: Armarouge
|-resisted|p2a: Trump Tower
|-damage|p1b: Armarouge|0 fnt
|-damage|p2a: Trump Tower|85/100
|-ability|p2a: Trump Tower|Stamina|boost
|-boost|p2a: Trump Tower|def|1
|faint|p1b: Armarouge
|move|p2a: Trump Tower|Electro Shot||[still]
|-prepare|p2a: Trump Tower|Electro Shot
|-boost|p2a: Trump Tower|spa|1
|-anim|p2a: Trump Tower|Electro Shot|p1a: Excadrill
|-immune|p1a: Excadrill
|
|-weather|RainDance|[upkeep]
|upkeep
|
|t:|1757647343
|switch|p1b: Tyranitar|Tyranitar, L50, F|100/100
|-weather|Sandstorm|[from] ability: Sand Stream|[of] p1b: Tyranitar
|turn|3
|
|t:|1757647382
|switch|p2b: Pincurchin|Pincurchin, L50, M|95/100
|-terastallize|p1b: Tyranitar|Flying
|move|p1a: Excadrill|Earthquake|p2b: Pincurchin|[spread] p2a,p2b
|-immune|p1b: Tyranitar
|-resisted|p2a: Trump Tower
|-supereffective|p2b: Pincurchin
|-damage|p2a: Trump Tower|72/100
|-damage|p2b: Pincurchin|0 fnt
|-ability|p2a: Trump Tower|Stamina|boost
|-boost|p2a: Trump Tower|def|1
|faint|p2b: Pincurchin
|move|p2a: Trump Tower|Body Press|p1a: Excadrill
|-supereffective|p1a: Excadrill
|-end|p1a: Excadrill|Substitute
|move|p1b: Tyranitar|Knock Off|p2a: Trump Tower
|-damage|p2a: Trump Tower|51/100
|-ability|p2a: Trump Tower|Stamina|boost
|-boost|p2a: Trump Tower|def|1
|-enditem|p2a: Trump Tower|Assault Vest|[from] move: Knock Off|[of] p1b: Tyranitar
|
|-weather|Sandstorm|[upkeep]
|-damage|p2a: Trump Tower|45/100|[from] Sandstorm
|-damage|p1b: Tyranitar|95/100|[from] Sandstorm
|upkeep
|
|t:|1757647401
|switch|p2b: Florida Man|Pelipper, L50, M, shiny|100/100
|-weather|RainDance|[from] ability: Drizzle|[of] p2b: Florida Man
|turn|4
|
|t:|1757647410
|switch|p1a: Orthworm|Orthworm, L50, F|40/100
|move|p2b: Florida Man|Weather Ball|p1a: Orthworm
|-damage|p1a: Orthworm|0 fnt
|faint|p1a: Orthworm
|move|p2a: Trump Tower|Electro Shot||[still]
|-prepare|p2a: Trump Tower|Electro Shot
|-boost|p2a: Trump Tower|spa|1
|-anim|p2a: Trump Tower|Electro Shot|p1b: Tyranitar
|-supereffective|p1b: Tyranitar
|-damage|p1b: Tyranitar|0 fnt
|faint|p1b: Tyranitar
|
|-weather|RainDance|[upkeep]
|upkeep
|
|t:|1757647422
|switch|p1b: Excadrill|Excadrill, L50, F|100/100
|turn|5
|
|t:|1757647432
|move|p1b: Excadrill|Rock Slide|p2b: Florida Man|[spread] p2a,p2b
|-supereffective|p2b: Florida Man
|-damage|p2a: Trump Tower|38/100
|-damage|p2b: Florida Man|47/100
|-ability|p2a: Trump Tower|Stamina|boost
|-boost|p2a: Trump Tower|def|1
|cant|p2b: Florida Man|flinch
|move|p2a: Trump Tower|Body Press|p1b: Excadrill
|-supereffective|p1b: Excadrill
|-damage|p1b: Excadrill|0 fnt
|faint|p1b: Excadrill
|
|win|Turtlenator6
||Turtlenator6 is ready for game 2.
|inactive|Nearshort has 30 seconds to confirm battle start!
||Nearshort is ready for game 2.
|uhtml|next|Next: Game 2 of 3
|l|☆Turtlenator6
|player|p2|
