|j|‽Piuxxy
|j|☆silverst0ne0656
|html|Piuxxysilverst0ne0656    
|uhtml|bestof|Game 2 of a best-of-3
|t:|1784014883
|gametype|doubles
|player|p1|Piuxxy|brycen|1074
|player|p2|silverst0ne0656|266|1000
|gen|9
|tier|[Gen 9 Champions] VGC 2026 Reg M-B (Bo3)
|rated|
|rule|Species Clause: Limit one of each Pokémon
|rule|Item Clause: Limit 1 of each item
|clearpoke
|poke|p1|Eelektross, L50, M|
|poke|p1|Alakazam, L50, M|
|poke|p1|Mamoswine, L50, M|
|poke|p1|Ninetales-Alola, L50, M|
|poke|p1|Sinistcha, L50|
|poke|p1|Kangaskhan, L50, F|
|poke|p2|Golurk, L50|
|poke|p2|Chandelure, L50, F, shiny|
|poke|p2|Decidueye-Hisui, L50, M|
|poke|p2|Liepard, L50, F, shiny|
|poke|p2|Empoleon, L50, M|
|poke|p2|Gardevoir, L50, M|
|teampreview|4
|showteam|p1|Eelektross||Eelektrossite|Levitate|Discharge,Thunderbolt,Flamethrower,Protect|Modest||M|||50|]Alakazam||FocusSash|InnerFocus|Psychic,Taunt,SpeedSwap,Protect|Timid||M|||50|]Mamoswine||LifeOrb|ThickFat|Earthquake,IcicleCrash,RockSlide,Protect|Adamant||M|||50|]Ninetales-Alola||MentalHerb|SnowWarning|DazzlingGleam,FreezeDry,AuroraVeil,Protect|Timid||M|||50|]Sinistcha||SitrusBerry|Hospitality|MatchaGotcha,LifeDew,Imprison,TrickRoom|Bold|||||50|]Kangaskhan||SilkScarf|Scrappy|DoubleEdge,HelpingHand,FakeOut,HammerArm|Adamant||F|||50|
|showteam|p2|Golurk||Golurkite|IronFist|HeadlongRush,Poltergeist,ThunderPunch,Protect|Brave|||||50|]Chandelure||FocusSash|FlashFire|TrickRoom,HeatWave,ShadowBall,Protect|Quiet||F|||50|]Decidueye-Hisui||ScopeLens|Scrappy|TripleArrows,LeafBlade,BraveBird,Protect|Adamant||M|||50|]Liepard||ChopleBerry|Prankster|FakeOut,Encore,KnockOff,FakeTears|Adamant||F|||50|]Empoleon||LifeOrb|Competitive|HydroPump,FlashCannon,IceBeam,Protect|Modest||M|||50|]Gardevoir||MentalHerb|Trace|Moonblast,DazzlingGleam,TrickRoom,Protect|Modest||M|||50|
|inactive|Battle timer is ON: inactive players will automatically lose when time's up. (requested by Piuxxy)
|
|t:|1784014904
|teamsize|p1|4
|teamsize|p2|4
|start
|switch|p1a: Eelektross|Eelektross, L50, M|100/100
|switch|p1b: Mamoswine|Mamoswine, L50, M|100/100
|switch|p2a: Liepard|Liepard, L50, F, shiny|100/100
|switch|p2b: Chandelure|Chandelure, L50, F, shiny|100/100
|turn|1
|
|t:|1784014920
|detailschange|p1a: Eelektross|Eelektross-Mega, L50, M
|-mega|p1a: Eelektross|Eelektross|Eelektrossite
|move|p2a: Liepard|Fake Out|p1b: Mamoswine
|-damage|p1b: Mamoswine|86/100
|cant|p1b: Mamoswine|flinch
|move|p1a: Eelektross|Discharge|p2b: Chandelure|[spread] p2a,p2b
|-immune|p1b: Mamoswine
|-damage|p2a: Liepard|40/100
|-damage|p2b: Chandelure|60/100
|-status|p2a: Liepard|par
|move|p2b: Chandelure|Trick Room|p2b: Chandelure
|-fieldstart|move: Trick Room|[of] p2b: Chandelure
|
|upkeep
|turn|2
|inactive|silverst0ne0656 has 30 seconds left.
|
|t:|1784014946
|move|p2a: Liepard|Fake Tears|p1a: Eelektross
|-unboost|p1a: Eelektross|spd|2
|move|p2b: Chandelure|Shadow Ball|p1a: Eelektross
|-damage|p1a: Eelektross|0 fnt
|faint|p1a: Eelektross
|move|p1b: Mamoswine|Earthquake|p2b: Chandelure|[spread] p2a,p2b
|-supereffective|p2b: Chandelure|1
|-damage|p2a: Liepard|0 fnt
|-damage|p2b: Chandelure|0 fnt
|faint|p2a: Liepard
|faint|p2b: Chandelure
|-damage|p1b: Mamoswine|76/100|[from] item: Life Orb
|
|upkeep
|
|t:|1784014957
|switch|p2b: Gardevoir|Gardevoir, L50, M|100/100
|switch|p1a: Ninetales|Ninetales-Alola, L50, M|100/100
|switch|p2a: Golurk|Golurk, L50|100/100
|-ability|p2b: Gardevoir|Snow Warning|Trace|[from] ability: Trace|[of] p1a: Ninetales
|-weather|Snowscape|[from] ability: Snow Warning|[of] p2b: Gardevoir
|turn|3
|
|t:|1784014981
|detailschange|p2a: Golurk|Golurk-Mega, L50
|-mega|p2a: Golurk|Golurk|Golurkite
|move|p2a: Golurk|Poltergeist|p1a: Ninetales
|-activate|p1a: Ninetales|move: Poltergeist|Mental Herb
|-damage|p1a: Ninetales|32/100
|move|p2b: Gardevoir|Dazzling Gleam|p1a: Ninetales|[spread] p1a,p1b
|-damage|p1a: Ninetales|0 fnt
|-damage|p1b: Mamoswine|29/100
|faint|p1a: Ninetales
|move|p1b: Mamoswine|Icicle Crash|p2a: Golurk
|-supereffective|p2a: Golurk|1
|-damage|p2a: Golurk|0 fnt
|faint|p2a: Golurk
|-damage|p1b: Mamoswine|19/100|[from] item: Life Orb
|
|-weather|Snowscape|[upkeep]
|upkeep
|
|t:|1784014994
|switch|p1a: Alakazam|Alakazam, L50, M|100/100
|turn|4
|
|t:|1784014999
|move|p1b: Mamoswine|Protect|p1b: Mamoswine
|-singleturn|p1b: Mamoswine|Protect
|move|p1a: Alakazam|Protect|p1a: Alakazam
|-singleturn|p1a: Alakazam|Protect
|move|p2b: Gardevoir|Dazzling Gleam|p1a: Alakazam|[spread] 
|-activate|p1a: Alakazam|move: Protect
|-activate|p1b: Mamoswine|move: Protect
|
|-weather|Snowscape|[upkeep]
|upkeep
|turn|5
|
|t:|1784015014
|move|p2b: Gardevoir|Dazzling Gleam|p1b: Mamoswine|[spread] p1a,p1b
|-damage|p1a: Alakazam|49/100
|-damage|p1b: Mamoswine|0 fnt
|faint|p1b: Mamoswine
|move|p1a: Alakazam|Psychic|p2b: Gardevoir
|-resisted|p2b: Gardevoir|1
|-crit|p2b: Gardevoir
|-damage|p2b: Gardevoir|68/100
|
|-weather|Snowscape|[upkeep]
|-fieldend|move: Trick Room
|upkeep
|turn|6
|
|t:|1784015023
|move|p1a: Alakazam|Psychic|p2b: Gardevoir
|-resisted|p2b: Gardevoir|1
|-damage|p2b: Gardevoir|45/100
|move|p2b: Gardevoir|Moonblast|p1a: Alakazam
|-damage|p1a: Alakazam|0 fnt
|faint|p1a: Alakazam
|
|win|silverst0ne0656
|l|‽Piuxxy
|player|p1|
||Piuxxy is ready for game 3.
||silverst0ne0656 is ready for game 3.
|uhtml|next|Next: Game 3 of 3
