|j|☆ivantorrente08
|j|☆CrazyComet37
|html|ivantorrente08CrazyComet37    
|uhtml|bestof|Game 2 of a best-of-3
|t:|1783536070
|gametype|doubles
|player|p1|ivantorrente08|2|
|player|p2|CrazyComet37|flint|
|gen|9
|tier|[Gen 9 Champions] VGC 2026 Reg M-B (Bo3)
|rule|Species Clause: Limit one of each Pokémon
|rule|Item Clause: Limit 1 of each item
|clearpoke
|poke|p1|Swampert, L50, F, shiny|
|poke|p1|Pelipper, L50, F, shiny|
|poke|p1|Sneasler, L50, M, shiny|
|poke|p1|Incineroar, L50, M, shiny|
|poke|p1|Metagross, L50, shiny|
|poke|p1|Archaludon, L50, M, shiny|
|poke|p2|Whimsicott, L50, F|
|poke|p2|Garchomp, L50, M|
|poke|p2|Charizard, L50, F|
|poke|p2|Floette-Eternal, L50, F|
|poke|p2|Kingambit, L50, M|
|poke|p2|Basculegion, L50, M|
|teampreview|4
|showteam|p1|Swampert||Swampertite|Damp|Earthquake,Protect,IcePunch,WaveCrash|Adamant||F|||50|]Pelipper||SitrusBerry|Drizzle|Tailwind,WeatherBall,Protect,Hurricane|Modest||F|||50|]Sneasler||FocusSash|PoisonTouch|CloseCombat,FakeOut,RockSlide,Coaching|Jolly||M|||50|]Incineroar||PasshoBerry|Intimidate|FakeOut,DarkestLariat,FlareBlitz,PartingShot|Careful||M|||50|]Metagross||Metagrossite|ClearBody|BodyPress,BulletPunch,PsychicFangs,Protect|Jolly|||||50|]Archaludon||Leftovers|Stamina|ElectroShot,FlashCannon,DragonPulse,Protect|Modest||M|||50|
|showteam|p2|Whimsicott||FocusSash|Prankster|Protect,Tailwind,Moonblast,Encore|Timid||F|||50|]Garchomp||LifeOrb|RoughSkin|Protect,Earthquake,DragonClaw,RockSlide|Jolly||M|||50|]Charizard||CharizarditeY|Blaze|Protect,HeatWave,WeatherBall,SolarBeam|Modest||F|||50|]Floette-Eternal||Floettite|FlowerVeil|Protect,LightofRuin,DazzlingGleam,Moonblast|Modest||F|||50|]Kingambit||ChopleBerry|Defiant|IronHead,SuckerPunch,KowtowCleave,LowKick|Adamant||M|||50|]Basculegion||MysticWater|Adaptability|Protect,AquaJet,LastRespects,WaveCrash|Adamant||M|||50|
|inactive|Battle timer is ON: inactive players will automatically lose when time's up. (requested by ivantorrente08)
|
|t:|1783536118
|teamsize|p1|4
|teamsize|p2|4
|start
|switch|p1a: Swampert|Swampert, L50, F, shiny|100/100
|switch|p1b: Pelipper|Pelipper, L50, F, shiny|100/100
|switch|p2a: Whimsicott|Whimsicott, L50, F|100/100
|switch|p2b: Kingambit|Kingambit, L50, M|100/100
|-weather|RainDance|[from] ability: Drizzle|[of] p1b: Pelipper
|turn|1
|inactive|ivantorrente08 has 30 seconds left.
|inactive|CrazyComet37 has 30 seconds left.
|
|t:|1783536145
|detailschange|p1a: Swampert|Swampert-Mega, L50, F, shiny
|-mega|p1a: Swampert|Swampert|Swampertite
|move|p2a: Whimsicott|Protect|p2a: Whimsicott
|-singleturn|p2a: Whimsicott|Protect
|move|p1a: Swampert|Earthquake|p2b: Kingambit|[spread] p2b
|-activate|p2a: Whimsicott|move: Protect
|-immune|p1b: Pelipper
|-supereffective|p2b: Kingambit|1
|-damage|p2b: Kingambit|25/100
|move|p1b: Pelipper|Tailwind|p1b: Pelipper
|-sidestart|p1: ivantorrente08|move: Tailwind
|move|p2b: Kingambit|Kowtow Cleave|p1a: Swampert
|-damage|p1a: Swampert|50/100g
|
|-weather|RainDance|[upkeep]
|upkeep
|turn|2
|
|t:|1783536168
|switch|p1b: Archaludon|Archaludon, L50, M, shiny|100/100
|move|p1a: Swampert|Protect|p1a: Swampert
|-singleturn|p1a: Swampert|Protect
|move|p2a: Whimsicott|Encore||[still]
|-fail|p2a: Whimsicott
|move|p2b: Kingambit|Sucker Punch||[still]
|-fail|p2b: Kingambit
|
|-weather|RainDance|[upkeep]
|upkeep
|turn|3
|
|t:|1783536192
|switch|p1a: Pelipper|Pelipper, L50, F, shiny|100/100
|move|p2a: Whimsicott|Tailwind|p2a: Whimsicott
|-sidestart|p2: CrazyComet37|move: Tailwind
|move|p2b: Kingambit|Sucker Punch||[still]
|-fail|p2b: Kingambit
|move|p1b: Archaludon|Electro Shot||[still]
|-prepare|p1b: Archaludon|Electro Shot
|-boost|p1b: Archaludon|spa|1
|-anim|p1b: Archaludon|Electro Shot|p2b: Kingambit
|-damage|p2b: Kingambit|0 fnt
|faint|p2b: Kingambit
|
|-weather|RainDance|[upkeep]
|upkeep
|
|t:|1783536210
|switch|p2b: Floette|Floette-Eternal, L50, F|100/100
|turn|4
|
|t:|1783536222
|detailschange|p2b: Floette|Floette-Mega, L50, F
|-mega|p2b: Floette|Floette|Floettite
|-ability|p2b: Floette|Fairy Aura
|move|p2a: Whimsicott|Moonblast|p1b: Archaludon
|-damage|p1b: Archaludon|51/100
|-ability|p1b: Archaludon|Stamina|boost
|-boost|p1b: Archaludon|def|1
|move|p2b: Floette|Moonblast|p1b: Archaludon
|-damage|p1b: Archaludon|0 fnt
|faint|p1b: Archaludon
|move|p1a: Pelipper|Hurricane|p2a: Whimsicott
|-supereffective|p2a: Whimsicott|1
|-enditem|p2a: Whimsicott|Focus Sash
|-damage|p2a: Whimsicott|1/100
|-start|p2a: Whimsicott|confusion
|
|-weather|RainDance|[upkeep]
|-sideend|p1: ivantorrente08|move: Tailwind
|upkeep
|
|t:|1783536232
|switch|p1b: Incineroar|Incineroar, L50, M, shiny|100/100
|-ability|p1b: Incineroar|Intimidate|boost
|-unboost|p2a: Whimsicott|atk|1
|-unboost|p2b: Floette|atk|1
|turn|5
|
|t:|1783536254
|switch|p2a: Basculegion|Basculegion, L50, M|100/100
|move|p1b: Incineroar|Fake Out|p2b: Floette
|-damage|p2b: Floette|84/100
|cant|p2b: Floette|flinch
|move|p1a: Pelipper|Tailwind|p1a: Pelipper
|-sidestart|p1: ivantorrente08|move: Tailwind
|
|-weather|none
|upkeep
|turn|6
|
|t:|1783536275
|switch|p1a: Swampert|Swampert-Mega, L50, F, shiny|50/100g
|move|p2b: Floette|Light of Ruin|p1a: Swampert
|-damage|p1a: Swampert|0 fnt
|faint|p1a: Swampert
|-damage|p2b: Floette|54/100|[from] Recoil
|move|p2a: Basculegion|Wave Crash|p1b: Incineroar
|-supereffective|p1b: Incineroar|1
|-enditem|p1b: Incineroar|Passho Berry|[eat]
|-enditem|p1b: Incineroar|Passho Berry|[weaken]
|-damage|p1b: Incineroar|8/100
|-damage|p2a: Basculegion|68/100|[from] Recoil
|move|p1b: Incineroar|Parting Shot|p2b: Floette
|-unboost|p2b: Floette|atk|1
|-unboost|p2b: Floette|spa|1
|
|t:|1783536281
|switch|p1b: Pelipper|Pelipper, L50, F, shiny|100/100|[from] Parting Shot
|-weather|RainDance|[from] ability: Drizzle|[of] p1b: Pelipper
|
|-weather|RainDance|[upkeep]
|-sideend|p2: CrazyComet37|move: Tailwind
|upkeep
|
|t:|1783536282
|switch|p1a: Incineroar|Incineroar, L50, M, shiny|8/100
|-ability|p1a: Incineroar|Intimidate|boost
|-unboost|p2a: Basculegion|atk|1
|-unboost|p2b: Floette|atk|1
|turn|7
|
|t:|1783536299
|move|p2b: Floette|Protect|p2b: Floette
|-singleturn|p2b: Floette|Protect
|move|p2a: Basculegion|Protect|p2a: Basculegion
|-singleturn|p2a: Basculegion|Protect
|move|p1b: Pelipper|Hurricane|p2b: Floette
|-activate|p2b: Floette|move: Protect
|move|p1a: Incineroar|Darkest Lariat|p2a: Basculegion
|-activate|p2a: Basculegion|move: Protect
|
|-weather|RainDance|[upkeep]
|upkeep
|turn|8
|
|t:|1783536310
|move|p2a: Basculegion|Aqua Jet|p1a: Incineroar
|-supereffective|p1a: Incineroar|1
|-damage|p1a: Incineroar|0 fnt
|faint|p1a: Incineroar
|move|p1b: Pelipper|Hurricane|p2b: Floette
|-damage|p2b: Floette|16/100
|move|p2b: Floette|Moonblast|p1b: Pelipper
|-damage|p1b: Pelipper|34/100
|-unboost|p1b: Pelipper|spa|1
|-enditem|p1b: Pelipper|Sitrus Berry|[eat]
|-heal|p1b: Pelipper|59/100|[from] item: Sitrus Berry
|
|-weather|RainDance|[upkeep]
|-sideend|p1: ivantorrente08|move: Tailwind
|upkeep
|turn|9
|
|t:|1783536326
|move|p2b: Floette|Moonblast|p1b: Pelipper
|-damage|p1b: Pelipper|0 fnt
|faint|p1b: Pelipper
|
|win|CrazyComet37
|l|☆ivantorrente08
|player|p1|
|c|☆CrazyComet37|gg
