|j|☆51to63
|j|☆lux raymundi
|html|51to63lux raymundi    
|uhtml|bestof|Game 1 of a best-of-3
|t:|1783659174
|gametype|doubles
|player|p1|51to63|169|1321
|player|p2|lux raymundi|265|1237
|gen|9
|tier|[Gen 9 Champions] VGC 2026 Reg M-B (Bo3)
|rated|
|rule|Species Clause: Limit one of each Pokémon
|rule|Item Clause: Limit 1 of each item
|clearpoke
|poke|p1|Floette-Eternal, L50, F|
|poke|p1|Charizard, L50, F, shiny|
|poke|p1|Kingambit, L50, M|
|poke|p1|Whimsicott, L50, F|
|poke|p1|Basculegion, L50, M|
|poke|p1|Garchomp, L50, F|
|poke|p2|Charizard, L50, F|
|poke|p2|Incineroar, L50, M|
|poke|p2|Sylveon, L50, M|
|poke|p2|Farigiraf, L50, F|
|poke|p2|Garchomp, L50, F|
|poke|p2|Aerodactyl, L50, M|
|teampreview|4
|showteam|p1|Floette-Eternal||Floettite|FlowerVeil|Protect,LightofRuin,Moonblast,DazzlingGleam|Timid||F|||50|]Charizard||CharizarditeY|Blaze|SolarBeam,HeatWave,WeatherBall,Protect|Modest||F|||50|]Kingambit||BlackGlasses|Defiant|IronHead,Protect,KowtowCleave,SuckerPunch|Adamant||M|||50|]Whimsicott||FocusSash|Prankster|Moonblast,Tailwind,Encore,Protect|Timid||F|||50|]Basculegion||MysticWater|Adaptability|WaveCrash,Protect,LastRespects,AquaJet|Adamant||M|||50|]Garchomp||LifeOrb|RoughSkin|Earthquake,RockSlide,Protect,DragonClaw|Jolly||F|||50|
|showteam|p2|Charizard||CharizarditeY|Blaze|HeatWave,WeatherBall,SolarBeam,Protect|Modest||F|||50|]Incineroar||Charcoal|Intimidate|FlareBlitz,DarkestLariat,FakeOut,PartingShot|Brave||M|||50|]Sylveon||FairyFeather|Pixilate|HyperVoice,Yawn,QuickAttack,Protect|Modest||M|||50|]Farigiraf||SitrusBerry|ArmorTail|Psyshock,HelpingHand,TrickRoom,Protect|Calm||F|||50|]Garchomp||LifeOrb|RoughSkin|Earthquake,Protect,DragonClaw,StompingTantrum|Jolly||F|||50|]Aerodactyl||FocusSash|Unnerve|RockSlide,Tailwind,WideGuard,Protect|Jolly||M|||50|
|inactive|Battle timer is ON: inactive players will automatically lose when time's up. (requested by 51to63)
|
|t:|1783659204
|teamsize|p1|4
|teamsize|p2|4
|start
|switch|p1a: Floette|Floette-Eternal, L50, F|100/100
|switch|p1b: Whimsicott|Whimsicott, L50, F|100/100
|switch|p2a: Aerodactyl|Aerodactyl, L50, M|100/100
|switch|p2b: Incineroar|Incineroar, L50, M|100/100
|-ability|p2a: Aerodactyl|Unnerve
|-ability|p2b: Incineroar|Intimidate|boost
|-unboost|p1a: Floette|atk|1
|-block|p1b: Whimsicott|ability: Flower Veil|[of] p1a: Floette
|turn|1
|
|t:|1783659220
|detailschange|p1a: Floette|Floette-Mega, L50, F
|-mega|p1a: Floette|Floette|Floettite
|-ability|p1a: Floette|Fairy Aura
|move|p1b: Whimsicott|Protect|p1b: Whimsicott
|-singleturn|p1b: Whimsicott|Protect
|move|p2b: Incineroar|Fake Out|p1b: Whimsicott
|-activate|p1b: Whimsicott|move: Protect
|move|p2a: Aerodactyl|Tailwind|p2a: Aerodactyl
|-sidestart|p2: lux raymundi|move: Tailwind
|move|p1a: Floette|Moonblast|p2a: Aerodactyl
|-damage|p2a: Aerodactyl|1/100
|
|upkeep
|turn|2
|
|t:|1783659241
|move|p1a: Floette|Protect|p1a: Floette
|-singleturn|p1a: Floette|Protect
|move|p1b: Whimsicott|Encore|p2a: Aerodactyl
|-start|p2a: Aerodactyl|Encore
|move|p2a: Aerodactyl|Tailwind||[still]
|-fail|p2a: Aerodactyl
|move|p2b: Incineroar|Flare Blitz|p1a: Floette
|-activate|p1a: Floette|move: Protect
|
|upkeep
|turn|3
|
|t:|1783659264
|switch|p2a: Sylveon|Sylveon, L50, M|100/100
|move|p1b: Whimsicott|Moonblast|p2b: Incineroar
|-damage|p2b: Incineroar|58/100
|move|p1a: Floette|Moonblast|p2b: Incineroar
|-damage|p2b: Incineroar|0 fnt
|faint|p2b: Incineroar
|
|upkeep
|
|t:|1783659273
|switch|p2b: Garchomp|Garchomp, L50, F|100/100
|turn|4
|
|t:|1783659293
|move|p1a: Floette|Protect|p1a: Floette
|-singleturn|p1a: Floette|Protect
|move|p1b: Whimsicott|Tailwind|p1b: Whimsicott
|-sidestart|p1: 51to63|move: Tailwind
|move|p2b: Garchomp|Earthquake|p1b: Whimsicott|[spread] p2a,p1b
|-activate|p1a: Floette|move: Protect
|-resisted|p1b: Whimsicott|1
|-damage|p2a: Sylveon|45/100
|-damage|p1b: Whimsicott|60/100
|-damage|p2b: Garchomp|90/100|[from] item: Life Orb
|move|p2a: Sylveon|Hyper Voice|p1b: Whimsicott|[spread] p1b
|-activate|p1a: Floette|move: Protect
|-damage|p1b: Whimsicott|0 fnt
|faint|p1b: Whimsicott
|
|-sideend|p2: lux raymundi|move: Tailwind
|upkeep
|
|t:|1783659305
|switch|p1b: Basculegion|Basculegion, L50, M|100/100
|turn|5
|inactive|lux raymundi has 30 seconds left.
|
|t:|1783659330
|switch|p2b: Aerodactyl|Aerodactyl, L50, M|1/100
|-ability|p2b: Aerodactyl|Unnerve
|move|p1a: Floette|Moonblast|p2b: Aerodactyl
|-damage|p2b: Aerodactyl|0 fnt
|faint|p2b: Aerodactyl
|move|p1b: Basculegion|Wave Crash|p2a: Sylveon
|-crit|p2a: Sylveon
|-damage|p2a: Sylveon|0 fnt
|faint|p2a: Sylveon
|-damage|p1b: Basculegion|86/100|[from] Recoil
|
|upkeep
|
|t:|1783659333
|switch|p2b: Garchomp|Garchomp, L50, F|90/100
|turn|6
|
|t:|1783659340
|move|p1a: Floette|Moonblast|p2b: Garchomp
|-supereffective|p2b: Garchomp|1
|-damage|p2b: Garchomp|0 fnt
|faint|p2b: Garchomp
|
|win|51to63
