|j|☆redemption22
|j|☆alysa Liu
|html|redemption22alysa Liu    
|uhtml|bestof|Game 1 of a best-of-3
|t:|1757848118
|gametype|doubles
|player|p1|redemption22|102|1437
|player|p2|alysa Liu|lady|1635
|gen|9
|tier|[Gen 9] VGC 2025 Reg H (Bo3)
|rated|
|rule|Species Clause: Limit one of each Pokémon
|rule|Item Clause: Limit 1 of each item
|clearpoke
|poke|p1|Dondozo, L50, M|
|poke|p1|Tatsugiri-Droopy, L50, M|
|poke|p1|Sneasler, L50, M|
|poke|p1|Indeedee, L50, M|
|poke|p1|Slaking, L50, F|
|poke|p1|Weezing-Galar, L50, M|
|poke|p2|Dachsbun, L50, M|
|poke|p2|Typhlosion-Hisui, L50, F|
|poke|p2|Kingambit, L50, F|
|poke|p2|Jumpluff, L50, F|
|poke|p2|Rillaboom, L50, M|
|poke|p2|Torkoal, L50, M|
|teampreview|4
|showteam|p1|Dondozo||Leftovers|Unaware|Protect,OrderUp,Earthquake,BodyPress|||M|||50|,,,,,Grass]Tatsugiri-Droopy||ChoiceScarf|Commander|DracoMeteor,MuddyWater,IcyWind,SleepTalk|||M|||50|,,,,,Steel]Sneasler||PsychicSeed|Unburden|CloseCombat,Protect,DireClaw,ThroatChop|||M|||50|,,,,,Dark]Indeedee||FocusSash|PsychicSurge|ExpandingForce,TeraBlast,HelpingHand,Protect|||M|||50|,,,,,Psychic]Slaking||ChoiceBand|Truant|Earthquake,HighHorsepower,KnockOff,DoubleEdge|||F|||50|,,,,,Ghost]Weezing-Galar||CovertCloak|NeutralizingGas|Protect,StrangeSteam,ToxicSpikes,PoisonGas|||M|||50|,,,,,Grass
|showteam|p2|Dachsbun||Leftovers|WellBakedBody|BodyPress,Snarl,HelpingHand,Protect|||M|||50|,,,,,Steel]Typhlosion-Hisui||ChoiceSpecs|Blaze|Eruption,LavaPlume,Overheat,ShadowBall|||F|||50|,,,,,Fire]Kingambit||AssaultVest|Defiant|KowtowCleave,SuckerPunch,LowKick,TeraBlast|||F|||50|,,,,,Fairy]Jumpluff||CovertCloak|Chlorophyll|SleepPowder,SunnyDay,RagePowder,Tailwind|||F|||50|,,,,,Water]Rillaboom||LifeOrb|GrassySurge|WoodHammer,GrassyGlide,HighHorsepower,FakeOut|||M|||50|,,,,,Stellar]Torkoal||SitrusBerry|Drought|HeatWave,LavaPlume,ClearSmog,Protect|||M|||50|,,,,,Fairy
|inactive|Battle timer is ON: inactive players will automatically lose when time's up. (requested by alysa Liu)
|inactive|redemption22 has 60 seconds left.
|inactive|alysa Liu has 60 seconds left.
|
|t:|1757848169
|teamsize|p1|4
|teamsize|p2|4
|start
|switch|p1a: Sneasler|Sneasler, L50, M|100/100
|switch|p1b: Indeedee|Indeedee, L50, M|100/100
|switch|p2a: Typhlosion|Typhlosion-Hisui, L50, F|100/100
|switch|p2b: Jumpluff|Jumpluff, L50, F|100/100
|-fieldstart|move: Psychic Terrain|[from] ability: Psychic Surge|[of] p1b: Indeedee
|-enditem|p1a: Sneasler|Psychic Seed
|-boost|p1a: Sneasler|spd|1|[from] item: Psychic Seed
|turn|1
|inactive|alysa Liu has 30 seconds left.
|inactive|alysa Liu has 20 seconds left.
|
|t:|1757848205
|switch|p2a: Torkoal|Torkoal, L50, M|100/100
|-weather|SunnyDay|[from] ability: Drought|[of] p2a: Torkoal
|move|p1a: Sneasler|Dire Claw|p2b: Jumpluff
|-supereffective|p2b: Jumpluff
|-damage|p2b: Jumpluff|1/100
|move|p2b: Jumpluff|Sleep Powder|p1a: Sneasler
|-status|p1a: Sneasler|slp|[from] move: Sleep Powder
|move|p1b: Indeedee|Expanding Force|p2a: Torkoal|[spread] p2a,p2b
|-damage|p2a: Torkoal|41/100
|-damage|p2b: Jumpluff|0 fnt
|-enditem|p2a: Torkoal|Sitrus Berry|[eat]
|-heal|p2a: Torkoal|66/100|[from] item: Sitrus Berry
|faint|p2b: Jumpluff
|
|-weather|SunnyDay|[upkeep]
|upkeep
|
|t:|1757848221
|switch|p2b: Rillaboom|Rillaboom, L50, M|100/100
|-fieldstart|move: Grassy Terrain|[from] ability: Grassy Surge|[of] p2b: Rillaboom
|turn|2
|
|t:|1757848233
|move|p1b: Indeedee|Protect|p1b: Indeedee
|-singleturn|p1b: Indeedee|Protect
|cant|p1a: Sneasler|slp
|move|p2b: Rillaboom|High Horsepower|p1a: Sneasler
|-supereffective|p1a: Sneasler
|-damage|p1a: Sneasler|0 fnt
|faint|p1a: Sneasler
|-damage|p2b: Rillaboom|91/100|[from] item: Life Orb
|move|p2a: Torkoal|Heat Wave|p1b: Indeedee
|-activate|p1b: Indeedee|move: Protect
|
|-weather|SunnyDay|[upkeep]
|-heal|p2b: Rillaboom|97/100|[from] Grassy Terrain
|-heal|p2a: Torkoal|72/100|[from] Grassy Terrain
|upkeep
|
|t:|1757848246
|switch|p1a: Tatsugiri|Tatsugiri-Droopy, L50, M|100/100
|turn|3
|
|t:|1757848267
|-terastallize|p2b: Rillaboom|Stellar
|move|p2b: Rillaboom|Grassy Glide|p1a: Tatsugiri
|-damage|p1a: Tatsugiri|0 fnt
|faint|p1a: Tatsugiri
|-damage|p2b: Rillaboom|87/100|[from] item: Life Orb
|move|p1b: Indeedee|Expanding Force|p2a: Torkoal
|-damage|p2a: Torkoal|29/100
|move|p2a: Torkoal|Clear Smog|p1b: Indeedee
|-damage|p1b: Indeedee|87/100
|-clearboost|p1b: Indeedee
|
|-weather|SunnyDay|[upkeep]
|-heal|p1b: Indeedee|93/100|[from] Grassy Terrain
|-heal|p2b: Rillaboom|93/100|[from] Grassy Terrain
|-heal|p2a: Torkoal|36/100|[from] Grassy Terrain
|upkeep
|
|t:|1757848281
|switch|p1a: Dondozo|Dondozo, L50, M|100/100
|turn|4
|inactive|redemption22 has 30 seconds left.
|inactive|redemption22 has 20 seconds left.
|inactive|redemption22 has 15 seconds left.
|inactive|redemption22 has 10 seconds left.
|inactive|redemption22 has 5 seconds left.
|
|t:|1757848336
|move|p1a: Dondozo|Protect|p1a: Dondozo
|-singleturn|p1a: Dondozo|Protect
|move|p2b: Rillaboom|Grassy Glide|p1b: Indeedee
|-damage|p1b: Indeedee|0 fnt
|faint|p1b: Indeedee
|-damage|p2b: Rillaboom|84/100|[from] item: Life Orb
|move|p2a: Torkoal|Heat Wave|p1a: Dondozo
|-activate|p1a: Dondozo|move: Protect
|
|-weather|SunnyDay|[upkeep]
|-heal|p2b: Rillaboom|90/100|[from] Grassy Terrain
|-heal|p2a: Torkoal|42/100|[from] Grassy Terrain
|upkeep
|turn|5
|-message|redemption22 forfeited.
|
|win|alysa Liu
|l|☆redemption22
|player|p1|
||redemption22 is ready for game 2.
||alysa Liu is ready for game 2.
|uhtml|next|Next: Game 2 of 3
