|j|☆Ho-Nononono
|j|☆atrixmj
|html|Ho-Nonononoatrixmj    
|uhtml|bestof|Game 3 of a best-of-3
|t:|1756090275
|gametype|doubles
|player|p1|Ho-Nononono|nancy|1344
|player|p2|atrixmj|gentleman|1256
|gen|9
|tier|[Gen 9] VGC 2025 Reg H (Bo3)
|rated|
|rule|Species Clause: Limit one of each Pokémon
|rule|Item Clause: Limit 1 of each item
|clearpoke
|poke|p1|Hydreigon, L50, F|
|poke|p1|Ursaluna, L50, M|
|poke|p1|Porygon2, L50|
|poke|p1|Gholdengo, L50|
|poke|p1|Amoonguss, L50, M|
|poke|p1|Incineroar, L50, M|
|poke|p2|Archaludon, L50, F|
|poke|p2|Mimikyu, L50, M|
|poke|p2|Pelipper, L50, M|
|poke|p2|Incineroar, L50, M|
|poke|p2|Ursaluna, L50, F|
|poke|p2|Amoonguss, L50, F|
|teampreview|4
|showteam|p1|Hydreigon||SafetyGoggles|Levitate|DracoMeteor,Snarl,Tailwind,Protect|||F|||50|,,,,,Ghost]Ursaluna||FlameOrb|Guts|Facade,HeadlongRush,Earthquake,Protect|||M|||50|,,,,,Normal]Porygon2||Eviolite|Download|TeraBlast,IceBeam,Recover,TrickRoom||||||50|,,,,,Fighting]Gholdengo||MetalCoat|GoodasGold|MakeItRain,ShadowBall,NastyPlot,Protect||||||50|,,,,,Water]Amoonguss||CovertCloak|Regenerator|Spore,RagePowder,PollenPuff,Protect|||M|||50|,,,,,Psychic]Incineroar||SitrusBerry|Intimidate|FlareBlitz,KnockOff,PartingShot,FakeOut|||M|||50|,,,,,Ghost
|showteam|p2|Archaludon||AssaultVest|Stamina|ElectroShot,FlashCannon,Snarl,DragonPulse|||F|||50|,,,,,Electric]Mimikyu||LifeOrb|Disguise|PlayRough,TrickRoom,ShadowSneak,Curse|||M|||50|,,,,,Steel]Pelipper||FocusSash|Drizzle|Hurricane,WeatherBall,Tailwind,Protect|||M|||50|,,,,,Stellar]Incineroar||SafetyGoggles|Intimidate|FakeOut,PartingShot,KnockOff,FlareBlitz|||M|||50|,,,,,Ghost]Ursaluna||FlameOrb|Guts|Facade,HeadlongRush,Earthquake,Protect|||F|||50|,,,,,Ghost]Amoonguss||RockyHelmet|Regenerator|Spore,RagePowder,PollenPuff,SludgeBomb|||F|||50|,,,,,Dark
|inactive|Battle timer is ON: inactive players will automatically lose when time's up. (requested by atrixmj)
|inactive|Ho-Nononono also wants the timer to be on.
|inactive|Ho-Nononono has 60 seconds left.
|inactive|atrixmj has 60 seconds left.
|inactive|atrixmj has 30 seconds left.
|inactive|atrixmj has 20 seconds left.
|
|t:|1756090351
|teamsize|p1|4
|teamsize|p2|4
|start
|switch|p1a: Hydreigon|Hydreigon, L50, F|100/100
|switch|p1b: Ursaluna|Ursaluna, L50, M, shiny|100/100
|switch|p2a: CADMIUMCOLOR|Archaludon, L50, F|100/100
|switch|p2b: BIRDBRAIN|Pelipper, L50, M|100/100
|-weather|RainDance|[from] ability: Drizzle|[of] p2b: BIRDBRAIN
|turn|1
|j| teamthief420
|
|t:|1756090378
|-terastallize|p1a: Hydreigon|Ghost
|move|p1a: Hydreigon|Snarl|p2a: CADMIUMCOLOR|[spread] p2a
|-miss|p1a: Hydreigon|p2b: BIRDBRAIN
|-damage|p2a: CADMIUMCOLOR|82/100
|-unboost|p2a: CADMIUMCOLOR|spa|1
|-ability|p2a: CADMIUMCOLOR|Stamina|boost
|-boost|p2a: CADMIUMCOLOR|def|1
|move|p2a: CADMIUMCOLOR|Dragon Pulse|p1a: Hydreigon
|-damage|p1a: Hydreigon|68/100
|move|p2b: BIRDBRAIN|Weather Ball|p1b: Ursaluna
|-supereffective|p1b: Ursaluna
|-damage|p1b: Ursaluna|0 fnt
|faint|p1b: Ursaluna
|
|-weather|RainDance|[upkeep]
|upkeep
|c|☆Ho-Nononono|maaaan
|
|t:|1756090399
|switch|p1b: Gholdengo|Gholdengo, L50|100/100
|turn|2
|c|☆atrixmj|that hydra is a demon
|
|t:|1756090423
|move|p1a: Hydreigon|Snarl|p2b: BIRDBRAIN|[spread] p2a,p2b
|-damage|p2a: CADMIUMCOLOR|63/100
|-damage|p2b: BIRDBRAIN|71/100
|-unboost|p2a: CADMIUMCOLOR|spa|1
|-unboost|p2b: BIRDBRAIN|spa|1
|-ability|p2a: CADMIUMCOLOR|Stamina|boost
|-boost|p2a: CADMIUMCOLOR|def|1
|move|p2a: CADMIUMCOLOR|Electro Shot||[still]
|-prepare|p2a: CADMIUMCOLOR|Electro Shot
|-boost|p2a: CADMIUMCOLOR|spa|1
|-anim|p2a: CADMIUMCOLOR|Electro Shot|p1a: Hydreigon
|-damage|p1a: Hydreigon|35/100
|move|p1b: Gholdengo|Shadow Ball|p2b: BIRDBRAIN
|-damage|p2b: BIRDBRAIN|7/100
|move|p2b: BIRDBRAIN|Weather Ball|p1b: Gholdengo
|-damage|p1b: Gholdengo|61/100
|
|-weather|RainDance|[upkeep]
|upkeep
|turn|3
|inactive|atrixmj has 30 seconds left.
|inactive|Ho-Nononono has 30 seconds left.
|inactive|atrixmj has 20 seconds left.
|inactive|atrixmj has 15 seconds left.
|inactive|atrixmj has 10 seconds left.
|
|t:|1756090472
|move|p1a: Hydreigon|Protect|p1a: Hydreigon
|-singleturn|p1a: Hydreigon|Protect
|move|p2a: CADMIUMCOLOR|Electro Shot||[still]
|-prepare|p2a: CADMIUMCOLOR|Electro Shot
|-boost|p2a: CADMIUMCOLOR|spa|1
|-anim|p2a: CADMIUMCOLOR|Electro Shot|p1b: Gholdengo
|-damage|p1b: Gholdengo|20/100
|move|p1b: Gholdengo|Make It Rain|p2a: CADMIUMCOLOR|[spread] p2a,p2b
|-resisted|p2a: CADMIUMCOLOR
|-resisted|p2b: BIRDBRAIN
|-damage|p2a: CADMIUMCOLOR|35/100
|-damage|p2b: BIRDBRAIN|0 fnt
|-unboost|p1b: Gholdengo|spa|1
|-ability|p2a: CADMIUMCOLOR|Stamina|boost
|-boost|p2a: CADMIUMCOLOR|def|1
|faint|p2b: BIRDBRAIN
|
|-weather|RainDance|[upkeep]
|upkeep
|
|t:|1756090480
|switch|p2b: M.LOVE|Mimikyu, L50, M, shiny|100/100
|turn|4
|
|t:|1756090498
|switch|p1b: Porygon2|Porygon2, L50, shiny|100/100
|-ability|p1b: Porygon2|Download|boost
|-boost|p1b: Porygon2|spa|1
|move|p2b: M.LOVE|Shadow Sneak|p1a: Hydreigon
|-supereffective|p1a: Hydreigon
|-damage|p1a: Hydreigon|0 fnt
|faint|p1a: Hydreigon
|-damage|p2b: M.LOVE|91/100|[from] item: Life Orb
|move|p2a: CADMIUMCOLOR|Electro Shot||[still]
|-prepare|p2a: CADMIUMCOLOR|Electro Shot
|-boost|p2a: CADMIUMCOLOR|spa|1
|-anim|p2a: CADMIUMCOLOR|Electro Shot|p1b: Porygon2
|-damage|p1b: Porygon2|61/100
|
|-weather|RainDance|[upkeep]
|upkeep
|
|t:|1756090500
|switch|p1a: Gholdengo|Gholdengo, L50|20/100
|turn|5
|
|t:|1756090513
|move|p1a: Gholdengo|Protect|p1a: Gholdengo
|-singleturn|p1a: Gholdengo|Protect
|move|p2a: CADMIUMCOLOR|Snarl|p1b: Porygon2|[spread] p1b
|-activate|p1a: Gholdengo|move: Protect
|-damage|p1b: Porygon2|48/100
|-unboost|p1b: Porygon2|spa|1
|move|p2b: M.LOVE|Curse|p1b: Porygon2
|-start|p1b: Porygon2|Curse|[of] p2b: M.LOVE
|-damage|p2b: M.LOVE|41/100
|move|p1b: Porygon2|Ice Beam|p2a: CADMIUMCOLOR
|-damage|p2a: CADMIUMCOLOR|8/100
|-status|p2a: CADMIUMCOLOR|frz
|-ability|p2a: CADMIUMCOLOR|Stamina|boost
|-boost|p2a: CADMIUMCOLOR|def|1
|
|-weather|none
|-damage|p1b: Porygon2|23/100|[from] Curse
|upkeep
|turn|6
|
|t:|1756090526
|move|p2b: M.LOVE|Shadow Sneak|p1a: Gholdengo
|-supereffective|p1a: Gholdengo
|-damage|p1a: Gholdengo|0 fnt
|faint|p1a: Gholdengo
|-damage|p2b: M.LOVE|31/100|[from] item: Life Orb
|cant|p2a: CADMIUMCOLOR|frz
|move|p1b: Porygon2|Recover|p1b: Porygon2
|-heal|p1b: Porygon2|73/100
|
|-damage|p1b: Porygon2|48/100|[from] Curse
|upkeep
|turn|7
|
|t:|1756090537
|cant|p2a: CADMIUMCOLOR|frz
|move|p2b: M.LOVE|Play Rough|p1b: Porygon2
|-damage|p1b: Porygon2|17/100
|-damage|p2b: M.LOVE|21/100|[from] item: Life Orb
|move|p1b: Porygon2|Recover|p1b: Porygon2
|-heal|p1b: Porygon2|67/100
|
|-damage|p1b: Porygon2|42/100|[from] Curse
|upkeep
|turn|8
|
|t:|1756090553
|switch|p2b: PINK SLIME|Ursaluna, L50, F, shiny|100/100
|cant|p2a: CADMIUMCOLOR|frz
|move|p1b: Porygon2|Recover|p1b: Porygon2
|-heal|p1b: Porygon2|92/100
|
|-damage|p1b: Porygon2|67/100|[from] Curse
|-status|p2b: PINK SLIME|brn|[from] item: Flame Orb
|upkeep
|turn|9
|
|t:|1756090562
|-terastallize|p2b: PINK SLIME|Ghost
|-curestatus|p2a: CADMIUMCOLOR|frz|[msg]
|move|p2a: CADMIUMCOLOR|Dragon Pulse|p1b: Porygon2
|-damage|p1b: Porygon2|24/100
|move|p1b: Porygon2|Ice Beam|p2b: PINK SLIME
|-damage|p2b: PINK SLIME|79/100 brn
|move|p2b: PINK SLIME|Facade|p1b: Porygon2
|-damage|p1b: Porygon2|0 fnt
|faint|p1b: Porygon2
|
|win|atrixmj
|raw|Ho-Nononono's rating: 1344 → 1319(-25 for losing)
|raw|atrixmj's rating: 1256 → 1287(+31 for winning)
|l|☆Ho-Nononono
|player|p1|
|c|☆atrixmj|ggs srry for dodge
