|j|☆dondozo ate my son
|j|☆Adriatic Tides
|html|dondozo ate my sonAdriatic Tides    
|uhtml|bestof|Game 2 of a best-of-3
|t:|1784765266
|gametype|doubles
|player|p1|dondozo ate my son|265|1337
|player|p2|Adriatic Tides|leon|1205
|gen|9
|tier|[Gen 9 Champions] VGC 2026 Reg M-B (Bo3)
|rated|
|rule|Species Clause: Limit one of each Pokémon
|rule|Item Clause: Limit 1 of each item
|clearpoke
|poke|p1|Gengar, L50, M|
|poke|p1|Swampert, L50, M|
|poke|p1|Incineroar, L50, F|
|poke|p1|Politoed, L50, F|
|poke|p1|Archaludon, L50, F|
|poke|p1|Vivillon, L50, M|
|poke|p2|Tyranitar, L50, F|
|poke|p2|Excadrill, L50, M|
|poke|p2|Delphox, L50, F|
|poke|p2|Sinistcha, L50|
|poke|p2|Rotom-Wash, L50|
|poke|p2|Incineroar, L50, F|
|teampreview|4
|showteam|p1|Gengar||Gengarite|CursedBody|ShadowBall,PerishSong,SludgeBomb,Protect|Timid||M|||50|]Swampert||Swampertite|Torrent|WaveCrash,Earthquake,IcePunch,Protect|Adamant||M|||50|]Incineroar||PasshoBerry|Intimidate|ThroatChop,PartingShot,FakeOut,Protect|Sassy||F|||50|]Politoed||SitrusBerry|Drizzle|WeatherBall,PerishSong,Encore,Protect|Calm||F|||50|]Archaludon||Leftovers|Stamina|DragonPulse,FlashCannon,ElectroShot,Protect|Bold||F|||50|]Vivillon||FocusSash|CompoundEyes|Hurricane,SleepPowder,RagePowder,Protect|Timid||M|||50|
|showteam|p2|Tyranitar||Tyranitarite|SandStream|KnockOff,RockSlide,Protect,LowKick|Adamant||F|||50|]Excadrill||FocusSash|SandRush|Protect,Earthquake,IronHead,RockSlide|Adamant||M|||50|]Delphox||Delphoxite|Blaze|NastyPlot,HeatWave,Psyshock,Protect|Timid||F|||50|]Sinistcha||ColburBerry|Hospitality|TrickRoom,MatchaGotcha,Protect,RagePowder|Bold|||||50|]Rotom-Wash||Leftovers|Levitate|Electroweb,HydroPump,Protect,Thunderbolt|Modest|||||50|]Incineroar||SitrusBerry|Intimidate|FakeOut,FlareBlitz,PartingShot,ThroatChop|Careful||F|||50|
|
|t:|1784765280
|teamsize|p1|4
|teamsize|p2|4
|start
|switch|p1a: Big Pert|Swampert, L50, M|100/100
|switch|p1b: Vivillon|Vivillon, L50, M|100/100
|switch|p2a: Tyranitar|Tyranitar, L50, F|100/100
|switch|p2b: Excadrill|Excadrill, L50, M|100/100
|-weather|Sandstorm|[from] ability: Sand Stream|[of] p2a: Tyranitar
|turn|1
|
|t:|1784765301
|detailschange|p1a: Big Pert|Swampert-Mega, L50, M
|-mega|p1a: Big Pert|Swampert|Swampertite
|move|p2b: Excadrill|Rock Slide|p1a: Big Pert|[spread] p1a,p1b
|-resisted|p1a: Big Pert|1
|-supereffective|p1b: Vivillon|2
|-damage|p1a: Big Pert|90/100
|-enditem|p1b: Vivillon|Focus Sash
|-damage|p1b: Vivillon|1/100
|move|p1b: Vivillon|Sleep Powder|p2a: Tyranitar
|-status|p2a: Tyranitar|slp|[from] move: Sleep Powder
|move|p1a: Big Pert|Earthquake|p2b: Excadrill|[spread] p2a,p2b
|-immune|p1b: Vivillon
|-supereffective|p2a: Tyranitar|1
|-supereffective|p2b: Excadrill|1
|-damage|p2a: Tyranitar|29/100 slp
|-enditem|p2b: Excadrill|Focus Sash
|-damage|p2b: Excadrill|1/100
|cant|p2a: Tyranitar|slp
|
|-weather|Sandstorm|[upkeep]
|-damage|p1b: Vivillon|0 fnt|[from] Sandstorm
|faint|p1b: Vivillon
|upkeep
|
|t:|1784765326
|switch|p1b: Archaludon|Archaludon, L50, F|100/100
|turn|2
|
|t:|1784765332
|switch|p2a: Rotom|Rotom-Wash, L50|100/100
|move|p1b: Archaludon|Protect|p1b: Archaludon
|-singleturn|p1b: Archaludon|Protect
|move|p2b: Excadrill|Earthquake|p1a: Big Pert|[spread] p1a
|-activate|p1b: Archaludon|move: Protect
|-immune|p2a: Rotom|[from] ability: Levitate
|-damage|p1a: Big Pert|53/100
|move|p1a: Big Pert|Earthquake|p2a: Rotom|[spread] p2b
|-activate|p1b: Archaludon|move: Protect
|-immune|p2a: Rotom|[from] ability: Levitate
|-supereffective|p2b: Excadrill|1
|-damage|p2b: Excadrill|0 fnt
|faint|p2b: Excadrill
|
|-weather|Sandstorm|[upkeep]
|-damage|p2a: Rotom|94/100|[from] Sandstorm
|-heal|p2a: Rotom|100/100|[from] item: Leftovers
|upkeep
|
|t:|1784765338
|switch|p2b: Sinistcha|Sinistcha, L50|100/100
|turn|3
|
|t:|1784765347
|switch|p1a: Politoed|Politoed, L50, F|100/100
|-weather|RainDance|[from] ability: Drizzle|[of] p1a: Politoed
|move|p2a: Rotom|Hydro Pump|p1b: Archaludon
|-resisted|p1b: Archaludon|1
|-damage|p1b: Archaludon|69/100
|-ability|p1b: Archaludon|Stamina|boost
|-boost|p1b: Archaludon|def|1
|move|p1b: Archaludon|Electro Shot||[still]
|-prepare|p1b: Archaludon|Electro Shot
|-boost|p1b: Archaludon|spa|1
|-anim|p1b: Archaludon|Electro Shot|p2a: Rotom
|-damage|p2a: Rotom|36/100
|move|p2b: Sinistcha|Matcha Gotcha|p1a: Politoed|[spread] p1a,p1b
|-supereffective|p1a: Politoed|1
|-resisted|p1b: Archaludon|2
|-damage|p1a: Politoed|59/100
|-damage|p1b: Archaludon|63/100
|-status|p1b: Archaludon|brn
|-ability|p1b: Archaludon|Stamina|boost
|-boost|p1b: Archaludon|def|1
|
|-weather|RainDance|[upkeep]
|-heal|p2a: Rotom|42/100|[from] item: Leftovers
|-heal|p1b: Archaludon|70/100 brn|[from] item: Leftovers
|-damage|p1b: Archaludon|63/100 brn|[from] brn
|upkeep
|turn|4
|
|t:|1784765374
|switch|p2b: Tyranitar|Tyranitar, L50, F|29/100 slp
|-weather|Sandstorm|[from] ability: Sand Stream|[of] p2b: Tyranitar
|move|p1a: Politoed|Protect|p1a: Politoed
|-singleturn|p1a: Politoed|Protect
|move|p2a: Rotom|Hydro Pump|p1b: Archaludon
|-resisted|p1b: Archaludon|1
|-damage|p1b: Archaludon|44/100 brn
|-ability|p1b: Archaludon|Stamina|boost
|-boost|p1b: Archaludon|def|1
|move|p1b: Archaludon|Electro Shot||[still]
|-prepare|p1b: Archaludon|Electro Shot
|-boost|p1b: Archaludon|spa|1
|
|-weather|Sandstorm|[upkeep]
|-damage|p2a: Rotom|36/100|[from] Sandstorm
|-damage|p1a: Politoed|53/100|[from] Sandstorm
|-heal|p2a: Rotom|42/100|[from] item: Leftovers
|-heal|p1b: Archaludon|50/100g brn|[from] item: Leftovers
|-damage|p1b: Archaludon|44/100 brn|[from] brn
|upkeep
|turn|5
|
|t:|1784765391
|switch|p1a: Big Pert|Swampert-Mega, L50, M|53/100
|cant|p2b: Tyranitar|slp
|move|p2a: Rotom|Thunderbolt|p1a: Big Pert
|-immune|p1a: Big Pert
|move|p1b: Archaludon|Electro Shot|p2a: Rotom|[from] lockedmove
|-damage|p2a: Rotom|0 fnt
|faint|p2a: Rotom
|
|-weather|Sandstorm|[upkeep]
|-heal|p1b: Archaludon|50/100g brn|[from] item: Leftovers
|-damage|p1b: Archaludon|44/100 brn|[from] brn
|upkeep
|
|t:|1784765398
|switch|p2a: Sinistcha|Sinistcha, L50|100/100
|-heal|p2b: Tyranitar|54/100 slp|[from] ability: Hospitality|[of] p2a: Sinistcha
|turn|6
|
|t:|1784765422
|move|p1a: Big Pert|Protect|p1a: Big Pert
|-singleturn|p1a: Big Pert|Protect
|move|p1b: Archaludon|Protect|p1b: Archaludon
|-singleturn|p1b: Archaludon|Protect
|-curestatus|p2b: Tyranitar|slp|[msg]
|move|p2b: Tyranitar|Protect|p2b: Tyranitar
|-singleturn|p2b: Tyranitar|Protect
|move|p2a: Sinistcha|Matcha Gotcha|p1a: Big Pert|[spread] 
|-activate|p1a: Big Pert|move: Protect
|-activate|p1b: Archaludon|move: Protect
|
|-weather|Sandstorm|[upkeep]
|-damage|p2a: Sinistcha|93/100|[from] Sandstorm
|-heal|p1b: Archaludon|50/100g brn|[from] item: Leftovers
|-damage|p1b: Archaludon|44/100 brn|[from] brn
|upkeep
|turn|7
|
|t:|1784765438
|switch|p1b: Politoed|Politoed, L50, F|53/100
|-weather|RainDance|[from] ability: Drizzle|[of] p1b: Politoed
|move|p1a: Big Pert|Earthquake|p2b: Tyranitar|[spread] p1b,p2a,p2b
|-resisted|p2a: Sinistcha|1
|-supereffective|p2b: Tyranitar|1
|-damage|p1b: Politoed|13/100
|-damage|p2a: Sinistcha|75/100
|-damage|p2b: Tyranitar|0 fnt
|-enditem|p1b: Politoed|Sitrus Berry|[eat]
|-heal|p1b: Politoed|38/100|[from] item: Sitrus Berry
|faint|p2b: Tyranitar
|move|p2a: Sinistcha|Matcha Gotcha|p1a: Big Pert|[spread] p1a,p1b
|-supereffective|p1a: Big Pert|2
|-supereffective|p1b: Politoed|1
|-damage|p1a: Big Pert|0 fnt
|-heal|p2a: Sinistcha|100/100|[from] drain|[of] p1a: Big Pert
|-damage|p1b: Politoed|3/100
|faint|p1a: Big Pert
|
|-weather|RainDance|[upkeep]
|upkeep
|
|t:|1784765446
|switch|p1a: Archaludon|Archaludon, L50, F|44/100 brn
|turn|8
|
|t:|1784765454
|move|p1a: Archaludon|Electro Shot||[still]
|-prepare|p1a: Archaludon|Electro Shot
|-boost|p1a: Archaludon|spa|1
|-anim|p1a: Archaludon|Electro Shot|p2a: Sinistcha
|-resisted|p2a: Sinistcha|1
|-damage|p2a: Sinistcha|72/100
|move|p1b: Politoed|Weather Ball|p2a: Sinistcha
|-resisted|p2a: Sinistcha|1
|-damage|p2a: Sinistcha|48/100
|move|p2a: Sinistcha|Matcha Gotcha|p1a: Archaludon|[spread] p1a,p1b
|-resisted|p1a: Archaludon|2
|-supereffective|p1b: Politoed|1
|-damage|p1a: Archaludon|38/100 brn
|-heal|p2a: Sinistcha|51/100|[from] drain|[of] p1a: Archaludon
|-damage|p1b: Politoed|0 fnt
|-heal|p2a: Sinistcha|53/100|[from] drain|[of] p1b: Politoed
|-ability|p1a: Archaludon|Stamina|boost
|-boost|p1a: Archaludon|def|1
|faint|p1b: Politoed
|
|-weather|RainDance|[upkeep]
|-heal|p1a: Archaludon|44/100 brn|[from] item: Leftovers
|-damage|p1a: Archaludon|38/100 brn|[from] brn
|upkeep
|turn|9
|
|t:|1784765467
|move|p2a: Sinistcha|Protect|p2a: Sinistcha
|-singleturn|p2a: Sinistcha|Protect
|move|p1a: Archaludon|Dragon Pulse|p2a: Sinistcha
|-activate|p2a: Sinistcha|move: Protect
|
|-weather|RainDance|[upkeep]
|-heal|p1a: Archaludon|44/100 brn|[from] item: Leftovers
|-damage|p1a: Archaludon|38/100 brn|[from] brn
|upkeep
|turn|10
|
|t:|1784765472
|move|p1a: Archaludon|Dragon Pulse|p2a: Sinistcha
|-damage|p2a: Sinistcha|0 fnt
|faint|p2a: Sinistcha
|
|win|dondozo ate my son
||Adriatic Tides is ready for game 3.
||dondozo ate my son is ready for game 3.
|uhtml|next|Next: Game 3 of 3
