|j|☆Undershucklee
|j|‽vilan333
|html|Undershuckleevilan333    
|uhtml|bestof|Game 1 of a best-of-3
|t:|1757695264
|gametype|doubles
|player|p1|Undershucklee|fisherman-gen4|1055
|player|p2|vilan333|101|1030
|gen|9
|tier|[Gen 9] VGC 2025 Reg H (Bo3)
|rated|
|rule|Species Clause: Limit one of each Pokémon
|rule|Item Clause: Limit 1 of each item
|clearpoke
|poke|p1|Incineroar, L50, F|
|poke|p1|Amoonguss, L50, M|
|poke|p1|Palafin, L50, F|
|poke|p1|Dragonite, L50, F|
|poke|p1|Annihilape, L50, M|
|poke|p1|Ninetales-Alola, L50, F|
|poke|p2|Lilligant-Hisui, L50, F|
|poke|p2|Torkoal, L50, M|
|poke|p2|Hatterene, L50, F|
|poke|p2|Indeedee-F, L50, F|
|poke|p2|Ursaluna, L50, M|
|poke|p2|Annihilape, L50, F|
|teampreview|4
|showteam|p1|Incineroar||SafetyGoggles|Intimidate|FakeOut,FlareBlitz,KnockOff,PartingShot|||F|||50|,,,,,Ghost]Amoonguss||RockyHelmet|Regenerator|Spore,RagePowder,SludgeBomb,Protect|||M|||50|,,,,,Water]Palafin||MysticWater|ZerotoHero|JetPunch,WaveCrash,CloseCombat,Protect|||F|||50|,,,,,Water]Dragonite||LoadedDice|Multiscale|Tailwind,Haze,ScaleShot,IceSpinner|||F|||50|,,,,,Fairy]Annihilape||ChoiceScarf|Defiant|FinalGambit,CloseCombat,RageFist,ThroatChop|||M|||50|,,,,,Fire]Ninetales-Alola||FocusSash|SnowWarning|AuroraVeil,Blizzard,FreezeDry,Protect|||F|||50|,,,,,Fire
|showteam|p2|Lilligant-Hisui||FocusSash|Chlorophyll|AfterYou,LeafBlade,CloseCombat,SleepPowder|||F|||50|,,,,,Ghost]Torkoal||ChoiceSpecs|Drought|Eruption,WeatherBall,EarthPower,HeatWave|||M|||50|,,,,,Fire]Hatterene||LifeOrb|MagicBounce|DazzlingGleam,ExpandingForce,MysticalFire,TrickRoom|||F|||50|,,,,,Water]Indeedee-F||RockyHelmet|PsychicSurge|FollowMe,TrickRoom,HelpingHand,DazzlingGleam|||F|||50|,,,,,Fairy]Ursaluna||FlameOrb|Guts|Protect,Facade,HeadlongRush,Substitute|||M|||50|,,,,,Water]Annihilape||ChoiceScarf|Defiant|CloseCombat,FinalGambit,ShadowClaw,Uturn|||F|||50|,,,,,Grass
|inactive|Battle timer is ON: inactive players will automatically lose when time's up. (requested by Undershucklee)
|
|t:|1757695300
|teamsize|p1|4
|teamsize|p2|4
|start
|switch|p1a: Palafin|Palafin, L50, F|100/100
|switch|p1b: Dragonite|Dragonite, L50, F|100/100
|switch|p2a: Indeedee|Indeedee-F, L50, F|100/100
|switch|p2b: Hatterene|Hatterene, L50, F|100/100
|-fieldstart|move: Psychic Terrain|[from] ability: Psychic Surge|[of] p2a: Indeedee
|turn|1
|
|t:|1757695317
|detailschange|p1a: Palafin|Palafin-Hero, L50, F
|switch|p1a: Amoonguss|Amoonguss, L50, M|100/100
|-terastallize|p1b: Dragonite|Fairy
|-terastallize|p2a: Indeedee|Fairy
|move|p2a: Indeedee|Follow Me|p2a: Indeedee
|-singleturn|p2a: Indeedee|move: Follow Me
|move|p1b: Dragonite|Tailwind|p1b: Dragonite
|-sidestart|p1: Undershucklee|move: Tailwind
|move|p2b: Hatterene|Trick Room|p2b: Hatterene
|-fieldstart|move: Trick Room|[of] p2b: Hatterene
|
|upkeep
|turn|2
|
|t:|1757695335
|move|p2a: Indeedee|Helping Hand|p2b: Hatterene
|-singleturn|p2b: Hatterene|Helping Hand|[of] p2a: Indeedee
|move|p2b: Hatterene|Expanding Force|p1a: Amoonguss|[spread] p1a,p1b
|-supereffective|p1a: Amoonguss
|-crit|p1b: Dragonite
|-damage|p1a: Amoonguss|0 fnt
|-damage|p1b: Dragonite|4/100
|faint|p1a: Amoonguss
|-damage|p2b: Hatterene|91/100|[from] item: Life Orb
|move|p1b: Dragonite|Ice Spinner|p2b: Hatterene
|-damage|p2b: Hatterene|67/100
|-fieldend|move: Psychic Terrain
|
|upkeep
|
|t:|1757695351
|switch|p1a: Palafin|Palafin-Hero, L50, F|100/100
|-activate|p1a: Palafin|ability: Zero to Hero
|turn|3
|
|t:|1757695364
|switch|p2b: Torkoal|Torkoal, L50, M|100/100
|-weather|SunnyDay|[from] ability: Drought|[of] p2b: Torkoal
|move|p1a: Palafin|Jet Punch|p2b: Torkoal
|-supereffective|p2b: Torkoal
|-damage|p2b: Torkoal|65/100
|move|p2a: Indeedee|Dazzling Gleam|p1a: Palafin|[spread] p1a,p1b
|-damage|p1a: Palafin|78/100
|-damage|p1b: Dragonite|0 fnt
|faint|p1b: Dragonite
|
|-weather|SunnyDay|[upkeep]
|upkeep
|
|t:|1757695374
|switch|p1b: Annihilape|Annihilape, L50, M|100/100
|turn|4
|
|t:|1757695395
|move|p2a: Indeedee|Follow Me|p2a: Indeedee
|-singleturn|p2a: Indeedee|move: Follow Me
|move|p1a: Palafin|Jet Punch|p2a: Indeedee
|-damage|p2a: Indeedee|78/100
|-damage|p1a: Palafin|62/100|[from] item: Rocky Helmet|[of] p2a: Indeedee
|move|p2b: Torkoal|Heat Wave|p1a: Palafin|[spread] p1a,p1b
|-resisted|p1a: Palafin
|-damage|p1a: Palafin|23/100
|-damage|p1b: Annihilape|43/100
|move|p1b: Annihilape|Rage Fist|p2a: Indeedee
|-damage|p2a: Indeedee|37/100
|-damage|p1b: Annihilape|27/100|[from] item: Rocky Helmet|[of] p2a: Indeedee
|
|-weather|SunnyDay|[upkeep]
|-sideend|p1: Undershucklee|move: Tailwind
|upkeep
|turn|5
|inactive|vilan333 has 30 seconds left.
|inactive|vilan333 has 20 seconds left.
|inactive|vilan333 has 15 seconds left.
|inactive|vilan333 has 10 seconds left.
|inactive|vilan333 has 5 seconds left.
|
|t:|1757695450
|move|p1a: Palafin|Protect|p1a: Palafin
|-singleturn|p1a: Palafin|Protect
|move|p2a: Indeedee|Follow Me|p2a: Indeedee
|-singleturn|p2a: Indeedee|move: Follow Me
|move|p2b: Torkoal|Heat Wave|p1a: Palafin|[spread] p1b
|-activate|p1a: Palafin|move: Protect
|-damage|p1b: Annihilape|0 fnt
|faint|p1b: Annihilape
|
|-weather|SunnyDay|[upkeep]
|-fieldend|move: Trick Room
|upkeep
|turn|6
|inactive|vilan333 has 30 seconds left.
|inactive|vilan333 has 20 seconds left.
|inactive|vilan333 has 15 seconds left.
|
|t:|1757695495
|move|p2a: Indeedee|Follow Me|p2a: Indeedee
|-singleturn|p2a: Indeedee|move: Follow Me
|move|p1a: Palafin|Wave Crash|p2a: Indeedee
|-damage|p2a: Indeedee|0 fnt
|-damage|p1a: Palafin|7/100|[from] item: Rocky Helmet|[of] p2a: Indeedee
|faint|p2a: Indeedee
|-damage|p1a: Palafin|0 fnt|[from] Recoil
|faint|p1a: Palafin
|
|win|vilan333
||Undershucklee is ready for game 2.
|inactive|vilan333 has 30 seconds to confirm battle start!
|l|‽vilan333
|player|p2|
||vilan333 is ready for game 2.
|uhtml|next|Next: Game 2 of 3
|l|☆Undershucklee
|player|p1|
|j|‽vilan333
|player|p2|vilan333|101|
