|j|☆rogue58pro
|j|☆FlipArtanis
|html|rogue58proFlipArtanis    
|uhtml|bestof|Game 1 of a best-of-3
|t:|1757716400
|gametype|doubles
|player|p1|rogue58pro|steven|
|player|p2|FlipArtanis|265|
|gen|9
|tier|[Gen 9] VGC 2025 Reg H (Bo3)
|rule|Species Clause: Limit one of each Pokémon
|rule|Item Clause: Limit 1 of each item
|clearpoke
|poke|p1|Incineroar, L50, M|
|poke|p1|Whimsicott, L50, M|
|poke|p1|Sneasler, L50, F|
|poke|p1|Lilligant, L50, F|
|poke|p1|Torkoal, L50, M|
|poke|p1|Hatterene, L50, F|
|poke|p2|Ursaluna-Bloodmoon, L50, M|
|poke|p2|Volcarona, L50, M|
|poke|p2|Tyranitar, L50, F|
|poke|p2|Reuniclus, L50, F|
|poke|p2|Alcremie, L50, F|
|poke|p2|Indeedee-F, L50, F|
|teampreview|4
|showteam|p1|Incineroar||SafetyGoggles|Intimidate|FakeOut,PartingShot,KnockOff,Protect|||M|||50|,,,,,Ghost]Whimsicott||CovertCloak|Prankster|Tailwind,Encore,Moonblast,StunSpore|||M|||50|,,,,,Normal]Sneasler||MirrorHerb|Unburden|DireClaw,CloseCombat,Protect,Uturn|||F|||50|,,,,,Fighting]Lilligant||SitrusBerry|Chlorophyll|SolarBeam,WeatherBall,AfterYou,Protect|||F|||50|,,,,,Fire]Torkoal||ChoiceSpecs|Drought|Eruption,AncientPower,EarthPower,GyroBall|||M|||50|,,,,,Fire]Hatterene||FocusSash|MagicBounce|DazzlingGleam,Nuzzle,TrickRoom,HealPulse|||F|||50|,,,,,Fairy
|showteam|p2|Ursaluna-Bloodmoon||LifeOrb|MindsEye|BloodMoon,HyperVoice,EarthPower,Protect|||M|||50|,,,,,Fairy]Volcarona||SitrusBerry|FlameBody|Overheat,StruggleBug,RagePowder,Tailwind|||M|||50|,,,,,Water]Tyranitar||AssaultVest|SandStream|RockSlide,KnockOff,TeraBlast,LowKick|||F|||50|,,,,,Rock]Reuniclus||Leftovers|MagicGuard|Recover,CalmMind,ExpandingForce,TrickRoom|||F|||50|,,,,,Water]Alcremie||HeavyDutyBoots|SweetVeil|Protect,AlluringVoice,Decorate,HelpingHand|||F|||50|,,,,,Steel]Indeedee-F||PsychicSeed|PsychicSurge|DazzlingGleam,FollowMe,HelpingHand,TrickRoom|||F|||50|,,,,,Grass
|
|t:|1757716422
|teamsize|p1|4
|teamsize|p2|4
|start
|switch|p1a: Torkoal|Torkoal, L50, M|100/100
|switch|p1b: Lilligant|Lilligant, L50, F|100/100
|switch|p2a: Indeedee|Indeedee-F, L50, F|100/100
|switch|p2b: Reuniclus|Reuniclus, L50, F|100/100
|-fieldstart|move: Psychic Terrain|[from] ability: Psychic Surge|[of] p2a: Indeedee
|-enditem|p2a: Indeedee|Psychic Seed
|-boost|p2a: Indeedee|spd|1|[from] item: Psychic Seed
|-weather|SunnyDay|[from] ability: Drought|[of] p1a: Torkoal
|turn|1
|
|t:|1757716492
|switch|p1a: Incineroar|Incineroar, L50, M|100/100
|-ability|p1a: Incineroar|Intimidate|boost
|-unboost|p2a: Indeedee|atk|1
|-unboost|p2b: Reuniclus|atk|1
|move|p2a: Indeedee|Helping Hand|p2b: Reuniclus
|-singleturn|p2b: Reuniclus|Helping Hand|[of] p2a: Indeedee
|move|p1b: Lilligant|Solar Beam||[still]
|-prepare|p1b: Lilligant|Solar Beam
|-anim|p1b: Lilligant|Solar Beam|p2b: Reuniclus
|-damage|p2b: Reuniclus|47/100
|move|p2b: Reuniclus|Expanding Force|p1b: Lilligant|[spread] p1b
|-immune|p1a: Incineroar
|-damage|p1b: Lilligant|14/100
|-enditem|p1b: Lilligant|Sitrus Berry|[eat]
|-heal|p1b: Lilligant|39/100|[from] item: Sitrus Berry
|
|-weather|SunnyDay|[upkeep]
|-heal|p2b: Reuniclus|53/100|[from] item: Leftovers
|upkeep
|turn|2
|
|t:|1757716527
|switch|p2b: Ursaluna|Ursaluna-Bloodmoon, L50, M|100/100
|move|p1a: Incineroar|Fake Out|p2b: Ursaluna
|-activate|p2b: Ursaluna|move: Psychic Terrain
|move|p2a: Indeedee|Follow Me|p2a: Indeedee
|-singleturn|p2a: Indeedee|move: Follow Me
|move|p1b: Lilligant|Solar Beam||[still]
|-prepare|p1b: Lilligant|Solar Beam
|-anim|p1b: Lilligant|Solar Beam|p2a: Indeedee
|-damage|p2a: Indeedee|67/100
|
|-weather|SunnyDay|[upkeep]
|upkeep
|turn|3
|
|t:|1757716556
|move|p1b: Lilligant|Protect|p1b: Lilligant
|-singleturn|p1b: Lilligant|Protect
|move|p2a: Indeedee|Follow Me|p2a: Indeedee
|-singleturn|p2a: Indeedee|move: Follow Me
|move|p1a: Incineroar|Knock Off|p2a: Indeedee
|-supereffective|p2a: Indeedee
|-damage|p2a: Indeedee|11/100
|move|p2b: Ursaluna|Hyper Voice|p1b: Lilligant|[spread] p1a
|-activate|p1b: Lilligant|move: Protect
|-damage|p1a: Incineroar|57/100
|-damage|p2b: Ursaluna|90/100|[from] item: Life Orb
|
|-weather|SunnyDay|[upkeep]
|upkeep
|turn|4
|
|t:|1757716574
|switch|p1b: Sneasler|Sneasler, L50, F|100/100
|-terastallize|p2b: Ursaluna|Fairy
|move|p2a: Indeedee|Follow Me|p2a: Indeedee
|-singleturn|p2a: Indeedee|move: Follow Me
|move|p1a: Incineroar|Knock Off|p2a: Indeedee
|-supereffective|p2a: Indeedee
|-damage|p2a: Indeedee|0 fnt
|faint|p2a: Indeedee
|move|p2b: Ursaluna|Hyper Voice|p1a: Incineroar|[spread] p1a,p1b
|-damage|p1a: Incineroar|11/100
|-damage|p1b: Sneasler|34/100
|-damage|p2b: Ursaluna|80/100|[from] item: Life Orb
|
|-weather|SunnyDay|[upkeep]
|upkeep
|
|t:|1757716592
|switch|p2a: Volcarona|Volcarona, L50, M|100/100
|turn|5
|
|t:|1757716602
|move|p2b: Ursaluna|Protect|p2b: Ursaluna
|-singleturn|p2b: Ursaluna|Protect
|move|p1b: Sneasler|Dire Claw|p2a: Volcarona
|-damage|p2a: Volcarona|50/100
|-enditem|p2a: Volcarona|Sitrus Berry|[eat]
|-heal|p2a: Volcarona|75/100|[from] item: Sitrus Berry
|move|p2a: Volcarona|Tailwind|p2a: Volcarona
|-sidestart|p2: FlipArtanis|move: Tailwind
|move|p1a: Incineroar|Knock Off|p2a: Volcarona
|-damage|p2a: Volcarona|41/100
|
|-weather|none
|-fieldend|move: Psychic Terrain
|upkeep
|turn|6
|
|t:|1757716637
|move|p2a: Volcarona|Rage Powder|p2a: Volcarona
|-singleturn|p2a: Volcarona|move: Rage Powder
|move|p1b: Sneasler|Dire Claw|p2a: Volcarona
|-damage|p2a: Volcarona|0 fnt
|-status|p1b: Sneasler|brn|[from] ability: Flame Body|[of] p2a: Volcarona
|faint|p2a: Volcarona
|move|p2b: Ursaluna|Hyper Voice|p1b: Sneasler|[spread] p1a,p1b
|-damage|p1a: Incineroar|0 fnt
|-damage|p1b: Sneasler|0 fnt
|faint|p1a: Incineroar
|faint|p1b: Sneasler
|-damage|p2b: Ursaluna|70/100|[from] item: Life Orb
|
|upkeep
|
|t:|1757716649
|switch|p1b: Lilligant|Lilligant, L50, F|39/100
|switch|p2a: Reuniclus|Reuniclus, L50, F|53/100
|switch|p1a: Torkoal|Torkoal, L50, M|100/100
|-weather|SunnyDay|[from] ability: Drought|[of] p1a: Torkoal
|turn|7
|
|t:|1757716671
|-terastallize|p1a: Torkoal|Fire
|move|p1b: Lilligant|After You|p1a: Torkoal
|-activate|p1a: Torkoal|move: After You
|move|p1a: Torkoal|Eruption|p2b: Ursaluna|[spread] p2a,p2b
|-damage|p2a: Reuniclus|0 fnt
|-damage|p2b: Ursaluna|0 fnt
|faint|p2a: Reuniclus
|faint|p2b: Ursaluna
|
|win|rogue58pro
||rogue58pro is ready for game 2.
|inactive|FlipArtanis has 30 seconds to confirm battle start!
||FlipArtanis is ready for game 2.
|uhtml|next|Next: Game 2 of 3
