|j|☆hackervgc
|j|☆Olciax34
|html|hackervgcOlciax34    
|uhtml|bestof|Game 2 of a best-of-3
|t:|1784289621
|gametype|doubles
|player|p1|hackervgc|ingo|1274
|player|p2|Olciax34|clair|1237
|gen|9
|tier|[Gen 9 Champions] VGC 2026 Reg M-B (Bo3)
|rated|
|rule|Species Clause: Limit one of each Pokémon
|rule|Item Clause: Limit 1 of each item
|clearpoke
|poke|p1|Farigiraf, L50, F|
|poke|p1|Gholdengo, L50|
|poke|p1|Primarina, L50, M|
|poke|p1|Blaziken, L50, F|
|poke|p1|Whimsicott, L50, F|
|poke|p1|Scovillain, L50, F|
|poke|p2|Garchomp, L50, F|
|poke|p2|Whimsicott, L50, F|
|poke|p2|Aegislash, L50, M|
|poke|p2|Incineroar, L50, F|
|poke|p2|Charizard, L50, F|
|poke|p2|Floette-Eternal, L50, F|
|teampreview|4
|showteam|p1|Farigiraf||SitrusBerry|ArmorTail|TwinBeam,TrickRoom,HelpingHand,Protect|Bold||F|||50|]Gholdengo||MetalCoat|GoodasGold|MakeItRain,ShadowBall,NastyPlot,Protect|Modest|||||50|]Primarina||LifeOrb|LiquidVoice|HyperVoice,Moonblast,Protect,ShadowBall|Modest||M|||50|]Blaziken||Blazikenite|SpeedBoost|CloseCombat,FlareBlitz,RockSlide,Protect|Adamant||F|||50|]Whimsicott||FocusSash|Prankster|Moonblast,Tailwind,Encore,Protect|Timid||F|||50|]Scovillain||Scovillainite|Chlorophyll|Overheat,RagePowder,GigaDrain,Protect|Bold||F|||50|
|showteam|p2|Garchomp||LifeOrb|RoughSkin|RockSlide,Earthquake,DragonClaw,Protect|Jolly||F|||50|]Whimsicott||FocusSash|Prankster|Moonblast,Tailwind,Encore,Protect|Timid||F|||50|]Aegislash||SpellTag|StanceChange|Poltergeist,IronHead,WideGuard,KingsShield|Adamant||M|||50|]Incineroar||SitrusBerry|Intimidate|FakeOut,ThroatChop,FlareBlitz,PartingShot|Careful||F|||50|]Charizard||CharizarditeY|SolarPower|HeatWave,WeatherBall,SolarBeam,Protect|Modest||F|||50|]Floette-Eternal||Floettite|FlowerVeil|Moonblast,DrainingKiss,CalmMind,Protect|Modest||F|||50|
|inactive|Battle timer is ON: inactive players will automatically lose when time's up. (requested by Olciax34)
|
|t:|1784289670
|teamsize|p1|4
|teamsize|p2|4
|start
|switch|p1a: Farigiraf|Farigiraf, L50, F|100/100
|switch|p1b: Blaziken|Blaziken, L50, F|100/100
|switch|p2a: Incineroar|Incineroar, L50, F|100/100
|switch|p2b: Floette|Floette-Eternal, L50, F|100/100
|-ability|p2a: Incineroar|Intimidate|boost
|-unboost|p1a: Farigiraf|atk|1
|-unboost|p1b: Blaziken|atk|1
|turn|1
|inactive|hackervgc has 30 seconds left.
|
|t:|1784289695
|detailschange|p1b: Blaziken|Blaziken-Mega, L50, F
|-mega|p1b: Blaziken|Blaziken|Blazikenite
|detailschange|p2b: Floette|Floette-Mega, L50, F
|-mega|p2b: Floette|Floette|Floettite
|-ability|p2b: Floette|Fairy Aura
|move|p1a: Farigiraf|Helping Hand|p1b: Blaziken
|-singleturn|p1b: Blaziken|Helping Hand|[of] p1a: Farigiraf
|move|p1b: Blaziken|Close Combat|p2a: Incineroar
|-supereffective|p2a: Incineroar|1
|-damage|p2a: Incineroar|0 fnt
|-unboost|p1b: Blaziken|def|1
|-unboost|p1b: Blaziken|spd|1
|faint|p2a: Incineroar
|move|p2b: Floette|Calm Mind|p2b: Floette
|-boost|p2b: Floette|spa|1
|-boost|p2b: Floette|spd|1
|
|-ability|p1b: Blaziken|Speed Boost|boost
|-boost|p1b: Blaziken|spe|1
|upkeep
|
|t:|1784289714
|switch|p2a: Garchomp|Garchomp, L50, F|100/100
|turn|2
|
|t:|1784289728
|move|p1b: Blaziken|Protect|p1b: Blaziken
|-singleturn|p1b: Blaziken|Protect
|move|p2b: Floette|Protect|p2b: Floette
|-singleturn|p2b: Floette|Protect
|move|p2a: Garchomp|Earthquake|p1a: Farigiraf|[spread] p1a
|-activate|p2b: Floette|move: Protect
|-activate|p1b: Blaziken|move: Protect
|-damage|p1a: Farigiraf|61/100
|-damage|p2a: Garchomp|90/100|[from] item: Life Orb
|move|p1a: Farigiraf|Twin Beam|p2a: Garchomp
|-damage|p2a: Garchomp|74/100
|-damage|p2a: Garchomp|56/100
|-hitcount|p2a: Garchomp|2
|
|-ability|p1b: Blaziken|Speed Boost|boost
|-boost|p1b: Blaziken|spe|1
|upkeep
|turn|3
|
|t:|1784289753
|move|p1a: Farigiraf|Helping Hand|p1b: Blaziken
|-singleturn|p1b: Blaziken|Helping Hand|[of] p1a: Farigiraf
|move|p1b: Blaziken|Close Combat|p2a: Garchomp
|-damage|p2a: Garchomp|0 fnt
|-unboost|p1b: Blaziken|def|1
|-unboost|p1b: Blaziken|spd|1
|-damage|p1b: Blaziken|87/100|[from] ability: Rough Skin|[of] p2a: Garchomp
|faint|p2a: Garchomp
|move|p2b: Floette|Draining Kiss|p1b: Blaziken
|-damage|p1b: Blaziken|0 fnt
|faint|p1b: Blaziken
|
|upkeep
|
|t:|1784289768
|switch|p2a: Aegislash|Aegislash, L50, M|100/100
|switch|p1b: Gholdengo|Gholdengo, L50|100/100
|turn|4
|
|t:|1784289788
|move|p2a: Aegislash|King's Shield|p2a: Aegislash
|-singleturn|p2a: Aegislash|Protect
|move|p1a: Farigiraf|Protect|p1a: Farigiraf
|-singleturn|p1a: Farigiraf|Protect
|move|p2b: Floette|Moonblast|p1b: Gholdengo
|-resisted|p1b: Gholdengo|1
|-damage|p1b: Gholdengo|46/100
|move|p1b: Gholdengo|Shadow Ball|p2a: Aegislash
|-activate|p2a: Aegislash|move: Protect
|
|upkeep
|turn|5
|inactive|hackervgc has 30 seconds left.
|inactive|Olciax34 has 30 seconds left.
|inactive|Olciax34 has 20 seconds left.
|
|t:|1784289834
|move|p2b: Floette|Moonblast|p1b: Gholdengo
|-resisted|p1b: Gholdengo|1
|-damage|p1b: Gholdengo|0 fnt
|faint|p1b: Gholdengo
|-formechange|p2a: Aegislash|Aegislash-Blade|
|move|p2a: Aegislash|Iron Head|p1a: Farigiraf
|-damage|p1a: Farigiraf|23/100
|-enditem|p1a: Farigiraf|Sitrus Berry|[eat]
|-heal|p1a: Farigiraf|48/100|[from] item: Sitrus Berry
|cant|p1a: Farigiraf|flinch
|
|upkeep
|
|t:|1784289838
|switch|p1b: Primarina|Primarina, L50, M|100/100
|turn|6
|
|t:|1784289854
|-formechange|p2a: Aegislash|Aegislash|
|move|p2a: Aegislash|King's Shield|p2a: Aegislash
|-singleturn|p2a: Aegislash|Protect
|move|p1a: Farigiraf|Protect|p1a: Farigiraf
|-singleturn|p1a: Farigiraf|Protect
|move|p2b: Floette|Moonblast|p1a: Farigiraf
|-activate|p1a: Farigiraf|move: Protect
|move|p1b: Primarina|Shadow Ball|p2a: Aegislash
|-activate|p2a: Aegislash|move: Protect
|
|upkeep
|turn|7
|
|t:|1784289866
|move|p1a: Farigiraf|Protect||[still]
|-fail|p1a: Farigiraf
|move|p2b: Floette|Moonblast|p1a: Farigiraf
|-damage|p1a: Farigiraf|0 fnt
|faint|p1a: Farigiraf
|move|p1b: Primarina|Shadow Ball|p2a: Aegislash
|-supereffective|p2a: Aegislash|1
|-damage|p2a: Aegislash|43/100
|-damage|p1b: Primarina|90/100|[from] item: Life Orb
|-formechange|p2a: Aegislash|Aegislash-Blade|
|move|p2a: Aegislash|Poltergeist|p1b: Primarina
|-activate|p1b: Primarina|move: Poltergeist|Life Orb
|-damage|p1b: Primarina|0 fnt
|faint|p1b: Primarina
|
|win|Olciax34
|raw|hackervgc's rating: 1274 → 1246(-28 for losing)
|raw|Olciax34's rating: 1237 → 1265(+28 for winning)
|l|☆hackervgc
|player|p1|
