|j|☆InsomniacREM
|j|☆root2iris
|html|InsomniacREMroot2iris    
|uhtml|bestof|Game 1 of a best-of-3
|t:|1756498085
|gametype|doubles
|player|p1|InsomniacREM|miku-ground|1183
|player|p2|root2iris|guitarist|1220
|gen|9
|tier|[Gen 9] VGC 2025 Reg H (Bo3)
|rated|
|rule|Species Clause: Limit one of each Pokémon
|rule|Item Clause: Limit 1 of each item
|clearpoke
|poke|p1|Incineroar, L50, M|
|poke|p1|Dragonite, L50, F|
|poke|p1|Gholdengo, L50|
|poke|p1|Indeedee, L50, M|
|poke|p1|Ursaluna-Bloodmoon, L50, M|
|poke|p1|Sneasler, L50, F|
|poke|p2|Archaludon, L50, M|
|poke|p2|Pelipper, L50, M|
|poke|p2|Amoonguss, L50, M|
|poke|p2|Incineroar, L50, M|
|poke|p2|Baxcalibur, L50, F|
|poke|p2|Annihilape, L50, M|
|teampreview|4
|showteam|p1|Incineroar||SafetyGoggles|Intimidate|KnockOff,FlareBlitz,FakeOut,PartingShot|||M|||50|,,,,,Ghost]Dragonite||LoadedDice|Multiscale|ScaleShot,Tailwind,Haze,Protect|||F|||50|,,,,,Fairy]Gholdengo||LifeOrb|GoodasGold|MakeItRain,ShadowBall,NastyPlot,Protect||||||50|,,,,,Water]Indeedee||FocusSash|PsychicSurge|ExpandingForce,TeraBlast,Imprison,TrickRoom|||M|||50|,,,,,Fighting]Ursaluna-Bloodmoon||AssaultVest|MindsEye|HyperVoice,EarthPower,BloodMoon,VacuumWave|||M|||50|,,,,,Water]Sneasler||PsychicSeed|Unburden|DireClaw,CloseCombat,ThroatChop,Protect|||F|||50|,,,,,Stellar
|showteam|p2|Archaludon||AssaultVest|Stamina|DragonPulse,ElectroShot,BodyPress,Thunderbolt|||M|||50|,,,,,Bug]Pelipper||FocusSash|Drizzle|MuddyWater,Hurricane,Tailwind,Protect|||M|||50|,,,,,Ghost]Amoonguss||CovertCloak|Regenerator|PollenPuff,RagePowder,Spore,Protect|||M|||50|,,,,,Fairy]Incineroar||SafetyGoggles|Intimidate|KnockOff,BurningJealousy,PartingShot,FakeOut|||M|||50|,,,,,Ghost]Baxcalibur||LoadedDice|ThermalExchange|IcicleSpear,ScaleShot,HighHorsepower,Protect|||F|||50|,,,,,Ghost]Annihilape||SitrusBerry|Defiant|RageFist,FinalGambit,Coaching,Taunt|||M|||50|,,,,,Fire
|inactive|Battle timer is ON: inactive players will automatically lose when time's up. (requested by root2iris)
|inactive|root2iris has 60 seconds left.
|
|t:|1756498117
|teamsize|p1|4
|teamsize|p2|4
|start
|switch|p1a: Indeedee|Indeedee, L50, M|100/100
|switch|p1b: Sneasler|Sneasler, L50, F|100/100
|switch|p2a: Air Combo++|Baxcalibur, L50, F|100/100
|switch|p2b: RC|Incineroar, L50, M|100/100
|-fieldstart|move: Psychic Terrain|[from] ability: Psychic Surge|[of] p1a: Indeedee
|-enditem|p1b: Sneasler|Psychic Seed
|-boost|p1b: Sneasler|spd|1|[from] item: Psychic Seed
|-ability|p2b: RC|Intimidate|boost
|-unboost|p1a: Indeedee|atk|1
|-unboost|p1b: Sneasler|atk|1
|turn|1
|inactive|InsomniacREM has 30 seconds left.
|inactive|InsomniacREM has 20 seconds left.
|inactive|InsomniacREM has 15 seconds left.
|inactive|InsomniacREM has 10 seconds left.
|
|t:|1756498166
|switch|p1a: Gholdengo|Gholdengo, L50|100/100
|-terastallize|p2a: Air Combo++|Ghost
|move|p1b: Sneasler|Close Combat|p2a: Air Combo++
|-immune|p2a: Air Combo++
|move|p2a: Air Combo++|Icicle Spear|p1a: Gholdengo
|-resisted|p1a: Gholdengo
|-damage|p1a: Gholdengo|93/100
|-resisted|p1a: Gholdengo
|-damage|p1a: Gholdengo|86/100
|-resisted|p1a: Gholdengo
|-damage|p1a: Gholdengo|78/100
|-resisted|p1a: Gholdengo
|-damage|p1a: Gholdengo|71/100
|-hitcount|p1a: Gholdengo|4
|move|p2b: RC|Burning Jealousy|p1b: Sneasler|[spread] p1a,p1b
|-supereffective|p1a: Gholdengo
|-damage|p1a: Gholdengo|41/100
|-damage|p1b: Sneasler|88/100
|-status|p1b: Sneasler|brn
|
|-damage|p1b: Sneasler|82/100 brn|[from] brn
|upkeep
|turn|2
|
|t:|1756498191
|move|p2a: Air Combo++|Protect|p2a: Air Combo++
|-singleturn|p2a: Air Combo++|Protect
|move|p1b: Sneasler|Close Combat|p2b: RC
|-supereffective|p2b: RC
|-damage|p2b: RC|59/100
|-unboost|p1b: Sneasler|def|1
|-unboost|p1b: Sneasler|spd|1
|move|p1a: Gholdengo|Make It Rain|p2b: RC|[spread] p2b
|-activate|p2a: Air Combo++|move: Protect
|-resisted|p2b: RC
|-damage|p2b: RC|34/100
|-unboost|p1a: Gholdengo|spa|1
|-damage|p1a: Gholdengo|32/100|[from] item: Life Orb
|move|p2b: RC|Knock Off|p1a: Gholdengo
|-supereffective|p1a: Gholdengo
|-damage|p1a: Gholdengo|0 fnt
|-enditem|p1a: Gholdengo|Life Orb|[from] move: Knock Off|[of] p2b: RC
|faint|p1a: Gholdengo
|
|-damage|p1b: Sneasler|77/100 brn|[from] brn
|upkeep
|
|t:|1756498201
|switch|p1a: Ursaluna|Ursaluna-Bloodmoon, L50, M|100/100
|turn|3
|
|t:|1756498226
|-terastallize|p1a: Ursaluna|Water
|move|p1b: Sneasler|Close Combat|p2b: RC
|-supereffective|p2b: RC
|-damage|p2b: RC|0 fnt
|-unboost|p1b: Sneasler|def|1
|-unboost|p1b: Sneasler|spd|1
|faint|p2b: RC
|move|p2a: Air Combo++|Icicle Spear|p1a: Ursaluna
|-resisted|p1a: Ursaluna
|-damage|p1a: Ursaluna|95/100
|-resisted|p1a: Ursaluna
|-damage|p1a: Ursaluna|89/100
|-resisted|p1a: Ursaluna
|-damage|p1a: Ursaluna|84/100
|-resisted|p1a: Ursaluna
|-damage|p1a: Ursaluna|79/100
|-hitcount|p1a: Ursaluna|4
|move|p1a: Ursaluna|Blood Moon|p2a: Air Combo++
|-damage|p2a: Air Combo++|27/100
|
|-damage|p1b: Sneasler|71/100 brn|[from] brn
|upkeep
|
|t:|1756498248
|switch|p2b: Roxas|Archaludon, L50, M|100/100
|turn|4
|inactive|InsomniacREM has 30 seconds left.
|inactive|InsomniacREM has 20 seconds left.
|inactive|InsomniacREM has 15 seconds left.
|
|t:|1756498293
|switch|p2a: Oathkeeper|Pelipper, L50, M, shiny|100/100
|-weather|RainDance|[from] ability: Drizzle|[of] p2a: Oathkeeper
|move|p1b: Sneasler|Close Combat|p2b: Roxas
|-supereffective|p2b: Roxas
|-damage|p2b: Roxas|72/100
|-unboost|p1b: Sneasler|def|1
|-unboost|p1b: Sneasler|spd|1
|-ability|p2b: Roxas|Stamina|boost
|-boost|p2b: Roxas|def|1
|move|p2b: Roxas|Electro Shot||[still]
|-prepare|p2b: Roxas|Electro Shot
|-boost|p2b: Roxas|spa|1
|-anim|p2b: Roxas|Electro Shot|p1a: Ursaluna
|-supereffective|p1a: Ursaluna
|-damage|p1a: Ursaluna|0 fnt
|faint|p1a: Ursaluna
|
|-weather|RainDance|[upkeep]
|-damage|p1b: Sneasler|65/100 brn|[from] brn
|upkeep
|
|t:|1756498297
|switch|p1a: Indeedee|Indeedee, L50, M|100/100
|turn|5
|
|t:|1756498316
|move|p1b: Sneasler|Close Combat|p2b: Roxas
|-supereffective|p2b: Roxas
|-damage|p2b: Roxas|54/100
|-unboost|p1b: Sneasler|def|1
|-unboost|p1b: Sneasler|spd|1
|-ability|p2b: Roxas|Stamina|boost
|-boost|p2b: Roxas|def|1
|move|p1a: Indeedee|Expanding Force|p2b: Roxas|[spread] p2a,p2b
|-resisted|p2b: Roxas
|-damage|p2a: Oathkeeper|12/100
|-damage|p2b: Roxas|34/100
|-ability|p2b: Roxas|Stamina|boost
|-boost|p2b: Roxas|def|1
|move|p2b: Roxas|Electro Shot||[still]
|-prepare|p2b: Roxas|Electro Shot
|-boost|p2b: Roxas|spa|1
|-anim|p2b: Roxas|Electro Shot|p1a: Indeedee
|-damage|p1a: Indeedee|7/100
|move|p2a: Oathkeeper|Muddy Water|p1b: Sneasler|[spread] p1a,p1b
|-damage|p1a: Indeedee|0 fnt
|-damage|p1b: Sneasler|0 fnt
|faint|p1a: Indeedee
|faint|p1b: Sneasler
|
|win|root2iris
||InsomniacREM is ready for game 2.
|inactive|root2iris has 30 seconds to confirm battle start!
||root2iris is ready for game 2.
|uhtml|next|Next: Game 2 of 3
