|j|☆satandagiii2005
|j|‽daniiivgc
|html|satandagiii2005daniiivgc    
|uhtml|bestof|Game 3 of a best-of-3
|t:|1784075107
|gametype|doubles
|player|p1|satandagiii2005|byron|1187
|player|p2|daniiivgc|giovanni|1337
|gen|9
|tier|[Gen 9 Champions] VGC 2026 Reg M-B (Bo3)
|rated|
|rule|Species Clause: Limit one of each Pokémon
|rule|Item Clause: Limit 1 of each item
|clearpoke
|poke|p1|Venusaur, L50, F|
|poke|p1|Grimmsnarl, L50, M|
|poke|p1|Pelipper, L50, M|
|poke|p1|Archaludon, L50, M|
|poke|p1|Swampert, L50, F|
|poke|p1|Hydreigon, L50, M|
|poke|p2|Froslass, L50, F|
|poke|p2|Dragonite, L50, F|
|poke|p2|Toxapex, L50, F|
|poke|p2|Sneasler, L50, F|
|poke|p2|Kingambit, L50, F|
|poke|p2|Blaziken, L50, M|
|teampreview|4
|showteam|p1|Venusaur||Venusaurite|Overgrow|Protect,EarthPower,GigaDrain,SludgeBomb|Modest||F|||50|]Grimmsnarl||LightClay|Prankster|SpiritBreak,Reflect,LightScreen,PartingShot|Careful||M|||50|]Pelipper||SitrusBerry|Drizzle|WeatherBall,Hurricane,Tailwind,WideGuard|Modest||M|||50|]Archaludon||Leftovers|Stamina|Protect,ElectroShot,DragonPulse,FlashCannon|Calm||M|||50|]Swampert||Swampertite|Torrent|Protect,WaveCrash,Earthquake,IcePunch|Adamant||F|||50|]Hydreigon||ChoiceScarf|Levitate|DarkPulse,Snarl,DracoMeteor,Uturn|Timid||M|||50|
|showteam|p2|Froslass||Froslassite|CursedBody|Blizzard,ShadowBall,AuroraVeil,Protect|Timid||F|||50|]Dragonite||LifeOrb|InnerFocus|DragonClaw,ExtremeSpeed,LowKick,Protect|Adamant||F|||50|]Toxapex||Leftovers|Regenerator|Infestation,Toxic,WideGuard,BanefulBunker|Bold||F|||50|]Sneasler||FocusSash|PoisonTouch|CloseCombat,PoisonJab,FakeOut,Protect|Jolly||F|||50|]Kingambit||BlackGlasses|Defiant|KowtowCleave,IronHead,SuckerPunch,Protect|Adamant||F|||50|]Blaziken||Blazikenite|SpeedBoost|CloseCombat,FlareBlitz,RockSlide,Protect|Adamant||M|||50|
|inactive|Battle timer is ON: inactive players will automatically lose when time's up. (requested by daniiivgc)
|
|t:|1784075150
|teamsize|p1|4
|teamsize|p2|4
|start
|switch|p1a: Swampert|Swampert, L50, F|100/100
|switch|p1b: Grimmsnarl|Grimmsnarl, L50, M|100/100
|switch|p2a: Toxapex|Toxapex, L50, F|100/100
|switch|p2b: Dragonite|Dragonite, L50, F|100/100
|turn|1
|inactive|daniiivgc has 30 seconds left.
|
|t:|1784075183
|switch|p1a: Archaludon|Archaludon, L50, M|100/100
|move|p2b: Dragonite|Protect|p2b: Dragonite
|-singleturn|p2b: Dragonite|Protect
|move|p1b: Grimmsnarl|Reflect|p1b: Grimmsnarl
|-sidestart|p1: satandagiii2005|Reflect
|move|p2a: Toxapex|Infestation|p1a: Archaludon
|-resisted|p1a: Archaludon|1
|-damage|p1a: Archaludon|98/100
|-activate|p1a: Archaludon|move: Infestation|[of] p2a: Toxapex
|-ability|p1a: Archaludon|Stamina|boost
|-boost|p1a: Archaludon|def|1
|
|-heal|p1a: Archaludon|100/100|[from] item: Leftovers
|-damage|p1a: Archaludon|87/100|[from] move: Infestation|[partiallytrapped]
|upkeep
|turn|2
|
|t:|1784075199
|move|p1b: Grimmsnarl|Parting Shot|p2a: Toxapex
|-unboost|p2a: Toxapex|atk|1
|-unboost|p2a: Toxapex|spa|1
|
|t:|1784075203
|switch|p1b: Pelipper|Pelipper, L50, M|100/100|[from] Parting Shot
|-weather|RainDance|[from] ability: Drizzle|[of] p1b: Pelipper
|move|p1a: Archaludon|Electro Shot||[still]
|-prepare|p1a: Archaludon|Electro Shot
|-boost|p1a: Archaludon|spa|1
|-anim|p1a: Archaludon|Electro Shot|p2b: Dragonite
|-damage|p2b: Dragonite|47/100
|move|p2b: Dragonite|Low Kick|p1a: Archaludon
|-supereffective|p1a: Archaludon|1
|-damage|p1a: Archaludon|62/100
|-ability|p1a: Archaludon|Stamina|boost
|-boost|p1a: Archaludon|def|1
|-damage|p2b: Dragonite|37/100|[from] item: Life Orb
|move|p2a: Toxapex|Toxic|p1b: Pelipper
|-status|p1b: Pelipper|tox
|
|-weather|RainDance|[upkeep]
|-heal|p1a: Archaludon|67/100|[from] item: Leftovers
|-damage|p1b: Pelipper|93/100 tox|[from] psn
|-damage|p1a: Archaludon|55/100|[from] move: Infestation|[partiallytrapped]
|upkeep
|turn|3
|
|t:|1784075225
|switch|p1b: Grimmsnarl|Grimmsnarl, L50, M|100/100
|move|p2a: Toxapex|Baneful Bunker|p2a: Toxapex
|-singleturn|p2a: Toxapex|move: Protect
|move|p2b: Dragonite|Extreme Speed|p1b: Grimmsnarl
|-damage|p1b: Grimmsnarl|65/100
|-damage|p2b: Dragonite|27/100|[from] item: Life Orb
|move|p1a: Archaludon|Electro Shot||[still]
|-prepare|p1a: Archaludon|Electro Shot
|-boost|p1a: Archaludon|spa|1
|-anim|p1a: Archaludon|Electro Shot|p2a: Toxapex
|-activate|p2a: Toxapex|move: Protect
|
|-weather|RainDance|[upkeep]
|-heal|p1a: Archaludon|61/100|[from] item: Leftovers
|-damage|p1a: Archaludon|49/100|[from] move: Infestation|[partiallytrapped]
|upkeep
|turn|4
|
|t:|1784075245
|switch|p2a: Sneasler|Sneasler, L50, F|100/100
|move|p2b: Dragonite|Extreme Speed|p1b: Grimmsnarl
|-damage|p1b: Grimmsnarl|34/100
|-damage|p2b: Dragonite|18/100|[from] item: Life Orb
|move|p1b: Grimmsnarl|Light Screen|p1b: Grimmsnarl
|-sidestart|p1: satandagiii2005|move: Light Screen
|move|p1a: Archaludon|Electro Shot||[still]
|-prepare|p1a: Archaludon|Electro Shot
|-boost|p1a: Archaludon|spa|1
|-anim|p1a: Archaludon|Electro Shot|p2a: Sneasler
|-enditem|p2a: Sneasler|Focus Sash
|-damage|p2a: Sneasler|1/100
|
|-weather|RainDance|[upkeep]
|-heal|p1a: Archaludon|55/100|[from] item: Leftovers
|-end|p1a: Archaludon|Infestation|[partiallytrapped]|[silent]
|upkeep
|turn|5
|inactive|daniiivgc has 30 seconds left.
|
|t:|1784075272
|move|p1a: Archaludon|Protect|p1a: Archaludon
|-singleturn|p1a: Archaludon|Protect
|move|p2b: Dragonite|Extreme Speed|p1b: Grimmsnarl
|-damage|p1b: Grimmsnarl|0 fnt
|faint|p1b: Grimmsnarl
|-damage|p2b: Dragonite|8/100|[from] item: Life Orb
|move|p2a: Sneasler|Poison Jab|p1a: Archaludon
|-activate|p1a: Archaludon|move: Protect
|
|-weather|RainDance|[upkeep]
|-heal|p1a: Archaludon|61/100|[from] item: Leftovers
|upkeep
|
|t:|1784075284
|switch|p1b: Swampert|Swampert, L50, F|100/100
|turn|6
|
|t:|1784075294
|move|p2a: Sneasler|Protect|p2a: Sneasler
|-singleturn|p2a: Sneasler|Protect
|move|p2b: Dragonite|Protect|p2b: Dragonite
|-singleturn|p2b: Dragonite|Protect
|move|p1b: Swampert|Wave Crash|p2a: Sneasler
|-activate|p2a: Sneasler|move: Protect
|move|p1a: Archaludon|Electro Shot||[still]
|-prepare|p1a: Archaludon|Electro Shot
|-boost|p1a: Archaludon|spa|1
|-anim|p1a: Archaludon|Electro Shot|p2b: Dragonite
|-activate|p2b: Dragonite|move: Protect
|
|-weather|none
|-heal|p1a: Archaludon|66/100|[from] item: Leftovers
|upkeep
|turn|7
|inactive|satandagiii2005 has 30 seconds left.
|
|t:|1784075322
|move|p1b: Swampert|Protect|p1b: Swampert
|-singleturn|p1b: Swampert|Protect
|move|p2a: Sneasler|Close Combat|p1a: Archaludon
|-supereffective|p1a: Archaludon|1
|-damage|p1a: Archaludon|32/100
|-unboost|p2a: Sneasler|def|1
|-unboost|p2a: Sneasler|spd|1
|-ability|p1a: Archaludon|Stamina|boost
|-boost|p1a: Archaludon|def|1
|move|p1a: Archaludon|Dragon Pulse|p2a: Sneasler
|-damage|p2a: Sneasler|0 fnt
|faint|p2a: Sneasler
|move|p2b: Dragonite|Dragon Claw|p1b: Swampert
|-activate|p1b: Swampert|move: Protect
|
|-heal|p1a: Archaludon|38/100|[from] item: Leftovers
|upkeep
|
|t:|1784075341
|switch|p2a: Toxapex|Toxapex, L50, F|100/100
|turn|8
|
|t:|1784075346
|switch|p1b: Pelipper|Pelipper, L50, M|93/100 tox
|-weather|RainDance|[from] ability: Drizzle|[of] p1b: Pelipper
|move|p2b: Dragonite|Protect|p2b: Dragonite
|-singleturn|p2b: Dragonite|Protect
|move|p1a: Archaludon|Electro Shot||[still]
|-prepare|p1a: Archaludon|Electro Shot
|-boost|p1a: Archaludon|spa|1
|-anim|p1a: Archaludon|Electro Shot|p2a: Toxapex
|-supereffective|p2a: Toxapex|1
|-damage|p2a: Toxapex|0 fnt
|faint|p2a: Toxapex
|
|-weather|RainDance|[upkeep]
|-heal|p1a: Archaludon|44/100|[from] item: Leftovers
|-damage|p1b: Pelipper|87/100 tox|[from] psn
|-sideend|p1: satandagiii2005|Reflect
|upkeep
|
|t:|1784075349
|switch|p2a: Froslass|Froslass, L50, F|100/100
|turn|9
|
|t:|1784075369
|detailschange|p2a: Froslass|Froslass-Mega, L50, F
|-mega|p2a: Froslass|Froslass|Froslassite
|-weather|Snowscape|[from] ability: Snow Warning|[of] p2a: Froslass
|move|p1b: Pelipper|Wide Guard|p1b: Pelipper
|-singleturn|p1b: Pelipper|Wide Guard
|move|p2b: Dragonite|Extreme Speed|p1b: Pelipper
|-damage|p1b: Pelipper|43/100 tox
|-enditem|p1b: Pelipper|Sitrus Berry|[eat]
|-heal|p1b: Pelipper|68/100 tox|[from] item: Sitrus Berry
|-damage|p2b: Dragonite|0 fnt|[from] item: Life Orb
|faint|p2b: Dragonite
|move|p2a: Froslass|Blizzard|p1b: Pelipper|[spread] 
|-activate|p1a: Archaludon|move: Wide Guard
|-activate|p1b: Pelipper|move: Wide Guard
|move|p1a: Archaludon|Flash Cannon|p2a: Froslass
|-supereffective|p2a: Froslass|1
|-damage|p2a: Froslass|0 fnt
|faint|p2a: Froslass
|
|win|satandagiii2005
|raw|satandagiii2005's rating: 1187 → 1222(+35 for winning)
|raw|daniiivgc's rating: 1337 → 1309(-28 for losing)
|l|‽daniiivgc
|player|p2|
|c|☆satandagiii2005|gg
