|j|☆zfan3o
|j|☆bellytelevision
|html|zfan3obellytelevision    
|uhtml|bestof|Game 2 of a best-of-3
|t:|1784820880
|gametype|doubles
|player|p1|zfan3o|miku-fire|1033
|player|p2|bellytelevision|dawn|1100
|gen|9
|tier|[Gen 9 Champions] VGC 2026 Reg M-B (Bo3)
|rated|
|rule|Species Clause: Limit one of each Pokémon
|rule|Item Clause: Limit 1 of each item
|clearpoke
|poke|p1|Excadrill, L50, M|
|poke|p1|Tyranitar, L50, M, shiny|
|poke|p1|Sinistcha, L50|
|poke|p1|Milotic, L50, M|
|poke|p1|Gholdengo, L50|
|poke|p1|Staraptor, L50, M|
|poke|p2|Venusaur, L50, M, shiny|
|poke|p2|Metagross, L50|
|poke|p2|Sinistcha, L50|
|poke|p2|Pelipper, L50, F|
|poke|p2|Archaludon, L50, M, shiny|
|poke|p2|Sableye, L50, F, shiny|
|teampreview|4
|showteam|p1|Excadrill||FocusSash|SandRush|HighHorsepower,Protect,RockSlide,IronHead|Adamant||M|||50|]Tyranitar||Tyranitarite|SandStream|KnockOff,LowKick,Protect,RockSlide|Adamant||M|||50|]Sinistcha||SitrusBerry|Hospitality|MatchaGotcha,RagePowder,TrickRoom,Protect|Relaxed|||||50|]Milotic||Leftovers|Competitive|Scald,IceBeam,IcyWind,Protect|Modest||M|||50|]Gholdengo||LifeOrb|GoodasGold|MakeItRain,NastyPlot,ShadowBall,Protect|Timid|||||50|]Staraptor||Staraptite|Intimidate|Tailwind,CloseCombat,BraveBird,Protect|Jolly||M|||50|
|showteam|p2|Venusaur||Venusaurite|Chlorophyll|GigaDrain,SludgeBomb,Protect,EarthPower|Modest||M|||50|]Metagross||Metagrossite|ClearBody|IronHead,PsychicFangs,IcePunch,Protect|Jolly|||||50|]Sinistcha||ColburBerry|Hospitality|RagePowder,MatchaGotcha,LifeDew,TrickRoom|Sassy|||||50|]Pelipper||SitrusBerry|Drizzle|Tailwind,Hurricane,WeatherBall,WideGuard|Bold||F|||50|]Archaludon||Leftovers|Stamina|ElectroShot,FlashCannon,DragonPulse,Protect|Modest||M|||50|]Sableye||LightClay|Prankster|RainDance,Reflect,LightScreen,WillOWisp|Sassy||F|||50|
|
|t:|1784820920
|teamsize|p1|4
|teamsize|p2|4
|start
|switch|p1a: Staraptor|Staraptor, L50, M|100/100
|switch|p1b: Gholdengo|Gholdengo, L50|100/100
|switch|p2a: Sableye|Sableye, L50, F, shiny|100/100
|switch|p2b: Venusaur|Venusaur, L50, M, shiny|100/100
|-ability|p1a: Staraptor|Intimidate|boost
|-unboost|p2a: Sableye|atk|1
|-unboost|p2b: Venusaur|atk|1
|turn|1
|
|t:|1784820976
|detailschange|p2b: Venusaur|Venusaur-Mega, L50, M, shiny
|-mega|p2b: Venusaur|Venusaur|Venusaurite
|move|p1b: Gholdengo|Protect|p1b: Gholdengo
|-singleturn|p1b: Gholdengo|Protect
|move|p2a: Sableye|Reflect|p2a: Sableye
|-sidestart|p2: bellytelevision|Reflect
|move|p1a: Staraptor|Tailwind|p1a: Staraptor
|-sidestart|p1: zfan3o|move: Tailwind
|move|p2b: Venusaur|Sludge Bomb|p1a: Staraptor
|-damage|p1a: Staraptor|25/100
|
|upkeep
|turn|2
|
|t:|1784820998
|move|p2a: Sableye|Will-O-Wisp|p1a: Staraptor
|-status|p1a: Staraptor|brn
|move|p1a: Staraptor|Brave Bird|p2b: Venusaur
|-supereffective|p2b: Venusaur|1
|-damage|p2b: Venusaur|64/100
|-damage|p1a: Staraptor|13/100 brn|[from] Recoil
|move|p1b: Gholdengo|Nasty Plot|p1b: Gholdengo
|-boost|p1b: Gholdengo|spa|2
|move|p2b: Venusaur|Earth Power|p1b: Gholdengo
|-supereffective|p1b: Gholdengo|1
|-damage|p1b: Gholdengo|24/100
|
|-damage|p1a: Staraptor|6/100 brn|[from] brn
|upkeep
|turn|3
|
|t:|1784821021
|move|p2b: Venusaur|Protect|p2b: Venusaur
|-singleturn|p2b: Venusaur|Protect
|move|p2a: Sableye|Light Screen|p2a: Sableye
|-sidestart|p2: bellytelevision|move: Light Screen
|move|p1a: Staraptor|Brave Bird|p2a: Sableye
|-damage|p2a: Sableye|74/100
|-damage|p1a: Staraptor|0 fnt|[from] Recoil
|faint|p1a: Staraptor
|move|p1b: Gholdengo|Make It Rain|p2a: Sableye|[spread] p2a
|-activate|p2b: Venusaur|move: Protect
|-damage|p2a: Sableye|0 fnt
|-unboost|p1b: Gholdengo|spa|2
|faint|p2a: Sableye
|-damage|p1b: Gholdengo|14/100|[from] item: Life Orb
|
|upkeep
|
|t:|1784821043
|switch|p1a: Excadrill|Excadrill, L50, M|100/100
|switch|p2a: Archaludon|Archaludon, L50, M, shiny|100/100
|turn|4
|
|t:|1784821080
|move|p2a: Archaludon|Protect|p2a: Archaludon
|-singleturn|p2a: Archaludon|Protect
|move|p1b: Gholdengo|Shadow Ball|p2b: Venusaur
|-damage|p2b: Venusaur|30/100
|-damage|p1b: Gholdengo|4/100|[from] item: Life Orb
|move|p1a: Excadrill|Iron Head|p2b: Venusaur
|-damage|p2b: Venusaur|3/100
|cant|p2b: Venusaur|flinch
|
|-sideend|p1: zfan3o|move: Tailwind
|upkeep
|turn|5
|
|t:|1784821130
|switch|p2b: Pelipper|Pelipper, L50, F|100/100
|-weather|RainDance|[from] ability: Drizzle|[of] p2b: Pelipper
|move|p1b: Gholdengo|Shadow Ball|p2a: Archaludon
|-damage|p2a: Archaludon|63/100
|-ability|p2a: Archaludon|Stamina|boost
|-boost|p2a: Archaludon|def|1
|-damage|p1b: Gholdengo|0 fnt|[from] item: Life Orb
|faint|p1b: Gholdengo
|move|p1a: Excadrill|High Horsepower|p2b: Pelipper
|-immune|p2b: Pelipper
|move|p2a: Archaludon|Electro Shot||[still]
|-prepare|p2a: Archaludon|Electro Shot
|-boost|p2a: Archaludon|spa|1
|-anim|p2a: Archaludon|Electro Shot|p1a: Excadrill
|-immune|p1a: Excadrill
|
|-weather|RainDance|[upkeep]
|-heal|p2a: Archaludon|69/100|[from] item: Leftovers
|upkeep
|
|t:|1784821149
|switch|p1b: BIG FELLA|Tyranitar, L50, M, shiny|100/100
|-weather|Sandstorm|[from] ability: Sand Stream|[of] p1b: BIG FELLA
|turn|6
|
|t:|1784821184
|switch|p2b: Venusaur|Venusaur-Mega, L50, M, shiny|3/100
|move|p2a: Archaludon|Protect|p2a: Archaludon
|-singleturn|p2a: Archaludon|Protect
|move|p1a: Excadrill|High Horsepower|p2a: Archaludon
|-activate|p2a: Archaludon|move: Protect
|move|p1b: BIG FELLA|Low Kick|p2a: Archaludon
|-activate|p2a: Archaludon|move: Protect
|
|-weather|Sandstorm|[upkeep]
|-damage|p2b: Venusaur|0 fnt|[from] Sandstorm
|faint|p2b: Venusaur
|-heal|p2a: Archaludon|75/100|[from] item: Leftovers
|upkeep
|
|t:|1784821198
|switch|p2b: Pelipper|Pelipper, L50, F|100/100
|-weather|RainDance|[from] ability: Drizzle|[of] p2b: Pelipper
|turn|7
|
|t:|1784821230
|detailschange|p1b: BIG FELLA|Tyranitar-Mega, L50, M, shiny
|-mega|p1b: BIG FELLA|Tyranitar|Tyranitarite
|-weather|Sandstorm|[from] ability: Sand Stream|[of] p1b: BIG FELLA
|move|p1a: Excadrill|High Horsepower|p2a: Archaludon
|-supereffective|p2a: Archaludon|1
|-damage|p2a: Archaludon|33/100
|-ability|p2a: Archaludon|Stamina|boost
|-boost|p2a: Archaludon|def|1
|move|p2a: Archaludon|Flash Cannon|p1b: BIG FELLA
|-supereffective|p1b: BIG FELLA|1
|-damage|p1b: BIG FELLA|40/100
|move|p1b: BIG FELLA|Low Kick|p2a: Archaludon
|-supereffective|p2a: Archaludon|1
|-damage|p2a: Archaludon|14/100
|-ability|p2a: Archaludon|Stamina|boost
|-boost|p2a: Archaludon|def|1
|move|p2b: Pelipper|Tailwind|p2b: Pelipper
|-sidestart|p2: bellytelevision|move: Tailwind
|
|-weather|Sandstorm|[upkeep]
|-damage|p2b: Pelipper|93/100|[from] Sandstorm
|-heal|p2a: Archaludon|20/100y|[from] item: Leftovers
|upkeep
|turn|8
|
|t:|1784821267
|move|p1b: BIG FELLA|Protect|p1b: BIG FELLA
|-singleturn|p1b: BIG FELLA|Protect
|move|p1a: Excadrill|High Horsepower|p2a: Archaludon
|-supereffective|p2a: Archaludon|1
|-damage|p2a: Archaludon|0 fnt
|faint|p2a: Archaludon
|move|p2b: Pelipper|Hurricane|p1a: Excadrill|[miss]
|-miss|p2b: Pelipper|p1a: Excadrill
|
|-weather|Sandstorm|[upkeep]
|-damage|p2b: Pelipper|87/100|[from] Sandstorm
|-sideend|p2: bellytelevision|Reflect
|upkeep
|turn|9
|c|☆bellytelevision|gg!
|-message|bellytelevision forfeited.
|
|win|zfan3o
|raw|zfan3o's rating: 1033 → 1075(+42 for winning)
|raw|bellytelevision's rating: 1100 → 1070(-30 for losing)
|l|☆bellytelevision
|player|p2|
|c|☆zfan3o|gg!
|j|☆bellytelevision
|player|p2|bellytelevision|dawn|
|l|☆zfan3o
|player|p1|
