|j|☆Nikemada
|j|☆geardox
|html|Nikemadageardox    
|uhtml|bestof|Game 2 of a best-of-3
|t:|1756346850
|gametype|doubles
|player|p1|Nikemada|ethan|1080
|player|p2|geardox|cyclist|1149
|gen|9
|tier|[Gen 9] VGC 2025 Reg H (Bo3)
|rated|
|rule|Species Clause: Limit one of each Pokémon
|rule|Item Clause: Limit 1 of each item
|clearpoke
|poke|p1|Dondozo, L50, M|
|poke|p1|Tatsugiri, L50, F|
|poke|p1|Dragonite, L50, F|
|poke|p1|Ursaluna-Bloodmoon, L50, M|
|poke|p1|Gholdengo, L50|
|poke|p1|Comfey, L50, M|
|poke|p2|Sneasler, L50, M|
|poke|p2|Garchomp, L50, M|
|poke|p2|Corviknight, L50, F|
|poke|p2|Amoonguss, L50, F|
|poke|p2|Incineroar, L50, F|
|poke|p2|Dragonite, L50, M|
|teampreview|4
|showteam|p1|Dondozo||Leftovers|Unaware|WaveCrash,OrderUp,Earthquake,Protect|||M|||50|,,,,,Grass]Tatsugiri||ChoiceSpecs|Commander|DracoMeteor,MuddyWater,IcyWind,DragonPulse|||F|||50|,,,,,Ghost]Dragonite||AssaultVest|Multiscale|TeraBlast,IceSpinner,LowKick,ThunderPunch|||F|||50|,,,,,Flying]Ursaluna-Bloodmoon||SafetyGoggles|MindsEye|BloodMoon,HyperVoice,EarthPower,Protect|||M|||50|,,,,,Ghost]Gholdengo||LifeOrb|GoodasGold|MakeItRain,ShadowBall,NastyPlot,Protect||||||50|,,,,,Dark]Comfey||FocusSash|Triage|DrainingKiss,FloralHealing,TrickRoom,Protect|||M|||50|,,,,,Steel
|showteam|p2|Sneasler||FocusSash|Unburden|DireClaw,CloseCombat,FakeOut,Coaching|||M|||50|,,,,,Ghost]Garchomp||LifeOrb|RoughSkin|Protect,Earthquake,DragonClaw,StompingTantrum|||M|||50|,,,,,Ground]Corviknight||SitrusBerry|MirrorArmor|BraveBird,Tailwind,Roost,Taunt|||F|||50|,,,,,Fire]Amoonguss||RockyHelmet|Regenerator|ClearSmog,RagePowder,Spore,PollenPuff|||F|||50|,,,,,Water]Incineroar||AssaultVest|Intimidate|KnockOff,FlareBlitz,FakeOut,Uturn|||F|||50|,,,,,Ghost]Dragonite||LoadedDice|Multiscale|ScaleShot,Tailwind,Haze,ExtremeSpeed|||M|||50|,,,,,Fairy
|inactive|Battle timer is ON: inactive players will automatically lose when time's up. (requested by geardox)
|inactive|Nikemada has 60 seconds left.
|inactive|geardox has 60 seconds left.
|
|t:|1756346903
|teamsize|p1|4
|teamsize|p2|4
|start
|switch|p1a: Gholdengo|Gholdengo, L50|100/100
|switch|p1b: Comfey|Comfey, L50, M|100/100
|switch|p2a: Moonster|Amoonguss, L50, F, shiny|100/100
|switch|p2b: Incineroar|Incineroar, L50, F|100/100
|-ability|p2b: Incineroar|Intimidate|boost
|-unboost|p1a: Gholdengo|atk|1
|-unboost|p1b: Comfey|atk|1
|turn|1
|inactive|Nikemada has 30 seconds left.
|inactive|geardox has 30 seconds left.
|
|t:|1756346936
|-terastallize|p1a: Gholdengo|Dark
|move|p1b: Comfey|Protect|p1b: Comfey
|-singleturn|p1b: Comfey|Protect
|move|p1a: Gholdengo|Nasty Plot|p1a: Gholdengo
|-boost|p1a: Gholdengo|spa|2
|move|p2b: Incineroar|Knock Off|p1a: Gholdengo
|-resisted|p1a: Gholdengo
|-damage|p1a: Gholdengo|80/100
|-enditem|p1a: Gholdengo|Life Orb|[from] move: Knock Off|[of] p2b: Incineroar
|move|p2a: Moonster|Spore|p1b: Comfey
|-activate|p1b: Comfey|move: Protect
|
|upkeep
|turn|2
|inactive|Nikemada has 30 seconds left.
|inactive|geardox has 30 seconds left.
|inactive|geardox has 20 seconds left.
|inactive|geardox has 15 seconds left.
|
|t:|1756346976
|switch|p1b: Dragonite|Dragonite, L50, F|100/100
|-terastallize|p2a: Moonster|Water
|move|p1a: Gholdengo|Make It Rain|p2b: Incineroar|[spread] p2a,p2b
|-resisted|p2a: Moonster
|-resisted|p2b: Incineroar
|-damage|p2a: Moonster|55/100
|-damage|p2b: Incineroar|69/100
|-unboost|p1a: Gholdengo|spa|1
|move|p2b: Incineroar|Flare Blitz|p1b: Dragonite
|-resisted|p1b: Dragonite
|-damage|p1b: Dragonite|88/100
|-damage|p2b: Incineroar|65/100|[from] Recoil
|move|p2a: Moonster|Clear Smog|p1a: Gholdengo
|-damage|p1a: Gholdengo|64/100
|-clearboost|p1a: Gholdengo
|
|upkeep
|turn|3
|
|t:|1756347000
|move|p2a: Moonster|Rage Powder|p2a: Moonster
|-singleturn|p2a: Moonster|move: Rage Powder
|move|p1a: Gholdengo|Shadow Ball|p2a: Moonster
|-damage|p2a: Moonster|16/100
|move|p2b: Incineroar|U-turn|p1a: Gholdengo
|-supereffective|p1a: Gholdengo
|-crit|p1a: Gholdengo
|-damage|p1a: Gholdengo|4/100
|
|t:|1756347008
|switch|p2b: Dragonite|Dragonite, L50, M|100/100|[from] U-turn
|move|p1b: Dragonite|Low Kick|p2a: Moonster
|-damage|p2a: Moonster|5/100
|-damage|p1b: Dragonite|72/100|[from] item: Rocky Helmet|[of] p2a: Moonster
|
|upkeep
|turn|4
|
|t:|1756347027
|move|p1a: Gholdengo|Protect|p1a: Gholdengo
|-singleturn|p1a: Gholdengo|Protect
|move|p2b: Dragonite|Extreme Speed|p1a: Gholdengo
|-activate|p1a: Gholdengo|move: Protect
|move|p2a: Moonster|Rage Powder|p2a: Moonster
|-singleturn|p2a: Moonster|move: Rage Powder
|move|p1b: Dragonite|Ice Spinner|p2a: Moonster
|-resisted|p2a: Moonster
|-damage|p2a: Moonster|0 fnt
|-damage|p1b: Dragonite|55/100|[from] item: Rocky Helmet|[of] p2a: Moonster
|faint|p2a: Moonster
|
|upkeep
|
|t:|1756347039
|switch|p2a: Stinky Pete|Garchomp, L50, M|100/100
|turn|5
|
|t:|1756347052
|switch|p1b: Comfey|Comfey, L50, M|100/100
|move|p2b: Dragonite|Extreme Speed|p1a: Gholdengo
|-damage|p1a: Gholdengo|0 fnt
|faint|p1a: Gholdengo
|move|p2a: Stinky Pete|Dragon Claw|p1b: Comfey
|-immune|p1b: Comfey
|
|upkeep
|
|t:|1756347060
|switch|p1a: Dragonite|Dragonite, L50, F|55/100
|turn|6
|
|t:|1756347069
|move|p1b: Comfey|Floral Healing|p1a: Dragonite
|-heal|p1a: Dragonite|100/100
|move|p2a: Stinky Pete|Stomping Tantrum|p1b: Comfey
|-enditem|p1b: Comfey|Focus Sash
|-damage|p1b: Comfey|1/100
|-damage|p2a: Stinky Pete|91/100|[from] item: Life Orb
|move|p2b: Dragonite|Scale Shot|p1a: Dragonite|[miss]
|-miss|p2b: Dragonite|p1a: Dragonite
|move|p1a: Dragonite|Ice Spinner|p2a: Stinky Pete
|-supereffective|p2a: Stinky Pete
|-damage|p2a: Stinky Pete|0 fnt
|-damage|p1a: Dragonite|88/100|[from] ability: Rough Skin|[of] p2a: Stinky Pete
|faint|p2a: Stinky Pete
|
|upkeep
|
|t:|1756347083
|switch|p2a: Incineroar|Incineroar, L50, F|65/100
|-ability|p2a: Incineroar|Intimidate|boost
|-unboost|p1a: Dragonite|atk|1
|-unboost|p1b: Comfey|atk|1
|turn|7
|
|t:|1756347097
|move|p1b: Comfey|Floral Healing|p1a: Dragonite
|-heal|p1a: Dragonite|100/100
|move|p2a: Incineroar|Fake Out|p1a: Dragonite
|-damage|p1a: Dragonite|95/100
|move|p2b: Dragonite|Tailwind|p2b: Dragonite
|-sidestart|p2: geardox|move: Tailwind
|cant|p1a: Dragonite|flinch
|
|upkeep
|turn|8
|
|t:|1756347116
|move|p1b: Comfey|Floral Healing|p1a: Dragonite
|-heal|p1a: Dragonite|100/100
|move|p2b: Dragonite|Extreme Speed|p1b: Comfey
|-damage|p1b: Comfey|0 fnt
|faint|p1b: Comfey
|move|p2a: Incineroar|Knock Off|p1a: Dragonite
|-damage|p1a: Dragonite|81/100
|-enditem|p1a: Dragonite|Assault Vest|[from] move: Knock Off|[of] p2a: Incineroar
|move|p1a: Dragonite|Ice Spinner|p2b: Dragonite
|-supereffective|p2b: Dragonite
|-damage|p2b: Dragonite|53/100
|
|upkeep
|
|t:|1756347128
|switch|p1b: Tatsugiri|Tatsugiri, L50, F|100/100
|turn|9
|inactive|geardox has 30 seconds left.
|
|t:|1756347155
|move|p2b: Dragonite|Scale Shot|p1a: Dragonite
|-supereffective|p1a: Dragonite
|-damage|p1a: Dragonite|54/100
|-supereffective|p1a: Dragonite
|-damage|p1a: Dragonite|26/100
|-supereffective|p1a: Dragonite
|-damage|p1a: Dragonite|0 fnt
|faint|p1a: Dragonite
|-hitcount|p1: Dragonite|3
|-unboost|p2b: Dragonite|def|1
|-boost|p2b: Dragonite|spe|1
|move|p2a: Incineroar|Knock Off|p1b: Tatsugiri
|-damage|p1b: Tatsugiri|47/100
|-enditem|p1b: Tatsugiri|Choice Specs|[from] move: Knock Off|[of] p2a: Incineroar
|move|p1b: Tatsugiri|Dragon Pulse|p2a: Incineroar
|-damage|p2a: Incineroar|40/100
|
|upkeep
|turn|10
|
|t:|1756347176
|move|p2b: Dragonite|Scale Shot|p1b: Tatsugiri
|-supereffective|p1b: Tatsugiri
|-damage|p1b: Tatsugiri|6/100
|-supereffective|p1b: Tatsugiri
|-damage|p1b: Tatsugiri|0 fnt
|faint|p1b: Tatsugiri
|-hitcount|p1: Tatsugiri|2
|
|win|geardox
|raw|Nikemada's rating: 1080 → 1062(-18 for losing)
|raw|geardox's rating: 1149 → 1169(+20 for winning)
|c|☆geardox|ggs
