|j|☆Aeon_Twins
|j|☆dandetheheartless
|html|Aeon_Twinsdandetheheartless    
|uhtml|bestof|Game 1 of a best-of-3
|t:|1782514985
|gametype|doubles
|player|p1|Aeon_Twins|n|1320
|player|p2|dandetheheartless|winona|1260
|gen|9
|tier|[Gen 9 Champions] VGC 2026 Reg M-B (Bo3)
|rated|
|rule|Species Clause: Limit one of each Pokémon
|rule|Item Clause: Limit 1 of each item
|clearpoke
|poke|p1|Torkoal, L50, F|
|poke|p1|Farigiraf, L50, F|
|poke|p1|Pyroar, L50, M|
|poke|p1|Venusaur, L50, M|
|poke|p1|Sylveon, L50, M|
|poke|p1|Scrafty, L50, M|
|poke|p2|Kingambit, L50, M|
|poke|p2|Delphox, L50, F|
|poke|p2|Sneasler, L50, M|
|poke|p2|Garchomp, L50, M|
|poke|p2|Clefable, L50, F|
|poke|p2|Basculegion, L50, M|
|teampreview|4
|showteam|p1|Torkoal||Charcoal|Drought|Eruption,HeatWave,HelpingHand,Protect|Quiet||F|||50|]Farigiraf||ColburBerry|ArmorTail|Psychic,Thunderbolt,TrickRoom,HelpingHand|Sassy||F|||50|]Pyroar||Pyroarite|Rivalry|Overheat,HyperVoice,HeatWave,Protect|Timid||M|||50|]Venusaur||LifeOrb|Chlorophyll|GigaDrain,EarthPower,SleepPowder,Protect|Timid||M|||50|]Sylveon||FairyFeather|Pixilate|HyperBeam,HyperVoice,WeatherBall,Protect|Modest||M|||50|]Scrafty||Scraftinite|Intimidate|FakeOut,CloseCombat,KnockOff,Protect|Brave||M|||50|
|showteam|p2|Kingambit||FocusSash|Defiant|IronHead,LowKick,SuckerPunch,Protect|Adamant||M|||50|]Delphox||Delphoxite|Blaze|HeatWave,Psyshock,NastyPlot,Protect|Modest||F|||50|]Sneasler||WhiteHerb|Unburden|GunkShot,FakeOut,CloseCombat,Protect|Adamant||M|||50|]Garchomp||LifeOrb|RoughSkin|Earthquake,RockSlide,DragonClaw,Protect|Jolly||M|||50|]Clefable||SitrusBerry|Unaware|Moonblast,FollowMe,HelpingHand,Protect|Bold||F|||50|]Basculegion||ChoiceScarf|Adaptability|AquaJet,FlipTurn,LastRespects,WaveCrash|Jolly||M|||50|
|inactive|Battle timer is ON: inactive players will automatically lose when time's up. (requested by dandetheheartless)
|inactive|Aeon_Twins has 60 seconds left.
|inactive|dandetheheartless has 60 seconds left.
|inactive|Aeon_Twins has 30 seconds left.
|inactive|Aeon_Twins has 20 seconds left.
|inactive|Aeon_Twins has 15 seconds left.
|inactive|Aeon_Twins has 10 seconds left.
|
|t:|1782515069
|teamsize|p1|4
|teamsize|p2|4
|start
|switch|p1a: Farigiraf|Farigiraf, L50, F|100/100
|switch|p1b: Scrafty|Scrafty, L50, M|100/100
|switch|p2a: Delphox|Delphox, L50, F|100/100
|switch|p2b: Garchomp|Garchomp, L50, M|100/100
|-ability|p1b: Scrafty|Intimidate|boost
|-unboost|p2a: Delphox|atk|1
|-unboost|p2b: Garchomp|atk|1
|turn|1
|
|t:|1782515082
|switch|p2b: Clefable|Clefable, L50, F|100/100
|detailschange|p2a: Delphox|Delphox-Mega, L50, F
|-mega|p2a: Delphox|Delphox|Delphoxite
|detailschange|p1b: Scrafty|Scrafty-Mega, L50, M
|-mega|p1b: Scrafty|Scrafty|Scraftinite
|-ability|p1b: Scrafty|Intimidate|boost
|-unboost|p2a: Delphox|atk|1
|-unboost|p2b: Clefable|atk|1
|move|p2a: Delphox|Heat Wave|p1a: Farigiraf|[spread] p1a,p1b
|-damage|p1a: Farigiraf|69/100
|-damage|p1b: Scrafty|69/100
|move|p1b: Scrafty|Knock Off|p2a: Delphox
|-supereffective|p2a: Delphox|1
|-damage|p2a: Delphox|23/100
|move|p1a: Farigiraf|Trick Room|p1a: Farigiraf
|-fieldstart|move: Trick Room|[of] p1a: Farigiraf
|
|upkeep
|turn|2
|
|t:|1782515103
|switch|p1b: Torkoal|Torkoal, L50, F|100/100
|-weather|SunnyDay|[from] ability: Drought|[of] p1b: Torkoal
|move|p2b: Clefable|Follow Me|p2b: Clefable
|-singleturn|p2b: Clefable|move: Follow Me
|move|p1a: Farigiraf|Thunderbolt|p2b: Clefable
|-damage|p2b: Clefable|78/100
|-status|p2b: Clefable|par
|move|p2a: Delphox|Nasty Plot|p2a: Delphox
|-boost|p2a: Delphox|spa|2
|
|-weather|SunnyDay|[upkeep]
|upkeep
|turn|3
|
|t:|1782515125
|move|p2a: Delphox|Protect|p2a: Delphox
|-singleturn|p2a: Delphox|Protect
|move|p1b: Torkoal|Eruption|p2b: Clefable|[spread] p2b
|-activate|p2a: Delphox|move: Protect
|-damage|p2b: Clefable|0 fnt
|faint|p2b: Clefable
|move|p1a: Farigiraf|Psychic|p2a: Delphox
|-activate|p2a: Delphox|move: Protect
|
|-weather|SunnyDay|[upkeep]
|upkeep
|
|t:|1782515132
|switch|p2b: Garchomp|Garchomp, L50, M|100/100
|turn|4
|
|t:|1782515137
|move|p2a: Delphox|Protect|p2a: Delphox
|-singleturn|p2a: Delphox|Protect
|move|p1b: Torkoal|Eruption|p2a: Delphox|[spread] p2b
|-activate|p2a: Delphox|move: Protect
|-resisted|p2b: Garchomp|1
|-damage|p2b: Garchomp|54/100
|move|p1a: Farigiraf|Psychic|p2b: Garchomp
|-damage|p2b: Garchomp|18/100
|move|p2b: Garchomp|Earthquake|p1a: Farigiraf|[spread] p1a,p1b
|-activate|p2a: Delphox|move: Protect
|-supereffective|p1b: Torkoal|1
|-damage|p1a: Farigiraf|20/100y
|-damage|p1b: Torkoal|23/100
|-damage|p2b: Garchomp|8/100|[from] item: Life Orb
|
|-weather|SunnyDay|[upkeep]
|upkeep
|turn|5
|
|t:|1782515155
|move|p2b: Garchomp|Protect|p2b: Garchomp
|-singleturn|p2b: Garchomp|Protect
|move|p2a: Delphox|Protect||[still]
|-fail|p2a: Delphox
|move|p1b: Torkoal|Heat Wave|p2a: Delphox|[spread] p2a
|-activate|p2b: Garchomp|move: Protect
|-resisted|p2a: Delphox|1
|-damage|p2a: Delphox|2/100
|move|p1a: Farigiraf|Thunderbolt|p2a: Delphox
|-damage|p2a: Delphox|0 fnt
|faint|p2a: Delphox
|
|-weather|SunnyDay|[upkeep]
|-fieldend|move: Trick Room
|upkeep
|
|t:|1782515157
|switch|p2a: Sneasler|Sneasler, L50, M|100/100
|turn|6
|inactive|Aeon_Twins has 30 seconds left.
|inactive|Aeon_Twins has 20 seconds left.
|
|t:|1782515193
|switch|p1a: Scrafty|Scrafty-Mega, L50, M|69/100
|-ability|p1a: Scrafty|Intimidate|boost
|-unboost|p2a: Sneasler|atk|1
|-unboost|p2b: Garchomp|atk|1
|-enditem|p2a: Sneasler|White Herb
|-clearnegativeboost|p2a: Sneasler|[silent]
|move|p1b: Torkoal|Protect|p1b: Torkoal
|-singleturn|p1b: Torkoal|Protect
|move|p2a: Sneasler|Gunk Shot|p1a: Scrafty|[miss]
|-miss|p2a: Sneasler|p1a: Scrafty
|move|p2b: Garchomp|Dragon Claw|p1b: Torkoal
|-activate|p1b: Torkoal|move: Protect
|
|-weather|none
|upkeep
|turn|7
|
|t:|1782515203
|switch|p1a: Farigiraf|Farigiraf, L50, F|20/100y
|move|p2a: Sneasler|Protect|p2a: Sneasler
|-singleturn|p2a: Sneasler|Protect
|move|p2b: Garchomp|Protect|p2b: Garchomp
|-singleturn|p2b: Garchomp|Protect
|move|p1b: Torkoal|Heat Wave|p2b: Garchomp|[spread] 
|-activate|p2a: Sneasler|move: Protect
|-activate|p2b: Garchomp|move: Protect
|
|upkeep
|turn|8
|
|t:|1782515218
|switch|p1b: Scrafty|Scrafty-Mega, L50, M|69/100
|-ability|p1b: Scrafty|Intimidate|boost
|-unboost|p2a: Sneasler|atk|1
|-unboost|p2b: Garchomp|atk|1
|move|p2a: Sneasler|Gunk Shot|p1a: Farigiraf
|-damage|p1a: Farigiraf|0 fnt
|faint|p1a: Farigiraf
|move|p2b: Garchomp|Rock Slide|p1b: Scrafty
|-resisted|p1b: Scrafty|1
|-damage|p1b: Scrafty|62/100
|-damage|p2b: Garchomp|0 fnt|[from] item: Life Orb
|faint|p2b: Garchomp
|
|upkeep
|-message|dandetheheartless forfeited.
|
|win|Aeon_Twins
|l|☆dandetheheartless
|player|p2|
||dandetheheartless is ready for game 2.
||Aeon_Twins is ready for game 2.
|uhtml|next|Next: Game 2 of 3
