|j|☆Truevillany123
|j|☆sigueinventando
|html|Truevillany123sigueinventando    
|uhtml|bestof|Game 1 of a best-of-3
|t:|1757705168
|gametype|doubles
|player|p1|Truevillany123|1|1154
|player|p2|sigueinventando|benga|1245
|gen|9
|tier|[Gen 9] VGC 2025 Reg H (Bo3)
|rated|
|rule|Species Clause: Limit one of each Pokémon
|rule|Item Clause: Limit 1 of each item
|clearpoke
|poke|p1|Dragonite, L50, M|
|poke|p1|Ursaluna-Bloodmoon, L50, M|
|poke|p1|Gholdengo, L50|
|poke|p1|Annihilape, L50, F|
|poke|p1|Ninetales-Alola, L50, F|
|poke|p1|Rillaboom, L50, M|
|poke|p2|Jumpluff, L50, M|
|poke|p2|Torkoal, L50, F|
|poke|p2|Garchomp, L50, M|
|poke|p2|Kingambit, L50, M|
|poke|p2|Typhlosion-Hisui, L50, F|
|poke|p2|Dragonite, L50, M|
|teampreview|4
|showteam|p1|Dragonite||LoadedDice|Multiscale|ScaleShot,Protect,Haze,Tailwind|||M|||50|,,,,,Fairy]Ursaluna-Bloodmoon||LifeOrb|MindsEye|BloodMoon,HyperVoice,EarthPower,Protect|||M|||50|,,,,,Normal]Gholdengo||ChoiceSpecs|GoodasGold|MakeItRain,ShadowBall,PowerGem,Trick||||||50|,,,,,Steel]Annihilape||SitrusBerry|Defiant|DrainPunch,RageFist,Protect,BulkUp|||F|||50|,,,,,Fire]Ninetales-Alola||FocusSash|SnowWarning|FreezeDry,AuroraVeil,Encore,IcicleSpear|||F|||50|,,,,,Ghost]Rillaboom||AssaultVest|GrassySurge|FakeOut,WoodHammer,HighHorsepower,Uturn|||M|||50|,,,,,Fire
|showteam|p2|Jumpluff||CovertCloak|Chlorophyll|Tailwind,LeafStorm,Encore,SleepPowder|||M|||50|,,,,,Dark]Torkoal||EjectPack|Drought|BurningJealousy,Overheat,HelpingHand,Protect|||F|||50|,,,,,Fire]Garchomp||LifeOrb|RoughSkin|DragonClaw,StompingTantrum,Earthquake,Protect|||M|||50|,,,,,Fire]Kingambit||AssaultVest|Defiant|SuckerPunch,KowtowCleave,LowKick,IronHead|||M|||50|,,,,,Flying]Typhlosion-Hisui||ChoiceSpecs|Blaze|Eruption,HeatWave,Overheat,ShadowBall|||F|||50|,,,,,Fire]Dragonite||LoadedDice|Multiscale|ScaleShot,ExtremeSpeed,IceSpinner,Protect|||M|||50|,,,,,Fairy
|
|t:|1757705196
|teamsize|p1|4
|teamsize|p2|4
|start
|switch|p1a: Rillaboom|Rillaboom, L50, M|100/100
|switch|p1b: Gholdengo|Gholdengo, L50|100/100
|switch|p2a: Jumpluff|Jumpluff, L50, M|100/100
|switch|p2b: Torkoal|Torkoal, L50, F|100/100
|-fieldstart|move: Grassy Terrain|[from] ability: Grassy Surge|[of] p1a: Rillaboom
|-weather|SunnyDay|[from] ability: Drought|[of] p2b: Torkoal
|turn|1
|
|t:|1757705240
|switch|p2b: Garchomp|Garchomp, L50, M|100/100
|move|p1a: Rillaboom|Fake Out|p2b: Garchomp
|-damage|p2b: Garchomp|85/100
|-damage|p1a: Rillaboom|88/100|[from] ability: Rough Skin|[of] p2b: Garchomp
|move|p2a: Jumpluff|Tailwind|p2a: Jumpluff
|-sidestart|p2: sigueinventando|move: Tailwind
|move|p1b: Gholdengo|Trick|p2a: Jumpluff
|-activate|p1b: Gholdengo|move: Trick|[of] p2a: Jumpluff
|-item|p2a: Jumpluff|Choice Specs|[from] move: Trick
|-item|p1b: Gholdengo|Covert Cloak|[from] move: Trick
|
|-weather|SunnyDay|[upkeep]
|-heal|p2b: Garchomp|91/100|[from] Grassy Terrain
|-heal|p1a: Rillaboom|94/100|[from] Grassy Terrain
|upkeep
|turn|2
|
|t:|1757705267
|switch|p2a: Typhlosion|Typhlosion-Hisui, L50, F|100/100
|switch|p1b: Dragonite|Dragonite, L50, M, shiny|100/100
|move|p2b: Garchomp|Stomping Tantrum|p1b: Dragonite
|-immune|p1b: Dragonite
|move|p1a: Rillaboom|Wood Hammer|p2b: Garchomp
|-damage|p2b: Garchomp|9/100
|-damage|p1a: Rillaboom|82/100|[from] ability: Rough Skin|[of] p2b: Garchomp
|-damage|p1a: Rillaboom|56/100|[from] Recoil
|
|-weather|SunnyDay|[upkeep]
|-heal|p2b: Garchomp|15/100|[from] Grassy Terrain
|-heal|p1a: Rillaboom|62/100|[from] Grassy Terrain
|upkeep
|turn|3
|
|t:|1757705314
|switch|p2b: Jumpluff|Jumpluff, L50, M|100/100
|-terastallize|p2a: Typhlosion|Fire
|-terastallize|p1a: Rillaboom|Fire
|move|p2a: Typhlosion|Eruption|p1b: Dragonite|[spread] p1a,p1b
|-resisted|p1a: Rillaboom
|-resisted|p1b: Dragonite
|-damage|p1a: Rillaboom|0 fnt
|-damage|p1b: Dragonite|59/100
|faint|p1a: Rillaboom
|move|p1b: Dragonite|Tailwind|p1b: Dragonite
|-sidestart|p1: Truevillany123|move: Tailwind
|
|-weather|SunnyDay|[upkeep]
|upkeep
|
|t:|1757705326
|switch|p1a: Ninetales|Ninetales-Alola, L50, F|100/100
|-weather|Snowscape|[from] ability: Snow Warning|[of] p1a: Ninetales
|turn|4
|
|t:|1757705359
|switch|p2a: Torkoal|Torkoal, L50, F|100/100
|-weather|SunnyDay|[from] ability: Drought|[of] p2a: Torkoal
|move|p1b: Dragonite|Protect|p1b: Dragonite
|-singleturn|p1b: Dragonite|Protect
|move|p2b: Jumpluff|Encore|p1b: Dragonite
|-activate|p1b: Dragonite|move: Protect
|move|p1a: Ninetales|Aurora Veil||[still]
|-fail|p1a: Ninetales
|
|-weather|SunnyDay|[upkeep]
|-sideend|p2: sigueinventando|move: Tailwind
|upkeep
|turn|5
|
|t:|1757705391
|move|p2b: Jumpluff|Encore|p1b: Dragonite
|-start|p1b: Dragonite|Encore
|move|p1a: Ninetales|Freeze-Dry|p2a: Torkoal
|-resisted|p2a: Torkoal
|-damage|p2a: Torkoal|82/100
|move|p1b: Dragonite|Protect||[still]
|-fail|p1b: Dragonite
|move|p2a: Torkoal|Overheat|p1a: Ninetales
|-supereffective|p1a: Ninetales
|-enditem|p1a: Ninetales|Focus Sash
|-damage|p1a: Ninetales|1/100
|-unboost|p2a: Torkoal|spa|2
|-enditem|p2a: Torkoal|Eject Pack
|
|t:|1757705404
|switch|p2a: Typhlosion|Typhlosion-Hisui, L50, F, tera:Fire|100/100
|
|-weather|SunnyDay|[upkeep]
|-heal|p1a: Ninetales|7/100|[from] Grassy Terrain
|-fieldend|move: Grassy Terrain
|upkeep
|turn|6
|
|t:|1757705418
|switch|p2b: Garchomp|Garchomp, L50, M|15/100
|move|p1b: Dragonite|Protect|p1b: Dragonite
|-singleturn|p1b: Dragonite|Protect
|move|p1a: Ninetales|Freeze-Dry|p2b: Garchomp
|-supereffective|p2b: Garchomp
|-damage|p2b: Garchomp|0 fnt
|faint|p2b: Garchomp
|move|p2a: Typhlosion|Heat Wave|p1b: Dragonite|[spread] p1a
|-activate|p1b: Dragonite|move: Protect
|-supereffective|p1a: Ninetales
|-damage|p1a: Ninetales|0 fnt
|faint|p1a: Ninetales
|
|-weather|SunnyDay|[upkeep]
|-sideend|p1: Truevillany123|move: Tailwind
|upkeep
|
|t:|1757705428
|switch|p1a: Gholdengo|Gholdengo, L50|100/100
|switch|p2b: Jumpluff|Jumpluff, L50, M|100/100
|turn|7
|c|☆Truevillany123|gg
|
|t:|1757705436
|move|p1b: Dragonite|Protect|p1b: Dragonite
|-singleturn|p1b: Dragonite|Protect
|move|p2b: Jumpluff|Tailwind|p2b: Jumpluff
|-sidestart|p2: sigueinventando|move: Tailwind
|move|p2a: Typhlosion|Heat Wave|p1a: Gholdengo|[spread] p1a
|-activate|p1b: Dragonite|move: Protect
|-supereffective|p1a: Gholdengo
|-damage|p1a: Gholdengo|0 fnt
|faint|p1a: Gholdengo
|
|-weather|SunnyDay|[upkeep]
|-end|p1b: Dragonite|Encore
|upkeep
|turn|8
|c|☆Truevillany123|fuck man
|
|t:|1757705447
|switch|p2b: Torkoal|Torkoal, L50, F|82/100
|move|p2a: Typhlosion|Heat Wave|p1b: Dragonite
|-resisted|p1b: Dragonite
|-damage|p1b: Dragonite|0 fnt
|faint|p1b: Dragonite
|
|win|sigueinventando
||sigueinventando is ready for game 2.
|inactive|Truevillany123 has 30 seconds to confirm battle start!
