|j|☆xMiQux
|j|☆bandicoot25
|html|xMiQuxbandicoot25    
|uhtml|bestof|Game 1 of a best-of-3
|t:|1782656289
|gametype|doubles
|player|p1|xMiQux|red|1000
|player|p2|bandicoot25|blaine|1107
|gen|9
|tier|[Gen 9 Champions] VGC 2026 Reg M-B (Bo3)
|rated|
|rule|Species Clause: Limit one of each Pokémon
|rule|Item Clause: Limit 1 of each item
|clearpoke
|poke|p1|Staraptor, L50, F, shiny|
|poke|p1|Whimsicott, L50, M|
|poke|p1|Basculegion, L50, M|
|poke|p1|Garchomp, L50, M|
|poke|p1|Raichu, L50, F, shiny|
|poke|p1|Espathra, L50, M|
|poke|p2|Pyroar, L50, F|
|poke|p2|Ninetales, L50, F|
|poke|p2|Corviknight, L50, F|
|poke|p2|Garchomp, L50, M|
|poke|p2|Sylveon, L50, M|
|poke|p2|Farigiraf, L50, M|
|teampreview|4
|showteam|p1|Staraptor||Staraptite|Intimidate|CloseCombat,Protect,SteelWing,AerialAce|Jolly||F|||50|]Whimsicott||FocusSash|Prankster|Charm,Tailwind,Protect,Moonblast|Timid||M|||50|]Basculegion||ChoiceScarf|Adaptability|WaveCrash,AquaJet,FlipTurn,LastRespects|Adamant||M|||50|]Garchomp||LifeOrb|RoughSkin|DragonClaw,Crunch,RockSlide,Earthquake|Adamant||M|||50|]Raichu||Leftovers|LightningRod|VoltSwitch,FakeOut,IronTail,Nuzzle|Jolly||F|||50|]Espathra||LightClay|Frisk|Reflect,Hypnosis,LightScreen,SkillSwap|Timid||M|||50|
|showteam|p2|Pyroar||Pyroarite|Unnerve|HeatWave,Overheat,SolarBeam,Protect|Timid||F|||50|]Ninetales||ChoiceScarf|Drought|Overheat,HeatWave,Psyshock,FakeTears|Modest||F|||50|]Corviknight||OccaBerry|MirrorArmor|Tailwind,BraveBird,Roost,Protect|Adamant||F|||50|]Garchomp||LifeOrb|RoughSkin|Earthquake,DragonClaw,RockSlide,Protect|Jolly||M|||50|]Sylveon||FairyFeather|Pixilate|HyperVoice,HyperBeam,QuickAttack,Detect|Modest||M|||50|]Farigiraf||SitrusBerry|ArmorTail|HyperVoice,Psychic,TrickRoom,HelpingHand|Modest||M|||50|
|
|t:|1782656326
|teamsize|p1|4
|teamsize|p2|4
|start
|switch|p1a: Raichu|Raichu, L50, F, shiny|100/100
|switch|p1b: Staraptor|Staraptor, L50, F, shiny|100/100
|switch|p2a: Sylveon|Sylveon, L50, M|100/100
|switch|p2b: Corviknight|Corviknight, L50, F|100/100
|-ability|p1b: Staraptor|Intimidate|boost
|-unboost|p2a: Sylveon|atk|1
|-ability|p2b: Corviknight|Mirror Armor
|-unboost|p1b: Staraptor|atk|1
|turn|1
|inactive|Battle timer is ON: inactive players will automatically lose when time's up. (requested by bandicoot25)
|
|t:|1782656342
|switch|p2b: Farigiraf|Farigiraf, L50, M|100/100
|detailschange|p1b: Staraptor|Staraptor-Mega, L50, F, shiny
|-mega|p1b: Staraptor|Staraptor|Staraptite
|move|p1a: Raichu|Fake Out||[still]
|cant|p2b: Farigiraf|ability: Armor Tail|Fake Out|[of] p1a: Raichu
|move|p1b: Staraptor|Steel Wing|p2a: Sylveon
|-supereffective|p2a: Sylveon|1
|-damage|p2a: Sylveon|59/100
|move|p2a: Sylveon|Hyper Voice|p1b: Staraptor|[spread] p1a,p1b
|-supereffective|p1b: Staraptor|1
|-damage|p1a: Raichu|31/100
|-damage|p1b: Staraptor|0 fnt
|faint|p1b: Staraptor
|
|-heal|p1a: Raichu|37/100|[from] item: Leftovers
|upkeep
|
|t:|1782656356
|switch|p1b: Basculegion|Basculegion, L50, M|100/100
|turn|2
|
|t:|1782656367
|move|p1b: Basculegion|Last Respects|p2a: Sylveon
|-damage|p2a: Sylveon|0 fnt
|faint|p2a: Sylveon
|move|p1a: Raichu|Volt Switch|p2b: Farigiraf
|-damage|p2b: Farigiraf|80/100
|
|t:|1782656374
|switch|p1a: Garchomp|Garchomp, L50, M|100/100|[from] Volt Switch
|move|p2b: Farigiraf|Trick Room|p2b: Farigiraf
|-fieldstart|move: Trick Room|[of] p2b: Farigiraf
|
|upkeep
|
|t:|1782656381
|switch|p2a: Corviknight|Corviknight, L50, F|100/100
|turn|3
|
|t:|1782656396
|move|p2b: Farigiraf|Psychic|p1b: Basculegion
|-damage|p1b: Basculegion|56/100
|move|p2a: Corviknight|Brave Bird|p1b: Basculegion
|-damage|p1b: Basculegion|4/100
|-damage|p2a: Corviknight|83/100|[from] Recoil
|move|p1a: Garchomp|Crunch|p2b: Farigiraf
|-supereffective|p2b: Farigiraf|1
|-crit|p2b: Farigiraf
|-damage|p2b: Farigiraf|0 fnt
|faint|p2b: Farigiraf
|-damage|p1a: Garchomp|90/100|[from] item: Life Orb
|move|p1b: Basculegion|Last Respects|p2a: Corviknight
|-damage|p2a: Corviknight|28/100
|
|upkeep
|
|t:|1782656410
|switch|p2b: Pyroar|Pyroar, L50, F|100/100
|-ability|p2b: Pyroar|Unnerve
|turn|4
|
|t:|1782656430
|detailschange|p2b: Pyroar|Pyroar-Mega, L50, F
|-mega|p2b: Pyroar|Pyroar|Pyroarite
|move|p2a: Corviknight|Protect|p2a: Corviknight
|-singleturn|p2a: Corviknight|Protect
|move|p2b: Pyroar|Protect|p2b: Pyroar
|-singleturn|p2b: Pyroar|Protect
|move|p1a: Garchomp|Rock Slide|p2b: Pyroar|[spread] 
|-activate|p2a: Corviknight|move: Protect
|-activate|p2b: Pyroar|move: Protect
|move|p1b: Basculegion|Last Respects|p2b: Pyroar
|-activate|p2b: Pyroar|move: Protect
|
|upkeep
|turn|5
|inactive|bandicoot25 has 30 seconds left.
|
|t:|1782656462
|move|p2a: Corviknight|Brave Bird|p1b: Basculegion
|-damage|p1b: Basculegion|0 fnt
|faint|p1b: Basculegion
|-damage|p2a: Corviknight|27/100|[from] Recoil
|move|p1a: Garchomp|Rock Slide|p2b: Pyroar|[spread] p2a,p2b
|-supereffective|p2b: Pyroar|1
|-damage|p2a: Corviknight|6/100
|-damage|p2b: Pyroar|35/100
|-damage|p1a: Garchomp|80/100|[from] item: Life Orb
|move|p2b: Pyroar|Heat Wave|p1a: Garchomp
|-resisted|p1a: Garchomp|1
|-damage|p1a: Garchomp|43/100
|
|upkeep
|
|t:|1782656474
|switch|p1b: Raichu|Raichu, L50, F, shiny|37/100
|turn|6
|
|t:|1782656484
|move|p2a: Corviknight|Protect|p2a: Corviknight
|-singleturn|p2a: Corviknight|Protect
|move|p2b: Pyroar|Protect|p2b: Pyroar
|-singleturn|p2b: Pyroar|Protect
|move|p1b: Raichu|Fake Out|p2b: Pyroar
|-activate|p2b: Pyroar|move: Protect
|move|p1a: Garchomp|Rock Slide|p2b: Pyroar|[spread] 
|-activate|p2a: Corviknight|move: Protect
|-activate|p2b: Pyroar|move: Protect
|
|-heal|p1b: Raichu|42/100|[from] item: Leftovers
|-fieldend|move: Trick Room
|upkeep
|turn|7
|
|t:|1782656504
|move|p2b: Pyroar|Heat Wave|p1b: Raichu|[spread] p1a,p1b
|-resisted|p1a: Garchomp|1
|-damage|p1a: Garchomp|13/100
|-damage|p1b: Raichu|0 fnt
|faint|p1b: Raichu
|move|p1a: Garchomp|Rock Slide|p2b: Pyroar|[spread] p2a,p2b
|-supereffective|p2b: Pyroar|1
|-crit|p2b: Pyroar
|-damage|p2a: Corviknight|0 fnt
|-damage|p2b: Pyroar|0 fnt
|faint|p2a: Corviknight
|faint|p2b: Pyroar
|-damage|p1a: Garchomp|3/100|[from] item: Life Orb
|
|win|xMiQux
|l|☆xMiQux
|player|p1|
||bandicoot25 is ready for game 2.
|inactive|xMiQux has 30 seconds to confirm battle start!
||xMiQux is ready for game 2.
|uhtml|next|Next: Game 2 of 3
|l|☆bandicoot25
|player|p2|
|j|☆xMiQux
|player|p1|xMiQux|red|
