|j|â˜†srTerror
|j|â˜†IstoleYourGreyBike
|html|srTerrorIstoleYourGreyBike    
|uhtml|bestof|Game 1 of a best-of-3
|t:|1785880061
|gametype|doubles
|player|p1|srTerror|169|1156
|player|p2|IstoleYourGreyBike|hilda|1072
|gen|9
|tier|[Gen 9 Champions] VGC 2026 Reg M-B (Bo3)
|rated|
|rule|Species Clause: Limit one of each PokÃ©mon
|rule|Item Clause: Limit 1 of each item
|clearpoke
|poke|p1|Dragonite, L50, F|
|poke|p1|Milotic, L50, F|
|poke|p1|Sneasler, L50, F|
|poke|p1|Charizard, L50, F|
|poke|p1|Gholdengo, L50|
|poke|p1|Whimsicott, L50, F|
|poke|p2|Zoroark-Hisui, L50, F|
|poke|p2|Metagross, L50|
|poke|p2|Primarina, L50, F|
|poke|p2|Kangaskhan, L50, F|
|poke|p2|Garchomp, L50, M|
|poke|p2|Talonflame, L50, M|
|teampreview|4
|showteam|p1|Dragonite||LifeOrb|InnerFocus|Protect,DragonClaw,ExtremeSpeed,LowKick|Adamant||F|||50|]Milotic||Leftovers|Competitive|Scald,IceBeam,Recover,Protect|Modest||F|||50|]Sneasler||WhiteHerb|Unburden|GunkShot,FakeOut,CloseCombat,Coaching|Adamant||F|||50|]Charizard||CharizarditeY|Blaze|Protect,HeatWave,WeatherBall,SolarBeam|Modest||F|||50|]Gholdengo||FocusSash|GoodasGold|Protect,ShadowBall,PowerGem,MakeItRain|Modest|||||50|]Whimsicott||FairyFeather|Prankster|Protect,Moonblast,Encore,Tailwind|Timid||F|||50|
|showteam|p2|Zoroark-Hisui||FocusSash|Illusion|BitterMalice,IcyWind,Taunt,Protect|Timid||F|||50|]Metagross||Metagrossite|ClearBody|IronHead,PsychicFangs,BrickBreak,Protect|Jolly|||||50|]Primarina||LifeOrb|LiquidVoice|HyperVoice,Moonblast,EnergyBall,Protect|Modest||F|||50|]Kangaskhan||Kangaskhanite|InnerFocus|DrainPunch,SuckerPunch,FakeOut,DoubleEdge|Adamant||F|||50|]Garchomp||WhiteHerb|RoughSkin|DragonClaw,StompingTantrum,PoisonJab,RockSlide|Jolly||M|||50|]Talonflame||SharpBeak|GaleWings|FlareBlitz,DualWingbeat,Tailwind,Protect|Adamant||M|||50|
|inactive|Battle timer is ON: inactive players will automatically lose when time's up. (requested by IstoleYourGreyBike)
|inactive|srTerror has 60 seconds left.
|inactive|IstoleYourGreyBike has 60 seconds left.
|
|t:|1785880112
|teamsize|p1|4
|teamsize|p2|4
|start
|switch|p1a: Whimsicott|Whimsicott, L50, F|100/100
|switch|p1b: Sneasler|Sneasler, L50, F|100/100
|switch|p2a: AM|Metagross, L50|100/100
|switch|p2b: IronMouse|Primarina, L50, F|100/100
|turn|1
|
|t:|1785880131
|detailschange|p2a: AM|Metagross-Mega, L50
|-mega|p2a: AM|Metagross|Metagrossite
|move|p1b: Sneasler|Fake Out|p2a: AM
|-resisted|p2a: AM|1
|-crit|p2a: AM
|-damage|p2a: AM|92/100
|move|p1a: Whimsicott|Tailwind|p1a: Whimsicott
|-sidestart|p1: srTerror|move: Tailwind
|cant|p2a: AM|flinch
|move|p2b: IronMouse|Moonblast|p1a: Whimsicott
|-damage|p1a: Whimsicott|0 fnt
|faint|p1a: Whimsicott
|-damage|p2b: IronMouse|90/100|[from] item: Life Orb
|
|upkeep
|
|t:|1785880146
|switch|p1a: Charizard|Charizard, L50, F|100/100
|turn|2
|
|t:|1785880158
|detailschange|p1a: Charizard|Charizard-Mega-Y, L50, F
|-mega|p1a: Charizard|Charizard|Charizardite Y
|-weather|SunnyDay|[from] ability: Drought|[of] p1a: Charizard
|move|p2a: AM|Protect|p2a: AM
|-singleturn|p2a: AM|Protect
|move|p1b: Sneasler|Gunk Shot|p2b: IronMouse|[miss]
|-miss|p1b: Sneasler|p2b: IronMouse
|move|p1a: Charizard|Heat Wave|p2b: IronMouse|[spread] p2b
|-activate|p2a: AM|move: Protect
|-resisted|p2b: IronMouse|1
|-damage|p2b: IronMouse|63/100
|move|p2b: IronMouse|Hyper Voice|p1b: Sneasler|[spread] p1a,p1b
|-supereffective|p1a: Charizard|1
|-damage|p1a: Charizard|55/100
|-damage|p1b: Sneasler|68/100
|-damage|p2b: IronMouse|53/100|[from] item: Life Orb
|
|-weather|SunnyDay|[upkeep]
|upkeep
|turn|3
|
|t:|1785880182
|switch|p2a: KFC|Talonflame, L50, M|100/100
|move|p2b: IronMouse|Protect|p2b: IronMouse
|-singleturn|p2b: IronMouse|Protect
|move|p1b: Sneasler|Gunk Shot|p2b: IronMouse
|-activate|p2b: IronMouse|move: Protect
|move|p1a: Charizard|Weather Ball|p2a: KFC
|-resisted|p2a: KFC|1
|-crit|p2a: KFC
|-damage|p2a: KFC|9/100
|
|-weather|SunnyDay|[upkeep]
|upkeep
|turn|4
|inactive|IstoleYourGreyBike has 30 seconds left.
|
|t:|1785880208
|switch|p2b: He Dont Bite|Garchomp, L50, M|100/100
|move|p2a: KFC|Protect|p2a: KFC
|-singleturn|p2a: KFC|Protect
|move|p1b: Sneasler|Gunk Shot|p2b: He Dont Bite|[miss]
|-miss|p1b: Sneasler|p2b: He Dont Bite
|move|p1a: Charizard|Heat Wave|p2b: He Dont Bite|[spread] 
|-activate|p2a: KFC|move: Protect
|-miss|p1a: Charizard|p2b: He Dont Bite
|
|-weather|SunnyDay|[upkeep]
|-sideend|p1: srTerror|move: Tailwind
|upkeep
|turn|5
|inactive|srTerror has 30 seconds left.
|inactive|IstoleYourGreyBike has 30 seconds left.
|
|t:|1785880237
|move|p2a: KFC|Tailwind|p2a: KFC
|-sidestart|p2: IstoleYourGreyBike|move: Tailwind
|move|p2b: He Dont Bite|Rock Slide|p1b: Sneasler|[spread] p1a,p1b
|-supereffective|p1a: Charizard|2
|-resisted|p1b: Sneasler|1
|-damage|p1a: Charizard|0 fnt
|-damage|p1b: Sneasler|56/100
|faint|p1a: Charizard
|move|p1b: Sneasler|Close Combat|p2b: He Dont Bite
|-damage|p2b: He Dont Bite|37/100
|-unboost|p1b: Sneasler|def|1
|-unboost|p1b: Sneasler|spd|1
|-damage|p1b: Sneasler|43/100|[from] ability: Rough Skin|[of] p2b: He Dont Bite
|-enditem|p1b: Sneasler|White Herb
|-clearnegativeboost|p1b: Sneasler|[silent]
|
|-weather|SunnyDay|[upkeep]
|upkeep
|
|t:|1785880245
|switch|p1a: Gholdengo|Gholdengo, L50|100/100
|turn|6
|inactive|srTerror has 30 seconds left.
|
|t:|1785880274
|move|p1a: Gholdengo|Protect|p1a: Gholdengo
|-singleturn|p1a: Gholdengo|Protect
|move|p2a: KFC|Flare Blitz|p1a: Gholdengo
|-activate|p1a: Gholdengo|move: Protect
|move|p2b: He Dont Bite|Stomping Tantrum|p1b: Sneasler
|-supereffective|p1b: Sneasler|1
|-damage|p1b: Sneasler|0 fnt
|faint|p1b: Sneasler
|
|-weather|none
|upkeep
|turn|7
|inactive|IstoleYourGreyBike has 30 seconds left.
|l|â˜†IstoleYourGreyBike
|inactive|IstoleYourGreyBike disconnected and has a minute to reconnect!
|player|p2|
|inactive|IstoleYourGreyBike has 20 seconds left.
|inactive|IstoleYourGreyBike has 15 seconds left.
|inactive|IstoleYourGreyBike has 10 seconds left.
|inactive|IstoleYourGreyBike has 5 seconds left.
|-message|IstoleYourGreyBike lost due to inactivity.
|
|win|srTerror
