|j|☆higigig
|j|☆Dumpling Dan
|html|higigigDumpling Dan    
|uhtml|bestof|Game 3 of a best-of-3
|t:|1756420243
|gametype|doubles
|player|p1|higigig|sisandbro|1111
|player|p2|Dumpling Dan|chuck|1066
|gen|9
|tier|[Gen 9] VGC 2025 Reg H (Bo3)
|rated|
|rule|Species Clause: Limit one of each Pokémon
|rule|Item Clause: Limit 1 of each item
|clearpoke
|poke|p1|Sneasler, L50, F|
|poke|p1|Ursaluna-Bloodmoon, L50, M|
|poke|p1|Amoonguss, L50, M|
|poke|p1|Incineroar, L50, F|
|poke|p1|Dragonite, L50, M|
|poke|p1|Gholdengo, L50|
|poke|p2|Dondozo, L50, F|
|poke|p2|Tatsugiri, L50, M|
|poke|p2|Gholdengo, L50|
|poke|p2|Annihilape, L50, M|
|poke|p2|Dragonite, L50, M|
|poke|p2|Electabuzz, L50, M|
|teampreview|4
|showteam|p1|Sneasler||FocusSash|Unburden|DireClaw,CloseCombat,Protect,ThroatChop|||F|||50|,,,,,Stellar]Ursaluna-Bloodmoon||AssaultVest|MindsEye|BloodMoon,VacuumWave,HyperVoice,EarthPower|||M|||50|,,,,,Water]Amoonguss||SitrusBerry|Regenerator|RagePowder,Spore,PollenPuff,Protect|||M|||50|,,,,,Water]Incineroar||SafetyGoggles|Intimidate|FlareBlitz,PartingShot,FakeOut,KnockOff|||F|||50|,,,,,Ghost]Dragonite||LoadedDice|Multiscale|ScaleShot,Tailwind,Protect,Haze|||M|||50|,,,,,Fairy]Gholdengo||LifeOrb|GoodasGold|MakeItRain,ShadowBall,Protect,NastyPlot||||||50|,,,,,Water
|showteam|p2|Dondozo||LifeOrb|Unaware|RockSlide,Earthquake,Protect,WaveCrash|||F|||50|,,,,,Ghost]Tatsugiri||FocusSash|Commander|DragonPulse,MuddyWater,DracoMeteor,Protect|||M|||50|,,,,,Stellar]Gholdengo||ChoiceSpecs|GoodasGold|PowerGem,Thunderbolt,MakeItRain,ShadowBall||||||50|,,,,,Steel]Annihilape||SitrusBerry|Defiant|CloseCombat,Coaching,RageFist,FinalGambit|||M|||50|,,,,,Steel]Dragonite||LoadedDice|Multiscale|DragonDance,ExtremeSpeed,ScaleShot,Protect|||M|||50|,,,,,Normal]Electabuzz||Eviolite|VitalSpirit|Thunderbolt,HelpingHand,FollowMe,Protect|||M|||50|,,,,,Ghost
|inactive|Battle timer is ON: inactive players will automatically lose when time's up. (requested by higigig)
|inactive|higigig has 60 seconds left.
|
|t:|1756420278
|teamsize|p1|4
|teamsize|p2|4
|start
|switch|p1a: Dragonite|Dragonite, L50, M|100/100
|switch|p1b: Amoonguss|Amoonguss, L50, M|100/100
|switch|p2a: Gholdengo|Gholdengo, L50|100/100
|switch|p2b: Annihilape|Annihilape, L50, M|100/100
|turn|1
|inactive|higigig has 30 seconds left.
|inactive|Dumpling Dan has 30 seconds left.
|
|t:|1756420310
|move|p1b: Amoonguss|Rage Powder|p1b: Amoonguss
|-singleturn|p1b: Amoonguss|move: Rage Powder
|move|p2b: Annihilape|Rage Fist|p1b: Amoonguss
|-damage|p1b: Amoonguss|84/100
|move|p2a: Gholdengo|Make It Rain|p1a: Dragonite|[spread] p1a,p1b
|-damage|p1a: Dragonite|61/100
|-damage|p1b: Amoonguss|21/100
|-unboost|p2a: Gholdengo|spa|1
|-enditem|p1b: Amoonguss|Sitrus Berry|[eat]
|-heal|p1b: Amoonguss|46/100|[from] item: Sitrus Berry
|move|p1a: Dragonite|Tailwind|p1a: Dragonite
|-sidestart|p1: higigig|move: Tailwind
|
|upkeep
|turn|2
|inactive|Dumpling Dan has 30 seconds left.
|inactive|Dumpling Dan has 20 seconds left.
|
|t:|1756420349
|move|p1a: Dragonite|Protect|p1a: Dragonite
|-singleturn|p1a: Dragonite|Protect
|move|p2b: Annihilape|Rage Fist|p1a: Dragonite
|-activate|p1a: Dragonite|move: Protect
|move|p2a: Gholdengo|Make It Rain|p1a: Dragonite|[spread] p1b
|-activate|p1a: Dragonite|move: Protect
|-damage|p1b: Amoonguss|0 fnt
|-unboost|p2a: Gholdengo|spa|1
|faint|p1b: Amoonguss
|
|upkeep
|
|t:|1756420363
|switch|p1b: Ursaluna|Ursaluna-Bloodmoon, L50, M|100/100
|turn|3
|
|t:|1756420393
|-terastallize|p1b: Ursaluna|Water
|move|p1a: Dragonite|Scale Shot|p2b: Annihilape
|-damage|p2b: Annihilape|86/100
|-damage|p2b: Annihilape|72/100
|-crit|p2b: Annihilape
|-damage|p2b: Annihilape|52/100
|-damage|p2b: Annihilape|35/100
|-enditem|p2b: Annihilape|Sitrus Berry|[eat]
|-heal|p2b: Annihilape|60/100|[from] item: Sitrus Berry
|-damage|p2b: Annihilape|45/100
|-hitcount|p2b: Annihilape|5
|-unboost|p1a: Dragonite|def|1
|-boost|p1a: Dragonite|spe|1
|move|p1b: Ursaluna|Blood Moon|p2b: Annihilape
|-damage|p2b: Annihilape|0 fnt
|faint|p2b: Annihilape
|move|p2a: Gholdengo|Make It Rain|p1a: Dragonite|[spread] p1a,p1b
|-resisted|p1b: Ursaluna
|-damage|p1a: Dragonite|23/100
|-damage|p1b: Ursaluna|87/100
|-unboost|p2a: Gholdengo|spa|1
|
|upkeep
|
|t:|1756420407
|switch|p2b: Dondozo|Dondozo, L50, F|100/100
|turn|4
|
|t:|1756420428
|switch|p2a: Tatsugiri|Tatsugiri, L50, M|100/100
|-activate|p2a: Tatsugiri|ability: Commander|[of] p2b: Dondozo
|-boost|p2b: Dondozo|atk|2
|-boost|p2b: Dondozo|spa|2
|-boost|p2b: Dondozo|spe|2
|-boost|p2b: Dondozo|def|2
|-boost|p2b: Dondozo|spd|2
|move|p1a: Dragonite|Protect|p1a: Dragonite
|-singleturn|p1a: Dragonite|Protect
|move|p2b: Dondozo|Rock Slide|p1b: Ursaluna|[spread] p1b
|-activate|p1a: Dragonite|move: Protect
|-damage|p1b: Ursaluna|53/100
|-damage|p2b: Dondozo|91/100|[from] item: Life Orb
|cant|p1b: Ursaluna|flinch
|
|-sideend|p1: higigig|move: Tailwind
|upkeep
|turn|5
|
|t:|1756420442
|switch|p1b: Incineroar|Incineroar, L50, F|100/100
|-ability|p1b: Incineroar|Intimidate|boost
|-unboost|p2a: Tatsugiri|atk|1
|-unboost|p2b: Dondozo|atk|1
|move|p1a: Dragonite|Haze|p1a: Dragonite
|-clearallboost
|move|p2b: Dondozo|Rock Slide|p1b: Incineroar|[spread] p1a,p1b
|-supereffective|p1a: Dragonite
|-supereffective|p1b: Incineroar
|-damage|p1a: Dragonite|0 fnt
|-damage|p1b: Incineroar|57/100
|faint|p1a: Dragonite
|-damage|p2b: Dondozo|81/100|[from] item: Life Orb
|
|upkeep
|
|t:|1756420450
|switch|p1a: Ursaluna|Ursaluna-Bloodmoon, L50, M, tera:Water|53/100
|turn|6
|
|t:|1756420460
|move|p2b: Dondozo|Protect|p2b: Dondozo
|-singleturn|p2b: Dondozo|Protect
|move|p1b: Incineroar|Fake Out|p2b: Dondozo
|-activate|p2b: Dondozo|move: Protect
|move|p1a: Ursaluna|Hyper Voice|p2a: Tatsugiri|[spread] 
|-miss|p1a: Ursaluna|p2a: Tatsugiri
|-activate|p2b: Dondozo|move: Protect
|
|upkeep
|turn|7
|
|t:|1756420471
|move|p1b: Incineroar|Knock Off|p2b: Dondozo
|-damage|p2b: Dondozo|50/100
|-enditem|p2b: Dondozo|Life Orb|[from] move: Knock Off|[of] p1b: Incineroar
|move|p2b: Dondozo|Wave Crash|p1b: Incineroar
|-supereffective|p1b: Incineroar
|-damage|p1b: Incineroar|0 fnt
|faint|p1b: Incineroar
|-damage|p2b: Dondozo|34/100|[from] Recoil
|move|p1a: Ursaluna|Blood Moon|p2b: Dondozo
|-damage|p2b: Dondozo|0 fnt
|faint|p2b: Dondozo
|
|upkeep
|
|t:|1756420475
|switch|p2b: Gholdengo|Gholdengo, L50|100/100
|turn|8
|
|t:|1756420485
|move|p2a: Tatsugiri|Draco Meteor|p1a: Ursaluna
|-damage|p1a: Ursaluna|8/100
|-unboost|p2a: Tatsugiri|spa|2
|move|p2b: Gholdengo|Thunderbolt|p1a: Ursaluna
|-supereffective|p1a: Ursaluna
|-damage|p1a: Ursaluna|0 fnt
|faint|p1a: Ursaluna
|
|win|Dumpling Dan
|raw|higigig's rating: 1111 → 1083(-28 for losing)
|raw|Dumpling Dan's rating: 1066 → 1100(+34 for winning)
