|j|☆camala64
|j|☆battle sim trainer
|html|camala64battle sim trainer    
|uhtml|bestof|Game 1 of a best-of-3
|t:|1782493238
|gametype|doubles
|player|p1|camala64|lance-masters2|
|player|p2|battle sim trainer|turo|
|gen|9
|tier|[Gen 9 Champions] VGC 2026 Reg M-B (Bo3)
|rule|Species Clause: Limit one of each Pokémon
|rule|Item Clause: Limit 1 of each item
|clearpoke
|poke|p1|Blastoise, L50, F|
|poke|p1|Incineroar, L50, M|
|poke|p1|Sinistcha, L50, shiny|
|poke|p1|Farigiraf, L50, M, shiny|
|poke|p1|Sylveon, L50, F, shiny|
|poke|p1|Camerupt, L50, M, shiny|
|poke|p2|Swampert, L50, F|
|poke|p2|Archaludon, L50, M|
|poke|p2|Pelipper, L50, F|
|poke|p2|Basculegion, L50, M|
|poke|p2|Venusaur, L50, M|
|poke|p2|Staraptor, L50, M|
|teampreview|4
|showteam|p1|Blastoise||Blastoisinite|RainDish|WaterSpout,DarkPulse,AuraSphere,FakeOut|Quiet||F|||50|]Incineroar||PasshoBerry|Intimidate|FlareBlitz,ThroatChop,FakeOut,Roar|Brave||M|||50|]Sinistcha||KasibBerry|Hospitality|MatchaGotcha,ShadowBall,RagePowder,TrickRoom|Relaxed|||||50|]Farigiraf||FocusSash|ArmorTail|Psyshock,Thunderbolt,NastyPlot,TrickRoom|Quiet||M|||50|]Sylveon||FairyFeather|Pixilate|HyperVoice,HyperBeam,QuickAttack,CalmMind|Quiet||F|||50|]Camerupt||Cameruptite|SolidRock|Eruption,EarthPower,AncientPower,Protect|Quiet||M|||50|
|showteam|p2|Swampert||Swampertite|Torrent|WaveCrash,Earthquake,IcePunch,Protect|Adamant||F|||50|]Archaludon||Magnet|Stamina|ElectroShot,FlashCannon,DragonPulse,Protect|Calm||M|||50|]Pelipper||FocusSash|Drizzle|WeatherBall,Hurricane,WideGuard,Tailwind|Modest||F|||50|]Basculegion||ChoiceScarf|Adaptability|LastRespects,WaveCrash,AquaJet,FlipTurn|Jolly||M|||50|]Venusaur||Venusaurite|Chlorophyll|SludgeBomb,EnergyBall,Protect,EarthPower|Modest||M|||50|]Staraptor||LifeOrb|Intimidate|BraveBird,CloseCombat,Tailwind,Uturn|Adamant||M|||50|
|c|☆battle sim trainer|ayy nice htr
|
|t:|1782493285
|teamsize|p1|4
|teamsize|p2|4
|start
|switch|p1a: Blastoise|Blastoise, L50, F|100/100
|switch|p1b: Sinistcha|Sinistcha, L50, shiny|100/100
|switch|p2a: Basculegion|Basculegion, L50, M|100/100
|switch|p2b: Archaludon|Archaludon, L50, M|100/100
|turn|1
|
|t:|1782493309
|detailschange|p1a: Blastoise|Blastoise-Mega, L50, F
|-mega|p1a: Blastoise|Blastoise|Blastoisinite
|move|p1a: Blastoise|Fake Out|p2b: Archaludon
|-resisted|p2b: Archaludon|1
|-damage|p2b: Archaludon|96/100
|-ability|p2b: Archaludon|Stamina|boost
|-boost|p2b: Archaludon|def|1
|move|p2a: Basculegion|Flip Turn|p1a: Blastoise
|-resisted|p1a: Blastoise|1
|-damage|p1a: Blastoise|84/100
|
|t:|1782493328
|switch|p2a: Swampert|Swampert, L50, F|100/100|[from] Flip Turn
|cant|p2b: Archaludon|flinch
|move|p1b: Sinistcha|Trick Room|p1b: Sinistcha
|-fieldstart|move: Trick Room|[of] p1b: Sinistcha
|
|upkeep
|turn|2
|
|t:|1782493364
|switch|p2b: Basculegion|Basculegion, L50, M|100/100
|switch|p2a: Pelipper|Pelipper, L50, F|100/100
|-weather|RainDance|[from] ability: Drizzle|[of] p2a: Pelipper
|move|p1b: Sinistcha|Matcha Gotcha|p2a: Pelipper|[spread] p2b
|-miss|p1b: Sinistcha|p2a: Pelipper
|-supereffective|p2b: Basculegion|1
|-damage|p2b: Basculegion|41/100
|move|p1a: Blastoise|Aura Sphere|p2b: Basculegion
|-immune|p2b: Basculegion
|
|-weather|RainDance|[upkeep]
|upkeep
|turn|3
|
|t:|1782493406
|switch|p2b: Archaludon|Archaludon, L50, M|96/100
|move|p1b: Sinistcha|Shadow Ball|p2b: Archaludon
|-damage|p2b: Archaludon|67/100
|-ability|p2b: Archaludon|Stamina|boost
|-boost|p2b: Archaludon|def|1
|move|p1a: Blastoise|Aura Sphere|p2b: Archaludon
|-supereffective|p2b: Archaludon|1
|-damage|p2b: Archaludon|0 fnt
|faint|p2b: Archaludon
|move|p2a: Pelipper|Hurricane|p1b: Sinistcha
|-supereffective|p1b: Sinistcha|1
|-damage|p1b: Sinistcha|0 fnt
|faint|p1b: Sinistcha
|
|-weather|RainDance|[upkeep]
|upkeep
|
|t:|1782493425
|switch|p1b: Sylveon|Sylveon, L50, F, shiny|100/100
|switch|p2b: Swampert|Swampert, L50, F|100/100
|turn|4
|
|t:|1782493443
|detailschange|p2b: Swampert|Swampert-Mega, L50, F
|-mega|p2b: Swampert|Swampert|Swampertite
|move|p2a: Pelipper|Wide Guard|p2a: Pelipper
|-singleturn|p2a: Pelipper|Wide Guard
|move|p1b: Sylveon|Calm Mind|p1b: Sylveon
|-boost|p1b: Sylveon|spa|1
|-boost|p1b: Sylveon|spd|1
|move|p1a: Blastoise|Water Spout|p2a: Pelipper|[spread] 
|-activate|p2a: Pelipper|move: Wide Guard
|-activate|p2b: Swampert|move: Wide Guard
|move|p2b: Swampert|Earthquake|p1b: Sylveon|[spread] p1a,p1b
|-activate|p2a: Pelipper|move: Wide Guard
|-damage|p1a: Blastoise|41/100
|-damage|p1b: Sylveon|36/100
|
|-weather|RainDance|[upkeep]
|upkeep
|turn|5
|
|t:|1782493488
|move|p2b: Swampert|Protect|p2b: Swampert
|-singleturn|p2b: Swampert|Protect
|move|p2a: Pelipper|Wide Guard|p2a: Pelipper
|-singleturn|p2a: Pelipper|Wide Guard
|move|p1b: Sylveon|Quick Attack|p2a: Pelipper
|-damage|p2a: Pelipper|80/100
|move|p1a: Blastoise|Dark Pulse|p2a: Pelipper
|-damage|p2a: Pelipper|1/100
|
|-weather|RainDance|[upkeep]
|-fieldend|move: Trick Room
|upkeep
|turn|6
|
|t:|1782493523
|move|p2b: Swampert|Earthquake|p1a: Blastoise|[spread] p1a,p1b
|-immune|p2a: Pelipper
|-damage|p1a: Blastoise|4/100
|-damage|p1b: Sylveon|0 fnt
|faint|p1b: Sylveon
|move|p2a: Pelipper|Hurricane|p1a: Blastoise
|-damage|p1a: Blastoise|0 fnt
|faint|p1a: Blastoise
|
|-weather|none
|upkeep
|-message|camala64 forfeited.
|
|win|battle sim trainer
|l|☆camala64
|player|p1|
||camala64 is ready for game 2.
