|j|☆mikemoon11
|j|☆Ritzbitz12
|html|mikemoon11Ritzbitz12    
|uhtml|bestof|Game 3 of a best-of-3
|t:|1757098164
|gametype|doubles
|player|p1|mikemoon11|169|1123
|player|p2|Ritzbitz12|palmer|1194
|gen|9
|tier|[Gen 9] VGC 2025 Reg H (Bo3)
|rated|
|rule|Species Clause: Limit one of each Pokémon
|rule|Item Clause: Limit 1 of each item
|clearpoke
|poke|p1|Indeedee-F, L50, F|
|poke|p1|Hatterene, L50, F|
|poke|p1|Gallade, L50, M|
|poke|p1|Ursaluna, L50, M|
|poke|p1|Lilligant-Hisui, L50, F|
|poke|p1|Torkoal, L50, M|
|poke|p2|Ninetales-Alola, L50, F|
|poke|p2|Gholdengo, L50|
|poke|p2|Garchomp, L50, M|
|poke|p2|Incineroar, L50, M|
|poke|p2|Sneasler, L50, F|
|poke|p2|Dragonite, L50, F|
|teampreview|4
|showteam|p1|Indeedee-F||PsychicSeed|PsychicSurge|TrickRoom,FollowMe,HelpingHand,DazzlingGleam|||F|||50|,,,,,Fire]Hatterene||LifeOrb|MagicBounce|ExpandingForce,TrickRoom,DazzlingGleam,Protect|||F|||50|,,,,,Psychic]Gallade||ClearAmulet|Sharpness|PsychoCut,TrickRoom,SacredSword,WideGuard|||M|||50|,,,,,Grass]Ursaluna||FlameOrb|Guts|HeadlongRush,Facade,SwordsDance,Protect|||M|||50|,,,,,Ghost]Lilligant-Hisui||FocusSash|Chlorophyll|SolarBlade,SleepPowder,CloseCombat,AfterYou|||F|||50|,,,,,Ghost]Torkoal||ChoiceSpecs|Drought|Eruption,HeatWave,WeatherBall,EarthPower|||M|||50|,,,,,Fire
|showteam|p2|Ninetales-Alola||LightClay|SnowWarning|AuroraVeil,Blizzard,FreezeDry,Protect|||F|||50|,,,,,Ghost]Gholdengo||LifeOrb|GoodasGold|MakeItRain,ShadowBall,NastyPlot,Protect||||||50|,,,,,Water]Garchomp||ClearAmulet|RoughSkin|Earthquake,StompingTantrum,DragonClaw,Protect|||M|||50|,,,,,Ground]Incineroar||AssaultVest|Intimidate|FakeOut,KnockOff,FlareBlitz,Uturn|||M|||50|,,,,,Grass]Sneasler||WhiteHerb|Unburden|Coaching,CloseCombat,DireClaw,Protect|||F|||50|,,,,,Ghost]Dragonite||LoadedDice|Multiscale|ScaleShot,Haze,Tailwind,Protect|||F|||50|,,,,,Fairy
|
|t:|1757098199
|teamsize|p1|4
|teamsize|p2|4
|start
|switch|p1a: Martin Van Buren|Indeedee-F, L50, F, shiny|100/100
|switch|p1b: Andrew Jackson|Gallade, L50, M, shiny|100/100
|switch|p2a: Incineroar|Incineroar, L50, M|100/100
|switch|p2b: Gholdengo|Gholdengo, L50|100/100
|-ability|p2a: Incineroar|Intimidate|boost
|-unboost|p1a: Martin Van Buren|atk|1
|-fail|p1b: Andrew Jackson|unboost|[from] item: Clear Amulet|[of] p1b: Andrew Jackson
|-fieldstart|move: Psychic Terrain|[from] ability: Psychic Surge|[of] p1a: Martin Van Buren
|-enditem|p1a: Martin Van Buren|Psychic Seed
|-boost|p1a: Martin Van Buren|spd|1|[from] item: Psychic Seed
|turn|1
|
|t:|1757098237
|move|p1a: Martin Van Buren|Follow Me|p1a: Martin Van Buren
|-singleturn|p1a: Martin Van Buren|move: Follow Me
|move|p2b: Gholdengo|Make It Rain|p1b: Andrew Jackson|[spread] p1a,p1b
|-damage|p1a: Martin Van Buren|62/100
|-damage|p1b: Andrew Jackson|47/100
|-unboost|p2b: Gholdengo|spa|1
|-damage|p2b: Gholdengo|91/100|[from] item: Life Orb
|move|p2a: Incineroar|Flare Blitz|p1a: Martin Van Buren
|-damage|p1a: Martin Van Buren|13/100
|-damage|p2a: Incineroar|86/100|[from] Recoil
|move|p1b: Andrew Jackson|Trick Room|p1b: Andrew Jackson
|-fieldstart|move: Trick Room|[of] p1b: Andrew Jackson
|
|upkeep
|turn|2
|
|t:|1757098276
|move|p1a: Martin Van Buren|Follow Me|p1a: Martin Van Buren
|-singleturn|p1a: Martin Van Buren|move: Follow Me
|move|p2a: Incineroar|U-turn|p1a: Martin Van Buren
|-supereffective|p1a: Martin Van Buren
|-damage|p1a: Martin Van Buren|0 fnt
|faint|p1a: Martin Van Buren
|
|t:|1757098292
|switch|p2a: Garchomp|Garchomp, L50, M|100/100|[from] U-turn
|move|p1b: Andrew Jackson|Sacred Sword|p2a: Garchomp
|-damage|p2a: Garchomp|27/100
|-damage|p1b: Andrew Jackson|35/100|[from] ability: Rough Skin|[of] p2a: Garchomp
|move|p2b: Gholdengo|Shadow Ball|p1b: Andrew Jackson
|-supereffective|p1b: Andrew Jackson
|-damage|p1b: Andrew Jackson|0 fnt
|faint|p1b: Andrew Jackson
|-damage|p2b: Gholdengo|81/100|[from] item: Life Orb
|
|upkeep
|
|t:|1757098299
|switch|p1a: L.B.J|Torkoal, L50, M, shiny|100/100
|switch|p1b: Teddy Roosevelt|Ursaluna, L50, M, shiny|100/100
|-weather|SunnyDay|[from] ability: Drought|[of] p1a: L.B.J
|turn|3
|
|t:|1757098331
|switch|p2a: Incineroar|Incineroar, L50, M|86/100
|-ability|p2a: Incineroar|Intimidate|boost
|-unboost|p1a: L.B.J|atk|1
|-unboost|p1b: Teddy Roosevelt|atk|1
|-terastallize|p1a: L.B.J|Fire
|-terastallize|p2b: Gholdengo|Water
|move|p1a: L.B.J|Eruption|p2b: Gholdengo|[spread] p2a,p2b
|-resisted|p2a: Incineroar
|-resisted|p2b: Gholdengo
|-damage|p2a: Incineroar|39/100
|-damage|p2b: Gholdengo|11/100
|move|p1b: Teddy Roosevelt|Swords Dance|p1b: Teddy Roosevelt
|-boost|p1b: Teddy Roosevelt|atk|2
|move|p2b: Gholdengo|Shadow Ball|p1a: L.B.J
|-damage|p1a: L.B.J|54/100
|-damage|p2b: Gholdengo|1/100|[from] item: Life Orb
|
|-weather|SunnyDay|[upkeep]
|-status|p1b: Teddy Roosevelt|brn|[from] item: Flame Orb
|upkeep
|turn|4
|
|t:|1757098395
|move|p1a: L.B.J|Eruption|p2a: Incineroar|[spread] p2a,p2b
|-resisted|p2a: Incineroar
|-resisted|p2b: Gholdengo
|-damage|p2a: Incineroar|15/100
|-damage|p2b: Gholdengo|0 fnt
|faint|p2b: Gholdengo
|move|p1b: Teddy Roosevelt|Facade|p2a: Incineroar
|-damage|p2a: Incineroar|0 fnt
|faint|p2a: Incineroar
|
|-weather|SunnyDay|[upkeep]
|-damage|p1b: Teddy Roosevelt|95/100 brn|[from] brn
|upkeep
|
|t:|1757098406
|switch|p2a: Ninetales|Ninetales-Alola, L50, F|100/100
|switch|p2b: Garchomp|Garchomp, L50, M|27/100
|-weather|Snowscape|[from] ability: Snow Warning|[of] p2a: Ninetales
|turn|5
|
|t:|1757098417
|move|p2b: Garchomp|Protect|p2b: Garchomp
|-singleturn|p2b: Garchomp|Protect
|move|p2a: Ninetales|Protect|p2a: Ninetales
|-singleturn|p2a: Ninetales|Protect
|move|p1a: L.B.J|Eruption|p2a: Ninetales|[spread] 
|-activate|p2a: Ninetales|move: Protect
|-activate|p2b: Garchomp|move: Protect
|move|p1b: Teddy Roosevelt|Facade|p2a: Ninetales
|-activate|p2a: Ninetales|move: Protect
|
|-weather|Snowscape|[upkeep]
|-damage|p1b: Teddy Roosevelt|89/100 brn|[from] brn
|-fieldend|move: Trick Room
|-fieldend|move: Psychic Terrain
|upkeep
|turn|6
|
|t:|1757098455
|move|p2a: Ninetales|Blizzard|p1b: Teddy Roosevelt|[spread] p1a,p1b
|-resisted|p1a: L.B.J
|-supereffective|p1b: Teddy Roosevelt
|-damage|p1a: L.B.J|37/100
|-damage|p1b: Teddy Roosevelt|40/100 brn
|move|p2b: Garchomp|Stomping Tantrum|p1a: L.B.J
|-supereffective|p1a: L.B.J
|-damage|p1a: L.B.J|0 fnt
|faint|p1a: L.B.J
|move|p1b: Teddy Roosevelt|Facade|p2a: Ninetales
|-crit|p2a: Ninetales
|-damage|p2a: Ninetales|0 fnt
|faint|p2a: Ninetales
|
|-weather|Snowscape|[upkeep]
|-damage|p1b: Teddy Roosevelt|34/100 brn|[from] brn
|upkeep
|turn|7
|
|t:|1757098471
|move|p2b: Garchomp|Protect|p2b: Garchomp
|-singleturn|p2b: Garchomp|Protect
|move|p1b: Teddy Roosevelt|Facade|p2b: Garchomp
|-activate|p2b: Garchomp|move: Protect
|
|-weather|Snowscape|[upkeep]
|-damage|p1b: Teddy Roosevelt|28/100 brn|[from] brn
|upkeep
|turn|8
|
|t:|1757098483
|move|p2b: Garchomp|Earthquake|p1b: Teddy Roosevelt
|-damage|p1b: Teddy Roosevelt|0 fnt
|faint|p1b: Teddy Roosevelt
|
|win|Ritzbitz12
|raw|mikemoon11's rating: 1123 → 1103(-20 for losing)
|raw|Ritzbitz12's rating: 1194 → 1214(+20 for winning)
