|j|☆MrRaffa
|j|☆Cyog
|html|MrRaffaCyog    
|uhtml|bestof|Game 1 of a best-of-3
|t:|1757718945
|gametype|doubles
|player|p1|MrRaffa|n|1280
|player|p2|Cyog|101|1340
|gen|9
|tier|[Gen 9] VGC 2025 Reg H (Bo3)
|rated|
|rule|Species Clause: Limit one of each Pokémon
|rule|Item Clause: Limit 1 of each item
|clearpoke
|poke|p1|Gholdengo, L50|
|poke|p1|Sneasler, L50, M|
|poke|p1|Rillaboom, L50, M|
|poke|p1|Dragonite, L50, F|
|poke|p1|Ninetales-Alola, L50, F|
|poke|p1|Arcanine-Hisui, L50, M|
|poke|p2|Archaludon, L50, M|
|poke|p2|Dragonite, L50, M|
|poke|p2|Pelipper, L50, F|
|poke|p2|Ursaluna, L50, F|
|poke|p2|Sinistcha, L50|
|poke|p2|Gholdengo, L50|
|teampreview|4
|showteam|p1|Gholdengo||GrassySeed|GoodasGold|NastyPlot,MakeItRain,ShadowBall,Protect||||||50|,,,,,Water]Sneasler||WhiteHerb|Unburden|CloseCombat,DireClaw,Coaching,Protect|||M|||50|,,,,,Ghost]Rillaboom||AssaultVest|GrassySurge|FakeOut,GrassyGlide,DrumBeating,HighHorsepower|||M|||50|,,,,,Fire]Dragonite||LoadedDice|Multiscale|ScaleShot,StompingTantrum,Tailwind,Protect|||F|||50|,,,,,Ground]Ninetales-Alola||FocusSash|SnowWarning|Blizzard,IcyWind,Encore,AuroraVeil|||F|||50|,,,,,Ghost]Arcanine-Hisui||ClearAmulet|Intimidate|RockSlide,FlareBlitz,ExtremeSpeed,Protect|||M|||50|,,,,,Water
|showteam|p2|Archaludon||AssaultVest|Stamina|FlashCannon,BodyPress,ElectroShot,Snarl|||M|||50|,,,,,Fighting]Dragonite||LoadedDice|Multiscale|ScaleShot,Tailwind,Haze,Protect|||M|||50|,,,,,Fairy]Pelipper||FocusSash|Drizzle|MuddyWater,Hurricane,Tailwind,Protect|||F|||50|,,,,,Ghost]Ursaluna||FlameOrb|Guts|Facade,HeadlongRush,Earthquake,Protect|||F|||50|,,,,,Ghost]Sinistcha||SitrusBerry|Hospitality|MatchaGotcha,LifeDew,RagePowder,TrickRoom||||||50|,,,,,Dark]Gholdengo||ChoiceScarf|GoodasGold|MakeItRain,ShadowBall,PowerGem,Trick||||||50|,,,,,Flying
|inactive|Battle timer is ON: inactive players will automatically lose when time's up. (requested by MrRaffa)
|inactive|Cyog has 60 seconds left.
|
|t:|1757718995
|teamsize|p1|4
|teamsize|p2|4
|start
|switch|p1a: Gholdengo|Gholdengo, L50|100/100
|switch|p1b: Rillaboom|Rillaboom, L50, M|100/100
|switch|p2a: Gholdengo|Gholdengo, L50|100/100
|switch|p2b: Dragonite|Dragonite, L50, M|100/100
|-fieldstart|move: Grassy Terrain|[from] ability: Grassy Surge|[of] p1b: Rillaboom
|-enditem|p1a: Gholdengo|Grassy Seed
|-boost|p1a: Gholdengo|def|1|[from] item: Grassy Seed
|turn|1
|inactive|Cyog has 30 seconds left.
|inactive|Cyog has 20 seconds left.
|inactive|Cyog has 15 seconds left.
|inactive|Cyog has 10 seconds left.
|
|t:|1757719044
|-terastallize|p2a: Gholdengo|Flying
|-terastallize|p1a: Gholdengo|Water
|move|p1b: Rillaboom|Fake Out|p2b: Dragonite
|-damage|p2b: Dragonite|93/100
|move|p2a: Gholdengo|Shadow Ball|p1a: Gholdengo
|-damage|p1a: Gholdengo|55/100
|move|p1a: Gholdengo|Nasty Plot|p1a: Gholdengo
|-boost|p1a: Gholdengo|spa|2
|cant|p2b: Dragonite|flinch
|
|-heal|p1a: Gholdengo|61/100|[from] Grassy Terrain
|upkeep
|turn|2
|inactive|Cyog has 30 seconds left.
|inactive|Cyog has 20 seconds left.
|inactive|MrRaffa has 30 seconds left.
|inactive|Cyog has 15 seconds left.
|inactive|Cyog has 10 seconds left.
|
|t:|1757719094
|switch|p2a: Ursaluna|Ursaluna, L50, F|100/100
|move|p1b: Rillaboom|Drum Beating|p2a: Ursaluna
|-supereffective|p2a: Ursaluna
|-damage|p2a: Ursaluna|20/100
|-unboost|p2a: Ursaluna|spe|1
|move|p1a: Gholdengo|Make It Rain|p2a: Ursaluna|[spread] p2a,p2b
|-damage|p2a: Ursaluna|0 fnt
|-damage|p2b: Dragonite|0 fnt
|-unboost|p1a: Gholdengo|spa|1
|faint|p2a: Ursaluna
|faint|p2b: Dragonite
|
|-heal|p1a: Gholdengo|67/100|[from] Grassy Terrain
|upkeep
|
|t:|1757719104
|switch|p2b: Archaludon|Archaludon, L50, M|100/100
|switch|p2a: Gholdengo|Gholdengo, L50, tera:Flying|100/100
|turn|3
|inactive|Cyog has 30 seconds left.
|
|t:|1757719132
|move|p1a: Gholdengo|Protect|p1a: Gholdengo
|-singleturn|p1a: Gholdengo|Protect
|move|p2a: Gholdengo|Shadow Ball|p1a: Gholdengo
|-activate|p1a: Gholdengo|move: Protect
|move|p1b: Rillaboom|Drum Beating|p2a: Gholdengo
|-resisted|p2a: Gholdengo
|-damage|p2a: Gholdengo|70/100
|-unboost|p2a: Gholdengo|spe|1
|move|p2b: Archaludon|Snarl|p1a: Gholdengo|[spread] p1b
|-activate|p1a: Gholdengo|move: Protect
|-damage|p1b: Rillaboom|92/100
|-unboost|p1b: Rillaboom|spa|1
|
|-heal|p1b: Rillaboom|97/100|[from] Grassy Terrain
|-heal|p1a: Gholdengo|73/100|[from] Grassy Terrain
|upkeep
|turn|4
|
|t:|1757719149
|move|p1b: Rillaboom|Drum Beating|p2a: Gholdengo
|-resisted|p2a: Gholdengo
|-damage|p2a: Gholdengo|43/100
|-unboost|p2a: Gholdengo|spe|1
|move|p1a: Gholdengo|Shadow Ball|p2a: Gholdengo
|-crit|p2a: Gholdengo
|-damage|p2a: Gholdengo|0 fnt
|faint|p2a: Gholdengo
|move|p2b: Archaludon|Electro Shot||[still]
|-prepare|p2b: Archaludon|Electro Shot
|-boost|p2b: Archaludon|spa|1
|
|-heal|p1b: Rillaboom|100/100|[from] Grassy Terrain
|-heal|p1a: Gholdengo|80/100|[from] Grassy Terrain
|upkeep
|turn|5
|
|t:|1757719155
|switch|p1b: Arcanine|Arcanine-Hisui, L50, M|100/100
|-ability|p1b: Arcanine|Intimidate|boost
|-unboost|p2b: Archaludon|atk|1
|move|p1a: Gholdengo|Protect|p1a: Gholdengo
|-singleturn|p1a: Gholdengo|Protect
|move|p2b: Archaludon|Electro Shot|p1a: Gholdengo|[from] lockedmove
|-activate|p1a: Gholdengo|move: Protect
|
|-heal|p1a: Gholdengo|86/100|[from] Grassy Terrain
|-fieldend|move: Grassy Terrain
|upkeep
|turn|6
|-message|Cyog forfeited.
|
|win|MrRaffa
||MrRaffa is ready for game 2.
||Cyog is ready for game 2.
|uhtml|next|Next: Game 2 of 3
|l|☆MrRaffa
|player|p1|
