|j|☆STL Donductor
|j|‽metakross
|html|STL Donductormetakross    
|uhtml|bestof|Game 2 of a best-of-3
|t:|1755715017
|gametype|doubles
|player|p1|STL Donductor|fisherman|1214
|player|p2|metakross|flannery|1128
|gen|9
|tier|[Gen 9] VGC 2025 Reg H (Bo3)
|rated|
|rule|Species Clause: Limit one of each Pokémon
|rule|Item Clause: Limit 1 of each item
|clearpoke
|poke|p1|Dondozo, L50, M|
|poke|p1|Tatsugiri-Stretchy, L50, M|
|poke|p1|Archaludon, L50, M|
|poke|p1|Maushold, L50|
|poke|p1|Breloom, L50, F|
|poke|p1|Pelipper, L50, F|
|poke|p2|Baxcalibur, L50, M|
|poke|p2|Sneasler, L50, M|
|poke|p2|Rillaboom, L50, F|
|poke|p2|Volcarona, L50, M|
|poke|p2|Dondozo, L50, M|
|poke|p2|Kingambit, L50, F|
|teampreview|4
|showteam|p1|Dondozo||MysticWater|Unaware|WaveCrash,Surf,SleepTalk,Protect|||M|||50|,,,,,Water]Tatsugiri-Stretchy||SafetyGoggles|Commander|DracoMeteor,MuddyWater,Taunt,Protect|||M|||50|,,,,,Steel]Archaludon||AssaultVest|Stamina|ElectroShot,FlashCannon,DragonPulse,BodyPress|||M|||50|,,,,,Bug]Maushold||WideLens|FriendGuard|PopulationBomb,FollowMe,Protect,RainDance||||||50|,,,,,Ghost]Breloom||FocusSash|Technician|BulletSeed,MachPunch,Spore,Protect|||F|||50|,,,,,Ghost]Pelipper||ChoiceScarf|Drizzle|WeatherBall,Hurricane,Tailwind,Uturn|||F|||50|,,,,,Grass
|showteam|p2|Baxcalibur||LoadedDice|ThermalExchange|Protect,ScaleShot,IcicleSpear,IceShard|||M|||50|,,,,,Ghost]Sneasler||FocusSash|Unburden|DireClaw,Coaching,CloseCombat,Protect|||M|||50|,,,,,Stellar]Rillaboom||AssaultVest|GrassySurge|FakeOut,GrassyGlide,WoodHammer,HighHorsepower|||F|||50|,,,,,Water]Volcarona||CovertCloak|FlameBody|TeraBlast,RagePowder,QuiverDance,HeatWave|||M|||50|,,,,,Fairy]Dondozo||Leftovers|Unaware|Protect,Liquidation,Fissure,Yawn|||M|||50|,,,,,Bug]Kingambit||SafetyGoggles|Defiant|KowtowCleave,SuckerPunch,SwordsDance,Protect|||F|||50|,,,,,Dark
|inactive|Battle timer is ON: inactive players will automatically lose when time's up. (requested by metakross)
|inactive|STL Donductor has 60 seconds left.
|
|t:|1755715071
|teamsize|p1|4
|teamsize|p2|4
|start
|switch|p1a: Archaludon|Archaludon, L50, M|100/100
|switch|p1b: Pelipper|Pelipper, L50, F, shiny|100/100
|switch|p2a: Dondozo|Dondozo, L50, M|100/100
|switch|p2b: Baxcalibur|Baxcalibur, L50, M|100/100
|-weather|RainDance|[from] ability: Drizzle|[of] p1b: Pelipper
|turn|1
|inactive|STL Donductor has 30 seconds left.
|inactive|STL Donductor has 20 seconds left.
|inactive|STL Donductor has 15 seconds left.
|inactive|STL Donductor has 10 seconds left.
|
|t:|1755715120
|move|p2b: Baxcalibur|Protect|p2b: Baxcalibur
|-singleturn|p2b: Baxcalibur|Protect
|move|p1b: Pelipper|Tailwind|p1b: Pelipper
|-sidestart|p1: STL Donductor|move: Tailwind
|move|p1a: Archaludon|Electro Shot||[still]
|-prepare|p1a: Archaludon|Electro Shot
|-boost|p1a: Archaludon|spa|1
|-anim|p1a: Archaludon|Electro Shot|p2a: Dondozo
|-supereffective|p2a: Dondozo
|-damage|p2a: Dondozo|43/100
|move|p2a: Dondozo|Yawn|p1a: Archaludon
|-start|p1a: Archaludon|move: Yawn|[of] p2a: Dondozo
|
|-weather|RainDance|[upkeep]
|-heal|p2a: Dondozo|49/100|[from] item: Leftovers
|upkeep
|turn|2
|inactive|STL Donductor has 30 seconds left.
|inactive|metakross has 30 seconds left.
|inactive|STL Donductor has 20 seconds left.
|inactive|metakross has 20 seconds left.
|inactive|STL Donductor has 15 seconds left.
|inactive|metakross has 15 seconds left.
|inactive|metakross has 10 seconds left.
|
|t:|1755715170
|switch|p1b: Dondozo|Dondozo, L50, M, shiny|100/100
|move|p2a: Dondozo|Protect|p2a: Dondozo
|-singleturn|p2a: Dondozo|Protect
|move|p1a: Archaludon|Electro Shot||[still]
|-prepare|p1a: Archaludon|Electro Shot
|-boost|p1a: Archaludon|spa|1
|-anim|p1a: Archaludon|Electro Shot|p2a: Dondozo
|-activate|p2a: Dondozo|move: Protect
|move|p2b: Baxcalibur|Scale Shot|p1b: Dondozo
|-damage|p1b: Dondozo|88/100
|-damage|p1b: Dondozo|75/100
|-damage|p1b: Dondozo|61/100
|-damage|p1b: Dondozo|49/100
|-hitcount|p1b: Dondozo|4
|-unboost|p2b: Baxcalibur|def|1
|-boost|p2b: Baxcalibur|spe|1
|
|-weather|RainDance|[upkeep]
|-heal|p2a: Dondozo|55/100|[from] item: Leftovers
|-end|p1a: Archaludon|move: Yawn|[silent]
|-status|p1a: Archaludon|slp
|upkeep
|turn|3
|inactive|STL Donductor has 30 seconds left.
|inactive|metakross has 30 seconds left.
|inactive|STL Donductor has 20 seconds left.
|inactive|metakross has 20 seconds left.
|inactive|STL Donductor has 15 seconds left.
|inactive|metakross has 15 seconds left.
|inactive|metakross has 10 seconds left.
|inactive|metakross has 5 seconds left.
|
|t:|1755715222
|switch|p1a: Tatsugiri|Tatsugiri-Stretchy, L50, M, shiny|100/100
|-activate|p1a: Tatsugiri|ability: Commander|[of] p1b: Dondozo
|-boost|p1b: Dondozo|atk|2
|-boost|p1b: Dondozo|spa|2
|-boost|p1b: Dondozo|spe|2
|-boost|p1b: Dondozo|def|2
|-boost|p1b: Dondozo|spd|2
|switch|p2b: Rillaboom|Rillaboom, L50, F|100/100
|-fieldstart|move: Grassy Terrain|[from] ability: Grassy Surge|[of] p2b: Rillaboom
|-terastallize|p1b: Dondozo|Water
|move|p1b: Dondozo|Wave Crash|p2b: Rillaboom
|-resisted|p2b: Rillaboom
|-damage|p2b: Rillaboom|1/100
|-damage|p1b: Dondozo|20/100|[from] Recoil
|move|p2a: Dondozo|Fissure|p1b: Dondozo
|-damage|p1b: Dondozo|0 fnt
|faint|p1b: Dondozo
|-ohko
|
|-weather|RainDance|[upkeep]
|-heal|p2b: Rillaboom|7/100|[from] Grassy Terrain
|-heal|p2a: Dondozo|61/100|[from] Grassy Terrain
|-heal|p2a: Dondozo|68/100|[from] item: Leftovers
|upkeep
|
|t:|1755715245
|switch|p1b: Archaludon|Archaludon, L50, M|100/100 slp
|turn|4
|inactive|metakross has 30 seconds left.
|
|t:|1755715275
|move|p1a: Tatsugiri|Protect|p1a: Tatsugiri
|-singleturn|p1a: Tatsugiri|Protect
|move|p2b: Rillaboom|Grassy Glide|p1a: Tatsugiri
|-activate|p1a: Tatsugiri|move: Protect
|cant|p1b: Archaludon|slp
|move|p2a: Dondozo|Fissure|p1b: Archaludon|[miss]
|-miss|p2a: Dondozo|p1b: Archaludon
|
|-weather|RainDance|[upkeep]
|-heal|p2b: Rillaboom|13/100|[from] Grassy Terrain
|-heal|p2a: Dondozo|74/100|[from] Grassy Terrain
|-heal|p2a: Dondozo|80/100|[from] item: Leftovers
|-sideend|p1: STL Donductor|move: Tailwind
|upkeep
|turn|5
|inactive|STL Donductor has 30 seconds left.
|
|t:|1755715304
|move|p2b: Rillaboom|Grassy Glide|p1a: Tatsugiri
|-damage|p1a: Tatsugiri|31/100
|move|p1a: Tatsugiri|Draco Meteor|p2a: Dondozo
|-damage|p2a: Dondozo|37/100
|-unboost|p1a: Tatsugiri|spa|2
|-curestatus|p1b: Archaludon|slp|[msg]
|move|p1b: Archaludon|Electro Shot||[still]
|-prepare|p1b: Archaludon|Electro Shot
|-boost|p1b: Archaludon|spa|1
|-anim|p1b: Archaludon|Electro Shot|p2a: Dondozo
|-supereffective|p2a: Dondozo
|-damage|p2a: Dondozo|0 fnt
|faint|p2a: Dondozo
|
|-weather|none
|-heal|p1a: Tatsugiri|37/100|[from] Grassy Terrain
|-heal|p2b: Rillaboom|19/100|[from] Grassy Terrain
|upkeep
|
|t:|1755715321
|switch|p2a: Sneasler|Sneasler, L50, M|100/100
|turn|6
|inactive|STL Donductor has 30 seconds left.
|
|t:|1755715356
|switch|p1b: Pelipper|Pelipper, L50, F, shiny|100/100
|-weather|RainDance|[from] ability: Drizzle|[of] p1b: Pelipper
|move|p2a: Sneasler|Protect|p2a: Sneasler
|-singleturn|p2a: Sneasler|Protect
|move|p1a: Tatsugiri|Protect|p1a: Tatsugiri
|-singleturn|p1a: Tatsugiri|Protect
|move|p2b: Rillaboom|Grassy Glide|p1a: Tatsugiri
|-activate|p1a: Tatsugiri|move: Protect
|
|-weather|RainDance|[upkeep]
|-heal|p1a: Tatsugiri|42/100|[from] Grassy Terrain
|-heal|p2b: Rillaboom|25/100|[from] Grassy Terrain
|upkeep
|turn|7
|inactive|STL Donductor has 30 seconds left.
|inactive|STL Donductor has 20 seconds left.
|inactive|STL Donductor has 15 seconds left.
|inactive|STL Donductor has 10 seconds left.
|inactive|STL Donductor has 5 seconds left.
|
|t:|1755715407
|switch|p1a: Archaludon|Archaludon, L50, M|100/100
|move|p2b: Rillaboom|Grassy Glide|p1b: Pelipper
|-damage|p1b: Pelipper|45/100
|move|p1b: Pelipper|Hurricane|p2a: Sneasler
|-supereffective|p2a: Sneasler
|-crit|p2a: Sneasler
|-enditem|p2a: Sneasler|Focus Sash
|-damage|p2a: Sneasler|1/100
|-start|p2a: Sneasler|confusion
|-activate|p2a: Sneasler|confusion
|move|p2a: Sneasler|Close Combat|p1a: Archaludon
|-supereffective|p1a: Archaludon
|-damage|p1a: Archaludon|18/100
|-unboost|p2a: Sneasler|def|1
|-unboost|p2a: Sneasler|spd|1
|-ability|p1a: Archaludon|Stamina|boost
|-boost|p1a: Archaludon|def|1
|
|-weather|RainDance|[upkeep]
|-heal|p2a: Sneasler|7/100|[from] Grassy Terrain
|-heal|p2b: Rillaboom|31/100|[from] Grassy Terrain
|-heal|p1a: Archaludon|24/100|[from] Grassy Terrain
|-fieldend|move: Grassy Terrain
|upkeep
|turn|8
|inactive|STL Donductor has 30 seconds left.
|inactive|metakross has 30 seconds left.
|inactive|STL Donductor has 20 seconds left.
|inactive|metakross has 20 seconds left.
|inactive|STL Donductor has 15 seconds left.
|
|t:|1755715449
|switch|p2b: Baxcalibur|Baxcalibur, L50, M|100/100
|switch|p1a: Tatsugiri|Tatsugiri-Stretchy, L50, M, shiny|42/100
|-end|p2a: Sneasler|confusion
|move|p2a: Sneasler|Protect|p2a: Sneasler
|-singleturn|p2a: Sneasler|Protect
|move|p1b: Pelipper|Hurricane|p2b: Baxcalibur
|-damage|p2b: Baxcalibur|55/100
|-start|p2b: Baxcalibur|confusion
|
|-weather|RainDance|[upkeep]
|upkeep
|turn|9
|inactive|STL Donductor has 30 seconds left.
|inactive|metakross has 30 seconds left.
|inactive|STL Donductor has 20 seconds left.
|inactive|STL Donductor has 15 seconds left.
|inactive|STL Donductor has 10 seconds left.
|
|t:|1755715496
|switch|p1b: Archaludon|Archaludon, L50, M|24/100
|-activate|p2b: Baxcalibur|confusion
|move|p2b: Baxcalibur|Ice Shard|p1a: Tatsugiri
|-damage|p1a: Tatsugiri|0 fnt
|faint|p1a: Tatsugiri
|move|p2a: Sneasler|Dire Claw|p1b: Archaludon
|-immune|p1b: Archaludon
|
|-weather|RainDance|[upkeep]
|upkeep
|
|t:|1755715505
|switch|p1a: Pelipper|Pelipper, L50, F, shiny|45/100
|turn|10
|
|t:|1755715526
|move|p2a: Sneasler|Protect|p2a: Sneasler
|-singleturn|p2a: Sneasler|Protect
|-activate|p2b: Baxcalibur|confusion
|move|p2b: Baxcalibur|Ice Shard|p1a: Pelipper
|-damage|p1a: Pelipper|14/100
|move|p1a: Pelipper|Hurricane|p2a: Sneasler
|-activate|p2a: Sneasler|move: Protect
|move|p1b: Archaludon|Dragon Pulse|p2b: Baxcalibur
|-supereffective|p2b: Baxcalibur
|-damage|p2b: Baxcalibur|0 fnt
|faint|p2b: Baxcalibur
|
|-weather|none
|upkeep
|
|t:|1755715532
|switch|p2b: Rillaboom|Rillaboom, L50, F|31/100
|-fieldstart|move: Grassy Terrain|[from] ability: Grassy Surge|[of] p2b: Rillaboom
|turn|11
|
|t:|1755715541
|-terastallize|p2a: Sneasler|Stellar
|move|p2b: Rillaboom|Grassy Glide|p1a: Pelipper
|-damage|p1a: Pelipper|0 fnt
|faint|p1a: Pelipper
|move|p2a: Sneasler|Close Combat|p1b: Archaludon
|-supereffective|p1b: Archaludon
|-damage|p1b: Archaludon|0 fnt
|-unboost|p2a: Sneasler|def|1
|-unboost|p2a: Sneasler|spd|1
|faint|p1b: Archaludon
|
|win|metakross
|raw|STL Donductor's rating: 1214 → 1183(-31 for losing)
|raw|metakross's rating: 1128 → 1159(+31 for winning)
|l|‽metakross
|player|p2|
