|j|☆jonen
|j|☆dperez2552
|html|jonendperez2552    
|uhtml|bestof|Game 3 of a best-of-3
|t:|1756544760
|gametype|doubles
|player|p1|jonen|ruinmaniac-gen3|1176
|player|p2|dperez2552|101|1067
|gen|9
|tier|[Gen 9] VGC 2025 Reg H (Bo3)
|rated|
|rule|Species Clause: Limit one of each Pokémon
|rule|Item Clause: Limit 1 of each item
|clearpoke
|poke|p1|Garchomp, L50, M|
|poke|p1|Weezing-Galar, L50, F|
|poke|p1|Archaludon, L50, M|
|poke|p1|Gholdengo, L50|
|poke|p1|Talonflame, L50, M|
|poke|p1|Annihilape, L50, F|
|poke|p2|Pelipper, L50, F|
|poke|p2|Archaludon, L50, F|
|poke|p2|Basculegion, L50, M|
|poke|p2|Amoonguss, L50, M|
|poke|p2|Incineroar, L50, M|
|poke|p2|Ceruledge, L50, M|
|teampreview|4
|showteam|p1|Garchomp||LifeOrb|RoughSkin|DragonClaw,Earthquake,StompingTantrum,Protect|||M|||50|,,,,,Ground]Weezing-Galar||FocusSash|NeutralizingGas|Protect,SludgeBomb,Taunt,StrangeSteam|||F|||50|,,,,,Flying]Archaludon||PowerHerb|Sturdy|ElectroShot,Thunderbolt,DracoMeteor,Protect|||M|||50|,,,,,Electric]Gholdengo||ChoiceSpecs|GoodasGold|ShadowBall,DazzlingGleam,PowerGem,MakeItRain||||||50|,,,,,Fairy]Talonflame||CovertCloak|GaleWings|Tailwind,DualWingbeat,UpperHand,FlareBlitz|||M|||50|,,,,,Fairy]Annihilape||AssaultVest|Defiant|CloseCombat,RageFist,FinalGambit,IcePunch|||F|||50|,,,,,Grass
|showteam|p2|Pelipper||FocusSash|Drizzle|WeatherBall,Tailwind,WideGuard,Hurricane|||F|||50|,,,,,Ground]Archaludon||PowerHerb|Sturdy|ElectroShot,DracoMeteor,FlashCannon,Protect|||F|||50|,,,,,Electric]Basculegion||ChoiceBand|SwiftSwim|LastRespects,WaveCrash,AquaJet,FlipTurn|||M|||50|,,,,,Stellar]Amoonguss||SitrusBerry|Regenerator|Spore,RagePowder,Protect,PollenPuff|||M|||50|,,,,,Psychic]Incineroar||SafetyGoggles|Intimidate|FakeOut,KnockOff,PartingShot,Protect|||M|||50|,,,,,Ghost]Ceruledge||ClearAmulet|FlashFire|BitterBlade,Protect,BulkUp,ShadowSneak|||M|||50|,,,,,Ghost
|
|t:|1756544783
|teamsize|p1|4
|teamsize|p2|4
|start
|switch|p1a: Weezing|Weezing-Galar, L50, F|100/100
|switch|p1b: Garchomp|Garchomp, L50, M|100/100
|switch|p2a: Archaludon|Archaludon, L50, F|100/100
|switch|p2b: Incineroar|Incineroar, L50, M|100/100
|-ability|p1a: Weezing|Neutralizing Gas
|turn|1
|
|t:|1756544800
|-terastallize|p2a: Archaludon|Electric
|move|p1b: Garchomp|Protect|p1b: Garchomp
|-singleturn|p1b: Garchomp|Protect
|move|p1a: Weezing|Protect|p1a: Weezing
|-singleturn|p1a: Weezing|Protect
|move|p2b: Incineroar|Fake Out|p1b: Garchomp
|-activate|p1b: Garchomp|move: Protect
|move|p2a: Archaludon|Electro Shot||[still]
|-prepare|p2a: Archaludon|Electro Shot
|-boost|p2a: Archaludon|spa|1
|-enditem|p2a: Archaludon|Power Herb
|-anim|p2a: Archaludon|Electro Shot|p1a: Weezing
|-activate|p1a: Weezing|move: Protect
|
|upkeep
|turn|2
|
|t:|1756544819
|-terastallize|p1a: Weezing|Flying
|move|p2a: Archaludon|Protect|p2a: Archaludon
|-singleturn|p2a: Archaludon|Protect
|move|p1b: Garchomp|Earthquake|p2a: Archaludon|[spread] p2b
|-activate|p2a: Archaludon|move: Protect
|-immune|p1a: Weezing
|-supereffective|p2b: Incineroar
|-damage|p2b: Incineroar|4/100
|-damage|p1b: Garchomp|91/100|[from] item: Life Orb
|move|p1a: Weezing|Sludge Bomb|p2a: Archaludon
|-activate|p2a: Archaludon|move: Protect
|move|p2b: Incineroar|Parting Shot|p1b: Garchomp
|-unboost|p1b: Garchomp|atk|1
|-unboost|p1b: Garchomp|spa|1
|
|t:|1756544837
|switch|p2b: Pelipper|Pelipper, L50, F|100/100|[from] Parting Shot
|
|upkeep
|turn|3
|
|t:|1756544860
|move|p1b: Garchomp|Dragon Claw|p2b: Pelipper
|-damage|p2b: Pelipper|55/100
|-damage|p1b: Garchomp|81/100|[from] item: Life Orb
|move|p2a: Archaludon|Electro Shot||[still]
|-prepare|p2a: Archaludon|Electro Shot
|-boost|p2a: Archaludon|spa|1
|move|p2b: Pelipper|Tailwind|p2b: Pelipper
|-sidestart|p2: dperez2552|move: Tailwind
|move|p1a: Weezing|Sludge Bomb|p2b: Pelipper
|-damage|p2b: Pelipper|0 fnt
|faint|p2b: Pelipper
|
|upkeep
|
|t:|1756544872
|switch|p2b: Incineroar|Incineroar, L50, M|4/100
|turn|4
|
|t:|1756544881
|move|p1a: Weezing|Protect|p1a: Weezing
|-singleturn|p1a: Weezing|Protect
|move|p2b: Incineroar|Fake Out|p1b: Garchomp
|-damage|p1b: Garchomp|69/100
|move|p2a: Archaludon|Electro Shot|p1a: Weezing|[from] lockedmove
|-activate|p1a: Weezing|move: Protect
|cant|p1b: Garchomp|flinch
|
|upkeep
|turn|5
|
|t:|1756544895
|switch|p1b: Annihilape|Annihilape, L50, F|100/100
|move|p2a: Archaludon|Flash Cannon|p1a: Weezing
|-enditem|p1a: Weezing|Focus Sash
|-damage|p1a: Weezing|1/100
|move|p2b: Incineroar|Parting Shot|p1b: Annihilape
|-unboost|p1b: Annihilape|atk|1
|-unboost|p1b: Annihilape|spa|1
|
|t:|1756544903
|switch|p2b: Amoonguss|Amoonguss, L50, M|100/100|[from] Parting Shot
|move|p1a: Weezing|Sludge Bomb|p2b: Amoonguss
|-damage|p2b: Amoonguss|73/100
|
|upkeep
|turn|6
|
|t:|1756544918
|move|p1a: Weezing|Protect|p1a: Weezing
|-singleturn|p1a: Weezing|Protect
|move|p2b: Amoonguss|Rage Powder|p2b: Amoonguss
|-singleturn|p2b: Amoonguss|move: Rage Powder
|move|p2a: Archaludon|Flash Cannon|p1a: Weezing
|-activate|p1a: Weezing|move: Protect
|move|p1b: Annihilape|Final Gambit|p2b: Amoonguss
|-damage|p2b: Amoonguss|0 fnt
|faint|p1b: Annihilape
|faint|p2b: Amoonguss
|
|-sideend|p2: dperez2552|move: Tailwind
|upkeep
|
|t:|1756544929
|switch|p1b: Archaludon|Archaludon, L50, M|100/100
|switch|p2b: Incineroar|Incineroar, L50, M|4/100
|turn|7
|
|t:|1756544949
|move|p2b: Incineroar|Fake Out|p1b: Archaludon
|-resisted|p1b: Archaludon
|-damage|p1b: Archaludon|96/100
|move|p2a: Archaludon|Draco Meteor|p1b: Archaludon
|-damage|p1b: Archaludon|0 fnt
|-unboost|p2a: Archaludon|spa|2
|faint|p1b: Archaludon
|move|p1a: Weezing|Sludge Bomb|p2b: Incineroar
|-damage|p2b: Incineroar|0 fnt
|faint|p2b: Incineroar
|
|upkeep
|
|t:|1756544954
|switch|p1b: Garchomp|Garchomp, L50, M|69/100
|turn|8
|
|t:|1756544964
|move|p1b: Garchomp|Stomping Tantrum|p2a: Archaludon
|-supereffective|p2a: Archaludon
|-damage|p2a: Archaludon|16/100
|-damage|p1b: Garchomp|60/100|[from] item: Life Orb
|move|p2a: Archaludon|Draco Meteor|p1b: Garchomp
|-supereffective|p1b: Garchomp
|-damage|p1b: Garchomp|0 fnt
|-unboost|p2a: Archaludon|spa|2
|faint|p1b: Garchomp
|move|p1a: Weezing|Sludge Bomb|p2a: Archaludon
|-damage|p2a: Archaludon|0 fnt
|faint|p2a: Archaludon
|
|win|jonen
|raw|jonen's rating: 1176 → 1193(+17 for winning)
|raw|dperez2552's rating: 1067 → 1053(-14 for losing)
