|j|☆Notaplaceofhonor
|j|☆gokturkxd
|html|Notaplaceofhonorgokturkxd    
|uhtml|bestof|Game 3 of a best-of-3
|t:|1757710644
|gametype|doubles
|player|p1|Notaplaceofhonor|juan-gen3|1155
|player|p2|gokturkxd|n-masters3|1121
|gen|9
|tier|[Gen 9] VGC 2025 Reg H (Bo3)
|rated|
|rule|Species Clause: Limit one of each Pokémon
|rule|Item Clause: Limit 1 of each item
|clearpoke
|poke|p1|Ursaluna, L50, F|
|poke|p1|Incineroar, L50, M|
|poke|p1|Archaludon, L50, M|
|poke|p1|Pelipper, L50, M|
|poke|p1|Basculegion, L50, M|
|poke|p1|Sinistcha, L50|
|poke|p2|Kommo-o, L50, M|
|poke|p2|Drifblim, L50, F|
|poke|p2|Hydreigon, L50, M|
|poke|p2|Toxtricity, L50, M|
|poke|p2|Volcarona, L50, F|
|poke|p2|Indeedee, L50, M|
|teampreview|4
|showteam|p1|Ursaluna||FlameOrb|Guts|Protect,Facade,Earthquake,HeadlongRush|||F|||50|,,,,,Ghost]Incineroar||SafetyGoggles|Intimidate|Taunt,FakeOut,KnockOff,PartingShot|||M|||50|,,,,,Ghost]Archaludon||AssaultVest|Stamina|ElectroShot,Snarl,DracoMeteor,BodyPress|||M|||50|,,,,,Grass]Pelipper||FocusSash|Drizzle|Hurricane,WeatherBall,Tailwind,Protect|||M|||50|,,,,,Ghost]Basculegion||ChoiceScarf|Adaptability|WaveCrash,LastRespects,FlipTurn,AquaJet|||M|||50|,,,,,Water]Sinistcha||SitrusBerry|Hospitality|MatchaGotcha,TrickRoom,RagePowder,LifeDew||||||50|,,,,,Water
|showteam|p2|Kommo-o||Leftovers|Soundproof|BodyPress,Flamethrower,IronDefense,Protect|||M|||50|,,,,,Fire]Drifblim||PsychicSeed|Unburden|Acrobatics,WillOWisp,StrengthSap,Tailwind|||F|||50|,,,,,Grass]Hydreigon||AssaultVest|Levitate|DarkPulse,DracoMeteor,EarthPower,Snarl|||M|||50|,,,,,Ghost]Toxtricity||ChoiceSpecs|PunkRock|VoltSwitch,SludgeBomb,Boomburst,Overdrive|||M|||50|,,,,,Normal]Volcarona||CovertCloak|FlameBody|QuiverDance,HeatWave,TeraBlast,Protect|||F|||50|,,,,,Fairy]Indeedee||FocusSash|PsychicSurge|ExpandingForce,TeraBlast,Imprison,TrickRoom|||M|||50|,,,,,Fighting
|inactive|Battle timer is ON: inactive players will automatically lose when time's up. (requested by Notaplaceofhonor)
|
|t:|1757710698
|teamsize|p1|4
|teamsize|p2|4
|start
|switch|p1a: Pelipper|Pelipper, L50, M|100/100
|switch|p1b: Archaludon|Archaludon, L50, M|100/100
|switch|p2a: Indeedee|Indeedee, L50, M|100/100
|switch|p2b: Toxtricity|Toxtricity, L50, M, shiny|100/100
|-fieldstart|move: Psychic Terrain|[from] ability: Psychic Surge|[of] p2a: Indeedee
|-weather|RainDance|[from] ability: Drizzle|[of] p1a: Pelipper
|turn|1
|l|☆gokturkxd
|inactive|gokturkxd disconnected and has a minute to reconnect!
|player|p2|
|j|☆gokturkxd
|inactive|gokturkxd reconnected and has 40 seconds left.
|player|p2|gokturkxd|n-masters3|
|inactive|gokturkxd has 30 seconds left.
|inactive|Notaplaceofhonor has 30 seconds left.
|
|t:|1757710734
|switch|p1a: Incineroar|Incineroar, L50, M|100/100
|-ability|p1a: Incineroar|Intimidate|boost
|-unboost|p2a: Indeedee|atk|1
|-unboost|p2b: Toxtricity|atk|1
|move|p2a: Indeedee|Expanding Force|p1b: Archaludon|[spread] p1b
|-immune|p1a: Incineroar
|-resisted|p1b: Archaludon
|-damage|p1b: Archaludon|82/100
|-ability|p1b: Archaludon|Stamina|boost
|-boost|p1b: Archaludon|def|1
|move|p2b: Toxtricity|Overdrive|p1b: Archaludon|[spread] p1a,p1b
|-resisted|p1b: Archaludon
|-damage|p1a: Incineroar|50/100
|-damage|p1b: Archaludon|60/100
|-ability|p1b: Archaludon|Stamina|boost
|-boost|p1b: Archaludon|def|1
|move|p1b: Archaludon|Electro Shot||[still]
|-prepare|p1b: Archaludon|Electro Shot
|-boost|p1b: Archaludon|spa|1
|-anim|p1b: Archaludon|Electro Shot|p2a: Indeedee
|-damage|p2a: Indeedee|30/100
|
|-weather|RainDance|[upkeep]
|upkeep
|turn|2
|inactive|Notaplaceofhonor has 30 seconds left.
|
|t:|1757710759
|-terastallize|p2a: Indeedee|Fighting
|move|p2a: Indeedee|Tera Blast|p1b: Archaludon|[anim] Tera Blast Fighting
|-supereffective|p1b: Archaludon
|-crit|p1b: Archaludon
|-damage|p1b: Archaludon|0 fnt
|faint|p1b: Archaludon
|move|p2b: Toxtricity|Overdrive|p1a: Incineroar
|-crit|p1a: Incineroar
|-damage|p1a: Incineroar|0 fnt
|faint|p1a: Incineroar
|
|-weather|RainDance|[upkeep]
|upkeep
|
|t:|1757710766
|switch|p1b: Basculegion|Basculegion, L50, M|100/100
|switch|p1a: Pelipper|Pelipper, L50, M|100/100
|turn|3
|c|☆gokturkxd|apologies
|c|☆gokturkxd|I believe it still kills tho, but anyways
|inactive|gokturkxd has 30 seconds left.
|
|t:|1757710798
|move|p1b: Basculegion|Last Respects|p2b: Toxtricity
|-damage|p2b: Toxtricity|0 fnt
|faint|p2b: Toxtricity
|move|p2a: Indeedee|Expanding Force|p1a: Pelipper|[spread] p1a,p1b
|-damage|p1a: Pelipper|9/100
|-damage|p1b: Basculegion|43/100
|move|p1a: Pelipper|Hurricane|p2a: Indeedee
|-supereffective|p2a: Indeedee
|-damage|p2a: Indeedee|0 fnt
|faint|p2a: Indeedee
|
|-weather|RainDance|[upkeep]
|upkeep
|
|t:|1757710802
|switch|p2a: Drifblim|Drifblim, L50, F|100/100
|switch|p2b: Kommo-o|Kommo-o, L50, M|100/100
|-enditem|p2a: Drifblim|Psychic Seed
|-boost|p2a: Drifblim|spd|1|[from] item: Psychic Seed
|turn|4
|inactive|Notaplaceofhonor has 30 seconds left.
|inactive|gokturkxd has 30 seconds left.
|inactive|Notaplaceofhonor has 20 seconds left.
|inactive|gokturkxd has 20 seconds left.
|inactive|gokturkxd has 15 seconds left.
|inactive|gokturkxd has 10 seconds left.
|inactive|gokturkxd has 5 seconds left.
|inactive|Notaplaceofhonor has 15 seconds left.
|
|t:|1757710860
|-terastallize|p1a: Pelipper|Ghost
|move|p2a: Drifblim|Acrobatics|p1a: Pelipper
|-damage|p1a: Pelipper|0 fnt
|faint|p1a: Pelipper
|move|p1b: Basculegion|Last Respects|p2a: Drifblim
|-supereffective|p2a: Drifblim
|-damage|p2a: Drifblim|0 fnt
|faint|p2a: Drifblim
|move|p2b: Kommo-o|Iron Defense|p2b: Kommo-o
|-boost|p2b: Kommo-o|def|2
|
|-weather|RainDance|[upkeep]
|upkeep
|turn|5
|inactive|gokturkxd has 30 seconds left.
|
|t:|1757710885
|move|p2b: Kommo-o|Protect|p2b: Kommo-o
|-singleturn|p2b: Kommo-o|Protect
|move|p1b: Basculegion|Last Respects|p2b: Kommo-o
|-activate|p2b: Kommo-o|move: Protect
|
|-weather|none
|-fieldend|move: Psychic Terrain
|upkeep
|turn|6
|
|t:|1757710889
|move|p1b: Basculegion|Last Respects|p2b: Kommo-o
|-damage|p2b: Kommo-o|52/100
|move|p2b: Kommo-o|Flamethrower|p1b: Basculegion
|-resisted|p1b: Basculegion
|-damage|p1b: Basculegion|29/100
|
|-heal|p2b: Kommo-o|58/100|[from] item: Leftovers
|upkeep
|turn|7
|
|t:|1757710897
|move|p2b: Kommo-o|Protect|p2b: Kommo-o
|-singleturn|p2b: Kommo-o|Protect
|move|p1b: Basculegion|Last Respects|p2b: Kommo-o
|-activate|p2b: Kommo-o|move: Protect
|
|-heal|p2b: Kommo-o|64/100|[from] item: Leftovers
|upkeep
|turn|8
|
|t:|1757710907
|move|p1b: Basculegion|Last Respects|p2b: Kommo-o
|-damage|p2b: Kommo-o|13/100
|move|p2b: Kommo-o|Flamethrower|p1b: Basculegion
|-resisted|p1b: Basculegion
|-damage|p1b: Basculegion|15/100
|
|-heal|p2b: Kommo-o|19/100|[from] item: Leftovers
|upkeep
|turn|9
|
|t:|1757710911
|move|p2b: Kommo-o|Protect|p2b: Kommo-o
|-singleturn|p2b: Kommo-o|Protect
|move|p1b: Basculegion|Last Respects|p2b: Kommo-o
|-activate|p2b: Kommo-o|move: Protect
|
|-heal|p2b: Kommo-o|25/100|[from] item: Leftovers
|upkeep
|turn|10
|c|☆gokturkxd|sadge
|
|t:|1757710916
|move|p2b: Kommo-o|Protect||[still]
|-fail|p2b: Kommo-o
|move|p1b: Basculegion|Last Respects|p2b: Kommo-o
|-damage|p2b: Kommo-o|0 fnt
|faint|p2b: Kommo-o
|
|win|Notaplaceofhonor
|raw|Notaplaceofhonor's rating: 1155 → 1178(+23 for winning)
|raw|gokturkxd's rating: 1121 → 1098(-23 for losing)
