|j|☆hexagonfoot
|j|☆gianisking
|html|hexagonfootgianisking    
|uhtml|bestof|Game 2 of a best-of-3
|t:|1756506484
|gametype|doubles
|player|p1|hexagonfoot|caitlin|1239
|player|p2|gianisking|bugcatcher-gen4dp|1328
|gen|9
|tier|[Gen 9] VGC 2025 Reg H (Bo3)
|rated|
|rule|Species Clause: Limit one of each Pokémon
|rule|Item Clause: Limit 1 of each item
|clearpoke
|poke|p1|Kingambit, L50, F|
|poke|p1|Primarina, L50, F|
|poke|p1|Sneasler, L50, F|
|poke|p1|Magmar, L50, F|
|poke|p1|Rillaboom, L50, M|
|poke|p1|Dragapult, L50, M|
|poke|p2|Kilowattrel, L50, F|
|poke|p2|Amoonguss, L50, F|
|poke|p2|Ursaluna, L50, M|
|poke|p2|Incineroar, L50, F|
|poke|p2|Porygon2, L50|
|poke|p2|Gholdengo, L50|
|teampreview|4
|showteam|p1|Kingambit||BlackGlasses|Defiant|KowtowCleave,SuckerPunch,SwordsDance,Protect|||F|||50|,,,,,Ghost]Primarina||SitrusBerry|LiquidVoice|HyperVoice,Moonblast,Haze,Protect|||F|||50|,,,,,Water]Sneasler||FocusSash|PoisonTouch|CloseCombat,DireClaw,FakeOut,Protect|||F|||50|,,,,,Stellar]Magmar||Eviolite|VitalSpirit|Overheat,WillOWisp,FollowMe,Protect|||F|||50|,,,,,Ghost]Rillaboom||AssaultVest|GrassySurge|WoodHammer,GrassyGlide,HighHorsepower,FakeOut|||M|||50|,,,,,Fire]Dragapult||ChoiceBand|ClearBody|DragonDarts,PhantomForce,TeraBlast,Uturn|||M|||50|,,,,,Ghost
|showteam|p2|Kilowattrel||FocusSash|Competitive|Thunderbolt,AirSlash,Protect,Tailwind|||F|||50|,,,,,Ghost]Amoonguss||SitrusBerry|Regenerator|Spore,RagePowder,PollenPuff,Protect|||F|||50|,,,,,Fairy]Ursaluna||FlameOrb|Guts|Facade,HeadlongRush,Earthquake,Protect|||M|||50|,,,,,Ghost]Incineroar||SafetyGoggles|Intimidate|KnockOff,PartingShot,FakeOut,FlareBlitz|||F|||50|,,,,,Ghost]Porygon2||Eviolite|Download|TeraBlast,IceBeam,TrickRoom,Protect||||||50|,,,,,Fighting]Gholdengo||MetalCoat|GoodasGold|MakeItRain,ShadowBall,Protect,NastyPlot||||||50|,,,,,Water
|inactive|Battle timer is ON: inactive players will automatically lose when time's up. (requested by hexagonfoot)
|inactive|gianisking has 60 seconds left.
|
|t:|1756506532
|teamsize|p1|4
|teamsize|p2|4
|start
|switch|p1a: Kingambit|Kingambit, L50, F|100/100
|switch|p1b: Sneasler|Sneasler, L50, F|100/100
|switch|p2a: Ursaluna|Ursaluna, L50, M|100/100
|switch|p2b: Porygon2|Porygon2, L50|100/100
|-ability|p2b: Porygon2|Download|boost
|-boost|p2b: Porygon2|atk|1
|turn|1
|inactive|hexagonfoot has 30 seconds left.
|
|t:|1756506567
|switch|p2b: Kilowattrel|Kilowattrel, L50, F|100/100
|-terastallize|p2a: Ursaluna|Ghost
|move|p1a: Kingambit|Protect|p1a: Kingambit
|-singleturn|p1a: Kingambit|Protect
|move|p1b: Sneasler|Close Combat|p2b: Kilowattrel
|-resisted|p2b: Kilowattrel
|-damage|p2b: Kilowattrel|40/100
|-unboost|p1b: Sneasler|def|1
|-unboost|p1b: Sneasler|spd|1
|-status|p2b: Kilowattrel|psn|[from] ability: Poison Touch|[of] p1b: Sneasler
|move|p2a: Ursaluna|Headlong Rush|p1a: Kingambit
|-activate|p1a: Kingambit|move: Protect
|
|-damage|p2b: Kilowattrel|28/100 psn|[from] psn
|-status|p2a: Ursaluna|brn|[from] item: Flame Orb
|upkeep
|turn|2
|
|t:|1756506591
|move|p1a: Kingambit|Sucker Punch|p2a: Ursaluna
|-supereffective|p2a: Ursaluna
|-damage|p2a: Ursaluna|32/100 brn
|move|p2b: Kilowattrel|Tailwind|p2b: Kilowattrel
|-sidestart|p2: gianisking|move: Tailwind
|move|p1b: Sneasler|Dire Claw|p2b: Kilowattrel
|-damage|p2b: Kilowattrel|0 fnt
|faint|p2b: Kilowattrel
|move|p2a: Ursaluna|Earthquake|p1b: Sneasler|[spread] p1a,p1b
|-supereffective|p1a: Kingambit
|-crit|p1a: Kingambit
|-supereffective|p1b: Sneasler
|-crit|p1b: Sneasler
|-damage|p1a: Kingambit|0 fnt
|-enditem|p1b: Sneasler|Focus Sash
|-damage|p1b: Sneasler|1/100
|faint|p1a: Kingambit
|
|-damage|p2a: Ursaluna|27/100 brn|[from] brn
|upkeep
|
|t:|1756506603
|switch|p2b: Porygon2|Porygon2, L50|100/100
|switch|p1a: Rillaboom|Rillaboom, L50, M|100/100
|-ability|p2b: Porygon2|Download|boost
|-boost|p2b: Porygon2|spa|1
|-fieldstart|move: Grassy Terrain|[from] ability: Grassy Surge|[of] p1a: Rillaboom
|turn|3
|
|t:|1756506621
|move|p1a: Rillaboom|Grassy Glide|p2a: Ursaluna
|-damage|p2a: Ursaluna|0 fnt
|faint|p2a: Ursaluna
|move|p1b: Sneasler|Close Combat|p2b: Porygon2
|-supereffective|p2b: Porygon2
|-damage|p2b: Porygon2|25/100
|-unboost|p1b: Sneasler|def|1
|-unboost|p1b: Sneasler|spd|1
|-status|p2b: Porygon2|psn|[from] ability: Poison Touch|[of] p1b: Sneasler
|move|p2b: Porygon2|Ice Beam|p1b: Sneasler
|-damage|p1b: Sneasler|0 fnt
|faint|p1b: Sneasler
|
|-heal|p2b: Porygon2|32/100 psn|[from] Grassy Terrain
|-damage|p2b: Porygon2|19/100 psn|[from] psn
|upkeep
|
|t:|1756506632
|switch|p1b: Magmar|Magmar, L50, F|100/100
|switch|p2a: Incineroar|Incineroar, L50, F|100/100
|-ability|p2a: Incineroar|Intimidate|boost
|-unboost|p1a: Rillaboom|atk|1
|-unboost|p1b: Magmar|atk|1
|turn|4
|
|t:|1756506655
|-terastallize|p1a: Rillaboom|Fire
|move|p2a: Incineroar|Knock Off|p1a: Rillaboom
|-damage|p1a: Rillaboom|62/100
|-enditem|p1a: Rillaboom|Assault Vest|[from] move: Knock Off|[of] p2a: Incineroar
|move|p2b: Porygon2|Tera Blast|p1a: Rillaboom
|-damage|p1a: Rillaboom|5/100
|move|p1b: Magmar|Overheat|p2b: Porygon2
|-damage|p2b: Porygon2|0 fnt
|-unboost|p1b: Magmar|spa|2
|faint|p2b: Porygon2
|move|p1a: Rillaboom|High Horsepower|p2a: Incineroar
|-supereffective|p2a: Incineroar
|-damage|p2a: Incineroar|67/100
|
|-heal|p2a: Incineroar|73/100|[from] Grassy Terrain
|-heal|p1a: Rillaboom|11/100|[from] Grassy Terrain
|upkeep
|turn|5
|
|t:|1756506674
|move|p1b: Magmar|Follow Me|p1b: Magmar
|-singleturn|p1b: Magmar|move: Follow Me
|move|p2a: Incineroar|Knock Off|p1b: Magmar
|-damage|p1b: Magmar|72/100
|-enditem|p1b: Magmar|Eviolite|[from] move: Knock Off|[of] p2a: Incineroar
|move|p1a: Rillaboom|High Horsepower|p2a: Incineroar
|-supereffective|p2a: Incineroar
|-damage|p2a: Incineroar|34/100
|
|-heal|p2a: Incineroar|40/100|[from] Grassy Terrain
|-heal|p1b: Magmar|78/100|[from] Grassy Terrain
|-heal|p1a: Rillaboom|17/100|[from] Grassy Terrain
|-sideend|p2: gianisking|move: Tailwind
|upkeep
|turn|6
|
|t:|1756506678
|move|p1b: Magmar|Follow Me|p1b: Magmar
|-singleturn|p1b: Magmar|move: Follow Me
|move|p1a: Rillaboom|High Horsepower|p2a: Incineroar
|-supereffective|p2a: Incineroar
|-damage|p2a: Incineroar|5/100
|move|p2a: Incineroar|Knock Off|p1b: Magmar
|-damage|p1b: Magmar|48/100
|
|-heal|p1b: Magmar|54/100|[from] Grassy Terrain
|-heal|p1a: Rillaboom|23/100|[from] Grassy Terrain
|-heal|p2a: Incineroar|11/100|[from] Grassy Terrain
|upkeep
|turn|7
|
|t:|1756506685
|move|p1b: Magmar|Overheat|p2a: Incineroar
|-resisted|p2a: Incineroar
|-damage|p2a: Incineroar|1/100
|-unboost|p1b: Magmar|spa|2
|move|p1a: Rillaboom|Wood Hammer|p2a: Incineroar
|-resisted|p2a: Incineroar
|-damage|p2a: Incineroar|0 fnt
|faint|p2a: Incineroar
|-damage|p1a: Rillaboom|23/100|[from] Recoil
|
|win|hexagonfoot
||hexagonfoot is ready for game 3.
||gianisking is ready for game 3.
|uhtml|next|Next: Game 3 of 3
|l|☆gianisking
|player|p2|
