|j|☆Mashuno
|j|☆kerzz49
|html|Mashunokerzz49    
|uhtml|bestof|Game 1 of a best-of-3
|t:|1784822491
|gametype|doubles
|player|p1|Mashuno|harlequin|1178
|player|p2|kerzz49|cilan|1139
|gen|9
|tier|[Gen 9 Champions] VGC 2026 Reg M-B (Bo3)
|rated|
|rule|Species Clause: Limit one of each Pokémon
|rule|Item Clause: Limit 1 of each item
|clearpoke
|poke|p1|Blastoise, L50, M|
|poke|p1|Incineroar, L50, M|
|poke|p1|Sinistcha, L50|
|poke|p1|Ninetales-Alola, L50, F|
|poke|p1|Garchomp, L50, M|
|poke|p1|Corviknight, L50, M|
|poke|p2|Abomasnow, L50, M, shiny|
|poke|p2|Farigiraf, L50, F, shiny|
|poke|p2|Incineroar, L50, F, shiny|
|poke|p2|Mudsdale, L50, F, shiny|
|poke|p2|Annihilape, L50, F, shiny|
|poke|p2|Gallade, L50, M, shiny|
|teampreview|4
|showteam|p1|Blastoise||Blastoisinite|Torrent|Protect,ShellSmash,WaterSpout,DarkPulse|Modest||M|||50|]Incineroar||PasshoBerry|Intimidate|FakeOut,FlareBlitz,ThroatChop,PartingShot|Impish||M|||50|]Sinistcha||SitrusBerry|Hospitality|Protect,MatchaGotcha,RagePowder,TrickRoom|Bold|||||50|]Ninetales-Alola||FocusSash|SnowWarning|Protect,Blizzard,FreezeDry,Moonblast|Timid||F|||50|]Garchomp||LifeOrb|RoughSkin|Protect,DragonClaw,Earthquake,RockSlide|Jolly||M|||50|]Corviknight||Leftovers|MirrorArmor|BraveBird,Tailwind,IronHead,BodyPress|Impish||M|||50|
|showteam|p2|Abomasnow||Abomasite|SnowWarning|Blizzard,GrassKnot,EarthPower,IceShard|Quiet||M|||50|]Farigiraf||SitrusBerry|ArmorTail|Psychic,Thunderbolt,TrickRoom,Protect|Quiet||F|||50|]Incineroar||WhiteHerb|Intimidate|FakeOut,DarkestLariat,CloseCombat,FlareBlitz|Adamant||F|||50|]Mudsdale||LifeOrb|InnerFocus|RockSlide,HighHorsepower,HeavySlam,Protect|Brave||F|||50|]Annihilape||FocusSash|Defiant|CloseCombat,Taunt,RockTomb,RageFist|Adamant||F|||50|]Gallade||ExpertBelt|Sharpness|SacredSword,PsychoCut,TrickRoom,LeafBlade|Adamant||M|||50|
|c|☆Mashuno|gl hf <3
|c|☆kerzz49|u too
|
|t:|1784822585
|teamsize|p1|4
|teamsize|p2|4
|start
|switch|p1a: Blastoise|Blastoise, L50, M|100/100
|switch|p1b: Sinistcha|Sinistcha, L50|100/100
|switch|p2a: Farigiraf|Farigiraf, L50, F, shiny|100/100
|switch|p2b: Incineroar|Incineroar, L50, F, shiny|100/100
|-ability|p2b: Incineroar|Intimidate|boost
|-unboost|p1a: Blastoise|atk|1
|-unboost|p1b: Sinistcha|atk|1
|turn|1
|
|t:|1784822645
|detailschange|p1a: Blastoise|Blastoise-Mega, L50, M
|-mega|p1a: Blastoise|Blastoise|Blastoisinite
|move|p2b: Incineroar|Fake Out|p1a: Blastoise
|-damage|p1a: Blastoise|86/100
|cant|p1a: Blastoise|flinch
|move|p2a: Farigiraf|Psychic|p1b: Sinistcha
|-damage|p1b: Sinistcha|59/100
|move|p1b: Sinistcha|Trick Room|p1b: Sinistcha
|-fieldstart|move: Trick Room|[of] p1b: Sinistcha
|
|upkeep
|turn|2
|
|t:|1784822672
|switch|p2a: Abomasnow|Abomasnow, L50, M, shiny|100/100
|-weather|Snowscape|[from] ability: Snow Warning|[of] p2a: Abomasnow
|move|p1b: Sinistcha|Rage Powder|p1b: Sinistcha
|-singleturn|p1b: Sinistcha|move: Rage Powder
|move|p2b: Incineroar|Flare Blitz|p1b: Sinistcha
|-supereffective|p1b: Sinistcha|1
|-damage|p1b: Sinistcha|0 fnt
|faint|p1b: Sinistcha
|-damage|p2b: Incineroar|82/100|[from] Recoil
|move|p1a: Blastoise|Water Spout|p2b: Incineroar|[spread] p2a,p2b
|-resisted|p2a: Abomasnow|1
|-supereffective|p2b: Incineroar|1
|-damage|p2a: Abomasnow|72/100
|-damage|p2b: Incineroar|0 fnt
|faint|p2b: Incineroar
|
|-weather|Snowscape|[upkeep]
|upkeep
|
|t:|1784822697
|switch|p2b: Farigiraf|Farigiraf, L50, F, shiny|100/100
|switch|p1b: Incineroar|Incineroar, L50, M|100/100
|-ability|p1b: Incineroar|Intimidate|boost
|-unboost|p2a: Abomasnow|atk|1
|-unboost|p2b: Farigiraf|atk|1
|turn|3
|
|t:|1784822726
|switch|p2a: Gallade|Gallade, L50, M, shiny|100/100
|switch|p1b: Corviknight|Corviknight, L50, M|100/100
|move|p1a: Blastoise|Protect|p1a: Blastoise
|-singleturn|p1a: Blastoise|Protect
|move|p2b: Farigiraf|Thunderbolt|p1a: Blastoise
|-activate|p1a: Blastoise|move: Protect
|
|-weather|Snowscape|[upkeep]
|upkeep
|turn|4
|
|t:|1784822745
|switch|p1a: Incineroar|Incineroar, L50, M|100/100
|-ability|p1a: Incineroar|Intimidate|boost
|-unboost|p2a: Gallade|atk|1
|-unboost|p2b: Farigiraf|atk|1
|move|p2b: Farigiraf|Thunderbolt|p1b: Corviknight
|-supereffective|p1b: Corviknight|1
|-damage|p1b: Corviknight|57/100
|move|p1b: Corviknight|Brave Bird|p2a: Gallade
|-supereffective|p2a: Gallade|1
|-damage|p2a: Gallade|16/100
|-damage|p1b: Corviknight|32/100|[from] Recoil
|move|p2a: Gallade|Sacred Sword|p1b: Corviknight
|-damage|p1b: Corviknight|0 fnt
|faint|p1b: Corviknight
|
|-weather|Snowscape|[upkeep]
|upkeep
|
|t:|1784822761
|switch|p1b: Blastoise|Blastoise-Mega, L50, M|86/100
|turn|5
|
|t:|1784822789
|move|p2b: Farigiraf|Thunderbolt|p1b: Blastoise
|-supereffective|p1b: Blastoise|1
|-damage|p1b: Blastoise|42/100
|move|p1a: Incineroar|Throat Chop|p2b: Farigiraf
|-supereffective|p2b: Farigiraf|1
|-damage|p2b: Farigiraf|39/100
|-start|p2b: Farigiraf|Throat Chop|[silent]
|-enditem|p2b: Farigiraf|Sitrus Berry|[eat]
|-heal|p2b: Farigiraf|64/100|[from] item: Sitrus Berry
|move|p2a: Gallade|Sacred Sword|p1a: Incineroar
|-supereffective|p1a: Incineroar|1
|-damage|p1a: Incineroar|28/100
|move|p1b: Blastoise|Water Spout|p2a: Gallade|[spread] p2a,p2b
|-damage|p2a: Gallade|0 fnt
|-damage|p2b: Farigiraf|39/100
|faint|p2a: Gallade
|
|-weather|Snowscape|[upkeep]
|-fieldend|move: Trick Room
|upkeep
|
|t:|1784822799
|switch|p2a: Abomasnow|Abomasnow, L50, M, shiny|72/100
|turn|6
|
|t:|1784822826
|move|p1b: Blastoise|Dark Pulse|p2b: Farigiraf
|-supereffective|p2b: Farigiraf|1
|-damage|p2b: Farigiraf|0 fnt
|faint|p2b: Farigiraf
|move|p1a: Incineroar|Flare Blitz|p2a: Abomasnow
|-supereffective|p2a: Abomasnow|2
|-damage|p2a: Abomasnow|0 fnt
|faint|p2a: Abomasnow
|-damage|p1a: Incineroar|5/100|[from] Recoil
|
|win|Mashuno
||kerzz49 is ready for game 2.
||Mashuno is ready for game 2.
|uhtml|next|Next: Game 2 of 3
