|j|☆Theelvisboy1
|j|☆LorGhez
|html|Theelvisboy1LorGhez    
|uhtml|bestof|Game 3 of a best-of-3
|t:|1782472223
|gametype|doubles
|player|p1|Theelvisboy1|cynthia|1033
|player|p2|LorGhez|265|1103
|gen|9
|tier|[Gen 9 Champions] VGC 2026 Reg M-B (Bo3)
|rated|
|rule|Species Clause: Limit one of each Pokémon
|rule|Item Clause: Limit 1 of each item
|clearpoke
|poke|p1|Rhyperior, L50, F|
|poke|p1|Leafeon, L50, F, shiny|
|poke|p1|Torkoal, L50, M|
|poke|p1|Pelipper, L50, M|
|poke|p1|Dragonite, L50, M|
|poke|p1|Aegislash, L50, M|
|poke|p2|Sceptile, L50, M|
|poke|p2|Tinkaton, L50, F|
|poke|p2|Rotom-Wash, L50|
|poke|p2|Aerodactyl, L50, M|
|poke|p2|Gyarados, L50, M|
|poke|p2|Kingambit, L50, F|
|teampreview|4
|showteam|p1|Rhyperior||PasshoBerry|LightningRod|RockSlide,SupercellSlam,Earthquake,HammerArm|Brave||F|||50|]Leafeon||LifeOrb|Chlorophyll|SolarBlade,XScissor,KnockOff,Yawn|Adamant||F|||50|]Torkoal||HeatRock|Drought|StealthRock,RockSlide,HeatWave,WillOWisp|Sassy||M|||50|]Pelipper||DampRock|Drizzle|Protect,Uturn,Tailwind,Hurricane|Bold||M|||50|]Dragonite||ChoiceScarf|Multiscale|HeatWave,Hurricane,Thunder,Surf|Modest||M|||50|]Aegislash||Leftovers|StanceChange|SwordsDance,KingsShield,IronHead,SacredSword|Careful||M|||50|
|showteam|p2|Sceptile||Sceptilite|Overgrow|Protect,GrassKnot,DragonPulse,EarthPower|Timid||M|||50|]Tinkaton||FocusSash|MoldBreaker|Protect,FakeOut,GigatonHammer,PlayRough|Adamant||F|||50|]Rotom-Wash||ChoiceScarf|Levitate|WillOWisp,Discharge,HydroPump,LightScreen|Timid|||||50|]Aerodactyl||Aerodactylite|RockHead|Protect,Tailwind,RockSlide,DualWingbeat|Jolly||M|||50|]Gyarados||ExpertBelt|Intimidate|Protect,DragonCheer,Waterfall,TemperFlare|Jolly||M|||50|]Kingambit||ChopleBerry|Defiant|Protect,SuckerPunch,KowtowCleave,LowKick|Adamant||F|||50|
|inactive|Battle timer is ON: inactive players will automatically lose when time's up. (requested by LorGhez)
|
|t:|1782472242
|teamsize|p1|4
|teamsize|p2|4
|start
|switch|p1a: Torkoal|Torkoal, L50, M|100/100
|switch|p1b: Leafeon|Leafeon, L50, F, shiny|100/100
|switch|p2a: Gyarados|Gyarados, L50, M|100/100
|switch|p2b: Tinkaton|Tinkaton, L50, F|100/100
|-ability|p2b: Tinkaton|Mold Breaker
|-ability|p2a: Gyarados|Intimidate|boost
|-unboost|p1a: Torkoal|atk|1
|-unboost|p1b: Leafeon|atk|1
|-weather|SunnyDay|[from] ability: Drought|[of] p1a: Torkoal
|turn|1
|inactive|Theelvisboy1 has 30 seconds left.
|
|t:|1782472275
|switch|p1b: Rhyperior|Rhyperior, L50, F|100/100
|move|p2b: Tinkaton|Fake Out|p1b: Rhyperior
|-resisted|p1b: Rhyperior|1
|-damage|p1b: Rhyperior|96/100
|move|p2a: Gyarados|Temper Flare|p1b: Rhyperior
|-resisted|p1b: Rhyperior|1
|-damage|p1b: Rhyperior|84/100
|move|p1a: Torkoal|Will-O-Wisp|p2b: Tinkaton
|-status|p2b: Tinkaton|brn
|
|-weather|SunnyDay|[upkeep]
|-damage|p2b: Tinkaton|93/100 brn|[from] brn
|upkeep
|turn|2
|inactive|Theelvisboy1 has 30 seconds left.
|
|t:|1782472304
|move|p2b: Tinkaton|Gigaton Hammer|p1b: Rhyperior
|-supereffective|p1b: Rhyperior|1
|-damage|p1b: Rhyperior|41/100
|move|p2a: Gyarados|Waterfall|p1a: Torkoal
|-supereffective|p1a: Torkoal|1
|-damage|p1a: Torkoal|66/100
|move|p1b: Rhyperior|Rock Slide|p2b: Tinkaton|[spread] p2a,p2b
|-supereffective|p2a: Gyarados|1
|-resisted|p2b: Tinkaton|1
|-damage|p2a: Gyarados|12/100
|-damage|p2b: Tinkaton|70/100 brn
|move|p1a: Torkoal|Heat Wave|p2b: Tinkaton|[spread] p2a,p2b
|-resisted|p2a: Gyarados|1
|-supereffective|p2b: Tinkaton|1
|-damage|p2a: Gyarados|0 fnt
|-damage|p2b: Tinkaton|4/100 brn
|faint|p2a: Gyarados
|
|-weather|SunnyDay|[upkeep]
|-damage|p2b: Tinkaton|0 fnt|[from] brn
|faint|p2b: Tinkaton
|upkeep
|
|t:|1782472320
|switch|p2b: Sceptile|Sceptile, L50, M|100/100
|switch|p2a: Rotom|Rotom-Wash, L50|100/100
|turn|3
|inactive|Theelvisboy1 has 30 seconds left.
|
|t:|1782472350
|detailschange|p2b: Sceptile|Sceptile-Mega, L50, M
|-mega|p2b: Sceptile|Sceptile|Sceptilite
|move|p2a: Rotom|Discharge|p1a: Torkoal|[spread] p1a
|-ability|p2b: Sceptile|Lightning Rod|boost
|-boost|p2b: Sceptile|spa|1
|-ability|p1b: Rhyperior|Lightning Rod|boost
|-boost|p1b: Rhyperior|spa|1
|-damage|p1a: Torkoal|47/100
|-status|p1a: Torkoal|par
|move|p2b: Sceptile|Dragon Pulse|p1b: Rhyperior
|-damage|p1b: Rhyperior|0 fnt
|faint|p1b: Rhyperior
|move|p1a: Torkoal|Rock Slide|p2b: Sceptile|[spread] p2a,p2b
|-damage|p2a: Rotom|92/100
|-damage|p2b: Sceptile|90/100
|
|-weather|SunnyDay|[upkeep]
|upkeep
|
|t:|1782472365
|switch|p1b: Leafeon|Leafeon, L50, F, shiny|100/100
|turn|4
|
|t:|1782472385
|move|p1b: Leafeon|Solar Blade||[still]
|-prepare|p1b: Leafeon|Solar Blade
|-anim|p1b: Leafeon|Solar Blade|p2a: Rotom
|-supereffective|p2a: Rotom|1
|-damage|p2a: Rotom|0 fnt
|faint|p2a: Rotom
|-damage|p1b: Leafeon|90/100|[from] item: Life Orb
|move|p2b: Sceptile|Dragon Pulse|p1b: Leafeon
|-damage|p1b: Leafeon|0 fnt
|faint|p1b: Leafeon
|move|p1a: Torkoal|Will-O-Wisp|p2b: Sceptile
|-status|p2b: Sceptile|brn
|
|-weather|SunnyDay|[upkeep]
|-damage|p2b: Sceptile|85/100 brn|[from] brn
|upkeep
|
|t:|1782472396
|switch|p1b: Dragonite|Dragonite, L50, M|100/100
|turn|5
|
|t:|1782472405
|move|p2b: Sceptile|Protect|p2b: Sceptile
|-singleturn|p2b: Sceptile|Protect
|move|p1b: Dragonite|Hurricane|p2b: Sceptile
|-activate|p2b: Sceptile|move: Protect
|move|p1a: Torkoal|Heat Wave|p2b: Sceptile
|-activate|p2b: Sceptile|move: Protect
|
|-weather|SunnyDay|[upkeep]
|-damage|p2b: Sceptile|79/100 brn|[from] brn
|upkeep
|turn|6
|
|t:|1782472422
|move|p2b: Sceptile|Dragon Pulse|p1b: Dragonite
|-supereffective|p1b: Dragonite|1
|-damage|p1b: Dragonite|32/100
|move|p1b: Dragonite|Hurricane|p2b: Sceptile|[miss]
|-miss|p1b: Dragonite|p2b: Sceptile
|move|p1a: Torkoal|Heat Wave|p2b: Sceptile
|-damage|p2b: Sceptile|25/100 brn
|
|-weather|SunnyDay|[upkeep]
|-damage|p2b: Sceptile|20/100r brn|[from] brn
|upkeep
|turn|7
|
|t:|1782472434
|move|p2b: Sceptile|Earth Power|p1a: Torkoal
|-supereffective|p1a: Torkoal|1
|-damage|p1a: Torkoal|0 fnt
|faint|p1a: Torkoal
|move|p1b: Dragonite|Hurricane|p2b: Sceptile|[miss]
|-miss|p1b: Dragonite|p2b: Sceptile
|
|-weather|SunnyDay|[upkeep]
|-damage|p2b: Sceptile|14/100 brn|[from] brn
|upkeep
|turn|8
|
|t:|1782472443
|move|p2b: Sceptile|Dragon Pulse|p1b: Dragonite
|-supereffective|p1b: Dragonite|1
|-damage|p1b: Dragonite|0 fnt
|faint|p1b: Dragonite
|
|win|LorGhez
|raw|Theelvisboy1's rating: 1033 → 1021(-12 for losing)
|raw|LorGhez's rating: 1103 → 1123(+20 for winning)
|l|☆Theelvisboy1
|player|p1|
