|j|☆lol lol lol blue
|j|☆BackonmyPittBull
|html|lol lol lol blueBackonmyPittBull    
|uhtml|bestof|Game 3 of a best-of-3
|t:|1754855391
|gametype|doubles
|player|p1|lol lol lol blue|gentleman-gen4|1134
|player|p2|BackonmyPittBull|n|1211
|gen|9
|tier|[Gen 9] VGC 2025 Reg H (Bo3)
|rated|
|rule|Species Clause: Limit one of each Pokémon
|rule|Item Clause: Limit 1 of each item
|clearpoke
|poke|p1|Typhlosion-Hisui, L50, M|
|poke|p1|Torkoal, L50, M|
|poke|p1|Annihilape, L50, M|
|poke|p1|Dragonite, L50, F|
|poke|p1|Rillaboom, L50, M|
|poke|p1|Farigiraf, L50, F|
|poke|p2|Charizard, L50, M|
|poke|p2|Torkoal, L50, M|
|poke|p2|Porygon2, L50|
|poke|p2|Incineroar, L50, F|
|poke|p2|Jumpluff, L50, F|
|poke|p2|Ursaluna, L50, M|
|teampreview|4
|showteam|p1|Typhlosion-Hisui||ChoiceScarf|Blaze|Eruption,ShadowBall,HeatWave,Overheat|||M|||50|,,,,,Fire]Torkoal||EjectPack|Drought|HelpingHand,Overheat,Eruption,Protect|||M|||50|,,,,,Dragon]Annihilape||SafetyGoggles|Defiant|DrainPunch,Protect,BulkUp,RageFist|||M|||50|,,,,,Water]Dragonite||LoadedDice|Multiscale|ScaleShot,Haze,Protect,ExtremeSpeed|||F|||50|,,,,,Fairy]Rillaboom||AssaultVest|GrassySurge|WoodHammer,Uturn,FakeOut,GrassyGlide|||M|||50|,,,,,Fire]Farigiraf||ThroatSpray|ArmorTail|TrickRoom,HyperVoice,Psychic,Imprison|||F|||50|,,,,,Water
|showteam|p2|Charizard||ChoiceSpecs|SolarPower|HeatWave,Overheat,WeatherBall,AirSlash|||M|||50|,,,,,Ghost]Torkoal||EjectPack|Drought|Eruption,Overheat,HelpingHand,Protect|||M|||50|,,,,,Fire]Porygon2||Eviolite|Download|TeraBlast,IceBeam,Recover,TrickRoom||||||50|,,,,,Fighting]Incineroar||SitrusBerry|Intimidate|FlareBlitz,KnockOff,FakeOut,PartingShot|||F|||50|,,,,,Ghost]Jumpluff||CovertCloak|Chlorophyll|SleepPowder,SunnyDay,RagePowder,Tailwind|||F|||50|,,,,,Water]Ursaluna||FlameOrb|Guts|HeadlongRush,Facade,Earthquake,Protect|||M|||50|,,,,,Ghost
|
|t:|1754855460
|teamsize|p1|4
|teamsize|p2|4
|start
|switch|p1a: Annihilape|Annihilape, L50, M|100/100
|switch|p1b: Rillaboom|Rillaboom, L50, M|100/100
|switch|p2a: Jumpluff|Jumpluff, L50, F|100/100
|switch|p2b: Torkoal|Torkoal, L50, M|100/100
|-fieldstart|move: Grassy Terrain|[from] ability: Grassy Surge|[of] p1b: Rillaboom
|-weather|SunnyDay|[from] ability: Drought|[of] p2b: Torkoal
|turn|1
|
|t:|1754855490
|move|p1b: Rillaboom|Fake Out|p2b: Torkoal
|-damage|p2b: Torkoal|90/100
|move|p2a: Jumpluff|Tailwind|p2a: Jumpluff
|-sidestart|p2: BackonmyPittBull|move: Tailwind
|move|p1a: Annihilape|Bulk Up|p1a: Annihilape
|-boost|p1a: Annihilape|atk|1
|-boost|p1a: Annihilape|def|1
|cant|p2b: Torkoal|flinch
|
|-weather|SunnyDay|[upkeep]
|-heal|p2b: Torkoal|97/100|[from] Grassy Terrain
|upkeep
|turn|2
|
|t:|1754855519
|switch|p2a: Charizard|Charizard, L50, M|100/100
|-terastallize|p1a: Annihilape|Water
|move|p1a: Annihilape|Bulk Up|p1a: Annihilape
|-boost|p1a: Annihilape|atk|1
|-boost|p1a: Annihilape|def|1
|move|p1b: Rillaboom|U-turn|p2a: Charizard
|-resisted|p2a: Charizard
|-damage|p2a: Charizard|91/100
|
|t:|1754855528
|switch|p1b: Typhlosion|Typhlosion-Hisui, L50, M|100/100|[from] U-turn
|move|p2b: Torkoal|Overheat|p1a: Annihilape|[miss]
|-miss|p2b: Torkoal|p1a: Annihilape
|
|-weather|SunnyDay|[upkeep]
|-damage|p2a: Charizard|79/100|[from] ability: Solar Power|[of] p2a: Charizard
|-heal|p2b: Torkoal|100/100|[from] Grassy Terrain
|upkeep
|turn|3
|
|t:|1754855559
|move|p2b: Torkoal|Helping Hand|p2a: Charizard
|-singleturn|p2a: Charizard|Helping Hand|[of] p2b: Torkoal
|move|p1a: Annihilape|Protect|p1a: Annihilape
|-singleturn|p1a: Annihilape|Protect
|move|p2a: Charizard|Heat Wave|p1b: Typhlosion|[spread] p1b
|-activate|p1a: Annihilape|move: Protect
|-resisted|p1b: Typhlosion
|-damage|p1b: Typhlosion|0 fnt
|faint|p1b: Typhlosion
|
|-weather|SunnyDay|[upkeep]
|-damage|p2a: Charizard|67/100|[from] ability: Solar Power|[of] p2a: Charizard
|upkeep
|
|t:|1754855567
|switch|p1b: Rillaboom|Rillaboom, L50, M|100/100
|turn|4
|
|t:|1754855590
|-terastallize|p2a: Charizard|Ghost
|move|p2b: Torkoal|Helping Hand|p2a: Charizard
|-singleturn|p2a: Charizard|Helping Hand|[of] p2b: Torkoal
|move|p1b: Rillaboom|Fake Out|p2a: Charizard
|-immune|p2a: Charizard
|move|p2a: Charizard|Heat Wave|p1b: Rillaboom|[spread] p1a,p1b
|-resisted|p1a: Annihilape
|-supereffective|p1b: Rillaboom
|-damage|p1a: Annihilape|22/100
|-damage|p1b: Rillaboom|0 fnt
|faint|p1b: Rillaboom
|move|p1a: Annihilape|Rage Fist|p2a: Charizard
|-supereffective|p2a: Charizard
|-damage|p2a: Charizard|0 fnt
|faint|p2a: Charizard
|
|-weather|SunnyDay|[upkeep]
|-heal|p1a: Annihilape|28/100|[from] Grassy Terrain
|-sideend|p2: BackonmyPittBull|move: Tailwind
|upkeep
|
|t:|1754855618
|switch|p2a: Incineroar|Incineroar, L50, F|100/100
|switch|p1b: Farigiraf|Farigiraf, L50, F|100/100
|-ability|p2a: Incineroar|Intimidate|boost
|-unboost|p1a: Annihilape|atk|1
|-ability|p1a: Annihilape|Defiant|boost
|-boost|p1a: Annihilape|atk|2
|-unboost|p1b: Farigiraf|atk|1
|turn|5
|
|t:|1754855644
|switch|p2a: Jumpluff|Jumpluff, L50, F|100/100
|move|p1a: Annihilape|Drain Punch|p2a: Jumpluff
|-resisted|p2a: Jumpluff
|-damage|p2a: Jumpluff|54/100
|-heal|p1a: Annihilape|49/100|[from] drain|[of] p2a: Jumpluff
|move|p1b: Farigiraf|Hyper Voice|p2a: Jumpluff|[spread] p2a,p2b
|-damage|p2a: Jumpluff|21/100
|-damage|p2b: Torkoal|56/100
|-enditem|p1b: Farigiraf|Throat Spray
|-boost|p1b: Farigiraf|spa|1|[from] item: Throat Spray
|move|p2b: Torkoal|Overheat|p1a: Annihilape|[miss]
|-miss|p2b: Torkoal|p1a: Annihilape
|
|-weather|none
|-heal|p1a: Annihilape|55/100|[from] Grassy Terrain
|-heal|p2b: Torkoal|63/100|[from] Grassy Terrain
|-fieldend|move: Grassy Terrain
|upkeep
|turn|6
|
|t:|1754855673
|move|p2b: Torkoal|Protect|p2b: Torkoal
|-singleturn|p2b: Torkoal|Protect
|move|p2a: Jumpluff|Sleep Powder|p1b: Farigiraf
|-status|p1b: Farigiraf|slp|[from] move: Sleep Powder
|move|p1a: Annihilape|Drain Punch|p2b: Torkoal
|-activate|p2b: Torkoal|move: Protect
|cant|p1b: Farigiraf|slp
|
|upkeep
|turn|7
|
|t:|1754855694
|switch|p2a: Incineroar|Incineroar, L50, F|100/100
|-ability|p2a: Incineroar|Intimidate|boost
|-unboost|p1a: Annihilape|atk|1
|-ability|p1a: Annihilape|Defiant|boost
|-boost|p1a: Annihilape|atk|2
|-unboost|p1b: Farigiraf|atk|1
|move|p2b: Torkoal|Protect|p2b: Torkoal
|-singleturn|p2b: Torkoal|Protect
|move|p1a: Annihilape|Drain Punch|p2b: Torkoal
|-activate|p2b: Torkoal|move: Protect
|-curestatus|p1b: Farigiraf|slp|[msg]
|move|p1b: Farigiraf|Hyper Voice|p2b: Torkoal|[spread] p2a
|-activate|p2b: Torkoal|move: Protect
|-damage|p2a: Incineroar|57/100
|
|upkeep
|turn|8
|
|t:|1754855719
|move|p1a: Annihilape|Drain Punch|p2b: Torkoal
|-damage|p2b: Torkoal|0 fnt
|-heal|p1a: Annihilape|83/100|[from] drain|[of] p2b: Torkoal
|faint|p2b: Torkoal
|move|p2a: Incineroar|Knock Off|p1a: Annihilape
|-damage|p1a: Annihilape|60/100
|-enditem|p1a: Annihilape|Safety Goggles|[from] move: Knock Off|[of] p2a: Incineroar
|move|p1b: Farigiraf|Hyper Voice|p2a: Incineroar
|-damage|p2a: Incineroar|0 fnt
|faint|p2a: Incineroar
|
|upkeep
|
|t:|1754855729
|switch|p2b: Jumpluff|Jumpluff, L50, F|21/100
|turn|9
|-message|BackonmyPittBull forfeited.
|
|win|lol lol lol blue
|raw|lol lol lol blue's rating: 1134 → 1164(+30 for winning)
|raw|BackonmyPittBull's rating: 1211 → 1181(-30 for losing)
