|j|☆metalblackknight
|j|☆bbbbbesbes
|html|metalblackknightbbbbbesbes    
|uhtml|bestof|Game 1 of a best-of-3
|t:|1784309743
|gametype|doubles
|player|p1|metalblackknight|clerk|1155
|player|p2|bbbbbesbes|266|1064
|gen|9
|tier|[Gen 9 Champions] VGC 2026 Reg M-B (Bo3)
|rated|
|rule|Species Clause: Limit one of each Pokémon
|rule|Item Clause: Limit 1 of each item
|clearpoke
|poke|p1|Araquanid, L50, F|
|poke|p1|Pelipper, L50, M|
|poke|p1|Charizard, L50, M|
|poke|p1|Garchomp, L50, M|
|poke|p1|Annihilape, L50, M|
|poke|p1|Kingambit, L50, M|
|poke|p2|Whimsicott, L50, F|
|poke|p2|Garchomp, L50, F|
|poke|p2|Tyranitar, L50, M|
|poke|p2|Metagross, L50|
|poke|p2|Incineroar, L50, F|
|poke|p2|Sneasler, L50, M|
|teampreview|4
|showteam|p1|Araquanid||MysticWater|WaterBubble|Liquidation,IcyWind,WideGuard,Entrainment|Adamant||F|||50|]Pelipper||SitrusBerry|Drizzle|Tailwind,WeatherBall,Hurricane,Protect|Modest||M|||50|]Charizard||CharizarditeY|Blaze|WeatherBall,HeatWave,SolarBeam,Protect|Timid||M|||50|]Garchomp||LifeOrb|RoughSkin|Earthquake,DragonClaw,RockSlide,Protect|Jolly||M|||50|]Annihilape||FocusSash|Defiant|CloseCombat,PhantomForce,RockTomb,Protect|Jolly||M|||50|]Kingambit||ChopleBerry|Defiant|KowtowCleave,IronHead,SuckerPunch,Protect|Brave||M|||50|
|showteam|p2|Whimsicott||FocusSash|Prankster|Tailwind,LeechSeed,Encore,Moonblast|Bold||F|||50|]Garchomp||YacheBerry|RoughSkin|RockSlide,DragonClaw,StompingTantrum,Protect|Jolly||F|||50|]Tyranitar||Tyranitarite|SandStream|HighHorsepower,Protect,RockSlide,Crunch|Adamant||M|||50|]Metagross||Metagrossite|ClearBody|MeteorMash,PsychicFangs,Protect,ThunderPunch|Jolly|||||50|]Incineroar||Leftovers|Intimidate|FakeOut,PartingShot,DarkestLariat,FlareBlitz|Adamant||F|||50|]Sneasler||MentalHerb|Unburden|FakeOut,Coaching,DireClaw,CloseCombat|Adamant||M|||50|
|inactive|Battle timer is ON: inactive players will automatically lose when time's up. (requested by bbbbbesbes)
|inactive|metalblackknight also wants the timer to be on.
|
|t:|1784309764
|teamsize|p1|4
|teamsize|p2|4
|start
|switch|p1a: Annihilape|Annihilape, L50, M|100/100
|switch|p1b: Pelipper|Pelipper, L50, M|100/100
|switch|p2a: Sneasler|Sneasler, L50, M|100/100
|switch|p2b: Tyranitar|Tyranitar, L50, M|100/100
|-weather|Sandstorm|[from] ability: Sand Stream|[of] p2b: Tyranitar
|-weather|RainDance|[from] ability: Drizzle|[of] p1b: Pelipper
|turn|1
|inactive|bbbbbesbes has 30 seconds left.
|inactive|bbbbbesbes has 20 seconds left.
|inactive|bbbbbesbes has 15 seconds left.
|
|t:|1784309804
|detailschange|p2b: Tyranitar|Tyranitar-Mega, L50, M
|-mega|p2b: Tyranitar|Tyranitar|Tyranitarite
|-weather|Sandstorm|[from] ability: Sand Stream|[of] p2b: Tyranitar
|move|p2b: Tyranitar|Protect|p2b: Tyranitar
|-singleturn|p2b: Tyranitar|Protect
|move|p2a: Sneasler|Dire Claw|p1a: Annihilape
|-resisted|p1a: Annihilape|1
|-damage|p1a: Annihilape|75/100
|-status|p1a: Annihilape|psn
|move|p1a: Annihilape|Close Combat|p2b: Tyranitar
|-activate|p2b: Tyranitar|move: Protect
|move|p1b: Pelipper|Tailwind|p1b: Pelipper
|-sidestart|p1: metalblackknight|move: Tailwind
|
|-weather|Sandstorm|[upkeep]
|-damage|p1a: Annihilape|70/100 psn|[from] Sandstorm
|-damage|p1b: Pelipper|94/100|[from] Sandstorm
|-damage|p2a: Sneasler|94/100|[from] Sandstorm
|-damage|p1a: Annihilape|57/100 psn|[from] psn
|upkeep
|turn|2
|
|t:|1784309824
|switch|p2a: Garchomp|Garchomp, L50, F|100/100
|switch|p2b: Whimsicott|Whimsicott, L50, F|100/100
|move|p1a: Annihilape|Close Combat|p2b: Whimsicott
|-resisted|p2b: Whimsicott|1
|-damage|p2b: Whimsicott|74/100
|-unboost|p1a: Annihilape|def|1
|-unboost|p1a: Annihilape|spd|1
|move|p1b: Pelipper|Hurricane|p2a: Garchomp
|-damage|p2a: Garchomp|41/100
|
|-weather|Sandstorm|[upkeep]
|-damage|p1a: Annihilape|51/100 psn|[from] Sandstorm
|-damage|p1b: Pelipper|88/100|[from] Sandstorm
|-damage|p2b: Whimsicott|68/100|[from] Sandstorm
|-damage|p1a: Annihilape|39/100 psn|[from] psn
|upkeep
|turn|3
|
|t:|1784309848
|move|p2b: Whimsicott|Tailwind|p2b: Whimsicott
|-sidestart|p2: bbbbbesbes|move: Tailwind
|move|p2a: Garchomp|Rock Slide|p1b: Pelipper|[spread] p1a,p1b
|-resisted|p1a: Annihilape|1
|-supereffective|p1b: Pelipper|1
|-damage|p1a: Annihilape|22/100 psn
|-damage|p1b: Pelipper|46/100
|-enditem|p1b: Pelipper|Sitrus Berry|[eat]
|-heal|p1b: Pelipper|70/100|[from] item: Sitrus Berry
|cant|p1a: Annihilape|flinch
|move|p1b: Pelipper|Hurricane|p2b: Whimsicott|[miss]
|-miss|p1b: Pelipper|p2b: Whimsicott
|
|-weather|Sandstorm|[upkeep]
|-damage|p1a: Annihilape|17/100 psn|[from] Sandstorm
|-damage|p2b: Whimsicott|62/100|[from] Sandstorm
|-damage|p1b: Pelipper|64/100|[from] Sandstorm
|-damage|p1a: Annihilape|4/100 psn|[from] psn
|upkeep
|turn|4
|
|t:|1784309871
|move|p2b: Whimsicott|Leech Seed|p1b: Pelipper
|-start|p1b: Pelipper|move: Leech Seed
|move|p2a: Garchomp|Rock Slide|p1b: Pelipper|[spread] p1a,p1b
|-resisted|p1a: Annihilape|1
|-supereffective|p1b: Pelipper|1
|-damage|p1a: Annihilape|0 fnt
|-damage|p1b: Pelipper|21/100
|faint|p1a: Annihilape
|move|p1b: Pelipper|Hurricane|p2a: Garchomp
|-damage|p2a: Garchomp|0 fnt
|faint|p2a: Garchomp
|
|-weather|Sandstorm|[upkeep]
|-damage|p2b: Whimsicott|56/100|[from] Sandstorm
|-damage|p1b: Pelipper|15/100|[from] Sandstorm
|-damage|p1b: Pelipper|3/100|[from] Leech Seed|[of] p2b: Whimsicott
|-heal|p2b: Whimsicott|68/100|[silent]
|-sideend|p1: metalblackknight|move: Tailwind
|upkeep
|
|t:|1784309894
|switch|p2a: Tyranitar|Tyranitar-Mega, L50, M|100/100
|switch|p1a: Garchomp|Garchomp, L50, M|100/100
|turn|5
|inactive|metalblackknight has 30 seconds left.
|
|t:|1784309922
|move|p2b: Whimsicott|Moonblast|p1a: Garchomp
|-supereffective|p1a: Garchomp|1
|-damage|p1a: Garchomp|37/100
|move|p2a: Tyranitar|Rock Slide|p1a: Garchomp|[spread] p1b
|-miss|p2a: Tyranitar|p1a: Garchomp
|-supereffective|p1b: Pelipper|1
|-damage|p1b: Pelipper|0 fnt
|faint|p1b: Pelipper
|move|p1a: Garchomp|Earthquake|p2b: Whimsicott|[spread] p2a,p2b
|-supereffective|p2a: Tyranitar|1
|-resisted|p2b: Whimsicott|1
|-damage|p2a: Tyranitar|29/100
|-damage|p2b: Whimsicott|45/100
|-damage|p1a: Garchomp|27/100|[from] item: Life Orb
|
|-weather|none
|upkeep
|
|t:|1784309931
|switch|p1b: Kingambit|Kingambit, L50, M|100/100
|turn|6
|
|t:|1784309943
|move|p1a: Garchomp|Protect|p1a: Garchomp
|-singleturn|p1a: Garchomp|Protect
|move|p2b: Whimsicott|Moonblast|p1a: Garchomp
|-activate|p1a: Garchomp|move: Protect
|move|p2a: Tyranitar|High Horsepower|p1b: Kingambit
|-supereffective|p1b: Kingambit|1
|-damage|p1b: Kingambit|36/100
|move|p1b: Kingambit|Iron Head|p2b: Whimsicott
|-supereffective|p2b: Whimsicott|1
|-damage|p2b: Whimsicott|0 fnt
|faint|p2b: Whimsicott
|
|-sideend|p2: bbbbbesbes|move: Tailwind
|upkeep
|
|t:|1784309953
|switch|p2b: Sneasler|Sneasler, L50, M|94/100
|turn|7
|
|t:|1784309968
|move|p1b: Kingambit|Protect|p1b: Kingambit
|-singleturn|p1b: Kingambit|Protect
|move|p2b: Sneasler|Fake Out|p1a: Garchomp
|-damage|p1a: Garchomp|12/100
|-damage|p2b: Sneasler|82/100|[from] ability: Rough Skin|[of] p1a: Garchomp
|cant|p1a: Garchomp|flinch
|move|p2a: Tyranitar|High Horsepower|p1b: Kingambit
|-activate|p1b: Kingambit|move: Protect
|
|upkeep
|turn|8
|
|t:|1784309990
|move|p1a: Garchomp|Protect|p1a: Garchomp
|-singleturn|p1a: Garchomp|Protect
|move|p1b: Kingambit|Sucker Punch|p2a: Tyranitar
|-resisted|p2a: Tyranitar|1
|-damage|p2a: Tyranitar|14/100
|move|p2b: Sneasler|Close Combat|p1a: Garchomp
|-activate|p1a: Garchomp|move: Protect
|move|p2a: Tyranitar|High Horsepower|p1b: Kingambit
|-supereffective|p1b: Kingambit|1
|-damage|p1b: Kingambit|0 fnt
|faint|p1b: Kingambit
|
|upkeep
|turn|9
|
|t:|1784310002
|move|p2b: Sneasler|Close Combat|p1a: Garchomp
|-damage|p1a: Garchomp|0 fnt
|-unboost|p2b: Sneasler|def|1
|-unboost|p2b: Sneasler|spd|1
|-damage|p2b: Sneasler|70/100|[from] ability: Rough Skin|[of] p1a: Garchomp
|faint|p1a: Garchomp
|
|win|bbbbbesbes
