|j|☆EmanuelaOrlandiVGC
|j|☆naibot2814
|html|EmanuelaOrlandiVGCnaibot2814    
|uhtml|bestof|Game 3 of a best-of-3
|t:|1784585435
|gametype|doubles
|player|p1|EmanuelaOrlandiVGC|kieran-champion|1373
|player|p2|naibot2814|colress|1462
|gen|9
|tier|[Gen 9 Champions] VGC 2026 Reg M-B (Bo3)
|rated|
|rule|Species Clause: Limit one of each Pokémon
|rule|Item Clause: Limit 1 of each item
|clearpoke
|poke|p1|Whimsicott, L50, F|
|poke|p1|Ceruledge, L50, M|
|poke|p1|Garchomp, L50, F|
|poke|p1|Gholdengo, L50|
|poke|p1|Kingambit, L50, M|
|poke|p1|Staraptor, L50, F|
|poke|p2|Blastoise, L50, M|
|poke|p2|Incineroar, L50, M|
|poke|p2|Sneasler, L50, M|
|poke|p2|Sinistcha, L50|
|poke|p2|Kingambit, L50, M, shiny|
|poke|p2|Delphox, L50, F|
|teampreview|4
|showteam|p1|Whimsicott||FocusSash|Prankster|Moonblast,Tailwind,Charm,Protect|Timid||F|||50|]Ceruledge||ColburBerry|FlashFire|BitterBlade,ShadowSneak,BulkUp,Protect|Adamant||M|||50|]Garchomp||LifeOrb|RoughSkin|Earthquake,RockSlide,DragonClaw,Protect|Jolly||F|||50|]Gholdengo||SpellTag|GoodasGold|MakeItRain,ShadowBall,Protect,NastyPlot|Modest|||||50|]Kingambit||OccaBerry|Defiant|KowtowCleave,SuckerPunch,LowKick,IronHead|Adamant||M|||50|]Staraptor||Staraptite|Intimidate|CloseCombat,Roost,BraveBird,Protect|Jolly||F|||50|
|showteam|p2|Blastoise||Blastoisinite|Torrent|WaterSpout,DarkPulse,ShellSmash,Protect|Modest||M|||50|]Incineroar||SitrusBerry|Intimidate|FakeOut,FlareBlitz,DarkestLariat,PartingShot|Careful||M|||50|]Sneasler||FocusSash|PoisonTouch|FakeOut,CloseCombat,PoisonJab,RockTomb|Jolly||M|||50|]Sinistcha||KasibBerry|Hospitality|MatchaGotcha,TrickRoom,RagePowder,Protect|Bold|||||50|]Kingambit||BlackGlasses|Defiant|KowtowCleave,SuckerPunch,SwordsDance,Protect|Adamant||M|||50|]Delphox||Delphoxite|Blaze|HeatWave,Psyshock,NastyPlot,Protect|Timid||F|||50|
|inactive|Battle timer is ON: inactive players will automatically lose when time's up. (requested by EmanuelaOrlandiVGC)
|inactive|naibot2814 has 30 seconds left.
|
|t:|1784585474
|teamsize|p1|4
|teamsize|p2|4
|start
|switch|p1a: Whimsicott|Whimsicott, L50, F|100/100
|switch|p1b: Staraptor|Staraptor, L50, F|100/100
|switch|p2a: Incineroar|Incineroar, L50, M|100/100
|switch|p2b: Sinistcha|Sinistcha, L50|100/100
|-ability|p1b: Staraptor|Intimidate|boost
|-unboost|p2a: Incineroar|atk|1
|-unboost|p2b: Sinistcha|atk|1
|-ability|p2a: Incineroar|Intimidate|boost
|-unboost|p1a: Whimsicott|atk|1
|-unboost|p1b: Staraptor|atk|1
|turn|1
|
|t:|1784585486
|detailschange|p1b: Staraptor|Staraptor-Mega, L50, F
|-mega|p1b: Staraptor|Staraptor|Staraptite
|move|p2a: Incineroar|Fake Out|p1b: Staraptor
|-damage|p1b: Staraptor|92/100
|move|p1a: Whimsicott|Charm|p1b: Staraptor
|-boost|p1b: Staraptor|atk|2
|cant|p1b: Staraptor|flinch
|move|p2b: Sinistcha|Trick Room|p2b: Sinistcha
|-fieldstart|move: Trick Room|[of] p2b: Sinistcha
|
|upkeep
|turn|2
|
|t:|1784585509
|move|p1a: Whimsicott|Charm|p1b: Staraptor
|-boost|p1b: Staraptor|atk|2
|move|p2a: Incineroar|Flare Blitz|p1a: Whimsicott
|-supereffective|p1a: Whimsicott|1
|-enditem|p1a: Whimsicott|Focus Sash
|-damage|p1a: Whimsicott|1/100
|-damage|p2a: Incineroar|77/100|[from] Recoil
|move|p2b: Sinistcha|Matcha Gotcha|p1b: Staraptor|[spread] p1a,p1b
|-resisted|p1a: Whimsicott|1
|-resisted|p1b: Staraptor|1
|-damage|p1a: Whimsicott|0 fnt
|-damage|p1b: Staraptor|81/100
|-status|p1b: Staraptor|brn
|faint|p1a: Whimsicott
|move|p1b: Staraptor|Close Combat|p2a: Incineroar
|-supereffective|p2a: Incineroar|1
|-damage|p2a: Incineroar|0 fnt
|-boost|p1b: Staraptor|def|1
|-boost|p1b: Staraptor|spd|1
|faint|p2a: Incineroar
|
|-damage|p1b: Staraptor|75/100 brn|[from] brn
|upkeep
|
|t:|1784585529
|switch|p2a: Blastoise|Blastoise, L50, M|100/100
|switch|p1a: Gholdengo|Gholdengo, L50|100/100
|turn|3
|inactive|EmanuelaOrlandiVGC has 30 seconds left.
|
|t:|1784585556
|detailschange|p2a: Blastoise|Blastoise-Mega, L50, M
|-mega|p2a: Blastoise|Blastoise|Blastoisinite
|move|p2b: Sinistcha|Rage Powder|p2b: Sinistcha
|-singleturn|p2b: Sinistcha|move: Rage Powder
|move|p1a: Gholdengo|Shadow Ball|p2b: Sinistcha
|-supereffective|p2b: Sinistcha|1
|-enditem|p2b: Sinistcha|Kasib Berry|[eat]
|-enditem|p2b: Sinistcha|Kasib Berry|[weaken]
|-damage|p2b: Sinistcha|51/100
|move|p2a: Blastoise|Water Spout|p1a: Gholdengo|[spread] p1a,p1b
|-damage|p1a: Gholdengo|37/100
|-damage|p1b: Staraptor|31/100 brn
|move|p1b: Staraptor|Brave Bird|p2b: Sinistcha
|-supereffective|p2b: Sinistcha|1
|-damage|p2b: Sinistcha|0 fnt
|faint|p2b: Sinistcha
|-damage|p1b: Staraptor|15/100 brn|[from] Recoil
|
|-damage|p1b: Staraptor|9/100 brn|[from] brn
|upkeep
|
|t:|1784585568
|switch|p2b: Sneasler|Sneasler, L50, M|100/100
|turn|4
|inactive|EmanuelaOrlandiVGC has 30 seconds left.
|
|t:|1784585598
|move|p2b: Sneasler|Fake Out|p1b: Staraptor
|-damage|p1b: Staraptor|0 fnt
|faint|p1b: Staraptor
|move|p1a: Gholdengo|Shadow Ball|p2a: Blastoise
|-damage|p2a: Blastoise|41/100
|move|p2a: Blastoise|Shell Smash|p2a: Blastoise
|-unboost|p2a: Blastoise|def|1
|-unboost|p2a: Blastoise|spd|1
|-boost|p2a: Blastoise|atk|2
|-boost|p2a: Blastoise|spa|2
|-boost|p2a: Blastoise|spe|2
|
|upkeep
|
|t:|1784585605
|switch|p1b: Garchomp|Garchomp, L50, F|100/100
|turn|5
|
|t:|1784585619
|move|p1a: Gholdengo|Protect|p1a: Gholdengo
|-singleturn|p1a: Gholdengo|Protect
|move|p2a: Blastoise|Protect|p2a: Blastoise
|-singleturn|p2a: Blastoise|Protect
|move|p1b: Garchomp|Earthquake|p2b: Sneasler|[spread] p2b
|-activate|p1a: Gholdengo|move: Protect
|-activate|p2a: Blastoise|move: Protect
|-supereffective|p2b: Sneasler|1
|-enditem|p2b: Sneasler|Focus Sash
|-damage|p2b: Sneasler|1/100
|-damage|p1b: Garchomp|90/100|[from] item: Life Orb
|move|p2b: Sneasler|Close Combat|p1b: Garchomp
|-damage|p1b: Garchomp|23/100
|-unboost|p2b: Sneasler|def|1
|-unboost|p2b: Sneasler|spd|1
|-damage|p2b: Sneasler|0 fnt|[from] ability: Rough Skin|[of] p1b: Garchomp
|faint|p2b: Sneasler
|
|-fieldend|move: Trick Room
|upkeep
|turn|6
|inactive|EmanuelaOrlandiVGC has 30 seconds left.
|
|t:|1784585648
|move|p2a: Blastoise|Water Spout|p1b: Garchomp|[spread] p1a,p1b
|-damage|p1a: Gholdengo|0 fnt
|-damage|p1b: Garchomp|0 fnt
|faint|p1a: Gholdengo
|faint|p1b: Garchomp
|
|win|naibot2814
|raw|EmanuelaOrlandiVGC's rating: 1373 → 1358(-15 for losing)
|raw|naibot2814's rating: 1462 → 1477(+15 for winning)
|c|☆naibot2814|GGs
|c|☆naibot2814|clo8se
|c|☆EmanuelaOrlandiVGC|ggs
|c|☆naibot2814|clouse
|c|☆EmanuelaOrlandiVGC|yeah very
|c|☆naibot2814|42%
|c|☆EmanuelaOrlandiVGC|but i still dunno how to approach this MU
|c|☆EmanuelaOrlandiVGC|is difficult lol
|c|☆naibot2814|Staraptor is such a pain, lol.
|c|☆EmanuelaOrlandiVGC|maybe kingambit on gholdengo would be a better choice
|c|☆naibot2814|Me neither, but a well-played Staraptor—one that isn't the main source of damage—is better than the typical bird teams.
|c|☆EmanuelaOrlandiVGC|yeah i like this team because is not only staraptor
