|j|☆Eneix1234
|j|☆escapadian
|html|Eneix1234escapadian    
|uhtml|bestof|Game 3 of a best-of-3
|t:|1782440730
|gametype|doubles
|player|p1|Eneix1234|101|1086
|player|p2|escapadian|rocketgruntf|1161
|gen|9
|tier|[Gen 9 Champions] VGC 2026 Reg M-B (Bo3)
|rated|
|rule|Species Clause: Limit one of each Pokémon
|rule|Item Clause: Limit 1 of each item
|clearpoke
|poke|p1|Mawile, L50, F|
|poke|p1|Farigiraf, L50, M|
|poke|p1|Tyranitar, L50, M|
|poke|p1|Rotom-Mow, L50|
|poke|p1|Milotic, L50, F|
|poke|p1|Whimsicott, L50, F|
|poke|p2|Floette-Eternal, L50, F|
|poke|p2|Whimsicott, L50, F|
|poke|p2|Basculegion, L50, M, shiny|
|poke|p2|Charizard, L50, F|
|poke|p2|Garchomp, L50, F|
|poke|p2|Kingambit, L50, M|
|teampreview|4
|showteam|p1|Mawile||Mawilite|Intimidate|Protect,SuckerPunch,PlayRough,BrickBreak|Adamant||F|||50|]Farigiraf||SitrusBerry|ArmorTail|Protect,HyperVoice,TrickRoom,TwinBeam|Quiet||M|||50|]Tyranitar||Tyranitarite|SandStream|Protect,Crunch,RockSlide,DragonDance|Jolly||M|||50|]Rotom-Mow||ChoiceScarf|Levitate|LeafStorm,Trick,VoltSwitch,Thunderbolt|Modest|||||50|]Milotic||Leftovers|Competitive|Protect,Scald,IceBeam,DrainingKiss|Modest||F|||50|]Whimsicott||FocusSash|Prankster|Protect,Moonblast,GrassKnot,Tailwind|Timid||F|||50|
|showteam|p2|Floette-Eternal||Floettite|FlowerVeil|Moonblast,DazzlingGleam,LightofRuin,Protect|Timid||F|||50|]Whimsicott||FocusSash|Prankster|Moonblast,Tailwind,Encore,Protect|Timid||F|||50|]Basculegion||MysticWater|Adaptability|WaveCrash,LastRespects,AquaJet,Protect|Adamant||M|||50|]Charizard||CharizarditeY|Blaze|HeatWave,WeatherBall,SolarBeam,Protect|Modest||F|||50|]Garchomp||LifeOrb|RoughSkin|DragonClaw,Protect,RockSlide,Earthquake|Jolly||F|||50|]Kingambit||BlackGlasses|Defiant|KowtowCleave,IronHead,SuckerPunch,Protect|Adamant||M|||50|
|
|t:|1782440788
|teamsize|p1|4
|teamsize|p2|4
|start
|switch|p1a: Tyranitar|Tyranitar, L50, M|100/100
|switch|p1b: Milotic|Milotic, L50, F|100/100
|switch|p2a: Whimsicott|Whimsicott, L50, F|100/100
|switch|p2b: Charizard|Charizard, L50, F|100/100
|-weather|Sandstorm|[from] ability: Sand Stream|[of] p1a: Tyranitar
|turn|1
|
|t:|1782440819
|switch|p2b: Kingambit|Kingambit, L50, M|100/100
|move|p2a: Whimsicott|Protect|p2a: Whimsicott
|-singleturn|p2a: Whimsicott|Protect
|move|p1a: Tyranitar|Protect|p1a: Tyranitar
|-singleturn|p1a: Tyranitar|Protect
|move|p1b: Milotic|Protect||[still]
|-fail|p1b: Milotic
|
|-weather|Sandstorm|[upkeep]
|-damage|p2a: Whimsicott|94/100|[from] Sandstorm
|-damage|p1b: Milotic|94/100|[from] Sandstorm
|-heal|p1b: Milotic|100/100|[from] item: Leftovers
|upkeep
|turn|2
|
|t:|1782440838
|switch|p1a: Rotom|Rotom-Mow, L50|100/100
|move|p2a: Whimsicott|Encore|p1b: Milotic
|-start|p1b: Milotic|Encore
|move|p1b: Milotic|Protect|p1b: Milotic
|-singleturn|p1b: Milotic|Protect
|move|p2b: Kingambit|Iron Head|p1a: Rotom
|-resisted|p1a: Rotom|1
|-damage|p1a: Rotom|75/100
|
|-weather|Sandstorm|[upkeep]
|-damage|p1a: Rotom|69/100|[from] Sandstorm
|-damage|p2a: Whimsicott|88/100|[from] Sandstorm
|-damage|p1b: Milotic|94/100|[from] Sandstorm
|-heal|p1b: Milotic|100/100|[from] item: Leftovers
|upkeep
|turn|3
|
|t:|1782440874
|move|p1b: Milotic|Protect||[still]
|-fail|p1b: Milotic
|move|p1a: Rotom|Thunderbolt|p2b: Kingambit
|-damage|p2b: Kingambit|62/100
|move|p2a: Whimsicott|Moonblast|p1a: Rotom
|-damage|p1a: Rotom|24/100
|move|p2b: Kingambit|Kowtow Cleave|p1a: Rotom
|-damage|p1a: Rotom|0 fnt
|faint|p1a: Rotom
|
|-weather|Sandstorm|[upkeep]
|-damage|p2a: Whimsicott|82/100|[from] Sandstorm
|-damage|p1b: Milotic|94/100|[from] Sandstorm
|-heal|p1b: Milotic|100/100|[from] item: Leftovers
|upkeep
|
|t:|1782440895
|switch|p1a: Whimsicott|Whimsicott, L50, F|100/100
|turn|4
|
|t:|1782440905
|move|p1b: Milotic|Protect|p1b: Milotic
|-singleturn|p1b: Milotic|Protect
|move|p2a: Whimsicott|Moonblast|p1a: Whimsicott
|-damage|p1a: Whimsicott|40/100
|-unboost|p1a: Whimsicott|spa|1
|move|p1a: Whimsicott|Moonblast|p2b: Kingambit
|-damage|p2b: Kingambit|40/100
|move|p2b: Kingambit|Iron Head|p1a: Whimsicott
|-supereffective|p1a: Whimsicott|1
|-damage|p1a: Whimsicott|0 fnt
|faint|p1a: Whimsicott
|
|-weather|Sandstorm|[upkeep]
|-damage|p2a: Whimsicott|76/100|[from] Sandstorm
|-damage|p1b: Milotic|94/100|[from] Sandstorm
|-heal|p1b: Milotic|100/100|[from] item: Leftovers
|-end|p1b: Milotic|Encore
|upkeep
|
|t:|1782440922
|switch|p1a: Tyranitar|Tyranitar, L50, M|100/100
|turn|5
|
|t:|1782440934
|detailschange|p1a: Tyranitar|Tyranitar-Mega, L50, M
|-mega|p1a: Tyranitar|Tyranitar|Tyranitarite
|move|p1b: Milotic|Protect||[still]
|-fail|p1b: Milotic
|move|p2a: Whimsicott|Encore|p1b: Milotic
|-start|p1b: Milotic|Encore
|move|p1a: Tyranitar|Rock Slide|p2a: Whimsicott|[spread] p2a,p2b
|-resisted|p2b: Kingambit|1
|-damage|p2a: Whimsicott|25/100
|-damage|p2b: Kingambit|27/100
|move|p2b: Kingambit|Iron Head|p1a: Tyranitar
|-supereffective|p1a: Tyranitar|1
|-damage|p1a: Tyranitar|36/100
|
|-weather|none
|upkeep
|turn|6
|
|t:|1782440949
|move|p1b: Milotic|Protect|p1b: Milotic
|-singleturn|p1b: Milotic|Protect
|move|p2a: Whimsicott|Moonblast|p1a: Tyranitar
|-supereffective|p1a: Tyranitar|1
|-damage|p1a: Tyranitar|0 fnt
|faint|p1a: Tyranitar
|move|p2b: Kingambit|Kowtow Cleave|p1b: Milotic
|-activate|p1b: Milotic|move: Protect
|
|upkeep
|turn|7
|-message|Eneix1234 forfeited.
|
|win|escapadian
|raw|Eneix1234's rating: 1086 → 1068(-18 for losing)
|raw|escapadian's rating: 1161 → 1181(+20 for winning)
|l|☆Eneix1234
|player|p1|
