|j|☆2lico
|j|☆oscraft89
|html|2licooscraft89    
|uhtml|bestof|Game 3 of a best-of-3
|t:|1757711922
|gametype|doubles
|player|p1|2lico|mrstone|1373
|player|p2|oscraft89|266|1421
|gen|9
|tier|[Gen 9] VGC 2025 Reg H (Bo3)
|rated|
|rule|Species Clause: Limit one of each Pokémon
|rule|Item Clause: Limit 1 of each item
|clearpoke
|poke|p1|Gholdengo, L50|
|poke|p1|Dragonite, L50, F|
|poke|p1|Annihilape, L50, F|
|poke|p1|Ursaluna-Bloodmoon, L50, M|
|poke|p1|Rillaboom, L50, M|
|poke|p1|Incineroar, L50, F|
|poke|p2|Dragonite, L50, F|
|poke|p2|Gholdengo, L50|
|poke|p2|Rillaboom, L50, F|
|poke|p2|Annihilape, L50, F|
|poke|p2|Incineroar, L50, F|
|poke|p2|Electabuzz, L50, F|
|teampreview|4
|showteam|p1|Gholdengo||ChoiceScarf|GoodasGold|MakeItRain,ShadowBall,Trick,PowerGem||||||50|,,,,,Dragon]Dragonite||LoadedDice|Multiscale|ScaleShot,ExtremeSpeed,Tailwind,Protect|||F|||50|,,,,,Normal]Annihilape||SafetyGoggles|Defiant|CloseCombat,RageFist,FinalGambit,Taunt|||F|||50|,,,,,Water]Ursaluna-Bloodmoon||Leftovers|MindsEye|BloodMoon,EarthPower,CalmMind,Protect|||M|||50|,,,,,Poison]Rillaboom||AssaultVest|GrassySurge|DrumBeating,GrassyGlide,HighHorsepower,FakeOut|||M|||50|,,,,,Ghost]Incineroar||SitrusBerry|Intimidate|KnockOff,FlareBlitz,PartingShot,FakeOut|||F|||50|,,,,,Ghost
|showteam|p2|Dragonite||LoadedDice|Multiscale|Protect,ScaleShot,Haze,ExtremeSpeed|||F|||50|,,,,,Fairy]Gholdengo||SitrusBerry|GoodasGold|MakeItRain,ShadowBall,NastyPlot,Protect||||||50|,,,,,Water]Rillaboom||AssaultVest|GrassySurge|FakeOut,WoodHammer,HighHorsepower,GrassyGlide|||F|||50|,,,,,Fire]Annihilape||FocusSash|Defiant|Protect,CloseCombat,RageFist,Coaching|||F|||50|,,,,,Stellar]Incineroar||MirrorHerb|Intimidate|FakeOut,FlareBlitz,KnockOff,PartingShot|||F|||50|,,,,,Ghost]Electabuzz||Eviolite|VitalSpirit|Protect,Electroweb,Taunt,FollowMe|||F|||50|,,,,,Dragon
|
|t:|1757711954
|teamsize|p1|4
|teamsize|p2|4
|start
|switch|p1a: Annihilape|Annihilape, L50, F|100/100
|switch|p1b: Ursaluna|Ursaluna-Bloodmoon, L50, M|100/100
|switch|p2a: Incineroar|Incineroar, L50, F|100/100
|switch|p2b: Electabuzz|Electabuzz, L50, F|100/100
|-ability|p2a: Incineroar|Intimidate|boost
|-unboost|p1a: Annihilape|atk|1
|-ability|p1a: Annihilape|Defiant|boost
|-boost|p1a: Annihilape|atk|2
|-unboost|p1b: Ursaluna|atk|1
|-enditem|p2a: Incineroar|Mirror Herb
|-boost|p2a: Incineroar|atk|2|[from] item: Mirror Herb
|turn|1
|
|t:|1757711977
|-terastallize|p2a: Incineroar|Ghost
|move|p2b: Electabuzz|Electroweb|p1b: Ursaluna|[spread] p1a
|-immune|p1b: Ursaluna
|-damage|p1a: Annihilape|89/100
|-unboost|p1a: Annihilape|spe|1
|-ability|p1a: Annihilape|Defiant|boost
|-boost|p1a: Annihilape|atk|2
|move|p1a: Annihilape|Taunt|p2b: Electabuzz
|-start|p2b: Electabuzz|move: Taunt
|move|p2a: Incineroar|Knock Off|p1a: Annihilape
|-damage|p1a: Annihilape|6/100
|-enditem|p1a: Annihilape|Safety Goggles|[from] move: Knock Off|[of] p2a: Incineroar
|move|p1b: Ursaluna|Earth Power|p2a: Incineroar
|-damage|p2a: Incineroar|56/100
|
|upkeep
|turn|2
|
|t:|1757712013
|switch|p1a: Rillaboom|Rillaboom, L50, M|100/100
|-fieldstart|move: Grassy Terrain|[from] ability: Grassy Surge|[of] p1a: Rillaboom
|move|p2b: Electabuzz|Electroweb|p1a: Rillaboom|[spread] p1a
|-immune|p1b: Ursaluna
|-resisted|p1a: Rillaboom
|-damage|p1a: Rillaboom|95/100
|-unboost|p1a: Rillaboom|spe|1
|move|p2a: Incineroar|Knock Off|p1a: Rillaboom
|-damage|p1a: Rillaboom|17/100
|-enditem|p1a: Rillaboom|Assault Vest|[from] move: Knock Off|[of] p2a: Incineroar
|move|p1b: Ursaluna|Calm Mind|p1b: Ursaluna
|-boost|p1b: Ursaluna|spa|1
|-boost|p1b: Ursaluna|spd|1
|
|-heal|p1a: Rillaboom|23/100|[from] Grassy Terrain
|-heal|p2a: Incineroar|62/100|[from] Grassy Terrain
|upkeep
|turn|3
|
|t:|1757712033
|switch|p2b: Annihilape|Annihilape, L50, F, shiny|100/100
|move|p1a: Rillaboom|Drum Beating|p2a: Incineroar
|-damage|p2a: Incineroar|17/100
|-unboost|p2a: Incineroar|spe|1
|move|p1b: Ursaluna|Earth Power|p2a: Incineroar
|-damage|p2a: Incineroar|0 fnt
|faint|p2a: Incineroar
|
|-heal|p1a: Rillaboom|29/100|[from] Grassy Terrain
|upkeep
|
|t:|1757712042
|switch|p2a: Electabuzz|Electabuzz, L50, F|100/100
|turn|4
|
|t:|1757712057
|-terastallize|p1b: Ursaluna|Poison
|move|p2a: Electabuzz|Protect|p2a: Electabuzz
|-singleturn|p2a: Electabuzz|Protect
|move|p2b: Annihilape|Close Combat|p1a: Rillaboom
|-damage|p1a: Rillaboom|0 fnt
|-unboost|p2b: Annihilape|def|1
|-unboost|p2b: Annihilape|spd|1
|faint|p1a: Rillaboom
|move|p1b: Ursaluna|Earth Power|p2a: Electabuzz
|-activate|p2a: Electabuzz|move: Protect
|
|upkeep
|
|t:|1757712065
|switch|p1a: Dragonite|Dragonite, L50, F|100/100
|turn|5
|
|t:|1757712075
|switch|p2b: Gholdengo|Gholdengo, L50|100/100
|move|p2a: Electabuzz|Electroweb|p1b: Ursaluna|[spread] p1a
|-miss|p2a: Electabuzz|p1b: Ursaluna
|-damage|p1a: Dragonite|93/100
|-unboost|p1a: Dragonite|spe|1
|move|p1a: Dragonite|Scale Shot|p2a: Electabuzz|[miss]
|-miss|p1a: Dragonite|p2a: Electabuzz
|move|p1b: Ursaluna|Earth Power|p2a: Electabuzz
|-supereffective|p2a: Electabuzz
|-damage|p2a: Electabuzz|0 fnt
|faint|p2a: Electabuzz
|
|upkeep
|
|t:|1757712086
|switch|p2a: Annihilape|Annihilape, L50, F, shiny|100/100
|turn|6
|
|t:|1757712098
|move|p2a: Annihilape|Rage Fist|p1a: Dragonite
|-damage|p1a: Dragonite|68/100
|move|p2b: Gholdengo|Nasty Plot|p2b: Gholdengo
|-boost|p2b: Gholdengo|spa|2
|move|p1a: Dragonite|Tailwind|p1a: Dragonite
|-sidestart|p1: 2lico|move: Tailwind
|move|p1b: Ursaluna|Earth Power|p2b: Gholdengo
|-supereffective|p2b: Gholdengo
|-damage|p2b: Gholdengo|0 fnt
|faint|p2b: Gholdengo
|
|-fieldend|move: Grassy Terrain
|upkeep
|turn|7
|-message|oscraft89 forfeited.
|
|win|2lico
|raw|2lico's rating: 1373 → 1396(+23 for winning)
|raw|oscraft89's rating: 1421 → 1398(-23 for losing)
|l|☆oscraft89
|player|p2|
