|j|☆ELIAS TRESCIENTOS
|j|☆Luca Santoriello
|html|ELIAS TRESCIENTOSLuca Santoriello    
|uhtml|bestof|Game 3 of a best-of-3
|t:|1782202789
|gametype|doubles
|player|p1|ELIAS TRESCIENTOS|102|1245
|player|p2|Luca Santoriello|juan|1264
|gen|9
|tier|[Gen 9 Champions] VGC 2026 Reg M-B (Bo3)
|rated|
|rule|Species Clause: Limit one of each Pokémon
|rule|Item Clause: Limit 1 of each item
|clearpoke
|poke|p1|Mawile, L50, F|
|poke|p1|Farigiraf, L50, F|
|poke|p1|Ceruledge, L50, F|
|poke|p1|Aerodactyl, L50, F|
|poke|p1|Chesnaught, L50, M|
|poke|p1|Hydreigon, L50, F|
|poke|p2|Charizard, L50, M|
|poke|p2|Garchomp, L50, M|
|poke|p2|Whimsicott, L50, F|
|poke|p2|Basculegion, L50, M|
|poke|p2|Kingambit, L50, M|
|poke|p2|Floette-Eternal, L50, F|
|teampreview|4
|showteam|p1|Mawile||Mawilite|HyperCutter|PlayRough,BrickBreak,SuckerPunch,Protect|Adamant||F|||50|]Farigiraf||SitrusBerry|ArmorTail|TwinBeam,Thunderbolt,Roar,TrickRoom|Bold||F|||50|]Ceruledge||ColburBerry|FlashFire|Poltergeist,BitterBlade,ShadowSneak,Protect|Jolly||F|||50|]Aerodactyl||Aerodactylite|RockHead|Tailwind,IceFang,RockSlide,DualWingbeat|Jolly||F|||50|]Chesnaught||Leftovers|Bulletproof|SpikyShield,BodyPress,LeechSeed,WoodHammer|Bold||M|||50|]Hydreigon||ChoiceScarf|Levitate|EarthPower,Snarl,DarkPulse,DracoMeteor|Modest||F|||50|
|showteam|p2|Charizard||CharizarditeY|Blaze|HeatWave,WeatherBall,SolarBeam,Protect|Modest||M|||50|]Garchomp||SitrusBerry|RoughSkin|DragonClaw,Earthquake,RockSlide,Protect|Jolly||M|||50|]Whimsicott||FocusSash|Prankster|Moonblast,Encore,Tailwind,Protect|Timid||F|||50|]Basculegion||MysticWater|Adaptability|WaveCrash,LastRespects,AquaJet,Protect|Adamant||M|||50|]Kingambit||BlackGlasses|Defiant|KowtowCleave,IronHead,SuckerPunch,Protect|Adamant||M|||50|]Floette-Eternal||Floettite|FlowerVeil|DazzlingGleam,Moonblast,LightofRuin,Protect|Timid||F|||50|
|inactive|Battle timer is ON: inactive players will automatically lose when time's up. (requested by ELIAS TRESCIENTOS)
|
|t:|1782202805
|teamsize|p1|4
|teamsize|p2|4
|start
|switch|p1a: Aerodactyl|Aerodactyl, L50, F|100/100
|switch|p1b: Hydreigon|Hydreigon, L50, F|100/100
|switch|p2a: Kingambit|Kingambit, L50, M|100/100
|switch|p2b: Garchomp|Garchomp, L50, M|100/100
|turn|1
|
|t:|1782202828
|switch|p1a: Farigiraf|Farigiraf, L50, F|100/100
|move|p2b: Garchomp|Protect|p2b: Garchomp
|-singleturn|p2b: Garchomp|Protect
|move|p1b: Hydreigon|Earth Power|p2a: Kingambit
|-supereffective|p2a: Kingambit|1
|-damage|p2a: Kingambit|46/100
|move|p2a: Kingambit|Iron Head|p1a: Farigiraf
|-damage|p1a: Farigiraf|63/100
|
|upkeep
|turn|2
|inactive|ELIAS TRESCIENTOS has 30 seconds left.
|inactive|ELIAS TRESCIENTOS has 20 seconds left.
|inactive|ELIAS TRESCIENTOS has 15 seconds left.
|
|t:|1782202869
|move|p2a: Kingambit|Protect|p2a: Kingambit
|-singleturn|p2a: Kingambit|Protect
|move|p1b: Hydreigon|Earth Power|p2a: Kingambit
|-activate|p2a: Kingambit|move: Protect
|move|p2b: Garchomp|Dragon Claw|p1b: Hydreigon
|-supereffective|p1b: Hydreigon|1
|-damage|p1b: Hydreigon|19/100
|move|p1a: Farigiraf|Roar|p2b: Garchomp
|drag|p2b: Basculegion|Basculegion, L50, M|100/100
|
|upkeep
|turn|3
|
|t:|1782202887
|switch|p2a: Charizard|Charizard, L50, M|100/100
|move|p1b: Hydreigon|Earth Power|p2a: Charizard
|-immune|p2a: Charizard
|move|p2b: Basculegion|Wave Crash|p1a: Farigiraf
|-damage|p1a: Farigiraf|0 fnt
|faint|p1a: Farigiraf
|-damage|p2b: Basculegion|76/100|[from] Recoil
|
|upkeep
|
|t:|1782202902
|switch|p1a: Ceruledge|Ceruledge, L50, F|100/100
|turn|4
|
|t:|1782202921
|switch|p1b: Aerodactyl|Aerodactyl, L50, F|100/100
|switch|p2b: Kingambit|Kingambit, L50, M|46/100
|move|p2a: Charizard|Protect|p2a: Charizard
|-singleturn|p2a: Charizard|Protect
|move|p1a: Ceruledge|Poltergeist|p2b: Kingambit|[miss]
|-miss|p1a: Ceruledge|p2b: Kingambit
|
|upkeep
|turn|5
|inactive|Luca Santoriello has 30 seconds left.
|
|t:|1782202951
|detailschange|p1b: Aerodactyl|Aerodactyl-Mega, L50, F
|-mega|p1b: Aerodactyl|Aerodactyl|Aerodactylite
|detailschange|p2a: Charizard|Charizard-Mega-Y, L50, M
|-mega|p2a: Charizard|Charizard|Charizardite Y
|-weather|SunnyDay|[from] ability: Drought|[of] p2a: Charizard
|move|p2b: Kingambit|Sucker Punch|p1b: Aerodactyl
|-damage|p1b: Aerodactyl|40/100
|move|p1b: Aerodactyl|Rock Slide|p2a: Charizard|[spread] p2a,p2b
|-supereffective|p2a: Charizard|2
|-resisted|p2b: Kingambit|1
|-damage|p2a: Charizard|0 fnt
|-damage|p2b: Kingambit|36/100
|faint|p2a: Charizard
|move|p1a: Ceruledge|Bitter Blade|p2b: Kingambit
|-supereffective|p2b: Kingambit|1
|-damage|p2b: Kingambit|0 fnt
|faint|p2b: Kingambit
|
|-weather|SunnyDay|[upkeep]
|upkeep
|
|t:|1782202961
|switch|p2a: Basculegion|Basculegion, L50, M|76/100
|switch|p2b: Garchomp|Garchomp, L50, M|100/100
|turn|6
|
|t:|1782202977
|switch|p1b: Hydreigon|Hydreigon, L50, F|19/100
|move|p1a: Ceruledge|Shadow Sneak|p2a: Basculegion
|-supereffective|p2a: Basculegion|1
|-damage|p2a: Basculegion|38/100
|move|p2a: Basculegion|Aqua Jet|p1b: Hydreigon
|-resisted|p1b: Hydreigon|1
|-crit|p1b: Hydreigon
|-damage|p1b: Hydreigon|6/100
|move|p2b: Garchomp|Rock Slide|p1b: Hydreigon|[spread] p1a,p1b
|-supereffective|p1a: Ceruledge|1
|-damage|p1a: Ceruledge|56/100
|-damage|p1b: Hydreigon|0 fnt
|faint|p1b: Hydreigon
|
|-weather|SunnyDay|[upkeep]
|upkeep
|
|t:|1782202987
|switch|p1b: Aerodactyl|Aerodactyl-Mega, L50, F|40/100
|turn|7
|
|t:|1782202999
|move|p1a: Ceruledge|Shadow Sneak|p2a: Basculegion
|-supereffective|p2a: Basculegion|1
|-damage|p2a: Basculegion|1/100
|move|p2a: Basculegion|Aqua Jet|p1b: Aerodactyl
|-supereffective|p1b: Aerodactyl|1
|-damage|p1b: Aerodactyl|1/100
|move|p1b: Aerodactyl|Ice Fang|p2b: Garchomp
|-supereffective|p2b: Garchomp|2
|-damage|p2b: Garchomp|0 fnt
|-damage|p1b: Aerodactyl|0 fnt|[from] ability: Rough Skin|[of] p2b: Garchomp
|faint|p2b: Garchomp
|faint|p1b: Aerodactyl
|
|-weather|SunnyDay|[upkeep]
|upkeep
|turn|8
|
|t:|1782203012
|move|p2a: Basculegion|Protect|p2a: Basculegion
|-singleturn|p2a: Basculegion|Protect
|move|p1a: Ceruledge|Shadow Sneak|p2a: Basculegion
|-activate|p2a: Basculegion|move: Protect
|
|-weather|SunnyDay|[upkeep]
|upkeep
|turn|9
|
|t:|1782203015
|move|p2a: Basculegion|Protect||[still]
|-fail|p2a: Basculegion
|move|p1a: Ceruledge|Shadow Sneak|p2a: Basculegion
|-supereffective|p2a: Basculegion|1
|-damage|p2a: Basculegion|0 fnt
|faint|p2a: Basculegion
|
|win|ELIAS TRESCIENTOS
|raw|ELIAS TRESCIENTOS's rating: 1245 → 1271(+26 for winning)
|raw|Luca Santoriello's rating: 1264 → 1238(-26 for losing)
|c|☆Luca Santoriello|ggs
