|j|☆Sizzle & Kirk
|j|☆Parid08
|html|Sizzle & KirkParid08    
|uhtml|bestof|Game 1 of a best-of-3
|t:|1785413349
|gametype|doubles
|player|p1|Sizzle & Kirk|102|1191
|player|p2|Parid08|lucas|1126
|gen|9
|tier|[Gen 9 Champions] VGC 2026 Reg M-B (Bo3)
|rated|
|rule|Species Clause: Limit one of each Pokémon
|rule|Item Clause: Limit 1 of each item
|clearpoke
|poke|p1|Mawile, L50, M|
|poke|p1|Farigiraf, L50, M|
|poke|p1|Incineroar, L50, M|
|poke|p1|Tyranitar, L50, M|
|poke|p1|Milotic, L50, F|
|poke|p1|Excadrill, L50, F|
|poke|p2|Kingambit, L50, F|
|poke|p2|Whimsicott, L50, M|
|poke|p2|Basculegion, L50, M|
|poke|p2|Garchomp, L50, M|
|poke|p2|Charizard, L50, F|
|poke|p2|Floette-Eternal, L50, F|
|teampreview|4
|showteam|p1|Mawile||Mawilite|Intimidate|PlayRough,SuckerPunch,SwordsDance,Protect|Adamant||M|||50|]Farigiraf||ColburBerry|ArmorTail|Psyshock,Thunderbolt,TrickRoom,Protect|Sassy||M|||50|]Incineroar||SitrusBerry|Intimidate|FakeOut,FlareBlitz,PartingShot,WillOWisp|Careful||M|||50|]Tyranitar||Tyranitarite|SandStream|RockSlide,KnockOff,Taunt,Protect|Adamant||M|||50|]Milotic||Leftovers|Competitive|Scald,Recover,Coil,Hypnosis|Bold||F|||50|]Excadrill||LifeOrb|SandRush|HighHorsepower,IronHead,RockSlide,Protect|Adamant||F|||50|
|showteam|p2|Kingambit||BlackGlasses|Defiant|KowtowCleave,SuckerPunch,LowKick,Protect|Adamant||F|||50|]Whimsicott||FocusSash|Prankster|Moonblast,Tailwind,Encore,Protect|Timid||M|||50|]Basculegion||MysticWater|Adaptability|WaveCrash,LastRespects,AquaJet,Protect|Adamant||M|||50|]Garchomp||LifeOrb|RoughSkin|DragonClaw,RockSlide,Earthquake,Protect|Jolly||M|||50|]Charizard||CharizarditeY|Blaze|WeatherBall,HeatWave,SolarBeam,Protect|Modest||F|||50|]Floette-Eternal||Floettite|FlowerVeil|Moonblast,DazzlingGleam,LightofRuin,Protect|Timid||F|||50|
|inactive|Battle timer is ON: inactive players will automatically lose when time's up. (requested by Parid08)
|inactive|Parid08 has 60 seconds left.
|
|t:|1785413401
|teamsize|p1|4
|teamsize|p2|4
|start
|switch|p1a: Tyranitar|Tyranitar, L50, M|100/100
|switch|p1b: Excadrill|Excadrill, L50, F|100/100
|switch|p2a: Kingambit|Kingambit, L50, F|100/100
|switch|p2b: Whimsicott|Whimsicott, L50, M|100/100
|-weather|Sandstorm|[from] ability: Sand Stream|[of] p1a: Tyranitar
|turn|1
|inactive|Parid08 has 30 seconds left.
|
|t:|1785413429
|switch|p1a: Milotic|Milotic, L50, F|100/100
|move|p2b: Whimsicott|Protect|p2b: Whimsicott
|-singleturn|p2b: Whimsicott|Protect
|move|p2a: Kingambit|Sucker Punch|p1b: Excadrill
|-damage|p1b: Excadrill|31/100
|move|p1b: Excadrill|Iron Head|p2b: Whimsicott
|-activate|p2b: Whimsicott|move: Protect
|
|-weather|Sandstorm|[upkeep]
|-damage|p2b: Whimsicott|94/100|[from] Sandstorm
|-damage|p1a: Milotic|94/100|[from] Sandstorm
|-heal|p1a: Milotic|100/100|[from] item: Leftovers
|upkeep
|turn|2
|
|t:|1785413454
|switch|p1b: Incineroar|Incineroar, L50, M|100/100
|-ability|p1b: Incineroar|Intimidate|boost
|-unboost|p2a: Kingambit|atk|1
|-ability|p2a: Kingambit|Defiant|boost
|-boost|p2a: Kingambit|atk|2
|-unboost|p2b: Whimsicott|atk|1
|move|p2b: Whimsicott|Tailwind|p2b: Whimsicott
|-sidestart|p2: Parid08|move: Tailwind
|move|p2a: Kingambit|Sucker Punch||[still]
|-fail|p2a: Kingambit
|move|p1a: Milotic|Coil|p1a: Milotic
|-boost|p1a: Milotic|atk|1
|-boost|p1a: Milotic|def|1
|-boost|p1a: Milotic|accuracy|1
|
|-weather|Sandstorm|[upkeep]
|-damage|p2b: Whimsicott|88/100|[from] Sandstorm
|-damage|p1a: Milotic|94/100|[from] Sandstorm
|-damage|p1b: Incineroar|94/100|[from] Sandstorm
|-heal|p1a: Milotic|100/100|[from] item: Leftovers
|upkeep
|turn|3
|inactive|Parid08 has 30 seconds left.
|
|t:|1785413485
|move|p1b: Incineroar|Fake Out|p2b: Whimsicott
|-damage|p2b: Whimsicott|72/100
|cant|p2b: Whimsicott|flinch
|move|p2a: Kingambit|Kowtow Cleave|p1b: Incineroar
|-resisted|p1b: Incineroar|1
|-damage|p1b: Incineroar|51/100
|move|p1a: Milotic|Hypnosis|p2a: Kingambit
|-status|p2a: Kingambit|slp|[from] move: Hypnosis
|
|-weather|Sandstorm|[upkeep]
|-damage|p2b: Whimsicott|67/100|[from] Sandstorm
|-damage|p1a: Milotic|94/100|[from] Sandstorm
|-damage|p1b: Incineroar|46/100|[from] Sandstorm
|-enditem|p1b: Incineroar|Sitrus Berry|[eat]
|-heal|p1b: Incineroar|70/100|[from] item: Sitrus Berry
|-heal|p1a: Milotic|100/100|[from] item: Leftovers
|upkeep
|turn|4
|inactive|Sizzle & Kirk has 30 seconds left.
|inactive|Parid08 has 30 seconds left.
|
|t:|1785413512
|move|p2b: Whimsicott|Encore|p1a: Milotic
|-start|p1a: Milotic|Encore
|cant|p2a: Kingambit|slp
|move|p1a: Milotic|Hypnosis|p2b: Whimsicott
|-status|p2b: Whimsicott|slp|[from] move: Hypnosis
|move|p1b: Incineroar|Flare Blitz|p2a: Kingambit
|-supereffective|p2a: Kingambit|1
|-damage|p2a: Kingambit|23/100 slp
|-damage|p1b: Incineroar|45/100|[from] Recoil
|
|-weather|Sandstorm|[upkeep]
|-damage|p2b: Whimsicott|61/100 slp|[from] Sandstorm
|-damage|p1a: Milotic|94/100|[from] Sandstorm
|-damage|p1b: Incineroar|39/100|[from] Sandstorm
|-heal|p1a: Milotic|100/100|[from] item: Leftovers
|upkeep
|turn|5
|inactive|Sizzle & Kirk has 30 seconds left.
|
|t:|1785413543
|cant|p2b: Whimsicott|slp
|cant|p2a: Kingambit|slp
|move|p1a: Milotic|Hypnosis|p2a: Kingambit|[miss]
|-miss|p1a: Milotic|p2a: Kingambit
|move|p1b: Incineroar|Flare Blitz|p2a: Kingambit
|-supereffective|p2a: Kingambit|1
|-damage|p2a: Kingambit|0 fnt
|faint|p2a: Kingambit
|-damage|p1b: Incineroar|31/100|[from] Recoil
|
|-weather|none
|-sideend|p2: Parid08|move: Tailwind
|upkeep
|
|t:|1785413554
|switch|p2a: Charizard|Charizard, L50, F|100/100
|turn|6
|
|t:|1785413568
|detailschange|p2a: Charizard|Charizard-Mega-Y, L50, F
|-mega|p2a: Charizard|Charizard|Charizardite Y
|-weather|SunnyDay|[from] ability: Drought|[of] p2a: Charizard
|cant|p2b: Whimsicott|slp
|move|p2a: Charizard|Heat Wave|p1a: Milotic|[spread] p1a,p1b
|-resisted|p1a: Milotic|1
|-resisted|p1b: Incineroar|1
|-damage|p1a: Milotic|79/100
|-damage|p1b: Incineroar|10/100
|move|p1a: Milotic|Hypnosis|p2a: Charizard
|-status|p2a: Charizard|slp|[from] move: Hypnosis
|move|p1b: Incineroar|Parting Shot|p2a: Charizard
|-unboost|p2a: Charizard|atk|1
|-unboost|p2a: Charizard|spa|1
|
|t:|1785413579
|switch|p1b: Tyranitar|Tyranitar, L50, M|100/100|[from] Parting Shot
|-weather|Sandstorm|[from] ability: Sand Stream|[of] p1b: Tyranitar
|
|-weather|Sandstorm|[upkeep]
|-damage|p2b: Whimsicott|55/100 slp|[from] Sandstorm
|-damage|p2a: Charizard|93/100 slp|[from] Sandstorm
|-damage|p1a: Milotic|73/100|[from] Sandstorm
|-heal|p1a: Milotic|79/100|[from] item: Leftovers
|-end|p1a: Milotic|Encore
|upkeep
|turn|7
|
|t:|1785413602
|switch|p2a: Basculegion|Basculegion, L50, M|100/100
|detailschange|p1b: Tyranitar|Tyranitar-Mega, L50, M
|-mega|p1b: Tyranitar|Tyranitar|Tyranitarite
|-curestatus|p2b: Whimsicott|slp|[msg]
|move|p2b: Whimsicott|Protect|p2b: Whimsicott
|-singleturn|p2b: Whimsicott|Protect
|move|p1a: Milotic|Scald|p2a: Basculegion
|-resisted|p2a: Basculegion|1
|-damage|p2a: Basculegion|84/100
|move|p1b: Tyranitar|Rock Slide|p2b: Whimsicott|[spread] p2a
|-activate|p2b: Whimsicott|move: Protect
|-crit|p2a: Basculegion
|-damage|p2a: Basculegion|17/100
|
|-weather|Sandstorm|[upkeep]
|-damage|p2b: Whimsicott|49/100|[from] Sandstorm
|-damage|p2a: Basculegion|11/100|[from] Sandstorm
|-damage|p1a: Milotic|73/100|[from] Sandstorm
|-heal|p1a: Milotic|79/100|[from] item: Leftovers
|upkeep
|turn|8
|
|t:|1785413626
|switch|p1b: Incineroar|Incineroar, L50, M|10/100
|-ability|p1b: Incineroar|Intimidate|boost
|-unboost|p2a: Basculegion|atk|1
|-unboost|p2b: Whimsicott|atk|1
|move|p2b: Whimsicott|Tailwind|p2b: Whimsicott
|-sidestart|p2: Parid08|move: Tailwind
|move|p2a: Basculegion|Last Respects|p1a: Milotic
|-damage|p1a: Milotic|55/100
|move|p1a: Milotic|Scald|p2a: Basculegion
|-resisted|p2a: Basculegion|1
|-damage|p2a: Basculegion|0 fnt
|faint|p2a: Basculegion
|
|-weather|Sandstorm|[upkeep]
|-damage|p2b: Whimsicott|43/100|[from] Sandstorm
|-damage|p1a: Milotic|49/100|[from] Sandstorm
|-damage|p1b: Incineroar|4/100|[from] Sandstorm
|-heal|p1a: Milotic|55/100|[from] item: Leftovers
|upkeep
|
|t:|1785413641
|switch|p2a: Charizard|Charizard-Mega-Y, L50, F|93/100 slp
|-weather|SunnyDay|[from] ability: Drought|[of] p2a: Charizard
|turn|9
|
|t:|1785413646
|switch|p1a: Tyranitar|Tyranitar-Mega, L50, M|100/100
|-weather|Sandstorm|[from] ability: Sand Stream|[of] p1a: Tyranitar
|move|p2b: Whimsicott|Protect|p2b: Whimsicott
|-singleturn|p2b: Whimsicott|Protect
|cant|p2a: Charizard|slp
|move|p1b: Incineroar|Fake Out|p2a: Charizard
|-damage|p2a: Charizard|83/100 slp
|
|-weather|Sandstorm|[upkeep]
|-damage|p2b: Whimsicott|37/100|[from] Sandstorm
|-damage|p2a: Charizard|77/100 slp|[from] Sandstorm
|-damage|p1b: Incineroar|0 fnt|[from] Sandstorm
|faint|p1b: Incineroar
|upkeep
|
|t:|1785413649
|switch|p1b: Excadrill|Excadrill, L50, F|31/100
|turn|10
|
|t:|1785413667
|move|p2b: Whimsicott|Moonblast|p1b: Excadrill
|-resisted|p1b: Excadrill|1
|-damage|p1b: Excadrill|6/100
|-unboost|p1b: Excadrill|spa|1
|move|p1b: Excadrill|Rock Slide|p2a: Charizard|[spread] p2a
|-miss|p1b: Excadrill|p2b: Whimsicott
|-supereffective|p2a: Charizard|2
|-damage|p2a: Charizard|0 fnt
|faint|p2a: Charizard
|-damage|p1b: Excadrill|0 fnt|[from] item: Life Orb
|faint|p1b: Excadrill
|move|p1a: Tyranitar|Rock Slide|p2b: Whimsicott
|-damage|p2b: Whimsicott|0 fnt
|faint|p2b: Whimsicott
|
|win|Sizzle & Kirk
|inactive|Sizzle & Kirk has 30 seconds to confirm battle start!
|inactive|Parid08 has 30 seconds to confirm battle start!
||Sizzle & Kirk is ready for game 2.
||Parid08 is ready for game 2.
|uhtml|next|Next: Game 2 of 3
|l|☆Sizzle & Kirk
|player|p1|
