|j|☆atarka511
|j|☆Nessa333
|html|atarka511Nessa333    
|uhtml|bestof|Game 1 of a best-of-3
|t:|1756670938
|gametype|doubles
|player|p1|atarka511|volkner|1050
|player|p2|Nessa333|1|1023
|gen|9
|tier|[Gen 9] VGC 2025 Reg H (Bo3)
|rated|
|rule|Species Clause: Limit one of each Pokémon
|rule|Item Clause: Limit 1 of each item
|clearpoke
|poke|p1|Palafin, L50, F|
|poke|p1|Rillaboom, L50, F|
|poke|p1|Incineroar, L50, F|
|poke|p1|Sneasler, L50, F|
|poke|p1|Annihilape, L50, M|
|poke|p1|Sylveon, L50, M|
|poke|p2|Talonflame, L50, M|
|poke|p2|Garchomp, L50, M|
|poke|p2|Primarina, L50, F|
|poke|p2|Sneasler, L50, M|
|poke|p2|Indeedee, L50, M|
|poke|p2|Gholdengo, L50|
|teampreview|4
|showteam|p1|Palafin||MysticWater|ZerotoHero|CloseCombat,FlipTurn,WaveCrash,Protect|||F|||50|,,,,,Grass]Rillaboom||AssaultVest|GrassySurge|FakeOut,Uturn,GrassyGlide,WoodHammer|||F|||50|,,,,,Water]Incineroar||RockyHelmet|Intimidate|FakeOut,FlareBlitz,KnockOff,Uturn|||F|||50|,,,,,Grass]Sneasler||FocusSash|Unburden|CloseCombat,FakeOut,DireClaw,Protect|||F|||50|,,,,,Stellar]Annihilape||Leftovers|Defiant|BulkUp,DrainPunch,Protect,RageFist|||M|||50|,,,,,Grass]Sylveon||ThroatSpray|Pixilate|HyperVoice,Moonblast,TeraBlast,Protect|||M|||50|,,,,,Fire
|showteam|p2|Talonflame||CovertCloak|GaleWings|BraveBird,Tailwind,Taunt,FlareBlitz|||M|||50|,,,,,Ghost]Garchomp||LifeOrb|RoughSkin|Protect,Earthquake,StompingTantrum,ScaleShot|||M|||50|,,,,,Ground]Primarina||ThroatSpray|LiquidVoice|Protect,Haze,HyperVoice,Moonblast|||F|||50|,,,,,Poison]Sneasler||PsychicSeed|Unburden|ThroatChop,CloseCombat,DireClaw,Protect|||M|||50|,,,,,Dark]Indeedee||FocusSash|PsychicSurge|ExpandingForce,TrickRoom,Imprison,Protect|||M|||50|,,,,,Psychic]Gholdengo||ChoiceSpecs|GoodasGold|MakeItRain,ShadowBall,PowerGem,SteelBeam||||||50|,,,,,Steel
|inactive|Battle timer is ON: inactive players will automatically lose when time's up. (requested by atarka511)
|inactive|Nessa333 has 60 seconds left.
|
|t:|1756671008
|teamsize|p1|4
|teamsize|p2|4
|start
|switch|p1a: Palafin|Palafin, L50, F|100/100
|switch|p1b: Incineroar|Incineroar, L50, F|100/100
|switch|p2a: Talonflame|Talonflame, L50, M, shiny|100/100
|switch|p2b: Gholdengo|Gholdengo, L50|100/100
|-ability|p1b: Incineroar|Intimidate|boost
|-unboost|p2a: Talonflame|atk|1
|-unboost|p2b: Gholdengo|atk|1
|turn|1
|inactive|atarka511 has 30 seconds left.
|inactive|Nessa333 has 30 seconds left.
|inactive|Nessa333 has 20 seconds left.
|inactive|Nessa333 has 15 seconds left.
|inactive|Nessa333 has 10 seconds left.
|
|t:|1756671056
|move|p1a: Palafin|Protect|p1a: Palafin
|-singleturn|p1a: Palafin|Protect
|move|p2a: Talonflame|Tailwind|p2a: Talonflame
|-sidestart|p2: Nessa333|move: Tailwind
|move|p2b: Gholdengo|Power Gem|p1b: Incineroar
|-supereffective|p1b: Incineroar
|-damage|p1b: Incineroar|39/100
|move|p1b: Incineroar|Knock Off|p2b: Gholdengo
|-supereffective|p2b: Gholdengo
|-damage|p2b: Gholdengo|9/100
|-enditem|p2b: Gholdengo|Choice Specs|[from] move: Knock Off|[of] p1b: Incineroar
|
|upkeep
|turn|2
|inactive|atarka511 has 30 seconds left.
|inactive|Nessa333 has 30 seconds left.
|inactive|Nessa333 has 20 seconds left.
|inactive|Nessa333 has 15 seconds left.
|inactive|Nessa333 has 10 seconds left.
|inactive|Nessa333 has 5 seconds left.
|
|t:|1756671111
|move|p2a: Talonflame|Brave Bird|p1b: Incineroar
|-damage|p1b: Incineroar|9/100
|-damage|p2a: Talonflame|84/100|[from] item: Rocky Helmet|[of] p1b: Incineroar
|-damage|p2a: Talonflame|71/100|[from] Recoil
|move|p2b: Gholdengo|Make It Rain|p1a: Palafin|[spread] p1a,p1b
|-resisted|p1a: Palafin
|-resisted|p1b: Incineroar
|-damage|p1a: Palafin|65/100
|-damage|p1b: Incineroar|0 fnt
|-unboost|p2b: Gholdengo|spa|1
|faint|p1b: Incineroar
|move|p1a: Palafin|Flip Turn|p2a: Talonflame
|-supereffective|p2a: Talonflame
|-damage|p2a: Talonflame|4/100
|
|t:|1756671126
|detailschange|p1a: Palafin|Palafin-Hero, L50, F
|switch|p1a: Sylveon|Sylveon, L50, M|100/100|[from] Flip Turn
|
|upkeep
|
|t:|1756671129
|switch|p1b: Sneasler|Sneasler, L50, F|100/100
|turn|3
|inactive|Nessa333 has 30 seconds left.
|j| boredinperpetuity
|
|t:|1756671163
|move|p1a: Sylveon|Protect|p1a: Sylveon
|-singleturn|p1a: Sylveon|Protect
|move|p1b: Sneasler|Fake Out|p2a: Talonflame
|-damage|p2a: Talonflame|0 fnt
|faint|p2a: Talonflame
|move|p2b: Gholdengo|Make It Rain|p1b: Sneasler|[spread] p1b
|-activate|p1a: Sylveon|move: Protect
|-damage|p1b: Sneasler|52/100
|-unboost|p2b: Gholdengo|spa|1
|
|upkeep
|
|t:|1756671179
|switch|p2a: Indeedee|Indeedee, L50, M, shiny|100/100
|-fieldstart|move: Psychic Terrain|[from] ability: Psychic Surge|[of] p2a: Indeedee
|turn|4
|inactive|Nessa333 has 30 seconds left.
|
|t:|1756671207
|-terastallize|p1a: Sylveon|Fire
|move|p1b: Sneasler|Protect|p1b: Sneasler
|-singleturn|p1b: Sneasler|Protect
|move|p2a: Indeedee|Expanding Force|p1a: Sylveon|[spread] p1a
|-activate|p1b: Sneasler|move: Protect
|-damage|p1a: Sylveon|64/100
|move|p2b: Gholdengo|Steel Beam|p1a: Sylveon
|-resisted|p1a: Sylveon
|-damage|p1a: Sylveon|50/100
|-damage|p2b: Gholdengo|0 fnt|[from] steelbeam
|faint|p2b: Gholdengo
|move|p1a: Sylveon|Hyper Voice|p2a: Indeedee
|-damage|p2a: Indeedee|27/100
|-enditem|p1a: Sylveon|Throat Spray
|-boost|p1a: Sylveon|spa|1|[from] item: Throat Spray
|
|-sideend|p2: Nessa333|move: Tailwind
|upkeep
|
|t:|1756671225
|switch|p2b: Sneasler|Sneasler, L50, M, shiny|100/100
|-enditem|p2b: Sneasler|Psychic Seed
|-boost|p2b: Sneasler|spd|1|[from] item: Psychic Seed
|turn|5
|
|t:|1756671250
|move|p2b: Sneasler|Dire Claw|p1a: Sylveon
|-damage|p1a: Sylveon|0 fnt
|faint|p1a: Sylveon
|move|p1b: Sneasler|Dire Claw|p2a: Indeedee
|-crit|p2a: Indeedee
|-damage|p2a: Indeedee|0 fnt
|faint|p2a: Indeedee
|
|upkeep
|
|t:|1756671258
|switch|p1a: Palafin|Palafin-Hero, L50, F|65/100
|-activate|p1a: Palafin|ability: Zero to Hero
|turn|6
|inactive|Nessa333 has 30 seconds left.
|inactive|Nessa333 has 20 seconds left.
|
|t:|1756671295
|move|p1a: Palafin|Protect|p1a: Palafin
|-singleturn|p1a: Palafin|Protect
|move|p2b: Sneasler|Dire Claw|p1a: Palafin
|-activate|p1a: Palafin|move: Protect
|move|p1b: Sneasler|Close Combat|p2b: Sneasler
|-resisted|p2b: Sneasler
|-damage|p2b: Sneasler|43/100
|-unboost|p1b: Sneasler|def|1
|-unboost|p1b: Sneasler|spd|1
|
|upkeep
|turn|7
|
|t:|1756671308
|move|p2b: Sneasler|Dire Claw|p1a: Palafin
|-damage|p1a: Palafin|23/100
|move|p1b: Sneasler|Close Combat|p2b: Sneasler
|-resisted|p2b: Sneasler
|-damage|p2b: Sneasler|0 fnt
|-unboost|p1b: Sneasler|def|1
|-unboost|p1b: Sneasler|spd|1
|faint|p2b: Sneasler
|
|win|atarka511
||Nessa333 is ready for game 2.
||atarka511 is ready for game 2.
|uhtml|next|Next: Game 2 of 3
|l| boredinperpetuity
|l|☆atarka511
|player|p1|
|l|☆Nessa333
|player|p2|
|j|☆Nessa333
|player|p2|Nessa333|1|
