|j|☆kikuey
|j|☆wodaiogien
|html|kikueywodaiogien    
|uhtml|bestof|Game 2 of a best-of-3
|t:|1782242679
|gametype|doubles
|player|p1|kikuey|blue-gen2|1136
|player|p2|wodaiogien|265|1069
|gen|9
|tier|[Gen 9 Champions] VGC 2026 Reg M-B (Bo3)
|rated|
|rule|Species Clause: Limit one of each Pokémon
|rule|Item Clause: Limit 1 of each item
|clearpoke
|poke|p1|Gengar, L50, F|
|poke|p1|Ninetales-Alola, L50, F|
|poke|p1|Garchomp, L50, M|
|poke|p1|Metagross, L50|
|poke|p1|Rotom-Wash, L50|
|poke|p1|Incineroar, L50, M|
|poke|p2|Ninetales-Alola, L50, F|
|poke|p2|Raichu, L50, M|
|poke|p2|Basculegion, L50, M|
|poke|p2|Incineroar, L50, F|
|poke|p2|Kingambit, L50, M|
|poke|p2|Farigiraf, L50, M|
|teampreview|4
|showteam|p1|Gengar||Gengarite|CursedBody|SludgeBomb,ShadowBall,Disable,Protect|Timid||F|||50|]Ninetales-Alola||NeverMeltIce|SnowWarning|Encore,Protect,Blizzard,Moonblast|Timid||F|||50|]Garchomp||LifeOrb|RoughSkin|RockSlide,Earthquake,DragonClaw,Protect|Jolly||M|||50|]Metagross||Metagrossite|ClearBody|MeteorMash,PsychicFangs,Protect,RockTomb|Jolly|||||50|]Rotom-Wash||SitrusBerry|Levitate|WillOWisp,Thunderbolt,Protect,HydroPump|Bold|||||50|]Incineroar||ShucaBerry|Intimidate|FlareBlitz,ThroatChop,PartingShot,FakeOut|Impish||M|||50|
|showteam|p2|Ninetales-Alola||FocusSash|SnowWarning|Blizzard,FreezeDry,Encore,Protect|Timid||F|||50|]Raichu||RaichuniteY|LightningRod|ZapCannon,FocusBlast,FakeOut,Protect|Timid||M|||50|]Basculegion||LifeOrb|Adaptability|WaveCrash,AquaJet,LastRespects,Protect|Adamant||M|||50|]Incineroar||ShucaBerry|Intimidate|FlareBlitz,PartingShot,FakeOut,Taunt|Careful||F|||50|]Kingambit||ChopleBerry|Defiant|KowtowCleave,SuckerPunch,IronHead,LowKick|Adamant||M|||50|]Farigiraf||SitrusBerry|ArmorTail|TwinBeam,TrickRoom,HelpingHand,Protect|Relaxed||M|||50|
|inactive|Battle timer is ON: inactive players will automatically lose when time's up. (requested by kikuey)
|inactive|wodaiogien has 60 seconds left.
|
|t:|1782242714
|teamsize|p1|4
|teamsize|p2|4
|start
|switch|p1a: Gengar|Gengar, L50, F|100/100
|switch|p1b: Garchomp|Garchomp, L50, M|100/100
|switch|p2a: Ninetales|Ninetales-Alola, L50, F|100/100
|switch|p2b: Incineroar|Incineroar, L50, F|100/100
|-weather|Snowscape|[from] ability: Snow Warning|[of] p2a: Ninetales
|-ability|p2b: Incineroar|Intimidate|boost
|-unboost|p1a: Gengar|atk|1
|-unboost|p1b: Garchomp|atk|1
|turn|1
|
|t:|1782242732
|detailschange|p1a: Gengar|Gengar-Mega, L50, F
|-mega|p1a: Gengar|Gengar|Gengarite
|move|p2a: Ninetales|Protect|p2a: Ninetales
|-singleturn|p2a: Ninetales|Protect
|move|p1b: Garchomp|Protect|p1b: Garchomp
|-singleturn|p1b: Garchomp|Protect
|move|p1a: Gengar|Sludge Bomb|p2a: Ninetales
|-activate|p2a: Ninetales|move: Protect
|move|p2b: Incineroar|Parting Shot|p1a: Gengar
|-unboost|p1a: Gengar|atk|1
|-unboost|p1a: Gengar|spa|1
|
|t:|1782242746
|switch|p2b: Kingambit|Kingambit, L50, M|100/100|[from] Parting Shot
|
|-weather|Snowscape|[upkeep]
|upkeep
|turn|2
|
|t:|1782242753
|switch|p1b: Rotom|Rotom-Wash, L50|100/100
|move|p1a: Gengar|Protect|p1a: Gengar
|-singleturn|p1a: Gengar|Protect
|move|p2a: Ninetales|Blizzard|p1b: Rotom|[spread] p1b
|-activate|p1a: Gengar|move: Protect
|-resisted|p1b: Rotom|1
|-damage|p1b: Rotom|85/100
|move|p2b: Kingambit|Kowtow Cleave|p1a: Gengar
|-activate|p1a: Gengar|move: Protect
|
|-weather|Snowscape|[upkeep]
|upkeep
|turn|3
|inactive|kikuey has 30 seconds left.
|
|t:|1782242779
|move|p2a: Ninetales|Protect|p2a: Ninetales
|-singleturn|p2a: Ninetales|Protect
|move|p1a: Gengar|Disable|p2b: Kingambit
|-start|p2b: Kingambit|Disable|Kowtow Cleave
|move|p1b: Rotom|Will-O-Wisp|p2a: Ninetales
|-activate|p2a: Ninetales|move: Protect
|cant|p2b: Kingambit|Disable|Kowtow Cleave
|
|-weather|Snowscape|[upkeep]
|upkeep
|turn|4
|inactive|kikuey has 30 seconds left.
|
|t:|1782242810
|move|p1a: Gengar|Protect|p1a: Gengar
|-singleturn|p1a: Gengar|Protect
|move|p2b: Kingambit|Sucker Punch||[still]
|-fail|p2b: Kingambit
|move|p2a: Ninetales|Freeze-Dry|p1b: Rotom
|-supereffective|p1b: Rotom|1
|-damage|p1b: Rotom|34/100
|-enditem|p1b: Rotom|Sitrus Berry|[eat]
|-heal|p1b: Rotom|59/100|[from] item: Sitrus Berry
|move|p1b: Rotom|Will-O-Wisp|p2a: Ninetales
|-status|p2a: Ninetales|brn
|
|-weather|Snowscape|[upkeep]
|-damage|p2a: Ninetales|93/100 brn|[from] brn
|upkeep
|turn|5
|inactive|kikuey has 30 seconds left.
|inactive|kikuey has 20 seconds left.
|
|t:|1782242846
|switch|p1a: Garchomp|Garchomp, L50, M|100/100
|move|p2b: Kingambit|Sucker Punch||[still]
|-fail|p2b: Kingambit
|move|p2a: Ninetales|Encore|p1b: Rotom
|-start|p1b: Rotom|Encore
|move|p1b: Rotom|Will-O-Wisp|p2b: Kingambit
|-status|p2b: Kingambit|brn
|
|-weather|none
|-damage|p2a: Ninetales|87/100 brn|[from] brn
|-damage|p2b: Kingambit|94/100 brn|[from] brn
|upkeep
|turn|6
|inactive|kikuey has 30 seconds left.
|
|t:|1782242874
|switch|p1b: Ninetales|Ninetales-Alola, L50, F|100/100
|-weather|Snowscape|[from] ability: Snow Warning|[of] p1b: Ninetales
|switch|p2b: Incineroar|Incineroar, L50, F|100/100
|-ability|p2b: Incineroar|Intimidate|boost
|-unboost|p1a: Garchomp|atk|1
|-unboost|p1b: Ninetales|atk|1
|move|p2a: Ninetales|Blizzard|p1a: Garchomp|[spread] p1a,p1b
|-supereffective|p1a: Garchomp|2
|-resisted|p1b: Ninetales|1
|-damage|p1a: Garchomp|0 fnt
|-damage|p1b: Ninetales|81/100
|faint|p1a: Garchomp
|
|-weather|Snowscape|[upkeep]
|-damage|p2a: Ninetales|81/100 brn|[from] brn
|upkeep
|
|t:|1782242885
|switch|p1a: Gengar|Gengar-Mega, L50, F|100/100
|turn|7
|
|t:|1782242904
|move|p1b: Ninetales|Protect|p1b: Ninetales
|-singleturn|p1b: Ninetales|Protect
|move|p1a: Gengar|Sludge Bomb|p2a: Ninetales
|-supereffective|p2a: Ninetales|1
|-damage|p2a: Ninetales|0 fnt
|faint|p2a: Ninetales
|move|p2b: Incineroar|Parting Shot|p1a: Gengar
|-unboost|p1a: Gengar|atk|1
|-unboost|p1a: Gengar|spa|1
|
|t:|1782242915
|switch|p2b: Kingambit|Kingambit, L50, M|94/100 brn|[from] Parting Shot
|
|-weather|Snowscape|[upkeep]
|-damage|p2b: Kingambit|88/100 brn|[from] brn
|upkeep
|
|t:|1782242934
|switch|p2a: Incineroar|Incineroar, L50, F|100/100
|-ability|p2a: Incineroar|Intimidate|boost
|-unboost|p1a: Gengar|atk|1
|-unboost|p1b: Ninetales|atk|1
|turn|8
|
|t:|1782242944
|switch|p1b: Rotom|Rotom-Wash, L50|59/100
|move|p1a: Gengar|Protect|p1a: Gengar
|-singleturn|p1a: Gengar|Protect
|move|p2a: Incineroar|Flare Blitz|p1b: Rotom
|-resisted|p1b: Rotom|1
|-damage|p1b: Rotom|40/100
|-damage|p2a: Incineroar|95/100|[from] Recoil
|move|p2b: Kingambit|Iron Head|p1a: Gengar
|-activate|p1a: Gengar|move: Protect
|
|-weather|Snowscape|[upkeep]
|-damage|p2b: Kingambit|82/100 brn|[from] brn
|upkeep
|turn|9
|
|t:|1782242969
|switch|p1a: Ninetales|Ninetales-Alola, L50, F|81/100
|move|p1b: Rotom|Hydro Pump|p2a: Incineroar
|-supereffective|p2a: Incineroar|1
|-damage|p2a: Incineroar|29/100
|move|p2a: Incineroar|Parting Shot|p1a: Ninetales
|-unboost|p1a: Ninetales|atk|1
|-unboost|p1a: Ninetales|spa|1
|
|t:|1782242977
|switch|p2a: Raichu|Raichu, L50, M|100/100|[from] Parting Shot
|move|p2b: Kingambit|Kowtow Cleave|p1a: Ninetales
|-resisted|p1a: Ninetales|1
|-damage|p1a: Ninetales|69/100
|
|-weather|Snowscape|[upkeep]
|-damage|p2b: Kingambit|76/100 brn|[from] brn
|upkeep
|turn|10
|
|t:|1782242996
|detailschange|p2a: Raichu|Raichu-Mega-Y, L50, M
|-mega|p2a: Raichu|Raichu|Raichunite Y
|move|p1b: Rotom|Protect|p1b: Rotom
|-singleturn|p1b: Rotom|Protect
|move|p2a: Raichu|Zap Cannon|p1b: Rotom
|-activate|p1b: Rotom|move: Protect
|move|p1a: Ninetales|Encore|p2b: Kingambit
|-start|p2b: Kingambit|Encore
|move|p2b: Kingambit|Kowtow Cleave|p1a: Ninetales
|-resisted|p1a: Ninetales|1
|-damage|p1a: Ninetales|58/100
|
|-weather|none
|-damage|p2b: Kingambit|71/100 brn|[from] brn
|upkeep
|turn|11
|inactive|kikuey has 30 seconds left.
|
|t:|1782243023
|switch|p2b: Incineroar|Incineroar, L50, F|29/100
|-ability|p2b: Incineroar|Intimidate|boost
|-unboost|p1a: Ninetales|atk|1
|-unboost|p1b: Rotom|atk|1
|move|p2a: Raichu|Zap Cannon|p1b: Rotom
|-damage|p1b: Rotom|0 fnt
|faint|p1b: Rotom
|move|p1a: Ninetales|Moonblast|p2a: Raichu
|-damage|p2a: Raichu|64/100
|
|upkeep
|
|t:|1782243030
|switch|p1b: Gengar|Gengar-Mega, L50, F|100/100
|turn|12
|
|t:|1782243046
|move|p1a: Ninetales|Protect|p1a: Ninetales
|-singleturn|p1a: Ninetales|Protect
|move|p2a: Raichu|Zap Cannon|p1b: Gengar
|-damage|p1b: Gengar|23/100
|-status|p1b: Gengar|par
|move|p1b: Gengar|Shadow Ball|p2a: Raichu
|-damage|p2a: Raichu|0 fnt
|faint|p2a: Raichu
|move|p2b: Incineroar|Flare Blitz|p1a: Ninetales
|-activate|p1a: Ninetales|move: Protect
|
|upkeep
|
|t:|1782243054
|switch|p2a: Kingambit|Kingambit, L50, M|71/100 brn
|turn|13
|
|t:|1782243069
|move|p1b: Gengar|Protect|p1b: Gengar
|-singleturn|p1b: Gengar|Protect
|move|p2a: Kingambit|Sucker Punch||[still]
|-fail|p2a: Kingambit
|move|p1a: Ninetales|Moonblast|p2b: Incineroar
|-damage|p2b: Incineroar|10/100
|move|p2b: Incineroar|Flare Blitz|p1a: Ninetales
|-supereffective|p1a: Ninetales|1
|-damage|p1a: Ninetales|0 fnt
|faint|p1a: Ninetales
|-damage|p2b: Incineroar|0 fnt|[from] Recoil
|faint|p2b: Incineroar
|
|-damage|p2a: Kingambit|65/100 brn|[from] brn
|upkeep
|turn|14
|inactive|wodaiogien has 30 seconds left.
|
|t:|1782243095
|cant|p1b: Gengar|par
|move|p2a: Kingambit|Kowtow Cleave|p1b: Gengar
|-supereffective|p1b: Gengar|1
|-damage|p1b: Gengar|0 fnt
|faint|p1b: Gengar
|
|win|wodaiogien
