|j|вҳҶjchase42
|j|вҳҶAnotherDreamer
|html|jchase42AnotherDreamer    
|uhtml|bestof|Game 1 of a best-of-3
|t:|1756340867
|gametype|doubles
|player|p1|jchase42|hiker-gen4|1138
|player|p2|AnotherDreamer|2|1152
|gen|9
|tier|[Gen 9] VGC 2025 Reg H (Bo3)
|rated|
|rule|Species Clause: Limit one of each PokГ©mon
|rule|Item Clause: Limit 1 of each item
|clearpoke
|poke|p1|Indeedee-F, L50, F|
|poke|p1|Torkoal, L50, F|
|poke|p1|Gallade, L50, M|
|poke|p1|Hatterene, L50, F|
|poke|p1|Maushold-Four, L50|
|poke|p1|Sinistcha, L50|
|poke|p2|Indeedee-F, L50, F|
|poke|p2|Hatterene, L50, F|
|poke|p2|Gallade, L50, M|
|poke|p2|Ursaluna, L50, M|
|poke|p2|Lilligant-Hisui, L50, F|
|poke|p2|Torkoal, L50, M|
|teampreview|4
|showteam|p1|Indeedee-F||PsychicSeed|PsychicSurge|Psychic,FollowMe,HelpingHand,TrickRoom|||F|||50|,,,,,Grass]Torkoal||ChoiceSpecs|Drought|Eruption,HeatWave,WeatherBall,EarthPower|||F|||50|,,,,,Fire]Gallade||ClearAmulet|Sharpness|PsychoCut,SacredSword,WideGuard,TrickRoom|||M|||50|,,,,,Grass]Hatterene||CovertCloak|MagicBounce|ExpandingForce,DazzlingGleam,Protect,TrickRoom|||F|||50|,,,,,Fire]Maushold-Four||WideLens|Technician|PopulationBomb,Taunt,FollowMe,Protect||||||50|,,,,,Fire]Sinistcha||SitrusBerry|Hospitality|MatchaGotcha,ShadowBall,RagePowder,TrickRoom||||||50|,,,,,Fairy
|showteam|p2|Indeedee-F||PsychicSeed|PsychicSurge|TrickRoom,FollowMe,HelpingHand,DazzlingGleam|||F|||50|,,,,,Fire]Hatterene||LifeOrb|MagicBounce|ExpandingForce,TrickRoom,DazzlingGleam,Protect|||F|||50|,,,,,Psychic]Gallade||ClearAmulet|Sharpness|PsychoCut,TrickRoom,SacredSword,WideGuard|||M|||50|,,,,,Grass]Ursaluna||FlameOrb|Guts|HeadlongRush,Facade,SwordsDance,Protect|||M|||50|,,,,,Ghost]Lilligant-Hisui||FocusSash|Chlorophyll|SolarBlade,SleepPowder,CloseCombat,AfterYou|||F|||50|,,,,,Ghost]Torkoal||ChoiceSpecs|Drought|Eruption,HeatWave,WeatherBall,EarthPower|||M|||50|,,,,,Fire
|inactive|Battle timer is ON: inactive players will automatically lose when time's up. (requested by AnotherDreamer)
|c|вҳҶjchase42|ayye
|c|вҳҶAnotherDreamer|Teehee
|c|вҳҶjchase42|finally someone with taste
|inactive|jchase42 has 60 seconds left.
|inactive|AnotherDreamer has 60 seconds left.
|inactive|jchase42 has 30 seconds left.
|inactive|AnotherDreamer has 30 seconds left.
|inactive|jchase42 has 20 seconds left.
|inactive|jchase42 has 15 seconds left.
|inactive|AnotherDreamer has 20 seconds left.
|inactive|AnotherDreamer has 15 seconds left.
|
|t:|1756340952
|teamsize|p1|4
|teamsize|p2|4
|start
|switch|p1a: Gallade|Gallade, L50, M|100/100
|switch|p1b: Hatterene|Hatterene, L50, F|100/100
|switch|p2a: зҙ«з«ҪеҘҪеҸҜж„ӣ|Lilligant-Hisui, L50, F, shiny|100/100
|switch|p2b: еӨӘжЁӮе·ҙжҲҲж–Ҝ|Torkoal, L50, M, shiny|100/100
|-weather|SunnyDay|[from] ability: Drought|[of] p2b: еӨӘжЁӮе·ҙжҲҲж–Ҝ
|turn|1
|inactive|jchase42 has 30 seconds left.
|
|t:|1756340985
|-terastallize|p1b: Hatterene|Fire
|move|p1a: Gallade|Wide Guard|p1a: Gallade
|-singleturn|p1a: Gallade|Wide Guard
|move|p2a: зҙ«з«ҪеҘҪеҸҜж„ӣ|Sleep Powder|p1a: Gallade
|-status|p1a: Gallade|slp|[from] move: Sleep Powder
|move|p1b: Hatterene|Expanding Force|p2b: еӨӘжЁӮе·ҙжҲҲж–Ҝ
|-damage|p2b: еӨӘжЁӮе·ҙжҲҲж–Ҝ|33/100
|move|p2b: еӨӘжЁӮе·ҙжҲҲж–Ҝ|Weather Ball|p1b: Hatterene
|-resisted|p1b: Hatterene
|-damage|p1b: Hatterene|46/100
|
|-weather|SunnyDay|[upkeep]
|upkeep
|turn|2
|
|t:|1756341007
|switch|p1a: Indeedee|Indeedee-F, L50, F|100/100
|-fieldstart|move: Psychic Terrain|[from] ability: Psychic Surge|[of] p1a: Indeedee
|-enditem|p1a: Indeedee|Psychic Seed
|-boost|p1a: Indeedee|spd|1|[from] item: Psychic Seed
|move|p2a: зҙ«з«ҪеҘҪеҸҜж„ӣ|After You|p2b: еӨӘжЁӮе·ҙжҲҲж–Ҝ
|-activate|p2b: еӨӘжЁӮе·ҙжҲҲж–Ҝ|move: After You
|move|p2b: еӨӘжЁӮе·ҙжҲҲж–Ҝ|Weather Ball|p1a: Indeedee
|-damage|p1a: Indeedee|38/100
|move|p1b: Hatterene|Expanding Force|p2a: зҙ«з«ҪеҘҪеҸҜж„ӣ|[spread] p2a,p2b
|-supereffective|p2a: зҙ«з«ҪеҘҪеҸҜж„ӣ
|-crit|p2a: зҙ«з«ҪеҘҪеҸҜж„ӣ
|-enditem|p2a: зҙ«з«ҪеҘҪеҸҜж„ӣ|Focus Sash
|-damage|p2a: зҙ«з«ҪеҘҪеҸҜж„ӣ|1/100
|-damage|p2b: еӨӘжЁӮе·ҙжҲҲж–Ҝ|0 fnt
|faint|p2b: еӨӘжЁӮе·ҙжҲҲж–Ҝ
|
|-weather|SunnyDay|[upkeep]
|upkeep
|
|t:|1756341012
|switch|p2b: зҙ«з«Ҫи¶…еҸҜж„ӣ|Indeedee-F, L50, F, shiny|100/100
|-enditem|p2b: зҙ«з«Ҫи¶…еҸҜж„ӣ|Psychic Seed
|-boost|p2b: зҙ«з«Ҫи¶…еҸҜж„ӣ|spd|1|[from] item: Psychic Seed
|turn|3
|inactive|jchase42 has 30 seconds left.
|
|t:|1756341038
|move|p1b: Hatterene|Protect|p1b: Hatterene
|-singleturn|p1b: Hatterene|Protect
|move|p2a: зҙ«з«ҪеҘҪеҸҜж„ӣ|Solar Blade||[still]
|-prepare|p2a: зҙ«з«ҪеҘҪеҸҜж„ӣ|Solar Blade
|-anim|p2a: зҙ«з«ҪеҘҪеҸҜж„ӣ|Solar Blade|p1a: Indeedee
|-damage|p1a: Indeedee|0 fnt
|faint|p1a: Indeedee
|move|p2b: зҙ«з«Ҫи¶…еҸҜж„ӣ|Trick Room|p2b: зҙ«з«Ҫи¶…еҸҜж„ӣ
|-fieldstart|move: Trick Room|[of] p2b: зҙ«з«Ҫи¶…еҸҜж„ӣ
|
|-weather|SunnyDay|[upkeep]
|upkeep
|
|t:|1756341047
|switch|p1a: Torkoal|Torkoal, L50, F|100/100
|turn|4
|
|t:|1756341065
|-terastallize|p2b: зҙ«з«Ҫи¶…еҸҜж„ӣ|Fire
|move|p1a: Torkoal|Eruption|p2a: зҙ«з«ҪеҘҪеҸҜж„ӣ|[spread] p2a,p2b
|-supereffective|p2a: зҙ«з«ҪеҘҪеҸҜж„ӣ
|-resisted|p2b: зҙ«з«Ҫи¶…еҸҜж„ӣ
|-damage|p2a: зҙ«з«ҪеҘҪеҸҜж„ӣ|0 fnt
|-damage|p2b: зҙ«з«Ҫи¶…еҸҜж„ӣ|65/100
|faint|p2a: зҙ«з«ҪеҘҪеҸҜж„ӣ
|move|p1b: Hatterene|Expanding Force|p2b: зҙ«з«Ҫи¶…еҸҜж„ӣ
|-damage|p2b: зҙ«з«Ҫи¶…еҸҜж„ӣ|4/100
|move|p2b: зҙ«з«Ҫи¶…еҸҜж„ӣ|Trick Room|p2b: зҙ«з«Ҫи¶…еҸҜж„ӣ
|-fieldend|move: Trick Room
|
|-weather|SunnyDay|[upkeep]
|upkeep
|
|t:|1756341067
|switch|p2a: дёҖжӢіжңҲжңҲзҶҠ|Ursaluna, L50, M, shiny|100/100
|turn|5
|
|t:|1756341097
|move|p1b: Hatterene|Protect|p1b: Hatterene
|-singleturn|p1b: Hatterene|Protect
|move|p2b: зҙ«з«Ҫи¶…еҸҜж„ӣ|Dazzling Gleam|p1a: Torkoal|[spread] p1a
|-activate|p1b: Hatterene|move: Protect
|-resisted|p1a: Torkoal
|-damage|p1a: Torkoal|93/100
|move|p2a: дёҖжӢіжңҲжңҲзҶҠ|Headlong Rush|p1b: Hatterene
|-activate|p1b: Hatterene|move: Protect
|move|p1a: Torkoal|Eruption|p2a: дёҖжӢіжңҲжңҲзҶҠ|[spread] p2a,p2b
|-resisted|p2b: зҙ«з«Ҫи¶…еҸҜж„ӣ
|-damage|p2a: дёҖжӢіжңҲжңҲзҶҠ|3/100
|-damage|p2b: зҙ«з«Ҫи¶…еҸҜж„ӣ|0 fnt
|faint|p2b: зҙ«з«Ҫи¶…еҸҜж„ӣ
|
|-weather|none
|-status|p2a: дёҖжӢіжңҲжңҲзҶҠ|brn|[from] item: Flame Orb
|upkeep
|turn|6
|-message|AnotherDreamer forfeited.
|
|win|jchase42
|l|вҳҶAnotherDreamer
|player|p2|
||AnotherDreamer is ready for game 2.
||jchase42 is ready for game 2.
|uhtml|next|Next: Game 2 of 3
