|j|☆WeVibein
|j|☆ProtoZeroYT
|html|WeVibeinProtoZeroYT    
|uhtml|bestof|Game 1 of a best-of-3
|t:|1757135918
|gametype|doubles
|player|p1|WeVibein|170|1109
|player|p2|ProtoZeroYT|miku-flying|1039
|gen|9
|tier|[Gen 9] VGC 2025 Reg H (Bo3)
|rated|
|rule|Species Clause: Limit one of each Pokémon
|rule|Item Clause: Limit 1 of each item
|clearpoke
|poke|p1|Ursaluna, L50, M|
|poke|p1|Incineroar, L50, F|
|poke|p1|Porygon2, L50|
|poke|p1|Amoonguss, L50, F|
|poke|p1|Primarina, L50, F|
|poke|p1|Dragonite, L50, M|
|poke|p2|Sneasler, L50, F|
|poke|p2|Indeedee, L50, M|
|poke|p2|Volcarona, L50, M|
|poke|p2|Ursaluna-Bloodmoon, L50, M|
|poke|p2|Annihilape, L50, F|
|poke|p2|Tyranitar, L50, M|
|teampreview|4
|showteam|p1|Ursaluna||FlameOrb|Guts|Facade,HeadlongRush,CloseCombat,Protect|||M|||50|,,,,,Normal]Incineroar||SafetyGoggles|Intimidate|FlareBlitz,KnockOff,PartingShot,FakeOut|||F|||50|,,,,,Grass]Porygon2||Eviolite|Download|TrickRoom,TeraBlast,Thunderbolt,Protect||||||50|,,,,,Flying]Amoonguss||RockyHelmet|Regenerator|Spore,RagePowder,SludgeBomb,Protect|||F|||50|,,,,,Ghost]Primarina||LifeOrb|LiquidVoice|HyperVoice,Moonblast,Psychic,Protect|||F|||50|,,,,,Poison]Dragonite||LoadedDice|Multiscale|ScaleShot,Tailwind,AerialAce,Protect|||M|||50|,,,,,Fairy
|showteam|p2|Sneasler||PsychicSeed|Unburden|CloseCombat,DireClaw,ThroatChop,Protect|||F|||50|,,,,,Dark]Indeedee||ChoiceScarf|PsychicSurge|ExpandingForce,TeraBlast,Trick,Protect|||M|||50|,,,,,Psychic]Volcarona||SitrusBerry|FlameBody|Overheat,StruggleBug,RagePowder,Tailwind|||M|||50|,,,,,Grass]Ursaluna-Bloodmoon||LifeOrb|MindsEye|BloodMoon,HyperVoice,EarthPower,Protect|||M|||50|,,,,,Normal]Annihilape||SafetyGoggles|Defiant|CloseCombat,RageFist,Taunt,FinalGambit|||F|||50|,,,,,Fairy]Tyranitar||AssaultVest|SandStream|RockSlide,KnockOff,TeraBlast,LowKick|||M|||50|,,,,,Flying
|inactive|Battle timer is ON: inactive players will automatically lose when time's up. (requested by ProtoZeroYT)
|inactive|WeVibein has 60 seconds left.
|
|t:|1757135996
|teamsize|p1|4
|teamsize|p2|4
|start
|switch|p1a: Porygon2|Porygon2, L50|100/100
|switch|p1b: Primarina|Primarina, L50, F|100/100
|switch|p2a: Annihilape|Annihilape, L50, F|100/100
|switch|p2b: Volcarona|Volcarona, L50, M|100/100
|-ability|p1a: Porygon2|Download|boost
|-boost|p1a: Porygon2|atk|1
|turn|1
|inactive|WeVibein has 30 seconds left.
|inactive|ProtoZeroYT has 30 seconds left.
|inactive|ProtoZeroYT has 20 seconds left.
|
|t:|1757136033
|-terastallize|p1a: Porygon2|Flying
|move|p2b: Volcarona|Struggle Bug|p1a: Porygon2|[spread] p1a,p1b
|-resisted|p1a: Porygon2
|-resisted|p1b: Primarina
|-damage|p1a: Porygon2|95/100
|-damage|p1b: Primarina|92/100
|-unboost|p1a: Porygon2|spa|1
|-unboost|p1b: Primarina|spa|1
|move|p2a: Annihilape|Final Gambit|p1a: Porygon2
|-damage|p1a: Porygon2|0 fnt
|faint|p2a: Annihilape
|faint|p1a: Porygon2
|move|p1b: Primarina|Moonblast|p2b: Volcarona
|-resisted|p2b: Volcarona
|-damage|p2b: Volcarona|80/100
|-damage|p1b: Primarina|83/100|[from] item: Life Orb
|
|upkeep
|
|t:|1757136051
|switch|p2a: Sneasler|Sneasler, L50, F|100/100
|switch|p1a: Amoonguss|Amoonguss, L50, F|100/100
|turn|2
|
|t:|1757136075
|-terastallize|p2b: Volcarona|Grass
|move|p2a: Sneasler|Protect|p2a: Sneasler
|-singleturn|p2a: Sneasler|Protect
|move|p1a: Amoonguss|Rage Powder|p1a: Amoonguss
|-singleturn|p1a: Amoonguss|move: Rage Powder
|move|p2b: Volcarona|Struggle Bug|p1b: Primarina|[spread] p1a,p1b
|-resisted|p1b: Primarina
|-damage|p1a: Amoonguss|86/100
|-damage|p1b: Primarina|74/100
|-unboost|p1a: Amoonguss|spa|1
|-unboost|p1b: Primarina|spa|1
|move|p1b: Primarina|Hyper Voice|p2b: Volcarona|[spread] p2b
|-activate|p2a: Sneasler|move: Protect
|-resisted|p2b: Volcarona
|-damage|p2b: Volcarona|70/100
|-damage|p1b: Primarina|65/100|[from] item: Life Orb
|
|upkeep
|turn|3
|
|t:|1757136095
|switch|p1b: Ursaluna|Ursaluna, L50, M, shiny|100/100
|move|p2b: Volcarona|Rage Powder|p2b: Volcarona
|-singleturn|p2b: Volcarona|move: Rage Powder
|move|p2a: Sneasler|Dire Claw|p1b: Ursaluna
|-resisted|p1b: Ursaluna
|-damage|p1b: Ursaluna|82/100
|-status|p1b: Ursaluna|psn
|move|p1a: Amoonguss|Spore|p2a: Sneasler
|-status|p2a: Sneasler|slp|[from] move: Spore
|
|-damage|p1b: Ursaluna|70/100 psn|[from] psn
|upkeep
|turn|4
|inactive|WeVibein has 30 seconds left.
|inactive|ProtoZeroYT has 30 seconds left.
|
|t:|1757136126
|cant|p2a: Sneasler|slp
|move|p2b: Volcarona|Overheat|p1a: Amoonguss|[miss]
|-miss|p2b: Volcarona|p1a: Amoonguss
|move|p1b: Ursaluna|Headlong Rush|p2a: Sneasler
|-supereffective|p2a: Sneasler
|-damage|p2a: Sneasler|0 fnt
|-unboost|p1b: Ursaluna|def|1
|-unboost|p1b: Ursaluna|spd|1
|faint|p2a: Sneasler
|move|p1a: Amoonguss|Sludge Bomb|p2b: Volcarona
|-supereffective|p2b: Volcarona
|-damage|p2b: Volcarona|34/100
|-status|p2b: Volcarona|psn
|-enditem|p2b: Volcarona|Sitrus Berry|[eat]
|-heal|p2b: Volcarona|59/100 psn|[from] item: Sitrus Berry
|
|-damage|p2b: Volcarona|47/100 psn|[from] psn
|-damage|p1b: Ursaluna|57/100 psn|[from] psn
|upkeep
|
|t:|1757136133
|switch|p2a: Indeedee|Indeedee, L50, M|100/100
|-fieldstart|move: Psychic Terrain|[from] ability: Psychic Surge|[of] p2a: Indeedee
|turn|5
|inactive|WeVibein has 30 seconds left.
|
|t:|1757136161
|move|p2b: Volcarona|Rage Powder|p2b: Volcarona
|-singleturn|p2b: Volcarona|move: Rage Powder
|move|p2a: Indeedee|Expanding Force|p1b: Ursaluna|[spread] p1a,p1b
|-supereffective|p1a: Amoonguss
|-damage|p1a: Amoonguss|0 fnt
|-damage|p1b: Ursaluna|0 fnt
|faint|p1a: Amoonguss
|faint|p1b: Ursaluna
|
|-damage|p2b: Volcarona|34/100 psn|[from] psn
|upkeep
|
|t:|1757136171
|switch|p1b: Primarina|Primarina, L50, F|65/100
|turn|6
|
|t:|1757136186
|move|p2a: Indeedee|Expanding Force|p1b: Primarina
|-damage|p1b: Primarina|0 fnt
|faint|p1b: Primarina
|
|win|ProtoZeroYT
||ProtoZeroYT is ready for game 2.
||WeVibein is ready for game 2.
|uhtml|next|Next: Game 2 of 3
