|j|☆connorgascoigne
|j|☆okozinc
|html|connorgascoigneokozinc    
|uhtml|bestof|Game 1 of a best-of-3
|t:|1783462165
|gametype|doubles
|player|p1|connorgascoigne|170|1087
|player|p2|okozinc|170|1065
|gen|9
|tier|[Gen 9 Champions] VGC 2026 Reg M-B (Bo3)
|rated|
|rule|Species Clause: Limit one of each Pokémon
|rule|Item Clause: Limit 1 of each item
|clearpoke
|poke|p1|Scrafty, L50, M|
|poke|p1|Vileplume, L50, F|
|poke|p1|Staraptor, L50, F|
|poke|p1|Farigiraf, L50, M|
|poke|p1|Sylveon, L50, M|
|poke|p1|Torkoal, L50, M|
|poke|p2|Scovillain, L50, F|
|poke|p2|Sylveon, L50, M|
|poke|p2|Sneasler, L50, M|
|poke|p2|Kingambit, L50, M|
|poke|p2|Aerodactyl, L50, F|
|poke|p2|Basculegion, L50, M|
|teampreview|4
|showteam|p1|Scrafty||Scraftinite|Intimidate|CloseCombat,KnockOff,IronHead,FakeOut|Brave||M|||50|]Vileplume||FocusSash|Chlorophyll|SludgeBomb,SleepPowder,AfterYou,LeafStorm|Timid||F|||50|]Staraptor||ChoiceScarf|Intimidate|BraveBird,CloseCombat,Uturn,FinalGambit|Jolly||F|||50|]Farigiraf||SitrusBerry|ArmorTail|Protect,TwinBeam,Thunderbolt,TrickRoom|Sassy||M|||50|]Sylveon||FairyFeather|Pixilate|HyperVoice,QuickAttack,HyperBeam,Detect|Quiet||M|||50|]Torkoal||Charcoal|Drought|Eruption,WeatherBall,HeatWave,Protect|Quiet||M|||50|
|showteam|p2|Scovillain||Scovillainite|Moody|LeechSeed,RagePowder,Overheat,Protect|Bold||F|||50|]Sylveon||FairyFeather|Pixilate|HyperVoice,CalmMind,HyperBeam,Protect|Modest||M|||50|]Sneasler||WhiteHerb|Pressure|CloseCombat,FakeOut,DireClaw,Protect|Jolly||M|||50|]Kingambit||FocusSash|Defiant|SwordsDance,KowtowCleave,SuckerPunch,IronHead|Adamant||M|||50|]Aerodactyl||Aerodactylite|Unnerve|Tailwind,RockSlide,DualWingbeat,WideGuard|Jolly||F|||50|]Basculegion||LifeOrb|Adaptability|AquaJet,WaveCrash,LastRespects,Protect|Jolly||M|||50|
|inactive|Battle timer is ON: inactive players will automatically lose when time's up. (requested by connorgascoigne)
|
|t:|1783462181
|teamsize|p1|4
|teamsize|p2|4
|start
|switch|p1a: Torkoal|Torkoal, L50, M|100/100
|switch|p1b: Vileplume|Vileplume, L50, F|100/100
|switch|p2a: Scovillain|Scovillain, L50, F|100/100
|switch|p2b: Kingambit|Kingambit, L50, M|100/100
|-weather|SunnyDay|[from] ability: Drought|[of] p1a: Torkoal
|turn|1
|
|t:|1783462201
|switch|p2b: Basculegion|Basculegion, L50, M|100/100
|move|p2a: Scovillain|Protect|p2a: Scovillain
|-singleturn|p2a: Scovillain|Protect
|move|p1b: Vileplume|After You|p1a: Torkoal
|-activate|p1a: Torkoal|move: After You
|move|p1a: Torkoal|Heat Wave|p2a: Scovillain|[spread] p2b
|-activate|p2a: Scovillain|move: Protect
|-resisted|p2b: Basculegion|1
|-damage|p2b: Basculegion|66/100
|
|-weather|SunnyDay|[upkeep]
|-ability|p2a: Scovillain|Moody|boost
|-boost|p2a: Scovillain|spa|2
|-unboost|p2a: Scovillain|spe|1
|upkeep
|turn|2
|inactive|okozinc has 30 seconds left.
|
|t:|1783462231
|move|p2b: Basculegion|Protect|p2b: Basculegion
|-singleturn|p2b: Basculegion|Protect
|move|p1b: Vileplume|Leaf Storm|p2b: Basculegion
|-activate|p2b: Basculegion|move: Protect
|move|p2a: Scovillain|Leech Seed|p1a: Torkoal
|-start|p1a: Torkoal|move: Leech Seed
|move|p1a: Torkoal|Weather Ball|p2a: Scovillain
|-damage|p2a: Scovillain|0 fnt
|faint|p2a: Scovillain
|
|-weather|SunnyDay|[upkeep]
|upkeep
|
|t:|1783462242
|switch|p2a: Sylveon|Sylveon, L50, M|100/100
|turn|3
|
|t:|1783462251
|move|p1b: Vileplume|Sludge Bomb|p2a: Sylveon
|-supereffective|p2a: Sylveon|1
|-damage|p2a: Sylveon|42/100
|move|p2b: Basculegion|Last Respects|p1b: Vileplume
|-enditem|p1b: Vileplume|Focus Sash
|-damage|p1b: Vileplume|1/100
|-damage|p2b: Basculegion|56/100|[from] item: Life Orb
|move|p2a: Sylveon|Calm Mind|p2a: Sylveon
|-boost|p2a: Sylveon|spa|1
|-boost|p2a: Sylveon|spd|1
|move|p1a: Torkoal|Heat Wave|p2b: Basculegion|[spread] p2a,p2b
|-resisted|p2b: Basculegion|1
|-damage|p2a: Sylveon|15/100
|-damage|p2b: Basculegion|22/100
|
|-weather|SunnyDay|[upkeep]
|-damage|p1a: Torkoal|87/100|[from] Leech Seed|[of] p2a: Sylveon
|-heal|p2a: Sylveon|26/100|[silent]
|upkeep
|turn|4
|inactive|connorgascoigne has 30 seconds left.
|
|t:|1783462279
|move|p2b: Basculegion|Aqua Jet|p1b: Vileplume
|-resisted|p1b: Vileplume|1
|-crit|p1b: Vileplume
|-damage|p1b: Vileplume|0 fnt
|faint|p1b: Vileplume
|-damage|p2b: Basculegion|13/100|[from] item: Life Orb
|move|p2a: Sylveon|Hyper Beam|p1a: Torkoal
|-resisted|p1a: Torkoal|1
|-damage|p1a: Torkoal|0 fnt
|-mustrecharge|p2a: Sylveon
|faint|p1a: Torkoal
|
|-weather|SunnyDay|[upkeep]
|upkeep
|
|t:|1783462293
|switch|p1b: Scrafty|Scrafty, L50, M|100/100
|switch|p1a: Farigiraf|Farigiraf, L50, M|100/100
|-ability|p1b: Scrafty|Intimidate|boost
|-unboost|p2a: Sylveon|atk|1
|-unboost|p2b: Basculegion|atk|1
|turn|5
|
|t:|1783462308
|detailschange|p1b: Scrafty|Scrafty-Mega, L50, M
|-mega|p1b: Scrafty|Scrafty|Scraftinite
|-ability|p1b: Scrafty|Intimidate|boost
|-unboost|p2a: Sylveon|atk|1
|-unboost|p2b: Basculegion|atk|1
|move|p2b: Basculegion|Protect|p2b: Basculegion
|-singleturn|p2b: Basculegion|Protect
|move|p1b: Scrafty|Fake Out|p2a: Sylveon
|-damage|p2a: Sylveon|8/100
|cant|p2a: Sylveon|recharge
|move|p1a: Farigiraf|Trick Room|p1a: Farigiraf
|-fieldstart|move: Trick Room|[of] p1a: Farigiraf
|
|-weather|none
|upkeep
|turn|6
|
|t:|1783462330
|move|p1a: Farigiraf|Twin Beam|p2a: Sylveon
|-damage|p2a: Sylveon|1/100
|-damage|p2a: Sylveon|0 fnt
|faint|p2a: Sylveon
|-hitcount|p2: Sylveon|2
|move|p1b: Scrafty|Knock Off|p2b: Basculegion
|-supereffective|p2b: Basculegion|1
|-damage|p2b: Basculegion|0 fnt
|-enditem|p2b: Basculegion|Life Orb|[from] move: Knock Off|[of] p1b: Scrafty
|faint|p2b: Basculegion
|
|upkeep
|
|t:|1783462336
|switch|p2a: Kingambit|Kingambit, L50, M|100/100
|turn|7
|
|t:|1783462355
|move|p2a: Kingambit|Iron Head|p1b: Scrafty
|-damage|p1b: Scrafty|65/100
|move|p1a: Farigiraf|Thunderbolt|p2a: Kingambit
|-damage|p2a: Kingambit|78/100
|move|p1b: Scrafty|Close Combat|p2a: Kingambit
|-supereffective|p2a: Kingambit|2
|-damage|p2a: Kingambit|0 fnt
|-unboost|p1b: Scrafty|def|1
|-unboost|p1b: Scrafty|spd|1
|faint|p2a: Kingambit
|
|win|connorgascoigne
|l|☆okozinc
|player|p2|
||okozinc is ready for game 2.
|inactive|connorgascoigne has 30 seconds to confirm battle start!
||connorgascoigne is ready for game 2.
|uhtml|next|Next: Game 2 of 3
|l|☆connorgascoigne
|player|p1|
|j|☆okozinc
|player|p2|okozinc|170|
