|j|Ōśåvoid25o
|j|ŌśåRiniRin
|html|void25oRiniRin    
|uhtml|bestof|Game 2 of a best-of-3
|t:|1754585063
|gametype|doubles
|player|p1|void25o|miku-ghost|1210
|player|p2|RiniRin|lacey|1286
|gen|9
|tier|[Gen 9] VGC 2025 Reg H (Bo3)
|rated|
|rule|Species Clause: Limit one of each Pok├®mon
|rule|Item Clause: Limit 1 of each item
|clearpoke
|poke|p1|Pelipper, L50, M|
|poke|p1|Archaludon, L50, M|
|poke|p1|Maushold-Four, L50|
|poke|p1|Kingdra, L50, F|
|poke|p1|Overqwil, L50, F|
|poke|p1|Indeedee, L50, M|
|poke|p2|Indeedee, L50, M|
|poke|p2|Sneasler, L50, F|
|poke|p2|Garchomp, L50, M|
|poke|p2|Dragonite, L50, M|
|poke|p2|Gholdengo, L50|
|poke|p2|Incineroar, L50, F|
|teampreview|4
|showteam|p1|Pelipper||FocusSash|Drizzle|WeatherBall,Hurricane,Tailwind,Protect|||M|||50|,,,,,Flying]Archaludon||AssaultVest|Stamina|DragonPulse,ElectroShot,FlashCannon,BodyPress|||M|||50|,,,,,Grass]Maushold-Four||WideLens|Technician|PopulationBomb,FollowMe,Taunt,Protect||||||50|,,,,,Ghost]Kingdra||LifeOrb|SwiftSwim|WeatherBall,DracoMeteor,MuddyWater,Protect|||F|||50|,,,,,Stellar]Overqwil||ClearAmulet|SwiftSwim|ThroatChop,GunkShot,Haze,Protect|||F|||50|,,,,,Fairy]Indeedee||ChoiceScarf|PsychicSurge|ExpandingForce,HelpingHand,DazzlingGleam,Encore|||M|||50|,,,,,Psychic
|showteam|p2|Indeedee||FocusSash|PsychicSurge|ExpandingForce,HelpingHand,Protect,TrickRoom|||M|||50|,,,,,Psychic]Sneasler||PsychicSeed|Unburden|DireClaw,CloseCombat,Protect,ThroatChop|||F|||50|,,,,,Dark]Garchomp||LifeOrb|RoughSkin|DragonClaw,StompingTantrum,Protect,Earthquake|||M|||50|,,,,,Ground]Dragonite||LoadedDice|Multiscale|ScaleShot,Tailwind,Protect,Haze|||M|||50|,,,,,Steel]Gholdengo||MetalCoat|GoodasGold|MakeItRain,ShadowBall,Protect,NastyPlot||||||50|,,,,,Water]Incineroar||SafetyGoggles|Intimidate|KnockOff,FlareBlitz,FakeOut,PartingShot|||F|||50|,,,,,Ghost
|
|t:|1754585088
|teamsize|p1|4
|teamsize|p2|4
|start
|switch|p1a: Archaludon|Archaludon, L50, M|100/100
|switch|p1b: Pelipper|Pelipper, L50, M, shiny|100/100
|switch|p2a: ŌØż’ĖÄLeahŌØż’ĖÄ|Sneasler, L50, F|100/100
|switch|p2b: Dragonite|Dragonite, L50, M, shiny|100/100
|-weather|RainDance|[from] ability: Drizzle|[of] p1b: Pelipper
|turn|1
|
|t:|1754585129
|move|p2a: ŌØż’ĖÄLeahŌØż’ĖÄ|Dire Claw|p1b: Pelipper
|-damage|p1b: Pelipper|36/100
|-status|p1b: Pelipper|slp
|move|p2b: Dragonite|Scale Shot|p1b: Pelipper|[miss]
|-miss|p2b: Dragonite|p1b: Pelipper
|move|p1a: Archaludon|Electro Shot||[still]
|-prepare|p1a: Archaludon|Electro Shot
|-boost|p1a: Archaludon|spa|1
|-anim|p1a: Archaludon|Electro Shot|p2b: Dragonite
|-damage|p2b: Dragonite|68/100
|cant|p1b: Pelipper|slp
|
|-weather|RainDance|[upkeep]
|upkeep
|turn|2
|
|t:|1754585160
|cant|p1b: Pelipper|slp
|move|p2a: ŌØż’ĖÄLeahŌØż’ĖÄ|Close Combat|p1a: Archaludon
|-supereffective|p1a: Archaludon
|-damage|p1a: Archaludon|0 fnt
|-unboost|p2a: ŌØż’ĖÄLeahŌØż’ĖÄ|def|1
|-unboost|p2a: ŌØż’ĖÄLeahŌØż’ĖÄ|spd|1
|faint|p1a: Archaludon
|move|p2b: Dragonite|Haze|p2b: Dragonite
|-clearallboost
|
|-weather|RainDance|[upkeep]
|upkeep
|
|t:|1754585168
|switch|p1a: Maushold|Maushold-Four, L50|100/100
|turn|3
|
|t:|1754585180
|-terastallize|p1a: Maushold|Ghost
|-terastallize|p2b: Dragonite|Steel
|move|p2a: ŌØż’ĖÄLeahŌØż’ĖÄ|Protect|p2a: ŌØż’ĖÄLeahŌØż’ĖÄ
|-singleturn|p2a: ŌØż’ĖÄLeahŌØż’ĖÄ|Protect
|move|p1a: Maushold|Population Bomb|p2b: Dragonite
|-resisted|p2b: Dragonite
|-damage|p2b: Dragonite|62/100
|-resisted|p2b: Dragonite
|-damage|p2b: Dragonite|56/100
|-resisted|p2b: Dragonite
|-damage|p2b: Dragonite|49/100
|-resisted|p2b: Dragonite
|-damage|p2b: Dragonite|44/100
|-resisted|p2b: Dragonite
|-damage|p2b: Dragonite|37/100
|-resisted|p2b: Dragonite
|-damage|p2b: Dragonite|31/100
|-resisted|p2b: Dragonite
|-damage|p2b: Dragonite|24/100
|-resisted|p2b: Dragonite
|-damage|p2b: Dragonite|18/100
|-resisted|p2b: Dragonite
|-damage|p2b: Dragonite|13/100
|-resisted|p2b: Dragonite
|-damage|p2b: Dragonite|6/100
|-hitcount|p2b: Dragonite|10
|move|p2b: Dragonite|Scale Shot|p1b: Pelipper
|-damage|p1b: Pelipper|18/100 slp
|-damage|p1b: Pelipper|0 fnt
|faint|p1b: Pelipper
|-hitcount|p1: Pelipper|2
|-unboost|p2b: Dragonite|def|1
|-boost|p2b: Dragonite|spe|1
|
|-weather|RainDance|[upkeep]
|upkeep
|
|t:|1754585187
|switch|p1b: Kingdra|Kingdra, L50, F|100/100
|turn|4
|
|t:|1754585212
|move|p2b: Dragonite|Protect|p2b: Dragonite
|-singleturn|p2b: Dragonite|Protect
|move|p2a: ŌØż’ĖÄLeahŌØż’ĖÄ|Protect|p2a: ŌØż’ĖÄLeahŌØż’ĖÄ
|-singleturn|p2a: ŌØż’ĖÄLeahŌØż’ĖÄ|Protect
|move|p1b: Kingdra|Muddy Water|p2a: ŌØż’ĖÄLeahŌØż’ĖÄ|[spread] 
|-activate|p2a: ŌØż’ĖÄLeahŌØż’ĖÄ|move: Protect
|-activate|p2b: Dragonite|move: Protect
|move|p1a: Maushold|Population Bomb|p2a: ŌØż’ĖÄLeahŌØż’ĖÄ
|-activate|p2a: ŌØż’ĖÄLeahŌØż’ĖÄ|move: Protect
|
|-weather|RainDance|[upkeep]
|upkeep
|turn|5
|
|t:|1754585240
|switch|p2a: Indeedee|Indeedee, L50, M|100/100
|-fieldstart|move: Psychic Terrain|[from] ability: Psychic Surge|[of] p2a: Indeedee
|move|p2b: Dragonite|Protect||[still]
|-fail|p2b: Dragonite
|move|p1b: Kingdra|Muddy Water|p2b: Dragonite|[spread] p2a,p2b
|-damage|p2a: Indeedee|20/100
|-damage|p2b: Dragonite|0 fnt
|-unboost|p2a: Indeedee|accuracy|1
|faint|p2b: Dragonite
|-damage|p1b: Kingdra|90/100|[from] item: Life Orb
|move|p1a: Maushold|Population Bomb|p2a: Indeedee
|-damage|p2a: Indeedee|0 fnt
|faint|p2a: Indeedee
|-hitcount|p2: Indeedee|1
|
|-weather|none
|upkeep
|
|t:|1754585248
|switch|p2a: ŌØż’ĖÄLeahŌØż’ĖÄ|Sneasler, L50, F|100/100
|switch|p2b: Garchomp|Garchomp, L50, M, shiny|100/100
|-enditem|p2a: ŌØż’ĖÄLeahŌØż’ĖÄ|Psychic Seed
|-boost|p2a: ŌØż’ĖÄLeahŌØż’ĖÄ|spd|1|[from] item: Psychic Seed
|turn|6
|
|t:|1754585281
|move|p1a: Maushold|Protect|p1a: Maushold
|-singleturn|p1a: Maushold|Protect
|move|p1b: Kingdra|Protect|p1b: Kingdra
|-singleturn|p1b: Kingdra|Protect
|move|p2a: ŌØż’ĖÄLeahŌØż’ĖÄ|Throat Chop|p1a: Maushold
|-activate|p1a: Maushold|move: Protect
|move|p2b: Garchomp|Dragon Claw|p1a: Maushold
|-activate|p1a: Maushold|move: Protect
|
|upkeep
|turn|7
|
|t:|1754585291
|move|p2a: ŌØż’ĖÄLeahŌØż’ĖÄ|Dire Claw|p1b: Kingdra
|-crit|p1b: Kingdra
|-damage|p1b: Kingdra|0 fnt
|faint|p1b: Kingdra
|move|p1a: Maushold|Population Bomb|p2a: ŌØż’ĖÄLeahŌØż’ĖÄ
|-damage|p2a: ŌØż’ĖÄLeahŌØż’ĖÄ|84/100
|-damage|p2a: ŌØż’ĖÄLeahŌØż’ĖÄ|70/100
|-damage|p2a: ŌØż’ĖÄLeahŌØż’ĖÄ|56/100
|-damage|p2a: ŌØż’ĖÄLeahŌØż’ĖÄ|40/100
|-damage|p2a: ŌØż’ĖÄLeahŌØż’ĖÄ|26/100
|-damage|p2a: ŌØż’ĖÄLeahŌØż’ĖÄ|11/100
|-damage|p2a: ŌØż’ĖÄLeahŌØż’ĖÄ|0 fnt
|faint|p2a: ŌØż’ĖÄLeahŌØż’ĖÄ
|-hitcount|p2: ŌØż’ĖÄLeahŌØż’ĖÄ|7
|move|p2b: Garchomp|Dragon Claw|p1a: Maushold
|-damage|p1a: Maushold|14/100
|-damage|p2b: Garchomp|91/100|[from] item: Life Orb
|
|upkeep
|turn|8
|
|t:|1754585299
|move|p1a: Maushold|Population Bomb|p2b: Garchomp
|-damage|p2b: Garchomp|79/100
|-damage|p1a: Maushold|2/100|[from] ability: Rough Skin|[of] p2b: Garchomp
|-damage|p2b: Garchomp|67/100
|-damage|p1a: Maushold|0 fnt|[from] ability: Rough Skin|[of] p2b: Garchomp
|faint|p1a: Maushold
|
|win|RiniRin
|-hitcount|p2b: Garchomp|2
|raw|void25o's rating: 1210 → 1190(-20 for losing)
|raw|RiniRin's rating: 1286 → 1306(+20 for winning)
