|j|☆superbigmariofan1
|j|☆Sakky09
|html|superbigmariofan1Sakky09    
|uhtml|bestof|Game 2 of a best-of-3
|t:|1757238877
|gametype|doubles
|player|p1|superbigmariofan1|iris-gen5bw2|1188
|player|p2|Sakky09|sailor|1431
|gen|9
|tier|[Gen 9] VGC 2025 Reg H (Bo3)
|rated|
|rule|Species Clause: Limit one of each Pokémon
|rule|Item Clause: Limit 1 of each item
|clearpoke
|poke|p1|Porygon2, L50|
|poke|p1|Ursaluna, L50, F|
|poke|p1|Gholdengo, L50|
|poke|p1|Incineroar, L50, M|
|poke|p1|Amoonguss, L50, F|
|poke|p1|Flamigo, L50, M|
|poke|p2|Maushold-Four, L50|
|poke|p2|Annihilape, L50, M|
|poke|p2|Dragonite, L50, F|
|poke|p2|Gholdengo, L50|
|poke|p2|Ursaluna-Bloodmoon, L50, M|
|poke|p2|Rillaboom, L50, F|
|teampreview|4
|showteam|p1|Porygon2||Eviolite|Download|TeraBlast,IceBeam,TrickRoom,Recover||||||50|,,,,,Ground]Ursaluna||FlameOrb|Guts|Facade,HeadlongRush,Protect,Earthquake|||F|||50|,,,,,Ghost]Gholdengo||MetalCoat|GoodasGold|MakeItRain,ShadowBall,NastyPlot,Protect||||||50|,,,,,Dragon]Incineroar||SafetyGoggles|Intimidate|FlareBlitz,KnockOff,PartingShot,FakeOut|||M|||50|,,,,,Grass]Amoonguss||MentalHerb|Regenerator|Spore,Protect,RagePowder,PollenPuff|||F|||50|,,,,,Fairy]Flamigo||FocusSash|Scrappy|DualWingbeat,CloseCombat,Tailwind,Detect|||M|||50|,,,,,Ghost
|showteam|p2|Maushold-Four||FocusSash|FriendGuard|SuperFang,FollowMe,BeatUp,Protect||||||50|,,,,,Ghost]Annihilape||SitrusBerry|Defiant|RageFist,DrainPunch,BulkUp,Protect|||M|||50|,,,,,Fire]Dragonite||LoadedDice|Multiscale|Tailwind,Haze,Protect,ScaleShot|||F|||50|,,,,,Fairy]Gholdengo||LifeOrb|GoodasGold|MakeItRain,ShadowBall,NastyPlot,Protect||||||50|,,,,,Water]Ursaluna-Bloodmoon||AssaultVest|MindsEye|BloodMoon,EarthPower,HyperVoice,VacuumWave|||M|||50|,,,,,Water]Rillaboom||MiracleSeed|GrassySurge|WoodHammer,GrassyGlide,FakeOut,HighHorsepower|||F|||50|,,,,,Fire
|inactive|Battle timer is ON: inactive players will automatically lose when time's up. (requested by superbigmariofan1)
|inactive|Sakky09 also wants the timer to be on.
|
|t:|1757238907
|teamsize|p1|4
|teamsize|p2|4
|start
|switch|p1a: Flamigo|Flamigo, L50, M|100/100
|switch|p1b: Gholdengo|Gholdengo, L50|100/100
|switch|p2a: Gholdengo|Gholdengo, L50|100/100
|switch|p2b: Dragonite|Dragonite, L50, F|100/100
|turn|1
|inactive|superbigmariofan1 has 30 seconds left.
|inactive|Sakky09 has 30 seconds left.
|
|t:|1757238938
|move|p2a: Gholdengo|Protect|p2a: Gholdengo
|-singleturn|p2a: Gholdengo|Protect
|move|p1a: Flamigo|Tailwind|p1a: Flamigo
|-sidestart|p1: superbigmariofan1|move: Tailwind
|move|p1b: Gholdengo|Nasty Plot|p1b: Gholdengo
|-boost|p1b: Gholdengo|spa|2
|move|p2b: Dragonite|Tailwind|p2b: Dragonite
|-sidestart|p2: Sakky09|move: Tailwind
|
|upkeep
|turn|2
|inactive|Sakky09 has 30 seconds left.
|
|t:|1757238967
|move|p1a: Flamigo|Close Combat|p2a: Gholdengo
|-supereffective|p2a: Gholdengo
|-damage|p2a: Gholdengo|0 fnt
|-unboost|p1a: Flamigo|def|1
|-unboost|p1a: Flamigo|spd|1
|faint|p2a: Gholdengo
|move|p1b: Gholdengo|Make It Rain|p2b: Dragonite
|-damage|p2b: Dragonite|29/100
|-unboost|p1b: Gholdengo|spa|1
|move|p2b: Dragonite|Haze|p2b: Dragonite
|-clearallboost
|
|upkeep
|
|t:|1757238981
|switch|p2a: Annihilape|Annihilape, L50, M|100/100
|turn|3
|
|t:|1757239002
|move|p2b: Dragonite|Protect|p2b: Dragonite
|-singleturn|p2b: Dragonite|Protect
|move|p1a: Flamigo|Dual Wingbeat|p2a: Annihilape|[miss]
|-miss|p1a: Flamigo|p2a: Annihilape
|move|p1b: Gholdengo|Make It Rain|p2a: Annihilape|[spread] p2a
|-activate|p2b: Dragonite|move: Protect
|-damage|p2a: Annihilape|63/100
|-unboost|p1b: Gholdengo|spa|1
|move|p2a: Annihilape|Bulk Up|p2a: Annihilape
|-boost|p2a: Annihilape|atk|1
|-boost|p2a: Annihilape|def|1
|
|upkeep
|turn|4
|inactive|superbigmariofan1 has 30 seconds left.
|inactive|Sakky09 has 30 seconds left.
|inactive|Sakky09 has 20 seconds left.
|inactive|Sakky09 has 15 seconds left.
|inactive|superbigmariofan1 has 20 seconds left.
|inactive|superbigmariofan1 has 15 seconds left.
|
|t:|1757239054
|-terastallize|p2a: Annihilape|Fire
|move|p1a: Flamigo|Dual Wingbeat|p2b: Dragonite|[miss]
|-miss|p1a: Flamigo|p2b: Dragonite
|move|p1b: Gholdengo|Nasty Plot|p1b: Gholdengo
|-boost|p1b: Gholdengo|spa|2
|move|p2b: Dragonite|Scale Shot|p1a: Flamigo
|-damage|p1a: Flamigo|79/100
|-damage|p1a: Flamigo|55/100
|-damage|p1a: Flamigo|34/100
|-damage|p1a: Flamigo|13/100
|-damage|p1a: Flamigo|0 fnt
|faint|p1a: Flamigo
|-hitcount|p1: Flamigo|5
|-unboost|p2b: Dragonite|def|1
|-boost|p2b: Dragonite|spe|1
|move|p2a: Annihilape|Rage Fist|p1b: Gholdengo
|-supereffective|p1b: Gholdengo
|-damage|p1b: Gholdengo|0 fnt
|faint|p1b: Gholdengo
|
|-sideend|p1: superbigmariofan1|move: Tailwind
|-sideend|p2: Sakky09|move: Tailwind
|upkeep
|
|t:|1757239064
|switch|p1a: Porygon2|Porygon2, L50, shiny|100/100
|switch|p1b: Ursaluna|Ursaluna, L50, F|100/100
|-ability|p1a: Porygon2|Download|boost
|-boost|p1a: Porygon2|atk|1
|turn|5
|c|☆superbigmariofan1|oh wow
|c|☆Sakky09|sorry
|inactive|Sakky09 has 30 seconds left.
|
|t:|1757239096
|-terastallize|p1b: Ursaluna|Ghost
|move|p2b: Dragonite|Scale Shot|p1a: Porygon2|[miss]
|-miss|p2b: Dragonite|p1a: Porygon2
|move|p2a: Annihilape|Drain Punch|p1a: Porygon2
|-supereffective|p1a: Porygon2
|-damage|p1a: Porygon2|41/100
|-heal|p2a: Annihilape|89/100|[from] drain|[of] p1a: Porygon2
|move|p1b: Ursaluna|Headlong Rush|p2a: Annihilape
|-supereffective|p2a: Annihilape
|-damage|p2a: Annihilape|0 fnt
|-unboost|p1b: Ursaluna|def|1
|-unboost|p1b: Ursaluna|spd|1
|faint|p2a: Annihilape
|move|p1a: Porygon2|Trick Room|p1a: Porygon2
|-fieldstart|move: Trick Room|[of] p1a: Porygon2
|
|-status|p1b: Ursaluna|brn|[from] item: Flame Orb
|upkeep
|
|t:|1757239112
|switch|p2a: Rillaboom|Rillaboom, L50, F|100/100
|-fieldstart|move: Grassy Terrain|[from] ability: Grassy Surge|[of] p2a: Rillaboom
|turn|6
|inactive|Sakky09 has 30 seconds left.
|inactive|Sakky09 has 20 seconds left.
|inactive|superbigmariofan1 has 30 seconds left.
|
|t:|1757239153
|move|p2a: Rillaboom|Fake Out|p1a: Porygon2
|-damage|p1a: Porygon2|33/100
|cant|p1a: Porygon2|flinch
|move|p1b: Ursaluna|Facade|p2a: Rillaboom
|-damage|p2a: Rillaboom|0 fnt
|faint|p2a: Rillaboom
|move|p2b: Dragonite|Scale Shot|p1b: Ursaluna
|-damage|p1b: Ursaluna|83/100 brn
|-damage|p1b: Ursaluna|66/100 brn
|-damage|p1b: Ursaluna|48/100 brn
|-crit|p1b: Ursaluna
|-damage|p1b: Ursaluna|24/100 brn
|-crit|p1b: Ursaluna
|-damage|p1b: Ursaluna|0 fnt
|faint|p1b: Ursaluna
|-hitcount|p1: Ursaluna|5
|-unboost|p2b: Dragonite|def|1
|-boost|p2b: Dragonite|spe|1
|
|-heal|p1a: Porygon2|40/100|[from] Grassy Terrain
|upkeep
|turn|7
|c|☆superbigmariofan1|loll
|c|☆superbigmariofan1|gg
|
|t:|1757239173
|move|p2b: Dragonite|Protect|p2b: Dragonite
|-singleturn|p2b: Dragonite|Protect
|move|p1a: Porygon2|Ice Beam|p2b: Dragonite
|-activate|p2b: Dragonite|move: Protect
|
|-heal|p1a: Porygon2|46/100|[from] Grassy Terrain
|upkeep
|turn|8
|
|t:|1757239176
|move|p2b: Dragonite|Protect|p2b: Dragonite
|-singleturn|p2b: Dragonite|Protect
|move|p1a: Porygon2|Ice Beam|p2b: Dragonite
|-activate|p2b: Dragonite|move: Protect
|
|-heal|p1a: Porygon2|52/100|[from] Grassy Terrain
|upkeep
|turn|9
|
|t:|1757239179
|move|p2b: Dragonite|Protect||[still]
|-fail|p2b: Dragonite
|move|p1a: Porygon2|Ice Beam|p2b: Dragonite
|-supereffective|p2b: Dragonite
|-damage|p2b: Dragonite|0 fnt
|faint|p2b: Dragonite
|
|win|superbigmariofan1
|raw|superbigmariofan1's rating: 1188 → 1228(+40 for winning)
|raw|Sakky09's rating: 1431 → 1399(-32 for losing)
