|j|☆Hemz0 0
|j|☆Invoker Kuzan
|html|Hemz0 0Invoker Kuzan    
|uhtml|bestof|Game 2 of a best-of-3
|t:|1756397028
|gametype|doubles
|player|p1|Hemz0 0|depotagent|1220
|player|p2|Invoker Kuzan|marnie-masters3|1317
|gen|9
|tier|[Gen 9] VGC 2025 Reg H (Bo3)
|rated|
|rule|Species Clause: Limit one of each Pokémon
|rule|Item Clause: Limit 1 of each item
|clearpoke
|poke|p1|Pelipper, L50, M|
|poke|p1|Archaludon, L50, F|
|poke|p1|Incineroar, L50, M|
|poke|p1|Sneasler, L50, M|
|poke|p1|Rillaboom, L50, F|
|poke|p1|Gholdengo, L50|
|poke|p2|Indeedee-F, L50, F|
|poke|p2|Hatterene, L50, F|
|poke|p2|Gallade, L50, M|
|poke|p2|Ursaluna, L50, M|
|poke|p2|Lilligant-Hisui, L50, F|
|poke|p2|Torkoal, L50, M|
|teampreview|4
|showteam|p1|Pelipper||ChoiceScarf|Drizzle|WeatherBall,Hurricane,Tailwind,Uturn|||M|||50|,,,,,Ghost]Archaludon||PowerHerb|Sturdy|ElectroShot,DragonPulse,FlashCannon,Protect|||F|||50|,,,,,Electric]Incineroar||SafetyGoggles|Intimidate|Taunt,FakeOut,KnockOff,PartingShot|||M|||50|,,,,,Ghost]Sneasler||GrassySeed|Unburden|CloseCombat,DireClaw,ThroatChop,Protect|||M|||50|,,,,,Dark]Rillaboom||AssaultVest|GrassySurge|WoodHammer,GrassyGlide,FakeOut,HighHorsepower|||F|||50|,,,,,Fire]Gholdengo||MetalCoat|GoodasGold|ShadowBall,MakeItRain,NastyPlot,Protect||||||50|,,,,,Fighting
|showteam|p2|Indeedee-F||PsychicSeed|PsychicSurge|TrickRoom,FollowMe,HelpingHand,DazzlingGleam|||F|||50|,,,,,Fire]Hatterene||LifeOrb|MagicBounce|ExpandingForce,TrickRoom,DazzlingGleam,Protect|||F|||50|,,,,,Psychic]Gallade||ClearAmulet|Sharpness|PsychoCut,TrickRoom,SacredSword,WideGuard|||M|||50|,,,,,Grass]Ursaluna||FlameOrb|Guts|HeadlongRush,Facade,SwordsDance,Protect|||M|||50|,,,,,Ghost]Lilligant-Hisui||FocusSash|Chlorophyll|SolarBlade,SleepPowder,CloseCombat,AfterYou|||F|||50|,,,,,Ghost]Torkoal||ChoiceSpecs|Drought|Eruption,HeatWave,WeatherBall,EarthPower|||M|||50|,,,,,Fire
|inactive|Battle timer is ON: inactive players will automatically lose when time's up. (requested by Hemz0 0)
|
|t:|1756397068
|teamsize|p1|4
|teamsize|p2|4
|start
|switch|p1a: Pelipper|Pelipper, L50, M|100/100
|switch|p1b: Archaludon|Archaludon, L50, F|100/100
|switch|p2a: Indeedee|Indeedee-F, L50, F, shiny|100/100
|switch|p2b: Gallade|Gallade, L50, M, shiny|100/100
|-weather|RainDance|[from] ability: Drizzle|[of] p1a: Pelipper
|-fieldstart|move: Psychic Terrain|[from] ability: Psychic Surge|[of] p2a: Indeedee
|-enditem|p2a: Indeedee|Psychic Seed
|-boost|p2a: Indeedee|spd|1|[from] item: Psychic Seed
|turn|1
|
|t:|1756397084
|move|p2a: Indeedee|Follow Me|p2a: Indeedee
|-singleturn|p2a: Indeedee|move: Follow Me
|move|p1a: Pelipper|Hurricane|p2a: Indeedee
|-damage|p2a: Indeedee|69/100
|-start|p2a: Indeedee|confusion
|move|p1b: Archaludon|Electro Shot||[still]
|-prepare|p1b: Archaludon|Electro Shot
|-boost|p1b: Archaludon|spa|1
|-anim|p1b: Archaludon|Electro Shot|p2a: Indeedee
|-damage|p2a: Indeedee|28/100
|move|p2b: Gallade|Trick Room|p2b: Gallade
|-fieldstart|move: Trick Room|[of] p2b: Gallade
|
|-weather|RainDance|[upkeep]
|upkeep
|turn|2
|
|t:|1756397107
|switch|p2a: Ursaluna|Ursaluna, L50, M, shiny|100/100
|switch|p1a: Sabzi Wala|Rillaboom, L50, F, shiny|100/100
|-fieldstart|move: Grassy Terrain|[from] ability: Grassy Surge|[of] p1a: Sabzi Wala
|move|p1b: Archaludon|Protect|p1b: Archaludon
|-singleturn|p1b: Archaludon|Protect
|move|p2b: Gallade|Psycho Cut|p1a: Sabzi Wala
|-crit|p1a: Sabzi Wala
|-damage|p1a: Sabzi Wala|20/100
|
|-weather|RainDance|[upkeep]
|-heal|p1a: Sabzi Wala|26/100|[from] Grassy Terrain
|-status|p2a: Ursaluna|brn|[from] item: Flame Orb
|upkeep
|turn|3
|
|t:|1756397128
|switch|p2b: Indeedee|Indeedee-F, L50, F, shiny|28/100
|-fieldstart|move: Psychic Terrain|[from] ability: Psychic Surge|[of] p2b: Indeedee
|move|p1a: Sabzi Wala|Fake Out|p2b: Indeedee
|-activate|p2b: Indeedee|move: Psychic Terrain
|move|p2a: Ursaluna|Headlong Rush|p1a: Sabzi Wala
|-resisted|p1a: Sabzi Wala
|-damage|p1a: Sabzi Wala|0 fnt
|-unboost|p2a: Ursaluna|def|1
|-unboost|p2a: Ursaluna|spd|1
|faint|p1a: Sabzi Wala
|move|p1b: Archaludon|Electro Shot||[still]
|-prepare|p1b: Archaludon|Electro Shot
|-boost|p1b: Archaludon|spa|1
|-anim|p1b: Archaludon|Electro Shot|p2b: Indeedee
|-damage|p2b: Indeedee|0 fnt
|faint|p2b: Indeedee
|
|-weather|RainDance|[upkeep]
|-damage|p2a: Ursaluna|95/100 brn|[from] brn
|upkeep
|
|t:|1756397145
|switch|p2b: Gallade|Gallade, L50, M, shiny|100/100
|switch|p1a: Incineroar|Incineroar, L50, M|100/100
|-ability|p1a: Incineroar|Intimidate|boost
|-unboost|p2a: Ursaluna|atk|1
|-fail|p2b: Gallade|unboost|[from] item: Clear Amulet|[of] p2b: Gallade
|turn|4
|inactive|Hemz0 0 has 30 seconds left.
|inactive|Hemz0 0 has 20 seconds left.
|inactive|Hemz0 0 has 15 seconds left.
|inactive|Invoker Kuzan has 30 seconds left.
|
|t:|1756397188
|-terastallize|p1a: Incineroar|Ghost
|move|p2a: Ursaluna|Headlong Rush|p1b: Archaludon
|-supereffective|p1b: Archaludon
|-ability|p1b: Archaludon|Sturdy
|-damage|p1b: Archaludon|1/100
|-unboost|p2a: Ursaluna|def|1
|-unboost|p2a: Ursaluna|spd|1
|move|p1a: Incineroar|Knock Off|p2b: Gallade
|-damage|p2b: Gallade|42/100
|-enditem|p2b: Gallade|Clear Amulet|[from] move: Knock Off|[of] p1a: Incineroar
|move|p2b: Gallade|Sacred Sword|p1b: Archaludon
|-supereffective|p1b: Archaludon
|-damage|p1b: Archaludon|0 fnt
|faint|p1b: Archaludon
|
|-weather|RainDance|[upkeep]
|-damage|p2a: Ursaluna|89/100 brn|[from] brn
|upkeep
|
|t:|1756397201
|switch|p1b: Pelipper|Pelipper, L50, M|100/100
|turn|5
|
|t:|1756397221
|move|p2a: Ursaluna|Facade|p1b: Pelipper
|-damage|p1b: Pelipper|0 fnt
|faint|p1b: Pelipper
|move|p1a: Incineroar|Knock Off|p2b: Gallade
|-damage|p2b: Gallade|5/100
|move|p2b: Gallade|Psycho Cut|p1a: Incineroar
|-damage|p1a: Incineroar|40/100
|
|-weather|none
|-damage|p2a: Ursaluna|83/100 brn|[from] brn
|-fieldend|move: Trick Room
|upkeep
|turn|6
|c|☆Invoker Kuzan|gg
|
|t:|1756397231
|move|p2b: Gallade|Psycho Cut|p1a: Incineroar
|-damage|p1a: Incineroar|0 fnt
|faint|p1a: Incineroar
|
|win|Invoker Kuzan
|raw|Hemz0 0's rating: 1220 → 1202(-18 for losing)
|raw|Invoker Kuzan's rating: 1317 → 1332(+15 for winning)
|l|☆Hemz0 0
|player|p1|
