|j|☆causatorres
|j|☆Octorock
|html|causatorresOctorock    
|uhtml|bestof|Game 3 of a best-of-3
|t:|1757789309
|gametype|doubles
|player|p1|causatorres|brendan-e|1237
|player|p2|Octorock|sailor|1192
|gen|9
|tier|[Gen 9] VGC 2025 Reg H (Bo3)
|rated|
|rule|Species Clause: Limit one of each Pokémon
|rule|Item Clause: Limit 1 of each item
|clearpoke
|poke|p1|Torkoal, L50, M|
|poke|p1|Lilligant-Hisui, L50, F|
|poke|p1|Farigiraf, L50, M|
|poke|p1|Incineroar, L50, M|
|poke|p1|Magmar, L50, F|
|poke|p1|Hitmontop, L50, M|
|poke|p2|Maushold, L50|
|poke|p2|Ursaluna-Bloodmoon, L50, M|
|poke|p2|Sinistcha, L50|
|poke|p2|Incineroar, L50, M|
|poke|p2|Rillaboom, L50, F|
|poke|p2|Dragonite, L50, F|
|teampreview|4
|showteam|p1|Torkoal||ChoiceSpecs|Drought|Eruption,WeatherBall,HeatWave,SolarBeam|||M|||50|,,,,,Fire]Lilligant-Hisui||FocusSash|Chlorophyll|LeafBlade,TripleAxel,CloseCombat,AfterYou|||F|||50|,,,,,Ghost]Farigiraf||SitrusBerry|ArmorTail|FoulPlay,HelpingHand,TrickRoom,Psychic|||M|||50|,,,,,Dark]Incineroar||AssaultVest|Intimidate|FakeOut,Uturn,FlareBlitz,KnockOff|||M|||50|,,,,,Ghost]Magmar||Eviolite|FlameBody|FollowMe,Overheat,Taunt,WillOWisp|||F|||50|,,,,,Grass]Hitmontop||EjectButton|Intimidate|SuckerPunch,FakeOut,WideGuard,IceSpinner|||M|||50|,,,,,Dark
|showteam|p2|Maushold||FocusSash|FriendGuard|SuperFang,FollowMe,Taunt,ThunderWave||||||50|,,,,,Ghost]Ursaluna-Bloodmoon||Leftovers|MindsEye|BloodMoon,EarthPower,CalmMind,Protect|||M|||50|,,,,,Electric]Sinistcha||SitrusBerry|Hospitality|MatchaGotcha,StrengthSap,TrickRoom,RagePowder||||||50|,,,,,Water]Incineroar||SafetyGoggles|Intimidate|FakeOut,FlareBlitz,PartingShot,KnockOff|||M|||50|,,,,,Water]Rillaboom||AssaultVest|GrassySurge|FakeOut,WoodHammer,GrassyGlide,HighHorsepower|||F|||50|,,,,,Fire]Dragonite||LoadedDice|Multiscale|ScaleShot,SunnyDay,Haze,Protect|||F|||50|,,,,,Fairy
|inactive|Battle timer is ON: inactive players will automatically lose when time's up. (requested by causatorres)
|
|t:|1757789327
|teamsize|p1|4
|teamsize|p2|4
|start
|switch|p1a: Incineroar|Incineroar, L50, M|100/100
|switch|p1b: Farigiraf|Farigiraf, L50, M|100/100
|switch|p2a: Incineroar|Incineroar, L50, M|100/100
|switch|p2b: Dragonite|Dragonite, L50, F|100/100
|-ability|p2a: Incineroar|Intimidate|boost
|-unboost|p1a: Incineroar|atk|1
|-unboost|p1b: Farigiraf|atk|1
|-ability|p1a: Incineroar|Intimidate|boost
|-unboost|p2a: Incineroar|atk|1
|-unboost|p2b: Dragonite|atk|1
|turn|1
|inactive|causatorres has 30 seconds left.
|inactive|Octorock has 30 seconds left.
|inactive|causatorres has 20 seconds left.
|inactive|Octorock has 20 seconds left.
|inactive|causatorres has 15 seconds left.
|inactive|Octorock has 15 seconds left.
|inactive|Octorock has 10 seconds left.
|inactive|Octorock has 5 seconds left.
|
|t:|1757789381
|switch|p2b: Ursaluna|Ursaluna-Bloodmoon, L50, M|100/100
|move|p1a: Incineroar|Fake Out|p2b: Ursaluna
|-damage|p2b: Ursaluna|94/100
|move|p2a: Incineroar|Parting Shot|p1a: Incineroar
|-unboost|p1a: Incineroar|atk|1
|-unboost|p1a: Incineroar|spa|1
|
|t:|1757789388
|switch|p2a: Sinistcha|Sinistcha, L50|100/100|[from] Parting Shot
|-heal|p2b: Ursaluna|100/100|[from] ability: Hospitality|[of] p2a: Sinistcha
|move|p1b: Farigiraf|Trick Room|p1b: Farigiraf
|-fieldstart|move: Trick Room|[of] p1b: Farigiraf
|
|upkeep
|turn|2
|
|t:|1757789397
|-terastallize|p2a: Sinistcha|Water
|move|p1a: Incineroar|U-turn|p2a: Sinistcha
|-damage|p2a: Sinistcha|90/100
|
|t:|1757789399
|switch|p1a: Torkoal|Torkoal, L50, M|100/100|[from] U-turn
|-weather|SunnyDay|[from] ability: Drought|[of] p1a: Torkoal
|move|p1b: Farigiraf|Psychic|p2b: Ursaluna
|-damage|p2b: Ursaluna|69/100
|move|p2b: Ursaluna|Calm Mind|p2b: Ursaluna
|-boost|p2b: Ursaluna|spa|1
|-boost|p2b: Ursaluna|spd|1
|move|p2a: Sinistcha|Trick Room|p2a: Sinistcha
|-fieldend|move: Trick Room
|
|-weather|SunnyDay|[upkeep]
|-heal|p2b: Ursaluna|74/100|[from] item: Leftovers
|upkeep
|turn|3
|
|t:|1757789419
|switch|p1b: Incineroar|Incineroar, L50, M|100/100
|-ability|p1b: Incineroar|Intimidate|boost
|-unboost|p2a: Sinistcha|atk|1
|-unboost|p2b: Ursaluna|atk|1
|switch|p1a: Lilligant|Lilligant-Hisui, L50, F|100/100
|move|p2a: Sinistcha|Matcha Gotcha|p1b: Incineroar|[spread] p1a,p1b
|-resisted|p1a: Lilligant
|-resisted|p1b: Incineroar
|-damage|p1a: Lilligant|83/100
|-heal|p2a: Sinistcha|98/100|[from] drain|[of] p1a: Lilligant
|-damage|p1b: Incineroar|93/100
|-heal|p2a: Sinistcha|100/100|[from] drain|[of] p1b: Incineroar
|move|p2b: Ursaluna|Earth Power|p1a: Lilligant
|-resisted|p1a: Lilligant
|-damage|p1a: Lilligant|25/100
|
|-weather|SunnyDay|[upkeep]
|-heal|p2b: Ursaluna|80/100|[from] item: Leftovers
|upkeep
|turn|4
|inactive|causatorres has 30 seconds left.
|inactive|Octorock has 30 seconds left.
|inactive|causatorres has 20 seconds left.
|inactive|causatorres has 15 seconds left.
|inactive|causatorres has 10 seconds left.
|inactive|causatorres has 5 seconds left.
|
|t:|1757789473
|switch|p2a: Incineroar|Incineroar, L50, M|100/100
|-ability|p2a: Incineroar|Intimidate|boost
|-unboost|p1a: Lilligant|atk|1
|-unboost|p1b: Incineroar|atk|1
|switch|p1b: Torkoal|Torkoal, L50, M|100/100
|move|p2b: Ursaluna|Protect|p2b: Ursaluna
|-singleturn|p2b: Ursaluna|Protect
|move|p1a: Lilligant|Close Combat|p2b: Ursaluna
|-activate|p2b: Ursaluna|move: Protect
|
|-weather|SunnyDay|[upkeep]
|-heal|p2b: Ursaluna|86/100|[from] item: Leftovers
|upkeep
|turn|5
|inactive|Octorock has 30 seconds left.
|
|t:|1757789499
|switch|p1b: Farigiraf|Farigiraf, L50, M|100/100
|move|p2a: Incineroar|Fake Out||[still]
|cant|p1b: Farigiraf|ability: Armor Tail|Fake Out|[of] p2a: Incineroar
|move|p1a: Lilligant|Close Combat|p2b: Ursaluna
|-supereffective|p2b: Ursaluna
|-damage|p2b: Ursaluna|36/100
|-unboost|p1a: Lilligant|def|1
|-unboost|p1a: Lilligant|spd|1
|move|p2b: Ursaluna|Earth Power|p1a: Lilligant
|-resisted|p1a: Lilligant
|-damage|p1a: Lilligant|0 fnt
|faint|p1a: Lilligant
|
|-weather|SunnyDay|[upkeep]
|-heal|p2b: Ursaluna|42/100|[from] item: Leftovers
|upkeep
|
|t:|1757789504
|switch|p1a: Incineroar|Incineroar, L50, M|93/100
|-ability|p1a: Incineroar|Intimidate|boost
|-unboost|p2a: Incineroar|atk|1
|-unboost|p2b: Ursaluna|atk|1
|turn|6
|inactive|Octorock has 30 seconds left.
|
|t:|1757789539
|switch|p2a: Sinistcha|Sinistcha, L50, tera:Water|100/100
|-heal|p2b: Ursaluna|67/100|[from] ability: Hospitality|[of] p2a: Sinistcha
|move|p1a: Incineroar|Fake Out|p2a: Sinistcha
|-damage|p2a: Sinistcha|89/100
|move|p2b: Ursaluna|Calm Mind|p2b: Ursaluna
|-boost|p2b: Ursaluna|spa|1
|-boost|p2b: Ursaluna|spd|1
|move|p1b: Farigiraf|Trick Room|p1b: Farigiraf
|-fieldstart|move: Trick Room|[of] p1b: Farigiraf
|
|-weather|none
|-heal|p2b: Ursaluna|73/100|[from] item: Leftovers
|upkeep
|turn|7
|
|t:|1757789562
|move|p1b: Farigiraf|Helping Hand|p1a: Incineroar
|-singleturn|p1a: Incineroar|Helping Hand|[of] p1b: Farigiraf
|move|p1a: Incineroar|Knock Off|p2a: Sinistcha
|-damage|p2a: Sinistcha|34/100
|-enditem|p2a: Sinistcha|Sitrus Berry|[from] move: Knock Off|[of] p1a: Incineroar
|move|p2b: Ursaluna|Earth Power|p1a: Incineroar
|-supereffective|p1a: Incineroar
|-damage|p1a: Incineroar|0 fnt
|faint|p1a: Incineroar
|move|p2a: Sinistcha|Trick Room|p2a: Sinistcha
|-fieldend|move: Trick Room
|
|-heal|p2b: Ursaluna|79/100|[from] item: Leftovers
|upkeep
|
|t:|1757789565
|switch|p1a: Torkoal|Torkoal, L50, M|100/100
|-weather|SunnyDay|[from] ability: Drought|[of] p1a: Torkoal
|turn|8
|inactive|causatorres has 30 seconds left.
|
|t:|1757789591
|-terastallize|p1a: Torkoal|Fire
|move|p2a: Sinistcha|Rage Powder|p2a: Sinistcha
|-singleturn|p2a: Sinistcha|move: Rage Powder
|move|p2b: Ursaluna|Earth Power|p1a: Torkoal
|-supereffective|p1a: Torkoal
|-damage|p1a: Torkoal|0 fnt
|faint|p1a: Torkoal
|move|p1b: Farigiraf|Trick Room|p1b: Farigiraf
|-fieldstart|move: Trick Room|[of] p1b: Farigiraf
|
|-weather|SunnyDay|[upkeep]
|-heal|p2b: Ursaluna|85/100|[from] item: Leftovers
|upkeep
|turn|9
|-message|causatorres forfeited.
|
|win|Octorock
|raw|causatorres's rating: 1207 → 1181(-26 for losing)
|raw|Octorock's rating: 1192 → 1218(+26 for winning)
|l|☆causatorres
|player|p1|
|l|☆Octorock
|player|p2|
