|j|☆AlboPalestratoVGC
|j|☆jowemama
|html|AlboPalestratoVGCjowemama    
|uhtml|bestof|Game 3 of a best-of-3
|t:|1756483014
|gametype|doubles
|player|p1|AlboPalestratoVGC|ethan|1127
|player|p2|jowemama|scientistf|1102
|gen|9
|tier|[Gen 9] VGC 2025 Reg H (Bo3)
|rated|
|rule|Species Clause: Limit one of each Pokémon
|rule|Item Clause: Limit 1 of each item
|clearpoke
|poke|p1|Kingambit, L50, M|
|poke|p1|Primarina, L50, F|
|poke|p1|Sneasler, L50, F|
|poke|p1|Magmar, L50, F|
|poke|p1|Rillaboom, L50, F|
|poke|p1|Dragapult, L50, M|
|poke|p2|Pelipper, L50, F|
|poke|p2|Archaludon, L50, M|
|poke|p2|Dragonite, L50, M|
|poke|p2|Incineroar, L50, F|
|poke|p2|Ursaluna, L50, F|
|poke|p2|Sinistcha, L50|
|teampreview|4
|showteam|p1|Kingambit||BlackGlasses|Defiant|KowtowCleave,SuckerPunch,SwordsDance,Protect|||M|||50|,,,,,Dark]Primarina||SitrusBerry|LiquidVoice|HyperVoice,Moonblast,Haze,Protect|||F|||50|,,,,,Poison]Sneasler||FocusSash|Unburden|CloseCombat,DireClaw,FakeOut,Protect|||F|||50|,,,,,Ghost]Magmar||Eviolite|VitalSpirit|Overheat,WillOWisp,FollowMe,Protect|||F|||50|,,,,,Ghost]Rillaboom||AssaultVest|GrassySurge|WoodHammer,GrassyGlide,HighHorsepower,FakeOut|||F|||50|,,,,,Fire]Dragapult||ChoiceBand|ClearBody|DragonDarts,PhantomForce,Outrage,Uturn|||M|||50|,,,,,Dragon
|showteam|p2|Pelipper||FocusSash|Drizzle|WeatherBall,Hurricane,Tailwind,Protect|||F|||50|,,,,,Ghost]Archaludon||AssaultVest|Stamina|FlashCannon,ElectroShot,BodyPress,Snarl|||M|||50|,,,,,Bug]Dragonite||LoadedDice|Multiscale|ScaleShot,Tailwind,Haze,Protect|||M|||50|,,,,,Fairy]Incineroar||SafetyGoggles|Intimidate|KnockOff,WillOWisp,PartingShot,FakeOut|||F|||50|,,,,,Bug]Ursaluna||FlameOrb|Guts|Facade,HeadlongRush,Earthquake,Protect|||F|||50|,,,,,Ghost]Sinistcha||SitrusBerry|Hospitality|MatchaGotcha,LifeDew,RagePowder,TrickRoom||||||50|,,,,,Dark
|inactive|Battle timer is ON: inactive players will automatically lose when time's up. (requested by jowemama)
|inactive|jowemama has 60 seconds left.
|
|t:|1756483056
|teamsize|p1|4
|teamsize|p2|4
|start
|switch|p1a: Dragapult|Dragapult, L50, M, shiny|100/100
|switch|p1b: Sneasler|Sneasler, L50, F|100/100
|switch|p2a: Dragonite|Dragonite, L50, M|100/100
|switch|p2b: Sinistcha|Sinistcha, L50|100/100
|turn|1
|inactive|AlboPalestratoVGC has 30 seconds left.
|
|t:|1756483082
|switch|p2a: Ursaluna|Ursaluna, L50, F|100/100
|move|p1b: Sneasler|Fake Out|p2a: Ursaluna
|-damage|p2a: Ursaluna|88/100
|move|p1a: Dragapult|Phantom Force||[still]
|-prepare|p1a: Dragapult|Phantom Force
|move|p2b: Sinistcha|Trick Room|p2b: Sinistcha
|-fieldstart|move: Trick Room|[of] p2b: Sinistcha
|
|-status|p2a: Ursaluna|brn|[from] item: Flame Orb
|upkeep
|turn|2
|
|t:|1756483106
|switch|p2b: Dragonite|Dragonite, L50, M|100/100
|move|p2a: Ursaluna|Earthquake|p1b: Sneasler|[spread] p1b
|-miss|p2a: Ursaluna|p1a: Dragapult
|-immune|p2b: Dragonite
|-supereffective|p1b: Sneasler
|-enditem|p1b: Sneasler|Focus Sash
|-damage|p1b: Sneasler|1/100
|move|p1a: Dragapult|Phantom Force|p2a: Ursaluna|[from] lockedmove
|-immune|p2a: Ursaluna
|move|p1b: Sneasler|Dire Claw|p2b: Dragonite
|-damage|p2b: Dragonite|76/100
|-status|p2b: Dragonite|psn
|
|-damage|p2b: Dragonite|64/100 psn|[from] psn
|-damage|p2a: Ursaluna|82/100 brn|[from] brn
|upkeep
|turn|3
|
|t:|1756483126
|switch|p1a: Primarina|Primarina, L50, F|100/100
|move|p1b: Sneasler|Protect|p1b: Sneasler
|-singleturn|p1b: Sneasler|Protect
|move|p2a: Ursaluna|Earthquake|p1a: Primarina|[spread] p1a
|-activate|p1b: Sneasler|move: Protect
|-immune|p2b: Dragonite
|-damage|p1a: Primarina|32/100
|-enditem|p1a: Primarina|Sitrus Berry|[eat]
|-heal|p1a: Primarina|57/100|[from] item: Sitrus Berry
|move|p2b: Dragonite|Scale Shot|p1a: Primarina
|-immune|p1a: Primarina
|
|-damage|p2b: Dragonite|52/100 psn|[from] psn
|-damage|p2a: Ursaluna|76/100 brn|[from] brn
|upkeep
|turn|4
|
|t:|1756483142
|switch|p2b: Sinistcha|Sinistcha, L50|100/100
|-heal|p2a: Ursaluna|100/100 brn|[from] ability: Hospitality|[of] p2b: Sinistcha
|move|p1b: Sneasler|Protect||[still]
|-fail|p1b: Sneasler
|move|p1a: Primarina|Hyper Voice|p2a: Ursaluna|[spread] p2a,p2b
|-supereffective|p2a: Ursaluna
|-resisted|p2b: Sinistcha
|-damage|p2a: Ursaluna|39/100 brn
|-damage|p2b: Sinistcha|86/100
|move|p2a: Ursaluna|Earthquake|p1b: Sneasler|[spread] p2b,p1a,p1b
|-resisted|p2b: Sinistcha
|-supereffective|p1b: Sneasler
|-crit|p1b: Sneasler
|-damage|p2b: Sinistcha|55/100
|-damage|p1a: Primarina|0 fnt
|-damage|p1b: Sneasler|0 fnt
|faint|p1a: Primarina
|faint|p1b: Sneasler
|
|-damage|p2a: Ursaluna|33/100 brn|[from] brn
|upkeep
|
|t:|1756483155
|switch|p1a: Dragapult|Dragapult, L50, M, shiny|100/100
|switch|p1b: Magmar|Magmar, L50, F, shiny|100/100
|turn|5
|
|t:|1756483178
|-terastallize|p1b: Magmar|Ghost
|move|p1b: Magmar|Follow Me|p1b: Magmar
|-singleturn|p1b: Magmar|move: Follow Me
|move|p2b: Sinistcha|Life Dew|p2b: Sinistcha|[spread] p2a,p2b
|-heal|p2a: Ursaluna|58/100 brn
|-heal|p2b: Sinistcha|80/100
|move|p2a: Ursaluna|Earthquake|p1a: Dragapult|[spread] p2b,p1a,p1b
|-resisted|p2b: Sinistcha
|-damage|p2b: Sinistcha|49/100
|-damage|p1a: Dragapult|10/100
|-damage|p1b: Magmar|49/100
|-enditem|p2b: Sinistcha|Sitrus Berry|[eat]
|-heal|p2b: Sinistcha|74/100|[from] item: Sitrus Berry
|move|p1a: Dragapult|Outrage|p2a: Ursaluna
|-damage|p2a: Ursaluna|0 fnt
|faint|p2a: Ursaluna
|
|-fieldend|move: Trick Room
|upkeep
|
|t:|1756483196
|switch|p2a: Archaludon|Archaludon, L50, M|100/100
|turn|6
|
|t:|1756483210
|move|p2b: Sinistcha|Rage Powder|p2b: Sinistcha
|-singleturn|p2b: Sinistcha|move: Rage Powder
|move|p1a: Dragapult|Outrage|p2b: Sinistcha|[from] lockedmove
|-damage|p2b: Sinistcha|0 fnt
|faint|p2b: Sinistcha
|move|p1b: Magmar|Overheat|p2a: Archaludon
|-damage|p2a: Archaludon|69/100
|-unboost|p1b: Magmar|spa|2
|-ability|p2a: Archaludon|Stamina|boost
|-boost|p2a: Archaludon|def|1
|move|p2a: Archaludon|Snarl|p1a: Dragapult|[spread] p1a,p1b
|-supereffective|p1a: Dragapult
|-supereffective|p1b: Magmar
|-damage|p1a: Dragapult|0 fnt
|-damage|p1b: Magmar|32/100
|-unboost|p1b: Magmar|spa|1
|faint|p1a: Dragapult
|
|upkeep
|
|t:|1756483222
|switch|p2b: Dragonite|Dragonite, L50, M|52/100 psn
|turn|7
|
|t:|1756483226
|move|p1b: Magmar|Protect|p1b: Magmar
|-singleturn|p1b: Magmar|Protect
|move|p2b: Dragonite|Scale Shot|p1b: Magmar
|-activate|p1b: Magmar|move: Protect
|move|p2a: Archaludon|Snarl|p1b: Magmar
|-activate|p1b: Magmar|move: Protect
|
|-damage|p2b: Dragonite|40/100 psn|[from] psn
|upkeep
|turn|8
|inactive|AlboPalestratoVGC has 30 seconds left.
|
|t:|1756483254
|move|p1b: Magmar|Protect||[still]
|-fail|p1b: Magmar
|move|p2b: Dragonite|Scale Shot|p1b: Magmar
|-damage|p1b: Magmar|20/100
|-damage|p1b: Magmar|6/100
|-damage|p1b: Magmar|0 fnt
|faint|p1b: Magmar
|-hitcount|p1: Magmar|3
|
|win|jowemama
|raw|AlboPalestratoVGC's rating: 1127 → 1100(-27 for losing)
|raw|jowemama's rating: 1102 → 1129(+27 for winning)
|l|☆AlboPalestratoVGC
|player|p1|
|c|☆jowemama|gg
